4074 6374
327 354 400 408 65
1408 343 1475 400 IN
1510 340 1824 399 JOANNEM
1863 342 2093 401 HOMIL.
2135 344 2270 401 Vill.
2311 345 2385 402 al.
2424 346 2534 403 VII.
3515 377 3584 432 (εὖ

325 472 415 526 ιδ.
465 464 622 536 26)?
671 472 725 519 et
780 477 1001 526 rursus,
1047 459 1231 525 Dizi‘,
1297 458 1583 527 Conﬁtebor
1641 460 1905 514 aduersum

324 556 720 628 meinjustitiam
762 570 926 609 meam
971 552 1190 608 Domino
1214 592 1229 615 ,
1273 561 1321 605 et
1365 562 1418 605 tu
1464 552 1697 606 remisisti
1725 554 1904 624 impie-

319 647 657 702 tatemcordis
680 646 778 700 mei
811 644 995 716 (Psal.
1041 645 1131 700 5t.
1175 643 1266 714 5).
1317 643 1502 713 Neque
1533 644 1674 698 enim
1718 659 1903 715 parum

319 742 474 796 nobis
529 739 740 795 confert
788 737 857 793 ad
917 738 1260 793 minuendam
1324 745 1662 807 peccatorum
1707 738 1902 793 molem

319 830 573 901 frequens
602 844 788 886 eorum
825 829 1081 884 memoria
1125 839 1180 884 et
1224 827 1513 882 accusatio.
1565 828 1660 882 Est
1704 838 1759 883 et
1798 827 1902 884 alia

319 923 591 980 efﬁcacior
633 923 754 990 via,
811 923 855 977 si
895 922 1096 979 nemini
1141 920 1326 976 eorum
1351 960 1367 985 ,
1415 920 1505 993 qui
1547 921 1601 975 in
1651 934 1749 973 nos
1777 934 1903 990 pec-

321 1013 1092 1078 esrunt,succenseamus;si
1113 1012 1361 1067 omnibus
1410 1011 1511 1075 iis,
1564 1010 1653 1082 qui
1700 1011 1753 1065 in
1804 1026 1903 1068 nos

319 1105 688 1175 deliquerunt,
732 1104 923 1160 delicta
948 1102 1331 1159 condonemus.
1362 1101 1455 1157 Vis
1479 1110 1533 1157 et
1562 1101 1768 1157 tertiam
1787 1101 1904 1157 edi-

321 1211 472 1255 scere
510 1195 686 1250 viam?
725 1195 866 1251 Audi
910 1195 1182 1250 Dauielem
1222 1193 1490 1250 dicentem
1521 1209 1535 1245 :
1572 1192 1903 1259 Quamobrem

321 1296 524 1361 peccata
543 1296 632 1341 tua
650 1288 976 1357 eleemosynis
1000 1286 1211 1351 redime,
1238 1294 1287 1340 et
1306 1285 1593 1351 iniquitates
1621 1294 1732 1339 tuas
1755 1284 1903 1339 mise-

317 1377 541 1434 ricordia
568 1395 690 1449 erga
721 1394 969 1448 pauperes
1008 1375 1188 1448 (Dan.
1239 1377 1295 1433 4.
1338 1374 1474 1446 24).
1521 1373 1620 1430 Est
1656 1385 1712 1431 et
1755 1376 1857 1430 alia
1880 1417 1896 1441 ,

318 1486 511 1541 uetupe
535 1472 837 1526 orationum
865 1471 1181 1541 frequentia,
1204 1478 1263 1526 et
1288 1468 1342 1523 in
1370 1465 1619 1538 precibus
1638 1466 1704 1522 ad
1727 1467 1895 1522 Deum

314 1565 525 1621 emissis
570 1565 987 1635 perseverantia.
1017 1563 1187 1618 Aﬂert
1210 1564 1371 1618 etiam
1395 1560 1551 1616 nobis
1576 1560 1900 1616 consolatio-

312 1673 435 1715 nem
464 1674 571 1713 non
595 1657 857 1715 modicam
882 1667 937 1712 et
962 1656 1334 1713 remissionem
1374 1661 1713 1724 peccatorum
1756 1652 1897 1721 jeju-

312 1752 486 1815 nium,
518 1752 731 1821 quando
780 1765 900 1805 cum
951 1748 1279 1819 benignitate
1325 1761 1448 1816 erga
1498 1745 1632 1801 alios
1670 1742 1896 1813 conjun-

308 1852 451 1899 ctmu
490 1854 609 1910 est,
657 1853 817 1913 atque
868 1843 962 1898 ira:
1006 1842 1101 1897 Dei
1148 1840 1540 1898 vehementiam
1586 1838 1894 1909 exstinguit.

373 1953 391 1984 ⁸
427 1952 554 2012 Vox,
574 1950 702 2013 dixi,
719 1952 864 2004 deest
885 1956 934 2003 in
952 1951 1095 2005 savii.

307 2049 2948 2076 _——————————.ﬁ—-—°~—_—————

2012 460 2195 532 Ignem
2238 464 2382 519 enim
2420 466 2765 536 ﬂammantem
2809 484 2943 539 aqua
2988 471 3300 543 exstinguat,
3354 484 3403 530 et
3459 480 3593 530 etse-

2010 556 2237 626 mosynis
2260 567 2468 625 peccata
2493 568 2777 631 purgantur
2805 560 2825 631 (
2840 560 3000 617 Eccli.
3031 563 3087 618 5.
3120 563 3190 620 30
3210 561 3252 637 ).
3282 564 3341 622 lu
3361 564 3444 622 bis
3463 582 3594 639 ergo

2010 645 2111 699 viis
2137 647 2388 703 omnibus
2412 648 2740 718 gradiantur.
2760 652 2817 707 Si
2841 653 2984 708 enim
3023 654 3077 709 iu
3116 655 3185 711 iis
3219 670 3440 728 semper
3470 674 3593 713 ver-

2008 749 2210 800 semur,
2234 737 2280 792 si
2305 738 2359 793 in
2379 738 2441 795 iis
2468 754 2628 796 omne
2654 742 2890 798 studium
2918 746 3271 813 insumamus,
3301 763 3407 802 non
3429 748 3590 804 modo

2009 828 2279 895 praeterita
2302 838 2520 899 peccata
2540 832 2840 900 abluemus,
2871 835 2967 890 sed
2995 838 3156 891 etiam
3187 838 3239 892 in
3265 837 3448 893 futuro
3469 854 3587 894 ma-

2007 917 2150 972 xima
2179 918 2523 977 lucrabimur.
2551 922 2734 995 Neque
2757 925 2899 981 enim
2936 926 3151 984 diabolo
3176 929 3351 984 locum
3396 928 3589 985 oﬂ‘ere-

2005 1023 2127 1064 mus
2152 1024 2252 1066 nos
2282 1010 2591 1081 invadendi,
2617 1030 2793 1086 neque
2813 1017 2867 1072 in
2894 1019 3172 1088 segnitiem
3204 1020 3289 1076 vel
3311 1020 3366 1075 in
3406 1020 3587 1092 perni-

2005 1101 2601 1166 ciosam_curiositatem
2628 1107 2946 1165 incidemus.
2977 1110 3080 1165 Per
3110 1110 3226 1166 haec
3249 1111 3394 1167 enim
3422 1120 3584 1181 atque

2004 1192 2150 1260 alia,
2189 1194 2405 1252 insanas
2431 1197 2550 1253 illas
2594 1200 2954 1268 quaestiones,
3003 1202 3293 1271 noxiasque
3343 1201 3584 1272 disputa-

2006 1283 2181 1339 tiones
2210 1284 2447 1355 inducit;
2484 1288 2629 1358 quod
2654 1290 2856 1346 otiosos
2897 1292 3218 1362 desidesque
3261 1292 3479 1361 videat,
3527 1304 3583 1351 et

2004 1375 2205 1430 nullam
2228 1377 2353 1432 vita:
2380 1380 2561 1449 proba:
2585 1395 2770 1436 curam
2798 1394 3068 1453 gerentes.
3092 1385 3161 1441 At
3189 1400 3286 1440 nos
3306 1385 3451 1443 hunc
3503 1387 3579 1443 illi
3655 1404 3663 1415 ·

2004 1466 2208 1521 aditum
2232 1468 2592 1537 obstruamus,
2611 1474 2913 1543 vigilemus,
2940 1477 3102 1532 sobrii
3131 1478 3320 1545 simus,
3351 1489 3409 1533 ut
3435 1490 3580 1550 post-

2002 1571 2161 1626 quam
2188 1557 2291 1615 hoc
2330 1560 2478 1617 brevi
2518 1572 2767 1634 tempore
2809 1567 3076 1623 modicum
3122 1570 3574 1637 laboraverimus,

2002 1648 2392 1706 immortalibus
2416 1667 2511 1722 per
2536 1654 2737 1710 inﬁnita
2763 1658 2957 1713 szecula
2981 1660 3215 1716 fruamur
3241 1661 3396 1718 bonis
3413 1704 3429 1729 ,
3457 1678 3578 1732 gra-

2004 1737 2074 1790 tia
2121 1748 2175 1793 et
2215 1740 2544 1810 benignitate
2592 1745 2801 1801 Domini
2850 1749 3021 1803 nostri
3057 1749 3185 1804 Jesu
3213 1750 3450 1819 Christi,
3480 1768 3577 1823 per
3667 1771 3681 1789 ο

2000 1844 2159 1899 quem
2191 1843 2244 1886 et
2272 1848 2393 1889 cum
2425 1852 2532 1905 quo
2560 1837 2740 1905 Patri,
2766 1848 2818 1894 et
2841 1856 2942 1894 una
2978 1840 3196 1912 Spiritui
3238 1854 3423 1900 sancto
3459 1845 3576 1916 glo-

1999 1919 2076 1975 ria
2097 1960 2112 1986 ,
2145 1921 2203 1976 in
2224 1926 2416 1980 saecula
2442 1929 2783 1987 saeculorum.
2812 1933 3007 1987 Amen.

1649 2120 1978 2187 HOMILIA
2019 2124 2186 2193 VIII.

412 2274 541 2330 Erat
566 2276 659 2330 lux
685 2290 801 2329 vera
820 2314 837 2342 ,
865 2288 978 2345 quae
1001 2271 1257 2326 illuminat
1293 2284 1489 2323 omnem
1528 2265 1781 2320 hominem

685 2369 961 2423 venientem
986 2367 1041 2419 in
1071 2365 1203 2418 hunc
1230 2362 1497 2417 mundum.

376 2463 426 2517 1.
456 2461 686 2517 Christus
712 2477 857 2515 uerus
884 2457 1023 2513 Deus
1043 2468 1137 2513 est.
1178 2454 1303 2526 Ipse
1323 2495 1339 2523 ,
1366 2454 1481 2508 cum
1507 2453 1571 2507 sit
1597 2452 1690 2505 luat
1733 2464 1852 2503 vera
1870 2490 1887 2516 ,

305 2573 394 2617 cur
430 2572 535 2609 non
583 2569 753 2608 omnes
778 2551 1051 2606 illuminat.
1098 2548 1255 2603 Pauli
1302 2544 1619 2603 Samosateni
1664 2541 1886 2597 insania.

306 2648 485 2704 Inanis
507 2646 686 2719 gloria:
705 2645 963 2716 tyrannis.
991 2641 1218 2697 Mundus
1244 2642 1329 2711 qui
1352 2639 1605 2694 Christum
1650 2654 1752 2692 non
1798 2651 1888 2691 co-

307 2739 475 2813 gnovit
500 2779 515 2803 ,
544 2737 678 2805 quis.
707 2734 983 2805 Propheta:
1029 2733 1280 2802 quomodo
1325 2730 1581 2785 Christum
1620 2735 1885 2783 noverunt.

305 2858 372 2875 η-
400 2828 543 2884 Nihil
569 2828 711 2883 enim
734 2826 998 2897 prohibet,
1028 2826 1311 2895 quominus
1340 2822 1497 2878 hodie
1517 2821 1701 2876 eadem
1726 2818 1886 2874 verba

309 2917 692 2989 expendamus,
719 2917 839 2987 quia
863 2931 1033 2986 nuper
1065 2914 1376 2985 dogmatum
1410 2913 1672 2982 expositio
1712 2911 1883 2980 impe-

305 3011 541 3067 dimento
599 3009 731 3076 fuit,
772 3010 1056 3080 quominus
1100 3008 1276 3062 omnia
1327 3022 1448 3077 quae
1491 3007 1629 3061 lecta
1675 3002 1884 3058 fuerant

305 3103 712 3172 explicaremus.
742 3100 843 3156 Ubi
866 3109 990 3155 sunt
1030 3100 1188 3170 igitur
1218 3098 1323 3163 illi,
1349 3092 1438 3168 qui
1485 3096 1673 3151 dicunt
1708 3096 1879 3165 ipsum

304 3210 488 3250 verum
514 3194 684 3249 Deum
713 3208 818 3247 non
845 3192 1010 3247 esse?
1038 3191 1135 3247 Hic
1170 3190 1314 3246 enim
1345 3190 1436 3244 lux
1482 3204 1608 3243 vera
1650 3187 1882 3256 appella-

303 3299 424 3355 tur;
457 3287 584 3342 alibi
615 3300 746 3342 vero
776 3286 889 3355 ipsa
916 3286 1137 3351 veritas,
1169 3283 1281 3355 ipsa
1306 3282 1436 3337 vita.
1474 3280 1669 3336 Verum
1707 3279 1835 3334 illud
1860 3318 1876 3343 ,

301 3397 414 3438 sum
434 3397 500 3437 eo
522 3380 939 3450 pervenerimus,
961 3383 1197 3448 apertius
1226 3375 1592 3447 indagabimus
1626 3392 1639 3429 :
1671 3373 1722 3429 in
1742 3389 1881 3443 pra:-

299 3476 432 3533 senti
483 3484 660 3528 autem
711 3486 929 3527 necesse
972 3479 1054 3527 est
1090 3469 1141 3524 id
1183 3469 1395 3523 interim
1437 3468 1645 3523 caritati
1686 3473 1881 3520 vestrae

298 3579 601 3622 recensere.
629 3563 683 3619 Si
712 3563 970 3618 illuminat
1011 3576 1224 3618 omnem
1260 3561 1532 3616 hominem
1575 3560 1878 3615 venientem

296 3655 348 3715 in
375 3655 522 3711 hunc
552 3655 807 3710 mundum
832 3694 850 3722 ,
877 3653 1147 3725 quomodo
1182 3662 1260 3707 tot
1284 3651 1528 3707 homines
1557 3666 1663 3705 non
1689 3650 1878 3704 illumi-

294 3748 403 3803 nati
435 3757 657 3802 manent
676 3747 700 3801 ?
719 3746 833 3801 Non
854 3747 998 3802 enim
1020 3760 1209 3800 omnes
1237 3742 1438 3799 Christi
1482 3742 1684 3799 cultum
1713 3756 1879 3812 agno-

295 3850 470 3896 scunt.
501 3840 782 3909 Quomodo
825 3854 950 3911 ergo
991 3838 1256 3894 illuminat
1299 3852 1510 3892 omnem
1563 3834 1879 3890 hominem?

295 3934 561 4001 Quantum
591 3933 644 3987 in
676 3930 793 4003 ipso
819 3942 923 3986 est.
964 3929 1021 3985 Si
1046 3929 1136 4000 qui
1160 3944 1290 3982 vero
1331 3937 1523 3998 sponte
1558 3940 1652 3980 sua
1684 3924 1878 3981 mentis

294 4024 481 4080 oculos
503 4022 838 4089 claudentes,
867 4021 1023 4092 hujus
1060 4020 1198 4077 lucis
1243 4019 1425 4075 radios
1466 4019 1747 4089 percipere
1772 4032 1874 4071 no-

296 4117 434 4185 lint,
485 4132 593 4173 non
636 4131 704 4171 ex
743 4123 931 4170 natura
974 4112 1108 4169 lucis
1157 4112 1338 4168 evenit
1385 4111 1523 4182 quod
1557 4111 1609 4165 in
1641 4108 1878 4164 tenebris

295 4217 580 4275 maneant,
617 4207 713 4263 sed
739 4222 807 4263 ex
832 4206 1067 4277 nequitia
1093 4220 1283 4261 eorum
1307 4204 1397 4275 qui
1440 4211 1631 4273 sponte
1671 4217 1732 4258 se
1774 4200 1880 4257 hoe

296 4301 507 4371 privant
534 4313 775 4354 munere.
804 4297 989 4353 Gratia
1016 4298 1217 4366 quippe
1243 4296 1296 4350 in
1324 4309 1512 4350 omnes
1537 4294 1706 4349 effusa
1752 4302 1835 4348 est
1858 4308 1895 4360 ;⁴

297 4410 401 4448 non
427 4391 671 4449 Judaeum
697 4432 714 4458 ,
744 4405 852 4448 non
899 4389 1144 4445 Graecum
1173 4428 1189 4453 ,
1238 4402 1346 4443 non
1399 4386 1722 4452 barbarum,
1767 4399 1874 4439 non

294 4485 569 4557 Scytham,
595 4497 703 4538 non
734 4481 982 4547 liberum,
1007 4496 1112 4535 non
1148 4496 1384 4546 servum,
1414 4495 1520 4534 non
1548 4480 1741 4545 virum,
1770 4492 1876 4533 non

294 4579 598 4641 mulierem,
622 4590 730 4631 non
754 4590 935 4630 senem
959 4615 973 4638 ,
1002 4589 1111 4628 non
1134 4574 1388 4645 juvenem
1422 4580 1698 4627 aversatur
1723 4586 1739 4635 ;
1780 4570 1876 4625 sed

294 4685 482 4725 omnes
508 4669 758 4725 similiter
782 4668 1062 4734 admittit,
1095 4678 1151 4722 et
1174 4681 1295 4722 cum
1324 4665 1436 4736 pari
1465 4673 1621 4720 vocat
1650 4665 1872 4719 honore.

294 4761 393 4829 Qui
418 4776 549 4817 vero
576 4760 765 4816 nolunt
792 4758 894 4815 hoc
919 4758 1020 4813 frui
1050 4757 1192 4813 dono
1214 4800 1230 4824 ,
1260 4756 1397 4812 hanc
1424 4756 1525 4810 sibi
1564 4754 1692 4825 ipsis
1718 4754 1876 4809 caeci-

295 4862 456 4909 tatem
484 4848 1021 4922 imputentoportet.
1061 4850 1194 4904 Cum
1239 4848 1384 4904 enim
1433 4846 1578 4901 aditu
1630 4846 1878 4901 omnibus

294 4953 601 5014 patente,et
621 4957 653 4997 a
679 4941 893 4996 nemine
918 4940 1231 5005 intercluso,
1257 4936 1470 5009 quidam
1492 4953 1559 4993 ex
1581 4935 1881 4991 voluntaria

297 5037 534 5108 nequitia
560 5045 709 5095 extra
738 5043 979 5100 manent,
1006 5032 1042 5087 ii
1072 5047 1172 5089 suo
1186 5040 1388 5088 tantum
1403 5032 1533 5087 vitio
1554 5029 1877 5101 pereuntJn

298 5129 485 5182 mumlo
499 5136 610 5183 erat
640 5141 660 5180 :
685 5135 742 5181 at
766 5140 873 5181 non
901 5136 1173 5195 tamquam
1198 5123 1399 5180 mundo
1418 5133 1723 5180 coaetaneus
1745 5122 1879 5189 ;ab-

295 5222 381 5274 sit.
410 5220 533 5274 Ideo
560 5218 758 5284 intulit,
779 5217 845 5271 Et
874 5218 1093 5271 mundus
1117 5232 1206 5287 per
1227 5218 1395 5287 ipsum
1421 5221 1585 5287 factus
1602 5226 1675 5270 est
1694 5214 1875 5286 (Joan.

299 5310 350 5364 1.
384 5310 512 5380 10);
539 5325 634 5379 per
662 5308 777 5364 haec
805 5323 1017 5363 rursum
1048 5316 1100 5363 te
1126 5306 1330 5362 inducit
1350 5307 1416 5362 ad
1440 5307 1583 5362 illam
1611 5306 1878 5378 Unigeniti

298 5414 422 5459 ante
446 5403 640 5458 saecula
667 5401 1052 5457 exsistentiam.
1082 5399 1214 5455 Nam
1239 5399 1328 5471 qui
1351 5399 1551 5455 audivit
1588 5399 1727 5454 hunc
1755 5399 1879 5454 uni-

300 5508 508 5548 versum
520 5492 776 5548 mundum
792 5491 934 5547 illius
949 5505 1068 5548 esse
1085 5504 1237 5562 Opus,
1256 5489 1464 5545 etiamsi
1487 5503 1646 5545 sensu
1664 5505 1882 5561 prorsus

300 5593 496 5648 careat,
515 5583 733 5639 etiamsi
758 5583 1005 5639 inimicus
1026 5592 1083 5638 et
1107 5581 1445 5638 adversarius
1467 5581 1650 5653 gloria:
1674 5582 1768 5638 Dei
1788 5582 1878 5649 sit,

304 5675 533 5730 attainen
564 5674 698 5729 velit
718 5672 889 5739 nolit,
922 5671 1254 5730 conditorem
1291 5683 1417 5728 ante
1460 5671 1671 5742 epificia
1716 5672 1882 5729 fuisse

309 5764 546 5824 conﬁteri
572 5773 817 5837 cogetur.
852 5763 1210 5834 Quamobrem
1255 5764 1435 5821 mirari
1484 5779 1697 5835 semper
1740 5763 1881 5820 subit

1996 2267 2141 2323 Pauli
2169 2270 2496 2331 Samosateui
2524 2277 2785 2335 insaniam
2805 2321 2819 2345 ,
2852 2283 3123 2352 quomodo
3146 2293 3251 2341 tam
3278 2286 3572 2343 manifestas

1993 2362 2201 2416 veritati
2223 2364 2486 2423 obsistere
2513 2371 2760 2437 potuerit,
2778 2386 3002 2443 seseque
3031 2386 3221 2445 sponte
3244 2378 3567 2448 praecipitem

1993 2448 2218 2508 dederit.
2250 2454 2432 2524 Neque
2452 2458 2593 2514 enim
2620 2475 2685 2515 ex
2706 2462 3021 2531 ignorantia,
3053 2466 3146 2520 sed
3174 2468 3249 2523 rei
3279 2469 3565 2524 admodum

1993 2554 2192 2610 gnarus
2221 2546 2447 2613 erravit,
2483 2564 2589 2605 non
2618 2566 2778 2608 secus
2805 2569 2869 2609 ac
2894 2554 3086 2611 Judaei.
3109 2556 3568 2625 Quemadmodum

1992 2635 2134 2689 enim
2164 2637 2263 2705 illi,
2292 2650 2350 2694 ut
2369 2640 2675 2699 hominibus
2699 2657 3118 2715 assentarentur,
3153 2667 3335 2706 sanam
3382 2652 3568 2724 prodi-

1991 2725 2121 2782 dere
2149 2727 2337 2796 iidem,
2368 2732 2519 2802 gnari
2546 2734 2717 2804 ipsum
2745 2736 3085 2808 Unigenitum
3115 2741 3207 2796 Dei
3236 2756 3383 2807 esse,
3421 2744 3569 2813 prin-

1990 2817 2166 2888 cipum
2187 2836 2313 2877 vero
2339 2832 2482 2879 metu
2513 2825 2564 2881 id
2595 2843 2703 2883 non
2736 2831 3081 2896 conﬁtentes,
3107 2849 3174 2888 ne
3201 2849 3265 2890 ex
3296 2850 3563 2907 synagoga

1990 2911 2313 2980 ejicerentur
2346 2931 2359 2969 :
2393 2916 2463 2971 ita
2494 2925 2548 2972 et
2573 2918 2721 2974 illum
2751 2920 2804 2975 in
2836 2922 3075 2977 mulieris
3112 2925 3409 2995 cujuspiam
3444 2943 3567 2998 gra—

1988 3005 2114 3059 tiam
2136 3046 2152 3070 ,
2205 3006 2433 3063 salutem
2481 3024 2631 3065 suam
2661 3012 2905 3083 inquiunt
2931 3014 3225 3084 prodidisse
3254 3014 3353 3088 (ιι).
3378 3017 3566 3075 Gravis

1987 3096 2130 3149 enim
2154 3137 2169 3163 ,
2199 3092 2375 3166 gravis
2395 3110 2541 3157 certe
2565 3111 2648 3157 est
2677 3103 2851 3160 inanis
2892 3108 3078 3176 gloniae
3119 3108 3356 3178 tyrannis
3375 3148 3389 3174 ,
3444 3125 3564 3181 qum

1988 3191 2156 3258 possit
2176 3194 2334 3246 etiam
2365 3194 2683 3264 sapientium
2722 3198 2908 3253 oculos
2943 3215 3246 3266 excmcare,
3274 3201 3375 3256 nisi
3418 3203 3555 3273 vigi-

1987 3282 2118 3338 lent.
2146 3284 2278 3339 Nam
2306 3286 2353 3342 si
2381 3302 2602 3343 munera
2647 3288 2701 3343 id
2745 3302 3005 3360 possunt,
3059 3293 3228 3348 multo
3269 3296 3436 3364 magis
3477 3293 3564 3350 hic

1984 3374 2207 3432 affectus
2256 3378 2415 3450 longe
2480 3381 2783 3437 violentior.
2846 3382 3053 3440 Idcirco
3097 3385 3297 3441 Judaais
3351 3387 3564 3442 dicebat

1983 3466 2269 3523 Christus:
2300 3472 2564 3535 Quomodo
2594 3474 2801 3543 potestis
2830 3475 3033 3530 credere
3052 3516 3066 3540 ,
3100 3476 3186 3545 qui
3237 3477 3450 3547 gloriam
3497 3480 3583 3533 ab.

1985 3559 2269 3616 hominibus
2295 3564 2526 3632 accipitis
2548 3605 2564 3630 ,
2596 3573 2644 3619 et
2667 3565 2883 3633 gloriam
2903 3607 2919 3633 ,
2948 3581 3061 3636 qua:
3087 3583 3119 3620 a
3146 3567 3255 3621 solo
3295 3550 3406 3622 Deo
3443 3579 3515 3624 est
3541 3609 3559 3637 ,

1982 3668 2084 3709 non
2109 3653 2329 3723 queritis
2361 3652 2554 3724 (Joan.
2582 3654 2635 3709 5.
2670 3653 2773 3725 44)
2797 3657 2821 3708 ?
2846 3655 2935 3711 10.
2962 3656 3029 3709 Ει
3056 3657 3287 3712 mundus.
3313 3674 3427 3712 eum
3456 3676 3578 3714 none

1981 3745 2228 3813 cognouit.
2284 3744 2380 3800 Hic
2432 3746 2689 3800 mundum
2729 3756 2886 3802 vocat
2928 3748 3318 3805 multitudinem
3371 3765 3560 3807 εοηιιτ

1983 3845 2126 3905 ptam
2172 3846 2225 3892 et
2250 3838 2480 3892 terrenis
2508 3838 2666 3894 rebus
2694 3838 2987 3894 inhiantem
3013 3882 3029 3906 ,
3060 3841 3266 3896 turbam
3287 3883 3302 3908 ,
3332 3834 3588 3914 vulgush'

1985 3926 2331 3997 insipientem
2360 3929 2634 4000 populum.
2662 3927 2795 3985 Nam
2824 3931 2919 3986 Dei
2954 3932 3112 3987 amici
3137 3942 3192 3988 et
3220 3933 3570 3993 admirabiles

1983 4021 2083 4075 viri
2114 4036 2304 4076 omnes
2324 4021 2493 4091 ipsum
2521 4063 2535 4087 ,
2563 4021 2723 4077 etiam
2749 4034 2873 4078 ante
2898 4023 3313 4082 incarnationem
3334 4068 3349 4091 ,
3392 4042 3569 4083 noven

1982 4122 2121 4167 rant.
2148 4112 2221 4167 De
2242 4113 2542 4183 patriarcha
2564 4115 2763 4183 quippe
2792 4117 3103 4170 nominatim
3127 4116 3255 4171 dicit
3274 4116 3516 4173 Christus
3541 4138 3556 4177 :

1980 4203 2240 4257 Abraham
2263 4214 2404 4274 pater
2428 4215 2586 4259 vester
2612 4207 2899 4271 exsultavit,
2916 4216 2970 4260 ut
2994 4207 3177 4262 uideret
3203 4209 3337 4262 diem
3362 4226 3559 4265 meum:

1982 4302 2028 4351 et
2052 4296 2193 4359 vidit,
2221 4305 2267 4349 et
2294 4297 2494 4365 gavisus
2521 4307 2593 4351 est
2631 4296 2823 4368 (Joan.
2848 4298 2901 4353 8.
2930 4297 3060 4369 56).
3103 4300 3178 4353 De
3224 4300 3423 4357 Davide
3464 4317 3560 4357 au-

1983 4394 2088 4440 tem
2116 4384 2333 4442 Iudaeos
2362 4387 2643 4442 confutans
2677 4407 2691 4442 :
2727 4389 2989 4456 Quomodo
3015 4406 3133 4459 ergo
3160 4388 3328 4445 David
3355 4393 3409 4447 in
3435 4392 3561 4464 Spio

1980 4478 2081 4531 ritu
2108 4488 2249 4532 uocat
2273 4494 2385 4531 eum
2413 4476 2719 4545 Dominum,
2747 4481 2917 4533 dicens
2935 4496 2954 4533 :
2982 4478 3125 4534 Dixit
3176 4478 3421 4537 Dominus
3446 4482 3559 4539 Do-

1981 4571 2118 4623 mina
2146 4586 2253 4623 meo
2276 4609 2291 4633 ,
2322 4569 2456 4625 Sede
2484 4587 2517 4624 a
2542 4571 2732 4626 dextris
2759 4573 2880 4625 meis
2906 4572 2925 4642 (
2947 4571 3137 4629 Matth.
3162 4573 3255 4628 9.2.
3294 4575 3385 4631 45.
3416 4577 3486 4634 44
3504 4577 3561 4647 )?

1980 4660 2059 4715 Ac
2088 4674 2231 4728 saepe
2257 4658 2363 4715 illis
2392 4660 2662 4716 obsistens
2691 4701 2707 4727 ,
2740 4661 2973 4733 Moysem
3001 4675 3283 4721 memorat.
3318 4666 3393 4723 De
3430 4670 3560 4724 reli-

1980 4752 2099 4823 quis
2124 4767 2252 4807 vero
2284 4753 2558 4821 prophetis
2585 4753 2879 4823 apostolus.
2901 4752 3100 4810 Omnes
3112 4756 3253 4811 enim
3271 4758 3561 4828 prephetas

1980 4860 2011 4899 a
2040 4843 2289 4900 Samuele
2318 4845 2466 4901 illum
2493 4845 2808 4915 cognovisse
2831 4886 2847 4910 ,
2876 4855 2931 4902 et
2980 4847 3265 4904 adventum
3307 4848 3425 4920 ejus
3468 4851 3563 4907 diu

1980 4946 2106 4991 aute
2134 4938 2522 5005 praenuntiasse
2548 4936 2681 4993 dicit
2710 4936 2902 4992 Petrus
2931 4936 3015 4993 his
3039 4940 3217 4994 verbis
3244 4956 3259 4994 :
3292 4940 3361 4994 Et
3387 4959 3563 4998 omnes

1982 5031 2241 5100 propheta:
2264 5046 2295 5083 a
2316 5030 2558 5086 Samuele
2589 5039 2636 5085 et
2660 5030 2893 5102 deinceps
2911 5032 2998 5102 qui
3037 5033 3227 5103 loquuti
3264 5044 3417 5103 sunt,
3461 5052 3563 5090 an-

1983 5122 2338 5177 nuntiaverunt
2366 5122 2472 5178 dies
2492 5122 2614 5177 istos
2640 5122 2792 5191 (Act.
2819 5123 2873 5178 5.
2903 5122 3035 5196 24).
3056 5122 3257 5181 Iacobo
3286 5135 3464 5183 autem
3510 5136 3566 5183 ct

2047 5274 2120 5338 (α)
2152 5274 2423 5338 ριιοὰίίιίοἱῐ
2460 5273 2864 5338 (ἷιπςςοειοιῃιιεᾲ,
2905 5273 3105 5324 Paulum
3125 5282 3487 5326 Samosatenum
3512 5278 3564 5328 in

1983 5336 2205 5387 mulieris
2227 5337 2473 5399 cujusdam
2513 5336 2717 5398 gratiam
2735 5373 2750 5398 ,
2774 5336 2984 5399 salutem
3004 5350 3141 5399 suam
3168 5338 3438 5399 prodidisse
3456 5376 3470 5398 ,
3497 5341 3565 5389 de

1983 5400 2189 5449 Zeuohia
2212 5396 2795 5462 Palmyrenorumregina
2817 5396 3029 5462 intelligi
3048 5396 3218 5453 debet.
3233 5412 3344 5462 quae
3366 5396 3563 5462 mulum

1984 5458 2652 5523 Samosatenum'aliquamdiu
2664 5458 3031 5523 protexit.Qu6d
3049 5468 3213 5510 autem
3226 5458 3564 5523 dicit,Paulum

1984 5524 2031 5572 in
2044 5522 2262 5572 mulieris
2276 5522 2406 5571 illius
2426 5524 2646 5583 gratiam,
2662 5522 2715 5572 et
2730 5529 2893 5571 contra
2904 5532 3058 5583 quam
3081 5523 3186 5583 ipse
3200 5523 3450 5576 sentiebat
3465 5524 3565 5574 bte-

1984 5537 2031 5572 in
2044 5535 2262 5572 muneris
2276 5535 2406 5571 unus
2426 5535 2646 5632 (genam,
2662 5535 2715 5572 et
2730 5535 2893 5571 contra
2914 5535 3058 5583 quam
3081 5535 3186 5583 ipse
3200 5535 3450 5576 senuenat
3465 5535 3564 5574 nte-

1984 5586 2146 5657 resim.
2159 5584 2288 5657 illam
2305 5590 2444 5657 protu
2468 5586 2579 5657 's_se_,
2603 5585 2771 5657 nescio
2789 5596 2851 5657 an
2872 5582 2996 5657 alius
3008 5595 3240 5657 umquam
3255 5584 3454 5657 dixerit:
3481 5586 3564 5657 In-

1984 5653 2062 5695 ter
2086 5646 2180 5696 alia
2192 5645 2355 5696 autem
2386 5646 2581 5696 dicebat
2601 5646 2772 5695 Paulus
2790 5651 3128 5695 Samosatenus
3161 5645 3328 5696 Filium
3349 5646 3401 5696 iu
3426 5653 3564 5698 Patre

1985 5709 2183 5771 quidem
2217 5720 2333 5772 esse
2352 5722 2370 5772 ;Δ
2401 5708 2492 5772 sed
2524 5720 2639 5772 non
2671 5721 2923 5772 ιννιόσςιατον,
2944 5720 3057 5772 non
3078 5706 3353 5772 hypostasin
3377 5705 3570 5760 habere.

1986 5767 2141 5832 suam,
2165 5769 2292 5834 quod
2316 5767 2376 5821 ad
2398 5767 2596 5821 sabellii
2627 5770 2843 5822 haeresin
2864 5767 3144 5821 accedebat.
