4074 6374
492 469 628 535 patri
654 508 669 534 ,
704 480 912 523 necnon
930 474 985 521 et
1001 478 1102 520 avo
1127 463 1243 533 ejus
1261 502 1277 528 ,
1307 470 1363 517 et
1402 459 1550 515 visus
1579 467 1634 513 et
1659 457 1911 527 loquutus
1936 463 2019 510 est
2042 495 2060 520 ,

489 562 660 631 iisque
686 559 847 613 multa
875 568 929 613 et
948 571 1136 628 magna
1164 569 1223 610 se
1249 553 1495 608 daturum
1521 559 1605 605 est
1631 548 1921 620 pollicitus,
1949 561 2070 617 qua:

491 655 652 708 etiam
677 660 1000 720 exsequutus
1029 656 1130 703 est.
1162 644 1443 714 Quomodo
1469 658 1598 713 ergo
1623 684 1638 709 ,
1667 640 1876 711 inquies
1898 682 1915 705 ,
1955 640 2071 709 ipse

488 744 661 806 dixit,
694 740 847 796 Multi
871 740 1132 812 propheta:
1156 737 1419 792 voluenmt
1446 735 1614 789 videre
1636 748 1750 804 qua:
1778 730 1953 786 videtis
1972 773 1988 799 ,
2020 739 2068 783 et

486 852 591 887 non
613 834 841 887 viderunt
861 873 876 897 ,
901 842 948 885 et
973 831 1149 884 audire
1170 844 1285 900 qum
1318 827 1506 881 auditis
1525 868 1541 893 ,
1573 836 1621 880 et
1659 842 1762 879 non
1798 813 2094 877 audierunt'

487 925 506 993 (
537 923 657 977 Luc.
688 923 776 977 10.
805 921 876 975 24
896 920 952 991 )ΐ
977 921 1166 975 Annon
1208 917 1424 973 fuerunt
1454 918 1572 986 ejus
1596 914 1919 985 cognitionis
1946 928 2069 983 par-

488 1014 714 1084 ticipes?
739 1012 977 1067 Fuerunt
1001 1018 1148 1065 certe
1176 1028 1190 1062 :
1218 1009 1379 1079 idque
1403 1023 1469 1063 ex
1497 1008 1599 1062 hoc
1630 1007 1771 1072 loco,
1800 1005 1945 1060 unde
1972 1020 2070 1073 pu-

489 1115 603 1162 tant
631 1104 842 1177 quidam
874 1105 1019 1174 ipsos
1068 1103 1166 1157 hac
1191 1101 1492 1172 cognitione
1535 1100 1769 1170 privatos
1790 1139 1807 1165 ,
1840 1097 2067 1153 demon-

489 1211 665 1254 strare
698 1197 935 1252 tentabo.
966 1194 1121 1250 Multi
1149 1194 1290 1249 enim
1310 1236 1325 1260 ,
1366 1192 1569 1263 inquit,
1611 1191 1875 1244 voluerunt
1902 1188 2070 1243 videre

487 1308 601 1360 qua:
623 1291 821 1345 videtis.
852 1290 1036 1360 Itaque
1062 1288 1311 1342 viderunt
1340 1300 1460 1341 eum
1491 1285 1556 1339 ad
1583 1283 1849 1338 homines‘
1875 1290 2067 1337 ventu-

489 1400 605 1440 rum
635 1399 784 1445 esse,
816 1393 871 1437 et
898 1397 960 1437 ea
987 1381 1413 1450 dispensatur-um
1436 1392 1555 1446 qua:
1576 1390 1699 1430 vere
1719 1373 2065 1444 dispensavit.

486 1475 671 1545 Neque
711 1474 888 1539 enim,
928 1472 1031 1527 nisi
1058 1471 1354 1534 novissent,
1394 1468 1574 1522 videre
1618 1465 2065 1535 concupivissent.

489 1566 657 1621 Nemo
678 1565 821 1620 enim
847 1578 1034 1620 eorum
1056 1602 1073 1628 ,
1100 1576 1328 1631 quorum
1359 1559 1605 1616 notitiam
1630 1572 1737 1612 non
1768 1556 1945 1621 habet,
1974 1555 2070 1610 de-

492 1657 694 1713 siderio
721 1657 836 1726 capi
865 1663 1058 1726 potest.
1090 1653 1273 1723 itaque
1303 1658 1668 1721 cognoverunt
1688 1649 1879 1704 Filium
1928 1648 2022 1703 Dei
2048 1688 2066 1715 ,

489 1758 546 1806 et
566 1759 846 1804 venturum
877 1762 1000 1801 eum
1029 1744 1095 1799 ad
1125 1745 1370 1799 homines
1413 1757 1532 1798 esse
1581 1750 1866 1797 noverunt.
1908 1739 2067 1807 Quaa-

488 1856 616 1897 nam
641 1854 771 1911 ergo
799 1847 1063 1908 suntquae
1083 1836 1393 1891 nescierunt
1414 1876 1429 1901 ,
1460 1845 1514 1889 et
1540 1848 1786 1904 quaenam
1812 1847 1931 1902 qua:
1961 1848 2069 1887 non

488 1931 811 1989 audierunt?
854 1930 981 1985 Haec
1026 1944 1144 2000 quae
1196 1943 1336 1983 nunc
1385 1941 1483 1983 vos
1525 1926 1719 1981 videtis
1763 1935 1817 1981 et
1851 1924 2068 1980 auditis.

488 2026 642 2095 Quod
664 2025 708 2079 si
733 2024 808 2077 illi
842 2031 897 2077 et
919 2038 1103 2079 vocem
1126 2022 1241 2091 ejus
1262 2021 1561 2085 audierunt,
1585 2026 1641 2074 et
1657 2017 1903 2073 viderunt
1921 2032 2067 2083 eum,

488 2127 546 2170 at
570 2133 677 2171 non
704 2116 756 2170 in
781 2130 972 2179 carne,
1005 2128 1178 2183 neque
1220 2114 1294 2167 ita
1336 2126 1458 2166 cum
1500 2109 1803 2164 hominibus
1852 2123 2072 2163 versan-

492 2217 631 2271 tem,
689 2220 859 2274 neque
915 2214 1019 2258 tam
1066 2204 1230 2259 libere
1270 2217 1392 2257 cum
1444 2200 1574 2272 ipsis
1602 2200 1929 2269 loquentem.
1959 2196 2072 2252 lloc

489 2300 651 2369 igitur
677 2308 731 2353 et
755 2300 868 2368 ipse
897 2297 1201 2368 signiﬁcans
1230 2310 1335 2349 non
1363 2294 1675 2364 simpliciter
1700 2292 1858 2358 dixit,
1882 2292 2072 2362 Cupie-

489 2400 615 2445 runt
638 2389 821 2444 videre
850 2404 967 2454 me;
995 2387 1090 2442 sed
1118 2386 1279 2456 quid?
1326 2386 1453 2453 Quae
1498 2401 1585 2439 vos
1635 2385 1848 2450 uidetis;
1895 2398 2068 2453 neque

490 2484 677 2539 audire
697 2498 811 2548 me;
840 2481 933 2537 sed
959 2481 1120 2550 quid?
1146 2480 1271 2544 Quw
1315 2494 1401 2533 vos
1452 2479 1657 2532 auditis.
1712 2477 1890 2547 Itaque
1947 2476 2073 2530 licet

490 2576 608 2645 ejus
637 2576 688 2629 in
719 2589 879 2628 carne
904 2574 1189 2627 adventum
1221 2586 1326 2624 non
1355 2570 1604 2636 viderint,
1638 2569 1870 2623 futurum
1895 2578 2069 2623 tamen

492 2680 614 2722 esse
658 2674 953 2729 noverunt,
1002 2678 1159 2733 quem
1200 2661 1383 2718 videre
1406 2660 1726 2731 cupiebant;
1760 2659 1812 2713 in
1843 2672 2072 2728 eumque

492 2760 818 2825 credebant,
853 2760 977 2813 licet
1004 2759 1154 2812 illum
1182 2757 1233 2810 in
1261 2771 1422 2812 carne
1468 2769 1575 2809 non
1622 2752 1900 2807 vidissent.
1937 2750 2071 2806 Cum

491 2855 671 2924 itaque
692 2868 789 2907 nos
812 2851 1041 2922 gentiles
1067 2848 1432 2904 accusaverim
1453 2846 1691 2901 dicentes
1713 2863 1724 2897 :
1744 2843 1877 2910 Quid
1904 2842 2071 2915 priori

490 2944 583 2999 illo
612 2952 852 3012 tempore
880 2941 1106 2995 faciebat
1132 2940 1395 3003 Christus,
1425 2951 1545 2992 cum
1575 2935 1809 2992 nondum
1838 2934 2070 2988 humano

490 3036 675 3107 generi
706 3021 1075 3105 prospiceret?
1106 3041 1159 3087 et
1180 3047 1275 3087 cur
1301 3040 1545 3086 extremo
1574 3039 1817 3100 tempore
1849 3029 1993 3083 venit
2014 3036 2071 3082 ut

492 3136 690 3184 nostra:
719 3126 877 3182 saluti
923 3125 1266 3196 provideret,
1318 3134 1595 3195 postquam
1634 3132 1781 3178 tanto
1830 3131 2072 3192 tempore

492 3235 591 3275 nos
617 3218 958 3289 neglexerat?
987 3217 1429 3288 respondebimus
1453 3259 1469 3285 ,
1517 3217 1693 3287 ipsum
1744 3216 1904 3271 etiam
1946 3224 2071 3270 ante

493 3309 781 3363 adventum
812 3307 961 3362 illum
992 3308 1043 3361 in
1074 3306 1271 3361 mundo
1294 3306 1488 3371 fuisse,
1520 3306 1585 3361 de
1611 3306 1864 3376 operibus
1903 3304 1970 3359 ab
2012 3320 2071 3359 se

493 3398 712 3455 edendis
740 3399 886 3469 prius
913 3398 1175 3468 cogitasse
1198 3438 1212 3461 ,
1248 3406 1406 3467 atque
1436 3397 1539 3451 illis
1586 3398 1833 3454 omnibus
1884 3396 2069 3468 cogni-

491 3499 604 3544 tum
634 3489 795 3544 fuisse
816 3531 830 3557 ,
861 3489 951 3559 qui
982 3488 1081 3544 hac
1110 3488 1415 3560 cognitione
1439 3489 1581 3559 digni
1615 3499 1786 3544 erant.
1830 3490 1979 3558 Quod
2026 3492 2070 3545 si

489 3582 612 3651 quia
642 3595 747 3635 non
770 3581 1017 3636 omnibus
1045 3590 1168 3634 tunc
1196 3591 1350 3636 notus
1376 3578 1495 3644 fuit,
1526 3581 1621 3635 sed
1657 3582 1835 3651 probis
1867 3590 2067 3635 tantum

489 3683 546 3729 et
596 3674 791 3729 virtute
835 3674 1100 3743 prmditis,
1154 3674 1275 3729 ideo
1321 3674 1497 3729 dicitis
1547 3674 1695 3729 illum
1744 3676 2069 3746 incognitum

487 3765 654 3821 fuisse
674 3808 690 3833 ,
718 3764 908 3821 eadem
937 3766 1145 3819 ratione
1175 3764 1347 3835 ipsum
1375 3780 1518 3821 nunc
1544 3780 1759 3836 quoque
1786 3780 1891 3820 non
1937 3766 2069 3821 ado-

491 3857 596 3911 rari
635 3857 703 3911 ab
742 3857 1044 3911 hominibus
1088 3856 1328 3913 dixeritis
1353 3898 1368 3922 ,
1417 3858 1539 3928 quia
1584 3858 1744 3913 etiam
1792 3873 1936 3914 nunc
1961 3873 2067 3914 non

487 3962 678 4002 omnes
707 3947 880 4016 ipsum
913 3956 1196 4002 noverunt.
1227 3946 1331 4003 Sed
1370 3947 1819 4017 quemadmodum
1847 3948 1899 4003 in
1933 3964 2070 4018 prte-

488 4040 625 4097 senti
643 4054 822 4107 nemo,
838 4039 958 4110 quia
985 4054 1015 4093 a
1039 4039 1218 4094 multis
1235 4040 1523 4111 ignoratur,
1545 4040 1714 4109 ipsum
1735 4055 1766 4095 a
1783 4039 1963 4095 multis
1979 4056 2071 4095 co-

484 4129 670 4201 gnosci
691 4131 994 4200 negaverit:
1016 4131 1093 4185 sic
1118 4146 1291 4201 neque
1308 4131 1655 4187 dubitandum
1683 4141 1764 4187 est
1784 4134 1955 4202 ipsum
1978 4147 2069 4187 su-

488 4221 786 4288 perioribus
812 4220 915 4275 illis
932 4221 1280 4290 temporibus,
1302 4238 1333 4277 a
1356 4223 1556 4291 multis,
1582 4224 1690 4279 imo
1708 4224 1867 4279 etiam
1890 4224 2067 4293 probis

488 4310 593 4363 illis
626 4319 680 4365 et
725 4311 1055 4365 admirandis
1106 4311 1234 4366 viris
1279 4314 1525 4369 omnibus
1570 4314 1842 4384 cognitum
1882 4314 2065 4371 fuisse.

557 4402 612 4455 9..
643 4402 796 4469 Quod
828 4404 871 4459 si
904 4404 1021 4473 quis
1054 4399 1291 4472 dixerit,
1321 4402 1427 4460 Cur
1456 4421 1562 4461 non
1595 4421 1783 4461 onmes
1814 4416 1940 4462 tunc
1965 4408 2067 4477 ipsi

488 4492 856 4559 adhazscrunt,
885 4511 1058 4565 neque
1078 4511 1266 4552 omnes
1293 4498 1464 4566 ipsum
1492 4499 1773 4553 coluerunt
1797 4542 1814 4566 ,
1838 4500 1931 4554 sed
1962 4499 2067 4554 soli

484 4585 656 4653 justi?
681 4586 994 4641 sciscitabar
1018 4596 1073 4642 et
1096 4603 1195 4658 ego
1214 4628 1232 4655 ,
1258 4588 1366 4642 Cur
1387 4590 1549 4644 etiam
1581 4608 1721 4647 nunc
1743 4608 1850 4646 non
1878 4608 2067 4650 omnes

488 4676 659 4743 ipsum
684 4674 985 4732 noverunt?
1003 4679 1204 4750 Ecquid
1230 4680 1298 4736 de
1317 4680 1528 4735 Christo
1554 4683 1784 4753 loquor?
1808 4683 1939 4739 Nam
1964 4685 2068 4740 l‘a-

490 4775 624 4819 trem
660 4782 871 4838 quoque
899 4770 1015 4838 ejus
1051 4786 1148 4824 cur
1187 4786 1292 4825 non
1322 4786 1509 4827 omnes
1550 4783 1604 4827 et
1647 4783 1773 4829 tunc
1813 4785 1867 4830 et
1908 4777 2067 4831 hodie

486 4860 787 4914 noverunt?
827 4859 1023 4915 Verum
1064 4863 1153 4915 alii
1200 4865 1379 4916 omnia
1420 4877 1620 4919 temere
1668 4865 1795 4919 ferri
1835 4865 2058 4932 dicunt;

485 4950 577 5004 alii
607 4949 939 5006 daemonibus
968 4953 1206 5008 universi
1233 4954 1620 5022 providentiam
1649 4955 1918 5010 tribuunt:
1942 4964 2067 5011 sunt

485 5043 647 5097 etiam
676 5041 806 5108 alii,
833 5043 924 5112 qui
964 5052 1158 5111 prater
1182 5043 1324 5099 hunc
1353 5045 1515 5099 Deum
1542 5086 1558 5111 ,
1591 5045 1753 5099 alium
1782 5046 1885 5100 sibi
1914 5061 2063 5101 com-

482 5133 841 5218 miniscuqtur
860 5150 874 5187 :
894 5148 959 5188 ex
983 5134 1046 5187 iis
1065 5134 1280 5203 quidam
1307 5134 1663 5190 adversariam
1694 5137 1804 5192 Deo
1824 5148 2063 5207 potesta-

481 5239 592 5282 tem
618 5241 739 5282 esse
760 5226 1162 5295 blasphemant,
1192 5238 1247 5281 et
1265 5227 1409 5297 leges
1433 5228 1548 5297 ejus
1565 5229 1783 5299 maligni
1804 5230 2064 5285 daemonis

481 5334 604 5373 esse
633 5326 845 5388 putant.
888 5317 1026 5385 Quid
1065 5318 1261 5388 igitur?
1301 5336 1426 5374 num
1467 5321 1588 5376 ideo
1619 5320 1860 5377 dicemus
1891 5322 2062 5377 Deum

483 5423 590 5463 non
631 5425 786 5477 esse,
828 5412 951 5479 quia
993 5411 1206 5481 quidam
1251 5411 1353 5468 hoc
1382 5413 1607 5467 dicunt?
1636 5429 1763 5469 num
1794 5426 1847 5470 et
1889 5416 2064 5486 ipsum

483 5500 684 5553 malum
709 5516 827 5556 esse
852 5501 1251 5569 conﬁtebimur,
1283 5504 1407 5573 quia
1435 5505 1648 5574 quidam
1675 5506 1727 5561 id
1752 5506 1915 5575 impie
1936 5521 2062 5576 pro-

484 5592 517 5645 ti
528 5594 745 5647 tentur?
776 5596 957 5666 Apage
981 5596 1259 5652 stultitiam
1290 5605 1688 5668 extremamque
1711 5598 2056 5654 dementiam.

550 5720 567 5752 ι
594 5717 913 5795 SavilLIegit,
934 5727 995 5795 de
1019 5722 1168 5790 me,
1191 5742 1297 5793 pro,
1315 5730 1380 5779 ad
1394 5728 1627 5795 homines.
1654 5738 1709 5783 At
1727 5744 1790 5782 ex
1806 5732 1997 5785 duobus
2018 5731 2059 5783 si

485 5783 696 5834 alterum
715 5783 919 5850 dicatur,
948 5783 1165 5842 alterum
1193 5783 1592 5855 Suh'intclligitur.

405 404 411 412 .
494 354 562 411 67
1236 346 1293 403 S.
1333 341 1609 401 JOANNIS
1645 336 2114 398 CHRYSOSTOMI
2152 338 2474 398 ARCHIEP.
2510 339 3043 399 CONSTANTINOP.
3684 340 3752 397 68

2181 453 2313 509 Nam
2340 452 2387 510 si
2414 471 2481 511 ex
2514 455 2801 510 furentium
2834 455 3037 526 judicio
3073 455 3319 526 dogmata
3350 463 3707 512 statueremus
3731 499 3753 528 ,

2182 549 2315 604 nihil
2344 550 2559 606 obesset
2584 551 2869 620 quominus
2894 560 2949 605 et
2974 550 3072 619 ipsi
3116 550 3293 605 furore
3321 550 3633 620 gravissimo
3658 550 3755 607 du-

2180 656 2444 697 ceremur.
2472 641 2636 698 Certe
2662 658 2823 699 nemo
2852 644 3019 697 solem
3045 652 3232 696 natura
3256 657 3349 696 sua
3376 642 3546 697 oculis
3576 644 3755 713 perni-

2145 797 2152 803 _
2181 733 2385 787 ciosum
2414 748 2533 789 esse
2560 734 2795 800 dixerit,
2832 736 2953 805 quia
2994 734 3236 788 nonnulli
3266 735 3432 789 oculis
3467 735 3749 802 laborant;

2179 824 2273 879 sed
2305 824 2510 879 lucidus
2537 825 2732 879 dicitur
2751 840 2817 880 ex
2843 841 3028 881 eorum
3049 826 3141 895 qui
3168 840 3327 880 sanos
3354 827 3538 882 oculos
3558 826 3756 882 habent

2177 914 2380 984 judicio
2411 933 2423 968 :
2453 916 2555 970 mel
2578 931 2788 986 quoque
2815 932 2974 971 nemo
2999 931 3238 971 amarum
3267 917 3495 981 dixerit,
3522 918 3645 988 quia
3673 918 3754 973 in-

2177 1007 2346 1061 ﬁrmis
2374 1008 2691 1077 quibusdam
2720 1008 2823 1063 tale
2845 1009 3053 1063 videtur
3071 1024 3219 1075 esse;
3242 1019 3295 1064 et
3308 1009 3473 1064 Deum
3497 1020 3669 1066 tamen
3688 1024 3755 1065 ex

2178 1099 2513 1155 infirmorum
2539 1101 2791 1169 opinione
2821 1102 2902 1156 vel
2929 1116 3033 1156 non
3062 1116 3183 1157 esse
3207 1145 3221 1169 ,
3249 1103 3334 1157 vel
3361 1103 3557 1156 malum
3589 1118 3710 1157 esse
3734 1145 3751 1169 ,

2175 1191 2258 1246 vel
2304 1192 2461 1246 modo
2513 1194 2793 1261 providere
2815 1234 2828 1257 ,
2859 1194 3017 1248 modo
3053 1208 3156 1248 non
3199 1194 3511 1264 providere,
3542 1195 3753 1263 quidam

2180 1283 2646 1351 pronuntiabunt?
2678 1284 2873 1353 Ecquis
2902 1286 3021 1339 illos
3047 1300 3189 1340 sanae
3218 1287 3412 1340 mentis
3437 1301 3557 1340 esse
3577 1286 3755 1341 dicat?

2175 1374 2297 1444 quis
2325 1389 2428 1428 non
2468 1374 2695 1431 furiosos
2727 1386 2781 1432 et
2817 1386 3054 1433 extrema
3084 1377 3348 1433 dementia
3393 1386 3576 1447 captos
3600 1377 3753 1433 dixe-

2182 1467 2297 1521 rit?
2342 1466 2568 1523 Mundus
2608 1484 2720 1523 eum
2745 1485 2846 1523 non
2882 1471 3111 1541 cognovit
3132 1511 3149 1536 ,
3177 1462 3402 1540 inquies.
3438 1470 3544 1525 Sed
3575 1470 3609 1525 ii
3638 1471 3755 1539 qui-

2180 1559 2279 1613 bus
2307 1559 2499 1630 dignus
2528 1576 2634 1616 non
2661 1571 2777 1618 erat
2800 1562 3029 1618 mundus
3049 1604 3063 1626 ,
3096 1562 3269 1633 ipsum
3302 1574 3583 1618 noverunt.
3619 1562 3753 1620 Cum

2177 1662 2353 1707 autem
2388 1660 2651 1708 memorat
2688 1668 2783 1709 eos
2823 1656 2914 1725 qui
2956 1655 3128 1724 ipsum
3164 1670 3271 1710 non
3306 1665 3600 1720 noverunt,
3631 1670 3753 1711 car-

2179 1743 2311 1813 ptim
2339 1743 2652 1814 ignorantia:
2679 1758 2892 1800 causam
2922 1744 3139 1801 indicat.
3166 1745 3349 1816 Neque
3377 1748 3517 1802 enim
3552 1747 3755 1817 simpli-

2176 1836 2313 1890 citer
2352 1835 2520 1902 dixit,
2559 1835 2727 1891 Nemo
2767 1837 2939 1907 ipsum
2985 1836 3170 1902 novit;
3197 1837 3328 1903 sed,
3370 1836 3598 1894 Mundus
3636 1854 3754 1893 eum

2178 1944 2281 1982 non
2323 1928 2593 1999 cognovit;
2624 1926 2682 1983 id
2722 1937 2834 1991 est,
2862 1928 2897 1982 ii
2934 1927 3179 1985 homines
3205 1929 3296 2000 qui
3324 1929 3523 1984 mundo
3549 1938 3752 1985 tantum

2178 2021 2424 2087 haerent,
2456 2031 2512 2077 et
2554 2037 2616 2077 ea
2661 2038 2782 2093 quae
2821 2023 3003 2078 mundi
3045 2031 3169 2078 sunt
3208 2024 3439 2094 sapiunt.
3481 2023 3569 2079 Sic
3610 2024 3753 2079 enim

2178 2116 2316 2169 solet
2353 2114 2599 2171 Christus
2639 2115 2783 2186 ipsos
2813 2118 3115 2186 appellare,
3152 2125 3211 2171 ut
3237 2131 3357 2171 cum
3385 2115 3551 2181 dicit,
3596 2115 3755 2170 Pater

2177 2215 2366 2274 sancte,
2400 2218 2445 2261 et
2470 2207 2689 2261 mundus
2712 2217 2759 2261 te
2783 2224 2883 2262 non
2905 2211 3133 2279 cognovit
3164 2208 3341 2279 (Joan.
3374 2210 3461 2264 i7.
3488 2209 3602 2278 25).
3632 2207 3751 2264 Non

2178 2299 2337 2368 igitur
2369 2298 2560 2353 Filium
2590 2308 2794 2354 tantum
2815 2342 2830 2366 ,
2863 2301 2957 2355 sed
2989 2301 3147 2356 etiam
3188 2301 3401 2357 Patrem
3441 2303 3556 2370 ejus
3595 2317 3753 2355 mun-

2178 2388 2280 2443 dus
2304 2389 2564 2458 ignoravit
2591 2429 2605 2453 ,
2638 2398 2694 2444 ut
2720 2391 3047 2445 dicebamus.
3078 2390 3213 2446 Nihil
3245 2392 3386 2447 enim
3422 2391 3491 2446 ita
3520 2401 3751 2447 mentem

2180 2480 2358 2535 turbat
2377 2521 2391 2545 ,
2425 2492 2481 2534 ut
2502 2481 2660 2537 rebus
2683 2484 3034 2551 praesentibus
3056 2483 3282 2539 inhiare.
3315 2484 3441 2539 l'lazc
3466 2499 3585 2538 cum
3613 2482 3750 2537 scia-

2180 2573 2247 2626 tis
2274 2616 2289 2640 ,
2322 2588 2350 2627 a
2390 2573 2588 2628 mundo
2629 2590 2723 2629 vos
2764 2584 3073 2646 segregate,
3103 2584 3159 2629 et
3197 2590 3225 2629 a
3256 2576 3556 2633 carnalibus
3594 2574 3753 2631 rebus

2176 2664 2447 2721 abscedite
2467 2708 2482 2731 ,
2510 2676 2766 2736 quantum
2797 2667 2909 2721 lieri
2948 2668 3149 2737 poterit
3181 2685 3194 2718 :
3225 2682 3399 2736 neque
3427 2667 3568 2722 enim
3612 2667 3663 2722 in
3693 2658 3752 2723 re

2176 2756 2370 2813 nullius
2400 2759 2555 2828 pretii
2583 2758 2708 2812 hinc
2734 2759 2984 2813 damnum
3012 2759 3180 2814 oritur
3203 2798 3219 2827 ,
3249 2760 3340 2814 sed
3370 2759 3424 2815 in
3453 2760 3623 2830 capite
3651 2760 3750 2816 bo-

2179 2862 2391 2902 normn.
2422 2848 2604 2918 Neque
2632 2848 2772 2904 enim
2801 2859 2974 2919 potest
3002 2849 3192 2914 homo,
3224 2851 3315 2919 qui
3346 2851 3623 2921 praesentis
3648 2852 3749 2906 sevi

2176 2940 2341 2995 rebus
2360 2939 2643 3017 admodum
2672 2941 2872 3004 haeret,
2899 2942 3131 2997 caelestia
3153 2951 3297 2998 recte
3318 2943 3591 3012 percipere
3615 2961 3628 2997 :
3656 2943 3751 2999 sed

2179 3046 2403 3087 necesse
2438 3041 2519 3085 est
2543 3048 2664 3086 eum
2686 3074 2699 3091 ,
2730 3032 2821 3102 qui
2856 3032 2939 3086 his
2977 3032 3219 3087 addictus
3255 3043 3356 3099 est,
3384 3033 3450 3088 ab
3477 3034 3577 3090 illis
3606 3035 3752 3090 exci-

2176 3124 2308 3180 dere
2341 3144 2353 3180 :
2389 3122 2510 3177 Non
2537 3125 2741 3195 potestis
2771 3124 2933 3189 enim,
2976 3125 3166 3195 inquit,
3209 3124 3315 3179 Deo
3342 3127 3526 3180 servire
3548 3136 3593 3180 et
3635 3144 3750 3180 ma-

2176 3230 2343 3269 monaz
2384 3213 2550 3287 (Luc.
2596 3214 2682 3278 16,
2735 3214 2863 3283 15);
2898 3224 2954 3269 ut
2997 3216 3089 3269 uni
3136 3217 3473 3282 brereamus,
3520 3218 3748 3272 alterum

2178 3307 2360 3361 odisse
2388 3314 2621 3376 oportet.
2655 3305 2781 3361 Haec
2810 3307 2922 3377 ipsa
2954 3321 3134 3362 rerum
3165 3308 3489 3376 experientia
3534 3308 3743 3362 clamat.

2176 3396 2279 3464 Qui
2321 3396 2461 3452 enirn
2508 3397 2850 3466 pecuniarum
2893 3399 3377 3466 concupiscentiam
3416 3399 3684 3463 derident,
3715 3400 3750 3457 ii

2178 3491 2411 3546 maxime
2441 3500 2565 3546 sunt
2592 3492 2680 3562 qui
2704 3491 2869 3547 Deum
2901 3502 2957 3545 ut
2986 3491 3137 3547 decet
3161 3503 3374 3558 amant;
3402 3492 3751 3562 quemadmo-

2175 3584 2303 3640 dum
2343 3596 2396 3639 et
2422 3585 2513 3655 qui
2551 3600 2579 3637 a
2610 3585 2870 3655 principio
2908 3585 3027 3639 illas
3052 3586 3315 3640 mirantur
3339 3628 3354 3651 ,
3388 3586 3422 3640 ii
3453 3587 3749 3657 prmsertim

2174 3686 2300 3731 sunt
2324 3677 2412 3747 qui
2439 3676 2606 3731 Deum
2638 3677 2912 3732 remissius
2937 3676 3184 3743 diligunt.
3218 3678 3409 3731 Anima
3439 3678 3578 3732 enim
3611 3677 3750 3731 divi-

2176 3771 2369 3824 tiarum
2395 3784 2579 3823 amore
2607 3769 2773 3823 semel
2796 3777 2949 3838 capta
2975 3808 2990 3834 ,
3025 3784 3127 3823 non
3157 3768 3313 3824 facile
3334 3769 3557 3824 absistet
3587 3768 3655 3823 ab
3684 3768 3751 3823 iis

2173 3861 2395 3929 agendis
2417 3902 2432 3928 ,
2460 3876 2578 3931 quae
2604 3860 2771 3916 Deum
2802 3860 2868 3914 ad
2898 3860 3029 3915 iram
3059 3869 3389 3931 provocant,
3421 3869 3604 3931 utpote
3633 3876 3750 3931 quae

2174 3952 2331 4007 alteri
2377 3952 2581 4006 serviat
2626 3950 2879 4018 domino,
2908 3951 2997 4021 qui
3046 3951 3100 4006 in
3139 3951 3386 4007 omnibus
3424 3961 3608 4008 contra
3653 3950 3749 4007 Dei

2174 4042 2422 4097 mandata
2469 4042 2759 4111 praecipiat.

2250 4134 2509 4202 Quantum
2537 4134 2804 4189 discrimen
2825 4135 2953 4189 inter
2981 4150 3145 4188 servos
3174 4134 3361 4189 Christi
3385 4144 3430 4188 et
3454 4150 3619 4189 servos
3640 4151 3749 4186 ma-

2173 4241 2355 4280 mona.
2379 4254 2450 4264 —
2472 4224 2692 4295 Vigilale
2732 4227 2911 4295 itaque
2935 4234 2989 4280 et
3011 4226 3435 4296 expergiscimini
3462 4267 3477 4292 ,
3510 4242 3572 4281 ac
3597 4226 3746 4296 cogi-

2175 4326 2348 4370 tantes
2390 4314 2663 4384 cujnsnam
2694 4316 2893 4370 domini
2924 4318 3090 4370 simus
3144 4317 3323 4383 servi,
3358 4317 3473 4387 ejus
3515 4327 3748 4372 tantum-

2176 4408 2338 4463 modo
2394 4424 2615 4477 regnum
2661 4409 2979 4478 diligamus;
3044 4411 3317 4481 lugeamus
3368 4420 3421 4466 et
3476 4413 3743 4481 prteterita

2173 4497 2512 4570 deploremus
2543 4510 2801 4569 tempora,
2846 4501 3037 4571 quibus
3074 4518 3335 4557 mamonae
3383 4503 3742 4557 ser-vivimus:

2172 4594 2482 4663 abjiciamus
2520 4593 2684 4648 semel
2720 4595 2902 4662 jugum
2946 4593 3063 4662 ejus
3105 4609 3269 4664 grave
3294 4602 3348 4650 et
3372 4594 3707 4648 intolerabile
3729 4637 3746 4659 ,

2173 4696 2230 4742 et
2264 4689 2448 4756 jugum
2487 4685 2683 4740 Christi
2735 4686 2850 4739 leve
2880 4695 2935 4739 et
2975 4700 3138 4740 suave
3187 4701 3307 4741 cum
3350 4686 3748 4755 perseverantia

2172 4780 2446 4843 feramus;
2487 4778 2575 4847 qui
2628 4776 2758 4830 nihil
2808 4777 2911 4831 tale
2955 4777 3239 4846 praecipit,
3281 4777 3435 4847 quale
3476 4791 3748 4832 mamona.

2174 4873 2271 4929 Hic
2300 4873 2441 4928 enim
2467 4873 2618 4941 jubet
2646 4886 2746 4925 nos
2790 4871 3039 4925 omnibus
3069 4871 3315 4926 inimicos
3355 4884 3515 4936 esse;
3561 4879 3748 4925 contra

2171 4979 2301 5020 vero
2346 4963 2590 5018 Christus
2616 5002 2631 5027 ,
2672 4976 2860 5017 omnes
2904 4962 3150 5031 amplecti
3192 4970 3247 5017 et
3272 4976 3475 5016 amare.
3516 4960 3615 5037 ille
3649 4975 3750 5016 nos

2172 5054 2284 5109 luto
2324 5063 2379 5109 et
2424 5053 2679 5108 lateribus
2720 5051 2977 5121 afﬁgens,
3008 5051 3110 5106 hoc
3150 5060 3233 5107 est
3269 5066 3439 5119 auro,
3483 5066 3551 5107 ne
3587 5060 3748 5106 noctu

2172 5144 2385 5215 quidem
2434 5144 2562 5199 sinit
2609 5157 2708 5198 nos
2761 5143 2847 5197 vel
2897 5143 3167 5213 paululum
3220 5144 3529 5212 respirare;
3582 5142 3671 5197 hic
3715 5158 3747 5197 a

2168 5235 2433 5305 superﬂua
2473 5236 2561 5290 illa
2588 5246 2643 5291 et
2670 5237 2853 5291 insana
2900 5250 3027 5290 cura
3056 5250 3155 5289 nos
3184 5236 3410 5301 liberat;
3456 5235 3552 5291 sed
3588 5236 3744 5304 jubet

2172 5326 2449 5381 thesauros
2488 5328 2541 5380 in
2571 5327 2702 5381 caelo
2722 5342 2908 5395 parare
2941 5345 2953 5379 :
2978 5341 3084 5381 non
3113 5340 3179 5382 ex
3202 5326 3390 5397 injuria
3420 5327 3540 5383 aliis
3560 5326 3701 5381 illata
3723 5368 3743 5390 .

2171 5417 2267 5472 sed
2296 5433 2361 5471 ex
2406 5418 2617 5487 propria
2642 5417 2865 5486 justitia.
2897 5416 2991 5470 llle
3017 5428 3135 5486 post
3160 5417 3354 5472 multos
3383 5416 3605 5472 sudores
3640 5432 3743 5471 no-

2170 5517 2311 5562 stros
2336 5516 2390 5560 et
2434 5508 2675 5561 miserias
2705 5522 2810 5561 non
2851 5508 3043 5576 poterit
3067 5507 3255 5562 adesse
3277 5508 3430 5563 nobis
3453 5549 3468 5575 ,
3497 5523 3617 5563 cum
3644 5523 3744 5562 ex-

2170 5608 2338 5652 tremo
2366 5599 2627 5670 supplicio
2653 5599 2933 5669 puniemur
2954 5638 2970 5664 ,
3003 5605 3058 5653 et
3086 5600 3156 5653 ob
3182 5599 3327 5669 leges
3353 5599 3469 5669 ejus
3498 5607 3742 5654 servatas

2168 5689 2310 5744 mala
2339 5690 2640 5759 patiemur;
2669 5691 2775 5743 imo
2804 5689 3068 5744 flammam
3096 5692 3392 5758 accendet;
3421 5692 3505 5746 hic
3531 5692 3574 5746 si
3604 5707 3740 5761 pra:-

2171 5782 2328 5853 cipiat
2370 5783 2612 5853 poculum
2643 5796 2792 5852 aqua:
2818 5780 3018 5852 frigidze
3048 5782 3208 5853 dare,
3242 5799 3309 5839 nc
3337 5783 3493 5854 hujus
3519 5782 3737 5854 quidem
