4074 6374
337 295 398 348 67
1393 297 1462 352 IN
1499 297 1819 356 JOANNEM
1857 297 2090 356 HOMIL.
2133 301 2272 360 VIII.
2313 305 2386 360 al.
2430 305 2544 363 VII.
3521 317 3590 375 68

336 413 510 475 Οὐδεὶς
543 411 654 483 γάρ
683 408 758 466 ὧν
790 413 922 484 μηδὲ
956 413 1164 470 ἔννοιαν
1191 417 1322 488 ἔχει,
1350 418 1551 471 τούτων
1577 419 1758 472 λαϐεῖν
1783 420 1901 472 ἐπι-

336 497 521 567 θυμίαν
545 497 852 568 δυνήσεται.
881 498 1042 550 Ὥστε
1085 499 1282 570 ᾔδεσαν
1312 501 1406 554 τὸν
1441 503 1567 555 Υίὸν
1605 504 1699 556 τοῦ
1745 504 1900 566 Θεοῦ,

335 583 416 634 καὶ
446 581 525 632 δτι
553 581 672 650 ἥξει
701 582 779 643 εἰς
814 580 1150 652 ἀνθρώπους.
1181 584 1313 637 Τίνα
1338 581 1430 638 οὖν
1455 587 1602 638 ἐστιν
1632 587 1776 655 άπερ
1799 587 1897 638 οὑκ

333 664 539 734 ᾔδεσαν,
576 665 671 716 καὶ
717 666 836 718 τίνα
885 666 1025 737 ειπερ
1061 667 1160 719 οὐκ
1198 667 1472 737 ήκουσαν;
1525 669 1712 723 Ταῦτα
1745 670 1780 723 ἀ
1808 670 1902 722 νῦν

335 748 477 814 ὑμεῖς
511 745 741 816 βλέπετε
775 748 870 800 καὶ
914 749 1164 803 ἀκούετε.
1197 751 1260 803 Εἰ
1297 750 1354 802 δέ
1385 753 1480 804 καὶ
1515 754 1699 821 φωνῆς
1735 753 1902 823 ἠκου-

336 847 442 890 σαν,
471 831 569 882 καὶ
619 826 760 884 εἶδον
788 832 950 884 αὐτὸν
989 833 1209 897 ἐκεῖνοι,
1249 834 1364 888 ἀλλ’
1407 838 1508 890 οὐκ
1552 848 1578 877 ε
1626 839 1682 889 ἐν
1718 838 1901 908 σαρκὶ,

333 913 442 966 οὐδὲ
472 913 617 966 οὓτω
656 917 768 977 τοῖς
800 913 1109 986 ἀνθρώποις
1146 920 1740 990 συναναστρεφόμενον,
1785 919 1906 974 οὐδὲ

335 997 466 1068 μετά
488 996 759 1066 τοσαύτης
797 999 981 1064 αὑτοῖς
1030 1000 1322 1070 ὁμιλοῦντα
1357 1004 1457 1073 τῆς
1497 1003 1702 1067 ἀδείας.
1733 1002 1906 1057 Τοῦτο

333 1079 453 1148 γοῦν
480 1080 578 1134 καὶ
597 1081 760 1144 αὐτὸς
775 1082 968 1153 δηλῶν,
983 1084 1081 1154 οὐχ
1099 1085 1287 1149 ἁπλῶς
1305 1081 1459 1139 εἶπεν
1476 1103 1490 1116 ο
1521 1086 1797 1159 Ἐπεθύμη
1805 1106 1906 1143 σαν

337 1163 454 1216 ἰδεῖν
470 1163 571 1234 ἐμέ
592 1182 604 1195 ’
636 1164 772 1218 ἀλλά
789 1164 840 1216 τί
858 1183 873 1231 ;
897 1167 966 1218 Ἃ
982 1166 1146 1236 ὑμεῖς
1163 1168 1426 1232 βλέπετε
1443 1187 1456 1199 ·
1487 1169 1630 1232 οὐδὲ,
1647 1171 1904 1227 Ἀκοῦσαι

333 1247 477 1318 ἐμοῦο
513 1247 652 1301 ἀλλὰ
683 1249 769 1313 τί;
799 1251 868 1304 Ἀ
896 1250 1063 1320 ὑμεῖς
1083 1252 1354 1307 ἀκούετε.
1381 1254 1542 1306 Ὥστε
1589 1255 1637 1306 εἰ
1681 1254 1776 1308 καὶ
1828 1255 1904 1326 μὴ

331 1331 420 1399 τὴν
455 1331 717 1402 ἐνσαρκον
746 1333 913 1386 αὐτοῦ
951 1334 1251 1406 παρουσίαν
1274 1335 1585 1402 ἐθεάσαντο,
1607 1337 1721 1390 ἀλλ’
1755 1338 1906 1409 ὅμως

330 1416 517 1486 ᾔδεσαν
543 1417 711 1488 αὐτὴν
745 1418 1029 1489 ἐσομένην,
1061 1413 1128 1490 ἦς
1157 1420 1252 1473 καὶ
1288 1419 1594 1490 ἐπεθύμουν
1616 1439 1632 1454 ο
1661 1423 1754 1476 καὶ
1785 1421 1906 1475 ἐπί-

331 1517 514 1552 στευον
544 1501 624 1563 εἰς
655 1500 836 1562 αὐτὸν.
868 1503 963 1555 καὶ
994 1501 1068 1574 μὴ
1103 1504 1409 1574 ἑωρακότες
1437 1504 1600 1558 αὐτὸν
1633 1506 1691 1557 ἐν
1720 1505 1900 1576 σαρκί.

329 1582 494 1636 Ὅταν
519 1579 614 1637 οὖν
641 1584 945 1652 ἐγκαλῶσιν
993 1588 1123 1658 ἡμῖν
1307 1586 1568 1658 Ἕλληνες
1601 1587 1774 1641 ταῦτα
1817 1588 1905 1641 λέ-

326 1684 531 1734 γοντες·
566 1668 632 1720 Τί
665 1669 721 1722 δέ
737 1669 826 1724 τὸν
853 1672 1159 1742 ἔμπροσθεν
1184 1673 1356 1726 ἐποίει
1383 1673 1572 1744 χρόνον
1599 1675 1628 1726 ὁ
1646 1674 1901 1744 Χριστὸς,

326 1751 383 1804 τὸ
408 1750 521 1803 τῶν
543 1751 844 1823 ἀνθρώπων
881 1755 980 1808 οὐκ
1008 1754 1475 1827 ἐπισκοπούμενος
1503 1756 1691 1824 γένος;
1727 1757 1820 1810 καὶ
1851 1757 1904 1810 τί

325 1835 523 1907 δήποτε
553 1840 611 1890 ἐν
639 1839 854 1908 ἐσχάτῳ
891 1839 991 1910 τῆς
1037 1839 1315 1910 ἡμετέρας
1344 1835 1508 1910 ἦλθεν
1542 1840 1904 1912 ἀντιληψόμε-

326 1937 412 1984 νος
462 1921 760 1992 σωτηρίας,
812 1922 1067 1976 τοσοῦτον
1119 1923 1402 1994 ἀμελήσας
1468 1923 1658 1995 χρόνον
1708 1923 1900 1995 ήμῶν;

327 2005 582 2077 ἐροῦμεν,
610 2006 692 2060 ὄτι
721 2008 813 2060 καὶ
856 2007 963 2078 πρὸ
1002 2006 1191 2060 τούτου
1225 2009 1283 2060 ἐν
1325 2005 1402 2078 τῷ
1445 2008 1635 2079 κόσμῳ
1674 2003 1762 2080 ἦν,
1809 2008 1905 2062 καὶ

329 2091 574 2159 προενόει
601 2091 714 2143 τῶν
743 2089 918 2161 ἐργων
943 2090 1129 2155 αὐτοῦ,
1161 2090 1256 2144 καὶ
1282 2090 1556 2163 γνώριμος
1590 2095 1704 2155 τοῖς
1731 2092 1904 2157 ἀξίοις

328 2173 529 2227 ἅπασιν
561 2169 650 2245 ἦν.
701 2175 765 2228 Εἰ
793 2175 850 2226 δὲ
877 2175 960 2228 διὰ
993 2175 1054 2228 τὸ
1091 2174 1165 2246 μὴ
1194 2175 1401 2238 πάντας
1440 2175 1601 2228 αὑτὸν
1639 2176 1760 2229 τότε
1801 2179 1900 2229 ἐπ-

325 2259 642 2327 εγνωκέναι,
659 2258 794 2311 ἀλλά
815 2258 964 2327 παρά
989 2258 1097 2312 τῶν
1120 2258 1382 2328 γενναίων
1411 2259 1572 2313 αὐτὸν
1601 2262 1695 2314 καὶ
1718 2260 1901 2330 ἐναρέ-

325 2361 430 2395 των
481 2343 706 2394 ἐκείνων
751 2343 926 2412 μόνων
954 2343 980 2383 b
1013 2343 1300 2411 ἐγνῶσθαι,
1353 2346 1547 2414 φαίητε
1602 2346 1674 2417 μὴ
1704 2345 1900 2414 γνωρί-

326 2423 510 2488 ζεσθαι
530 2443 542 2454 ·
574 2425 714 2478 κατά
742 2425 899 2479 τοῦτο
924 2427 1042 2481 οὐδέ
1072 2425 1164 2479 νῦν
1185 2427 1545 2499 ὁμολογήσετε
1577 2431 1899 2497 προσκυνεῖ-

327 2510 448 2560 σθαι
505 2509 667 2562 αὐτὸν
715 2510 819 2562 ὑπὸ
867 2510 974 2562 τῶν
1024 2510 1348 2584 ἀνθρώπων,
1389 2511 1575 2583 ἐπειδὴ
1621 2513 1754 2582 μηδέ
1804 2512 1900 2565 νῦν

324 2595 563 2658 ᾶπαντες
588 2595 748 2647 αὐτὸν
781 2595 975 2650 ἴσασιν.
1011 2596 1149 2648 Ἀλλ’
1175 2595 1363 2668 ῶσπερ
1394 2596 1486 2648 ἐπὶ
1513 2596 1606 2649 τοῦ
1635 2597 1899 2668 παρόντος

323 2678 498 2740 οὐδεὶς
536 2679 602 2731 ἂν
650 2678 739 2732 διὰ
785 2681 913 2742 τοὺς
977 2679 1306 2747 ἀγνοοῦντας
1359 2679 1520 2732 αὑτὸν
1572 2684 1683 2744 τοῖς
1733 2681 1899 2734 εἰδόσι

323 2762 746 2832 διαπιστήσειεν·
780 2763 952 2827 οὕτως
983 2764 1102 2817 οὐδέ
1140 2764 1277 2834 ὑπὲρ
1305 2765 1412 2818 τῶν
1437 2765 1745 2838 ἔμπροσθεν
1775 2767 1900 2836 χρό-

321 2863 426 2897 νων
456 2846 822 2916 ἀμφισϐητεῖν
852 2847 978 2917 χρὴ,
1025 2847 1108 2900 δτι
1144 2846 1380 2912 πολλοῖς,
1426 2849 1626 2919 μᾶλλον
1648 2850 1704 2903 δὲ
1735 2852 1899 2902 πᾶσιν

324 2932 564 3000 ἔγνωστο
617 2935 728 2996 τοῖς
778 2933 1048 3002 γενναίοις
1099 2932 1193 2986 καὶ
1253 2932 1579 3006 θαυμασίοις
1641 2935 1898 3006 ἀνδράσιν

323 3018 574 3078 ἐκείνοις.
725 3067 734 3075 ,
855 3078 866 3088 ο

391 3099 463 3170 β’.
498 3102 562 3154 Εἰ
601 3101 657 3154 δὲ
697 3100 845 3169 λέγοι
886 3117 999 3164 τις·
1041 3100 1152 3153 Καὶ
1185 3099 1329 3163 τίνος
1357 3099 1542 3153 ἕνεκεν
1587 3099 1660 3172 μὴ
1699 3100 1899 3165 πάντες

323 3187 612 3255 προσεῖχον
645 3184 814 3254 αὐτῷ,
841 3185 974 3255 μηδὲ
996 3184 1196 3248 πάντες
1214 3184 1376 3236 αὐτὸν
1407 3184 1733 3256 ἐθεράπευον
1755 3185 1893 3249 τότε,

323 3268 460 3320 ἀλλά
489 3268 641 3338 μόνοι
679 3269 728 3320 οἰ
762 3268 994 3332 δίκαιοι;
1029 3267 1298 3338 ἐρήσομαι
1336 3267 1511 3334 κάγὼ,
1538 3266 1679 3329 τίνος
1712 3267 1897 3320 ἕνεκεν

325 3353 466 3422 μηδὲ
501 3351 596 3404 νῦν
650 3351 885 3416 ἅπαντες
918 3351 1078 3405 αὐτὸν
1123 3351 1306 3412 fuam;
1341 3352 1448 3404 Καὶ
1479 3351 1528 3403 τί
1581 3350 1726 3418 λέγω
1769 3351 1898 3420 περὶ

322 3434 413 3488 τοῦ
448 3434 724 3507 Χριστοῦ;
758 3435 863 3488 Τὸν
891 3434 998 3506 γὰρ
1028 3435 1249 3504 Πατέρα
1277 3433 1366 3484 τὸν
1397 3433 1607 3496 τούτου,
1653 3434 1792 3486 διατί
1824 3433 1898 3504 μὴ

326 3520 544 3584 πάντες,
575 3521 710 3590 μήτε
750 3520 890 3581 τότε,
934 3520 1068 3589 μήτε
1110 3517 1203 3570 νῦν
1232 3517 1507 3584 ἔγνωσαν·
1551 3517 1667 3570 ἀλλ’
1711 3519 1760 3570 οἱ
1799 3519 1896 3588 μὲν

323 3603 650 3673 αὐτομάτως
681 3604 896 3657 ἅπαντα
925 3601 1184 3673 φέρεσθαι
1218 3601 1486 3670 λέγουσιν,
1535 3603 1584 3654 οἰ
1629 3602 1684 3654 δέ
1709 3603 1897 3672 δαιμο-

322 3688 458 3750 νίοις
478 3688 580 3758 τὴν
612 3687 708 3739 τοῦ
739 3687 940 3749 παντὸς
987 3685 1340 3756 ἐπιτρέπουσι
1385 3686 1660 3752 πρόνοιαν·
1699 3687 1804 3739 εἰσί
1840 3686 1897 3738 δέ

321 3773 370 3824 οἳ
405 3771 500 3823 καὶ
522 3772 713 3842 ἕτερον
747 3771 899 3841 παρά
931 3769 1118 3822 τοῦτον
1147 3767 1546 3822 ἀναπλάττουσι
1579 3769 1718 3822 θεόν·
1752 3769 1898 3832 τινὲς

319 3856 374 3909 δέ
400 3855 584 3909 αὐτῶν
611 3856 706 3909 καὶ
751 3853 850 3924 τὴν
879 3853 1258 3924 ἀντικειμένην
1297 3848 1436 3906 εἷναι
1488 3852 1897 3924 βλασφημοῦσιν

320 3939 491 3993 αὐτοῦ
517 3938 748 4008 δύναμιν
777 3947 828 4001 ο,
868 3936 965 3990 καὶ
1006 3936 1132 3999 τοὺς
1173 3937 1370 4006 νόμους
1418 3936 1606 4001 αὐτοῦ,
1657 3937 1895 4006 πονηροῦ

320 4025 468 4088 τινὸς
497 4023 749 4094 δαίμονος
784 4017 922 4074 εἶναι
947 4021 1265 4092 νομίζουσι;
1297 4021 1360 4074 Τί
1397 4017 1525 4087 οὖν;
1562 4021 1714 4093 παρά
1740 4023 1898 4076 τοῦτο

320 4110 449 4164 οὕτε
477 4108 611 4162 Θεὸν
639 4107 804 4161 αὐτὸν
831 4107 1076 4176 φήσομεν
1103 4099 1263 4170 εἶναι,
1293 4105 1478 4177 ἐπειδή
1511 4106 1654 4170 τινές
1682 4108 1820 4160 εἰσιν
1847 4108 1898 4160 οἱ

320 4193 482 4247 τοῦτο
526 4191 797 4258 λέγοντες,
845 4190 940 4242 καὶ
988 4189 1220 4260 πονηρὸν
1271 4189 1432 4243 αὐτὸν
1491 4189 1898 4262 ὁμολογήσομεν

321 4273 500 4343 εἷναι;
538 4275 633 4328 καὶ
674 4273 784 4344 γὰρ
832 4273 926 4326 καὶ
971 4270 1128 4326 τοῦτό
1179 4274 1316 4326 εἰσιν
1352 4273 1402 4325 οἱ
1454 4272 1899 4344 βλασφημοῦντες

321 4363 511 4416 αὐτόν.
543 4361 757 4427 ’Ἄπαγε
795 4358 896 4428 τῆς
941 4356 1365 4428 παραφροσύνης
1411 4358 1626 4428 καὶτῆς
1664 4357 1899 4429 ἐσχάτης

325 4443 736 4517 παραπληξίας.
767 4441 831 4494 Εἰ
863 4440 970 4511 γὰρ
995 4439 1281 4510 μέλλοιμεν
1317 4439 1426 4493 ἀπὸ
1453 4440 1552 4510 τῆς
1575 4440 1682 4494 τῶν
1716 4460 1901 4512 μαινο-

325 4531 506 4601 μένων
532 4529 766 4599 κρίσεως
789 4523 1208 4596 χαρακτηρίζειν
1234 4523 1303 4576 τά
1325 4524 1591 4592 δόγματα,
1616 4524 1766 4579 οὐδὲν
1792 4543 1900 4579 κω-

322 4616 445 4668 λύει
503 4611 790 4683 μαίνεσθαι
838 4608 932 4660 καὶ
981 4609 1174 4670 αὐτοὺς
1234 4606 1430 4677 μανίαν
1487 4607 1896 4680 χαλεπωτάτην.

323 4699 483 4765 Εἶτα,
514 4698 668 4768 ἥλιον
707 4693 806 4766 μὲν
851 4691 1024 4755 οὐδεὶς
1055 4690 1382 4762 λυμαντικὸν
1428 4691 1720 4761 ὀφθαλμῶν
1761 4689 1900 4747 εῖναι

323 4789 487 4858 φήσει
517 4782 606 4835 διά
629 4781 754 4842 τοὺς
781 4775 1064 4838 νοσοῦντας
1082 4775 1181 4837 τὰς
1205 4775 1375 4844 ὄψεις,
1397 4775 1531 4828 ἀλλά
1553 4778 1896 4844 φωτιστικδν,

322 4870 433 4925 ἀπὸ
463 4867 578 4920 τῶν
607 4861 960 4931 ὑγιαινόντων
989 4859 1278 4930 λαμϐάνων
1306 4859 1404 4922 τὰς
1449 4859 1656 4928 κρίσεις
1675 4877 1689 4890 '
1721 4861 1815 4914 καὶ
1840 4861 1902 4915 τὸ

327 4955 452 5026 μέλι
483 4951 544 5003 δὲ
575 4947 752 5009 οὐδεὶς
784 4943 981 5016 πικρίιν
1009 4945 1288 5014 προσερεῖ,
1313 4941 1508 5026 ἐπειδὴ,
1532 4941 1691 4998 τοῦτο
1721 4946 1787 5014 τῇ
1813 4947 1900 4999 al-

325 5025 519 5106 σθήσει
555 5031 665 5084 τῶν
692 5027 987 5101 ἀρρώστων
1033 5026 1213 5079 δοκεῖ·
1257 5026 1348 5078 τὸν
1380 5026 1455 5106 δέ
1482 5025 1613 5079 Θεὸν
1645 5027 1752 5079 ἀπὸ
1801 5029 1900 5098 τῆς

321 5105 430 5172 τῶν
456 5113 830 5171 ἀσθενούντων
856 5109 1196 5180 ὑπολήψεως,
1224 5109 1257 5180 ἢ
1297 5110 1371 5180 μὴ
1417 5105 1574 5173 εἶναι,
1601 5109 1634 5180 ἢ
1668 5113 1900 5181 πονηρὸν

322 5198 485 5265 εἶναι,
514 5200 548 5270 ἢ
577 5197 709 5253 ποτέ
737 5195 836 5267 μὲν
869 5195 1136 5266 προνοεῖν,
1165 5194 1294 5246 ποτέ
1319 5193 1376 5246 δέ
1408 5192 1540 5263 μηδέ
1566 5193 1703 5254 ὅλως
1746 5194 1902 5248 τοῦτο

322 5289 498 5340 ποιεῖν
524 5278 854 5353 ψηφιοῦνται
890 5294 1064 5343 τινες;
1102 5279 1214 5331 Καὶ
1255 5277 1338 5339 τίς
1370 5277 1434 5330 ἂν
1472 5278 1596 5340 τοὺς
1627 5279 1900 5342 τοιούτους

323 5370 595 5438 ὑγιαίνειν
623 5366 867 5436 φήσειεν,
917 5361 1029 5415 ἀλλ’
1058 5361 1158 5414 οὐκ
1203 5360 1549 5432 ἐξεστηκέναι
1584 5362 1676 5414 καὶ
1721 5380 1902 5434 παρα-

323 5453 531 5515 παίειν,
563 5450 659 5502 καὶ
703 5445 986 5517 μαίνεσθαι
1014 5444 1113 5514 τὴν
1158 5444 1393 5515 ἐσχάτην
1423 5444 1651 5515 μανίαν;
1681 5445 1744 5500 '0
1798 5449 1898 5501 κό-

324 5553 480 5605 σμος
510 5534 698 5590 αὑτὸν
737 5533 846 5586 οὐκ
884 5530 1056 5600 ἔγνω.
1103 5529 1286 5600 φησίν.
1325 5527 1462 5581 Ἀλλ’
1499 5521 1573 5602 ῶν
1613 5531 1642 5582 ὁ
1698 5531 1901 5602 κόσμος

324 5622 427 5672 οὐκ
467 5614 536 5689 ἦν
587 5617 756 5683 ἄξιος,
788 5607 933 5668 οὗτοι
975 5614 1136 5667 αὐτὸν
1178 5613 1442 5682 ἔγνωσαν.
1504 5612 1690 5667 Εἰπὼν
1717 5614 1774 5668 δὲ
1806 5617 1901 5670 καὶ

324 5704 453 5766 τοὺς
489 5703 563 5773 μὴ
597 5699 825 5770 γνόντας
873 5701 1054 5764 αὐτὸν,
1110 5701 1167 5754 ἐν
1201 5699 1392 5771 βραχεῖ
1435 5699 1530 5754 καὶ
1581 5699 1682 5769 τὴν
1721 5701 1902 5754 αἰτίαν

396 5848 425 5876 ⁸
441 5847 535 5897 Alii
561 5848 644 5896 καὶ
665 5845 879 5896 ἀκούετε.
903 5847 996 5895 Καὶ
1035 5846 1122 5909 γάρ
1145 5853 1296 5909 φωνῆς
1315 5845 1650 5909 ἤκουσανικαὶ
1672 5845 1793 5909 εἶδον
1817 5848 1901 5894 αὐ-

329 5909 558 6019 τᾲν,ὃᾶ;λλ’
584 5909 695 5958 οὐκ.
759 5909 788 5950 b
809 5909 922 5960 Mor.
951 5907 1140 5958 ἐκείνων
1154 5907 1318 5972 μόνον.
1388 5912 1410 5941 ο
1433 5909 1517 5959 Sic
1539 5907 1650 5958 Sav.
1677 5907 1793 5958 Mor.
1817 5909 1900 5957 αὐ-

334 5987 420 6019 τον
469 5987 650 6019 mum.

334 5987 420 6019 τον
445 5987 650 6032 ονναμιν.

2011 422 2109 491 τῆς
2136 424 2353 493 ἀγνοίας
2380 427 2595 499 έθηκεν.
2625 430 2699 483 Οὐ
2733 431 2838 503 γάρ
2867 430 3051 498 ἁπλῶς
3085 429 3254 499 εἶπεν,
3285 438 3366 491 ὄτι
3415 438 3590 502 οὐδεὶς

2011 506 2174 590 αὐτὸν
2207 507 2368 575 ἔγνω,
2419 511 2533 564 ἀλλ’
2577 513 2658 566 ὅτι
2689 515 2752 566 ’0
2791 516 3020 586 κόσμος
3054 521 3240 573 αὑτὸν
3272 523 3382 574 οὐκ
3412 525 3584 590 ἔγνω·

2017 589 2313 655 τουτέστιν,
2343 595 2393 645 οἰ
2423 593 2502 664 τῷ
2533 595 2720 666 κόσμῳ
2752 599 2894 667 μόνῳ
2932 601 3364 672 προσηλωμένοι,
3399 589 3491 658 καὶ
3523 607 3591 660 τὰ

2013 675 2108 759 τοῦ
2141 675 2347 746 κόσμου
2387 677 2708 750 φρονοῦντες
2748 681 3044 756 ἄνθρωποι.
3085 686 3242 740 Οὕτω
3280 689 3389 759 γὰρ
3431 689 3591 743 εῐωθε

2013 758 2194 812 καλεῖν
2223 759 2418 824 αὐτοὺς
2443 763 2536 815 καί⁵
2572 765 2600 815 ὁ
2641 765 2888 835 Χριστὸς,
2924 766 3000 830 ὡς
3035 769 3164 824 ὅταν
3192 769 3328 841 λέγῃ
3347 758 3368 799 ’ν
3399 771 3591 840 Πάτερ

2013 841 2161 927 ἅγιε,
2197 843 2297 927 καὶ
2327 847 2361 898 ό
2389 846 2616 915 κόσμος
2660 863 2734 900 σε
2769 852 2880 903 οὐκ
2908 850 3080 920 ἔγνω.
3122 854 3236 908 Οὐκ
3272 853 3379 927 ἄρα
3427 857 3592 909 αὑτὸν

2017 925 2196 1008 μόνον,
2226 926 2362 981 ἀλλά
2380 929 2474 982 καὶ
2499 929 2590 982 τὸν
2613 931 2834 1000 Πατέρα
2858 934 3023 987 αὑτοῦ
3054 937 3082 989 ὁ
3107 925 3321 1007 κόσμος
3331 939 3588 1008 ἠγνόησε,

2015 1006 2133 1080 [51]
2164 1009 2419 1080 καθάπερ
2446 1012 2724 1084 ἐλέγομεν.
2766 1016 2931 1069 Οὐδὲν
2959 1021 3070 1090 γάρ
3101 1006 3243 1072 οὕτω
3282 1006 3426 1073 θολοῖ
3475 1006 3588 1075 διά-

2012 1109 2183 1157 νοιαν,
2213 1093 2289 1157 ὼς
2314 1095 2377 1147 τὸ
2401 1098 2832 1168 προστετηκέναι
2857 1103 2968 1164 τοῖς
2994 1104 3252 1174 παροῦσι.
3299 1105 3466 1158 Ταῦτ’
3496 1103 3589 1162 οὖν

2013 1177 2231 1242 εἰδότες,
2281 1179 2633 1251 ἀποστήσατε
2681 1184 2908 1249 ἑαυτοὺς
2952 1186 3046 1240 τοῦ
3095 1188 3323 1258 κόσμου,
3359 1191 3588 1244 καὶτῶν

2015 1261 2291 1330 σαρκικῶν
2323 1264 2666 1336 ἀπορῤήξατε
2704 1270 3060 1340 πραγμάτων,
3097 1272 3325 1326 καθόσον
3365 1269 3476 1326 οἷόν
3505 1292 3585 1327 τε.

2013 1343 2148 1397 Οὐδὲ
2176 1344 2285 1416 γάρ
2314 1347 2370 1400 ἐν
2395 1351 2508 1411 τοῖς
2533 1351 2783 1420 τυχοῦσιν
2817 1353 2944 1420 ὑμῖν
2989 1354 3094 1407 ἀπὸ
3125 1354 3382 1427 τούτωνή
3415 1357 3588 1427 ζημία

2013 1425 2241 1510 γίνεται,
2269 1429 2382 1482 ἀλλ’
2417 1432 2475 1484 ἐν
2517 1431 2596 1501 τῷ
2635 1433 2911 1506 κεφαλαίῳ
2951 1437 3059 1489 τῶν
3092 1438 3330 1505 ἀγαθῶν.
3371 1425 3588 1510 Οὐ

2013 1508 2159 1562 ἐστιν
2203 1511 2488 1582 ἄνθρωπον
2512 1515 2620 1567 τῶν
2660 1517 2799 1570 κατά
2823 1517 2913 1569 τὸν
2947 1520 3188 1589 παρόντα
3219 1520 3331 1590 βίον
3360 1508 3586 1592 ἀντεχό-

2016 1609 2175 1662 μενον
2221 1597 2560 1665 πραγμάτων
2601 1598 2846 1669 σφοδρῶς
2894 1600 3185 1672 δυνηοῆναι
3233 1604 3585 1659 ἐπιλαϐέσθαι

2012 1676 2119 1728 τῶν
2149 1677 2206 1729 ἐν
2247 1680 2358 1739 τοῖς
2399 1679 2646 1750 οὐρανοῖς
2685 1683 2920 1752 γνησίως
2947 1683 3008 1722 ά·
3058 1685 3192 1739 ἀλλά
3238 1688 3447 1758 ἀνάγκη
3495 1689 3586 1741 τὸν

2011 1759 2140 1830 περὶ
2164 1759 2337 1814 ταῦτα
2367 1762 2738 1819 ἐσπουδακότα
2787 1767 3009 1820 ἐκείνων
3056 1769 3328 1825 ἐκπεσεῖν.
3365 1775 3446 1825 Οὐ
3477 1772 3585 1826 δύ·

2009 1847 2198 1898 ’νασθε
2254 1844 2382 1914 γὰρ,
2444 1847 2595 1917 φησί,
2641 1844 2763 1912 Θεῷ
2805 1848 3120 1904 δουλεύειν
3159 1853 3256 1905 καί
3310 1855 3581 1924 μαμωνᾷο

2010 1927 2222 1999 ἀνάγκη
2254 1929 2364 2000 γάρ
2389 1929 2507 1993 ἐνὸς
2535 1930 2773 2002 ἔχεσθαι,
2805 1934 2898 1985 καὶ
2919 1933 3010 1986 τὸν
3039 1935 3222 2006 ἕτερον
3251 1942 3445 2006 μισεῖν.
3476 1940 3585 1992 Καὶ

2008 2011 2181 2064 ταῦτα
2221 2014 2314 2066 καὶ
2352 2013 2487 2085 αὐτὴ
2534 2015 2642 2067 τῶν
2677 2017 3017 2086 πραγμάτων
3064 2019 3097 2089 ἡ
3146 2023 3311 2091 πεῖρα
3350 2021 3467 2092 βοᾷ.
3521 2024 3585 2074 Οἰ

2009 2095 2140 2164 γοῦν
2166 2098 2264 2165 τῆς
2297 2097 2406 2150 τῶν
2447 2099 2744 2170 χρημάτων
2771 2100 3063 2171 ἐπιθυμίας
3095 2103 3581 2172 καταγελάσαντες,

2009 2175 2152 2232 οὗτοι
2186 2181 2420 2250 μάλιστά
2448 2185 2584 2235 εἰσιν
2617 2185 2666 2235 οἰ
2695 2182 2787 2236 τὸν
2822 2183 2954 2236 Θεὸν
2993 2185 3314 2252 ἀγαπῶντες
3349 2187 3424 2250 ὡς
3454 2189 3580 2258 χρή·

2008 2261 2195 2333 ῶσπερ
2229 2260 2322 2317 οὖν
2349 2266 2397 2316 οἱ
2429 2265 2526 2334 τὴν
2557 2266 2728 2336 ἀρχὴν
2759 2265 2972 2336 ἐκείνην
3007 2267 3396 2338 θαυμάζοντες,
3440 2264 3585 2323 οὗτοι

2011 2347 2245 2414 μάλιστα
2273 2347 2487 2400 πάντων
2517 2349 2651 2401 εἰσὶν
2693 2350 2741 2401 οἱ
2769 2349 3116 2420 ἀμϐλυτέραν
3147 2363 3169 2390 θ
3198 2351 3296 2422 τὴν
3328 2353 3456 2423 περί
3486 2355 3583 2407 αὑ-

2008 2431 2097 2483 τὸν
2135 2431 2357 2501 ἀγάπην
2396 2433 2626 2501 ἔχοντες.
2662 2433 2820 2502 Ψυχὴ
2863 2435 2972 2503 γὰρ
3005 2433 3257 2501 καθάπαξ
3289 2436 3393 2488 ὑπὸ
3439 2437 3586 2504 φιλο-

2007 2514 2319 2584 χρηματίας
2351 2514 2574 2579 ἁλοῦσα,
2607 2516 2666 2568 οὐ
2703 2516 2898 2587 ῥαδίως
2938 2518 3058 2570 οὐδέ
3104 2519 3340 2582 εὐκόλως
3383 2537 3585 2590 παραι-

2005 2600 2229 2667 τήσεται
2260 2597 2351 2650 καὶ
2391 2598 2595 2668 πρᾶξαι
2631 2601 2724 2652 καὶ
2763 2602 2936 2652 εἰπεῖν
2963 2618 3014 2652 τι
3043 2601 3152 2653 τῶν
3176 2602 3585 2671 παροξυνόντων

2005 2682 2097 2733 τὸν
2126 2681 2278 2744 Θεὸν,
2308 2683 2403 2736 ἆτε
2438 2685 2530 2736 καὶ
2576 2684 2760 2755 ἐτέρου
2805 2685 3070 2756 γενομένη
3103 2685 3358 2739 δεσπότου
3400 2686 3582 2758 δούλη,

2007 2765 2103 2818 καὶ
2134 2765 2312 2818 πάντα
2339 2767 2668 2830 ἀπεναντίας
2697 2768 3073 2831 ἐπιτάττοντος
3098 2769 3176 2838 τῷ
3200 2770 3339 2840 Θεῷ.

2090 2847 2423 2918 ’Λνανήψατε
2458 2849 2630 2902 τοίνυν
2653 2851 2780 2903 ποτέ
2811 2851 2902 2903 καὶ
2931 2851 3266 2923 διεγέρθητε,
3285 2853 3378 2908 καί⁵
3402 2853 3587 2923 ἐννοήτ

2008 2948 2200 2995 σαντες
2245 2932 2386 2995 τίνος
2431 2933 2598 3002 ἐσμὲν
2639 2933 2878 2997 οἰκέται,
2923 2935 3020 3005 τὴν
3065 2934 3256 2988 τούτου
3309 2935 3586 3006 βασιλείαν

2005 3013 2382 3085 ἀγαπήσωμεν
2431 3016 2630 3086 μόνην·
2671 3015 3012 3086 κλαύσωμεν,
3050 3016 3408 3090 θρηνήσωμεν
3447 3020 3585 3088 ὑπὲρ

2005 3097 2114 3150 τῶν
2137 3097 2442 3169 ἔμπροσθεν
2461 3100 2685 3170 χρόνων,
2710 3094 2784 3152 ῶν
2806 3098 3198 3172 ἐδουλεύσαμεν
3219 3101 3295 3172 τῷ
3317 3106 3579 3174 μαμωνᾷτ

2008 3181 2252 3254 ῥίψωμεν
2284 3183 2447 3236 αὐτοῦ
2475 3182 2728 3250 καθάπαξ
2747 3184 2836 3236 τὸν
2864 3183 3046 3253 ζυγὸν,
3075 3185 3163 3238 τὸν
3191 3186 3461 3257 ἀφόρητον
3491 3187 3585 3240 καὶ

2004 3266 2096 3318 τὸν
2131 3265 2319 3336 βαρὺν,
2350 3268 2441 3319 καὶ
2491 3267 2740 3337 μένωμεν
2779 3268 3034 3338 φέροντες
3065 3269 3155 3322 τὸν
3188 3270 3281 3323 τοῦ
3323 3272 3582 3342 Χριστοῦ,

2003 3349 2095 3402 τὸν
2126 3349 2325 3419 κοῦφον
2359 3350 2452 3403 καὶ
2491 3352 2688 3421 ῥᾷστον
2715 3366 2726 3378 ’
2764 3353 2912 3404 οὐδὲν
2949 3353 3056 3425 γάρ
3094 3353 3370 3408 ἐπιτάττει
3412 3355 3586 3408 τοιοῦ-

2004 3448 2095 3484 τον
2146 3433 2275 3504 ἡμῖν
2321 3428 2429 3486 οἷον
2463 3434 2490 3485 ὁ
2528 3436 2808 3503 μαμωνᾶς.
2840 3431 3005 3498 Οὗτος
3051 3437 3150 3506 μὲν
3199 3437 3306 3508 γὰρ
3358 3437 3592 3508 ἐχθροὺς.

2005 3514 2216 3568 κελεύει
2277 3518 2410 3568 πᾶσι
2454 3516 2729 3583 γίνεσθαι·
2778 3518 2806 3569 ό
2854 3510 2917 3570 ’δὲ
2962 3517 3197 3588 Χριστὸς
3254 3521 3584 3584 τούναντίον,

2005 3598 2252 3662 ἅπαντας
2288 3599 2624 3664 ἀσπάζεσθαι
2669 3599 2764 3652 καί.
2809 3600 3003 3668 φιλεῖν.
3024 3601 3259 3666 Ἐκεῖνος
3303 3601 3382 3674 τῷ
3432 3603 3586 3675 πηλῷ

2005 3681 2100 3734 κοιλ⁸
2127 3685 2192 3754 τῇ
2220 3681 2468 3753 πλινθείςι
2497 3682 2854 3753 προσηλώσας
2877 3683 3053 3755 (τοῦτο
3085 3685 3192 3756 γάρ
3219 3686 3369 3739 ἐστιν
3398 3689 3426 3740 ὁ
3455 3705 3587 3758 χρυε

2007 3766 2159 3834 σὸς),
2193 3767 2314 3821 οὐδέ
2342 3767 2440 3830 τὰς
2467 3765 2666 3829 νύκτας
2707 3768 2930 3837 ἀφίησιν
2976 3768 3308 3822 ἀναπνεῦσαι
3350 3771 3544 3841 μικρόν
3565 3786 3583 3802 ο

2005 3845 2157 3912 οὗτος
2183 3853 2282 3921 τῆς
2314 3851 2412 3921 μὲν
2437 3852 2695 3922 περιττῆς
2715 3851 2919 3920 ταύτης
2944 3852 3034 3906 καὶ
3057 3853 3283 3924 ἀνοήτου
3306 3855 3585 3926 φροντίδος

2004 3936 2336 3991 ἀπαλλάττει
2358 3937 2402 4000 ί,
2429 3935 2641 3991 κελεύει
2672 3936 2729 3990 δὲ
2765 3937 3017 4006 συνάγειν
3044 3939 3169 4000 τοὺς
3199 3938 3504 4010 θησαυροὺς
3527 3941 3585 3993 ἐν

2003 4022 2115 4083 τοῖς
2147 4020 2414 4091 οὐρανοῖς,
2442 4021 2541 4074 οὐκ
2587 4022 2652 4074 ἐκ
2684 4019 2785 4091 τῆς
2813 4022 2894 4084 εἰς
2941 4021 3159 4092 ἐτέρους
3209 4023 3442 4088 ἀδικίας,
3469 4023 3584 4076 ἀλλ’

2005 4104 2071 4158 ἐκ
2099 4104 2429 4174 τῆςιοίκείας
2455 4103 2820 4175 δικαιοσύνης.
2837 4106 3071 4168 Ἐκεῖνος
3118 4105 3256 4175 μετὰ
3298 4107 3423 4169 τοὺς
3451 4107 3588 4160 πολ-

2006 4190 2128 4254 λοῦς
2160 4191 2392 4262 ἱδρῶτας
2425 4191 2520 4243 καὶ
2552 4189 2652 4253 τάς
2679 4189 3054 4260 ταλαιπωρίας
3080 4188 3204 4242 οὔτε
3235 4189 3458 4244 δύναται
3484 4209 3587 4245 πα-

2010 4277 2271 4344 ραστῆναι
2292 4273 2674 4345 κολαζομένοις
2698 4275 2831 4344 ἡμῖν
2855 4274 2974 4326 ἐκεῖ
2997 4273 3091 4326 καί.
3110 4272 3295 4337 κακῶς
3316 4274 3583 4345 πάσχουσι

2005 4357 2093 4412 διὰ
2123 4359 2249 4420 τοὺς
2295 4357 2458 4412 αὐτοῦ
2504 4358 2722 4429 νόμους,
2754 4358 2848 4410 καὶ
2893 4356 3194 4409 ἐπιτείνειε
3236 4357 3333 4429 τὴν
3375 4359 3582 4428 φλόγαο

2006 4437 2161 4503 οὗτος
2188 4442 2246 4495 δὲ
2273 4441 2372 4495 κᾶν
2406 4443 2664 4513 ποτήριον
2695 4444 2828 4512 ἡμῖν
2855 4441 3084 4513 ἐπιτάξῃ
3124 4439 3306 4496 δοῦναι
3351 4442 3584 4516 ψυχροῦ,

2006 4527 2128 4580 οὐδὲ
2157 4526 2345 4580 τούτου
2369 4528 2460 4580 τὸν
2483 4525 2674 4597 μισθὸν
2702 4527 2794 4579 καὶ
2815 4524 2912 4596 τὴν
2934 4525 3168 4598 ἀμοιϐὴν
3192 4526 3416 4597 ἀφίησιν
3435 4531 3588 4600 ήμᾶς

2007 4609 2270 4664 ἀπολέσαι
2295 4611 2446 4674 ποτὲ,
2483 4609 2617 4664 ἀλλά
2646 4609 2784 4680 μετά
2813 4609 3010 4680 πολλῆς
3037 4610 3339 4664 ἀντιδίδωσι
3366 4612 3465 4682 τῆς
3495 4613 3588 4667 δα-

2006 4693 2237 4762 ψιλείας.
2291 4694 2414 4758 [Ιῶς
2457 4691 2549 4748 οὖν
2600 4694 2698 4748 οὐκ
2742 4693 2975 4764 ἐσχάτης
3031 4694 3253 4759 ἀνοίας,
3297 4696 3396 4767 τῆς
3443 4693 3587 4748 οὕτω

2008 4779 2310 4849 προσηνοῦς
2337 4777 2650 4840 δεσποτείας
2670 4777 2763 4830 καὶ
2781 4775 3046 4830 τοσούτων
3067 4775 3342 4848 γεμούσης
3365 4779 3586 4847 ἀγαθῶν

2006 4860 2360 4929 ἀμελοῦντας,
2399 4861 2679 4931 ἀχαρίστῳ
2719 4859 2814 4912 καὶ
2858 4858 3132 4929 ἀγνώμονι
3175 4860 3447 4913 δουλεύειν
3494 4879 3586 4914 τυτ

2011 4943 2203 5015 ράννῳ,
2234 4944 2327 4996 καὶ
2353 4943 2504 4996 οὐδὲν
2545 4943 2668 4996 οὐτε
2704 4941 2958 5006 ἐνταῦθα,
2991 4941 3114 4995 οὔτε
3157 4945 3275 4997 ἐκεῖ
3301 4944 3586 5015 δυναμένῳ

2005 5029 2130 5090 τοὺς
2167 5027 2519 5096 πειθομένους
2552 5025 2698 5096 αὐτῷ
2748 5028 2843 5079 καὶ
2883 5026 3285 5098 προσέχονταςΙὶ
3314 5028 3542 5098 ὠφελεῖν
3567 5048 3594 5094 ;.
3663 5056 3669 5063 ·

2006 5110 2118 5164 Καὶ
2145 5110 2206 5163 οὐ
2230 5109 2389 5163 τοῦτο
2413 5111 2571 5180 μόνον
2598 5110 2715 5162 ἐστὶ
2742 5111 2801 5162 τὸ
2825 5110 3014 5174 δεινὸν,
3045 5110 3162 5163 οὐδὲ
3192 5110 3328 5180 αὕτη
3351 5115 3383 5182 ἡ
3411 5111 3593 5182 ζημίαι

2010 5195 2189 5264 μόνον,
2223 5195 2304 5246 ὅτι
2355 5194 2455 5246 οὐκ
2492 5193 2685 5263 ἀμύνει
2717 5191 3096 5264 κολαζομένοις
3117 5211 3131 5224 ·
3179 5194 3292 5247 ἀλλ’
3319 5195 3400 5247 ὅτι
3448 5197 3585 5265 πρὸς

2006 5276 2179 5348 τούτῳ
2223 5279 2317 5330 καὶ
2369 5277 2582 5348 μυρίοις
2632 5276 2945 5347 περιϐάλλει
2990 5279 3198 5342 κακοῖς,
3231 5277 3368 5348 ὅπερ
3415 5277 3584 5348 ἔφθην

2006 5357 2196 5424 εἰπὼν,
2225 5360 2352 5423 τοὺς
2397 5358 2747 5429 πειθομένους
2787 5359 2954 5428 αὐτῷ.
2989 5360 3126 5422 Τοὺς
3170 5360 3279 5431 γάρ
3332 5360 3585 5426 πλείονας

2005 5443 2114 5496 τῶν
2152 5443 2268 5496 ἐκεῖ
2294 5441 2692 5513 κολαζομένων,
2729 5443 2836 5496 ἀπὸ
2859 5441 3063 5513 ταύτης
3095 5441 3301 5507 ἵδοιτις
3329 5443 3395 5498 ἂν
3425 5445 3586 5500 κολας

2007 5526 2268 5597 ζομένους
2294 5528 2391 5598 τῆς
2428 5527 2626 5593 αἰτίας,
2656 5527 2738 5579 ὅτι
2761 5528 3038 5598 χρήμασιν
3070 5526 3388 5582 ἐδούλευσαν
3411 5529 3596 5585 καὶτὸ

2006 5611 2226 5682 χρυσίον
2249 5613 2561 5682 ἠγάπησαν,
2585 5612 2809 5674 καὶτοῖς
2833 5611 3103 5682 δεομένοις
3123 5611 3224 5665 οὐκ
3247 5613 3591 5686 ἐπήρκεσαν.

2068 5779 2098 5821 d
2119 5781 2200 5830 Sic
2234 5777 2384 5828 Savjl.
2428 5782 2482 5825 et
2514 5789 2628 5825 mss.
2658 5775 2780 5824 Mor.
2815 5773 3042 5835 γνησίων,
3081 5777 3229 5824 male.
3300 5779 3324 5807 ⁸
3352 5775 3433 5826 Sic
3460 5777 3586 5826 Mor.

2007 5845 2188 5905 Sav._oi
2230 5841 2559 5905 ῥᾳθυμοτέραν.
2615 5836 2650 5905 ’ί
2681 5839 2761 5886 Sic
2784 5837 3378 5905 )lorel.,:av_._?p_0wi‘ao;
3396 5840 3582 5905 ἀφίησι,

2010 5909 2035 5946 8
2064 5899 2426 5963 Boisiuk'apud
2465 5899 2576 5947 Sav.
2615 5900 2880 5963 legendum
2915 5904 3054 5962 putat
3085 5899 3206 5949 ἀλλά
3240 5901 3319 5948 καί
3349 5899 3585 5952 ἐπιτείνει.

2008 5969 2037 6006 ιι
2067 5967 2201 6018 Unus
2223 5964 2564 6029 προσήκοντας.
