4074 6374
254 349 326 407 σθ
1319 338 1388 394 1N
1424 336 1737 395 JOANNEM
1774 332 2007 395 HOMIL.
2038 338 2130 395 IX.
2170 340 2242 396 al.
2270 339 2404 399 Vill.
3460 354 3535 411 τίῆ

258 466 390 522 iacti
432 461 737 520 mercedem
766 459 940 516 amitti
972 457 1114 514 sinet
1139 496 1156 524 ,
1187 454 1284 512 sed
1322 456 1469 526 large
1500 469 1599 510 nos
1625 453 1851 525 prtcmio

259 555 508 613 donabit.
538 557 730 608 Annon
754 560 1013 611 extrema:
1037 547 1324 611 dementia:
1351 546 1517 603 fuerit
1540 586 1560 615 ,
1591 555 1699 602 tam
1728 546 1847 625 pla-

260 646 379 704 cida
410 655 465 699 et
494 651 573 699 tot
609 642 765 698 bonis
792 641 991 697 referta
1032 639 1290 696 servitute
1315 638 1558 709 neglecta
1581 679 1597 705 ,
1628 638 1845 708 ingrato

254 734 469 792 servire
510 743 735 805 tyranno
758 773 774 797 ,
801 729 895 800 qui
938 744 1111 800 neque
1152 728 1239 784 hic
1261 770 1277 796 ,
1308 742 1484 799 neque
1526 728 1638 791 illic
1672 736 1852 798 potest

255 840 352 880 eos
376 825 470 895 qui
499 824 603 879 sibi
630 823 990 893 obsequentes
1025 830 1150 881 sunt
1175 821 1406 889 iuvare?
1436 818 1624 890 Neque
1669 818 1723 874 id
1753 833 1847 875 so-

256 921 369 981 lum
411 920 541 975 mali
569 927 627 974 et
665 916 847 973 datum
874 926 992 981 est,
1019 914 1163 985 quod
1190 913 1454 985 supplicio
1492 913 1716 969 traditos
1739 928 1849 968 non

256 1023 450 1081 emat;
478 1013 578 1070 sed
620 1011 761 1083 quod
787 1052 803 1077 ,
832 1019 891 1066 ut
914 1009 1057 1074 dixi,
1083 1022 1346 1078 sequaces
1383 1021 1512 1062 suos
1555 1006 1849 1067 innumeris

255 1109 448 1169 obruat
478 1105 657 1161 malis.
701 1104 968 1163 Plurimos
1009 1101 1153 1156 enim
1179 1115 1247 1155 ex
1275 1098 1342 1154 iis
1369 1099 1458 1168 qui
1487 1098 1559 1153 ibi
1602 1096 1848 1157 crucian-

257 1209 345 1254 tur
364 1239 383 1265 ,
411 1197 601 1253 videre
637 1204 722 1251 est
760 1194 883 1249 ideo
910 1192 1170 1264 supplicio
1202 1189 1428 1245 traditos
1453 1230 1468 1255 ,
1495 1187 1637 1260 quod
1683 1202 1847 1259 pecu-

257 1290 361 1345 niis
390 1287 682 1344 servierint
706 1296 763 1342 et
784 1301 972 1341 aurum
998 1283 1230 1339 amarius
1248 1324 1264 1350 ,
1284 1281 1574 1351 egenisque
1595 1294 1702 1335 non
1728 1293 1847 1337 ero~

256 1385 451 1456 εει-ἰαί.
484 1383 618 1449 Qua:
661 1396 731 1437 ne
756 1394 857 1438 nos
876 1393 1087 1455 quoque
1115 1376 1409 1446 patiamur,
1432 1374 1805 1444 dispergamus
1828 1413 1846 1440 ,

255 1476 448 1531 demus
476 1472 803 1545 pauperibus
824 1512 841 1539 ,
886 1470 1120 1531 animam
1165 1476 1401 1522 nostram
1446 1479 1698 1520 eruamus
1725 1473 1781 1521 et
1815 1479 1846 1517 a

1956 456 2130 515 noxiis
2171 456 2329 528 hujus
2380 460 2508 512 vitm
2550 460 2729 530 curis,
2757 471 2814 518 et
2838 479 2873 519 a
2915 468 3189 539 supplicio.
3222 471 3330 530 illic
3374 481 3530 538 nobis

1955 560 2148 619 parato
2172 568 2193 605 ε.
2211 550 2539 619 deponamus
2561 552 2822 624 justitiam
2852 558 2905 613 in
2933 562 3079 618 cmlis
3110 579 3124 616 :
3153 564 3272 621 loco
3293 574 3542 625 terrenae

1953 656 2072 697 rum
2089 657 2249 712 opum
2272 644 2584 715 colligamus
2608 646 2889 709 thesauros
2908 653 2997 723 qui
3018 655 3225 712 absumi
3247 671 3533 731 nequeant,

1955 735 2238 799 thesauros
2263 738 2351 806 qui
2375 738 2581 808 possint
2604 740 2882 803 nobiscum
2908 745 2962 799 in
2993 747 3183 803 caelum
3215 752 3530 819 pervenire,

1953 828 2045 898 qui
2073 831 2280 898 possint
2317 830 2473 888 nobis
2503 832 2926 902 periclitantibus
2961 842 3281 908 patrocinari
3312 852 3367 899 et
3390 830 3530 914 judi-

1951 935 2069 975 cem
2099 920 2328 976 reddere
2355 923 2639 992 propitium
2657 941 2681 992 ς,
2701 942 2865 996 quem
2894 931 3098 988 utinam
3129 942 3184 988 et
3230 950 3373 990 nunc
3397 946 3451 991 et
3478 938 3530 993 in

1952 1013 2045 1070 illa
2070 1014 2159 1070 die
2185 1016 2473 1086 propitium
2498 1016 2793 1088 habentes,
2819 1035 2940 1077 cum
2964 1023 3211 1082 libertate
3240 1027 3397 1084 bonis
3423 1029 3537 1087 illis

1952 1105 2007 1160 in
2035 1105 2170 1161 caelo
2199 1106 2400 1176 paratis
2431 1108 2496 1162 iis
2519 1108 2610 1177 qui
2637 1119 2784 1165 recte
2808 1110 3033 1183 diligunt
3058 1128 3180 1170 eum
3203 1158 3217 1181 ,
3246 1116 3525 1175 fruamur:

1950 1198 2121 1268 gratia
2160 1208 2215 1252 et
2254 1198 2578 1269 benignitate
2629 1202 2842 1265 Domini
2895 1208 3064 1262 nostri
3111 1208 3239 1265 Jesu
3288 1210 3486 1268 Christi
3513 1255 3540 1284 λ

1951 1288 2163 1358 quicum
2194 1289 2336 1348 Patri
2364 1291 2531 1361 gloria
2562 1308 2774 1364 unaque
2803 1307 2988 1352 sancto
3015 1299 3267 1369 Spiritui,
3288 1319 3429 1360 nunc
3476 1316 3541 1373 ea

1950 1394 2199 1450 semper,
2229 1390 2281 1436 et
2309 1381 2367 1440 in
2394 1383 2587 1442 srecula
2616 1386 2956 1444 saeculorum.
2983 1390 3176 1454 Amen,

1655 1673 2003 1745 HOMILIA
2036 1674 2151 1742 IX.

341 1826 434 1882 11.
462 1824 533 1879 In
560 1824 774 1895 prapria
796 1822 950 1890 venit,
979 1830 1026 1876 et
1051 1826 1131 1876 sui
1159 1836 1272 1876 eum
1297 1834 1401 1879 non
1437 1828 1753 1886 receperunt.

324 1920 379 1975 ί.
408 1918 469 1974 Si
497 1916 741 1989 priorum
761 1913 1184 1975 reminiscamini
1210 1954 1226 1981 ,
1252 1928 1373 1982 quas
1398 1919 1694 1982 sequuntur
1718 1926 1843 1967 cum

253 2010 443 2080 majori
492 2009 772 2064 alacritate
813 2005 1171 2075 adjiciemus,
1214 2012 1400 2075 utpote
1446 2003 1536 2073 qui
1588 2017 1841 2074 magnum

254 2103 569 2175 impendere
596 2102 808 2164 lucrum
853 2100 1150 2159 videamus.
1190 2098 1266 2153 ιω
1311 2098 1455 2153 enim
1500 2096 1654 2152 vobis
1680 2104 1842 2165 captu

254 2195 463 2261 facilior
492 2209 673 2250 sermo
714 2193 858 2258 erit,
889 2191 935 2247 si
969 2192 1081 2260 jam
1126 2190 1395 2250 dictorum
1445 2187 1841 2253 memineritis;

254 2290 517 2359 nobisque
555 2303 665 2344 non
694 2286 865 2349 multo
903 2299 1039 2356 opus
1077 2283 1183 2340 erit
1222 2282 1441 2349 labore,
1487 2295 1609 2336 cum
1650 2293 1746 2334 vos
1774 2294 1845 2335 ex

255 2380 497 2447 discendi
545 2379 842 2457 cupiditate
886 2377 1098 2435 acutius
1135 2383 1333 2431 ctetera
1377 2371 1694 2443 dispicietis.
1738 2369 1842 2438 Qui

256 2475 401 2535 enim
448 2488 514 2528 ea
561 2488 681 2543 quae
710 2470 905 2531 tradita
934 2478 1062 2525 sunt
1090 2482 1309 2538 semper
1351 2464 1547 2521 mittit
1568 2505 1587 2532 ,
1616 2463 1843 2519 doctore

251 2580 465 2637 Semper
492 2565 690 2635 egebit,
723 2578 825 2623 nec
853 2576 1107 2632 Umquam
1131 2561 1266 2617 sciet
1294 2558 1602 2630 quidpiam;
1631 2556 1723 2625 qui
1744 2571 1841 2611 au.

256 2670 359 2723 tem
388 2668 613 2730 accepta
638 2657 912 2724 custodit,
943 2667 997 2712 et
1020 2656 1227 2727 reliqua
1252 2653 1602 2726 superaddit,
1630 2652 1739 2709 cito
1768 2665 1839 2706 ex

254 2750 517 2820 discipulo
563 2750 820 2820 magister
862 2749 1003 2815 erit,
1056 2764 1156 2804 nec
1193 2748 1293 2803 sibi
1343 2746 1553 2813 solum,
1580 2743 1677 2800 sed
1718 2742 1839 2799 aliis

252 2858 464 2914 quoque
491 2842 658 2897 utilis.
684 2839 996 2910 Huiusmodi
1021 2854 1184 2909 Spero
1210 2838 1321 2893 lore
1342 2837 1480 2894 hanc
1498 2835 1834 2902 concionem,

251 2934 406 3004 idque
450 2948 522 2987 ex
547 2941 697 2986 tanto
724 2941 907 2993 vestro
945 2930 1198 2987 audiendi
1228 2929 1406 2984 studio
1444 2945 1696 2999 auguror.
1723 2929 1837 2999 Age

251 3040 397 3095 ergo,
430 3026 489 3080 in
517 3024 718 3081 vestris
747 3023 962 3093 animis,
997 3023 1153 3093 quasi
1177 3022 1231 3077 in
1263 3022 1529 3077 tutissimo
1559 3022 1832 3087 thesauro,

249 3129 531 3190 argentum
581 3117 795 3185 Domini
821 3117 1197 3187 deponamus,l
1222 3124 1281 3171 et
1322 3130 1445 3185 quae
1486 3113 1640 3168 nobis
1670 3111 1832 3168 hodie

251 3214 524 3286 proposita
576 3221 731 3279 sunt,
758 3221 1016 3282 quantum
1046 3209 1204 3269 nobis
1231 3208 1465 3286 Spiritus
1494 3206 1661 3279 gratia
1702 3218 1833 3275 sup-

248 3306 522 3374 peditabit,
550 3304 903 3374 explicemus.
939 3303 1156 3361 Dixerat
1173 3342 1191 3367 ,
1222 3300 1452 3365 Mundus
1480 3316 1595 3354 eum
1619 3315 1721 3353 non
1745 3314 1833 3352 cov

246 3398 444 3469 parit,
498 3397 571 3453 de
615 3395 1005 3466 antiquioribus
1058 3394 1168 3449 illis
1210 3393 1539 3462 temporibus
1584 3392 1827 3461 loquens.

249 3490 533 3547 Descendit
576 3489 773 3545 deinde
813 3489 881 3557 ad
924 3497 1134 3557 tempus
1166 3484 1603 3556 praedicationis,
1628 3492 1682 3538 et
1705 3482 1826 3537 ait:

248 3582 309 3651 is
334 3585 549 3654 propria
578 3584 711 3643 venit
734 3624 749 3647 ,
779 3591 827 3636 et
855 3581 933 3635 sui
962 3597 1077 3634 eum
1100 3596 1203 3636 non
1232 3587 1554 3649 receperunt.
1575 3576 1712 3633 Suos
1741 3575 1829 3631 hic

247 3673 454 3733 ludzos
478 3686 660 3740 vocat,
682 3683 744 3728 ut
768 3672 1017 3742 populum
1046 3671 1391 3742 peculiarem,
1417 3670 1503 3726 vel
1526 3670 1688 3725 etiam
1713 3684 1830 3725 om-

248 3782 337 3822 nes
379 3764 632 3822 homines
673 3774 941 3833 tamquam
968 3763 1036 3818 ab
1062 3764 1179 3843 ipso
1199 3771 1429 3821 creatos.
1460 3763 1539 3816 Ac
1565 3760 1827 3833 quemad-

248 3857 455 3912 modum
483 3871 645 3926 supra
670 3856 739 3911 de
793 3857 1091 3910 multorum
1112 3854 1345 3915 amentia
1388 3862 1609 3923 stupens
1630 3894 1646 3919 ,
1679 3850 1828 3915 etde

249 3954 510 4004 commtmi
533 3957 723 4004 natura
748 3947 1075 4011 erubescens
1098 3946 1332 4013 dicebat,
1363 3945 1620 4001 mundum
1644 3944 1827 3999 abillo

251 4039 518 4101 conditum
538 4080 556 4105 ,
587 4049 888 4100 creatorem
928 4046 1087 4103 suum
1116 4052 1223 4092 non
1250 4037 1564 4107 cognovisse
1596 4053 1611 4091 :
1652 4036 1732 4091 sic
1772 4044 1827 4093 et

252 4130 345 4186 hoc
369 4132 490 4187 loco
514 4129 825 4197 ludatur-um
861 4130 1196 4199 aliorumque
1245 4130 1532 4183 multorum
1560 4128 1825 4199 ingratum

252 4224 481 4278 animum
504 4240 650 4295 mgre
680 4225 893 4291 ferens,
922 4223 977 4278 iu
1000 4223 1301 4293 graviorem
1327 4222 1629 4293 prorumpit
1663 4235 1825 4278 accu-.

256 4315 505 4371 sationem
532 4357 548 4380 ,
607 4315 841 4371 dicens:
888 4313 987 4379 Sui
1031 4331 1147 4369 eum
1193 4331 1296 4369 non
1340 4322 1674 4383 receperunt,
1723 4312 1827 4367 etsi

256 4405 359 4475 ipse
382 4407 450 4462 ad
491 4408 617 4462 illos
641 4406 871 4462 venerit.
923 4405 1108 4477 Neque
1134 4407 1249 4476 ipse
1277 4405 1450 4461 solum
1479 4446 1496 4472 ,
1527 4404 1622 4459 sed
1664 4403 1826 4459 etiam

256 4499 515 4569 prophetae
545 4499 778 4569 idipsum
804 4498 1106 4555 mirabundi
1124 4498 1372 4554 dixerunt
1404 4514 1420 4551 :
1450 4510 1658 4552 necnon
1690 4496 1826 4561 Paus

256 4588 330 4651 lus
353 4589 434 4644 his
460 4589 531 4645 de
559 4590 724 4657 rebus
765 4590 1173 4661 obstupescens.
1203 4591 1270 4645 Et
1309 4588 1583 4660 propheta:
1610 4588 1827 4658 quidem

255 4696 313 4734 ex
354 4696 582 4750 persona
628 4681 828 4750 Christi
873 4684 1169 4745 clamantes
1209 4682 1507 4744 dixerunt:
1556 4679 1825 4752 Papulas,

254 4788 389 4841 quan
412 4790 518 4828 non
547 4775 796 4843 cognoui,
826 4774 1029 4837 seruiuit
1057 4774 1182 4827 mihi
1210 4791 1226 4829 :
1257 4774 1313 4828 in
1342 4773 1523 4827 auditu
1544 4773 1680 4827 auris
1708 4773 1827 4837 obe-

256 4864 366 4919 dicit
394 4865 540 4919 mihi.
568 4862 698 4932 Filii
718 4866 874 4919 alieni
900 4866 1093 4931 mentiti
1115 4873 1237 4932 sunt
1256 4866 1418 4929 mihi;
1448 4865 1546 4933 ﬁlii
1567 4863 1725 4918 alieni
1743 4863 1826 4919 in-

256 4956 450 5010 reterati
493 4964 613 5009 sunt
638 4996 655 5020 ,
682 4965 743 5010 et.
772 4956 1184 5017 claudicaverrmt
1219 4972 1255 5009 a
1289 4955 1485 5013 semitis
1516 4954 1627 5016 suis
1654 4952 1824 5025 (Psal.

257 5046 334 5103 l7.
362 5047 455 5112 45.
482 5043 600 5119 46).
629 5045 943 5103 Etrursutn
974 5065 988 5102 :
1023 5047 1223 5113 Quibus
1246 5064 1353 5101 non
1374 5058 1447 5102 est
1468 5055 1737 5101 narratum
1764 5044 1829 5098 de

254 5152 336 5203 es,
365 5136 607 5193 ridebunt
627 5152 649 5190 :
682 5137 845 5208 ecqui
890 5153 993 5191 nan
1035 5137 1335 5205 audierunt,
1364 5137 1641 5208 intelligent
1668 5133 1821 5205 (Isai.

253 5226 334 5280 52.
361 5226 457 5297 15)
480 5242 497 5292 ;
525 5235 614 5293 et,
642 5214 885 5281 Inventus
914 5244 1026 5282 sum
1048 5245 1083 5281 a
1105 5228 1565 5299 nanquwrentibus
1591 5240 1706 5282 nte:
1732 5242 1829 5298 pa-

254 5318 349 5372 lam
364 5318 589 5391 apparui
614 5320 685 5375 iis
703 5320 795 5388 qui
821 5336 901 5374 me
918 5336 1021 5374 non
1042 5310 1417 5391 interrogabant
1441 5318 1603 5386 (Ibid.
1634 5318 1725 5374 66.
1748 5316 1824 5388 1).

255 5407 447 5466 Paulus
485 5419 670 5469 autem
716 5410 787 5465 ad
812 5410 1088 5466 Romanos
1119 5410 1365 5465 scribens
1405 5409 1615 5466 dicebat
1644 5427 1659 5464 :
1691 5408 1829 5474 Quid

254 5516 363 5572 ergo
379 5501 406 5555 2
426 5502 563 5571 quod
580 5500 839 5571 querebat
862 5500 1037 5557 Israel
1054 5541 1071 5569 ,
1102 5501 1333 5556 hocnon
1359 5510 1788 5571 estconsequutus
1808 5516 1828 5554 :

255 5592 419 5648 electio
447 5603 620 5659 autem
641 5604 955 5665 consequuta
981 5605 1055 5650 est
1083 5594 1375 5665 (Romsﬂ'.
1401 5594 1477 5665 7).
1505 5594 1577 5649 Et
1595 5594 1786 5651 iterum
1812 5612 1826 5650 :

258 5682 387 5748 Quid
412 5702 533 5757 ergo
556 5686 786 5743 dicemus
807 5687 833 5741 2
864 5687 1015 5754 Quod
1039 5695 1248 5758 gentes,
1292 5701 1417 5755 quat-
1436 5702 1539 5741 non
1565 5686 1829 5741 sectaban-

257 5784 332 5831 tur
365 5779 654 5851 justitiam,
695 5780 1141 5852 apprehenderunt
1179 5779 1440 5851 justitiam
1473 5794 1493 5835 :
1523 5776 1690 5837 Israel
1715 5795 1829 5837 vero

1950 1821 2190 1875 sectanda
2215 1821 2376 1892 legem
2399 1824 2648 1894 justitite,
2678 1828 2733 1882 in
2757 1829 2917 1901 legem
2944 1833 3160 1904 justititz
3182 1855 3283 1893 non
3311 1832 3563 1910 pervenis

1955 1912 2129 2005 (Rom.
2158 1912 2215 1969 9.
2247 1913 2359 1985 ὅθ).
2390 1915 2499 1972 Res
2522 1928 2606 1973 est
2631 1920 2774 1974 enim
2804 1922 3159 1983 admiratione
3186 1929 3366 2001 digna,
3398 1950 3533 2005 quo-

1951 2004 2112 2060 modo
2139 2005 2174 2059 ii
2199 2007 2289 2076 qui
2328 2009 2380 2061 in
2424 2009 2752 2080 propheticis
2782 2014 2931 2070 libris
2960 2017 3168 2075 educati
3212 2033 3375 2092 sunt,
3405 2004 3539 2098 quis.

1949 2112 2053 2192 que
2095 2100 2334 2192 quotidie
2376 2103 2597 2157 audiunt
2642 2105 2857 2177 Moysen
2906 2110 3184 2169 innumera
3224 2117 3291 2171 de
3332 2118 3531 2192 Christi

1949 2187 2181 2244 adventu
2233 2191 2535 2261 loquentem
2560 2235 2577 2261 ,
2605 2212 2813 2252 necnon
2858 2205 3195 2271 sequentium
3230 2187 3537 2279 temporum

1951 2279 2236 2348 prophetas
2262 2322 2278 2349 ,
2308 2293 2469 2352 atque
2497 2286 2669 2355 ipsum
2710 2286 2980 2347 Christum
3008 2296 3244 2365 quotidie
3272 2301 3539 2359 miracula

1948 2380 2246 2440 patrantem
2271 2414 2287 2440 ,
2317 2390 2546 2447 cumque
2591 2379 2722 2449 ipsis
2749 2382 2882 2439 solis
2928 2399 3228 2445 versantem
3254 2434 3270 2457 ,
3300 2395 3527 2451 necdum

1947 2465 2342 2533 permittentem
2372 2469 2647 2540 discipulis
2673 2483 2732 2528 ut
2759 2475 2812 2531 in
2842 2477 2981 2533 viam
3007 2483 3246 2550 gentium
3272 2487 3535 2556 abirent,

1946 2566 2039 2610 aut
2062 2558 2116 2611 in
2142 2558 2414 2615 civitatem
2442 2561 2898 2624 Samaritanorum
2927 2571 3352 2645 ingrederentur,
3383 2583 3535 2649 quod

1947 2663 2121 2720 neque
2137 2650 2251 2721 ipse
2281 2653 2538 2722 faciebat,
2569 2658 2662 2713 sed
2682 2658 2989 2730 frequenter
3002 2665 3212 2721 diccbat
3228 2685 3286 2725 se
3301 2673 3531 2730 missum

1947 2756 2068 2797 esse
2095 2744 2162 2798 ad
2190 2760 2320 2800 oves
2337 2762 2454 2816 qua:
2472 2749 2739 2817 perierant
2755 2751 3125 2811 dumuslsrael
3147 2776 3161 2823 ;
3187 2769 3419 2816 attamen
3446 2764 3529 2821 illi

1946 2844 2067 2902 post
2081 2842 2159 2887 tot
2178 2835 2327 2906 signa
2348 2837 2399 2890 iu
2422 2842 2645 2908 gratiam
2663 2844 2742 2897 sui
2763 2844 2925 2911 edita,
2950 2862 3069 2902 cum
3089 2853 3372 2920 prophetas
3390 2871 3525 2925 quo-

1946 2923 2073 2982 tidie
2086 2926 2349 2992 audirent,
2373 2928 2651 3001 ipsumque
2671 2933 2937 2992 Christum
2960 2939 3173 2996 assidue
3188 2923 3519 3011 monentinn,

1944 3030 2112 3084 usque
2138 3018 2273 3075 adeo
2312 3035 2485 3077 caecos
2511 3033 2672 3094 atque
2714 3028 2905 3085 surdos
2948 3046 3007 3086 se
3054 3035 3433 3105 prsestiterint,
3464 3049 3523 3095 ut

1942 3107 2091 3161 nullo
2130 3123 2315 3164 eorum
2344 3111 2411 3166 ad
2440 3112 2597 3168 ﬁdem
2645 3116 2701 3171 in
2724 3117 2994 3175 Christum
3020 3122 3197 3179 induci
3229 3129 3519 3196 potuerint.

2012 3198 2240 3257 Externa
2262 3204 2587 3276 philosophia
2607 3224 2757 3278 quant
2781 3214 3000 3268 absurda
3024 3225 3071 3269 et
3084 3219 3265 3288 turpis.
3285 3250 3356 3259 —
3371 3220 3519 3277 Cen-

1940 3290 2059 3346 tiles
2101 3302 2278 3348 autem
2308 3296 2445 3352 nihil
2483 3298 2672 3354 horum
2710 3307 3027 3375 consequuti
3053 3346 3071 3373 ,
3095 3308 3275 3367 divinat
3302 3314 3522 3372 oracula

1940 3397 2009 3436 ne
2033 3384 2083 3437 in
2108 3386 2310 3441 somnis
2328 3389 2541 3458 quidem
2593 3391 2871 3450 audierant
2899 3412 2915 3462 ;
2949 3397 3044 3453 sed
3071 3400 3122 3454 in
3154 3400 3343 3458 fabulis
3369 3407 3517 3461 insa-

1938 3473 2195 3531 uiantium
2225 3480 2417 3535 versati
2442 3480 2463 3553 (
2492 3482 2568 3536 sic
2595 3484 2738 3542 enim
2764 3501 2897 3542 voco
2917 3498 3193 3546 externam
3224 3494 3367 3550 illam
3398 3496 3517 3567 phi-

1936 3565 2233 3638 los0phiam
2257 3569 2277 3641 )
2303 3580 2357 3625 et
2387 3583 2661 3642 poetarum
2696 3576 3044 3636 deliramenta
3076 3594 3361 3643 tractantes
3449 3590 3515 3645 li-

1934 3660 2054 3730 gnis
2096 3670 2153 3718 et
2190 3663 2453 3731 lapidibus
2492 3667 2690 3724 addicti
2719 3683 2874 3726 erant
2897 3715 2914 3740 ,
2950 3689 3048 3730 nec
3083 3677 3166 3732 vel
3189 3679 3241 3733 in
3270 3680 3512 3739 doctrina

1936 3751 2021 3807 vel
2049 3753 2103 3806 in
2134 3768 2343 3811 morum
2364 3756 2645 3828 disciplina
2664 3762 2935 3832 quidpiam
2961 3781 3148 3822 sanum
3167 3770 3249 3825 vel
3264 3773 3389 3827 utile
3409 3789 3511 3829 no-
3618 3749 3623 3756 q

1933 3852 2155 3911 verant;
2182 3845 2288 3900 vita
2317 3848 2511 3919 quippe
2537 3850 2745 3906 illorum
2784 3853 3040 3925 impurior
3069 3874 3226 3929 quam
3273 3862 3511 3921 doctrina

1931 3934 2313 4006 scelestiorque
2328 3949 2462 3993 erat.
2481 3942 2617 4007 Quid
2648 3953 2823 3999 autem
2854 3947 2994 4002 aliud
3022 3951 3345 4019 sperandum
3372 3965 3516 4026 erat,

1927 4039 2049 4080 cum
2078 4026 2209 4083 deos
2237 4043 2365 4085 suos
2393 4032 2633 4088 viderent
2658 4037 2819 4092 nullis
2848 4054 2951 4093 non
2969 4039 3180 4111 ﬂagitiis
3193 4045 3510 4113 gaudentes,

1926 4124 2089 4189 atque
2116 4119 2386 4177 obscaauis
2410 4125 2586 4180 verbis
2609 4169 2623 4193 ,
2653 4127 3183 4203 obscmnioribusque
3205 4137 3364 4193 rebus
3392 4141 3511 4195 cul-

1929 4218 2012 4266 tos
2041 4229 2054 4265 :
2085 4212 2200 4267 haec
2230 4228 2327 4282 pro
2356 4214 2505 4272 festis
2533 4218 2722 4275 diebus
2745 4230 2800 4275 et
2829 4238 2926 4292 pro
2951 4223 3156 4281 honore
3199 4227 3459 4287 habentes
3490 4250 3514 4288 :-

1925 4304 1995 4365 ad
2021 4305 2134 4361 lucc
2159 4308 2322 4362 etiam
2352 4310 2596 4367 nefandis
2642 4313 2876 4370 caedibus
2905 4357 2920 4381 ,
2964 4333 3360 4390 puerorumque
3390 4339 3508 4379 ma-

1926 4399 2249 4455 ctationibus
2275 4400 2585 4469 honoratos,
2610 4420 2713 4475 qua
2732 4407 2783 4460 in
2809 4423 2869 4463 re
2896 4408 3026 4464 deos
3056 4411 3154 4479 ipsi
3180 4426 3304 4467 suos
3331 4414 3511 4470 imita-

1927 4488 2139 4545 bantur.
2165 4493 2413 4549 Attamen
2438 4496 2491 4549 in
2520 4497 2692 4567 ipsum
2714 4500 2967 4569 nequitiac
2994 4501 3317 4571 profundum
3351 4505 3515 4577 lapsi,»

1928 4593 2149 4651 repente
2168 4587 2321 4655 quasi
2345 4602 2439 4656 per
2461 4589 2747 4658 quamdam
2770 4592 3069 4647 machinam
3097 4594 3355 4651 sublimes
3383 4600 3511 4668 acti,

1927 4694 1992 4734 ex
2020 4679 2136 4748 ipso
2160 4678 2413 4733 caelorum
2445 4681 2645 4737 vertice
2664 4682 2916 4738 sublimes
2941 4684 3094 4738 nobis
3123 4700 3509 4755 apparuerunt.

1927 4767 1985 4823 Id
2011 4783 2141 4824 vero
2170 4769 2439 4838 quomodo
2464 4778 2519 4825 et
2552 4771 2692 4826 unde
2717 4773 2933 4827 evenit?
2960 4774 3097 4829 Audi
3126 4776 3347 4832 Paulum
3387 4795 3509 4833 nar-

1930 4869 2159 4917 rantem.
2194 4862 2388 4917 Beatus
2414 4864 2612 4933 quippe
2639 4863 2731 4918 ille
2762 4904 2778 4930 ,
2809 4863 2935 4919 dum
2980 4865 3095 4923 haec
3124 4868 3408 4940 diligenter
3438 4873 3513 4928 in-

1928 4953 2184 5022 quireret,
2210 4969 2315 5009 non
2355 4957 2585 5009 cessavit
2627 4955 2799 5012 donec
2828 4972 3042 5036 causam
3085 4961 3420 5031 invenisset,
3450 4975 3509 5021 ut

1929 5045 2177 5100 omnibus
2218 5046 2477 5115 aperiret.
2516 5047 2770 5114 Qumnam
2804 5050 2889 5105 illa
2919 5060 3002 5106 est
3033 5094 3049 5121 ,
3098 5064 3165 5109 et
3184 5055 3324 5111 unde
3365 5065 3510 5112 tanta

1929 5137 2139 5191 csccitas
2165 5138 2294 5208 ipsis
2321 5140 2612 5194 obvenerat
2634 5139 2816 5195 ?‘Audi
2844 5142 3003 5198 illum
3019 5144 3115 5200 cui
3138 5144 3511 5203 hoe‘miuistec

1930 5231 2067 5285 rium
2092 5233 2365 5287 creditum:
2382 5233 2575 5288 fuerat.
2604 5235 2751 5303 Quid
2773 5252 2901 5307 ergo
2928 5238 3057 5295 dicit
3081 5282 3095 5305 ,
3128 5253 3195 5295 ut'
3213 5242 3497 5298 dubitatio.

1930 5337 2059 5378 nem
2091 5325 2379 5379 multorum
2415 5327 2637 5380 solvat?
2680 5326 2983 5400 Ignorantes
3000 5333 3257 5403 justitiam
3297 5332 3396 5388 Dei
3419 5376 3435 5401 ,
3462 5345 3512 5391 et

1930 5423 2207 5484 querentes
2233 5417 2497 5486 prapriam
2510 5418 2767 5487 justitiam
2792 5431 3029 5487 statuere,
3046 5424 3267 5493 justitia:
3290 5423 3388 5481 Dei
3406 5443 3511 5483 nan

1932 5518 2047 5562 sunt
2063 5506 2273 5579 subjecti
2295 5508 2469 5579 (Rom.
2484 5510 2570 5565 10.
2589 5510 2667 5582 '5).
2688 5512 2974 5583 Propterea
2991 5531 3119 5585 ergo
3131 5515 3183 5571 id
3205 5517 3347 5587 passi
3360 5528 3509 5574 sunt.

1933 5601 2011 5655 Ac
2033 5614 2217 5654 rursus
2239 5599 2469 5671 idipsum
2501 5601 2659 5657 aliter
2692 5606 2964 5674 explicans
3001 5605 3132 5662 dicit
3164 5624 3180 5662 :
3228 5608 3365 5675 Quid
3392 5626 3512 5681 ergo

1933 5689 2151 5745 dicemus
2176 5691 2201 5745 ξ)
2233 5690 2382 5759 Quod
2422 5703 2592 5764 gentes
2617 5710 2729 5763 quin
2746 5712 2848 5750 non
2871 5697 3193 5754 sectabantur
3209 5700 3467 5770 justitiam
3489 5736 3508 5759 ι

1939 5780 2377 5856 appreltenderunt
2405 5786 2667 5857 justitiam
2682 5803 2701 5841 :
2712 5788 2967 5859 justitiam
3004 5801 3170 5846 autem
3192 5807 3305 5865 qua
3322 5809 3387 5849 ea;
3410 5794 3515 5862 ﬁas
