4074 6374
514 313 572 369 τι
1222 305 1279 361 8.
1318 300 1597 359 JOANNlS
1631 300 2101 359 CHRYSOSTOMI
2139 301 2459 360 ARCHIEP.
2499 269 3027 369 CONSTANTINOP.
3723 326 3789 378 τε

514 435 608 478 est.
632 421 799 478 Israel
815 437 931 477 vero
956 417 1192 475 sectanda
1203 418 1362 488 legem
1372 417 1608 488 justitiw,
1636 416 1691 469 in
1714 416 1871 486 legem
1887 412 2104 484 justitia:

522 537 623 571 non
647 518 886 589 pervenit.
918 514 1012 568 Dic
1030 530 1132 584 qua
1159 512 1222 567 de
1242 512 1440 566 causa?
1469 510 1601 578 Quia
1619 526 1720 563 non
1746 525 1809 563 ea:
1838 508 1939 577 ﬁde
1967 523 1985 561 :
2008 509 2103 560 im-

519 621 761 680 pegerunt
789 608 919 662 enim
948 608 1000 659 in
1026 604 1247 675 lapidem
1278 601 1570 669 offensionis
1597 600 1770 674 (Rom.
1802 601 1855 656 9.
1886 598 2100 670 50-52);

524 703 628 757 hoc
679 712 783 768 est,
824 698 1169 756 incredulitas
1190 698 1294 752 illis
1318 712 1476 750 causa
1507 697 1768 749 malorum
1798 695 1894 749 fuit
1926 711 1938 749 :
1968 694 2104 749 hanc

522 808 652 851 vero
677 796 886 863 peperit
924 791 1250 861 arrogantia.
1293 789 1425 855 Quia
1451 789 1592 842 enim
1618 797 1773 841 antea
1807 788 1922 856 plus
1940 802 2098 855 quam

518 887 745 956 gentiles
772 884 1027 939 habentes
1060 924 1074 949 ,
1104 883 1247 953 quod
1297 897 1487 950 nempe
1525 881 1695 949 legem
1723 880 2053 950 accepissent
2083 920 2098 944 ,

522 980 688 1032 Deum
727 985 949 1032 nossent
979 1018 993 1042 ,
1025 986 1079 1030 ct
1109 976 1210 1029 alia
1253 990 1370 1044 quin
1413 973 1606 1027 Paulus
1638 980 1900 1027 memorat
1933 1013 1947 1036 ,
1982 980 2101 1040 post

518 1072 714 1126 Christi
747 1069 1033 1124 adventum
1080 1067 1307 1137 gentiles
1343 1048 1602 1120 Ividerunt
1644 1080 1741 1133 per
1776 1063 1933 1117 ﬁdem
1978 1078 2100 1117 eum

520 1168 635 1234 pari
663 1176 845 1216 secum
874 1160 1078 1215 honore
1106 1168 1321 1213 vocatos
1350 1197 1365 1224 ,
1397 1172 1460 1211 ac
1485 1165 1603 1227 post
1630 1155 1788 1209 ﬁdem
1817 1154 1949 1207 nihil
1984 1154 2100 1223 plus

520 1257 722 1310 habere
750 1270 872 1310 eum
915 1253 1005 1322 qui
1034 1268 1097 1307 ex
1129 1250 1538 1305 circumcisione
1564 1256 1709 1303 esset
1743 1290 1757 1313 ,
1787 1263 1943 1318 quam
1977 1261 2099 1300 eum

518 1350 608 1418 qui
631 1364 693 1402 ex
717 1347 965 1418 gentibus
986 1346 1302 1400 accessisset
1337 1362 1350 1397 :
1384 1360 1450 1397 ex
1475 1342 1721 1411 superbia
1768 1341 1819 1394 in
1848 1340 2100 1395 invidiam

517 1441 720 1510 delapsi
747 1448 872 1494 sunt
899 1480 913 1502 ,
945 1449 1107 1508 atque
1153 1436 1473 1491 ineffabilem
1507 1435 1648 1488 illam
1679 1434 2101 1502 immensamque

518 1535 730 1590 Domini
755 1532 1135 1603 benignitatem
1165 1545 1271 1585 non
1302 1528 1537 1583 tulerunt
1561 1546 1574 1580 :
1594 1526 1734 1596 quod
1759 1542 1860 1580 non
1888 1525 2102 1581 aliunde

517 1625 799 1698 processit,
831 1638 987 1694 quam
1016 1638 1081 1677 ex
1111 1621 1438 1691 arrogantia,
1468 1618 1703 1688 nequitia
1728 1626 1784 1673 et
1810 1617 1957 1672 odio.

585 1719 641 1772 ἓ.
666 1718 803 1787 Quid
831 1718 995 1783 enim,
1024 1716 1262 1770 omnium
1291 1711 1595 1775 stultissimi
1619 1752 1632 1774 ,
1661 1710 1749 1764 illa
1780 1711 1831 1764 in
1859 1710 1993 1764 alios
2017 1706 2098 1763 ef-

512 1814 628 1868 fusa
658 1809 986 1878 providentia
1010 1807 1162 1862 vobis
1188 1805 1366 1860 damni
1387 1802 1578 1857 affert?
1609 1817 1732 1855 num
1757 1801 1893 1857 bona
1921 1809 2099 1854 vestra

516 1918 581 1956 ex
640 1902 865 1954 aliorum
917 1898 1190 1953 consortio
1252 1893 1672 1948 minuebantur?
1719 1892 1914 1946 Verum
1959 1904 2099 1944 eatea

515 1992 755 2062 profecto
798 1989 997 2045 malitia
1028 1996 1111 2044 est
1134 2030 1150 2054 ,
1173 2002 1292 2058 qua:
1315 1984 1444 2056 quid
1470 1985 1659 2039 deceat
1686 1984 1964 2054 percipere
2006 1998 2099 2036 ue-

516 2084 649 2153 quit.
682 2080 986 2137 Exulcerati
1009 2094 1139 2149 ergo
1163 2079 1303 2149 quod
1333 2079 1383 2132 iu
1412 2075 1857 2132 eademlibertate
1880 2089 2100 2129 consor-

526 2185 609 2231 tes
641 2176 919 2241 haberent,
949 2174 1000 2227 in
1031 2187 1088 2227 se
1112 2173 1344 2243 gladium
1378 2171 1744 2242 impulerunt,
1780 2184 1943 2236 seque
1970 2183 1998 2221 a
2030 2166 2103 2221 di-

516 2273 641 2325 vina
668 2270 992 2340 benignitate
1019 2268 1290 2337 ejeceruut
1313 2284 1327 2332 ;
1354 2274 1409 2320 et
1433 2265 1554 2334 jure
1581 2263 1815 2334 quidem.
1842 2262 1972 2316 Nam
2004 2262 2098 2316 ait:

516 2364 690 2417 Amice
717 2403 731 2428 ,
758 2378 859 2414 non
887 2360 1021 2432 facio
1048 2359 1135 2412 tibi
1161 2357 1405 2428 injuriam
1430 2371 1447 2409 :
1473 2355 1585 2409 volo
1609 2364 1777 2406 autem
1804 2362 1849 2406 et
1872 2352 1949 2406 his
1980 2351 2102 2405 dare

514 2455 646 2507 sicut
673 2462 720 2506 et
748 2453 835 2505 tibi
859 2457 876 2522 (
902 2449 1089 2504 Matth.
1118 2448 1211 2503 920.
1241 2448 1328 2502 15.
1360 2445 1487 2517 14).
1522 2445 1633 2499 lmo
1656 2459 1722 2498 ne
1743 2444 1960 2513 quidem
2002 2441 2100 2496 hac

517 2544 866 2614 responsione
886 2542 1028 2611 digni
1055 2549 1197 2594 sunt.
1225 2538 1321 2592 Ille
1342 2552 1571 2607 namque
1592 2536 1690 2589 etsi
1709 2550 1849 2605 aegre
1876 2533 2098 2600 ferebat,

518 2646 726 2709 poterat
756 2646 931 2690 tamen
959 2633 1065 2689 diei
1095 2633 1257 2687 totius
1279 2632 1488 2685 labores
1522 2672 1537 2696 ,
1564 2643 1832 2683 mrumnas
1867 2670 1882 2694 ,
1910 2637 2098 2681 a-stum

515 2742 572 2788 et
613 2730 862 2785 sudorem
914 2727 1153 2797 proferre
1181 2742 1196 2780 :
1228 2725 1280 2779 hi
1312 2738 1440 2779 vero
1466 2722 1592 2793 quid
1632 2722 1812 2777 dicere
1848 2721 2101 2791 possint?

519 2822 657 2877 Nihil
682 2822 895 2892 quidem
925 2820 1068 2884 tale;
1102 2818 1197 2872 sed
1224 2816 1482 2872 desidiam
1509 2856 1522 2879 ,
1552 2815 2013 2885 intemperantiam
2045 2823 2100 2868 et

510 2914 657 2968 mille
677 2915 795 2969 vitia
826 2954 842 2979 ,
878 2927 997 2980 qua:
1015 2909 1285 2980 propheta:
1306 2921 1492 2962 omnes
1520 2907 1822 2961 incusantes
1850 2906 1953 2960 illis
1975 2921 2098 2976 per-

512 3014 678 3076 petuo
699 3005 1024 3076 objiciehant
1055 3020 1069 3057 :
1105 3018 1200 3071 per
1241 3016 1360 3070 qua:
1407 3000 1531 3053 vitia
1576 2999 1651 3052 illi
1684 2996 1905 3067 perinde
1934 3006 2096 3066 atque

509 3097 736 3167 gentiles
768 3098 934 3152 Deum
957 3094 1312 3149 offenderent.
1345 3091 1398 3145 ld
1429 3091 1568 3161 quod
1600 3090 1884 3145 declarans
1900 3090 2098 3144 Paulus

513 3191 725 3248 dicebat
755 3206 769 3243 :
804 3187 926 3241 Non
951 3187 1083 3240 enim
1120 3195 1191 3239 est
1222 3183 1475 3237 distinctio
1501 3181 1670 3238 Judmi
1698 3191 1857 3252 atque
1878 3180 2049 3236 Graeci
2081 3198 2096 3236 :

514 3300 685 3339 ontnes
708 3282 839 3337 enim
865 3287 1190 3352 peccaverunt
1215 3319 1230 3341 ,
1263 3288 1307 3331 et
1332 3284 1477 3346 egent
1500 3276 1667 3346 gloria
1694 3274 1807 3332 Dei.
1823 3274 2097 3344 justiﬁcati

513 3378 673 3446 gratis
718 3390 807 3444 per
833 3372 1051 3443 gratiam
1080 3369 1240 3440 ipsius
1285 3368 1458 3439 (Rom.
1491 3368 1545 3422 5.
1576 3365 1794 3437 2-2-24).
1829 3366 1940 3421 Hoc
1968 3379 2095 3419 vero

513 3476 673 3536 caput
702 3475 869 3519 totum
900 3463 1099 3517 utiliter
1119 3468 1175 3515 et
1198 3460 1483 3514 admodum
1512 3458 1802 3528 prudenter
1827 3457 1879 3511 in
1899 3458 2097 3528 episto-

516 3560 566 3613 la
593 3558 681 3612 illa
711 3561 1019 3626 pertractat.
1053 3552 1313 3622 Superius
1356 3558 1534 3605 autem
1583 3549 1701 3603 illos
1750 3549 1937 3617 majori
1968 3564 2095 3618 sup-

517 3649 673 3719 plicio
697 3648 884 3718 dignos
912 3644 1147 3700 ostendit
1178 3661 1192 3695 :
1224 3642 1533 3712 Quicumque
1552 3645 1686 3694 enim
1709 3641 1763 3694 in
1784 3642 1892 3711 lege
1914 3657 2092 3710 pecca-

514 3750 705 3804 verunt,
744 3756 832 3807 per
874 3740 1031 3808 legem
1046 3735 1415 3806 judicabuntur
1442 3733 1614 3803 (Rom.
1639 3732 1693 3787 2.
1724 3731 1811 3803 12)
1843 3750 1857 3786 :
1888 3732 1939 3786 id
1968 3741 2047 3787 est
2074 3773 2091 3801 ,

512 3834 759 3904 gravius;
786 3831 905 3900 quia
939 3839 1136 3899 prrcter
1184 3838 1427 3881 naturam
1477 3828 1648 3896 legem
1682 3842 1895 3897 quoque
1926 3840 2089 3881 accu-

512 3937 723 3982 santem
755 3923 1042 3977 habebunt.
1064 3920 1246 3989 Neque
1271 3919 1395 3974 hinc
1421 3928 1646 3982 tantum,
1675 3918 1769 3973 sed
1795 3927 1849 3973 et
1874 3918 2015 3988 quod
2038 3919 2092 3972 in

519 4032 681 4073 causa
711 4013 908 4069 fuerint
935 4028 1030 4066 cur
1048 4022 1233 4081 gentes
1267 4012 1433 4064 Deum
1465 4010 1897 4080 blasphemarcnt
1927 4028 1939 4062 :
1972 4010 2088 4064 Νο-

517 4123 633 4162 men
671 4108 801 4161 enim
823 4120 1008 4166 meum,
1040 4102 1209 4170 inquit
1232 4141 1246 4161 ,
1271 4118 1359 4169 per
1384 4118 1469 4155 vos
1494 4101 1870 4171 blasphematur
1889 4102 1939 4154 in
1968 4118 2092 4172 gen-

513 4195 644 4247 tibus
665 4190 820 4260 (lsai.
850 4189 941 4243 52.
972 4188 1025 4242 5.
1058 4186 1209 4240 Rom.
1237 4184 1421 4253 231i).
1448 4186 1582 4237 Cum
1616 4186 1773 4255 igitur
1798 4186 1900 4240 hoc
1925 4187 2093 4241 maxi-

514 4299 601 4338 me
637 4280 909 4336 morderet
938 4279 1101 4341 illos;
1144 4277 1341 4332 etenim
1380 4275 1720 4330 credentibus
1767 4293 1977 4348 quoque
2019 4294 2090 4334 ex

511 4371 915 4429 circumcisione
942 4382 1029 4422 res
1051 4366 1307 4438 stupenda
1334 4366 1609 4421 videbatur
1640 4383 1760 4423 esse
1785 4386 1799 4433 ;
1831 4372 2092 4439 quamob-

515 4479 629 4519 rem
684 4462 894 4516 I'etrum
941 4458 1253 4513 incusabant
1283 4457 1526 4514 Caesarea
1557 4460 1623 4513 ad
1653 4474 1713 4513 se
1738 4460 2045 4517 redeuutem
2071 4504 2088 4528 ,

512 4557 651 4625 quod
682 4555 749 4611 ad
776 4554 917 4608 viros
959 4552 1276 4622 praeputium
1328 4551 1585 4608 habentes
1624 4553 1895 4623 ingressus
1921 4566 2085 4621 esset,

514 4658 571 4703 et
607 4662 727 4702 cum
775 4646 880 4699 illis
923 4646 1246 4699 comedisset
1273 4660 1287 4696 :
1318 4654 1373 4697 et
1399 4655 1678 4715 postquam
1727 4647 1822 4701 Dei
1871 4663 2091 4703 oecono-

519 4740 681 4792 miam
726 4736 1149 4799 intellexerant,
1190 4734 1365 4787 adhuc
1409 4736 1744 4791 mirabantur
1780 4753 1888 4809 quo
1935 4750 2090 4809 pacto

514 4830 712 4885 (fenum
734 4826 901 4882 sancti
922 4826 1149 4895 Spiritus
1179 4826 1231 4879 in
1253 4835 1440 4895 gentes
1454 4825 1678 4881 effusum
1695 4838 1840 4884 esset
1863 4847 1877 4896 ;
1897 4846 1962 4886 ex
1982 4842 2095 4887 stu-

517 4938 647 4996 pore
663 4921 1020 4991 significantes
1035 4934 1093 4974 se
1112 4934 1397 4989 numquam
1416 4934 1527 4974 rem
1544 4928 1647 4973 tam
1671 4922 1991 4991 inopinatam
2010 4942 2094 4982 ex-

517 5013 993 5087 spectavisse.Quia
1008 5028 1134 5083 ergo
1146 5012 1345 5067 sciebat
1359 5012 1475 5067 illos
1495 5012 1596 5066 hoc
1609 5015 1941 5083 potissimum
1954 5034 2095 5091 aegre

518 5110 681 5177 ferre,
702 5107 833 5163 nihil
859 5120 965 5161 non
994 5104 1104 5176 agit
1126 5113 1183 5159 ut
1205 5118 1391 5159 eorum
1425 5113 1688 5160 tumorem
1708 5106 1978 5177 deprimat
1997 5152 2011 5177 ,
2041 5121 2095 5168 et

522 5199 827 5271 arrogantia
851 5197 1062 5253 inflatos
1078 5196 1312 5266 dejiciat.
1335 5195 1404 5249 Et
1431 5196 1557 5253 vide
1576 5199 1845 5268 quomodo
1870 5202 1924 5256 id
1951 5212 2092 5272 agat.

589 5291 762 5347 λιιάωὶ
782 5299 1059 5360 carpuntur
1084 5292 1117 5342 a'
1149 5287 1317 5341 Paulo
1356 5289 1575 5344 maxime
1602 5290 1663 5343 ob
1689 5307 1835 5346 suam
1854 5309 2098 5365 arrogan-

520 5389 663 5461 tiam.
693 5384 945 5455 Superbia
967 5398 1139 5437 omnes
1167 5381 1371 5434 uirtutes
1401 5382 1571 5435 reddit
1595 5383 1818 5439 inutiles.
1849 5416 1919 5426 —
1944 5387 2098 5443 Post-

519 5492 678 5547 quam
703 5475 771 5530 de
798 5473 1085 5545 gentilibus
1110 5471 1476 5541 disputaverat
1496 5512 1511 5539 ,
1534 5474 1946 5546 ostenderatque
1977 5479 2095 5534 illos

520 5567 718 5620 nullam
749 5581 964 5636 prorsus
989 5563 1354 5620 defensionem
1378 5562 1594 5629 habere,
1620 5567 1925 5637 nullamque
1944 5585 2093 5639 spem

521 5658 710 5714 salutis
737 5698 755 5723 ,
802 5659 1100 5729 acriterque
1127 5660 1246 5713 illos
1287 5657 1626 5714 incusaverat
1649 5660 1717 5715 de
1745 5667 2093 5730 perversitate

526 5747 780 5806 doctrina).
814 5748 989 5821 deque
1020 5752 1142 5807 vita:
1169 5748 1506 5831 impuritate;
1552 5750 1619 5809 ad
1643 5751 1859 5811 Judacos
1888 5769 2089 5825 sermne

2216 431 2338 470 nem
2371 422 2622 476 transfert
2651 438 2666 487 ;
2711 439 2775 480 ac
2803 428 3084 483 recensitis
3128 430 3194 484 iis
3234 433 3489 489 omnibus
3516 452 3638 505 quae
3670 453 3789 507 pro-

2214 507 2372 575 pheta
2400 509 2468 565 de
2494 512 2599 568 illis
2625 514 2873 585 dixerat,
2902 520 3045 588 quod
3071 522 3287 577 scelesd
3312 534 3494 580 essent
3521 570 3537 592 ,
3567 527 3736 583 dolosi
3770 571 3787 596 ,

2211 601 2388 657 callidi
2418 644 2434 669 ,
2467 605 2609 674 quod
2634 622 2821 664 omnes
2861 611 3079 668 inutiles
3116 613 3237 670 facti
3266 657 3283 682 ,
3330 631 3393 671 ac
3436 620 3614 674 nullus
3642 622 3694 674 in
3724 622 3787 676 iis

2208 703 2353 747 esset
2380 695 2469 764 qui
2500 697 2663 751 Deum
2691 702 3008 771 requireret,
3039 705 3133 760 sed
3164 720 3354 762 omnes
3375 709 3738 767 declinassent
3768 756 3783 781 ,

2208 792 2263 838 et
2286 786 2478 841 similia
2510 828 2525 853 ,
2554 790 2789 845 subdidit
2819 811 2832 845 :
2857 793 3059 850 Scimus
3085 808 3251 851 autem
3271 801 3508 868 quoniam
3527 819 3788 871 qucecum.

2206 893 2301 947 que
2321 878 2403 933 lea:
2430 879 2653 949 loquitur
2676 925 2693 946 ,
2718 884 2781 938 iis
2809 887 2895 955 qui
2917 887 2968 940 in
2993 888 3102 960 lege
3122 902 3239 945 sunt
3265 893 3489 962 loquitur
3515 910 3537 959 ;
3563 907 3619 950 ut
3645 912 3787 951 omne

2207 985 2262 1023 os
2281 970 2591 1042 obstruatur,
2619 984 2666 1029 et
2689 976 2915 1032 subditus
2940 980 3032 1049 ﬁat
3058 984 3218 1037 omnis
3246 985 3463 1040 mundus
3485 986 3614 1041 Deo.
3665 988 3785 1042 0m.

2210 1079 2299 1117 nes
2319 1065 2449 1119 enim
2471 1080 2819 1138 peccaverunt,
2843 1082 2891 1126 et
2918 1084 3060 1142 egent
3084 1076 3248 1144 gloria
3275 1076 3413 1148 Dei(
3438 1079 3590 1134 Rom.
3615 1081 3669 1135 5.
3696 1083 3786 1137 18.

2209 1163 2256 1207 et
2280 1154 2397 1227 25).
2429 1156 2565 1223 Quid
2586 1174 2714 1230 ergo
2744 1170 2796 1216 te
2822 1162 3003 1227 effers,
3035 1164 3218 1221 Judzee
3239 1167 3262 1220 ?
3286 1183 3382 1223 cur
3402 1170 3567 1225 altum
3597 1172 3787 1241 sapis?

2206 1247 2340 1302 Nam
2368 1264 2430 1303 os
2461 1265 2675 1321 quoque
2702 1260 2848 1307 tuum
2869 1256 3201 1311 obstructum
3238 1268 3320 1313 est
3339 1301 3352 1324 ,
3383 1270 3438 1315 et
3465 1260 3786 1318 confidentia

2207 1349 2295 1395 tua
2345 1343 2550 1398 sublata
2580 1385 2596 1409 ,
2644 1360 2707 1401 ac
2744 1361 2867 1401 cum
2910 1349 3160 1405 universo
3190 1352 3387 1407 mundo
3418 1362 3473 1408 tu
3511 1353 3683 1411 factus
3725 1371 3786 1411 es

2204 1430 2451 1487 subditus
2483 1475 2498 1500 ,
2531 1445 2587 1490 et
2624 1437 2847 1505 perinde
2883 1448 3041 1509 atque
3072 1440 3159 1495 alii
3186 1457 3321 1512 opus
3348 1444 3513 1500 habes
3538 1455 3596 1500 ut
3620 1448 3787 1517 gratis

2200 1523 2530 1594 justiﬁceris.
2557 1525 2849 1597 Oportebat
2888 1541 3035 1586 certe
3078 1533 3286 1589 etiamsi
3314 1537 3479 1606 probe
3509 1538 3734 1595 vixisses
3764 1583 3782 1605 ,

2204 1626 2261 1671 et
2286 1618 2531 1673 fiduciam
2581 1620 2802 1675 multam
2830 1623 2971 1693 apud
3018 1624 3186 1680 Deum
3217 1627 3512 1696 habuisses,
3541 1631 3648 1686 illis
3676 1648 3785 1688 non

2204 1708 2444 1765 invidere
2466 1751 2481 1775 ,
2503 1712 2592 1781 qui
2625 1727 2719 1781 per
2748 1713 3128 1784 benignitatem
3158 1718 3249 1773 Dei
3277 1721 3697 1778 misericordiam
3728 1733 3785 1780 et

2204 1801 2429 1855 salutem
2456 1806 2834 1872 consequuturi
2871 1816 3043 1861 erant.
3073 1806 3205 1863 Nam
3242 1819 3501 1867 extrema;
3533 1815 3783 1884 nequitiae

2203 1901 2325 1958 est,
2373 1892 2597 1948 aliorum
2634 1895 2775 1951 bona
2803 1897 2985 1968 inique
3013 1898 3154 1955 ferre
3184 1942 3200 1966 ,
3246 1917 3365 1957 cum
3408 1906 3638 1960 maxime
3667 1907 3785 1963 sine

2205 1985 2317 2039 ullo
2338 1994 2429 2040 tuo
2454 1985 2776 2043 detrimento
2802 1988 2854 2043 id
2892 1988 3125 2045 futurum
3163 2000 3267 2047 est.
3307 1992 3362 2048 Si
3391 1995 3532 2049 enim
3557 1997 3782 2051 aliorum

2205 2078 2347 2131 salus
2376 2079 2511 2133 bona
2544 2089 2630 2134 tua
2676 2082 3076 2150 pessumdaret,
3114 2083 3237 2154 jure
3262 2085 3560 2152 doluisses;
3587 2090 3780 2143 etiam-

2204 2171 2249 2225 si
2287 2170 2336 2224 id
2370 2187 2474 2225 non
2504 2172 2724 2227 accedat
2759 2174 2820 2228 iis
2848 2174 2939 2244 qui
2971 2175 3330 2247 philosophari
3377 2179 3696 2235 didicerunt.
3726 2183 3782 2237 Si

2203 2270 2381 2315 autem
2407 2262 2625 2317 alterius
2642 2263 2957 2333 supplicium
2985 2268 3287 2323 mercedem
3313 2278 3454 2324 tuam
3480 2286 3584 2326 non
3605 2283 3780 2342 auget,

2204 2369 2375 2424 neque
2404 2354 2545 2408 illius
2574 2354 2801 2411 felicitas
2829 2358 2998 2426 ipsam
3029 2359 3240 2429 minuit,
3272 2377 3366 2417 cur
3389 2372 3442 2418 tu
3465 2364 3616 2420 doles
3643 2367 3784 2435 quod

2202 2446 2338 2499 alius
2381 2447 2546 2516 gratis
2597 2447 2770 2503 salute
2822 2448 3103 2505 donetur?
3150 2452 3444 2523 Oportebat
3499 2456 3696 2525 igitur,
3726 2467 3784 2511 ut

2212 2538 2345 2606 dixi,
2377 2540 2582 2595 etiamsi
2605 2550 2655 2596 te
2683 2541 2848 2612 probe
2885 2544 3141 2613 gessisses
3160 2586 3174 2611 ,
3204 2561 3309 2601 non
3336 2548 3567 2604 morderi
3602 2548 3669 2604 de
3697 2564 3782 2603 sa-

2205 2633 2313 2688 lute
2356 2635 2410 2688 in
2439 2644 2625 2703 gentes
2666 2635 2832 2691 effusa
2860 2655 2872 2689 :
2904 2652 3025 2692 cum
3072 2648 3250 2694 autem
3294 2639 3480 2695 iisdem
3520 2642 3782 2697 obnoxius

2203 2727 2435 2796 peccatis
2460 2729 2534 2782 sis
2558 2770 2574 2795 ,
2607 2728 2996 2801 Dominumque
3023 2730 3310 2786 offenderis
3343 2773 3359 2799 ,
3393 2733 3617 2788 aliorum
3641 2734 3782 2790 bona

2202 2836 2344 2890 mgre
2377 2820 2505 2886 fers,
2533 2830 2587 2875 et
2616 2821 2782 2875 altum
2813 2823 2955 2891 sapis
2980 2864 2995 2887 ,
3020 2827 3169 2893 quasi
3198 2824 3343 2879 solus
3371 2824 3571 2881 debeas
3592 2827 3780 2897 gratia:

2202 2926 2424 2967 consors
2446 2928 2588 2978 esse,
2620 2929 2724 2968 non
2750 2914 2961 2969 invidia:
2986 2916 3161 2970 solum
3203 2926 3255 2971 et
3284 2919 3604 2988 arrogantia:
3636 2962 3650 2985 ,
3684 2920 3781 2975 sed

2202 3003 2364 3058 etiam
2419 3012 2580 3058 tanta:
2621 3004 2904 3060 dementiae
2952 3021 3110 3061 causa
3168 3007 3404 3061 omnium
3448 3010 3781 3078 gravissimis

2202 3095 2392 3164 dignus
2434 3095 2599 3150 fueris
2641 3097 2957 3166 suppliciis:
2988 3100 3223 3153 omnium
3274 3099 3468 3169 quippe
3515 3101 3779 3156 malorum

2203 3187 2441 3241 radicem
2490 3186 2796 3255 superbiam
2848 3190 2899 3242 in
2944 3198 2997 3243 te
3050 3190 3340 3245 inseruisti.
3389 3191 3515 3246 Ideo
3565 3194 3779 3262 sapiens

2199 3277 2462 3346 quispiam
2490 3277 2734 3332 dicebat:
2763 3277 3081 3350 Principium
3109 3282 3299 3351 peccati
3323 3283 3559 3351 superbia
3583 3282 3776 3355 (Eccli.

2201 3367 2289 3422 10.
2319 3368 2410 3437 15)
2443 3384 2457 3435 ;
2492 3367 2593 3423 hoc
2617 3378 2701 3426 est
2734 3410 2748 3435 ,
2777 3370 2928 3424 radix
2963 3411 2979 3437 ,
3011 3370 3130 3425 fons
3161 3412 3177 3434 ,
3206 3383 3394 3427 mater.
3421 3368 3509 3427 Sic
3537 3388 3631 3443 per
3660 3390 3777 3428 eam

2198 3461 2403 3531 primus
2427 3460 2587 3515 homo
2609 3476 2637 3514 a
2671 3461 2828 3516 beato
2850 3462 2942 3515 illo
2968 3471 3105 3517 statu
3135 3463 3374 3532 dejectus
3403 3472 3522 3524 est:
3554 3465 3631 3519 sic
3658 3465 3776 3519 dia-

2198 3554 2352 3607 bolus
2382 3554 2470 3623 qui
2494 3553 2640 3607 illum
2670 3553 2903 3623 decepit,
2935 3554 3003 3608 ab
3029 3555 3116 3608 illa
3146 3554 3419 3625 dignitatis
3448 3556 3780 3612 sublimitate

2199 3644 2416 3699 excidit.
2443 3644 2619 3709 Quare
2640 3659 2764 3699 cum
2791 3655 2965 3699 nosset
2996 3644 3253 3699 scelestus
3279 3645 3369 3700 ille
3394 3644 3553 3715 hujus
3571 3647 3779 3716 peccati

2203 3746 2444 3792 naturam
2474 3752 2630 3807 posse
2649 3752 2716 3792 ex
2735 3738 2864 3807 ipsis
2893 3736 3039 3791 caelis
3066 3736 3315 3806 dejicere,
3344 3737 3483 3794 hanc
3506 3738 3783 3809 ingressus

2198 3833 2334 3885 viam
2366 3839 2465 3895 est,
2499 3846 2621 3885 cum
2649 3831 2910 3885 Adamum
2953 3845 3020 3886 ex
3048 3838 3195 3885 tanto
3239 3831 3443 3887 honore
3488 3831 3780 3887 deturbare

2198 3925 2425 3979 curavit.
2454 3922 2586 3977 Cum
2629 3923 2775 3977 enim
2818 3923 2965 3977 illum
3016 3938 3111 3991 spe
3154 3924 3473 3994 aequalitatis
3514 3939 3637 3979 cum
3669 3925 3779 3980 Deo

2199 4013 2559 4083 adipiscendae
2587 4012 2827 4067 inflatum
2857 4012 3220 4080 reddidisset,
3248 4013 3327 4068 sic
3366 4014 3513 4068 illum
3557 4014 3774 4083 dejecit,

2195 4114 2250 4160 et
2276 4107 2327 4159 in
2350 4103 2665 4175 profundum
2695 4103 2888 4159 inferni
2916 4104 3280 4174 praecipitavit.
3310 4104 3450 4160 Nihil
3478 4106 3619 4161 enim
3645 4106 3718 4161 ita
3744 4123 3773 4160 a

2198 4197 2289 4251 Dei
2314 4196 2646 4265 benignitate
2677 4195 2869 4249 avertit
2900 4234 2916 4261 ,
2967 4203 3021 4248 et
3047 4193 3304 4263 gehennae
3332 4195 3467 4266 ignis
3510 4197 3775 4266 supplicio

2197 4288 2378 4353 tradit,
2410 4296 2468 4341 ut
2488 4287 2752 4356 superbia:
2777 4287 3036 4357 tyrannis.
3065 4287 3176 4341 Hac
3201 4302 3298 4342 nos
3323 4300 3637 4360 occupante,
3670 4302 3781 4352 tota

2210 4381 2317 4435 vita
2345 4390 2525 4435 nostra
2548 4382 2755 4449 impura
2788 4378 3035 4447 efﬁcitur,
3058 4380 3264 4435 etiamsi
3292 4381 3589 4437 castitatem
3618 4425 3633 4451 ,
3664 4386 3776 4439 vir-

2200 4471 2476 4542 ginitatem
2500 4510 2515 4534 ,
2545 4468 2806 4539 jejunium
2831 4508 2846 4533 ,
2896 4469 3294 4537 precationem,
3328 4471 3724 4544 eleemosynam
3760 4518 3777 4545 ,

2199 4571 2528 4631 exterasque
2558 4560 2781 4615 virtutes
2809 4574 3177 4615 exerceamus.
3203 4559 3508 4618 Immundas
3535 4606 3550 4630 ,
3583 4566 3779 4636 inquit,

2204 4653 2343 4724 apud
2364 4651 2640 4706 Dominum
2665 4651 2828 4706 omnis
2862 4652 3105 4722 superbus
3130 4652 3151 4722 (
3177 4652 3335 4707 Prov.
3367 4653 3456 4709 16.
3491 4656 3524 4711 6
3549 4654 3591 4729 ).
3624 4657 3784 4716 Hune

2196 4760 2324 4816 ergo
2346 4745 2510 4799 animi
2534 4752 2797 4799 tumorem
2825 4742 3239 4812 comprimamus
3272 4760 3287 4810 ;
3316 4742 3460 4801 hunc
3483 4747 3681 4803 fastum
3711 4749 3784 4805 de

2198 4838 2377 4893 medio
2406 4836 2652 4891 tollamus
2678 4877 2694 4902 ,
2723 4837 2769 4890 si
2810 4834 2994 4889 mundi
3039 4836 3267 4889 velimus
3290 4850 3410 4891 esse
3430 4878 3447 4903 ,
3492 4848 3548 4893 et
3587 4839 3658 4894 ab
3688 4855 3777 4903 eo.

2201 4930 2343 5001 quod
2380 4929 2595 4985 diabolo
2621 4937 2862 4999 paratum
2887 4937 3018 4992 est,
3058 4928 3317 4999 supplicio
3363 4930 3599 4986 liberari.
3638 4931 3783 4989 Nam

2197 5022 2338 5094 quod
2367 5035 2623 5090 arrogans
2648 5020 2839 5076 eodem
2866 5035 2972 5090 quo
3004 5019 3248 5075 diabolus
3277 5023 3347 5075 sit
3376 5024 3637 5093 supplicio
3670 5040 3766 5095 pu«

2198 5113 2445 5180 niendus,
2474 5112 2595 5167 audi
2620 5112 2840 5167 Paulum
2863 5111 3127 5167 dicentem
3158 5132 3171 5168 :
3203 5112 3325 5167 Non
3352 5118 3683 5187 neophytum,
3714 5135 3778 5173 ne

2198 5207 2252 5259 in
2270 5205 2557 5275 superbiam
2581 5206 2741 5259 elatus
2764 5244 2780 5268 ,
2809 5206 2861 5259 in
2871 5205 3127 5274 judicium
3148 5205 3335 5258 incidat
3364 5216 3420 5261 et
3440 5207 3493 5260 in
3520 5207 3777 5278 laqueum

2201 5296 2431 5367 diaboli(
2459 5297 2512 5351 1.
2547 5296 2679 5351 Tim.
2711 5299 2764 5353 3.
2788 5296 2821 5352 6
2850 5298 2891 5368 ).
2923 5296 3062 5364 Quid
3091 5305 3174 5351 est
3193 5296 3448 5365 judicium
3476 5299 3500 5352 ?
3544 5300 3596 5354 in
3628 5316 3778 5356 eam-

2200 5386 2549 5458 dem,inquit,
2580 5387 2993 5449 damnationem,
3019 5388 3070 5441 in
3093 5386 3233 5441 idem
3258 5389 3591 5458 supplicium.
3623 5391 3774 5458 Quo-
3802 5426 3805 5427 ν

2200 5480 2358 5534 modo
2386 5480 2547 5549 igitur
2583 5477 2687 5533 hoc
2706 5478 2902 5532 malum
2932 5475 3183 5547 effugeris
3210 5479 3231 5531 ?
3259 5477 3316 5533 Si
3348 5488 3521 5533 tecum
3547 5492 3773 5550 reputes

2204 5583 2445 5627 naturam
2472 5581 2637 5639 tuam,
2665 5571 2710 5625 si
2735 5578 3073 5640 peccatorum
3102 5569 3492 5625 multitudinem
3527 5612 3542 5636 ,
3571 5572 3617 5625 si
3648 5588 3771 5627 ma-

2199 5663 2530 5735 gnitudinem
2571 5663 2939 5719 cruciatuum:
2973 5662 3018 5716 si
3065 5661 3380 5731 cogitaveris
3424 5677 3580 5733 quam
3625 5664 3775 5722 fluxa

2202 5761 2308 5817 sint
2334 5772 2396 5815 ea
2425 5773 2543 5830 quae
2573 5757 2628 5813 in
2652 5758 2757 5814 hoc
2781 5756 2981 5812 mundo
3028 5754 3306 5828 splendida
3331 5755 3581 5813 videntur
3600 5772 3723 5814 esse
3751 5800 3772 5830 ,
