4074 6374
281 347 340 400 7|
1342 347 1413 403 IN
1449 346 1769 404 JOANNEM
1802 345 2042 404 HOMIL.
2083 347 2177 406 IX.
2215 349 2435 406 aLVlII.
3460 348 3566 405 τῦ.

270 455 332 513 δὲ
377 459 564 512 ἔτεκεν
603 461 638 530 ἡ
666 459 913 515 ἀπόνοια.
947 459 1164 530 Ἐπειδὴ
1191 460 1304 534 γὰρ
1329 462 1437 533 πρὸ
1469 461 1659 515 τούτου
1703 461 1863 515 πλέον

267 551 491 613 ἔχοντες
528 544 817 615 Ἑλλήνων.
846 543 924 615 τῷ
971 543 1059 598 τὸν
1107 545 1271 614 νόμον
1299 547 1578 617 εἰληφέναι
1607 548 1704 600 καὶ
1728 544 1864 600 Θεὸν

264 628 497 690 εἰδέναι,
530 629 626 682 καὶ
661 629 730 683 τά
769 629 904 683 ἄλλα
934 628 1076 700 ἅπερ
1106 631 1136 681 ὁ
1169 629 1378 694 Παῦλός
1416 648 1548 701 φησι
1584 630 1722 700 μετά
1761 629 1861 701 τὴν

265 711 370 764 τοῦ
400 710 644 781 Χριστοῦ
672 713 974 783 παρουσίαν
999 707 1137 765 εἶδον
1179 713 1288 766 ἀπὸ
1334 713 1433 784 τῆς
1457 714 1692 777 πίστεως
1724 712 1861 784 μετά

279 797 376 864 τῆς
396 794 573 864 αὐτῆς
595 795 884 866 ὁμοτιμίας
911 795 1278 866 καλουμένους
1306 797 1590 859 κάκείνους
1633 799 1727 850 καὶ
1773 797 1864 849 a6-

278 879 424 940 τοὺς,
453 879 550 930 καὶ
575 877 728 930 οὐδὲν
754 877 915 931 πλέον
943 878 1132 948 ἔχοντα
1169 879 1260 932 τὸν
1305 881 1370 933 ἐκ
1415 880 1720 950 περιτομῆς
1766 879 1862 932 τοῦ

277 958 340 1023 ἐξ
373 959 544 1012 ἐθνῶν
574 960 710 1030 μετά
754 960 854 1030 τὴν
884 961 1063 1014 πίστιν
1083 979 1096 994 ο
1127 961 1431 1033 ἐδήχθησαν
1473 961 1576 1014 ὑπὸ
1607 961 1864 1023 ἀπονοίας

278 1045 364 1106 είς
393 1043 696 1114 βασκανίαν
724 1043 988 1109 ἐλθόντες,
1019 1044 1113 1097 καὶ
1137 1045 1237 1116 τὴν
1264 1045 1358 1097 τοῦ
1389 1044 1658 1098 Δεσπότου
1678 1044 1866 1114 φιλαν-

279 1123 531 1198 θρώπίαν
553 1127 654 1197 τὴν
694 1127 900 1196 ἄφατον
921 1127 1015 1180 καὶ
1069 1127 1510 1198 ὑπερϐάλλουσαν
1564 1127 1663 1180 οὐκ
1707 1127 1867 1197 ἤνεγ-

280 1227 406 1264 καν.
440 1209 614 1262 Τοῦτο
655 1209 713 1262 δὲ
763 1209 943 1271 αὐτοῖς
987 1210 1251 1281 ἑτέρωθεν
1301 1211 1399 1281 μὲν
1439 1211 1754 1279 οὐδαμόθεν,
1806 1209 1865 1275 ἐξ

278 1291 602 1357 ἀλαζονείας
623 1292 681 1345 δὲ
704 1292 798 1345 καὶ
816 1293 1080 1364 πονηρίας
1102 1295 1193 1347 καὶ
1221 1295 1634 1364 μισανθρωπίας
1653 1296 1864 1364 γέγονε.

355 1377 421 1447 β’.
464 1375 530 1430 Τί
558 1375 690 1447 γάρ,
719 1371 765 1429 ὧ
793 1376 1008 1430 πάντων
1031 1376 1188 1448 ὑμεῖς
1211 1379 1572 1450 ἀνοητότεροι,
1603 1378 1868 1433 κατεϐλά-

281 1460 485 1514 πτεσθε
523 1461 590 1513 ἐκ
625 1461 727 1530 τῆς
763 1461 845 1524 είς
892 1459 1112 1530 ἐτέρους
1161 1462 1450 1532 γινομένης
1501 1461 1866 1532 κηδεμονίας;

283 1544 404 1607 πῶς
439 1543 500 1597 δὲ
531 1555 558 1584 ⁸
588 1543 659 1596 τά
708 1543 950 1614 ὑμέτερα
980 1543 1282 1614 ἠλαττοῦτο
1311 1544 1514 1614 ἀγαθά,
1550 1545 1628 1616 τῷ
1672 1563 1866 1599 κοινω-

283 1629 409 1690 νοὺς
433 1627 657 1698 ἐτέρους
685 1625 827 1697 ἐχειν
852 1625 961 1679 τῶν
987 1626 1194 1694 αὐτῶνς
1234 1626 1394 1682 Ἀλλά
1415 1627 1612 1697 τυφλὸν
1639 1627 1807 1690 ὅντως
1831 1627 1869 1698 ή

286 1710 524 1781 πονηρία
545 1751 561 1774 ,
610 1709 706 1762 καὶ
752 1708 863 1762 τῶν
912 1709 1141 1762 δεόντων
1193 1709 1345 1764 οὐδὲν
1381 1710 1603 1765 δύναται
1641 1711 1869 1764 συνιδεῖν

285 1794 518 1865 ταχέως.
542 1791 846 1863 Δηχθέντες
871 1792 1050 1846 τοίνυν
1073 1792 1151 1864 τῷ
1174 1795 1464 1858 κοινωνοὺς
1493 1793 1704 1866 μέλλειν
1726 1793 1871 1865 ἔχειν

285 1877 386 1948 τῆς
413 1877 587 1946 αὐτῆς
615 1875 948 1948 παρρησίας,
978 1875 1101 1932 καθ’
1124 1877 1330 1931 ἑαυτῶν
1359 1879 1419 1932 τὸ
1447 1878 1598 1948 ξίφος
1627 1877 1870 1949 ῶθησαν,

286 1959 389 2029 τῆς
414 1958 512 2012 τοῦ
535 1956 671 2011 Θεοῦ
703 1959 1110 2032 φιλανθρωπίας
1135 1961 1454 2024 ἐκϐαλόντες
1485 1960 1737 2024 ἑαυτούς’
1777 1961 1872 2015 καὶ

289 2046 438 2116 μάλα
488 2043 972 2113 είκότως.Ἔταζοε
1019 2045 1147 2117 γὰρ,
1179 2046 1365 2116 φησὶν,
1396 2048 1507 2100 οὐκ
1541 2045 1723 2100 ἀδικῶ
1760 2060 1868 2098 σε·

289 2127 440 2183 θέλω
461 2126 531 2180 δὲ
553 2125 654 2180 καὶ
676 2127 907 2192 τούτοις
927 2126 1138 2181 δοῦναι
1156 2126 1358 2196 ὥσπερ
1383 2128 1478 2182 καὶ
1510 2128 1628 2181 σοί.
1655 2127 1872 2181 Μᾶλλον

287 2211 345 2265 δὲ
389 2210 515 2264 οὐδὲ
556 2209 762 2263 τούτων
793 2210 933 2276 ἄξιοι
963 2211 1072 2264 τῶν
1111 2211 1282 2280 λόγων
1313 2205 1478 2265 οὗτοι.
1499 2212 1734 2275 Ἐκεῖνος
1775 2211 1873 2282 μὲν

287 2294 395 2364 γάρ
419 2295 469 2346 εί
501 2293 596 2347 καὶ
618 2292 1015 2364 ἐδυσχέραινεν,
1043 2294 1156 2348 ἀλλ’
1188 2295 1336 2364 ὅμως
1369 2294 1508 2364 έχων
1533 2297 1706 2349 εἰπεῖν
1738 2293 1875 2364 ἠμέ-

291 2394 390 2449 ρας
417 2376 714 2446 ὁλοκλήρου
748 2376 962 2440 πόνους.
994 2380 1088 2432 καὶ
1112 2379 1488 2450 ταλαιπωρίας
1520 2381 1614 2434 καὶ
1644 2379 1824 2449 θάλπη
1843 2377 1872 2418 ι)

291 2460 384 2514 καὶ
432 2457 693 2530 ἱδρῶταςο
733 2451 882 2513 οὗτοι
911 2459 968 2513 δέ
996 2460 1051 2513 τί
1085 2461 1255 2531 ἔχοιεν
1286 2462 1352 2516 ἂν
1383 2464 1593 2530 simtu;
1624 2462 1874 2516 Τοιοῦτον

293 2542 392 2613 μὲν
423 2541 577 2595 οὐδέν
596 2559 611 2574 ο
660 2541 933 2613 ρᾳθυμίαν
975 2542 1030 2596 δέ
1073 2545 1167 2598 καὶ
1207 2545 1463 2609 ἀσωτίαν,
1494 2546 1677 2599 καὶτὰ
1709 2543 1875 2616 μυρία

290 2625 456 2689 κακὰ,
483 2624 520 2679 ά
547 2623 840 2688 διαπαντὸς
865 2627 1294 2697 κατηγοροῦντες
1327 2629 1508 2683 αὐτῶν
1531 2629 1794 2682 διετέλουν
1825 2629 1874 2681 οί

291 2709 574 2782 προφῆται
614 2707 834 2771 πάντες,
863 2707 928 2761 δι’
956 2708 992 2763 ἀ
1019 2711 1112 2763 καὶ
1149 2711 1302 2764 αὐτοὶ
1335 2711 1536 2781 ὁμοίως
1562 2715 1672 2774 τοῖς
1700 2712 1876 2764 ἔθνεσι

292 2791 812 2863 προσκεκρούκεσαν
846 2790 924 2859 τῷ
959 2791 1098 2862 Θεῷ.
1132 2793 1242 2847 Καὶ
1267 2795 1424 2846 τοῦτο
1465 2795 1493 2846 ὁ
1534 2793 1743 2857 Παῦλος
1779 2794 1876 2864 δη·-

291 2875 395 2928 λῶν
419 2874 628 2942 ἔλεγεν·
666 2874 748 2926 Οὺ
774 2871 886 2942 γάρ
923 2873 1059 2928 ἐστι
1087 2873 1380 2944 διαστολὴ
1418 2875 1668 2930 Ἰουδαίου
1695 2894 1755 2928 τε
1785 2877 1877 2929 καὶ

296 2957 580 3028 Ἕλληνος·
616 2955 838 3021 πάντες
864 2956 976 3025 τὰρ
1008 2956 1306 3027 ἥμαρτον,
1349 2959 1446 3012 καὶ
1482 2959 1878 3027 ὑστεροῦνται

294 3039 401 3106 τῆς
429 3040 621 3107 δόξης
649 3039 756 3092 τοῦ
785 3039 958 3103 Θεοῦ,
991 3039 1392 3110 δικαιούμενοι
1419 3040 1644 3110 δωρεὰν
1672 3039 1746 3111 τῇ
1771 3044 1878 3096 αὺ-

295 3123 398 3177 τοῦ
423 3121 648 3192 χάριτι.
683 3123 795 3175 Καὶ
817 3121 978 3174 τοῦτο
1012 3123 1110 3192 μὲν
1145 3122 1290 3176 ἅπαν
1324 3123 1384 3177 τὸ
1422 3124 1712 3194 κεφάλαιον
1740 3141 1878 3196 χρη-

298 3207 471 3276 σίμως
503 3204 601 3258 καὶ
626 3205 828 3276 σφόδρα
847 3204 1084 3268 συνετῶς
1111 3207 1230 3258 κατ’
1255 3205 1466 3277 ἐκείνην
1501 3208 1764 3278 γυμνάζει
1782 3207 1879 3279 τὴν

296 3289 611 3359 ἐπιστολήν.
652 3287 936 3356 Ἀνωτέρω
972 3288 1029 3340 δέ
1073 3287 1168 3341 κα)⁵
1211 3288 1459 3358 μείζονος
1500 3290 1741 3344 δείκνυσι
1787 3309 1880 3344 κο-

296 3371 506 3435 λάσεως
529 3370 718 3438 ἀξίους
742 3364 899 3423 εἶναι.
930 3370 1097 3425 Ὅσοι
1136 3371 1245 3440 γὰρ
1276 3371 1347 3425 ἐν
1383 3373 1544 3443 νόμῳ
1581 3374 1878 3443 ἥμαρτον,

297 3455 391 3510 διὰ
421 3456 616 3525 νόμου
651 3453 1059 3523 κριθήσονται,
1083 3455 1247 3524 φησί·
1277 3456 1547 3518 τουτέστι,
1571 3457 1882 3528 χαλεπώτε-

302 3558 408 3612 ρον,
449 3539 591 3610 μετά
619 3538 721 3608 τῆς
754 3538 969 3607 φύσεως
989 3538 1193 3592 καὶτὸν
1215 3539 1377 3610 νόμον
1409 3545 1712 3612 κατήγορον
1735 3540 1885 3611 έχον-

299 3640 404 3686 τες.
429 3623 506 3674 06
533 3620 709 3693 ταύτῃ
730 3621 787 3674 δὲ
819 3620 999 3693 μόνον,
1020 3621 1154 3675 ἀλλά
1175 3621 1252 3692 τῷ
1282 3622 1435 3694 παρά
1458 3625 1570 3687 τοῖς
1595 3624 1770 3677 ἔθνεσι
1788 3623 1881 3677 τοῦ

299 3705 387 3757 τὸν
416 3704 553 3756 Θεὸν
589 3703 1026 3775 βλασφημεῖσθαι
1056 3705 1385 3776 γεγενῆσθαι
1424 3705 1587 3759 αἴτιοι
1609 3724 1625 3740 ο
1671 3707 1742 3762 Τὸ
1773 3709 1885 3776 γὰρ

302 3786 489 3856 ὄνομά
509 3804 665 3856 μου,
699 3788 853 3857 φησὶ,
889 3787 963 3840 δι’
991 3787 1146 3856 ὑμᾶς
1175 3788 1627 3858 βλασφημεῖται
1658 3789 1727 3843 ἐν
1758 3789 1884 3856 τοῖς

301 3876 561 3930 ἔθνεσιν.
600 3873 756 3927 Ἐπεὶ
783 3869 877 3926 οὖν
909 3873 1066 3927 τοῦτο
1101 3874 1336 3944 μάλιστα
1369 3870 1438 3946 ἦν
1469 3875 1528 3929 τὸ
1565 3876 1757 3931 δάκνον
1785 3877 1884 3929 αύ-

304 3957 429 4022 τούς
446 3973 462 3987 ⁶
492 3956 593 4011 καὶ
615 3957 723 4028 γὰρ
748 3957 843 4010 καὶ
866 3954 984 4028 [55]
1002 3959 1115 4018 τοῖς
1136 3958 1556 4011 πεπιστευκόσιν
1580 3961 1644 4012 ὲκ
1668 3977 1886 4029 περιτο-

307 4042 410 4111 μῆς
440 4040 748 4110 παράδοξον
766 4039 828 4092 τὸ
849 4039 1082 4109 πρᾶγμα
1103 4033 1244 4092 εἶναι
1269 4039 1464 4093 ἐδόκειο
1485 4042 1564 4094 διὸ
1592 4042 1686 4096 καὶ
1703 4042 1888 4096 ἐνεκά-

306 4124 428 4178 λουν
451 4124 533 4194 τῷ
569 4124 759 4194 Πέτρῳ
789 4124 926 4194 πρὸς
949 4125 1148 4187 αὑτοὺς
1165 4123 1274 4177 ἀπὸ
1299 4125 1636 4198 Καισαρείας
1663 4126 1888 4179 ἐπανελ-

309 4208 473 4272 θόντι,
505 4208 587 4261 ὅτι
613 4207 748 4277 πρὸς
778 4207 975 4279 ἄνδρας
1003 4207 1368 4276 ἀκροϐυστίαν
1398 4207 1618 4279 ἔχοντας
1646 4209 1887 4280 εἰσῆλθε,

309 4292 401 4345 καὶ
440 4291 746 4360 συνέφαγεν
775 4291 977 4354 αὐτοῖς·
1013 4290 1110 4344 καὶ
1141 4291 1279 4362 μετά
1304 4291 1365 4344 τὸ
1394 4291 1582 4362 μαθεῖν
1616 4293 1714 4361 τὴν
1744 4295 1889 4345 οίκο-

310 4377 498 4446 νομίαν
521 4375 621 4445 τὴν
643 4372 738 4429 τοῦ
772 4373 929 4438 Θεοῦ,
966 4374 1127 4428 πάλιν
1163 4376 1258 4428 καὶ
1292 4375 1465 4438 οὕτως
1495 4386 1517 4414 υ
1557 4373 1887 4446 ἐθαύμαζον,

312 4459 425 4522 πῶς
449 4459 546 4511 καὶ⁵
575 4459 658 4521 είς
687 4457 758 4510 τά
801 4455 928 4528 ἔθνη
971 4459 1005 4529 ή
1038 4457 1215 4528 δωρεά
1254 4458 1348 4511 τοῦ
1387 4458 1543 4527 ἁγίου
1576 4458 1890 4529 Πνεύματος

312 4541 627 4611 ἐκκέχυται,
659 4539 738 4611 τῷ
772 4539 1170 4611 ἐκπλήττεσθαι
1213 4540 1645 4610 ἐνδεικνύμενοι,
1685 4541 1760 4604 ὡς
1791 4541 1892 4594 οὐκ

312 4627 376 4680 ἀν
401 4643 533 4679 ποτε
566 4624 726 4678 τοῦτο
747 4624 1154 4696 προσεδόκησαν
1180 4624 1240 4677 τὸ
1274 4624 1575 4697 παράδοξον
1606 4641 1620 4655 ο
1651 4625 1774 4678 ἐπεὶ
1799 4620 1893 4678 οῦν

314 4710 424 4780 ᾔδει
448 4711 532 4763 ὃτι
552 4708 788 4779 μάλιστα
814 4709 992 4763 αὐτῶν
1017 4707 1176 4762 τοῦτο
1202 4708 1533 4781 καθήπτετο,
1554 4708 1729 4763 πάντα
1751 4709 1895 4762 ποιεῖ

315 4793 461 4856 ὅπως
489 4791 674 4845 αὐτῶν
702 4791 792 4844 τὸν
813 4791 982 4859 τῦφον
1017 4791 1265 4864 κενώσῃ,
1299 4794 1395 4847 καὶ
1437 4795 1536 4862 τὴν
1577 4791 1894 4858 ἀλαζονείαν

318 4877 518 4949 ἐκλύσῃ
545 4875 752 4946 σφόδρα
796 4873 1063 4930 οἰδοῦσαν.
1095 4877 1207 4930 Καὶ
1243 4877 1344 4946 ὅρα
1373 4877 1490 4940 πῶς
1528 4875 1685 4929 τοῦτο
1725 4876 1892 4928 ποιεῖ·

319 4959 627 5030 Διαλεχθεὶς
648 4957 677 4998 ἀ
710 4958 838 5029 περὶ
863 4958 974 5012 τῶν
1004 4959 1352 5031 Ἑλληνικῶν,
1377 4961 1471 5014 καὶ
1498 4959 1677 5024 δείξας
1696 4958 1895 5022 αὐτοὺς

320 5044 574 5114 οὐδεμίαν
605 5043 828 5113 ἔχοντας
872 5042 1174 5114 οὐδαμόθεν
1212 5044 1527 5113 ἀπολογίαν,
1555 5044 1676 5098 οὑδὲ
1705 5044 1896 5098 ἐλπίδα

325 5127 626 5198 σωτηρίας,
665 5127 1048 5197 κατηγορήσας
1095 5144 1156 5180 τε
1202 5128 1449 5198 ἀκριϐῶς
1499 5128 1592 5181 καὶ
1635 5128 1738 5198 τῆς
1783 5126 1895 5182 τῶν

323 5208 607 5279 δογμάτων
637 5206 818 5260 αὐτῶν
846 5206 1195 5280 διαστροφῆς,
1229 5209 1452 5278 καὶτῆς
1490 5209 1618 5280 περὶ
1656 5209 1749 5262 τὸν
1784 5208 1898 5279 βίον

323 5289 681 5361 ἀκαθαρσίας,
719 5289 1066 5359 μετατίθησιν
1097 5292 1190 5343 ἐπὶ
1214 5292 1339 5354 τοὺς
1385 5291 1666 5357 Ἰουδαίους
1696 5292 1786 5346 τὸν
1813 5292 1900 5346 λό-

325 5389 433 5440 γον·
473 5375 569 5426 καὶ
597 5373 672 5425 τὰ
702 5383 725 5410 θ
751 5371 861 5425 ἀπὸ
897 5371 991 5425 τοῦ
1021 5373 1309 5444 Προφήτου
1348 5373 1648 5440 καταλέξας
1684 5375 1899 5430 ἅπαντα

326 5457 386 5508 δι’
408 5449 483 5509 ὧν
513 5456 701 5524 ἔλεγεν
722 5456 948 5520 ἐκεῖνος,
979 5456 1060 5509 ὅτι
1104 5456 1290 5527 μιαροί
1322 5473 1465 5520 τινες
1508 5452 1648 5528 ἦσαν
1693 5459 1787 5512 καὶ
1818 5459 1902 5513 δο-

387 5566 412 5592 ⁸
433 5565 512 5613 Sic
542 5563 666 5613 Mor.
699 5571 753 5614 et
779 5578 895 5627 mss.
929 5566 1084 5615 Savil.
1116 5565 1163 5613 τί
1192 5566 1260 5615 δέ.
1290 5565 1345 5614 In
1377 5578 1493 5614 mss.
1521 5567 1744 5627 plurimis
1779 5567 1903 5618 ἀλλά

328 5638 548 5691 εεηυειιε
569 5629 728 5675 deest.
799 5626 934 5691 b_Si0
964 5628 1175 5691 Mope;
1205 5641 1319 5677 mss.
1354 5626 1568 5691 quidam.
1594 5629 1698 5691 Alii
1735 5630 1901 5691 plures

334 5767 440 5796 an).
479 5767 547 5797 οτι
574 5767 655 5796 και
697 5767 865 5804 ουτως.
929 5767 956 5788 ιι
985 5767 1096 5800 δαν.
1125 5767 1176 5798 ει
1199 5767 1338 5800 couu.
1370 5767 1471 5808 ιυο,
1503 5767 1587 5798 (UO
1613 5767 1900 5810 καυηπτετο,

335 5811 417 5869 δρα
432 5813 528 5866 πῶς
547 5812 703 5858 αὐτῶν
725 5812 807 5859 τὸν
822 5809 967 5864 τῦφον
987 5813 1210 5870 ἐκένωσε,
1222 5813 1302 5860 καὶ
1318 5813 1402 5869 τήν
1427 5812 1697 5866 ἀλαζονείαν
1717 5814 1902 5868 ἐξέλυσε

338 5873 506 5937 αξξ-ἁδροί
525 5873 768 5937 οἰδοῦσαν.
801 5875 1066 5935 Διαλεχθεὶς
1218 5873 1427 5937 rlrbidem
1474 5886 1561 5937 p_r_o
1594 5871 1900 5934 Ἑλληνικῶν,

345 5931 519 6043 ἓυίῖἱυε
543 5936 806 6008 Ιςεεοιιιιω
830 5931 1110 6004 διιερίὶιιιωῖ
1131 5931 1387 5994 Ἑλλήνων.
1453 5931 1488 5968 ο“
1502 5934 1676 5986 Morel.
1703 5936 1803 5986 εἶτα
1825 5931 1896 5988 τάξ

378 6008 427 6042 ιγ
470 6032 481 6043 .
505 6012 582 6043 και
602 6013 678 6043 τοι.
1367 6020 1371 6024 ’

378 6008 481 6043 IYU.
505 6012 582 6046 και
602 6013 678 6047 τα.
1367 6020 1371 6024 ·

1843 6075 1874 6089 μ
1905 6067 1918 6075 .

1397 6102 1437 6111 ..αν

1967 459 2118 533 λεροὶ
2146 463 2241 516 καὶ
2267 463 2512 528 ὓπουλοι,
2540 465 2634 518 καὶ
2658 466 2859 528 πάντες
2881 463 2999 535 ἅμα
3024 462 3424 536 ἡχρειώθησαν.
3454 465 3549 517 καί

1968 545 2143 608 οὐδεὶς
2193 547 2252 599 ἐν
2293 548 2477 610 αὐτοῖς
2509 548 2733 618 ἐκζητεῖ
2777 547 2870 600 τὸν
2916 547 3070 611 Θεὸν,
3126 548 3241 601 ἀλλ’
3271 546 3548 612 ἐξέκλιναν

1971 629 2192 693 πάντες,
2223 632 2318 683 καὶ
2347 634 2447 684 ὅσα
2467 631 2710 695 τοιαῦτα,
2744 632 3022 702 ἐπήγαγεν
3040 647 3054 661 ·
3091 629 3347 699 Οῑδαμεν
3369 629 3438 682 δὲ
3459 629 3550 681 ὅτι

1970 710 2088 764 ὅσα
2123 715 2155 767 ό
2177 716 2362 783 νόμος
2391 715 2587 784 λέγει,
2629 715 2754 781 τοῖς
2780 716 2850 768 ἐν
2876 715 2958 780 τῷ
3003 716 3165 783 νόμῳ
3203 713 3399 776 λαλεῖ,
3448 713 3551 765 ἵνα

1969 794 2093 849 πᾶν
2117 797 2312 866 στόμα
2343 797 2542 867 φραγῇ
2562 839 2576 858 ,
2617 799 2716 852 καὶ
2755 798 3042 864 ὑπόδικος
3084 799 3326 867 γένηται
3369 794 3488 862 πᾶς
3517 797 3550 848 ό

1970 878 2197 946 κόσμος
2223 877 2304 944 τῷ
2327 879 2467 945 Θεῷ.
2497 880 2724 946 Πάντες
2747 881 2858 950 γὰρ
2889 881 3173 949 ἥμαρτον,
3220 881 3318 933 καὶ
3369 882 3550 933 ὑστε-

1963 959 2216 1028 ροῦνται
2246 961 2358 1030 τῆς
2390 963 2576 1028 δόξης
2609 962 2713 1016 τοῦ
2741 963 2905 1016 θεοῦ.
2931 963 2997 1016 Τί
3018 957 3110 1016 οὖν
3140 962 3389 1033 ἐπαίρεις
3418 978 3550 1015 σαυ-

1971 1044 2082 1109 τὸν,
2116 1039 2160 1098 ὦ
2201 1046 2455 1112 Ἰουδαῖε;
2503 1047 2556 1100 τί
2605 1046 2746 1117 μέγα
2790 1050 3042 1117 φρονεῖς;
3073 1046 3183 1101 Καὶ
3225 1046 3332 1115 γάρ
3361 1047 3454 1098 καὶ
3487 1044 3550 1096 τὸ

1975 1126 2064 1179 σὸν
2081 1128 2464 1200 ἐμπέφρακται
2484 1129 2678 1198 στόμα,
2699 1129 2839 1199 καὶὴ
2865 1129 2930 1198 σὴ
2952 1129 3233 1200 παρρησία
3253 1127 3547 1198 ἀνῄρηται,

1973 1211 2067 1263 καὶ
2102 1211 2241 1281 μετά
2267 1211 2359 1265 τοῦ
2410 1211 2618 1282 κόσμου
2667 1213 2868 1274 παντὸς
2915 1213 3009 1264 καὶ
3053 1212 3115 1265 σὺ
3153 1211 3383 1280 γέγονας
3414 1210 3550 1263 ὑπό-

1972 1293 2140 1359 δικος,
2181 1296 2275 1349 καὶ
2303 1296 2505 1366 ὁμοίως
2550 1300 2661 1359 τοῖς
2701 1296 2879 1360 ἀλλοις
2915 1297 2972 1348 ἐν
3015 1295 3174 1366 χρείᾳ
3203 1294 3551 1364 καθέστηκας

1973 1376 2066 1430 τοῦ
2102 1377 2310 1448 δωρεάν
2354 1379 2727 1448 δικαιωθῆναι.
2768 1378 2967 1448 Ἐχρῆν
3023 1377 3122 1448 μὲν
3174 1372 3268 1430 οὖν
3323 1375 3458 1447 μηδέ
3499 1377 3551 1428 εί

1973 1461 2359 1530 κατωρθωκὼς
2410 1457 2509 1532 ἧς,
2548 1464 2644 1516 καὶ
2668 1463 2984 1532 παρρησίαν
3012 1460 3211 1531 πολλὴν
3237 1456 3383 1529 εἶχες
3413 1458 3551 1529 πρὸς

1973 1541 2065 1596 τὸν
2093 1544 2248 1608 Θεὸν,
2303 1545 2439 1615 μηδὲ
2485 1544 2628 1599 οὕτω
2673 1548 2787 1609 τοῖς
2835 1544 3120 1616 μέλλουσιν
3159 1540 3426 1597 ἐλεεῖσθαι
3455 1540 3552 1596 καὶ

1978 1623 2244 1690 σώζεσθαι
2287 1627 2374 1680 διὰ
2405 1627 2818 1700 φιλανθρωπίαν
2857 1627 3091 1698 φθονεῖν.
3133 1625 3405 1697 Πονηρίας
3440 1624 3552 1694 γὰρ

1973 1707 2132 1762 τοῦτο
2161 1709 2420 1780 ἐσχάτης,
2467 1710 2560 1764 ἐπὶ
2607 1713 2718 1774 τοῖς
2769 1710 2970 1782 ἐτέρων
3013 1710 3276 1780 τήκεσθαι
3303 1707 3552 1777 ἀγαθοῖς,

1976 1794 2071 1848 καὶ
2100 1794 2331 1864 μάλιστα
2375 1795 2464 1848 ὅτε
2514 1794 2650 1865 μηδὲ
2705 1795 2842 1865 μετά
2899 1794 2997 1864 τῆς
3036 1795 3137 1864 σῆς
3174 1792 3333 1846 τοῦτο
3359 1790 3554 1861 ἔμελλε

1975 1876 2219 1945 γίνεσθαι
2265 1876 2490 1950 ζημίας.
2525 1879 2590 1932 Ei
2632 1877 2730 1947 μὲν
2768 1878 2878 1948 γάρ
2906 1878 2941 1948 ἠ
2964 1876 3075 1930 τῶν
3102 1875 3275 1930 ἄλλων
3310 1872 3554 1943 σωτηρία.

1975 1963 2089 2024 τοῖς
2119 1963 2230 2026 σοῖς
2260 1961 2582 2032 ἐλυμαίνετο
2613 1962 2818 2024 καλοῖς,
2843 1961 2999 2029 λόγον
3020 1958 3088 2012 ἂν
3115 1955 3232 2028 εἶχε
3258 1958 3320 2010 τὸ
3343 1957 3552 2025 ἀλγεῖνο

1977 2044 2153 2097 καίτοι
2177 2062 2240 2113 γε
2271 2046 2390 2099 οὐδὲ
2413 2045 2570 2100 τοῦτο
2595 2045 2736 2098 κατὰ
2772 2044 2864 2098 τὸν
2898 2043 2915 2082 ί
2951 2041 3308 2114 μεμαθηκότα
3341 2039 3556 2110 φιλοσο-

1978 2130 2118 2196 φεῖν.
2160 2129 2302 2182 Εἰδέ
2339 2132 2474 2200 μήτε
2511 2130 2871 2200 κολαζομένου
2904 2127 3132 2199 θατέρου
3162 2125 3443 2190 πλεονάζει
3471 2141 3554 2177 σοι

1978 2208 2045 2263 τά
2071 2209 2178 2264 τῶν
2210 2211 2439 2282 μισθῶν,
2471 2213 2606 2283 μήτε
2634 2209 2691 2265 εὖ
2723 2213 3020 2281 πάσχοντος
3047 2208 3382 2270 ἐλαττοῦται,
3409 2207 3556 2269 τίνος

1977 2290 2163 2346 ἐνεκεν
2207 2294 2272 2348 σὺ
2314 2294 2536 2358 κόπτεις
2569 2295 2763 2347 σαυτὸν
2809 2295 2948 2365 ὑπὲρ
2991 2287 3067 2347 ὧν
3104 2293 3290 2363 ἕτερος
3325 2289 3557 2354 σώζεται

1977 2374 2218 2448 δωρεάνς
2283 2377 2480 2449 Ἐχρῆν
2526 2377 2628 2448 μὲν
2651 2373 2767 2442 οὖν,
2801 2378 2938 2448 ὅπερ
2967 2376 3103 2444 έφην
3129 2377 3175 2440 3,
3213 2373 3348 2444 μηδέ
3374 2373 3422 2425 εί
3445 2370 3556 2424 τῶν

1980 2459 2418 2529 εὐδοκιμηκότων
2443 2454 2542 2530 ἧς,
2593 2460 2686 2513 ἐπί¹
2717 2462 2783 2530 τῇ
2822 2460 2966 2512 κατὰ
3002 2458 3163 2530 χάριν
3199 2459 3280 2520 είς
3316 2456 3387 2508 τά
3427 2452 3558 2524 ἔθνη

1979 2541 2239 2613 γινομένῃ
2292 2542 2586 2596 δάκνεσθαι
2629 2541 2906 2614 σωτηρίᾳ·
2940 2541 3067 2594 ὅταν
3116 2540 3175 2593 δέ
3220 2537 3329 2592 τῶν
3376 2535 3558 2590 αὐτῶν

1983 2625 2280 2689 ὑπεύθυνος
2309 2625 2384 2680 ὣν
2416 2627 2494 2696 τῷ
2524 2627 2766 2697 Δεσπότη
2788 2667 2802 2689 ,
2833 2626 2928 2678 καὶ
2968 2619 3430 2696 προσκεκρουκὼς
3461 2619 3561 2672 καὶ

1981 2713 2165 2776 αὐτὸς,
2198 2713 2553 2785 δυσχεραίνῃς
2576 2714 2670 2766 ἐπὶ
2698 2715 2809 2774 τοῖς
2845 2711 3146 2780 ἀλλοτρίοις
3190 2707 3436 2777 ἀγαθοῖς,
3464 2705 3562 2759 καὶ

1986 2796 2129 2867 μέγα
2154 2799 2356 2866 φρονῇς
2388 2796 2463 2859 ὡς
2505 2796 2668 2860 αὐτὸς
2716 2796 2946 2864 ὀφείλων
2996 2794 3154 2864 μόνος
3199 2793 3298 2862 τῆς
3338 2790 3562 2860 χάριτος

1987 2882 2296 2948 μετασχεῖν,
2337 2881 2397 2932 οὐ
2430 2879 2730 2950 βασκανίας
2761 2878 2918 2949 μόνον
2962 2877 3057 2930 καὶ
3103 2874 3358 2936 ἀπονοίας
3377 2913 3392 2937 ,
3423 2870 3564 2925 ἀλλά

1984 2963 2080 3016 καὶ
2111 2962 2210 3031 τῆς
2252 2963 2490 3034 ἐσχάτης
2532 2961 2752 3025 ἀνοίας,
2787 2961 2883 3014 καὶ
2919 2959 3138 3012 πάντων
3171 2957 3278 3011 τῶν
3314 2955 3564 3026 χαλεπω-

1985 3047 2159 3098 τάτων
2177 3045 2242 3098 ἂν
2261 3046 2377 3116 εἴης
2399 3044 2699 3106 ὑπεύθυνος
2721 3041 3178 3114 βασανιστηρίων·
3205 3037 3318 3111 [56]
3336 3039 3432 3108 τὴν
3453 3036 3565 3105 γὰρ

1984 3128 2094 3182 τῶν
2121 3129 2306 3182 κακῶν
2337 3129 2491 3200 ρίζαν
2523 3128 2780 3182 ἁπάντων
2809 3128 2868 3180 ἐν
2915 3123 3124 3195 σεαυτῷ
3159 3121 3565 3190 κατεφύτευσας

1960 3212 2083 3284 ’τὴν
2111 3213 2507 3284 ὑπερηφανίαν.
2545 3213 2636 3265 Διὸ
2668 3210 2761 3265 καί
2793 3227 2878 3274 τις
2919 3209 3081 3277 σοφὸς
3111 3207 3296 3275 ἔλεγεν
3321 3224 3333 3236 -
3388 3203 3564 3273 Ἀρχὴ

1986 3295 2276 3365 ἁμαρτίας
2320 3297 2699 3364 ὑπερηφανία
2723 3312 2735 3324 ·
2776 3293 3061 3355 τουτέστι,
3097 3291 3220 3360 ρίζα
3274 3286 3370 3340 καὶ
3413 3285 3569 3357 πηγὴ

1988 3379 2082 3431 καὶ
2119 3381 2320 3449 μήτηρ.
2362 3377 2519 3431 Οὕτω
2563 3378 2653 3431 καὶ
2694 3379 2723 3430 ὁ
2751 3374 3174 3447 πρωτόπλαστος
3211 3370 3435 3435 ἐξέπεσε
3465 3370 3565 3438 τῆς

1993 3460 2104 3533 [56]
2141 3460 2414 3532 μακαρίας
2439 3461 2652 3530 ἐκείνης
2678 3459 2976 3529 διαγωγῆς
3023 3456 3166 3510 οὕτω
3198 3455 3294 3509 καὶ
3319 3455 3348 3506 ὁ
3376 3451 3568 3507 τοῦτον

1990 3545 2280 3616 ἀπατήσας
2331 3541 2574 3606 διάϐολος
2618 3543 2712 3596 ἀπ’
2747 3543 2959 3596 ἐκείνου
2994 3537 3304 3609 κατηνέχθη
3345 3536 3440 3590 τοῦ
3467 3536 3569 3606 τῆς

1989 3627 2145 3694 ἀξίας
2191 3626 2375 3697 ὕψους.
2423 3625 2588 3679 Ὅθεν
2635 3624 2790 3687 εἰδὼς
2836 3627 2864 3677 ὁ
2902 3623 3097 3695 μιαρὸς
3140 3625 3240 3693 τῆς
3291 3619 3569 3690 ἁμαρτίας

1989 3712 2192 3782 ταύτης
2215 3711 2313 3780 τὴν
2343 3708 2502 3778 φύσιν
2536 3708 2726 3779 ἱκανὴν
2767 3702 2934 3761 οὖσαν
2970 3707 3065 3760 καὶ
3105 3704 3164 3772 ἐξ
3194 3703 3372 3758 αὐτῶν
3397 3718 3570 3756 κατα-

1991 3796 2174 3851 ϐαλεῖν
2201 3795 2310 3848 τῶν
2343 3793 2608 3865 οὐρανῶν,
2635 3791 2839 3862 ταύτην
2880 3786 3011 3860 ἦλθε
3041 3789 3141 3860 τὴν
3185 3787 3326 3848 ὁδὸν,
3356 3787 3446 3839 ὅτε
3479 3783 3572 3837 τὸν
3674 3855 3684 3860 _

2011 3882 2187 3954 Ἀδάμ
2233 3882 2341 3936 ἀπὸ
2392 3882 2492 3950 τῆς
2548 3877 2817 3948 τοσαύτης
2869 3877 3218 3944 κατενεγκεῖν
3269 3871 3571 3927 ἐσπούδασε

1991 3967 2178 4036 τιμῆς.
2216 3965 2294 4036 Τῇ
2328 3963 2436 4034 γὰρ
2469 3961 2773 4032 ἐπαγγελία
2792 3962 2892 4031 τῆς
2928 3959 3163 4021 taceam;
3195 3958 3442 4027 φυσήσας
3469 3954 3570 4036 αὑΪ

1992 4035 2124 4113 τὸν,
2156 4035 2297 4103 οὕτω
2335 4045 2641 4118 κατέρρηξε
2691 4045 2785 4098 καλ⁵
2835 4042 3133 4097 κατέϐαλεν
3178 4043 3258 4104 είς
3302 4037 3443 4094 αὐτὰ
3476 4035 3573 4090 τοῦ

1995 4133 2120 4203 ᾆδου
2173 4131 2243 4185 τά
2299 4129 2565 4200 βάραθρα.
2631 4128 2796 4181 Οὐδὲν
2845 4127 2956 4197 γὰρ
2994 4125 3138 4179 οὕτω
3171 4125 3271 4194 τῆς
3303 4121 3395 4176 τοῦ
3434 4118 3573 4173 Θεοῦ

1997 4218 2402 4290 φιλανθρωπίας
2439 4216 2730 4286 ἀλλοτριοῖ,
2769 4215 2865 4268 καὶ
2894 4213 2972 4284 τῷ
2994 4214 3094 4283 τῆς
3135 4210 3360 4280 γεέννης
3391 4224 3575 4278 παρα-

1994 4306 2176 4361 δίδωσι
2204 4307 2357 4377 πυρὶ,
2393 4305 2468 4368 ὡς
2498 4305 2531 4375 ή
2569 4302 2668 4374 τῆς
2699 4300 3079 4372 ὑπερηφανίας
3115 4295 3389 4364 τυραννίς.
3423 4292 3573 4377 Ταύ-

1995 4406 2094 4460 της
2124 4388 2232 4460 γάρ
2258 4375 2388 4460 ημῖν
2426 4386 2730 4458 παρούσης,
2763 4385 2910 4447 άπας
2943 4381 3103 4453 ἡμῶν
3128 4383 3156 4433 ὁ
3185 4378 3299 4450 βίος
3325 4375 3576 4460 ,ἀκάθαρ-

1999 4458 2090 4536 τος
2117 4458 2348 4541 γίνεται,
2379 4470 2480 4524 κᾶν
2514 4465 2893 4541 σωφροσύνην,
2954 4463 3058 4518 κᾶν
3103 4459 3431 4533 παρθενίαν,
3470 4458 3573 4512 κᾶν

1998 4555 2269 4628 νηστείαν,
2309 4553 2410 4608 κᾶν
2445 4552 2630 4623 εὐχὰς,
2661 4551 2764 4605 κᾶν
2802 4545 3202 4620 ἐλεημοσύνην,
3250 4542 3353 4628 κάν
3395 4541 3574 4628 ὁτιοῦν

2000 4624 2358 4709 ἐπιτελῶμεν.
2402 4635 2751 4703 Ἀκάθαρτος
2780 4632 2925 4704 γάρ,
2976 4628 3144 4699 φησὶ,
3175 4627 3336 4709 παρὰ
3380 4624 3577 4709 Κυρίῳ

1999 4722 2120 4788 πᾶς
2157 4705 2626 4792 ὑψηλοκὰρδιος.
2676 4713 3143 4784 Καταστέλλωμεν
3183 4705 3277 4764 οῦν
3317 4707 3475 4762 τοῦτο
3514 4708 3579 4761 τὸ

2001 4809 2229 4882 φύσημα
2258 4809 2357 4878 τῆς
2383 4807 2579 4877 ψυχῆς,
2607 4804 2703 4859 καὶ
2728 4803 2820 4856 τὸν
2851 4801 3014 4870 ὄγκον
3038 4798 3228 4852 τοῦτον
3253 4795 3578 4882 ἀνακόπτω-

2003 4879 2103 4967 μεν
2115 4879 2166 4962 Β,
2196 4895 2332 4962 εἴγε
2357 4892 2631 4961 ἐθέλοιμεν
2663 4883 2801 4943 εἶναι
2830 4884 3084 4956 καθαροὶ,
3115 4883 3210 4937 καὶ
3242 4882 3340 4952 τῆς
3363 4880 3441 4967 τῷ
3465 4879 3582 4967 δια-

2002 4963 2143 5048 ϐόλῳ
2177 4976 2438 5048 κειμένης
2467 4973 2810 5045 ἀπηλλάχθαι
2849 4970 3143 5031 κολάσεως.
3183 4967 3310 5020 Ὅτι
3354 4966 3464 5036 γάρ
3487 4963 3583 5048 τὸν

2002 5047 2242 5125 ἀλαζόνα
2271 5059 2340 5114 τά
2362 5047 2502 5114 αὐτὰ
2530 5056 2724 5126 ἐκείνῳ
2745 5053 2938 5108 παθεῖν
2966 5051 3204 5120 ἀνάγκη,
3232 5049 3463 5104 ἄκουσον
3484 5047 3580 5099 τοῦ

2003 5144 2217 5199 Παύλου
2247 5143 2514 5213 λέγοντος·
2547 5141 2645 5207 Μὴ
2679 5139 2999 5207 νεόφυτον,
3035 5134 3137 5188 ἵνα
3156 5131 3242 5202 μὴ
3265 5126 3578 5213 τυφωθεὶς,

2003 5236 2092 5297 είς
2122 5231 2299 5300 κρῖμα
2321 5211 2565 5298 ἐμπέσῃ
2608 5225 2707 5279 καί
2737 5222 2960 5292 παγίδα
3007 5219 3114 5274 τοῦ
3169 5215 3476 5300 διαϐόλου.
3515 5211 3581 5300 '1“!

2007 5294 2123 5370 ἐστι
2155 5294 2386 5385 *κρῖμαξ
2443 5294 2678 5378 Εἰςντὴν
2713 5307 2904 5385 αὐτὴν,
2941 5303 3097 5374 φησὶ,
3131 5296 3452 5385 καταδίκην,
3501 5294 3582 5385 είς

2004 5399 2102 5470 τὴν
2133 5375 2301 5467 αὐτὴν
2333 5375 2573 5448 κόλασιν.
2602 5375 2728 5454 Πῶς
2757 5375 2849 5443 οὖν
2872 5388 2937 5443 ἀν
2956 5403 3042 5450 τις
3074 5382 3303 5470 ἐκφύγοι
3334 5378 3494 5470 τοῦτο
3519 5375 3582 5470 τὸ

2005 5461 2196 5546 δεινὸν,
2234 5461 2432 5550 φησίν;
2458 5475 2527 5530 Et
2555 5491 2618 5544 γε
2673 5474 3046 5542 ἀναλογίσαιτο
3079 5471 3095 5510 ί
3129 5468 3228 5537 τὴν
3250 5463 3446 5550 ἑαυτοῦ
3467 5461 3582 5550 *φύς

2009 5585 2114 5633 σιν,
2139 5546 2365 5620 καὶτῶν
2397 5560 2810 5636 ἁμαρτημάτων
2840 5557 2902 5609 τὸ
2931 5553 3151 5624 πλῆθος,
3195 5552 3290 5636 καλ⁴
3323 5546 3432 5636 τῶν
3463 5547 3581 5636 ἐκεῖ

2012 5629 2533 5721 βασανιστηρίωντδ
2560 5629 2808 5717 μέγεθος,
2843 5641 2936 5694 καὶ
2965 5637 3074 5690 τῶν
3096 5631 3331 5689 ἐνταῦθα
3357 5629 3579 5686 δοκούν-

2074 5752 2095 5791 ΐ
2127 5753 2275 5801 Savil.
2305 5749 2430 5798 κατὰ
2451 5749 2550 5805 τόν,
2593 5745 2767 5795 Morel.
2792 5747 2844 5790 et
2866 5739 2973 5790 cod.
2998 5737 3089 5805 7_06
3114 5737 3230 5800 πρὸς
3260 5735 3356 5805 τόν,
3382 5734 3435 5783 Si
3459 5730 3583 5780 reﬂ-

2007 5828 2184 5865 nemus
2193 5813 2326 5876 πρός,
2340 5813 2500 5871 inquit
2512 5801 2739 5866 Savilius,
2755 5801 3093 5876 ad'ungendus
3105 5806 3183 5848 est
3200 5801 3468 5867 ge_niuvus,
3481 5806 3578 5841 non

2009 5875 2332 5925 accusativus.
2402 5876 2426 5912 ε
2449 5872 2621 5920 Morel.
2648 5869 2762 5931 ὅπερ
2804 5821 2921 5931 ἔφην
2959 5864 3120 5911 εἷπων.
3157 5861 3334 5909 Melius
3354 5858 3490 5931 ξφθῃν
3511 5855 3577 5931 εξ-

2053 5892 2332 5923 ξευδξιῐινυε.
2402 5892 2425 5912 ο
2450 5892 2621 5920 ΠιυΓυΙ.
2648 5892 2762 5923 οπερ
2804 5892 2916 5923 ῑφην
2959 5892 3120 5911 ειη-ων.
3158 5892 3233 5909 λιιι,

2008 5916 2221 5996 0.65:6}-
2234 5916 2705 5997 εῷνρἰεςῇηῖἐίίεέίιυζ
2718 5916 2850 5997 _a'pud
2873 5916 3284 5997 Chrysgslqumur‘n.
3316 5981 3327 5996 ν
3350 5916 3576 5997 ΙίΜοιπεΙ.

2010 5987 2358 6064 ἀνακόπτομέν.
2395 5995 2546 6049 Savil.
2571 5987 2883 6059 ’ἐκκόψωμεει
2904 6035 2918 6051 ,
2980 5988 2994 6028 ί
3025 5987 3175 6036 Savil.
3225 5987 3488 6046 λογίσαιτο.
