4074 6374
247 447 316 505 7;
894 476 903 487 .
1346 427 1415 491 iN
1452 420 1765 490 JOANNEM
1802 420 2031 486 ilOMlL.
2073 426 2141 487 Χ.
2180 433 2253 489 al.
2295 425 2390 493 lli.
3456 436 3523 508 τι

249 576 474 634 qucque
524 556 731 614 facilius
775 560 1131 619 marceseunt,
1171 562 1336 621 quam
1355 549 1507 604 verni
1540 547 1722 602 flores.
1776 545 1836 601 Si

251 656 347 709 has
386 654 696 721 frequenter
723 649 1077 719 cogitationes
1104 644 1284 700 animo
1308 656 1593 699 versemus
1611 682 1626 705 ,
1652 640 1697 695 si
1724 653 1836 695 me-

250 747 419 803 moria
466 753 772 814 repetamus
801 756 894 797 eos
925 739 1015 810 qui
1057 738 1111 793 in
1149 736 1347 791 virtute
1376 735 1610 791 maxime
1636 733 1836 789 ﬂorue-

251 846 378 892 runt
401 878 417 903 ,
449 851 556 890 non
585 833 738 888 facile
772 831 1016 887 diabolus
1036 844 1136 885 nos
1165 828 1356 884 efferre
1383 827 1581 897 poterit
1608 865 1624 892 ,
1661 839 1835 896 quan-

252 927 446 983 tumvis
472 925 764 981 contendat
789 963 807 988 ,
859 937 1033 991 neque
1083 921 1219 975 inire
1268 920 1408 973 viam
1447 933 1549 988 qua
1578 931 1677 971 nos
1711 929 1839 985 sup-

253 1020 474 1088 plantet.
510 1019 647 1071 Deus
674 1025 854 1070 autem
884 1012 1185 1079 humilium,
1211 1011 1470 1082 benignus
1494 1008 1583 1064 ille
1610 1013 1666 1063 et
1685 1022 1837 1061 man-

1938 557 2142 614 suetus,
2169 561 2224 605 et
2253 551 2403 607 vobis
2422 559 2478 607 et
2494 550 2646 609 nobis
2670 562 2766 610 cor
2789 557 3076 615 contritum
3099 564 3154 616 ct
3184 554 3520 622 humiliatum

1939 640 2152 696 tribuat.
2200 641 2289 698 Sic
2334 645 2479 699 enim
2524 646 2817 715 poterimus
2865 652 3061 706 ctete'ra
3102 666 3318 725 quoque
3366 658 3521 716 facile

1941 741 2220 803 prazstare,
2252 734 2318 789 ad
2340 735 2562 806 gloriam
2594 739 2805 794 Domini
2834 743 3000 796 nostri
3030 727 3156 799 Iesu
3184 745 3401 815 Christi,
3429 756 3528 821 per

1939 839 2099 894 quem
2124 834 2179 879 et
2202 841 2323 881 eum
2359 844 2465 897 quo
2496 828 2637 888 Patri
2670 846 2881 902 unaque
2922 833 3153 905 Spiritui
3191 848 3378 895 sancto
3399 843 3519 913 glo-

1938 917 2038 982 ria,
2075 917 2126 972 in
2157 918 2346 973 saecula
2376 921 2716 977 surculorum.
2748 926 2943 982 Amen.

1699 1184 2035 1253 HOMILIA
2077 1193 2160 1253 X.

410 1347 481 1405 In
508 1346 714 1421 prapria
737 1345 889 1412 venit,
917 1352 965 1399 et
992 1343 1072 1398 sui
1100 1356 1215 1396 eum
1243 1354 1345 1395 non
1369 1345 1682 1409 receperunt.

323 1442 376 1498 1.
418 1434 559 1499 Deus
585 1456 676 1494 nos
706 1437 773 1492 ad
802 1439 1034 1492 uirtutem
1060 1435 1295 1505 impellit,
1343 1434 1508 1487 illwsa
1552 1436 1725 1484 nostra
1773 1426 1839 1480 li-

255 1538 459 1589 bertate.
490 1529 665 1586 Bonus
689 1530 951 1602 probatur,
980 1528 1131 1581 etiam
1169 1539 1284 1580 cum
1322 1523 1575 1595 supplicia
1598 1521 1837 1574 minatur.

259 1628 425 1692 Quam
474 1638 717 1695 generosa
763 1620 1046 1675 Saluatoris
1094 1620 1298 1671 caritas.
1337 1645 1411 1655 —
1452 1614 1614 1676 Deus,
1658 1621 1842 1681 utpote

253 1720 492 1773 clemens
520 1724 574 1775 et
602 1715 893 1778 beneficus,
915 1712 1110 1767 dilecte
1136 1712 1177 1779 ⁸,
1207 1709 1338 1764 nihil
1370 1719 1475 1763 non
1501 1706 1688 1777 agitet
1713 1719 1842 1773 ope-

257 1822 424 1878 ratur,
458 1819 518 1871 ut
547 1824 647 1866 nos
675 1809 876 1871 virtute
901 1804 1163 1876 splendidi
1192 1804 1395 1868 simus;
1426 1799 1569 1872 quod
1596 1814 1694 1854 nos
1714 1794 1845 1853 velit

257 1914 506 1973 acceptos
533 1903 895 1975 probatusque
919 1913 1040 1955 esse
1064 1912 1080 1969 ;
1125 1894 1284 1968 idque
1308 1910 1415 1950 non
1444 1895 1492 1947 vi
1519 1901 1612 1947 aut
1642 1904 1839 1947 neces-

258 1997 436 2059 sitate,
470 1995 567 2050 sed
604 1993 857 2060 suasione
899 1999 955 2055 et
997 1986 1276 2045 beneficiis
1319 1986 1430 2041 suis
1454 1984 1695 2039 volentes
1724 1994 1843 2035 om-

258 2103 355 2143 nes
396 2082 567 2142 allicit
607 2092 664 2141 et
705 2083 773 2139 ad
816 2097 877 2138 se
923 2079 1108 2137 trahit.
1147 2076 1507 2147 Quamobrem
1542 2073 1844 2130 venientem

262 2180 405 2235 illum
432 2177 529 2232 alii
559 2182 900 2246 receperunt,
948 2171 1040 2227 alii
1083 2183 1259 2226 secus.
1309 2162 1525 2224 Nullum
1564 2165 1708 2221 enim
1734 2162 1849 2218 vult

261 2271 481 2325 invitum
508 2267 595 2323 vel
625 2265 947 2323 necessitate
964 2270 1209 2319 eoactum
1236 2274 1455 2314 servum
1480 2255 1716 2321 habere;
1751 2253 1847 2308 sed

262 2374 449 2415 omnes
478 2359 707 2423 libenter
734 2366 790 2413 et
816 2370 885 2411 ex
909 2352 1199 2410 voluntatis
1227 2349 1500 2422 proposito
1532 2344 1736 2410 venire,
1785 2358 1849 2399 ac

264 2453 330 2508 de
352 2452 447 2506 tali
474 2451 732 2507 servitute
759 2447 980 2518 gratiam
1009 2445 1109 2516 ipsi
1136 2443 1357 2498 habere.
1405 2440 1662 2496 Homines
1704 2437 1848 2493 enim

265 2557 543 2600 servorum
567 2538 870 2607 ministerio
897 2551 1031 2607 opus
1058 2535 1343 2601 habentes,
1388 2532 1535 2603 ipsos
1555 2533 1576 2563 ²
1599 2529 1685 2585 vel
1712 2528 1851 2583 iuris

268 2644 347 2690 tos
389 2632 668 2689 servitutis
697 2631 800 2701 legi
830 2628 1122 2699 subjiciunt
1149 2644 1162 2681 :
1193 2624 1340 2685 Deus
1362 2634 1540 2679 autem
1558 2637 1681 2678 cum
1706 2618 1852 2676 nullo

270 2728 522 2799 indigeat,
552 2725 792 2794 nullique
816 2721 1145 2786 necessitati,
1187 2734 1290 2791 qua
1320 2718 1569 2773 homines
1597 2728 1849 2786 premun-

273 2827 374 2885 tur,
398 2820 472 2873 sit
500 2817 796 2888 subjectus,
847 2822 1043 2871 nostra:
1080 2810 1270 2867 salutis
1301 2824 1466 2865 causa
1500 2817 1705 2867 tantum
1734 2820 1852 2861 om-

272 2912 352 2966 nia
375 2911 525 2977 facit,
574 2911 781 2979 hocque
810 2915 997 2962 nostro
1019 2904 1241 2959 arbitrio
1262 2912 1318 2958 et
1344 2899 1600 2959 voluntati
1633 2900 1853 2979 permit-

271 3004 332 3058 tit
360 3019 376 3056 :
406 3001 641 3071 ideoque
664 2998 969 3054 nolentibus
1004 2994 1207 3050 nullam
1233 2993 1342 3048 vim
1365 2998 1456 3046 aut
1481 2988 1853 3046 necessitatem

273 3095 449 3151 infert.
497 3090 586 3148 Ad
619 3099 861 3147 nostram
902 3088 1046 3144 enim
1094 3084 1270 3141 solum
1312 3089 1519 3153 spectat
1545 3081 1849 3136 utilitatem.

272 3184 398 3240 Nam
430 3182 630 3238 invitos
658 3180 725 3236 ad
753 3179 891 3235 hanc
916 3177 1054 3243 trahi
1080 3175 1479 3239 necessitatem,
1529 3171 1669 3231 idem
1710 3179 1857 3227 esset

273 3292 334 3331 ac
360 3275 517 3331 nullo
540 3272 706 3329 modo
735 3272 957 3328 servire.
984 3270 1092 3335 Cur
1123 3283 1275 3340 ergo,
1302 3266 1534 3338 inquies,
1576 3264 1729 3335 punit
1761 3277 1856 3318 eos

272 3370 361 3441 qui
392 3367 592 3424 nolunt
615 3365 714 3436 ipsi
740 3364 962 3435 obsequi
982 3363 1007 3417 2
1031 3370 1087 3418 et
1113 3376 1209 3419 cur
1235 3360 1533 3432 gehennam
1560 3356 1856 3415 commina-

274 3472 355 3517 tus
373 3470 462 3518 est
481 3460 571 3525 iis,
587 3462 678 3529 qui
703 3459 819 3529 ejus
848 3466 1111 3531 praecepta
1137 3470 1246 3510 non
1270 3452 1527 3510 audiunt?
1546 3452 1679 3520 Quia
1696 3452 1856 3506 etiam

274 3554 430 3609 nobis
453 3566 567 3607 non
596 3548 1086 3621 obtemperantibus
1109 3587 1125 3613 ,
1170 3560 1417 3617 magnam
1465 3543 1633 3598 nostri
1672 3555 1858 3601 curam

275 3646 429 3717 gerit,
482 3652 669 3715 utpote
714 3641 923 3707 bonus;
968 3640 1079 3695 imo
1117 3638 1271 3694 nobis
1306 3635 1671 3703 resilientibus
1695 3644 1748 3689 ct
1772 3632 1858 3687 fu-

275 3737 565 3810 gientibus,
612 3750 717 3791 non
758 3734 1016 3799 abscedit.
1060 3732 1195 3800 Quia
1242 3732 1403 3802 igitur
1447 3730 1675 3803 priorem
1711 3727 1860 3784 illam

278 3828 523 3886 beneficii
569 3827 709 3883 viam
744 3826 894 3883 adire
930 3825 1223 3891 noluimus,
1270 3838 1372 3879 nec
1398 3821 1633 3885 suasioni
1659 3820 1860 3879 benefi-

278 3923 481 3993 ciisque
522 3920 783 3975 cessimus
815 3935 831 3974 :
860 3916 1085 3975 alteram
1126 3915 1335 3972 induxit
1370 3928 1469 3985 per
1505 3913 1761 3983 supplicia
1804 3921 1860 3977 et

279 4015 582 4077 cruciatus;
630 4027 748 4082 qua:
794 4008 1139 4073 acerbissima
1169 4007 1385 4078 quidem
1413 4014 1516 4073 est,
1547 4005 1642 4067 sed
1684 4014 1861 4061 tamen

283 4103 610 4161 necessaria.
656 4101 842 4159 Priore
867 4114 1098 4171 namque
1122 4107 1454 4169 contempta,
1484 4096 1716 4155 secunda
1759 4111 1859 4152 nc-

281 4195 518 4251 eessario
567 4192 856 4255 inducitur,
918 4192 1050 4253 Nam
1088 4199 1143 4245 et
1175 4191 1354 4261 legum
1399 4189 1597 4249 latores
1642 4201 1864 4260 magnas

282 4299 577 4355 gravesque
602 4293 790 4338 contra
820 4290 1101 4352 peccantes
1128 4281 1460 4337 constituunt
1483 4294 1669 4350 pennas
1718 4297 1732 4335 :
1770 4294 1865 4335 ne-

285 4392 387 4445 que
429 4386 609 4430 tamen
652 4374 774 4439 ideo
799 4375 918 4428 illos
945 4388 1277 4440 aversamur,
1306 4371 1417 4428 imo
1437 4372 1605 4444 magis
1630 4371 1865 4428 honora-

289 4483 405 4522 mus
438 4467 713 4527 constituti
755 4464 999 4535 supplicii
1040 4479 1223 4531 causa,
1266 4470 1322 4519 et
1351 4463 1493 4533 quod
1515 4463 1658 4527 nulla
1682 4472 1865 4519 nostra

292 4576 348 4616 re
376 4561 694 4630 indigentes,
718 4558 826 4613 imo
854 4572 997 4627 saepe
1017 4556 1181 4619 nescii
1208 4556 1425 4627 quinam
1447 4554 1623 4627 legum
1645 4570 1864 4611 suarum

291 4669 389 4723 ope
426 4651 653 4722 juvandi
694 4650 822 4718 sint,
867 4658 1100 4715 attamen
1127 4650 1271 4715 bono.
1294 4648 1419 4713 vita:
1446 4656 1645 4707 nostra:
1671 4655 1730 4707 et
1753 4646 1866 4703 rei-

297 4744 521 4813 publica:
552 4742 728 4807 ordini
759 4740 1135 4811 advigilarunt,
1156 4740 1352 4796 virtute
1380 4739 1633 4807 praeditos
1656 4739 1864 4797 honore

294 4836 608 4903 allicientes,
655 4833 930 4905 improbos
965 4842 1147 4899 autem
1176 4838 1236 4888 et
1260 4839 1563 4902 protervos,
1609 4830 1700 4902 qui
1736 4830 1866 4887 reli-

297 4945 521 5003 quorum
550 4930 783 5000 quietem
824 4927 1057 4994 turbant,
1094 4940 1190 4997 per
1233 4924 1491 4995 supplicia
1534 4933 1868 4980 coercentes.

301 5023 447 5090 Quod
473 5023 521 5077 si
549 5021 650 5076 bos
673 5019 999 5075 admiramur
1031 5026 1088 5081 et
1126 5018 1428 5090 diligimqs,
1477 5029 1658 5081 nonne
1701 5014 1872 5070 multo

301 5114 464 5184 magis
485 5114 633 5168 Deus.
652 5111 723 5168 ob
736 5119 937 5183 tantam
964 5108 1239 5177 hominum
1256 5122 1439 5175 curam
1457 5115 1512 5164 et
1534 5105 1878 5164 admirandus

306 5215 359 5259 et
380 5202 645 5269 amandus
669 5202 784 5259 est?
810 5201 1131 5257 immensum
1155 5200 1352 5271 quippe
1375 5199 1663 5263 discrimen
1690 5206 1773 5254 est
1796 5198 1881 5253 in-

308 5305 385 5351 ter
405 5296 623 5353 illorum
643 5303 698 5351 et
720 5293 815 5349 Dei
842 5308 967 5363 erga
993 5306 1092 5357 nos
1117 5291 1506 5363 providentiam
1535 5308 1548 5345 :
1583 5289 1879 5346 ineffabiles

309 5388 544 5458 profecto
568 5394 625 5441 et
649 5396 814 5453 supra
838 5393 1074 5455 mentem
1097 5397 1317 5438 omnem
1342 5389 1469 5438 sunt
1491 5380 1690 5437 divitiae
1721 5379 1878 5435 boni-

309 5480 431 5533 tatis
456 5478 620 5533 illius.
652 5473 755 5531 Hic
777 5474 1011 5529 animum
1040 5473 1254 5530 adhibe.
1283 5471 1352 5527 In
1372 5472 1583 5543 propria
1601 5472 1752 5539 venit,
1774 5484 1883 5525 non

312 5568 643 5625 necessitatis
666 5582 779 5623 sua:
804 5581 967 5625 causa
1011 5566 1031 5637 (
1057 5566 1205 5622 Deus
1233 5566 1452 5638 quippe,
1483 5574 1543 5620 ut
1570 5563 1701 5631 dixi,
1739 5564 1884 5620 nullo

312 5661 567 5733 indiget),
596 5660 692 5717 sed
715 5659 784 5727 ad
807 5658 1061 5717 beneficia
1089 5660 1201 5716 suis
1226 5658 1545 5730 praestanda.
1583 5658 1689 5717 Sed
1718 5674 1888 5731 neque

376 5797 399 5889 ζ
424 5794 1084 5921 ῗὸξὲιὲὶὶῗδὲἆιηῶωθι,
1106 5792 1287 5847 dilecti.

1954 1337 2031 1392 sic
2061 1338 2131 1391 illi
2159 1340 2247 1408 qui
2274 1342 2353 1396 sui
2377 1352 2548 1417 erant,
2584 1346 2635 1400 in
2665 1349 2877 1416 propria
2905 1365 3001 1419 pro
3035 1353 3271 1423 ipsorum
3304 1352 3531 1416 utilitate

1948 1431 2273 1522 venientem,
2307 1446 2624 1505 receperunt
2647 1454 2804 1494 eum:
2840 1443 2947 1496 imo
2983 1448 3295 1515 repulerunt
3319 1469 3333 1508 :
3357 1468 3533 1522 neque

1950 1518 2052 1578 hoc
2072 1525 2201 1579 satis
2227 1526 2354 1596 ipsis
2384 1526 2501 1590 fuit.
2529 1530 2621 1586 sed
2652 1541 2798 1587 extra
2822 1534 3032 1591 vineam
3063 1538 3292 1609 ejectum
3322 1518 3534 1601 occide-

1954 1624 2081 1668 runt
2106 1616 2323 1684 (Matth.
2352 1619 2443 1675 Si.
2472 1620 2586 1689 59).
2614 1621 2797 1694 Neque
2823 1634 2999 1683 tamen
3030 1631 3106 1686 sic
3138 1632 3282 1701 ipsos
3307 1651 3335 1690 a
3363 1637 3535 1704 poeni-

1951 1707 2114 1760 tentia
2146 1709 2392 1772 exclusit,
2423 1712 2517 1766 sed
2546 1716 2817 1773 concessit
2846 1718 2952 1773 illis
2980 1724 3058 1786 ut,
3081 1723 3126 1776 si
3160 1735 3279 1793 post
3322 1735 3528 1784 tantum

1954 1796 2156 1889 facinus
2196 1802 2400 1856 scelera
2434 1817 2529 1858 sua
2555 1805 2775 1863 abluere
2808 1809 3008 1866 vellent
3035 1828 3130 1883 per
3156 1814 3314 1871 fidem
3351 1818 3402 1877 in
3448 1820 3535 1889 ip-

1951 1900 2090 1952 sum,
2137 1888 2202 1943 iis
2235 1890 2324 1960 qui
2357 1892 2488 1947 nihil
2514 1896 2617 1948 tale
2639 1896 3004 1967 admisissent,
3049 1906 3156 1957 imo
3194 1888 3535 1965 amicissimis

1942 1978 2051 2041 ,sibi
2098 1994 2253 2050 pares
2294 1981 2489 2043 forent.
2542 1985 2695 2055 Quod
2721 1999 2899 2046 autem
2926 2008 3032 2048 non
3063 1998 3231 2064 gratis
3257 2000 3339 2054 vel
3369 2000 3535 2058 animi

1952 2083 2111 2135 causa
2143 2072 2192 2125 id
2221 2073 2415 2137 dicam,
2451 2075 2565 2132 luce
2587 2079 2731 2134 clara
2759 2096 2890 2138 voce
2920 2086 3273 2145 testificantur
3298 2090 3386 2146 illa
3412 2108 3535 2147 om-

1954 2161 2038 2223 nia
2063 2178 2182 2233 qua:
2206 2164 2363 2220 beato
2387 2167 2549 2222 Paulo
2576 2172 2915 2241 contigerunt
2942 2193 2956 2229 :
2978 2178 3067 2245 qui
3087 2188 3366 2250 postquam
3386 2182 3538 2238 Chri-

1957 2264 2098 2309 stum
2128 2265 2247 2325 post
2273 2258 2390 2327 ejus
2421 2270 2645 2321 mortem
2683 2276 3037 2335 persequutus
3072 2269 3263 2337 fuerat,
3311 2273 3537 2345 ejusque

1956 2357 2242 2419 martyrem
2295 2351 2627 2421 Stephanum
2686 2358 2973 2416 multorum
3025 2364 3272 2420 manibus
3327 2367 3529 2436 lapida-

1955 2448 2106 2528 verat
2136 2439 2245 2512 (a),
2292 2443 2412 2511 quia
2455 2447 2817 2513 paenitentiam
2873 2451 3001 2519 egit,
3032 2461 3087 2509 et
3137 2464 3313 2511 errata
3359 2461 3538 2528 priora

1955 2527 2245 2599 damnavit,
2295 2542 2453 2605 atque
2497 2535 2562 2597 ad
2611 2553 2731 2593 eum
2769 2555 2928 2610 quem
2978 2556 3336 2614 persequutus
3362 2527 3541 2604 fuerat

1959 2620 2202 2689 protinus
2226 2626 2475 2692 accessit,
2503 2627 2683 2682 statim
2714 2629 2854 2693 inter
2877 2632 3099 2697 amicos,
3122 2643 3175 2690 et
3196 2636 3416 2706 quidem
3441 2639 3543 2708 pri-

1957 2712 2158 2766 marios
2202 2713 2443 2769 adiectus
2486 2727 2570 2772 est
2609 2733 2640 2772 a
2683 2719 2894 2776 Christo
2919 2722 3011 2793 qui
3040 2723 3215 2795 ipsum
3240 2743 3542 2797 praeconem

1961 2804 2231 2875 totiusque
2260 2806 2408 2861 orbis
2433 2806 2709 2864 dortorem
2753 2813 3067 2882 constituit;
3108 2816 3199 2888 qui
3234 2820 3380 2888 prius
3421 2820 3542 2877 bla-

1959 2893 2239 2963 SphchS,
2271 2908 2625 2967 persequutor
2648 2908 2702 2955 et
2727 2904 3144 2961 contumeliosus
3171 2907 3369 2962 fuerat:
3406 2920 3463 2965 ut
3486 2920 3546 2967 et

1961 2986 2076 3056 ipse
2101 2986 2168 3043 de
2196 2988 2287 3044 Dei
2322 2989 2649 3060 benignitate
2689 2994 2985 3063 exsultans,
3017 2997 3134 3055 sine
3162 2999 3360 3057 rubore
3387 3004 3543 3058 testi-

1962 3075 2148 3132 ficatus
2177 3087 2280 3134 est.
2313 3077 2425 3133 lmo
2455 3090 2509 3135 et
2539 3082 2654 3151 ipse
2674 3085 2850 3154 priora
2872 3086 3106 3144 facinora
3135 3105 3228 3145 sua
3260 3092 3310 3147 in
3332 3093 3546 3164 scriptis

1930 3176 1933 3177 '
1962 3167 2076 3223 suis
2101 3168 2253 3238 quasi
2280 3168 2334 3223 in
2361 3170 2515 3240 cippo
2536 3182 2774 3239 exarata,
2797 3178 3045 3237 omnibus
3070 3179 3359 3237 declaravit
3390 3201 3404 3239 :
3433 3199 3548 3239 me-

1963 3256 2068 3312 lius
2107 3266 2299 3329 putans
2348 3258 2484 3324 fore,
2536 3261 2581 3316 si
2624 3263 2773 3332 prior
2798 3264 2903 3320 vita
2934 3281 3030 3322 sua
3058 3270 3196 3338 apud
3224 3286 3413 3328 omnes
3440 3283 3549 3329 tra‘

1964 3346 2266 3416 duceretur,
2300 3359 2359 3405 ut
2383 3350 2550 3408 divini
2579 3351 2707 3409 doni
2734 3357 3039 3427 magnitudo
3061 3359 3361 3431 effulgeret,
3384 3379 3547 3435 quant

1965 3438 2011 3492 si
2038 3438 2174 3509 ipse,
2199 3456 2268 3495 ne
2291 3450 2463 3497 errata
2487 3458 2581 3497 sua
2609 3446 2858 3501 omnibus
2886 3447 3202 3519 declararet,
3226 3453 3547 3512 ineffabilem

1970 3526 2063 3583 Dei
2090 3529 2469 3600 benignitatem
2498 3534 2796 3603 obtegeret.
2844 3535 3152 3611 Propterea,
3180 3545 3551 3614 persequutio-

1966 3634 2083 3684 nes,
2127 3619 2367 3689 insidias,
2409 3622 2550 3678 bella
2579 3634 2764 3681 contra
2791 3626 3085 3684 Ecclesiam
3132 3633 3360 3689 excitata
3404 3651 3553 3707 smpe

1967 3712 2161 3782 saepius
2187 3724 2590 3780 commemorat,
2624 3717 2785 3772 modo
2810 3719 2999 3776 dicens
3023 3739 3036 3775 :
3072 3722 3195 3779 Non
3229 3743 3342 3781 sum
3367 3728 3550 3800 dignus

1968 3803 2135 3856 vocari
2162 3805 2441 3875 apostolus,
2471 3808 2590 3875 quia
2620 3821 2943 3880 persequutus
2975 3830 3087 3867 sum
3132 3814 3412 3871 Ecclesium
3454 3820 3551 3875 Dei

1971 3892 2046 3962 (1.
2077 3894 2193 3951 Cor.
2221 3895 2308 3951 15.
2340 3895 2395 3965 9)
2420 3913 2434 3961 ;
2488 3897 2646 3954 modo
2674 3910 2873 3969 autem,
2914 3901 3062 3959 Venit
3086 3906 3239 3963 Jesus
3265 3920 3552 3979 peccatores

1968 3985 2134 4039 salvos
2160 3985 2345 4055 facere,
2371 4004 2584 4057 quorum
2613 3990 2804 4058 primus
2831 4009 2923 4064 ego
2951 4012 3062 4050 sum
3092 3998 3169 4067 (1.
3194 3998 3326 4053 Tim.
3346 4001 3396 4055 i.
3426 4003 3551 4071 15);

1972 4089 2036 4130 ac
2064 4090 2302 4143 rursum,
2357 4076 2585 4133 Audistis
2622 4085 3045 4140 conservationem
3074 4105 3236 4144 meam
3276 4091 3557 4163 aliquando

1974 4165 2028 4219 in
2061 4167 2343 4236 judaismo,
2385 4170 2623 4236 quoniam
2664 4188 2821 4242 supra
2862 4177 3068 4231 modum
3094 4183 3421 4251 persequebar
3451 4181 3557 4239 Ec-

1977 4259 2181 4313 clesium
2208 4259 2326 4330 Dei,
2354 4270 2401 4316 et
2427 4265 2778 4334 expugnabam
2806 4266 2950 4323 illam
2984 4270 3124 4342 (Cal.
3150 4274 3201 4328 1.
3227 4274 3335 4344 15).

2045 4351 2102 4406 2.
2142 4350 2299 4408 Velut
2347 4355 2491 4410 enim
2535 4358 2816 4427 quamdam
2859 4363 3027 4418 vicem
3068 4364 3281 4423 Christo
3322 4370 3559 4428 reddens

1981 4443 2052 4501 ob
2081 4445 2393 4516 patientiam
2421 4463 2580 4519 quam
2610 4464 2791 4505 secum
2819 4452 3153 4522 exhibuerat,
3200 4467 3258 4512 ut
3300 4463 3556 4519 ostende-

1977 4547 2063 4593 ret
2098 4537 2333 4609 qualem,
2375 4548 2431 4596 et
2466 4541 2735 4610 quomodo
2774 4542 2980 4599 bouem
3011 4555 3064 4601 et
3085 4546 3358 4605 inimicum
3384 4553 3559 4611 salute

1983 4630 2240 4687 donasset
2265 4647 2281 4686 :
2308 4631 2386 4688 sic
2411 4631 2579 4689 libere
2600 4633 2794 4689 bellum
2825 4635 2956 4691 illud
2981 4638 3254 4709 praedicat,
3276 4658 3382 4712 quo
3402 4644 3557 4700 Chri-

1994 4734 2137 4781 stum
2175 4725 2228 4780 in
2256 4725 2518 4796 principio
2545 4725 2797 4783 ardenter
2825 4727 3184 4800 impugnabat.
3232 4734 3366 4791 llinc
3387 4746 3564 4792 autem

1991 4815 2395 4885 desperantibus
2420 4830 2569 4887 spem
2596 4816 2792 4873 bonam
2821 4818 2974 4875 indit.
3011 4821 3141 4876 Nam
3170 4824 3245 4880 ait
3269 4825 3391 4882 ideo
3413 4828 3568 4883 Chrin

1999 4916 2139 4963 stum
2186 4922 2248 4964 se
2290 4908 2694 4979 resipiscentem
2734 4910 3035 4978 admisisse,
3082 4922 3141 4969 ut
3190 4916 3244 4971 in
3290 4933 3352 4974 se
3391 4915 3569 4989 primo

1995 4997 2302 5054 ostenderet
2340 5012 2553 5054 omnem
2582 5000 2916 5070 patientiam,
2960 5005 3325 5066 et-immensas
3351 5011 3562 5067 bonita-

1988 5090 2059 5145 tis
2108 5104 2220 5145 suaz
2258 5088 2493 5157 divitias,
2536 5090 2587 5145 in
2622 5093 2929 5159 exemplum
2962 5110 3146 5152 eorum
3183 5100 3274 5170 qui
3302 5112 3484 5171 postea
3515 5104 3571 5158 in

1989 5180 2162 5253 ipsum
2190 5180 2445 5237 credituri
2490 5190 2643 5238 erant
2682 5183 2735 5238 in
2778 5185 2940 5239 vitam
2981 5195 3261 5245 aeternam.
3307 5191 3563 5248 Graviora

1992 5277 2188 5346 quippe
2216 5274 2285 5330 ab
2316 5275 2447 5346 ipsis
2484 5275 2715 5331 admissa
2745 5276 2996 5348 fuerant,
3027 5298 3181 5352 quam
3211 5300 3330 5355 quae
3358 5288 3574 5342 veniam

1991 5376 2358 5432 mererentur;
2381 5382 2500 5438 quae
2526 5366 2807 5425 declarans
2835 5373 3163 5443 evangelista,
3190 5375 3400 5432 dicebat
3448 5397 3463 5434 :
3505 5377 3573 5433 In

1990 5460 2199 5533 propria
2235 5460 2387 5525 venit,
2432 5470 2478 5514 et
2502 5460 2582 5514 sui
2610 5476 2726 5516 eum
2749 5479 2854 5517 non
2877 5476 3189 5536 receperunt.
3235 5465 3388 5524 Unde
3428 5471 3576 5526 venit

1993 5552 2041 5609 is
2067 5553 2157 5624 qui
2188 5552 2367 5639 omnia
2391 5551 2600 5623 implet,
2641 5554 2731 5622 qui
2759 5556 2956 5624 ubique
2983 5572 3221 5627 praesens
3256 5562 3377 5616 est?
3415 5581 3571 5635 quem

1992 5646 2170 5702 locum
2218 5642 2452 5719 reliquit,
2500 5643 2593 5713 qui
2640 5645 2821 5700 omnia
2845 5661 3007 5702 manu
3039 5656 3184 5706 tenet
3211 5661 3266 5707 et
3289 5656 3579 5710 continet?

2060 5787 2135 5852 (a)
2168 5783 2340 5835 Paulus
2376 5781 2635 5857 multorum
2677 5782 2899 5857 manibus
2932 5788 3229 5851 Stephanum
3259 5790 3580 5857 lapidaverat,

1996 5854 2112 5904 dum
2136 5860 2306 5900 eorum
2330 5852 2618 5897 vestimenta
2642 5855 2881 5897 servaret.
