4074 6374
524 406 598 468 π
1234 401 1291 459 S.
1332 400 1610 459 JOANNlS
1644 393 2122 457 CHRYSOSTOMI
2158 394 2476 456 ARCHIEP.
2515 402 3051 465 CONSTANTINOP.
3721 417 3790 474 76

528 528 727 586 Locum
774 523 987 597 quidem
1034 521 1235 577 nullum
1284 519 1522 591 reliquit,
1575 516 1881 591 (quomodo
1923 520 2107 585 posset

522 617 748 689 enim?)
792 630 893 671 suo
930 621 1108 669 autem
1153 612 1220 666 ad
1263 625 1363 665 nos
1398 610 1661 665 descensu
1698 608 1753 663 id
1793 606 1938 663 fecit.
1968 605 2103 673 Quia

524 711 668 767 enim
702 709 755 763 in
788 705 989 762 mundo
1019 719 1139 760 cum
1175 711 1342 768 esset,
1394 718 1501 757 non
1542 700 1820 756 videbatur
1868 698 2060 754 adesse
2084 738 2102 765 ,

525 800 668 870 quod
714 796 950 852 nondum
994 801 1408 865 cognosceretur
1437 810 1453 861 ;
1494 800 1679 863 postea
1705 806 1835 845 vero
1862 790 2100 859 seipsum

523 890 782 957 ostendit,
813 904 934 943 cum
966 899 1203 942 nostram
1234 886 1458 941 induere
1481 899 1697 941 carnem
1719 884 1964 953 dignatus
1988 890 2099 937 est:

525 982 664 1036 hanc
691 979 1178 1035 manifestationem
1206 985 1258 1032 et
1286 976 1624 1038 descensum,
1673 976 1958 1029 adventum
2003 988 2101 1043 ap-

522 1074 707 1141 pellat.
739 1072 931 1126 Mirum
969 1080 1051 1125 cst
1077 1070 1397 1139 discipulum
1427 1084 1533 1123 non
1564 1068 1881 1124 erubescere
1910 1066 1976 1121 de
1999 1081 2104 1120 ma-

521 1165 674 1235 gistri
700 1163 1044 1229 contumelia,
1074 1162 1167 1218 sed
1198 1177 1316 1217 eam
1343 1150 1511 1232 ipsam
1532 1160 1909 1215 contumeliam
1933 1159 2102 1214 ﬁden-

522 1266 605 1311 ter
634 1257 803 1311 literis
831 1254 1105 1309 mandare.
1153 1253 1211 1306 ld
1256 1267 1384 1307 vero
1423 1267 1531 1306 non
1561 1266 1749 1321 parum
1770 1251 2103 1305 demonstrat

518 1362 677 1416 quam
705 1361 891 1401 amans
921 1346 1161 1400 veritatis
1186 1351 1350 1397 esset.
1376 1343 1625 1412 Alioquin
1651 1350 1830 1397 autem
1854 1344 1921 1409 is,
1940 1358 2098 1411 quem

519 1443 680 1513 pudet
718 1443 1151 1507 conviciantium,
1199 1458 1305 1496 non
1354 1442 1520 1511 pudet
1559 1442 1697 1511 ejus,
1728 1442 1822 1512 qui
1843 1441 2099 1497 conviciis

520 1545 779 1590 oneratus
804 1544 905 1589 est.
938 1534 1034 1589 Hic
1057 1536 1253 1605 quippe
1277 1534 1379 1589 hac
1403 1535 1611 1589 ratione
1635 1535 1832 1590 clarior
1857 1534 1973 1600 fuit,
2005 1536 2095 1604 qui

518 1637 642 1696 post
676 1628 1083 1683 contumeliam
1136 1627 1648 1682 contumeliosorum
1711 1626 2096 1695 providentiam

517 1721 682 1788 gessit
715 1737 728 1774 :
759 1720 832 1773 illi
858 1734 988 1774 vero
1019 1719 1211 1788 ingrati
1240 1726 1297 1773 et
1325 1718 1539 1774 scelesti
1584 1718 1725 1789 apud
1767 1733 1955 1772 omnes
1996 1717 2096 1771 visi

514 1820 661 1877 sunt,
692 1812 781 1881 qui
820 1826 964 1879 eum,
991 1811 1079 1880 qui
1111 1819 1189 1865 tot
1216 1808 1354 1865 bona
1379 1810 1637 1865 allaturus
1672 1820 1912 1871 venerat,
1944 1808 2095 1879 quasi

517 1904 797 1957 inimicum
822 1912 878 1957 et
906 1902 1115 1956 hostem
1144 1901 1486 1971 expulerunt.
1525 1899 1708 1970 Neque
1754 1900 1882 1955 illud
1924 1915 2093 1955 nocu-

514 1993 680 2046 mcnti
728 1998 930 2046 tantum
980 2000 1325 2061 acceperunt,
1380 1990 1473 2045 sed
1516 1991 1674 2045 etiam
1716 1990 1857 2060 quod
1893 2004 1956 2045 ea
1986 2004 2095 2046 non

513 2084 865 2149 obtinuerint,
913 2099 1031 2153 quae
1079 2083 1396 2152 consequuti
1437 2092 1561 2137 sunt
1600 2082 1635 2136 ii
1678 2083 1768 2153 qui
1799 2084 1969 2151 ipsum
2000 2098 2094 2139 ac-

512 2184 790 2245 ceperunt.
840 2176 1095 2242 Qumnam
1138 2175 1190 2230 hi
1239 2175 1556 2244 consequuti
1598 2176 1765 2229 sunt?
1793 2174 1879 2230 12.
1929 2176 2095 2243 Quot-

517 2279 639 2338 quot
662 2278 829 2322 autem
857 2278 1148 2337 receperunt
1175 2285 1287 2322 eum
1306 2310 1323 2335 ,
1377 2269 1516 2321 dedit
1540 2269 1611 2322 eis
1640 2276 1935 2338 potestatem
1960 2268 2094 2337 ﬁlios

512 2359 612 2415 Dei
640 2361 769 2431 ﬁeri,
801 2361 990 2431 inquit.
1018 2360 1127 2416 Cur
1157 2375 1263 2415 non
1295 2375 1480 2416 narras
1506 2361 1679 2425 nobis,
1714 2376 1747 2416 ο
1773 2362 1945 2427 beate,
2000 2377 2095 2417 eo-

511 2467 629 2507 rum
660 2453 1003 2522 supplicium,
1047 2453 1136 2523 qui
1164 2467 1270 2508 non
1299 2462 1616 2522 receperunt
1641 2453 1789 2508 illum
1816 2469 1834 2519 ;
1879 2454 1974 2509 sed
2000 2469 2093 2510 eos

511 2545 645 2600 dicis
672 2559 797 2600 suos
821 2544 1006 2612 fuisse,
1037 2553 1091 2600 et
1139 2546 1195 2600 in
1224 2544 1438 2615 propria
1461 2547 1761 2601 venientem
1808 2561 1915 2601 non
1942 2561 2094 2601 rece-

511 2637 694 2706 pisse;
740 2644 795 2691 et
832 2637 962 2707 quid
1006 2636 1105 2691 hac
1140 2637 1206 2692 de
1236 2652 1396 2692 causa
1423 2638 1653 2708 passuri,
1696 2639 1944 2708 quodque
1964 2653 2092 2709 sup-

511 2728 728 2797 plicium
754 2729 975 2783 subituri
1006 2728 1115 2782 sint
1144 2744 1249 2782 non
1275 2728 1561 2797 adjecisti?
1588 2730 1750 2799 Atqui
1779 2732 1946 2800 magis
1971 2730 2091 2786 illos

512 2821 583 2875 ita
626 2823 928 2887 terruisses,
976 2830 1029 2876 et
1073 2837 1168 2891 per
1211 2823 1682 2877 comminationem
1730 2824 1894 2889 illam,
1936 2839 2087 2878 arro-

512 2915 705 2983 gantia:
745 2913 993 2968 duritiem
1041 2913 1416 2968 emollivisses.
1463 2911 1571 2968 Cur
1596 2929 1725 2983 ergo
1753 2914 1801 2968 id
1832 2916 2039 2969 tacuisti
2067 2915 2090 2969 ?

514 3004 750 3074 Ecquod,
786 3005 1007 3074 inquiet,
1056 3005 1229 3073 majus
1259 3005 1358 3059 hoc
1385 3004 1645 3074 supplicio
1673 3004 1848 3069 fuerit,
1878 3005 2089 3074 quando

512 3107 776 3168 potestate
806 3098 934 3164 ipsis
956 3098 1076 3151 data
1105 3105 1163 3150 ut
1194 3096 1284 3149 ﬁlii
1314 3097 1405 3150 Dei
1435 3095 1642 3161 ﬁerent,
1692 3096 1790 3164 ipsi
1831 3096 1943 3150 ﬁeri
1987 3112 2087 3151 no-

512 3191 682 3254 luere,
728 3190 823 3246 sed
854 3200 997 3245 tanta
1026 3204 1085 3245 se
1116 3190 1411 3252 nobilitate,
1465 3198 1612 3243 tanto
1640 3205 1699 3244 se
1745 3189 1950 3245 honore
1993 3204 2089 3245 sua

510 3291 702 3350 sponte
747 3281 1058 3349 privarunt?
1107 3280 1302 3334 Verum
1334 3296 1441 3335 non
1470 3280 1571 3334 hoc
1598 3288 1799 3335 tantum
1827 3280 2088 3352 supplicio

507 3372 831 3438 afﬁcientur,
857 3372 999 3439 quod
1024 3372 1125 3425 hoc
1152 3370 1348 3425 bonum
1377 3387 1484 3426 non
1504 3371 1843 3441 acceperint;
1875 3372 1969 3426 sed
1993 3385 2088 3426 eos

506 3465 667 3520 etiam
701 3463 1151 3533 inexstinguibilis
1180 3463 1317 3532 ignis
1355 3463 1604 3534 excipiet,
1654 3462 1705 3517 id
1735 3462 1875 3533 quod
1902 3472 2087 3533 postea

507 3556 701 3611 clarius
727 3556 954 3624 aperuit.
981 3556 1201 3611 Interim
1223 3570 1351 3611 vero
1377 3556 1659 3611 ineffabilia
1688 3556 1824 3611 bona
1850 3565 2081 3623 enarrat,

504 3646 660 3717 queis
702 3646 936 3702 donandi
985 3654 1110 3701 sunt
1148 3646 1221 3700 illi
1263 3648 1354 3718 qui
1385 3661 1509 3701 eum
1537 3655 1897 3716 receperunt;
1927 3646 2086 3717 idque

504 3736 655 3793 brevi
683 3737 889 3808 profert
914 3737 999 3791 his
1025 3737 1155 3807 ipsis
1182 3736 1362 3791 verbis
1397 3755 1412 3792 :
1444 3738 1699 3807 Quotquot
1742 3748 1907 3793 autem
1948 3756 2087 3794 rece-

503 3838 686 3899 perunt
713 3847 848 3893 eum,
891 3830 1028 3883 dedit
1057 3831 1128 3885 eis
1167 3839 1461 3901 potestatem
1486 3832 1621 3900 filios
1651 3831 1746 3886 Dei
1773 3832 1905 3901 ﬁeri.
1956 3832 2083 3889 Sive

501 3923 644 3978 servi
674 3923 787 3979 sive
816 3923 991 3989 liberi,
1024 3924 1139 3979 sive
1165 3924 1337 3980 Graeci
1377 3925 1489 3980 sive
1532 3925 1767 3987 barbari.
1817 3925 1900 3982 vel
1950 3925 2082 3998 Scy-

502 4014 631 4082 thae,
688 4014 801 4069 sive
847 4015 1158 4085 insipientes
1207 4016 1323 4070 sive
1372 4014 1664 4085 sapientes,
1700 4017 1814 4072 sive
1841 4017 1941 4072 viri
1968 4022 2082 4075 sive

502 4106 778 4173 mulieres,
815 4106 928 4162 sive
967 4108 1117 4177 pueri
1147 4106 1260 4162 sive
1286 4100 1550 4175 seniores,
1597 4109 1709 4164 sive
1734 4109 1940 4165 nobiles
1964 4110 2082 4166 sive

502 4198 784 4270 ignobiles,
838 4199 959 4254 sive
988 4198 1182 4255 divites
1208 4199 1322 4255 sive
1348 4214 1628 4271 pauperes,
1674 4201 1787 4257 sive
1812 4202 2080 4274 principes

507 4293 621 4347 sive
643 4290 854 4361 privati,
886 4292 1084 4361 inquit,
1112 4292 1303 4347 eodem
1329 4309 1516 4348 omnes
1541 4293 1824 4364 dignantur
1850 4295 2075 4353 honore.

398 4407 406 4417 ι
500 4383 659 4439 Fides
685 4384 826 4438 enim
855 4393 908 4439 ct
929 4382 1158 4452 Spiritus
1178 4385 1366 4455 gratia,
1415 4386 1782 4441 conditionum
1820 4386 2080 4444 humana-

497 4492 615 4529 rum
649 4475 1061 4545 inmqualitatetn
1094 4477 1305 4554 tollens,
1359 4477 1412 4531 in
1461 4493 1621 4532 unam
1671 4493 1858 4533 omnes
1887 4478 2080 4550 redigit

502 4565 751 4630 formam,
785 4574 839 4619 et
868 4580 972 4619 uno
1010 4568 1156 4635 regio
1182 4566 1493 4621 charactere
1543 4577 1715 4622 notat.
1773 4568 1911 4634 Quid
1954 4568 2078 4624 huic

498 4657 811 4726 benignitati
857 4670 951 4725 par
990 4654 1190 4709 fuerit?
1216 4656 1330 4711 Rex
1372 4656 1589 4726 quidem
1628 4674 1692 4712 ex
1739 4658 1927 4713 eodem
1969 4673 2078 4729 quo

501 4764 600 4802 nos
633 4748 743 4802 luto
774 4747 1055 4811 formatus,
1117 4762 1406 4803 conservos
1438 4763 1564 4804 suos
1589 4749 1679 4819 qui
1703 4750 1947 4806 eamdem
1976 4767 2075 4806 na—

503 4849 677 4893 turain
707 4840 1043 4909 participant,
1073 4853 1135 4893 ac
1163 4855 1305 4908 smpe
1342 4840 1650 4895 melioribus
1680 4842 1933 4911 praeditos
1962 4859 2077 4898 mo-

500 4933 671 4997 ribus,
707 4947 811 4987 non
840 4931 1087 5001 dignatur
1112 4932 1163 4985 in
1191 4931 1484 4987 exercitum
1517 4932 1719 5001 regium
1748 4933 2073 5003 adscribere,

499 5026 542 5078 si
572 5025 712 5079 servi
754 5023 967 5093 quidem
1016 5025 1091 5078 illi
1134 5022 1370 5090 fuerint;
1415 5027 1718 5095 unigenitus
1759 5037 1936 5083 autem
1981 5029 2077 5085 Dei

499 5115 667 5169 Filius
714 5113 1025 5184 publicanos
1071 5130 1177 5169 non
1224 5115 1564 5185 dedignatur,
1612 5132 1817 5185 magos,
1868 5134 2074 5188 servos,

494 5209 843 5279 omniumque
887 5208 1302 5277 ignobilissimos
1332 5210 1349 5240 ί
1374 5250 1390 5274 ,
1425 5210 1622 5264 multos
1663 5211 1823 5265 etiam
1852 5224 2078 5282 corpore

497 5298 735 5363 mutilos,
760 5298 845 5354 vel
874 5313 1061 5369 magna
1093 5296 1315 5353 allectos
1338 5298 1478 5363 labe,
1524 5301 1577 5354 in
1621 5300 1852 5357 ﬁliorum
1889 5319 2077 5359 nume-

498 5404 618 5444 rum
648 5390 973 5445 adscribere.
1022 5389 1189 5444 Tanta
1223 5399 1304 5445 est
1331 5390 1453 5446 ﬁdei
1486 5392 1537 5445 in
1566 5392 1837 5449 Christum
1869 5395 2073 5463 virtus;

495 5492 641 5537 tanta
697 5485 882 5553 gratia:
927 5483 1262 5553 magnitudo.
1324 5485 1401 5538 Ac
1441 5486 1893 5553 quemadmodum
1937 5488 2076 5557 ignis

497 5583 709 5637 natura,
761 5576 805 5629 si
850 5576 1190 5630 metallorum
1242 5584 1440 5631 terram
1487 5577 1740 5647 attigerit,
1785 5580 1927 5633 illam
1968 5582 2076 5635 cito

494 5682 682 5721 aurum
713 5668 920 5732 reddit;
955 5670 1051 5736 sic,
1086 5669 1194 5723 imo
1219 5670 1373 5740 longe
1402 5672 1594 5741 magis,
1626 5672 1909 5740 baptisma,
1942 5689 2076 5742 quos

494 5760 682 5825 abluit,
731 5775 922 5815 aureos
960 5777 1028 5816 ex
1073 5762 1229 5817 luteis
1275 5761 1469 5831 reddit,
1516 5762 1715 5833 Spiritu
1745 5764 1878 5834 ignis
1909 5766 2077 5821 instar

559 5857 577 5887 ι
612 5853 751 5904 Savil.
774 5854 921 5917 addit,
941 5862 986 5906 et
1008 5857 1356 5919 pauperrimos.

2216 512 2309 568 illo
2340 523 2581 586 tempore
2622 519 2676 574 in
2719 521 2926 578 animas
2952 533 3166 580 nostras
3204 524 3492 595 incidente,
3546 539 3603 586 et
3648 530 3790 589 lutea

2209 619 2481 679 assumpta
2528 611 2777 683 imagine,
2829 617 3099 673 caelestem
3140 634 3333 674 novam
3376 632 3430 676 et
3459 622 3791 692 splendidam

2209 702 2517 773 imaginem,
2574 707 2726 776 quasi
2767 722 2835 763 ex
2885 710 3182 766 conﬂatum
3230 714 3602 783 splendentem
3654 719 3792 774 rele-

2208 805 2382 850 rente.
2411 797 2477 851 Et
2506 813 2604 853 cur
2632 815 2738 854 non
2784 801 2938 867 dixit,
2984 804 3132 860 Fecit
3161 806 3279 861 illos
3321 808 3459 864 ﬁlios
3486 810 3581 866 Dei
3607 828 3622 878 ;
3671 812 3787 879 sed,

2207 883 2359 941 Dedit
2388 888 2489 942 illis
2530 900 2824 960 potestatem
2867 895 3000 963 ﬁlios
3038 894 3137 949 Dei
3164 898 3322 966 ﬁeri?
3371 898 3444 955 Ut
3484 902 3790 960 ostenderet

2206 979 2374 1034 multa
2403 981 2554 1037 nobis
2585 998 2726 1053 opus
2765 1000 2885 1041 esse
2910 986 3203 1058 diligentia,
3232 998 3289 1045 ut
3322 991 3629 1063 adoptionis
3655 997 3791 1051 ima-

2205 1071 2383 1141 ginem
2425 1072 2475 1126 in
2502 1072 2820 1142 baptismate
2847 1078 3001 1133 nobis
3026 1080 3367 1149 impressam,
3392 1084 3785 1143 immaculatam

2205 1175 2418 1233 semper
2447 1174 2501 1219 et
2527 1166 2778 1221 intactam
2812 1182 3090 1225 servemus
3116 1186 3131 1237 ;
3165 1172 3433 1244 simulque
3465 1176 3783 1248 declararet,

2206 1252 2342 1310 hanc
2371 1264 2687 1326 potestatem
2718 1274 2746 1313 a
2778 1262 2992 1317 nemine
3013 1263 3169 1319 nobis
3209 1266 3409 1321 auferri
3452 1283 3629 1338 posse,
3683 1273 3785 1329 nis1

2204 1348 2350 1418 prius
2375 1349 2474 1418 ipsi
2507 1350 2648 1404 illam
2672 1352 2827 1407 nobis
2852 1353 3254 1412 abstulerimus.
3281 1357 3337 1413 Si
3367 1360 3510 1415 enim
3538 1362 3572 1415 ii
3598 1364 3688 1432 qui
3717 1365 3785 1420 ab

2203 1439 2507 1497 hominibus
2539 1446 2913 1501 auctoritatem
2955 1450 3239 1518 quamdam
3268 1464 3614 1522 acceperunt,
3664 1467 3781 1512 tan-

2204 1541 2314 1585 tum
2367 1534 2508 1587 illam
2564 1534 2674 1589 fere
2732 1546 2974 1602 servant,
3025 1550 3281 1609 quantum
3334 1545 3425 1613 qui
3474 1536 3777 1613 dederunt;

2202 1624 2372 1678 multo
2406 1625 2575 1694 magis
2621 1641 2720 1681 nos
2758 1628 2848 1697 qui
2879 1644 2907 1681 a
2943 1629 3051 1683 Deo
3082 1630 3225 1685 hunc
3252 1637 3567 1704 consequuti
3598 1652 3781 1695 sumus

2202 1712 2484 1775 honorem,
2518 1716 2563 1768 si
2596 1715 2728 1769 nihil
2751 1716 2851 1771 hac
2876 1719 3150 1789 indignum
3184 1731 3448 1791 potestate
3478 1725 3777 1797 fecerimus,

2200 1806 2439 1859 omnium
2468 1808 2821 1876 potentissimi
2853 1810 3076 1878 erimus,
3126 1828 3192 1869 eo
3219 1815 3360 1884 quod
3388 1819 3625 1875 omnium
3664 1837 3780 1876 ma-

2200 1898 2380 1953 ximus
2422 1900 2761 1970 optimusque
2801 1903 2871 1957 sit
2920 1902 2987 1969 is,
3037 1905 3126 1974 qui
3180 1921 3278 1961 nos
3323 1907 3427 1965 hoc
3451 1909 3660 1969 honore
3692 1914 3781 1970 di-

2198 1999 2387 2059 gnatus
2417 2000 2518 2045 est.
2550 1991 2717 2047 Simul
2746 2002 2924 2048 autem
2949 1996 3065 2049 vult
3088 1996 3383 2065 declarare,
3414 2003 3640 2070 gratiam
3671 2021 3779 2060 non

2198 2081 2252 2134 in
2281 2082 2572 2151 quemlibet
2610 2091 2817 2163 temere
2863 2083 3087 2150 infundi,
3119 2088 3213 2142 sed
3260 2088 3311 2143 in
3344 2106 3438 2146 eos
3467 2094 3558 2163 qui
3586 2097 3778 2149 volun-

2199 2173 2322 2226 tatis
2352 2174 2678 2243 propositum
2707 2158 3111 2246 et'diligentiam
3143 2178 3398 2236 adhibent
3429 2201 3444 2238 :
3485 2158 3541 2238 in
3586 2184 3777 2241 horum

2198 2263 2343 2317 enim
2388 2273 2656 2333 potestate
2706 2267 2868 2321 situm
2924 2276 3009 2323 est
3049 2279 3104 2323 ut
3153 2269 3247 2324 ﬁlii
3307 2272 3402 2328 Dei
3467 2276 3617 2329 ﬁant.
3664 2275 3779 2331 Nisi

2197 2355 2339 2409 enim
2374 2356 2663 2423 voluerint,
2716 2357 2918 2413 donum
2961 2375 3069 2414 non
3111 2361 3347 2430 advenit,
3391 2380 3493 2421 nec
3520 2379 3774 2438 operatur

2195 2446 2486 2516 quidpiam.

2275 2540 2329 2594 3.
2370 2539 2578 2610 Ubique
2624 2541 2783 2612 igitur
2830 2545 3200 2601 necessitatem
3245 2547 3381 2604 tollit
3410 2558 3465 2605 et
3490 2552 3774 2608 voluntatis

2194 2631 2470 2686 arbitrium
2492 2632 2672 2697 cll‘ert;
2706 2635 2759 2690 id
2784 2637 2922 2705 quod
2955 2654 3097 2693 nunc
3127 2638 3278 2693 dixit.
3308 2640 3364 2695 In
3395 2642 3478 2697 his
3515 2646 3656 2699 enim
3684 2662 3772 2701 ar-

2193 2723 2360 2787 canis,
2390 2723 2532 2777 aliud
2564 2725 2655 2780 Dei
2682 2735 2786 2791 est,
2829 2744 3021 2799 nempe
3047 2730 3174 2785 dare
3202 2733 3459 2801 gratiam;
3489 2737 3629 2791 aliud
3669 2738 3770 2792 ho-

2194 2816 2372 2881 minis,
2416 2817 2623 2872 scilicet
2664 2818 2823 2874 ﬁdem
2864 2821 3137 2878 exbibere.
3168 2824 3223 2879 In
3272 2827 3614 2898 subsequenti
3644 2848 3771 2887 vero

2194 2912 2432 2974 tempore
2457 2907 2619 2961 multa
2646 2923 2779 2977 opus
2814 2918 2897 2965 est
2936 2911 3229 2982 diligentia.
3265 2915 3378 2970 Non
3406 2919 3546 2972 enim
3574 2922 3771 2979 sufﬁcit

2192 2996 2257 3053 ad
2286 2999 2532 3069 puritatis
2574 3001 2869 3056 custodiam
2896 3003 3151 3073 baptizari
3192 3007 3365 3062 solum
3408 3020 3462 3063 et
3501 3014 3721 3068 credere
3752 3033 3766 3071 :

2191 3090 2284 3145 sed
2312 3091 2357 3145 si
2390 3091 2613 3146 velimus
2642 3108 2853 3164 semper
2883 3094 3006 3150 laeto
3033 3112 3254 3153 munere
3278 3098 3403 3161 frui.
3434 3101 3528 3156 illo
3552 3103 3765 3174 dignam

2190 3191 2402 3252 Oportet
2436 3184 2692 3242 exhibere
2731 3187 2915 3244 vitam.
2959 3188 3074 3245 Hoc
3115 3200 3293 3246 autem
3324 3193 3492 3248 voluit
3529 3196 3667 3252 Deus
3714 3200 3767 3253 in

2190 3283 2370 3330 nostra
2401 3276 2559 3331 situm
2587 3292 2707 3334 esse
2736 3288 3016 3348 potestate.
3044 3280 3109 3337 Ut
3130 3284 3353 3354 mystica
3381 3286 3522 3341 enim
3547 3302 3771 3359 genera-

2190 3366 2337 3422 tione
2363 3382 2666 3435 nascamur,
2701 3380 2754 3425 et
2792 3379 3011 3441 peccata
3040 3381 3164 3428 ante
3192 3374 3423 3431 admissa
3465 3379 3764 3447 abluamus,

2192 3458 2244 3513 id
2274 3474 2368 3527 per
2407 3458 2727 3528 baptismum
2766 3461 3028 3531 efﬁcitur;
3077 3475 3136 3520 ut
3182 3482 3311 3522 vero
3350 3469 3599 3541 deinceps
3648 3477 3765 3543 puri

2188 3565 2513 3616 maneamus,
2550 3560 2603 3606 et
2632 3553 2829 3608 nullam
2860 3554 2998 3611 ultra
3037 3556 3376 3615 admittamus
3402 3564 3682 3629 maculam,
3713 3568 3765 3619 id

2188 3640 2242 3695 in
2269 3650 2450 3696 nostra
2488 3643 2647 3698 situm
2676 3654 2758 3700 cst
2782 3654 3045 3716 potestate
3071 3664 3136 3705 ac
3159 3649 3450 3721 diligentia.
3480 3654 3682 3711 idcirco
3710 3668 3766 3713 et

2188 3736 2543 3803 generationis
2574 3736 2788 3793 modum
2832 3747 3112 3805 memorat,
3161 3751 3215 3797 et
3245 3743 3379 3799 facta
3420 3760 3539 3801 cum
3566 3751 3766 3807 carnali

2188 3835 2342 3892 partu
2382 3828 2815 3896 comparatione,
2860 3829 2979 3900 ejus
3028 3832 3396 3889 excellentiam
3437 3835 3765 3896 demonstrat

2186 3911 2270 3969 his
2316 3915 2539 3971 verbis:
2571 3917 2659 3973 l5.
2710 3918 2811 3984 Qui
2847 3935 2950 3974 non
2990 3937 3053 3976 ea:
3088 3905 3447 3995 sanguinibus,
3496 3944 3653 3995 neque
3700 3948 3766 3987 ea:

2184 4006 2439 4061 voluntate
2487 4009 2691 4076 carnis,
2748 4025 2910 4077 neque
2957 4028 3022 4067 ea:
3075 4014 3330 4070 voluntate
3374 4018 3503 4084 viri,
3557 4021 3647 4075 sed
3700 4040 3765 4077 ea:

2185 4096 2296 4153 Deo
2343 4098 2451 4153 nati
2495 4109 2633 4154 sunt.
2700 4100 2813 4158 Hoc
2856 4112 3035 4160 autem
3081 4105 3236 4172 fecit,
3289 4118 3347 4164 ut
3392 4111 3585 4179 prioris
3636 4130 3765 4185 par-

2185 4196 2272 4244 tus
2316 4204 2385 4245 ex
2442 4192 2790 4262 sanguinibus
2826 4202 2882 4249 et
2930 4210 2995 4251 ex
3040 4196 3312 4255 voluntate
3359 4203 3536 4258 carnis
3580 4205 3765 4259 vilita-

2184 4292 2293 4339 tem
2347 4284 2543 4352 edocti,
2586 4301 2648 4341 ac
2695 4286 2917 4343 secundi
2960 4289 3049 4359 qui
3089 4305 3184 4361 per
3228 4294 3448 4363 gratiam
3496 4296 3553 4350 ﬁt
3596 4299 3766 4353 subli-

2184 4376 2367 4431 mitate
2413 4377 2794 4449 nobilitateque
2833 4389 3104 4450 percepta,
3160 4382 3283 4439 hinc
3321 4401 3565 4456 magnam
3604 4388 3765 4459 hujus

2183 4474 2238 4521 et
2262 4468 2565 4538 generantis
2593 4468 2736 4523 dono
2776 4469 2991 4541 dignam
3020 4473 3327 4541 opinionem
3372 4479 3760 4549 concipiamus,

2183 4560 2511 4630 multamque
2537 4570 2719 4630 postea
2760 4560 3086 4633 diligentiam
3130 4566 3498 4623 exhibeamus.
3546 4570 3765 4641 Magno-

2182 4664 2331 4720 pere.
2359 4654 2504 4705 enim
2550 4650 2845 4707 timendum
2892 4662 2996 4722 est,
3048 4670 3119 4711 ne
3156 4654 3256 4712 hac
3298 4660 3519 4728 pulchra
3566 4661 3763 4720 ftedata

2182 4746 2341 4809 stola,
2375 4746 2445 4801 ob
2481 4745 2743 4815 ignaviam
2770 4754 2825 4801 et
2863 4748 3067 4803 scelera
3108 4759 3286 4806 nostra
3315 4768 3380 4807 ex
3407 4754 3638 4811 thalamo
3667 4758 3767 4827 eji-

2182 4838 2423 4892 ciamur:
2454 4838 2675 4908 perinde
2716 4848 2874 4909 atque
2897 4841 3128 4911 quinque
3156 4843 3260 4898 illa:
3290 4845 3523 4915 virgines
3564 4848 3723 4904 fatuae
3749 4866 3765 4914 ;

2183 4940 2242 4984 ut
2265 4932 2426 4984 etiam
2450 4930 2547 5009 ille
2590 4945 2697 4984 non
2727 4929 2928 4986 habens
2958 4940 3158 4987 vestem
3206 4936 3517 5004 nuptialem.
3546 4937 3679 4995 Nam
3709 4952 3764 4998 et

2184 5024 2273 5078 ille
2301 5038 2367 5077 ex
2405 5024 2645 5078 convivis
2686 5032 2821 5089 erat,
2851 5025 3208 5095 invitatusquc
3237 5026 3411 5084 fuerat
3438 5048 3451 5084 :
3482 5032 3606 5101 quia
3632 5048 3762 5089 vero

2183 5125 2305 5185 post
2341 5116 2674 5171 vocationem
2705 5126 2759 5171 et
2788 5125 2994 5172 tantum
3036 5116 3316 5187 honorem,
3362 5134 3421 5176 se
3449 5121 3761 5180 invitantem

2182 5207 2503 5261 contumelia
2544 5206 2742 5271 all‘ecit,
2787 5207 2908 5262 audi
2942 5222 3074 5278 quas
3118 5223 3304 5277 poenas
3331 5210 3559 5281 dederit,
3599 5231 3759 5285 quam

2183 5298 2452 5353 luctuosas
2471 5307 2525 5352 et
2545 5298 2793 5369 lacrymis
2811 5298 3017 5369 dignas.
3041 5298 3122 5354 Ad
3143 5308 3248 5355 tam
3266 5301 3598 5372 splendidam
3615 5308 3757 5363 enim

2185 5396 2239 5443 et
2262 5397 2369 5442 tam
2397 5388 2596 5444 lautam
2622 5404 2861 5445 mensam
2881 5389 3165 5456 admissus,
3193 5407 3296 5447 non
3324 5393 3496 5448 solum
3518 5399 3762 5451 convivio

2185 5479 2506 5545 excluditur,
2526 5480 2620 5535 sed
2649 5490 2704 5535 et
2724 5481 2900 5551 ligatis
2927 5482 3173 5537 manibus
3202 5493 3256 5539 et
3282 5485 3504 5554 pedibus
3530 5488 3581 5541 in
3612 5496 3761 5543 tene-

2186 5574 2309 5627 bras
2350 5574 2648 5629 exteriores
2677 5575 2919 5638 mittitur,
2954 5576 3042 5630 ubi
3083 5588 3371 5647 perpetuus
3401 5590 3485 5635 est
3512 5579 3665 5635 ﬂetus
3705 5592 3760 5638 et

2184 5664 2382 5719 stridor
2410 5664 2668 5718 dentium.
2696 5664 2773 5719 Ne
2801 5666 2998 5735 itaque,
3021 5665 3220 5733 dilecti,
3250 5669 3408 5724 ﬁdem
3436 5671 3503 5725 ad
3530 5672 3757 5726 salutem

2185 5758 2338 5812 nobis
2367 5760 2495 5813 satis
2516 5773 2636 5813 esse
2663 5759 3045 5814 existimemus.
3070 5760 3181 5815 Nisi
3210 5763 3351 5817 enim
3381 5763 3542 5817 vitam
3573 5779 3759 5833 puram

2186 5852 2605 5917 exhibuerimus,
2634 5852 2729 5908 sed
2759 5852 2995 5909 vestibus
3022 5853 3119 5909 hac
3145 5854 3297 5910 beata
3338 5856 3564 5927 indignis
3591 5871 3755 5911 voca-
