4074 6374
284 405 358 458 75
1349 425 1418 480 ΙΝ
1459 424 1776 483 JOANNEM
1819 429 2054 488 HOMIL.
2095 431 2163 487 X.
2203 435 2276 490 al.
2307 435 2398 492 IX.
2515 433 2546 442 ”
3475 438 3547 494 76

279 529 427 620 ἡμᾶς
453 531 754 620 καταϐάσει
775 535 934 620 τοῦτο
967 539 1281 609 εἰργάσατο.
1317 544 1534 618 Ἐπειδὴ
1573 547 1682 619 γὰρ
1707 551 1763 602 ἐν
1785 547 1863 620 τῷ

279 613 490 702 κόσμῳ*
504 614 602 677 ῶν,
631 617 732 670 ούκ
752 619 923 672 ἐδόκει
957 627 1233 693 παρεῖναι,
1268 626 1346 696 τῷ
1399 613 1564 698 μήπω
1586 613 1862 702 -γνωρίζεξ

281 698 443 785 σθαιζ
466 697 691 785 ὕστερον
723 701 782 754 δέ
828 704 1021 757 ἐαυτὸν
1052 697 1410 779 ἐφανέρωσε,
1439 697 1539 782 τὴν
1589 697 1862 785 ἡμετέραν

278 779 537 833 ὑποδῦναι
569 784 747 852 σάρκα
794 789 1159 855 καταξιώσας,
1192 794 1290 864 τὴν
1326 779 1641 868 φανέρ’ωσιν
1662 779 1865 869 ταύτην

281 863 377 950 καὶ
399 863 498 932 τήν
527 865 848 932 κατάϐασιν,
875 874 1177 941 παρουσίαν
1201 877 1373 932 καλεῖ.
1406 863 1696 950 Θαυμάσαι
1720 863 1867 946 ἄξιον

278 945 371 1032 τὸν
397 947 645 1032 μαθητὴν
674 951 746 1022 μὴ
773 953 1160 1025 αἰσχυνόμενον
1178 970 1202 998 ιι
1228 960 1323 1011 ἐπὶ
1346 964 1410 1032 τῇ
1428 945 1862 1018 τοῦ-διδασκάλου

278 1029 495 1116 ἀτιμία.
521 1031 657 1086 ἀλλά
687 1036 778 1087 καὶ
803 1037 940 1106 μετά
972 1041 1282 1112 παρρησίας
1319 1029 1417 1116 τὴν
1449 1047 1530 1110 εἰς
1565 1048 1726 1100 αὑτὸν
1776 1065 1868 1116 γε·

277 1129 408 1203 γενη
420 1115 588 1203 μένην
602 1117 984 1203 ἀναγράφοντα
1000 1121 1067 1174 ὓϐ
1074 1140 1178 1192 ριν.
1198 1126 1309 1180 Καὶ
1325 1115 1480 1181 τοῦτο
1497 1130 1554 1183 δέ
1578 1131 1639 1183 οὐ
1672 1115 1866 1203 μικρὸν

276 1199 373 1295 τοῦ
391 1199 720 1297 φιλαλήθους
740 1203 904 1297 αύτοῦ
929 1207 1130 1297 τρόπου
1152 1212 1469 1282 τεκμήριον.
1649 1199 1758 1268 Καὶ
1773 1199 1868 1268 ἀλ-

276 1281 386 1368 lm;
406 1282 464 1335 δὲ
483 1283 575 1336 τὸν
591 1285 979 1368 αἰσχυνόμενον
1001 1290 1142 1358 ὑπὲρ
1161 1292 1269 1346 τῶν
1293 1281 1704 1368 ὑϐρικότωνᾌύχ
1725 1298 1864 1368 ὑπὲρ

275 1364 377 1452 τοῦ
403 1367 829 1452 παροινηθέντος
858 1372 1206 1442 αἰσχύνεσθαι
1263 1381 1388 1448 χρή.
1427 1375 1594 1444 Οὗτος
1637 1364 1734 1452 μέν
1755 1364 1863 1452 γὰρ

276 1449 453 1520 ταύτῃ
480 1451 684 1520 μᾶλλον
708 1450 940 1523 ἔλαμψε,
971 1457 1064 1508 καὶ
1099 1458 1236 1527 μετά
1269 1461 1367 1531 τὴν
1395 1461 1573 1533 ὓϐριν,
1597 1449 1863 1534 τοσαύτην

275 1534 386 1586 τῶν
420 1534 726 1604 ὑϐρικότων
754 1537 1075 1608 ποιούμενος
1101 1543 1375 1613 πρόνοια-ι’
1400 1549 1598 1600 ἐκεῖνοι
1620 1548 1677 1600 δὲ
1692 1547 1867 1616 ἀγνώ-

280 1634 440 1686 μονες
461 1619 556 1671 καὶ
586 1619 774 1689 μιαροὶ
798 1622 948 1691 παρά
976 1624 1141 1677 πᾶσιν
1165 1627 1440 1698 ἐφάνησαν
1457 1630 1508 1694 b,
1535 1631 1624 1685 τὸν
1659 1632 1750 1684 ἐπὶ
1779 1648 1867 1684 το-

279 1700 491 1763 σούτοις
516 1704 956 1774 παραγενόμενον
981 1706 1223 1775 ἀγαθοῖς,
1241 1710 1317 1773 ὡς
1343 1712 1538 1784 ἐχθρὸν
1567 1714 1867 1784 ἀπωσάμε-

275 1802 358 1837 νοι
386 1786 482 1838 κα)⁸
512 1785 790 1854 πολέμιον.
916 1789 1089 1862 ταύτῃ
1113 1791 1169 1843 δὲ
1201 1793 1359 1861 μόνον
1382 1794 1708 1866 ἐϐλάϐησαν,
1730 1797 1866 1850 ἀλλὰ

275 1869 371 1922 καί
394 1867 472 1939 τῷ
505 1868 582 1940 μὴ
608 1873 789 1940 τυχεῖν
829 1864 904 1924 ὧν
927 1871 1115 1943 ἔτυχον
1140 1877 1188 1927 οἱ
1217 1875 1472 1942 λαϐόντες
1489 1890 1510 1917 ε
1550 1864 1732 1934 αὐτόν.
1770 1880 1812 1930 Τ
1820 1881 1865 1932 ί-

275 1970 366 2016 νος
390 1953 448 2006 δέ
478 1952 668 2021 ἔτυχον
683 1948 858 2018 οὗτοι;
879 1953 1054 2009 Ὅσοι
1073 1955 1140 2009 δὲ
1170 1957 1392 2012 ἔλαϐον
1417 1961 1622 2026 αὐτὸν,
1644 1962 1868 2015 ἔδωκεν

275 2035 487 2101 αὐτοῖς
499 2036 797 2100 ἐξουσίαν
816 2036 996 2090 τέκνα
1021 2039 1170 2094 Θεοῦ
1195 2044 1496 2110 γενέσθαι,
1527 2044 1752 2114 φησί.Τί
1771 2041 1866 2098 οὖν

267 2123 338 2174 οὐ
367 2121 548 2188 λέγεις
575 2121 726 2190 ἡμῖν,
755 2113 801 2173 ὧ
855 2122 1112 2192 μακάριε,
1147 2125 1242 2177 καὶ
1268 2125 1366 2195 τὴν
1395 2127 1503 2179 τῶν
1530 2113 1606 2198 μή
1636 2127 1865 2199 δεξαμέ-

276 2224 384 2258 νων
418 2205 581 2257 αὑτὸν
613 2203 852 2267 κόλασιν,
885 2204 998 2257 ἀλλ’
1018 2205 1101 2258 ὅτι
1129 2209 1227 2277 μὲν
1259 2208 1379 2262 ἴδιοι
1399 2203 1560 2280 ἦσαν,
1583 2211 1678 2264 καὶ
1703 2212 1782 2274 εἰς
1798 2211 1866 2264 τά

276 2289 386 2342 [δια
423 2287 864 2358 παραγενόμενον
896 2287 957 2339 ού
989 2289 1321 2358 παρέλαϐον,
1353 2289 1506 2356 εἶπες
1529 2309 1542 2324 ·
1583 2293 1715 2346 τίδὲ
1745 2295 1866 2348 ἀντὶ

272 2371 469 2424 τούτου
499 2371 803 2433 πείσονται,
838 2372 933 2424 καὶ
982 2372 1138 2426 ποίαν
1180 2375 1578 2446 ὑποστήσονται
1621 2376 1862 2442 κόλασιν,

273 2455 434 2508 τοῦτο
470 2455 652 2507 οὐκέτι
686 2453 1068 2524 προσέθηκας;
1100 2457 1276 2510 καίτοι
1302 2457 1561 2528 μειζόνως
1580 2458 1647 2513 ἂν
1669 2461 1865 2524 αὐτοὺς

273 2540 445 2602 οὕτως
478 2539 783 2609 ἐφόϐησας,
817 2538 912 2591 καὶ
944 2539 1004 2591 τὺ
1049 2539 1285 2613 σκληρὸν
1315 2543 1410 2613 τῆς
1444 2544 1702 2607 ἀπονοίας
1731 2545 1866 2614 ἐμά-

273 2625 442 2692 λαξας
468 2624 558 2677 διὰ
584 2624 684 2692 τῆς
717 2623 968 2693 ἀπειλῆς.
999 2624 1154 2688 Τίνος
1183 2622 1276 2678 οὖν
1314 2626 1498 2681 ἕνεκεν
1545 2627 1865 2700 ἀπεσιώπη-

274 2727 410 2775 σας;
443 2709 556 2762 Καὶ
580 2708 662 2771 τίς
686 2707 910 2778 ταύτης,
947 2711 1102 2780 φησὶ,
1142 2711 1240 2781 τῆς
1263 2711 1534 2775 κολάσεως
1559 2713 1723 2783 ἑτέρα
1751 2714 1866 2783 μεί-

273 2793 383 2858 ζων
406 2793 474 2845 ἄν
494 2809 625 2844 ποτε
645 2791 873 2858 γένοιτο,
887 2792 1013 2845 ὅταν
1037 2794 1402 2865 προκειμένης
1420 2795 1665 2861 ἐξουσίας
1683 2797 1866 2859 αὐτοῖς

274 2877 444 2930 τέκνα
470 2875 608 2928 Θεοῦ
639 2875 911 2942 γενέσθαι,
948 2877 1021 2946 μὴ
1045 2877 1322 2944 γίνωνται,
1357 2879 1469 2930 ἀλλ’
1508 2880 1723 2942 ἑκόντες
1750 2881 1866 2932 ἐαυ-

271 2961 395 3022 τοὺς
417 2959 518 3028 τῆς
542 2959 812 3027 τοσαύτης
840 2959 1213 3029 ἀποστερῶσιν
1233 2961 1260 2999 ά
1284 2961 1561 3029 εὐγενείας
1581 2980 1639 3015 τε
1667 2963 1758 3015 καὶ
1786 2981 1865 3015 τι-

279 3043 419 3112 μῆςς
454 3041 603 3112 Πλὴν
651 3040 766 3094 ἀλλ’
797 3040 918 3093 οὐδὲ
970 3041 1203 3095 ἐνταῦθα
1233 3043 1392 3113 μόνον
1429 3045 1614 3108 αὐτοῖς
1654 3046 1720 3098 τά
1767 3047 1864 3116 τῆς

271 3126 546 3195 τιμωρίας
578 3127 852 3197 στήσεται,
879 3125 1040 3196 μέχρι
1071 3125 1166 3179 τοῦ
1210 3127 1374 3198 μηδὲν
1399 3127 1584 3182 λαϐεῖν
1614 3130 1819 3198 ἀγαθόν
1846 3147 1861 3162 °

274 3209 408 3264 ἀλλά
441 3210 539 3263 καὶ
566 3210 627 3262 τὸ
680 3209 944 3262 ἄσϐεστον
969 3210 1166 3273 αὐτοὺς
1210 3211 1508 3277 διαδέξεται
1544 3213 1675 3284 πῦρ,
1707 3214 1736 3265 ὃ
1768 3214 1863 3266 καὶ

279 3292 484 3363 προῖὼν
517 3292 851 3363 σαφέστερον
870 3293 1366 3362 ἁπεκάλυψε.Τέως
1381 3296 1436 3348 δὲ
1457 3297 1602 3364 λέγει
1616 3298 1682 3350 τά
1700 3299 1862 3369 ἀπόρ-

273 3379 414 3448 ρητα
440 3377 626 3446 ἀγαθά
658 3376 766 3429 τῶν
789 3377 1086 3446 εἰληφότων
1113 3378 1296 3442 αὑτὸν,
1323 3381 1415 3431 καὶ
1436 3381 1492 3431 ἐν
1517 3380 1709 3451 βραχεῖ
1724 3397 1861 3452 παρ-

277 3462 487 3531 ίστησιν
518 3461 702 3522 αὐτοῖς
725 3461 931 3531 ῥήμασι
954 3470 999 3523 ε,
1022 3460 1194 3527 λέγων
1216 3459 1410 3524 οὕτως’
1445 3463 1612 3516 Ὅσοι
1638 3462 1704 3514 δὲ
1719 3463 1861 3516 ἔλα-

277 3546 370 3597 ϐον
398 3541 611 3604 αὑτὸν,
629 3542 851 3595 ἔδωκεν
865 3543 1070 3608 αὐτοῖς
1088 3542 1382 3605 ἐξουσίαν
1399 3545 1578 3597 τέκνα
1597 3544 1744 3598 Θεοῦ
1770 3563 1862 3614 γε-

273 3628 506 3681 νέσθαι.
533 3627 656 3680 Κᾶν
671 3625 869 3688 δοῦλοι,
892 3627 994 3679 κᾶν
1012 3626 1305 3697 ἐλεύθεροι,
1337 3627 1734 3698 κᾶνἜλληνες,
1760 3628 1862 3681 κᾶν

278 3711 561 3782 βάρϐαροι,
606 3711 710 3763 κᾶν
739 3709 962 3771 Σκύθαι,
1007 3710 1111 3764 κᾶν
1161 3710 1378 3780 ἄσοφοι,
1411 3711 1514 3765 κάν
1561 3714 1733 3780 σοφοὶ,
1760 3713 1861 3766 κᾶν

277 3784 553 3864 γυναῖκες,
587 3795 694 3848 κᾶν
750 3795 962 3866 ἄνδρες,
1014 3795 1118 3848 κᾶν
1149 3794 1352 3858 παιδία,
1381 3795 1485 3849 κᾶν
1533 3797 1859 3868 πρεσϐῦται,

276 3878 375 3931 κᾶν
405 3878 613 3946 ἄτιμοι,
649 3876 751 3930 κᾶν
782 3875 1010 3947 ἔντιμοι,
1047 3877 1149 3931 κᾶν
1182 3878 1446 3945 πλούσιοι,
1483 3879 1586 3932 κᾶν
1610 3880 1856 3948 πένητες,

278 3962 378 4014 κᾶν
423 3961 709 4030 ἄρχοντες,
742 3960 846 4013 κᾶν
893 3960 1118 4024 ἰδιῶται,
1161 3961 1313 4031 φησὶ,
1335 3961 1536 4026 πάντες
1563 3963 1665 4032 τῆς
1693 3964 1861 4033 αὐτῆς

275 4044 534 4113 ἠξίωνται
561 4043 750 4114 τιμῆς.
781 4043 842 4096 Ἦ
873 4044 978 4115 γάρ
1008 4048 1188 4108 πίστις
1221 4045 1317 4098 καὶ
1351 4047 1384 4116 ἡ
1419 4046 1512 4098 τοῦ
1545 4045 1862 4116 Πνεύματος

277 4131 454 4198 χάρις,
481 4127 582 4198 τὴν
632 4129 696 4180 ἐκ
723 4126 832 4180 τῶν
882 4127 1162 4197 κοσμικῶν
1185 4129 1510 4199 ἀξιωμάτων
1549 4129 1861 4200 ἀνωμαλίαν

278 4212 604 4280 περιελοῦσα
621 4211 642 4250 ί
655 4253 668 4276 ,
691 4213 772 4275 εἰς
796 4211 924 4282 μίαν
938 4211 1184 4276 ἅπαντας
1197 4213 1398 4267 έπλασε
1424 4214 1656 4284 μορφὴν,
1675 4215 1769 4267 καὶ
1783 4216 1861 4277 εἰς

277 4296 370 4350 ἕνα
399 4295 730 4350 ἀπετύπωσε
765 4299 1089 4366 χαρακτῆρα
1108 4296 1198 4348 τὸν
1237 4297 1531 4366 βασιλικόν.
1570 4298 1635 4350 Τί
1657 4297 1860 4368 ταύτης

278 4380 341 4433 ἂν
369 4381 580 4447 γένοιτο
612 4379 713 4448 τῆς
747 4378 1152 4450 φιλανθρωπίας
1181 4379 1313 4444 ῖσον;
1335 4381 1595 4443 Βασιλεὺς
1620 4383 1718 4452 μὲν
1737 4385 1766 4435 ό
1794 4383 1861 4436 ἐκ

278 4464 370 4518 τοῦ
398 4463 562 4516 αὑτοῦ
591 4462 967 4533 διηρτισμένος
995 4463 1125 4532 ἡμῖν
1154 4463 1348 4532 πηλοῦ,
1372 4464 1498 4528 τοὺς
1529 4464 1856 4534 ὁμοδούλους

280 4549 370 4600 καὶ
396 4548 496 4617 τῆς
520 4547 692 4616 αὐτῆς
722 4545 869 4616 αὐτῷ
907 4545 1297 4610 κοινωνοῦντας
1328 4546 1562 4617 φύσεως,
1600 4550 1858 4614 πολλάκις

279 4631 333 4683 δὲ
369 4631 581 4684 καὶτὸν
631 4631 831 4700 τρόπον
870 4630 1128 4700 ἀμείνους
1161 4631 1339 4699 ὄντας,
1391 4633 1490 4686 οὐκ
1521 4633 1660 4698 ἀξιοί
1691 4652 1858 4688 κατα-

279 4716 451 4783 λέγειν
483 4717 562 4778 εῖς
581 4714 644 4767 τὸ
673 4713 1031 4783 στρατόπεδον
1053 4715 1114 4768 τὸ
1152 4715 1442 4785 βασιλικὸν,
1472 4718 1538 4770 διν
1566 4718 1739 4771 δοῦλοι
1762 4718 1858 4771 τύ-

281 4817 441 4868 χωσιν
468 4799 618 4862 ὄντες
637 4815 652 4829 ·
678 4801 706 4851 ό
727 4799 783 4851 δέ
808 4800 1100 4868 μονογενὴς
1124 4801 1217 4853 τοῦ
1248 4801 1383 4854 Θεοῦ
1427 4803 1582 4866 Παῖς,
1623 4805 1724 4856 οὐκ
1751 4806 1858 4858 ἀπ-

281 4883 474 4953 ηξίωσε
496 4883 594 4935 καὶ
647 4881 904 4945 τελώνας,
949 4884 1043 4936 καὶ
1084 4883 1322 4953 μάγους,
1353 4887 1446 4938 καὶ
1484 4885 1720 4953 δούλους,
1762 4890 1858 4942 καὶ

283 4969 398 5029 τοὺς
431 4967 651 5020 πάντων
688 4967 1041 5037 ἀτιμοτέρους
1063 4969 1108 5030 ⁸,
1147 4967 1374 5031 πολλοὺς
1416 4969 1471 5021 δὲ
1501 4972 1594 5022 καὶ
1639 4973 1708 5024 τά
1754 4973 1858 5024 σώ-

287 5067 424 5119 ματα
455 5051 792 5120 ἀναπήρους,
817 5049 914 5102 καὶ
943 5050 1142 5121 μυρίαν
1170 5050 1390 5121 ἔχοντας
1427 5052 1626 5124 λώϐην,
1658 5058 1736 5118 εἰς
1766 5056 1856 5109 τὸν

284 5132 383 5184 τῶν
413 5133 618 5186 τέκνων
647 5133 938 5199 καταλέξαι
975 5133 1154 5204 χορόν.
1181 5134 1427 5206 Τοσαύτη
1459 5137 1557 5207 τῆς
1581 5140 1660 5200 εἰς
1692 5139 1856 5191 αὐτὸν

286 5216 510 5278 πίστεως
541 5219 576 5286 ἡ
611 5215 766 5286 ἰσχύς
788 5233 801 5245 ·
832 5219 1067 5288 τοσαύτη
1106 5219 1204 5288 τῆς
1236 5221 1458 5290 χάριτος
1487 5222 1519 5292 ὴ
1559 5222 1850 5295 ὑπερϐολή.

288 5298 390 5350 Καὶ
439 5299 689 5365 καθάπερ
722 5302 755 5369 ἡ
799 5300 893 5353 τοῦ
940 5302 1108 5371 πυρὸς
1137 5301 1300 5369 φύσις
1341 5306 1406 5374 τῇ
1437 5304 1546 5356 τῶν
1581 5306 1856 5375 μετάλλων

287 5381 584 5450 όμιλήσασα
603 5385 698 5453 γῇ,
732 5382 931 5453 χρυσὸν
949 5382 1110 5436 αὑτὸν
1133 5385 1160 5423 ιι
1185 5385 1292 5437 ἀπὸ
1315 5386 1416 5455 γῆς
1439 5386 1638 5451 εὐθέως
1668 5390 1852 5460 ἐποίη-

290 5479 391 5516 σεν⁸
422 5463 562 5518 οὕτω
579 5466 668 5535 δὴ,
691 5467 787 5519 καὶ
1042 5466 1242 5538 μᾶλλον
1271 5469 1392 5520 ἀντὶ
1439 5470 1677 5538 πηλίνων
1722 5490 1856 5543 χρυ-

345 5635 369 5663 δ
391 5634 538 5704 $avil.
565 5639 622 5704 el_
658 5649 777 5685 mss.
799 5635 994 5704 plprimi
1009 5640 1258 5704 Δθανμοῖσιιιι.
1288 5641 1330 5688 δ’
1353 5639 1410 5686 ἄν
1423 5656 1506 5704 τις,
1530 5640 1615 5689 τοῦ
1647 5643 1852 5704 μαθητοῦ

319 5697 706 5776 ᾑναξοχυνομένου
723 5712 733 5722 '
767 5697 1357 5776 Etnyyffa‘évczny'piqowog.
1375 5761 1393 5776 ³
1418 5701 1452 5776 ’1‘)
1487 5697 1713 5776 S§\'i.l.'et

292 5758 376 5804 705
391 5758 698 5831 ἀνεφάνησαν.
767 5761 791 5791 ο
814 5759 961 5830 Sav_i|.
975 5758 1303 5831 λαμϐάνοντες.
1355 5761 1396 5831 ,ά
1417 5765 1854 5831 Ξενίιηάποστερή-

299 5778 376 5804 μω
391 5778 698 5820 ανεφανησαν.
768 5778 791 5791 ν
814 5778 961 5808 Davu.
977 5778 1303 5871 Αἶμοανοντες.
1369 5778 1396 5801 α
1417 5778 1564 5813 Dav".
1590 5778 1854 5831 ἀποστερή-

293 5832 444 5888 σξιξσινε
472 5821 990 5888 ξιοιξθῌποστεροῦσι.
1063 5837 1126 5872 ss.
1152 5827 1331 5888 meliiu‘is
1350 5827 1668 5888 ἀποστερῶσι.
1717 5845 1739 5868 e
1763 5834 1856 5878 Sa-

293 5879 368 5950 fil.
395 5880 509 5950 αὐτά
528 5881 588 5928 τά
608 5884 814 5950 ῥήματα.ι
833 5879 1168 5950 ἰῐιὶιιιιεηνρριθ.
1243 5887 1258 5924 τ
1286 5885 1345 5934 Sa
1355 5903 1392 5934 ν.
1418 5889 1471 5936 ἐκ
1492 5879 1585 5950 τῶν
1604 5895 1850 5950 κοσμικῶν

295 5941 937 6010 ἀνωμαλίαν-περιαιροῦσαη
1049 5949 1130 5993 καὶ
1166 5951 1469 6010 πενεστέρους
1493 5949 1675 5997 addunt
1698 5941 1848 6001 Savil.

296 6001 759 6105 ἓοῖθόὲὁτὸἲεενη.
803 6013 854 6056 et
893 6007 1008 6056 dicti
1049 6010 1185 6058 codd.
1219 6009 1328 6072 ῗυΰ,
1365 6001 1657 6073 ³ῖθϐχρυσόν
1685 6014 1848 6072 αὐτήν.

341 6072 410 6108 01⁵.
441 6072 578 6112 αὑτὸν
587 6102 596 6110 .

1971 551 2096 614 σοῦς
2112 553 2172 605 τὸ
2191 553 2471 627 βάπτισμα
2487 557 2776 626 ἐργάζεται
2795 559 2918 622 τοὺς
2932 559 3085 614 λελου
3094 559 3305 630 μένους,
3323 559 3437 635 [60]
3453 560 3548 615 τοῦ

1969 635 2282 706 Ιῐνεύματος
2302 642 2471 710 πυρὸς
2492 642 2645 712 δίκην
2663 644 2781 696 κατ’
2798 646 3002 698 ἐκεῖνον
3021 645 3112 696 τὸν
3142 643 3331 716 καιρὸν
3359 647 3437 710 είς
3450 645 3551 709 τὰς

1971 718 2244 791 ἡμετέρας
2268 724 2600 792 ἐμπεσόντος
2639 726 2815 796 ψυχάς
2834 744 2846 757 °
2877 731 2972 781 καὶ
3001 729 3100 798 τὴν
3130 729 3226 800 μὲν
3250 729 3433 784 εἰκόνα
3453 727 3550 782 τοῦ

1969 806 2152 875 χοϊκοῦ
2175 810 2582 875 κατακαίοντος,
2598 811 2694 881 τὴν
2714 813 2770 865 δέ
2791 815 2972 866 εἰκόνα
2987 814 3078 866 τοῦ
3095 815 3417 885 ἐπουρανίου
3429 831 3549 867 νεο-

1967 893 2115 964 παγῆ
2145 894 2237 946 καὶ
2266 895 2539 968 λαμπρὰν,
2590 899 2686 951 καὶ
2732 899 2806 961 ὡς
2848 899 2955 952 ἀπὸ
3004 902 3368 971 χωνευτηρίου
3404 901 3547 953 στίλ-

1968 975 2164 1030 ϐουσαν
2198 980 2576 1050 ἀναφέροντος.
2613 983 2722 1036 Καὶ
2765 983 2817 1035 τί
2854 983 3052 1052 δήποτε
3095 986 3196 1036 οὐκ
3244 980 3429 1047 εἶπεν,
3464 984 3547 1036 ὅτι

1966 1057 2222 1128 ἐποίησεν
2251 1062 2448 1126 αὐτοὺς
2478 1064 2646 1118 τέκνα
2697 1063 2854 1126 Θεοῦ,
2891 1065 3027 1126 ἀλλ’,
3064 1066 3319 1120 Ἔδωκεν
3340 1071 3546 1137 αὐτοῖς

1963 1140 2252 1205 ἐξουσίαν
2278 1145 2457 1200 τέχνα
2476 1147 2624 1200 Θεοῦ
2651 1147 2923 1216 γενέσθαι
2944 1164 2962 1211 ;
2991 1150 3212 1210 Δεικνὺς
3238 1152 3319 1204 δτι
3346 1154 3546 1223 πολλῆς

1963 1224 2043 1276 δεῖ
2060 1228 2158 1296 τῆς
2178 1228 2433 1299 σπουδῆς,
2456 1229 2595 1282 ὥστε
2611 1231 2707 1302 τὴν
2733 1233 2790 1283 ἐν
2807 1231 2883 1301 τῷ
2902 1231 3236 1303 βαπτίσματι
3251 1235 3348 1304 τῆς
3370 1237 3547 1288 υἱοθε-

1966 1306 2084 1371 σίας
2117 1311 2246 1379 ἡμῖν
2278 1312 2680 1366 ἐντυπωθεῖσαν
2710 1313 2914 1378 εἰκόνα,
2953 1316 3282 1386 ἀκηλίδωτον
3325 1319 3391 1370 δι’
3421 1319 3543 1372 ὅλου

1963 1389 2286 1462 διατηρῆσαι
2313 1395 2406 1447 καὶ
2431 1395 2735 1465 ἀνέπαφον·
2771 1398 2885 1467 ἅμα
2913 1398 2970 1450 δέ
3006 1398 3099 1450 καὶ
3129 1401 3425 1468 ἐμφαίνων,
3462 1404 3546 1454 ὅτι

1961 1475 2060 1545 τὴν
2084 1476 2328 1539 ἐξουσίαν
2353 1479 2558 1546 ταύτην
2593 1482 2765 1544 οὐδεὶς
2807 1484 2952 1552 ἡμᾶς
2985 1483 3274 1551 ἀφελέσθαι
3319 1486 3544 1555 δυνήσε-

1962 1559 2164 1621 ται,,ἂν
2198 1561 2272 1630 μὴ
2291 1562 2656 1632 προλαϐόντες
2685 1565 2912 1628 ἑαυτοὺς
2944 1566 3291 1636 ἀφελώμεθα.
3328 1568 3392 1620 Et
3437 1567 3546 1638 γὰρ

1963 1642 2010 1693 οί
2035 1642 2186 1712 παρὰ
2225 1644 2525 1715 ἀνθρώπων
2553 1647 2717 1717 κῦρος
2737 1648 2897 1700 τινῶν
2913 1649 3252 1718 πραγμάτων
3266 1649 3544 1712 λαϐόντες,

1961 1727 2228 1797 τοσαύτην
2262 1727 2442 1798 έχουσι
2475 1730 2572 1800 τὴν
2599 1731 2771 1801 ἰσχὺν,
2795 1732 2926 1801 ὅσην
2960 1733 3145 1802 σχεδὸν
3165 1733 3213 1786 οἱ
3248 1732 3543 1795 δεδωκότες

1964 1809 2146 1863 αὐτοίο
2185 1811 2361 1883 πολλῷ
2408 1813 2607 1884 μᾶλλον
2642 1815 2690 1867 οἱ
2727 1816 2876 1886 παρά
2915 1815 3009 1868 τοῦ
3048 1815 3182 1869 Θεοῦ
3217 1816 3420 1886 ταύτης
3452 1833 3547 1868 τυ-

1965 1891 2150 1962 χόντες
2197 1895 2298 1964 τῆς
2345 1898 2529 1967 τιμῆς,
2572 1897 2636 1950 ἂν
2693 1899 2860 1968 μηδὲν
2897 1898 2999 1969 τῆς
3051 1897 3299 1963 ἐξουσίας
3342 1898 3547 1966 ταύτης

1965 1978 2180 2044 ἀνάξιον
2210 1978 2525 2050 πράξωμεν,
2555 1983 2768 2034 πάντων
2794 1982 3028 2053 ἐσόμεθα
3055 1982 3434 2050 δυνατώτεροι,
3458 1983 3546 2035 διὰ

1964 2060 2026 2112 τὸ
2059 2063 2153 2113 καὶ
2189 2063 2406 2116 πάντων
2457 2059 2596 2117 εἶναι
2641 2064 2807 2133 μείζω
2835 2082 2893 2117 τε
2939 2065 3031 2118 καὶ
3073 2064 3420 2133 ἀγαθώτερον
3453 2064 3545 2116 τὸν

1965 2143 2168 2213 ταύτην
2196 2147 2327 2215 ἡμῖν
2361 2147 2741 2217 ἐγχειρίσαντα
2762 2147 2860 2218 τὴν
2883 2149 3228 2218 τιμήν.⁶Ἀμα
3255 2149 3311 2200 δέ
3338 2150 3432 2201 καὶ
3457 2150 3546 2200 ἐν-

1965 2226 2238 2291 δείξασθαι
2264 2228 2533 2297 βούλεται,
2560 2230 2640 2282 ὅτι
2669 2230 2766 2299 οὐχ
2795 2229 2980 2293 ἁπλῶς
3004 2231 3123 2284 οὐδὲ
3151 2234 3183 2300 ή
3209 2231 3369 2302 χάρις
3396 2231 3545 2283 ἐπει-

1967 2329 2072 2376 σιν,
2098 2311 2232 2364 ἀλλά
2260 2314 2371 2376 τοῖς
2403 2313 2744 2382 βουλομένοις
2777 2314 2870 2366 καὶ
2908 2314 3282 2368 ἐσπουδακόσι·
3317 2316 3411 2367 καὶ
3439 2315 3545 2385 γὰρ
3648 2322 3652 2327 ’

1965 2394 2060 2446 καὶ
2079 2395 2136 2448 ἐν
2154 2397 2220 2465 τῇ
2245 2393 2464 2465 ἐξουσία
2486 2398 2661 2450 κεῖται
2679 2400 2746 2467 τῇ
2767 2396 3064 2460 τούτων,τδ
3091 2397 3342 2466 γενέσθαι
3357 2398 3544 2451 τέκνα.

1969 2478 2064 2530 Ἂν
2089 2477 2199 2549 γάρ
2235 2479 2311 2548 μὴ
2341 2477 2566 2531 ἕλωνται
2608 2479 2761 2532 αὐτοὶ
2790 2480 3088 2552 πρότερον,
3121 2481 3221 2532 οὐκ
3267 2481 3476 2534 ἔπεισιν
3511 2483 3545 2551 ἡ

1963 2559 2160 2632 δωρεὰ,
2195 2561 2314 2614 οὐδέ
2339 2561 2632 2631 ἐργάζεται
2659 2581 2731 2615 τι.

2033 2651 2104 2713 γ’.
2136 2645 2418 2716 Πανταχόῦ
2437 2645 2616 2699 τοίνυν
2635 2647 2697 2700 τὸ
2724 2647 2822 2716 μὲν
2843 2647 3360 2718 κατηναγκασμένον
3376 2645 3545 2713 ἐκϐα-

1963 2725 2092 2792 λὼν,
2117 2727 2176 2781 τὸ
2202 2728 2259 2781 δέ
2288 2728 2609 2801 αὐθαίρετον
2647 2731 2742 2784 καὶ
2759 2730 3101 2795 αὐτεξούσιον
3128 2730 3360 2794 δεικνύς·
3387 2731 3546 2783 τοῦτο

1963 2810 2058 2863 καὶ
2089 2810 2182 2864 νῦν
2200 2810 2410 2881 εἴρηκε.
2462 2813 2571 2865 Καὶ
2589 2813 2698 2885 γάρ
2724 2815 2781 2866 ἐν
2810 2815 2993 2878 αὐτοῖς
3012 2814 3223 2878 τούτοις
3244 2817 3354 2878 τοῖς
3374 2817 3547 2885 ἀπορ-

1967 2896 2149 2964 ρήτοις
2180 2899 2195 2934 ί
2236 2895 2296 2948 τὸ
2323 2897 2424 2964 μέν
2451 2897 2567 2948 ἐστι
2608 2896 2702 2948 τοῦ
2734 2896 2890 2962 Θεοῦ,
2913 2898 2973 2950 τὸ
2997 2897 3178 2951 δοῦναι
3210 2897 3307 2968 τὴν
3353 2898 3540 2968 χάριν

1963 2981 2021 3032 τὸ
2049 2980 2105 3032 δὲ
2129 2979 2222 3032 τοῦ
2256 2979 2564 3052 ἀνθρώπου,
2593 2980 2652 3033 τὸ
2678 2984 2978 3052 παρασχεῖν
3001 2981 3096 3052 τὴν
3120 2983 3320 3036 πίστιν.
3349 2983 3458 3035 Καὶ
3487 2985 3546 3036 ἐν

1962 3061 2039 3132 τῷ
2068 3064 2204 3133 μετά
2230 3063 2402 3116 ταῦτα
2430 3063 2486 3116 δὲ
2515 3065 2708 3134 χρόνῳ,
2730 3063 2929 3134 πολλῆς
2951 3065 3031 3117 δεῖ
3051 3066 3234 3117 λοιπὸν
3263 3067 3361 3135 τῆς
3389 3083 3546 3118 σπου-

1961 3145 2074 3212 δῆς.
2113 3146 2186 3198 Ού
2221 3146 2328 3216 γὰρ
2371 3146 2533 3216 ἀρκεῖ
2566 3147 2702 3216 πρὸς
2736 3146 2834 3218 τὴν
2864 3135 2962 3217 τῆς
3012 3148 3384 3220 καθαρότητος
3414 3150 3544 3219 ἡμῖν

1963 3229 2228 3300 φυλακὴν,
2249 3231 2308 3282 τὸ
2341 3229 2702 3301 βαπτισθῆναι
2740 3233 2834 3284 καὶ¹
2865 3231 3155 3285 πιστεῦσαι
3185 3233 3344 3301 μόνον
3363 3251 3374 3263 ’
3408 3233 3545 3286 ἀλλά

1960 3315 2058 3372 δεῖ,
2093 3317 2140 3366 εἰ
2170 3315 2457 3386 μέλλοιμεν
2483 3316 2684 3384 ταύτης
2705 3317 2994 3379 διαπαντὸς
3018 3316 3421 3370 ἀπολαύσεσθαι
3447 3318 3546 3384 τῆς

1963 3398 2338 3468 φαιδρότητος.
2369 3398 2518 3464 ἀξιον
2541 3401 2712 3470 αὐτῆς
2763 3400 3097 3470 παρέχεσθαι
3125 3399 3255 3470 βίον.
3292 3399 3462 3452 Τοῦτο
3486 3400 3545 3452 δὲ

1961 3482 2044 3549 ἐφ’
2067 3483 2197 3550 ἡμῖν
2220 3481 2474 3552 ἐποίησεν
2493 3484 2521 3534 ὁ
2555 3482 2706 3546 Θεός.
2727 3484 2800 3536 Τὸ
2840 3486 2938 3552 μὲν
2966 3483 3075 3552 γάρ
3106 3482 3545 3552 γεννηθῆναιτὴθ

1964 3565 2228 3634 μυστικὴν
2252 3565 2530 3635 γέννησιν,
2565 3567 2660 3618 καὶ
2698 3567 2916 3619 πάντων
2968 3567 3378 3637 ἐκκαθαρθῆναι
3433 3565 3546 3619 τῶν

1960 3649 2224 3719 πρότερον
2255 3649 2658 3720 ἡμαρτημένων
2696 3652 2846 3720 ἡμῖν,
2879 3651 2988 3704 ἀπὸ
3026 3651 3120 3704 τοῦ
3173 3651 3544 3721 βαπτίσματος

1958 3732 2200 3799 γίνεταιο
2237 3735 2298 3786 τὸ
2323 3733 2377 3785 δέ
2415 3737 2594 3803 μεῖναι
2627 3735 2705 3796 είς
2741 3734 2800 3787 τὸ
2828 3734 2955 3805 ἐξῆς
2982 3733 3276 3804 καθαροὺς,
3309 3736 3405 3788 καὶ
3433 3751 3543 3805 μη-

1958 3814 2148 3882 δεμίαν
2178 3815 2316 3885 μετά
2363 3815 2534 3870 ταῦτα
2567 3815 2820 3881 δέξασθαι
2849 3816 3040 3888 κηλῖδα
3063 3817 3248 3883 πάλιν,
3281 3818 3379 3887 τῆς
3409 3819 3546 3889 ἠμε-

1957 3897 2121 3969 τέρας
2149 3899 2296 3951 ἐστὶν
2316 3896 2560 3965 ἐξουσίας
2581 3916 2640 3952 τε
2668 3901 2760 3954 καὶ
2779 3899 3033 3970 σπουδῆς.
3056 3900 3156 3954 Διά
3172 3917 3252 3954 τοι
3277 3899 3432 3954 τοῦτο
3451 3901 3546 3955 καὶ

1958 3980 2054 4034 τοῦ
2083 3982 2285 4052 τρόπου
2310 3982 2408 4050 τῆς
2449 3982 2754 4053 γεννήσεως
2785 3984 2932 4053 ἡμᾶς
2979 3982 3274 4055 ἀνέμνησε,
3302 3984 3397 4036 καὶ
3437 3983 3547 4037 ἀπὸ

1962 4065 2300 4137 συγκρίσεως
2323 4064 2431 4118 τῶν
2455 4064 2734 4136 σαρκικῶν
2755 4065 2958 4119 ὠδίνων
2980 4064 3079 4138 τὴν
3110 4066 3383 4144 ὑπεροχὴν
3406 4066 3544 4120 ἔδει·

1960 4147 2050 4214 ξεν
2081 4147 2247 4202 εἰπών
2263 4163 2280 4179 ⁶
2325 4146 2392 4201 Οἳ
2417 4150 2529 4202 οὐκ
2546 4148 2617 4213 ἐξ
2644 4149 2925 4218 αἱμάτων,
2947 4149 3090 4205 οὐδὲ
3115 4149 3184 4202 ἐκ
3211 4149 3546 4219 θελήματος

1918 4255 1923 4260 ·
1959 4236 2206 4301 σαρκὸς,
2242 4231 2385 4286 οὐδὲ
2415 4231 2484 4286 ἐκ
2508 4232 2843 4302 θελήματος
2865 4233 3105 4302 ἀνδρὸς,
3133 4233 3273 4288 ἀλλ’
3296 4233 3364 4286 ἐκ
3394 4231 3545 4286 Θεοῦ

1957 4316 2392 4385 ἐγεννήθησαν.
2417 4317 2587 4368 Τοῦτο
2614 4315 2670 4369 δέ
2701 4317 2976 4388 ἐποίησεν,
3014 4316 3099 4370 ἵνα
3122 4315 3182 4369 τὸ
3214 4315 3430 4378 εὐτελὲς
3450 4314 3546 4370 καὶ

1959 4399 2213 4454 ταπεινὸν
2250 4397 2345 4452 τοῦ
2373 4399 2642 4470 προτέρου
2686 4399 2848 4453 τόκου
2884 4398 3326 4470 καταμαθόντες,
3351 4397 3446 4452 τοῦ
3475 4397 3543 4450 δι’

1960 4483 2210 4552 αἱμάτων
2242 4482 2337 4534 καὶ
2368 4482 2672 4553 θελήματος
2719 4483 2940 4550 σαρκὸς,
2969 4483 3063 4536 καὶ
3099 4482 3160 4534 τὸ
3201 4481 3405 4552 ὑψηλὸν
3445 4481 3544 4535 καὶ

1960 4566 2175 4634 εὐγενὲς
2203 4565 2296 4618 τοῦ
2326 4565 2578 4636 δευτέρου
2607 4565 2700 4618 τοῦ
2723 4566 2810 4618 διὰ
2832 4565 2930 4635 τῆς
2961 4567 3180 4636 χάριτος
3207 4565 3541 4633 ἐπιγνόντες,

1965 4648 2206 4720 μεγάλην
2236 4649 2356 4701 τινά
2389 4647 2681 4702 κάντεῦθεν
2705 4650 2830 4720 περὶ
2852 4649 3016 4702 αὑτοῦ
3038 4649 3291 4718 λάϐωμεν
3310 4647 3538 4712 ἔννοιαν,

1960 4734 2055 4785 καὶ
2078 4731 2176 4800 τῆς
2208 4731 2302 4783 τοῦ
2351 4732 2742 4802 γεγεννηκότος
2765 4732 2919 4796 ἀξίαν
2954 4732 3180 4802 δωρεᾶς,
3213 4731 3307 4784 καὶ
3339 4731 3542 4802 πολλὴν

1963 4815 2101 4882 μετά
2125 4813 2299 4867 ταῦτα
2327 4814 2725 4884 ἐπιδειξώμεθα
2761 4815 3013 4884 σπουδήν.
3048 4814 3174 4877 Δέος
3208 4815 3316 4884 γὰρ
3349 4815 3409 4868 οὐ
3453 4833 3542 4885 μι-

1959 4898 2109 4968 κρὸν,
2150 4900 2360 4968 μήποτε
2388 4899 2485 4968 τὴν
2521 4899 2690 4968 καλὴν
2719 4898 2925 4968 ταύτην
2961 4897 3289 4968 μολύναντες
3326 4898 3539 4968 στολὴν,

1957 4984 2022 5051 τῇ
2076 4982 2211 5049 μετά
2249 4980 2417 5034 ταῦτα
2471 4981 2710 5052 ῥᾳθυμίᾳ
2755 4981 2849 5033 καὶ
2896 4983 3009 5044 τοῖς
3072 4981 3541 5051 πλημμελήμασιν

1958 5065 2314 5136 ἐκϐληθῶμεν
2370 5066 2472 5134 τῆς
2507 5066 2774 5127 παστάδος
2803 5065 2896 5118 καὶ
2935 5064 3028 5116 τοῦ
3051 5066 3358 5134 νυμφῶνος,
3401 5065 3543 5117 κατὰ

1957 5153 2054 5214 τὰς
2090 5151 2252 5202 πέντε
2276 5149 2576 5219 παρθένους
2606 5149 2819 5212 ἐκείνας
2844 5149 2943 5212 τὰς
2975 5149 3185 5220 μωρὰς,
3221 5149 3254 5220 ἢ
3282 5149 3423 5202 κατά
3454 5149 3542 5202 τὸν

1959 5236 2057 5287 οὐκ
2085 5235 2273 5304 ἔχοντα
2307 5233 2511 5301 ἔνδυμα
2535 5232 2734 5301 γάμου.
2755 5233 2861 5286 Καὶ
2887 5234 2994 5304 γάρ
3020 5236 3265 5297 κάκεῖνος
3298 5234 3406 5285 τῶν
3431 5234 3546 5286 δαι-

1956 5319 2200 5388 τυμόνων
2231 5313 2298 5396 ἦν
2315 5335 2328 5348 ’
2357 5315 2556 5387 ἐκλήθη
2582 5317 2688 5387 γὰρ
2713 5316 2808 5369 καὶ
2834 5317 2993 5378 αὑτός
3012 5333 3025 5346 ο
3052 5317 3166 5369 ἀλλ’
3189 5315 3376 5384 ἐπειδὴ
3408 5316 3546 5382 μετὰ

1955 5402 2056 5471 τὴν
2081 5399 2284 5475 κλῆσιν.
2303 5399 2398 5452 καὶ
2421 5401 2521 5469 τὴν
2551 5399 2821 5469 τοσαύτην
2846 5401 3010 5468 τιμὴν
3041 5398 3324 5469 ἐξύϐρισεν
3350 5400 3431 5461 εἰς
3452 5397 3543 5449 τὸν

1957 5483 2285 5554 κεκληκότα,
2315 5483 2544 5536 ἄκουσον
2578 5485 2694 5536 οἵαν
2719 5484 2900 5536 δίδωσι
2924 5483 3096 5550 δίκην,
3125 5480 3242 5543 πῶς
3274 5479 3537 5550 ἐλεεινὴν.

1955 5567 2049 5620 καὶ
2079 5565 2287 5619 πολλῶν
2321 5565 2476 5632 ἀξίαν
2523 5566 2797 5638 δακρύων.
2827 5565 3272 5637 Παραγενόμενος
3310 5564 3416 5633 γὰρ
3447 5564 3538 5615 ἐπὶ

1957 5650 2069 5723 [61]
2093 5652 2153 5704 τὸ
2185 5653 2282 5722 τῆς
2305 5652 2563 5723 λαμπρᾶς
2594 5651 2807 5721 ἐκείνης
2833 5650 3106 5721 τραπέζης
3133 5652 3442 5719 μετασχεῖν,
3473 5648 3534 5700 οὐ

1958 5737 2116 5806 μόνον
2137 5737 2376 5804 εἴργεται
2393 5737 2489 5806 τῆς
2509 5737 2760 5805 εὐωχίας,
2781 5735 2913 5786 ἀλλὰ
2932 5736 3024 5787 καὶ
3047 5735 3145 5796 τὰς
3162 5737 3347 5804 χεῖρας
3362 5733 3536 5796 δεθεὶς

1955 5819 2046 5871 καὶ
2068 5819 2193 5881 τοὺς
2229 5818 2394 5880 πόδας
2424 5820 2644 5888 ὁμοίως,
2677 5821 2755 5880 εἰς
2784 5818 2843 5870 τὸ
2871 5818 3059 5879 σκότος
3088 5819 3277 5886 ἄγεται
3309 5818 3369 5870 τὸ
3397 5815 3532 5880 ἐξώ-

1952 5919 2130 5971 τερον,
2166 5900 2254 5953 τὸν
2294 5900 2508 5953 αἰώνιον
2548 5904 2640 5954 καὶ
2681 5903 2904 5970 ἄπειρον
2935 5901 3258 5972 ὀλοφυρμὸν,
3297 5901 3390 5953 καὶ
3440 5900 3534 5952 τῦν

1956 5985 2198 6056 βρυγμδν
2217 5984 2324 6036 τῶν
2346 5985 2568 6037 ὀδόντων
2585 5986 3037 6054 ύποστησόμενος.
3063 5987 3152 6056 Μὴ
3170 5988 3366 6047 τοίνυν,
3393 5986 3530 6055 ἀγα-

2023 6092 2035 6117 ι
2068 6079 2216 6127 Ξαιὶι.
2247 6086 2295 6127 et
2319 6077 2692 6137 cmld.705,706,
2714 6079 2809 6132 τοῖς
2834 6079 3114 6140 ἀπορρήτοις
3135 6079 3336 6138 ἀγαθοῖς.
