4074 6374
3173 247 3243 326 Es

279 351 350 407 77
1409 353 1473 409 IN
1512 353 1820 412 JOANNEM
1860 357 2090 415 llO.\lll..
2142 357 2230 416 xt.
2264 364 2331 416 al.
2377 363 2443 418 x.
3477 376 3544 434 τε

280 469 428 524 tione
455 464 623 520 induti
659 465 1067 531 accesserimus,
1111 465 1242 520 nihil
1288 465 1538 534 impediet
1576 469 1860 537 quominus

277 559 468 615 eadem
501 561 614 627 ipsa
644 560 922 627 patiamur,
958 573 1077 628 qua:
1104 559 1267 612 miser
1297 560 1393 628 ille_
1410 575 1596 628 passus
1622 572 1722 616 est.
1753 563 1860 617 Ab-

273 652 496 706 surdum
529 652 671 706 enim
693 661 794 716 est,
825 652 948 704 dum
978 651 1084 718 ille,
1113 652 1202 720 qui
1233 652 1374 706 Deus
1406 661 1460 706 et
1487 653 1597 707 Rex
1625 663 1724 718 est,
1759 655 1856 707 ho-

278 743 448 797 mines
495 743 632 797 viles
673 751 727 797 et
771 743 968 797 nullius
997 744 1150 812 pretii
1180 758 1370 798 vocare
1413 759 1517 798 non
1563 747 1853 811 erubescit,

271 833 363 888 sed
395 848 426 887 e
467 835 625 887 trivio
653 834 771 887 illos
800 834 866 888 ad
897 849 1133 889 mensam
1177 851 1327 889 suam
1361 835 1566 903 invitat,
1610 854 1706 892 nos
1737 849 1855 892 tan-

271 933 378 976 tam
407 923 671 992 ignaviam
713 925 993 990 exhibere,
1045 933 1197 979 utne
1237 927 1449 994 quidem
1498 937 1616 995 post
1647 937 1850 982 tantum

271 1015 530 1069 honorem
565 1018 814 1071 meliores
839 1019 1149 1082 evadamus,
1181 1018 1274 1073 sed
1297 1029 1351 1074 et
1381 1031 1496 1088 post
1518 1021 1853 1075 vocationem

270 1107 322 1158 in
349 1107 541 1160 eadem
567 1108 798 1176 nequitia
833 1123 1254 1176 perseveremus,
1298 1110 1722 1180 inell'abilemque
1763 1127 1854 1166 vo-

269 1199 439 1250 cantis
470 1198 848 1268 benignitatem
878 1200 1296 1268 pessumdemus.
1329 1201 1442 1255 Non
1473 1204 1614 1256 enim
1650 1218 1745 1256 nos
1785 1204 1850 1257 ad

267 1290 606 1357 spiritualem
634 1292 771 1344 hanc
796 1301 845 1345 et
887 1292 1204 1345 horrendam
1237 1295 1611 1362 mysteriorum
1640 1295 1853 1364 partici-

267 1383 540 1449 pationem
584 1385 810 1448 vocavit,
844 1395 900 1438 ut
941 1401 1060 1439 cum
1091 1387 1268 1454 priore
1297 1388 1532 1456 nequitia
1582 1388 1848 1458 ingredia-

267 1493 407 1540 mur,
451 1478 546 1531 sed
573 1487 630 1531 ut
655 1478 860 1547 objecta
894 1480 981 1532 illa
1011 1480 1356 1549 turpitudine,
1387 1481 1450 1533 iis
1476 1482 1713 1535 vestibus
1764 1483 1847 1534 in-

265 1567 520 1634 duamur,
554 1585 672 1639 qua:
705 1570 770 1623 ad
799 1572 1002 1640 regium
1029 1580 1246 1625 vocatos
1269 1573 1568 1626 convivium
1600 1573 1841 1628 deceant.

265 1661 358 1714 Sin
402 1662 639 1716 nolimus
665 1662 820 1732 digna
851 1665 938 1717 tali
969 1665 1249 1719 vocatione
1280 1677 1552 1734 prtestare,
1585 1667 1633 1719 id
1668 1683 1771 1720 non
1798 1668 1846 1721 ei

263 1754 352 1822 qui
386 1769 488 1807 nos
530 1755 609 1809 sic
648 1755 948 1824 honoravit,
995 1759 1086 1812 sed
1118 1760 1273 1814 nobis
1303 1760 1687 1830 imputandum.
1732 1761 1846 1815 Non

265 1849 406 1900 enim
440 1849 529 1903 ille
576 1865 676 1903 nos
716 1866 780 1904 ex
826 1851 1138 1906 admirando
1177 1853 1268 1906 illo
1297 1853 1638 1908 convivarum
1681 1855 1846 1908 choro

263 1937 440 2004 ejicit,
487 1939 584 1994 sed
625 1956 720 1994 nos
755 1941 898 2009 ipsos
939 1941 1202 2009 ejicimus.
1241 1943 1332 1997 llle
1361 1943 1501 2012 quod
1543 1958 1694 1997 suum
1733 1953 1844 1997 erat

265 2031 515 2096 przestitit
553 2049 567 2083 :
602 2032 809 2101 nuptias
847 2031 992 2096 fecit,
1037 2050 1278 2088 mensam
1307 2036 1533 2104 paravit,
1564 2036 1652 2106 qui
1683 2051 1843 2088 voca-

263 2130 382 2174 rent
418 2123 586 2186 misit,
614 2125 890 2179 venientes
935 2126 1165 2195 excepit,
1211 2134 1267 2180 et
1311 2125 1457 2179 nullo
1495 2139 1600 2180 non
1643 2125 1843 2179 honore

1971 473 2145 530 affecit
2176 493 2190 531 :
2219 491 2316 530 nos
2358 486 2532 531 autem
2564 477 2757 548 ipsum,
2786 480 3055 547 convivas,
3090 483 3321 551 nuptias,
3361 488 3523 542 soriti-

1964 567 2152 622 darum
2192 570 2439 636 vestium,
2482 570 2582 625 hoc
2609 579 2711 638 est,
2745 587 3028 640 pravorum
3071 589 3313 642 Operum,
3348 588 3535 631 contu-

1964 660 2121 714 melia
2163 661 2477 727 allicientes,
2518 662 2637 732 jure
2681 663 2892 718 demum
2942 666 3204 735 ejicimur.
3253 669 3362 723 lloc
3394 672 3535 725 enini

1964 761 2136 819 pacto,
2171 761 2223 806 et
2245 754 2455 821 nuptias
2477 763 2530 807 et
2561 755 2807 808 invitatos
2837 757 3125 822 honorans,
3162 760 3459 826 petulantes
3486 767 3540 816 et

1962 843 2290 910 impudentes
2314 844 2430 899 illos
2454 847 2614 914 ejicit.
2634 841 2775 900 Nam
2803 849 2845 900 si
2878 849 3175 916 hujusmodi
3200 863 3355 906 veste
3375 853 3529 907 indu-

1963 943 2043 989 tos
2075 936 2415 1004 relinqueret,
2454 938 2588 991 alios
2615 939 2888 993 videretur
2934 943 3255 997 contumelia
3297 944 3533 1003 afficere.

1961 1025 2152 1081 Verum
2178 1027 2306 1081 faxit
2334 1030 2495 1091 Deus.
2537 1039 2593 1082 ut
2624 1045 2781 1084 nemo
2811 1033 2889 1084 vel
2921 1045 3159 1086 nostrum
3200 1036 3280 1088 vel
3308 1036 3533 1091 aliorum

1960 1119 2118 1172 talem
2164 1123 2466 1188 experiatur
2509 1125 2862 1178 vocatioaem.
2917 1126 3038 1179 Ideo
3085 1127 3197 1181 haec
3243 1139 3532 1199 antequam

1958 1210 2143 1263 fierent
2171 1211 2338 1265 literis
2387 1213 2632 1267 mandata
2678 1223 2822 1281 sunt,
2873 1226 2924 1269 ut
2953 1218 3242 1286 Scriptum
3275 1221 3432 1275 minis
3462 1222 3531 1276 ad

1958 1301 2149 1356 bonam
2175 1302 2376 1373 frugem
2418 1305 2641 1368 reducti,
2676 1323 2962 1377 numquam
2998 1310 3046 1362 in
3079 1321 3275 1364 tantam
3309 1312 3534 1380 ignomi-

1958 1396 2118 1457 niam,
2153 1397 2203 1449 in
2234 1406 2540 1467 tantumque
2568 1401 2880 1467 supplicium
2908 1401 3219 1468 incidamus,
3249 1404 3339 1458 sed
3366 1406 3531 1460 verho

1957 1497 2159 1541 tantum
2193 1498 2342 1542 tenus
2372 1489 2487 1543 haec
2528 1492 2898 1559 experiamur;
2930 1508 2990 1547 ac
3018 1495 3293 1562 splendida
3335 1497 3528 1566 singuli

1955 1589 2102 1634 veste
2131 1580 2318 1646 induti,
2347 1581 2412 1635 ad
2435 1581 2629 1644 locum,
2654 1599 2760 1652 quo
2787 1586 2955 1637 vocati
2984 1599 3189 1650 sumus,
3225 1588 3530 1655 proficisca-

1954 1687 2099 1736 mur;
2130 1686 2236 1741 quo
2263 1687 2359 1726 nos
2387 1688 2573 1727 omnes
2612 1673 2710 1727 frui
2742 1676 3030 1742 contingat,
3062 1678 3230 1745 gratia
3276 1687 3328 1732 et
3370 1679 3526 1734 beni-

1951 1763 2149 1830 gnitate
2178 1763 2384 1815 Domini
2425 1764 2589 1816 nostri
2618 1763 2743 1818 Jesu
2770 1763 2984 1828 Christi,
3021 1781 3111 1834 per
3140 1782 3295 1836 quem
3327 1778 3377 1822 et
3405 1785 3524 1824 cum

1953 1869 2056 1920 quo
2080 1853 2222 1906 Patri
2245 1854 2402 1907 simul
2435 1865 2488 1908 et
2519 1854 2737 1923 Spiritui
2777 1865 2961 1910 sancto
2987 1858 3174 1926 gloria,
3207 1858 3395 1923 honor,
3426 1860 3526 1913 im-

1955 1943 2180 2012 perium,
2219 1960 2361 1999 nunc
2407 1955 2461 2000 et
2501 1960 2733 2016 semper,
2765 1955 2818 2000 et
2859 1947 2910 2000 in
2951 1948 3144 2003 sarcula
3185 1951 3522 2004 smculorutn.

1951 2039 2142 2090 Amen.

1701 2335 2046 2397 HOMILIA
2091 2335 2203 2398 XI.

297 2476 381 2530 14.
416 2475 480 2528 Et
517 2475 732 2530 Verbum
759 2495 876 2532 caro
896 2478 1086 2546 factum
1108 2488 1198 2543 est,
1229 2489 1276 2533 et
1297 2480 1534 2533 habitavit
1563 2480 1614 2532 in
1643 2479 1805 2532 nobis.

333 2568 385 2621 1.
419 2565 615 2621 Locum
643 2568 902 2639 Evangelii
933 2571 1288 2640 explicandum
1316 2580 1432 2624 ante
1459 2571 1843 2638 explicationem

265 2661 424 2732 legere
473 2664 742 2726 hortatur;
783 2664 1116 2732 quorumdam
1163 2665 1447 2717 socordiam
1494 2664 1546 2716 in
1589 2663 1843 2716 audienda

265 2753 532 2820 Scriptura
552 2756 750 2825 arguit;
778 2756 957 2809 deinde
988 2756 1240 2824 ear-plicare
1262 2755 1410 2816 illud,
1445 2754 1678 2808 Verbum
1715 2769 1842 2808 caro

265 2843 454 2897 iactum
487 2853 591 2910 est,
625 2847 932 2916 aggreditur.
959 2873 1028 2885 —-
1058 2845 1229 2901 Unam
1256 2861 1285 2898 a
1310 2846 1457 2900 vobis
1501 2846 1724 2914 gratiam
1752 2860 1842 2914 pe-

265 2943 387 2999 tam,
420 2944 711 3004 antequam
737 2936 801 2990 ad
825 2937 980 2991 verba
1003 2939 1207 2991 veniam
1229 2938 1530 3006 evangelica
1555 2952 1569 3001 ;
1598 2937 1689 2990 sed
1711 2949 1840 3004 rogo

263 3040 328 3079 ne
347 3029 673 3093 postulatum
697 3030 915 3098 negetis.
938 3029 1117 3099 Neque
1132 3031 1270 3084 enim
1288 3045 1448 3098 grave
1468 3029 1736 3099 quidpiam
1755 3028 1840 3082 vel

264 3132 550 3172 onerosum
571 3121 805 3188 requiro,
839 3137 1010 3190 neque
1037 3122 1316 3191 accipienti
1347 3121 1476 3176 mihi
1507 3121 1677 3176 solum
1711 3120 1840 3175 utile

263 3210 379 3271 erit,
408 3211 506 3264 sed
539 3220 593 3265 et
618 3212 976 3281 praebentibus
1005 3215 1186 3278 vobis;
1222 3216 1328 3269 imo
1359 3214 1495 3268 forte
1517 3215 1665 3269 vobis
1685 3214 1840 3283 longe

266 3304 459 3357 utilius.
489 3305 629 3371 Quid
660 3307 816 3375 igitur
842 3322 872 3360 a
903 3306 1052 3360 vobis
1081 3307 1328 3375 postulo?
1357 3307 1426 3363 Ut
1463 3322 1562 3361 una
1593 3308 1839 3360 sabbato-

264 3413 375 3450 rum
405 3398 503 3468 (a),
549 3398 632 3452 vel
681 3399 730 3452 in
785 3400 899 3467 ipso
943 3399 1202 3461 sabbato,
1247 3399 1394 3453 illam
1442 3399 1838 3469 evangeliorum

265 3501 466 3560 partem
496 3508 614 3562 qua:
643 3493 794 3547 vobis
821 3494 872 3546 in
902 3493 1159 3548 concione
1183 3492 1403 3561 legenda
1434 3500 1516 3546 est
1537 3507 1643 3559 ιιι-ω
1671 3491 1839 3544 mani-

263 3583 358 3636 bus
404 3584 597 3654 singuli
648 3585 990 3652 accipientes,
1040 3584 1186 3637 domi
1238 3583 1482 3638 sedentes
1520 3571 1838 3652 frequenter

263 3674 468 3743 legatis,
513 3690 578 3728 ac
603 3675 740 3729 dicta
771 3691 914 3744 saepe
961 3675 1254 3743 exploretis
1295 3683 1348 3729 et
1392 3675 1703 3729 examinctis
1732 3690 1746 3727 :
1775 3688 1837 3727 ac

260 3765 382 3834 quid
423 3767 646 3830 clarum,
680 3768 804 3836 quid
849 3767 1134 3821 obscurum
1177 3767 1248 3820 sit
1286 3767 1580 3829 annotetis;
1609 3764 1733 3835 quid
1782 3766 1832 3818 in

261 3857 435 3910 verbis
482 3872 716 3927 pugnare
758 3857 1019 3920 videatur,
1068 3858 1192 3912 licet
1237 3873 1340 3911 non
1392 3867 1626 3926 pugnet:
1656 3857 1835 3925 sicque

259 3949 506 4001 omnibus
536 3948 840 4018 frequenter
862 3949 1132 4017 expensis,
1161 3948 1226 4002 ad
1266 3949 1578 4003 concionem
1609 3948 1834 4002 acceda-

261 4042 344 4093 tis.
378 4041 565 4107 Neque
594 4041 736 4095 enim
779 4039 1042 4094 modicum
1084 4057 1150 4095 ex
1182 4040 1271 4094 tali
1301 4040 1476 4093 studio
1502 4050 1555 4094 et
1584 4040 1740 4093 nobis
1781 4048 1836 4093 et

256 4133 406 4185 vobis
439 4133 640 4185 lucrum
670 4131 908 4186 accedet.
957 4131 1119 4186 Nobis
1163 4133 1304 4185 enim
1354 4145 1458 4184 non
1497 4131 1662 4183 multo
1699 4145 1832 4199 opus

259 4225 360 4277 erit
392 4224 575 4277 labore
598 4222 663 4276 ad
695 4223 799 4276 vim
827 4224 1209 4277 sententiarum
1240 4223 1391 4276 vobis
1424 4221 1828 4289 esplaitandam,

259 4324 436 4368 mente
462 4314 570 4383 jam
598 4315 746 4368 vobis
786 4313 852 4368 ad
881 4314 1143 4368 dictorum
1178 4315 1418 4368 notitiam
1450 4324 1661 4368 assueta
1692 4331 1702 4366 :
1737 4327 1831 4367 vos

259 4417 435 4461 autem
475 4406 739 4459 acutiores
767 4415 820 4460 et
845 4407 1264 4475 perspicaciores
1307 4405 1406 4459 hoc
1436 4405 1593 4459 modo
1633 4405 1832 4459 efficie-

257 4499 410 4563 miui,
453 4515 555 4551 non
597 4499 757 4552 modo
798 4507 855 4553 ut
892 4499 1119 4552 audiatis
1163 4507 1218 4552 et
1258 4497 1497 4564 discatis,
1536 4497 1630 4552 sed
1669 4499 1829 4551 etiam

257 4599 313 4642 ut
349 4599 578 4644 eteteros
617 4590 872 4644 doceatis.
919 4590 1191 4658 Siquidem
1233 4589 1324 4643 illo
1354 4605 1459 4658 quo
1491 4603 1631 4643 nunc
1670 4590 1829 4658 agitis

257 4682 435 4745 modo,
489 4681 640 4734 multi
686 4682 1021 4749 praesentium
1068 4682 1228 4735 verba
1269 4681 1556 4748 Scripturte
1591 4680 1746 4733 simul
1775 4689 1830 4734 et

256 4772 642 4840 explicationes
671 4780 878 4826 nostras
899 4772 1142 4827 ediscere
1170 4773 1374 4838 coacti,
1420 4789 1487 4828 ne
1528 4773 1738 4841 quidem
1782 4773 1828 4825 si

258 4875 453 4914 annum
491 4862 753 4930 integrum
797 4861 880 4916 bis
901 4863 1250 4928 insumamus,
1281 4879 1526 4931 magnum
1555 4863 1827 4932 quidpiam

255 4952 381 5006 lucri
408 4953 665 5006 referent.
713 4953 988 5018 Quomodo
1020 4943 1238 5022 possent
1287 4955 1451 5019 enim,
1499 4967 1618 5007 cum
1655 4954 1828 5008 obiter

256 5054 454 5098 tantum
479 5053 535 5099 et
564 5046 712 5100 brevi
753 5058 992 5115 tempore
1029 5047 1187 5101 dictis
1229 5046 1546 5102 attendant?
1581 5047 1732 5116 Quod
1781 5049 1823 5102 si

251 5137 338 5201 qui
384 5136 592 5204 negotia
623 5136 957 5204 prmtendant
992 5145 1047 5192 et
1077 5138 1482 5203 sollicitudines,
1528 5139 1572 5192 si
1605 5139 1822 5192 multam

253 5224 306 5276 in
336 5226 556 5292 publicis
584 5227 908 5296 privatisque
938 5228 1097 5283 rebus
1122 5244 1336 5298 Operam
1366 5246 1379 5292 ;
1416 5232 1588 5298 primo
1611 5231 1822 5300 quidem

253 5329 358 5368 non
387 5316 520 5372 levis
547 5318 699 5388 culpa
731 5317 844 5373 huic
871 5329 970 5384 est,
995 5334 1116 5374 sese
1140 5331 1279 5374 tanta
1306 5324 1638 5391 negotiorum
1670 5321 1822 5376 turba

251 5409 499 5475 obruere,
523 5421 579 5464 et
603 5411 950 5466 srecularibus
989 5413 1149 5467 rebus
1200 5413 1267 5466 ita
1312 5426 1525 5482 semper
1563 5413 1722 5484 afﬁgi,
1767 5425 1826 5471 ut

256 5514 324 5553 ne
364 5502 641 5558 minimum
671 5505 886 5574 quidem
915 5505 1072 5560 studii
1116 5506 1448 5575 impendatur
1475 5507 1539 5560 iis
1562 5523 1680 5578 quas
1704 5524 1820 5562 ma-

326 5615 562 5688 (aLlllud,
584 5627 681 5688 una
709 5619 1016 5688 sabbatorum
1037 5621 1188 5688 fuerit
1209 5626 1319 5685 μίαν
1343 5617 1640 5688 σαβϐάτων),
1663 5630 1828 5688 pOlést

260 5680 556 5738 signiﬁcare.
591 5680 756 5744 prima
779 5681 1093 5744 Mbddmartm
1123 5680 1222 5741 die,
1268 5694 1320 5732 ut
1353 5685 1490 5743 alibi,
1523 5680 1829 5740 imas-abba"-

262 5745 422 5812 tﬁrirum
463 5743 906 5812 (μίσεξαϐϐἀτων)
954 5743 1154 5805 primam
1197 5743 1513 5797 hebdomadas
1559 5747 1821 5812 signiﬁcat.

262 5805 416 5850 etiam
446 5805 572 5866 apud
597 5806 1010 5865 Cbrysostomum.

571 5891 843 5952 PATBOL.
889 5888 1002 5947 Gn.
1053 5886 1210 5946 LIX.

1954 2475 2096 2530 xime
2123 2482 2418 2531 necessaria
2450 2489 2594 2534 sunt.
2635 2480 2835 2536 Deinde
2864 2484 3003 2552 quod
3045 2485 3158 2538 hare
3196 2486 3302 2539 sint
3335 2486 3524 2542 obten-

1948 2579 2032 2623 tus
2073 2577 2130 2624 et
2165 2571 2552 2636 simulationes,
2600 2584 2824 2642 arguunt
2852 2576 3114 2644 colloquia
3143 2589 3263 2630 cum
3292 2580 3476 2633 amicis
3503 2621 3519 2645 ,

1950 2662 2271 2714 theatrorum
2317 2660 2800 2731 frequentationes,
2847 2679 3128 2719 consessus
3167 2667 3232 2720 ad
3262 2683 3520 2738 equorum

1947 2753 2266 2806 certantium
2295 2755 2618 2822 spectacula,
2665 2756 2716 2808 in
2743 2757 2934 2825 quibus
2962 2772 3103 2827 saepe
3138 2759 3253 2814 dies
3285 2762 3520 2831 integros

1946 2853 2300 2911 consumunt,
2347 2861 2517 2912 neque
2567 2857 2741 2901 tamen
2775 2849 2828 2901 in
2859 2848 2943 2903 his
2984 2851 3313 2919 negotiorum
3347 2853 3518 2909 moles

1947 2949 2178 3003 unquam
2207 2935 2528 2988 obtenditur.
2562 2937 2616 2989 ln
2647 2937 2836 2992 vilibus
2876 2939 3032 3009 igitur
3078 2941 3376 3010 hujusmodi
3427 2960 3509 2997 re-

1944 3025 2042 3079 bus
2087 3026 2284 3079 nullam
2328 3027 2615 3082 obtenditis
2645 3031 3046 3098 occupationem
3087 3049 3099 3083 :
3144 3034 3186 3086 si
3219 3044 3395 3088 autem
3437 3036 3516 3089 di-

1944 3118 2083 3170 vinis
2131 3116 2291 3170 rebus
2337 3118 2407 3170 sit
2454 3118 2862 3174 incumbcndum
2885 3162 2899 3184 ,
2955 3121 3069 3176 haec
3095 3123 3230 3178 adeo
3252 3126 3398 3179 vobis
3425 3141 3518 3182 su-

1943 3205 2145 3276 perﬂua
2169 3215 2223 3261 et
2247 3208 2443 3262 nullius
2474 3210 2627 3277 pretii
2659 3210 2906 3265 videntur
2931 3227 3048 3266 esse
3070 3254 3085 3278 ,
3136 3228 3191 3267 ut
3236 3232 3302 3269 ne
3350 3218 3508 3271 mini-

1943 3315 2088 3352 mum
2149 3299 2363 3368 quidem
2434 3300 2667 3354 studium
2722 3302 2774 3355 in
2837 3302 2918 3357 his
2979 3303 3338 3361 adhibendum
3398 3322 3514 3362 esse

1942 3389 2166 3445 ducatis.
2207 3392 2286 3445 An
2329 3400 2603 3446 merentur
2637 3393 2725 3460 qui
2770 3391 2848 3446 sic
2898 3393 3072 3448 allecti
3125 3406 3248 3448 sunt
3298 3398 3381 3451 vel
3432 3413 3516 3451 re-

1944 3485 2174 3554 spirare,
2223 3484 2307 3540 vel
2350 3483 2491 3538 liunc
2534 3485 2703 3539 solem
2748 3486 3028 3554 aspicere?
3068 3487 3163 3541 Est
3198 3497 3252 3542 et
3279 3489 3376 3542 alia
3408 3499 3512 3543 tam

1941 3577 2146 3646 ignavis
2192 3575 2495 3630 hominibus
2544 3577 2871 3644 ineptissima
2914 3579 3220 3641 excusatio,
3255 3579 3513 3633 librorum

1939 3668 2137 3721 scilicet
2179 3667 2375 3736 inopia.
2419 3669 2493 3722 Ac
2535 3667 2788 3721 divitibus
2818 3668 3031 3737 quidem
3061 3669 3343 3723 ridiculum
3371 3683 3515 3724 esset

1939 3775 1998 3814 ea
2027 3761 2095 3815 de
2135 3775 2192 3815 re
2219 3760 2378 3814 verba
2403 3758 2580 3814 facere
2609 3777 2622 3812 :
2647 3775 2831 3814 verum
2861 3762 2982 3830 quia
3027 3761 3221 3814 multos
3251 3778 3520 3831 pauperes

1938 3851 2038 3905 hac
2080 3851 2389 3921 frequenter
2435 3853 2781 3907 excusatione
2829 3853 2900 3905 uti
2950 3861 3098 3920 puto,
3146 3853 3252 3906 hoc
3296 3855 3364 3906 ab
3410 3855 3514 3908 illis

1941 3943 2140 4011 placide
2186 3943 2446 3997 sciscitari
2488 3943 2670 4008 velim,
2717 3958 2894 3997 annon
2944 3943 3134 4013 singuli
3183 3944 3313 3998 artis
3369 3959 3512 4002 sum.

1936 4049 2092 4104 quam
2124 4043 2393 4096 exercent.
2421 4033 2771 4089 instrumenta
2800 4049 2926 4088 sana
2955 4043 3006 4088 et
3034 4035 3234 4103 integra
3260 4035 3518 4094 habeant.

1935 4135 1990 4181 et
2011 4127 2056 4182 si
2083 4138 2322 4181 extrema
2357 4128 2530 4196 inopia
2558 4136 2890 4196 premantur.
2939 4128 3216 4193 Quomodo
3251 4143 3378 4196 ergo
3405 4141 3511 4181 non

1935 4218 2221 4272 absurdum
2265 4219 2440 4283 fuerit,
2487 4219 2591 4272 illic
2635 4227 2996 4288 paupertatem
3041 4230 3145 4272 non
3194 4217 3504 4282 obtendere,

1933 4324 1996 4364 ac
2021 4310 2148 4364 nihil
2179 4325 2282 4364 non
2304 4325 2463 4381 agere
2483 4311 2550 4365 ad
2580 4325 2767 4366 omnes
2795 4312 3147 4365 removendos
3176 4311 3389 4376 obices;
3420 4312 3505 4366 ubi

1934 4411 2108 4457 autem
2137 4411 2279 4456 tanta
2312 4402 2646 4471 decerpenda
2672 4411 2756 4458 est
2785 4403 3003 4466 utilitas,
3043 4403 3418 4472 occupationes
3453 4412 3512 4458 et

1933 4493 2168 4564 inopiam
2199 4493 2430 4548 deﬂere?
2453 4493 2714 4548 Caeterum
2747 4494 2900 4562 siqui
2925 4494 2992 4546 ita
3025 4507 3286 4562 pauperes
3306 4502 3500 4560 essent,

1933 4596 2148 4655 possent
2170 4603 2234 4641 ex
2270 4587 2482 4641 assidua
2513 4587 2599 4641 hic
2629 4587 2738 4641 ﬁeri
2775 4587 2927 4640 solita
2957 4585 3209 4652 lectione,
3261 4585 3393 4640 nihil
3439 4601 3504 4641 ex

1933 4684 1998 4737 iis
2027 4699 2145 4754 quae
2189 4684 2380 4739 divinae
2419 4683 2710 4752 Scriptum
2736 4683 3014 4737 continent
3052 4682 3320 4751 ignorare.
3352 4681 3504 4746 Quod

1930 4776 1973 4827 si
2005 4775 2055 4830 id
2083 4777 2410 4846 impossibile
2444 4777 2596 4830 vobis
2626 4774 2874 4830 videatur
2899 4789 3039 4837 esse,
3093 4789 3198 4827 non
3241 4775 3510 4827 immerito

1929 4867 2156 4922 videtur.
2199 4868 2339 4922 Multi
2387 4867 2527 4922 enim
2573 4875 2679 4921 non
2730 4874 2974 4936 magnam
3008 4867 3220 4920 lectioni
3251 4866 3501 4920 attentio-

1930 4973 2052 5013 nem
2081 4957 2353 5022 adhibent,
2384 4959 2476 5013 sed
2510 4959 2737 5013 lectione
2778 4956 3136 5026 perfunctorie
3159 4958 3358 5022 audita,
3398 4967 3504 5011 sta-

1930 5050 2022 5103 tim
2051 5049 2267 5104 domum
2308 5063 2366 5104 se
2409 5050 2690 5118 recipiunt.
2734 5041 2886 5114 Quod
2919 5049 2963 5102 si
3000 5049 3088 5117 qui
3119 5050 3429 5110 manserint,
3466 5049 3498 5100 ii

1927 5158 2031 5194 non
2076 5141 2296 5196 meliore
2324 5149 2448 5195 sunt
2471 5141 2799 5204 conditione,
2828 5155 2986 5210 quam
3017 5144 3107 5210 qui
3140 5149 3495 5204 recesserunt,

1925 5245 2153 5300 corpore
2194 5231 2364 5284 solum
2398 5239 2711 5298 praesentes.
2751 5228 2856 5284 Sed
2884 5245 2950 5284 ne
2977 5230 3202 5299 amplius
3231 5229 3496 5297 querimo-

1927 5324 2026 5378 niis
2053 5337 2148 5378 vos
2177 5323 2336 5377 tzedio
2362 5321 2677 5387 afficiamus,
2726 5333 2860 5376 neve
2899 5323 2952 5376 in
2981 5320 3489 5391 reprehensionibus

1927 5425 2092 5470 totum
2105 5423 2315 5483 tempus
2341 5421 2592 5476 teramus,
2615 5411 2887 5482 Evangelii
2911 5412 3068 5467 verba
3091 5411 3492 5481 aggrediamur:

1927 5515 2135 5575 tempus
2162 5505 2306 5559 cnim
2333 5513 2416 5559 est
2447 5514 2504 5558 ut
2526 5513 2639 5557 rem
2675 5504 2995 5573 propositam
3023 5502 3360 5571 attingamus.
3387 5497 3494 5555 Sed

1924 5600 2158 5654 animum
2183 5598 2449 5662 adhibete,
2495 5609 2563 5651 ne
2593 5597 2718 5667 quid
2748 5612 2845 5651 vos
2877 5596 3140 5650 dictorum
3163 5593 3397 5666 eﬂ'ugiat.
3432 5595 3498 5651 Et

1923 5689 2123 5743 verbum
2162 5700 2279 5742 caro
2315 5689 2503 5757 factum
2544 5697 2640 5753 est,
2671 5693 2721 5742 et
2756 5685 3001 5741 habitavit
3039 5686 3094 5739 in
3135 5685 3295 5742 nobis.
3342 5683 3497 5742 Post-

1925 5795 2086 5849 quam
2114 5778 2316 5835 dixerat
2341 5781 2455 5835 illos
2484 5781 2571 5850 qui
2600 5793 2720 5835 eum
2750 5790 3090 5850 receperunt.
3118 5793 3184 5834 ex
3213 5779 3318 5834 Deo
3347 5785 3500 5835 uates

3098 5881 3135 5940 5
