4074 6374
526 329 595 385 79
1275 323 1334 380 S.
1370 321 1646 380 JOANNIS
1680 318 2143 378 CHRYSOSTOMI
2178 319 2494 379 ARCHIEP.
2532 322 3059 382 CONSTANTINOP.
3717 330 3784 385 80

525 454 576 496 et
610 441 704 498 Del
731 440 869 496 ﬁlios
895 454 1052 505 esse,
1103 438 1385 495 inell'abilis
1421 438 1578 506 hujus
1622 435 1844 492 honoris
1879 449 2096 491 causam

524 536 699 602 affert,
749 534 887 589 hanc
913 549 1126 604 nempe,
1156 533 1299 602 quod
1327 531 1562 586 Verbum
1600 545 1726 585 caro
1756 528 1952 584 factum
1993 529 2095 593 sit,

526 636 582 682 et
608 627 862 681 Dominus
904 626 1044 679 servi
1073 623 1300 678 formam
1326 622 1613 691 acceperit.
1646 620 1811 674 Filius
1835 619 1978 672 enim
2001 617 2098 671 bo-

525 719 685 773 minis
728 716 948 772 eﬂectus
987 724 1088 781 est,
1138 729 1258 769 cum
1299 728 1460 768 verus
1502 712 1594 766 Dei
1623 711 1792 765 Filius
1818 717 1992 775 esset,
2042 715 2101 762 ut

530 810 774 863 homines
819 808 908 861 Dei
952 806 1085 860 ﬁlios
1130 804 1386 860 efﬁceret.
1421 802 1665 857 Sublime
1710 815 1939 869 namque
1977 814 2099 853 cum

527 901 715 957 humili
741 915 977 963 versans,
999 897 1133 951 nihil
1160 898 1210 950 in
1236 897 1402 965 gloria
1435 910 1528 948 sua
1555 892 1783 957 lmditur,
1814 889 1945 944 illud
1973 905 2099 944 vero

526 1012 591 1050 ex
636 996 797 1049 multa
839 992 994 1062 erigit
1040 991 1338 1044 humilitate
1380 1006 1395 1043 :
1435 986 1577 1058 quod
1607 995 1662 1041 et
1687 985 1739 1039 in
1766 983 1979 1038 Christo
2009 982 2086 1035 fa-

523 1097 669 1142 ctum
715 1094 816 1140 est.
851 1083 1102 1138 Naturam
1139 1081 1334 1152 quippe
1367 1094 1517 1133 suam
1560 1077 1652 1131 tali
1696 1076 1959 1130 descensu
1991 1088 2094 1128 non

524 1179 745 1243 minuit;
775 1191 976 1246 nosque
1002 1177 1090 1245 qui
1115 1175 1169 1228 in
1200 1173 1488 1243 ignominia
1519 1180 1574 1226 et
1610 1170 1662 1225 in
1694 1168 1932 1224 tenebris
1956 1182 2095 1222 sem-

528 1285 623 1340 per
662 1268 1026 1332 versabamur,
1073 1265 1138 1319 ad
1167 1264 1388 1335 gloriam
1417 1262 1588 1319 erexit
1613 1259 1960 1315 ineffabilem.
2010 1256 2100 1312 Sic

523 1371 579 1417 et
604 1377 694 1416 rex
724 1376 844 1416 cum
878 1373 1162 1429 pauperem
1207 1365 1260 1412 et
1304 1355 1605 1409 mendicum
1649 1351 1936 1422 alloquitur
1976 1364 2097 1403 cum

525 1452 706 1508 studio
731 1461 786 1508 et
825 1449 1216 1516 benevolentia,
1256 1447 1386 1503 nihil
1414 1457 1569 1516 turpe
1596 1445 1744 1509 facit,
1790 1444 1938 1498 illum
1970 1455 2098 1496 vero

529 1547 668 1616 apud
713 1560 901 1600 omnes
942 1544 1201 1598 illustrem
1250 1557 1311 1596 ac
1352 1539 1689 1610 splendidum
1721 1536 1913 1592 reddit.
1945 1532 2098 1601 Quod

523 1638 568 1691 si
614 1637 666 1692 in
713 1637 800 1692 illa
844 1635 1129 1691 adventitia
1153 1649 1373 1704 prorsus
1400 1633 1675 1687 hominum
1707 1631 1967 1699 dignitate
1998 1627 2099 1682 ho-

525 1729 848 1783 noratiorem
918 1742 1038 1782 cum
1106 1725 1281 1780 viliori
1333 1723 1665 1779 consuetudo
1719 1721 1849 1776 nihil
1912 1719 2092 1784 laedit;

524 1822 692 1875 multo
738 1821 914 1875 minus
956 1817 1310 1873 immortalem
1356 1832 1417 1870 ac
1450 1816 1656 1870 beatam
1687 1815 1829 1869 illam
1860 1814 2100 1878 substan-

526 1914 674 1978 tiam,
706 1928 824 1982 quze
851 1911 983 1966 nihil
1009 1909 1356 1966 adventitiutn
1390 1909 1570 1974 habet,
1603 1908 1737 1963 nihil
1764 1908 1907 1978 quod
1939 1907 2099 1962 modo

524 2004 684 2067 adsit,
730 2003 889 2058 modo
924 2003 1082 2068 absit,
1125 2000 1220 2057 sed
1249 2001 1425 2054 omnia
1450 2000 1588 2054 bona
1616 2001 1833 2053 immota
1862 2006 1915 2053 et
1940 1998 2006 2052 ad
2034 1998 2098 2052 ll-

525 2109 647 2150 nem
689 2109 858 2164 usque
903 2093 1195 2148 manentia.
1229 2089 1412 2161 Itaque
1445 2105 1564 2146 cum
1593 2090 1846 2154 audieris,
1882 2088 2100 2144 Verbum

516 2205 643 2251 caro
684 2193 872 2260 factum
915 2198 1023 2253 est,
1067 2204 1138 2243 ne
1187 2189 1439 2254 turberis,
1497 2203 1564 2242 ne
1606 2186 1874 2242 concidas.
1913 2183 2100 2255 Neque

525 2279 668 2333 enim
708 2279 1003 2333 substantia
1049 2279 1247 2334 decidit
1289 2279 1343 2332 in
1392 2293 1606 2334 carnem
1648 2278 1906 2349 (impium
1953 2276 2098 2331 enim

525 2379 668 2424 esset
697 2369 748 2423 id
775 2369 858 2424 vel
887 2371 1126 2439 cogitare
1152 2370 1193 2440 ),
1239 2368 1332 2425 sed
1387 2385 1610 2424 manens
1653 2369 1796 2440 quod
1842 2377 1978 2432 erat,
2020 2367 2100 2422 sic

526 2458 750 2514 formam
780 2462 920 2516 servi
949 2463 1175 2531 accepit.

595 2550 649 2604 2.
677 2549 784 2605 Cur
802 2560 976 2605 autem
1012 2552 1103 2606 illo
1131 2551 1313 2616 verbo,
1349 2551 1566 2606 Factum
1594 2561 1685 2618 est,
1719 2565 1846 2606 usus
1874 2551 1998 2606 est?
2032 2550 2101 2606 Ut

527 2639 896 2697 haereticorum
924 2657 1015 2697 ora
1054 2643 1354 2698 Obstrueret
1381 2642 1482 2713 (a).
1513 2642 1643 2710 Quia
1681 2645 1822 2696 enim
1862 2643 2101 2712 suntqui

525 2733 725 2796 dicant,
748 2750 807 2789 ea
831 2751 946 2805 quae
968 2735 1382 2791 incarnationem
1411 2744 1731 2805 spectarent,
1771 2737 2099 2805 phantasiam

527 2833 582 2879 et
611 2825 910 2892 ﬁgmentum
936 2840 1076 2890 esse,
1108 2834 1168 2880 ut
1212 2841 1395 2881 eorum
1433 2825 1809 2896 blasphemiam
1836 2825 1902 2880 de
1928 2824 2102 2880 medio

527 2914 715 2969 tollere
737 2924 1095 2984 praeverteret,
1117 2915 1242 2970 illud
1267 2914 1505 2980 verbum,
1531 2913 1745 2968 Factum
1770 2924 1861 2981 est,
1882 2915 2056 2984 posuit
2085 2933 2097 2968 :

529 3020 637 3061 non
676 3015 734 3060 ut
783 3006 1126 3062 mutationem
1167 3008 1495 3072 substantia,
1533 3007 1690 3072 absit,
1731 3006 1826 3061 sed
1871 3014 1927 3060 ut
1962 3020 2103 3059 vera:

527 3097 703 3151 carnis
719 3097 1132 3168 assumptioncm
1151 3097 1464 3153 declararet.
1489 3097 1939 3166 Quemadmodum
1961 3099 2100 3152 enim

528 3202 647 3241 cum
691 3187 838 3255 dicit,
885 3186 1111 3242 Christus
1155 3205 1245 3242 nos
1282 3190 1507 3243 liberavit
1548 3189 1610 3243 de
1642 3189 1907 3244 maledicto
1957 3189 2100 3259 legis,

529 3277 691 3346 factus
721 3294 812 3348 pro
839 3278 980 3332 nobis
1009 3280 1324 3333 maledictum
1361 3279 1502 3349 (Gal.
1533 3280 1587 3334 ’5.
1615 3280 1726 3350 l5),
1757 3295 1861 3334 non
1901 3280 2103 3349 signiﬁ-

527 3379 614 3424 cat
649 3369 994 3425 substantiam
1025 3385 1173 3425 suam
1203 3385 1232 3424 a
1259 3372 1425 3440 gloria
1464 3370 1853 3436 abscedentem,
1895 3371 1947 3425 in
1986 3386 2102 3426 ma-

529 3460 780 3516 ledictum
818 3477 1024 3517 versam
1063 3477 1182 3517 esse
1211 3462 1361 3532 (illud
1401 3463 1540 3518 enim
1571 3477 1639 3517 ne
1675 3463 1946 3518 daemones
1983 3462 2102 3533 qui-

528 3551 670 3614 dem,
703 3568 876 3623 neque
904 3554 988 3608 vel
1029 3555 1325 3608 stultissimi
1356 3562 1410 3608 et
1446 3564 1686 3609 amentes
1722 3555 2100 3624 cogitaverim;

530 3654 728 3698 tantam
761 3660 951 3714 nempe
983 3645 1119 3714 sapit
1163 3645 1289 3700 illud
1319 3661 1440 3700 cum
1469 3646 1737 3716 impietate
1764 3647 2102 3715 conjunctam

528 3733 827 3806 stultitiam)
858 3753 872 3789 :
905 3752 1009 3791 non
1050 3737 1207 3807 igitur
1231 3736 1333 3793 hoc
1359 3738 1505 3800 dicit,
1549 3738 1644 3794 sed
1677 3739 1847 3808 ipsum
1888 3748 2104 3811 accepto

530 3824 641 3892 illo,
668 3826 807 3897 quod
835 3839 1017 3882 contra
1045 3844 1141 3884 nos
1167 3837 1300 3895 erat,
1328 3829 1631 3895 maledicto,
1666 3845 1770 3884 non
1805 3831 1980 3885 sinere
2005 3847 2105 3886 nos

529 3921 754 3987 amplius
783 3921 1093 3976 maledictos
1118 3936 1236 3976 esse
1268 3939 1282 3976 :
1315 3923 1391 3976 sic
1414 3931 1467 3976 et
1502 3922 1603 3977 hoc
1630 3921 1748 3976 loco
1770 3923 1900 3977 dicit
1932 3923 2102 3992 ipsum

529 4024 742 4064 carnem
777 4010 969 4066 factum
996 4028 1134 4076 esse,
1164 4029 1267 4066 non
1301 4023 1499 4068 mutata
1529 4014 1581 4068 in
1607 4028 1818 4069 carnem
1854 4013 2102 4068 substan-

530 4099 622 4163 tia.
655 4095 748 4156 sed
777 4111 896 4170 post
932 4113 1202 4172 acceptam
1231 4119 1446 4159 carnem
1486 4104 1574 4159 illa
1612 4106 1803 4160 intacta
1831 4115 2101 4162 manente.

529 4191 682 4258 Quod
710 4192 755 4246 si
785 4192 1031 4258 dixerint,
1067 4195 1229 4249 Deum
1263 4205 1319 4250 ut
1357 4198 1446 4266 qui
1476 4197 1650 4250 omnia
1689 4197 1869 4266 possit,
1905 4197 1957 4252 in
1988 4213 2104 4252 car-

529 4301 654 4340 nem
697 4285 944 4342 decidere
989 4289 1223 4358 potuisse
1269 4305 1282 4340 :
1327 4289 1767 4357 respondebimus
1810 4290 1935 4356 illis,
1982 4305 2104 4345 eum

529 4379 708 4433 omnia
737 4393 892 4448 posse
918 4379 1086 4435 donec
1111 4389 1289 4435 manet
1314 4381 1494 4447 Deus;
1535 4382 1626 4437 sed
1667 4382 1712 4436 si
1755 4383 2100 4437 mutationem

527 4470 820 4535 admiserit,
851 4472 956 4526 imo
982 4474 1328 4528 mutationem
1359 4474 1414 4528 in
1456 4477 1628 4544 pejus,
1657 4475 1924 4544 quomodo
1965 4475 2103 4529 Deus

528 4560 727 4616 fuerit?
748 4561 880 4616 Nam
909 4563 1122 4626 mutari,
1157 4563 1311 4634 longe
1342 4571 1424 4618 est
1452 4564 1520 4618 ab
1561 4566 1844 4618 immortali
1878 4565 1964 4618 illa
2004 4581 2105 4618 na-

530 4661 666 4704 tura.
692 4652 1024 4721 Quapropter
1045 4653 1297 4723 propheta
1325 4653 1533 4709 dicebat
1561 4672 1574 4711 :
1601 4655 1785 4708 Omnes
1804 4657 1931 4709 sicut
1961 4656 2105 4710 vesti-

529 4749 750 4793 mentum
789 4751 1113 4804 veterascent,
1162 4753 1209 4797 et
1246 4744 1373 4798 sicut
1408 4745 1714 4814 aperlorium
1748 4745 1962 4798 mutabis
1995 4760 2098 4809 eos,

527 4838 574 4882 et
603 4835 938 4888 mutabuntur.
975 4832 1055 4887 Tu
1077 4843 1243 4888 autem
1270 4835 1404 4888 idem
1432 4836 1542 4904 ipse
1564 4852 1636 4900 es,
1661 4844 1712 4889 et
1735 4835 1858 4889 anni
1886 4835 1959 4888 tui
2002 4851 2104 4889 non

528 4921 761 4990 deﬁcient
782 4923 948 4994 (Psal.
984 4927 1104 4980 lOI.
1127 4925 1242 4997 27).
1273 4927 1396 4981 Haec
1425 4930 1618 4997 quippe
1645 4929 1938 4983 substantia
1957 4927 2101 4983 omni

526 5013 819 5069 mutatione
857 5016 1098 5085 superior
1135 5026 1235 5071 est.
1282 5016 1464 5088 Neque
1504 5018 1646 5072 aliud
1698 5019 1968 5088 quidpiam
2013 5019 2102 5073 illo

526 5105 717 5161 melius
749 5114 850 5171 est,
882 5117 938 5162 ut
971 5108 1295 5178 proﬁciendo
1333 5112 1498 5181 possit
1537 5110 1603 5166 ad
1631 5111 1758 5166 illud
1801 5112 2098 5182 pervenire.

586 5279 662 5342 (α)
693 5282 774 5330 Hic
803 5278 915 5346 illos
945 5281 1206 5346 insectatur
1226 5283 1498 5340 haereticos,
1519 5284 1604 5346 qui
1641 5290 1871 5344 putarent
1900 5284 2099 5335 simula—

523 5349 622 5390 tam
658 5354 769 5408 ess_e
803 5342 1212 5408 Incarnatjonem;
1239 5358 1415 5408 nempe
1450 5342 1755 5395 simulatione
1791 5353 1840 5394 et
1872 5347 2098 5406 opinione

524 5410 712 5467 tantum
737 5405 783 5451 in
806 5415 953 5452 carne
975 5404 1230 5454 advenisse
1253 5404 1470 5454 Verbum
1516 5408 1816 5465 elfutientes,
1844 5404 1988 5467 dux—ﬁcu
2010 5410 2101 5456 sci-

525 5461 658 5521 licet,
692 5477 801 5521 quaa
827 5479 917 5514 vox
954 5467 1087 5514 initio
1122 5469 1360 5516 nascentis
1394 5468 1616 5516 Ecclesiae
1648 5481 1674 5517 a
1708 5461 2102 5518 novatoribusin-

525 5479 658 5521 licet,
692 5479 801 5572 qua:
827 5479 917 5514 vox
954 5479 1087 5514 mitto
1122 5479 1360 5516 nascentis
1394 5479 1616 5516 Ecclesrae
1648 5481 1674 5517 a
1708 5479 2098 5518 novatormusm-

524 5525 688 5598 ducta”
721 5537 816 5581 urt,
851 5529 1104 5598 utnvideas
1124 5527 1258 5598 apud
1286 5528 1525 5598 ignauum
1561 5529 1773 5591 Epistula
1806 5529 1866 5577 ad
1901 5530 2098 5578 Trallia-

528 5598 633 5651 nos,
661 5589 877 5648 itemque
901 5589 1052 5650 Epist.
1079 5589 1136 5638 ad
1157 5589 1434 5651 Smyrnaaos.
1465 5589 1783 5640 Illam‘autem
1811 5605 1980 5640 vocem
2015 5599 2098 5640 la-

527 5648 632 5724 tin}
653 5648 955 5724 conversam
980 5651 1129 5724 habes
1160 5648 1284 5713 apud
1321 5652 1690 5724 Irenaeumaubi
1724 5651 2099 5724 somethpulative

526 5711 813 5778 exprimitur
837 5711 967 5778 libro
989 5714 1032 5770 ι,
1049 5722 1098 5760 et
1129 5711 1466 5775 sequentibus.
1493 5711 1812 5778 Subiudeque
1829 5711 1911 5765 alii
1934 5722 2099 5765 ssma-

526 5775 631 5820 tres
651 5771 775 5822 hanc
798 5773 1024 5822 haeresim
1044 5771 1496 5832 commemorarunt.

2205 436 2341 503 Quid
2367 437 2486 492 dico
2523 438 2752 494 melius?
2789 440 2927 494 Nihil
2954 441 3004 495 ei
3041 455 3138 511 par
3163 450 3262 508 est,
3306 442 3388 498 vel
3426 443 3689 500 tantillum
3713 463 3776 500 au

2204 530 2351 584 illum
2377 531 2592 586 accedit.
2631 532 2882 602 Sequitur
2901 549 3030 603 ergo
3059 535 3228 604 ipsum
3255 534 3308 588 in
3339 536 3489 605 pejus
3520 547 3777 594 mutatum

2204 634 2323 674 esse
2344 621 2386 674 si
2414 631 2647 676 mutatus
2671 626 2756 677 sit.
2791 623 2901 678 Hoc
2921 634 3100 679 autem
3131 640 3236 679 non
3264 635 3438 695 potest
3466 627 3608 682 Deus
3640 643 3776 683 esse.

2205 711 2309 766 Sed
2345 713 2668 782 blasphemia
2698 716 2750 769 in
2777 725 2934 784 caput
2960 732 3164 782 eorum,
3207 720 3296 786 qui
3336 718 3450 773 haec
3482 719 3778 788 proferunt,

2205 811 2458 857 vertatur.
2481 803 2630 869 Quod
2659 807 2800 860 enim
2839 807 2988 872 illud,
3026 807 3242 862 Factum
3268 819 3365 874 est,
3424 810 3544 864 ideo
3581 811 3780 865 dictum

2204 897 2292 962 sit,
2326 905 2383 952 ut
2408 914 2473 952 ne
2502 898 2833 967 phantasiam
2857 916 2975 956 esse
3000 903 3304 970 suspiceris,
3335 904 3694 959 animadverte
3713 920 3779 958 ex

2205 987 2268 1041 iis
2293 1005 2411 1059 quas
2438 1001 2749 1062 sequuntur,
2781 993 3046 1062 quomodo
3094 1005 3148 1049 et
3180 995 3375 1049 dictum
3408 978 3532 1049 illud
3559 1004 3614 1050 et
3655 1011 3780 1066 pra-

2203 1096 2321 1134 vam
2353 1081 2489 1137 banc
2535 1083 2890 1152 suspicionem
2935 1095 3216 1156 expurget.
3267 1085 3453 1141 Subdit
3501 1089 3664 1150 enim,
3708 1086 3776 1140 Et

2204 1170 2443 1226 habitavit
2466 1173 2520 1227 in
2545 1173 2705 1240 nobis,
2737 1189 2800 1230 ac
2841 1176 2886 1230 si
2915 1174 3115 1232 diceret
3144 1194 3158 1230 :
3188 1177 3327 1231 Nihil
3359 1178 3645 1232 absurdum
3685 1193 3779 1232 su.

2203 1264 2423 1333 spiceris
2444 1279 2509 1319 ex
2529 1265 2631 1322 hoc
2653 1267 2822 1334 dicto,
2850 1267 3066 1323 Factum
3089 1281 3179 1325 est.
3219 1270 3334 1325 Non
3364 1272 3502 1326 enim
3530 1272 3779 1326 immuta-

2203 1354 2324 1408 bilis
2371 1363 2572 1410 natura:
2619 1360 2999 1425 mutationem,
3059 1361 3152 1415 sed
3209 1361 3589 1416 habitationem
3639 1363 3777 1416 dixi.

2204 1444 2467 1502 Habitatio
2485 1456 2663 1502 autem
2707 1465 2814 1504 non
2852 1450 3077 1522 idipsum
3103 1462 3186 1507 est
3228 1453 3368 1522 quod
3397 1453 3774 1518 habitaculum,

2203 1535 2296 1590 sed
2325 1536 2487 1592 aliud.
2514 1538 2668 1594 Aliud
2697 1540 2839 1594 enim
2864 1541 2917 1596 in
2942 1542 3046 1596 alio
3070 1542 3302 1607 habitat;
3335 1543 3467 1598 alias
3500 1544 3638 1597 enim
3667 1560 3774 1598 non

2202 1637 2344 1683 esset
2371 1627 2625 1685 habitatio
2657 1649 2672 1685 :
2701 1632 2833 1686 nihil
2875 1633 3015 1688 enim
3058 1633 3110 1686 in
3155 1635 3332 1704 seipso
3366 1633 3586 1688 habitat.
3618 1633 3776 1689 Aliud

2202 1733 2330 1772 vero
2353 1719 2464 1773 dixi
2490 1721 2777 1776 secundum
2805 1723 3174 1778 substantiam.
3203 1724 3334 1778 Nam
3358 1725 3557 1779 unitate
3579 1733 3631 1779 et
3649 1738 3777 1778 con-

2197 1809 2470 1878 junctione
2498 1812 2637 1867 Deus
2669 1813 2898 1868 Verbum
2930 1823 2982 1869 et
3005 1831 3130 1869 caro
3153 1831 3314 1870 unum
3336 1825 3461 1870 sunt
3487 1834 3501 1870 :
3529 1817 3643 1870 sine
3673 1817 3775 1870 ulia

2202 1899 2529 1967 confusione,
2549 1903 2632 1958 vel
2654 1905 3064 1960 substantiarum
3088 1907 3372 1971 ablatione,
3396 1906 3487 1961 sed
3509 1922 3598 1975 per
3620 1905 3775 1960 unio-

2204 2008 2324 2048 nem
2345 1990 2663 2051 ineffabilem
2702 1997 3249 2068 inexplicabilemque.
3290 1999 3565 2065 Quomodo
3599 2008 3774 2053 autem

2203 2085 2254 2138 id
2299 2087 2394 2149 ﬁat
2443 2103 2510 2141 ne
2547 2104 2787 2158 quaeras;
2834 2089 3029 2145 factum
3058 2102 3139 2145 est
3167 2091 3307 2146 enim
3354 2102 3411 2144 ut
3451 2091 3564 2159 ipse
3608 2091 3772 2144 novit.

2203 2176 2480 2244 Quodnam
2514 2194 2640 2249 ergo
2680 2179 2777 2234 fuit
2824 2180 3202 2245 habitaculum,
3246 2182 3299 2234 in
3341 2196 3446 2252 quo
3487 2181 3775 2235 habitavit?

2203 2269 2340 2324 Audi
2385 2269 2696 2340 prophetam
2742 2271 3005 2326 dicentem
3051 2289 3064 2325 :
3108 2271 3370 2326 Suscilabo
3400 2270 3776 2326 tabernaculum

2203 2359 2391 2429 David,
2414 2363 2548 2433 quod
2574 2364 2749 2418 cecidit
2769 2364 2965 2434 (Amos.
2988 2365 3040 2420 9.
3071 2365 3178 2435 ll).
3210 2364 3348 2419 Vere
3375 2380 3605 2434 namque
3629 2364 3774 2419 ceci-

2203 2453 2299 2516 dit,
2325 2455 2517 2509 cecidit
2551 2465 2735 2510 natura
2766 2467 2942 2511 nostra
2992 2472 3120 2511 casu
3149 2457 3446 2522 incurabili,
3491 2466 3542 2511 et
3569 2458 3771 2526 potenti

2205 2546 2294 2601 illa
2322 2563 2479 2601 manu
2507 2548 2620 2603 sola
2645 2549 2854 2619 egebat.
2887 2549 3067 2620 Neque
3087 2551 3225 2604 enim
3257 2560 3464 2619 poterat
3487 2550 3592 2604 alio
3616 2549 3775 2603 modo

2204 2656 2503 2711 resurgere,
2532 2644 2634 2696 nisi
2665 2642 2710 2698 is
2736 2645 2825 2713 qui
2853 2643 2903 2697 in
2931 2643 3188 2713 principio
3216 2643 3356 2696 illam
3383 2642 3771 2704 eﬂ‘ormaverat,

2206 2731 2304 2802 ipsi
2337 2749 2549 2787 manum
2573 2735 2917 2803 perrexisset,
2943 2744 2994 2789 et
3013 2750 3242 2804 superne
3269 2735 3410 2788 illam
3437 2736 3775 2788 reformasset

2207 2839 2301 2891 per
2328 2840 2478 2894 aqua:
2518 2827 2970 2895 regenerationem
3013 2835 3067 2880 et
3102 2826 3347 2895 Spiritus.
3379 2825 3446 2879 Et
3486 2823 3604 2878 vide
3644 2822 3773 2878 mihi

2206 2915 2529 2972 horrendum
2557 2925 2610 2971 et
2633 2932 2882 2972 arcanum
2904 2917 3234 2990 mysterium.
3257 2917 3479 2986 Semper
3496 2916 3695 2970 habitat
3720 2913 3772 2968 iu

2207 3006 2309 3062 hoc
2361 3009 2701 3065 tabernaculo
2735 3031 2748 3066 :
2779 3025 2994 3065 carnem
3049 3009 3245 3079 quippe
3297 3018 3528 3062 nostram
3583 3007 3772 3071 induit,

2206 3115 2312 3155 non
2341 3111 2399 3156 ut
2432 3111 2613 3171 postea
2655 3102 2996 3173 relinqueret,
3042 3102 3134 3156 sed
3166 3101 3306 3155 illam
3346 3115 3557 3170 semper
3593 3114 3773 3154 secum

2206 3193 2501 3249 habiturus.
2532 3193 2640 3248 Nisi
2671 3195 2814 3249 enim
2835 3193 2938 3249 hoc
2955 3202 3118 3256 esset,
3149 3207 3252 3247 non
3284 3192 3425 3246 illam
3457 3190 3602 3261 regio
3639 3188 3775 3244 solio

2207 3288 2451 3359 dignatus
2466 3297 2628 3354 esset,
2652 3303 2822 3358 neque
2840 3287 3003 3357 ipsam
3026 3285 3202 3340 ferens
3219 3285 3531 3338 adoraretur
3545 3283 3614 3337 ab
3631 3282 3773 3338 omni

2205 3381 2402 3436 caelesti
2447 3381 2706 3446 exercitu,
2747 3379 2815 3432 ab
2855 3378 3075 3448 angelis,
3123 3375 3493 3446 archangelis,
3547 3374 3769 3436 thronis,

2206 3471 2688 3539 dominationibus,
2747 3471 3166 3543 principatibus,
3225 3469 3590 3539 potestatibus.
3646 3466 3776 3534 Quis

2206 3579 2404 3628 sermo,
2429 3581 2546 3635 quae
2569 3580 2739 3626 mens.
2775 3575 2975 3619 tantum
3017 3563 3161 3616 illum
3189 3561 3443 3615 honorem
3474 3560 3651 3630 generi
3679 3575 3775 3613 no-

2206 3665 2318 3712 stro
2339 3657 2610 3722 collatum,
2659 3654 3116 3725 supernaturalem
3167 3654 3311 3707 illum
3356 3661 3409 3706 ct
3453 3650 3773 3706 horrendum

2205 3748 2473 3818 explicare
2504 3748 2732 3817 poterit?
2781 3747 2908 3814 Quis
2951 3745 3202 3816 angelus?
3229 3744 3348 3814 quis
3385 3742 3775 3812 archangelus?

2205 3840 2392 3895 Nullus
2419 3856 2637 3912 usquam
2663 3841 2745 3895 vel
2773 3841 2824 3894 in
2853 3840 2984 3895 czelo
3013 3839 3094 3893 vel
3135 3838 3187 3892 in
3217 3847 3378 3894 terra.
3407 3837 3552 3891 Talia
3581 3839 3776 3906 quippe

2207 3942 2331 3988 sunt
2352 3933 2445 3988 Dei
2475 3949 2658 4004 opera,
2685 3942 2827 3988 tanta
2855 3942 3067 4002 tamque
3091 3931 3508 4001 supernaturalia
3534 3931 3648 3998 ejus
3680 3929 3774 3983 be-

2207 4025 2415 4090 neﬁcia,
2441 4035 2497 4080 ut
2522 4042 2626 4081 non
2655 4025 2813 4080 modo
2833 4024 3115 4080 humanam
3140 4024 3391 4093 linguam,
3414 4022 3506 4076 sed
3533 4029 3588 4077 et
3611 4035 3775 4090 ange-

2206 4117 2360 4172 licam
2406 4117 2654 4172 virtutem
2708 4125 2923 4187 superet
2974 4131 3160 4172 eorum
3217 4123 3460 4169 accurata
3521 4113 3771 4168 narratio.

2207 4208 2560 4276 Quamobrem
2590 4223 2687 4264 nos
2715 4208 3024 4263 concionem
3048 4207 3183 4260 hanc
3204 4205 3416 4260 silentio
3444 4203 3771 4270 clandemus,

2207 4317 2326 4357 cum
2366 4317 2461 4357 vos
2507 4303 2888 4368 monuerimus,
2929 4311 2990 4356 ut
3032 4300 3354 4355 benefactori
3410 4308 3556 4353 tanto
3602 4299 3772 4352 vicem

2206 4395 2529 4464 rependatis,
2558 4394 2710 4462 cujus
2741 4395 2820 4449 rei
2846 4394 3049 4448 lucrum
3090 4401 3258 4446 totum
3291 4391 3442 4445 nobis
3473 4399 3653 4460 postea
3683 4405 3773 4444 re-

2207 4485 2483 4554 pendatur.
2500 4485 2681 4540 Vicem
2699 4494 2872 4538 autem
2891 4482 3245 4552 rependimus,
3270 4483 3312 4535 si
3331 4497 3570 4551 magnam
3585 4481 3775 4535 animae

2208 4585 2403 4630 nostrze
2451 4590 2631 4629 curam
2677 4574 2988 4629 habeamus.
3035 4573 3167 4627 Nam
3197 4581 3250 4628 et
3287 4571 3390 4626 hoc
3438 4572 3776 4641 benignitatis

2207 4671 2348 4725 illius
2377 4685 2510 4740 Opus
2554 4680 2657 4735 est,
2708 4679 2764 4723 ut
2803 4684 2924 4723 cum
2973 4668 3116 4722 nullo
3167 4675 3408 4721 nostrum
3455 4675 3625 4735 egeat,
3674 4665 3773 4719 sibi

2206 4763 2373 4818 vicem
2401 4761 2618 4831 rependi
2657 4761 2818 4821 dicat,
2863 4776 2983 4815 cum
3023 4775 3120 4814 nos
3146 4759 3375 4813 animam
3403 4767 3638 4812 nostram
3670 4771 3774 4811 non

2207 4854 2540 4924 negligimus.
2569 4851 2921 4918 Quamobrem
2950 4861 3204 4904 extremae
3240 4849 3486 4903 amentiae
3525 4858 3687 4912 esset,
3725 4859 3778 4902 et

2205 4943 2495 4998 innumeris
2514 4943 2727 5013 dignum
2751 4942 3040 5011 suppliciis,
3073 4949 3274 4994 tantum
3295 4947 3650 5008 consequutus
3682 4937 3779 4991 ho-

2207 5051 2412 5099 norem,
2445 5049 2548 5088 non
2576 5049 2637 5088 ea
2663 5049 2782 5103 qum
2805 5047 2966 5102 penes
2997 5047 3092 5086 nos
3119 5039 3244 5085 Slll'll
3265 5029 3488 5094 referre,
3519 5043 3643 5084 cum
3667 5044 3779 5083 ma-

2205 5127 2347 5180 xime
2391 5133 2496 5180 tota
2538 5125 2615 5180 rei
2659 5125 2856 5179 utilitas
2885 5125 2937 5178 in
2976 5139 3074 5178 nos
3101 5121 3381 5184 redundet,
3418 5130 3471 5174 et
3499 5120 3775 5174 innumera

2207 5219 2358 5272 nobis
2384 5218 2436 5272 in
2462 5216 2618 5285 hujus
2643 5217 2720 5270 rei
2753 5215 3052 5271 mercedem
3074 5214 3307 5282 reposita
3338 5213 3476 5266 bona
3517 5215 3642 5265 sint.
3676 5211 3778 5264 Pro

2206 5309 2287 5364 his
2320 5325 2447 5364 vero
2494 5309 2737 5363 omnibus
2784 5307 3010 5377 gloriam
3059 5305 3350 5360 referamus
3400 5303 3768 5372 benignissimc

2206 5401 2334 5466 Deo,
2365 5417 2468 5455 non
2491 5401 2668 5454 verbis
2697 5409 2919 5458 tantum,
2962 5397 3055 5451 sed
3094 5397 3261 5451 multo
3298 5395 3464 5464 magis
3501 5393 3771 5463 operibus,

2205 5501 2263 5546 ut
2293 5493 2464 5546 futura
2511 5505 2900 5559 consequamur
2946 5487 3081 5541 bona
3121 5506 3134 5540 :
3173 5502 3292 5557 qute
3342 5487 3542 5538 utinam
3586 5497 3775 5537 omnes

2205 5581 2577 5649 adipiscamur,
2611 5580 2778 5649 gratia
2806 5589 2859 5632 et
2886 5577 3206 5647 benignitate
3237 5576 3441 5629 Domini
3467 5575 3632 5628 nostri
3651 5573 3773 5627 lesu

2203 5670 2422 5736 Christi,
2449 5686 2543 5739 per
2567 5684 2724 5739 quem
2751 5678 2804 5723 et
2842 5683 2961 5721 cum
2990 5683 3096 5736 quo
3122 5665 3261 5720 Patri
3290 5665 3479 5733 gloria,
3510 5664 3774 5733 simulque

2205 5763 2424 5836 Spiritui
2445 5774 2651 5831 sancto,
2681 5764 2734 5818 in
2762 5761 2953 5818 saecula
2984 5759 3318 5816 saeculorum.
3352 5762 3542 5813 Amen.
