4074 6374
340 348 416 403 79
1475 354 1542 410 IN
1573 351 1886 410 ΙΟΑΝΝΕΜ

2001 354 2159 410 )MIL.
2206 357 2293 413 ΧΙ.
2336 360 2405 414 al.
2440 358 2505 413 Χ.
3509 361 3578 414 8η

341 470 590 525 καθεῖναι
634 470 724 524 τὸν
762 471 936 541 λόγον.
983 473 1140 526 Ἀλλά
1184 472 1526 543 διανάστητε,
1563 471 1704 526 ὥστε
1739 470 1906 543 μηδὲν

338 554 486 623 ὑμᾶς
514 554 625 607 τῶν
649 553 955 626 λεγομένων
988 556 1294 627 παρελθεῖν.
1328 556 1437 609 Καί
1466 559 1499 609 ό
1527 557 1713 624 Λόγος
1747 555 1904 621 σὰρξ

335 636 596 705 ἐγένετο,
625 639 775 707 φησί,
804 639 906 693 καὶ
934 640 1292 706 ἐσκήνωσεν
1323 639 1395 692 ἐν
1424 638 1587 707 ἡμῖν.
1611 636 1794 690 Εἰπὼν
1821 639 1901 689 ὅτι

336 720 405 773 ἐκ
435 719 570 773 Θεοῦ
611 721 980 792 ἐγεννήθησαν
1022 723 1071 775 οἱ
1112 721 1370 785 λαϐόντες
1400 720 1583 786 αὐτὸν,
1614 721 1706 774 καὶ
1739 719 1905 773 τέκνα

337 802 475 856 Θεοῦ
507 805 786 872 γεγόνασι,
816 806 915 875 τῆς
940 806 1147 875 ἀφάτου
1186 806 1391 876 ταύτης
1414 805 1580 877 τιμῆς
1605 804 1783 875 τίθησι
1809 802 1906 874 τὴν

337 888 516 940 αἰτίαν
547 889 640 941 καὶ
673 888 768 959 τὴν
804 890 1078 943 ὑπόθεσιν.
1104 888 1253 959 Αὕτη
1290 889 1345 941 δέ
1377 890 1514 951 ἐστι,
1549 888 1608 941 τὸ
1652 887 1906 957 γενέσθαι

338 970 519 1040 σάρκα
548 974 638 1027 τὸν
661 975 850 1042 Λόγον,
886 975 980 1028 καὶ
1009 974 1106 1046 τὴν
1127 974 1221 1028 τοῦ
1250 974 1435 1027 δούλου
1467 975 1677 1046 μορφὴν
1709 974 1906 1027 ἀναλα-

336 1053 453 1107 ϐεῖν
498 1056 589 1109 τὸν
637 1058 933 1127 Δεσπότην.
988 1057 1234 1126 Ἐγένετο
1261 1057 1370 1129 7&9
1416 1056 1543 1121 Υίὸς
1595 1056 1903 1128 ἀνθρώπου,

336 1138 473 1190 Θεοῦ
502 1142 719 1210 γνήσιος
751 1140 825 1193 ὢν
856 1142 1002 1207 Υίὸς,
1034 1143 1118 1195 ἵνα
1146 1143 1271 1206 τοὺς
1301 1141 1408 1194 τῶν
1430 1140 1733 1211 ἀνθρώπων
1755 1140 1903 1203 υἱοὺς

338 1220 507 1273 τέκνα
532 1224 729 1293 ποιήσῃ
753 1223 909 1276 Θεοῦ.
937 1226 1009 1278 Τὸ
1032 1226 1139 1297 7&9
1162 1225 1363 1295 ὑψηλὸν
1382 1224 1460 1295 τῷ
1488 1223 1726 1294 ταπεινῷ
1746 1240 1907 1293 προσο

336 1302 581 1371 ομιλοῦν,
607 1305 738 1357 αὐτὸ
771 1307 869 1374 μὲν
890 1307 1038 1360 οὐδεν
1065 1310 1143 1371 εἰς
1166 1308 1264 1377 τὴν
1292 1307 1496 1360 οίκείαν
1524 1306 1905 1378 παραϐλάπτε-

335 1404 428 1441 ται
457 1389 616 1453 δόξαν
633 1404 651 1421 θ
678 1390 853 1442 ἐκεῖνο
880 1391 934 1443 δὲ
960 1392 1066 1445 ἀπὸ
1088 1392 1185 1462 τῆς
1219 1392 1418 1462 πολλῆς
1443 1391 1690 1462 ἀνίστησι
1714 1407 1907 1444 ταπειο

335 1473 581 1544 νότητος.
622 1474 798 1546 Ὅπερ
825 1472 919 1530 οὐν
942 1476 1033 1530 καὶ
1062 1478 1151 1529 ἐπὶ
1172 1478 1266 1529 τοῦ
1294 1476 1528 1548 Χριστοῦ
1556 1476 1764 1544 γέγονε.
1793 1475 1904 1547 Τήν

334 1573 396 1609 τε
424 1558 535 1628 γὰρ
581 1558 719 1612 ἰδίαν
750 1558 912 1629 φύσιν
939 1560 1089 1613 οὐδὲν
1112 1560 1220 1614 ἀπὸ
1260 1560 1465 1630 ταύτης
1488 1559 1765 1628 ἠλάττωσε
1804 1559 1904 1628 τῆς

334 1640 693 1706 καταϐάσεως
728 1655 779 1706 ι,
814 1644 964 1713 ἡμᾶς
1007 1660 1067 1696 τε
1104 1644 1231 1703 τοὺς
1277 1643 1566 1705 διαπαντὸς
1610 1643 1667 1695 ἐν
1719 1641 1906 1715 ἀδοξίᾳ

334 1725 679 1794 καθημένους
703 1726 797 1779 καὶ
818 1743 1012 1797 σκοτῳ,
1035 1726 1169 1798 πρὸς
1190 1726 1347 1792 δόξαν
1374 1727 1581 1796 ἄφατον
1604 1726 1901 1795 ἀνήγαγεν.

334 1808 496 1863 Οὑτω
525 1826 629 1862 που
664 1810 759 1864 καὶ
788 1808 1041 1878 βασιλεὺς
1069 1810 1269 1882 πτωχῷ
1298 1810 1394 1864 καὶ
1444 1809 1634 1881 πένητι
1661 1809 1905 1878 διαλεγόο

338 1912 499 1962 μενος
534 1892 673 1962 μετά
708 1892 939 1962 σπουδῆς
979 1893 1073 1946 καὶ
1105 1893 1336 1959 εὐνοίας,
1380 1894 1571 1947 ἐαυτὸν
1622 1893 1719 1965 μὲν
1750 1893 1903 1947 οὐδὲν

332 1976 587 2046 1ᾔσχυνεν,
613 1977 818 2028 ἐκεῖνον
848 1974 904 2027 δὲ
933 1976 1082 2047 παρά
1113 1977 1245 2029 πᾶσι
1270 1974 1625 2047 περίϐλεπτον
1648 1977 1903 2047 ἐποίησεν

334 2054 471 2109 εἶναι
504 2055 597 2108 καί
626 2056 896 2127 λαμπρόν.
941 2057 1007 2110 Εί
1047 2057 1103 2111 δέ
1147 2059 1239 2111 ἐπὶ
1276 2058 1377 2128 τῆς
1436 2058 1758 2113 ἐπεισάκτου
1797 2058 1904 2112 τῶν

333 2136 639 2207 ἀνθρώπων
672 2138 828 2205 ἀξίας
873 2139 1025 2194 οὐδὲν
1064 2140 1155 2193 τὸν
1193 2141 1539 2213 ἐντιμότερον
1577 2145 1611 2213 ἡ
1644 2142 1780 2213 πρὸς
1814 2142 1903 2195 τὸν

332 2221 715 2291 εὐτελέστερον
759 2221 943 2292 ὁμιλία
983 2223 1320 2293 παρέϐλαψε,
1358 2222 1537 2294 πολλῷ
1567 2223 1767 2294 μᾶλλον
1813 2224 1905 2276 ἐπὶ

331 2304 433 2375 τῆς
474 2305 756 2376 ἀκηράτου
806 2306 901 2358 καὶ
959 2306 1233 2375 μακαρίας
1289 2306 1505 2377 ἐκείνης
1546 2307 1753 2371 οὐσίας,
1805 2310 1904 2378 τῆς

331 2388 657 2442 ἐπείσακτον
696 2388 794 2459 μέν
835 2387 1064 2458 ἐχούσης
1096 2389 1286 2453 οὐδὲν,
1317 2389 1439 2443 οὐδὲ
1480 2389 1762 2461 γινόμενον
1810 2392 1904 2443 καὶ

331 2472 754 2541 ἀπογινόμενον,
808 2472 987 2526 πάντα
1024 2472 1081 2525 δὲ
1110 2472 1451 2544 κεκτημένης
1489 2473 1517 2513 δ
1550 2473 1780 2544 ἀκίνητα
1813 2475 1905 2527 καὶ

331 2556 621 2623 πεπηγότα
645 2555 725 2617 είς
754 2554 909 2619 τέλος
954 2554 1021 2607 τά
1050 2553 1248 2623 ἀγαθά.
1283 2556 1442 2609 Ὥστε
1472 2556 1600 2611 ὅταν
1641 2556 1900 2629 ἀκούσῃς,

330 2639 413 2690 ὅτι
468 2640 532 2691 '0
574 2640 755 2707 λόγος
794 2637 952 2705 σὰρξ
995 2638 1250 2708 ἐγένετο,
1292 2639 1369 2709 μὴ
1403 2640 1729 2713 θορυϐηθῇς,
1769 2641 1903 2711 μηδὲ

332 2720 676 2792 καταπέσῃς.
705 2720 840 2774 Οὐδὲ
881 2720 989 2791 γὰρ
1024 2723 1055 2793 ἡ
1085 2722 1241 2776 οὐσία
1288 2722 1585 2792 μετέπεσεν
1615 2727 1694 2786 εἰς
1728 2724 1904 2795 σάρκα

332 2803 512 2871 (τοῦτο
541 2803 651 2875 γάρ
680 2803 847 2866 ὅντως
874 2804 1069 2868 ἀσεϐές
1099 2807 1215 2858 ἐστι
1264 2806 1356 2859 καὶ
1393 2804 1508 2878 [64]
1546 2806 1796 2875 ἐννοῆσαι
1829 2808 1898 2877 ⁴⁵),

330 2886 468 2941 αλλά
498 2889 738 2959 μένουσα
769 2888 905 2960 ὅπερ
946 2888 1111 2952 ἐστὶν,
1139 2886 1281 2941 οὑτω
1306 2888 1399 2942 τοῦ
1433 2888 1617 2942 δούλου
1645 2891 1742 2959 τὴν
1773 2907 1903 2961 μορ-

337 2973 442 3043 φὴν
480 2973 729 3025 ἀνέλαϐε.

399 3062 471 3136 β’.
490 3063 646 3126 Τίνος
667 3060 759 3118 οῦν
776 3065 959 3118 ἕνεκεν
981 3064 1059 3136 τῷ
1090 3063 1359 3133 Ἐγένετο
1381 3064 1643 3137 κέχρηται
1664 3065 1899 3135 ρήματι;

330 3147 411 3201 Τά
432 3147 543 3201 τῶν
572 3148 862 3219 αἱρετικῶν
890 3149 1216 3219 ἐμφράττων
1244 3148 1504 3218 στόματα.
1546 3148 1758 3219 Ἐπειδὴ
1793 3148 1901 3219 7&9

333 3232 474 3284 εἰσὶν
504 3233 555 3284 οί
589 3230 861 3300 λέγοντες,
889 3232 969 3284 ὃτι
1002 3232 1267 3299 φαντασία
1290 3248 1373 3293 τις
1403 3225 1470 3300 ἦν
1495 3231 1587 3282 καὶ
1616 3231 1902 3301 ὑπόκρισις

331 3317 427 3368 καὶ
450 3316 679 3369 ὑπόνοια
694 3316 765 3369 τὰ
788 3317 886 3385 τῆς
914 3316 1222 3386 οἰκονομίας
1241 3315 1476 3377 ἅπαντα,
1495 3314 1699 3368 ἀνωθεν
1720 3313 1900 3368 αὐτῶν

330 3398 677 3470 προαναιρῶν
706 3399 803 3469 τὴν
835 3400 1201 3469 βλασφημίαν,
1229 3399 1290 3453 τὸ
1335 3400 1602 3467 Ἐγένετο
1620 3397 1863 3451 τέθεικεν
1882 3413 1896 3427 ⁸

328 3482 391 3534 οὐ
427 3481 731 3552 μεταϐολὴν
764 3482 971 3547 οὐσίας,
1019 3484 1219 3551 ἄπαγε,
1252 3481 1385 3536 ἀλλά
1417 3482 1617 3554 σαρκὸς
1642 3480 1900 3551 ἀληθινῆς

330 3566 600 3634 ἀνάληψιν
638 3566 986 3636 παραστῆσαι
1030 3565 1369 3636 βουλόμενος.
1395 3565 1605 3635 Ὠσπερ
1635 3564 1743 3634 7&9
1772 3565 1899 3616 ὅταν

329 3648 485 3720 λέγῃ,
522 3649 777 3714 Χριστὸς
810 3649 964 3717 ἡμᾶς
998 3649 1370 3717 ἐξηγόρασεν
1408 3648 1475 3701 ἐκ
1512 3646 1620 3715 τῆς
1643 3646 1900 3714 κατάρας

328 3734 437 3786 τοῦ
464 3734 673 3801 νόμου,
702 3733 1021 3802 γενόμενος
1037 3733 1190 3801 ὑπὲρ
1213 3734 1380 3801 ἡμῶν
1400 3733 1643 3801 κατάρα,
1666 3732 1725 3784 οὐ
1744 3729 1900 3784 τοῦτὸ

330 3833 520 3885 φησιν,
549 3818 631 3869 ὃτι
648 3818 681 3886 ἡ
714 3816 867 3869 οὐσία
887 3816 1073 3878 αὐτοῦ,
1091 3816 1187 3886 τῆς
1200 3816 1401 3879 οἰκείας
1421 3816 1700 3869 ἀποστᾶσα
1720 3814 1897 3885 δόξης,

329 3901 410 3961 εἰς
441 3900 687 3970 κατάραν
717 3897 951 3969 οὐσιώθη
969 3916 982 3928 ·
1006 3897 1161 3951 τοῦτο
1180 3898 1287 3969 7&9
1311 3898 1416 3951 οὐδ’
1451 3898 1516 3951 ἂν
1539 3898 1788 3966 δαίμονες
1816 3898 1901 3949 ἐν·

328 3984 605 4052 νοήσαιεν,
635 3982 823 4047 οὐτεοί
860 3981 1063 4054 σφόδρα
1090 3982 1308 4052 ἀνόητοι
1327 3980 1421 4034 καὶ
1448 3980 1713 4034 τῶνκατά
1742 3979 1899 4050 φύσιν

327 4067 768 4138 ἀπεστερημένοι
820 4067 1059 4138 φρενῶν’
1106 4065 1370 4137 τοσαύτην
1408 4065 1520 4136 ἔχει
1556 4065 1583 4105 ά
1614 4066 1753 4137 μετά
1801 4066 1900 4136 τῆς

329 4149 584 4214 ἀσεϐείας
611 4154 705 4205 καὶ
737 4153 834 4222 τὴν
863 4152 1161 4222 παράνοιαν
1180 4167 1196 4182 ο
1242 4151 1301 4203 οὐ
1331 4150 1394 4221 δὴ
1423 4149 1581 4203 τοῦτο
1609 4146 1701 4204 οὖν
1726 4149 1897 4217 λέγει,

330 4233 446 4289 ἀλλ’
477 4237 558 4290 ὅτι
579 4237 679 4307 τὴν
709 4238 829 4290 καθ’
855 4237 1011 4309 ἡμῶν
1030 4237 1270 4308 κατάραν
1287 4236 1595 4304 δεξάμενος,
1619 4236 1717 4289 οὐκ
1735 4236 1899 4307 ἀφίη-

330 4337 415 4372 σιν
441 4322 474 4391 ἡ
482 4323 587 4390 μᾶς
604 4321 909 4391 ἐπαράτους
933 4315 1070 4373 εἶναι
1090 4320 1273 4375 λοιπόν
1290 4337 1303 4348 ·
1323 4319 1463 4373 οὑτω
1477 4320 1541 4390 δὴ
1556 4319 1649 4372 καὶ
1666 4320 1897 4373 ἐνταῦθα

333 4406 530 4474 σάρκα,
575 4406 761 4472 φησὶν,
795 4405 955 4458 αὐτὸν
996 4405 1265 4473 γενέσθαι,
1305 4404 1366 4457 οὐ
1408 4405 1776 4475 μεταϐαλόντα
1818 4407 1898 4469 εἰς

334 4490 518 4559 σάρκα
538 4490 639 4559 τὴν
657 4490 865 4553 οὐσίαν,
892 4488 1007 4542 ἀλλ’
1036 4488 1372 4542 ἀναλαϐόντα
1396 4489 1584 4560 αὐτὴν,
1617 4490 1897 4558 ἀνεπάφου

337 4571 606 4640 μενούσης
638 4572 873 4640 ἐκείνης.
907 4571 968 4625 Εἰ
992 4571 1047 4625 δέ
1075 4572 1305 4640 λέγοιεν,
1328 4573 1408 4625 ὃτι
1431 4571 1562 4636 Θεὸς
1589 4570 1663 4625 ὢν
1686 4572 1898 4625 ἅπαντα

324 4655 575 4718 δύναται,
620 4652 762 4707 ὥστε
803 4655 897 4707 καὶ
939 4657 1018 4718 εἰς
1066 4656 1243 4727 σάρκα
1284 4657 1609 4726 μεταπεσεῖν
1642 4655 1893 4709 ἐδύνατοο

325 4740 505 4793 ἐκεῖνο
534 4740 671 4808 πρὸς
701 4740 898 4802 αὐτοὺς
927 4739 1177 4810 ἐροῦμεν,
1198 4739 1279 4792 ὃτι
1302 4739 1477 4792 πάντα
1509 4739 1762 4805 δύναται,
1793 4738 1898 4802 ἕως

324 4822 391 4876 ἄν
425 4823 563 4893 μένῃ
585 4822 718 4885 Θεὸς
740 4821 814 4873 ὢν
837 4839 851 4854 ·
876 4820 1001 4875 εἰδὲ
1028 4822 1328 4894 μεταϐολὴν
1352 4821 1589 4887 ἐδέξατο,
1612 4824 1707 4877 καὶ
1735 4840 1898 4892 μετα-

326 4908 489 4978 ϐολὴν
524 4910 618 4961 ἐπὶ
648 4908 710 4961 τὸ
741 4909 945 4979 χεῖρον,
972 4906 1088 4969 πῶς
1104 4905 1169 4959 ἂν
1191 4907 1274 4977 εῖη
1305 4905 1433 4970 Θεὸς
1459 4922 1473 4972 ;
1505 4905 1578 4960 Τὸ
1596 4906 1704 4977 7&9
1732 4922 1897 4977 μετα-

327 4990 639 5051 ϐάλλεσθαι,
674 4991 862 5063 πόρρω
882 4990 981 5061 τῆς
1013 4988 1286 5059 ἀκηράτου
1310 4988 1523 5059 φύσεως
1543 4990 1775 5059 ἐκείνης.
1805 4988 1895 5042 Διὸ

326 5076 422 5129 καὶ
452 5077 483 5127 0
506 5075 801 5147 Προφήτης
818 5074 968 5143 ἔλεγε
983 5089 997 5105 ⁸
1025 5072 1253 5140 Πάντες
1270 5074 1350 5140 ὡς
1382 5072 1612 5142 ίμάτιον
1632 5076 1891 5127 παλαιωο

325 5160 639 5224 θήσονται,
678 5158 775 5211 καί
812 5158 953 5211 ὡσεί
991 5158 1369 5227 περιϐόλαιον
1400 5156 1620 5223 ἑλίξεις
1648 5156 1889 5223 αὐτοὺς,

326 5242 422 5296 καί
442 5240 1010 5309 ἀλλαγήσονται.Σὺ
1033 5240 1102 5294 δὲ
1119 5242 1151 5294 0
1162 5241 1343 5305 αὐτὸς
1358 5236 1430 5303 εἷ,
1448 5240 1546 5292 καὶ
1568 5240 1641 5295 τὰ
1655 5238 1762 5307 ἔτη
1774 5255 1893 5294 σου

328 5331 439 5383 οὐκ
456 5329 835 5395 hasty-ovat.
867 5327 1053 5396 Πάσης
1079 5325 1187 5398 7&9
1207 5325 1455 5396 ἀνωτέρα
1477 5336 1503 5366 ο
1534 5324 1833 5395 μεταϐολῆς
1856 5326 1890 5393 ἡ

327 5413 482 5466 οὐσία
514 5410 676 5482 αὑτη.
708 5408 846 5462 υύτε
875 5409 984 5481 γὰρ
1002 5409 1247 5480 κρεῖττόν
1267 5410 1320 5461 τί
1349 5409 1497 5463 ἐστιν
1527 5406 1713 5471 αὐτοῦ,
1752 5406 1893 5462 ὥστε

328 5495 676 5568 προκόψαντα
694 5494 853 5549 αὐτὸν
872 5495 966 5546 ἐπὶ
991 5492 1151 5546 τοῦτο
1168 5491 1361 5546 ἐλθεῖν.
1382 5492 1447 5545 Τί
1462 5492 1603 5561 λέγω
1618 5493 1859 5563 κρεῖττον
1875 5508 1889 5555 ;

385 5637 412 5667 ³
436 5634 521 5701 Sic
564 5634 737 5701 Μαι-ει.
765 5637 819 5701 εἰ
835 5645 955 5701 φεξ.
978 5630 1140 5701 8³νῆΖ
1604 5626 1660 5701 *δ
1680 5627 1893 5701 .Sic‘ﬂ'o-

327 5701 414 5747 νει.
441 5699 555 5747 Sav.
588 5699 745 5744 πάντα
766 5696 820 5745 δέ
836 5695 1052 5758 ἐχούσης.
1119 5693 1141 5722 ε
1167 5690 1277 5758 δον.
1304 5690 1448 5758 τοῦτο
1465 5692 1556 5758 γᾴρ
1572 5695 1656 5758 τῆς
1673 5690 1893 5758 ἀσεϐείᾳ

331 5762 451 5822 ίστὶν
492 5761 729 5822 ἐννοῆσαι,
762 5752 981 5822 μοδίξυςυ
1023 5757 1071 5805 in
1103 5756 1343 5822 myg‘lnq.
1416 5752 1445 5791 ἀ
1475 5752 1644 5822 μ-ὸτει.
1673 5752 1889 5822 e}

333 5821 437 5892 795,
599 5810 727 5892 έχειξ
758 5818 905 5891 δξνὶι.
933 5819 1104 5892 ἕχον...
1127 5828 1150 5856 ο
1164 5810 1391 5892 ᾗωτέρω
1407 5813 1668 5892 Ἧὶριωῖὶ
1694 5810 1713 5851 ί
1736 5812 1887 5892 ξινξι.

334 5874 536 5952 ﬂebam.
554 5874 672 5952 ﬁiﬁ.
698 5880 929 5952 ’κρεῖττον
942 5874 989 5937 ;”
1002 5879 1112 5952 ἀλλ’,
1130 5877 1237 5952 οὐδὲ
1254 5874 1510 5952 ἴσονεὶοὖδέ
1534 5874 1698 5952 μιχθὲν

337 5892 381 5929 rt
400 5892 536 5932 cum.
566 5892 672 5930 cm.
720 5895 956 5941 κρειττσν;
1002 5892 1112 5951 an."
1130 5892 1237 5925 ουοε
1257 5892 1377 5933 ισον,
1401 5892 1510 5926 ουοε
1569 5892 1698 5945 αρτ]
1738 5892 1887 5952 εγγυς.

337 5942 528 6015 [λύκοῦν.
554 5942 729 5993 Ilorel.
754 5944 990 6005 κρεῖττον;
1014 5940 1146 5988 οὐδεν
1168 5939 1403 6001 ίσον,οὐδέ
1426 5892 1591 6002 μικρὸν
1605 5952 1717 5999 γουν
1740 5939 1887 6003 αυτῷ·

331 6022 513 6056 σσιονν.

1262 5766 1343 5802 ne.
1416 5750 1445 5791 ἀ

2010 471 2172 526 Οὐδέν
2206 473 2336 532 ἴσον.
2371 476 2492 529 οὐδὲ
2509 474 2701 548 μικρὸν
2720 473 2905 543 ἐγγύς.
2927 472 3135 528 Οὐκοῦν
3164 471 3185 511 τ
3214 471 3457 527 λείπεται
3478 474 3577 545 τὴν

2008 556 2100 607 ἐπὶ
2118 555 2179 609 τὸ
2208 560 2390 629 χεῖρον
2420 558 2582 612 αὐτὸν
2613 555 2866 623 δέξασθαι
2895 556 3217 629 μεταϐολὴν,
3238 560 3292 612 εῑ
3310 574 3375 625 γε
3409 574 3575 625 μετα-

2007 636 2321 712 ϐάλ[λ]οιτο.
2356 640 2526 696 Τοῦτο
2542 641 2598 693 δὲ
2619 641 2719 694 οὐκ
2740 640 2805 694 ἀν
2825 642 2910 711 εῖη
2932 639 3083 704 Θεός.
3113 639 3248 693 Ἀλλ’
3276 641 3310 711 ἡ
3338 638 3576 711 βλασφη-

2009 721 2107 790 μία
2144 724 2382 797 τραπείη
2413 726 2492 788 είς
2519 724 2617 795 τὴν
2644 726 2752 778 τῶν
2783 725 2954 779 ταῦτα
2997 725 3262 793 λεγόντων
3308 726 3570 796 κεφαλήν.

2007 806 2129 859 Ὅτι
2152 807 2263 879 7&9
2289 807 2378 861 διά
2414 807 2572 862 τοῦτο
2599 808 2759 877 μόνον
2788 810 3003 880 εἴρηται
3032 810 3115 874 τὸ,
3157 806 3450 878 Ἐγένετο,
3488 810 3572 864 ἵνα

2008 889 2083 960 μὴ
2115 892 2415 959 φαντασίαν
2463 892 2758 964 ὑπολάϐῃς,
2796 894 2985 947 σκόπει
3017 893 3105 947 διά
3135 894 3243 945 τῶν
3274 894 3423 963 ἐξῆς,
3455 894 3575 957 πῶς

2004 974 2321 1045 ἐκκαθαίρει
2337 976 2426 1029 τὸν
2449 976 2625 1044 λόγον,
2651 977 2743 1030 καὶ
2764 978 2861 1048 τὴν
2888 978 3140 1031 ὑπόνοιαν
3162 978 3453 1048 ἀνατρέπει
3474 980 3573 1050 τὴν

2004 1056 2267 1126 πονηράν.
2299 1058 2575 1129 Ἐπὴγαγε
2599 1060 2725 1130 γάρ·
2747 1061 2855 1114 Καὶ
2882 1060 3236 1129 ἐσκήνωσεν
3260 1063 3284 1100 ⁸
3304 1062 3372 1113 ἐν
3398 1061 3571 1131 ἡμῖν’

2007 1139 2290 1210 μονονουχὶ
2306 1138 2501 1208 λέγων,
2527 1141 2692 1213 μηδὲν
2723 1141 2922 1195 ἄτοπον
2951 1142 3290 1216 ὑποπτεύσῃς
3318 1144 3424 1197 ἀπὸ
3452 1144 3571 1209 τοῦ,

2016 1220 2299 1289 Ἐγένετο.
2323 1223 2397 1276 Οὐ
2421 1223 2530 1295 7&9
2546 1224 2755 1296 τροπὴν
2774 1220 2926 1277 εἷπον
2949 1225 3047 1295 τῆς
3073 1226 3342 1297 ἀτρέπτου
3359 1227 3573 1296 φύσεως

2004 1303 2239 1372 ἐκείνης,
2254 1303 2391 1358 ἀλλά
2408 1308 2675 1376 σκήνωσιν
2686 1309 2781 1361 καὶ
2798 1308 3128 1379 κατοίκησιν.
3151 1309 3224 1363 Τὸ
3243 1309 3300 1363 δὲ
3315 1311 3570 1382 σκηνοῦν,

2002 1386 2063 1439 οὐ
2086 1388 2282 1442 ταύτὸν
2298 1388 2364 1443 ἀν
2379 1390 2466 1461 εἴη
2487 1393 2554 1461 τῇ
2588 1394 2783 1462 σκηνῇ,
2800 1391 2914 1444 ἀλλ’
2956 1392 3170 1466 ἕτερον.
3202 1394 3431 1464 Ἕτερον
3459 1394 3570 1467 7&9

2003 1470 2061 1521 ἐν
2081 1470 2253 1542 ἑτέρῳ
2281 1475 2469 1544 σκηνοῖ
2488 1488 2503 1503 ⁸
2519 1475 2641 1527 ἐπεὶ
2661 1474 2767 1527 οὐδ’
2782 1473 2848 1528 ἂν
2863 1474 2951 1545 εἴη
2978 1477 3267 1547 σκήνωσιςο
3290 1477 3444 1531 οὐδὲν
3460 1478 3570 1549 7&9

2003 1553 2062 1605 ἐν
2086 1553 2261 1625 ἐαυτῷ
2284 1558 2547 1611 κατοικεῖ.
2572 1556 2797 1628 Ἕτερον
2814 1556 2873 1610 δὲ
2901 1554 3054 1612 εἷπον
3078 1560 3220 1612 κατά
3237 1559 3335 1631 τὴν
3358 1561 3568 1619 οὐσίαν.

2006 1633 2119 1708 [65]
2142 1636 2220 1708 Τῇ
2247 1637 2355 1709 7&9
2377 1637 2567 1692 ἐνώσει
2604 1639 2700 1693 καὶ
2735 1642 2801 1710 τῇ
2831 1640 3094 1712 συναφείᾳ
3123 1642 3181 1695 ἐν
3208 1643 3356 1696 ἐστιν
3384 1644 3412 1697 0
3438 1643 3571 1707 Θεὸς

2002 1718 2174 1787 Λόγος
2187 1720 2322 1791 καὶὴ
2338 1720 2494 1792 σάρξ,
2509 1722 2570 1775 οὐ
2590 1721 2905 1792 συγχύσεως
2920 1724 3236 1794 γενομένης,
3252 1726 3372 1778 οὐδέ
3384 1728 3570 1795 ἀφανι-

2005 1801 2144 1873 σμοῦ
2162 1802 2267 1856 τῶν
2282 1803 2617 1869 οὐσιῶν,ἀλλ’
2635 1804 2877 1869 ἐνώσεως
2890 1806 3129 1877 ἀρρήτου
3142 1808 3283 1870 τινὸς
3299 1809 3393 1863 καὶ
3403 1809 3476 1879 ἀφ
3484 1810 3573 1881 ρά-

2005 1902 2150 1940 στου.
2185 1888 2258 1941 Τὸ
2289 1887 2344 1940 δὲ
2372 1890 2540 1955 ὅπως,
2576 1888 2652 1961 μὴ
2678 1886 2705 1926 δ
2738 1890 2909 1959 ζήτει·
2933 1890 3148 1958 ἐγένετο
3180 1891 3287 1964 7&9
3324 1893 3399 1956 ώς
3432 1889 3572 1947 οίδεν

2003 1970 2183 2033 αὐτός.
2202 1970 2296 2034 Τίς
2317 1966 2408 2025 οὖν
2424 1973 2568 2025 ἐστιν
2590 1973 2624 2043 ἡ
2648 1974 2817 2043 σκηνὴ
2834 1974 2899 2043 ἡν
2916 1976 3351 2045 κατεσκήνωσεν;
3374 1977 3572 2030 Ἀκου-

2005 2071 2096 2107 σον
2113 2054 2206 2107 τοῦ
2230 2056 2513 2126 Προφὴτου
2536 2054 2781 2124 λέγοντος
2796 2072 2810 2086 ·
2842 2057 3183 2125 Ἀναστήσω
3200 2058 3315 2127 τὴν
3329 2060 3573 2131 σκηνὴν

2003 2138 2183 2192 Δαυΐὸ
2199 2138 2309 2206 τὴν
2321 2138 2720 2192 πεπτωκυῖαν.
2738 2139 3022 2194 Πεπτώκει
3038 2141 3145 2213 7&9
3162 2143 3573 2210 δντως,πεπτώο

2005 2238 2090 2274 κει
2122 2222 2322 2292 πτῶμα
2349 2223 2567 2275 ἀνίατον
2593 2223 2626 2293 ἡ
2657 2222 2817 2291 φύσις
2846 2224 2878 2293 ἡ
2905 2224 3170 2297 ἡμετέρα,
3196 2226 3292 2280 καὶ
3320 2228 3418 2299 τῆς
3433 2247 3571 2301 κρα-

2003 2309 2162 2369 ταιᾶς
2181 2306 2395 2377 ἐκείνης
2414 2307 2584 2361 ἐδεῖτο
2607 2306 2774 2376 μόνης
2790 2306 2990 2377 χειρός.
3009 2308 3143 2362 Οὐδέ
3165 2309 3274 2381 7&9
3287 2306 3357 2381 ἦν
3372 2313 3571 2384 ἐτέρως

2002 2390 2298 2462 ἀναστῆναι
2310 2390 2501 2461 αὐτὴν,
2520 2389 2594 2460 μὴ
2607 2389 2700 2443 τοῦ
2721 2388 2817 2460 τὴν
2832 2390 3007 2462 ἀρχὴν
3020 2392 3415 2459 διαπλάσαντος
3432 2397 3569 2470 αὐτῇ

2002 2477 2160 2544 χεῖρα
2205 2473 2510 2544 ὀρέξαντος,
2548 2474 2641 2526 καὶ
2681 2473 3121 2541 διατυπώσαντος
3159 2476 3367 2532 ἀνωθεν
3402 2482 3468 2552 τῇ
3500 2480 3570 2535 δι’

2004 2557 2193 2619 ὓδατος
2220 2556 2577 2626 ἀναγεννὴσει
2618 2556 2713 2610 καὶ
2748 2556 3080 2629 Πνεύματος.
3130 2562 3239 2615 Καὶ
3260 2561 3356 2616 θέα
3391 2581 3481 2635 μοι
3510 2565 3573 2618 τὸ

2003 2639 2229 2709 φρικτὸν
2268 2641 2362 2693 καὶ
2397 2639 2710 2710 ἀπόρρητον
2750 2640 2844 2693 τοῦ
2879 2642 3176 2712 μυστηρίου
3197 2658 3212 2673 °
3270 2648 3570 2713 Διαπαντὸς

2003 2726 2247 2777 κατοικεῖ
2273 2724 2373 2792 τὴν
2408 2725 2613 2794 σκηνήν
2648 2725 2664 2765 ἱ
2688 2742 2703 2754 -
2723 2723 2820 2795 τὴν
2836 2725 2943 2792 γάρ
2964 2724 3142 2796 σάρκα
3170 2725 3268 2798 τὴν
3299 2728 3572 2802 ἡμετέραν

2004 2806 2375 2876 περιεϐάλετο,
2414 2807 2512 2877 οὐχ
2545 2806 2621 2870 ώς
2658 2807 2819 2860 πάλιν
2853 2808 3022 2878 αὐτὴν
3058 2810 3302 2883 ἀφήσων.
3337 2814 3455 2868 ἀλλ’
3493 2815 3573 2878 ὡς

2002 2890 2292 2969 διαπαντὸς
2313 2891 2449 2956 ἕξων
2483 2891 2599 2963 μεθ’
2636 2891 2850 2945 ἐαυτοῦ.
2879 2893 2952 2945 Οὐ
2983 2892 3092 2964 7&9
3112 2895 3195 2959 ἂν,
3228 2897 3276 2947 εἰ
3311 2897 3385 2969 μὴ
3415 2899 3573 2954 τοῦτο

2000 2968 2090 3044 ἦν,
2126 2974 2225 3027 καὶ
2248 2974 2343 3026 τοῦ
2380 2974 2568 3044 θρόνου
2594 2974 2929 3044 κατηξίωσεν
2958 2976 3126 3047 αὐτὴν
3153 2977 3246 3030 τοῦ
3269 2968 3569 3048 βασιλικοῦ,

2001 3057 2096 3110 καὶ
2125 3058 2307 3129 φορῶν
2340 3057 2505 3129 αὐτὴν
2546 3060 2928 3130 προσεκυνεῖτο
2968 3059 3071 3112 ὑπὸ
3109 3062 3286 3133 πάσης
3327 3064 3428 3134 τῆς
3460 3067 3573 3121 ἄνω

2003 3144 2280 3211 στρατιᾶς,
2320 3141 2587 3210 ἀγγέλων,
2627 3142 3012 3213 ἀρχαγγέλων,
3048 3142 3274 3215 θρόνων,
3314 3150 3572 3220 κυριοτὴυ

1999 3243 2129 3286 των.
2161 3226 2363 3297 ἀρχῶν,
2389 3224 2665 3292 ἐξουσιῶν.
2694 3227 2851 3290 Ποῖος
2876 3226 3050 3294 λόγος,
3085 3227 3212 3281 ποία
3235 3229 3442 3285 διάνοια
3472 3234 3573 3303 τὴν

1999 3308 2266 3379 τοσαύτην
2292 3309 2456 3381 τιμὴν
2480 3310 2578 3380 τὴν
2601 3311 2682 3373 εἰς
2705 3308 2767 3362 τὸ
2794 3309 2949 3377 γένος
2968 3312 3339 3383 γεγενημένην
3367 3314 3426 3367 τὸ
3446 3310 3573 3386 ἡμέ-

1998 3411 2177 3465 τερον,
2206 3393 2307 3464 τὴν
2337 3393 2506 3456 ὅντως
2529 3392 2779 3463 ὑπερφυῆ
2819 3393 2914 3445 καὶ
2946 3394 3179 3464 φρικτὴν
3221 3398 3574 3469 παραστῆσαι

2001 3476 2325 3549 δυνήσεται;
2376 3478 2462 3539 τίς
2515 3476 2780 3545 άγγελος;
2817 3476 2903 3539 τίς
2956 3478 3329 3547 ἀρχάγγελος;
3384 3484 3572 3549 Οὐδεὶς

2002 3560 2258 3632 οὐδαμοῦ,
2284 3560 2346 3614 οὐ
2367 3562 2476 3614 τῶν
2496 3561 2553 3612 ἐν
2586 3559 2819 3630 οὐρανῷ,
2847 3561 2908 3613 οὐ
2930 3561 3038 3613 τῶν
3067 3563 3161 3615 ἐπί
3183 3563 3303 3633 γῆς.
3337 3566 3573 3620 Τοιαῦτα

2002 3648 2111 3716 7&9
2140 3644 2235 3697 106
2286 3641 2421 3697 Θεοῦ
2472 3642 2541 3696 τά
2574 3643 2992 3715 κατορθώματα,
3021 3643 3115 3697 καὶ
3147 3645 3290 3700 οὑτω
3336 3649 3572 3718 μεγάλαι

2001 3728 2095 3782 καὶ
2125 3729 2421 3799 ὑπερφυεῖς
2451 3727 2507 3779 αἰ
2534 3726 2841 3797 εὐεργεσίαι
2865 3727 3051 3789 αὐτοῦ,
3078 3728 3154 3792 ώς
3182 3729 3255 3801 μὴ
3288 3733 3445 3801 μόνον
3480 3735 3572 3787 ἀν-

2001 3809 2278 3880 θρωπίνην
2294 3809 2559 3877 γλῶτταν,
2578 3809 2716 3863 ἀλλά
2740 3812 2830 3862 καί
2846 3810 3141 3883 ἀγγελικὴν
3155 3811 3384 3885 δύναμιν
3406 3816 3574 3888 ὑπερ-

2000 3892 2204 3948 ϐαίνειν
2223 3892 2403 3947 αὐτῶν
2429 3893 2528 3965 τὴν
2551 3892 2753 3963 ἀκριϐῆ
2773 3892 3038 3963 διήγησιν.
3061 3894 3151 3947 Διὸ
3187 3897 3280 3948 καὶ
3308 3898 3468 3967 ἡμεῖς
3492 3902 3573 3963 εἰς

2002 3976 2159 4048 σιγὴν
2190 3979 2329 4041 τέως
2354 3977 2447 4030 τὸν
2471 3977 2626 4046 λόγον
2659 3978 3117 4047 κατακλείσομεν,
3154 3977 3405 4033 τοσοῦτον
3443 3982 3573 4052 ὑμῖν

2000 4059 2515 4131 παρεγγυήσαντες,
2555 4058 2885 4131 ἀμείψασθαι
2922 4058 3013 4112 τὸν
3051 4058 3368 4129 τηλικοῦτον
3416 4064 3572 4133 ἡμῶν

2000 4144 2291 4217 εὐεργέτην
2322 4143 2576 4215 ἀμοιϐαῖς
2601 4184 2617 4208 ,
2662 4143 2719 4197 αῖ
2766 4143 2927 4197 πάλιν
2971 4145 3052 4207 εἰς
3092 4147 3241 4216 ἡμᾶς
3282 4146 3343 4198 τὸ
3386 4148 3572 4219 κέρδος

2000 4229 2423 4300 περιστήσουσιν
2453 4226 2465 4276 i
2513 4226 2679 4281 ἀπαν.
2713 4220 2883 4281 Αὑται
2911 4226 2968 4280 δέ
3008 4228 3137 4292 εἰσι,
3163 4227 3223 4280 τὸ
3262 4229 3361 4299 τῆς
3393 4228 3572 4300 ψυχῆς

1999 4312 2146 4382 ἡμᾶς
2192 4310 2330 4382 μετὰ
2385 4311 2669 4381 ἀκριϐείας
2713 4310 3086 4381 ἐπιμελεῖσθαι
3109 4312 3231 4381 .τῆς
3275 4313 3567 4383 ἡμετέρας.

1998 4395 2109 4448 Καὶ
2126 4394 2235 4466 7&9
2253 4394 2526 4448 καὶτοῦτο
2548 4396 2645 4465 τῆς
2672 4395 2839 4448 αὐτοῦ
2861 4394 3267 4465 φιλανθρωπίας
3299 4395 3480 4465 ἔργον,
3513 4397 3573 4449 τὸ

2001 4479 2228 4550 μηδενὸς
2259 4480 2318 4532 ἐν
2350 4479 2511 4551 χρείᾳ
2550 4479 2659 4532 τῶν
2693 4479 2973 4549 ἡμετέρων
3005 4478 3378 4548 καθεστηκότα
3410 4480 3572 4531 αὑτὸν

1997 4563 2176 4632 λέγειν
2210 4562 2527 4633 κομίζεσθαι
2554 4562 2653 4625 τάς
2694 4561 2950 4629 ἀμοιϐὰς,
2986 4563 3114 4615 ὅταν
3142 4562 3301 4632 ἡμεῖς
3332 4561 3431 4631 τῆς
3468 4562 3573 4631 ψυ-

1997 4648 2098 4718 χῆς
2117 4645 2507 4718 ἐπιμελώμεθα
2531 4645 2630 4716 τῆς
2653 4645 2880 4699 ἑαυτῶν.
2896 4644 2986 4699 Διὸ
3016 4646 3109 4698 καὶ
3128 4645 3362 4714 ἐσχάτης
3385 4646 3571 4712 ἀνοίας

1998 4731 2091 4785 καὶ
2119 4731 2328 4801 μυρίων
2358 4730 2629 4784 κολάσεων
2663 4728 2833 4793 ἀξιον,
2874 4728 2934 4780 τὸ
2973 4727 3240 4798 τοσαύτης
3272 4727 3566 4782 ἀπολελαυ-

1997 4816 2159 4880 κότας
2184 4815 2373 4886 τιμῆς.
2402 4813 2535 4886 μηδέ
2565 4811 2634 4866 τὰ
2660 4813 2800 4866 κατὰ
2829 4811 3051 4882 δύναμιν
3072 4813 3399 4881 εἰσενεγκεῖν
3419 4829 3432 4843 ο
3475 4814 3570 4866 καί

1995 4899 2191 4962 ταῦτα,
2222 4899 2319 4970 τῆς
2348 4900 2414 4951 ἐκ
2444 4896 2646 4952 τούτων
2678 4896 2945 4966 ὠφελείας
2983 4898 3063 4959 εἰς
3102 4898 3247 4967 ἡμᾶς
3278 4913 3565 4968 περιερχο-

2000 4984 2169 5056 μένης
2206 4984 2387 5047 πάλιν,
2431 4982 2526 5036 καὶ
2551 4982 2756 5053 μυρίων
2799 4982 2890 5033 ἐπὶ
2912 4981 3121 5041 τούτοις
3150 4981 3414 5050 κειμένων
3438 4982 3568 5051 ἡμῖν

1996 5070 2233 5140 ἀγαθῶν.
2272 5068 2445 5139 ’Υπὲρ
2474 5067 2539 5137 δὴ
2578 5066 2782 5119 τούτων
2828 5066 3081 5119 ἀπάντων
3120 5064 3277 5129 δόξαν
3321 5065 3567 5134 ἀναπέμ-

1994 5154 2184 5226 ψωμεν
2226 5152 2305 5223 τῷ
2345 5150 2710 5223 φιλανθρώπῳ
2747 5150 2901 5221 Θεῷ,
2935 5148 3012 5221 μὴ
3042 5148 3129 5203 διὰ
3172 5148 3280 5202 τῶν
3306 5150 3565 5219 ῥημάτων

1999 5240 2179 5309 μόνον,
2208 5236 2344 5292 ἀ).λά
2371 5234 2551 5304 πολλῷ
2588 5233 2785 5304 μᾶλλον
2811 5233 2899 5287 διά
2935 5231 3043 5286 τῶν
3082 5232 3444 5304 πραγμάτων,
3478 5232 3565 5286 ἵνα

1995 5308 2089 5379 καὶ
2121 5323 2231 5375 τῶν
2274 5320 2411 5392 μετά
2446 5318 2617 5372 ταῦτα
2653 5317 2906 5389 τύχωμεν
2950 5317 3203 5385 ἀγαθῶν
3241 5308 3316 5373 ὧν
3354 5315 3567 5383 γένοιτο

1995 5406 2201 5472 πάντας
2228 5408 2375 5478 ἡμᾶς
2407 5405 2702 5474 ἐπιτυχεῖν,
2722 5402 2906 5477 χάριτι
2943 5401 3040 5456 καὶ
3065 5398 3451 5478 φιλανθρωπίφ
3468 5398 3564 5451 106

1994 5492 2199 5579 Κυρίου
2421 5485 2594 5579 ’[ησοῦ
2616 5486 2891 5579 3(910106:
2911 5483 2979 5579 01:
3006 5477 3066 5539 οὗ
3112 5479 3359 5579 καὶέμεθῖ
3398 5476 3566 5579 οὐ

1994 5564 2169 5647 Πατρὶ
2199 5577 2232 5645 ἡ
2266 5573 2414 5639 δόξα,
2438 5571 2554 5643 ἅμα
2574 5570 2653 5642 τῷ
2678 5571 2819 5640 ἀγίῳ
2842 5567 3138 5637 Πνεύματι,
3174 5566 3253 5626 εἰς
3282 5564 3408 5629 τοὺς
3436 5566 3567 5618 αἰῶ-

1993 5676 2088 5724 νας
2112 5658 2220 5713 τῶν
2242 5656 2473 5712 αἰώνων.
2503 5656 2697 5726 Ἀμήν.

2078 5812 2103 5850 ε
2128 5812 2195 5861 Ita
2237 5809 2409 5861 MoreL
2453 5806 2605 5857 επιι.
2642 5809 2695 5854 et
2725 5803 2864 5855 codd.
2907 5801 3033 5865 city
3056 5801 3103 5851 τί
3134 5801 3224 5865 γὰρ
3263 5800 3566 5865 ῖπάγειζλκαί

1992 5874 2280 5931 ἐσκήνωσεν.
2347 5868 2497 5931 ιλιιι
2520 5868 2650 5923 ὅπως
2689 5867 2873 5931 ἐγένετο
2898 5864 3106 5931 ἀκριϐιῖις
3130 5862 3243 5931 ιιήζΔ
3289 5863 3331 5931 _i_
3360 5862 3564 5922 Quidam

1993 5924 2267 6008 μυσέήριον,
2287 5930 2536 5986 διαπαντὸς
2558 5924 2769 5980 κατοικεῖ
2791 5927 2875 5986 τὴν
2899 5924 3094 5985 σκηνήν.
3133 5924 3188 5978 ’ί
3209 5924 3412 5986 Quidam
3438 5939 3570 5987 περιρ

1998 6013 2210 6047 ιστωσιν.
