4074 6374
468 344 534 402 81
1142 343 1199 397 S.
1239 339 1523 397 JOANMS
1556 336 2052 394 CHRYSUSTOMI
2089 336 2409 392 ARCHIEP.
2449 334 2991 391 CUNSTANTINOP.

1834 557 1948 631 [66]
1990 558 2233 612 ΟΜΙΛΙΑ
2274 556 2374 611 ur.

466 659 577 714 1Ῑαί
599 657 966 726 ἐθεασάμεθα
986 659 1096 725 τὴν
1122 656 1309 722 δόξαν
1326 655 1527 713 αὑτοῦ,
1551 654 1740 718 δόξαν
1759 653 2040 726 ὠςέΜονο-

533 731 746 852 382506;
777 724 936 797 παρὰ
964 724 1212 795 Πατρός,
1236 726 1470 796 πλήρης
1504 727 1741 794 χάριτος
1763 724 1858 776 καὶ
1893 724 2040 791 άλη-

572 818 600 852 ε
625 817 721 852 ac.

488 862 491 869 η
536 805 721 865 θείας.

536 892 605 938 α’.
635 886 786 955 Τάχα
806 883 945 954 πέρα
965 881 1058 934 τοῦ
1079 882 1288 945 δέοντος
1321 882 1598 951 ἐφάνημεν
1629 880 1758 949 ὑμῖν
1784 877 2040 948 ἐπαχθεῖς

466 969 561 1020 καὶ
591 969 838 1038 φορτικοὶ
867 965 1078 1034 πρώην,
1128 962 1558 1033 πληκτικωτέρῳ
1591 962 1928 1033 χρησάμενοι
1961 961 2039 1032 τῷ

464 1050 638 1119 λόγῳ,
675 1050 765 1102 καὶ
807 1048 1021 1119 μακρὰν
1066 1049 1205 1101 κα.τά
1231 1048 1328 1118 τῆς
1360 1047 1468 1099 τῶν
1509 1045 1718 1097 πολλῶν
1769 1042 2040 1115 ῥᾳθυμίας

462 1135 839 1195 ἀποτείναντες
864 1134 964 1202 τὴν
986 1132 1339 1202 κατηγορίαν.
1376 1130 1515 1183 Ἀλλ’
1541 1131 1589 1182 εἰ
1614 1129 1713 1199 μὲν
1728 1129 1858 1181 6616
1881 1127 2039 1181 10610

462 1218 697 1287 λυπῆσαι
723 1217 1072 1287 προελόμενοι
1104 1216 1258 1286 μόνον
1279 1216 1420 1283 ὑμᾶς
1435 1212 1645 1265 ιταῦτα
1674 1212 2035 1283 ἐπράττομεν,

462 1301 685 1363 εἰκότως
722 1299 788 1353 ἂν
838 1300 1065 1363 ἕκαστος
1135 1299 1549 1370 ἐδυσχέραινενο
1603 1298 1651 1349 εἰ
1687 1296 1742 1349 δέ
1790 1298 1927 1367 πρὸς
1975 1296 2036 1349 16

463 1384 738 1455 συμφέρον
772 1384 926 1453 ὑμῶν
960 1384 1269 1452 βλέποντες,
1305 1384 1401 1452 τὴν
1434 1384 1491 1434 ἐν
1523 1383 1635 1443 τοῖς
1664 1381 1841 1448 λόγοις
1876 1380 2035 1450 χάριν

460 1469 806 1539 παρείδομεν,
834 1469 880 1519 εἰ
902 1468 994 1519 καὶ
1020 1466 1094 1537 μὴ
1116 1466 1475 1530 ἀποδέξασθαι
1502 1464 1751 1535 βούλεσθε
1778 1465 1875 1534 τῆς
1904 1481 2036 1532 προ-

462 1550 689 1620 μηθείας
713 1551 875 1619 ἡμᾶς.
901 1549 1035 1601 ἀλλά
1062 1549 1365 1617 συγγνῶναι
1390 1552 1488 1620 τῆς
1515 1548 1780 1619 τοσαύτης
1802 1547 1867 1600 ἂν
1889 1548 2033 1617 εἴητε

458 1635 656 1687 δίκαιοι
691 1632 1094 1702 φιλοστοργίας.
1141 1634 1251 1686 K61
1283 1632 1392 1704 γὰρ
1425 1632 1519 1685 καὶ
1555 1632 1757 1701 σφόδρα
1798 1631 2037 1683 δεδοίκα-

464 1734 581 1787 μεν,
618 1718 824 1787 μήποτε
850 1714 1253 1778 σπουδαζόντων
1279 1716 1307 1755 ιι
1343 1716 1440 1785 μὲν
1470 1715 1647 1785 ἡμῶν,
1675 1714 1828 1783 ὑμῶν
1861 1714 1916 1766 66
1938 1715 2036 1767 ούκ

459 1801 746 1853 ἐθελόντων
776 1799 871 1869 τὴν
896 1799 1061 1867 αὐτὴν
1094 1799 1459 1865 ἐπιδείξασθαι
1491 1801 1619 1871 περὶ
1646 1800 1743 1871 τὴν
1774 1800 2035 1869 ἀκρόασιν

459 1884 792 1952 φιλοπονίαν,
829 1884 884 1935 αἱ
931 1883 1037 1936 τῶν
1071 1883 1367 1953 μελλόντων
1403 1883 1621 1936 εὐθῦναι
1660 1882 2034 1955 χαλεπώτεραι

458 1969 742 2035 γένωνται.
774 1967 863 2019 Διὸ
900 1968 1138 2036 συνεχῶς
1187 1967 1607 2035 ἀναγκαζόμεθα
1649 1966 1937 2038 διεγείρειν
1975 1985 2035 2021 τε

459 2051 602 2120 ὑμᾶς
646 2051 737 2102 καὶ
774 2049 1099 2116 ἀφυπνίζειν
1125 2090 1139 2111 ,
1182 2048 1323 2102 ὥστε
1380 2050 1544 2119 μηδὲν
1582 2049 1688 2101 τῶν
1729 2049 2034 2119 λεγομένων

458 2134 862 2205 παραρρυἧναι.
880 2134 1035 2186 Οὕτω
1057 2132 1165 2206 γὰρ
1189 2134 1316 2203 ὑμῖν
1346 2133 1481 2202 μετά
1500 2132 1699 2201 πολλῆς
1726 2134 2035 2203 παρρησίας

457 2218 551 2271 νῦν
578 2234 637 2270 τε
660 2218 872 2283 ἐξέσται
916 2215 1128 2286 βιῶναι,
1159 2217 1253 2269 καὶ
1285 2219 1407 2269 κατ’
1437 2216 1652 2286 ἐκείνην
1688 2216 1787 2286 τὴν
1827 2217 2035 2286 ἡμέραν

458 2299 801 2370 παραστῆναι
824 2298 900 2369 τῷ
938 2298 1138 2369 βήματι
1175 2299 1269 2351 τοῦ
1304 2298 1562 2370 Χριστοῦ.
1604 2300 1758 2351 Ἐπεὶ
1793 2294 1884 2351 οὖν
1914 2300 2035 2351 ἰκα-

457 2382 563 2446 νῶς
615 2382 767 2453 ὑμῶν
814 2382 1177 2453 καθηψάμεθα
1222 2381 1447 2453 πρώην,
1503 2383 1633 2451 φέρε
1681 2383 1916 2453 τήμερον
1970 2382 2034 2434 ἐκ

458 2467 757 2537 προοιμίων
804 2468 884 2529 εἰς
926 2466 1098 2528 αὐτὰς
1148 2468 1248 2530 τὰς
1293 2466 1481 2536 ῥήσεις
1527 2465 1871 2536 ἐμϐάλωμεν.
1926 2466 2033 2518 Καὶ

455 2549 823 2619 ἐθεασάμεθα
856 2549 983 2621 γὰρ,
1021 2550 1183 2620 φησι,
1232 2549 1347 2617 τὴν
1375 2548 1563 2613 δόξαν
1599 2549 1808 2607 αὐτοῦ,
1844 2548 2034 2612 δόξαν

456 2634 534 2699 ὡς
558 2633 931 2702 Μονογενοῦς
952 2635 1110 2701 παρὰ
1128 2633 1376 2699 Πατρός.
1399 2630 1581 2684 Εἰπὼν
1607 2632 1687 2684 ὃτι
1711 2630 1845 2684 Θεοῦ
1868 2632 2033 2684 τέκνα

456 2717 778 2787 γεγόναμεν,
814 2717 909 2769 καὶ
943 2716 1119 2781 δείξας
1161 2717 1260 2769 οὐκ
1291 2716 1465 2778 ἄλλως
1500 2715 1531 2786 ἢ
1570 2715 1648 2784 τῷ
1677 2714 1766 2768 τὸν
1798 2716 1970 2783 Λόγον
2003 2727 2025 2754 ε

460 2800 636 2871 σάρκα
657 2799 928 2867 γενέσθαι,
949 2800 1109 2853 πάλιν
1142 2798 1305 2853 66106
1334 2798 1521 2850 τούτου
1553 2798 1818 2866 λέγεικαὶ
1847 2798 2033 2868 ἕτερον

458 2883 665 2951 κέρδος.
693 2882 835 2935 Τίδέ
869 2881 1026 2935 τοῦτό
1062 2883 1241 2946 ἐστιν;
1277 2881 1673 2950 Ἑθεασάμεθα
1698 2880 1815 2948 τὴν
1846 2881 2034 2945 δόξαν

459 2965 664 3033 αὑτοῦ,
693 2965 882 3029 δόξαν
907 2966 987 3030 ὡς
1011 2962 1394 3033 Mororum};
1430 2964 1589 3032 παρὰ
1633 2965 1895 3033 Πατρός’
1934 2965 2033 3018 ούκ

461 3050 525 3102 ἂν
561 3048 915 3119 θεασάμενοι,
949 3050 996 3100 εἰ
1043 3046 1116 3118 μὴ
1156 3046 1243 3099 διὰ
1293 3045 1388 3099 τοῦ
1435 3047 1733 3117 συντρόφου
1784 3046 2033 3117 σώματος

460 3135 588 3203 ἡμῖν
621 3132 795 3203 ὤφθη.
837 3133 898 3185 Εἰ
925 3131 1033 3201 γὰρ
1060 3131 1339 3195 Μωῦσέως
1379 3131 1477 3199 τῆς
1514 3130 1685 3200 661?};
1734 3132 1865 3201 ἡμῖν
1902 3148 2032 3199 μετ-

460 3217 673 3288 έχοντος
720 3216 933 3286 φύσεως
958 3215 1057 3285 οὑχ
1106 3215 1401 3284 ὑπέμειναν
1440 3214 1489 3266 οἰ
1539 3216 1658 3266 κατ’
1697 3217 1900 3267 ἐκεῖνον
1940 3214 2033 3267 τὸν

459 3301 646 3370 καιρὸν
663 3296 689 3336 δ
711 3299 770 3352 16
797 3299 1089 3371 πρόσωπον
1124 3297 1282 3367 μόνον
1307 3296 1560 3360 δοξασθέν
1589 3297 1735 3359 ἰδεῖν,
1770 3297 1905 3350 ἀλλά
1938 3299 2032 3350 καὶ

456 3382 919 3453 προκαλύμματος
958 3382 1145 3452 ἐδέησε
1177 3381 1254 3450 τῷ
1286 3380 1479 3451 δικαίῳ
1512 3380 1605 3434 τοῦ
1647 3380 1944 3451 δυναμένου
1970 3383 2033 3434 τὸ

455 3466 556 3535 1?};
570 3466 727 3537 δόξης
755 3467 994 3537 άκρατον
1029 3465 1344 3527 συσκιάσαι,
1381 3464 1474 3517 καὶ
1505 3464 1710 3533 ἥμερον
1741 3464 1835 3516 καὶ
1864 3481 2033 3534 προσ-

457 3549 563 3619 ηνῆ
594 3550 687 3603 τοῦ
714 3551 997 3619 Προφήτου
1020 3549 1117 3617 τὴν
1135 3548 1256 3617 δψιν
1287 3548 1467 3611 αὐτοῖς
1485 3547 1653 3610 δεῖξαι
1683 3559 1735 3585 θ’
1765 3547 1881 3611 πῶς
1910 3546 2032 3600 θεό-

455 3649 591 3703 τητα
624 3633 856 3703 γυμνὴν,
887 3627 1051 3685 οὖσαν
1077 3631 1371 3703 ἀπρόσιτον
1408 3632 1502 3683 καὶ
1531 3632 1722 3693 αὐταῖς
1757 3634 1874 3693 ταῖς
1917 3630 2030 3683 ἄνω

453 3715 764 3786 δυνάμεσιν,
790 3718 949 3785 ἡμεῖς
968 3718 1014 3767 οἱ
1045 3715 1257 3786 πήλινοι
1287 3714 1379 3766 καὶ
1405 3716 1654 3784 γηγενεῖς
1686 3713 2028 3784 ἠδυνήθημεν

454 3798 520 3852 ἂν
550 3801 825 3868 ἐνεγκεῖν;
859 3798 960 3851 Διά
990 3797 1147 3850 τοῦτο
1185 3798 1496 3867 ἐσκήνωσεν
1537 3798 1595 3850 ἐν
1628 3798 1779 3869 ἡμῖν,
1818 3799 1903 3850 ἴνα
1935 3797 2027 3850 καί

455 3884 767 3954 προσελθεῖν
804 3882 952 3953 αὐτῷ
998 3882 1093 3935 καὶ
1131 3881 1475 3951 διαλεχθῆναι
1518 3882 1614 3936 καὶ
1658 3899 2028 3955 συναναστρα-

457 3968 625 4037 φῆναι
644 3968 962 4039 δυνηθῶμεν
992 3966 1129 4037 μετὰ
1156 3966 1339 4028 ἁδείας
1373 3964 1594 4035 πολλῆς.

526 4051 591 4102 Τί
626 4050 683 4104 δέ
714 4051 826 4102 ἐστι
860 4049 940 4113 16,
972 4049 1164 4112 Δόξαν
1196 4048 1277 4114 ὠς
1315 4048 1693 4117 Μονογενοῦς
1723 4050 1883 4117 παρὰ
1906 4052 2027 4103 Πα-

453 4136 630 4202 τρός;
663 4132 881 4204 Ἐπειδὴ
911 4132 1094 4186 πολλοί
1133 4132 1227 4185 καὶ
1262 4130 1371 4184 τῶν
1406 4132 1698 4202 προφητῶν
1740 4132 2026 4203 ἐδοξάσθη-

455 4235 577 4282 σαν,
596 4211 708 4270 οἷον
735 4216 897 4280 6616;
936 4209 1090 4279 οὗτος
1123 4218 1152 4268 6
1195 4215 1455 4284 Μωῦσῆς,
1499 4214 1529 4265 6
1561 4213 1767 4278 Ἠλίας,
1798 4218 1827 4270 6
1855 4215 2026 4269 Ἑλισ-

454 4303 602 4364 σαῖος
621 4315 633 4328 ·
661 4303 689 4353 6
722 4300 818 4370 μὲν
844 4298 951 4351 ὑπό
980 4297 1204 4368 πυρίνου
1228 4296 1590 4367 κυκλούμενος
1624 4297 1886 4369 ἅρματος,
1917 4302 1945 4353 6
1968 4299 2025 4352 66

452 4386 619 4448 οὕτως
649 4384 1158 4456 ἀναλαμϐανόμενος
1184 4381 1227 4419 ί·
1259 4383 1355 4437 καὶ
1383 4384 1498 4454 μετ’
1528 4385 1723 4449 αὐτοὺς
1751 4388 1780 4438 6
1805 4387 2024 4457 Δανιὴλ,

453 4471 547 4524 καὶ
573 4473 620 4523 οἰ
656 4470 841 4533 παῖδες
873 4472 920 4523 οἰ
954 4472 1122 4540 τρεῖς,
1150 4470 1245 4522 καὶ
1267 4467 1442 4539 ἕτεροι
1465 4467 1522 4520 66
1554 4468 1759 4534 πολλοὶ,
1791 4471 1903 4524 ὅσοι
1932 4473 2025 4525 καὶ

453 4555 705 4625 θαύματα
736 4554 1105 4617 ἐπεδείξαντο,
1147 4552 1510 4622 ἐδοξάσθησαν
1532 4568 1546 4582 ο
1576 4554 1668 4605 καὶ
1710 4555 1930 4623 ἄγγελοι
1968 4555 2024 4609 66

453 4637 604 4709 παρά
645 4636 949 4709 ἀνθρώποις
995 4638 1274 4705 φανέντες,
1316 4639 1410 4690 καὶ
1448 4637 1509 4691 16
1545 4638 1644 4708 1?};
1681 4641 1885 4702 οἰκείας
1919 4639 2023 4707 φύ-

456 4739 587 4783 σεως
613 4719 727 4792 [67]
745 4720 1133 4791 ἀπαστράπτον
1161 4720 1276 4788 φῶς
1299 4720 1721 4790 παρανοίξαντες
1746 4724 1859 4785 τοῖς
1890 4722 2023 4793 ὀρῶ-

453 4822 563 4859 σιν·
610 4806 709 4859 οὐκ
740 4805 959 4873 ἄγγελοι
1011 4804 1067 4857 δέ
1101 4804 1278 4875 μόνον,
1315 4804 1451 4858 ἀλλά
1489 4805 1581 4856 καὶ
1619 4806 1686 4858 τά
1743 4806 2022 4877 Χερουϐὶμ

453 4888 592 4957 μετά
639 4889 840 4958 πολλῆς
872 4887 1025 4959 ὤφθη
1067 4886 1144 4957 τῷ
1180 4888 1438 4959 Προφήτῃ
1469 4887 1568 4955 τῆς
1608 4886 1785 4958 δόξης,
1828 4891 1918 4941 καὶ
1955 4890 2023 4943 τὰ

451 4971 702 5043 Σεραφὶμ
737 4973 933 5043 ὁμοίως
958 4988 972 5001 ο
1021 4971 1235 5024 πάντων
1277 4969 1339 5040 δὴ
1372 4970 1578 5023 τούτων
1612 4971 1759 5040 ἡμᾶς
1792 4971 2021 5039 ἀπάγων

448 5060 476 5108 ὁ
510 5053 917 5126 εὐαγγελιστὴς,
949 5055 1043 5107 καὶ
1074 5055 1174 5123 τῆς
1215 5054 1447 5116 κτίσεως
1490 5054 1585 5106 καὶ
1624 5054 1721 5123 τῆς
1749 5055 1855 5107 τῶν
1888 5058 2022 5126 ὁμο-

447 5140 650 5192 δούλων
694 5138 1074 5209 λαμπρότητος
1110 5138 1412 5199 ἀπανιστὰς
1443 5136 1540 5208 τὴν
1582 5136 1820 5190 διάνοιαν
1840 5178 1854 5201 ,
1883 5140 2021 5210 πρὸς

447 5222 615 5293 αὐτὴν
644 5224 791 5292 ἡμᾶς
818 5221 925 5276 τῶν
952 5219 1172 5289 ἀγαθῶν
1198 5220 1375 5291 ἵστησι
1400 5221 1495 5291 τὴν
1523 5222 1785 5293 κορυφήν.
1810 5224 1883 5276 Οὐ
1912 5224 2021 5295 γὰρ

448 5308 725 5376 προφήτου
750 5308 797 5369 ε,
833 5307 1019 5375 φησὶν,
1054 5304 1174 5356 0666
1213 5304 1465 5373 ἀγγέλου,
1502 5305 1622 5356 ούδέ
1656 5305 2016 5375 ἀρχαγγέλου,

446 5389 564 5441 0666
587 5388 693 5443 τῶν
720 5389 979 5460 ἀνωτέρω
1001 5387 1301 5458 δυνάμεων,
1325 5388 1423 5440 οὐκ
1443 5387 1608 5456 ἄλλης
1625 5389 1765 5452 τινὸς
1797 5394 2021 5462 κτιστῆς

448 5472 681 5539 φύσεως,
707 5474 757 5527 εἴ
779 5474 843 5543 γέ
879 5474 962 5536 τίς
986 5475 1100 5524 ἐστι
1130 5471 1221 5523 καὶ
1250 5472 1430 5543 ἐτέρα,
1452 5471 1567 5523 ἀλλ’
1602 5472 1767 5525 66106
1801 5473 1893 5526 106
1921 5477 2019 5526 Δε-

510 5569 536 5630 ξ
558 5568 677 5617 Mor.
703 5572 766 5624 εἰς
786 5572 925 5630 ὑμᾶς,
948 5569 1096 5617 male.
1124 5568 1179 5615 In
1200 5570 1311 5617 Sav.
1328 5575 1380 5617 et
1400 5572 1449 5617 in
1474 5571 1583 5617 aliis
1605 5571 1668 5625 εἰς
1688 5571 2016 5622 desideratur.

449 5626 621 5694 ξ’ζίοῐξ.
662 5626 843 5694 μήποτε
883 5626 1135 5694 λεγὸντιιον1
1170 5630 1284 5694 SaY.
1320 5632 1383 5694 μή
1418 5632 1797 5690 σπουδαζόντων,
1823 5633 2016 5685 melius.

449 5692 471 5756 ’ξ
495 5690 727 5756 Syr“.th
748 5693 889 5756 codd,
911 5690 1020 5756 ⁷105.
1048 5690 1139 5738 706
1163 5690 1432 5756 65i£a¢1iv1
1454 5694 1634 5755 τρόπῳ,
1651 5696 1719 5754 τῷ
1742 5695 1822 5741 τὸν
1845 5697 2015 5756 Λόγον.

446 5749 474 5829 :1
514 5751 633 5821 M05.
657 5754 762 5829 κατ’
795 5754 945 5829 ἐκεῖνό
962 5753 1223 5829 151161906:
1271 5749 1577 5829 ΔςΜοικῄκαὶ,
1590 5749 1645 5802 16
1664 5749 1907 5826 ἆμήχανον
1928 5749 2023 5815 ’τῆς

446 5815 618 5878 ἑαυτοῦ
656 5816 809 5877 ὅψεως
849 5816 1039 5862 δυνατὸν
1081 5815 1239 5871 αὐτοῖς
1271 5817 1429 5863 θεῖναι.
1467 5815 1709 5864 δενὶιὶιιπι
1747 5815 2015 5878 Séquimur.

452 5874 477 5911 ιν
512 5873 563 5940 ἰό
602 5873 705 5936 εει,
723 5879 967 5940 communi
1000 5885 1157 5924 ωσι-ιθ
1182 5883 1474 5940 ,ιι-οηδιτιυε.
1542 5879 1567 5919 8
1596 5878 1713 5925 Mor.
1746 5873 2019 5940 ὁμοδούλων

434 5934 907 6042 ῗιέἷνῆι.“αορεδφήν“
951 5939 1195 6001 μονονουχὶ
1228 5941 1393 6001 λέγων,
1437 5940 1507 5987 06
1543 5934 1802 6002 προφήτου.
1837 5934 2019 5991 Savilio

483 6010 690 6045 aramus

2145 650 2364 713 σπότου,
2388 649 2553 704 αὑτοῦ
2583 648 2677 702 τοῦ
2714 647 3005 711 Βασιλέως,
3035 647 3199 701 66106
3225 648 3317 702 106
3345 649 3566 722 γνησίου
3594 650 3709 705 Μο-

2140 735 2387 803 νογενοῦς
2408 734 2623 798 Παιδὸς,
2646 733 2810 787 αὑτοῦ
2839 733 2932 785 τοῦ
2963 733 3177 786 πάντων
3199 734 3354 803 ἡμῶν
3381 736 3586 807 Κυρίου
3613 736 3712 806 τὴν

2138 817 2295 884 δόξαν
2333 818 2694 887 ἐθεασάμεθα.
2739 819 2811 870 Τὸ
2845 818 2921 871 66.
2953 818 3064 883 Ὡς,
3108 818 3360 880 ἐνταῦθα,
3392 820 3488 890 ούχ
3517 818 3712 889 ὁμοιώ-

2141 901 2279 965 σεὼς
2320 904 2487 967 ἐστιν,
2517 904 2636 955 0666
2670 902 2985 973 παραϐολῆς
3007 945 3021 964 ,
3057 902 3191 956 ἀλλά
3237 903 3579 971 βεϐαιώσεως
3619 903 3712 956 καὶ

2138 986 2616 1057 ἀναμφισϐητήτου
2641 986 2918 1057 διορισμοῦ
2941 1001 2955 1015 ·
2985 985 3182 1039 ὡσανεὶ
3211 988 3393 1055 ἔλεγεν
3416 1006 3429 1018 ·
3460 987 3712 1040 Ἐθεασά-

2142 1069 2279 1141 μεθα
2307 1071 2492 1134 δόξαν,
2527 1072 2644 1123 οἵαν
2680 1072 2884 1141 έπρεπε
2920 1070 3015 1123 καὶ
3070 1071 3213 1134 εἰκὸς
3254 1071 3398 1140 ἔχειν
3451 1071 3711 1141 μονογενῆ

2138 1154 2231 1207 καὶ
2259 1156 2481 1223 γνήσιον
2521 1154 2650 1207 Υἰὸν
2686 1155 2813 1208 ὄντα
2846 1154 2938 1207 τοῦ
2984 1153 3201 1207 πάντων
3246 1153 3510 1223 βασιλέως
3549 1154 3706 1209 Θεοῦ.

2139 1238 2247 1292 Καὶ
2275 1242 2389 1303 τοῖς
2424 1239 2633 1303 πολλοῖς
2671 1239 2725 1292 δὲ
2755 1239 2903 1302 ἕθος’
2937 1240 2996 1292 06
3030 1239 3134 1310 γὰρ
3173 1241 3579 1309 παραιτήσομαι
3616 1241 3710 1292 καὶ

2138 1322 2246 1376 ἀπὸ
2284 1324 2381 1393 τῆς
2427 1324 2610 1393 κοινῆς
2650 1324 2932 1392 συνηθείας
2982 1324 3072 1376 τὸν
3112 1322 3267 1389 λόγον
3313 1320 3706 1378 πιστώσασθαι.

2138 1405 2271 1458 Ούδέ
2318 1406 2425 1477 γὰρ
2467 1407 2603 1477 πρὸς
2645 1406 2836 1469 κάλλος
2884 1408 3015 1476 ἡμῖν
3062 1406 3364 1476 ὀνομάτων,
3405 1405 3523 1457 0666
3574 1406 3709 1474 πρ)ς

2138 1489 2401 1559 ἁρμονίαν
2427 1490 2698 1560 συνθήκης
2733 1490 3016 1560 πρόκειται
3050 1489 3143 1542 νῦν
3188 1491 3378 1553 εἰπεῖν,
3404 1487 3540 1541 ἀλλά
3574 1488 3707 1559 πρὸς

2136 1574 2232 1643 τὴν
2264 1573 2532 1643 ὑμετέραν
2556 1572 2820 1641 ὠφέλειαν
2855 1573 3040 1643 μόνον’
3069 1572 3187 1626 ὅθεν
3209 1572 3361 1625 ούδέν
3391 1570 3583 1625 κωλύει
3615 1573 3709 1625 καὶ

2136 1656 2242 1709 ἀπὸ
2274 1658 2372 1726 τῆς
2406 1658 2516 1710 τῶν
2547 1655 2756 1710 πολλῶν
2787 1655 3073 1726 συνηθείας
3104 1656 3232 1709 6616
3278 1654 3589 1725 βεϐαιῶσαι.
3612 1656 3708 1717 Τίς

2135 1742 2193 1795 δέ
2224 1742 2371 1796 ἐστιν
2402 1744 2434 1813 ἡ
2473 1742 2727 1813 συνήθεια
2763 1740 2873 1793 τῶν
2906 1740 3147 1805 πολλῶν;
3187 1739 3419 1792 Βασιλέα
3450 1738 3707 1803 πολλάκις

2138 1824 2339 1896 σφόδρα
2389 1825 2798 1895 κεκοσμημένον
2850 1823 3082 1896 ὁρῶντές
3134 1840 3309 1887 τινες,
3358 1823 3451 1875 καὶ
3509 1821 3708 1892 τιμίοις

2136 1909 2592 1980 ἀπαστράπτοντα
2613 1908 2779 1972 λίθοις
2814 1909 3093 1974 πάντοθεν,
3133 1908 3350 1961 ἐπειδὰν
3391 1906 3525 1978 πρός
3554 1923 3707 1970 τινας

2135 1994 2428 2063 διηγῶνται
2460 1993 2521 2046 τὸ
2549 1993 2745 2056 κάλλος
2774 1995 2969 2057 ἐκεῖνο,
3004 1993 3094 2045 τὸν
3131 1993 3355 2061 κόσμον,
3397 1992 3495 2060 τὴν
3528 1991 3702 2055 δόξαν,

2135 2079 2350 2146 λέγουσι
2387 2078 2485 2148 μὲν
2521 2080 2727 2149 ὅσαπερ
2757 2078 2821 2131 ἂν
2850 2077 3138 2146 δυνηθῶσι,
3172 2076 3271 2144 1?};
3300 2074 3613 2144 ἁλουργίδος
3644 2074 3704 2126 τὸ

2135 2163 2328 2226 ἄνθος,
2371 2163 2479 2216 τῶν
2521 2161 2680 2215 λίθων
2726 2160 2785 2213 τὸ
2818 2160 3077 2231 μέγεθος,
3122 2158 3220 2229 τὴν
3265 2158 3563 2226 λευκότητα
3596 2156 3703 2209 τῶν

2135 2246 2392 2316 ἡμιόνων,
2426 2246 2515 2299 τὸν
2553 2246 2681 2316 περὶ
2711 2245 2772 2297 16
2799 2244 2990 2310 ζεῦγος
3036 2244 3254 2314 χρυσὸν,
3287 2242 3383 2313 τὴν
3418 2240 3703 2313 στρωμνὴν

2136 2329 2503 2397 παριστῶντες
2526 2328 2621 2400 τὴν
2652 2327 2969 2381 στίλϐουσαν
2992 2326 3039 2380 δ.
3072 2325 3318 2378 Ἐπειδὰν
3341 2326 3395 2377 66
3419 2325 3512 2379 καὶ
3535 2324 3704 2378 ταῦτα

2135 2413 2229 2465 7.61
2252 2412 2414 2483 ἕτερα
2446 2412 2581 2482 πρὸς
2616 2410 2826 2474 τούτοις
2845 2408 3259 2474 καταλέξαντες,
3293 2409 3366 2479 μὴ
3405 2406 3701 2478 δυνηθῶσιν

2136 2497 2352 2551 ἃπασαν
2384 2495 2459 2567 τῷ
2495 2496 2638 2567 λόγῳ
2688 2495 3033 2567 παραστῆσαι
3066 2494 3163 2564 τὴν
3206 2493 3579 2563 λαμπρότητα,
3611 2491 3700 2544 εὐ-

2135 2580 2269 2643 θέως
2300 2580 2456 2633 τοῦτο
2482 2582 2774 2647 ἐπάγουσι’
2811 2580 2874 2632 Τί
2903 2579 2982 2631 δεῖ
3007 2579 3073 2631 τὰ
3113 2577 3281 2630 πολλά
3310 2577 3517 2645 λέγειν;
3558 2575 3704 2640 ἅπαξ

2131 2664 2206 2727 ὡς
2239 2663 2484 2732 βασιλεύς
2504 2679 2518 2695 ο
2545 2663 2631 2716 διὰ
2653 2662 2769 2725 τοῦ,
2792 2662 2888 2725 ὡς,
2912 2662 2971 2714 06
2996 2662 3054 2714 16
3084 2661 3343 2731 βασιλέως
3364 2661 3544 2730 ὅμοιον
3565 2654 3702 2712 εἶναι

2132 2745 2297 2810 δεῖξαι
2335 2746 2643 2817 βουλόμενοι
2681 2746 2866 2799 τοῦτον
2914 2746 3040 2816 περὶ
3082 2734 3141 2795 66
3181 2744 3359 2797 πάντα
3412 2742 3658 2811 λέγουσιν
3681 2781 3697 2805 ,

2133 2832 2269 2885 ἀλλά
2302 2832 2360 2884 16
2409 2832 2570 2885 αὑτὸν
2602 2830 2824 2901 βασιλέα
2853 2832 3074 2901 γνήσιον
3117 2825 3276 2886 εἶναι.
3319 2828 3474 2884 Οῦτω
3520 2828 3702 2881 τοίνυν

2132 2915 2226 2969 καὶ
2253 2915 2280 2967 6
2313 2914 2695 2985 εύαγγελιστὴς
2722 2914 2801 2978 τὸ,
2837 2914 2947 2979 Ὡς,
2973 2914 3200 2978 τέθεικε,
3232 2913 3291 2966 16
3318 2910 3701 2984 παρηλλαγμέ-

2134 3016 2223 3053 νον
2254 2999 2354 3068 1?};
2386 2996 2542 3066 δόξης
2573 2999 2666 3052 καὶ
2695 2997 2960 3069 ὑπερέχον
2986 2996 3327 3068 ἀσυγκρίτως
3356 2997 3700 3067 παραστῆσαι

2132 3082 2320 3136 θέλων.
2348 3084 2409 3135 Οἰ
2459 3084 2553 3153 μὲν
2585 3081 2699 3152 γάρ
2737 3081 2884 3136 ἄλλοι
2915 3081 3117 3143 πάντες
3138 3122 3152 3146 ,
3194 3081 3287 3135 καὶ
3320 3080 3561 3147 ἄγγελοι,
3607 3081 3701 3134 καὶ

2132 3165 2481 3237 ἀρχάγγελοι,
2512 3165 2605 3218 καὶ
2660 3167 2955 3236 προφῆται,
2989 3164 3445 3235 προσταττόμενυι
3473 3165 3490 3205 ί
3524 3164 3700 3216 πάντα

2131 3251 2371 3303 ἐποίουν·
2402 3250 2560 3313 6616;
2587 3248 2642 3302 δὲ
2673 3251 2787 3319 μετ’
2824 3248 3070 3315 ἐξουσίας
3097 3247 3305 3318 βασιλεῖ
3338 3249 3431 3301 καὶ
3467 3248 3698 3318 δεσπότῃ

2132 3334 2445 3405 πρεπούσης
2468 3349 2481 3364 ·
2529 3335 2663 3402 ὅπερ
2708 3328 2801 3385 οῦν
2839 3334 2931 3385 καὶ
2968 3334 3016 3384 οἰ
3074 3332 3221 3402 ὄχλοι
3255 3329 3582 3403 ἐθαύμαζον,
3616 3332 3699 3385 ὅτι

2130 3418 2406 3471 ἐδίδασκεν
2435 3417 2629 3478 66106;
2669 3418 2743 3479 ὡς
2770 3415 3018 3479 ἐξουσίαν
3051 3414 3207 3483 ἔχων.

2203 3502 2266 3572 β’.
2309 3502 2612 3570 Ἐφάνησαν
2630 3499 2727 3570 μὲν
2745 3495 2856 3564 οὖν,
2876 3500 3009 3570 ὅπερ
3025 3492 3196 3559 εἷπον,
3217 3497 3308 3551 καὶ
3326 3496 3543 3566 ἄγγελοι
3563 3497 3699 3568 μετά

2129 3586 2285 3658 δόξης
2319 3585 2517 3655 πολλῆς
2544 3584 2635 3636 ἐπὶ
2670 3582 2767 3651 τῆς
2795 3583 2896 3652 γῆς
2918 3599 2930 3611 ·
2968 3578 3079 3634 οἷον
3110 3583 3200 3635 ἐπ)⁸
3227 3581 3321 3635 τοῦ
3358 3582 3572 3652 Δανιὴλ,
3604 3581 3697 3633 ἐπὶ

2127 3670 2221 3723 τοῦ
2250 3667 2426 3728 Δαυῒδ,
2462 3667 2552 3718 ἐπὶ
2592 3666 2684 3718 τοῦ
2714 3665 3016 3728 Μωῦσέως·
3048 3666 3160 3717 ἀλλ’
3188 3666 3262 3729 ὡς
3287 3665 3463 3719 δοῦλοι
3493 3666 3585 3718 καὶ
3609 3664 3695 3717 δε·-

2130 3754 2335 3820 σπότην
2361 3750 2591 3821 ἔχοντες,
2622 3749 2761 3803 οὕτω
2790 3750 2968 3803 πάντα
2998 3749 3293 3821 ἔπραττον·
3343 3750 3503 3813 6616;
3524 3749 3581 3802 66
3621 3748 3698 3811 ὡς

2126 3837 2391 3906 δεσπότης
2425 3837 2518 3888 καί
2546 3834 2763 3888 πάντων
2790 3835 3026 3905 κρατῶν,
3059 3835 3153 3887 καὶ
3188 3835 3359 3888 ταῦτα
3395 3835 3511 3905 μετ’
3542 3836 3695 3888 εὐτε-

2126 3920 2251 3985 λοῦς
2278 3922 2552 3991 σχήματος
2598 3918 2693 3972 καὶ
2722 3917 2976 3971 ταπεινοῦ
3007 3919 3194 3987 φανείς
3212 3934 3228 3950 ο
3272 3916 3385 3971 ἀλλ’
3414 3920 3561 3990 ὅμως
3604 3919 3697 3972 καὶ

2125 4003 2364 4074 οὖτωςὴ
2406 4004 2582 4066 κτίσις
2626 4001 2716 4055 16v
2764 4001 3040 4072 Δεσπότην
3092 4002 3305 4069 ἐπέγνω
3341 4002 3431 4055 τὸν
3479 4004 3693 4072 ἐαυτῆς.

2126 4091 2251 4154 Πῶς
2286 4090 2300 4139 i
2329 4107 2342 4154 ;
2383 4088 2580 4159 Ἀστὴρ
2610 4087 2706 4159 μὲν
2740 4086 2848 4158 γὰρ
2886 4086 2979 4139 ἀπ’
3010 4086 3238 4157 οὐρανοῦ
3273 4089 3476 4156 μάγους
3519 4086 3696 4139 καλῶν

2125 4173 2599 4244 προσκυνήσοντας
2624 4171 2783 4223 αὐτόν
2807 4187 2819 4201 ο
2844 4169 3088 4238 ἀγγέλων
3106 4169 3162 4221 δέ
3184 4170 3337 4239 δχλος
3367 4168 3532 4231 πολὺς
3562 4186 3695 4221 παν-

2123 4256 2291 4328 ταχοῦ
2349 4255 2646 4326 κεχυμένος
2688 4254 2778 4307 τὸν
2832 4254 3105 4322 Δεσπότην
3141 4252 3545 4323 περιεπόντων,
3602 4253 3696 4305 x61

2124 4338 2501 4410 ἀνυμνούντων
2527 4338 2714 4391 αὐτόν·
2740 4338 2833 4389 καὶ
2852 4337 3027 4408 ἕτεροι
3047 4338 3103 4390 δὲ
3128 4335 3385 4405 ἐξαπίνης
3406 4335 3697 4404 ἀνεφύοντο

2126 4425 2383 4493 κήρυκες,
2406 4423 2499 4476 καὶ
2528 4421 2726 4483 πάντες
2752 4420 2997 4490 ἀλλήλοις
3023 4420 3368 4483 ἀπαντῶντες
3392 4420 3440 4483 ιι,
3468 4421 3691 4491 εὐηγγεε

2124 4509 2329 4573 λίζοντο
2355 4508 2414 4560 16
2442 4507 2748 4577 ἀπόρρητον
2772 4504 2930 4557 τοῦτο
2956 4506 3269 4575 μυστήριον,
3295 4507 3420 4568 τοὺς
3455 4505 3553 4574 μὲν
3586 4521 3697 4557 ποι-

2129 4593 2293 4664 μένας
2325 4593 2374 4643 οἰ
2408 4591 2647 4659 ἄγγελοι,
2679 4589 2803 4652 τοὺς
2846 4588 2901 4640 δὲ
2930 4588 3029 4656 τῆς
3064 4588 3270 4652 πόλεως
3301 4589 3351 4639 οἰ
3398 4589 3653 4659 ποιμένες
3674 4603 3693 4622 ⁶

2125 4676 2217 4727 καὶ
2256 4673 2369 4746 [68]
2402 4673 2499 4743 τὴν
2534 4672 2631 4742 μὲν
2664 4672 2881 4740 Μαρίαν
2922 4671 3009 4723 καὶ
3041 4670 3137 4739 τὴν
3192 4670 3491 4728 Ἐλισάϐετ.
3522 4673 3550 4724 6
3585 4671 3692 4725 Γα-

2124 4758 2303 4829 ϐριὴλ,
2330 4759 2456 4820 τοὺς
2485 4756 2541 4809 δὲ
2581 4756 2659 4817 εἰς
2690 4754 2751 4807 16
2791 4755 2931 4824 ἰερδν
2962 4754 3426 4823 παραγινομένους
3457 4756 3491 4824 ἡ
3528 4756 3694 4808 ’Δννα

2127 4844 2263 4914 μετά
2295 4840 2387 4895 τοῦ
2406 4839 2649 4910 Συμεὼν.
2677 4839 2790 4891 Οὐκ
2814 4839 3003 4908 ἄνδρες
3036 4839 3091 4891 δέ
3121 4839 3214 4890 καὶ
3245 4840 3500 4907 γυναῖκες
3534 4839 3693 4908 μόνον

2123 4927 2225 4978 67:6
2257 4925 2353 4995 1?};
2385 4924 2578 4993 ἡδονῆς
2612 4921 3023 4992 ἐπηρώθησαν,
3061 4920 3195 4973 ἀλλά
3238 4922 3332 4973 καὶ
3364 4921 3424 4974 16
3468 4922 3694 4991 μηδέπω

2123 5010 2319 5080 βρέφος
2347 5009 2426 5066 εἰς
2457 5008 2569 5075 φῶς
2592 5004 2823 5070 ἐξελθὸν,
2842 5008 2869 5057 6
2897 5007 2995 5075 1?};
3024 5006 3229 5075 ἐρήμου
3264 5004 3506 5075 πολίτης,
3526 5006 3690 5074 λέγω,

2121 5092 2215 5145 καὶ
2244 5090 2431 5143 τούτου
2468 5087 2753 5159 ὁμώνυμος
2790 5088 2882 5140 τοῦ
2917 5087 3319 5155 εὐαγγελιστοῦ,
3342 5089 3687 5159 ἐσκίρτησεν,

2120 5179 2177 5229 ἐν
2206 5177 2270 5245 τῇ
2298 5173 2450 5241 νηδύϊ
2476 5173 2575 5242 τῆς
2603 5170 2806 5242 μητρὸς
2836 5169 2908 5223 ὢν
2941 5170 3039 5233 ἔτι,
3068 5170 3160 5223 καὶ
3188 5171 3391 5234 πάντες
3423 5173 3688 5243 μετέωροι

2120 5262 2236 5321 ταῖς
2271 5257 2450 5311 ἐλπίσι
2477 5255 2613 5326 πρὸς
2650 5254 2719 5326 τὰ
2758 5249 3195 5326 μέλλοντα-ἦσαν.
3237 5255 3351 5326 _K_61
3382 5254 3553 5326 16616
3588 5256 3688 5323 μὲν

2120 5328 2273 5399 παρὰ
2299 5324 2576 5399 τὸνξτόκον
2591 5325 2791 5399 εὐθέως
2811 5342 2829 5399 -_
2867 5325 2951 5376 615
2983 5324 3161 5399 66_6111
3194 5324 3353 5399 πλέον
3385 5325 3575 5399 ἑαυτὸν
3602 5326 3689 5389 ἐξ·

2120 5394 2306 5469 ἐφηνε,
2343 5397 2502 5452 πάλιν
2530 5398 2696 5469 ἐτερα
2733 5394 2983 5469 θαύματα
3005 5394 3111 5469 τῶν
3145 5395 3690 5469 προτέρωνλέφαίνετο

2123 5464 2363 5538 μείζονα.
2382 5467 2593 5538 Οὐκέτι
2747 5465 3036 5538 ἀστὴρ-καὶ
3058 5464 3448 5538 ολύρανὸςίούδέ
3464 5466 3688 5538 Δἄγγελοι

2119 5534 2213 5593 καὶ
2240 5537 2586 5611 ἀρχάγγελοι,
2604 5534 2722 5589 0666
2747 5534 2983 5606 Γαϐριὴλ
3015 5535 3107 5587 καὶ
3125 5535 3363 5607 Μιχαὴλ,
3391 5536 3504 5589 ἀλλ’
3527 5536 3689 5600 6616;

2179 5693 2209 5733 δ
2230 5695 2379 5745 Savil.
2405 5700 2456 5743 el
2477 5693 2618 5743 codd.
2648 5692 2740 5741 705
2760 5694 2847 5757 τήν
2868 5693 3114 5757 στρωμνήν
3134 5693 3221 5750 τὴν
3245 5695 3431 5751 ἁπαλὴν
3452 5696 3532 5742 καὶ
3557 5696 3691 5743 στίλ-

2119 5758 2297 5804 ϐουσαν
2328 5757 2727 5819 (ἀποστίλϐουσαν
2750 5756 2854 5803 cod.
2896 5753 3027 5810 705).
3074 5753 3192 5819 M91”.
3222 5757 3305 5812 τὴν
3326 5757 3552 5819 καθέδραν
3571 5773 3687 5819 παρ.

2125 5819 2313 5868 iCodd.
2353 5817 2462 5869 705.
2493 5817 2611 5871 706,
2640 5816 2805 5863 16616.
2876 5820 2891 5865 Ι
2934 5818 3071 5872 Πῶς;
3114 5816 3257 5863 ἀθεεὶ
3294 5819 3343 5864 in
3377 5816 3527 5865 Savil.
3576 5816 3685 5866 M01

2120 5880 2290 5927 Morel.
2320 5880 2527 5940 ἀγγέλων
2549 5879 2599 5926 δέ
2619 5879 2757 5939 δῆμοι
2787 5878 2989 5940 οὐράνιοι
3010 5878 3275 5940 φαινόμενοι
3309 5879 3384 5925 ἐπὶ
3402 5885 3487 5938 γῆς
3520 5882 3590 5939 τῷ
3609 5880 3691 5927 δε..

2119 5942 2274 6001 σπότῃ
2311 5939 2651 6001 διακονούντων
2682 5940 2763 5986 καὶ
2789 5939 3127 5999 ἀνυμνοῦντων.
3156 5939 3369 5986 Savilius
3403 5948 3455 5987 et
3492 5953 3608 5991 mss.
3636 5947 3692 5990 ut

2025 6022 2033 6027 ν
2122 5999 2266 6051 σοι)τὰ
2287 5999 2487 6051 habent.
2555 6002 2581 6039 ι
2605 5999 2723 6048 Mor.
2752 6002 2995 6053 συνιόντες.
3022 6003 3131 6049 Sav.
3161 6001 3455 6055 ἀπαντῶντες
