4074 6374
463 417 533 473 εδ
1159 411 1216 470 ἱ
1253 410 1528 469 ΙΟΔΝΝΙΒ
1564 406 2030 468 CHRYSOSTOMI

2143 406 2386 463 lCHlEP.
2425 406 2956 464 CONSTANTINOP.
3645 409 3713 464 8b

467 536 642 591 Patre.
669 533 848 605 Neque
870 540 1084 607 propter
1113 531 1199 586 illa
1225 529 1418 595 solum,
1440 528 1534 584 sed
1557 537 1768 598 propter
1789 542 1849 581 ea
1875 526 2034 580 etiam

465 644 583 697 qua:
630 638 851 698 sequuta
895 636 1037 681 sunt.
1066 623 1178 678 Non
1208 623 1344 676 ultra
1373 623 1516 678 enim
1547 630 1788 690 pastores
1813 625 2037 681 tantum,

468 720 548 773 vel
601 718 793 784 viduae,
845 716 932 772 vel
979 730 1134 772 senes
1183 713 1336 769 nobis
1383 713 1529 767 illum
1572 705 2036 773 annuntiant;sed

464 813 627 868 etiam
674 813 786 880 ipsa
831 824 1007 864 rerum
1055 807 1418 862 natura‘tuba
1462 806 1657 860 clarius
1700 805 1955 863 clamans,
1988 812 2042 856 et

471 915 577 958 tam
608 904 711 957 alta
739 917 891 967 voce,
924 911 980 954 ut
1006 900 1120 968 ejus
1147 914 1310 953 sonus
1336 897 1514 954 statim
1556 895 1828 963 hucusque
1855 909 2042 964 perve-

469 997 630 1052 nerit.
662 994 908 1050 Pervenit
941 993 1104 1056 enim,
1141 991 1332 1060 inquit,
1361 1003 1527 1059 usque
1571 986 1625 1042 in
1668 987 1875 1057 Syriam
1903 986 2038 1038 fama

465 1089 583 1158 ejus
612 1087 819 1160 (Matth.
854 1086 906 1140 4.
935 1083 1050 1155 24),
1081 1099 1198 1152 qua:
1242 1084 1415 1152 ipsum
1443 1080 1694 1135 omnibus
1738 1077 1993 1133 revelavit
2023 1094 2037 1129 :

466 1179 640 1233 omnia
658 1177 890 1246 undique
904 1175 1221 1237 clamabant,
1246 1188 1425 1242 regem
1441 1173 1688 1226 caelorum
1706 1169 2039 1224 adventasse.

466 1270 598 1325 Nam
627 1271 897 1325 daemones
924 1268 1154 1338 undique
1181 1265 1452 1336 fugiebant
1489 1273 1543 1318 et
1565 1262 1890 1325 resiliebant,
1923 1261 2040 1316 dia-

465 1364 621 1420 bolus
649 1362 928 1417 obvolutus
949 1359 1248 1424 recedebat,
1277 1358 1388 1427 ipsa
1409 1371 1553 1411 mors
1573 1354 1784 1426 repulsa
1809 1353 2039 1419 interim,

465 1470 649 1524 postea
694 1459 906 1527 penitus
944 1455 1138 1509 abolita
1172 1467 1291 1508 eSt:
1323 1466 1482 1506 omne
1525 1447 1846 1503 infirmitatis
1874 1461 2044 1517 genus

480 1552 696 1606 .olutum
723 1558 824 1614 est;
852 1556 1192 1603 monumenta
1212 1554 1451 1600 mortuos
1471 1542 1803 1604 emittebant,
1828 1540 2043 1593 insanos

465 1644 728 1699 dzemonia
772 1641 1159 1712 relinquebant,
1210 1637 1382 1692 morbi
1423 1635 1663 1690 inﬁrmos
1691 1632 2040 1696 deserebant;

468 1738 754 1806 Videreque
782 1745 897 1790 erat
922 1751 1009 1790 res
1051 1732 1338 1804 stupendas
1375 1739 1430 1786 et
1459 1728 1752 1791 mirabiles,
1782 1742 1899 1798 qua:
1920 1728 2043 1796 jure

467 1829 742 1900 propheta:
788 1827 1161 1883 desiderabant
1187 1824 1388 1890 videre,
1433 1833 1488 1878 et
1515 1838 1619 1876 non
1648 1821 1914 1875 viderunt.
1947 1818 2040 1871 Vi-

466 1922 598 1977 dere
647 1929 762 1976 erat
818 1919 1072 1974 formatos
1121 1918 1326 1984 oculos,
1376 1923 1431 1971 et
1482 1915 1612 1970 illud
1653 1922 1758 1967 tam
1789 1912 2040 1982 optabile,

467 2012 621 2082 cujus
666 2025 854 2065 omnes
906 2018 1232 2080 spectatores
1275 2022 1394 2062 esse
1440 2005 1744 2075 cupiebant,
1775 2001 2044 2072 quomodo

467 2107 730 2159 Adamum
758 2103 825 2158 de
847 2112 985 2157 terra
1011 2103 1288 2156 formasset
1315 2100 1475 2163 Deus,
1504 2099 1555 2153 id
1581 2097 1726 2153 brevi
1758 2096 1881 2150 etin
1911 2110 2046 2165 prae-

466 2197 725 2252 stantiore
784 2195 1023 2264 corporis
1089 2201 1240 2262 parte
1302 2191 1671 2246 ostendentem
1731 2187 2039 2251 Christum;

467 2289 704 2343 membra
731 2288 946 2357 insuper
972 2285 1198 2356 paralysi
1229 2283 1400 2339 soluta
1427 2291 1483 2336 et
1509 2281 1784 2344 dissoluta,
1813 2279 1921 2349 jam
1954 2292 2041 2331 re-

465 2383 646 2437 stituta
701 2393 756 2437 et
807 2380 1014 2435 caeteris
1061 2379 1327 2448 copulata,
1356 2389 1544 2431 manus
1587 2382 1857 2429 emortuas
1895 2381 2040 2426 motu

461 2473 778 2543 gaudentes,
825 2469 988 2540 pedes
1036 2469 1240 2525 solutos
1284 2476 1503 2537 repente
1528 2465 1855 2530 exsilientes,
1883 2478 2041 2517 aures

463 2565 762 2620 obstructas
787 2564 894 2632 jam
922 2571 1151 2630 apertas,
1184 2569 1238 2615 et
1266 2561 1494 2629 linguam
1533 2572 1727 2627 magno
1753 2556 1928 2610 sonitu
1958 2555 2039 2608 lo-

460 2665 736 2728 quentem,
767 2671 886 2725 qua:
915 2655 1060 2725 prius
1086 2663 1230 2708 muta
1251 2660 1382 2706 erat.
1407 2647 1866 2718 Quemadmodum
1896 2647 2036 2701 enim

460 2751 692 2818 optimus
716 2748 1058 2810 architectus,
1087 2745 1305 2801 domum
1331 2753 1593 2799 vetustate
1619 2742 1885 2797 labantem
1916 2759 1929 2794 :
1962 2739 2038 2794 sic

459 2843 552 2897 ille
582 2841 866 2896 humanam
911 2851 1152 2894 naturam
1199 2839 1449 2901 restituit,
1495 2845 1672 2906 partes
1713 2834 1908 2889 fractas
1948 2849 2037 2886 re-

461 2934 639 2999 sarsit,
697 2933 990 3002 disjunctas
1039 2941 1094 2987 et
1143 2930 1431 2985 dissolutas
1482 2927 1770 2997 copulavit,
1825 2925 2038 2996 penitus

460 3027 637 3095 lapsas
661 3026 846 3079 erexit.
877 3023 1012 3091 Quid
1033 3022 1323 3078 dixerimus
1344 3022 1412 3076 de
1431 3022 1622 3074 animae
1641 3017 2034 3081 reformatione,

461 3118 733 3188 corporeis
783 3115 1146 3170 curationibus
1196 3114 1352 3183 longe
1407 3110 1812 3184 praestantiore?
1850 3108 2034 3178 Magna

460 3223 549 3263 res
599 3219 746 3263 certe
794 3216 878 3263 est
926 3207 1166 3276 corporis
1214 3205 1479 3271 valetudo,
1533 3204 1627 3258 sed
1675 3203 1843 3257 multo
1867 3201 2039 3269 major

461 3299 687 3364 animae;
740 3309 994 3369 tantoque
1033 3299 1226 3367 major,
1257 3306 1455 3367 quanto
1497 3295 1670 3348 anima
1705 3291 2038 3362 praistantior

460 3405 543 3448 est
570 3410 833 3464 corpore:
868 3408 1039 3464 neque
1095 3392 1194 3446 hac
1241 3399 1440 3444 tantum
1495 3389 1722 3453 ratione,
1777 3387 1871 3442 sed
1915 3385 2036 3455 quia

460 3500 743 3555 corporum
796 3494 1017 3550 natura,
1066 3498 1401 3554 quocumque
1441 3482 1584 3535 illam
1637 3480 1767 3535 velit
1816 3479 2038 3534 Creator

461 3593 642 3646 agere,
687 3578 945 3647 sequitur,
996 3592 1096 3632 nec
1134 3576 1368 3639 resistit;
1415 3575 1589 3628 anima
1639 3587 1770 3627 vero
1809 3587 1927 3643 quae
1955 3573 2037 3629 sui

461 3670 664 3724 arbitrii
708 3679 810 3736 est,
853 3679 908 3725 et
949 3670 1002 3724 in
1041 3669 1245 3724 actibus
1294 3669 1592 3724 libertatem
1624 3667 1804 3735 habet,
1845 3683 1950 3722 non
1985 3668 2036 3722 in

459 3763 708 3819 omnibus
731 3764 1062 3833 obtemperat
1089 3765 1216 3826 Deo,
1247 3763 1290 3817 si
1317 3762 1529 3832 quidem
1558 3763 1707 3816 nolit.
1728 3761 1876 3816 lllam
1895 3761 2036 3817 enim

462 3853 679 3908 invitam
707 3870 813 3908 non
842 3856 955 3908 vult
984 3854 1124 3909 Deus
1153 3870 1249 3924 per
1281 3855 1382 3909 vim
1415 3863 1470 3908 et
1497 3855 1887 3914 necessitatem.
1918 3854 2038 3924 pul-

461 3946 648 3999 chram
675 3954 730 4000 et
759 3946 951 4000 virtute
994 3946 1267 4015 praeditam
1318 3946 1545 4002 reddere
1574 3965 1586 4002 :
1614 3947 2038 4018 quandoquidem

461 4038 591 4093 illud
619 4039 786 4094 virtus
819 4053 922 4091 non
948 4045 1092 4092 esset
1120 4051 1136 4095 :
1164 4038 1257 4092 sed
1287 4038 1362 4092 illi
1384 4038 1582 4093 volenti
1604 4047 1656 4093 et
1681 4038 1883 4094 lubenti
1911 4052 2037 4093 sua-

461 4129 714 4194 dendum,
747 4140 803 4183 ut
832 4129 954 4183 talis
978 4129 1239 4185 efficiatur
1266 4149 1279 4183 :
1314 4130 1365 4184 id
1403 4130 1545 4200 quod
1575 4131 1730 4201 longe
1769 4130 2038 4186 difﬁcilius

461 4234 544 4280 est
571 4237 730 4293 quam
763 4224 850 4276 illa
876 4223 977 4276 alia
1004 4224 1226 4277 curatio.
1262 4222 1319 4277 ltl
1364 4233 1538 4277 tamen
1567 4221 1694 4278 fecit
1718 4223 1829 4290 ille,
1880 4237 2040 4294 atque

463 4315 715 4386 nequitiae
740 4330 906 4384 genus
935 4329 1096 4368 omne
1122 4313 1396 4384 depulsum
1424 4324 1524 4368 est.
1549 4317 1624 4368 Ac
1650 4315 1786 4370 sicut
1814 4329 2038 4384 corpora

461 4408 602 4465 bene
650 4418 830 4462 curata
872 4423 975 4461 non
1020 4406 1086 4461 ad
1119 4406 1478 4461 valetudinem
1522 4409 1702 4473 modo,
1734 4409 1828 4463 sed
1857 4408 1922 4463 ad
1951 4425 2041 4462 su-

462 4516 706 4571 premum
733 4499 973 4554 sanitatis
990 4509 1183 4554 statum
1209 4498 1420 4554 reduxit
1452 4517 1464 4552 :
1495 4500 1571 4554 sic
1591 4510 1645 4554 et
1671 4503 1896 4566 animas,
1932 4517 2036 4554 non

465 4596 624 4652 tnodo
650 4595 715 4648 ab
743 4605 978 4648 extrema
1011 4593 1246 4662 nequitia
1273 4593 1485 4662 eripuit,
1517 4593 1611 4647 sed
1639 4594 1703 4647 ad
1735 4594 1904 4663 ipsum
1937 4594 2042 4647 vir-

462 4687 591 4743 tutis
620 4686 832 4740 culmen
882 4684 1070 4739 erexit.
1124 4683 1446 4738 Publicanus
1498 4683 1666 4738 factus
1705 4693 1790 4738 est
1827 4696 2043 4754 aposto-

464 4786 581 4846 lus;
614 4789 980 4850 persequutor,
1015 4777 1352 4845 blasphemus
1375 4783 1431 4830 et
1457 4775 2041 4838 contumeliosus,orbis

466 4871 783 4942 prmdicator
828 4869 965 4923 fuit:
1012 4867 1170 4936 magi,
1223 4866 1529 4921 Judaeorum
1575 4865 1854 4931 doctores;
1883 4866 2036 4933 latro,

466 4962 694 5034 paradisi
724 4962 886 5025 civis;
919 4961 1191 5023 meretrix,
1225 4958 1328 5014 ﬁde
1355 4974 1543 5029 magna
1568 4958 1804 5025 refulsit;
1836 4960 2044 5014 Chana-

465 5071 578 5110 nzea
605 5065 660 5110 et
680 5054 1010 5108 Samaritana
1033 5052 1300 5117 mulieres,
1333 5067 1554 5121 quarum
1579 5060 1842 5120 postrema
1870 5068 2042 5108 mere-

468 5151 567 5205 trix
595 5157 737 5214 erat;
767 5165 833 5203 ex
858 5147 962 5213 his,
987 5147 1222 5216 inquam,
1255 5145 1564 5200 mulieribus
1592 5145 1758 5200 altera
1789 5146 2042 5214 praedica-

466 5243 664 5298 tionem
716 5239 855 5309 apud
903 5235 1232 5292 contribules
1284 5250 1409 5289 suos
1459 5236 1713 5305 suscepit,
1770 5244 2041 5307 totamque

469 5335 738 5388 civitatem
771 5330 917 5400 quasi
947 5343 1139 5397 sagena
1169 5337 1376 5395 captam
1407 5327 1472 5381 ad
1499 5326 1770 5382 Christum
1795 5327 2036 5396 adduxit;

467 5423 634 5477 altera
664 5433 839 5475 autem
868 5419 970 5474 ﬁde
995 5426 1049 5473 et
1071 5417 1379 5471 assiduitate
1408 5417 1460 5470 id
1487 5416 1680 5481 effecit,
1725 5425 1784 5471 ut
1831 5417 2039 5472 daemon

471 5513 728 5581 malignus
752 5528 819 5566 ex
846 5512 964 5564 lilia:
989 5525 1099 5564 sure
1125 5509 1298 5562 anima
1335 5508 1643 5577 pelleretur.
1687 5510 1789 5564 Alii
1831 5526 2042 5581 quoque

470 5605 625 5673 longe
648 5603 730 5658 his
759 5603 967 5673 pejores
1017 5603 1067 5656 in
1115 5599 1498 5670 discipulorum
1544 5616 1822 5656 numerum
1861 5604 2038 5657 statim

470 5694 902 5749 admittebantur.
927 5694 1114 5748 Omnia
1141 5692 1299 5746 simul
1323 5693 1830 5759 transmutabantur,
1854 5709 2041 5764 corpo-

546 5868 559 5896 ¹
605 5875 741 5922 δεινίι.
780 5875 917 5941 legit,
943 5874 1048 5937 ipso
1073 5887 1236 5924 rerum
1258 5885 1362 5924 vox.

2147 539 2262 578 rum
2290 523 2648 593 aegritudines,
2673 524 2840 578 morbi
2871 524 3187 589 animarum,
3211 539 3328 594 quae
3348 524 3412 580 ad
3431 528 3710 582 sanitatem

2146 614 2538 684 perfectamque
2559 616 2803 670 virtutem
2831 615 3236 671 reducebantur.
3259 616 3366 672 Nec
3379 617 3485 673 duo
3511 629 3712 673 tantum

2146 713 2409 779 homines,
2450 725 2540 769 aut
2586 725 2712 783 tres,
2761 727 2852 771 aut
2880 704 3135 788 qumque,
3181 719 3261 774 vel
3291 717 3496 784 decem,
3527 717 3609 771 vel
3641 717 3716 769 vi.

2143 804 2298 874 ginti,
2332 807 2413 860 vel
2441 818 2652 862 centum
2675 808 3030 877 solummodo,
3081 811 3173 864 sed
3214 810 3432 880 integra:
3476 810 3716 864 civitates

2145 905 2199 949 et
2223 907 2408 965 gentes
2457 897 2705 954 facillime
2734 903 3238 956 transmutabantur.
3265 902 3393 968 Quis
3420 917 3545 956 vero
3574 916 3716 970 prae-

2145 997 2420 1054 ceptorum
2465 989 2800 1056 sapientiam,
2859 993 3148 1046 caelestium
3196 992 3371 1063 legum
3422 993 3714 1055 virtutem,

2145 1081 2397 1149 angelicae
2464 1083 2585 1136 vitze
2653 1085 2892 1138 ordinem
2943 1085 3100 1154 digne
3157 1085 3539 1156 descripserit?
3589 1086 3717 1141 Tale

2147 1171 2340 1241 quippe
2368 1172 2573 1227 induxit
2601 1175 2721 1227 vitae
2745 1190 2933 1244 genus,
2978 1177 3108 1231 tales
3149 1177 3300 1231 nobis
3340 1178 3608 1232 constituit
3644 1179 3718 1231 le-

2145 1263 2259 1330 ges,
2294 1263 2452 1317 talem
2482 1279 2690 1318 morum
2720 1265 2967 1331 formam,
2996 1268 3162 1338 utqui
3186 1268 3252 1322 iis
3277 1277 3513 1335 utuntur,
3543 1270 3716 1338 angeli

2146 1354 2324 1406 statim
2376 1354 2694 1422 efficiantur,
2747 1366 2800 1410 et
2848 1366 3101 1427 quantum
3161 1359 3362 1413 homini
3413 1359 3555 1427 licet,
3610 1361 3718 1413 Deo

2145 1447 2348 1500 similes
2372 1489 2386 1512 ,
2427 1449 2526 1502 etsi
2566 1450 2802 1503 omnium
2847 1451 3116 1505 hominum
3156 1451 3465 1521 nequissimi
3501 1450 3714 1506 fuerint.

2218 1540 2269 1593 5.
2294 1538 2359 1592 1η
2379 1541 2554 1602 quibus
2577 1543 2684 1594 visa
2708 1544 2770 1595 sit
2787 1543 2948 1611 gloria
2971 1541 3156 1598 Cltristi
3175 1546 3318 1614 quasi
3333 1545 3496 1616 gloria
3527 1545 3716 1617 Unige-

2147 1630 2240 1681 niti
2266 1646 2298 1682 a
2322 1629 2496 1684 Putre.
2538 1631 2863 1686 Diuiuitatem
2884 1633 3069 1688 Christi
3087 1645 3304 1703 potestas
3324 1637 3434 1705 ejus
3455 1638 3715 1705 prwdicat.

2149 1720 2325 1776 Gloria
2361 1721 2547 1777 Christi
2585 1725 2638 1778 in
2681 1727 2818 1779 uelis
2858 1737 3089 1797 quanta;
3116 1727 3183 1779 ad
3208 1726 3298 1780 illa
3337 1728 3604 1797 fruendum
3634 1746 3720 1782 uo-

2123 1814 2245 1866 ‘cati
2283 1831 2476 1868 sumus.
2513 1845 2581 1856 —
2610 1816 2734 1870 Haec
2761 1817 2934 1887 itaque
2965 1819 3139 1872 omnia
3172 1821 3423 1875 miracula
3461 1822 3719 1891 colligens

2147 1907 2492 1977 evangelista,
2525 1924 2643 1978 qua:
2670 1909 2723 1962 in
2763 1911 3096 1980 corporibus,
3123 1926 3241 1982 qua:
3270 1912 3321 1966 in
3351 1913 3561 1977 animis,
3599 1929 3718 1982 qua:

2146 1998 2199 2052 in
2248 2000 2560 2066 elementis;
2619 2016 2825 2056 necnon
2880 2013 3164 2072 praecepta,
3221 2003 3359 2058 dona
3392 2005 3478 2058 illa
3524 2020 3717 2060 arcana

2147 2092 2276 2162 ipsis
2302 2093 2447 2148 cmlis
2478 2094 2808 2158 sublimiora,
2841 2094 3007 2163 leges,
3040 2096 3161 2150 vita:
3206 2096 3526 2163 institutum,
3556 2097 3716 2152 obse-

2144 2187 2438 2254 quentiam,
2470 2185 2766 2240 futurorum
2797 2189 3198 2257 promissiones,
3250 2190 3471 2260 ejusque
3513 2193 3718 2246 crueia-

2146 2284 2246 2338 tus,
2301 2277 2437 2331 hanc
2493 2280 2789 2333 mirabilem
2841 2289 2894 2334 et
2949 2281 3162 2334 sublimi
3216 2282 3458 2337 doctrina
3505 2285 3713 2353 plenam

2144 2369 2321 2423 emisit
2348 2385 2530 2425 vocem
2563 2387 2575 2423 :
2615 2370 2843 2424 Vidimus
2890 2372 3104 2442 gloriam
3156 2374 3283 2440 ejus,
3333 2375 3546 2444 gloriam
3570 2375 3717 2442 quasi

2149 2460 2406 2531 Unigeuiti
2451 2479 2483 2515 a
2531 2461 2706 2528 Patre,
2760 2464 2960 2532 plenum
3012 2466 3189 2533 gratia:
3233 2475 3280 2518 et
3330 2467 3568 2522 veritatis.
3597 2467 3713 2522 Non

2142 2553 2283 2606 enim
2327 2564 2542 2623 propter
2587 2555 2840 2608 miracula
2888 2563 3089 2609 tantum
3117 2555 3288 2625 ipsum
3316 2557 3589 2622 miramur,
3619 2559 3714 2614 sed

2141 2645 2299 2699 etiam
2345 2656 2559 2716 propter
2586 2648 2888 2713 cruciatus;
2938 2656 2993 2701 ut
3032 2663 3152 2701 cum
3198 2648 3388 2703 afﬁxus
3425 2647 3520 2702 fuit
3545 2652 3711 2717 cruci,

2143 2736 2452 2806 ﬁagellatus,
2487 2739 2654 2807 alapis
2680 2753 2869 2803 caesus,
2898 2748 3205 2808 consputus,
3237 2748 3430 2794 etcum
3458 2741 3509 2793 in
3527 2742 3714 2795 maxil-

2142 2833 2207 2886 lis
2235 2834 2414 2903 plagas
2438 2834 2642 2904 accepit
2684 2833 2751 2889 ab
2795 2833 2858 2887 iis
2885 2849 3018 2904 quos
3044 2832 3313 2888 beneﬁciis
3340 2833 3604 2890 all'ecerat.
3646 2836 3716 2890 At

2140 2926 2281 2975 enim
2310 2923 2359 2975 in
2392 2921 2474 2977 his
2499 2938 2710 2993 quoque
2736 2939 2853 2992 quae
2883 2923 3230 2992 ignominiosa
3270 2923 3535 2988 videntur,
3568 2925 3708 2980 idem

2142 3014 2312 3083 ipsum
2341 3015 2540 3070 dictum
2580 3016 2822 3086 apposite
2852 3014 3174 3085 proferatur,
3203 3017 3627 3087 quandoquidem
3658 3027 3714 3074 et

2142 3106 2255 3175 ipse
2284 3122 2396 3162 rem
2421 3107 2584 3172 illam,
2613 3108 2835 3177 gloriam
2865 3108 3172 3177 appellavit.
3214 3108 3328 3163 Non
3359 3110 3502 3165 enim
3532 3113 3712 3182 provi-

2141 3197 2333 3251 dentice
2366 3206 2565 3252 tantum
2593 3207 2647 3252 et
2672 3199 2910 3254 caritatis
2937 3199 3023 3252 illa
3076 3209 3246 3264 erant,
3277 3200 3370 3254 sed
3398 3202 3560 3257 etiam
3611 3203 3713 3257 im-

2141 3302 2340 3342 mensae
2387 3287 2684 3358 potestatis.
2715 3288 2864 3344 Tunc
2892 3290 3032 3344 enim
3064 3298 3118 3344 et
3147 3305 3290 3346 mors
3319 3291 3711 3361 destruebatur,

2141 3388 2194 3434 et
2221 3380 2524 3435 maledictio
2551 3380 2873 3446 solvebatur,
2919 3380 3190 3437 dzemones
3231 3384 3709 3453 confundebantur,

2141 3473 2312 3543 deque
2330 3474 2457 3543 ipsis
2481 3474 2921 3543 triumphabatur,
2949 3483 3002 3528 et
3026 3474 3433 3545 chirographum
3463 3489 3715 3546 peccato-

2142 3580 2258 3618 rum
2285 3565 2426 3618 cruci
2450 3563 2779 3634 afﬁgebatur.
2812 3565 3030 3631 Deinde,
3063 3566 3184 3635 quia
3212 3566 3325 3621 htec
3353 3569 3602 3623 miracula
3623 3570 3715 3630 in-

2142 3653 2419 3709 visibiliter
2461 3655 2804 3725 patrabantur
2833 3698 2849 3723 ,
2895 3657 3134 3726 quaedam
3182 3657 3458 3713 visibiliter
3500 3672 3715 3730 perueta

2140 3757 2303 3811 sunt,
2355 3762 2473 3816 qua:
2519 3745 2949 3802 demonstrarent
3001 3748 3171 3817 ipsum
3215 3763 3335 3804 esse
3386 3751 3709 3820 unigenitum

2141 3843 2333 3896 Filium
2369 3842 2496 3908 Dei,
2528 3842 2794 3911 totiusque
2832 3851 3032 3897 natura:
3076 3843 3376 3898 Dominum.
3418 3843 3548 3898 Nam
3587 3861 3708 3900 cum

2143 3935 2353 3989 beatum
2384 3949 2576 4004 corpus
2616 3934 2790 3989 adhuc
2824 3936 2874 3988 in
2907 3950 3064 3990 cruce
3095 3935 3384 4005 penderet,
3415 3938 3493 3991 sol
3535 3939 3714 3992 radios

2141 4028 2351 4091 avertit,
2378 4035 2517 4080 terra
2545 4027 2760 4080 tremuit
2780 4036 2834 4080 et
2858 4027 3088 4082 tenebris
3113 4028 3320 4097 oppleta
3345 4037 3445 4096 est,
3469 4030 3714 4099 sepulcra

2141 4133 2324 4192 aperta
2349 4164 2364 4190 ,
2396 4131 2552 4177 terrae
2580 4122 2750 4178 solum
2777 4137 3091 4175 concussum
3117 4131 3196 4176 est
3219 4163 3234 4184 ,
3267 4133 3593 4176 mortuorum
3627 4123 3714 4177 in-

2144 4228 2362 4269 numera
2401 4213 2682 4268 multitudo
2723 4213 2952 4278 exsiliit,
2983 4223 3035 4268 et
3073 4213 3122 4266 in
3163 4213 3430 4268 civitatem
3475 4214 3711 4284 ingressa

2143 4313 2225 4360 est
2253 4323 2266 4359 :
2293 4319 2354 4358 ac
2377 4303 2502 4358 dum
2534 4304 2856 4358 monumenti
2902 4302 3065 4372 ipsius
3103 4303 3305 4372 lapides
3333 4303 3518 4358 loculis
3547 4304 3712 4374 aptati

2144 4405 2438 4460 manerent,
2467 4403 2521 4450 et
2549 4394 2814 4464 signacula
2846 4403 3068 4461 starent,
3100 4395 3329 4448 surrexit
3358 4405 3596 4449 mortuus
3625 4396 3714 4452 ille

2143 4490 2231 4558 qui
2257 4489 2401 4544 cruci
2427 4488 2588 4542 clavis
2615 4486 2801 4541 afﬁxus
2828 4487 3017 4550 fuerat,
3045 4502 3106 4541 ac
3132 4488 3323 4542 virtute
3350 4488 3573 4557 quadam
3603 4507 3716 4543 ma-

2143 4596 2242 4651 gna
2281 4580 2511 4649 repletos
2553 4579 2792 4633 undecim
2835 4579 3122 4646 discipulos
3162 4579 3306 4632 misit
3346 4579 3591 4634 omnibus
3621 4597 3717 4650 per

2143 4675 2328 4728 orbem
2357 4671 2689 4737 hominibus,
2721 4686 3030 4726 communes
3061 4681 3261 4724 natura:
3293 4671 3451 4726 totius
3479 4673 3717 4727 medicos

2144 4765 2369 4828 futuros,
2398 4764 2487 4834 qui
2517 4764 2676 4818 vitam
2707 4763 2976 4816 hominum
3004 4764 3368 4828 emendarem,
3397 4764 3718 4818 caelestium-

2143 4872 2246 4926 qne
2275 4855 2579 4925 dogmatum
2621 4854 2860 4908 notitiam
2909 4854 3102 4923 ubique
3130 4854 3539 4909 disseminarent
3560 4895 3577 4923 ,
3609 4855 3718 4910 da:-

2146 4963 2362 5002 monum
2400 4945 2730 5018 tyrannidem
2762 4946 3067 5010 solverent,
3109 4962 3400 5016 magnaque
3429 4955 3483 5000 et
3521 4963 3717 5001 arcana

2146 5037 2281 5092 bona
2305 5038 2546 5092 homines
2566 5036 2821 5092 docerent
2844 5055 2856 5090 :
2877 5038 3066 5090 animae
3089 5037 3537 5091 immortalitatem
3562 5038 3719 5092 nobis

2147 5129 2532 5198 pradicarent,
2578 5128 2921 5197 corporisque
2962 5128 3120 5181 vitam
3165 5138 3456 5192 aeternam,
3501 5128 3717 5196 praemia

2145 5228 2377 5274 mentem
2426 5219 2793 5287 exsuperantia
2841 5227 2894 5272 et
2939 5233 3204 5286 nunquam
3247 5218 3403 5271 ﬁnem
3449 5217 3716 5273 habitura.

2146 5311 2270 5366 llaec
2299 5326 2478 5366 secum
2519 5319 2772 5381 reputans
2801 5311 2982 5365 beatus
3015 5309 3098 5363 ille
3123 5352 3136 5375 ,
3167 5318 3220 5362 et
3246 5311 3346 5364 alia
3378 5311 3524 5379 plura
3550 5351 3565 5375 ,
3598 5327 3718 5379 qurn

2147 5405 2260 5473 ipse
2302 5403 2516 5471 quidem
2555 5412 2806 5468 noverat,
2837 5401 2928 5455 sed
2967 5401 3198 5455 scribere
3236 5403 3434 5467 noluit,
3466 5403 3604 5471 quod
3653 5418 3716 5458 ea

2147 5496 2373 5550 mundus
2393 5511 2497 5550 non
2515 5505 2727 5564 caperet
2749 5494 2889 5564 (nam
2912 5493 3109 5559 omnia,
3139 5493 3325 5562 inquit,
3352 5494 3413 5548 Si
3433 5494 3718 5547 scribantur

2148 5604 2235 5655 per
2262 5588 2480 5656 singula,
2509 5603 2597 5640 nec
2626 5586 2788 5655 ipsum
2817 5585 3032 5638 arbitror
3059 5586 3298 5638 mundum
3323 5602 3499 5656 capere
3525 5603 3607 5640 eos
3631 5588 3717 5655 qui

2145 5681 2392 5734 scribendi
2415 5690 2526 5733 sunt
2557 5679 2708 5733 libros
2731 5677 2916 5750 [Joan.
2943 5677 3033 5732 2i.
3062 5678 3131 5733 25
3151 5677 3166 5750 j
3189 5680 3207 5747 )
3233 5697 3245 5729 :
3275 5679 3389 5733 haec
3412 5719 3427 5742 ,
3461 5678 3714 5747 inquam,

2147 5773 2322 5827 omnia
2368 5772 2604 5841 cogitans
2646 5770 3004 5826 exclamavit:
3045 5768 3269 5822 Vidimus
3312 5770 3524 5840 gloriam
3571 5769 3716 5837 ejus,

2149 5866 2361 5935 gloriam
2388 5864 2528 5934 quasi
2561 5861 2812 5935 Uuigeniti
2840 5878 2872 5916 a
2900 5860 3052 5916 Patre
3076 5902 3090 5927 ,
3120 5863 3321 5931 plenum
3355 5862 3533 5932 gratia
3561 5872 3607 5916 et
3635 5875 3717 5915 ve-
