4074 6374
312 390 386 447 83

310 512 477 565 αὑτὸν
504 512 711 567 ἀνωθεν
739 511 849 567 ἀπὸ
878 512 986 566 τῶν
1021 512 1266 582 οὑρανῶν
1291 514 1591 586 ἐκήρυττεν
1622 517 1651 569 6
1681 513 1894 585 Πατὴρ,

311 598 411 651 καὶ
460 598 599 668 μετά
630 596 722 651 τοῦ
777 597 990 668 lla-:96;
1021 600 1050 650 6
1087 597 1477 669 Παράκλητος,
1528 599 1896 670 ἐφιπτάμενος

310 683 463 753 αὑτῷ
495 683 639 753 μετά
666 682 766 753 τῆς
796 682 1003 753 φωνῆς,
1036 683 1130 737 καὶ
1163 683 1338 753 μένων
1367 685 1454 736 ἐπ’
1479 684 1659 738 αὑτόν.
1688 686 1895 747 Ὄντως

308 766 401 819 διὰ
424 766 602 820 ταῦτα
636 766 844 836 ἔλεγεν·
878 766 1274 836 Ἐθεασάμεθα
1313 767 1429 835 τὴν
1456 768 1646 833 δόξαν
1683 768 1890 833 αὑτοῦ,

307 850 598 917 δόξανὼς
626 851 1006 921 Μονογενοῦς
1037 853 1195 919 παρὰ
1224 854 1473 921 Πατρός.
1496 854 1571 907 Οὑ
1601 852 1689 906 διὰ
1722 852 1894 907 ταῦτα

307 932 367 985 δὲ
404 933 589 1003 μόνον,
620 935 755 988 ἀλλά
787 936 881 989 καὶ
912 936 998 990 διά
1027 935 1094 988 τά
1133 936 1272 1006 μετά
1308 936 1479 990 ταῦτα
1518 936 1674 991 τοῦτό
1704 953 1891 1007 φησιν.

308 1014 426 1067 οὐκ
460 1016 542 1070 ἔτι
576 1017 687 1086 γὰρ
720 1021 979 1089 ποιμένες
1019 1018 1202 1090 μόνον,
1240 1019 1361 1074 οὐδὲ
1406 1019 1573 1091 χῆραι
1611 1022 1889 1089 γυναῖκες,

305 1098 431 1152 οὐδὲ
472 1099 665 1171 ἄνδρες
712 1101 1013 1174 πρεσϐῦται
1067 1104 1215 1174 ἡμᾶς
1253 1106 1727 1173 εὐαγγελίζονται,
1758 1105 1894 1159 ἀλλά

306 1183 405 1235 καὶ
422 1184 564 1255 αὑτὴ
584 1185 692 1238 τῶν
715 1186 1054 1256 πραγμάτων
1079 1189 1111 1257 ή
1137 1186 1297 1255 φύσις
1313 1200 1364 1252 ι,
1386 1189 1569 1258 πάσης
1596 1189 1892 1258 σάλπιγγος

305 1264 692 1338 λαμπρότερον
727 1268 926 1338 βοῶσα,
952 1271 1046 1322 καὶ
1083 1268 1225 1324 οὕτω
1263 1270 1521 1340 γεγωνὸς,
1555 1272 1631 1336 ὡς
1674 1271 1768 1326 καὶ
1803 1273 1890 1325 ἐν·

302 1350 482 1403 ταῦθα
515 1351 686 1422 αὑτῆς
727 1352 930 1417 εὐθέως
971 1354 1305 1426 ἀκουσθῆναι
1335 1356 1428 1410 τὸν
1452 1352 1606 1428 ἦχον.
1658 1356 1890 1428 Ἀπῆλθε

304 1434 437 1505 γάρ,
465 1435 657 1506 φησὶν,
682 1437 763 1499 είς
785 1436 884 1507 τὴν
915 1437 1114 1508 Συρίαν
1149 1440 1183 1509 ή
1216 1439 1355 1511 ἀκοὴ
1388 1439 1573 1503 αὑτοῦ,
1598 1440 1689 1494 καὶ
1726 1441 1891 1494 πᾶσιν

304 1517 468 1571 αὑτὸν
499 1517 853 1572 ἀπεκάλυπτε
874 1534 887 1548 ·
939 1521 1034 1573 καὶ
1075 1523 1253 1577 πάντα
1301 1523 1561 1578 πάντοθεν
1595 1522 1722 1576 ἐϐόα
1743 1564 1756 1584 .
1806 1524 1890 1577 ὅτι

306 1600 565 1671 βασιλεὺς
591 1602 700 1655 τῶν
732 1603 977 1674 οὐρανῶν
1005 1607 1401 1677 παραγέγονεν.
1430 1608 1497 1662 Οἵ
1529 1624 1589 1661 τε
1625 1608 1735 1678 γάρ
1775 1606 1889 1660 δαί-

306 1704 472 1757 μονες
496 1687 759 1742 πάντοθεν
790 1688 1017 1759 ἔφευγον
1040 1694 1135 1745 καὶ
1163 1692 1478 1764 ἀπεπήδων,
1506 1693 1535 1747 ὃ
1562 1709 1621 1745 τε
1648 1691 1890 1756 διάὸολος

302 1772 760 1842 ἐγκαλυψάμενος
787 1773 1089 1848 ὑπεχώρει,
1130 1777 1293 1839 αὑτός
1323 1793 1381 1832 τε
1409 1777 1438 1829 ὁ
1468 1775 1697 1839 θάνατος
1723 1774 1887 1841 ὑπεξ-

305 1856 496 1910 ίστατο
518 1858 679 1923 τέως,
710 1857 804 1912 καὶ
821 1858 850 1898 δ
873 1859 1010 1929 μετά
1038 1860 1209 1913 ταῦτα
1238 1858 1418 1913 τέλεον
1443 1859 1753 1930 ἠφανίζετο·
1794 1861 1888 1913 καὶ

304 1941 490 2010 πάσης
517 1941 834 2013 ἀρρωστίας
865 1938 1001 2006 εἶδος
1024 1942 1228 2009 ἐλύετο,
1253 1945 1349 1998 καὶ
1376 1944 1501 2007 τοὺς
1536 1943 1632 2014 μὲν
1660 1944 1889 2015 νεκροὺς

303 2025 460 2092 ἠφίει
487 2024 558 2078 τά
602 2026 863 2096 μνήματα
884 2067 899 2091 ,
927 2029 1052 2092 τοὺς
1086 2027 1142 2080 δὲ
1180 2028 1487 2099 μεμηνότας
1524 2030 1573 2081 οί
1613 2028 1886 2099 δαίμονες,

298 2111 429 2173 τοὺς
458 2110 517 2163 δέ
555 2110 876 2184 ἀρρώστους
898 2112 956 2166 al
985 2114 1129 2166 νόσοι
1150 2128 1163 2141 ·
1197 2113 1291 2166 καὶ
1322 2108 1390 2185 ἦν
1427 2112 1553 2166 ἰδεῖν
1585 2114 1891 2184 πράγματα

300 2192 583 2264 παράδοξα
610 2196 704 2248 καὶ
727 2194 1034 2267 θαυμαστὰ,
1063 2199 1158 2251 καὶ
1187 2198 1332 2268 άπερ
1364 2198 1588 2262 εἰκότως
1609 2196 1889 2269 ἐπεθύμη-

304 2294 406 2329 σαν
452 2277 734 2348 προφῆται
785 2278 910 2333 ίδεῖν
932 2321 946 2345 ,
983 2281 1076 2334 καλ⁵
1108 2280 1209 2334 οὑκ
1258 2276 1415 2334 εἶδον.
1455 2276 1565 2334 Ἦν
1599 2280 1709 2351 γάρ
1756 2280 1887 2334 ἰδεῖν

300 2361 618 2432 ὀφθαλμοὺς
648 2361 1162 2433 διαπλαττομένους,
1195 2365 1288 2417 καὶ
1318 2363 1383 2417 τὸ
1415 2363 1662 2418 ποθεινὸν
1690 2365 1883 2429 ἐκεῖνο,

299 2444 329 2497 ὃ
361 2445 563 2509 πάντες
610 2446 966 2517 ἐπεθύμησαν
994 2447 1063 2501 ἂν
1100 2446 1260 2511 ἰδεῖν,
1303 2446 1424 2511 πῶς
1449 2446 1538 2500 τὸν
1576 2447 1749 2519 Ἀδάμ
1778 2448 1887 2501 ἀπὸ

300 2530 402 2600 τῆς
436 2530 542 2601 γῆς
569 2530 801 2585 έπλασεν
831 2533 859 2584 6
883 2531 1034 2596 Θεὸς,
1063 2528 1222 2585 τοῦτο
1254 2534 1312 2585 ἐν
1346 2531 1538 2603 βραχεί
1564 2533 1731 2586 πᾶσιν
1760 2532 1885 2584 ἐπια-

296 2615 610 2678 δεικνύντα,
641 2617 736 2669 καὶ
762 2618 820 2669 ἐν
844 2615 923 2687 τῷ
947 2616 1171 2687 βελτίονι
1196 2616 1290 2670 τοῦ
1315 2617 1566 2688 σώματος
1595 2617 1751 2689 μέρει
1771 2632 1786 2647 ·
1816 2617 1886 2671 τά

297 2718 359 2752 τε
384 2700 806 2772 παραλελυμένα
839 2703 934 2755 καὶ
971 2701 1306 2773 διῳκισμένα
1335 2700 1754 2772 συγκολλὼμενα
1788 2700 1885 2771 μέ-

296 2782 392 2852 λη,
436 2784 534 2837 καὶ
583 2784 835 2855 ἀλλήλοις
875 2784 1387 2857 συναρμοττόμενα,
1436 2786 1625 2855 χεῖρας
1683 2783 1885 2855 νεκρὰς

299 2866 628 2936 κινουμένας
648 2907 662 2928 ,
696 2869 861 2931 πόδας
907 2867 1381 2939 παραλελυμένους
1425 2866 1621 2938 ἀθρόον
1655 2865 1883 2936 άλλομέ-

300 2968 453 3014 νους,
482 2945 595 3005 ὧτα
628 2951 933 3023 βεσυσμένα
964 2950 1468 3022 ἀναπεταννύμενα,
1503 2953 1599 3005 καὶ
1636 2949 1884 3018 γλῶτταν

302 3035 550 3103 ἠχοῦσαν
576 3036 848 3106 μέγα,τὴν
865 3035 1126 3107 πρότερον
1148 3035 1360 3106 ἀφωνία
1374 3034 1679 3106 δεδεμένην.
1704 3032 1884 3086 Καθά-

303 3134 410 3187 περ
438 3120 547 3189 γάρ
570 3136 653 3182 τις
699 3119 951 3190 τεχνίτης
994 3119 1247 3190 ἀριστος,
1296 3117 1472 3172 οἰκίαν
1526 3119 1632 3171 ὑπὸ
1687 3118 1881 3189 χρόνου

301 3201 677 3271 σαθρωθεῖσαν
710 3202 1015 3268 ἀναλαϐὼν,
1050 3203 1150 3273 τὴν
1173 3202 1360 3271 κοινὴν
1384 3202 1506 3255 τότε
1536 3201 1645 3256 τῶν
1673 3200 1884 3273 ἀνθρώ-

301 3302 419 3337 πων
444 3284 629 3354 φύσιν,
655 3285 795 3339 οὑτω
818 3286 1022 3358 ταύτης
1043 3286 1114 3341 τά
1139 3301 1198 3340 τε
1220 3285 1630 3340 ἀποκλασθέντα
1650 3285 1883 3357 ἀνεπλή-

300 3384 445 3437 ρωσε
480 3368 661 3440 μέρη,
715 3370 784 3423 τά
815 3386 874 3422 τε
918 3368 1182 3423 διεστῶτα
1221 3369 1316 3422 καὶ
1358 3368 1712 3440 διαλελυμένα
1757 3386 1883 3422 συν-

298 3452 546 3520 έσφιγξε,
597 3452 692 3505 καὶ
724 3451 790 3505 τά
826 3452 1007 3506 τέλεον
1042 3453 1369 3507 πεπτωκότα
1404 3453 1689 3524 ἀνέστησε.
1720 3451 1785 3506 Τί
1815 3451 1881 3506 ἄν

296 3552 379 3598 τις
404 3538 553 3589 εἰποι
592 3537 696 3605 τῆς
742 3536 918 3607 ψυχῆς
964 3535 1061 3607 τήν
1097 3536 1417 3603 διάπλασιν,
1455 3536 1637 3607 πολλῷ
1665 3535 1879 3608 θαυμα-

299 3621 563 3691 ποτέραν
600 3621 699 3691 τῆς
733 3624 791 3674 ἐν
821 3623 933 3684 τοῖς
960 3619 1207 3692 σώμασιν
1234 3616 1434 3685 οὖσαν;
1457 3621 1618 3691 Μέγα
1646 3622 1745 3692 μὲν
1772 3620 1880 3693 γάρ

299 3706 392 3759 καὶ
432 3708 467 3777 ή
510 3707 621 3760 τῶν
653 3707 922 3777 σωμάτων
964 3706 1142 3775 ὑγεία,
1173 3705 1352 3776 πολλῷ
1392 3705 1449 3758 δὲ
1484 3708 1665 3776 μεῖζον
1704 3706 1737 3775 ή
1771 3706 1879 3759 τῶν

296 3790 521 3859 ψυχῶν,
570 3790 667 3845 καὶ
712 3789 952 3860 τοσούτῳ
1000 3788 1216 3859 μεῖζον,
1269 3791 1379 3860 ὅσῳ
1430 3789 1574 3860 ψυχὴ
1630 3788 1879 3859 σώματος

295 3874 605 3943 ἀμεινονο·
642 3874 702 3927 οὑ
741 3874 911 3947 ταύτῃ
943 3872 999 3926 δὲ
1044 3873 1234 3944 μόνον,
1279 3874 1393 3927 ἀλλ’
1430 3873 1511 3925 ὅτι
1550 3875 1583 3944 ή
1632 3874 1732 3944 μέν
1770 3873 1878 3926 τῶν

298 3957 571 4027 σωμάτων
601 3957 785 4026 φύσις,
818 3953 962 4030 ᾗπερ
992 3956 1057 4011 ἂν
1087 3956 1257 4028 αὐτὴν
1282 3958 1310 4010 6
1349 3958 1691 4028 Δημιουργὸς
1725 3958 1880 4026 ἄγειν

298 4040 581 4110 βούληται,
610 4040 787 4114 ταύτῃ
809 4041 1018 4105 ἕπεται,
1050 4041 1144 4093 καὶ
1176 4039 1239 4093 τὺ
1265 4039 1587 4094 ἀντιπίπτον
1619 4040 1804 4095 οὐδέν·
1843 4044 1876 4112 ή

293 4123 351 4175 δὲ
375 4124 527 4194 ψυχὴ
569 4126 735 4196 κυρία
775 4126 972 4196 ἐαυτῆς
1003 4124 1290 4195 γενομένη,
1329 4124 1424 4179 καὶ
1449 4123 1558 4178 τῶν
1588 4125 1879 4196 πρακτέων

294 4209 395 4277 τὴν
446 4206 698 4273 ἐξουσίαν
738 4208 966 4279 ἔχουσα,
1007 4208 1069 4263 οὑ
1118 4208 1332 4271 πάντα,
1374 4206 1444 4261 ἀν
1483 4207 1559 4278 μὴ
1597 4207 1875 4279 βούληται,

296 4291 549 4346 πείθεται
581 4292 662 4363 τῷ
686 4292 825 4362 Θεῷ.
850 4293 1123 4347 Ἀκουσαν
1143 4291 1169 4332 ἀ
1198 4291 1307 4363 γάρ
1333 4291 1501 4363 αὑτὴν
1531 4292 1627 4344 καὶ
1660 4291 1752 4363 βία
1775 4309 1877 4345 που

298 4372 415 4445 [69]
450 4375 1007 4446 κατηναγκασμένην,
1041 4374 1104 4428 ού
1146 4374 1391 4445 βούλεται
1441 4374 1666 4445 ποιῆσαι
1704 4374 1877 4446 καλὴν

296 4458 393 4511 καὶ
423 4459 699 4527 ἐνάρετον,
729 4459 1026 4530 ἐπειδήπερ
1051 4458 1185 4529 μηδὲ
1213 4457 1330 4511 ἐστι
1351 4456 1509 4512 τοῦτο
1528 4459 1716 4530 ἀρετή·
1742 4458 1877 4513 ἀλλά

298 4541 407 4613 χρὴ
442 4540 777 4612 βουλομένην
809 4542 901 4594 καὶ
938 4540 1168 4596 ἐποῦσαν
1194 4544 1378 4596 πεῖσαι
1414 4540 1665 4610 γενέσθαι
1695 4542 1878 4595 τοιαύ-

293 4641 433 4696 την·
483 4626 608 4679 ὃθεν
672 4625 1053 4697 χαλεπώτερον
1102 4625 1259 4679 τοῦτό
1314 4627 1462 4679 ἐστιν
1515 4627 1730 4698 ἐκείνης
1778 4628 1875 4698 τῆς

296 4707 564 4778 ίατρείας.
605 4709 745 4762 Ἀλλ’
773 4710 922 4780 ὅμως
948 4710 1041 4762 καὶ
1068 4707 1226 4761 τοῦτο
1250 4708 1614 4781 κατωρθοῦτο,
1646 4713 1740 4765 καὶ
1769 4713 1876 4764 πᾶν

296 4788 439 4856 εἶδος
484 4792 688 4855 κακίας
725 4792 1005 4861 ἠλαύνετο.
1051 4793 1160 4845 Kal
1197 4791 1383 4864 ὥσπερ
1426 4791 1497 4845 τά
1545 4793 1775 4862 σώματα
1807 4795 1876 4847 τά

295 4874 735 4946 θεραπευόμενα,
758 4877 820 4929 ού
845 4876 982 4947 πρὸς
1019 4874 1228 4944 ὑγίειαν
1254 4875 1430 4944 μόνον,
1462 4874 1597 4930 ἀλλά
1621 4877 1715 4929 καὶ
1739 4876 1876 4947 πρὸς

295 4959 511 5026 εὐεξίαν
548 4959 650 5029 τὴν
688 4958 949 5012 ἀνωτάτω
979 4955 1601 5029 μετερρύθμιζενοοὺτω
1640 4958 1733 5012 καὶ
1773 4958 1872 5021 τὰς

294 5042 492 5111 ψυχάς,
523 5042 587 5095 οὐ
617 5043 717 5111 τῆς
756 5043 953 5105 κακίας
979 5041 1076 5112 τῆς
1118 5042 1351 5112 ἐσχάτης
1378 5042 1654 5112 ἀπήλλαξε
1690 5042 1871 5112 μόνον,

294 5122 432 5175 άλλά
460 5125 556 5176 καὶ
581 5123 719 5192 πρὸς
739 5123 908 5192 αὐτὴν
927 5121 1027 5190 τῆς
1051 5122 1251 5192 ἀρετῆς
1276 5120 1372 5191 τὴν
1392 5121 1635 5193 κορυφὴν
1663 5124 1835 5193 ήγαγε
1852 5138 1868 5154 ο

295 5205 389 5257 καὶ
414 5208 444 5258 6
477 5204 719 5273 τελώνης
748 5204 1046 5268 ἀπόστολος
1075 5205 1304 5274 ἐγίνετο,
1343 5206 1435 5258 καὶ
1463 5207 1492 5258 6
1519 5204 1752 5275 διώκτης
1779 5208 1872 5260 καὶ

296 5286 620 5358 βλάσφημος
655 5288 750 5341 καὶ
776 5286 1054 5358 ὑϐριστὴς,
1100 5286 1274 5358 κῆρυξ
1302 5288 1397 5357 τῆς
1418 5289 1740 5359 οίκουμένης
1766 5289 1872 5342 ἀπ-

294 5370 596 5425 εδείκνυτο·
630 5372 728 5425 καὶ
755 5371 940 5442 μάγοι,
971 5370 1277 5424 διδάσκαλοι
1314 5370 1578 5423 Ἰουδαίων
1602 5372 1868 5438 ἐγίνοντο·

294 5457 387 5509 καὶ
441 5456 684 5528 λῃστὴς,
727 5454 1053 5525 παραδείσου
1110 5454 1335 5522 πολίτης
1383 5455 1733 5528 ἀνεφαίνετο·
1777 5459 1872 5511 καὶ

294 5538 489 5609 πόρνη,
513 5537 681 5610 πολλῇ
714 5542 778 5608 τῇ
810 5538 990 5591 πίστει
1019 5536 1284 5607 διέλαμπε
1304 5554 1317 5566 ·
1350 5537 1445 5591 καλ¹
1475 5536 1753 5592 Χαναναία
1778 5541 1872 5594 καὶ

294 5622 624 5691 Σαμαρεῖτις
656 5621 814 5691 γυνὴ,
849 5621 1010 5690 ἐτέρα
1050 5621 1220 5691 πόρνη
1262 5619 1355 5673 καὶ
1397 5620 1556 5691 αὑτὴ,
1589 5622 1623 5692 ἡ
1669 5623 1767 5693 μὲν
1810 5624 1871 5677 τὸ

293 5706 553 5776 κήρυγμα
602 5706 712 5758 τῶν
745 5706 1035 5775 ὁμοφύλων
1087 5704 1372 5770 ἀνεδέξατο
1394 5744 1408 5769 ,
1440 5706 1535 5757 καὶ
1567 5705 1720 5760 πόλιν
1753 5707 1870 5761 ὁλό-

293 5791 490 5861 κληρον
514 5790 922 5860 σαγηνεύσασα,
954 5788 1096 5842 οὕτω
1122 5790 1471 5860 προσήγαγεο
1506 5788 1587 5860 τῷ
1615 5790 1865 5863 Χριστῷ·

357 5938 379 5998 ξ
409 5935 583 5986 Morel.
620 5939 653 5993 ἡ
682 5936 834 5998 φύσις.
863 5935 973 5985 Sav.
1018 5938 1047 5992 ἧ
1087 5934 1234 5998 φωνή.
1301 5933 1330 5974 b
1362 5930 1474 5998 εον.
1501 5938 1555 5982 et
1586 5938 1725 5986 codd.
1755 5935 1865 5994 705,

418 5994 735 6075 ἀνεχώρησεν,
757 5999 785 6046 ὂ
806 6016 858 6075 τε
875 5997 1066 6075 θάνατος
1177 5996 1431 6075 3615.1412-
1485 5998 1625 6075 "HAlii
1642 5999 1863 6072 ἀμείνων.
1890 6036 1893 6041 .

298 6057 324 6100 1
347 6061 461 6110 Nor.
486 6057 712 6123 ἄκουσον,
738 6062 883 6112 male.
955 6075 977 6101 υ
1006 6059 1123 6110 Mur.
1150 6060 1361 6123 ἐξήγαγε,
1399 6057 1550 6112 Savil.
1573 6057 1859 6125 προσήγαγε.

1414 395 1481 451 IN
1519 394 1835 453 JOANNEM
1877 394 2114 453 HOMIL.
2159 398 2270 457 XII.
2313 404 2382 458 al.
2420 402 2510 458 XI.

3496 411 3573 468 85

2002 516 2035 586 ἡ
2064 515 2119 570 δὲ
2157 520 2221 589 τῇ
2253 519 2431 573 πίστει
2473 518 2567 573 καὶ
2600 520 2665 591 τῇ
2707 519 3032 591 προσεδρείᾳ
3068 519 3295 593 δαίμονα
3336 529 3568 598 πονηρὸν

2000 601 2337 672 ἀπελαθῆναι
2372 603 2472 674 τῆς
2502 602 2597 657 τοῦ
2630 603 2922 676 θυγατρίου
2954 603 3132 676 ψυχῆς
3166 607 3565 677 παρεσκεύασε.

2000 685 2111 738 Kal
2143 685 2321 759 ἐτεροι
2362 687 2418 740 δέ
2460 686 2640 758 πολλῷ
2690 686 2893 741 τούτων
2925 686 3146 760 χείρους
3198 690 3279 754 είς
3312 690 3414 763 τὴν
3460 690 3569 747 τῶν

1998 770 2260 840 μαθητῶν
2316 770 2517 835 εὐθέως
2577 770 2930 840 κατελέγοντο
2984 771 3155 838 τάξιν.
3208 774 3320 827 Καὶ
3391 774 3569 829 πάντα

1993 851 2189 923 ἀθρόον
2220 870 2455 923 μετεσχη
2464 853 2738 924 ματίζετο,
2756 854 2864 907 τῶν
2894 856 3161 925 σωμάτων
3180 855 3247 910 τά
3270 856 3437 928 πάθη,
3460 857 3568 911 τῶν

1992 935 2182 1006 ψυχῶν
2207 936 2274 991 τά
2306 938 2609 1007 νοσήματα,
2642 937 2736 990 καὶ
2771 938 2906 1007 πρὸς
2933 939 3122 1007 ὑγείαν
3150 941 3243 993 καὶ¹
3285 940 3384 1012 τὴν
3407 942 3568 1011 ἀκρι-

1994 1018 2263 1091 ϐεστάτην
2291 1021 2493 1092 ἀρετὴν
2528 1020 2977 1092 μετεπλάττοντο,
2999 1021 3093 1075 καὶ
3128 1022 3350 1090 τούτων,
3385 1024 3447 1076 οὐ
3475 1024 3570 1077 δύο

1993 1106 2088 1159 καὶ
2111 1108 2262 1176 τρεῖς
2290 1106 2589 1177 ἂνθρωποι,
2618 1107 2741 1161 οὑδέ
2763 1105 2945 1170 πέντε,
2976 1107 3070 1161 καὶ
3092 1107 3244 1171 δέκα,
3272 1109 3367 1161 καὶ
3394 1109 3567 1163 εἴκοσι

1992 1190 2086 1243 καὶ
2119 1191 2312 1245 ἐκατὺν
2360 1190 2518 1261 μόνον
2538 1231 2552 1255 ,
2602 1188 2738 1243 ἀλλά
2771 1190 2952 1254 πόλεις
2977 1190 3258 1261 ὁλόκληροι
3301 1192 3393 1245 καὶ
3438 1191 3564 1263 ἔθνη

1994 1271 2133 1343 μετά
2165 1272 2365 1343 πολλῆς
2401 1274 2499 1344 τῆς
2540 1272 2787 1337 εὐκολίας
2835 1274 3347 1344 μετερρυθμίζοντο.
3396 1274 3462 1329 Τί
3499 1275 3565 1331 ἄν

1989 1373 2073 1420 τις
2115 1356 2260 1411 είποι
2305 1357 2414 1411 τῶν
2449 1356 2885 1427 προσταγμάτων
2929 1358 3028 1428 τὴν
3074 1359 3413 1429 φιλοσοφίαν,
3454 1359 3565 1413 τῶν

1990 1439 2256 1510 οὐρανίων
2280 1441 2460 1510 νόμων
2484 1440 2584 1510 τὴν
2610 1440 2832 1511 ἀρετήν,
2852 1440 2951 1511 τῆς
2972 1441 3269 1512 ἀγγελικῆς
3293 1432 3575 1505 πολιτείας

1989 1523 2087 1592 τὴν
2115 1522 2402 1588 εὑταξίανς
2434 1522 2685 1576 Τοιοῦτον
2724 1524 2833 1594 γὰρ
2871 1526 3001 1596 ήμῖν
3055 1527 3387 1597 είσηγήσατο
3429 1524 3562 1594 βίον,

1989 1604 2263 1670 τοιούτους
2283 1606 2413 1676 ἡμῖν
2444 1606 2462 1645 ί
2496 1606 2659 1679 ἔθηκε
2679 1608 2897 1679 νόμους.
2918 1608 3171 1679 τοιαύτην
3198 1612 3564 1681 κατεστήσατο

1991 1686 2287 1752 πολιτείαν,
2320 1689 2394 1752 ὡς
2433 1690 2558 1753 τοὺς
2585 1690 2795 1754 τούτοις
2832 1690 3147 1761 χρωμένους
3176 1692 3439 1761 ἀγγέλους
3475 1692 3565 1745 εύ-

1990 1769 2126 1832 θέως
2162 1770 2442 1838 γίνεσθαι,
2475 1772 2569 1825 καὶ
2597 1774 2814 1844 ὁμοίους
2864 1773 2983 1844 Θεῷ
3014 1775 3155 1828 κατά
3194 1774 3423 1846 δύναμιν
3460 1776 3562 1848 τήν

1988 1853 2281 1924 ἡμετέραν,
2300 1855 2404 1908 κᾶν
2430 1856 2686 1910 ἁπάντων
2710 1856 3011 1929 ἀνθρώπων
3036 1859 3258 1923 κακίους
3278 1859 3510 1930 τύχωσιν
3534 1862 3562 1900 ⁸

1989 1936 2159 2000 ὅντες.

2058 2028 2128 2091 γ’.
2162 2021 2353 2077 Ταῦτα
2382 2018 2476 2076 οὖν
2502 2023 2717 2077 ἅπαντα
2757 2026 3080 2097 συναγαγὼν
3117 2027 3147 2081 6
3175 2027 3562 2099 εὑαγγελιστής

1986 2105 2055 2161 τά
2084 2106 2360 2177 θαύματα,
2392 2107 2464 2160 τά
2489 2108 2545 2160 ἐν
2569 2107 2804 2178 σώμασι,
2833 2109 2901 2163 τά
2929 2111 2988 2163 ὲν
3014 2111 3233 2181 ψυχαῖς,
3263 2111 3332 2165 τά
3363 2114 3421 2165 ἐν
3451 2116 3563 2177 τοῖς

1989 2192 2291 2264 στοιχείοις,
2329 2191 2399 2244 τά
2428 2193 2846 2264 προστάγματα,
2876 2195 2944 2249 τά
2980 2196 3131 2268 δῶρα
3172 2198 3242 2251 τὰ
3273 2198 3564 2270 ἀπόρρητα

1986 2278 2188 2339 ἐκεῖνα,
2212 2275 2308 2329 καὶ
2324 2274 2433 2328 τῶν
2457 2277 2701 2343 οὑρανῶν
2728 2276 3052 2349 ὑψηλότερα,
3071 2280 3197 2343 τοὺς
3222 2281 3441 2351 νόμους,
3463 2282 3564 2351 τὴν

1985 2359 2282 2442 πολιτείαν,
2308 2358 2405 2429 τὴν
2436 2357 2629 2427 πειθὼ,
2658 2361 2757 2423 τάς
2781 2361 3080 2432 μελλούσας
3113 2364 3453 2435 ὑποσχέσεις,
3494 2367 3564 2422 τὰ

1984 2444 2284 2514 παθήματα
2308 2442 2495 2508 αὑτοῦ,
2520 2443 2619 2513 τὴν
2642 2442 2962 2515 θαυμαστὴν
2985 2446 3189 2517 ταύτην
3220 2448 3314 2502 καὶ
3343 2448 3564 2521 ὑψηλῶν

1984 2529 2260 2599 γέμουσαν
2290 2527 2580 2598 δογμάτων
2610 2526 2791 2597 ἀφῆκε
2830 2529 3012 2600 φωνήν
3040 2529 3212 2598 λέγων
3232 2547 3245 2561 ·
3284 2531 3565 2586 Ἐθεασά-

1977 2615 2130 2682 μεθα
2149 2609 2263 2679 τὴν
2278 2609 2466 2675 δόξαν
2485 2610 2691 2676 αὐτοῦ,
2708 2609 2896 2675 δόξαν
2915 2612 2996 2677 ὡς
3013 2613 3391 2683 Μονογενοῦς
3404 2615 3564 2683 παρὰ

1983 2695 2234 2763 Πατρός,
2253 2694 2455 2763 πλήρη
2476 2695 2503 2735 h
2527 2694 2768 2763 χάριτος
2788 2694 2888 2749 καὶ
2909 2696 3212 2765 ἀληθείας.
3241 2699 3314 2752 Ού
3341 2697 3448 2771 γάρ
3474 2699 3563 2754 διά

1981 2780 2050 2833 τά
2084 2776 2336 2848 θαύματα
2368 2778 2530 2849 μόνον
2558 2777 2722 2832 αὑτὸν
2751 2778 3123 2850 θαυμάζομεν,
3157 2781 3293 2835 ἀλλά
3337 2784 3430 2836 καὶ
3473 2783 3563 2838 διά

1980 2864 2050 2917 τά
2083 2863 2386 2934 παθήματα
2409 2879 2425 2894 ·
2458 2859 2590 2928 οἷον,
2637 2862 2824 2934 ἐπειδὴ
2867 2863 3197 2936 προσηλώθη
3225 2864 3305 2937 τῷ
3343 2867 3563 2937 σταυρῷ

1982 2948 2076 3001 καὶ
2105 2945 2482 3019 ἐμαστιγώθη,
2527 2945 2714 3018 ἐπειδὴ
2753 2946 3081 3017 ἐρραπίσθη,
3120 2947 3308 3021 ἐπειδὴ
3338 2950 3564 3004 ἐνεπτύ-

1984 3031 2108 3102 σθη,
2137 3029 2325 3101 ἐπειδὴ
2354 3029 2544 3084 ἐλαόεν
2568 3030 2661 3083 ἐπὶ
2683 3030 2890 3101 κόρρης
2918 3029 3132 3100 πληγάς
3160 3032 3312 3102 παρά
3331 3032 3441 3088 τῶν
3468 3033 3563 3087 εὑ-

1982 3114 2390 3187 εργετηθέντων
2411 3114 2612 3169 αὑτῶν.
2643 3116 2754 3169 Kal
2774 3114 2882 3187 γάρ
2905 3116 2999 3170 καὶ
3027 3114 3120 3168 ἐπὶ
3142 3115 3350 3180 τούτοις
3377 3117 3563 3184 αὐτοῖς

1979 3202 2092 3261 τοῖς
2109 3198 2358 3252 δοκοῦσιν
2387 3197 2770 3261 ἐπονειδίστοις
2799 3196 2959 3263 εἶναι,
2979 3198 3040 3251 τὸ
3065 3198 3197 3252 αὑτὸ
3223 3200 3378 3270 ρῆμα
3400 3202 3562 3257 πάλιν

1981 3282 2131 3348 ἀξιον
2155 3279 2603 3349 ἐπιφθέγξασθαι,
2625 3281 2746 3333 ἐπεὶ
2771 3281 2864 3334 καὶ
2887 3281 3048 3345 αὐτὸς
3069 3280 3225 3349 δόξαν
3249 3284 3309 3336 τὸ
3330 3287 3562 3357 πρᾶγμα

1980 3362 2257 3418 ἐκάλεσεν.
2283 3364 2358 3418 Οὐ
2388 3365 2499 3435 γάρ
2538 3364 2602 3435 δὴ
2643 3364 2803 3435 μόνον
2845 3364 3171 3436 κηδεμονίας
3216 3368 3311 3421 καὶ
3337 3368 3562 3441 ἀγάπης

1978 3444 2048 3519 ἦν
2068 3448 2137 3501 τά
2160 3447 2442 3518 γινόμενα,
2466 3447 2602 3502 ἁλλά
2628 3449 2721 3501 καὶ
2743 3448 3025 3519 δυνάμεως
3042 3450 3271 3517 ἀφάτου.
3294 3452 3427 3505 Τότε
3452 3453 3560 3531 γάρ

1983 3532 2096 3605 [70]
2130 3534 2226 3587 καὶ
2254 3532 2481 3596 θάνατος
2512 3534 2823 3602 ἠφανίζετο,
2856 3534 2951 3587 καὶ
2983 3535 3195 3605 κατάρα
3219 3534 3426 3600 ἐλύετο,
3466 3540 3559 3593 καὶ

1978 3618 2232 3687 δαίμονες
2288 3614 2691 3686 κατῃσχύνοντο
2740 3617 2834 3670 καὶ
2875 3616 3308 3690 ἐδειγματίζοντο
3354 3621 3559 3693 θριαμ-

1979 3700 2301 3770 ϐευόμενοι,
2344 3700 2436 3752 καὶ
2474 3698 2534 3751 τὸ
2592 3700 2957 3770 χειρόγραφον
2994 3702 3103 3755 τῶν
3148 3703 3434 3775 ἁμαρτιῶν
3478 3705 3559 3777 τῷ

1981 3783 2199 3856 σταυρῷ
2252 3780 2610 3855 προσηλοῦτο.
2658 3778 2793 3836 Εἶτα
2844 3783 3029 3855 ἐπειδὴ
3077 3785 3251 3840 ταῦτα
3309 3788 3560 3859 ἀοράτως

1979 3869 2108 3922 ἐθαυ
2118 3868 2495 3938 ματουργείτο,
2516 3865 2735 3935 ἐγένετό
2750 3883 2874 3921 τινα
2901 3868 2996 3921 καὶ
3023 3869 3253 3939 ὁρατῶς,
3274 3870 3559 3927 δεικνύντα

1978 3954 2059 4007 ὅτι
2084 3952 2251 4013 ὁντως
2283 3944 2673 4022 μονογενὴςοῆν
2704 3950 2831 4014 Υἱὸς
2861 3949 2955 4003 τοῦ
2999 3951 3156 4017 Θεοῦ,
3186 3954 3280 4006 καὶ
3310 3957 3409 4026 τῆς
3438 3956 3557 4010 κτί-

1982 4052 2118 4099 σεως
2140 4035 2320 4098 πάσης
2348 4034 2644 4104 Δεσπότης.
2668 4034 2790 4089 Ἔτι
2816 4034 2925 4107 γάρ
2949 4035 3039 4088 τοῦ
3070 4038 3342 4108 μακαρίου
3369 4039 3558 4109 σῶμα-

1976 4138 2068 4183 τος
2096 4118 2467 4189 κρεμαμένου,
2499 4117 2807 4189 ἀπέστρεφε
2837 4119 2988 4190 μὲν-ὁ
3010 4117 3161 4189 ἥλιος
3185 4121 3283 4185 τὰς
3311 4122 3553 4187 ἀκτῖνας,

1980 4204 2253 4257 ἐκλονεῖτο
2272 4201 2328 4255 δὲ
2356 4203 2390 4273 ή
2414 4202 2487 4271 γῆ
2514 4202 2605 4254 καὶ
2627 4200 2935 4266 ὲσκοτίζετο
2958 4203 3130 4267 πᾶσα,
3159 4203 3254 4256 καὶ
3271 4205 3433 4271 τάφοι
3454 4205 3555 4275 μὲν

1977 4286 2402 4358 ἀνερρήγνυντο,
2430 4284 2523 4337 καὶ
2549 4285 2608 4337 τὸ
2646 4283 2839 4353 ἔδαφος
2868 4285 3199 4351 ἐτινάσσετο,
3228 4287 3322 4339 καὶ
3345 4288 3554 4358 νεκρῶν

1976 4370 2147 4439 δῆμος
2178 4368 2407 4439 ἄπειρος
2439 4366 2708 4438 ἐξεπήδα,
2750 4367 2846 4420 καὶ
2887 4369 2967 4430 είς
3003 4367 3103 4439 τήν
3144 4369 3300 4424 πόλιν
3345 4371 3553 4445 εἰσῄει·

1977 4453 2086 4507 τῶν
2131 4451 2188 4506 δὲ
2218 4451 2313 4506 τοῦ
2352 4453 2631 4523 μνήματος
2674 4450 2838 4504 αὑτοῦ
2878 4451 3040 4506 λίθων
3090 4453 3452 4525 ἡρμοσμένων
3483 4461 3551 4533 τῇ

1977 4537 2139 4610 θήκῃ,
2171 4536 2250 4589 ἔτι
2281 4534 2373 4589 καὶ
2400 4535 2508 4588 τῶν
2529 4534 2855 4605 σημάντρων
2883 4535 3268 4604 ἐπικειμένων,
3299 4538 3557 4594 ἀνίστατο

1974 4621 2004 4672 ὁ
2037 4619 2229 4690 νεκρὸς
2253 4621 2282 4672 ὁ
2311 4616 2664 4688 σταυρωθεὶς,
2681 4619 2709 4669 ὁ
2732 4615 3123 4687 προσηλωθεὶς,
3151 4618 3365 4688 καὶτῆς
3391 4620 3554 4675 δυνά-

1979 4720 2123 4773 μεως
2148 4702 2244 4772 τῆς
2268 4701 2469 4773 πολλῆς
2507 4699 2521 4737 ί
2553 4700 2675 4757 τὸτε
2696 4703 2822 4767 τοὺς
2842 4700 3036 4758 ένδεκα
3070 4699 3316 4771 μαθητάς
3337 4702 3551 4775 ἐμπλή-

1977 4804 2098 4851 σας,
2138 4786 2355 4857 ἔπεμπε
2390 4787 2504 4848 τοῖς
2551 4783 2692 4838 κατά
2722 4784 2820 4855 τὴν
2863 4785 3191 4855 οἰκουμένην
3220 4785 3551 4856 ἀνθρώποις,

1979 4872 2198 4942 ίατροὺς
2235 4870 2447 4933 κοινοὺς
2479 4869 2575 4937 τῆς
2603 4866 2817 4937 φύσεως
2858 4868 3151 4938 ἐσομένους
3189 4868 3426 4940 ἀπάσης,
3457 4872 3555 4925 καὶι

1972 4954 2065 5007 τὸν
2096 4953 2209 5023 βίον
2250 4951 2609 5025 ὁρθώσοντας,
2653 4952 2751 5020 τὴν
2794 4949 2902 5003 τῶν
2952 4951 3220 5024 οὐρανίων
3264 4953 3553 5024 δογμάτων

1973 5038 2175 5108 γνῶσιν
2224 5036 2499 5108 πανταχοῦ
2533 5035 2959 5103 διασπεροῦντας
3000 5035 3138 5107 γῆς,
3188 5036 3288 5108 τὴν
3332 5037 3388 5093 δέ
3441 5039 3551 5092 τῶν

1971 5123 2243 5191 δαιμόνων
2290 5120 2548 5182 λύσοντας
2594 5117 2900 5189 τυραννίδα,
2936 5119 3031 5172 καὶ
3080 5118 3148 5173 τά
3200 5120 3411 5191 μεγάλα
3454 5122 3549 5177 καὶ

1973 5205 2263 5277 ἀπόρρητα
2294 5202 2602 5268 διδάξοντας
2647 5200 2849 5269 ἀγαθά,
2891 5201 2986 5254 καὶ
3029 5202 3549 5273 εύαγγελιουμένους

1972 5290 2104 5359 ἡμῖν
2143 5287 2320 5357 ψυχῆς
2357 5284 2674 5348 ἀθανασίαν,
2712 5284 2806 5338 καὶ
2842 5283 3094 5356 σώματος
3127 5284 3270 5356 ζωὴν
3309 5285 3546 5350 “idm”,

1970 5371 2039 5425 τά
2069 5372 2161 5425 καὶ
2182 5370 2305 5424 νοῦν
2325 5368 2716 5440 ὑπερδαίνοντα
2744 5367 2971 5429 ἔπαθλα,
2991 5368 3084 5421 καὶ
3107 5367 3375 5438 μηδέποτε
3397 5367 3546 5433 ἐξον-

1970 5472 2037 5508 τα
2068 5454 2236 5516 τέλος.
2263 5451 2445 5505 Ταῦτα
2477 5447 2569 5505 οὖν
2594 5452 2688 5504 καὶ
2718 5451 2787 5504 τὰ
2814 5450 3020 5504 τούτων
3046 5449 3265 5502 πλείονα
3290 5444 3549 5522 ἐννοήσας

1969 5540 1998 5591 ὁ
2039 5537 2307 5608 μακάριος
2337 5530 2509 5599 οὗτος,
2545 5534 2581 5589 ἂ
2609 5535 2723 5607 ᾔδει
2772 5535 2872 5606 μὲν
2898 5534 3078 5596 αὐτὸς,
3114 5531 3323 5602 γράψαι
3359 5532 3416 5587 δὲ
3446 5534 3548 5589 οὑκ

1970 5623 2249 5692 ὴνέσχετο,
2284 5618 2374 5673 διά
2406 5619 2468 5673 τὸ
2502 5620 2575 5691 μὴ
2608 5622 2808 5691 χωρεῖν
2838 5619 2929 5672 τὸν
2955 5618 3186 5687 κόσμον·
3222 5617 3402 5672 πάντα
3437 5616 3547 5691 γὰρ

1974 5708 2075 5760 Ἂν
2100 5702 2393 5775 γράφηται
2420 5704 2547 5758 καθ’
2577 5703 2647 5757 ἐν
2670 5702 2717 5769 i,
2744 5701 2884 5757 οὐδὲ
2910 5701 3095 5756 αὐτὸν
3120 5698 3279 5772 οἶμαι
3310 5702 3417 5757 τὸν
3445 5704 3547 5757 κό-

2036 5810 2177 5884 !.S_ic.
2192 5810 2419 5884 Savi_l.hel
2439 5823 2555 5884 ωδε.
2579 5809 2699 5858 Mor.
2728 5822 2854 5884 χει-ο
2891 5821 3001 5884 gum
3032 5808 3139 5857 cod.

1966 5873 2219 5947 πψξήμῖν.
2242 5932 2252 5942 _
2288 5874 2313 5913 8
2347 5873 2454 5921 Sav.
2476 5873 2700 5946 τύχωσινἔ
2728 5870 2846 5947 ηυγ.
2871 5870 3103 5981 τρῖωμεν.
3169 5867 3198 5907 Ιι
3221 5868 3318 5919 Alii
3342 5871 3542 5943 πλήρης.

1973 5944 1987 5970 ι
2026 5937 2108 5982 διο
2143 5934 2291 5985 Sanl.
2337 5942 2391 5983 et
2430 5935 2568 5983 codd.
2606 5933 2716 5989 705,
2757 5932 2857 5980 ιο6.
2944 5945 3016 5980 or.
3054 5933 3325 5993 ἀνίστατοᾲ
3359 5947 3567 5993 νεκροςυ

1973 5967 1987 5970 -
2026 5967 2108 5982 υ...
2143 5967 2291 5985 ναν...
2337 5967 2391 5983 ..ι
2431 5967 2568 5983 ιω...
2613 5967 2697 5982 ...υ
2757 5967 2857 5980 μιν.
2897 5967 3016 5981 ...νη
3054 5967 3325 5981 ...κη-..η
3369 5967 3408 5980 ,ε
3470 5967 3539 5986 ν..

1971 5994 2169 6044 Ἔπειτα
2192 5996 2331 6059 πάλιν
2359 5996 2597 6059 δυνάμεως
2624 5969 2749 6052 τινος
2777 5995 2967 6057 ἀμάχου
2996 5992 3076 6043 καὶ
3098 5995 3237 6051 θείας.
3307 5990 3323 6044 i
3352 5967 3467 6045 Διῖῖ
3480 5994 3539 6040 ἄν

1967 6073 2035 6112 τις
2058 6059 2184 6119 είπῃ,
2207 6058 2361 6120 φησίν.
