4074 6374
450 372 521 429 85

450 504 608 558 σμον
635 483 901 556 χωρῆσαι
936 484 1007 541 τὰ
1058 488 1397 557 ’γραφόμενα
1428 490 1669 554 ,βιϐλίαο
1730 490 1901 545 ταῦτα
1938 485 2032 544 οὖν

451 574 666 625 ἅπαντα
698 569 1088 641 λογισάμενος,
1135 573 1429 645 ἀνεϐόησεν
1453 615 1468 639 ,
1502 576 1583 629 ὅτι
1636 574 2033 643 Ἑθεασάμεθα

450 656 567 721 τὴν
596 652 785 716 δόξαν
837 654 1044 719 αὑτοῦ,
1091 653 1282 718 δόξαν
1331 656 1413 723 ὡς
1450 654 1831 726 Μονοτενοῦς
1874 655 2032 723 παρὰ

449 735 701 804 Πατρός,
735 736 936 805 πλήρη
968 735 1203 805 χάριτος
1235 737 1331 791 καὶ
1366 739 1667 807 ἀληθείας.
1693 738 1831 803 Τοὺς
1852 737 1917 808 δὴ
1942 734 2033 791 οὖν

451 819 719 873 τοσούτων
739 830 764 858 ⁸
792 820 889 890 μὲν
924 818 1228 889 θεαμάτων,
1248 820 1505 873 τοιούτων
1525 821 1581 874 δὲ
1604 820 2033 885 καταξιωθέντας

451 904 830 973 ἀκουσμάτων,
860 904 1126 975 τοσαύτης
1162 905 1220 958 δὲ
1249 906 1661 969 ἀπολαύσαντας
1686 905 1914 977 δωρεᾶς,
1940 906 2033 958 καὶ

454 986 566 1056 βίον
588 985 736 1049 ἄξιον
761 984 868 1038 τῶν
900 986 1186 1057 δογμάτων
1212 988 1610 1041 ἐπιδείκνυσθαι
1632 989 1759 1059 χρὴ,
1781 987 1920 1041 ῶστε
1939 988 2033 1041 καὶ

451 1069 558 1123 τῶν
582 1070 758 1120 ἐκεῖσε
790 1069 1095 1123 ἀπολαῦσαι
1119 1070 1322 1124 καλῶν.
1340 1071 1438 1124 Διά
1458 1072 1616 1124 τοῦτο
1645 1071 1752 1141 γὰρ
1777 1072 1871 1124 καὶ
1900 1088 2035 1143 παρ-

452 1152 667 1219 εγένετο
691 1150 719 1201 6
752 1149 953 1221 Κύριος
974 1153 1131 1221 ἡμῶν
1163 1152 1367 1223 Ἰησοῦς
1386 1154 1638 1224 Χριστὸς,
1668 1154 1755 1207 ἵνα
1778 1154 1852 1225 μὴ
1876 1155 2033 1225 μόνον

453 1236 552 1307 τὴν
581 1231 813 1287 ἐνταῦθα
849 1232 1005 1297 δόξαν
1039 1235 1236 1306 ἴδωμεν
1265 1236 1451 1297 αὐτοῦ,
1494 1236 1629 1289 ἀλλά
1659 1237 1753 1289 καὶ
1779 1238 1878 1308 τὴν
1912 1236 2036 1307 μέλ⁴

452 1319 672 1371 λουσαν.
701 1316 801 1369 Διά
822 1317 976 1370 τοῦτο
1000 1318 1170 1386 ἔλεγε
1205 1318 1388 1382 Θέλω,
1433 1320 1533 1374 ἵνα
1565 1320 1717 1374 ὅπου
1745 1319 1863 1389 εἶμί
1898 1318 2032 1389 ἐγὼ,

454 1403 549 1457 καί
573 1399 739 1458 οὗτοι
764 1397 934 1468 ὦσιν,
958 1403 1058 1456 ἵνα
1086 1404 1343 1472 θεωρῶσι
1371 1404 1486 1471 τὴν
1509 1404 1698 1470 δόξαν
1719 1404 1833 1474 τὴν
1860 1403 2030 1474 ἐμήν.

457 1484 519 1539 El
562 1485 618 1537 δὲ
654 1483 791 1555 αὕτη
825 1486 858 1554 ἡ
896 1484 1022 1549 δόξα
1073 1485 1215 1546 οὕτω
1257 1488 1442 1555 γέγονε
1489 1488 1717 1558 λαμπρὰ
1756 1488 1850 1542 καὶ
1878 1505 2033 1561 περι-

457 1568 648 1637 φανὴς,
680 1568 731 1619 τί
762 1571 825 1622 ἄν
875 1586 957 1629 τις
990 1569 1133 1622 εἴποι
1168 1572 1296 1642 περὶ
1328 1572 1576 1643 ἐκείνης;
1615 1574 1690 1625 Οὐ
1725 1571 1833 1643 γὰρ
1877 1573 1934 1625 ὲν
1962 1576 2033 1643 γῇ

456 1655 702 1719 φανεῖται
738 1651 970 1721 φθαρτῇ,
1004 1653 1124 1705 οὐδὲ
1163 1655 1220 1706 ἐν
1257 1657 1542 1726 ἐπικήροις
1590 1654 1835 1726 σώμασιν
1867 1655 2034 1708 ὄντων

455 1734 630 1804 ἡμῶν,
662 1734 777 1786 ἀλλ’
826 1736 882 1787 ὲν
924 1736 1186 1808 ἀκηράτῳ
1232 1741 1325 1791 καὶ
1352 1742 1546 1810 ἀγήρῳ
1589 1742 1653 1809 τῇ
1689 1740 1898 1801 κτίσει,
1941 1739 2036 1791 καὶ

459 1817 597 1888 μετὰ
621 1817 887 1887 τοσαύτης
910 1820 1011 1889 τῆς
1031 1821 1434 1894 λαμπρότητος,
1463 1823 1581 1894 μεθ’
1601 1826 1732 1894 ὅσης
1752 1824 1872 1877 ούδέ
1894 1823 2036 1893 λόγῳ

455 1900 805 1971 παραστῆσαι
833 1903 1077 1956 δυνατόν.
1103 1899 1174 1955 Ὦ
1198 1907 1456 1977 μακάριοι
1476 1908 1502 1947 b
1533 1908 1626 1960 καὶ
1648 1907 2036 1977 τρισμακάριοι

455 1985 550 2037 καὶ
580 1984 739 2037 τοῦτο
773 1985 1049 2049 πολλάκις,
1072 1988 1120 2039 οἱ
1138 1988 1237 2058 τῆς
1265 1988 1421 2060 δόξης
1451 1989 1868 2060 καταξιούμενοι
1892 1990 2036 2042 ἐκεί-

456 2084 553 2136 νης
574 2066 825 2135 γενέσθαι
855 2069 1072 2123 θεαταίι
1098 2072 1231 2143 Περὶ
1254 2072 1457 2144 ταύτης
1476 2076 1504 2125 ὁ
1528 2076 1815 2145 Προφήτης
1842 2073 2002 2143 φησίν
2020 2091 2035 2104 θ

471 2151 726 2217 Ἀρθήτω
761 2154 793 2205 ό
826 2151 1073 2219 ἀσεϐὴς,
1094 2154 1195 2207 ἵνα
1215 2154 1301 2223 μὴ
1326 2154 1421 2223 ἴδῃ
1445 2154 1557 2223 τὴν
1577 2156 1767 2221 δόξαν
1792 2157 2039 2223 Κυρίου.

472 2233 610 2284 Ἀλλ’
656 2233 813 2303 ἡμῶν
853 2234 1056 2305 μηδένα
1103 2236 1311 2305 γένοιτο
1346 2239 1600 2308 ἀρθῆναι,
1646 2239 1780 2309 μηδὲ
1816 2240 2042 2292 ἀθέατον

458 2317 626 2386 αὐτῆς
649 2318 900 2385 γενέσθαι
938 2320 1091 2372 ποτέ.
1133 2321 1196 2373 Εἰ
1227 2322 1335 2393 γάρ
1368 2322 1443 2394 μὴ
1477 2322 1763 2393 μέλλοιμεν
1810 2323 2045 2377 ἀπολαύ-

461 2400 649 2453 σεσθαι
675 2402 899 2472 ταύτης,
924 2402 1176 2474 εὔκαιρον
1204 2407 1295 2458 καὶ
1318 2408 1444 2476 παρ’
1471 2405 1625 2476 ἡμῶν
1648 2408 1841 2459 εἰπεῖν·
1866 2406 2043 2459 Καλὸν

460 2480 528 2553 ἦν
559 2486 711 2553 ἡμῖν,
743 2485 790 2537 εί
822 2487 895 2555 μὴ
928 2486 1313 2557 ἐγεννήθημεν.
1345 2488 1410 2541 Τί
1436 2492 1543 2558 γὰρ
1572 2489 1784 2560 ζῶμενς
1825 2489 1876 2542 τί
1914 2490 2044 2541 ἀνα-

463 2566 733 2634 πνέομεν;
768 2568 818 2620 τί
864 2568 919 2620 δὲ
954 2569 1140 2639 ἐσμὲν,
1174 2571 1241 2623 ἀν
1270 2572 1367 2639 τῆς
1405 2570 1637 2642 θεωρίας
1683 2571 2045 2642 ἀποτύχωμεν

463 2650 717 2719 ἐκείνης;
752 2651 818 2705 ἀν
849 2652 940 2705 τὸν
977 2644 1254 2724 Δεσπότην
1283 2652 1396 2725 [71]
1436 2655 1526 2707 τὸν
1557 2654 1821 2725 ἡμέτερον
1858 2654 2044 2724 μηδεὶς

464 2739 595 2808 ἡμῖν
626 2737 957 2809 συγχωρήσῃ
988 2732 1284 2790 θεάσασθαι
1313 2738 1467 2802 τότε;
1506 2738 1568 2790 Εἰ
1605 2738 1714 2809 γὰρ
1747 2740 1794 2791 οἱ
1836 2738 1897 2790 τὸ
1931 2736 2046 2806 φῶς

465 2820 525 2872 τὸ
557 2820 780 2889 ἡλιακὸν
807 2820 881 2890 μὴ
910 2818 1193 2890 θεώμενοι,
1217 2820 1417 2879 παντὸς
1452 2820 1682 2874 θανάτου
1710 2822 2047 2892 πικροτέραν

468 2904 798 2974 ὑπομένουσι
833 2903 1009 2974 ζωήν·
1053 2904 1106 2957 τί
1157 2906 1348 2957 παθεῖν
1387 2905 1531 2967 εἰκὸς
1575 2905 1702 2968 τοὺς
1731 2904 1826 2957 τοῦ
1873 2905 2048 2973 φωτὸς

536 3002 561 3030 ⁸
592 3001 765 3051 Morel.
808 3000 1053 3062 τοιούτων.
1101 3001 1246 3062 Savil.
1290 2998 1337 3048 in
1372 3009 1509 3049 textu
1537 3002 1783 3060 τοιούτων,
1810 3000 1859 3049 in
1895 3015 2045 3062 marg.

470 3065 731 3112 τοσούτων.
797 3062 826 3101 Ι)
856 3061 936 3110 Sic
962 3064 1148 3125 Savaet
1168 3061 1269 3114 alii.
1298 3063 1413 3109 Mor.
1437 3065 1499 3117 ὡς
1518 3064 1756 3125 μακάριοι.
1782 3064 1937 3124 Supra
1971 3061 2056 3120 τῆς

474 3134 591 3173 ante
621 3124 967 3186 λαμπρότητοςῗ
987 3125 1039 3173 in
1073 3124 1223 3172 Savil.
1258 3130 1312 3172 et
1342 3124 1479 3173 codd.
1505 3130 1613 3173 cut.
1640 3127 1889 3173 omissum.
1932 3125 2058 3173 Infra

477 3186 650 3235 Morel.
673 3186 778 3248 περὶ
804 3186 976 3243 ταύτης
1018 3188 1143 3249 βοῶν
1167 3187 1193 3233 ὁ
1230 3202 1372 3249 προφ.

1151 371 1208 427 ς.
1246 372 1529 429 JOANNIS
1565 370 2053 430 CIIRYSOSTOMI
2100 372 2419 434 ARCHIEP.
2456 371 3004 434 CONSTANTINOP.

3636 374 3705 428 88

2133 491 2603 562 ἀποστερηθέντας
2632 489 2875 554 ἐκείνου;
2907 484 3169 541 Ἐνταῦθα
3201 485 3298 557 μὲν
3318 486 3426 557 γάρ
3457 488 3516 541 ἐν
3539 487 3711 560 τούτῳ

2138 574 2297 646 μόνον
2323 578 2355 646 ἡ
2383 574 2577 645 ζημία,
2606 575 2721 627 ἐκεῖ
2739 572 2796 626 δὲ
2823 572 2884 626 οὐ
2914 571 3074 641 μέχρι
3099 570 3289 623 τούτου
3320 571 3478 639 μόνον
3496 588 3509 600 ·
3533 572 3711 625 καίτοι

2134 658 2231 711 καὶ
2262 658 2310 710 εί
2344 657 2501 711 τοῦτο
2536 656 2694 728 μόνον
2724 652 2791 725 ἦν
2820 654 2883 707 τὸ
2915 654 3109 719 δεινὸν,
3143 653 3264 705 οὐδὲ
3294 652 3465 714 οὕτως
3506 649 3621 707 ἴσον
3650 654 3715 707 τὸ

2132 741 2232 809 τῆς
2264 740 2538 804 κολάσεως
2568 735 2657 809 ἦν,
2681 738 2816 792 ἀλλά
2842 735 3080 805 τοσούτῳ
3112 734 3505 806 χαλεπώτερον,
3537 737 3658 791 ὅσον
3685 738 3713 791 6

2132 822 2283 893 ἥλιος
2318 824 2521 883 ἐκεῖνος
2548 821 2734 875 τούτου
2767 821 3031 890 κρείττων
3057 817 3400 889 ἀσυγκρίτως
3441 818 3555 871 ἐστι
3575 836 3589 851 ·
3620 818 3713 873 νῦν

2134 906 2190 958 δὲ
2230 907 2325 959 καὶ
2357 906 2549 979 ἑτέραν
2582 905 2695 958 ἔστι
2737 903 3104 975 προσδοκῆσαι
3132 903 3420 972 τιμωρίαν.
3458 902 3560 955 Τὸν
3606 904 3714 974 γὰρ

2135 990 2312 1041 ἐκεῖνο
2336 987 2395 1041 τὸ
2426 988 2540 1057 φῶς
2564 989 2661 1059 οὐχ
2692 987 2923 1058 ὁρῶντα,
2956 987 3057 1039 οὑκ
3084 986 3163 1049 είς
3188 985 3248 1038 τὸ
3282 985 3471 1047 σκότος
3498 985 3578 1038 δεῖ
3605 988 3713 1040 ἀπ-

2136 1072 2419 1142 ενεχθῆναι
2458 1073 2637 1142 μόνον,
2667 1070 2804 1124 ἀλλά
2838 1070 2932 1123 καὶ
2964 1068 3214 1123 καίεσθαι
3244 1068 3330 1121 διὰ
3371 1070 3589 1132 παντὸς,
3620 1069 3714 1122 καὶ

2135 1156 2423 1227 τήκεσθαι,
2453 1157 2548 1209 καὶ
2582 1155 2799 1226 βρύχειν
2820 1155 2946 1217 τοὺς
2966 1153 3203 1217 ὀδόντας,
3228 1154 3322 1205 καὶ
3346 1153 3517 1224 μυρία
3548 1155 3714 1223 ἕτερα

2135 1240 2368 1310 πάσχειν
2401 1240 2571 1295 δεινά.
2624 1238 2716 1310 Μὴ
2743 1238 2808 1308 δὴ
2839 1238 3167 1308 περιίδωμεν
3216 1237 3461 1299 ἑαυτοὺς,
3495 1235 3585 1289 διά
3612 1236 3714 1307 τῆς

2138 1324 2397 1395 βραχείας
2429 1323 2630 1393 ταύτης
2661 1322 2953 1391 ὀλιγωρίας
2982 1320 3075 1373 καὶ
3103 1319 3340 1382 ἀνέσεως
3388 1321 3469 1383 είς
3499 1318 3717 1373 αἰώνιον

2136 1408 2509 1476 ἐμπίπτοντας
2533 1407 2773 1472 κόλασιν,
2794 1404 2932 1461 ἀλλά
2955 1405 3413 1476 γρηγορήσωμεν,
3434 1404 3712 1473 νήφωμεν,

2138 1492 2319 1545 πάντα
2337 1490 2633 1563 πράξωμεν
2649 1492 2741 1543 καὶ
2756 1486 3322 1559 πραγματευσώμεθα,
3349 1486 3488 1540 ὥστε
3504 1486 3718 1555 ἐκείνης

2137 1578 2324 1645 τυχεῖν
2340 1575 2436 1646 τῆς
2464 1573 2834 1641 ἀπολαύσεως,
2850 1575 2941 1626 καὶ
2962 1572 3148 1643 πόρρω
3173 1571 3423 1639 γενέσθαι
3443 1570 3535 1624 τοῦ
3556 1588 3719 1625 ποτα-

2140 1657 2243 1729 μοῦ
2266 1657 2359 1710 τοῦ
2378 1658 2548 1728 πυρὸς
2573 1657 2665 1710 τοῦ
2700 1656 2995 1727 συρομένου
3025 1654 3164 1726 μετά
3195 1653 3388 1708 πολλοῦ
3412 1654 3588 1725 ῥοίζου
3614 1655 3720 1725 πρὸ

2141 1740 2235 1795 τοῦ
2280 1742 2519 1812 βήματος
2538 1739 2631 1793 τοῦ
2660 1738 2908 1811 φρικτοῦ.
2938 1738 3041 1790 Τὸν
3057 1737 3162 1808 γάρ
3195 1736 3342 1804 ἀπαξ
3372 1738 3715 1808 ἐμπεσόνταα

2145 1826 2284 1886 ἐκεῖ,
2306 1825 2410 1898 χρὴ
2442 1824 2623 1894 μένειν
2651 1822 2737 1876 διά
2762 1823 2985 1887 παντὸς,
3001 1824 3093 1874 καὶ
3117 1824 3144 1874 ό
3172 1821 3562 1891 τῆςηκολάσεως
3582 1820 3721 1885 ἐξαι-

2147 1908 2446 1979 ρησόμενος
2474 1906 2664 1969 οὐδεὶς,
2700 1906 2760 1959 ού
2788 1906 2989 1976 πατὴρ,
3018 1906 3077 1958 οὐ
3109 1906 3311 1976 μήτηρ,
3334 1906 3433 1957 οὐκ
3475 1905 3718 1974 ἀδελφός.

2145 1993 2254 2046 Καὶ
2282 1990 2455 2043 ταῦτα
2482 1991 2635 2044 αὐτοὶ
2666 1990 2714 2042 οἱ
2759 1992 3035 2060 προφῆται
3073 1988 3289 2059 βοῶσιν,
3319 1991 3347 2041 ό
3379 1989 3477 2058 μὲν
3526 1988 3719 2056 λέγων,

2157 2074 2435 2142 Ἄδελφὸς
2462 2075 2533 2127 οὺ
2577 2073 2931 2141 λυτροῦται,
2964 2070 3330 2140 λυτρώσεται
3378 2071 3719 2140 ἇνθρωπος;

2144 2159 2174 2211 6
2202 2158 2259 2212 δὲ
2294 2156 2552 2228 ἰεζεκιὴλ
2580 2159 2671 2210 κα)¹
2704 2157 2894 2210 τούτου
2936 2175 2991 2209 τι
3031 2157 3190 2208 πλέον
3215 2155 3481 2226 ἐδήλωσεν
3519 2154 3719 2207 εἰπών·

2159 2242 2295 2294 Ἐὰν
2326 2239 2445 2308 στῇ
2480 2241 2603 2294 Νῶε
2649 2240 2745 2294 καὶ
2780 2240 2909 2294 Ἰὼϐ
2948 2238 3045 2292 καὶ
3082 2238 3338 2305 Δανιὴλ,
3372 2237 3510 2303 τοὺς
3557 2236 3720 2302 υἱοὺς

2147 2322 2343 2377 αὐτῶν
2378 2323 2477 2375 καὶ
2507 2324 2609 2389 τὰς
2655 2322 2980 2393 θυγατέρας
3011 2324 3081 2374 οὐ
3123 2320 3208 2391 μὴ
3248 2320 3589 2385 ἐξέλωνται.
3611 2321 3725 2374 Μία

2148 2407 2257 2477 γὰρ
2280 2406 2581 2477 προστασία
2606 2406 2763 2476 μόνη,
2796 2408 2825 2476 ἡ
2855 2405 2946 2458 διά
2971 2405 3079 2456 τῶν
3105 2404 3280 2474 ἔργων
3307 2404 3453 2456 ἐστὶν
3470 2404 3602 2466 ἐκεῖ,
3629 2403 3725 2456 καὶ

2149 2490 2241 2542 τὸν
2279 2488 2482 2558 ταύτης
2517 2489 2997 2561 ἀπεστερημένον,
3033 2486 3296 2556 ἑτέρωθεν
3341 2485 3577 2556 σωθῆναι
3626 2485 3726 2540 οὐκ

2151 2574 2249 2627 ἔνι.
2282 2573 2465 2626 Ταῦτα
2495 2569 2586 2626 οὖν
2633 2572 2892 2643 διηνεκῶς
2939 2572 3259 2643 στρέφοντες
3296 2572 3390 2623 καὶ
3418 2570 3726 2638 ἀναλογιζό-

2154 2674 2336 2726 μενοι,
2391 2656 2788 2727 ἐκκαθάρωμεν
2830 2654 2987 2725 ἡμῶν
3034 2654 3125 2707 τὸν
3174 2654 3308 2724 βίον,
3350 2654 3445 2706 καὶ
3478 2652 3728 2723 λαμπρὸν

2152 2742 2488 2811 ποιήσωμεν,
2526 2739 2664 2792 ὥστε
2712 2739 2848 2810 μετά
2882 2738 3197 2810 παρρησίας
3235 2737 3363 2790 ἰδεῖν
3394 2737 3484 2790 τὸν
3525 2737 3729 2807 Κύριον

2154 2824 2248 2878 καὶ
2279 2824 2387 2877 τῶν
2420 2824 2844 2893 ἐπηγγελμένων
2888 2826 3067 2892 τυχεῖν
3110 2820 3328 2889 ἀγαθῶν
3354 2859 3369 2883 ,
3408 2820 3590 2891 χάριτι
3634 2821 3729 2873 καὶ

2156 2906 2532 2977 φιλανθρωπίᾳ
2550 2906 2644 2959 τοῦ
2675 2906 2876 2977 Κυρίου
2900 2905 3057 2975 ἡμῶν
3097 2904 3268 2971 Ἰησοῦ
3295 2903 3552 2979 Χριστοῦ,
3580 2903 3644 2956 δι’
3666 2894 3727 2955 οὗ

2158 2991 2252 3041 καὶ
2286 2990 2403 3060 μεθ’
2434 2984 2494 3042 οὗ
2529 2988 2607 3059 τῷ
2638 2990 2813 3058 Πατρὶ
2846 2988 2972 3051 δόξα
3015 2987 3133 3058 ἅμα
3159 2988 3235 3056 τῷ
3265 2988 3404 3057 ἁγίῳ
3431 2986 3729 3056 Πνεύματι,

2152 3070 2248 3125 νῦν
2276 3072 2368 3125 καὶ
2392 3073 2500 3132 ἀεὶ,
2523 3074 2616 3125 καὶ
2648 3074 2727 3134 είς
2754 3071 2879 3134 τοὺς
2911 3070 3113 3134 αἰῶνας
3140 3069 3248 3123 τῶν
3277 3068 3506 3122 αἰώνων.
3536 3070 3727 3140 Ἀμην.

2221 3189 2244 3217 °
2288 3186 2420 3235 Unus
2445 3186 2719 3234 ἐκπεσόντα.

1918 3350 2162 3403 ΟΜΙΛΙΑ
2203 3351 2301 3403 ΙΓ¹.

491 3442 765 3513 Ἰωάννης
780 3439 1215 3513 μαρτυρεῖἑπερὶ
1240 3443 1444 3498 αὐτοῦ.
1464 3443 1559 3496 καὶ
1582 3443 1831 3513 κέκραγε
1846 3442 2056 3512 λέγων·

557 3531 575 3563 ι
606 3508 794 3577 Οὗτορ
821 3508 899 3583 ἦν
930 3508 999 3564 ὃν
1033 3508 1224 3583 εἷπον,
1251 3516 1282 3565 ὀ
1326 3514 1516 3566 ὀπίσω
1540 3531 1658 3581 μου
1688 3508 2023 3583 ’ἐρχόμενος
2043 3555 2057 3579 ,

549 3582 888 3652 ἔμπροσθέν
914 3599 1031 3651 μου
1071 3581 1335 3652 γέγονεν,
1359 3583 1445 3635 ὅτι
1474 3580 1703 3651 πρῶτός
1726 3580 1853 3651 μού
1874 3580 1972 3654 ἦν.
2007 3604 2025 3635 ι

550 3666 619 3720 α’.
654 3664 801 3738 τΑρα
842 3666 914 3737 μὴ
938 3668 1018 3729 εἰς
1042 3667 1195 3719 κενὸν
1218 3667 1480 3739 τρέχομεν
1516 3668 1606 3719 καὶ
1640 3667 1951 3737 κοπιῶμεν;
1986 3667 2060 3737 μὴ

480 3752 619 3807 κατά
656 3751 868 3821 πετρῶν
900 3750 1220 3821 σπείρομεν;
1261 3746 1370 3821 ἆρα
1407 3750 1481 3821 μὴ
1515 3751 1667 3822 παρά
1699 3752 1795 3821 τὴν
1817 3751 1937 3806 ὁδὸν
1969 3752 2063 3803 καὶ

478 3837 575 3900 τὰς
610 3836 848 3897 ἀκάνθας
887 3836 1015 3905 ἡμῖν
1051 3834 1301 3887 λανθάνει
1332 3835 1397 3887 τὰ
1435 3836 1723 3905 σπέρματα
1759 3836 2060 3900 πίπτοντα;

491 3919 734 3987 Ἀγωνιῶ
764 3918 871 3987 γὰρ
899 3917 1102 3988 σφόδρα
1128 3918 1221 3970 καὶ
1246 3917 1456 3970 δέδοικα
1489 3919 1562 3990 μὴ
1593 3920 1847 3990 ἀνόνητος
1872 3921 2002 3990 ἡμῖν
2029 3921 2062 3990 ἡ

481 4004 725 4073 γεωργία
748 4004 998 4071 γένηται’
1030 4003 1123 4053 καὶ
1150 4002 1320 4054 ταῦτα
1353 4002 1472 4055 οὐδὲ
1503 4014 1528 4042 α
1559 4003 1765 4072 μέλλων
1795 4004 1953 4067 αὐτὸς
1985 4005 2063 4067 εἰς

480 4088 574 4140 τὸν
606 4087 699 4139 τοῦ
750 4087 917 4139 κόπου
965 4086 1157 4137 τούτου
1204 4085 1692 4155 παραϐλάπτεσθαι
1741 4087 1965 4158 μισθόν·
2000 4087 2061 4139 οὐ

482 4172 591 4241 γὰρ
625 4164 713 4222 οἷα
738 4170 846 4222 τῶν
874 4168 1152 4238 γηπόνων,
1176 4167 1403 4221 τοιαῦτα
1428 4171 1521 4222 καὶ
1547 4169 1615 4223 τά
1651 4171 1759 4224 τῶν
1789 4171 2065 4225 διδασκόν-

481 4272 588 4306 των
635 4252 801 4306 έστίν.
846 4252 903 4303 Ὀ
954 4252 1050 4325 μέν
1096 4250 1205 4322 γὰρ
1247 4251 1490 4321 γεωργὸς
1536 4254 1672 4322 μετά
1718 4256 1843 4318 τοὺς
1885 4256 2059 4309 ἐνιαυ-

485 4337 633 4399 σίους
662 4336 690 4375 δ
718 4335 976 4398 πολλάκις
998 4335 1248 4405 μόχθους,
1278 4337 1371 4388 καὶ
1400 4336 1499 4407 τὴν
1523 4338 1896 4409 ταλαιπωρίαν
1922 4338 2064 4391 ἐκεί-

484 4438 602 4489 νην,
631 4418 725 4473 καὶ
753 4421 877 4483 τοὺς
908 4419 1155 4489 ἱδρῶτας,
1188 4417 1254 4472 ἂν
1280 4418 1445 4489 μηδὲν
1473 4418 1731 4495 ἐξενέγκῃ
1753 4420 1861 4474 τῶν
1890 4422 2064 4474 πόνων

485 4504 600 4576 17⁸2]
628 4504 777 4571 ἄξιον
807 4507 846 4575 ἡι
878 4505 967 4574 γῆ,
988 4503 1115 4575 παρ’
1144 4503 1356 4567 οὐδενὸς
1380 4503 1565 4573 ἐτέρου
1600 4504 1883 4576 δυνήσεται
1906 4517 1926 4543 ο
1957 4505 2065 4559 τῶν

486 4587 665 4639 πόνων
710 4589 831 4640 τινὰ
890 4586 1244 4658 παραμυθίαν
1294 4587 1511 4657 εὑρεῖν·
1568 4587 1684 4639 ἀλλ’
1733 4588 2066 4659 ὑποστρέφει

489 4672 605 4733 μετ’
656 4671 916 4741 αἰσχύνης
965 4672 1057 4723 καὶ
1107 4670 1412 4739 κατηφείας
1459 4670 1565 4723 ἀπὸ
1624 4670 1725 4741 τῆς
1772 4672 1882 4726 ἆλω
1931 4671 2066 4740 πρὸς

485 4754 582 4826 τὴν
610 4754 815 4818 οἰκίαν,
853 4755 947 4807 καὶ
988 4753 1086 4823 τὴν
1114 4758 1347 4822 γυναῖκα
1395 4755 1489 4806 καὶ
1519 4753 1589 4805 τά
1621 4754 1809 4807 παιδία
1830 4796 1845 4818 ,
1878 4755 2066 4808 οὐδένα

488 4842 625 4910 ἔχων
648 4839 947 4907 ἀπαιτῆσαι
976 4840 1071 4907 τῆς
1100 4838 1413 4907 φιλοπονίας
1434 4837 1535 4907 τῆς
1563 4840 1780 4909 μακρᾶς
1803 4840 1898 4906 τὴν
1923 4839 2068 4891 ἀντί-

487 4925 653 4976 δοσιν.
699 4924 821 4974 Ἐπὶ
855 4922 911 4973 δὲ
944 4924 974 4991 ἡ
987 4922 1100 4990 μῶν
1130 4922 1281 4974 οὐδὲν
1312 4920 1553 4974 τοιοῦτον
1592 4922 1766 4980 ἐσται,
1795 4921 1929 4975 ἀλλὰ
1967 4922 2070 4975 κᾶν

490 5008 525 5075 ἡ
552 5006 575 5042 ιι
608 5004 997 5075 γεωργουμένη
1028 5005 1099 5072 γῆ
1132 5004 1333 5074 μηδένα
1358 5004 1615 5074 ἐξενέγκῃ
1651 5004 1883 5073 καρπὸν,
1912 5006 1945 5073 ἡ
1957 5004 2071 5074 μῶν

493 5088 712 5140 ἅπαντα
738 5088 1161 5156 ἐπιδειξαμένων
1186 5088 1367 5148 πόνον,
1386 5090 1414 5141 ὁ
1439 5088 1532 5141 καὶ
1555 5087 1758 5157 ταύτης
1791 5088 1885 5141 καὶ
1916 5087 2072 5158 ἡμῶν

493 5169 696 5241 Κύριος
717 5170 776 5221 οὐ
797 5171 1113 5239 περιόψεται
1136 5174 1319 5235 κεναῖς
1341 5172 1487 5241 ἡμᾶς
1508 5170 1913 5242 ἀπερχομένους
1933 5170 2076 5223 ἐλπί-

496 5272 598 5315 σιν,
627 5252 761 5305 ἀλλά
790 5250 949 5303 δώσει
998 5252 1097 5314 τὰς
1142 5254 1705 5321 ἀμοιϐάς-,Ἕκαστος
1753 5253 1881 5325 γὰρ,
1918 5256 2073 5324 φησὶ,

494 5339 601 5390 τὸν
634 5338 787 5390 ἴδιον
816 5336 1038 5405 μισθὸν
1065 5335 1321 5403 λήψεται
1349 5340 1499 5391 κατὰ
1526 5340 1633 5392 τόν
1668 5338 1822 5392 ἴδιον
1864 5340 2072 5404 κόπον,

497 5422 557 5473 οὐ
589 5420 732 5473 κατὰ
760 5419 821 5473 τὸ
854 5419 963 5471 τῶν
1003 5420 1343 5489 πραγμάτων
1385 5422 1556 5484 τέλος.
1618 5423 1727 5475 Καὶ
1776 5422 1858 5474 ὃτι
1905 5422 2076 5486 οὕτως

497 5505 631 5575 ἔχει,
663 5505 847 5559 ἀκουε-
876 5504 985 5557 Kal
1012 5503 1114 5569 σὺ,
1142 5507 1326 5575 φησιν,
1362 5504 1453 5559 υἱὲ
1480 5506 1815 5573 ἀνθρώπου,
1850 5505 2078 5577 διαμάρ·

496 5605 628 5658 τυρε
668 5586 744 5657 τῷ
778 5586 891 5657 λαῷ
917 5586 1109 5657 τούτῳ,
1144 5587 1253 5640 ἐὰν
1277 5586 1393 5656 ἄρα
1422 5588 1788 5654 ἀκούσωσιν,
1822 5589 1932 5642 ἐὰν
1963 5590 2078 5658 ἄρα

499 5668 755 5724 συνῶσι.
806 5670 915 5721 Καὶ
961 5670 1049 5724 διὰ
1100 5669 1194 5724 τοῦ
1246 5670 1504 5741 Ἰεζεκιὴλ
1560 5671 1617 5723 δὲ
1669 5672 1828 5724 τοῦτο
1889 5672 2078 5741 μαθεῖν

566 5826 591 5853 ει
626 5823 798 5871 Μητρὶ.
841 5823 991 5885 οὐδέν,
1027 5828 1231 5885 rectius,
1272 5840 1365 5874 nec
1388 5827 1534 5875 aliter
1570 5826 1755 5875 habent
1796 5826 1934 5875 codd.
1966 5827 2076 5882 705.

503 5885 610 5949 706.
649 5885 783 5934 Eon.
850 5884 878 5923 δ
913 5887 1060 5949 savii.
1096 5884 1426 5943 ἐνιαυσιαίους.
1476 5889 1592 5938 Mor.
1637 5896 1691 5937 et
1728 5901 1844 5938 mss.
1878 5891 2076 5949 plurimi

506 5947 781 6013 ἐνεαυσίους.
867 5947 1053 6013 :_M0r.
1095 5949 1301 6001 δύναται.
1349 5952 1499 6001 Savil.
1547 5956 1601 6001 et
1642 5963 1753 6001 mss.
1801 5947 2069 6009 δννῆσεται.

508 6010 536 6048 ά
558 6007 706 6059 Sari].
729 6009 846 6059 ἐστι.
867 6010 969 6071 Κάν
990 6010 1080 6072 γὰρ
1101 6013 1149 6066 ἡ.

2170 3444 2318 3496 ἔστιν
2357 3454 2379 3481 ε
2413 3460 2424 3472 ·
2456 3442 2551 3496 ἐὰν
2593 3445 2621 3495 6
2670 3441 2869 3504 σκοπὸς
2900 3440 3009 3512 γάρ
3043 3441 3297 3512 προείπῃ,
3335 3440 3389 3493 τε
3415 3440 3512 3510 μὲν
3541 3441 3733 3509 φυγεῖν

2162 3528 2215 3579 τί
2247 3528 2303 3581 δὲ
2344 3527 2559 3580 ἑλέσθαι
2586 3527 2715 3589 δέοι,
2749 3526 2849 3595 τὴν
2890 3525 3067 3595 ψυχὴν
3110 3524 3343 3589 ἐξείλετο
3384 3526 3481 3591 τὴν
3513 3523 3732 3585 ἑαυτοῦ,

2165 3610 2265 3663 κᾶν
2310 3610 2337 3661 6
2368 3610 2648 3681 προσέχων
2694 3609 2880 3679 μηδεὶς
3007 3607 3144 3660 Ἀλλ’
3190 3609 3339 3677 ὅμως
3387 3608 3481 3659 καὶ
3512 3606 3734 3676 ἰσχυρὰν

2164 3695 2511 3765 παραμυθίαν
2540 3693 2742 3760 ταύτην
2777 3692 3013 3763 ἔχοντες,
3044 3693 3139 3746 καὶ
3168 3692 3308 3762 ὑπὲρ
3348 3691 3445 3755 τῆς
3475 3693 3552 3753 εἰς
3591 3690 3735 3761 ἡμᾶς

2164 3778 2399 3847 ἀμοιϐῆς
2427 3775 2773 3847 θαρροῦντες,
2814 3777 2943 3828 ὅταν
2972 3774 3126 3845 ὑμῶν
3155 3775 3216 3827 τὸ
3248 3774 3405 3843 ἔργον
3437 3772 3631 3841 ἴδωμεν
3661 3772 3735 3843 μὴ

2166 3860 2497 3932 προκόπτον,
2537 3859 2689 3911 οὐδὲν
2735 3859 2957 3928 ἄμεινον
3006 3859 3231 3912 ἐκείνων
3274 3857 3597 3927 διακείμεθα
3629 3856 3738 3909 τῶν

2164 3945 2425 4017 γεωργῶν
2446 3944 2553 3998 τῶν
2584 3943 2949 4007 στεναζόντων
2994 3944 3090 3997 καὶ
3119 3942 3480 4014 θρηνούντων,
3509 3942 3616 3995 τῶν
3648 3943 3740 4008 ἐγ-

2164 4029 2585 4099 καλυπτομένων
2627 4029 2722 4081 καὶ
2764 4027 3194 4097 αίσχυνομένων.
3235 4026 3407 4080 Τοῦτο
3439 4026 3546 4096 γάρ
3594 4024 3738 4077 διδα-

2166 4112 2366 4166 σκάλου
2410 4111 2744 4180 συμπάθεια,
2780 4111 2938 4164 τοῦτο
2982 4110 3277 4181 κηδεμονία
3314 4110 3537 4179 πατρός.
3588 4107 3740 4162 Ἐπεὶ

2165 4196 2260 4249 καὶ
2297 4197 2558 4265 Μωύσῆς,
2588 4194 2706 4258 ἐξὸν
2742 4194 2889 4265 αὐτῷ
2924 4193 2943 4231 ί
2975 4194 3073 4262 τῆς
3101 4194 3488 4264 ἀγνωμοσύνης
3512 4192 3743 4246 ἀπαλλα⁴

2165 4281 2327 4351 γῆναι
2354 4280 2453 4348 τῆς
2482 4278 2797 4348 ἰουδαῖκῆς,
2833 4279 2926 4330 καὶ
2954 4278 3337 4349 λαμπροτέραν
3359 4277 3530 4348 ἀρχὴν
3558 4276 3742 4341 ἔθνους

2167 4364 2355 4433 ἐτέρου
2392 4362 2573 4416 λαϐεῖν
2597 4364 2690 4416 καὶ
2717 4361 2895 4431 πολλῷ
2928 4361 3203 4432 μείζονοςο
3245 4362 3469 4414 Ἔασον
3495 4360 3601 4433 γάρ
3642 4377 3739 4430 με,

2167 4448 2321 4517 φησι,
2354 4445 2452 4499 καί
2497 4445 2798 4513 ἐξαλείψω
2848 4444 3092 4509 αὐτοὺς,
3134 4443 3233 4497 καὶ
3271 4441 3505 4508 ποιήσω
3547 4450 3621 4496 σε
3655 4445 3744 4510 είς

2167 4530 2343 4591 ἔθνος
2370 4529 2521 4598 μέγα
2549 4529 2584 4595 ἢ
2624 4528 2821 4581 τοῦτο·
2856 4528 3043 4597 ἐπειδὴ
3065 4526 3218 4593 ἆγιος
3251 4520 3319 4596 ἦν
3344 4527 3435 4579 καὶ
3470 4526 3603 4579 Θεοῦ
3626 4525 3745 4580 δοῦ-

2166 4611 2280 4676 λος,
2305 4613 2398 4665 καὶ
2428 4611 2631 4682 σφόδρα
2673 4611 2823 4679 φίλος
2852 4612 2877 4650 ε
2931 4611 3153 4679 γνήσιος
3192 4609 3285 4663 καὶ
3327 4609 3587 4677 γενναῖος,
3626 4608 3745 4661 οὐδὲ

2168 4697 2400 4750 ἀκοῦσαι
2452 4697 2654 4765 ταύτην
2706 4695 2964 4765 ἠνέσχετο
3014 4694 3113 4764 τὴν
3149 4693 3351 4763 φωνὴν,
3399 4693 3513 4747 ἀλλ’
3570 4692 3746 4746 εἵλετο

2173 4780 2372 4851 μᾶλλον
2417 4779 2710 4833 ἀπολέσθαι
2742 4779 2878 4848 μετὰ
2906 4776 3013 4830 τῶν
3045 4777 3189 4843 ὄιπαξ
3225 4776 3618 4845 κληρωθέντων
3644 4776 3743 4829 αὑ-

2168 4862 2267 4934 τῷ,
2300 4864 2333 4934 ἠ
2364 4865 2533 4933 χωρὶς
2575 4863 2809 4917 ἐκείνων·
2830 4858 3209 4925 διασώζεσθαι,
3259 4861 3353 4913 καὶ
3387 4862 3445 4915 ἐν
3479 4859 3747 4930 ἀξιώματι

2171 4944 2309 5000 εἶναι
2341 4946 2565 5017 μείζονι.
2591 4946 2847 4999 Τοιοῦτον
2868 4940 3007 4999 εἶναι
3036 4945 3142 5029 χρὴ
3169 4945 3259 4997 τὸν
3288 4944 3608 5015 προεστῶτα
3639 4945 3745 5013 ψυ-

2171 5031 2301 5101 χῶν.
2349 5030 2455 5084 Καὶ
2511 5030 2619 5100 γὰρ
2654 5032 2850 5085 ἄτοπον
2883 5027 3074 5091 παῖδας
3111 5030 3210 5099 μὲν
3236 5028 3427 5098 ἔχοντά
3452 5045 3576 5081 τινα
3610 5027 3749 5095 φαύ-

2171 5114 2297 5177 λους
2341 5114 2413 5183 μὴ
2458 5114 2709 5185 ἐθελῆσαι
2758 5114 2973 5184 ἐτέρων
3002 5111 3266 5182 κληθῆναι
3328 5111 3562 5183 πατέρα,
3615 5110 3751 5164 ἀλλὰ

2173 5198 2280 5250 τῶν
2310 5196 2438 5268 παρ’
2481 5196 2645 5250 αὑτοῦ
2681 5196 2912 5265 φύντων·
2959 5194 3203 5268 μαθητὰ-ς
3233 5194 3287 5247 δὲ
3313 5194 3751 5265 ἐγχειρισθέντας

2176 5264 2405 5351 ἐτέρους-
2425 5280 2482 5347 ἐξ
2508 5280 2707 5351 ἐτέρων
2738 5264 2985 5349 ἀμείϐειν
3009 5264 3114 5351 ἀεὶ,
3141 5264 3237 5351 καὶ
3268 5277 3362 5351 νῦν
3382 5264 3492 5351 μὲν
3525 5278 3748 5351 τούτων,
3770 5282 3803 5315 ἐν

2175 5347 2330 5413 αὖθις
2379 5352 2433 5404 δὲ
2482 5347 2725 5412 ἐκείνων,
2780 5347 2873 5403 καὶ
2914 5347 3052 5422 μετά
3099 5349 3301 5422 τούτῳ
3332 5350 3378 5422 ξι-
3394 5349 3552 5422 πάλιν
3569 5347 3751 5422 Δἄλλων

2177 5422 2513 5493 προστασίαν
2554 5423 2698 5492 ἡμᾶς
2755 5417 3039 5491 ἁρπάζειν,
3101 5417 3236 5488 πρὸς
3281 5417 3484 5472 ὀὐδένα
3534 5418 3751 5481 οἰκείως

2177 5505 2570 5576 διακειμένους.
2626 5503 2787 5557 Ἀλλά
2835 5505 2961 5574 περὶ
3008 5500 3159 5570 ὑμῶν
3208 5499 3281 5571 μὴ
3323 5503 3532 5569 γένοιτο
3583 5499 3754 5553 ταῦτα

2180 5588 2518 5642 ύποπτεῦσαί
2546 5606 2697 5641 ποτε.
2723 5586 3066 5655 Πεποίθαμεν
3087 5584 3216 5653 γὰρ,
3239 5586 3319 5637 ὅτι
3348 5584 3546 5653 μᾶλλον
3576 5600 3757 5655 περισ-

2180 5671 2365 5724 σεύετε
2398 5672 2454 5725 ἐν
2490 5673 2557 5742 τῇ
2587 5671 2767 5723 πίστει
2795 5672 2860 5741 τῇ
2903 5672 2982 5730 εἰς
3010 5667 3100 5721 τὸν
3130 5667 3331 5739 Κύριον
3361 5668 3516 5737 ἡμῶν
3552 5665 3757 5736 Ἰησοῦν

2245 5830 2269 5856 ε
2293 5827 2441 5875 Savil.
2467 5828 2546 5874 καὶ
2571 5829 2596 5874 6
2627 5825 2848 5881 Ἱεζεκιήλ
2887 5825 2937 5873 δέ
2962 5841 3116 5886 φησιν.
3190 5821 3377 5886 [Αύτῷ
3399 5823 3537 5886 (i998!
3570 5818 3614 5869 in
3643 5820 3754 5886 Sav_.

2182 5890 2208 5930 ⁸
2238 5888 2320 5955 §ic
2342 5890 2452 5955 ξαν.
2483 5896 2534 5936 ει
2557 5902 2665 5955 [ηας.
2698 5888 2815 5935 Mur.
2839 5888 2919 5934 καὶ
2951 5883 3135 5955 σφοδρά
3164 5883 3360 5955 δοῦλος.
3412 5885 3439 5921 ιι
3458 5885 3612 5955 Sari].
3640 5884 3759 5955 μιτὰ

2181 5947 2342 6017 τοῦξω,
2363 5951 2481 6017 M93".
2503 5950 2678 6017 mgnus
2694 5958 2753 6017 μὶ
2772 5956 2908 6017 pulo,
2922 5946 3253 6017 pgégjai’icgv.
3281 5949 3378 6017 Βεε
3396 5954 3474 6017 εει
3494 5946 3754 6017 leﬁsiima.

2182 6039 2240 6049 —
2252 6007 2364 6064 Pri:
2384 6008 2496 6062 aliis
2516 6012 2670 6074 placet
2688 6007 2826 6063 lectio
2844 6007 2987 6060 codd.
3002 6010 3110 6071 705,
3124 6010 3232 6073 706,
3246 6010 3362 6071 μετὰ
3380 6008 3590 6064 τούτους.
3616 6007 3751 6058 Enn.
