4074 6374
280 393 351 461 ss;
1351 395 1419 453 IN
1454 395 1761 457 JOANNEM
1800 396 2026 454 noun.
2069 397 2204 453 xui.
2247 400 2316 454 al.
2357 398 2473 453 xu.
3036 356 3037 359 γ
3454 397 3525 454 so

272 510 320 560 ri
330 509 466 565 tatis.
493 507 597 580 Qui
624 524 752 584 ergo
776 518 855 567 tot
877 511 1219 583 spectaculis,
1248 510 1545 581 hujusmodi
1573 511 1813 570 doctrina
1830 554 1847 579 ,

284 609 433 655 tanto
457 617 680 657 munere
702 603 899 674 dignati
926 615 1068 670 sunt,
1099 605 1258 659 vitam
1284 604 1614 675 dogmatibus
1639 606 1851 677 dignam

283 690 572 746 eahibeant
594 702 804 762 oportet
822 737 838 760 ,
869 704 926 749 ut
954 695 1057 750 illis
1085 693 1325 749 fruantur
1349 696 1522 750 bonis.
1550 696 1677 752 Ideo
1703 712 1854 752 nam-

287 797 391 850 que
416 782 632 839 advenit
662 786 915 841 Dominus
941 797 1123 842 noster
1148 786 1301 842 Jesus
1327 787 1566 843 Christus
1585 830 1600 851 ,
1631 805 1737 843 non
1767 805 1856 844 so-

290 871 400 925 lum
431 882 487 926 ut
517 875 602 929 hic
630 875 743 944 ejus
767 877 1009 946 gloriam,
1040 878 1130 931 sed
1163 879 1319 933 etiam
1350 887 1405 932 ut
1430 878 1655 933 futuram
1682 880 1859 934 videa-

288 979 431 1017 mus.
476 965 762 1025 Propterea
808 968 980 1023 dixit:
1022 968 1142 1023 Volo
1178 980 1229 1023 ut
1266 970 1348 1023 ubi
1382 988 1491 1024 sum
1522 988 1609 1041 ego
1633 1013 1647 1037 ,
1681 982 1727 1024 et
1762 972 1862 1040 ipsi

288 1056 421 1119 sint,
447 1067 502 1108 ut
532 1059 725 1110 uideant
751 1061 963 1128 gloriam
992 1077 1150 1115 meam
1178 1060 1350 1131 (Joan.
1383 1062 1469 1116 17.
1500 1060 1611 1133 24).
1641 1062 1789 1129 Quod
1816 1064 1860 1117 si

292 1145 409 1201 haec
438 1148 605 1216 gloria
643 1159 749 1203 tam
781 1152 1053 1219 splendida
1078 1194 1093 1217 ,
1127 1162 1231 1207 tam
1259 1154 1541 1223 conSpicua
1571 1153 1706 1219 fuit,
1739 1154 1860 1223 quid

291 1234 363 1292 de
412 1238 502 1291 illa
546 1238 872 1295 dixerimus?
915 1240 1030 1295 Non
1073 1242 1213 1295 enim
1260 1243 1310 1296 in
1356 1253 1495 1297 terra
1540 1244 1864 1313 corruptioni

293 1328 525 1384 obnoxia
557 1330 819 1385 videbitur
842 1373 857 1398 ,
889 1350 993 1387 non
1034 1334 1186 1389 nobis
1225 1335 1276 1389 in
1320 1333 1459 1390 fluxo
1497 1351 1720 1405 corpore
1750 1352 1865 1393 ma-

295 1421 580 1486 nentibus;
610 1422 703 1476 sed
730 1423 782 1477 in
809 1422 1091 1479 immortali
1128 1432 1185 1478 et
1221 1433 1476 1494 perpetua
1507 1434 1747 1479 creatura
1768 1466 1783 1491 ,
1814 1435 1869 1480 et

294 1525 419 1565 cum
442 1520 590 1567 tanto
615 1513 917 1581 splendore,
946 1523 1005 1568 ut
1029 1514 1175 1569 nullo
1200 1516 1364 1585 possit
1389 1516 1639 1586 explicari
1667 1531 1870 1572 sermo-

297 1618 389 1657 ne.
420 1602 467 1658 Ο
495 1604 631 1659 beati
658 1647 673 1669 ,
707 1616 785 1660 ter
812 1608 949 1660 beati
977 1648 992 1672 ,
1023 1607 1320 1673 saepiusque
1359 1606 1495 1660 beati
1521 1648 1537 1673 ,
1569 1608 1658 1677 qui
1687 1608 1869 1677 gloria:

299 1694 444 1777 illius
474 1705 797 1763 spectatores
824 1712 942 1752 esse
970 1698 1354 1769 dignabuntur!
1385 1699 1459 1754 De
1484 1699 1583 1755 hac
1615 1700 1871 1771 propheta

297 1786 473 1841 dicit:
502 1788 739 1843 Tollatur
780 1790 1005 1861 impius,
1053 1808 1121 1847 ne
1168 1792 1347 1847 videat
1390 1794 1614 1863 gloriam
1662 1794 1871 1850 Domini

304 1878 457 1946 (Isai.
480 1880 570 1935 26.
596 1882 679 1937 iO.
706 1884 756 1935 in
780 1882 1000 1954 Graeco).
1027 1883 1134 1939 Sed
1156 1885 1313 1949 absit,
1339 1895 1394 1938 ut
1414 1885 1605 1954 aliquis
1632 1894 1869 1940 nostrum

302 1971 558 2055 tollatur,
590 1989 655 2028 ne
694 1975 835 2029 illam
882 1991 1129 2046 umquam
1174 1976 1367 2031 videat.
1393 1977 1499 2031 Nisi
1545 1979 1685 2032 enim
1727 1979 1872 2034 illam

300 2067 678 2135 consequuturi
706 2083 946 2123 essemus
966 2110 979 2132 ,
1009 2080 1303 2138 opportune
1328 2084 1356 2123 a
1387 2070 1540 2125 nobis
1564 2071 1830 2127 diceretur
1856 2088 1870 2124 :

303 2156 508 2212 Bonum
539 2169 654 2213 erat
688 2160 873 2223 nobis,
907 2161 950 2214 si
990 2161 1097 2215 nati
1138 2176 1244 2215 non
1283 2161 1587 2218 fuissemus.
1620 2162 1750 2219 Nam
1780 2178 1876 2219 cur

304 2248 533 2304 vivimus
556 2292 570 2315 ,
598 2266 695 2305 cur
725 2253 1083 2321 respiramus?
1112 2253 1235 2322 quid
1266 2268 1450 2308 sumus
1473 2295 1487 2319 ,
1516 2255 1558 2308 si
1589 2255 1681 2308 illo
1707 2255 1877 2323 prive-

304 2354 429 2393 mur
468 2339 719 2410 aspectu?
758 2342 802 2394 si
846 2342 1125 2396 Dominum
1166 2352 1403 2397 nostrum
1437 2359 1593 2398 nemo
1621 2344 1879 2401 concedat

306 2447 557 2502 umquam
590 2432 807 2489 videre?
836 2434 962 2488 Nam
1006 2436 1051 2489 si
1086 2436 1175 2505 qui
1214 2436 1440 2490 solarem
1464 2436 1635 2491 lucem
1665 2452 1771 2491 non
1793 2438 1876 2491 vi-

306 2521 456 2588 dent,
485 2533 655 2578 morte
679 2524 1010 2579 miseriorem
1038 2526 1199 2579 vitam
1227 2525 1458 2594 degunt;
1490 2527 1615 2596 quid
1642 2543 1735 2582 eos
1761 2544 1881 2598 per-

306 2613 414 2682 peti
451 2612 635 2669 credas
659 2654 675 2679 ,
707 2616 793 2684 qui
822 2615 913 2669 tali
944 2617 1060 2671 luce
1087 2616 1397 2685 privantur?
1453 2616 1551 2681 Hic
1598 2618 1739 2673 enim
1781 2617 1880 2673 da-

310 2718 492 2757 mnum
513 2705 566 2757 in
588 2704 689 2759 hoc
705 2720 809 2760 uno
826 2715 1052 2773 constat,
1077 2708 1181 2762 illic
1198 2722 1322 2762 vero
1343 2723 1447 2762 non
1465 2709 1617 2763 item:
1641 2709 1881 2779 quamvis

308 2796 353 2848 si
381 2796 507 2851 illud
535 2798 702 2851 solum
730 2798 941 2853 adesset
964 2798 1087 2852 mali
1110 2840 1123 2862 ,
1154 2815 1257 2853 non
1290 2815 1385 2869 par
1410 2800 1678 2854 cruciatus
1704 2809 1879 2866 esset,

309 2890 401 2945 sed
432 2898 575 2945 tanto
599 2892 826 2961 gravior,
851 2900 1047 2961 quanto
1069 2892 1151 2946 sol
1180 2892 1270 2947 ille
1296 2892 1396 2948 hoc
1421 2900 1604 2947 nostro
1628 2901 1885 2962 praistan-

1957 515 2062 568 tior
2079 522 2183 568 est:
2201 529 2380 568 verum
2398 512 2539 568 aliud
2558 528 2767 584 quoque
2782 513 3095 584 supplicium
3111 515 3523 584 exspectandum

1961 613 2063 658 est.
2091 603 2221 658 Nam
2250 603 2295 658 is
2319 604 2406 674 qui
2433 604 2602 658 lucem
2630 603 2771 657 illam
2799 620 2903 657 non
2930 603 3135 673 aspicit,
3170 619 3272 658 non
3302 605 3352 658 in
3380 615 3528 660 tene-

1960 694 2081 748 bras
2105 692 2444 749 abducendus
2470 702 2668 748 tantum
2694 703 2792 753 est.
2821 694 2911 748 sed
2940 706 3194 764 perpetuo
3214 676 3530 749 comburen-

1961 784 2080 849 dus,
2110 786 2180 838 ita
2208 794 2263 838 ut
2292 785 2544 847 tabescat,
2575 785 2822 840 dentibus
2853 787 3102 850 strideat,
3136 787 3529 856 innumerisque

1962 877 2079 932 aliis
2099 878 2375 931 tormentis
2395 878 2744 932 excruciemr.
2763 877 2839 931 Ne
2861 881 3034 943 itaque
3055 878 3273 931 salutem
3294 888 3526 932 nostram

1966 971 2034 1023 ita
2064 978 2466 1024 contemnamus
2491 1012 2506 1035 ,
2536 980 2592 1023 nt
2629 986 2722 1038 per
2756 969 3052 1023 brevissimi
3084 969 3334 1038 temporis
3366 967 3524 1038 negli-

1964 1062 2193 1132 gentiam
2239 1073 2396 1129 atque
2442 1061 2736 1124 desidiam,
2794 1062 2843 1114 in
2892 1070 3145 1113 mteruum
3191 1059 3532 1129 conjiciamur

1966 1154 2314 1224 supplicium;
2358 1155 2451 1207 sed
2484 1154 2757 1223 vigilemus
2783 1194 2797 1216 ,
2837 1154 2999 1207 sobrii
3036 1154 3198 1207 simus
3221 1194 3236 1219 ,
3270 1153 3397 1206 nihil
3425 1167 3531 1208 non

1968 1261 2181 1315 agamus
2211 1254 2265 1298 et
2287 1260 2590 1314 operemur,
2625 1256 2680 1298 ut
2713 1245 2814 1299 illis
2841 1244 3073 1298 fruamur
3097 1244 3247 1297 bonis
3272 1285 3285 1309 ,
3315 1258 3377 1298 ac
3407 1259 3529 1312 pro-

1969 1338 2053 1392 cul
2082 1339 2248 1392 simus
2276 1338 2344 1392 ab
2374 1338 2461 1391 illo
2488 1337 2646 1391 ﬂuvio
2670 1336 2845 1407 igneo,
2873 1337 2958 1405 qui
2989 1352 3108 1391 cum
3138 1337 3300 1390 multo
3328 1336 3537 1406 fragore

1970 1428 2097 1482 fluet
2125 1439 2247 1483 ante
2276 1428 2502 1482 tribunal
2532 1427 2871 1482 horrendum.
2900 1426 2998 1494 Qui
3029 1426 3193 1480 semel
3223 1426 3311 1479 illo
3341 1425 3536 1479 incide-

1972 1521 2070 1587 rit,
2119 1521 2189 1574 ibi
2232 1529 2485 1589 perpetuo
2522 1528 2731 1572 maneat
2772 1524 3012 1586 oportet,
3056 1530 3211 1570 nemo
3248 1516 3349 1569 erit
3382 1515 3469 1586 qui
3506 1532 3536 1570 a

1972 1612 2229 1681 supplicio
2257 1611 2475 1680 eripiat,
2508 1625 2611 1663 non
2646 1616 2824 1678 pater,
2854 1624 2957 1661 non
2988 1610 3189 1669 mater,
3220 1620 3323 1660 non
3353 1604 3535 1659 frater.

1974 1703 2086 1758 Hoc
2122 1703 2393 1773 prOpIietae
2420 1702 2682 1765 clamant;
2714 1700 2848 1755 alius
2876 1699 3000 1753 dicit
3031 1718 3043 1752 :
3075 1697 3255 1751 Frater
3277 1714 3377 1750 non
3402 1695 3538 1749 redi-

1974 1796 2083 1860 mit,
2106 1794 2311 1847 redimet
2341 1793 2487 1846 ltomo
2515 1790 2697 1862 (Psal.
2719 1792 2806 1845 48.
2831 1790 2936 1858 8)?
2967 1788 3208 1844 Ezechiel
3233 1803 3359 1843 vero
3385 1786 3509 1857 quid
3532 1813 3553 1823 ι

1975 1890 2112 1958 piam
2144 1888 2368 1956 amplius
2394 1887 2545 1940 ell'ert
2579 1886 2661 1941 liis
2689 1884 2904 1939 verbis:
2936 1883 2995 1958 _Si
3026 1884 3207 1936 steterit
3233 1880 3347 1935 Noe
3374 1892 3419 1935 et
3444 1880 3543 1935 Job

1976 1956 2023 2032 et
2052 1978 2269 2043 Daniel,
2303 1976 2436 2045 ﬁlios
2467 1994 2583 2030 suos
2607 1986 2651 2030 et
2677 1977 2810 2042 ﬁlias
2847 1956 2957 2028 non.
2975 1974 3180 2043 eripient
3209 1971 3418 2042 (Ezeclt.
3453 1972 3542 2027 Η.

1981 2072 2046 2125 id
2093 2080 2138 2125 et
2166 2069 2276 2141 i6).
2306 2069 2479 2125 Unum
2506 2068 2645 2122 enim
2678 2068 2746 2121 ibi
2776 2076 2975 2121 tantum
2998 2066 3167 2135 juvat,
3201 2080 3392 2134 nempe
3415 2079 3544 2134 ope-

1978 2179 2093 2217 rum
2122 2161 2493 2231 patrocinium,
2515 2176 2619 2229 quo
2644 2158 2730 2229 qui
2762 2160 3009 2223 caruerit,
3035 2158 3137 2211 alio
3163 2157 3320 2211 modo
3346 2157 3545 2210 servari

1980 2269 2085 2308 non
2109 2254 2325 2324 poterit.
2357 2252 2480 2307 Haec
2508 2252 2683 2320 itaque
2713 2258 2965 2320 perpetuo
2995 2258 3266 2303 versantes
3294 2258 3346 2303 et
3373 2248 3547 2301 nobis-

1980 2360 2101 2400 cum
2137 2352 2440 2414 reputantes
2463 2385 2476 2404 ,
2510 2344 2668 2398 vitam
2699 2355 3054 2413 expurgenius
3077 2380 3092 2406 ,
3120 2351 3171 2394 et
3208 2339 3547 2407 conspicuam

1982 2434 2305 2500 reddamus,
2344 2442 2401 2488 ut
2442 2449 2560 2488 cuni
2607 2432 2794 2485 fiducia
2837 2430 3109 2483 videamus
3154 2429 3427 2483 Dominum
3454 2468 3469 2491 ,
3498 2436 3552 2480 et

1983 2528 2241 2595 promissa
2288 2538 2675 2593 consequamur
2715 2522 2851 2577 bona
2877 2562 2890 2583 ,
2927 2521 3096 2590 gratia
3136 2529 3190 2575 et
3231 2518 3553 2587 benignitate

1986 2620 2194 2675 Domini
2238 2618 2406 2673 nostri
2450 2616 2573 2671 Jesu
2614 2614 2838 2679 Christi,
2874 2627 2970 2682 per
3004 2626 3162 2681 quem
3201 2620 3253 2665 et
3290 2624 3409 2663 cum
3447 2624 3552 2678 quo

1984 2712 2125 2767 Patri
2150 2711 2337 2780 gloria,
2363 2724 2461 2761 una
2484 2722 2602 2761 cum
2633 2714 2817 2759 sancto
2840 2703 3055 2772 Spiritu,
3082 2715 3221 2755 nunc
3243 2711 3297 2755 et
3319 2714 3552 2768 semper,

1985 2816 2038 2859 et
2064 2805 2115 2859 in
2144 2804 2337 2858 smcula
2363 2801 2696 2855 saeculorum.
2726 2800 2917 2851 Amen.

1611 3098 1956 3161 HOMILIA
1996 3098 2172 3160 Xlll.

310 3239 406 3293 15.
437 3237 661 3294 Joannes
702 3240 1037 3293 testimonium
1075 3239 1296 3309 perhibet
1334 3239 1395 3294 de
1426 3240 1573 3310 ipso,
1613 3249 1660 3294 et
1697 3242 1885 3296 clamat

380 3331 550 3385 dicens
577 3348 595 3385 :
617 3330 720 3385 Hic
746 3342 850 3386 erat
888 3349 1033 3403 quem
1071 3332 1177 3387 dixi
1208 3348 1228 3386 :
1259 3331 1358 3398 Qui
1397 3340 1509 3401 post
1547 3347 1626 3385 me
1653 3342 1888 3387 venturus

380 3430 472 3484 est,
500 3431 615 3475 ante
641 3440 720 3477 me
745 3426 906 3494 factus
931 3432 1025 3488 est,
1058 3424 1176 3493 quia
1204 3423 1342 3489 prior
1369 3439 1448 3475 me
1475 3431 1602 3478 erat.

328 3526 335 3535 ‘
383 3516 408 3568 1
426 3553 438 3566 .
462 3514 646 3569 Doctor
688 3532 750 3570 ea:
778 3516 1062 3569 auditorum
1077 3516 1280 3587 segnitie
1298 3516 1556 3585 praemium
1572 3532 1670 3570 non
1687 3516 1885 3568 amittit.

312 3605 500 3661 Pastor
518 3606 1060 3678 spiritualisquomodo
1081 3608 1267 3661 hwrere
1295 3607 1466 3660 debeat
1500 3607 1762 3661 animabus
1794 3606 1890 3660 sibi

311 3699 610 3753 commissis.
642 3700 908 3752 Audientes
947 3699 1169 3751 stimulat
1206 3695 1605 3768 Chrysostomus.
1633 3728 1704 3737 —
1724 3697 1887 3751 Num-

310 3792 440 3860 quid
485 3791 678 3845 frustra
720 3790 1018 3854 curriinus,
1056 3800 1109 3844 et
1156 3788 1348 3843 frustra
1385 3789 1722 3843 laboramus?
1761 3805 1886 3842 num

312 3899 472 3951 supra
503 3891 680 3952 petras
708 3897 887 3936 semen
911 3881 1171 3950 jacimns?
1201 3896 1323 3933 num
1351 3874 1506 3933 secus
1533 3880 1670 3932 viam
1699 3879 1780 3932 vel
1810 3879 1889 3932 in.

313 3988 398 4030 ter
425 3976 603 4043 spinas
630 3974 767 4044 jacta
794 3974 990 4028 semina
1020 3971 1224 4026 latent?
1254 3973 1453 4025 Anxius
1479 3986 1595 4024 sum
1622 3978 1676 4024 et
1702 3970 1885 4033 timeo,

313 4082 385 4121 ne
432 4066 631 4120 inutilis
668 4066 818 4119 nobis
858 4064 1178 4131 agricultura
1220 4064 1319 4125 sit;
1365 4062 1569 4115 etiamsi
1605 4061 1800 4114 nullum
1835 4060 1887 4113 in

315 4159 535 4227 hujusce
570 4159 764 4212 laboris
790 4158 1033 4211 mercede
1061 4156 1429 4209 detrimentum
1460 4168 1708 4223 passurus
1744 4152 1844 4205 sim
1871 4169 1884 4204 :

313 4264 422 4303 non
447 4251 588 4303 enim
616 4249 798 4303 eadem
824 4246 1141 4311 conditione,
1171 4262 1271 4316 qua
1297 4246 1571 4315 agricola},
1599 4252 1720 4299 sunt
1741 4242 1885 4297 verbi

310 4339 581 4395 doctores.
614 4341 854 4409 Agricola
884 4340 1024 4393 enim
1069 4348 1183 4407 post
1221 4352 1426 4391 annuos
1465 4351 1605 4405 sa'pe
1640 4335 1847 4388 labores
1871 4374 1885 4396 ,

312 4442 433 4502 post
458 4443 658 4488 tantam
687 4434 950 4487 miseriam
981 4440 1033 4486 et
1062 4431 1302 4492 sudores,
1336 4432 1378 4484 si
1410 4439 1547 4483 terra
1579 4429 1707 4482 nihil
1738 4428 1887 4481 labo-

312 4527 457 4579 ribus
487 4526 593 4578 illis
622 4524 833 4593 dignum
867 4524 1075 4587 tulerit,
1106 4539 1133 4575 a
1172 4522 1384 4577 nemine
1410 4523 1513 4575 alio
1545 4521 1736 4588 poterit
1763 4535 1890 4574 con-

312 4618 630 4671 solationem
665 4618 937 4684 accipere;
968 4615 1058 4669 sed
1096 4630 1216 4669 cum
1258 4614 1466 4667 tristitia
1503 4622 1555 4667 et
1590 4613 1792 4684 pudore
1821 4612 1888 4667 ab

312 4724 434 4763 area
461 4709 679 4763 domum
706 4717 999 4761 revertetur
1027 4706 1091 4760 ad
1122 4720 1339 4761 uxorem
1368 4714 1423 4759 et
1458 4704 1597 4759 ﬁlios
1621 4746 1635 4767 ,
1666 4714 1825 4773 atque
1855 4718 1886 4757 a
1954 4712 1955 4715 ‘

314 4801 529 4854 nemine
555 4798 790 4852 diuturni
831 4798 1023 4850 laboris
1062 4796 1359 4851 mercedem
1394 4806 1635 4865 repetere
1674 4794 1885 4864 poterit.

312 4892 476 4946 Nobis
516 4898 697 4945 autem
744 4889 875 4943 nihil
923 4888 1218 4957 hnjusmodi
1263 4888 1499 4953 accidet;
1550 4887 1643 4941 sed
1682 4886 1887 4941 etiamsi

312 4982 451 5038 culta
496 4995 637 5038 terra
675 4983 874 5036 nullum
917 4980 1144 5035 fructum
1182 4981 1397 5046 tulerit,
1435 4981 1477 5033 si
1520 4980 1751 5033 laborem
1793 4994 1890 5032 nos

314 5091 526 5130 omnem
554 5074 987 5135 exhibuerimus,
1018 5074 1104 5126 ille
1129 5080 1180 5126 et
1208 5082 1363 5125 terra:
1389 5080 1442 5125 et
1465 5071 1679 5124 cultoris
1711 5070 1889 5123 Domi-

315 5183 415 5221 nus
443 5183 547 5220 non
576 5166 715 5220 sinet
735 5181 831 5219 nos
858 5181 975 5219 cum
1004 5179 1132 5216 vana
1157 5179 1248 5232 spe
1275 5163 1539 5229 recedere,
1568 5162 1659 5215 sed
1688 5176 1889 5215 merce-

314 5258 435 5312 dem
468 5258 684 5312 trlbuet.
716 5256 1065 5326 Unusquisque
1088 5255 1239 5319 enim,
1265 5255 1450 5320 inquit,
1481 5255 1736 5324 prapriam
1761 5268 1891 5303 nter-

317 5352 485 5404 cedem
511 5351 721 5417 accipiet
748 5348 1019 5402 secundum
1047 5348 1306 5416 praprium
1337 5344 1553 5398 laborem
1581 5344 1657 5413 (1.
1686 5342 1803 5397 Cor.
1833 5344 1887 5397 ’5.

317 5439 393 5511 8).
417 5457 522 5495 non
545 5441 834 5496 secundum
858 5439 932 5493 rei
956 5439 1130 5492 ﬁnem.
1160 5437 1226 5490 Et
1245 5436 1381 5506 quod
1404 5437 1474 5490 ita
1496 5451 1583 5489 res
1599 5451 1656 5489 se
1677 5434 1887 5499 habeat,

317 5532 437 5584 audi
468 5552 483 5587 :
509 5531 579 5585 Et
608 5540 693 5595 tu,
735 5532 933 5599 inquit,
964 5527 1071 5582 Fili
1106 5529 1349 5592 hominis,
1383 5526 1665 5580 testiﬁcare
1696 5526 1889 5594 p0pulo

321 5619 443 5677 huic
462 5663 477 5688 ,
503 5624 546 5675 si
573 5626 703 5693 forte
724 5621 953 5687 audiant,
976 5622 1018 5675 si
1048 5624 1176 5691 forte
1203 5618 1485 5687 intelligant
1511 5616 1720 5688 (Ezeclt.
1745 5616 1799 5669 2.
1834 5617 1889 5670 5.

321 5714 397 5785 5).
430 5715 494 5769 Et
518 5730 609 5785 per
635 5713 967 5769 Ezechielem
1015 5712 1162 5783 (Cap.
1198 5711 1366 5780 3.19)
1403 5710 1454 5764 id
1476 5708 1713 5763 ediscere
1737 5708 1888 5761 licet:

320 5805 379 5863 Si
414 5808 716 5881 speculator
754 5806 1090 5878 praedixerit,
1120 5804 1245 5876 quid
1275 5805 1483 5875 fugere,
1521 5800 1647 5873 quid
1692 5800 1889 5871 eligere

1991 3247 2233 3308 Oporteat
2255 3279 2269 3300 ,
2303 3237 2530 3290 animam
2562 3249 2710 3287 suam
2741 3228 3003 3293 liberaVit,
3031 3228 3269 3299 quamvis
3296 3242 3458 3283 nemo
3482 3236 3560 3280 at-

1993 3332 2192 3387 tendat.
2218 3332 2463 3384 Attamen
2491 3328 2613 3381 licet
2640 3326 2773 3378 lianc
2800 3323 3003 3377 ﬁrmam
3026 3320 3440 3376 consolationem
3465 3318 3560 3372 ha.

1991 3425 2241 3488 beamus,
2270 3422 2392 3477 licet
2429 3422 2493 3474 de
2529 3418 2875 3474 retributione
2917 3415 3141 3469 fidamus
3163 3455 3179 3481 ,
3218 3412 3428 3481 quando
3463 3425 3561 3466 vos

1990 3514 2121 3568 nihil
2158 3528 2321 3581 opere
2360 3511 2615 3580 proﬁcere
2654 3509 2894 3562 videmus
2918 3547 2933 3571 ,
2966 3504 3129 3558 nihilo
3166 3504 3355 3557 melius
3384 3501 3560 3555 afﬁci-

1990 3621 2125 3667 mur,
2160 3619 2314 3673 quam
2350 3601 2612 3669 agricolae,
2638 3600 2727 3669 qui
2768 3607 2983 3667 gemunt
3009 3607 3060 3651 et
3094 3596 3468 3666 lacrymantur,
3498 3607 3560 3648 ac

1989 3697 2189 3768 pudore
2211 3696 2504 3763 ruboreque
2525 3693 2841 3746 afﬁciuntur.
2868 3689 2979 3743 Hoc
3000 3686 3230 3739 doctoris
3256 3686 3559 3739 misericor-

1989 3787 2071 3867 dia
2099 3828 2113 3853 ,
2147 3785 2246 3838 hoc
2276 3784 2438 3854 patris
2466 3798 2591 3837 cura
2630 3790 2729 3836 est.
2763 3782 2967 3833 Etenim
3004 3778 3209 3847 Mtint‘S
3233 3790 3351 3829 cum
3383 3776 3448 3829 ab
3476 3776 3559 3828 in-

1990 3898 2135 3960 grata
2162 3886 2461 3942 Judarorum
2489 3893 2642 3953 gente
2669 3879 2878 3934 liberari
2908 3886 3104 3947 posset,
3128 3874 3560 3943 splendidinsque

1989 3996 2052 4036 ac
2074 3980 2239 4034 multo
2266 3977 2437 4046 majus
2468 3977 2518 4029 in
2546 3975 2701 4029 aliam
2730 3979 2940 4042 gentem
2970 3969 3249 4037 imperium
3278 3967 3518 4019 obtinere
3542 3982 3555 4019 :

1990 4089 2113 4127 nam
2141 4073 2214 4125 ait
2244 4071 2401 4130 Deus,
2433 4067 2642 4120 Dimitte
2665 4082 2761 4129 me,
2785 4073 2827 4116 et
2855 4061 3025 4115 delebo
3059 4077 3143 4115 eos
3163 4100 3179 4125 ,
3210 4059 3489 4129 faciamque
3514 4066 3562 4109 te

1989 4164 2043 4217 in
2072 4171 2265 4234 gentem
2291 4162 2384 4213 hac
2410 4161 2649 4230 majorem
2676 4157 2693 4226 (
2716 4154 2879 4209 Exod.
2914 4152 3000 4209 32.
3033 4152 3164 4222 10);
3198 4150 3317 4219 quia
3347 4155 3559 4202 sanctus

1989 4266 2103 4310 erat
2122 4264 2175 4309 et
2201 4255 2289 4309 Dei
2316 4267 2520 4317 servus,
2546 4250 2665 4320 quia
2688 4264 2811 4302 vere
2837 4246 3038 4300 amicus
3064 4255 3114 4298 et
3141 4242 3334 4312 probus
3359 4242 3397 4305 ¹,
3424 4240 3559 4293 hanc

1989 4363 2171 4400 Vocem
2200 4362 2264 4399 ne
2287 4345 2468 4398 auditu
2494 4342 2705 4413 quidem
2734 4340 2884 4403 tulit;
2912 4336 3003 4391 sed
3036 4336 3209 4403 perire
3233 4333 3416 4386 maluit
3438 4348 3557 4385 cum

1990 4451 2144 4511 gente
2167 4439 2263 4492 sibi
2294 4438 2458 4492 semel
2488 4434 2709 4497 credita,
2733 4447 2888 4501 quam
2918 4429 3032 4483 sine
3059 4428 3145 4481 illa
3169 4425 3389 4490 servari,
3413 4433 3465 4477 et
3492 4420 3555 4476 ad

1990 4536 2243 4602 majorem
2270 4530 2573 4599 dignitatem
2597 4524 2815 4579 assumi.
2840 4521 3021 4575 Talem
3049 4525 3257 4588 oportet
3276 4532 3394 4570 eum
3415 4531 3557 4579 esse,

1989 4627 2075 4681 cui
2100 4626 2390 4680 animarum
2414 4619 2693 4676 commissa
2720 4631 2844 4671 cura
2870 4621 2968 4667 est.
2998 4611 3294 4665 Absurdum
3322 4609 3461 4662 enim
3483 4622 3561 4661 es-

1989 4729 2090 4782 set,
2110 4718 2233 4773 dum
2253 4729 2534 4787 pravorum
2558 4712 2785 4765 filiorum
2808 4714 2957 4776 pater
2978 4719 3080 4755 non
3100 4700 3207 4753 vult
3230 4699 3381 4760 alios,
3399 4713 3556 4768 quam

1990 4815 2056 4866 ali
2086 4827 2143 4866 se
2175 4810 2379 4881 genitos
2404 4848 2418 4871 ,
2449 4805 2583 4858 ﬁlios
2612 4816 2735 4855 suos
2762 4797 2865 4851 dici
2886 4838 2901 4863 ,
2930 4792 3246 4850 commissos
3275 4789 3561 4858 disvipulos

1991 4918 2202 4972 semper
2230 4909 2434 4953 mutare
2454 4937 2470 4962 ,
2499 4909 2560 4949 ac
2586 4908 2725 4947 nunc
2752 4891 2869 4957 hos,
2902 4902 3043 4941 nunc
3072 4885 3204 4939 alios
3229 4925 3242 4948 ,
3274 4893 3561 4951 posteaque

1990 5008 2158 5048 novos
2183 4990 2485 5045 adscribere
2506 5029 2519 5050 ,
2550 4996 2707 5053 atque
2735 4996 2856 5051 erga
2880 4978 3051 5033 nullos
3075 4975 3302 5030 amicitia
3329 4973 3560 5027 benevo-

1991 5085 2255 5152 lentiaque
2276 5079 2436 5133 afﬁci.
2460 5078 2656 5131 Verum
2676 5073 2809 5126 absit
2840 5080 2895 5123 ut
2916 5070 3033 5123 talia
3054 5067 3121 5122 de
3142 5066 3292 5119 vobis
3313 5075 3558 5132 umquam

1992 5151 2340 5243 suspicemur.
2374 5165 2700 5223 Confidimus
2729 5163 2868 5215 enim
2899 5157 3187 5235 vosqmagis
3211 5154 3475 5209 abundare
3507 5151 3561 5203 in

1994 5266 2097 5320 ﬁde
2142 5266 2193 5317 in
2241 5264 2517 5318 Dominum
2563 5264 2801 5311 nostrum
2846 5252 3026 5307 Jesum
3073 5248 3370 5307 Christum,
3410 5251 3465 5298 et
3508 5243 3560 5296 in

1993 5359 2212 5413 caritate
2246 5363 2423 5408 mutua
2454 5365 2577 5418 erga
2604 5363 2786 5401 omnes
2822 5345 2913 5414 (2.
2940 5342 3056 5397 Cor.
3084 5340 3136 5395 8.
3166 5340 3259 5407 7).
3291 5337 3414 5390 Hinc
3437 5350 3564 5389 vero

1993 5449 2217 5502 dicimus
2248 5454 2304 5498 ut
2330 5442 2559 5497 studium
2590 5450 2819 5493 vestrum
2848 5446 3134 5504 augeamus
3158 5473 3173 5496 ,
3204 5439 3259 5485 et
3287 5428 3407 5480 vita:
3435 5440 3566 5495 pro-

1995 5540 2211 5594 bitatem
2240 5537 2291 5589 in
2322 5535 2436 5589 dies
2461 5546 2765 5587 accrescere
2789 5540 3055 5583 curemus.
3083 5523 3173 5578 Sic
3194 5521 3332 5575 enim
3357 5517 3423 5574 ad
3448 5532 3565 5571 ver-

1995 5630 2181 5684 borum
2210 5626 2461 5681 horumce
2486 5620 2804 5693 profundum
2836 5624 3015 5673 mente
3044 5612 3343 5684 pertingere
3369 5606 3565 5681 poteri-

2060 5807 2081 5840 ι
2113 5803 2169 5855 in
2188 5800 2356 5854 Morel.
2385 5799 2581 5863 legitur,
2606 5795 2719 5860 uitia
2739 5806 2848 5846 rore
2864 5805 3027 5845 servus
3049 5796 3093 5841 et
3116 5787 3312 5852 probus.
