4074 6374
483 419 553 480 ετ
1253 414 1312 470 8.
1350 410 1626 469 JOANNlS
1659 404 2135 465 CHRYSOSTOMI
2173 403 2489 461 ARCHIEP.
2529 401 3062 462 CONSTAN'IINOP.
3676 412 3743 468 38

486 543 555 596 tis
576 582 589 601 ,
623 540 664 592 si
700 536 839 593 nulla
877 533 1125 605 nequitia:
1155 528 1412 600 lippitudo
1437 526 1619 582 oculos
1648 523 1840 579 mentis
1870 529 2061 577 vestrae

483 635 768 691 obscuret,
820 631 1042 696 ejusque
1096 620 1549 693 perspicacitatem
1601 616 1869 670 obturbet.
1921 610 2059 679 Quid

485 722 646 790 igitur
685 716 839 773 nobis
876 714 1031 769 hodie
1072 709 1423 784 proponitur?
1461 707 1686 761 Joannes
1724 705 2061 759 testimonium

484 811 703 880 perhibet
734 810 796 861 de
821 809 951 877 ipso,
982 817 1027 861 et
1051 806 1234 859 clamat
1261 804 1429 856 dicens
1454 818 1472 854 :
1494 799 1594 854 Hic
1614 810 1717 852 erat
1747 812 1890 867 quem
1917 795 2025 848 dixi
2041 811 2060 849 :

486 903 586 969 Qui
624 909 735 970 post
775 916 854 954 me
889 899 1019 953 venit
1043 939 1057 961 ,
1090 906 1205 949 ante
1234 912 1311 948 me
1336 895 1500 956 factus
1529 901 1633 955 est,
1664 891 1782 960 quia
1818 889 1958 959 prior
1984 903 2061 940 me

483 1004 611 1047 erat.
656 994 810 1064 Stepe
851 990 938 1047 hic
978 988 1301 1058 evangelista
1340 985 1598 1039 Joannem
1642 982 1782 1036 ultro
1820 981 2061 1049 citroque

484 1094 697 1148 versat,
728 1085 947 1153 ejusque
975 1081 1331 1136 testimonium
1359 1075 1683 1131 circumfert.
1715 1071 1769 1126 Id
1799 1087 1926 1126 vero
1952 1086 2057 1125 non

478 1177 595 1230 sine
637 1189 794 1230 causa
819 1218 833 1239 ,
867 1175 959 1229 sed
1002 1172 1287 1226 admodum
1327 1168 1613 1237 prudenter
1653 1174 1885 1236 praestat.
1925 1165 2058 1232 Quia

479 1268 621 1322 enim
651 1267 820 1322 Judaei
851 1267 1019 1319 virum
1052 1280 1209 1334 supra
1237 1261 1451 1316 modum
1484 1258 1810 1313 mirabantur
1835 1256 1978 1329 (nam
2005 1267 2060 1311 et

477 1357 741 1428 Josephtts
767 1372 831 1412 ex
857 1356 975 1425 ejus
1002 1371 1130 1409 nece
1156 1354 1351 1409 bellum
1378 1362 1551 1405 ortum
1582 1360 1783 1414 narrat,
1814 1349 2059 1417 illiusque

478 1450 595 1504 neci
643 1448 999 1518 metropoleos
1044 1447 1307 1501 excidium
1356 1444 1608 1498 adscribit
1643 1443 1715 1511 (η)
1743 1484 1756 1503 ,
1798 1457 1859 1495 ac
1902 1440 2057 1508 longo

477 1559 723 1598 sermone
755 1542 939 1596 laudes
964 1542 1081 1610 ejus
1110 1538 1500 1609 prosequitur),
1533 1547 1585 1589 ut
1615 1533 1829 1589 Judzeos
1857 1532 2058 1603 pudore

476 1634 763 1700 suffundat,
782 1633 1060 1690 Prodromi
1088 1631 1444 1686 testimonium
1467 1629 1569 1683 illis
1589 1627 1894 1696 frequenter
1912 1640 2059 1679 eom-

477 1736 753 1780 memorat.
789 1724 856 1778 Et
882 1723 971 1778 alii
1002 1721 1212 1793 quidem
1242 1719 1580 1790 evangelista:
1600 1760 1615 1783 ,
1650 1717 1784 1773 facta
1815 1724 2054 1771 veterum

477 1819 855 1887 prophetarum
884 1816 1173 1879 mentione,
1198 1813 1263 1867 ad
1290 1812 1493 1881 singula
1519 1820 1665 1881 gesta
1686 1825 1752 1865 eo
1781 1809 2058 1863 remittunt

476 1901 769 1955 auditorem
800 1918 814 1955 :
843 1914 905 1953 ac
944 1900 1156 1969 quando
1187 1906 1341 1951 natus
1370 1906 1452 1950 est
1489 1897 1671 1950 dicunt
1702 1912 1715 1948 :
1750 1893 1860 1948 Hoc
1889 1902 2057 1947 autem

476 2001 633 2044 totum
674 1992 864 2061 factum
908 1999 982 2042 est
1006 2031 1019 2053 ,
1048 1998 1101 2041 ut
1142 1988 1436 2058 impleretur
1477 1987 1613 2056 quod
1650 1987 1837 2039 dictum
1866 1996 1937 2039 est
1967 2001 2056 2055 per

477 2081 664 2136 Isaiam
693 2082 992 2151 prophetam
1018 2082 1261 2135 dicentem
1283 2099 1301 2135 :
1325 2072 1456 2134 Ecce
1492 2079 1641 2149 Virgo
1669 2080 1723 2132 in
1749 2089 1891 2131 utero
1911 2076 2056 2131 habe-

475 2174 562 2239 bit,
594 2187 639 2228 et
668 2175 828 2239 pariet
854 2176 1014 2242 ﬁlium
1037 2172 1247 2242 (Matth.
1281 2174 1302 2227 Ι
1338 2172 1453 2227 .92.
1476 2172 1565 2228 25.
1607 2170 1733 2225 Isai.
1766 2171 1818 2225 7.
1847 2171 1959 2238 14).
1990 2162 2056 2224 Et

475 2283 594 2320 cum
638 2267 846 2321 insidiis
877 2274 1258 2336 ‘appeteretur,
1295 2276 1350 2320 et
1389 2266 1460 2319 ita
1499 2266 1781 2335 diligenter
1823 2263 2053 2332 undique

475 2358 910 2428 perquireretur,
950 2366 1007 2412 ut
1052 2358 1329 2412 immatura
1372 2358 1530 2412 etiam
1576 2367 1705 2411 artas
1744 2356 1811 2411 ab
1844 2343 2053 2410 Herode

470 2448 820 2518 jugularetur,
854 2448 1139 2505 Jeremiam
1170 2448 1316 2502 illum
1347 2449 1475 2503 olim
1509 2447 1819 2517 prophetam
1852 2448 1903 2501 in
1933 2462 2049 2502 me-

475 2540 620 2593 dium
663 2540 928 2594 adducunt
965 2539 1226 2594 dicentem
1262 2556 1275 2592 :
1316 2537 1427 2593 Vox
1458 2540 1511 2592 in
1541 2539 1706 2594 flama
1734 2539 1912 2591 audita
1938 2547 2048 2602 est,

476 2631 785 2695 lamentatio,
813 2630 1039 2699 ploratus
1066 2639 1112 2683 et
1141 2630 1364 2683 ululatus
1391 2630 1596 2692 multus,
1626 2628 1817 2682 Rachel
1844 2628 2052 2699 plorans

472 2720 609 2788 ﬁlios
634 2738 749 2775 suos
777 2721 910 2789 (Jer.
939 2722 1027 2776 3L
1060 2720 1188 2791 15);
1220 2731 1273 2775 et
1301 2736 1420 2775 cum
1451 2735 1516 2775 ex
1551 2719 1783 2792 Egypto
1814 2719 2047 2784 rediret,

472 2811 663 2867 Oscam
706 2812 977 2883 proferunt
1019 2814 1096 2868 sic
1135 2814 1440 2883 loquentem
1466 2853 1481 2877 ,
1511 2812 1595 2867 Ea:
1622 2811 1852 2883 rEgypto
1880 2812 2051 2866 vocavi

473 2906 635 2973 ﬁlium
681 2922 844 2959 meum
885 2905 1054 2979 (Osce
1095 2905 1182 2960 li.
1225 2906 1286 2977 f)
1326 2923 1339 2960 :
1379 2917 1432 2962 et
1472 2907 1665 2975 ubique
1695 2905 1758 2959 ad
1804 2905 1943 2959 hunc
1971 2904 2049 2960 fa-

471 2998 619 3051 ciunt
656 2998 889 3052 modum.
931 2998 1027 3053 Hie
1054 3014 1179 3053 vero
1199 3040 1214 3065 ,
1248 3008 1428 3069 utpote
1456 2998 1547 3068 qtti
1584 2998 1862 3053 sublimius
1889 3012 2048 3068 quam

471 3090 557 3144 alii
592 3089 870 3160 loquatur,
896 3092 1090 3148 clarius
1115 3101 1272 3161 atque
1303 3092 1569 3147 recentius
1595 3091 1870 3161 proferens
1900 3090 2051 3146 testi-

472 3181 708 3235 tuonium
730 3222 743 3245 ,
773 3197 878 3236 non
907 3192 1143 3236 mortuos
1173 3191 1373 3236 tantum
1392 3223 1406 3245 ,
1436 3182 1528 3237 sed
1557 3190 1614 3236 et
1638 3184 1901 3237 viventem
1920 3222 1935 3246 ,
1957 3181 2045 3251 qui

469 3286 593 3326 eum
622 3283 675 3327 et
705 3282 1018 3342 prmsentem
1049 3272 1356 3327 ostenderat
1379 3282 1432 3327 et
1460 3272 1834 3342 baptizaverat,
1864 3273 1915 3327 in
1945 3288 2050 3327 me-

469 3360 614 3415 dium
657 3360 963 3432 frequenter
998 3364 1247 3430 adducit;
1289 3380 1392 3417 non
1437 3380 1543 3434 quo
1588 3364 1864 3419 Dominum
1907 3366 2047 3420 servi

470 3454 775 3508 testimonio
806 3453 909 3509 fide
937 3454 1156 3525 dignum
1184 3456 1596 3526 comprobaret,
1624 3455 1719 3509 sed
1752 3464 1810 3510 ut
1834 3455 2046 3510 audito-

469 3564 583 3602 rum
612 3548 904 3603 infirmitati
943 3563 1001 3604 se
1028 3558 1424 3619 attemperaret.
1455 3547 1603 3604 Sicut
1630 3549 1770 3603 enim
1803 3548 1900 3602 nisi
1932 3547 2045 3602 for-

469 3656 608 3694 mam
656 3642 793 3695 servi
845 3644 1177 3711 accepisset,
1229 3658 1334 3696 non
1381 3653 1629 3713 acceptus
1675 3642 2046 3714 admissusque

468 3734 688 3788 fuisset:
712 3737 788 3789 sic
817 3736 917 3789 nisi
946 3736 1083 3790 servi
1115 3750 1247 3790 voce
1270 3750 1648 3790 conservorum
1677 3751 1834 3791 aures
1863 3749 2047 3791 assue-

469 3827 720 3891 fecisset,
750 3828 984 3883 maxima
1016 3844 1137 3899 pars
1177 3827 1483 3883 Judaeorum
1508 3869 1523 3894 ,
1555 3829 1788 3884 sermoni
1819 3845 1925 3884 non
1950 3829 2040 3883 ob-

466 3928 835 3988 temperasset.

534 4017 591 4067 ‘2.
632 4011 734 4066 Cur
768 4022 813 4067 et
841 4013 1092 4084 quomodo
1116 4011 1341 4067 Joannes
1372 4011 1597 4084 Baptista
1626 4012 1882 4067 Christum
1914 4029 2046 4083 pra:-

465 4104 614 4158 dicet.
638 4134 707 4143 —
727 4104 806 4158 Ad
836 4103 950 4159 haec
973 4104 1117 4160 aliud
1144 4104 1501 4175 apparabatur
1526 4120 1774 4175 magnum
1803 4115 1856 4160 et
1885 4106 2044 4159 mira-

465 4197 588 4252 bile.
623 4196 755 4265 Quia
800 4198 981 4262 enim,
1024 4197 1113 4267 qui
1154 4197 1222 4252 de
1265 4197 1442 4266 seipso
1479 4212 1727 4267 magnum
1771 4196 2040 4266 quidpiam

464 4288 655 4354 effert,
695 4296 975 4357 suspectus
1015 4297 1131 4353 est,
1172 4296 1226 4343 et
1261 4287 1560 4341 auditorum
1604 4286 1862 4357 plurimos
1900 4302 2043 4357 stepe

463 4380 718 4446 offendit;
747 4381 865 4435 ideo
887 4380 1023 4435 alius
1050 4382 1113 4436 de
1140 4380 1230 4436 illo
1255 4379 1627 4436 testificaturus
1647 4380 1871 4436 accedit.
1897 4382 2043 4435 Alio-

462 4474 589 4543 quin
617 4482 793 4527 autem
819 4514 834 4540 ,
865 4471 984 4541 quia
1016 4473 1154 4528 solet
1181 4471 1459 4528 multitudo
1497 4471 1564 4527 ad
1591 4471 1905 4527 familiarem
1940 4471 2041 4526 sibi

462 4575 515 4617 et
540 4564 771 4618 innatam
799 4580 981 4619 vocem
1010 4579 1312 4631 accurrere,
1342 4571 1522 4632 utpote
1546 4579 1702 4634 quam
1730 4563 1920 4618 melius
1947 4577 2042 4618 no-

463 4655 637 4709 verint
663 4672 677 4708 :
708 4655 828 4708 ideo
859 4668 956 4707 vox
998 4653 1066 4708 de
1105 4654 1235 4708 czelo
1264 4654 1427 4707 semel
1467 4661 1559 4708 aut
1598 4652 1679 4707 bis
1708 4652 1885 4707 audita
1917 4660 2037 4716 est,

461 4759 567 4798 vox
616 4758 743 4799 vero
787 4743 1007 4798 Joannis
1053 4742 1498 4814 frequentissime.
1547 4742 1677 4796 Nam
1725 4742 1815 4812 qui
1861 4743 2041 4812 p0puli

462 4835 875 4890 imbecillitatem
915 4836 1273 4904 superabant,
1313 4845 1367 4891 et
1406 4850 1435 4888 a
1477 4836 1760 4890 sensilibus
1794 4835 2040 4889 omnibus

460 4928 693 4998 exempti
722 4938 893 4991 erant,
928 4928 1122 4998 quique
1152 4942 1435 4997 supernam
1467 4941 1650 4982 vocem
1676 4926 1861 4983 audire
1891 4936 2041 4996 pote-

461 5029 614 5082 rant,
643 5034 746 5073 non
773 5019 1057 5074 admodum
1089 5034 1222 5089 opus
1252 5017 1517 5073 habebant
1546 5017 1813 5082 humana;
1845 5019 2040 5093 quippe

458 5111 547 5179 qui
572 5110 693 5164 lmic
710 5114 927 5164 omnino
948 5110 1401 5179 obtemperabant,
1420 5118 1474 5166 et
1493 5109 1559 5164 ab
1582 5109 1665 5163 illa
1688 5108 2035 5164 ducebantur.

459 5200 561 5268 Qui
610 5218 738 5257 vero
770 5201 941 5255 adhuc
973 5202 1111 5255 circa
1152 5201 1331 5255 infima
1366 5201 1749 5268 versabantur,
1780 5208 1837 5256 et
1871 5199 2038 5254 multa

523 5359 595 5420 (α)
617 5358 754 5423 Quod
773 5358 852 5406 hic
882 5357 999 5407 dicit
1021 5355 1410 5423 Chrysostomus,
1434 5356 1695 5423 aesephttm
1717 5358 2042 5423 Jerosolymo-.

459 5419 582 5469 rum
600 5422 843 5469 excidium
865 5420 1061 5468 .Ioaunis
1082 5419 1303 5479 Baptistae
1337 5420 1445 5467 neci
1480 5420 1778 5481 adscribere,
1805 5419 2038 5472 non'om-

462 5484 574 5531 uino
606 5490 836 5530 consonat
867 5494 976 5530 cum
1024 5482 1083 5544 iis
1113 5494 1223 5542 quze
1254 5488 1417 5529 narrat
1447 5482 1685 5544 Josephus
1718 5480 1749 5529 l.
1778 5482 1867 5540 18,
1892 5498 1935 5533 c.
1972 5487 2035 5544 6,

459 5544 539 5591 ubi
573 5544 702 5600 dicit,
724 5551 879 5591 totum
912 5542 1112 5591 Herodis
1136 5544 1405 5590 exercitum
1428 5554 1607 5590 caesum
1638 5542 1791 5592 fuisse
1814 5542 2034 5595 abAreta

463 5604 648 5666 Arabiae
671 5610 868 5653 Petraea
886 5616 1009 5666 rege
1029 5617 1041 5652 :
1070 5611 1122 5652 et
1144 5602 1267 5651 hanc
1283 5603 1487 5661 cladem,
1505 5613 1773 5666 nouantem
1792 5607 2035 5657 excidium

458 5664 877 5727 Jerosolymorum,
902 5664 1105 5727 Joannis,
1142 5668 1361 5727 Baptistae
1396 5667 1502 5712 neci
1536 5665 1776 5714 adscribit.
1812 5675 1909 5716 Non
1941 5669 2033 5718 de-

460 5726 752 5791 stittt_aute_tn
773 5728 900 5775 inter
923 5730 1051 5775 viros
1078 5726 1248 5791 doctos
1270 5728 1363 5791 qui
1398 5728 1524 5775 hunc
1547 5728 1755 5791 _Josephi_
1770 5728 1834 5777 de
1850 5736 2034 5779 Joanne

454 5786 666 5855 Baptista
701 5787 855 5836 locum
887 5796 1167 5855 suspectum
1207 5786 1435 5855 habeant.
1469 5789 1559 5839 sed
1594 5786 1699 5840 haec
1731 5788 2031 5855 fusiusper-

462 5848 603 5910 sequi
636 5863 732 5899 non
765 5857 840 5900 est
872 5848 1132 5912 praeacutis
1153 5850 1378 5902 instituti.

2167 526 2497 571 terrenarum
2528 531 2707 571 rerum
2733 516 2958 588 caligine
2990 517 3377 587 obtegebantur
3396 560 3414 585 ,
3446 519 3545 576 hac
3572 519 3742 577 humi-

2167 607 2302 663 liore
2327 607 2552 674 egebant
2578 621 2725 663 voce.
2756 608 2846 663 Sic
2864 624 2992 679 ergo
3018 608 3252 666 Joannes
3271 649 3285 671 ,
3312 611 3434 681 quia
3460 611 3745 670 sensilibus

2166 716 2224 755 se
2250 701 2479 770 undique
2503 703 2669 767 exuit,
2697 703 2961 773 magistris
2991 703 3292 759 hominibus
3314 707 3330 737 ί
3353 721 3486 775 opus
3510 721 3617 762 non
3642 705 3740 762 ha-

2166 792 2298 852 buit,
2332 794 2425 847 sed
2456 810 2522 848 ex
2548 794 2682 849 caelo
2710 794 2949 850 eruditus
2974 804 3075 851 est.
3107 795 3236 850 Nam
3264 798 3356 862 ait,
3384 796 3482 864 Qui
3509 800 3642 853 misit
3666 815 3745 854 me

2166 884 2421 952 baptizare
2456 883 2508 937 in
2548 900 2680 954 aqua
2702 926 2718 946 ,
2757 885 2844 938 ille
2884 886 3008 939 mihi
3048 886 3175 941 dixit
3196 901 3217 941 :
3242 885 3408 958 Super
3434 905 3581 957 quem
3609 890 3742 943 vide-

2164 975 2235 1026 ris
2273 972 2522 1043 Spiritum
2562 974 2658 1028 Dei
2695 974 3070 1030 descendentem
3092 1018 3107 1040 ,
3154 977 3235 1030 hic
3276 987 3368 1032 est.
3407 977 3574 1035 Judaei
3616 995 3743 1035 vero

2163 1063 2338 1117 adlmc
2381 1063 2646 1132 infantes,
2677 1066 2767 1136 qui
2814 1065 2881 1120 ad
2922 1065 3255 1123 altitudinem
3302 1067 3445 1123 illam
3484 1071 3744 1140 attingere

2164 1155 2400 1211 nondum
2443 1166 2725 1226 poterant,
2764 1158 3042 1214 hominem.
3084 1159 3350 1216 habebant
3392 1163 3698 1234 magistrum
3723 1205 3742 1230 ,

2164 1262 2269 1299 non
2312 1261 2408 1301 sua
2438 1247 2516 1302 eis
2538 1289 2553 1312 ,
2583 1247 2678 1303 sed
2712 1248 2943 1304 erlestia
2986 1251 3408 1305 annuntiantem.
3448 1252 3583 1319 Quid
3614 1268 3743 1325 ergo

2166 1336 2249 1391 hic
2273 1337 2544 1407 loquitur?
2566 1338 2593 1391 J
2602 1355 2689 1408 pse
2710 1340 3043 1394 testimonium
3064 1342 3287 1411 perhibet
3306 1344 3370 1396 de
3388 1359 3466 1410 eo,
3490 1354 3537 1397 et
3557 1347 3742 1401 clamat

2163 1428 2352 1481 dicens.
2380 1428 2517 1497 Quid
2542 1429 2641 1485 sibi
2666 1430 2775 1485 vult
2801 1431 2948 1497 illud,
2973 1430 3213 1487 Clamat?
3232 1432 3361 1489 Cum
3386 1435 3595 1501 tiducia,
3618 1452 3740 1492 eum

2163 1520 2408 1577 libertate
2427 1564 2441 1587 ,
2472 1524 2616 1578 omni
2645 1523 2849 1593 abjecta
2875 1522 3157 1581 formidine
3185 1528 3459 1595 praedicat.
3491 1529 3627 1597 Quid
3659 1539 3739 1585 te-

2161 1622 2333 1668 statur
2360 1625 2412 1670 et
2436 1615 2664 1670 clamat?
2694 1615 2795 1670 Hic
2820 1626 2948 1683 erat,
2975 1618 3163 1689 inquit,
3186 1635 3331 1688 quem
3360 1620 3485 1684 dixi,
3515 1622 3602 1689 qui
3628 1633 3741 1691 post

2160 1725 2242 1762 me
2263 1712 2413 1774 venit,
2442 1718 2561 1763 ante
2581 1726 2661 1764 me
2682 1710 2847 1777 factus
2868 1719 2958 1775 est,
2983 1711 3101 1780 quia
3128 1710 3268 1780 prior
3287 1728 3366 1764 me
3388 1722 3513 1765 erat.
3538 1710 3742 1767 Obscu-

2161 1815 2279 1854 rum
2317 1809 2401 1855 est
2430 1801 2787 1856 testimonium
2814 1843 2829 1867 ,
2861 1812 2913 1856 et
2940 1801 3115 1857 adhuc
3145 1802 3299 1858 valde
3330 1804 3529 1861 humile
3556 1819 3617 1857 ac
3645 1803 3740 1858 do-

2161 1893 2402 1945 missum.
2444 1891 2559 1947 Non
2585 1893 2724 1947 enim
2749 1893 2924 1958 dixit,
2955 1892 3051 1948 Hic
3077 1903 3157 1949 est
3186 1893 3352 1949 Filius
3385 1896 3474 1949 Dei
3502 1896 3742 1965 unigeni-

2161 1991 2245 2037 tus
2267 1983 2287 2014 '
2313 1999 2326 2037 :
2360 1982 2455 2038 sed
2484 1982 2650 2053 quid?
2680 1982 2780 2037 Hic
2805 1994 2912 2045 erat
2946 2000 3090 2052 quem
3122 1984 3230 2040 dixi
3253 2027 3267 2048 ,
3296 1988 3386 2058 qui
3422 1996 3532 2055 post
3566 1988 3695 2041 venit
3718 2029 3735 2052 ,

2158 2082 2275 2129 ante
2297 2091 2374 2129 me
2393 2077 2556 2145 factus
2583 2086 2677 2144 est,
2708 2078 2826 2148 quia
2855 2079 2995 2145 prior
3022 2094 3099 2131 me
3126 2089 3251 2133 erat.
3280 2078 3735 2146 Quemadmodum

2158 2167 2300 2222 enim
2326 2170 2648 2225 avicularum
2689 2180 2884 2225 matres
2920 2170 3093 2242 pullos
3119 2187 3245 2227 suos
3283 2188 3387 2226 non
3426 2174 3605 2227 statim
3638 2189 3738 2229 nec

2159 2273 2265 2311 uno
2304 2257 2391 2314 die
2418 2260 2626 2315 volandi
2657 2269 2823 2316 artem
2864 2270 3025 2315 totam
3064 2261 3324 2329 edocent,
3351 2263 3443 2318 sed
3473 2264 3645 2333 primo
3669 2279 3737 2319 ex

2157 2350 2283 2405 nido
2309 2350 2542 2407 educunt
2568 2361 2793 2415 tantum,
2820 2352 3014 2408 deinde
3038 2369 3068 2407 a
3096 2354 3273 2409 volatu
3302 2355 3637 2425 requiescere
3664 2356 3735 2410 si-

2148 2442 2312 2509 "nunt,
2338 2452 2457 2513 post
2478 2444 2545 2499 ad
2569 2445 2801 2499 volatum
2826 2454 3097 2512 exercent,
3122 2446 3312 2518 dieque
3333 2457 3542 2518 postera
3569 2449 3735 2504 multo

2156 2536 2327 2606 majus
2353 2536 2563 2593 volandi
2593 2539 2905 2593 exercitium
2931 2539 3153 2606 addunt,
3186 2542 3368 2609 sicque
3397 2543 3643 2612 paulatim
3671 2560 3735 2599 ae

2155 2629 2353 2683 sensim
2395 2629 2463 2683 ad
2510 2640 2893 2700 congruentem
2945 2631 3279 2687 altitudinem
3324 2632 3557 2688 educunt
3602 2651 3616 2689 :
3662 2636 3732 2689 ita

2158 2722 2342 2777 beatus
2366 2721 2598 2779 Joannes
2628 2739 2734 2780 non
2763 2724 2941 2780 statim
2972 2724 3038 2780 ad
3069 2726 3310 2780 sublimia
3338 2726 3549 2782 Judzeos
3575 2726 3732 2783 dedu-

2154 2814 2266 2879 xit;
2297 2814 2389 2869 sed
2419 2815 2686 2886 paululum
2707 2830 2739 2871 e
2766 2826 2906 2871 terra
2932 2817 3111 2873 educit
3132 2828 3183 2873 et
3209 2819 3386 2873 volare
3408 2819 3580 2883 docet,
3608 2835 3732 2875 cum

2154 2904 2227 2957 ait
2251 2944 2266 2967 ,
2292 2902 2562 2959 Christum
2587 2920 2644 2961 se
2670 2906 2944 2961 meliorem
2980 2922 3117 2962 esse.
3149 2906 3333 2978 Neque
3361 2910 3504 2964 enim
3545 2924 3729 2980 parum

2153 2991 2366 3049 interim
2415 2994 2546 3050 illud
2585 3004 2735 3063 erat,
2770 2996 2911 3065 quod
2946 2997 3218 3052 auditores
3257 2997 3477 3054 credere
3515 3009 3732 3069 possent

2153 3084 2325 3150 illum,
2354 3085 2443 3157 qui
2471 3087 2705 3142 nondum
2736 3087 2881 3144 visus
2907 3088 3113 3156 fuerat,
3145 3104 3242 3145 nec
3271 3090 3518 3145 miracula
3545 3091 3730 3147 edide-

2152 3184 2254 3241 rat,
2275 3190 2394 3231 esse
2414 3176 2669 3247 majorem
2687 3177 2911 3238 Joanne.
2932 3188 3039 3234 tam
3063 3180 3287 3236 mirabili
3309 3191 3363 3236 et
3384 3181 3572 3238 illustri
3593 3183 3728 3247 viro,

2151 3266 2216 3320 ad
2245 3283 2404 3338 quem
2430 3284 2618 3325 omnes
2642 3271 3027 3338 accurrebant,
3056 3287 3318 3343 quemque
3343 3275 3587 3344 angelum
3610 3289 3732 3330 esse

2151 3360 2426 3429 putabant.
2458 3359 2675 3417 Interim
2708 3379 2837 3418 vero
2873 3363 2923 3419 id
2962 3364 3260 3420 auditorum
3288 3366 3481 3422 animis
3506 3366 3732 3424 suadere

2150 3451 2442 3508 conabatur
2464 3495 2480 3521 ,
2509 3469 2656 3520 eum,
2687 3455 2756 3511 de
2782 3471 2887 3526 quo
2919 3458 3281 3512 testimonium
3313 3458 3689 3527 perbibebatur
3711 3502 3728 3529 ,

2149 3544 2463 3615 perhibente
2495 3546 2753 3617 majorem
2789 3562 2929 3614 esse,
2966 3564 3032 3604 eo
3077 3549 3165 3620 qui
3198 3549 3309 3619 jam
3345 3560 3562 3606 venerat
3606 3568 3729 3607 eum

2149 3638 2238 3707 qui
2265 3646 2518 3692 venturus
2549 3647 2695 3703 erat,
2725 3641 3011 3709 conspicuo
3036 3648 3091 3695 et
3118 3640 3309 3695 illustri
3336 3656 3455 3696 eum
3481 3644 3569 3712 qui
3599 3659 3731 3698 nou-

2149 3727 2275 3781 dum
2303 3739 2616 3798 apparuerat
2646 3744 2765 3784 esse
2791 3730 3236 3799 praestantiorem.
3270 3732 3401 3788 Vide
3424 3750 3580 3804 quam
3607 3750 3728 3804 pru-

2149 3817 2338 3873 denter
2368 3819 2725 3873 testimonium
2770 3820 3021 3891 proferat.
3060 3821 3174 3876 Non
3215 3833 3531 3892 prtesentem
3570 3826 3731 3881 modo

2147 3911 2400 3977 ostendit,
2419 3911 2513 3968 sed
2534 3922 2816 3984 antequam
2835 3922 3088 3983 appareat
3110 3915 3381 3986 prtedicat.
3406 3915 3541 3974 Illud
3563 3919 3725 3985 enim,

2152 4002 2249 4057 Hic
2289 4013 2361 4059 est
2401 4021 2547 4070 quem
2584 4005 2727 4072 dixi,
2774 4005 2823 4059 id
2866 4007 3166 4076 significat,
3197 4012 3640 4079 quemadmodum
3675 4023 3731 4068 et

2150 4093 2425 4149 Matthzeus
2464 4094 2538 4148 ait
2570 4113 2583 4150 :
2611 4092 2867 4150 Omnibus
2904 4097 2994 4166 qui
3039 4097 3104 4151 ad
3153 4114 3212 4153 se
3250 4102 3535 4157 veniebant
3580 4102 3729 4158 dice-

2149 4184 2237 4237 bat
2268 4201 2281 4237 :
2312 4182 2421 4252 Ego
2450 4185 2649 4256 quidem
2680 4187 2880 4255 baptizo
2906 4205 2992 4242 vos
3018 4190 3070 4243 in
3098 4206 3231 4262 aqua
3259 4206 3278 4245 :
3304 4193 3393 4262 qui
3423 4204 3590 4247 autem
3617 4204 3729 4265 post

2147 4292 2225 4328 me
2250 4276 2400 4342 venit,
2428 4278 2609 4347 fortior
2632 4294 2711 4332 me
2734 4289 2826 4345 est,
2855 4280 3005 4346 cujus
3030 4298 3120 4350 ego
3148 4298 3248 4336 non
3277 4300 3390 4336 sum
3416 4285 3599 4355 dignus
3627 4288 3728 4339 sol-

2145 4381 2256 4420 vere
2285 4368 2554 4439 corrigiam
2585 4368 2909 4424 calceamenti
2939 4369 3167 4440 (Matth.
3208 4373 3261 4428 5.
3295 4373 3354 4427 ll
3384 4373 3423 4444 ).
3463 4374 3568 4430 Cur
3595 4390 3725 4444 ergo

2145 4468 2427 4530 antequam
2455 4468 2737 4531 appareret
2757 4501 2773 4525 ,
2805 4462 2875 4517 ita
2913 4461 3161 4532 loquutus
3190 4464 3310 4519 est?
3342 4463 3409 4520 Ut
3451 4475 3726 4536 acceptum

2146 4559 2288 4604 esset
2314 4551 2617 4621 apparentis
2644 4552 3006 4607 testimonium
3028 4596 3043 4619 ,
3067 4553 3175 4623 jam
3203 4554 3507 4611 auditorum
3535 4558 3727 4612 animis

2145 4638 2210 4694 ad
2237 4638 2339 4696 hoc
2364 4642 2631 4711 apparatis
2655 4657 2747 4712 per
2765 4641 2985 4696 Joannis
3005 4658 3344 4710 sermonem;
3376 4662 3507 4701 neve
3528 4643 3725 4702 Christi

2144 4730 2250 4785 vile
2280 4730 2641 4785 indumentum
2668 4730 2907 4787 officeret
2944 4733 3043 4801 ipsi
3072 4734 3114 4786 ³.
3146 4732 3276 4789 Nam
3306 4734 3408 4790 nisi
3437 4736 3633 4804 aliquid
3659 4737 3728 4792 de

2146 4821 2355 4874 Christo
2378 4820 2652 4875 audissent
2677 4831 2959 4892 antequam
2989 4823 3135 4878 illum
3165 4824 3426 4891 viderent,
3458 4826 3559 4879 nisi
3587 4828 3727 4882 testi-

2144 4912 2377 4965 monium
2401 4912 2527 4967 illud
2552 4928 2800 4983 maguum
2822 4924 2875 4968 et
2901 4914 3144 4970 mirabile
3165 4914 3231 4971 de
3257 4916 3349 4971 illo
3370 4916 3722 4987 accepissent,

2144 5002 2355 5059 habitus
2385 5005 2655 5061 humilitas
2685 5007 2862 5061 statim
2893 5006 3153 5062 dicterum
3180 5008 3527 5079 magnitudini
3558 5010 3726 5065 obsti-

2144 5096 2314 5152 tisset.
2348 5096 2589 5153 Christus
2613 5099 2755 5153 enim
2784 5108 2891 5153 tam
2923 5099 3078 5156 trivio
3104 5109 3159 5156 et
3184 5102 3387 5171 vulgari
3418 5102 3604 5157 habitu
3641 5105 3723 5158 in-

2141 5188 2397 5254 cedebat,
2426 5197 2485 5242 ut
2511 5197 2567 5244 et
2600 5189 2946 5244 Samaritana;
2973 5190 3225 5245 mulieres
3242 5233 3257 5258 ,
3284 5200 3340 5247 et
3374 5194 3684 5248 meretrices
3705 5234 3722 5261 ,

2141 5287 2196 5332 et
2226 5279 2489 5347 publicani
2520 5294 2640 5334 cum
2682 5294 2869 5349 magna
2901 5280 3143 5336 libertate
3167 5296 3231 5337 ac
3257 5282 3447 5339 fiducia
3477 5283 3544 5339 ad
3575 5284 3722 5340 illum

2143 5367 2461 5445 accederent
2490 5371 2769 5440 ipsumque
2794 5372 3209 5441 alloquerentur.

2204 5548 2222 5612 ξ
2256 5546 2395 5612 §a_vil.
2431 5547 2606 5612 habet,
2622 5549 2863 5612 magistris
2886 5550 3009 5601 aliis.

2203 5611 2224 5679 ξ
2258 5608 2422 5669 Idem,
2446 5618 2554 5673 post
2598 5608 2721 5661 haec"
2734 5613 2903 5673 verba,
2929 5616 3018 5664 Det
3055 5613 3339 5679 unigenitus,
3374 5616 3525 5677 addit,
3570 5630 3711 5670 vetus

2137 5666 2449 5803 ﬁft'ufduidam
2475 5732 2734 5803 habent....
2755 5732 2964 5803 ofﬁceret
2986 5733 3080 5799 ipsi
3096 5772 3110 5791 .
3129 5737 3216 5787 sed
3239 5745 3300 5803 ut_
3313 5746 3469 5803 posset
3485 5741 3704 5803 ιέπιονεηι

2136 5791 2202 5841 ab
2232 5790 2472 5864 hominum
2506 5795 2678 5847 tudinis
2698 5790 2883 5849 arcére.
2912 5790 3148 5860 intexta,
3184 5790 3323 5851 Savill
3347 5810 3400 5853 et
3423 5808 3529 5853 Mss.
3554 5790 3709 5866 pltn'ié

2137 5866 2243 5904 mos
2264 5868 2530 5917 sequimur.
