4074 6374
533 407 602 462 89
1203 401 1562 462 SJOANNIS
1597 397 2083 457 CHRYSOSTOMI
2117 395 2439 475 ARQHIEP.
2477 399 3025 458 CONSTANTINOP.
3712 407 3782 464 ω

466 583 471 592 ,
532 524 673 580 εἶδον
699 524 790 579 τὸν
822 522 1052 596 Χριστὸν
1079 522 1261 584 αὐτὸν,
1287 520 1382 574 καὶ
1407 519 1543 589 ὁμοῦ
1575 519 1714 589 μετὰ
1739 519 1837 589 τῆς
1861 518 1990 582 θέας
2009 518 2103 570 καὶ

530 613 630 682 τὴν
656 611 760 664 τῶν
787 609 959 678 λόγων
992 605 1293 678 μαρτυρίαν
1323 602 1570 668 ἐδέξαντο
1600 605 1698 674 τὴν
1721 603 1864 657 οὕτω
1896 604 2107 674 θαυμα-

535 695 671 766 στὴν
703 696 796 746 καὶ
832 692 1092 763 μεγάλην,
1115 688 1316 751 εὐθέως
1341 687 1407 740 ἂν
1437 687 1497 738 16
1526 687 1618 740 106
1647 690 1926 758 σχήματος
1955 687 2107 740 εὐτε-

531 777 622 841 λὲς
645 779 916 848 προσέστη
949 775 1028 846 τῷ
1061 773 1277 844 μεγέθει
1309 773 1415 825 τῶν
1451 771 1776 842 λεγομένων.
1803 770 1917 843 [75]
1951 771 2106 825 Οὕτω

531 868 641 934 γὰρ
683 861 895 923 εὐτελὲς
947 858 1253 929 περιέκειτο
1303 858 1486 926 σχῆμα
1533 857 1626 910 καὶ
1677 857 1853 910 κοινὸν
1901 856 2106 910 ἅπασιν

533 950 562 1001 6
591 945 842 1017 Χριστὸς,
875 943 949 1006 ὡς
989 943 1082 995 καὶ
1117 941 1512 1012 Σαμαρείτιδας
1537 944 1817 1008 γυναῖκας,
1855 942 1947 994 καὶ
1973 944 2106 1010 116p-

535 1048 651 1094 νας.
694 1029 788 1082 καὶ
839 1025 1077 1088 τελώνας
1123 1023 1258 1094 μετὰ
1304 1023 1503 1094 πολλῆς
1535 1025 1636 1094 τῆς
1673 1023 1856 1087 ἀδείας
1884 1023 2106 1096 θαρρεῖν

535 1115 682 1185 αὐτῷ
721 1113 1002 1184 προσιέναι
1033 1109 1126 1163 καὶ
1163 1107 1525 1176 διαλέγεσθαι,

603 1206 672 1268 γ’,
696 1195 874 1266 Ὅπερ
890 1191 981 1249 οὖν
1005 1194 1160 1263 ἔφην,
1179 1194 1226 1246 εἰ
1241 1191 1372 1262 ὁμοῦ
1390 1193 1484 1244 καὶ
1498 1191 1605 1244 τῶν
1631 1193 1696 1262 ρη
1707 1192 1890 1261 μάτων
1901 1191 2106 1247 τούτων

531 1285 788 1354 ἥκουσαν,
824 1280 919 1333 καί
948 1277 1108 1332 αὐτὸν
1138 1276 1448 1333 ἐθεάσαντο.
1479 1275 1580 1328 κᾶν
1608 1275 1980 1343 κατεγέλασαν
2007 1278 2107 1349 τῆς

535 1364 836 1437 μαρτυρίας
865 1361 957 1416 τοῦ
990 1361 1255 1415 Ἰωάννου.
1286 1359 1400 1413 Νῦν
1428 1358 1484 1413 δὲ
1518 1359 1646 1429 πρὶν
1682 1359 1714 1430 ἢ
1746 1361 1976 1432 φανῆναι
2013 1363 2105 1416 τὸν

529 1449 762 1519 Χριστὸν
793 1446 1049 1508 πολλάκις
1091 1445 1402 1506 ἀκούοντες,
1438 1443 1530 1495 καὶ
1578 1441 1945 1514 ἐρεθιζόμενοι
1995 1447 2105 1509 τοῖς

529 1533 839 1603 λεγομένοις
865 1529 994 1598 περὶ
1030 1526 1215 1589 αὐτοῦ,
1253 1526 1562 1579 τούναντίον
1604 1525 1862 1596 ἔπασχον,
1898 1529 1957 1581 οὐ
2006 1527 2105 1600 τὴν

527 1617 636 1670 τῶν
657 1616 915 1686 ῥημάτων
945 1609 1294 1664 διδασκαλίαν
1327 1609 1434 1662 ἀπὸ
1462 1610 1560 1677 τῆς
1583 1609 1756 1678 ὅψεως
1779 1610 1872 1662 τοῦ
1905 1628 2108 1682 μαρτυ-

533 1701 786 1773 ρηθέντος
810 1695 1182 1756 ἐκϐάλλοντες,
1209 1693 1344 1746 ἀλλὰ
1363 1693 1468 1745 ἀπὸ
1487 1692 1587 1761 τῆς
1619 1694 1851 1757 πίστεως
1875 1695 1982 1746 τῶν
2002 1695 2104 1766 ήδη

529 1784 826 1856 λεχθέντων
859 1783 953 1834 καὶ
996 1779 1158 1832 αὐτὸν
1189 1777 1566 1848 λαμπρότερον
1593 1773 1730 1830 εἶναι
1772 1777 2103 1848 νομίζοντες.

529 1871 603 1924 Τὸ
635 1869 712 1928 δὲ,
751 1865 965 1919 Ὀπίσω
1006 1880 1126 1932 μου
1165 1862 1508 1930 ἐρχόμενος.
1545 1863 1572 1914 6
1614 1865 1731 1932 μετ’
1765 1862 1865 1933 ἐμὲ
1899 1863 2105 1935 κηρύσ-

531 1970 658 2016 σων,
693 1951 792 2020 οὐχ
823 1951 852 2001 6
892 1949 1012 2019 μετ’
1050 1944 1151 2014 ἐμὲ
1179 1944 1467 2014 γενόμενός
1494 1946 1630 1998 ἐστι.
1663 1945 1833 1998 Τοῦτο
1857 1946 1986 2015 γοῦν
2010 1948 2104 2001 καί

525 2037 555 2088 6
585 2033 861 2094 Ματθαῖος
905 2030 1202 2083 αἰνίττεται
1237 2027 1429 2094 λέγων,
1466 2027 1683 2082 Ὀπίσω
1712 2045 1832 2098 μου
1869 2028 2106 2100 ἔρχεται

525 2119 700 2186 ἀνήρ·
739 2117 800 2170 οὐ
831 2115 959 2186 περὶ
989 2115 1090 2183 τῆς
1129 2116 1192 2166 ἐκ
1223 2111 1439 2183 Μαρίας
1477 2113 1782 2184 γεννήσεως
1819 2113 1986 2166 αὐτοῦ
2013 2113 2099 2168 λέο

525 2221 659 2274 γων,
687 2200 824 2255 ἀλλὰ
852 2199 978 2268 περὶ
1001 2197 1100 2266 τῆς
1121 2196 1421 2266 παρουσίας
1449 2196 1549 2266 τῆς
1575 2196 1716 2250 κατὰ
1737 2197 1798 2250 16
1818 2198 2099 2268 κήρυγμα.

527 2286 590 2340 El
619 2285 724 2355 γὰρ
771 2283 898 2354 περὶ
932 2281 1031 2350 τῆς
1065 2280 1368 2349 γεννήσεως
1411 2277 1618 2347 ἔλεγεν,
1669 2279 1770 2332 οὐκ
1818 2279 1883 2333 ἂν
1928 2276 2101 2344 εἶπεν,

528 2372 818 2438 Ἔρχεται,
838 2359 1171 2429 ἁλλ’,τΗλθεο
1191 2363 1588 2434 γεγεννημένος
1609 2363 1717 2434 γὰρ
1741 2358 1810 2434 ῆν
1828 2365 1914 2417 ὅτε
1933 2365 2102 2420 ταῦτα

523 2453 758 2521 ἐλέγετο.
794 2450 860 2502 Τί
895 2444 986 2502 οὖν
1015 2449 1129 2500 ἐστι
1171 2446 1250 2509 16,
1284 2447 1660 2514 Ἐμπροσθέν
1696 2464 1816 2516 μου
1865 2447 2101 2518 γένονεὶ

522 2535 933 2608 Λαμπρότερος.
969 2529 1336 2600 ἐντιμότερος.
1376 2529 1466 2600 Μὴ
1492 2529 1622 2600 γὰρ,
1672 2530 1857 2601 ἐπειδὴ
1888 2532 2104 2602 πρῶτος

521 2617 683 2693 ἦλθον
711 2619 994 2690 κηρύττων
1029 2615 1161 2683 ἐγὼ,
1193 2613 1302 2668 ἀπὸ
1329 2612 1521 2666 τούτου
1549 2614 1768 2684 μείζονα
1800 2616 2006 2671 ἐκείνου
2034 2636 2101 2688 με

521 2705 660 2760 εἶναι
692 2703 969 2773 νομίσητε·
1011 2700 1146 2753 πολύ
1180 2698 1288 2769 γὰρ
1331 2698 1566 2752 ἐλάττων
1610 2698 1741 2765 ἐγὼ.
1777 2700 1870 2753 καὶ
1907 2701 2094 2756 10006-

519 2810 612 2845 τον
641 2789 897 2866 ἐλάττωκθ
943 2786 1018 2850 ὼς
1069 2783 1203 2855 μηδέ
1249 2785 1330 2846 εἰς
1367 2782 1554 2836 δούλου
1585 2784 1740 2850 τάξιν
1769 2785 1918 2851 ἄξιος
1961 2783 2100 2840 εἷναι

521 2872 937 2942 καταλέγεσθαι.
980 2869 1152 2922 Τοῦτο
1181 2867 1288 2937 γάρ
1321 2868 1436 2920 ἐστι
1475 2868 1556 2928 16.
1584 2869 1960 2937 ’Ἐμπροσθέν
1980 2888 2100 2938 μου

520 2959 786 3030 γέγονεν·
828 2955 963 3023 ὅπερ
1005 2951 1207 3021 ἐτέρως
1251 2949 1578 3020 παραδηλῶν
1605 2951 1634 3004 6
1665 2951 1960 3015 Ματθαῖος,
1985 2952 2102 3005 ἑλε-

520 3059 635 3108 γεν·
673 3043 796 3093 Οὐκ
831 3039 948 3106 είμί
977 3033 1185 3098 ἱκανὸς
1211 3034 1397 3087 λῦσαι
1431 3033 1538 3086 τὸν
1570 3032 1783 3102 ίμάντα
1817 3035 1921 3088 τοῦ
1950 3039 2101 3091 ὐπο-

520 3123 786 3194 δήματος
823 3120 1028 3176 αὐτοῦ.
1065 3120 1190 3172 Ὅτι
1230 3117 1287 3171 δὲ
1319 3119 1440 3171 οὐδέ
1459 3118 1540 3182 16,
1571 3119 1955 3187 Ἐμπροσθέν
1978 3140 2100 3192 μου

522 3208 752 3279 γέγονε,
785 3205 912 3276 περὶ
945 3204 1044 3273 τῆς
1091 3204 1170 3264 είς
1195 3201 1257 3254 τὸ
1288 3196 1428 3255 εἶναι
1471 3201 1704 3273 παρόδου
1745 3204 1980 3274 εἴρηται,
2012 3205 2102 3260 διὰ

520 3295 622 3363 τῆς
650 3288 946 3358 ἐπαγωγῆς
995 3285 1152 3356 δῆλόν
1198 3287 1370 3339 ἐστιν.
1415 3286 1478 3338 Εἰ
1510 3286 1620 3356 γὰρ
1648 3285 1805 3363 10610
1852 3287 2100 3343 ἐϐούλετο

523 3361 718 3435 εἰπεῖν,
755 3370 1006 3443 περιττὸν
1041 3370 1099 3423 16
1139 3369 1478 3439 ἐπαγόμενον
1507 3364 1574 3440 ῆν
1600 3369 1681 3434 16,
1713 3361 1841 3422 Ὅτι
1868 3370 2102 3438 πρῶτός

521 3475 636 3526 μου
674 3453 770 3525 ἦν.
824 3455 917 3518 Τίς
954 3453 1063 3522 γὰρ
1109 3453 1280 3516 οὔτως
1326 3452 1528 3522 ἠλίθιος
1577 3455 1670 3505 καὶ
1722 3454 1964 3524 ἀνόητος,
2023 3455 2100 3518 ὡς

521 3544 786 3614 ἀγνοῆσαι
815 3539 896 3590 ὅτι
934 3541 962 3590 6
1001 3535 1310 3608 ἔμπροσθεν
1336 3535 1499 3588 αὐτοῦ
1537 3535 1848 3607 γενόμενος,
1881 3536 2100 3607 πρῶτος

521 3625 686 3679 αὐτου
714 3619 817 3694 ἦν;
852 3622 915 3674 Εἰ
956 3621 1064 3691 γὰρ
1111 3621 1238 3690 περὶ
1275 3618 1561 3689 ὑπάρξεως
1600 3619 1699 3690 τῆς
1747 3623 2096 3694 προαιωνίου,

521 3707 672 3761 οὐδὲν
703 3693 887 3776 ἕτερόν
911 3707 1024 3757 ἐστι
1057 3703 1116 3756 16
1147 3703 1458 3773 λεγόμενον,
1490 3702 1604 3756 ἀλλ’
1628 3703 1683 3774 ἢ,
1710 3704 1792 3758 ὅτι
1825 3707 1885 3759 '0
1905 3693 2100 3762 ὀπίσω

522 3806 640 3860 μου
671 3789 1014 3858 ἐρχόμενος,
1056 3787 1398 3855 ἔμπροσθέν
1429 3804 1548 3855 μου
1588 3786 1856 3857 γέγονεν.
1892 3791 2100 3856 ’Ἄλλως

520 3877 579 3930 δὲ
623 3876 716 3928 καὶ
768 3872 1124 3943 ἀπερινόητον
1163 3871 1224 3924 τὸ
1256 3870 1518 3936 τοιοῦτον,
1555 3873 1649 3926 καὶ
1699 3875 1730 3942 ἠ
1777 3875 1925 3927 αἰτία
1973 3877 2100 3948 εἰκῆ

523 3957 944 4029 προσέῤῥιπται.
998 3955 1320 4008 Τούναντίον
1371 3956 1498 4027 γὰρ,
1551 3959 1601 4009 εί
1653 3958 1809 4010 τοῦτο
1850 3960 2100 4014 ἐϐούλετο

519 4041 780 4112 δηλῶσαι,
811 4039 980 4109 ἐχρῆν
1009 4041 1204 4100 εἰπεῖν,
1232 4041 1314 4093 ὃτι
1356 4041 1413 4094 '0
1441 4039 1617 4094 ὀπίσω
1647 4058 1745 4109 μου
1779 4043 2096 4114 ἐρχόμενος,

520 4125 736 4198 πρῶτός
779 4141 881 4194 μου
920 4119 1010 4194 ἦν,
1051 4123 1237 4194 ἐπειδὴ
1268 4125 1364 4176 καὶ
1397 4123 1705 4196 ἔμπροσθέν
1748 4144 1850 4196 μου
1885 4129 2096 4196 γέγονε.

518 4211 627 4264 Τοῦ
666 4211 762 4280 μὲν
799 4209 910 4278 γὰρ
947 4208 1166 4279 πρῶτον
1213 4204 1352 4261 εῖναι
1387 4210 1612 4273 εἰκότως
1658 4210 1724 4264 ἄν
1767 4229 1851 4274 τις
1894 4213 2098 4284 ταύτην

515 4294 634 4365 δοίη
667 4293 764 4364 τὴν
806 4293 983 4346 αἰτίαν
1009 4291 1108 4362 τὴν
1147 4291 1241 4346 106
1288 4294 1542 4362 γενέσθαι
1575 4309 1592 4331 ·
1617 4309 1632 4324 ·
1677 4295 1770 4347 τοῦ
1797 4295 1853 4348 δέ
1883 4297 2097 4366 πρῶτον

515 4377 788 4446 γενέσθαι,
821 4378 921 4430 οὐκ
945 4377 1024 4429 ἔτι
1051 4376 1112 4428 16
1138 4375 1352 4444 πρῶτον
1376 4374 1514 4429 εἶναι
1541 4379 1731 4432 αἴτιον.
1763 4380 1826 4430 Ὃ
1854 4379 1910 4432 δὲ
1939 4381 2100 4450 ἡμεῖς

517 4463 747 4531 λέγομεν
782 4462 984 4531 σφόδρα
1022 4459 1086 4512 ἂν
1123 4461 1232 4530 ἔχοι
1257 4459 1585 4529 λόγον.Ἴστε
1616 4463 1723 4534 γὰρ
1745 4463 1914 4532 δήπου
1940 4465 2099 4519 τοῦτο

519 4547 742 4608 πάντες,
777 4547 858 4598 ὅτι
888 4545 948 4597 οὐ
982 4543 1051 4597 τὰ
1082 4544 1233 4615 δῆλα,
1265 4544 1401 4597 ἀλλὰ
1447 4546 1515 4599 τὰ
1545 4546 1716 4616 ἄδηλα
1748 4549 1834 4601 ἀεὶ
1868 4549 2098 4602 αἰτιολο-

517 4631 640 4696 γίας
672 4629 861 4681 δεῖται.
899 4628 959 4681 Εἰ
1002 4629 1056 4680 δὲ
1099 4631 1227 4700 περὶ
1254 4628 1560 4693 οὐσιώσεως
1604 4633 1632 4684 6
1679 4631 1835 4700 λόγος
1865 4628 1954 4703 ἦν,
1998 4636 2097 4689 οὐκ

515 4708 585 4783 ἦν
615 4712 828 4782 ἄδηλον,
861 4713 942 4764 ὅτι
978 4711 1194 4782 πρῶτον
1225 4713 1515 4783 γενόμενον
1549 4713 1764 4788 πρῶτον
1795 4716 1901 4769 ἔδει
1935 4714 2091 4770 εἶναι·

520 4791 704 4860 ἐπειδὴ
738 4792 794 4844 δέ
824 4792 952 4862 περὶ
983 4793 1148 4862 τιμῆς
1178 4792 1499 4860 διαλέγεται,
1539 4795 1765 4858 εἰκότως
1787 4796 1883 4867 τὴν
1911 4797 2098 4850 δοκοῦ-

520 4887 617 4922 σαν
657 4870 889 4940 ἀπορίαν
937 4867 1074 4923 εἶναι
1119 4871 1256 4924 λύει.
1290 4873 1400 4925 Καὶ
1445 4871 1555 4943 γὰρ
1582 4875 1728 4938 εἰκὸς
1773 4871 1841 4946 ἧν
1869 4876 2098 4942 πολλοὺς

518 4952 762 5018 ἀπορεῖν,
788 4950 952 5002 πόθεν
984 4953 1077 5004 καὶ
1123 4953 1187 5004 ἐκ
1224 4951 1385 5014 ποίας
1435 4953 1761 5022 προφάσεως
1794 4956 1823 5007 6
1871 4954 2097 5028 ὕστερον

519 5027 811 5108 ἐρχόμενςξ
853 5029 1159 5108 ἐμπροσθεν
1182 5030 1392 5098 γέγονε·
1420 5032 1718 5097 τουτέστιν,
1747 5027 2096 5108 ἐντιμότερος

516 5107 712 5184 ἐφάνη.
758 5107 972 5178 Ταύτης
1017 5105 1132 5179 [76]
1181 5108 1360 5162 τοίνυν
1404 5110 1513 5178 τῆς·
1548 5111 1826 5180 ζητήσεως
1883 5105 2096 5184 τίθησιν

517 5183 720 5248 εὐθέως
750 5187 849 5256 τὴν
878 5187 1073 5241 αἰτίαν·
1112 5191 1145 5258 η
1179 5188 1234 5241 δέ
1277 5190 1444 5253 αἰτία,
1482 5191 1543 5243 16
1574 5192 1790 5262 πρῶτον
1821 5189 1961 5248 εἶναι
1993 5183 2094 5248 αὐ-

518 5265 627 5347 τόν.
654 5266 789 5347 Οὐδέ
821 5268 930 5337 γὰρ
957 5267 1020 5320 ἐκ
1048 5285 1214 5331 τινος,
1257 5270 1409 5338 φησί,
1436 5271 1722 5341 προκοπῆς
1769 5273 1984 5341 πρῶτόν
2029 5295 2096 5347 με

518 5343 648 5398 ὄντα
675 5346 853 5426 όπίσω
882 5348 1043 5418 ῥίψας
1081 5347 1386 5420 ἔμπροσθεν
1413 5353 1655 5421 γέγονεν,
1687 5353 1826 5408 ἀλλὰ
1856 5343 2096 5426 Πρῶτός

510 5441 632 5491 μου
662 5421 760 5495 ἦν,
791 5429 837 5480 εἰ
865 5427 959 5480 καὶ
1000 5427 1222 5498 ὕστερος
1252 5432 1632 5501 παραγίνεται.

544 5553 546 5556 .
589 5504 700 5584 ἰίαί
729 5506 880 5584 πῶς,
917 5509 1101 5576 φησὶν,
1134 5511 1184 5561 εί
1233 5511 1360 5580 περὶ
1391 5511 1490 5580 τῆς
1530 5512 1843 5580 ἐκφάνσεως
1875 5515 1975 5584 τῆς
2013 5519 2094 5580 εἰς

516 5579 834 5663 ανθρώπους
851 5580 941 5656 ἦν,
961 5589 1052 5641 καὶ
1067 5587 1165 5657 τῆς
1189 5579 1485 5658 μελλούσης
1509 5579 1733 5658 ἕψεσθαι
1758 5592 1886 5663 παρ’
1914 5579 2094 5650 αὐτῶν

514 5658 670 5746 δόξης
735 5662 910 5746 λόγος,
934 5665 994 5746 τὸ
1018 5666 1246 5746 μηδέ-πω
1261 5667 1411 5732 τέλος
1425 5670 1644 5741 εἰληφὸς
1661 5671 1735 5736 ὡς
1755 5658 1853 5743 ἤδη
1876 5690 2095 5746 γεγενη-

517 5737 688 5821 μένον-
699 5739 844 5821 λέγει
867 5757 882 5807 ;
905 5743 966 5796 06
986 5745 1094 5817 γὰρ
1121 5742 1260 5811 εἷπε,
1287 5737 1600 5818 Famem,
1627 5737 1787 5812 am."
1808 5737 2088 5821 ῥέγόνειὲ.

516 5816 638 5897 Ὅτι
663 5817 782 5882 ἔθος
809 5821 966 5875 10610
991 5816 1100 5888 τοῖς
1131 5816 1564 5897 προφητεύουσιν
1592 5830 1796 5883 ἄνωθέν
1825 5816 1991 5889 ἐστιν,
2016 5834 2092 5897 ὡς

513 5896 643 5966 περὶ
692 5901 1075 5970 γεγενημένων
1125 5896 1394 5978 πολλαχοῦ
1445 5911 1583 5984 ,περὶ
1634 5909 1744 5962 τῶν
1789 5896 2090 5982 μελλόντων

516 6001 716 6115 ἀεέῦῗὶο
738 6003 856 6054 ὶιοτ.
879 6007 1076 6066 quid-tn
1099 6023 1216 6062 ss.
1241 6015 1296 6063 τὸ
1315 6017 1504 6077 πρῶτον
1521 6017 1748 6076 γενέσθαι.
1766 6017 1836 6088 ιιι.
1853 6018 1965 6068 Sav.
1985 6019 2090 6069 hac

2207 517 2568 586 διαλέγεσθαι.
2604 519 2661 572 ’0
2710 518 2839 586 γοῦν
2879 517 3108 580 Ἡσαΐας
3151 519 3276 590 περὶ
3311 519 3412 591 τῆς
3446 521 3659 593 σφαγῆς
3689 525 3786 577 αὐ-

2209 601 2302 656 106
2324 603 2518 672 λέγων,
2535 604 2635 656 οὐκ
2661 599 2831 665 εἷπεν,
2865 603 2953 666 Ὠς
2982 601 3250 670 πρόϐατον
3271 603 3362 656 ἐπὶ
3389 606 3601 676 σφαγὴν
3617 607 3784 679 ἀχθή-

2213 702 2382 748 σεται,
2425 689 2561 757 ὃπερ
2600 683 2667 756 ἦν
2704 686 3005 756 μέλλοντος·
3053 685 3190 749 ἀλλ’,
3223 686 3316 752 Ὠς
3358 690 3654 754 πρόϐατον
3684 689 3784 742 ἐπὶ

2206 772 2454 840 σφαγὴν
2496 771 2653 840 ἤχθη
2677 788 2689 800 ·
2725 771 2899 823 καίτοι
2944 770 3151 824 οὐδέπω
3197 771 3498 840 σαρκωθεὶς
3544 765 3634 842 ἦν,
3670 772 3785 826 ἀλλ’

2207 855 2358 926 ὅμως
2381 856 2443 909 16
2470 856 2725 925 ἐσόμενον
2758 857 2785 908 ό
2811 855 3101 925 Προφήτης
3127 853 3200 917 ὡς
3228 855 3589 925 γεγενημένον
3613 857 3781 926 λέγει.

2207 940 2317 992 Καὶ
2348 943 2376 993 6
2400 939 2564 994 Δαυῒδ
2587 940 2676 992 τὸν
2699 939 2925 1008 σταυρὸν
2951 937 3148 1008 δηλῶν,
3171 940 3270 992 οὐκ
3295 935 3464 1004 εἶπεν,
3501 939 3783 1012 Ὀρύξδυσι

2207 1025 2395 1096 χεῖράς
2445 1042 2545 1094 μου
2593 1025 2686 1078 καὶ
2731 1024 2916 1087 πόδας·
2953 1024 3090 1086 ἀλλ’,
3125 1024 3384 1092 Ὠρυξαν
3437 1025 3638 1093 χεῖράς
3664 1044 3784 1095 μου

2206 1111 2305 1163 καί
2345 1109 2554 1174 πόδας·
2589 1109 2703 1170 καὶ,
2727 1109 3140 1177 Διεμερίσαντο
3173 1109 3245 1162 τὰ
3270 1108 3472 1178 ἱμάτιά
3501 1125 3640 1178 μου,
3685 1110 3784 1162 καὶ

2206 1193 2304 1246 ἐπὶ
2346 1195 2452 1247 τὸν
2492 1194 2809 1262 ίματισμόν
2829 1211 2950 1262 μου
2975 1193 3199 1246 ἔϐαλον
3223 1192 3473 1261 κλῆρον.
3511 1193 3622 1248 Καὶ
3655 1193 3790 1264 περὶ

2205 1278 2300 1331 τοῦ
2337 1278 2599 1349 προδότου
2632 1277 3010 1347 διαλεγόμενος
3039 1278 3130 1332 τοῦ
3163 1278 3387 1348 μηδέπω
3414 1277 3784 1346 γεννηθέντος,

2206 1360 2348 1414 οὕτω
2377 1360 2494 1424 πώς
2520 1375 2704 1429 φησιν·
2737 1362 2789 1413 Ὁ
2831 1361 3050 1416 ἐσθίων
3076 1360 3293 1430 ἄρτους
3327 1377 3467 1430 μου,
3496 1359 3787 1429 ἐμεγάλυ-

2205 1461 2313 1498 νεν
2343 1443 2369 1482 b
2401 1445 2492 1497 ἐπ’
2520 1444 2626 1513 ἐμὲ
2671 1445 3053 1513 πτερνισμόν.
3091 1444 3323 1512 ὀμοίως
3374 1443 3469 1496 καὶ
3516 1443 3646 1514 περὶ
3677 1443 3786 1495 τῶν

2206 1530 2264 1581 ἐν
2313 1527 2390 1598 τῷ
2443 1527 2661 1600 σταυρῷ
2703 1528 3008 1598 γενομένων
3050 1527 3216 1594 λέγει·
3266 1526 3538 1580 Ἐδωκαν
3579 1529 3668 1593 εἰς
3717 1526 3786 1579 τὸ

2200 1609 2414 1681 ,ϐρῶμὰ
2444 1629 2563 1680 μου
2599 1611 2817 1680 χολὴν,
2843 1610 2944 1664 καί
2973 1612 3059 1674 είς
3088 1609 3201 1678 τὴν
3229 1609 3418 1678 δίψαν
3446 1627 3566 1681 μου
3592 1610 3789 1663 ἐπότι-

2205 1696 2328 1750 σάν
2350 1712 2427 1764 με
2456 1695 2616 1760 ὅξος.

2276 1779 2338 1833 δ’.
2365 1777 2630 1832 Βούλεσθε
2661 1777 2758 1832 καὶ
2795 1777 2855 1831 16
2871 1777 2999 1846 ἑξῆς
3015 1777 3408 1848 ἐπαγάγωμεν,
3430 1778 3464 1850 ἢ
3499 1779 3594 1830 καὶ
3612 1779 3791 1832 ταῦτα

2206 1863 2420 1932 ἀπόχρη
2447 1879 2462 1928 ;
2496 1861 2714 1930 Ἔγωγε
2751 1855 2924 1930 οἶμαι.
2950 1861 3013 1914 Εἰ
3041 1862 3149 1932 γὰρ
3175 1863 3267 1914 καὶ
3299 1861 3374 1933 μὴ
3404 1861 3542 1914 κατὰ
3584 1861 3788 1924 πλάτος

2205 1945 2546 2017 διωρύξαμεν
2591 1946 2653 1998 16
2707 1945 2926 2017 χωρίον,
2964 1946 3112 2016 ὅμως
3153 1947 3205 2014 γ’
3238 1942 3331 2000 οὖν
3375 1946 3518 2000 κατὰ
3555 1958 3577 1986 ο
3623 1946 3788 2017 βάθος

2204 2029 2599 2100 διεσκάψαμεν·
2633 2030 2733 2082 οὐκ
2765 2029 3024 2082 ἐλάττονα
3051 2029 3107 2083 δέ
3140 2030 3236 2083 καὶ
3272 2030 3430 2085 τοῦτο
3458 2030 3665 2084 ἐκείνου
3687 2031 3789 2085 πό-

2203 2129 2294 2166 νον
2323 2112 2456 2183 ἐχει·
2485 2113 2580 2165 καὶ¹
2605 2111 2923 2182 δεδοίκαμεν
2946 2113 3020 2182 μὴ
3043 2112 3458 2176 κατατείναντες
3485 2113 3630 2184 ὑμᾶς
3653 2111 3790 2184 ἀμέ-

2201 2215 2366 2268 τρως,
2394 2197 2710 2267 ποιήσωμεν
2754 2197 3067 2250 ἀναπεσεῖν.
3097 2197 3189 2250 Διὸ
3219 2197 3370 2261 τέλος
3399 2197 3676 2268 ἐπιθῶμεν
3705 2195 3787 2266 τῷ

2203 2280 2348 2350 λόγῳ
2369 2279 2431 2333 16
2459 2279 2755 2352 προσῆκον.
2785 2281 2943 2333 Ποῖον
2984 2279 3041 2333 δέ
3085 2279 3202 2334 ἐστι
3241 2279 3302 2333 16
3335 2280 3647 2351 προσῆκονς
3689 2287 3788 2335 Ao-

2205 2363 2420 2432 ξολογία
2449 2365 2482 2434 ὴ
2516 2363 2802 2434 πρέπουσα
2850 2362 2930 2434 τῷ
2983 2362 3122 2434 Θεῷ·
3167 2363 3366 2435 πρέπει
3404 2363 3464 2417 δέ
3507 2364 3664 2436 οὐχή
3698 2363 3788 2419 διὰ

2201 2447 2310 2500 τῶν
2341 2447 2603 2518 ῥημάτων
2650 2447 2830 2516 μόνον,
2863 2445 2999 2500 ἀλλὰ
3032 2445 3212 2516 πολλῷ
3250 2445 3448 2516 μᾶλλον
3489 2447 3523 2518 ἡ
3560 2449 3650 2502 διὰ
3677 2448 3786 2502 τῶν

2202 2530 2563 2600 πραγμάτων.
2611 2529 2912 2598 Λαμψὰτω
2955 2529 3064 2600 γὰρ
3115 2527 3284 2598 ὑμῶν
3310 2527 3378 2582 τό
3419 2528 3566 2599 φῶς,
3595 2531 3781 2602 φησὶν,

2201 2615 2543 2684 ἔμπροσθεν
2579 2611 2697 2667 τῶν
2741 2611 3086 2682 ἀνθρώπων,
3124 2616 3225 2671 ἵνα
3253 2613 3463 2668 ἴδωσιν
3495 2615 3665 2685 ὑμῶν
3710 2617 3788 2670 τὰ

2204 2697 2362 2752 καλὰ
2398 2697 2562 2767 ἔργα,
2587 2696 2686 2750 καί
2724 2695 3033 2760 δοξάσωσι
3074 2697 3180 2750 τὸν
3208 2697 3442 2766 Πατέρα
3474 2697 3641 2768 ὑμῶν
3675 2701 3786 2752 τὸν

2201 2781 2273 2834 ἐν
2309 2779 2434 2846 τοῖς
2465 2781 2767 2848 οὐρανοῖς.
2807 2782 2916 2833 Καὶ
2946 2781 3055 2850 γὰρ
3089 2781 3242 2835 οὐδὲν
3271 2783 3656 2855 φωτεινότερον
3681 2783 3785 2853 τῆς

2201 2864 2432 2934 ἀρίστης
2476 2864 2772 2932 πολιτείας,
2819 2865 3088 2936 ἀγαπητέ.
3134 2865 3304 2919 Τοῦτο
3350 2867 3526 2937 δηλῶν
3558 2867 3650 2921 καί
3700 2868 3785 2931 τίς

2202 2963 2334 3018 φησι
2367 2946 2475 3000 τῶν
2505 2947 2704 3016 σοφῶν·
2754 2951 2822 3002 Αἱ
2855 2947 2922 3000 δὲ
2961 2947 3088 3002 ὀδοί
3127 2947 3246 3001 τῶν
3288 2949 3533 3003 δικαίων
3569 2952 3785 3019 ὁμοίως

2201 3029 2349 3099 φωτί
2380 3029 2710 3098 λάμπουσι.
2741 3030 3029 3100 Λάμπουσι
3058 3030 3113 3083 δὲ
3146 3032 3245 3085 οὐκ
3274 3033 3458 3096 αὐτοῖς
3487 3034 3645 3102 μόνον
3670 3037 3784 3098 τοῖς

2199 3115 2261 3167 τὸ
2295 3113 2411 3183 φῶς
2439 3114 2736 3167 ἀνάπτουσι
2767 3113 2854 3166 διὰ
2878 3113 2984 3166 τῶν
3013 3114 3210 3182 ἔργων,
3234 3115 3328 3169 καὶ
3360 3117 3611 3185 ὁδηγοῦσι
3647 3117 3784 3187 πρὸς

2200 3198 2300 3266 τὴν
2329 3199 2495 3270 ὀρθὴν
2517 3199 2655 3264 ὁδὸν,
2685 3197 2820 3251 ἀλλὰ
2850 3200 2943 3251 καὶ
2967 3201 3076 3260 τοῖς
3097 3199 3324 3270 πλησίον
3353 3196 3503 3253 οὖσιν
3532 3199 3778 3254 ἐκείνων.

2214 3283 2528 3353 Ἐκχέωμεν
2560 3281 2588 3321 d
2618 3281 2796 3334 τοίνυν
2822 3281 2883 3334 τὸ
2907 3282 3084 3334 ἔλαιον
3115 3287 3236 3347 ταῖς
3258 3284 3508 3355 λαμπάσι
3533 3284 3782 3350 ταύταις,

2201 3366 2342 3420 ὥστε
2377 3366 2777 3438 μετεωρότερον
2807 3367 3059 3435 γενέσθαι
3091 3369 3152 3420 16
3185 3368 3318 3439 πῦρ,
3353 3369 3493 3423 ὥστε
3527 3371 3784 3426 πλούσιον

2203 3451 2438 3520 φανῆναι
2463 3450 2526 3502 16
2559 3450 2694 3518 φῶς.
2720 3449 2794 3503 T6
2820 3450 2926 3521 γὰρ
2975 3450 3150 3505 ἔλαιον
3175 3451 3334 3506 τοῦτο
3379 3453 3440 3506 οὐ
3482 3453 3577 3506 νῦν
3620 3455 3782 3522 μόνον

2202 3536 2402 3606 πολλὴν
2427 3535 2539 3604 ἔχει
2569 3535 2669 3605 τὴν
2697 3535 2866 3605 ἰσχύν·
2898 3535 3011 3588 ἀλλ’
3037 3536 3125 3588 ὅτε
3153 3537 3246 3590 καὶ
3279 3538 3333 3589 αἱ
3355 3536 3534 3590 θυσίαι
3562 3537 3778 3609 ἤνθουν,

2201 3619 2640 3690 παρευδοκίμησε
2668 3619 2845 3690 πολλῴ
2861 3619 2938 3689 τῷ
2958 3620 3143 3689 τρόπῳ
3165 3620 3264 3691 τὴν
3285 3621 3506 3674 ἐκείνων
3527 3621 3779 3691 δύναμιν·

2205 3709 2425 3758 Ἔλεον
2449 3703 2580 3775 γὰρ,
2612 3702 2766 3772 φησὶ,
2801 3701 2951 3756 θέλω
2980 3704 3078 3756 καὶ
3125 3706 3196 3758 οὐ
3230 3705 3469 3760 θυσίαν·
3506 3707 3600 3758 καὶ
3633 3705 3781 3776 μάλα

2201 3789 2444 3850 εἰκότως.
2482 3789 2684 3840 Ἐκεῖνο
2735 3788 2831 3857 μὲν
2881 3787 2985 3860 γὰρ
3033 3787 3236 3859 ἄψυχον
3274 3789 3334 3841 τὸ
3369 3789 3776 3860 θυσιαστήριον,

2199 3874 2358 3928 10610
2387 3871 2443 3924 δὲ
2488 3870 2728 3940 ἔμψυχον
2751 3887 2766 3902 ·
2816 3873 2977 3925 κάκεῖ
3025 3874 3122 3944 μὲν
3153 3874 3213 3926 16
3257 3875 3602 3944 ἐπικείμενον
3632 3875 3780 3929 ἅπαν

2199 3956 2293 4010 τοῦ
2322 3954 2491 4023 πυρὸς
2512 3953 2722 4021 γίνεται
2745 3954 2979 4022 δαπάνη.
3005 3957 3099 4008 καὶ
3130 3957 3356 4026 τελευτᾷ
3384 3959 3462 4020 είς
3493 3959 3659 4019 κόνιν,
3685 3961 3780 4011 καὶ

2199 4041 2467 4110 διαχεῖται
2501 4039 2581 4100 είς
2630 4038 2856 4109 τέφραν,
2903 4040 2996 4092 καὶ
3041 4041 3122 4103 εἰς
3171 4041 3268 4111 τὴν
3297 4041 3390 4095 τοῦ
3414 4041 3528 4114 [77]
3560 4043 3720 4114 ἀέρος
3748 4045 3780 4097 6

2202 4123 2405 4186 καπνὸς
2433 4121 2722 4194 ἀναλύεται
2757 4123 2938 4191 φύσιν·
2976 4125 3208 4178 ἐνταῦθα
3235 4127 3292 4179 δὲ
3319 4127 3469 4180 οὐδὲν
3502 4127 3776 4182 τοιοῦτον·

2200 4207 2315 4261 ἀλλ’
2347 4207 2563 4278 ἐτέρους
2591 4207 2746 4275 φέρει
2785 4207 2908 4270 τοὺς
2950 4207 3212 4279 καρπούς.
3236 4211 3344 4262 Καὶ
3368 4209 3540 4263 ταῦτα
3569 4214 3597 4266 6
3632 4211 3780 4265 Ι.Ιαῦ-

2200 4292 2288 4355 λος
2311 4291 2545 4362 ἐδήλωσε
2575 4291 2747 4358 λέγων
2780 4290 2898 4360 (τῆς
2917 4289 3024 4361 γὰρ
3055 4291 3421 4362 φιλοπτωχίας
3447 4294 3558 4348 τῶν
3588 4297 3780 4365 Κοριν-

2200 4376 2329 4428 θίων
2373 4377 2499 4438 τοὺς
2541 4374 2847 4445 θησαυροὺς
2887 4374 3262 4446 διηγούμενος,
3287 4377 3462 4442 οὕτως
3488 4379 3774 4453 ἐγραφεν)·

2201 4461 2320 4512 ’Ὁτι
2349 4460 2387 4527 ἠ
2423 4458 2695 4514 διακονία
2748 4457 2859 4526 τῆς
2903 4462 3278 4528 λειτουργίας
3315 4463 3536 4529 ταύτης
3563 4465 3634 4517 οὐ
3667 4465 3778 4532 μό-

2197 4560 2309 4595 νον
2332 4541 2463 4595 ἐστί
2509 4541 3108 4609 προσαναπληροῦσα
3138 4542 3211 4594 τὰ
3248 4546 3630 4612 ὑστερήματα
3657 4545 3778 4598 τῶν

2198 4626 2401 4694 ἁγίων,
2434 4625 2595 4678 ἀλλὰ
2645 4624 2741 4678 καί
2773 4627 3225 4693 περισσεύουσα
3255 4627 3353 4681 διὰ
3402 4629 3650 4682 πολλῶν
3671 4633 3776 4682 εὐ-

2199 4710 2522 4780 χαριστιῶν
2553 4708 2632 4774 τῷ
2687 4709 2845 4775 Θεῷ·
2896 4712 2990 4764 καὶ
3043 4713 3224 4775 πάλιν,
3273 4713 3631 4781 Δοξάζοντες
3667 4717 3776 4769 τόν

2202 4795 2350 4848 Θεὸν
2389 4793 2488 4847 ἐπὶ
2528 4792 2602 4862 τῇ
2654 4793 2926 4863 ὑποταγῇ
2967 4793 3080 4863 τῆς
3115 4799 3437 4864 ὁμολογίας
3482 4799 3649 4868 ὑμῶν
3685 4804 3775 4866 είς

2199 4877 2264 4931 τὸ
2294 4876 2680 4946 Εὐαγγέλιον,
2727 4877 2824 4929 καί
2853 4878 3141 4945 ἁπλότητι
3174 4877 3284 4946 τῆς
3313 4885 3625 4949 κοινωνίας
3662 4883 3775 4949 τῆς

2199 4965 2284 5026 εις
2321 4960 2542 5025 αὐτοὺς
2584 4959 2682 5013 καὶ
2727 4963 2816 5026 εὶς
2853 4960 3102 5028 πάντας,
3144 4964 3241 5017 καί
3280 4963 3358 5032 τῇ
3395 4965 3592 5019 αὐτῶν
3631 4966 3773 5035 δεή-

2198 5063 2295 5099 σει
2337 5043 2490 5110 ὑπὲρ
2544 5043 2712 5111 ὑμῶν
2753 5045 3196 5098 ἐπιποθούντων
3248 5046 3423 5116 ὑμᾶς.
3480 5051 3642 5120 Ὁρᾷς
3691 5053 3776 5115 είς

2199 5127 2546 5198 εὐχαριστίαν
2579 5125 2947 5195 ἁναλυομένην
2969 5129 3158 5200 αὐτὴν,
3190 5132 3284 5182 καί
3311 5127 3460 5184 αἶνον
3489 5132 3582 5186 106
3609 5135 3770 5194 Θεοῦ.

2197 5213 2293 5265 καὶ
2343 5212 2583 5279 συνεχεῖς
2631 5209 2798 5279 εὐχὰς
2845 5210 2952 5262 τῶν
2989 5207 3047 5263 εὗ
3095 5213 3396 5278 παθόντων,
3435 5217 3529 5270 καὶ
3569 5216 3775 5289 θερμο-

2197 5295 2361 5366 τέραν
2425 5293 2680 5362 ἀγάπην;
2751 5291 2978 5362 Θύωμεν
3029 5296 3227 5360 τοίνυν,
3280 5298 3570 5368 ἀγαπητοὶ,
3626 5302 3776 5356 θύω-

2201 5395 2298 5448 μεν
2326 5378 2406 5440 εἰς
2434 5375 2605 5429 ταῦτα
2637 5375 2704 5427 τὰ
2740 5375 3094 5448 θυσιαστήρια
3124 5379 3244 5431 καθ’
3267 5381 3502 5450 ἑκάστην
3532 5385 3770 5455 ἡμέραν.

2194 5459 2342 5532 Αὕτη
2370 5459 2480 5530 γὰρ
2509 5461 2600 5512 καὶ
2629 5459 2792 5529 εὐχῆς
2817 5459 2912 5512 καὶ
2933 5461 3184 5529 νηστείας
3213 5465 3307 5516 καὶ
3329 5463 3536 5518 πολλῶν
3565 5467 3771 5538 ἐτέρων

2195 5544 2310 5596 ἐστί
2355 5541 2554 5614 μείζων
2599 5543 2632 5612 ἡ
2677 5542 2871 5596 θυσία·
2911 5543 3068 5613 μόνον
3103 5543 3168 5597 ἂν
3201 5545 3264 5598 ἐκ
3293 5546 3498 5601 δικαίου
3543 5549 3769 5620 κέρδους

2195 5629 2288 5681 καὶ
2320 5627 2495 5681 πόνων
2525 5625 2798 5687 τοιούτων,
2827 5626 2919 5678 καὶ
2954 5623 3186 5701 πάσηςῇ
3215 5629 3430 5701 καθαρὰ
3458 5632 3772 5698 πλεονεξίας

2195 5710 2287 5763 καὶ
2311 5708 2564 5780 ἁρπαγῆς
2586 5707 2679 5761 καὶ
2704 5707 2843 5777 βίας.
2868 5707 3132 5771 Τοιαύτας
3162 5710 3270 5781 γὰρ
3298 5714 3578 5783 προσίεται
3601 5731 3770 5787 προσ.

2194 5793 2365 5863 φορὰς
2412 5795 2441 5846 6
2485 5791 2616 5855 Θεὸς
2641 5801 2686 5857 ε,
2719 5791 2817 5854 τὰς
2855 5792 3046 5864 ἐτέρας
3087 5795 3181 5847 καὶ
3219 5795 3620 5867 ἀποστρέφεται
3672 5800 3770 5853 καὶ

2255 5897 2401 5972 ξεζο
2431 5895 2574 5972 ῌοτη
2617 5894 2731 5972 '8“:
3007 5897 3338 5972 Ιῂὶἀ.›όμοίως
3381 5902 3525 5972 ἀεθει
3561 5905 3765 5972 in_Sa_v.

2193 5963 2218 5989 ε
2257 5959 2368 6026 Say_.
2409 5959 2464 6005 16
2508 5957 2684 6026 χωρίον
2709 5969 2724 5982 ⁶
2767 5957 2889 6026 ἀλλρ
2929 5960 3081 6026 ιιιεινιῇ.Δ
3130 5957 3285 6026 {Iulii
3317 5963 3568 6026 ἐγχίωμιν.
3613 5966 3770 6014 Paulo

2193 6027 2300 6130 ιποὲ
2321 6019 2440 6093 μον.
2467 6019 2827 6082 μετεωρότερον.
2854 6020 3003 6072 δενίι.
3029 6023 3333 6086 ὑψηλότερον.
3351 6019 3427 6055 ηε
3465 6019 3584 6076 hor.
3623 6031 3768 6090 μόνον

2190 6099 2216 6129 ο
2302 6099 2391 6137 εος.
