4074 6374
249 345 320 403 89
1308 351 1373 408 lN
1409 351 1718 408 JOANNEM
1760 350 1987 407 unum.
2022 355 2158 412 χιιι.
2193 360 2261 413 al.
2305 359 2420 418 xu.
2824 306 2828 313 ⁴
3014 392 3017 395 ν
3440 382 3513 433 νο

319 468 371 521 5.
400 468 471 523 Ut
500 479 630 536 ergo
667 464 775 519 dixi
798 505 814 526 ,
858 464 900 519 si
944 464 1058 517 hac
1083 465 1242 520 verba
1276 467 1433 519 simul
1472 467 1747 521 audissent
1773 474 1827 521 et

246 559 419 626 ipsum
445 558 721 618 vidissent,
743 556 960 611 Joannis
983 557 1339 611 testimonium
1366 559 1671 613 irrisissent.
1690 560 1823 613 Cum

245 663 374 701 vero
402 657 526 702 ante
554 648 751 701 Christi
781 647 1065 701 adventum
1097 647 1148 701 id
1176 664 1318 717 saepe
1346 648 1651 715 audissent,
1681 660 1734 705 et
1760 667 1824 706 ex

244 741 400 794 dictis
429 740 644 794 videndi
687 740 934 809 cupidine
976 740 1223 793 concitati
1254 750 1464 803 essent,
1497 743 1824 795 contrarium

243 832 475 885 accidit:
500 847 672 901 neque
702 821 817 884 viso
848 830 1035 904 illo-de
1064 845 1168 900 quo
1199 831 1556 886 testimonium
1588 833 1824 901 perhibi-

246 934 353 976 tum
388 923 596 984 fuerat,
641 922 755 991 ejus
791 922 1087 975 doctrinam
1116 921 1455 989 abjecerunt,
1504 923 1598 977 sed
1627 940 1689 978 ex
1723 925 1825 980 ﬁde

242 1030 399 1083 quam
440 1030 507 1068 ex
537 1014 692 1068 dictis
722 1024 1077 1083 conceperant
1102 1055 1114 1077 ,
1165 1013 1334 1082 ipsum
1363 1015 1638 1069 clariorem
1669 1024 1819 1084 puta-

243 1116 386 1161 runt.
420 1107 556 1161 illud
586 1117 784 1172 autem,
820 1107 920 1171 Qui
948 1116 1055 1175 post
1085 1123 1163 1160 me
1187 1118 1425 1161 venturus
1456 1119 1545 1171 est,
1577 1108 1676 1162 hoc
1703 1118 1819 1173 est,

244 1200 664 1270 praedicaturus,
720 1214 857 1261 non,
911 1199 1135 1252 futurus.
1193 1198 1306 1253 Hoc
1351 1200 1490 1253 enim
1547 1200 1822 1255 Matthmus

242 1305 451 1360 quoque
480 1289 745 1359 signiﬁcat
787 1305 908 1343 cum
938 1289 1041 1352 ait,
1075 1288 1199 1343 Post
1228 1305 1307 1343 me
1330 1292 1460 1344 venit
1486 1292 1594 1357 vir;
1624 1308 1727 1345 non
1755 1292 1823 1347 de

240 1387 351 1449 ejus
377 1398 443 1435 ex
467 1381 629 1435 Maria
654 1383 997 1450 generatione
1024 1382 1264 1451 loquens,
1295 1382 1386 1436 sed
1410 1381 1477 1436 de
1502 1382 1730 1436 adventu
1754 1383 1822 1437 ad

242 1472 662 1542 prmdicandum.
693 1472 822 1525 Nam
849 1472 893 1525 si
921 1472 987 1526 de
1015 1474 1357 1542 generatione
1384 1474 1630 1543 loquutus
1656 1484 1818 1542 esset,

240 1580 340 1618 non
362 1564 587 1618 dixisset
608 1564 677 1617 de
699 1563 967 1632 praesenti,
1001 1564 1091 1617 sed
1118 1564 1185 1618 de
1213 1567 1483 1633 prseterito
1507 1582 1520 1625 :
1542 1565 1649 1635 jam
1677 1569 1818 1621 enim

240 1667 392 1713 natus
423 1668 543 1711 erat
571 1658 814 1712 Christus
837 1699 852 1723 ,
887 1673 1006 1712 cum
1036 1658 1152 1714 hare
1180 1658 1411 1714 Joannes
1436 1661 1653 1715 diceret.
1683 1661 1818 1728 Quid

236 1760 410 1805 autem
457 1751 725 1819 signiﬁcat
773 1750 932 1816 illud,
982 1750 1112 1804 Ante
1156 1767 1234 1804 me
1271 1751 1436 1820 {actus
1482 1752 1821 1808 est?Clarior

236 1855 432 1910 nempe
478 1855 542 1893 ac
585 1839 931 1909 splendidior.
975 1839 1105 1893 Nam
1153 1842 1293 1910 quod
1338 1843 1484 1909 prior
1526 1842 1820 1911 praedicans

234 1935 473 1987 venerim
495 1948 617 2003 ego,
646 1948 715 1987 ne
742 1948 828 1986 me
851 1932 969 1986 ideo
992 1933 1245 2001 majorem
1268 1948 1388 1999 esse
1411 1936 1638 2003 putetis:
1664 1934 1819 2004 longe

233 2026 409 2079 minor
436 2041 539 2094 ego
567 2039 686 2079 sum
707 2066 722 2091 ,
752 2034 806 2079 et
832 2039 1000 2095 usque
1031 2025 1166 2078 adeo
1194 2027 1369 2080 minor
1387 2069 1400 2091 ,
1431 2037 1488 2081 ut
1514 2043 1581 2081 ne
1602 2029 1818 2098 quidem

233 2119 372 2172 illius
403 2133 596 2172 servus
632 2117 842 2172 censeri
886 2118 1077 2187 dignus
1120 2119 1240 2173 sim.
1284 2119 1340 2173 Id
1372 2121 1526 2175 enim
1557 2122 1818 2189 signiﬁcat

233 2211 355 2264 illud
379 2252 393 2269 .
430 2214 562 2265 Ante
590 2226 669 2262 me
707 2211 871 2279 [actus
910 2218 981 2262 est
1011 2226 1029 2265 :
1060 2210 1199 2278 quod
1237 2210 1342 2265 alio
1384 2210 1617 2266 declarat
1658 2213 1817 2268 modo

232 2300 518 2355 Matthants
549 2300 632 2353 his
657 2299 836 2353 verbis
860 2339 876 2363 ,
928 2298 1049 2353 Non
1086 2317 1195 2353 sum
1224 2301 1409 2371 dignus
1435 2303 1626 2357 solvere
1654 2306 1816 2358 corri-

232 2395 363 2463 giam
390 2392 723 2447 ealceamenti
752 2393 880 2463 ejus.
912 2392 1064 2458 Quod
1093 2409 1222 2448 vero
1264 2394 1412 2461 illud,
1463 2397 1590 2450 Ante
1618 2413 1698 2451 me
1737 2400 1817 2469 [a-

230 2496 333 2539 ctus
356 2494 450 2547 est,
482 2499 590 2537 non
621 2484 942 2553 intelligatur
962 2484 1027 2538 de
1048 2484 1245 2539 Christi
1272 2494 1409 2549 ortu,
1444 2502 1506 2541 cx
1537 2487 1635 2543 hoc
1661 2488 1814 2543 addi-

233 2584 467 2629 tamento
493 2584 659 2644 patet.
694 2574 827 2628 Nam
847 2576 891 2629 si
913 2575 963 2629 id
986 2575 1164 2629 dicere
1185 2577 1456 2637 voluisset,
1488 2580 1813 2648 superﬂuum

233 2666 416 2720 fuisset
440 2667 492 2720 id
517 2667 657 2736 quod
686 2665 916 2731 additur,
944 2665 1077 2730 Quia
1102 2668 1240 2736 prior
1264 2685 1342 2721 me
1362 2679 1485 2723 erat.
1520 2670 1648 2737 Quis
1671 2674 1810 2726 enim

232 2758 296 2812 ita
312 2759 512 2814 stultus
536 2767 588 2812 et
611 2759 869 2827 insipiens
889 2766 970 2812 est
996 2767 1052 2811 ut
1078 2759 1307 2828 ignoret,
1340 2776 1460 2813 eum
1490 2762 1575 2831 qui
1607 2772 1727 2818 ante
1755 2779 1813 2819 se

232 2851 395 2906 factus
428 2850 586 2905 fuerit
615 2866 673 2905 se
701 2851 929 2920 priorem
962 2853 1124 2906 esse?
1161 2852 1311 2919 Quod
1335 2854 1379 2907 si
1409 2854 1458 2908 id
1487 2854 1553 2909 de
1584 2856 1669 2910 illa
1697 2874 1813 2925 qua:

230 2957 347 2998 ante
376 2943 580 2997 saecula
606 2952 689 2997 est
712 2943 1018 2998 exsistentia
1047 2944 1389 3015 intelligatur,
1422 2946 1551 3002 nihil
1573 2948 1714 3003 aliud
1736 2951 1811 3004 si-

230 3035 445 3104 gniﬁcat
469 3034 671 3088 dictum
699 3032 847 3098 illud,
879 3034 977 3087 nisi
1010 3033 1131 3099 hoc,
1158 3034 1257 3099 Qui
1284 3047 1394 3105 post
1417 3053 1496 3091 me
1519 3040 1670 3106 venit,
1697 3052 1815 3095 ante

230 3142 303 3181 me
322 3129 490 3197 factus
510 3134 605 3180 est.
626 3126 877 3195 Alioquin
894 3135 1069 3181 autem
1090 3125 1190 3181 hoc
1206 3127 1596 3185 inconsiderate
1615 3130 1814 3187 dictum

232 3228 407 3285 esset,
457 3227 518 3273 et
557 3232 717 3272 causa
748 3226 950 3273 temere
977 3222 1210 3288 projecta
1239 3220 1444 3275 fuisset.
1477 3221 1606 3277 Nam
1638 3224 1680 3277 si
1712 3224 1814 3279 hoc

231 3309 535 3380 signiﬁcare
559 3309 850 3375 voluisset,
894 3310 1161 3364 contrario
1193 3310 1351 3364 modo
1377 3325 1465 3365 res
1488 3314 1813 3369 enuntianda

231 3412 359 3465 erat,
387 3402 491 3469 Qui
522 3410 643 3470 post
676 3416 762 3456 me
787 3402 951 3466 venit,
985 3402 1131 3471 prior
1151 3417 1238 3456 me
1259 3411 1394 3469 erat,
1427 3404 1549 3472 quia
1575 3412 1699 3459 ante
1728 3421 1812 3461 me

231 3494 393 3548 factus
413 3504 519 3547 est.
541 3492 674 3546 Nam
697 3492 835 3562 quod
858 3491 1070 3561 quidam
1099 3492 1243 3561 prior
1268 3493 1359 3560 sit,
1388 3493 1508 3561 jure
1535 3495 1653 3565 quis
1677 3495 1813 3552 hanc

231 3600 442 3640 causam
488 3583 733 3649 dederit,
780 3583 923 3653 quod
969 3584 1113 3652 prior
1146 3583 1316 3639 factus
1345 3585 1413 3638 sit
1434 3585 1489 3647 ίι
1513 3586 1653 3656 quod
1683 3602 1812 3643 vero

234 3680 377 3749 prior
418 3678 592 3733 factus
622 3678 729 3739 sit,
761 3691 868 3731 non
899 3676 949 3731 id
989 3677 1039 3730 in
1070 3692 1230 3731 causa
1272 3687 1351 3733 est
1381 3679 1519 3749 quod
1547 3680 1615 3734 sit
1644 3682 1809 3749 prior.

232 3770 377 3837 Quod
404 3785 538 3825 vero
565 3784 664 3824 nos
701 3769 925 3823 dicimus
946 3812 960 3834 ,
994 3769 1144 3823 ﬁrma
1185 3771 1390 3824 ratione
1420 3773 1623 3827 nititur.
1650 3772 1811 3829 Scitis

232 3866 422 3935 quippe
445 3879 658 3929 omnes,
701 3877 808 3918 non
848 3861 1284 3925 manifestorum,
1324 3864 1418 3919 sed
1462 3864 1809 3921 obscurorum

232 3968 442 4008 causam
472 3968 594 4009 esse
623 3968 837 4021 semper
861 3951 1210 4007 aﬁerendam.
1235 3953 1386 4021 Quod
1411 3955 1456 4008 si
1484 3954 1551 4009 de
1578 3957 1809 4011 essentia

232 4061 405 4100 sermo
429 4056 595 4111 esset,
627 4062 735 4100 non
766 4054 909 4100 esset
940 4046 1249 4110 obscurum,
1292 4061 1411 4099 eum
1443 4048 1530 4114 qui
1560 4047 1705 4115 prior
1734 4048 1813 4101 fa-

233 4146 345 4192 ctus
363 4138 454 4198 sit,
474 4137 708 4207 priorem
734 4151 851 4191 esse
871 4134 1155 4207 oportere;
1182 4136 1304 4205 quia
1326 4147 1502 4191 autem
1524 4138 1591 4192 de
1610 4138 1813 4194 honore

233 4230 463 4291 disserit,
492 4229 615 4297 jure
639 4244 757 4283 eam
784 4244 904 4298 qua:
932 4228 1212 4283 videbatur
1243 4227 1420 4282 inesse
1446 4228 1809 4283 difﬁcultatem

235 4320 405 4374 solvit.
433 4319 566 4373 Nam
595 4319 886 4374 verisimile
907 4329 1006 4381 est,
1042 4318 1237 4371 multos
1268 4319 1317 4371 in
1347 4317 1565 4372 dubium
1593 4330 1812 4374 vocatu-

237 4426 318 4467 ros
347 4427 490 4479 esse,
519 4427 616 4466 cur
639 4421 693 4465 et
713 4428 813 4480 qua
837 4412 902 4465 de
922 4425 1081 4465 causa
1113 4411 1159 4465 is
1183 4410 1272 4479 qui
1296 4412 1557 4479 posterior
1576 4412 1807 4477 advenit,

238 4505 378 4571 prior
416 4505 515 4570 sit;
562 4503 617 4557 id
644 4513 725 4557 est
747 4545 762 4569 ,
809 4502 1176 4556 bonorabilior
1204 4502 1351 4557 visus
1377 4502 1466 4557 sit.
1495 4503 1661 4573 Hujus
1686 4519 1813 4573 ergo

238 4598 541 4667 qumstionis
569 4597 748 4651 statim
780 4610 996 4651 causam
1042 4604 1096 4650 et
1126 4595 1442 4651 solutionem
1474 4596 1646 4660 aﬁ‘ert,
1681 4598 1814 4663 Quia

239 4691 369 4758 prior
396 4705 475 4743 me
500 4699 631 4743 erat.
659 4688 842 4757 Neque
884 4688 1024 4742 enim
1048 4728 1064 4752 ,
1095 4688 1284 4757 inquit,
1315 4687 1542 4758 quodam
1575 4689 1812 4757 profectu

238 4793 437 4845 auctus,
466 4796 556 4836 me
580 4782 759 4851 priore
781 4792 1072 4837 retrorsum
1095 4780 1326 4849 abjecto,
1346 4781 1490 4850 prior
1514 4781 1628 4848 ipse
1649 4781 1815 4835 factus

238 4887 342 4939 est;
377 4880 473 4929 sed
506 4872 663 4927 Prior
689 4888 768 4926 me
789 4882 917 4939 erat,
948 4872 1048 4927 etsi
1082 4870 1347 4941 posterior
1372 4870 1640 4926 adveniat.

303 4963 580 5033 Propheta:
620 4964 794 5031 futura
831 4972 884 5017 ut
914 4964 1028 5033 jam
1059 4962 1194 5030 facta
1222 4976 1356 5031 sirpe
1383 4962 1634 5016 nuntiant.
1655 4960 1817 5017 —Et

239 5055 535 5123 quomodo,
590 5055 833 5124 inquies,
880 5054 926 5107 si
976 5052 1043 5107 de
1079 5053 1369 5121 conspicuo
1406 5051 1523 5123 ejus
1551 5052 1810 5119 adventu,

240 5148 403 5218 deque
444 5149 614 5219 gloria
657 5148 832 5216 ipsum
877 5154 1166 5215 exceptura
1215 5158 1391 5199 sermo
1426 5153 1529 5210 est,
1580 5145 1629 5198 id
1674 5145 1813 5214 quod

244 5239 467 5292 nondum
506 5237 666 5292 ﬁnem
699 5247 982 5306 acceperat
1027 5245 1084 5290 ut
1123 5239 1231 5307 jam
1276 5238 1469 5291 factum
1518 5237 1679 5291 dicit?
1711 5253 1813 5291 non

244 5330 374 5382 enim
401 5329 563 5391 dicit,
597 5328 747 5393 Fiet;
791 5327 885 5382 sed
905 5367 921 5393 ,
964 5325 1154 5381 Factus
1199 5338 1288 5381 est.
1318 5326 1449 5393 Quia
1480 5326 1530 5381 id
1556 5327 1663 5395 jam
1690 5329 1813 5381 olim

247 5420 513 5487 prophetis
538 5421 590 5473 in
619 5433 769 5492 more
792 5418 906 5482 fuit,
926 5418 1014 5487 qui
1042 5418 1109 5473 de
1136 5417 1330 5472 futuris
1357 5418 1514 5472 rebus
1538 5419 1686 5487 quasi
1705 5418 1813 5487 jam

247 5509 390 5565 factis
418 5513 725 5581 loquuntur.
760 5510 892 5565 Nam
935 5511 1096 5565 Isaias
1126 5510 1193 5566 de
1237 5526 1368 5566 nece
1398 5510 1537 5565 illius
1564 5510 1813 5581 loquens,

251 5616 345 5653 non
384 5602 534 5669 dixit,
587 5602 885 5673 Tam'quam
925 5605 1040 5658 ovis
1083 5602 1148 5657 ad
1194 5604 1515 5658 occisionem
1558 5604 1814 5672 ducetur,

252 5693 381 5760 quod
411 5693 643 5749 futurum
676 5704 821 5762 erat;
848 5696 963 5763 sed,
995 5695 1270 5765 Tamquam
1296 5696 1399 5750 ovis
1425 5696 1492 5748 ad
1521 5698 1816 5753 occisionem

314 5829 331 5855 ³
363 5823 490 5885 liae,
518 5827 645 5889 quod
668 5826 803 5890 prior
826 5828 979 5889 [actus
1010 5828 1070 5879 sit
1085 5863 1099 5889 ,
1119 5828 1297 5879 desunt
1321 5829 1369 5877 in
1390 5825 1532 5877 savii.

1935 469 2116 525 ductus
2161 484 2232 527 est
2271 474 2424 547 (lsai.
2473 478 2562 531 55.
2610 478 2694 551 7),
2740 479 2900 551 Atqui
2939 483 3172 538 nondum
3204 486 3511 546 incarnatus

1932 574 2075 629 erat;
2106 567 2196 621 sed
2221 568 2271 621 id
2295 570 2433 637 quod
2463 569 2694 626 futurum
2712 584 2848 638 erat,
2877 575 3130 646 propheta
3148 581 3296 649 quasi
3317 581 3510 637 factum

1932 667 2131 711 narrat.
2180 661 2245 713 Et
2276 662 2438 715 David
2481 678 2696 720 crucem
2722 668 3057 737 signiﬁcans,
3088 687 3191 725 non
3220 673 3381 728 dixit:
3402 675 3510 730 Fo-

1931 748 2078 803 dient
2122 767 2310 806 manus
2350 769 2496 810 meas
2539 766 2593 810 et
2641 757 2802 825 pedes
2840 773 3018 821 meos;
3069 761 3193 824 sed,
3246 762 3513 819 Foderunt

1930 857 2108 896 manus
2146 860 2281 898 meas
2325 856 2370 899 et
2409 848 2558 914 pedes
2597 866 2767 914 meos;
2803 858 2876 915 et,
2924 849 3208 905 Diviserunt
3236 855 3331 908 sibi
3355 858 3509 909 vesti-

1928 943 2095 985 menta
2110 951 2239 998 mea,
2263 944 2308 987 et
2329 953 2478 1006 super
2496 948 2674 991 vestem
2698 955 2856 993 meant
2878 943 3116 995 miserunt
3136 954 3320 997 sortem
3332 947 3350 1013 (
3359 944 3505 1000 Psal.

1926 1023 2015 1076 21.
2048 1028 2137 1079 Π.
2166 1036 2211 1078 et
2242 1026 2354 1097 19).
2408 1027 2475 1081 Ει
2517 1028 2584 1083 de
2634 1031 2903 1098 proditore
2943 1032 3103 1085 verba
3142 1033 3374 1098 faciens,
3417 1036 3506 1106 qui

1928 1119 2159 1171 nondum
2201 1127 2356 1173 natus
2397 1132 2544 1185 erat,
2586 1123 2664 1177 sic
2702 1124 2807 1177 ait:
2830 1124 2929 1190 Qui
2958 1125 3130 1179 edebat
3158 1143 3310 1196 panes
3337 1143 3502 1193 meos,

1927 1212 2267 1280 magni/ienuit
2297 1229 2447 1283 super
2487 1230 2566 1267 me
2592 1216 3047 1283 supplantationem
3072 1216 3242 1288 (Psal.
3272 1221 3359 1275 40.
3392 1221 3502 1290 10).

1928 1299 2185 1354 Similiter
2214 1313 2266 1355 et
2292 1302 2358 1355 de
2396 1304 2459 1357 iis
2498 1320 2614 1373 qure
2654 1306 2703 1358 in
2732 1320 2889 1359 cruce
2918 1308 3254 1377 contigerunt
3280 1310 3503 1379 loquens

1925 1391 2088 1444 dicit:
2116 1391 2370 1444 Dederunt
2395 1394 2447 1445 in
2474 1410 2635 1447 escam
2661 1411 2821 1448 meam
2852 1395 2941 1466 fel,
2968 1407 3015 1449 et
3044 1400 3096 1451 in
3122 1400 3204 1452 siti
3229 1414 3338 1452 mea
3360 1409 3506 1469 pota-

1926 1491 2102 1534 verunt
2129 1498 2206 1534 me
2227 1493 2364 1535 aceto
2393 1482 2562 1548 (Psal.
2593 1485 2683 1538 68.
2711 1484 2826 1554 ‘22).

1996 1573 2048 1627 4.
2085 1572 2515 1629 Conclusio:vita
2547 1577 2708 1642 bona,
2750 1578 3026 1647 gratiarum
3070 1580 3236 1645 actio,
3289 1582 3503 1645 caritas,

1924 1666 2355 1719 commendantur.
2402 1666 2547 1719 Dona
2589 1684 2651 1721 ea:
2690 1669 2869 1739 rapina
2908 1669 3506 1737 improbantur.—Vul-

1926 1756 2062 1810 tisne
2102 1756 2202 1809 alia
2246 1756 2560 1811 inducamus
2581 1800 2596 1823 ,
2628 1774 2694 1812 an
2725 1758 2837 1812 haec
2868 1759 3017 1813 vobis
3044 1769 3167 1815 sunt
3198 1763 3362 1817 satis?
3389 1763 3505 1832 Ego

1924 1865 2051 1905 sane
2082 1850 2330 1905 arbitror.
2357 1852 2487 1906 Nam
2512 1854 2554 1907 si
2583 1869 2685 1906 non
2716 1854 2868 1907 latius
2893 1854 3062 1907 lorum
3086 1856 3500 1924 expleravitnus,

1923 1959 2053 1998 sane.
2078 1945 2389 2012 profundius
2415 1948 2634 1999 scrutati
2659 1961 2842 1999 sumus
2870 1963 2881 1999 :
2910 1962 3007 2001 nec
3034 1947 3208 2001 minor
3230 1949 3326 2001 hac
3347 1950 3396 2001 in
3421 1964 3500 2013 re,

1924 2054 2083 2107 quam
2117 2038 2166 2091 in
2198 2038 2315 2103 illa,
2347 2038 2496 2092 labor
2523 2048 2635 2103 est;
2670 2054 3023 2109 vcremurque
3048 2055 3117 2093 ne
3146 2041 3190 2093 si
3220 2056 3311 2094 vos
3338 2042 3388 2093 in
3420 2043 3501 2095 his

1922 2130 2035 2183 sine
2055 2130 2213 2183 modo
2230 2130 2580 2194 detineamus,
2607 2130 2871 2183 fastidium
2892 2131 3281 2199 ingeneremus.
3305 2131 3503 2199 Quam-

1924 2224 2136 2287 obrem,
2167 2223 2238 2275 uti
2280 2238 2372 2291 par
2422 2232 2535 2287 est,
2577 2222 2737 2276 ﬁnem
2775 2223 2983 2276 dicendi
3028 2222 3304 2277 faciamus.
3361 2224 3494 2291 Quis

1924 2329 2083 2383 porro
2109 2314 2225 2367 linis
2252 2322 2334 2366 est
2363 2314 2773 2382 congruentior?
2797 2313 2848 2368 Si
2878 2312 3057 2367 debila
3089 2314 3197 2368 Deo
3220 2315 3389 2383 gloria
3416 2329 3502 2368 re-

1923 2404 2152 2468 feratur;
2187 2421 2290 2458 non
2317 2404 2490 2458 verbis
2533 2414 2734 2457 tantum
2757 2446 2769 2467 ,
2803 2404 2898 2458 sed
2942 2394 3500 2474 ntu1101nagisoperi-

1922 2497 2041 2552 bus.
2078 2497 2294 2564 Luceat,
2339 2498 2546 2566 inquit,
2576 2498 2666 2551 tua:
2703 2508 2866 2551 vestra
2891 2514 3060 2551 coram
3100 2498 3412 2562 hominibus,
3447 2505 3501 2550 ut

1922 2592 2119 2645 videant
2141 2608 2292 2662 opera
2312 2600 2471 2643 vestra
2493 2590 2637 2653 bona,
2670 2599 2715 2643 et
2741 2590 3019 2660 gloriﬁcent
3053 2587 3256 2642 Patrem
3284 2598 3498 2643 vestrum

1921 2686 2008 2753 qui
2034 2686 2084 2736 in
2110 2684 2244 2737 cadis
2267 2694 2335 2736 est
2357 2681 2565 2749 (Matt/1.
2591 2682 2644 2737 5.
2673 2682 2781 2751 16).
2808 2680 2945 2735 Nihil
2972 2682 3111 2734 enim
3136 2680 3461 2748 Splendidius
3479 2719 3493 2742 ,

1921 2775 2131 2839 dilecte,
2164 2776 2366 2843 optimo
2394 2775 2515 2826 vine
2558 2774 2821 2825 instituto.
2867 2772 2977 2825 Hoc
3016 2772 3228 2840 sapiens
3272 2771 3359 2825 ille
3396 2768 3493 2825 de-

1920 2869 2088 2923 clarat
2112 2886 2123 2920 :
2154 2866 2262 2922 Vit:
2288 2875 2452 2921 autem
2467 2867 2724 2935 justorum
2752 2866 2918 2919 utlux
2940 2864 3204 2934 splendent
3235 2862 3413 2934 (Prov.
3436 2862 3493 2915 ὁ.

1924 2961 2034 3029 18).
2075 2958 2372 3029 Splendent
2411 2967 2560 3012 certe
2605 2971 2712 3011 non
2754 2956 2817 3009 iis
2861 2957 3023 3009 modo
3064 2954 3154 3025 qui
3203 2969 3295 3023 per
3334 2968 3495 3024 opera

1921 3052 2098 3107 lumen
2131 3050 2449 3111 accendunt,
2493 3058 2545 3103 et
2585 3048 2649 3103 ad
2682 3058 2880 3103 rectam
2908 3048 3108 3102 ducunt
3134 3049 3294 3113 viam,
3322 3046 3413 3102 sed
3443 3055 3501 3101 et

1922 3145 2108 3200 vicinis
2138 3158 2340 3197 eorum.
2387 3141 2729 3195 lnfundamus
2754 3156 2879 3211 ergo
2909 3142 3085 3196 oleum
3116 3140 3265 3195 hisce
3290 3141 3494 3208 lampa-

1920 3236 2096 3300 dibus,
2131 3244 2185 3289 ut
2214 3233 2493 3288 sublimior
2518 3233 2586 3287 sit
2612 3233 2769 3301 ignis,
2794 3240 2848 3286 et
2872 3232 2959 3287 lux
2986 3240 3239 3302 appareat
3262 3231 3497 3300 locuple-

1923 3330 2041 3383 tior.
2076 3328 2188 3382 Hoc
2217 3327 2356 3382 enim
2384 3325 2557 3380 oleum
2586 3341 2689 3379 non
2719 3339 2857 3379 nunc
2890 3334 3089 3378 tantum
3120 3338 3362 3393 magnam
3390 3323 3496 3377 vim

1921 3418 2100 3483 habet,
2129 3418 2221 3472 sed
2258 3431 2379 3471 eum
2409 3417 2569 3471 etiam
2617 3416 2873 3469 sacriﬁcia
2919 3414 3191 3481 ﬂorerent,
3226 3414 3416 3468 mirum
3445 3414 3497 3467 in

1919 3511 2131 3565 modum
2167 3509 2415 3563 virtutem
2465 3506 2677 3560 illorum
2721 3506 2997 3575 probavit:
3023 3520 3147 3560 nam
3180 3503 3289 3558 ait:
3317 3502 3498 3558 Oleum

1918 3600 2050 3655 enim
2094 3600 2204 3654 volo
2249 3609 2294 3651 et
2336 3613 2435 3651 non
2473 3595 2876 3666 sacriﬁcium(a)
2916 3595 3069 3668 (Osee
3106 3599 3159 3651 ὁ.
3207 3595 3263 3651 6.
3301 3594 3490 3648 Matth.

1918 3692 1973 3747 9.
2015 3690 2127 3756 15).
2161 3688 2228 3743 Et
2268 3688 2460 3742 merito
2489 3685 2725 3754 quidem.
2762 3685 2894 3740 illud
2941 3687 3083 3740 enim
3128 3686 3295 3740 altare
3324 3686 3498 3739 inani‘

1919 3789 2115 3836 malum
2157 3787 2294 3839 erat,
2329 3778 2430 3833 hoc
2452 3793 2581 3832 vero
2603 3778 2897 3832 animatum
2925 3787 3007 3832 est
3031 3795 3043 3830 :
3068 3787 3122 3833 et
3151 3778 3257 3832 illic
3280 3777 3494 3848 quidem

1918 3869 2168 3942 quidquid
2198 3869 2503 3938 impositum
2530 3877 2631 3933 est,
2662 3869 2780 3938 igne
2807 3871 3153 3933 consumitur,
3183 3870 3234 3923 in
3260 3870 3496 3926 cinerem

1916 3963 2061 4028 abit,
2104 3971 2262 4031 atque
2290 3960 2578 4015 effunditur
2600 4001 2615 4026 ,
2645 3960 3043 4030 dissolutusque
3073 3960 3246 4014 fumus
3276 3961 3328 4014 in
3354 3959 3497 4015 aeris

1918 4064 2161 4109 naturam
2192 4054 2421 4108 transit:
2447 4053 2534 4107 hic
2562 4068 2689 4108 vero
2717 4053 2848 4107 nihil
2877 4053 3083 4117 simile;
3114 4053 3207 4107 sed
3236 4053 3370 4107 alios
3398 4051 3501 4107 fert

1919 4148 2141 4199 fructus.
2168 4145 2295 4199 Haec
2316 4145 2509 4199 Paulus
2533 4145 2854 4208 declaravit;
2884 4160 3003 4199 eum
3031 4146 3171 4199 enim
3197 4145 3499 4199 Corinthio-

1919 4253 2034 4291 rum
2055 4280 2069 4304 ,
2104 4239 2193 4307 qui
2227 4253 2514 4307 pauperum
2548 4237 2768 4290 studiosi
2799 4245 2987 4303 erant,
3031 4238 3312 4292 thesauros
3335 4251 3497 4291 enar-

1919 4336 2081 4389 raret,
2113 4327 2225 4381 haec
2248 4327 2462 4395 scripsit
2487 4344 2499 4379 :
2528 4326 2779 4391 Quoniam
2813 4320 3145 4380 ministerium
3175 4328 3324 4397 hujus
3352 4327 3501 4396 ofﬁcii

1918 4435 2019 4472 non
2062 4420 2222 4471 solum
2260 4419 2459 4487 supplet
2502 4435 2561 4472 ea
2599 4433 2712 4489 qua:
2758 4419 2937 4472 desunt
2964 4420 3184 4482 sanctis,
3229 4418 3319 4472 sed
3346 4419 3498 4472 etiam

1918 4508 2141 4567 abundat
2171 4523 2258 4578 per
2282 4508 2465 4561 multas
2489 4510 2765 4578 gratiarum
2793 4509 3014 4563 actiones
3053 4506 3159 4561 Deo
3187 4509 3261 4579 (‘2.
3290 4506 3409 4563 Cor.
3438 4509 3494 4563 9.

1921 4596 2039 4670 12);
2072 4610 2133 4652 ac
2162 4612 2393 4660 rursum,
2425 4596 2777 4667 Glori/icantes
2797 4598 2961 4652 Deum
2989 4599 3042 4652 in
3068 4599 3347 4652 obedientia
3375 4616 3496 4654 con-

1919 4690 2146 4760 fessionis
2173 4700 2347 4743 vestra:
2388 4691 2439 4744 in
2472 4692 2746 4762 evangelio,
2776 4702 2823 4746 et
2859 4693 3182 4762 simplicitate
3223 4695 3501 4747 communi-

1918 4783 2128 4835 cationis
2169 4792 2347 4835 vestra:
2388 4783 2443 4835 in
2490 4783 2627 4849 illos,
2673 4796 2717 4836 et
2752 4784 2805 4836 in
2847 4800 3053 4849 omnes,
3095 4795 3142 4838 et
3180 4786 3232 4839 in
3275 4788 3503 4856 ipsorum

1919 4874 2258 4927 obsecratione
2286 4889 2380 4944 pro
2411 4873 2547 4927 vobis
2568 4916 2580 4937 ,
2610 4875 3001 4928 desiderantium
3027 4891 3112 4930 vos
3139 4876 3300 4947 (Ibid.
3329 4895 3375 4933 v.
3412 4880 3500 4933 15.

1925 4976 1974 5020 et
2007 4966 2118 5036 11).
2152 4966 2339 5020 Viden’
2361 4967 2513 5021 illum
2541 4968 2592 5021 in
2622 4968 2910 5038 gratiarum
2941 4969 3203 5025 actionem
3230 4972 3503 5039 desinere,

1980 5146 2057 5209 (τι)
2089 5146 2147 5195 In
2169 5150 2329 5196 Greco
2349 5151 2489 5209 textu
2513 5146 2713 5209 legitur,
2910 5162 2970 5199 sat
2998 5162 3041 5199 οὗ
3065 5158 3204 5206 ουσιαι,
3219 5150 3495 5201 misericor-

1920 5206 2131 5271 diam...
2144 5215 2193 5271 et
2211 5221 2303 5257 non
2326 5206 2637 5271 sacriﬁcium.
2662 5209 2736 5257 Ex
2761 5212 3079 5271 similitudine
3099 5226 3266 5262 vocum
3284 5224 3381 5263 τλιον
3406 5226 3495 5262 nn-

1920 5269 2250 5336 sei'icordiam,
2274 5277 2326 5320 et
2349 5269 2466 5336 ante;
2483 5270 2662 5336 etcum,
2686 5285 2795 5336 qua:
2816 5270 3146 5336 Chrysostomi
3169 5282 3392 5335 tempore
3418 5288 3503 5336 eo-

1918 5332 2032 5396 dem
2062 5332 2205 5396 modo
2222 5332 2671 5396 pronuntiabantur,
2699 5332 2876 5396 factum
2893 5332 2984 5390 [ut
3006 5334 3229 5395 quadam
3253 5332 3501 5396 exempla-

1920 5394 1989 5440 ria
2012 5400 2171 5460 Grteca
2194 5394 2280 5460 hic_
2294 5405 2412 5460 ῖλςιην
2437 5393 2695 5460 haberent,
2722 5403 2775 5460 et
2795 5393 3086 5460 fortassis—in
3108 5397 3275 5460 priscis
3291 5393 3501 5460 Chryso-

1920 5455 2063 5520 stomi
2088 5456 2459 5520 exemplaribus
2474 5464 2603 5520 amor
2636 5456 2714 5505 hic
2745 5455 3025 5520 legebatur.
3045 5455 3204 5520 _(;er_te
3230 5455 3503 5520 liquet-hoc

1922 5512 2219 5582 locoeleum
2238 5512 2481 5582 intelligi,
2509 5524 2563 5582 et
2591 5516 2715 5582 banc
2748 5512 3008 5582 lectionem
3042 5518 3121 5582 hic
3137 5512 3505 5582 Chrys'ostomus

1922 5576 2171 5643 adhibuit,_
2185 5579 2269 5640 qui
2302 5576 2455 5643 altera
2471 5578 2601 5643 _alibi
2627 5581 2894 5643 utitur,ubi
2925 5579 3001 5643 de,
3026 5576 3355 5643 misericordia
3391 5596 3498 5643 agi-

1921 5645 2018 5705 tur,
2042 5646 2095 5686 ut
2116 5639 2175 5687 ad
2193 5637 2447 5705 Stagirium
2471 5637 2578 5705 lat,
2603 5637 3024 5705 'rom.1,col.457,
3042 5647 3092 5690 et
3110 5641 3255 5705 alibi;
3281 5645 3368 5692 sed
3392 5637 3503 5705 quia

1921 5700 2003 5748 hic
2033 5712 2151 5750 ιλιιον
2173 5699 2329 5750 oleum
2352 5700 2411 5748 ad
2433 5702 2616 5749 seriem
2649 5715 2785 5752 suam
2815 5699 3087 5765 aptabatur,
3110 5699 3496 5768 hauc'sequu'tus

1927 5768 2305 5839 estlectjonem.
2335 5769 2404 5839 lin
2433 5770 2647 5839 Hebraeo
2680 5781 2845 5825 autem
2880 5772 3071 5836 legitur
3096 5769 3404 5826 insnum
3424 5772 3502 5834 ν),

1932 5830 2045 5896 quia
2062 5830 2443 5882 misericordiam
2468 5833 2608 5883 mitti.
2940 5830 2966 5836 '
3483 5830 3496 5834 '
3534 5870 3538 5874 .
