4094 6370
552 333 614 389 9|
1288 324 1343 382 S.
1383 322 1661 379 JOANNIS
1682 316 2169 376 'CHRYSOSTOMI
2198 316 2514 373 ARCHIEP.
2545 317 3073 377 CONSTANTINOP.
3752 327 3820 380 92

555 459 609 503 et
637 445 692 500 in
729 442 819 499 Dei
849 438 1090 506 laudem;
1122 440 1175 495 in
1207 439 1513 511 frequentes
1541 451 1727 493 eorum
1759 435 2129 508 precationes,

556 537 646 608 qui
682 533 938 591 beneﬁcia
964 541 1300 604 acceperunt,
1333 531 1383 585 in
1416 529 1791 585 l’erventiorem
1820 526 2133 583 caritatem?

556 627 930 683 Sacriﬁcemus
959 640 1119 695 ergo,
1149 623 1327 678 dilecti
1353 664 1369 689 ,
1416 621 1780 676 sacriﬁcemus
1817 618 2053 690 quotidie
2081 619 2132 671 in

558 718 707 773 hisce
733 719 863 773 aris.
894 716 1006 771 Hoc
1029 716 1223 786 quippe
1248 714 1567 770 sacrificium
1587 756 1601 780 ,
1632 722 1685 769 et
1713 713 1956 783 precibus
1981 720 2035 767 et
2055 712 2136 780 je-

552 810 706 878 junio
731 818 785 864 et
814 807 996 863 multis
1034 806 1152 862 aliis
1182 806 1520 876 praestantius
1549 813 1667 868 est;
1714 803 1837 858 dum
1883 817 1951 857 ex
1988 802 2133 871 justo

557 900 729 967 lucro,
774 916 840 954 ex
882 898 1042 969 justis
1093 897 1366 954 laboribus
1404 896 1688 967 procedat,
1736 907 1792 951 et
1840 895 2014 951 onmis
2065 895 2136 948 sit

553 1007 747 1063 expers
774 991 1037 1055 avaritiae,
1071 992 1293 1060 rapinae,
1326 990 1610 1044 violentiae.
1638 988 1795 1043 Tales
1820 989 1960 1043 enim
1989 987 2135 1041 obla-

554 1085 725 1139 tiones
766 1084 998 1138 admittit
1040 1084 1232 1148 Deus‘;
1281 1090 1505 1137 caeteras
1543 1090 1724 1135 autem
1765 1090 2042 1133 aversatur
2079 1086 2135 1132 et

555 1175 686 1229 odit.
726 1174 911 1245 Neque
951 1175 1093 1229 enim
1122 1172 1236 1227 vult
1274 1189 1338 1227 ex
1364 1173 1591 1227 aliorum
1620 1171 2011 1227 calamitatibus
2039 1171 2134 1222 lio-

553 1268 756 1323 norari.
776 1269 1042 1338 Impurum
1067 1281 1296 1336 namque
1316 1268 1703 1335 prolanumque
1724 1275 1807 1319 cst
1831 1262 2131 1332 hujusmodi

550 1360 892 1426 sacriﬁcium,
925 1360 1199 1428 Deumque
1230 1358 1402 1427 potius
1429 1358 1732 1419 irritaverit,
1764 1372 1924 1427 quam
1957 1355 2133 1425 placa-

552 1452 708 1506 verit.
760 1451 1098 1521 Quapropter
1139 1451 1283 1504 omni
1332 1448 1508 1503 studio
1551 1449 1858 1503 enitendum
1900 1459 2013 1513 est,
2067 1463 2135 1502 ne

552 1544 729 1598 cultus
758 1543 992 1607 nomine,
1020 1557 1177 1612 quem
1206 1540 1470 1595 honorare
1496 1539 1762 1605 volumus,
1794 1538 1990 1608 probro
2016 1536 2133 1591 alli-

552 1638 774 1691 ciamus.
799 1635 853 1690 Si
878 1635 1020 1691 enim
1037 1635 1188 1700 Cain,
1205 1637 1291 1705 qui
1310 1650 1372 1689 ea
1391 1650 1509 1705 qua:
1530 1633 1796 1689 inferioris
1811 1633 2134 1688 conditionis

551 1735 706 1783 erant
729 1726 943 1792 obtulit,
976 1741 1073 1781 nec
1098 1728 1403 1797 quempiam
1435 1726 1662 1789 lteserat,
1695 1734 1961 1780 extremas
1986 1723 2134 1780 dedit

553 1834 736 1889 pinnas
759 1833 773 1882 ;
802 1833 924 1873 cum
955 1817 1080 1888 quid
1102 1833 1170 1871 ex
1192 1817 1375 1887 rapina
1407 1825 1462 1870 et
1488 1818 1704 1871 avaritia
1734 1816 2085 1871 obtulerimus
2107 1855 2123 1881 ,

552 1925 730 1965 annon
758 1911 1008 1982 graviora
1037 1910 1344 1979 patiemur?
1387 1910 1512 1965 Ideo
1546 1924 1775 1979 namque
1809 1909 1949 1965 Deus
1973 1906 2133 1979 hujus

552 2110 630 2221 Det
668 2108 723 2157 In
746 2107 907 2159 Morel.
933 2108 1113 2171 legitur
1137 2123 1151 2159 :
1180 2109 1311 2160 Tales
1328 2108 1455 2160 enim
1476 2108 1629 2160 solum
1646 2106 1904 2159 oblationes
1923 2107 2133 2161 admittit

627 2184 696 2219 us.

2240 433 2489 503 praecepti
2522 434 2779 489 rationem
2801 476 2817 497 ,
2850 436 3006 492 nobis
3033 435 3343 503 declaravit,
3361 445 3420 493 ut
3448 438 3815 507 misereantur,

2240 539 2344 578 non
2372 534 2429 577 nt
2453 539 2744 580 conservos
2772 536 3146 597 torqueamus;
3174 527 3264 597 qui
3290 539 3467 584 autem
3490 531 3660 585 aliena
3683 535 3819 603 rapit

2239 625 2294 668 et
2314 615 2470 670 alteri
2493 615 2606 683 dat,
2631 618 2677 672 is
2699 633 2802 672 non
2825 619 3247 673 misericordiam
3268 622 3527 689 exercuit,
3549 624 3641 678 sed
3660 624 3816 692 laesit,

2240 717 2293 760 et
2319 717 2611 762 extremam
2644 718 2895 778 operatus
2933 709 3266 780 iniquitatem
3303 722 3405 767 est.
3438 712 3508 769 Ut
3532 730 3659 785 ergo
3685 715 3818 785 lapis

2245 816 2529 870 numquam
2568 801 2744 857 oleum
2780 802 2986 871 pariat,
3030 803 3108 857 sie
3136 818 3236 858 nec
3263 804 3550 860 crudelitas
3581 806 3820 861 Immani-

2241 902 2421 945 tatem.
2463 893 2593 947 Cum
2641 893 2782 948 enim
2830 893 2949 948 talis
2984 894 3055 947 sit
3090 894 3259 958 radix,
3284 911 3569 966 numquam
3595 898 3646 951 id
3672 899 3816 953 elee-

2239 998 2462 1054 mosyna
2507 983 2685 1037 luerit.
2735 984 3095 1051 Quamobrem
3148 989 3374 1042 obsecro
3420 1004 3488 1043 ne
3531 1005 3597 1043 eo
3642 990 3816 1046 solum

2238 1084 2542 1145 Speciemus
2568 1086 2623 1131 ut
2650 1077 3049 1150 eleemosynam
3081 1094 3363 1150 erogemus
3383 1122 3398 1143 .
3440 1082 3533 1137 sed
3574 1083 3731 1138 etiam
3763 1094 3819 1139 nt

2240 1183 2308 1222 ne
2332 1183 2399 1222 ex
2424 1169 2608 1238 rapina
2637 1169 2942 1240 largiamur.
2969 1170 3101 1225 Nam
3131 1183 3249 1226 esto
3279 1172 3423 1227 Unus
3444 1175 3530 1241 qui
3554 1183 3812 1245 precetur,

2237 1260 2368 1313 alter
2394 1261 2479 1329 qui
2505 1262 2835 1330 imprecetur;
2862 1264 3023 1318 utrius
3042 1280 3211 1319 vocem
3234 1266 3403 1319 audiet
3427 1264 3669 1323 Dominus
3686 1267 3814 1338 (Ec-

2238 1353 2323 1407 cli.
2346 1354 2434 1409 54.
2458 1353 2589 1425 29)?
2617 1353 2672 1410 Si
2699 1371 2797 1409 nos
2823 1356 2901 1411 sic
2924 1356 3205 1427 diligenter
3234 1358 3587 1425 instituamus,
3612 1378 3706 1431 per
3722 1361 3812 1417 Dei

2237 1444 2462 1512 gratiam
2494 1447 2784 1516 poterimus
2815 1447 3034 1503 multam
3064 1449 3444 1520 benignitatem
3467 1492 3481 1517 ,
3514 1454 3816 1509 misericor-

2237 1538 2377 1592 diam
2405 1545 2459 1592 et
2480 1538 2690 1593 veniam
2720 1539 2957 1594 omnium
2978 1581 2993 1607 ,
3021 1556 3139 1611 quae
3169 1540 3270 1596 hoc
3295 1542 3551 1598 diuturno
3576 1554 3814 1616 tempore

2237 1630 2568 1697 admisimus,
2597 1641 2934 1701 peccatorum
2962 1635 3238 1704 consequi,
3268 1650 3332 1690 ac
3360 1635 3574 1691 ﬂuvium
3602 1638 3810 1706 igneum

2236 1721 2505 1793 ell‘ngere;
2538 1738 2567 1775 a
2597 1738 2702 1793 quo
2726 1724 2916 1794 erepti,
2943 1725 3142 1780 utinam
3171 1741 3268 1780 nos
3287 1741 3472 1782 omnes
3500 1729 3567 1782 ad
3594 1745 3811 1799 regnum

2236 1814 2487 1869 cat-lorum
2513 1816 2918 1879 ascendamus‘.
2940 1819 3106 1888 gratia
3133 1828 3187 1875 et
3212 1819 3578 1876 misericordia
3607 1822 3813 1879 Domini

2237 1908 2404 1962 nostri
2432 1906 2559 1964 Jesu
2578 1907 2796 1975 Christi,
2828 1925 2923 1978 per
2942 1926 3099 1981 quem
3122 1921 3315 1967 etcum
3335 1929 3443 1984 quo
3464 1913 3603 1969 Patri
3624 1916 3811 1985 gloria,

2236 1997 2393 2053 simul
2420 2010 2473 2054 et
2498 2010 2685 2056 sancto
2700 2000 2941 2070 Spiritui,
2965 2003 3019 2056 in
3041 2004 3233 2058 saecula
3254 2006 3592 2060 saeculorum.
3618 2006 3809 2063 Amen.

2301 2110 2338 2174 ‘_
2354 2117 2498 2160 Juxta
2521 2110 2685 2174 Morel.
2710 2110 2981 2173 legendum
3003 2121 3156 2174 esset,
3190 2113 3375 2167 utinam
3393 2128 3479 2168 nos
3510 2116 3563 2167 in
3583 2117 3813 2169 calorum

2237 2171 2446 2223 thalamo
2469 2171 2817 2225 recumbentis.

557 2273 3811 2309 -——————————————————————__.________..___.__________

1891 2382 2237 2444 HOMILIA
2291 2384 2462 2446 XIV.

555 2530 641 2589 16.
672 2530 738 2586 Et
782 2531 847 2586 de
890 2530 1201 2603 plenitudine
1238 2530 1346 2600 ejus
1387 2544 1479 2581 nos
1504 2543 1673 2581 omnes
1712 2526 2036 2597 accepimus,
2084 2533 2132 2578 et

1069 2620 1285 2692 gratiam
1311 2636 1401 2690 pro
1426 2619 1610 2691 gratia.

630 2737 683 2793 l.
739 2735 917 2805 Nuper
945 2734 1251 2791 dicebamus
1306 2733 1606 2798 Joannem,
1650 2741 1709 2786 ut
1750 2731 2130 2786 dubitationem

554 2842 741 2884 eorum
783 2827 1051 2893 solveret,
1084 2826 1173 2895 qui
1202 2824 1340 2896 apud
1386 2839 1444 2879 se
1493 2824 1765 2894 quaesituri
1796 2833 1986 2888 erant,
2040 2836 2135 2875 cur

556 2919 800 2974 Christus
828 2918 914 2987 qui
948 2916 1213 2984 posterior
1240 2916 1305 2969 ad
1334 2913 1732 2985 praedicandum
1772 2914 1949 2978 venit,
1990 2911 2134 2981 prior

555 3019 613 3066 et
630 3008 952 3079 splendidior
981 3008 1074 3063 illo
1103 3007 1278 3071 fuerit,
1303 3007 1405 3062 hoc
1419 3005 1708 3070 addidisse,
1736 3006 1869 3074 Quia
1894 3004 2033 3074 prior
2058 3020 2136 3058 me

558 3111 687 3157 erat.
720 3100 785 3155 Et
811 3100 924 3155 lucc
955 3114 1057 3154 una
1087 3115 1247 3155 causa
1275 3109 1358 3154 est
1383 3116 1396 3153 :
1425 3098 1518 3153 sed
1546 3098 1724 3153 subdit
1754 3098 1911 3152 aliam
1939 3096 2005 3152 de
2031 3112 2135 3168 qua

558 3206 701 3248 nunc
721 3192 891 3262 agitur
920 3191 957 3243 ⁸.
990 3192 1245 3257 Quaenam
1286 3190 1374 3244 illa
1405 3190 1525 3245 est?
1555 3188 1632 3242 De
1660 3189 2006 3259 plenitudine,
2052 3190 2133 3243 in-

557 3282 706 3353 quit,
737 3283 847 3352 eius
873 3300 962 3337 nos
987 3299 1161 3337 omnes
1181 3283 1464 3354 accepimus
1488 3291 1535 3336 et
1561 3283 1778 3352 gratiam
1800 3298 1892 3351 pro
1932 3283 2135 3353 gratia;

495 3392 507 3399 ‘
557 3383 613 3430 et
636 3383 754 3446 post
776 3373 889 3429 haec
920 3379 1109 3429 iterum
1135 3375 1315 3429 aliam.
1344 3373 1511 3441 Quam
1544 3372 1734 3426 illam?
1774 3373 1903 3437 Quia
1934 3374 2020 3428 lea:
2046 3390 2135 3442 per

560 3463 787 3535 Hogsem
807 3465 927 3518 data
951 3474 1059 3529 est,
1082 3465 1248 3535 gratia
1284 3472 1331 3516 et
1356 3462 1542 3517 veritas
1564 3478 1652 3531 per
1676 3459 1713 3514 Ι
1715 3478 1857 3515 esum
1879 3458 2136 3516 Christum

558 3556 694 3624 facta
719 3564 810 3610 est.
842 3554 907 3609 Et
933 3556 1060 3625 quid
1085 3565 1199 3620 est,
1233 3554 1442 3622 inquies
1469 3595 1486 3617 ,
1519 3552 1672 3619 illud,
1719 3552 1803 3607 Ex
1826 3554 2137 3620 plenitudine

557 3646 671 3716 ejus
717 3662 809 3700 nos
858 3662 1028 3699 omnes
1052 3645 1375 3713 accepimus?
1414 3643 1548 3698 Nam
1594 3658 1660 3698 eo
1699 3644 1911 3698 interim
1960 3659 2138 3699 sermo

563 3735 873 3793 referendus
893 3746 996 3790 est.
1019 3735 1132 3790 Non
1157 3735 1336 3800 habet,
1368 3735 1560 3805 inquit,
1581 3734 1706 3789 doni
1726 3734 1978 3806 erogandi
2007 3751 2139 3790 con-

557 3838 757 3885 sortem
782 3871 798 3896 ,
826 3829 921 3885 sed
950 3829 1063 3899 ipse
1093 3829 1211 3884 lous
1229 3869 1245 3895 ,
1280 3831 1391 3899 ipse
1422 3828 1572 3883 radix
1612 3838 1693 3883 est
1723 3828 1984 3884 bonorum
2011 3845 2134 3884 om-

559 3920 739 3984 nium,
771 3920 882 3989 ipsa
914 3920 1017 3974 vita
1037 3962 1052 3986 ,
1076 3921 1188 3989 ipsa
1216 3920 1303 3975 lux
1324 3960 1340 3985 ,
1370 3920 1481 3989 ipsa
1506 3921 1734 3986 veritas,
1764 3921 1852 3991 qui
1878 3922 2138 3978 bonorum

559 4009 773 4064 divitias
794 4025 897 4065 non
926 4013 977 4067 in
1009 4026 1068 4066 se
1089 4012 1305 4079 retinet,
1335 4012 1430 4067 sed
1451 4012 1502 4065 in
1530 4011 1664 4066 alios
1683 4027 1871 4068 omnes
1894 4013 2135 4080 eﬂ'undit;

561 4108 617 4154 et
640 4109 915 4169 postquam
945 4101 1150 4168 eﬂudit,
1172 4101 1365 4172 plenus
1384 4111 1653 4169 remanet,
1676 4102 1807 4157 nihil
1838 4105 2012 4158 minus
2041 4104 2137 4159 Ita-

559 4192 691 4248 bcns
712 4203 985 4264 postquam
999 4195 1117 4249 aliis
1133 4195 1213 4250 ela
1221 4195 1383 4266 rgitus
1394 4205 1495 4263 est,
1510 4196 1603 4251 sed
1620 4212 1834 4267 semper
1844 4199 2138 4254 scaturiens

558 4294 614 4338 et
642 4286 759 4341 aliis
787 4286 924 4341 bona
943 4288 1271 4358 impertiens,
1294 4289 1347 4344 in
1376 4288 1564 4346 eadem
1588 4301 1765 4344 manet
1787 4289 2134 4360 perfectione.

559 4376 710 4445 Quod
741 4390 918 4434 autem
942 4396 1041 4451 ego
1066 4381 1178 4438 fero
1201 4382 1464 4453 particeps
1481 4381 1625 4448 boni,
1649 4382 1717 4436 ab
1738 4383 1843 4437 alio
1864 4386 2063 4452 accepi.
2085 4394 2139 4440 et

559 4471 746 4539 exigua
777 4487 896 4541 pars
920 4474 1082 4528 totius
1099 4484 1218 4538 est,
1251 4482 1306 4529 et
1330 4475 1479 4544 quasi
1502 4475 1641 4529 stilla
1661 4476 1856 4548 abysso
1885 4476 2137 4533 inetl‘abili

559 4571 612 4615 et
634 4562 821 4630 pelago
862 4564 1125 4618 immenso
1171 4576 1475 4633 comparata
1507 4583 1521 4620 :
1552 4565 1657 4619 imo
1691 4583 1757 4622 ne
1797 4567 1897 4623 hoc
1921 4569 2136 4639 quidem

558 4652 859 4721 exemplum
906 4662 1081 4721 potest
1125 4653 1253 4708 satis
1279 4655 1546 4723 explicare
1576 4655 1627 4709 id
1666 4662 1807 4726 quod
1856 4674 2139 4716 recensere

559 4755 835 4795 conamur.
871 4743 1078 4797 Etenim
1121 4744 1166 4798 si
1215 4744 1414 4799 stillam
1442 4761 1508 4799 ex
1548 4746 1737 4815 pelago
1787 4746 2025 4814 haurias,
2072 4764 2139 4805 eo

559 4829 676 4898 ipso
721 4833 936 4901 pelagus
974 4834 1250 4902 minuisti,
1296 4836 1503 4890 etiamsi
1552 4836 1849 4892 imminutio
1898 4838 1986 4894 illa
2019 4840 2136 4895 visu

560 4936 666 4977 non
698 4924 1038 4994 percipiatur.
1081 4927 1157 4982 De
1181 4926 1325 4983 l'onte
1351 4938 1528 4983 autem
1565 4928 1666 4983 isto
1689 4929 1739 4983 id
1762 4928 1867 4985 dici
1897 4934 2086 5001 nequit
2112 4950 2127 4999 ;

556 5013 649 5067 sed
668 5024 1150 5086 quantumcumque
1177 5017 1434 5083 hauseris,
1457 5028 1637 5073 manet
1664 5028 1843 5075 tamen
1870 5021 2001 5076 nihil
2029 5024 2133 5077 im-

557 5106 812 5161 minutus.
842 5107 1016 5173 Quare
1034 5109 1139 5163 alio
1174 5110 1419 5180 exemplo
1444 5111 1700 5165 utendum
1725 5129 1739 5166 :
1776 5113 1921 5183 quod
1950 5123 2131 5170 tamen

559 5198 828 5253 inﬁrmum
847 5207 929 5254 est
946 5241 962 5266 ,
990 5212 1091 5254 nec
1111 5209 1282 5267 potest
1303 5216 1417 5256 rem
1439 5202 1715 5272 quaesitam
1732 5202 2131 5270 demonstrare;

556 5292 651 5347 sed
683 5292 851 5361 magis
875 5306 1031 5362 quam
1077 5292 1303 5362 primum
1331 5293 1396 5347 ad
1427 5296 1751 5365 propositam
1794 5310 1893 5351 nos
1919 5296 2136 5352 adducit

557 5383 897 5437 sententiam.
945 5381 1317 5452 Supponamus
1364 5397 1486 5438 esse
1530 5385 1741 5453 igneum
1791 5386 1990 5440 fontem
2025 5404 2131 5443 :ex

559 5485 664 5541 quo
694 5469 839 5527 fonte
869 5471 1013 5527 mille
1033 5513 1048 5535 ,
1077 5471 1159 5527 bis
1184 5472 1362 5537 mille,
1389 5481 1471 5528 ter
1492 5474 1659 5539 mille,
1688 5486 1743 5529 et
1772 5474 1930 5547 longe
1953 5477 2133 5547 plures

557 5560 789 5617 lucerna:
811 5563 1211 5620 accenduntur:
1240 5579 1417 5620 annon
1449 5581 1599 5637 mque
1623 5567 1813 5637 plenus
1840 5567 1976 5639 ignis
2016 5585 2131 5625 ma-

623 5695 642 5723 ¹
677 5692 815 5743 savtl.
850 5694 997 5765 habet
1017 5736 1031 5758 ,
1051 5697 1138 5750 sed
1179 5709 1272 5748 non
1304 5710 1362 5749 en
1395 5704 1639 5751 contentus
1658 5736 1672 5763 ,
1698 5697 1859 5750 subdit
1899 5698 2045 5752 aliam
2070 5702 2131 5753 de

556 5766 654 5818 qua
675 5767 800 5805 mou:
820 5764 998 5821 agitur.
1642 5812 1647 5819 ‘

2242 2536 2370 2593 net,
2401 2537 2678 2598 postquam
2705 2539 2784 2587 tot
2808 2531 2927 2586 aliis
2948 2532 3052 2589 vim
3088 2551 3236 2590 suam
3271 2536 3499 2592 indidit?
3529 2538 3585 2595 ld
3611 2545 3813 2600 nemini

2238 2635 2344 2674 non
2380 2632 2562 2675 notum
2597 2635 2700 2678 est.
2745 2624 2897 2693 Quod
2925 2627 2969 2679 si
3012 2629 3065 2680 in
3102 2631 3413 2699 corporibus
3440 2632 3811 2700 divisibilibus,

2236 2727 2356 2780 qum
2380 2727 2475 2783 per
2489 2715 2879 2786 ademptionem
2899 2720 3224 2788 minuuntur,
3244 2725 3509 2794 quidpiam
3532 2727 3705 2783 simile
3733 2744 3815 2783 re-

2239 2805 2457 2873 peritur,
2495 2807 2637 2876 quod
2685 2820 2961 2880 postquam
2991 2813 3112 2867 aliis
3141 2831 3257 2884 qua:
3287 2831 3380 2870 sua
3408 2830 3560 2873 erant
3589 2821 3775 2876 indidit
3796 2864 3812 2884 .

2238 2894 2369 2950 nihil
2401 2905 2575 2953 tamen
2605 2901 2879 2968 minuitur,
2915 2905 3081 2958 multo
3113 2907 3278 2977 magis
3327 2908 3377 2962 in
3422 2909 3733 2981 incorporea
3761 2923 3816 2968 et

2239 2987 2521 3046 immortali
2554 2992 2643 3048 illa
2673 2997 2905 3063 potentia
2936 2996 3037 3052 hoc
3062 3000 3353 3070 continget.
3382 3001 3512 3057 Nam
3542 3005 3584 3058 si
3616 3020 3734 3060 cum
3763 3006 3813 3061 id

2239 3082 2380 3151 quod
2412 3084 2757 3156 participatur
2785 3098 2868 3143 est
2892 3090 3186 3145 substantia
3213 3103 3265 3147 et
3293 3108 3505 3164 corpus,
3538 3105 3591 3151 et
3628 3097 3814 3152 dividi-

2240 3181 2347 3250 tour,
2377 3184 2431 3230 et
2454 3190 2561 3232 non
2590 3177 2843 3235 dividitur
2872 3197 2886 3233 :
2919 3181 3085 3236 multo
3114 3186 3285 3254 magis
3305 3200 3425 3240 cum
3452 3187 3519 3241 de
3545 3188 3593 3241 vl
3623 3190 3812 3259 agendi

2238 3279 2417 3322 sermo
2445 3277 2558 3333 est,
2605 3269 2779 3341 deque
2806 3272 2857 3325 vi
2895 3273 3085 3343 agendi
3126 3273 3450 3346 incorporea:
3473 3279 3812 3351 substantia,

2245 3357 2576 3425 exploratum
2599 3370 2683 3414 est
2712 3360 2761 3416 id
2788 3363 3023 3417 evenire.

2310 3448 2453 3504 Illud
2472 3493 2487 3516 ,
2527 3452 2600 3506 De
2628 3452 2960 3523 plenitudine
2989 3456 3105 3525 ejus
3134 3458 3436 3528 accepimus
3456 3501 3471 3524 ,
3501 3475 3814 3517 commenta-

2240 3550 2338 3595 tur.
2363 3574 2432 3585 -—
2456 3543 2841 3633 ldquoannes
2866 3547 3079 3604 dicebat
3096 3591 3111 3615 ,
3141 3549 3221 3604 De
3243 3553 3554 3622 plenitudine
3580 3557 3688 3625 ejus
3724 3574 3815 3611 nos

2240 3653 2411 3694 omnes
2439 3640 2765 3708 accepimus;
2788 3650 2842 3696 et
2870 3642 3229 3699 testimonium
3252 3660 3405 3700 suum
3433 3646 3680 3719 Baptistze
3706 3659 3817 3704 tes-

2242 3731 2464 3787 timonio
2491 3735 2779 3789 connectit.
2805 3734 2938 3789 Nam
2969 3735 3119 3802 illud,
3148 3736 3223 3791 De
3243 3737 3558 3809 plenitudine
3582 3742 3691 3811 ejus
3720 3759 3813 3796 nos

2240 3838 2412 3878 omnes
2440 3825 2724 3893 accepimus
2744 3865 2759 3890 ,
2797 3841 2903 3880 non
2929 3830 3273 3896 prtecursoris
3292 3871 3307 3894 ,
3339 3829 3432 3884 sed
3455 3829 3696 3901 discipuli
3730 3832 3814 3887 di-

2240 3925 2383 3969 etum
2414 3924 2514 3970 est.
2548 3917 2660 3971 Hoc
2681 3926 2857 3973 autem
2882 3919 2994 3973 vult
3020 3920 3351 3991 significare:
3374 3921 3452 3977 Ne
3484 3925 3677 3992 putetis
3696 3939 3813 3987 nos.

2240 4006 2328 4076 qui
2356 4007 2524 4061 multo
2547 4016 2783 4079 tempore
2804 4025 2923 4064 cum
2948 4012 3040 4066 illo
3065 4012 3256 4066 versati
3279 4028 3482 4080 sumus,
3506 4026 3559 4069 et
3579 4015 3815 4085 ejusdem

2240 4113 2441 4153 mensae
2471 4110 2752 4157 consortes
2790 4100 3016 4168 fuimus,
3056 4120 3121 4159 ex
3148 4106 3318 4175 gratia
3348 4106 3521 4175 aliqua
3572 4109 3817 4162 testimo-

2241 4190 2388 4245 nium
2417 4189 2576 4246 ferre.
2604 4191 2735 4246 Nam
2766 4192 3032 4258 Joannes,
3056 4196 3145 4265 qui
3174 4196 3320 4251 illum
3349 4207 3504 4253 antea
3530 4213 3638 4253 non
3663 4199 3815 4255 vide-

2241 4290 2326 4335 rat
2346 4322 2362 4343 .
2391 4297 2493 4337 nec
2521 4297 2642 4338 cum
2668 4284 2763 4340 illo
2790 4296 3032 4341 versatus
3061 4286 3272 4355 fuerat,
3300 4288 3393 4343 sed
3422 4305 3541 4346 cum
3578 4291 3814 4362 baptiza-

2241 4382 2324 4427 ret
2353 4382 2589 4442 tantum,
2623 4375 2737 4444 ipso
2765 4390 2886 4432 cum
2914 4378 3125 4432 caeteris
3152 4390 3461 4450 conspecto,
3498 4382 3621 4437 inde
3639 4385 3814 4439 omnia

2242 4466 2507 4535 accipiens
2522 4508 2538 4533 ,
2561 4467 2911 4533 exclamavit,
2943 4466 3096 4522 Prior
3115 4486 3193 4523 me
3219 4481 3345 4524 erat.
3368 4471 3477 4527 Nos
3500 4484 3676 4528 autem
3697 4491 3814 4529 om-

2242 4573 2357 4621 nes,
2389 4557 2696 4624 duodecim,
2730 4560 2949 4614 trecenti
2974 4601 2989 4623 ,
3021 4562 3292 4632 quingenti
3312 4605 3325 4627 ,
3352 4573 3437 4619 ter
3466 4564 3639 4628 mille,
3663 4566 3817 4635 quin-

2240 4652 2390 4721 quies
2414 4652 2559 4707 mille
2578 4694 2594 4719 ,
2618 4652 2798 4707 multae
2818 4652 3120 4708 Judaaorum
3144 4656 3432 4726 myriades,
3455 4657 3627 4711 omnis
3651 4657 3817 4726 pleni-

2242 4743 2368 4797 tudo
2396 4742 2665 4808 lidelium,
2712 4744 2800 4813 qui
2832 4752 2957 4798 tunc
2987 4744 3134 4799 fuere
3155 4786 3171 4812 ,
3202 4746 3290 4816 qui
3320 4762 3494 4814 nunc,
3536 4747 3625 4817 qui
3657 4748 3813 4802 futuri

2239 4842 2397 4897 stmt,
2444 4830 2514 4888 de
2556 4833 2883 4902 plenitudine
2924 4834 3042 4904 ejus
3086 4837 3413 4907 accepimus.
3457 4837 3592 4905 Quid
3638 4847 3815 4892 autent

2239 4923 2575 4993 accepimus?
2602 4921 2837 4979 Gratiam
2870 4940 2965 4994 pro
2993 4927 3182 4995 gratia.
3216 4926 3384 4993 Quam
3411 4942 3507 4997 pro
3537 4943 3638 4997 qua
3662 4928 3683 4980 ?
3711 4928 3814 4982 Pro

2241 5016 2407 5070 veteri
2438 5030 2649 5070 novam.
2680 5015 2825 5071 Sicut
2845 5017 2985 5071 enim
3021 5028 3137 5074 erat
3162 5018 3363 5087 justitia
3389 5029 3443 5075 et
3466 5020 3695 5090 jusdtia,
3718 5019 3813 5076 Se-

2237 5108 2456 5162 cundum
2463 5109 2737 5179 justitiam,
2767 5109 2955 5181 inquit,
2973 5127 3088 5178 qua»:
3105 5111 3157 5166 in
3180 5111 3285 5183 lege
3301 5121 3393 5177 est,
3416 5115 3580 5184 factus
3599 5113 3811 5185 irrepre-

2238 5200 2495 5254 hensibilis
2521 5199 2777 5273 (Philipp.
2809 5203 2863 5256 3.
2888 5202 2945 5273 6)
2969 5220 2984 5267 ;
3026 5203 3149 5258 item
3178 5204 3312 5258 ﬁdes
3339 5215 3394 5259 et
3424 5203 3555 5259 lides
3580 5214 3663 5259 est
3691 5223 3705 5260 :
3734 5203 3815 5259 Es

2238 5293 2340 5361 ﬁde
2374 5293 2429 5346 in
2456 5293 2607 5359 ﬁdem
2644 5292 2820 5364 (Rom.
2866 5296 2917 5349 l.
2960 5296 3070 5364 l7);
3107 5296 3324 5366 adoptio
3356 5313 3566 5368 quoque
3604 5307 3656 5352 et
3686 5296 3815 5352 ado-

2238 5386 2390 5454 ptio:
2446 5384 2672 5452 Quorum
2713 5387 2920 5457 adoptio
2964 5386 3123 5457 (Ibid.
3170 5388 3224 5444 9.
3266 5389 3344 5459 4),
3396 5390 3598 5459 inquit;
3646 5390 3811 5459 gloria

2235 5491 2446 5546 quoque
2470 5477 2660 5547 duplex
2693 5495 2709 5533 :
2739 5478 2803 5534 Si
2840 5479 2973 5533 enim
3008 5481 3143 5550 quod
3187 5493 3458 5535 evacuatur
3482 5499 3572 5553 per
3598 5482 3814 5553 gloriam
3876 5552 3879 5553 ν

2235 5578 2330 5635 est,
2353 5567 2509 5623 multo
2529 5569 2691 5641 magis
2710 5570 2847 5639 quod
2868 5580 3033 5624 manet
3054 5571 3106 5625 in
3124 5570 3290 5642 gloria
3309 5570 3388 5642 (‘2.
3410 5571 3528 5628 Cor.
3549 5572 3603 5628 3.
3626 5573 3735 5641 ll);
3760 5584 3814 5629 et

2235 5661 2319 5716 lex
2363 5661 2555 5732 duplex
2587 5680 2600 5716 :
2632 5678 2753 5718 nam
2784 5663 2878 5726 ait,
2908 5661 3019 5718 Lex
3064 5664 3276 5734 spiritus
3308 5668 3423 5720 vita
3472 5665 3697 5723 liberavit
3736 5683 3812 5719 ms

2239 5753 2413 5824 (llam.
2445 5754 2497 5811 8.
2528 5753 2584 5824 2)
2610 5771 2624 5823 ;
2652 5764 2705 5810 et
2729 5755 2899 5846 epltus
2925 5754 3141 5828 duplex,
3185 5755 3408 5823 Quorum
3439 5758 3679 5824 servitus,
3719 5772 3811 5813 seu
