4094 6370
336 447 408 504 33
1364 440 1429 497 ΙΝ
1458 435 1773 496 JOANNEM
1822 434 1918 491 HO?

2024 467 2052 489 ..
2093 432 2235 491 XIV.
2276 435 2349 491 al.
2387 434 2522 493 XIII.
3542 443 3611 499 9b

335 559 539 623 cultus;
556 565 612 614 et
627 571 863 623 rursum,
882 556 1081 625 Spiritu
1097 554 1202 610 Deo
1216 554 1480 609 servientes
1497 554 1538 623 ¹(
1552 551 1746 622 Philip.
1762 550 1815 605 '5.
1835 549 1914 618 '5);

336 652 531 721 duplex
561 665 775 720 quoque
818 658 1194 704 testamentum
1224 666 1238 701 :
1273 646 1551 718 Disponam
1591 644 1729 698 vobis
1770 651 1920 697 testa—

337 753 558 798 mentum
584 758 789 808 novum,
821 758 923 795 non
949 742 1225 794 secundum
1256 749 1605 793 testamentum
1632 735 1768 807 quod
1808 734 1919 788 dis-

338 836 480 905 posui
542 851 664 888 cum
723 834 950 902 patribus
1002 834 1176 887 uestris
1227 830 1361 904 (Jer.
1412 832 1502 887 51.
1554 830 1675 900 3t);
1723 828 1919 899 duplex

332 939 547 994 quoque
590 923 975 988 sanctiﬁcatio,
1016 922 1212 992 duplex
1254 922 1553 990 baptisma,
1595 920 1791 989 duplex
1827 933 1918 974 sa-

329 1015 632 1080 criﬁcium,
662 1013 860 1083 duplex
885 1014 1171 1082 templum,
1202 1011 1399 1082 duplex
1442 1010 1813 1075 circumcisio;
1840 1009 1919 1064 sic

334 1115 389 1163 et
414 1106 620 1176 duplex
650 1106 839 1176 gratia.
884 1104 994 1161 Sed
1038 1105 1125 1159 illa
1167 1104 1381 1175 quidem
1408 1119 1507 1159 ceu
1547 1103 1712 1174 ﬁgura
1754 1110 1914 1167 sunt;

334 1197 451 1254 hcce
492 1206 552 1252 ut
599 1199 837 1253 veritas:
868 1212 988 1268 quat
1032 1197 1352 1267 homonyma
1395 1194 1641 1265 quidem,
1675 1194 1767 1249 sed
1809 1208 1916 1248 non

332 1303 632 1358 synonyma
654 1296 799 1343 sunt.
825 1286 958 1343 Nam
1000 1287 1055 1341 in
1085 1287 1223 1358 typis
1250 1295 1304 1341 et
1345 1285 1663 1356 imaginibus
1686 1285 1778 1355 qui
1821 1298 1917 1338 co-

334 1376 449 1433 lore
469 1378 593 1434 albo
618 1386 675 1432 et
699 1378 849 1449 nigro
870 1378 1120 1447 pingitur,
1143 1376 1304 1430 homo
1330 1384 1570 1438 vocatur,
1596 1382 1731 1427 utet
1758 1387 1918 1428 verus

338 1480 498 1522 homo
520 1469 703 1522 nativo
724 1470 906 1522 colore
935 1468 1220 1522 instructus
1249 1483 1265 1523 :
1294 1468 1344 1521 in
1367 1466 1555 1520 statuis
1576 1480 1787 1535 quoque
1816 1479 1915 1518 au-

335 1574 425 1614 rea
456 1559 678 1628 perinde
721 1570 879 1628 atque
926 1557 1138 1626 ﬁglina,
1179 1566 1351 1613 statua
1403 1557 1630 1621 dicitur;
1676 1554 1770 1609 sed
1822 1553 1912 1609 illa

338 1661 499 1723 typus
524 1662 684 1714 sunt,
714 1651 829 1705 hare
853 1652 1069 1706 veritas.

405 1741 461 1794 2.
491 1741 637 1795 Inter
662 1750 826 1795 cetera
865 1750 912 1795 et
952 1756 1081 1795 nova
1120 1739 1407 1793 discrimen.
1438 1767 1510 1777 —
1536 1737 1613 1792 Ne
1658 1737 1816 1807 igitur
1852 1751 1916 1791 ex

337 1833 613 1888 nominum
640 1833 911 1887 consortio
930 1872 945 1896 ,
976 1846 1064 1886 res
1085 1832 1300 1887 easdem
1321 1873 1334 1893 ,
1367 1830 1461 1885 sed
1490 1845 1659 1899 neque
1681 1829 1918 1883 diversas

335 1942 457 1982 esse
487 1936 662 1994 putes.
709 1923 842 1979 Nam
870 1925 920 1980 si
968 1936 1124 1996 typus
1157 1935 1304 1989 erat,
1353 1939 1457 1978 non
1499 1931 1616 1977 erat
1643 1923 1847 1977 alienus
1886 1938 1915 1976 a

335 2017 597 2084 veritate;
642 2017 689 2073 si
718 2017 958 2071 umbram
1004 2015 1289 2080 servabat,
1321 2014 1495 2067 minor
1522 2022 1636 2067 erat
1675 2012 1913 2065 veritate.

334 2108 474 2175 Quid
519 2123 650 2180 ergo
673 2107 995 2163 discriminis
1037 2117 1117 2161 est
1166 2107 1304 2161 inter
1349 2106 1460 2160 haec
1504 2106 1718 2159 omnia?
1749 2105 1917 2159 Vultis

336 2218 498 2255 unum
516 2212 607 2255 aut
624 2201 729 2255 duo
748 2216 811 2256 ex
829 2198 986 2254 dictis
1002 2199 1311 2253 tractemus?
1331 2198 1420 2253 Sic
1434 2207 1625 2252 cmtera
1640 2198 1791 2252 vobis
1808 2214 1919 2252 ma-

338 2295 526 2349 nifesta
555 2302 713 2349 erunt
738 2311 751 2348 :
774 2291 1177 2361 videbimusque
1207 2291 1290 2343 illa
1324 2304 1606 2360 puerorum
1630 2300 1914 2359 przccepla,

338 2387 451 2440 lnec
470 2387 699 2439 virorum
730 2383 943 2437 fortium
963 2383 1143 2445 fuisse;
1164 2381 1414 2451 illaquasi
1452 2380 1775 2440 hominibus,
1805 2380 1918 2434 hzec

336 2480 485 2548 quasi
513 2478 717 2547 angelis
739 2476 1051 2531 constituta.
1083 2474 1233 2529 Unde
1264 2474 1421 2543 igitur
1450 2472 1759 2528 ordiemur?
1789 2471 1916 2527 Vul-

338 2572 409 2624 tis
436 2558 503 2623 ab
530 2570 643 2640 ipsa
673 2567 961 2637 adoptione
987 2566 1302 2621 ordiamur?
1333 2565 1467 2632 Quid
1493 2565 1815 2620 discriminis
1839 2565 1919 2618 in-

339 2677 424 2717 ter
449 2665 586 2716 banc
616 2670 671 2716 et
698 2662 839 2715 illam
870 2660 990 2714 est?
1013 2660 1102 2715 illa
1130 2660 1341 2713 nomine
1368 2668 1521 2714 tenus
1547 2669 1689 2724 erat;
1721 2660 1835 2714 hmc
1861 2676 1919 2714 re

338 2754 473 2822 ipsa.
510 2753 585 2807 De
614 2753 699 2807 illa
727 2751 945 2817 dicitur,
976 2750 1087 2821 Ego
1114 2750 1221 2804 dixi
1242 2791 1257 2815 ,
1292 2750 1378 2803 Dii
1404 2751 1549 2815 estis,
1580 2760 1627 2804 et
1646 2750 1741 2819 ﬁlii
1763 2750 1919 2804 Altis-

335 2845 452 2898 simi
479 2860 654 2897 omnes
682 2841 857 2911 (Psal.
885 2843 974 2898 81.
1004 2843 1083 2913 6).
1114 2841 1189 2896 De
1213 2840 1313 2896 hac
1330 2851 1510 2898 autem
1528 2882 1545 2909 ,
1571 2841 1656 2897 Ea:
1679 2842 1785 2896 Deo
1811 2843 1920 2897 nati

333 2946 472 2991 sunt.
501 2935 782 3003 Quomodo
809 2942 866 2989 et
898 2949 1001 3005 qua
1053 2933 1298 2988 ratione?
1324 2933 1427 2988 Per
1451 2933 1722 2987 lavacrum
1765 2949 1920 3003 rege-

338 3028 630 3083 nerationis
646 3036 701 3081 et
717 3025 1076 3081 renovationis
1089 3025 1317 3096 Spiritus
1332 3026 1524 3079 sancti.
1538 3025 1606 3079 Et
1618 3025 1691 3079 illi
1704 3026 1917 3096 quidem

339 3132 620 3194 postquam
642 3122 731 3175 lilii
749 3120 997 3191 appellati
1019 3131 1163 3185 sunt,
1183 3119 1428 3187 spiritum
1459 3119 1730 3174 servitutis
1745 3118 1920 3174 adhuc

338 3217 609 3271 habebant
643 3232 656 3268 :
700 3231 820 3268 nam
847 3213 985 3269 servi
1011 3228 1131 3267 cum
1160 3222 1374 3277 essent,
1425 3212 1524 3266 hac
1566 3213 1919 3282 appellatione

337 3307 671 3362 ornabantur
697 3322 712 3369 ;
744 3321 842 3359 nos
867 3314 1047 3361 autem
1096 3302 1249 3359 liberi
1277 3314 1404 3358 tunc
1428 3303 1597 3359 etfecti
1623 3345 1639 3368 ,
1685 3318 1790 3357 non
1818 3319 1920 3356 no-

337 3399 483 3453 mine
500 3439 518 3464 ,
549 3397 648 3451 sed
677 3413 735 3450 re
762 3397 1021 3449 honorem
1048 3395 1368 3463 accepimus.
1401 3393 1469 3448 Et
1492 3393 1591 3447 hoc
1615 3393 1809 3448 Paulus
1833 3392 1919 3447 di-

340 3488 497 3544 cebat
526 3505 541 3542 :
575 3486 701 3541 Non
736 3488 868 3541 enim
911 3486 1172 3556 accepistis
1198 3485 1433 3554 spiritum
1455 3485 1702 3539 servitutis
1739 3486 1921 3539 iterum

339 3584 399 3635 in
421 3583 631 3645 timore,
658 3580 746 3633 sed
768 3579 1031 3649 accepistis
1056 3578 1309 3648 Spiritum
1333 3577 1622 3648 adoptionis
1659 3578 1883 3646 ﬁliorum
1900 3620 1914 3644 ,

340 3674 400 3726 iu
421 3688 520 3740 quo
546 3672 848 3733 clamamus,
880 3669 1021 3723 Abba
1042 3667 1200 3721 Pater
1231 3667 1406 3740 (Rom.
1434 3668 1488 3722 8.
1516 3668 1627 3740 15).
1671 3668 1919 3723 Generati

341 3778 573 3832 namque
618 3776 886 3832 superne,
934 3769 990 3815 et
1046 3770 1103 3815 ut
1140 3760 1211 3814 ita
1238 3760 1446 3825 dicam,
1488 3759 1798 3826 reformati,
1844 3761 1922 3817 sic

342 3856 514 3908 vocati
553 3868 739 3907 sumus
794 3852 905 3906 ﬁlii.
956 3850 1263 3907 Sanctitatis
1300 3866 1427 3905 vero
1471 3851 1684 3905 modum
1714 3852 1758 3906 si
1803 3852 1921 3921 quis

342 3946 623 4009 didicerit,
656 3944 774 4014 quis
802 3943 907 4006 hic,
938 3943 1055 4012 quis
1080 3941 1189 4006 ille,
1220 3942 1440 3995 multam
1473 3941 1559 3996 hic
1582 3957 1794 4012 quoque
1821 3942 1919 3998 dif-

343 4036 624 4090 ferentium
655 4036 871 4088 videbit.
902 4035 977 4088 Illi
1003 4048 1232 4104 namque
1257 4033 1469 4103 quando
1494 4033 1632 4088 idola
1658 4051 1762 4089 non
1779 4036 1923 4091 cole-

346 4132 491 4196 bant,
522 4148 642 4185 cum
673 4145 772 4185 nec
796 4128 1211 4191 iurnicabantur,
1243 4142 1342 4183 nec
1369 4127 1792 4195 mmehabantur,
1821 4129 1922 4185 hoc

345 4223 673 4279 vocabantur
716 4221 931 4276 nomine
961 4236 975 4272 :
1006 4235 1103 4273 nos
1150 4228 1329 4274 autem
1380 4234 1484 4272 non
1513 4219 1827 4275 abstinendo
1855 4220 1923 4274 ab

348 4317 455 4372 illis
484 4316 644 4370 rebus
676 4323 877 4367 tantum
904 4354 920 4380 ,
949 4311 1042 4367 sed
1068 4320 1122 4367 et
1152 4311 1350 4381 majora
1394 4310 1713 4380 possidendo
1751 4313 1921 4366 sancti

345 4408 628 4465 elﬁcimur.
664 4404 729 4459 Et
773 4406 942 4474 primo
967 4401 1178 4472 quidem
1208 4417 1275 4457 ex
1321 4402 1437 4472 ipso
1465 4402 1690 4471 Spiritus
1734 4403 1919 4471 illapsu

348 4500 451 4554 hoc
499 4497 877 4565 consequimur
923 4493 1119 4547 donum
1164 4510 1178 4546 :
1233 4492 1427 4547 deinde
1477 4508 1547 4547 ex
1610 4494 1717 4547 vita
1769 4494 1922 4564 longe

352 4589 723 4661 praestantiore
749 4602 904 4656 quam
932 4586 1170 4640 Judaica.
1200 4584 1265 4638 Et
1303 4599 1370 4638 ne
1393 4598 1460 4638 ex
1491 4584 1740 4653 jactantia
1781 4584 1920 4639 dicta

351 4694 541 4753 putes,
595 4679 718 4733 audi
764 4678 888 4748 quid
916 4678 1020 4731 illis
1043 4677 1223 4731 dicat:
1260 4674 1436 4729 Nolite
1486 4675 1720 4740 ldstrare,
1769 4693 1923 4746 neque

352 4775 627 4842 unriﬁcare
679 4772 812 4841 filios
860 4780 1067 4836 uestros,
1118 4770 1239 4839 quia
1279 4770 1497 4839 papulas
1541 4780 1743 4823 sanctus
1808 4771 1922 4824 estis

352 4864 539 4933 (Deut.
571 4863 658 4916 18.
685 4861 797 4930 10).
843 4860 1021 4930 Itaque
1044 4859 1181 4928 apud
1208 4859 1329 4913 illos
1352 4858 1466 4913 haec
1494 4861 1746 4915 sanctitas
1772 4870 1885 4915 erat
1903 4902 1919 4927 ,

349 4959 417 5011 ab
442 4956 706 5011 idolorqu
759 4953 961 5022 legibus
1004 4950 1305 5016 abstinere;
1334 4951 1473 5021 apud
1522 4967 1617 5005 nos
1641 4968 1769 5006 vero
1815 4969 1921 5007 non

351 5050 440 5115 ita,
463 5047 581 5112 sed,
605 5046 673 5102 Ut
692 5048 754 5100 sit
777 5057 970 5111 sancta,
994 5046 1177 5113 inquit,
1202 5061 1411 5113 corpore
1437 5054 1482 5097 et
1508 5045 1684 5115 spiritu
1703 5047 1779 5113 (1.
1803 5045 1919 5099 Car.

351 5143 400 5193 7.
429 5142 498 5196 34
520 5142 562 5209 ).
601 5138 790 5193 Pacem
838 5137 1187 5207 persequimini
1212 5147 1259 5189 et
1296 5137 1777 5206 sanctiﬁcationem,
1819 5142 1924 5193 sine

347 5253 444 5306 qua
469 5250 613 5288 nemo
650 5233 830 5286 videbit
875 5231 1147 5285 Dominum
1173 5229 1353 5301 (Hebr.
1378 5230 1463 5285 12.
1490 5230 1632 5301 14);
1664 5240 1749 5295 et,
1793 5230 1924 5285 Per-

351 5327 570 5392 ftcientes
597 5324 1044 5392 sanctiﬁcationem
1081 5324 1135 5377 in
1161 5323 1335 5375 timore
1358 5321 1454 5376 Dei
1496 5322 1590 5393 (2.
1614 5322 1731 5376 Cor.
1760 5323 1812 5375 7.
1843 5321 1919 5393 1).

350 5416 463 5471 Non
494 5416 637 5471 enim
669 5414 769 5469 hoc
793 5430 984 5469 nomen
1009 5456 1025 5481 ,
1049 5425 1262 5469 sanctus
1285 5456 1298 5475 .
1328 5414 1379 5468 in
1404 5414 1678 5480 omnibus,
1710 5414 1777 5469 de
1802 5415 1921 5483 qui-

352 5507 450 5562 bus
495 5506 710 5570 dicitur,
768 5505 1007 5560 eamdem
1059 5506 1215 5560 habet
1268 5506 1732 5576 signiﬁcationem.
1790 5506 1921 5560 Nam

354 5599 488 5652 Deus
510 5606 729 5652 sanctus
772 5595 983 5661 dicitur,
1013 5595 1107 5650 sed
1136 5610 1240 5649 non
1269 5596 1405 5649 sicut
1432 5610 1551 5650 nos.
1598 5596 1728 5651 Cum
1774 5597 1919 5651 enim

352 5690 606 5760 propheta
645 5687 783 5741 hanc
811 5701 993 5741 vocem
1035 5702 1066 5740 a
1090 5686 1397 5756 Seraphinis
1421 5687 1621 5741 audivit
1645 5728 1661 5754 ,
1703 5687 1920 5744 attende

422 5886 440 5919 ³
476 5892 612 5936 Juxta
648 5885 769 5934 alios
802 5884 1065 5945 legendum
1088 5894 1240 5942 esset,
1273 5885 1469 5950 Spiritui
1505 5885 1592 5937 Dei
1614 5884 1891 5937 servientes.

680 5968 945 6025 Pnaon.
994 5970 1107 6027 Gn.
1162 5968 1318 6028 LIX.

2034 547 2161 618 quid
2180 548 2401 605 dixerit:
2422 549 2522 604 Hei
2540 550 2681 618 mihi,
2705 552 2857 605 miser
2880 569 2969 623 ego
2987 553 3028 619 ί,
3045 553 3163 620 quia
3188 553 3338 609 homo
3356 571 3468 610 cum
3492 560 3605 620 sim,

2026 642 2228 711 impura
2257 643 2391 697 labia
2417 644 2575 697 habeo
2595 686 2610 708 ,
2654 653 2699 697 et
2738 646 2789 698 in
2818 646 2979 699 medio
3006 646 3182 716 papuli
3231 648 3435 717 impura
3475 647 3610 703 labia

2027 735 2253 788 habentis
2276 752 2366 807 ego
2395 735 2563 789 habito
2588 736 2738 808 (lsai.
2789 736 2841 792 6.
2874 738 2953 804 5).
2980 738 3092 792 Etsi
3120 737 3208 793 ille
3232 749 3286 794 et
3314 752 3531 795 sanctus
3556 750 3611 797 et

2025 841 2191 896 purus
2233 837 2397 881 esset.
2446 826 2644 882 Verum
2694 827 2739 882 si
2785 837 3020 883 nostram
3071 844 3467 900 cum‘superna
3520 833 3606 885 illa

2024 916 2356 971 sanctitatem
2384 932 2777 986 comparemus,
2819 920 3008 989 impuri
3033 936 3237 976 smnus.
3267 922 3447 977 Sancti
3474 935 3601 978 sunt

2023 1007 2219 1078 angeli,
2249 1009 2418 1063 sancti
2439 1018 2565 1062 sunt
2588 1010 2915 1076 archangeli,
2939 1021 2993 1065 et
3014 1010 3302 1065 Cherubim
3323 1023 3483 1083 atque
3503 1013 3605 1069 Se-

2023 1099 2228 1168 raphim
2256 1115 2272 1166 ;
2303 1099 2398 1154 sed
2430 1099 2584 1168 hujus
2613 1102 2909 1155 sanctitatis
2933 1102 3036 1155 alia
3063 1117 3271 1157 rursum
3297 1104 3598 1160 diﬁ'erentia

2021 1197 2104 1242 est
2131 1189 2271 1243 inter
2291 1205 2387 1245 nos
2414 1189 2660 1245 videlicet
2682 1199 2737 1245 et
2764 1192 3069 1261 superiores
3099 1193 3216 1247 illas
3238 1205 3530 1264 potestates
3557 1198 3601 1254 ’.

2023 1279 2241 1336 Possem
2266 1293 2460 1337 caetera
2489 1285 2668 1337 omnia
2699 1285 2967 1354 persequi,
2998 1285 3089 1340 sed
3116 1287 3272 1342 video
3300 1290 3599 1345 orationem

2024 1371 2233 1441 longius
2286 1389 2659 1444 progressam;
2737 1386 3063 1447 quapropter
3113 1377 3367 1435 ulteriore
3442 1381 3602 1436 missa

2023 1465 2436 1535 perquisitione,
2497 1468 2647 1521 vobis
2714 1478 2907 1523 caetera
2958 1470 3283 1539 exploranda
3333 1473 3605 1543 relinque-

2025 1571 2163 1609 mus.
2196 1555 2358 1611 Vobis
2384 1558 2525 1610 enim
2554 1556 2676 1612 licet
2698 1558 2842 1612 domi
2871 1559 2985 1614 haec
3003 1559 3321 1630 colligendo,
3352 1562 3603 1618 differen-

2026 1647 2148 1699 tiam
2177 1648 2563 1711 internoscere,
2608 1658 2663 1703 et
2706 1650 2910 1718 reliqua
2938 1651 3187 1705 similiter
3214 1653 3480 1723 indagare.
3516 1652 3602 1707 Da

2021 1739 2257 1807 sapienti,
2298 1740 2484 1810 inquit,
2522 1741 2866 1806 occasionem,
2906 1752 2953 1795 et
2991 1744 3264 1812 sapientior
3290 1746 3382 1796 erit
3416 1742 3595 1816 (Prov.

2021 1830 2076 1885 9.
2104 1831 2181 1899 9).
2211 1832 2421 1886 Initium
2451 1847 2677 1902 namque
2712 1848 2743 1886 a
2768 1835 2919 1887 nobis
2954 1844 3054 1899 est,
3090 1835 3209 1890 linis
3236 1837 3337 1890 erit
3365 1852 3394 1890 a
3426 1836 3597 1895 vobis.

2021 1922 2209 1991 Opera:
2236 1925 2464 1992 pretium
2487 1937 2662 1979 autem
2693 1936 2776 1979 est
2802 1928 2995 1981 seriem
3021 1928 3288 1997 persequi.

2104 2015 2333 2069 Gratiam
2360 2035 2451 2088 pro
2478 2019 2642 2086 gratia
2670 2018 2794 2088 quid
2820 2020 3324 2089 signiﬁcet.—Cum
3355 2020 3595 2090 dixisset,

2032 2107 2110 2161 De
2148 2110 2455 2177 plenitudine
2479 2122 2647 2164 autent
2673 2112 2782 2181 ejus
2826 2130 2915 2166 nos
2944 2130 3114 2165 omnes
3141 2116 3446 2183 accepimus,
3475 2116 3599 2169 sub-

2021 2201 2174 2267 didit,
2201 2202 2264 2255 Et
2286 2205 2500 2272 gratiam
2524 2221 2614 2270 pro
2636 2207 2797 2273 gratia
2819 2206 3138 2261 :ostendens
3157 2206 3369 2263 Judzeos
3388 2224 3599 2278 quaque

2024 2307 2121 2360 per
2145 2294 2369 2362 gratiam
2414 2296 2592 2348 salvos
2623 2297 2801 2350 fuisse.
2832 2296 2945 2351 Non
2987 2300 3126 2351 enim
3157 2299 3295 2368 quod
3346 2301 3600 2371 rutilti‘pli-

2019 2383 2122 2437 cati
2150 2384 2305 2451 sitis,
2357 2384 2448 2439 sed
2491 2396 2708 2456 propter
2753 2396 2926 2456 patres
2973 2398 3177 2442 vestros
3217 2390 3352 2459 elegi
3400 2407 3513 2445 vos.
3542 2391 3598 2446 Si

2021 2489 2149 2543 ergo
2175 2491 2279 2529 non
2308 2492 2372 2529 ex
2404 2478 2631 2546 pmpriis
2656 2479 2860 2532 meritis
2885 2494 2914 2532 a
2943 2478 3052 2532 Deo
3074 2480 3227 2534 electi
3253 2490 3396 2546 sunt,
3422 2484 3595 2552 palam

2021 2580 2115 2619 eos
2166 2581 2262 2635 per
2283 2567 2507 2635 gratiam
2539 2566 2678 2621 hunc
2698 2584 2816 2622 esse
2842 2579 3196 2638 consequutos
3220 2568 3498 2627 honorem.
3531 2574 3598 2628 Et

2020 2672 2118 2711 nos
2149 2672 2358 2727 quoque
2387 2660 2554 2728 gratia
2598 2659 2730 2713 salvi
2758 2657 2880 2715 facti
2910 2676 3093 2716 sumus
3122 2678 3135 2715 :
3163 2664 3259 2717 sed
3290 2679 3394 2717 non
3434 2664 3594 2719 simili

2023 2749 2202 2802 modo.
2248 2739 2430 2817 Neque
2473 2750 2613 2804 enim
2659 2750 2844 2805 iisdem
2893 2753 2944 2806 in
2985 2754 3181 2817 rebus,
3212 2754 3304 2809 sed
3332 2755 3385 2809 in
3429 2757 3596 2810 multo

2022 2839 2311 2908 majoribus
2333 2850 2386 2895 et
2406 2841 2825 2896 sublimioribus.
2854 2842 2969 2897 Non
2996 2844 3174 2913 itaque
3203 2845 3324 2900 talis
3345 2856 3428 2900 est
3455 2847 3594 2915 apud

2023 2946 2120 2984 nos
2161 2932 2349 3001 gratia.
2397 2929 2579 3000 Neque
2623 2932 2765 2986 enim
2813 2940 3147 3002 peccatorum
3199 2944 3401 2989 tantum
3442 2938 3594 2990 venia

2022 3022 2177 3078 nobis
2202 3022 2391 3077 collata
2421 3034 2539 3087 est;
2574 3023 2730 3093 hujus
2770 3039 2998 3096 namque
3028 3041 3148 3081 cum
3178 3026 3281 3081 illis
3320 3038 3597 3083 consortes

2021 3131 2204 3171 sumus
2236 3134 2251 3169 :
2282 3131 2469 3170 omnes
2513 3117 2657 3171 enim
2700 3127 3087 3187 peccaverunt;
3114 3119 3208 3174 sed
3236 3120 3393 3175 datur
3436 3121 3595 3177 etiam

2017 3209 2219 3278 justitia
2245 3250 2260 3274 ,
2292 3208 2646 3263 sanctiﬁcatio
2667 3250 2682 3275 ,
2710 3211 2924 3279 ad0ptio
2942 3252 2955 3273 ,
2982 3210 3208 3280 Spiritus
3229 3215 3398 3283 gratia
3442 3216 3599 3285 longe

2022 3302 2354 3371 Splendidior
2398 3313 2452 3357 et
2504 3303 2739 3357 uberior.
2784 3304 2888 3358 Per
2917 3304 3053 3358 hanc
3088 3307 3310 3375 gratiam
3344 3306 3450 3362 Deo
3487 3309 3596 3364 cari

2023 3393 2143 3448 facti
2169 3408 2381 3456 sumus,
2410 3408 2516 3447 non
2546 3394 2682 3448 ultra
2716 3404 2776 3448 ut
2799 3395 2936 3449 servi
2964 3405 3167 3452 tantum
3188 3439 3204 3463 ,
3232 3396 3325 3452 sed
3350 3400 3511 3454 etiam
3539 3410 3599 3454 ut

2025 3485 2117 3539 lilii
2145 3494 2199 3540 et
2219 3486 2395 3539 amici.
2421 3485 2545 3539 Ideo
2572 3486 2762 3556 inquit,
2790 3485 3019 3540 Gratiam
3050 3504 3141 3556 pro
3160 3490 3347 3559 gratia.
3381 3490 3590 3544 Etenim

2022 3576 2209 3646 legalia
2239 3591 2449 3647 quoque
2475 3592 2541 3630 ex
2561 3576 2728 3646 gratia
2751 3585 2926 3642 erant,
2951 3593 3157 3633 necnon
3179 3579 3320 3649 quod
3340 3595 3403 3635 ex
3433 3580 3598 3635 nihilo

2026 3668 2146 3723 facti
2176 3669 2343 3724 simus
2372 3687 2385 3721 :
2411 3684 2515 3723 non
2538 3669 2679 3724 enim
2705 3685 2768 3722 ex
2792 3670 3216 3739 praecedentibus
3238 3673 3439 3727 meritis
3463 3673 3598 3729 hanc

2024 3760 2503 3815 remunerationem
2550 3761 2893 3831 accepimus:
2924 3761 3196 3831 quomodo
3240 3765 3425 3832 enim,
3471 3781 3591 3821 cum

2023 3867 2128 3907 non
2140 3850 2411 3907 essemus?
2426 3850 2518 3906 sed
2535 3850 2672 3906 Deus
2691 3866 2901 3923 semper
2916 3851 3188 3908 beneﬁciis
3205 3870 3303 3910 nos
3323 3857 3597 3926 praevenit.

2023 3940 2137 3996 Non
2161 3940 2319 3996 modo
2331 3956 2452 3996 cum
2474 3956 2571 3996 nos
2600 3956 2663 3996 ex
2690 3942 2858 3997 nihilo
2880 3942 3146 4013 produxit,
3170 3945 3263 4000 sed
3288 3946 3446 4001 etiam
3476 3964 3599 4003 cum

2023 4033 2214 4088 creatis
2226 4032 2314 4088 dat
2326 4042 2379 4087 ut
2394 4048 2511 4103 quae
2523 4032 2867 4104 agenda,quaz
2882 4050 2987 4090 non
3005 4036 3205 4106 agenda
3223 4048 3342 4093 sunt
3358 4041 3587 4095 sciamus

2025 4134 2079 4180 et
2099 4125 2235 4181 hanc
2264 4127 2318 4180 in
2340 4136 2529 4181 natura
2554 4126 2722 4195 legem
2753 4128 3123 4183 nanciscamur
3150 4148 3162 4183 :
3191 4140 3245 4185 et
3264 4133 3404 4201 quod
3448 4133 3601 4187 nobis

2025 4219 2367 4274 conscientia:
2398 4218 2629 4273 tribunal
2657 4219 3020 4289 incorruptum
3042 4221 3310 4288 indiderit,
3341 4224 3390 4277 id
3419 4226 3601 4294 gratim

2026 4313 2271 4365 maxima
2312 4317 2369 4364 et
2415 4309 2696 4365 ineﬁ'abilis
2745 4311 3083 4382 benignitatis
3128 4313 3244 4368 fuit.
3276 4314 3426 4381 Quod
3474 4317 3600 4372 item

2026 4401 2163 4456 hanc
2194 4401 2363 4471 legem
2403 4400 2511 4469 jam
2542 4410 2844 4470 corruptam
2869 4443 2883 4466 ,
2911 4416 3007 4470 per
3031 4403 3279 4473 scriptam
3311 4405 3479 4475 legem
3510 4423 3599 4463 re-

2026 4493 2363 4553 stauraverit,
2394 4492 2443 4546 id
2474 4493 2658 4561 gratiae
2687 4502 2820 4547 erat.
2856 4493 2985 4547 Nam
3014 4506 3425 4552 consentaneum
3446 4511 3597 4569 erat,

2030 4591 2087 4636 ut
2114 4583 2201 4652 qui
2236 4583 2399 4637 semel
2431 4582 2607 4636 datam
2633 4585 2800 4653 legem
2830 4584 3239 4651 adulterassent,
3266 4590 3522 4658 supplicio
3548 4601 3603 4647 et

2028 4673 2213 4729 ultioni
2254 4673 2612 4727 traderentur.
2644 4673 2759 4727 Non
2792 4673 2893 4729 hoc
2920 4685 3098 4730 autem
3132 4676 3325 4731 factum
3370 4691 3478 4743 est;
3508 4684 3599 4737 sed

2026 4779 2276 4819 concessa
2307 4775 2387 4818 est
2409 4764 2732 4830 emendatio,
2765 4774 2818 4820 et
2847 4767 3000 4820 venia
3033 4783 3137 4822 non
3166 4767 3364 4833 debita,
3394 4775 3485 4828 sed
3510 4792 3604 4844 per

2028 4855 2445 4911 misericordiam
2476 4864 2531 4910 et
2555 4856 2777 4926 gratiam
2809 4856 2950 4911 data.
2983 4857 3134 4925 Quod
3157 4862 3297 4915 enim
3325 4863 3374 4917 id
3400 4880 3462 4918 ex
3484 4882 3601 4935 gra-

2030 4947 2096 5001 tia
2128 4956 2181 5001 et
2203 4946 2562 5001 misericordia
2582 4947 2856 5016 prodierit,
2879 4948 3266 5006 audiDavidem
3293 4952 3558 5010 dicentem
3583 4973 3600 5011 :

2029 5039 2244 5093 Faciem
2293 5040 2663 5093 misericordias
2696 5036 2948 5094 Dominus
2970 5082 2987 5108 ,
3030 5051 3079 5096 et
3092 5045 3347 5112 judicium
3375 5048 3603 5103 omnibus

2026 5132 2265 5202 injuriam
2292 5130 2616 5199 patientibus.
2649 5129 2814 5184 Notas
2850 5134 2967 5202 fecit
2988 5133 3093 5187 vias
3120 5151 3240 5189 suos
3266 5135 3454 5207 Moysi,
3482 5140 3604 5208 ﬁliis

2027 5222 2191 5276 Israel
2216 5224 2495 5276 voluntates
2516 5237 2633 5275 suas
2656 5221 2675 5293 (
2699 5220 2846 5276 Psal.
2878 5222 3002 5277 102.
3030 5223 3085 5279 6.
3108 5236 3154 5279 et
3174 5226 3206 5280 7
3227 5227 3271 5298 ).
3299 5227 3367 5281 Ει
3386 5228 3600 5286 iterum:

2030 5313 2208 5366 Dulcis
2263 5322 2309 5365 et
2348 5321 2515 5365 rectus
2565 5309 2854 5376 Dominus;
2892 5326 3096 5384 prapter
3123 5317 3218 5371 hoc
3252 5318 3412 5388 legem
3461 5321 3607 5375 dabit

2027 5404 2424 5473 delinquentibus
2449 5404 2500 5457 in
2528 5405 2607 5458 via
2635 5404 2652 5471 (
2682 5403 2820 5459 Ibid.
2844 5402 2934 5461 24.
2966 5406 3067 5477 8).

2092 5582 2109 5613 ί
2146 5586 2255 5629 Post
2275 5577 2413 5637 illud,
2436 5576 2583 5626 miser
2597 5590 2702 5642 ego,
2726 5577 2891 5642 Morel.
2919 5585 2970 5627 et
2984 5583 3091 5642 μεθ.
3112 5578 3247 5642 pauci
3272 5577 3475 5642 addunt,
3494 5579 3605 5633 mu.

2186 5630 2521 5703 compunctus;
2544 5630 2766 5689 sed'h'aee
2785 5639 2963 5688 desunt
2986 5640 3035 5687 in
3056 5630 3194 5689 Sa'vil.
3224 5646 3278 5690 et
3294 5643 3345 5690 in
3367 5630 3475 5694 Mss:
3504 5630 3603 5709 plu.

2024 5715 2297 5828 l.mrﬁiuuta
2320 5759 2504 5816 Morel.,
2530 5759 2795 5828 legendum
2828 5768 2993 5828 esset,
3011 5761 3097 5811 sed
3120 5764 3347 5815 sanctitas
3388 5768 3475 5818 Dei
3504 5776 3604 5820 ttun

2023 5824 2265 5875 sanctitati
2285 5828 2461 5873 nostra:
2481 5830 2584 5891 tum
2606 5823 2846 5891 sanctitati
2869 5828 3170 5887 potestatum,
3196 5837 3309 5887 que
3344 5840 3493 5891 supra
3516 5845 3598 5881 uos

2026 5892 2150 5944 sunt,
2174 5890 2371 5946 prastat
2394 5890 2440 5934 et
2459 5881 2708 5933 dissimilis
2730 5890 2819 5932 est.
