4094 6370
466 414 531 467 95
1176 412 1229 468 S.
1270 412 1547 471 JOANNIS
1584 412 2057 471 CIIRYSOS'I'OMI
2098 414 2407 471 ARCHIEP.
2439 419 2970 480 CONSTANTINOP.

537 535 590 588 5.
633 531 1011 588 Misericordia:
1056 532 1213 600 igitur
1247 542 1301 586 et
1345 533 1746 587 miserationum
1777 541 1831 585 et
1866 530 2049 600 gratia:

471 639 605 692 opus
650 622 781 678 illud
810 634 891 678 est
912 663 931 690 ,
964 623 1133 693 legem
1170 624 1435 692 accipere.
1484 622 1610 677 ldeo
1637 637 1757 677 cum
1787 622 2047 690 dixisset,

468 715 698 769 Gratiam
725 734 820 787 pro
840 717 1022 787 gratia,
1056 715 1425 770 vehementius
1453 716 1470 746 ¹
1504 714 1852 785 magnitudini
1879 713 2050 768 dono-

468 825 586 864 rum
634 810 887 864 insistens
934 808 1206 878 subjungit
1234 824 1248 862 :
1281 810 1366 862 l7.
1405 806 1508 862 Lex
1544 824 1634 879 per
1665 806 1890 879 Moysen:
1930 806 2051 860 data

466 911 571 967 est,
626 900 791 972 gratia
835 910 883 954 et
928 899 1109 953 veritas
1138 915 1227 968 per
1264 897 1440 952 Jesum
1484 898 1741 953 Christum
1771 897 1909 966 facta
1952 906 2045 950 est.

469 992 655 1047 Videte
682 1007 846 1062 quam
878 990 1088 1061 placide
1117 1005 1179 1045 ac
1200 991 1455 1060 paulatim
1486 1006 1592 1044 uno
1617 990 1783 1045 verbo
1811 998 1866 1044 et
1893 989 2050 1044 Joan-

468 1099 567 1138 nes
614 1084 851 1153 Baptista
894 1092 947 1138 et
981 1082 1274 1152 discipulus
1315 1082 1382 1137 ad
1433 1098 1736 1152 supremam
1775 1082 2046 1138 auditores

465 1177 823 1247 cognitionem
864 1175 1125 1240 evehant,
1154 1187 1435 1245 postquam
1474 1192 1567 1229 eos
1595 1176 1647 1230 in
1675 1175 2044 1229 humilioribus

462 1270 860 1324 exercitarunt?
885 1268 977 1324 llle
1001 1284 1228 1339 namque
1249 1277 1528 1339 postquam
1548 1283 1727 1324 secum
1749 1269 2046 1323 contulerat

463 1374 610 1427 eum,
634 1359 725 1428 qui
760 1360 876 1412 sine
904 1360 1305 1429 comparatione
1333 1374 1521 1412 omnes
1548 1359 1796 1423 excedit,
1828 1360 1905 1412 sic
1928 1358 2044 1427 ejus

462 1461 643 1519 postea
684 1450 1053 1505 excellentiam
1104 1450 1337 1505 ostendit
1383 1449 1608 1505 dicens:
1659 1449 1759 1516 Qui
1804 1459 1923 1502 ante
1965 1464 2045 1502 me

460 1544 626 1614 factus
669 1551 774 1605 est;
807 1541 999 1596 deinde
1028 1541 1265 1595 subdens
1297 1541 1445 1605 illud,
1480 1538 1635 1594 Prior
1661 1557 1741 1594 me
1778 1548 1885 1593 erat
1910 1555 1928 1593 :
1954 1538 2043 1593 hic

460 1650 587 1688 vero
613 1634 780 1688 multo
806 1633 982 1703 majus
1013 1632 1279 1702 prtestitit,
1307 1634 1484 1687 minus
1517 1640 1694 1687 tamen
1719 1646 1875 1702 quam
1906 1631 2040 1688 Uni-

457 1726 621 1795 geniti
648 1726 876 1795 dignitas
909 1725 1223 1795 postularet.
1258 1724 1375 1779 Non
1407 1724 1553 1779 enim
1577 1723 1768 1779 Joanni
1788 1765 1804 1791 ,
1836 1723 1930 1779 sed
1957 1724 2037 1791 ei,

457 1817 545 1885 qui
575 1815 762 1885 majori
789 1832 944 1886 quam
978 1816 1212 1871 Joannes
1241 1817 1380 1887 apud
1409 1815 1625 1871 Judznos
1656 1825 1772 1871 erat
1801 1815 2026 1870 admira-

459 1909 611 1974 tioni,
641 1909 804 1981 Moysi
836 1925 1049 1979 nempe,
1076 1910 1248 1979 ipsum
1276 1918 1553 1980 comparat
1577 1909 1782 1977 dicens,
1813 1908 1922 1964 Leu:
1949 1927 2039 1980 per

460 2000 515 2055 Μ
521 2019 691 2072 oysem
723 2003 843 2055 data
866 2012 958 2067 est,
988 2004 1156 2073 gratia
1182 2012 1229 2057 et
1256 2002 1439 2057 veritas
1466 2019 1554 2073 per
1581 2004 1612 2057 .f
1621 2020 1758 2057 esum
1783 2002 2037 2057 Christum

457 2098 594 2165 facta
620 2104 713 2149 est.
744 2095 811 2149 Et
834 2094 954 2150 vide
992 2094 1351 2166 prudentiam.
1383 2095 1496 2151 Non
1541 2110 1911 2165 personarum,
1939 2095 2034 2150 sed

458 2201 634 2239 rerum
663 2185 1095 2255 disquisitionem
1123 2185 1269 2241 facit.
1296 2186 1428 2240 Nam
1457 2202 1578 2241 cum
1610 2201 1698 2241 res
1722 2187 1850 2256 ipszc
1882 2187 2036 2256 longe

459 2278 687 2346 majores
714 2278 1230 2344 demonstrarentur,
1262 2279 1567 2333 necessario
1590 2278 1778 2348 ingrati
1810 2278 1884 2332 illi
1908 2294 2035 2333 scn-

457 2371 673 2424 tentiam
716 2381 770 2425 et
798 2372 1104 2439 opinionem
1132 2370 1199 2425 de
1225 2371 1440 2427 Christo
1469 2372 1719 2441 excipere
1745 2372 2031 2428 debebant.

454 2461 588 2517 Cum
614 2464 754 2518 enim
782 2479 944 2533 Opera
968 2464 1103 2535 ipsa,
1128 2480 1245 2533 qua:
1264 2465 1462 2519 nullam
1493 2465 1722 2520 habeant
1742 2466 1822 2520 vel
1850 2467 2033 2536 gratiae

455 2554 536 2607 vel
581 2554 687 2607 odii
737 2555 1139 2623 suspicionem,
1189 2554 1583 2621 testiﬁcantur,
1618 2569 1821 2611 certum
1873 2559 2031 2611 etiam

454 2645 847 2713 impudentibus
874 2646 1116 2714 prmbent
1147 2647 1418 2701 indicium.
1451 2647 1580 2702 Nam
1622 2648 1795 2719 qualia
1822 2648 1908 2703 illa
1936 2666 2030 2704 au-

451 2747 626 2791 ctores
663 2738 944 2793 ediderunt
971 2779 986 2804 ,
1032 2740 1156 2794 talia
1199 2750 1417 2796 manent
1459 2752 1511 2797 et
1549 2744 1833 2813 conspicua
1865 2753 2028 2799 sunt:

448 2833 793 2900 quamobrem
820 2832 963 2886 omni
1000 2834 1302 2902 suspicione
1330 2844 1383 2888 et
1413 2836 1728 2905 exceptione
1756 2837 1926 2907 majus
1951 2846 2033 2892 est

451 2924 662 2978 illorum
698 2925 1081 2980 testimonium.
1116 2927 1494 2983 Animadverte
1522 2937 1699 2983 autem
1727 2945 1883 2999 quam
1911 2946 2029 2985 mo-

446 3016 650 3071 dcstam
674 3016 828 3070 faciat
855 3018 1307 3086 comparationem
1336 3020 1496 3073 etiam
1520 3020 1657 3088 apud
1686 3020 2027 3076 infirmiores.

447 3107 562 3161 Non
584 3109 723 3161 enim
744 3108 1111 3163 excellentiam
1141 3109 1283 3164 illam
1308 3111 1485 3165 verbis
1504 3112 1733 3179 extollit,
1757 3113 1848 3167 sed
1872 3112 2028 3169 nudis

446 3199 749 3255 nominibus
800 3198 1152 3254 diﬂ‘erentiam
1201 3201 1475 3270 ostendit,
1532 3202 1659 3257 dum
1703 3205 1927 3273 gratiam
1972 3214 2027 3259 et

444 3290 739 3353 veritatem,
771 3289 893 3359 legi,
927 3300 980 3345 et
1010 3291 1145 3345 hanc
1171 3307 1375 3360 vocem,
1407 3292 1572 3347 Facta
1597 3307 1689 3360 est,
1716 3294 1858 3358 huic,
1888 3295 2027 3351 Data

443 3393 513 3435 est
535 3422 548 3443 ,
582 3382 820 3450 opponit.
849 3382 1065 3436 Multum
1097 3394 1273 3439 autem
1326 3394 1408 3441 cst
1435 3387 1576 3441 inter
1603 3396 1885 3459 utramque
1911 3388 2024 3443 dis-

442 3475 661 3529 crimen.
690 3473 823 3529 Nam
858 3475 1004 3543 illud,
1032 3475 1164 3531 Data
1189 3488 1280 3546 est,
1315 3479 1541 3534 ministri
1566 3489 1699 3545 erat,
1723 3481 1811 3552 qui
1832 3481 1898 3536 ab
1918 3483 2024 3537 alio

441 3576 717 3636 acceptum
743 3567 890 3622 dedit
912 3568 1298 3638 quibusjussus
1327 3579 1478 3636 erat;
1508 3569 1639 3625 illud
1665 3586 1790 3627 vero
1812 3613 1828 3639 ,
1858 3572 2022 3628 Facta

443 3669 554 3724 est,
586 3663 752 3730 gratia
779 3671 832 3717 ct
857 3664 1054 3717 veritas
1079 3705 1092 3728 ,
1140 3665 1298 3735 Regis
1338 3675 1419 3721 est
1462 3666 1554 3736 qui
1597 3682 1718 3722 cum
1759 3678 2021 3738 potestate

440 3762 659 3819 peccata
707 3755 890 3807 omnia
916 3754 1171 3824 dimittit,
1215 3767 1269 3811 et
1310 3757 1506 3812 donum
1541 3759 1804 3829 praeparat
1842 3777 2017 3817 suum.

438 3843 794 3910 Quamobrem
822 3846 1053 3912 dicebat,
1083 3848 1419 3904 Dimittuntur
1463 3852 1549 3904 tibi
1581 3864 1786 3922 peccata
1812 3852 1832 3925 (
1850 3852 2016 3910 Marc.

437 3935 491 3987 2.
523 3935 577 4006 9)
602 3954 616 4000 ;
635 3948 687 3991 et
716 3953 945 4005 rursum,
970 3939 1037 3994 Ut
1062 3952 1227 3994 autem
1247 3943 1415 3997 sciatis
1433 3946 1551 4013 quia
1567 3955 1857 4014 potestatem
1874 3947 2022 4001 habet

448 4031 492 4084 F
494 4032 612 4087 ilius
650 4034 866 4088 hominis
907 4038 959 4088 in
999 4047 1131 4091 terra
1157 4039 1439 4094 dimittendi
1483 4054 1721 4111 peccata,
1758 4045 1829 4099 ait
1866 4063 2019 4116 para-

439 4126 612 4197 lytico:
631 4126 856 4197 Surgens
872 4130 990 4183 tolle
1009 4132 1187 4184 lectum
1204 4141 1361 4198 tuum,
1386 4142 1430 4186 et
1447 4138 1570 4188 vade
1588 4135 1639 4188 in
1656 4136 1860 4190 domum
1879 4147 2017 4193 tuam

438 4218 594 4290 (Ibid.
629 4236 673 4273 υ.
709 4221 794 4275 10.
829 4230 872 4273 et
901 4222 960 4275 ll
998 4222 1037 4290 ).
1072 4221 1261 4276 Viden'
1287 4225 1554 4292 quomodo
1579 4229 1747 4297 gratia
1779 4244 1873 4297 per
1892 4245 2012 4285 eum

440 4312 566 4364 ﬁat?
597 4311 895 4367 Veritatem
924 4328 1137 4384 quoque
1163 4314 1303 4369 vide.
1328 4315 1565 4371 Gratiam
1598 4319 1791 4388 igitur,
1821 4329 1875 4375 et
1900 4320 2014 4375 haec

434 4410 487 4453 et
516 4417 633 4470 qum
660 4401 725 4455 ad
757 4404 1013 4457 latronem
1038 4413 1304 4473 spectant,
1334 4415 1388 4460 et
1417 4405 1751 4477 baptismatis
1772 4408 1972 4465 donum
1993 4452 2009 4480 ,

433 4502 485 4547 et
506 4490 732 4561 Spiritus
759 4495 925 4564 gratia
948 4510 1042 4564 per
1064 4498 1233 4564 ipsum
1260 4497 1381 4551 data
1398 4499 1418 4528 ¹
1448 4500 1733 4554 ostendunt
1759 4518 1774 4566 ;
1804 4516 2011 4556 necnon

433 4583 535 4637 alia
578 4584 801 4654 plurima
837 4602 850 4637 :
884 4588 1160 4640 veritatem
1206 4597 1384 4643 autem
1438 4589 1767 4646 manifestius
1811 4592 2012 4647 intelli-

440 4688 649 4743 gemus,
679 4675 721 4728 si
746 4675 938 4745 ﬁguras
956 4676 1319 4732 didicerimus.
1349 4678 1483 4734 Nam
1510 4697 1628 4750 qua:
1655 4681 1707 4736 in
1734 4682 1883 4738 Novo
1908 4683 2012 4740 Te-

436 4773 701 4818 stamento
726 4764 1083 4834 diSpensanda
1134 4778 1322 4836 erant,
1352 4770 1534 4841 ﬁgura:
1564 4774 1709 4841 prius
1745 4782 1803 4828 ut
1829 4774 2011 4846 ﬁgurae

433 4856 844 4926 descripserant;
867 4857 1107 4913 Christus
1141 4868 1318 4915 autem
1332 4863 1561 4928 veniens
1595 4867 2006 4923 consummavit.

431 4948 621 5002 Paucis
643 4962 770 5018 ergo
790 4948 987 5019 ﬁguras
1010 4950 1127 5005 illas
1150 4951 1440 5006 videamus.
1468 4952 1651 5024 Neque
1671 4956 1811 5010 enim
1830 4959 2007 5013 omnia

430 5039 520 5094 illa
564 5054 845 5095 recenscre
878 5042 1155 5110 praesentis
1182 5052 1263 5095 est
1289 5044 1580 5112 temporis;
1613 5060 1646 5100 a
1671 5048 1852 5114 paucis
1890 5064 2008 5118 qua:

432 5149 572 5188 nunc
603 5135 866 5201 proferam
888 5142 1078 5189 caetera
1111 5136 1436 5202 intelligetis.
1474 5138 1642 5192 Vultis
1660 5139 1725 5192 ab
1746 5141 1857 5208 ipsa
1889 5156 2009 5208 pas-

429 5224 580 5278 sione
624 5223 973 5294 incipiamus?
1002 5224 1136 5291 Quid
1180 5226 1255 5279 ait
1298 5225 1462 5297 ﬁgura
1496 5230 1777 5299 :Accipite
1814 5246 2005 5300 agnum

432 5331 525 5384 per
550 5316 772 5381 domos,
814 5324 869 5370 et
912 5316 1210 5379 immolate,
1253 5326 1307 5371 et
1353 5319 1507 5373 facile
1551 5330 1610 5373 ut
1656 5322 1909 5391 prmcepit
1953 5330 2009 5376 et

428 5406 608 5459 statuit
660 5404 912 5460 Dominus
942 5407 961 5478 (
988 5404 1159 5460 Exod.
1203 5405 1289 5461 12.
1324 5407 1414 5477 5).
1444 5408 1688 5464 Christus
1726 5427 1855 5466 vero
1900 5427 2003 5465 non

429 5496 535 5560 sic;
579 5512 750 5566 neque
792 5497 935 5552 enim
964 5498 1203 5568 praecipit
1250 5498 1349 5552 hoc
1374 5514 1530 5570 agere
1563 5519 1578 5556 :
1606 5501 1701 5557 sed
1729 5502 1841 5572 ipse
1888 5518 2007 5558 sese

431 5586 749 5641 oblationem
780 5599 835 5645 et
863 5588 1088 5644 hostiam
1120 5589 1261 5644 Patri
1289 5588 1462 5645 oﬁ‘ert.

491 5742 508 5807 ξ
544 5739 679 5807 Alias
708 5739 907 5807 legitur,
933 5743 1131 5807 clarius.
1155 5758 1261 5807 pro,
1297 5745 1631 5799 vehementius.

487 5803 509 5835 ³
543 5803 793 5875 δὶοβενιὶιῖ,
822 5814 876 5875 et
906 5803 1430 5875 plurimitt'ssq'storel.
1454 5813 1571 5860 vero
1602 5810 1784 5873 habet,
1810 5817 1857 5862 et
1886 5808 2007 5875 ﬁlio-

428 5887 535 5923 rum
559 5867 752 5931 adoptio
768 5867 1009 5932 nobis’per
1031 5867 1257 5933 Spiritum
1280 5874 1410 5923 data.

3666 430 3737 490 96

2235 531 2287 586 4.
2334 532 2462 590 Vide
2491 551 2598 606 qua
2623 550 2778 607 pacm
2808 538 2969 608 ﬁgura
3003 554 3097 609 per
3122 530 3354 613 Moysem
3384 543 3507 599 data
3532 545 3621 608 sit,
3644 564 3736 603 ve-

2159 622 2288 676 ritas
2317 634 2491 679 autem
2525 642 2621 696 per
2639 628 2821 682 Jesum
2844 629 3113 684 Christum
3144 631 3276 687 facta
3319 635 3409 688 sit.
3434 636 3500 691 Et
3523 652 3734 695 rursum

2156 713 2209 767 in
2240 726 2423 770 monte
2452 716 2601 783 Sina,
2629 734 2748 773 cum
2789 721 3099 776 Amalecita:
3128 734 3312 778 contra
3343 725 3599 783 Hebraeos
3639 746 3736 799 pu-

2121 796 2311 877 'gnam
2335 810 2751 877 committerent,
2795 827 2986 867 manus
3013 814 3206 885 Moysis
3251 816 3319 871 ab
3344 818 3555 874 Aarone
3578 796 3736 875 et'Or

2156 898 2405 969 utrinque
2429 912 2663 957 extensa:
2684 904 3119 973 sustinebantur;
3145 907 3394 966 Christus
3421 921 3596 967 autem
3620 918 3735 985 Ipse

2154 1005 2249 1059 per
2271 1006 2388 1046 sese
2416 1007 2604 1048 manus
2633 1004 2881 1049 extensas
2898 997 3068 1051 tenuit
3095 997 3148 1052 in
3176 1014 3355 1055 cruce.
3390 1001 3573 1058 Viden‘
3601 1020 3732 1074 que-

2153 1083 2310 1136 modo
2338 1083 2500 1152 figura
2530 1085 2673 1151 data,
2712 1088 2907 1141 veritas
2931 1098 3109 1143 autem
3132 1091 3265 1146 facta
3293 1091 3396 1146 sit?
3422 1093 3626 1151 Rursus
3646 1096 3731 1150 lex

2149 1172 2381 1238 dicebat,
2408 1175 2715 1230 Maledicta:
2744 1180 2907 1232 omnis
2950 1180 3035 1248 qui
3076 1198 3175 1235 non
3219 1193 3382 1237 manet
3418 1185 3469 1238 in
3516 1186 3579 1239 iis
3618 1202 3733 1257 qua:

2148 1265 2337 1332 scripta
2363 1270 2553 1320 suntin
2584 1268 2712 1322 libro
2743 1270 2837 1323 hoc
2882 1270 3058 1341 (Deut.
3091 1273 3182 1338 27,
3220 1274 3350 1342 26);
3391 1277 3557 1345 gratia
3602 1292 3732 1333 vero

2148 1357 2271 1426 quid
2300 1358 2465 1411 dicit?
2502 1358 2675 1413 Venite
2694 1361 2763 1414 ad
2790 1378 2869 1415 me
2895 1380 3066 1417 omnes
3086 1365 3171 1434 qui
3196 1365 3449 1420 laboratis
3466 1377 3512 1421 et
3534 1371 3731 1422 onerati

2147 1448 2283 1510 estis,
2322 1460 2369 1501 et
2407 1466 2498 1519 ego
2538 1451 2762 1518 reﬁciam
2798 1469 2883 1506 vos
2926 1453 3136 1523 (Matth.
3168 1456 3255 1510 Η.
3288 1457 3410 1527 28);
3440 1468 3495 1513 et
3513 1459 3726 1524 Paulus,

2148 1536 2378 1592 Christus
2404 1556 2493 1592 nos
2509 1541 2715 1594 redemit
2736 1542 2798 1596 de
2818 1543 3083 1597 maledicto
3116 1543 3258 1616 legis,
3282 1547 3449 1615 {actus
3470 1565 3562 1618 pro
3588 1550 3729 1603 nobis

2145 1631 2465 1685 maledictum
2496 1632 2637 1706 (Gal.
2679 1636 2732 1690 5.
2768 1636 2880 1705 l3).
2933 1637 3064 1704 Quia
3116 1639 3274 1709 igitur
3317 1649 3459 1694 tanta
3505 1640 3727 1696 fruimur

2143 1725 2311 1794 gratia
2348 1738 2399 1779 et
2426 1728 2669 1793 veritate,
2699 1728 2926 1784 obsecro
2953 1746 3019 1784 ne
3062 1740 3279 1801 propter
3306 1732 3432 1788 doni
3464 1736 3727 1804 magnitu-

2146 1817 2325 1871 dinem
2358 1818 2631 1887 srgniores
2657 1820 2965 1874 evadamus.
3003 1821 3211 1889 Quanto
3238 1824 3425 1891 majori
3457 1825 3598 1879 enim
3641 1825 3723 1878 di-

2141 1911 2284 1977 gnati
2301 1924 2487 1962 sumns
2512 1908 2738 1976 honore,
2759 1920 2907 1964 tanto
2925 1913 3179 1982 majorem
3197 1913 3445 1969 virtutem
3472 1914 3724 1969 exhibere

2145 2008 2403 2053 tenemur.
2433 1999 2561 2053 Nam
2588 2002 2677 2071 qui
2706 2002 2880 2070 parvis
2901 2004 3133 2072 acceptis
3158 2003 3430 2059 beneflciis
3456 2020 3615 2075 parva
3641 2022 3725 2059 re-
3774 2026 3775 2029 η

2142 2090 2343 2153 tulerit,
2378 2105 2481 2144 non
2526 2107 2693 2160 usque
2736 2092 2870 2148 adeo
2910 2092 3204 2163 culpandus
3230 2105 3344 2149 est:
3377 2097 3464 2165 qui
3494 2112 3623 2152 vero
3653 2096 3719 2151 ad

2140 2196 2448 2249 supremum
2481 2183 2698 2237 honoris
2725 2184 2937 2239 culmen
2971 2186 3230 2253 ascendit,
3280 2196 3571 2259 posteaque
3599 2190 3720 2245 vilia

2140 2273 2435 2342 exiguaque
2479 2274 2743 2344 rependit,
2790 2275 2947 2344 longe
2977 2278 3162 2347 majori
3205 2280 3311 2333 erit
3354 2280 3613 2351 supplicio
3640 2285 3723 2338 di-

2140 2383 2293 2435 gnus.
2330 2368 2434 2421 Sed
2480 2368 2637 2436 absit,
2674 2385 2740 2423 ne
2783 2369 2850 2424 de
2879 2370 3027 2425 vobis
3056 2370 3179 2425 talia
3207 2387 3457 2442 umquam
3484 2376 3720 2444 suspice-

2142 2475 2280 2511 mur.
2304 2460 2633 2514 Conﬁdimus
2655 2460 2797 2514 enim
2824 2461 2876 2515 in
2906 2461 3150 2529 Domino,
3176 2477 3271 2518 vos
3292 2465 3495 2521 animas
3515 2477 3719 2523 vestras

2139 2566 2325 2605 versus
2352 2551 2539 2605 caelum
2562 2566 2658 2606 ceu
2685 2552 2785 2607 alis
2809 2553 3123 2623 quibusdam
3151 2555 3424 2620 extulisse,
3449 2565 3502 2611 et
3525 2573 3555 2612 a
3580 2569 3717 2614 terra

2139 2644 2485 2710 abstraxisse,
2517 2658 2581 2698 ac
2610 2644 2736 2696 dum
2769 2644 2819 2697 in
2848 2644 3047 2698 mundo
3096 2646 3405 2712 versamini,
3452 2649 3716 2704 mundana

2138 2751 2241 2788 non
2276 2745 2521 2790 tractare.
2556 2736 2801 2789 Attamen
2831 2736 2951 2790 licet
2985 2738 3071 2790 tali
3104 2738 3343 2792 instructi
3373 2738 3582 2808 ﬁducia,
3610 2757 3715 2797 non

2136 2840 2409 2880 cessamus
2437 2841 2531 2880 vos
2560 2824 2867 2895 frequenter
2883 2827 2950 2882 de
2976 2829 3162 2883 iisdem
3183 2829 3310 2899 ipsis
3328 2846 3563 2887 monere.
3583 2832 3713 2888 Nam

2135 2927 2190 2973 et
2216 2920 2266 2972 in
2294 2921 2530 2974 externis
2556 2919 2659 2973 illis
2690 2921 3069 2975 certaminibus
3097 2937 3205 2976 non
3250 2932 3563 2991 prostratos,
3607 2942 3712 2979 non

2135 3011 2352 3081 supinos
2379 3012 2641 3081 jacentes,
2674 3011 2767 3066 sed
2795 3022 3059 3078 strenuos,
3095 3024 3392 3079 currentes,
3436 3014 3715 3072 hortantur

2135 3113 2465 3172 Spectatores
2486 3119 2693 3159 omnes.
2726 3103 2850 3159 lllos
2872 3106 3010 3158 enim
3034 3105 3198 3159 semel
3225 3121 3255 3160 a
3282 3107 3503 3162 victoria
3528 3108 3711 3163 exclu-

2133 3208 2243 3259 sos,
2275 3197 2363 3264 qui
2398 3195 2545 3249 nullo
2578 3197 2782 3265 possint
2815 3198 3026 3250 hortatu
3054 3198 3183 3251 moti
3207 3214 3445 3269 surgere,
3476 3215 3542 3256 ne
3574 3217 3711 3256 vane

2135 3285 2397 3352 laborent,
2444 3286 2624 3341 sinunt
2654 3286 2910 3342 decussas
2933 3288 3150 3357 jacere:
3181 3289 3266 3344 hic
3296 3300 3476 3345 autem
3510 3307 3613 3345 non
3639 3293 3709 3348 de

2132 3382 2281 3437 vobis
2313 3381 2471 3436 modo
2499 3383 2587 3453 qui
2621 3382 2873 3451 vigilatis,
2903 3382 2997 3437 sed
3023 3385 3182 3437 etiam
3208 3383 3275 3438 de
3298 3384 3362 3438 iis
3379 3385 3465 3455 qui
3490 3386 3707 3456 collapsi

2130 3484 2274 3539 sunt,
2323 3486 2403 3528 est
2444 3473 2642 3544 aliquid
2675 3474 3017 3542 sperandum,
3067 3475 3112 3529 si
3163 3475 3477 3545 resipiscere
3520 3477 3704 3533 vellnt.

2128 3565 2487 3632 Quamobrem
2516 3564 2647 3619 nihil
2678 3582 2780 3618 non
2814 3565 3038 3633 agimus,
3089 3574 3357 3635 rogantes,
3409 3567 3703 3633 hortantes,

2126 3659 2530 3728 exprobrantes,
2561 3659 2921 3727 increpantes,
2952 3657 3249 3721 laudantes,
3280 3667 3337 3712 ut
3363 3670 3592 3714 vestram
3615 3677 3704 3715 sa-

2127 3750 2291 3803 lutem
2320 3763 2624 3817 Opercmur.
2651 3748 2725 3802 Ne
2753 3750 2929 3818 itaque
2951 3748 3363 3819 frequentiorem
3392 3751 3457 3805 ad
3482 3752 3701 3821 probam

2127 3843 2286 3893 vitam
2314 3840 2669 3893 hortationem
2698 3855 2839 3909 :cgre
2868 3839 3071 3894 feratis.
3104 3839 3218 3895 Non
3248 3843 3389 3895 enim
3420 3843 3489 3895 ita
3522 3843 3701 3913 loqui-

2126 3948 2245 3986 tnur
2271 3941 2327 3985 ut
2354 3945 2450 3986 vos
2478 3932 2527 3984 in
2553 3930 2773 3986 desidia:
2800 3932 3002 3986 crimen
3027 3948 3299 3997 vocemus,
3323 3934 3414 3988 sed
3450 3935 3582 3989 bona
3607 3951 3702 4006 Spe

2122 4025 2237 4080 fulti
2261 4040 2562 4081 monemus.
2586 4024 2766 4095 Neque
2791 4025 2856 4078 ad
2881 4039 2974 4078 vos
2996 4025 3191 4088 solum,
3222 4026 3314 4080 sed
3336 4026 3400 4080 ad
3421 4043 3517 4081 nos
3539 4029 3698 4083 etiam

2122 4125 2366 4188 spectant
2390 4126 2445 4173 et
2471 4118 2585 4173 haec
2605 4128 2659 4172 et
2684 4133 2802 4188 quae
2844 4126 3024 4186 postea
3073 4117 3351 4174 dicentur:
3378 4120 3574 4174 etenim
3602 4134 3699 4175 nos

2121 4225 2333 4281 quoque
2363 4208 2462 4264 hac
2491 4224 2709 4279 egemus
2747 4209 3006 4263 doctrina.
3052 4209 3274 4265 Etiamsi
3318 4212 3461 4266 enim
3489 4228 3518 4266 a
3545 4214 3698 4268 nobis

2121 4303 2385 4367 dicantur,
2411 4300 2542 4355 nihil
2573 4310 2751 4355 tamen
2782 4310 2924 4355 vetat
2952 4302 3238 4370 quominus
3270 4302 3385 4357 hmc
3414 4319 3511 4358 nos
3536 4306 3695 4359 etiam

2120 4397 2403 4469 attingant.
2430 4396 2622 4451 Sermo
2651 4411 2881 4465 namque
2912 4397 3142 4464 peccatis
3186 4396 3474 4451 obnoxium
3522 4401 3694 4453 corri-

2118 4489 2223 4560 git;
2257 4489 2481 4558 probum
2524 4502 2655 4543 vero
2693 4502 2756 4541 ac
2794 4488 2999 4541 scelere
3039 4502 3267 4541 vacuum
3294 4488 3361 4543 ab
3389 4504 3455 4543 eo
3487 4489 3695 4559 longius

2119 4582 2352 4638 adducit.
2380 4582 2563 4655 Neqpe
2586 4581 2726 4634 enim
2746 4596 2885 4634 nosa
2914 4582 3145 4650 peccatis
3173 4581 3286 4649 puri
3315 4595 3517 4635 sumus.
3535 4582 3695 4636 Com-

2118 4675 2291 4730 munis
2317 4681 2400 4727 est
2424 4673 2707 4738 medicina,
2741 4672 2973 4727 remedia
3018 4674 3263 4728 omnibus
3305 4684 3570 4743 prostant;
3598 4676 3691 4730 scd

2117 4766 2324 4820 curatio
2347 4779 2449 4819 non
2479 4763 2777 4818 communis
2808 4775 2910 4828 est,
2941 4764 3065 4817 licet
3092 4779 3216 4818 usus
3246 4764 3575 4834 singulorum
3601 4782 3692 4820 ar-

2118 4856 2277 4910 bitrio
2322 4854 2677 4925 permittatur.
2720 4855 3054 4924 Quapropter
3083 4855 3125 4907 is
3166 4855 3253 4924 qui
3290 4864 3345 4908 ut
3372 4870 3467 4924 par
3492 4864 3575 4910 est
3604 4874 3690 4911 rc-

2117 4947 2296 5002 medio
2323 4948 2503 5013 utitur,
2529 4944 2887 5000 valetudinem
2917 4953 3227 5014 recuperat;
3252 4945 3340 5015 qui
3374 4946 3577 5001 vulneri
3604 4964 3690 5002 re-

2116 5037 2350 5093 medium
2395 5053 2502 5091 non
2549 5037 2814 5098 admovet,
2848 5037 3043 5090 malum
3074 5045 3252 5105 auget,
3284 5044 3337 5090 et
3366 5035 3430 5090 ad
3461 5037 3692 5092 deterio.

2116 5145 2229 5184 rem
2250 5130 2408 5183 ﬁnem
2432 5130 2622 5198 vergit.
2642 5128 2717 5182 Ne
2736 5128 2913 5197 itaque
2933 5125 3250 5181 medicinam
3276 5141 3418 5196 (egre
3435 5127 3689 5195 feramus;

2117 5223 2224 5276 imo
2255 5223 2427 5292 potius
2452 5221 2799 5292 gaudeamus,
2843 5222 2888 5275 si
2930 5220 3184 5275 doctrina:
3213 5220 3403 5275 modus
3440 5222 3689 5277 acerbum

2118 5313 2307 5368 inferat
2335 5313 2573 5367 dolorem
2601 5329 2613 5364 :
2649 5328 2768 5365 nam
2798 5311 3171 5365 suavissimum
3199 5318 3381 5381 postea
3408 5311 3562 5366 nobis
3580 5312 3694 5367 fru-

2117 5416 2260 5458 ctum
2293 5403 2496 5457 atteret.
2528 5402 2666 5457 Nihil
2699 5405 2764 5456 ad
2793 5403 2893 5456 hoc
2916 5417 3019 5455 non
3042 5416 3280 5473 agamus,
3310 5409 3368 5455 ut
3394 5417 3422 5455 a
3448 5403 3614 5473 plagis
3637 5417 3691 5460 ct

2115 5495 2446 5560 vulneribus,
2478 5511 2597 5564 qua:
2627 5495 2827 5565 peccati
2859 5492 3047 5547 dentes
3075 5493 3267 5547 anima:
3310 5492 3571 5563 inﬂigunt,
3622 5495 3690 5548 li-

2114 5587 2249 5651 beri,
2299 5585 2363 5640 ad
2414 5594 2667 5640 mternam
2712 5586 2871 5638 vitam
2924 5585 3350 5655 proﬁciscamur;
3401 5595 3457 5640 ut
3493 5586 3689 5642 Christi

2115 5690 2402 5747 c0nspectu
2429 5677 2593 5747 digni,
2620 5693 2684 5731 ne
2714 5677 2989 5730 ultricibus
3011 5676 3435 5745 immanibusque
3454 5685 3687 5746 potesta-

2116 5771 2256 5826 tibus
2286 5771 2375 5825 illo
2403 5770 2490 5823 die
2518 5770 2807 5833 tradantur,
2835 5769 2928 5823 sed
2960 5769 3062 5822 illis
3087 5783 3204 5837 qua:
3224 5783 3322 5823 nos
3342 5767 3408 5822 ad
3434 5768 3687 5823 caelorum

2120 5864 2467 5920 hereditatem
2494 5862 2761 5926 inducant,
2794 5880 2910 5933 qua:
2940 5872 3231 5933 pra'parata
3255 5861 3318 5917 iis
3345 5872 3425 5917 est
3452 5863 3542 5934 qui
3563 5862 3684 5918 dili-
