4094 6370
432 286 500 343 99
600 297 606 306 -
1129 291 1182 347 s.
1223 291 1497 347 JOANNIS
1530 289 2001 347 cunvsosrom
2042 294 2360 352 AltClllEP.
2402 299 2929 362 CONSTANTINOP.

433 401 655 457 ciente:
695 398 774 457 sic
813 409 868 457 et
904 400 973 456 de
1015 403 1216 473 angelis
1256 403 1538 457 dicendum
1586 413 1688 469 est,
1736 404 1879 473 ipsos
1925 420 2021 474 per

434 509 621 564 puram
653 505 706 550 et
751 495 963 564 vigilem
1005 504 1249 550 naturam
1298 510 1446 549 suam
1489 496 1617 550 nihil
1662 496 1828 562 aliud,
1860 512 2017 567 quam

436 585 624 650 Deum,
657 601 871 656 semper
899 586 1193 655 imaginari.
1220 586 1344 641 Ideo
1372 588 1486 657 ipse
1505 603 1717 658 quoque
1737 588 1827 652 ait,
1856 588 2019 642 Nemo

434 678 570 731 novit
596 687 809 747 patrem,
840 680 935 732 nisi
961 678 1126 732 Filius
1152 678 1367 746 (Matth.
1399 680 1487 733 Η.
1513 678 1627 749 27).
1658 679 1793 747 Quid
1821 680 2019 751 igitur?

431 784 692 826 omnesne
724 772 774 825 in
818 773 1113 843 ignorantia
1143 773 1366 828 sumus?
1394 773 1548 828 Absit
1577 793 1591 829 :
1621 775 1715 829 sed
1746 790 1905 829 nemo
1941 774 2019 829 sic

432 863 599 927 novit,
629 872 685 916 ut
708 861 893 917 Filius.
924 862 992 919 Ut
1017 863 1175 935 igitur
1196 865 1345 918 multi
1372 864 1390 896 ¹
1418 880 1513 934 pro
1537 873 1694 934 captu
1716 879 1813 919 suo
1844 865 2017 935 ipsum

434 953 700 1016 viderunt,
730 953 1079 1008 substantiam
1122 969 1250 1009 vero
1294 970 1451 1009 nemo
1483 954 1644 1020 vidit;
1686 954 1763 1009 sic
1791 965 1845 1008 et
1875 969 2017 1009 nunc

431 1059 617 1099 omnes
657 1045 823 1098 Deum
876 1047 1143 1112 novimus,
1194 1045 1545 1101 substantiam
1593 1061 1719 1102 vero
1747 1045 1862 1115 ejus
1898 1061 2017 1116 quae

428 1138 499 1192 sit
522 1152 679 1192 nemo
703 1139 872 1200 novit,
905 1138 1005 1193 nisi
1053 1143 1096 1193 is
1126 1138 1215 1209 qtti
1265 1154 1331 1193 ex
1371 1139 1485 1207 ipso
1515 1147 1668 1194 natus
1693 1148 1796 1194 est.
1825 1137 2017 1208 Cogni-

430 1228 626 1281 tionem
658 1227 801 1283 enim
846 1227 931 1282 hic
976 1228 1106 1283 dicit
1143 1236 1344 1284 certam
1385 1230 1643 1284 visionem
1674 1239 1728 1284 et
1768 1243 2015 1296 compre-

432 1319 765 1385 hensionem,
813 1319 1079 1390 talemque
1116 1321 1324 1389 qualem
1364 1319 1522 1374 Pater
1557 1320 1625 1374 de
1667 1318 1803 1373 Filio
1834 1318 2012 1373 habet.

430 1411 575 1467 Sicut
595 1412 729 1465 enim
757 1413 1013 1483 cognoscit
1041 1428 1118 1467 me
1144 1411 1320 1481 Pater,
1353 1413 1540 1483 inquit,
1580 1422 1627 1466 et
1651 1429 1742 1484 ego
1770 1427 2015 1483 cognosco

430 1500 637 1557 Patrem
664 1500 839 1573 (Joan.
866 1502 951 1558 10.
979 1501 1090 1575 15).

500 1594 732 1651 Christus
758 1596 893 1667 quod
914 1597 966 1650 in
986 1597 1099 1651 sinu
1120 1595 1296 1651 Patris
1322 1597 1404 1661 sit,
1427 1605 1664 1650 accurate
1694 1595 1900 1651 Patrem
1922 1612 2016 1650 no-

429 1688 516 1740 rit.
544 1717 614 1727 -—-
639 1689 974 1758 Quapropter
1016 1689 1136 1743 vide
1174 1705 1295 1744 cum
1332 1699 1527 1760 quanta
1571 1693 1855 1745 securitate
1881 1692 1901 1721 ²
1936 1691 2014 1745 lo-

427 1787 622 1848 quatur
662 1780 1007 1849 evangelista.
1051 1778 1182 1835 Cum
1223 1781 1443 1835 dixisset
1470 1781 1634 1840 enim.
1680 1780 1845 1834 Deum
1870 1797 2014 1835 nemo

430 1871 552 1925 sidit
580 1888 835 1940 umquam,
873 1887 974 1925 non
1007 1872 1225 1939 addidit,
1257 1872 1422 1926 Filius
1447 1873 1534 1942 qui
1565 1871 1713 1937 vidit,
1741 1873 2010 1938 narravit;

426 1963 525 2018 sed
556 1962 755 2033 aliquid
786 1963 925 2017 aliud
949 1964 1194 2033 amplius,
1226 1979 1385 2033 quam
1424 1964 1626 2029 videre,
1658 1964 1853 2033 posuit,
1891 1979 2013 2019 cum

427 2054 581 2120 dixit,
611 2054 711 2120 Qui
737 2064 782 2107 et
809 2056 860 2109 in
891 2056 1005 2109 sinu
1030 2055 1199 2109 Patris
1223 2073 1241 2109 :
1260 2055 1426 2110 multo
1446 2055 1590 2111 enim
1608 2056 1835 2125 amplius
1854 2071 2013 2126 quam

428 2146 626 2209 videre,
656 2155 738 2201 est
762 2161 879 2201 esse
910 2148 961 2201 in
992 2148 1110 2201 sinu
1154 2147 1343 2201 Patris.
1375 2146 1505 2201 Nam
1534 2147 1623 2218 qui
1650 2149 1821 2202 solum
1848 2147 2010 2215 videt,

428 2254 536 2293 non
564 2250 864 2293 accuratam
891 2240 1109 2294 omnino
1139 2241 1217 2294 rei
1242 2240 1366 2294 visa:
1408 2240 1762 2310 cognitionem
1809 2240 2009 2295 habet:

427 2328 518 2400 qui
546 2340 723 2384 autem
750 2330 800 2383 iit
830 2330 947 2384 sinu
976 2340 1241 2394 versatur,
1268 2330 1400 2385 nihil
1429 2330 1767 2400 ignoraverit.
1792 2330 1868 2385 Ne
1884 2345 2014 2401 ergo

427 2421 672 2488 audiens,
720 2420 883 2475 Nemo
919 2425 1053 2475 novit
1082 2421 1324 2488 Patrem,
1367 2423 1465 2477 nisi
1505 2420 1693 2489 Filius,
1740 2424 1910 2492 dicas,
1956 2424 2011 2480 Si

426 2513 656 2582 amplius
683 2528 843 2583 quam
874 2514 964 2568 alii
996 2514 1174 2580 novit,
1214 2525 1269 2569 at
1307 2529 1413 2569 non
1445 2515 1590 2569 novit
1633 2526 1863 2585 quantus
1906 2516 2008 2581 sit;

428 2606 550 2661 ideo
589 2606 911 2677 evangelista
952 2606 1079 2662 dicit
1110 2607 1281 2677 ipsum
1325 2606 1375 2661 in
1407 2608 1525 2662 sinu
1556 2606 1728 2663 Patris
1771 2608 2007 2675 versari;

429 2701 649 2769 ipseque
673 2698 915 2755 Christus
946 2715 1004 2755 se
1036 2709 1237 2754 tantum
1270 2699 1414 2754 illum
1451 2714 1609 2755 nosse
1652 2700 1799 2765 dicit,
1837 2716 2008 2771 quan-

426 2803 536 2846 tum
583 2792 740 2848 Pater
788 2793 1003 2859 Filium.
1052 2792 1513 2849 Contradicentem
1548 2809 1675 2864 ergo
1702 2794 2007 2866 interroga:

424 2887 771 2957 cognoscitne
802 2886 958 2941 Pater
985 2884 1220 2939 Filium?
1246 2885 1630 2954 Respondebit,
1665 2885 1863 2953 Etiam,
1906 2887 2009 2943 nisi

426 2979 675 3033 insaniat.
710 2978 909 3033 Deinde
940 2979 1268 3048 interrogare
1311 2993 1631 3049 pergamus:
1674 2981 2007 3038 Accuratane

426 3072 633 3126 visione
658 3081 712 3124 et
732 3070 1037 3140 cognitione
1064 3070 1233 3138 ipsum
1252 3071 1394 3124 novit
1411 3079 1463 3125 et
1484 3071 1646 3136 videt,
1671 3086 1733 3125 ac
1752 3072 2006 3141 quidnam

424 3165 495 3218 sit
523 3163 675 3232 plane
713 3160 1025 3230 cognoscit?
1056 3161 1185 3214 Illud
1225 3161 1385 3215 etiam
1427 3160 1697 3215 fatebitur.
1732 3162 1863 3215 llinc
1889 3162 2006 3216 col-

430 3255 533 3325 lige
559 3263 861 3308 accuratam
888 3251 1006 3307 Filii
1033 3252 1100 3307 de
1132 3252 1285 3307 Patre
1304 3253 1683 3323 cognitionem.
1714 3251 1829 3323 Ipse
1853 3269 2004 3307 nam-

422 3363 528 3417 que
554 3348 706 3413 dixit,
742 3346 889 3402 Sicut
916 3346 1051 3400 novit
1092 3361 1172 3399 me
1217 3344 1406 3409 Pater,
1439 3347 1509 3398 ita
1543 3357 1589 3399 et
1628 3362 1719 3416 ego
1758 3362 2004 3415 cognosco

423 3438 668 3504 Patrem;
695 3448 749 3493 et
772 3438 919 3502 alibi,
946 3437 1110 3491 Deum
1136 3454 1278 3491 nemo
1303 3437 1446 3503 vidit,
1475 3438 1569 3490 nisi
1593 3438 1679 3507 qui
1703 3447 1777 3492 est
1803 3454 1866 3491 ea:
1894 3437 2003 3493 Deo

422 3529 832 3597 (Joan.10.15.
859 3539 905 3582 et
949 3529 1001 3583 6.
1049 3529 1161 3598 46).
1213 3528 1355 3593 Ideo,
1398 3538 1453 3583 ttt
1495 3528 1631 3593 dixi,
1681 3530 2002 3599 evangelista

418 3622 591 3675 sinum
619 3628 1024 3685 commemorat,
1055 3620 1230 3674 omnia
1265 3621 1365 3675 hoc
1395 3637 1499 3674 uno
1547 3621 1709 3675 verbo
1738 3623 1889 3677 nobis
1910 3622 2005 3676 de-

416 3716 651 3783 clarans,
678 3713 819 3784 quod
853 3714 1019 3769 multa
1065 3713 1136 3767 sit
1175 3714 1486 3767 substantia:
1524 3715 1771 3783 cognatio
1797 3724 1851 3770 et
1878 3714 2000 3769 uni-

418 3816 530 3870 tas;
575 3805 719 3874 quod
768 3804 989 3859 omnino
1033 3819 1127 3873 par
1168 3805 1238 3857 sit
1274 3804 1525 3873 utrinque
1573 3805 1826 3874 cognitio,
1855 3805 1999 3874 quod

414 3914 510 3966 par
539 3906 790 3967 potestas.
834 3895 946 3950 Non
990 3895 1132 3949 enim
1174 3894 1405 3964 aliquem
1441 3894 1659 3949 alterius
1686 3895 1999 3950 substantia:

413 3989 573 4043 Pater
603 3989 654 4041 in
685 3988 808 4041 sinu
830 3986 1079 4041 habuerit
1107 4003 1120 4038 :
1149 4001 1320 4055 neque
1349 3986 1439 4039 ille
1463 3986 1704 4051 auderet,
1737 3986 1780 4040 si
1808 4001 1997 4041 servus

410 4086 467 4132 et
489 4093 555 4134 ex
595 4077 822 4131 aliorum
863 4092 1085 4130 numero
1114 4086 1278 4142 esset,
1306 4077 1358 4130 in
1388 4077 1504 4130 sinu
1535 4076 1707 4131 Patris
1745 4079 1943 4132 versari
1977 4096 1991 4133 :

412 4172 515 4228 hoc
543 4172 686 4227 enim
713 4170 822 4226 veri
854 4170 946 4223 lilii
971 4179 1173 4222 tantum
1197 4179 1299 4236 est,
1337 4169 1429 4239 qui
1463 4169 1626 4223 multa
1656 4169 1841 4224 ﬁducia
1871 4185 1992 4225 cum

412 4275 561 4335 patre
583 4272 783 4329 utatur,
828 4262 1066 4332 nihilque
1104 4263 1280 4315 minus
1328 4277 1486 4331 quam
1530 4262 1617 4316 ille
1658 4263 1865 4317 habeat.
1900 4262 1992 4319 Vis

406 4360 761 4414 aeternitatem
794 4359 911 4427 ejus
937 4355 1182 4411 discere?
1208 4354 1344 4409 Audi
1376 4371 1494 4425 qua:
1517 4354 1657 4409 dicat
1695 4355 1902 4425 Moyses
1923 4358 1991 4413 de

409 4452 583 4506 Patre.
638 4449 769 4505 Cum
818 4450 961 4504 enim
1004 4447 1393 4517 interrogaret,
1442 4447 1589 4516 quid,
1630 4447 1990 4516 qumrentibus

404 4541 689 4613 Egyptiis,
710 4542 826 4611 quis
848 4543 1020 4610 ipsum
1046 4540 1297 4604 misisset,
1317 4553 1669 4608 reSponsurus
1690 4539 1803 4607 ipse
1823 4549 1984 4606 esset,

400 4634 584 4701 jussus
628 4639 711 4686 est
752 4630 956 4693 dicere,
1005 4630 1107 4694 Qui
1147 4638 1239 4692 est,
1285 4630 1417 4682 misit
1447 4646 1525 4683 me
1553 4628 1747 4698 (Exod.
1780 4630 1834 4684 5.
1868 4629 1985 4700 14).

404 4724 534 4778 Illud
564 4732 762 4789 autem,
797 4722 896 4789 Qui
926 4733 1019 4787 est,
1062 4723 1233 4791 ipsum
1277 4738 1489 4792 semper
1529 4738 1648 4778 esse
1695 4723 1983 4793 signiﬁcat,

402 4826 561 4886 atque
586 4815 747 4869 etiam
776 4815 894 4869 sine
924 4815 1203 4884 principio,
1227 4830 1353 4869 vere
1382 4824 1436 4868 et
1470 4815 1681 4885 proprie
1706 4831 1846 4872 esse.
1873 4819 1987 4874 Hoc

399 4908 665 4978 signiﬁcat
708 4906 867 4960 etiam
914 4906 1042 4960 illud
1068 4947 1082 4972 ,
1126 4906 1191 4959 In
1236 4907 1485 4976 principio
1533 4918 1660 4972 erat,
1704 4909 1985 4982 ipsumque

399 5015 614 5071 Semper
639 5012 761 5053 esse
806 4998 1022 5053 indicat.
1069 5000 1180 5054 Hoc
1225 4999 1384 5066 igitur
1425 5000 1567 5053 dicto
1606 5000 1693 5054 hic
1738 5016 1862 5057 usus
1901 5012 1984 5058 est

397 5095 653 5157 Joannes,
682 5092 971 5148 ostendens
990 5092 1184 5146 Filium
1212 5092 1327 5146 sine
1348 5092 1607 5163 principio
1627 5095 1762 5147 etab
1781 5103 1982 5150 :cterno

399 5187 450 5240 in
478 5186 598 5241 sinu
630 5185 803 5240 Patris
825 5198 966 5239 esse.
993 5182 1070 5238 Ne
1098 5184 1273 5253 itaque
1302 5186 1371 5237 ob
1397 5185 1626 5238 nominis
1652 5187 1979 5241 consortium

396 5290 613 5348 putares
642 5277 789 5332 illum
811 5292 877 5332 ex
913 5290 1097 5331 eorum
1132 5291 1353 5329 numero
1376 5291 1493 5330 esse
1519 5276 1609 5347 qui
1634 5291 1731 5345 per
1752 5277 1977 5347 gratiam

396 5372 489 5426 tilii
515 5380 660 5437 sunt,
705 5370 859 5426 adest
896 5369 1152 5423 articulus
1190 5368 1280 5437 qui
1318 5369 1607 5438 distinguat
1644 5369 1788 5423 illum
1819 5369 1885 5423 ab
1912 5370 1977 5424 iis

395 5465 486 5534 qui
516 5479 613 5535 per
638 5465 862 5533 gratiam
904 5471 1028 5517 snnt
1071 5461 1186 5514 ﬁlii.
1224 5459 1372 5526 Quod
1414 5462 1459 5515 si
1500 5461 1599 5516 hoc
1638 5461 1731 5518 tibi
1772 5478 1877 5517 non
1909 5462 1977 5517 sit

457 5620 473 5685 ξ
509 5616 861 5685 glarel._habet
890 5655 902 5675 ,
929 5619 1191 5685 prophetat,
1227 5630 1331 5679 pro,
1358 5617 1510 5685 multi.

460 5681 477 5713 ⁸
514 5679 649 5730 idem
682 5679 821 5742 legit,
840 5679 1163 5739 accuratione,
1190 5693 1296 5744 pro,
1320 5679 1588 5730 securitate.

3609 316 3715 370 ’σο

2128 409 2278 474 satis,
2311 420 2366 465 et
2402 413 2446 466 si
2473 413 2648 470 adhuc
2676 432 2861 472 versus
2889 429 3082 474 terram
3116 435 3313 490 pronus
3342 414 3564 491 incedis,
3598 444 3713 482 ma-

2126 497 2206 567 gis
2231 502 2504 571 proprium
2535 505 2659 561 audi
2692 522 2908 576 nomen,
2941 508 3259 581 Unigenitus.
3289 512 3380 569 Sin
3410 516 3585 572 adhuc
3610 517 3709 571 litt-

2126 606 2273 646 mum
2301 596 2543 663 respicis,
2574 614 2680 653 non
2723 600 2976 658 dubitabo
3017 605 3305 660 humanum
3346 607 3414 662 de
3443 608 3551 663 Deo
3587 624 3708 679 pro-

2125 683 2269 741 ferre
2300 688 2541 756 verbum,
2588 708 2781 762 nempe
2822 695 3030 763 sinum;
3079 706 3281 753 tantum
3325 717 3391 756 ne
3435 703 3703 772 quidpiam

2124 774 2323 834 humile
2348 782 2654 850 suspiceris.
2684 783 2925 841 Vidisdn‘
2944 787 3326 859 benignitatem
3349 803 3402 847 et
3424 795 3707 862 providen-

2124 870 2250 924 tiam
2278 872 2528 929 Domini?
2555 873 2801 947 lndignas
2822 877 2923 932 sibi
2948 894 3105 934 voces
3133 880 3388 937 adscribit
3414 884 3431 916 ί
3459 885 3619 952 Deus,
3646 896 3706 941 ιιι

2122 962 2207 1018 vel
2236 963 2313 1018 sic
2338 964 2541 1032 videas,
2573 983 2637 1023 ac
2684 983 2932 1039 magnum
2971 970 3096 1042 quid
3133 981 3186 1027 et
3214 973 3439 1030 sublime
3464 978 3700 1047 cogites;

2120 1063 2176 1112 et
2205 1065 2259 1112 tu
2301 1057 2444 1113 ltutni
2477 1061 2662 1131 repis?
2705 1060 2799 1118 Dic
2826 1064 2969 1117 enim
3000 1065 3125 1119 mihi
3152 1082 3247 1121 cur
3274 1067 3423 1124 sinus
3467 1068 3552 1125 hic
3588 1086 3702 1127 mc-

2121 1162 2382 1217 moratur,
2414 1153 2557 1223 quod
2585 1169 2825 1210 crassum
2854 1166 2908 1211 et
2934 1159 3149 1213 carnale
3176 1174 3368 1216 nomen
3400 1161 3521 1215 est?
3546 1178 3612 1216 an
3646 1172 3703 1218 ut

2124 1243 2287 1299 Deum
2316 1259 2435 1299 esse
2473 1261 2669 1317 corpus
2708 1249 3084 1317 suspicemur?
3108 1251 3279 1319 Absit,
3329 1254 3552 1325 inquies.
3593 1257 3702 1311 Cur

2119 1337 2286 1407 ergo?
2311 1337 2444 1393 Nam
2486 1340 2531 1394 si
2560 1356 2654 1411 per
2692 1341 2795 1397 huc
2825 1344 3042 1399 verbum
3074 1360 3171 1400 nec
3202 1361 3358 1401 verus
3387 1346 3554 1403 Filius
3581 1364 3701 1405 esse

2121 1430 2401 1498 probatur,
2459 1448 2559 1488 nec
2618 1433 2788 1489 Deum
2838 1436 3211 1506 incorporeum
3260 1454 3380 1495 esse
3427 1445 3697 1505 statuitur,

2120 1518 2313 1576 frustra
2333 1522 2563 1591 jactatur
2589 1524 2690 1580 hoc
2711 1525 2911 1581 dictum
2938 1529 3131 1584 nullius
3163 1546 3308 1587 usus.
3336 1529 3443 1587 Cur
3467 1549 3595 1603 ergo
3618 1535 3699 1588 di«

2118 1621 2260 1665 ctum
2288 1614 2413 1668 est?
2460 1630 2633 1686 neque
2674 1618 2818 1672 enim
2856 1619 2925 1674 ab
2965 1619 3066 1676 hac
3102 1622 3397 1692 qttzestione
3422 1624 3695 1681 desistam.

2119 1705 2309 1759 Annon
2342 1707 2513 1777 palam
2558 1718 2640 1764 est
2684 1712 2802 1766 ideo
2853 1713 3115 1782 prolatum
3154 1730 3293 1781 esse,
3326 1726 3383 1772 ut
3412 1734 3516 1773 non
3556 1720 3696 1776 aliud

2117 1810 2183 1849 ex
2216 1796 2308 1851 illo
2338 1800 2714 1871 pcreipiamus,
2756 1819 2913 1874 quam
2943 1805 3081 1874 quod
3128 1806 3218 1862 ille
3247 1807 3316 1862 sit
3347 1824 3471 1863 vere
3499 1809 3695 1881 Unige-

2119 1887 2282 1956 nitus,
2314 1891 2453 1959 quod
2496 1902 2792 1950 coarternus
2824 1896 3010 1952 Patri?
3049 1899 3150 1953 Ille
3189 1903 3461 1968 enarravit,
3505 1904 3692 1973 inquit.

2117 1982 2254 2048 Quid
2284 1985 2585 2041 enarravit?
2609 1986 2772 2041 Deum
2811 2007 2956 2044 nemo
2982 1992 3103 2045 vidit
3145 2010 3398 2064 umquam.
3439 1996 3586 2052 Unus
3614 2008 3695 2057 est

2118 2074 2277 2132 Deus.
2306 2075 2411 2131 Sed
2453 2077 2554 2133 hoc
2598 2088 2652 2134 et
2698 2081 2887 2151 reliqui
2932 2083 3224 2152 prophetae,
3264 2095 3317 2140 et
3358 2087 3567 2159 Moyses
3594 2091 3694 2145 [Γρ-

2115 2165 2470 2233 quentissime
2499 2170 2695 2226 clamat
2728 2190 2740 2226 :
2786 2171 3039 2229 Dominus
3070 2174 3207 2231 Deus
3247 2186 3361 2232 tuus
3385 2221 3401 2246 ,
3448 2179 3694 2237 Dominus

2120 2272 2251 2312 unus
2277 2270 2347 2312 est
2376 2260 2555 2328 (Deut.
2589 2264 2639 2317 6.
2665 2261 2757 2335 4);
2797 2275 2850 2319 et
2882 2264 3061 2333 ls:tias,
3110 2266 3235 2321 Ante
3276 2287 3353 2323 me
3390 2288 3488 2324 non
3514 2283 3582 2325 est
3609 2276 3693 2344 {a-

2116 2359 2225 2403 ctus
2249 2350 2382 2404 alius
2415 2351 2567 2418 Deus,
2600 2365 2647 2407 et
2672 2366 2783 2425 post
2812 2374 2889 2412 me
2915 2376 3015 2413 non
3045 2371 3117 2415 est
3139 2360 3290 2431 (Isai.
3319 2362 3406 2416 45.
3440 2363 3547 2432 10).

2189 2442 2241 2496 5.
2277 2444 2422 2508 Quar,
2454 2446 2707 2512 quomodo
2734 2457 2781 2501 et
2805 2465 2928 2517 quos
2952 2451 3178 2506 docuerit
3205 2451 3371 2508 Filius
3403 2455 3514 2509 Dei.
3545 2457 3691 2512 Cari-

2121 2543 2197 2589 tas
2243 2540 2646 2595 commendatur.
2682 2539 2957 2597 Christiani
2986 2562 3140 2598 unum
3172 2563 3356 2614 corpus
3392 2560 3527 2614 sunt,
3558 2554 3692 2621 quod

2114 2638 2186 2681 est
2226 2629 2500 2683 maximum
2542 2632 2777 2686 amicitia:
2814 2634 3090 2690 vinculum.
3114 2667 3185 2678 -—
3210 2638 3344 2704 Quid
3376 2656 3503 2709 ergo
3549 2643 3690 2698 aliud

2113 2733 2143 2771 a
2170 2717 2306 2774 Filio
2333 2720 2634 2784 didicimus.
2670 2735 2849 2794 utpote
2877 2727 2968 2796 qui
2997 2730 3066 2783 sit
3092 2730 3142 2783 in
3170 2731 3289 2785 sinu
3318 2732 3489 2788 Patris
3514 2736 3537 2788 ?
3561 2737 3688 2805 qttid

2112 2811 2181 2866 ab
2229 2810 2509 2883 Unigenito
2536 2815 2560 2868 ?
2604 2815 2780 2871 Primo
2807 2818 2946 2887 quod
2985 2819 3099 2875 haec
3126 2822 3231 2877 sint
3270 2840 3333 2879 ex
3361 2825 3476 2895 ejus
3503 2842 3689 2897 opera-

2115 2901 2262 2959 tione
2287 2921 2300 2959 :
2326 2904 2539 2969 deinde,
2572 2922 2670 2961 nos
2700 2908 2856 2978 longe
2889 2910 3170 2965 clariorem
3198 2916 3467 2983 accepisse
3493 2917 3691 2972 doctri-

2113 3010 2260 3063 nam,
2292 3004 2347 3050 et
2368 3012 2690 3069 cognoscere
2732 3003 2871 3070 quod
2903 3003 3134 3072 Spiritus
3163 3007 3232 3060 sit
3260 3008 3431 3071 Deus,
3460 3019 3514 3065 et
3551 3014 3690 3082 quod

2111 3088 2199 3158 qui
2233 3089 2456 3145 adorant
2485 3108 2628 3157 eum,
2667 3095 2715 3145 in
2749 3095 2940 3161 Spiritu
2985 3104 3038 3149 et
3080 3098 3300 3154 veritate
3329 3100 3555 3157 adorare
3592 3104 3690 3158 de—

2109 3180 2274 3237 beant
2320 3199 2334 3237 :
2382 3185 2704 3255 insuperque
2748 3185 2880 3241 illud
2934 3188 3147 3258 ipsunt,
3200 3191 3530 3261 impossibile
3572 3210 3691 3252 esse

2110 3271 2276 3328 Deum
2327 3274 2543 3339 videre,
2584 3286 2638 3331 et
2685 3280 2949 3335 neminem
2994 3280 3164 3350 ipsum
3202 3301 3545 3357 cognoscere,
3588 3288 3689 3342 nisi

2110 3363 2301 3419 Filium
2333 3365 2528 3438 (Joan.
2562 3370 2615 3424 4.
2641 3370 2751 3442 25)
2782 3388 2796 3426 :
2829 3375 3046 3443 etquod
3076 3376 3145 3430 sit
3178 3376 3337 3433 Pater
3362 3378 3475 3433 veri
3500 3378 3689 3448 Unige-

2110 3458 2204 3511 niti
2240 3476 2253 3521 ;
2283 3470 2337 3513 et
2374 3476 2726 3532 qutrcumque
2758 3465 2860 3520 alia
2892 3466 2959 3523 de
2988 3468 3078 3523 illo
3107 3480 3353 3526 enarrata
3382 3482 3526 3527 sunt.
3554 3472 3686 3527 Illud

2068 3558 2283 3606 ~autem
2309 3593 2323 3617 ,
2378 3552 2680 3622 Enarravit,
2731 3557 3015 3613 clariorem
3060 3570 3114 3616 et
3158 3565 3479 3633 apertiorem
3536 3566 3688 3621 eﬁ'ert

2106 3641 2402 3699 doctrinam
2428 3684 2443 3711 ,
2476 3663 2635 3717 quam
2676 3664 2783 3704 non
2812 3650 3008 3706 iudicis
3038 3654 3198 3710 modo
3221 3696 3239 3721 ,
3274 3655 3370 3711 sed
3399 3658 3559 3712 etiam
3589 3660 3683 3714 toti

2105 3736 2220 3790 orbi
2268 3737 2482 3792 tradidit
2517 3748 2571 3794 et
2602 3743 2906 3812 complevit.
2944 3745 3225 3816 Prophetis
3254 3758 3398 3804 certe
3425 3766 3490 3805 ne
3517 3750 3683 3807 Judaei

2103 3827 2320 3895 quidem
2364 3845 2551 3886 omnes
2591 3834 2972 3901 attendebant;
3019 3836 3307 3908 Unigenito
3369 3851 3547 3896 autem
3592 3841 3681 3895 Dei

2105 3927 2246 3972 totus
2288 3920 2436 3975 orbis
2484 3923 2646 3977 cessit
2681 3933 2738 3979 et
2764 3926 3011 3981 credidit.
3053 3927 3337 3984 Enarratio
3381 3930 3558 4001 itaque
3597 3932 3683 3987 hic

2101 4008 2357 4064 doctrina:
2400 4013 2719 4069 evidentiam
2754 4017 3013 4087 signiﬁcat
3051 4036 3064 4075 :
3113 4020 3341 4092 ideoque
3368 4030 3423 4077 et
3451 4023 3679 4078 Verbum

2098 4100 2315 4171 dicitur,
2345 4116 2398 4159 et
2428 4107 2603 4178 magni
2634 4111 2841 4164 consilii
2872 4112 3122 4180 Angelus.
3147 4114 3406 4181 Quoniam
3440 4117 3598 4187 igitur
3627 4125 3681 4172 et

2097 4195 2304 4262 majore
2331 4207 2385 4249 et
2424 4199 2742 4267 perfectiore
2789 4200 3028 4257 doctrina
3073 4204 3274 4274 dignati
3320 4221 3526 4274 sumus,
3570 4208 3680 4263 Deo

2097 4301 2204 4340 non
2250 4287 2388 4343 ultra
2441 4306 2535 4357 per
2563 4291 2887 4360 prophetas,
2930 4294 3025 4348 sed
3062 4310 3155 4364 per
3183 4299 3454 4368 proprium
3484 4299 3673 4355 Filium

2096 4380 2251 4434 nobis
2280 4384 2536 4438 extremis
2567 4383 2715 4439 hisce
2753 4384 2941 4439 diebus
2970 4387 3255 4457 loquente,
3300 4390 3421 4446 vita:
3463 4393 3676 4448 institu—

2094 4480 2205 4525 tum
2234 4472 2390 4542 longe
2418 4475 2628 4540 melius,
2672 4487 2726 4531 et
2767 4486 2914 4532 tanto
2942 4476 3149 4533 honore
3172 4480 3388 4551 dignum
3416 4484 3673 4541 exhibea-

2093 4580 2234 4619 mus.
2266 4565 2568 4620 Absurdum
2595 4568 2738 4623 enim
2764 4580 2929 4638 esset,
2958 4571 3001 4624 si
3037 4587 3157 4626 cum
3182 4574 3293 4641 ipse
3320 4586 3522 4630 tantum
3575 4577 3673 4632 de-

2091 4655 2382 4721 scenderit,
2413 4667 2470 4711 ut
2497 4674 2601 4711 non
2629 4659 2768 4714 ultra
2810 4676 2905 4729 per
2944 4675 3131 4717 servos
3175 4678 3302 4719 suos
3342 4681 3439 4719 nos
3463 4667 3659 4736 alloqui

2091 4747 2259 4815 velit,
2290 4748 2385 4803 sed
2416 4763 2511 4817 per
2549 4749 2780 4819 seipsum
2812 4769 2824 4803 :
2851 4766 2947 4805 nos
2978 4753 3111 4807 nihil
3148 4755 3377 4821 amplius
3407 4773 3564 4825 quam
3591 4759 3670 4815 illi

2090 4840 2299 4909 priores
2319 4842 2716 4897 exhiberemus.
2747 4843 2826 4897 llli
2850 4844 3109 4915 Moysem,
3140 4862 3236 4900 nos
3268 4847 3463 4918 Moysis
3493 4851 3670 4906 Domi.

2088 4948 2214 4987 num
2260 4934 2530 4989 doctorem
2560 4935 2837 5015 habemus.
2875 4936 3028 4991 Tanti
3051 4953 3179 5008 ergo
3208 4939 3425 4996 honoris
3454 4943 3668 5015 dignam

2089 5024 2483 5094 philoSOphiam
2521 5008 2857 5095 proferamus
2880 5069 2894 5093 ,
2944 5029 3184 5099 nihilque
3226 5031 3520 5088 habeamus
3549 5052 3670 5091 cum

2088 5126 2227 5171 terra
2255 5133 2558 5173 commune.
2599 5117 2723 5173 Ideo
2754 5134 2984 5189 namque
3012 5121 3097 5175 ille
3118 5120 3186 5176 de
3213 5122 3359 5179 caelis
3396 5126 3547 5179 nobis
3572 5126 3671 5180 do-

2085 5212 2310 5265 ctrinam
2324 5212 2519 5273 attulit,
2536 5218 2594 5264 ut
2608 5227 2671 5267 eo
2682 5212 3055 5281 cogitationem
3074 5224 3308 5269 nostram
3331 5219 3666 5284 transferret,

2083 5313 2139 5359 et
2162 5319 2260 5375 pro
2284 5303 2419 5359 virili
2448 5312 2626 5358 nostra
2666 5304 2960 5359 imitatores
2986 5305 3229 5361 Doctoris
3270 5310 3437 5364 nostri
3476 5313 3661 5366 simus.

2084 5398 2151 5453 Et
2175 5397 2442 5468 quomodo
2491 5413 2772 5467 possumus
2796 5442 2811 5465 ,
2849 5400 3084 5468 inquies,
3128 5401 3425 5457 imitatores
3464 5402 3663 5460 Christi

2083 5507 2204 5547 esse
2232 5492 2255 5545 ?
2286 5492 2343 5547 Si
2397 5493 2574 5547 omnia
2621 5492 2688 5547 ad
2730 5508 3070 5548 communem
3102 5494 3381 5551 utilitatem
3412 5497 3664 5551 iaciamus

2083 5602 2183 5641 nec
2221 5603 2339 5654 quin
2379 5595 2557 5639 nostra
2607 5596 2730 5638 sunt
2778 5601 3098 5653 quaeramus.
3162 5586 3301 5640 Nam
3347 5598 3394 5641 et
3433 5587 3661 5645 Christus

2149 5702 2169 5736 ι
2201 5697 2295 5749 Alii
2320 5703 2371 5749 et
2393 5697 2577 5759 nerei,
2593 5696 2871 5748 adscribere
2886 5697 3017 5748 solet.
