4094 6370
347 311 419 371 99
1348 317 1421 373 IN
1452 316 1772 374 JOANNEM
1815 315 2049 373 HOMIL.
2090 319 2206 376 XV.
2248 321 2317 375 al.
2362 317 2501 373 XIV.

342 429 370 481 6
398 426 533 484 Θεὸς
562 430 697 499 ἔχει,
731 431 824 484 καὶ
874 432 932 486 ἐν
968 432 1215 504 οὐρανοῖς
1264 434 1738 505 περιγέγραπται;
1781 432 1919 485 Ἀλλ’

345 513 445 566 οὐκ
478 513 545 566 ἄν
563 530 646 575 τις
678 512 820 567 οὕτω
855 516 1073 586 μανείη,
1109 516 1250 569 ὥστε
1273 516 1446 571 ταῦτα
1484 520 1679 572 εἰπεῖν.
1713 518 1778 570 Τί
1805 516 1923 570 ποτ’

344 589 438 646 οῦν
466 598 581 648 ἐστι
599 597 661 648 τὸ
679 596 987 667 λεγόμενον;
1009 601 1216 671 Ὥσπερ
1240 601 1366 655 ὅταν
1381 602 1535 673 λέγῃ·
1562 600 1849 669 Μακάριοι
1870 602 1924 652 οὶ

345 679 589 748 καθαροὶ
618 679 692 747 τῇ
717 680 950 748 καρδίᾳ,
994 682 1085 735 ὅτε
1103 684 1271 737 αὐτοὶ
1309 684 1416 739 τὸν
1454 685 1602 739 Θεὸν
1637 680 1920 754 ὄψονταιο

344 762 443 830 τὴν
474 762 616 816 κατὰ
643 763 879 817 διάνοιαν
904 766 1025 834 ὄψιν
1058 768 1210 835 φησὶ,
1240 768 1335 838 τὴν
1368 770 1499 839 ήμῖν
1527 769 1754 839 δυνατὴν
1780 809 1795 833 ,
1829 768 1925 821 καὶ

344 846 443 912 τὴν
462 845 672 900 ἔννοιαν
693 847 792 917 τὴν
812 849 937 919 περὶ
961 850 1096 902 Θεοῦ
1117 869 1131 881 ·
1154 849 1296 904 οὕτω
1321 853 1416 906 καὶ
1436 853 1656 906 ἐπὶτῶν
1678 853 1923 921 ἀγγέλων

344 928 533 997 εἰπεῖν.
560 928 707 981 ἔστιν
732 942 779 989 ι,
803 930 885 983 61:
917 931 1006 985 6:6
1033 932 1132 1001 τὴν
1153 933 1397 1005 καθαρὰν
1436 936 1615 989 αὐτῶν
1640 938 1733 989 καὶ
1754 936 1924 1006 ἄγρυ-

347 1026 478 1062 πνον
514 1012 674 1080 φύσιν
702 1014 854 1067 οὐδὲν
882 1015 1088 1086 ἕτερον,
1119 1016 1289 1088 ἀλλ’ἢ
1319 1017 1412 1070 τὸν
1442 1018 1574 1073 Θεὸν
1602 1019 1690 1072 ἀεὶ
1720 1018 1924 1087 φαντά-

346 1092 549 1155 ζονται.
599 1096 699 1149 Διά
736 1096 894 1150 τοῦτο
944 1099 1040 1151 καὶ
1092 1099 1256 1163 αὐτὸς
1306 1101 1465 1154 πάλιν
1500 1104 1685 1172 φησὶν,
1712 1100 1925 1167 Οὐδείς

345 1175 625 1243 γινώσκει
647 1178 754 1232 τὸν
776 1181 1029 1247 Πατέρα,
1059 1183 1112 1234 εί
1131 1182 1215 1251 μὴ
1238 1185 1272 1236 ὁ
1300 1184 1452 1248 Υἱός.
1477 1184 1541 1236 Τί
1561 1180 1654 1237 οῦν
1677 1201 1691 1249 ;
1724 1183 1924 1247 πάντες

344 1258 405 1309 ἐν
455 1260 650 1330 ἀγνοίᾳ
688 1262 894 1331 ἐσμέν;
932 1264 1024 1333 Μὴ
1064 1264 1308 1330 γένοιτο·
1360 1266 1474 1319 ἀλλ’
1528 1266 1700 1329 οὕτως
1748 1266 1924 1327 οὐδεὶς

344 1337 483 1395 οἶδεν
513 1344 588 1407 ὡς
620 1346 648 1396 6
677 1345 826 1408 Υἱός.
862 1347 1072 1417 Ὠσπερ
1104 1343 1197 1401 οὖν
1224 1345 1363 1402 εἶδον
1392 1349 1552 1404 αὐτὸν
1590 1352 1639 1404 οί
1680 1350 1864 1403 πολλοὶ
1894 1351 1922 1390 b

346 1423 490 1476 κατὰ
535 1426 635 1497 τὴν
689 1429 1039 1499 ἐγχωροῦσαν
1090 1431 1273 1495 αὐτοῖς
1306 1432 1429 1502 ὄψιν
1453 1475 1468 1499 ,
1508 1434 1606 1505 τὴν
1639 1434 1696 1488 δέ
1736 1434 1923 1488 οὐσίαν

344 1510 520 1573 οὐδεὶς
543 1512 805 1567 ἐθεάσατο
825 1532 839 1545 ο
873 1515 1015 1568 οὕτω
1048 1517 1141 1569 καὶ
1172 1516 1266 1569 νῦν
1302 1518 1457 1587 ίσμεν
1480 1520 1681 1582 πάντες
1709 1521 1806 1589 μὲν
1831 1520 1922 1573 τὸν

342 1593 499 1657 Θεὸν,
531 1595 633 1667 τὴν
662 1597 719 1649 δὲ
770 1599 955 1651 οὐσίαν
983 1600 1156 1664 οὐδεὶς
1190 1597 1329 1655 οἶδεν
1352 1604 1379 1655 6
1404 1603 1457 1655 τί
1502 1603 1633 1656 ποτέ
1676 1606 1845 1669 ἐστιν,
1873 1605 1922 1657 εί

346 1678 424 1748 μὴ
450 1679 609 1748 μόνος
642 1682 670 1734 6
705 1683 983 1753 γεννηθεὶς
1012 1683 1069 1750 ἐξ
1092 1685 1275 1738 αὐτοῦ.
1303 1686 1505 1739 Γνῶσιν
1550 1688 1656 1759 γὰρ
1690 1686 1921 1741 ἐνταῦθα

342 1763 443 1832 τὴν
464 1764 664 1835 ἀκριϐῆ
702 1765 846 1833 λέγει
872 1766 1103 1838 θεωρίαν
1127 1787 1185 1821 τε
1212 1771 1305 1823 καὶ
1334 1772 1655 1842 κατάληψιν,
1681 1773 1775 1826 καὶ
1800 1790 1922 1825 τοσ-

343 1846 517 1916 αύτην
549 1849 683 1916 ὅσην
734 1852 761 1901 6
797 1849 985 1920 Πατὴρ
1027 1850 1141 1921 ἔχει
1180 1854 1309 1923 περὶ
1345 1854 1439 1906 τοῦ
1471 1854 1682 1918 Παιδὸς.
1718 1855 1925 1922 Καθὼς

341 1929 453 1996 γὰρ
478 1930 757 1998 γινώσκει
776 1949 853 2000 με
881 1936 913 1987 ό
935 1934 1157 2002 Πατὴρ,
1198 1936 1360 2004 κάγὼ
1382 1936 1650 2006 γινώσκω
1674 1937 1781 1990 τὸν
1802 1942 1921 1991 Πα-

340 2009 503 2079 τέρα.

414 2097 505 2148 Διὸ
523 2097 617 2149 καὶ
632 2098 660 2149 6
680 2099 1084 2167 Εὐαγγελιστὴς
1104 2102 1206 2173 ὅρα
1225 2102 1342 2173 μεθ’
1364 2104 1493 2173 ὅσης
1511 2104 1803 2173 φθέγγεται
1818 2106 1920 2177 τῆς

343 2181 659 2249 περιουσίας
688 2192 734 2235 ε.
772 2182 951 2235 Εἰπὼν
979 2185 1107 2254 γὰρ,
1149 2185 1230 2237 61:
1276 2185 1425 2239 Θεὸν
1460 2187 1659 2254 οὐδεὶς
1700 2189 1921 2258 ἑώρακε

339 2261 578 2315 πώποτε
601 2306 617 2331 ,
653 2266 752 2318 οὐκ
788 2262 959 2326 εἶπεν,
988 2268 1068 2319 61:
1102 2268 1129 2319 6
1161 2268 1287 2331 Υἱὸς
1321 2268 1441 2322 ἰδὼν
1463 2272 1786 2343 ἐξηγήσατο,
1804 2274 1917 2327 ἀλλ’

340 2344 528 2415 ἕτερόν
576 2365 626 2399 τι
669 2349 829 2401 πλέον
859 2349 952 2401 τοῦ
988 2351 1113 2402 ίδείν
1148 2351 1361 2421 ἔθηκεν,
1389 2352 1579 2420 εἰπὼν,
1610 2357 1704 2409 .61:
1743 2357 1797 2409 '0
1834 2357 1919 2410 ὢν

338 2428 413 2479 ὲν
439 2426 517 2492 τῷ
544 2433 751 2495 κόλπῳ
779 2433 883 2487 τοῦ
914 2436 1162 2501 Πατρός.
1198 2435 1304 2488 Τοῦ
1331 2436 1439 2509 γὰρ
1474 2439 1602 2492 ίδεῖν
1645 2439 1707 2493 τὸ
1738 2442 1831 2493 καὶ
1861 2443 1918 2494 ἐν

338 2510 421 2595 τῷ
454 2513 638 2584 κόλπῳ
668 2516 1033 2569 ἐνδιαιτᾶσθαι
1072 2518 1251 2589 πολλῷ
1288 2520 1446 2574 πλέον
1495 2524 1661 2577 ἐστίν.
1728 2525 1786 2577 ’0
1822 2526 1919 2595 μὲν

342 2593 453 2678 γάρ
476 2596 662 2660 ἁπλῶς
690 2598 849 2669 ὁρῶν,
885 2600 944 2651 οὐ
976 2601 1191 2665 πάντως
1223 2604 1426 2674 ἀκριϐῆ
1456 2605 1549 2658 τοῦ
1594 2593 1917 2678 φαινομένου

338 2676 442 2746 τὴν
466 2678 668 2746 γνῶσιν
696 2680 808 2749 ἐχει
834 2696 845 2710 ’
869 2685 897 2735 6
917 2683 974 2736 δέ
1003 2686 1114 2747 τοῖς
1138 2685 1356 2750 κόλποις
1382 2676 1918 2759 ἐνδιατρίϐων,-οὐδέν

339 2760 625 2832 ἀγνοήσειέ
666 2782 815 2819 ποτε.
860 2767 1097 2820 Ἀκούων
1129 2765 1244 2833 οῦν,
1291 2772 1371 2824 61:
1405 2772 1611 2839 Οὐδείς
1643 2774 1918 2843 γινώσκει

339 2845 449 2897 τὸν
487 2847 737 2915 Πατέρα,
788 2852 841 2903 εί
871 2850 957 2918 μὴ
983 2854 1015 2905 d
1058 2852 1214 2919 Υἱὸς,
1245 2855 1330 2908 ἵνα
1362 2855 1436 2926 μὴ
1470 2856 1634 2927 λέγῃς
1661 2857 1712 2922 ἀ,
1744 2860 1825 2912 61:
1869 2861 1918 2912 εί

336 2928 505 3011 πλέον
533 2931 784 2984 ἁπάντων
811 2928 919 2986 οἶδε
953 2936 1042 2988 τὸν
1073 2938 1309 3008 Πατέρα,
1341 2939 1454 2992 ἀλλ’
1495 2942 1591 3011 οὐχ
1618 2942 1742 3005 ὅσος
1770 2943 1918 2997 ἐστὶν

336 3006 450 3095 οἶδε
468 3028 481 3041 ·
508 3013 595 3066 6:6
615 3015 771 3067 τοῦτο
798 3017 826 3069 6
845 3035 904 3069 τε
932 3006 1336 3093 Εὐαγγελιστὴς
1362 3024 1419 3075 ἐν
1442 3024 1521 3092 τῷ
1545 3006 1730 3095 κόλπῳ
1756 3027 1918 3079 αὐτὸν

334 3094 648 3178 διαιτᾶσθαι
702 3098 795 3150 τοῦ
832 3102 1041 3173 Πατρὸς
1095 3102 1264 3171 λέγει,
1318 3105 1478 3168 αὐτός
1524 3124 1582 3159 τε
1621 3110 1649 3160 6
1680 3110 1917 3178 Χριστὸς

336 3177 591 3231 τοσοῦτον
612 3180 772 3261 αὐτὸν
801 3182 997 3235 εἰδέναι
1024 3186 1208 3254 φησὶν,
1236 3188 1358 3240 ὅσον
1375 3190 1403 3241 6
1430 3190 1619 3261 Πατὴρ
1649 3177 1741 3245 τὸν
1768 3193 1914 3250 Υίόν.

354 3261 660 3331 Ἰ-Σρώτησον
686 3260 779 3318 οῦν
795 3266 886 3319 τὸν
912 3267 1259 3337 ἀντιλέγοντα
1280 3287 1294 3300 ο
1314 3267 1460 3342 τΑρόι
1485 3260 1728 3341 γε,εἰπέ,
1753 3275 1915 3345 γινώ-

338 3361 460 3431 σκει
498 3345 587 3398 τὸν
626 3346 756 3431 Υίὸν
791 3350 820 3401 6
849 3351 1077 3423 Πατήρ;
1127 3353 1236 3406 Καὶ
1281 3356 1398 3426 ἐρεῖ
1425 3356 1665 3421 πάντως,
1723 3358 1790 3412 ἂν
1840 3361 1916 3431 μὴ

338 3428 623 3512 μαίνηται,
655 3430 737 3483 61:
770 3431 897 3485 Ναί.
948 3434 1103 3488 Μετὰ
1144 3436 1304 3489 τοῦτο
1338 3439 1557 3493 κάκεῖνο
1604 3440 1856 3512 ἐρώμεθα
1891 3428 1915 3482 έ

337 3511 500 3563 πάλιν
528 3512 691 3566 αὐτόν
712 3529 724 3541 ·
758 3514 826 3589 Τί
858 3515 936 3583 δὲ,
968 3517 1172 3588 ἀκριόἦ
1205 3537 1324 3573 τινα
1352 3522 1541 3592 ὅρασιν
1575 3511 1668 3577 καὶ
1715 3525 1916 3593 γνῶσιν

337 3594 501 3648 αὐτὸν
539 3598 643 3667 ὁρᾷ
680 3599 773 3651 καὶ
800 3599 1080 3667 γινώσκει,
1128 3603 1407 3657 καὶτοῦτο
1434 3605 1571 3677 ὅπερ
1619 3608 1766 3661 ἐστὶν
1810 3606 1916 3661 οἶδε

339 3680 566 3747 σαφῶς;
599 3682 710 3735 Καὶ
738 3683 956 3749 πάντως
982 3685 1078 3738 καὶ
1106 3686 1263 3739 τοῦτο
1292 3689 1426 3759 ἐρεῖ.
1473 3690 1605 3743 Ἀπὸ
1635 3690 1766 3759 γοῦν
1794 3692 1919 3744 τού-

335 3778 429 3814 του
463 3764 650 3816 λοιπὸν
678 3767 953 3835 συνάγαγε
982 3768 1081 3839 τὴν
1112 3768 1313 3838 ἀκριὸῆ
1345 3769 1438 3823 τοῦ
1465 3770 1595 3824 Υίοῦ
1640 3774 1768 3843 περὶ
1820 3774 1915 3827 τοῦ

339 3847 552 3917 Ιιατρὸς
581 3850 904 3920 κατάληψιν.
935 3852 1107 3915 Αὐτὸς
1141 3852 1250 3922 γὰρ
1279 3847 1453 3917 εἶπεν,
1486 3854 1569 3906 ὅτι
1612 3855 1707 3921 Ὠς
1748 3856 1920 3925 τινώ-

335 3947 475 3985 σκει
490 3949 570 4001 με
600 3937 633 3987 ὀ
656 3934 881 4003 Πατὴρ,
920 3935 1073 3989 οὕτω
1098 3936 1197 3989 καί
1232 3936 1345 4006 ἐγὼ
1367 3936 1480 4009 [87]
1520 3937 1710 3993 αὑτὸν
1746 3940 1918 4010 γινώ-

335 4033 467 4068 σκω
487 4030 501 4043 ·
530 4018 625 4070 καὶ
650 4017 910 4088 ἀλλαχοῦ,
948 4022 1072 4089 Οὐχ
1105 4019 1196 4073 ὅτι
1239 4022 1389 4075 Θεόν
1430 4039 1518 4088 τις
1547 4022 1828 4091 ἑώρακεν,
1864 4028 1921 4080 εί

332 4100 420 4167 μὴ
458 4103 493 4154 ό
527 4098 702 4156 ὢνέκ
731 4103 837 4157 τοῦ
872 4104 1038 4158 Θεοῦ.
1070 4104 1171 4158 Διὰ
1198 4105 1376 4171 τοῦτο,
1408 4108 1545 4178 ὅπερ
1574 4109 1730 4179 ἔφην,
1760 4111 1854 4163 καὶ
1888 4113 1918 4165 6

339 4187 749 4259 Εὐαγγελιστὴς
783 4188 879 4242 τοῦ
926 4188 1126 4242 κόλπου
1169 4190 1460 4261 μέμνηταις
1501 4193 1677 4247 πάντα
1707 4195 1794 4250 διὰ
1820 4196 1916 4250 τοῦ

338 4270 457 4331 évb;
488 4270 731 4339 ῥήματος
761 4269 950 4324 τούτου
982 4274 1114 4342 ἡμῖν
1160 4273 1460 4343 ἐμφαίνων,
1515 4276 1595 4329 61:
1618 4276 1786 4349 πολλὴ
1815 4279 1917 4349 τῆς

266 4361 279 4369 '
335 4352 527 4414 οὐσίας
547 4355 580 4422 ἡ
614 4353 903 4422 συγγένεια
927 4355 1020 4407 καὶ
1049 4357 1081 4424 ἡ
1103 4356 1289 4426 ἑνότης
1316 4354 1361 4418 ί,
1395 4357 1476 4410 ὅτι
1502 4358 1915 4430 ἀπαράλλακτος

339 4437 375 4503 ή
414 4434 631 4501 γνῶσις.
663 4436 743 4489 61:
773 4438 862 4507 ίση
892 4439 925 4507 ή
954 4437 1188 4503 ἐξουσία.
1219 4440 1293 4491 Οὐ
1322 4438 1429 4510 γὰρ
1478 4441 1571 4494 τὸν
1611 4443 1915 4515 ἐτερούσιον

340 4519 399 4570 ἐν
432 4521 547 4581 τοῖς
583 4519 805 4583 κόλποις
858 4520 924 4574 ἂν
982 4520 1139 4591 ἐσχεν
1168 4522 1196 4574 6
1232 4523 1424 4595 Πατήρ
1448 4539 1461 4555 ·
1515 4524 1630 4578 ἀλλ’
1674 4526 1794 4579 οὐδὲ
1849 4527 1916 4580 ἂν

338 4602 503 4666 αὐτὸς
524 4603 811 4674 ἐτόλμησε,
831 4604 921 4657 δοῦ
931 4605 1019 4668 λος
1045 4608 1120 4659 ὢν
1149 4608 1243 4661 καὶ
1264 4607 1369 4660 τῶν
1390 4607 1599 4661 πολλῶν
1620 4603 1719 4675 εἷς,
1756 4612 1814 4665 ἐν
1838 4611 1916 4682 τῷ

338 4685 528 4755 κόλπῳ
582 4686 910 4757 στρέφεσθαι
952 4690 979 4731 ⁸
1002 4689 1096 4743 τοῦ
1120 4691 1390 4745 Δεσπότου
1409 4709 1425 4724 ·
1474 4692 1632 4746 τοῦτο
1657 4694 1766 4765 γὰρ
1797 4694 1913 4749 υἱοῦ

339 4770 566 4838 γνησίου
596 4771 757 4840 μόνον
788 4772 882 4825 καὶ
908 4773 1075 4845 πολλῇ
1102 4777 1167 4845 τῇ
1195 4776 1480 4847 παρρησία
1520 4777 1657 4848 πρὸς
1690 4778 1782 4832 τὸν
1820 4796 1913 4847 γε-

338 4855 639 4923 γεννηκότα
662 4856 966 4926 χρωμένου,
985 4862 1080 4911 καὶ
1098 4858 1248 4911 οὐδὲν
1279 4859 1499 4913 ἔλαττον
1518 4860 1750 4930 ἔχοντος.
1780 4862 1914 4915 Βού-

338 4935 417 4989 λει
449 4939 543 4991 καὶ
576 4939 638 4991 τὸ
671 4939 839 4992 ἀΐδιον
865 4942 1090 5010 μαθεῖν;
1123 4944 1387 4996 Ἀκουσον
1408 4944 1461 4996 τί
1500 4961 1664 5015 φησιν
1689 4948 1717 4999 6
1749 4948 1913 5000 Μωύο

342 5019 441 5089 σῆς
468 5021 598 5091 περὶ
624 5021 719 5075 τοῦ
749 5024 980 5094 Πατρός.
1028 5026 1339 5096 Ἐρωτήσας
1367 5026 1495 5097 γὰρ,
1524 5030 1574 5081 εί
1611 5029 1911 5100 ἐρωτηθείη

341 5105 491 5173 παρά
518 5103 628 5156 τῶν
661 5106 1003 5174 Αἰγυπτίων,
1035 5107 1119 5171 τίς
1154 5109 1184 5161 6
1226 5108 1583 5173 ἀπεσταλκὼς
1611 5111 1773 5165 αὐτὸν
1799 5114 1910 5184 εἴη,

338 5185 390 5236 τί
422 5203 554 5239 ποτε
585 5186 649 5258 δὴ
685 5187 780 5241 καὶ
807 5189 1166 5262 ἀποκρίνηται
1213 5191 1349 5262 πρὸς
1375 5193 1591 5257 αὐτοὺς.
1630 5195 1913 5250 κελεύεται

398 5347 425 5375 ⁸
468 5347 582 5395 Sav.
607 5348 685 5395 ἐπὶ
708 5349 804 5395 τῶν
823 5350 1033 5411 ἀγγέλων
1055 5352 1333 5408 ἐκληπτέον.
1396 5351 1425 5391 ῑι
1448 5352 1530 5403 Sic
1557 5354 1706 5405 Savil.
1736 5356 1911 5406 Morel.

335 5408 380 5477 οἱ
411 5414 676 5477 προφῆται.
747 5408 904 5477 °_Si_6'
929 5412 1081 5477 §avil,
1122 5420 1180 5477 οι
1215 5428 1348 5477 mAss,
1376 5414 1495 5463 Mor.
1532 5422 1616 5475 τῆς
1653 5419 1908 5477 ἀκριϐείας.

335 5466 492 5535 {usae
526 5466 611 5535 'aiii
659 5479 713 5535 ει
753 5470 904 5520 Savil.
929 5472 1097 5535 Morel,
1124 5475 1183 5521 ἵν’
1222 5474 1303 5522 οὖν
1329 5475 1518 5524 ἀκούων
1548 5466 1620 5525 δὲὶ
1652 5466 1915 5535 manus:

490 5533 722 5604 μηδαμῶς
978 5534 1121 5604 ¢A_lii
1148 5535 1362 5604 ἐροῦμεν.
1487 5537 1547 5585 Ἢ
1570 5531 1812 5600 συγγένεια
1834 5544 1914 5589 καὶ

336 5594 369 5662 ﬁ
408 5594 741 5662 Ἦρα-ῥίς
764 5596 911 5662 Sagvil.
949 5603 1003 5662 ει
1042 5594 1216 5662 Mog-el.
1252 5594 1305 5647 ει
1342 5598 1539 5662 quidam
1737 5607 1909 5652 nostri.

337 5654 599 5723 l'focld.705,
626 5655 718 5703 706
746 5659 826 5703 καὶ
860 5658 1074 5723 ἐγγύτηςἱ
1096 5660 1203 5709 sine
1225 5654 1446 5711 articdlo.
1476 5662 1609 5712 Unus
1633 5664 1812 5712 melius
1833 5666 1914 5712 καί

339 5719 517 5786 ενοι-ης,
561 5719 1019 5786 qpem_sequi_mm_-_.
1051 5720 1287 5786 filum;
1314 5726 1447 5773 enim
1470 5726 1615 5774 etiam
1635 5727 1698 5773 de
1732 5738 1794 5774 eo
1829 5728 1912 5786 qui

337 5778 541 5850 allefins
572 5780 640 5827 si:
664 5778 949 5850 sgpslmtie
967 5782 1064 5830 dici
1088 5778 1281 5850 ρὸ-ἰεει,
1304 5785 1496 5850 scilicet
1533 5788 1596 5850 de
1640 5778 1912 5850 ἐτερουσίῳ,

340 5845 504 5911 ςοηιςδ
523 5853 669 5911 (ιυρω
692 5840 1066 5911 Ωῒιτθέοεῑοιῃυξ
1086 5840 1351 5911 ΘυγδίιιΓέΓΜ
1374 5848 1428 5895 οὐ
1446 5850 1533 5911 γὰρ
1549 5849 1628 5895 τὸν
1650 5840 1914 5911 ἑτέρούσιὸν

344 5898 390 5944 ιν
412 5902 508 5973 107.;
525 5898 720 5974 πιάλποιέ
740 5898 951 5974 ἀνέσχεν
969 5907 996 5951 6
1022 5907 1200 5974 ῌατήρ.
1268 5911 1293 5949 κ
1317 5898 1480 5962 itorei.
1509 5898 1561 5959 22:
1584 5924 1694 5959 ιιιεεΔ
1720 5898 1750 5974 ί)
1775 5910 1916 5963 unm:

345 5964 638 6024 στρέφεσθαι.
680 5964 831 6013 Savil.
856 5964 1116 6028 τρέφεσθαι.
1163 5964 1183 5972 ”
1720 5964 1743 5974 ’⁴

3501 315 3602 372 100

2027 432 2217 496 εἰπεῖν,
2237 435 2317 487 ὅτι
2350 436 2413 487 '0
2437 435 2521 487 ὢν
2540 435 2564 473 h
2588 434 2931 488 ἀπέσταλκέ
2963 451 3057 502 με.
3083 431 3155 485 Τὸ
3182 432 3259 501 δέ,
3298 432 3360 486 '0
3382 433 3487 499 ὢν,
3507 433 3623 488 τοῦ

2027 515 2113 566 ἀεὶ
2138 511 2277 569 εἶναι
2301 517 2632 586 σημαντικόν
2658 519 2797 581 ἐστι,
2824 516 3027 590 καὶτοῦ
3052 517 3302 587 ἀνάρχως
3318 511 3485 582 εἶναι,
3508 519 3603 569 καὶ

2028 598 2120 650 τοῦ
2147 597 2312 661 ὅντως
2346 596 2481 653 εἷναι
2512 600 2605 653 καὶ
2633 600 2857 671 κυρίοις.
2887 596 3058 653 Τοῦτο
3088 601 3179 653 καὶ
3207 599 3286 663 16,
3324 601 3426 654 Ἐν
3443 599 3603 670 ἀρχῇ

2028 677 2126 749 ἦν,
2148 681 2422 752 ἐμφαίνει,
2457 683 2549 735 τοῦ
2578 683 2663 734 ἀεὶ
2696 678 2834 735 εἶναι
2874 681 3171 752 δηλωτικὸν
3199 683 3277 736 ὸν.
3329 682 3515 753 Τούτῳ
3538 685 3603 753 δὴ

2026 759 2119 817 οὖν
2150 764 2383 818 ἐνταῦθα
2409 764 2671 834 κέχρηται
2700 764 2776 834 τῷ
2812 764 2960 835 ρητῷ
2989 767 3017 818 6
3073 764 3344 835 Ἰωάννης,
3389 766 3603 828 δεικνὺς

2026 848 2107 900 61:
2131 848 2383 918 ἀνάρχως
2430 848 2526 901 καὶ
2563 848 2746 911 ἀϊδίως
2801 848 2859 900 ἐν
2914 849 2991 918 τῷ
3023 848 3209 919 κόλπῳ
3254 849 3349 903 τοῦ
3390 851 3603 919 Πατρός

2026 932 2173 985 ἐστιν
2203 933 2231 985 6
2258 932 2403 994 Υἱός.
2446 933 2562 985 Ἵνα
2586 932 2763 986 τοίνυν
2794 931 2867 1002 μὴ
2911 933 2927 973 ί
2965 931 3055 986 6:6
3079 932 3178 1002 τὴν
3218 932 3309 985 τοῦ
3339 932 3602 1002 ὀνόματος

2026 1014 2310 1067 κοινωνίαν
2336 1015 2432 1069 ἕνα
2460 1016 2581 1069 τινὰ
2604 1016 2710 1070 τῶν
2739 1016 2920 1087 χάριτι
2952 1015 3257 1085 γενομένων
3297 1015 3427 1068 υίῶν
3462 1011 3600 1069 εἶναι

2025 1097 2251 1169 νομίσῃς
2304 1099 2486 1163 αὐτὸν,
2537 1100 2754 1172 πρῶτον
2811 1100 2909 1171 μὲν
2942 1100 3261 1170 πρόσκειται
3297 1100 3357 1152 τὸ
3399 1100 3601 1171 ἄρθρον

2023 1179 2263 1251 διαιροῦν
2285 1182 2447 1236 αὐτὸν
2472 1183 2580 1238 τῶν
2614 1183 2758 1237 κατὰ
2774 1185 2954 1255 χάριν.
2987 1185 3049 1236 EE
3067 1184 3125 1236 δὲ
3158 1183 3233 1255 μὴ
3255 1179 3416 1237 τοῦτο
3438 1185 3602 1254 ἀρκεῖ

2028 1280 2130 1329 σοι,
2153 1264 2270 1317 ἀλλ’
2295 1264 2375 1318 ἔτι
2409 1267 2558 1321 κάτω
2585 1266 2829 1331 κύπτεις,
2859 1266 3046 1320 τούτου
3074 1266 3407 1338 κυριώτερον
3433 1266 3599 1320 ἄκουε

2024 1348 2193 1420 ὄνομα
2218 1351 2299 1414 τὸ,
2335 1350 2703 1421 Μονογενής.
2744 1353 2806 1405 Εί
2837 1351 2894 1405 δέ
2932 1352 3027 1405 καὶ
3062 1351 3199 1422 μετὰ
3248 1351 3406 1405 τοῦτο
3438 1350 3600 1405 πάλιν

2024 1432 2175 1486 κάτω
2207 1431 2443 1501 βλέπεις,
2466 1435 2527 1487 οὐ
2560 1435 2967 1505 παραιτήσομαι
2989 1452 3105 1499 πως
3134 1435 3229 1487 καὶ
3255 1434 3600 1504 ἀνθρωπίνην

2023 1515 2145 1568 τινὰ
2186 1516 2347 1587 ῥῆσιν
2391 1520 2565 1571 εἰπεῖν
2604 1520 2731 1590 περὶ
2769 1518 2861 1571 τοῦ
2908 1517 3067 1579 Θεοῦ,
3119 1518 3220 1589 τὴν
3248 1517 3340 1570 τοῦ
3394 1517 3595 1570 κόλπου

2023 1598 2186 1666 λέγω,
2221 1599 2380 1669 μόνον
2409 1601 2497 1654 ἴνα
2552 1602 2715 1671 μηδὲν
2765 1602 3109 1673 ὑποπτεύσῃς
3141 1600 3412 1653 ταπεινόν.
3446 1594 3599 1662 Εἶδες

2024 1680 2434 1754 φιλανθρωπίαν
2484 1686 2578 1738 καὶ
2628 1685 2953 1755 κηδεμονίαν
3006 1683 3317 1747 Δεσπότου;
3380 1682 3599 1748 Ἀνάξια

2025 1765 2241 1834 ῥήματα
2276 1767 2616 1837 περιτίθησιν
2668 1768 2900 1838 ἐαυτῷὁ
2944 1767 3097 1831 Θεὸς,
3154 1766 3240 1819 ἵνα
3263 1765 3363 1820 κᾶν
3405 1763 3420 1815 i
3457 1764 3600 1819 οὕτω

2022 1845 2333 1921 διαϐλέψῃς,
2371 1851 2465 1904 καὶ
2498 1851 2640 1921 μέγα
2666 1869 2719 1905 τι
2749 1854 2843 1907 καὶ
2876 1851 3077 1922 ὑψηλὸν
3098 1852 3352 1924 ἐννοήσῃς
3371 1866 3384 1877 ·
3415 1850 3509 1903 καὶ
3534 1850 3597 1902 σὺ

2023 1930 2171 1984 κάτω
2199 1933 2418 2003 μένεις;
2462 1936 2595 1988 Εἰπέ
2630 1936 2739 2007 γάρ
2791 1953 2913 2007 μοι’
2944 1936 3089 1997 τίνος
3131 1934 3315 1987 ἐνεκεν
3347 1936 3375 1987 6
3402 1933 3596 1996 κόλπος

2022 2014 2256 2068 ἐνταῦθα
2280 2017 2669 2088 παρείληπται,
2700 2019 2759 2071 τὸ
2789 2019 2936 2089 παχὺ
2958 2018 3115 2072 τοῦτο
3142 2017 3312 2088 ὄνομα
3338 2018 3431 2069 καὶ
3466 2033 3597 2085 cap-

2021 2100 2176 2152 κικόν
2202 2118 2216 2163 ;
2258 2100 2345 2154 ἵνα
2380 2101 2538 2171 σῶμα
2568 2103 2658 2155 τὸν
2689 2102 2820 2155 Θεὸν
2850 2102 3317 2171 ὐποπτεύσωμενς
3360 2102 3594 2166 Ἀπαγε.

2020 2181 2288 2252 οὐδαμῶς,
2341 2184 2494 2252 φησί.
2548 2183 2703 2247 Τίνος
2756 2181 2848 2238 οῦν
2896 2186 3079 2238 ἕνεκεν
3122 2184 3368 2256 εῖρηται;
3400 2184 3460 2235 Εἰ
3490 2183 3597 2253 γὰρ

2024 2266 2221 2335 μήτεή
2260 2267 2550 2338 γνησιότης
2590 2268 2684 2320 τοῦ
2733 2268 2863 2321 Υίοῦ
2903 2269 3233 2339 παρίσταται
3261 2267 3349 2319 6:6
3385 2266 3595 2329 τούτου,

2023 2350 2160 2420 μήτε
2190 2352 2251 2403 τὸ
2287 2351 2360 2420 μὴ
2387 2350 2544 2421 σῶμα
2568 2348 2705 2405 εἶναι
2736 2353 2828 2406 τὸν
2877 2354 3028 2419 Θεὸν,
3060 2351 3329 2422 περιττῶς
3364 2350 3596 2423 προσέρ-

2022 2432 2207 2501 ριπται
2232 2432 2293 2485 τὸ
2324 2433 2505 2505 ῥητὸν,
2540 2434 2794 2505 οὐδεμίαν
2821 2436 3009 2507 χρείαν
3034 2435 3292 2506 πληροῦν.
3320 2434 3474 2497 Τίνος
3502 2430 3596 2486 οῦν

2019 2514 2201 2567 ἕνεκεν
2226 2517 2441 2587 εἴρηται
2472 2534 2487 2582 ;
2519 2518 2580 2569 οὐ
2610 2518 2719 2588 γὰρ
2741 2518 3121 2589 ἀποστήσομαί
3159 2536 3252 2571 σου
3284 2517 3442 2570 τοῦτο
3465 2534 3597 2569 πυν-

2020 2597 2332 2668 θανόμενος.
2376 2601 2489 2653 Οὐκ
2514 2600 2734 2673 εὐδηλον
2760 2602 2841 2655 61:
2890 2602 3043 2655 οὐδὲν
3086 2602 3333 2672 ἓτερονῆ
3379 2601 3465 2653 ἵνα
3519 2599 3597 2670 μὴ

2020 2681 2377 2752 ὑπολάϐωμεν
2406 2682 2473 2735 δι’
2500 2684 2689 2748 αὐτοῦ,
2742 2685 2858 2739 ἀλλ’
2902 2685 2934 2755 ἢ
2968 2686 3028 2737 τὸ
3055 2686 3271 2753 γνήσιον
3302 2683 3395 2735 τοῦ
3428 2684 3595 2736 Μονο-

2018 2764 2227 2832 γενοῦς,
2258 2766 2350 2818 καὶ
2377 2766 2439 2818 16
2471 2768 2738 2822 συναῒδιον
2757 2769 2835 2839 τῷ
2858 2769 3031 2839 Πατρί
3056 2784 3069 2832 ;
3100 2766 3362 2832 Ἐκεῖνος
3381 2765 3595 2834 ἐξηγήο

2018 2864 2188 2913 σατο,
2217 2848 2369 2920 φησί.
2393 2847 2458 2900 Τί
2479 2847 2783 2920 ἐξηγήσατο
2806 2868 2820 2916 ;
2842 2852 2962 2904 Ὅτι
2987 2851 3136 2903 Θεὸν
3155 2848 3354 2915 οὐδεὶς
3377 2849 3594 2915 ἑώρακε

2019 2931 2283 2984 πώποτε·
2321 2932 2401 2984 ὅτι
2429 2927 2511 2994 εἷς
2539 2932 2687 2985 ἐστιν
2707 2935 2735 2986 6
2765 2933 2915 2996 Θεός.
2980 2931 3139 2985 Ἀλλά
3183 2931 3340 2985 τοῦτο
3372 2932 3467 3000 μὲν
3500 2932 3599 2985 καὶ

2019 3014 2068 3066 οἱ
2100 3013 2277 3067 λοιποὶ
2306 3015 2605 3087 προφῆται,
2647 3016 2742 3069 xa‘:
2779 3016 3019 3086 Μωῦσῆς
3047 3018 3157 3070 ἄνω
3186 3017 3281 3068 καὶ
3307 3017 3455 3069 κάτω
3474 3016 3591 3086 βοᾷο

2018 3098 2236 3165 Κύριος
2254 3101 2286 3152 ό
2311 3100 2455 3165 Θεός
2471 3115 2608 3166 σου,
2631 3101 2845 3170 Κύριος
2861 3096 2949 3166 εἷς
2969 3101 3097 3154 ἐστι
3119 3117 3133 3131 ο
3160 3102 3254 3154 καὶ
3283 3101 3311 3152 6
3347 3100 3591 3164 Ἡσαΐαςσ

2022 3183 2405 3251 Ἐμπροσθέν
2440 3201 2566 3252 μου
2598 3185 2709 3238 οὐκ
2751 3184 2987 3255 ἐγένετο
3022 3184 3212 3249 ἄλλος
3256 3183 3400 3249 Θεὸς
3427 3223 3441 3248 ,
3496 3182 3596 3236 καί

2014 3267 2142 3336 μετ’
2174 3265 2278 3333 ἐμὲ
2300 3267 2412 3321 οὐκ
2440 3266 2634 3322 ἐστιν.

2087 3348 2228 3418 γ’.Τί
2245 3344 2338 3403 οὖν
2354 3349 2516 3404 πλέον
2544 3349 2818 3421 ἐμάθομεν
2839 3351 2865 3390 ι
2888 3350 3038 3423 παρά
3050 3350 3144 3404 τοῦ
3169 3350 3399 3417 Υίοῦ,ὠς
3411 3351 3468 3402 ἐν
3480 3351 3594 3413 τοῖς

2018 3432 2238 3496 κόλποις
2266 3432 2420 3497 ὄντος
2443 3436 2558 3497 τοῖς
2588 3437 2874 3506 πατρικοῖς
2899 3452 2913 3499 ;
2943 3435 2996 3487 τί
3026 3434 3176 3507 παρὰ
3218 3434 3312 3488 τοῦ
3352 3436 3596 3502 Μονογε-

2018 3515 2169 3581 νοῦς;
2203 3516 2327 3569 Ὅτι
2356 3515 2573 3586 πρῶτον
2596 3516 2695 3587 μὲν
2720 3516 2814 3570 καὶ
2838 3517 2975 3570 αὐτὰ
2990 3517 3160 3571 ταῦτα
3186 3518 3283 3587 τῆς
3312 3517 3594 3588 ἐνεργείας

2019 3596 2135 3668 [88]
2178 3598 2294 3651 ἐστὶ
2325 3598 2429 3669 τῆς
2467 3598 2677 3652 ἐκείνου
2705 3615 2719 3629 ·
2779 3599 2991 3661 ἔπειτα,
3048 3598 3229 3668 πολλῷ
3265 3599 3597 3670 τρανοτέραν

2017 3682 2319 3753 ἐδεξάμεθα
2349 3682 2446 3753 τὴν
2469 3682 2833 3747 διδασκαλίαν,
2863 3686 2954 3736 καὶ
2988 3683 3232 3754 ἔγνωμεν
3265 3686 3347 3737 61:
3375 3683 3592 3754 πνεῦμα

2016 3769 2045 3821 6
2070 3766 2224 3829 Θεὸς,
2254 3766 2348 3819 καὶ
2376 3767 2503 3829 τοὺς
2534 3766 2973 3836 προσκυνοῦντας
3002 3768 3184 3834 αὐτὸν,
3225 3768 3282 3819 ἐν
3324 3766 3593 3837 πνεύματι

2018 3848 2113 3902 καὶ
2143 3847 2371 3918 ἀληθείᾳ
2399 3847 2483 3900 δεῖ
2510 3852 2866 3919 προσκυνεῖνο
2901 3850 2995 3903 xal.
3033 3849 3112 3903 ἐτι
3154 3849 3285 3903 αὐτὸ
3306 3847 3480 3913 τοῦτο,
3511 3849 3593 3902 61:

2017 3931 2148 3985 Θεὸν
2181 3931 2308 3984 ίδεῖν
2337 3930 2597 3984 ἀδύνατον
2620 3973 2634 3997 ,
2666 3934 2760 3986 καὶ
2788 3934 2868 3987 ὅτι
2898 3933 3073 3997 οὐδεὶς
3100 3934 3262 3988 αὐτὸν
3312 3931 3592 4001 γινώσκει,

2018 4018 2068 4070 εί
2105 4014 2179 4086 μὴ
2205 4016 2234 4067 6
2269 4014 2424 4077 Υἱός·
2453 4015 2547 4067 καὶ
2576 4016 2657 4069 ὅτι
2683 4018 2711 4070 6
2745 4018 2936 4088 Πατήρ
2965 4019 3079 4070 ἐστι
3108 4018 3329 4087 γνησίου
3356 4018 3595 4085 Μονογε-

2019 4095 2144 4159 νοῦς
2166 4112 2180 4123 ·
2216 4095 2310 4149 καὶ
2331 4093 2399 4148 16
2427 4094 2563 4149 ἄλλα
2591 4096 2693 4149 ὅσα
2724 4098 2853 4167 περὶ
2899 4097 3064 4150 αὐτοῦ
3097 4096 3363 4167 διελέχθη.
3407 4096 3481 4149 Τὸ
3512 4097 3591 4162 δέ,

2031 4178 2422 4249 Ἐξηγήσατο,
2470 4179 2569 4249 τὴν
2600 4180 2929 4250 τρανοτέραν
2959 4180 3053 4231 καὶ
3107 4181 3445 4250 σαφεστέραν
3485 4180 3593 4233 δεί-

2018 4280 2176 4317 κνυσι
2201 4261 2569 4325 διδασκαλίαν,
2589 4261 2656 4331 ἢν
2680 4262 2741 4315 οὐ
2773 4263 2909 4333 πρὸς
2952 4261 3234 4326 Ἰουδαίους
3258 4262 3435 4332 μόνον,
3456 4260 3593 4317 ἀλλὰ

2019 4347 2115 4401 καὶ
2143 4347 2281 4417 πρὸς
2314 4347 2532 4400 ἅπασαν
2561 4346 2855 4417 ἐποιήσατο
2881 4345 2978 4417 τὴν
3000 4346 3324 4416 οἰκουμένην
3348 4345 3439 4397 καὶ
3456 4361 3590 4398 κατ-

2017 4428 2265 4500 ώρθωσε.
2303 4429 2428 4491 Τοῖς
2453 4428 2551 4499 μέν
2581 4424 2673 4481 οῦν
2696 4429 3002 4499 προφήταις
3024 4427 3143 4482 οὐδὲ
3196 4428 3433 4480 Ἰουδαῖοι
3457 4427 3594 4480 πάν-

2016 4530 2109 4576 τες
2160 4514 2476 4582 προσεῖχον·
2528 4511 2606 4582 τῷ
2637 4511 2695 4564 δὲ
2747 4513 3044 4580 Μονογενεῖ
3076 4510 3170 4563 τοῦ
3212 4509 3345 4564 Θεοῦ
3380 4512 3528 4564 πᾶσα
3556 4513 3591 4584 ή

2016 4598 2306 4668 οἰκουμένη
2337 4598 2431 4651 καὶ
2470 4592 2579 4661 εἶξε
2610 4598 2701 4651 καὶ
2754 4597 2999 4668 ἐπείσθη.
3038 4596 3104 4650 Ἢ
3127 4596 3302 4650 τοίνυν
3334 4595 3594 4667 ἐξήγησις

2018 4682 2252 4736 ἐνταῦθα
2273 4681 2332 4734 τὸ
2360 4681 2694 4751 σαφέστερον
2746 4682 2845 4750 τῆς
2897 4681 3243 4744 διδασκαλίας
3275 4680 3459 4752 δηλοῖ·
3513 4682 3593 4734 διὸ

2018 4768 2112 4819 καὶ
2134 4764 2300 4833 Λόγος
2316 4764 2555 4833 λέγεται,
2576 4766 2669 4817 καὶ
2685 4764 2943 4834 Μεγάλης
2959 4763 3154 4834 βουλῆς
3174 4763 3422 4832 ἄγγελος.
3438 4764 3594 4819 Ἐπεὶ

2015 4845 2108 4902 οὖν
2128 4849 2221 4901 καὶ
2251 4846 2496 4917 μείζονος
2526 4848 2621 4900 καὶ
2670 4846 3009 4919 τελειοτέρας
3047 4847 3465 4919 κατηξιώθημεν
3493 4848 3595 4919 τῆς

2015 4932 2365 4995 διδασκαλίας
2390 4972 2405 4995 ,
2445 4932 2545 4985 οὐκ
2585 4931 2663 4985 ἐτι
2701 4932 2787 4984 διὰ
2840 4930 3154 5001 προφητῶν,
3190 4930 3327 4982 ἀλλά
3363 4931 3452 4985 6:6
3497 4932 3592 4984 τοῦ

2016 5013 2149 5069 Υίοῦ
2200 5014 2534 5084 λαλήσαντος
2587 5015 2720 5083 ἡμῖν
2766 5012 2860 5066 τοῦ
2912 5012 3047 5066 Θεοῦ
3082 5014 3167 5065 ἐπ’
3194 5014 3437 5083 ἐσχάτων
3482 5014 3591 5065 τῶν

2014 5099 2239 5170 ἡμερῶν
2277 5098 2503 5161 τούτων,
2536 5097 2716 5167 πολλῷ
2741 5097 2963 5168 μείζονα
2994 5098 3088 5151 καὶ
3118 5097 3274 5162 ἀξίαν
3319 5097 3593 5151 πολιτείαν

2015 5182 2413 5254 ἐπιδειξώμεθα
2429 5183 2528 5251 τῆς
2555 5182 2742 5251 τιμῆς.
2774 5183 2885 5234 Καὶ
2910 5181 3018 5252 γὰρ
3049 5181 3268 5247 ἄτοπον,
3302 5183 3463 5235 αὐτὸν
3493 5184 3592 5248 μὲν

2015 5266 2322 5336 καταϐῆναι
2348 5265 2623 5326 τοσοῦτον,
2658 5264 2733 5326 ὼς
2759 5263 2957 5335 μηκέτι
2979 5265 3067 5318 διὰ
3097 5264 3206 5318 τῶν
3239 5264 3437 5317 δούλων
3460 5267 3591 5333 ἡμῖν

2014 5351 2217 5406 ἐθέλειν
2246 5347 2608 5417 διαλέγεσθαι,
2655 5346 2793 5400 ἀλλά
2843 5346 2909 5400 δι’
2941 5347 3136 5401 ἐαυτοῦ
3161 5365 3174 5377 ο
3212 5349 3356 5419 ἡμᾶς
3400 5347 3455 5399 δὲ
3484 5348 3591 5399 τῶν

2016 5434 2295 5504 προτέρων
2324 5430 2489 5503 μηδὲν
2508 5429 2880 5494 ἐπιδείξασθαι
2898 5431 3076 5485 πλέον.
3122 5429 3347 5482 Ἐκεῖνοι
3378 5430 3473 5498 μὲν
3499 5424 3592 5483 οὖν

2015 5518 2272 5582 Μωύσέα,
2309 5518 2471 5586 ἡμεῖς
2506 5514 2565 5568 δέ
2598 5515 2690 5568 τὸν
2719 5515 2994 5578 Μωῦσέως
3019 5513 3295 5583 Δεσπότην
3338 5512 3593 5568 διδάσκα-

2077 5666 2105 5704 ὶι
2134 5666 2229 5717 Alii
2272 5671 2325 5715 et
2366 5666 2518 5716 Savll.
2561 5667 2658 5729 εἴη,
2679 5665 2724 5714 τί
2766 5664 3015 5729 κελεύεται-
3035 5663 3374 5729 ἀποκρίνασθαι
3405 5663 3590 5729 αὐτοῖςς

2014 5730 2235 5785 ἤκουσεν·
2262 5730 2362 5777 εἰπὲ
2383 5730 2453 5776 ὅτι
2482 5748 2506 5771 «ι
2558 5728 2617 5776 Ὀ
2640 5724 2721 5775 ὧν.
2752 5741 2771 5773 ι
2844 5727 2859 5765 ί
2888 5724 3036 5773 Savil.
3059 5725 3135 5772 ἵνα.
3165 5724 3260 5788 ’γὰρ
3289 5728 3370 5788 μή.
3428 5724 3458 5788 _i
3494 5726 3593 5773 Alll

2016 5799 2071 5853 ei.
2106 5791 2276 5840 Morel.
2331 5791 2606 5853 περιτιθέναι
2648 5789 2801 5853 ἐαυτῷ
2847 5788 3171 5853 6éxe1a:,lva:.
3191 5786 3297 5853 κᾷν.
3363 5786 3511 5853 IKAlii
3541 5792 3596 5853 ει

2018 5852 2188 5901 Morel.
2215 5853 2301 5900 οὐκ
2326 5848 2451 5900 ἔστιν
2482 5852 2568 5900 ἐτι·
2590 5851 2724 5911 ἡμεῖς
2742 5852 2793 5899 δὲ
2815 5848 2961 5897 καίτι
2982 5851 3122 5911 πλέον
3144 5850 3393 5911 ἐμάθομεν
3412 5848 3594 5911 deimlo

2018 5921 2126 5973 post
2144 5915 2240 5969 τοῖς
2260 5915 2518 5975 πατρικοῐςς
2542 5912 2585 5960 τί
2608 5907 2734 5973 παρὰ
2752 5910 2838 5975 τοῦ
2868 5908 3147 5975 μονογενοῦς
3160 5907 3180 5970 ;⁷
3203 5907 3389 5974 πρῶτον
3417 5912 3513 5971 μέν.
3538 5907 3591 5958 ll:

2026 5975 2143 6025 Mur.
2160 5978 2238 6025 ed.
2264 5973 2367 6024 hami
2390 5974 2839 6035 s‘fcusjaemiLScd
2867 5987 3103 6025 :uss.cum
3124 5973 3534 6025 San'cousonaul:
