4094 6370
428 440 520 496 λον
550 441 763 513 ἔχομεν.
792 439 1002 495 Οὐκοῦν
1031 439 1230 510 ταύτης
1266 438 1365 507 τῆς
1400 450 1424 478 ι
1452 435 1617 504 τιμῆς
1651 434 1806 498 ἀξίαν
1849 432 2000 501 φιλο-

433 524 622 593 σοφίαν
662 523 1074 593 ἐπιδειξώμεθα,
1101 524 1194 575 καί⁷
1226 521 1388 593 μηδὲν
1421 520 1631 590 ἔχωμεν
1655 516 1834 570 κοινὸν
1868 513 2004 585 πρὸς

428 608 527 679 τήν
550 608 673 677 γῆν.
710 608 808 661 Διά
844 608 947 678 γάρ
970 604 1127 659 τοῦτο
1153 607 1285 675 ήμῖν
1309 604 1515 659 ἀνωθεν
1531 604 1594 655 ἐκ
1620 601 1730 653 τῶν
1760 598 2004 671 οὐρανῶν

427 689 779 743 διδασκαλίαν
821 689 1099 760 ἐκόμισεν,
1129 686 1216 741 ἵνα
1252 688 1368 739 ἐκεῖ
1419 686 1734 756 μεταστήσῃ
1762 680 1861 753 τὴν
1891 680 2006 734 διά-

429 788 597 838 νοιαν,
639 773 723 825 ἵνα
773 773 1011 843 μιμηταὶ
1058 769 1152 824 τοῦ
1180 768 1501 823 διδασκάλου
1524 764 1814 835 γενώμεθα
1864 762 2004 816 κατά

428 854 656 925 δύναμιν
679 855 778 926 τήν
803 855 1097 926 ἡμετέραν.
1133 853 1243 906 Καὶ
1274 852 1413 916 πῶς,
1444 852 1629 921 φησὶν,
1683 849 1798 902 ἐστι
1830 865 2004 918 μιμη-

427 938 573 1003 τὰςι)
594 939 843 1008 γενέσθαι
868 938 960 992 τοῦ
986 936 1241 1009 Χριστοῦ,
1281 938 1359 1000 εἰς
1387 936 1447 989 τὸ
1475 934 1797 1003 κοινωφελὲς
1832 933 2007 987 ἀπαν-

427 1035 498 1075 τα
520 1022 1099 1093 πραγματευομένους,
1129 1021 1225 1075 καὶ
1257 1020 1331 1091 μὴ
1352 1019 1420 1072 τά
1445 1018 1650 1072 ἑαυτῶν
1680 1016 2000 1086 ζητοῦντας.

427 1108 537 1181 Καὶ
563 1107 671 1177 γὰρ
695 1110 727 1161 ὀ
746 1106 1023 1175 Χριστὸς,
1041 1107 1224 1177 φησὶν,
1242 1108 1354 1175 οὐχ
1371 1102 1563 1169 ἐαυτῷ
1581 1100 1822 1170 ἤρεσεν,
1844 1102 2004 1156 ἀλλὰ

427 1189 621 1255 καθὼς
644 1188 963 1260 γέγραπται
990 1206 1002 1220 ·
1040 1192 1103 1243 Ol
1120 1186 1443 1257 ὀνειδισμοὶ
1469 1185 1586 1239 τῶν
1602 1183 2004 1245 ὀνειδιζόντων

426 1289 502 1328 σε
520 1273 824 1327 ἐπέπεσον
844 1274 937 1327 ἐπ’
957 1274 1079 1343 ἐμέ.
1108 1273 1328 1339 Μηδεὶς
1355 1272 1670 1341 τοιγαροῦν
1690 1270 1755 1322 τὸ
1785 1269 2003 1324 ἑαυτοῦ

427 1356 675 1425 ζητείτω.
719 1356 876 1411 Οὐτω
904 1358 1011 1429 γάρ
1041 1375 1124 1420 τις
1153 1356 1212 1409 τὸ
1245 1355 1436 1429 ἐαυτοῦ
1484 1355 1654 1425 ζητεῖ,
1706 1354 1772 1407 ἂν
1817 1354 1879 1407 τὸ
1910 1351 2001 1407 τοῦ

426 1422 652 1511 πλησίον
676 1443 851 1512 σκοπῇ
874 1460 887 1472 ·
917 1422 1014 1494 καὶ
1041 1441 1148 1513 γάρ
1185 1442 1253 1493 τά
1291 1422 1513 1493 ἐκείνων
1535 1422 1797 1509 ήμέτερα.
1830 1436 2004 1507 Σῶμά

424 1523 611 1593 ἐσμεν
635 1520 725 1589 ἐν,
758 1524 853 1577 καί
878 1524 1171 1592 ἀλλήλων
1194 1523 1345 1593 μέρη
1371 1522 1467 1576 καί
1493 1519 1666 1591 μέλη.
1700 1522 1791 1592 Μὴ
1821 1520 2002 1573 τοίνυν

439 1604 499 1669 ὓς
528 1607 917 1677 διεσπασμένον.
946 1607 1323 1677 διακεὼμεθα,
1365 1606 1499 1677 μηδέ
1541 1605 1747 1673 λεγέτω
1782 1621 1894 1667 τις·
1942 1602 2001 1656 '0

416 1690 571 1743 δεῖνά
605 1707 696 1759 μοι
740 1691 892 1759 φίλος
928 1691 1027 1742 οὐκ
1059 1689 1225 1753 ἐστιν,
1258 1690 1379 1742 οὐδὲ
1413 1689 1699 1760 συγγενὴς,
1733 1687 1853 1740 οὐδέ
1881 1686 1999 1756 γεί-

421 1791 551 1840 των,
582 1775 702 1828 οὐδέ
732 1776 841 1845 ἔχω
866 1792 917 1828 τι
952 1774 1129 1828 κοινὸν
1161 1778 1297 1845 πρὸς
1326 1774 1486 1828 αὐτόν
1512 1791 1525 1804 ο
1562 1774 1679 1836 πῶς
1706 1771 2002 1845 προσελεύ-

426 1875 587 1929 σομαι
613 1876 627 1924 ;
658 1859 775 1924 πῶς
829 1858 1181 1929 διαλέξομαις
1216 1860 1279 1911 Εἰ
1330 1859 1438 1929 γάρ
1468 1858 1561 1911 καὶ
1598 1858 1672 1928 μὴ
1712 1857 2000 1928 συγγενὴς,

426 1943 559 2013 μηδὲ
582 1943 733 2013 φίλος
755 1946 923 2007 ἐστὶν,
955 1943 1071 1997 ἀλλ’
1096 1943 1381 2015 ἄνθρωπός
1423 1944 1562 2005 ἐστι,
1596 1945 1695 2013 τῆς
1724 1942 1892 2011 αὐτῆς
1921 1943 2002 1994 σοὶ

427 2028 671 2097 μετέχων
701 2025 934 2097 φύσεως,
962 2028 1055 2081 τὸν
1082 2028 1243 2081 αὐτὸν
1271 2027 1410 2096 ἔχων
1450 2025 1747 2096 Δεσπότην,
1779 2026 2003 2096 ὁμόδου-

424 2106 513 2173 λος
543 2110 639 2163 καὶ
671 2111 976 2181 ὁμόσκηνος
999 2127 1011 2139 ·
1048 2111 1107 2163 ἐν
1146 2110 1255 2180 γὰρ
1287 2108 1366 2180 τῷ
1397 2109 1545 2180 αὐτῷ
1573 2109 1763 2178 γέγονε
1788 2108 1999 2180 κόσμῳ.

424 2189 488 2246 Εἰ
521 2193 575 2246 δέ
609 2195 825 2266 καὶτῆς
861 2194 1095 2259 πίστεως
1145 2194 1360 2266 μετέχει
1405 2196 1502 2265 τῆς
1533 2194 1722 2263 αὐτῆς,
1762 2193 1871 2247 ἰδού
1919 2212 2001 2247 σοι

422 2277 517 2329 καὶ
553 2275 712 2347 μέλος
741 2279 953 2346 γέγονε.
1004 2279 1139 2331 Ποία
1180 2277 1288 2349 γὰρ
1321 2276 1472 2347 φιλία
1502 2278 1772 2346 τοσαύτην
1809 2276 2002 2331 ἐνωσιν

420 2360 757 2432 ἐργάσασθαι
805 2362 1008 2415 δύναιτ’
1036 2362 1121 2425 ἂν,
1148 2362 1279 2431 ὅσην
1307 2366 1406 2433 τῆς
1456 2362 1692 2425 πίστεως
1726 2364 1758 2433 ή
1800 2363 2000 2432 συγγέ-

420 2460 539 2496 vaca
564 2460 578 2509 ;
602 2444 677 2497 Οὐ
711 2445 819 2515 γὰρ
848 2445 980 2514 ὅσην
1015 2444 1203 2513 φίλους
1224 2444 1361 2516 πρὸς
1384 2445 1570 2515 φίλους
1598 2446 2002 2499 ἐπιδείκνυσθαι

425 2525 531 2596 χρὴ
558 2527 657 2598 τὴν
686 2527 984 2598 ἐγγύτητα,
1017 2529 1109 2581 καὶ
1141 2529 1409 2599 τοσαύτην
1445 2530 1592 2599 ήμᾶς
1619 2529 1764 2599 ἔχειν
1789 2529 1871 2582 δεῖ
1905 2530 2002 2601 τὴν

420 2608 562 2681 πρὸς
594 2610 859 2681 ἀλλήλους
905 2611 1209 2665 οἰκείωσιν’
1246 2611 1361 2665 ἀλλ’
1381 2614 1514 2682 ὅσην
1539 2613 1697 2683 μέλος
1738 2614 1874 2684 7:96;
1909 2614 2003 2683 μέ·-

420 2692 531 2758 λος.
558 2693 761 2748 Τούτου
778 2698 888 2768 γὰρ
910 2696 1001 2750 τοῦ
1019 2695 1221 2767 τρόπου
1237 2698 1335 2768 τῆς
1358 2697 1539 2767 φιλίας
1558 2700 1651 2751 καὶ
1670 2698 1952 2761 κοινωνίας
1975 2711 1997 2738 ο

421 2776 589 2850 ἄλλην
622 2779 846 2849 μείζονα
867 2780 1140 2833 οἰκείωσιν
1166 2779 1265 2832 οὐκ
1300 2780 1364 2834 ἄν
1386 2797 1470 2843 τις
1502 2781 1652 2852 εὕροι
1687 2783 1837 2837 ποτέ.
1873 2782 2003 2836 Ὥσ-

421 2878 526 2933 περ
550 2858 643 2916 οὖν
675 2864 775 2915 οὐκ
799 2863 864 2916 ἂν
892 2862 1074 2916 δύναιο
1108 2862 1284 2932 λέγειν
1318 2861 1461 2934 [89J'
1493 2864 1663 2918 Πόθεν
1687 2884 1777 2936 μοι
1805 2867 2001 2920 οἰκειό-

418 2961 519 3015 της
584 2947 675 2997 καὶ
718 2945 955 3016 ἐγγύτης
1014 2946 1150 3019 πρὸς
1195 2947 1398 3011 αὐτόν;
1434 2948 1836 3016 καταγέλαστον
1888 2950 1997 3021 γὰρ

417 3028 576 3082 τοῦτο
599 3046 613 3059 ⁸
643 3029 814 3085 οὕτως
846 3030 966 3083 οὐδέ
1002 3032 1129 3098 περί
1178 3030 1273 3084 τοῦ
1306 3031 1535 3100 ἀδελφοῦ
1582 3034 1788 3107 δυνήσῃ
1840 3035 1998 3088 τοῦτο

419 3116 611 3168 εἰπεῖν.
648 3118 711 3169 Ol
744 3116 852 3186 γὰρ
881 3115 1106 3183 πάντες
1134 3119 1222 3182 εἰς
1252 3116 1319 3172 ἓν
1336 3119 1505 3189 σῶμα
1532 3120 1996 3193 ἐϐαπτίσθημεν,

480 3261 604 3330 ξλίἶ
629 3267 678 3330 91
711 3259 822 3310 Sav.
857 3262 1256 3330 ἔχομεν..-Ταύτςης
1410 3269 1509 3330 τῆς.
1579 3264 1995 3330 ἰι-Αιὶἰήμετέραν.

419 3324 533 3378 Πῶς
555 3324 605 3371 δέ
626 3323 728 3370 ἐστι
756 3338 860 3385 μιμ.
930 3328 951 3353 ⁸
974 3324 1074 3374 Alii
1109 3325 1263 3387 φιλίας
1286 3328 1367 3374 καὶ
1405 3328 1701 3389 κηδεμονίας.

1135 325 1191 379 S.
1233 318 1514 379 JOANNIS
1550 310 2030 374 CHRYSOSTOMI
2069 306 2387 365 ARCHIEP.
2425 301 2973 361 CONSTANTINOP.

3575 300 3679 355 109.

2106 426 2256 496 φησί.
2278 427 2428 480 Διατί
2451 430 2530 491 εἰς
2549 426 2609 480 ἐν
2637 425 2794 495 σῶμα
2816 438 2831 487 ;
2851 421 3014 473 "om
3060 418 3134 489 μὴ
3159 416 3501 476 διεσπάσθαι,
3541 416 3675 470 ἀλλά

2104 512 2170 581 τῇ
2205 508 2341 580 πρὸς
2392 509 2651 580 ἀλλήλους
2713 504 2915 574 συνόδῳ
2948 503 3043 557 καὶ
3073 501 3227 572 φιλίᾳ
3273 500 3525 571 σώματος
3560 500 3679 562 ἐνὸς

2105 593 2425 647 ἀκολουθίαν
2453 595 2747 664 διατηρεῖν.
2781 590 2872 660 Μὴ
2893 591 2958 660 δὴ
2987 588 3491 657 καταφρονήσωμεν
3518 585 3544 623 ἀ
3579 585 3677 638 ἀλ-

2104 676 2300 746 λήλων,
2332 678 2418 731 ῖνα
2448 677 2522 749 μὴ
2548 677 2755 729 ἑαυτῶν
2781 674 3143 745 ύπερίδωμεν.
3179 670 3387 735 Οὐδείς
3406 670 3516 739 γάρ
3533 686 3679 723 ποτε

2103 760 2219 828 τὴν
2246 761 2465 816 ἑαυτοῦ
2496 760 2693 829 σάρκα
2728 760 3004 829 ἐμίσησε,
3055 756 3236 828 φησὶν,
3281 756 3395 809 ἀλλ’
3424 756 3701 826 ἐκτρέφει·

2105 845 2198 898 καὶ
2226 844 2419 898 θάλπει
2448 847 2637 914 αὐτήν.
2663 843 2761 896 Διά
2791 842 2951 896 τοῦτο
2977 840 3154 894 οἰκίαν
3184 839 3311 909 μίαν
3331 839 3519 892 τοῦτον
3544 841 3679 910 ήμῖν

2103 926 2194 981 τὸν
2220 927 2422 998 κόσμον
2450 928 2648 981 ἔδωκεν
2672 927 2701 979 ό
2733 926 2887 991 Θεὸς,
2934 926 3111 979 πάντα
3166 924 3344 989 ἐξίσου
3385 922 3673 993 διένειμεν,

2103 1011 2199 1065 ’ἐνα
2220 1011 2394 1081 ἀνῆψε
2428 1012 2593 1065 πᾶσιν
2620 1010 2790 1081 ήλιον,
2823 1009 2918 1062 ἐνα
2938 1008 3201 1074 ἐξέτεινεν
3221 1008 3435 1077 ὄροφον,
3470 1006 3561 1059 τὸν
3583 1007 3675 1059 οὐ-

2106 1094 2285 1165 ρανὸν,
2323 1094 2454 1164 μίαν
2497 1094 2665 1163 ἀνῆκε
2708 1092 3009 1163 τράπεζαν,
3038 1091 3136 1162 τὴν
3168 1093 3293 1162 γῆν.
3328 1089 3535 1143 Ἔδωκε
3584 1088 3676 1142 καὶ

2104 1176 2295 1248 ἑτέραν
2351 1174 2553 1247 ταύτης
2602 1173 2780 1245 πολλῷ
2809 1175 3029 1243 μείζονα
3072 1172 3371 1245 τράπεζαν,
3417 1171 3553 1225 ἀλλὰ
3582 1172 3677 1225 καὶ

2102 1260 2305 1332 ταύτην
2335 1261 2462 1330 μίαν
2485 1277 2500 1292 ο
2526 1259 2701 1312 ἴσασιν
2729 1260 2777 1311 οἰ
2812 1256 3125 1327 συμμύσται
3147 1256 3206 1309 τὸ
3231 1256 3519 1327 λεγόμενον
3539 1272 3553 1287 ·
3580 1258 3677 1310 Eva

2102 1343 2301 1414 τρόπον
2323 1345 2627 1414 γεννήσεως
2646 1342 2844 1396 ἅπασιν
2870 1340 3163 1413 ἐχαρίσατο
3178 1341 3266 1393 τον
3286 1341 3673 1411 πνευματικόν

2104 1426 2203 1497 μία
2227 1427 2359 1480 πᾶσι
2389 1426 2608 1498 πατρὶς,
2648 1427 2683 1496 ή
2729 1427 2786 1477 ἐν
2816 1426 3239 1495 Ἰὀῖς·οὐρανοῖς’
3278 1426 3342 1476 ἐκ
3383 1423 3477 1476 τοῦ
3512 1440 3677 1495 πατη-

2106 1512 2221 1582 ρίου
2241 1510 2335 1564 τοῦ
2358 1510 2522 1564 αὐτοῦ
2545 1509 2745 1572 πάντες
2767 1510 3011 1577 πίνομεν.
3044 1508 3121 1561 Οὐ
3145 1507 3220 1577 τῷ
3239 1508 3337 1579 μὲν
3361 1507 3676 1561 πλουτοῦντι

2106 1593 2266 1645 πλέον
2286 1594 2380 1645 καὶ
2409 1592 2754 1662 τιμιώτερον,
2782 1591 2861 1661 τῷ
2890 1591 3153 1663 πένητιδέ
3181 1591 3558 1660 εὐτελέστερον
3582 1592 3677 1643 καὶ

2104 1680 2323 1732 ἔλαττον
2343 1677 2655 1748 ἐχαρίσατο,
2694 1677 2829 1732 ἀλλά
2860 1677 3068 1741 πάντας
3102 1676 3285 1746 ἐξίσης
3312 1675 3535 1728 ἐκάλεσε
3564 1691 3578 1705 ο
3608 1674 3677 1728 τὰ

2108 1761 2346 1832 σαρκικὰ
2368 1761 2664 1831 ὁμοτίμως,
2695 1760 2762 1813 τά
2800 1760 3144 1830 πνευματικά
3175 1759 3374 1829 ὁμοίως
3409 1759 3674 1828 παρέσχε.

2104 1845 2273 1897 Πόθεν
2295 1840 2389 1898 οὖν
2425 1846 2459 1913 ή
2487 1843 2771 1914 ἀνωμαλία
2793 1844 2961 1914 πολλὴ
2986 1844 3127 1896 κατὰ
3153 1842 3244 1895 τὸν
3273 1842 3416 1911 βίον;
3456 1842 3551 1895 Ἐκ
3576 1842 3676 1912 τῆς

2102 1926 2212 1979 τῶν
2230 1926 2600 1979 πλουτούντων
2622 1925 2933 1990 πλεονεξίας
2946 1943 3006 1979 τε
3031 1927 3124 1978 καὶ
3150 1923 3481 1990 ἀλαζονείας.
3515 1923 3677 1979 Ἀλλὰ

2108 1998 2203 2066 μὴ,
2245 1998 2485 2066 ἀδελφοὶ,
2526 1997 2721 2067 μηκέτι
2752 1998 2923 2050 ταῦτα
2949 1995 3225 2067 γενέσθω,
3246 1995 3380 2067 μηδέ
3410 1994 3517 2048 τῶν
3544 1994 3677 2048 καθ-

2102 2067 2300 2121 ολικῶν
2332 2070 2426 2121 καὶ
2456 2066 2895 2138 ἀναγκαιοτέρων
2944 2070 3023 2130 εἰς
3073 2066 3133 2138 :6
3157 2066 3678 2138 ‘abrbvaayéﬁwv

2104 2139 2251 2217 ἡμᾶς
2276 2177 2290 2201 ,
2321 2138 2428 2217 ἀπδ
2470 2134 2583 2191 τῶν
2625 2134 2827 2217 γηΐνων
2854 2138 2950 2190 καὶ
2986 2136 3219 2217 εὐτελῶν
3250 2145 3269 2166 ⁸
3307 2134 3675 2217 διαιρὼμεθα,

2104 2207 2334 2261 πλούτου
2365 2208 2529 2276 λέγω,
2565 2211 2659 2261 καὶ
2689 2207 2897 2271 πενίας.
2936 2209 3030 2261 καὶ
3065 2207 3389 2277 συγγενείας
3434 2222 3679 2277 σωματι-

2104 2279 2224 2349 κῆς,
2262 2277 2355 2331 καὶ
2381 2274 2581 2349 ἔχθρας
2610 2280 2703 2331 καὶ
2730 2278 2930 2347 φιλίας.
2963 2274 3153 2329 Ταῦτα
3174 2276 3284 2349 γάρ
3322 2276 3500 2329 πάντα
3519 2274 3676 2343 σκιὰ,

2103 2362 2196 2413 καὶ
2233 2362 2388 2424 σκιᾶς
2414 2359 2787 2431 εὐτελέστερα,
2811 2363 2921 2423 τοῖς
2950 2361 3039 2414 τὸν
3063 2358 3359 2431 σύνδεσμον
3379 2358 3561 2429 έχουσι
3580 2360 3678 2430 τῆς

2101 2443 2323 2512 ἀγάπης
2343 2442 2568 2497 ἄνωθεν.
2599 2444 2797 2497 Τοῦτον
2824 2439 2916 2498 οὖν
2942 2444 3300 2513 φυλάττωμεν
3326 2443 3567 2514 ἀρραγῆ,
3586 2443 3678 2495 καὶ

2102 2525 2252 2579 οὐδὲν
2292 2525 2624 2580 ἐπεισελθεῖν
2650 2526 2935 2597 δυνήσεται
2960 2526 3067 2579 τῶν
3092 2527 3414 2596 πνευμάτων
3440 2525 3549 2577 τῶν
3579 2542 3679 2576 πο-

2102 2608 2284 2679 νηρῶν
2320 2605 2341 2646 ί
2381 2610 2477 2661 καὶ
2517 2610 2869 2681 διαιρούντων
2906 2609 3002 2681 τὴν
3040 2611 3306 2679 τοσαύτην
3354 2609 3548 2661 ’ἐνωσιν
3570 2624 3585 2639 ο
3611 2603 3678 2680 ἦς

2100 2692 2312 2759 γένοιτο
2346 2694 2553 2756 πάντας
2608 2695 2755 2763 ἡμᾶς
2786 2696 3083 2763 ἐπιτυχεῖν,
3133 2694 3315 2763 χάριτι
3350 2694 3444 2746 καὶ
3499 2691 3680 2761 φιλαν-

2102 2774 2319 2846 θρωπίᾳ
2346 2775 2440 2828 τοῦ
2474 2776 2679 2847 Κυρίου
2708 2777 2864 2847 ήμῶν
2905 2777 3076 2847 Ἰησοῦ
3108 2776 3342 2848 Χριστοῦ
3364 2817 3378 2839 ,
3401 2777 3468 2830 δι’
3498 2771 3558 2831 οὗ
3588 2776 3679 2829 καὶ

2106 2858 2223 2927 μεθ’
2254 2852 2315 2911 οὗ
2345 2858 2422 2927 τῷ
2448 2860 2622 2930 Πατρὶ
2656 2862 2689 2931 ή
2738 2859 2884 2926 δόξα,
2916 2860 3029 2930 ἅμα
3058 2860 3135 2931 τῷ
3186 2861 3327 2932 ἁγίῳ
3377 2859 3676 2929 Πνεύματι,

2102 2939 2197 2994 νῦν
2224 2942 2318 2993 καὶ
2342 2941 2450 3003 ἀεὶ,
2476 2943 2570 2995 καὶ
2604 2945 2682 3005 εἰς
2713 2943 2837 3007 τοὺς
2858 2943 3061 3007 αἰῶνας
3085 2944 3191 2996 τῶν
3230 2945 3461 2998 αἰώνων.
3482 2944 3674 3013 ’Λμήν.

2164 3022 2545 3104 f1_SaYil._el31ii
2572 3026 2821 3104 διατηρεῖν,ζ
2862 3029 2942 3100 Μῂ
2979 3028 3049 3104 δήὶ
3073 3029 3455 3104 καταφρονῶμεν,
3490 3044 3536 3074 κ.
3555 3043 3603 3104 ρι’.

2104 3085 2225 3150 Mor.
2255 3085 2425 3150 οὐκοῦν
2458 3089 2582 3135 οὕτω
2603 3085 2856 3150 κηδώμεθα
2873 3091 2969 3136 τῶν
2995 3085 3216 3148 πλησίον,
3234 3085 3301 3144 ’ὼς
3326 3085 3523 3143 ἕκαστος
3544 3090 3680 3150 ἡμῶν

2103 3149 2188 3204 τήν
2210 3147 2920 3213 ἑαυτοῦ-μή-ὐπερορῶνσάρκα.
2947 3151 3131 3207 Οὐδείς.
3176 3147 3224 3213 -ὲ
3250 3151 3368 3199 Mor.
3386 3147 3682 3213 γηΐνων,κώ

2107 3213 2326 3272 μερικῶν,
2370 3210 2518 3259 Savil.
2556 3210 2733 3272 γηίνων
2766 3210 2845 3260 καὶ
2881 3214 3097 3260 εὐτελῶν.
3170 3211 3296 3262 {Sic
3322 3213 3433 3261 Sav.
3472 3219 3525 3261 et
3557 3211 3676 3259 Mor.

2104 3271 2204 3338 A_ll'i_
2238 3274 2333 3338 τῶν
2348 3271 2643 3338 Δπαθημιπὶιιέιιιν
2665 3276 2760 3321 τῶν
2781 3278 3015 3334 πονηρῶν,
3039 3275 3119 3322 καὶ
3139 3274 3440 3338 διαιρούντων
3462 3281 3547 3332 τῆς
3566 3275 3680 3329 ποὸς

2099 3333 2240 3380 αὐτὸν
2276 3335 2508 3390 ἐνώσεως.

1908 3493 2152 3546 ΟΜΙΛΙΑ
2194 3496 2311 3562 ις’.

417 3582 578 3649 Αὕτη
625 3580 733 3652 γάρ
777 3582 948 3636 ἐστιν
986 3584 1025 3653 ἡ
1055 3585 1349 3653 μαρτυρία
1390 3584 1498 3637 τοῦ
1537 3584 1806 3639 Ἰωάννου
1830 3626 1846 3651 ,
1897 3586 1996 3640 ὅτε

486 3653 856 3707 ἀπέστειλαν
883 3654 1033 3721 πρὸς
1062 3654 1250 3708 αὑτὸν
1272 3658 1326 3710 οί
1350 3655 1613 3709 Ἰουδαῖοι
1642 3656 1711 3720 ἐξ
1744 3658 1997 3724 Ἰεροσο-

485 3726 692 3794 λύμων
716 3724 890 3792 ἱερεῖς
918 3726 1015 3795 καὶ
1044 3726 1317 3793 Λευΐτας,
1346 3725 1447 3780 ἵνα
1472 3726 1855 3795 ἐρωτήσωσιν
1886 3730 1994 3781 αὑ-

488 3791 591 3848 τόν
609 3812 621 3824 ·
658 3795 741 3847 Σὺ
765 3791 861 3860 τίς
891 3791 981 3859 εῖ;

488 3884 556 3932 α’.
579 3878 759 3931 Δεινὸν
778 3880 811 3947 ή
832 3880 1121 3949 βασκανία,
1150 3880 1422 3950 ἀγαπητὴ
1444 3879 1615 3933 δεινὸν
1638 3882 1730 3932 καὶ
1753 3880 1994 3951 ὀλέθριον

415 3967 525 4028 τοῖς
558 3963 959 4033 βασκαίνουσιν,
986 3964 1044 4015 οὐ
1072 3965 1183 4025 τοῖς
1215 3962 1681 4033 βασκαινομένοις.
1740 3963 1993 4034 Πρώτους

416 4051 527 4121 γὰρ
564 4050 761 4111 αὐτοὺς
803 4046 1125 4117 λυμαίνεται
1155 4049 1247 4100 καὶ
1276 4046 1597 4118 διαφθείρει,
1635 4046 1885 4118 καθάπερ
1922 4047 1995 4109 ἰός

416 4150 501 4196 τις
531 4131 902 4202 θανατηφόρος
928 4130 1301 4199 ἐγκαθήμενος
1334 4131 1513 4183 αὐτῶν
1541 4133 1658 4193 ταῖς
1691 4130 1910 4199 ψυχαῖς.
1934 4130 1996 4181 Εἰ

416 4217 472 4270 δέ
502 4234 601 4269 που
636 4215 732 4268 καὶ
773 4216 898 4276 τοὺς
941 4213 1335 4284 φθονουμένους
1364 4213 1758 4283 παραϐλάψειε,
1793 4212 1996 4283 μικρὰν

417 4301 512 4355 καὶ
537 4299 748 4362 οὐδενὸς
774 4298 928 4363 ἀξίαν
954 4298 1175 4367 βλάϐην,
1208 4296 1303 4351 καὶ
1339 4298 1521 4366 μεῖξον
1563 4297 1664 4366 τῆς
1704 4295 1906 4365 ζημίας
1936 4295 1996 4347 τὸ

418 4383 605 4455 κέρδος
635 4382 882 4453 ἔχουσαν.
917 4382 1026 4434 Καὶ
1054 4380 1154 4432 οὐκ
1183 4379 1275 4432 ἐπὶ
1308 4380 1405 4448 τῆς
1436 4378 1735 4449 βασκανίας
1761 4377 1874 4450 [90]
1902 4377 1997 4447 μὸ-

417 4484 526 4528 νον,
561 4466 695 4521 ἀλλὰ
730 4466 823 4520 καὶ
848 4465 940 4518 ἐπὶ
973 4464 1079 4516 τῶν
1105 4463 1281 4517 ἄλλων
1312 4463 1587 4528 ἁπάντων,
1621 4463 1719 4533 οὐχ
1747 4465 1775 4514 6
1809 4460 1996 4515 παθὼν

417 4552 626 4615 κακῶς,
657 4551 769 4605 ἀλλ’
803 4554 830 4605 6
862 4551 1065 4621 δράσας
1099 4549 1305 4612 κακῶς,
1327 4544 1479 4611 οὗτός
1506 4550 1651 4600 ἐστιν
1684 4550 1713 4602 6
1742 4548 1839 4617 τὴν
1871 4548 1996 4616 βλά-

415 4639 518 4707 ϐην
548 4636 856 4706 δεξάμενος.
889 4635 1023 4688 Οὐδέ
1049 4634 1156 4703 γὰρ
1183 4633 1271 4694 ἂν,
1305 4635 1353 4685 εί
1390 4632 1465 4703 μὴ
1493 4633 1650 4685 τοῦτο
1681 4628 1769 4703 ἦν,
1793 4633 1993 4686 ἀδικεῖ-

418 4723 542 4776 σθαι
578 4720 777 4792 μᾶλλον
806 4719 841 4787 ἢ
870 4718 1072 4771 ἀδικεῖν
1100 4715 1430 4789 προσέταξεν
1454 4717 1483 4769 6
1514 4714 1723 4779 Παῦλος
1747 4719 1858 4779 τοῖς
1893 4734 1996 4783 μα-

416 4807 629 4874 θηταῖς,
665 4804 825 4859 Διατί
852 4803 987 4871 οὐχὶ
1012 4801 1253 4871 μᾶλλον
1281 4800 1623 4864 ἁδικεῖσθε;
1656 4800 1827 4869 λέγων
1852 4818 1865 4831 ο
1898 4800 1995 4853 διὰ

415 4891 474 4944 τί
520 4887 655 4958 οῠχί
690 4886 933 4957 μᾶλλον
979 4884 1444 4953 ἀποστερεῖσθε;
1468 4879 1588 4936 Οἵδε
1618 4882 1725 4952 γὰρ
1756 4884 1997 4953 ἀκριϐῶς

416 4973 477 5027 οὐ
510 4972 588 5043 τῷ
616 4972 876 5041 πάσχοντι
900 4969 1108 5033 κακῶς,
1134 4968 1270 5021 ἀλλά
1294 4966 1371 5038 τῷ
1401 4966 1642 5020 ποιοῦντι
1678 4968 1880 5030 κακῶς,
1905 4966 1997 5018 τὸν

416 5054 637 5125 ὄλεθρον
667 5053 929 5123 ἑπόμενον
955 5051 1250 5122 πανταχοῦ.
1288 5050 1473 5104 Ταῦτα
1502 5051 1565 5120 δή
1598 5068 1685 5119 μοι
1717 5051 1892 5104 πάντα
1911 5050 1996 5103 διά

416 5141 515 5208 τὴν
561 5137 857 5208 βασκανίαν
906 5136 1117 5205 εἴρηται
1165 5134 1263 5205 τὴν
1300 5133 1610 5203 Ίουδαῐκήν.
1641 5135 1704 5185 Οἱ
1730 5134 1839 5205 γὰρ
1888 5133 1997 5187 ἀπὸ

416 5223 526 5275 τῶν
573 5222 778 5275 πόλεων
819 5220 1134 5290 ἐκχυθέντες
1166 5220 1303 5289 πρὸς
1329 5218 1417 5290 τὸν
1457 5220 1726 5290 Ἰωάννην,
1756 5219 1850 5290 καὶ
1884 5218 1994 5271 τῶν

416 5293 829 5362 ἁμαρτημάτων
875 5289 1240 5362 καταγνόντες
1271 5289 1378 5341 τῶν
1404 5289 1638 5362 οἰκείων,
1680 5289 1995 5362 καίῌβαπτι-

417 5359 661 5430 σάμενοι,
692 5362 847 5432 αὐτοὶ
879 5359 1016 5432 μετά
1061 5360 1122 5412 τὸ
1162 5360 1440 5432 βάπτισμα
1487 5359 1996 5432 καθάπεργέκ-τινος

422 5425 778 5522 μεταμελείας
808 5425 1118 5522 πέμπουσιξ
1147 5425 1455 5522 ὲζρωτῶςθῖες
1477 5429 1639 5482 αὐτόν
1797 5430 1853 5482 τί
1858 5451 1889 5495 ι·
1910 5425 1995 5514 ⁸ζί

449 5499 630 5564 Οντως
657 5499 972 5571 γεννήματα
1003 5500 1225 5571 ἐχιδνῶν
1258 5501 1351 5552 καὶ
1382 5500 1553 5567 ὄφεις,
1591 5501 1683 5553 καὶ
1714 5502 1767 5553 εί
1790 5517 1841 5553 τι
1874 5499 1998 5552 τού-

416 5602 524 5636 των
567 5584 961 5656 χαλεπώτερον.
1000 5584 1165 5637 Γενεά
1216 5582 1427 5653 πονηρὰ
1472 5584 1565 5636 καὶ
1610 5584 1856 5653 μοιχαλὶς
1901 5583 1996 5636 καὶ

416 5668 843 5738 διεστραμμένη,
872 5668 1013 5738 μετά
1034 5668 1094 5719 τὸ
1125 5666 1513 5737 βαπτίσασθαι,
1541 5667 1659 5719 τότε
1687 5669 1778 5720 τὸν
1808 5667 2001 5737 βαπτι-

419 5752 549 5817 στὴν
573 5751 909 5825 περιεργάζῃ
937 5753 1031 5806 καὶ
1058 5752 1563 5823 πολυπραγμονεῖς;
1592 5750 1701 5804 Καὶ
1722 5750 1774 5803 τί
1796 5750 2001 5819 ταύτης

417 5834 515 5906 τῆς
531 5835 750 5903 ἀλογίας
768 5836 1102 5907 ἀλογώτερον
1122 5836 1315 5903 γένοιτ’
1332 5837 1397 5889 ἄν
1414 5853 1427 5899 ;
1448 5836 1570 5898 Πῶς
1584 5834 1789 5905 ἐξῄειτε
1806 5848 1828 5874 ιι
1846 5854 1859 5897 ;
1886 5836 2001 5897 πῶς

485 5934 512 5961 ι
548 5932 667 5994 3hr.
714 5935 814 5996 πῶς
838 5935 1031 5996 ἐξείητε,
1060 5936 1205 5984 male.
1233 5934 1382 5983 Savil.
1419 5938 1520 5991 πῶς
1584 5936 1749 5994 ἐξίητε.
1794 5936 1997 5996 Quidam

422 6004 537 6044 mss.
565 5995 885 6057 πῶςηέξῄειτι.
911 5995 1011 6046 Αιῇ
1034 6000 1134 6053 πῶς
1156 5998 1406 6057 emam.

2104 3588 2525 3660 ἐξωμολογεῖσθε
2550 3591 2619 3644 τὰ
2645 3592 3054 3663 άμαρτήματα;
3102 3591 3218 3654 πῶς
3249 3591 3570 3661 ἐπετρέχετε
3599 3590 3679 3662 τῷ

2105 3671 2417 3741 βαπτίζοντι
2438 3691 2452 3739 ;
2480 3675 2597 3738 πῶς
2618 3676 2779 3728 αὐτὸν
2804 3678 3054 3745 ήρωτᾶτε
3076 3676 3202 3745 περὶ
3227 3675 3335 3726 τῶν
3357 3674 3641 3743 πρακτέων
3660 3690 3675 3737 ;

2104 3756 2288 3810 Ταῦτα
2324 3758 2431 3828 γάρ
2463 3759 2591 3828 ὑμῖν
2629 3760 2843 3812 ἅπαντα
2872 3759 3080 3827 ἀλόγως
3109 3758 3429 3829 ἐπράττετο,
3466 3758 3562 3828 τὴν
3587 3760 3679 3827 ἀρ-

2102 3840 2204 3907 χὴν
2249 3840 2341 3893 καὶ
2383 3841 2481 3911 τὴν
2511 3843 2766 3895 ὑπόθεσιν
2809 3843 3113 3910 ἀγνοοῦσιν.
3132 3842 3271 3894 Ἀλλ’
3300 3842 3451 3895 οὐδὲν
3474 3842 3678 3894 τούτων

2103 3917 2275 3989 εἶπεν,
2319 3924 2441 3977 οὐδὲ
2494 3926 2813 3980 ἐνεκάλεσεν
2857 3927 2885 3977 ὁ
2931 3925 3201 3997 μακάριος
3241 3925 3515 3994 Ἰωάννης,
3557 3924 3678 3978 οὐδὲ

2102 4005 2399 4071 ὠνείδισεν,
2425 4008 2560 4061 ἀλλά
2594 4008 2733 4078 μετά
2759 4008 3056 4071 ἐπιεικείας
3090 4008 3305 4079 ἀπάσης
3328 4007 3677 4079 ἀποκρίνεται

2104 4090 2241 4158 πρὸς
2273 4092 2489 4155 αὐτούς.
2518 4093 2675 4156 Τίνος
2706 4092 2763 4145 δὲ
2809 4092 3036 4146 ἐνεκενδ
3067 4093 3225 4146 τοῦτο
3264 4092 3456 4157 ἐποίει,
3503 4094 3678 4146 ἐκεῖνο

2106 4176 2298 4244 μαθεῖν
2332 4176 2498 4241 ἄξιον,
2532 4178 2672 4231 ὥστε
2703 4180 2867 4231 πᾶσιν
2902 4178 3078 4231 αὐτῶν
3124 4176 3424 4248 κατάδηλον
3456 4178 3553 4248 τὴν
3582 4195 3679 4229 κα⁹

2104 4260 2363 4331 κουργίαν
2387 4262 2639 4329 γενέσθαι
2666 4262 2757 4315 καὶ
2788 4264 3055 4333 φανεράν·
3090 4262 3355 4325 Πολλάκις
3383 4264 3517 4332 πρὸς
3545 4264 3676 4315 Ἰου·

2101 4342 2284 4407 δαίους
2316 4344 2696 4416 ἐμαρτύρησεν
2729 4346 2758 4396 6
2793 4346 3044 4415 Ἰωάννης
3077 4344 3153 4414 τῷ
3191 4344 3430 4414 Χριστῷ,
3463 4347 3555 4398 καὶ
3589 4347 3676 4398 ὅτε

2102 4425 2391 4491 ἐϐάπτιζεν
2414 4429 2629 4491 αὐτοὺς,
2654 4426 2891 4497 συνεχῶς
2914 4426 3080 4481 αὐτοῦ
3106 4429 3240 4498 πρὸς
3259 4430 3383 4491 τοὺς
3408 4429 3678 4498 παρόντας

2102 4509 2397 4580 ἐμέμνητο,
2431 4511 2525 4563 καὶ
2549 4511 2734 4579 ἔλεγεν
2753 4527 2767 4541 ·
2977 4510 3094 4580 μὲν
3121 4512 3278 4580 ὑμᾶς
3314 4510 3578 4575 ,βαπτίζω
3610 4512 3680 4563 ἑν

2102 4594 2271 4646 ὕδατι
2298 4610 2310 4622 ·
2344 4598 2377 4647 ό
2413 4594 2481 4646 δὲ
2514 4596 2705 4647 ὀπίσω
2742 4612 2861 4663 μου
2902 4596 3244 4664 ἐρχόμενος,
3295 4597 3679 4664 ἰσχυρότερός

2096 4696 2217 4747 μου
2257 4679 2462 4733 ἐστίν·
2506 4679 2691 4744 αὐτὸς
2736 4677 2892 4747 ὑμᾶς
2932 4680 3219 4743 βαπτίσει
3265 4681 3335 4732 ἑν
3384 4682 3678 4749 Πνεύμιιτι

2102 4762 2247 4831 ἁγίῳ
2272 4762 2369 4815 καὶ
2395 4762 2808 4830 πυρί.Ἔπαθον
2846 4759 2940 4815 οὖν
2970 4780 3023 4815 τι
3046 4774 3068 4803 ο
3102 4765 3237 4831 7:96;
3270 4764 3431 4816 αὐτὸν
3470 4763 3680 4835 ἀνθρώ-

2102 4863 2256 4898 πινον
2303 4846 2491 4905 πάθος.
2524 4847 2618 4908 Εἰς
2650 4846 2758 4916 γὰρ
2786 4845 2884 4916 τὴν
2914 4846 3008 4898 τοῦ
3044 4846 3250 4917 κόσμου
3285 4847 3441 4910 δόξαν
3480 4850 3678 4916 ἐπτοη-

2103 4930 2273 4997 μένοι,
2309 4932 2404 4982 καὶ
2431 4930 2499 4982 τά
2532 4929 2673 4981 κατά
2702 4928 2993 4999 πρόσωπον
3026 4929 3330 4999 βλέποντες,
3362 4930 3575 4993 ἀνάξιον
3601 4926 3678 4981 εἷ-

2098 5031 2186 5066 ναι
2215 5012 2461 5083 ἐνόμιζον
2489 5012 2887 5065 ὑποτάσσεσθαι
2908 5013 3069 5066 αὐτὸν
3092 5014 3167 5082 τῷ
3190 5014 3427 5084 Χριστῷ,
3453 5016 3479 5063 ἰ
3497 5014 3555 5064 ὸν
3581 5014 3679 5082 μὲν

2099 5099 2209 5166 γάρ
2250 5099 2503 5166 Ἰωάννην
2531 5096 2700 5149 πολλὰ
2734 5097 2805 5150 τά
2846 5097 3129 5150 δεικνύντα
3159 5098 3409 5167 λαμπρὸν
3452 5094 3548 5166 ἦν·
3585 5098 3680 5149 καὶ

2099 5182 2334 5249 πρῶτον,
2350 5182 2411 5233 :6
2432 5181 2589 5248 γένος
2613 5180 2882 5250 ἐπίσημον
2904 5180 2996 5232 καὶ
3022 5182 3317 5251 περιφανές
3338 5196 3350 5209 ⁸
3378 5182 3681 5251 ἀρχιερέως

2102 5264 2210 5334 γὰρ
2237 5259 2304 5333 ἦν
2330 5265 2443 5327 υἱός
2466 5280 2479 5292 ⁸
2535 5264 2729 5317 ἔπειτα
2756 5264 2988 5335 ήδίαιτα
3015 5264 3109 5315 καὶ
3138 5267 3168 5333 ή
3206 5264 3616 5335 σκληραγωγία,
3644 5265 3678 5334 ἡ

2100 5350 2208 5403 τῶν
2233 5350 2585 5420 ἀνθρωπίνων
2609 5349 2877 5420 ὑπεροψία
2902 5349 3147 5401 πάντων·
3175 5349 3269 5401 καὶ
3298 5351 3406 5419 γάρ
3433 5349 3677 5419 ἐσθῆτος,

2103 5435 2196 5488 καὶ
2226 5433 2523 5505 τραπέζης,
2552 5434 2645 5487 καὶ
2668 5433 2864 5496 οἰκίας,
2883 5433 2978 5485 καὶ
3000 5433 3205 5503 τροφῆς
3229 5433 3285 5486 δὲ
3313 5435 3481 5504 αὐτῆς
3508 5434 3679 5502 ὐπερ-

2105 5518 2247 5580 ιδὼν,
2279 5517 2420 5571 κατὰ
2454 5520 2553 5587 τὴν
2593 5517 2797 5587 ἔρημον
2826 5515 2915 5569 τὸν
2950 5515 3260 5588 ἔμπροσθεν
3289 5518 3522 5588 διέτριϐε
3556 5518 3682 5587 χρό-

2101 5600 2352 5654 νον.Ἐπὶ
2393 5601 2450 5653 δέ
2490 5599 2582 5654 τοῦ
2624 5600 2860 5671 Χριστοῦ
2891 5602 2998 5654 πᾶν
3023 5601 3328 5654 τούναντίον
3362 5597 3432 5671 ἦν
3456 5619 3470 5633 ο
3515 5602 3575 5654 τό
3618 5617 3679 5653 τε

2102 5687 2211 5756 γὰρ
2251 5689 2404 5754 γένος
2447 5685 2663 5748 εὐτελές
2684 5703 2695 5714 ·
2728 5684 2757 5737 ὃ
2784 5686 2877 5739 καί.
2919 5684 3180 5748 πολλάκις
3206 5685 3337 5738 αὐτὸ
3371 5684 3682 5756 προύφερον

2101 5771 2348 5839 λέγοντες
2367 5786 2381 5801 ο
2421 5771 2544 5836 Οὐχ
2568 5764 2747 5833 οὗτός
2771 5769 2941 5822 ἐστιν
2980 5771 3014 5821 ό
3040 5769 3145 5822 τοῦ
3187 5769 3466 5836 τέκτονος
3512 5772 3681 5836 ινιός;

2163 5937 2191 5974 ὶι
2227 5936 2374 5984 Savil.
2406 5951 2528 5990 τινος
2554 5934 2641 5998 γοῦν
2684 5935 2855 5998 ἕνεκεν.
2875 5933 2998 5983 Ibid.
3023 5935 3157 5986 Savil
3199 5936 3349 5985 ἐκεῖνο
3370 5935 3531 5998 μαθεῖν
3552 5936 3677 5992 ἄξιοι

2104 6000 2221 6048 Mur.
2260 6000 2421 6047 εἰπεῖν.
2491 6001 2511 6028 ο
2543 5997 2688 6047 Savil.
2717 5996 2884 6046 ἔπαθόν
2906 6011 2981 6055 τι.
