4094 6370
332 292 425 348 101
1380 290 1442 346 IN
1479 291 1784 348 JOANNEM
1826 294 2049 352 llOMIL.
2091 297 2229 352 XVI.
2272 301 2342 355 al.
2403 298 2513 356 XV.

330 420 429 457 nou
451 405 548 458 sibi
575 404 672 472 ipsi
692 403 902 471 placuit,
928 404 1018 457 sed
1053 402 1179 456 sicut
1209 404 1450 472 scriptum
1495 414 1585 457 est.
1619 403 1905 472 Opprobria

330 494 734 560 exprobrantium
773 494 859 547 tibi
899 493 1178 547 ceciderunt
1201 509 1355 560 super
1397 511 1475 547 me
1499 494 1518 565 (
1546 495 1695 549 Rom.
1731 494 1819 550 15.
1840 496 1895 553 3.

335 585 471 639 l’sat.
490 585 700 656 68.10).
719 586 883 640 Nemo
906 587 1058 655 igitur
1075 586 1208 654 quod
1222 602 1367 639 suum
1384 597 1454 640 est
1470 600 1662 649 quierat
1678 589 1754 655 (1.
1776 586 1898 645 Cor.

331 682 415 735 10.
436 681 553 749 2i).
585 680 673 735 Sic
698 680 840 739 enim
866 681 983 748 quis
1005 678 1142 748 quod
1171 693 1323 732 suum
1346 690 1430 733 est
1451 679 1660 748 quaerit,
1690 680 1733 733 si
1758 680 1899 749 quod

333 775 628 841 proximum
666 780 907 841 spectat,
927 771 1190 839 respiciat.
1217 769 1348 824 Nam
1376 787 1492 839 qua:
1513 771 1737 841 proximi
1754 782 1899 840 Sunt,

333 876 508 917 nostra
542 872 685 916 sunt.
710 861 903 930 Corpus
930 878 1083 914 unum
1110 878 1304 924 sumus,
1346 862 1473 914 alter
1506 862 1713 919 alterius
1739 877 1899 915 ntem-

331 954 417 1023 bra
461 964 508 1006 et
555 963 718 1018 partes
762 954 780 1020 (
810 951 953 1005 Rom.
988 952 1072 1005 η.
1101 951 1188 1022 5).
1220 951 1297 1006 Ne
1338 953 1493 1021 igitur
1523 952 1592 1005 ita
1622 952 1792 1007 aﬂ'ecti
1823 954 1901 1007 si-

330 1060 446 1097 mus
494 1057 557 1097 ac
595 1044 639 1096 si
680 1042 934 1111 segregati
977 1055 1214 1095 essemus
1239 1059 1259 1096 ε
1292 1058 1357 1096 ne
1395 1042 1514 1111 quis
1549 1040 1762 1107 dixerit,
1807 1042 1899 1098 Ille

331 1136 456 1189 mihi
484 1136 687 1189 amicus
713 1150 817 1187 non
846 1144 942 1195 est,
979 1149 1079 1187 non
1107 1144 1384 1203 Cognatas,
1418 1149 1525 1187 non
1556 1134 1779 1199 vicinus,
1808 1151 1903 1188 ne-

330 1242 430 1295 que
458 1226 583 1291 quid
605 1240 888 1280 commune
913 1240 1031 1279 eum
1064 1225 1159 1279 illo
1188 1225 1361 1279 habeo
1393 1243 1407 1277 :
1446 1226 1713 1294 quomodo
1748 1241 1900 1282 acce-

329 1317 501 1371 dam?
540 1317 666 1386 quid
724 1317 936 1371 dicam?
980 1316 1202 1372 Etiamsi
1255 1318 1400 1372 enim
1460 1333 1567 1373 non
1619 1330 1896 1388 cognatus,

330 1408 534 1461 etiamsi
561 1423 666 1461 non
694 1408 896 1463 amicus
923 1409 1010 1471 sit,
1035 1418 1092 1462 at
1116 1412 1274 1463 homo
1297 1418 1380 1464 est
1401 1408 1639 1478 ejusdem
1673 1418 1897 1478 naturae,

336 1500 581 1554 eumdem
601 1500 800 1553 habens
824 1499 1120 1565 Dominum,
1140 1514 1449 1561 conservus.
1469 1500 1857 1554 contubernalis
1880 1517 1895 1555 :

331 1592 383 1644 in
440 1591 625 1645 eodem
652 1591 847 1662 quippe
894 1592 1092 1646 nnmdo
1132 1601 1233 1646 est.
1279 1592 1431 1658 Quod
1473 1592 1519 1646 si
1546 1591 1786 1647 eamdem
1832 1593 1897 1646 fi-

329 1682 453 1735 dem
504 1682 726 1746 haheat,
768 1697 894 1737 ecce
933 1682 1225 1736 membrum
1255 1691 1339 1736 est
1366 1691 1530 1736 tuum.
1557 1682 1687 1752 Qute
1712 1683 1893 1737 amici-

336 1771 407 1823 tia
457 1780 655 1824 tantam
688 1772 1124 1841 conjunctionem
1167 1771 1380 1827 efﬁcere
1421 1783 1611 1841 potest,
1648 1784 1897 1843 quantam

342 1863 463 1916 ﬁdei
484 1865 729 1934 cognatio
753 1865 777 1918 ?
802 1864 985 1933 Neque
1007 1866 1149 1920 enim
1179 1876 1320 1919 tanta
1345 1868 1515 1921 solum
1538 1868 1899 1938 prepinqnitas

329 1955 471 2008 inter
496 1969 593 2009 nos
634 1955 949 2022 exhibenda,
980 1967 1173 2027 quanta
1209 1967 1293 2013 est
1334 1959 1491 2013 amici
1528 1959 1593 2014 ad
1620 1960 1850 2015 atnicum
1879 1976 1896 2024 ;

327 2046 426 2100 scd
453 2055 643 2116 quanta
672 2048 895 2103 membri
919 2049 984 2103 ad
1014 2049 1312 2105 membrum
1340 2049 1454 2105 Hoc
1479 2050 1676 2120 quippe
1703 2052 1895 2107 amici-

330 2139 422 2191 tia:
445 2150 497 2192 et
523 2140 926 2195 necessitudinis
947 2141 963 2172 ⁸
995 2156 1189 2211 genere
1206 2142 1410 2197 nullum
1438 2143 1609 2211 majus
1638 2144 1895 2212 reperias.

327 2229 782 2293 Quemadmodum
825 2246 923 2285 nec
964 2232 1140 2288 dicere
1179 2233 1369 2302 possis,
1399 2233 1552 2290 Unde
1583 2235 1711 2289 mihi
1745 2235 1898 2289 fami-

328 2318 536 2372 liaritas
573 2328 626 2373 et
654 2320 989 2374 necessitudo
1013 2337 1132 2375 cum
1178 2322 1270 2376 illo
1299 2337 1315 2387 ;
1363 2322 1414 2376 id
1443 2325 1584 2378 enim
1616 2324 1894 2379 ridiculum

326 2417 412 2460 est
434 2424 447 2458 :
477 2408 554 2483 sic
581 2423 681 2464 nec
701 2408 769 2463 de
796 2409 958 2464 fratre
983 2409 1083 2463 hoe
1108 2409 1288 2465 dicere
1308 2413 1502 2482 possis.
1533 2411 1718 2466 Omnes
1741 2414 1894 2478 enim,

327 2499 519 2568 inquit,
564 2500 617 2553 in
663 2517 820 2553 unum
846 2518 1030 2571 corpus
1058 2502 1297 2572 baptizati
1333 2520 1505 2558 sumus
1531 2505 1548 2573 (
1574 2505 1625 2559 1.
1656 2504 1772 2558 Cor.
1807 2505 1893 2559 12.

327 2588 454 2659 15).
481 2589 590 2643 Cur
618 2590 670 2643 in
700 2606 861 2645 unum
891 2605 1083 2662 corpus
1112 2595 1134 2645 ?
1176 2593 1241 2647 Ut
1269 2608 1372 2647 non
1402 2609 1763 2663 segregemur,
1794 2596 1886 2650 sed

326 2690 387 2733 ut
411 2696 477 2736 ex
504 2691 686 2737 mutua
717 2682 1105 2739 necessitudine
1132 2692 1186 2740 et
1210 2685 1441 2740 amicitia
1474 2686 1628 2741 unius
1656 2688 1896 2756 corporis

326 2772 690 2828 conditionem
718 2789 1011 2830 servemus.
1036 2776 1113 2831 Ne
1143 2792 1270 2846 ergo
1302 2778 1598 2846 proximum
1629 2778 1895 2848 despicia-

325 2881 468 2930 mus,
491 2875 548 2920 ut
572 2883 639 2921 ne
665 2883 763 2923 nos
790 2870 932 2939 ipsos
978 2879 1380 2929 contemnamus
1406 2875 1448 2926 ¹.
1482 2872 1670 2941 Nemo,
1700 2874 1894 2944 inquit,

390 2996 411 3065 ξ
442 2995 536 3045 Alit
570 2997 758 3065 legunt,
781 3000 1127 3065 sollicitudinis,
1166 3017 1269 3065 pro,
1296 3003 1673 3055 necessitudinis.

390 3060 413 3088 ³
443 3060 605 3109 Morel.
630 3060 644 3130 ί
657 3062 783 3130 hunc
805 3061 961 3111 locum
981 3066 1049 3113 sic
1067 3060 1244 3130 elicit;
1259 3060 1337 3130 ’.εἰς
1359 3080 1473 3130 ergo
1494 3064 1703 3129 praxtmi
1724 3077 1892 3116 curam

323 3130 570 3182 geramus,
597 3128 645 3170 ut
662 3122 721 3172 de
742 3130 899 3173 nostra
922 3137 1117 3183 corpore
1140 3126 1343 3176 solliciti.

324 3241 1977 3266 ———————_‘—_———__—

3471 308 3570 365 11η

2009 424 2210 461 carnem
2254 428 2397 463 suout
2439 414 2554 465 odio
2583 414 2728 466 habet
2781 414 2800 484 (
2820 413 3006 482 Ephes.
3046 416 3098 470 5.
3130 416 3255 477 21)),
3286 418 3374 470 sed
3409 422 3565 475 nuttit

2005 508 2059 553 et
2090 500 2253 555 fovet.
2285 502 2405 557 Ideo
2428 503 2641 557 donqu
2665 521 2822 559 unam
2854 506 2993 560 hune
3017 507 3267 559 mundum
3295 508 3444 563 dedit
3477 527 3568 563 noo

2008 590 2087 643 bis
2129 592 2288 653 Deus,
2319 594 2494 646 omnia
2527 609 2591 647 ex
2621 610 2774 663 aequo
2798 595 3084 659 distrilmit,
3129 613 3287 651 unum
3326 600 3568 654 accendit

2004 680 2252 735 otnnibus
2275 683 2462 749 solem,
2490 699 2651 737 mmm
2680 695 2871 738 tectum
2895 688 3149 743 extendit.
3176 688 3384 749 cadum,
3413 707 3569 745 unam

2009 773 2210 839 paravit
2232 787 2489 835 mensam,
2522 782 2737 826 terram.
2772 775 2922 828 Dedit
2948 792 3156 844 quoque
3175 778 3393 832 alteram
3422 795 3570 834 Inim-

2006 879 2116 915 satn
2143 900 2159 928 ,
2205 864 2304 915 hac
2332 863 2485 931 longe
2523 864 2797 934 majorem,
2824 866 2916 920 sed
2945 867 3079 921 hanc
3108 884 3286 932 unam,
3316 882 3375 923 ut
3398 872 3571 925 sciunt

2008 951 2381 1021 mysteriorum
2426 965 2700 1008 consortes
2730 971 2744 1019 ;
2778 971 2942 1009 unum
2974 958 3302 1026 spiritualem
3343 976 3567 1029 genera-

2009 1043 2165 1096 tionis
2192 1043 2406 1097 modum
2432 1045 2677 1099 omnibus
2705 1046 2919 1113 largitus
2941 1057 3025 1101 est
3054 1066 3066 1101 :
3092 1064 3193 1102 una
3223 1060 3303 1104 est
3324 1053 3570 1109 «minibus

2009 1135 2173 1202 patria
2214 1135 2267 1188 in
2316 1136 2459 1189 cmlis
2488 1155 2500 1189 :
2531 1153 2594 1191 ex
2636 1138 2823 1191 eodem
2867 1139 3033 1215 calice
3084 1156 3270 1197 omnes
3316 1143 3565 1198 bibimus.

2006 1224 2146 1279 Nihil
2176 1226 2325 1280 diviti
2359 1227 2473 1294 plus
2502 1237 2590 1280 ant
2636 1228 2951 1295 pretiosius,
2987 1230 3115 1284 nihil
3149 1235 3361 1301 pauperi
3414 1234 3571 1287 vilius

2007 1316 2088 1371 vel
2114 1317 2288 1371 minus
2312 1318 2468 1372 datur
2500 1338 2513 1373 :
2542 1320 2634 1374 sed
2664 1336 2849 1374 otnnes
2870 1338 2933 1375 ex
2962 1338 3114 1391 atquo
3135 1327 3358 1390 vocavit,
3386 1336 3440 1380 et
3457 1343 3571 1380 car-

2007 1410 2140 1462 ualia
2163 1420 2215 1463 et
2234 1410 2523 1478 spiritualia
2547 1413 2820 1482 mqualiter
2844 1414 3072 1468 tradidit.
3102 1415 3247 1470 Unde
3276 1433 3402 1486 ergo
3428 1429 3567 1473 tanta

2008 1501 2060 1553 in
2085 1501 2188 1553 vita
2220 1500 2547 1572 inaequalitas
2571 1503 2595 1555 ?
2623 1502 2703 1555 Ex
2732 1503 2951 1557 divitum
2978 1505 3193 1558 avaritia
3221 1517 3272 1559 et
3317 1523 3569 1577 arrogan-

2007 1593 2098 1645 tia.
2129 1592 2234 1646 Sed
2266 1607 2352 1656 ne,
2381 1607 2583 1661 quatso,
2618 1592 2825 1656 fratres,
2870 1593 2939 1646 ita
2967 1592 3019 1647 in
3052 1603 3317 1662 posterum
3362 1607 3567 1667 agatur,
3646 1650 3647 1653 η

2006 1684 2377 1736 eonnnunilnts
2417 1693 2471 1737 et
2502 1684 2667 1751 magis
2710 1684 3023 1737 necessariis
3059 1701 3155 1737 nos
3187 1701 3285 1737 una
3319 1687 3570 1754 copulan-

2008 1774 2144 1826 tibus
2169 1815 2183 1836 ,
2213 1790 2279 1827 ne
2313 1789 2343 1827 a
2373 1777 2599 1829 terrenis
2636 1784 2689 1829 et
2728 1774 2917 1829 vilibus
2947 1776 3107 1830 rebus
3136 1777 3513 1844 distrahantur,
3541 1797 3568 1830 a

2005 1866 2231 1930 divitiis,
2264 1866 2502 1934 inquam,
2549 1875 2603 1921 et
2645 1878 2972 1936 paupertate,
3022 1882 3052 1921 a
3098 1870 3414 1937 cognatione
3451 1885 3569 1924 cor-
3608 1918 3611 1921 ,

2007 1971 2186 2023 porea,
2217 1955 2284 2009 ab
2307 1956 2429 2010 odio
2454 1966 2508 2012 et
2530 1957 2779 2010 amicitia.
2811 1956 2936 2011 Hmc
2964 1958 3160 2027 quippe
3181 1958 3357 2012 omnia
3384 1960 3570 2014 umbra

2005 2060 2149 2115 sunt,
2196 2060 2251 2103 et
2290 2050 2478 2104 umbra
2515 2050 2798 2116 abjeetiora
2829 2051 2914 2114 iis,
2946 2050 3037 2120 qui
3080 2065 3309 2120 superna
3351 2052 3573 2106 caritate

2004 2142 2336 2209 colligantur.
2381 2139 2492 2194 Hoc
2535 2141 2799 2193 vinculum
2833 2141 3110 2194 infractum
3140 2156 3410 2195 servemus
3440 2160 3455 2197 :
3487 2143 3570 2197 ni-

2007 2228 2185 2298 hilque
2230 2246 2293 2282 ex
2345 2229 2585 2298 malignis
2634 2229 2907 2297 spiritibus
2950 2231 2966 2261 ¹
3016 2245 3301 2300 surrcpcre
3350 2232 3570 2301 poterit,

2003 2320 2142 2389 quod
2178 2320 2312 2373 hanc
2341 2319 2595 2372 unitatem
2625 2319 2828 2373 dividat
2862 2337 2875 2373 :
2902 2336 3060 2390 quam
3090 2335 3187 2374 nos
3213 2336 3398 2376 omnes
3426 2338 3572 2378 asse-

2001 2412 2088 2478 qui
2134 2410 2426 2478 contingat,
2458 2413 2623 2478 gratia
2674 2419 2727 2463 ct
2771 2410 3093 2481 benignitate
3143 2414 3349 2467 Domini
3404 2416 3570 2469 nostri

2001 2500 2125 2554 Jesu
2156 2500 2374 2565 Christi,
2418 2516 2690 2569 perquem
2716 2510 2770 2554 et
2795 2516 2915 2555 cum
2940 2517 3044 2572 quo
3066 2503 3206 2557 Patri
3235 2506 3434 2575 gloria,
3471 2522 3573 2560 una

2001 2607 2122 2646 cum
2147 2600 2331 2647 sancto
2356 2591 2573 2660 Spiritu,
2602 2606 2739 2646 nunc
2758 2601 2813 2646 et
2844 2607 3077 2660 semper,
3098 2605 3151 2647 et
3178 2595 3232 2647 in
3255 2597 3447 2649 sa-cula
3473 2612 3574 2649 sae-

2001 2686 2263 2738 culorum.
2293 2684 2485 2737 Anien.

2058 2854 2073 2885 '
2106 2859 2209 2912 Alii
2233 2862 2435 2924 habent,
2456 2860 2774 2924 passionibus,
2807 2873 2912 2923 pro,
2929 2859 3192 2925 spiritibus.

1688 3351 2029 3411 HOMILIA
2079 3348 2248 3410 XVI.

329 3491 417 3545 19.
454 3490 565 3544 Hoc
595 3493 723 3544 enim
762 3504 834 3546 est
875 3495 1203 3552 testimonium
1230 3494 1466 3557 Joannis,
1500 3496 1701 3563 quando
1747 3496 1902 3547 mise-

400 3592 513 3633 runt
532 3582 600 3632 ad
622 3599 732 3635 eum
760 3581 932 3637 Judtei
950 3599 1012 3638 ea:
1033 3582 1361 3654 Jerosolymis
1390 3586 1668 3638 sacerdotes
1687 3596 1729 3638 et
1752 3583 1900 3637 Levi-

399 3683 496 3733 tas,
527 3683 581 3727 ut
609 3675 966 3746 interrogarent
994 3694 1104 3728 eum
1128 3693 1145 3729 :
1175 3676 1251 3730 Tu
1276 3679 1386 3746 quis
1410 3678 1502 3730 es?

404 3766 453 3817 1.
485 3767 657 3820 Grave
682 3766 946 3835 quidpiam
979 3767 1171 3821 invidia
1203 3778 1301 3831 est,
1332 3770 1521 3822 dilecte
1545 3810 1559 3830 ,
1590 3784 1774 3838 grave.
1809 3769 1893 3821 in-

329 3869 509 3923 quam,
537 3865 592 3908 et
618 3857 973 3923 perniciosum
1004 3858 1211 3921 invidis,
1241 3875 1342 3911 non
1382 3861 1445 3910 iis
1469 3860 1658 3926 quilms
1689 3859 1898 3912 invide-

330 3955 435 3999 tur.
468 3944 600 4015 Ipsis
618 3947 757 3999 enim
780 3949 1041 4015 prioribus
1060 3959 1231 4010 nocet,
1258 3952 1399 4017 ipsos
1423 3952 1625 4018 priores
1654 3966 1898 4004 corrum—

339 4040 437 4105 pit,
466 4047 731 4106 tamquam
769 4039 914 4113 virus
943 4040 1269 4093 mortiferum
1299 4056 1481 4093 eormn
1518 4041 1723 4092 animos
1746 4057 1902 4095 occu-

332 4141 485 4194 pans.
516 4127 571 4180 Si
595 4138 769 4181 autem
813 4129 864 4180 in
900 4130 1141 4198 quopiam
1169 4130 1323 4184 laniat
1348 4146 1441 4182 eos
1467 4130 1655 4199 quibus
1698 4130 1901 4182 invide-

332 4227 420 4269 tnr
442 4258 458 4280 ,
490 4217 605 4271 leve
632 4227 687 4271 et
715 4220 903 4271 nullius
932 4222 1179 4273 momenti
1212 4220 1460 4273 damnum
1490 4230 1571 4273 est
1596 4262 1612 4285 ,
1645 4220 1783 4289 quod
1807 4219 1900 4272 da-

330 4324 457 4360 mno
487 4308 657 4378 majus
696 4309 898 4362 lucrum
938 4310 1149 4364 referat.
1183 4311 1361 4380 Neque
1386 4313 1436 4364 in
1464 4310 1656 4365 invidia
1681 4312 1849 4364 Sttltlltl
1876 4352 1890 4374 ,

330 4398 424 4451 sed
449 4399 608 4452 etiam
661 4400 711 4451 in
756 4402 964 4453 οωιυνὶε
1007 4403 1254 4456 ontnibus
1292 4403 1471 4467 vitiis,
1503 4420 1607 4456 non
1635 4405 1721 4470 qui
1764 4404 1901 4456 Inalo

330 4486 577 4551 afficitur,
607 4488 701 4542 sed
726 4492 814 4557 qui
841 4490 1025 4553 afficit,
1055 4492 1098 4545 is
1126 4492 1375 4545 damnum
1394 4493 1601 4559 accipit.
1626 4492 1733 4546 Nisi
1757 4495 1897 4546 enim

333 4593 495 4632 resse
525 4578 594 4631 ita
619 4578 834 4633 haberet
868 4622 883 4645 ,
916 4599 1018 4633 non
1046 4585 1384 4650 prmcepisset
1408 4583 1681 4654 discipulis
1709 4585 1900 4639 Paulus

333 4668 581 4735 iniuriam
598 4669 856 4737 accipere,
881 4674 1050 4737 potius
1069 4688 1225 4741 quam
1242 4673 1461 4738 inferre,
1480 4690 1598 4726 cum
1628 4675 1769 4737 dicit,
1801 4676 1904 4729 Cur

335 4776 433 4813 non
463 4760 632 4827 potius
652 4760 886 4828 injuriam
918 4764 1180 4833 accipitis?
1206 4781 1297 4817 cur
1330 4782 1430 4818 non
1472 4767 1631 4836 magis
1669 4767 1900 4834 fraudem

333 4854 655 4924 patimiai(l.
680 4853 793 4909 Cor.
825 4856 879 4909 6.
909 4855 1004 4927 7)?
1035 4858 1287 4908 Accurate
1308 4856 1502 4924 quippe
1535 4867 1771 4919 noverat,
1796 4874 1898 4911 non

334 4948 469 4999 mala
497 4947 798 5015 accipienti,
831 4947 921 4999 sed
952 4948 1087 4999 tnala
1117 4945 1362 5000 inferenti
1389 4948 1674 5015 perniciem
1707 4950 1902 5017 ubique

332 5045 571 5106 paratam
611 5050 752 5090 esse.
786 5036 910 5090 Haec
955 5052 1115 5105 porro
1153 5037 1328 5089 omnia
1359 5048 1574 5105 prepter
1599 5038 1902 5091 .ludasorum

334 5128 557 5181 livorem
605 5126 742 5180 dicta
782 5129 934 5180 nobis
977 5137 1121 5180 sunt.
1168 5125 1300 5179 Nam
1345 5129 1431 5195 qui
1470 5144 1534 5182 ex
1578 5129 1797 5180 urbibus
1835 5128 1900 5180 ad

333 5219 591 5273 Joannem
619 5217 1006 5281 confluxerant,
1036 5228 1088 5270 et
1110 5228 1321 5285 peccata
1347 5233 1437 5270 sua
1470 5217 1783 5271 damnantes
1810 5218 1894 5269 ba-

335 5310 519 5380 ptizati
564 5309 796 5374 fuerant,
850 5309 1008 5363 iidem
1054 5310 1153 5378 ipsi
1193 5308 1342 5377 quasi
1386 5310 1694 5377 poenitentia
1724 5310 1894 5372 ducti,

336 5402 550 5454 mittunt
578 5404 667 5468 qui
699 5401 1021 5469 interrogent
1051 5415 1171 5453 eum
1197 5441 1211 5464 ,
1235 5396 1314 5452 Tu
1341 5399 1449 5467 quis
1476 5399 1567 5450 es?
1597 5398 1731 5450 Vere
1758 5398 1903 5467 geni-

336 5493 479 5545 mina
512 5492 814 5561 viperarum
842 5531 857 5556 ,
903 5501 1202 5559 serpentes.
1237 5499 1292 5543 et
1321 5490 1362 5542 si
1403 5489 1528 5558 quid
1558 5488 1637 5541 bis
1671 5490 1901 5557 gravius.

338 5586 626 5639 Generatio
654 5582 791 5638 mala
817 5623 834 5648 ,
858 5583 1092 5636 adultera
1124 5592 1177 5635 et
1216 5596 1480 5649 perverszt,
1513 5590 1784 5648 postquam
1810 5581 1902 5631 bac

342 5678 534 5746 ptirata
562 5692 646 5742 es,
688 5674 755 5729 de
785 5674 1017 5743 Baptista
1048 5673 1270 5743 inquiris
1308 5682 1361 5726 ct
1390 5672 1597 5727 curiose
1625 5670 1904 5724 scrutaris?

2010 3493 2209 3563 Ecquid
2244 3492 2340 3545 hac
2362 3491 2580 3544 stultitia
2608 3490 2821 3543 stultius
2843 3487 3040 3542 fuerit?
3066 3489 3342 3555 Quomodo
3370 3491 3572 3547 exiistis

2005 3583 2070 3635 ad
2102 3581 2264 3637 cinn?
2306 3580 2575 3651 quomodo
2614 3587 2826 3648 peccata
2866 3580 3092 3632 confessi
3123 3579 3287 3632 estis?
3308 3581 3573 3648 quomodo

2005 3673 2312 3726 accurristis
2357 3671 2422 3725 ad
2485 3672 2857 3738 baptizanlcm,
2898 3668 3165 3737 quomodo
3210 3669 3573 3738 interrogastis

2004 3763 2127 3830 quid
2157 3762 2416 3831 agendum
2457 3761 2636 3813 esset?
2664 3759 2786 3812 ch
2813 3759 3008 3827 quippe
3054 3758 3229 3809 omnia
3260 3773 3290 3811 a
3316 3760 3463 3812 vobis
3488 3760 3569 3813 in-

2005 3855 2342 3909 considerate
2374 3854 2508 3907 facta
2542 3861 2684 3914 sunt,
2717 3852 2804 3919 qui
2839 3865 2933 3904 nec
2967 3850 3280 3920 principium
3303 3891 3316 3912 ,
3342 3866 3438 3904 nec
3467 3866 3568 3919 qua

2005 3947 2072 3997 de
2099 3961 2155 3999 re
2179 3954 2441 4014 ageretur.
2489 3942 2876 4011 intelligeretis.
2928 3941 3030 3996 Sed
3064 3942 3193 3995 nihil
3224 3940 3411 3995 horum
3443 3941 3574 3995 dixit

2006 4039 2090 4091 vel
2133 4036 2473 4105 exprobravit
2515 4037 2698 4088 beatus
2748 4034 2982 4088 Joannes
3015 4075 3031 4099 ,
3065 4050 3247 4087 verum
3278 4036 3419 4088 omni
3451 4050 3572 4087 cum

2007 4129 2408 4183 mansuetudine
2437 4127 2723 4196 respondit.
2777 4127 2884 4180 Cur
2910 4138 3085 4180 autem
3130 4127 3196 4179 ita
3228 4142 3286 4179 se
3326 4128 3570 4196 gesserit,

2008 4221 2219 4287 cognitu
2240 4218 2456 4286 dignum
2487 4227 2569 4270 est
2595 4258 2608 4279 ,
2634 4225 2689 4268 ut
2713 4231 2895 4269 eorum
2934 4215 3162 4282 nequitia
3190 4217 3435 4269 omnibus
3463 4233 3573 4269 ma-

2006 4314 2195 4362 nifesta
2245 4319 2406 4362 es.-et.
2455 4307 2607 4375 Smpc
2646 4306 2876 4360 Joannes
2921 4306 3059 4374 apud
3097 4305 3310 4360 Judaros
3362 4307 3574 4361 Christo

2012 4400 2371 4453 testimonium
2415 4399 2705 4469 perhibttit,
2737 4406 2792 4451 et
2834 4412 2952 4451 cum
2992 4398 3280 4465 baptizaret
3318 4413 3427 4463 eos,
3465 4396 3575 4453 fre-

2007 4502 2233 4558 quenter
2281 4488 2546 4543 Christum
2591 4489 3039 4542 connuemorabat
3076 4487 3386 4556 dicebatque
3419 4508 3430 4541 :
3466 4488 3575 4558 Ego

2003 4583 2207 4649 quidem
2232 4595 2314 4634 vos
2357 4580 2555 4649 baptizo
2584 4583 2635 4631 in
2668 4596 2798 4647 aqua
2828 4597 2844 4631 :
2882 4580 2966 4647 qui
2991 4588 3153 4631 autem
3185 4592 3293 4645 post
3320 4595 3396 4632 me
3425 4585 3573 4648 venit,

2009 4673 2189 4742 fortior
2214 4688 2291 4723 me
2315 4680 2407 4725 est.
2439 4667 2559 4740 Ipse
2593 4686 2678 4722 vos
2708 4670 3062 4741 baptizabitjn
3104 4668 3299 4738 Spiritu
3333 4685 3505 4726 sancto
3532 4686 3577 4729 et

2006 4765 2121 4833 igne
2163 4762 2370 4832 (Matth.
2413 4762 2465 4815 '5.
2503 4760 2607 4831 11).
2639 4758 2715 4812 llli
2759 4760 2913 4827 igitur
2937 4761 3076 4813 circa
3098 4762 3354 4816 Joannem
3377 4765 3575 4834 aliquid

2007 4854 2296 4906 lmmannm
2337 4853 2477 4922 passi
2519 4858 2662 4905 sunt.
2707 4850 2883 4903 Mundi
2913 4865 3138 4920 namque
3182 4853 3403 4920 gloriam
3449 4871 3575 4923 spe-

2005 4954 2227 5007 ctantes,
2245 4953 2297 4997 et
2320 4959 2380 4996 ea
2399 4943 2569 4995 solum
2590 4956 2709 5010 qua:
2735 4941 2804 4995 ob
2823 4943 3005 4993 oculos
3024 4951 3177 4995 erant
3204 4946 3568 5012 respicientes,

2004 5036 2207 5089 Joanne
2237 5034 2507 5103 indignum
2538 5032 2810 5100 putabant,
2840 5031 2882 5083 si
2911 5029 3123 5084 Christo
3158 5031 3379 5087 inferior
3406 5048 3571 5093 esset.

2007 5128 2160 5181 Multa
2183 5141 2406 5193 namque
2425 5125 2680 5179 Joannem
2707 5123 3151 5178 commendabant
3180 5141 3194 5190 ;
3217 5126 3384 5193 primo
3404 5129 3578 5195 splen-

2010 5220 2107 5272 dor
2154 5218 2400 5287 generis;
2475 5224 2589 5269 erat
2635 5215 2774 5270 enim
2828 5215 3079 5283 principis
3134 5217 3466 5271 sacerdotum
3518 5222 3579 5272 li-

2010 5311 2113 5363 lins
2144 5310 2253 5379 (a);
2285 5308 2476 5362 deinde
2506 5307 2626 5358 vine
2651 5308 2932 5373 asperitas,
2967 5304 3312 5360 humanarum
3341 5309 3577 5363 omnium

2008 5420 2183 5457 rerum
2207 5410 2541 5467 contemptus
2576 5417 2587 5453 :
2614 5401 2861 5451 vestitum
2887 5398 3164 5466 siquidem,
3196 5414 3454 5463 mensam,
3479 5401 3580 5453 do-

2068 5494 2143 5552 (a)
2185 5501 2279 5541 Non
2322 5490 2530 5552 defuere
2575 5489 2654 5537 alii
2693 5489 2773 5550 qui
2808 5487 3032 5552 dicerent
3073 5486 3344 5552 Zachariam
3388 5493 3582 5552 Joannis

2007 5548 2450 5618 Baptistze_|'iatreit_t_
2491 5549 2641 5598 fuisse
2673 5548 2971 5618 sacerdoutm
3013 5548 3275 5618 principem
3306 5550 3467 5617 :quod
3510 5560 3580 5599 ta-

2006 5610 2121 5664 men
2140 5616 2193 5662 in
2221 5610 2487 5674 Evangelio
2518 5618 2653 5660 Luca:
2686 5624 2781 5659 non
2817 5610 3011 5669 dicitur,
3036 5610 3132 5657 into
3161 5610 3453 5659 contrarium
3477 5625 3591 5659 sna-

2008 5678 2161 5726 detur.
