4094 6370
492 283 623 339 105'

486 415 652 460 mum,
687 398 859 466 ipsum
907 395 1088 451 cibum
1120 391 1510 463 parvipendens
1531 431 1545 454 ,
1582 390 1632 443 in
1675 390 1893 444 deserto
1916 400 2074 443 antea

488 497 734 546 versatus
782 489 973 543 fuerat.
1026 484 1270 540 Christus
1299 491 1483 538 contra
1511 523 1525 546 ,
1564 480 1652 533 vili
1678 494 1875 550 genere
1920 489 2075 534 natus

490 592 626 645 erat,
660 580 711 636 id
742 580 883 650 quod
916 580 1013 649 ipsi
1040 593 1182 647 saepe
1205 577 1289 631 his
1312 577 1486 629 verbis
1503 574 1863 643 objicit-bant:
1891 572 2075 626 Nonne

489 674 572 726 hic
598 682 670 726 est
696 671 830 742 fabri
857 670 1034 739 ﬁlius?
1071 684 1238 722 nonne
1274 678 1435 723 mater
1463 669 1572 738 ejus
1599 668 1785 721 dicitur
1806 665 1995 729 Maria,
2025 675 2075 719 et

481 764 664 835 fratres
693 764 802 835 ejus
839 762 1061 816 Iacobus
1087 771 1132 815 et
1154 758 1304 814 Joses
1332 759 1547 826 (Matth.
1583 761 1669 816 15.
1697 760 1831 830 55)?
1858 767 1934 815 Ac
1954 774 2073 829 quae

486 856 770 910 videbatur
811 855 927 924 ejus
958 869 1081 908 esse
1128 852 1294 924 patria
1342 854 1413 907 ita
1440 853 1804 923 vituperabilis
1850 863 1985 919 erat,
2013 863 2074 907 ut

479 949 642 1004 etiam
674 946 968 1019 Nathanael
1019 946 1224 1003 diceret
1255 963 1268 1000 :
1300 946 1385 1001 Ea:
1432 945 1660 1001 Nazaret
1685 956 1846 1019 potest
1875 946 2073 1015 aliquid

478 1038 595 1093 boni
622 1055 730 1092 esse
747 1039 772 1090 7
793 1037 869 1092 Ad
896 1038 1034 1102 hzec,
1052 1040 1174 1092 vita:
1194 1051 1360 1108 genus
1377 1039 1678 1092 communis
1702 1078 1718 1105 ,
1749 1038 2068 1094 vestimenta

478 1131 737 1200 vulgaria.
779 1129 962 1201 Neque
1024 1132 1165 1186 enim
1239 1145 1372 1185 zona
1434 1131 1660 1201 pellicea
1721 1131 2066 1201 cingebatur,

484 1238 656 1294 neque
704 1238 769 1279 es
801 1223 923 1292 pilis
969 1233 1211 1293 paratum
1256 1223 1635 1278 vestimentum
1667 1220 1868 1285 habuit,
1892 1236 2067 1290 neque

490 1316 650 1371 melle
674 1325 729 1370 et
779 1314 1001 1370 locustis
1030 1314 1347 1370 vescebatur
1372 1331 1388 1380 ;
1419 1314 1512 1367 srd
1540 1312 1741 1382 vulgari
1768 1313 1937 1367 victus
1970 1327 2066 1381 ge-

482 1421 611 1462 nere
666 1420 796 1462 usus
825 1448 841 1472 ,
901 1408 1063 1462 etiam
1112 1405 1478 1475 improborum
1532 1404 1805 1459 hominum
1855 1419 1917 1458 ac
1966 1420 2066 1474 pu-

484 1498 818 1553 blicanorum
859 1498 1117 1553 conviviis
1156 1498 1445 1563 intererat,
1488 1506 1546 1550 ut
1584 1496 1701 1550 illos
1743 1497 2059 1552 attnahcret.

474 1588 627 1655 Quod
675 1603 780 1644 non
825 1588 1180 1658 iutelligeutes
1231 1588 1429 1649 Judaei.
1484 1588 1582 1656 ipsi
1625 1589 2058 1659 exprobrabant,

476 1688 535 1731 ut
586 1687 641 1732 et.
698 1679 811 1748 ipse
865 1678 990 1732 ait:
1053 1677 1194 1732 Venit
1253 1678 1420 1732 Filius
1486 1680 1701 1733 hominis
1748 1680 2062 1733 manducans

471 1780 519 1822 et
572 1770 775 1835 bibens,
816 1780 862 1823 et
916 1770 1143 1824 dicunt:
1171 1767 1304 1823 Ecce
1356 1771 1502 1824 homo
1556 1787 1713 1824 vorax
1760 1783 1808 1824 et
1861 1781 2066 1842 potator

472 1860 594 1921 cini,
631 1862 1015 1931 publicanorum
1042 1871 1089 1915 et
1133 1872 1451 1930 peccatorum
1482 1864 1674 1915 amicus
1705 1862 1724 1934 (
1750 1862 1939 1919 Matth.
1968 1865 2055 1919 11.

472 1953 598 2020 19).
644 1954 775 2006 Cum
803 1968 931 2022 ergo
959 1953 1266 2024 frequenter
1307 1954 1538 2009 Joannes
1567 1956 1635 2009 ab
1664 1969 1722 2010 se
1749 1955 1964 2012 Judaeos
1991 1958 2055 2011 ad

470 2045 747 2099 Christum
778 2047 1034 2112 mitteret,
1063 2046 1152 2115 qui
1180 2045 1457 2101 videbatur
1479 2047 1584 2102 illis
1607 2046 1813 2103 Joanne
1834 2048 2060 2105 inferior

471 2149 630 2199 esse;
662 2150 783 2191 cum
822 2134 1090 2206 pudefacti
1140 2146 1194 2191 et
1218 2152 1359 2207 :rgre
1388 2137 1621 2194 ferentes
1647 2140 1868 2195 mallent
1895 2141 2060 2196 Joan-

472 2241 596 2281 nem
626 2226 823 2282 habere
852 2228 1129 2283 doctorem
1153 2268 1170 2296 ,
1199 2228 1249 2284 id
1280 2238 1455 2284 tamen
1504 2241 1690 2300 aperte
1716 2231 1900 2289 dicere
1940 2234 2055 2288 ausi

471 2333 578 2372 non
598 2325 755 2383 sunt;
778 2317 873 2373 sed
896 2319 1111 2372 mittunt
1130 2318 1197 2373 ad
1224 2319 1393 2387 illum,
1413 2330 1693 2390 sperantes
1713 2338 1772 2377 se
1791 2339 1885 2393 per
1914 2324 2048 2378 adu-

477 2409 733 2465 lationem
755 2425 916 2481 posse
943 2411 1090 2466 illum
1107 2412 1346 2479 allicere,
1374 2424 1429 2468 ut
1449 2429 1510 2469 se
1534 2415 1879 2471 conﬁteretur
1896 2416 2051 2473 Chri-

472 2512 633 2555 stum.
692 2502 806 2557 Non
859 2503 1053 2558 intima:
1108 2506 1268 2560 sortis
1314 2505 1560 2563 homines
1608 2509 1843 2575 mittunt,
1886 2519 1943 2565 ut
1989 2510 2055 2567 ad

473 2592 742 2647 Christum
764 2634 778 2658 ,
806 2609 926 2649 cum
956 2595 1152 2650 vellent
1180 2612 1301 2651 eum
1328 2612 1521 2668 capere
1561 2602 1612 2653 in
1638 2612 1918 2665 sermone;
1941 2616 2045 2656 ser-

474 2698 570 2738 vos
614 2685 757 2740 enim
802 2685 1082 2753 miserunt,
1107 2687 1299 2743 deinde
1339 2688 1671 2747 Herodianus
1709 2693 2057 2765 ejusdemque

482 2774 669 2832 farina:
719 2776 965 2833 homines
998 2795 1012 2834 :
1043 2778 1129 2834 hic
1167 2790 1345 2835 autem
1376 2782 1682 2838 sacerdotes
1707 2795 1760 2838 et
1811 2784 2053 2854 Levites;

475 2883 573 2922 nec
596 2866 866 2938 quoslibet
888 2869 1228 2937 sacerdotes,
1251 2870 1347 2925 sed
1370 2871 1436 2926 ab
1458 2871 1808 2945 Jerosolymis
1829 2915 1846 2942 ,
1872 2874 1925 2931 id
1948 2888 2053 2943 est,

478 2957 906 3015 honorabiliores
927 2960 1127 3032 (neque
1146 2962 1289 3016 enim
1329 2962 1447 3017 sine
1465 2978 1623 3018 causa
1653 2963 1766 3020 lnrc
1786 2967 2054 3038 signiﬁca-

473 3052 550 3106 vit
564 3052 916 3123 evangelista)
946 3062 1035 3109 :et
1063 3054 1302 3121 mittunt,
1327 3065 1383 3109 ut
1406 3056 1817 3128 interrogarent,
1846 3058 1920 3113 Tu
1943 3061 2058 3131 quis

472 3144 569 3198 es?
595 3141 812 3199 Natales
839 3144 1036 3214 quippe
1065 3144 1183 3215 ejus
1226 3146 1296 3200 ita
1342 3147 1616 3217 conspicui
1658 3157 1833 3218 erant,
1863 3159 1919 3204 ut
1942 3166 2058 3204 om-

476 3251 572 3290 nes
599 3233 840 3290 dicerent
869 3251 884 3287 :
916 3235 1040 3302 Quis
1070 3246 1221 3305 putas
1266 3253 1392 3306 puer
1420 3238 1515 3291 iste
1538 3239 1632 3293 erit
1662 3238 1813 3312 (Luc.
1842 3241 1894 3296 1.
1921 3241 2058 3312 66)?

475 3339 530 3381 et
558 3343 655 3396 per
679 3327 859 3382 omnia
900 3339 1151 3381 montana
1197 3331 1310 3383 haec
1338 3330 1764 3399 divulgabantur.
1795 3330 2058 3387 Rursum-

476 3436 582 3489 que
611 3434 734 3473 cum
765 3421 910 3474 venit
937 3420 1002 3474 ad
1055 3419 1365 3483 Jordancm,
1398 3436 1587 3477 omnes
1624 3422 1871 3477 civitates
1898 3422 2061 3477 advo-

476 3512 675 3579 larunt,
718 3520 772 3565 et
817 3526 885 3566 ex
939 3510 1236 3566 Jerusalem
1287 3513 1536 3582 omnique
1586 3511 1768 3568 Judaea
1798 3513 2060 3569 Joannem

475 3604 691 3657 adibant
739 3611 797 3657 ut
845 3602 1263 3673 baptizarentur.
1306 3604 1371 3659 lli
1412 3604 1587 3676 itaque
1632 3622 1773 3660 nunc
1830 3607 2063 3663 interro-

476 3706 625 3765 gant,
655 3711 761 3751 non
788 3698 927 3768 quod
958 3696 1200 3766 ignorent
1235 3697 1253 3766 (
1284 3698 1551 3767 quomodo
1584 3699 1725 3753 enim
1755 3700 2061 3769 ignorarent

477 3801 600 3840 eum
630 3787 716 3856 qui
750 3796 826 3841 tot
856 3787 1030 3842 modis
1051 3786 1364 3843 manifestus
1396 3788 1613 3862 erat?),
1636 3789 1731 3846 sed
1763 3800 1818 3845 ut
1843 3807 1966 3847 cum
1992 3792 2060 3849 ad

479 3880 553 3942 id,
581 3878 721 3949 quod
738 3894 897 3948 supra
926 3878 1059 3945 dixi,
1092 3878 1424 3936 inducerent.

548 3967 607 4024 2.
644 3968 778 4023 Audi
808 3984 934 4038 ergo
961 3969 1230 4039 quomodo
1269 3970 1455 4026 beatus
1492 3972 1579 4027 hic
1619 3973 1687 4028 ad
1717 3974 2060 4046 interrogan-

482 4060 612 4115 tium
643 4070 900 4129 mentem,
928 4076 1033 4116 non
1059 4062 1127 4117 ad
1158 4063 1325 4129 ipsam
1350 4065 1816 4133 interrogationem
1840 4084 2062 4139 respon-

479 4153 622 4208 deat.
649 4152 950 4208 Dicentibus
968 4154 1132 4219 enim,
1168 4152 1244 4207 Tu
1263 4156 1441 4225 quises
1458 4155 1484 4208 .9
1518 4172 1624 4212 non
1650 4159 1922 4228 respondit
1948 4170 2062 4217 sta-

483 4246 577 4298 tim
595 4243 645 4297 id
665 4242 807 4313 quod
830 4252 972 4298 recte
995 4243 1419 4313 respondendum
1436 4255 1572 4315 erat,
1595 4245 1706 4318 Ego
1728 4265 1824 4302 vos:
1838 4250 2065 4304 claman-

481 4336 546 4391 tis
574 4335 626 4390 in
652 4335 845 4390 deserto
872 4332 1052 4409 (Joan.
1086 4335 1138 4389 i.
1166 4334 1257 4405 25)
1276 4377 1290 4400 ,
1324 4336 1419 4392 sed
1442 4337 1604 4406 quid?
1629 4338 1685 4394 Id
1713 4341 1853 4409 quod
1878 4341 1949 4395 illi
1975 4357 2064 4395 su-

481 4424 823 4495 spicabantur
860 4425 1076 4478 amovit.
1122 4424 1252 4478 Nam
1299 4424 1674 4497 interrogatus,
1702 4428 1782 4483 Tu
1827 4432 1940 4500 quis
1974 4432 2065 4486 es?

484 4518 673 4586 inquit,
703 4515 791 4572 20.
825 4513 1097 4586 Confessus
1126 4526 1221 4582 est,
1246 4523 1295 4570 et
1322 4533 1422 4570 non
1450 4520 1646 4589 negauit
1673 4535 1695 4585 ,'
1727 4530 1775 4575 et
1803 4516 2063 4590 Confessus

484 4617 580 4676 est,
609 4609 729 4680 quia
771 4625 872 4662 non
898 4624 1010 4661 sum
1036 4623 1126 4678 ego
1155 4604 1401 4663 Christus.
1443 4608 1509 4662 Et
1552 4609 1674 4665 vide
1719 4612 2063 4682 evangelista:

487 4701 818 4767 sapientiam.
851 4698 957 4753 Ter
983 4698 1211 4768 idipsum
1239 4698 1401 4766 dicit,
1433 4710 1493 4755 ut
1521 4710 1577 4756 et
1607 4702 1855 4771 Baptista:
1895 4706 2063 4758 virtu-

486 4800 594 4846 tem
618 4831 634 4855 ,
663 4799 717 4846 et
751 4791 1038 4859 nequitiam
1069 4790 1433 4860 insaniamque
1471 4792 1680 4847 illorum
1711 4796 2062 4853 demonstret.

484 4884 656 4940 Lucas
682 4899 808 4938 vero
829 4883 975 4949 dicit,
996 4883 1137 4953 quod
1163 4899 1283 4939 cum
1309 4885 1476 4939 turba:
1498 4887 1892 4956 suspicarentur
1917 4890 2063 4945 illum

485 4993 606 5033 esse
636 4975 903 5032 Christum
926 5015 945 5043 ,
976 4976 1090 5045 ipse
1139 4975 1275 5031 hanc
1327 4979 1589 5034 amoverit
1638 4980 1995 5049 suSpicionem
2020 4982 2065 5038 ⁸.

487 5069 599 5123 lloc
629 5067 763 5137 frugi
802 5067 943 5123 servi
981 5066 1217 5123 ofﬁcium
1260 5076 1379 5135 est,
1411 5084 1515 5125 non
1554 5070 1715 5126 modo
1746 5072 1954 5127 Domini
1983 5074 2067 5129 sui

483 5163 710 5231 gloriam
740 5178 845 5215 non
884 5161 1161 5230 abripere,
1191 5162 1284 5216 sed
1314 5163 1473 5217 etiam
1503 5163 1735 5219 oblatam
1763 5180 1792 5218 a
1824 5167 2065 5221 multitu-

484 5257 609 5309 dine
632 5253 925 5323 depellere.
958 5251 1152 5307 Verum
1184 5253 1350 5308 turba:
1375 5270 1439 5310 ex
1467 5255 1804 5326 simplicitate
1833 5268 1888 5313 et
1913 5259 2068 5329 igno-

487 5346 656 5399 rautia
684 5346 736 5400 in
769 5344 905 5400 hanc
947 5358 1142 5400 venere
1169 5346 1524 5416 suspicionem
1558 5366 1573 5402 ε
1607 5349 1659 5403 hi
1698 5360 1877 5406 autem
1904 5354 2069 5420 malo,

554 5480 575 5549 ξ
607 5481 682 5529 sic
701 5479 843 5531 Savil.
891 5488 944 5549 et
983 5486 1125 5541 Itss.;
1150 5480 1199 5528 in
1226 5477 1388 5549 plot-el.
1413 5489 1575 5549 autem
1598 5482 1670 5533 sic
1692 5481 1874 5549 legitur
1899 5499 1913 5534 :
1935 5485 2069 5537 Idem

492 5539 659 5609 videre
681 5552 750 5592 est
772 5545 910 5613 apud,
936 5539 1129 5613 (mam,
1267 5539 1455 5613 inducit
1472 5552 1720 5613 .Joannem
1743 5539 2070 5613 dicentemque

490 5601 573 5673 qui
596 5601 719 5652 inter
740 5601 1056 5673 se'agitubant
1076 5601 1122 5653 si
1143 5604 1264 5664 forte
1285 5610 1405 5655 esset
1428 5603 1660 5673 Christus,
1674 5625 1695 5652 α
1717 5607 1847 5657 Venit
1870 5608 1953 5673 qui
1973 5611 2072 5673 for-

494 5663 589 5712 tior
623 5673 807 5734 meest,
832 5663 864 5712 ί
884 5672 929 5718 et
966 5678 1052 5731 per
1072 5663 1261 5729 eaquae
1296 5666 1578 5730 respondet,
1603 5663 1728 5719 hunc
1749 5663 2070 5734 suspicionem

489 5733 797 5777 amantem.

1235 277 1291 335 S.
1330 273 1607 332 JOANNIS
1641 271 2110 331 CIIRYSOSTOMI
2148 271 2465 330 ARCHIEP.
2505 274 3034 333 CONSTANTINOP.

3660 281 3763 337 ιοι

2187 398 2245 442 ιιι
2271 388 2399 452 dixi,
2428 390 2606 445 animo
2635 392 3036 461 interrogabant
3068 408 3206 459 eum,
3238 402 3513 461 sperantes
3543 408 3600 449 se
3630 395 3762 449 adu-

2187 478 2383 535 latione
2429 482 2479 535 id
2527 483 2665 552 quod
2725 484 2975 553 optabant
3022 496 3443 555 consequuturos
3482 502 3623 541 esse.
3651 485 3760 541 Nisi

2183 573 2326 627 enim
2366 574 2467 627 hoc
2493 586 2830 645 sperassent,
2861 592 2966 631 non
3008 579 3185 632 statim
3213 578 3278 632 ad
3309 579 3464 634 aliam
3491 581 3758 634 venissent

2182 663 2679 735 interrogationem,
2712 667 2807 722 sed
2852 668 3105 739 indignati
3141 669 3282 739 quod
3323 669 3392 725 ad
3431 672 3758 740 propositum

2180 771 2287 810 non
2321 758 2718 827 respondisset,
2751 760 3007 815 dixissent
3037 778 3050 815 :
3078 761 3212 815 Num
3241 763 3340 817 hoc
3377 763 3626 832 suspicati
3667 777 3759 818 su-

2179 849 2333 904 mus?
2359 866 2483 903 num
2516 851 2618 906 hoc
2646 864 3009 921 percontatum
3038 855 3277 909 venimus
3299 855 3323 909 ?
3347 855 3449 911 Sed
3489 858 3638 926 quasi
3669 872 3762 912 ca-

2177 941 2253 1010 pti
2295 956 2359 997 ac
2399 942 2716 1012 deprehensi
2738 944 2804 999 ad
2830 945 2986 999 aliam
3012 946 3230 1000 veniunt
3255 946 3758 1021 interrogationem:

2175 1033 2266 1087 21.
2310 1033 2445 1100 Quid
2473 1037 2631 1106 ergo?
2662 1036 2803 1091 Elius
2829 1055 2880 1092 es
2909 1039 3003 1092 tu?
3030 1037 3097 1092 Et
3125 1039 3419 1107 respondit,
3451 1037 3571 1094 Non
3619 1058 3752 1095 sum.

2173 1123 2305 1178 Nam
2332 1133 2388 1179 et
2412 1126 2552 1180 lumc
2581 1137 2858 1181 venturum
2881 1143 3003 1184 esse
3030 1129 3333 1199 sperabant,
3359 1139 3485 1185 utet
3510 1129 3752 1186 Christus

2172 1215 2265 1269 ait.
2316 1215 2446 1271 Nam
2497 1218 2944 1288 interrogantibus
2987 1221 3303 1290 discipulis:
3339 1221 3604 1289 Quomodo
3633 1240 3751 1294 ergo

2170 1307 2348 1362 scriba:
2374 1309 2585 1377 dicunt,
2626 1312 2762 1382 quod
2801 1322 3027 1383 oporteat
3072 1312 3241 1367 Etiam
3288 1315 3504 1383 primum
3545 1316 3755 1371 venire?

2171 1398 2284 1466 ipse
2310 1400 2581 1469 respondit
2604 1419 2618 1455 :
2650 1401 2797 1456 Elius
2818 1405 3018 1471 quidem
3042 1407 3216 1469 ueniet,
3243 1416 3291 1459 et
3330 1408 3553 1460 restituet
3582 1411 3751 1462 omnia

2170 1490 2383 1558 (Matth.
2406 1492 2580 1549 17.10
2603 1490 2643 1563 ).
2665 1493 2863 1549 Deinde
2888 1495 3212 1566 interrogant
3244 1514 3256 1551 :
3295 1495 3547 1566 PrOphctn
3574 1516 3624 1551 es
3655 1501 3751 1552 tu.’

2168 1582 2235 1636 Et
2265 1585 2559 1653 respondit,
2590 1584 2730 1641 Non.
2762 1587 2827 1641 Et
2853 1598 3025 1644 tamen
3053 1588 3306 1660 propheta
3332 1598 3465 1645 erat.
3491 1589 3601 1646 Cur
3623 1607 3748 1659 ergo

2168 1674 2219 1728 id
2264 1676 2456 1747 negat?
2494 1676 2699 1734 Rursus
2739 1680 3171 1750 interrogantium
3227 1692 3457 1735 mentem
3508 1684 3742 1752 reSpicit.

2164 1765 2461 1835 Sperabam
2489 1768 2629 1822 enim
2653 1769 2963 1839 prophetam
2985 1772 3267 1841 quemdam
3288 1774 3537 1827 eximium
3561 1786 3746 1829 ventu-

2164 1874 2282 1912 rum
2309 1875 2447 1926 esse,
2470 1860 2610 1931 quod
2640 1861 2848 1933 Moyses
2866 1863 3118 1918 dixisset:
3146 1862 3450 1930 Prop/telam
3480 1867 3620 1920 vobis
3638 1885 3741 1922 sus-

2161 1950 2329 2005 citabit
2363 1951 2610 2008 Dominus
2654 1954 2788 2008 Deus
2829 1970 2892 2009 ea:
2935 1955 3172 2024 fratribus
3208 1957 3398 2021 vestris,
3433 1959 3560 2011 sicut
3618 1975 3697 2012 me
3721 1975 3742 2013 :

2161 2044 2328 2113 ipsum
2352 2047 2523 2100 audite
2551 2046 2726 2120 (Deut.
2759 2047 2843 2102 18.
2870 2044 2979 2120 15).
3013 2048 3109 2102 Hic
3131 2059 3307 2101 autem
3338 2059 3453 2103 erat
3476 2050 3738 2104 Christus.

2161 2132 2285 2189 Ideo
2313 2152 2416 2191 non
2446 2136 2647 2203 dicunt,
2666 2138 2925 2207 Propheta
2949 2154 3007 2194 es
3034 2139 3226 2209 tu?(a)
3254 2140 3339 2211 [ex
3370 2156 3589 2196 numero
3618 2158 3742 2210 pro-

2162 2226 2476 2295 phetarum;
2537 2229 2629 2285 sed
2669 2245 2788 2285 cum
2836 2231 3059 2285 articulo
3093 2254 3104 2285 :
3137 2232 3400 2301 Propheta
3429 2234 3517 2288 ille
3545 2250 3602 2289 cs
3641 2234 3740 2306 tu],

2159 2317 2246 2383 qui
2274 2332 2301 2369 a
2330 2317 2510 2389 Moyse
2542 2321 2927 2387 prmnnntiatns
2965 2332 3045 2375 est
3067 2322 3091 2375 ’ἔ
3117 2322 3317 2377 Idcirco
3362 2326 3570 2393 negavit
3612 2327 3698 2379 ille
3721 2369 3735 2387 ,

2161 2422 2265 2460 non
2314 2423 2373 2462 se
2416 2408 2726 2478 prophetam
2769 2426 2887 2465 esse
2913 2454 2925 2474 ,
2960 2413 3053 2468 sed
3103 2414 3252 2467 illum
3285 2415 3613 2483 prophetam.
3646 2416 3735 2469 22.

2158 2496 2411 2551 Dixerunt
2451 2516 2567 2569 ergo
2598 2502 2683 2554 ei:
2718 2502 2843 2567 Quis
2893 2504 2990 2556 es?
3031 2514 3087 2557 ut
3113 2522 3405 2574 responsum
3454 2506 3626 2562 demus
3673 2508 3737 2561 iis

2158 2590 2245 2658 qui
2274 2589 2521 2643 miserunt
2562 2608 2672 2643 nos.
2707 2590 2843 2658 Quid
2885 2593 3010 2647 dicis
3058 2595 3121 2647 de
3165 2595 3370 2665 teipso?
3400 2596 3583 2651 Viden‘
3623 2598 3739 2652 illos

2158 2682 2372 2751 quidem
2406 2684 2666 2738 instantes
2696 2694 2748 2739 et
2778 2685 3180 2757 interrogantes,
3201 2704 3372 2757 neque
3400 2688 3736 2754 desistentes;

2159 2771 2308 2828 illum
2338 2788 2467 2829 vero
2495 2774 2769 2831 moderate
2810 2776 2955 2845 prius
2995 2778 3215 2833 remotis
3253 2777 3400 2834 falsis
3426 2781 3741 2849 suspicioni-

2158 2862 2279 2929 bus,
2310 2881 2488 2919 veram
2515 2869 2832 2922 senlentiam
2854 2878 3195 2925 statuentem.
3222 2870 3353 2925 Nam
3377 2872 3450 2926 ait
3475 2888 3491 2926 :
3518 2870 3608 2927 23.
3632 2872 3740 2943 Ego

2158 2970 2257 3010 uox
2297 2955 2563 3012 clamantis
2611 2958 2663 3011 in
2710 2958 2940 3023 deserto;
2970 2971 3145 3029 parate
3182 2961 3313 3015 viam
3359 2960 3585 3029 Domini,
3613 2964 3741 3018 sicut

2160 3045 2290 3100 dixit
2314 3046 2477 3102 Isaias
2506 3050 2767 3120 propheta.
2788 3051 2920 3118 Quia
2948 3052 3088 3105 enim
3119 3069 3364 3124 magnum
3395 3065 3448 3109 et
3468 3056 3737 3112 excelsum

2159 3137 2427 3206 quidpiam
2456 3138 2522 3193 de
2544 3139 2756 3193 Christo
2785 3140 3031 3209 loquutus
3052 3151 3152 3209 est,
3186 3143 3393 3199 illorum
3418 3161 3476 3201 se
3503 3148 3737 3215 Opinioni

2158 3237 2539 3298 attemperans.
2564 3231 2629 3285 ad
2651 3232 2962 3300 prephetam
2992 3233 3168 3290 statim
3192 3235 3447 3308 confugit,
3479 3237 3602 3295 hinc
3622 3256 3741 3296 ver-

2160 3319 2243 3374 bis
2267 3321 2378 3375 suis
2410 3321 2565 3375 ﬁdem
2598 3324 2909 3380 concilians.
2942 3325 3029 3379 24.
3066 3325 3131 3380 Et
3154 3328 3239 3396 qui
3254 3328 3392 3382 missi
3417 3331 3635 3401 fuerant,
3663 3332 3741 3385 iu-

2160 3412 2294 3481 quit,
2327 3423 2468 3467 erant
2498 3429 2560 3469 ea:
2587 3412 2865 3471 Pharisteis
2890 3432 2910 3471 :
2936 3416 3025 3473 25.
3048 3426 3095 3471 et
3137 3419 3567 3491 interrogaverunt
3603 3440 3737 3482 einn.

2161 3513 2208 3556 et
2257 3504 2489 3558 dixerunt
2513 3505 2558 3558 ei
2587 3521 2606 3559 :
2636 3505 2773 3573 Quid
2801 3524 2917 3578 ergo
2945 3507 3202 3578 baptizas,
3230 3511 3275 3565 si
3303 3520 3356 3564 tu
3386 3530 3487 3567 non
3514 3532 3568 3568 es
3595 3512 3741 3568 Chri-

2160 3605 2302 3662 stus,
2331 3611 2499 3664 neque
2538 3594 2704 3659 Elius,
2731 3614 2888 3667 neque
2935 3599 3226 3669 prapheta.’
3263 3600 3451 3658 Videu’
3495 3620 3582 3659 me
3633 3620 3738 3659 non

2164 3696 2365 3742 temere
2392 3687 2614 3755 dixisse,
2648 3690 2792 3759 ipsos
2822 3708 2886 3745 eo
2917 3692 3165 3748 inducere
3189 3693 3334 3749 illum
3365 3696 3644 3752 voluisse?
3674 3699 3740 3752 Et

2164 3777 2315 3832 initio
2339 3779 2551 3849 quidem
2584 3780 2636 3834 id
2668 3797 2774 3835 non
2802 3782 3068 3849 dicebant,
3098 3800 3166 3840 ne
3189 3785 3257 3838 ab
3285 3788 3529 3842 omnibus
3557 3789 3739 3858 depre-

2166 3868 2544 3924 henderentur.
2573 3871 2773 3927 Deinde
2815 3874 2935 3942 quia
2986 3874 3150 3939 dixit,
3184 3875 3305 3931 Non
3349 3895 3462 3932 sum
3490 3878 3737 3946 Christus,

2163 3977 2373 4017 rursum
2425 3963 2587 4019 illiut
2627 3980 2688 4019 ea
2732 3982 2850 4034 qua:
2890 3968 3033 4022 intus
3061 3972 3498 4027 machinabantur
3526 3975 3743 4045 obtege-

2164 4065 2305 4124 rent,
2333 4057 2400 4111 ad
2444 4057 2615 4112 Eliam
2648 4059 2902 4124 veniunt,
2932 4070 2988 4115 et
3034 4062 3098 4115 ad
3151 4065 3486 4135 prophetam.
3519 4065 3587 4122 Ut
3617 4082 3741 4122 vero

2163 4146 2316 4214 dixit,
2348 4162 2406 4203 se
2433 4159 2677 4204 neutrum
2700 4167 2884 4205 eorum
2911 4168 3051 4216 esse,
3080 4153 3225 4210 dubii
3254 4156 3466 4212 demum
3497 4167 3549 4213 et
3573 4160 3738 4228 posita

2165 4239 2331 4309 larva,
2362 4250 2544 4311 aperte
2587 4242 2823 4297 dolosam
2853 4261 3002 4300 suam
3034 4258 3262 4303 mentem
3289 4250 3538 4322 detegunt
3563 4253 3741 4307 dicen-

2168 4343 2247 4387 tes
2281 4354 2294 4389 :
2322 4333 2457 4400 Quid
2482 4351 2598 4406 ergo
2625 4336 2867 4405 baptizas,
2901 4340 2944 4391 si
2965 4348 3019 4391 tu
3045 4357 3146 4393 non
3167 4357 3219 4394 cs
3243 4340 3515 4397 Christus?
3541 4344 3741 4399 Deinde

2165 4438 2374 4479 rursum
2400 4424 2627 4480 obscure
2655 4425 2949 4493 loquentes.
2969 4430 3101 4483 alios
3123 4431 3341 4496 addunt,
3364 4432 3529 4488 Eliam
3553 4449 3741 4504 nempe

2166 4525 2219 4569 et
2251 4514 2579 4585 prophetam.
2608 4516 2738 4582 Quia
2780 4519 2919 4570 enim
2957 4518 3257 4576 adulatione
3285 4523 3457 4591 ipsum
3487 4525 3739 4594 supplan-

2166 4614 2280 4662 tare
2308 4621 2412 4659 non
2440 4616 2722 4676 potuerant
2745 4649 2758 4671 ,
2791 4624 3071 4677 sperarunt
3117 4629 3176 4667 se
3219 4616 3557 4672 accusatione
3588 4633 3742 4687 posse

2167 4697 2315 4751 illum
2345 4712 2536 4767 cogere
2575 4699 2638 4754 ad
2676 4700 2726 4753 id
2770 4700 2837 4755 de
2878 4716 2936 4757 se
2978 4704 3361 4773 conliteudum,
3391 4709 3533 4778 quod
3559 4726 3741 4766 verum

2169 4801 2272 4840 non
2301 4798 2443 4842 esset
2471 4807 2483 4842 :
2511 4799 2565 4842 at
2603 4806 2706 4843 non
2743 4802 3049 4862 potuerunt.
3080 4797 3124 4849 υ
3166 4799 3450 4852 amentiam
3477 4800 3490 4854 l
3522 4815 3556 4855 ο
3597 4816 3746 4856 arro-

2166 4881 2401 4949 gantiam
2444 4890 2500 4935 et
2549 4882 2977 4953 intempestivam
3009 4889 3366 4944 curiositatem
3396 4893 3410 4945 ι
3440 4892 3583 4947 Missi
3615 4894 3745 4948 estis

2169 4981 2227 5025 ut
2274 4972 2555 5028 disceretis
2597 4973 2665 5029 ab
2693 4990 2779 5041 eo,
2814 4977 2932 5046 quis
2960 4987 3013 5032 et
3054 4979 3192 5034 unde
3219 4991 3362 5037 esset
3405 4982 3556 5052 ipse;
3589 5000 3745 5039 num-

2169 5064 2295 5133 quid
2341 5066 2484 5136 leges
2528 5066 2628 5135 ipsi
2676 5071 3071 5137 praascribetis?
3098 5074 3208 5129 lloc
3253 5077 3395 5131 enim
3442 5080 3744 5149 cogentium

2170 5166 2284 5209 erat
2305 5196 2321 5222 ,
2353 5166 2410 5210 ut
2437 5171 2497 5212 se
2537 5157 2806 5214 Christum
2838 5177 2956 5217 esse
2983 5164 3345 5223 conﬁteretur.
3374 5169 3618 5225 Attamen
3650 5187 3745 5225 ne-

2170 5262 2275 5315 que
2300 5265 2440 5304 nunc
2467 5250 2786 5319 indignatur,
2816 5268 2987 5323 neque
3015 5265 3069 5309 ut
3096 5272 3190 5325 par
3208 5272 3327 5314 esse
3354 5259 3630 5315 videbatur
3652 5262 3748 5316 ali~

2170 5336 2295 5407 quid
2321 5341 2519 5406 profert
2544 5340 2720 5396 simile
2749 5360 2763 5397 :
2793 5345 2873 5398 Att
2905 5359 2999 5399 vos
3043 5346 3167 5400 mihi
3198 5350 3480 5419 prmeipitis
3499 5392 3515 5417 ,
3550 5351 3747 5422 legem-

2171 5442 2276 5495 que
2329 5428 2599 5485 statuitis?
2665 5447 2848 5487 verum
2913 5437 3129 5490 multam
3179 5454 3389 5494 rursum
3437 5442 3751 5499 modesnam

2172 5518 2405 5575 exhibet.
2427 5520 2558 5575 Nam
2588 5523 2661 5578 ait
2706 5540 2722 5580 :
2765 5525 2855 5580 26.
2890 5524 3002 5596 Ego
3030 5529 3227 5595 quidem
3256 5530 3451 5601 baptizo
3479 5532 3532 5587 iu
3571 5552 3740 5602 aqua:

2237 5675 2309 5752 (tt)
2343 5680 2672 5752 Quiettneitiis
2691 5677 3005 5744 clauduntur,
3032 5684 3166 5746 lapsu
3189 5690 3531 5752 typograpnico
3561 5688 3754 5741 deside~

2183 5746 2348 5788 rantur
2373 5741 2419 5789 in
2440 5740 2601 5790 Morel.
