4094 6370
289 302 397 361 103

284 424 401 490 οὐκ
426 418 469 488 ἦ
498 419 698 491 μήτηρ
723 422 913 476 αὐτοῦ
935 423 1172 494 λέγεται
1199 425 1457 491 Μαριὰμ,
1491 416 1591 473 καὶ
1612 419 1666 470 οί
1695 410 1871 470 ἀδελ-

284 505 388 574 φοί
427 504 615 559 αὐτοῦ
659 505 933 573 Ἰάκωϐος
968 508 1063 560 καὶ
1098 507 1350 573 Ἰωσῆς;
1395 504 1506 558 Kal
1557 503 1590 571 ή
1639 497 1872 553 δοκοῦσα

284 587 344 640 δὲ
372 586 523 657 αὑτῷ
568 589 768 658 πατρὶς
816 584 955 643 εἶναι
1001 588 1253 641 τοσοῦτον
1284 585 1643 645 ἐπονείδιστος
1671 577 1761 652 ἦν,
1795 579 1871 643 ὼς

286 670 501 724 καὶτὸν
533 669 825 741 Ναθαναὴλ
865 672 1072 741 λέγειν⁵
1114 672 1216 726 Ἐκ
1250 669 1506 738 Ναζαρὲτ
1539 664 1793 721 δύναταί
1824 679 1880 714 τι

284 754 512 821 ἀγαθὸν
546 749 734 817 εἶναι;
767 755 876 808 Kal
913 757 945 827 ή
976 755 1153 808 δίαιτα
1178 754 1234 807 δὲ
1261 753 1433 824 κοινὴ,
1462 750 1557 805 καὶ
1584 750 1652 803 τὰ
1684 745 1877 817 ἱμάτια

285 836 345 888 δὲ
366 836 520 890 οὐδὲν
550 836 712 891 πλέον
730 837 837 890 τῶν
863 838 1072 891 πολλῶν
1102 838 1312 909 ἔχοντα.
1332 838 1406 889 Οὑ
1429 834 1537 905 γὰρ
1567 832 1877 901 περιέκειτο

285 918 464 990 ζώνην
490 920 840 992 δερματίνην,
870 922 990 975 οὑδέ
1024 922 1131 975 ἀπὸ
1155 921 1357 993 τριχῶν
1384 919 1445 972 16
1474 918 1679 986 ἔνδυμα
1708 909 1873 982 εἶχεν,

286 1004 409 1056 οὑδὲ
436 1004 556 1075 μέλι
576 1004 671 1057 καὶ
689 1005 917 1077 ἀκρίδας
936 1005 1124 1077 ήσθιεν
1140 1022 1155 1038 ο
1180 1005 1314 1058 ἀλλά
1336 1005 1503 1058 πᾶσιν
1534 999 1645 1073 [91]
1671 996 1875 1068 ὁμοίως

285 1088 526 1159 διῃτᾶτο,
554 1087 650 1140 καὶ
675 1087 998 1158 συμποσίοις
1023 1087 1348 1161 παρεγίνετο
1380 1084 1631 1156 πονηρῶν
1665 1079 1875 1151 ἀνθρώ·

286 1187 426 1231 πων,
454 1172 548 1225 καὶ
568 1170 834 1230 τελωνῶν,
857 1169 997 1224 ὥστε
1025 1172 1223 1234 αὐτοὺς
1245 1165 1790 1233 ἑπισπᾶσθαι.⁸⁹οπερ
1810 1162 1871 1216 ού

287 1254 561 1318 συνιέντες
590 1257 638 1307 οί
681 1256 944 1319 Ἰουδαῖοι,
970 1254 1064 1308 καὶ
1086 1254 1175 1308 διά
1203 1252 1377 1307 ταῦτα
1396 1251 1545 1322 αὑτῷ
1571 1249 1871 1313 ὠνείδιζον,

284 1336 468 1402 καθὼς
495 1338 589 1390 καὶ
616 1337 776 1401 αὑτός
804 1354 970 1407 φησιν
990 1354 1006 1371 ·
1036 1333 1255 1392 Ἦλθεν
1292 1338 1324 1389 ό
1354 1335 1490 1400 Υἱὸς
1516 1333 1620 1387 τοῦ
1649 1330 1872 1400 ἀνθρώ-

284 1435 405 1474 που
442 1420 664 1474 ἐσθίων
696 1421 791 1473 καὶ
825 1422 1035 1485 πίνων,
1082 1418 1182 1472 καί
1226 1417 1548 1488 λέγουσιν’
1588 1414 1735 1470 Ἰδοὺ
1769 1414 1874 1467 ἇν-

285 1506 518 1569 θρωπος
547 1502 737 1572 φάγος
766 1503 863 1555 καί
896 1504 1233 1569 οἰνοπότης,
1260 1499 1535 1555 τελωνῶν
1560 1500 1738 1568 φίλος
1770 1497 1871 1551 καί

283 1586 665 1656 ἁμαρτωλῶν.
684 1586 834 1639 Ἐπεὶ
861 1582 952 1639 οὖν
995 1584 1235 1655 συνεχῶς
1281 1586 1311 1638 6
1348 1584 1599 1653 Ἰωάννης
1629 1584 1721 1651 ἀφ’
1748 1583 1868 1635 ἐαυ-

282 1668 377 1721 τοῦ
402 1669 535 1740 πρὸς
557 1671 763 1722 ἐκεῖνον
786 1668 980 1731 αὐτοὺς
995 1669 1325 1738 παρέπεμπε
1347 1667 1439 1720 τὸν
1460 1664 1718 1719 δοκοῦντα
1740 1664 1871 1733 παρ’

282 1754 470 1817 αὑτοῖς
492 1753 866 1823 εὐτελέστερον
888 1749 1051 1817 εἶναι,
1075 1752 1451 1822 αἰσχυνόμενοι
1478 1750 1571 1804 καὶ
1594 1750 1752 1818 δυσχε
1763 1748 1872 1819 ραί-

280 1855 487 1901 νοντες,
520 1839 615 1891 καὶ¹
644 1837 954 1908 βουλόμενοι
982 1835 1171 1889 τοῦτον
1205 1835 1402 1905 μᾶλλον
1438 1834 1581 1905 ἔχειν
1613 1832 1869 1886 διδάσκα-

280 1921 395 1982 λον,
422 1921 671 1990 φανερῶς
707 1922 807 1991 μὲν
832 1921 991 1974 τοῦτο
1033 1921 1135 1973 οὑκ
1163 1918 1467 1989 ἐτόλμησαν
1494 1919 1689 1980 εἰπεῖν,
1725 1916 1870 1984 πέμ-

282 2021 444 2057 πουσι
469 2004 526 2056 δὲ
557 2003 691 2073 πρὸς
720 2004 881 2056 αὐτὸν
908 2002 1309 2075 προσδοκῶντες
1335 2001 1422 2054 διὰ
1453 2001 1553 2070 τῆς
1583 1999 1870 2062 κολακείας

280 2088 446 2141 αὑτὸν
492 2086 898 2141 ἐπισπάσασθαι
928 2089 1008 2150 είς
1035 2087 1096 2140 τὸ
1138 2087 1327 2139 ἑαυτὸν
1364 2084 1695 2155 ὁμολογῆσαι
1734 2084 1869 2152 Χρι-

282 2172 427 2225 στόν.
457 2172 535 2225 Οὐ
575 2172 753 2226 τοίνυν
801 2172 952 2235 τινὰς
996 2171 1508 2240 εὐκαταφρονήτους
1558 2168 1868 2236 πέμπουσιν

279 2255 355 2319 ὡς
388 2258 481 2308 ἐπὶ
503 2255 597 2310 τοῦ
629 2257 865 2327 Χριστοῦ
889 2275 903 2290 ο
932 2257 1134 2308 ἐκεῖνον
1165 2255 1261 2324 μὲν
1290 2254 1399 2325 γὰρ
1430 2251 1742 2321 βουλόμενοι
1768 2267 1871 2302 κα-

278 2342 498 2409 τασχεῖν
524 2380 539 2403 ,
608 2340 888 2411 ὑπηρέτας
945 2338 1272 2393 ἀπέστειλαν
1300 2379 1314 2404 ,
1368 2338 1462 2391 καὶ
1506 2335 1869 2408 Ἡρωδιανοὺς

280 2424 444 2476 πάλιν
490 2423 586 2477 καὶ
631 2424 905 2487 τοιούτους
954 2424 1137 2487 τινάς·
1177 2422 1415 2475 ἐνταῦθα
1456 2421 1514 2475 δὲ
1562 2422 1746 2490 ἱερεῖς,
1773 2417 1871 2471 καὶ

280 2507 546 2565 Λευῖτας¹
583 2508 678 2561 καὶ
707 2510 805 2579 οὑχ
841 2507 1026 2572 ἁπλῶς
1072 2508 1256 2579 ἱερεῖς,
1289 2504 1426 2559 ἀλλά
1448 2506 1574 2568 τοὺς
1605 2504 1663 2569 ἐξ
1699 2504 1866 2574 Ἱερο-

282 2592 571 2661 σολύμων,
618 2592 899 2654 τουτέστι,
948 2594 1074 2646 τοὺς
1124 2589 1502 2662 ἐντιμοτέρους
1553 2587 1715 2658 (οὑδὲ
1758 2587 1868 2656 γὰρ

278 2674 466 2739 ἁπλῶς
519 2674 690 2745 ταῦτα
741 2677 1128 2747 ἐπεσημήνατο
1175 2678 1204 2728 6
1249 2672 1725 2743 Εὑαγγελιστής)·
1772 2671 1869 2724 καὶ

279 2761 613 2830 πέμπουσιν,
641 2759 729 2813 ῖνα
776 2761 1111 2832 ἐρωτήσωσι,
1142 2758 1227 2813 Σὺ
1264 2759 1357 2823 τίς
1399 2754 1489 2819 al;
1520 2756 1631 2809 Kal
1684 2753 1790 2825 μὴν
1829 2756 1863 2826 ή

278 2843 533 2911 γέννησις
580 2840 745 2896 αὑτοῦ
786 2844 935 2896 πᾶσα
985 2842 1286 2911 κατάδηλος
1328 2837 1420 2912 ἦν,
1454 2838 1528 2902 ὼς
1560 2839 1655 2891 καὶ
1688 2837 1868 2905 λέγειν

279 2925 558 2989 ἅπαντας·
601 2926 662 2980 Τί
693 2925 808 2993 ἄρα
851 2925 916 2978 τὸ
956 2924 1197 2978 παιδίον
1228 2922 1406 2977 τοῦτο
1438 2922 1640 2985 ἕσται;
1667 2921 1761 2973 καὶ
1788 2922 1869 2982 είς

280 3009 407 3080 ὅλην
433 3009 535 3081 τὴν
561 3009 778 3081 ὀρεινὴν
803 3010 832 3062 6
861 3010 1016 3077 λόγος
1047 3008 1270 3079 ἐξῆλθεν
1291 3000 1465 3070 οὗτος.
1489 3008 1598 3059 Kal
1623 3008 1711 3059 ὅτε
1732 3022 1870 3074 παρ-

278 3092 496 3160 εγένετο
516 3093 679 3146 πάλιν
710 3094 802 3146 ἐπὶ
828 3093 919 3146 τὸν
957 3092 1246 3163 Ἰορδάνην,
1275 3093 1446 3144 πᾶσαι
1475 3092 1529 3142 αἱ
1561 3090 1739 3152 πόλεις
1771 3090 1869 3141 ἀν-

277 3174 697 3247 επτερώθησαν,
729 3177 823 3229 καὶ
847 3176 906 3240 ἐξ
939 3174 1329 3246 Ἰεροσολύμων
1354 3175 1448 3226 καὶ
1475 3174 1540 3225 ἐκ
1565 3172 1748 3240 πάσης
1770 3171 1868 3240 τῆς

289 3259 555 3322 Ἰουδαίας
586 3258 910 3330 ἐπορεύοντο
944 3257 1308 3328 βαπτισθῆναι
1337 3257 1473 3327 πρὸς
1498 3256 1679 3310 αὑτόν.
1708 3250 1868 3309 Οὗτοι

276 3342 569 3414 τοιγαροῦν
622 3342 866 3413 ἐρωτῶσι
917 3341 1031 3400 νῦν,
1075 3341 1172 3410 οὑχ
1222 3339 1298 3402 ὼς
1346 3338 1664 3407 ἀγνοοῦντες
1711 3337 1869 3408 (πῶς

276 3426 409 3496 γὰρ,
436 3426 527 3478 τὸν
549 3424 823 3489 τοσούτοις
853 3425 1073 3495 τρόποις
1110 3422 1405 3493 γενόμενον
1447 3422 1635 3491 δῆλον;
1658 3427 1699 3492 ),
1730 3421 1870 3476 ἁλλά

280 3507 599 3579 βουλόμενοι
638 3509 718 3571 είς
743 3508 920 3572 τοῦτο,
951 3509 1087 3578 ὅπερ
1126 3502 1298 3569 εἷπον,
1331 3505 1492 3557 αὑτὸν
1524 3508 1828 3574 ἐναγαγεῖν.

354 3591 698 3662 β¹.’Δκουσον
718 3590 848 3661 γοῦν
867 3592 982 3652 πῶς
1001 3591 1094 3643 καὶ
1114 3592 1141 3644 6
1160 3588 1430 3661 μακάριος
1445 3580 1598 3652 οὗτος
1616 3589 1752 3659 πρὸς
1770 3587 1869 3659 τὴν

274 3675 518 3729 διάνοιαν
550 3674 669 3745 μεθ’
695 3671 763 3747 ἦς
800 3674 1046 3744 ἠρώτων,
1074 3675 1135 3727 οὑ
1178 3673 1315 3744 πρὸς
1346 3673 1448 3744 τὴν
1474 3671 1742 3743 ἐρώτησιν
1771 3673 1870 3726 αὑ-

275 3760 378 3829 τὴν
400 3759 756 3829 ἀπεκρίνατο.
782 3758 1054 3810 Εἱπόντων
1088 3756 1217 3828 γάρ,
1241 3756 1324 3809 Σὺ
1353 3757 1445 3822 τίς
1475 3752 1564 3818 sl;
1592 3758 1691 3809 οὑκ
1717 3754 1869 3810 εἶπεν

274 3842 483 3905 εὐθέως
505 3843 646 3911 ὅπερ
671 3841 731 3905 ἐξ
752 3840 965 3902 εὐθείας
989 3836 1057 3911 ἦν
1087 3842 1261 3892 εἰπεῖν
1279 3856 1292 3869 ·
1325 3838 1468 3906 Ἐγὼ
1489 3838 1655 3908 φωνή
1674 3839 1870 3903 ,βοῶν-

274 3942 382 3992 τος
409 3927 482 3979 ἐν
509 3924 588 3993 τῇ
620 3924 820 3993 ἐρήμῳ
840 3941 853 3954 ·
882 3924 1018 3978 ἀλλά
1054 3924 1136 3991 τίς
1176 3925 1353 3995 Ὅπερ
1380 3922 1703 3977 ὑπώπτευον
1721 3924 1867 3976 ἐκεῖ-

273 4028 380 4071 νοι,
426 4009 587 4063 τοῦτο
616 4009 849 4063 ἀνεῖλεν.
887 4008 1214 4080 Ἐρωτηθεὶς
1262 4008 1393 4078 γὰρ,
1437 4008 1591 4079 φησὶ,
1643 4008 1739 4073 Τίς
1779 4002 1870 4070 εἷς

273 4095 649 4162 ὡμολόγησε,
686 4093 782 4146 καὶ
813 4094 923 4145 οὐκ
952 4090 1294 4160 ἠρνήσατοο
1325 4091 1423 4145 καί
1455 4092 1867 4160 ὡμολόγησεν,

271 4178 370 4232 ὅτι
410 4177 560 4245 Ἐγὼ
584 4178 695 4231 οὐκ
724 4176 842 4245 εἰμὶ
883 4179 915 4229 ό
939 4176 1213 4243 Χριστός.
1250 4176 1362 4229 Kal
1404 4176 1505 4246 ὅρα
1538 4175 1733 4243 σοφίαν
1777 4175 1872 4227 εὑ-

271 4258 622 4328 αγγελιστοῦ.
648 4259 841 4331 Τρίτον
866 4257 927 4311 16
952 4258 1083 4312 αὑτὸ
1111 4258 1282 4325 λέγει,
1309 4258 1403 4312 καὶ
1422 4259 1522 4328 τὴν
1549 4256 1751 4329 ἀρετὴν
1772 4257 1870 4311 τοῦ

272 4342 587 4397 Βαπτιστοῦ
629 4342 823 4413 δηλῶν,
858 4342 952 4394 καὶ
992 4341 1093 4410 τὴν
1125 4341 1393 4412 πονηρίαν
1428 4341 1523 4394 καὶ
1556 4340 1652 4411 τὴν
1681 4340 1868 4395 ἄνοιαν

270 4428 377 4497 τὴν
406 4426 651 4479 ἐκείνων.
683 4426 790 4479 Kal
816 4426 845 4477 6
874 4427 1087 4487 Λουκᾶς
1122 4425 1180 4478 δέ
1220 4443 1407 4496 φησιν,
1440 4426 1523 4478 ὅτι
1551 4425 1659 4477 τῶν
1695 4424 1869 4496 ὄχλων

274 4510 690 4564 ὑποπτευόντων
720 4510 882 4563 αὑτὸν
912 4507 1046 4561 εἶναι
1070 4509 1161 4562 τὸν
1188 4509 1443 4581 Χριστὸν,
1467 4508 1629 4561 πάλιν
1654 4510 1871 4580 ἀναιρεῖ

273 4596 377 4664 τὴν
409 4594 665 4647 ὑπόνοιαν
681 4606 727 4647 α.
756 4592 926 4646 Τοῦτο
954 4593 1168 4647 οἰκέτου
1200 4592 1562 4663 εὐγνώμονος,
1601 4593 1675 4663 μὴ
1708 4593 1867 4663 μόνον

278 4681 356 4750 μὴ
388 4679 657 4749 ἁρπάζειν
701 4676 857 4744 δόξαν
889 4677 1237 4748 δεσποτικὴν,
1273 4678 1409 4731 ἀλλά
1453 4677 1546 4730 καὶ
1587 4677 1868 4748 διακρούε-

278 4764 404 4817 σθαι
432 4763 719 4833 διδομένην
753 4762 904 4833 παρά
937 4762 1046 4815 τῶν
1081 4763 1312 4817 πολλῶν.
1332 4763 1473 4815 Ἀλλ’
1502 4763 1551 4816 οἱ
1581 4763 1679 4834 μὲν
1718 4762 1866 4832 ὄχλοι

274 4849 338 4912 ἐξ
366 4846 626 4915 ἀφελείας
664 4845 759 4899 καὶ
782 4847 1007 4912 ἀγνοίας
1032 4848 1126 4900 ἐπὶ
1154 4846 1359 4916 ταύτην
1382 4843 1546 4918 ἦλθον
1590 4847 1689 4916 τὴν
1729 4848 1864 4899 ὑπο-

272 4930 431 5000 ψίανσ
480 4922 629 4983 οὗτοι
661 4930 718 4983 δὲ
746 4930 854 4984 ἀπὸ
899 4932 1144 5001 πονηρᾶς
1180 4930 1428 5000 γνώμης,
1470 4930 1563 4983 καὶ
1593 4924 1662 4997 ἦς
1693 4924 1863 4993 εἷπον,

272 5014 500 5085 ἠρώτων
549 5014 731 5075 αὑτὸν,
784 5014 1213 5085 προσδοκῶντες,
1245 5014 1383 5083 ὅπερ
1427 5013 1582 5083 ἔφην,
1611 5014 1719 5066 ἀπὸ
1766 5013 1866 5081 τῆς

273 5099 565 5163 κολακείας
589 5098 751 5152 αὑτὸν
779 5098 1119 5151 ἐπισπᾶσθαι
1151 5100 1231 5161 είς
1257 5100 1395 5169 ὅπερ
1426 5098 1776 5163 ἐσπούδαζον.
1803 5098 1864 5150 Εἰ

271 5183 381 5253 γὰρ
413 5183 491 5255 μὴ
515 5182 676 5237 τοῦτο
704 5182 1067 5253 προσεδόκων,
1098 5182 1199 5235 οὑκ
1224 5181 1290 5234 ἂν
1326 5182 1530 5245 εὐθέως
1557 5182 1642 5249 ἐφ’
1671 5180 1865 5251 ἐτέραν

270 5262 437 5336 ἦλθον
483 5266 776 5337 ἐρώτησιν,
806 5260 920 5319 ἀλλ’
959 5265 1349 5334 ἠγανάκτησαν
1384 5263 1451 5317 ἂν
1489 5264 1563 5328 ὡς
1591 5265 1866 5335 ἀπᾴδοντα

271 5350 737 5422 ἀποκριναμένου,
772 5351 865 5403 καὶ
908 5350 968 5402 οὑ
1013 5350 1151 5420 πρὸς
1182 5350 1281 5421 τὴν
1310 5350 1526 5411 πεῦσιν,
1570 5352 1662 5403 xal
1712 5343 1865 5401 εἷπον

271 5437 363 5489 ἀν·
394 5434 488 5502 Μὴ
514 5434 624 5503 γὰρ
650 5432 808 5486 τοῦτο
829 5433 1296 5505 ὑπωπτεύσαμεν;
1336 5432 1409 5503 μὴ
1442 5434 1549 5504 γὰρ
1579 5432 1735 5485 τοῦτο
1760 5450 1865 5485 πα-

276 5518 652 5588 ραγεγόναμεν
696 5517 1060 5589 ἐρησόμενοι;
1105 5518 1244 5571 Ἀλλ’
1278 5517 1356 5580 ώς
1391 5517 1610 5579 ἁλόντες
1648 5517 1742 5569 καὶ
1773 5532 1871 5570 κα-

330 5717 357 5745 “
393 5716 476 5765 Sic
496 5717 650 5768 SaViL
679 5727 733 5769 et
755 5733 872 5768 ωδε.
907 5719 1079 5771 Morel.
1121 5721 1328 5770 ἐκείνων.
1371 5722 1439 5769 T6
1476 5720 1593 5768 αὐτὸ
1629 5722 1709 5768 καὶ
1734 5721 1861 5782 παρὰ

272 5781 362 5845 τῶξ
384 5783 571 5845 Δουκᾷᾼ
591 5784 720 5830 ἐστιν
762 5783 876 5830 ἰδεῖν
933 5784 1013 5845 τρν
1080 5783 1299 5840 Ἰωάννην
1345 5786 1541 5844 λέγοντα
1584 5784 1699 5845 πρὸς
1754 5783 1861 5837 τοὺς

273 5842 683 5917 διαλογιζομένους
699 5846 807 5917 περὶ
831 5843 979 5892 αὐτοῦ
1003 5847 1204 5917 μήπρτε,
1214 5846 1354 5917 αὑτὸς
1378 5842 1450 5917 εἴη
1475 5848 1502 5893 ὁ
1527 5842 1769 5917 Χριστὸς.-
1789 5846 1861 5891 ὅτι

278 5902 498 5971 ἰ’ἑξλετᾳι
520 5902 829 5971 ἶσχνρότεέός
849 5922 957 5971 μου’
985 5902 1065 5955 καὶ
1093 5909 1150 5956 δι’
1176 5908 1241 5957 ὧν
1257 5907 1559 5964 ἀποκρίνεται
1575 5902 1861 5968 ’ἀναιροῦντα

276 5965 409 6011 πάλιν
432 5966 516 6023 τὴν
554 5965 775 6025 τοιαύτην
813 5965 1054 6018 ὑπόνοιαν.

1166 340 1169 343 ν
1270 304 1337 362 IN
1375 287 1978 360 JOANNEM'HomL.
2016 290 2157 348 xw.
2195 293 2269 349 al.
2316 291 2435 351 xv.

3443 286 3550 343 104

1976 412 2219 482 τάφωροι
2243 414 2545 481 γενόμενοι,
2584 410 2669 479 ἐφ’
2694 409 2882 481 ἕτερον
2900 406 3172 480 ἔρχονται,
3204 403 3299 458 καὶ
3315 402 3554 471 λέγουσι’

1984 499 2045 552 Τί
2082 494 2230 563 οὗν;
2260 499 2372 571 [9‘2]
2415 499 2612 565 Ἠλίας
2632 494 2692 551 εἴ
2717 498 2840 559 σύ;
2876 495 2985 550 Kal
3028 492 3189 563 λέγει
3212 508 3225 521 ⁸
3263 494 3383 545 Οὐκ
3415 490 3557 559 εἰμί.

1980 586 2089 637 Kal
2133 586 2243 655 γὰρ
2282 586 2374 637 καὶ
2404 583 2593 637 τοῦτον
2630 581 2975 654 προσεδόκων
2999 578 3171 649 ἥξειν,
3201 576 3384 640 καθὼς
3413 577 3508 628 καὶ
3529 577 3560 628 6

1978 671 2209 741 Χριστός
2233 689 2415 741 φησιν.
2446 671 2749 740 Ἐρομένων
2770 670 2795 710 b
2826 669 2936 739 γὰρ
2962 669 3069 721 τῶν
3103 665 3361 738 μαθητῶν
3379 681 3391 693 '
3428 665 3559 729 Πῶς

1974 754 2087 814 οὖν
2133 761 2187 813 οἱ
2237 758 2597 828 γραμματεῖς
2643 758 2953 824 λέγουσιν,
2988 755 3076 809 ὅτι
3113 755 3317 809 Ἠλίαν
3340 752 3435 806 δεῖ
3456 752 3557 807 ἐλ-

1974 847 2102 903 θεῖν
2144 843 2413 915 πρῶτον;
2455 846 2614 908 αὑτὸς
2665 845 2880 913 ἔλεγεν*
2921 844 3126 909 Ἠλίας
3149 843 3267 912 μὲν
3301 841 3558 909 ἔρχεται,

1974 936 2073 989 καὶ
2122 934 2617 1000 ἀποκαταστήσει
2648 933 2880 989 πάντα.
2929 930 3062 988 Εἶτα
3119 930 3430 1001 ἐρωτῶσινο
3494 929 3558 981 '0

1972 1024 2286 1092 προφήτης
2317 1018 2376 1076 εἷ
2397 1026 2509 1086 σύ;
2534 1022 2641 1075 Καὶ
2668 1021 2978 1089 ἀπεκρίθη,
3012 1019 3114 1072 Οὔ.
3146 1018 3256 1070 Kal
3288 1018 3394 1089 μὴν
3422 1032 3558 1086 προ-

1974 1112 2150 1182 φήτης
2185 1107 2273 1183 ἦν.
2315 1111 2470 1174 Τίνος
2512 1106 2605 1164 οὖν
2653 1111 2837 1162 ἕνεκεν
2885 1108 3160 1179 ἀρνεῖται;
3209 1105 3375 1159 Πάλιν
3423 1104 3560 1174 πρὸς

1970 1200 2070 1270 τὴν
2116 1199 2355 1254 διάνοιαν
2401 1197 2613 1268 βλέπων
2662 1196 2773 1249 τῶν
2822 1193 3170 1267 ἐρωτώντων.
3204 1192 3558 1264 Προσεδόκων

1972 1288 2081 1358 γάρ
2131 1303 2252 1341 τινα
2299 1287 2588 1358 προφήτην
2631 1284 2913 1357 ἐξαίρετον
2958 1283 3129 1355 ἥξειν,
3162 1281 3250 1336 διά
3286 1281 3349 1333 16
3377 1281 3559 1350 λέγειν

1972 1375 2241 1429 Μωῦσέαο
2300 1374 2623 1444 Προφήτην
2668 1373 2812 1443 ὑμῖν
2867 1371 3202 1437 ἀναστήσει
3259 1370 3472 1437 Κύριος
3524 1371 3559 1423 ὁ

1973 1462 2119 1527 Θεὸς
2142 1463 2211 1517 ἐκ
2240 1463 2361 1517 τῶν
2386 1462 2665 1532 ἀδελφῶν
2689 1460 2876 1531 ὑμῶν,
2900 1461 2980 1527 ὠς
3006 1459 3109 1528 ἐμέ
3128 1476 3140 1489 ·
3172 1457 3356 1512 αὐτοῦ
3378 1457 3558 1511 ἀκού-

1968 1556 2175 1608 σεσθε.
2219 1546 2388 1617 Οὗτος
2422 1552 2479 1607 δὲ
2505 1548 2572 1624 ἦν
2606 1553 2635 1605 6
2662 1550 2914 1622 Χριστός.
2945 1548 3043 1602 Διά
3066 1566 3149 1602 τοι
3180 1548 3338 1601 τοῦτο
3373 1548 3432 1599 οὑ
3468 1547 3558 1599 λέ-

1970 1656 2147 1708 γουσι,
2184 1641 2478 1712 Προφήτης
2511 1635 2562 1692 εἴ
2597 1638 2695 1703 σύ;
2727 1638 2823 1691 Eva
2861 1637 2969 1691 τῶν
3002 1634 3211 1688 πολλῶν
3249 1634 3557 1705 αἰνιττόμε-

1970 1745 2051 1780 νοι
2075 1744 2087 1757 °
2109 1727 2247 1781 ἀλλά
2272 1728 2411 1798 μετὰ
2432 1726 2524 1780 τοῦ
2549 1726 2772 1797 ἄρθρου,
2792 1726 2843 1777 Ὁ
2862 1723 3172 1793 προφήτης
3200 1718 3258 1775 εἷ
3275 1723 3388 1787 σύ;
3416 1724 3558 1774 ἐκεῖ·

1969 1834 2077 1881 νος,
2115 1818 2278 1886 φησὶν
2301 1829 2347 1883 ο,
2376 1818 2405 1871 6
2428 1817 2581 1888 παρά
2606 1816 2883 1878 Μωῦσέως
2906 1811 3428 1884 προανακηρυχθείς.
3458 1811 3560 1865 Διά

1967 1905 2031 1975 δὴ
2058 1904 2217 1959 τοῦτο
2258 1906 2352 1959 καὶ
2384 1898 2538 1968 οὗτος
2565 1906 2859 1975 ἠρνήσατο,
2889 1903 2949 1954 οὑ
2984 1902 3046 1954 16
3084 1902 3370 1971 προφήτης
3393 1896 3554 1965 εἶναι,

1969 1992 2104 2046 ἀλλά
2126 1993 2209 2056 16,
2230 1994 2436 2056 ἐκεῖνος
2467 1992 2495 2043 6
2530 1993 2835 2063 προφήτης.
2868 1987 3059 2044 Εἶπον
3085 1986 3198 2044 οὖν
3232 1987 3419 2053 αὐτῷ·
3462 1989 3560 2053 Τίς·

1968 2075 2057 2143 εῖ;
2092 2081 2195 2135 ἵνα
2248 2080 2573 2147 ἀπόκρισιν
2605 2078 2798 2149 δῶμεν
2845 2080 2967 2145 τοῖς
3013 2079 3331 2147 πέμψασιν
3374 2075 3553 2146 ἡμᾶς.

1974 2170 2034 2223 Τί
2065 2169 2264 2238 λέγεις
2289 2169 2422 2238 περὶ
2449 2169 2742 2231 σεαυτοῦ;
2783 2169 2946 2239 Ὁρᾷς
2987 2169 3112 2230 τοὺς
3144 2166 3243 2237 μὲν
3271 2164 3556 2235 σφοδρότεευ

1971 2272 2063 2326 ρον
2110 2255 2492 2326 ἐπικειμένους
2536 2257 2630 2309 καὶ
2674 2253 3035 2323 ἐπείγονταςά
3100 2254 3195 2306 καὶ
3239 2252 3558 2325 ἐρωτῶντας

1968 2342 2152 2406 πάλιν,
2179 2344 2275 2397 καὶ
2302 2344 2403 2407 οὑκ
2438 2344 2841 2414 ἀφισταμένους
2859 2360 2871 2373 ·
2899 2344 2991 2397 τὸν
3023 2343 3077 2397 δὲ
3114 2344 3231 2413 μετ’
3256 2342 3558 2405 ἐπιεικείας

1968 2431 2234 2502 πρότερον
2256 2431 2355 2495 τὰς
2376 2432 2476 2486 οὐκ
2497 2431 2659 2496 οῦσας
2683 2431 2939 2495 ὑπονοίας
2959 2430 3307 2502 ἀναιροῦντα,
3324 2430 3418 2483 καὶ
3431 2429 3555 2482 τότε

1966 2520 2063 2590 τὴν
2095 2518 2259 2574 οὖσαν
2284 2522 2532 2581 τιθέντας
2573 2522 2723 2591 Ἐγὼ
2749 2522 2879 2592 γὰρ,
2910 2521 3064 2592 φησὶ,
3094 2520 3263 2590 φωνὴ
3284 2519 3559 2584 βοῶντος

1965 2608 2035 2660 ἐν
2062 2606 2137 2677 τῇ
2168 2608 2364 2677 ἐρήμῳ
2385 2626 2398 2639 ·
2428 2612 2737 2663 Εὐθύνατε
2768 2609 2883 2676 τὴν
2909 2608 3055 2662 ὁδὸν
3087 2611 3332 2677 Κυρίου,
3361 2607 3558 2673 καθὼς

1966 2692 2137 2751 εἶπεν
2174 2698 2423 2764 Ἡσαΐας
2479 2701 2511 2752 ό
2559 2698 2890 2769 προφήτης.
2910 2697 3128 2769 Ἐπειδὴ
3157 2698 3266 2770 γὰρ
3311 2698 3454 2769 μέγα
3502 2716 3557 2751 τι

1968 2786 2063 2839 καὶ
2089 2784 2289 2855 ὑψηλὸν
2312 2785 2610 2852 ἐφθέγξατο
2641 2804 2706 2839 πε
2717 2788 2769 2857 pl
2798 2787 2890 2840 τοῦ
2913 2786 3172 2857 Χριστοῦ,
3193 2786 3268 2851 ὡς
3300 2786 3435 2859 πρὸς
3459 2787 3558 2858 τὴν

1968 2872 2191 2925 ἐκείνων
2222 2873 2495 2937 ὑπόνοιαν,
2530 2874 2621 2926 ἐπὶ
2651 2874 2742 2927 τὸν
2771 2875 3064 2947 Προφήτην
3095 2874 3297 2939 εὐθέως
3322 2873 3558 2939 κατέφυ-

1968 2976 2085 3029 γεν,
2119 2959 2431 3028 ἀξιόπιστον
2471 2962 2565 3014 καὶ
2608 2961 2857 3017 ἐντεῦθεν
2906 2962 2996 3015 τδν
3038 2962 3197 3031 λόγον
3231 2962 3419 3017 ποιῶν.
3447 2961 3556 3016 Καὶ

1969 3052 2023 3103 οἱ
2069 3050 2512 3119 ἀπεσταλμένοι
2558 3045 2722 3120 ἦσαν
2749 3052 2816 3105 ἐκ
2844 3051 2961 3105 τῶν
2986 3053 3345 3119 Φαρισαίων,
3386 3051 3557 3121 φησί·

1973 3138 2072 3191 καὶ
2113 3137 2509 3206 ἐπηρώτησαν
2538 3137 2747 3203 αὐτὸν,
2780 3140 2879 3194 καὶ
2911 3136 3085 3194 εἷπον
3125 3138 3317 3205 αὐτῷ·
3354 3140 3415 3194 Τί
3446 3135 3561 3193 οὖν

1963 3224 2290 3291 βαπτίζεις,
2316 3228 2367 3279 εί
2400 3225 2482 3280 σὺ
2526 3228 2638 3281 οὐκ
2685 3223 2745 3281 εἷ
2786 3231 2819 3282 ό
2841 3229 3135 3297 -Χριστὸς,
3164 3228 3301 3282 οὔτε
3337 3227 3557 3293 Ἠλίας.

1968 3313 2106 3367 οὔτε
2157 3315 2190 3366 ό
2235 3313 2587 3384 προφήτηςξ
2630 3315 2793 3386 Ὀρᾷς
2827 3317 2903 3379 ὡς
2927 3316 2987 3368 οὑ
3021 3315 3197 3386 μάτην
3243 3315 3444 3384 ἔλεγον,
3477 3316 3561 3369 ὃτι

1969 3401 2049 3463 εἰς
2086 3400 2244 3453 τοῦτο
2273 3401 2436 3455 αὑτὸν
2466 3402 2755 3472 ἐναγαγεῖν
2786 3402 3111 3472 ὴϐούλοντο;
3148 3403 3256 3455 Kal
3300 3402 3360 3467 ἐξ
3384 3404 3561 3476 ἀρχῆς

1973 3488 2072 3557 μὲν
2122 3488 2255 3542 αὑτὸ
2306 3489 2407 3542 οὑκ
2438 3489 2644 3554 ἔλεγον,
2676 3491 2765 3544 ἵνα
2808 3491 2884 3562 μὴ
2934 3490 3250 3561 κατάφωροι
3295 3491 3560 3559 γένωνται

1968 3575 2191 3630 ἅπασιν.
2235 3572 2368 3630 Εἶτα
2417 3576 2608 3649 ἐπειδὴ
2658 3572 2831 3642 εἶπεν,
2867 3579 2987 3632 Οὐκ
3027 3577 3144 3645 εἰμί
3198 3581 3230 3632 ό
3280 3579 3559 3647 Χριστὸς,

1970 3663 2130 3717 πάλιν
2168 3666 2365 3717 ἐκεῖνοι
2396 3665 2688 3718 συσκιάσαι
2721 3663 3055 3735 βουλόμενοι,
3086 3664 3229 3736 ἀπερ
3260 3664 3407 3719 ἐνδον
3432 3665 3559 3719 ἐτύ-

1972 3769 2149 3823 ρευον,
2179 3753 2270 3805 ἐπὶ
2294 3752 2386 3806 τὸν
2413 3752 2600 3807 Ἠλίαν
2621 3753 2870 3823 ἔρχονται
2900 3755 2996 3807 καὶ
3022 3754 3114 3807 τὸν
3145 3756 3451 3826 προφήτην.
3471 3754 3562 3817 Ὠς

1967 3840 2025 3893 δὲ
2052 3838 2223 3910 ἔφησε
2252 3840 2386 3910 μηδὲ
2412 3841 2636 3893 ἐκείνων
2657 3858 2741 3905 τις
2771 3837 2929 3904 εἶναι,
2957 3840 3323 3912 ἀπορούμενοι
3348 3842 3558 3904 λοιπὸν,

1970 3929 2064 3982 καὶ
2108 3928 2169 3982 16
2221 3931 2563 4000 προσωπεῖον
2598 3929 2873 3999 ῥίψαντες,
2906 3934 3089 4001 γυμνῇ
3128 3934 3194 4001 τῇ
3225 3930 3433 4001 κεφαλῇ
3461 3930 3562 4000 τὴν

1968 4017 2190 4088 δολερὰν
2220 4017 2400 4070 αὑτῶν
2427 4018 2753 4088 ἐμφαίνουσι
2786 4017 3032 4089 γνώμην,
3057 4020 3332 4086 λέγοντεςο
3362 4020 3423 4073 Τί
3447 4015 3564 4075 οὖν

1963 4107 2293 4175 βαπτίζεις,
2326 4110 2379 4162 εί
2426 4108 2507 4163 σὺ
2554 4110 2667 4163 οὐκ
2713 4104 2771 4162 εἷ
2815 4112 2847 4163 ό
2896 4112 3185 4177 Χριστός;
3230 4105 3363 4163 Εἶτα
3399 4112 3565 4166 πάλιν

1972 4195 2264 4249 συσκιάσαι
2295 4195 2629 4266 βουλόμενοι,
2650 4197 2746 4249 καὶ
2773 4199 2899 4261 τοὺς
2923 4196 3115 4260 ἄλλους
3137 4199 3489 4269 προστιθέασι
3511 4211 3560 4264 ε,

1967 4284 2060 4338 τὸν
2096 4283 2282 4337 Ἠλίαν
2315 4283 2457 4352 λέγω
2487 4285 2582 4337 καὶ
2602 4286 2693 4338 16v
2712 4287 3021 4356 προφήτην.
3040 4286 3254 4356 Ἐπειδὴ
3271 4286 3379 4356 γὰρ
3397 4287 3561 4339 κολα-

1969 4371 2093 4445 κείᾳ
2115 4372 2215 4425 οὐκ
2248 4372 2473 4441 ίσχυσαν
2496 4372 2869 4436 ὑποσκελίσαι,
2897 4372 3199 4443 ἐγκλήματι
3229 4375 3562 4443 11900266111;-

1969 4478 2070 4514 σαν
2096 4460 2259 4513 αὑτὸν
2287 4459 2545 4513 δύνασθαι
2571 4460 2904 4528 ἀναγκάζειν
2927 4459 2945 4498 ί
2979 4462 3114 4531 ὅπερ
3140 4460 3239 4513 οὑκ
3260 4456 3327 4531 ἦν
3353 4462 3555 4512 εἰπεῖν’

1968 4548 2082 4601 ἀλλ’
2118 4548 2216 4602 οὑκ
2264 4548 2582 4618 ἵσχυσαν.”Ω
2626 4552 2726 4620 τῆς
2767 4549 2988 4612 ἀνοίαςί
3036 4548 3081 4601 ὣ
3110 4548 3209 4619 τῆς
3244 4549 3561 4613 ἀλαζονείας

1969 4636 2063 4690 καὶ
2093 4635 2191 4705 τῆς
2221 4636 2451 4707 ἀκαίρου
2495 4635 2845 4707 περιεργίαςί
2878 4636 3217 4707 ἀπεστάλητε
3249 4636 3556 4707 μαθησόμε-

1968 4740 2049 4777 νοι
2082 4724 2211 4795 παρ’
2239 4724 2403 4777 αὑτοῦ
2439 4724 2521 4787 τίς
2571 4723 2657 4795 είη
2699 4724 2793 4777 καὶ
2839 4724 3024 4787 πόθεν,
3058 4725 3178 4794 οὑχὶ
3225 4714 3317 4778 καὶ
3361 4726 3558 4795 νόμους

1966 4810 2117 4881 αὑτῷ
2167 4812 2397 4882 θήσετε;
2449 4811 2620 4865 Τοῦτο
2663 4811 2770 4882 γὰρ
2821 4811 2982 4865 πάλιν
3030 4812 3448 4880 ἀναγκαζόντων
3491 4809 3562 4884 ἦν

1965 4899 2298 4969 ὁμολογῆσαι
2328 4899 2519 4953 ἐαυτὸν
2542 4901 2586 4953 Χ
2596 4900 2795 4970 ριστόν.
2816 4900 2953 4952 Ἀλλ’
2977 4900 3127 4971 ὅμως
3156 4900 3275 4953 οὐδὲ
3297 4900 3392 4953 νῦν
3420 4901 3559 4969 ἀγα-

1966 4991 2174 5050 νακτεῖ,
2196 4988 2316 5041 οὐδὲ
2340 4988 2486 5056 λέγει
2511 5005 2565 5040 τι
2594 4987 2835 5041 τοιοῦτον
2864 4989 3000 5059 πρὸς
3022 4989 3220 5051 αὐτοὺς
3243 4983 3354 5042 οἷον
3376 4989 3520 5052 εἰκός
3542 5006 3557 5020 ’

1966 5076 2127 5146 ὑμεῖς
2158 5076 2282 5146 ἐμοὶ
2311 5076 2656 5130 διατάττεσθε
2681 5077 2775 5129 καὶ
2797 5079 3169 5146 νομοθετεῖτες
3200 5076 3337 5130 ἀλλά
3360 5076 3562 5148 πολλὴν

1966 5165 2131 5219 πάλιν
2150 5164 2247 5235 τὴν
2274 5164 2572 5218 ἐπιείκειαν
2594 5162 2711 5238 [95]
2738 5164 3123 5219 ἐπιδείκνυται.
3141 5165 3407 5234 Ἐγὼμὲν
3425 5165 3558 5234 γὰρ,

1967 5252 2123 5323 φησὶ,
2158 5250 2426 5317 βαπτίζω
2446 5253 2516 5306 ἐν
2537 5252 2709 5305 ὕδατι
2729 5269 2743 5283 ·
2762 5252 2955 5320 μέσος
2984 5253 3054 5306 δὲ
3086 5252 3257 5322 ὑμῶν
3274 5252 3559 5320 ἕστηκεν,

1966 5340 2038 5393 ὃν
2073 5340 2241 5409 ὑμεῖς
2273 5341 2385 5393 οὐκ
2434 5338 2651 5393 οἴδατε.
2694 5336 2883 5406 Οὗτός
2927 5340 3098 5394 ἐστιν
3134 5343 3167 5396 ό
3207 5342 3397 5394 ὀπίσω
3436 5358 3562 5409 μου

1963 5428 2306 5496 ἐρχόμενος,
2335 5426 2403 5492 ὃς
2430 5425 2771 5495 ἔμπροσθέν
2789 5445 2908 5496 μου
2932 5429 3198 5497 γέγονεν,
3227 5423 3299 5482 οὗ
3338 5430 3449 5481 οὐκ
3474 5429 3561 5481 ει-

1959 5515 2026 5585 μί
2056 5514 2225 5581 ἄξιος
2245 5517 2270 5555 ε
2298 5515 2400 5568 ἵνα
2422 5515 2594 5568 λύσω
2619 5514 2727 5568 τόν
2751 5514 2970 5585 ἱμάντα
3002 5514 3108 5568 τοῦ
3150 5513 3559 5583 ὑποδήματος.

2034 5720 2061 5758 ι’
2087 5719 2292 5786 Quidam
2328 5722 2663 5786 ἐρωτωμένων.
2706 5723 2837 5786 ᾃῩΕἶ
2876 5723 3036 5786 σύ;...Δ
3056 5723 3231 5779 ἐκεῖνός
3271 5742 3426 5786 φησιν.
3476 5724 3559 5774 10'-

1964 5784 2207 5832 termedia
2240 5783 2590 5832 desiderantur
2616 5788 2663 5832 in
2706 5784 2823 5832 Mor.
2890 5783 3038 5833 dAlii
3082 5786 3163 5833 καὶ
3203 5783 3558 5844 ἐπεισάγοντας.

1968 5849 1990 5875 θ
2018 5846 2100 5893 Sic
2132 5846 2282 5894 Savll.
2308 5851 2361 5893 et
2393 5846 2491 5893 alii.
2519 5845 2691 5894 Morel.
2715 5847 2947 5906 Χριστός;
2974 5847 3091 5901 εἶδες
3107 5849 3208 5902 πῶς
3226 5847 3559 5905 συσκιάζοντες

1966 5907 2256 5971 ἀπερίείχον,
2294 5907 2404 5971 106;
2445 5908 2615 5971 ἄλλους
2645 5910 2991 5971 προστιθέασιχ
3043 5906 3062 5946 ί
3100 5909 3270 5958 Morel.
3298 5910 3559 5971 ἐγκλήματι

1969 5970 2234 6031 περιϐαλεῖν
2253 5970 2449 6017 αὐτὸν...
2479 5969 2834 6031 ἀναγκάζοντες.
2899 5973 2923 6010 Β
2953 5970 3126 6021 Morel.
3151 5971 3327 6026 ἱκανός.
