4094 6370
513 264 615 320 ξοδ

578 376 719 447 γ’.Τί
737 377 877 449 πρὸς
892 377 1067 432 ταῦτα
1086 378 1271 432 λοιπὸν
1284 380 1349 433 ἂν
1364 383 1538 451 ἔχοιεν
1557 384 1731 436 εἰπεῖν
1747 386 1798 436 οἱ
1828 383 2096 449 Ἰουδαῖοι;

518 464 920 534 Ἀπαραίτητος
940 463 1047 535 γάρ
1066 464 1357 517 κάντεῦθεν
1380 468 1413 532 ἡ
1437 468 1557 519 κατ’
1574 468 1755 521 αὐτῶν
1770 468 2096 539 κατηγορία,

504 547 892 616 ἀσύγγνωστος
923 551 955 618 ἡ
1009 550 1334 618 κατάκρισις
1356 567 1369 580 ’
1417 552 1570 604 αὐτοὶ
1600 552 1721 605 καθ’
1761 553 1971 606 ἑαυτῶν
1997 553 2099 622 τὴν

500 631 685 702 ψῆφον
721 630 1042 701 ἐξήνεγκαν.
1074 632 1198 696 Πῶς
1229 633 1325 686 καὶ
1348 634 1455 687 τίνι
1497 635 1716 706 τρόπῳ;
1762 636 2101 701 Ἀξιόπιστον

508 727 785 796 ἡγήσαντο
813 723 952 779 εἶναι
976 726 1067 779 τὸν
1092 728 1365 799 Ἰωάννην,
1393 730 1489 782 καὶ
1511 729 1684 793 οὕτως
1700 730 1899 801 ἀληθῆ,
1916 732 1993 794 ὡς
2024 731 2098 802 μὴ

511 809 673 877 μόνον
705 809 912 880 ἑτέροις
964 811 1346 883 μαρτυροῦντα
1375 824 1425 873 ι.
1480 813 1621 866 ἀλλά
1660 815 1752 867 καὶ
1792 814 1942 884 αὑτῷ
1974 814 2102 885 περὶ

510 892 703 946 ἐαυτοῦ
736 893 947 961 λέγοντι
978 895 1288 951 πιστεῦσαι.
1316 898 1450 951 Οὐδὲ
1490 898 1601 970 γὰρ
1646 898 1733 960 ἂν,
1764 902 1814 953 εί
1858 900 1932 970 μὴ
1958 898 2102 954 οὓτω

507 976 790 1042 διέκειντο,
821 978 1074 1050 ἔπεμψαν
1097 980 1163 1033 ἂν
1196 982 1467 1053 εἰσόμενοι
1504 982 1633 1054 παρ’
1662 984 1826 1037 αὑτοῦ
1860 984 1930 1037 τά
1971 985 2102 1056 περὶ

507 1061 724 1116 ἐαυτοῦ.
762 1062 903 1114 Ἴστε
936 1062 1046 1133 γὰρ
1090 1064 1172 1117 ὅτι
1218 1064 1411 1134 μόνοις
1449 1066 1678 1131 ἐκείνοις
1710 1068 1946 1138 μάλιστα
1970 1066 2101 1138 περί⁵

507 1144 719 1197 ἑαυτῶν
751 1145 966 1213 λέγουσι
1009 1147 1358 1219 πιστεύομεν,
1383 1147 1476 1213 οὓς
1516 1152 1582 1203 ἂν
1616 1151 1872 1204 ἀπάντων
1899 1150 2097 1221 ἀληθε-

512 1228 737 1299 στέρους
766 1225 906 1282 εἶναι
945 1229 1274 1301 νομίζωμεν.
1298 1233 1408 1285 Καὶ
1453 1234 1517 1286 οὑ
1544 1233 1703 1287 τοῦτο
1724 1236 1884 1305 μόνον
1903 1235 2020 1288 ἐστὶ
2041 1235 2102 1288 τὸ

510 1312 858 1381 ἁποφράττον
892 1311 1071 1365 αὐτῶν
1099 1314 1170 1366 τὰ
1215 1314 1481 1385 στόματα,
1524 1317 1660 1370 ἀλλά
1686 1319 1778 1371 καὶ
1819 1320 1854 1386 ή
1907 1317 2100 1389 γνώμη

514 1395 633 1465 μεθ’
662 1392 729 1468 ἦς
755 1396 891 1467 πρὸς
913 1397 1074 1450 αὑτὸν
1101 1398 1429 1469 παρέϐαλον.
1455 1401 1567 1453 Καὶ
1592 1401 1699 1473 γάρ
1731 1401 1871 1472 μετά
1900 1401 2101 1473 πολλῆς

509 1478 732 1549 ἐξῆλθον
748 1481 843 1552 τῆς
863 1482 1171 1553 προθυμίας
1195 1482 1330 1553 πρὸς
1346 1484 1528 1550 αὐτὸν,
1543 1486 1592 1538 εί
1615 1488 1710 1539 καὶ
1729 1485 1856 1539 ὑστε
1865 1503 1955 1557 ρον
1974 1504 2102 1558 μετ-

510 1562 785 1617 εϐάλοντο.
826 1565 1007 1634 "Amp
1040 1567 1327 1637 ἀμφότερα
1359 1566 1535 1637 δηλῶν
1563 1569 1593 1620 6
1619 1568 1865 1639 Χριστὸς·
1888 1570 2096 1638 ἐλεγενο

524 1647 781 1714 Ἐκεῖνος
804 1644 884 1718 ἦν
904 1652 937 1702 d
965 1650 1192 1716 λύχνος
1224 1654 1257 1704 ό
1282 1653 1597 1720 καιόμενος
1617 1669 1630 1682 ·
1650 1653 1749 1707 καὶ
1770 1654 1940 1724 ὑμεῖς
1962 1656 2099 1723 ἠθε-

510 1730 743 1798 λήσατε
763 1731 913 1799 πρὸς
932 1730 1093 1801 ὥραν
1112 1733 1598 1803 ἀγνλλλιασθῆναι
1624 1737 1694 1790 ἐν
1720 1737 1800 1804 τῷ
1824 1738 1971 1808 φωτὶ
1990 1741 2099 1793 αὺ-

509 1813 640 1867 τοῦ.
677 1815 787 1867 Καὶ
812 1816 843 1885 ὴ
875 1816 1164 1888 ἀπόκρισις
1186 1816 1241 1869 δὲ
1279 1818 1443 1871 αὑτοῦ
1470 1819 1631 1873 πάλιν
1662 1822 2101 1893 ἀξιοπιστότερον

510 1896 677 1949 αὑτὸν
701 1898 896 1952 ἐποίει.
944 1900 1005 1953 '0
1028 1901 1139 1969 γὰρ
1164 1899 1252 1969 μὴ
1276 1900 1463 1970 ζητῶν
1490 1904 1607 1971 τὴν
1624 1905 1814 1969 δόξαν
1834 1906 1948 1973 τὴν
1966 1907 2103 1961 ἐαυ-

511 1980 638 2039 τοῦ.
676 1984 857 2051 φησὶν,
881 1984 1116 2051 ἀληθής
1139 1985 1333 2048 ἐστιν,
1360 1985 1461 2039 καὶ
1490 1987 1693 2041 ἀδικία
1711 1988 1782 2042 ἐν
1809 1988 1971 2055 αὐτῷ
1989 1992 2101 2044 οὐκ

510 2063 703 2119 ἐστιν.
731 2059 900 2129 Οὗτος
931 2067 986 2120 δὲ
1012 2068 1112 2121 οὐκ
1139 2068 1423 2140 ἐζήτησεν,
1451 2070 1566 2123 ἀλλ’
1583 2072 1670 2141 ἐφ’
1692 2073 1876 2145 ἕτερον
1904 2074 2103 2137 αὑτοὺς

513 2149 896 2219 παραπέμπει.
930 2151 1100 2205 Καὶοὶ
1130 2153 1529 2219 ἀποσταλέντες
1543 2156 1618 2221 δὲ,
1641 2156 1751 2211 τῶν
1775 2158 2103 2223 ἀξιοπίστων

512 2233 648 2300 παρ’
678 2232 861 2314 αὑτοῖς
885 2235 978 2287 καὶ
994 2234 1061 2288 τά
1077 2240 1324 2307 πρωτεῖα
1344 2238 1601 2308 ἐχόντων,
1620 2240 1761 2295 ὥστε
1791 2244 2103 2314 μηδαμόθεν

512 2316 696 2400 αὐτοῖς
734 2312 873 2370 εἶναι
938 2323 1284 2392 καταφυγὴν,
1330 2323 1464 2393 μηδὲ
1502 2312 1863 2396 παραίτησιν
1890 2312 1970 2391 είς
2004 2328 2103 2400 τὴν

511 2398 790 2466 ἀπιστίαν,
817 2402 885 2471 ἢν
910 2403 1220 2475 ἠπίστησαν
1241 2405 1319 2477 τῷ
1337 2408 1577 2478 Χριστῷ.
1593 2409 1750 2474 Τίνος
1780 2411 1889 2481 γάρ
1918 2398 2104 2466 ἕνεκεν

508 2484 613 2537 οὑκ
642 2484 892 2551 ἐδέξασθε
924 2487 993 2540 τά
1013 2488 1280 2559 εἰρημένα
1308 2492 1626 2561 περὶαύτοῦ
1654 2493 1807 2564 παρά
1831 2495 2100 2561 Ἰωάννου;

524 2566 714 2637 Ὑμεῖς
735 2570 1113 2624 ἀπεστάλκατε
1140 2574 1265 2636 τοὺς
1294 2574 1362 2627 τά
1396 2578 1639 2643 πρωτεῖα
1666 2576 1912 2647 ἔχοντας·
1944 2579 2104 2648 ὑμεῖς

512 2650 835 2721 ἠρωτήσατε
860 2653 928 2707 δι’
956 2653 1168 2707 αὑτῶν·
1199 2656 1357 2726 ὑμεῖς
1388 2658 1658 2727 ἠκούσατε
1690 2661 1832 2733 άπερ
1872 2663 2104 2735 ἀπεκρί-

512 2750 641 2786 νατο
664 2737 692 2788 ό
722 2735 1055 2809 Βαπτιστής.
1093 2740 1282 2793 Πᾶσαν
1307 2743 1504 2795 ἐκεῖνοι
1531 2746 1852 2815 περιεργίαν
1887 2747 2103 2800 ἐπεδεί-

513 2817 695 2883 ξαντο,
716 2820 895 2875 πάντα
921 2822 1251 2893 ήρεύνησαν,
1271 2826 1365 2877 καὶ
1386 2824 1480 2889 οὒς
1511 2827 1864 2883 ὑπωπτεύετε
1895 2832 2104 2896 πάντας

513 2897 703 2985 εἶπονβ
740 2904 831 2957 καὶ
860 2907 1010 2976 ὅμως
1041 2906 1181 2976 μετά
1208 2909 1521 2980 παρρησίας
1551 2910 1752 2982 πολλῆς
1784 2912 2103 2985 ὡμολόγησε

518 2987 594 3055 μὴ
626 2982 763 3040 εῖναι
800 2989 937 3058 μήτε
963 2991 992 3041 6
1026 2990 1283 3061 Χριστὸς,
1314 2994 1451 3063 μήτε
1494 2994 1698 3060 Ἠλίας,
1736 2982 1875 3068 μήτε
1908 2997 1937 3050 6
1965 2982 2103 3067 προ-

514 3070 710 3141 φήτης.
742 3072 852 3125 Καὶ
882 3072 1003 3126 οὑδέ
1036 3072 1269 3128 ἐνταῦθα
1301 3075 1430 3146 ἔστη
1450 3118 1465 3141 ,
1499 3078 1635 3132 ἀλλά
1665 3081 1759 3133 καὶ
1786 3081 1991 3148 ἐδίδαξε
2019 3081 2105 3147 τίς

511 3154 624 3224 εἴη,
659 3154 753 3237 καὶ
777 3154 1023 3228 διελέχθη
1047 3158 1142 3210 καὶ
1166 3159 1296 3229 περὶ
1321 3160 1420 3228 τῆς
1445 3160 1539 3213 τοῦ
1569 3163 1768 3216 οἰκείου
1792 3163 2106 3237 βαπτίσμα-

513 3254 605 3299 τος
640 3236 873 3305 φύσεως,
895 3239 977 3293 ὃτι
1010 3240 1206 3313 μικρὸν
1235 3245 1327 3296 καὶ
1343 3244 1576 3311 εὐτελὲς,
1600 3247 1695 3299 καί¹
1724 3245 1917 3312 ὕδατος
1939 3236 2107 3304 πλέον

512 3320 637 3388 ἕχον
652 3320 825 3384 οὐδὲν,
846 3323 1061 3386 δεικνὺς
1072 3325 1171 3395 τὴν
1184 3326 1287 3379 ὑπε
1296 3328 1458 3399 ροχὴν
1474 3328 1567 3382 τοῦ
1592 3328 1991 3402 βαπτίσματος,
2007 3334 2105 3387 τοῦ

515 3402 667 3475 παρά
720 3403 814 3457 τοῦ
864 3404 1102 3476 Χριστοῦ
1156 3407 1457 3479 διδομένου.
1497 3412 1794 3484 Παρήγαγε
1840 3413 1898 3468 δὲ
1950 3418 2045 3470 καὶ
2076 3417 2107 3459 b

525 3486 757 3573 Ἡσαΐαν
788 3489 880 3573 τὸν
907 3490 1199 3562 προφήτην
1232 3494 1615 3565 μαρτυροῦντα
1643 3496 1855 3553 ἀνωθεν
1884 3500 1981 3556 καὶ
2000 3502 2108 3573 πρὸ

514 3570 711 3624 ⁴πολλοῦ
738 3572 832 3625 τοῦ
858 3574 1050 3645 χρόνου
1069 3591 1082 3604 ·
1115 3577 1318 3629 καὶτὸν
1345 3578 1443 3649 μὲν
1475 3578 1679 3652 Κύριον
1704 3582 1993 3650 καλοῦντα,
2013 3570 2108 3638 τὺν

511 3655 571 3706 δὲ
605 3655 851 3708 διάκονον
878 3657 1047 3711 αὑτοῦ
1078 3659 1171 3711 καὶ
1200 3661 1479 3733 ὑπηρέτην
1509 3663 1865 3735 ὀνομάζοντα.
1892 3666 1958 3720 Τί
1997 3667 2107 3721 λοι-

517 3738 618 3790 πζν
640 3738 774 3803 ἐδει;
803 3739 923 3809 οὐχὶ
943 3741 1230 3795 πιστεῦσαι
1264 3742 1342 3813 τῷ
1376 3747 1802 3818 μαρτυρηθέντι,
1822 3749 1915 3802 καὶ
1938 3767 2108 3821 προσ-

518 3822 773 3903 κυνῆσαι,
787 3823 882 3875 καὶ
896 3823 926 3875 6
933 3823 1233 3895 μολογῆσαι
1250 3826 1382 3881 Θεόν
1398 3829 1542 3892 ;”Οτι
1557 3830 1667 3902 γὰρ
1683 3831 1802 3903 οὐχὶ
1819 3832 2107 3897 κολακείας

515 3900 585 3975 ἢν
627 3907 660 3974 ή
699 3906 971 3978 μαρτυρία
996 3951 1011 3973 ,
1056 3909 1170 3961 ἀλλ’
1201 3910 1456 3981 ἀληθείας
1479 3953 1494 3973 ,
1542 3900 1757 3967 ἐδείκνυ
1770 3900 1778 3903 ⁷
1810 3916 1911 3987 μὲν
1945 3918 2037 3970 καὶ
2078 3918 2108 3970 ὁ
2142 3936 2145 3938 ·

515 3990 715 4058 τρόπος
747 3990 842 4043 καὶ
872 3991 906 4060 ἡ
934 3992 1220 4062 φιλοσοφία
1245 3993 1337 4046 τοῦ
1365 3998 1829 4069 μαρτυρήσαντος.
1859 4000 2028 4070 Δῆλον
2050 4001 2108 4053 δὲ

519 4073 775 4125 κάκεῖθεν
797 4073 976 4137 τοῦτο,
1010 4074 1092 4127 ὅτι
1125 4077 1302 4140 οὐδεὶς
1328 4078 1417 4131 τὸν
1454 4080 1684 4151 πλησίον
1727 4083 1922 4135 ἐαυτοῦ
1971 4100 2107 4155 προ-

517 4156 728 4224 τίθησιν
752 4166 801 4222 ο,
834 4156 957 4210 οὐδὲ
1006 4158 1126 4219 ἐξὸν
1175 4161 1326 4231 αὑτῷ
1356 4162 1684 4233 χαρίσασθαι
1717 4166 1904 4236 τιμὴν,
1936 4166 2110 4237 ἑτέρῳ

514 4238 720 4310 ταύτης
736 4243 1085 4312 παραχωρεῖν
1114 4242 1309 4309 ἐθέλοι,
1328 4246 1610 4301 καὶταῦτα
1633 4249 1901 4321 τοσαύτης
1916 4248 2106 4321 οὔσης.

518 4322 633 4396 [3'4]
657 4324 822 4376 Ὥστε
844 4324 945 4378 οὑκ
972 4325 1038 4378 ἂν
1067 4326 1188 4380 οὑδὲ
1213 4327 1467 4400 Ἰωάννης
1492 4331 1568 4402 μὴ
1584 4330 1703 4402 Θεῷ
1729 4333 1841 4385 ὄντι
1870 4331 1948 4403 τῷ
1972 4334 2109 4403 Χρι-

518 4407 631 4477 στῴ
659 4407 861 4479 ταύτης
887 4409 953 4462 ἂν
976 4407 1167 4480 ἐξέστη
1190 4411 1290 4482 τῆς
1317 4415 1640 4484 μαρτυρίας.
1672 4416 1733 4469 El
1762 4416 1868 4489 γάρ
1898 4416 1991 4469 καὶ
2015 4418 2107 4485 ἀφ’

517 4492 711 4545 ἐαυτοῦ
740 4493 943 4565 ταύτην
975 4493 1050 4555 ὼς
1077 4495 1299 4565 μείζονα
1334 4493 1499 4551 οὖσαν
1531 4500 1630 4569 τῆς
1655 4500 1863 4563 οἰκείας
1894 4501 2109 4571 φύσεως

514 4577 891 4649 διεκρούσατο,
928 4578 1041 4631 ἀλλ’
1080 4580 1181 4633 οὐκ
1214 4579 1280 4635 ἂν
1330 4582 1497 4654 ἑτέρα
1530 4582 1691 4652 φύσει
1732 4585 1892 4638 πάλιν
1939 4587 2110 4657 αὐτὴν

518 4662 753 4733 ἀνέθηκε
794 4664 1178 4737 ταπεινοτέρα.
1214 4665 1419 4732 Μέσος
1447 4667 1516 4721 δὲ
1543 4667 1711 4738 ὑμῶν
1735 4668 2014 4737 ἕστηκεν,
2039 4672 2112 4727 ὃν

519 4745 689 4814 ὑμεῖς
718 4749 828 4800 οὐκ
857 4746 1078 4803 οἴδατε.
1114 4748 1286 4803 Τοῦτο
1309 4745 1482 4813 εἶπεν,
1520 4751 1603 4805 ὅτι
1635 4752 1780 4817 είκὺς
1799 4747 1867 4824 ἦν
1885 4753 1912 4792 ά
1948 4754 2111 4809 αὑτὸν

522 4831 616 4883 καὶ
646 4831 1018 4901 ἀναμεμίχθαι
1071 4830 1151 4902 τῷ
1200 4831 1313 4904 λαῷ
1357 4834 1435 4897 ὡς
1483 4834 1580 4889 ἕνα
1613 4835 1722 4888 τῶν
1750 4836 1982 4905 πολλῶν,
2015 4838 2112 4893 ἆτε

524 4913 796 4982 πανταχοῦ
830 4914 890 4966 τὺ
918 4916 1122 4983 ἄτυφον
1150 4918 1243 4969 καὶ
1264 4917 1621 4988 ἀκόμπαστον
1649 4919 1993 4977 διδάσκοντα.
2020 4923 2113 4975 Ef-

518 4996 676 5067 δησιν
695 4996 751 5048 δέ
786 4997 1040 5063 ἐνταῦθα,
1077 5001 1277 5068 γνῶσίν
1308 5019 1439 5071 φησι
1470 5002 1570 5074 τὴν
1592 5003 1797 5075 ἀκριϐῆ
1821 5022 1835 5034 ·
1870 5000 2003 5071 οἷον,
2029 5005 2113 5071 τίς

519 5085 659 5144 ἐστι,
687 5081 779 5134 καὶ
806 5081 987 5136 πόθεν.
1018 5083 1091 5136 Τὸ
1122 5083 1201 5149 δὲ,
1237 5087 1459 5140 Ὀπίσω
1475 5106 1595 5156 μου
1624 5088 1971 5158 ἐρχόμενος,
1998 5107 2115 5144 συν-

519 5164 660 5235 εχῶς
689 5163 890 5234 τίθησι,
944 5169 1229 5239 μονονουχὶ
1257 5169 1467 5237 λέγων·
1500 5171 1576 5243 μὴ
1606 5174 1865 5244 νομίσητε
1902 5174 1963 5227 τὸ
2005 5176 2114 5228 πᾶν

521 5253 579 5303 ἐν
625 5250 703 5320 τῷ
737 5248 853 5320 ἐμῷ
893 5251 1105 5304 κεῖσθαι
1141 5253 1633 5325 βαπτίσματι.υὺκ
1657 5257 1743 5321 ἂν,
1769 5260 1817 5310 εἰ
1841 5258 1997 5312 τοῦτο
2025 5260 2115 5311 τέ-

518 5336 662 5387 λειον
704 5329 794 5404 ἦν,
822 5333 1009 5405 ἕτερος
1043 5334 1109 5389 ἂν
1138 5332 1270 5407 ἦλθε
1320 5339 1438 5409 μετ’
1471 5341 1571 5410 ἐμὲ
1604 5342 1856 5411 παρέξων
1906 5342 2113 5413 ἕτερον·

519 5416 658 5471 ἀλλά
688 5417 1015 5490 παρασκευὴ
1046 5419 1207 5473 τοῦτό
1235 5421 1383 5476 ἐστιν
1412 5424 1622 5477 ἐκείνου
1648 5426 1743 5478 καὶ
1764 5423 2117 5496 προοδοποίη-

525 5520 631 5565 σις.
655 5502 735 5555 Τά
762 5503 821 5555 δὲ
862 5504 1108 5575 ἡμέτερα
1142 5505 1271 5559 σκιά
1311 5509 1405 5561 καὶ
1451 5509 1617 5563 εἰκών
1641 5525 1656 5541 ο
1685 5509 1841 5564 ἄλλον
1891 5511 1995 5581 χρὴ
2025 5510 2117 5563 τὸν

526 5586 626 5655 τὴν
658 5584 917 5657 ἀλήθειαν
949 5588 1276 5660 ἐπιθήσοντα
1320 5595 1746 5664 παραγενέσθαι.
1782 5596 1941 5648 Ὥστε
1984 5595 2115 5649 αὐτὸ

528 5670 591 5720 τὸ
627 5669 801 5723 ὀπίσω
836 5688 937 5740 μου
977 5672 1186 5739 ἐλθεῖν,
1225 5677 1382 5730 τοῦτο
1416 5679 1650 5748 μάλιστα
1678 5680 1843 5734 αὑτοῦ
1875 5680 2115 5732 δείκνυσι

635 5763 801 5840 βεξομε
833 5770 1352 5840 εει-ςιῄςςέιιιχκξαγίιῆυς
1391 5777 1655 5837 legendum
1694 5775 2017 5840 μαρτυροῦντι.
2088 5777 2115 5817 b

534 5827 775 5902 ξεινὶίῦῗρῐ
806 5829 1045 5902 ορρἏἹΟἷξ,
1068 5832 1160 5902 796
1182 5837 1339 5902 ούδένί
1360 5827 1470 5902 alnt
1482 5842 1566 5896 τήν
1582 5827 1724 5887 ὑπηῂ
1749 5827 1991 5902 παρῇγαγε
2015 5844 2112 5887 καί.

531 5892 554 5918 ⁸
581 5886 788 5963 ρρίάέιω
804 5889 1045 5963 οξξξῇςιτῷ
1067 5894 1268 5963 πλησίον
1286 5900 1434 5948 αὖτοῦ
1459 5886 1778 5963 προστίθησιν.
1820 5886 2038 5951 ’δείλ’νίι.
2065 5886 2116 5951 εί

528 5948 669 5999 codd.
698 5949 809 6009 3'05,
830 5949 923 5999 706
944 5948 1066 6009 εἰκὸς
1084 5948 1173 6019 γὰρ
1196 5958 1269 6015 ἠν.

1228 266 1288 322 S.
1327 265 1613 321 JOANNIS
1649 266 2135 325 CHRYSOSTOMI
2171 268 2491 328 ARCIIIEP.
2530 270 3075 328 CONSTANTINOP.

3688 272 3794 329 {06

2204 385 2266 437 τὸ
2289 386 2528 456 ἀξίωμα.
2562 388 2625 439 El
2650 387 2761 459 γάρ
2792 387 2950 442 τοῦτο
2974 384 3043 459 ἦν
3065 386 3291 451 τέλειον,
3318 386 3420 441 οὑκ
3444 385 3513 441 ἂν
3538 385 3792 457 δευτέρου

2206 469 2453 539 ἐζητεῖτο
2479 471 3058 541 τόπος.Ἓμπροσθέν
3078 489 3198 541 μου
3226 470 3436 541 γέγονε
3454 488 3467 500 ·
3492 470 3791 537 τουτέστιν,
3904 498 3905 501 η

2204 555 2570 626 ἐντιμότερος,
2594 556 2996 629 λαμπρότερος.
3015 552 3149 610 Εἶτα
3166 557 3256 611 ἴνα
3277 556 3353 627 μὴ
3374 555 3668 626 νομίσωσιν
3686 556 3794 608 ἀπὸ

2206 638 2545 710 συγκρίσεως
2579 635 2833 710 εἶναιτὴν
2864 640 3157 711 ὑπεροχὴν,
3183 640 3243 693 τὸ
3264 639 3595 710 ἀσύγκριτον
3625 656 3795 709 παρα-

2203 722 2403 792 στῆσαι
2431 722 2621 787 θέλων,
2644 724 2924 794 ἐπήγαγεν
2941 732 2964 760 ο
2984 740 2996 754 ο
3025 718 3107 779 Οὗ
3124 724 3235 778 οὐκ
3250 722 3367 792 ειμι
3387 723 3593 787 beam);
3606 723 3794 776 λῦσαι

2202 807 2312 859 τὸν
2324 807 2557 875 ίμάντα·
2581 808 2879 873 τουτέστιν,
2902 807 3000 878 οὑχ
3017 806 3204 870 ἁπλῶς
3218 805 3529 877 ἔμπροσθεν
3544 807 3791 875 γέγονεν,

2202 888 2316 942 ἀλλ’
2344 889 2515 954 οὕτως
2537 890 2614 951 ὼς
2641 890 2742 961 ἐμέ
2775 890 2911 962 μηδὲ
2957 892 3015 943 ἐν
3046 892 3159 954 τοῖς
3193 889 3442 959 ἐσχάτοις
3462 888 3573 942 τῶν
3598 888 3791 942 τούτου

2201 973 2463 1027 διακόνων
2492 973 2867 1045 ἀριθμηθῆναι
2896 972 3045 1038 ἀξιον
3077 969 3217 1029 εἶναι
3235 990 3251 1004 ο
3282 972 3344 1025 τὸ
3400 971 3509 1043 γὰρ
3537 972 3793 1043 ὑπόδημα

2201 1054 2382 1120 λῦσαι,
2414 1056 2518 1127 τῆς
2566 1056 2804 1128 ἐσχάτης
2856 1056 3130 1120 διακονίας
3182 1056 3300 1109 ἐστὶ
3337 1057 3591 1128 πρᾶγμα.
3624 1056 3689 1109 EI.
3732 1056 3791 1109 δὲ

2216 1139 2469 1212 Ἰωάννης
2496 1140 2596 1195 οὐκ
2627 1141 2775 1205 ἄξιος
2819 1140 2912 1193 τὸν
2944 1141 3147 1210 ἱμάντα
3189 1140 3369 1203 λῦσαι,
3418 1140 3688 1211 Ἰωάννης,
3726 1134 3791 1193 οῦ

2207 1223 2406 1294 μείζων
2426 1224 2600 1289 οὐδεὶς
2628 1225 2688 1278 ἐν
2722 1226 3002 1294 γεννητοῖς
3026 1222 3304 1293 γυναικῶν
3322 1223 3535 1291 γέγονε,
3567 1223 3669 1275 ποῦ
3689 1223 3790 1277 τά-

2205 1306 2369 1378 ξομεν
2408 1310 2573 1378 ἡμεῖς
2606 1307 2864 1374 ἐαυτούς;
2910 1308 2974 1361 Et
3000 1310 3030 1360 6
3060 1308 3158 1377 τῆς
3188 1306 3515 1376 οἰκουμένης
3540 1307 3791 1379 ἀντίρρο-

2204 1410 2324 1458 mg,
2358 1393 2557 1465 μᾶλλον
2586 1393 2645 1446 δὲ
2679 1392 2882 1463 μείζων
2909 1391 3058 1463 (Οὐκ
3093 1388 3174 1461 ἦν
3202 1392 3314 1461 γὰρ
3341 1392 3563 1457 αὐτων,
3602 1392 3791 1461 φησιν,

2201 1477 2375 1542 ἄξιος
2398 1480 2431 1531 ό
2445 1478 2694 1548 κόσμος)
2718 1476 2737 1515 ί
2748 1517 2764 1542 ,
2781 1477 2904 1532 οὑδέ
2932 1478 2990 1529 ἐν
3008 1476 3120 1538 τοῖς
3141 1475 3392 1544 ἐσχάτοις
3414 1475 3523 1527 τῶν
3543 1474 3794 1545 διακονη-

2205 1560 2457 1631 σαμένων
2488 1560 2680 1615 ἐαυτὸν
2711 1559 3109 1629 καταλέγεσθαί
3148 1576 3312 1629 φησιν
3343 1558 3494 1623 ἀξιον
3526 1554 3696 1611 εἶναι’
3737 1558 3792 1612 τί

2204 1643 2329 1713 ἐροῦ
2338 1662 2435 1713 μεν
2452 1646 2616 1715 ἡμεῖς
2642 1646 2693 1697 οί
2722 1643 2929 1715 μυρίων
2950 1641 3213 1713 γέμοντες
3232 1641 3439 1705 κακῶν,
3457 1643 3507 1693 οί
3540 1641 3793 1693 τοσοῦτον

2202 1728 2524 1792 ἀποδέοντες
2555 1728 2655 1799 τῆς
2697 1727 2902 1800 ἀρετῆς
2930 1725 3023 1780 τοῦ
3066 1725 3337 1791 Ἰωάννου,
3375 1725 3501 1777 ὅσον
3533 1725 3567 1796 ή
3594 1723 3667 1795 γῆ
3696 1724 3794 1777 τοῦ

2202 1812 2434 1878 οὐρανοῦ
2452 1829 2469 1878 ;

2271 1830 2529 1960 Ξῗνὸῦέος
2550 1896 2648 1967 μὲν
2660 1890 2753 1949 οῦν
2765 1894 2887 1948 οὐδὲ
2907 1892 2968 1948 τδ
2981 1892 3141 1946 λῦσαι
3158 1892 3251 1945 τὸν
3272 1892 3470 1963 ἱμάντα
3477 1891 3572 1946 τοῦ
3591 1893 3794 1963 ὑποδήο

2206 1997 2377 2051 ματος
2415 1979 2565 2047 ἀξιον
2593 1974 2736 2035 εἶναι
2783 1978 2976 2033 ἑαυτὸν
3001 1977 3170 2046 λέγει.
3213 1977 3277 2031 Οἱ
3309 1976 3366 2030 δὲ
3406 1976 3508 2046 τῆς
3538 1975 3793 2047 ἀληθείας

2206 2064 2393 2135 ἐχθροὶ
2408 2064 2678 2134 τοσαύτην
2695 2062 2977 2133 ἐμάνησαν
2997 2061 3215 2132 μανίαν,
3250 2060 3328 2124 ῶς
3359 2059 3566 2113 καὶτοῦ
3595 2060 3794 2115 εἰδέναι

2205 2148 2387 2213 αὑτὸν,
2434 2147 2511 2211 ὡς
2541 2146 2704 2208 αὑτὸς
2755 2142 2896 2200 οἶδεν
2941 2145 3155 2208 ἐαυτὸν,
3207 2143 3392 2208 ἀξίους
3425 2139 3567 2197 εἶναι
3614 2144 3795 2214 λέγειν

2205 2231 2494 2296 ἐαυτούςῑ.
2530 2232 2596 2285 Τί
2647 2231 2853 2300 ταύτης
2900 2229 3000 2300 τῆς
3043 2226 3426 2299 παραπληξίας
3481 2231 3694 2299 χεῖρον;
3740 2226 3796 2281 τί

2202 2316 2408 2388 ταύτης
2432 2318 2532 2387 τῆς
2548 2315 2867 2381 ἀλαζονείας
2893 2311 3261 2384 μανικώτερον
3280 2330 3295 2376 ;
3315 2310 3509 2374 Καλῶς
3529 2328 3614 2373 τις
3639 2310 3795 2379 ἔλεγε

2205 2401 2387 2471 σοφὸς,
2426 2402 2509 2455 ὅτι
2550 2399 2721 2470 Ἀρχὴ
2752 2397 3187 2467 ὑπερηφανίας,
3221 2396 3288 2449 τὸ
3314 2394 3400 2464 μὴ
3434 2395 3656 2449 εἰδέναι
3686 2395 3797 2449 τὸν

2203 2487 2446 2553 Κύριον.
2485 2485 2601 2539 Οὑκ
2647 2486 2714 2538 ἂν
2751 2482 3060 2553 κατηνέχθη
3100 2481 3197 2534 καὶ
3240 2479 3483 2542 διάϐολος
3513 2478 3734 2548 γέγονεν
3765 2480 3797 2534 6

2202 2568 2467 2633 διάϐολος,
2487 2569 2589 2622 οὑκ
2622 2566 2697 2621 ῶν
2725 2566 2971 2629 διάϐολος
2999 2565 3283 2636 πρότερον,
3323 2565 3371 2616 εί
3422 2562 3497 2635 μὴ
3539 2562 3698 2615 τοῦτο
3735 2562 3800 2616 τὸ

2204 2655 2420 2725 νόσημα
2447 2651 2871 2724 ἐνόσησε.Τοῦτο
2899 2649 3061 2703 αὑτὸν
3086 2648 3184 2717 τῆς
3208 2648 3522 2719 παρρησίας
3540 2646 3799 2713 ἐξέϐαλεν

2204 2739 2441 2810 ἐκείνης,
2475 2737 2634 2792 τοῦτο
2672 2738 2753 2799 είς
2783 2736 2882 2805 τὴν
2930 2734 3155 2803 γέενναν
3206 2731 3441 2803 ἔπεμψε,
3484 2730 3645 2785 τοῦτο
3684 2730 3797 2784 τῶν

2205 2825 2393 2881 κακῶν
2419 2824 2591 2879 αίτιον
2614 2820 2763 2892 αὑτῷ
2800 2820 3020 2873 πάντων
3048 2817 3293 2885 ἐγένετο.
3336 2815 3539 2870 Ἱκανὸν
3562 2815 3672 2887 γάρ
3702 2816 3799 2869 καὶ

2206 2910 2327 2963 καθ’
2378 2908 2540 2962 ἑαυτὸ
2580 2905 2889 2975 διαφθεῖραι
2952 2902 3135 2955 πᾶσαν
3186 2900 3389 2972 ἀρετὴν
3441 2898 3646 2970 ψυχῆς,
3691 2898 3801 2952 κᾶν

2206 2992 2576 3065 ἐλεημοσύνην
2624 2990 2782 3063 εὕρῃ,
2824 2988 2930 3041 κᾶν
2974 2986 3160 3057 εὐχὴν,
3206 2984 3311 3038 κᾶν
3364 2984 3641 3056 νηστείαν,
3691 2984 3801 3036 κᾶν

2204 3064 2404 3133 ὁτιοῦν.
2444 3064 2662 3146 Τόίγάρ
2688 3071 2939 3142 ὑψηλὸν
2962 3070 3033 3123 ἐν
3067 3066 3421 3138 ἀνθρώποις,
3438 3064 3798 3138 ἀκάθαρτον,

2206 3162 2363 3235 φησὶ,
2386 3160 2545 3229 παρὰ
2584 3159 2799 3226 Κυρίῳ.

2279 3246 2394 3300 Οὑκ
2415 3244 2523 3316 ἄρα
2541 3242 2765 3315 πορνεία
2784 3240 2965 3310 μόνον,
2983 3237 3106 3291 οὑδὲ
3132 3236 3348 3307 μοιχεία
3368 3234 3616 3307 μολύνειν
3632 3231 3799 3287 εἴωθε

2206 3331 2338 3394 τοὺς
2378 3327 2695 3400 χρωμένους
2726 3326 2887 3395 αὐτῇ,
2943 3321 3080 3375 ἀλλά
3124 3321 3220 3374 καὶ
3278 3319 3663 3391 ὑπερηφανίαν
3706 3317 3801 3400 καί

2207 3410 2388 3483 πολλῷ
2411 3399 2575 3465 πλέον
2599 3408 2842 3463 ἐκείνων.
2872 3405 3055 3471 Διατί;
3076 3405 3198 3457 Ὀτι
3220 3402 3445 3471 πορνεία
3482 3402 3602 3472 μὲν,
3632 3402 3681 3453 εί
3706 3399 3801 3451 καὶ

2206 3496 2592 3565 άσύγγνωστον
2612 3491 2801 3553 κακὸν,
2833 3490 2950 3544 ἀλλ’
2968 3490 3117 3559 ὅμως
3138 3486 3250 3558 ἔχει
3279 3504 3364 3550 τις
3383 3487 3480 3557 τὴν
3500 3483 3801 3553 ἐπιθυμίαν

2208 3582 2411 3635 εἰπεῖν*
2448 3576 2739 3641 ἀλαζονεία
2766 3574 2822 3627 δὲ
2848 3573 2969 3627 οὑδέ
3000 3572 3178 3626 αἰτίαν
3202 3570 3269 3623 ἂν
3308 3569 3459 3640 εὖροι
3498 3567 3653 3633 τινά,
3683 3565 3798 3637 [95]

2208 3664 2332 3718 οὐδὲ
2362 3662 2682 3732 οἱανδήποτε
2708 3659 3000 3730 πρόφασιν,
3024 3656 3091 3709 δι’
3116 3657 3182 3727 ἢν
3204 3654 3270 3708 ἂν
3296 3654 3448 3723 τύχοι
3474 3654 3634 3715 σκιᾶς
3664 3648 3799 3717 γοῦν

2210 3745 2563 3817 συγγνώμης·
2582 3744 2694 3798 ἀλλ’
2715 3743 2867 3796 οὐδὲν
2889 3741 3074 3813 ἕτερόν
3106 3741 3253 3792 ἐστιν
3274 3737 3479 3808 αὑτη,ἢ
3500 3736 3812 3806 διαστροφὴ

2207 3832 2385 3903 ψυχῆς
2438 3830 2533 3883 καὶ
2586 3828 2743 3890 νόσος
2800 3824 3181 3896 χαλεπωτάτη,
3229 3821 3528 3892 οὐδαμόθεν
3577 3819 3802 3873 ἄλλοθεν

2208 3915 2522 3987 τικτομένη,
2556 3913 2589 3985 ἣ
2614 3912 2674 3978 ἐξ
2705 3912 2911 3975 ἀνοίας.
2938 3910 3102 3964 Οὐδὲν
3137 3908 3244 3980 γάρ
3273 3907 3627 3977 ἀνοητότερον
3665 3906 3802 3959 ἀλα-

2210 4000 2362 4064 ζόνος
2387 3996 2697 4069 ἀνθρώπου,
2723 3994 2826 4049 κᾶν
2854 3994 3086 4047 πλοῦτον
3178 3990 3662 4063 περιϐεϐλημένος,
3697 3991 3805 4042 κᾶν

2210 4082 2410 4153 πολλὴν
2439 4080 2775 4152 κεκτημένος
2802 4078 2904 4149 τὴν
2933 4076 3131 4143 ἔξωθεν
3160 4076 3373 4143 σοφίαν,
3406 4074 3509 4128 κᾶν
3542 4076 3600 4127 ἐν
3635 4073 3804 4153 δυνα-

2212 4152 2375 4240 στείᾳν
2419 4165 2719 4228 καθεστὼς,
2750 4164 2856 4217 κᾶν
2895 4162 3115 4216 ἅπαντα
3148 4160 3217 4213 τὰ
3243 4161 3301 4212 ἐν
3319 4159 3630 4230 ἀνθρώποις
3659 4152 3802 4211 εἶναι

2208 4253 2469 4307 δοκοῦντα
2499 4249 2718 4321 ζηλωτὰ
2741 4247 3075 4318 περιφέρων.
3101 4245 3164 4298 El
3190 4244 3299 4315 γὰρ
3323 4246 3351 4297 6
3374 4245 3469 4297 ἐπὶ
3495 4246 3609 4306 τοῖς
3631 4242 3802 4304 ὅντως

2210 4338 2398 4402 καλοῖς
2433 4333 2915 4402 ἀλαζονευόμενος,
2953 4329 3135 4389 ἄθλιος
3171 4329 3268 4382 καὶ
3300 4328 3666 4399 ταλαίπωρος,
3706 4328 3802 4380 καὶ

2211 4422 2431 4475 πάντων
2458 4418 2682 4473 ἐκείνων
2710 4416 2802 4469 τὸν
2830 4413 3021 4484 μισθὸν
3035 4411 3347 4467 ἀπόλλυσιν·
3371 4411 3400 4463 6
3416 4413 3473 4463 ἐν
3496 4412 3608 4472 τοῖς
3633 4410 3803 4478 μηδὲν

2211 4501 2361 4560 οὖσιν
2394 4501 2777 4574 ἐπαιρόμενος,
2822 4498 2918 4551 καὶ
2945 4496 3035 4550 διά
3075 4495 3176 4567 τὴν
3206 4494 3367 4548 σκιὰν
3404 4494 3500 4547 καὶ
3535 4493 3593 4547 τὸ
3639 4492 3800 4555 ἀνθος

2211 4591 2307 4645 τοῦ
2332 4590 2523 4661 χόρτου
2549 4584 2728 4654 (τοῦτο
2760 4582 2870 4654 γάρ
2902 4584 3049 4635 ἐστιν
3073 4581 3108 4651 ή
3146 4577 3399 4651 παροῦσα
3432 4577 3580 4648 δόξα)
3612 4578 3803 4646 φυσῶν

2212 4673 2427 4736 ἐαυτὸν,
2467 4669 2583 4733 πῶς
2612 4667 2712 4721 οὑκ
2742 4667 2807 4721 ἂν
2847 4666 2931 4736 εἴη
2982 4665 3201 4717 πάντων
3240 4661 3800 4733 καταγελαστότερος,

2211 4755 2411 4810 ταύτὸν
2439 4752 2630 4814 ποιῶν,
2651 4751 2786 4821 ὅπερ
2810 4748 2874 4802 ἀν
2886 4766 2970 4811 τις
2997 4749 3240 4818 ποιήσειε
3262 4745 3477 4815 πτωχὸς
3494 4746 3585 4798 καὶ
3606 4745 3800 4815 πένης,

2214 4842 2389 4894 πάντα
2420 4838 2519 4909 μὲν
2549 4836 2639 4890 τὸν
2660 4834 2851 4905 χρόνον
2882 4830 3028 4903 λιμῶ
3055 4831 3377 4900 τηκόμενος,
3404 4831 3453 4882 εί
3477 4828 3534 4881 δὲ
3555 4828 3800 4899 συμϐαίη

2213 4923 2345 4977 ποτὲ
2376 4923 2506 4991 μίαν
2532 4919 2703 4973 νύκτα
2730 4916 2966 4988 χρηστὸν
2999 4914 3132 4984 ὑναρ
3166 4914 3317 4975 ίδεῖν,
3347 4911 3434 4964 διὰ
3462 4912 3619 4965 τοῦτο
3659 4927 3798 4979 γαυ-

2218 5006 2508 5080 ρούμενος;
2543 5002 2730 5057 Ἀθλιε
2755 5002 2849 5055 καὶ
2873 4999 3209 5068 ταλαίπωρε,
3240 4998 3337 5067 τῆς
3364 4996 3543 5065 ψυχῆς
3574 5011 3657 5049 σοι
3685 4995 3803 5049 δια-

2215 5088 2580 5162 φθειρομένης
2633 5084 2991 5157 χαλεπωτάτῃ
3052 5081 3212 5152 νόσῳ.
3261 5080 3357 5134 καὶ
3406 5080 3506 5150 τὴν
3561 5080 3802 5151 ἐσχάτην

2216 5177 2510 5245 πενόμενος
2527 5171 2741 5232 πενίαν,
2776 5169 2918 5239 μέγα
2945 5167 3183 5238 φρονεῖς,
3214 5164 3297 5245 ίξτι
3329 5162 3534 5234 χρυσοῦ
3562 5162 3804 5216 τάλαντα

2215 5230 2363 5329 ἔχεις
2396 5230 2529 5310 τόσα
2555 5256 2650 5308 καὶ
2677 5230 2969 5318 τόσου-ὅτι.
2991 5230 3193 5320 πλῆθος
3228 5230 3605 5319 ἀνδραπόδωνς
3642 5247 3805 5299 Ἀλλά

2216 5343 2389 5396 ταῦτα
2416 5341 2477 5394 οὑ
2519 5340 2606 5392 σά.
2644 5338 2754 5390 Καὶ
2786 5340 2834 5388 εἰ
2882 5334 2957 5405 μὴ
3005 5333 3170 5404 πείθῃ
3194 5332 3305 5393 τοῖς
3334 5331 3488 5400 ἐμοῖς
3539 5330 3802 5400 ῥήμασιν,

2217 5427 2325 5482 ἀπὸ
2352 5427 2448 5496 τῆς
2478 5425 2673 5495 πείρας
2702 5420 2810 5474 τῶν
2850 5416 3228 5489 προλαϐόντων
3276 5413 3536 5484 μάνθανε.
3582 5413 3708 5466 Ἐὰν
3746 5414 3806 5466 δὲ

2215 5508 2357 5564 οὓτω
2391 5506 2616 5580 μεθύῃς,
2652 5506 2727 5568 ὡς
2759 5505 2895 5575 μήτε
2924 5503 2990 5553 ἐκ
3020 5499 3130 5553 τῶν
3154 5498 3363 5569 ἑτέροις
3393 5496 3808 5580 συμϐαινόντων

2214 5579 2788 5650 ταῦταπαιδεύεσθαι,
2818 5584 3013 5655 μικρὸν
3061 5583 3372 5652 ἀνάμεινον,
3410 5580 3505 5634 καὶ
3554 5579 3675 5650 εἴσῃ
3717 5580 3808 5633 διά

2215 5678 2324 5732 τῶν
2353 5677 2432 5739 είς
2461 5675 2520 5728 σὲ
2553 5671 3002 5743 συμϐαινομένων
3034 5669 3115 5720 ὅτι
3140 5684 3223 5720 σοι
3255 5663 3459 5719 τούτων
3492 5662 3685 5731 δφελος
3713 5664 3809 5715 ού-

2283 5781 2301 5839 f
2331 5776 2480 5826 Savi'l.
2507 5776 2593 5833 τήν
2613 5773 2933 5839 ὑπερϐολήν...
2968 5774 3275 5839 παραστῆσαι
3318 5764 3619 5839 βουλόμενος,
3642 5764 3805 5839 φησίνε

2286 5838 2306 5878 ί
2336 5841 2507 5890 Morel.
2555 5827 2741 5901 μείζων.
2787 5827 2931 5901 Ομὺτω
2972 5827 3064 5901 γάρ
3100 5829 3294 5901 περὶνὼν
3340 5827 3752 5901 γράξεξιδικαίων
3780 5828 3809 5874 ὁ

2220 5885 2426 5957 "mg;
2450 5885 2750 5965 ςηςίνμτυγ
2790 5896 2877 5943 οὐκ
2899 5894 2956 5965 ἦν
2983 5885 3382 5965 ᾇξὶοςὺ’κὸσμος.’
3444 5888 3470 5927 ε
3496 5885 3669 5937 Morel.
3694 5890 3806 5936 ἐαυ-

2220 5970 2299 6015 τον
2350 5955 2835 6018 ἀπαυθαδιαζομένους
2878 5955 3047 6010 αὐτοὺς
3102 5955 3269 6014 λέγειν.
