4094 6370
369 423 466 477 105

362 540 550 593 medius
576 545 744 588 autem
771 542 986 587 vestrum
1012 539 1130 596 stat,
1163 545 1306 598 quem
1351 542 1437 580 vos
1474 524 1692 578 nescitis.
1722 522 1812 574 ‘27.
1851 517 1947 571 llic

361 641 433 685 est
452 629 537 699 qui
568 636 682 697 post
710 644 789 679 me
816 634 1048 679 venturus
1071 632 1165 685 cst,
1197 623 1283 691 qui
1306 631 1424 673 ante
1456 635 1535 671 me
1554 622 1715 686 jactus
1740 623 1831 678 est,
1859 628 1951 665 cu-

357 726 443 795 jus
470 738 568 775 non
594 737 710 773 sum
734 719 919 789 dignus
940 725 998 769 ut
1016 716 1212 769 solvam
1237 714 1503 781 corrigiam
1530 707 1875 764 calceamenli.

436 817 489 869 '5.
520 813 733 867 Judasos
752 809 1091 866 testimonium
1108 806 1326 861 Joannis
1345 803 1409 858 Β.
1444 803 1771 873 postulantes,
1803 815 1949 853 suam

364 906 466 973 ipsi
484 905 857 957 accusationem
889 896 1227 967 postularunt.
1257 924 1329 935 —
1366 892 1502 959 Quid
1548 892 1630 946 his
1677 903 1948 959 apponere

371 1004 591 1064 possunt
613 992 825 1047 Judaei?
847 988 1046 1045 Contra
1071 986 1207 1041 hanc
1236 984 1630 1039 accusationem
1661 996 1728 1035 ne
1756 980 1948 1034 mutire

369 1090 582 1155 quidem
612 1091 858 1152 possunt,
898 1079 1169 1135 damnatio
1191 1076 1332 1131 nulla
1356 1075 1506 1130 venia
1525 1074 1697 1128 averti
1730 1078 1945 1139 potest,

373 1177 470 1245 ipsi
522 1185 708 1230 contra
759 1174 964 1241 seipsos
1008 1168 1325 1225 sententiam
1370 1166 1620 1220 tulerunt.
1672 1158 1949 1229 Quomodo

370 1280 424 1323 et
444 1284 543 1338 qua
570 1268 778 1321 ratione
803 1267 825 1319 ?
855 1264 985 1320 Fide
1002 1263 1220 1334 dignum
1250 1259 1505 1331 putabant
1524 1272 1644 1313 esse
1664 1257 1946 1320 Joannem,

373 1368 429 1413 et
453 1359 521 1411 ita
553 1371 818 1419 veracem,
853 1363 909 1409 ut
936 1368 1041 1408 non
1081 1350 1242 1407 modo
1268 1365 1390 1406 cum
1410 1349 1478 1403 de
1498 1350 1641 1411 aliis,
1666 1346 1761 1401 sed
1785 1344 1947 1399 etiam

369 1466 490 1505 cum
518 1449 587 1504 de
618 1449 797 1518 seipso
823 1446 1222 1509 testiﬁcaretur,
1253 1441 1553 1499 credendus
1580 1448 1743 1495 esset.
1765 1437 1949 1506 Neque

368 1542 533 1606 enim,
564 1540 665 1594 nisi
695 1554 756 1593 ea
779 1538 999 1592 fuissent
1024 1536 1295 1607 opinione,
1320 1534 1593 1588 misissent
1614 1530 1701 1601 qui
1725 1530 1951 1582 interro-

368 1643 557 1701 gareut
608 1632 757 1685 illum
788 1629 856 1684 de
890 1630 1090 1699 seipso.
1119 1628 1281 1685 Scitis
1313 1629 1455 1683 enim
1486 1641 1583 1681 nos
1612 1625 1717 1679 illis
1745 1630 1948 1677 tantum

366 1722 436 1776 de
455 1722 647 1790 seipsis
671 1720 1010 1791 loquentibus
1034 1718 1276 1785 credere,
1305 1731 1439 1788 quos
1456 1716 1693 1771 omnium
1716 1712 1948 1767 veracis-

367 1818 533 1867 simos
566 1827 688 1866 esse
734 1821 1005 1880 putamus.
1046 1809 1231 1880 Neque
1275 1808 1403 1863 illud
1454 1817 1657 1861 tantum
1714 1805 1947 1873 ipsorum

368 1905 600 1958 obstruit
623 1918 741 1969 ora,
771 1901 868 1957 sed
918 1901 1128 1956 animus
1176 1914 1389 1969 quoque
1431 1913 1538 1968 quo
1578 1896 1724 1950 illum
1775 1893 1948 1948 adorti

367 2005 510 2051 sunt.
536 1994 672 2049 Cum
704 1992 1010 2049 vehementi
1038 2006 1268 2061 namque
1284 1990 1461 2046 studio
1484 1988 1657 2058 ipsum
1678 1985 1946 2051 adierunt,

368 2089 493 2143 licet
513 2099 697 2158 postea
729 2087 918 2142 mutati
952 2087 1085 2141 sint.
1139 2085 1269 2153 Quae
1288 2082 1447 2139 ambo
1472 2080 1774 2151 significans
1797 2077 1949 2132 Chri-

372 2192 485 2235 stus
510 2180 723 2234 dicebat
748 2195 762 2233 :
791 2177 894 2232 Ille
917 2186 1022 2232 erat
1044 2177 1249 2231 lucerna
1271 2175 1456 2229 ardens
1476 2213 1495 2242 ,
1540 2182 1589 2228 et
1615 2188 1701 2225 vos
1725 2169 1949 2223 voluistis

360 2260 435 2326 ἀα
471 2274 651 2326 horam
688 2272 940 2326 exsultare
965 2272 1021 2325 in
1066 2271 1177 2342 ejus
1218 2270 1329 2324 luce
1372 2268 1569 2338 (Joan.
1600 2267 1655 2322 5.
1682 2266 1752 2320 55
1795 2262 1838 2336 ).
1881 2263 1950 2317 Et

367 2366 647 2434 responsio
684 2364 799 2434 ejus
846 2363 1005 2418 tidem
1052 2362 1151 2432 ipsi
1182 2360 1502 2416 conciliabat
1526 2360 1804 2429 majorem.
1847 2356 1949 2424 Qui

365 2457 498 2510 enim
519 2474 623 2511 non
641 2457 824 2528 quierit
849 2455 1065 2526 gloriam
1083 2469 1228 2507 suam
1244 2492 1262 2520 ,
1289 2452 1480 2522 inquit,
1506 2466 1660 2505 verum
1680 2458 1774 2513 est,
1795 2458 1844 2503 et
1863 2449 1947 2502 in-

359 2548 559 2621 justitia
580 2550 634 2601 in
664 2548 757 2601 illo
784 2564 884 2601 non
910 2556 980 2601 est
1008 2544 1029 2617 (
1056 2542 1197 2599 Ibid.
1242 2546 1299 2600 ’1.
1330 2544 1400 2600 18
1514 2542 1614 2597 Hic
1658 2554 1790 2597 vero
1839 2555 1945 2594 non

365 2640 632 2709 quat-sivit,
664 2639 758 2693 sed
786 2627 855 2691 ad
878 2638 1041 2691 alium
1074 2637 1220 2707 ipsos
1239 2636 1404 2691 misit.
1436 2634 1504 2690 Et
1532 2635 1619 2705 qui
1650 2632 1799 2689 missi
1820 2631 1941 2685 fue-

367 2741 485 2783 rant
509 2746 575 2784 ex
609 2728 714 2783 fide
743 2727 1072 2798 dignioribus
1098 2726 1237 2797 apud
1271 2728 1415 2797 ipsos
1459 2734 1515 2781 et
1557 2740 1625 2780 ex
1678 2721 1948 2794 primariis

367 2820 493 2874 viris
512 2829 687 2884 erant,
706 2829 763 2874 ut
789 2820 935 2874 nulla
972 2820 1100 2888 ipsis
1124 2825 1429 2887 superesset
1447 2815 1718 2873 excusatio
1745 2825 1833 2868 aut
1857 2828 1950 2868 ve-

370 2913 453 2965 nia
480 2911 625 2981 quod
653 2910 867 2965 Christo
887 2925 993 2964 non
1019 2908 1364 2966 crediderint.
1406 2907 1514 2964 Cur
1536 2907 1679 2962 enim
1706 2921 1816 2961 non
1853 2904 1951 2960 ob-

374 3004 710 3072 temperastis
735 3003 803 3057 iis
838 3018 959 3073 qua:
976 3001 1212 3058 Joannes
1235 3000 1305 3057 de
1333 3000 1424 3057 illo
1451 2998 1694 3055 dicebat?
1715 2998 1824 3053 Vos
1842 2998 1947 3052 mi-

369 3096 512 3150 sistis
543 3096 807 3164 primores
833 3106 1067 3159 vestros,
1119 3108 1215 3148 vos
1246 3093 1484 3163 ipsorum
1526 3105 1692 3161 opera
1718 3090 1948 3145 interro—

370 3188 570 3255 gaslis!
600 3201 695 3240 vos
737 3186 959 3240 audistis
983 3183 1111 3256 quid
1141 3183 1374 3254 Baptista
1397 3182 1754 3252 responderit.
1779 3180 1950 3237 Omne

369 3280 625 3346 studium,
655 3294 870 3335 omnem
898 3278 1227 3349 diligentiam
1260 3276 1337 3331 illi
1357 3275 1736 3340 adhibuerunt,
1768 3274 1949 3337 omnia

370 3372 587 3428 scrutati
612 3383 758 3440 sunt,
781 3386 1075 3442 omnesque
1096 3370 1442 3442 protulerunt
1465 3382 1601 3438 quos
1629 3365 1942 3437 suspicaba-

374 3467 543 3522 mini:
587 3476 644 3522 et
664 3476 841 3521 tamen
872 3466 962 3520 ille
983 3480 1106 3520 cum
1148 3464 1394 3519 libertate
1432 3475 1626 3532 magna
1667 3458 1950 3515 confessus

370 3570 471 3619 est.
501 3576 563 3616 se
591 3574 692 3616 nec
710 3558 1000 3623 Christum,
1034 3571 1133 3613 nec
1164 3556 1360 3622 Etiam,
1392 3570 1497 3611 nec
1546 3553 1864 3624 prophetam
1887 3552 1952 3607 il-

372 3654 483 3707 lum
528 3669 672 3708 esse.
702 3652 887 3722 Neque
913 3651 1016 3706 hoc
1039 3659 1347 3714 contentus,
1385 3649 1507 3719 quis
1546 3649 1660 3717 ipse
1688 3655 1832 3702 esset
1854 3646 1951 3701 do-

372 3747 501 3808 cuit,
530 3744 690 3800 etde
717 3744 1055 3813 baptismatis
1105 3742 1188 3796 sui
1239 3750 1427 3796 natura
1468 3740 1758 3806 disseruit,
1807 3738 1951 3809 quod

374 3854 567 3908 nempe
589 3837 838 3907 exiguum
863 3846 918 3892 et
952 3836 1057 3891 vile
1081 3844 1245 3901 esset,
1272 3843 1329 3890 et
1357 3842 1551 3904 praeter
1579 3848 1773 3904 aquam
1818 3832 1950 3888 nihil

372 3931 603 4000 amplius
625 3930 884 3993 haberet,
906 3928 1195 3984 ostendens
1223 3926 1638 3995 prazcellentiam
1668 3925 1954 3994 baptisma-

374 4026 446 4079 tis
467 4039 495 4077 a
522 4022 742 4078 Christo
765 4021 895 4075 dati.
926 4021 1152 4082 Protulit
1170 4035 1382 4090 quoque
1406 4020 1596 4074 Isaiam
1625 4019 1946 4089 prophetam

380 4118 476 4170 diu
499 4127 657 4169 antea
688 4113 1087 4176 testificantem,
1116 4112 1263 4167 illum
1295 4110 1601 4177 Dominum,
1646 4110 1786 4165 hunc
1834 4123 1953 4164 ser-

378 4223 501 4261 vum
518 4216 572 4261 et
597 4206 897 4260 ministrum
920 4213 1224 4259 vocantem.
1252 4203 1387 4271 Quid
1405 4203 1619 4257 demum
1640 4202 1955 4272 supererat?

376 4313 554 4351 annon
582 4304 639 4351 ut
658 4294 943 4351 crederent
969 4295 1020 4350 ei
1046 4294 1114 4349 de
1143 4309 1249 4364 quo
1275 4292 1636 4348 testimonium
1664 4291 1952 4360 ferebatur,

380 4400 442 4444 ut
466 4390 752 4445 adorarent
775 4403 918 4455 eum,
936 4396 991 4443 et
1010 4386 1394 4442 confiterentur
1418 4385 1630 4441 Deum?
1654 4385 1806 4455 Quod
1853 4401 1954 4440 au-

382 4490 491 4534 tem
524 4478 885 4533 testimonium
915 4492 1020 4532 non
1048 4491 1114 4532 ex
1144 4476 1468 4539 adulatione,
1500 4474 1595 4531 sed
1637 4490 1703 4531 ex
1732 4475 1956 4532 veritate

383 4568 717 4641 procederet,
763 4567 814 4622 id
857 4576 911 4623 et
956 4582 1136 4621 mores
1166 4576 1221 4622 et
1251 4565 1585 4635 philosophia
1627 4565 1958 4621 testificantis

382 4662 759 4717 ostendebant.
792 4658 919 4714 lnde
942 4675 1070 4714 vero
1116 4660 1290 4729 palam
1338 4658 1389 4714 id
1419 4668 1555 4722 erat,
1604 4659 1748 4729 quod
1799 4674 1958 4714 nemo

383 4754 684 4824 proximum
705 4749 805 4806 sibi
823 4749 1092 4821 praeferat,
1118 4765 1288 4820 neque
1309 4750 1352 4805 si
1384 4750 1551 4819 possit
1576 4749 1833 4806 honorem
1856 4749 1960 4805 sibi

384 4845 698 4913 conciliare,
726 4843 881 4898 alteri
911 4843 1057 4898 illum
1102 4843 1296 4909 cedat,
1350 4857 1470 4897 cum
1514 4842 1746 4897 maxime
1783 4851 1960 4899 tantus

384 4946 531 4995 esset
559 4938 753 4991 honor.
784 4935 968 5005 Itaque
1008 4934 1276 4999 Joannes,
1325 4934 1427 4988 nisi
1477 4934 1718 4989 Christus
1775 4934 1963 4991 fuisset

392 5030 548 5093 Deus,
575 5041 864 5096 numquam
911 5025 1017 5082 hoc
1057 5024 1421 5080 testimonium
1471 5024 1797 5094 protulisset.
1827 5023 1958 5080 Nam

388 5122 435 5173 si
466 5120 607 5173 hunc
634 5119 918 5185 honorem,
946 5129 1130 5188 utpote
1158 5127 1401 5172 naturam
1434 5134 1587 5173 suam
1624 5118 1782 5188 longe
1806 5134 1965 5174 exsu-

395 5221 695 5280 perantem,
745 5210 814 5264 ab
841 5224 901 5265 se
924 5210 1157 5280 repulit:
1182 5219 1328 5266 certe
1349 5225 1455 5265 non
1475 5210 1564 5265 alii
1592 5221 1797 5266 naturae
1824 5211 1965 5266 infe-

394 5304 520 5357 riori
566 5304 719 5358 illum
771 5303 1065 5358 tribuisset.
1124 5301 1325 5357 Medius
1360 5314 1528 5357 autem
1572 5313 1788 5358 vestrum
1826 5312 1963 5367 stat,

394 5412 540 5463 quem
582 5410 670 5450 vos
711 5395 930 5449 nescitis.
959 5394 1073 5449 Hoc
1105 5393 1257 5458 dixit,
1283 5396 1402 5464 quia
1430 5394 1542 5459 ille,
1588 5405 1644 5450 ut
1674 5410 1768 5465 par
1812 5405 1927 5449 erat
1949 5436 1965 5460 ,

395 5488 545 5556 quasi
577 5501 716 5541 unus
736 5501 767 5541 e
796 5486 948 5541 turba
972 5486 1168 5556 populo
1208 5485 1623 5553 admiscebatur,
1672 5495 1853 5555 utpote
1879 5485 1969 5555 qui

398 5580 595 5648 ubique
623 5588 679 5633 et
704 5578 872 5635 fastus
917 5588 972 5632 et
1019 5592 1231 5647 pompa:
1276 5586 1643 5647 contemptum
1699 5576 1968 5631 edoceret.

401 5668 769 5739 Cognitionem
829 5677 1008 5723 autem
1059 5667 1147 5721 hic
1184 5667 1314 5722 dicit
1359 5667 1649 5736 perfectam
1692 5666 1971 5733 nmitiam,

403 5774 592 5830 nempe
623 5761 746 5830 quis
769 5768 952 5828 esset,
993 5759 1133 5813 unde
1179 5758 1434 5813 venisset.
1468 5756 1604 5811 Illud
1642 5771 1807 5823 vero,
1848 5756 1975 5813 Post

402 5864 737 5909 mercaturus
779 5862 875 5918 est,
908 5867 1050 5921 saepe
1075 5851 1289 5921 posuit,
1318 5865 1379 5904 ac
1408 5849 1451 5905 si
1479 5850 1685 5906 diceret
1709 5867 1722 5904 :
1772 5849 1847 5905 Ne
1874 5867 1974 5922 pu-

1430 409 1496 465 IN
1531 403 1863 461 JOANNEM.
1905 401 2131 457 IIOMIL.
2179 405 2313 463 XVI.
2352 410 2402 465 al
2464 410 2577 465 XV.

3521 404 3630 463 166

2058 523 2180 577 tetis
2209 534 2373 579 totum
2398 526 2448 580 in
2478 528 2790 596 baptismate
2833 543 2953 583 meo
2986 527 3186 596 perlici.
3214 524 3270 579 Si
3315 523 3416 578 hoc
3445 520 3625 591 perle-

2052 624 2195 669 ctum
2226 626 2390 683 esset,
2419 634 2523 673 non
2568 620 2702 673 alius
2729 629 2848 689 post
2873 636 2958 674 me
2980 618 3207 683 veniret,
3237 615 3459 671 alterum
3488 612 3620 665 aifa-

2051 716 2239 771 turus;
2292 709 2385 764 sed
2425 709 2525 764 hoc
2551 711 2615 764 ad
2662 710 2790 765 illud
2836 722 2920 765 est
2965 712 3283 779 prmparatio
3348 705 3621 776 quasdam.

2052 800 2245 855 Nostra
2297 812 2421 857 sunt
2448 805 2631 859 umbra
2657 798 2711 859 ct
2737 806 2942 875 imago;
2983 805 3143 858 alium
3173 802 3356 857 venire
3381 805 3622 869 ορονιθίι

2048 895 2137 963 qui
2164 896 2439 950 veritatem
2487 896 2690 952 aderat.
2724 898 2906 965 Itaque
2946 896 3073 951 illud
3100 937 3114 959 ,
3166 894 3291 948 Post
3323 909 3400 947 me
3436 892 3623 952 veniet,

2048 989 2163 1057 ejus
2192 988 2503 1056 dignitatem
2534 991 2763 1044 maxime
2791 989 3044 1044 ostendit.
3071 987 3203 1041 Nam
3233 985 3280 1039 si
3312 985 3414 1038 hoc
3440 982 3616 1053 perfe-

2048 1090 2191 1134 ctum
2219 1090 2380 1147 esset,
2406 1098 2509 1136 non
2541 1082 2832 1137 secundum
2864 1089 3209 1152 quaereretur,
3255 1077 3384 1131 Ante
3413 1090 3493 1130 me
3521 1078 3606 1145 {a-

2049 1186 2158 1230 ctus
2201 1187 2302 1242 est;
2350 1178 2449 1231 hoc
2492 1188 2568 1232 cst
2602 1220 2617 1244 ,
2676 1194 2761 1232 me
2804 1176 3163 1232 honorabilior
3197 1182 3252 1226 et
3271 1172 3462 1226 clarior
3514 1174 3621 1222 est.

2050 1265 2254 1321 Deinde
2292 1284 2360 1321 ne
2390 1277 2638 1336 putarent
2677 1266 3090 1338 praecellentiam
3133 1279 3198 1318 ex
3223 1257 3621 1329 comparatione

2051 1357 2294 1423 indicari,
2335 1368 2391 1413 ut
2423 1360 2619 1413 nullam
2671 1374 2791 1412 esse
2840 1355 3291 1426 comparationem
3343 1348 3615 1411 declaret,

2049 1450 2231 1519 adjicit
2258 1469 2273 1505 :
2298 1447 2458 1521 Cujus
2484 1466 2585 1503 non
2610 1466 2721 1503 sum
2749 1449 2932 1518 dignus
2958 1446 3148 1501 solvere
3183 1441 3451 1512 corrigiam
3470 1457 3497 1502 ;_
3519 1437 3623 1492 hoc

2050 1552 2135 1599 est
2156 1584 2168 1605 ,
2197 1542 2310 1597 Non
2340 1544 2509 1597 solum
2536 1550 2659 1596 ante
2689 1558 2773 1595 me
2804 1541 2970 1594 factus
3012 1547 3134 1602 est,
3171 1534 3262 1590 sed
3294 1533 3365 1587 ita
3392 1545 3479 1586 res
3508 1538 3616 1592 est,

2051 1644 2110 1688 ut
2142 1651 2210 1689 ne
2232 1635 2444 1704 quidem
2471 1636 2609 1688 inter
2650 1635 2861 1687 ultimos
2887 1633 3003 1701 ejus
3056 1628 3278 1683 famulos
3322 1620 3621 1692 computari

2050 1742 2292 1791 merear;
2339 1728 2759 1782 calceamentum
2790 1726 2985 1795 quippe
3023 1723 3267 1783 solvere,
3318 1725 3627 1771 extremum.

2050 1817 2404 1871 ministerium
2439 1827 2541 1871 est.
2599 1816 2751 1885 Quod
2796 1817 2839 1870 si
2884 1815 3116 1870 Joannes
3160 1824 3265 1863 non
3294 1814 3379 1861 est
3426 1803 3627 1871 dignus

2050 1907 2137 1975 qui
2169 1908 2448 1976 corrigiam
2472 1908 2668 1972 solvat,
2700 1906 2934 1961 Joannes
2954 1919 3063 1973 quo
3086 1900 3262 1954 nullus
3282 1897 3451 1965 major
3479 1893 3622 1946 inter

2049 2008 2202 2054 natos
2232 2000 2510 2054 ntuliernm
2556 2001 2574 2069 (
2602 1999 2729 2053 Luc.
2755 2000 2805 2051 7.
2835 1998 2924 2051 28.
2964 1996 3152 2050 Matth.
3201 1992 3288 2046 11.
3335 1990 3394 2043 ll
3420 1986 3439 2057 )
3470 2002 3485 2038 :
3513 1996 3621 2051 quo

2047 2107 2146 2146 nos
2178 2092 2275 2161 ipsi
2297 2093 2414 2145 loco
2435 2090 2732 2158 ponemus?
2757 2088 2811 2144 Si
2833 2090 2875 2141 is
2889 2087 2974 2158 qui
2992 2085 3109 2141 orbi
3137 2084 3377 2153 aequalis,
3406 2081 3512 2136 imo
3530 2077 3621 2130 illo

2047 2186 2217 2252 major
2239 2192 2355 2238 erat
2379 2184 2396 2214 ¹
2421 2182 2440 2255 (
2466 2183 2711 2250 Quorum,
2742 2180 2942 2251 inquit,
2989 2179 3170 2249 dignus
3200 2192 3302 2230 non
3336 2184 3441 2228 erat
3468 2189 3617 2226 mun-

2047 2277 2142 2327 dus
2178 2271 2372 2346 [Helm
2410 2275 2497 2328 ll.
2527 2272 2617 2345 38]
2643 2272 2684 2340 ),
2734 2288 2793 2327 se
2823 2270 3094 2340 indignum
3120 2284 3237 2323 esse
3266 2266 3340 2320 ait
3363 2266 3451 2335 qui
3483 2263 3623 2317 inter

2051 2367 2265 2422 ultimos
2305 2366 2423 2437 ejus
2461 2366 2734 2421 ministros
2762 2374 3137 2433 computetur:
3170 2360 3297 2431 quid
3331 2373 3429 2413 nos
3472 2357 3619 2412 dice-
3650 2359 3656 2365 '

2048 2473 2186 2522 mus,
2218 2459 2308 2527 qui
2330 2457 2482 2512 malis
2511 2456 2807 2511 innumeris
2832 2455 3008 2509 onusti
3052 2467 3267 2516 sumus,
3296 2451 3386 2521 qui
3417 2459 3621 2504 tantum

2050 2552 2310 2606 distamus
2346 2565 2378 2605 a
2429 2549 2650 2606 Joannis
2686 2549 2885 2603 virtute
2913 2588 2932 2615 ,
2975 2557 3234 2615 quantum
3270 2552 3412 2598 terra
3459 2539 3622 2596 distat

2049 2659 2078 2697 a
2106 2642 2282 2699 caelo?

2120 2737 2175 2791 4.
2229 2735 2324 2790 llic
2350 2748 2478 2805 ergo
2498 2749 2558 2789 se
2579 2733 2851 2803 indignum
2884 2745 3003 2786 esse
3030 2730 3102 2785 ait
3129 2728 3219 2801 qui
3246 2728 3420 2785 solvat
3443 2727 3614 2782 corri-

2048 2830 2187 2899 giam
2213 2828 2578 2884 calceamenti.
2604 2825 2807 2882 Inimici
2837 2835 3013 2881 autem
3040 2824 3279 2880 veritatis
3319 2824 3372 2877 in
3419 2830 3621 2877 tantam

2054 2931 2409 2993 prorumpunt
2446 2922 2706 2977 insaniam
2731 2962 2745 2987 ,
2781 2929 2840 2974 ut
2867 2919 3048 2974 dicant
3076 2933 3134 2973 se
3159 2932 3317 2972 nosse
3342 2916 3491 2971 illum
3515 2957 3530 2979 ,
3562 2923 3621 2967 ut

2051 3015 2165 3084 ipse
2188 3029 2247 3069 se
2270 3015 2434 3069 novit.
2461 3013 2575 3079 Qua
2608 3012 2838 3068 amentia
2871 3010 2998 3081 qttid
3024 3007 3305 3065 deterius?
3331 3022 3436 3077 qua
3464 3023 3618 3061 arro-

2050 3107 2228 3177 gantia
2250 3106 2375 3175 quid
2400 3104 2701 3161 furiosius?
2745 3103 2890 3158 Bene
2914 3103 3049 3157 dixit
3088 3102 3305 3170 sapiens
3356 3099 3569 3170 quidam
3604 3116 3619 3153 :

2053 3196 2373 3266 Principium
2392 3196 2641 3265 superbia:
2684 3211 2784 3247 non
2828 3210 2973 3247 nosse
3015 3192 3290 3245 Dominum
3316 3188 3500 3259 (Eccli.
3530 3189 3618 3242 I0.

2051 3290 2120 3345 14
2136 3288 2178 3362 ).
2206 3288 2321 3344 Non
2348 3288 2589 3358 dejectus
2618 3302 2715 3342 nec
2738 3286 2985 3341 diabolus
3011 3283 3231 3339 effectus
3278 3282 3466 3337 fuisset
3506 3281 3620 3333 dia-

2050 3383 2206 3439 bolus
2227 3382 2335 3449 ille,
2365 3382 2454 3452 qui
2478 3390 2602 3436 ante
2627 3379 2874 3435 diabolus
2912 3392 3018 3433 non
3043 3385 3178 3439 erat,
3216 3375 3316 3430 nisi
3338 3373 3440 3429 hoc
3481 3388 3626 3428 mor-

2048 3477 2119 3533 bo
2146 3486 2333 3547 captus
2358 3475 2565 3531 fuisset.
2592 3474 2705 3529 Hoc
2724 3473 2870 3528 illum
2897 3488 2925 3525 a
2953 3471 3173 3542 pristina
3196 3467 3385 3523 fiducia
3405 3466 3623 3536 deiecit,

2051 3569 2229 3624 hocin
2251 3568 2547 3639 gehennam
2599 3565 2833 3627 demisit,
2888 3563 2990 3617 hoc
3034 3561 3133 3631 ipsi
3188 3568 3345 3629 caput
3385 3558 3628 3613 omnium

2051 3662 2313 3716 malorum
2344 3658 2465 3713 fuit.
2494 3658 2606 3712 Hoc
2625 3657 2821 3727 quippe
2842 3654 3027 3708 vitium
3068 3667 3282 3707 omnem
3327 3649 3489 3704 animi
3518 3646 3629 3702 vir-

2053 3763 2216 3808 tutem
2246 3749 2550 3815 labefactat,
2597 3749 2994 3819 eleemosynam
3042 3758 3253 3814 nempe,
3302 3740 3626 3803 orationem,

2047 3846 2330 3918 jejunium,
2353 3842 2559 3913 quidvis
2584 3840 2747 3894 aliud.
2778 3838 3049 3893 Excelsum
3092 3836 3146 3890 in
3198 3833 3501 3899 hominibus,
3544 3832 3625 3885 in-

2053 3940 2186 4011 quit,
2212 3939 2469 4014 impurum
2490 3944 2563 3989 est
2589 3933 2727 4004 apud
2756 3931 3050 3984 Dominum.

2126 4028 2379 4098 Superbia
2407 4026 2544 4080 omni
2570 4026 2687 4078 vitio
2732 4024 2895 4094 pejor.
2936 4019 3107 4075 Homo
3149 4035 3393 4090 arrogans
3433 4017 3633 4070 acriter”

2054 4121 2394 4190 redarguitur.
2420 4117 2609 4174 —Non
2639 4116 2917 4172 foruicatio
2940 4116 3099 4186 igitur
3121 4155 3138 4180 ,
3171 4128 3275 4167 non
3308 4110 3629 4166 adulterium

2056 4224 2259 4270 tantum
2287 4213 2555 4267 hominem
2591 4210 2817 4281 polluit,
2863 4208 2962 4265 sed
2990 4208 3148 4263 etiam
3174 4216 3229 4260 et
3264 4205 3431 4260 multo
3461 4203 3630 4272 magis

2055 4306 2323 4377 superbia.
2356 4302 2573 4372 Quare?
2599 4302 2860 4370 Quoniam
2905 4299 3185 4355 fornicatio
3216 4297 3340 4352 licet
3362 4296 3515 4350 venia
3545 4297 3627 4348 in-

2055 4402 2214 4473 digna
2260 4401 2366 4466 sit,
2397 4407 2570 4469 potest
2616 4409 2791 4452 tamen
2820 4396 2939 4467 quis
2971 4392 3453 4461 concupiscentiam
3479 4404 3628 4459 prte-

2058 4492 2280 4547 tendere
2311 4508 2324 4546 :
2352 4488 2656 4559 arrogantia
2681 4502 2809 4541 vero
2836 4485 3033 4540 nullam
3066 4482 3222 4537 habet
3253 4494 3492 4543 musam,
3521 4494 3633 4532 non

2058 4588 2334 4642 obtentum
2359 4625 2375 4647 ,
2424 4597 2532 4653 quo
2575 4582 2657 4636 vel
2697 4580 2866 4636 veniae
2906 4578 3149 4633 umbram
3189 4584 3501 4631 mereatur:
3538 4574 3639 4628 sed

2060 4679 2195 4734 nihil
2220 4677 2365 4732 aliud
2391 4685 2476 4732 est
2500 4689 2657 4746 quam
2687 4675 2881 4729 mentis
2904 4671 3114 4727 eversio
3136 4710 3152 4736 ,
3181 4668 3399 4724 morbus
3425 4667 3633 4737 gravis-

2062 4770 2228 4824 simus
2255 4784 2322 4824 ex
2350 4784 2451 4821 una
2479 4765 2781 4837 insipientia
2819 4771 2988 4818 ortus.
3021 4761 3161 4816 Nihil
3184 4761 3327 4816 enim
3376 4757 3635 4828 insipien-

2062 4862 2167 4916 tius
2196 4869 2477 4931 arrogante
2520 4860 2734 4914 homine
2758 4900 2774 4925 ,
2801 4859 2905 4912 etsi
2937 4856 3373 4926 epulentissimus
3404 4855 3503 4918 sit,
3532 4850 3642 4906 etsi

2065 4962 2283 5006 externa
2314 4952 2400 5005 illa
2427 4952 2684 5019 sapientia
2710 4947 2993 5003 admodum
3024 4948 3329 5009 instructus,
3362 4951 3637 5014 quantum-

2064 5046 2145 5101 vis
2173 5055 2380 5116 potens,
2428 5043 2636 5099 etiamsi
2679 5058 2738 5097 ea
2769 5040 2945 5097 omnia
2989 5055 3110 5110 quas
3141 5037 3440 5094 hominibus
3478 5050 3640 5103 expe-

2068 5135 2224 5191 tenda
2251 5135 2497 5190 videntur
2522 5134 2782 5188 obtineat.
2811 5130 2942 5186 Nam
2970 5131 3015 5184 si
3043 5130 3086 5183 is
3109 5130 3198 5199 qui
3221 5129 3290 5183 de
3318 5127 3458 5181 veris
3485 5126 3643 5180 bonis

2066 5226 2323 5296 superbit,
2346 5225 2527 5279 infelix
2547 5239 2609 5278 ac
2631 5223 2812 5288 miser,
2839 5220 3076 5275 omnium
3104 5219 3311 5275 illorum
3337 5215 3647 5271 mercedem-

2068 5321 2310 5383 amittat;
2339 5319 2429 5389 qui
2457 5317 2523 5371 de
2554 5316 2617 5370 iis
2654 5331 2773 5386 quae
2816 5314 2947 5370 nihil
2976 5323 3101 5369 sunt
3138 5310 3425 5375 extollitur,
3454 5307 3545 5378 qui
3571 5323 3645 5362 ex.

2072 5414 2257 5465 umbra
2281 5419 2337 5467 et:
2380 5411 2502 5464 fteni
2531 5410 2681 5475 flore,
2712 5408 2763 5462 id
2789 5410 2937 5464 enim
2972 5415 3051 5461 est
3080 5406 3250 5459 inanis
3288 5404 3490 5473 gloria,
3518 5416 3647 5457 sese

2074 5505 2251 5570 inflat,
2282 5504 2553 5574 quomodo
2575 5518 2681 5557 non
2723 5502 2959 5556 omnium
3007 5500 3237 5553 maxime
3263 5495 3520 5553 ridiculus
3542 5498 3645 5560 sit,

2076 5616 2197 5656 cum
2228 5598 2454 5669 idipsum
2495 5607 2618 5669 agat
2660 5596 2799 5665 quod
2845 5608 3043 5664 pauper
3081 5599 3137 5646 et
3188 5588 3505 5655 mendicus,
3549 5589 3643 5660 qui

2142 5737 2158 5769 ι
2194 5743 2308 5793 Quae
2330 5735 2455 5783 intra
2474 5730 2799 5795 ρατεηιιιςιιεε
2828 5725 3159 5795 metuemus.
3174 5723 3320 5795 aliter
3338 5723 3577 5795 habent?!
3594 5724 3643 5795 i9

2081 5781 2300 5854 Morel:
2331 5781 2509 5855 uetnp'e
2537 5807 2548 5839 :
2577 5789 2755 5840 Paulus
2791 5787 2939 5847 enim,
2957 5787 3025 5855 _de
3061 5781 3208 5846 justis
3238 5789 3433 5849 loquens
3458 5821 3471 5846 ,
3508 5781 3647 5844 dicit,

2093 5850 2339 5918 «Quorum
2359 5850 2530 5917 digitus
2560 5864 2653 5903 non
2684 5858 2788 5902 erat
2820 5850 3041 5900 mundus.
3078 5867 3101 5894 ι
