4094 6370
491 445 594 505 107

487 581 704 639 semper
747 565 1022 625 famelicus
1046 608 1064 638 ,
1093 569 1139 624 si
1180 573 1347 623 semel
1395 570 1575 625 laetum
1603 572 1868 625 somnium
1912 580 2071 626 noctu

494 659 725 725 viderit,
754 659 876 714 ideo
901 660 1207 730 glorietur?
1231 660 1416 716 Infelix
1450 671 1505 717 et
1524 664 1722 731 miser,
1742 663 1867 719 dum
1892 666 2067 719 anima

492 759 579 803 tua
608 751 927 819 gravissimo
947 751 1137 808 morbo
1158 754 1541 825 corrumpitur,
1569 766 1808 811 extrema
1833 772 2065 828 pauper-

487 848 594 893 tate
624 841 903 906 laborans,
942 842 1110 896 altum
1162 845 1304 913 sapis
1330 886 1346 912 ,
1393 846 1536 916 quod
1583 854 1663 902 tot
1705 849 1901 903 talenta
1948 850 2066 906 auri

486 929 705 995 habeas,
731 931 870 1000 quod
897 946 1177 989 servorum
1210 936 1414 991 turbam
1438 938 1451 991 l
1487 936 1679 993 Verum
1707 938 1821 995 haec
1846 956 1951 996 non
1977 950 2063 996 tua

482 1032 627 1077 sunt.
652 1023 706 1077 Si
730 1023 856 1077 mihi
885 1040 988 1080 non
1014 1027 1210 1089 credis,
1236 1028 1463 1083 aliorum
1488 1030 1712 1084 divitum
1734 1034 2064 1102 experientia

481 1113 537 1169 id
561 1113 760 1170 edisce.
784 1113 877 1169 Sin
925 1117 993 1169 ita
1035 1117 1217 1173 ebrius
1245 1134 1325 1181 es,
1355 1129 1413 1173 ut
1454 1120 1757 1191 hujusmodi
1804 1126 2064 1194 exemplis

483 1223 590 1262 non
621 1208 913 1263 instituaris
934 1250 949 1275 ,
980 1211 1256 1281 paululum
1293 1222 1545 1281 exspecta
1568 1255 1583 1278 ,
1613 1224 1669 1270 et
1694 1218 2062 1285 experimento

484 1307 575 1355 tuo
604 1299 832 1363 edisces,
856 1301 988 1356 nihil
1016 1302 1140 1357 hinc
1160 1303 1252 1356 tibi
1278 1304 1518 1359 utilitatis
1543 1306 1821 1374 accedere,
1849 1308 2061 1378 quando

480 1390 709 1445 animam
737 1390 956 1458 efﬂans,
985 1407 1085 1448 nec
1110 1392 1256 1449 hora:
1292 1410 1392 1449 nec
1414 1397 1671 1452 momenti
1699 1399 1855 1455 unius
1883 1399 2057 1456 domi-

477 1495 580 1534 nus
602 1522 618 1547 ,
648 1480 762 1536 haec
792 1482 987 1537 invitus
1010 1485 1362 1554 praesentibus
1388 1486 1656 1557 relinques
1678 1526 1694 1554 ,
1721 1489 1892 1561 iisque
1914 1506 2059 1563 saepe

473 1571 667 1641 quibus
695 1572 890 1628 nolles.
919 1572 1097 1628 Multis
1124 1575 1266 1630 enim
1294 1591 1394 1630 nec
1422 1576 1491 1632 de
1528 1578 1593 1631 iis
1618 1577 1905 1649 disponere
1935 1596 2056 1651 per-

474 1663 695 1717 missum
729 1664 854 1731 fuit,
882 1664 979 1719 sed
1029 1675 1250 1735 repente
1300 1667 1632 1737 migrarunt,
1673 1669 1799 1724 dum
1849 1672 1915 1726 iis
1948 1671 2053 1727 frui

470 1759 755 1822 optarent,
788 1769 887 1810 nec
914 1770 1228 1812 concessum
1256 1757 1363 1813 illis
1392 1768 1505 1827 est,
1532 1760 1627 1816 sed
1664 1763 1918 1820 abstracti
1944 1805 1959 1831 ,
1989 1780 2053 1822 ac

471 1860 568 1914 per
593 1846 698 1900 vim
724 1846 973 1913 abducti,
1005 1848 1123 1903 aliis
1142 1889 1157 1914 ,
1183 1849 1374 1920 quibus
1422 1851 1643 1908 minime
1672 1854 1955 1924 volebant,
1983 1873 2051 1912 ea

470 1937 815 2008 reliquerunt.
837 1937 986 2006 Quod
1020 1954 1089 1995 ne
1125 1940 1281 1996 nobis
1322 1942 1558 2006 accidat,
1592 1942 1718 1999 hinc
1742 1944 1853 2014 jam
1876 1987 1892 2015 ,
1918 1947 2047 2003 dum

469 2043 566 2099 per
581 2030 940 2086 valetudinem
965 2031 1108 2099 licet,
1131 2033 1405 2089 mittamus
1426 2034 1480 2088 in
1500 2034 1769 2091 civitatem
1786 2049 2048 2094 nostram.

468 2120 564 2174 illo
587 2121 731 2175 enim
756 2128 957 2175 tantum
987 2122 1147 2177 modo
1177 2122 1264 2178 his
1293 2122 1397 2178 frui
1424 2124 1752 2194 poterimus,
1781 2127 1916 2183 alias
1939 2130 2041 2184 mi-

1254 451 1313 509 S.
1350 450 1629 513 JOANNIS
1664 453 2133 512 CHRYSOSTOMI
2172 452 2489 515 Αῐιοιπειο.
2528 457 3062 523 ΜΤΔΝῚἸΝΟΡ.

3662 480 3762 536 ίϋϐ

2182 570 2474 629 nime:sic
2516 575 2569 630 in
2616 579 2941 637 tutissimum
2987 582 3166 641 locum
3213 590 3588 653 recoudemns.
3621 595 3757 653 Nihil

2176 665 2351 733 enim,
2407 667 2541 723 nihil
2588 672 2773 742 utique
2824 685 3001 745 potest
3050 693 3112 733 ea
3166 680 3325 737 istinc
3362 685 3606 752 auferre,
3652 704 3759 745 non

2172 771 2316 812 mors
2335 796 2351 824 ,
2379 775 2483 815 non
2521 771 2834 820 testamenta
2856 808 2873 834 ,
2922 783 3031 825 non
3053 771 3415 831 hereditatum
3451 782 3720 836 successio
3738 823 3759 851 ,

2172 862 2279 903 non
2309 854 2673 922 sycophantiae
2699 857 2781 913 vel
2828 859 3035 916 insidiae
3065 881 3078 926 ;
3107 865 3201 920 sed
3229 867 3316 936 qui
3346 867 3469 924 hinc
3518 871 3760 931 abscedit

2169 940 2336 995 multa
2365 957 2546 999 secum
2595 946 2804 1014 ferens,
2837 951 2902 1006 iis
2927 964 3180 1023 perpetuo
3208 957 3431 1015 fruetur.
3459 962 3592 1031 Quis
3630 982 3758 1037 ergo

2168 1034 2247 1089 sic
2271 1036 2439 1092 miser
2465 1046 2579 1105 est,
2607 1042 2696 1111 qui
2738 1044 2869 1099 nolit
2910 1058 3041 1100 cum
3075 1053 3315 1119 pecuniis
3342 1057 3454 1111 suis
3494 1068 3752 1115 :eternum

2166 1123 2441 1182 deliciari?
2473 1129 2877 1189 Trausferamus
2923 1153 3052 1209 ergo
3093 1141 3309 1198 divitias
3352 1157 3565 1205 nostras
3590 1192 3605 1216 ,
3647 1154 3756 1210 illic

2168 1219 2519 1290 deponamns.
2568 1226 2683 1284 Non
2726 1232 2881 1287 nobis
2924 1249 3057 1304 opus
3101 1239 3205 1293 erit
3255 1242 3454 1307 asinis,
3495 1251 3752 1319 camelis,

2165 1311 2441 1379 curribus,
2491 1331 2596 1371 non
2647 1322 2868 1377 navibus
2915 1326 2981 1380 ad
3029 1328 3143 1384 haec
3188 1336 3579 1392 transvehenda
3612 1359 3624 1392 :
3656 1341 3755 1398 hac

2163 1399 2476 1461 difﬁcultate
2501 1423 2599 1465 nos
2624 1413 2817 1482 eripuit
2854 1416 3024 1485 Deus;
3069 1422 3162 1475 sed
3191 1440 3326 1492 opus
3357 1437 3557 1484 tantum
3585 1431 3753 1488 habe-

2162 1506 2281 1546 mus
2309 1499 2630 1566 pauperibus
2655 1543 2669 1566 ,
2699 1503 2904 1560 claudis
2929 1548 2944 1574 ,
2974 1511 3160 1576 caecis,
3209 1515 3456 1574 infirmis.
3512 1523 3603 1577 llis
3632 1526 3749 1581 talis

2160 1589 2512 1654 comportatio
2536 1590 2850 1651 demandata
2873 1608 2956 1653 est
2980 1616 2994 1654 :
3025 1602 3075 1657 bi
3100 1608 3353 1673 pecunias
3383 1615 3748 1673 transmittunt

2159 1674 2212 1731 in
2235 1680 2459 1748 czelum;
2489 1684 2541 1739 hi
2570 1688 2753 1743 talium
2788 1707 3128 1760 possessores
3152 1714 3312 1769 opum
3343 1704 3393 1759 in
3420 1716 3743 1766 aeternorum

2158 1767 2510 1831 hereditatem
2553 1778 2817 1837 bonorum
2860 1788 3156 1855 perducunt
3180 1767 3201 1857 ;
3234 1811 3391 1864 quam
3434 1816 3533 1856 nos
3558 1819 3747 1862 omnes

2154 1865 2368 1935 assequi
2398 1871 2671 1941 contingat
2699 1877 2868 1944 gratia
2895 1888 2951 1934 et
2977 1879 3305 1953 benignitate
3336 1890 3545 1948 Domini
3571 1901 3738 1954 nostri

2152 1951 2282 2010 Jesu
2321 1956 2552 2027 Christi,
2602 1978 2702 2033 per
2734 1982 2893 2037 quem
2941 1980 2997 2026 et
3043 1951 3163 2030 cum
3191 1993 3298 2047 quo
3344 1981 3486 2038 Patri
3529 1987 3697 2056 gloria
3724 2031 3740 2055 ,

2150 2059 2255 2100 una
2296 2062 2416 2104 cum
2446 2052 2645 2122 Spiritu
2677 2070 2892 2129 sancto,
2924 2080 3065 2122 nunc
3105 2078 3160 2125 et
3195 2086 3411 2145 semper
3432 2118 3451 2147 ,
3483 2052 3615 2137 et‘in
3641 2052 3746 2139 δωέ

2152 2137 2267 2191 cula
2299 2141 2639 2200 saeculorum.
2669 2149 2862 2206 Amen.

472 2252 3741 2326 -ξ--ξ-ἊἉἏ

1784 2339 2131 2409 HOMILIA
2172 2347 2374 2414 XVII.

470 2477 561 2533 28.
599 2477 724 2534 Haec
750 2481 893 2550 facta
923 2492 1040 2535 sunt
1065 2482 1117 2535 in
1142 2481 1391 2537 Bethania
1411 2484 1426 2515 ¹
1457 2492 1596 2541 trans
1620 2483 1900 2541 Iordanem
1919 2529 1935 2554 ,
1965 2490 2051 2543 ubi

533 2580 643 2624 erat
670 2569 898 2627 Joannes
928 2573 1208 2645 baptizans.
1251 2573 1344 2631 29.
1374 2575 1550 2629 Altera
1592 2586 1763 2632 autem
1809 2578 1893 2633 die
1919 2581 2048 2635 videt

538 2660 717 2716 Jesum
741 2665 1013 2718 venientem
1036 2665 1105 2719 ad
1129 2681 1201 2728 se,
1225 2677 1272 2720 et
1292 2667 1406 2722 ait:
1434 2666 1567 2722 Ecce
1592 2684 1753 2739 agnus
1783 2668 1875 2724 Dei
1893 2710 1909 2737 ,
1937 2688 2049 2727 ecce

532 2754 618 2825 qui
645 2756 777 2809 tollit
807 2768 1012 2826 peccata
1035 2759 1233 2814 mundi.

539 2848 594 2901 1.
632 2846 880 2919 Magnum
924 2849 1122 2906 bonum
1166 2850 1356 2907 fiducia
1402 2863 1458 2908 et
1494 2853 1744 2924 loquendi
1793 2856 2043 2924 libertas,

467 2936 751 3007 omniaque
790 2938 989 2994 Christi
1028 2940 1351 2996 confessioni
1404 2952 1764 3013 postponere;
1810 2947 1881 3000 ita
1931 2962 2044 3001 ma-

462 3041 625 3096 gnum
651 3036 707 3083 et
731 3028 995 3094 mirabile,
1025 3040 1082 3085 ut
1110 3030 1277 3088 Filius
1302 3032 1394 3087 Dei
1425 3035 1729 3104 unigenitus
1761 3038 1917 3092 talem
1940 3037 2041 3092 ho-

467 3118 665 3174 minem
692 3135 872 3175 eoram
913 3121 1070 3178 Patre
1117 3123 1369 3192 ιιι-ίυιίὶεει
1401 3142 1415 3181 :
1446 3126 1546 3181 etsi
1574 3142 1680 3183 non
1718 3130 1939 3199 aequalis
1964 3134 2035 3189 sit

461 3224 688 3265 merces.
719 3210 796 3265 Tu
824 3213 966 3267 enim
995 3214 1270 3270 confiteris
1297 3216 1351 3271 in
1385 3226 1563 3285 terra;
1594 3220 1683 3275 ille
1710 3235 1839 3276 vero
1866 3225 2035 3278 conti-

460 3310 599 3356 tetnr
624 3302 674 3355 in
704 3304 848 3357 caelis
874 3321 888 3356 :
911 3315 966 3358 tu
993 3304 1295 3362 hominibus
1322 3309 1705 3377 praesentibus;
1737 3313 1828 3369 ille
1856 3328 2035 3370 coram

458 3391 614 3448 Patre
651 3402 706 3449 et
747 3396 951 3465 angelis
990 3397 1262 3454 omnibus.
1306 3399 1451 3455 Talis
1478 3410 1593 3456 erat
1620 3401 1856 3460 Joannes
1886 3421 1901 3458 :
1929 3422 2035 3461 non

457 3485 871 3554 multitudinem,
901 3504 1004 3544 non
1035 3491 1288 3560 gloriam,
1318 3508 1424 3548 non
1455 3494 1597 3550 aliud
1623 3496 1837 3567 quidvis
1866 3499 2037 3571 respi-

453 3576 656 3642 ciebat;
687 3578 781 3633 sed
813 3579 927 3634 inec
952 3582 1132 3636 omnia
1176 3582 1453 3651 calcabat,
1482 3593 1539 3640 et
1567 3600 1689 3641 cum
1718 3602 1780 3643 ea
1808 3604 1911 3659 qua
1940 3604 2036 3659 par

450 3675 566 3721 erat
591 3667 835 3724 libertate
861 3685 981 3740 qua:
996 3672 1192 3728 Christi
1222 3685 1376 3728 erant
1404 3675 1654 3731 omnibus
1684 3679 2033 3747 praedicabat.

452 3757 574 3813 Ideo
600 3759 772 3814 locum
800 3761 993 3817 indicat
1022 3766 1372 3834 evangelista,
1406 3775 1464 3821 ut
1490 3769 1811 3825 vocalissimi
1836 3786 2033 3841 praeco-

449 3851 532 3905 nis
567 3851 812 3907 fiduciam
842 3854 1170 3910 ostenderet.
1216 3855 1329 3911 Non
1352 3856 1531 3925 domi,
1574 3876 1679 3915 non
1710 3862 1762 3915 in
1797 3863 2029 3933 angulo,

456 3958 562 3996 non
615 3942 667 3996 itt
717 3943 933 3999 deserto
977 3946 1019 4009 ³,
1070 3946 1162 3999 sed
1190 3946 1254 4001 ad
1280 3947 1565 4004 Jordanem
1600 3952 1649 4005 in
1680 3952 1857 4007 medio
1888 3954 2028 4008 mul-

448 4034 708 4101 titudinis,
736 4037 1194 4108 prtesentibusque
1228 4041 1475 4096 omnibus
1495 4043 1584 4111 qui
1611 4042 1679 4098 ab
1706 4045 1822 4114 ipso
1851 4045 2026 4116 bapti-

444 4125 702 4180 zabantur
730 4135 743 4191 (
769 4126 992 4182 aderant
1014 4129 1157 4183 enim
1194 4130 1362 4185 Judaei
1385 4133 1428 4201 ),
1457 4134 1752 4189 mirabilem
1785 4137 1926 4191 illam
1956 4137 2025 4195 de

443 4214 660 4271 Christo
683 4217 993 4289 praedicavit
1022 4220 1414 4278 confessionem
1445 4223 1785 4295 sublimibus,
1816 4231 2023 4299 magnis

439 4307 751 4379 arcanisque
780 4309 990 4380 plenam
1020 4310 1357 4383 dogmatibus
1376 4356 1390 4380 ,
1420 4316 1563 4385 quod
1595 4334 1703 4373 non
1732 4329 1875 4375 esset
1907 4321 2022 4391 ipse

437 4401 631 4472 dignus
654 4403 742 4472 qui
770 4404 1053 4476 corrigiam
1076 4406 1426 4463 calceamenti
1453 4409 1570 4478 ejus
1593 4412 1847 4468 solveret.
1877 4414 2021 4481 Quo-

438 4494 598 4549 modo
627 4504 804 4550 antem
845 4495 898 4551 id
923 4496 1066 4567 agit?
1097 4497 1192 4553 His
1219 4514 1415 4570 nempe
1440 4501 1619 4558 verbis
1644 4521 1657 4557 :
1686 4502 1812 4557 Ηαεο
1837 4505 1890 4559 in
1919 4504 2019 4560 Be-

435 4586 614 4641 thania
638 4590 774 4657 facta
801 4598 943 4642 sunt.
984 4589 1328 4647 Accuratiora
1357 4602 1537 4648 autem
1568 4598 1889 4666 exemplaria
1919 4598 2017 4653 ha-

432 4677 594 4745 bent,
625 4678 694 4733 In
739 4677 1049 4736 Bethabara.
1097 4681 1230 4737 Nam
1274 4683 1531 4740 Bethania
1577 4703 1684 4742 non
1730 4698 1816 4743 est
1869 4698 2016 4747 trans

428 4768 741 4839 Jordanem,
767 4786 940 4843 neque
966 4773 1018 4827 in
1045 4773 1280 4842 deserto,
1299 4777 1392 4832 sed
1417 4794 1580 4849 prope
1598 4779 2012 4854 Jerosolymam.

430 4858 571 4917 Loca
620 4871 799 4917 autem
859 4864 963 4918 alia
1008 4865 1171 4921 etiam
1216 4866 1285 4923 de
1346 4884 1505 4924 causa
1548 4872 1831 4941 significat.
1875 4874 2010 4931 Cum

426 4953 572 5007 enim
600 4968 688 5008 res
714 4969 817 5008 non
843 4956 1088 5027 antiquas
1105 4999 1125 5024 ,
1163 4959 1260 5019 sed
1287 4975 1408 5032 qme
1436 4962 1594 5032 paulo
1619 4974 1743 5020 ante
1770 4968 2009 5039 contige-

425 5054 584 5111 rant,
615 5054 926 5101 narraturus
954 5056 1137 5116 esset,
1163 5049 1282 5105 illos
1311 5051 1398 5121 qui
1429 5053 1652 5108 aderant
1681 5065 1734 5109 et
1764 5057 2008 5115 viderant

420 5134 685 5189 dictorum
733 5143 897 5190 testes
945 5136 1207 5207 advocat,
1235 5156 1409 5211 exque
1460 5143 1591 5199 locis
1642 5146 2004 5204 testimonium

420 5228 635 5299 accipit.
666 5228 801 5284 Cum
830 5226 972 5284 enim
1020 5229 1210 5286 fideret
1255 5248 1314 5288 se
1357 5234 1487 5288 nihil
1519 5238 1725 5291 veritati
1773 5240 2005 5307 addere,

418 5322 511 5377 sed
535 5338 597 5379 ea
623 5338 743 5393 qua:
765 5330 911 5393 gesta
941 5322 1151 5379 fuerant
1171 5341 1296 5381 vere
1316 5335 1371 5381 et
1397 5329 1708 5398 simpliciter
1727 5347 2000 5402 enarrare,

417 5428 445 5467 a
476 5414 594 5470 loco
625 5415 987 5469 testimonium
1032 5416 1259 5487 accipit,
1290 5435 1410 5489 quae
1439 5437 1544 5476 non
1590 5422 1745 5489 levis,
1774 5434 1833 5478 ut
1858 5424 1999 5493 dixi,

478 5583 496 5614 ¹
533 5580 705 5647 Aliqui
736 5583 945 5647 legunt,
980 5584 1032 5637 in
1080 5587 1345 5640 Bethabara
1372 5603 1391 5641 :
1431 5593 1502 5642 sic
1533 5588 1581 5643 in
1614 5596 1998 5647 accuratioribns

417 5643 1009 5720 esemplaribus‘legitnr,
1032 5650 1187 5713 inquit
1218 5651 1341 5720 infra
1374 5643 1772 5720 Chrysostomus,
1792 5643 1995 5720 ditia:

412 5702 483 5751 dit
519 5702 792 5784 Ilsethaniam
827 5702 921 5784 non
958 5702 1873 5784 trans'Jord_anem_ves§eIsti—prope
1909 5702 1992 5770 36-

411 5763 718 5836 rosolymam.
763 5770 958 5827 Quidam
994 5780 1162 5836 putant
1195 5776 1335 5825 aliam
1378 5763 1991 5836 ιιίόϊὲθὶιιὶίιῖιῖιῖἷηὶὼὀ-

410 5826 523 5883 rari,
538 5826 650 5883 Quae
680 5829 743 5877 sit
764 5826 897 5879 tuus
917 5826 1188 5883 Jorilanem.

475 5888 496 5917 ³
528 5886 670 5948 illud,
695 5904 787 5940 non
808 5892 857 5941 in
892 5899 1097 5954 deserto,
1123 5896 1265 5948 deest
1289 5899 1337 5947 in
1359 5898 1599 5961 plurimis.

2155 2492 2329 2552 futura
2366 2509 2484 2555 erat
2522 2504 2761 2563 veritatis
2789 2508 3209 2574 demonstratio.
3244 2522 3419 2580 Altera
3453 2539 3620 2584 autem
3657 2534 3740 2588 die

2150 2587 2272 2641 vidit
2290 2588 2514 2648 Joannes
2541 2595 2575 2649 J
2580 2613 2718 2652 esum
2738 2602 3010 2661 venientem
3030 2610 3100 2663 ad
3117 2628 3196 2679 se,
3224 2623 3273 2668 et
3293 2618 3366 2671 ait
3388 2633 3409 2673 :
3428 2619 3561 2676 Ecce
3574 2641 3736 2695 agnus

2151 2675 2281 2743 Dei,
2309 2681 2396 2749 qui
2425 2684 2557 2740 tollit
2598 2701 2801 2758 peccata
2836 2699 3032 2754 mundi.
3062 2675 3456 2765 Distribuerunt
3497 2675 3733 2786 tempora

2153 2772 2495 2842 evangelista:
2518 2794 2533 2831 :
2558 2778 2836 2841 Matthaeus
2874 2797 3113 2861 tempora
3143 2810 3263 2865 quae
3299 2798 3519 2859 Joannis
3557 2772 3736 2878 Bapti-

2152 2871 2251 2918 stre
2285 2866 2494 2924 vincula
2537 2884 2928 2940 praecesserunt
2977 2882 3211 2943 breviter
3236 2899 3636 2967 transcurrens,
3664 2902 3732 2956 ad

2155 2960 2433 3027 sequentia
2464 2974 2754 3035 properat;
2795 2968 3030 3030 Joannes
3058 2986 3236 3035 autem
3267 2988 3592 3057 evangelista
3621 2960 3728 3048 non

2153 3049 2314 3104 modo
2356 3050 2473 3109 haec
2522 3071 2628 3112 non
2674 3059 2911 3119 breviter
2958 3074 3350 3141 praetercurrit,
3395 3049 3489 3135 sed
3542 3082 3598 3137 in
3646 3083 3729 3141 his

2151 3143 2379 3199 maxime
2410 3145 2747 3207 immoratur.
2772 3154 2885 3222 Ille,
2917 3169 3196 3233 postquam
3221 3169 3367 3225 venit
3390 3170 3547 3229 Jesus
3573 3188 3605 3230 e
3629 3176 3728 3232 de-

2144 3247 2308 3303 serto,
2340 3238 2669 3299 intermediis
2690 3248 2934 3317 omissis;
2960 3255 3106 3310 verbi
3135 3261 3328 3328 gratia,
3352 3278 3471 3332 qua:
3492 3263 3729 3325 Joannes

2141 3326 2389 3397 loquutus
2416 3342 2530 3398 est,
2558 3350 2677 3406 qua:
2726 3342 2997 3399 mittentes
3041 3326 3211 3406 Judaei
3254 3326 3530 3421 diae-runt;
3559 3370 3722 3417 caete-

2141 3419 2323 3491 risque
2353 3424 2529 3481 missis
2555 3431 2825 3499 omnibus,
2857 3437 3034 3492 statim
3066 3442 3276 3498 transiit
3301 3446 3367 3501 ad
3401 3462 3712 3507 carcerem:

2138 3507 2266 3564 Cum
2333 3515 2591 3584 audisset,
2649 3520 2849 3592 inquit,
2892 3526 3074 3593 Jesus,
3122 3533 3263 3601 quod
3307 3536 3529 3595 traditus
3578 3551 3738 3598 esset.

2136 3601 2399 3671 Joannes,
2416 3613 2617 3666 secessit
2646 3615 2761 3670 inde
2786 3616 2808 3687 (
2834 3618 3019 3675 Matth.
3058 3623 3144 3678 14.
3181 3626 3303 3696 i5).
3335 3627 3571 3689 Joannes
3591 3649 3720 3691 vero

2092 3728 2095 3729 ν
2138 3712 2242 3751 non
2274 3700 2382 3766 sic,
2411 3702 2505 3757 sed
2533 3707 2913 3774 profectionem
2945 3714 2995 3767 in
3024 3714 3293 3775 desertum
3323 3726 3503 3792 tacuit,
3534 3737 3717 3798 utpote

2134 3788 2437 3847 aMatthteo
2479 3807 2766 3866 narratam;
2795 3816 2858 3855 ea
2900 3820 3025 3859 vero
3070 3824 3189 3878 quae
3232 3821 3353 3882 post
3397 3815 3712 3874 descensum

2134 3892 2199 3933 ex
2241 3892 2421 3938 monte
2444 3898 2593 3955 gesta
2641 3902 2767 3945 sunt
2809 3897 3072 3963 narravit,
3100 3909 3155 3954 et
3198 3904 3361 3958 multa
3395 3918 3716 3975 praetercur-

2132 3986 2258 4026 reus
2281 3974 2463 4045 adjicit
2491 3993 2503 4027 :
2537 3979 2780 4037 Nondum
2809 3988 2940 4039 enim
2972 3991 3155 4047 missus
3199 3996 3364 4064 fuerat
3407 3998 3633 4056 Joannes
3660 4005 3713 4058 in

2130 4080 2381 4157 carcerem
2409 4069 2589 4138 (Joan.
2631 4075 2685 4129 5.
2712 4076 2826 4150 ‘24).
2858 4080 2922 4135 Et
2949 4096 3046 4137 cur
3064 4125 3080 4150 ,
3114 4085 3319 4157 inquies
3342 4131 3356 4155 ,
3390 4108 3532 4148 nunc
3555 4095 3713 4152 Jesus

2129 4156 2276 4211 venit
2302 4158 2368 4213 ad
2389 4160 2649 4220 Joannem
2668 4182 2772 4222 non
2795 4173 2981 4239 semel,
3009 4175 3103 4230 sed
3133 4156 3248 4233 bis?
3276 4180 3406 4237 Nam
3431 4184 3711 4243 Matthzeus

2127 4249 2341 4318 quidem
2371 4259 2678 4313 necessario
2719 4261 2866 4317 illum
2905 4266 2970 4319 ad
3017 4266 3277 4338 baptisma
3309 4276 3520 4331 venisse
3549 4279 3706 4347 dicit;

2128 4341 2179 4396 id
2200 4345 2337 4414 quod
2366 4350 2652 4407 ostendens
2676 4352 2832 4410 Jesus
2857 4357 3068 4428 adjicit:
3093 4360 3183 4417 Sic
3211 4364 3349 4419 decet
3374 4384 3466 4422 nos
3491 4341 3704 4440 implere

2125 4451 2321 4490 omnem
2340 4440 2595 4509 justitiam
2625 4445 2839 4515 (Matth.
2860 4451 3001 4507 5.15
3031 4452 3073 4524 ).
3093 4454 3327 4513 Joannes
3356 4475 3483 4516 vero
3512 4464 3702 4520 iterum

2124 4529 2334 4585 venisse
2351 4532 2498 4587 illum
2519 4533 2652 4591 dicit
2673 4548 2791 4606 post
2811 4540 3069 4611 baptisma
3095 4560 3110 4611 ;
3141 4548 3191 4602 id
3214 4550 3353 4619 quod
3370 4552 3544 4622 palam
3578 4556 3704 4612 facit

2122 4618 2207 4676 his
2254 4625 2429 4680 verbis
2459 4643 2473 4680 :
2500 4626 2613 4700 Ego
2666 4632 2771 4685 uidi
2816 4632 3067 4703 Spiritum
3126 4618 3504 4699 descendentem
3554 4650 3703 4714 quasi

2120 4712 2403 4770 columbam
2424 4758 2438 4784 ,
2469 4728 2516 4772 et
2543 4733 2820 4778 manentem
2848 4742 2999 4796 super
3024 4746 3136 4783 eum
3164 4731 3342 4801 (Joan.
3366 4736 3417 4789 1.
3447 4712 3703 4808 52).-(Συι’

2111 4986 2221 5042 Cur
2248 5004 2379 5061 ergo
2399 4994 2582 5048 venit?
2612 4995 2745 5064 Quia
2780 4998 2869 5053 ille
2896 5000 3068 5069 ipsum
3091 5018 3213 5059 cum
3243 5008 3421 5063 multis
3449 5010 3693 5080 baptiza-

2111 5079 2206 5143 vit,
2232 5080 2303 5135 ita
2331 5088 2392 5137 ut
2418 5098 2578 5140 nemo
2607 5088 2967 5156 suspicaretur
2996 5093 3165 5161 ipsum
3187 5097 3375 5152 eadem
3405 5100 3473 5156 de
3498 5079 3683 5172 causa,

2109 5184 2211 5239 qua
2238 5170 2324 5225 alil
2350 5213 2365 5239 ,
2396 5174 2461 5228 ad
2491 5174 2748 5232 Joannem
2793 5184 3085 5238 accessisse
3106 5225 3119 5248 ,
3154 5197 3207 5240 ut
3238 5189 3441 5245 scilicet
3469 5170 3685 5261 peccata

2107 5263 2468 5331 confiteretur,
2493 5275 2548 5321 et
2569 5267 2620 5322 in
2646 5271 3009 5339 peenitenliam
3031 5276 3336 5335 ablueretur
3362 5284 3413 5337 in
3445 5284 3683 5343 flumine.

2107 5350 2230 5407 ideo
2255 5356 2479 5422 accedit,
2511 5357 2645 5416 dans
2686 5361 2874 5419 Joanni
2915 5367 3110 5431 locum,
3141 5379 3194 5424 ut
3223 5371 3382 5427 talem
3409 5390 3676 5435 amoveret

2103 5445 2483 5516 suspicionem.
2523 5450 2655 5507 Nam
2699 5469 2822 5510 cum
2870 5456 3038 5523 dicit,
3070 5458 3205 5515 Ecce
3245 5479 3411 5533 agnus
3435 5465 3567 5534 Dei,
3596 5471 3681 5538 qui

2102 5536 2234 5591 tollit
2263 5550 2522 5608 peccatum
2548 5546 2759 5611 mundi,
2794 5555 2958 5602 totam
2998 5549 3140 5605 illam
3171 5551 3394 5623 depellit
3420 5536 3683 5628 suspicio-

2100 5642 2245 5684 nem.
2290 5629 2390 5698 Qui
2441 5634 2584 5688 enim
2633 5636 2705 5691 ita
2754 5652 2917 5707 purus
2949 5649 3063 5705 est,
3110 5650 3170 5697 ut
3204 5644 3430 5701 aliorum
3462 5658 3679 5717 peccata

2099 5718 2269 5786 possit
2294 5721 2548 5788 abluere,
2583 5724 2629 5778 is
2651 5765 2666 5789 ,
2695 5735 2753 5781 ut
2782 5729 2954 5796 palam
2980 5738 3082 5795 est,
3117 5745 3224 5788 non
3249 5744 3308 5788 ut
3330 5746 3547 5806 peccata
3579 5753 3677 5794 sua

2095 5810 2414 5868 conﬁteatur
2437 5816 2673 5883 accedit,
2718 5818 2813 5873 sed
2862 5829 2918 5875 ut
2961 5822 3275 5880 admirando
3321 5826 3394 5880 illi
3443 5831 3676 5897 prmoni

2098 5901 2434 5958 occasionem
2476 5905 2710 5975 prazbeat
2734 5951 2750 5977 ,
2791 5919 2849 5964 ut
2898 5912 3129 5968 secunda
3161 5917 3490 5987 repetitaque
3542 5935 3671 5974 voee
