4094 6370
317 413 415 469 107

302 526 412 615 δέν,
435 525 529 615 δτε
555 524 943 615 ψυχορραγῶν,
981 531 1073 585 καὶ
1104 532 1225 587 οὑδὲ
1252 533 1401 607 ὥρας
1442 538 1592 607 μιᾶς,
1626 542 1761 612 μηδὲ
1799 546 1888 615 ρο-

306 610 409 679 πῆς
432 609 693 678 βραχείας
712 610 899 681 κύριος
914 612 1009 676 ὢν,
1029 616 1177 669 ἄκων
1200 620 1281 680 εἰς
1303 622 1429 683 τοὺς
1451 609 1726 692 παρόντας
1746 609 1887 679 αὑτά

306 692 649 761 καταλείψεις
668 706 719 756 α,
751 696 845 749 καὶ
877 698 1096 761 τούτους
1127 700 1403 769 πολλάκις,
1427 703 1521 767 οὓς
1544 707 1643 758 οὑκ
1659 707 1885 769 ἐθέλεις.

307 775 495 861 ῌολλοὶ
522 776 781 861 γάρούδέ
811 780 1113 851 ἐπισκῆψαι
1170 783 1301 855 περὶ
1331 786 1512 838 αὐτῶν
1570 792 1885 861 συνεχωρή-

305 858 495 929 θησαν,
537 859 653 911 ἀλλ’
683 861 923 930 ἀπῆλθον
962 864 1180 935 ἀθρόον,
1229 866 1539 939 βουλόμενοι
1581 871 1680 941 μὲν
1709 858 1888 927 αὐτῶν

300 940 617 1005 ἀπολαύειν,
649 943 709 995 ού
745 947 1184 1017 συγχωρούμενοι
1212 949 1290 1013 δὲ,
1319 951 1453 1005 ἀλλά
1471 940 1772 1024 ἑλκόμενοι.
1795 958 1888 1010 καὶ⁵

303 1024 509 1109 ἑτέροις
535 1024 715 1109 αὐτῶν
741 1027 1102 1098 ἐξιστάμενοι,
1138 1032 1231 1085 καὶ
1262 1034 1400 1102 μετά
1449 1035 1571 1106 βίας
1624 1057 1886 1109 παραχω-

299 1106 529 1192 ροῦντες
569 1102 652 1192 οἷς
687 1110 787 1162 οὑκ
820 1110 1122 1167 ἐϐούλοντο.
1156 1114 1333 1187 Ὅπερ
1365 1102 1460 1170 ἵνα
1489 1120 1565 1190 μὴ
1605 1102 1884 1192 πάθωμεν,

301 1189 549 1274 ἐντεῦθεν
577 1190 675 1260 ἤδη
711 1193 1013 1264 ἐρρωμένοι
1042 1197 1137 1250 καὶ
1169 1199 1535 1269 ὑγιαίνοντες,
1556 1189 1887 1274 διαπεμψώ-

299 1272 447 1346 μεθα
477 1273 619 1326 αὑτά
651 1274 788 1345 πρὸς
807 1275 905 1347 τὴν
938 1279 1091 1332 πόλιν
1118 1281 1215 1351 τὴν
1246 1283 1542 1354 ήμετέραν.
1580 1272 1743 1338 Οὕτω
1778 1272 1887 1358 γὰρ

301 1360 483 1412 αὑτῶν
514 1361 820 1416 ἀπολαῦσαι
849 1365 1186 1438 δυνησόμεθα
1219 1370 1397 1439 μόνον,
1427 1372 1625 1442 ἑτέρως
1648 1373 1703 1426 δὲ
1726 1374 1887 1427 οὐδα-

304 1442 451 1512 μῶς·
493 1443 667 1509 οὕτως
704 1449 785 1509 είς
806 1448 1003 1503 ἄσυλον
1029 1452 1122 1503 καὶ
1152 1453 1368 1524 ἀσφαλῆ
1398 1455 1561 1508 τόπον
1588 1457 1727 1510 αὑτά
1747 1460 1884 1511 ἀπο·

304 1526 603 1596 θησόμεθα.
641 1529 714 1581 Οὑ
748 1529 857 1602 γὰρ
906 1531 1072 1595 ἔστιν,
1104 1535 1204 1588 οὐκ
1236 1535 1383 1589 ἐστιν
1430 1538 1580 1592 οὐδὲν
1627 1540 1744 1592 ἐκεῖ
1779 1539 1887 1594 τῶν

298 1607 617 1679 δυναμένων
650 1612 793 1665 αὑτά
832 1614 1161 1682 ἀφελέσθαι·
1200 1617 1300 1669 οὑκ
1341 1618 1456 1671 ἐστι
1507 1620 1754 1685 θάνατος,
1786 1623 1887 1677 οὑκ

305 1692 443 1744 εἰσὶν
474 1692 693 1762 ἀληθεῖς
720 1694 995 1767 διαθῆκαι,
1023 1699 1123 1752 οὑκ
1153 1701 1258 1753 εἰσὶ
1297 1700 1526 1773 διάδοχοι
1558 1703 1794 1776 κλήρων,
1822 1705 1883 1758 οὑ

307 1776 663 1842 συκοφαντίαι
692 1778 788 1832 καὶ
823 1780 1132 1835 ἐπιϐουλαί·
1176 1784 1310 1838 ἀλλά
1349 1786 1439 1839 τὸν
1470 1788 1771 1843 ἀπελθόντα
1796 1791 1885 1841 ἐν-

302 1855 494 1910 τεῦθεν
528 1860 698 1913 πολλά
747 1863 1165 1934 ἐπιφερόμενον,
1205 1867 1495 1935 διαπαντὸς
1551 1871 1698 1925 ἐστιν
1749 1871 1888 1925 αὑτά

370 1953 395 1977 ⁸
430 1951 634 2010 Quidam
657 1954 780 2003 αύτά
800 1957 1133 2019 παραπέμπῃς.

327 2082 601 2092 “—

1302 421 1371 478 1>ἶ
1408 422 1725 482 JOANNEM
1766 429 2004 497 HOMIL.
2045 432 2206 490 XVII.
2248 437 2318 491 al.
2353 436 2494 495 XVI.

3378 400 3383 405 ’
3449 444 3559 501 ws

1994 553 2356 622 καρποῦσθαι.
2390 554 2484 617 Τίς
2516 548 2650 607 06vb
2681 552 2853 616 οὕτως
2875 553 3077 619 ἄθλιος,
3109 555 3187 621 ὡς
3228 555 3304 630 μὴ
3343 557 3567 631 θελῆσαι

1990 639 2103 699 τοῖς
2134 637 2408 707 χρήμασιν
2439 638 2709 707 ἐντρυφᾷν
2752 636 2861 701 τὀῖς
2891 637 3087 691 ἐαυτοῦ
3125 639 3339 706 διόλου;
3384 642 3567 695 Μετα-

1993 718 2309 789 κομίσωμεν
2336 719 2513 772 τοίνυν
2546 720 2698 790 ήμῶν
2719 720 2808 771 τὸν
2834 719 3082 783 πλοῦτον.
3108 725 3204 775 καὶ
3245 723 3568 794 μεταθῶμεν

1994 801 2192 855 ἐκεῖσε.
2242 803 2355 854 υὺκ
2401 802 2537 854 δνων
2570 804 2701 871 ἡμῖν
2747 802 2946 871 δεήσει,
2981 803 3076 855 καὶ
3133 806 3423 877 καμήλων,
3472 807 3567 860 καὶ

1993 883 2305 953 ὀχημάτων,
2333 885 2453 937 οὑδέ
2478 884 2674 937 πλοίων
2702 886 2838 955 πρὸς
2856 885 2954 954 τὴν
2977 886 3231 958 τοιαύτην
3260 889 3565 958 μετάθεσιν·

1993 968 2090 1020 καὶ
2117 967 2225 1038 γὰρ
2247 967 2340 1020 καὶ
2362 967 2565 1039 ταύτης
2587 969 2733 1038 ἡμᾶς
2762 969 2861 1036 τῆς
2890 968 3177 1032 δυσκολίας
3202 971 3512 1040 ἀπήλλαξεν
3540 973 3569 1023 6

1992 1051 2124 1114 Θεός
2142 1067 2157 1081 ·
2180 1052 2317 1105 ἀλλὰ
2354 1054 2599 1123 πενήτων
2633 1054 2762 1121 ἡμῖν
2794 1052 2876 1104 δεῖ
2908 1052 3087 1122 μόνον,
3106 1054 3213 1106 τῶν
3235 1055 3444 1123 χωλῶν,
3462 1055 3568 1107 τῶν

1992 1134 2437 1206 ἀναπήρων,τῶν
2466 1135 2784 1207 ἀρρώστων.
2826 1135 2989 1187 Αὐτοὶ
3017 1135 3113 1206 τὴν
3142 1137 3400 1208 τοιαύτην
3432 1141 3569 1190 εἰσὶν

1991 1218 2457 1288 ἐγκεχειρισμένοι
2493 1218 2780 1288 μετάθεσιν
2801 1234 2814 1247 ·
2844 1213 2989 1271 οὗτοι
3017 1218 3086 1271 τὰ
3110 1222 3367 1290 χρήματα
3399 1238 3571 1292 παρα-

1993 1301 2303 1370 πέμπουσιν
2329 1302 2408 1364 εἰς
2435 1301 2526 1353 τὸν
2556 1301 2802 1370 οὐρανὸν,
2837 1293 2982 1353 οὗτοι
3015 1303 3141 1364 τοὺς
3169 1301 3279 1355 τῶν
3314 1304 3570 1356 τοιούτων

1992 1384 2292 1455 χρημάτων
2314 1384 2532 1454 κυρίους
2557 1386 2636 1447 εἰς
2659 1385 2757 1455 τήν
2782 1383 2897 1456 [96]
2941 1384 3052 1438 τῶν
3086 1386 3321 1439 αἰωνίων
3350 1387 3569 1454 ἀγαθῶν

1995 1467 2358 1539 κληρονομίαν
2399 1469 2747 1536 εἰσάγουσιν·
2795 1463 2862 1539 ἦς
2906 1468 3116 1537 γένοιτο
3169 1470 3376 1534 πάντας
3422 1473 3569 1541 ἡμᾶς

1994 1552 2291 1622 ἐπιτυχεῖν,
2323 1552 2507 1623 χάριτι
2530 1553 2623 1604 καὶ
2647 1552 3028 1622 φιλανθρωπίᾳ.
3050 1551 3143 1604 τοῦ
3176 1554 3381 1624 Κυρίου
3411 1553 3571 1624 ήμῶν

2006 1633 2180 1702 Ἰησοῦ
2216 1632 2476 1705 Χριστοῦ,
2501 1633 2567 1685 δι’
2598 1628 2659 1687 οὗ
2688 1634 2783 1687 καὶ
2816 1634 2933 1705 μεθ’
2964 1628 3025 1687 οὗ
3054 1633 3132 1704 τῷ
3158 1635 3333 1707 Πατρὶ
3362 1639 3393 1707 ή
3424 1635 3568 1701 δόξα,

1993 1715 2110 1785 ἅμα
2142 1716 2217 1787 τῷ
2244 1718 2383 1788 ἁγίῳ
2414 1718 2711 1787 Πνεύματι,
2740 1716 2835 1770 νῦν
2875 1719 2968 1771 καὶ
3018 1719 3126 1784 ἀεὶ,
3177 1720 3273 1772 καὶ
3312 1719 3392 1783 εἰς
3446 1721 3573 1784 τοὺς

1994 1799 2197 1864 αἰῶνας
2233 1802 2342 1853 τῶν
2366 1801 2597 1855 αἰώνων.
2631 1801 2826 1872 Ἀμήν.
2928 1842 2931 1843 ν

2054 1961 2084 2002 h
2125 1961 2222 2010 06v
2266 1961 2411 2010 deest
2452 1963 2503 2010 in
2538 1972 2655 2009 mss.
2702 1961 2943 2022 plurimis.

1792 2182 2038 2237 OMIAIA
2080 2184 2177 2237 lZ'.

311 2270 502 2347 Ταῦτα
520 2268 754 2347 ἐγένεζο
878 2274 1203 2347 Βηθανίᾳξ
1220 2275 1409 2347 πέραν
1437 2277 1544 2331 τοῦ
1570 2276 1886 2347 Ἰορδάνου,

381 2340 533 2393 ὅπου
551 2336 648 2415 ςῆν
663 2336 960 2415 ,Ἰωάννης
972 2336 1308 2406 βαπτίζωνῖ
1327 2345 1406 2414 Τῇ
1436 2336 1722 2415 ἐπαύρῖον
1740 2336 1891 2413 βλέξ

380 2426 476 2462 πει
502 2410 880 2484 τὸνμίῃσοῦν
901 2412 1227 2482 ἐρχόμενον
1260 2410 1409 2484 πρὸς
1434 2410 1637 2480 αὐτὸν,
1667 2410 1765 2471 καὶ
1789 2417 1891 2471 λέ-

379 2495 499 2557 ⁸εςει·
568 2478 739 2557 «ιἸδε
781 2483 816 2557 ό
848 2478 1055 2557 ἁμνῦξ
1087 2485 1192 2539 τοῦ
1234 2478 1422 2551 Θεοῦ,
1470 2490 1504 2541 ό
1554 2478 1739 2557 αίρων
1779 2488 1894 2556 τὴν

382 2549 676 2619 ἁμαρτίαν
701 2549 810 2604 τοῦ
837 2552 1091 2621 κόσμου.
1106 2572 1124 2606 ι

378 2659 447 2707 α’.
480 2653 639 2721 Μέγα
661 2653 864 2722 ἀγαθὸν
887 2658 1170 2729 παρρησία
1189 2661 1280 2713 καὶ
1306 2660 1368 2713 τὸ
1393 2661 1884 2734 ἐλευθεροστομεῖν,

299 2738 402 2791 καὶ
423 2736 601 2791 πάντα
626 2737 857 2809 δεύτερα
884 2738 1124 2794 τίθεσθαι
1152 2742 1251 2813 τῆς
1267 2743 1554 2813 ὁμολογίας
1573 2745 1673 2815 τῆς
1696 2747 1775 2808 εἰς
1803 2746 1894 2798 τὸν

306 2820 548 2890 Χριστόν
566 2835 581 2847 ·
607 2819 750 2873 οὑτω
776 2821 919 2891 μέγα
947 2823 1040 2875 καὶ
1068 2822 1403 2894 θαυμαστὸν,
1432 2827 1505 2890 ὠς
1526 2827 1616 2881 τὸν
1651 2828 1777 2881 Υἰδν
1798 2828 1891 2882 τοῦ

302 2903 443 2955 Θεοῦ
496 2904 589 2955 τὸν
625 2904 912 2974 μονογενῆ,
959 2906 1051 2960 τὸν
1080 2907 1323 2961 τοιοῦτον
1367 2909 1762 2981 ἀνακηρύττειν
1800 2913 1894 2965 ἐπὶ

302 2985 402 3037 τυῦ
449 2986 683 3056 Πατρὸς,
714 2987 891 3041 καίτοι
942 3004 1004 3056 γε
1032 2989 1134 3042 οὑκ
1168 2990 1257 3061 ἴση
1301 2994 1334 3062 ή
1377 2992 1661 3051 ἀντίδοσις.
1694 2994 1765 3047 Σὺ
1795 2996 1893 3065 μὲν

301 3068 416 3138 γὰρ
437 3068 718 3138 ὁμολογεῖς
734 3069 828 3122 ἐπὶ
856 3070 955 3141 τῆς
970 3071 1093 3142 γῆς,
1114 3073 1275 3135 αὑτὸς
1293 3073 1349 3127 δέ
1372 3074 1626 3146 ὁμολογεῖ
1650 3078 1707 3129 ἐν
1732 3081 1844 3141 τοῖς
1863 3078 1891 3117 δ

304 3153 560 3223 οὐρανοῖς
580 3171 593 3184 ·
634 3153 730 3205 καὶ
759 3153 822 3205 σὺ
862 3154 959 3222 μὲν
994 3155 1297 3225 ἀνθρώπων
1325 3159 1626 3229 παρόντων,
1650 3159 1808 3224 αὑτὸς
1838 3161 1895 3214 δὲ

307 3237 404 3288 ἐπὶ
433 3234 527 3287 τοῦ
558 3235 772 3306 [ἰατρὸς
797 3236 1017 3289 καὶτῶν
1050 3238 1297 3306 ἀγγέλων
1338 3241 1612 3296 ἁπάντων.
1648 3241 1897 3305 Τοιοῦτος

306 3318 339 3369 ὁ
380 3319 635 3387 Ἰωάννης
659 3315 747 3388 ἦν,
780 3320 841 3371 οὑ
872 3320 1096 3389 πλῆθος,
1125 3322 1185 3374 οὑ
1219 3322 1399 3389 δόξαν,
1440 3324 1540 3377 οὑκ
1587 3324 1714 3378 ἄλλο
1746 3325 1897 3378 οὐδὲν

303 3399 417 3452 τῶν
439 3400 797 3469 ἀνθρωπίνων
812 3401 1180 3472 ὑφορώμενος,
1198 3404 1333 3457 ἀλλά
1352 3404 1522 3458 ταῦτα
1542 3408 1717 3460 πάντα
1739 3424 1899 3460 κατα-

305 3484 515 3548 πατῶν,
546 3484 639 3536 καὶ¹
667 3483 804 3555 μετὰ
828 3486 926 3555 τῆς
943 3486 1328 3558 προσηκούσης
1348 3488 1654 3560 ἐλευθερίας
1678 3489 1747 3543 τὰ
1770 3491 1897 3561 περὶ

304 3568 403 3622 τοῦ
428 3568 667 3639 Χριστοῦ
706 3571 871 3622 πᾶσιν
906 3570 1436 3641 ἀνακηρύττων.Διά
1469 3573 1576 3644 γὰρ
1613 3574 1770 3627 τοῦτο
1797 3574 1894 3627 καὶ

308 3651 399 3703 τὸν
438 3652 604 3704 τόπον
656 3651 1077 3722 ἐπισημαίνεται
1123 3654 1154 3706 6
1198 3652 1627 3726 Εὑαγγελιστὴς,
1669 3657 1757 3710 ἵνα
1798 3657 1893 3728 τὴν

309 3734 621 3804 παρρησίαν
648 3733 794 3805 δείξῃ
826 3734 923 3787 τοῦ
957 3736 1343 3807 μεγαλοφώνου
1376 3740 1637 3810 κήρυκος.
1672 3740 1748 3792 Οὑ
1780 3740 1891 3810 γὰρ

308 3818 368 3870 ἐν
385 3817 553 3887 οἰκίᾳ,
585 3816 706 3870 οὑδὲ
739 3819 798 3869 ἐν
821 3819 1015 3889 γωνίᾳ,
1047 3819 1169 3872 οὑδὲ
1197 3822 1256 3873 ἐν
1309 3822 1514 3894 ἐρημίᾳ
1535 3833 1586 3887 ο,
1634 3822 1769 3876 ἀλλά
1801 3824 1895 3876 τὸν

327 3902 601 3971 Ἰορδάνην
634 3901 958 3956 καταλαϐὼν
985 3904 1041 3957 ἐν
1067 3904 1218 3977 μέσῳ
1251 3904 1330 3976 τῷ
1363 3906 1579 3978 πλήθει,
1612 3906 1895 3977 παρόντων

309 3985 568 4039 ἁπάντων
599 3985 708 4037 τῶν
736 3986 828 4039 ὑπ’
877 3986 1043 4040 αὐτοῦ
1101 3987 1516 4065 βαπτιζομένων
1560 3989 1897 4060 (βαπτίζοντι

308 4068 417 4139 γὰρ
456 4068 766 4138 ἐπέστησαν
794 4070 843 4121 οἰ
876 4069 1160 4141 Ἰουδαῖοι),
1203 4072 1304 4142 τὴν
1333 4073 1651 4143 θαυμαστὴν
1682 4072 1898 4143 ἐκείνην

309 4152 650 4221 άνεκήρυξεν
682 4152 970 4224 ὁμολογίαν
1025 4156 1154 4225 περὶ
1202 4154 1300 4209 τοῦ
1358 4157 1615 4228 Χριστοῦ,
1642 4157 1742 4226 τὴν
1788 4157 1896 4209 τῶν

310 4233 531 4304 ὑψηλῶν
550 4236 644 4288 καὶ
665 4236 913 4305 μεγάλων
936 4237 1030 4290 καὶ
1054 4238 1381 4310 ἀπορρήτων
1396 4239 1671 4310 γέμουσαν
1695 4240 1899 4310 δογμά-

306 4334 439 4381 των,
476 4320 570 4370 καὶ
595 4318 670 4381 ὡς
685 4320 786 4371 οὑκ
806 4319 891 4388 εἴη
922 4320 1103 4384 ἱκανὸς
1132 4320 1289 4374 λῦσαι
1308 4322 1399 4375 τὸν
1419 4324 1616 4393 ἱμάντα
1642 4322 1734 4376 τοῦ
1763 4324 1897 4377 ὑπο-

309 4400 550 4471 δήματος
580 4402 764 4455 αὑτοῦ.
802 4401 926 4466 Πῶς
954 4398 1047 4456 οὖν
1083 4403 1242 4457 τοῦτο
1288 4408 1460 4467 ποιεῖς
1506 4406 1754 4475 Ἐπάγων
1804 4407 1899 4459 καὶ

310 4483 515 4551 λέγων·
555 4485 746 4539 Ταῦτα
782 4484 1020 4553 ἐγένετο
1059 4487 1129 4539 ἐν
1182 4489 1466 4555 Βηθανίᾳ.
1504 4489 1644 4541 Ὀσα
1702 4489 1757 4542 δὲ
1789 4489 1899 4543 τῶν

313 4568 664 4639 ἀντιγράφων
729 4568 1115 4641 ἀκριϐέστερον
1183 4570 1294 4641 ἔχει
1322 4610 1337 4634 ,
1406 4572 1508 4624 Ἔν
1556 4571 1898 4641 Βηθαϐαρᾷ,

316 4652 500 4722 φησίν.
542 4652 608 4703 Ἦ
640 4651 749 4722 γὰρ
783 4651 1024 4721 Βηθανία
1066 4653 1186 4723 οὐχὶ
1242 4653 1418 4725 πέραν
1460 4651 1556 4707 τοῦ
1611 4654 1897 4725 Ἰορδάνου,

317 4734 436 4787 οὑδὲ
465 4734 562 4787 ἐπὶ
599 4734 699 4803 τῆς
725 4737 929 4806 ἐρήμου
962 4732 1053 4807 ἦν,
1082 4737 1199 4790 ἀλλ’
1239 4738 1406 4807 ἐγγύς
1438 4754 1542 4792 που
1582 4738 1690 4791 τῶν
1742 4739 1902 4810 Ἰερο-

319 4818 591 4888 σολύμων.
628 4816 767 4881 Τοὺς
799 4818 855 4870 δέ
887 4819 1083 4883 τόπους
1122 4821 1215 4874 καὶ
1235 4822 1302 4875 δι’
1334 4823 1528 4894 ἑτέραν
1573 4822 1750 4875 αἰτίαν
1777 4825 1899 4877 ἐπι-

321 4901 667 4971 σημαίνεται.
713 4901 931 4972 Ἐπειδὴ
983 4902 1091 4974 γάρ
1134 4905 1437 4974 πράγματα
1476 4906 1537 4958 οὑ
1573 4905 1779 4959 παλαιὰ
1819 4906 1901 4959 δι-

320 4984 573 5055 ηγεῖσθαι
626 4982 873 5053 ἔμελλεν,
908 4984 1043 5038 ἀλλά
1086 4986 1192 5057 πρὸ
1240 4986 1436 5058 μικροῦ
1484 4988 1767 5059 συμϐάντα
1805 4988 1902 5042 τοῦ

322 5066 517 5135 χρόνου
550 5107 565 5129 ,
620 5068 747 5129 τοὺς
812 5066 1086 5136 παρόντας
1127 5069 1219 5121 καλ¹
1261 5069 1562 5139 θεωμένους
1620 5071 1901 5144 μάρτυρας

324 5152 559 5201 ποιεῖται
606 5148 714 5202 τῶν
744 5148 1073 5218 λεγομένων,
1106 5151 1202 5204 καὶ
1240 5153 1513 5219 ἀπόδειξιν
1540 5154 1633 5206 καὶ
1654 5154 1763 5208 ἀπὸ
1796 5153 1903 5208 τῶν

316 5234 501 5289 τόπων
535 5234 854 5305 παρέχεται.
882 5235 1110 5307 Θαρρῶν
1132 5235 1240 5308 γὰρ
1268 5238 1349 5291 ὃτι
1378 5238 1528 5291 οὐδὲν
1557 5240 1684 5310 παρ’
1708 5238 1900 5293 ἐαυτοῦ

318 5318 632 5390 προσετίθει
692 5321 805 5381 τοῖς
849 5319 1192 5389 λεγομένοις,
1245 5321 1382 5375 ἀλλά
1418 5322 1486 5376 τά
1533 5322 1661 5376 ὄντα
1716 5322 1903 5387 ἁπλῶς

319 5403 536 5456 ἅπαντα
564 5402 702 5472 μετά
729 5402 987 5471 ἀληθείας
1015 5404 1283 5474 ἐξηγεῖτο,
1312 5405 1410 5476 τὴν
1440 5406 1547 5459 ἀπὸ
1587 5405 1697 5461 τῶν
1724 5406 1903 5460 τόπων

324 5486 635 5557 μαρτυρίαν
667 5486 1103 5556 παραλαμϐάνει,
1135 5488 1429 5555 ἀπόδειξιν,
1470 5490 1609 5560 ὅπερ
1639 5489 1796 5559 ἔφην,
1839 5489 1902 5542 οὑ

319 5570 419 5640 τὴν
442 5569 715 5638 τυχοῦσαν
755 5569 857 5638 τῆς
884 5568 1141 5640 ἀληθείας
1175 5572 1460 5642 ἐσομένην.
1498 5571 1577 5641 Τῇ
1617 5573 1904 5642 ἐπαύριον

318 5654 538 5717 ,ϐλέπει
589 5653 698 5706 τὸν
733 5652 981 5722 Ἰησοῦν
1021 5655 1348 5724 ἐρχόμενον
1373 5656 1524 5724 πρὸς
1553 5657 1762 5720 αὐτὸν,
1807 5655 1905 5709 καὶ

324 5736 484 5805 λέγει
509 5752 525 5769 ·
558 5735 679 5791 Ἰδε
709 5739 742 5791 ό
763 5737 952 5805 ἀμνὸς
989 5737 1095 5792 τοῦ
1120 5738 1292 5803 Θεοῦ,
1323 5742 1355 5793 ό
1387 5739 1573 5807 αἴρων
1594 5738 1709 5807 τὴν
1729 5739 1908 5809 ἁμαρ-

326 5820 461 5872 τίαν
480 5819 586 5874 τοῦ
616 5821 874 5889 κόσμου.
905 5811 1251 5893 Διενείμαντο
1277 5825 1403 5887 τοὺς
1426 5824 1649 5896 καιροὺς
1676 5824 1726 5877 οἰ
1749 5824 1908 5892 εὑαγ-

388 5961 608 6039 ³.Δ1ἰς1]ί
1084 5963 1231 6018 Savil.
1272 5966 1407 6025 οὗτος
1426 5968 1537 6018 δὲέν
1556 5967 1667 6024 τοῖς.
1737 5969 1759 5999 ⁸
1783 5965 1908 6016 Οὑδέ

330 6024 377 6072 ἐν
420 6024 585 6090 ἐρημίᾳ
606 6025 755 6075 deest
781 6024 830 6073 in
853 6024 1093 6086 pldrimis.

1993 2277 2236 2347 γελισταί
2256 2292 2268 2305 ·
2293 2275 2404 2349 [9η
2432 2276 2528 2330 καὶ
2549 2277 2576 2329 6
2599 2276 2699 2345 μὲν
2712 2277 2989 2341 Ματθαῖος
3009 2277 3136 2341 τοὺς
3159 2275 3334 2347 πρίνῆ
3355 2275 3575 2347 δεθῆναι

1993 2362 2083 2414 τὸν
2116 2361 2427 2430 Βαπτιστὴν
2455 2361 2705 2430 Ἰωάννην
2732 2360 2954 2431 χρόνους
2984 2358 3279 2428 ἐπιτεμὼν,
3300 2360 3574 2429 ἐπείγεται

1994 2445 2128 2515 πρὸς
2159 2445 2285 2506 τοὺς
2313 2443 2472 2512 ἑξῆς·
2512 2444 2540 2495 6
2575 2443 2631 2496 δὲ
2674 2442 3065 2512 εὑαγγελιστὴς
3107 2442 3358 2512 Ἰωάννης
3386 2444 3447 2495 οὑ
3481 2443 3577 2512 μό-

1993 2526 2117 2581 νονά
2145 2527 2246 2579 οὑκ
2269 2527 2567 2597 ἐπιτέμνει,
2604 2525 2739 2578 ἀλλά
2770 2525 2979 2588 τούτοις
3013 2524 3246 2594 μάλιστα
3274 2524 3367 2576 καὶ
3397 2524 3575 2577 ἐνδια-

1991 2610 2184 2681 τρίϐει.
2218 2612 2485 2672 Κάκεῖνος
2515 2609 2612 2680 μέν
2653 2608 2792 2679 μετὰ
2815 2608 2878 2660 τὸ
2907 2607 3079 2661 ἐλθεῖν
3106 2607 3197 2659 τὸν
3240 2606 3447 2678 Ἰησοῦν
3468 2608 3577 2661 ἀπὸ

1992 2694 2089 2763 τῆς
2114 2694 2340 2764 ἐρήμου,
2368 2693 2437 2746 τὰ
2469 2691 2671 2763 μεταξὺ
2691 2691 2994 2759 σιωπήσας,
3015 2683 3126 2741 οἷον
3149 2690 3247 2741 ὅσα
3265 2690 3292 2741 6
3324 2689 3576 2757 Ἰωάννης

1994 2778 2309 2846 ἐφθέγξατο,
2334 2779 2433 2832 ὅσα
2455 2778 2504 2830 οἰ
2539 2776 2781 2829 Ἰουδαῖοι
2806 2773 3226 2835 ἀποστείλαντες
3255 2771 3458 2839 ἔλεγον,
3481 2773 3578 2825 καὶ

1993 2860 2064 2913 τὰ
2104 2860 2239 2914 ἀλλα
2282 2861 2460 2915 πάντα
2495 2858 2810 2928 συντεμὼν,
2848 2856 3218 2928 μετεπήδησεν
3260 2854 3460 2917 εὐθέως
3485 2854 3578 2906 ἐπὶ

1992 2942 2054 2995 τὸ
2093 2943 2490 3013 δεσμωτήριον·
2553 2941 2840 3005 Ἀκούσας
2867 2939 2998 3010 γὰρ,
3041 2938 3225 3007 φησὶν,
3265 2940 3297 2991 ό
3340 2935 3578 3003 Ἰησοῦς

1996 3025 2087 3081 ὅτι
2116 3026 2415 3095 παρεδόθη
2460 3024 2766 3091 Ἰωάννης,
2804 3021 3195 3091 ἀνεχώρησεν
3232 3019 3481 3073 ἐκεῖθεν.
3517 3019 3580 3072 '0

1997 3110 2055 3163 δέ
2088 3110 2338 3181 Ἰωάννης
2362 3109 2461 3180 οὑχ
2490 3107 2684 3173 οὑτως,
2720 3106 2855 3160 ἀλλά
2882 3106 2982 3175 τὴν
3016 3104 3111 3175 μὲν
3150 3105 3228 3166 εἰς
3251 3103 3348 3174 τὴν
3373 3102 3580 3173 ἔρημον

1994 3191 2110 3246 ὁδὸν
2140 3191 2549 3262 ἀπεσιώπησεν,
2584 3189 2677 3243 ἀτε
2712 3189 2815 3242 ὑπὸ
2841 3187 2933 3240 τοῦ
2962 3185 3242 3240 Ματθαίου
3275 3185 3575 3255 λεχθεῖσαν·

1995 3276 2063 3329 τὰ
2083 3276 2139 3329 δέ
2172 3276 2309 3346 μετά
2341 3274 2439 3345 τὴν
2468 3273 2694 3327 κάθοδον
2719 3272 2817 3343 τὴν
2845 3270 2951 3324 ἀπὸ
2970 3269 3063 3323 τοῦ
3093 3269 3252 3340 ὅρους
3282 3270 3580 3340 γενομένην

1995 3358 2281 3429 διηγεῖται,
2310 3356 2593 3411 καὶπολλὰ
2610 3355 2853 3417 διελθὼν,
2884 3354 3004 3405 τότε
3028 3352 3243 3420 ἐπάγει·
3270 3353 3443 3406 Οὔπω
3470 3351 3581 3421 γὰρ

1995 3437 2075 3512 ἦν
2098 3439 2479 3510 βεϐλημένος
2500 3443 2533 3493 ό
2574 3438 2857 3505 Ἰωάννης
2885 3439 2971 3502 εἰς
2998 3435 3115 3502 τὴν
3139 3436 3442 3504 φυλακήν.
3473 3436 3580 3489 Καὶ

1999 3525 2147 3588 τίνος
2170 3526 2379 3590 ἐνεκεν,
2410 3524 2563 3595 φησὶ,
2608 3522 2704 3577 νῦν
2760 3520 3119 3592 παραγίνεται
3183 3518 3319 3588 πρὸς
3358 3516 3519 3571 αὑτὸν
3550 3520 3581 3570 6

2006 3608 2236 3680 Ἰησοῦς,
2297 3610 2391 3661 καὶ
2432 3609 2530 3677 οὑχ
2558 3604 2746 3671 ἅπαξ,
2797 3604 2932 3657 ἀλλὰ
2986 3602 3079 3655 καὶ
3122 3600 3371 3671 δεύτερον
3422 3600 3581 3652 τοῦτο

1992 3699 2168 3761 ηποιεῖ;
2203 3696 2262 3749 '0
2303 3696 2401 3767 μὲν
2441 3695 2549 3764 γὰρ
2587 3693 2861 3754 Ματθαῖος
2919 3689 3221 3757 ἀναγκαίαν
3276 3685 3440 3741 αὑτοῦ
3482 3686 3580 3756 τὴν

1995 3781 2299 3851 παρουσίαν
2350 3777 2678 3847 γεγενῆσθαι
2728 3775 2876 3843 λέγει
2908 3774 2995 3827 διὰ
3035 3774 3095 3825 τὸ
3145 3771 3464 3841 βάπτισμα·
3498 3769 3580 3821 διὸ

1994 3862 2153 3916 τοῦτο
2205 3862 2419 3924 δεικνὺς
2474 3863 2569 3913 καὶ
2622 3862 2650 3913 ὁ
2690 3859 2892 3929 Ἰησοῦς
2922 3857 3119 3923 ἐπάγει
3157 3857 3249 3907 καὶ
3278 3852 3461 3919 λέγει,
3492 3853 3577 3905 δτι

2000 3950 2163 4003 οὕτω
2210 3949 2443 4018 πρέπον
2466 3960 2489 3987 ε
2520 3945 2691 4000 ἐστὶν
2732 3945 2877 4015 ἡμῖν
2906 3941 3221 4010 πληρῶσαι
3250 3938 3456 3995 πᾶσαν
3490 3937 3578 3991 δι-

1996 4034 2358 4100 καιοσύνην.
2389 4032 2447 4085 'O
2475 4031 2531 4083 δέ
2561 4030 2811 4099 Ἰωάννης
2841 4028 2932 4081 καὶ
2953 4027 3113 4080 πάλιν
3144 4024 3305 4078 αὑτὸν
3334 4037 3581 4094 παραγε-

1996 4116 2209 4185 γονέναι
2225 4115 2463 4169 δείκνυσι
2483 4112 2618 4184 μετά
2635 4112 2695 4164 τὸ
2715 4111 3014 4181 βάπτισμα·
3039 4109 3131 4161 καὶ
3150 4106 3306 4160 τοῦτο
3331 4104 3581 4158 ἐντεῦθεν

1996 4199 2261 4271 ἐδήλωσεν
2290 4198 2489 4267 λέγων·
2522 4195 2631 4265 ἐγὼ
2669 4193 2944 4263 Τεθέαμαι
2974 4192 2992 4229 τ
3033 4190 3099 4244 τὸ
3124 4189 3365 4257 Πνεῦμα
3399 4204 3580 4241 κατα-

1998 4270 2204 4337 ϐαῖνον
2230 4281 2372 4335 ὡσεὶ
2394 4279 2771 4350 περιστερὰν,
2794 4277 2890 4330 καὶ
2918 4277 3108 4344 μένον
3128 4273 3220 4325 ἐπ’
3246 4272 3449 4324 αὐτόν.
3482 4270 3579 4323 Τί-

1997 4382 2086 4430 νος
2114 4362 2206 4419 οῦν
2234 4365 2416 4418 ἐνεκεν
2447 4363 2806 4435 παραγίνεται
2842 4359 2978 4429 1:96;
3004 4358 3092 4409 τὸν
3132 4354 3419 4433 Ἰωάννηνς
3444 4350 3578 4406 Οὑδέ

1998 4450 2108 4520 γὰρ
2136 4447 2319 4511 ἀπλῶς
2342 4443 2523 4518 ἦλθεν,
2553 4444 2687 4499 ἀλλά
2709 4443 2844 4515 πρὸς
2866 4440 3025 4494 αὑτὸν
3051 4436 3359 4508 ἐπορεύετο.
3378 4436 3576 4503 Ἐρχό-

1991 4519 2181 4603 μενον
2201 4531 2331 4602 γὰρ,
2364 4531 2516 4602 φησὶ,
2552 4528 2702 4596 πρὸς
2730 4525 2935 4588 αὐτὸν,
2956 4522 3172 4588 βλέπει
3194 4522 3399 4573 αὐτόν.
3420 4519 3578 4603 Τίνος

1997 4602 2091 4670 οῦν
2116 4615 2302 4669 ἐνεκεν
2321 4616 2519 4687 ’ήρχετο
2535 4631 2549 4678 ;
2567 4611 2783 4680 Ἐπειδὴ
2804 4608 2965 4671 αὐτὸς
2982 4606 3142 4660 αὑτὸν
3162 4603 3418 4687 ἐϐάπτισε
3440 4602 3579 4687 μετά

1996 4697 2228 4765 πολλῶν,
2252 4685 2391 4751 ὥστε
2426 4696 2626 4768 μηδένα
2654 4691 2982 4748 ὑποπτεύειν
3014 4690 3095 4741 ὅτι
3136 4687 3243 4741 ἀπὸ
3270 4686 3369 4756 τῆς
3409 4685 3577 4755 αὐτῆς

1998 4782 2178 4845 αἰτίας
2202 4781 2309 4850 ἀφ’·
2340 4776 2409 4853 ἦς
2442 4782 2538 4833 καὶ⁵
2575 4780 2626 4831 οἱ
2660 4776 2809 4831 ἄλλοι
2845 4772 2981 4845 πρὸς
3014 4770 3103 4824 τὸν
3138 4769 3392 4841 Ἰωάννην
3416 4768 3579 4839 ἠπεί-

1995 4883 2123 4937 γετο
2140 4875 2186 4929 Β,
2207 4859 2318 4918 οἷον
2336 4864 2411 4927 ὡς
2433 4862 2807 4933 ἁμαρτήματα
2822 4853 3366 4937 ἐξομολογησάμενος,
3384 4853 3478 4905 καὶ
3498 4853 3578 4914 εἰς

2001 4935 2285 5020 μετάνοιαν
2313 4946 2636 5015 λουσόμενος
2666 4944 2723 4995 ἐν
2744 4940 2819 5010 τῷ
2834 4936 3084 5009 ποταμῷ.
3104 4936 3206 5020 Διά
3219 4935 3377 5020 τοῦτο
3393 4948 3574 5020 παρα-

1996 5018 2221 5101 γίνεται,
2243 5032 2415 5094 διδοὺς
2436 5029 2551 5100 ἅμα
2574 5028 2666 5081 καὶ
2685 5024 2763 5096 τῷ
2793 5024 3011 5094 Ἰωάννῃ
3037 5019 3237 5090 ταύτην
3262 5018 3422 5072 πάλιν
3436 5018 3578 5086 διορ-

1998 5100 2274 5169 θώσασθαι
2314 5115 2412 5183 τὴν
2460 5112 2731 5165 ὑπόνοιαν.
2768 5106 2878 5160 Καὶ
2915 5104 3023 5175 γάρ
3060 5102 3137 5175 τῷ
3167 5105 3360 5165 εἰπεῖν,
3389 5100 3509 5154 Ἴδε
3542 5102 3576 5153 ό

2002 5198 2188 5268 ἀμνὸς
2210 5197 2312 5251 τοῦ
2332 5193 2500 5262 Θεοῦ,
2521 5197 2552 5248 ό
2569 5192 2750 5261 αἴρων
2766 5190 2882 5258 τὴν
2893 5189 3186 5258 ἁμαρτίαν
3199 5186 3304 5240 τοῦ
3321 5186 3572 5268 κόσμου,

2002 5267 2182 5338 πᾶσαν
2210 5281 2410 5351 ταύτην
2436 5280 2648 5348 ἀναιρεῖ
2660 5275 2759 5346 τὴν
2778 5274 3032 5343 ὑποψίαν.
3049 5272 3108 5323 Ὀ
3129 5271 3308 5323 τοίνυν
3321 5267 3463 5320 οὕτω
3476 5284 3575 5351 κα-

2004 5367 2069 5421 θα
2079 5367 2165 5429 p6;
2194 5366 2268 5428 ὼς
2296 5349 2389 5418 καλ.
2409 5363 2476 5417 τά
2492 5362 2693 5431 ἐτέρων
2706 5358 3074 5428 ἁμαρτήματα
3094 5350 3419 5407 ἀπολύεσθαι
3438 5351 3464 5389 1³
3488 5349 3575 5403 δύο

2002 5450 2217 5511 νασθαι,
2247 5447 2466 5520 εὔδηλον
2494 5448 2573 5498 ὅτι
2604 5443 2701 5514 οὑχ
2721 5441 2862 5493 ὥστε
2884 5433 3573 5520 ἐξομολοήσασθαιᾼάμαρ-

2001 5535 2067 5603 τή
2075 5548 2219 5603 ματα
2234 5515 2608 5602 παραγίνεται,
2628 5525 2742 5580 ἀλλ’
2758 5525 2897 5578 ὥστε
2913 5521 3091 5574 δοῦναι
3107 5516 3359 5587 ἀφορμὴν
3380 5515 3573 5603 ἐκείνω

1999 5599 2086 5686 τῶ.
2105 5599 2402 5685 θαυμαστῷ
2427 5612 2650 5683 κήρυκι,
2676 5608 2770 5662 καὶ
2790 5605 3017 5676 δευτέρᾳ.
3036 5605 3185 5672 φωνῄ
3201 5603 3313 5664 τοῖς
3336 5599 3406 5653 τὰ
3434 5601 3571 5670 πρό-

3497 5779 3571 5811 ον.

2063 5774 2090 5815 ἀ
2116 5775 2198 5824 Sic
2213 5774 2321 5823 Sav.
2351 5779 2402 5821 et
2420 5786 2532 5821 mss.
2563 5771 2773 5833 plurimi.
2802 5768 2920 5816 Mor.
2944 5777 3066 5833 νει-ο
3084 5764 3220 5819 οὗτος
3233 5763 3315 5833 δέ,
3337 5763 3391 5833 οὑ

2006 5843 2030 5870 ο
2057 5837 2205 5887 Savil.
2234 5844 2287 5884 et
2313 5836 2453 5883 codd.
2478 5824 2574 5881 705¹
2595 5841 2647 5880 el
2666 5829 2779 5894 106A
2798 5827 3068 5894 yeysyﬁaOai
3084 5842 3206 5894 Δφίινιιςνι
3229 5826 3308 5894 διέι
3324 5825 3381 5894 τὸ

2004 5883 2347 5961 aII—’37:???“
2367 5897 2515 5961 γάρρ,
2537 5889 2736 5961 Ἰησρῖιςι
2759 5883 2993 5961 δτὶΏῦῈφ
3008 5883 3200 5961 πρέθτεέῖ·
3274 5883 3294 5961 ξ
3323 5883 3469 5961 ἓὲΣη
3498 5886 3571 5961 ἓν·

2003 5946 2161 6010 τέῦθεν
2184 5946 2445 6017 ἐδήλωσένῖ,
2467 5946 2712 6017 Ἑγῶγὰρ,
2724 5946 2865 6017 φησὶ,
2876 5946 3112 6017 τεθέαμαι..
3126 5948 3289 6017 -ἣῐοτᾳι
3299 5982 3310 5993 .
3334 5946 3574 6017 δῆλονὴἐρ-

2004 6007 2207 6085 γύζσται.
2256 6007 2301 6060 ’ὖ
2326 6016 2425 6070 Alii
2438 6007 2654 6074 Ἰωάννην
2669 6007 2899 6074 ε’πῆγετδ.
2962 6008 2995 6051 ll
3015 6007 3215 6072 Quidam
3239 6007 3568 6058 ἀπολούεσθαι.
