4094 6370
493 441 603 500 100

489 577 626 632 τερα
658 557 956 631 ἁκηκοόσιν
986 553 1376 632 ἀκριϐέστερον
1410 551 1645 603 ἐνθεῖναι
1681 546 1752 601 τά
1777 543 2082 632 εἰρημένα,

492 626 588 699 καὶ
613 626 930 714 προσθεῖναι
965 626 1127 710 ἕτερα
1151 627 1333 692 πάλιν.
1356 635 1429 688 Τὸ
1447 636 1527 699 δὲ,
1559 633 1703 697 Ἴδε,
1730 631 1972 714 εἴρηται,
1997 626 2085 678 διὰ

490 727 554 782 τὸ
582 712 811 789 πολλοὺς
845 724 1105 785 πολλάκις
1134 721 1413 786 ἐπιζητεῖν
1444 718 1608 773 αὐτὸν
1639 715 1748 771 ἀπὸ
1776 714 1885 767 τῶν
1930 712 2083 781 εἰρη-

496 813 674 882 μένων
721 810 816 863 καὶ
844 808 951 863 ἀπὸ
1004 805 1215 877 μακροῦ
1247 804 1341 858 τοῦ
1373 804 1589 875 χρόνου.
1622 800 1722 854 Διά
1756 796 1926 882 τοῦτο
1947 810 2087 882 παρ-

492 878 621 950 δντα
658 894 930 947 δείκνυσιν
978 892 1142 945 αὑτὸν
1189 883 1349 953 οὗτος
1384 890 1476 942 καὶ
1523 887 1697 955 λέγει,
1736 878 2088 953 Ἵδεῖδηλῶν

493 979 575 1030 ὅτι
603 971 758 1039 οὗτός
798 978 947 1028 ἐστιν
978 976 1006 1027 ὁ
1046 975 1214 1027 πάλαι
1244 972 1595 1044 ζητούμενος.
1631 963 1800 1031 Οὗτος
1832 968 1861 1019 ὁ
1894 963 2086 1035 ἀμνός.

508 1063 703 1132 ’Λμνδν
732 1061 786 1113 δὲ
815 1058 977 1112 αὑτὸν
1028 1060 1201 1117 καλεῖ.
1239 1059 1338 1127 τῆς
1383 1054 1718 1127 προφητείας
1771 1047 2085 1132 ἀναμιμνήέ

500 1163 645 1198 σκων
692 1144 975 1206 Ἰουδαίους
1006 1143 1106 1212 τῆς
1141 1143 1360 1195 Ἡσαΐου
1392 1140 1609 1208 καὶτῆς
1645 1138 1803 1199 σκιᾶς
1830 1134 1931 1203 τῆς
1949 1131 2088 1184 κατά

496 1230 586 1280 τὸν
616 1228 873 1293 Μωῦσέα,
905 1228 971 1280 ἵν’
1000 1226 1108 1279 ἀπὸ
1132 1225 1226 1281 τοῦ
1257 1226 1430 1279 τύπου
1464 1224 1664 1296 μᾶλλον
1693 1218 1890 1281 αὐτοὺς
1918 1232 2089 1288 προσ-

495 1313 767 1381 αγάγηται
798 1311 933 1381 πρὸς
959 1308 1058 1380 τὴν
1085 1309 1362 1382 ἀλήθειαν.
1379 1310 1615 1370 Ἐκεῖνος
1635 1306 1733 1375 μὲν
1749 1298 1842 1357 οῦν
1867 1304 1896 1354 ὁ
1917 1298 2089 1382 ἀμνδς

497 1394 710 1458 οὐδενὸς
744 1393 999 1459 καθάπαξ
1034 1381 1309 1466 ἁμαρτίαν
1338 1390 1561 1446 ἐλαϐεν
1601 1384 1757 1450 οὗτος
1795 1386 1855 1439 δέ
1885 1385 1983 1454 τῆς
2007 1381 2088 1466 οί-

498 1480 771 1550 κουμένης
806 1478 1046 1547 ἀπάσης.
1072 1465 1503 1532 Κινδυνεύουσαν
1536 1474 1644 1544 7&9
1678 1471 1849 1541 αὐτὴν
1886 1465 2088 1523 ἀπολέ-

500 1562 643 1623 σθαι,
684 1564 894 1633 ταχέως
936 1564 1113 1634 αὐτὴν
1145 1562 1424 1635 ἀπήλλαξε
1465 1560 1563 1631 τῆς
1591 1559 1761 1629 ὀργῆς
1792 1554 1888 1609 τοῦ
1928 1550 2085 1606 Θεοῦ.

502 1642 691 1713 Οὗτος
712 1643 790 1718 ἦν
812 1650 943 1717 περὶ
964 1647 1036 1706 οὗ
1066 1645 1268 1704 εἶπεν·
1305 1647 1361 1699 Ὁ
1388 1646 1582 1699 ὀπίσω
1602 1661 1718 1713 μου
1740 1641 2087 1711 ἐρχόμενος,

499 1730 844 1798 ἔμπροσθέν
857 1752 978 1801 μου
1006 1734 1272 1805 γέγονεν.

572 1812 759 1886 β’·[98]
777 1814 944 1887 Ὀρᾷς
958 1816 1235 1871 κάνταῦθα
1248 1814 1366 1880 πῶς
1377 1815 1437 1869 τὸ
1450 1811 1757 1885 ἔμπροσθεν
1772 1805 2061 1881 ἑρμηνεύει
2080 1821 2094 1871 ;

455 1894 459 1898 ’
501 1894 685 1949 Εἰπὼν
706 1897 813 1969 γάρ
834 1900 1026 1969 ἀμνὸν,
1056 1900 1152 1953 καὶ
1173 1900 1254 1953 ὅτι
1283 1898 1542 1969 αίρειτὴν
1570 1894 1846 1967 ἁμαρτίαν
1871 1890 1965 1943 τοῦ
1992 1888 2083 1941 κό-

504 1984 665 2048 σμου,
680 1979 800 2033 τότε
825 1983 1009 2052 φησὶν,
1028 1983 1109 2035 ὅτι
1125 1980 1508 2051 Ἕμπροσθέν
1513 1998 1632 2049 μου
1652 1977 1874 2049 γέγονε,
1891 1971 2088 2043 δηλῶν.

501 2063 582 2115 ὅτι
597 2061 755 2116 τοῦτό
771 2065 886 2117 ἐστι
908 2066 988 2128 τὸ,
1008 2068 1410 2136 Ἐμπροσθεν,
1429 2066 1489 2119 τὸ
1500 2064 1600 2128 τὰς
1618 2062 1889 2135 ἁμαρτίας
1904 2056 2092 2111 λαϐεῖν

502 2145 597 2197 τοῦ
629 2146 855 2217 κόσμου,
887 2148 948 2201 τὸ
978 2148 1239 2219 βαπτίσαι
1275 2149 1332 2201 ἐν
1378 2148 1656 2219 Πνεύματι
1684 2144 1841 2215 ἁγίῳ.
1882 2143 1948 2195 Ἥ
1992 2139 2089 2211 μὲν

504 2230 614 2300 γὰρ
643 2231 749 2302 ἐμὴ
784 2232 1058 2302 παρουσία
1092 2232 1256 2286 πλέον
1288 2232 1440 2285 οὐδὲν
1468 2227 1581 2302 εἶχε
1613 2229 1708 2283 τοῦ
1741 2225 1975 2298 κηρῦξαι
2000 2224 2090 2276 τὸν

506 2312 683 2366 κοινὸν
704 2314 804 2383 τῆς
823 2316 1149 2385 οἰκουμένης
1164 2315 1478 2387 εὐεργέτην,
1496 2314 1662 2368 καὶτὸ
1675 2311 1766 2365 τοῦ
1785 2310 1975 2371 ὓδατος
1995 2306 2092 2365 βά-

510 2413 728 2464 πτισμα
768 2400 1102 2469 παρασχεῖν·
1135 2401 1167 2469 ή
1205 2399 1261 2451 δέ
1282 2398 1495 2461 τούτου,
1530 2397 1591 2451 τὸ
1619 2396 1858 2464 καθᾶραι
1882 2392 2091 2454 πάντας

508 2478 831 2551 ἀνθρώπους
849 2483 943 2535 καὶ
969 2482 1298 2552 χαρίσασθαι
1322 2481 1416 2536 τοῦ
1445 2481 1803 2554 Παρακλήτου
1820 2477 1917 2549 τὴν
1940 2474 2091 2546 ἐνέρ-

507 2580 682 2630 γειαν.
730 2557 900 2629 υῦτος
933 2567 1317 2635 Ἔμπροσθέν
1340 2586 1460 2637 μου
1499 2566 1741 2637 γέγονεο
1786 2561 2087 2624 τουτέστιν.

512 2647 725 2719 ἐδείχθη
773 2666 877 2718 μου
920 2649 1324 2721 λαμπρότερος,
1377 2650 1508 2703 ’Ότι
1546 2647 1780 2717 πρῶτός
1824 2664 1943 2717 μου
1988 2641 2085 2715 ἦν·

509 2730 964 2799 Αίσχυνέσθωσαν
981 2735 1031 2786 οἱ
1056 2733 1271 2787 Παύλου
1290 2732 1384 2787 τοῦ
1407 2732 1764 2804 Σαμοσατέως
1774 2732 1873 2802 τὴν
1894 2730 2091 2800 μανίαν

506 2815 881 2885 διαδεξάμενοι
908 2830 955 2880 α,
974 2818 1109 2889 πρὸς
1130 2817 1273 2871 οὕτω
1296 2818 1535 2889 φανεράν
1557 2816 1812 2887 ἀλήθειαν
1837 2812 2091 2868 ἀνθιστά-

509 2918 681 2969 μενοι.
712 2902 886 2972 Κάγὼ
914 2904 1026 2957 οὐκ
1055 2902 1226 2973 ᾔδειν
1250 2903 1455 2957 αὐτόν.
1476 2903 1616 2973 Ὅρα
1640 2901 1756 2965 πῶς
1784 2899 2091 2954 ἀνύποπτον

509 2982 745 3039 ἐνταῦθα
759 2986 858 3056 τὴν
888 2986 1194 3057 μαρτυρίαν
1217 2984 1533 3058 ἐργάζεται,
1564 2985 1779 3048 δεικνὺς
1797 2984 1968 3055 αὐτὴν
1991 2984 2092 3036 οὐκ

510 3067 857 3139 ἀνθρωπίνης
885 3064 1051 3122 οὖσαν
1078 3069 1283 3139 φιλίας,
1308 3068 1422 3122 ἁλλ’
1449 3067 1509 3133 ἐξ
1531 3067 1926 3137 ἀποκαλύψεως
1942 3066 2093 3129 θείας

510 3151 907 3223 γεγενημένην.
955 3155 1077 3208 Οὐκ
1129 3152 1301 3222 ῇδειν
1338 3153 1448 3224 7&9
1500 3152 1690 3207 αὐτὸν
1743 3151 1881 3222 ἐγὼ,
1936 3150 2089 3222 φησί.

512 3232 640 3296 Πῶς
667 3233 761 3288 οὖν
792 3235 859 3289 ἀν
893 3236 1011 3305 εἴης
1043 3234 1359 3300 ἀξιόπιστος
1402 3233 1649 3307 μάρτυς;
1678 3234 1795 3299 πῶς
1816 3235 1874 3288 δέ
1898 3232 1965 3287 ἀν
1999 3235 2094 3287 καὶ

510 3317 730 3388 ἐτέρους
751 3318 989 3384 διδάξαις
1023 3318 1185 3383 αὐτὸς
1214 3321 1456 3388 ἀγνοῶν;
1492 3320 1605 3373 Οὐκ
1633 3314 1804 3381 εἶπεν,
1833 3319 1949 3371 Οὐκ
1979 3313 2095 3370 οἶδα

511 3403 695 3469 αὑτὸν,
726 3403 867 3471 ἀλλ’,
900 3406 1023 3457 Οὺκ
1047 3404 1219 3473 ᾔδειν
1245 3404 1430 3457 αὐτόν
1449 3417 1461 3433 ⁶
1488 3402 1629 3456 ὥστε
1656 3403 1829 3473 ταύτῃ
1863 3400 2096 3472 μάλιστα

512 3485 824 3551 ἀξιόπιστος
865 3487 932 3541 ἀν
977 3487 1207 3556 γένοιτο.
1253 3486 1379 3550 Πῶς
1430 3486 1538 3557 7&9
1585 3486 1652 3541 ἂν
1689 3486 1981 3558 ἐχαρίσατο
2017 3482 2095 3554 τῷ

512 3571 899 3642 άγνοουμένῳς
941 3572 1104 3626 Ἀλλ’
1131 3573 1233 3627 ἵνα
1258 3571 1574 3641 φανερωθῇ
1601 3570 1681 3637 τῷ
1710 3569 1980 3637 Ἰσραὴλ,
1998 3568 2095 3621 διὰ

514 3655 690 3709 τοῦτο
732 3651 927 3725 ἦλθον
951 3653 1258 3719 βαπτίζων
1281 3654 1351 3707 ἐν
1378 3654 1571 3708 ὕδατι.
1607 3655 1680 3707 Οὐ
1713 3654 1894 3707 τοίνυν
1937 3651 2095 3714 αὐτὸς

519 3738 583 3809 βα
594 3738 898 3807 πτίσματος
914 3738 1102 3803 ἐδεῖτο,
1121 3737 1242 3791 οὐδὲ
1256 3737 1422 3807 ἄλλην
1436 3737 1557 3791 τινὰ
1576 3738 1754 3791 αἰτίαν
1768 3734 1910 3807 εἶχεν
1923 3738 2097 3790 ἐκεῖνο

513 3820 576 3874 τὸ
608 3820 853 3893 λουτρὸν,
874 3819 905 3891 ἢ
923 3821 984 3873 τὸ
1018 3820 1529 3892 προοδοποιῆσαιτῇ
1553 3822 1633 3883 είς
1656 3819 1893 3892 Χριστὸν
1916 3818 2097 3872 πίστει

516 3908 625 3966 τοῖς
653 3904 861 3967 λοιποῖς
897 3904 1122 3958 ἆπασιν.
1145 3904 1219 3957 Ού
1250 3902 1358 3974 γάρ
1382 3899 1556 3969 εἶπεν,
1577 3903 1695 3957 Ἵνα
1714 3903 1944 3973 καθάρω
1970 3902 2098 3965 τοὺς

522 3987 968 4057 ϐαπτιζομένους,
1006 3986 1134 4052 οὐδ’,
1172 3986 1290 4039 Ἵνα
1341 3985 1635 4052 ἀπαλλάξω
1685 3986 2098 4058 ἁμαρτημάτων

517 4070 678 4143 ἦλθον
714 4071 1013 4142 βαπτίζων,
1044 4069 1180 4133 ἀλλ’,
1208 4069 1335 4123 Ἵνα
1362 4069 1678 4139 φανερωθῇ
1708 4069 1789 4136 τῷ
1835 4071 2093 4140 Ἰσραήλ.

518 4157 726 4229 Τίγάρ,
754 4156 877 4208 είπέ
897 4173 1008 4226 μοι,
1030 4154 1126 4208 τοῦ
1154 4155 1532 4225 βαπτίσματος
1548 4156 1714 4227 χωρὶς
1731 4156 1830 4209 οὐκ
1851 4156 1978 4225 ἐνῆν
1996 4172 2098 4226 κη-

522 4242 700 4314 ρῦξαι,
740 4241 836 4295 καὶ
869 4239 1251 4309 ἐπαγαγέσθαι
1279 4239 1405 4303 τοὺς
1438 4239 1667 4310 ὃχλους;
1708 4238 1869 4292 Ἀλλά
1902 4239 2099 4311 ῥᾳδίως

519 4324 691 4388 οὕτως
736 4324 988 4396 οὐδαμῶς
1025 4324 1076 4382 1⁵.
1131 4322 1265 4377 Οὐδὲ
1296 4322 1406 4395 γὰρ
1457 4324 1523 4378 ἂν
1572 4322 1714 4379 οὕτω
1765 4323 2100 4395 συνέδραμον

526 4412 783 4474 ἅπαντες,
806 4412 854 4462 εί
885 4408 1262 4479 βαπτίσματος
1288 4408 1460 4478 χωρὶς
1486 4406 1548 4460 τὸ
1569 4409 1831 4479 κήρυγμα
1853 4407 2095 4475 ἐγένετο·

521 4496 620 4550 οὐκ
649 4497 714 4550 ἂν
734 4497 935 4567 ἔμαθον
955 4496 1054 4568 τὴν
1083 4497 1193 4550 ἀπὸ
1217 4494 1317 4566 τῆς
1344 4495 1683 4566 συγκρίσεως
1709 4495 2001 4568 ὑπεροχήν.
2028 4493 2100 4547 Τὸ

529 4579 651 4648 γοῦν
686 4579 889 4645 πλῆθος
920 4581 1202 4651 ἐξήρχετο.
1229 4580 1329 4631 οὐκ
1374 4579 1740 4649 ἀκουσόμενον
1768 4570 1844 4632 ὧν
1877 4578 2061 4646 ἐλεγεν
2082 4593 2096 4608 ⁸

523 4664 660 4719 ἀλλά
681 4664 733 4716 τί
762 4710 773 4726 ,
798 4664 1172 4718 Βαπτίσασθαι
1192 4661 1678 4734 ἐξομολογούμενοι
1698 4662 1797 4725 τὰς
1827 4662 2100 4733 ἁμαρτίας

523 4747 724 4801 ἀυτῶν.
756 4748 1198 4819 Παραγενόμενοι
1226 4748 1304 4811 δὲ,
1358 4746 1699 4800 ἐδιδάσκοντο
1725 4744 1796 4799 τά
1825 4746 1954 4815 περὶ
2005 4745 2099 4799 τοῦ

531 4828 764 4899 Χριστοῦ
794 4831 889 4882 καὶ
920 4831 1013 4883 τοῦ
1043 4831 1421 4901 βαπτίσματος
1442 4829 1504 4882 τὸ
1528 4829 1784 4902 διάφορον
1814 4838 1863 4883 ο.
1907 4829 2100 4882 Καίτοι

522 4912 618 4966 τοῦ
670 4912 961 4967 Ἰουδαϊκοῦ
1005 4915 1162 4968 τοῦτο
1201 4918 1525 4987 σεμνότερον
1548 4910 1636 4985 ἦν,
1673 4913 1768 4968 καὶ
1812 4913 1900 4967 διὰ
1942 4913 2102 4967 τοῦτο

528 4996 728 5059 πάντες
761 4997 1087 5068 ἐπέτρεχον
1119 4998 1234 5051 ἀλλ’
1260 5000 1409 5069 ὅμως
1447 4999 1543 5052 καὶ⁵
1570 4997 1743 5061 οὕτως
1792 4999 1981 5063 ἀτελὲς
2008 4995 2097 5070 ἦν.

527 5078 651 5141 Πῶς
680 5074 774 5132 οὖν
817 5081 881 5133 σὺ
917 5080 1088 5149 ἔγνως
1120 5083 1316 5146 αὐτόν;
1362 5080 1461 5135 Διά
1503 5081 1603 5150 τῆς
1646 5080 1740 5133 τοῦ
1785 5081 2101 5153 Πνεύματος

526 5162 780 5227 καθόδου,
815 5164 998 5233 φησίν.
1032 5164 1150 5219 ’Ἰνα
1190 5166 1249 5219 δέ
1284 5166 1358 5236 μή
1388 5182 1473 5229 τις
1506 5165 1705 5236 νομίσῃ
1731 5164 1912 5229 πάλιν,
1934 5166 2015 5219 ὅτι
2042 5166 2101 5220 ἐν

527 5247 684 5318 χρείᾳ
716 5246 1069 5318 καθειστήκει
1115 5248 1210 5301 τοῦ
1250 5248 1584 5319 Πνεύματος,
1629 5248 1883 5318 καθάπερ
1915 5249 2098 5318 ἡμεῖς,

526 5331 758 5386 ἄκουσον
783 5332 897 5395 πῶς
923 5332 1017 5385 καὶ
1037 5332 1242 5402 ταύτην
1265 5334 1481 5404 ἀναιρεῖ
1495 5333 1592 5403 τὴν
1618 5332 2103 5402 ὑποψίαν,δεικνὺς

527 5414 609 5466 ὅτι
635 5416 668 5485 ή
713 5414 809 5469 τοῦ
842 5415 1156 5487 Πνεύματος
1183 5415 1408 5481 κάθοδος
1436 5415 1578 5488 ὑπὲρ
1602 5417 1697 5469 τοῦ
1730 5415 1965 5487 κηρῦξαι
2010 5417 2103 5470 τὸν

530 5497 761 5567 Χριστὸν
794 5498 954 5569 μόνον
974 5498 1211 5569 ἐγένετο.
1236 5496 1420 5551 Είπὼν
1442 5498 1573 5571 7&9,
1602 5500 1772 5569 Κάγὼ
1794 5502 1905 5554 οὐκ
1935 5499 2104 5570 ᾔδειν

528 5580 733 5644 αὑτὸν,
762 5582 1043 5651 ἐπήγαγεν
1066 5599 1081 5613 ν
1107 5581 1272 5635 Ἀλλ’
1298 5584 1332 5635 ὁ
1354 5582 1597 5651 πέμψας
1605 5600 1683 5651 με
1696 5583 2009 5647 βαπτίζειν
2033 5584 2105 5638 ἐν

530 5662 721 5728 ὕδατι,
765 5665 998 5732 ἐκεῖνός
1037 5684 1140 5735 μοι
1173 5663 1370 5720 εἶπεν·
1432 5666 1558 5732 Ἐφ’
1606 5666 1679 5720 ὃν
1725 5667 1803 5719 ἂν
1848 5666 1986 5734 ἴδῃς
2035 5669 2102 5721 τὸ

532 5747 772 5815 Πνεῦμα
795 5750 1173 5811 καταϐαῖνον,
1204 5749 1303 5803 καὶ
1327 5749 1513 5817 μόνον
1535 5750 1628 5802 ἐπ’
1647 5751 1851 5815 αὐτὸν,
1874 5751 2104 5818 ἐκεῖνός

530 5829 701 5882 ἐστιν
721 5834 753 5883 ὀ
776 5830 1082 5895 βαπτίζων
1094 5832 1163 5885 ἐν
1178 5832 1647 5903 Πνεύματιάγίῳ.
1670 5831 1835 5905 Ὁρᾷς
1847 5836 1929 5888 δτι
1949 5834 2105 5889 τοῦτο

596 5966 619 5993 ⁸
649 5966 800 6038 Savil.
827 5968 1083 6030 δεξάμενοι.
1112 5967 1286 6018 Morel.
1332 5972 1383 6018 et
1400 5968 1595 6031 quidam
1616 5984 1729 6021 mss.
1767 5971 2100 6034 διαδεξάμενοι.

535 6024 786 6060 humanm
827 6030 994 6060 Χνὶηηρ
1041 6029 1212 6060 ὅπὲἷ...»
1256 6031 1405 6060 ,τηρ-.-.ρ
1439 6045 1450 6055 -
1476 6034 1695 6060 ...ῑικηηξη
1780 6037 1802 6060 c
1847 6034 1976 6060 ρους·
2018 6034 2100 6060 ..ηπ

585 6029 788 6099 Qui'dam
827 6029 996 6101 ὄχλους
1041 6029 1213 6101 ῥᾳδίως
1256 6029 1712 6096 oﬁrwc_;o'36a[153q.
1780 6037 1802 6063 ε
1846 6029 2103 6083 83νῖ1.τοῦ

538 6090 865 6151 βαπτίσματος
880 6090 951 6139 τὸ
998 6090 1160 6152 μέσον.

1222 437 1281 493 S.
1320 429 1611 491 JOANNIS
1638 415 2136 485 CIIBYSOSTOII
2170 411 2491 471 ARCHIEP.
2531 399 3090 468 CONSTANTINOP.

3667 385 3770 445 “0

2188 532 2349 605 ἔργον
2381 531 2474 585 τοῦ
2506 527 2822 598 Πνεύματος
2860 518 2929 593 ἦν
2959 519 3023 572 τὸ
3041 516 3213 582 δεῖξαι
3254 507 3638 605 τὸνΔΧριστόη
3660 502 3771 561 Ἦν

2194 592 2294 688 μὲν
2339 616 2435 668 καὶ
2466 615 2501 685 ή
2696 609 2792 663 τοῦ
2837 592 3086 660 Ἰωάννου
3122 598 3413 688 μαρτυρίαῌ
3435 592 3766 688 ἀνύποπτος.

2192 683 2522 770 Βουλόμενος
2543 683 2601 752 δὲ
2626 695 2799 767 αὐτὴν
2821 687 3270 759 ἀξιοπιστοτέραν
3289 684 3546 770 ποιῆσαι,
3565 683 3771 770 ἀνήγα-

2190 802 2286 854 γεν
2326 765 2497 854 αῦτὴν
2540 781 2633 833 ἐπὶ
2674 765 2771 833 τὸν
2814 776 2948 829 Θεὸν
2988 772 3084 828 καὶ
3115 770 3185 854 τὸν
3224 766 3452 854 Πνεῦμα
3498 766 3562 819 τὸ
3594 765 3770 854 ἀγιον.

2201 850 2422 938 Ἐπειδὴ
2447 850 2557 937 7&9
2583 860 2970 934 ἐμαρτύρησεν
3005 858 3035 910 ὁ
3076 853 3330 938 Ἰωάννης
3358 851 3516 938 οὕτω
3547 850 3773 938 μέγα-τι

2190 951 2287 1006 καὶ
2313 933 2653 1021 θαυμαστὸν.
2688 933 2783 1001 καὶ
2818 942 3001 997 ἱκανὸν
3031 941 3159 1004 τοὺς
3178 937 3479 1000 ἀκούοντας
3504 933 3772 1002 ἐκπλῆξαι

2189 1038 2420 1098 πάντας,
2448 1027 2560 1088 οἷον
2581 1032 2608 1071 (ι
2639 1033 2721 1085 ὅτι
2742 1031 2841 1099 τῆς
2869 1024 3193 1097 οἰκουμένης
3221 1021 3442 1092 ἁπάσης
3460 1021 3559 1084 τὰς
3590 1021 3773 1091 ἀμαρ-

2187 1122 2309 1183 τίας
2338 1117 2605 1189 λαμϐάνει
2658 1114 2817 1184 μόνος
2865 1110 3051 1175 αὐτὸς,
3090 1108 3187 1163 καὶ
3224 1108 3307 1161 ὅτι
3337 1105 3476 1178 πρὸς
3520 1104 3773 1189 τοσοῦτον

2190 1206 2353 1275 ἀρκεῖ
2380 1187 2575 1274 λύτρον
2602 1199 2703 1269 τῆς
2746 1197 2960 1266 δωρεᾶς
2990 1194 3053 1247 τὸ
3082 1191 3337 1265 μέγεθος,
3371 1187 3772 1275 κατασκευάζει

2189 1273 2377 1341 λοιπὸν
2409 1273 2613 1355 ταύτην
2645 1282 2746 1353 τὴν
2786 1281 3081 1349 ἀπόφασιν.
3122 1277 3189 1329 Ἦ
3220 1275 3278 1329 δὲ
3318 1273 3655 1343 κατασκευὴ,
3689 1273 3772 1326 ὅτι

2191 1372 2323 1433 Υἱός
2353 1372 2471 1423 ἐστι
2496 1368 2590 1423 τοῦ
2619 1362 2777 1425 Θεοῦ.
2808 1364 2905 1418 καὶ⁵
2926 1363 3007 1415 ὃτι
3044 1360 3146 1413 οὐκ
3174 1358 3343 1412 ἐδεῖτο
3375 1356 3767 1429 βαπτίσματος,

2191 1457 2286 1509 καὶ
2309 1456 2391 1509 ὅτι
2424 1453 2585 1525 ἔργον
2606 1451 2708 1519 τῆς
2739 1448 2834 1502 τοῦ
2860 1446 3176 1516 Πνεύματος
3207 1442 3438 1525 καθόδου
3467 1441 3682 1510 γέγονε,
3711 1437 3772 1493 τὸ

2189 1540 2349 1612 δῆλον
2376 1524 2541 1594 αὐτὸν
2558 1537 2780 1603 ποιῆσαι
2810 1532 2989 1605 μόνον.
3015 1530 3091 1584 Οὐ
3120 1524 3321 1612 γὰρῆν
3345 1528 3446 1612 τῆς
3461 1526 3555 1580 τοῦ
3591 1525 3773 1612 Ἰωάντ

2190 1607 2281 1675 νου
2311 1622 2592 1691 δυνάμεως
2626 1616 2852 1686 Πνεῦμα
2894 1614 3096 1668 διδόναι
3114 1628 3129 1642 ⁸
3164 1611 3260 1666 καὶ
3286 1610 3505 1683 δηλοῦσι
3531 1607 3691 1664 τοῦτο
3721 1608 3770 1662 οί

2193 1706 2581 1779 βαπτιζόμενοι
2629 1700 2722 1757 ὑπ’
2776 1699 2945 1757 αὑτοῦ
2990 1698 3277 1768 λέγοντες*
3328 1696 3484 1751 Ἀλλ’
3535 1692 3679 1750 οὐδὲ
3718 1694 3773 1747 εί

2194 1790 2435 1861 Πνεῦμα
2454 1788 2625 1860 ἅγιον
2648 1786 2821 1842 ἔστιν
2848 1785 3221 1855 ἠκούσαμεν.

2264 1937 2384 1993 Οὐκ
2433 1937 2542 2008 ἄρα
2570 1936 2663 1989 τοῦ
2707 1932 3083 2006 βαπτίσματος
3106 1931 3276 1983 ἐδεῖτο
3310 1930 3340 1983 ὁ
3368 1927 3624 2000 Χριστὸς,
3670 1926 3770 1980 οὐκ

2192 2023 2428 2085 ἐκείνου,
2455 2021 2555 2091 οὐχ
2578 2019 2769 2092 ἐτέρου
2793 2016 2938 2080 τινός
2956 2015 3129 2085 ’ἀλλά
3149 2013 3350 2086 μᾶλλον
3372 2012 3468 2066 οτδ
3490 2012 3771 2082 βάπτισμα

2192 2107 2392 2179 ἔχρῃζε
2425 2108 2525 2175 τῆς
2554 2105 2838 2175 δυνάμεως
2867 2101 2960 2156 τοῦ
2998 2099 3256 2172 Χριστοῦ.
3285 2098 3360 2151 Τδ
3388 2098 3497 2169 γὰρ
3526 2096 3771 2150 ἐλλεῖπον

2191 2192 2354 2245 τοῦτο
2374 2186 2442 2260 ἦν
2472 2189 2533 2243 τὸ
2561 2188 2854 2257 κεφάλαιον
2877 2185 3094 2239 πάντων
3120 2183 3230 2236 τῶν
3250 2180 3491 2250 ἀγαθῶν,
3516 2180 3578 2233 τὸ
3612 2179 3773 2247 Πνεύο

2196 2292 2365 2345 ματος
2399 2259 2696 2342 ἀξιωθῆναι
2734 2271 2825 2323 τὸν
2858 2267 3272 2339 βαπτιζόμενον.
3301 2264 3519 2335 ταύτην
3556 2259 3649 2317 οῦν
3673 2262 3772 2332 τήν

2192 2359 2285 2412 τοῦ
2314 2357 2631 2429 Πνεύματος
2666 2354 2927 2427 χορηγίαν
2958 2350 3266 2423 προσέθηκε
3306 2347 3768 2420 παραγενόμενος.

2191 2443 2302 2497 Kal
2324 2442 2737 2512 ἀμαρτύρησεν
2760 2442 2792 2493 ό
2820 2440 3123 2505 Ἰωάννης,
3149 2434 3364 2505 λέγων,
3381 2433 3474 2487 ὅτι
3494 2430 3771 2501 Τεθέαμαι

2192 2526 2259 2580 τὸ
2280 2524 2523 2593 Πνεῦμα
2537 2521 2899 2579 καταϐαῖνον
2913 2520 3057 2575 ὡσεί
3073 2521 3452 2588 περιστερὰν,
3469 2515 3570 2570 καί
3582 2515 3772 2585 μένον

2192 2610 2283 2663 ἐπ’
2308 2609 2514 2664 αὐτόν.
2548 2607 2722 2677 Κάγὼ
2745 2608 2857 2661 οὐκ
2878 2606 3047 2676 ᾔδειν
3069 2604 3255 2658 αὐτόν
3272 2618 3287 2632 ·
3321 2602 3461 2657 ἀλλ’
3481 2603 3515 2655 ὀ
3528 2599 3771 2669 πέμψας

2186 2711 2265 2764 με
2288 2689 2601 2758 βαπτίζειν
2621 2691 2691 2745 ὲν
2711 2689 2903 2754 ὕδατι,
2933 2687 3163 2753 ἐκεῖνός
3180 2704 3283 2757 μοι
3309 2680 3479 2739 εἶπεν
3497 2703 3510 2715 ·
3546 2684 3669 2753 Ἐφ’
3700 2683 3773 2737 ὃν

2193 2777 2270 2831 ἂν
2294 2776 2429 2844 ἴδῃς
2450 2777 2515 2828 τὸ
2544 2774 2789 2845 Πνεῦμα
2811 2771 3191 2833 καταϐαῖνον,
3219 2768 3319 2823 καὶ
3344 2767 3537 2839 μένον
3556 2765 3649 2820 ἐπ’
3667 2768 3773 2821 αὑ-

2193 2859 2316 2919 τὸν,
2345 2853 2525 2924 οὗτός
2553 2858 2723 2912 ἐστιν
2750 2860 2783 2911 ό
2815 2854 3123 2921 βαπτίζων
3161 2853 3232 2906 ἐν
3261 2851 3560 2921 Πνεύματι
3602 2850 3770 2919 ἁγίῳ.

2192 2942 2366 3012 Κάγὼ
2388 2942 2617 3009 ἑώρακα
2643 2940 2741 2994 καὶ
2766 2941 3190 3009 μεμαρτύρηκα
3220 2935 3311 2989 δτι
3335 2931 3515 3001 οὗτός
3546 2934 3718 2988 ἐστιν
3738 2935 3770 2987 ὁ
3838 2972 3856 2989 .

2204 3027 2337 3094 Υἱὸς
2364 3026 2470 3081 τοῦ
2505 3026 2673 3081 Θεοῦ.
2710 3024 2957 3095 Συνεχῶς
2989 3025 3045 3076 δὲ
3092 3021 3176 3083 τὸ,
3211 3023 3335 3075 Οὐκ
3365 3019 3538 3091 ᾔδειν
3564 3019 3769 3082 αὐτὸν,

2191 3112 2428 3182 τίθησιν.
2462 3110 2562 3181 οὐχ
2590 3109 2777 3173 ἁπλῶς
2809 3107 2931 3162 οὐδὲ
2958 3107 3102 3177 είκῆ,
3133 3105 3249 3160 ἀλλ’
3280 3103 3469 3176 ἐπειδὴ
3504 3103 3774 3172 συγγενὴς

2193 3193 2356 3249 αὑτοῦ
2382 3190 2450 3265 ἦν
2482 3192 2622 3247 κατά
2652 3192 2852 3264 σάρκα.
2884 3189 3041 3247 Ἰδοὺ
3075 3190 3204 3259 γὰρ,
3239 3189 3425 3259 φησὶν,
3463 3185 3773 3241 Ἐλισάὅετ

2193 3280 2231 3347 ἡ
2259 3277 2566 3347 συγγενής
2601 3275 2621 3315 ί
2648 3292 2765 3331 σου
2787 3275 2888 3331 καὶ
2910 3275 3063 3343 αὐτὴ
3080 3272 3486 3343 συνειληφυῖα
3514 3271 3772 3326 υιόν.”’1ν’

2193 3357 2286 3416 οῦν
2319 3362 2393 3433 μὴ
2422 3360 2552 3437 δόξῃ
2579 3360 2899 3432 χαρίζεσθαι
2926 3359 3015 3413 διὰ
3040 3360 3139 3429 τὴν
3170 3357 3511 3427 συγγένειαν,
3538 3354 3776 3425 συνεχῶς

2196 3464 2327 3518 φησι
2354 3446 2435 3507 τὸ,
2470 3448 2591 3499 Οὐκ
2619 3445 2792 3515 ᾗδειν
2822 3445 3030 3499 αὐτόν.
3055 3441 3158 3496 Καὶ
3186 3442 3329 3496 κατά
3350 3441 3508 3509 λόγον
3536 3440 3592 3492 δὲ
3615 3437 3775 3492 τοῦτο

2198 3529 2499 3584 συνέϐαινε.
2518 3530 2630 3582 Καὶ
2658 3530 2768 3600 γὰρ
2785 3530 2877 3582 τὸν
2893 3530 3109 3583 ᾶπαντα
3127 3528 3317 3598 χρόνον
3343 3525 3434 3579 ἐπὶ
3455 3525 3553 3597 τῆς
3567 3525 3773 3594 ἐρήμου

2195 3614 2482 3686 διέτριϐεν,
2504 3612 2578 3666 ὢν
2606 3613 2705 3682 τῆς
2730 3610 2991 3684 πατρῴας
3017 3611 3192 3675 οίκίας
3220 3610 3396 3673 ἐκτός.
3420 3608 3547 3671 Πῶς
3581 3602 3697 3671 οῦν,
3725 3610 3774 3660 εί

2196 3699 2296 3751 οὐκ
2326 3698 2442 3769 ᾔδει
2473 3697 2635 3750 αὐτὸν
2667 3694 2774 3766 πρὸ
2796 3696 2896 3764 τῆς
2929 3693 3024 3750 τοῦ
3060 3693 3377 3764 Πνεύματος
3408 3692 3657 3754 καθόδου,
3681 3687 3775 3744 καὶ

2203 3783 2254 3835 εί
2279 3782 2402 3835 τότε
2423 3782 2640 3850 πρῶτον
2666 3780 2828 3834 αὑτὸν
2855 3779 3139 3849 ἐγνώρισε,
3165 3778 3271 3849 πρὸ
3282 3776 3374 3831 τοῦ
3402 3776 3776 3847 βαπτίσματος

2196 3864 2485 3918 διεκώλυεν
2523 3863 2684 3917 αὐτὸν
2716 3864 2913 3932 λέγων,
2959 3862 3106 3932 Ἐγὼ
3124 3861 3335 3931 χρείαν
3364 3861 3482 3929 ἔχω
3504 3861 3620 3913 ὑπὸ
3658 3857 3775 3912 σοῦ

2193 3946 2608 4016 βαπτισθῆναι
2624 3965 2642 4013 ;
2662 3946 2832 4000 Τοῦτο
2858 3946 2965 4017 γὰρ
2991 3947 3292 4016 τεκμήριον
3321 3943 3416 3997 τοῦ
3442 3943 3649 4014 σφόδρα
3679 3942 3778 3997 αὐ-

2197 4032 2289 4085 τὸν
2317 4032 2516 4084 εἰδέναι
2538 4026 2626 4101 ἦν.
2671 4030 2814 4083 Ἀλλ’
2845 4026 2947 4083 οἳδκ
2974 4028 3285 4101 ἔμπροσθεν
3320 4029 3416 4082 καὶ
3443 4028 3549 4099 πρὸ
3578 4026 3775 4080 πολλοῦ

2197 4117 2291 4170 τοῦ
2307 4116 2521 4187 χρόνου,
2542 4117 2636 4169 καὶ
2659 4114 2907 4178 εἰκότως.
2920 4112 3001 4167 Τά
3022 4114 3120 4185 μὲν
3136 4115 3245 4185 7&9
3262 4113 3515 4182 θαύματα
3530 4153 3546 4175 ,
3566 4113 3778 4181 ὅσαπερ

2199 4200 2389 4263 παιδὸς
2420 4199 2571 4263 ὄντος
2603 4198 2844 4268 ἐγένετο,
2870 4193 2982 4253 οἷον
3010 4196 3079 4251 τὰ
3103 4198 3232 4269 περὶ
3252 4197 3376 4259 τοὺς
3406 4196 3653 4263 Μάγους,
3681 4195 3777 4247 καὶ

2199 4284 2270 4336 τά
2304 4282 2443 4338 ἄλλα
2482 4283 2583 4336 ὅσα
2613 4282 2863 4341 τοιαῦτα.
2917 4280 3025 4351 πρὸ
3069 4279 3265 4335 πολλοῦ
3301 4280 3638 4349 συμϐεϐήκει
3682 4277 3776 4331 τοῦ

2200 4366 2414 4438 χρόνου,
2443 4366 2539 4419 τοῦ
2574 4365 2822 4419 Ἰωάννου
2841 4364 3046 4435 σφόδρα
3073 4364 3167 4417 καὶ
3181 4361 3346 4418 αὑτοῦ
3378 4362 3567 4425 παιδὸς
3595 4362 3776 4423 δντος’

2200 4451 2259 4503 ἐν
2279 4449 2338 4503 δὲ
2371 4447 2450 4519 τῷ
2482 4448 2687 4520 μεταξὺ
2717 4446 2914 4501 πολλοῦ
2931 4446 3223 4518 γενομένου
3251 4445 3345 4498 τοῦ
3383 4445 3596 4516 χρόνου,
3638 4445 3780 4497 εἰκό-

2198 4549 2306 4601 τως
2332 4533 2498 4586 πᾶσιν
2523 4532 2800 4600 ἄγνωστος
2832 4530 3125 4601 ἐτύγχανεν
3151 4532 3193 4583 5.
3243 4529 3395 4583 Ἐπεὶ
3428 4531 3477 4583 εί
3503 4527 3778 4599 γνώριμος

2198 4607 2288 4686 ἦν,
2326 4615 2427 4668 οὐκ
2452 4615 2518 4669 ἂν
2550 4611 2723 4677 εἶπεν,
2756 4615 2892 4669 Ἵνα
2916 4612 3229 4683 φανερωθῇ
3262 4612 3343 4678 τῷ
3379 4611 3649 4680 Ἰσραὴλ,
3679 4608 3779 4664 διὰ

2200 4698 2376 4753 τοῦτο
2396 4694 2588 4769 ἦλθον
2609 4697 2933 4763 βαπτίζων.

2270 4827 2341 4889 γ’.
2376 4819 2627 4873 Ἐτεῦθεν
2650 4821 2783 4891 ήμῖν
2804 4819 2989 4873 λοιπὸν
3024 4819 3202 4890 δῆλον,
3234 4819 3318 4872 ὅτι
3337 4818 3433 4873 καὶ
3461 4818 3529 4871 τὰ
3575 4819 3779 4887 σημεῖα

2203 4905 2407 4967 ἐκεῖνα,
2431 4903 2466 4957 ἃ
2489 4903 2718 4957 παιδικὰ
2746 4899 2885 4957 εἷναί
2908 4921 3045 4973 φασι
3072 4903 3165 4956 τοῦ
3192 4901 3454 4973 Χριστοῦ,
3481 4900 3653 4971 ψευδῆ
3684 4900 3781 4954 καὶ

2203 4988 2503 5057 πλάσματά
2528 5005 2691 5042 τινων
2715 4987 3114 5057 ἐπεισαγόντων
3140 4987 3305 5041 ἐστίν.
3328 4987 3390 5039 El
3414 4986 3524 5057 7&9
3550 4986 3614 5038 ἐκ
3630 4987 3783 5057 πρώ-

2201 5089 2303 5141 της
2328 5072 2633 5144 ἁρξὰμενος
2680 5072 2896 5142 ἡλικίας
2933 5070 3389 5143 ἐθαυματούργει,
3421 5071 3522 5123 οὐκ
3562 5071 3626 5123 ἂν
3654 5068 3780 5123 οὔτε

2215 5156 2467 5226 Ἰωάννης
2483 5156 2646 5209 αὐτὸν
2662 5156 2950 5227 ἠγνόησεν,
2968 5154 3088 5208 οὐδὲ
3101 5154 3160 5207 τὸ
3175 5154 3357 5207 λοιπὸν
3371 5153 3569 5222 πλῆθος
3588 5153 3779 5226 ἐδεήθη

2201 5238 2269 5294 ἂν
2297 5239 2618 5315 διδασκάλου
2638 5239 2732 5292 τοῦ
2758 5239 3164 5310 φανερώσοντος
3193 5237 3380 5292 αὐτόν.
3404 5236 3518 5289 Νῦν
3534 5237 3590 5290 δὲ
3618 5236 3783 5315 αὐτός

2204 5322 2359 5396 [1001
2375 5340 2529 5393 φησι,
2552 5314 2639 5376 διά
2669 5322 2826 5375 τοῦτο
2846 5322 3302 5392 παραγεγονέναι,
3318 5321 3452 5375 Ἵνα
3469 5314 3783 5389 φανερωθῇ

2203 5406 2285 5471 τῷ
2314 5405 2573 5475 ἰσραήλο
2589 5407 2683 5460 καὶ
2699 5406 2789 5460 διά
2803 5406 2960 5459 τοῦτο
2980 5406 3133 5473 ἔλεγε
3162 5405 3345 5471 πάλιν,
3363 5403 3512 5473 Ἐγὼ
3525 5404 3555 5443 h
3574 5404 3783 5472 χρείαν

2204 5490 2325 5557 ἔχω
2337 5490 2458 5544 ὑπὸ
2481 5486 3039 5555 σοῦβαπτισθῆναι.
3055 5487 3391 5559 ’Υστερονδὲ
3409 5489 3502 5541 ἁτε
3522 5486 3785 5556 σαφέστε-

2208 5590 2300 5643 ρον
2327 5571 2536 5642 μαθὼν,
2559 5575 2671 5636 τοῖς
2691 5572 2866 5643 δχλοις
2882 5571 3045 5626 αὑτὸν
3068 5570 3333 5641 ἐκήρυττε
3360 5570 3535 5638 λέγων
3556 5587 3570 5600 ⁸
3593 5565 3784 5635 οὗτος

2204 5651 2284 5725 ἦν
2304 5655 2376 5708 ὃν
2400 5651 2594 5709 εἷπον·
2628 5657 2849 5709 Ὀπίσω
2868 5673 2987 5725 μου
3012 5654 3245 5722 ἔρχεται
3276 5654 3452 5723 ἀνὴρ,
3480 5653 3548 5719 ὃς
3562 5653 3782 5721 ἔμπρο-

2205 5740 2355 5792 σθέν
2374 5755 2494 5808 μου
2518 5738 2783 5809 γέγονεν,
2803 5738 2885 5792 ὅτι
2901 5738 3015 5803 καὶ,
3050 5738 3104 5789 Ὀ
3126 5735 3369 5807 πέμψας
3381 5752 3457 5807 με
3471 5735 3785 5801 βαπτίζειν

2236 5909 2264 5949 d
2290 5912 2413 5972 0(0v_
2430 5912 2480 5959 in
2491 5909 2777 5972 quibusdam
2789 5908 2949 5959 deest.
2998 5912 3021 5940 θ
3046 5909 3240 5972 Μᾶλλον
3256 5905 3780 5972 degsginguibugﬂam

2204 5987 2323 6021 mss.
2395 5970 2415 6009 ί
2445 5967 2523 6020 ιω·
2559 5972 2730 6019 Morel.
2758 5972 2907 6020 Savil.
2934 5975 2988 6019 et
3009 5971 3148 6019 codd.
3189 5969 3300 6027 705,
3324 5967 3417 6017 ’106
3446 5967 3619 6026 τίθησι.
3647 5968 3785 6024 Τίνος

2208 6036 2364 6094 ἕνεκεν
2389 6034 2470 6080 καὶ
2494 6033 2571 6081 διὰ
2592 6033 2669 6091 τί;
2698 6035 2923 6094 συγγενὴς
2961 6030 3107 6079 αὐτοῦ
3150 6030 3225 6090 ἤν.
3248 6091 3257 6094 _
3296 6032 3321 6067 κ
3344 6030 3494 6094 Savil.
3538 6032 3785 6091 ἄγνωστος

2214 6097 2287 6154 ἠν.
2358 6093 2383 6131 h
2406 6096 2506 6145 Alii
2538 6094 2742 6157 Ἰσραήλ.
2771 6091 2905 6150 Πῶς
2923 6094 3003 6142 οῦν
3043 6095 3212 6154 ἔλεγεν·
3247 6091 3386 6154 Ἐγώ.
