4094 6370
313 429 419 485 169

312 561 433 617 quae
458 542 603 613 prius
630 540 774 597 dicta
818 538 1033 595 fuerant
1062 539 1115 592 in
1157 535 1485 592 audientium
1516 534 1709 589 animis
1738 532 1896 588 altius

310 639 779 707 imprimerentur,
809 634 1021 703 aliaque
1064 647 1275 687 rursum
1337 629 1719 699 adjicerentur.
1766 624 1899 682 Illud

310 744 522 793 autem,
558 728 720 792 Ecce,
767 726 967 781 dictum
1007 732 1125 789 est,
1173 724 1295 793 quia
1342 722 1495 775 multi
1525 736 1667 791 smpe
1691 735 1760 775 ex
1787 719 1895 788 jam

311 823 467 877 dictis
491 830 547 876 et
583 836 615 875 a
654 820 823 874 multo
864 827 1103 887 tempore
1132 812 1460 886 quaerebant
1488 829 1631 867 eum.
1670 811 1899 881 Ideoque

313 925 632 987 pra-sentem
672 914 817 966 illum
845 910 1079 966 ostendit
1122 924 1184 962 ac
1210 907 1377 972 dicit,
1411 906 1575 971 Ecce;
1605 902 1897 960 ostendens

312 1009 462 1061 illum
498 1008 671 1077 ipsum
702 1020 823 1061 esse
850 1004 939 1073 qui
984 1004 1094 1071 jam
1122 1002 1248 1057 olim
1294 999 1653 1071 quaerebatur.
1698 996 1795 1051 IIic
1819 1002 1902 1050 est

309 1113 504 1168 agnus.
538 1102 747 1167 Aguum
773 1107 955 1151 autem
984 1102 1175 1161 vocat,
1218 1093 1273 1148 in
1318 1100 1555 1147 mentem
1588 1088 1895 1144 Judteorum

310 1204 574 1245 revocans
625 1187 956 1258 prophetiam
1006 1184 1155 1243 Isaiae
1181 1226 1195 1247 .
1232 1198 1443 1239 necnon
1471 1182 1716 1239 umbram
1747 1179 1895 1234 illam

309 1281 511 1353 Moysis
559 1289 798 1348 tempore
820 1321 836 1343 ,
866 1286 923 1332 ut
962 1293 1055 1347 per
1080 1276 1305 1346 ﬁguram
1360 1275 1482 1330 illos
1506 1273 1675 1342 magis
1704 1271 1770 1326 ad
1796 1286 1892 1325 ve-

310 1375 527 1430 ritatem
553 1371 867 1428 adduceret.
892 1369 989 1425 Ille
1019 1369 1233 1438 quidem
1270 1383 1440 1438 agnus
1484 1366 1683 1422 nullius
1714 1377 1901 1434 pecca-

309 1474 429 1518 tum
454 1464 701 1530 accepit;
730 1462 818 1515 hic
848 1470 1025 1515 autem
1059 1460 1222 1514 totius
1247 1458 1393 1517 orbis
1421 1466 1682 1513 terrarum
1713 1467 1902 1523 pecca—

310 1566 383 1611 ta.
438 1555 837 1611 Periclitantem
881 1554 1080 1623 quippe
1130 1550 1388 1605 mundum
1432 1550 1540 1603 cito
1577 1547 1647 1603 ab
1678 1547 1755 1601 ira
1805 1544 1901 1600 Dei

309 1648 529 1713 eripuit.
563 1646 652 1701 30.
698 1644 800 1697 llic
838 1653 910 1697 est
953 1645 1016 1697 de
1042 1658 1142 1712 quo
1171 1640 1279 1694 dixi
1299 1681 1315 1707 ,
1353 1639 1454 1706 Qui
1483 1646 1597 1708 post
1622 1652 1701 1691 me
1729 1635 1858 1691 venit
1880 1674 1896 1701 ,

308 1749 433 1791 ante
468 1753 547 1791 me
576 1738 741 1804 factus
769 1743 866 1799 est.

380 1832 438 1887 2.
478 1826 669 1882 Viden‘
708 1824 872 1877 etiam
932 1819 1022 1872 hic
1076 1830 1189 1887 quo
1242 1820 1407 1884 pacto
1459 1826 1650 1866 vocem
1715 1809 1885 1876 illam,

314 1925 477 1983 Ante,
505 1912 939 1985 interpretatur?
985 1908 1121 1963 Nam
1148 1921 1273 1962 cum
1305 1906 1536 1960 dixisset
1577 1918 1801 1975 agnum,
1833 1910 1889 1957 et

309 2007 484 2074 ipsum
510 2005 696 2058 tollere
722 2012 994 2072 peccatum
1022 2001 1227 2064 mundi,
1262 2010 1387 2054 tunc
1416 2000 1528 2065 ait,
1556 1998 1685 2051 Ante
1708 2012 1786 2049 me
1813 1998 1895 2067 fa-

307 2108 422 2152 ctus
441 2107 551 2160 est;
576 2096 865 2151 ostendens
887 2094 1037 2160 illud,
1067 2093 1215 2159 Ante,
1245 2093 1321 2147 sic
1351 2089 1722 2160 explicandum
1753 2103 1894 2153 esse,

307 2188 454 2258 quod
498 2188 648 2242 tollat
696 2194 909 2256 peccata
942 2184 1147 2248 mundi,
1188 2182 1329 2253 quod
1357 2181 1590 2252 baptizet
1618 2180 1668 2234 in
1698 2180 1898 2249 Spiritu

305 2286 514 2332 sancto.
542 2277 816 2332 Adventus
839 2276 1037 2346 quippe
1060 2288 1209 2329 meus
1233 2273 1360 2327 nihil
1387 2273 1504 2345 plus
1532 2270 1713 2325 habuit
1739 2285 1897 2339 quam

305 2368 453 2439 quod
492 2384 829 2423 communem
870 2367 1015 2423 orbis
1044 2364 1439 2421 benefactorem
1462 2361 1859 2432 praedicaverim
1880 2400 1895 2425 ,

305 2473 362 2518 et
389 2462 528 2533 quod
555 2462 875 2531 baptismum
914 2476 1065 2532 aquae
1112 2458 1568 2520 ministraveritu;
1612 2455 1770 2526 hujus
1799 2469 1897 2508 au-

307 2565 417 2609 tem
448 2554 708 2608 adventus
738 2568 874 2623 opus
898 2552 1021 2607 illud
1042 2561 1143 2618 est,
1161 2565 1391 2622 purgare
1420 2548 1661 2603 homines
1685 2562 1896 2613 omnes,

306 2646 569 2701 Paracleti
594 2646 959 2715 operationem
993 2643 1193 2714 largiri.
1217 2642 1314 2697 Hic
1341 2642 1468 2695 Ante
1497 2656 1577 2694 me
1603 2639 1766 2708 [actus
1784 2647 1897 2701 est;

304 2740 358 2795 id
385 2750 484 2804 est,
515 2755 603 2793 me
628 2740 822 2794 clarior
852 2738 1113 2807 apparuit,
1145 2736 1276 2802 Quia
1304 2736 1444 2805 prior
1482 2750 1562 2787 me
1605 2742 1730 2787 erat.
1763 2732 1898 2786 Eru-

304 2831 526 2885 bescant
574 2832 609 2883 ii
659 2830 747 2897 qui
781 2829 926 2883 Pauli
974 2826 1307 2882 Samosateui
1350 2825 1592 2879 insanum
1658 2837 1896 2889 errorem

303 2938 593 2990 suscepere
620 2921 717 2993 (a),
740 2921 828 2991 qui
852 2931 955 2974 tam
990 2932 1228 2990 apertam
1258 2925 1566 2988 oppugnant
1592 2915 1893 2970 veritatem.

302 3018 393 3073 5|.
425 3017 492 3072 Et
510 3034 604 3090 ego
634 3017 909 3072 nesciebam
933 3032 1066 3070 eum.
1098 3014 1228 3068 Vide
1248 3028 1355 3083 quo
1382 3019 1536 3080 pacto
1559 3023 1771 3063 omnem
1794 3007 1897 3063 hoc

303 3108 615 3163 testimonio
641 3105 852 3161 auferat
893 3106 1275 3173 suspicionem,
1308 3100 1599 3157 ostendens
1628 3099 1757 3153 illud
1788 3113 1894 3153 non

302 3218 371 3256 ex
393 3202 625 3255 humana
643 3200 811 3270 gratia
839 3207 894 3254 et
937 3198 1192 3261 amicitia,
1240 3195 1333 3251 sed
1375 3210 1439 3250 es
1470 3193 1648 3248 divina
1693 3190 1898 3246 revela-

305 3292 449 3347 tione
475 3291 763 3362 proﬁcisci.
795 3289 908 3361 Ego
930 3289 1215 3344 nesciebam
1243 3302 1374 3349 eum,
1402 3284 1592 3355 inquit.
1615 3281 1895 3349 Quomodo

300 3402 433 3457 ergo
464 3386 571 3440 ﬁde
590 3384 783 3453 dignus
809 3382 964 3438 testis
992 3380 1202 3436 fueris?
1245 3377 1515 3448 quomodo
1555 3376 1687 3430 alios
1732 3373 1896 3433 doce-

302 3481 410 3543 bis,
439 3479 483 3532 si
513 3479 627 3547 ipse
648 3476 903 3545 ignores?
935 3473 1049 3529 Non
1098 3472 1252 3532 dixit,
1285 3470 1401 3525 Non
1427 3469 1549 3523 novi
1573 3467 1743 3533 illum,
1776 3466 1892 3531 sed,

306 3568 605 3625 Nesciebam
628 3585 778 3633 eum;
812 3568 882 3621 ita
929 3576 985 3620 ut
1012 3565 1137 3619 hinc
1183 3563 1416 3617 maxime
1446 3560 1551 3615 ﬁde
1578 3560 1770 3630 dignus
1797 3573 1896 3628 ap-

303 3673 505 3732 pareat.
536 3661 657 3730 Quo
704 3670 860 3730 pacto
882 3658 1027 3731 enim
1057 3659 1108 3710 in
1138 3655 1253 3725 ejus
1281 3655 1528 3725 gratiam,
1561 3667 1717 3723 quem
1746 3652 1896 3721 igno-

302 3754 456 3807 rabat
476 3795 492 3818 ,
524 3752 777 3822 loquutus
806 3748 999 3804 fuerit?
1040 3747 1147 3803 Sed
1172 3756 1225 3800 ut
1248 3744 1597 3813 manifestetur
1623 3744 1676 3797 in
1706 3741 1891 3808 Israel,

302 3845 416 3899 ideo
456 3844 568 3898 veni
595 3843 854 3912 baptizans
899 3842 949 3894 in
988 3856 1139 3909 aqua.
1168 3837 1283 3892 Non
1310 3851 1439 3906 ergo
1463 3835 1552 3890 ille
1578 3835 1895 3904 baptismate

302 3951 441 4005 opus
467 3934 726 3999 habebat;
783 3947 960 4003 neque
1010 3930 1114 3984 alia
1153 3930 1221 3984 de
1260 3943 1420 3985 causa
1460 3927 1729 3981 lavacrum
1767 3924 1894 3980 illud

303 4036 552 4097 paratum
579 4025 771 4088 fuerat,
806 4038 963 4093 quam
1004 4030 1064 4076 ut
1091 4020 1340 4075 omnibus
1383 4016 1451 4072 ad
1493 4015 1689 4072 Christi
1736 4014 1895 4069 ﬁdem

302 4120 446 4174 viam
472 4126 757 4173 sterneret.
786 4115 903 4170 Non
927 4114 1070 4170 enim
1101 4113 1256 4179 dixit,
1286 4110 1359 4168 Ut
1396 4110 1693 4179 baptizatos
1734 4124 1895 4177 puros

305 4211 548 4275 reddam,
575 4224 769 4279 neque,
790 4207 1123 4277 Baptizatum
1166 4204 1307 4269 veni,
1338 4212 1451 4255 uta
1484 4201 1717 4271 peccatis
1758 4200 1893 4252 lihe-

304 4318 460 4366 reni;
509 4300 625 4365 sed,
686 4298 758 4353 Ut
806 4297 1150 4367 ntanifestetur
1197 4296 1251 4349 in
1297 4293 1482 4349 Israel.
1532 4292 1665 4359 Quid
1713 4293 1892 4354 enim,

302 4391 617 4460 qumso?an
651 4391 769 4444 sine
806 4389 1125 4457 baptismate
1166 4400 1272 4439 non
1299 4385 1493 4438 licebat
1524 4382 1813 4452 praedicare
1841 4389 1897 4435 et

303 4485 559 4554 populum
582 4481 883 4537 attrahere?
909 4480 1103 4535 Verum
1130 4495 1237 4535 non
1271 4477 1321 4532 id
1355 4478 1425 4531 ita
1457 4475 1611 4531 facile
1644 4476 1756 4529 ﬁeri
1793 4493 1889 4544 po-

306 4575 507 4628 terat‘.
540 4572 721 4642 Neque
752 4572 893 4625 enim
930 4571 1002 4626 ita
1026 4568 1422 4625 concurrissent
1451 4581 1658 4631 omnes,
1686 4566 1728 4618 si
1758 4582 1893 4633 ιη’ξιε-

306 4667 503 4722 dicatio
541 4665 659 4719 sine
710 4664 1027 4733 baptismate
1074 4660 1297 4723 fuisset;
1348 4673 1447 4713 nec
1500 4657 1895 4726 comparatione

305 4757 440 4813 facta
463 4758 581 4827 ejus
606 4754 1060 4824 prmeminentiam
1084 4750 1447 4806 edidicissent.
1472 4746 1740 4817 Siquidem
1762 4746 1896 4799 mul-

307 4853 476 4907 titudo
504 4851 706 4915 exibat,
741 4864 845 4903 non
874 4856 930 4901 ut
955 4861 1072 4917 quae
1109 4843 1321 4899 dicebat
1352 4842 1559 4896 audiret
1592 4858 1604 4892 :
1642 4839 1734 4893 sed
1762 4840 1894 4892 cur?

307 4943 375 5000 lit
425 4945 744 4996 conﬁtentes
796 4948 1011 5008 peccata
1062 4937 1480 5006 baptizarentur.
1535 4932 1895 4986 Advenientes

304 5045 479 5088 autem
504 5049 622 5101 qua:
651 5030 718 5084 ad
744 5029 1016 5083 Christum
1040 5027 1354 5097 spectabant
1383 5023 1731 5087 docebantur,
1764 5037 1894 5075 nec-

303 5142 410 5179 non
456 5122 705 5194 baptismi
750 5118 1126 5174 dill'erentiam.
1182 5117 1281 5172 llic
1323 5117 1465 5170 enim
1516 5124 1631 5169 erat
1672 5113 1895 5168 Judaieo

304 5217 679 5287 praestantior;
730 5212 956 5281 ideoque
998 5225 1184 5265 omnes
1225 5208 1571 5263 occurrebant
1604 5222 1617 5258 :
1658 5214 1893 5259 attamen

301 5309 389 5363 hic
415 5308 713 5376 baptismus
741 5304 1088 5375 imperfectus
1109 5311 1242 5357 erat.
1289 5299 1570 5367 Quomodo
1606 5298 1767 5368 igitur
1805 5311 1896 5350 co-

300 5397 535 5470 gnovisti
586 5410 709 5449 eum
726 5397 750 5448 Ἰ
803 5395 905 5449 Per
948 5393 1264 5448 descensum
1311 5391 1557 5459 Spiritus,
1586 5388 1775 5457 inquit.
1815 5386 1894 5442 Nc

303 5491 423 5561 quis
444 5500 625 5543 autem
658 5487 783 5541 hinc
810 5486 1102 5549 existimet,
1134 5484 1285 5541 illum
1332 5483 1532 5552 Spiritu
1579 5482 1810 5552 eguisse,
1837 5491 1894 5534 ut

304 5598 405 5637 nos
431 5595 673 5652 egemus,
702 5577 825 5633 audi
851 5576 1118 5646 quomodo
1147 5574 1283 5631 hanc
1303 5590 1515 5645 quoque
1538 5573 1891 5643 suspicionem

365 5693 439 5753 (a)
472 5688 671 5738 Dicebat
695 5683 867 5739 Paulus
888 5688 1227 5753 samosatenus
1250 5676 1640 5753 Filium‘nullain
1669 5678 1893 5741 hyposta.

306 5748 387 5805 s'ui
416 5748 645 5801 habuisse
677 5754 936 5805 antequam
972 5755 1033 5790 ex
1060 5748 1199 5799 Maria
1232 5748 1532 5791 nascereutr.

367 5822 381 5849 ³
422 5818 474 5867 lu
505 5813 796 5878 quibusdam
833 5810 1033 5878 legitur,
1058 5809 1240 5859 ansine
1264 5807 1606 5872 baptismate...
1650 5812 1695 5858 et
1729 5818 1882 5869 popu-

305 5879 402 5929 Ilnn
430 5872 537 5929 tam"
556 5874 703 5942 facile
737 5878 979 5922 attrahere
1002 5872 1025 5920 2
1049 5884 1368 5935 nequaquam.

641 5970 915 6031 Ρηιιοι..
962 5974 1075 6033 Gn.
1121 5973 1278 6035 LIX.

1451 418 1517 475 ῐΝ
1553 416 1864 474 JOANNEM
1901 413 2127 471 IlOMlL.
2172 416 2330 501 X\VII.
2371 418 2441 474 al.
2485 416 2623 475 XVI.

3495 418 3595 481 ilo

2006 542 2272 600 amoveat,
2299 534 2588 591 ostendens
2612 534 2839 605 Spiritus
2862 533 3180 599 descensum
3205 531 3272 589 ad
3304 534 3598 602 pradicant.

2006 627 2134 682 dum
2160 627 2432 684 Christum
2457 628 2794 687 solummodo
2822 626 3006 690 fuisse.
3036 627 3169 689 Cum
3192 627 3413 685 dixisset
3432 631 3598 697 enim,

2006 718 2077 776 Et
2105 737 2195 791 ego
2223 738 2325 776 non
2348 722 2705 792 cognoscebam
2727 738 2861 788 eum,
2891 721 3196 791 subjunxit:
3223 722 3328 778 Sed
3357 722 3447 794 qui
3467 723 3601 777 misit

2006 829 2087 867 me
2108 814 2366 883 baptizare
2387 815 2440 869 in
2470 830 2623 883 aqua,
2646 814 2734 868 ille
2759 814 2883 877 milii
2911 815 3040 868 dixit
3084 829 3104 868 :
3148 814 3318 884 Super
3343 831 3489 885 quem
3526 816 3603 869 ui-

2007 903 2141 958 deris
2169 904 2421 974 Spiritum
2442 905 2837 969 descendentem,
2879 914 2925 959 et
2964 916 3250 959 manentem
3271 923 3422 974 super
3444 922 3557 960 eum
3579 946 3597 973 ,

2006 994 2093 1049 ille
2122 1006 2196 1049 est
2216 997 2302 1065 qui
2320 996 2541 1065 baptizat
2584 997 2638 1050 in
2693 996 2893 1067 Spiritu
2938 1006 3132 1051 sancto.
3161 997 3354 1053 Viden'
3400 998 3465 1051 ad
3498 997 3601 1053 hoc

2005 1088 2218 1143 venisse
2244 1086 2499 1157 Spiritum
2525 1097 2791 1153 sanctum,
2836 1097 2893 1143 ut
2919 1086 3190 1143 Christum
3244 1088 3598 1143 ostenderet?

2005 1180 2139 1239 Erat
2182 1180 2381 1251 quippe
2424 1182 2585 1241 etiam
2635 1181 2857 1239 Joannis
2902 1182 3262 1241 testimonium
3294 1181 3597 1250 suspicione

2006 1287 2250 1327 vacuum.
2284 1272 2355 1329 Ut
2381 1283 2562 1333 autem
2603 1273 2735 1330 illud
2764 1273 2867 1328 ﬁde
2919 1272 3131 1343 dignius
3184 1271 3502 1338 exhiberet,
3524 1270 3595 1327 ad

2007 1363 2177 1420 Deum
2204 1364 2417 1420 reduxit
2458 1374 2513 1421 et
2555 1365 2624 1421 ad
2659 1366 2915 1437 Spiritum
2957 1375 3219 1431 sanctum.
3266 1363 3401 1430 Quia
3448 1363 3593 1419 enim

2004 1455 2235 1514 Joannes
2284 1472 2398 1514 rem
2449 1467 2669 1524 tantam,
2720 1468 2824 1513 tam
2869 1458 3232 1513 admirandam
3264 1457 3591 1528 praedicavit,

2004 1563 2124 1619 qua:
2156 1558 2333 1619 posset
2357 1548 2626 1606 auditores
2650 1564 2839 1605 omnes
2895 1550 2948 1604 in
2986 1558 3256 1619 stuporem
3289 1548 3590 1617 conjicere;

2003 1656 2196 1712 nempe
2212 1642 2351 1712 quod
2380 1643 2493 1713 ipse
2521 1642 2667 1698 solus
2690 1642 2836 1697 orbis
2865 1650 3080 1711 peccata
3124 1642 3300 1696 omnia
3342 1640 3589 1707 tolleret,

2003 1742 2057 1788 et
2081 1732 2225 1803 quod
2248 1732 2375 1788 doni
2404 1733 2713 1804 magnitudo
2731 1733 2799 1788 ad
2824 1743 3020 1787 tantam
3041 1732 3462 1803 redemptionem
3481 1730 3593 1787 suf-

2004 1824 2189 1880 ﬁceret
2220 1840 2236 1878 :
2268 1824 2406 1879 hanc
2444 1824 2660 1880 demum
2697 1825 3016 1880 sententiam
3052 1825 3247 1879 ﬁrmat.
3291 1821 3591 1879 Conﬁrma-

2004 1923 2091 1969 tur
2116 1924 2294 1969 autem
2326 1930 2392 1970 ex
2422 1930 2489 1970 eo
2514 1915 2656 1985 quod
2680 1917 2751 1970 sit
2777 1915 2946 1970 Filius
2977 1915 3092 1975 Dei,
3132 1915 3273 1985 quod
3299 1931 3404 1970 non
3440 1923 3593 1985 egeat

2001 2003 2342 2074 baptismate,
2374 2014 2429 2060 et
2456 2005 2597 2075 quod
2628 2005 2746 2061 ideo
2773 2016 2977 2060 tantum
3006 2005 3233 2074 Spiritus
3277 2004 3590 2070 descendit,

2004 2105 2061 2150 ut
2091 2097 2234 2151 illum
2261 2098 2637 2152 manilestaret.
2668 2096 2783 2151 Non
2822 2097 2962 2152 enim
2994 2113 3156 2166 penes
3191 2096 3449 2152 Joannem
3478 2104 3594 2153 erat

2003 2190 2257 2259 Spiritum
2292 2190 2439 2255 dare,
2490 2190 2629 2261 quod
2664 2189 2936 2243 declarant
2972 2190 3004 2242 ii
3029 2190 3119 2259 qui
3160 2190 3226 2244 ab
3255 2189 3372 2257 ipso
3417 2188 3593 2256 bapti‘

2002 2297 2175 2335 sinum
2198 2293 2536 2351 acceperant,
2553 2281 2792 2336 dicentes
2820 2298 2831 2332 :
2857 2280 2962 2335 Sed
2983 2296 3140 2351 neque
3155 2281 3199 2333 si
3220 2279 3447 2350 Spiritus
3466 2296 3592 2334 san-

2001 2384 2112 2425 ctus
2140 2381 2213 2425 est
2238 2372 2518 2426 audivimus
2540 2372 2557 2441 (
2576 2372 2689 2425 Act.
2722 2372 2809 2426 i9.
2840 2372 2875 2425 2
2893 2374 2938 2443 ).

2072 2462 2302 2520 Christus
2350 2465 2646 2536 baptismate
2694 2464 2915 2521 Joannis
2950 2482 3050 2519 non
3096 2464 3290 2534 egebat,
3319 2464 3407 2518 sed
3434 2462 3589 2518 Citri-

2001 2566 2079 2610 sto
2124 2554 2403 2627 Baptisma.
2471 2556 2640 2623 Quare
2688 2555 2915 2611 Joannes
2966 2556 3030 2611 Β.
3080 2558 3361 2627 frequenter
3414 2555 3586 2621 dicat,

2001 2647 2278 2701 nesciebam
2324 2664 2457 2702 eum.
2497 2678 2567 2687 —
2623 2646 2737 2702 Non
2790 2663 2918 2718 ergo
2979 2648 3295 2716 baptismate
3344 2645 3589 2702 Christus

2002 2737 2210 2807 egebat,
2241 2753 2344 2792 non
2379 2738 2487 2805 illo,
2530 2754 2635 2792 non
2665 2739 2801 2803 alio;
2855 2738 2948 2794 sed
2980 2740 3155 2809 potius
3198 2738 3459 2807 baptisma
3489 2753 3589 2807 po-

2002 2831 2166 2885 tentia
2222 2830 2438 2884 Christi.
2481 2830 2613 2885 Nam
2664 2831 2935 2886 residuum
2988 2840 3145 2901 caput
3191 2839 3306 2886 erat
3349 2832 3588 2887 omnium

2001 2923 2285 2991 bonorum,
2337 2933 2396 2979 ut
2442 2926 2648 2980 scilicet
2692 2925 2988 2995 baptizatus
3030 2926 3230 2996 Spiritu
3276 2939 3461 2981 sancto
3507 2927 3589 2980 di-

2000 3025 2270 3083 gnaretur.
2299 3016 2411 3072 Hoc
2447 3016 2675 3087 Spiritus
2706 3017 2905 3071 donum
2940 3017 3143 3072 addidit
3165 3018 3253 3073 ille
3277 3034 3396 3072 cum
3421 3018 3588 3072 adve-

2000 3108 2094 3160 nit.
2120 3106 2208 3162 32.
2242 3105 2311 3161 Et
2338 3097 2676 3163 testimonium
2704 3109 2953 3178 perhibuit
2974 3109 3200 3164 Joannes
3222 3111 3392 3164 dicens
3427 3125 3446 3163 :
3475 3108 3588 3163 Vidi

2000 3196 2254 3267 Spiritum
2294 3199 2673 3254 descendentem
2702 3202 2832 3253 sicut
2870 3200 3181 3267 columbam,
3222 3210 3271 3255 et
3303 3210 3588 3257 manentem

1998 3306 2151 3359 super
2170 3307 2303 3344 eum.
2337 3293 2424 3348 33.
2449 3291 2518 3345 Et
2556 3291 2667 3363 Ego
2698 3293 2975 3347 nesciebam
3012 3310 3125 3347 eum
3161 3308 3181 3347 :
3207 3292 3296 3349 sed
3328 3294 3417 3365 qui
3452 3294 3587 3349 misit

1999 3398 2079 3437 me
2105 3382 2362 3454 baptizare
2387 3384 2441 3437 in
2475 3400 2629 3454 aqua,
2658 3385 2746 3438 ille
2776 3385 2901 3439 mihi
2929 3385 3058 3440 dixit
3081 3401 3099 3439 :
3123 3384 3295 3455 Super
3338 3403 3483 3456 quem
3508 3387 3587 3440 vi-

1999 3476 2132 3530 deris
2163 3475 2414 3544 Spiritum
2436 3475 2834 3542 descendentem,
2871 3484 2917 3528 et
2934 3485 3215 3529 manentem
3258 3492 3410 3545 super
3448 3493 3581 3543 eum,

1999 3567 2080 3620 hic
2107 3577 2179 3620 est
2197 3567 2285 3636 qui
2310 3567 2531 3636 baptizat
2560 3567 2612 3619 in
2639 3564 2838 3635 Spiritu
2850 3576 3042 3620 sancto.
3076 3566 3162 3620 SI.
3188 3564 3256 3618 Et
3282 3583 3370 3637 ego
3391 3567 3514 3632 vidi,
3536 3578 3586 3621 et

2000 3657 2337 3711 testimonium
2360 3656 2611 3726 perhibui,
2638 3657 2756 3721 quia
2778 3655 2862 3709 hic
2887 3666 2959 3710 cst
2987 3654 3035 3710 F
3037 3656 3152 3709 ilius
3176 3655 3290 3709 Dei.
3317 3656 3589 3726 Frequen-

2001 3759 2082 3805 ter
2110 3751 2214 3805 hoc
2243 3750 2407 3803 utitur
2431 3748 2596 3813 dicto,
2629 3748 2928 3804 Nesciebam
2951 3765 3095 3813 eum;
3126 3763 3223 3805 nec
3251 3749 3367 3805 sine
3390 3764 3548 3807 causa
3568 3791 3583 3814 ,

2000 3840 2094 3899 sed
2121 3841 2241 3910 quia
2269 3848 2524 3910 cognatus
2550 3840 2665 3909 ejus
2694 3849 2809 3894 erat
2833 3840 2849 3871 ¹
2871 3840 3164 3896 secundum
3192 3856 3425 3897 carnem.
3456 3842 3590 3899 Ecce

1998 3932 2243 3996 Elisabet,
2297 3932 2486 4001 inquit,
2534 3941 2748 4001 cognata
2787 3940 2893 3999 tua,
2939 3941 2984 3986 et
3019 3933 3131 4001 ipsa
3160 3933 3383 4003 concepit
3424 3933 3588 4001 [ilium

2002 4020 2165 4090 (Luc.
2196 4025 2247 4077 I.
2286 4022 2355 4078 36
2378 4022 2417 4091 ).
2460 4021 2539 4077 Ne
2568 4023 2837 4077 videretur
2886 4038 3014 4093 ergo
3052 4024 3382 4093 cognationis
3418 4024 3588 4093 gratia

1999 4114 2164 4185 loqui,
2200 4116 2505 4184 frequenter
2530 4114 2680 4181 dicit,
2716 4113 3018 4167 Nesciebam
3044 4130 3179 4168 eum.
3227 4116 3305 4169 Ac
3350 4130 3474 4169 vere
3513 4115 3585 4168 ita

1998 4222 2086 4263 res
2140 4221 2200 4261 se
2250 4206 2481 4263 habuit:
2516 4221 2641 4260 nam
2689 4215 2802 4261 toto
2856 4206 2977 4260 vitae
3027 4214 3267 4273 tempore
3292 4205 3343 4262 in
3371 4204 3588 4259 deserto

1998 4298 2312 4354 versabatur
2334 4307 2483 4354 extra
2511 4306 2787 4369 paternam
2817 4298 3055 4373 domum.
3080 4298 3191 4352 Cur
3216 4314 3363 4367 ergo,
3392 4297 3438 4352 si
3464 4308 3588 4355 ante

1999 4392 2230 4460 Spiritus
2282 4391 2599 4447 descensum
2654 4407 2760 4446 non
2810 4402 3037 4446 noverat
3085 4407 3230 4454 eum,
3270 4401 3323 4446 et
3364 4390 3409 4444 si
3437 4391 3587 4446 illum

2001 4496 2126 4539 tunc
2154 4486 2380 4555 primum
2406 4486 2571 4549 novit,
2601 4494 2728 4539 ante
2754 4484 3075 4553 baptismum
3120 4482 3436 4553 prohibebat
3460 4498 3584 4537 eum

1998 4578 2200 4640 dicens,
2226 4577 2337 4647 Ego
2359 4594 2389 4629 a
2414 4587 2460 4630 te
2488 4577 2640 4631 debeo
2678 4576 2925 4645 baptizari
2956 4574 3179 4642 (Matth.
3211 4575 3263 4629 '5.
3294 4574 3363 4629 M
3388 4574 3447 4644 )?
3475 4572 3589 4628 Hoc

1999 4673 2142 4725 enim
2174 4672 2382 4739 signum
2412 4678 2527 4724 erat
2552 4668 2825 4722 Christum
2858 4667 2957 4721 sihi
2983 4666 3152 4736 probe
3182 4674 3367 4719 notum
3401 4663 3585 4719 fuisse.

2000 4763 2200 4819 Verum
2227 4779 2334 4817 non
2363 4761 2455 4816 diu
2479 4770 2632 4826 ante;
2665 4771 2719 4815 et
2744 4762 2868 4828 jure
2894 4759 3129 4828 quidem.
3158 4758 3289 4812 Nam
3328 4759 3586 4813 miracula

1998 4854 2120 4921 illa,
2166 4869 2285 4923 qua:
2327 4852 2452 4907 dum
2498 4867 2629 4921 puer
2668 4860 2809 4906 esset
2838 4850 2996 4905 Jesus
3028 4851 3162 4903 facta
3201 4859 3359 4917 sunt,
3392 4865 3587 4919 nempe

1998 4947 2139 5001 circa
2187 4960 2370 5014 magos
2417 4954 2471 5000 et
2519 4945 2742 5009 similia,
2787 4944 2956 4998 multo
2978 4952 3100 4997 ante
3125 4953 3365 5015 tempore
3410 4942 3587 4996 conti-

1998 5048 2202 5109 gerant,
2238 5038 2354 5109 ipso
2378 5053 2587 5107 quoque
2606 5036 2814 5091 Joanne
2846 5035 3019 5089 adhuc
3056 5033 3258 5089 infante
3290 5050 3303 5089 :
3333 5048 3429 5103 per
3451 5033 3587 5086 mul-

2000 5141 2110 5186 tum
2160 5140 2337 5185 autem
2386 5129 2512 5183 illud
2562 5128 2702 5197 quod
2745 5126 2940 5183 abhinc
2982 5126 3283 5181 intercessit
3338 5135 3583 5192 tempus,

1999 5222 2246 5276 omnibus
2300 5227 2417 5274 erat
2455 5220 2688 5287 ignotus.
2718 5216 2850 5271 Nam
2905 5216 2949 5271 si
3001 5228 3160 5271 notus
3212 5216 3431 5279 fuisset,
3479 5231 3584 5266 non

2000 5313 2238 5367 dicturus
2276 5318 2413 5377 erat,
2465 5309 2531 5364 Ut
2576 5309 2927 5378 manifestetur
2975 5308 3029 5361 in
3075 5305 3262 5372 Israel,
3311 5304 3424 5357 ideo
3478 5304 3587 5357 veni

1998 5405 2271 5472 baptizare.

2070 5499 2123 5549 5.
2189 5496 2319 5548 llinc
2356 5494 2527 5563 palam
2570 5501 2652 5546 est
2699 5492 2849 5560 signa
2882 5491 2964 5544 illa
3011 5504 3129 5559 quae
3188 5503 3217 5541 a
3270 5487 3484 5541 Christo
3532 5486 3584 5540 in

1999 5588 2224 5659 pueritia
2277 5588 2408 5641 facta
2462 5585 2725 5651 feruntur,
2774 5583 2904 5637 falsa
2935 5591 3046 5637 eta
3093 5578 3404 5650 quibusdam
3458 5594 3589 5633 con-

2062 5762 2080 5795 ι
2115 5761 2278 5821 Savil.,
2303 5766 2355 5811 et
2386 5757 2535 5811 Codd.
2569 5736 2694 5817 703,
2728 5757 2852 5815 ποθ,
2887 5758 2967 5821 sic
2990 5753 3295 5821 habent......
3339 5771 3359 5797 (ι
3394 5753 3583 5821 spicit--

2000 5822 2108 5874 bam
2146 5813 2320 5874 omnis
2360 5832 2460 5884 Qua
2493 5826 2555 5873 de
2602 5813 2778 5871 causa.
2812 5813 2859 5866 et
2902 5817 2967 5867 ad
3001 5813 3118 5879 quid
3149 5814 3173 5863 J’
3205 5822 3439 5876 Cogttttftto‘
3484 5814 3590 5880 ejus

2002 5894 2127 5936 erat.
2246 5922 2247 5925 η
