4094 6370
455 450 554 508 Hi

458 568 583 620 ticta
633 580 754 623 esse
783 560 1042 642 (a).‘Nam
1070 563 1116 620 si
1155 578 1186 618 a
1240 575 1408 633 puero
1452 553 1708 613 miracula
1753 549 2028 642 edidisset,

454 661 688 715 Joannes
737 640 845 715 non
887 658 1035 714 illum
1069 654 1442 727 ignoravisset,
1496 663 1596 704 nec
1641 645 1842 715 reliqua
1896 640 2035 695 mul-

452 754 625 808 titudo
671 768 808 825 opus
844 751 1115 808 habuisset
1155 747 1376 803 doctore
1420 742 1512 813 qui
1561 739 1708 795 illum
1754 734 2034 791 indicaret.

458 843 609 899 Nunc
637 855 812 900 autem
844 845 957 915 ipse
981 842 1076 911 ait,
1102 855 1163 896 se
1187 840 1308 895 ideo
1336 837 1567 898 venisse,
1595 830 1661 887 Ut
1682 828 2038 900 manifestare-

456 948 540 991 tur
556 940 607 991 iu
637 936 840 1002 Israel;
867 948 1026 1007 atque
1051 935 1173 990 ideo
1194 947 1404 988 rursum
1425 928 1657 993 dicebat,
1684 923 1792 994 Ego
1820 937 1851 974 a
1879 930 1925 974 te
1944 918 2037 971 de-

459 1031 549 1083 beo
569 1030 834 1101 baptizari.
862 1028 1086 1095 Deinde,
1132 1034 1314 1095 utpote
1348 1023 1439 1093 qui
1468 1020 1666 1076 clarius
1695 1012 2034 1075 edidicisset,

461 1124 632 1177 turbis
677 1124 847 1191 ipsum
895 1120 1205 1191 prtetlicavit
1231 1117 1416 1172 dicens
1447 1111 1585 1169 :Hic
1601 1118 1704 1164 erat
1718 1122 1865 1178 quem
1885 1103 2039 1157 dixi:

459 1214 586 1269 Post
615 1231 693 1268 me
730 1214 861 1268 venit
886 1214 963 1266 vir
986 1214 1073 1285 qui
1099 1221 1216 1266 ante
1236 1225 1312 1265 me
1332 1212 1496 1283 factus
1524 1215 1630 1270 est;
1658 1199 1911 1272 quoniam
1939 1195 2041 1262 Qui

458 1309 596 1363 misit
620 1323 702 1367 me,
725 1308 981 1377 baptizare
1016 1306 1071 1359 in
1094 1320 1247 1373 aqua,
1274 1301 1499 1371 ideoque
1521 1311 1611 1353 me
1633 1292 1798 1359 misit,
1830 1288 1899 1347 Ut
1924 1303 2039 1341 ma-

456 1400 782 1467 niiestaretur
808 1401 862 1453 in
888 1398 1073 1466 Israel,
1128 1396 1243 1468 ipse
1269 1395 1342 1450 illi
1370 1402 1495 1448 ante
1520 1390 1838 1445 descensum
1868 1381 2041 1453 Spiri-

457 1504 546 1548 tus
573 1494 746 1562 ipsum
770 1492 1046 1548 revelavit.
1078 1487 1435 1559 Quamobrem
1456 1494 1741 1554 antequam
1766 1476 2043 1534 adveniret

459 1586 706 1640 dicebat:
742 1583 867 1639 Post
918 1600 997 1637 me
1039 1585 1191 1646 venit,
1237 1581 1324 1653 qui
1351 1588 1470 1633 ante
1504 1592 1583 1631 me
1609 1578 1773 1647 factus
1801 1580 1894 1625 est.
1924 1566 2040 1623 Non

459 1692 590 1747 ergo
620 1686 839 1733 noverat
876 1676 1024 1732 illum
1050 1684 1333 1744 antequam
1362 1670 1570 1727 veniret
1609 1667 1676 1722 ad
1713 1664 1999 1722 Jordanem
2024 1701 2039 1726 ,

462 1784 757 1839 omnesque
794 1769 1125 1839 baptizaret:
1159 1766 1253 1821 sed
1279 1762 1494 1836 quando
1532 1756 1881 1831 baptizandus
1904 1761 2040 1817 erat,

463 1873 593 1917 tunc
614 1861 761 1915 illum
787 1861 1035 1931 cognovit
1066 1878 1079 1912 :
1110 1859 1227 1928 ipso
1270 1858 1427 1913 Patre
1467 1855 1613 1911 illum
1656 1849 1929 1922 propheta:
1957 1860 2045 1899 re-

461 1952 695 2018 velante,
712 1961 771 2006 et
789 1951 986 2020 Spiritu
1010 1955 1179 2021 ipsum
1201 1950 1326 2003 dum
1348 1947 1705 2017 baptizaretur
1728 1938 2045 1997 ostendente

464 2042 685 2109 Juda-is,
716 2057 944 2112 quorum
970 2056 1129 2096 causa
1159 2040 1388 2110 Spiritus
1417 2036 1711 2093 descendit.
1738 2032 1948 2087 Etenim
1980 2044 2046 2082 ne

463 2133 1074 2189 Joannis'testimonium
1122 2139 1552 2188 contemneretur
1595 2125 1841 2190 dicentis,
1892 2121 2047 2174 Prior

468 2243 550 2279 me
576 2237 704 2293 erat,
734 2237 807 2293 et,
836 2226 892 2281 ln
922 2226 1121 2294 Spiritu
1163 2225 1428 2295 baptizat,
1472 2232 1546 2286 et,
1576 2216 1839 2275 Jndicabit
1861 2214 2045 2267 orbem

469 2317 662 2388 (ileon.
691 2319 744 2372 1.
776 2317 865 2373 50.
896 2318 985 2373 55.
1024 2328 1071 2371 et
1098 2317 1149 2371 ὅ.
1174 2314 1301 2387 17);
1328 2314 1483 2369 Pater
1510 2312 1701 2367 Filium
1726 2306 2042 2378 praedicans,

471 2425 657 2465 vocent
709 2410 940 2465 emittit:
969 2408 1200 2478 Spiritus
1240 2406 1476 2470 advenit,
1520 2418 1707 2458 vocem
1753 2402 1804 2455 in
1849 2396 2048 2453 Christi

465 2513 628 2571 caput
648 2501 984 2572 pertrahens.
1014 2501 1147 2570 Quia
1175 2498 1317 2554 enim
1340 2498 1430 2552 ille
1462 2494 1790 2565 baptizabat,
1830 2491 1918 2544 hie
1949 2490 2049 2545 ba-

466 2593 780 2662 ptizalnatur,
811 2607 878 2648 ne
917 2592 1035 2662 quis
1062 2608 1127 2646 ex
1178 2589 1532 2660 praesentibus
1580 2585 1705 2641 illud
1737 2584 1805 2638 de
1843 2584 2051 2638 Joanne

467 2682 668 2736 dictum
694 2697 825 2737 esse
872 2691 1098 2751 putaret,
1156 2681 1301 2735 venit
1329 2681 1558 2749 Spiritus
1597 2678 1683 2746 qui
1713 2676 1850 2729 hanc
1878 2674 2052 2744 suspi-

466 2776 676 2830 cionem
702 2786 996 2831 amoveret.
1029 2774 1209 2844 Itaque
1235 2790 1355 2829 cum
1381 2773 1530 2837 dicit,
1574 2770 1874 2824 Nesciebam
1913 2784 2049 2835 eum,

467 2867 535 2921 de
557 2869 826 2936 pneterito
850 2866 900 2921 id
928 2866 1323 2936 intelligendum
1349 2874 1433 2920 est
1465 2874 1724 2933 tempore,
1747 2877 1852 2915 non
1874 2870 2050 2915 autem

469 2960 537 3014 de
564 2976 630 3015 eo
658 2961 799 3030 quod
827 2961 1092 3030 baptismo
1137 2962 1433 3029 proxinmm
1473 2967 1610 3013 erat.
1654 2956 1784 3010 Nam
1824 2968 1931 3024 quo
1963 2969 2054 3022 pa-

471 3061 558 3105 cto
580 3053 939 3122 prohibuisset
964 3069 1086 3107 eum
1106 3050 1318 3117 dicens,
1344 3050 1452 3120 Ego
1468 3065 1499 3101 a
1523 3059 1570 3101 te
1593 3048 1745 3100 debeo
1770 3044 2055 3115 baptizari?

469 3142 736 3212 quomodo
780 3150 922 3197 tanta
959 3142 1218 3211 ‘loquutus
1252 3140 1473 3195 fuisset?
1497 3139 1605 3193 Cur
1638 3153 1786 3207 ergo,
1818 3136 2050 3204 inquies,

471 3249 576 3288 non
607 3233 950 3289 crediderunt
978 3232 1187 3288 Jndmi?
1231 3248 1402 3302 neque
1451 3231 1594 3286 enim
1633 3229 1778 3283 solus
1819 3227 2055 3282 Joannes

468 3322 742 3380 Christum
769 3324 979 3380 viderat
1006 3325 1059 3378 in
1087 3324 1347 3379 columba:
1370 3321 1571 3393 Specie.
1590 3320 1723 3388 Quia
1746 3318 1954 3372 etiamsi
1978 3316 2053 3370 illi

470 3415 748 3481 viderant,
800 3424 856 3469 at
901 3430 988 3471 res
1037 3414 1338 3485 lmjusmodi
1390 3428 1497 3466 non
1534 3410 1808 3480 corporeis
1851 3416 2051 3462 tantum

469 3510 639 3563 oculis
683 3524 820 3578 opus
872 3508 1089 3574 habent,
1146 3507 1238 3562 sed
1292 3507 1466 3575 potius
1512 3504 1727 3569 mentis,
1777 3518 1845 3557 ne
1881 3501 2056 3556 inanis

474 3601 754 3671 phantasia
778 3615 900 3656 esse
928 3607 1225 3671 putaretur.
1253 3598 1382 3653 Nam
1415 3597 1460 3651 si
1500 3595 1755 3651 miracula
1805 3593 2054 3648 edentem

473 3695 736 3758 videntes,
766 3693 811 3748 si
843 3693 1091 3748 manibus
1112 3700 1412 3763 tangentem
1441 3702 1665 3758 corpora
1708 3700 1973 3755 aegrorum
2001 3691 2056 3738 et

474 3794 829 3849 mortuorum,
859 3792 915 3838 et
941 3786 1017 3837 sic
1034 3782 1102 3838 ad
1128 3783 1289 3837 vitam
1308 3764 1663 3836 etsanitatem
1682 3777 2052 3841 reducentem,

472 3887 617 3933 tanta
660 3877 843 3931 livoris
868 3875 1125 3931 ebrietate
1152 3876 1291 3943 capti
1322 3882 1511 3936 erant,
1564 3881 1621 3925 ut
1670 3870 1934 3947 contraria
1990 3868 2055 3922 iis

471 3986 592 4039 qua:
626 3968 942 4024 videbantur
971 3968 1271 4039 proferrent
1301 3985 1314 4021 :
1346 3965 1611 4037 quomodo
1634 3980 1704 4018 ex
1737 3964 1852 4017 solo
1881 3962 2054 4033 Spiri-

472 4074 558 4117 tus
583 4061 813 4118 adventu
840 4061 1264 4117 incredulitatem
1285 4058 1647 4130 abjecissen't?
1673 4057 1896 4125 Quidam
1928 4072 2055 4111 vero

470 4153 675 4218 dicunt,
704 4166 811 4207 non
840 4167 1029 4207 omnes
1064 4152 1280 4215 vidisse,
1329 4151 1424 4206 sed
1452 4148 1713 4205 Joannem
1748 4158 1949 4202 tantum
2003 4156 2058 4201 et

471 4262 564 4301 eos
585 4246 673 4318 qui
700 4246 894 4302 melius
919 4245 1093 4300 affecti
1110 4253 1281 4300 erant.
1313 4244 1461 4299 Licet
1490 4244 1633 4298 enim
1668 4256 1827 4297 sensu
1858 4241 2056 4311 praedi-

471 4338 539 4393 tis
566 4338 736 4393 oculis
760 4336 993 4409 Spiritus
1017 4336 1198 4406 specie
1222 4334 1485 4389 columba:
1510 4331 1843 4388 descendens
1882 4330 2055 4385 videri

470 4438 688 4500 posset;
729 4443 835 4484 non
881 4442 1100 4483 necesse
1142 4436 1319 4481 tamen
1367 4436 1482 4481 erat
1501 4439 1621 4480 rem
1651 4438 1771 4479 esse
1809 4423 2058 4477 omnibus

470 4522 825 4577 manifestam.
857 4520 987 4574 Nam
1014 4529 1068 4575 et
1108 4517 1393 4573 Zacharias
1420 4516 1586 4571 multa
1612 4514 1851 4569 sensibili
1876 4513 2057 4582 specie

470 4614 621 4678 vidit,
648 4628 862 4669 necnon
902 4612 1086 4666 Daniel
1116 4620 1169 4665 et
1198 4608 1470 4676 Ezechiel,
1504 4622 1567 4662 ac
1594 4607 1712 4662 sine
1753 4605 1861 4659 ullo
1890 4605 2056 4659 visio-

470 4706 553 4760 nis
577 4714 827 4760 consorte
854 4720 869 4759 :
911 4703 1120 4774 Moyses
1147 4714 1361 4772 quoque
1386 4699 1553 4754 multa
1580 4698 1732 4764 vidit,
1784 4706 1838 4751 et
1881 4696 2056 4764 qualia

470 4798 648 4853 millus
663 4798 796 4852 alius
811 4796 1033 4851 viderat.
1054 4793 1554 4864 Transligurationis
1574 4805 1786 4861 quoque
1804 4790 1857 4845 in
1878 4798 2057 4844 monte

470 4889 677 4943 visione
709 4904 813 4941 non
838 4902 1026 4942 omnes
1052 4885 1300 4956 discipuli
1328 4884 1530 4954 dignati
1559 4894 1713 4949 sunt;
1740 4886 1847 4937 imo
1880 4898 1945 4937 ne
1973 4898 2058 4936 re-

469 4979 854 5033 surrectionem
880 4977 1092 5047 quidem
1122 4991 1311 5032 omnes
1335 4975 1610 5030 viderunt:
1637 4974 1690 5028 id
1712 4974 1851 5044 quod
1873 4984 2057 5042 aperte

470 5070 703 5126 declamat
745 5070 916 5124 Lucas
939 5070 1157 5135 dicens,
1187 5069 1436 5125 Ostendit
1479 5069 1714 5138 seipsum
1777 5066 2057 5121 Testibusa

470 5161 581 5217 Deo
604 5162 976 5232 prwordt'natis.
1008 5162 1072 5215 Et
1092 5179 1182 5233 ego
1208 5162 1311 5216 vidi
1332 5172 1380 5216 et
1426 5162 1759 5215 testimonium
1805 5160 2053 5230 per/:ibui,

468 5255 587 5323 quia
613 5255 694 5307 hic
722 5264 797 5308 est
823 5251 872 5306 F
872 5254 989 5307 ilius
1014 5253 1110 5308 Dei
1130 5253 1274 5325 (Act.
1306 5253 1393 5308 10.
1426 5254 1487 5307 41
1510 5252 1549 5323 ).
1574 5251 1668 5307 Ubi
1690 5250 2054 5305 testimonium

469 5344 756 5416 perhibuit,
781 5358 905 5400 esse
930 5342 1123 5399 Filium
1174 5343 1305 5399 Dei?
1354 5345 1562 5413 Agnum
1613 5340 1828 5411 quidem
1882 5342 2054 5410 ipsum

469 5436 775 5506 appellavit,
800 5446 855 5491 et
893 5435 1037 5505 quod
1067 5434 1270 5505 Spiritu
1313 5433 1676 5504 baptizaturus
1711 5442 1854 5487 esset
1887 5431 2052 5497 dixit;

470 5528 662 5584 Filium
684 5539 860 5583 autem
892 5528 983 5584 Dei
1007 5541 1288 5598 nusquam.
1312 5526 1470 5596 Atqui
1495 5535 1613 5594 post
1637 5526 1894 5593 baptisma
1926 5523 2055 5577 nihil

469 5620 642 5687 ipsum
684 5618 884 5674 dixisse
939 5618 1179 5674 scribunt
1216 5618 1397 5674 caeteri
1443 5617 1825 5686 evangelistam
1869 5629 2091 5667 verum.

469 5711 649 5766 missis
690 5711 753 5764 iis
786 5726 903 5781 qua:
947 5711 1148 5767 interea
1203 5713 1336 5766 facta
1393 5711 1619 5773 fuerant,
1651 5705 1905 5761 miracula
1934 5712 2057 5773 post

467 5812 681 5869 captum
707 5801 966 5856 Joannem
997 5818 1025 5855 a
1053 5802 1264 5857 Christo
1290 5800 1432 5856 edita
1458 5806 1700 5855 narrant.
1745 5794 1900 5851 Unde
1928 5810 2057 5849 con-

532 5893 605 5955 (ιι)
639 5892 833 5950 Quidam
866 5892 1355 5944 eomminlscebantur
1392 5889 1635 5943 Christum
1669 5900 1877 5951 puerum
1911 5885 2056 5936 mira-

466 5953 593 6007 wla'
608 5956 891 6017 patravisse.

1201 449 1261 507 S.
1301 442 1579 506 JOANNIS
1612 433 2085 500 CllRYSOSTOMl
2126 430 2441 490 ARClllEP.
2483 432 3011 492 CONSTANTINOP.

3621 436 3723 491 “2

2141 547 2344 617 jeclare
2390 564 2671 619 possumus
2711 559 2766 605 ct
2808 551 2921 604 ha-c
2946 550 3121 605 ctalia
3154 549 3308 619 longe
3336 550 3486 621 plura
3517 551 3727 605 silentio

2140 641 2303 695 missa
2325 640 2518 706 luisse;
2562 642 2702 710 quod
2733 642 2818 696 hic
2864 644 2979 711 ipse
3006 642 3327 712 evangelista
3380 644 3431 698 in
3478 645 3580 699 fine
3610 646 3725 699 libri

2141 732 2481 802 significavit.
2527 733 2756 787 Tantum
2790 736 2930 807 enim
2962 734 3130 788 abfuit
3168 742 3225 787 ut
3252 750 3500 805 magnum
3529 737 3726 805 aliquid

2143 822 2210 879 de
2251 825 2339 879 illo
2367 825 2750 894 confingerent,
2800 834 2856 879 ttt
2883 826 3045 880 etiam
3073 842 3192 896 qua:
3223 827 3478 894 probrosa
3502 842 3622 883 esse
3655 830 3730 881 vi-

2142 914 2424 981 debantur,
2454 930 2641 970 omnes
2664 932 2767 970 uno
2794 930 3059 971 consensu
3096 925 3342 972 accurate
3366 929 3728 985 recenserent,

2145 1020 2246 1058 nec
2263 1005 2562 1075 quempiam
2590 1006 2804 1060 illorum
2841 1005 2965 1077 quid
3003 1007 3178 1062 simile
3211 1008 3439 1063 tacuisse
3466 1010 3721 1078 reperias.

2144 1093 2393 1149 Miracula
2422 1110 2554 1151 vero
2582 1096 2684 1149 alia
2712 1096 2831 1151 aliis
2869 1098 3211 1151 narrantibus
3258 1099 3574 1163 omiserunt,
3627 1099 3730 1153 alia

2145 1186 2303 1240 simul
2327 1201 2514 1242 omnes
2544 1197 2838 1243 tacuerunt.
2888 1188 3013 1242 limo
3050 1198 3226 1243 autem
3256 1206 3361 1244 non
3408 1190 3526 1244 sine
3572 1205 3731 1245 causa

2145 1278 2374 1348 loquor,
2410 1280 2505 1334 sed
2546 1279 2612 1334 ad
2647 1279 3078 1335 contundendam
3131 1281 3405 1350 gentilium
3450 1282 3730 1351 impuden-

2148 1372 2296 1426 tiam.
2326 1371 2437 1428 Hoc
2450 1372 2647 1443 quippe
2666 1374 2799 1428 satis
2817 1382 2900 1429 est
2927 1374 2993 1428 ad
3017 1373 3490 1429 demonstrandum
3520 1375 3729 1429 illorum

2146 1464 2256 1518 veri
2286 1464 2540 1532 studium,
2585 1476 2640 1521 et
2670 1466 3004 1536 probandum
3037 1466 3181 1537 ipsos
3220 1467 3350 1521 nihil
3392 1467 3458 1521 ad
3506 1466 3731 1536 gratiam

2146 1556 2365 1611 dixisse.
2390 1557 2503 1613 Hoc
2534 1568 2852 1628 argumento
2879 1567 2935 1613 et
2956 1559 3073 1613 aliis
3104 1558 3315 1623 muniti,
3341 1559 3582 1628 poteritis
3610 1574 3730 1612 cum

2149 1650 2252 1705 illis
2278 1651 2550 1722 congredi.
2574 1651 2771 1707 Verum
2797 1651 3057 1706 attendite
3084 1669 3098 1707 :
3131 1668 3253 1706 nam
3276 1651 3563 1707 absurdum
3591 1658 3735 1705 esset

2149 1741 2414 1797 medicum
2444 1753 2550 1798 tam
2573 1754 2791 1799 strenue
2812 1758 2910 1814 pro
2926 1754 3039 1800 arte
3060 1759 3153 1798 sua
3178 1759 3433 1815 pugnare,
3451 1742 3733 1796 coriarinm

2149 1834 2297 1900 item,
2350 1843 2632 1902 textorem,
2672 1846 3005 1906 cmterosque
3049 1850 3238 1889 omnes
3284 1834 3551 1897 artiﬁces;
3582 1832 3736 1887 Chri-

2149 1925 2382 1980 stianum
2407 1941 2553 1992 vero,
2585 1942 2750 1997 seque
2787 1928 2945 1982 talem
2986 1927 3357 1999 profitentem,
3394 1941 3462 1981 ne
3511 1926 3729 1980 verbum

2149 2016 2362 2087 quidem
2387 2032 2544 2086 posse
2571 2018 2638 2073 ad
2661 2033 2810 2073 suam
2836 2018 3087 2073 tuendam
3109 2017 3266 2072 fidem
3289 2016 3548 2087 proferre.
3576 2017 3733 2085 Atqui

2151 2110 2243 2164 illa
2272 2108 2531 2179 neglecta,
2560 2111 2798 2180 pecunia:
2819 2110 3156 2165 solummodo
3188 2109 3439 2164 damnum
3466 2108 3733 2174 referunt;

2154 2199 2269 2254 haec
2296 2214 2427 2256 vero
2451 2201 2497 2255 si
2533 2201 2888 2272 negligantur,
2939 2201 3107 2270 ipsam
3139 2200 3292 2255 nobis
3323 2201 3340 2232 ⁸
3371 2200 3602 2254 animant
3643 2214 3735 2269 pc-

2152 2291 2373 2347 rimunt.
2420 2293 2672 2349 Attamen
2725 2292 2798 2348 ita
2845 2294 3043 2348 misere
3093 2292 3268 2347 affecti
3300 2307 3521 2356 sumus,
3551 2300 3606 2345 ut
3633 2292 3736 2346 illis

2154 2393 2318 2441 totam
2370 2402 2553 2442 curam
2600 2386 3006 2456 impendamus;
3061 2385 3363 2442 necessaria
3406 2400 3571 2450 vero,
3618 2400 3736 2454 qua:

2154 2476 2309 2532 nobis
2333 2477 2519 2533 salutis
2538 2492 2698 2533 causa
2720 2485 2865 2544 sunt,
2912 2486 2972 2532 ut
3006 2477 3206 2532 nullius
3249 2477 3405 2546 pretii
3429 2486 3739 2530 contemna-

2157 2583 2294 2621 ιηυε.

2226 2660 2279 2713 4.
2312 2660 2365 2714 Id
2397 2675 2525 2714 vero
2554 2676 2659 2715 non
2688 2661 2811 2715 sinit
2837 2661 3061 2731 gentiles
3097 2676 3334 2715 errorem
3372 2675 3524 2713 suum
3556 2660 3623 2712 ita
3656 2656 3737 2711 fa-

2157 2752 2259 2807 cile
2289 2752 2532 2808 irridere.
2565 2754 2697 2809 Cum
2723 2755 2865 2808 enim
2898 2755 2994 2824 ipsi
3024 2755 3299 2810 mendacio
3326 2740 3431 2807 nixi
3463 2754 3595 2808 nihil
3634 2770 3738 2807 non

2156 2851 2348 2913 agant,
2380 2854 2438 2899 ut
2463 2844 2768 2913 dogmatum
2801 2860 3016 2900 suorum
3048 2845 3425 2914 turpitudinctn
3455 2846 3738 2912 obtegam,

2159 2950 2257 2989 nos
2277 2946 2451 2991 autem
2474 2937 2713 2991 veritatis
2737 2938 2968 2991 cultores
2994 2952 3061 2991 ne
3085 2952 3146 2990 os
3174 2936 3387 3005 quidem
3415 2938 3622 3007 aperire
3646 2952 3739 2988 vu-

2158 3027 2396 3094 leamus,
2425 3030 2694 3099 quomodo
2725 3045 2829 3083 non
2875 3030 2997 3083 inde
3034 3028 3299 3099 dogmatis
3330 3028 3739 3083 imbecillitatem

2157 3129 2383 3187 arguant
2408 3127 2464 3173 et
2500 3119 2788 3174 damnent?
2826 3120 3093 3189 quomodo
3125 3135 3228 3173 non
3268 3118 3528 3175 fallaciam
3571 3118 3741 3172 stulti-

2160 3208 2389 3280 tiamque
2420 3223 2599 3266 nostra
2627 3227 2746 3267 esse
2775 3213 3150 3283 suspicentur?
3179 3213 3447 3282 quomodo
3490 3229 3592 3265 non
3623 3212 3740 3265 bla-

2158 3300 2517 3369 spliemabunt
2546 3302 2816 3358 Christum
2848 3314 2906 3358 ut
2934 3303 3148 3373 planum
3178 3313 3232 3357 et
3261 3303 3619 3372 deceptorem,
3651 3302 3740 3372 qui

2160 3391 2448 3445 multorum
2488 3393 2712 3447 stultitia
2750 3393 2815 3447 ad
2854 3393 3093 3449 fraudem
3133 3408 3260 3448 usus
3286 3393 3392 3447 sit?
3432 3391 3741 3462 Huiusmodi

2158 3496 2288 3536 vero
2318 3482 2665 3552 blasphemia:
2692 3499 2789 3539 nos
2814 3486 2864 3538 in
2891 3500 3049 3540 causa
3075 3499 3276 3550 sumus,
3300 3484 3390 3554 qui
3416 3484 3743 3538 noluerinms

2159 3573 2458 3629 ediscendis
2481 3590 2574 3645 pro
2596 3576 2791 3631 tuenda
2809 3576 3066 3647 religione
3088 3577 3412 3647 argumentis
3431 3574 3740 3644 advigilare;

2160 3666 2259 3721 sed
2299 3666 2382 3721 his
2414 3668 2735 3737 contemptis
2764 3668 2910 3722 velut
2950 3666 3232 3738 superﬂttis
3258 3708 3271 3731 ,
3320 3676 3527 3721 terrena
3568 3666 3741 3719 solum

2159 3774 2430 3815 curemus.
2460 3759 2526 3815 Et
2550 3760 2763 3831 quidem
2802 3762 3090 3825 saltatoris,
3121 3770 3214 3814 aut
3245 3760 3472 3829 aurigm,
3504 3768 3591 3812 ant
3622 3772 3742 3813 eum

2160 3852 2290 3907 feris
2315 3855 2595 3923 pugnantis
2620 3869 2804 3909 amore
2829 3862 3014 3923 captus
3034 3854 3317 3923 quispiam,
3348 3852 3476 3906 nihil
3503 3867 3605 3905 non
3632 3866 3746 3904 mo-

2162 3956 2269 4012 vet,
2300 3947 2431 4001 nihil
2462 3963 2565 4001 non
2595 3948 2723 4017 agit,
2751 3957 2808 4001 ut
2839 3946 2892 4000 in
2922 3946 3301 4001 certaminibus
3331 3959 3435 3999 non
3466 3943 3744 3997 inferiores

2162 4040 2425 4105 evadant;
2457 4040 2579 4095 illos
2602 4039 2889 4095 admodum
2920 4039 3155 4105 laudant,
3183 4050 3237 4093 et
3257 4038 3511 4092 adversus
3536 4037 3742 4104 vitupe-

2162 4143 2343 4189 rantes
2390 4132 2756 4188 defensionem
2822 4140 3043 4201 parant,
3101 4131 3541 4198 adversoriosque
3602 4128 3746 4181 mille

2162 4224 2418 4279 conviciis
2444 4233 2669 4278 onerant
2695 4242 2709 4280 :
2738 4239 2857 4279 cum
2883 4237 3010 4278 vero
3036 4222 3101 4277 dc
3128 4221 3527 4277 Christianismo
3550 4234 3746 4289 propu-

2163 4317 2375 4387 gnando
2401 4319 2596 4387 agitur,
2641 4331 2828 4371 omnes
2871 4325 3028 4385 caput
3068 4315 3355 4378 inclinant,
3404 4320 3741 4382 torpescunt,

2163 4410 2420 4474 oscitant,
2462 4426 2523 4465 ac
2556 4425 2674 4464 cum
2708 4411 2815 4463 risu
2844 4407 3047 4478 excepti
3086 4406 3359 4462 recedunt.
3387 4404 3590 4472 Quanta
3633 4402 3747 4456 ha-c

2163 4501 2524 4571 indignatione
2554 4517 2658 4554 non
2683 4501 2840 4570 digna
2872 4498 3097 4563 fuerint,
3125 4513 3246 4552 cum
3271 4495 3511 4550 Christus
3538 4512 3566 4546 a
3597 4495 3748 4547 Vultis

2163 4595 2417 4648 saltatore
2450 4591 2667 4647 inferior
2694 4591 2953 4644 habetur?
2980 4587 3404 4659 quandoquidem
3431 4586 3499 4641 de
3537 4586 3745 4639 illortntt

2161 4687 2325 4757 gestis
2350 4684 2495 4739 mille
2521 4683 2715 4753 paratis
2738 4681 3093 4747 defensiones,
3120 4680 3237 4734 licet
3262 4678 3360 4748 ipsi
3380 4678 3616 4734 omnium
3638 4686 3748 4729 tur-

2165 4777 2365 4847 pissimi
2393 4776 2531 4840 sint;
2561 4774 2647 4829 ubi
2675 4783 2852 4829 autem
2880 4773 2947 4827 de
2975 4770 3172 4838 Christi
3199 4770 3487 4834 miraculis,
3520 4784 3637 4839 qua:
3669 4778 3750 4821 to-

2165 4878 2275 4924 tum
2315 4875 2648 4923 attraxerant
2688 4865 2895 4931 orbem,
2941 4863 3131 4930 agitur.
3157 4877 3224 4918 ne
3264 4859 3497 4931 cogitare
3532 4857 3747 4928 quidem

2163 4973 2255 5017 aut
2280 4977 2468 5017 curare
2496 4959 2768 5031 quidpiam
2798 4956 3068 5011 videmini.
3099 4954 3381 5010 Credimus
3420 4952 3472 5006 in
3513 4952 3746 5012 Patrem,

2163 5064 2219 5109 et
2257 5053 2447 5108 Filium
2491 5062 2544 5106 et
2588 5051 2844 5120 Spiritum
2885 5059 3124 5103 sanctum
3148 5087 3164 5111 ,
3205 5044 3257 5098 in
3299 5043 3747 5097 resurrectionem

2163 5160 2469 5213 corporum,
2503 5143 2555 5197 in
2584 5142 2744 5196 vitam
2765 5150 3038 5195 a3ternam.
3064 5138 3118 5193 Si
3140 5136 3257 5206 quis
3278 5150 3405 5205 ergo
3426 5134 3640 5189 Cra-cus
3666 5135 3748 5187 in-

2164 5236 2545 5306 terrogaverit,
2593 5233 2721 5301 Quis
2758 5240 2840 5287 est
2880 5230 2965 5284 hic
3002 5226 3191 5283 Pater?
3229 5227 3350 5295 quis
3387 5224 3591 5279 Filius?
3630 5225 3751 5294 quis

2162 5328 2392 5399 Spiritus
2420 5324 2674 5380 sanctus?
2712 5332 2769 5378 et
2803 5320 3072 5393 quomodo
3111 5331 3245 5383 vos,
3287 5316 3375 5385 qui
3428 5325 3532 5369 tres
3574 5314 3750 5368 dicitis

2163 5422 2316 5487 deos,
2348 5434 2447 5473 nos
2474 5417 2738 5472 accusatis
2766 5413 2906 5484 quod
2932 5412 3155 5467 deorum
3182 5408 3625 5476 multiplicitalem
3652 5406 3747 5458 ad-

2163 5510 2471 5567 mittamus?
2489 5509 2613 5579 quid
2633 5506 2854 5561 dicetis?
2880 5504 3005 5575 quid
3030 5500 3461 5571 respondebitis?
3482 5499 3750 5569 quomodo

2168 5605 2303 5658 hanc
2326 5603 2681 5672 objectionem
2712 5596 3024 5667 depelletis?
3051 5593 3187 5662 Quid
3216 5608 3343 5647 vero
3370 5592 3446 5658 si,
3486 5591 3638 5645 vobis
3670 5599 3749 5642 ta-

2164 5694 2439 5759 centibus,
2481 5693 2642 5747 aliam
2670 5698 2919 5746 moveant
2945 5687 3291 5759 quatstionem
3327 5702 3339 5738 :
3372 5685 3624 5751 Quaenam
3669 5693 3751 5737 est

2164 5784 2253 5839 illa
2298 5781 2655 5839 resurrectio?
2698 5795 2825 5837 num
2869 5779 2922 5836 in
2967 5778 3069 5835 hoc
3104 5790 3328 5846 corpore
3368 5772 3750 5843 resurgentes?

2231 5942 2247 5973 ί
2285 5938 2390 6002 Alii,
2416 5938 2561 5990 vobis.
