4094 6370
383 441 485 498 111

379 552 451 606 ἐν
473 550 667 615 ὕδατι,
702 549 800 603 καί
824 548 913 602 διὰ
940 548 1099 602 τοῦτο
1120 549 1365 625 πέμψας,
1390 550 1516 602 Ἵνα
1543 544 1855 617 φανερωθῇ
1886 543 1967 609 τῷ

392 634 661 702 Ἰσραὴλ,
697 633 861 697 αὑτὸς
901 633 1050 705 αὑτῷ
1094 634 1189 686 καὶ
1218 638 1324 704 πρὸ
1356 633 1457 701 τῆς
1498 631 1595 684 τοῦ
1647 630 1965 699 Πνεύματος

376 718 602 770 καθόδου
654 717 819 769 αὑτὸν
865 718 1204 787 ἀπεκάλυψε.
1243 718 1333 771 Διὸ
1360 717 1453 771 καὶ
1488 714 1677 786 πρὶνῆ
1714 728 1961 784 παραγε-

375 799 584 865 νέσθαι,
616 801 823 869 ἔλεγεν·
865 801 1079 854 Ὀπίσω
1098 819 1218 869 μου
1247 800 1503 868 ἔρχεται,
1533 798 1601 864 ὃς
1624 794 1964 866 ἔμπροσθέν

372 900 491 953 μου
541 883 811 954 γέγονεν.
858 884 933 936 Οὑ
961 882 1142 935 τοίνυν
1177 883 1293 952 ᾔδει
1328 883 1489 935 αὑτὸν
1528 880 1635 950 πρὸ
1668 878 1759 931 τοῦ
1792 876 1967 929 ἐλθεῖν

377 969 469 1020 ἐπὶ
506 968 601 1020 τὸν
660 968 933 1038 Ἰορδάνην
966 968 1059 1020 καὶ
1095 966 1302 1029 πάντας
1352 963 1658 1035 βαπτίζειν,
1705 961 1821 1016 ἀλλ’
1876 962 1967 1013 ὅτε

376 1050 570 1117 ἔμελλε
608 1050 990 1121 βαπτίζεσθαι,
1018 1051 1141 1103 τότε
1166 1051 1328 1103 αὑτὸν
1354 1050 1524 1118 ἔγνω·
1561 1046 1843 1101 καὶταῦτα
1870 1043 1966 1097 τοῦ

377 1133 593 1201 Πατρὸς
620 1133 786 1186 αὑτὸν
813 1132 1269 1202 ἀποκαλύψαντος
1306 1133 1386 1203 τῷ
1413 1132 1700 1202 Προφήτῃ,
1738 1130 1833 1182 καὶ
1870 1125 1964 1180 τοῦ

376 1218 695 1287 Πνεύματος
716 1217 991 1282 δείξαντος
1020 1217 1416 1287 βαπτιζόμενον
1460 1216 1754 1277 Ἰουδαίοις,
1774 1213 1840 1266 δι’
1872 1210 1966 1275 οὓς

375 1302 470 1354 καὶ
507 1303 541 1372 ἡ
589 1300 820 1365 κάθοδος
862 1300 959 1353 τοῦ
990 1301 1308 1370 Πνεύματος
1331 1301 1574 1367 γέγονεν.
1624 1300 1740 1351 ’Ἰνα
1784 1298 1894 1369 γὰρ
1929 1300 1964 1369 ἡ

390 1385 639 1438 Ἰωάννου
686 1384 766 1455 μὴ
800 1382 1193 1454 καταφρονηθῇ
1245 1383 1518 1453 μαρτυρία
1573 1383 1843 1449 λέγοντος,
1882 1382 1967 1433 ὅτι

374 1467 615 1537 Πρῶτός
655 1485 777 1537 μου
812 1464 911 1538 ἦν,
962 1467 1058 1521 καὶ
1090 1467 1173 1521 ὅτι
1213 1466 1300 1519 Ἐν
1351 1465 1627 1533 Πνεύματι
1682 1464 1963 1534 βαπτίζει,

376 1555 470 1607 καὶ
498 1554 585 1606 ὅτι
640 1554 835 1624 Κρινεῖ
859 1552 960 1623 τὴν
989 1550 1336 1621 οἰκουμένην,
1367 1550 1462 1603 καὶ
1502 1551 1530 1601 ὀ
1561 1548 1748 1619 Πατὴρ
1781 1549 1966 1618 φωνὴν

376 1637 610 1709 ἀφίησιν
634 1634 1033 1705 ἀνακηρύττων
1050 1633 1141 1687 τὸν
1163 1633 1313 1695 Υἰὸν,
1334 1631 1500 1685 καὶτὸ
1516 1630 1742 1701 Πνεῦμα
1762 1632 1962 1694 ἔπεισι,

376 1724 476 1792 τὴν
500 1721 687 1791 φωνὴν
701 1720 859 1773 ’ἐλκον
870 1719 964 1772 ἐπὶ
973 1718 1072 1789 τὴν
1089 1717 1332 1788 κεφαλὴν
1347 1715 1438 1769 τοῦ
1455 1714 1713 1786 Χριστοῦ.
1745 1714 1964 1785 Ἐπειδὴ

377 1806 534 1876 γάρό
562 1805 663 1875 μὲν
691 1801 1046 1866 ἐϐάπτιζεν,ὀ
1068 1801 1127 1855 δὲ
1159 1799 1504 1864 ἐδαπτίζετο.
1524 1799 1612 1851 ῖνα
1641 1800 1715 1869 μή
1745 1815 1830 1860 τις
1849 1798 1957 1850 τῶν

377 1888 662 1960 παρόντων
690 1887 821 1957 περὶ
862 1886 1112 1939 Ἰωάννου
1139 1884 1336 1954 νομίσῃ
1370 1882 1626 1952 λέγεσθαι
1648 1881 1711 1934 τὸ
1732 1881 1963 1952 εἰρημέ-

377 1990 492 2037 νον,
526 1973 749 2045 ἔρχεται
788 1971 851 2025 τὸ
892 1970 1117 2042 Πνεῦμα
1160 1968 1543 2041 διορθούμενον
1575 1968 1676 2039 τὴν
1706 1966 1965 2038 τοιαύτην

377 2058 654 2112 ὑπόνοιαν.
686 2058 848 2109 Ὥστε
890 2054 1021 2108 ὃταν
1058 2052 1214 2125 λέγῃ,
1250 2055 1372 2107 Οὐκ
1411 2051 1586 2121 ἥὸειν
1623 2052 1831 2114 αὑτὸν,
1872 2049 1966 2103 τὸν

377 2129 686 2211 ἔμπροσθεν
709 2138 859 2207 λέγι-,ι
888 2136 1101 2208 χρόνον,
1119 2137 1180 2189 οὑ
1218 2136 1311 2188 τὸν
1331 2136 1501 2204 ἐγγὺς
1537 2134 1633 2188 τοῦ
1648 2133 1963 2205 βαπτίσμα-

322 2276 340 2295 ,
377 2241 495 2288 τος.
545 2223 699 2277 Ἐπεὶ
728 2221 848 2285 πῶς
876 2221 1042 2274 αὑτὸν
1083 2217 1289 2274 ἐκώλυε
1334 2219 1530 2287 λέγων.
1574 2217 1724 2288 Ἐγὼ
1755 2217 1966 2286 χρείαν

377 2309 498 2375 ἅχω
523 2305 646 2362 ὑπὸ
685 2304 807 2359 σοῦ
833 2301 1287 2371 ,βαπτισθῆνακ
1330 2302 1449 2366 πῶς
1493 2301 1554 2355 δὲ
1600 2301 1698 2355 καὶ
1740 2299 1966 2355 τοιαῦτα

379 2390 512 2461 περὶ
539 2388 704 2442 αὑτοῦ
728 2388 916 2457 έλεγε;
950 2387 1075 2450 Πῶς
1091 2383 1185 2441 οὖν
1211 2387 1309 2440 οὑκ
1335 2386 1664 2440 ἐπίστευσαν
1699 2384 1962 2448 Ἰουδαῖοι,

382 2474 589 2545 φησίν;
621 2472 745 2525 οὑδέ
790 2471 902 2543 γὰρ
932 2471 1093 2541 μόνος
1135 2469 1389 2539 Ἰωάννης
1415 2463 1524 2523 εἶδε
1556 2468 1618 2523 :6
1649 2467 1874 2539 Πνεῦμα
1907 2469 1965 2521 ἐν

379 2557 512 2609 εῖδει
545 2556 895 2626 περιστερᾶς.
919 2554 1045 2608 Ὅτι
1068 2554 1118 2607 εἰ
1138 2554 1233 2606 καὶ
1256 2548 1417 2617 εἶδον,
1443 2551 1665 2606 ἀλλάτά
1692 2550 1917 2605 τοιαῦτα
1936 2562 1963 2591 ιι

379 2642 507 2712 οὑχὶ
528 2640 639 2693 τῶν
667 2641 762 2693 τοῦ
792 2639 1044 2710 σώματος
1075 2638 1372 2708 ὀφθαλμῶν
1398 2637 1571 2691 δεῖται
1612 2636 1796 2708 μόνον,
1827 2634 1965 2689 ἀλλὰ

381 2725 494 2793 πρὸ
519 2722 727 2778 τούτων
758 2722 859 2793 τῆς
890 2724 1029 2776 κατὰ
1057 2722 1298 2776 διάνοιαν
1321 2721 1517 2791 ὅψεως,
1546 2719 1687 2773 ὥστε
1720 2719 1796 2791 μὴ
1827 2736 1962 2787 φαν-

378 2807 573 2860 τασίαν
600 2806 857 2877 περιττὴν
887 2805 950 2858 :6
982 2806 1215 2876 πρᾶγμα
1249 2804 1485 2874 νομίσαι.
1513 2804 1577 2857 Εἰ
1606 2800 1737 2872 γοῦν
1771 2803 1799 2843 1³
1833 2801 1967 2856 θαυ·

382 2890 797 2961 ματουργοῦντα
841 2889 1095 2960 ὁρῶντες,
1128 2890 1224 2941 καὶ
1258 2888 1563 2959 ἁπτόμενον
1594 2890 1715 2952 ταῖς
1738 2887 1966 2951 οἰκείαις

381 2977 545 3047 χερσὶ
568 2976 679 3028 τῶν
700 2974 1074 3044 νενοσηκότων
1103 2974 1197 3027 καὶ
1227 2973 1338 3027 τῶν
1364 2973 1729 3043 τεθνηκότων,
1762 2974 1858 3026 καὶ
1881 2972 1969 3025 οὑ-

378 3076 491 3121 τως
529 3058 730 3121 αὑτοὺς
767 3057 907 3128 1:96;
942 3056 1087 3128 ζωὴν
1109 3058 1454 3126 ἐπανάγοντα
1481 3056 1577 3110 καὶ
1609 3056 1818 3124 ὑγείαν,
1845 3074 1967 3109 τοσ-

379 3142 537 3196 οῦτον
587 3142 816 3214 ἐμέθυον
859 3142 967 3196 ὑπὸ
1016 3143 1113 3213 τῆς
1160 3141 1494 3212 βασκανίας,
1548 3140 1690 3194 ὥστε
1747 3142 1966 3194 ἐναντία

379 3227 492 3288 τοῖς
520 3225 819 3297 ὁρωμένοις
868 3225 1303 3295 ἀποφαίνεσθαι·
1332 3224 1450 3287 πῶς
1480 3224 1547 3278 ἀν
1574 3224 1683 3277 ἀπὸ
1718 3224 1820 3294 τῆς
1848 3226 1967 3277 ἐπι-

382 3312 689 3380 φοιτήσεως
729 3308 827 3362 τοῦ
857 3308 1177 3379 Πνεύματος
1217 3309 1387 3379 μόνης
1424 3307 1837 3379 ἀπεκρούσαντο
1866 3309 1967 3379 τὴν

378 3395 669 3457 ἀπιστίαν;
713 3392 871 3456 Τινὲς
913 3394 970 3446 δέ
1021 3410 1186 3462 φασιν
1224 3392 1345 3445 οὑδέ
1404 3393 1613 3455 πάντας
1643 3392 1842 3455 αὑτοὺς
1879 3410 1967 3445 τε-

380 3478 635 3545 θεᾶσθαι,
663 3478 781 3531 ἀλλ’
824 3477 859 3548 ἢ
892 3477 1053 3548 μόνον
1093 3476 1350 3545 Ἰωάννην
1376 3477 1471 3530 καὶ
1513 3477 1641 3539 τοὺς
1686 3477 1966 3547 εὐγνωμο-

382 3561 635 3631 νέστερον
645 3561 1043 3631 διακειμένους.
1064 3560 1245 3630 Εἱγάρ
1258 3559 1353 3613 καὶ
1374 3558 1652 3630 αἰσθητοῖς
1667 3560 1966 3629 ὀφθαλμοῖς

379 3645 609 3699 δυνατὸν
638 3640 710 3715 ἦν
743 3645 873 3698 ἰδεῖν
920 3646 995 3707 ῶς
1023 3644 1080 3696 ἐν
1121 3643 1253 3696 εἴδει
1287 3644 1618 3714 περιστερᾶς
1648 3641 1709 3694 :6
1743 3643 1967 3713 Πνεῦμα

384 3730 573 3782 κατιόν
600 3747 613 3759 ·
646 3728 764 3783 ἀλλ’
795 3728 947 3798 ὅμως
980 3727 1041 3780 ού
1086 3725 1174 3779 διά
1212 3726 1373 3779 τοῦτο
1414 3727 1564 3779 πᾶσα
1593 3726 1805 3797 ἀνάγκη
1831 3729 1966 3782 πᾶσι

383 3812 685 3882 κατάδηλον
714 3810 855 3865 εἶναι
890 3811 951 3864 τὸ
993 3811 1250 3882 πρᾶγμα.
1282 3810 1391 3863 Καὶ
1420 3811 1529 3880 γὰρ
1568 3810 1665 3863 καὶ
1694 3811 1967 3882 Ζαχαρίας

382 3897 440 3947 ἐν
472 3894 721 3967 αἰσθητῷ
765 3894 896 3947 εῖδει
943 3892 1114 3946 πολλά
1158 3893 1450 3946 τεθέαται·
1500 3894 1595 3946 καί⁸
1644 3893 1843 3965 Δανιὴλ
1874 3896 1967 3948 καὶ

394 3972 679 4051 Ἰεζεκιὴλ,
712 3979 807 4031 καὶ
834 3976 1092 4030 κοινωνὸν
1120 3976 1221 4046 τῆς
1251 3976 1381 4040 θέας
1420 3976 1611 4029 οὐδένα
1652 3976 1809 4047 ἔσχον
1829 3995 1843 4008 ·
1874 3978 1966 4031 καὶ

381 4054 625 4131 Ηωῠσῆς
673 4061 732 4115 δὲ
759 4060 930 4114 πολλά
960 4056 1092 4123 οἶδε,
1134 4060 1229 4113 καὶ
1256 4054 1347 4112 οἷα
1382 4059 1493 4113 τῶν
1536 4058 1710 4114 ἀλλων
1753 4059 1962 4123 οὐδείς’

382 4146 479 4199 καὶ
509 4146 608 4215 τῆς
656 4143 1131 4216 μεταμορφώσεως
1174 4142 1232 4195 δέ
1272 4143 1375 4211 τῆς
1417 4143 1512 4195 ἐπὶ
1550 4142 1647 4196 τοῦ
1691 4142 1851 4213 ὅρους
1902 4143 1965 4196 οὑ

382 4228 584 4292 πάντες
604 4226 915 4298 ἠξιώθησαν
949 4237 973 4266 ο
1003 4227 1053 4279 οι
1103 4224 1370 4296 μαθηταί·
1403 4224 1518 4278 ἀλλ’
1557 4224 1678 4279 οὑδὲ
1705 4226 1803 4297 τῆς
1825 4226 1965 4279 κατά

381 4312 477 4381 τὴν
500 4311 795 4365 ἀνάστασιν
810 4310 986 4379 ὅψεως
1004 4308 1372 4379 ἐκοινώνησαν
1399 4308 1640 4372 ἀπαντες
1660 4325 1675 4340 ·
1698 4309 1790 4362 καὶ
1806 4309 1965 4363 τοῦτο

380 4395 531 4465 δηλοῖ
552 4395 739 4464 σαφῶς
768 4395 797 4446 6
821 4394 1038 4456 Λουκᾶς
1069 4390 1270 4445 εἰπών·
1301 4392 1384 4444 ὅτι
1405 4390 1605 4455 ἔδειξεν
1634 4391 1827 4444 ἑαυτὸν
1852 4396 1965 4457 τοῖς

380 4470 654 4546 Μάρτυσι
674 4477 799 4544 τοῖς
817 4474 1521 4544 προκεχειροτονημένοις
1534 4475 1654 4529 ὑπὸ
1671 4475 1778 4529 τοῦ
1793 4476 1961 4530 Θεοῦ.

380 4562 559 4632 Κάγὼ
575 4561 802 4627 ἑώρακα
820 4561 920 4613 καί
934 4559 1382 4628 μεμαρτύρηκα,
1417 4558 1505 4611 ὅτι
1533 4553 1713 4623 οὗτός
1732 4558 1903 4612 ἐστιν
1931 4562 1965 4613 ό

381 4645 537 4717 [HM]
580 4646 710 4710 ΥΙός
742 4645 849 4697 τοῦ
872 4644 1041 4697 Θεοῦ.
1067 4644 1174 4696 Καὶ
1206 4641 1309 4696 ποῦ
1339 4641 1745 4713 ἐμαρτύρησεν,
1776 4644 1860 4696 ὅτι
1883 4637 1965 4696 οῦ-

381 4728 469 4788 τός
500 4727 650 4778 ἐστιν
678 4727 707 4777 ὀ
746 4724 875 4787 Υἱὸς
916 4722 1008 4776 τοῦ
1038 4722 1215 4785 6503;
1260 4722 1456 4791 ’Δμνὸν
1503 4720 1605 4791 μὲν
1650 4720 1759 4793 γάρ
1802 4721 1964 4775 αὑτὸν

382 4812 636 4870 ἐκάλεσε,
669 4809 764 4861 καὶ
783 4808 866 4861 ὅτι
888 4806 1164 4877 Πνεύματι
1196 4806 1477 4875 βαπτίζειν
1499 4805 1744 4875 ἔμελλεν,
1777 4801 1958 4859 εἶπεν·

382 4895 512 4946 Υἰὸν
546 4894 603 4946 δὲ
628 4891 765 4945 Θεοῦ
794 4889 1054 4960 οὐδαμοῦ.
1092 4889 1286 4943 Καίτοι
1314 4905 1378 4956 γε
1414 4889 1553 4958 μετά
1585 4889 1647 4941 τὸ
1682 4889 1964 4959 βάπτισμα

379 4977 533 5030 οὐδὲν
566 4975 729 5029 αὑτὸν
764 4974 1174 5043 ἀναγράφουσιν
1197 4971 1459 5041 εἰρηκότα
1480 4973 1529 5024 οἰ
1562 4971 1710 5025 ἄλλοι
1734 4972 1963 5042 εὐαγγε-

376 5060 584 5119 λισταί,
618 5058 758 5111 ἀλλά
794 5058 862 5110 τὰ
894 5056 1098 5127 μεταξὺ
1146 5056 1544 5125 σιωπήσαντες,
1581 5055 1647 5108 τά
1691 5056 1829 5125 μετά
1862 5058 1963 5126 τὴν

380 5142 647 5211 σύλληψιν
702 5141 947 5193 Ἰωάννου
986 5138 1257 5207 γενόμενα
1296 5137 1389 5191 τοῦ
1436 5138 1669 5208 Χριστοῦ
1710 5138 1961 5210 θαύματα

375 5225 656 5291 λέγουσιν.
704 5224 821 5292 Ἀφ’
850 5216 926 5276 ὧν
959 5222 1313 5292 στοχάζεσθαι
1354 5220 1521 5285 εἰκὸς,
1553 5223 1637 5275 ὅτι
1670 5222 1962 5276 καὶταῦτα

377 5311 477 5361 καὶ
506 5308 692 5377 πολλῴ
722 5308 889 5377 ἕτερα
928 5306 1149 5359 πλείονα
1184 5305 1644 5376 παραλέλειπταν
1679 5308 1773 5359 καὶ
1804 5307 1963 5359 τοῦτο

376 5392 545 5455 αὐτὸς
570 5378 725 5454 οὗτος
750 5392 779 5444 6
806 5390 1201 5460 εύαγγελιστὴς
1245 5389 1379 5461 πρὸς
1417 5389 1494 5459 τῷ
1523 5389 1663 5441 τέλει
1704 5392 1802 5459 τῆς
1834 5407 1963 5457 συγ-

377 5475 605 5547 γραφῆς
630 5474 893 5545 ὲδὴλωσε.
922 5472 1188 5527 Τοσοῦτον
1224 5472 1334 5543 γὰρ
1367 5473 1606 5541 ἀπέσχον
1633 5472 1727 5524 τοῦ
1758 5472 1962 5527 πλάσαι

377 5577 434 5613 τι
470 5560 612 5630 μέγα
638 5561 766 5630 περὶ
786 5558 975 5618 αὑτοῦ,
1010 5558 1094 5610 ὅτι
1123 5556 1194 5608 τὰ
1220 5556 1320 5626 μὲν
1344 5555 1602 5608 δοκοῦντα
1628 5557 1963 5609 ἐπονείδιστα

379 5640 523 5695 εἶναι
553 5643 757 5705 πάντες
789 5640 1126 5712 ὁμοφώνως(ί
1163 5642 1254 5693 καὶ
1285 5640 1422 5710 μετά
1444 5638 1730 5710 ἀκριϐείας
1761 5639 1964 5709 ἔθηκαν

380 5729 622 5798 ἀπάσης.
650 5726 865 5780 καίοὑκ
892 5725 957 5779 ἂν
980 5725 1161 5794 εὕροις
1173 5725 1361 5777 οὑδένα
1378 5723 1558 5777 αὑτῶν
1588 5722 1965 5795 παραλιπόντα

382 5812 535 5864 οᾷδέν
559 5811 669 5865 τῶν
694 5809 971 5864 τοιούτοιν·
1010 5809 1120 5861 τῶν
1150 5809 1206 5861 δὲ
1234 5807 1528 5877 θαυμάτων
1556 5807 1624 5861 τά
1658 5808 1757 5878 μὲν
1786 5808 1964 5870 ἄλλοις

444 5972 470 6000 ⁸
491 5970 693 6029 Quidam
723 5970 799 6017 ὃτι
820 5969 881 6017 τά
904 5966 1121 6016 τοιαῦτα.
1186 5966 1214 6005 ιι
1249 5967 1304 6014 Εἰ
1336 5965 1425 6029 γάρ
1464 5963 1612 6029 Savil.
1639 5971 1689 6013 et
1719 5966 1827 6029 cod.

381 6036 427 6079 οἱ
446 6027 534 6093 ’,ἀρ
559 6035 663 6080 cod.
691 6030 803 6080 706.
872 6033 893 6060 °
923 6030 1070 6079 Savil.
1095 6030 1337 6093 ἀπήλαυον
1364 6028 1661 6093 (ἀπήλαυσαν
1687 6028 1823 6077 codd.
1852 6027 1961 6085 705,

383 6090 517 6155 706);
546 6095 698 6144 Morel
743 6093 1009 6150 ἠξςώεησαν
1091 6090 1115 6129 ἀ
1141 6090 1236 6141 Alii
1265 6091 1550 6150 όμοφρόνως.

1448 434 1512 490 IN
1546 432 1863 490 ΙΟᾹΝΝΕΜ
1905 427 2145 488 IIOMIL.
2182 430 2353 491 XVII.
2391 436 2461 490 al.
2499 433 2636 491 XVI.

3540 434 3644 496 ΗΞ

2074 544 2261 599 εἴασαν
2294 563 2335 607 ·,
2372 550 2441 602 τά
2464 550 2519 602 δὲ
2558 550 2759 613 πάντες
2786 550 3206 622 ἀπεσιώπησαν.
3230 549 3416 603 Ταῦτα
3452 550 3513 604 δέ
3550 570 3641 623 μοι

2070 631 2168 701 οὐχ
2215 630 2402 694 ἁπλῶς
2442 635 2675 705 εἴρηται,
2722 634 2859 688 ἀλλά
2901 635 3037 706 πρὸς
3065 635 3165 705 τὴν
3216 635 3327 688 τῶν
3380 633 3645 707 Ἐλλήνων

2074 716 2479 785 ἀναισχυντίαν.
2529 717 2735 771 Ἱκανὸν
2766 716 2874 788 γάρ
2903 718 3061 771 τοῦτο
3077 717 3171 770 τοῦ
3201 718 3527 789 φιλαλήθους
3549 721 3647 772 αὑ-

2070 797 2179 849 τῶν
2206 798 2409 868 τρόπου
2436 799 2654 870 δεῖγμα,
2678 801 2771 853 καὶ
2792 800 2885 853 τοῦ
2911 802 3078 871 μηδὲν
3099 801 3234 872 πρὸς
3263 802 3423 871 χάριν
3446 801 3642 870 λέγειν.

2067 881 2179 933 Καὶ
2196 881 2490 952 δυνήσεσθε
2520 886 2611 936 καὶ
2643 885 2813 955 ταύτῃ
2842 885 2979 954 μετὰ
3006 885 3113 937 τῶν
3133 886 3309 939 ἄλλων
3331 885 3646 950 ὁπλίζεσθαι

2067 970 2134 1038 τῇ
2150 968 2257 1020 τῶν
2271 969 2444 1037 λόγων
2460 970 2710 1023 ὑποθέσει
2727 972 2862 1041 πρὸς
2885 971 3101 1034 αὑτούς.
3136 972 3295 1025 Ἀλλά
3311 973 3608 1042 προσέχετε
3631 989 3644 1001 ·

2069 1053 2163 1105 καὶ
2190 1052 2300 1122 γὰρ
2326 1054 2525 1106 ἄτοπον
2554 1053 2643 1106 τὸν
2677 1054 2775 1124 μὲν
2799 1053 2981 1124 ἰατρὸν
3017 1053 3156 1123 μετὰ
3191 1054 3476 1124 ἀκριϐείας
3506 1054 3648 1124 ὑπὲρ

2067 1135 2166 1205 τῆς
2194 1136 2392 1206 τέχνης
2426 1136 2788 1204 ἀγωνίζεσθαι
2813 1138 2913 1207 τῆς
2938 1137 3124 1199 αὑτοῦ,
3153 1139 3245 1190 καὶ
3268 1138 3358 1190 τὸν
3391 1138 3645 1191 σκυτοτό-

2070 1235 2191 1287 μον,
2226 1220 2323 1272 καὶ
2348 1219 2440 1273 τὸν
2467 1220 2730 1290 ὑφάντην,
2755 1222 2849 1274 καὶ
2878 1221 3084 1285 πάντας
3112 1221 3298 1285 ἀπλῶς
3324 1222 3450 1285 τοὺς
3471 1222 3650 1292 τεχνίο

2066 1317 2166 1363 τας
2186 1315 2199 1329 ⁸
2228 1302 2321 1354 τὸν
2348 1301 2407 1355 δὲ
2433 1303 2756 1372 Χριστιανὸν
2782 1301 2919 1357 εἶναι
2945 1304 3242 1373 φάσκοντα,
3283 1304 3358 1375 μὴ
3391 1304 3648 1358 δύνασθαι

2066 1386 2226 1454 λόγον
2254 1387 2393 1459 ὑπὲρ
2432 1389 2531 1457 τῆς
2567 1388 2773 1452 οἰκείας
2816 1392 3119 1460 παρασχεῖν
3166 1389 3422 1453 πίστεως.
3457 1389 3651 1442 Καίτοι

2066 1471 2252 1522 ἐκεῖνα
2301 1469 2401 1540 μὲν
2454 1471 2823 1541 παροφθέντα,
2860 1474 2940 1531 είς
2983 1473 3243 1543 χρήματα
3294 1471 3391 1542 τὴν
3445 1470 3651 1542 ζημίαν

2066 1553 2264 1623 ἤνεγκε
2286 1568 2300 1581 °
2337 1554 2510 1606 ταῦτα
2536 1553 2591 1605 δέ
2616 1553 2981 1625 ἀμελούμενα,
3006 1555 3175 1625 αὑτὴν
3197 1556 3331 1625 ἡμῖν
3361 1554 3378 1593 τ
3408 1554 3650 1623 διαφθεί-

2068 1653 2151 1707 ρει
2180 1636 2280 1705 τὴν
2304 1636 2505 1707 ψυχήν.
2542 1636 2682 1689 ’Λλλ’
2712 1638 2859 1708 ὅμως
2884 1634 3058 1701 οὑτως
3080 1637 3280 1702 ἀθλίως
3305 1638 3647 1709 διακείμεθα,

2065 1720 2141 1782 ῶς
2171 1720 2401 1783 ἐκείνοις
2434 1719 2533 1789 μὲν
2564 1720 2783 1773 ἃπασαν
2818 1721 3115 1791 ἀπονέμειν
3152 1722 3391 1793 σπουδήν
3413 1738 3427 1752 ο
3450 1722 3559 1774 τῶν
3591 1710 3650 1774 δὲ

2065 1802 2397 1870 ἀναγκαίων,
2434 1804 2529 1855 καὶ
2569 1802 2605 1856 ἀ
2634 1803 2905 1873 σωτηρίας
2933 1799 3189 1867 ὑπόθεσις
3231 1805 3332 1873 τῆς
3367 1805 3645 1874 ἡμετέρας

2067 1886 2206 1948 ἐστὶ,
2242 1886 2447 1938 τούτων
2476 1885 2552 1948 ώς
2581 1886 2793 1951 οὐδενὸς
2826 1885 2990 1953 ἀξίων
3032 1891 3411 1959 καταφρονεῖν.

2124 1969 2365 2024 δ’.Τοῦτο
2379 1971 2481 2024 οὑκ
2495 1970 2688 2040 ἀφίησι
2704 1971 3102 2042 τοὺςἜλληνας
3114 1976 3213 2042 τῆς
3223 1964 3426 2035 οἰκείας
3443 1971 3653 2043 ταχέως

2064 2052 2443 2122 καταγελάσαι
2468 2053 2695 2124 πλάνης.
2722 2054 2888 2107 Ὅταν
2920 2054 3031 2126 γάρ
3054 2055 3209 2108 αὑτοὶ
3243 2054 3342 2126 μέν
3368 2054 3447 2125 τῷ
3465 2054 3653 2124 ψεύδει

2066 2136 2473 2206 συνιστάμενοι,
2501 2135 2679 2189 πάντα
2708 2137 3027 2208 πράττωσιν
3049 2136 3191 2191 ὥστε
3217 2138 3511 2192 συσκιάσαι
3544 2137 3653 2191 τῶν

2063 2218 2351 2290 δογμάτων
2396 2219 2496 2289 τὴν
2547 2218 2831 2291 αἰσχύνην,
2881 2222 3043 2291 ἡμεῖς
3080 2220 3138 2274 δὲ
3167 2223 3217 2273 οἱ
3260 2222 3358 2292 τῆς
3391 2219 3653 2291 ἀληθείας

2066 2302 2403 2373 θεραπευταὶ
2436 2301 2571 2372 μηδὲ
2597 2301 2780 2373 διᾶραι
2808 2302 2869 2355 :6
2904 2303 3077 2373 στόμα
3100 2302 3409 2373 δυνώμεθα,
3445 2305 3564 2368 πῶς
3588 2303 3653 2357 ού

2066 2386 2268 2457 πολλὴν
2292 2385 2390 2439 τοῦ
2424 2386 2694 2457 δόγματος
2719 2387 3163 2455 καταγνώσονται
3196 2388 3298 2460 τὴν
3330 2388 3652 2453 ἀσθένειαν;

2065 2469 2183 2534 πῶς
2200 2469 2301 2523 οὑκ
2321 2469 2537 2539 ἀπάτην
2561 2470 2656 2524 καί⁸
2684 2470 2897 2540 μωρίαν
2918 2470 2988 2523 τὰ
3016 2471 3259 2543 ἡμέτερα
3282 2472 3654 2526 ὑποπτεύσου-

2066 2569 2150 2617 σι;
2174 2552 2290 2613 πῶς
2308 2553 2368 2605 οὑ
2394 2551 2851 2623 βλασφημήσουσι
2870 2553 2960 2605 τὸν
2984 2554 3215 2624 Χριστὸν
3234 2554 3310 2617 ώς
3331 2554 3531 2625 εἴρωνα
3557 2557 3654 2608 καὶ

2065 2634 2384 2697 ἀπατεῶνα,
2414 2635 2508 2688 καὶ
2534 2637 2602 2706 τῇ
2650 2634 2760 2688 τῶν
2788 2636 2999 2689 πολλῶν
3040 2637 3195 2708 ἀνοία
3230 2638 3366 2706 1:96;
3394 2637 3491 2708 τὴν
3516 2638 3654 2691 ἀπά·

2064 2738 2163 2793 την
2183 2720 2672 2791 ἀποχρησάμενον;
2704 2712 2921 2791 Ταύτης
2946 2712 3002 2774 δέ
3032 2723 3192 2792 ἡμεῖς
3216 2722 3376 2775 αῖτιοι
3398 2723 3497 2791 τῆς
3531 2722 3654 2792 βλα-

2067 2804 2330 2876 σφημίας,
2352 2806 2452 2857 οὐκ
2480 2803 2755 2868 ἐθέλοντες
2784 2805 3084 2876 ἀγρυπνεῖν
3107 2805 3166 2857 ἐν
3196 2807 3307 2868 τοῖς
3334 2805 3473 2877 ὑπὲρ
3496 2806 3655 2859 εὑσεη

2065 2889 2219 2952 σείας
2249 2889 2449 2958 λόγοις,
2475 2888 2610 2942 ἀλλὰ
2641 2887 2898 2959 πάρεργα
2927 2886 3201 2958 τιθέμενοι
3236 2887 3430 2950 ταῦτα,
3464 2888 3556 2941 καὶ
3582 2888 3653 2942 τά

2065 2973 2163 3043 τῆς
2185 2972 2288 3041 γῆς
2313 2971 2703 3043 μεριμνῶντες.
2730 2971 2843 3025 Καὶ
2869 2971 3137 3043 ὀρχηστοῦ
3164 2972 3264 3041 μέν
3288 2988 3372 3035 τις
3393 2971 3534 3041 ἐρῶν
3557 2972 3653 3025 καὶ

2066 3054 2279 3126 ἡνιόχου
2311 3055 2405 3107 καὶ
2432 3053 2527 3107 τοῦ
2562 3056 2674 3119 τοῖς
2702 3054 2909 3125 θηρίοις
2943 3053 3325 3118 πυκτεύοντος,
3361 3056 3538 3108 πάντα
3565 3072 3653 3108 κι-

2066 3142 2145 3193 νεῖ
2167 3142 2259 3194 καὶ
2281 3137 2747 3210 πραγματεύεται,
2777 3138 2918 3191 ὥστε
2943 3140 3002 3192 ἐν
3027 3141 3142 3202 τοῖς
3164 3137 3343 3207 ἀγῶσι
3369 3142 3481 3202 τοῖς
3508 3139 3651 3209 ὑπὲρ

2065 3223 2227 3278 αὑτοῦ
2257 3222 2332 3295 μὴ
2369 3223 2592 3276 ἔλαττον
2615 3222 2755 3293 ἔχων
2795 3222 3081 3276 ἀπελθεῖν·
3117 3223 3213 3276 καὶ
3246 3225 3491 3294 μακροὺς
3524 3240 3653 3275 συν-

2066 3308 2300 3380 είρουσιν
2342 3306 2615 3372 ἐπαίνους,
2662 3306 2797 3376 πρὸς
2826 3306 2952 3369 τοὺς
2990 3304 3429 3376 κατηγοροῦντας
3470 3305 3652 3359 αὑτῶν

2066 3388 2359 3460 ἀπολογίαν
2390 3387 2748 3452 συντιθέντες,
2771 3390 2865 3442 καὶ
2901 3388 3115 3460 μυρίοις
3151 3388 3431 3458 βάλλοντες
3465 3390 3651 3461 σκώμ-

2069 3492 2200 3546 μασι
2246 3475 2371 3535 τοὺς
2413 3473 2893 3543 ἐναντιουμένους*
2932 3472 3071 3544 ὑπὲρ
3117 3471 3175 3525 δὲ
3221 3472 3650 3543 Χριστιανισμοῦ

2067 3558 2440 3627 προκειμένων
2456 3558 2480 3597 5
2503 3556 2696 3625 λόγων,
2718 3554 2920 3618 πάντες
2940 3555 3091 3608 κάτω
3108 3555 3345 3618 νεύουσι,
3372 3556 3463 3609 καὶ
3489 3557 3651 3609 κνῶν-

2066 3660 2185 3706 ται,
2228 3641 2322 3694 καὶ
2365 3639 2713 3710 χασμῶνται,
2757 3638 2851 3692 καὶ
2896 3637 3396 3705 καταγελασθέντες
3440 3641 3653 3708 ἀναχω-

2070 3724 2246 3798 ροῦσι.
2274 3723 2423 3800 μοὶ]
2459 3722 2570 3777 Καὶ
2598 3722 2714 3786 πῶς
2741 3723 2843 3775 οὑκ
2871 3719 2997 3785 ἀξια
3023 3721 3196 3775 ταῦτα
3227 3723 3427 3792 μυρίας
3458 3723 3649 3794 ὀργῆς,

2069 3810 2196 3862 ὅταν
2224 3809 2253 3861 ὁ
2288 3806 2521 3878 Χριστὸς
2549 3804 2871 3876 ἀτιμότερος
2904 3803 3174 3876 ὀρχηστοῦ
3221 3805 3480 3875 φαίνηται
3518 3808 3650 3876 παρ’

2068 3892 2226 3962 ὑμῖν;
2252 3890 2306 3942 εί
2330 3906 2393 3958 γε
2428 3888 2569 3960 ὑπὲρ
2595 3889 2692 3958 μὲν
2716 3888 2824 3941 τῶν
2851 3887 3079 3950 ἐκείνοις
3108 3888 3512 3958 πεπραγμένων
3550 3888 3652 3958 μύ-

2068 3974 2189 4045 ρίας
2217 3971 2513 4041 ἀπολογίας
2557 3971 2989 4043 μεμελετήκατε,
3019 3969 3196 4025 καίτοι
3222 3986 3287 4039 γε
3319 3971 3537 4025 πάντων
3563 3974 3653 4026 αῖ-

2069 4057 2373 4129 σχροτέρων
2404 4056 2599 4108 ὀντων·
2632 4054 2771 4125 ὑπὲρ
2801 4054 2856 4106 δὲ
2893 4052 3004 4107 τῶν
3027 4053 3121 4107 τοῦ
3162 4053 3401 4125 Χριστοῦ
3432 4055 3650 4125 θαυμά-

2066 4157 2195 4204 των,
2228 4141 2405 4194 καίτοι
2434 4156 2497 4207 γε
2525 4139 2620 4210 τὴν
2654 4138 2981 4208 οἰκουμένην
3013 4138 3497 4207 ἐπισπασαμένων,
3526 4140 3650 4193 οὐδὲ

2067 4223 2315 4295 ἐννοῆσαί
2343 4241 2395 4276 τι
2418 4222 2511 4276 καὶ
2545 4222 2876 4293 μεριμνῆσαι
2900 4219 3177 4291 ἀνέχεσθε.
3211 4222 3546 4291 ΙΙιστεύομεν
3567 4225 3649 4287 εἰς

2068 4309 2285 4378 Πατέρα
2328 4307 2423 4361 καὶ
2453 4300 2577 4359 Υίὸν
2620 4306 2711 4359 καὶ
2750 4298 2905 4373 ἆγιον
2934 4296 3188 4374 Πνεῦμα·
3229 4305 3308 4368 εἰς
3352 4306 3648 4367 ἀνάστασιν

2068 4391 2359 4461 σωμάτων,
2389 4390 2469 4453 εἰς
2501 4389 2645 4458 ζωὴν
2692 4387 2927 4442 αἰώνιον.
2958 4388 3056 4440 Ἂν
3100 4386 3281 4439 τοίνυν
3324 4386 3518 4458 ἔρηταί
3561 4407 3647 4451 τις

2078 4474 2375 4544 Ἑλλήνων·
2421 4473 2518 4536 Τίς
2558 4472 2690 4525 ποτέ
2727 4474 2874 4525 ἐστιν
2914 4462 3067 4533 οὗτος
3095 4471 3123 4522 6
3156 4469 3379 4540 Πατήρ;
3410 4469 3494 4535 τίς
3533 4471 3590 4523 δὲ
3619 4476 3648 4524 6

2068 4557 2224 4622 Υἱός;
2263 4556 2346 4620 τίς
2380 4555 2438 4609 δὲ
2478 4554 2539 4608 :6
2581 4555 2803 4625 Πνεῦμα
2827 4548 2887 4607 :6
2925 4554 3109 4622 ἆγιον;
3138 4546 3172 4623 ἢ
3204 4552 3321 4615 πῶς
3350 4553 3446 4606 καὶ
3488 4554 3648 4624 ὑμεῖς

2066 4642 2214 4713 τρεῖς
2260 4640 2508 4708 λέγοντες
2535 4637 2751 4702 ,θεοὺς,
2800 4639 2929 4708 ἡμῖν
2980 4634 3201 4703 ἐγκαλεῖ
3238 4634 3560 4703 πολυθεῖαν;
3593 4638 3648 4691 τί

2066 4725 2271 4794 ἐρεῖτε;
2301 4722 2439 4775 τίδὲ
2485 4722 2895 4791 ἀποκρινεῖσθε;
2940 4718 3060 4782 πῶς
3106 4718 3510 4790 ἀποκρούσεσθε
3547 4721 3649 4791 τὴν

2066 4807 2373 4878 προσϐολὴν
2412 4806 2521 4858 τῶν
2564 4805 2735 4873 λόγων
2777 4803 3016 4867 τούτων;
3046 4801 3112 4854 Τί
3150 4801 3227 4868 δὲ,
3267 4801 3335 4856 ἂν
3374 4803 3650 4872 σιγώντων

2066 4893 2221 4964 ὑμῶν
2248 4891 2408 4945 πάλιν
2437 4888 2707 4959 ἐπενέγκῃ
2742 4887 2800 4941 :6
2826 4888 3013 4956 ἕτερον
3050 4886 3293 4958 ζήτημα,
3318 4886 3383 4940 Τί
3411 4887 3469 4941 δέ
3500 4889 3651 4941 ἐστιν

2064 4976 2200 5040 ὅλως
2231 4975 2550 5037 ἀνάστασις,
2577 4970 2826 5042 ἐρωτῶν;
2860 4964 2971 5040 ἆρα
3010 4968 3120 5041 γὰρ
3141 4969 3201 5023 ἐν
3228 4969 3403 5041 τούτῳ
3430 4970 3509 5042 τῷ
3544 4970 3650 5024 σώ-

2067 5077 2196 5130 ματι
2223 5058 2385 5110 πάλιν
2411 5053 2855 5125 ἀναστησόμεθα;
2882 5048 2990 5121 ἆρα
3008 5053 3066 5105 ὲν
3086 5052 3257 5124 ἑτέρῳ
3284 5054 3434 5125 παρὰ
3457 5052 3643 5119 τοῦτο;

2066 5144 2159 5197 καί
2182 5144 2231 5196 εἰ
2259 5143 2317 5195 ὲν
2337 5140 2530 5210 τούτῳ,
2554 5138 2639 5199 τίς
2668 5135 2823 5207 χρεία
2850 5135 2982 5189 αὑτὸ
3008 5136 3402 5207 καταλυθῆναι;
3429 5137 3481 5190 τί
3511 5138 3646 5210 πρὸς

2063 5228 2233 5281 ταῦτα
2267 5227 2471 5296 ἐρεῖτε;
2520 5222 2585 5275 Τί
2624 5216 2700 5286 δέ,
2743 5221 2808 5275 ἀν
2838 5219 3004 5295 λέγῃ·
3034 5220 3186 5274 Διατί
3219 5220 3333 5287 νῦν,
3366 5222 3458 5274 καὶ
3488 5222 3564 5294 μὴ
3590 5224 3651 5275 ἐν

2064 5309 2174 5379 τοῖς
2221 5308 2529 5383 ἔμπροσθεν
2574 5309 2907 5381 παρεγένετο
2956 5308 3165 5379 χρόνοις
3191 5309 3220 5361 6
3252 5309 3523 5380 Χριστὸς;
3554 5310 3650 5364 νῦν

2064 5400 2171 5471 γὰρ
2202 5397 2377 5463 ἔδοξεν
2408 5395 2557 5467 αὑτῷ
2602 5392 2900 5464 προνοῆσαι
2948 5392 3058 5446 τῶν
3102 5390 3428 5462 ἀνθρώπων,
3471 5393 3561 5446 τὸν
3592 5394 3649 5447 δὲ

2064 5484 2221 5538 ἄλλον
2262 5475 2477 5535 ἅπαντα
2506 5478 2698 5550 χρόνον
2728 5476 2888 5547 ήμῶν
2924 5477 3275 5546 κατεφρόνεις
3306 5475 3338 5545 ἢ
3387 5476 3481 5529 καὶ
3516 5476 3651 5529 ἄλλα

2065 5568 2145 5622 ἔτι
2174 5567 2241 5621 ἂν
2271 5565 2407 5637 πρὸς
2426 5560 2457 5602 ¹ι
2486 5562 2699 5625 τούτοις
2736 5560 2939 5615 τούτων
2966 5558 3183 5613 πλείονα
3221 5557 3483 5631 ἐξετάζῃς
3517 5560 3651 5612 οὐδὲ

2063 5654 2173 5725 γάρ
2204 5650 2498 5719 ἀναγκαῖον
2530 5648 2701 5701 πολλά
2724 5646 2919 5716 ἐφεξῆς
2948 5643 3237 5715 ζητήματα
3255 5642 3526 5708 τιθέντας,
3550 5645 3651 5708 τὰς

2064 5736 2246 5797 λύσεις
2279 5732 2568 5802 ἀποσιγᾷν,
2594 5730 2733 5783 ὥστε
2782 5728 2858 5800 μὴ
2896 5727 3020 5791 τοὺς
3046 5725 3437 5798 άφελεστέρους
3477 5727 3653 5799 ταύτῃ

2068 5816 2441 5890 παραϐλάψαι.
2478 5815 2660 5884 Ἀρκεί
2709 5812 2817 5883 γὰρ
2861 5811 2955 5866 καὶ
2998 5811 3066 5865 τά
3109 5811 3374 5884 εἰρημένα
3406 5810 3545 5883 πρὸς
3587 5811 3652 5863 :6

2124 5962 2146 5985 ⁸
2166 5960 2247 6011 Sic
2263 5959 2413 6008 Savil.
2437 5956 2607 6007 Morel.
2643 5956 2702 6004 τά
2728 5955 2809 6017 μὲν
2831 5954 3051 6010 ἀλλήλοις
3072 5956 3435 6018 παρεχώρησαν.
3458 6015 3469 6018 _
3505 5950 3526 5990 ί
3553 5954 3649 6004 Alii

2066 6026 2192 6086 ὑμῖν,
2220 6025 2301 6071 alii
2341 6022 2469 6086 ἡμῖν.
2497 6084 2510 6086 _
2540 6020 2665 6086 6151c
2696 6015 2803 6086 Sim
2835 6018 3115 6086 o‘lrp'urimi
3137 6015 3280 6084 (υπς’
3321 6015 3492 6065 Morel.
3529 6032 3652 6075 1:90-

2072 6080 2385 6146 τεινομένωνξ
2432 6082 2454 6118 Ιι
2482 6081 2684 6143 Quidum
2727 6082 2755 6135 ἦ
2800 6080 2875 6127 καὶ
2897 6081 3031 6139 ἔτερα
3059 6080 3187 6140 πρὸς.
