4094 6370
386 451 490 509 "3

1446 450 1512 507 IN
1546 450 1855 508 JUANNEM
1892 448 2121 509 HOMIL.
2154 456 2337 518 XVIII.
2366 466 2438 521 al.
2479 466 2637 526 XVII.

383 588 508 626 num
538 572 591 625 in
619 570 769 626 alio?
802 570 848 626 si
878 570 931 625 in
959 568 1060 624 hoc
1079 609 1097 635 ,
1126 582 1246 639 qua:
1273 568 1565 622 necessitas
1608 574 1669 621 ut
1706 565 1968 620 dissolva-

383 664 505 718 tur?
525 664 652 735 quid
677 662 745 719 ad
770 663 885 719 hinc
911 661 1343 734 respondebitis?
1366 661 1495 731 quid
1524 674 1651 715 vero
1675 661 1719 714 si
1751 661 1852 715 hoc
1873 660 1971 714 ob-

3564 486 3668 543 ιιι

2073 576 2251 631 anima
2290 580 2541 650 simplex:
2579 593 2664 650 et,
2708 586 2808 651 Qui
2846 590 3070 646 ambulat
3096 594 3409 664 simpliciter,
3438 601 3663 655 ambulat

2073 669 2383 735 conﬁdenter
2416 671 2613 741 (Prov.
2659 677 2745 733 l0.
2784 678 2877 749 9).
2919 680 3033 737 Hoc
3069 686 3265 756 quippe
3301 700 3381 742 est
3419 690 3665 746 omnium

372 753 526 823 jicizit
555 772 571 808 :
604 755 713 851 cur
741 771 848 810 non
878 755 1137 825 superiori
1178 761 1418 851 tempore
1442 750 1967 851 advenit-Christus?
2070 773 2228 814 causa
2272 763 2563 832 malorum,
2604 768 2748 838 quod
2786 750 3178 841 Seripturarum
3200 750 3531 835 testimoniis
3554 797 3656 851 op-

383 860 448 902 an
476 862 617 901 nunc
643 847 878 903 humano
898 848 1080 919 generi
1111 845 1390 917 providere
1411 846 1585 901 visum
1613 844 1685 899 illi
1712 853 1813 909 est,
1837 854 1891 899 et
1912 846 1964 900 in

382 940 651 1008 prmterito
676 941 819 995 omni
844 951 1083 1011 tempore
1103 940 1155 994 id
1177 938 1446 1009 neglexit?
1471 937 1596 1007 quid
1624 939 1665 993 si
1688 939 1787 993 alia
1810 938 1963 1008 plura

378 1030 687 1086 examinet!
724 1030 904 1101 Neque
931 1031 1072 1086 enim
1100 1030 1316 1100 expedit
1344 1038 1403 1083 ut
1428 1028 1621 1083 multas
1649 1028 1783 1082 alias
1812 1043 1961 1097 qua:-

371 1123 579 1177 stiones
602 1122 943 1192 adjicientes,
979 1123 1296 1177 solutionem
1325 1121 1529 1175 illarum
1563 1130 1859 1187 taceamus,
1891 1136 1961 1178 ne

378 1216 495 1271 haec
520 1216 930 1286 simplicioribus
952 1224 1200 1272 noceant.
1231 1213 1368 1270 Nam
1395 1229 1515 1285 qua:
1543 1213 1803 1280 diximus,
1835 1220 1961 1268 sunt

375 1309 440 1363 ad
470 1309 843 1363 excutiendum
874 1322 1120 1364 somnum
1146 1316 1381 1363 vestrum
1406 1306 1557 1362 satis.
1586 1306 1723 1374 Quid
1752 1321 1881 1377 ergo
1910 1306 1955 1363 si

375 1398 491 1455 hcce
518 1409 916 1469 percontentur,
946 1415 1042 1455 vos
1068 1408 1245 1454 autem
1272 1413 1341 1454 ne
1376 1397 1562 1453 audire
1596 1397 1809 1469 quidem
1840 1397 1955 1455 haec

371 1494 532 1549 verba
561 1494 813 1564 possitis?
839 1509 937 1557 an,
965 1508 1166 1563 quaeso,
1210 1492 1456 1563 exiguum
1494 1506 1593 1547 nos
1619 1501 1799 1547 manet
1824 1509 1953 1563 sup-

372 1584 606 1655 plicium,
635 1585 724 1655 qui
747 1585 1057 1641 sedentibus
1078 1585 1128 1639 in
1154 1583 1389 1641 tenebris
1411 1592 1554 1638 tanta
1572 1584 1771 1640 erroris
1792 1598 1949 1639 causa

370 1677 569 1731 simus?
605 1677 800 1732 Vellem
821 1717 837 1743 ,
877 1677 921 1732 si
961 1692 1057 1746 per
1082 1676 1248 1730 otium
1276 1687 1512 1729 vestrum
1553 1675 1763 1741 liceret,
1796 1690 1950 1731 exse-

366 1767 555 1822 crandi
581 1767 855 1840 cujusdam
885 1767 1056 1825 Graeci
1088 1767 1388 1838 phil080phi
1422 1767 1614 1822 librum
1641 1777 1824 1822 contra
1849 1783 1949 1824 nos

370 1862 624 1931 scriptum
656 1862 759 1916 huc
783 1859 994 1927 afferre,
1024 1875 1231 1916 necnon
1258 1860 1477 1915 alterius
1502 1859 1658 1930 longe
1684 1861 1950 1929 antiquio-

363 1954 475 2019 ris,
512 1964 571 2009 ut
605 1954 683 2009 sic
722 1969 817 2010 vos
844 1953 1163 2020 excitarem,
1196 1960 1251 2007 et
1279 1961 1479 2006 tantam
1506 1960 1738 2006 vestram
1763 1951 1943 2023 segni-

361 2045 489 2098 tiem
514 2053 841 2101 excuterem.
870 2042 999 2099 Nam
1028 2045 1073 2099 si
1101 2044 1175 2099 illi
1193 2087 1208 2111 ,
1239 2053 1299 2099 ut
1327 2058 1423 2099 nos
1450 2045 1841 2114 impugnarent,
1871 2044 1943 2099 ita

360 2138 739 2209 advigilamnt,
765 2154 867 2210 qua
892 2138 1093 2195 erimus
1118 2138 1262 2209 digni
1295 2138 1448 2193 venia
1467 2180 1481 2203 ,
1512 2138 1556 2193 si
1584 2138 1726 2192 illata
1755 2146 1940 2193 contra

357 2247 457 2286 nos
483 2232 587 2288 tela
616 2234 929 2303 propulsare
968 2233 1307 2288 nesciamus?
1348 2232 1463 2301 Qua
1501 2231 1569 2287 de
1606 2246 1766 2286 causa
1811 2246 1938 2300 pro-

354 2323 499 2379 ducti
526 2324 747 2379 sumus?
775 2324 890 2380 Non
917 2325 1067 2380 audis
1095 2323 1395 2395 apostolum
1416 2321 1683 2379 dicentem
1707 2340 1722 2379 :
1755 2321 1939 2377 Parati

350 2427 507 2473 estote
541 2420 609 2472 ad
645 2419 983 2491 defensionem
1012 2419 1147 2473 omni
1191 2417 1326 2473 vobis
1363 2418 1610 2472 rationem
1646 2419 1936 2487 exposcenti

349 2517 461 2583 ejus
488 2528 601 2581 qua
627 2512 679 2567 in
707 2512 843 2566 vobis
870 2522 941 2568 est
965 2514 1072 2584 spei
1097 2513 1186 2580 (1.
1218 2510 1335 2565 Pet.
1365 2512 1420 2567 5.
1448 2511 1566 2583 15).
1595 2511 1789 2566 Paulus
1810 2527 1935 2583 quo-

348 2620 451 2672 que
482 2604 671 2659 eadem
696 2605 861 2659 utitur
885 2602 1499 2659 admonitione:Verbum
1524 2603 1709 2658 Christi
1732 2604 1933 2659 inhabi-

345 2703 412 2747 tet
440 2695 492 2748 in
516 2692 651 2749 vobis
679 2693 994 2748 abundanter
1019 2692 1174 2768 (Col.
1203 2695 1256 2749 5.
1286 2694 1354 2749 16
1371 2694 1412 2764 ).
1442 2694 1547 2749 Sed
1572 2695 1696 2765 quid
1720 2695 1786 2749 ad
1815 2694 1930 2751 lucc

341 2787 525 2843 dicunt
546 2785 791 2845 homines
810 2788 943 2845 fucis
962 2788 1421 2860 insipientiores‘?
1444 2787 1725 2846 Benedicta
1749 2788 1923 2844 omnis

402 2907 422 2937 ³
456 2904 532 2955 Sic
562 2915 733 2953 omnes
764 2913 893 2964 pene
916 2908 1019 2950 Mss.
1054 2899 1193 2950 savil.
1233 2908 1396 2949 autem
1429 2904 1482 2948 et
1510 2897 1698 2961 Muret,
1723 2897 1924 2951 Codices

2071 861 2297 920 portune
2321 856 2397 910 uti
2428 858 2577 912 multi
2609 861 2869 916 nesciant.
2896 862 3078 935 Neque
3103 866 3246 922 enim
3279 867 3367 923 hic
3393 871 3653 943 insipicn-

2069 951 2173 998 tem
2197 945 2459 1018 intelligit,
2490 965 2661 1021 neque
2687 950 2930 1023 ignarum
2954 956 3043 1025 qui
3067 957 3198 1012 nihil
3220 962 3374 1026 sciat,
3403 962 3497 1016 sed
3526 978 3651 1018 eum

2066 1038 2155 1108 qui
2183 1055 2282 1095 nec
2302 1040 2598 1113 improbus,
2620 1060 2720 1100 nec
2738 1056 2984 1103 versutus
3007 1049 3095 1116 sit,
3120 1049 3213 1105 sed
3236 1052 3490 1120 prudens.
3515 1052 3646 1109 Nam

2064 1131 2109 1184 si
2140 1145 2229 1186 res
2255 1131 2324 1186 ita
2353 1135 2566 1203 esset‘,
2606 1134 2800 1192 frustm
2830 1137 3098 1195 diceretur
3125 1157 3142 1195 :
3168 1140 3345 1197 Estote
3378 1146 3649 1213 prudentes

2060 1223 2191 1274 sicut
2216 1234 2497 1293 serpentes,
2535 1236 2584 1283 et
2608 1229 2860 1301 simplices
2884 1232 3014 1287 sicut
3037 1233 3281 1290 columbas
3304 1234 3525 1310 (Matth.
3556 1239 3643 1293 10.

2063 1311 2189 1381 16).
2221 1314 2326 1370 Sed
2356 1316 2482 1386 quid
2512 1319 2626 1375 haec
2651 1320 2788 1375 ultra
2818 1336 3221 1394 persequamur,
3250 1327 3317 1382 ad
3356 1328 3490 1383 nihil
3515 1345 3645 1403 pro-

2057 1403 2272 1460 futura?
2309 1407 2514 1464 Praeter
2551 1425 2614 1467 ea
2652 1412 2794 1467 enim
2833 1429 2953 1484 quae
2992 1415 3101 1484 jam
3136 1416 3278 1474 dicta
3335 1429 3495 1487 sunt,
3539 1421 3641 1476 alia

2057 1512 2265 1569 quoque
2303 1500 2369 1555 ad
2406 1517 2582 1559 mores
2607 1514 2661 1559 et
2691 1506 2812 1561 vita:
2840 1506 3135 1563 institutum
3171 1512 3463 1583 spectantia
3502 1516 3639 1571 male

2052 1602 2309 1658 geruntur
2330 1609 2359 1646 a
2386 1594 2560 1651 nobis.
2589 1594 2785 1653 Verum
2811 1598 3043 1669 undique
3069 1601 3284 1668 miseri,
3310 1604 3543 1676 undique
3566 1607 3644 1660 ri-

2052 1683 2210 1740 diculi
2239 1701 2455 1754 sumus;
2486 1703 2549 1745 ac
2572 1705 2788 1761 semper
2809 1693 2976 1760 parati
2999 1692 3067 1749 ad
3090 1694 3222 1750 alios
3245 1699 3632 1767 coarguendos,

2051 1792 2245 1850 segnes
2271 1796 2455 1837 sumus
2478 1782 2546 1838 ad
2575 1798 2635 1838 ea
2664 1786 2977 1857 corrigenda
3013 1803 3132 1859 quae
3168 1788 3222 1845 in
3260 1790 3412 1846 nobis
3451 1791 3636 1847 redar-

2050 1881 2301 1947 guuntur.
2329 1873 2717 1943 Quamobrem,
2748 1878 2996 1946 obsecro,
3027 1879 3180 1935 nobis
3207 1882 3417 1937 tandem
3453 1891 3630 1938 atten-

2047 1961 2257 2029 dentes,
2285 1979 2354 2021 ne
2380 1966 2432 2020 in
2461 1967 2878 2037 reprehensione
2903 1969 3124 2041 gradum
3152 1973 3421 2028 sistamus.
3446 1974 3631 2046 Neque

2046 2056 2190 2108 enim
2233 2053 2335 2110 hoc
2372 2064 2455 2112 est
2490 2057 2556 2112 ad
2597 2057 2761 2114 Deum
2806 2061 3119 2130 placandum
3150 2063 3314 2131 satis;
3343 2064 3437 2120 sed
3466 2066 3626 2121 etiam

2044 2146 2299 2216 Optimam
2339 2148 2393 2203 in
2431 2150 2679 2207 omnibus
2721 2155 3067 2210 mutationem
3115 2156 3371 2213 exhibere
3414 2158 3631 2214 studea-

2042 2253 2182 2304 mus,
2214 2247 2273 2294 ut
2296 2241 2362 2296 ad
2396 2241 2616 2311 gloriam
2646 2244 2739 2299 Dei
2778 2244 2937 2300 vitam
2964 2256 3214 2318 agentes,
3242 2256 3297 2304 et
3322 2249 3422 2320 ipsi
3450 2248 3625 2305 futura

2039 2330 2207 2400 gloria
2233 2330 2504 2401 fruamur;
2536 2348 2694 2405 quam
2722 2351 2821 2393 nos
2847 2353 3037 2394 omnes
3060 2341 3272 2411 assequi
3314 2341 3587 2413 contingat
3606 2385 3621 2407 .

2037 2422 2206 2491 gratia
2230 2432 2285 2478 et
2307 2423 2630 2495 benignitate
2656 2427 2866 2483 Domini
2893 2432 3061 2487 nostri
3094 2429 3221 2487 Jesu
3258 2431 3495 2498 Christi,
3536 2434 3629 2489 cui-

2035 2513 2203 2585 gloria
2231 2523 2286 2572 et
2314 2516 2593 2588 imperium
2621 2518 2672 2574 in
2703 2521 2899 2577 saecula
2924 2524 3262 2581 sucularum.
3294 2527 3486 2582 Amen.

2034 2757 2128 2832 70S
2155 2766 2212 2832 et
2240 2762 2335 2832 796
2364 2765 2539 2832 secuti,
2563 2764 2739 2832 legunt
2769 2766 3162 2832 segniores,pro,
3187 2768 3551 2832 insipientiores.

2099 2824 2116 2855 ι
2152 2825 2340 2885 ιιοτεῑ..
2365 2824 2533 2885 habet,
2564 2824 2660 2879 nisi
2681 2842 2760 2879 res
2886 2843 2938 2883 se
2969 2824 3183 2882 haberet.
3209 2824 3351 2883 Savll.
3375 2841 3538 2882 autem
3563 2842 3623 2885 et

2031 2893 2135 2936 Mss.
2160 2884 2345 2938 habent
2373 2894 2428 2939 ut
2460 2889 2509 2938 in
2542 2897 2702 2953 textu,
2725 2898 2775 2942 et
2807 2894 2874 2943 ita
2904 2892 3028 2957 legit
3057 2893 3229 2945 Franc.
3254 2893 3502 2946 Aretiuus.

1684 3076 2027 3141 HOMILIA
2071 3083 2304 3149 XVIII.

335 3232 426 3289 55.
465 3232 640 3287 Altera
666 3230 747 3285 die
768 3230 949 3285 iterum
984 3230 1147 3284 stabat
1173 3226 1434 3292 Joannes,
1478 3234 1528 3281 et
1552 3242 1614 3281 ea:
1655 3224 1919 3294 discipulis

406 3328 517 3395 ejus
541 3324 662 3380 duo.
682 3324 774 3379 56.
799 3323 865 3378 Et
885 3322 1156 3392 respiciens
1169 3320 1347 3375 Jesum
1372 3319 1732 3391 ambulantem,
1762 3318 1919 3372 dicit:

406 3421 539 3474 Ecce
559 3436 720 3491 agnus
749 3417 859 3472 Dei.
883 3418 974 3473 57.
1011 3414 1075 3469 Ει
1096 3414 1366 3469 audierunt
1390 3429 1505 3468 eum
1545 3412 1645 3466 duo
1674 3411 1913 3482 discipuli

408 3511 716 3581 loquentem,
740 3518 785 3563 et
811 3507 1004 3577 sequuti
1031 3516 1145 3561 sunt
1169 3503 1207 3559 Ι
1209 3522 1365 3560 esum.

404 3604 457 3657 1.
498 3601 719 3673 Propter
759 3600 1020 3672 segnitiem
1066 3608 1259 3653 natura:
1297 3598 1531 3653 humana:
1554 3597 1727 3651 eadem
1752 3596 1916 3650 moni-

335 3706 385 3749 ta
404 3695 588 3766 sapius
628 3693 900 3765 repetenda
939 3702 1077 3747 sunt.
1118 3690 1219 3746 Cur
1258 3688 1487 3746 Joannes
1528 3689 1684 3762 Bapt.
1736 3690 1912 3744 eadem

331 3789 443 3859 ipsa
482 3786 735 3840 multoties
770 3785 1024 3851 loquatur.
1048 3782 1326 3854 —Segnis
1376 3782 1531 3852 plane
1573 3793 1658 3837 est
1716 3781 1910 3835 buma-

332 3897 398 3935 na
455 3891 660 3946 natura,
712 3888 768 3935 et
815 3878 880 3932 ad
929 3876 1217 3948 perniciem
1276 3891 1438 3946 prona
1469 3916 1484 3941 ,
1537 3890 1643 3931 non
1688 3890 1753 3930 ex
1797 3875 1911 3943 ipsa

331 3982 534 4028 natum
580 3972 920 4035 conditione,
956 3969 1051 4026 sed
1077 3985 1143 4025 ex
1184 3968 1474 4024 voluntatis
1504 3968 1710 4038 ignavia
1739 3984 1753 4021 :
1781 3983 1912 4038 qua-

329 4075 550 4135 propter
586 4064 751 4119 multa
790 4077 925 4134 Opus
972 4060 1136 4118 habet
1172 4061 1489 4117 monitione.
1544 4060 1667 4116 ldeo
1713 4060 1910 4116 Paulus

329 4156 758 4227 Pbilippensibus
804 4153 1043 4210 scribens
1090 4153 1304 4209 dicebat
1348 4170 1363 4208 :
1411 4151 1607 4206 Eadem
1668 4152 1905 4217 scribere,

326 4250 451 4302 mihi
474 4249 675 4316 quidem
694 4264 793 4301 non
819 4262 992 4318 grave,
1022 4246 1157 4301 robis
1175 4257 1342 4302 autem
1367 4256 1526 4301 tutum
1552 4246 1571 4316 (
1596 4243 1827 4315 Philipp.
1851 4245 1905 4300 5.

326 4342 403 4411 1).
441 4340 569 4393 Nam
597 4348 736 4394 terra
777 4339 987 4409 quidem
1013 4339 1175 4394 semel
1203 4347 1450 4408 suscepto
1474 4337 1696 4403 semine,
1728 4336 1906 4392 statim

330 4434 534 4487 fructus
562 4431 762 4501 profert
787 4471 803 4499 ,
830 4446 1005 4500 neque
1032 4431 1195 4485 altera
1218 4439 1339 4500 eget
1366 4430 1574 4484 satione
1607 4446 1621 4484 :
1652 4430 1703 4483 in
1726 4430 1903 4483 anima

323 4536 505 4579 autem
536 4534 716 4580 nostra
748 4538 853 4577 nou
890 4524 959 4577 ita
1000 4538 1087 4578 res
1113 4537 1172 4578 se
1202 4522 1362 4578 habet
1388 4539 1403 4589 ;
1432 4522 1524 4577 sed
1564 4522 1795 4591 optabile
1823 4531 1905 4577 cst

324 4628 383 4671 ut
424 4629 704 4688 pOStquam
751 4615 1058 4685 frequenter
1092 4614 1295 4684 jactum
1342 4623 1425 4669 est
1454 4629 1635 4669 semen
1660 4655 1673 4679 ,
1705 4623 1758 4669 et
1788 4623 1906 4683 post

323 4726 573 4780 maguum
601 4707 894 4765 exhibitam
924 4708 1251 4778 diligentiam
1276 4748 1290 4773 ,
1320 4708 1486 4763 semel
1514 4707 1702 4762 saltem
1735 4708 1905 4776 possit

322 4804 553 4857 fructum
579 4802 844 4870 excipere.
874 4800 1053 4855 Primo
1095 4798 1306 4869 quidem
1334 4815 1457 4869 qute
1502 4799 1751 4853 dicuntur
1796 4815 1900 4854 non

323 4895 477 4951 facile
500 4894 877 4963 imprimuntur
896 4892 947 4945 in
974 4892 1207 4946 animum
1229 4931 1244 4955 ,
1274 4890 1416 4961 quod
1444 4892 1608 4945 multa
1633 4891 1899 4946 substrata

319 4988 389 5042 sit
447 4987 707 5049 durities,
757 4985 1051 5039 innumeris
1100 4982 1269 5052 spinis
1337 4983 1644 5037 obstruatur
1681 4984 1896 5050 anima,

320 5080 626 5149 multosque
655 5076 992 5132 insidiatores
1038 5074 1231 5130 habeat
1254 5074 1342 5144 qui
1388 5089 1568 5129 semen
1611 5075 1897 5145 abripiant.

319 5173 523 5227 Deinde
553 5166 830 5241 pestquam
866 5170 1086 5224 inﬁxum
1117 5183 1302 5224 semen
1342 5168 1547 5223 radices
1571 5169 1775 5238 egerit,
1805 5184 1900 5223 ea-

316 5264 439 5318 dem
470 5273 553 5319 est
589 5278 725 5332 opus
751 5262 1021 5332 diligentia
1051 5301 1068 5326 ,
1110 5268 1169 5315 ut
1209 5260 1273 5315 ad
1305 5259 1536 5330 vigorem
1587 5261 1898 5329 perveniant

317 5356 521 5409 semina
544 5396 559 5418 ,
590 5354 863 5422 illcesaque
890 5362 1176 5417 maneant,
1211 5366 1384 5421 neque
1413 5351 1674 5405 lardanlur
1695 5352 1763 5407 ab
1797 5353 1897 5407 ali-

315 5463 443 5515 quo.
470 5447 524 5500 In
552 5444 850 5499 seminibus
883 5443 1024 5498 enim
1049 5458 1173 5497 eum
1211 5444 1355 5513 spica
1388 5442 1621 5511 perfecta
1647 5444 1895 5499 virtutem

315 5552 464 5591 suam
494 5536 737 5603 accepit,
782 5544 968 5588 aestum
996 5542 1324 5603 exterasque
1351 5545 1529 5603 pestes
1556 5537 1847 5589 contemnit
1876 5552 1889 5588 :

316 5628 369 5681 iu
412 5628 750 5697 dogmatibus
786 5642 913 5680 vero
958 5641 1061 5680 non
1093 5626 1213 5691 sic;
1260 5626 1354 5682 sed
1394 5634 1673 5695 postquam
1722 5636 1891 5683 totum

313 5732 445 5786 Opus
477 5718 779 5786 impensum
804 5723 888 5771 est
909 5755 924 5780 ,
950 5716 1335 5785 superveniens
1365 5716 1535 5771 hiems
1564 5732 1626 5771 ac
1680 5726 1888 5787 tempe-

314 5821 446 5877 stas,
471 5809 791 5866 difﬁcultate
823 5816 1247 5879 praeoccupante,
1268 5817 1322 5865 et
1343 5807 1690 5865 fraudulentis
1724 5810 1893 5865 homi-

2026 3230 2183 3287 nibus
2211 3234 2602 3307 insidiantibus,
2626 3241 2995 3311 ingruentibus
3012 3243 3173 3299 rariis
3200 3246 3607 3315 tentationibus,

2025 3337 2193 3385 totum
2220 3330 2590 3387 labefactatur.
2619 3333 2745 3390 Hzec
2772 3350 2935 3405 porro
2961 3351 3066 3391 non
3106 3336 3223 3393 sine
3246 3351 3406 3393 causa
3443 3353 3471 3392 a
3503 3353 3605 3394 no-

2022 3422 2104 3478 bis
2133 3423 2273 3481 dicta
2304 3434 2472 3492 sunt;
2517 3423 2613 3481 sed
2640 3435 2697 3481 ut
2734 3427 2859 3482 dum
2900 3425 3053 3483 audis
3101 3426 3364 3485 Joannem
3411 3428 3602 3486 eadem

2021 3518 2137 3588 ipsa
2167 3528 2498 3591 repetentem
2519 3561 2533 3584 ,
2568 3536 2635 3576 ne
2662 3522 2812 3592 quasi
2844 3537 3099 3593 nugacem
3131 3522 3355 3579 damnes
3379 3564 3395 3590 ,
3429 3538 3604 3595 neque

2021 3611 2231 3666 inanem
2270 3627 2628 3669 onerosumve
2665 3614 2960 3670 existimes.
2995 3614 3259 3670 Voluisset
3284 3618 3478 3686 quippe
3515 3631 3602 3672 se-
3664 3656 3671 3663 ο

2018 3705 2125 3760 mel
2154 3706 2398 3775 loquutus
2441 3705 2611 3760 audiri
2639 3724 2652 3762 :
2682 3706 2805 3775 quia
2846 3720 2976 3762 vero
3016 3721 3123 3761 non
3150 3707 3301 3762 multi
3333 3716 3484 3763 erant
3506 3708 3597 3777 qui

2017 3796 2175 3852 dictis
2201 3799 2381 3853 statim
2411 3798 2753 3854 attenderem
2785 3798 2855 3853 ob
2884 3797 3302 3854 somnolentiam
3327 3840 3345 3864 ,
3374 3798 3608 3870 repetita

2018 3904 2147 3945 voce
2178 3890 2299 3945 illos
2326 3890 2701 3961 expergefaoit.
2744 3889 2860 3946 Jam
2889 3891 2975 3946 hic
3003 3889 3221 3946 attende
3246 3907 3260 3945 :
3289 3889 3462 3957 dixit,
3497 3889 3599 3958 Qui

2016 3992 2129 4054 post
2154 4000 2232 4038 me
2255 3984 2407 4050 venit,
2439 3992 2557 4038 ante
2581 4000 2660 4037 me
2685 3984 2849 4054 {actus
2876 3994 2949 4039 est
2972 4000 2989 4046 ;
3019 3992 3094 4050 et,
3128 3982 3251 4037 Non
3276 4001 3389 4038 sum
3414 3984 3597 4055 dignus

2014 4076 2204 4130 solvere
2232 4076 2503 4146 corrigiam
2532 4076 2855 4129 calceamenti
2874 4075 2984 4146 ejus
3007 4092 3026 4139 ;
3054 4084 3107 4131 et
3129 4115 3147 4142 ,
3175 4074 3296 4145 Ipse
3321 4090 3409 4130 vos
3434 4077 3597 4146 bapti-

2012 4167 2145 4221 zabit
2172 4168 2225 4221 in
2263 4166 2462 4238 Spiritu
2485 4176 2660 4221 sancto
2684 4176 2731 4221 et
2750 4167 2855 4237 igni
2877 4165 3088 4237 (Matth.
3119 4166 3174 4222 5.
3204 4166 3317 4235 Η),
3351 4166 3607 4236 quodque

2015 4259 2203 4315 viderit
2249 4258 2506 4330 Spiritum
2551 4257 2963 4314 descendentem
3001 4257 3139 4313 sicut
3157 4257 3456 4311 columbam
3486 4299 3500 4320 ,
3537 4267 3593 4313 et

2011 4362 2315 4408 manentem
2343 4366 2505 4421 super
2531 4366 2691 4417 eum;
2727 4360 2782 4406 et
2827 4351 3139 4406 testificatus
3176 4360 3259 4406 est
3295 4350 3434 4420 quod
3475 4350 3593 4415 ipse

2011 4454 2153 4501 esset
2178 4444 2343 4499 Filius
2382 4445 2515 4499 Dei:
2558 4459 2715 4499 nemo
2758 4444 3018 4506 attendit,
3049 4457 3210 4499 nemo
3248 4443 3593 4513 interrogavit

2010 4539 2094 4592 vel
2119 4538 2269 4604 dixit,
2300 4536 2409 4592 Cur
2432 4536 2546 4591 lucc
2574 4536 2828 4608 loqueris,
2854 4551 2958 4606 qua
2982 4534 3050 4591 de
3077 4549 3234 4590 causa
3256 4541 3311 4590 et
3334 4536 3541 4589 ratione
3569 4534 3595 4588 ἲ

2012 4630 2156 4685 Dixit
2194 4644 2442 4697 rursum,
2472 4626 2606 4682 Ecce
2634 4645 2795 4700 agnus
2838 4627 2935 4681 Dei
2964 4669 2979 4689 ,
3026 4627 3111 4697 qui
3155 4626 3286 4681 tollit
3330 4635 3595 4697 peccatum

2009 4722 2204 4776 mundi.
2238 4721 2419 4791 Neque
2461 4720 2538 4776 sic
2575 4719 2785 4775 illorum
2813 4719 3073 4790 ignaviam
3103 4719 3291 4789 tetigit.
3322 4718 3448 4775 Ideo
3493 4735 3588 4774 ea-

2008 4813 2128 4867 dem
2162 4813 2273 4882 ipsa
2317 4820 2557 4881 repetere
2598 4811 2804 4882 cogitur
2830 4851 2845 4877 ,
2891 4824 2956 4869 ac
2991 4810 3035 4865 si
3068 4817 3262 4865 terram
3301 4810 3593 4881 quamdam

2008 4920 2251 4973 asperam
2281 4912 2333 4958 et
2373 4904 2561 4957 duram
2600 4900 2950 4958 renovatione
2977 4900 3243 4957 emolliret
3271 4942 3288 4968 ,
3333 4912 3388 4956 et
3423 4901 3589 4957 verbo

2007 4999 2155 5068 quasi
2183 5005 2362 5051 aratro
2382 4996 2655 5051 subactam
2675 5003 2910 5050 mentem
2945 4993 3224 5061 excitaret,
3246 5002 3305 5048 ut
3324 4991 3587 5063 profunde

2006 5094 2207 5148 semina
2230 5092 2452 5162 jaceret.
2490 5088 2614 5144 ideo
2642 5102 2748 5142 non
2784 5086 2946 5158 longo
2972 5086 3136 5141 utitur
3154 5099 3403 5141 sermone
3421 5125 3439 5150 ,
3460 5084 3595 5154 quia

2007 5202 2172 5241 unum
2199 5193 2401 5237 tantum
2443 5182 2698 5245 curabat,
2734 5189 2791 5235 ut
2830 5180 2948 5235 illos
2967 5196 3089 5234 cum
3112 5179 3327 5234 Christo
3360 5178 3585 5246 conjun-

2004 5288 2169 5349 geret.
2197 5277 2404 5333 Sciebat
2456 5275 2597 5330 enim
2629 5274 2748 5328 illos
2769 5315 2782 5337 ,
2814 5273 2857 5328 si
2885 5272 2989 5328 hoc
3019 5271 3191 5329 semel
3220 5270 3580 5338 suscepissent

2005 5382 2057 5425 et
2085 5370 2560 5438 obtemperassent,
2592 5380 2699 5419 non
2729 5365 2866 5419 ultra
2892 5364 3195 5418 testimonio
3213 5376 3348 5431 opus
3375 5360 3585 5414 habitu.

2004 5479 2092 5516 ros
2118 5479 2131 5513 :
2162 5472 2218 5515 ut
2254 5461 2414 5515 etiam
2445 5458 2641 5513 evenit.
2673 5456 2804 5510 Nam
2834 5457 2877 5511 si
2906 5454 3223 5511 Samaritani
3249 5494 3264 5519 ,
3300 5462 3576 5522 postquam

2005 5556 2152 5609 illum
2197 5552 2518 5617 audierant,
2552 5549 2762 5605 mulieri
2808 5548 3034 5603 dicunt:
3067 5545 3183 5600 Non
3217 5547 3331 5615 jam
3379 5554 3590 5614 propter

2004 5659 2142 5702 tuam
2167 5645 2415 5715 loquelam
2457 5643 2707 5698 credimus
2731 5659 2750 5696 :
2778 5641 2876 5711 ipsi
2917 5640 3047 5694 enim
3080 5638 3326 5701 novimus,
3356 5637 3474 5707 quia
3501 5637 3582 5689 hic

2006 5752 2077 5797 est
2099 5741 2337 5796 Salvator
2360 5737 2535 5791 mundi
2562 5736 2789 5791 Christus
2810 5733 2987 5805 (Jaan.
3017 5734 3067 5787 4.
3098 5730 3212 5800 4‘2);
3236 5731 3405 5785 multo
3420 5729 3579 5784 citius

2005 5832 2250 5905 discipuli
2290 5830 2431 5902 capti
2476 5828 2698 5886 fuissent
2733 5869 2748 5896 ,
2781 5836 2841 5883 ut
2875 5841 3060 5883 revera
3094 5826 3232 5897 capti
3276 5833 3419 5881 sunt.
3449 5825 3581 5881 Cum
