4094 6370
441 429 543 496 H5

439 546 579 599 enim
610 542 999 609 accessissent,
1039 548 1093 596 et
1115 556 1217 595 una
1275 547 1478 594 tantum
1518 552 1741 606 vespera
1781 532 2010 588 audivis-

443 642 580 697 sent,
604 648 708 686 non
737 631 967 694 ultra,ad
1006 629 1262 685 Joannem
1292 627 1493 684 reversi
1521 636 1683 691 sunt,
1713 625 1805 681 sed
1838 627 1907 678 ita
1934 624 2010 678 illi

446 721 734 788 haeserunt,
764 732 820 777 ut
847 722 1066 777 Joannis
1097 721 1255 776 etiam
1293 718 1645 774 ministerium
1671 716 2009 785 acciperent,

447 814 723 890 ipsumque
763 812 1126 881 pra‘dicarent.
1168 810 1363 865 invenit
1389 852 1405 877 ,
1454 810 1659 877 inquit,
1686 809 1767 862 hic
1806 809 2012 876 fratrem

447 920 597 968 suum
611 903 886 971 Simonem,
904 913 950 958 et
969 903 1088 957 dicit
1107 904 1151 957 ei
1158 902 1254 975 :(a)
1278 901 1327 976 [1
1333 903 1588 957 noenimus
1605 900 1860 965 Messium,
1880 900 2013 969 quod

448 1004 520 1057 est
540 996 910 1065 interpretatum
930 992 1155 1049 Christus
1180 993 1357 1064 (Joan.
1376 995 1430 1050 1.
1448 990 1586 1064 ﬂ).]
1612 992 1722 1048 Hoc
1745 1007 1870 1047 vero
1882 990 2012 1046 mihi

452 1085 755 1148 consideres
772 1084 950 1151 velim,
972 1083 1258 1154 quomodo,
1284 1097 1403 1139 cum
1430 1082 1651 1148 diceret,
1673 1081 1769 1148 Qui
1798 1092 1909 1152 post
1937 1098 2015 1136 me

455 1177 606 1240 venit,
633 1185 747 1228 ante
793 1190 869 1227 me
904 1177 1065 1246 factus
1093 1183 1204 1239 est;
1231 1182 1306 1239 et,
1335 1170 1456 1227 Non
1483 1190 1595 1227 sum
1627 1173 1808 1244 dignus
1825 1175 2016 1227 solvere

455 1265 720 1335 corrigiam
755 1264 1079 1318 catceamenti
1121 1265 1230 1336 ejus
1252 1303 1267 1329 ,
1316 1262 1583 1319 neminem
1629 1263 1865 1333 ceperit;
1894 1278 2016 1318 cum

453 1365 629 1411 autem
661 1355 727 1410 de
766 1355 1060 1417 oeconomia
1104 1354 1352 1434 loquutus
1374 1362 1456 1409 est
1478 1393 1494 1419 ,
1522 1362 1581 1409 et
1602 1353 1655 1408 in
1682 1353 2017 1409 humiliorem

453 1464 753 1513 sermonem
801 1447 1112 1514 descendit,
1153 1455 1280 1503 tunc
1304 1447 1513 1519 sequuti
1542 1455 1664 1503 sunt
1702 1447 1945 1517 discipuli
1974 1447 2017 1503 ³.

454 1541 634 1611 Neque
684 1540 811 1608 illud
864 1549 1065 1596 tantum
1092 1539 1533 1596 considerandum
1560 1550 1643 1595 est
1660 1528 1683 1605 ';
1722 1540 1816 1595 sed
1859 1541 2018 1596 etiam

456 1632 595 1717 quod
627 1648 729 1687 non
751 1642 855 1693 tam
882 1632 1032 1693 multi
1063 1631 1379 1699 alliciantur,
1399 1632 1611 1702 quando
1629 1632 1753 1704 quid
1773 1648 2020 1702 magnum

456 1734 509 1777 et
538 1723 762 1790 sublime
788 1724 855 1778 de
894 1723 1003 1778 Deo
1047 1722 1240 1778 dicitur
1268 1763 1284 1790 ,
1328 1738 1487 1792 quam
1530 1722 1619 1779 ubi
1647 1724 1943 1779 clementia:
1967 1732 2022 1780 et

459 1816 798 1884 benignitatis
838 1814 999 1875 verba
1023 1854 1039 1881 ,
1068 1829 1187 1884 qua:
1220 1813 1287 1869 ad
1327 1814 1625 1870 auditorum
1652 1817 1874 1871 salutem
1902 1831 2026 1887 spe-

460 1914 624 1974 ctent,
652 1905 1003 1976 proferuntur.
1022 1905 1311 1961 Audierunt
1342 1907 1481 1962 enim
1501 1907 1640 1977 quod
1664 1908 1875 1964 tolleret
1901 1924 2023 1979 pec-

459 2005 634 2055 Catum
678 1996 879 2064 mundi,
918 2006 970 2051 et
992 1996 1167 2052 statim
1199 2005 1556 2053 accurrerunt.
1584 1998 1715 2053 Nam
1751 1999 1797 2054 si
1825 2000 2026 2058 scelera

461 2088 718 2143 abluenda
731 2096 871 2153 sunt,
892 2086 1149 2157 inquiunt,
1168 2089 1273 2145 Cur
1285 2090 1629 2144 cunctamur?
1648 2089 1796 2146 adest
1807 2091 1895 2159 qui
1911 2092 2028 2147 sine

463 2180 642 2235 labore
669 2195 764 2243 nos
793 2181 1016 2247 liberet;
1044 2182 1308 2253 quoinodo
1334 2197 1439 2237 non
1464 2190 1718 2237 extremae
1745 2182 2027 2238 dementia:

467 2272 642 2324 fuerit.
668 2271 861 2325 donum
885 2273 936 2327 in
958 2273 1097 2328 aliud
1128 2283 1332 2344 tempus
1353 2274 1610 2344 rejicere?
1638 2274 2028 2332 Audiantcate-

465 2360 747 2427 chumeni,
775 2362 863 2432 qui
889 2379 1054 2432 usque
1098 2364 1163 2418 ad
1206 2359 1513 2420 extremum
1546 2364 1766 2421 halitum
1805 2369 2029 2423 salutem

469 2467 617 2505 suam
645 2452 916 2506 retnittunt
938 2439 1034 2526 (b).
1066 2453 1293 2510 Rursum
1319 2455 1732 2525 stetitJoannes,
1760 2458 1947 2529 inquit,
1977 2469 2033 2516 ct

467 2540 638 2595 dixit:
671 2540 798 2595 Ecce
834 2556 996 2612 agnus
1018 2541 1134 2598 Dei.
1158 2542 1300 2598 Nihil
1341 2544 1583 2600 Christus
1618 2546 1847 2617 loquitur
1875 2566 1891 2614 ;
1934 2549 2031 2605 sed

468 2632 643 2686 ontnia
660 2632 768 2687 ille.
787 2632 877 2689 Sic
898 2647 1123 2702 sponsus
1142 2634 1278 2690 solet
1301 2653 1317 2701 ;
1352 2637 1481 2692 nihil
1504 2638 1618 2709 ipse
1645 2652 1856 2709 sponsa:
1881 2639 2031 2706 dicit,

470 2723 561 2776 sed
591 2723 740 2779 adest
764 2723 929 2780 silens
950 2740 966 2779 :
987 2724 1079 2779 alii
1107 2724 1254 2789 illum
1277 2727 1529 2794 indicant,
1553 2743 1909 2801 sponsamque
1932 2732 2033 2802 ipsi

472 2817 684 2871 tradunt
714 2833 728 2870 :
769 2818 854 2871 illa
896 2828 1202 2887 comparet,
1232 2834 1403 2888 neque
1422 2833 1650 2889 sponsus
1675 2821 1817 2875 illam
1843 2836 1938 2891 per
1975 2837 2036 2879 se

473 2909 682 2978 accipit,
714 2909 807 2963 sed
850 2909 954 2964 alio
997 2909 1255 2966 tradente.
1286 2911 1569 2982 Postquam
1606 2927 1734 2967 vero
1767 2912 1907 2968 illam
1930 2922 2035 2968 trav

471 2999 634 3052 ditam
666 3000 948 3068 acceperit,
972 3000 1041 3053 ita
1067 3013 1191 3070 erga
1224 3001 1365 3054 illam
1387 3001 1617 3056 afﬁcitur
1638 3044 1653 3069 ,
1684 3010 1741 3057 ut
1770 3017 1875 3058 non
1899 3004 2034 3058 ultra

475 3089 832 3155 pronuborum
872 3089 1198 3147 recordetur.
1242 3090 1298 3145 ld
1344 3092 1484 3147 circa
1524 3091 1791 3149 Christum
1838 3095 2033 3149 evenit.

478 3179 636 3245 Venit
680 3180 732 3233 in
787 3195 1035 3249 sponsam
1081 3183 1336 3238 ducturus
1379 3184 1671 3241 Ecelesiam
1699 3201 1714 3252 ;
1742 3185 1874 3255 nihil
1923 3186 2037 3257 ipse

476 3272 627 3333 dixit,
658 3271 749 3326 sed
780 3271 947 3327 adfuit
968 3283 1167 3329 tantum
1192 3292 1206 3328 :
1238 3274 1471 3333 Joannes
1495 3286 1674 3338 autem
1701 3280 1901 3335 amicus
1925 3282 2040 3349 ejus

477 3378 687 3433 sponsa:
727 3364 999 3420 dexteram
1044 3366 1144 3439 ipsi
1188 3368 1440 3437 tradidit,
1468 3369 1643 3425 verbis
1673 3370 1749 3439 illi
1769 3371 2043 3427 hominum

480 3455 685 3517 animas
710 3457 1034 3521 concilians:
1066 3473 1201 3527 quos
1234 3468 1481 3537 acceptos
1511 3461 1599 3516 ille
1630 3462 1699 3516 ita
1729 3461 1939 3531 affecit,
1986 3472 2045 3531 ut

484 3560 589 3616 non
613 3546 745 3617 ultra
776 3547 841 3601 ad
864 3563 985 3602 eum
1012 3550 1100 3620 qui
1130 3549 1415 3610 tradiderat
1438 3563 1850 3609 reverterentur.

551 3636 607 3692 2.
665 3636 878 3692 Verbum
922 3655 1042 3710 erga
1084 3639 1355 3713 humanam
1398 3652 1631 3697 naturam
1666 3646 1795 3699 sicut
1834 3663 2048 3717 sponsus

483 3745 603 3799 erga
657 3745 895 3799 sponsam
949 3746 1004 3785 se
1062 3732 1230 3802 gessit.
1278 3732 1503 3788 Joannes
1558 3734 1695 3789 solus
1756 3748 2050 3809 praesentem

484 3812 738 3886 Christum
767 3820 1074 3893 praedicavit.
1129 3819 1299 3878 Virtus
1343 3824 1579 3893 sacriﬁcii
1625 3825 1813 3882 Christi
1856 3835 2051 3899 semper

482 3920 739 3979 operatur.
791 3912 1003 3981 Joannis
1038 3912 1104 3968 Β.
1145 3915 1404 3982 sobrietas.
1461 3918 1742 3974 Maximum
1791 3921 1854 3976 de
1899 3920 2052 3991 Chri-

490 4013 563 4065 sto
586 4003 918 4057 testimonium
944 4020 1097 4083 opera
1119 4007 1247 4075 ejus.
1270 4035 1341 4046 —
1360 4006 1540 4097 Neque
1567 4010 1667 4064 hoc
1693 4019 1892 4082 tantum
1911 4052 1927 4089 ε
1958 4011 2054 4083 sed

491 4094 647 4147 etiam
685 4092 825 4163 aliud
862 4092 949 4163 hic
970 4103 1051 4149 est
1075 4092 1483 4167 observandum.
1509 4098 1964 4165 Quemadmodum
2002 4104 2055 4174 in

491 4183 693 4255 nuptiis
732 4198 837 4239 non
881 4198 1134 4269 sponsum
1175 4184 1287 4240 adit
1326 4189 1532 4271 puella,
1560 4189 1654 4258 sed
1681 4190 1770 4258 ille
1794 4190 1860 4245 ad
1886 4191 2055 4261 ipsam

493 4277 726 4349 festinat,
756 4274 963 4331 etiamsi
1016 4276 1155 4332 filius
1182 4278 1321 4348 regis
1349 4279 1440 4345 sit,
1467 4279 1675 4336 etiamsi
1701 4281 1787 4339 illa
1815 4282 1885 4338 sit
1908 4282 2058 4343 vilia-.-

493 4368 567 4420 ris
596 4367 912 4433 conditionis
931 4409 946 4431 ,
977 4367 1085 4421 imo
1113 4368 1158 4422 si
1183 4354 1431 4424 ancillam
1460 4369 1713 4440 ducturus
1738 4372 1807 4427 sit
1847 4389 1860 4427 :
1903 4374 1972 4428 ita
2004 4382 2060 4429 et

496 4456 581 4529 hic
607 4458 845 4528 contigit.
870 4458 1151 4525 llominum
1176 4468 1360 4515 natura
1385 4475 1489 4515 non
1513 4462 1753 4517 ascendit
1770 4462 1824 4535 in
1845 4465 2055 4535 caelum,

495 4550 586 4603 scd
617 4551 726 4618 ipse
755 4551 820 4604 ad
844 4551 1000 4606 vilem
1024 4552 1162 4606 illam
1191 4560 1244 4607 et
1264 4562 1572 4624 contemptu
1596 4553 1805 4624 dignam
1833 4542 2060 4612 descean

495 4640 574 4693 dit
606 4658 618 4693 :
652 4651 877 4711 postque
903 4641 1198 4696 celebratas
1222 4642 1462 4711 nuptias,
1515 4658 1626 4698 non
1652 4645 1776 4700 sivit
1801 4645 1947 4701 illam
1975 4646 2063 4702 hic

498 4733 630 4785 ultra
671 4747 976 4796 remanere,
1010 4732 1102 4791 scd
1141 4733 1422 4788 abductam
1447 4736 1501 4789 in
1531 4743 1803 4804 paternam
1843 4740 2060 4810 domum

497 4820 667 4874 duxit.
714 4821 820 4876 Cur
853 4822 1083 4878 Joannes
1108 4838 1213 4878 non
1241 4825 1463 4880 seorsim
1503 4826 1789 4895 discipulos
1833 4832 2059 4899 accipit,

499 4920 558 4964 ut
581 4910 646 4964 de
670 4909 814 4965 hisee
838 4912 994 4966 rebus
1019 4914 1165 4981 ipsos
1193 4914 1509 4983 alloquetur,
1533 4925 1588 4971 et
1608 4918 1685 4971 sic
1708 4918 1826 4973 illos
1850 4918 2063 4975 Christo

501 5001 707 5064 tradat,
752 5016 935 5057 verum
989 5006 1161 5072 palam
1210 5007 1560 5075 prtesentibus
1614 5010 1860 5064 omnibus
1912 5011 2059 5082 dicit,

505 5092 631 5146 Ecce
681 5110 841 5163 agnus
893 5094 1025 5149 Dei?
1077 5096 1155 5151 Ne
1201 5099 1470 5154 videretur
1520 5100 1646 5154 illud
1696 5100 1764 5155 de
1807 5101 2063 5158 industria

500 5186 858 5239 factumesse.
910 5186 1039 5240 Nam
1067 5189 1111 5243 si
1140 5189 1230 5261 illo
1255 5192 1479 5246 seorsim
1520 5192 1765 5248 hortante
1803 5195 1866 5249 ad
1904 5196 2061 5250 Chri-

500 5285 637 5329 stum
691 5276 976 5341 abiissent,
1018 5286 1076 5332 ut
1120 5281 1344 5347 gratiam
1394 5281 1583 5337 Joanni
1636 5283 1926 5351 habentes,
1956 5288 2064 5340 cito

501 5366 725 5421 fortasse
781 5368 1093 5423 resiliissent
1121 5386 1133 5421 :
1167 5385 1309 5426 nunc
1358 5382 1535 5429 autem
1562 5388 1627 5429 ex
1657 5377 1925 5430 communi
1963 5376 2063 5433 do-

566 5515 686 5587 "Sic
713 5512 865 5587 savii.
892 5520 945 5562 et
968 5513 1082 5587 Mss:
1121 5515 1177 5562 In
1209 5515 1581 5587 lliore_l.__autem
1622 5516 1828 5584 legitur,
1852 5519 2086 5587 discipuli

494 5575 619 5635 rupti
644 5581 748 5638 sttit!
773 5580 818 5622 et
844 5575 1147 5623 sermonibus
1173 5576 1277 5638 ejus
1300 5575 1431 5626 victi.
1675 5575 1704 5584 "
1816 5575 1825 5580 ’
1980 5575 1991 5587 ’
2067 5578 2077 5611 -'

559 5642 628 5701 in)
661 5637 860 5701 ljtwinis
890 5642 1052 5701 clausa
1079 5637 1261 5686 desunt
1297 5641 1342 5687 in
1371 5640 1545 5701 Morel.

560 5695 626 5771 {to}
656 5696 806 5771 Erant
824 5698 1022 5771 quidam
1032 5699 1401 5771 .catccltumeni,
1427 5700 1514 5765 qui
1538 5718 1694 5771 usque
1717 5706 1776 5757 ad
1796 5715 2084 5767 extremum

498 5756 702 5819 inritum
730 5757 969 5818 bapttsttta
994 5760 1272 5811 dill'crrettt.

1125 425 1184 482 Β.
1222 421 1497 480 JOANNIS
1532 412 1999 475 ClillYSOS’l‘OMI
2040 409 2356 467 AliClllEP.
2387 412 2915 475 CONSTANTINUP.

3581 425 3681 482 HO

2119 529 2286 583 ctrina
2316 530 2383 585 ad
2411 529 2678 587 Christum
2708 536 3037 606 sequendum
3082 535 3300 599 inducti,
3329 537 3463 592 firmi
3493 540 3684 607 persti-

2119 627 2297 675 terunt
2338 621 2616 692 discipuli,
2644 635 2826 695 utpote
2851 628 2939 693 qui
2968 642 3074 681 non
3102 628 3152 681 in
3180 628 3402 696 gratiam
3451 632 3693 698 magistri

2115 713 2323 780 sequuti
2345 724 2544 779 essent,
2569 716 2662 769 sed
2690 718 2915 785 promite
2937 719 3179 772 utilitatis
3203 734 3382 772 causa.
3406 720 3697 790 Propheta:

2118 800 2300 870 utique
2324 811 2379 856 et
2403 805 2631 873 apostoli
2683 822 2871 862 omnes
2922 808 3196 864 absentem
3243 810 3388 865 illum
3430 812 3693 880 prmdica-

2118 901 2272 958 runt;
2295 893 2369 948 illi
2392 905 2517 950 ante
2540 894 2846 964 adventum,
2871 897 2920 952 lti
2953 910 3069 968 post
3092 902 3507 970 assumptionem
3533 902 3677 971 ejus:

2119 980 2207 1035 hic
2247 997 2373 1036 vero
2415 984 2560 1039 solus
2596 996 2910 1054 praesentem
2958 989 3250 1059 priedicat;
3283 991 3507 1062 ideoque
3542 993 3686 1048 illum

2118 1071 2346 1126 amicum
2393 1076 2575 1143 Sponsi
2596 1075 2760 1142 dicit,
2788 1078 2910 1146 quia
2954 1081 3155 1149 nuptiis
3201 1082 3315 1149 ipse
3340 1084 3485 1138 solus
3504 1084 3687 1142 adfuit.

2120 1162 2329 1217 Etenim
2368 1164 2478 1233 ipse
2506 1166 2683 1221 omnia
2730 1167 2852 1224 fecit
2878 1179 2931 1226 et
2961 1170 3183 1240 perfecit
3214 1188 3227 1224 :
3258 1172 3369 1240 ipse
3392 1173 3469 1228 rei
3496 1174 3686 1242 princi-

2121 1256 2264 1324 pium
2305 1255 2471 1312 dedit.
2525 1256 2591 1310 Et
2614 1260 2884 1328 respiciens
2926 1261 3104 1316 Jesum
3147 1263 3483 1318 ambulantem
3527 1264 3687 1330 dixit,

2119 1343 2254 1402 Ecce
2283 1364 2441 1418 agnus
2470 1348 2599 1413 Dei;
2628 1351 2914 1407 ostendens
2941 1367 3001 1409 se
3027 1369 3131 1409 non
3160 1368 3289 1409 voce
3318 1363 3520 1410 tantum
3542 1397 3558 1422 ,
3585 1356 3681 1411 sed

2120 1447 2177 1492 et
2198 1438 2364 1493 oculis
2392 1440 2681 1495 testificari.
2731 1442 3016 1498 Mirabatur
3041 1443 3237 1514 quippe
3265 1444 3534 1500 Christum
3560 1461 3688 1515 gau-

2121 1528 2257 1585 dens
2283 1538 2337 1584 et
2359 1531 2656 1587 exsultans.
2709 1532 2890 1603 Neque
2916 1534 3098 1590 statim
3126 1535 3373 1590 hortatur
3390 1575 3407 1603 ,
3435 1536 3527 1590 sed
3554 1537 3690 1590 inte-

2124 1619 2225 1674 rim
2267 1632 2579 1690 praesentem
2614 1622 2838 1678 miratur
2880 1630 3080 1679 tantum
3123 1634 3179 1680 et
3220 1625 3692 1695 obstupescit;do-

2124 1725 2357 1782 numque
2406 1715 2547 1783 quod
2597 1714 2819 1771 allatum
2869 1725 3090 1771 venerat
3142 1719 3406 1783 ostendit,
3458 1720 3692 1789 itemque

2126 1804 2451 1873 purgationis
2480 1804 2717 1860 modum.
2741 1813 2923 1875 Agnus
2950 1808 3145 1878 quippe
3174 1808 3290 1863 haec
3327 1809 3485 1863 ambo
3518 1809 3695 1865 decla-

2127 1901 2226 1946 rat.
2248 1893 2430 1963 Neque
2450 1895 2601 1961 dixit,
2624 1894 2723 1963 Qui
2742 1896 3048 1953 sublaturus
3078 1909 3180 1964 est,
3214 1898 3314 1963 vel,
3340 1898 3440 1966 Qui
3463 1898 3691 1965 suswlit,

2128 1984 2221 2040 sed
2243 2025 2257 2049 ,
2293 1984 2392 2052 Qui
2427 1986 2557 2041 tollit
2606 1998 2808 2057 peccata
2843 1990 3050 2055 mundi;
3077 2000 3255 2060 utpote
3291 1992 3379 2062 qui
3409 1992 3459 2047 id
3486 2007 3697 2062 semper

2131 2073 2306 2130 iaciat.
2336 2076 2517 2146 Neque
2541 2078 2682 2133 enim
2712 2089 2836 2135 tunc
2880 2080 3052 2135 solum
3096 2081 3310 2137 sustulit
3346 2097 3465 2137 cum
3512 2097 3697 2152 passus

2131 2175 2232 2233 est,
2265 2167 2357 2221 sed
2388 2183 2455 2222 ex
2496 2168 2588 2223 illo
2615 2169 2682 2225 ad
2723 2170 2829 2227 hoc
2868 2186 3035 2242 usque
3064 2182 3271 2243 tempus
3300 2173 3432 2228 tollit
3461 2182 3695 2243 peccata,

2133 2272 2237 2311 non
2267 2272 2478 2328 semper
2510 2260 2794 2317 crucifixus
2820 2262 3023 2334 (unum
3051 2264 3192 2320 enim
3220 2279 3317 2335 pro
3344 2265 3572 2335 peccatis
3600 2265 3696 2319 ob-

2134 2349 2252 2404 tulit
2302 2351 2699 2424 sacrificium),
2729 2354 2823 2410 sed
2871 2370 3086 2426 semper
3134 2356 3237 2412 hoc
3282 2372 3391 2413 uno
3438 2356 3699 2413 sacrificio

2132 2439 2392 2509 purificat.
2416 2441 2865 2509 Quemadmodum
2892 2446 3049 2516 igitur
3072 2445 3304 2502 Verbum
3331 2448 3696 2504 excellentiam

2134 2531 2402 2597 ostendit,
2431 2541 2485 2587 et
2511 2533 2676 2589 Filius
2704 2537 3059 2606 pranIantiam
3095 2553 3196 2608 qua
3232 2538 3351 2593 aliis
3388 2539 3694 2594 antecellit:

2136 2624 2216 2679 sic
2241 2640 2429 2695 agnus,
2455 2636 2508 2681 et
2532 2626 2774 2683 Christus
2792 2670 2807 2695 ,
2835 2641 2889 2685 et
2922 2629 3200 2700 propheta,
3227 2631 3315 2687 lux
3338 2647 3459 2687 vera
3481 2673 3497 2698 ,
3525 2642 3704 2702 pastor

2135 2714 2306 2770 bonus
2326 2758 2341 2782 ,
2370 2726 2424 2771 et
2452 2734 2800 2789 quaecumque
2836 2722 2903 2776 de
2948 2722 3038 2777 illo
3081 2722 3326 2778 dicuntur
3352 2738 3471 2779 cum
3497 2725 3703 2780 articuli

2136 2808 2523 2876 additamento,
2553 2813 2771 2867 multam
2813 2829 2922 2885 pra:
2964 2828 3023 2870 se
3066 2813 3243 2870 ferunt
3288 2815 3701 2871 distinctionem.

2137 2899 2268 2954 Nam
2293 2902 2444 2956 multi
2469 2912 2621 2958 erant
2643 2904 2784 2973 agni,
2814 2904 3104 2975 prophetae,
3136 2905 3343 2973 christi,
3374 2907 3499 2973 ﬁlii;
3527 2907 3619 2965 sed
3640 2908 3709 2963 ab

2139 2990 2242 3045 illis
2263 2992 2509 3048 omnibus
2534 2993 2691 3064 longe
2714 2994 2876 3050 distat
2899 2996 3032 3066 ipse.
3055 2994 3237 3066 Neque
3257 2996 3481 3052 articulo
3506 3007 3706 3054 tantum

2140 3079 2191 3133 id
2220 3082 2566 3148 confirmavit,
2589 3083 2683 3139 sed
2706 3085 2863 3140 etiam
2887 3086 3243 3141 additamento
3267 3086 3549 3157 Unigeniti.
3572 3088 3709 3145 Nihil

2146 3172 2289 3233 etiim
2318 3173 2419 3243 ipsi
2465 3189 2749 3233 commune
2785 3191 2904 3231 cum
2948 3187 3191 3234 creatura
3231 3189 3332 3235 est.
3380 3179 3526 3247 Quod
3554 3180 3599 3239 si
3626 3184 3711 3239 cui

2143 3272 2291 3329 extra
2324 3273 2530 3334 tempus
2578 3265 2775 3320 dictum
2823 3267 3082 3334 videatur,
3129 3268 3256 3323 hora
3287 3262 3707 3339 nempe'decinta

2145 3351 2302 3423 (nam
2332 3352 2434 3409 hoc
2463 3365 2701 3424 tempore
2720 3397 2736 3421 ,
2761 3355 2905 3410 Hora
2927 3367 3031 3411 erat
3060 3360 3202 3427 quasi
3229 3359 3421 3413 decima
3444 3401 3458 3424 ,
3483 3361 3711 3430 inquit),

2148 3443 2232 3498 hic
2269 3453 2417 3499 certe
2457 3445 2586 3499 mihi
2627 3445 2782 3516 longe
2825 3447 3074 3503 aberrare
3118 3448 3349 3504 videtur.
3398 3450 3528 3505 Nam
3573 3450 3712 3519 apud

2146 3535 2340 3597 multos
2369 3535 2581 3604 quidem
2609 3550 2794 3592 eorum
2824 3538 2912 3607 qui
2938 3539 3085 3593 carni
3110 3540 3388 3606 serviunt,
3422 3551 3542 3610 post
3568 3558 3715 3596 sum-

2150 3635 2295 3695 ptum
2327 3627 2601 3696 prandium
2628 3641 2735 3683 non
2762 3628 2968 3684 videtur
2985 3639 3337 3700 opportunum
3362 3646 3483 3688 esse
3511 3643 3717 3704 tempus

2151 3715 2217 3770 ad
2260 3732 2346 3773 res
2389 3718 2555 3774 serias
2609 3718 2951 3787 tractandas,
2980 3719 3125 3790 quod
3167 3721 3406 3777 ciborum
3449 3722 3589 3778 mole
3623 3738 3718 3779 cor

2152 3809 2407 3879 obruatur
2439 3829 2453 3866 :
2486 3812 2574 3865 ubi
2615 3821 2792 3867 autem
2820 3813 2902 3867 vir
2928 3820 3043 3867 erat
3069 3812 3158 3883 qui
3197 3828 3267 3869 ne
3308 3814 3572 3869 communi
3598 3815 3719 3885 qui-

2154 3900 2273 3956 dem
2295 3901 2412 3957 cibo
2440 3911 2678 3958 uteretur
2699 3944 2715 3970 ,
2745 3904 2938 3973 quique
2962 3903 3123 3959 etiam
3170 3919 3394 3975 vespere
3420 3903 3489 3958 ita
3514 3905 3722 3961 sobrius

2155 4000 2209 4046 et
2234 3991 2365 4055 levis
2388 4001 2523 4056 erat,
2547 4002 2606 4047 ut
2630 4008 2727 4047 nos
2747 4008 2930 4061 sumus
2953 3994 3223 4049 matutinis
3249 3994 3416 4061 horis,
3440 3996 3548 4051 imo
3569 3996 3724 4066 longe

2157 4083 2323 4152 magis
2349 4081 2520 4155 (apud
2544 4097 2643 4143 nos
2671 4086 2810 4139 enim
2860 4099 3000 4153 saepe
3035 4085 3324 4155 vespertini
3352 4085 3455 4141 cibi
3482 4086 3723 4156 reliquias

2158 4172 2213 4243 in
2243 4172 2471 4241 imagine
2514 4184 2825 4241 versantur;
2878 4175 2967 4231 ille
3014 4190 3139 4230 vero
3164 4176 3306 4231 nulla
3338 4191 3398 4232 re
3423 4175 3724 4246 huiusmodi

2159 4264 2452 4334 naviculam
2501 4266 2835 4335 gravabat):
2862 4266 2984 4335 jure
3025 4267 3236 4336 veSperi
3278 4266 3347 4322 de
3384 4267 3543 4323 rebus
3580 4266 3726 4325 hisce

2160 4351 2488 4423 quuebatur.
2514 4354 2597 4410 Ad
2622 4355 2734 4410 hate
2764 4370 2889 4411 vero
2918 4357 2968 4409 in
2994 4355 3205 4411 deserto
3234 4355 3389 4411 sedes
3418 4356 3648 4412 habebat
3670 4366 3727 4413 et

2161 4459 2326 4514 prOpe
2352 4445 2668 4512 Jordanem,
2715 4462 2822 4517 quo
2865 4460 3052 4502 omnes
3102 4461 3223 4501 cum
3263 4456 3490 4502 tremore
3538 4462 3729 4519 magno

2161 4534 2229 4601 ad
2256 4536 2573 4604 baptismum
2625 4536 3015 4605 properabant,
3047 4552 3232 4607 parum
3278 4537 3553 4594 siccularia
3603 4547 3728 4594 tunc

2163 4635 2444 4681 curantes:
2472 4626 2895 4696 quandoquidem
2935 4640 3058 4681 eum
3095 4626 3307 4682 Christo
3350 4643 3448 4698 per
3494 4627 3728 4684 triduum

2159 4713 2330 4784 jejuni
2359 4702 2780 4783 perseverarunt.
2819 4717 2930 4771 Hoc
2967 4717 3108 4771 enim
3131 4718 3388 4788 prmconis
3411 4720 3645 4781 strenui,
3677 4727 3731 4773 et

2164 4794 2390 4862 accurati
2413 4808 2658 4877 agricolae
2685 4822 2819 4877 opus
2846 4816 2943 4874 est,
2967 4824 3071 4863 non
3099 4819 3223 4864 ante
3251 4809 3544 4875 discedere,
3572 4825 3731 4880 quam

2163 4898 2341 4953 videat
2377 4900 2591 4953 insitum
2632 4900 2852 4954 verbum
2900 4900 3107 4955 radices
3152 4916 3365 4969 ponere.
3409 4899 3516 4956 Cur
3553 4912 3731 4956 autem

2166 5002 2271 5043 non
2302 4997 2465 5043 totam
2506 4992 2804 5059 peragravit
2830 4990 3095 5055 Judmam,
3119 5000 3179 5044 ut
3209 4991 3356 5044 illum
3389 4990 3730 5060 praedicaret,

2166 5079 2259 5133 sed
2286 5094 2440 5133 secus
2465 5079 2658 5134 flumen
2677 5081 2841 5147 stetit,
2868 5091 3181 5150 exspectans
3203 5097 3345 5145 eum,
3374 5092 3429 5135 ut
3449 5081 3734 5137 advenien-

2166 5181 2272 5231 tem
2299 5172 2647 5226 ostenderet?
2690 5173 2821 5239 Quia
2866 5172 2991 5226 illud
3020 5188 3113 5240 per
3139 5188 3298 5241 opera
3327 5173 3439 5227 fieri
3478 5173 3686 5228 volebat
3715 5194 3732 5231 :

2168 5263 2221 5317 id
2250 5278 2379 5317 vero
2407 5264 2618 5317 interim
2646 5264 2895 5330 curabat,
2924 5272 2981 5317 ut
3007 5264 3156 5317 illum
3189 5274 3369 5317 notum
3402 5262 3639 5329 faceret,
3670 5280 3734 5320 ac

2168 5354 2480 5421 quibusdam
2530 5354 2811 5417 suaderet,
2841 5364 2898 5408 ut
2945 5364 3195 5408 aeternam
3248 5356 3406 5408 vitam
3459 5356 3727 5410 audirent.

2168 5443 2335 5511 Majus
2377 5455 2553 5499 autem
2582 5445 2681 5513 ipsi
2707 5444 2955 5512 relinquit
3009 5445 3401 5505 testimonium,
3436 5459 3530 5512 per
3568 5461 3731 5514 opera

2168 5536 2620 5598 confirmandum;
2676 5534 3119 5604 quemadmodum
3152 5536 3264 5603 ipse
3302 5536 3464 5590 dicit:
3496 5534 3607 5605 Ego
3633 5552 3735 5589 non

2169 5626 2231 5678 ab
2260 5625 2457 5678 nomine
2502 5623 2693 5692 accipio
2721 5623 3057 5678 testimonium
3081 5639 3099 5677 :
3127 5640 3280 5693 apera
3303 5624 3434 5677 enim
3456 5640 3568 5691 qua:
3599 5626 3734 5677 dedit

2170 5717 2294 5769 nti/ti
2327 5716 2498 5780 Pater,
2531 5716 2635 5768 haec
2656 5724 2767 5767 sunt
2792 5731 2902 5783 qua:
2928 5715 3258 5783 testiﬁcantur
3281 5716 3344 5769 de
3364 5733 3442 5772 me
3468 5717 3486 5786 (
3501 5716 3655 5769 Joan.
3680 5718 3732 5768 5.

2174 5808 2243 5877 34
2272 5816 2316 5861 ct
2345 5807 2469 5877 55).
2523 5804 2655 5861 Vide
2705 5820 2860 5875 quam
2911 5805 3179 5863 efficacius
3224 5804 3352 5863 illud
3393 5817 3554 5863 esset.
3603 5805 3735 5875 Quia
