4094 6370
414 352 552 410 ΙῘΠ

517 471 582 535 γ’.
592 465 800 529 Ἀλλως
820 465 877 519 δέ
893 467 986 520 καὶ
1000 473 1020 496 ⁸
1035 467 1084 518 εί
1102 463 1435 535 περινοστῶν
1451 463 1625 517 ταῦτα
1639 457 2028 529 ἔ).εγεν,έδοξεν

446 549 513 606 ἀν
529 553 594 604 ἐκ
615 549 848 618 σπουδῆς
869 566 1012 611 τινος
1030 547 1378 618 ἀνθρωπίνης
1398 546 1644 615 γίνεσθαι
1659 547 1727 598 τά
1747 544 2026 614 γινόμενα,

448 635 543 690 καὶ
575 633 808 703 ὑποψίας
833 628 901 704 ἦν
932 630 1126 702 μεστόν
1153 631 1214 684 τὸ
1242 632 1521 702 κήρυγμα.
1558 629 1667 684 Καὶ
1693 631 1720 671 b
1749 628 2029 697 ἤκουσαν

447 723 500 773 οἱ
523 718 779 788 μαθηταί
809 716 994 771 αὐτοῦ
1020 716 1075 770 οί
1101 715 1233 780 δύο,
1265 715 1365 769 καὶ
1393 715 1822 783 ἠκολούθησαν
1844 711 2024 777 αὐτῷ.

446 804 642 857 Καίτοι
665 819 729 870 γε
759 801 851 856 καὶ
879 800 1053 870 ἕτεροι
1075 795 1215 871 ἦσαν
1245 798 1394 870 αὑτῷ
1433 799 1694 870 μαθηταὶ,
1737 798 1851 852 ἀλλ’
1884 799 2029 850 ἐκεῖ-

447 903 528 940 νοι
557 887 618 940 o6
650 886 808 956 μόνον
841 884 942 938 οὑκ
985 883 1378 954 ἠκολούθησαν,
1421 883 1556 936 ἀλλά
1589 883 1684 936 καὶ
1713 880 2029 952 ζηλοτύπως

447 969 598 1042 [107]
653 969 792 1040 πρὸς
840 967 1000 1020 αὑτὸν
1047 966 1401 1037 διετέθησαν·
1455 956 1806 1042 Ῥαϐϐὶᾼγὰμ
1840 965 2026 1035 φησὶν,

445 1039 512 1119 ὃς
540 1039 618 1122 ἦν
631 1039 782 1121 μετὰ
814 1051 930 1104 σοῦ
959 1048 1148 1117 πέραν
1169 1050 1273 1103 τοῦ
1300 1047 1625 1117 Ἰορδάνου,
1651 1039 1699 1113 ᾧ
1718 1049 1800 1100 σὺ
1809 1063 2028 1115 μεμαρ-

443 1138 725 1203 τύρηκασ,
751 1134 840 1187 ἴδε
858 1129 1039 1198 οὗτος
1070 1131 1361 1196 βαπτίζει,
1383 1132 1476 1184 καὶ
1505 1130 1726 1197 πάντες
1753 1131 2028 1198 ἔρχονται

445 1221 596 1286 πρὸς
623 1218 830 1273 αὐτόν.
865 1217 974 1269 Καὶ
1000 1215 1161 1268 πάλιν
1186 1210 1329 1269 οὗτοι
1361 1215 1640 1284 φαίνονται
1679 1225 1701 1252 ε
1733 1213 2026 1282 ἐγκαλοῦν-

443 1317 535 1363 τες
555 1316 567 1330 ·
597 1301 756 1354 Διατι
775 1298 945 1368 ἡμεῖς
969 1299 1364 1367 νηστεύομεν,
1409 1298 1506 1350 καὶ
1538 1300 1592 1350 οἱ
1617 1298 1878 1365 μαθηταί
1910 1313 2028 1350 σου

444 1385 518 1437 οὐ
541 1385 950 1451 νηστεύουσιν
967 1399 985 1447 ;
1033 1382 1173 1434 Ἀλλ’
1191 1384 1241 1435 οἱ
1269 1382 1378 1435 τῶν
1409 1381 1584 1436 ἀλλων
1616 1380 1855 1451 βελτίους
1874 1380 2027 1434 οὑδέν

443 1467 684 1521 τοιοῦτον
709 1466 930 1530 ἔπαθον,
965 1466 1080 1520 ἀλλ’
1117 1465 1252 1537 ὁμοῦ
1281 1483 1339 1519 τε
1381 1467 1620 1537 Ιήκουσαν
1665 1466 1760 1519 καὶ
1799 1464 2028 1535 ἡκολού·

445 1551 637 1621 θησαν.
675 1550 1070 1622 Ἢκολούθησαν
1089 1551 1168 1613 δὲ,
1197 1550 1295 1621 οὑχ
1309 1549 1380 1612 ὡς
1403 1548 1493 1602 τοῦ
1518 1548 1836 1602 διδασκάλου
1860 1565 2026 1602 κατα-

444 1637 838 1706 φρονήσαντες,
874 1635 988 1690 ἀλλ⁹
1019 1638 1094 1698 ὡς
1124 1635 1274 1705 αὑτῷ
1305 1634 1537 1706 μάλιστα
1563 1633 1896 1697 πεισθέντες,
1931 1633 2027 1687 καῖ¹

443 1718 643 1787 δεῖγμα
672 1717 927 1788 μέγιστον
979 1717 1071 1772 τοῦ
1130 1719 1309 1788 κρίσει
1361 1716 1634 1787 λογισμῶν
1687 1716 1820 1788 ὀρθῇ
1869 1716 2028 1770 τοῦτο

444 1805 617 1855 ποιεῖν
647 1801 1041 1869 ἐξενεγκόντες.
1083 1802 1218 1854 Οὑδέ
1255 1801 1362 1873 γὰρ
1407 1800 1850 1872 παρακληθέντες
1896 1799 2028 1852 αὑτὸ

443 1885 728 1953 ἐποίησαν,
791 1885 929 1956 ὅπερ
986 1883 1224 1938 ὕποπτον
1273 1881 1360 1954 ἦν,
1419 1884 1532 1937 ἀλλ’
1568 1883 1752 1955 ἐπειδὴ
1798 1884 2026 1954 προεῖπε

447 1970 605 2040 μόνον
631 1969 692 2022 τὸ
719 1968 934 2040 μέλλον,
955 1970 1036 2022 ὅτι
1063 1969 1313 2039 βαπτίσει
1338 1971 1396 2021 ἐν
1417 1968 1697 2039 Πνεύματι
1720 1968 1880 2039 ἁγίῳ,
1905 1969 2030 2038 ἡκο-

442 2053 712 2125 λούθησαν
727 2052 896 2123 αὑτῷ.
921 2054 995 2107 O6
1021 2053 1200 2106 τοίνυν
1227 2053 1542 2122 ἀπέστησαν
1563 2051 1657 2104 τοῦ
1679 2051 2024 2117 διδασκάλου,

442 2137 557 2192 ἀλλ’
588 2136 956 2206 ἐϐουλήθησαν
994 2137 1205 2206 μαθεῖν,
1235 2136 1290 2188 τί
1319 2135 1479 2189 πλέον
1515 2136 1670 2206 φέρει
1699 2135 1793 2188 τοῦ
1846 2135 2028 2189 Ἰωάν-

444 2238 557 2275 νου.
602 2221 714 2274 Kal
753 2221 855 2290 ὃρα
900 2219 999 2290 τὴν
1046 2221 1281 2289 σπουδὴν
1316 2219 1454 2289 μετά
1487 2218 1667 2282 αἰδοῦς
1713 2219 2026 2290 γινομένην.

445 2305 585 2358 υὺδὲ
614 2303 722 2375 γὰρ
753 2303 955 2366 εὑθέως
989 2301 1378 2373 προσελθόντες
1409 2302 1772 2373 ἐπηρώτησαν
1792 2303 1883 2356 τὸν
1925 2303 2030 2374 Ἰη-

447 2388 574 2442 σοῦν
597 2388 736 2460 ὑπὲρ
757 2384 1069 2455 ἀναγκαίων
1092 2386 1186 2439 καὶ
1217 2385 1488 2455 μεγίστων
1517 2387 1883 2457 πραγμάτων,
1909 2387 2031 2440 οὐδὲ

445 2470 683 2542 δημοσίᾳ.
724 2469 1008 2540 παρόντων
1048 2469 1304 2523 ἁπάντων
1346 2468 1531 2533 ἁπλῶς
1568 2471 1662 2522 καὶ
1705 2469 1781 2533 ώς
1819 2469 2028 2541 ἔτυχεν,

445 2554 560 2609 ἀλλ’
593 2555 698 2626 ἰδίᾳ
716 2553 1056 2622 διαλεχθῆναι
1085 2551 1233 2623 αὑτῷ
1259 2551 1609 2616 ἐσπούδαζον.
1637 2553 1895 2625 ᾝδεισαν
1922 2554 2031 2626 γὰρ

443 2639 508 2692 o6
539 2634 1074 2707 ταπεινοφροσύνης,
1114 2634 1229 2688 ἀλλ’
1272 2635 1530 2705 ἀληθείας
1572 2636 1702 2690 ὅντα
1747 2636 1843 2690 τοῦ
1881 2637 2031 2691 διδα-

446 2723 647 2776 σκάλου
676 2720 745 2774 τά
773 2723 1010 2792 ῥήματα.
1029 2717 1142 2777 Ἦν
1169 2719 1469 2789 Ἀνδρέας,
1499 2722 1684 2794 φησὶν,
1721 2722 2032 2792 ὀάδελςοὸς

443 2808 712 2876 Σίμωνος
737 2806 985 2872 Πέτρου,
1011 2800 1100 2871 εἷς
1131 2805 1200 2858 ἐκ
1220 2805 1340 2859 τῶν
1366 2807 1476 2860 δύο
1499 2807 1618 2861 τῶν
1638 2807 2032 2862 ἀκουσάντων

458 2888 760 2954 Ἰωάννου,
801 2888 900 2941 καὶ
942 2889 1490 2955 ἀκολουθησάντων
1509 2890 1688 2955 αὐτῷ.
1737 2891 1892 2952 Τίνος
1931 2888 2031 2945 οὖν

444 2972 632 3026 ἕνεκεν
653 2971 748 3024 καὶ
774 2971 836 3022 τὸ
863 2969 955 3024 τοῦ
980 2971 1168 3041 ἐτέρου
1189 2971 1289 3024 οὑκ
1320 2971 1615 3044 ἐγνώρισεν
1637 2971 1808 3042 ὄνομα
1830 2992 1843 3039 ;
1871 2975 2031 3038 Τινές

445 3073 581 3123 φασι
613 3054 701 3108 διὰ
728 3053 790 3107 τὸ
815 3053 978 3107 αὑτὸν
1008 3049 1146 3106 εἶναι
1183 3055 1273 3107 τὸν
1303 3056 1583 3126 γράφοντα
1613 3058 1702 3111 τὸν
1731 3057 2028 3128 ἠκολουθη-

443 3138 579 3194 κότα
603 3154 616 3168 ·
647 3137 790 3200 τινές
817 3137 874 3190 δὲ
916 3137 1014 3206 οὑχ
1047 3136 1238 3202 οὕτως,
1278 3137 1395 3191 ἀλλ’
1427 3141 1507 3192 ὅτι
1539 3142 1744 3204 ἐκεῖνος
1771 3142 1892 3210 οὑχὶ
1921 3140 2031 3196 τῶν

445 3222 735 3293 ἐπισήμων
766 3217 854 3292 ἦν.
878 3221 1044 3274 Οὑδέν
1069 3217 1161 3274 οὖν
1191 3222 1348 3275 πλέον
1370 3223 1478 3276 τῶν
1507 3224 1824 3294 ἀναγκαίων
1852 3225 2032 3293 λέγειν

446 3307 634 3377 ἐχρῆν.
698 3305 764 3358 Τί
798 3304 908 3376 γὰρ
931 3305 1124 3372 ὄφελος
1181 3308 1244 3359 ἐκ
1291 3305 1384 3359 τοῦ
1426 3306 1616 3377 μαθεῖν
1667 3307 1878 3361 ἐκείνου
1931 3309 2032 3380 τὴν

445 3389 839 3460 προσηγορίαν,
875 3388 996 3441 ἐπεὶ
1035 3387 1156 3440 οὑδέ
1197 3388 1306 3442 τῶν
1348 3390 1718 3460 ἐϐδομήκοντα
1751 3389 1844 3444 δύο
1885 3391 2032 3459 λέγει

443 3471 516 3525 τά
550 3472 826 3542 ὀνόματα;
873 3469 1044 3524 Τοῦτο
1069 3472 1164 3524 καί¹
1208 3472 1360 3543 παρά
1398 3473 1596 3544 Παύλῳ
1625 3475 1773 3527 ἐστιν
1801 3475 1931 3529 ἰδεῖν
1960 3475 1987 3515 ἀ
2013 3492 2029 3508 ⁸

444 3555 925 3625 Συνεπέμψαμεν
957 3556 1068 3627 γὰρ
1105 3555 1286 3622 αὐτῷ,
1335 3560 1486 3628 φησὶ,
1530 3564 1639 3612 τόν
1667 3559 1936 3628 ἀδελφὸν
1964 3561 2034 3614 ἐν

445 3640 699 3708 πολλοῖς
724 3637 1022 3705 πολλάκις
1054 3640 1390 3694 σπουδαῖον
1416 3641 1583 3706 ὄντα,
1613 3639 1685 3699 οὗ
1717 3647 1750 3697 ὀ
1785 3644 2032 3709 ἔπαινος

444 3723 617 3789 ἐντῷ
646 3715 1012 3793 Εὐαγγελίῳ.
1061 3724 1168 3776 Τοῦ
1215 3724 1272 3777 δὲ
1338 3726 1589 3797 Ἀνδρέου
1630 3727 1905 3798 μέμνηται
1937 3729 2036 3781 καὶ

442 3808 512 3863 δι’
539 3809 732 3879 ἑτέραν
757 3808 958 3862 αἰτίαν.
985 3807 1152 3860 Ποίαν
1183 3807 1247 3878 δὴ
1274 3809 1478 3880 ταύτην
1503 3827 1516 3874 ;
1553 3810 1689 3874 Ἵνα,
1715 3812 1844 3864 ὅταν
1869 3813 2036 3865 ἀκού-

448 3909 548 3966 σῃς
589 3895 672 3947 ὄτι
719 3893 900 3963 Σίμων
942 3892 1180 3955 ἀκούσας
1223 3895 1342 3964 μετ’
1393 3895 1578 3956 αὐτοῦ,
1618 3895 1799 3951 Δεῦτε
1841 3897 2036 3950 ὀπίσω

441 3994 584 4048 μου,
614 3976 712 4040 καί
735 3976 968 4041 ποιήσω
983 3975 1138 4046 ὑμᾶς
1165 3977 1353 4043 ἁλιεῖς
1385 3980 1728 4046 ἀνθρώπων,
1757 3981 1818 4034 οὑ
1850 3981 2036 4052 διηπό-

449 4077 582 4130 ρησε
621 4060 758 4131 πρὸς
788 4058 885 4128 τὴν
920 4060 1222 4130 παράδοξον
1250 4061 1454 4134 ταύτην
1499 4063 1812 4134 ὑπόσχεσιν,
1857 4064 2036 4135 μάθῃς

446 4145 530 4197 ὅτι
555 4143 654 4207 τάς
683 4141 857 4213 ἀρχάς
879 4147 980 4214 τῆς
1004 4145 1278 4207 πίστεωςὸ
1295 4145 1520 4215 ἀδελφὸς
1542 4147 1642 4217 ήδη
1670 4149 2038 4219 προκατεϐἀλ-

445 4228 568 4281 λετο
590 4240 636 4283 ο.
689 4227 976 4296 Στραφεὶς
1007 4227 1076 4280 δὲ
1103 4231 1136 4282 ό
1180 4228 1410 4296 Ἰησοῦς
1463 4231 1561 4284 καὶ
1629 4231 1772 4285 ἰδὼν
1814 4232 2037 4299 αὐτοὺς

444 4311 952 4376 ἀκολουθοῦντας,
996 4309 1160 4379 λέγει
1199 4312 1439 4378 αὐτοῖς’
1495 4312 1561 4366 Τί
1605 4311 1828 4382 ζητεῖτε
1843 4332 1862 4380 ;
1920 4317 2037 4368 Ἐν-

446 4395 638 4450 τεῦθεν
697 4395 1090 4465 παιδευόμεθα,
1128 4396 1210 4448 ὅτι
1253 4397 1315 4448 o6
1360 4396 1552 4465 φθάνει
1598 4399 1698 4462 τὰς
1753 4399 2036 4472 βουλήσεις

448 4480 610 4551 ἡμῶν
654 4481 682 4532 6
713 4479 844 4542 Θεὸς
876 4482 995 4539 ταῖς
1023 4479 1252 4547 δωρεαῖς
1275 4497 1289 4510 ·
1336 4481 1452 4534 ἀλλ’
1490 4482 1619 4536 ὅταν
1651 4484 1812 4554 ἡμεῖς
1860 4483 2038 4554 ἀρξώ-

454 4564 613 4634 μεθα,
649 4565 778 4617 ὅταν
815 4562 875 4615 τὸ
909 4562 1084 4616 θέλειν
1131 4565 1526 4635 παράσχωμεν,
1575 4566 1696 4619 τότε
1737 4567 1833 4621 καὶ
1873 4569 2037 4632 αὑτὸς

420 4713 424 4718 ,
448 4647 652 4710 πολλὰς
676 4647 888 4699 δίδωσιν
917 4649 1050 4716 ἡμῖν
1091 4646 1195 4715 τῆς
1225 4649 1498 4720 σωτηρίας
1526 4649 1627 4715 τὰς
1657 4651 1932 4723 ἀφορμάς.
1973 4653 2038 4706 Τί

449 4732 698 4801 ζητεῖτε;
727 4730 792 4782 Τί
824 4729 1016 4795 τοῦτο;
1042 4731 1071 4782 ὁ
1103 4730 1259 4794 εἰδὼς
1287 4730 1384 4795 τὰς
1412 4732 1643 4802 καρδίας
1667 4733 1687 4772 ί
1705 4735 1813 4790 τῶν
1829 4736 2039 4808 ἀνθρώ-

449 4827 592 4878 πων,
621 4816 649 4867 ό
678 4815 788 4877 τοῖς
807 4813 1087 4883 λογισμοῖς
1111 4814 1266 4885 ἡμῶν
1288 4815 1624 4884 ἐμϐατεύων,
1639 4811 1795 4883 οὗτος
1820 4821 2036 4893 ἐρωτᾷς

465 4899 602 4951 Ἀλλ’
637 4898 736 4968 οὐχ
783 4898 871 4954 ἵνα
927 4897 1073 4969 μάθῃ
1109 4897 1259 4967 (πῶς
1283 4900 1392 4970 γάρ
1415 4900 1489 4970 ;),
1531 4901 1645 4956 ἀλλ’
1682 4904 1769 4957 ἵνα
1810 4905 1899 4959 διὰ
1939 4907 2039 4978 τῆς

453 4985 776 5055 ἐρωτήσεως
810 4983 1009 5054 μᾶλλον
1048 4982 1246 5046 αὐτοὺς
1266 4982 1635 5054 οἰκειώσηται,
1665 4989 1762 5042 καὶ
1793 4989 2040 5057 πλείονος

455 5067 669 5140 μεταδῷ
699 5068 800 5138 τῆς
843 5067 1188 5139 παρρησίας,
1227 5067 1322 5121 καὶ
1364 5067 1510 5138 δείξῃ
1561 5071 1664 5142 τῆς
1719 5073 2039 5143 ἀκροάσεως

451 5152 613 5216 ὂντας
645 5151 852 5217 ἀξίους.
877 5151 1038 5214 Εἰκὸς
1074 5149 1184 5219 γὰρ
1210 5145 1277 5221 ἦν
1313 5152 1570 5224 ἐρυθριᾷν
1595 5156 1690 5208 καὶ
1718 5156 2036 5220 δεδοικέναι,

452 5237 548 5290 ἆτε
604 5233 854 5302 ἀγνῶτας
901 5234 1083 5296 ὄντας,
1130 5233 1226 5285 καὶ
1279 5234 1504 5290 τοιαῦτα
1555 5239 1686 5312 περὶ
1730 5241 1894 5294 αὑτοῦ
1942 5242 2038 5295 τοῦ

451 5318 774 5372 διδασκάλου
841 5316 1249 5389 μαρτυροῦντος
1307 5323 1633 5390 ἀκηκοότας.
1717 5322 1882 5378 Ταῦτ’
1946 5321 2039 5378 οῦν

452 5401 670 5456 ἃπαντα
699 5402 860 5463 λύων,
889 5402 990 5472 τὴν
1018 5400 1172 5464 αἰδὼ,
1196 5404 1288 5458 τὸν
1314 5404 1465 5478 [108]
1498 5405 1682 5472 φόϐον,
1711 5409 1912 5478 ἐρωτᾷ,
1947 5412 2041 5464 καὶ

453 5487 552 5539 οὑκ
579 5487 730 5539 εῖασε
765 5489 890 5558 σιγῇ
937 5487 1102 5558 μέχρι
1145 5492 1244 5558 τῆς
1285 5489 1462 5553 οἰκίας
1507 5490 1716 5542 ἐλθεῖν
1766 5493 1943 5545 καίτοι
1978 5495 2041 5548 τὸ

517 5659 543 5687 ⁸
566 5657 715 5726 Codd:
738 5657 850 5726 70$,
866 5658 961 5708 706
975 5661 1197 5726 καίπρὸς
1207 5661 1409 5726 τούτοις.
1467 5661 1504 5726 λιι
1524 5661 1676 5726 Savil.
1697 5665 1902 5726 ὑποψίας
1922 5666 2041 5713 εἶναι

456 5719 631 5787 μεστὸν
669 5720 734 5787 τὸΔ
761 5721 997 5787 κήρυγμα.
1028 5719 1157 5787 ’Καῖε
1183 5723 1355 5772 Morel.
1401 5724 1484 5787 καὶ
1505 5725 1711 5787 ὑποψίας
1739 5719 1814 5783 ἦν’
1840 5719 1958 5786 μετὰ
1985 5727 2043 5774 τὸ

454 5782 677 5848 κήρυγμα
706 5782 925 5848 ,λοιπόνζ
973 5784 1180 5848 εᾼ8ειΥἱ1.
1231 5792 1285 5833 et.
1326 5785 1569 5848 ϐοά-705
1609 5782 2038 5848 πάλινφαίνονταυ..

455 5840 796 5907 Μόνέιζᾲπάλιν
818 5843 949 5907 οὗτοι
969 5845 1106 5907 αὑτοὶ
1131 5847 1364 5907 λέγουσιν.
1430 5845 1456 5884 d
1483 5847 1631 5896 Savil.
1659 5858 1709 5894 et
1748 5840 1884 5896 cbdd.
1930 5849 2041 5903 703.

455 5904 726 5982 ξρὸητοῦτο
765 5904 1340 5982 καξκζίαῦλοιςηέποίησε.
1389 5907 1586 5982 Morenl.‘
1606 5907 1749 5982 τοῦτο
1793 5911 1876 5982 καὶ
1892 5911 2045 5982 ’.παρά

456 5966 638 6037 Παύλῳ
651 5968 795 6042 Δἐστιν
833 5966 965 6018 ἰδεῖν.
1037 5967 1248 6019 θΜθΐει.
1289 5971 1757 6034 προκαταϐαλὼν-ἦν.
1832 5969 1851 6014 ἶ
1889 5966 2040 6024 εειγίι.

433 6039 549 6091 ⁸;την
565 6037 778 6093 καρδιαν.

1188 348 1249 404 S.
1287 345 1572 404 JOANNIS
1610 340 2107 400 CHRYSOSTOMI
2145 338 2466 397 ARCHIEP.
2507 335 3063 394 CONSTANTINOP.

3611 333 3713 390 “8

2133 457 2264 512 αὑτὸ
2285 456 2350 510 ἂν
2372 458 2606 526 ἐγένετο,
2635 457 2731 510 καὶ
2759 456 2809 508 εἰ
2839 454 2913 526 μὴ
2939 453 3210 525 ἠρώτησε.
3238 452 3583 524 Παρέμειναν
3607 452 3716 524 γὰρ

2136 540 2203 594 ἂν
2235 539 2652 603 ἀκολουθοῦντες
2681 537 2851 607 αὑτῷ,
2886 538 2978 591 καὶ
3020 537 3159 590 κατὰ
3207 536 3370 600 πόδας
3414 534 3718 605 βαδίζοντες

2139 623 2448 694 ἐπέστησαν
2469 627 2536 696 τῇ
2559 623 2722 694 οἰκίᾳ.
2767 623 2924 686 Τίνος
2964 618 3060 675 οῦν
3087 620 3273 674 ἕνεκεν
3302 622 3512 692 ἐρωτᾷ;
3547 619 3719 675 Τοῦτο

2137 708 2272 778 ὅπερ
2296 702 2449 762 εἶπον
2478 705 2932 774 κατασκευάζων,
2981 706 3386 777 καταπραΰνων
3427 722 3485 758 τε
3533 705 3716 769 αὑτοῖς

2136 791 2227 844 τὸν
2269 789 2525 861 λογισμὸν
2568 789 2928 862 ἐρυθριῶντα,
2979 789 3059 842 ἔτι
3101 789 3194 842 καὶ
3231 787 3570 856 ἀγωνιῶντα,
3623 789 3719 842 καὶ

2137 874 2392 946 παρέχων
2419 874 2660 946 θαρρεῖν.
2691 875 2765 926 Οὐ
2798 873 2885 926 διὰ
2907 874 3003 944 τῆς
3029 871 3436 943 άκολουθήσεως
3465 871 3522 924 δέ
3557 871 3717 940 μόνον

2135 959 2227 1012 τὸν
2262 958 2449 1019 πόθον,
2480 957 2616 1012 ἀλλά
2637 958 2731 1011 καὶ
2758 955 2844 1010 διά
2872 958 2969 1026 τῆς
3003 957 3322 1028 ἐρωτήσεως
3347 955 3713 1026 ἐφανέρωσαν.

2135 1041 2269 1095 Οὑδέ
2293 1041 2402 1112 γὰρ
2416 1041 2627 1094 οὐδέπω
2658 1039 2918 1112 μαθόντες
2946 1041 3077 1110 παρ’
3102 1039 3286 1100 αὑτοῦ,
3312 1038 3434 1091 οὑδέ
3455 1037 3718 1090 ἀκούσαν-

2134 1141 2243 1188 τες,
2287 1123 2605 1178 διδάσκαλον
2645 1123 2807 1178 αὑτὸν
2849 1123 3128 1187 καλοῦσιν,
3179 1123 3260 1186 εἰς
3301 1124 3429 1184 τοὺς
3474 1120 3717 1192 μαθητὰς

2135 1207 2488 1270 εἰσωθοῦντες
2521 1209 2770 1273 ἑαυτοὺς,
2808 1207 2900 1260 καὶ
2921 1207 3018 1277 τὴν
3057 1207 3231 1260 αἰτίαν
3277 1205 3602 1271 δεικνύντες,
3649 1203 3716 1256 δι’

2133 1292 2200 1362 ἢν
2242 1290 2591 1361 ἠκολούθουν,
2645 1291 2718 1355 ὥς
2768 1309 2823 1344 τι
2868 1290 2976 1343 τῶν
3010 1291 3295 1361 χρησίμων
3340 1289 3714 1360 ἀκουσόμενοι.

2135 1376 2244 1430 Θέα
2267 1376 2324 1429 δέ
2353 1394 2441 1448 μοι
2473 1377 2568 1430 καὶ
2592 1377 2690 1447 τὴν
2722 1375 2955 1430 σύνεσιν.
2980 1377 3094 1429 Οὑκ
3123 1371 3274 1429 εἷπον
3292 1391 3307 1406 ·
3333 1376 3550 1441 Δίδαξον
3573 1374 3719 1445 ἡμᾶς

2135 1459 2264 1530 περὶ
2301 1459 2587 1529 δογμάτων
2614 1460 2648 1531 ἡ
2676 1477 2822 1523 τινος
2849 1459 3035 1530 ἐτέρου
3057 1458 3165 1515 τῶν
3199 1461 3515 1526 ἀναγκαίων
3539 1475 3552 1488 ·
3585 1457 3720 1511 ἀλλά

2133 1541 2186 1594 τί
2210 1559 2225 1608 ;
2260 1542 2384 1596 Ποῦ
2400 1541 2638 1611 μένεις;
2668 1543 2821 1596 Μετά
2847 1542 2956 1613 γὰρ
2975 1542 3226 1612 ἡσυχίας,
3253 1542 3389 1611 ὅπερ
3413 1541 3719 1611 ἔμπροσθεν

2134 1622 2290 1693 ἔφην,
2332 1625 2429 1678 καὶ
2455 1627 2629 1678 είπεῖν
2667 1643 2718 1678 τι
2751 1625 2887 1696 πρὸς
2913 1625 3095 1686 αὑτὸν,
3125 1625 3219 1677 καὶ
3248 1623 3480 1676 ἀκοῦσαί
3508 1641 3560 1675 τι
3589 1623 3717 1693 παρ’

2134 1707 2321 1768 αὑτοῦ,
2354 1709 2449 1760 καὶ
2491 1708 2683 1778 μαθεῖν
2727 1707 2940 1780 ἡθελον.
2988 1708 3185 1778 Διόπερ
3222 1707 3344 1760 οὑδέ
3375 1705 3714 1767 ἀνεϐάλοντο,

2134 1790 2255 1844 οὑδέ
2280 1785 2434 1843 εἷπον
2453 1806 2466 1820 ⁸
2499 1791 2740 1860 ’Ἢξομεν
2769 1791 2986 1853 πάντως
3014 1790 3224 1862 αὖριον,
3255 1789 3350 1842 καὶ
3375 1787 3719 1854 ἀκουσόμεθα

2135 1873 2518 1944 διαλεγομένου
2548 1890 2641 1926 σου
2663 1873 2898 1945 δημοσίᾳ
2919 1889 2932 1901 ’
2965 1873 3101 1926 ἀλλά
3127 1874 3227 1944 τὴν
3261 1873 3460 1945 πολλὴν
3488 1871 3720 1939 σπουδὴν

2133 1958 2201 2029 ἢν
2232 1953 2377 2027 εἶχον
2413 1959 2542 2028 περὶ
2569 1955 2669 2027 τὴν
2697 1956 2960 2028 ἀκρόασιν
3002 1957 3423 2019 ἐπιδείκνυνται,
3473 1956 3552 2026 τῷ
3587 1955 3720 2027 μηδέ

2136 2041 2242 2094 ὑπὸ
2275 2042 2372 2110 τῆς
2413 2039 2560 2112 ῶρας
2601 2041 3004 2112 ἀποτραπῆναι.
3050 2042 3160 2096 Καὶ
3197 2041 3306 2111 γὰρ
3349 2042 3504 2112 ἔτυχε
3540 2039 3722 2093 λοιπδν

2135 2124 2274 2194 πρὸς
2303 2123 2516 2195 δυσμὰς
2543 2125 2572 2176 6
2600 2124 2752 2195 ἥλιος
2790 2123 2886 2179 ὥν.
2925 2127 3073 2194 ’Ὥρα
3110 2125 3218 2197 γὰρ
3252 2122 3332 2194 ἦν
3372 2127 3452 2191 ὡς
3479 2124 3719 2191 δεκάτη,

2137 2207 2290 2277 φησί.
2326 2206 2426 2260 Διὰ
2477 2207 2634 2260 τοῦτο
2669 2209 2763 2261 καὶ
2797 2209 2826 2261 ό
2872 2207 3106 2280 Χριστὸς
3137 2209 3197 2262 οὑ
3244 2208 3393 2276 λέγει
3424 2209 3494 2261 τὰ
3524 2210 3722 2278 σημεῖα

2135 2291 2236 2360 τῆς
2275 2290 2472 2354 οἰκίας,
2521 2290 2642 2343 οὑδέ
2675 2290 2767 2344 τὸν
2823 2291 3008 2357 τόπον,
3047 2291 3164 2345 ἀλλ’
3209 2292 3512 2344 ἐπισπᾶται
3563 2291 3723 2344 πλέον

2136 2371 2331 2435 αὑτοὺς
2399 2373 2533 2444 πρὸς
2581 2372 2681 2443 τὴν
2724 2373 3102 2445 ἀκολούθησιν,
3157 2373 3369 2438 δεικνὺς
3414 2376 3496 2428 ὅτι
3528 2374 3724 2439 αὐτοὺς

2137 2455 2457 2520 ἀπεδέξατο.
2511 2456 2623 2510 Καὶ
2681 2456 2769 2510 διὰ
2808 2457 2968 2511 τοῦτο
3009 2459 3131 2512 οὑδὲ
3188 2456 3348 2522 αὑτὸς
3394 2457 3632 2512 τοιοῦτόν
3668 2475 3723 2511 τι

2137 2531 2292 2589 εἶπεν
2317 2552 2330 2565 ·
2366 2535 2595 2607 ἄκαιρόν
2627 2537 2776 2591 ἐστιν
2809 2539 2889 2601 εἰς
2915 2539 3091 2591 οίκίαν
3125 2537 3221 2591 νῦν
3261 2538 3406 2608 ὑμᾶς
3443 2537 3722 2604 εἰσελθεῖν,

2137 2618 2436 2673 ἀκούσεσθε
2491 2617 2682 2690 αῦριον
2752 2619 2806 2673 εῐ
2855 2637 2909 2674 τι
2975 2620 3268 2690 βούλεσθε,
3339 2622 3725 2693 ἀναχωρήσατε

2137 2700 2318 2755 οἴκαδε
2345 2701 2441 2756 νῦν
2462 2718 2477 2732 ·
2525 2702 2640 2756 ἀλλ’
2680 2705 2705 2741 κ
2737 2703 2812 2768 ὡς
2853 2705 2990 2776 πρὸς
3021 2705 3208 2774 φίλους
3246 2705 3340 2758 καὶ
3370 2706 3536 2758 πολὺν
3579 2704 3726 2776 αὑτῷ

2139 2785 2538 2855 συγγεγονότας
2599 2787 2809 2859 χρόνον,
2874 2787 3017 2841 οὕτω
3077 2787 3400 2857 διαλέγεται.
3455 2789 3580 2853 Πῶς
3635 2785 3726 2843 οὑν

2139 2867 2374 2938 ἀλλαχοῦ
2456 2885 2655 2938 φησιν’
2737 2870 2802 2923 '0
2883 2870 2952 2923 δὲ
3017 2871 3148 2936 Υἱὸς
3228 2872 3336 2925 τοῦ
3411 2869 3726 2938 ἀνθρώπου

2138 2953 2251 3004 οὐκ
2267 2951 2390 3020 ἔχει
2406 2951 2524 3005 ποῦ
2540 2951 2656 3018 τὴν
2671 2952 2948 3022 κεφαλὴν
2971 2951 3216 3022 κλίνηῚι·
3237 2953 3466 3008 ἐνταῦθα
3482 2955 3538 3008 δέ
3557 2955 3725 3023 λέγει,

2143 3035 2438 3102 Ἔρχεσθε
2467 3035 2565 3089 καὶ
2595 3035 2752 3090 τδετε
2793 3038 2911 3091 ποῦ
2945 3039 3107 3107 μένω
3130 3055 3150 3104 ;
3187 3040 3310 3092 Ὅτι
3344 3039 3426 3105 τὸ,
3456 3042 3578 3093 Οὐκ
3601 3040 3728 3109 ἔχει

2139 3118 2258 3171 ποῦ
2292 3119 2408 3187 τὴν
2434 3120 2712 3189 κεφαλὴν
2733 3124 2914 3190 κλίνῃ
2933 3163 2946 3185 ,
2983 3122 3281 3195 δηλωτικόν
3306 3126 3423 3178 ἐστι
3463 3124 3557 3177 τοῦ
3592 3124 3728 3196 μηδὲ

2141 3202 2271 3255 ῖδιον
2299 3202 2641 3271 καταγώγιον
2667 3205 2988 3272 κεκτῆσθαι,
3022 3207 3120 3276 οὑχ
3141 3208 3223 3260 ὅτι
3252 3209 3309 3260 ἐν
3335 3208 3483 3279 οἰκία
3513 3208 3572 3260 o6
3600 3225 3730 3262 κατ-

2141 3286 2336 3356 έμενε·
2391 3286 2489 3340 καὶ
2527 3288 2637 3358 γὰρ
2694 3287 2787 3340 καὶ
2833 3289 2865 3357 ἡ
2923 3289 3206 3361 παραϐολὴ
3252 3290 3409 3343 τοῦτο
3457 3291 3725 3360 βούλεται.

2144 3370 2268 3422 Ὀτι
2301 3369 2398 3440 μὲν
2424 3365 2518 3422 οὑν
2545 3372 2672 3440 παρ’
2707 3371 2856 3441 αὑτῷ
2883 3371 3100 3442 ἔμειναν
3130 3373 3228 3444 τὴν
3253 3375 3465 3445 ἡμέραν
3489 3377 3724 3447 ἐκείνην,

2141 3449 2296 3506 εἶπεν
2327 3456 2355 3506 ὀ
2375 3454 2780 3523 Εὑαγγελιστής
2797 3470 2809 3482 ·
2834 3454 2980 3518 τίνος
3007 3455 3063 3508 δὲ
3091 3454 3298 3520 ἕνεκεν,
3321 3459 3421 3511 οὑκ
3448 3459 3527 3511 ἔτι
3558 3477 3727 3530 προσ-

2142 3535 2357 3610 έθηκεν,
2380 3537 2455 3600 ώς
2483 3536 2644 3609 δήλου
2674 3537 2771 3604 τῆς
2797 3537 2978 3601 αἰτίας
3021 3538 3200 3609 οὔσης.
3235 3540 3368 3593 Οὑδέ
3401 3541 3509 3612 γὰρ
3542 3543 3729 3612 ἐτέρου

2138 3619 2287 3683 τινὸς
2311 3619 2497 3673 ἕνεκεν
2533 3618 2655 3672 οὔτε
2688 3619 2838 3691 αὑτῷ
2867 3620 3256 3692 ἠκολούθησαν,
3289 3621 3411 3675 οὗτε
3449 3627 3477 3677 6
3500 3627 3729 3696 Χριστὸς

2142 3703 2341 3766 αὑτοὺς
2366 3704 2736 3766 ἐπεσπάσατο,
2775 3703 2888 3756 ἀλλ’
2921 3704 2954 3774 ἢ
2983 3705 3072 3758 διὰ
3113 3706 3212 3776 τὴν
3250 3705 3626 3762 διδασκαλίαν
3661 3707 3729 3784 ἦς

2141 3785 2284 3838 οὕτω
2332 3785 2571 3856 δαψιλῶς
2632 3788 2729 3839 καὶ
2775 3785 3072 3860 προθύμως
3132 3789 3469 3858 ἀπέλαυσαν,
3527 3793 3621 3848 καὶ
3672 3797 3729 3850 ἐν

2143 3870 2296 3923 νυκτὶ
2327 3871 2460 3940 μιᾷ,
2511 3869 2588 3934 ὡς
2627 3869 2830 3934 εὐθέως
2863 3872 3124 3943 θατέρους
3159 3874 3253 3926 καὶ
3279 3873 3364 3944 ἐφ’
3391 3874 3595 3948 ἐτέρων
3630 3871 3730 3949 θή-

2147 3970 2248 4025 ραν
2280 3953 2297 3992 ί
2339 3953 2530 4006 ἐλθεῖν.

2213 4035 2275 4088 δ’.
2305 4035 2513 4089 Οὑκοῦν
2540 4036 2637 4090 καὶ
2684 4038 2844 4109 ἡμεῖς
2871 4040 3118 4095 ἐντεῦθεν
3170 4041 3510 4116 διδαχθῶμεν
3555 4046 3731 4100 πάντα

2144 4119 2401 4191 πάρεργα
2449 4119 2692 4202 τίθεσθαι
2716 4125 2814 4194 τῆς
2841 4121 2990 4188 θείας
3021 4125 3358 4196 ἀκροάσεως,
3399 4129 3494 4182 καὶ
3527 4131 3730 4202 μηδένα

2145 4202 2341 4273 καιρὸν
2367 4203 2597 4274 ἄκαιρον
2629 4201 2767 4260 εἶναι
2811 4207 3084 4278 νομίζειν,
3123 4209 3258 4264 ἀλλὰ
3293 4211 3394 4266 κᾶν
3431 4201 3730 4278 εἰςνοίκίαν

2144 4287 2434 4358 ἀλλοτρίαν
2459 4287 2714 4344 ἀπελθεῖν
2749 4290 2864 4362 δέῃ,
2892 4291 2994 4346 κᾶν
3020 4293 3294 4366 γνώριμον
3326 4299 3552 4370 ἀνδράσι
3582 4300 3733 4368 γενέ-

2147 4372 2270 4426 σθαι
2307 4373 2566 4444 μεγάλοις
2596 4375 2818 4443 ἀγνῶτα
2856 4376 2986 4430 ὄντα
3005 4419 3018 4443 ,
3057 4377 3160 4431 κᾶν
3189 4381 3328 4452 ἀωρὶ
3355 4382 3456 4452 τῆς
3488 4385 3728 4456 ἡμέρας,

2146 4457 2250 4511 κᾶν
2283 4457 2582 4528 οἰῳδήποτε
2615 4458 2814 4530 καιρῷ,
2848 4460 3117 4530 μηδέποτε
3148 4463 3351 4536 ταύτης
3383 4466 3605 4536 ἀμελεῖν
3632 4470 3733 4538 τῆς

2145 4541 2439 4610 ἐμπορίας.
2475 4540 2664 4611 Τροφὴ
2697 4541 2796 4612 μὲν
2825 4538 2917 4596 οὑν
2945 4546 3040 4598 καὶ
3064 4547 3264 4618 λουτρά
3292 4549 3383 4601 καὶ
3405 4549 3613 4613 δεῖπνα,
3636 4552 3731 4605 καὶ

2145 4623 2212 4675 τὰ
2249 4623 2385 4676 ἄλλα
2428 4623 2496 4676 τὰ
2532 4624 2794 4694 βιωτικὰ,
2830 4628 3020 4698 καιρὸν
3049 4631 3217 4700 ἐχέτω
3256 4631 3348 4683 τὸν
3394 4632 3726 4704 ὡρισμένον·

2144 4704 2463 4760 διδασκαλία
2496 4707 2554 4760 δὲ
2609 4708 2739 4778 περὶ
2790 4709 3106 4781 φιλοσοφίας
3150 4715 3248 4783 τῆς
3283 4714 3414 4780 ἀνω,
3459 4718 3730 4787 μηδεμίαν

2146 4789 2538 4861 ἀφωρισμένην
2577 4789 2729 4860 ὥραν
2764 4792 2935 4862 ἐχέτω
2957 4833 2973 4858 ,
3007 4796 3122 4850 ἀλλ’
3151 4797 3298 4861 ἀπας
3325 4799 3495 4870 αὐτῆς
3537 4801 3676 4855 ἔστω
3701 4805 3731 4855 ό

2147 4873 2358 4943 καιρός.
2407 4875 2716 4942 Εὐκαίρως
2753 4876 2882 4948 γὰρ,
2919 4881 3085 4949 φησὶν
3107 4919 3122 4943 ,
3151 4882 3409 4949 ἀκαίρως
3435 4883 3690 4953 ἔλεγξον
3709 4924 3726 4948 ,

2146 4956 2548 5038 ἐπιτίμησρλνῂι
2590 4962 3039 5038 παρακάλεσον.
3106 4964 3218 5018 Καὶ
3263 4967 3292 5018 ό
3330 4966 3629 5038 Προφήτης
3670 4969 3729 5022 δέ

2147 5043 2332 5106 φησιν,
2397 5027 2548 5106 [ἰθθ]
2620 5029 2724 5106 Ἔν
2774 5029 3356 5106 τῷὶμνόμῳψαὺτοῦ
3389 5027 3729 5106 ’μέλετῆσει

2145 5096 2372 5164 ἡμέρας
2399 5096 2496 5151 καὶ
2530 5096 2757 5167 νυκτός
2777 5119 2790 5132 ’
2834 5103 2928 5156 καὶ
2971 5096 3085 5168 τοῖς
3124 5096 3479 5170 Ἰουδαίοιξδὲ
3503 5111 3532 5162 6
3559 5096 3727 5164 Μ’ωὓ-

2149 5180 2566 5264 σῆςᾲδιαπαντὸς
2588 5183 2746 5236 τοῦτο
2771 5188 2943 5238 ποιεῖν
2963 5187 3199 5242 ἐκέλευε.
3234 5190 3316 5243 Τά
3347 5191 3444 5260 μὲν
3470 5193 3576 5264 γὰρ
3603 5193 3728 5264 βιω-

2149 5262 2298 5327 τικὰ,
2328 5263 2586 5334 βαλανεῖα
2623 5267 2768 5335 λέγω
2814 5270 2910 5322 καὶ
2952 5270 3163 5334 δεῖπνα,
3211 5275 3260 5326 εί
3307 5274 3400 5327 καὶ
3430 5262 3724 5343 ἀναγκαῖα,

2146 5347 2296 5417 ὅμως
2317 5348 2554 5418 συνεχῶς
2578 5351 2838 5420 γινόμενα
2871 5353 2929 5406 τὸ
2955 5355 3114 5426 σῶμα
3137 5355 3376 5427 ἐξίτηλον
3403 5360 3724 5430 ἐργάζεται·

2147 5432 2180 5500 ἡ
2208 5431 2265 5483 δὲ
2292 5434 2398 5514 τῆς
2427 5431 2608 5502 ψυχῆς
2647 5433 2995 5502 διδασκαλία,
3027 5441 3246 5511 ὅσῳπερ
3281 5439 3346 5493 ἂν
3373 5442 3726 5514 ἐπιτείνηται,

2146 5513 2385 5585 τοσούτῳ
2436 5517 2534 5586 τὴν
2580 5516 2874 5588 δεχομένην
2923 5522 3278 5594 ἰσχυροτέραν
3328 5527 3475 5576 ποιεῖ
3527 5524 3725 5596 ψυχήν.

2147 5597 2262 5650 Νῦν
2299 5598 2358 5650 δὲ
2397 5598 2586 5669 λήροις
2637 5602 2734 5671 μὲν
2776 5603 2873 5656 καὶ
2913 5606 3202 5677 φλυαρίαις
3230 5608 3505 5677 ἀνονήτοις
3549 5609 3728 5662 πάντα

2149 5681 2340 5752 καιρὸν
2363 5682 2693 5754 ἀφορίζομεν
2713 5725 2727 5750 ,
2771 5687 2864 5739 καὶ
2891 5687 2916 5727 ἱ
2958 5687 3050 5743 τὸν
3091 5689 3196 5743 ὑπὸ
3223 5689 3320 5761 τὴν
3365 5689 3437 5743 έω
3456 5729 3470 5753 ,
3515 5691 3606 5743 καὶ
3637 5692 3728 5746 τὸν

2213 5845 2425 5911 Βξονὶἰμ.
2472 5849 2639 5896 οἶκαδε
2677 5848 2774 5895 νῦν·
2820 5851 2942 5898 ἀλλ’.
2981 5853 3153 5901 Morel.
3201 5855 3364 5904 οἶκαδε
3419 5857 3554 5911 τέως·
3605 5857 3726 5905 ἀλλ’.

2152 5907 2613 5980 ιέιίίηκλίνηηειίί
2654 5912 2853 5980 κλίναι.-
2879 5913 2912 5980 ,ί
2965 5915 3116 5980 Savil;
3142 5916 3300 5972 θήραν.
3349 5907 3725 5980 Μοτειίθὺραν.

2160 5974 2174 6042 ξ
2210 5970 2358 6042 ξεὶίί1;
2394 5973 2474 6016 καὶ
2507 5972 2534 6042 ϐ
2565 5976 2806 6032 προφήτης
2836 5977 2886 6024 δέ
2913 5977 3164 6042 φησιν,-ᾅτι
3197 5970 3242 6024 ἐν
3263 5981 3347 6042 τῷ.
3375 5980 3528 6031 Secus
3555 5970 3724 6030 Μάγοι.

2159 6036 2182 6072 ι
2211 6032 2303 6082 Καί
2347 6032 2438 6081 hoc
2479 6039 2529 6080 et
2562 6046 2781 6096 sequens
2823 6032 2965 6087 dccél
2992 6041 3039 6086 in
3067 6038 3235 6088 Mure}.
