4094 6370
428 343 530 401 119

420 469 566 523 tunc,
607 456 809 526 inquit.
838 453 1125 523 importune
1167 469 1324 525 argue
1345 494 1361 519 ,
1388 453 1626 518 obsecra,
1672 450 1876 519 increpa
1901 446 1919 515 (
1940 448 1997 503 2.

426 548 560 603 Tim.
588 554 642 604 4.
668 548 704 603 2
723 553 762 618 ).
787 549 1051 619 Propheta
1070 562 1282 619 quoque
1300 546 1374 600 ait
1399 562 1413 597 :
1446 544 1513 599 In
1536 543 1644 613 lege
1663 545 1774 613 ejus
1798 542 2003 595 medita-

432 640 560 695 bitur
581 642 664 694 die
685 657 744 695 ac
764 642 939 711 nocte(
958 639 1102 694 Psal.
1128 642 1180 694 l.
1202 639 1296 709 9.):
1330 638 1542 710 Moyses
1569 651 1781 708 quoque
1801 634 2003 692 Judmis

430 732 531 785 hoc
553 747 765 801 semper
786 731 960 785 facere
983 730 1344 799 praecipiebat.
1369 728 1499 783 Nam
1518 743 1583 784 ea
1609 742 1728 796 qua:
1749 727 1815 781 ad
1841 726 2001 779 vitam

427 831 698 889 Spectant,
727 822 912 877 balnea
940 820 1059 875 dico
1084 830 1138 876 et
1162 836 1331 876 cinna:
1352 862 1368 886 ,
1394 819 1496 875 etsi
1524 817 1823 875 necessaria
1854 817 1961 870 sint
1985 855 2001 878 ,

426 928 472 966 st
505 914 831 980 frequentius
872 911 1227 967 adhibeantur
1250 952 1265 977 ,
1304 926 1500 980 corpus
1529 916 1858 966 extenuant:
1890 907 2006 961 ani-

430 1018 528 1054 mae
560 1010 734 1055 autem
777 1001 1018 1056 doctrina
1058 1010 1259 1072 quanto
1298 1002 1467 1071 magis
1496 1001 1825 1065 inculcatur,
1860 1008 2006 1053 tanto

429 1092 702 1147 fortiorem
725 1093 899 1147 reddit
921 1096 1172 1149 animam.
1197 1094 1347 1149 Nunc
1367 1103 1545 1150 autem
1566 1094 1721 1164 nugis
1746 1092 2005 1149 inutiliter

428 1200 589 1238 omne
620 1193 829 1254 tempus
858 1185 1224 1239 consumimus
1244 1226 1263 1252 ,
1307 1200 1553 1239 auroram
1581 1225 1598 1251 ,
1644 1184 1959 1237 matutinum
1985 1222 2005 1249 ,

431 1275 705 1329 meridiem
724 1317 740 1339 ,
768 1292 1043 1345 vesperam
1077 1278 1128 1331 in
1158 1279 1448 1332 constituto
1473 1277 1592 1331 loco
1631 1292 1765 1330 vane
1794 1276 2001 1345 impen-

430 1366 639 1429 dimus;
670 1364 846 1420 divina
889 1376 1067 1421 autem
1111 1365 1354 1436 dogmata
1383 1366 1429 1419 si
1458 1365 1624 1420 semel
1671 1375 1763 1419 aut
1800 1364 1881 1419 bis
1913 1380 2009 1433 per

433 1456 819 1511 hebdomadam
867 1458 1177 1521 audiamus,
1228 1456 1614 1526 torpescimus,
1659 1470 2002 1511 nauseamus.

430 1548 643 1614 Quare?
671 1546 803 1614 Quia
851 1549 1031 1602 animo
1063 1564 1226 1617 prave
1254 1548 1431 1603 allecti
1460 1563 1665 1604 sumus.
1698 1547 2008 1617 Appetitum

431 1637 773 1705 studiumque
794 1638 909 1707 ejus
929 1639 1068 1693 circa
1099 1640 1245 1693 istaec
1266 1654 1425 1694 omne
1453 1638 1829 1705 dissolvimus;
1862 1638 2010 1694 ideo-

432 1742 536 1796 que
565 1728 892 1796 spiritualem
923 1744 1100 1783 escam
1142 1744 1247 1783 non
1279 1730 1600 1797 appetimus.
1631 1729 1876 1799 Magnum
1909 1729 2010 1784 hoc

432 1828 629 1887 praeter
656 1819 754 1872 alia
784 1828 866 1874 est
895 1820 1227 1891 aâ€˜gritudinis
1272 1821 1523 1875 indicium
1549 1863 1563 1886 ,
1594 1836 1715 1875 cum
1748 1839 1852 1875 non
1880 1837 2005 1876 csu-

435 1911 601 1965 rimus
621 1951 636 1976 ,
666 1928 764 1966 nec
788 1914 1031 1979 sitimus,
1062 1914 1156 1968 sed
1184 1925 1468 1985 utrumque
1498 1915 1653 1970 nobis
1678 1916 2007 1971 fastidiosmn

435 2012 535 2055 est.
563 2002 617 2055 Si
646 2012 823 2057 autem
870 2004 1005 2070 hoc,
1056 2020 1177 2059 cum
1224 2006 1274 2060 in
1305 2022 1531 2076 corpore
1576 2008 1798 2075 accidit,
1830 2010 2010 2078 gravis

436 2092 608 2146 morbi
640 2092 891 2148 indicium
920 2103 975 2148 et
999 2110 1157 2150 causa
1185 2105 1295 2161 est;
1329 2098 1497 2152 multo
1528 2099 1695 2169 magis
1724 2101 1775 2153 in
1807 2101 2004 2154 anima.

434 2182 713 2247 Quomodo
754 2185 913 2255 igitur
955 2187 1095 2240 illam
1127 2188 1328 2256 lapsam
1358 2198 1414 2243 et
1455 2190 1772 2245 dissolutam
1802 2194 2011 2262 erigere

436 2275 775 2342 poterimus?
803 2277 995 2347 quibus
1020 2280 1306 2348 operibus?
1336 2282 1530 2351 quibus
1554 2283 1769 2338 verbis?
1792 2284 1847 2339 Si
1875 2285 2012 2339 divi-

437 2380 536 2420 nos
562 2380 856 2432 sermones,
891 2369 1254 2439 propheticos,
1287 2374 1634 2442 apostolicos,
1669 2376 2011 2445 evangelicos

434 2456 677 2527 aliosque
702 2474 888 2514 oumes
918 2470 1225 2517 tractemus.
1253 2462 1403 2518 Tunc
1428 2466 1571 2518 enim
1598 2467 1829 2520 sciemus
1854 2468 2012 2536 longe

437 2549 627 2603 melius
647 2564 765 2605 esse
786 2551 866 2605 his
889 2552 963 2606 uti
986 2553 1138 2619 cibis,
1163 2570 1321 2623 quam
1346 2555 1568 2624 impuris
1589 2557 1707 2611 aliis
1729 2574 1744 2621 ;
1768 2558 1846 2611 sic
1867 2558 2008 2612 enim

436 2640 563 2695 licet
590 2641 990 2711 intempestivas
1016 2660 1181 2715 nugas
1210 2656 1262 2700 et
1304 2646 1765 2703 confabulationes
1797 2664 2007 2703 voeare.

436 2734 573 2801 Quid
595 2737 759 2803 enim,
780 2752 983 2806 qumso,
1013 2739 1225 2802 melius,
1250 2739 1316 2793 de
1341 2740 1641 2795 forensibus
1659 2782 1674 2807 ,
1698 2741 1764 2795 de
1788 2740 2015 2811 judicia-

437 2826 577 2881 libus
597 2869 613 2893 ,
645 2827 712 2884 de
741 2828 1061 2884 militaribus
1088 2832 1249 2886 rebus
1268 2873 1283 2899 ,
1315 2848 1383 2886 an
1411 2833 1477 2887 de
1505 2835 1805 2889 caelestibus
1831 2836 2009 2905 loqui,

435 2917 610 2987 deque
630 2918 693 2972 iis
713 2934 829 2988 qua:
852 2930 973 2989 post
1000 2920 1135 2975 hanc
1159 2923 1321 2975 vitam
1349 2923 1637 2978 eveniunt?
1657 2924 1785 2993 quid
1806 2926 2009 2990 utilius,

438 3010 507 3063 de
533 3010 709 3065 vicino
738 3022 790 3066 et
815 3012 930 3081 ejus
961 3014 1189 3083 negotiis
1216 3014 1385 3085 loqui,
1417 3030 1479 3069 ac
1500 3016 1565 3070 de
1586 3016 1777 3071 alienis
1799 3019 2013 3072 curiose

437 3104 747 3173 perquirere
766 3145 782 3171 ,
810 3120 875 3159 an
906 3105 973 3160 de
1002 3107 1202 3176 angelis
1224 3149 1238 3174 ,
1284 3116 1338 3162 et
1380 3107 1449 3161 de
1480 3109 1641 3163 rebus
1669 3124 1786 3179 qua:
1815 3110 1881 3163 ad
1914 3126 2017 3162 no-

442 3203 607 3250 stram
633 3208 908 3252 vertuntur
939 3200 1214 3255 utilitatem
1242 3243 1255 3265 ,
1287 3201 1445 3256 verba
1474 3201 1687 3257 facere?
1716 3201 1845 3269 Qum
1871 3204 2012 3257 enim

438 3287 595 3341 vieini
622 3288 692 3341 tui
720 3298 863 3355 sunt,
895 3306 999 3344 non
1031 3300 1153 3358 tua;
1183 3308 1301 3362 quae
1324 3292 1388 3346 ad
1411 3294 1573 3347 cmlos
1606 3294 1893 3363 pertinent,
1925 3306 2013 3349 tua

438 3392 581 3432 sunt.
606 3380 709 3434 Sed
739 3381 892 3446 licet,
924 3384 1157 3453 inquies,
1188 3386 1234 3438 ei
1265 3386 1351 3453 qni
1375 3387 1541 3439 semel
1567 3385 1678 3439 lucc
1701 3385 1831 3439 dixit
1854 3428 1868 3448 ,
1899 3402 2015 3440 om-

441 3471 527 3525 nia
557 3471 799 3540 implere.
826 3473 959 3539 Quid
991 3490 1115 3528 vero
1142 3474 1210 3529 de
1237 3475 1299 3528 iis
1320 3516 1334 3537 ,
1363 3491 1480 3544 quze
1505 3477 1699 3529 frustra
1729 3481 1782 3529 'et
1814 3486 2013 3531 temere

440 3562 757 3631 disputatis,
798 3579 904 3616 non
935 3565 1162 3633 idipsum
1193 3565 1437 3635 cogitatis
1458 3608 1472 3629 ,
1505 3566 1597 3621 sed
1631 3575 1795 3621 totam
1826 3567 1877 3621 in
1913 3567 2015 3623 illis

436 3654 601 3707 vitam
647 3654 1015 3724 impendentes
1038 3698 1051 3719 ,
1099 3656 1297 3710 nullum
1329 3657 1706 3726 disputationis
1740 3656 1896 3710 linem
1930 3658 2015 3710 in-

440 3745 673 3799 venitis?
707 3744 942 3800 Necdum
986 3746 1106 3801 dico
1135 3746 1219 3801 his
1250 3748 1405 3817 longe
1442 3749 1707 3818 graviora.
1760 3746 1889 3802 Nam
1929 3749 2017 3818 qui

1798 3955 2145 4019 HOMILIA
2187 3956 2368 4018 XIX.

436 4103 528 4158 41.
574 4099 772 4155 Invenit
816 4101 896 4155 hic
934 4101 1128 4172 primus
1174 4102 1381 4173 fratrem
1425 4119 1571 4155 suum
1618 4103 1910 4167 Simonem,
1962 4114 2009 4158 et

509 4194 630 4247 dicit
656 4194 701 4246 ei
728 4209 748 4248 :
772 4193 1063 4247 Invenimus
1091 4191 1350 4257 Messium,
1378 4194 1511 4261 quod
1526 4203 1597 4247 est
1624 4196 2007 4264 interpretatum

502 4283 738 4339 Christus
761 4299 780 4338 :
810 4283 895 4338 42.
923 4294 970 4338 et
996 4284 1209 4338 adduxit
1232 4282 1382 4338 illum
1405 4284 1474 4337 ad
1496 4284 1695 4340 Iesum.

507 4463 561 4517 á½·.
597 4461 811 4516 Uuiom's
837 4460 985 4515 bona.
1007 4489 1080 4501 â€”
1104 4460 1241 4515 Deus
1269 4461 1418 4515 initio
1434 4476 1554 4515 cum
1572 4461 1695 4517 fecit
1717 4461 2011 4528 hominem,

440 4573 544 4611 non
588 4557 803 4625 reliquit
847 4556 995 4609 illum
1037 4556 1209 4609 solum
1237 4595 1254 4621 ,
1283 4555 1378 4610 sed
1416 4557 1564 4610 dedit
1603 4556 1655 4611 ei
1694 4557 2010 4626 adjutricem

440 4646 717 4699 mulierem
743 4686 757 4709 ,
791 4655 845 4700 ut
875 4644 1136 4700 habitaret
1171 4661 1292 4699 cum
1322 4662 1387 4701 eo
1411 4664 1425 4701 :
1448 4662 1568 4700 cum
1594 4664 1660 4701 ex
1688 4647 1790 4702 hoc
1817 4658 2013 4703 contu-

440 4737 625 4790 bernio
657 4739 878 4791 multum
925 4737 1055 4791 lucri
1098 4752 1435 4791 accessurum
1476 4747 1678 4791 nosset.
1706 4738 1843 4803 Quid
1871 4740 2015 4793 enim

437 4831 481 4884 si
514 4847 639 4893 non,
675 4830 746 4882 uti
779 4845 870 4897 par
890 4840 1023 4892 erat,
1054 4832 1154 4884 hoc
1180 4829 1438 4885 beneficio
1460 4846 1552 4883 usa
1575 4832 1644 4884 sit
1664 4833 1892 4885 mulier?
1921 4837 2015 4887 At-

404 4906 616 4974 'tanten
672 4921 716 4974 si
759 4920 835 4974 rei
881 4933 1120 4975 naturam
1172 4923 1292 4991 quis
1344 4923 1732 4989 exploraverit,
1769 4940 2011 4992 magnam

440 5015 734 5081 comperiet
763 5028 829 5066 ex
869 5012 968 5067 hoc
993 5014 1345 5067 contubernio
1384 5013 1664 5067 utilitatem
1709 5015 1759 5067 in
1791 5030 1886 5069 eos
1926 5016 2014 5084 qui

440 5118 620 5160 mente
644 5105 821 5159 valent
840 5103 1153 5157 derivatum.
1182 5104 1363 5174 Neque
1400 5105 1452 5159 id
1478 5104 1544 5159 de
1571 5106 1684 5159 viro
1729 5116 1927 5159 tantum
1963 5120 2018 5162 et

442 5216 605 5254 uxore
632 5200 851 5261 dicitur;
880 5197 972 5252 sed
1000 5198 1158 5251 etiam
1187 5198 1229 5251 si
1264 5197 1454 5251 fratres
1483 5213 1584 5251 una
1613 5198 1843 5251 vixerint
1862 5240 1875 5262 ,
1902 5200 2016 5266 pari

441 5292 703 5347 beneficio
739 5290 999 5345 fruentur.
1052 5291 1405 5355 Quamobrem
1449 5290 1699 5359 propheta
1742 5292 1951 5344 dicebat
1999 5310 2012 5343 :

444 5385 610 5450 Quam
637 5385 819 5436 bonum
859 5393 903 5435 et
946 5398 1093 5451 quam
1131 5380 1411 5448 jucundum
1434 5421 1449 5442 ,
1488 5381 1711 5434 habitare
1745 5386 1923 5451 fratres
1964 5383 2016 5434 in

438 5495 592 5530 unum
618 5476 787 5547 (Paul.
817 5477 939 5532 159..
972 5476 1065 5546 i)?
1095 5476 1394 5543 PaultISque
1443 5472 1630 5545 (Hebr.
1655 5476 1741 5529 10.
1773 5473 1867 5546 â€™25)
1898 5490 2013 5528 mo-

442 5578 533 5621 net
560 5584 625 5621 ne
650 5580 886 5623 nostrum
917 5580 1113 5623 emtum
1146 5569 1475 5621 deseramus.
1506 5567 1618 5621 lloc
1645 5567 1838 5636 quippe
1860 5577 1941 5621 est
1964 5568 2015 5622 iu

435 5675 544 5727 quo
566 5675 595 5711 a
628 5658 755 5714 feris
782 5660 1092 5715 differimus.
1123 5659 1246 5714 Ideo
1270 5658 1430 5713 urbes
1460 5661 1818 5713 construitnus
1838 5700 1853 5724 ,
1880 5660 2012 5725 fora,

438 5756 651 5820 Î”á½·ÎºÎ±Î¹Î¿Ï‚,
676 5760 735 5807 ut
766 5771 865 5807 una
886 5754 1093 5810 collecti
1117 5755 1304 5821 simus,
1334 5769 1439 5807 non
1463 5751 1761 5807 habitaculo
1785 5763 2011 5819 tantum,

1204 338 1262 396 S.
1300 335 1574 395 JOANNIS
1607 331 2078 394 CIIRYSOSTOMI
2117 330 2432 390 ARCHIEP.
2472 328 2995 387 CONSTANTINOP.

3588 328 3688 385 120

2110 445 2467 501 modestiores
2514 455 2670 512 sunt,
2703 446 2787 501 his
2829 446 2897 501 de
2924 446 3083 503 rebus
3131 454 3315 501 mutuo
3345 445 3645 501 fabulantur
3666 484 3685 511 ,

2108 536 2386 605 segniores
2415 547 2593 592 autem
2624 538 3032 609 ignavioresque
3053 578 3070 605 ,
3103 539 3296 594 mimos
3316 578 3333 605 ,
3364 538 3683 603 saltatores,

2108 629 2317 699 aurigas
2342 628 2393 684 in
2429 644 2679 686 sermone
2702 646 2917 700 semper
2954 640 3204 699 versant,
3231 631 3470 685 auditum
3493 630 3682 685 detur-

2109 728 2332 788 pantes,
2378 722 2613 775 animam
2653 722 3070 788 labefactantes;
3114 732 3467 794 naturamque
3495 722 3684 791 hujus-

2110 810 2253 865 modi
2281 811 2675 867 narrationibus
2702 814 3028 883 przecipitem
3052 822 3235 884 agunt,
3257 822 3311 868 et
3337 814 3388 871 in
3409 828 3568 866 omne
3592 811 3685 865 llo-

2109 902 2219 971 gitii
2248 917 2415 972 genus
2438 902 2675 957 animum
2704 903 2982 959 inducunt.
3010 902 3141 959 Nam
3171 905 3495 975 simulatque
3519 904 3684 959 salta-

2112 992 2243 1047 toris
2282 1009 2476 1049 nomen
2506 995 2767 1065 prolatum
2794 996 2897 1050 fuit
2918 1037 2935 1064 ,
2967 996 3147 1050 statim
3189 997 3241 1051 in
3269 997 3449 1050 anima
3490 996 3682 1065 depin-

2110 1085 2252 1153 gitur
2277 1086 2393 1153 ejus
2424 1087 2587 1143 facies
2611 1130 2626 1154 ,
2658 1104 2833 1156 coma,
2866 1090 3045 1144 mollis
3071 1091 3255 1156 vestis,
3307 1091 3503 1161 illeque
3540 1099 3685 1145 toms

2113 1178 2196 1232 his
2224 1179 2378 1249 longe
2416 1182 2645 1236 mollior.
2675 1183 2826 1237 Alius
2865 1198 3077 1237 rursum
3112 1183 3379 1237 flammam
3407 1183 3603 1238 excitat
3629 1190 3686 1238 et

2112 1269 2291 1337 fovet,
2321 1271 2448 1326 dum
2480 1274 2817 1329 meretricem
2844 1275 2896 1329 in
2925 1274 3411 1330 confabulationem
3442 1274 3683 1341 inducit,

2112 1360 2333 1430 ejusque
2390 1362 2572 1425 verba,
2622 1363 2893 1429 habitum,
2937 1365 3119 1420 oculos
3170 1365 3429 1429 lascivos,
3473 1364 3683 1419 mollem

2113 1462 2417 1522 aspectum,
2465 1456 2756 1511 concinnos
2790 1456 3122 1526 capillorum,
3168 1455 3371 1512 fucatas
3414 1455 3687 1527 pictasque

2114 1559 2299 1615 genas.
2332 1547 2522 1601 Annon
2566 1546 2693 1617 quid
2737 1546 3026 1603 humanum
3073 1547 3212 1617 passi
3258 1548 3391 1602 estis
3417 1548 3542 1601 dum
3572 1545 3686 1601 lucc

2113 1638 2423 1693 narrarem?
2463 1639 2568 1695 Sed
2607 1656 2675 1694 ne
2720 1638 2915 1709 pudeat
2972 1639 3160 1705 vobis,
3207 1654 3275 1694 ne
3312 1637 3683 1694 erubescatis:

2114 1740 2314 1785 natura:
2342 1746 2569 1800 namque
2599 1730 2889 1785 necessitas
2912 1730 2962 1785 id
2990 1731 3188 1801 exigit,
3218 1740 3274 1785 et
3298 1730 3377 1785 sic
3399 1729 3573 1784 anima
3604 1728 3662 1782 af
3674 1757 3685 1765 -

2115 1822 2293 1876 ï¬citur
2313 1838 2408 1892 pro
2433 1823 2639 1877 ratione
2662 1837 2845 1877 eorum
2874 1837 2992 1892 quae
3019 1830 3321 1876 narrantur.
3350 1819 3505 1888 Quod
3532 1820 3575 1873 si
3600 1836 3685 1873 me

2116 1915 2384 1984 loquente,
2403 1916 2447 1969 si
2471 1916 2521 1969 in
2538 1915 2760 1971 ecclesia
2782 1923 3005 1979 stantes,
3023 1915 3067 1969 si
3089 1914 3156 1967 ab
3176 1914 3279 1968 illis
3293 1914 3483 1969 semnti
3505 1913 3685 1977 rebus,

2118 2006 2314 2075 aliquid
2344 2007 2631 2061 humanum
2659 2006 2936 2061 audientes
2963 2006 3200 2077 patimini
3226 2046 3242 2072 ,
3271 2007 3442 2075 cogita
3471 2020 3575 2075 quo
3603 2005 3685 2059 af-

2116 2095 2257 2152 fectu
2287 2098 2393 2152 sint
2420 2097 2455 2151 ii
2486 2098 2574 2167 qui
2602 2098 2655 2151 in
2690 2098 2896 2152 theatro
2943 2097 3131 2151 sedent
3151 2137 3165 2160 ,
3199 2096 3411 2151 licentia
3456 2097 3688 2150 fruentes

2118 2190 2302 2255 multa,
2332 2198 2482 2244 extra
2509 2189 2649 2243 lnmc
2672 2189 2951 2243 honestum
2979 2188 3442 2258 venerandumque
3467 2202 3687 2242 conses-

2116 2296 2255 2345 sum,
2282 2296 2403 2333 cum
2436 2279 2760 2350 impudentia
2790 2294 2979 2350 magna
3005 2279 3091 2333 illa
3122 2278 3362 2333 videntes
3383 2287 3440 2334 et
3457 2279 3679 2333 audienc

2119 2381 2220 2427 tes.
2256 2373 2318 2426 Et
2358 2386 2454 2426 cur
2475 2413 2490 2438 ,
2537 2371 2680 2425 dicet
2720 2370 2946 2426 fortasse
2987 2371 3248 2441 quispiam
3277 2386 3342 2425 ex
3374 2370 3435 2424 iis
3461 2370 3548 2440 qui
3579 2386 3682 2424 non

2118 2464 2375 2519 adhibent
2398 2465 2631 2518 animum
2654 2505 2668 2528 ,
2697 2465 2741 2518 si
2787 2473 2990 2518 naturae
3034 2464 3326 2518 necessitas
3349 2464 3425 2518 sic
3454 2463 3686 2517 animant

2118 2554 2303 2620 allicit,
2331 2555 2413 2608 illa
2446 2556 2627 2609 relicta
2648 2595 2664 2620 ,
2696 2569 2794 2609 nos
2830 2555 3091 2609 accusas?
3119 2554 3249 2622 Quia
3281 2553 3394 2609 lucc
3421 2553 3687 2608 audiendo

2118 2645 2374 2709 emolliri,
2404 2645 2531 2699 illud
2559 2661 2691 2715 opus
2718 2654 2801 2699 est
2826 2656 3029 2699 natura:
3053 2662 3067 2700 :
3103 2646 3224 2699 talia
3255 2655 3433 2700 autem
3459 2645 3643 2701 audire
3667 2684 3684 2710 .

2120 2754 2226 2791 non
2250 2748 2450 2791 natura:
2471 2745 2573 2803 est,
2597 2736 2689 2791 sed
2711 2737 2914 2791 arbitrii
2939 2746 3233 2805 peceatum.
3253 2734 3690 2806 Quandoquidem

2118 2845 2239 2884 cum
2262 2830 2428 2899 quise
2456 2830 2559 2899 igni
2585 2829 2889 2895 admoveat,
2920 2829 2999 2883 uri
3030 2844 3251 2883 necesse
3275 2838 3389 2891 est;
3418 2827 3468 2882 id
3498 2842 3687 2894 nempe

2122 2921 2237 2974 vult
2262 2930 2462 2974 natura:
2482 2921 2764 2976 infirmitas
2787 2939 2802 2976 :
2830 2936 3012 2977 verum
3034 2936 3138 2973 non
3169 2928 3355 2973 natura
3383 2935 3481 2973 nos
3508 2917 3611 2988 igni
3638 2927 3693 2973 et

2122 3013 2316 3068 ustioni
2347 3013 2597 3068 admovet
2623 3032 2638 3068 :
2671 3013 2723 3067 id
2750 3013 2890 3068 enim
2920 3028 2986 3068 ex
3021 3028 3269 3082 perversa
3295 3012 3469 3066 solum
3500 3012 3694 3065 volun-

2121 3116 2228 3162 tate
2261 3107 2476 3176 pendet.
2510 3106 2623 3161 l'loc
2654 3107 2813 3176 igitur
2840 3106 3111 3161 admoveri
3143 3106 3265 3160 volo
3295 3116 3348 3160 et
3376 3105 3605 3175 corrigi,
3638 3113 3696 3160 ut

2122 3216 2190 3253 ne
2215 3210 2403 3268 sponte
2431 3215 2525 3253 vos
2554 3200 2852 3268 praecipites
2879 3199 3017 3255 dctis
3040 3240 3055 3264 ,
3087 3213 3261 3267 neque
3284 3198 3349 3253 ad
3377 3197 3694 3266 profundum

2124 3292 2372 3360 nequitia:
2393 3307 2485 3345 vos
2508 3291 2810 3359 impellatis,
2829 3292 2911 3345 vel
2936 3300 3125 3359 sponte
3138 3290 3361 3344 curratis
3382 3289 3445 3343 ad
3472 3304 3690 3359 rogum;

2124 3400 2191 3436 ne
2220 3385 2446 3436 ï¬‚amma:
2485 3383 2697 3437 diabolo
2728 3392 2924 3452 parata:
2955 3398 3050 3437 nos
3092 3382 3354 3436 obnoxios
3385 3383 3691 3436 reddamus.

2128 3473 2338 3529 Utinam
2364 3488 2490 3528 vero
2517 3488 2612 3527 nos
2643 3489 2830 3528 omnes
2855 3473 2923 3527 ab
2951 3474 3049 3527 hac
3071 3483 3123 3527 et
3155 3474 3242 3527 illa
3269 3472 3481 3527 flamma
3503 3472 3691 3542 erepti,

2125 3566 2177 3620 in
2220 3567 2393 3622 sinum
2425 3566 2658 3620 Abrahae
2689 3567 3043 3636 recipiantur,
3073 3566 3241 3635 gratia
3271 3577 3325 3622 et
3374 3567 3697 3637 benignitate

2126 3658 2333 3711 Domini
2362 3658 2524 3711 nostri
2563 3657 2690 3712 Jesu
2718 3657 2940 3725 ChriSIi,
2967 3657 3181 3726 quicum
3213 3659 3352 3712 Patri
3380 3659 3584 3728 gloria,
3617 3660 3698 3713 si-

2128 3750 2345 3818 mnlqne
2367 3759 2551 3803 sancto
2570 3748 2810 3818 Spiritui,
2837 3750 2889 3802 in
2920 3747 3112 3803 saecula
3136 3748 3475 3802 swculorum.
3501 3752 3691 3805 Amen.

3532 3879 3698 3899 -Ï…

2127 4104 2219 4159 sed
2252 4113 2306 4157 et
2329 4104 2569 4159 caritatis
2606 4104 2840 4160 vinculo.
2872 4106 3004 4159 Cum
3048 4107 3191 4165 enim
3224 4115 3410 4160 natura
3449 4115 3627 4162 nostra
3666 4123 3698 4163 a

2122 4195 2412 4251 Conditore
2438 4197 2505 4250 ita
2535 4198 2669 4251 facta
2692 4198 2779 4261 sit,
2808 4207 2863 4251 ut
2883 4198 3001 4253 aliis
3030 4206 3205 4267 egeat,
3237 4214 3335 4253 nec
3364 4200 3463 4253 sibi
3493 4200 3588 4269 ipsi
3613 4216 3698 4253 sa-

2124 4291 2191 4341 tis
2215 4288 2322 4342 sit:
2354 4304 2463 4343 rem
2490 4289 2569 4344 sic
2605 4300 2725 4359 apte
2750 4290 3082 4356 dispensavit
3121 4290 3292 4353 Deus,
3324 4300 3381 4344 ut
3410 4292 3693 4361 indigentia

2123 4378 2423 4448 lmjusmodi
2454 4394 2483 4433 a
2512 4389 2697 4434 mutuo
2723 4382 2992 4436 consortio
3021 4389 3077 4437 et
3102 4397 3131 4435 a
3167 4385 3517 4438 conventibus
3542 4384 3691 4453 juve-

2123 4484 2228 4528 tur.
2255 4474 2481 4544 ldeoque
2507 4474 2703 4543 nuptiae
2726 4475 3025 4529 constituta:
3052 4485 3177 4529 sunt
3208 4477 3250 4540 á½·,
3293 4484 3351 4530 ut
3376 4476 3517 4546 quod
3542 4477 3696 4531 alteri

2122 4567 2295 4633 deest,
2316 4567 2383 4622 ab
2406 4568 2575 4623 altero
2594 4568 2923 4637 suppleatur,
2946 4568 3129 4637 sicque
3150 4577 3357 4636 natura,
3385 4584 3505 4639 qua:
3529 4584 3696 4639 egena

2121 4669 2271 4724 erat,
2299 4659 2399 4713 sibi
2439 4658 2652 4714 tandem
2690 4658 2916 4722 sufï¬cit;
2944 4659 3015 4715 ita
3051 4670 3109 4713 ut
3134 4659 3258 4714 licet
3292 4661 3536 4716 mortalis
3559 4661 3697 4717 facta

2121 4751 2217 4818 sit,
2245 4752 2583 4806 successione
2606 4767 2704 4807 ceu
2731 4750 3030 4805 diuturnam
3074 4751 3523 4808 immortalitatem
3577 4768 3696 4809 ser-

2122 4855 2227 4897 vet.
2250 4844 2493 4899 Poteram
2518 4845 2631 4899 lucc
2648 4844 2810 4898 fusius
2835 4844 3104 4915 prosequi,
3122 4844 3512 4915 ostcndereque
3532 4862 3697 4915 quan-

2124 4943 2232 4988 tum
2261 4949 2326 4989 ex
2354 4935 2539 4988 intima
2568 4944 2621 4989 et
2658 4935 2864 4989 sincera
2889 4935 3263 5004 conjunctione
3293 4936 3425 4990 lucri
3452 4937 3691 4992 accedat.

2122 5026 2229 5081 Sed
2256 5026 2394 5080 aliud
2424 5028 2584 5081 instat
2610 5026 2961 5091 tractandum,
2984 5026 3135 5093 cujus
3164 5029 3326 5097 gratia
3351 5028 3466 5083 haec
3486 5044 3515 5082 a
3538 5030 3694 5085 nobis

2122 5120 2258 5174 dicta
2286 5132 2425 5176 sunt.
2454 5112 2694 5175 Andreas
2720 5135 2841 5174 cum
2864 5120 3001 5188 apud
3028 5120 3209 5176 Jesum
3230 5122 3535 5187 mansisset,
3563 5123 3699 5176 mul-

2124 5221 2280 5281 taque
2313 5211 2603 5276 didicisset,
2642 5229 2745 5265 non
2776 5212 3084 5267 thesaurum
3111 5214 3161 5267 in
3191 5228 3250 5268 se
3273 5214 3579 5277 abscondit,
3601 5215 3695 5269 sed

2124 5304 2336 5357 festinat
2370 5316 2425 5357 et
2449 5304 2615 5357 currit
2650 5304 2716 5356 ad
2748 5303 2963 5357 fratrem
2985 5345 3001 5371 ,
3028 5306 3145 5372 ejus
3181 5305 3352 5371 ipsum
3394 5314 3694 5360 consortem

2122 5393 2445 5447 redditurus.
2487 5392 2593 5447 Cur
2626 5409 2751 5447 vero
2784 5412 2886 5447 non
2920 5396 3153 5449 narravit
3191 5394 3427 5451 Joannes
3457 5395 3582 5466 quid
3609 5396 3695 5450 di-

2121 5484 2258 5539 xerit
2298 5484 2375 5538 eis
2412 5483 2692 5539 Christus?
2737 5494 2790 5538 et
2827 5484 3089 5539 undenam
3141 5486 3512 5555 cognoscimus
3553 5486 3696 5555 ipSos

2186 5640 2200 5668 Î¹
2235 5636 2367 5693 meo,
2394 5635 2594 5697 ideoque
2618 5636 2796 5698 nuntia:
2820 5635 3083 5685 constituta:
3109 5640 3244 5698 sunt,
3279 5635 3458 5684 desunt
3482 5634 3693 5698 inSavil.

2121 5705 2259 5762 testu
2282 5706 2332 5745 et
2350 5695 2633 5759 quibnstuun
2657 5695 3016 5762 manuscriptis;
3034 5696 3120 5747 sed
3139 5695 3379 5747 habentur
3398 5698 3447 5748 iu
3469 5695 3591 5758 aliis,
3605 5709 3696 5747 nec

2121 5760 2343 5810 videntur
2365 5773 2741 5821 supervacanea.
