4094 6370
328 349 429 404 H9

322 472 454 545 περί
483 471 686 540 δείλης,
716 470 810 524 καὶ
838 468 1204 540 μεσημϐρίαν,
1249 471 1343 524 καὶ
1375 471 1614 542 ἑσπέραν
1644 471 1701 524 δὲ
1732 472 1904 543 αὐτὴν

329 554 716 624 συνεδρεύομεν
744 552 889 624 εικῆ,
913 553 1005 607 καὶ⁹
1022 552 1220 615 τόπους
1240 554 1320 616 είς
1340 553 1495 606 τοῦτο
1518 552 1867 624 ἀπετάξαμεν
1885 571 1900 586 ο

320 638 429 690 τῶν
468 637 527 689 δὲ
563 636 726 689 θείων
754 635 1041 705 δογμάτων
1085 635 1235 698 ἅπαξ
1266 636 1298 703 ἢ
1338 637 1420 699 δὶς
1469 637 1569 705 τῆς
1611 637 1905 707 ἑϐδομάδος

324 718 634 781 ἀκούοντες,
669 718 992 788 ναυτιῶμεν,
1024 718 1295 789 διακορεῖς
1322 718 1602 790 γινόμεθα.
1632 720 1698 773 Τί
1724 716 1816 774 οῦν
1844 721 1905 774 τὸ

323 803 530 863 αῖτιον;
572 800 773 863 Κακῶς
813 799 1132 870 διακείμεθα
1176 801 1278 871 τὴν
1307 801 1504 872 ψυχήν.
1535 802 1608 855 Τὸ
1638 804 1905 873 ἐπιθυμη-

324 884 475 936 τικδν
498 885 667 955 αὐτῆς
699 883 760 935 τὸ
792 884 920 953 περί
946 883 1118 936 ταῦτα
1147 885 1242 937 καὶ
1266 885 1547 955 ὀρεκτικὸν
1577 885 1906 955 ἐξελύσαμεν

324 969 491 1021 ᾶπαν.
512 969 613 1019 Διά
643 964 803 1019 τοῦτο
836 966 936 1019 οὐκ
966 966 1202 1037 ἐρρωται
1237 968 1374 1039 πρὸς
1406 967 1503 1039 τὴν
1535 969 1632 1037 τῆς
1664 985 1906 1038 πνευμα-

323 1053 483 1122 τικῆς
516 1050 723 1122 τροφῆς
755 1050 954 1120 ὄρεξιν.
1005 1049 1158 1119 Μέγα
1204 1050 1261 1104 δὲ
1303 1051 1397 1104 καὶ
1432 1051 1591 1104 τοῦτο
1637 1051 1774 1121 μετά
1799 1051 1906 1105 τῶν

324 1137 499 1190 ὄλλων
555 1134 869 1209 ἀρρωστίας
913 1135 1235 1204 τεκμήριον,
1288 1133 1351 1187 τὸ
1397 1136 1472 1205 μὴ
1522 1137 1733 1206 πεινῇν,
1772 1134 1905 1205 μηδέ

325 1220 508 1292 διψῇν,
527 1220 662 1272 ἀλλὰ
693 1217 1039 1289 δυσαρέστως
1065 1219 1205 1289 πρὸς
1228 1216 1515 1287 ἀμφότερα
1557 1218 1721 1288 ἐχειν.
1748 1217 1812 1271 Εί
1848 1217 1906 1271 δὲ

326 1304 420 1356 ἐπὶ
456 1303 723 1372 σωμάτων
756 1300 917 1354 τοῦτο
969 1301 1299 1372 συμϐαῖνον,
1331 1301 1633 1370 νοσήματος
1670 1300 1906 1371 χαλεποῦ

326 1388 624 1456 τεκμήριον
667 1387 761 1439 καί⁵
788 1384 1101 1455 ἀρρωστίας
1135 1382 1451 1452 ποιητικόν
1497 1383 1677 1453 πολλῷ
1708 1384 1908 1453 μᾶλλον

328 1469 422 1521 ἐπὶ
445 1470 545 1538 τῆς
573 1467 772 1536 ψυχῆς.
817 1466 944 1529 Πῶς
987 1462 1082 1520 οὖν
1127 1466 1297 1535 αὐτὴν
1326 1467 1782 1521 ἀναπεπτωκυῖαν
1812 1466 1908 1521 καὶ

328 1549 691 1620 ἐκλελυμένην
738 1548 1052 1620 ἀναρρῶσαι
1091 1549 1463 1620 δυνησόμεθα;
1495 1548 1548 1603 τί
1596 1549 1905 1614 ποιοῦντες,

328 1635 493 1703 φησὶ,
526 1633 622 1685 καὶ
668 1632 722 1684 τε
756 1631 1039 1700 λέγοντες;
1096 1631 1419 1703 ’Λπτόμενοι
1445 1630 1555 1685 τῶν
1601 1631 1773 1699 λόγων
1800 1631 1909 1684 τῶν

329 1717 509 1779 θείων,
543 1715 918 1787 προφητικῶν,
937 1714 1332 1779 ἀποστολικῶν,
1368 1714 1776 1784 εὐαγγελικῶν,
1812 1715 1907 1768 καὶ

326 1800 437 1854 τῶν
465 1800 640 1854 ἄλλων
686 1800 960 1854 ἁπάντων.
994 1799 1127 1852 Τότε
1159 1800 1267 1871 γὰρ
1292 1799 1571 1871 εἰσόμεθα,
1612 1800 1695 1853 ὅτι
1729 1797 1910 1869 πολλῷ

331 1884 539 1955 βέλτιον
568 1883 739 1936 ταῦτα
774 1883 1068 1947 σιτεῖσθαι,
1096 1883 1130 1953 ἢ
1155 1883 1254 1947 τὰς
1280 1883 1625 1954 ἀκαθάρτους
1660 1882 1868 1955 τροφάς
1890 1898 1905 1913 ⁸

328 1968 471 2021 οὓτω
498 1968 605 2037 γὰρ
637 1967 741 2038 χρὴ
775 1967 873 2030 τὰς
912 1966 1176 2038 ἀκαίρους
1210 1966 1479 2037 φλυαρίας
1518 1966 1614 2020 καὶ
1658 1967 1911 2030 συνόδους

328 2052 533 2105 καλεῖν.
564 2051 629 2103 Τί
652 2051 760 2121 γὰρ
783 2050 1026 2119 ἄμεινον,
1060 2049 1181 2101 εἰπέ
1219 2066 1331 2119 μοι,
1356 2050 1485 2119 περὶ
1513 2048 1619 2102 τῶν
1648 2048 1790 2102 κατά
1811 2050 1912 2120 τὴν

328 2135 535 2202 ἀγορὰν
555 2177 568 2199 ,
609 2136 739 2205 περὶ
770 2133 880 2187 τῶν
910 2135 967 2186 ἐν
995 2134 1106 2196 τοῖς
1136 2131 1525 2202 δικαστηρίοις,
1561 2132 1691 2205 περὶ
1718 2132 1824 2186 τῶν
1854 2136 1913 2187 ἐν

329 2216 406 2286 τῷ
438 2216 784 2288 στρατοπέδῳ
813 2216 1175 2284 διαλέγεσθαι,
1213 2214 1247 2285 ἧ
1279 2217 1407 2286 περὶ
1434 2214 1541 2267 τῶν
1575 2216 1635 2267 ὲν
1666 2216 1913 2286 οὐρανοῖς

330 2304 423 2355 καὶ
451 2301 579 2371 περὶ
610 2301 719 2354 τῶν
749 2299 889 2370 μετὰ
908 2300 1006 2371 τὴν
1038 2297 1289 2351 ἐντεῦθεν
1320 2297 1669 2368 ἀποδημίαν;
1700 2298 1766 2351 Τί
1788 2298 1913 2369 βέλο

329 2404 463 2449 τιον,
504 2385 635 2455 περὶ
659 2383 752 2438 τοῦ
782 2383 1021 2452 γείτονος
1060 2381 1241 2435 λαλεῖν
1270 2381 1366 2436 καὶ
1409 2382 1518 2435 τῶν
1549 2380 1644 2435 τοῦ
1672 2381 1916 2451 γείτονος

333 2468 696 2541 πραγμάτων,
723 2468 819 2519 καὶ
842 2465 912 2519 τά
944 2464 1200 2538 ἀλλότρια
1242 2464 1740 2536 πολυπραγμονεῖν,
1777 2466 1811 2536 ἢ
1846 2464 1915 2519 τὰ

331 2551 439 2606 τῶν
462 2550 711 2619 ἀγγέλων
737 2549 833 2602 καὶ
872 2548 942 2602 τὰ
970 2550 1103 2621 ήμῖν
1140 2549 1325 2611 αὐτοῖς
1355 2548 1678 2619 διαφέροντα
1707 2546 1915 2619 ἀναζη-

330 2637 471 2699 τεῖν;
500 2635 580 2688 Τὰ
617 2635 715 2704 μὲν
738 2634 847 2705 γὰρ
878 2633 975 2687 τοῦ
1006 2633 1263 2702 γείτονος,
1298 2632 1361 2687 οὐ
1386 2632 1604 2694 πάντως
1639 2631 1710 2684 σά
1729 2649 1742 2663 -
1765 2630 1834 2683 τά
1860 2630 1917 2683 δὲ

332 2720 441 2772 τῶν
466 2718 736 2788 οὐρανῶν,
771 2718 859 2771 σά.
903 2716 1042 2771 Ἀλλ’
1074 2716 1272 2779 ἔνεστι,
1306 2715 1494 2785 φησὶν,
1523 2714 1670 2781 ἅπαξ
1694 2714 1918 2767 εἰπόντα

332 2803 526 2871 ταῦτα,
560 2803 850 2873 πληρῶσαι
883 2802 944 2856 τὸ
975 2803 1103 2858 πᾶν.
1141 2800 1206 2855 Τί
1248 2801 1307 2854 δὲ
1355 2800 1485 2870 περὶ
1502 2792 1577 2851 ὧν
1605 2796 1917 2866 διαλέγεσθε

334 2887 517 2958 μάτην
558 2886 654 2940 καὶ
683 2886 827 2956 εἰκῆ,
861 2885 963 2938 οὐκ
994 2885 1221 2938 ἐννοεῖτε
1247 2881 1427 2945 τοῦτο,
1458 2880 1595 2936 ἀλλά
1618 2880 1794 2934 πάντα
1826 2878 1919 2933 τὸν

334 2970 452 3040 βίον
498 2970 579 3032 είς
609 2967 772 3021 τοῦτο
820 2967 1337 3029 καταναλίσκοντες,
1382 2967 1484 3036 τὴν
1531 2962 1789 3016 ὑπόθεσιν
1819 2961 1919 3033 τὴν

334 3055 464 3126 περί
493 3052 701 3107 τούτων
737 3051 993 3106 οὐδέποτε
1022 3050 1503 3119 κατεδαπανήσατε
1533 3060 1559 3089 ιι
1586 3065 1599 3113 ;
1629 3047 1737 3099 Καὶ
1765 3044 1919 3099 οῦπω

333 3137 477 3205 λέγω
510 3136 581 3189 τὰ
626 3134 808 3207 πολλῷ
844 3134 1050 3189 τούτων
1100 3131 1498 3204 φορτικώτερα.
1560 3131 1623 3183 Οἰ
1663 3130 1763 3201 μὲν
1810 3127 1919 3201 γὰρ

339 3220 753 3287 ἐπιεικέστεροι,
791 3216 967 3272 ταῦτα
1000 3217 1133 3288 πρὸς
1162 3216 1425 3287 ἀλλήλους
1463 3214 1796 3282 διαλέγονται
1817 3230 1833 3245 ο
1868 3213 1919 3266 οἱ

334 3306 395 3359 δὲ
438 3304 802 3375 ῥαθυμότεροι
835 3304 927 3356 καὶ
961 3300 1540 3373 μᾶλλονὴμελημένοι,
1576 3299 1776 3369 μίμους
1824 3296 1922 3351 καὶ

335 3388 611 3460 ὀρχηστὰς
658 3387 752 3440 καὶ
785 3386 1032 3457 ἡνιόχους
1080 3388 1139 3440 ἐν
1182 3387 1297 3447 τοῖς
1334 3383 1514 3439 αὐτῶν
1565 3382 1922 3452 περιφέρουσι

336 3474 538 3541 λόγοις,
566 3472 663 3543 τὴν
690 3471 859 3542 ἀκοὴν
891 3470 1231 3542 μολύνοντες,
1262 3469 1361 3540 τὴν
1380 3467 1557 3538 ψυχὴν
1579 3466 1922 3536 διαφθείρον-

336 3575 451 3623 τες,
467 3558 567 3629 τὴν
587 3558 749 3625 φύσιν
764 3553 1189 3625 ἐκϐακχεύοντες
1204 3553 1413 3616 τούτοις
1432 3555 1545 3615 τοῖς
1565 3551 1918 3623 διηγήμασιν,

337 3642 487 3699 ἅπαν
515 3641 717 3705 κακίας
749 3637 885 3704 εἶδος
920 3643 999 3704 εἰς
1023 3641 1123 3710 τὴν
1170 3638 1377 3693 ἑαυτῶν
1408 3635 1648 3690 διάνοιαν
1675 3634 1761 3686 διὰ
1788 3631 1921 3686 ταύ-

337 3744 440 3797 της
467 3727 781 3795 εἰσάγοντες
800 3724 898 3794 τῆς
919 3722 1223 3787 διαλέξεως.
1252 3722 1405 3790 Ἀμα
1434 3719 1542 3791 γὰρ
1566 3716 1865 3786 ἐφθέγξατο
1887 3717 1921 3785 ή

455 3818 539 3880 Sic
558 3816 735 3880 Savil.,
759 3815 1124 3873 ηοωιπούτων
1148 3814 1281 3863 οὔπω
1303 3814 1385 3861 καὶ
1405 3810 1486 3860 νῦν
1509 3811 1672 3860 κατεδ.

1345 343 1411 398 IN
1450 341 1765 399 JOANNEM
1802 342 2032 398 "OM"...
2077 343 2217 401 XIX.
2258 346 2331 401 al.
2371 346 2559 403 XVIII.

3478 346 3579 399 120

2003 473 2218 541 γλῶττα
2249 474 2342 529 τοῦ
2369 473 2697 546 ὀρχουμένου
2722 473 2783 525 τὸ
2804 472 2975 540 δνομα
2993 509 3007 533 ,
3039 468 3132 522 καὶ
3162 468 3363 527 εὐθέως
3390 467 3579 518 ἀνετύ-

2002 574 2185 611 πωσεν
2210 560 2245 629 ή
2270 558 2417 629 ψυχὴ
2445 558 2544 629 τήν
2564 557 2708 626 ὄψιν,
2736 556 2835 626 τὴν
2866 555 3043 625 κόμην
3067 592 3081 615 ,
3108 551 3206 621 τήν
3243 550 3445 618 ἐσθῆτα
3480 550 3579 615 τὴν

2002 642 2233 713 ἁπαλὴν,
2288 641 2450 696 αὐτὸν
2493 642 2698 693 ἐκεῖνον
2741 638 2947 692 τούτων
2993 634 3381 705 μαλακώτερον
3428 630 3575 685 ὄντα.

2005 723 2228 794 Ἕτερος
2254 725 2415 779 πάλιν
2438 724 2525 778 ἐτέ
2534 724 2703 796 ρωθεν
2723 720 3037 792 ἀνερῤίπισε
3056 718 3155 789 τὴν
3173 718 3366 787 φλόγα,
3390 717 3578 783 γυναῖ-

2002 826 2076 862 κα
2122 808 2269 880 [MO]
2292 810 2498 879 πόρνην
2519 810 2598 870 εἰς
2612 809 2709 879 τὴν
2720 804 2953 870 διάλεξιν
2977 800 3304 870 εἰσαγαγὼν,
3319 797 3579 866 κάκείνης

2001 892 2071 944 τά
2109 878 2345 962 ῥήματα,
2369 878 2445 944 τὰ
2474 878 2748 961 σχήματα,
2778 890 2888 942 τῶν
2919 886 3180 957 ὀμμάτων
3212 884 3311 947 τὰς
3332 884 3580 953 διαστρο-
3674 878 3677 879 ⁷

2003 975 2133 1043 φάς.
2167 975 2268 1043 τῆς
2294 974 2470 1044 ὅψεως
2488 974 2549 1027 τὸ
2582 973 2767 1042 ὑγρὸν,
2795 972 2905 1024 τῶν
2932 968 3134 1041 τριχῶν
3166 966 3265 1031 τάς
3307 964 3578 1037 στρεϐλώ-

2006 1073 2139 1120 σεις,
2171 1057 2280 1110 τῶν
2310 1056 2551 1127 παρειῶν
2578 1055 2646 1109 τὰ
2672 1053 3045 1125 ἐπιτρίμματα
3065 1091 3081 1112 .
3109 1050 3206 1115 τὰς
3232 1048 3576 1121 ὑπογραφάς.

2005 1135 2153 1211 *Αρα
2180 1140 2281 1193 οὐκ
2324 1139 2555 1193 ἐπάθετέ
2587 1157 2641 1192 τι
2678 1138 2773 1191 καὶ
2806 1134 2938 1207 ἐμοῦ
2981 1133 3155 1188 ταῦτα
3190 1132 3577 1204 διηγουμένου;

2020 1222 2180 1275 Ἀλλά
2211 1223 2285 1294 μὴ
2316 1223 2659 1295 αἰσχυνθῆτε,
2697 1219 2830 1291 μηδὲ⁹
2861 1216 3222 1290 ἐρυθριάσητε
3241 1232 3255 1247 ο
3278 1218 3312 1286 ὴ
3344 1214 3453 1285 γάρ
3479 1213 3582 1283 τῆς

2006 1306 2221 1373 φύσεως
2264 1308 2479 1379 ἀνάγκη
2513 1306 2669 1360 τοῦτο
2706 1304 2959 1364 ἀπαιτεῖ,
2992 1302 3087 1354 καὶ
3134 1300 3276 1354 οὕτω
3311 1296 3581 1367 διατίθησι

2004 1389 2104 1459 τήν
2154 1390 2354 1460 ψυχὴν,
2402 1389 2477 1453 ὡς
2504 1389 2571 1443 ἂν
2614 1390 2647 1460 ή
2697 1387 2807 1439 τῶν
2837 1382 3330 1453 ἀπαγγελλομένων
3354 1380 3583 1448 δύναμις

2006 1471 2126 1545 ἔχῃ.
2159 1474 2221 1525 Εἰ
2242 1474 2299 1526 δὲ
2318 1473 2453 1543 ἐμοῦ
2478 1470 2871 1541 φθεγγομένου,
2896 1468 3021 1521 εἰδὲ
3043 1468 3101 1519 ἐν
3132 1463 3395 1535 ἐκκλησίᾳ
3415 1460 3584 1545 ἑστῶ-

2005 1544 2117 1619 τες,
2150 1558 2199 1608 εἰ
2248 1556 2305 1609 δέ
2342 1555 2564 1609 ἐκείνων
2593 1555 2890 1624 ἀπέχοντες
2936 1548 3166 1605 ἐπάθετέ
3207 1565 3263 1601 τι
3306 1546 3443 1617 πρὸς
3482 1544 3585 1614 τὴν

2008 1636 2293 1712 ἀκρόασινο
2318 1638 2570 1707 ἐννόησον
2599 1636 2718 1699 πῶς
2748 1634 2893 1698 εἰκὸς
2924 1631 3223 1687 διακεῖσθαι
3250 1629 3377 1693 τούς
3398 1630 3457 1712 ἐν
3483 1628 3586 1681 αὐ-

2008 1719 2088 1788 τῷ
2111 1710 2199 1791 τῷ
2214 1721 2425 1792 θεάτρῳ
2452 1719 2821 1791 καθημένους,
2851 1718 2977 1781 τοὺς
3007 1716 3193 1769 άδειαν
3216 1711 3416 1783 πολλὴν
3434 1710 3587 1780 ἔχον-

2008 1821 2128 1867 τας,
2155 1805 2281 1867 τοὺς
2307 1804 2462 1868 ἐκτὸς
2493 1804 2589 1857 τοῦ
2626 1802 2820 1873 σεμνοῦ
2849 1800 3039 1853 τούτου
3066 1799 3162 1852 καὶ
3191 1796 3419 1868 φρικτοῦ
3456 1811 3587 1849 συν⁶

2010 1886 2188 1958 εδρίου
2207 1928 2223 1955 ,
2255 1886 2380 1950 τοὺς
2413 1886 2551 1957 μετὰ
2580 1886 2779 1956 πολλῆς
2809 1881 3192 1952 ἀναισχυντίας
3225 1880 3319 1933 καὶ
3343 1879 3588 1950 ὁρῶντας

2011 1971 2198 2024 ἐκεῖνα
2225 1970 2321 2024 καὶ
2346 1968 2665 2032 ἀκούοντας.
2684 1968 2796 2021 Καὶ
2817 1965 2869 2018 τί
2884 1967 3105 2036 δήποτε,
3125 1964 3347 2034 φήσειεν
3369 1960 3587 2024 ἀνίσως

2008 2071 2095 2117 τις
2110 2054 2217 2108 τῶν
2245 2055 2306 2108 οὐ
2332 2054 2723 2125 προσεχόντων,
2755 2051 2803 2104 εἰ
2835 2051 2934 2120 τῆς
2958 2049 3171 2118 φύσεως
3193 2049 3227 2118 ή
3256 2046 3470 2116 ἀνάγκη
3488 2044 3588 2117 τὴν

2011 2137 2189 2208 ψυχὴν
2227 2138 2369 2192 οὕτω
2412 2137 2741 2207 διατίθησιν,
2790 2134 3004 2203 ἐκείνην
3033 2132 3211 2202 ἀφεὶς,
3252 2132 3383 2201 ήμῖν
3422 2131 3590 2197 ἐγκα-

2012 2222 2123 2285 λεῖς
2152 2223 2180 2262 ιι
2204 2239 2218 2286 ς
2258 2223 2380 2275 Ὀτι
2407 2220 2470 2273 τὸ
2501 2221 2598 2291 μὲν
2614 2260 2632 2285 ,
2652 2218 2916 2273 ἀκούοντα
2940 2216 3163 2269 τοιαῦτα
3184 2212 3551 2284 μαλάττεσθαι
3569 2251 3588 2272 .

2013 2308 2111 2379 τῆς
2137 2307 2355 2377 φύσεως
2402 2307 2563 2378 ἔργον
2588 2323 2601 2337 ’
2652 2305 2714 2359 τὸ
2740 2305 2798 2358 δὲ
2841 2304 3066 2358 τοιαῦτα
3102 2302 3340 2363 ἀκούειν,
3368 2302 3467 2354 οὐκ
3508 2299 3591 2353 ἐτι

2014 2391 2116 2460 τῆς
2163 2392 2411 2460 φύσεως,
2473 2388 2609 2442 ἀλλά
2663 2388 2762 2458 τῆς
2836 2386 3209 2458 προαιρέσεως
3262 2383 3589 2455 ἁμάρτημα.

2028 2474 2181 2528 Ἐπεὶ
2201 2475 2294 2527 καὶ
2317 2473 2409 2527 τὸν
2433 2472 2724 2543 ὁμιλοῦντα
2756 2473 2909 2543 πυρὶ,
2934 2468 3338 2541 διαφθείρεσθαι
3362 2468 3463 2528 δεῖ,
3498 2468 3594 2521 καὶ

2014 2559 2225 2629 τοῦτοή
2254 2558 2352 2628 τῆς
2386 2556 2601 2625 φύσεως
2630 2555 2883 2608 ἀσθένεια
2920 2554 3196 2624 βούλεται·
3238 2550 3351 2606 ἀλλ’
3379 2551 3480 2604 οὐκ
3511 2549 3594 2604 ἔτι

2017 2644 2115 2697 καὶ
2139 2643 2275 2714 πρὸς
2300 2641 2362 2694 τὸ
2386 2640 2499 2711 πῦρ
2517 2640 2665 2712 ἡμᾶς
2688 2639 2783 2692 καλ⁸
2806 2638 2903 2708 τήν
2918 2636 3126 2690 ἐκεῖθεν
3148 2636 3272 2703 άγει
3296 2632 3596 2704 διαφθορὰν

2015 2730 2050 2799 ή
2082 2727 2274 2798 φύσις·
2308 2724 2468 2779 τοῦτο
2515 2724 2625 2794 γὰρ
2662 2723 2763 2793 τῆς
2794 2721 2935 2775 κατά
2964 2720 3283 2792 προαίρεσιν
3323 2719 3488 2789 μόνης
3526 2716 3596 2799 ἀν

2018 2798 2103 2885 εῐη
2136 2810 2487 2882 διαστροφῆς.
2525 2806 2695 2862 Τοῦτο
2728 2801 2821 2860 οῦν
2854 2805 3065 2859 ἀνελεῖν
3095 2802 3231 2869 ἀξιῶ
3259 2802 3349 2885 καὶ
3368 2798 3597 2885 διορθῶτ

2020 2882 2132 2962 σαι,
2155 2896 2297 2950 ῶστε
2336 2896 2410 2967 μή
2431 2894 2653 2957 ἐκόντας
2687 2891 2910 2952 ἑαυτοὺς
2930 2884 3427 2959 κατακρημνίζειν,
3462 2882 3597 2955 μηδι

2021 2981 2160 3054 πρὸς
2180 2979 2248 3033 τά
2271 2978 2517 3050 βάραθρα
2553 2976 2653 3045 τῆς
2676 2973 2873 3035 κακίας
2896 2972 3076 3035 ὠθεῖν,
3110 2968 3246 3041 μηδὲ
3278 2968 3599 3054 αὐτομάτως

2023 3051 2237 3136 τρέχειν
2283 3063 2377 3115 ἐπὶ
2404 3060 2503 3133 τὴν
2530 3059 2708 3130 πυράν
2728 3074 2743 3087 ’
2780 3057 2869 3109 ἵνα
2911 3056 2985 3127 μὴ
3019 3054 3116 3109 καὶ
3162 3057 3230 3125 τῇ
3262 3052 3339 3124 τῷ
3370 3051 3600 3136 διαβόλῳ

2026 3133 2510 3216 κατεσκευασμένῃ
2566 3142 2727 3211 φλογὶ
2778 3138 3209 3209 καταστήσωμεν
3267 3133 3600 3198 ὑπευθύνους

2026 3229 2270 3293 ἑαυτούς.
2294 3230 2508 3282 Γένοιτο
2535 3226 2592 3279 δὲ
2620 3226 2829 3285 πάντας
2857 3222 3027 3292 ἡμᾶς,
3061 3220 3157 3273 καλ⁵
3181 3217 3386 3289 ταύτης
3410 3216 3601 3270 κάκεί-

2026 3333 2125 3386 νης
2152 3310 2585 3380 ἀπαλλαγέντας,
2618 3306 2754 3379 πρὸς
2786 3305 2984 3366 αὐτοὺς
3021 3301 3115 3356 τοῦ
3155 3301 3403 3386 Ἀβραὰμ
3427 3300 3605 3386 χωρῆ-

2031 3384 2120 3452 σαι
2151 3397 2279 3460 τοὺς
2300 3395 2555 3458 κόλπους,
2576 3392 2757 3462 χάριτι
2783 3390 2877 3442 καὶ
2893 3385 3267 3458 φιλανθρωπίᾳ
3286 3384 3378 3438 τοῦ
3398 3385 3604 3454 Κυρίου

2026 3485 2187 3553 ήμῶν
2222 3480 2396 3552 Ἰησοῦ
2428 3475 2686 3547 Χριστοῦ,
2718 3474 2836 3545 μεθ’
2862 3467 2923 3527 οῦ
2947 3472 3025 3541 τῷ
3046 3469 3217 3541 Πατρὶ
3245 3469 3291 3553 ὴῌ
3316 3467 3462 3553 δόξα,
3491 3468 3608 3536 ἃμα

2133 3550 2292 3634 ἁγίῳ.
2328 3561 2629 3631 Πνεύματι,
2682 3559 2759 3620 εἰς,
2794 3556 2920 3619 τούς
2968 3553 3173 3616 αἰῶνας
3224 3550 3333 3605 τῶν
3372 3550 3605 3604 αἰώνων.

2040 3650 2235 3720 Ἀμήν.

2093 3805 2120 3845 b
2143 3800 2347 3862 Quidam
2364 3797 2476 3861 ἡμῖν
2493 3794 2727 3859 ἑγκαλοῖς.

351 3888 3598 3940 Ν

1784 3967 2031 4025 ΟΜΙΛΙΑ
2064 3964 2169 4018 ΙΘ¹.

340 4077 633 4144 Εὐρίσκει
670 4072 825 4129 οὕτω
868 4071 1097 4144 πρῶτος
1144 4069 1272 4144 τὸν.
1298 4062 1579 4144 ἀδελ-φὺν,
1608 4059 1720 4116 τὸν
1767 4059 1926 4144 ἴδιον

413 4129 691 4216 fabra,
756 4129 1091 4216 καί-λέγει’
1118 4137 1315 4216 αὐτῷ·
1356 4155 1375 4187 ι
1416 4129 1777 4216 βύρήκιξμεν
1818 4129 1928 4216 ςὸκ

416 4200 717 4280 Μέσσίωλ,
748 4232 768 4266 ι
800 4213 834 4267 ὅ
863 4200 994 4265 ἐστὶ
1020 4200 1612 4280 μεθερμῂνευόμεῄον
1633 4200 1889 4270 Χριστός
1908 4214 1923 4230 ·

415 4287 517 4340 καὶ
545 4273 772 4355 ἤγαγεν
802 4281 990 4337 αὑτὸν
1014 4273 1174 4348 πρὸξ
1196 4273 1303 4332 τὸν
1334 4273 1600 4344 Ἰησοῦν.

415 4410 487 4465 α’.
504 4411 563 4463 '0
587 4408 720 4470 Θεὸς
742 4404 895 4475 παρά
920 4402 1018 4474 τήν
1046 4402 1219 4472 ἀρχὴν
1240 4400 1473 4471 ποιήσας
1504 4396 1594 4454 τὸν
1618 4395 1927 4466 ἄνθρωπον,

345 4494 451 4548 οὐκ
480 4492 695 4561 ἀφῆκεν
724 4484 864 4543 εἶναι
897 4486 1086 4558 μόνον,
1141 4485 1256 4539 ἀλλ’
1303 4483 1503 4538 ἔδωκεν
1553 4478 1703 4550 αὐτῷ
1736 4476 1929 4561 βοηθδν

344 4578 449 4648 τὴν
477 4560 732 4644 γυναῖκα,
768 4572 862 4626 καὶ
895 4571 1162 4623 συνοικεῖν
1193 4567 1445 4637 ἐποίησεν
1464 4604 1479 4628 ,
1510 4560 1807 4648 εἰδὼςῗάπθ

349 4645 647 4727 συσκηνίας
672 4656 878 4726 ταύτης
904 4654 1037 4707 πολὺ
1070 4653 1129 4706 τὸ
1154 4651 1340 4721 κέρδος
1361 4650 1636 4719 ἐσόμενον.
1664 4645 1729 4699 Τί
1752 4645 1858 4715 γὰρ
1880 4645 1931 4697 εἰ

352 4746 429 4814 μὴ
450 4742 590 4812 πρὸς
614 4742 674 4793 τὸ
692 4740 809 4792 δέον
828 4738 1095 4807 ἐχρήσατο
1117 4738 1183 4805 τῇ
1206 4732 1494 4803 εὐεργεσίᾳ
1513 4730 1687 4804 ταύτῃ
1710 4731 1745 4800 ή
1760 4728 1894 4798 γυνή
1914 4745 1931 4794 ;

349 4827 493 4881 Ἀλλ’
519 4827 669 4895 ὅμως
697 4824 745 4874 εἰ
770 4822 864 4874 τοῦ
889 4821 1209 4890 πράγματος
1238 4815 1403 4869 αὐτοῦ
1424 4814 1522 4884 τὴν
1551 4814 1711 4881 φύσιν
1736 4829 1818 4874 τις
1841 4828 1936 4864 καφ

346 4894 608 4980 ταμάθοι,
639 4904 839 4974 πολλὴν
869 4904 976 4957 ἀπὸ
1003 4902 1100 4971 τῆς
1129 4900 1493 4969 συνοικήσεως
1518 4895 1720 4965 ταύτης
1745 4894 1933 4963 ὄψεται

350 4976 450 5065 τὴν
483 4990 754 5058 ὠφέλειαν
779 4988 873 5038 ἐπὶ
915 4986 1024 5037 τῶν
1054 4983 1178 5036 νοῦν
1216 4982 1449 5051 ἐχόντων
1486 4979 1795 5049 γινομένην.
1821 4976 1936 5028 Οὐκ

356 5058 447 5128 ἐπὶ
479 5072 740 5143 γυναικὸς
778 5069 835 5121 δὲ
864 5068 1019 5139 μόνον
1049 5068 1143 5120 καὶ
1172 5065 1384 5135 ἀνδρὸς,
1419 5063 1553 5116 ἀλλά
1589 5061 1690 5114 κᾶν
1720 5058 1937 5143 ἀδελφοὶ

354 5158 512 5211 τοῦτο
538 5141 757 5217 ποιῶσι,
792 5154 887 5206 καὶ
925 5151 1079 5203 αὐτοὶ
1115 5149 1213 5218 τῆς
1247 5148 1567 5218 εὐεργεσίας
1600 5141 1934 5197 ἀπολαύσον-

354 5259 466 5295 ται.
498 5241 591 5293 Διὸ
615 5238 712 5292 καὶ
734 5239 763 5290 ὁ
791 5237 1083 5307 Προφήτης
1111 5233 1264 5300 ἔλεγε
1283 5248 1298 5262 ·
1335 5232 1397 5284 Τί
1432 5229 1622 5283 καλὸν
1661 5226 1698 5293 ἢ
1721 5226 1779 5278 τί
1812 5241 1938 5291 τερ-

356 5326 528 5383 πτόν.
554 5322 693 5378 ἀλλ’
722 5323 760 5389 ἢ
795 5320 860 5373 τὸ
885 5317 1181 5373 κατοικεῖν
1200 5314 1502 5383 ἀδελφοὺς
1530 5312 1628 5364 ἐπὶ
1649 5310 1719 5363 τὸ
1751 5309 1898 5363 αὑτό
1919 5323 1939 5371 ;

360 5408 515 5460 Καὶὸ
556 5404 707 5477 [Ill]
766 5402 975 5464 Παῦλος
1022 5401 1251 5470 παρῄνει
1287 5398 1362 5468 μὴ
1413 5395 1794 5464 ἐγκαταλιπεῖν
1839 5391 1940 5477 τὴν

360 5468 778 5559 ἐπισυναγωγὴν
822 5488 919 5559 τὴν
967 5468 1195 5539 ἑαυτῶν.
1219 5484 1329 5536 Καὶ
1372 5482 1481 5550 γὰρ
1529 5478 1683 5532 τοῦτό
1716 5478 1863 5529 ἐστιν
1898 5468 1942 5542 ᾧ

359 5574 469 5627 τῶν
496 5574 702 5645 θηρίων
730 5572 1116 5641 διεστήκαμεν.
1156 5568 1252 5619 Διά
1281 5564 1440 5618 τοῦτο
1468 5562 1561 5616 καὶ
1599 5562 1778 5622 πόλεις
1806 5560 1943 5611 ἐδει-

367 5642 619 5726 μὰμεθα,
647 5657 744 5708 καὶ
783 5655 985 5723 ἀγορὰς
1032 5652 1127 5706 καὶ
1171 5650 1368 5712 οἰκίας,
1410 5648 1498 5700 ἵνα
1534 5644 1669 5715 ὁμοῦ
1701 5644 1801 5726 καὶ,
1825 5642 1941 5712 μετ’

368 5725 605 5811 ἀλλήλων
636 5736 811 5810 ὦμεν,
843 5740 903 5791 οὐ
932 5737 1072 5791 κατά
1095 5736 1194 5805 τὴν
1220 5736 1433 5805 οἴκησιν
1464 5731 1644 5800 μόνον,
1686 5725 1941 5811 ἀλλὰκαὶ

368 5810 504 5878 κατά
530 5826 620 5877 τὸν
643 5830 739 5895 τῆς
776 5823 995 5891 ἀγάπης
1030 5820 1341 5889 σύνδεσμον.
1379 5814 1597 5884 Ἐπειδὴ
1626 5812 1733 5882 γὰρ
1755 5810 1940 5895 ἐνδεής

368 5910 495 5977 ἡμῖν
529 5911 563 5979 ἡ
590 5894 752 5977 φύσις
779 5905 927 5975 παρὰ
948 5904 1041 5956 τοῦ
1065 5902 1423 5972 πεποιηκότος
1451 5899 1685 5967 ἐγένετο,
1721 5894 1814 5948 καὶ
1843 5894 1945 5946 οὐκ

2028 4053 2163 4117 Θεὸς
2190 4051 2290 4122 τὴν
2331 4048 2585 4103 ἐντεῦθεν
2614 4048 2825 4102 ἐνδειαν
2854 4042 3041 4099 λοιπὸν
3087 4042 3155 4095 ἐκ
3196 4040 3299 4110 τῆς
3325 4036 3467 4122 κατά
3512 4036 3615 4122 τήν

2030 4120 2257 4190 σύνοδον*
2281 4133 2412 4203 παρ’
2451 4132 2695 4202 ἀλλήλων
2738 4127 3032 4200 γινομένης
3075 4122 3341 4192 ὠφελείας
3388 4120 3615 4203 διορθωο

2030 4218 2208 4289 θῆναι.
2245 4217 2343 4268 Διά
2365 4202 2536 4269 τοῦτο
2561 4214 2738 4282 γάμος
2765 4210 3130 4279 οἰκονομεῖται
3158 4217 3209 4269 ι,
3243 4203 3383 4289 ὥστε
3500 4202 3615 4289 λεῖς

2030 4286 2131 4357 πον
2173 4301 2343 4372 ἑτέρῳ
2376 4298 2508 4370 παρ’
2550 4297 2737 4367 ἐτέρου
2776 4290 3156 4366 πληροῦσθαι,
3192 4290 3287 4341 καὶ
3327 4286 3437 4372 τὴν⁸
3459 4286 3615 4372 ἐνδεῆ
3730 4296 3733 4297 ⁷

2029 4368 2280 4449 γενέσθαι
2311 4368 2485 4445 οὕτως
2514 4380 2784 4448 αὐτάρκη,
2810 4376 2886 4440 ὡς
2908 4373 3076 4444 αὐτὴν
3103 4372 3247 4442 ἔχειν
3278 4369 3373 4424 καὶ
3416 4368 3618 4439 θνητὴν

2031 4466 2353 4538 γενομένην,
2387 4467 2454 4534 τῇ
2504 4463 2723 4533 διαδοχῇ
2762 4460 2923 4531 μέχρι
2954 4454 3150 4509 πολλοῦ
3180 4453 3282 4538 τήν
3309 4449 3619 4538 ,ἀθανασίαν

2032 4532 2327 4623 διατηρεῖν.
2362 4532 2469 4603 ιιᾱι
2494 4542 2563 4617 ἦν
2593 4545 2692 4616 μὲν
2714 4532 3069 4623 μακρότερον
3102 4534 3417 4623 ἐπεξελθεῖν
3443 4532 3622 4605 τούτῳ

2031 4634 2111 4705 τῷ
2129 4616 2293 4702 λόγῳ,
2322 4616 2605 4685 δεικνύντα
2633 4627 2733 4680 ὅσα
2759 4626 2868 4679 ἀπὸ
2895 4622 2995 4692 τῆς
3022 4620 3167 4705 πρὸς
3204 4616 3468 4705 ἀλλήλους
3490 4633 3619 4669 συν-

2035 4703 2156 4773 όδου
2172 4718 2271 4786 τῆς
2293 4714 2523 4786 γνησίας
2551 4713 2645 4766 καὶ
2673 4708 2997 4780 εἰλικρινοῦς
3016 4706 3084 4759 τὰ
3109 4704 3273 4774 κέρδη
3297 4703 3409 4764 τοῖς
3436 4716 3619 4786 συνερο

2036 4784 2285 4873 χομένοις
2309 4784 2519 4868 γίνεται
2540 4814 2553 4827 ο
2585 4796 2696 4849 ἀλλ’
2719 4796 2805 4847 ἒτε
2815 4793 2903 4863 ρόν
2924 4792 3041 4843 ἐστι
3069 4789 3129 4841 τὸ
3149 4788 3482 4873 κατεπεῖγον
3501 4784 3617 4846 νῦν,

2035 4868 2187 4955 ὅδ’δὴ
2209 4884 2301 4936 καὶ
2322 4884 2507 4935 ἕνεκεν
2530 4883 2661 4951 ήμῖν
2683 4878 2855 4931 ταῦτα
2876 4876 3109 4955 εἴρηται.
3149 4872 3208 4924 '0
3228 4869 3338 4955 γὰρ
3370 4868 3621 4955 Ἀνδρέας

2042 4950 2230 5039 μείνας
2265 4965 2415 5035 παρά
2440 4962 2516 5033 τῷ
2559 4960 2757 5031 Ἰησοῦ,
2787 4960 2880 5013 καὶ
2916 4954 3103 5028 μαθὼν
3136 4955 3278 5039 άπερ
3306 4950 3527 5024 ἔμαθεν,
3559 4951 3619 5003 οὐ

2040 5035 2273 5120 κατέσχε
2322 5049 2453 5120 παρ’
2499 5045 2677 5115 ἐαυτῷ
2721 5044 2812 5097 τὸν
2843 5040 3148 5112 θησαυρὸν,
3191 5038 3306 5092 ἀλλ’
3342 5035 3622 5120 ἐπείγεται

2040 5134 2135 5187 καὶ
2178 5116 2362 5203 τρέχει
2407 5116 2617 5199 ταχέως
2650 5128 2802 5197 παρά
2859 5126 2950 5178 τὸν
3006 5122 3253 5191 ἀδελφὸν.
3302 5116 3622 5203 μεταδώσων

2042 5214 2191 5285 αὐτῷ
2214 5198 2324 5267 τῶν
2357 5198 2577 5281 ἀγαθῶν
2603 5206 2678 5265 ὧν
2705 5210 2916 5279 εἰλήφει
2947 5208 2996 5261 ιν.
3034 5207 3191 5267 Τίνος
3220 5203 3275 5256 δὲ
3308 5201 3491 5285 ἕνεκεν
3522 5198 3625 5285 οὐκ

2044 5280 2196 5351 εἶπεν
2222 5300 2251 5350 ὁ
2286 5280 2535 5365 Ἰωάννης
2559 5335 2574 5359 ,
2604 5296 2726 5346 τίνα
2754 5294 2900 5345 ἐστὶν
2929 5291 2965 5344 ἃ
2989 5286 3233 5357 διελέχθη
3263 5283 3399 5365 πρὸς
3426 5280 3623 5365 αὺτξὺς

2044 5385 2072 5435 ὁ
2098 5381 2368 5453 Χριστός;
2416 5360 2579 5432 πόθεν
2621 5377 2679 5429 δέ
2723 5377 2816 5430 καὶ
2855 5372 3010 5444 δῆλόν
3045 5368 3304 5453 ἐστινὸτι
3344 5364 3431 5453 διά
3468 5360 3625 5453 τοῦτο

2046 5444 2267 5533 ἔμειναν
2302 5444 2430 5533 παρ’
2471 5461 2654 5531 αὐτῷ;
2698 5456 3013 5525 ’Δπεδείχθη
3046 5454 3143 5523 μὲν
3172 5451 3301 5519 ἡμῖν
3338 5445 3494 5533 τοῦτο
3532 5444 3627 5495 καὶ

2047 5528 2239 5617 πρώην
2262 5564 2276 5577 ·
2309 5528 2485 5609 ἔξεστι
2506 5546 2562 5597 δὲ
2586 5528 2678 5597 καὶ
2703 5546 2768 5596 ἐκ
2784 5540 2892 5594 τῶν
2912 5539 3150 5606 τήμερον
3171 5528 3626 5617 ἀναγνωσθέντων

2053 5610 2260 5699 μαθεῖν.
2293 5629 2438 5699 Ὅρα
2469 5628 2578 5699 γὰρ
2605 5628 2657 5680 τί
2680 5642 2842 5696 φησιν
2864 5617 3015 5683 οὗτος
3055 5618 3192 5690 πρὸς
3222 5615 3314 5668 τὸν
3359 5610 3623 5699 ἀδελφόν*

2043 5695 2397 5782 Εὑρήκαμεκ
2412 5712 2520 5766 τὸν
2533 5695 2834 5773 Μεσσίαν,
2857 5706 2926 5773 ὃς
2946 5702 3331 5774 ἑρμηνεύεται
3351 5695 3624 5767 Χριστός.

2112 5864 2138 5892 ⁸
2173 5861 2228 5909 In
2284 5860 2436 5910 Savil.
2485 5863 2538 5907 et.
2575 5854 2862 5920 quibusdam
2898 5865 3017 5920 mis:
3043 5848 3266 5920 ἱππί-,διά
3309 5843 3630 5920 τοῦτοῃγοὶμφς

2053 5900 3118 5984 οἰκονομεῖ-ταίἧρξυ-ῐιιΤ-Ἒλίᾒγμετειλήφειῖ
3142 5900 3295 5959 Paulo
3318 5911 3427 5984 ριιξι
3448 5900 3622 5979 “eiei.

371 5995 649 6063 αὐτάρκης
697 5993 842 6044 ἐστὶν
886 5992 1081 6061 ἑαυτῇ,
1123 5986 1504 6059 συμφερόντως
1532 5980 1877 6054 ‹ξ›κονόμησεν
1919 5979 1947 6030 ὁ
2056 5967 2725 6047 κῇιὶέέόέῖ’ἆίὼζάυθήσαντπς
2746 5967 2912 6033 εὐθέως
2935 5977 3014 6022 καὶ
3039 5967 3281 6035 μείναντας
3302 5967 3409 6030 παρ’
3434 5967 3582 6028 αὐτῷ.
