4094 6370
321 378 413 432 121
1313 374 1381 429 IN
1416 372 1728 431 JOANNEM
1766 372 1997 429 HOMIL.
2038 374 2179 430 XIX.
2219 376 2289 431 al.
2332 377 2515 434 XVIII.

301 468 433 547 ideo
451 490 591 561 apud
610 488 758 546 illum
781 487 1041 543 mansisse
1059 488 1103 541 ίῖ
1125 486 1180 542 ld
1205 502 1373 556 nuper
1400 503 1427 540 a
1445 486 1599 541 nobis
1619 492 1895 541 ostensum

311 594 436 638 est:
467 584 697 651 licetque
726 582 888 636 etiam
924 596 992 635 ex
1032 581 1095 633 iis
1132 595 1249 648 qutc
1294 578 1451 633 hodie
1494 578 1631 632 lecta
1679 586 1803 631 sunt
1844 576 1897 631 id

310 674 575 729 ediscere.
604 671 983 727 Animadverte
1016 671 1158 726 enim
1187 670 1312 739 quid
1359 670 1443 724 hic
1468 667 1617 722 fratri
1642 683 1740 722 suo
1757 667 1899 722 dise-

307 768 419 820 rit:
458 764 743 819 Invenimus
770 764 1028 826 Messium,
1057 761 1191 833 quod
1221 763 1600 833 interpretatum
1654 770 1726 815 est
1752 760 1899 816 Chri-

309 868 436 913 stus.
470 857 657 911 Viden‘
683 872 787 926 quo
813 867 968 925 pacto
988 871 1106 924 qua:
1143 855 1290 909 brevi
1333 864 1574 923 tempore
1598 853 1854 907 didicerat
1879 893 1894 916 ,

310 948 436 1004 hinc
452 948 735 1003 ostendat?
762 946 894 1001 Nam
918 956 971 1000 et
992 946 1225 1016 Magistri
1254 946 1501 1000 virtutem
1520 945 1776 1007 declarat,
1805 943 1896 1013 qui

311 1041 412 1095 hoc
430 1042 560 1110 ipsis
582 1039 833 1106 suaserit,
859 1049 912 1094 et
934 1040 1167 1109 ipsorum
1185 1038 1419 1093 studium
1436 1037 1892 1107 diligentiamque,

309 1135 399 1204 qui
422 1134 537 1188 haec
551 1134 660 1204 jam
683 1150 711 1187 a
741 1131 1004 1202 principio
1026 1138 1295 1185 curarent.
1323 1130 1434 1183 lloc
1455 1130 1650 1199 quippe
1672 1129 1892 1184 verbum

308 1237 393 1285 ’δι
419 1227 614 1281 animai
653 1225 938 1281 adventum
974 1225 1091 1295 ejus
1132 1238 1339 1278 summe
1374 1223 1725 1277 desiderantis
1750 1231 1804 1277 et
1827 1222 1894 1276 de

308 1320 443 1374 czelo
467 1329 751 1374 venturum
775 1319 1132 1388 exspectantis
1159 1360 1173 1383 ,
1205 1316 1504 1387 gaudioqne
1533 1317 1849 1371 exsultantis
1875 1359 1889 1381 ,

307 1419 590 1480 postquam
637 1409 921 1479 apparuit,
966 1418 1123 1477 atque
1167 1406 1472 1463 festinantis
1525 1415 1726 1461 tantam
1776 1424 1890 1461 rem

308 1503 518 1557 caeteris
556 1503 824 1556 nuntiare.
858 1501 968 1555 lloc
1019 1500 1265 1555 fraterna:
1310 1508 1427 1555 erat
1467 1500 1850 1555 benevolentia:
1873 1542 1889 1567 ,

286 1596 494 1650 'amicze
521 1594 853 1663 cognationis
873 1633 888 1657 ,
919 1592 1113 1648 sinceri
1142 1593 1363 1647 affectus
1384 1634 1398 1655 ,
1433 1593 1485 1646 in
1530 1593 1891 1659 Spiritualibus

308 1701 524 1740 manum
553 1696 735 1739 mutuo
763 1685 1054 1754 porrigere.
1098 1684 1233 1738 Audi
1263 1693 1444 1738 autem
1488 1684 1634 1737 illum
1660 1698 1779 1737 cum
1808 1697 1893 1735 ar-

309 1780 452 1833 ticuli
482 1778 755 1833 additione
787 1778 1114 1847 loquentem.
1144 1774 1258 1829 Non
1289 1776 1433 1829 enim
1459 1775 1770 1844 simpliciter
1802 1775 1887 1829 di-

305 1870 379 1924 xit
408 1910 424 1929 .
464 1868 709 1922 Hcssiam
735 1909 750 1932 ,
791 1868 885 1922 sed
911 1909 924 1929 ,
963 1866 1207 1921 Messium
1258 1866 1425 1919 illum.
1470 1864 1560 1920 Sic
1607 1866 1891 1935 quemdam

305 1961 579 2016 Christum
606 1960 1004 2028 exspectabant,
1034 1958 1120 2027 qui
1151 1958 1281 2011 nihil
1314 1973 1600 2012 commune
1620 1972 1741 2011 cum
1772 1956 1891 2011 aliis

307 2053 549 2106 haberet.
578 2050 956 2105 Animadverte
979 2060 1155 2104 autem
1183 2092 1196 2113 ,
1227 2050 1310 2104 vel
1335 2064 1363 2102 a
1393 2050 1656 2119 principio
1675 2093 1688 2114 ,
1724 2054 1887 2104 mori-

304 2158 487 2213 gerum
516 2142 837 2211 facilemque
860 2140 1000 2195 Petri
1022 2140 1280 2194 animum.
1309 2140 1501 2197 Statim
1524 2141 1757 2209 nihilque
1784 2156 1892 2194 mo-

305 2248 453 2291 ratus
480 2237 733 2290 accurrit.
781 2235 1006 2289 Adduxit
1052 2251 1196 2301 eum,
1227 2235 1431 2304 inquit,
1458 2234 1525 2288 ad
1554 2234 1751 2288 Iesum.
1783 2236 1888 2290 Sed

307 2344 467 2384 nemo
491 2327 802 2382 facilitatem
832 2327 949 2396 ejus
974 2326 1186 2382 damnet
1205 2367 1221 2388 ,
1251 2326 1388 2395 quod
1420 2327 1536 2380 sine
1564 2327 1733 2380 multo
1759 2342 1888 2382 exa-

304 2422 447 2475 mine
484 2421 707 2475 verbum
737 2420 1021 2489 acceperit.
1051 2418 1353 2473 Verisimile
1388 2419 1526 2472 enim
1555 2427 1637 2472 est
1666 2417 1885 2473 fratrem

307 2510 421 2564 haec
460 2511 559 2581 ipsi
584 2518 834 2565 accurate
854 2518 907 2563 et
933 2509 1169 2579 pluribus
1194 2522 1476 2573 narrasse;
1505 2523 1688 2563 verum
1718 2524 1885 2564 evan-

303 2604 505 2674 gelista:
546 2603 743 2672 ubique
787 2603 952 2657 multa
992 2601 1312 2671 compendio
1348 2612 1605 2666 narrant,
1638 2601 1885 2657 brevitati

304 2695 599 2749 studentes.
631 2692 875 2761 Alioquin
907 2700 1105 2756 autem,
1135 2707 1242 2745 non
1272 2690 1402 2747 dicit
1419 2705 1541 2745 eum
1566 2692 1746 2745 statim
1771 2706 1887 2745 cre-

302 2788 534 2851 didisse;
564 2786 658 2841 sed
680 2828 694 2849 ,
726 2785 955 2839 Adduxit
977 2800 1088 2839 eum
1115 2784 1185 2837 ad
1213 2784 1392 2837 Iesum
1413 2826 1428 2850 ,
1462 2785 1560 2853 ipsi
1594 2784 1884 2839 traditurus

301 2895 419 2933 eum
444 2920 460 2942 ,
492 2888 552 2932 ut
582 2880 760 2933 omnia
784 2877 854 2932 ab
899 2876 992 2931 illo
1020 2876 1284 2931 edisceret
1316 2893 1329 2930 :
1362 2892 1484 2931 nam
1514 2876 1653 2931 alius
1673 2891 1885 2947 quoque

301 2969 592 3039 discipulus
621 2969 838 3033 aderat,
870 2977 924 3022 et
965 2968 1031 3021 ad
1061 2968 1176 3021 hsce
1212 2969 1586 3023 concurrebat.
1636 2967 1790 3037 Quod
1836 2969 1883 3024 si

300 3062 531 3117 Joannes
563 3062 793 3130 Baptista
823 3076 941 3115 cum
972 3061 1121 3123 dixit,
1160 3063 1342 3131 Agnus
1366 3070 1473 3126 est,
1516 3070 1571 3115 et
1599 3063 1651 3115 in
1676 3061 1879 3131 Spiritu

303 3154 567 3223 baptizat,
600 3153 884 3208 clariorem
916 3153 1015 3208 hac
1057 3152 1124 3207 de
1165 3168 1226 3208 re
1266 3152 1563 3207 doctrinam
1602 3168 1631 3206 a
1666 3153 1885 3207 Christo

298 3246 664 3317 excipiendam
687 3245 901 3316 reliquit
929 3262 942 3299 :
974 3246 1143 3299 multo
1161 3245 1329 3321 magis
1355 3245 1595 3299 Andreas
1612 3244 1663 3299 id
1685 3245 1881 3312 effecit,

297 3337 384 3406 qui
415 3353 519 3390 non
550 3336 614 3390 ad
646 3345 811 3389 totmn
848 3336 1220 3405 explicandum
1251 3335 1497 3391 sufficere
1527 3336 1843 3390 censebatur
1863 3376 1881 3403 ,

297 3428 391 3484 sed
417 3429 482 3483 ad
512 3430 685 3496 ipsum
713 3429 847 3483 lucis
872 3428 1072 3484 fontem
1102 3428 1322 3485 deduxit
1362 3430 1601 3495 fratrem,
1631 3427 1700 3482 ita
1729 3428 1882 3483 festi-

296 3537 422 3577 num
448 3533 505 3577 et
527 3522 865 3592 gaudentem,
902 3530 960 3576 ut
990 3537 1055 3577 ne
1082 3522 1343 3576 tantillum
1365 3522 1578 3591 quidem
1603 3530 1879 3575 cunctare-

296 3623 401 3668 tur.
432 3613 523 3668 45.
552 3612 777 3667 lntuitus
805 3623 973 3667 autem
1001 3630 1113 3668 eum
1139 3612 1291 3668 Jesus
1318 3614 1446 3667 dixit
1473 3630 1491 3667 :
1520 3612 1596 3666 Tu
1622 3628 1673 3667 es
1702 3611 1882 3667 Simon

294 3708 435 3776 [ilius
460 3704 645 3772 lance,
679 3716 732 3760 tu
770 3706 1023 3760 vocaberis
1069 3705 1265 3776 Cephas
1291 3748 1305 3771 ,
1340 3706 1477 3775 quod
1523 3707 1882 3773 interpretatur

295 3798 499 3854 Petrus.
536 3800 629 3855 llic
648 3802 756 3869 jam
800 3800 985 3870 incipit
1012 3799 1341 3859 divinitatem
1387 3814 1535 3854 suam
1559 3799 1756 3853 sensim
1787 3812 1879 3851 re-

291 3892 473 3946 velare
499 3908 566 3945 ex
594 3891 1044 3961 praedictionibus.
1076 3889 1164 3945 Sic
1194 3891 1353 3944 etiam
1397 3904 1521 3945 cum
1553 3888 1881 3945 Nuthauaele

292 3983 441 4051 fecit,
468 3996 521 4038 et
542 4001 662 4038 eum
690 3982 1024 4039 Samaritana
1064 3982 1308 4038 muliere.

362 4075 420 4129 2.
463 4075 763 4145 Prophetiae
792 4076 987 4145 quippe
1029 4090 1133 4129 nou
1180 4075 1356 4128 minus
1382 4087 1542 4143 quam
1573 4071 1721 4141 signa
1753 4085 1876 4129 mo-

288 4177 457 4231 vent,
491 4181 590 4220 nec
636 4166 826 4220 fastum
876 4182 984 4236 prro
1031 4180 1091 4221 se
1133 4166 1325 4220 ferunt.
1358 4164 1487 4219 Nam
1533 4164 1786 4219 miracula
1814 4165 1881 4220 ab

288 4259 671 4328 insipientibus
719 4259 907 4313 saltem
954 4258 1305 4313 traducuntur
1345 4255 1443 4329 (In
1473 4255 1765 4319 Beelzebub,
1794 4256 1877 4311 di-

286 4350 517 4416 cebant,
569 4351 703 4420 ejicit
752 4349 1004 4405 dwmonia
1044 4348 1384 4422 [Mattlt.12.
1436 4346 1609 4420 l4]):
1641 4347 1708 4402 de
1756 4364 1880 4416 pro-

289 4443 472 4512 phetia
498 4442 628 4496 nihil
648 4456 896 4510 umquam
925 4442 1027 4496 tale
1047 4441 1245 4496 dictum
1275 4448 1378 4496 est.
1408 4438 1461 4493 In
1486 4440 1701 4496 Simone
1723 4440 1881 4510 igitur

291 4535 424 4589 etin
472 4533 799 4589 Nathanaele
846 4533 947 4587 hoc
972 4533 1230 4589 doetrina:
1260 4547 1388 4586 usus
1434 4542 1517 4587 est
1561 4532 1765 4587 modo:
1825 4533 1878 4585 in

290 4626 506 4681 Andrea
534 4634 787 4679 autemet
814 4624 1058 4693 Philippo
1087 4640 1193 4678 non
1236 4624 1464 4693 idipsum
1494 4623 1638 4677 fecit.
1667 4622 1879 4691 Quare?

291 4718 424 4785 Quia
456 4717 532 4771 illi
562 4715 930 4771 testimonium
978 4714 1201 4771 Joannis
1248 4714 1543 4769 habuerant
1570 4728 1674 4768 non
1702 4713 1878 4767 modi-

291 4826 407 4866 cam
442 4809 926 4880 praeparationem:
962 4807 1235 4877 Philippus
1278 4822 1409 4862 vero
1439 4822 1560 4862 cum
1605 4806 1879 4862 adstantes

291 4902 520 4966 videret,
546 4903 649 4956 fide
678 4900 896 4970 dignum
923 4901 1128 4969 accepit
1155 4900 1222 4954 ad
1255 4899 1412 4956 fidem
1452 4900 1879 4970 amplectaudam

292 4994 569 5047 indicium.
604 4989 686 5045 Tu
711 5008 763 5046 es
795 4991 975 5045 Simon
1019 4992 1158 5060 ﬁlius
1202 4990 1369 5056 Jonaz,
1401 5000 1455 5045 tu
1489 4992 1741 5046 vocaberis
1781 4991 1878 5045 Ce-

295 5087 440 5153 plias,
473 5082 610 5153 quod
641 5084 1001 5150 interpretatur
1044 5080 1251 5137 Petrus.
1280 5087 1324 5136 A
1354 5084 1599 5151 przesenti
1642 5082 1877 5138 futurum

293 5174 552 5230 credibile
598 5172 795 5228 reddit.
835 5172 968 5227 Nam
1012 5174 1099 5241 qui
1146 5184 1350 5242 patrem
1380 5172 1496 5243 ejus
1538 5176 1875 5240 memoravit,

292 5269 404 5322 sine
427 5252 851 5322 dubio'futurum
876 5265 1235 5335 praevidebat:
1262 5264 1533 5334 praedictio
1557 5278 1732 5321 autem
1754 5282 1877 5321 cum

292 5362 447 5418 laude
472 5359 762 5430 conjuncta
791 5368 892 5415 est.
927 5359 1037 5414 Hoc
1092 5373 1253 5428 porro
1299 5374 1405 5414 non
1449 5358 1710 5415 adulantis
1738 5367 1874 5423 erat,

291 5456 382 5509 sed
434 5456 674 5509 futurum
724 5450 1098 5524 praedicentis;
1165 5451 1324 5521 idque
1374 5450 1498 5504 inde
1547 5451 1718 5521 palam
1770 5458 1874 5507 est.

291 5548 670 5603 Animadverte
694 5556 875 5600 autem
904 5559 1063 5615 quam
1088 5542 1437 5598 vehementer
1463 5540 1875 5607 Samaritanam,

291 5642 555 5709 prmterita
606 5637 876 5703 revelans,
917 5633 1295 5705 reprehendat.
1342 5632 1574 5702 Quinque
1612 5634 1742 5687 viros
1785 5633 1877 5687 ha-

362 5773 377 5802 ¹
404 5776 457 5826 In
486 5774 652 5825 Morel.
680 5772 965 5835 legitur..."
991 5769 1108 5835 quid
1134 5767 1320 5835 dixerit
1340 5768 1410 5822 eis
1432 5767 1670 5831 Christus,
1694 5777 1745 5822 ut
1766 5784 1877 5822 eum

295 5848 478 5901 "parte
499 5830 818 5902 sequeer
842 5830 1014 5897 illique
1029 5832 1267 5884 harerent
1285 5830 1311 5883 ?

3491 388 3596 444 199.

2011 486 2179 552 buisti,
2213 486 2401 556 inquit,
2432 498 2479 541 et
2512 489 2555 543 is
2589 505 2735 558 quem
2762 507 2893 545 nunc
2933 493 3103 556 habes,
3133 510 3233 548 non
3262 495 3336 547 vir
3374 505 3487 548 tuus
3516 507 3591 549 est

2011 577 2187 646 (Joau.
2225 579 2279 633 Δ.
2310 580 2423 647 18).
2452 580 2542 635 Sic
2566 590 2619 635 et
2649 582 2806 637 l’ater
2848 583 2965 653 ejus
3012 586 3173 639 multa
3201 587 3267 641 de
3311 589 3589 656 prophetia

2005 668 2166 722 verba
2197 669 2320 723 facit
2349 681 2536 725 contra
2576 671 2841 727 idolorum
2872 676 3097 730 cultum.
3128 678 3439 732 Annunticut
3476 696 3589 746 qua:

2005 760 2140 813 vobis
2162 771 2371 815 ventura
2415 772 2573 826 sunt;
2615 774 2668 817 et
2710 781 2945 830 rursum,
2978 768 3287 822 Anuuntiavi
3324 780 3371 822 et
3422 773 3589 825 salvos

2004 853 2120 921 feci,
2150 863 2198 905 et
2242 869 2343 906 non
2370 864 2477 907 erat
2505 855 2557 908 in
2583 855 2719 910 vobis
2745 855 2942 911 alienus
2973 859 2991 927 (
3024 856 3152 915 Isai.
3182 860 3273 915 47.
3306 862 3391 917 15.
3422 870 3466 914 et
3495 864 3585 917 45.

2009 944 2128 1013 12);
2156 955 2210 999 et
2235 946 2286 999 in
2319 956 2428 1001 tota
2451 948 2731 1017 prophetia
2762 950 2863 1004 hoc
2886 952 3054 1019 ipsum
3083 962 3291 1007 tractat.
3314 954 3424 1009 I‘Ioc
3445 956 3585 1009 enim

2004 1037 2233 1091 maxime
2250 1053 2384 1106 opus
2404 1039 2496 1092 Dei
2518 1041 2777 1109 est,qnod
2808 1057 2912 1095 non
2949 1044 3150 1111 possint
3172 1043 3442 1099 dmmoues
3470 1046 3591 1100 imi-

2004 1129 2125 1192 tari,
2145 1129 2354 1183 etiamsi
2382 1130 2669 1185 admodum
2699 1133 3045 1188 contendant.
3076 1134 3207 1188 Nam
3236 1136 3286 1189 in
3317 1136 3587 1192 miraculis

2002 1230 2179 1289 potest
2202 1223 2443 1290 qttmdam
2488 1225 2698 1293 species
2729 1226 3015 1295 decipere:
3052 1228 3223 1282 futura
3267 1245 3392 1283 vero
3424 1245 3584 1283 accn-

2001 1322 2116 1368 rate
2144 1316 2455 1383 prmdicere,
2510 1319 2667 1372 unius
2700 1317 3020 1374 immortalis
3071 1332 3272 1375 natura:
3302 1331 3403 1376 est.
3432 1323 3587 1389 Quod

2000 1408 2043 1459 si
2075 1407 2124 1460 id
2154 1407 2426 1462 daemones
2452 1409 2738 1479 aliquando
2766 1411 3003 1473 fecerint,
3025 1413 3333 1481 insipientes
3356 1414 3586 1471 fallendo

2000 1497 2243 1552 fecerunt
2270 1519 2281 1553 :
2312 1500 2455 1554 unde
2484 1509 2540 1554 et
2584 1503 2831 1555 vaticinia
2862 1517 3047 1555 eorum
3077 1518 3289 1571 semper
3328 1504 3458 1558 falsa
3487 1504 3585 1559 de-

2001 1589 2427 1657 prehenduntur.
2457 1591 2647 1646 Petrus
2674 1608 2802 1647 vero
2842 1593 2971 1646 nihil
3012 1595 3077 1646 ad
3112 1593 3225 1648 haec
3261 1596 3581 1664 respondet:

2002 1678 2235 1732 nondum
2277 1681 2418 1734 enim
2450 1682 2720 1751 quidpiam
2763 1684 2906 1737 clare
2953 1693 3203 1745 noverat,
3233 1686 3325 1738 sed
3372 1686 3587 1741 interim

1999 1769 2312 1825 cdiscebat:
2345 1787 2519 1840 neque
2565 1772 2967 1840 prmdictiouem
3003 1775 3146 1828 illam
3178 1775 3323 1829 clare
3352 1776 3582 1831 videbat.

1997 1859 2178 1929 Neque
2222 1861 2364 1915 enim
2416 1862 2570 1928 dixit,
2600 1865 2711 1934 Ego
2743 1874 2795 1919 te
2838 1868 3227 1934 cognominaho
3272 1869 3502 1933 Petrum,
3529 1877 3586 1925 et

1998 1968 2160 2021 super
2190 1953 2327 2008 hanc
2355 1964 2558 2023 petram
2585 1956 2864 2011 mdiﬁcabo
2903 1958 3195 2013 Ecclesium
3228 1976 3434 2015 meam:
3464 1961 3583 2028 sed,

2001 2042 2075 2095 Tu
2102 2046 2355 2099 vocaberis
2379 2044 2594 2115 Cephas.
2626 2048 2758 2103 Illud
2786 2050 2929 2103 enim
2966 2052 3298 2106 anetoritatis
3325 2063 3380 2108 et
3427 2064 3577 2122 pote~

1996 2135 2151 2188 statis
2180 2138 2401 2205 majoris
2430 2146 2565 2192 erat.
2591 2137 2839 2194 Christus
2869 2156 2999 2195 vero
3049 2157 3153 2196 non
3196 2144 3374 2197 statim
3417 2154 3471 2199 et
3514 2145 3585 2199 ab

1996 2228 2147 2283 initio
2180 2239 2343 2284 totam
2394 2241 2712 2300 potestatem
2760 2233 2977 2288 exhibet
3019 2249 3195 2302 suam,
3228 2236 3321 2290 sed
3368 2237 3581 2291 interim

1997 2319 2248 2375 humilius
2271 2324 2523 2393 loquitur.
2548 2324 2837 2395 Postquam
2868 2339 3045 2380 autem
3073 2328 3400 2385 divinitatem
3427 2345 3583 2385 suam

1994 2412 2402 2479 demonstravit,
2434 2431 2555 2471 cum
2604 2418 2808 2487 majore
2848 2421 2955 2489 agit
3001 2423 3317 2477 auctoritate
3361 2423 3577 2478 dicens:

1992 2502 2180 2558 Beatus
2206 2523 2260 2560 es
2302 2506 2502 2572 Simon,
2534 2510 2653 2579 quia
2700 2510 2858 2565 Pater
2911 2528 3049 2566 meus
3078 2513 3310 2567 reuelauit
3356 2514 3480 2578 tibi;
3526 2525 3583 2569 et

1992 2613 2202 2653 rursum
2226 2617 2239 2654 :
2277 2599 2342 2653 Et
2371 2617 2460 2671 ego
2491 2601 2606 2655 dico
2634 2604 2740 2668 tibi,
2773 2603 2853 2656 Tu
2882 2621 2932 2658 es
2964 2603 3166 2669 Petrus,
3198 2615 3244 2658 et
3272 2621 3424 2673 super
3449 2605 3581 2660 hanc

1994 2701 2187 2759 petram
2206 2694 2469 2761 aediﬁcabo
2493 2694 2776 2749 Ecclesium
2797 2713 2959 2749 meum
2975 2698 2991 2728 ¹
3020 2697 3228 2766 (Matth.
3248 2705 3271 2752 1
3282 2700 3333 2752 ϐ.
3354 2700 3440 2753 17.
3461 2697 3574 2768 l8).

1991 2781 2144 2836 llunc
2184 2799 2311 2854 ergo
2340 2785 2417 2838 sic
2445 2786 2674 2850 vocavit,
2707 2785 2963 2841 Jacobum
3008 2798 3186 2842 autem
3233 2798 3287 2842 et
3335 2788 3575 2856 fratrem,

1990 2873 2129 2928 filios
2159 2876 2395 2930 tonitrui.
2429 2877 2647 2945 Quare?
2695 2886 2755 2932 ut
2783 2879 3026 2933 ostendat
3048 2895 3106 2933 se
3128 2880 3371 2935 eumdem
3404 2882 3577 2950 ipsum

1990 2978 2111 3019 esse
2153 2966 2243 3034 qui
2288 2976 2340 3019 et
2367 2965 2533 3022 Vetus
2591 2967 2992 3024 Testamentum
3048 2970 3216 3035 dedit,
3252 2981 3306 3025 et
3362 2973 3577 3026 nomina

1990 3058 2234 3120 mutavit,
2264 3059 2353 3126 qui
2405 3059 2603 3113 Abram
2652 3060 2922 3114 Abraham
2975 3065 3202 3126 vacavit,
3233 3062 3416 3117 Saram
3448 3062 3576 3116 Sar-

1989 3163 2123 3212 ram,
2157 3148 2323 3203 Iacob
2349 3148 2622 3204 Israelem.
2670 3151 2849 3206 Multis
2874 3153 3030 3207 etiam
3085 3155 3150 3206 ah
3197 3163 3315 3206 ortu
3358 3155 3573 3211 nomina

1991 3241 2263 3309 imposuit,
2288 3251 2349 3295 ut
2369 3241 2569 3307 lsaaco,
2593 3242 2863 3309 Samsoui,
2887 3254 2938 3298 et
2966 3246 3083 3297 aliis
3113 3245 3179 3297 ab
3201 3245 3331 3299 Isaia
3362 3254 3416 3298 et
3435 3246 3577 3300 Osee

1990 3334 2332 3398 memoratis;
2358 3333 2675 3403 quibusdam
2698 3335 2859 3389 etiam
2888 3350 3005 3388 cam
3034 3351 3191 3404 quam
3214 3351 3241 3386 a
3269 3336 3573 3403 parentibus

1990 3432 2309 3491 acceperant
2334 3414 2745 3494 appellationem
2779 3428 3023 3489 mutavit,
3059 3435 3114 3478 ut
3144 3440 3302 3494 supra
3334 3427 3489 3479 dictis
3517 3437 3574 3481 et

1989 3512 2115 3567 Jesu
2149 3512 2256 3568 filio
2282 3513 2449 3569 Nave.
2491 3515 2621 3569 Nam
2655 3514 2707 3568 id
2750 3516 2801 3569 in
2854 3531 3001 3571 more
3028 3525 3144 3570 erat
3173 3517 3310 3585 apud
3339 3526 3571 3584 veteres,

1987 3615 2047 3660 ut
2072 3622 2137 3661 ex
2169 3606 2329 3661 rebus
2358 3608 2573 3661 nomina
2605 3608 2964 3678 imponerent,
2992 3607 3134 3678 quod
3163 3616 3218 3663 et
3248 3609 3392 3663 Elias
3420 3609 3568 3664 fecit.

1988 3695 2045 3752 Id
2075 3713 2203 3753 vero
2227 3712 2333 3752 non
2360 3697 2475 3752 sine
2501 3712 2682 3765 causa,
2705 3698 2799 3753 sed
2825 3709 2882 3752 ut
2911 3699 3078 3768 ipsum
3106 3715 3297 3755 nomen
3326 3699 3572 3755 beneficii

1987 3790 2151 3845 divini
2185 3790 2571 3845 monimentum
2604 3800 2767 3857 esset,
2805 3803 2859 3845 et
2899 3792 3154 3845 memoria
3194 3804 3444 3863 perpetua
3479 3808 3572 3863 per

1986 3896 2294 3950 expressam
2325 3881 2629 3936 nominibus
2662 3883 2996 3951 pr0phetiam
3028 3884 3330 3941 auditorum
3377 3886 3571 3941 animis

1987 3973 2243 4028 insideret
2270 3993 2284 4029 :
2310 3974 2389 4029 sic
2413 3973 2671 4030 Joannem
2702 3992 2731 4029 a
2761 3977 3022 4045 principio
3062 3980 3287 4033 vocavit.
3317 3978 3448 4035 Nam
3482 3983 3570 4051 qui

1984 4081 2015 4120 a
2044 4081 2210 4136 puero
2239 4067 2432 4122 virtute
2467 4068 2595 4122 clari
2624 4069 2784 4121 futuri
2815 4078 2986 4129 erant,
3017 4070 3139 4125 inde
3162 4073 3372 4125 nomina
3395 4089 3574 4127 sumc-

1985 4158 2154 4213 bant:
2186 4159 2250 4213 iis
2272 4174 2399 4213 vero
2437 4160 2527 4228 qui
2570 4169 2753 4229 postea
2783 4161 2913 4215 clari
2968 4162 3126 4217 futuri
3170 4173 3341 4229 erant,
3389 4174 3570 4234 postea

1986 4264 2179 4304 nomen
2209 4250 2602 4320 imponebatur.

2056 4344 2111 4401 5.
2151 4344 2423 4399 Christiani
2445 4361 2624 4398 nomen
2645 4362 2794 4416 quam
2830 4347 3184 4401 venerandum.
3217 4348 3413 4417 Agendi
3438 4353 3570 4403 ratio

1985 4444 2124 4489 tanta
2149 4437 2350 4489 nomine
2386 4436 2541 4507 digna
2567 4440 2965 4491 commendatur.
3005 4437 3254 4493 Pecunias
3297 4451 3444 4512 auqet
3484 4443 3571 4508 qui

1985 4526 2290 4597 pauperibus
2321 4526 2595 4580 distribuit.
2626 4556 2700 4567 --
2731 4528 2833 4582 Sed
2861 4538 2981 4581 tunc
3014 4529 3221 4582 tlivcrsa
3254 4531 3445 4600 singuli
3474 4548 3570 4584 no-

1984 4614 2128 4666 mina
2155 4612 2525 4682 accipiebant;
2571 4628 2710 4667 nunc
2750 4624 2926 4668 autem
2973 4630 3132 4668 unum
3178 4632 3364 4671 omnes
3405 4618 3569 4674 habe-

1985 4720 2124 4769 mus,
2156 4705 2259 4759 illis
2285 4706 2531 4759 omnibus
2560 4707 2751 4774 majus,
2782 4707 2993 4776 quando
3014 4708 3300 4765 Christiani
3332 4715 3572 4782 appella-

1986 4812 2106 4851 mur
2133 4807 2186 4851 et
2216 4796 2308 4850 filii
2337 4797 2451 4862 Dei,
2482 4806 2535 4852 et
2559 4798 2716 4852 amici
2745 4808 2797 4851 et
2824 4813 3017 4869 corpus
3045 4817 3227 4854 unum.
3255 4802 3344 4855 Illa
3375 4805 3571 4874 quippe

1985 4887 2270 4956 appellatio
2294 4888 2410 4957 plus
2439 4903 2596 4957 quam
2624 4890 2741 4941 alite
2767 4904 2953 4943 omnes
2982 4906 3078 4944 nos
3106 4894 3322 4957 excitat,
3348 4895 3571 4966 diligen-

1988 4981 2257 5049 tioresque
2286 4980 2351 5033 ad
2386 4982 2637 5034 virtutem
2690 4982 3049 5036 exercendam
3107 4987 3288 5040 efficit.
3335 4987 3412 5041 Ne
3442 5005 3571 5058 ergo

1984 5072 2199 5143 indigna
2251 5072 2507 5127 faciamus
2553 5073 2683 5126 tanti
2734 5075 2962 5129 nominis
3009 5074 3233 5143 honore,
3277 5066 3587 5148 cogitantes

1985 5164 2257 5234 dignitatis
2279 5164 2671 5228 excellentiam,
2691 5180 2793 5235 qua
2816 5165 3013 5221 Christi
3046 5171 3261 5224 nomine
3293 5186 3563 5226 vocamur.

1984 5254 2073 5310 Sic
2101 5255 2243 5310 enim
2286 5270 2386 5308 nos
2411 5254 2608 5308 Paulus
2638 5256 2945 5323 appellavit.
2975 5256 3281 5329 Cogitemus
3322 5276 3574 5315 reverea-

1984 5364 2210 5421 mnrque
2238 5349 2469 5404 nominis
2496 5349 2937 5419 magnitudinem.
2995 5352 3050 5406 Si
3091 5354 3253 5416 enim,
3284 5352 3373 5423 qui
3418 5355 3570 5409 ducis

1982 5445 2280 5515 cujuSpiam
2317 5444 2539 5513 insignis
2562 5486 2577 5510 ,
2610 5444 2695 5498 vel
2732 5444 3008 5513 conspicui
3055 5444 3153 5497 viri
3192 5459 3313 5499 esse
3354 5447 3567 5513 dicitur,

1983 5537 2150 5591 altum
2178 5535 2317 5605 sapit
2345 5550 2465 5590 cum
2496 5552 2553 5589 se
2582 5536 2726 5590 illius
2768 5536 2853 5591 vel
2898 5535 3040 5591 illius
3066 5550 3187 5591 esse
3226 5535 3441 5606 dicitur,
3470 5554 3568 5593 no-

1984 5645 2215 5700 menque
2239 5628 2366 5683 illud
2398 5643 2592 5697 magno
2615 5629 2716 5682 sibi
2746 5628 2893 5683 ducit
2920 5642 3040 5683 esse
3082 5628 3295 5696 honori,
3341 5632 3571 5702 totisque

2048 5770 2063 5799 ι
2100 5766 2191 5835 Alii
2227 5766 2504 5835 _habent._...
2538 5781 2560 5809 ι
2584 5771 2647 5835 Tu
2676 5774 2730 5835 es
2765 5763 2943 5825 siam,
2982 5770 3035 5815 tu
3065 5761 3307 5816 vocaberis
3349 5764 3567 5830 Cephas,

1984 5833 2108 5892 quod
2129 5836 2195 5880 est
2220 5832 2581 5891 interpretatum
2606 5832 2775 5875 Petrus
2789 5840 2836 5873 ι.
