4094 6370
520 389 621 445 125

517 505 717 558 viribus
763 505 973 570 nititur,
1004 519 1073 559 ne
1101 518 1197 574 per
1242 504 1506 573 ignaviam
1535 521 1687 558 suam
1716 514 1865 559 tanto
1895 507 2095 560 nomini

516 606 699 650 notam
730 596 966 650 infamia;
993 604 1169 650 inurat
1194 612 1210 660 ;
1262 612 1358 650 nos
1379 597 1469 666 qui
1496 612 1601 650 non
1629 615 1657 649 ει
1682 598 1816 651 duce
1846 597 1928 651 vel
1956 598 2102 666 prin-

514 690 635 757 cipe
668 698 904 753 terreno,
940 704 1044 742 non
1071 689 1138 742 ab
1166 689 1377 757 angelo,
1405 690 1488 742 vel
1520 688 1862 757 archangelo,
1899 689 1982 743 vel
2007 689 2104 743 Sc—

513 778 761 847 raphino,
791 779 885 833 sed
916 779 983 832 ab
1011 794 1199 831 eorum
1247 779 1391 848 Rege
1438 794 1631 833 nomen
1680 779 1849 832 sortiti
1895 794 2096 842 sumus,

514 884 695 923 annon
730 870 961 923 animam
1006 885 1217 939 quoque
1260 880 1496 924 nostram
1548 871 1721 939 potius
1746 883 2097 938 exponemus,

514 971 576 1013 ut
605 976 671 1015 ne
699 960 744 1015 is
769 962 858 1030 qui
891 976 989 1015 nos
1016 962 1115 1015 hoc
1148 961 1352 1015 honore
1391 960 1587 1025 all‘ecit,
1618 960 1940 1014 contumelia
1986 958 2103 1013 affi-

516 1053 725 1106 ciatur?
754 1054 949 1106 Annon
982 1053 1356 1120 imperatorios
1399 1052 1618 1106 ordines
1649 1052 1838 1114 nostis,
1866 1059 2102 1105 scutato-5

514 1161 658 1211 rum,
689 1145 1053 1210 hastatorum,
1082 1145 1172 1215 qui
1220 1145 1601 1213 Imperatorem
1651 1144 1870 1211 stipant,
1902 1153 2100 1212 quanto

513 1253 706 1307 nempe
747 1237 991 1291 fruantur
1024 1237 1266 1292 honore?
1296 1238 1367 1290 Ita
1408 1246 1462 1291 et
1492 1252 1609 1299 nos,
1649 1237 1738 1305 qui
1784 1237 1936 1305 longe
1977 1251 2100 1304 pro-

513 1330 823 1398 pinquiorcs
852 1329 980 1397 [tegi
1026 1338 1209 1383 nostro
1244 1343 1456 1393 sumus,
1486 1336 1543 1382 et
1582 1336 1728 1381 tanto
1755 1326 2100 1396 pr0pinquio-

514 1435 624 1485 res,
651 1430 852 1490 quanto
893 1420 1237 1489 propinquius
1262 1428 1346 1474 est
1391 1434 1589 1487 corpus
1628 1419 1808 1487 capiti,
1835 1418 1963 1470 nihil
1993 1433 2096 1471 non

515 1513 685 1565 acturi
733 1528 937 1571 sumus.
969 1523 1024 1566 ut
1052 1511 1321 1567 Christum
1370 1512 1658 1566 imitemur.
1688 1510 1827 1579 Quid
1871 1525 1998 1580 ergo
2026 1511 2100 1565 ait

513 1601 804 1656 Christus?
860 1601 1048 1670 Vulpes
1091 1606 1262 1671 foveas
1290 1602 1496 1667 habent,
1527 1610 1574 1654 et
1611 1601 1838 1654 volucres
1875 1601 1985 1655 caeli
2014 1600 2097 1652 ni-

515 1692 630 1757 dos,
660 1691 829 1746 Filius
863 1703 1031 1746 autem
1067 1692 1285 1745 hominis
1335 1708 1437 1745 non
1465 1692 1613 1745 habet
1641 1690 1728 1744 ubi
1771 1700 1921 1759 caput
1950 1706 2098 1744 suum

512 1784 721 1838 reclinet
757 1782 909 1853 (Luc.
941 1785 993 1840 9.
1027 1786 1139 1854 58).
1166 1783 1277 1839 Hoc
1306 1784 1349 1838 si
1380 1799 1411 1838 a
1452 1784 1603 1839 vobis
1632 1784 1925 1853 exigamus,
1960 1783 2097 1839 forte

510 1892 673 1947 grave
698 1887 752 1932 et
778 1893 1064 1933 onerosum
1093 1877 1272 1932 multis
1298 1877 1565 1932 videbitur
1589 1894 1602 1931 :
1634 1884 1961 1947 quapmpter
1988 1884 2093 1929 tam

510 1979 813 2023 accuratam
856 1970 1206 2024 imitationem
1238 1984 1341 2025 non
1372 1983 1681 2038 exposcam,
1714 1977 1774 2022 ut
1800 1968 2096 2023 infirmitati

512 2069 708 2115 vestra:
751 2076 986 2130 parcam.
1032 2062 1179 2132 Rogo
1224 2070 1399 2116 autem
1431 2077 1499 2117 ne
1529 2062 1767 2130 pecuniis
1796 2062 1956 2115 nimis
1985 2061 2098 2117 hae-

508 2150 710 2216 rentis;
739 2151 833 2206 sed
877 2163 933 2205 ut
961 2167 1059 2222 ego
1085 2153 1153 2207 ob
1179 2153 1535 2207 iniirmitatem
1575 2162 1805 2208 vestram
1846 2163 2043 2209 tantam
2066 2168 2095 2208 a

510 2242 664 2297 vobis
691 2243 940 2298 virtutem
975 2261 1078 2299 non
1107 2246 1261 2315 exigo
1288 2262 1302 2299 :
1334 2245 1412 2299 sic
1449 2254 1506 2300 et
1531 2259 1627 2299 vos
1660 2245 1830 2300 multo
1855 2246 2024 2316 magis
2064 2260 2095 2300 a

508 2332 742 2401 nequitia
770 2334 1050 2388 recedatis.
1076 2334 1191 2389 Non
1218 2349 1411 2391 accuso
1429 2350 1522 2390 eos
1545 2335 1635 2404 qui
1659 2335 1847 2391 domos
1870 2335 2092 2403 habent,

507 2436 693 2493 agros,
724 2425 996 2494 pecunias,
1030 2439 1250 2493 servos;
1300 2427 1397 2481 sed
1440 2428 1562 2483 volo
1596 2435 1654 2482 ut
1696 2427 1841 2483 licite
1867 2439 1920 2484 et
1969 2444 2091 2483 cum

507 2514 705 2570 decore
747 2515 834 2571 illa
866 2516 1239 2587 possideatisi.
1280 2516 1418 2586 Quid
1464 2527 1567 2585 est,
1592 2534 1715 2574 cum
1762 2519 1997 2574 decore?
2023 2519 2095 2575 Ut

505 2605 731 2673 domini,
760 2622 864 2663 non
917 2609 1055 2664 servi
1104 2610 1319 2663 illorum
1366 2610 1505 2675 sitis,
1537 2621 1595 2665 ut
1644 2626 1708 2666 ea
1754 2612 2091 2682 possideatis,

508 2713 616 2752 non
647 2699 735 2754 illa
764 2716 861 2755 vos
891 2703 1197 2771 possideant
1222 2719 1237 2767 ;
1267 2703 1331 2757 iis
1352 2704 1598 2771 utamini,
1630 2720 1734 2759 non
1768 2706 2085 2761 abutamini.

505 2787 648 2855 Opes
674 2790 793 2845 ideo
818 2792 895 2846 sic
924 2802 1201 2857 vocantur,
1229 2802 1290 2847 ut
1343 2794 1407 2847 iis
1465 2794 1517 2848 in
1566 2809 1731 2863 opera
1786 2798 2089 2852 necessaria

505 2887 735 2935 utamur.
772 2896 875 2935 non
920 2891 975 2936 ut
1006 2883 1125 2936 illas
1154 2884 1539 2939 custodiamus.
1568 2885 1681 2940 lloc
1722 2887 1920 2957 quippe
1949 2890 2088 2944 servi

505 2980 609 3034 est,
656 2973 781 3027 illud
806 2973 941 3028 heri.
971 2976 1271 3041 Custodire,
1292 2977 1432 3031 servi
1462 2987 1578 3041 est;
1610 2979 1943 3047 impendere,
1972 2980 2089 3036 heri

504 3071 555 3115 et
582 3070 897 3132 potestatem
932 3065 1197 3121 habentis.
1231 3068 1344 3121 Non
1372 3067 1492 3122 ideo
1517 3070 1792 3138 accepisti,
1820 3079 1877 3125 ut
1905 3072 1956 3126 iu
1984 3080 2091 3127 tere

567 3198 583 3228 ί
620 3196 714 3247 Alii
738 3197 927 3262 legunt,
950 3196 1050 3250 illis
1071 3198 1291 3262 utamini,
1320 3214 1425 3263 pro,
1448 3200 1536 3251 illa
1557 3201 1860 3264 possidentis.

1260 388 1317 444 S.
1355 389 1633 446 JOANNIS
1669 388 2139 447 CHRYSOSTOMI
2179 393 2495 454 ARCHIEP.
2535 402 3065 468 CONSTANTINOP.

3683 424 3787 478 ιὲι

2209 526 2321 566 ram
2369 513 2641 582 defodias,
2674 527 2769 579 sed
2818 536 2874 580 ιιι
2914 529 3221 586 distributas.
3254 534 3309 589 Si
3362 536 3520 591 vellet
3570 538 3704 593 Deus
3733 554 3789 597 nt

2208 602 2315 658 ill-.e
2369 621 2736 680 servarentur,
2768 632 2871 670 non
2919 619 3222 677 hominibus
3269 625 3533 693 dedisset,
3588 632 3679 685 sed
3735 635 3786 687 in

2212 705 2351 750 terra
2382 702 2587 756 occulta
2618 704 2931 765 dimisisset.
2964 712 3097 779 Quia
3147 726 3326 773 autem
3375 723 3485 775 vult
3526 724 3642 778 illas
3684 727 3786 779 im-

2210 786 2391 854 pendi,
2425 790 2545 846 ideo
2573 798 2815 863 permisit
2846 809 2900 855 ut
2931 803 3050 859 illas
3077 805 3417 874 haberemus,
3443 823 3499 866 ut
3527 815 3641 869 illas
3667 832 3786 868 mu-

2208 886 2297 931 tuo
2321 881 2854 943 communit-aremus.
2882 890 2974 947 Sin
3013 895 3151 963 apud
3183 912 3281 963 nos
3309 901 3650 968 retineamus,
3680 922 3785 960 non

2206 968 2344 1024 ultra
2386 971 2587 1029 domini
2637 976 2848 1034 illarum
2897 997 3103 1039 sumus.
3134 988 3188 1044 Si
3219 1000 3395 1045 autem
3429 992 3546 1047 illas
3590 1011 3787 1066 augere

2204 1062 2372 1127 velis,
2428 1065 2656 1138 ideoque
2714 1085 2898 1129 servas
2938 1093 2952 1129 :
3000 1077 3087 1131 illa
3146 1080 3386 1149 profecto
3429 1086 3628 1153 optima
3665 1062 3787 1143 Verit

2204 1156 2396 1223 agendi
2428 1159 2583 1225 ratio,
2606 1163 2651 1216 si
2679 1163 2955 1236 dispergas
2982 1178 3037 1225 et
3060 1172 3294 1243 undique
3316 1176 3626 1236 distribuas.
3651 1180 3785 1237 Nul-

2204 1245 2288 1299 lus
2312 1248 2455 1303 enim
2502 1264 2792 1320 proventus
2821 1260 2937 1313 sine
2961 1274 3208 1332 sumptu,
3242 1268 3400 1321 nulla:
3432 1268 3630 1326 divitiae
3670 1272 3787 1329 sine

2202 1351 2437 1406 expensa
2470 1358 2484 1395 :
2518 1342 2571 1397 id
2600 1346 2740 1414 quod
2790 1349 2843 1403 in
2895 1352 3054 1407 rebus
3098 1358 3443 1414 saecularibus
3478 1361 3655 1417 videre
3679 1374 3781 1419 est.

2202 1426 2292 1483 Sic
2319 1442 2605 1499 mercator,
2630 1438 2708 1492 sic
2734 1441 2963 1509 agricola
2995 1443 3154 1510 facit;
3190 1446 3275 1501 hic
3298 1451 3522 1516 semina,
3557 1453 3645 1509 ille
3686 1470 3782 1523 pe-

2203 1524 2390 1579 cunias
2435 1531 2677 1599 spargit:
2710 1532 2798 1586 ille
2847 1536 3060 1606 navigat
3103 1546 3159 1593 et
3205 1543 3461 1609 pecunias
3503 1545 3779 1615 impendit,

2202 1613 2290 1669 hic
2320 1631 2415 1685 per
2443 1627 2609 1674 totum
2643 1622 2850 1679 laborat
2875 1641 3093 1696 annum,
3124 1633 3274 1694 serit,
3306 1635 3521 1690 excolit.
3566 1613 3661 1692 llic
3689 1654 3782 1693 aus

2202 1714 2309 1759 tem
2339 1708 2485 1763 nullo
2510 1725 2695 1766 eorum
2726 1724 2811 1770 est
2838 1730 3004 1785 opus;
3039 1735 3141 1774 non
3169 1724 3471 1793 apparanda
3501 1729 3647 1781 navis
3677 1739 3779 1794 est,

2202 1811 2307 1851 non
2330 1798 2588 1869 jungendi
2618 1803 2782 1860 boves
2802 1817 2948 1875 sunt,
2977 1824 3081 1865 non
3102 1814 3298 1868 aranda
3328 1824 3489 1884 terra,
3516 1834 3620 1873 non
3642 1821 3781 1874 aeris

2201 1889 2548 1958 intemperies
2578 1894 2936 1965 observanda,
2970 1915 3073 1955 non
3120 1904 3324 1974 grando
3369 1907 3623 1964 timenda.
3662 1910 3778 1965 Non

2201 1978 2290 2036 hic
2336 1981 2528 2057 fluctus
2568 1996 2714 2055 sunt,
2751 2004 2854 2045 non
2886 1996 3108 2063 scopuli.
3165 1997 3288 2053 llzec
3334 2002 3618 2072 navigatio,
3668 2004 3781 2059 hare

2200 2076 2478 2141 sementis,
2510 2076 2614 2134 hoc
2645 2096 2752 2135 uno
2778 2097 2915 2153 opus
2944 2085 3122 2153 habet,
3155 2098 3211 2144 ut
3257 2090 3532 2150 facultates
3577 2097 3781 2166 disper-

2200 2173 2429 2233 gantur;
2462 2178 2659 2225 cietera
2704 2187 2833 2229 vero
2856 2178 3035 2231 omnia
3072 2182 3304 2249 agricola
3338 2184 3427 2240 ille
3451 2187 3686 2254 curabit,
3711 2190 3781 2245 de

2199 2270 2306 2326 quo
2331 2258 2408 2311 ait
2433 2257 2676 2319 Christus
2702 2281 2718 2319 :
2761 2264 2922 2320 Pater
2948 2285 3088 2325 meus
3111 2273 3340 2342 agricola
3379 2282 3470 2329 est.
3502 2275 3780 2346 Quomodo

2197 2349 2487 2407 absurdum
2520 2368 2627 2409 non
2653 2354 2838 2424 fuerit,
2874 2358 2962 2414 ubi
3001 2362 3117 2417 sine
3161 2363 3345 2420 labore
3365 2368 3543 2421 omnia
3569 2385 3781 2427 sumere

2197 2452 2504 2509 possumus,
2547 2446 2769 2515 supinos
2787 2457 2843 2502 et
2876 2450 3167 2507 oscitantes
3210 2470 3468 2523 manere;
3517 2458 3606 2514 ubi
3651 2476 3781 2517 vero

2197 2533 2350 2588 multi
2371 2534 2618 2604 sudores,
2650 2538 2882 2605 labores,
2914 2543 3323 2613 sollicitudines,
3348 2559 3402 2603 et
3446 2562 3627 2620 postea
3657 2566 3779 2624 spes

2197 2623 2420 2690 incerta,
2454 2628 2526 2682 ibi
2551 2643 2766 2686 omnem
2788 2633 3116 2704 diligentiam
3146 2639 3439 2697 adhibere?
3465 2643 3544 2700 Ne
3572 2661 3775 2716 quaeso,

2194 2729 2263 2769 ne
2305 2730 2425 2771 cum
2469 2718 2538 2773 de
2567 2720 2742 2777 salute
2769 2732 2951 2778 nostra
2985 2728 3179 2795 agitur,
3226 2738 3507 2801 tantopere
3548 2737 3778 2805 desipia-

2195 2820 2357 2873 mus;
2403 2808 2498 2864 sed
2528 2811 2840 2869 onerosiora
2889 2815 2978 2871 illa
3027 2820 3322 2887 mittentes,
3348 2824 3413 2877 ad
3464 2826 3697 2881 faciliora
3723 2837 3780 2883 et

2194 2900 2408 2954 utiliora
2437 2915 2737 2969 curramus,
2770 2913 2827 2960 ut
2866 2915 2921 2961 et
2961 2906 3137 2965 futura
3193 2927 3586 2983 consequamur
3615 2919 3773 2985 bona,

2192 2994 2362 3062 gratia
2386 3002 2442 3047 et
2466 2995 2828 3054 misericordia
2882 3000 3092 3056 Domini
3115 3006 3278 3058 nostri
3299 3004 3424 3060 Jesu
3445 3007 3667 3075 Christi,
3687 3011 3775 3079 qui

2196 3099 2319 3138 cum
2358 3085 2500 3140 Patri
2541 3088 2736 3157 gloria,
2768 3105 2872 3144 una
2901 3105 3024 3145 cum
3071 3092 3273 3163 Spiritu
3300 3108 3507 3165 sancto,
3541 3115 3680 3155 nunc
3723 3110 3779 3156 et

2200 3190 2436 3245 semper,
2467 3185 2521 3232 et
2550 3178 2605 3233 in
2634 3180 2830 3235 szecula
2856 3183 3198 3239 saeculorum.
3227 3186 3423 3243 Amen.

1880 3410 2087 3473 HOMl
2097 3412 2226 3474 LIA
2269 3415 2415 3477 XX.

501 3542 590 3598 45.
632 3542 697 3598 1η
735 3545 1009 3600 crastinum
1044 3547 1200 3601 voluit
1227 3548 1363 3602 exire
1405 3549 1457 3601 in
1497 3547 1783 3615 Galilaram,
1812 3561 1857 3606 et
1882 3553 2071 3607 invenit

572 3633 890 3707 Philippum,
918 3648 966 3692 et
995 3638 1116 3692 dicit
1139 3639 1220 3693 ei:
1242 3641 1462 3710 Sequere
1500 3659 1599 3696 me.
1625 3643 1714 3697 44.
1762 3642 1888 3697 Erat
1916 3655 2084 3699 autem

570 3728 843 3799 Philippus
868 3747 900 3783 a
920 3730 1193 3786 Bethsaida
1218 3732 1415 3788 civitate
1437 3732 1655 3789 Δηώ-ειη
1670 3744 1715 3789 et
1744 3734 1905 3791 Petri.

575 3863 627 3915 1.
663 3861 903 3917 Sollicite
920 3865 1175 3932 quaerenti
1193 3866 1391 3936 aliquid
1410 3881 1651 3936 superest
1670 3869 1769 3942 (α),
1800 3880 1857 3926 ιιι
1884 3873 1934 3926 in
1964 3888 2084 3942 pro-

501 3953 685 4006 verbio
727 3952 897 4007 fertur
923 3953 1104 4024 (Prov.
1152 3955 1239 4009 14.
1281 3954 1395 4028 25).
1427 3958 1674 4014 Christus
1708 3977 1836 4017 vero
1879 3963 2080 4032 aliquid

498 4044 665 4113 magis
705 4044 1058 4099 subindicavit
1083 4046 1286 4109 dicens,
1321 4049 1423 4114 Qui
1450 4052 1629 4119 quwrit
1654 4053 1837 4108 invenit
1866 4044 2080 4126 (Matth.

497 4136 553 4191 7.
580 4136 656 4209 8).
688 4135 839 4191 Unde
864 4136 1047 4191 mirari
1076 4138 1219 4193 subit
1256 4154 1353 4193 cur
1381 4140 1656 4212 Philippus
1698 4144 1963 4201 Christum
1988 4161 2079 4202 sed

495 4237 688 4299 quutus
703 4228 792 4285 sit.
815 4229 1057 4285 Andreas
1072 4233 1266 4300 quippe
1286 4234 1451 4299 venit,
1477 4249 1598 4289 cum
1617 4236 1853 4293 audisset
1871 4254 1901 4294 a
1921 4237 2084 4295 Joan-

497 4331 586 4382 ne,
618 4317 809 4374 Petrus
834 4334 982 4384 vero,
1007 4334 1130 4375 cum
1158 4320 1395 4377 audisset
1424 4322 1492 4377 ab
1520 4326 1767 4381 Andrea:
1798 4327 1884 4382 hic
1903 4338 2082 4385 autem

495 4427 618 4467 cum
646 4413 781 4468 nihil
804 4414 872 4468 ab
897 4415 1005 4470 alio
1045 4414 1339 4481 didicisset,
1372 4425 1575 4472 tantum
1601 4418 1813 4475 dicente
1842 4421 2077 4490 Christo,

499 4501 723 4571 Sequere
742 4520 840 4569 me,
870 4504 1259 4574 obtemperavit
1278 4507 1476 4569 statim,
1508 4524 1605 4563 nec
1631 4512 1878 4575 recessit,
1909 4512 2002 4567 sed
2027 4522 2083 4568 et

496 4592 815 4662 pratdicator
829 4594 947 4649 aliis
970 4595 1088 4651 fuit.
1109 4598 1408 4652 Accurrens
1423 4599 1565 4654 enim
1587 4601 1650 4655 ad
1673 4601 2076 4672 Nathanaelem,

496 4684 606 4739 ait:
636 4684 796 4751 Quem
820 4687 1020 4756 scripsit
1063 4687 1263 4759 Moyses
1285 4690 1338 4742 in
1367 4690 1476 4760 lege
1513 4701 1558 4744 et
1585 4694 1861 4763 prophetae,
1884 4697 2079 4751 inveni—

496 4793 608 4831 mus
634 4777 812 4847 (Joan.
831 4779 883 4831 1.
911 4779 1025 4849 45).
1046 4779 1233 4834 Viden“
1251 4796 1407 4851 quam
1431 4784 1691 4852 vigilaret,
1719 4796 1773 4840 et
1790 4804 1946 4857 quam
1971 4788 2079 4845 fre-

498 4878 726 4937 quenter
750 4868 941 4940 Moysis
966 4871 1160 4939 scripta
1182 4873 1543 4936 meditaretur,
1568 4885 1725 4945 atque
1750 4889 2081 4947 exspectaret

494 4958 692 5014 Christi
716 4958 1037 5014 adventum?
1062 4960 1192 5015 Nam
1218 4962 1365 5027 illud,
1399 4961 1713 5031 Invenimus,
1743 4967 1859 5037 ejus
1881 4979 1964 5023 est
1988 4971 2077 5036 qui

493 5066 709 5119 semper
734 5051 944 5121 quatrit.
972 5051 1039 5105 In
1059 5063 1331 5107 crastinum
1356 5056 1505 5109 exivit
1528 5055 1559 5109 J
1568 5073 1679 5110 esus
1708 5060 1760 5112 in
1789 5058 2076 5117 Galilteam.

554 5206 627 5268 ((Ῑ)
660 5209 973 5277 ΡΙὋἾΘΙὍΙΠΕΙ
1434 5209 1633 5277 legitur,
1664 5226 1771 5264 παντὶ
1800 5231 1850 5277 τῷ
1873 5231 2081 5277 lupus-ﬁrst

492 5277 676 5337 ἶνιστὶβι
705 5281 880 5337 παρις-τέν-
916 5268 1050 5337 Haec,
1074 5270 1115 5317 si
1158 5270 1216 5317 ad
1255 5275 1461 5319 verbum
1489 5268 1739 5337 "explices,
1788 5268 2079 5337 siguﬂicaut,

492 5332 628 5379 υιιιιιί
664 5329 867 5398 curanti,
902 5329 1000 5388 vel,
1024 5337 1249 5398 accurate
1291 5335 1531 5393 querenti
1568 5329 1748 5397 aliquid
1778 5329 2079 5398 superﬂuum

494 5398 586 5440 est.
614 5390 705 5438 Sed
729 5392 820 5439 hoc
842 5405 990 5440 sensu
1016 5404 1110 5439 non
1134 5394 1199 5439 Ita
1220 5390 1449 5443 consonat
1472 5408 1580 5443 cum
1604 5390 1941 5448 sequentibus.
1967 5407 2079 5448 Nam

492 5452 1037 5519 inquitACbrysostomus
1056 5467 1083 5519 _:
1114 5452 1338 5519 Christus
1359 5454 1539 5517 aliquid
1571 5452 1779 5519 amplius
1807 5461 2079 5510 subindicat

493 5528 601 5560 t'ttttt
626 5513 875 5583 dicit,;(_mi
909 5514 1081 5583 quierit
1104 5514 1297 5583 invenit.
1323 5513 1622 5583 Quapropter
1646 5513 1820 5570 melius
1845 5522 2078 5583 intelligi-

492 5580 570 5621 tur
595 5577 920 5635 proverbium,
948 5576 1036 5645 hoc
1060 5582 1222 5645 pacto,
1240 5576 1605 5645 omnileicite
1637 5583 1881 5645 quaerenti
1899 5576 2075 5645 aliquid

492 5648 564 5696 sul
573 5644 721 5685 .erest
730 5638 1064 5700 quazrendum,
1073 5637 1150 5686 vel
1162 5637 1342 5700 aliquid
1356 5640 1514 5689 deest.
1529 5637 1768 5691 Caeterum
1779 5644 1826 5691 in
1836 5637 2077 5693 Hebraieo

484 5721 638 5791 Tim
669 5698 1060 5791 m_;w'533
1100 5722 1151 5773 in
1176 5698 1313 5791 onini
1338 5722 1509 5776 labore
1533 5727 1622 5778 erit
1651 5726 2075 5791 emolumenlmn;

502 5789 581 5837 vel
632 5790 752 5838 utin
777 5789 980 5852 Vulgata
1006 5790 1202 5853 legitur,
1226 5790 1277 5843 in
1299 5792 1425 5843 omni
1447 5806 1589 5857 opere
1610 5794 1701 5845 erit
1723 5798 2030 5848 abundmitin.

2191 3583 2490 3655 Antequam
2525 3587 2668 3642 enim
2699 3589 2796 3658 ipsi
2833 3589 2968 3647 ullus
3008 3590 3258 3659 luereret,
3292 3594 3557 3650 neminem
3599 3600 3773 3651 vocat.

2191 3675 2246 3730 ld
2275 3691 2403 3733 vero
2429 3692 2535 3733 non
2566 3679 2684 3735 sine
2726 3692 2884 3735 causa
2937 3682 3079 3748 fecit,
3129 3684 3224 3739 sed
3267 3699 3472 3740 summa
3518 3688 3773 3755 sapientia

2188 3775 2350 3837 atque
2396 3763 2695 3838 prudentia.
2741 3769 2875 3826 Nam
2914 3771 2961 3827 si
3007 3775 3222 3830 nemine
3265 3786 3457 3846 sponte
3484 3778 3774 3834 accedente

2190 3861 2336 3931 ipsos
2363 3863 2450 3917 ille
2476 3865 2804 3932 attraxisset,
2837 3865 3064 3923 fortasse
3091 3876 3276 3937 postea
3301 3869 3653 3925 resiliissent:
3684 3871 3772 3927 ubi

2189 3960 2365 4006 autem
2399 3945 2528 4008 illud
2559 3955 2698 4009 u’ltro
2743 3956 3073 4027 delegerunt,
3098 3958 3246 4013 lirmi
3275 3970 3456 4029 postea
3500 3976 3768 4019 mansere.

2188 4044 2490 4115 Philippum
2521 4057 2700 4103 autem
2728 4060 2885 4104 vocat
2912 4050 3011 4105 sibi
3037 4057 3203 4122 magis
3231 4061 3439 4119 notum,
3468 4064 3649 4124 utpote
3677 4057 3766 4123 qui

2187 4135 2244 4191 in
2291 4135 2511 4192 Galilzea
2555 4150 2710 4194 natus
2748 4149 2803 4196 et
2841 4140 3096 4196 educatus
3121 4134 3281 4198 e'sset.
3312 4145 3615 4215 Assumptis
3644 4161 3773 4217 ergo

2187 4225 2485 4297 discipulis,
2529 4228 2598 4283 ad
2626 4231 2953 4301 reliquorum
2996 4243 3246 4289 venatum
3297 4235 3672 4305 proﬁciscitur,
3704 4250 3770 4293 ac

2187 4316 2491 4389 Philippum
2518 4330 2575 4376 et
2600 4319 2980 4378 Nathanaelem
3023 4323 3264 4380 attrahit.
3310 4326 3387 4382 De
3434 4327 3538 4382 hoc
3584 4336 3766 4382 autem

2188 4424 2296 4464 non
2325 4421 2429 4464 tam
2452 4411 2698 4468 mirabile
2722 4413 2841 4481 fuit,
2864 4414 2987 4484 quia
3008 4414 3136 4471 Jesu
3165 4416 3304 4471 fama
3331 4434 3427 4489 per
3453 4426 3615 4474 totam
3663 4418 3770 4491 Sy-

2187 4501 2319 4555 riam
2350 4503 2737 4571 pervolaverat;
2758 4504 2853 4559 sed
2874 4506 3070 4561 mirum
3086 4517 3202 4562 erat
3220 4508 3363 4579 quod
3389 4509 3577 4565 Petrus
3597 4519 3652 4564 et
3674 4511 3769 4566 .Ia-

2186 4592 2353 4645 cobus
2380 4601 2435 4646 et
2463 4591 2740 4664 Philippus
2769 4597 2978 4665 sequuti
3008 4598 3136 4665 sint,
3166 4614 3273 4653 non
3299 4600 3461 4655 modo
3490 4601 3628 4670 quod
3647 4612 3769 4657 ante

2186 4682 2336 4752 signa
2365 4684 2707 4751 crediderint,
2730 4686 2826 4741 sed
2864 4687 3023 4742 etiam
3062 4690 3205 4759 quod
3232 4706 3296 4745 ex
3323 4692 3536 4747 Galiltea
3565 4700 3767 4760 esSent,

2185 4773 2328 4828 unde
2352 4787 2453 4828 nec
2478 4775 2734 4846 propheta
2761 4776 3030 4847 prodibat,
3059 4796 3232 4851 neque
3257 4782 3454 4853 aliquid
3492 4783 3616 4838 boni
3655 4787 3769 4839 exi-

2188 4864 2309 4920 bat:
2334 4867 2531 4921 rustica
2553 4866 2747 4937 quippe
2764 4883 2895 4938 gens
2912 4879 3047 4934 erat,
3068 4874 3311 4940 agrestis,
3333 4888 3543 4944 aspera.
3570 4875 3767 4931 Verum

2186 4955 2313 5012 inde
2332 4956 2577 5012 Christus
2600 4961 2893 5028 potentiam
2918 4962 3153 5019 ostendit
3175 4978 3348 5034 suam,
3376 4965 3503 5022 dum
3530 4983 3593 5022 ex
3624 4980 3766 5023 terra

2186 5049 2391 5103 nullum
2423 5051 2628 5106 ferente
2656 5052 2907 5119 fructum,
2936 5055 3189 5111 selectam
3228 5058 3609 5128 discipulorum
3641 5077 3762 5130 par-

2186 5151 2292 5196 tem
2322 5143 2523 5198 eduxit.
2555 5144 2855 5203 Verisimile
2880 5146 3041 5217 igitur
3063 5160 3146 5204 est
3162 5149 3483 5222 Philippum,
3508 5155 3649 5223 quod
3669 5154 3767 5208 Pes

2185 5244 2322 5289 trum
2354 5236 2574 5293 vidisset
2610 5246 2664 5292 et
2690 5237 2949 5294 Joannem
2990 5241 3245 5308 audisset,
3287 5256 3566 5310 sequutum
3608 5260 3763 5313 esse;

2183 5327 2439 5383 credibile
2459 5343 2671 5398 quoque
2691 5340 2773 5385 est
2791 5328 2987 5384 Christi
3008 5347 3190 5386 vocem
3216 5334 3412 5403 aliquid
3441 5336 3493 5390 in
3522 5334 3609 5390 illo
3632 5347 3766 5405 ope-s

2185 5427 2350 5472 ratam
2376 5432 2531 5473 esse:
2559 5429 2781 5474 noverat
2807 5421 2949 5474 enim
2978 5421 3223 5477 Christus
3247 5428 3461 5495 quinam
3490 5426 3665 5481 idonei
3685 5427 3767 5481 fn-

2186 5512 2287 5564 turi
2332 5519 2530 5564 essent.
2578 5509 2914 5581 Evangelista
2958 5523 3133 5568 autem
3180 5516 3294 5571 hate
3334 5518 3509 5572 omnia
3538 5519 3759 5588 carptim

2184 5610 2417 5655 enarrat.
2445 5600 2596 5667 Quod
2620 5598 2865 5657 Christus
2900 5614 3155 5659 venturus
3182 5617 3345 5675 esset,
3377 5608 3477 5664 hoc
3504 5610 3589 5664 ille
3618 5612 3763 5664 scie-

2186 5693 2310 5746 bat:
2341 5692 2482 5751 auod
2509 5706 2639 5747 vero
2669 5692 2755 5747 hic
2778 5702 2923 5748 esset
2947 5694 3188 5751 Christus
3213 5696 3507 5767 ignorabat,
3537 5699 3589 5755 id
3617 5701 3760 5772 quod

2184 5786 2354 5856 ipsum
2379 5786 2460 5842 vel
2481 5800 2509 5839 a
2542 5787 2698 5842 Petro
2724 5785 2807 5842 vel
2833 5801 2860 5840 a
2888 5786 3095 5844 Joanne
3131 5791 3398 5848 audivisse
3426 5802 3571 5862 puto.
3599 5793 3763 5850 Joan-
