  <div class='ocr_page' id='page_1' title='image "/cluster/home/n/w/nwhite01/storage/ocr_20150623/59/nnc1.0046979891/120.png"; bbox 0 0 4094 6370; ppageno 0'>
   <div class='ocr_carea' id='block_1_1' title="bbox 262 420 395 499">
    <p class='ocr_par' dir='ltr' id='par_1_1' title="bbox 262 420 395 499">
     <span class='ocr_line' id='line_1_1' title="bbox 262 420 395 499; baseline 0.015 -22"><span class='ocrx_word' id='word_1_1' title='bbox 262 420 395 499; x_wconf 44' lang='grc' dir='ltr'>,ιεδ</span> 
     </span>
    </p>
   </div>
   <div class='ocr_carea' id='block_1_2' title="bbox 288 536 1876 610">
    <p class='ocr_par' dir='ltr' id='par_1_2' title="bbox 288 536 1876 610">
     <span class='ocr_line' id='line_1_2' title="bbox 288 536 1876 610; baseline -0.004 -14"><span class='ocrx_word' id='word_1_2' title='bbox 288 542 427 596; x_wconf 85' lang='grc' dir='ltr'>ὥστε</span> <span class='ocrx_word' id='word_1_3' title='bbox 493 538 571 610; x_wconf 83' lang='grc' dir='ltr'>μὴ</span> <span class='ocrx_word' id='word_1_4' title='bbox 633 538 854 610; x_wconf 83' lang='grc' dir='ltr'>ὑϐρίσαι</span> <span class='ocrx_word' id='word_1_5' title='bbox 906 537 1000 592; x_wconf 77' lang='grc' dir='ltr'>τὸν</span> <span class='ocrx_word' id='word_1_6' title='bbox 1052 538 1383 610; x_wconf 86' lang='grc' dir='ltr'>τιμήσαντα.</span> <span class='ocrx_word' id='word_1_7' title='bbox 1461 541 1576 593; x_wconf 84' lang='grc' dir='ltr'>υύκ</span> <span class='ocrx_word' id='word_1_8' title='bbox 1633 539 1746 591; x_wconf 76' lang='grc' dir='ltr'>ἴστε</span> <span class='ocrx_word' id='word_1_9' title='bbox 1806 536 1876 590; x_wconf 86' lang='grc' dir='ltr'>τὰ</span> 
     </span>
    </p>
   </div>
   <div class='ocr_carea' id='block_1_3' title="bbox 287 623 1879 697">
    <p class='ocr_par' dir='ltr' id='par_1_3' title="bbox 287 623 1879 697">
     <span class='ocr_line' id='line_1_3' title="bbox 287 623 1879 697; baseline -0.005 -14"><span class='ocrx_word' id='word_1_10' title='bbox 287 638 546 697; x_wconf 83' lang='grc' dir='ltr'>τάγματα</span> <span class='ocrx_word' id='word_1_11' title='bbox 572 626 642 678; x_wconf 80' lang='grc' dir='ltr'>τά</span> <span class='ocrx_word' id='word_1_12' title='bbox 672 625 927 696; x_wconf 79' lang='grc' dir='ltr'>βασιλικὰ</span> <span class='ocrx_word' id='word_1_13' title='bbox 965 623 1073 678; x_wconf 87' lang='grc' dir='ltr'>τῶν</span> <span class='ocrx_word' id='word_1_14' title='bbox 1116 625 1506 696; x_wconf 86' lang='grc' dir='ltr'>ἀσπιδηφόρων</span> <span class='ocrx_word' id='word_1_15' title='bbox 1551 624 1648 677; x_wconf 70' lang='grc' dir='ltr'>καὶ</span> <span class='ocrx_word' id='word_1_16' title='bbox 1690 625 1879 693; x_wconf 89' lang='grc' dir='ltr'>λογχο-</span> 
     </span>
    </p>
   </div>
   <div class='ocr_carea' id='block_1_4' title="bbox 289 708 1877 784">
    <p class='ocr_par' dir='ltr' id='par_1_4' title="bbox 289 708 1877 784">
     <span class='ocr_line' id='line_1_4' title="bbox 289 708 1877 784; baseline -0.003 -19"><span class='ocrx_word' id='word_1_17' title='bbox 289 713 469 784; x_wconf 71' lang='grc' dir='ltr'>φόρων</span> <span class='ocrx_word' id='word_1_18' title='bbox 502 712 573 764; x_wconf 78' lang='grc' dir='ltr'>τά</span> <span class='ocrx_word' id='word_1_19' title='bbox 603 711 733 781; x_wconf 64' lang='grc' dir='ltr'>περ)⁸</span> <span class='ocrx_word' id='word_1_20' title='bbox 756 723 780 750; x_wconf 68' lang='lat' dir='ltr'><strong>ﬂ</strong></span> <span class='ocrx_word' id='word_1_21' title='bbox 800 711 895 763; x_wconf 86' lang='grc' dir='ltr'>τὸν</span> <span class='ocrx_word' id='word_1_22' title='bbox 917 709 1164 780; x_wconf 77' lang='grc' dir='ltr'>βασιλέα,</span> <span class='ocrx_word' id='word_1_23' title='bbox 1186 710 1361 780; x_wconf 82' lang='grc' dir='ltr'>πόσης</span> <span class='ocrx_word' id='word_1_24' title='bbox 1391 709 1655 762; x_wconf 84' lang='grc' dir='ltr'>ἀπολαύει</span> <span class='ocrx_word' id='word_1_25' title='bbox 1677 708 1877 779; x_wconf 82' lang='grc' dir='ltr'>τιμῆς;</span> 
     </span>
    </p>
   </div>
   <div class='ocr_carea' id='block_1_5' title="bbox 291 794 1880 866">
    <p class='ocr_par' dir='ltr' id='par_1_5' title="bbox 291 794 1880 866">
     <span class='ocr_line' id='line_1_5' title="bbox 291 794 1880 866; baseline -0.001 -17"><span class='ocrx_word' id='word_1_26' title='bbox 291 796 448 849; x_wconf 82' lang='grc' dir='ltr'>Οῦτω</span> <span class='ocrx_word' id='word_1_27' title='bbox 482 797 578 849; x_wconf 72' lang='grc' dir='ltr'>καὶ</span> <span class='ocrx_word' id='word_1_28' title='bbox 611 797 773 866; x_wconf 81' lang='grc' dir='ltr'>ἡμεῖς</span> <span class='ocrx_word' id='word_1_29' title='bbox 805 797 974 863; x_wconf 80' lang='grc' dir='ltr'>ἐγγὺς</span> <span class='ocrx_word' id='word_1_30' title='bbox 1018 794 1184 849; x_wconf 85' lang='grc' dir='ltr'>αὐτοῦ</span> <span class='ocrx_word' id='word_1_31' title='bbox 1222 796 1473 864; x_wconf 87' lang='grc' dir='ltr'>γενέσθαι</span> <span class='ocrx_word' id='word_1_32' title='bbox 1512 794 1880 862; x_wconf 84' lang='grc' dir='ltr'>καταξιωθέν-</span> 
     </span>
    </p>
   </div>
   <div class='ocr_carea' id='block_1_6' title="bbox 290 880 1879 952">
    <p class='ocr_par' dir='ltr' id='par_1_6' title="bbox 290 880 1879 952">
     <span class='ocr_line' id='line_1_6' title="bbox 290 880 1879 952; baseline 0.001 -18"><span class='ocrx_word' id='word_1_33' title='bbox 290 898 381 945; x_wconf 91' lang='grc' dir='ltr'>τες</span> <span class='ocrx_word' id='word_1_34' title='bbox 410 880 507 934; x_wconf 74' lang='grc' dir='ltr'>καὶ</span> <span class='ocrx_word' id='word_1_35' title='bbox 539 880 718 951; x_wconf 85' lang='grc' dir='ltr'>πολλῷ</span> <span class='ocrx_word' id='word_1_36' title='bbox 751 880 1142 951; x_wconf 77' lang='grc' dir='ltr'>πλησιαίτερον</span> <span class='ocrx_word' id='word_1_37' title='bbox 1166 887 1217 946; x_wconf 86' lang='lat' dir='ltr'><strong>b,</strong></span> <span class='ocrx_word' id='word_1_38' title='bbox 1252 882 1348 935; x_wconf 72' lang='grc' dir='ltr'>καὶ</span> <span class='ocrx_word' id='word_1_39' title='bbox 1375 882 1615 952; x_wconf 81' lang='grc' dir='ltr'>τοσούτῳ</span> <span class='ocrx_word' id='word_1_40' title='bbox 1652 882 1879 951; x_wconf 88' lang='grc' dir='ltr'>ἐγγύτε-</span> 
     </span>
    </p>
   </div>
   <div class='ocr_carea' id='block_1_7' title="bbox 295 964 1880 1037">
    <p class='ocr_par' dir='ltr' id='par_1_7' title="bbox 295 964 1880 1037">
     <span class='ocr_line' id='line_1_7' title="bbox 295 964 1880 1037; baseline 0.003 -22"><span class='ocrx_word' id='word_1_41' title='bbox 295 982 387 1037; x_wconf 91' lang='grc' dir='ltr'>ρον</span> <span class='ocrx_word' id='word_1_42' title='bbox 419 965 529 1017; x_wconf 88' lang='grc' dir='ltr'>τῶν</span> <span class='ocrx_word' id='word_1_43' title='bbox 563 964 889 1035; x_wconf 79' lang='grc' dir='ltr'>εἰρημένων,</span> <span class='ocrx_word' id='word_1_44' title='bbox 920 965 1029 1034; x_wconf 84' lang='grc' dir='ltr'>ὅσῳ</span> <span class='ocrx_word' id='word_1_45' title='bbox 1058 965 1119 1018; x_wconf 80' lang='grc' dir='ltr'>τὸ</span> <span class='ocrx_word' id='word_1_46' title='bbox 1146 965 1307 1036; x_wconf 89' lang='grc' dir='ltr'>σῶμα</span> <span class='ocrx_word' id='word_1_47' title='bbox 1347 969 1414 1037; x_wconf 81' lang='grc' dir='ltr'>τῇ</span> <span class='ocrx_word' id='word_1_48' title='bbox 1445 968 1651 1037; x_wconf 86' lang='grc' dir='ltr'>κεφαλῇ</span> <span class='ocrx_word' id='word_1_49' title='bbox 1679 967 1880 1037; x_wconf 84' lang='grc' dir='ltr'>μᾶλλον</span> 
     </span>
    </p>
   </div>
   <div class='ocr_carea' id='block_1_8' title="bbox 289 1047 1882 1122">
    <p class='ocr_par' dir='ltr' id='par_1_8' title="bbox 289 1047 1882 1122">
     <span class='ocr_line' id='line_1_8' title="bbox 289 1047 1882 1122; baseline 0.003 -21"><span class='ocrx_word' id='word_1_50' title='bbox 289 1048 497 1101; x_wconf 85' lang='grc' dir='ltr'>τούτων</span> <span class='ocrx_word' id='word_1_51' title='bbox 536 1048 766 1118; x_wconf 82' lang='grc' dir='ltr'>πλησίον</span> <span class='ocrx_word' id='word_1_52' title='bbox 818 1050 957 1115; x_wconf 85' lang='grc' dir='ltr'>ἐστί,</span> <span class='ocrx_word' id='word_1_53' title='bbox 997 1050 1178 1103; x_wconf 81' lang='grc' dir='ltr'>πάντα</span> <span class='ocrx_word' id='word_1_54' title='bbox 1217 1050 1547 1122; x_wconf 77' lang='grc' dir='ltr'>πράττωμεν</span> <span class='ocrx_word' id='word_1_55' title='bbox 1586 1051 1651 1103; x_wconf 87' lang='grc' dir='ltr'>δι’</span> <span class='ocrx_word' id='word_1_56' title='bbox 1682 1047 1758 1105; x_wconf 86' lang='grc' dir='ltr'>ὧν</span> <span class='ocrx_word' id='word_1_57' title='bbox 1790 1050 1882 1105; x_wconf 79' lang='grc' dir='ltr'>τὸν</span> 
     </span>
    </p>
   </div>
   <div class='ocr_carea' id='block_1_9' title="bbox 291 1130 1881 1206">
    <p class='ocr_par' dir='ltr' id='par_1_9' title="bbox 291 1130 1881 1206">
     <span class='ocr_line' id='line_1_9' title="bbox 291 1130 1881 1206; baseline 0.003 -21"><span class='ocrx_word' id='word_1_58' title='bbox 291 1132 527 1203; x_wconf 82' lang='grc' dir='ltr'>Χριστὸν</span> <span class='ocrx_word' id='word_1_59' title='bbox 586 1132 956 1203; x_wconf 81' lang='grc' dir='ltr'>μιμησόμεθα.</span> <span class='ocrx_word' id='word_1_60' title='bbox 1012 1134 1078 1186; x_wconf 90' lang='grc' dir='ltr'>Τί</span> <span class='ocrx_word' id='word_1_61' title='bbox 1116 1130 1210 1187; x_wconf 81' lang='grc' dir='ltr'>οὖν</span> <span class='ocrx_word' id='word_1_62' title='bbox 1258 1152 1423 1205; x_wconf 86' lang='grc' dir='ltr'>φησιν</span> <span class='ocrx_word' id='word_1_63' title='bbox 1458 1138 1487 1188; x_wconf 96' lang='lat'>6</span> <span class='ocrx_word' id='word_1_64' title='bbox 1524 1135 1786 1206; x_wconf 87' lang='grc' dir='ltr'>Χριστός;</span> <span class='ocrx_word' id='word_1_65' title='bbox 1815 1138 1881 1190; x_wconf 80' lang='grc' dir='ltr'>Αἱ</span> 
     </span>
    </p>
   </div>
   <div class='ocr_carea' id='block_1_10' title="bbox 291 1215 1881 1285">
    <p class='ocr_par' dir='ltr' id='par_1_10' title="bbox 291 1215 1881 1285">
     <span class='ocr_line' id='line_1_10' title="bbox 291 1215 1881 1285; baseline 0.001 -14"><span class='ocrx_word' id='word_1_66' title='bbox 291 1215 602 1280; x_wconf 66' lang='grc' dir='ltr'>ἀλώπεκες</span> <span class='ocrx_word' id='word_1_67' title='bbox 654 1216 928 1285; x_wconf 70' lang='grc' dir='ltr'>φωλεοὺς</span> <span class='ocrx_word' id='word_1_68' title='bbox 966 1215 1202 1285; x_wconf 85' lang='grc' dir='ltr'>ἔχουσι,</span> <span class='ocrx_word' id='word_1_69' title='bbox 1246 1219 1345 1271; x_wconf 80' lang='grc' dir='ltr'>καί</span> <span class='ocrx_word' id='word_1_70' title='bbox 1390 1218 1463 1271; x_wconf 85' lang='grc' dir='ltr'>τὰ</span> <span class='ocrx_word' id='word_1_71' title='bbox 1499 1220 1741 1272; x_wconf 81' lang='grc' dir='ltr'>πετεινὰ</span> <span class='ocrx_word' id='word_1_72' title='bbox 1772 1218 1881 1272; x_wconf 84' lang='grc' dir='ltr'>τοῦ</span> 
     </span>
    </p>
   </div>
   <div class='ocr_carea' id='block_1_11' title="bbox 291 1299 1883 1370">
    <p class='ocr_par' dir='ltr' id='par_1_11' title="bbox 291 1299 1883 1370">
     <span class='ocr_line' id='line_1_11' title="bbox 291 1299 1883 1370; baseline 0.001 -15"><span class='ocrx_word' id='word_1_73' title='bbox 291 1299 555 1367; x_wconf 81' lang='grc' dir='ltr'>οὐρανοῦ</span> <span class='ocrx_word' id='word_1_74' title='bbox 583 1302 1078 1369; x_wconf 81' lang='grc' dir='ltr'>κατασκηνώσεις</span> <span class='ocrx_word' id='word_1_75' title='bbox 1101 1318 1116 1331; x_wconf 90' lang='grc'><strong>·</strong></span> <span class='ocrx_word' id='word_1_76' title='bbox 1152 1305 1187 1356; x_wconf 84' lang='grc' dir='ltr'><em>ὀ</em></span> <span class='ocrx_word' id='word_1_77' title='bbox 1230 1300 1301 1354; x_wconf 84' lang='grc' dir='ltr'>δὲ</span> <span class='ocrx_word' id='word_1_78' title='bbox 1359 1301 1490 1367; x_wconf 79' lang='grc' dir='ltr'>Υἱὸς</span> <span class='ocrx_word' id='word_1_79' title='bbox 1520 1303 1626 1356; x_wconf 82' lang='grc' dir='ltr'>τοῦ</span> <span class='ocrx_word' id='word_1_80' title='bbox 1660 1301 1883 1370; x_wconf 83' lang='grc' dir='ltr'>ἀνθρώ-</span> 
     </span>
    </p>
   </div>
   <div class='ocr_carea' id='block_1_12' title="bbox 293 1382 1879 1457">
    <p class='ocr_par' dir='ltr' id='par_1_12' title="bbox 293 1382 1879 1457">
     <span class='ocr_line' id='line_1_12' title="bbox 293 1382 1879 1457; baseline 0.001 -20"><span class='ocrx_word' id='word_1_81' title='bbox 293 1397 412 1438; x_wconf 76' lang='grc' dir='ltr'>που</span> <span class='ocrx_word' id='word_1_82' title='bbox 448 1386 562 1438; x_wconf 84' lang='grc' dir='ltr'>οὐκ</span> <span class='ocrx_word' id='word_1_83' title='bbox 616 1382 767 1457; x_wconf 76' lang='grc'><strong>[114]</strong></span> <span class='ocrx_word' id='word_1_84' title='bbox 806 1385 933 1454; x_wconf 81' lang='grc' dir='ltr'>ἔχει</span> <span class='ocrx_word' id='word_1_85' title='bbox 994 1384 1114 1438; x_wconf 78' lang='grc' dir='ltr'>ποῦ</span> <span class='ocrx_word' id='word_1_86' title='bbox 1172 1385 1289 1453; x_wconf 70' lang='grc' dir='ltr'>’τὴν</span> <span class='ocrx_word' id='word_1_87' title='bbox 1348 1385 1625 1454; x_wconf 59' lang='grc' dir='ltr'>κεφαλὴν</span> <span class='ocrx_word' id='word_1_88' title='bbox 1674 1387 1879 1454; x_wconf 72' lang='grc' dir='ltr'>κλίνῃ.</span> 
     </span>
    </p>
   </div>
   <div class='ocr_carea' id='block_1_13' title="bbox 292 1464 1879 1541">
    <p class='ocr_par' dir='ltr' id='par_1_13' title="bbox 292 1464 1879 1541">
     <span class='ocr_line' id='line_1_13' title="bbox 292 1464 1879 1541; baseline 0.002 -21"><span class='ocrx_word' id='word_1_89' title='bbox 292 1468 465 1520; x_wconf 84' lang='grc' dir='ltr'>Τοῦτο</span> <span class='ocrx_word' id='word_1_90' title='bbox 504 1468 606 1538; x_wconf 91' lang='grc' dir='ltr'>μέν</span> <span class='ocrx_word' id='word_1_91' title='bbox 630 1464 723 1521; x_wconf 86' lang='grc' dir='ltr'>οῦν</span> <span class='ocrx_word' id='word_1_92' title='bbox 748 1468 816 1521; x_wconf 86' lang='grc' dir='ltr'>ἂν</span> <span class='ocrx_word' id='word_1_93' title='bbox 838 1469 1232 1540; x_wconf 79' lang='grc' dir='ltr'>ἀπαιτήσωμεν</span> <span class='ocrx_word' id='word_1_94' title='bbox 1256 1472 1387 1541; x_wconf 85' lang='grc' dir='ltr'>παρ’</span> <span class='ocrx_word' id='word_1_95' title='bbox 1418 1468 1593 1539; x_wconf 86' lang='grc' dir='ltr'>ὑμῶν,</span> <span class='ocrx_word' id='word_1_96' title='bbox 1620 1470 1879 1540; x_wconf 74' lang='grc' dir='ltr'>φορτικὸν</span> 
     </span>
    </p>
   </div>
   <div class='ocr_carea' id='block_1_14' title="bbox 297 1549 1883 1626">
    <p class='ocr_par' dir='ltr' id='par_1_14' title="bbox 297 1549 1883 1626">
     <span class='ocr_line' id='line_1_14' title="bbox 297 1549 1883 1626; baseline 0.003 -24"><span class='ocrx_word' id='word_1_97' title='bbox 297 1551 425 1615; x_wconf 80' lang='grc' dir='ltr'>[σως</span> <span class='ocrx_word' id='word_1_98' title='bbox 448 1553 542 1605; x_wconf 76' lang='grc' dir='ltr'>καὶ</span> <span class='ocrx_word' id='word_1_99' title='bbox 578 1551 817 1623; x_wconf 84' lang='grc' dir='ltr'>ἐπαχθὲς</span> <span class='ocrx_word' id='word_1_100' title='bbox 854 1549 993 1606; x_wconf 74' lang='grc' dir='ltr'>εἶναι</span> <span class='ocrx_word' id='word_1_101' title='bbox 1033 1552 1175 1619; x_wconf 86' lang='grc' dir='ltr'>δόξει</span> <span class='ocrx_word' id='word_1_102' title='bbox 1212 1556 1327 1617; x_wconf 88' lang='grc' dir='ltr'>τοῖς</span> <span class='ocrx_word' id='word_1_103' title='bbox 1361 1554 1614 1618; x_wconf 77' lang='grc' dir='ltr'>πολλοῖςο</span> <span class='ocrx_word' id='word_1_104' title='bbox 1654 1553 1738 1607; x_wconf 81' lang='grc' dir='ltr'>διὸ</span> <span class='ocrx_word' id='word_1_105' title='bbox 1781 1553 1883 1626; x_wconf 83' lang='grc' dir='ltr'>τὴν</span> 
     </span>
    </p>
   </div>
   <div class='ocr_carea' id='block_1_15' title="bbox 297 1634 1884 1709">
    <p class='ocr_par' dir='ltr' id='par_1_15' title="bbox 297 1634 1884 1709">
     <span class='ocr_line' id='line_1_15' title="bbox 297 1634 1884 1709; baseline 0.002 -22"><span class='ocrx_word' id='word_1_106' title='bbox 297 1634 396 1706; x_wconf 82' lang='grc' dir='ltr'>μὲν</span> <span class='ocrx_word' id='word_1_107' title='bbox 458 1635 747 1706; x_wconf 86' lang='grc' dir='ltr'>ἀκρίϐειαν</span> <span class='ocrx_word' id='word_1_108' title='bbox 782 1635 985 1708; x_wconf 90' lang='grc' dir='ltr'>ταύτην</span> <span class='ocrx_word' id='word_1_109' title='bbox 1032 1636 1259 1707; x_wconf 83' lang='grc' dir='ltr'>ἀφίημι,</span> <span class='ocrx_word' id='word_1_110' title='bbox 1315 1637 1406 1691; x_wconf 76' lang='grc' dir='ltr'>διὰ</span> <span class='ocrx_word' id='word_1_111' title='bbox 1451 1637 1553 1709; x_wconf 79' lang='grc' dir='ltr'>τὴν</span> <span class='ocrx_word' id='word_1_112' title='bbox 1606 1637 1884 1709; x_wconf 80' lang='grc' dir='ltr'>ὑμετέραν</span> 
     </span>
    </p>
   </div>
   <div class='ocr_carea' id='block_1_16' title="bbox 295 1718 1879 1792">
    <p class='ocr_par' dir='ltr' id='par_1_16' title="bbox 295 1718 1879 1792">
     <span class='ocr_line' id='line_1_16' title="bbox 295 1718 1879 1792; baseline 0.002 -20"><span class='ocrx_word' id='word_1_113' title='bbox 295 1718 601 1782; x_wconf 83' lang='grc' dir='ltr'>ἀσθένειαν,</span> <span class='ocrx_word' id='word_1_114' title='bbox 641 1718 856 1784; x_wconf 85' lang='grc' dir='ltr'>ἀξιῶδέ</span> <span class='ocrx_word' id='word_1_115' title='bbox 893 1721 968 1790; x_wconf 81' lang='grc' dir='ltr'>μὴ</span> <span class='ocrx_word' id='word_1_116' title='bbox 1004 1720 1391 1792; x_wconf 84' lang='grc' dir='ltr'>προσηλῶσθαι</span> <span class='ocrx_word' id='word_1_117' title='bbox 1425 1723 1538 1785; x_wconf 86' lang='grc' dir='ltr'>τοῖς</span> <span class='ocrx_word' id='word_1_118' title='bbox 1580 1721 1879 1792; x_wconf 88' lang='grc' dir='ltr'>χρήμασιν,</span> 
     </span>
    </p>
   </div>
   <div class='ocr_carea' id='block_1_17' title="bbox 294 1801 1885 1876">
    <p class='ocr_par' dir='ltr' id='par_1_17' title="bbox 294 1801 1885 1876">
     <span class='ocr_line' id='line_1_17' title="bbox 294 1801 1885 1876; baseline 0.003 -21"><span class='ocrx_word' id='word_1_119' title='bbox 294 1802 411 1856; x_wconf 78' lang='grc' dir='ltr'>ἀλλ’</span> <span class='ocrx_word' id='word_1_120' title='bbox 446 1801 636 1874; x_wconf 83' lang='grc' dir='ltr'>ὥσπερ</span> <span class='ocrx_word' id='word_1_121' title='bbox 665 1801 776 1870; x_wconf 87' lang='grc' dir='ltr'>ἐγὼ</span> <span class='ocrx_word' id='word_1_122' title='bbox 798 1802 900 1873; x_wconf 86' lang='grc' dir='ltr'>τῆς</span> <span class='ocrx_word' id='word_1_123' title='bbox 927 1804 1234 1875; x_wconf 87' lang='grc' dir='ltr'>ὑπερϐολῆς</span> <span class='ocrx_word' id='word_1_124' title='bbox 1265 1804 1573 1876; x_wconf 84' lang='grc' dir='ltr'>ἀφίσταμαι</span> <span class='ocrx_word' id='word_1_125' title='bbox 1610 1804 1712 1876; x_wconf 84' lang='grc' dir='ltr'>τῆς</span> <span class='ocrx_word' id='word_1_126' title='bbox 1742 1805 1885 1859; x_wconf 83' lang='grc' dir='ltr'>κατὰ</span> 
     </span>
    </p>
   </div>
   <div class='ocr_carea' id='block_1_18' title="bbox 294 1887 1887 1960">
    <p class='ocr_par' dir='ltr' id='par_1_18' title="bbox 294 1887 1887 1960">
     <span class='ocr_line' id='line_1_18' title="bbox 294 1887 1887 1960; baseline 0.002 -20"><span class='ocrx_word' id='word_1_127' title='bbox 294 1894 397 1958; x_wconf 73' lang='grc' dir='ltr'>τὴν</span> <span class='ocrx_word' id='word_1_128' title='bbox 434 1887 637 1959; x_wconf 82' lang='grc' dir='ltr'>ἀρετὴν</span> <span class='ocrx_word' id='word_1_129' title='bbox 659 1888 747 1941; x_wconf 76' lang='grc' dir='ltr'>διὰ</span> <span class='ocrx_word' id='word_1_130' title='bbox 767 1888 870 1960; x_wconf 84' lang='grc' dir='ltr'>τὴν</span> <span class='ocrx_word' id='word_1_131' title='bbox 894 1887 1183 1943; x_wconf 82' lang='grc' dir='ltr'>ἀσθένειαν</span> <span class='ocrx_word' id='word_1_132' title='bbox 1204 1888 1303 1959; x_wconf 85' lang='grc' dir='ltr'>τὴν</span> <span class='ocrx_word' id='word_1_133' title='bbox 1326 1888 1437 1942; x_wconf 90' lang='grc' dir='ltr'>τῶν</span> <span class='ocrx_word' id='word_1_134' title='bbox 1475 1888 1707 1953; x_wconf 86' lang='grc' dir='ltr'>πολλῶν,</span> <span class='ocrx_word' id='word_1_135' title='bbox 1742 1887 1887 1943; x_wconf 80' lang='grc' dir='ltr'>οὕτω</span> 
     </span>
    </p>
   </div>
   <div class='ocr_carea' id='block_1_19' title="bbox 297 1970 1887 2043">
    <p class='ocr_par' dir='ltr' id='par_1_19' title="bbox 297 1970 1887 2043">
     <span class='ocr_line' id='line_1_19' title="bbox 297 1970 1887 2043; baseline 0.001 -19"><span class='ocrx_word' id='word_1_136' title='bbox 297 1972 391 2024; x_wconf 74' lang='grc' dir='ltr'>καὶ</span> <span class='ocrx_word' id='word_1_137' title='bbox 416 1972 562 2042; x_wconf 77' lang='grc' dir='ltr'>ὑμᾶς</span> <span class='ocrx_word' id='word_1_138' title='bbox 581 1971 682 2041; x_wconf 86' lang='grc' dir='ltr'>τῆς</span> <span class='ocrx_word' id='word_1_139' title='bbox 709 1971 853 2024; x_wconf 85' lang='grc' dir='ltr'>κατά</span> <span class='ocrx_word' id='word_1_140' title='bbox 885 1971 986 2043; x_wconf 81' lang='grc' dir='ltr'>τὴν</span> <span class='ocrx_word' id='word_1_141' title='bbox 1010 1972 1213 2027; x_wconf 87' lang='grc' dir='ltr'>κακίαν</span> <span class='ocrx_word' id='word_1_142' title='bbox 1246 1973 1573 2043; x_wconf 78' lang='grc' dir='ltr'>ἀποστῆναι,</span> <span class='ocrx_word' id='word_1_143' title='bbox 1594 1973 1690 2026; x_wconf 68' lang='grc' dir='ltr'>καὶ</span> <span class='ocrx_word' id='word_1_144' title='bbox 1705 1970 1887 2043; x_wconf 85' lang='grc' dir='ltr'>πολλῷ</span> 
     </span>
    </p>
   </div>
   <div class='ocr_carea' id='block_1_20' title="bbox 295 2054 1885 2126">
    <p class='ocr_par' dir='ltr' id='par_1_20' title="bbox 295 2054 1885 2126">
     <span class='ocr_line' id='line_1_20' title="bbox 295 2054 1885 2126; baseline 0.002 -19"><span class='ocrx_word' id='word_1_145' title='bbox 295 2054 479 2112; x_wconf 81' lang='grc' dir='ltr'>πλέον.</span> <span class='ocrx_word' id='word_1_146' title='bbox 516 2054 633 2108; x_wconf 83' lang='grc' dir='ltr'>Οὐκ</span> <span class='ocrx_word' id='word_1_147' title='bbox 676 2054 893 2124; x_wconf 82' lang='grc' dir='ltr'>ἐγκαλῶ</span> <span class='ocrx_word' id='word_1_148' title='bbox 927 2058 1040 2119; x_wconf 90' lang='grc' dir='ltr'>τοῖς</span> <span class='ocrx_word' id='word_1_149' title='bbox 1073 2056 1250 2119; x_wconf 72' lang='grc' dir='ltr'>οἰκίας</span> <span class='ocrx_word' id='word_1_150' title='bbox 1287 2055 1493 2126; x_wconf 77' lang='grc' dir='ltr'>έχουσι,</span> <span class='ocrx_word' id='word_1_151' title='bbox 1535 2056 1631 2111; x_wconf 75' lang='grc' dir='ltr'>καὶ</span> <span class='ocrx_word' id='word_1_152' title='bbox 1657 2055 1885 2126; x_wconf 83' lang='grc' dir='ltr'>ἀγροὺς,</span> 
     </span>
    </p>
   </div>
   <div class='ocr_carea' id='block_1_21' title="bbox 296 2138 1887 2210">
    <p class='ocr_par' dir='ltr' id='par_1_21' title="bbox 296 2138 1887 2210">
     <span class='ocr_line' id='line_1_21' title="bbox 296 2138 1887 2210; baseline 0 -19"><span class='ocrx_word' id='word_1_153' title='bbox 296 2140 394 2191; x_wconf 79' lang='grc' dir='ltr'>καὶ</span> <span class='ocrx_word' id='word_1_154' title='bbox 420 2139 526 2210; x_wconf 88' lang='grc' dir='ltr'>χρή</span> <span class='ocrx_word' id='word_1_155' title='bbox 536 2155 702 2208; x_wconf 87' lang='grc' dir='ltr'>ματα,</span> <span class='ocrx_word' id='word_1_156' title='bbox 743 2139 840 2193; x_wconf 78' lang='grc' dir='ltr'>καὶ</span> <span class='ocrx_word' id='word_1_157' title='bbox 862 2139 1173 2210; x_wconf 83' lang='grc' dir='ltr'>ἀνδράποδα</span> <span class='ocrx_word' id='word_1_158' title='bbox 1196 2157 1210 2171; x_wconf 76' lang='grc' dir='ltr'>ο</span> <span class='ocrx_word' id='word_1_159' title='bbox 1239 2140 1378 2194; x_wconf 90' lang='grc' dir='ltr'>ἀλλά</span> <span class='ocrx_word' id='word_1_160' title='bbox 1408 2139 1547 2210; x_wconf 88' lang='grc' dir='ltr'>μετὰ</span> <span class='ocrx_word' id='word_1_161' title='bbox 1579 2138 1887 2209; x_wconf 77' lang='grc' dir='ltr'>ἀσφαλείας</span> 
     </span>
    </p>
   </div>
   <div class='ocr_carea' id='block_1_22' title="bbox 295 2220 1889 2295">
    <p class='ocr_par' dir='ltr' id='par_1_22' title="bbox 295 2220 1889 2295">
     <span class='ocr_line' id='line_1_22' title="bbox 295 2220 1889 2295; baseline 0.001 -20"><span class='ocrx_word' id='word_1_162' title='bbox 295 2222 469 2276; x_wconf 84' lang='grc' dir='ltr'>ταῦτα</span> <span class='ocrx_word' id='word_1_163' title='bbox 518 2221 822 2293; x_wconf 82' lang='grc' dir='ltr'>κεκτῆσθαι</span> <span class='ocrx_word' id='word_1_164' title='bbox 850 2233 875 2261; x_wconf 79' lang='grc' dir='ltr'><strong>ο</strong></span> <span class='ocrx_word' id='word_1_165' title='bbox 906 2220 1168 2294; x_wconf 81' lang='grc' dir='ltr'>βούλομαι</span> <span class='ocrx_word' id='word_1_166' title='bbox 1214 2223 1310 2278; x_wconf 78' lang='grc' dir='ltr'>καὶ</span> <span class='ocrx_word' id='word_1_167' title='bbox 1358 2222 1497 2295; x_wconf 88' lang='grc' dir='ltr'>μετά</span> <span class='ocrx_word' id='word_1_168' title='bbox 1522 2222 1619 2277; x_wconf 89' lang='grc' dir='ltr'>τοῦ</span> <span class='ocrx_word' id='word_1_169' title='bbox 1648 2222 1889 2295; x_wconf 87' lang='grc' dir='ltr'>πρέπον-</span> 
     </span>
    </p>
   </div>
   <div class='ocr_carea' id='block_1_23' title="bbox 295 2305 1890 2379">
    <p class='ocr_par' dir='ltr' id='par_1_23' title="bbox 295 2305 1890 2379">
     <span class='ocr_line' id='line_1_23' title="bbox 295 2305 1890 2379; baseline 0.001 -20"><span class='ocrx_word' id='word_1_170' title='bbox 295 2323 411 2370; x_wconf 91' lang='grc' dir='ltr'>τος.</span> <span class='ocrx_word' id='word_1_171' title='bbox 441 2306 507 2359; x_wconf 90' lang='grc' dir='ltr'>Τί</span> <span class='ocrx_word' id='word_1_172' title='bbox 526 2305 585 2360; x_wconf 87' lang='grc' dir='ltr'>δέ</span> <span class='ocrx_word' id='word_1_173' title='bbox 605 2308 744 2371; x_wconf 88' lang='grc' dir='ltr'>ἐστι,</span> <span class='ocrx_word' id='word_1_174' title='bbox 767 2306 908 2377; x_wconf 89' lang='grc' dir='ltr'>μετά</span> <span class='ocrx_word' id='word_1_175' title='bbox 919 2306 1013 2360; x_wconf 90' lang='grc' dir='ltr'>τοῦ</span> <span class='ocrx_word' id='word_1_176' title='bbox 1029 2307 1334 2379; x_wconf 87' lang='grc' dir='ltr'>πρέποντος</span> <span class='ocrx_word' id='word_1_177' title='bbox 1352 2325 1368 2373; x_wconf 89' lang='grc'>;</span> <span class='ocrx_word' id='word_1_178' title='bbox 1409 2308 1499 2361; x_wconf 86' lang='grc' dir='ltr'>Ἐν</span> <span class='ocrx_word' id='word_1_179' title='bbox 1517 2305 1671 2373; x_wconf 82' lang='grc' dir='ltr'>τάξει</span> <span class='ocrx_word' id='word_1_180' title='bbox 1692 2306 1890 2361; x_wconf 77' lang='grc' dir='ltr'>δεσπο·</span> 
     </span>
    </p>
   </div>
   <div class='ocr_carea' id='block_1_24' title="bbox 294 2388 1889 2462">
    <p class='ocr_par' dir='ltr' id='par_1_24' title="bbox 294 2388 1889 2462">
     <span class='ocr_line' id='line_1_24' title="bbox 294 2388 1889 2462; baseline 0.001 -20"><span class='ocrx_word' id='word_1_181' title='bbox 294 2389 428 2453; x_wconf 84' lang='grc' dir='ltr'>τῶν,</span> <span class='ocrx_word' id='word_1_182' title='bbox 454 2390 551 2444; x_wconf 65' lang='grc' dir='ltr'>καὶ⁵</span> <span class='ocrx_word' id='word_1_183' title='bbox 582 2391 661 2462; x_wconf 86' lang='grc' dir='ltr'>μὴ</span> <span class='ocrx_word' id='word_1_184' title='bbox 694 2390 920 2455; x_wconf 88' lang='grc' dir='ltr'>δούλων,</span> <span class='ocrx_word' id='word_1_185' title='bbox 968 2389 1111 2444; x_wconf 81' lang='grc' dir='ltr'>ὥστε</span> <span class='ocrx_word' id='word_1_186' title='bbox 1157 2392 1385 2462; x_wconf 81' lang='grc' dir='ltr'>κρατεῖν</span> <span class='ocrx_word' id='word_1_187' title='bbox 1422 2390 1626 2458; x_wconf 81' lang='grc' dir='ltr'>αὐτῶν,</span> <span class='ocrx_word' id='word_1_188' title='bbox 1673 2391 1769 2445; x_wconf 80' lang='grc' dir='ltr'>καὶ</span> <span class='ocrx_word' id='word_1_189' title='bbox 1811 2388 1889 2462; x_wconf 77' lang='grc' dir='ltr'>μὴ</span> 
     </span>
    </p>
   </div>
   <div class='ocr_carea' id='block_1_25' title="bbox 297 2471 1887 2545">
    <p class='ocr_par' dir='ltr' id='par_1_25' title="bbox 297 2471 1887 2545">
     <span class='ocr_line' id='line_1_25' title="bbox 297 2471 1887 2545; baseline 0.001 -20"><span class='ocrx_word' id='word_1_190' title='bbox 297 2471 619 2545; x_wconf 86' lang='grc' dir='ltr'>κρατεῖσθαι</span> <span class='ocrx_word' id='word_1_191' title='bbox 640 2473 733 2526; x_wconf 79' lang='grc' dir='ltr'>ὑπ’</span> <span class='ocrx_word' id='word_1_192' title='bbox 757 2473 958 2540; x_wconf 84' lang='grc' dir='ltr'>αὐτῶν,</span> <span class='ocrx_word' id='word_1_193' title='bbox 975 2472 1117 2527; x_wconf 84' lang='grc' dir='ltr'>ὥστε</span> <span class='ocrx_word' id='word_1_194' title='bbox 1150 2472 1452 2545; x_wconf 85' lang='grc' dir='ltr'>κεχρῆσθαι</span> <span class='ocrx_word' id='word_1_195' title='bbox 1472 2474 1678 2540; x_wconf 81' lang='grc' dir='ltr'>αὐτοῖς,</span> <span class='ocrx_word' id='word_1_196' title='bbox 1695 2473 1789 2526; x_wconf 77' lang='grc' dir='ltr'>καὶ</span> <span class='ocrx_word' id='word_1_197' title='bbox 1811 2472 1887 2544; x_wconf 80' lang='grc' dir='ltr'>μὴ</span> 
     </span>
    </p>
   </div>
   <div class='ocr_carea' id='block_1_26' title="bbox 300 2557 1888 2630">
    <p class='ocr_par' dir='ltr' id='par_1_26' title="bbox 300 2557 1888 2630">
     <span class='ocr_line' id='line_1_26' title="bbox 300 2557 1888 2630; baseline 0 -20"><span class='ocrx_word' id='word_1_198' title='bbox 300 2558 780 2629; x_wconf 81' lang='grc' dir='ltr'>παρακεχρῆσθαι.</span> <span class='ocrx_word' id='word_1_199' title='bbox 838 2559 1114 2630; x_wconf 81' lang='grc' dir='ltr'>Χρήματα</span> <span class='ocrx_word' id='word_1_200' title='bbox 1163 2558 1251 2611; x_wconf 84' lang='grc' dir='ltr'>διὰ</span> <span class='ocrx_word' id='word_1_201' title='bbox 1306 2557 1467 2611; x_wconf 85' lang='grc' dir='ltr'>τοῦτο</span> <span class='ocrx_word' id='word_1_202' title='bbox 1514 2557 1752 2630; x_wconf 71' lang='grc' dir='ltr'>εἴρηται,</span> <span class='ocrx_word' id='word_1_203' title='bbox 1799 2557 1888 2610; x_wconf 82' lang='grc' dir='ltr'>ἵνα</span> 
     </span>
    </p>
   </div>
   <div class='ocr_carea' id='block_1_27' title="bbox 298 2640 1890 2713">
    <p class='ocr_par' dir='ltr' id='par_1_27' title="bbox 298 2640 1890 2713">
     <span class='ocr_line' id='line_1_27' title="bbox 298 2640 1890 2713; baseline 0.001 -19"><span class='ocrx_word' id='word_1_204' title='bbox 298 2642 480 2706; x_wconf 75' lang='grc' dir='ltr'>αὐτοῖς</span> <span class='ocrx_word' id='word_1_205' title='bbox 509 2644 591 2705; x_wconf 88' lang='grc' dir='ltr'>είς</span> <span class='ocrx_word' id='word_1_206' title='bbox 616 2640 718 2705; x_wconf 82' lang='grc' dir='ltr'>τάς</span> <span class='ocrx_word' id='word_1_207' title='bbox 744 2642 1051 2710; x_wconf 84' lang='grc' dir='ltr'>ἀναγκαίας</span> <span class='ocrx_word' id='word_1_208' title='bbox 1071 2640 1334 2713; x_wconf 78' lang='grc' dir='ltr'>χρώμεθα</span> <span class='ocrx_word' id='word_1_209' title='bbox 1355 2642 1652 2708; x_wconf 83' lang='grc' dir='ltr'>διακονίας,</span> <span class='ocrx_word' id='word_1_210' title='bbox 1677 2643 1778 2712; x_wconf 80' lang='grc' dir='ltr'>οὐχ</span> <span class='ocrx_word' id='word_1_211' title='bbox 1801 2641 1890 2695; x_wconf 80' lang='grc' dir='ltr'>ἵνα</span> 
     </span>
    </p>
   </div>
   <div class='ocr_carea' id='block_1_28' title="bbox 301 2724 1886 2798">
    <p class='ocr_par' dir='ltr' id='par_1_28' title="bbox 301 2724 1886 2798">
     <span class='ocr_line' id='line_1_28' title="bbox 301 2724 1886 2798; baseline 0.001 -21"><span class='ocrx_word' id='word_1_212' title='bbox 301 2725 665 2796; x_wconf 74' lang='grc' dir='ltr'>φυλάττωμεν</span> <span class='ocrx_word' id='word_1_213' title='bbox 684 2742 698 2757; x_wconf 74' lang='grc'><strong><em>⁸</em></strong></span> <span class='ocrx_word' id='word_1_214' title='bbox 721 2724 882 2779; x_wconf 91' lang='grc' dir='ltr'>τοῦτο</span> <span class='ocrx_word' id='word_1_215' title='bbox 905 2725 1015 2798; x_wconf 85' lang='grc' dir='ltr'>γάρ</span> <span class='ocrx_word' id='word_1_216' title='bbox 1048 2725 1283 2791; x_wconf 86' lang='grc' dir='ltr'>οίκέτου,</span> <span class='ocrx_word' id='word_1_217' title='bbox 1307 2726 1570 2779; x_wconf 86' lang='grc' dir='ltr'>δεσπότου</span> <span class='ocrx_word' id='word_1_218' title='bbox 1590 2724 1648 2779; x_wconf 85' lang='grc' dir='ltr'>δὲ</span> <span class='ocrx_word' id='word_1_219' title='bbox 1677 2728 1886 2781; x_wconf 78' lang='grc' dir='ltr'>ἐκεῖνοο</span> 
     </span>
    </p>
   </div>
   <div class='ocr_carea' id='block_1_29' title="bbox 299 2808 1888 2881">
    <p class='ocr_par' dir='ltr' id='par_1_29' title="bbox 299 2808 1888 2881">
     <span class='ocr_line' id='line_1_29' title="bbox 299 2808 1888 2881; baseline 0 -19"><span class='ocrx_word' id='word_1_220' title='bbox 299 2808 512 2874; x_wconf 72' lang='grc' dir='ltr'>δούλου,</span> <span class='ocrx_word' id='word_1_221' title='bbox 534 2810 597 2862; x_wconf 85' lang='grc' dir='ltr'>τὸ</span> <span class='ocrx_word' id='word_1_222' title='bbox 634 2812 843 2881; x_wconf 84' lang='grc' dir='ltr'>τηρεῖν,</span> <span class='ocrx_word' id='word_1_223' title='bbox 870 2809 933 2861; x_wconf 86' lang='grc' dir='ltr'>τὸ</span> <span class='ocrx_word' id='word_1_224' title='bbox 958 2808 1016 2862; x_wconf 87' lang='grc' dir='ltr'>δὲ</span> <span class='ocrx_word' id='word_1_225' title='bbox 1045 2809 1380 2872; x_wconf 84' lang='grc' dir='ltr'>ἀναλίσκειν,</span> <span class='ocrx_word' id='word_1_226' title='bbox 1406 2808 1600 2879; x_wconf 85' lang='grc' dir='ltr'>κυρίου</span> <span class='ocrx_word' id='word_1_227' title='bbox 1625 2810 1722 2863; x_wconf 79' lang='grc' dir='ltr'>καὶ</span> <span class='ocrx_word' id='word_1_228' title='bbox 1756 2810 1888 2864; x_wconf 68' lang='grc' dir='ltr'>πολι</span> 
     </span>
    </p>
   </div>
   <div class='ocr_carea' id='block_1_30' title="bbox 299 2891 1891 2965">
    <p class='ocr_par' dir='ltr' id='par_1_30' title="bbox 299 2891 1891 2965">
     <span class='ocr_line' id='line_1_30' title="bbox 299 2891 1891 2965; baseline 0.003 -20"><span class='ocrx_word' id='word_1_229' title='bbox 299 2892 396 2965; x_wconf 81' lang='grc' dir='ltr'>λὴν</span> <span class='ocrx_word' id='word_1_230' title='bbox 426 2894 643 2964; x_wconf 76' lang='grc' dir='ltr'>ἔχοντος</span> <span class='ocrx_word' id='word_1_231' title='bbox 686 2894 787 2964; x_wconf 84' lang='grc' dir='ltr'>τὴν</span> <span class='ocrx_word' id='word_1_232' title='bbox 834 2892 1106 2960; x_wconf 78' lang='grc' dir='ltr'>ἐξουσίαν.</span> <span class='ocrx_word' id='word_1_233' title='bbox 1140 2894 1214 2946; x_wconf 82' lang='grc' dir='ltr'>Οὐ</span> <span class='ocrx_word' id='word_1_234' title='bbox 1246 2893 1335 2946; x_wconf 88' lang='grc' dir='ltr'>διά</span> <span class='ocrx_word' id='word_1_235' title='bbox 1367 2891 1526 2946; x_wconf 88' lang='grc' dir='ltr'>τοῦτο</span> <span class='ocrx_word' id='word_1_236' title='bbox 1560 2892 1773 2958; x_wconf 72' lang='grc' dir='ltr'>ἔλαϐες,</span> <span class='ocrx_word' id='word_1_237' title='bbox 1803 2894 1891 2949; x_wconf 80' lang='grc' dir='ltr'>ἵνα</span> 
     </span>
    </p>
   </div>
   <div class='ocr_carea' id='block_1_31' title="bbox 300 2976 1891 3050">
    <p class='ocr_par' dir='ltr' id='par_1_31' title="bbox 300 2976 1891 3050">
     <span class='ocr_line' id='line_1_31' title="bbox 300 2976 1891 3050; baseline 0.002 -21"><span class='ocrx_word' id='word_1_238' title='bbox 300 2977 441 3031; x_wconf 85' lang='grc' dir='ltr'>αύτά</span> <span class='ocrx_word' id='word_1_239' title='bbox 479 2977 826 3048; x_wconf 81' lang='grc' dir='ltr'>καταχώσῃς,</span> <span class='ocrx_word' id='word_1_240' title='bbox 876 2976 992 3031; x_wconf 80' lang='grc' dir='ltr'>ἀλλ’</span> <span class='ocrx_word' id='word_1_241' title='bbox 1036 2977 1124 3031; x_wconf 82' lang='grc' dir='ltr'>ἵνα</span> <span class='ocrx_word' id='word_1_242' title='bbox 1181 2976 1323 3029; x_wconf 86' lang='grc' dir='ltr'>αύτά</span> <span class='ocrx_word' id='word_1_243' title='bbox 1377 2976 1680 3050; x_wconf 85' lang='grc' dir='ltr'>διανείμῃς.</span> <span class='ocrx_word' id='word_1_244' title='bbox 1728 2979 1793 3031; x_wconf 76' lang='lat' dir='ltr'>El</span> <span class='ocrx_word' id='word_1_245' title='bbox 1832 2978 1891 3032; x_wconf 88' lang='grc' dir='ltr'>δὲ</span> 
     </span>
    </p>
   </div>
   <div class='ocr_carea' id='block_1_32' title="bbox 301 3059 1887 3130">
    <p class='ocr_par' dir='ltr' id='par_1_32' title="bbox 301 3059 1887 3130">
     <span class='ocr_line' id='line_1_32' title="bbox 301 3059 1887 3130; baseline 0.002 -18"><span class='ocrx_word' id='word_1_246' title='bbox 301 3059 554 3113; x_wconf 74' lang='grc' dir='ltr'>ἐϐούλετο</span> <span class='ocrx_word' id='word_1_247' title='bbox 585 3060 725 3113; x_wconf 86' lang='grc' dir='ltr'>αύτά</span> <span class='ocrx_word' id='word_1_248' title='bbox 751 3062 780 3113; x_wconf 90' lang='lat'>6</span> <span class='ocrx_word' id='word_1_249' title='bbox 804 3059 937 3122; x_wconf 86' lang='grc' dir='ltr'>Θεὸς</span> <span class='ocrx_word' id='word_1_250' title='bbox 973 3059 1363 3130; x_wconf 86' lang='grc' dir='ltr'>φυλάττεσθαι,</span> <span class='ocrx_word' id='word_1_251' title='bbox 1391 3059 1493 3113; x_wconf 81' lang='grc' dir='ltr'>οὐκ</span> <span class='ocrx_word' id='word_1_252' title='bbox 1523 3060 1589 3115; x_wconf 86' lang='grc' dir='ltr'>ἂν</span> <span class='ocrx_word' id='word_1_253' title='bbox 1620 3061 1762 3115; x_wconf 81' lang='grc' dir='ltr'>αὐτὰ</span> <span class='ocrx_word' id='word_1_254' title='bbox 1790 3062 1887 3115; x_wconf 91' lang='grc' dir='ltr'>ἀν-</span> 
     </span>
    </p>
   </div>
   <div class='ocr_carea' id='block_1_33' title="bbox 303 3142 1889 3217">
    <p class='ocr_par' dir='ltr' id='par_1_33' title="bbox 303 3142 1889 3217">
     <span class='ocr_line' id='line_1_33' title="bbox 303 3142 1889 3217; baseline 0.003 -21"><span class='ocrx_word' id='word_1_255' title='bbox 303 3142 544 3215; x_wconf 86' lang='grc' dir='ltr'>θρώποις</span> <span class='ocrx_word' id='word_1_256' title='bbox 567 3143 793 3209; x_wconf 75' lang='grc' dir='ltr'>ἔδωκεν,</span> <span class='ocrx_word' id='word_1_257' title='bbox 828 3143 944 3197; x_wconf 82' lang='grc' dir='ltr'>ἀλλ’</span> <span class='ocrx_word' id='word_1_258' title='bbox 996 3144 1177 3197; x_wconf 76' lang='grc' dir='ltr'>εἴασεν</span> <span class='ocrx_word' id='word_1_259' title='bbox 1208 3144 1275 3199; x_wconf 85' lang='grc' dir='ltr'>ἂν</span> <span class='ocrx_word' id='word_1_260' title='bbox 1311 3147 1370 3197; x_wconf 91' lang='grc' dir='ltr'>ἐν</span> <span class='ocrx_word' id='word_1_261' title='bbox 1412 3146 1479 3216; x_wconf 79' lang='grc' dir='ltr'>τῇ</span> <span class='ocrx_word' id='word_1_262' title='bbox 1535 3147 1607 3217; x_wconf 81' lang='grc' dir='ltr'>γῇ</span> <span class='ocrx_word' id='word_1_263' title='bbox 1655 3146 1889 3217; x_wconf 88' lang='grc' dir='ltr'>κείμενα</span> 
     </span>
    </p>
   </div>
   <div class='ocr_carea' id='block_1_34' title="bbox 367 3291 1891 3357">
    <p class='ocr_par' dir='ltr' id='par_1_34' title="bbox 367 3291 1891 3357">
     <span class='ocr_line' id='line_1_34' title="bbox 367 3291 1891 3357; baseline 0.007 -19"><span class='ocrx_word' id='word_1_264' title='bbox 367 3292 571 3357; x_wconf 53' lang='grc' dir='ltr'>ξεὲγίι.</span> <span class='ocrx_word' id='word_1_265' title='bbox 612 3294 675 3342; x_wconf 87' lang='grc' dir='ltr'>τὰ.</span> <span class='ocrx_word' id='word_1_266' title='bbox 716 3293 843 3357; x_wconf 85' lang='grc' dir='ltr'>περί.</span> <span class='ocrx_word' id='word_1_267' title='bbox 883 3291 1057 3342; x_wconf 77' lang='lat' dir='ltr'>Morel.</span> <span class='ocrx_word' id='word_1_268' title='bbox 1087 3295 1185 3357; x_wconf 82' lang='grc' dir='ltr'>τῶν</span> <span class='ocrx_word' id='word_1_269' title='bbox 1221 3293 1346 3357; x_wconf 85' lang='grc' dir='ltr'>περί.</span> <span class='ocrx_word' id='word_1_270' title='bbox 1410 3291 1442 3335; x_wconf 74' lang='grc'>1³</span> <span class='ocrx_word' id='word_1_271' title='bbox 1476 3293 1629 3344; x_wconf 75' lang='lat' dir='ltr'>Savil.</span> <span class='ocrx_word' id='word_1_272' title='bbox 1671 3301 1725 3347; x_wconf 74' lang='grc' dir='ltr'>ει</span> <span class='ocrx_word' id='word_1_273' title='bbox 1748 3296 1891 3348; x_wconf 89' lang='lat' dir='ltr'>codd.</span> 
     </span>
    </p>
   </div>
   <div class='ocr_carea' id='block_1_35' title="bbox 303 3353 1685 3420">
    <p class='ocr_par' dir='ltr' id='par_1_35' title="bbox 303 3353 1685 3420">
     <span class='ocr_line' id='line_1_35' title="bbox 303 3353 1685 3420; baseline 0 -15"><span class='ocrx_word' id='word_1_274' title='bbox 303 3353 416 3415; x_wconf 80' lang='lat'>705,</span> <span class='ocrx_word' id='word_1_275' title='bbox 446 3354 542 3404; x_wconf 84' lang='lat'>706</span> <span class='ocrx_word' id='word_1_276' title='bbox 596 3353 959 3419; x_wconf 77' lang='grc' dir='ltr'>πλησιέστερον.</span> <span class='ocrx_word' id='word_1_277' title='bbox 1026 3358 1051 3387; x_wconf 70' lang='grc'>⁸</span> <span class='ocrx_word' id='word_1_278' title='bbox 1073 3356 1177 3406; x_wconf 81' lang='lat' dir='ltr'>Alii</span> <span class='ocrx_word' id='word_1_279' title='bbox 1197 3353 1384 3413; x_wconf 69' lang='grc' dir='ltr'>τούτοις</span> <span class='ocrx_word' id='word_1_280' title='bbox 1406 3359 1685 3420; x_wconf 84' lang='grc' dir='ltr'>κεχρῆσθαι.</span> 
     </span>
    </p>
   </div>
   <div class='ocr_carea' id='block_1_36' title="bbox 1319 417 2508 480">
    <p class='ocr_par' dir='ltr' id='par_1_36' title="bbox 1319 417 2508 480">
     <span class='ocr_line' id='line_1_36' title="bbox 1319 417 2508 480; baseline 0 -2"><span class='ocrx_word' id='word_1_281' title='bbox 1319 421 1405 480; x_wconf 81' lang='lat' dir='ltr'>&#39;IN</span> <span class='ocrx_word' id='word_1_282' title='bbox 1446 420 1766 480; x_wconf 77' lang='lat' dir='ltr'>JOAN‘NEM</span> <span class='ocrx_word' id='word_1_283' title='bbox 1809 417 2048 473; x_wconf 76' lang='lat' dir='ltr'>llOMlL.</span> <span class='ocrx_word' id='word_1_284' title='bbox 2086 418 2204 474; x_wconf 73' lang='lat' dir='ltr'><strong>XX.</strong></span> <span class='ocrx_word' id='word_1_285' title='bbox 2247 420 2320 476; x_wconf 79' lang='lat' dir='ltr'>al.</span> <span class='ocrx_word' id='word_1_286' title='bbox 2363 419 2508 478; x_wconf 75' lang='lat' dir='ltr'>XIX.</span> 
     </span>
    </p>
   </div>
   <div class='ocr_carea' id='block_1_37' title="bbox 3453 410 3557 468">
    <p class='ocr_par' dir='ltr' id='par_1_37' title="bbox 3453 410 3557 468">
     <span class='ocr_line' id='line_1_37' title="bbox 3453 410 3557 468; baseline -0.01 0"><span class='ocrx_word' id='word_1_287' title='bbox 3453 410 3557 468; x_wconf 64' lang='grc'>(21</span> 
     </span>
    </p>
   </div>
   <div class='ocr_carea' id='block_1_38' title="bbox 1984 528 3566 607">
    <p class='ocr_par' dir='ltr' id='par_1_38' title="bbox 1984 528 3566 607">
     <span class='ocr_line' id='line_1_38' title="bbox 1984 528 3566 607; baseline -0.003 -19"><span class='ocrx_word' id='word_1_288' title='bbox 1984 534 2185 606; x_wconf 85' lang='grc' dir='ltr'>μένειν.</span> <span class='ocrx_word' id='word_1_289' title='bbox 2254 536 2473 606; x_wconf 80' lang='grc' dir='ltr'>Ἐπειδὴ</span> <span class='ocrx_word' id='word_1_290' title='bbox 2513 535 2568 590; x_wconf 80' lang='grc' dir='ltr'>δὲ</span> <span class='ocrx_word' id='word_1_291' title='bbox 2606 534 2856 607; x_wconf 79' lang='grc' dir='ltr'>βούλεται</span> <span class='ocrx_word' id='word_1_292' title='bbox 2886 530 3027 587; x_wconf 88' lang='grc' dir='ltr'>αύτά</span> <span class='ocrx_word' id='word_1_293' title='bbox 3064 528 3426 592; x_wconf 79' lang='grc' dir='ltr'>δαπανᾶσθαι,</span> <span class='ocrx_word' id='word_1_294' title='bbox 3475 530 3566 584; x_wconf 79' lang='grc' dir='ltr'>διὰ</span> 
     </span>
    </p>
   </div>
   <div class='ocr_carea' id='block_1_39' title="bbox 1980 613 3564 691">
    <p class='ocr_par' dir='ltr' id='par_1_39' title="bbox 1980 613 3564 691">
     <span class='ocr_line' id='line_1_39' title="bbox 1980 613 3564 691; baseline -0.004 -19"><span class='ocrx_word' id='word_1_295' title='bbox 1980 618 2139 673; x_wconf 86' lang='grc' dir='ltr'>τοῦτο</span> <span class='ocrx_word' id='word_1_296' title='bbox 2165 618 2307 673; x_wconf 88' lang='grc' dir='ltr'>αύτά</span> <span class='ocrx_word' id='word_1_297' title='bbox 2331 622 2364 691; x_wconf 82' lang='grc' dir='ltr'>ἠ</span> <span class='ocrx_word' id='word_1_298' title='bbox 2374 622 2480 690; x_wconf 82' lang='grc' dir='ltr'>μᾶς</span> <span class='ocrx_word' id='word_1_299' title='bbox 2508 620 2693 673; x_wconf 77' lang='grc' dir='ltr'>εἴασεν</span> <span class='ocrx_word' id='word_1_300' title='bbox 2717 619 2883 689; x_wconf 81' lang='grc' dir='ltr'>ἔχειν,</span> <span class='ocrx_word' id='word_1_301' title='bbox 2917 618 3007 670; x_wconf 83' lang='grc' dir='ltr'>ἵνα</span> <span class='ocrx_word' id='word_1_302' title='bbox 3033 614 3284 686; x_wconf 88' lang='grc' dir='ltr'>ἀλλήλοις</span> <span class='ocrx_word' id='word_1_303' title='bbox 3320 613 3564 683; x_wconf 87' lang='grc' dir='ltr'>μεταδῶ-</span> 
     </span>
    </p>
   </div>
   <div class='ocr_carea' id='block_1_40' title="bbox 1983 692 3564 775">
    <p class='ocr_par' dir='ltr' id='par_1_40' title="bbox 1983 692 3564 775">
     <span class='ocr_line' id='line_1_40' title="bbox 1983 692 3564 775; baseline -0.003 -20"><span class='ocrx_word' id='word_1_304' title='bbox 1983 720 2103 774; x_wconf 87' lang='grc' dir='ltr'>μεν.</span> <span class='ocrx_word' id='word_1_305' title='bbox 2135 705 2231 756; x_wconf 79' lang='grc' dir='ltr'>Ἂν</span> <span class='ocrx_word' id='word_1_306' title='bbox 2260 703 2317 756; x_wconf 82' lang='grc' dir='ltr'>δὲ</span> <span class='ocrx_word' id='word_1_307' title='bbox 2342 706 2470 775; x_wconf 78' lang='grc' dir='ltr'>παρ’</span> <span class='ocrx_word' id='word_1_308' title='bbox 2496 706 2710 768; x_wconf 79' lang='grc' dir='ltr'>ἑαυτοῖς</span> <span class='ocrx_word' id='word_1_309' title='bbox 2736 703 3079 773; x_wconf 83' lang='grc' dir='ltr'>κατέχωμεν,</span> <span class='ocrx_word' id='word_1_310' title='bbox 3109 702 3210 753; x_wconf 87' lang='grc' dir='ltr'>οὐκ</span> <span class='ocrx_word' id='word_1_311' title='bbox 3244 699 3326 752; x_wconf 76' lang='grc' dir='ltr'>ἔτι</span> <span class='ocrx_word' id='word_1_312' title='bbox 3363 692 3564 751; x_wconf 85' lang='grc' dir='ltr'>δεσπό-</span> 
     </span>
    </p>
   </div>
   <div class='ocr_carea' id='block_1_41' title="bbox 1980 785 3563 863">
    <p class='ocr_par' dir='ltr' id='par_1_41' title="bbox 1980 785 3563 863">
     <span class='ocr_line' id='line_1_41' title="bbox 1980 785 3563 863; baseline -0.003 -22"><span class='ocrx_word' id='word_1_313' title='bbox 1980 804 2070 841; x_wconf 90' lang='grc' dir='ltr'>ται</span> <span class='ocrx_word' id='word_1_314' title='bbox 2096 786 2299 841; x_wconf 89' lang='grc' dir='ltr'>τούτων</span> <span class='ocrx_word' id='word_1_315' title='bbox 2330 789 2517 858; x_wconf 85' lang='grc' dir='ltr'>ἐσμέν.</span> <span class='ocrx_word' id='word_1_316' title='bbox 2551 788 2617 842; x_wconf 69' lang='lat' dir='ltr'>Et</span> <span class='ocrx_word' id='word_1_317' title='bbox 2646 788 2704 841; x_wconf 83' lang='grc' dir='ltr'>δὲ</span> <span class='ocrx_word' id='word_1_318' title='bbox 2731 787 2910 859; x_wconf 78' lang='grc' dir='ltr'>βούλει</span> <span class='ocrx_word' id='word_1_319' title='bbox 2945 786 3087 840; x_wconf 83' lang='grc' dir='ltr'>αὐτὰ</span> <span class='ocrx_word' id='word_1_320' title='bbox 3118 785 3289 863; x_wconf 82' lang='grc' dir='ltr'>πλείω</span> <span class='ocrx_word' id='word_1_321' title='bbox 3320 786 3563 855; x_wconf 83' lang='grc' dir='ltr'>ποιῆσαι,</span> 
     </span>
    </p>
   </div>
   <div class='ocr_carea' id='block_1_42' title="bbox 1981 866 3566 944">
    <p class='ocr_par' dir='ltr' id='par_1_42' title="bbox 1981 866 3566 944">
     <span class='ocr_line' id='line_1_42' title="bbox 1981 866 3566 944; baseline -0.004 -19"><span class='ocrx_word' id='word_1_322' title='bbox 1981 873 2076 926; x_wconf 75' lang='grc' dir='ltr'>καὶ</span> <span class='ocrx_word' id='word_1_323' title='bbox 2108 872 2198 925; x_wconf 87' lang='grc' dir='ltr'>διὰ</span> <span class='ocrx_word' id='word_1_324' title='bbox 2242 873 2401 926; x_wconf 87' lang='grc' dir='ltr'>τοῦτο</span> <span class='ocrx_word' id='word_1_325' title='bbox 2447 873 2718 944; x_wconf 80' lang='grc' dir='ltr'>κατέχεις,</span> <span class='ocrx_word' id='word_1_326' title='bbox 2760 872 2857 925; x_wconf 72' lang='grc' dir='ltr'>καὶ</span> <span class='ocrx_word' id='word_1_327' title='bbox 2913 868 3151 924; x_wconf 87' lang='grc' dir='ltr'>ἐνταῦθα</span> <span class='ocrx_word' id='word_1_328' title='bbox 3192 867 3331 937; x_wconf 81' lang='grc' dir='ltr'>αῦτη</span> <span class='ocrx_word' id='word_1_329' title='bbox 3369 866 3566 920; x_wconf 85' lang='grc' dir='ltr'>πασῶν</span> 
     </span>
    </p>
   </div>
   <div class='ocr_carea' id='block_1_43' title="bbox 1981 946 3567 1027">
    <p class='ocr_par' dir='ltr' id='par_1_43' title="bbox 1981 946 3567 1027">
     <span class='ocr_line' id='line_1_43' title="bbox 1981 946 3567 1027; baseline -0.006 -16"><span class='ocrx_word' id='word_1_330' title='bbox 1981 956 2182 1027; x_wconf 83' lang='grc' dir='ltr'>ἀρίστη</span> <span class='ocrx_word' id='word_1_331' title='bbox 2215 956 2456 1025; x_wconf 84' lang='grc' dir='ltr'>μέθοδος,</span> <span class='ocrx_word' id='word_1_332' title='bbox 2489 958 2551 1009; x_wconf 88' lang='grc' dir='ltr'>τὸ</span> <span class='ocrx_word' id='word_1_333' title='bbox 2587 955 2881 1027; x_wconf 88' lang='grc' dir='ltr'>σκορπίσαι</span> <span class='ocrx_word' id='word_1_334' title='bbox 2910 954 3007 1007; x_wconf 71' lang='grc' dir='ltr'>καὶ</span> <span class='ocrx_word' id='word_1_335' title='bbox 3050 950 3328 1021; x_wconf 77' lang='grc' dir='ltr'>πανταχοῦ</span> <span class='ocrx_word' id='word_1_336' title='bbox 3367 946 3567 1002; x_wconf 85' lang='grc' dir='ltr'>διανεῖ-</span> 
     </span>
    </p>
   </div>
   <div class='ocr_carea' id='block_1_44' title="bbox 1985 1033 3565 1110">
    <p class='ocr_par' dir='ltr' id='par_1_44' title="bbox 1985 1033 3565 1110">
     <span class='ocr_line' id='line_1_44' title="bbox 1985 1033 3565 1110; baseline -0.004 -17"><span class='ocrx_word' id='word_1_337' title='bbox 1985 1057 2106 1110; x_wconf 88' lang='grc' dir='ltr'>μαι.</span> <span class='ocrx_word' id='word_1_338' title='bbox 2134 1040 2269 1091; x_wconf 79' lang='grc' dir='ltr'>υύδὲ</span> <span class='ocrx_word' id='word_1_339' title='bbox 2292 1040 2401 1109; x_wconf 84' lang='grc' dir='ltr'>γὰρ</span> <span class='ocrx_word' id='word_1_340' title='bbox 2422 1039 2501 1092; x_wconf 77' lang='grc' dir='ltr'>ἐνι</span> <span class='ocrx_word' id='word_1_341' title='bbox 2530 1039 2785 1108; x_wconf 88' lang='grc' dir='ltr'>γενέσθαι</span> <span class='ocrx_word' id='word_1_342' title='bbox 2807 1037 3065 1110; x_wconf 81' lang='grc' dir='ltr'>πρόσοδον</span> <span class='ocrx_word' id='word_1_343' title='bbox 3094 1035 3341 1105; x_wconf 86' lang='grc' dir='ltr'>δαπάνης</span> <span class='ocrx_word' id='word_1_344' title='bbox 3372 1033 3565 1104; x_wconf 73' lang='grc' dir='ltr'>χωρἰς,</span> 
     </span>
    </p>
   </div>
   <div class='ocr_carea' id='block_1_45' title="bbox 1982 1119 3567 1191">
    <p class='ocr_par' dir='ltr' id='par_1_45' title="bbox 1982 1119 3567 1191">
     <span class='ocr_line' id='line_1_45' title="bbox 1982 1119 3567 1191; baseline -0.004 -16"><span class='ocrx_word' id='word_1_345' title='bbox 1982 1123 2101 1175; x_wconf 89' lang='grc' dir='ltr'>ούδέ</span> <span class='ocrx_word' id='word_1_346' title='bbox 2153 1122 2382 1175; x_wconf 84' lang='grc' dir='ltr'>πλοῦτον</span> <span class='ocrx_word' id='word_1_347' title='bbox 2428 1124 2556 1177; x_wconf 85' lang='grc' dir='ltr'>ἄνευ</span> <span class='ocrx_word' id='word_1_348' title='bbox 2606 1121 2999 1191; x_wconf 87' lang='grc' dir='ltr'>ἀναλωμάτων.</span> <span class='ocrx_word' id='word_1_349' title='bbox 3032 1119 3202 1172; x_wconf 89' lang='grc' dir='ltr'>Τοῦτο</span> <span class='ocrx_word' id='word_1_350' title='bbox 3238 1120 3333 1171; x_wconf 75' lang='grc' dir='ltr'>καὶ</span> <span class='ocrx_word' id='word_1_351' title='bbox 3364 1119 3421 1170; x_wconf 84' lang='grc' dir='ltr'>ἐν</span> <span class='ocrx_word' id='word_1_352' title='bbox 3453 1119 3567 1180; x_wconf 84' lang='grc' dir='ltr'>τοῖς</span> 
     </span>
    </p>
   </div>
   <div class='ocr_carea' id='block_1_46' title="bbox 1985 1201 3565 1278">
    <p class='ocr_par' dir='ltr' id='par_1_46' title="bbox 1985 1201 3565 1278">
     <span class='ocr_line' id='line_1_46' title="bbox 1985 1201 3565 1278; baseline -0.004 -18"><span class='ocrx_word' id='word_1_353' title='bbox 1985 1206 2255 1277; x_wconf 82' lang='grc' dir='ltr'>βιωτικοῖς</span> <span class='ocrx_word' id='word_1_354' title='bbox 2297 1208 2580 1278; x_wconf 85' lang='grc' dir='ltr'>γινόμενον</span> <span class='ocrx_word' id='word_1_355' title='bbox 2627 1206 2726 1259; x_wconf 85' lang='grc' dir='ltr'>ἴδοι</span> <span class='ocrx_word' id='word_1_356' title='bbox 2776 1222 2861 1267; x_wconf 87' lang='grc' dir='ltr'>τις</span> <span class='ocrx_word' id='word_1_357' title='bbox 2891 1204 2978 1258; x_wconf 84' lang='grc' dir='ltr'>ἄν.</span> <span class='ocrx_word' id='word_1_358' title='bbox 3029 1202 3215 1265; x_wconf 80' lang='grc' dir='ltr'>Οὕτως</span> <span class='ocrx_word' id='word_1_359' title='bbox 3240 1204 3268 1255; x_wconf 83' lang='grc' dir='ltr'>ὁ</span> <span class='ocrx_word' id='word_1_360' title='bbox 3301 1201 3565 1273; x_wconf 82' lang='grc' dir='ltr'>ἔμπορος,</span> 
     </span>
    </p>
   </div>
   <div class='ocr_carea' id='block_1_47' title="bbox 1982 1286 3569 1361">
    <p class='ocr_par' dir='ltr' id='par_1_47' title="bbox 1982 1286 3569 1361">
     <span class='ocr_line' id='line_1_47' title="bbox 1982 1286 3569 1361; baseline -0.001 -19"><span class='ocrx_word' id='word_1_361' title='bbox 1982 1289 2196 1353; x_wconf 78' lang='grc' dir='ltr'>οὕτωςὸ</span> <span class='ocrx_word' id='word_1_362' title='bbox 2232 1291 2495 1361; x_wconf 76' lang='grc' dir='ltr'>γεωργὸς,</span> <span class='ocrx_word' id='word_1_363' title='bbox 2521 1292 2549 1344; x_wconf 88' lang='grc' dir='ltr'>ὁ</span> <span class='ocrx_word' id='word_1_364' title='bbox 2585 1290 2684 1359; x_wconf 83' lang='grc' dir='ltr'>μὲν</span> <span class='ocrx_word' id='word_1_365' title='bbox 2714 1288 2785 1342; x_wconf 90' lang='grc' dir='ltr'>τά</span> <span class='ocrx_word' id='word_1_366' title='bbox 2812 1287 3123 1359; x_wconf 86' lang='grc' dir='ltr'>σπέρματα,</span> <span class='ocrx_word' id='word_1_367' title='bbox 3166 1288 3195 1339; x_wconf 88' lang='lat'>6</span> <span class='ocrx_word' id='word_1_368' title='bbox 3237 1286 3295 1339; x_wconf 84' lang='grc' dir='ltr'>δὲ</span> <span class='ocrx_word' id='word_1_369' title='bbox 3331 1286 3399 1338; x_wconf 89' lang='grc' dir='ltr'>τά</span> <span class='ocrx_word' id='word_1_370' title='bbox 3436 1286 3569 1357; x_wconf 86' lang='grc' dir='ltr'>χρή-</span> 
     </span>
    </p>
   </div>
   <div class='ocr_carea' id='block_1_48' title="bbox 1986 1368 3567 1445">
    <p class='ocr_par' dir='ltr' id='par_1_48' title="bbox 1986 1368 3567 1445">
     <span class='ocr_line' id='line_1_48' title="bbox 1986 1368 3567 1445; baseline -0.003 -20"><span class='ocrx_word' id='word_1_371' title='bbox 1986 1391 2135 1445; x_wconf 85' lang='grc' dir='ltr'>ματα</span> <span class='ocrx_word' id='word_1_372' title='bbox 2157 1373 2510 1436; x_wconf 85' lang='grc' dir='ltr'>ἐκϐάλλοντες</span> <span class='ocrx_word' id='word_1_373' title='bbox 2528 1389 2543 1404; x_wconf 80' lang='grc' dir='ltr'><strong>ο</strong></span> <span class='ocrx_word' id='word_1_374' title='bbox 2578 1372 2676 1424; x_wconf 76' lang='grc' dir='ltr'>καὶ</span> <span class='ocrx_word' id='word_1_375' title='bbox 2702 1370 2811 1442; x_wconf 82' lang='grc' dir='ltr'>γὰρ</span> <span class='ocrx_word' id='word_1_376' title='bbox 2842 1371 3117 1424; x_wconf 85' lang='grc' dir='ltr'>θάλασσαν</span> <span class='ocrx_word' id='word_1_377' title='bbox 3144 1373 3171 1423; x_wconf 86' lang='grc' dir='ltr'>ὁ</span> <span class='ocrx_word' id='word_1_378' title='bbox 3200 1370 3299 1439; x_wconf 89' lang='grc' dir='ltr'>μέν</span> <span class='ocrx_word' id='word_1_379' title='bbox 3327 1368 3453 1422; x_wconf 87' lang='grc' dir='ltr'>πλεῖ</span> <span class='ocrx_word' id='word_1_380' title='bbox 3470 1368 3567 1421; x_wconf 85' lang='grc' dir='ltr'>τοῦ</span> 
     </span>
    </p>
   </div>
   <div class='ocr_carea' id='block_1_49' title="bbox 1985 1452 3569 1528">
    <p class='ocr_par' dir='ltr' id='par_1_49' title="bbox 1985 1452 3569 1528">
     <span class='ocr_line' id='line_1_49' title="bbox 1985 1452 3569 1528; baseline -0.004 -19"><span class='ocrx_word' id='word_1_381' title='bbox 1985 1456 2279 1528; x_wconf 84' lang='grc' dir='ltr'>σκορπίσαι</span> <span class='ocrx_word' id='word_1_382' title='bbox 2317 1453 2345 1493; x_wconf 71' lang='grc' dir='ltr'>ἀ</span> <span class='ocrx_word' id='word_1_383' title='bbox 2378 1456 2446 1509; x_wconf 88' lang='grc' dir='ltr'>τά</span> <span class='ocrx_word' id='word_1_384' title='bbox 2475 1455 2692 1518; x_wconf 88' lang='grc' dir='ltr'>ἐαυτοῦ,</span> <span class='ocrx_word' id='word_1_385' title='bbox 2713 1456 2742 1507; x_wconf 87' lang='grc' dir='ltr'>ό</span> <span class='ocrx_word' id='word_1_386' title='bbox 2768 1454 2825 1507; x_wconf 90' lang='grc' dir='ltr'>δέ</span> <span class='ocrx_word' id='word_1_387' title='bbox 2848 1453 3091 1507; x_wconf 86' lang='grc' dir='ltr'>ἐνιαυτὸν</span> <span class='ocrx_word' id='word_1_388' title='bbox 3130 1452 3423 1523; x_wconf 87' lang='grc' dir='ltr'>ὁλόκληρον</span> <span class='ocrx_word' id='word_1_389' title='bbox 3469 1469 3569 1522; x_wconf 83' lang='grc' dir='ltr'>μο-</span> 
     </span>
    </p>
   </div>
   <div class='ocr_carea' id='block_1_50' title="bbox 1982 1536 3564 1612">
    <p class='ocr_par' dir='ltr' id='par_1_50' title="bbox 1982 1536 3564 1612">
     <span class='ocr_line' id='line_1_50' title="bbox 1982 1536 3564 1612; baseline -0.002 -18"><span class='ocrx_word' id='word_1_390' title='bbox 1982 1541 2122 1612; x_wconf 87' lang='grc' dir='ltr'>χθεῖ,</span> <span class='ocrx_word' id='word_1_391' title='bbox 2169 1540 2240 1594; x_wconf 89' lang='grc' dir='ltr'>τά</span> <span class='ocrx_word' id='word_1_392' title='bbox 2294 1541 2582 1611; x_wconf 85' lang='grc' dir='ltr'>σπέρματα</span> <span class='ocrx_word' id='word_1_393' title='bbox 2637 1537 2994 1592; x_wconf 89' lang='grc' dir='ltr'>καταϐάλλων</span> <span class='ocrx_word' id='word_1_394' title='bbox 3062 1537 3159 1592; x_wconf 75' lang='grc' dir='ltr'>καὶ</span> <span class='ocrx_word' id='word_1_395' title='bbox 3222 1536 3564 1608; x_wconf 86' lang='grc' dir='ltr'>θεραπεύων.</span> 
     </span>
    </p>
   </div>
   <div class='ocr_carea' id='block_1_51' title="bbox 1995 1621 3570 1687">
    <p class='ocr_par' dir='ltr' id='par_1_51' title="bbox 1995 1621 3570 1687">
     <span class='ocr_line' id='line_1_51' title="bbox 1995 1621 3570 1687; baseline -0.001 -9"><span class='ocrx_word' id='word_1_396' title='bbox 1995 1622 2263 1679; x_wconf 79' lang='grc' dir='ltr'>Ἐνταῦθα</span> <span class='ocrx_word' id='word_1_397' title='bbox 2289 1623 2346 1677; x_wconf 88' lang='grc' dir='ltr'>δὲ</span> <span class='ocrx_word' id='word_1_398' title='bbox 2385 1624 2601 1687; x_wconf 81' lang='grc' dir='ltr'>οὐδενὸς</span> <span class='ocrx_word' id='word_1_399' title='bbox 2642 1622 2726 1676; x_wconf 80' lang='grc' dir='ltr'>δεῖ</span> <span class='ocrx_word' id='word_1_400' title='bbox 2774 1622 3004 1685; x_wconf 89' lang='grc' dir='ltr'>τούτων,</span> <span class='ocrx_word' id='word_1_401' title='bbox 3048 1622 3112 1674; x_wconf 79' lang='grc' dir='ltr'>οὐ</span> <span class='ocrx_word' id='word_1_402' title='bbox 3156 1621 3570 1676; x_wconf 83' lang='grc' dir='ltr'>κατασκευάσαι</span> 
     </span>
    </p>
   </div>
   <div class='ocr_carea' id='block_1_52' title="bbox 1985 1706 3568 1779">
    <p class='ocr_par' dir='ltr' id='par_1_52' title="bbox 1985 1706 3568 1779">
     <span class='ocr_line' id='line_1_52' title="bbox 1985 1706 3568 1779; baseline -0.002 -17"><span class='ocrx_word' id='word_1_403' title='bbox 1985 1709 2193 1773; x_wconf 87' lang='grc' dir='ltr'>πλοῖον,</span> <span class='ocrx_word' id='word_1_404' title='bbox 2225 1709 2285 1763; x_wconf 80' lang='grc' dir='ltr'>οὐ</span> <span class='ocrx_word' id='word_1_405' title='bbox 2332 1708 2521 1775; x_wconf 78' lang='grc' dir='ltr'>ζεῦξαι</span> <span class='ocrx_word' id='word_1_406' title='bbox 2555 1706 2683 1779; x_wconf 80' lang='grc' dir='ltr'>βοῦς</span> <span class='ocrx_word' id='word_1_407' title='bbox 2714 1707 2811 1762; x_wconf 73' lang='grc' dir='ltr'>καὶ</span> <span class='ocrx_word' id='word_1_408' title='bbox 2838 1708 3033 1779; x_wconf 83' lang='grc' dir='ltr'>ἀρόσαι</span> <span class='ocrx_word' id='word_1_409' title='bbox 3054 1709 3181 1778; x_wconf 79' lang='grc' dir='ltr'>γῆν,</span> <span class='ocrx_word' id='word_1_410' title='bbox 3212 1708 3312 1760; x_wconf 83' lang='grc' dir='ltr'>οὐκ</span> <span class='ocrx_word' id='word_1_411' title='bbox 3341 1706 3568 1777; x_wconf 87' lang='grc' dir='ltr'>ἀνωμα-</span> 
     </span>
    </p>
   </div>
   <div class='ocr_carea' id='block_1_53' title="bbox 1986 1788 3571 1864">
    <p class='ocr_par' dir='ltr' id='par_1_53' title="bbox 1986 1788 3571 1864">
     <span class='ocr_line' id='line_1_53' title="bbox 1986 1788 3571 1864; baseline -0.002 -19"><span class='ocrx_word' id='word_1_412' title='bbox 1986 1791 2108 1847; x_wconf 86' lang='grc' dir='ltr'>λίαν</span> <span class='ocrx_word' id='word_1_413' title='bbox 2132 1792 2310 1864; x_wconf 84' lang='grc' dir='ltr'>ἀέρων</span> <span class='ocrx_word' id='word_1_414' title='bbox 2345 1793 2639 1864; x_wconf 84' lang='grc' dir='ltr'>μεριμνᾷν,</span> <span class='ocrx_word' id='word_1_415' title='bbox 2670 1791 2732 1844; x_wconf 82' lang='grc' dir='ltr'>οὗ</span> <span class='ocrx_word' id='word_1_416' title='bbox 2778 1791 3019 1861; x_wconf 77' lang='grc' dir='ltr'>χαλάζης</span> <span class='ocrx_word' id='word_1_417' title='bbox 3048 1788 3356 1861; x_wconf 82' lang='grc' dir='ltr'>καταϐολὴν</span> <span class='ocrx_word' id='word_1_418' title='bbox 3398 1789 3571 1862; x_wconf 83' lang='grc' dir='ltr'>φοϐη-</span> 
     </span>
    </p>
   </div>
   <div class='ocr_carea' id='block_1_54' title="bbox 1988 1865 3571 1950">
    <p class='ocr_par' dir='ltr' id='par_1_54' title="bbox 1988 1865 3571 1950">
     <span class='ocr_line' id='line_1_54' title="bbox 1988 1865 3571 1950; baseline -0.004 -19"><span class='ocrx_word' id='word_1_419' title='bbox 1988 1876 2146 1950; x_wconf 83' lang='grc' dir='ltr'>θῆναι</span> <span class='ocrx_word' id='word_1_420' title='bbox 2168 1892 2182 1908; x_wconf 83' lang='lat'><strong><em>°</em></strong></span> <span class='ocrx_word' id='word_1_421' title='bbox 2233 1876 2334 1930; x_wconf 86' lang='grc' dir='ltr'>οὐκ</span> <span class='ocrx_word' id='word_1_422' title='bbox 2357 1876 2436 1928; x_wconf 83' lang='grc' dir='ltr'>ένι</span> <span class='ocrx_word' id='word_1_423' title='bbox 2465 1874 2687 1945; x_wconf 87' lang='grc' dir='ltr'>κύματα</span> <span class='ocrx_word' id='word_1_424' title='bbox 2720 1873 2978 1937; x_wconf 85' lang='grc' dir='ltr'>ἐνταῦθα,</span> <span class='ocrx_word' id='word_1_425' title='bbox 3005 1873 3126 1926; x_wconf 74' lang='grc' dir='ltr'>οὐδὲ</span> <span class='ocrx_word' id='word_1_426' title='bbox 3154 1873 3418 1936; x_wconf 83' lang='grc' dir='ltr'>σκόπελος</span> <span class='ocrx_word' id='word_1_427' title='bbox 3435 1890 3449 1904; x_wconf 75' lang='grc' dir='ltr'><strong>ο</strong></span> <span class='ocrx_word' id='word_1_428' title='bbox 3478 1865 3571 1926; x_wconf 76' lang='grc' dir='ltr'>οῦ-</span> 
     </span>
    </p>
   </div>
   <div class='ocr_carea' id='block_1_55' title="bbox 1985 1952 3569 2029">
    <p class='ocr_par' dir='ltr' id='par_1_55' title="bbox 1985 1952 3569 2029">
     <span class='ocr_line' id='line_1_55' title="bbox 1985 1952 3569 2029; baseline -0.004 -14"><span class='ocrx_word' id='word_1_429' title='bbox 1985 1977 2075 2025; x_wconf 91' lang='grc' dir='ltr'>τος</span> <span class='ocrx_word' id='word_1_430' title='bbox 2103 1963 2131 2015; x_wconf 88' lang='lat'>6</span> <span class='ocrx_word' id='word_1_431' title='bbox 2168 1958 2336 2023; x_wconf 86' lang='grc' dir='ltr'>πλοῦς</span> <span class='ocrx_word' id='word_1_432' title='bbox 2378 1957 2475 2012; x_wconf 74' lang='grc' dir='ltr'>καὶ</span> <span class='ocrx_word' id='word_1_433' title='bbox 2514 1952 2669 2023; x_wconf 76' lang='grc' dir='ltr'>οὗτος</span> <span class='ocrx_word' id='word_1_434' title='bbox 2696 1960 2724 2012; x_wconf 80' lang='grc' dir='ltr'>ό</span> <span class='ocrx_word' id='word_1_435' title='bbox 2764 1957 2966 2029; x_wconf 86' lang='grc' dir='ltr'>σπόρος</span> <span class='ocrx_word' id='word_1_436' title='bbox 3008 1955 3125 2020; x_wconf 81' lang='grc' dir='ltr'>ἐνὸς</span> <span class='ocrx_word' id='word_1_437' title='bbox 3162 1955 3331 2009; x_wconf 87' lang='grc' dir='ltr'>δεῖται</span> <span class='ocrx_word' id='word_1_438' title='bbox 3380 1955 3569 2027; x_wconf 87' lang='grc' dir='ltr'>μόνου,</span> 
     </span>
    </p>
   </div>
   <div class='ocr_carea' id='block_1_56' title="bbox 1986 2039 3571 2114">
    <p class='ocr_par' dir='ltr' id='par_1_56' title="bbox 1986 2039 3571 2114">
     <span class='ocr_line' id='line_1_56' title="bbox 1986 2039 3571 2114; baseline -0.003 -18"><span class='ocrx_word' id='word_1_439' title='bbox 1986 2042 2081 2096; x_wconf 88' lang='grc' dir='ltr'>τοῦ</span> <span class='ocrx_word' id='word_1_440' title='bbox 2113 2042 2267 2114; x_wconf 77' lang='grc' dir='ltr'>ῥῖψαι</span> <span class='ocrx_word' id='word_1_441' title='bbox 2301 2041 2371 2095; x_wconf 71' lang='grc' dir='ltr'>τά</span> <span class='ocrx_word' id='word_1_442' title='bbox 2416 2041 2579 2095; x_wconf 75' lang='grc' dir='ltr'>ὄντα·</span> <span class='ocrx_word' id='word_1_443' title='bbox 2614 2041 2686 2095; x_wconf 85' lang='grc' dir='ltr'>τὰ</span> <span class='ocrx_word' id='word_1_444' title='bbox 2729 2041 2789 2099; x_wconf 80' lang='grc' dir='ltr'>δέ</span> <span class='ocrx_word' id='word_1_445' title='bbox 2821 2039 2988 2094; x_wconf 88' lang='grc' dir='ltr'>λοιπά</span> <span class='ocrx_word' id='word_1_446' title='bbox 3027 2040 3244 2094; x_wconf 71' lang='grc' dir='ltr'>ἅπαντα</span> <span class='ocrx_word' id='word_1_447' title='bbox 3272 2042 3300 2093; x_wconf 89' lang='lat'>6</span> <span class='ocrx_word' id='word_1_448' title='bbox 3324 2041 3571 2112; x_wconf 87' lang='grc' dir='ltr'>γεωργὸς</span> 
     </span>
    </p>
   </div>
   <div class='ocr_carea' id='block_1_57' title="bbox 1989 2119 3572 2196">
    <p class='ocr_par' dir='ltr' id='par_1_57' title="bbox 1989 2119 3572 2196">
     <span class='ocr_line' id='line_1_57' title="bbox 1989 2119 3572 2196; baseline -0.003 -15"><span class='ocrx_word' id='word_1_449' title='bbox 1989 2128 2197 2190; x_wconf 85' lang='grc' dir='ltr'>ἐκεῖνος</span> <span class='ocrx_word' id='word_1_450' title='bbox 2229 2127 2468 2196; x_wconf 89' lang='grc' dir='ltr'>ποιήσει,</span> <span class='ocrx_word' id='word_1_451' title='bbox 2500 2125 2633 2196; x_wconf 73' lang='grc' dir='ltr'>περὶ</span> <span class='ocrx_word' id='word_1_452' title='bbox 2658 2119 2720 2179; x_wconf 78' lang='grc' dir='ltr'>οῦ</span> <span class='ocrx_word' id='word_1_453' title='bbox 2756 2123 3242 2196; x_wconf 77' lang='grc' dir='ltr'>φησινόΧριστός’</span> <span class='ocrx_word' id='word_1_454' title='bbox 3286 2124 3340 2176; x_wconf 92' lang='grc' dir='ltr'><em>Ὀ</em></span> <span class='ocrx_word' id='word_1_455' title='bbox 3366 2123 3572 2191; x_wconf 81' lang='grc' dir='ltr'>Πατήρ</span> 
     </span>
    </p>
   </div>
   <div class='ocr_carea' id='block_1_58' title="bbox 1982 2203 3572 2279">
    <p class='ocr_par' dir='ltr' id='par_1_58' title="bbox 1982 2203 3572 2279">
     <span class='ocr_line' id='line_1_58' title="bbox 1982 2203 3572 2279; baseline -0.003 -16"><span class='ocrx_word' id='word_1_456' title='bbox 1982 2225 2106 2279; x_wconf 80' lang='grc' dir='ltr'>μου</span> <span class='ocrx_word' id='word_1_457' title='bbox 2146 2211 2179 2263; x_wconf 85' lang='grc' dir='ltr'><em>ὁ</em></span> <span class='ocrx_word' id='word_1_458' title='bbox 2206 2209 2466 2278; x_wconf 75' lang='grc' dir='ltr'>γεωργός</span> <span class='ocrx_word' id='word_1_459' title='bbox 2486 2208 2637 2262; x_wconf 83' lang='grc' dir='ltr'>ἐστι.</span> <span class='ocrx_word' id='word_1_460' title='bbox 2665 2208 2791 2272; x_wconf 89' lang='grc' dir='ltr'>Πῶς</span> <span class='ocrx_word' id='word_1_461' title='bbox 2811 2203 2905 2262; x_wconf 81' lang='grc' dir='ltr'>οὖν</span> <span class='ocrx_word' id='word_1_462' title='bbox 2929 2208 3030 2261; x_wconf 82' lang='grc' dir='ltr'>οὐκ</span> <span class='ocrx_word' id='word_1_463' title='bbox 3068 2207 3290 2268; x_wconf 75' lang='grc' dir='ltr'>ἄτοπον,</span> <span class='ocrx_word' id='word_1_464' title='bbox 3316 2205 3445 2260; x_wconf 75' lang='grc' dir='ltr'>ἔνθα</span> <span class='ocrx_word' id='word_1_465' title='bbox 3473 2207 3572 2278; x_wconf 85' lang='grc' dir='ltr'>μὲν</span> 
     </span>
    </p>
   </div>
   <div class='ocr_carea' id='block_1_59' title="bbox 1988 2286 3571 2363">
    <p class='ocr_par' dir='ltr' id='par_1_59' title="bbox 1988 2286 3571 2363">
     <span class='ocr_line' id='line_1_59' title="bbox 1988 2286 3571 2363; baseline -0.002 -17"><span class='ocrx_word' id='word_1_466' title='bbox 1988 2292 2138 2346; x_wconf 78' lang='grc' dir='ltr'>ἐστιν</span> <span class='ocrx_word' id='word_1_467' title='bbox 2175 2292 2409 2363; x_wconf 77' lang='grc' dir='ltr'>ἀπονητὶ</span> <span class='ocrx_word' id='word_1_468' title='bbox 2438 2291 2620 2346; x_wconf 90' lang='grc' dir='ltr'>πάντα</span> <span class='ocrx_word' id='word_1_469' title='bbox 2644 2291 2852 2356; x_wconf 82' lang='grc' dir='ltr'>λαϐεῖν,</span> <span class='ocrx_word' id='word_1_470' title='bbox 2878 2290 3070 2344; x_wconf 77' lang='grc' dir='ltr'>ὕπτιον</span> <span class='ocrx_word' id='word_1_471' title='bbox 3102 2286 3241 2344; x_wconf 79' lang='grc' dir='ltr'>εἶναι</span> <span class='ocrx_word' id='word_1_472' title='bbox 3274 2289 3372 2344; x_wconf 72' lang='grc' dir='ltr'>καὶ</span> <span class='ocrx_word' id='word_1_473' title='bbox 3403 2291 3571 2362; x_wconf 77' lang='grc' dir='ltr'>ῥᾴθυ-</span> 
     </span>
    </p>
   </div>
   <div class='ocr_carea' id='block_1_60' title="bbox 1992 2374 3573 2448">
    <p class='ocr_par' dir='ltr' id='par_1_60' title="bbox 1992 2374 3573 2448">
     <span class='ocr_line' id='line_1_60' title="bbox 1992 2374 3573 2448; baseline 0 -19"><span class='ocrx_word' id='word_1_474' title='bbox 1992 2391 2124 2448; x_wconf 74' lang='grc' dir='ltr'>μονο</span> <span class='ocrx_word' id='word_1_475' title='bbox 2155 2374 2284 2429; x_wconf 72' lang='grc' dir='ltr'>ἔνθα</span> <span class='ocrx_word' id='word_1_476' title='bbox 2312 2376 2369 2430; x_wconf 80' lang='grc' dir='ltr'>δέ</span> <span class='ocrx_word' id='word_1_477' title='bbox 2390 2375 2576 2430; x_wconf 74' lang='grc' dir='ltr'>πολλοὶ</span> <span class='ocrx_word' id='word_1_478' title='bbox 2610 2377 2710 2447; x_wconf 80' lang='grc' dir='ltr'>μὲν</span> <span class='ocrx_word' id='word_1_479' title='bbox 2741 2375 2991 2447; x_wconf 82' lang='grc' dir='ltr'>ἱδρῶτες,</span> <span class='ocrx_word' id='word_1_480' title='bbox 3025 2374 3211 2429; x_wconf 81' lang='grc' dir='ltr'>πολλοὶ</span> <span class='ocrx_word' id='word_1_481' title='bbox 3240 2385 3264 2414; x_wconf 81' lang='grc' dir='ltr'><strong>ο</strong></span> <span class='ocrx_word' id='word_1_482' title='bbox 3289 2375 3347 2428; x_wconf 84' lang='grc' dir='ltr'>δὲ</span> <span class='ocrx_word' id='word_1_483' title='bbox 3381 2375 3573 2446; x_wconf 85' lang='grc' dir='ltr'>μόχθοι</span> 
     </span>
    </p>
   </div>
   <div class='ocr_carea' id='block_1_61' title="bbox 1988 2457 3573 2531">
    <p class='ocr_par' dir='ltr' id='par_1_61' title="bbox 1988 2457 3573 2531">
     <span class='ocr_line' id='line_1_61' title="bbox 1988 2457 3573 2531; baseline -0.004 -16"><span class='ocrx_word' id='word_1_484' title='bbox 1988 2460 2084 2515; x_wconf 75' lang='grc' dir='ltr'>καὶ</span> <span class='ocrx_word' id='word_1_485' title='bbox 2106 2459 2405 2531; x_wconf 88' lang='grc' dir='ltr'>φροντίδες,</span> <span class='ocrx_word' id='word_1_486' title='bbox 2431 2460 2525 2513; x_wconf 75' lang='grc' dir='ltr'>καὶ</span> <span class='ocrx_word' id='word_1_487' title='bbox 2548 2460 2686 2531; x_wconf 86' lang='grc' dir='ltr'>μετά</span> <span class='ocrx_word' id='word_1_488' title='bbox 2708 2459 2883 2513; x_wconf 90' lang='grc' dir='ltr'>ταῦτα</span> <span class='ocrx_word' id='word_1_489' title='bbox 2897 2460 2960 2513; x_wconf 86' lang='grc' dir='ltr'>τὸ</span> <span class='ocrx_word' id='word_1_490' title='bbox 2974 2459 3081 2512; x_wconf 89' lang='grc' dir='ltr'>τῶν</span> <span class='ocrx_word' id='word_1_491' title='bbox 3104 2457 3336 2511; x_wconf 79' lang='grc' dir='ltr'>ἐλπίδων</span> <span class='ocrx_word' id='word_1_492' title='bbox 3356 2458 3573 2522; x_wconf 75' lang='grc' dir='ltr'>ἄδηλον,</span> 
     </span>
    </p>
   </div>
   <div class='ocr_carea' id='block_1_62' title="bbox 1988 2540 3573 2615">
    <p class='ocr_par' dir='ltr' id='par_1_62' title="bbox 1988 2540 3573 2615">
     <span class='ocr_line' id='line_1_62' title="bbox 1988 2540 3573 2615; baseline -0.003 -18"><span class='ocrx_word' id='word_1_493' title='bbox 1988 2546 2173 2598; x_wconf 83' lang='grc' dir='ltr'>πᾶσαν</span> <span class='ocrx_word' id='word_1_494' title='bbox 2226 2543 2634 2597; x_wconf 76' lang='grc' dir='ltr'>ἐπιδείκνυσθαι</span> <span class='ocrx_word' id='word_1_495' title='bbox 2686 2542 3026 2615; x_wconf 88' lang='grc' dir='ltr'>προθυμίαν;</span> <span class='ocrx_word' id='word_1_496' title='bbox 3086 2541 3198 2614; x_wconf 80' lang='grc' dir='ltr'>Μὴ.</span> <span class='ocrx_word' id='word_1_497' title='bbox 3245 2540 3573 2612; x_wconf 84' lang='grc' dir='ltr'>παρακαλῶ,</span> 
     </span>
    </p>
   </div>
   <div class='ocr_carea' id='block_1_63' title="bbox 1992 2623 3573 2699">
    <p class='ocr_par' dir='ltr' id='par_1_63' title="bbox 1992 2623 3573 2699">
     <span class='ocr_line' id='line_1_63' title="bbox 1992 2623 3573 2699; baseline -0.004 -16"><span class='ocrx_word' id='word_1_498' title='bbox 1992 2628 2069 2699; x_wconf 81' lang='grc' dir='ltr'>μὴ</span> <span class='ocrx_word' id='word_1_499' title='bbox 2109 2625 2273 2699; x_wconf 82' lang='grc' dir='ltr'>μέχρι</span> <span class='ocrx_word' id='word_1_500' title='bbox 2308 2626 2566 2680; x_wconf 88' lang='grc' dir='ltr'>τοσούτου</span> <span class='ocrx_word' id='word_1_501' title='bbox 2600 2626 3009 2699; x_wconf 70' lang='grc' dir='ltr'>ἀνοηταίνωμεν</span> <span class='ocrx_word' id='word_1_502' title='bbox 3052 2625 3190 2698; x_wconf 80' lang='grc' dir='ltr'>πρὸς</span> <span class='ocrx_word' id='word_1_503' title='bbox 3230 2623 3328 2696; x_wconf 83' lang='grc' dir='ltr'>τὴν</span> <span class='ocrx_word' id='word_1_504' title='bbox 3361 2626 3573 2677; x_wconf 68' lang='grc' dir='ltr'>οἰκείαν</span> 
     </span>
    </p>
   </div>
   <div class='ocr_carea' id='block_1_64' title="bbox 1990 2706 3577 2782">
    <p class='ocr_par' dir='ltr' id='par_1_64' title="bbox 1990 2706 3577 2782">
     <span class='ocr_line' id='line_1_64' title="bbox 1990 2706 3577 2782; baseline -0.003 -17"><span class='ocrx_word' id='word_1_505' title='bbox 1990 2711 2289 2782; x_wconf 78' lang='grc' dir='ltr'>σωτηρίαν,</span> <span class='ocrx_word' id='word_1_506' title='bbox 2341 2710 2477 2763; x_wconf 90' lang='grc' dir='ltr'>ἀλλά</span> <span class='ocrx_word' id='word_1_507' title='bbox 2509 2709 2578 2764; x_wconf 89' lang='grc' dir='ltr'>τά</span> <span class='ocrx_word' id='word_1_508' title='bbox 2619 2710 3001 2782; x_wconf 87' lang='grc' dir='ltr'>φορτικώτερα</span> <span class='ocrx_word' id='word_1_509' title='bbox 3042 2709 3293 2778; x_wconf 84' lang='grc' dir='ltr'>ἀφέντες,</span> <span class='ocrx_word' id='word_1_510' title='bbox 3336 2706 3474 2779; x_wconf 81' lang='grc' dir='ltr'>πρὸς</span> <span class='ocrx_word' id='word_1_511' title='bbox 3505 2709 3577 2761; x_wconf 69' lang='grc' dir='ltr'>τά</span> 
     </span>
    </p>
   </div>
   <div class='ocr_carea' id='block_1_65' title="bbox 1992 2791 3576 2865">
    <p class='ocr_par' dir='ltr' id='par_1_65' title="bbox 1992 2791 3576 2865">
     <span class='ocr_line' id='line_1_65' title="bbox 1992 2791 3576 2865; baseline 0 -18"><span class='ocrx_word' id='word_1_512' title='bbox 1992 2796 2167 2865; x_wconf 76' lang='grc' dir='ltr'>ῥᾷστα</span> <span class='ocrx_word' id='word_1_513' title='bbox 2207 2794 2303 2848; x_wconf 76' lang='grc' dir='ltr'>καὶ</span> <span class='ocrx_word' id='word_1_514' title='bbox 2353 2791 2765 2865; x_wconf 85' lang='grc' dir='ltr'>κερδαλεώτερα</span> <span class='ocrx_word' id='word_1_515' title='bbox 2802 2793 3110 2863; x_wconf 85' lang='grc' dir='ltr'>τρέχωμεν,</span> <span class='ocrx_word' id='word_1_516' title='bbox 3173 2792 3261 2844; x_wconf 80' lang='grc' dir='ltr'>ἵνα</span> <span class='ocrx_word' id='word_1_517' title='bbox 3311 2792 3409 2845; x_wconf 74' lang='grc' dir='ltr'>καὶ</span> <span class='ocrx_word' id='word_1_518' title='bbox 3465 2791 3576 2847; x_wconf 77' lang='grc' dir='ltr'>τῶν</span> 
     </span>
    </p>
   </div>
   <div class='ocr_carea' id='block_1_66' title="bbox 1994 2875 3575 2949">
    <p class='ocr_par' dir='ltr' id='par_1_66' title="bbox 1994 2875 3575 2949">
     <span class='ocr_line' id='line_1_66' title="bbox 1994 2875 3575 2949; baseline -0.002 -19"><span class='ocrx_word' id='word_1_519' title='bbox 1994 2876 2298 2947; x_wconf 79' lang='grc' dir='ltr'>μελλόντων</span> <span class='ocrx_word' id='word_1_520' title='bbox 2348 2877 2696 2949; x_wconf 85' lang='grc' dir='ltr'>ἐπιτύχωμεν</span> <span class='ocrx_word' id='word_1_521' title='bbox 2736 2875 2979 2944; x_wconf 80' lang='grc' dir='ltr'>ἀγαθῶν,</span> <span class='ocrx_word' id='word_1_522' title='bbox 3018 2876 3203 2945; x_wconf 79' lang='grc' dir='ltr'>χάριτι</span> <span class='ocrx_word' id='word_1_523' title='bbox 3256 2876 3350 2928; x_wconf 72' lang='grc' dir='ltr'>καὶ</span> <span class='ocrx_word' id='word_1_524' title='bbox 3389 2875 3575 2944; x_wconf 72' lang='grc' dir='ltr'>φιλανι</span> 
     </span>
    </p>
   </div>
   <div class='ocr_carea' id='block_1_67' title="bbox 1992 2954 3580 3032">
    <p class='ocr_par' dir='ltr' id='par_1_67' title="bbox 1992 2954 3580 3032">
     <span class='ocr_line' id='line_1_67' title="bbox 1992 2954 3580 3032; baseline 0.001 -18"><span class='ocrx_word' id='word_1_525' title='bbox 1992 2960 2211 3032; x_wconf 74' lang='grc' dir='ltr'>θρωπίᾳ</span> <span class='ocrx_word' id='word_1_526' title='bbox 2250 2960 2344 3014; x_wconf 88' lang='grc' dir='ltr'>τοῦ</span> <span class='ocrx_word' id='word_1_527' title='bbox 2391 2962 2592 3030; x_wconf 89' lang='grc' dir='ltr'>Κυρίου</span> <span class='ocrx_word' id='word_1_528' title='bbox 2628 2960 2785 3030; x_wconf 82' lang='grc' dir='ltr'>ἡμῶν</span> <span class='ocrx_word' id='word_1_529' title='bbox 2836 2958 3013 3029; x_wconf 88' lang='grc' dir='ltr'>Ἰησοῦ</span> <span class='ocrx_word' id='word_1_530' title='bbox 3056 2958 3316 3030; x_wconf 78' lang='grc' dir='ltr'>Χριστοῦ,</span> <span class='ocrx_word' id='word_1_531' title='bbox 3353 2958 3472 3029; x_wconf 76' lang='grc' dir='ltr'>μεθ’</span> <span class='ocrx_word' id='word_1_532' title='bbox 3516 2954 3580 3016; x_wconf 74' lang='grc' dir='ltr'>οὗ</span> 
     </span>
    </p>
   </div>
   <div class='ocr_carea' id='block_1_68' title="bbox 1990 3040 3577 3115">
    <p class='ocr_par' dir='ltr' id='par_1_68' title="bbox 1990 3040 3577 3115">
     <span class='ocr_line' id='line_1_68' title="bbox 1990 3040 3577 3115; baseline 0.001 -19"><span class='ocrx_word' id='word_1_533' title='bbox 1990 3044 2072 3114; x_wconf 78' lang='grc' dir='ltr'>τῷ</span> <span class='ocrx_word' id='word_1_534' title='bbox 2100 3044 2279 3115; x_wconf 74' lang='grc' dir='ltr'>Πατρὶ</span> <span class='ocrx_word' id='word_1_535' title='bbox 2307 3045 2339 3114; x_wconf 86' lang='grc' dir='ltr'>ἡ</span> <span class='ocrx_word' id='word_1_536' title='bbox 2370 3044 2518 3108; x_wconf 89' lang='grc' dir='ltr'>δόξα,</span> <span class='ocrx_word' id='word_1_537' title='bbox 2554 3044 2671 3113; x_wconf 79' lang='grc' dir='ltr'>ἅμα</span> <span class='ocrx_word' id='word_1_538' title='bbox 2697 3040 2777 3114; x_wconf 83' lang='grc' dir='ltr'>τῷ</span> <span class='ocrx_word' id='word_1_539' title='bbox 2821 3041 2962 3114; x_wconf 80' lang='grc' dir='ltr'>ἁγίῳ</span> <span class='ocrx_word' id='word_1_540' title='bbox 2999 3041 3301 3112; x_wconf 80' lang='grc' dir='ltr'>Πνεύματι.</span> <span class='ocrx_word' id='word_1_541' title='bbox 3352 3043 3446 3096; x_wconf 89' lang='grc' dir='ltr'>νῦν</span> <span class='ocrx_word' id='word_1_542' title='bbox 3482 3046 3577 3097; x_wconf 73' lang='grc' dir='ltr'>καὶ</span> 
     </span>
    </p>
   </div>
   <div class='ocr_carea' id='block_1_69' title="bbox 1994 3124 3350 3197">
    <p class='ocr_par' dir='ltr' id='par_1_69' title="bbox 1994 3124 3350 3197">
     <span class='ocr_line' id='line_1_69' title="bbox 1994 3124 3350 3197; baseline -0.001 -13"><span class='ocrx_word' id='word_1_543' title='bbox 1994 3128 2107 3196; x_wconf 68' lang='grc' dir='ltr'>ἀεὶ,</span> <span class='ocrx_word' id='word_1_544' title='bbox 2132 3129 2229 3183; x_wconf 75' lang='grc' dir='ltr'>καὶ</span> <span class='ocrx_word' id='word_1_545' title='bbox 2256 3130 2334 3192; x_wconf 89' lang='grc' dir='ltr'>είς</span> <span class='ocrx_word' id='word_1_546' title='bbox 2350 3131 2477 3193; x_wconf 83' lang='grc' dir='ltr'>τοὺς</span> <span class='ocrx_word' id='word_1_547' title='bbox 2510 3128 2714 3192; x_wconf 87' lang='grc' dir='ltr'>αίῶνας</span> <span class='ocrx_word' id='word_1_548' title='bbox 2745 3126 2858 3180; x_wconf 88' lang='grc' dir='ltr'>τῶν</span> <span class='ocrx_word' id='word_1_549' title='bbox 2888 3124 3120 3181; x_wconf 77' lang='grc' dir='ltr'>αἰώνων.</span> <span class='ocrx_word' id='word_1_550' title='bbox 3156 3127 3350 3197; x_wconf 85' lang='grc' dir='ltr'>Ἀμήν.</span> 
     </span>
    </p>
   </div>
   <div class='ocr_carea' id='block_1_70' title="bbox 2062 3297 3575 3369">
    <p class='ocr_par' dir='ltr' id='par_1_70' title="bbox 2062 3297 3575 3369">
     <span class='ocr_line' id='line_1_70' title="bbox 2062 3297 3575 3369; baseline 0.005 -23"><span class='ocrx_word' id='word_1_551' title='bbox 2062 3297 2104 3369; x_wconf 39' lang='grc' dir='ltr'>ξι.</span> <span class='ocrx_word' id='word_1_552' title='bbox 2132 3298 2287 3369; x_wconf 67' lang='grc' dir='ltr'>θρα-τε</span> <span class='ocrx_word' id='word_1_553' title='bbox 2328 3317 2500 3369; x_wconf 62' lang='grc' dir='ltr'>σξιορπ.</span> <span class='ocrx_word' id='word_1_554' title='bbox 2546 3299 2698 3369; x_wconf 61' lang='grc' dir='ltr'>ξδνίι.</span> <span class='ocrx_word' id='word_1_555' title='bbox 2734 3306 2789 3351; x_wconf 76' lang='grc' dir='ltr'>οι</span> <span class='ocrx_word' id='word_1_556' title='bbox 2820 3299 2963 3351; x_wconf 84' lang='lat' dir='ltr'><strong>codd.</strong></span> <span class='ocrx_word' id='word_1_557' title='bbox 2998 3299 3128 3360; x_wconf 68' lang='lat' dir='ltr'><strong>cm,</strong></span> <span class='ocrx_word' id='word_1_558' title='bbox 3173 3299 3352 3349; x_wconf 82' lang='lat' dir='ltr'><strong>eodem</strong></span> <span class='ocrx_word' id='word_1_559' title='bbox 3404 3314 3575 3354; x_wconf 79' lang='lat' dir='ltr'>sensu.</span> 
     </span>
    </p>
   </div>
   <div class='ocr_carea' id='block_1_71' title="bbox 2005 3362 2741 3419">
    <p class='ocr_par' dir='ltr' id='par_1_71' title="bbox 2005 3362 2741 3419">
     <span class='ocr_line' id='line_1_71' title="bbox 2005 3362 2741 3419; baseline 0.001 -9"><span class='ocrx_word' id='word_1_560' title='bbox 2005 3362 2031 3393; x_wconf 79' lang='grc'><strong><em>⁸</em></strong></span> <span class='ocrx_word' id='word_1_561' title='bbox 2052 3362 2136 3411; x_wconf 82' lang='lat' dir='ltr'>Sic</span> <span class='ocrx_word' id='word_1_562' title='bbox 2157 3362 2309 3411; x_wconf 67' lang='lat' dir='ltr'><strong>Savil.</strong></span> <span class='ocrx_word' id='word_1_563' title='bbox 2336 3362 2509 3412; x_wconf 78' lang='lat' dir='ltr'>Moi&#39;el.</span> <span class='ocrx_word' id='word_1_564' title='bbox 2532 3363 2741 3419; x_wconf 82' lang='grc' dir='ltr'>πλείους.</span> 
     </span>
    </p>
   </div>
   <div class='ocr_carea' id='block_1_72' title="bbox 1759 3517 2320 3590">
    <p class='ocr_par' dir='ltr' id='par_1_72' title="bbox 1759 3517 2320 3590">
     <span class='ocr_line' id='line_1_72' title="bbox 1759 3517 2320 3590; baseline 0.011 -19"><span class='ocrx_word' id='word_1_565' title='bbox 1759 3517 1913 3590; x_wconf 71' lang='grc'>[115]</span> <span class='ocrx_word' id='word_1_566' title='bbox 1943 3520 2186 3573; x_wconf 81' lang='grc' dir='ltr'>ΟΜΙΛΙΑ</span> <span class='ocrx_word' id='word_1_567' title='bbox 2235 3522 2320 3577; x_wconf 86' lang='grc' dir='ltr'>Κ’.</span> 
     </span>
    </p>
   </div>
   <div class='ocr_carea' id='block_1_73' title="bbox 306 3609 1893 3751">
    <p class='ocr_par' dir='ltr' id='par_1_73' title="bbox 306 3609 1893 3751">
     <span class='ocr_line' id='line_1_73' title="bbox 306 3609 1893 3681; baseline 0.001 -16"><span class='ocrx_word' id='word_1_568' title='bbox 306 3609 397 3679; x_wconf 72' lang='grc' dir='ltr'>τῇ</span> <span class='ocrx_word' id='word_1_569' title='bbox 448 3610 739 3681; x_wconf 76' lang='grc' dir='ltr'>ἐπαύριον</span> <span class='ocrx_word' id='word_1_570' title='bbox 779 3611 1087 3678; x_wconf 78' lang='grc' dir='ltr'>ἠθέλησεν</span> <span class='ocrx_word' id='word_1_571' title='bbox 1123 3610 1399 3675; x_wconf 77' lang='grc' dir='ltr'>ἐξελθεῖν</span> <span class='ocrx_word' id='word_1_572' title='bbox 1431 3612 1517 3677; x_wconf 84' lang='grc' dir='ltr'>εις</span> <span class='ocrx_word' id='word_1_573' title='bbox 1552 3610 1669 3678; x_wconf 80' lang='grc' dir='ltr'>τὴν</span> <span class='ocrx_word' id='word_1_574' title='bbox 1708 3614 1893 3666; x_wconf 70' lang='grc' dir='ltr'>Γαλι-</span> 
     </span>
     <span class='ocr_line' id='line_1_74' title="bbox 374 3681 1890 3751; baseline -0.001 -16"><span class='ocrx_word' id='word_1_575' title='bbox 374 3683 581 3745; x_wconf 75' lang='grc' dir='ltr'>λαίαν,</span> <span class='ocrx_word' id='word_1_576' title='bbox 622 3681 722 3734; x_wconf 78' lang='grc' dir='ltr'>καὶ</span> <span class='ocrx_word' id='word_1_577' title='bbox 756 3682 1024 3751; x_wconf 69' lang='grc' dir='ltr'>εὑρίσκει</span> <span class='ocrx_word' id='word_1_578' title='bbox 1044 3684 1366 3751; x_wconf 74' lang='grc' dir='ltr'>Φίλιππον,</span> <span class='ocrx_word' id='word_1_579' title='bbox 1397 3683 1497 3734; x_wconf 82' lang='grc' dir='ltr'>καὶ</span> <span class='ocrx_word' id='word_1_580' title='bbox 1516 3681 1678 3749; x_wconf 77' lang='grc' dir='ltr'>λέγει</span> <span class='ocrx_word' id='word_1_581' title='bbox 1698 3681 1858 3748; x_wconf 84' lang='grc' dir='ltr'>αὐτῷ</span> <span class='ocrx_word' id='word_1_582' title='bbox 1875 3700 1890 3713; x_wconf 88' lang='grc'><strong>·</strong></span> 
     </span>
    </p>
   </div>
   <div class='ocr_carea' id='block_1_74' title="bbox 390 3747 1894 3833">
    <p class='ocr_par' dir='ltr' id='par_1_74' title="bbox 390 3747 1894 3833">
     <span class='ocr_line' id='line_1_75' title="bbox 390 3747 1894 3833; baseline 0.001 -27"><span class='ocrx_word' id='word_1_583' title='bbox 390 3747 888 3833; x_wconf 50' lang='grc' dir='ltr'>Ἀκρᾼούθειμοι.</span> <span class='ocrx_word' id='word_1_584' title='bbox 908 3747 1041 3833; x_wconf 47' lang='grc' dir='ltr'>,ἶΗν</span> <span class='ocrx_word' id='word_1_585' title='bbox 1075 3750 1149 3833; x_wconf 55' lang='grc' dir='ltr'>δέ</span> <span class='ocrx_word' id='word_1_586' title='bbox 1176 3747 1691 3833; x_wconf 32' lang='grc' dir='ltr'>όῃφζλιπποςὴιξπὸ</span> <span class='ocrx_word' id='word_1_587' title='bbox 1740 3747 1894 3821; x_wconf 79' lang='grc' dir='ltr'>Βηθ-</span> 
     </span>
    </p>
   </div>
   <div class='ocr_carea' id='block_1_75' title="bbox 376 3821 1783 3891">
    <p class='ocr_par' dir='ltr' id='par_1_75' title="bbox 376 3821 1783 3891">
     <span class='ocr_line' id='line_1_76' title="bbox 376 3821 1783 3891; baseline 0.001 -15"><span class='ocrx_word' id='word_1_588' title='bbox 376 3821 586 3888; x_wconf 83' lang='grc' dir='ltr'>σατδὰ,</span> <span class='ocrx_word' id='word_1_589' title='bbox 612 3822 683 3876; x_wconf 80' lang='grc' dir='ltr'>ἐκ</span> <span class='ocrx_word' id='word_1_590' title='bbox 704 3821 815 3891; x_wconf 84' lang='grc' dir='ltr'>τῆς</span> <span class='ocrx_word' id='word_1_591' title='bbox 843 3822 1076 3888; x_wconf 75' lang='grc' dir='ltr'>πόλεως</span> <span class='ocrx_word' id='word_1_592' title='bbox 1113 3821 1385 3891; x_wconf 84' lang='grc' dir='ltr'>Ἀνδρέου</span> <span class='ocrx_word' id='word_1_593' title='bbox 1409 3822 1510 3876; x_wconf 76' lang='grc' dir='ltr'>καὶ</span> <span class='ocrx_word' id='word_1_594' title='bbox 1531 3822 1783 3890; x_wconf 82' lang='grc' dir='ltr'>Πέτρου.</span> 
     </span>
    </p>
   </div>
   <div class='ocr_carea' id='block_1_76' title="bbox 382 3946 1896 4017">
    <p class='ocr_par' dir='ltr' id='par_1_76' title="bbox 382 3946 1896 4017">
     <span class='ocr_line' id='line_1_77' title="bbox 382 3946 1896 4017; baseline -0.001 -14"><span class='ocrx_word' id='word_1_595' title='bbox 382 3955 454 4003; x_wconf 79' lang='grc' dir='ltr'>α’.</span> <span class='ocrx_word' id='word_1_596' title='bbox 484 3947 673 4002; x_wconf 77' lang='grc' dir='ltr'>Παντὶ</span> <span class='ocrx_word' id='word_1_597' title='bbox 696 3946 779 4003; x_wconf 85' lang='grc' dir='ltr'>τῶ</span> <span class='ocrx_word' id='word_1_598' title='bbox 807 3946 1168 4017; x_wconf 83' lang='grc' dir='ltr'>μεριμνῶντι</span> <span class='ocrx_word' id='word_1_599' title='bbox 1204 3948 1405 4002; x_wconf 72' lang='grc' dir='ltr'>ἔνεστι</span> <span class='ocrx_word' id='word_1_600' title='bbox 1431 3965 1487 4002; x_wconf 85' lang='grc' dir='ltr'>τι</span> <span class='ocrx_word' id='word_1_601' title='bbox 1514 3947 1830 4017; x_wconf 83' lang='grc' dir='ltr'>περισσὸν,</span> <span class='ocrx_word' id='word_1_602' title='bbox 1866 3949 1896 4002; x_wconf 90' lang='lat'>6</span> 
     </span>
    </p>
   </div>
   <div class='ocr_carea' id='block_1_77' title="bbox 304 4030 1896 4104">
    <p class='ocr_par' dir='ltr' id='par_1_77' title="bbox 304 4030 1896 4104">
     <span class='ocr_line' id='line_1_78' title="bbox 304 4030 1896 4104; baseline -0.001 -18"><span class='ocrx_word' id='word_1_603' title='bbox 304 4031 685 4104; x_wconf 75' lang='grc' dir='ltr'>παροιμιώδης</span> <span class='ocrx_word' id='word_1_604' title='bbox 705 4032 861 4099; x_wconf 86' lang='grc' dir='ltr'>λόγος</span> <span class='ocrx_word' id='word_1_605' title='bbox 888 4031 1040 4102; x_wconf 87' lang='grc' dir='ltr'>φησί.</span> <span class='ocrx_word' id='word_1_606' title='bbox 1080 4030 1138 4083; x_wconf 83' lang='grc'>’0</span> <span class='ocrx_word' id='word_1_607' title='bbox 1170 4031 1226 4083; x_wconf 82' lang='grc' dir='ltr'>δέ</span> <span class='ocrx_word' id='word_1_608' title='bbox 1254 4030 1489 4103; x_wconf 81' lang='grc' dir='ltr'>Χριστὸς</span> <span class='ocrx_word' id='word_1_609' title='bbox 1518 4031 1613 4085; x_wconf 88' lang='grc' dir='ltr'>καί</span> <span class='ocrx_word' id='word_1_610' title='bbox 1644 4048 1698 4084; x_wconf 92' lang='grc' dir='ltr'>τι</span> <span class='ocrx_word' id='word_1_611' title='bbox 1728 4031 1896 4085; x_wconf 85' lang='grc' dir='ltr'>πλέον</span> 
     </span>
    </p>
   </div>
   <div class='ocr_carea' id='block_1_78' title="bbox 301 4112 1897 4191">
    <p class='ocr_par' dir='ltr' id='par_1_78' title="bbox 301 4112 1897 4191">
     <span class='ocr_line' id='line_1_79' title="bbox 301 4112 1897 4191; baseline -0.003 -19"><span class='ocrx_word' id='word_1_612' title='bbox 301 4116 529 4191; x_wconf 66' lang='grc' dir='ltr'>ᾐνίξατο</span> <span class='ocrx_word' id='word_1_613' title='bbox 553 4114 745 4169; x_wconf 78' lang='grc' dir='ltr'>εἰπών·</span> <span class='ocrx_word' id='word_1_614' title='bbox 783 4116 847 4169; x_wconf 87' lang='lat'>&#39;0</span> <span class='ocrx_word' id='word_1_615' title='bbox 869 4112 1055 4183; x_wconf 76' lang='grc' dir='ltr'>ζητῶν</span> <span class='ocrx_word' id='word_1_616' title='bbox 1073 4126 1099 4154; x_wconf 72' lang='grc' dir='ltr'>α</span> <span class='ocrx_word' id='word_1_617' title='bbox 1121 4113 1409 4181; x_wconf 80' lang='grc' dir='ltr'>εὑρίσκει.</span> <span class='ocrx_word' id='word_1_618' title='bbox 1430 4114 1592 4168; x_wconf 84' lang='grc' dir='ltr'>Ὅθεν</span> <span class='ocrx_word' id='word_1_619' title='bbox 1608 4114 1704 4168; x_wconf 80' lang='grc' dir='ltr'>καὶ</span> <span class='ocrx_word' id='word_1_620' title='bbox 1718 4113 1897 4167; x_wconf 76' lang='grc' dir='ltr'>ἔπεισί</span> 
     </span>
    </p>
   </div>
   <div class='ocr_carea' id='block_1_79' title="bbox 307 4196 1898 4271">
    <p class='ocr_par' dir='ltr' id='par_1_79' title="bbox 307 4196 1898 4271">
     <span class='ocr_line' id='line_1_80' title="bbox 307 4196 1898 4271; baseline -0.003 -18"><span class='ocrx_word' id='word_1_621' title='bbox 307 4218 407 4271; x_wconf 85' lang='grc' dir='ltr'>μοι</span> <span class='ocrx_word' id='word_1_622' title='bbox 433 4201 460 4240; x_wconf 70' lang='grc' dir='ltr'>δ</span> <span class='ocrx_word' id='word_1_623' title='bbox 489 4199 678 4253; x_wconf 81' lang='grc' dir='ltr'>λοιπὸν</span> <span class='ocrx_word' id='word_1_624' title='bbox 719 4198 1041 4269; x_wconf 83' lang='grc' dir='ltr'>θαυμάζειν,</span> <span class='ocrx_word' id='word_1_625' title='bbox 1091 4197 1256 4251; x_wconf 87' lang='grc' dir='ltr'>πόθεν</span> <span class='ocrx_word' id='word_1_626' title='bbox 1292 4198 1321 4251; x_wconf 85' lang='grc' dir='ltr'>ὁ</span> <span class='ocrx_word' id='word_1_627' title='bbox 1354 4197 1621 4260; x_wconf 80' lang='grc' dir='ltr'>Φίλιππος</span> <span class='ocrx_word' id='word_1_628' title='bbox 1670 4196 1898 4267; x_wconf 75' lang='grc' dir='ltr'>ἠκολού-</span> 
     </span>
    </p>
   </div>
   <div class='ocr_carea' id='block_1_80' title="bbox 304 4279 1898 4355">
    <p class='ocr_par' dir='ltr' id='par_1_80' title="bbox 304 4279 1898 4355">
     <span class='ocr_line' id='line_1_81' title="bbox 304 4279 1898 4355; baseline -0.003 -18"><span class='ocrx_word' id='word_1_629' title='bbox 304 4285 444 4355; x_wconf 87' lang='grc' dir='ltr'>θησε</span> <span class='ocrx_word' id='word_1_630' title='bbox 468 4282 548 4354; x_wconf 82' lang='grc' dir='ltr'>τῷ</span> <span class='ocrx_word' id='word_1_631' title='bbox 573 4282 819 4355; x_wconf 80' lang='grc' dir='ltr'>Χριστῷ.</span> <span class='ocrx_word' id='word_1_632' title='bbox 851 4283 911 4335; x_wconf 75' lang='grc'>’0</span> <span class='ocrx_word' id='word_1_633' title='bbox 943 4281 1043 4352; x_wconf 83' lang='grc' dir='ltr'>μὲν</span> <span class='ocrx_word' id='word_1_634' title='bbox 1073 4280 1183 4352; x_wconf 78' lang='grc' dir='ltr'>γὰρ</span> <span class='ocrx_word' id='word_1_635' title='bbox 1211 4280 1465 4351; x_wconf 85' lang='grc' dir='ltr'>Ἀνδρέας</span> <span class='ocrx_word' id='word_1_636' title='bbox 1488 4279 1731 4343; x_wconf 86' lang='grc' dir='ltr'>ἀκούσας</span> <span class='ocrx_word' id='word_1_637' title='bbox 1747 4279 1898 4351; x_wconf 89' lang='grc' dir='ltr'>παρά</span> 
     </span>
    </p>
   </div>
   <div class='ocr_carea' id='block_1_81' title="bbox 317 4357 1897 4437">
    <p class='ocr_par' dir='ltr' id='par_1_81' title="bbox 317 4357 1897 4437">
     <span class='ocr_line' id='line_1_82' title="bbox 317 4357 1897 4437; baseline -0.005 -13"><span class='ocrx_word' id='word_1_638' title='bbox 317 4369 597 4430; x_wconf 83' lang='grc' dir='ltr'>Ἰωάννου,</span> <span class='ocrx_word' id='word_1_639' title='bbox 654 4366 753 4421; x_wconf 65' lang='grc' dir='ltr'>κα)⁵</span> <span class='ocrx_word' id='word_1_640' title='bbox 789 4367 819 4419; x_wconf 90' lang='grc' dir='ltr'>ό</span> <span class='ocrx_word' id='word_1_641' title='bbox 860 4366 1070 4437; x_wconf 84' lang='grc' dir='ltr'>Πέτρος</span> <span class='ocrx_word' id='word_1_642' title='bbox 1116 4364 1269 4436; x_wconf 86' lang='grc' dir='ltr'>παρά</span> <span class='ocrx_word' id='word_1_643' title='bbox 1305 4362 1594 4435; x_wconf 81' lang='grc' dir='ltr'>Ἀνδρέου⁹</span> <span class='ocrx_word' id='word_1_644' title='bbox 1647 4357 1805 4427; x_wconf 75' lang='grc' dir='ltr'>οὗτος</span> <span class='ocrx_word' id='word_1_645' title='bbox 1838 4363 1897 4416; x_wconf 85' lang='grc' dir='ltr'>δὲ</span> 
     </span>
    </p>
   </div>
   <div class='ocr_carea' id='block_1_82' title="bbox 303 4447 1898 4524">
    <p class='ocr_par' dir='ltr' id='par_1_82' title="bbox 303 4447 1898 4524">
     <span class='ocr_line' id='line_1_83' title="bbox 303 4447 1898 4524; baseline -0.004 -18"><span class='ocrx_word' id='word_1_646' title='bbox 303 4453 442 4524; x_wconf 77' lang='grc' dir='ltr'>παρ’</span> <span class='ocrx_word' id='word_1_647' title='bbox 475 4451 691 4514; x_wconf 71' lang='grc' dir='ltr'>οὐδενὸς</span> <span class='ocrx_word' id='word_1_648' title='bbox 714 4449 868 4503; x_wconf 77' lang='grc' dir='ltr'>οὐδὲν</span> <span class='ocrx_word' id='word_1_649' title='bbox 921 4448 1131 4521; x_wconf 86' lang='grc' dir='ltr'>μαθὼν,</span> <span class='ocrx_word' id='word_1_650' title='bbox 1167 4449 1202 4520; x_wconf 78' lang='grc' dir='ltr'><strong>ἢ</strong></span> <span class='ocrx_word' id='word_1_651' title='bbox 1246 4448 1405 4501; x_wconf 85' lang='grc' dir='ltr'>τοῦτο</span> <span class='ocrx_word' id='word_1_652' title='bbox 1452 4447 1615 4518; x_wconf 90' lang='grc' dir='ltr'>μόνον</span> <span class='ocrx_word' id='word_1_653' title='bbox 1648 4447 1898 4510; x_wconf 79' lang='grc' dir='ltr'>εἰπόντος</span> 
     </span>
    </p>
   </div>
   <div class='ocr_carea' id='block_1_83' title="bbox 305 4531 1897 4606">
    <p class='ocr_par' dir='ltr' id='par_1_83' title="bbox 305 4531 1897 4606">
     <span class='ocr_line' id='line_1_84' title="bbox 305 4531 1897 4606; baseline -0.004 -16"><span class='ocrx_word' id='word_1_654' title='bbox 305 4536 405 4590; x_wconf 87' lang='grc' dir='ltr'>τοῦ</span> <span class='ocrx_word' id='word_1_655' title='bbox 436 4534 675 4606; x_wconf 83' lang='grc' dir='ltr'>Χριστοῦ</span> <span class='ocrx_word' id='word_1_656' title='bbox 700 4535 837 4603; x_wconf 83' lang='grc' dir='ltr'>πρὸς</span> <span class='ocrx_word' id='word_1_657' title='bbox 861 4534 1411 4601; x_wconf 75' lang='grc' dir='ltr'>αὐτὸν,Ἀκολούοει</span> <span class='ocrx_word' id='word_1_658' title='bbox 1431 4551 1554 4601; x_wconf 82' lang='grc' dir='ltr'>μοι,</span> <span class='ocrx_word' id='word_1_659' title='bbox 1582 4531 1811 4603; x_wconf 88' lang='grc' dir='ltr'>ἐπείσθη</span> <span class='ocrx_word' id='word_1_660' title='bbox 1837 4548 1897 4586; x_wconf 92' lang='grc' dir='ltr'>τε</span> 
     </span>
    </p>
   </div>
   <div class='ocr_carea' id='block_1_84' title="bbox 304 4614 1898 4690">
    <p class='ocr_par' dir='ltr' id='par_1_84' title="bbox 304 4614 1898 4690">
     <span class='ocr_line' id='line_1_85' title="bbox 304 4614 1898 4690; baseline -0.004 -16"><span class='ocrx_word' id='word_1_661' title='bbox 304 4621 515 4681; x_wconf 80' lang='grc' dir='ltr'>εὐθέως</span> <span class='ocrx_word' id='word_1_662' title='bbox 562 4622 659 4673; x_wconf 68' lang='grc' dir='ltr'>καὶ</span> <span class='ocrx_word' id='word_1_663' title='bbox 689 4621 788 4674; x_wconf 71' lang='grc' dir='ltr'>οὐκ</span> <span class='ocrx_word' id='word_1_664' title='bbox 821 4616 1191 4690; x_wconf 87' lang='grc' dir='ltr'>ἀνεχώρησεν,</span> <span class='ocrx_word' id='word_1_665' title='bbox 1236 4618 1375 4671; x_wconf 88' lang='grc' dir='ltr'>ἀλλά</span> <span class='ocrx_word' id='word_1_666' title='bbox 1412 4618 1506 4670; x_wconf 75' lang='grc' dir='ltr'>καὶ</span> <span class='ocrx_word' id='word_1_667' title='bbox 1553 4614 1732 4688; x_wconf 83' lang='grc' dir='ltr'>κήρυξ</span> <span class='ocrx_word' id='word_1_668' title='bbox 1779 4615 1898 4669; x_wconf 87' lang='grc' dir='ltr'>ἐτέ-</span> 
     </span>
    </p>
   </div>
   <div class='ocr_carea' id='block_1_85' title="bbox 310 4700 1901 4774">
    <p class='ocr_par' dir='ltr' id='par_1_85' title="bbox 310 4700 1901 4774">
     <span class='ocr_line' id='line_1_86' title="bbox 310 4700 1901 4774; baseline -0.004 -15"><span class='ocrx_word' id='word_1_669' title='bbox 310 4720 425 4774; x_wconf 83' lang='grc' dir='ltr'>ροις</span> <span class='ocrx_word' id='word_1_670' title='bbox 449 4704 685 4772; x_wconf 88' lang='grc' dir='ltr'>γίνεται.</span> <span class='ocrx_word' id='word_1_671' title='bbox 736 4702 972 4774; x_wconf 85' lang='grc' dir='ltr'>Δραμὼν</span> <span class='ocrx_word' id='word_1_672' title='bbox 1010 4702 1121 4773; x_wconf 81' lang='grc' dir='ltr'>γάρ</span> <span class='ocrx_word' id='word_1_673' title='bbox 1159 4703 1254 4755; x_wconf 71' lang='grc' dir='ltr'>ἐπὶ</span> <span class='ocrx_word' id='word_1_674' title='bbox 1270 4701 1362 4755; x_wconf 87' lang='grc' dir='ltr'>τὸν</span> <span class='ocrx_word' id='word_1_675' title='bbox 1399 4700 1719 4772; x_wconf 81' lang='grc' dir='ltr'>Ναθαναὴλ,</span> <span class='ocrx_word' id='word_1_676' title='bbox 1787 4701 1901 4753; x_wconf 80' lang='grc' dir='ltr'>’ον</span> 
     </span>
    </p>
   </div>
   <div class='ocr_carea' id='block_1_86' title="bbox 306 4783 1897 4857">
    <p class='ocr_par' dir='ltr' id='par_1_86' title="bbox 306 4783 1897 4857">
     <span class='ocr_line' id='line_1_87' title="bbox 306 4783 1897 4857; baseline -0.003 -17"><span class='ocrx_word' id='word_1_677' title='bbox 306 4787 557 4857; x_wconf 66' lang='grc' dir='ltr'>ἔγραψε,</span> <span class='ocrx_word' id='word_1_678' title='bbox 600 4787 755 4855; x_wconf 78' lang='grc' dir='ltr'>φησὶ,</span> <span class='ocrx_word' id='word_1_679' title='bbox 802 4784 1068 4852; x_wconf 83' lang='grc' dir='ltr'>Μωῦσῆς</span> <span class='ocrx_word' id='word_1_680' title='bbox 1090 4786 1162 4839; x_wconf 81' lang='grc' dir='ltr'>ἐν</span> <span class='ocrx_word' id='word_1_681' title='bbox 1206 4784 1286 4851; x_wconf 84' lang='grc' dir='ltr'>τῷ</span> <span class='ocrx_word' id='word_1_682' title='bbox 1318 4785 1501 4854; x_wconf 80' lang='grc' dir='ltr'>νόμῳ,</span> <span class='ocrx_word' id='word_1_683' title='bbox 1538 4783 1639 4837; x_wconf 81' lang='grc' dir='ltr'>καὶ</span> <span class='ocrx_word' id='word_1_684' title='bbox 1667 4785 1723 4837; x_wconf 85' lang='grc' dir='ltr'>οι</span> <span class='ocrx_word' id='word_1_685' title='bbox 1752 4798 1897 4850; x_wconf 85' lang='grc' dir='ltr'>προ-</span> 
     </span>
    </p>
   </div>
   <div class='ocr_carea' id='block_1_87' title="bbox 306 4866 1899 4941">
    <p class='ocr_par' dir='ltr' id='par_1_87' title="bbox 306 4866 1899 4941">
     <span class='ocr_line' id='line_1_88' title="bbox 306 4866 1899 4941; baseline -0.002 -2"><span class='ocrx_word' id='word_1_686' title='bbox 306 4868 516 4940; x_wconf 68' lang='grc' dir='ltr'>φῆται,</span> <span class='ocrx_word' id='word_1_687' title='bbox 578 4868 941 4938; x_wconf 65' lang='grc' dir='ltr'>εὑρήκαμεν.</span> <span class='ocrx_word' id='word_1_688' title='bbox 1009 4868 1173 4941; x_wconf 76' lang='grc' dir='ltr'>Ὁρᾷς</span> <span class='ocrx_word' id='word_1_689' title='bbox 1228 4868 1344 4932; x_wconf 81' lang='grc' dir='ltr'>πῶς</span> <span class='ocrx_word' id='word_1_690' title='bbox 1406 4866 1899 4939; x_wconf 81' lang='grc' dir='ltr'>μεμεριμνημένην</span> 
     </span>
    </p>
   </div>
   <div class='ocr_carea' id='block_1_88' title="bbox 310 4950 1902 5024">
    <p class='ocr_par' dir='ltr' id='par_1_88' title="bbox 310 4950 1902 5024">
     <span class='ocr_line' id='line_1_89' title="bbox 310 4950 1902 5024; baseline -0.001 -18"><span class='ocrx_word' id='word_1_691' title='bbox 310 4954 549 5007; x_wconf 85' lang='grc' dir='ltr'>διάνοιαν</span> <span class='ocrx_word' id='word_1_692' title='bbox 582 4950 715 5022; x_wconf 82' lang='grc' dir='ltr'>εἶχε,</span> <span class='ocrx_word' id='word_1_693' title='bbox 742 4955 835 5006; x_wconf 70' lang='grc' dir='ltr'>καὶ</span> <span class='ocrx_word' id='word_1_694' title='bbox 857 4952 1095 5024; x_wconf 86' lang='grc' dir='ltr'>συνεχῶς</span> <span class='ocrx_word' id='word_1_695' title='bbox 1123 4952 1355 5022; x_wconf 84' lang='grc' dir='ltr'>ἐμελέτα</span> <span class='ocrx_word' id='word_1_696' title='bbox 1385 4952 1455 5005; x_wconf 88' lang='grc' dir='ltr'>τά</span> <span class='ocrx_word' id='word_1_697' title='bbox 1478 4950 1780 5014; x_wconf 84' lang='grc' dir='ltr'>Μωῦσέως,</span> <span class='ocrx_word' id='word_1_698' title='bbox 1803 4951 1902 5005; x_wconf 77' lang='grc' dir='ltr'>καὶ</span> 
     </span>
    </p>
   </div>
   <div class='ocr_carea' id='block_1_89' title="bbox 310 5034 1899 5110">
    <p class='ocr_par' dir='ltr' id='par_1_89' title="bbox 310 5034 1899 5110">
     <span class='ocr_line' id='line_1_90' title="bbox 310 5034 1899 5110; baseline -0.004 -18"><span class='ocrx_word' id='word_1_699' title='bbox 310 5038 617 5110; x_wconf 79' lang='grc' dir='ltr'>προσεδόκα</span> <span class='ocrx_word' id='word_1_700' title='bbox 640 5038 740 5107; x_wconf 81' lang='grc' dir='ltr'>τὴν</span> <span class='ocrx_word' id='word_1_701' title='bbox 761 5037 1096 5109; x_wconf 68' lang='grc' dir='ltr'>παρουσίανς</span> <span class='ocrx_word' id='word_1_702' title='bbox 1130 5037 1239 5089; x_wconf 75' lang='grc' dir='ltr'>Καὶ</span> <span class='ocrx_word' id='word_1_703' title='bbox 1266 5035 1375 5106; x_wconf 76' lang='grc' dir='ltr'>γάρ</span> <span class='ocrx_word' id='word_1_704' title='bbox 1395 5036 1477 5099; x_wconf 88' lang='grc' dir='ltr'>τὸ,</span> <span class='ocrx_word' id='word_1_705' title='bbox 1516 5034 1899 5102; x_wconf 76' lang='grc' dir='ltr'>Εὑρήκαμεν,</span> 
     </span>
    </p>
   </div>
   <div class='ocr_carea' id='block_1_90' title="bbox 310 5117 1901 5193">
    <p class='ocr_par' dir='ltr' id='par_1_90' title="bbox 310 5117 1901 5193">
     <span class='ocr_line' id='line_1_91' title="bbox 310 5117 1901 5193; baseline -0.002 -18"><span class='ocrx_word' id='word_1_706' title='bbox 310 5122 620 5193; x_wconf 85' lang='grc' dir='ltr'>ζητούντων</span> <span class='ocrx_word' id='word_1_707' title='bbox 640 5120 759 5185; x_wconf 88' lang='grc' dir='ltr'>πώς</span> <span class='ocrx_word' id='word_1_708' title='bbox 797 5123 944 5175; x_wconf 81' lang='grc' dir='ltr'>ἐστιν</span> <span class='ocrx_word' id='word_1_709' title='bbox 977 5121 1081 5173; x_wconf 86' lang='grc' dir='ltr'>ἀεί.</span> <span class='ocrx_word' id='word_1_710' title='bbox 1130 5118 1215 5187; x_wconf 72' lang='grc' dir='ltr'>Τῇ</span> <span class='ocrx_word' id='word_1_711' title='bbox 1242 5120 1533 5188; x_wconf 77' lang='grc' dir='ltr'>ἐπαύριον</span> <span class='ocrx_word' id='word_1_712' title='bbox 1565 5117 1831 5186; x_wconf 79' lang='grc' dir='ltr'>ἐξῆλθεν</span> <span class='ocrx_word' id='word_1_713' title='bbox 1866 5120 1901 5172; x_wconf 83' lang='grc' dir='ltr'><em>ὁ</em></span> 
     </span>
    </p>
   </div>
   <div class='ocr_carea' id='block_1_91' title="bbox 320 5201 1898 5275">
    <p class='ocr_par' dir='ltr' id='par_1_91' title="bbox 320 5201 1898 5275">
     <span class='ocr_line' id='line_1_92' title="bbox 320 5201 1898 5275; baseline -0.004 -15"><span class='ocrx_word' id='word_1_714' title='bbox 320 5205 565 5275; x_wconf 82' lang='grc' dir='ltr'>Ἰησοῦς</span> <span class='ocrx_word' id='word_1_715' title='bbox 606 5206 695 5269; x_wconf 73' lang='grc' dir='ltr'>εἰς</span> <span class='ocrx_word' id='word_1_716' title='bbox 743 5204 860 5273; x_wconf 80' lang='grc' dir='ltr'>τὴν</span> <span class='ocrx_word' id='word_1_717' title='bbox 906 5204 1269 5258; x_wconf 73' lang='grc' dir='ltr'>Γαλιλαίαν.</span> <span class='ocrx_word' id='word_1_718' title='bbox 1317 5203 1457 5273; x_wconf 77' lang='grc' dir='ltr'>Πρὶν</span> <span class='ocrx_word' id='word_1_719' title='bbox 1503 5201 1538 5272; x_wconf 85' lang='grc' dir='ltr'>ἢ</span> <span class='ocrx_word' id='word_1_720' title='bbox 1581 5201 1692 5273; x_wconf 75' lang='grc' dir='ltr'>γὰρ</span> <span class='ocrx_word' id='word_1_721' title='bbox 1747 5201 1898 5273; x_wconf 86' lang='grc' dir='ltr'>αὐτῷ</span> 
     </span>
    </p>
   </div>
   <div class='ocr_carea' id='block_1_92' title="bbox 307 5283 1900 5360">
    <p class='ocr_par' dir='ltr' id='par_1_92' title="bbox 307 5283 1900 5360">
     <span class='ocr_line' id='line_1_93' title="bbox 307 5283 1900 5360; baseline -0.004 -17"><span class='ocrx_word' id='word_1_722' title='bbox 307 5307 431 5343; x_wconf 87' lang='grc' dir='ltr'>τινα</span> <span class='ocrx_word' id='word_1_723' title='bbox 490 5288 855 5360; x_wconf 84' lang='grc' dir='ltr'>κολληθῆναι,</span> <span class='ocrx_word' id='word_1_724' title='bbox 918 5287 1109 5341; x_wconf 86' lang='grc' dir='ltr'>οὐδένα</span> <span class='ocrx_word' id='word_1_725' title='bbox 1174 5286 1351 5340; x_wconf 88' lang='grc' dir='ltr'>καλεῖ.</span> <span class='ocrx_word' id='word_1_726' title='bbox 1426 5286 1580 5339; x_wconf 84' lang='grc' dir='ltr'>Ποιεῖ</span> <span class='ocrx_word' id='word_1_727' title='bbox 1632 5284 1692 5337; x_wconf 83' lang='grc' dir='ltr'>δὲ</span> <span class='ocrx_word' id='word_1_728' title='bbox 1765 5283 1900 5338; x_wconf 78' lang='grc' dir='ltr'>αὐτὸ</span> 
     </span>
    </p>
   </div>
   <div class='ocr_carea' id='block_1_93' title="bbox 307 5367 1902 5443">
    <p class='ocr_par' dir='ltr' id='par_1_93' title="bbox 307 5367 1902 5443">
     <span class='ocr_line' id='line_1_94' title="bbox 307 5367 1902 5443; baseline -0.004 -17"><span class='ocrx_word' id='word_1_729' title='bbox 307 5375 407 5443; x_wconf 79' lang='grc' dir='ltr'>οὐχ</span> <span class='ocrx_word' id='word_1_730' title='bbox 467 5371 694 5437; x_wconf 79' lang='grc' dir='ltr'>ἁπλῶς,</span> <span class='ocrx_word' id='word_1_731' title='bbox 753 5371 890 5426; x_wconf 89' lang='grc' dir='ltr'>ἀλλά</span> <span class='ocrx_word' id='word_1_732' title='bbox 942 5370 1087 5425; x_wconf 82' lang='grc' dir='ltr'>κατὰ</span> <span class='ocrx_word' id='word_1_733' title='bbox 1158 5370 1260 5441; x_wconf 86' lang='grc' dir='ltr'>τὴν</span> <span class='ocrx_word' id='word_1_734' title='bbox 1312 5368 1479 5423; x_wconf 79' lang='grc' dir='ltr'>αὐτοῦ</span> <span class='ocrx_word' id='word_1_735' title='bbox 1536 5367 1731 5437; x_wconf 85' lang='grc' dir='ltr'>σοφίαν</span> <span class='ocrx_word' id='word_1_736' title='bbox 1805 5367 1902 5421; x_wconf 75' lang='grc' dir='ltr'>καὶ</span> 
     </span>
    </p>
   </div>
   <div class='ocr_carea' id='block_1_94' title="bbox 312 5450 1899 5526">
    <p class='ocr_par' dir='ltr' id='par_1_94' title="bbox 312 5450 1899 5526">
     <span class='ocr_line' id='line_1_95' title="bbox 312 5450 1899 5526; baseline -0.003 -19"><span class='ocrx_word' id='word_1_737' title='bbox 312 5456 552 5510; x_wconf 87' lang='grc' dir='ltr'>σύνεσιν.</span> <span class='ocrx_word' id='word_1_738' title='bbox 596 5456 664 5509; x_wconf 82' lang='grc' dir='ltr'><strong>Εἰ</strong></span> <span class='ocrx_word' id='word_1_739' title='bbox 708 5455 806 5525; x_wconf 81' lang='grc' dir='ltr'>μὲν</span> <span class='ocrx_word' id='word_1_740' title='bbox 860 5454 1005 5526; x_wconf 78' lang='grc' dir='ltr'>γὰρ,</span> <span class='ocrx_word' id='word_1_741' title='bbox 1044 5454 1272 5526; x_wconf 79' lang='grc' dir='ltr'>μηδενὸς</span> <span class='ocrx_word' id='word_1_742' title='bbox 1318 5453 1624 5523; x_wconf 79' lang='grc' dir='ltr'>αὐτομάτου</span> <span class='ocrx_word' id='word_1_743' title='bbox 1664 5450 1899 5522; x_wconf 86' lang='grc' dir='ltr'>προσελ-</span> 
     </span>
    </p>
   </div>
   <div class='ocr_carea' id='block_1_95' title="bbox 312 5533 1903 5606">
    <p class='ocr_par' dir='ltr' id='par_1_95' title="bbox 312 5533 1903 5606">
     <span class='ocr_line' id='line_1_96' title="bbox 312 5533 1903 5606; baseline -0.003 -14"><span class='ocrx_word' id='word_1_744' title='bbox 312 5538 497 5604; x_wconf 84' lang='grc' dir='ltr'>θόντος</span> <span class='ocrx_word' id='word_1_745' title='bbox 524 5581 541 5604; x_wconf 93' lang='grc'>,</span> <span class='ocrx_word' id='word_1_746' title='bbox 628 5538 795 5601; x_wconf 82' lang='grc' dir='ltr'>αὐτὸς</span> <span class='ocrx_word' id='word_1_747' title='bbox 864 5538 1063 5600; x_wconf 79' lang='grc' dir='ltr'>αὐτοὺς</span> <span class='ocrx_word' id='word_1_748' title='bbox 1132 5535 1532 5606; x_wconf 86' lang='grc' dir='ltr'>ἐφειλκύσατο,</span> <span class='ocrx_word' id='word_1_749' title='bbox 1612 5533 1718 5588; x_wconf 87' lang='grc' dir='ltr'>κᾶν</span> <span class='ocrx_word' id='word_1_750' title='bbox 1785 5533 1903 5587; x_wconf 84' lang='grc' dir='ltr'>ἀπ-</span> 
     </span>
    </p>
   </div>
   <div class='ocr_carea' id='block_1_96' title="bbox 311 5614 1891 5694">
    <p class='ocr_par' dir='ltr' id='par_1_96' title="bbox 311 5614 1891 5694">
     <span class='ocr_line' id='line_1_97' title="bbox 311 5614 1891 5694; baseline -0.004 -20"><span class='ocrx_word' id='word_1_751' title='bbox 311 5623 596 5694; x_wconf 83' lang='grc' dir='ltr'>επήδησαν</span> <span class='ocrx_word' id='word_1_752' title='bbox 627 5622 757 5686; x_wconf 80' lang='grc' dir='ltr'>ἴσως</span> <span class='ocrx_word' id='word_1_753' title='bbox 784 5635 799 5650; x_wconf 77' lang='grc'><strong><em>⁸</em></strong></span> <span class='ocrx_word' id='word_1_754' title='bbox 845 5620 940 5675; x_wconf 90' lang='grc' dir='ltr'>νῦν</span> <span class='ocrx_word' id='word_1_755' title='bbox 969 5620 1027 5673; x_wconf 81' lang='grc' dir='ltr'>δὲ</span> <span class='ocrx_word' id='word_1_756' title='bbox 1074 5621 1167 5690; x_wconf 78' lang='grc' dir='ltr'>ἀφ’</span> <span class='ocrx_word' id='word_1_757' title='bbox 1195 5618 1405 5674; x_wconf 86' lang='grc' dir='ltr'>ἐαυτῶν</span> <span class='ocrx_word' id='word_1_758' title='bbox 1437 5618 1684 5688; x_wconf 78' lang='grc' dir='ltr'>ἑλόμενοι</span> <span class='ocrx_word' id='word_1_759' title='bbox 1708 5614 1891 5683; x_wconf 89' lang='grc' dir='ltr'>τοῦτο,</span> 
     </span>
    </p>
   </div>
   <div class='ocr_carea' id='block_1_97' title="bbox 315 5701 1896 5777">
    <p class='ocr_par' dir='ltr' id='par_1_97' title="bbox 315 5701 1896 5777">
     <span class='ocr_line' id='line_1_98' title="bbox 315 5701 1896 5777; baseline -0.003 -20"><span class='ocrx_word' id='word_1_760' title='bbox 315 5704 525 5775; x_wconf 81' lang='grc' dir='ltr'>βέϐαιοι</span> <span class='ocrx_word' id='word_1_761' title='bbox 556 5706 744 5759; x_wconf 83' lang='grc' dir='ltr'>λοιπὸν</span> <span class='ocrx_word' id='word_1_762' title='bbox 775 5705 988 5777; x_wconf 80' lang='grc' dir='ltr'>έμενον.</span> <span class='ocrx_word' id='word_1_763' title='bbox 1016 5705 1119 5759; x_wconf 85' lang='grc' dir='ltr'>Τὸν</span> <span class='ocrx_word' id='word_1_764' title='bbox 1148 5705 1206 5759; x_wconf 78' lang='grc' dir='ltr'>δὲ</span> <span class='ocrx_word' id='word_1_765' title='bbox 1237 5704 1502 5757; x_wconf 83' lang='grc' dir='ltr'>Φίλιππον</span> <span class='ocrx_word' id='word_1_766' title='bbox 1542 5701 1720 5764; x_wconf 89' lang='grc' dir='ltr'>καλεῖ,</span> <span class='ocrx_word' id='word_1_767' title='bbox 1757 5701 1896 5770; x_wconf 82' lang='grc' dir='ltr'>μᾶλ-</span> 
     </span>
    </p>
   </div>
   <div class='ocr_carea' id='block_1_98' title="bbox 315 5784 1899 5867">
    <p class='ocr_par' dir='ltr' id='par_1_98' title="bbox 315 5784 1899 5867">
     <span class='ocr_line' id='line_1_99' title="bbox 315 5784 1899 5867; baseline -0.006 -23"><span class='ocrx_word' id='word_1_768' title='bbox 315 5788 403 5844; x_wconf 81' lang='grc' dir='ltr'>λον</span> <span class='ocrx_word' id='word_1_769' title='bbox 435 5790 586 5863; x_wconf 83' lang='grc' dir='ltr'>αὑτῷ</span> <span class='ocrx_word' id='word_1_770' title='bbox 633 5789 911 5867; x_wconf 77' lang='grc' dir='ltr'>γνώριμον</span> <span class='ocrx_word' id='word_1_771' title='bbox 943 5790 1091 5844; x_wconf 75' lang='grc' dir='ltr'>ὄντα·</span> <span class='ocrx_word' id='word_1_772' title='bbox 1136 5789 1230 5843; x_wconf 79' lang='grc' dir='ltr'>ᾶτε</span> <span class='ocrx_word' id='word_1_773' title='bbox 1263 5788 1374 5859; x_wconf 83' lang='grc' dir='ltr'>γάρ</span> <span class='ocrx_word' id='word_1_774' title='bbox 1416 5790 1474 5841; x_wconf 87' lang='grc' dir='ltr'>ἐν</span> <span class='ocrx_word' id='word_1_775' title='bbox 1522 5789 1589 5857; x_wconf 79' lang='grc' dir='ltr'>τῇ</span> <span class='ocrx_word' id='word_1_776' title='bbox 1636 5786 1675 5838; x_wconf 91' lang='grc' dir='ltr'><strong>Γ</strong></span> <span class='ocrx_word' id='word_1_777' title='bbox 1678 5784 1899 5855; x_wconf 73' lang='grc' dir='ltr'>αλιλαία</span> 
     </span>
    </p>
   </div>
   <div class='ocr_carea' id='block_1_99' title="bbox 376 5928 1898 6001">
    <p class='ocr_par' dir='ltr' id='par_1_99' title="bbox 376 5928 1898 6001">
     <span class='ocr_line' id='line_1_100' title="bbox 376 5928 1898 6001; baseline -0.009 -13"><span class='ocrx_word' id='word_1_778' title='bbox 376 5940 401 5967; x_wconf 80' lang='grc'><strong>⁸</strong></span> <span class='ocrx_word' id='word_1_779' title='bbox 448 5938 545 5988; x_wconf 72' lang='lat' dir='ltr'>Alii</span> <span class='ocrx_word' id='word_1_780' title='bbox 577 5938 709 6001; x_wconf 79' lang='grc' dir='ltr'>φησί.</span> <span class='ocrx_word' id='word_1_781' title='bbox 736 5939 882 6001; x_wconf 16' lang='grc' dir='ltr'>Καὶνό</span> <span class='ocrx_word' id='word_1_782' title='bbox 903 5936 1104 6001; x_wconf 84' lang='grc' dir='ltr'>Χριστὸς</span> <span class='ocrx_word' id='word_1_783' title='bbox 1140 5937 1314 6001; x_wconf 21' lang='grc' dir='ltr'>δέ,λὸτι</span> <span class='ocrx_word' id='word_1_784' title='bbox 1346 5934 1617 6001; x_wconf 24' lang='grc' dir='ltr'>Ὃᾳζητῶν.</span> <span class='ocrx_word' id='word_1_785' title='bbox 1747 5928 1898 6001; x_wconf 65' lang='grc' dir='ltr'>Ξανὶι,</span> 
     </span>
    </p>
   </div>
   <div class='ocr_carea' id='block_1_100' title="bbox 320 5996 1901 6060">
    <p class='ocr_par' dir='ltr' id='par_1_100' title="bbox 320 5996 1901 6060">
     <span class='ocr_line' id='line_1_101' title="bbox 320 5996 1901 6060; baseline -0.006 -10"><span class='ocrx_word' id='word_1_786' title='bbox 320 6007 371 6050; x_wconf 75' lang='grc' dir='ltr'>οι</span> <span class='ocrx_word' id='word_1_787' title='bbox 399 6001 539 6050; x_wconf 73' lang='lat' dir='ltr'><strong>codd.</strong></span> <span class='ocrx_word' id='word_1_788' title='bbox 562 5996 672 6060; x_wconf 66' lang='grc' dir='ltr'>τρε,</span> <span class='ocrx_word' id='word_1_789' title='bbox 696 6000 793 6049; x_wconf 86' lang='grc'>706</span> <span class='ocrx_word' id='word_1_790' title='bbox 818 6000 921 6047; x_wconf 83' lang='grc' dir='ltr'>ὅθεν</span> <span class='ocrx_word' id='word_1_791' title='bbox 943 5996 1053 6048; x_wconf 78' lang='grc' dir='ltr'>οὐδὲ</span> <span class='ocrx_word' id='word_1_792' title='bbox 1080 5999 1232 6048; x_wconf 76' lang='grc' dir='ltr'>ἔπεισί</span> <span class='ocrx_word' id='word_1_793' title='bbox 1278 6013 1375 6060; x_wconf 88' lang='grc' dir='ltr'>μοι.</span> <span class='ocrx_word' id='word_1_794' title='bbox 1425 5996 1599 6060; x_wconf 58' lang='lat' dir='ltr'>Morel,</span> <span class='ocrx_word' id='word_1_795' title='bbox 1638 5998 1804 6060; x_wconf 67' lang='lat' dir='ltr'>autem</span> <span class='ocrx_word' id='word_1_796' title='bbox 1849 5996 1901 6042; x_wconf 74' lang='lat' dir='ltr'>et</span> 
     </span>
    </p>
   </div>
   <div class='ocr_carea' id='block_1_101' title="bbox 317 6058 1835 6123">
    <p class='ocr_par' dir='ltr' id='par_1_101' title="bbox 317 6058 1835 6123">
     <span class='ocr_line' id='line_1_102' title="bbox 317 6058 1835 6123; baseline -0.006 -12"><span class='ocrx_word' id='word_1_797' title='bbox 317 6064 511 6123; x_wconf 77' lang='lat' dir='ltr'><strong>plurimi</strong></span> <span class='ocrx_word' id='word_1_798' title='bbox 547 6058 665 6114; x_wconf 54' lang='lat' dir='ltr'>mss;</span> <span class='ocrx_word' id='word_1_799' title='bbox 689 6064 793 6112; x_wconf 79' lang='grc' dir='ltr'>ὅθεν</span> <span class='ocrx_word' id='word_1_800' title='bbox 817 6062 898 6111; x_wconf 81' lang='grc' dir='ltr'>καὶ</span> <span class='ocrx_word' id='word_1_801' title='bbox 922 6063 1091 6123; x_wconf 79' lang='grc' dir='ltr'>ἔπεισι,</span> <span class='ocrx_word' id='word_1_802' title='bbox 1135 6058 1292 6123; x_wconf 66' lang='lat' dir='ltr'><strong>recte,</strong></span> <span class='ocrx_word' id='word_1_803' title='bbox 1338 6066 1393 6109; x_wconf 78' lang='lat' dir='ltr'>ut</span> <span class='ocrx_word' id='word_1_804' title='bbox 1418 6071 1480 6108; x_wconf 85' lang='lat' dir='ltr'>ex</span> <span class='ocrx_word' id='word_1_805' title='bbox 1506 6059 1635 6109; x_wconf 84' lang='lat' dir='ltr'>serie</span> <span class='ocrx_word' id='word_1_806' title='bbox 1661 6058 1835 6118; x_wconf 73' lang='lat' dir='ltr'>liquet.</span> 
     </span>
    </p>
   </div>
   <div class='ocr_carea' id='block_1_102' title="bbox 1996 3615 3579 3690">
    <p class='ocr_par' dir='ltr' id='par_1_102' title="bbox 1996 3615 3579 3690">
     <span class='ocr_line' id='line_1_103' title="bbox 1996 3615 3579 3690; baseline 0.006 -22"><span class='ocrx_word' id='word_1_807' title='bbox 1996 3615 2277 3685; x_wconf 72' lang='grc' dir='ltr'>γεννηθεὶς</span> <span class='ocrx_word' id='word_1_808' title='bbox 2302 3618 2395 3671; x_wconf 75' lang='grc' dir='ltr'>καὶ</span> <span class='ocrx_word' id='word_1_809' title='bbox 2409 3619 2655 3690; x_wconf 75' lang='grc' dir='ltr'>τραφεὶς,</span> <span class='ocrx_word' id='word_1_810' title='bbox 2688 3618 2888 3690; x_wconf 76' lang='grc' dir='ltr'>μᾶλλον</span> <span class='ocrx_word' id='word_1_811' title='bbox 2907 3618 3071 3673; x_wconf 83' lang='grc' dir='ltr'>αὐτὸν</span> <span class='ocrx_word' id='word_1_812' title='bbox 3088 3618 3445 3688; x_wconf 80' lang='grc' dir='ltr'>ἐπεγίνωσκε.</span> <span class='ocrx_word' id='word_1_813' title='bbox 3464 3623 3579 3677; x_wconf 87' lang='grc' dir='ltr'>Λα-</span> 
     </span>
    </p>
   </div>
   <div class='ocr_carea' id='block_1_103' title="bbox 1997 3700 3581 3781">
    <p class='ocr_par' dir='ltr' id='par_1_103' title="bbox 1997 3700 3581 3781">
     <span class='ocr_line' id='line_1_104' title="bbox 1997 3700 3581 3781; baseline 0.006 -29"><span class='ocrx_word' id='word_1_814' title='bbox 1997 3700 2107 3753; x_wconf 88' lang='grc' dir='ltr'>ϐὼν</span> <span class='ocrx_word' id='word_1_815' title='bbox 2136 3701 2317 3754; x_wconf 81' lang='grc' dir='ltr'>τοίνυν</span> <span class='ocrx_word' id='word_1_816' title='bbox 2352 3704 2480 3765; x_wconf 83' lang='grc' dir='ltr'>τοὺς</span> <span class='ocrx_word' id='word_1_817' title='bbox 2515 3705 2764 3776; x_wconf 85' lang='grc' dir='ltr'>μαθητὰς</span> <span class='ocrx_word' id='word_1_818' title='bbox 2788 3744 2804 3767; x_wconf 95' lang='grc'>,</span> <span class='ocrx_word' id='word_1_819' title='bbox 2858 3704 3076 3775; x_wconf 81' lang='grc' dir='ltr'>ἔρχεται</span> <span class='ocrx_word' id='word_1_820' title='bbox 3120 3703 3306 3759; x_wconf 80' lang='grc' dir='ltr'>λοιπὸν</span> <span class='ocrx_word' id='word_1_821' title='bbox 3351 3707 3447 3761; x_wconf 76' lang='grc' dir='ltr'>ἐπὶ</span> <span class='ocrx_word' id='word_1_822' title='bbox 3480 3707 3581 3781; x_wconf 82' lang='grc' dir='ltr'>τὴν</span> 
     </span>
    </p>
   </div>
   <div class='ocr_carea' id='block_1_104' title="bbox 1996 3786 3580 3855">
    <p class='ocr_par' dir='ltr' id='par_1_104' title="bbox 1996 3786 3580 3855">
     <span class='ocr_line' id='line_1_105' title="bbox 1996 3786 3580 3855; baseline 0.004 -16"><span class='ocrx_word' id='word_1_823' title='bbox 1996 3787 2173 3855; x_wconf 83' lang='grc' dir='ltr'>ἄγραν</span> <span class='ocrx_word' id='word_1_824' title='bbox 2209 3786 2318 3841; x_wconf 88' lang='grc' dir='ltr'>τῶν</span> <span class='ocrx_word' id='word_1_825' title='bbox 2354 3786 2579 3849; x_wconf 88' lang='grc' dir='ltr'>λοιπῶν,</span> <span class='ocrx_word' id='word_1_826' title='bbox 2621 3790 2719 3841; x_wconf 73' lang='grc' dir='ltr'>καὶ</span> <span class='ocrx_word' id='word_1_827' title='bbox 2744 3787 2837 3842; x_wconf 69' lang='grc' dir='ltr'>τὸν</span> <span class='ocrx_word' id='word_1_828' title='bbox 2862 3789 3132 3843; x_wconf 86' lang='grc' dir='ltr'>Φίλιππον</span> <span class='ocrx_word' id='word_1_829' title='bbox 3157 3790 3252 3843; x_wconf 79' lang='grc' dir='ltr'>καὶ</span> <span class='ocrx_word' id='word_1_830' title='bbox 3278 3790 3369 3843; x_wconf 85' lang='grc' dir='ltr'>τὸν</span> <span class='ocrx_word' id='word_1_831' title='bbox 3398 3793 3580 3848; x_wconf 88' lang='grc' dir='ltr'>Ναθα-</span> 
     </span>
    </p>
   </div>
   <div class='ocr_carea' id='block_1_105' title="bbox 1997 3870 3582 3945">
    <p class='ocr_par' dir='ltr' id='par_1_105' title="bbox 1997 3870 3582 3945">
     <span class='ocr_line' id='line_1_106' title="bbox 1997 3870 3582 3945; baseline 0.005 -23"><span class='ocrx_word' id='word_1_832' title='bbox 1997 3870 2134 3941; x_wconf 81' lang='grc' dir='ltr'>ναὴλ</span> <span class='ocrx_word' id='word_1_833' title='bbox 2160 3871 2483 3925; x_wconf 81' lang='grc' dir='ltr'>ἐπισπᾶται.</span> <span class='ocrx_word' id='word_1_834' title='bbox 2533 3870 2674 3925; x_wconf 86' lang='grc' dir='ltr'>Ἀλλ’</span> <span class='ocrx_word' id='word_1_835' title='bbox 2714 3873 2807 3926; x_wconf 76' lang='grc' dir='ltr'>ἐπὶ</span> <span class='ocrx_word' id='word_1_836' title='bbox 2836 3872 2940 3944; x_wconf 85' lang='grc' dir='ltr'>μὲν</span> <span class='ocrx_word' id='word_1_837' title='bbox 2971 3872 3164 3926; x_wconf 77' lang='grc' dir='ltr'>τούτου</span> <span class='ocrx_word' id='word_1_838' title='bbox 3202 3874 3301 3927; x_wconf 80' lang='grc' dir='ltr'>οὐκ</span> <span class='ocrx_word' id='word_1_839' title='bbox 3330 3870 3399 3945; x_wconf 77' lang='grc' dir='ltr'>ἦν</span> <span class='ocrx_word' id='word_1_840' title='bbox 3436 3876 3582 3930; x_wconf 79' lang='grc' dir='ltr'>οὓτω</span> 
     </span>
    </p>
   </div>
   <div class='ocr_carea' id='block_1_106' title="bbox 1998 3955 3582 4031">
    <p class='ocr_par' dir='ltr' id='par_1_106' title="bbox 1998 3955 3582 4031">
     <span class='ocr_line' id='line_1_107' title="bbox 1998 3955 3582 4031; baseline 0.004 -22"><span class='ocrx_word' id='word_1_841' title='bbox 1998 3955 2329 4027; x_wconf 82' lang='grc' dir='ltr'>θαυμαστὸν,</span> <span class='ocrx_word' id='word_1_842' title='bbox 2361 3957 2444 4010; x_wconf 82' lang='grc' dir='ltr'>ὅτι</span> <span class='ocrx_word' id='word_1_843' title='bbox 2474 3957 2568 4010; x_wconf 75' lang='grc' dir='ltr'>καὶ</span> <span class='ocrx_word' id='word_1_844' title='bbox 2592 3958 2627 4028; x_wconf 87' lang='grc' dir='ltr'><strong>ἡ</strong></span> <span class='ocrx_word' id='word_1_845' title='bbox 2650 3958 2787 4027; x_wconf 84' lang='grc' dir='ltr'>ἀκοὴ</span> <span class='ocrx_word' id='word_1_846' title='bbox 2808 3956 2905 4011; x_wconf 88' lang='grc' dir='ltr'>τοῦ</span> <span class='ocrx_word' id='word_1_847' title='bbox 2938 3958 3121 4028; x_wconf 85' lang='grc' dir='ltr'>Ἰησοῦ</span> <span class='ocrx_word' id='word_1_848' title='bbox 3144 3959 3477 4031; x_wconf 85' lang='grc' dir='ltr'>ἀπεληλύθει</span> <span class='ocrx_word' id='word_1_849' title='bbox 3501 3964 3582 4025; x_wconf 82' lang='grc' dir='ltr'>είς</span> 
     </span>
    </p>
   </div>
   <div class='ocr_carea' id='block_1_107' title="bbox 1994 4039 3583 4115">
    <p class='ocr_par' dir='ltr' id='par_1_107' title="bbox 1994 4039 3583 4115">
     <span class='ocr_line' id='line_1_108' title="bbox 1994 4039 3583 4115; baseline 0.003 -22"><span class='ocrx_word' id='word_1_850' title='bbox 1994 4039 2095 4110; x_wconf 81' lang='grc' dir='ltr'>τὴν</span> <span class='ocrx_word' id='word_1_851' title='bbox 2129 4040 2330 4111; x_wconf 82' lang='grc' dir='ltr'>Συρίαν</span> <span class='ocrx_word' id='word_1_852' title='bbox 2359 4041 2598 4095; x_wconf 76' lang='grc' dir='ltr'>ἃπασανο</span> <span class='ocrx_word' id='word_1_853' title='bbox 2646 4040 2708 4093; x_wconf 75' lang='grc' dir='ltr'>τὸ</span> <span class='ocrx_word' id='word_1_854' title='bbox 2744 4042 2803 4094; x_wconf 87' lang='grc' dir='ltr'>δέ</span> <span class='ocrx_word' id='word_1_855' title='bbox 2834 4041 3171 4112; x_wconf 81' lang='grc' dir='ltr'>θαυμαστὸν,</span> <span class='ocrx_word' id='word_1_856' title='bbox 3210 4044 3273 4096; x_wconf 82' lang='grc' dir='ltr'>τὸ</span> <span class='ocrx_word' id='word_1_857' title='bbox 3314 4045 3423 4097; x_wconf 89' lang='grc' dir='ltr'>τῶν</span> <span class='ocrx_word' id='word_1_858' title='bbox 3453 4047 3583 4115; x_wconf 71' lang='grc' dir='ltr'>περὶ</span> 
     </span>
    </p>
   </div>
   <div class='ocr_carea' id='block_1_108' title="bbox 1997 4120 3583 4198">
    <p class='ocr_par' dir='ltr' id='par_1_108' title="bbox 1997 4120 3583 4198">
     <span class='ocr_line' id='line_1_109' title="bbox 1997 4120 3583 4198; baseline 0.004 -23"><span class='ocrx_word' id='word_1_859' title='bbox 1997 4122 2204 4193; x_wconf 87' lang='grc' dir='ltr'>Πέτρον</span> <span class='ocrx_word' id='word_1_860' title='bbox 2229 4134 2250 4162; x_wconf 81' lang='grc' dir='ltr'><strong>ο</strong></span> <span class='ocrx_word' id='word_1_861' title='bbox 2279 4122 2372 4178; x_wconf 77' lang='grc' dir='ltr'>καὶ</span> <span class='ocrx_word' id='word_1_862' title='bbox 2407 4123 2664 4178; x_wconf 85' lang='grc' dir='ltr'>Ἰάκωϐον</span> <span class='ocrx_word' id='word_1_863' title='bbox 2686 4123 2779 4177; x_wconf 80' lang='grc' dir='ltr'>καὶ</span> <span class='ocrx_word' id='word_1_864' title='bbox 2796 4124 3062 4179; x_wconf 83' lang='grc' dir='ltr'>Φίλιππον</span> <span class='ocrx_word' id='word_1_865' title='bbox 3079 4120 3278 4197; x_wconf 81' lang='grc' dir='ltr'>ἦν,ούχ</span> <span class='ocrx_word' id='word_1_866' title='bbox 3305 4127 3389 4180; x_wconf 82' lang='grc' dir='ltr'>ὅτι</span> <span class='ocrx_word' id='word_1_867' title='bbox 3418 4128 3583 4198; x_wconf 90' lang='grc' dir='ltr'>μόνον</span> 
     </span>
    </p>
   </div>
   <div class='ocr_carea' id='block_1_109' title="bbox 1997 4204 3582 4282">
    <p class='ocr_par' dir='ltr' id='par_1_109' title="bbox 1997 4204 3582 4282">
     <span class='ocr_line' id='line_1_110' title="bbox 1997 4204 3582 4282; baseline 0.005 -25"><span class='ocrx_word' id='word_1_868' title='bbox 1997 4205 2105 4277; x_wconf 87' lang='grc' dir='ltr'>πρὸ</span> <span class='ocrx_word' id='word_1_869' title='bbox 2150 4204 2261 4259; x_wconf 85' lang='grc' dir='ltr'>τῶν</span> <span class='ocrx_word' id='word_1_870' title='bbox 2307 4205 2550 4276; x_wconf 88' lang='grc' dir='ltr'>σημείων</span> <span class='ocrx_word' id='word_1_871' title='bbox 2581 4207 2935 4277; x_wconf 82' lang='grc' dir='ltr'>ἐπείσθησαν,</span> <span class='ocrx_word' id='word_1_872' title='bbox 2982 4208 3096 4261; x_wconf 85' lang='grc' dir='ltr'>ἀλλ’</span> <span class='ocrx_word' id='word_1_873' title='bbox 3128 4210 3209 4261; x_wconf 82' lang='grc' dir='ltr'>ὅτι</span> <span class='ocrx_word' id='word_1_874' title='bbox 3248 4210 3343 4262; x_wconf 72' lang='grc' dir='ltr'>καὶ</span> <span class='ocrx_word' id='word_1_875' title='bbox 3388 4212 3453 4264; x_wconf 82' lang='grc' dir='ltr'>ἐκ</span> <span class='ocrx_word' id='word_1_876' title='bbox 3482 4212 3582 4282; x_wconf 82' lang='grc' dir='ltr'>τῆς</span> 
     </span>
    </p>
   </div>
   <div class='ocr_carea' id='block_1_110' title="bbox 1998 4288 3583 4365">
    <p class='ocr_par' dir='ltr' id='par_1_110' title="bbox 1998 4288 3583 4365">
     <span class='ocr_line' id='line_1_111' title="bbox 1998 4288 3583 4365; baseline 0.005 -23"><span class='ocrx_word' id='word_1_877' title='bbox 1998 4288 2287 4354; x_wconf 88' lang='grc' dir='ltr'>Γαλιλαίας</span> <span class='ocrx_word' id='word_1_878' title='bbox 2312 4289 2487 4357; x_wconf 82' lang='grc' dir='ltr'>ὅντες,</span> <span class='ocrx_word' id='word_1_879' title='bbox 2522 4291 2645 4344; x_wconf 86' lang='grc' dir='ltr'>ὅθεν</span> <span class='ocrx_word' id='word_1_880' title='bbox 2674 4291 2795 4345; x_wconf 87' lang='grc' dir='ltr'>ούδέ</span> <span class='ocrx_word' id='word_1_881' title='bbox 2829 4293 3114 4364; x_wconf 85' lang='grc' dir='ltr'>προφήτης</span> <span class='ocrx_word' id='word_1_882' title='bbox 3146 4294 3440 4365; x_wconf 86' lang='grc' dir='ltr'>ἐγείρεται,</span> <span class='ocrx_word' id='word_1_883' title='bbox 3462 4297 3583 4351; x_wconf 83' lang='grc' dir='ltr'>ούδέ</span> 
     </span>
    </p>
   </div>
   <div class='ocr_carea' id='block_1_111' title="bbox 1998 4370 3583 4450">
    <p class='ocr_par' dir='ltr' id='par_1_111' title="bbox 1998 4370 3583 4450">
     <span class='ocr_line' id='line_1_112' title="bbox 1998 4370 3583 4450; baseline 0.004 -24"><span class='ocrx_word' id='word_1_884' title='bbox 1998 4371 2221 4427; x_wconf 86' lang='grc' dir='ltr'>δύναταί</span> <span class='ocrx_word' id='word_1_885' title='bbox 2243 4390 2298 4426; x_wconf 89' lang='grc' dir='ltr'>τι</span> <span class='ocrx_word' id='word_1_886' title='bbox 2323 4374 2527 4437; x_wconf 84' lang='grc' dir='ltr'>ἀγαθὸν</span> <span class='ocrx_word' id='word_1_887' title='bbox 2555 4370 2716 4428; x_wconf 73' lang='grc' dir='ltr'>εἶναι.</span> <span class='ocrx_word' id='word_1_888' title='bbox 2760 4374 3169 4447; x_wconf 82' lang='grc' dir='ltr'>Ἀγροικότερον</span> <span class='ocrx_word' id='word_1_889' title='bbox 3195 4378 3304 4450; x_wconf 85' lang='grc' dir='ltr'>γάρ</span> <span class='ocrx_word' id='word_1_890' title='bbox 3334 4396 3451 4441; x_wconf 89' lang='grc' dir='ltr'>πως</span> <span class='ocrx_word' id='word_1_891' title='bbox 3487 4383 3583 4433; x_wconf 74' lang='grc' dir='ltr'>καὶ</span> 
     </span>
    </p>
   </div>
   <div class='ocr_carea' id='block_1_112' title="bbox 1999 4456 3586 4531">
    <p class='ocr_par' dir='ltr' id='par_1_112' title="bbox 1999 4456 3586 4531">
     <span class='ocr_line' id='line_1_113' title="bbox 1999 4456 3586 4531; baseline 0.004 -20"><span class='ocrx_word' id='word_1_892' title='bbox 1999 4457 2338 4531; x_wconf 85' lang='grc' dir='ltr'>ἀγριώτερον</span> <span class='ocrx_word' id='word_1_893' title='bbox 2383 4458 2480 4513; x_wconf 76' lang='grc' dir='ltr'>καὶ</span> <span class='ocrx_word' id='word_1_894' title='bbox 2525 4458 2834 4531; x_wconf 90' lang='grc' dir='ltr'>παχύτερον</span> <span class='ocrx_word' id='word_1_895' title='bbox 2889 4456 3034 4513; x_wconf 77' lang='grc' dir='ltr'>οῦτοι</span> <span class='ocrx_word' id='word_1_896' title='bbox 3088 4461 3374 4518; x_wconf 86' lang='grc' dir='ltr'>διέκειντο.</span> <span class='ocrx_word' id='word_1_897' title='bbox 3428 4462 3488 4517; x_wconf 81' lang='grc' dir='ltr'><strong>Ὀ</strong></span> <span class='ocrx_word' id='word_1_898' title='bbox 3527 4465 3586 4518; x_wconf 79' lang='grc' dir='ltr'>δέ</span> 
     </span>
    </p>
   </div>
   <div class='ocr_carea' id='block_1_113' title="bbox 1999 4542 3583 4618">
    <p class='ocr_par' dir='ltr' id='par_1_113' title="bbox 1999 4542 3583 4618">
     <span class='ocr_line' id='line_1_114' title="bbox 1999 4542 3583 4618; baseline 0.002 -22"><span class='ocrx_word' id='word_1_899' title='bbox 1999 4542 2234 4614; x_wconf 86' lang='grc' dir='ltr'>Χριστὸς</span> <span class='ocrx_word' id='word_1_900' title='bbox 2254 4542 2547 4596; x_wconf 85' lang='grc' dir='ltr'>κάντεῦθεν</span> <span class='ocrx_word' id='word_1_901' title='bbox 2562 4544 2726 4596; x_wconf 85' lang='grc' dir='ltr'>αὐτοῦ</span> <span class='ocrx_word' id='word_1_902' title='bbox 2739 4543 2836 4615; x_wconf 81' lang='grc' dir='ltr'>τὴν</span> <span class='ocrx_word' id='word_1_903' title='bbox 2856 4546 3008 4615; x_wconf 78' lang='grc' dir='ltr'>ἰσχὺν</span> <span class='ocrx_word' id='word_1_904' title='bbox 3026 4546 3303 4615; x_wconf 87' lang='grc' dir='ltr'>ἐνέφηνεν,</span> <span class='ocrx_word' id='word_1_905' title='bbox 3321 4547 3429 4600; x_wconf 65' lang='grc' dir='ltr'>ἀπὸ</span> <span class='ocrx_word' id='word_1_906' title='bbox 3442 4547 3539 4618; x_wconf 79' lang='grc' dir='ltr'>τῆς</span> <span class='ocrx_word' id='word_1_907' title='bbox 3554 4548 3583 4587; x_wconf 71' lang='grc' dir='ltr'>ἀ</span> 
     </span>
    </p>
   </div>
   <div class='ocr_carea' id='block_1_114' title="bbox 2000 4626 3587 4700">
    <p class='ocr_par' dir='ltr' id='par_1_114' title="bbox 2000 4626 3587 4700">
     <span class='ocr_line' id='line_1_115' title="bbox 2000 4626 3587 4700; baseline 0.003 -19"><span class='ocrx_word' id='word_1_908' title='bbox 2000 4626 2192 4681; x_wconf 73' lang='grc' dir='ltr'>οὐδένα</span> <span class='ocrx_word' id='word_1_909' title='bbox 2235 4626 2506 4696; x_wconf 83' lang='grc' dir='ltr'>φερούσης</span> <span class='ocrx_word' id='word_1_910' title='bbox 2534 4626 2747 4697; x_wconf 79' lang='grc' dir='ltr'>καρπὸν</span> <span class='ocrx_word' id='word_1_911' title='bbox 2779 4627 2886 4698; x_wconf 81' lang='grc' dir='ltr'>γῆς</span> <span class='ocrx_word' id='word_1_912' title='bbox 2909 4628 3037 4692; x_wconf 75' lang='grc' dir='ltr'>τοὺς</span> <span class='ocrx_word' id='word_1_913' title='bbox 3060 4628 3169 4683; x_wconf 88' lang='grc' dir='ltr'>τῶν</span> <span class='ocrx_word' id='word_1_914' title='bbox 3198 4629 3457 4700; x_wconf 81' lang='grc' dir='ltr'>μαθητῶν</span> <span class='ocrx_word' id='word_1_915' title='bbox 3490 4634 3587 4686; x_wconf 82' lang='grc' dir='ltr'>ἐκ·</span> 
     </span>
    </p>
   </div>
   <div class='ocr_carea' id='block_1_115' title="bbox 2000 4707 3590 4782">
    <p class='ocr_par' dir='ltr' id='par_1_115' title="bbox 2000 4707 3590 4782">
     <span class='ocr_line' id='line_1_116' title="bbox 2000 4707 3590 4782; baseline 0.004 -16"><span class='ocrx_word' id='word_1_916' title='bbox 2000 4712 2224 4782; x_wconf 86' lang='grc' dir='ltr'>κρίτους</span> <span class='ocrx_word' id='word_1_917' title='bbox 2259 4710 2519 4779; x_wconf 89' lang='grc' dir='ltr'>ἐκλέγων.</span> <span class='ocrx_word' id='word_1_918' title='bbox 2555 4710 2717 4775; x_wconf 77' lang='grc' dir='ltr'>Εἰκὸς</span> <span class='ocrx_word' id='word_1_919' title='bbox 2770 4711 2872 4782; x_wconf 84' lang='grc' dir='ltr'>μὲν</span> <span class='ocrx_word' id='word_1_920' title='bbox 2917 4707 3010 4766; x_wconf 80' lang='grc' dir='ltr'>οῦν</span> <span class='ocrx_word' id='word_1_921' title='bbox 3057 4712 3148 4766; x_wconf 74' lang='grc' dir='ltr'>τὸν</span> <span class='ocrx_word' id='word_1_922' title='bbox 3180 4714 3445 4770; x_wconf 70' lang='grc' dir='ltr'>Φίλιππον</span> <span class='ocrx_word' id='word_1_923' title='bbox 3492 4717 3590 4772; x_wconf 77' lang='grc' dir='ltr'>καὶ</span> 
     </span>
    </p>
   </div>
   <div class='ocr_carea' id='block_1_116' title="bbox 2000 4795 3587 4869">
    <p class='ocr_par' dir='ltr' id='par_1_116' title="bbox 2000 4795 3587 4869">
     <span class='ocr_line' id='line_1_117' title="bbox 2000 4795 3587 4869; baseline 0.004 -20"><span class='ocrx_word' id='word_1_924' title='bbox 2000 4798 2128 4860; x_wconf 85' lang='grc' dir='ltr'>τοὺς</span> <span class='ocrx_word' id='word_1_925' title='bbox 2154 4796 2283 4867; x_wconf 78' lang='grc' dir='ltr'>περὶ</span> <span class='ocrx_word' id='word_1_926' title='bbox 2302 4796 2508 4867; x_wconf 87' lang='grc' dir='ltr'>Πέτρον</span> <span class='ocrx_word' id='word_1_927' title='bbox 2528 4795 2727 4860; x_wconf 83' lang='grc' dir='ltr'>ἰδόντα,</span> <span class='ocrx_word' id='word_1_928' title='bbox 2752 4795 2849 4849; x_wconf 76' lang='grc' dir='ltr'>καὶ</span> <span class='ocrx_word' id='word_1_929' title='bbox 2874 4797 3026 4869; x_wconf 88' lang='grc' dir='ltr'>παρά</span> <span class='ocrx_word' id='word_1_930' title='bbox 3050 4797 3147 4852; x_wconf 86' lang='grc' dir='ltr'>τοῦ</span> <span class='ocrx_word' id='word_1_931' title='bbox 3177 4798 3424 4854; x_wconf 83' lang='grc' dir='ltr'>Ἰωάννου</span> <span class='ocrx_word' id='word_1_932' title='bbox 3445 4802 3587 4867; x_wconf 86' lang='grc' dir='ltr'>ἀκη-</span> 
     </span>
    </p>
   </div>
   <div class='ocr_carea' id='block_1_117' title="bbox 2002 4879 3589 4958">
    <p class='ocr_par' dir='ltr' id='par_1_117' title="bbox 2002 4879 3589 4958">
     <span class='ocr_line' id='line_1_118' title="bbox 2002 4879 3589 4958; baseline 0.003 -22"><span class='ocrx_word' id='word_1_933' title='bbox 2002 4882 2185 4949; x_wconf 89' lang='grc' dir='ltr'>κοότα,</span> <span class='ocrx_word' id='word_1_934' title='bbox 2238 4879 2623 4951; x_wconf 74' lang='grc' dir='ltr'>ἀκολουθῆσαιο</span> <span class='ocrx_word' id='word_1_935' title='bbox 2676 4880 2824 4944; x_wconf 83' lang='grc' dir='ltr'>είκὸς</span> <span class='ocrx_word' id='word_1_936' title='bbox 2856 4880 2915 4935; x_wconf 86' lang='grc' dir='ltr'>δέ</span> <span class='ocrx_word' id='word_1_937' title='bbox 2965 4882 3059 4936; x_wconf 74' lang='grc' dir='ltr'>καὶ</span> <span class='ocrx_word' id='word_1_938' title='bbox 3112 4885 3213 4955; x_wconf 81' lang='grc' dir='ltr'>τὴν</span> <span class='ocrx_word' id='word_1_939' title='bbox 3270 4885 3454 4958; x_wconf 84' lang='grc' dir='ltr'>φωνὴν</span> <span class='ocrx_word' id='word_1_940' title='bbox 3488 4886 3589 4941; x_wconf 87' lang='grc' dir='ltr'>τοῦ</span> 
     </span>
    </p>
   </div>
   <div class='ocr_carea' id='block_1_118' title="bbox 2000 4963 3589 5043">
    <p class='ocr_par' dir='ltr' id='par_1_118' title="bbox 2000 4963 3589 5043">
     <span class='ocr_line' id='line_1_119' title="bbox 2000 4963 3589 5043; baseline 0.004 -24"><span class='ocrx_word' id='word_1_941' title='bbox 2000 4964 2239 5037; x_wconf 88' lang='grc' dir='ltr'>Χριστοῦ</span> <span class='ocrx_word' id='word_1_942' title='bbox 2260 4963 2599 5037; x_wconf 86' lang='grc' dir='ltr'>ἐργάσασθαί</span> <span class='ocrx_word' id='word_1_943' title='bbox 2636 4981 2689 5017; x_wconf 86' lang='grc' dir='ltr'>τι</span> <span class='ocrx_word' id='word_1_944' title='bbox 2717 4966 2775 5018; x_wconf 86' lang='grc' dir='ltr'>ἐν</span> <span class='ocrx_word' id='word_1_945' title='bbox 2801 4965 2970 5037; x_wconf 81' lang='grc' dir='ltr'>αὐτῷ.</span> <span class='ocrx_word' id='word_1_946' title='bbox 3016 4965 3137 5023; x_wconf 85' lang='grc' dir='ltr'>Οῐδε</span> <span class='ocrx_word' id='word_1_947' title='bbox 3165 4970 3275 5042; x_wconf 78' lang='grc' dir='ltr'>γὰρ</span> <span class='ocrx_word' id='word_1_948' title='bbox 3298 4972 3427 5036; x_wconf 83' lang='grc' dir='ltr'>τοὺς</span> <span class='ocrx_word' id='word_1_949' title='bbox 3459 4971 3589 5043; x_wconf 78' lang='grc' dir='ltr'>μέλ-</span> 
     </span>
    </p>
   </div>
   <div class='ocr_carea' id='block_1_119' title="bbox 2000 5046 3589 5124">
    <p class='ocr_par' dir='ltr' id='par_1_119' title="bbox 2000 5046 3589 5124">
     <span class='ocr_line' id='line_1_120' title="bbox 2000 5046 3589 5124; baseline 0.005 -24"><span class='ocrx_word' id='word_1_950' title='bbox 2000 5047 2191 5112; x_wconf 88' lang='grc' dir='ltr'>λοντας</span> <span class='ocrx_word' id='word_1_951' title='bbox 2212 5046 2431 5101; x_wconf 74' lang='grc' dir='ltr'>ἔσεσθαι</span> <span class='ocrx_word' id='word_1_952' title='bbox 2455 5047 2815 5118; x_wconf 88' lang='grc' dir='ltr'>ἐπιτηδείους.</span> <span class='ocrx_word' id='word_1_953' title='bbox 2846 5050 2905 5103; x_wconf 84' lang='grc' dir='ltr'><strong>Ὀ</strong></span> <span class='ocrx_word' id='word_1_954' title='bbox 2923 5051 2979 5103; x_wconf 83' lang='grc' dir='ltr'>δὲ</span> <span class='ocrx_word' id='word_1_955' title='bbox 3002 5052 3394 5124; x_wconf 83' lang='grc' dir='ltr'>εὐαγγελιστὴς</span> <span class='ocrx_word' id='word_1_956' title='bbox 3415 5055 3589 5108; x_wconf 71' lang='grc' dir='ltr'>ἆπανα</span> 
     </span>
    </p>
   </div>
   <div class='ocr_carea' id='block_1_120' title="bbox 2000 5130 3586 5210">
    <p class='ocr_par' dir='ltr' id='par_1_120' title="bbox 2000 5130 3586 5210">
     <span class='ocr_line' id='line_1_121' title="bbox 2000 5130 3586 5210; baseline 0.004 -25"><span class='ocrx_word' id='word_1_957' title='bbox 2000 5147 2071 5185; x_wconf 90' lang='grc' dir='ltr'>τα</span> <span class='ocrx_word' id='word_1_958' title='bbox 2102 5131 2451 5202; x_wconf 79' lang='grc' dir='ltr'>ἐπιτέμνεται</span> <span class='ocrx_word' id='word_1_959' title='bbox 2486 5130 2682 5185; x_wconf 90' lang='grc' dir='ltr'>ταῦτα.</span> <span class='ocrx_word' id='word_1_960' title='bbox 2721 5131 2841 5186; x_wconf 83' lang='grc' dir='ltr'>’Ὁτι</span> <span class='ocrx_word' id='word_1_961' title='bbox 2867 5134 2966 5205; x_wconf 75' lang='grc' dir='ltr'>μὲν</span> <span class='ocrx_word' id='word_1_962' title='bbox 2991 5132 3083 5189; x_wconf 84' lang='grc' dir='ltr'>οῦν</span> <span class='ocrx_word' id='word_1_963' title='bbox 3110 5138 3139 5189; x_wconf 87' lang='lat'>6</span> <span class='ocrx_word' id='word_1_964' title='bbox 3168 5139 3403 5210; x_wconf 80' lang='grc' dir='ltr'>Χριστὸς</span> <span class='ocrx_word' id='word_1_965' title='bbox 3427 5138 3586 5206; x_wconf 76' lang='grc' dir='ltr'>ἐμελ-</span> 
     </span>
    </p>
   </div>
   <div class='ocr_carea' id='block_1_121' title="bbox 2001 5212 3590 5294">
    <p class='ocr_par' dir='ltr' id='par_1_121' title="bbox 2001 5212 3590 5294">
     <span class='ocr_line' id='line_1_122' title="bbox 2001 5212 3590 5294; baseline 0.005 -26"><span class='ocrx_word' id='word_1_966' title='bbox 2001 5214 2093 5268; x_wconf 92' lang='grc' dir='ltr'>λεν</span> <span class='ocrx_word' id='word_1_967' title='bbox 2121 5215 2294 5285; x_wconf 81' lang='grc' dir='ltr'>ἥξειν,</span> <span class='ocrx_word' id='word_1_968' title='bbox 2331 5214 2614 5285; x_wconf 73' lang='grc' dir='ltr'>ἠπίστατοο</span> <span class='ocrx_word' id='word_1_969' title='bbox 2655 5214 2739 5268; x_wconf 83' lang='grc' dir='ltr'>ὅτι</span> <span class='ocrx_word' id='word_1_970' title='bbox 2763 5216 2821 5270; x_wconf 84' lang='grc' dir='ltr'>δὲ</span> <span class='ocrx_word' id='word_1_971' title='bbox 2844 5212 3000 5284; x_wconf 78' lang='grc' dir='ltr'>οὗτος</span> <span class='ocrx_word' id='word_1_972' title='bbox 3024 5222 3053 5274; x_wconf 90' lang='lat'>6</span> <span class='ocrx_word' id='word_1_973' title='bbox 3076 5222 3311 5293; x_wconf 88' lang='grc' dir='ltr'>Χριστὸς</span> <span class='ocrx_word' id='word_1_974' title='bbox 3341 5217 3410 5292; x_wconf 82' lang='grc' dir='ltr'>ἦν</span> <span class='ocrx_word' id='word_1_975' title='bbox 3435 5222 3590 5294; x_wconf 80' lang='lat' dir='ltr'>[H6]</span> 
     </span>
    </p>
   </div>
   <div class='ocr_carea' id='block_1_122' title="bbox 2002 5297 3588 5377">
    <p class='ocr_par' dir='ltr' id='par_1_122' title="bbox 2002 5297 3588 5377">
     <span class='ocr_line' id='line_1_123' title="bbox 2002 5297 3588 5377; baseline 0.004 -25"><span class='ocrx_word' id='word_1_976' title='bbox 2002 5300 2208 5370; x_wconf 79' lang='grc' dir='ltr'>ἡγνόει’</span> <span class='ocrx_word' id='word_1_977' title='bbox 2239 5298 2374 5371; x_wconf 84' lang='grc' dir='ltr'>ὅπερ</span> <span class='ocrx_word' id='word_1_978' title='bbox 2404 5299 2565 5353; x_wconf 82' lang='grc' dir='ltr'>αὐτὸν</span> <span class='ocrx_word' id='word_1_979' title='bbox 2590 5297 2624 5369; x_wconf 83' lang='grc' dir='ltr'><strong>ἥ</strong></span> <span class='ocrx_word' id='word_1_980' title='bbox 2655 5299 2807 5371; x_wconf 88' lang='grc' dir='ltr'>παρά</span> <span class='ocrx_word' id='word_1_981' title='bbox 2841 5302 3074 5374; x_wconf 87' lang='grc' dir='ltr'>Πέτρου,</span> <span class='ocrx_word' id='word_1_982' title='bbox 3098 5304 3132 5376; x_wconf 81' lang='grc' dir='ltr'>ἢ</span> <span class='ocrx_word' id='word_1_983' title='bbox 3157 5307 3308 5377; x_wconf 83' lang='grc' dir='ltr'>παρὰ</span> <span class='ocrx_word' id='word_1_984' title='bbox 3337 5306 3588 5359; x_wconf 84' lang='grc' dir='ltr'>Ἰωάννου</span> 
     </span>
    </p>
   </div>
   <div class='ocr_carea' id='block_1_123' title="bbox 2002 5381 3589 5460">
    <p class='ocr_par' dir='ltr' id='par_1_123' title="bbox 2002 5381 3589 5460">
     <span class='ocr_line' id='line_1_124' title="bbox 2002 5381 3589 5460; baseline 0.003 -21"><span class='ocrx_word' id='word_1_985' title='bbox 2002 5384 2300 5453; x_wconf 86' lang='grc' dir='ltr'>ἀκηκοέναι</span> <span class='ocrx_word' id='word_1_986' title='bbox 2337 5382 2501 5454; x_wconf 85' lang='grc' dir='ltr'>φημί.</span> <span class='ocrx_word' id='word_1_987' title='bbox 2541 5381 2709 5450; x_wconf 77' lang='grc' dir='ltr'>Λέγει</span> <span class='ocrx_word' id='word_1_988' title='bbox 2744 5382 2801 5436; x_wconf 88' lang='grc' dir='ltr'>δέ</span> <span class='ocrx_word' id='word_1_989' title='bbox 2846 5387 2943 5440; x_wconf 80' lang='grc' dir='ltr'>καὶ</span> <span class='ocrx_word' id='word_1_990' title='bbox 2991 5388 3091 5459; x_wconf 81' lang='grc' dir='ltr'>τὴν</span> <span class='ocrx_word' id='word_1_991' title='bbox 3124 5388 3319 5460; x_wconf 90' lang='grc' dir='ltr'>κώμην</span> <span class='ocrx_word' id='word_1_992' title='bbox 3361 5389 3527 5443; x_wconf 81' lang='grc' dir='ltr'>αὐτοῦ</span> <span class='ocrx_word' id='word_1_993' title='bbox 3560 5391 3589 5443; x_wconf 89' lang='lat'>6</span> 
     </span>
    </p>
   </div>
   <div class='ocr_carea' id='block_1_124' title="bbox 2014 5466 3591 5542">
    <p class='ocr_par' dir='ltr' id='par_1_124' title="bbox 2014 5466 3591 5542">
     <span class='ocr_line' id='line_1_125' title="bbox 2014 5466 3591 5542; baseline 0.002 -20"><span class='ocrx_word' id='word_1_994' title='bbox 2014 5467 2297 5540; x_wconf 86' lang='grc' dir='ltr'>Ἰωάννης,</span> <span class='ocrx_word' id='word_1_995' title='bbox 2347 5470 2436 5522; x_wconf 83' lang='grc' dir='ltr'>ἵνα</span> <span class='ocrx_word' id='word_1_996' title='bbox 2470 5466 2650 5539; x_wconf 85' lang='grc' dir='ltr'>μάθῃς</span> <span class='ocrx_word' id='word_1_997' title='bbox 2683 5467 2766 5523; x_wconf 82' lang='grc' dir='ltr'>ὅτι</span> <span class='ocrx_word' id='word_1_998' title='bbox 2808 5470 2880 5524; x_wconf 87' lang='grc' dir='ltr'>τά</span> <span class='ocrx_word' id='word_1_999' title='bbox 2907 5471 3108 5541; x_wconf 82' lang='grc' dir='ltr'>ἀσθενῆ</span> <span class='ocrx_word' id='word_1_1000' title='bbox 3140 5472 3233 5524; x_wconf 87' lang='grc' dir='ltr'>τοῦ</span> <span class='ocrx_word' id='word_1_1001' title='bbox 3262 5472 3469 5542; x_wconf 86' lang='grc' dir='ltr'>κόσμου</span> <span class='ocrx_word' id='word_1_1002' title='bbox 3503 5473 3591 5539; x_wconf 84' lang='grc' dir='ltr'>ἐξ·</span> 
     </span>
    </p>
   </div>
   <div class='ocr_carea' id='block_1_125' title="bbox 2003 5552 3589 5626">
    <p class='ocr_par' dir='ltr' id='par_1_125' title="bbox 2003 5552 3589 5626">
     <span class='ocr_line' id='line_1_126' title="bbox 2003 5552 3589 5626; baseline 0.004 -21"><span class='ocrx_word' id='word_1_1003' title='bbox 2003 5553 2225 5620; x_wconf 83' lang='grc' dir='ltr'>ελέξατο</span> <span class='ocrx_word' id='word_1_1004' title='bbox 2248 5555 2277 5606; x_wconf 90' lang='grc' dir='ltr'><strong>ὀ</strong></span> <span class='ocrx_word' id='word_1_1005' title='bbox 2306 5552 2458 5617; x_wconf 85' lang='grc' dir='ltr'>Θεός.</span> <span class='ocrx_word' id='word_1_1006' title='bbox 2477 5557 2765 5623; x_wconf 82' lang='grc' dir='ltr'>Εὐρίσκει</span> <span class='ocrx_word' id='word_1_1007' title='bbox 2784 5557 3081 5620; x_wconf 80' lang='grc' dir='ltr'>Φίλιππος</span> <span class='ocrx_word' id='word_1_1008' title='bbox 3105 5555 3212 5609; x_wconf 82' lang='grc' dir='ltr'>τὸν</span> <span class='ocrx_word' id='word_1_1009' title='bbox 3238 5556 3589 5626; x_wconf 79' lang='grc' dir='ltr'>Ναθαναὴλ,</span> 
     </span>
    </p>
   </div>
   <div class='ocr_carea' id='block_1_126' title="bbox 2006 5635 3593 5709">
    <p class='ocr_par' dir='ltr' id='par_1_126' title="bbox 2006 5635 3593 5709">
     <span class='ocr_line' id='line_1_127' title="bbox 2006 5635 3593 5709; baseline 0.003 -20"><span class='ocrx_word' id='word_1_1010' title='bbox 2006 5636 2105 5690; x_wconf 82' lang='grc' dir='ltr'>καὶ</span> <span class='ocrx_word' id='word_1_1011' title='bbox 2129 5635 2294 5707; x_wconf 78' lang='grc' dir='ltr'>λέγει</span> <span class='ocrx_word' id='word_1_1012' title='bbox 2316 5636 2500 5703; x_wconf 83' lang='grc' dir='ltr'>αὐτῷ·</span> <span class='ocrx_word' id='word_1_1013' title='bbox 2540 5640 2651 5693; x_wconf 89' lang='grc' dir='ltr'>Ὃν</span> <span class='ocrx_word' id='word_1_1014' title='bbox 2680 5641 2907 5708; x_wconf 73' lang='grc' dir='ltr'>ἔγραψε</span> <span class='ocrx_word' id='word_1_1015' title='bbox 2935 5637 3198 5707; x_wconf 83' lang='grc' dir='ltr'>Μωϋσῆς</span> <span class='ocrx_word' id='word_1_1016' title='bbox 3223 5639 3293 5694; x_wconf 82' lang='grc' dir='ltr'>ἐν</span> <span class='ocrx_word' id='word_1_1017' title='bbox 3316 5639 3399 5706; x_wconf 80' lang='grc' dir='ltr'>τῷ</span> <span class='ocrx_word' id='word_1_1018' title='bbox 3429 5643 3593 5709; x_wconf 74' lang='grc' dir='ltr'>νόμῳ</span> 
     </span>
    </p>
   </div>
   <div class='ocr_carea' id='block_1_127' title="bbox 2007 5721 3594 5794">
    <p class='ocr_par' dir='ltr' id='par_1_127' title="bbox 2007 5721 3594 5794">
     <span class='ocr_line' id='line_1_128' title="bbox 2007 5721 3594 5794; baseline 0.003 -19"><span class='ocrx_word' id='word_1_1019' title='bbox 2007 5721 2108 5775; x_wconf 81' lang='grc' dir='ltr'>καὶ</span> <span class='ocrx_word' id='word_1_1020' title='bbox 2145 5725 2198 5777; x_wconf 80' lang='grc' dir='ltr'>οὶ</span> <span class='ocrx_word' id='word_1_1021' title='bbox 2243 5722 2576 5793; x_wconf 68' lang='grc' dir='ltr'>προφῆται,</span> <span class='ocrx_word' id='word_1_1022' title='bbox 2612 5724 2973 5794; x_wconf 79' lang='grc' dir='ltr'>εὑρήκαμεν,</span> <span class='ocrx_word' id='word_1_1023' title='bbox 3016 5724 3253 5791; x_wconf 82' lang='grc' dir='ltr'>Ἰησοῦν</span> <span class='ocrx_word' id='word_1_1024' title='bbox 3303 5724 3411 5780; x_wconf 78' lang='grc' dir='ltr'>τὸν</span> <span class='ocrx_word' id='word_1_1025' title='bbox 3459 5727 3594 5781; x_wconf 81' lang='grc' dir='ltr'>υἱὸν</span> 
     </span>
    </p>
   </div>
   <div class='ocr_carea' id='block_1_128' title="bbox 2021 5804 3593 5878">
    <p class='ocr_par' dir='ltr' id='par_1_128' title="bbox 2021 5804 3593 5878">
     <span class='ocr_line' id='line_1_129' title="bbox 2021 5804 3593 5878; baseline 0.001 -19"><span class='ocrx_word' id='word_1_1026' title='bbox 2021 5804 2236 5875; x_wconf 73' lang='grc' dir='ltr'>Ἰωσὴφ</span> <span class='ocrx_word' id='word_1_1027' title='bbox 2265 5807 2373 5861; x_wconf 83' lang='grc' dir='ltr'>τὸν</span> <span class='ocrx_word' id='word_1_1028' title='bbox 2387 5807 2506 5861; x_wconf 80' lang='grc' dir='ltr'>ἀπὸ</span> <span class='ocrx_word' id='word_1_1029' title='bbox 2521 5806 2802 5876; x_wconf 77' lang='grc' dir='ltr'>Ναζαρέτ.</span> <span class='ocrx_word' id='word_1_1030' title='bbox 2831 5808 2995 5878; x_wconf 87' lang='grc' dir='ltr'>Λέγει</span> <span class='ocrx_word' id='word_1_1031' title='bbox 3020 5808 3078 5862; x_wconf 86' lang='grc' dir='ltr'>δὲ</span> <span class='ocrx_word' id='word_1_1032' title='bbox 3093 5807 3266 5862; x_wconf 90' lang='grc' dir='ltr'>ταῦτα</span> <span class='ocrx_word' id='word_1_1033' title='bbox 3282 5808 3593 5875; x_wconf 84' lang='grc' dir='ltr'>ἀξιόπιστον</span> 
     </span>
    </p>
   </div>
   <div class='ocr_carea' id='block_1_129' title="bbox 2009 5890 3592 5962">
    <p class='ocr_par' dir='ltr' id='par_1_129' title="bbox 2009 5890 3592 5962">
     <span class='ocr_line' id='line_1_130' title="bbox 2009 5890 3592 5962; baseline 0.003 -19"><span class='ocrx_word' id='word_1_1034' title='bbox 2009 5890 2180 5943; x_wconf 89' lang='grc' dir='ltr'>ποιῶν</span> <span class='ocrx_word' id='word_1_1035' title='bbox 2206 5891 2268 5944; x_wconf 87' lang='grc' dir='ltr'>τὸ</span> <span class='ocrx_word' id='word_1_1036' title='bbox 2289 5891 2570 5962; x_wconf 78' lang='grc' dir='ltr'>κήρυνιια.</span> <span class='ocrx_word' id='word_1_1037' title='bbox 2600 5891 2657 5943; x_wconf 79' lang='grc' dir='ltr'>εἴ</span> <span class='ocrx_word' id='word_1_1038' title='bbox 2680 5908 2743 5962; x_wconf 89' lang='grc' dir='ltr'>γε</span> <span class='ocrx_word' id='word_1_1039' title='bbox 2763 5892 2872 5948; x_wconf 86' lang='grc' dir='ltr'>ἀπὸ</span> <span class='ocrx_word' id='word_1_1040' title='bbox 2899 5892 3181 5959; x_wconf 79' lang='grc' dir='ltr'>Μωῦσέως</span> <span class='ocrx_word' id='word_1_1041' title='bbox 3208 5893 3329 5949; x_wconf 75' lang='grc' dir='ltr'>ἐστὶ</span> <span class='ocrx_word' id='word_1_1042' title='bbox 3354 5892 3450 5948; x_wconf 74' lang='grc' dir='ltr'>καὶ</span> <span class='ocrx_word' id='word_1_1043' title='bbox 3481 5892 3592 5947; x_wconf 79' lang='grc' dir='ltr'>τῶν</span> 
     </span>
    </p>
   </div>
   <div class='ocr_carea' id='block_1_130' title="bbox 2073 5990 2752 6053">
    <p class='ocr_par' dir='ltr' id='par_1_130' title="bbox 2073 5990 2752 6053">
     <span class='ocr_line' id='line_1_131' title="bbox 2073 5990 2752 6053; baseline 0.004 -16"><span class='ocrx_word' id='word_1_1044' title='bbox 2073 5993 2096 6053; x_wconf 74' lang='lat'>°_</span> <span class='ocrx_word' id='word_1_1045' title='bbox 2126 5990 2297 6039; x_wconf 80' lang='lat' dir='ltr'>Morel.</span> <span class='ocrx_word' id='word_1_1046' title='bbox 2323 5991 2427 6053; x_wconf 85' lang='grc' dir='ltr'>περὶ</span> <span class='ocrx_word' id='word_1_1047' title='bbox 2444 5990 2526 6037; x_wconf 83' lang='grc' dir='ltr'>τὸν</span> <span class='ocrx_word' id='word_1_1048' title='bbox 2553 5990 2752 6053; x_wconf 72' lang='grc' dir='ltr'>Πετροι.</span> 
     </span>
    </p>
   </div>
   <div class='ocr_carea' id='block_1_131' title="bbox 2074 6050 2700 6112">
    <p class='ocr_par' dir='ltr' id='par_1_131' title="bbox 2074 6050 2700 6112">
     <span class='ocr_line' id='line_1_132' title="bbox 2074 6050 2700 6112; baseline -0.003 -11"><span class='ocrx_word' id='word_1_1049' title='bbox 2074 6050 2100 6090; x_wconf 80' lang='lat' dir='ltr'><strong>d</strong></span> <span class='ocrx_word' id='word_1_1050' title='bbox 2123 6053 2283 6103; x_wconf 82' lang='lat' dir='ltr'>Aliiel</span> <span class='ocrx_word' id='word_1_1051' title='bbox 2309 6050 2457 6103; x_wconf 71' lang='lat' dir='ltr'><strong>Sam.</strong></span> <span class='ocrx_word' id='word_1_1052' title='bbox 2482 6052 2576 6100; x_wconf 82' lang='grc' dir='ltr'>ἀπὸ</span> <span class='ocrx_word' id='word_1_1053' title='bbox 2598 6050 2700 6112; x_wconf 64' lang='grc' dir='ltr'>γῆ,</span> 
     </span>
    </p>
   </div>
  </div>
