4094 6370
504 350 608 409 123

502 460 815 535 προφητῶν,
877 459 971 511 καὶ
1016 456 1279 508 δυσωπῶν
1329 456 1420 505 τδν
1479 453 1750 535 ἀκροατὴν
1793 447 2054 535 ἐντεῦθεν.

512 530 728 614 Ἐπειδὴ
765 541 870 613 7&9
923 543 950 592 6
980 536 1268 605 Ναθαναὴλ
1312 534 1542 603 ἀκριϐὴς
1587 530 1653 603 ῆν
1680 573 1695 597 ,
1746 533 1839 583 καὶ
1885 530 2062 581 πάντα

500 625 879 695 διεσκεμμένος
908 622 1043 691 μετὰ
1066 619 1340 687 ἀληθείας,
1370 618 1443 677 ὡς
1471 617 1564 667 καὶ
1586 618 1613 667 6
1635 615 1862 685 Χριστὸς
1893 615 2062 681 ἐμαρ-

500 710 723 780 τύρησε,
762 707 855 758 καὶ
895 705 952 755 τὸ
982 703 1137 772 ἔργον
1164 700 1378 764 ἔδειξεν,
1412 701 1633 760 εἰκότως
1668 698 1831 780 αὐτὸν
1859 696 2062 780 ἐπὶγτὸν

500 777 737 845 Μωῠσέα
773 789 865 839 καὶ
903 788 1026 847 τοὺς
1074 784 1351 854 προφήτας
1396 781 1773 851 παρέπεμψεν,
1811 779 1895 831 ἵνα
1925 777 2064 830 οὕτω

501 872 867 945 παραδέξηται
903 869 992 920 τὸν
1034 866 1450 936 κηρυττόμενον.
1503 866 1563 915 Εἰ
1613 864 1668 916 δέ
1711 863 1822 945 υἱὸν
1871 860 2065 930 Ἰωσὴφ

502 944 661 1008 αὐτὸν
710 954 875 1019 λέγει,
915 952 987 1019 μὴ
1038 948 1341 1016 θορυϐηθῇς
1368 963 1381 975 ·
1424 946 1503 996 ἔτι
1552 946 1658 1013 γαρ
1701 944 1887 995 τούτου
1939 945 2067 1003 παῖς

502 1033 778 1105 ἐνομίζετο
831 1028 988 1083 εἶναι.
1039 1032 1148 1081 Καὶ
1196 1029 1356 1080 πόθεν
1400 1028 1576 1095 δῆλον,
1629 1020 1673 1077 ὦ
1702 1026 1954 1088 Φίλιππε,
1985 1025 2065 1075 ὅτι

491 1115 652 1180 ὀὗτος
692 1114 894 1176 ἐκεῖνός
932 1115 1080 1175 ἐστις
1132 1112 1184 1162 τί
1231 1112 1408 1176 λέγεις
1454 1113 1584 1179 ἡμῖν
1626 1110 1953 1177 τεκμήριον;
1989 1107 2064 1157 Οὐ

501 1203 609 1271 γὰρ
652 1198 810 1268 ἀρκεῖ
861 1196 1018 1264 μόνον
1074 1194 1132 1244 τὸ
1182 1193 1581 1261 ἀποφήνασθαι.
1640 1192 1794 1241 Ποῖον
1845 1192 2066 1258 σημεῖον

503 1282 673 1347 εἴδεςς
706 1283 855 1332 ποῖον
898 1276 1079 1345 θαῦμα
1104 1292 1118 1339 ;
1146 1277 1256 1327 υύκ
1290 1276 1435 1326 ἐστιν
1474 1272 1752 1325 ἀκίνδυνον
1791 1271 2066 1322 πιστεύειν

501 1366 687 1426 ἁπλῶς
731 1363 870 1430 ὐπέρ
915 1361 1167 1412 τοιούτων
1210 1359 1570 1427 πραγμάτων.
1611 1356 1776 1407 Ποίαν
1802 1351 1892 1407 οὖν
1922 1353 2065 1423 ἔχεις

502 1446 808 1509 ἁπόδειξιν;
864 1444 975 1512 Τὴν
1014 1441 1181 1511 αὐτὴν
1214 1440 1292 1508 τῷ
1333 1440 1591 1510 Ἀνδρέα,
1641 1438 1794 1507 φησί.
1830 1438 1938 1490 Kal
1960 1437 2067 1504 7&9

502 1533 705 1592 ἐκεῖνος
755 1525 1098 1597 παραστῆσαι
1132 1523 1221 1574 τὸν
1250 1522 1472 1573 πλοῦτον
1499 1521 1557 1572 ὃν
1589 1515 1746 1591 εὗρεν
1775 1521 1873 1571 οὐκ
1906 1520 2063 1587 ἔχων,

501 1615 620 1667 οὐδέ
647 1613 732 1665 διὰ
757 1610 1015 1680 ῥημάτων
1044 1606 1409 1669 ἐπιδείξασθαι
1440 1604 1732 1672 δυνάμενος
1759 1603 1848 1654 τὸν
1872 1602 2067 1671 θησαυ-

503 1699 615 1770 ρὸν,
642 1698 759 1763 ἄγει
785 1696 920 1766 πρὸς
952 1694 1041 1743 τὸν
1088 1690 1379 1760 εὑρεθέντα
1417 1690 1508 1741 τὸν
1539 1688 1781 1756 ἀδελφόν.
1822 1686 2063 1770 Οὐτωδὴ

502 1769 594 1835 καὶ
625 1777 796 1842 οὗτος,
833 1778 948 1838 πῶς
997 1777 1091 1844 μὲν
1129 1773 1289 1835 αὐτός
1325 1774 1470 1824 ἐστιν
1512 1772 1711 1832 ἐκεῖνος
1753 1772 1781 1821 6
1813 1769 2062 1837 Χριστὸς,

501 1864 595 1915 καὶ
631 1862 745 1922 πῶς
772 1860 931 1912 αὐτὸν
966 1860 1015 1909 οί
1058 1855 1330 1925 προφῆται
1361 1850 1823 1922 προανεκήρυξαν,
1855 1853 1953 1901 οὐκ
1986 1845 2065 1901 εἷ-

502 1941 807 1999 πεν·’ἐλκει
846 1943 901 1994 δὲ
930 1940 1089 1992 αὐτὸν
1134 1940 1269 2008 πρὸς
1303 1936 1392 1989 τὸν
1435 1934 1661 2003 Ἰησοῦν,
1697 1935 1794 1986 οὐκ
1829 1933 2067 2000 ἀποστη-

501 2028 723 2096 σόμενον
750 2025 932 2077 λοιπὸν
966 2021 1139 2085 είδὼς,
1165 2021 1229 2071 ἂν
1260 2018 1369 2070 τῶν
1399 2018 1655 2087 ῥημάτων
1688 2016 1945 2083 γεύσηται
1972 2015 2066 2066 καὶ

498 2108 595 2176 τῆς
639 2105 982 2165 διδασκαλίας
1024 2103 1251 2153 ἐκείνου.
1306 2102 1412 2152 Καὶ
1461 2096 1630 2150 εἶπεν
1669 2096 1825 2160 αὐτῷ
1871 2099 2064 2150 Ναθα-

497 2189 676 2254 ναήλ·
704 2190 803 2241 Ἐκ
829 2184 1086 2252 Ναζαρὲτ
1099 2184 1348 2236 δύναταί
1372 2198 1423 2233 τι
1448 2182 1667 2248 ἀγαθὸν
1683 2176 1831 2233 εἶναι
1856 2196 1873 2241 ;
1898 2179 2066 2247 Λέγει

496 2269 657 2336 αὺτῷ
685 2271 996 2332 Φίλιππος·
1023 2270 1245 2334 Ἔρχου
1284 2264 1382 2317 καὶ
1416 2263 1522 2316 ἴδε.
1558 2260 1735 2316 Εἶδεν
1756 2266 1788 2315 ό
1830 2262 2066 2328 Ἰησοῦς

496 2353 606 2407 τὸν
636 2350 963 2417 Ναθαναὴλ
1002 2349 1326 2417 ἐρχόμενον
1350 2346 1497 2412 πρὸς
1535 2344 1738 2407 αὑτὸν,
1779 2344 1877 2396 καὶ
1905 2346 2065 2410 λέγει

495 2434 628 2501 περὶ
657 2432 863 2487 αὐτοῦ·
893 2430 1007 2484 Ἴδε
1033 2429 1267 2495 ἀληθῶς
1300 2428 1695 2494 Ἰσραηλίτης.
1717 2426 1786 2477 ἐν
1811 2418 1859 2489 ᾧ
1886 2424 2067 2490 δόλος

496 2518 608 2569 οὐκ
638 2515 827 2568 ἔστιν.
877 2512 1093 2578 Ἐπειδὴ
1131 2505 1282 2565 εἶπεν
1307 2521 1356 2571 ³,
1396 2510 1490 2561 Ἐκ
1529 2506 1784 2573 Ναζαρὲτ
1816 2506 2066 2559 δύναταί

494 2614 552 2650 τι
578 2596 803 2665 ἀγαθὸν
832 2592 1005 2655 εἶναι,
1043 2596 1256 2646 ἐπαινεῖ
1296 2592 1391 2647 καὶ
1428 2590 1695 2659 θαυμάζει
1743 2589 1831 2641 τὸν
1861 2590 2066 2659 ἄνθρω-

493 2696 615 2732 πον.
672 2678 782 2731 Kal
831 2677 935 2746 μὴν
958 2674 1315 2743 ,ἐγκληθῆναι
1352 2671 1512 2725 αὐτὸν
1546 2673 1730 2742 ἐχρῆν,
1778 2672 2060 2740 Οὐδαμῶς.

496 2766 629 2819 Οὐδέ
654 2765 761 2835 γὰρ
793 2761 1144 2823 ἀπιστοῦντος
1164 2756 1231 2830 ἦν
1264 2760 1330 2811 τὰ
1356 2760 1572 2829 ῥήματα
1593 2798 1608 2823 ,
1638 2758 1757 2809 οὐδέ
1792 2758 2065 2826 ἐγκλημά-

492 2864 602 2900 των
630 2847 775 2912 ἆξια,
805 2846 918 2898 ἀλλ’
954 2844 1210 2897 ἐπαίνων.
1260 2842 1380 2904 Πῶς
1422 2843 1515 2895 καὶ
1547 2841 1652 2893 τίνι
1692 2842 1907 2910 τρόπῳ;
1939 2842 2062 2893 Ὅτι

491 2930 756 2985 Φιλίππου
790 2928 986 2998 μᾶλλον
1015 2919 1166 2989 οὗτος
1193 2925 1527 2993 ἐσκεμμένος
1553 2920 1619 2993 ἦν
1640 2924 1705 2975 τὰ
1727 2924 2057 2994 προφητικὼ

492 3014 604 3067 Καὶ
650 3013 754 3082 γὰρ
794 3008 861 3081 ἦν
910 3009 1195 3072 ἀκούσας1⁵
1228 3008 1334 3063 ἀπὸ
1377 3007 1483 3060 τῶν
1527 3006 1788 3075 Γραφῶν,
1828 3007 1907 3058 ὅτι
1956 3005 2062 3059 ἀπὸ

492 3094 741 3164 Βηθλεὲμ
769 3094 849 3148 δεῖ
874 3094 962 3147 τὸν
992 3091 1224 3161 Χριστὸν
1254 3090 1449 3150 ἐλθεῖν,
1481 3089 1575 3142 καὶ
1615 3088 1721 3140 ἀπὸ
1744 3088 1841 3156 τῆς
1869 3087 2060 3157 κώμης

489 3177 551 3230 ἐν
643 3174 709 3246 ἦν
737 3176 916 3228 Δαυῖδ.
949 3175 1120 3226 Τοῦτο
1152 3172 1281 3240 γοῦν
1312 3174 1403 3224 καὶ
1426 3172 1573 3241 παρὰ
1603 3171 1876 3234 Ἰουδαίοις
1904 3172 2061 3241 ἐκρά-

488 3275 603 3322 τει,
631 3260 725 3311 καὶ
758 3261 786 3310 ὁ
820 3258 1104 3327 προφήτης
1136 3255 1339 3309 ἀνωθεν
1387 3255 1652 3323 ἐκήρυττε
1704 3253 1875 3320 λέγων
1895 3269 1910 3285 ·
1944 3252 2058 3307 Kal

490 3342 594 3404 σὺ,
616 3340 905 3409 Βηθλεὲμ,
932 3338 1202 3407 οὐδαμῶς
1221 3337 1512 3404 ἐλαχίστη
1539 3332 1593 3387 εἷ
1610 3338 1678 3387 ἐν
1693 3335 1815 3400 τοῖς
1842 3335 2056 3405 ἡγεμό-

489 3439 595 3476 σιν
625 3423 810 3476 Ἰούδα
828 3439 844 3452 ·
875 3423 943 3475 ἐκ
970 3422 1086 3475 σοῦ
1117 3422 1227 3490 γὰρ
1269 3420 1651 3482 ἐξελεύσεται
1689 3418 2053 3485 ἡγούμενος,

490 3506 657 3570 ὅστις
681 3504 959 3573 ποιμανεῖ
991 3505 1097 3557 τὸν
1129 3503 1282 3555 λαόν
1309 3520 1426 3570 μου
1455 3500 1563 3554 τὸν
1603 3499 1861 3566 Ἰσραήλ.
1903 3501 2057 3553 Ἐπεὶ

487 3583 582 3639 οὖν
610 3588 859 3656 ήκουσεν,
882 3587 965 3640 ὃτι
990 3588 1054 3639 ἐκ
1085 3583 1359 3653 Ναζαρὲτ,
1403 3582 1703 3651 ἐθορυϐήθη
1744 3585 1836 3634 καὶ
1871 3583 2057 3651 διηπό-

488 3687 679 3743 ρησεν,
703 3670 800 3739 οὐχ
821 3669 1087 3738 εὑρίσκων
1117 3666 1513 3736 συμϐαίνουσαν
1544 3665 1637 3716 τοῦ
1664 3664 1926 3719 Φιλίππου
1956 3664 2055 3735 τὴν

489 3752 817 3820 ἐπαγγελίαν
854 3755 919 3821 τῇ
965 3750 1273 3820 προφητικῇ
1320 3748 1639 3819 προρρήσει.
1673 3747 1781 3800 Θέα
1805 3747 1861 3799 δὲ
1887 3747 2051 3800 αὐτοῦ

489 3836 583 3889 καὶ
610 3838 667 3888 ἐν
692 3838 756 3905 τῇ
783 3836 1098 3903 διαπορήσει
1126 3834 1224 3903 τὴν
1260 3831 1474 3884 σύνεσιν
1504 3831 1597 3882 καὶ
1625 3831 1942 3884 ἐπιείκειαν.
1977 3830 2050 3882 Οὐ

487 3916 596 3985 γὰρ
623 3912 773 3968 εἶπεν
794 3916 1012 3977 εὐθέως·
1033 3915 1268 3983 Ἀπατᾷς
1293 3930 1379 3982 με,
1411 3909 1455 3964 ὦ
1473 3913 1723 3972 Φίλιππε,
1746 3913 1838 3964 καὶ
1859 3912 2047 3983 ψεύδῃ·

486 3998 549 4050 οὐ
581 3998 855 4065 πείθομαι,
890 3997 950 4049 οὐ
985 3996 1371 4065 παραγίνομαι·
1407 3994 1607 4064 ἔμαθον
1640 3995 1748 4047 ἀπὸ
1779 3994 1886 4046 τῶν
1915 4012 2050 4064 προ-

488 4081 694 4151 φητῶν,
726 4082 809 4133 ὅτι
844 4080 950 4131 ἀπὸ
994 4078 1240 4147 Βηθλεὲμ
1273 4078 1362 4130 τὸν
1391 4077 1622 4147 Χριστὸν
1653 4077 1826 4131 ἐλθεῖν
1855 4078 1953 4130 δεῖ·
1985 4079 2050 4131 σὺ

484 4162 545 4215 δὲ
585 4162 781 4230 λέγεις,
823 4162 931 4213 ἀπὸ
972 4160 1257 4227 Ναζαρέτ·
1314 4159 1373 4210 οὐ
1420 4158 1595 4212 τοίνυν
1644 4153 1797 4223 οὗτος
1844 4162 2051 4224 ἐκεῖνός

484 4245 652 4297 ἐστιν.
691 4244 830 4297 Ἀλλ’
864 4244 1015 4296 οὐδὲν
1044 4240 1247 4295 τούτων
1268 4236 1438 4293 εἶπεν·
1472 4241 1607 4297 ἀλλὰ
1629 4241 1680 4293 τί
1702 4260 1717 4309 ;
1743 4243 2048 4312 Παραγίνε-

482 4344 573 4381 ται
596 4328 689 4382 καὶ
715 4321 889 4389 οῦτος,
924 4326 1001 4395 τῷ
1035 4325 1132 4395 μὲν
1180 4325 1255 4393 μὴ
1287 4323 1675 4388 καταδέξασθαι
1706 4328 1771 4377 ἐκ
1793 4325 2047 4393 Ναζαρὲτ

483 4411 648 4463 αὐτὸν
675 4406 832 4472 εἶναι,
859 4409 956 4480 τὴν
985 4407 1266 4476 ἀκρίϐειαν
1300 4407 1398 4477 τὴν
1430 4409 1556 4477 περὶ
1585 4407 1681 4469 τὰς
1711 4408 1931 4479 Γραφὰς
1960 4409 2048 4477 δη.

482 4493 610 4559 λῶν,
636 4494 730 4547 καὶ
752 4495 811 4546 τὸ
827 4493 931 4545 τῶν
950 4492 1163 4561 τρόπων
1188 4490 1591 4559 ἀνεξαπάτητον
1609 4507 1621 4518 ·
1640 4490 1684 4559 [1
1701 4491 1788 4561 17]
1802 4492 1879 4559 τῷ
1894 4493 1947 4545 δὲ
1969 4492 2043 4562 μὴ

480 4582 769 4635 διαπτύσαι
793 4581 882 4633 τὸν
905 4578 1333 4646 ἀπαγγείλαντα,
1349 4579 1439 4628 τὸν
1460 4577 1623 4630 πολὺν
1646 4578 1826 4640 πόθον,
1853 4578 1911 4629 ὃν
1932 4576 2044 4649 εἶχε

480 4664 609 4734 περὶ
631 4662 728 4734 τὴν
752 4663 844 4715 τοῦ
860 4660 1093 4730 Χριστοῦ
1114 4659 1433 4729 παρουσίαν.
1448 4660 1744 4728 ἐμφαίνων.
1762 4660 2040 4729 Ἐνενόησε

478 4745 608 4814 γὰρ,
633 4747 713 4798 ὅτι
744 4746 887 4807 είκὸς
912 4741 978 4815 ἦν
1007 4743 1268 4797 Φίλιππον
1298 4743 1423 4812 περὶ
1450 4743 1539 4795 τὸν
1562 4742 1723 4795 τόπον
1757 4744 2038 4810 ἐσφάλθαι.

551 4826 616 4896 β’.
653 4827 759 4879 Θέα
779 4826 836 4879 δέ
868 4844 957 4896 μοι
995 4826 1090 4879 καὶ
1135 4825 1233 4896 τὴν
1274 4824 1624 4892 παραίτησιν,
1674 4824 1789 4886 πῶς
1827 4827 2038 4896 ἐπιεικῆ

479 4912 788 4976 πεποίηται,
816 4909 910 4960 καὶ
933 4909 988 4958 ἐν
1006 4909 1323 4976 ἐρωτήσεως
1336 4903 1488 4967 τάξει
1518 4918 1539 4944 ο
1554 4946 1566 4958 .
1589 4906 1721 4957 Οὐδὲ
1743 4906 1848 4976 γὰρ
1866 4903 2037 4971 εἶπεν,

476 4990 638 5042 Οὐδὲν
661 4991 859 5056 ἀγαθὸν
885 4992 917 5059 ή
948 4989 1205 5042 Γαλιλαία
1235 4989 1404 5056 φέρει·
1438 4987 1571 5040 ἀλλὰ
1603 4989 1751 5050 πῶςς
1801 4990 1897 5040 Ἐκ
1926 4992 2041 5041 Να-

477 5068 643 5137 ζαρὲτ
674 5072 925 5123 δύναταί
956 5088 1008 5123 τι
1037 5070 1261 5138 ἀγαθὸν
1284 5068 1469 5134 sirm;
1493 5070 1701 5138 Σφόδρα
1728 5070 1783 5120 δέ
1804 5064 1869 5139 ῆν
1900 5071 1991 5121 καὶ
2012 5072 2040 5121 ὀ

476 5154 735 5215 Φίλιππος
764 5154 1000 5214 συνετός.
1058 5155 1131 5205 Οὐ
1166 5154 1273 5220 7&9
1306 5155 1380 5216 ώς
1409 5152 1706 5221 ἀπορηθεὶς
1746 5155 2040 5218 ἀγανακτεῖ

475 5236 569 5288 καὶ
595 5236 950 5305 δυσχεραίνει,
982 5236 1094 5287 ἀλλ’
1129 5236 1373 5304 ἐπιμένει
1402 5236 1490 5287 τὸν
1519 5235 1545 5273 d
1588 5236 1753 5305 ἄνδρα
1785 5236 2038 5305 βουλόμε-

473 5334 562 5380 νος
595 5320 838 5385 ἀγαγεῖν,
864 5319 956 5370 καὶ
988 5318 1051 5370 ἐκ
1084 5318 1381 5390 προοιμίων
1414 5318 1509 5384 τὴν
1558 5319 1837 5387 ἀποστόλῳ
1868 5336 2035 5387 προσ-

476 5400 711 5468 ήκουσαν
737 5401 977 5453 εὐτονίαν
1004 5402 1135 5470 ἡμῖν
1168 5400 1591 5469 ἐνδεικνύμενος.
1625 5402 1722 5452 Διά
1748 5402 1917 5453 ταῦτα
1944 5402 2036 5453 καὶ

470 5480 501 5533 6
535 5483 764 5550 Χριστός
797 5499 977 5551 φησιν·
1020 5483 1140 5538 Ἴδε
1181 5481 1415 5548 ἀληθῶς
1448 5484 1841 5549 Ἰσραηλίτης,
1883 5484 1951 5534 ἐν
1988 5476 2036 5547 ᾧ

471 5562 651 5628 δόλος
674 5568 783 5617 οὐκ
805 5566 995 5619 ἐστιν.
1020 5566 1182 5618 Ὥστε
1207 5566 1283 5617 ένι
1312 5566 1405 5617 καὶ
1433 5566 1636 5635 ψευδὴς
1674 5565 2029 5636 Ἰσραηλίτης.

484 5646 620 5697 Ἀλλ’
654 5649 750 5716 οὐχ
779 5641 928 5710 οὗτος
958 5648 1225 5709 τοιοῦτος·
1260 5649 1555 5709 ἀδέκαστος
1586 5649 1691 5717 7&9
1717 5649 1904 5712 αὐτοῦ,
1932 5667 2033 5718 φη-

532 5748 558 5776 ⁸
584 5747 750 5796 Morel.
790 5751 875 5796 οὐκ
922 5752 1064 5798 ἐστιν.
1100 5749 1333 5797 Ἐντεῦθεν
1356 5750 1515 5805 ἐπειδὴ
1555 5749 1696 5795 εἶπεν.
1728 5749 1778 5796 In
1804 5748 1952 5795 Savil.
1980 5758 2033 5795 et

469 5806 578 5855 aliis
598 5808 799 5876 ἐντεῦθεν
821 5812 979 5876 ἀθεεὶ.
1049 5810 1075 5845 δ
1100 5812 1237 5876 Alius
1262 5810 1341 5876 καί
1379 5810 1473 5876 ,γαρ
1517 5811 1737 5876 ἤκουσεν.
1823 5813 1844 5839 °
1890 5810 2030 5856 Alius

469 5870 717 5924 πεποίηται
744 5870 1077 5930 ἐπερωτήσεως
1108 5872 1247 5925 τάξει.
1314 5869 1341 5908 ἀ
1364 5868 1459 5918 Alii
1496 5868 1661 5916 τοῦτον
1681 5872 1775 5916 τόν.

1175 344 1233 397 S.
1274 339 1558 395 JOANNIS
1594 332 2079 391 CHRYSOSTOMI
2118 333 2432 391 ARCHIE‘P.
2470 339 3011 396 CONSTANTINOP.

3610 349 3712 402 ιεο

2168 449 2271 509 σίν,
2303 452 2335 519 ή
2359 453 2555 521 κρίσις·
2580 456 2730 506 οὐδὲν
2763 457 2896 524 πρὸς
2919 459 3093 529 χάριν,
3116 460 3233 511 οὐδέ
3268 458 3401 530 πρὸς
3426 460 3718 530 ἀπέχθειαν

2168 531 2479 599 φθέγγεται.
2522 537 2711 589 Καίτοι
2752 538 2990 590 Ἰουδαῖοι
3039 541 3470 611 ἐπερωτηθέντες
3496 582 3511 605 ,
3541 542 3642 594 ποῦ
3690 544 3718 595 6

2166 614 2397 683 Χριστὸς
2423 620 2707 683 γεννᾶται,
2739 615 2887 672 εἷπον
2940 621 3022 673 ὅτι
3067 624 3123 673 ἐν
3169 623 3446 691 Βηθλεέμ,
3488 625 3581 676 καὶ
3621 624 3717 694 τὴν

2169 698 2468 764 μαρτυρίαν
2499 702 2817 767 παρήγαγον
2843 702 3085 769 λέγοντες
3109 721 3121 732 ·
3158 706 3267 757 Καὶ
3296 704 3397 766 σὺ,
3427 705 3714 772 Βηθλεὲμ,

2163 778 2435 845 οὐδαμῶς
2478 780 2765 848 ἐλαχίστη
2811 780 2867 835 εἷ
2903 784 2970 835 ἐν
3005 784 3125 849 τοῖς
3158 786 3443 853 ἡγεμόσιν
3504 786 3716 840 Ἰούδα.

2177 860 2314 911 Ἀλλ’
2344 864 2539 913 ἐκεῖνοι
2559 864 2654 931 μὲν
2678 867 2805 930 πρὶν
2827 865 2951 917 ίδεῖν
2970 866 3303 937 ἐμαρτύρουν
3323 867 3513 918 ταῦτα·
3532 869 3717 939 ἐπειδὴ

2163 940 2221 993 δὲ
2256 938 2413 1003 εἶδον,
2446 945 2548 996 ὐπὸ
2580 947 2677 1013 τῆς
2712 948 3004 1014 βασκανίας
3036 951 3131 1017 τὴν
3161 951 3459 1018 μαρτυρίαν
3479 938 3721 1021 ἀπέκρυ-ὲ

2162 1024 2267 1091 ψαν
2301 1025 2565 1092 λέγοντες·
2610 1028 2829 1081 Τοῦτον
2849 1030 2915 1081 δὲ
2935 1033 3045 1083 οὐκ
3068 1032 3311 1099 οἴδαμεν
3333 1034 3514 1085 πόθεν
3528 1035 3716 1087 ἐστιν.

2177 1107 2233 1160 '0
2274 1108 2329 1160 δὲ
2356 1110 2643 1178 Ναθαναὴλ
2672 1112 2769 1181 οὐχ
2801 1112 2971 1175 οὕτως
2993 1152 3008 1174 ,
3048 1113 3159 1164 ἀλλ’
3193 1114 3259 1184 ἢν
3290 1113 3347 1179 ἐξ
3387 1116 3558 1185 ἀρχῆς
3595 1117 3723 1186 περὶ

2164 1190 2325 1241 αὐτοῦ
2350 1191 2569 1260 γνώμην
2595 1189 2726 1261 εἶχε,
2766 1193 2970 1262 ταύτην
3000 1194 3178 1262 ἔμεινε
3198 1195 3485 1266 διατηρῶν,
3514 1199 3597 1250 ὃτι
3621 1200 3720 1249 οὐκ

2165 1273 2309 1325 ἐστιν
2332 1275 2395 1325 ἐκ
2428 1275 2694 1345 Ναζαρέτ.
2726 1277 2849 1339 Πῶς
2871 1274 2967 1330 οὖν
2989 1279 3147 1333 αὐτὸν
3181 1280 3499 1350 Ναζωραῖον
3519 1284 3566 1333 οί
3591 1299 3721 1351 προ-

2165 1358 2329 1425 φῆται
2358 1357 2647 1424 καλοῦσιν;
2697 1360 2826 1412 Ἀπὸ
2861 1361 2959 1430 τῆς
3007 1362 3315 1432 ἀνατροφῆς
3353 1364 3446 1416 καὶ
3483 1365 3577 1433 τῆς
3608 1368 3723 1418 ἐκεῖ

2163 1436 2453 1507 διαγωγῆς.
2487 1440 2559 1491 Τὸ
2589 1442 2684 1508 μὲν
2724 1438 2815 1494 οὖν
2860 1445 3050 1505 εἰπεῖν,
3072 1445 3186 1495 Οὐκ
3208 1445 3322 1513 είμὶ
3353 1447 3418 1498 ἐκ
3446 1446 3717 1515 Ναζαρὲτ,

2166 1521 2346 1582 καθὼς
2388 1524 2687 1590 ἀπήγγειλέ
2740 1542 2819 1576 σοι
2860 1526 3152 1587 Φίλιππος,
3190 1526 3301 1579 ἀλλ’
3348 1530 3412 1579 ἐκ
3453 1528 3716 1597 Βηθλεέμ,

2168 1602 2445 1672 παρίησιν,
2480 1605 2617 1658 ῶστε
2655 1605 2726 1675 μὴ
2753 1606 2950 1667 εὐθέως
2992 1608 3464 1678 ἀμφισϐητήσιμον
3502 1611 3720 1678 ποιῆσαι

2164 1685 2255 1737 τὸν
2283 1684 2455 1752 λόγον·
2487 1688 2650 1755 χωρὶς
2681 1688 2735 1739 δέ
2765 1688 2989 1746 τούτων.
3018 1692 3117 1749 ὃτι,
3139 1690 3187 1739 εί
3223 1690 3316 1741 καὶ
3344 1690 3545 1752 ἔπεισε,
3566 1691 3719 1742 τοῦτο

2164 1766 2261 1819 οὐκ
2285 1766 2350 1821 ἂν
2385 1769 2559 1823 ἱκανὸν
2603 1772 2898 1839 τεκμήριον
2947 1772 3113 1824 ἐδωκε
3151 1772 3242 1825 τοῦ
3272 1773 3430 1824 αὐτὸν
3462 1769 3594 1825 εἶναι
3629 1772 3715 1826 τὸν

2164 1850 2414 1919 Χριστόν.
2450 1851 2511 1902 Τί
2557 1851 2664 1920 γὰρ
2696 1852 2897 1904 ἐκώλυε
2934 1855 3024 1911 καὶ
3060 1854 3132 1923 μὴ
3177 1854 3304 1906 ὄντα
3340 1856 3570 1923 Χριστὸν
3612 1856 3719 1908 ἀπὸ

2164 1930 2407 2000 Βηθλεὲμ
2434 1926 2573 1985 εἶναι
2601 1933 2738 1985 κατὰ
2773 1935 2896 1996 τοὺς
2927 1934 3113 1995 ἄλλους
3143 1936 3267 1998 τοὺς
3301 1938 3414 1991 ἐκεῖ
3436 1937 3718 2004 γεννηθέν-

2163 2029 2297 2076 τας;
2337 2012 2503 2065 Τοῦτο
2551 2014 2648 2082 μὲν
2695 2010 2786 2066 οὖν
2826 2015 3113 2085 παρίησιν·
3147 2015 3174 2067 ὃ
3207 2017 3263 2070 δὲ
3300 2018 3530 2086 μάλιστα
3563 2018 3719 2071 αὐτὸν

2162 2094 2380 2148 δύναται
2402 2097 2795 2163 ἐπαγαγέσθαι,
2827 2098 2981 2150 τοῦτο
3010 2102 3169 2151 ποιεῖ·
3204 2099 3441 2153 δείκνυσι
3462 2101 3567 2170 γὰρ
3597 2102 3720 2152 ἐαυ-

2163 2179 2252 2231 τὸν
2282 2181 2522 2249 παρόντα
2546 2181 2941 2251 διαλεγομένοις
2972 2183 3171 2244 αὐτοῖς.
3192 2182 3449 2245 Εἰπόντος
3466 2182 3555 2237 οὖν
3580 2186 3717 2236 ἐκεί-

2164 2279 2276 2321 νου,
2311 2264 2503 2316 Πόθεν
2530 2280 2605 2331 με
2632 2264 2975 2330 γινώσκεις;
3014 2265 3193 2333 λέγει·
3228 2266 3347 2332 11ρό
3386 2267 3489 2319 τοῦ
3524 2284 3596 2320 σε
3624 2269 3721 2321 Φί-

2161 2347 2386 2397 λιππον
2415 2344 2710 2412 φωνῆσαι,
2738 2346 2880 2398 ὄντα
2917 2347 3028 2399 ὑπὸ
3067 2347 3180 2413 τὴν
3204 2346 3406 2414 συκῆν
3431 2349 3593 2403 εἶδόν
3623 2367 3713 2411 σε.

2166 2430 2305 2499 Ὀρα
2328 2430 2609 2498 ἄνθρωπον
2640 2432 2874 2500 εὐσταθῆ
2901 2433 2993 2483 καὶ
3025 2432 3309 2501 βεϐηκότα.
3341 2435 3597 2497 Είπόντος
3613 2438 3718 2505 γὰρ

2160 2513 2253 2565 τοῦ
2289 2511 2539 2583 Χριστοῦ·
2574 2514 2693 2566 Ἴδε
2725 2514 2959 2580 ἀληθῶς
3001 2516 3393 2582 Ἰσραηλίταις,
3436 2518 3532 2572 οὐκ
3556 2521 3716 2587 ἐχαυ-

2160 2594 2302 2664 νώθη
2334 2598 2443 2656 τοῖς
2470 2595 2732 2657 ἐπαίνοις,
2780 2595 2879 2647 οὐκ
2924 2596 3197 2665 ἐπέδραμε
3229 2600 3342 2659 τοῖς
3387 2599 3714 2669 ἐγκωμίοις,

2160 2678 2271 2731 ἀλλ’
2302 2679 2544 2747 ἐπιμένει
2562 2680 2739 2749 ζητῶν
2766 2680 2856 2731 καὶ
2878 2680 3263 2750 ἀκριϐέστερον
3282 2681 3712 2752 διερευνώμενος,

2160 2764 2252 2823 καὶ
2299 2762 2543 2830 βούλεταί
2594 2780 2647 2816 τι
2700 2764 2865 2831 σαφὲς
2902 2763 3108 2832 μαθεῖν.
3160 2765 3329 2828 Αὐτὸς
3380 2766 3478 2835 μὲν
3522 2764 3611 2819 οὖν
3640 2768 3716 2830 ὡς

2158 2843 2441 2912 ἄνθρωπος
2477 2855 2500 2883 θ
2553 2844 2809 2913 ἐξήταζεν
2868 2845 2984 2898 ἔτι·
3042 2846 3070 2896 6
3103 2845 3157 2897 δὲ
3198 2847 3400 2914 Ἰησοῦς
3456 2848 3529 2911 ὼς
3586 2849 3715 2909 Θεὸς

2158 2925 2508 2993 ἀπεκρίνατο.
2538 2927 2647 2981 Καὶ
2678 2928 2785 2997 γὰρ
2806 2923 2976 2989 εἶπεν,
3005 2927 3086 2978 ὃτι
3109 2928 3345 2982 ’Δνωθέν
3375 2946 3433 2981 σε
3464 2926 3596 2981 οἶδα·
3620 2932 3713 2983 καὶ

2155 3007 2261 3058 τῶν
2288 3007 2500 3077 τρόπων
2528 3008 2692 3062 αὐτοῦ
2720 3008 2815 3079 τὴν
2842 3009 3157 3073 ἐπιείκειαν,
3192 3010 3287 3079 οὐχ
3320 3011 3393 3075 ὡς
3432 3011 3712 3081 ἄνθρωπος

2154 3088 2301 3158 αὐτῷ
2330 3090 2843 3161 παρηκολουθηκὼς,
2877 3092 2988 3144 ἀλλ’
3038 3091 3239 3146 ἄνωθεν
3272 3094 3342 3155 ὡς
3378 3095 3507 3157 Θεὸς
3554 3095 3711 3164 ἐγνω·

2156 3171 2268 3234 καὶ,
2289 3170 2400 3224 Νῦν
2422 3168 2557 3224 εἶδόν
2587 3189 2645 3224 σε
2675 3175 2732 3226 ἐν
2755 3176 2818 3242 τῇ
2843 3175 2999 3242 συκῇ,
3016 3173 3102 3224 ὅτε
3119 3175 3291 3237 οὐδεὶς
3309 3175 3492 3227 αὐτόθι
3514 3178 3715 3245 παρῆν,

2151 3251 2285 3305 ἀλλὰ
2337 3252 2497 3322 μόνος
2536 3254 2797 3315 Φίλιππος
2838 3250 2905 3323 ἦν
2954 3256 3046 3307 καὶ
3094 3255 3403 3325 Ναθαναὴλ,
3454 3258 3547 3308 καὶ
3595 3260 3713 3310 κατ’

2156 3334 2287 3386 ίδίαν
2320 3334 2536 3389 ἅπαντα
2567 3336 2740 3388 ταῦτα
2761 3331 2931 3388 εἷπον.
2966 3338 3063 3389 Διά
3086 3338 3148 3407 δὴ
3182 3339 3337 3391 τοῦτο
3362 3340 3593 3410 εἴρηται,
3628 3344 3711 3394 ὅτι

2164 3414 2329 3468 Ἰδὼν
2342 3417 2528 3470 αὑτὸν
2542 3419 2861 3485 πόῤῥωθεν,
2881 3418 3067 3470 εἶπεν·
3091 3420 3211 3472 Ἴδε
3226 3420 3460 3486 άληθῶς
3492 3422 3713 3488 Ἰσραη-

2149 3499 2341 3565 λίτης·
2374 3500 2459 3552 ἵνα
2499 3500 2642 3570 μάθῃ
2677 3500 2695 3537 ί
2730 3502 2809 3552 ὅτι
2852 3502 2981 3570 πρὶν
3026 3500 3058 3570 ἦ
3103 3500 3398 3571 πλησιάσαι
3436 3503 3584 3574 [HS]
3623 3504 3713 3557 τὸν

2149 3578 2408 3633 Φίλιππον
2460 3582 2634 3634 ταῦτα
2684 3582 2983 3650 ἐφθέγγετο
3039 3585 3066 3636 6
3121 3585 3386 3655 Χριστὸς,
3443 3586 3583 3637 ὥστε
3636 3586 3708 3656 μὴ

2151 3661 2398 3715 ὕποπτον⁸
2413 3665 2661 3731 γενέσθαι
2688 3665 2783 3735 τήν
2816 3669 3137 3736 μαρτυρίαν.
3176 3667 3267 3720 Διὸ
3302 3671 3393 3719 καὶ
3413 3669 3501 3721 16v
3526 3671 3707 3740 καιρὸν

2149 3743 2290 3810 εἷπε,
2347 3746 2438 3797 καὶ
2478 3747 2567 3798 τὸν
2599 3748 2787 3810 τόπον,
2834 3749 2928 3800 καὶ
2973 3749 3032 3800 16
3076 3748 3304 3817 δένδρον.
3361 3750 3420 3801 El
3474 3753 3569 3820 μὲν
3602 3754 3707 3822 γὰρ

2150 3828 2267 3883 εἶπε
2302 3830 2479 3898 μόνον,
2525 3830 2635 3900 Πρὸ
2668 3831 2759 3883 τοῦ
2795 3832 3056 3883 Φίλιππον
3089 3832 3262 3884 ἐλθεῖν
3292 3834 3423 3903 πρὸς
3463 3835 3541 3898 σὲ,
3570 3832 3706 3887 εἶδόν

2151 3930 2229 3975 σε,
2261 3913 2362 3965 κᾶν
2397 3910 2727 3983 ὑπωπτεύθη
2753 3954 2767 3975 ,
2816 3915 2889 3975 ὡς
2934 3915 3093 3975 αὐτὸς
3128 3916 3289 3968 αὐτὸν
3334 3918 3703 3981 ἀπεσταλκὼς,

2147 3998 2241 4051 καὶ
2273 3995 2423 4048 οὐδὲν
2466 3997 2608 4064 μέγα
2636 3996 2828 4064 λέγων·
2860 3996 2953 4048 νῦν
2990 3997 3046 4048 δὲ
3079 3997 3155 4066 τῷ
3183 3998 3272 4051 τὸν
3310 3999 3473 4051 τόπον
3512 4003 3703 4063 εἰπεῖν,

2146 4077 2266 4133 καθ’
2309 4079 2367 4130 ὃν
2401 4078 2635 4147 διέτριϐε
2680 4078 3021 4147 φωνούμενος
3076 4079 3225 4146 παρά
3270 4078 3363 4132 τοῦ
3403 4081 3701 4145 Φιλίππου,

2146 4160 2241 4214 καὶ
2267 4161 2358 4213 τοῦ
2388 4161 2600 4229 δένδρου
2624 4163 2723 4229 τὴν
2755 4160 3142 4229 προσηγορίαν,
3176 4163 3269 4213 καὶ
3295 4162 3394 4229 τῆς
3422 4162 3704 4227 διαλέξεως

2142 4242 2233 4294 τὸν
2266 4243 2453 4310 καιρὸν
2473 4282 2487 4306 ,
2533 4242 3009 4311 ἀναμφισϐήτητον
3041 4241 3137 4312 τὴν
3165 4245 3465 4313 πρόρρησιν
3505 4245 3702 4310 ἔδειξεν

2144 4320 2325 4377 οὖσαν.
2362 4324 2433 4376 Οὐ
2468 4324 2564 4393 τὴν
2614 4324 2913 4393 πρόρρησιν
2963 4323 3018 4375 δὲ
3056 4326 3211 4393 μόνον
3238 4326 3530 4394 ἐδήλωσεν,
3568 4327 3703 4379 ἀλλά

2145 4408 2237 4459 καὶ
2270 4407 2467 4475 ἐτέρως
2516 4406 2673 4457 αὐτὸν
2727 4406 3059 4458 ἐπαίδευσεν.
3105 4407 3197 4467 Εἰς
3248 4407 3545 4474 ὑπόμνησιν
3594 4410 3700 4478 7&9

2142 4488 2299 4541 αὐτὸν
2329 4492 2498 4557 ῆγαγε
2532 4488 2638 4538 τῶν
2661 4487 2779 4538 τότε
2814 4487 3127 4556 λεχθέντων,
3165 4481 3292 4549 οἷον,
3335 4490 3415 4540 ὅτι
3460 4490 3550 4542 Ἐκ
3591 4493 3700 4543 Να-

2142 4572 2307 4640 ζαρὲτ
2334 4572 2583 4624 δύναταί
2613 4588 2665 4621 τι
2702 4567 3127 4638 dm06relrat;
3158 4573 3243 4638 ἐφ’
3267 4566 3310 4637 ᾧ
3342 4575 3432 4624 καὶ
3468 4574 3698 4641 μάλιστα

2142 4655 2397 4722 μειζόνως
2444 4653 2601 4704 αὐτὸν
2648 4651 2970 4715 ἀπεδέξατο·
3022 4655 3113 4705 καὶ
3157 4654 3491 4707 6113-10610
3534 4655 3695 4708 αὐτοῦ

2140 4736 2534 4804 φθεγξαμένου,
2567 4736 2624 4789 οὐ
2670 4734 2949 4801 κατέγνω,
2987 4735 3100 4791 ἀλλ’
3128 4735 3354 4805 ἐπῄνεσε
3398 4738 3488 4788 καί¹
3533 4738 3695 4789 ἐθαύ-

2142 4835 2301 4886 μασε.
2334 4818 2422 4871 Διὸ
2456 4820 2549 4869 καὶ
2576 4817 2640 4868 ἐκ
2665 4816 2852 4870 τούτου
2881 4818 3115 4871 συνεῖδεν
3136 4859 3149 4880 ,
3189 4818 3268 4870 ὅτι
3300 4820 3326 4870 ὁ
3360 4817 3586 4887 Χριστὸς
3606 4821 3695 4872 δν-

2137 4917 2243 4963 τως
2274 4901 2438 4961 ἐστὶν,
2473 4899 2579 4952 ἀπό
2602 4916 2660 4950 τε
2693 4900 2789 4968 τῆς
2822 4901 3210 4973 προρρήσεως,
3247 4899 3352 4952 ἀπό
3387 4916 3445 4951 τε
3473 4901 3563 4952 τοῦ
3596 4902 3696 4972 τὴν

2136 4983 2356 5052 γνώμην
2372 4983 2618 5047 ἐξετάσαι
2644 4984 2781 5051 μετὰ
2801 4984 3079 5053 ἀκριϐείας
3103 4983 3287 5036 αὐτοῦ·
3312 4983 3446 5052 ὅπερ
3466 4984 3697 5035 δεικνύν-

2135 5084 2222 5128 τος
2251 5063 2337 5137 ἦν,
2362 5068 2442 5119 ὅτι
2471 5066 2561 5119 καὶ
2594 5066 2662 5117 τὰ
2687 5069 2743 5117 ἐν
2772 5070 2834 5135 τῇ
2857 5066 3062 5134 διανοίᾳ
3091 5065 3252 5117 αὐτοῦ
3277 5068 3537 5133 ἠπίστατο
3559 5084 3571 5095 ·
3602 5068 3695 5121 ἆλ-

2135 5149 2239 5211 λως
2260 5166 2319 5200 τε
2351 5149 2443 5201 καὶ
2466 5148 2491 5187 h
2527 5148 2586 5200 16
2616 5148 2736 5199 καθ’
2767 5147 2953 5200 ἐαυτοῦ
2977 5147 3198 5208 δόξαντα
3228 5147 3425 5214 λέγειν,
3456 5149 3528 5218 μὴ
3553 5149 3693 5217 μέμ-

2133 5231 2352 5298 ψασθαι,
2382 5230 2515 5282 ἀλλὰ
2541 5231 2634 5282 καὶ
2657 5231 2961 5281 ἐπαινέσαι.
3004 5230 3121 5281 Ὀτι
3170 5229 3266 5297 μὲν
3295 5225 3386 5281 οῦν
3416 5230 3693 5299 ἐφώνησεν

2134 5312 2295 5365 αὐτὸν
2327 5316 2355 5365 ὁ
2377 5313 2637 5373 Φίλιππος
2662 5354 2675 5374 ,
2704 5310 2843 5363 εἷπε·
2881 5312 2931 5363 τί
2956 5311 3008 5363 δὲ
3036 5310 3182 5379 αὐτῷ
3219 5310 3457 5381 διελέχθη
3480 5353 3493 5374 ,
3520 5314 3611 5364 καὶ
3640 5315 3692 5365 τί

2134 5389 2283 5456 οὗτος
2313 5395 2522 5464 ἐκείνῳ,
2549 5397 2815 5463 παρῆκεν,
2868 5395 3023 5459 ἀφεὶς
3066 5391 3228 5443 αὐτοῦ
3258 5394 3271 5431 ί
3301 5393 3379 5461 τῷ
3412 5395 3687 5458 συνειδότι,

2135 5480 2224 5528 καὶ
2248 5479 2308 5529 οὐ
2346 5476 2660 5545 βουλόμενος
2690 5477 2847 5527 αὐτὸν
2881 5476 2973 5526 ἐπὶ
3002 5474 3159 5525 πλέον
3192 5473 3453 5543 ἐλέγχειν.

2196 5588 2218 5615 e
2261 5575 2430 5622 Morel.
2469 5579 2531 5629 ὡς
2553 5577 2808 5635 ἄνθρωπον.
2855 5576 3001 5622 Savil.
3027 5578 3090 5629 ὡς
3114 5575 3368 5636 ἄνθρωπος.
3406 5576 3556 5625 Paulo
3580 5585 3691 5636 post

2131 5635 2301 5699 Morel.
2326 5636 2605 5699 ἀπεκρίνατο
2623 5649 2632 5658 ·
2667 5636 2807 5699 εἷπεν.
2845 5636 2991 5699 Savil.
3015 5635 3413 5699 ἀπεκρίνατοχκοιὶ
3434 5640 3519 5699 γὰρ
3545 5635 3667 5684 εἶπεν

2131 5696 2265 5744 Unus
2289 5697 2345 5741 οὐ
2381 5694 2474 5757 γαρ
2506 5696 2646 5742 εἶπεν
2692 5694 2895 5743 Ἀνωθέν
2933 5712 2986 5741 σε
3026 5694 3148 5751 οἰδα,
3169 5697 3247 5740 καὶ
3283 5698 3362 5741 τὸν
3385 5694 3572 5757 τρόπον,
3608 5703 3688 5744 καί

2126 5759 2212 5811 τὴν
2234 5757 2305 5802 ἐπ.
2379 5755 2397 5792 ΐ
2436 5755 2582 5803 Savil.
2611 5758 2870 5815 legendum
2893 5762 3028 5815 putat
3060 5758 3137 5815 ἵνα
3160 5757 3321 5815 μάθῃς.
3417 5755 3440 5795 ε
3468 5758 3585 5803 "01:
3608 5758 3687 5803 καί

2128 5818 2275 5863 Saril.
2317 5821 2367 5863 et
2398 5817 2535 5863 codd.
2560 5814 2679 5864 cill.’
2730 5815 2757 5850 ιι
2784 5814 2951 5863 Morel.
3000 5814 3143 5861 αὐτοῦ
3166 5814 3265 5860 τὸν
3282 5818 3545 5869 Ναθαναήλ·
3572 5819 3686 5875 ὅπερ

2134 5878 2381 5935 ἠπίστατο·
2405 5874 2544 5923 τοῦτο
2561 5877 2905 5937 συνελογίσατο.
2932 5874 3113 5930 Ἀλὶως
3136 5890 3184 5922 τε
3206 5875 3302 5923 καί,
3372 5878 3388 5914 ι
3417 5878 3513 5925 A.ii
3538 5874 3686 5937 αὐτῷ.
