4094 6370
334 370 430 425 125

332 503 424 542 nes
450 501 611 557 porro
638 478 811 544 vicum
862 488 1002 543 illius
1052 490 1320 553 nominat;
1360 501 1415 545 ut
1457 507 1714 562 agnoscas
1746 494 1910 549 Deum

331 583 533 634 inlirtna
577 580 756 635 mundi
784 581 1027 649 elegisse.
1052 581 1141 634 45.
1174 581 1370 635 Invenit
1410 581 1681 652 Philippus
1714 583 1914 638 Na:ha-

332 671 458 732 tutel,
486 681 533 723 et
562 673 682 724 dicit
706 672 822 725 illi:
854 671 1013 738 Quem
1041 673 1245 742 scripsit
1268 673 1470 745 Moyses
1497 680 1549 728 in
1580 676 1688 746 lege
1716 687 1761 729 et
1792 694 1914 747 pro-

329 765 508 831 plteue.
541 765 841 826 invenimus,
862 763 1039 818 Iesum
1060 765 1224 834 ﬁlium
1243 765 1431 837 Ioseph
1459 784 1489 820 a
1518 767 1759 822 Nazaret.
1787 768 1913 824 llaec

328 856 455 909 dicit
482 866 536 909 ut
558 856 716 909 ﬁdem
740 856 1098 924 przedicationi
1121 858 1448 921 conciliaret,
1473 874 1535 912 ex
1555 858 1737 931 Moyse
1758 876 1911 914 nem-

330 966 393 1018 pe
420 959 471 1004 et
496 950 791 1019 pmphetis,
820 959 983 1020 utque
1003 950 1298 1006 auditorem
1328 952 1452 1006 inde
1477 953 1910 1008 venerabundum

328 1042 592 1095 redderet.
624 1041 755 1109 Quia
784 1042 927 1096 enim
957 1041 1249 1097 Nathanael
1286 1044 1488 1113 peritus
1517 1054 1651 1109 erat,
1690 1056 1744 1101 et
1774 1047 1913 1100 veri-

327 1133 449 1185 tatis
477 1131 749 1187 studiosus
778 1142 1034 1199 sectator,
1066 1133 1306 1190 utetiam
1332 1133 1576 1191 Christus
1600 1137 1910 1194 testiﬁcatus

326 1234 427 1287 est,
457 1224 675 1292 ipsaque
697 1240 782 1279 res
802 1226 1187 1294 comprobavit,
1213 1228 1333 1295 jure
1363 1228 1507 1282 illum
1530 1229 1595 1284 ad
1627 1230 1839 1301 Moysen
1857 1240 1912 1287 et

327 1314 614 1382 prophetas
641 1316 804 1381 misit,
833 1327 888 1371 ut
913 1317 990 1372 sic
1012 1318 1359 1387 przedicatum
1401 1320 1550 1375 illum
1594 1324 1906 1392 susciperet.

326 1406 379 1460 Si
425 1415 603 1461 autem
633 1405 785 1461 illum
817 1409 980 1463 tilium
1008 1409 1205 1480 Ioseph
1235 1411 1485 1481 appellat,
1528 1427 1597 1468 ne
1633 1414 1864 1470 turberis
1892 1432 1906 1470 :

326 1499 497 1554 adhuc
526 1502 667 1556 enim
698 1501 917 1572 Iosephi
946 1503 1086 1558 ﬁlius
1103 1518 1223 1559 esse
1242 1505 1667 1560 existimabatur.
1688 1506 1751 1561 Et
1770 1507 1910 1562 unde

325 1601 552 1656 constat,
574 1592 836 1663 Philippe,
860 1593 1002 1649 hunc
1019 1609 1138 1650 esse
1161 1611 1319 1665 quem
1343 1596 1513 1651 dicis?
1532 1598 1672 1669 quod
1699 1599 1906 1668 signum

325 1682 420 1736 das
452 1682 642 1736 nobis?
669 1683 785 1737 Non
827 1683 1025 1740 sufﬁcit
1071 1688 1213 1741 enim
1262 1688 1329 1741 ita
1364 1690 1725 1756 pronuntiare.
1756 1690 1908 1756 Quod

322 1775 534 1845 signum
575 1774 790 1829 vidisti?
838 1778 977 1846 quod
1011 1778 1359 1833 miraculum?
1385 1779 1500 1833 Non
1528 1780 1643 1836 sine
1673 1783 1908 1851 periculo

322 1867 484 1921 tantis
512 1867 671 1921 rebus
701 1878 903 1931 temere
950 1869 1083 1924 ﬁdes
1127 1871 1373 1925 habetur.
1402 1872 1554 1940 Quod
1585 1888 1712 1945 ergo
1745 1874 1907 1930 habes

320 1964 729 2034 argumentum?
786 1964 929 2019 ldem
976 1966 1171 2035 ipsum,
1220 1966 1407 2037 inquit,
1453 1968 1594 2039 quod
1641 1969 1902 2023 Andreas.

318 2053 453 2108 Nam
493 2056 581 2109 ille
625 2071 747 2109 cum
795 2059 1102 2112 thesaurum
1132 2074 1290 2128 quem
1322 2070 1594 2129 repererat
1619 2063 1903 2116 enuntiare

321 2164 427 2202 non
457 2148 677 2212 valeret,
725 2164 901 2219 neque
940 2151 1119 2205 verbis
1148 2152 1443 2217 declarare,
1477 2152 1693 2208 fratrem
1745 2171 1903 2224 quem

318 2240 518 2306 reperit
548 2240 641 2292 illo
670 2239 904 2294 adducit.
938 2240 1025 2296 Sic
1053 2252 1105 2296 et
1132 2243 1253 2307 iste,
1276 2243 1543 2312 quomodo
1562 2244 1648 2298 ille
1671 2245 1907 2300 sitChri-

317 2343 452 2395 stus,
486 2342 541 2388 et
568 2335 838 2404 quomodo
872 2336 1018 2390 illum
1057 2339 1329 2407 prophette
1355 2341 1777 2409 prmnuntiarint,
1800 2358 1903 2397 non

317 2426 473 2489 dicit;
498 2428 588 2481 sed
608 2428 754 2482 ducit
782 2428 927 2483 illum
956 2431 1021 2485 ad
1051 2431 1254 2498 Iesum,
1273 2434 1447 2489 sciens
1476 2434 1622 2490 illum
1640 2452 1743 2491 non
1768 2438 1905 2492 ultra

317 2519 678 2574 discessurum
702 2536 843 2585 esse,
871 2524 914 2576 si
945 2524 1082 2578 illius
1108 2526 1265 2578 verba
1289 2526 1696 2597 doctrinamque
1720 2540 1903 2599 gusta-

317 2622 421 2664 ret.
449 2612 536 2667 46.
574 2611 641 2665 Et
671 2614 800 2668 dixit
831 2616 876 2668 ei
918 2615 1214 2670 Nat/iauael
1237 2635 1255 2671 :
1283 2618 1326 2671 Α
1357 2618 1583 2674 Nazaret
1613 2631 1774 2689 potest
1802 2623 1905 2675 ali-

315 2707 440 2775 quid
466 2706 583 2759 boni
606 2709 780 2761 exire?
807 2708 939 2763 Dicit
965 2711 1012 2763 ei
1040 2709 1312 2782 Philippus
1333 2729 1352 2766 :
1387 2712 1529 2775 Veni,
1571 2723 1617 2768 et
1653 2716 1781 2769 vide.
1812 2717 1902 2771 47.

327 2798 465 2852 Vidit
490 2798 645 2854 Iesus
672 2799 967 2857 Nat/ranae!
986 2806 1260 2860 venientem
1285 2807 1352 2860 ad
1377 2824 1448 2871 se,
1492 2816 1539 2861 et
1573 2809 1693 2863 dicit
1718 2810 1783 2865 de
1801 2828 1859 2864 eo
1884 2827 1905 2866 :

314 2889 453 2945 Ecce
476 2908 589 2946 vere
615 2891 873 2962 Israelita,
905 2897 958 2949 in
987 2913 1086 2967 quo
1134 2898 1282 2953 dolus
1308 2916 1407 2954 non
1434 2911 1528 2955 est.
1557 2902 1709 2969 Quod
1733 2902 1904 2957 dixis-

313 2996 419 3048 set,
447 2988 491 3040 Α
514 2986 743 3042 Nazaret
762 3000 923 3059 potest
948 2990 1143 3064 aliquid
1160 2993 1276 3046 boni
1294 2997 1429 3049 exire
1445 2995 1471 3048 Ρ
1492 2996 1612 3052 ideo
1634 2997 1901 3053 hominem

314 3080 498 3134 laudat
524 3090 579 3135 et
604 3083 846 3137 miratur.
879 3086 1039 3155 Atqui
1071 3085 1393 3144 incusandus
1436 3091 1613 3160 potius
1639 3102 1774 3148 erat.
1804 3093 1904 3147 Mi-

314 3175 481 3229 nime.
510 3174 694 3246 Neque
723 3178 865 3232 enim
892 3179 1055 3233 verba
1094 3195 1201 3235 non
1230 3181 1499 3238 credentis
1526 3196 1699 3249 erant,
1731 3201 1905 3257 neque

314 3268 691 3323 criminatione
716 3269 891 3340 digna,
926 3271 1021 3325 sed
1060 3270 1236 3327 laude.
1272 3274 1550 3341 Quomodo
1590 3287 1645 3333 et
1688 3295 1790 3349 qua
1819 3296 1904 3334 ra-

316 3361 498 3415 tione?
524 3360 656 3428 Quia
697 3361 785 3418 hic
812 3365 981 3434 magis
1006 3381 1164 3435 quam
1194 3367 1470 3439 Philippus
1498 3372 1552 3425 in
1580 3371 1903 3441 pr0pheticis

312 3462 558 3506 versatus
585 3462 719 3508 erat.
752 3455 1010 3511 Audierat
1034 3458 1175 3513 enim
1220 3475 1282 3513 ex
1313 3461 1601 3531 Scripturis
1630 3464 1901 3521 Christum

313 3558 378 3596 ex
416 3543 726 3600 Bethlehem
754 3548 1011 3602 oriturum
1045 3565 1184 3614 esse,
1214 3560 1270 3607 et
1294 3570 1356 3607 ex
1385 3555 1500 3609 vico
1523 3556 1573 3609 in
1600 3573 1705 3627 quo
1731 3559 1903 3616 fuerat

314 3635 502 3689 David.
523 3637 599 3691 Ea
626 3638 805 3709 itaque
821 3641 957 3695 fama
982 3642 1119 3710 apud
1147 3642 1358 3699 Iudaros
1384 3647 1677 3715 obtinebat,
1696 3662 1748 3705 et
1775 3667 1901 3720 pro-

315 3724 476 3794 pheta
499 3727 632 3781 olim
663 3729 1049 3798 prmdicaverat
1075 3732 1158 3788 his
1190 3736 1366 3790 verhis
1387 3755 1398 3789 :
1422 3737 1489 3791 Et
1524 3750 1577 3793 tu
1606 3739 1900 3798 Bethlehem

312 3835 637 3890 nequaquam
670 3821 881 3875 minima
908 3840 959 3877 es
984 3823 1037 3876 in
1065 3824 1374 3895 principibus
1399 3828 1575 3885 Iuda:
1596 3849 1659 3886 ea:
1695 3844 1741 3888 te
1768 3838 1901 3889 enim

310 3912 442 3965 exiet
464 3912 573 3967 dua:
599 3914 687 3984 qui
709 3925 850 3985 regat
880 3918 1125 3987 populum
1153 3936 1316 3975 meum
1339 3920 1506 3978 Israel
1534 3925 1551 3995 (
1567 3924 1729 3981 Mich.
1757 3930 1811 3984 5.
1842 3928 1901 3989 2.

312 4003 505 4059 Matth.
537 4005 593 4059 2.
617 4007 671 4062 6.
704 4005 863 4063 Joan.
888 4010 939 4063 7.
970 4010 1087 4083 Η).
1111 4010 1243 4068 Cum
1272 4015 1508 4071 audisset
1527 4033 1702 4088 ergoa
1731 4021 1901 4078 Naza-

309 4108 398 4155 rct
426 4115 567 4167 esse,
597 4103 841 4159 turbatus
865 4114 1025 4161 estet
1048 4107 1325 4177 dubitavit,
1355 4113 1497 4182 quod
1527 4114 1755 4188 Philippi
1783 4135 1903 4176 ver-

308 4193 377 4247 ba
404 4208 524 4247 cum
559 4194 869 4265 prophetica
899 4198 1245 4266 praedictione
1286 4219 1390 4259 non
1430 4218 1733 4267 consonare
1754 4213 1903 4269 vide-

308 4296 415 4340 ret.
445 4287 825 4343 Animadverte
853 4300 1031 4346 autem
1062 4293 1179 4361 ejus
1200 4294 1253 4348 in
1282 4296 1394 4364 ipsa
1417 4298 1747 4358 dubitatione
1776 4320 1902 4374 pru-

307 4379 549 4434 dentiam
583 4381 1025 4454 modestiamque.
1066 4385 1183 4441 Non
1226 4389 1368 4443 enim
1408 4393 1586 4447 statim
1636 4394 1790 4461 dixit,
1819 4398 1900 4454 Me

307 4474 472 4540 fallis,
498 4489 531 4529 ο
562 4474 827 4544 Philippe,
859 4486 913 4532 et
941 4479 1218 4535 mentiris:
1244 4497 1350 4536 non
1372 4485 1554 4550 credo,
1584 4504 1689 4542 non
1708 4490 1897 4545 adibo:

306 4583 337 4621 a
373 4568 653 4637 prophetis
682 4569 843 4623 didici
872 4569 1141 4626 Christum
1185 4589 1215 4628 a
1263 4575 1570 4632 Bethlehem
1616 4590 1897 4636 venturum

304 4676 455 4723 esse,
480 4671 537 4715 et
558 4670 613 4714 tu
643 4662 798 4724 dicis,
830 4677 859 4715 a
887 4661 1147 4720 Nazaret:
1172 4681 1302 4736 ergo
1322 4685 1428 4723 non
1458 4670 1501 4726 is
1528 4673 1642 4741 ipse
1672 4683 1773 4729 est.
1799 4673 1902 4728 Ve-

308 4770 430 4808 rum
462 4753 595 4807 nihil
620 4754 795 4808 simile
819 4754 981 4821 dixit;
1014 4756 1110 4811 sed
1138 4759 1302 4827 quid?
1342 4761 1468 4816 Adit
1493 4763 1642 4817 illum
1669 4775 1722 4818 et
1750 4767 1895 4835 ipse;

308 4860 376 4899 ac
406 4845 533 4899 dum
567 4860 673 4899 non
701 4845 937 4901 admittit
961 4863 1082 4903 eum
1113 4850 1392 4907 aNazaret
1420 4869 1561 4920 esse,
1591 4870 1896 4912 accuratum

308 4938 714 5005 Scripturarum
745 4938 981 4994 studium
1006 4942 1261 5007 ostendit,
1292 4952 1346 4997 et
1375 4959 1552 5000 mores
1578 4961 1704 5002 suos
1744 4948 1899 5003 falla-

306 5032 410 5086 ciae
440 5047 548 5085 non
581 5030 877 5097 obnoxios;
909 5034 1047 5102 quod
1076 5044 1254 5091 autem
1284 5036 1398 5092 haec
1424 5041 1757 5095 nuntiantem
1792 5058 1897 5097 non

308 5132 550 5189 respuat,
580 5139 830 5194 magnum
862 5124 1058 5181 Christi
1102 5127 1360 5183 adventus
1389 5129 1711 5187 desiderium
1742 5132 1898 5188 exhi-

306 5213 421 5269 bet.
450 5214 737 5285 Cogitabat
778 5216 920 5270 enim
949 5219 1188 5287 potuisse
1215 5219 1517 5291 Philippum
1546 5224 1691 5278 circa
1720 5224 1897 5280 locum

307 5322 517 5361 errare.
1104 5379 1107 5381 ἓ

384 5397 439 5451 2.
480 5398 863 5455 Animadverte
906 5400 1058 5467 item,
1100 5416 1258 5472 quam
1299 5403 1572 5459 moderate
1613 5404 1769 5459 ﬁdem
1798 5406 1896 5477 ipsi

312 5499 492 5562 neget,
524 5503 579 5546 et
625 5492 938 5563 interroget.
968 5492 1154 5565 Neque
1195 5496 1336 5550 enim
1382 5496 1537 5558 dixit,
1583 5496 1724 5551 Nihil
1770 5497 1896 5553 boni

312 5586 416 5637 lert
444 5584 701 5647 Galiltea;
729 5585 823 5639 sed
850 5585 1156 5655 quomodo?
1189 5587 1231 5640 Λ
1258 5586 1483 5641 Nazaret
1510 5598 1669 5658 potest
1703 5589 1898 5659 aliquid

311 5676 428 5728 boni
455 5676 605 5731 esse?
629 5675 905 5747 Philippus
931 5691 1144 5748 quoque
1168 5677 1456 5733 admodum
1498 5679 1732 5749 prudens
1758 5690 1895 5733 erat.

314 5768 494 5839 Neque
522 5770 667 5824 enim
695 5770 1096 5826 contradicente
1122 5772 1235 5839 illo,
1282 5773 1585 5844 indignatur
1632 5773 1718 5829 vel
1756 5788 1897 5843 argre

318 5864 453 5934 fert;
479 5863 575 5921 scd
605 5874 808 5936 perstat
836 5875 1035 5930 tamen,
1060 5869 1311 5924 utvirum
1342 5871 1408 5929 ad
1440 5870 1707 5928 Christum
1731 5869 1895 5926 addu-

648 5961 915 6012 PsrnOL.
963 5955 1076 6014 Gtt.
1126 5953 1285 6017 LIX.

1380 371 1443 429 IN
1480 362 1792 432 JOANNEM
1835 374 2060 435 eoum.
2104 382 2222 442 xx.
2264 387 2335 442 al.
2382 374 2525 446 six.

3504 401 3604 458 126

2021 508 2128 563 cat,
2162 511 2215 556 et
2245 517 2273 556 a
2300 506 2563 579 principio
2590 511 2941 581 apostolicam
2971 518 3327 574 constantiam
3359 522 3597 581 exhibet.

2019 585 2250 661 Ideoque
2270 596 2344 650 ait
2373 596 2652 659 Christus:
2680 602 2809 660 Ecce
2826 621 2939 661 vere
2963 606 3224 678 Israelita,
3244 614 3297 667 in
3322 633 3423 688 quo
3455 618 3605 676 dolus

2017 696 2120 734 non
2144 693 2238 740 est.
2266 684 2449 757 Itaque
2471 700 2645 759 potest
2670 694 2907 752 Israelita
2934 703 3163 759 mendax
3191 684 3347 763 esse
3375 711 3468 765 sed
3494 730 3603 771 non

2019 770 2107 829 hic
2133 775 2213 829 vir
2243 780 2390 844 talis;
2425 783 2541 852 ejus
2564 785 2759 856 quippe
2781 784 3039 858 judicium
3065 797 3264 853 nullam
3290 799 3448 858 habet
3474 820 3602 873 per-

2017 877 2264 922 sonarum
2284 876 2643 942 acceptionem
2661 896 2674 941 ;
2693 879 2822 935 nihil
2838 882 2903 937 ad
2921 887 3164 954 gratiam,
3186 891 3312 947 nihil
3331 896 3395 947 ad
3418 898 3600 955 odium

2017 954 2270 1026 loquitur.
2293 963 2453 1033 Atqui
2477 966 2643 1022 Iuda‘i
2671 986 2883 1041 quoque
2905 976 3213 1051 interrogati
3242 985 3328 1040 ubi
3353 954 3602 1047 Christus

2015 1062 2345 1119 nasceretur,
2374 1056 2643 1129 dixerunt,
2679 1062 2733 1117 ln
2764 1065 3098 1134 Bethlehem,
3129 1085 3183 1128 et
3209 1075 3310 1131 hoc
3354 1083 3601 1137 testimo-

2017 1141 2162 1195 nium
2198 1147 2560 1213 protulerunt:
2588 1153 2654 1207 Et
2684 1164 2739 1209 tu
2764 1156 3080 1229 Bethlehem,
3110 1182 3427 1238 nequaquam
3450 1176 3603 1229 mini-

2014 1246 2101 1334 ma
2120 1249 2171 1288 es
2196 1235 2247 1289 in
2274 1238 2583 1309 principibus
2598 1244 2758 1300 Iuda.
2779 1248 2974 1306 Verum
2996 1254 3072 1309 illi
3097 1235 3404 1330 priusquam
3425 1267 3600 1334 ipsum

2013 1324 2279 1393 viderent,
2312 1329 2427 1386 haec
2456 1335 2882 1395 testiﬁcabantur
2915 1359 2931 1397 :
2977 1345 3069 1400 ubi
3098 1324 3295 1406 autem
3328 1324 3597 1423 viderunt,

2013 1429 2125 1485 pra:
2152 1418 2353 1476 invidia
2381 1426 2747 1486 testimonium
2775 1435 3111 1493 occultarunt
3146 1440 3418 1501 dicentes:
3448 1418 3601 1504 llunc

2013 1518 2181 1563 autem
2210 1514 2455 1570 nescimus
2482 1520 2613 1573 unde
2636 1523 2701 1575 sit
2727 1522 2905 1595 (Joan.
2930 1526 2983 1582 9.
3013 1530 3125 1602 29).
3152 1533 3445 1594 Nathanael
3470 1557 3601 1597 vero

1968 1672 1971 1673 ν
2014 1618 2120 1656 non
2148 1607 2255 1671 sic;
2288 1609 2380 1662 sed
2408 1626 2564 1679 quam
2592 1629 2621 1667 a
2656 1617 2914 1688 principio
2950 1621 3017 1678 de
3042 1624 3135 1679 illo
3161 1629 3465 1697 opinionem
3498 1633 3599 1690 ha-

2012 1696 2149 1762 buit,
2180 1698 2317 1755 hanc
2339 1706 2589 1768 servavit,
2619 1723 2811 1780 nempe
2838 1713 2982 1768 illum
3014 1731 3041 1768 a
3064 1696 3295 1776 Nazaret
3319 1739 3422 1778 non
3451 1743 3597 1785 esse.

2011 1789 2120 1843 Cur
2143 1806 2271 1860 ergo
2303 1793 2452 1849 illum
2493 1797 2825 1857 Nazarenum
2880 1808 3155 1878 propheta:
3184 1818 3415 1871 vocant?
3444 1820 3597 1887 Quod

2010 1884 2081 1938 ibi
2127 1885 2381 1944 educatus
2423 1889 2629 1957 fuisset,
2664 1905 2719 1951 et
2763 1901 3068 1957 mansisset.
3114 1904 3229 1961 Non
3258 1909 3388 1966 dicit
3416 1884 3598 1971 autem

2009 1975 2275 2045 Christus,
2309 1980 2419 2035 Non
2449 1999 2564 2039 sum
2589 2002 2652 2041 ex
2676 1987 2921 2055 Nazaret,
2958 2003 3015 2049 ut
3045 1996 3137 2051 tibi
3162 1998 3436 2073 Philippus
3457 2021 3598 2062 nun-

2011 2067 2178 2132 tiavit,
2212 2072 2306 2127 sed
2337 2089 2400 2128 ex
2433 2076 2771 2151 Bethlehem,
2798 2100 2866 2140 ne
2897 2089 3075 2143 statim
3101 2067 3488 2153 dubitationem
3513 2100 3602 2155 in-

2004 2161 2214 2231 jiceret.
2249 2166 2330 2222 Ad
2362 2167 2496 2235 haec,
2548 2175 2759 2231 etiamsi
2803 2177 2855 2233 id
2886 2184 3265 2252 persuasisset,
3323 2204 3429 2244 non
3478 2193 3599 2249 ido-

2010 2270 2167 2310 neum
2205 2264 2381 2314 tamen
2413 2262 2545 2318 illud
2590 2265 2842 2323 indicium
2872 2281 3009 2339 erat,
3038 2276 3181 2345 quod
3210 2278 3325 2348 ipse
3352 2280 3598 2343 Christus

2010 2356 2171 2401 esset.
2206 2350 2343 2417 Quid
2370 2355 2509 2410 enim
2542 2359 2776 2427 vetabat,
2808 2378 2929 2419 eum
2957 2367 3047 2435 qui
3070 2368 3124 2423 in
3154 2370 3466 2432 Bethlehem
3495 2394 3597 2433 na-

2012 2449 2098 2494 tus
2117 2455 2259 2498 esset
2288 2461 2390 2499 non
2419 2463 2537 2504 esse
2564 2450 2854 2520 Christum,
2888 2467 2945 2512 ut
2974 2468 3082 2515 tam
3133 2465 3284 2520 multi
3317 2468 3421 2524 illic
3448 2471 3597 2526 nati?

2012 2531 2123 2587 Hoc
2144 2550 2269 2604 ergo
2295 2538 2474 2607 mittit,
2514 2542 2762 2614 quodque
2806 2547 2953 2603 illum
2984 2553 3151 2623 magis
3181 2555 3245 2610 ad
3270 2559 3597 2618 credendum

2011 2624 2225 2680 trahere
2254 2638 2477 2696 poterat,
2511 2632 2561 2687 id
2592 2638 2719 2704 agit,
2749 2638 2873 2693 dum
2904 2640 3141 2699 declarat
3161 2662 3219 2702 se
3252 2649 3458 2705 illorum
3486 2654 3598 2709 col-

2010 2716 2191 2787 loquio
2219 2733 2537 2790 praesentem
2562 2725 2739 2784 fuisse.
2775 2730 2906 2786 Cum
2938 2734 3160 2792 dixisset
3201 2754 3328 2810 ergo
3357 2743 3479 2799 ille:
3502 2746 3593 2802 48.

2014 2807 2162 2865 Unde
2190 2830 2267 2865 me
2293 2817 2463 2869 nosti?
2492 2821 2788 2889 respondit:
2807 2823 3116 2897 Pn'usquam
3142 2840 3188 2884 te
3215 2807 3490 2905 Philippus
3511 2855 3598 2892 vo-

2007 2912 2163 2970 caret,
2193 2920 2306 2958 cum
2335 2922 2465 2962 esses
2485 2910 2576 2964 sub
2601 2913 2724 2979 ﬁcu,
2756 2915 2859 2969 vidi
2882 2926 2948 2970 te.
2994 2918 3126 2975 Vide
3152 2923 3281 2978 mihi
3322 2926 3596 2984 hominem

2008 3007 2339 3052 constantem
2372 3009 2427 3054 et
2470 3000 2698 3058 ﬁrmum.
2731 3004 2860 3061 Cum
2890 3008 3116 3067 dixisset
3148 3016 3289 3069 enim
3327 3016 3594 3085 Christus,

2008 3082 2143 3140 Ecce
2177 3104 2289 3142 vere
2315 3088 2569 3159 Israelita,
2620 3111 2725 3150 non
2758 3098 3003 3157 laudibus
3049 3106 3319 3162 emoliitus
3345 3118 3445 3177 est,
3487 3129 3595 3169 non

2008 3179 2264 3234 encomiis
2292 3192 2497 3253 raptus,
2525 3185 2620 3241 sed
2652 3199 2853 3257 perstat
2892 3192 3166 3263 inquirens
3205 3207 3262 3252 et
3297 3204 3596 3260 accuratius

2007 3272 2311 3340 explorans,
2344 3276 2563 3346 vultque
2603 3280 2809 3336 clarum
2860 3286 3131 3356 quidpiam
3175 3291 3433 3349 ediscere.
3480 3296 3596 3367 Ipse

2010 3364 2169 3433 igitur
2200 3382 2257 3421 ut
2285 3370 2446 3425 homo
2472 3371 2647 3428 adhuc
2672 3378 2949 3446 perquirit.
2978 3380 3133 3437 Iesus
3158 3395 3336 3441 autem
3370 3399 3429 3443 ut
3458 3364 3597 3447 Deus

2008 3458 2314 3525 respondet,
2366 3461 2483 3516 Iam
2530 3473 2582 3520 te
2628 3477 2754 3522 ante
2787 3470 2923 3537 vidi;
2975 3489 3183 3530 morum
3233 3480 3431 3550 quippe
3478 3484 3596 3552 ejus

2006 3551 2329 3619 mquitatem,
2350 3571 2454 3609 non
2485 3564 2541 3611 ut
2568 3558 2726 3614 homo
2746 3563 2834 3631 qui
2859 3564 3026 3632 ipsum
3043 3581 3299 3637 sequutus
3315 3584 3475 3638 esset,

2000 3640 2110 3711 jam
2142 3643 2268 3698 olim
2306 3658 2363 3700 ut
2389 3647 2528 3703 Deus
2558 3663 2812 3708 noverat:
2843 3666 2915 3719 et,
2947 3656 3100 3716 Nunc
3124 3662 3229 3717 vidi
3260 3674 3309 3719 te
3344 3666 3443 3721 sub
3467 3667 3593 3737 ﬁcu,

2006 3749 2125 3788 cum
2178 3737 2357 3793 nullus
2386 3740 2458 3794 ibi
2480 3741 2711 3806 adesset,
2744 3747 2845 3801 nisi
2871 3747 3146 3821 Philippus
3183 3764 3238 3809 et
3277 3756 3593 3828 Nathanael,

2005 3828 2093 3895 qui
2125 3831 2347 3885 scorsim
2377 3832 2447 3887 ibi
2477 3832 2592 3889 ha2c
2635 3835 3013 3906 loquebantur.
3058 3842 3182 3899 ldeo
3227 3845 3425 3903 dictum
3469 3862 3591 3908 est:

2015 3919 2202 3976 Videas
2242 3923 2386 3978 illum
2423 3942 2456 3978 a
2499 3927 2665 3999 longe,
2706 3930 2835 3985 dixit
2859 3947 2879 3985 :
2903 3932 3037 3988 Ecce
3087 3952 3198 3991 vere
3224 3936 3464 3995 Israelita
3490 3958 3510 3996 .°
3533 3953 3596 4000 ut

2004 4015 2323 4083 edisceret',
2340 4018 2501 4073 etiam
2527 4029 2811 4092 antequam
2834 4024 3106 4097 Philippus
3122 4029 3454 4100 adventaret,
3479 4035 3595 4092 haec

2005 4109 2279 4180 loquutum
2318 4110 2589 4168 Christum
2629 4130 2771 4180 esse,
2804 4133 2871 4173 ne
2900 4132 3203 4190 suspectum
3230 4127 3593 4187 testimonium

2007 4203 2245 4258 haberet.
2280 4204 2509 4275 ideoque
2552 4215 2607 4261 et
2648 4218 2855 4279 tempus
2883 4211 3017 4267 dixit
3042 4222 3097 4269 et
3125 4217 3322 4282 locum,
3353 4229 3409 4274 et
3432 4223 3594 4278 arbo-

2004 4311 2140 4351 rem.
2183 4296 2316 4351 Nam
2345 4298 2388 4351 si
2422 4307 2626 4354 tantum
2670 4301 2915 4368 dixisset,
2966 4307 3267 4377 Antequam
3319 4311 3594 4384 Philippus

2005 4391 2232 4457 veniret,
2264 4400 2314 4445 te
2351 4391 2610 4457 videram,
2642 4408 2729 4448 res
2758 4406 3003 4465 suspecta
3048 4399 3250 4467 luisset,
3283 4405 3435 4472 quasi
3478 4407 3595 4477 ipse

2006 4483 2240 4538 misisset
2266 4483 2591 4553 Philippum,
2618 4486 2855 4555 nihilque
2882 4490 3057 4558 magni
3082 4490 3312 4559 diceret;
3338 4511 3480 4552 nunc
3498 4513 3594 4553 au-

2006 4583 2134 4637 tem,
2165 4576 2381 4644 etquod
2418 4577 2590 4629 locmn
2618 4577 2763 4631 dicat
2790 4580 2842 4632 in
2869 4595 2975 4649 quo
3000 4582 3312 4651 loquebatur
3326 4599 3447 4640 cum
3469 4587 3595 4643 Phi-

2000 4665 2170 4735 lippo,
2199 4676 2251 4720 et
2272 4666 2412 4736 quod
2434 4667 2642 4722 arboris
2664 4672 2918 4739 speciem,
2944 4682 2997 4727 et
3018 4674 3156 4743 quod
3183 4676 3433 4748 colloquii
3457 4689 3594 4735 tem-

2009 4772 2124 4824 pus,
2158 4756 2289 4810 nihil
2339 4758 2484 4812 dubii
2524 4761 2665 4814 circa
2698 4777 2810 4816 rem
2860 4766 3266 4831 pmnuntiatam
3313 4770 3590 4843 relinquit.

2004 4846 2189 4917 Neque
2211 4847 2333 4902 hinc
2355 4859 2581 4916 tantum,
2611 4852 2702 4906 sed
2725 4853 2831 4907 alio
2854 4870 3065 4925 quoque
3089 4859 3250 4913 modo
3270 4860 3443 4929 ipsum
3466 4879 3593 4919 eru-

2005 4938 2103 5001 dit,
2132 4939 2259 4992 dum
2292 4949 2554 4994 memorat
2573 4957 2637 4996 ea
2658 4958 2777 5011 quae
2807 4943 3070 5008 dixerant,
3100 4963 3311 5019 nempe,
3341 4952 3384 5004 Α
3410 4951 3593 5009 Naso-

2004 5040 2078 5082 ret
2105 5039 2263 5099 potest
2290 5031 2485 5099 aliquid
2527 5032 2644 5086 boui
2690 5036 2835 5088 esse?
2880 5052 2986 5106 quo
3015 5038 3164 5093 illum
3216 5041 3320 5096 sibi
3360 5047 3594 5103 maxime

2004 5124 2339 5189 conciliavit;
2367 5133 2420 5178 et
2448 5126 2591 5194 quod
2619 5126 2765 5180 illum
2809 5129 2880 5183 ita
2908 5129 3211 5200 loquentem
3254 5151 3359 5191 non
3389 5138 3593 5208 impro-

2007 5212 2235 5280 baverit,
2260 5214 2695 5285 sedlaudaverit,
2730 5221 3056 5293 miratusque
3079 5223 3257 5281 fuerit.
3294 5228 3447 5283 Unde
3468 5229 3593 5287 hinc

2007 5305 2167 5360 etiam
2189 5321 2315 5360 vere
2335 5306 2605 5363 Christum
2629 5310 2780 5366 illum
2811 5328 2930 5369 esse
2954 5319 3225 5388 cognovit,
3268 5327 3375 5372 tum
3402 5335 3432 5373 a
3464 5336 3593 5390 pro-

2003 5399 2204 5469 phetia,
2239 5409 2349 5454 tum
2378 5402 2521 5472 quod
2561 5404 2677 5473 ejus
2726 5410 3041 5464 sententiam
3070 5420 3315 5465 accurate
3341 5413 3594 5481 explora-

2002 5500 2107 5557 ret,
2132 5510 2239 5560 quo
2264 5495 2586 5551 ostendebat
2615 5512 2674 5552 se
2704 5499 2794 5553 illa
2821 5502 2979 5556 etiam
3007 5517 3124 5573 quae
3149 5505 3200 5557 in
3233 5514 3414 5559 mente
3437 5508 3590 5562 erant
3628 5560 3637 5571 ,

2006 5586 2334 5656 intelligere:
2360 5588 2427 5642 ad
2462 5588 2577 5644 haec
2618 5592 2778 5645 etiam
2821 5594 2960 5663 quod
2990 5610 3051 5649 ea
3079 5610 3200 5666 qua:
3228 5597 3342 5666 ipse
3365 5598 3503 5667 apud
3531 5615 3591 5655 se

2002 5676 2253 5748 loquutus
2292 5688 2427 5747 erat,
2473 5695 2581 5736 non
2622 5695 2890 5755 argueret,
2931 5686 3039 5743 imo
3075 5686 3339 5745 laudaret.
3381 5690 3532 5758 Quod
3558 5706 3590 5746 a

2068 5816 2084 5847 ¹
2121 5817 2259 5890 Savil.
2279 5817 2545 5890 legendum
2577 5829 2733 5884 putat,
2755 5830 2804 5875 tu
2826 5823 3098 5890 cdisceres;
3121 5826 3208 5878 sed
3233 5827 3464 5881 edisceret
3488 5842 3587 5883 nte-

2007 5874 2621 5944 liusquadrat‘adset‘ietit.
2720 5874 2732 5884 ’
2891 5874 3222 6016 “iV-"VWB
