4094 6370
484 355 590 415 127

480 470 731 541 Philippo
756 475 975 525 vocatus
998 464 1209 531 fuisset,
1232 463 1284 519 id
1310 462 1473 527 dixit;
1503 474 1565 516 ea
1583 472 1713 513 vero
1735 470 1854 525 qua:
1881 461 2066 509 mutuo

481 561 684 633 loqunti
730 560 941 616 fuerant
980 560 1143 614 missa
1185 555 1330 620 fecit,
1353 553 1469 622 ejus
1511 548 1853 606 conscientia:
1900 543 2065 601 relin-

480 668 672 723 quens,
705 651 847 720 quod
873 650 1041 705 nollet
1064 664 1186 706 eum
1215 647 1443 717 amplius
1466 656 1706 713 arguere.

519 744 573 801 5.
596 739 851 810 Exemplo
870 732 1485 807 Nathanaelcognitione
1502 734 1700 790 Christi
1716 729 2067 786 multandum

484 842 579 889 est.
614 832 917 901 Obsequium
956 829 1035 884 illi
1068 826 1412 899 praestandum
1453 835 1528 878 est
1564 823 1646 878 cui
1677 823 1916 877 creditur.
1945 819 2067 875 Non

483 925 645 979 verbis
670 925 758 979 sed
781 921 1015 995 operibus
1040 937 1182 974 amor
1208 917 1488 972 exhibetur.
1516 945 1582 956 —
1612 913 1750 981 Quid
1775 913 1968 984 igitur?
1993 926 2064 967 an

483 1019 657 1073 solum
684 1031 803 1071 cum
828 1014 1106 1084 Philippus
1133 1012 1358 1074 vocavit,
1382 1024 1503 1063 eum
1522 1007 1687 1062 vidit?
1708 1020 1886 1061 annon
1907 1005 2067 1059 etiam

483 1120 638 1165 antea
683 1108 915 1164 insomni
965 1107 1060 1161 illo
1100 1106 1255 1161 oculo
1284 1102 1528 1158 viderat?
1555 1099 1775 1155 Viderat
1799 1113 1958 1164 sane;
1988 1097 2068 1151 id-

483 1216 588 1270 que
614 1214 772 1255 nemo
800 1197 1091 1253 diffiteatur
1121 1213 1134 1249 :
1164 1194 1257 1250 sed
1285 1195 1372 1251 hic
1391 1191 1517 1248 illud
1540 1202 1743 1247 tantum
1768 1189 1907 1261 quod
1933 1203 2068 1260 opus

486 1300 605 1345 erat
625 1289 910 1345 dicendum
939 1290 1057 1343 fuit.
1084 1287 1223 1355 Quid
1249 1302 1377 1357 ergo
1412 1285 1539 1340 ille?
1568 1284 1701 1351 Quia
1727 1283 1936 1353 signum
1960 1298 2067 1337 non

481 1378 703 1434 dubium
732 1379 1081 1450 praescientiae
1108 1375 1223 1448 ejus
1251 1383 1551 1446 acceperat,
1580 1373 1645 1428 ad
1674 1372 2066 1428 confessionem

480 1472 649 1538 venit,
701 1481 754 1527 et
798 1487 894 1543 per
939 1471 1335 1526 cunctationem
1386 1467 1641 1539 priorem,
1672 1464 2067 1521 accurationcm

482 1578 636 1620 suam
660 1563 969 1629 ostendens,
998 1572 1053 1617 et
1071 1573 1254 1633 postea
1283 1575 1378 1631 per
1404 1573 1725 1615 consensum
1751 1556 2066 1627 probitatem

482 1669 635 1709 suam
676 1652 955 1710 exhibens.
998 1652 1133 1708 Nam
1170 1650 1488 1722 respondit,
1522 1649 1728 1719 inquit,
1758 1658 1813 1703 et
1840 1649 1946 1712 ait,
1974 1646 2064 1702 l9.

378 1748 381 1753 “
480 1744 669 1811 Rabbi,
703 1754 757 1799 tu
780 1761 833 1811 es
859 1741 1027 1799 Filius
1061 1743 1154 1798 Dei
1175 1784 1190 1809 ,
1219 1752 1273 1797 tu
1311 1759 1361 1796 es
1393 1740 1503 1795 Rea:
1532 1738 1715 1794 Israel.
1748 1736 1933 1793 Viden‘
1953 1737 2068 1792 ani-

483 1853 629 1893 mam
654 1837 850 1917 gaudio
874 1837 1249 1902 exsultantem,
1268 1843 1323 1889 et
1342 1832 1521 1889 verbis
1546 1831 1727 1888 Iesum
1755 1831 2069 1900 amplexan-

487 1931 638 1985 tem?
685 1929 767 1985 Tu
807 1944 890 1997 es,
936 1928 1130 1999 inquit,
1156 1928 1245 1982 ille
1273 1935 1612 1996 exspectatus
1637 1934 1691 1980 et
1713 1924 2063 1981 desideratus.

482 2018 676 2075 Viden'
708 2028 1030 2091 stupentem,
1062 2020 1364 2081 mirantem,
1393 2016 1769 2080 exsultantem,
1789 2015 2065 2070 salientem

483 2128 595 2184 prae
622 2112 934 2183 voluptate?
960 2111 1036 2167 Ita
1064 2127 1162 2167 nos
1192 2126 1402 2182 quoque
1424 2109 1657 2181 gaudere
1677 2116 1917 2179 oportet,
1946 2108 2067 2176 qui-

445 2204 584 2262 .bus
610 2204 731 2260 Filii
764 2205 857 2260 Dei
904 2204 1135 2275 cognitio
1176 2203 1297 2258 data
1347 2211 1460 2267 est;
1506 2200 1774 2271 gaudere,
1816 2200 2062 2270 inquam,

482 2312 590 2352 non
619 2306 799 2352 mente
828 2304 1029 2351 tantum
1058 2336 1073 2361 ,
1105 2294 1201 2351 sed
1232 2293 1390 2349 rebus
1419 2293 1548 2364 ipsis
1574 2291 1823 2363 gaudium
1851 2290 2063 2347 efferre.

484 2388 622 2458 Quid
672 2398 848 2443 autem
886 2387 1228 2459 gaudentium
1272 2385 1391 2441 est?
1418 2384 1804 2452 Obtemperare
1831 2383 1878 2438 ei
1910 2398 2066 2453 quem

484 2481 649 2535 nosti.
700 2479 1043 2540 Credeutium
1092 2487 1269 2533 autem
1311 2485 1423 2544 est,
1473 2491 1535 2532 ea
1567 2474 1743 2529 facere
1769 2516 1782 2539 ,
1811 2490 1929 2544 qua:
1954 2474 2068 2545 ipse

483 2572 634 2628 velit.
668 2571 799 2626 Nam
827 2572 872 2626 si
918 2587 981 2627 ea
1024 2571 1210 2625 facturi
1238 2583 1455 2630 sumus,
1488 2583 1605 2637 qua:
1634 2568 1802 2635 ipsum
1830 2566 1894 2620 ad
1936 2566 2065 2620 iram

484 2671 808 2734 provocent,
840 2662 1103 2718 undenam
1131 2659 1477 2716 ostendemus
1512 2673 1609 2713 nos
1634 2659 1903 2729 gaudere?
1933 2658 2067 2713 Cum

483 2758 605 2829 quis
631 2755 774 2811 domi
796 2755 1025 2811 amicum
1054 2753 1251 2824 excipit
1272 2795 1287 2820 ,
1320 2766 1424 2807 non
1454 2752 1645 2807 videtis
1664 2750 1928 2821 quomodo
1947 2766 2065 2804 cum

487 2846 683 2918 gaudio
725 2846 904 2899 omnia
940 2842 1139 2910 faciat,
1176 2842 1409 2913 undique
1437 2842 1898 2907 circumcursans,
1941 2840 2067 2896 nulli

476 2941 561 2997 rei
593 2953 818 3010 parcens
844 2979 858 3003 ,
888 2937 1096 2993 etiamsi
1124 2951 1259 3008 Opus
1288 2936 1358 2990 sit
1397 2934 1675 2991 facultates
1710 2949 1896 2989 omnes
1939 2947 2066 3003 pro-

477 3032 740 3095 fundere;
787 3031 946 3102 idque
995 3039 1052 3085 ut.
1093 3030 1267 3084 amico
1312 3028 1555 3099 placeat?
1583 3028 1733 3096 Quod
1773 3027 1817 3082 si
1856 3024 2069 3081 vocanti

476 3139 591 3179 non
617 3123 1032 3192 obtemperaret,
1062 3135 1235 3191 neque
1263 3120 1331 3176 ad
1361 3119 1479 3190 ejus
1508 3119 1757 3189 placitum
1782 3118 1960 3171 omnia
1988 3117 2068 3171 fa-

483 3222 650 3279 ceret,
697 3212 906 3269 etiamsi
952 3212 1144 3268 millies
1191 3211 1395 3266 diceret
1435 3226 1493 3265 se
1534 3210 1601 3265 de
1647 3209 1811 3280 ipsius
1838 3208 2069 3263 adventu

476 3305 685 3371 laetari,
729 3319 835 3359 non
875 3303 1057 3373 utique
1096 3302 1231 3359 fides
1257 3304 1304 3358 ei
1341 3301 1409 3357 ab
1438 3300 1645 3372 hospite
1672 3300 1986 3365 haberetur;
2015 3306 2071 3355 et

482 3398 678 3453 merito
704 3411 854 3452 sane.
884 3395 1014 3451 Illud
1048 3395 1193 3451 enim
1230 3395 1481 3466 operibus
1507 3393 1861 3449 exhibendum
1904 3401 2065 3449 esset.

483 3487 668 3558 Itaque
714 3488 835 3559 quia
864 3486 1109 3543 Christus
1132 3486 1199 3542 ad
1230 3502 1327 3542 nos
1362 3487 1538 3552 venit,
1580 3486 1923 3541 ostendamus
1969 3499 2069 3540 nos

476 3580 753 3652 gaudere,
802 3579 1045 3651 nihilque
1091 3579 1234 3651 quod
1279 3579 1345 3634 ad
1395 3579 1723 3634 iracundiam
1775 3593 2068 3648 provocare

1230 350 1291 406 s.
1319 342 1598 404 JOANNIS
1631 336 2105 398 cnnvsos'ront
2130 338 2445 398 ARCIIIEP.
2485 338 3014 398 CONS'I‘ANTINOP.

3649 346 3749 404 128

2170 454 2341 525 possit
2366 454 2661 523 faciamus;
2701 471 2954 513 ornemus
2978 457 3195 513 domum
3228 459 3370 516 illam
3393 459 3446 516 in
3473 477 3631 533 quam
3658 469 3751 518 ad.

2169 547 2316 601 venit
2344 563 2358 601 :
2391 547 2492 603 hoc
2517 548 2861 619 gaudentium
2888 559 2972 605 est
2999 568 3013 603 :
3044 565 3372 621 apponamus
3397 553 3448 606 in
3475 554 3748 622 prandium

2173 636 2226 692 id
2255 638 2399 709 quod
2438 639 2539 711 ipsi
2580 641 2811 695 maxime
2841 641 3012 710 placet
3044 658 3058 696 :
3091 640 3195 696 hoc
3223 643 3604 699 exsultantium
3645 656 3748 703 est.

2169 728 2450 797 Quodnam
2494 746 2625 787 vero
2664 731 2941 803 prandium
2984 732 3113 788 illud
3154 735 3274 788 est?
3317 734 3432 805 Ipse
3460 736 3573 789 ait:
3606 735 3750 792 Meus

2166 824 2308 879 cibus
2327 834 2420 893 est,
2445 835 2500 880 ut
2529 826 2714 896 factum
2735 826 3041 880 uoluntatem
3065 827 3173 896 ejus
3195 828 3281 898 qui
3310 828 3444 881 misit
3472 845 3551 881 me
3571 828 3749 897 (Joan.

2169 914 2225 969 4.
2254 914 2370 986 54).
2408 916 2694 972 Pascamus
2736 916 2911 987 ipsum
2951 916 3274 973 esurientem
3298 960 3314 985 ,
3354 930 3534 988 potum
3564 920 3752 975 demus

2170 1004 2409 1070 sitienti;
2441 1006 2486 1061 si
2517 1006 2601 1061 vel
2632 1022 2820 1078 aquam
2852 1006 3094 1076 frigidam
3126 1008 3341 1064 dederis
3363 1050 3379 1076 ,
3408 1012 3629 1080 accipiet
3655 1029 3669 1065 :
3700 1021 3752 1067 te

2171 1098 2368 1166 quippe
2393 1106 2570 1163 amat;
2599 1098 2755 1152 amici
2784 1112 2911 1153 vero
2937 1098 3074 1152 dona
3096 1138 3113 1165 ,
3155 1102 3493 1169 quantumvis
3518 1104 3707 1172 exigua
3731 1144 3747 1171 ,

2171 1190 2343 1243 amico
2371 1206 2557 1261 magna
2587 1190 2832 1246 videntur
2858 1206 2995 1246 esse.
3027 1191 3106 1246 Tu
3136 1208 3267 1247 vero
3292 1194 3461 1248 Solum
3490 1211 3554 1248 ne
3573 1196 3752 1266 segnis

2171 1290 2321 1348 esto;
2351 1284 2556 1338 etiamsi
2584 1284 2721 1339 duos
2760 1284 2947 1340 obolos
2972 1285 3309 1355 deposueris,
3339 1302 3443 1341 non
3483 1290 3751 1344 aversabi-

2172 1380 2292 1436 tur,
2328 1373 2424 1428 sed
2466 1384 2731 1444 tamquam
2763 1391 2981 1444 magnas
3008 1392 3138 1447 opes
3165 1378 3407 1448 accipiet.
3444 1380 3576 1434 Cum
3606 1381 3748 1436 enim

2171 1463 2316 1519 nullo
2353 1464 2619 1535 indigeat,
2664 1481 2838 1536 neque
2863 1467 2977 1522 haec
3003 1467 3101 1537 ipsi
3132 1472 3431 1525 necessaria
3455 1472 3595 1535 sint,
3628 1472 3750 1542 jure

2171 1570 2277 1611 non
2321 1571 2605 1612 munerum
2652 1558 3107 1628 magnitudinem,
3152 1561 3245 1615 sed
3283 1560 3457 1616 dantis
3504 1565 3747 1633 proposi-

2171 1659 2283 1703 tum
2317 1657 2542 1719 spectat.
2572 1648 2801 1704 Tantum
2838 1650 3060 1706 ostende
3093 1660 3144 1707 te
3171 1653 3544 1709 adventantem
3577 1656 3748 1724 ipsum

2170 1754 2371 1805 amare,
2410 1751 2463 1797 te
2491 1756 2554 1796 ea
2583 1740 2651 1796 de
2679 1756 2837 1796 causa
2872 1741 3003 1795 nihil
3034 1758 3139 1796 non
3166 1757 3352 1812 agere,
3402 1753 3456 1800 te
3499 1746 3565 1800 de
3612 1762 3748 1816 prte-

2171 1834 2344 1889 sentia
2371 1833 2487 1905 ejus
2525 1835 2778 1906 gaudere.
2808 1834 2941 1890 Vide
2969 1836 3236 1905 quomodo
3279 1837 3370 1893 illc
3408 1852 3530 1908 erga
3580 1849 3632 1894 te
3676 1841 3749 1895 sit

2169 1923 2410 1981 allectus.
2452 1925 2679 1996 Propter
2704 1935 2755 1981 te
2786 1926 3039 1994 advenit,
3069 1928 3299 1983 animum
3332 1943 3428 1998 pro
3455 1940 3505 1984 te
3528 1931 3701 2000 posuit
3730 1949 3748 1986 :

2171 2025 2226 2071 et
2253 2025 2371 2086 post
2409 2026 2550 2072 tanta
2588 2016 2845 2073 beneﬁcia
2871 2034 2939 2074 ne
2976 2034 3162 2089 rogare
3187 2020 3399 2090 quidem
3430 2032 3480 2076 te
3520 2036 3747 2078 recusat.

2172 2106 2280 2163 Pro
2300 2107 2498 2165 Christo
2518 2110 2682 2177 enim,
2713 2110 2902 2180 inquit,
2921 2112 3168 2183 legatione
3189 2115 3470 2185 fungimur,
3498 2125 3750 2188 tamquam

2171 2197 2282 2254 Deo
2317 2200 2607 2255 obsecrante
2635 2220 2723 2271 per
2750 2221 2842 2258 nos
2870 2203 2945 2276 (2.
2981 2205 3099 2259 Cor.
3128 2206 3182 2261 5.
3211 2205 3328 2277 20).
3357 2207 3552 2278 Ecquis
3576 2209 3645 2262 ita
3670 2210 3750 2264 fu-

2171 2291 2348 2347 riosus
2376 2303 2478 2358 est,
2524 2303 2583 2348 ut
2609 2293 2883 2350 dominum
2911 2309 3064 2349 suum
3095 2312 3201 2351 non
3229 2299 3406 2353 amet?
3426 2299 3536 2354 Hoc
3570 2310 3625 2355 et
3651 2316 3750 2371 ego

2171 2382 2293 2438 dico
2316 2424 2333 2447 ,
2361 2384 2579 2454 scioque
2606 2395 2851 2440 nostrum
2873 2385 3109 2456 singulos
3133 2403 3241 2442 non
3260 2388 3417 2443 aliter
3446 2390 3611 2445 verbo
3643 2391 3750 2445 sal-

2172 2481 2278 2529 tem
2307 2483 2360 2529 et
2385 2484 2564 2530 mente
2593 2490 2845 2530 sensuros
2865 2491 3006 2532 esse.
3034 2476 3139 2533 Sed
3169 2494 3275 2533 non
3308 2480 3483 2536 verbis
3504 2491 3704 2537 tantum
3729 2524 3747 2549 ,

2171 2565 2265 2622 sed
2296 2567 2455 2621 etiam
2487 2567 2739 2637 operibus
2775 2568 2885 2623 vult
2911 2568 2957 2623 is
2982 2571 3070 2639 qui
3099 2579 3308 2625 amatur
3329 2587 3566 2626 amorem
3591 2574 3745 2628 exhi-

2170 2660 2305 2716 beri.
2336 2661 2467 2716 Nam
2493 2663 2537 2716 si
2568 2661 2639 2715 ita
2666 2662 2879 2732 quidem
2907 2662 3206 2733 loquamur.
3241 2679 3414 2735 neque
3439 2677 3750 2736 praestemus

2172 2752 2224 2807 id
2249 2752 2391 2823 quod
2427 2760 2668 2808 amantes
2714 2752 2918 2818 solent,
2960 2753 3182 2808 ridicula
3212 2769 3341 2810 sane
3370 2770 3458 2809 res
3500 2763 3614 2823 est,
3643 2771 3749 2812 non

2171 2845 2311 2916 apud
2337 2844 2501 2900 Deum
2531 2854 2733 2899 tantum
2753 2886 2768 2911 ,
2797 2844 2892 2900 sed
2928 2846 3086 2900 etiam
3117 2846 3255 2916 apud
3297 2845 3560 2903 homines.
3602 2849 3750 2916 Quo-

2172 2935 2315 2991 niam
2345 2936 2505 3007 igitur
2528 2935 2706 2992 verbis
2731 2944 2934 2991 tantum
2961 2935 3225 3004 confiteri,
3257 2948 3312 2992 et
3338 2939 3498 2994 rebus
3524 2950 3746 2995 contra-

2173 3027 2251 3081 ria
2286 3036 2540 3098 prmstare
2562 3068 2577 3094 ,
2607 3042 2710 3082 non
2744 3028 2930 3083 inutile
2958 3028 3117 3083 modo
3135 3069 3152 3095 ,
3179 3028 3272 3083 sed
3294 3032 3455 3085 etiam
3483 3034 3750 3102 pernicio-

2173 3133 2291 3174 sum
2322 3128 2437 3185 est;
2468 3136 2629 3192 rogo,
2662 3120 3054 3176 confessionem
3082 3137 3178 3192 per
3198 3137 3357 3192 opera
3383 3125 3748 3189 exhibeamus,

2173 3221 2232 3267 ut
2261 3212 2374 3283 ipse
2405 3227 2504 3268 nos
2532 3212 2846 3268 confiteatur
2874 3213 2968 3267 illo
2993 3213 3080 3269 die
3099 3254 3114 3280 ,
3144 3214 3357 3284 quando
3382 3214 3521 3285 apud
3544 3216 3749 3273 Patrem

2172 3305 2387 3375 quinam
2435 3304 2578 3376 digni
2619 3307 2726 3361 sint
2762 3305 3139 3362 confitebitur:
3171 3308 3223 3361 in
3251 3306 3463 3363 Christo
3491 3308 3617 3363 Iesu
3646 3310 3752 3364 Do-

2172 3395 2321 3450 mino
2342 3404 2526 3450 nostro
2544 3436 2560 3462 ,
2591 3412 2686 3467 per
2712 3411 2870 3467 quem
2904 3405 2959 3452 et
2990 3412 3113 3452 cum
3141 3412 3248 3469 quo
3275 3398 3418 3454 Patri
3444 3400 3609 3469 gloria
3631 3442 3645 3464 ,
3674 3402 3752 3455 si-

2173 3486 2389 3556 mulque
2409 3497 2594 3543 saneto
2620 3488 2860 3558 Spiritui,
2888 3503 3029 3545 nunc
3048 3498 3100 3545 et
3127 3503 3340 3560 semper
3360 3531 3376 3557 ,
3406 3501 3461 3546 et
3489 3492 3539 3546 in
3561 3493 3752 3549 secula

2172 3581 2509 3636 smculorum.
2537 3582 2729 3636 Amen.

1836 3778 2184 3842 HOMILIA
2226 3779 2406 3841 XXI.

485 3933 576 3990 d9.
609 3932 890 4004 Respondit
916 3930 1218 3987 Nathanael
1236 3972 1252 3999 ,
1282 3940 1330 3987 ct
1351 3932 1473 3986 dicit
1497 3931 1542 3987 ei
1568 3946 1586 3986 :
1613 3929 1794 3998 Rabbi,
1822 3940 1876 3985 tu
1897 3948 1948 3986 es
1976 3930 2072 3986 Fi-

556 4027 654 4081 lius
688 4024 820 4092 Dei,
852 4036 905 4079 tu
943 4042 995 4080 es
1020 4024 1131 4080 Rea:
1168 4022 1352 4079 Israel.
1383 4024 1475 4080 50.
1499 4022 1776 4094 Respondit
1809 4021 1960 4077 Iesus
1982 4062 1999 4090 ,
2025 4033 2071 4077 et

558 4119 689 4173 dixit
714 4120 759 4172 ei
780 4134 800 4173 :
830 4118 963 4186 Quia
983 4118 1091 4172 dixi
1112 4117 1220 4185 tibi,
1257 4115 1374 4172 Vidi
1394 4124 1441 4171 te
1466 4116 1557 4170 sub
1584 4117 1703 4185 ficu,
1736 4114 1935 4169 credis?
1963 4114 2071 4169 Ma-

554 4211 674 4280 jora
698 4209 777 4263 his
801 4208 1010 4263 videbis.

564 4302 615 4355 l.
649 4300 811 4355 Multa
851 4301 1005 4356 nobis
1036 4315 1163 4355 cura
1206 4315 1340 4371 opus
1384 4309 1467 4356 est
1493 4343 1508 4367 ,
1543 4301 1752 4367 dilecti,
1784 4301 2072 4373 multisque

487 4393 681 4464 vigiliis
700 4433 715 4457 ,
746 4402 804 4447 ut
845 4408 1117 4450 sacrarum
1145 4392 1535 4464 Scripturarum
1560 4393 1881 4464 profundum
1908 4394 2076 4463 inspi-

487 4499 612 4539 cere
640 4483 928 4553 possimus.
971 4482 1154 4553 Neque
1183 4485 1325 4539 enim
1372 4483 1545 4553 supini
1591 4483 1675 4538 vel
1724 4484 2073 4539 dormitantes

490 4590 778 4647 possumus
802 4576 918 4644 ejus
946 4588 1104 4629 sensa
1131 4574 1424 4644 percipere,
1457 4573 1552 4629 sed
1573 4589 1707 4643 Opus
1726 4585 1807 4628 est
1826 4583 2074 4629 accurato

492 4667 763 4732 examine,
792 4665 1132 4735 assiduisque
1160 4664 1430 4734 precibus,
1462 4672 1520 4717 ut
1548 4664 1632 4718 vel
1661 4664 1924 4718 tantillum
1951 4679 2073 4733 pos-

491 4758 662 4811 simus
689 4756 742 4810 in
766 4771 917 4811 sacra
949 4756 1041 4810 illa
1067 4755 1320 4827 mysteria
1354 4765 1653 4825 penetrare.
1687 4756 1823 4811 Ecce
1846 4771 2075 4826 namque

492 4846 657 4902 hodie
696 4860 804 4901 non
849 4847 981 4902 levis
1011 4846 1167 4902 nobis
1204 4846 1430 4917 qumstio
1458 4846 1800 4916 proponitur,
1834 4845 1926 4901 sed
1957 4862 2075 4916 quae

490 4941 662 4996 multa
707 4949 860 5011 egeat
908 4940 1220 5010 diligentia,
1273 4939 1436 4993 multa
1488 4939 1891 5010 perquisitione.
1941 4938 2073 4993 Cum

493 5030 792 5086 Nathanael
822 5030 989 5095 dicit,
1032 5029 1112 5083 Tu
1138 5047 1188 5083 es
1214 5028 1383 5083 Filius
1412 5028 1548 5093 Dei;
1591 5030 1875 5099 respondet
1916 5029 2074 5084 Chri-

493 5134 632 5189 stus,
680 5121 815 5188 Quia
857 5123 964 5177 dixi
989 5122 1108 5189 tibi,
1148 5122 1265 5176 Vidi
1285 5133 1330 5177 te
1352 5123 1444 5176 sub
1472 5124 1573 5192 ﬁcu
1601 5163 1615 5187 ,
1641 5123 1843 5177 credis?
1872 5121 2075 5194 Majora

420 5230 423 5233 ‘
494 5217 574 5270 his
593 5214 801 5271 videbis.
830 5215 967 5283 Quid
993 5218 1245 5285 QlliBI‘IlIll'
1270 5216 1407 5270 circa
1440 5216 1711 5284 praemissa
1740 5216 1938 5270 verba?
1969 5217 2078 5270 Cur

498 5310 691 5386 Petrus
718 5316 837 5377 post
861 5317 1002 5360 tanta
1027 5308 1280 5361 miracula
1309 5309 1326 5339 ¹
1355 5348 1370 5373 ,
1402 5316 1521 5377 post
1550 5316 1747 5362 tantam
1774 5317 2074 5376 susceptam

496 5400 815 5465 doctrinam,
864 5399 942 5453 sic
988 5398 1289 5463 confessus,
1324 5399 1401 5451 Tu
1441 5415 1492 5453 es
1536 5396 1703 5452 Filius
1734 5397 1858 5462 Dei,
1889 5398 2079 5453 beatus

492 5480 837 5561 praedicatur,
884 5500 1067 5562 utpote
1115 5492 1199 5545 cui
1241 5491 1400 5545 Pater
1431 5490 1545 5544 haec
1584 5491 1900 5546 revelaverit
1926 5506 1941 5555 ;
1970 5489 2075 5545 Na-

566 5650 583 5681 ί
618 5648 675 5699 In
695 5649 856 5699 Morel.
886 5645 963 5698 hic
986 5649 1055 5698 sic
1073 5648 1273 5699 effertur
1298 5647 1511 5698 locus....
1533 5665 1556 5693 ι
1574 5646 1813 5698 videbis».
1838 5646 1976 5698 Multi
1990 5648 2079 5698 hoc

496 5709 675 5775 Christi
716 5724 993 5775 responsum
1032 5711 1298 5772 audientes,
1324 5711 1553 5775 ancipites
1597 5709 1781 5760 luerent
1823 5710 2031 5761 dicentes
2060 5722 2077 5760 :

498 5771 621 5833 Quid
643 5785 756 5839 ergo
772 5771 804 5824 2"
819 5778 1007 5836 Petrus,
1028 5780 1130 5837 post
1154 5771 1289 5823 tanta
1299 5772 1552 5831 miracula,
1571 5776 1667 5821 etc.

2178 3931 2389 3986 thanael
2422 3945 2550 3987 vero
2579 3931 2667 4002 qui
2714 3942 2839 3989 ante
2879 3932 3027 4003 signa
3050 3971 3066 3997 ,
3097 3941 3221 3988 ante
3245 3932 3541 3989 doctrinam
3565 3971 3582 3999 ,
3611 3932 3752 3987 idem

2175 4023 2349 4093 ipsum
2376 4032 2459 4079 est
2482 4024 2751 4094 loquutus,
2784 4024 2915 4091 nihil
2939 4025 3042 4079 tale
3068 4024 3291 4092 audivit,
3322 4024 3415 4079 sed
3444 4024 3592 4095 quasi
3618 4024 3750 4078 nihil

2174 4124 2375 4170 tantum
2402 4106 2917 4187 dixisset,'quantum
2946 4130 3077 4187 opus
3104 4126 3238 4185 erat,
3265 4117 3330 4171 ad
3362 4118 3558 4185 majora
3586 4117 3754 4171 mitti-

2174 4208 2300 4261 tur?
2334 4202 2474 4273 Quid
2503 4208 2660 4276 igitur
2700 4208 2753 4262 in
2791 4222 2948 4262 causa
2978 4207 3106 4263 est?
3135 4207 3266 4275 Quia
3307 4206 3492 4261 eadem
3541 4206 3754 4277 quidem

2175 4298 2338 4352 verba
2368 4298 2571 4368 loqunti
2612 4307 2737 4353 sunt
2766 4298 2953 4353 Petrus
2981 4307 3036 4353 et
3078 4297 3370 4353 Nathanael
3393 4339 3406 4362 ,
3438 4313 3535 4353 nec
3579 4309 3753 4352 tamen

2177 4388 2366 4443 eodem
2393 4399 2612 4458 uterque
2638 4404 2817 4445 sensu.
2855 4388 2961 4444 Sed
2993 4390 3178 4444 Petrus
3218 4389 3434 4460 quidem
3479 4389 3757 4443 confessus

2177 4490 2262 4537 est
2281 4497 2404 4537 eum
2426 4481 2617 4536 Filium
2650 4482 2769 4549 Dei,
2799 4492 2855 4537 ut
2882 4497 3063 4537 verum
3094 4481 3285 4545 Deum,
3318 4480 3604 4535 Nathanael
3626 4496 3757 4534 vero

2178 4575 2476 4645 simplicem
2502 4575 2795 4629 hominem.
2822 4574 2888 4629 Et
2914 4574 3181 4629 undenam
3205 4574 3255 4629 id
3283 4575 3434 4629 nobis
3454 4574 3650 4644 liquet?
3676 4573 3758 4628 Ex

2168 4666 2542 4734 sequentibus.
2568 4666 2856 4735 Postquam
2884 4664 3019 4720 dixit
3040 4666 3206 4731 enim,
3241 4664 3318 4719 Tu
3344 4681 3395 4719 es
3425 4663 3592 4719 Filius
3620 4663 3712 4718 Dei
3736 4704 3753 4728 ,

2179 4756 2413 4821 addidit,
2461 4767 2516 4811 tu
2561 4775 2613 4812 es
2658 4756 2772 4812 Rea:
2814 4755 3000 4811 Israel.
3047 4756 3215 4811 Filius
3250 4766 3427 4812 autem
3478 4757 3603 4821 Dei,
3648 4770 3756 4810 non

2181 4846 2390 4903 Israelis
2419 4858 2620 4903 tantum
2643 4889 2659 4914 ,
2687 4847 2781 4903 sed
2807 4848 2967 4902 etiam
2999 4848 3143 4901 orbis
3171 4847 3332 4901 totius
3364 4847 3477 4901 [lex
3516 4855 3622 4901 est.
3651 4846 3761 4901 Ne-

2178 4955 2284 5012 que
2310 4939 2430 4995 inde
2456 4940 2626 4995 solum
2652 4939 2702 4994 id
2732 4939 2904 5009 palam
2935 4948 3051 5005 est,
3080 4938 3174 4994 sed
3199 4939 3359 4993 etiam
3386 4954 3453 4993 ex
3482 4940 3760 5010 sequenti-

2180 5034 2299 5090 bus.
2330 5033 2488 5088 Petro
2516 5047 2747 5102 namque
2790 5031 2920 5085 nihil
2962 5032 3098 5086 ultra
3129 5031 3324 5100 adjecit
3357 5030 3620 5098 Christus,
3663 5031 3761 5088 sed

2180 5125 2332 5195 quasi
2382 5124 2515 5178 fides
2564 5124 2682 5193 ejus
2730 5123 2959 5193 perfecta
3004 5132 3185 5188 esset,
3226 5122 3516 5178 Ecclesium
3545 5122 3674 5179 dicit
3700 5138 3763 5179 se

2180 5229 2343 5283 super
2368 5215 2755 5269 confessionem
2787 5212 2902 5282 ejus
2930 5210 3314 5266 aedificaturum
3339 5226 3477 5266 esse.
3512 5211 3609 5267 Iiic
3630 5228 3763 5268 vero

2182 5306 2313 5359 nihil
2360 5303 2686 5373 hujusmodi,
2736 5305 2841 5357 imo
2890 5302 3215 5357 contrarium
3271 5303 3543 5357 observes.
3596 5303 3762 5369 Quasi

2182 5397 2325 5451 enim
2351 5395 2619 5450 cenfessio
2648 5395 2732 5447 illa
2766 5394 2971 5464 potiore
2997 5394 3078 5448 sui
3118 5401 3273 5463 parte
3313 5394 3599 5458 deficeret,
3631 5397 3763 5452 reli-

2182 5502 2286 5557 qua
2334 5486 2590 5541 subdidit.
2631 5486 2768 5554 Quid
2808 5487 2948 5540 enim
2979 5486 3091 5539 ait?
3121 5487 3210 5540 5i.
3242 5486 3434 5551 Amen,
3465 5502 3615 5543 amen
3648 5489 3766 5544 dico

2182 5576 2318 5632 vobis
2343 5593 2362 5631 :
2389 5579 2571 5632 amodo
2595 5579 2823 5632 videbitis
2852 5579 3032 5631 cwlum
3059 5588 3291 5647 apertum
3313 5620 3329 5644 ,
3359 5588 3404 5633 et
3434 5581 3639 5650 angelos
3669 5584 3765 5636 Dei

2184 5671 2505 5726 ascendentes
2548 5680 2595 5726 et
2624 5670 2974 5726 descendentes
2999 5687 3150 5742 super
3187 5669 3380 5725 Filium
3403 5672 3637 5726 hominis.
3671 5674 3761 5728 Υἱ-

2186 5764 2305 5819 den’
2340 5761 2610 5833 quomodo
2649 5762 2797 5817 illum
2830 5762 3081 5834 paulatim
3118 5762 3185 5819 de
3212 5773 3353 5819 terra
3378 5764 3576 5837 erigat,
3605 5774 3658 5819 et
3694 5780 3767 5822 eo
