4094 6370
274 383 379 438 HT

343 505 413 567 Υ.
433 498 500 552 Τί
514 492 608 553 οῦν
626 516 641 567 ;
662 500 839 573 πρὶνῆ
863 501 957 556 τὸν
977 503 1243 559 Φίλιππον
1262 505 1511 574 φωνῆσαι
1534 499 1673 557 εἶδεν
1694 500 1856 556 αὑτὸν

280 584 457 653 μόνον,
488 584 611 654 οὐχὶ
651 584 708 637 δὲ
756 587 848 638 καὶ
880 586 987 657 πρὸ
1022 587 1212 640 τούτου
1257 586 1407 658 ἐώρα
1450 587 1530 658 τῷ
1574 588 1858 657 ἀκοιμήτῳ

274 668 514 738 δμματις
556 667 755 738 Ἑώρα.
790 671 884 723 καὶ
922 670 1095 735 οὐδεὶς
1123 671 1190 726 ἂν
1228 671 1502 726 ἀντείποι·
1553 670 1689 725 ἀλλά
1719 671 1857 733 τέως

276 750 434 804 τοῦτο
458 751 520 805 τὸ
538 755 863 821 κατεπεῖγον
881 749 949 823 ἦν
974 756 1170 808 είπεῖν.
1198 754 1263 807 Τί
1289 751 1383 808 οὖν
1406 757 1642 821 ὲκεῖνοςς
1679 754 1859 806 Ἐπει-

276 833 341 903 δὴ
356 834 655 904 τεκμήριον
678 834 1159 908 ἀναμφισϐήτητον
1176 837 1335 891 Ελαϐε
1353 840 1450 908 τῆς
1474 835 1856 910 προγνώσεως,

276 913 438 988 ἦλθεν
459 918 552 969 ἐπὶ
577 918 676 988 τὴν
698 918 1007 988 ὁμολογίαν,
1042 922 1137 974 καὶ
1164 925 1233 993 τῇ
1261 922 1495 993 ἀναϐολῇ
1523 924 1589 992 τῇ
1617 920 1861 992 προτέρᾳ

280 1002 378 1072 τὴν
405 1000 690 1071 ἀκρίϐειαν
723 1002 919 1074 δηλῶν,
956 1005 1050 1058 καὶ
1092 1008 1156 1075 τῇ
1201 1006 1339 1075 μετά
1380 1007 1556 1059 ταῦτα
1582 1020 1862 1072 συγκατα-

282 1083 430 1137 θέσει
458 1084 555 1153 τὴν
588 1085 1021 1157 εὐγνωμοσύνην.
1062 1088 1360 1159 Ἀπεκρίθη
1404 1087 1537 1159 7&9.
1569 1088 1723 1157 φησί,
1765 1086 1862 1139 καί¹

281 1167 429 1236 λέγει
458 1168 625 1238 αὐτῷ·
670 1169 878 1235 Ῥαὸϐἰ,
910 1171 991 1225 σὺ
1034 1168 1093 1225 εἷ
1116 1175 1149 1226 ό
1192 1173 1323 1239 Υἱὸς
1359 1172 1465 1226 τοῦ
1500 1171 1667 1226 Θεοῦ·
1700 1170 1781 1225 σὺ
1808 1169 1867 1223 εἷ

282 1254 317 1305 ό
360 1252 663 1318 ,ϐασιλεὺς
707 1253 815 1307 τοῦ
850 1254 1133 1322 Ἰσραήλ·
1181 1252 1334 1319 Εἶδες
1374 1255 1551 1326 ψυχὴν
1586 1254 1860 1326 περιχαρῆ

282 1334 581 1406 γενομένην
603 1336 819 1407 ἀθρόον,
850 1337 946 1390 καὶ
977 1341 1090 1402 τοῖς
1122 1340 1330 1410 ῥήμασι
1350 1338 1863 1410 περιπτυσσομένην

280 1420 372 1472 τὸν
416 1419 658 1489 Ἱησοῦν;
684 1421 757 1476 Σὺ
789 1416 861 1483 εἰ,
890 1422 1076 1491 φησιν,
1103 1424 1132 1474 ὁ
1161 1423 1632 1493 προσδοκώμενος,
1656 1423 1863 1485 ἐκεῖνος

282 1504 312 1556 ὁ
366 1503 718 1574 ζητούμενος.
770 1501 923 1567 Εἶδες
974 1506 1434 1577 ἐκπληττόμενον,
1488 1505 1862 1576 θαυμάζοντα,

287 1587 611 1658 σκιρτῶντα.
640 1588 894 1660 πηδῶντα
916 1590 1022 1644 ὑπὸ
1047 1589 1147 1660 τῆς
1168 1590 1395 1661 ήδονῆςς
1424 1588 1581 1644 Οῦτω
1602 1591 1696 1643 καὶ
1715 1591 1865 1659 ἡμᾶς

285 1671 494 1742 χαίρειν
522 1671 622 1737 δεῖ,
646 1672 1078 1738 καταξιωθέντας
1103 1674 1295 1745 μαθεῖν
1319 1674 1414 1727 τοῦ
1440 1674 1575 1727 Θεοῦ
1602 1674 1694 1727 τὸν
1712 1674 1861 1727 Υίόν·

285 1755 496 1827 χαίρειν
516 1756 594 1819 δὲ,
626 1758 688 1809 οὐ
718 1758 859 1811 κατὰ
882 1759 1118 1813 διάνοιαν
1151 1759 1336 1828 μόνον,
1354 1758 1494 1813 ἀλλά
1519 1760 1615 1812 καὶ
1636 1759 1729 1812 ἐπὶ
1754 1758 1864 1813 τῶν

284 1840 626 1910 πραγμάτων
652 1842 834 1894 αὐτῶν
854 1842 1010 1895 τοῦτο
1029 1842 1325 1897 δεικνύναι.
1355 1841 1421 1896 Τί
1449 1842 1506 1897 δέ
1524 1841 1633 1896 τῶν
1649 1841 1867 1912 χαιρόν-

282 1934 392 1976 των
421 1923 566 1987 ὲστί;
601 1924 889 1978 Πείθεσθαι
910 1925 986 1995 τῷ
1019 1926 1398 1998 γνωρισθέντιι
1438 1925 1782 1998 Πειθομένων
1805 1924 1864 1978 δέ

285 2006 401 2058 ἔστι
421 2045 436 2069 ,
463 2006 525 2060 τὸ
549 2010 723 2060 ποιεῖν
750 2006 893 2079 άπερ
946 2007 1013 2062 ἂν
1054 2009 1264 2073 ἐκεῖνος
1313 2009 1593 2080 βούληται.
1634 2008 1788 2063 Ἐπεὶ
1816 2008 1866 2061 εί

289 2090 575 2161 μέλλοιμεν
598 2090 667 2144 τά
688 2091 1059 2162 παροξύνοντα
1092 2093 1254 2147 αὐτὸν
1279 2094 1563 2166 πράττειν,
1590 2094 1754 2149 πόθεν
1774 2092 1868 2164 δη-

286 2173 533 2245 λώσομεν
552 2176 635 2228 ὅτι
669 2176 964 2247 χαίρομεν;
988 2176 1099 2246 Οὐχ
1123 2177 1288 2248 ὁρᾶτε
1315 2177 1410 2232 καὶ
1430 2180 1488 2231 ὲν
1514 2178 1716 2241 οἰκίαις
1736 2177 1868 2231 ὅταν

284 2273 371 2320 τις
404 2258 528 2311 τινὰ
555 2258 888 2329 ὑποδέχηται
912 2258 1019 2312 τῶν
1053 2259 1425 2332 ποθουμένων,
1460 2260 1578 2325 πῶς
1604 2261 1741 2331 μετὰ
1778 2277 1870 2330 χα-

290 2341 388 2411 ρᾶς
411 2342 593 2396 πάντα
618 2344 846 2413 πράττει
873 2345 1150 2413 πανταχοῦ
1182 2344 1540 2417 περιτρέχων,
1571 2347 1665 2398 καὶ
1689 2347 1737 2399 εί
1758 2345 1868 2399 δέοι

289 2426 464 2479 πάντα
490 2425 562 2479 τά
581 2425 711 2479 ὁντα
737 2427 1033 2498 προέσθαι,
1083 2427 1312 2499 μηδενὸς
1356 2429 1691 2500 φειδόμενος,
1726 2428 1868 2483 ὥστε

288 2508 480 2579 ἀρέσαι
509 2508 588 2580 τῷ
623 2510 1093 2583 παραγενομένῳ;
1138 2514 1201 2566 Et
1237 2513 1294 2567 δὲ
1326 2513 1508 2567 καλῶν
1542 2531 1625 2577 τις
1656 2513 1731 2584 μὴ
1766 2514 1870 2567 ὐπ-

288 2591 474 2645 ακούοι
496 2605 547 2659 ι,
582 2595 677 2647 καὶ
705 2594 774 2648 τά
811 2595 1161 2651 ἀναπαύοντα
1186 2596 1349 2651 αὐτὸν
1385 2597 1461 2668 μὴ
1490 2598 1738 2669 πράττοι,
1768 2596 1869 2651 κᾶν

292 2677 550 2747 μυριάκις
568 2676 699 2749 λέγῃ
722 2680 788 2749 τῇ
813 2679 1080 2751 παρουσίᾳ
1098 2680 1330 2751 χαίρειν.
1348 2680 1449 2734 οὐκ
1469 2680 1535 2733 ἄν
1557 2680 1867 2753 πιστευθείη

291 2755 439 2831 [H9]
466 2760 599 2813 ποτὲ
626 2760 777 2834 παρὰ
801 2762 897 2816 τοῦ
925 2762 1288 2834 ξενιζομένου,
1318 2762 1562 2827 δικαίως.
1614 2764 1739 2817 Ἐπὶ
1760 2763 1871 2834 7&9

288 2843 396 2896 τῶν
417 2843 597 2915 ἔργων
623 2843 783 2899 τοῦτο
813 2846 1180 2901 ἐπιδεικνύναι
1208 2849 1339 2919 χρή.
1391 2848 1600 2901 Οὐκοῦν
1625 2849 1749 2901 ἐπεὶ
1779 2850 1873 2903 καί

288 2926 319 2979 ὁ
342 2927 579 2999 Χριστὸς
605 2930 741 3001 πρὸς
774 2932 923 3001 ἡμᾶς
952 2928 1083 3002 ἦλθε
1106 2973 1120 2992 ,
1154 2931 1417 3003 δείξωμεν
1449 2933 1531 2986 ὅτι
1582 2932 1868 3005 χαίρομεν,

290 3011 384 3063 καὶ
416 3011 582 3081 μηδὲν
612 3014 722 3067 τῶν
749 3015 1159 3085 παροξυνόντων
1178 3017 1339 3070 αὐτὸν
1367 3016 1716 3088 πράττωμεν·
1740 3016 1870 3071 καλ-

290 3089 619 3163 λωπίσωμεν
646 3095 745 3165 τὴν
765 3095 943 3149 οὶκίαν
974 3096 1054 3160 εἰς
1085 3096 1152 3165 ἢν
1194 3097 1545 3168 παρεγένετο·
1574 3097 1731 3151 τοῦτο
1760 3098 1869 3169 γὰρ

292 3175 613 3247 χαιρόντων·
654 3177 992 3249 παραϐῶμεν
1021 3178 1243 3250 ἄριστον
1279 3179 1309 3233 ὅ
1354 3179 1600 3249 βούλεται
1638 3185 1866 3250 φαγεῖν·

356 3275 384 3303 ⁸
412 3276 499 3348 ξίε
534 3289 711 3348 οῐῃηςε
731 3276 852 3348 οάίιί
876 3284 929 3348 εἰ
957 3291 1071 3348 ωεξ.
1098 3278 1198 3329 Sed
1225 3280 1492 3342 legendum
1514 3282 1712 3332 omnino
1731 3284 1871 3332 vide-

290 3340 373 3387 ιω
393 3339 435 3388 εἰ
456 3340 511 3389 δὲ
530 3339 754 3388 καλοῦντι
779 3341 843 3402 μὴ
874 3340 1125 3390 ὑπακούοι.

1324 386 1391 443 IN
1430 385 1747 446 JOANNEM
1783 382 2020 442 HOMIL.
2060 387 2180 445 XXI
2242 388 2313 445 al.
2350 388 2473 445 1X.

3441 391 3542 444 £28

1955 502 2113 559 τοῦτο
2151 506 2261 579 7&9
2295 503 2698 578 ἀγαλλομένων.
2727 505 2886 559 Ποῖον
2915 503 2973 558 δέ
3002 503 3117 558 ἐστι
3141 501 3300 557 τοῦτο
3332 501 3394 555 τὸ
3422 504 3547 572 ἀρι-

1960 604 2082 643 στον
2102 607 2116 657 ;
2133 591 2304 655 Αὐτός
2330 607 2519 662 φησιν·
2550 589 2723 660 Ἐμὸν
2736 588 2953 659 ,ϐρῶμὰ
2970 590 3163 654 ἐστιν,
3185 589 3288 641 ἵνα
3308 586 3544 655 ποιήσω

1958 671 2026 725 τὸ
2055 673 2286 743 θέλημα
2330 672 2438 728 τοῦ
2480 672 2830 742 πέμψαντός
2876 689 2973 742 με.
3026 670 3330 743 Θρέψωμεν
3379 670 3545 723 αὑτὸν

1959 755 2249 811 πεινῶντα·
2285 756 2597 827 ποτίσωμεν
2616 755 2875 825 διψῶντα·
2902 755 3005 810 κᾶν
3026 755 3235 827 ψυχροῦ
3253 752 3361 824 δῷς
3379 756 3548 826 ποτή-

1963 854 2095 909 ριον,
2123 839 2355 910 δέχεται·
2381 839 2527 910 φιλεῖ
2554 840 2663 911 γάρ
2710 856 2791 893 σε·
2837 839 2907 893 τὰ
2935 839 2991 893 δὲ
3030 838 3181 909 παρά
3210 838 3321 891 τῶν
3360 838 3545 905 φιλου-

1963 919 2160 991 μένων,
2198 922 2303 976 κᾶν
2334 925 2505 994 μικρά
2523 924 2782 995 τυγχάνῃ,
2814 922 3023 993 μεγάλα
3041 921 3119 991 τῷ
3145 921 3397 974 ποθοῦντι
3417 920 3543 990 φαίη

1961 1021 2131 1058 νεται.
2160 1006 2339 1060 Μόνον
2374 1007 2438 1059 σὺ
2472 1007 2549 1076 μὴ
2573 1008 2934 1078 κατοκνήσῃς·
2965 1005 3069 1060 κᾶν
3088 1005 3307 1066 ὀϐολοὺς
3332 1004 3426 1058 δύο
3446 1021 3545 1057 κα-

1959 1086 2223 1160 ταϐάλῃς,
2259 1089 2360 1141 οὐκ
2397 1086 2835 1160 ἀποστρέφεται,
2876 1089 2989 1142 ἀλλ’
3019 1088 3095 1151 ὼς
3123 1088 3292 1142 πολὺν
3331 1086 3545 1157 δέχεται

1962 1169 2212 1226 πλοῦτον.
2255 1172 2472 1241 Ἐπειδὴ
2500 1171 2611 1243 γὰρ
2647 1171 2902 1242 ἀνενδεής
2942 1173 3093 1236 ἐστι,
3130 1171 3225 1224 καὶ
3262 1171 3323 1223 οὐ
3355 1171 3546 1241 χρείας

1962 1251 2148 1305 ἕνεκεν
2174 1253 2347 1306 ταῦτα
2365 1254 2653 1324 λαμϐάνει,
2683 1253 2909 1318 εἰκότως
2936 1253 3037 1306 οὐκ
3060 1252 3118 1307 ὲν
3137 1253 3212 1323 τῷ
3236 1253 3419 1325 μέτρῳ
3434 1250 3546 1328 τῶν

1963 1334 2277 1407 διδομένων,
2309 1337 2425 1390 ἀλλ’
2457 1339 2514 1389 ὲν
2537 1338 2959 1409 τῇ-προαιρέσει
3000 1336 3093 1390 τοῦ
3133 1336 3463 1407 παρέχοντος
3484 1334 3547 1387 τὸ

1963 1419 2073 1471 πᾶν
2104 1418 2370 1489 ὁρίζεται.
2400 1420 2578 1474 Μόνον
2598 1419 2771 1485 δεῖξον
2794 1422 2875 1473 ὅτι
2906 1418 3079 1488 φιλεῖς
3105 1418 3547 1490 παραγενόμενοι-δ

1964 1501 2146 1567 αὐτὸν,
2163 1503 2245 1555 ὅτι
2263 1502 2584 1567 σπουδάζεις
2610 1504 2829 1559 ἅπαντα
2844 1493 2983 1572 ὑπὲρ
2998 1502 3206 1568 τούτου,
3234 1506 3314 1556 ὅτι
3335 1501 3547 1572 χαίρεις

1965 1583 2058 1637 ἐπὶ
2091 1586 2155 1655 τῇ
2182 1586 2476 1657 παρουσία.
2509 1586 2653 1659 Ὅρα
2682 1587 2845 1653 αὐτὸς
2874 1587 2993 1652 πῶς
3013 1586 3150 1659 πρὸς
3176 1587 3233 1639 σὲ
3256 1585 3544 1639 διάκειται.

1964 1662 2138 1720 Ἶιλθε
2172 1667 2261 1721 διά
2294 1668 2376 1732 σὲ,
2406 1668 2506 1740 τὴν
2534 1669 2712 1741 ψυχὴν
2735 1670 2932 1740 ἔθηκεν
2968 1670 3109 1741 ὑπὲρ
3136 1668 3251 1722 σοῦ·
3284 1668 3376 1721 καὶ
3408 1666 3549 1743 μετὰ

1965 1751 2140 1805 ταῦτα
2178 1751 2353 1805 πάντα
2400 1753 2518 1805 οὐδὲ
2559 1752 2823 1807 ἱκετεύειν
2857 1770 2916 1806 σε
2962 1755 3327 1824 παραιτεῖται.
3369 1749 3549 1818 ’Υπὲρ

1965 1834 2226 1903 Χριστοῦ
2256 1835 2365 1907 7&9
2411 1838 2843 1906 πρεσϐεύομεν,
2892 1840 3077 1906 φησὶν,
3126 1838 3206 1902 ὡς
3244 1834 3350 1889 τοῦ
3400 1831 3551 1887 Θεοῦ

1966 1918 2462 1987 παρακαλοῦντος
2489 1920 2564 1973 δι’
2593 1919 2783 1989 ἡμῶν.
2803 1921 2914 1975 Καὶ
2940 1922 3019 1984 τίς
3035 1919 3179 1973 οὕτω
3202 1918 3547 1989 μαινόμενος.

1967 2002 2157 2072 φησὶν,
2192 2002 2267 2065 ὠς
2307 2001 2381 2074 μὴ
2412 2002 2589 2072 φιλεῖν
2622 2004 2713 2057 τὸν
2744 2000 3009 2074 δεσπότην
3028 2003 3118 2056 τὸν
3141 2000 3362 2064 tauro-3;
3381 1998 3551 2052 Τοῦτο

1966 2086 2062 2139 καὶ
2094 2087 2206 2153 ἐγὼ
2231 2086 2394 2155 λέγω,
2440 2088 2534 2141 καί
2566 2081 2682 2141 οἶδα
2721 2089 2820 2158 μὲν
2859 2088 2941 2141 ὅτι
2986 2087 3213 2149 ἕκαστος
3249 2085 3406 2156 ἡμῶν
3451 2083 3551 2136 οὐκ

1966 2168 2033 2223 ἂν
2070 2169 2331 2240 ἀρνηθείη
2361 2170 2518 2223 τοῦτο
2551 2173 2664 2233 τοῖς
2694 2172 2903 2243 ῥήμασι
2937 2171 3031 2224 καὶ
3059 2172 3125 2241 τῇ
3148 2168 3377 2239 διανοίᾳ.
3410 2166 3550 2219 Ἀλλ’

1965 2255 2069 2308 οὐκ
2110 2254 2220 2307 ἀπὸ
2262 2253 2372 2307 τῶν
2431 2254 2693 2324 ῥημάτων
2754 2255 2934 2325 μόνον,
2975 2254 3112 2310 ἀλλά
3156 2254 3251 2308 καὶ
3295 2252 3403 2305 άπὸ
3442 2250 3551 2303 τῶν

1968 2338 2308 2409 πραγμάτων
2346 2336 2658 2392 δείκνυσθαι
2709 2338 2956 2408 βούλεται
3003 2340 3032 2392 ὁ
3073 2327 3392 2409 φιλούμενος
3427 2333 3551 2387 τοῦ-

1958 2437 2047 2501 ξο.
2080 2422 2179 2501 Ἂν
2214 2420 2323 2493 7&9
2355 2417 2603 2491 λέγωμεν
2635 2420 2811 2501 τοῦτο,
2855 2423 2931 2494 μὴ
2959 2423 3202 2492 ποιῶμεν
3248 2420 3304 2472 δὲ
3342 2417 3552 2501 τάῗτῶν

1968 2498 2302 2571 ποθούντων,
2326 2503 2502 2573 γέλως
2529 2498 2687 2558 τοῦτό
2715 2506 2863 2558 ἐστιν
2885 2546 2900 2569 ,
2947 2506 3045 2558 οὐκ
3074 2505 3167 2557 ἐπὶ
3198 2502 3291 2556 τοῦ
3320 2500 3453 2553 Θεοῦ
3492 2500 3552 2552 δὲ

1972 2586 2152 2656 μόνον,
2180 2585 2316 2650 ἀλλά
2361 2588 2456 2640 καὶ
2502 2586 2731 2641 ἐπὶτῶν
2776 2587 3101 2659 ἀνθρώπων.
3152 2585 3307 2639 Ἐπεὶ
3352 2580 3445 2637 οὖν
3490 2583 3554 2634 τὸ
3658 2630 3663 2633 .

1969 2668 2057 2723 διὰ
2101 2668 2209 2722 τῶν
2254 2668 2427 2737 λόγων
2464 2669 2624 2741 μόνον
2662 2664 2967 2741 ὁμολογεῖν,
3020 2670 3108 2723 διὰ
3143 2668 3201 2723 δὲ
3228 2667 3338 2722 τῶν
3375 2666 3555 2738 ἔργων

1970 2751 2361 2815 ἐναντιοῦσθαι,
2392 2751 2514 2823 οὐχὶ
2543 2752 2802 2825 ἀνόνητον
2831 2753 3014 2823 μόνον,
3044 2753 3181 2808 ἀλλά
3205 2751 3299 2806 καὶ
3330 2749 3557 2804 ἐπιϐλα-

1970 2835 2063 2899 ϐὲς
2088 2836 2244 2906 ἡμῖν,
2292 2836 2618 2907 παρακαλῶ,
2652 2837 2751 2907 τὴν
2785 2837 2875 2890 διὰ
2920 2837 3027 2890 τῶν
3058 2835 3234 2907 ἔργων
3266 2833 3557 2907 ὁμολογίαν

1972 2918 2317 2989 προσθῶμεν,
2358 2920 2445 2973 ἵνα
2474 2919 2571 2974 καὶ
2599 2920 2697 2991 τῆς
2723 2921 2852 2990 παρ’
2881 2919 3045 2973 αὐτοῦ
3075 2920 3326 2989 τύχωμεν
3362 2916 3558 2988 ὁμολο-

1970 3000 2099 3071 γίας
2128 3000 2271 3055 κατά
2295 3002 2394 3075 τὴν
2426 3004 2643 3076 ἡμέραν
2668 3004 2903 3074 ἐκείνην,
2935 3004 3063 3057 ὅταν
3101 3004 3192 3055 ἐπὶ
3213 3002 3305 3055 τοῦ
3340 3001 3552 3071 Πατρὸς

1970 3078 2205 3158 ὁμολογῇ
2254 3088 2380 3150 τοὺς
2416 3087 2598 3155 ἀξίους
2652 3088 2710 3140 ἐν
2756 3087 2975 3159 Χριστῷ
3012 3084 3188 3157 Ἰησοῦ
3237 3085 3315 3158 τῷ
3363 3084 3554 3156 Κυρίῳ

1972 3170 2152 3241 ἡμῶν,
2181 3171 2247 3224 δι’
2282 3165 2343 3226 οὗ
2370 3172 2464 3226 καὶ
2500 3172 2620 3243 μεθ’
2655 3164 2717 3226 οὗ
2745 3163 2822 3242 τῷ
2861 3172 3036 3243 Πατρὶ
3070 3175 3102 3244 ἡ
3135 3171 3280 3237 δόξα.
3324 3172 3443 3242 ἅμα
3476 3169 3557 3239 τῷ

1973 3250 2115 3325 άγίῳ
2151 3254 2450 3325 Πνεύματι,
2495 3254 2591 3311 νῦν
2640 3249 2737 3309 καὶ
2782 3250 2901 3325 ἀεὶ,
2933 3256 3029 3310 καὶ
3071 3257 3151 3319 εἰς
3192 3255 3321 3319 τοὺς
3352 3254 3558 3317 αἰῶνας

1978 3338 2089 3391 τῶν
2121 3336 2355 3393 αἰώνων.
2403 3340 2600 3410 Ἀμήν.

1752 3500 1999 3555 ΟΜῙΛΙΑ
2043 3503 2154 3555 KA’

304 3586 623 3661 Ἀπεκρίθη
655 3590 1005 3659 Ναθαναὴλ,
1038 3591 1137 3647 καί
1175 3590 1337 3661 λέγει
1361 3586 1523 3658 αὐτῷ
1543 3609 1567 3661 '_
1597 3609 1619 3645 ι
1664 3593 1875 3658 Ῥαϐϐὶ,

364 3662 448 3716 σὺ
478 3655 537 3716 εἴ
561 3665 594 3717 ὀ
609 3655 756 3729 ’Υίὸς
772 3662 879 3717 τοῦ
904 3655 1073 3724 Θεοῦ,
1091 3662 1172 3716 σὺ
1192 3655 1306 3716 ard
1318 3655 1617 3729 ,ϐασιλεὺς
1634 3664 1741 3718 τοῦ
1762 3655 1880 3718 Ἰσὲ

362 3732 577 3803 ρσήλ.»
603 3728 912 3803 ’ᾼπεκρίθη
960 3736 1021 3803 (ξΔ
1051 3731 1290 3799 Ἰησοῦς
1328 3731 1428 3786 καί
1466 3728 1638 3803 εἶπεν
1686 3732 1876 3799 αὐτῷ·

372 3798 394 3854 i
431 3798 559 3856 Ὅτι
578 3798 754 3857 εἶπόν
774 3798 909 3873 σοι,
923 3798 1107 3857 Εἷδόν
1123 3798 1201 3856 σε
1224 3798 1502 3873 ὑποκάτω
1520 3802 1633 3871 τῆς
1657 3798 1878 3873 συκῆς,

371 3874 677 3939 πιστεύεις
702 3870 925 3939 ;Μείζω
948 3873 1174 3927 τούτων
1198 3872 1355 3941 ὄψει.
1391 3892 1411 3926 ι

369 3975 441 4024 α’.
453 3968 667 4040 Πολλῆς
679 3970 832 4040 ἡμῖν,
844 3968 1138 4040 ἀγαπητοὶ,
1155 3967 1236 4021 δεῖ
1255 3969 1355 4039 τῆς
1371 3969 1663 4042 μερίμνης,
1680 3968 1882 4041 πολλῆς

300 4054 402 4125 τῆς
425 4052 753 4125 ἀγρυπνίας.
779 4051 920 4106 ὥστε
939 4051 1233 4123 δυνηθῆναι
1254 4051 1315 4105 τὺ
1334 4051 1495 4122 βάθος
1515 4053 1883 4107 κατοπτεῦσαι

301 4138 413 4192 τῶν
440 4137 603 4190 θείων
629 4135 876 4209 Γραφῶν.
905 4136 979 4190 Οὐ
1010 4136 1121 4206 γάρ
1140 4135 1348 4199 ἁπλῶς,
1375 4135 1497 4190 οὐδὲ
1525 4135 1885 4200 καθεύδοντας

304 4220 385 4274 ενι
416 4220 477 4273 τὸ
504 4219 753 4294 βούλημα
776 4231 803 4260 ι
831 4219 1009 4273 αὐτῶν
1038 4218 1235 4291 εὑρεῖν,
1264 4218 1399 4273 ἀλλά
1426 4215 1507 4272 δετ
1530 4219 1629 4290 μὲν
1656 4219 1886 4292 ἐρεύνης

304 4302 591 4373 ἀκριϐοῦς,
631 4303 714 4357 δεῖ
744 4302 801 4356 δὲ
824 4303 917 4356 καὶ
942 4302 1109 4373 εὐχῆς
1141 4301 1414 4368 ἐκτενοῦς,
1454 4302 1543 4356 ἶνα
1567 4299 1885 4373 δυνηθῶμεν

307 4383 459 4458 1120]
490 4387 686 4457 μικρόν
710 4403 763 4439 τι
794 4384 1081 4453 διαϐλέψαι
1123 4384 1261 4456 πρὸς
1299 4385 1367 4439 τά
1396 4384 1563 4439 άδυτα
1590 4386 1699 4439 τῶν
1727 4385 1886 4439 θείων

308 4468 526 4537 λογίων.
557 4468 689 4523 ’ἰδοὺ
714 4468 821 4542 γὰρ
838 4469 933 4521 καὶ
955 4469 1192 4539 τήμερον
1214 4468 1275 4520 οὐ
1298 4467 1492 4539 μικρὸν
1516 4470 1647 4539 ἡμῖν
1668 4467 1888 4540 ζήτημα

305 4552 616 4623 πρόκειται,
649 4551 784 4605 ἀλλά
828 4552 926 4605 καὶ
973 4550 1174 4622 πολλῆς
1222 4550 1474 4623 δεόμενον
1518 4553 1616 4624 τῆς
1650 4552 1888 4623 σπουδῆς

311 4638 406 4689 καὶ
430 4634 533 4705 τῆς
560 4634 806 4707 ἐρεύνης.
849 4635 1109 4697 Εἰπόντος
1156 4634 1268 4706 7&9
1297 4635 1390 4689 τοῦ
1420 4635 1715 4706 Ναθαναὴλ
1737 4677 1754 4702 ,
1802 4634 1888 4690 Σὺ

310 4714 369 4773 αῖ
393 4721 428 4773 ό
465 4718 601 4785 Υἱὸς
629 4718 737 4773 τοῦ
764 4718 913 4773 Θεοῦ
931 4756 947 4781 ,
990 4720 1019 4771 ὁ
1046 4718 1279 4789 Χριστός
1310 4736 1472 4788 φησιν
1491 4730 1505 4749 ⁴
1554 4720 1681 4773 Ὅτι
1716 4716 1891 4774 εἶπόν

312 4817 431 4867 σοι,
464 4798 652 4857 Εῒδόν
688 4818 765 4857 σε
809 4801 1087 4856 ὑποκάτω
1117 4799 1226 4868 τῆς
1271 4801 1472 4870 συκῆς
1495 4844 1510 4866 ,
1546 4803 1889 4869 πιστεύεις;

313 4884 565 4946 Μείζονα
588 4886 816 4939 τούτων
836 4885 991 4954 ὄψει.
1016 4884 1082 4936 Τί
1106 4885 1225 4937 ποτ’
1250 4880 1342 4937 οὖν
1362 4887 1420 4937 ὲν
1445 4887 1557 4949 τοῖς
1581 4885 1893 4957 εἰρημένοις

313 4972 426 5023 ἔστί
446 4970 513 5025 τὸ
544 4970 872 5041 ζητούμενον
896 4986 911 5034 ;
938 4970 1060 5022 Ὅτι
1084 4968 1287 5039 Πέτρος
1316 4967 1345 5008 ιι
1368 4968 1466 5041 μὲν
1498 4971 1637 5040 μετά
1654 4969 1893 5023 τοσαῦτα

316 5054 572 5127 θαύματα
607 5056 703 5109 καὶ
752 5053 1101 5109 διδασκαλίαν
1128 5052 1384 5124 τοιαύτην
1422 5054 1786 5126 ὁμολογήσας,
1811 5055 1895 5107 ὅτι

314 5140 396 5195 Σὺ
426 5140 565 5206 Υιὸς
580 5136 641 5193 εἷ
660 5138 768 5191 τοῦ
802 5137 971 5203 Θεοῦ,
994 5134 1375 5209 μακαρίζεται,
1396 5136 1473 5200 ὡς
1494 5137 1645 5208 παρά
1664 5138 1758 5191 τοῦ
1782 5139 1894 5191 Ila.-

314 5224 438 5292 τρὶς
462 5224 566 5292 τὴν
602 5219 945 5290 ἀποκάλυψιν
976 5219 1268 5291 δεξάμενος
1289 5240 1302 5253 ο
1336 5221 1365 5272 ὁ
1391 5220 1448 5273 δὲ
1472 5221 1763 5291 Ναθαναὴλ
1797 5221 1893 5274 κα)⁵

316 5307 421 5375 πρὸ
448 5305 563 5358 τῶν
590 5304 852 5374 σημείων,
887 5303 985 5357 καὶ
1015 5305 1120 5373 πρὸ
1159 5305 1259 5374 τῆς
1282 5303 1628 5366 διδασκαλίας
1664 5304 1725 5357 τὸ
1762 5304 1895 5357 αὐτὸ

314 5389 467 5443 τοῦτο
498 5386 705 5449 εἰπὼν,
747 5387 898 5440 οὐδὲν
945 5386 1185 5440 τοιοῦτον
1217 5389 1470 5457 ἧκουσεν,
1524 5386 1662 5440 ἀλλά
1694 5388 1789 5439 καί
1819 5386 1896 5451 ὡς

314 5473 463 5525 οὐδὲν
489 5468 730 5541 εἰρηκὼς
750 5467 1024 5535 τοσοῦτον,
1049 5469 1174 5523 ὅσον
1198 5470 1362 5541 ἐχρῆν
1383 5464 1579 5533 εἰπεῖν,
1607 5470 1700 5522 ἐ.πί
1723 5467 1894 5539 μείζω

316 5556 654 5624 προσάγεται
708 5563 757 5606 ε.
801 5552 869 5604 Τί
918 5554 1034 5606 ποτ’
1070 5547 1165 5606 οὖν
1192 5551 1253 5603 τὸ
1296 5552 1501 5619 αῐτιον;
1544 5551 1767 5605 Ὅτιτά
1794 5552 1894 5623 μὲν

320 5641 539 5709 ῥήματα
564 5637 637 5689 τά
668 5635 811 5690 αὺτά
839 5634 1137 5705 ἐφθέγξατο
1175 5637 1272 5691 καὶ
1300 5638 1329 5690 ὁ
1357 5639 1561 5711 Πέτρος
1600 5640 1694 5694 καὶ
1724 5641 1753 5693 ὁ
1782 5640 1896 5692 Να-

319 5720 542 5791 θαναὴλ,
559 5720 622 5772 οὐ
649 5719 789 5790 μιτά
819 5719 921 5790 τῆς
948 5720 1116 5790 αὐτῆς
1137 5720 1194 5774 δὲ
1217 5720 1449 5787 διανοίας
1473 5725 1751 5795 ἑκάτερος,
1779 5722 1895 5777 ἀλλ’

382 5817 410 5847 ⁸
429 5816 590 5887 ϐοτηε
609 5817 665 5887 τρ
688 5818 889 5887 θέλημα,
913 5814 1167 5887 _M_orel._-rb_
1184 5820 1442 5887 βούλημα.
1506 5820 1535 5861 b
1561 5822 1641 5887 Sic
1672 5821 1902 5887 Savil.ret

327 5891 440 5950 ιιιεε.
462 5879 681 5950 plurilpi.
707 5879 882 5950 Mergi.
900 5879 1031 5950 βψει.
1079 5879 1270 5950 IIo_l?Igl_
1280 5879 1695 5950 ἀναγινωσκόντων
1720 5886 1775 5950 τὸ
1818 5886 1903 5949 ρη-

328 5942 406 5987 τον
428 5942 575 6009 τοῦτο
598 5942 935 6003 διαποροῦντες
972 5956 1106 6003 φασι,
1138 5943 1196 5992 Τί
1220 5945 1393 6004 δήποτε
1417 5948 1609 6009 Πέτρος.
1679 5950 1700 5977 ο
1727 5942 1901 5999 Μοὲοἰ.

326 6002 598 6065 προάγεται.

1982 3596 2011 3648 ὁ
2044 3595 2140 3666 μὲν
2175 3596 2381 3667 Πέτρος
2407 3591 2756 3668 ὡμολόγησεν
2801 3597 2928 3650 Υἱὸν
2960 3596 3054 3651 τοῦ
3084 3597 3218 3650 Θεοῦ
3238 3636 3251 3657 ,
3301 3598 3376 3661 ὡς
3429 3597 3562 3650 Θεὸν

1985 3677 2185 3749 ἀληθῆ,
2217 3680 2246 3733 ὁ
2274 3679 2332 3733 δὲ
2356 3680 2645 3750 ἄνθρωπον
2676 3680 2851 3750 ψιλόν.
2896 3682 3005 3733 Καὶ
3038 3680 3201 3733 πόθεν
3227 3680 3384 3751 δῆλον
3404 3678 3565 3733 τοῦτο

1984 3762 2149 3832 ἡμῖνς
2197 3762 2293 3816 Ἐκ
2326 3761 2435 3816 τῶν
2452 3761 2479 3802 ἀ
2508 3762 2648 3833 μετὰ
2672 3761 2846 3817 ταῦτα
2871 3762 3199 3834 εἰρημένων.
3226 3760 3411 3817 Εἰπὼν
3430 3761 3561 3833 7&9,

1986 3844 2071 3900 Σὺ
2099 3841 2160 3900 εἷ
2183 3848 2217 3900 ό
2251 3846 2382 3912 Υἱὸς
2402 3842 2509 3900 τοῦ
2535 3845 2703 3908 Θεοῦ.
2721 3846 2969 3917 ὲπήγαγε
2985 3861 2999 3876 ·
3018 3844 3103 3901 Σὺ
3129 3842 3187 3900 εἴ
3212 3848 3245 3899 ό
3264 3845 3565 3912 ,βασιλεὺς

1986 3928 2094 3983 τοῦ
2128 3928 2395 3998 Ἰσραήλ.
2441 3927 2503 3983 Ὀ
2534 3928 2592 3982 δὲ
2618 3928 2712 3983 τοῦ
2740 3928 2877 3983 Θεοῦ
2928 3930 3056 3994 Υἰὸς
3104 3929 3166 3983 ού
3197 3927 3292 3983 τοῦ
3347 3928 3568 3999 Ἰσραήλ

1988 4008 2106 4067 ἐστι
2137 4012 2391 4082 βασιλεὺς
2422 4012 2604 4082 μόνον,
2643 4012 2780 4066 ἀλλά
2814 4013 3034 4084 καὶτῆς
3071 4013 3395 4084 οἰκουμένης
3424 4012 3568 4066 ἀπά-

1991 4112 2110 4166 σης.
2147 4093 2259 4149 Οὐκ
2286 4092 2394 4149 ἀπὺ
2417 4096 2609 4150 τούτου
2629 4096 2687 4150 δὲ
2720 4096 2880 4167 μόνον
2908 4095 3070 4150 τοῦτο
3095 4096 3274 4168 δῆλον,
3306 4094 3445 4150 ἀλλά
3471 4094 3568 4147 καὶ

1989 4178 2054 4229 ἐκ
2079 4178 2185 4231 τῶν
2206 4176 2353 4250 έξῆς.
2377 4178 2469 4249 Τῷ
2495 4179 2593 4250 μὲν
2623 4179 2731 4249 7&9
2751 4180 2943 4251 Πέτρῳ
2961 4180 3110 4232 οὐδὲν
3133 4179 3358 4251 ὕστερον
3394 4193 3567 4248 προσ-

1990 4258 2187 4332 έθηκεν
2229 4261 2259 4314 ὁ
2286 4262 2543 4333 Χριστὸς,
2575 4262 2692 4315 ἀλλ’
2720 4262 2795 4325 ὼς
2833 4262 3251 4334 ἀπηρτισμένης
3280 4261 3430 4331 αὺτῴ
3467 4260 3568 4329 τῆς

1991 4344 2248 4409 πίστεως,
2277 4345 2376 4418 τὴν
2414 4346 2740 4419 Ἐκκλησίαν
2774 4346 2975 4419 ἔφησεν
3015 4347 3108 4400 ἐπὶ
3136 4346 3236 4417 τὴν
3273 4344 3569 4416 ὁμολογίαν

1989 4428 2363 4500 οἰκοδομήσειν
2388 4429 2487 4501 τὴν
2510 4430 2740 4486 ἐκείνου.
2783 4429 3045 4482 Ἐνταῦθα
3072 4429 3127 4482 δὲ
3153 4429 3303 4483 οὐδὲν
3326 4428 3570 4482 τοιοῦτον

1994 4511 2272 4582 ἐποίησεν,
2304 4511 2439 4565 ἀλλά
2467 4513 2643 4566 καὶτὸ
2670 4512 2930 4565 ἐναντίον.
2965 4511 3050 4575 Ὠς
3069 4512 3177 4583 7&9
3199 4511 3394 4565 πολλοῦ
3424 4528 3571 4574 τινος

1994 4595 2089 4648 καὶ
2128 4593 2220 4648 τοῦ
2254 4594 2519 4665 βελτίονος
2561 4593 2761 4665 μέρους
2794 4596 2859 4664 τῇ
2887 4594 3144 4664 ὁμολογίᾳ
3175 4594 3467 4658 λείποντος,
3501 4594 3572 4657 τά

1994 4677 2159 4731 λοιπὰ
2181 4678 2507 4749 προσέθηκε.
2531 4678 2596 4731 Τί
2620 4677 2729 4749 γάρ
2758 4693 2955 4749 φησιν;
2993 4678 3191 4747 Ἀμὴν,
3213 4679 3374 4748 ἀμὴν
3416 4677 3573 4748 λέγω

1994 4760 2138 4831 ὑμῖν
2158 4778 2172 4791 ·
2212 4760 2431 4829 ἁπάρτι
2454 4761 2683 4829 ὄψεσθε
2715 4762 2822 4814 τὸν
2843 4762 3103 4827 οὐρανὸν
3123 4762 3445 4831 ἀνεῳγότα,
3472 4761 3573 4814 καί

1995 4844 2139 4911 τοὺς
2167 4844 2463 4914 ἀγγέλους
2494 4844 2602 4898 τοῦ
2634 4843 2782 4897 Θεοῦ
2805 4843 3238 4911 ἀναϐαίνοντας
3263 4845 3363 4898 καὶ
3395 4862 3574 4899 κατα-

1994 4930 2312 4995 ϐαίνοντας
2335 4929 2434 4983 ἐπὶ
2458 4930 2563 4982 τὸν
2603 4929 2740 4983 Υίὸν
2756 4928 2863 4983 τοῦ
2887 4928 3222 4997 ἀνθρώπου.
3265 4927 3429 5001 Ὁρᾷς
3456 4931 3574 4988 πῶς

1994 5012 2156 5065 αὐτὸν
2191 5012 2299 5066 ἀπὸ
2326 5010 2426 5081 τῆς
2454 5011 2561 5080 γῆς
2607 5012 2799 5080 ἀνάγει
2831 5010 2976 5065 κατά
3032 5011 3245 5083 μικρὸν,
3288 5014 3382 5065 καὶ
3430 5013 3575 5065 ποιεῖ

1999 5095 2199 5166 μηκέτι
2228 5092 2594 5165 φαντάζεσθαι
2620 5095 2906 5167 ἄνθρωπον
2932 5094 3117 5159 ἀπλῶς
3139 5112 3154 5161 ;
3180 5088 3250 5165 Ὦ
3270 5095 3378 5165 γὰρ
3404 5096 3573 5165 ἄγγε-

1998 5179 2080 5231 λοι
2109 5178 2437 5244 διακονοῦσι,
2485 5178 2581 5232 καὶ
2624 5178 2709 5248 ἐφ’
2738 5178 2797 5232 δν
2822 5178 3043 5247 ἄγγελοι
3094 5178 3443 5233 ἀναϐαίνουσι
3478 5178 3575 5231 καὶ

1999 5259 2406 5325 καταϐαίνουσι,
2431 5260 2549 5325 πῶς
2573 5259 2641 5315 ἂν
2664 5254 2819 5325 οὗτος
2846 5261 3131 5334 ἄνθρωπος
3159 5261 3247 5331 εἴη
3268 5278 3282 5326 ;
3303 5261 3401 5314 Διά
3419 5261 3576 5315 τοῦτο

1948 5354 1964 5389 -'
1999 5344 2142 5411 εἷπε,
2174 5342 2427 5405 Μείζονα
2469 5346 2696 5399 τούτων
2722 5344 2893 5412 ὄψει·
2934 5345 3031 5397 καὶ
3054 5345 3269 5407 δεικνὺς
3298 5344 3450 5409 αὐτὸ,
3473 5345 3576 5395 ἑπ-

2000 5428 2177 5500 ήγαγε
2196 5429 2293 5500 τὴν
2319 5429 2428 5482 τῶν
2460 5428 2706 5497 ἀγγέλων
2719 5427 3014 5482 διακονίαν.
3033 5430 3098 5482 Ὃ
3117 5429 3173 5481 δὲ
3194 5428 3365 5496 λέγει,
3394 5427 3577 5480 τοιοῦ-

1998 5513 2092 5566 τόν
2138 5513 2277 5565 ἐστι·
2324 5511 2483 5580 Μέγα
2528 5529 2645 5579 σοι,
2704 5513 2901 5584 φησὶν,
2929 5506 2975 5567 ὧ
3024 5511 3345 5583 Ναθαναὴλ,
3400 5510 3577 5578 ἔδοξεν

1999 5591 2141 5649 εἶναι
2172 5594 2350 5661 τοῦτο,
2398 5595 2493 5648 καί
2525 5593 2615 5648 διά
2660 5594 2818 5648 τοῦτό
2866 5612 2935 5665 με
2970 5595 3194 5666 βασιλέα
3224 5595 3319 5650 τοῦ
3360 5594 3577 5667 Ἰσραὴλ

2001 5678 2357 5750 ὡμολόγησας
2378 5695 2392 5709 ·
2426 5678 2481 5731 τί
2510 5672 2603 5731 οῦν
2629 5678 2793 5749 ἐρεῖς,
2842 5677 2968 5730 ὃταν
3014 5678 3131 5751 ἴδῃς
3156 5680 3284 5743 τοὺς
3313 5678 3577 5748 ἀγγέλους

2002 5763 2092 5817 ἐπ’
2121 5762 2221 5833 ἐμὲ
2237 5759 2624 5823 ἀναϐαίνοντας
2644 5762 2740 5815 καὶ
2772 5760 3195 5825 καταϐαίνοντας
3218 5778 3233 5827 ;
3258 5761 3347 5816 διά
3373 5760 3579 5815 τούτων

2010 5844 2233 5911 πείθων,
2249 5844 2345 5898 καὶ
2360 5842 2467 5897 τῶν
2489 5842 2735 5913 ἀγγέλων
2755 5842 2913 5899 αὐτὸν
2928 5845 3262 5916 ὁμολογῆσαι
3278 5844 3576 5914 Δεσπότην.

2071 5940 2100 5980 (ι
2120 5940 2205 5992 Sic
2240 5940 2391 5991 Savll.
2420 5945 2472 5990 ει
2507 5951 2680 5990 omnes
2711 5938 2819 5990 fere
2862 5955 2975 5997 mss.
3022 5939 3194 5994 Iorel.
3237 5955 3356 5994 vero
3390 5940 3472 5992 καὶ
3504 5938 3581 5990 δτι

2009 6002 2153 6054 τοῦτο
2192 6004 2374 6066 ἀληθὲς,
2415 6003 2557 6062 δῆλον
2595 6003 2650 6053 ἐκ
2691 6003 2804 6054 τῶν.
