4094 6370
289 407 387 464 929

280 521 549 585 deducat,
601 533 669 575 ne
717 520 892 588 ipsum
941 528 1208 587 tamquam
1251 515 1545 583 simplicem
1591 511 1864 565 hominem

278 610 543 681 efﬁngat?
567 610 616 664 Is
638 611 779 665 enim
807 610 891 664 cui
918 608 1090 678 angeli
1120 606 1379 668 serviunt,
1403 618 1563 672 super
1588 616 1746 672 quem
1770 615 1868 653 an-

278 707 385 774 geli
450 703 753 758 ascendunt
811 712 865 757 et
918 700 1290 761 descendunt,
1356 712 1460 767 quo
1508 706 1664 766 pacto
1710 692 1869 746 homo

282 798 483 853 fuerit?
511 798 634 852 Ideo
661 797 814 858 dixit,
840 796 1045 866 blajora
1066 795 1142 848 his
1163 791 1383 855 videbis;
1410 789 1551 860 quod
1572 787 1866 856 explicans,

283 888 597 957 angelorum
644 885 997 939 miniSIerium
1045 884 1247 946 attulit;
1298 897 1361 935 ac
1406 882 1449 933 si
1491 879 1728 932 diceret:
1763 875 1873 929 Ma-

284 993 448 1045 gnum
481 976 574 1029 tibi
603 976 706 1030 hoc
731 974 941 1028 videtur
962 1015 976 1038 ,
1012 988 1045 1027 o
1072 970 1359 1027 Nathanael
1381 1010 1397 1033 ,
1444 968 1671 1037 ideoque
1700 980 1786 1020 me
1814 973 1873 1018 ut

292 1068 507 1124 Israelis
552 1067 751 1137 Regem
795 1065 1075 1120 confessus
1112 1080 1172 1119 es
1214 1081 1230 1118 :
1274 1062 1398 1132 quid
1426 1075 1554 1129 ergo
1580 1060 1724 1113 dices
1749 1071 1871 1110 cum

287 1161 484 1216 videris
521 1160 739 1229 angelos
759 1174 920 1228 super
955 1174 1042 1213 me
1075 1156 1421 1212 ascendentes
1452 1163 1507 1208 et
1545 1149 1875 1207 descenden-

287 1256 403 1311 tes?
433 1254 518 1308 his
543 1253 621 1308 illi
653 1252 903 1318 suadens,
926 1263 982 1305 ut
1003 1266 1061 1306 se
1087 1249 1393 1319 angelorum
1414 1247 1574 1301 etiam
1594 1245 1873 1298 Dominum

289 1348 629 1403 confiteatur.
677 1345 812 1400 Nam
857 1344 1007 1415 quasi
1036 1343 1102 1397 ad
1140 1341 1427 1412 genuinum
1474 1337 1637 1407 Regis
1674 1334 1871 1398 filium,

289 1444 367 1496 sic
403 1439 798 1495 descendebant
827 1447 882 1494 et
919 1435 1277 1491 ascendebant
1311 1429 1541 1487 ministri
1574 1427 1740 1497 regii,
1775 1426 1875 1478 hoc

291 1532 454 1587 modo
480 1542 724 1600 tempore
751 1528 955 1593 crucis,
990 1528 1079 1581 illo
1107 1534 1283 1579 autem
1316 1524 1367 1577 in
1396 1519 1789 1576 resurrectione
1822 1524 1876 1569 et

290 1622 635 1687 ascensione,
671 1621 778 1674 imo
815 1630 968 1673 antea
991 1660 1007 1685 ,
1040 1616 1255 1687 quando
1284 1620 1662 1673 accesserunt,
1694 1616 1748 1661 et
1776 1605 1874 1658 mi-

292 1715 590 1770 nistrabant
632 1713 719 1779 ei,
765 1710 976 1783 quando
1020 1710 1186 1779 ipsius
1229 1707 1435 1762 natales
1477 1701 1869 1773 praedicabant,

292 1805 507 1875 quando
531 1804 865 1868 clamabant,
894 1799 1070 1856 Glbria
1094 1801 1147 1853 in
1171 1798 1381 1853 excelsis
1415 1794 1524 1849 Deo
1547 1835 1563 1860 ,
1594 1803 1641 1847 et
1664 1793 1717 1844 in
1744 1801 1877 1843 terra

292 1913 398 1967 pa:
441 1894 609 1967 (Luc.
657 1893 713 1949 2.
758 1889 1156 1963 M):quando
1200 1889 1267 1944 ad
1311 1887 1529 1943 Mariam
1574 1889 1873 1951 venerunt,

292 1988 510 2058 quando
538 1987 604 2042 ad
632 1984 943 2054 Josephum.
973 1983 1125 2052 Quod
1155 1996 1298 2051 saepe
1337 1980 1571 2042 fecerat,
1619 1991 1759 2031 nunc
1801 1975 1877 2028 fa-

291 2080 382 2133 cit.
415 2080 531 2132 Duo
577 2076 848 2147 praedicit,
878 2084 931 2130 et
962 2074 1184 2129 alterius
1209 2072 1463 2127 indicium
1492 2070 1617 2134 dat,
1647 2068 1875 2122 alterum

290 2186 355 2226 ex
384 2172 484 2225 hoc
517 2171 801 2225 conﬁrmat
844 2168 1101 2223 futurum.
1134 2165 1216 2222 Ex
1244 2180 1407 2236 supra
1438 2164 1595 2218 dictis
1639 2161 1741 2215 alia
1764 2160 1875 2230 jam

290 2262 650 2316 demonstrata
684 2262 912 2325 fuerant,
940 2259 1100 2329 quale
1126 2257 1257 2312 illud
1300 2264 1417 2312 erat
1475 2265 1600 2308 ante
1643 2252 1876 2322 Philippi

290 2354 646 2417 vocationem,
688 2352 803 2405 Vidi
833 2362 880 2406 te
902 2352 994 2405 sub
1022 2351 1164 2419 ﬁcu;
1190 2348 1296 2403 alia
1322 2358 1577 2402 eventura
1600 2355 1789 2411 erant,
1821 2350 1877 2398 et

290 2462 355 2501 ex
387 2454 536 2515 parte
562 2453 894 2509 evenerant,
925 2443 1234 2512 angelorum
1263 2454 1459 2509 nempe
1496 2437 1788 2493 descensus
1821 2443 1878 2491 et

292 2553 544 2592 ascensus
573 2553 588 2601 ;
623 2537 672 2591 in
699 2550 881 2599 cruce,
915 2535 966 2589 in
991 2532 1404 2596 resurrectione,
1439 2530 1492 2584 in
1517 2528 1831 2585 ascensione
1857 2544 1873 2583 :

291 2630 373 2682 cui
402 2630 479 2684 rei
505 2646 570 2684 ex
602 2628 874 2699 praedictis
906 2627 1061 2681 [idem
1087 2625 1232 2689 facit,
1272 2625 1431 2680 etiam
1456 2633 1579 2677 ante
1605 2632 1873 2676 eventum.

291 2718 423 2774 Nam
464 2720 556 2789 qui
588 2720 701 2789 jam
742 2718 794 2772 in
837 2716 1120 2788 prieteritis
1155 2715 1273 2787 ejus
1317 2715 1572 2769 virtutem
1616 2710 1874 2782 agnovit,

291 2810 464 2864 futura
508 2811 553 2864 si
602 2810 803 2873 audiat,
858 2808 1064 2862 facilius
1090 2808 1336 2876 accipiet.
1368 2804 1504 2872 Quid
1528 2818 1656 2873 ergo
1683 2801 1878 2855 Natha-

291 2904 453 2957 nael?
482 2902 624 2957 Nihil
655 2901 722 2956 ad
756 2902 857 2956 hoc
880 2900 1174 2969 respondit.
1198 2899 1322 2954 Ideo
1345 2898 1590 2953 Christus
1611 2896 1694 2950 hic
1716 2894 1876 2948 linem

289 2993 502 3049 dicendi
528 2993 674 3053 facit,
705 2993 887 3047 sinens
917 2991 1068 3045 illum
1092 2991 1233 3046 dicta
1270 3004 1455 3046 secum
1480 2996 1749 3057 reputare,
1774 3000 1873 3040 nec

290 3084 475 3141 volens
520 3084 700 3138 omnia
728 3085 909 3138 statim
948 3080 1223 3138 edundere
1244 3121 1261 3148 ,
1301 3079 1396 3134 sed
1420 3079 1570 3149 jacto
1596 3078 1651 3133 in
1681 3077 1874 3131 bonam

292 3184 488 3231 terram
513 3177 720 3231 semine
741 3215 757 3241 ,
780 3176 905 3229 sinit
930 3189 1048 3229 eam
1078 3173 1278 3228 fructus
1304 3186 1400 3242 per
1427 3170 1593 3224 otium
1618 3170 1875 3240 proferre.

294 3268 349 3323 Id
376 3268 519 3338 quod
541 3268 667 3322 alibi
693 3268 771 3321 sic
797 3265 1108 3322 declarabat
1140 3283 1154 3319 :
1181 3264 1365 3319 Simile
1392 3272 1464 3317 est
1484 3279 1696 3333 regnum
1720 3261 1876 3315 cavlo-

290 3379 403 3415 rum
440 3362 657 3424 homini,
705 3363 791 3425 qui
826 3359 1090 3413 seminavit
1109 3357 1294 3411 bonum
1332 3372 1516 3412 semen.
1556 3354 1683 3410 Cum
1712 3365 1879 3407 autem

290 3456 553 3518 dormiret,
585 3454 717 3506 venit
741 3452 973 3504 inimicus
999 3451 1109 3521 ejus
1128 3491 1142 3514 ,
1175 3458 1222 3502 et
1250 3447 1662 3517 superseminavit
1681 3446 1880 3499 zizania

291 3548 341 3600 in
356 3546 519 3598 medio
537 3544 688 3596 tritici
709 3541 918 3611 (Matth.
939 3540 1131 3596 15.24.
1154 3538 1266 3608 25).
1290 3538 1436 3610 (Cap.
1455 3538 1511 3610 2)
1553 3539 1601 3592 1.
1624 3536 1718 3590 Die
1736 3536 1881 3589 tertia

293 3639 483 3708 nuptia:
504 3642 653 3708 factm
667 3643 783 3689 sunt
799 3636 851 3688 in
870 3633 1009 3688 Cana
1025 3632 1141 3687 Gali
1146 3632 1271 3686 ιωω.
1289 3631 1343 3685 2.
1354 3630 1417 3684 Et
1432 3639 1634 3704 vocatus
1650 3628 1765 3684 estJ
1770 3645 1882 3682 esus

294 3733 363 3786 ad
388 3733 615 3802 nuptias.
642 3728 771 3783 Erat
798 3738 966 3781 autem
995 3738 1160 3779 mater
1192 3724 1317 3779 Iesu
1340 3724 1435 3790 ibi,
1471 3733 1517 3777 et
1544 3725 1727 3794 fratres
1748 3722 1879 3792 ejus.

295 3827 411 3882 Jam
442 3825 552 3878 dixi
586 3839 708 3878 eum
746 3823 798 3875 in
825 3820 1043 3877 Galilzea
1072 3818 1333 3874 notiorem
1364 3816 1563 3881 fuisse;
1596 3830 1760 3886 quare
1789 3828 1882 3867 vo-

297 3928 420 3973 cant
439 3932 565 3972 eum
596 3914 660 3968 ad
688 3915 921 3984 nuptias,
950 3912 1170 3982 ipseque
1191 3909 1362 3963 adest.
1388 3907 1503 3962 Non
1534 3910 1675 3962 enim
1706 3905 1771 3960 ad
1801 3905 1884 3961 di-

300 4013 557 4081 gnitatem
602 4022 751 4061 suam
796 4004 1152 4075 respiciebat,
1183 4001 1279 4056 sed
1324 4009 1441 4056 erat
1467 3998 1532 4053 ad
1564 3997 1882 4054 beneficium

301 4103 457 4157 nobis
498 4098 837 4155 inferendum
880 4105 1116 4166 paratus.
1146 4094 1277 4149 Nam
1303 4095 1393 4162 qui
1434 4106 1539 4146 non
1567 4090 1884 4162 dedignatus

300 4206 383 4251 est
407 4196 634 4250 formam
661 4195 801 4248 servi
828 4191 1089 4260 accipere,
1123 4187 1289 4241 multo
1316 4187 1491 4240 minus
1514 4184 1888 4254 dedignabitur

302 4289 367 4342 ad
396 4288 611 4356 nuptias
635 4298 911 4338 servorum
962 4281 1145 4332 venire
1170 4277 1304 4347 ;.qui
1346 4290 1468 4330 cum
1508 4274 1805 4344 publicanis
1832 4281 1887 4329 et

306 4377 674 4450 peccatoribus
697 4374 1031 4438 versabatur,
1065 4370 1235 4424 multo
1265 4369 1443 4423 minus
1470 4367 1739 4423 recusabit
1759 4380 1883 4421 cum

305 4470 542 4527 invitatis
569 4467 636 4521 ad
664 4466 877 4536 nuptias
903 4462 1239 4518 recumbere.
1270 4460 1371 4527 Qui
1404 4466 1744 4523 vocaverant,
1770 4472 1878 4513 non

305 4570 692 4632 congruentem
735 4558 803 4613 de
850 4557 942 4610 illo
980 4556 1285 4625 opinionem
1318 4552 1603 4618 habebant,
1631 4566 1802 4622 neque
1827 4558 1888 4605 ut

306 4667 559 4723 maguum
588 4650 892 4720 quempiam
922 4647 1093 4699 virum
1123 4644 1439 4707 invitabant,
1468 4642 1563 4697 sed
1589 4653 1647 4695 ut
1674 4642 1891 4712 popula-

305 4760 417 4799 rem
462 4750 520 4797 et
558 4740 660 4795 sibi
700 4749 904 4793 notum.
938 4737 1004 4792 Et
1044 4737 1147 4791 hoc
1183 4733 1537 4789 subindicavit
1566 4732 1887 4802 evangelista

304 4841 489 4892 dicens
520 4856 536 4890 :
567 4835 695 4888 Erat
736 4843 902 4887 autem
945 4842 1105 4885 mater
1143 4830 1269 4883 Jesu
1312 4829 1398 4893 ibi,
1446 4836 1491 4880 et
1536 4825 1720 4896 fratres
1758 4826 1886 4897 ejus.

306 4925 773 4998 Quemadmodum
804 4925 944 4977 illam
976 4931 1031 4977 et.
1071 4920 1264 4975 fratres
1298 4919 1413 4987 ejus
1437 4957 1453 4983 ,
1497 4917 1567 4971 ita
1608 4925 1663 4971 et
1707 4915 1889 4971 Jesum

306 5025 648 5075 vocaverant.
679 5018 734 5072 '5.
770 5015 831 5068 Et
860 5015 1119 5080 deﬁciente
1154 5013 1268 5066 vino
1303 5011 1426 5063 dicit
1468 5017 1628 5061 mater
1670 5007 1779 5077 ejus
1824 5004 1893 5060 ad

306 5130 420 5165 eum
451 5129 472 5165 :
512 5109 701 5162 Vinum
746 5124 848 5160 non
892 5105 1095 5158 habent.
1129 5102 1365 5171 Hicjure
1391 5108 1663 5170 qumratur
1693 5117 1706 5151 :
1739 5096 1893 5154 Unde

308 5204 463 5259 matri
498 5203 551 5255 in
580 5208 814 5255 mentem
837 5197 999 5252 subiit
1022 5195 1147 5265 quid
1177 5208 1420 5261 magnum
1446 5190 1511 5245 de
1532 5190 1644 5246 filio
1664 5190 1888 5260 opinari:

309 5297 516 5349 nullum
548 5295 692 5348 enim
719 5289 898 5344 adhuc
938 5289 1145 5357 signum
1189 5284 1385 5339 fecerat
1415 5298 1576 5337 :nam
1612 5281 1722 5335 Hoc
1751 5281 1890 5353 fecit,

309 5388 499 5455 inquit,
528 5384 730 5437 initium
748 5383 1005 5449 signorum
1020 5378 1170 5431 Jesus
1207 5378 1257 5429 in
1270 5374 1407 5431 Cana
1435 5374 1661 5429 Galiltea:
1675 5376 1747 5443 (v.
1776 5374 1890 5439 H).

376 5483 429 5533 ‘2.
456 5479 694 5535 Christus
719 5493 820 5530 non
846 5476 899 5529 in
926 5475 1164 5544 primaeva
1184 5482 1328 5525 aztate
1353 5470 1601 5524 miracula
1629 5468 1847 5540 patravit
1871 5482 1892 5532 ,'

308 5576 462 5627 trium
504 5585 760 5623 annorum
810 5566 974 5637 spatio
1014 5562 1275 5617 miraculis
1321 5563 1595 5616 celebratus
1631 5569 1720 5615 est.
1751 5559 1892 5626 Quo-

310 5667 457 5719 modo
492 5664 665 5719 Maria
708 5661 805 5730 ﬁlii
835 5660 985 5712 etiam
1014 5656 1157 5728 pueri
1186 5655 1500 5708 divinitatem
1528 5654 1773 5723 suspicari
1796 5669 1892 5722 po-

311 5758 476 5809 tuerit.
507 5753 730 5821 Quando
758 5750 1047 5821 parentibus
1060 5746 1690 5821 (obsequendum—Quod
1716 5748 1757 5800 si
1777 5746 1895 5817 quis

314 5820 561 5913 dixerit,
595 5860 705 5901 non
736 5820 987 5899 idoneum
1028 5820 1129 5898 hoc
1158 5856 1280 5899 esse
1306 5846 1675 5911 argumentum
1707 5880 1721 5903 ,
1748 5835 1890 5909 quod

1276 404 1344 459 IN
1380 399 1692 459 JOANNEM
1733 396 1968 453 IIOMIL.
2008 397 2152 453 XXI.
2188 400 2264 453 aI.
2306 399 2423 454 KX.

3451 406 3556 463 {50

1978 527 2106 583 illud
2133 531 2203 585 sit
2226 530 2434 585 initium
2462 531 2735 600 signorum
2769 575 2783 598 ,
2808 549 2873 590 eo
2902 535 3041 605 quod
3072 536 3308 591 additum
3335 538 3404 595 sit
3430 582 3447 607 ,
3484 539 3552 595 In

1975 618 2116 672 Cana
2138 619 2405 686 Galilcew;
2429 624 2578 692 quasi
2606 622 2708 678 hoc
2738 625 2964 695 primum
2992 627 3060 681 ibi
3084 626 3281 682 factum
3308 630 3416 697 sit,
3449 647 3552 686 nec

1974 720 2152 766 tamen
2177 714 2418 769 absolute
2454 716 2684 784 primum
2709 734 2723 781 ;
2754 718 3044 774 verisimile
3070 721 3268 789 quippe
3295 731 3375 775 cst
3402 722 3551 778 illum

1975 806 2100 859 alibi
2123 806 2223 860 alia
2250 806 2442 861 fecisse
2471 826 2482 861 :
2517 809 2959 877 respondebimus
2981 812 3029 865 ei
3058 812 3109 866 id
3140 813 3279 881 quod
3307 814 3416 881 jam
3444 819 3556 883 prl-

1977 911 2066 950 mo
2091 896 2340 951 diximus.
2368 898 2647 965 Quodnam
2668 899 2790 953 illud
2813 902 2932 954 est?
2956 901 3010 955 Id
3044 901 3181 971 quod
3198 906 3271 957 ait
3298 903 3553 957 Joannes:

1978 987 2089 1059 Ego
2142 999 2314 1042 autem
2360 991 2639 1044 nesciebam
2681 1009 2792 1045 eum
2821 1009 2841 1058 ;
2868 993 2956 1047 sed
2999 993 3072 1046 ut‘
3106 995 3455 1062 manifestetur
3502 997 3556 1050 in

1977 1080 2179 1144 Israel,
2210 1092 2476 1153 prapterea
2518 1084 2629 1137 veni
2676 1101 2767 1155 ego
2796 1086 2846 1137 in
2864 1102 2994 1155 aqua
3024 1085 3305 1157 baptizans.
3338 1087 3471 1141 Nam
3511 1088 3557 1143 si

1980 1174 2032 1226 in
2066 1174 2316 1243 prinueva
2356 1183 2513 1229 mtate
2544 1177 2794 1230 miracula
2824 1176 3079 1232 edidisset
3112 1221 3128 1247 ,
3162 1195 3265 1233 non
3298 1196 3431 1249 opus
3464 1183 3557 1235 hs-

1982 1265 2223 1320 buissent
2261 1265 2511 1321 Israelita:
2535 1267 2705 1322 altero
2729 1308 2744 1332 ,
2767 1269 2855 1339 qui
2904 1270 3075 1337 ipsum
3132 1271 3409 1325 iudiearet.
3454 1272 3557 1340 Qui

1978 1361 2122 1412 enim
2148 1373 2268 1411 cum
2297 1360 2376 1412 vir
2404 1359 2573 1413 factus
2602 1365 2745 1415 esset
2766 1401 2781 1424 ,
2814 1360 2885 1414 ita
2915 1378 2978 1415 ex
3012 1362 3285 1417 miraculis
3308 1364 3556 1419 celebra-

1982 1459 2067 1504 tus
2090 1459 2187 1514 est,
2221 1466 2325 1504 non
2355 1453 2405 1504 in
2439 1451 2619 1506 Judiea
2645 1462 2847 1507 tantum
2870 1495 2885 1520 ,
2917 1454 3012 1507 sed
3037 1455 3195 1507 etiam
3229 1455 3280 1509 in
3309 1454 3459 1525 Syria
3491 1465 3563 1511 et

1981 1540 2117 1593 ultra
2145 1558 2159 1606 ;
2190 1540 2347 1609 idque
2389 1542 2545 1595 trium
2575 1550 2777 1596 tantum
2808 1558 3067 1597 annorum
3099 1544 3271 1612 Spatio
3304 1563 3316 1599 :
3352 1546 3459 1599 imo
3489 1562 3560 1601 ne

1984 1632 2150 1687 tribus
2188 1633 2403 1701 quidem
2450 1633 2604 1687 annis
2652 1633 2720 1687 ad
2767 1634 2956 1689 famam
3001 1650 3136 1704 opus
3180 1637 3402 1701 habuit;
3456 1639 3551 1693 sed

1981 1738 2138 1793 quam
2184 1723 2416 1792 primum
2444 1724 2581 1778 fatua
2611 1726 2727 1795 ejus
2760 1725 2955 1795 ubique
2984 1741 3267 1797 pervagata
3305 1738 3388 1783 est
3421 1747 3433 1783 :
3466 1731 3559 1800 qui

1982 1828 2111 1883 ergo
2141 1823 2249 1868 tam
2280 1814 2427 1869 brevi
2461 1816 2633 1885 spatio
2653 1817 2907 1885 temporis
2934 1817 3003 1871 ob
3018 1820 3394 1874 miraculorum
3423 1821 3562 1875 mul-

1982 1904 2263 1959 titudinem
2290 1906 2361 1959 ita
2385 1905 2574 1960 claruit
2602 1947 2616 1971 ,
2648 1914 2705 1960 ut
2734 1922 2924 1961 nomen
2955 1906 3072 1977 ejus
3097 1909 3344 1964 omnibus
3374 1912 3558 1965 notum

1982 2004 2126 2050 esset
2153 2012 2168 2061 ;
2199 1997 2366 2051 multo
2397 1998 2564 2068 magis
2591 1998 2635 2052 si
2658 1997 2831 2053 adhuc
2850 2012 2984 2068 puer
3003 2001 3255 2055 miracula
3279 2001 3558 2071 edidisset,

1983 2103 2090 2142 non
2139 2089 2399 2159 potuisset
2441 2100 2590 2144 tanto
2628 2099 2866 2160 tempore
2897 2091 3064 2147 latere
3091 2110 3103 2145 :
3130 2094 3316 2163 majori
3363 2096 3559 2166 quippe

1982 2179 2320 2234 admirationi
2350 2180 2577 2236 fuissent
2601 2182 2854 2237 miracula
2875 2199 2904 2236 a
2930 2199 3092 2252 puero
3110 2183 3268 2252 facta,
3291 2202 3411 2240 cmn
3435 2205 3551 2241 ma-

1981 2273 2126 2328 xime
2154 2283 2364 2342 tempus
2383 2283 2439 2330 et
2463 2275 2655 2345 duplex
2677 2284 2733 2330 et
2758 2276 2970 2345 triplex,
2988 2276 3097 2331 imo
3124 2277 3353 2347 amplius
3384 2279 3558 2336 fuerit.

1985 2363 2182 2419 Verum
2215 2367 2349 2421 nihil
2382 2368 2519 2421 aliud
2559 2384 2690 2438 puer
2719 2367 2845 2423 fecit
2873 2409 2888 2432 ,
2922 2369 3027 2423 nisi
3072 2369 3123 2424 id
3166 2379 3367 2424 tantum
3409 2374 3565 2441 quod

1983 2454 2153 2510 Lucas
2178 2455 2330 2527 (Cap.
2355 2455 2504 2528 2.46)
2530 2466 2762 2522 enarrat,
2797 2457 3133 2513 duodennem
3155 2460 3327 2528 ipsum
3356 2461 3561 2517 sedisse

1985 2545 2039 2599 in
2096 2546 2273 2601 medio
2321 2547 2597 2603 doctorum
2651 2549 2989 2617 audientem,
3044 2560 3111 2605 et
3146 2552 3585 2624 interrogatione;

1983 2652 2077 2693 sua
2121 2639 2487 2695 admirandum
2526 2641 2697 2696 visum
2740 2641 2925 2697 fuisse.
2957 2643 3202 2714 Alioquin
3230 2656 3406 2701 autem
3439 2648 3559 2716 jure

1982 2738 2045 2778 ac
2072 2724 2262 2779 merito
2282 2739 2388 2779 non
2414 2726 2578 2794 cmpit
2609 2727 2662 2780 in
2692 2726 2882 2797 puerili
2908 2734 3065 2782 aetate
3087 2730 3340 2784 miracula
3371 2732 3556 2786 edere.

1984 2813 2267 2870 Putassent
2291 2816 2435 2871 enim
2461 2832 2575 2872 rem
2606 2817 2747 2873 illam
2769 2832 2895 2872 vere
2921 2818 3233 2887 phantasma
3254 2835 3393 2876 esse.
3425 2822 3580 2877 Nam.

1985 2907 2028 2961 si
2051 2907 2117 2962 de
2144 2908 2236 2964 illo
2255 2909 2365 2979 jam
2394 2910 2513 2965 viro
2539 2910 2591 2965 id
2621 2911 2773 2965 multi
2798 2912 3051 2981 suspicati
3077 2921 3220 2977 sunt,
3251 2915 3420 2969 multo
3442 2932 3558 2970 ma-

1986 2999 2067 3069 gis
2090 3000 2142 3054 id
2165 3001 2536 3069 credidissent,
2551 3003 2594 3058 si
2620 3002 2904 3057 admodum
2923 3003 3133 3074 juvenis
3155 3005 3301 3075 signa
3328 3006 3561 3065 fecisset:

1984 3092 2256 3148 etinvidia
2284 3096 2517 3164 permoti
2546 3094 2720 3164 ipsum
2749 3095 2906 3150 citius
2944 3107 2999 3149 et
3047 3108 3170 3150 ante
3208 3099 3560 3152 constitutum

1986 3186 2262 3251 tempusin
2285 3200 2500 3239 crucem
2527 3186 2761 3254 egissent
2788 3203 2802 3241 :
2836 3194 2997 3255 atque
3035 3186 3103 3239 ita
3133 3201 3221 3241 res
3252 3187 3317 3241 ad
3339 3203 3563 3243 oecono-

1985 3273 2144 3327 miam
2196 3284 2503 3344 spectantes
2555 3275 2774 3329 creditae
2826 3291 2931 3329 non
2986 3274 3231 3330 fuissent.
3282 3277 3565 3343 Quomodo

1986 3365 2145 3434 igitur
2164 3365 2319 3419 matri
2347 3366 2399 3420 in
2422 3375 2655 3420 mentem
2681 3367 2863 3430 subiit,
2898 3367 3125 3436 inquies,
3158 3383 3407 3437 magnum
3436 3370 3565 3438 quid

1985 3456 2053 3511 de
2083 3457 2175 3511 illo
2201 3458 2511 3512 existimare
2534 3458 2557 3511 ?
2584 3457 2910 3512 Mauifestari
2951 3458 3061 3528 jam
3088 3471 3326 3532 coeperat
3355 3501 3369 3528 ,
3416 3471 3470 3515 et
3496 3477 3564 3516 ex

1985 3549 2205 3604 Joannis
2232 3550 2559 3617 testimonio,
2579 3558 2634 3603 et
2654 3566 2721 3605 ex
2746 3551 2809 3604 iis
2829 3566 2946 3619 quae
2970 3551 3248 3621 discipulis
3278 3552 3391 3623 ipse
3412 3552 3565 3609 dixe-

1986 3650 2068 3694 rat
2099 3657 2114 3696 :
2141 3651 2264 3695 ante
2294 3640 2409 3696 haec
2433 3652 2610 3696 autem
2637 3642 2811 3694 omnia
2838 3680 2855 3707 ,
2888 3642 2998 3710 ipsa
3026 3644 3305 3712 conceptio
3330 3684 3345 3710 ,
3369 3654 3423 3699 et
3445 3660 3588 3715 quaa-

1988 3732 2043 3785 in
2066 3732 2226 3786 natali
2248 3732 2363 3802 ejus
2392 3742 2538 3803 gesta
2570 3744 2690 3786 sunt
2713 3734 2753 3799 ¹,
2773 3748 3017 3801 magnam
3047 3735 3200 3787 matri
3227 3735 3368 3789 circa
3397 3737 3566 3792 filium

1988 3826 2438 3881 existimationem
2463 3826 2736 3881 indebant.
2770 3826 2989 3880 Audivit
3019 3826 3159 3880 enim
3184 3868 3199 3893 ,
3225 3827 3413 3896 inquit,
3446 3844 3563 3883 om-

1989 3918 2074 3972 nia
2092 3917 2159 3972 de
2184 3933 2370 3988 puero,
2385 3917 2453 3971 Et
2464 3918 2789 3971 conservabat
2803 3917 2855 3971 in
2878 3917 3028 3971 corde
3046 3933 3140 3970 suo
3155 3919 3175 3949 '
3200 3917 3353 3987 (Luc.
3376 3918 3430 3971 2.
3450 3919 3564 3990 5|).
3582 3970 3585 3973 .

1990 4009 2096 4064 Sed
2125 4024 2241 4074 cur,
2267 4008 2475 4078 inquies
2509 4050 2524 4073 ,
2552 4023 2657 4062 non
2690 4008 2742 4062 id
2774 4016 2929 4062 antea
2959 4006 3140 4062 dixit?
3168 4006 3325 4075 Quia,
3358 4017 3415 4062 ut
3435 4008 3587 4075 dixi,.

1991 4111 2117 4159 tunc
2144 4102 2307 4173 cmpit
2335 4102 2387 4156 in
2421 4100 2692 4170 publicum
2722 4100 2956 4170 prodire.
2989 4098 3231 4155 Antehac
3257 4098 3400 4154 enim
3435 4110 3571 4154 tam-

1986 4209 2147 4264 quam
2170 4209 2306 4248 unus
2332 4210 2364 4248 e
2386 4194 2538 4261 vulgo
2560 4192 2872 4248 versabatur
2892 4210 2904 4245 :
2924 4199 3247 4261 quapropter
3265 4206 3369 4245 non
3399 4192 3569 4249 aude-

1992 4284 2264 4341 batmater
2278 4286 2381 4341 tale
2399 4286 2668 4356 quidpiam
2685 4285 2784 4355 ipsi
2801 4284 3002 4339 dicere.
3033 4284 3133 4339 Ubi
3168 4292 3345 4338 autem
3370 4284 3589 4339 audivit.

1993 4377 2250 4434 Joannem
2272 4386 2489 4448 propter
2514 4377 2689 4445 ipsum
2714 4377 2924 4430 venisse
2947 4417 2964 4441 ,
2992 4389 3054 4429 ac
3078 4374 3144 4429 de
3172 4375 3262 4428 illo
3289 4374 3393 4427 tale
3419 4375 3571 4429 testi-

1993 4470 2230 4523 monium
2261 4467 2590 4538 perhibuisse
2611 4506 2628 4531 ,
2666 4465 2954 4535 discipulos
2980 4465 3152 4535 ipsum
3182 4464 3381 4519 habere
3405 4506 3420 4529 ,
3445 4475 3575 4520 tunc

1994 4559 2211 4614 demum
2238 4574 2359 4613 cum
2390 4557 2581 4613 ﬁducia
2633 4566 2784 4627 rogat
2825 4557 2972 4611 illum
3014 4565 3069 4612 et
3119 4555 3401 4612 deﬁciente
3446 4558 3595 4612 vino:

1994 4654 2143 4718 dicit,
2184 4651 2369 4706 Vinum
2396 4668 2497 4705 non
2547 4651 2745 4705 habent.
2781 4649 3002 4705 Volebat
3049 4650 3191 4704 enim
3220 4661 3274 4705 et
3299 4650 3419 4704 illos
3466 4650 3573 4705 be-

1995 4745 2186 4801 neficio
2233 4742 2504 4798 devincire
2532 4783 2547 4808 ,
2591 4756 2754 4810 seque
2804 4740 3217 4811 splendidiorem
3260 4756 3353 4810 per
3406 4741 3572 4796 filium

1994 4837 2239 4894 reddere.
2267 4835 2337 4890 Et
2365 4834 2501 4889 forte
2525 4833 2811 4888 humanum
2835 4833 3103 4901 quidpiam
3124 4847 3280 4902 passa
3310 4843 3409 4898 est,
3439 4845 3495 4890 ut
3523 4844 3579 4889 et

1999 4931 2187 4985 fratres
2235 4929 2351 4997 ejus
2397 4925 2487 4998 qui
2526 4925 2818 4981 dicebant:
2851 4924 3069 4979 Ostende
3115 4926 3332 4995 teipsum
3386 4930 3577 4981 mundo

2002 5020 2177 5091 (Joan.
2200 5022 2253 5075 7.
2283 5021 2343 5091 4)
2373 5062 2388 5085 ,
2421 5020 2562 5090 quod
2615 5019 2811 5074 vellent
2840 5034 2905 5073 ex
2931 5018 3200 5072 miraculis
3228 5018 3327 5073 sibi
3350 5019 3574 5088 gloriam

1998 5129 2325 5183 comparare.
2351 5113 2475 5169 Ideo
2501 5112 2579 5168 sic
2607 5113 2679 5167 illi
2707 5112 2947 5181 aSperius
2992 5113 3265 5180 respondit
3295 5129 3309 5166 :
3341 5116 3399 5167 4.
3441 5112 3578 5177 Quid

1998 5205 2123 5258 mihi
2153 5215 2198 5258 et
2222 5205 2308 5258 tibi
2336 5214 2428 5271 est,
2459 5203 2637 5257 mulier
2662 5204 2687 5257 ?
2714 5202 2955 5257 Nondum
2988 5203 3117 5256 venit
3140 5202 3265 5256 hora
3289 5218 3418 5255 mea.
3446 5200 3577 5256 Nam

1998 5296 2139 5366 quod
2185 5297 2466 5351 admodum
2514 5306 2739 5350 matrem
2791 5305 3139 5349 veneraretur
3166 5335 3183 5360 ,
3214 5294 3336 5347 audi
3379 5293 3577 5347 Lucam

1998 5396 2303 5443 narrantem
2330 5402 2488 5455 quam
2534 5376 2777 5441 subditus
2813 5393 2955 5440 esset
2994 5384 3301 5453 parentibus
3327 5424 3343 5449 ,
3373 5398 3578 5437 necnon

1998 5478 2373 5549 evangelistam
2395 5478 2656 5532 dicentem
2687 5485 2938 5547 quantam
2966 5474 3109 5530 illius
3136 5488 3320 5529 curam
3345 5474 3396 5527 in
3418 5487 3581 5528 cruce

2063 5596 2078 5629 ί
2106 5594 2244 5645 savii.
2266 5602 2317 5643 et
2331 5601 2437 5642 Mss.
2459 5592 2651 5655 plurimi
2674 5592 2956 5650 babent,....
2977 5587 3237 5653 conceptio,
3256 5594 3301 5638 et
3317 5598 3426 5651 qute
3447 5585 3582 5637 circa

2002 5657 2349 5718 conceptionem
2369 5661 2501 5718 gesta
2524 5661 2647 5718 sunt.

2063 5724 2084 5754 ³
2117 5709 2255 5769 Hunc
2276 5709 2430 5765 locum
2453 5717 2523 5766 sic
2544 5717 2686 5764 effert
2708 5714 2874 5763 Morel.
2903 5725 2917 5763 :
2958 5720 3061 5774 Hac
3093 5711 3196 5774 ipse
3217 5724 3301 5774 nos
3330 5709 3466 5774 docet
3485 5719 3580 5774 tuo

2000 5796 2099 5855 cas.
2123 5780 2287 5891 daretis
2314 5790 2333 5827 :
2363 5796 2386 5825 ι
2402 5780 2556 5829 Maria
2578 5782 2734 5826 autem
2767 5772 3077 5826 conservabat
3110 5770 3269 5825 omnia
3312 5770 3455 5822 verba
3476 5771 3580 5822 hcrc

2002 5857 2053 5891 ιη
2076 5856 2157 5891 cor
2194 5854 2220 5891 e
2241 5852 2343 5891 suo.
2362 5856 2385 5885 ι

2002 5852 2053 5896 in
2076 5852 2220 5893 conte
2241 5852 2343 5891 δυο.
2362 5856 2385 5885 ι
