4094 6370
498 383 592 441 151

497 493 757 554 habuerit.
788 491 892 550 Ubi
922 492 1064 548 enim
1094 501 1336 561 parentes
1366 507 1480 546 rem
1507 492 1739 546 divinam
1767 507 1871 546 non
1900 491 2066 560 impe-

493 589 650 639 dinnt
676 601 845 654 neque
877 582 1179 653 prohibent,
1211 582 1506 636 cedendum
1532 583 1662 651 ipsis
1684 590 1800 646 est;
1833 591 1888 636 et
1911 580 1957 634 si
1977 595 2068 635 se-

494 694 590 730 cus
623 679 730 742 liat,
756 674 1048 744 periculum
1079 688 1326 742 magnum
1356 682 1438 726 est
1469 691 1480 726 :
1508 687 1629 727 cum
1659 680 1838 726 autem
1861 686 1891 725 a
1912 671 2067 726 nobis

495 765 869 834 intempestive
897 763 1168 833 quidpiam
1198 762 1468 832 postulant
1493 803 1508 826 ,
1544 763 1804 832 nobisque
1823 761 2070 816 ofliciunt

495 859 548 911 in
578 855 938 927 spiritualibus
967 895 984 921 ,
1026 869 1130 908 non
1163 863 1332 908 tutum
1356 864 1439 909 est
1465 854 1591 923 ipsis
1629 853 1869 924 obsequi.
1913 853 2066 907 ideo-

499 965 602 1015 que
636 949 718 1002 hic
744 949 813 1000 ita
847 946 1166 1016 respondet,
1195 954 1248 1000 et
1274 946 1395 999 alibi
1428 960 1639 1000 rursum
1667 963 1680 998 :
1715 945 1842 1011 Qua:
1866 953 1936 998 est
1962 960 2070 996 ma-

503 1049 577 1092 ter
609 1055 736 1104 mea,
761 1049 807 1091 et
835 1038 920 1106 qui
941 1047 1056 1091 sunt
1079 1040 1257 1107 fratres
1283 1037 1379 1089 mei
1399 1035 1588 1105 (Marc.
1609 1037 1661 1090 5.
1684 1034 1800 1105 33)?
1824 1035 2067 1090 Nondum

496 1132 636 1184 enim
669 1144 787 1183 eam
816 1144 972 1198 quam
995 1144 1089 1198 par
1105 1136 1221 1182 erat
1237 1128 1302 1181 de
1328 1127 1442 1194 ipso
1463 1126 1763 1196 opinionem
1782 1123 2066 1192 habebant;

496 1224 588 1279 sed
620 1223 740 1290 quia
772 1222 942 1291 ipsum
971 1228 1249 1290 pepererat
1273 1261 1288 1285 ,
1334 1229 1560 1276 matrum
1591 1233 1738 1273 more
1765 1216 1979 1284 putabat
2008 1231 2069 1272 se

497 1315 570 1368 illi
621 1329 776 1384 posse
818 1314 996 1369 omnia
1029 1313 1319 1383 prtecipcre
1347 1353 1362 1378 ,
1391 1327 1508 1379 qua:
1535 1311 1680 1364 illum
1707 1320 1764 1365 ut
1789 1310 2066 1364 Dominum

499 1408 678 1460 eolere
703 1416 755 1460 ct
779 1406 1001 1460 adorare
1028 1405 1297 1459 debuisset
1333 1421 1346 1457 :
1380 1405 1498 1458 ideo
1527 1414 1650 1460 tunc
1673 1404 1742 1457 ita
1775 1403 2065 1472 respondit.

497 1499 711 1568 Cogites
745 1499 925 1562 velim,
953 1498 1078 1568 quid
1105 1497 1231 1556 illud
1255 1507 1370 1556 erat
1391 1538 1404 1560 ,
1434 1497 1808 1551 circumstante
1836 1495 2031 1564 populo
2050 1536 2067 1561 ,

502 1598 720 1657 totaque
760 1589 909 1640 turba
960 1589 1128 1655 ipsum
1160 1587 1374 1640 intentis
1403 1587 1592 1640 animis
1633 1587 1878 1640 audiente
1909 1627 1925 1652 ,
1973 1585 2071 1641 d0-

498 1680 828 1748 ctrinamque
851 1679 1195 1749 percipiente,
1220 1678 1363 1731 illam
1392 1678 1443 1730 in
1470 1677 1703 1733 medium
1728 1677 2068 1733 accedentem

499 1791 526 1824 a
551 1773 806 1828 concione
833 1773 1002 1842 ipsum
1024 1773 1309 1838 abducere,
1344 1782 1402 1826 ut
1423 1773 1646 1827 seorsim
1676 1773 2066 1843 alloqueretur:

500 1881 605 1917 non
637 1864 850 1926 domum
881 1864 1108 1934 ingredi,
1139 1863 1233 1919 sed
1263 1863 1405 1918 foras
1431 1863 1600 1933 ipsum
1621 1863 1792 1918 solum
1820 1863 2067 1918 educere.

503 1955 702 2016 Idcirco
728 1953 938 2008 dicebat
982 1954 1070 2008 ille
1093 1994 1108 2020 ,
1153 1954 1280 2019 Qua:
1320 1963 1392 2007 est
1416 1965 1576 2007 mater
1601 1970 1710 2013 mea
1735 1994 1750 2022 ,
1780 1963 1827 2008 et
1847 1955 1932 2024 qui
1955 1964 2071 2008 sunt

505 2054 688 2115 {rutres
711 2048 805 2100 mei
828 2048 851 2100 ?
881 2062 984 2100 non
1011 2055 1234 2102 matrem
1261 2047 1580 2104 contumelia
1609 2047 1868 2114 afﬁciens,
1896 2048 2068 2115 absit;

505 2141 599 2194 sed
629 2141 727 2210 ipsi
754 2141 952 2210 optime
978 2141 1262 2194 consulens
1286 2180 1300 2205 ,
1330 2155 1429 2195 nec
1449 2141 1629 2195 sinens
1645 2155 1762 2194 eam
1788 2140 1890 2194 vile
1917 2141 2070 2210 quid-

503 2233 643 2314 piam
688 2241 742 2284 et
769 2231 1035 2302 abjectum
1064 2231 1130 2285 de
1174 2245 1233 2286 se
1260 2232 1585 2286 existimare.
1615 2229 1748 2284 Nam
1773 2231 1818 2286 si
1847 2231 2071 2286 aliorum

504 2341 687 2378 curam
715 2325 970 2395 gerebat,
1003 2325 1238 2396 nihilque
1265 2341 1367 2380 non
1397 2326 1584 2396 agebat
1609 2335 1666 2380 ut
1689 2335 2070 2397 congruentem

502 2418 568 2480 de
595 2431 652 2470 se
681 2416 986 2485 opinionem
1029 2415 1130 2476 illis
1174 2417 1482 2486 ingereret,
1529 2417 1694 2471 multo
1739 2415 1905 2487 magis
1949 2432 2073 2486 erga

506 2517 726 2560 matrem
759 2507 808 2560 id
828 2507 1034 2576 agebat.
1059 2507 1191 2574 Quia
1209 2508 1349 2561 enim
1371 2508 1660 2562 verisimile
1683 2517 1782 2575 est,
1805 2524 1925 2563 cum
1949 2509 2069 2562 talia

503 2598 738 2660 audisset
765 2613 794 2652 a
824 2598 934 2652 tilio
967 2640 982 2663 ,
1027 2599 1262 2653 noluisse
1306 2607 1480 2652 tamen
1521 2598 1891 2668 obtemperare
1915 2640 1929 2664 ,
1977 2599 2073 2653 sed

506 2693 703 2760 primas
722 2692 820 2746 sibi
846 2707 1060 2761 semper
1081 2692 1376 2747 vindicasse
1399 2701 1595 2760 partes,
1619 2700 1803 2761 utpote
1824 2700 2069 2755 matrem,

511 2784 630 2845 ideo
669 2784 748 2838 sic
790 2783 878 2837 ille
924 2783 1218 2853 respondit.
1244 2781 1426 2852 Neque
1452 2783 1592 2837 enim
1621 2783 1762 2837 illam
1792 2781 1859 2837 ab
1886 2782 2074 2838 humili

506 2875 754 2942 opinione
773 2873 838 2927 ad
860 2873 1218 2928 sublimiorem
1245 2875 1557 2930 sententiam
1574 2873 1850 2938 erexisset,
1871 2875 1916 2928 si
1933 2887 2075 2927 sem-

509 2979 601 3032 per
627 2971 985 3032 exspectasset
1005 2963 1114 3029 illa,
1142 2979 1199 3016 se
1232 2961 1299 3016 ab
1340 2963 1454 3032 ipso
1486 2973 1750 3032 tamquam
1781 2977 1808 3014 a
1837 2962 1944 3016 [ilio
1974 2963 2075 3017 ho-

509 3055 822 3120 norandam,
846 3069 1017 3124 neque
1045 3055 1214 3122 ipsum
1230 3061 1285 3107 ut
1307 3053 1585 3108 Dominum
1605 3053 1902 3112 habituram
1931 3069 2071 3108 esse.

515 3148 622 3215 liae
651 3163 779 3218 ergo
807 3147 875 3202 de
909 3161 1064 3201 causa
1093 3146 1170 3200 sic
1199 3155 1322 3202 tunc
1341 3145 1653 3215 loquebatur
1678 3163 1691 3198 :
1718 3145 1854 3210 Quid
1880 3146 2002 3200 mihi
2030 3154 2076 3200 et

511 3241 601 3301 tibi
621 3250 709 3306 est,
744 3239 967 3292 mulier?
990 3238 1104 3292 Alia
1131 3253 1341 3308 quoque
1364 3253 1521 3292 causa
1550 3252 1654 3292 non
1691 3239 1866 3294 minus
1886 3253 2075 3294 neces-

509 3333 648 3398 saria
672 3331 847 3386 alTerri
879 3339 1070 3400 potest.
1099 3331 1352 3397 Quaenam
1384 3331 1471 3384 illa
1495 3329 1518 3382 ‘t
1538 3329 1614 3384 Ne
1642 3339 1790 3400 gesta
1821 3329 2074 3384 miracula

511 3427 562 3478 in
593 3425 946 3493 suspicionem
975 3425 1247 3478 venirent:
1277 3423 1344 3477 ab
1373 3423 1729 3493 indigentibus
1749 3424 1894 3478 enim
1925 3463 1940 3488 ,
1969 3438 2076 3478 non

506 3532 536 3570 a
579 3529 748 3571 matre
790 3517 1060 3587 rogandus
1099 3525 1232 3572 erat.
1278 3517 1495 3584 Quare?
1522 3517 1652 3583 Quia
1702 3517 1786 3572 illa
1835 3532 1952 3587 qua:
1981 3531 2075 3572 co-

507 3621 790 3682 gnatorum
841 3612 1088 3681 precibus
1132 3612 1505 3682 impctrantur,
1553 3612 1678 3667 licet
1726 3626 1934 3681 magna,
1969 3627 2076 3666 non

507 3706 579 3767 ita
609 3715 755 3774 grata
777 3712 899 3758 sunt
929 3704 1276 3773 prtescntibus
1305 3713 1360 3759 ut
1388 3705 1670 3774 plurimum
1697 3723 1710 3760 :
1737 3720 1856 3760 cum
1897 3716 2075 3759 autem

507 3795 805 3865 indigentes
833 3796 928 3865 ipsi
960 3795 1277 3866 supplicant,
1299 3806 1422 3850 tunc
1442 3796 1751 3850 miraculum
1773 3796 2077 3866 suspicione

506 3896 692 3952 vacat,
723 3901 867 3955 purae
893 3887 1073 3946 laudes
1100 3895 1223 3950 sunt
1249 3927 1260 3949 ,
1289 3903 1477 3957 magna
1500 3887 1719 3948 utilitas.

580 3979 632 4040 3.
665 3976 767 4032 Cur
791 3987 837 4032 et
864 3994 962 4045 qua
989 3987 1151 4038 mente
1171 3977 1398 4032 Christus
1441 3989 1650 4033 matrem
1670 3995 1815 4032 suam
1841 3979 2078 4048 increpa-

509 4069 670 4131 verit;
695 4083 950 4136 nunquam
971 4068 1114 4121 illam
1135 4069 1379 4137 repellere
1401 4068 1632 4126 intendit.
1660 4066 1902 4138 Improbe
1943 4069 2073 4124 nihil

509 4169 719 4228 prosunt
747 4160 947 4229 cognati
975 4160 1136 4229 probi.
1180 4158 1392 4230 Cognati
1433 4159 1624 4214 Christi
1657 4159 1941 4230 Desposyni
1983 4177 2078 4230 ap-

507 4249 986 4319 pellati—Etenim
1014 4251 1056 4304 si
1085 4250 1203 4319 quis
1229 4249 1458 4319 optimus
1489 4250 1792 4310 medicusin
1813 4267 2076 4320 argrorum

508 4342 860 4412 complurium
885 4341 1073 4396 domos
1094 4342 1368 4411 ingressus
1392 4382 1406 4408 ,
1431 4342 1498 4396 ab
1521 4344 1733 4412 aegrotis
1756 4343 1835 4398 vel
1865 4343 2080 4400 adstans

511 4434 651 4487 tibus
687 4434 817 4487 nihil
844 4433 1056 4498 audiat,
1086 4434 1176 4488 sed
1199 4451 1226 4486 a
1255 4445 1422 4489 matre
1445 4446 1644 4490 tantum
1681 4447 1894 4506 rogetur
1915 4477 1930 4502 ,
1957 4438 2079 4491 hinc

511 4538 789 4595 suspectus
815 4535 867 4580 et
896 4526 1149 4581 inolestus
1175 4527 1329 4594 aegris
1355 4527 1455 4579 erit
1483 4567 1497 4589 ,
1529 4543 1591 4580 ac
1621 4542 1789 4596 neque
1809 4529 1955 4596 aegri,
1987 4543 2081 4582 ne-

511 4634 613 4686 que
633 4617 901 4674 adstantes
922 4633 1166 4686 magnum
1184 4617 1446 4686 quidpiam
1469 4618 1535 4672 ab
1558 4617 1649 4671 illo
1671 4619 2075 4688 exspectabunt.

512 4711 636 4763 ideo
664 4720 787 4764 tunc
817 4709 1105 4777 increpavit
1132 4708 1332 4771 dicens,
1362 4708 1497 4772 Quid
1520 4710 1642 4762 mihi
1663 4720 1708 4762 et
1733 4711 1819 4763 tibi
1845 4719 1938 4776 est,
1970 4727 2081 4765 mu-

517 4803 608 4855 lier
635 4803 658 4856 Ζ)
683 4816 903 4857 monens
930 4802 1070 4854 illam
1104 4816 1170 4855 ne
1204 4801 1376 4854 simile
1420 4801 1688 4870 quidpiam
1721 4802 1773 4854 in
1805 4811 2078 4870 posterum

513 4904 712 4962 ageret.
741 4894 894 4947 Curat
924 4908 1149 4962 namque
1177 4892 1250 4945 illi
1279 4900 1394 4945 erat
1421 4900 1690 4945 maternus
1722 4892 1911 4956 honor,
1943 4895 2079 4947 mulo

514 4999 674 5055 tuque
704 4985 868 5054 magis
898 4986 1037 5046 illius
1063 4985 1235 5047 salus,
1265 4993 1320 5037 et
1345 4983 1523 5038 multis
1548 4985 1844 5052 pratstanda
1873 4987 2077 5039 beneli-

513 5082 615 5144 cia,
648 5093 742 5146 pro
769 5077 958 5146 quibus
987 5092 1198 5132 carnem
1239 5075 1503 5130 induerat.
1555 5077 1675 5130 Htec
1719 5077 1894 5146 itaque
1923 5078 2080 5132 verba

514 5186 618 5224 non
643 5177 794 5223 erant
818 5176 1127 5236 arroganter
1149 5176 1370 5220 matrem
1397 5166 1734 5235 alloquentis,
1756 5167 1849 5219 sed
1867 5167 2083 5235 dispene

513 5261 770 5326 sationis,
804 5275 908 5330 qua
939 5267 994 5314 et
1044 5259 1186 5312 illam
1217 5259 1557 5324 institueret,
1580 5267 1634 5312 et
1662 5259 1913 5313 miracula
1959 5274 2080 5321 cum

514 5355 769 5424 dignitate
798 5351 910 5404 ﬁeri
950 5350 1271 5420 provideret.
1303 5349 1434 5403 Nam
1461 5350 1602 5418 quod
1631 5365 1821 5418 magno
1852 5350 1992 5403 illam
2027 5349 2080 5404 in

515 5446 718 5498 honore
747 5444 964 5498 haberet
990 5482 1004 5502 ,
1030 5441 1113 5495 vel
1155 5441 1254 5493 hoc
1281 5441 1451 5508 ipsum
1479 5480 1494 5504 ,
1525 5449 1580 5493 ut
1605 5449 1800 5503 cmtera
1829 5448 2030 5494 taceam
2061 5480 2077 5504 ,

517 5535 652 5601 quod
686 5534 828 5586 illam
857 5533 1130 5604 increpare
1157 5529 1416 5594 videatur,
1453 5531 1675 5597 probare
1707 5538 1896 5598 potest,
1930 5529 2078 5583 indi-

516 5626 799 5691 gnatioque
845 5623 956 5690 ipsa
1006 5635 1248 5689 magnam
1293 5635 1402 5688 prae
1451 5633 1508 5672 se
1560 5618 1661 5672 fert
1705 5619 2080 5683 reverentiam.

519 5719 757 5781 Quonam
786 5726 959 5768 autem
981 5724 1136 5781 pacto
1154 5755 1169 5779 ,
1198 5713 1247 5766 in
1281 5712 1520 5781 sequenti
1541 5713 1798 5766 concione
1823 5711 2078 5766 dicemus.

519 5807 643 5867 ilxc
673 5805 851 5870 itaque
877 5805 1112 5874 cogitans
1136 5845 1150 5871 ,
1176 5819 1294 5859 cum
1328 5786 1558 5857 audieris
1586 5802 1859 5859 mulierem
1889 5818 2076 5874 quam-

1196 377 1250 434 S.
1290 377 1565 435 JOANNIS
1600 376 2072 436 CHRYSOSTOMI
2109 377 2420 436 ARCHIEP.
2450 380 2969 444 CUNSTANTINOP.

3635 407 3738 465 i3!

2175 489 2299 545 dam
2326 491 2614 561 dicentem,
2645 498 2833 554 Beatus
2852 513 3019 556 venter
3043 504 3128 574 qui
3155 513 3202 560 te
3229 512 3448 576 portauit
3469 553 3483 577 ,
3509 523 3557 569 et
3585 517 3738 574 ubera

2171 597 2285 675 quae
2301 586 2482 675 auxisti
2507 587 2652 657 (Luc.
2682 592 2766 646 ﬂ.
2793 593 2887 663 27)
2915 636 2931 660 ,
2980 596 3234 669 illumque
3277 606 3684 671 respondentem
3716 654 3732 675 ,

2175 672 2462 766 Quinimmo
2482 677 2612 766 beati
2645 682 2730 750 qui
2748 683 2938 754 faciunt
2960 687 3259 743 voluntatem
3279 691 3447 748 Patris
3461 698 3554 750 mei
3575 672 3735 766 (Ibid.

2171 775 2221 814 ο.
2245 762 2369 830 28);
2398 765 2586 820 eadem
2627 773 2888 826 sententia
2922 774 3035 829 haec
3073 776 3212 831 dicta
3256 795 3376 836 esse
3405 762 3732 842 existimato.

2181 851 2297 906 Non
2319 854 2460 909 enim
2483 868 2705 914 matrem
2736 865 3038 931 repellentis
3066 873 3342 937 responsio
3363 884 3442 927 est
3470 915 3484 938 ,
3515 877 3607 931 sed
3639 878 3735 933 de-

2172 943 2454 1033 clarantis,
2482 950 2614 1004 nihil
2663 952 2760 1021 ipsi
2809 955 3135 1022 profuturum
3166 959 3330 1015 fuisse
3356 975 3561 1033 partum
3587 1011 3601 1032 ,
3633 971 3734 1025 nisi

2171 1032 2454 1124 admodum
2503 1041 2666 1108 proba
2715 1044 2990 1116 ﬁdelisque
3035 1049 3240 1106 fuisset.
3282 1032 3532 1124 Siporro
3557 1059 3735 1114 Maria:

2173 1123 2304 1179 nihil
2335 1127 2589 1196 proderat
2615 1133 2757 1202 quod
2782 1135 3048 1193 Christum
3079 1123 3384 1211 genuisset,
3408 1147 3507 1202 nisi
3542 1155 3734 1208 virtute

2172 1216 2424 1274 interiore
2450 1225 2663 1292 przedita
2692 1225 2897 1295 fuisset,
2930 1232 3094 1286 multo
3117 1235 3290 1290 minus
3317 1237 3469 1293 nobis
3500 1242 3736 1309 proderit

2175 1309 2455 1377 probitatis
2483 1317 2807 1382 expertibus,
2840 1319 2883 1374 si
2923 1331 3144 1388 patrem,
3163 1325 3210 1379 si
3237 1326 3472 1394 fratrem,
3497 1332 3539 1384 si
3568 1331 3730 1388 filium

2174 1398 2394 1493 probum
2421 1411 2475 1456 et
2501 1403 2695 1460 virtute
2741 1410 3019 1477 praeditum
3059 1412 3346 1471 habeamus
3369 1459 3384 1480 ,
3423 1421 3469 1474 si
3495 1437 3592 1476 nos
3616 1424 3734 1493 ejus

2171 1489 2368 1546 virtute
2417 1496 2601 1562 procul
2643 1498 2896 1556 fuerimus
2927 1521 2940 1557 :
2971 1504 3046 1558 ait
3074 1507 3270 1576 quippe
3298 1509 3461 1566 David
3493 1530 3508 1566 :
3550 1489 3735 1571 Frater

2172 1597 2275 1673 non
2300 1584 2502 1639 redimit
2526 1626 2544 1655 ,
2569 1590 2778 1644 redimet
2802 1595 2950 1647 homo
2989 1595 3008 1664 (
3044 1595 3184 1652 Psal.
3209 1600 3296 1655 48.
3327 1602 3360 1657 8
3386 1603 3406 1673 )
3435 1605 3459 1657 ?
3500 1604 3554 1660 In
3586 1609 3735 1664 nullo

2171 1672 2367 1744 quippe
2390 1675 2499 1730 alio
2532 1717 2547 1743 ,
2576 1679 2676 1732 nisi
2694 1680 2868 1737 .honis
2894 1686 3143 1754 Operibus
3176 1729 3190 1752 .
3242 1700 3359 1759 post
3387 1672 3483 1748 Dei
3512 1698 3730 1766 gratiam

2172 1781 2295 1836 spes
2319 1768 2506 1824 salutis
2523 1769 2784 1827 habenda.
2809 1775 2938 1830 Nam
2968 1778 3012 1832 si
3040 1781 3222 1848 partus
3249 1783 3312 1838 ad
3345 1783 3396 1838 id
3427 1787 3734 1855 profuturus

2174 1861 2373 1934 Virgini
2404 1876 2553 1932 erat,
2583 1869 2916 1939 profuturum
2947 1891 3156 1945 quoque
3175 1877 3372 1934 JlldIBiS
3403 1891 3521 1936 erat
3547 1923 3564 1948 ,
3592 1885 3732 1951 quod

2171 1952 2367 2010 Christi
2394 1961 2683 2015 secundum
2707 1977 2920 2018 carnem
2951 1969 3155 2035 cognati
3179 1979 3372 2034 essent,
3403 1973 3731 2041 profuturum

2173 2044 2296 2099 item
2346 2048 2544 2103 civitati
2593 2051 2645 2105 in
2692 2069 2792 2121 qua
2836 2065 2990 2111 natus
3031 2067 3183 2124 erat,
3214 2062 3540 2129 profuturum
3571 2067 3729 2122 etiam

2174 2135 2446 2192 fratribus.
2480 2141 2636 2210 Atqui
2664 2142 2788 2198 dum
2810 2145 3001 2201 fratres
3032 2149 3170 2203 illius
3197 2152 3274 2205 sui
3301 2168 3486 2209 curam
3505 2172 3608 2212 non
3635 2173 3731 2227 ge-

2173 2237 2353 2280 rerent
2377 2270 2391 2291 ,
2420 2231 2554 2285 nihil
2580 2248 2608 2286 a
2638 2237 2966 2304 cognationis
2991 2238 3245 2309 dignitate
3266 2243 3612 2312 juvabantur,
3640 2249 3735 2307 sed

2174 2332 2294 2372 cum
2331 2322 2534 2391 reliquo
2560 2327 2756 2380 mundo
2781 2327 3013 2384 damnati
3035 2343 3184 2386 erant
3213 2351 3226 2386 :
3259 2343 3383 2390 tunc
3419 2353 3544 2392 vero
3567 2340 3734 2396 admi-

2177 2412 2366 2466 rationi
2392 2413 2554 2468 habiti
2581 2427 2722 2482 sunt,
2751 2433 2869 2473 cum
2902 2435 2994 2488 per
3023 2424 3285 2492 propriam
3309 2425 3554 2483 virtutem
3581 2431 3736 2484 etIul-

2179 2513 2380 2556 serunt.
2425 2504 2557 2560 Urbs
2584 2517 2759 2562 autem
2795 2520 2850 2564 et
2887 2513 3062 2566 excisa
3089 2526 3140 2567 et
3165 2517 3437 2571 combusta
3462 2529 3542 2572 est
3564 2561 3579 2582 ,
3609 2521 3737 2577 nihil

2176 2592 2301 2649 hinc
2353 2607 2589 2652 mutuata
2631 2600 2848 2656 subsidii
2882 2619 2895 2654 :
2946 2606 3151 2673 cognati
3180 2622 3305 2661 vero
3347 2608 3423 2662 illi
3450 2611 3736 2668 secundum

2176 2699 2394 2740 carnem
2423 2729 2438 2752 ,
2470 2689 2593 2742 caesi
2624 2691 2818 2746 misere
2848 2694 3151 2762 perierunt,
3175 2696 3309 2750 nihil
3335 2714 3399 2752 ex
3425 2703 3737 2770 cognatione

2176 2777 2240 2829 ad
2261 2778 2482 2832 salutem
2513 2779 2700 2834 lucrati
2733 2823 2750 2849 ,
2775 2784 2895 2853 quia
2923 2785 3137 2841 virtutis
3177 2791 3469 2855 patrocinio
3496 2792 3732 2849 destituti

2177 2877 2350 2920 erant.
2381 2867 2630 2924 Omnium
2655 2881 2828 2926 autem
2849 2876 3268 2942 praastantissimi
3287 2880 3587 2936 claruerunt
3609 2899 3736 2954 apo-

2177 2958 2298 3010 stoli
2333 2999 2345 3021 ,
2376 2959 2498 3028 quia
2547 2975 2726 3016 verum
2777 2973 2829 3017 et
2872 2967 3220 3033 expetendum
3263 2971 3587 3040 cognationis
3623 2975 3738 3044 ejus

2179 3049 2392 3104 modum
2415 3052 2692 3107 subierunt
2716 3069 2810 3123 per
2835 3056 3209 3114 obedientiam.
3246 3062 3378 3118 llinc
3406 3064 3689 3121 ediscimus
3717 3108 3733 3131 ,

2178 3139 2282 3195 fide
2303 3141 2456 3195 nobis
2483 3158 2614 3211 opus
2637 3158 2775 3208 esse,
2795 3154 2848 3200 et
2865 3147 2966 3201 vita
2981 3149 3141 3218 proba
3164 3151 3461 3223 virtuteque
3480 3154 3735 3225 fulgente.

2179 3231 2235 3286 Id
2267 3233 2407 3288 enim
2453 3242 2654 3288 tantum
2684 3238 2837 3292 nobis
2866 3239 3086 3294 salutem
3132 3256 3319 3309 parare
3346 3246 3554 3314 poterit.
3585 3245 3739 3303 Certe

2177 3328 2386 3395 cognati
2409 3328 2527 3392 ejus
2557 3329 2720 3382 multo
2743 3338 2980 3398 tempore
3007 3331 3345 3389 admirationi
3381 3334 3590 3391 fuerunt
3618 3339 3738 3392 ubi-

2178 3432 2281 3487 que
2313 3459 2328 3484 ,
2362 3428 2416 3472 et
2440 3419 2732 3490 DcSposyni
2759 3422 3002 3490 appellati
3029 3420 3104 3495 (a)
3130 3441 3143 3486 ;
3175 3433 3403 3480 attamen
3435 3443 3502 3483 ne
3529 3431 3736 3486 nomina

2179 3507 2391 3577 quidem
2434 3507 2646 3562 illorum
2677 3513 2910 3574 scimus;
2952 3514 3312 3580 apostolorum
3341 3527 3516 3572 autem
3551 3529 3604 3574 et
3633 3535 3733 3574 no-

2180 3598 2319 3652 mina
2346 3608 2399 3654 et
2424 3601 2528 3653 vita
2551 3601 2745 3670 ubique
2771 3601 3123 3656 celebrantur.
3143 3603 3218 3659 Ne
3248 3606 3421 3677 itaque
3446 3608 3511 3663 de
3530 3612 3739 3680 generis

2179 3688 2454 3744 nobilitate
2485 3691 2501 3721 ¹
2525 3691 2692 3745 altum
2719 3692 3019 3761 sapiamus;
3045 3693 3137 3748 sed
3162 3695 3369 3750 etiamsi
3394 3713 3521 3753 avos
3540 3709 3590 3754 et
3617 3702 3737 3758 aba-

2179 3797 2274 3836 vos
2296 3783 2603 3838 innumeros
2627 3784 2801 3839 claros
2827 3796 2881 3839 et
2908 3785 3143 3841 illustres
3177 3789 3410 3854 proferre
3433 3794 3696 3860 possimus
3720 3837 3738 3862 ,

2181 3873 2392 3927 illorum
2416 3889 2511 3929 nos
2537 3876 2784 3930 virtutem
2808 3892 3060 3946 superare
3087 3894 3339 3935 conemur
3360 3923 3375 3948 ,
3414 3885 3562 3952 gnari
3587 3887 3741 3943 nobis

2180 3964 2232 4018 in
2263 3964 2438 4019 futuro
2471 3965 2671 4036 judicio
2696 3982 2762 4021 ex
2791 3968 3012 4022 aliorum
3044 3969 3235 4026 virtute
3265 3972 3393 4028 nihil
3423 3975 3553 4030 lucri
3579 3977 3692 4033 fore
3721 4021 3738 4047 ,

2180 4056 2289 4112 imo
2318 4057 2369 4112 id
2399 4059 2550 4112 nobis
2576 4058 2786 4129 gravius
2825 4059 3078 4128 judicium
3126 4063 3414 4130 pariturum
3444 4081 3578 4122 esse.
3612 4067 3740 4124 Nam

2180 4149 2365 4218 probis
2387 4150 2487 4202 orti
2518 4150 2752 4219 patribus
2777 4191 2792 4216 ,
2832 4150 3080 4220 domique
3109 4155 3408 4222 exemplum
3441 4156 3695 4214 habentes
3721 4201 3737 4226 ,

2180 4253 2250 4297 ne
2290 4238 2366 4292 sic
2399 4238 2610 4307 quidem
2637 4239 2882 4294 doctores
2932 4241 3217 4296 imitamur.
3250 4244 3375 4299 Hrcc
3416 4263 3554 4303 nunc
3581 4249 3697 4304 dico
3722 4293 3740 4318 ,

2181 4327 2304 4397 quia
2337 4329 2562 4398 gentiles
2602 4329 2797 4384 multos
2835 4330 2991 4385 video
3020 4373 3036 4397 ,
3089 4347 3210 4387 cum
3251 4334 3368 4388 illos
3401 4337 3467 4390 ad
3509 4338 3664 4393 fidem
3691 4352 3746 4399 et

2181 4419 2640 4476 Christianismum
2673 4423 3096 4492 ampleCtendum
3145 4425 3503 4494 cohortamur,
3536 4431 3601 4485 ad
3652 4448 3744 4489 co-

2181 4521 2372 4583 gnatos
2399 4523 2453 4567 et
2478 4528 2605 4567 avos
2630 4529 2757 4568 suos
2783 4515 3067 4583 confugere
3091 4531 3153 4571 ac
3183 4517 3360 4574 dicere
3378 4559 3393 4583 ,
3423 4519 3618 4577 Omnes
3645 4540 3741 4578 eo.

2182 4605 2355 4674 gnati,
2396 4604 2679 4660 familiares
2707 4616 2761 4660 et
2783 4609 3186 4664 contubernales
3211 4613 3347 4678 mei,
3389 4612 3568 4668 ﬁdeles
3593 4616 3746 4671 Citri-

2183 4699 2339 4751 stiani
2362 4706 2506 4751 sunt.
2537 4697 2672 4764 Quid
2705 4698 2803 4752 hoc
2827 4699 2990 4764 ad‘te,
3020 4700 3181 4755 miser
3209 4711 3263 4755 et
3294 4703 3473 4758 infelix
3499 4706 3522 4758 ’ἰ
3552 4706 3661 4762 Hoc
3691 4709 3743 4765 in

2187 4789 2475 4859 perniciem
2508 4800 2647 4844 tuam
2672 4792 2914 4852 vertitur.
2946 4793 3086 4861 quod
3113 4808 3209 4847 nec
3233 4797 3636 4853 contubernales
3666 4819 3750 4855 re-

2186 4882 2420 4936 verearis
2450 4922 2465 4946 ,
2507 4881 2647 4936 utad
2679 4883 2927 4936 virtutem
2955 4898 3155 4938 curras.
3185 4885 3387 4942 Rursus
3417 4889 3505 4941 alii
3535 4892 3747 4959 quidam

2186 4972 2370 5026 fideles
2401 4973 2601 5041 utique,
2634 4972 2726 5026 sed
2750 4973 2922 5041 ignavi
2954 5015 2968 5038 ,
3001 4973 3066 5027 ad
3094 4975 3344 5029 virtutem
3390 4976 3592 5034 incitati
3616 5023 3630 5044 ,
3667 4985 3750 5036 id-

2187 5061 2359 5129 ipsum
2385 5061 2679 5116 obtendunt
2705 5078 2717 5112 :
2745 5061 2902 5116 Pater
2925 5077 3093 5126 meus,
3125 5078 3274 5129 avus,
3303 5080 3530 5133 proavus
3549 5109 3563 5132 ,
3598 5073 3665 5138 pii
3691 5091 3753 5125 ac

2186 5154 2383 5207 virtute
2423 5153 2624 5221 pra-diti
2667 5155 2901 5208 fuerunt.
2944 5155 3047 5209 Sed
3079 5158 3178 5209 hoc
3221 5157 3394 5226 ipsum
3439 5167 3490 5213 te
3523 5177 3754 5216 maxum:

2191 5243 2460 5297 damnabit
2484 5284 2499 5310 ,
2534 5243 2673 5313 quod
2699 5259 2730 5297 a
2759 5245 2954 5298 talibus
2979 5255 3125 5300 ortus
3152 5286 3167 5311 ,
3196 5262 3389 5316 genere
3419 5256 3508 5302 tuo
3541 5251 3752 5319 indigni

2189 5345 2484 5404 perpetres.
2507 5337 2642 5391 Audi
2667 5337 2790 5406 quid
2822 5337 3077 5406 propheta
3108 5337 3304 5393 ludatis
3329 5339 3509 5394 dicat:
3542 5342 3754 5396 Servivit

2187 5425 2353 5479 Israel
2375 5429 2425 5494 in
2447 5426 2651 5480 muliere
2670 5470 2684 5493 ,
2717 5439 2764 5481 et
2781 5429 2833 5482 in
2861 5429 3066 5481 muliere
3090 5439 3313 5482 servatus
3345 5441 3417 5483 est
3441 5431 3460 5503 (
3486 5431 3629 5488 Osee.
3664 5437 3752 5490 12.

2192 5519 2304 5588 12);
2333 5530 2387 5574 el.
2413 5520 2673 5582 Christus,
2703 5520 2957 5573 Abraham
2984 5530 3124 5589 pater
3145 5531 3304 5575 vester
3325 5526 3586 5578 exsultavit
3609 5538 3660 5579 ut
3683 5530 3750 5581 ui-

2233 5627 2308 5695 (αὶ
2351 5630 2592 5695 cognatos
2610 5630 2815 5695 Christi,
2842 5632 3208 5695 ,Desposynosgl
3227 5637 3557 5692 Δεσποσύνους
3574 5637 3608 5692 ),
3636 5635 3746 5688 sive

2167 5688 2454 5752 Doirtinicos
2478 5692 2754 5752 appellatos
2781 5691 2932 5752 fuisse
2949 5688 3121 5740 'refert
3147 5688 3396 5745 Eusebius
3417 5711 3479 5746 ex
3512 5688 3748 5750 A'l'ricano

2164 5749 2435 5819 liileEcc-l
2448 5789 2458 5798 .
2475 5814 2484 5819 _
2501 5749 2554 5819 pg
2573 5753 2632 5799 26
2668 5751 2904 5819 editionis
2921 5753 3133 5819 _Valpsii.

2232 5817 2242 5844 ι
2277 5812 2447 5862 Morel.
2475 5812 2640 5874 habet,
2663 5815 2724 5864 de
2743 5812 3037 5877 cognatione,
3062 5830 3165 5878 pro,
3181 5817 3240 5868 de
3261 5817 3451 5882 generis
3470 5819 3739 5877 nobilitate.
