4094 6370
376 406 468 463 131

371 520 558 574 ὤδινεν
608 521 793 585 αὐτὸν,
843 522 995 591 ἠξίου
1042 521 1184 576 κατά
1214 523 1313 593 τὴν
1350 520 1538 593 λοιπὴν
1563 519 1672 573 τῶν
1704 515 1954 588 μητέρων

374 604 680 674 συνήθειαν,
724 603 897 669 οὕτως
928 605 1140 660 ᾶπαντα
1187 605 1496 659 ἐπιτάττειν
1517 601 1686 672 αὐτῷ,
1713 600 1833 654 δέον
1876 598 1953 659 ὠς

371 689 647 757 Δεσπότην
676 688 858 741 σέϐειν
881 689 973 742 καὶ
1003 692 1348 760 προσκυνεῖν.
1380 688 1479 741 Διά
1515 687 1672 740 τοῦτο
1704 681 1799 737 οὖν
1829 683 1951 735 τότε

369 770 542 833 οὕτως
570 772 921 841 ἁπεκρίνατο.
964 772 1244 828 Ἐννόησον
1264 772 1372 843 γὰρ
1397 766 1508 825 οἷον
1537 766 1605 842 ῆν
1636 766 1838 829 παντὸς
1858 764 1953 817 τοῦ

369 852 499 907 λαοῦ
528 854 622 906 καὶ
649 853 741 907 τοῦ
772 856 949 925 δήμου
983 855 1345 926 περιεστῶτος
1378 854 1560 918 αὐτὸν,
1584 853 1677 906 καὶ
1701 850 1793 904 τοῦ
1817 849 1955 919 πλή-

370 935 496 999 θους
519 937 617 1006 τῆς
656 938 972 1008 ἀκροάσεως
994 938 1434 1009 ὲκκρεμαμένου,
1464 936 1674 1005 καὶτῆς
1699 934 1954 987 διδασκα-

367 1019 485 1083 λεας
538 1022 893 1093 προτεθείσης
947 1035 995 1089 κ,
1026 1022 1243 1093 ἐκείνην
1302 1018 1679 1093 παρελθοῦσαν
1739 1017 1953 1087 μέσην,

366 1104 677 1171 ἀπαγαγεῖν
706 1105 805 1173 μὲν
828 1105 990 1159 αὐτὸν
1010 1105 1112 1175 τῆς
1140 1103 1535 1176 παραινέσεως,
1563 1101 1668 1173 ίδίᾳ
1693 1100 1749 1153 δὲ
1776 1099 1957 1153 διαλέ-

365 1186 579 1253 γεσθαι,
613 1187 747 1257 μηδὲ
773 1187 920 1241 ἔνδον
942 1188 1231 1259 ἀνέχεσθαι
1269 1186 1465 1250 ἐλθεῖν,
1493 1184 1607 1239 ἀλλ’
1640 1184 1817 1237 ἕλκειν
1858 1183 1956 1237 αὐ·-

363 1270 457 1321 τδν
488 1270 594 1335 ἔξω
629 1271 788 1341 μόνον
825 1271 962 1343 πρὸς
1010 1272 1226 1340 ἑαυτήν.
1280 1270 1382 1322 Διά
1421 1268 1580 1322 τοῦτο
1630 1267 1818 1336 ἔλεγε,
1859 1266 1954 1332 Τίς

362 1352 536 1406 ἐστιν
563 1354 602 1421 ἡ
636 1353 836 1422 μήτηρ
861 1371 982 1422 μου
1012 1353 1111 1408 καὶ
1137 1356 1191 1407 οὶ
1212 1353 1466 1421 ἀδελφοί
1488 1370 1646 1422 μου,
1674 1352 1771 1421 οὐχ
1795 1349 1951 1421 669(-

362 1435 473 1499 ζων
503 1437 603 1507 τὴν
634 1442 1054 1508 γεγεννηκυῖαν·
1077 1437 1257 1506 ἄπαγε
1275 1455 1289 1468 ·
1332 1436 1447 1490 ἀλλ’
1476 1435 1702 1505 ὠφελῶν
1747 1433 1816 1487 τὰ
1852 1432 1951 1503 μέ-

361 1534 541 1585 γιστα,
572 1520 667 1573 καὶ
687 1522 788 1574 οὐκ
815 1522 997 1589 ἀφιεὶς
1023 1521 1253 1574 ταπεινά
1277 1519 1407 1590 περὶ
1428 1516 1591 1572 αὐτοῦ
1631 1518 1865 1589 φρονεῖν.
1886 1514 1949 1569 ΕΞ

360 1601 468 1671 7&9
493 1600 603 1655 τῶν
650 1602 827 1658 ἄλλων
875 1604 1117 1675 ἐκήδετο,
1154 1604 1250 1657 καὶ
1280 1604 1458 1656 πάντα
1491 1601 1761 1671 ἔπραττεν
1804 1598 1948 1653 ὥστε

360 1684 593 1738 ἐνθεῖναι
623 1687 809 1751 αὐτοῖς
856 1686 953 1759 τὴν
984 1688 1369 1757 προσήκουσαν
1383 1685 1538 1755 ,περὶ
1575 1682 1739 1737 αὐτοῦ
1769 1682 1946 1748 δόξαν,

358 1768 539 1838 πολλῷ
576 1770 778 1839 μᾶλλον
804 1771 912 1841 ἐπὶ
941 1771 1169 1842 μητρός.
1217 1770 1433 1842 Ἐπειδὴ
1458 1770 1566 1839 7&9
1596 1768 1743 1832 εἰκὸς
1764 1763 1831 1838 ἦν
1853 1766 1949 1820 καὶ

356 1850 672 1905 ἀκούσασαν
724 1853 875 1924 παρά
946 1853 1038 1905 τοῦ
1092 1853 1281 1917 παιδὸς
1342 1853 1419 1924 μὴ
1472 1850 1783 1923 βούλεσθαι.
1811 1848 1947 1921 μηδέ

354 1932 497 1987 οὕτω
524 1935 551 1974 δ
578 1936 889 2013 πεισθῆναι,
920 1936 1034 1991 ἀλλ’
1064 1935 1250 2003 ἀξιοῦν
1301 1935 1500 2007 ἑαυτὴν
1534 1932 1810 2004 πανταχοῦ
1836 1931 1947 1986 τῶν

355 2017 662 2085 πρωτείων,
696 2019 794 2072 ἀτε
835 2020 1049 2092 μητέρα
1081 2016 1251 2074 οὖσαν
1271 2036 1287 2049 ο
1318 2020 1407 2073 διά
1440 2019 1599 2073 τοῦτο
1627 2016 1803 2081 οὕτως
1835 2017 1947 2069 ἀπ-

353 2099 607 2170 εκρίνατο
657 2102 795 2173 πρὸς
825 2104 950 2167 τοὺς
988 2105 1261 2167 εἰπόντας.
1299 2104 1433 2157 Οὐδὲ
1482 2102 1591 2173 γὰρ
1644 2102 1710 2155 ἂν
1742 2100 1945 2170 ἑτέρως

231 2248 243 2261 .
350 2184 524 2256 αὐτὴν
561 2186 837 2257 ἀνήγαγεν
864 2186 973 2240 ἀπὸ
999 2187 1097 2258 τῆς
1140 2185 1527 2250 ταπεινώσεως
1571 2185 1777 2256 ταύτης
1806 2183 1946 2256 πρὸς

350 2266 414 2318 τὸ
443 2266 574 2336 ὕψος
611 2270 808 2333 ἐκεῖνο,
868 2270 918 2321 εί
969 2268 1274 2341 προσεδόκα
1301 2268 1379 2332 ὼς
1429 2268 1581 2342 παρά
1638 2267 1826 2332 παιδὸς
1854 2267 1943 2321 ἀεὶ

350 2352 773 2422 τιμηθήσεσθαι,
814 2353 952 2408 ἀλλά
1003 2355 1079 2425 μὴ
1129 2353 1206 2417 ὡς
1238 2353 1516 2425 Δεσπότην
1546 2353 1700 2425 ἥξειν
1754 2352 1937 2406 αὐτόν.

353 2434 465 2486 Καὶ
486 2435 722 2489 ἐνταῦθα
756 2436 855 2507 μὲν
884 2432 979 2490 οὖν
1014 2436 1220 2506 ταύτης
1252 2437 1436 2490 ἕνεκεν
1475 2439 1576 2508 τῆς
1614 2436 1941 2507 προφάσεως

351 2517 504 2586 ἔλεγε
527 2537 542 2550 ·
578 2519 620 2571 Τ
621 2520 645 2573 ι
671 2520 800 2589 ἐμοὶ
827 2520 925 2575 καὶ
963 2520 1083 2584 σοί,
1109 2517 1158 2575 ὦ
1184 2521 1401 2591 Inﬁrm;
1428 2520 1538 2574 Καὶ
1558 2520 1627 2572 δι’
1652 2522 1845 2591 ἑτέραν
1880 2520 1941 2573 δὲ

350 2604 658 2671 ἀναγκαίαν
681 2605 860 2659 αἰτίαν
885 2606 983 2677 οὐχ
1008 2601 1192 2677 ἧττον.
1226 2605 1395 2659 Ποίαν
1419 2604 1476 2658 δὲ
1502 2604 1739 2673 ταύτην;
1778 2604 1940 2656 Ὥστε

352 2686 431 2757 μὴ
461 2687 868 2759 ὐποπτευθῆναι
919 2690 986 2742 τά
1018 2689 1281 2760 γινόμενα
1313 2688 1588 2759 θαύματα.
1646 2688 1804 2759 Παρὰ
1830 2687 1939 2759 γὰρ

350 2768 458 2821 τῶν
510 2771 777 2841 δεομένων
824 2772 1253 2845 παρακληθῆναι
1311 2773 1503 2845 ἐχρῆν,
1551 2773 1612 2827 οὐ
1662 2776 1815 2843 παρά
1839 2772 1939 2842 τῆς

352 2855 579 2925 μητρός.
613 2858 677 2909 Τί
698 2857 939 2928 δήποτε;
972 2860 1095 2912 Ὅτι
1128 2859 1199 2912 τὰ
1236 2858 1335 2929 μὲν
1372 2860 1439 2912 ἐκ
1464 2858 1564 2930 τῆς
1590 2858 1699 2911 τῶν
1723 2857 1939 2912 οἰκείων

348 2938 749 3008 παρακλήσεως
773 2941 1055 3012 γινόμενα,
1085 2941 1189 2996 κᾶν
1226 2942 1443 3012 μεγάλα
1479 2940 1536 3014 ᾖ,
1578 2942 1938 3013 προσίσταται

346 3023 461 3082 τοῖς
484 3021 652 3092 ὁρῶσι
683 3023 977 3087 πολλάκις·
1007 3026 1134 3078 ὅταν
1167 3025 1225 3078 δέ
1253 3027 1302 3078 οί
1322 3027 1514 3096 χρείαν
1531 3024 1771 3095 ἔχοντες,
1789 3019 1936 3078 οῦτοι

346 3102 595 3170 δέωνται,
627 3105 937 3161 ἀνύποπτον
965 3107 1027 3161 τὸ
1064 3106 1251 3179 θαῦμα
1280 3110 1487 3177 γίνεται
1510 3149 1526 3176 ,
1576 3109 1671 3162 καὶ
1698 3107 1938 3179 καθαρὸς

347 3187 377 3237 6
398 3185 641 3252 ἔπαινος,
675 3190 768 3242 καὶ
798 3191 967 3261 πολλὴ
989 3194 1021 3262 ή
1043 3191 1306 3260 ὠφέλεια.

419 3277 487 3338 γ’.
517 3273 626 3324 Καὶ
663 3273 772 3343 7&9
802 3274 985 3344 ἰατρὸς
1027 3276 1082 3328 εἰ
1116 3291 1201 3338 τις
1230 3277 1471 3347 ἀριστος,
1515 3276 1595 3339 είς
1632 3275 1809 3329 οἰκίαν
1838 3291 1939 3327 κα-

348 3355 590 3424 μνόντων
609 3356 822 3408 πολλῶν
844 3357 1124 3425 εἰσελθὼν,
1150 3359 1301 3429 παρὰ
1327 3359 1424 3429 μὲν
1452 3358 1561 3411 τῶν
1593 3358 1937 3431 ἀρρωστούν-

345 3455 456 3491 των
490 3440 659 3511 μηδὲν
692 3440 881 3494 ἀκούοι
924 3442 1059 3512 μηδὲ
1111 3441 1220 3495 τῶν
1256 3443 1643 3514 προσηκόντων
1682 3442 1931 3509 ἐκείνοις,

346 3523 455 3576 ὑπὸ
482 3524 538 3577 δὲ
568 3524 669 3595 τῆς
694 3526 901 3588 οἰκείας
942 3527 1148 3598 μητρὸς
1180 3528 1550 3599 παρακαλοίτο
1583 3526 1781 3599 μόνης,
1827 3526 1935 3580 ῦπ-

344 3608 510 3670 01:16;
545 3625 606 3660 τε
645 3610 796 3680 παρά
821 3612 931 3665 τοῖς
964 3610 1264 3680 κάμνουσιν
1296 3611 1450 3664 ἐσται
1478 3612 1573 3664 καὶ
1604 3610 1849 3681 ἐπαχθὴς
1883 3623 1933 3678 ο,

345 3692 443 3745 καὶ
474 3690 601 3745 οὐτε
629 3694 737 3745 τῶν
764 3695 1051 3763 κειμένων,
1080 3693 1206 3748 οὔτε
1226 3695 1337 3748 τῶν
1360 3694 1727 3767 παρεστώτων
1753 3695 1936 3760 αὐτοῖς

343 3776 590 3846 οἰήσεταί
636 3794 720 3839 τις
753 3779 918 3831 αὐτὸν
954 3779 1097 3849 μέγα
1129 3796 1180 3831 τι
1226 3779 1321 3832 καὶ
1365 3783 1612 3848 γενναῖον
1660 3780 1934 3845 ἐπιδείξα-

346 3858 471 3911 σθαι
498 3858 781 3917 δύνασθαι.
829 3861 921 3914 Διὸ
961 3866 1055 3916 καὶ
1099 3863 1224 3916 τότε
1268 3865 1590 3935 ἐπετίμησε,
1613 3863 1823 3933 λέγων⁸
1875 3865 1936 3919 Τί

343 3944 474 4013 ἐμοὶ
501 3944 599 3997 καὶ
628 3944 749 4004 σοὶ,
788 3947 996 4014 quirat;
1020 3946 1287 4000 παιδεύων
1320 3948 1493 4018 αὐτὴν
1532 3951 1613 4012 είς
1649 3948 1710 4001 τὸ
1742 3948 1935 4018 μέλλον

349 4028 549 4099 μηκέτι
577 4028 646 4081 τὰ
674 4028 899 4082 τοιαῦτα
939 4033 1135 4086 ποιεῖν.
1175 4031 1377 4100 Ἔμελε
1398 4032 1507 4102 7&9
1540 4032 1691 4102 αὐτῷ
1717 4033 1810 4085 καὶ
1836 4032 1935 4102 τῆς

344 4112 429 4175 εἰς
454 4111 553 4182 τὴν
586 4112 798 4183 μητέρα
831 4113 1017 4184 τιμῆς,
1051 4115 1306 4185 πολλῷδὲ
1337 4116 1499 4168 πλέον
1525 4116 1626 4187 τῆς
1659 4115 1935 4187 σωτηρίας

343 4199 446 4266 τῆς
474 4197 619 4249 κατά
642 4198 843 4268 ψυχὴν,
868 4200 963 4251 καὶ
991 4200 1092 4269 τῆς
1121 4200 1231 4253 τῶν
1262 4200 1471 4253 πολλῶν
1493 4199 1833 4271 εὐεργεσίας,
1864 4199 1933 4252 δι’

343 4284 415 4351 fy
434 4282 531 4334 καὶ
559 4280 659 4352 τὴν
690 4282 868 4353 σάρκα
886 4282 1073 4337 ὑπέδυ.
1093 4286 1166 4337 Οὐ
1189 4285 1367 4337 τοίνυν
1392 4283 1933 4354 ἁπαυθαδιαζομένου

345 4364 487 4435 πρὸς
517 4364 617 4435 τὴν
650 4366 863 4437 μητέρα
896 4365 1072 4419 ταῦτα
1108 4367 1176 4419 τά
1213 4369 1429 4437 ῥήματα
1461 4363 1553 4438 ἦν,
1594 4367 1710 4420 ἀλλ’
1736 4369 1936 4420 οἰκονο-

348 4449 482 4521 μίας
513 4450 717 4521 πολλῆς
753 4449 1125 4521 ῥυθμιζούσης
1154 4452 1323 4523 αὐτήν
1362 4468 1421 4504 τε
1456 4452 1693 4520 ἐκείνην,
1743 4452 1839 4504 καλ⁵
1866 4451 1935 4505 τά

346 4533 610 4603 θαύματα
638 4537 778 4603 μετά
793 4536 893 4603 τῆς
917 4533 1299 4605 προσηκούσης
1315 4534 1565 4603 γενέσθαι
1591 4550 1937 4605 παρασκευα-

345 4616 552 4688 ζούσης
582 4617 760 4683 ἀξίας.
831 4616 981 4670 Ἐπεὶ
1013 4618 1094 4671 ὅτι
1126 4618 1330 4689 σφόδρα
1361 4617 1530 4689 αὐτὴν
1583 4618 1748 4687 ἐτίμα
1770 4654 1787 4681 ,
1839 4615 1936 4671 καὶ

346 4702 517 4771 χωρὶς
548 4700 661 4753 τῶν
684 4700 875 4758 ,ἄλλων
903 4701 1035 4754 αὐτὸ
1057 4699 1214 4754 τοῦτο
1241 4702 1301 4755 τὸ
1319 4700 1509 4754 δοκοῦν
1540 4699 1935 4771 ἐπιτιμητικῶς

296 4818 305 4823 -
346 4784 627 4855 εἰρῆσθαι,
658 4785 893 4855 μάλιστα
918 4785 1098 4838 ἱκανὸν
1134 4785 1394 4855 ἐμφῆναι.
1425 4784 1513 4857 Τῷ
1539 4784 1648 4856 7&9
1672 4783 1936 4856 δυσχερᾶ-

345 4887 437 4923 ναι
465 4869 670 4935 ἒδειξεν
702 4870 783 4922 ὅτι
811 4869 1015 4939 σφόδρα
1039 4868 1192 4940 [124]
1225 4869 1395 4941 αὐτὴν
1423 4869 1775 4935 δυσωπεῖται.
1808 4866 1934 4931 Πῶς

345 4954 404 5006 δὲ
448 4954 545 5006 καὶ
584 4952 691 5005 τίνι
736 4954 950 5024 τρόπῳ,
998 4957 1062 5025 τῇ
1093 4954 1219 5026 ἑξῆς
1275 4954 1431 5007 τοῦτο
1462 4952 1716 5029 ἐροῦμεν.
1748 4952 1935 5008 Ταῦτα

345 5034 441 5092 οὖν
466 5038 686 5101 ἐννοῶν,
717 5040 813 5091 καὶ
844 5039 972 5092 ὅταν
1006 5038 1245 5113 ἀκούσῃς
1278 5041 1535 5110 γυναικός
1580 5058 1726 5104 τινος
1751 5039 1937 5109 λεγού-

350 5140 449 5193 σης
478 5129 525 5169 d-
569 5120 850 5191 Ηακαρία
877 5124 914 5191 ή
946 5125 1146 5178 κοιλία
1179 5124 1217 5192 ἡ
1262 5124 1637 5190 βαστάσασά
1665 5139 1739 5179 σε
1762 5162 1778 5188 ,
1833 5123 1933 5177 καὶ

340 5207 565 5276 μαστοὶ
617 5207 727 5272 οὓς
776 5208 1119 5277 ἐθήλασας⁸
1171 5206 1287 5262 εἶτα
1346 5208 1510 5265 αὐτοῦ
1574 5208 1935 5281 ἀποκρινομέέ

346 5306 471 5343 νουο
496 5290 738 5345 Μενοῦν
784 5308 850 5360 γε
884 5291 1168 5360 μακάριοι
1223 5296 1275 5347 οἱ
1308 5293 1622 5359 ποιοῦντες
1648 5293 1716 5345 τὸ
1756 5292 1933 5359 θέλη-

341 5388 429 5441 μα
476 5373 586 5426 τοῦ
618 5376 847 5442 Πατρός
894 5392 1015 5443 μου
1037 5394 1052 5407 ο
1084 5375 1191 5428 ἀπὸ
1229 5377 1328 5446 τῆς
1362 5375 1534 5445 αὐτῆς
1574 5374 1796 5445 γνώμης
1833 5376 1932 5428 κά-

347 5459 503 5510 κεῖνα
538 5456 791 5527 εἰρῆσθαι
820 5456 1005 5528 νόμιζε
1038 5461 1104 5512 τὰ
1155 5461 1397 5530 ῥήματα.
1435 5460 1507 5514 Οὐ
1544 5461 1652 5530 γάρ
1677 5459 1930 5513 ἀπωθου-

264 5584 271 5591 .
353 5541 515 5608 μένου
544 5540 644 5611 τὴν
677 5542 891 5611 μητέρα
934 5544 968 5613 ὴ
1012 5543 1303 5615 ἀπόκρισις
1334 5540 1422 5615 ἦν,
1457 5543 1594 5597 ἀλλὰ
1625 5541 1931 5607 δεικνύντος

348 5624 427 5675 ὅτι
452 5624 607 5676 οὐδὲν
638 5624 809 5696 αὐτὴν
835 5628 864 5679 6
895 5626 1051 5690 τόκος
1080 5624 1291 5697 ὤνησεν
1324 5626 1415 5692 ἂν,
1440 5629 1489 5679 εί
1520 5626 1596 5698 μὴ
1629 5628 1833 5699 σφόδρα
1863 5623 1935 5699 ἦν

411 5800 439 5865 ξ
460 5797 554 5865 Alii
577 5800 884 5865 διδασκαλίας
904 5803 1236 5865 προελθούσης.
1268 5802 1377 5853 Mox
1406 5803 1557 5853 Savil.
1586 5806 1640 5850 et
1658 5798 1929 5865 codd._705,

465 5863 543 5908 καί
563 5863 683 5927 μηδὲ
703 5864 849 5927 ἔνδον.
918 5860 1116 5913 δέεινὶι.
1144 5860 1195 5913 εἰ
1236 5866 1319 5914 alii
1344 5866 1406 5925 μή
1434 5865 1680 5927 βούλεσθαι
1705 5862 1927 5927 εὐκόλως.

354 5924 524 5987 Μοτοι.
558 5926 621 5984 μὴ
677 5924 927 5987 βούλεσθαι
973 5928 1093 5987 μηδέ
1124 5928 1267 5976 οὕτω.
1338 5924 1360 5957 θ
1386 5924 1553 5974 Mbrel.
1580 5926 1661 5972 καὶ
1692 5924 1927 5987 φορτικὸς,

350 5988 430 6033 καί
472 5985 827 6060 ἐπαχθήςζῦλβοκ
855 5985 1364 6060 8ηἱ1.ήγήσετᾳιριαρ
1386 5985 1765 6060 οξήσεταιηιωϊεει
1797 5986 1930 6037 idem

353 6062 462 6096 eum
501 6048 642 6097 codd.
668 6051 773 6099 cm.
825 6048 1022 6099 τοιαῦτα
1043 6048 1150 6102 sine
1175 6052 1251 6100 τά.
1278 6048 1290 6052 “
1319 6049 1346 6090 ά
1373 6051 1469 6100 Alii
1493 6048 1741 6107 λαλούσης.

1336 407 1403 463 IN
1445 403 1767 464 JOANNEM
1799 397 2039 458 HOIIL.
2085 398 2221 457 XXI.
2250 403 2320 458 al.
2360 402 2476 458 XX.

3532 406 3637 464 I32

2057 514 2235 588 ἀγαθή
2272 516 2368 569 καὶ
2404 516 2593 587 πιστή.
2639 514 2703 570 Ei
2742 514 2801 570 δέ
2832 514 2940 587 τὴν
2978 514 3199 587 Μαρίαν
3241 515 3396 570 οὐδὲν
3439 516 3642 587 ὠφελεῖ

2060 600 2226 669 χωρὶς
2254 600 2355 671 τῆς
2379 600 2522 654 κατά
2555 600 2734 671 ψυχὴν
2763 601 2986 674 ἀρετῆς,
3030 600 3094 654 τὸ
3121 600 3452 671 γεννηθῆναι
3500 606 3636 672 παρ’

2057 683 2226 754 αὐτῆς
2242 683 2334 737 τὸν
2358 684 2621 756 Χριστόνο.
2645 684 2824 755 πολλῷ
2855 685 3055 755 μᾶλλον
3093 685 3240 755 ἡμᾶς
3265 683 3378 738 κᾶν
3400 684 3639 755 πατέρα,

2055 764 2156 819 κᾶν
2182 765 2429 835 ἀδελφὸν,
2467 766 2576 820 κᾶν
2610 767 2773 821 παῖδα
2813 767 3029 837 ἔχωμεν
3078 768 3335 838 ἐνάρετον
3377 768 3473 821 καλ⁵
3511 758 3677 836 γενοέ

2053 853 2221 916 ναῖον,
2258 852 2410 905 αὐτοὶ
2436 852 2493 906 δέ
2514 852 2701 923 πόρρω
2727 847 2877 924 ὦμεν
2907 853 3006 923 τῆς
3038 852 3242 923 ἀρετῆς
3269 852 3369 921 τῆς
3403 852 3637 916 ἐκείνου,
3674 860 3675 863 “

2052 935 2203 988 οὐδὲν
2257 933 2414 988 τοῦτο
2461 934 2738 1006 ὠφελῆσαι
2796 935 3103 1007 δυνήσεται.
3161 934 3451 1004 Ἀδελφὸς
3504 933 3636 1005 7&9,

2054 1019 2220 1087 φησὶν
2247 1020 2275 1072 6
2306 1018 2490 1084 Δαυῒδ,
2524 1021 2595 1073 οὺ
2629 1019 2973 1088 λυτροῦται,
3015 1018 3384 1089 λυτρώσεται
3413 1010 3659 1088 ἄνθρω-ξ

2052 1116 2199 1169 πος;
2232 1104 2321 1157 Ἐν
2350 1105 2529 1157 οὐδενὶ
2579 1104 2689 1177 γὰρ
2731 1105 2923 1175 ἑτέρῳ,
2957 1104 3072 1159 ἀλλ’
3099 1108 3157 1159 ἐν
3202 1106 3382 1176 μόνοις
3414 1108 3528 1169 τοῖς
3556 1105 3637 1159 0!-

2052 1187 2220 1250 κείοις
2246 1187 2633 1258 κατορθώμασι
2665 1189 2804 1259 μετὰ
2828 1189 2928 1259 τὴν
2953 1188 3047 1242 τοῦ
3072 1187 3208 1241 Θεοῦ
3238 1189 3397 1259 χάριν
3421 1188 3520 1253 τάς
3547 1187 3638 1242 ἐλ-

2052 1270 2211 1336 πίδας
2249 1272 2347 1343 τῆς
2382 1273 2657 1345 σωτηρίας
2693 1271 2838 1343 ἔχειν
2870 1272 2983 1326 δεῖ.
3026 1272 3180 1325 Ἐπεὶ
3210 1273 3259 1325 εί
3286 1271 3447 1325 τοῦτο
3475 1270 3638 1342 ἔμελ-

2050 1353 2141 1409 λεν
2164 1355 2467 1427 ὠφελήσειν
2496 1356 2615 1410 καθ’
2651 1356 2814 1410 ἑαυτὸ
2846 1356 2945 1427 τὴν
2976 1355 3263 1427 παρθένον,
3289 1354 3573 1424 ὠφέλησεν
3603 1363 3631 1394 ο

2048 1438 2117 1493 ἂν
2159 1439 2252 1493 καὶ
2296 1440 2584 1504 Ἰουδαίους
2634 1440 2951 1511 (συγγενὴς
3000 1439 3111 1509 7&9
3152 1434 3219 1510 ἦν
3263 1437 3444 1492 αὐτῶν
3490 1435 3634 1491 κατά

2051 1522 2233 1595 σάρκα
2255 1524 2283 1577 6
2327 1523 2608 1594 Χριστὸς),
2633 1522 2913 1593 ὠφέλησεν
2944 1522 3010 1577 ἂν
3048 1524 3142 1576 καὶ
3182 1522 3281 1593 τὴν
3325 1521 3479 1575 πόλιν
3511 1521 3568 1574 ἐν
3594 1512 3634 1595 ᾖ

2048 1606 2264 1677 ἐτέχθη,
2290 1605 2571 1676 ὠφέλησεν
2613 1604 2679 1659 ἂν
2712 1607 2809 1659 καὶ
2843 1606 2971 1669 τοὺς
3004 1604 3286 1674 ἀδελφούς.
3311 1603 3423 1658 Νῦν
3452 1603 3510 1657 δὲ
3538 1603 3634 1656 καὶ

2045 1690 2097 1743 οί
2122 1690 2362 1759 ἀδελφοὶ,
2392 1690 2498 1754 ἕως
2528 1689 2629 1760 μὲν
2650 1690 2859 1743 ἑαυτῶν
2886 1690 3143 1760 ἠμέλουν,
3171 1688 3322 1741 οὐδὲν
3340 1688 3537 1750 αὐτοὺς
3568 1684 3633 1739 τὸ

2045 1775 2146 1844 τῆς
2185 1773 2512 1843 συγγενείας
2540 1773 2759 1845 ἀξίωμα
2791 1774 3013 1844 ὠφέλει,
3049 1772 3186 1826 ἀλλά
3213 1770 3352 1842 μετά
3393 1769 3488 1823 τοῦ
3517 1769 3633 1824 λοι-

2045 1856 2150 1910 ποῦ
2189 1857 2656 1926 κατεγινώσκοντο
2690 1858 2918 1929 κόσμου·
2948 1857 3071 1911 τότε
3101 1856 3157 1908 δὲ
3183 1852 3629 1925 ἐθαυμάσθησαν,

2043 1940 2133 1994 ὅτε
2161 1941 2270 1994 ἀπὸ
2291 1941 2394 2013 τῆς
2434 1942 2646 2006 οίκείας
2690 1940 2939 2013 ἔλαμψαν
2980 1938 3202 2012 ἀρετῆς.
3240 1937 3378 1990 Ἀλλ’
3407 1938 3441 2007 ἡ
3476 1933 3633 1999 πόλις

2043 2023 2139 2077 καὶ
2172 2022 2335 2077 ἔπεσε
2363 2024 2457 2078 καὶ
2494 2024 2827 2096 ἐνεπρήσθη,
2866 2023 3033 2094 μηδὲν
3059 2020 3168 2076 ἀπὸ
3209 2019 3398 2073 τούτου
3433 2016 3630 2089 κερδά-

2042 2123 2200 2160 νασα·
2229 2107 2654 2177 κατεσφάγησαν
2685 2107 2743 2161 δὲ
2782 2106 2878 2161 καὶ
2923 2104 3206 2160 ἀπώλοντο
3236 2102 3439 2174 σφόδρα
3462 2100 3633 2154 ἐλεει-

2042 2190 2150 2255 νῶς
2186 2191 2281 2244 καὶ
2324 2191 2375 2244 οἱ
2427 2190 2571 2245 κατὰ
2628 2192 2809 2263 σάρκα
2849 2191 3152 2259 συγγενεῖς,
3189 2187 3342 2241 οὐδὲν
3385 2184 3494 2239 ἀπὸ
3527 2181 3632 2254 τῆς

2041 2272 2180 2344 πρὸς
2206 2273 2367 2327 αὐτὸν
2398 2274 2718 2343 συγγενείας
2750 2274 2831 2337 είς
2858 2272 2919 2326 τὸ
2948 2271 3188 2343 σωθῆναι
3236 2269 3627 2342 κερδάναντες,

2040 2356 2228 2427 ἐπειδὴ
2255 2357 2357 2428 τὴν
2404 2356 2514 2410 ἀπὸ
2554 2357 2655 2428 τῆς
2707 2356 2910 2428 ἀρετῆς
2956 2353 3294 2425 προστασίαν
3325 2353 3428 2405 οὐκ
3460 2347 3628 2419 εἶχον.

2040 2439 2268 2494 Πάντων
2294 2440 2353 2493 δὲ
2386 2440 2608 2510 μείζους
2643 2439 2993 2509 ἀνεφάνησαν
3018 2438 3069 2491 οί
3098 2436 3408 2501 ἀπόστολοι,
3438 2429 3628 2500 ἐπειδὴ

2037 2527 2130 2579 τὸν
2164 2524 2418 2597 ἀληθινὸν
2465 2527 2559 2579 καὶ
2597 2524 2841 2595 ζηλωτὸν
2876 2522 3079 2595 τρόπον
3122 2520 3225 2590 τῆς
3273 2519 3412 2592 πρὸς
3463 2519 3627 2576 αὐτὸν

2037 2608 2370 2674 οίκειώσεως
2396 2609 2683 2681 μετῆλθον,
2719 2608 2813 2661 τὸν
2842 2606 2932 2661 διά
2949 2605 3049 2677 τῆς
3083 2604 3352 2673 ὑπακοῆς.
3383 2605 3629 2659 Κάντεῦο

2038 2693 2131 2747 θεν
2180 2689 2275 2748 οὖν
2324 2693 2691 2765 μανθάνομεν,
2737 2693 2821 2745 ὃτι
2876 2692 3114 2754 πίστεως
3163 2692 3294 2760 ήμῖν
3347 2687 3627 2760 πανταχοῦ

2036 2777 2218 2849 χρεία,
2258 2779 2355 2832 καὶ
2405 2776 2522 2848 βίου
2551 2776 2859 2848 λάμποντος
2896 2776 2990 2829 καὶ
3028 2772 3277 2845 φαιδροῦ.
3310 2771 3478 2824 Τοῦτο
3516 2772 3628 2843 γάρ
3722 2818 3727 2825 .

2037 2862 2184 2933 ἡμᾶς
2229 2862 2390 2933 μόνον
2415 2862 2677 2915 διασῶσαι
2715 2860 3026 2929 δυνήσεται.
3070 2856 3287 2927 Ἐπειδὴ
3329 2856 3423 2909 καὶ
3462 2856 3627 2926 μέχρι

2036 2943 2234 2997 πολλοῦ
2279 2946 2331 2998 οί
2376 2945 2663 3012 συγγενεῖς
2707 2942 2874 2996 αὐτοῦ
2914 2939 3285 3010 ἐθαυμάζοντο
3322 2938 3624 3009 πανταχοῦ,

2035 3028 2085 3081 οἳ
2111 3028 2205 3082 καὶ
2242 3028 2573 3081 Δεσπόσυνοι
2607 3027 2879 3095 ἐλέγοντο⁶
2929 3023 3043 3077 ἀλλ’
3087 3024 3237 3093 ὅμως
3291 3020 3470 3094 αὐτῶν
3526 3021 3627 3090 μὲν

2034 3111 2155 3165 οὐδὲ
2185 3112 2254 3167 τά
2278 3111 2517 3180 ὀνόματα
2567 3110 2747 3179 ίσμεν,
2776 3108 2885 3161 τῶν
2910 3106 2967 3160 δὲ
2995 3105 3309 3159 ἀποστόλων
3338 3104 3431 3157 καὶ
3454 3104 3482 3156 6
3509 3102 3626 3173 βίος

2035 3195 2132 3249 καὶ
2164 3196 2232 3250 τά
2275 3195 2518 3265 ὀνόματα
2564 3193 2751 3265 ᾅδεται
2782 3189 3084 3261 πανταχοῦ.
3134 3189 3225 3259 Μὴ
3267 3188 3447 3241 τοίνυν
3480 3187 3625 3257 μέγα

2035 3278 2325 3350 φρονῶμεν
2351 3279 2443 3333 ἐπὶ
2485 3277 2737 3348 εὐγενείᾳ
2772 3274 2794 3314 ί
2831 3278 2900 3347 τῇ
2936 3275 3079 3330 κατά
3111 3275 3310 3344 σάρκα,
3348 3270 3485 3325 ἀλλά
3518 3271 3625 3325 κᾶν

2038 3364 2263 3435 μυρίους
2295 3364 2507 3434 ἐχωμεν
2540 3363 2838 3434 προγόνους
2872 3359 3242 3430 θαυμαστοὺς,
3268 3356 3423 3409 αὐτοὶ
3455 3371 3627 3408 σπου-

2032 3447 2287 3518 δάσωμεν
2316 3446 2724 3516 ὑπερϐαλέσθαι
2757 3445 2858 3507 τάς
2899 3442 3123 3496 ἐκείνων
3157 3438 3381 3511 ἀρετάς,
3422 3437 3626 3501 εἰδότες

2033 3531 2115 3584 ὅτι
2153 3531 2304 3585 οὐδὲν
2333 3531 2442 3584 ἀπὸ
2467 3530 2569 3600 τῆς
2612 3528 2814 3600 ἐτέρων
2854 3524 3097 3594 σπουδῆς
3137 3524 3217 3586 είς
3256 3522 3354 3592 τὴν
3394 3520 3621 3591 μέλλους

2036 3629 2135 3667 σαν
2164 3612 2531 3684 κερδανοῦμεν
2557 3610 2759 3683 κρίσιν,
2790 3609 2927 3663 ἀλλὰ
2958 3609 3052 3661 καὶ
3080 3606 3241 3660 τοῦτο
3268 3608 3442 3676 κρῖμα
3467 3604 3625 3657 ἔσται

2035 3697 2410 3769 σφοδρότερον.
2440 3696 2683 3765 Ἀγαθῶν
2709 3698 2815 3767 7&9
2842 3693 2997 3756 ὄντες
3024 3691 3298 3762 πατέρων,
3346 3689 3443 3743 καλ⁸
3472 3686 3623 3741 οἷκο-

2034 3781 2126 3835 θεν
2173 3780 2389 3851 ἔχοντες
2440 3779 2503 3832 τὸ
2546 3778 2870 3849 ὑπόδειγμα,
2927 3775 3050 3829 οὐδέ
3112 3773 3254 3827 οὕτω
3306 3769 3624 3842 μιμούμεθα

2032 3865 2160 3925 τοὺς
2188 3863 2562 3921 διδασκάλους.
2612 3860 2796 3914 Ταῦτα
2843 3859 2901 3912 δέ
2947 3857 3092 3926 λέγω
3130 3856 3247 3920 νῦν,
3283 3855 3469 3927 ἐπειδὴ
3509 3854 3627 3925 ὁρῶ

2036 3947 2303 4019 Ἕλληνας
2332 3946 2580 4007 πολλοὺς,
2610 3945 2737 3997 ὅταν
2765 3942 2858 3994 ἐπὶ
2889 3940 2988 4011 τὴν
3030 3940 3213 3992 πίστιν
3239 3939 3437 4003 αὐτοὺς
3475 3939 3624 4005 ἄγω·

2037 4049 2157 4105 μεν,
2198 4033 2295 4086 καὶ
2344 4028 2753 4103 παρακαλῶμεν
2792 4025 3046 4095 γενέσθαι
3093 4024 3477 4095 Χριστιανοὺς,
3527 4020 3623 4077 ἐπὶ

2034 4116 2159 4179 τούς
2208 4116 2489 4183 συγγενεῖς
2526 4114 2621 4165 καὶ
2660 4113 2785 4174 τούς
2831 4109 3129 4180 προγόνους
3177 4106 3623 4176 καταφεύγοντας

2035 4201 2129 4253 καὶ
2157 4198 2256 4268 τὴν
2284 4198 2482 4259 οίκίαν,
2515 4196 2607 4250 καὶ
2629 4196 2903 4263 λέγοντας
2938 4194 3145 4257 Πάντες
3172 4192 3222 4245 οί
3253 4189 3621 4262 προσήκοντές

2037 4301 2129 4355 μοι
2157 4283 2253 4337 καὶ
2279 4282 2573 4353 ἐπιτήδειοι
2603 4281 2695 4333 καὶ
2728 4279 3126 4343 συνοικοῦντες,
3160 4276 3341 4329 πιστοὶ
3365 4276 3625 4345 Χριστια-

2032 4369 2115 4421 νοὶ
2150 4368 2499 4438 τυγχάνουσι.
2539 4366 2605 4417 Τί
2636 4360 2727 4417 οὖν
2755 4363 2915 4416 τοῦτο
2943 4362 3079 4435 πρὸς
3115 4360 3196 4425 σὲ,
3227 4357 3376 4413 ἄθλιε
3401 4358 3493 4411 καὶ
3517 4373 3619 4412 τα·

2032 4450 2312 4521 λαίπωρε;
2354 4448 2507 4521 [125]
2556 4447 2727 4500 Τοῦτο
2758 4446 2868 4516 γάρ
2901 4462 2961 4497 σε
3012 4443 3248 4514 μάλιστα
3292 4441 3501 4507 ἀπολεῖ,
3535 4441 3625 4497 ὅτι

2033 4536 2154 4588 οὐδὲ
2188 4534 2248 4588 τὸ
2298 4533 2503 4603 πλῆθος
2556 4531 2666 4586 τῶν
2716 4527 3112 4581 συνοικούντων
3156 4523 3423 4588 αἰδεσθεὶς
3480 4523 3623 4595 πρὸς

2031 4617 2131 4691 τῂν
2161 4615 2421 4686 ἀλήθειαν
2447 4613 2700 4684 ἔδραμες.
2726 4612 2894 4665 Πάλιν
2918 4610 3066 4664 ἄλλοι
3098 4608 3265 4671 τινὲς,
3289 4606 3471 4661 πιστοὶ
3517 4606 3620 4678 μὲν

2032 4702 2205 4767 δντες,
2243 4700 2357 4771 βίου
2398 4698 2457 4751 δέ
2494 4694 2854 4767 ἠμελημένως
2883 4693 3326 4764 εμτυγχάνοντες,
3364 4707 3621 4761 παρακα-

2032 4788 2286 4859 λούμενοι
2319 4785 2457 4858 πρὸς
2486 4784 2708 4855 ἀρετὴν,
2737 4782 2799 4834 τὸ
2831 4781 2963 4836 αὐτὸ
2991 4781 3055 4851 δὴ
3096 4780 3254 4835 τοῦτο
3288 4779 3621 4851 προὸάλλονρ

2030 4890 2122 4927 ται
2146 4872 2416 4940 λέγοντες·
2456 4869 2515 4922 Ὀ
2544 4868 2726 4938 πατὴρ
2754 4870 2781 4921 6
2819 4867 2971 4938 ἐμὸς,
3010 4866 3105 4920 καὶ
3131 4866 3160 4919 6
3190 4865 3433 4929 πάππος,
3461 4864 3556 4919 καὶ
3584 4866 3620 4917 δ

2032 4955 2349 5017 ἐπίπαππος
2378 4952 2579 5022 σφόδρα
2606 4951 2843 5013 εὐσεϐεῖς
2880 4950 2976 5003 καὶ
3017 4949 3291 5004 σπουδαῖοι
3322 4948 3617 5018 ἐτύγχανον

2031 5039 2204 5102 ὄντες.
2245 5036 2408 5089 Ἀλλά
2438 5035 2594 5089 τοῦτο
2625 5034 2689 5104 δή
2718 5051 2776 5087 σε
2811 5035 3131 5106 κατακρινεῖ
3158 5034 3188 5074 h
3238 5032 3490 5104 μάλιστα,
3533 5031 3617 5084 ὅτι

2030 5123 2287 5177 τοιούτων
2335 5120 2409 5174 ὣν
2458 5120 2700 5189 ἔγγονος,
2745 5117 2943 5183 ἀνάξια
2992 5118 3091 5186 τῆς
3121 5116 3327 5180 οἰκείας
3374 5115 3616 5186 ἔπραξας

2034 5207 2211 5278 ῥίζης.
2238 5206 2507 5258 ’Δκουσον
2538 5202 2646 5273 γάρ
2676 5204 2704 5254 ὁ
2728 5202 3025 5272 Προφήτης
3052 5200 3105 5252 τί
3139 5216 3272 5271 φησι
3315 5200 3451 5269 πρὸς
3489 5199 3616 5260 τοὺς

2044 5289 2343 5351 Ἰουδαίους·
2384 5286 2777 5340 Ἐὄούλευσεν
2817 5283 3060 5351 Ἰσραὴλ
3104 5283 3175 5336 ἐν
3217 5279 3477 5351 γυναικὶ,
3514 5278 3616 5331 και

2029 5373 2098 5430 ἐν
2149 5370 2389 5443 γυναικὶ
2438 5368 2818 5439 ἐφυλάξατο·
2891 5369 2987 5421 καὶ
3041 5366 3203 5419 πάλιν
3266 5366 3295 5417 6
3353 5364 3611 5435 Χριστὸς,

2042 5456 2291 5525 Ἀϐραὰμ
2342 5457 2376 5508 ὁ
2425 5452 2623 5521 πατὴρ
2676 5450 2846 5521 ὑμῶν
2904 5449 3321 5520 ἠγαλλιάσατο
3361 5448 3462 5501 ἵνα
3514 5446 3613 5515 ιδῃ

2028 5540 2145 5609 τὴν
2172 5539 2404 5609 ἡμέραν
2447 5536 2563 5603 τὴν
2594 5536 2769 5605 ἐμήνο
2806 5535 2906 5588 καὶ
2954 5531 3096 5596 εἶδε,
3129 5534 3225 5588 καὶ
3260 5532 3468 5601 ἐχάρη.
3501 5530 3615 5586 Καὶ

2030 5624 2310 5695 πανταχοῦ
2337 5621 2407 5676 τά
2434 5621 2542 5674 τῶν
2574 5619 2861 5692 ’προγόνων
2909 5616 3308 5690 κατορθώματα
3352 5619 3412 5671 οὐ
3454 5618 3616 5687 μόνον

2034 5710 2149 5767 ἀντ’
2184 5705 2497 5779 ἐγκωμίων,
2525 5705 2662 5760 ἀλλά
2688 5705 2783 5758 καὶ
2810 5703 2931 5758 ἀντὶ
2963 5702 3211 5775 μείζονος
3229 5702 3412 5766 αὐτοῖς
3441 5718 3616 5772 προσ-

2104 5876 2127 5905 e
2150 5862 2351 5923 Quidam
2372 5874 2487 5908 mss.
2513 5872 2629 5923 cum
2645 5856 2815 5923 Morel.
2836 5857 2940 5905 καθ’
2954 5857 3101 5923 ,ἑαυτὸ
3136 5857 3223 5914 τήν
3246 5853 3618 5923 παρθῷονρφέ-

2041 5915 2200 5983 ληοεν.
2225 5923 2279 5971 In
2300 5924 2453 5973 Savil.
2484 5928 2537 5969 ει
2553 5919 2663 5970 aliis
2692 5921 2789 5983 τήνγ
2817 5921 3042 5983 παρθένον
3062 5922 3226 5983 deest:
3294 5915 3327 5983 7‘:
3346 5918 3428 5966 Sic
3464 5915 3617 5983 δεινῇς.

2038 5975 2394 6052 Μὶηηεμέπιτῇ
2414 5983 2676 6052 συγγενείᾳ.
2766 5982 2791 6052 ξ
2829 5975 3167 6052 ὐμεληγιένοσ
3192 5980 3341 6029 Savil.
3384 5983 3438 6027 ει
3473 5975 3618 6052 οοόό.

2039 6038 2149 6108 705,
2172 6047 2280 6098 706.
2348 6038 2591 6106 h'dehm
2627 6038 2741 6093 mss.
2765 6038 2907 6098 ὄντες.
2937 6038 3092 6092 Τοῦτο
3113 6044 3202 6106 γάρ
3228 6058 3284 6090 σε
3326 6038 3617 6102 κατακρίνει.
