4094 6370
471 359 578 415 435

474 480 696 550 φέρουσι
742 489 768 519 ι
821 476 919 545 τῆς
964 473 1318 546 κατηγορίας.
1362 473 1527 528 Ταῦτ’
1570 469 1664 527 οῦν
1703 474 1921 538 εἰδότες,
1956 474 2048 527 καλ¹

472 564 632 634 ἡμεῖς
660 561 877 615 ἅπαντα
906 560 1257 630 πράττωμεν,
1288 556 1429 610 ὥστε
1469 556 1555 610 διά
1587 557 1694 610 τῶν
1718 557 1933 610 οἰκείων
1955 558 2045 627 ἐρ-

471 662 584 714 γων
618 644 857 713 σωθῆναι
884 643 1195 714 δυνηθῆναι,
1229 643 1314 696 ἵνα
1359 642 1432 714 μὴ
1470 640 1646 712 μάτην
1676 642 1901 705 ἐαυτοὺς
1929 644 2046 705 ταῖς

472 730 553 791 εἰς
588 728 805 795 ἐτέρους
848 727 1225 796 ἀπατήσαντες
1266 724 1465 787 ἐλπίσι,
1500 724 1623 778 τότε
1670 725 1930 795 μάθωμεν
1963 725 2044 777 ὅτι

474 810 652 883 μάτην
694 808 1077 881 ὴπατήθημεν,
1105 809 1193 862 ὅτε
1237 808 1339 879 τῆς
1378 808 1633 878 γνώσεως
1671 811 1812 881 ’ἡμῖν
1845 808 2045 879 ταύτης

534 981 562 1009 ⁸
582 980 681 1030 Alii
701 979 1006 1043 προφέρουσι.

475 1085 682 1107 μ-

1164 356 1221 411 S.
1260 354 1545 411 JOANNIS
1581 353 2072 411 CIIRYSOSTOMI
2110 357 2430 414 ARCHIEP.
2475 356 3022 413 CONSTANTINOP.

3614 366 3713 423 131

2151 474 2341 543 ὄφελος
2368 474 2538 527 οὐδέν.
2575 476 2677 528 Ἐν
2702 473 2812 543 γὰρ
2847 474 2927 539 τῷ
2960 474 3094 542 ᾄδῃ,
3135 476 3287 546 φησί,
3322 478 3412 544 τίς
3436 476 3718 548 ἐξομολο-

2153 557 2403 626 γήσεται
2448 574 2579 622 σοι;
2622 557 2828 610 Οὐκοῦν
2854 558 3083 610 ἐνταῦθα
3113 561 3549 630 μετανοήσωμεν,
3579 562 3718 617 ὥστε

2150 640 2257 692 τῶν
2282 640 2513 694 αἰωνίων
2542 644 2722 711 τυχεῖν
2753 640 2991 709 ἀγαθῶν,
3020 634 3093 694 ὧν
3113 642 3318 710 γένοιτο
3343 644 3547 708 πάντας
3575 648 3718 715 ἡμᾶς

2152 726 2449 792 ἐπιτυχεῖν,
2483 724 2663 795 χάριτι
2694 725 2787 777 καὶ
2815 724 3193 796 φιλανθρωπίᾳ
3215 726 3308 778 τοῦ
3332 727 3534 796 Κυρίου
3563 730 3716 798 ἡμῶν

2162 806 2335 876 Ἰησοῦ
2370 807 2628 878 Χριστοῦ,
2656 808 2723 860 δι’
2750 800 2810 860 06
2840 809 2935 860 καὶ
2971 808 3087 877 μεθ’
3116 802 3177 862 06
3208 809 3284 879 τῷ
3322 810 3494 882 Πατρὶ
3530 814 3562 881 ὴ
3592 811 3716 875 δόξα

2151 891 2245 943 καὶ
2271 905 2331 944 το
2357 898 2575 961 κράτος,
2608 891 2722 961 ἅμα
2744 891 2821 962 τῷ
2852 892 2991 963 ἁγίῳ
3012 893 3309 964 Πνεύματι,
3343 896 3422 958 είς
3449 896 3572 959 τοὺς
3596 895 3716 948 αἰῶ-

2150 991 2245 1033 νας
2270 976 2379 1027 τῶν
2407 973 2636 1029 αἰώνων.
2677 977 2863 1046 Ἀμήν.

1904 1143 2148 1195 ΟΜΙΔΙΑ
2188 1144 2319 1199 ΚΒ¹.

476 1238 538 1293 Τί
563 1235 693 1305 ἐμοὶ
725 1235 824 1290 καὶ
868 1235 991 1299 σοί,
1040 1236 1259 1304 τύναι;
1302 1236 1478 1289 Οὔπω
1524 1234 1657 1302 ἣκει
1689 1234 1727 1301 ἠ
1758 1232 1879 1301 ὥρα
1900 1251 2039 1301 μου.

541 1327 610 1375 α’.
642 1322 794 1391 Ἔχει
832 1319 931 1390 μέν
964 1337 1087 1373 τινα
1138 1318 1297 1373 πόνον
1338 1319 1400 1372 16
1445 1317 1643 1386 λέγειν’
1694 1318 1788 1371 καὶ
1833 1317 1991 1371 τοῦτο
2015 1318 2063 1369 ό

470 1404 681 1466 Παῦλος
718 1403 894 1474 δηλῶν
934 1402 1137 1470 έλεγεν’
1166 1404 1231 1454 Οἱ
1261 1400 1461 1467 καλῶς
1487 1399 1857 1467 προεστῶτες
1904 1413 2043 1467 πρε-

469 1489 767 1555 σϐύτεροι,
804 1484 1028 1553 διπλῆς
1079 1483 1255 1553 τιμῆς
1290 1484 1732 1546 ἀξιούσθωσαν·
1777 1483 2045 1552 μάλιστα

469 1576 524 1629 οἰ
551 1572 877 1636 κοπιῶντες
904 1570 975 1623 ἐν
1000 1570 1161 1638 λόγῳ
1201 1569 1297 1623 καὶ
1337 1567 1715 1634 διδασκαλίᾳ.
1754 1567 1912 1621 Ἀλλά
1953 1567 2042 1620 τὸν

472 1658 571 1728 μὲν
596 1656 756 1708 πόνον
787 1652 973 1707 τοῦτον
1015 1654 1172 1722 ὑμεῖς
1204 1652 1383 1721 κύριοι
1428 1652 1522 1704 καὶ
1578 1650 1778 1719 κοῦφον
1821 1653 2042 1721 ποιῆσαι

467 1739 563 1793 καὶ
600 1737 789 1809 βαρύν.
819 1736 916 1788 Ἂν
945 1735 1043 1805 μὲν
1072 1734 1179 1805 γὰρ
1211 1732 1530 1803 ἀποπτύητε
1571 1733 1641 1786 τά
1682 1734 1970 1804 λεγόμενα,
2005 1733 2037 1804 ἦ

468 1820 546 1893 μὴ
583 1818 900 1889 ἀποπτύητε
952 1818 1071 1887 μὲν,
1106 1818 1163 1870 ἐν
1201 1817 1255 1869 66
1285 1819 1397 1880 τοῖς
1420 1816 1602 1886 ἔργοις
1641 1816 1713 1887 μὴ
1739 1815 2039 1886 δεικνύητε,

467 1902 639 1974 βαρὺς
670 1904 699 1956 6
730 1902 896 1964 κόπος
946 1902 1076 1971 ήμῖν
1117 1899 1267 1953 ἔσται
1304 1899 1391 1953 διά
1426 1899 1485 1951 τὸ
1515 1911 1540 1939 α
1575 1900 1754 1952 πονεῖν
1789 1899 1912 1968 εἰκῆ
1946 1898 2041 1951 καὶ

469 1986 665 2055 μάτην·
696 1984 764 2038 ἂν
791 1984 848 2037 66
876 1982 1200 2054 προσέχητε,
1236 1982 1330 2035 καὶ
1349 1982 1448 2053 τὴν
1470 1981 1556 2034 διά
1581 1981 1687 2034 τῶν
1726 1981 1901 2053 ἔργων
1924 1981 2042 2035 ἐπί-

463 2068 632 2136 δειξιν
673 2069 970 2137 παρέχητε,
1010 2066 1129 2120 οὑδέ
1156 2066 1406 2135 αἴσθησιν
1432 2064 1716 2135 ληψόμεθα
1747 2064 1855 2118 τῶν
1882 2063 2041 2135 ἱδρώ-

465 2168 593 2204 των’
631 2153 660 2205 6
682 2151 790 2222 γάρ
823 2149 930 2203 ἀπὸ
960 2149 1071 2202 τῶν
1115 2148 1291 2201 πόνων
1337 2148 1653 2218 τικτόμενος
1700 2147 1910 2217 καρπὸς
1938 2147 2040 2200 οὐκ

466 2236 666 2305 ἀφήσει
719 2234 1002 2304 φαίνεσθαι
1033 2232 1128 2285 τοῦ
1177 2232 1341 2286 πόνου
1389 2232 1450 2284 τὸ
1501 2231 1743 2302 σφοδρόν.
1775 2232 1937 2284 Ὥστε
1989 2231 2039 2284 εί

466 2319 720 2390 βούλεσθε
765 2321 898 2388 ἡμῖν
952 2315 1051 2387 τὴν
1105 2315 1411 2384 προθυμίαν
1458 2315 1759 2384 διεγεῖραι,
1816 2316 1909 2368 καὶ
1962 2315 2038 2385 μὴ

464 2404 653 2458 σϐέσαι
679 2404 728 2464 δ,
758 2401 891 2472 μηδὲ
921 2399 1314 2471 ἀσθενεστέραν
1348 2399 1590 2469 ποιῆσαι,
1634 2398 1844 2461 δείξατε
1879 2401 2034 2469 ἡμῖν,

461 2486 784 2556 παρακαλῶ,
836 2485 927 2537 τὸν
966 2483 1198 2553 καρπὸν,
1245 2483 1331 2534 ἵνα
1379 2482 1636 2551 κομῶντα
1687 2481 1917 2552 ὁρῶντες
1968 2481 2036 2534 τά

458 2569 606 2639 λήῖα,
630 2570 723 2622 καὶ
752 2570 911 2639 ήμεῖς
938 2569 1054 2629 ταῖς
1087 2566 1185 2635 τῆς
1208 2564 1461 2633 εὐθηνίας
1487 2564 1664 2617 ἐλπίσι
1691 2565 2033 2634 τρεφόμενοι,

458 2654 555 2707 καὶ
580 2654 670 2705 τὸν
694 2651 917 2705 πλοῦτον
942 2650 1099 2720 ήμῶν
1119 2661 1141 2689 ε
1166 2648 1628 2717 ἀναλογιζόμενοι,
1650 2648 1723 2717 μὴ
1746 2648 2035 2716 ναρκῶμεν

458 2735 887 2805 ἐμπορευόμενοι
924 2732 1021 2803 τὴν
1049 2732 1217 2803 καλὴν
1241 2732 1443 2800 ταύτην
1474 2729 1874 2802 πραγματείαν.
1900 2730 2034 2783 Οὐδὲ

457 2818 567 2889 γὰρ
594 2819 787 2890 μικρὸν
814 2819 945 2888 ἡμῖν
975 2817 1068 2869 καὶ
1090 2817 1327 2886 τήμερον
1351 2814 1634 2884 πρόκειται
1661 2813 1900 2883 ζήτημα.
1924 2814 2035 2883 Τῆς

455 2902 567 2973 γάρ
613 2902 820 2972 μητρὸς
876 2901 971 2953 τοῦ
1007 2898 1181 2970 Ἰησοῦ
1236 2898 1516 2966 εἰπούσης,
1568 2895 1650 2949 ὅτι
1701 2891 1880 2949 Οἶνον
1922 2897 2035 2949 οὐκ

456 2989 731 3058 ἔχουσιν,
765 2988 793 3039 6
825 2986 1058 3055 Χριστός
1089 3003 1241 3056 φησι,
1290 2985 1350 3037 Τί
1379 2982 1508 3051 ἐμοὶ
1540 2981 1639 3035 καί
1670 2982 1791 3042 σοὶ,
1820 2983 1993 3051 γύναι
2012 2998 2032 3045 ;

456 3073 621 3126 οὔπω
651 3072 782 3137 ἥκει
826 3071 865 3136 ἠ
902 3069 1023 3138 ὥρα
1042 3083 1181 3137 μου·
1211 3068 1306 3122 καὶ
1332 3065 1491 3119 τοῦτο
1518 3065 1706 3131 εἰπὼν,
1749 3063 2031 3136 ἔπραξενά

454 3155 594 3226 ὅπερ
623 3149 821 3223 εἷπενὴ
853 3152 1055 3222 μήτηρ.
1081 3149 1250 3205 Τοῦτο
1278 3150 1334 3202 δέ
1358 3148 1451 3202 τοῦ
1471 3148 1734 3219 προτέρου
1759 3148 1859 3201 οὐκ
1880 3148 2034 3201 ἐλατ-

454 3239 547 3291 τόν
579 3239 725 3291 ἐστιν
750 3239 828 3300 εἰς
860 3234 1012 3307 [126]
1062 3234 1340 3305 ζητήσεως
1374 3233 1551 3299 λόγον.
1585 3231 1757 3285 Λύτδν
1785 3227 1879 3285 οὖν
1910 3230 2034 3284 τοῦ·

453 3339 545 3375 τον
592 3320 1073 3391 παρακαλέσαντες
1122 3318 1211 3370 τὸν
1265 3317 1325 3369 τὸ
1389 3316 1573 3385 θαῦμα
1634 3316 2027 3386 ἐργασάμενον,

452 3404 628 3468 οὕτως
678 3404 920 3474 ἔλθωμεν
968 3403 1061 3455 ἐπὶ
1099 3400 1196 3469 τὴν
1244 3401 1397 3454 λύσιν
1437 3412 1482 3454 θ.
1516 3400 1592 3452 Οὐ
1639 3400 1748 3470 γὰρ
1796 3398 2031 3452 ἐνταῦθα

452 3488 612 3542 τοῦτο
649 3488 807 3558 μόνον
835 3486 1071 3557 εἴρηται.
1122 3483 1256 3539 ἀλλά
1286 3484 1379 3538 καὶ
1430 3481 1632 3554 προῖὼν
1661 3484 1688 3534 6
1715 3482 1875 3545 0616;
1906 3482 2032 3549 φαί-

450 3590 602 3628 νεται
644 3569 1031 3640 εὐαγγελιστὴς
1055 3568 1245 3636 λέγων·
1275 3568 1388 3621 Οὐκ
1420 3566 1679 3636 ήδύναντο
1713 3566 1875 3619 αὑτὸν
1903 3567 2031 3620 πιά-

454 3674 566 3718 σαι,
600 3655 720 3707 ’Ότι
749 3654 913 3707 οὔπω
946 3652 1079 3719 ἣκει
1108 3653 1147 3719 ἡ
1177 3650 1297 3718 ὥρα
1324 3649 1509 3703 αὐτοῦ
1531 3667 1543 3678 ·
1583 3650 1677 3702 καὶ
1711 3649 1889 3701 πάλιν·
1926 3652 2031 3703 Οὐ-

451 3738 577 3803 δεὶς
612 3738 907 3791 ἐπέϐαλεν
951 3736 1042 3787 ἐπ’
1089 3733 1275 3788 αὐτὸν
1318 3734 1423 3799 τὰς
1481 3731 1702 3801 χεῖρας,
1742 3731 1831 3785 ὅτι
1866 3733 2030 3786 οὔπω

451 3823 734 3889 ἐληλύθει
762 3822 801 3888 ἠ
829 3820 950 3888 ὥρα
977 3818 1164 3872 αὐτοῦ
1187 3835 1201 3850 ·
1257 3817 1351 3870 καὶ
1389 3816 1570 3870 πάλιν’
1614 3816 1949 3883 Ἐλήλυθεν
1987 3814 2026 3880 ἡ

451 3904 604 3972 ὥρα·
643 3904 913 3968 δόξασόν
968 3917 1085 3955 σου
1136 3900 1244 3954 τόν
1295 3902 1451 3954 Υίόν.
1507 3898 1693 3950 Ταῦτα
1742 3899 1918 3951 πάντα
1962 3896 2030 3950 δι’

451 3988 574 4041 ὅλου
602 3986 696 4041 τοῦ
728 3985 1058 4054 Εὐαγγελίου
1093 3981 1396 4057 εἰρημένατ
1438 3980 1670 4035 ἐνταῦθα
1702 3983 2028 4051 συνήγαγον,

451 4073 540 4125 ἵνα
572 4074 707 4126 πᾶσι
767 4070 893 4141 μίαν
949 4068 1216 4137 ἐπαγάγω
1268 4066 1367 4135 τὴν
1417 4066 1590 4119 λύσιν.
1625 4064 1720 4129 Τίς
1768 4065 1886 4118 ποτ’
1937 4061 2030 4118 οὖν

450 4158 567 4209 ἐστι
621 4154 729 4207 τῶν
758 4152 1067 4223 λεγομένων
1103 4153 1137 4223 ή
1189 4150 1375 4215 λύσις;
1417 4151 1531 4203 Οὐκ
1575 4150 1790 4221 ἀνάγκη
1822 4148 2029 4219 καιρῶν

449 4241 479 4292 6
500 4237 733 4309 Χριστὸς
761 4236 1137 4305 ὑποκείμενος,
1170 4234 1289 4287 οὐδὲ
1318 4233 1464 4303 ὥρας
1494 4233 1894 4302 παρατηρήσει,
1915 4232 2030 4284 ἕλε-

449 4338 567 4389 γεν,
602 4321 777 4374 Οὔπω
817 4318 951 4386 ἣκει
988 4319 1026 4385 ἠ
1067 4315 1189 4384 ὥρα
1232 4330 1371 4383 μου·
1406 4314 1545 4384 (πῶς
1577 4313 1687 4385 γάρ
1712 4315 1740 4365 6
1768 4313 1877 4367 τῶν
1910 4331 2030 4367 και-

452 4403 563 4477 ρῶν
611 4402 859 4473 ποιητὴς,
888 4401 983 4455 καὶ
1029 4400 1136 4453 τῶν
1189 4400 1395 4471 χρόνων
1432 4399 1524 4452 καὶ
1559 4398 1668 4451 τῶν
1695 4396 1905 4450 αἰώνων
1936 4397 2028 4466 δη-

453 4486 767 4558 μιουργός;)
821 4484 958 4539 ἀλλά
1002 4484 1089 4536 διὰ
1124 4483 1232 4535 τῶν
1292 4481 1464 4545 οὑτως
1515 4482 1819 4553 εἰρημένων
1871 4480 2028 4533 τοῦτο

449 4570 687 4638 δηλῶσαι
714 4571 740 4609 Β
766 4567 1033 4638 βούλεται,
1055 4567 1137 4618 ὅτι
1159 4565 1336 4617 πάντα
1358 4563 1497 4634 μετὰ
1526 4564 1716 4635 καιροῦ
1742 4563 1836 4616 τοῦ
1863 4581 2029 4632 προσ-

446 4653 672 4723 ήκοντος
697 4650 1007 4721 ἐργάζεται,
1062 4650 1160 4717 οὐχ
1205 4648 1341 4715 όμοῦ
1385 4649 1560 4701 πάντα
1599 4648 1769 4700 ποιῶν
1794 4648 1859 4686 ιι·
1904 4647 2027 4700 ἐπεὶ

448 4733 712 4804 σύγχυσίς
750 4751 835 4795 τις
859 4732 1083 4802 ἔμελλεν
1114 4730 1336 4784 ἔσεσθαι
1379 4730 1473 4782 καὶ
1524 4729 1719 4792 ἀταξία
1753 4727 2022 4792 ἐντεῦθεν,

446 4819 497 4871 εἰ
537 4816 611 4887 μὴ
643 4818 753 4879 τοῖς
781 4819 1116 4886 προσήκουσι
1150 4816 1362 4883 καιροῖς
1389 4812 1619 4865 ἕκαστον
1650 4810 2023 4881 ἐδημιούργει,

444 4898 562 4954 ἀλλ’
589 4898 723 4969 ὁμοῦ
751 4897 928 4950 πάντα
956 4896 1142 4966 ἐφυρε,
1170 4896 1264 4948 καὶ
1287 4897 1559 4966 γέννησιν,
1583 4894 1677 4947 καὶ
1707 4893 2021 4956 ἀνάστασιν,

444 4983 541 5037 καί
569 4982 771 5053 κρίσιν.
793 4981 991 5033 Σκόπει
1020 4979 1077 5033 δέ
1095 4998 1108 5010 ’
1129 4978 1275 5031 Ἔδει
1295 4976 1547 5045 γενέσθαι
1566 4976 1663 5047 τὴν
1684 4977 1881 5039 κτίσιν,
1907 4976 2024 5029 ἀλλ’

443 5067 544 5138 οὐχ
569 5065 704 5137 ὁμοῦ
740 5066 935 5117 πᾶσανυ
970 5064 1176 5117 καὶτὸν
1213 5062 1497 5133 ἄνθρωπον
1526 5060 1582 5113 δὲ
1620 5058 1758 5128 μετά
1788 5060 1884 5129 τῆς
1922 5076 2023 5126 γυ-

443 5151 653 5213 ναικὸς,
680 5148 796 5203 ἀλλ’
822 5147 942 5201 ούδέ
982 5147 1201 5211 τούτους
1236 5144 1391 5215 ὁμοῦ.
1430 5144 1576 5197 Ἔδει
1608 5143 1821 5213 θανάτῳ
1851 5160 2020 5195 κατα·

442 5235 766 5302 δικασθῆναι
794 5232 855 5286 16
880 5232 1037 5299 γένος
1057 5231 1165 5283 τῶν
1191 5230 1287 5283 ἀνθ
1298 5228 1512 5301 ρώπων,
1546 5228 1640 5281 καὶ
1663 5228 1760 5296 τὴν
1782 5227 1987 5281 ἀνάστα

446 5336 529 5373 σιν
559 5316 831 5387 γενέσθαι,
861 5315 998 5369 ἀλλά
1027 5314 1160 5367 πολύ
1190 5313 1249 5366 τὸ
1289 5314 1452 5383 μέσον
1480 5312 1776 5383 ἑκατέρων.
1822 5312 2020 5383 Ἐχρῆν

442 5404 661 5473 δοθῆναι
689 5402 781 5453 τὸν
806 5400 989 5469 νόμον,
1021 5398 1135 5451 ἀλλ’
1165 5398 1261 5467 οὐχ
1286 5395 1424 5467 ὁμοῦ
1452 5396 1545 5447 καὶ
1571 5395 1667 5465 τὴν
1702 5395 1880 5465 χάριν,
1906 5394 2020 5448 ἀλλ’

527 5487 551 5550 ξ
580 5485 747 5550 Savle
774 5484 852 5531 διὰ
894 5482 958 5550 Δτό
984 5481 1182 5550 More].
1217 5482 1315 5550 τῷ.
1392 5478 1636 5550 δᾼῌ-οτεί.
1672 5478 1906 5550 ’βο-ὑλεσθε
1934 5478 2020 5550 raw

444 5546 641 5595 ἐνοῦσαν
661 5545 772 5608 ἡμῖν
788 5545 1052 5608 προθυμίαν
1093 5538 1379 5608 μὴ-σϐέσαιζ
1429 5542 1452 5570 ο
1481 5540 1631 5608 Savill.
1666 5538 1814 5608 ὑμῶν.
1864 5538 1917 5608 ,ἀι
1938 5539 2021 5588 Sic

445 5610 595 5657 Savil.
646 5600 845 5655 Mbrelf
868 5600 1037 5655 vaﬂat.
1095 5600 1131 5643 ὀ
1151 5603 1302 5651 Savil.
1326 5602 1451 5650 οὕτω
1494 5602 1730 5659 κατίωμεν
1758 5602 1821 5655 εἰς
1864 5600 2013 5649 λύσιν.

443 5669 598 5719 Paulo
621 5676 731 5729 post
754 5669 901 5729 Savn.
933 5667 1053 5715 ἀλλὰ
1095 5666 1179 5729 καί
1216 5664 1443 5729 ἀλλαχοῦ.
1467 5663 1699 5729 ςιῃσὶγὰιρ
1732 5662 2017 5729 666017510-

442 5732 559 5787 στὴς
582 5722 654 5776 ὅτι
677 5729 763 5775 οὐκ
788 5728 1032 5786 ἠδύναντο.
1101 5724 1122 5762 ί
1153 5722 1425 5787 εδνίιςτὸν
1448 5725 1572 5773 Υἱόν.
1715 5722 1916 5787 οὖν-ἐστι
1956 5723 2012 5770 τὸ

444 5784 817 5854 εἰρξῐίἱοιοηεο
846 5787 1202 5854 νοεῖται-δεινῇ,
1231 5794 1284 5854 ει
1316 5784 1625 5854 Μοξειηεεςὶ
1646 5786 1695 5831 in
1718 5784 1881 5853 verbis
1904 5789 2012 5854 tgn-

441 5843 563 5901 tu'm.
634 5851 659 5889 8
682 5843 830 5898 Ξεῖἱὶ.
854 5851 975 5897 ἀλλὰ
998 5849 1043 5897 τί
1080 5850 1197 5896 ποτέ
1230 5850 1355 5895 ἐστιν
1383 5848 1496 5908 ὅπερ
1516 5847 1730 5908 ᾐνίξατο;
1752 5843 1894 5891 τοῦτο
1927 5846 2012 5908 δη-

443 5917 611 5962 λῶσαι,
681 5911 708 5949 δ
734 5912 901 5959 Morel.
939 5909 1089 5958 ταῦτα
1133 5913 1300 5959 ποιῶν.
1348 5909 1499 5960 Paulo
1520 5914 1631 5971 post
1670 5907 1818 5956 Savil.
1846 5907 2011 5961 ἀταξία

442 5979 666 6048 τίνεσθαι,
688 5981 740 6024 et
761 5986 872 6023 mux
892 5972 1069 6036 καιροῖς
1106 5972 1275 6026 πάντα.

2146 1236 2351 1292 ἕκαστα
2378 1239 2587 1308 καιροῖς
2629 1240 2742 1301 τοῖς
2775 1240 3141 1309 προσήκουσιν
3169 1239 3585 1309 οἰκονομεῖσθαι.
3634 1241 3713 1294 06

2142 1322 2321 1375 τοίνυν
2349 1326 2377 1375 6
2407 1324 2637 1393 Χριστὸς
2679 1323 2933 1376 ὑπέκειτο
2954 1326 3019 1396 τῇ
3047 1324 3157 1376 τῶν
3182 1324 3387 1394 καιρῶν
3419 1326 3435 1364 ί
3473 1326 3711 1397 ἀνάγκη,

2144 1402 2201 1466 6;
2234 1405 2327 1458 καὶ
2364 1410 2474 1469 τοῖς
2516 1410 2724 1477 καιροῖς
2770 1407 3002 1475 μάλιστα
3052 1406 3203 1471 τάξιν
3252 1407 3541 1476 ἐπέθηκεν.
3591 1410 3712 1462 ἐπεὶ

2144 1490 2238 1541 καὶ
2268 1490 2495 1559 ποιητὴς
2525 1490 2704 1543 αὐτῶν
2728 1493 2892 1544 ἐστιν.
2923 1490 3061 1543 Ἀλλ’
3091 1491 3342 1561 Ἰωάννης
3373 1492 3605 1545 ἐνταῦθα
3627 1492 3710 1556 16,

2147 1574 2320 1626 Οὔπω
2354 1574 2485 1639 ἥκει
2528 1577 2561 1642 ἠ
2595 1574 2715 1640 ὥρα
2756 1593 2896 1641 μου,
2948 1576 3152 1642 εἰσάγει
3198 1575 3290 1628 τὸν
3341 1576 3573 1644 Χριστὸν
3620 1576 3713 1629 λέ-

2142 1674 2327 1724 γοντα,
2351 1656 2565 1720 δεικνὺς
2599 1658 2704 1720 ὅτι,
2727 1656 2876 1710 οῦπω
2903 1656 3055 1728 δῆλος
3090 1653 3158 1728 ἦν
3200 1661 3310 1722 τοῖς
3353 1659 3586 1722 πολλοῖς,
3618 1660 3713 1713 καὶ

2142 1742 2222 1795 ὅτι
2251 1742 2369 1796 οὐδὲ
2392 1742 2501 1794 τῶν
2532 1742 2787 1811 μαθητῶν
2839 1742 2931 1794 τὸν
2980 1741 3139 1811 χορὸν
3182 1743 3360 1796 πάντα
3397 1740 3559 1811 εῖχεν,
3595 1744 3712 1797 ἀλλ’

2155 1825 2408 1895 Ἀνδρέας
2435 1825 2583 1895 αὐτῷ
2624 1824 2902 1894 ἠκολούθει
2941 1824 3035 1877 καὶ
3078 1825 3192 1894 μετ’
3227 1825 3391 1879 αὐτοῦ
3424 1826 3710 1894 Φίλιππος,

2140 1907 2297 1971 ἄλλος
2327 1908 2383 1961 66
2430 1907 2604 1970 οὐδείς
2637 1904 2651 1957 ἰ
2679 1925 2693 1939 ο
2743 1907 2942 1978 μᾶλλον
2974 1906 3030 1959 66
3068 1908 3187 1961 0666
3229 1901 3375 1962 οὗτοι
3404 1909 3604 1973 πάντες
3634 1910 3712 1973 ὡς

2141 1989 2306 2061 ἐχρῆν
2331 1991 2492 2045 αὐτὸν
2526 1991 2880 2059 ἐγίγνωσκον,
2908 1991 3028 2045 οὐδέ
3056 1992 3088 2060 ή
3115 1993 3315 2061 μήτηρ,
3344 1992 3463 2045 οὐδὲ
3489 1992 3538 2044 οί
3566 1991 3713 2048 ἀδελ-

2143 2075 2429 2143 φοί.Μετά
2460 2074 2569 2146 γάρ
2612 2074 2680 2128 τά
2730 2074 2899 2128 πολλὰ
2950 2074 3201 2143 θαύματα
3234 2075 3391 2128 τοῦτο
3434 2079 3563 2144 περὶ
3602 2077 3711 2130 τῶν

2141 2158 2383 2226 ἀδελφῶν
2417 2158 2618 2227 ἔφησεν
2652 2159 2679 2210 6
2724 2158 3136 2228 εὐαγγελιστὴς,
3158 2159 3239 2211 ὅτι
3271 2158 3422 2212 Οὐδὲ
3453 2163 3506 2213 οἱ
3536 2159 3713 2213 ἀδελ-

2140 2243 2239 2311 φοί
2263 2243 2447 2297 αὑτοῦ
2481 2243 2805 2297 ἐπίστευον
2847 2245 2934 2307 είς
2970 2245 3174 2296 αὐτόν.
3226 2243 3366 2296 Ἀλλ’
3394 2244 3513 2296 οὐδέ
3556 2245 3605 2295 οἰ
3652 2245 3710 2297 ἐν

2138 2326 2217 2396 τῷ
2240 2327 2404 2397 γάμῳ
2433 2326 2594 2380 αὐτὸν
2627 2326 2863 2396 ᾔδεισαν·
2894 2322 2928 2395 ἦ
2988 2326 3096 2396 γὰρ
3124 2328 3189 2379 ἂν
3230 2327 3383 2379 αὐτοὶ
3408 2326 3711 2397 προσῆλθον

2139 2412 2233 2464 καὶ
2265 2411 2666 2481 παρεκάλεσαν,
2702 2412 2759 2463 ἐν
2800 2410 2959 2479 χρεία
3001 2409 3386 2471 καταστάντες.
3419 2410 3515 2461 Διά
3552 2409 3708 2463 τοῦτό

2139 2513 2321 2565 φησιν’
2354 2495 2574 2548 Οὔπωιι
2598 2495 2728 2560 ἣκει
2763 2494 2801 2558 ἢ
2831 2492 2952 2560 ὥρα
2981 2510 3121 2561 μου.
3164 2493 3389 2545 υύδέπω
3437 2492 3707 2563 γνώριμός

2137 2580 2251 2648 είμι
2276 2582 2399 2641 τοῖς
2418 2578 2700 2649 παροῦσιν,
2733 2577 2849 2631 ἀλλ’
2885 2576 3003 2629 οὐδέ
3036 2576 3212 2628 ίσασιν
3238 2577 3319 2628 ὅτι
3359 2576 3653 2646 ὑστέρησεν
3676 2579 3707 2630 6

2135 2659 2293 2724 οἶνος.
2331 2662 2530 2714 Ἔασον
2556 2660 2748 2723 αὐτοὺς
2781 2659 3060 2712 αἰσθέσθαι
3092 2657 3249 2711 τοῦτο
3293 2657 3526 2730 πρῶτον.
3572 2657 3705 2711 Οὐδὲ

2135 2744 2241 2814 γὰρ
2271 2742 2421 2815 παρά
2458 2743 2550 2796 σοῦ
2581 2744 2755 2797 ταῦτά
2784 2760 2851 2812 με
2882 2742 3101 2795 ἀκούειν
3127 2742 3313 2812 ἐχρῆν.
3359 2743 3557 2812 Μήτηρ
3595 2742 3706 2812 γὰρ

2136 2824 2207 2889 εἰ,
2234 2829 2328 2880 καὶ
2369 2827 2428 2879 16
2473 2826 2657 2895 θαῦμα
2708 2825 2949 2878 ὕποπτον
2998 2828 3190 2888 ποιεῖς.
3247 2825 3440 2895 Ἐχρῆν
3471 2824 3526 2876 δέ
3576 2825 3706 2887 τοὺς

2133 2910 2419 2981 δεομένους
2453 2908 2791 2981 προσελθεῖν,
2819 2909 2913 2962 καί
2943 2908 3217 2977 δεηθῆναι,
3251 2907 3350 2960 οὐκ
3384 2906 3566 2976 ἐπειδὴ
3590 2905 3707 2960 106-

2134 3010 2224 3045 του
2256 2992 2459 3063 χρῄζω,
2490 2992 2605 3045 ἀλλ’
2634 2993 2718 3045 ἵνα
2753 2992 2906 3044 αὐτοὶ
2939 2991 3000 3044 16
3028 2990 3308 3061 γινόμενον
3340 2990 3476 3060 μετὰ
3505 2989 3704 3059 πολλῆς

2133 3075 2387 3142 δέξωνται
2431 3076 2532 3144 τῆς
2584 3073 3049 3143 συγκαταθέσεως.
3090 3072 3148 3126 Ὀ
3182 3073 3277 3144 μὲν
3306 3074 3415 3143 γάρ
3447 3072 3598 3135 εἰδὼς
3622 3073 3703 3127 ὅτι

2133 3159 2191 3211 ἐν
2221 3158 2378 3229 χρείᾳ
2426 3158 2784 3227 καθέστηκεν,
2827 3156 3042 3209 ἐπειδὰν
3072 3157 3211 3228 τύχῃ
3259 3149 3443 3225 ὧνπερ
3484 3158 3624 3208 αἰτεῖ
3656 3153 3699 3219 1,

2132 3242 2332 3313 πολλὴν
2368 3243 2480 3314 ἔχει
2524 3243 2621 3305 τὴν
2673 3242 2865 3311 χάριν
2914 3244 2940 3295 6
2980 3240 3037 3292 66
3068 3240 3166 3309 τῆς
3206 3239 3392 3309 χρείας
3426 3238 3499 3308 μὴ
3524 3238 3702 3291 λαϐὼν

2131 3326 2402 3395 αἴσθησιν,
2431 3326 2551 3379 οὐδὲ
2594 3326 2691 3395 τῆς
2736 3323 2883 3395 [H7]
2932 3323 3249 3390 εὐεργεσίας
3282 3322 3422 3389 σαφῆ
3453 3322 3546 3375 καὶ
3570 3338 3705 3390 τραο

2132 3410 2227 3477 νὴν
2245 3410 2492 3479 αἰσθησιν
2514 3408 2763 3477 λήψεται.
2780 3408 2889 3460 Καὶ
2910 3406 3073 3467 τίνος,
3098 3405 3282 3474 φησὶν,
3306 3405 3490 3457 ’ἐνεκεν
3511 3402 3701 3467 εἰπὼν,

2134 3492 2308 3545 Οὔπω
2344 3492 2473 3559 ἥκει
2499 3492 2537 3559 ἡ
2568 3489 2688 3559 ὥρα
2715 3507 2856 3559 μου,
2887 3489 2981 3542 καὶ
3010 3482 3505 3558 παραιτησάμενος,
3537 3486 3705 3556 ἐπρα-

2131 3575 2218 3641 ξεν
2251 3576 2389 3646 ὅπερ
2434 3569 2585 3626 εἶπεν
2634 3574 2667 3643 ἡ
2717 3575 2932 3643 μήτηρς
2977 3571 3225 3625 Μάλιστα
3268 3571 3385 3640 μὲν,
3434 3568 3573 3621 ὥστε
3608 3568 3702 3622 καλ⁵

2128 3660 2243 3720 τοῖς
2269 3656 2628 3724 ἀντιλέγουσι,
2662 3657 2754 3710 καὶ
2774 3655 2890 3726 ὥρᾳ
2916 3653 3076 3708 αὐτὸν
3110 3652 3428 3706 ὑποκεῖσθαι
3456 3651 3705 3721 νομίζου-

2134 3758 2235 3803 σιν,
2285 3739 2473 3811 ίκανήν
2513 3738 2767 3806 γενέσθαι
2805 3737 3077 3802 ἀπόδειξιν
3116 3736 3209 3789 τοῦ
3260 3736 3333 3807 μὴ
3387 3735 3703 3789 ὑποκεῖσθαι

2130 3824 2290 3877 αὐτὸν
2322 3824 2461 3894 ὥρᾳ.
2491 3824 2553 3876 Εἰ
2580 3822 2686 3892 γὰρ
2718 3822 2995 3884 ὑπέκειτο,
3028 3821 3146 3884 πῶς
3179 3821 3243 3874 ἂν
3272 3821 3371 3889 τῆς
3403 3818 3704 3888 προσηκούο

2132 3924 2230 3978 σης
2262 3906 2410 3976 ὥρας
2438 3905 2511 3976 μὴ
2540 3904 2989 3977 παραγενομένης
3018 3902 3249 3973 ἔπραξεν
3281 3903 3346 3957 ἂν
3373 3903 3509 3972 ὅπερ
3540 3903 3705 3971 61:90-

2132 3990 2253 4054 ξεν;
2286 3989 2515 4043 Ἔπειτα
2548 3988 2603 4041 δέ
2632 3990 2726 4041 καὶ
2762 3987 2939 4057 τιμῶν
2965 3986 3063 4057 τήν
3092 3986 3322 4057 μητέρα,
3354 3985 3441 4038 ῖνα
3478 3986 3552 4055 μὴ
3586 3986 3704 4038 δια-

2130 4072 2329 4135 παντὸς
2357 4071 2655 4139 ἀντιλέγειν
2683 4072 2819 4142 αὐτῇ
2850 4069 2997 4141 δόξῃ,
3025 4070 3112 4122 ἵνα
3141 4069 3215 4140 μὴ
3251 4068 3535 4132 ἀσθενείας
3562 4067 3701 4140 λάδῃ

2127 4154 2304 4219 δόξαν,
2332 4156 2418 4208 ἵνα
2438 4154 2512 4225 μὴ
2532 4154 2763 4225 αἰσχύνῃ
2787 4154 2885 4223 τὴν
2907 4151 3191 4213 τεκοῦσαν,
3215 4152 3493 4221 παρόντων
3515 4150 3703 4204 τοσού-

2127 4253 2271 4292 των’
2336 4240 2430 4292 καὶ
2492 4240 2599 4309 γὰρ
2642 4238 2994 4308 προσήγαγεν
3039 4235 3189 4305 αὐτῷ
3228 4235 3352 4298 τοὺς
3398 4235 3699 4297 διακόνους.

2140 4321 2291 4374 Ἐπεὶ
2311 4322 2405 4375 καὶ
2426 4324 2493 4392 τῇ
2521 4321 2799 4391 Χαναναία
2826 4319 3021 4387 λέγων,
3050 4320 3170 4372 Οὐκ
3199 4318 3329 4372 ἐστι
3369 4318 3560 4372 καλὸν
3591 4321 3701 4371 λα-

2127 4405 2252 4459 ϐεῖν
2282 4405 2389 4457 τὸν
2419 4404 2600 4472 ἄρτον
2638 4401 2757 4456 τῶν
2783 4402 3030 4465 τέκνων,
3068 4401 3163 4454 καὶ
3197 4400 3405 4454 δοῦναι
3434 4401 3558 4465 τοῖς
3594 4417 3704 4455 κυ-

2124 4491 2373 4556 ναρίοις,
2399 4487 2567 4540 ἔδωκε
2597 4485 2733 4556 μετά
2766 4486 2825 4539 16
2857 4487 3050 4546 εἰπεῖν,
3088 4484 3187 4554 τὴν
3223 4484 3571 4555 προσεδρείαν
3601 4484 3700 4536 αὑ-

2123 4574 2223 4643 τῆς
2260 4570 2545 4633 αἰδεσθείς.
2604 4570 2798 4622 Καίτοι
2835 4586 2898 4636 γε
2944 4570 3059 4639 μετ’
3100 4568 3307 4620 ἐκείνου
3336 4579 3375 4606 ω
3425 4567 3702 4621 καὶτοῦτο

2124 4652 2299 4718 εἶπεν,
2327 4656 2409 4708 ὅτι
2446 4657 2566 4711 Οὐκ
2597 4652 2975 4720 ἀπεστάλην,
3010 4653 3064 4705 εἰ
3102 4650 3188 4718 μὴ
3216 4650 3407 4715 είςτὰ
3439 4652 3702 4717 πρόϐατα

2122 4739 2195 4792 τὰ
2222 4738 2579 4793 ἀπολωλότα
2603 4736 2772 4790 οἴκου
2802 4735 3058 4802 Ἰσραήλ·
3094 4732 3210 4785 ἀλλ’
3237 4733 3387 4801 ὅμως
3410 4735 3500 4785 καὶ
3528 4732 3700 4786 ταῦτα

2123 4821 2311 4882 εἰπὼν,
2346 4820 2680 4891 ἐθεράπευσε
2711 4820 2772 4871 16
2807 4818 3095 4887 θυγάτριον
3120 4816 3217 4885 τῆς
3247 4816 3522 4883 γυναικός.

2194 4903 2259 4971 β’.
2301 4903 2577 4955 Ἐντεῦθεν
2624 4901 2987 4971 μανθάνομεν,
3024 4902 3105 4953 ὅτι
3148 4899 3251 4951 κᾶν
3286 4899 3493 4961 ἀνάξιοι
3526 4892 3697 4969 ὦμεν,

2124 4986 2380 5049 πολλάκις
2410 4988 2473 5056 τῇ
2510 4985 2833 5056 προσεδρείᾳ
2864 4983 3123 5051 ποιοῦμεν
3149 4981 3329 5047 ἀξίους
3360 4983 3583 5045 ἐαυτοὺς
3603 4981 3697 5035 τοῦ

2124 5071 2324 5124 λαϐεῖν.
2359 5069 2456 5122 Διά
2495 5069 2653 5122 τοῦτο
2691 5068 2787 5120 καὶ
2829 5068 2862 5136 ἡ
2914 5067 3097 5136 μήτηρ
3130 5065 3222 5116 καλ¹
3258 5064 3552 5132 παρέμενε,
3604 5064 3698 5117 καὶ⁵

2124 5154 2301 5221 σοφῶς
2324 5161 2352 5188 η
2385 5154 2509 5215 τοὺς
2532 5150 2809 5212 διακόνους
2841 5149 3132 5220 προσῆγεν,
3164 5146 3301 5199 ὥστε
3337 5145 3483 5215 παρά
3516 5146 3696 5199 πλειό-

2121 5254 2227 5291 νων
2256 5235 2511 5304 γενέσθαι
2550 5234 2647 5305 τὴν
2678 5234 2909 5302 αἴτησιν.
2956 5230 3053 5283 Διά
3084 5228 3243 5281 τοῦτο
3272 5230 3363 5281 καὶ
3391 5229 3695 5300 προσέθηκε

2118 5322 2198 5385 16,
2222 5320 2285 5371 "0
2332 5336 2388 5371 τι
2435 5318 2510 5371 ἂν
2557 5316 2706 5383 λέγῃ
2747 5315 2910 5384 ὑμῖν,
2937 5311 3247 5377 ποιήσατε.
3277 5313 3429 5383 ᾜδει
3472 5313 3579 5384 γάρ
3612 5313 3693 5365 ὅτι

2118 5405 2217 5457 οὐκ
2246 5402 2528 5462 ἀσθενείας
2577 5401 2609 5469 ή
2644 5399 2973 5467 παραίτησις
3019 5391 3107 5465 ῆν,
3144 5394 3278 5447 ἀλλά
3312 5394 3405 5447 τοῦ
3444 5395 3692 5464 ἀκομπά-

2120 5504 2268 5548 στου,
2301 5485 2394 5537 καὶ
2430 5481 2526 5536 τοῦ
2569 5483 2643 5553 μὴ
2692 5480 2839 5544 δόξαι
2889 5478 3076 5541 ἁπλῶς
3118 5477 3463 5549 ὲπιρῤίπτειν
3504 5476 3691 5529 ἑαυτὸν

2182 5590 2198 5627 ι
2232 5590 2322 5638 Hic
2343 5589 2492 5636 multa
2521 5587 2728 5634 deerant
2750 5587 2798 5633 in
2828 5584 2945 5631 Mor.
2973 5597 3081 5644 qua
3106 5596 3169 5631 ex
3203 5583 3353 5631 Savil.
3379 5582 3670 5644 supplentur

2115 5653 2269 5719 Paulo
2290 5657 2417 5719 Pust
2470 5650 2593 5719 Sav:
2626 5642 3004 5719 ἀνάγκῃ,¹ἀλλὰ“
3035 5644 3347 5719 10701010072;
3392 5642 3569 5719 (αὐτὸς)
3608 5642 3691 5690 καὶ

2114 5715 2257 5767 τάξιν.
2290 5702 2353 5759 Et
2395 5724 2502 5759 mox
2541 5710 2696 5756 αὐτῶν
2727 5702 2879 5761 ἀὑτός
2924 5707 3068 5752 ἐστιν.
3092 5706 3175 5753 Διὸ
3204 5702 3283 5751 καὶ
3310 5702 3685 5767 ένταῦθάᾲοησιν.

2121 5776 2134 5825 i
2187 5765 2359 5822 Morel.
2410 5772 2509 5831 μετ’
2552 5768 2757 5817 αὐτοῦ...
2804 5770 2855 5816 δὲ
2892 5768 3111 5831 οὐδαμῶς
3149 5768 3267 5831 οὐδὲ.
3300 5766 3427 5831 εἰς.--
3466 5765 3686 5831 ιι-Μθτρι.

2114 5826 2517 5885 καταστάντεεΧῸ
2542 5830 2621 5877 οὖν
2640 5832 2761 5890 λέγει
2786 5831 2862 5877 διὰ
2887 5828 2990 5887 τοῦ,
3016 5826 3181 5876 Οὔπω.
3256 5827 3268 5865 Ι
3300 5826 3447 5875 ςενὶι.
3466 5828 3581 5885 τύχῃ
3605 5832 3690 5890 τῆς

2117 5897 2346 5959 βοηθείας.
2414 5905 2447 5959 τέ
2475 5888 2736 5959 Μία-Ματρί.
2768 5892 2878 5959 Say.
2906 5891 3057 5959 ἔδωκε
3095 5891 3174 5938 τὸν
3198 5890 3397 5953 ἄρτον...
3444 5890 3542 5949 μετ’
3564 5888 3689 5936 ἐκεί-

2114 5951 2208 6011 νονζ
2278 5958 2483 6018 ι’Σαφῶς
2518 5953 2685 6002 Morel.
2722 5955 2882 6009 00:6);
2905 5951 3054 6001 Savll.
