4094 6370
330 554 463 607 deret
490 550 623 603 diem
646 562 809 599 meum
834 559 851 607 ;
876 551 921 596 et
962 541 1103 603 uidit,
1128 547 1172 593 et
1198 535 1400 609 gavisus
1417 542 1490 587 est
1516 531 1695 601 (Joan.
1713 529 1761 583 8.
1794 526 1908 600 56).

328 646 392 699 Et
417 642 613 709 ubique
656 638 903 689 virtutem
934 645 1156 685 avorum
1189 644 1294 681 non
1324 624 1388 678 ad
1425 623 1639 676 laudum
1675 661 1689 684 ,
1722 618 1815 673 sed
1843 617 1909 670 ad

326 735 581 804 majorem
610 727 1002 783 accusationem
1046 721 1340 792 proferunt.
1373 717 1498 771 [hec
1527 730 1649 770 cum
1679 713 1912 767 sciamus

323 841 375 883 et
406 841 523 889 nos,
560 823 689 879 nihil
720 836 824 875 nou
855 832 1094 887 agamus,
1130 823 1187 867 ut
1214 828 1305 882 per
1336 808 1550 880 propria
1575 820 1737 876 opera
1765 804 1910 858 salu-

325 932 431 974 tem
458 928 713 983 consequi
744 911 1010 981 possimus
1033 947 1049 969 ,
1084 921 1149 959 ne
1176 906 1373 956 frustra
1406 901 1458 954 in
1490 899 1718 952 aliorum
1744 893 1912 964 gestis

324 1024 475 1078 spem
505 1006 763 1060 habentes
788 1044 803 1067 ,
847 1010 973 1055 tunc
998 997 1266 1051 discamus
1295 1007 1393 1046 nos
1420 990 1673 1058 deceptos
1702 986 1864 1039 fuisse
1893 1024 1908 1048 ,

321 1116 446 1155 eum
470 1098 624 1152 nobis
652 1097 765 1149 haec
791 1092 977 1147 notitia
1008 1088 1139 1143 nihil
1160 1084 1415 1157 proderit.
1436 1082 1569 1136 Nam
1594 1079 1661 1133 In
1685 1080 1908 1148 inferno,

1390 418 1453 474 IN
1492 412 1806 473 JOANNEM
1845 410 2078 468 llOMlL.
2114 409 2280 466 XXI].
2322 410 2394 464 al.
2436 407 2578 465 XXI.

3503 403 3604 459 {Si

2022 528 2213 596 inquit,
2240 527 2352 597 quis
2380 526 2694 595 conﬁtebitur
2713 524 2800 578 tibi
2828 522 2997 595 (Psal.
3020 521 3071 578 6.
3104 520 3200 595 6)?
3221 520 3317 576 Hic
3344 534 3606 590 ergopw-
3642 509 3649 525 ⁷

2016 618 2293 673 nitentiatn
2335 632 2555 687 agamus
2587 659 2602 682 ,
2646 625 2704 670 ut
2742 625 2939 670 interna
2990 629 3383 682 consequamur
3413 612 3549 666 bona
3585 650 3601 673 ,

2020 725 2139 780 quae
2170 725 2265 762 nos
2288 723 2476 762 onmes
2505 708 2736 761 nancisci
2771 708 3063 774 contingat,
3091 706 3258 775 gratia
3289 711 3342 758 et
3371 703 3603 771 benigni-

2021 809 2129 854 tate
2163 800 2369 854 Domini
2402 801 2568 853 nostri
2606 798 2734 853 Jesu
2773 797 2972 851 Christi
3001 838 3015 861 ,
3069 814 3163 866 per
3192 812 3350 864 quem
3382 804 3436 849 et
3480 808 3602 847 cum

2021 906 2127 961 quo
2183 891 2322 945 Patri
2379 890 2546 961 gloria
2591 900 2645 944 et
2696 890 3015 959 imperium,
3060 888 3324 957 simulque
3377 884 3602 956 Spiritui

2020 992 2223 1048 sancto,
2251 983 2302 1036 iu
2325 983 2518 1037 saecula
2544 982 2885 1038 szeculorum.
2916 984 3110 1036 Amen.

326 1199 3608 1251 ________________________________________.._

1718 1289 2069 1353 HOMILIA
2112 1286 2322 1347 XXII.

399 1458 533 1524 Quid
561 1454 683 1507 mihi
712 1462 758 1507 et
781 1452 867 1505 tibi
894 1449 1110 1505 mulier?
1136 1445 1382 1501 Nondum
1401 1445 1532 1498 venit
1553 1442 1679 1496 hora
1707 1455 1838 1494 mea.

398 1572 451 1624 1.
482 1570 574 1623 Est
601 1566 814 1637 quidam
846 1565 898 1618 in
937 1560 1303 1617 concionando
1330 1559 1500 1622 labor,
1541 1553 1681 1624 quod
1717 1551 1911 1608 Paulus

326 1661 412 1717 his
439 1661 617 1715 verbis
649 1666 874 1712 testatur
904 1673 919 1706 :
954 1655 1054 1722 Qui
1093 1653 1215 1707 bene
1252 1658 1473 1723 praesunt
1500 1645 1791 1717 presbyteri,
1820 1643 1915 1696 du-

327 1756 447 1826 plici
483 1756 672 1807 honore
699 1752 840 1822 digni
866 1748 1143 1803 habeantur
1171 1762 1189 1799 :
1224 1733 1441 1798 maxime
1476 1741 1563 1812 qui
1593 1740 1819 1793 laborant
1860 1736 1913 1789 in

325 1850 472 1901 verba
497 1857 541 1899 et
570 1845 801 1898 doctrina
817 1842 889 1915 (l.
918 1840 1047 1895 Tim.
1077 1839 1261 1906 5.17).
1286 1839 1353 1890 At
1378 1848 1541 1904 penes
1561 1845 1657 1884 vos
1675 1838 1754 1884 est
1772 1829 1914 1881 hunc

328 1940 563 1994 laborem
595 1936 680 1990 vel
703 1936 875 1990 levem
897 1933 978 1987 vel
1017 1945 1232 2001 gravem
1261 1926 1505 1982 reddere.
1542 1923 1672 1977 Nam
1703 1920 1747 1973 si
1773 1918 1912 1973 dicta

326 2031 610 2100 respuatis,
643 2027 725 2081 vel
756 2040 865 2080 non
892 2032 1223 2092 respuentes.
1253 2018 1504 2086 operibus
1531 2030 1637 2069 non
1667 2011 1914 2066 exhibue-

327 2123 463 2184 ritis,
487 2121 664 2190 gravis
690 2118 846 2172 nobis
872 2116 1022 2169 labor
1045 2113 1166 2173 erit,
1197 2110 1334 2182 quod
1358 2109 1550 2164 frustra
1574 2106 1909 2166 laboremus;

327 2215 409 2269 sin
440 2212 745 2277 attendatis,
775 2219 830 2265 et
864 2208 1040 2263 audita
1084 2203 1469 2273 exsequamini,
1511 2200 1719 2255 sudoris
1756 2197 1913 2265 hujus

327 2322 395 2360 ne
425 2319 644 2359 sensum
674 2301 888 2372 quidem
921 2297 1277 2368 percipiemus
1303 2313 1316 2347 :
1340 2293 1538 2347 fructus
1562 2291 1701 2345 enim
1731 2289 1914 2342 labore

328 2408 509 2466 partus
551 2410 657 2448 non
705 2393 846 2447 sinet
880 2391 1117 2443 laborem
1167 2401 1381 2457 gravem
1431 2383 1619 2437 videri.
1657 2382 1835 2449 Itaque
1866 2378 1909 2431 si

327 2489 488 2542 vultis
512 2486 747 2541 studium
777 2491 1018 2537 nostrum
1042 2479 1298 2541 excitare,
1332 2490 1434 2529 non
1468 2474 1804 2541 exstinguere
1827 2470 1911 2523 vel

328 2584 587 2644 minuere,
636 2579 887 2636 fructum,
934 2587 1136 2644 qureso,
1168 2570 1417 2627 exhibete
1462 2567 1636 2630 nobis,
1666 2574 1724 2617 ut
1765 2564 1914 2616 laetas

327 2682 532 2742 sagctes
558 2670 822 2732 videntes,
846 2682 942 2735 spe
973 2666 1050 2720 rei
1073 2664 1210 2718 bene
1227 2660 1473 2732 gerenda:
1496 2658 1607 2712 fulti
1629 2665 1683 2711 et
1703 2656 1913 2710 divitias

327 2775 538 2819 nostras
566 2764 582 2794 ¹
610 2769 1004 2830 computantes,
1038 2774 1104 2812 ne
1130 2766 1434 2827 torpeamus
1461 2754 1511 2807 in
1536 2752 1635 2805 hac
1665 2760 1769 2803 tam
1803 2749 1916 2803 fau-

325 2868 408 2910 sta
431 2853 814 2923 negotiatione.
836 2850 1021 2920 Neque
1044 2849 1185 2903 enim
1214 2862 1371 2916 parva
1399 2844 1555 2899 nobis
1591 2841 1748 2896 hodie
1787 2854 1912 2909 pro-

324 2949 541 3019 ponitur
561 2945 807 3015 quzeslio.
837 2944 1003 2997 Matre
1030 2956 1259 3009 namque
1297 2938 1424 2994 Jesu
1453 2938 1687 2999 dicente,
1725 2933 1914 2989 Vinum

325 3058 428 3093 non
453 3040 671 3103 habent;
698 3053 816 3091 cum
849 3034 1216 3105 respondisset
1248 3032 1513 3096 Christus,
1555 3028 1692 3094 Quid
1719 3028 1842 3081 mihi
1868 3036 1916 3080 et

325 3131 413 3184 tibi
437 3141 529 3191 est,
562 3129 785 3183 mulier?
814 3126 1058 3180 Nondum
1083 3126 1215 3178 venit
1243 3124 1369 3176 hora
1394 3139 1542 3184 mea;
1572 3135 1692 3174 cum
1723 3119 1796 3181 id,
1826 3118 1913 3172 in-

324 3238 505 3292 quam,
535 3219 919 3289 respondisset,
951 3216 1091 3288 quod
1118 3216 1327 3269 volebat
1358 3224 1527 3267 mater
1564 3212 1758 3267 elTecit.
1789 3210 1915 3264 [huc

328 3329 433 3367 non
462 3313 637 3366 minor
663 3312 837 3379 priore
866 3309 1087 3377 quzestio
1114 3316 1214 3362 est.
1248 3306 1342 3359 Illo
1370 3306 1527 3375 igitur
1556 3306 1802 3359 invocato
1824 3304 1914 3373 qui

328 3406 430 3459 hoc
456 3406 772 3458 miraculum
804 3411 1053 3469 operatus
1081 3411 1183 3467 est,
1217 3400 1295 3452 sic
1331 3398 1396 3451 ad
1440 3398 1759 3451 Solutionem
1788 3410 1914 3464 pro-

327 3512 597 3565 peremus.
632 3495 746 3548 Non
778 3494 861 3547 hic
883 3495 1053 3546 solum
1083 3502 1261 3545 autem
1295 3489 1395 3543 hoc
1421 3490 1616 3543 dictum
1647 3489 1911 3552 occurrit;

327 3587 443 3655 ipse
470 3602 700 3652 namque
721 3585 1045 3653 evangelista
1078 3583 1129 3635 in
1152 3581 1492 3650 sequentibus
1508 3580 1653 3642 dicit,
1682 3579 1795 3633 Non
1826 3594 1919 3647 po-

329 3689 545 3733 tuerunt
566 3695 688 3732 eum
718 3675 1141 3745 apprehendere,
1175 3674 1309 3740 Quia
1333 3673 1555 3725 nondum
1576 3681 1772 3726 venerat
1793 3672 1919 3724 hora

329 3773 440 3839 ejus
479 3768 659 3836 (Joan.
704 3769 756 3823 8.
799 3768 891 3831 20)
920 3785 931 3818 :
960 3776 1014 3821 et
1052 3768 1265 3829 iterum,
1318 3763 1483 3817 Nemo
1521 3765 1654 3816 misit
1692 3765 1743 3816 in
1774 3764 1918 3816 illum

329 3878 530 3923 "ianus,
566 3862 685 3929 quia
716 3859 941 3912 nondum
982 3866 1180 3911 venerat
1210 3858 1335 3909 hora
1362 3858 1470 3925 ejus
1501 3854 1662 3924 (Ibid.
1704 3856 1752 3908 7.
1787 3854 1875 3922 50)
1901 3870 1916 3909 :

331 3967 397 4005 ac
423 3966 657 4010 rursum.
701 3948 842 4004 Venit
888 3951 1012 4002 hora
1034 3965 1053 4002 :
1080 3948 1311 4018 gloriﬁca
1344 3946 1535 4000 Filium
1577 3956 1717 3999 tuum
1755 3945 1917 4013 (Ibid.

332 4044 423 4098 ΓΙ.
466 4044 543 4109 1).
580 4041 705 4096 Hzec
731 4042 906 4093 omnia
944 4056 1038 4109 per
1066 4048 1238 4093 totum
1270 4038 1614 4107 Evangelium
1660 4038 1798 4091 dicta
1838 4037 1923 4093 hic

332 4135 543 4204 collegi,
578 4143 635 4187 ut
664 4149 821 4187 unam
857 4132 1105 4185 omnibus
1133 4132 1452 4184 solutionem
1490 4131 1727 4183 afferam.
1768 4131 1925 4195 Quaa-

336 4241 457 4279 nam
488 4235 567 4278 est
594 4226 679 4278 illa
706 4224 939 4278 solutio?
964 4221 1078 4276 Non
1124 4231 1424 4289 temporum
1465 4221 1769 4275 necessitati
1799 4221 1926 4274 sub-

339 4318 509 4387 jectus
539 4326 649 4370 erat
681 4314 944 4377 Christus,
980 4330 1151 4381 neque
1183 4312 1340 4365 horas
1369 4312 1657 4365 observans
1692 4311 1922 4377 dicebat,

337 4409 587 4466 Nondum
610 4409 739 4462 venit
769 4411 895 4460 hora
921 4423 1030 4459 mea
1057 4422 1075 4460 :
1099 4408 1186 4471 (an
1214 4404 1264 4457 id
1285 4403 1595 4457 observaret
1627 4413 1924 4471 temporum

338 4500 552 4569 Opifex,
582 4514 844 4552 annormn
876 4507 929 4551 et
953 4496 1270 4549 surculorum
1295 4494 1519 4548 Creator
1539 4494 1598 4563 ?)
1626 4510 1809 4547 verum
1832 4510 1929 4564 per

339 4592 457 4644 haec
495 4590 635 4643 dicta
666 4591 763 4642 hoc
796 4589 905 4642 vult
934 4587 1274 4654 signiﬁcare”,
1313 4599 1372 4639 se
1400 4583 1578 4638 omnia
1616 4584 1928 4653 congruenti

342 4692 586 4751 tempore
617 4681 845 4749 cpt-rari,
894 4695 993 4733 nec
1035 4679 1189 4732 simul
1242 4677 1419 4731 facere
1466 4692 1531 4730 ne
1581 4677 1705 4731 hinc
1749 4693 1927 4732 rerum

346 4774 476 4827 ordo
502 4771 830 4835 turbaretur,
871 4771 913 4823 si
955 4786 1059 4823 non
1106 4780 1406 4839 Opportuno
1448 4777 1688 4837 tempore
1725 4769 1929 4838 singula

345 4865 547 4928 ederet,
574 4863 669 4916 sed
699 4863 877 4914 omnia
914 4861 1068 4915 simul
1101 4861 1369 4924 misceret,
1396 4860 1815 4929 generationem,
1847 4875 1934 4915 re-

348 4958 762 5019 surrectionem,
786 4954 1062 5023 judicium.
1104 4953 1201 5006 Hic
1244 4953 1477 5005 animum
1509 4952 1701 5005 adhibe
1732 4969 1744 5005 :
1778 4966 1935 5021 opor-

350 5048 769 5101 tuitcreattn-am
799 5046 992 5106 facere,
1024 5044 1117 5098 sed
1150 5060 1253 5096 non
1287 5057 1500 5095 omnem
1540 5044 1723 5105 simul;
1767 5041 1937 5095 homi-

352 5157 469 5192 nent
488 5147 543 5191 et
564 5139 868 5196 mulierem,
900 5135 992 5188 sed
1022 5152 1124 5187 non
1150 5149 1249 5187 una
1272 5134 1474 5187 ambos.
1497 5131 1745 5200 Oportuit
1767 5141 1938 5187 morte

352 5233 593 5286 damnari
634 5230 925 5283 humanum
967 5226 1152 5296 genus,
1186 5236 1239 5281 et
1291 5226 1735 5279 resurrectionem
1781 5224 1935 5287 ﬁeri;

354 5325 445 5379 sed
476 5324 703 5376 multum
736 5323 871 5374 inter
912 5330 1196 5386 utrumque
1240 5317 1573 5370 intervallum
1605 5324 1738 5369 erat.
1765 5313 1939 5383 Opor-

359 5417 454 5469 tuit
478 5414 593 5467 dari
628 5414 822 5482 legem,
856 5410 949 5463 sed
982 5424 1084 5462 non
1117 5409 1271 5462 simul
1308 5406 1532 5476 gratiam
1569 5424 1583 5460 :
1618 5421 1800 5459 verum
1828 5405 1942 5458 sin-

360 5508 475 5576 gula
505 5507 619 5560 suis
650 5503 982 5573 temporibus
1008 5501 1381 5571 dispensanda.
1423 5498 1537 5553 Non
1577 5499 1793 5552 suberat
1817 5511 1944 5566 ergo

362 5599 602 5653 Christus
649 5608 952 5664 temporum
996 5593 1321 5659 necessitati,
1370 5602 1427 5646 ut
1477 5592 1565 5661 qui
1617 5590 1944 5661 temporibus

427 5730 445 5760 ι
479 5726 617 5778 savil.
643 5726 793 5789 legit,
818 5732 1032 5785 vestras;
1055 5725 1216 5774 minus
1233 5730 1393 5789 recte.

425 5791 446 5823 ¹
484 5800 587 5838 rost
610 5782 765 5839 verba
782 5782 921 5836 inter
945 5782 1265 5849 ptuientheses
1292 5785 1503 5849 inclusa,
1522 5783 1755 5849 sichath
1783 5782 1945 5844 Savil.,

373 5852 448 5901 mi
471 5853 585 5915 quid
610 5858 681 5903 est
703 5851 835 5909 quod
859 5845 1173 5900 subindicau‘t
1189 5848 1213 5899 ε)
1235 5849 1323 5898 hoc
1345 5846 1440 5898 vult
1463 5845 1693 5909 significa:
1708 5860 1753 5896 c.

2023 1448 2176 1487 suum
2203 1434 2444 1489 ordinem
2474 1435 2869 1504 assignavisset,
2914 1450 3099 1490 eorum
3141 1449 3334 1504 nempe
3369 1444 3603 1491 creator.

2017 1525 2119 1581 Sed
2147 1527 2377 1582 Joannes
2404 1528 2490 1582 hic
2518 1528 2787 1583 Christum
2813 1528 3076 1583 dicentem
3102 1527 3323 1593 inducit,
3354 1527 3604 1605 Nondum

2017 1621 2149 1675 venit
2175 1621 2301 1674 hora
2318 1639 2448 1684 mea,
2470 1621 2761 1676 ostendens
2782 1622 2951 1690 ipsum
2980 1620 3213 1675 nondum
3233 1630 3415 1676 notum
3440 1620 3604 1675 fuisse

2019 1714 2221 1775 multis,
2256 1729 2429 1783 neque
2460 1722 2625 1768 totum
2652 1713 3033 1784 discipulorum
3060 1713 3279 1768 chorum
3311 1713 3601 1776 habuisse:

2017 1805 2112 1859 sed
2141 1807 2379 1861 Andreas
2407 1823 2529 1861 eum
2551 1806 2871 1876 sequebatur
2884 1822 3005 1861 cum
3033 1807 3300 1878 Philippo,
3322 1806 3604 1878 nullusque

2017 1897 2157 1951 alius
2179 1899 2195 1929 ί
2222 1915 2234 1950 :
2262 1898 2368 1951 imo
2394 1913 2521 1954 vero
2543 1913 2718 1968 neque
2756 1898 2808 1953 hi
2840 1914 3027 1954 omnes
3055 1899 3225 1967 ipsum
3267 1899 3339 1952 uti
3366 1914 3461 1968 par
3488 1905 3607 1953 erat

2017 1988 2430 2057 cognoscebant,
2464 2004 2638 2059 neque
2661 1998 2832 2044 mater
2863 1990 2996 2058 ipsa,
3026 2005 3197 2059 neque
3225 1988 3438 2044 fratres.
3469 1988 3605 2044 Nam

2016 2088 2139 2149 post
2169 2080 2330 2133 multa
2354 2080 2494 2134 edita
2542 2082 2796 2136 miracula
2822 2080 2889 2136 de
2918 2080 3172 2135 fratribus
3199 2079 3330 2135 dicit
3368 2095 3604 2151 evange-

2018 2169 2157 2232 lista,
2208 2168 2386 2239 Neque
2413 2176 2595 2240 fratres
2638 2172 2748 2243 ejus
2784 2172 3051 2226 credebant
3094 2172 3147 2225 in
3189 2188 3302 2225 eum
3342 2170 3519 2242 (Joan.
3549 2172 3605 2228 7.

2017 2277 2064 2314 ιι.
2097 2262 2177 2329 5).
2205 2261 2307 2316 Sed
2350 2278 2522 2330 neque
2552 2263 2623 2315 illi
2655 2263 2745 2331 qui
2775 2264 2972 2330 nuptiis
3011 2263 3253 2328 aderant,
3297 2263 3470 2331 ipsum
3502 2279 3602 2318 no-

2017 2360 2208 2405 verant
2238 2370 2250 2405 :
2280 2353 2512 2421 alioquin
2541 2355 2683 2406 enim
2717 2355 3086 2416 accessissent,
3120 2364 3173 2408 et
3203 2354 3252 2407 in
3285 2354 3606 2410 necessitate

2018 2454 2294 2512 rogassent
2328 2444 2497 2498 illum.
2544 2445 2667 2500 Ideo
2710 2446 2805 2511 ait,
2858 2444 3104 2499 Nondum
3144 2447 3273 2499 venit
3313 2448 3441 2499 hora
3470 2462 3603 2499 mea.

2016 2535 2262 2590 Nondum
2308 2546 2466 2591 notus
2494 2552 2609 2591 sum
2664 2540 3037 2606 praesentibus,
3076 2538 3169 2594 sed
3221 2556 3393 2610 neque
3432 2540 3607 2595 sciunt

2018 2627 2093 2682 illi
2135 2629 2316 2683 vinutn
2362 2630 2609 2685 deiicere.
2653 2630 2798 2692 Sine.
2828 2631 3001 2686 donec
3030 2632 3080 2686 id
3130 2633 3380 2686 sentiant.
3416 2633 3603 2702 Neque

2019 2720 2162 2773 enim
2191 2718 2305 2774 hate
2334 2736 2417 2775 me
2438 2737 2466 2775 a
2492 2731 2543 2776 te
2572 2722 2757 2777 audire
2795 2724 3048 2792 oportuit.
3098 2724 3262 2778 Mater
3288 2725 3487 2796 quippe
3520 2740 3603 2787 es.

2018 2823 2074 2866 et
2104 2813 2415 2868 miraculum
2445 2814 2625 2869 reddis
2665 2826 2995 2883 suspectum.
3034 2816 3331 2886 Oportebat
3372 2818 3493 2872 illos
3524 2819 3606 2872 in-

2018 2905 2259 2975 digeutes
2287 2906 2543 2961 accedere
2587 2916 2642 2961 et
2688 2908 2925 2976 precari;
2958 2924 3064 2962 non
3104 2908 3243 2979 quod
3271 2925 3331 2964 ea
3372 2925 3431 2965 re
3470 2925 3605 2980 opus

2019 2996 2266 3063 habeam,
2296 2998 2389 3053 sed
2417 3007 2474 3052 ut
2503 2999 2598 3066 ipsi
2620 3014 2740 3053 cum
2766 3014 2959 3070 magno
2995 3016 3261 3056 consensu
3292 3002 3605 3058 miraculum

2018 3096 2223 3157 gestum
2252 3089 2575 3156 acciperent.
2604 3088 2735 3143 Nam
2767 3090 2857 3159 qui
2882 3104 2941 3145 se
2981 3090 3034 3145 in
3064 3094 3382 3147 necessitate
3405 3096 3610 3148 conati-

2022 3190 2190 3236 tutum
2238 3184 2399 3247 novit,
2439 3197 2558 3236 cum
2605 3184 2766 3251 petita
2794 3185 2815 3215 ’
2841 3186 3205 3254 consequitur,
3239 3202 3481 3257 magnam
3512 3188 3606 3241 ha-

2019 3275 2109 3329 bet
2136 3276 2394 3344 gratiam;
2422 3277 2509 3343 qui
2538 3292 2663 3330 vero
2685 3278 3056 3332 necessitatem
3090 3279 3322 3333 nondum
3354 3280 3603 3348 advertit,

2021 3384 2194 3437 neque
2218 3368 2460 3453 beneficii
2483 3370 2624 3423 clare
2650 3384 2863 3423 sensum
2888 3371 3125 3440 recipiet.
3153 3371 3219 3427 Et
3236 3388 3350 3438 cur,
3377 3376 3605 3444 inquies,

2020 3472 2300 3529 postquam
2331 3460 2557 3525 dixerat,
2585 3460 2827 3515 Nondum
2850 3464 2978 3516 venit
3007 3464 3133 3518 hora
3158 3483 3282 3529 mea,
3313 3475 3367 3521 et
3394 3483 3608 3523 recusa-

2022 3561 2189 3615 verat,
2221 3551 2269 3604 id
2301 3552 2441 3621 quod
2466 3562 2634 3605 mater
2654 3554 2862 3607 dixerat
2888 3554 3108 3608 effecit?
3142 3555 3208 3610 Ut
3238 3559 3608 3613 contradicen-

2024 3645 2183 3709 tibus,
2232 3651 2288 3698 et
2340 3645 2646 3713 putantibus
2699 3645 2871 3715 ipsum
2924 3647 3068 3700 hora:
3115 3648 3411 3716 subjectum
3462 3666 3604 3716 esse,

2023 3735 2481 3791 demonstraretur
2509 3738 2679 3806 ipsum
2707 3754 2813 3793 non
2844 3754 2962 3793 esse
2985 3739 3129 3795 ltorte
3155 3751 3209 3796 et
3231 3744 3455 3812 tempori
3484 3745 3611 3799 sub-

2024 3829 2215 3884 dittttn.
2248 3828 2379 3883 Nam
2409 3830 2453 3883 si
2481 3830 2725 3884 subditus
2771 3831 2915 3884 hora:
2943 3831 3145 3894 fuisset,
3185 3834 3453 3901 quomodo
3481 3851 3610 3889 con-

2025 3929 2248 3990 gruente
2279 3920 2515 3974 nondum
2542 3920 2858 3975 adveniente
2881 3922 3007 3975 hora
3040 3922 3088 3976 id
3117 3941 3250 3992 opus
3280 3928 3565 3995 peregisset
3588 3928 3615 3981 τ

2026 4012 2106 4065 Ad
2140 4013 2252 4065 hinc
2278 4012 2328 4064 in
2359 4013 2543 4065 matris
2568 4011 2825 4067 honorem
2873 4014 2923 4067 id
2971 4013 3116 4076 fecit,
3149 4030 3217 4069 ne
3253 4017 3473 4071 omnino
3511 4018 3608 4086 ipsi

2028 4118 2327 4172 repugnare
2372 4103 2664 4165 videretur,
2707 4120 2773 4158 ne
2817 4119 2880 4158 ex
2932 4106 3295 4163 imbecillitate
3338 4108 3389 4162 id
3436 4108 3613 4165 facere

2027 4196 2320 4260 videretur,
2375 4212 2443 4250 ne
2494 4206 2638 4248 tanto
2673 4197 2913 4251 adstante
2948 4210 3088 4253 cmtu
3136 4210 3359 4256 matrem
3413 4204 3615 4270 pudore

2030 4286 2270 4341 afﬁceret
2310 4304 2324 4339 :
2372 4303 2492 4340 nam
2544 4288 2819 4341 ministros
2861 4288 2958 4357 ipsi
3005 4292 3290 4346 obtulerat.
3339 4294 3611 4363 Siquidem

2034 4387 2312 4448 postquam
2342 4380 2657 4433 Chananzca:
2686 4379 2912 4445 dixerat,
2945 4379 3065 4434 Non
3094 4392 3164 4434 est
3203 4384 3386 4435 bonum
3423 4403 3619 4443 sumere

2034 4488 2215 4541 panem
2244 4472 2485 4540 ﬁliorum,
2514 4481 2560 4525 et
2591 4472 2713 4524 dare
2742 4472 2948 4526 canibus
2978 4472 3186 4538 (Matth.
3218 4474 3300 4529 15.
3326 4475 3441 4546 26),
3471 4478 3615 4532 dedit

2037 4570 2210 4617 tamen
2241 4571 2446 4632 postea,
2480 4562 2596 4627 eius
2624 4562 2933 4617 assiduitate
2958 4573 3247 4629 permotus.
3277 4566 3434 4634 Atqui
3457 4568 3615 4624 etiam

2034 4654 2263 4719 dixerat,
2310 4653 2429 4708 Non
2469 4672 2582 4707 sum
2622 4656 2807 4708 missus
2836 4656 2931 4707 nisi
2965 4656 3031 4707 ad
3067 4672 3179 4709 ove:
3213 4672 3326 4725 qua:
3364 4660 3620 4728 perierunt

2036 4748 2216 4801 domus
2243 4746 2407 4800 Israel
2428 4746 2590 4817 (Ibid.
2626 4762 2673 4799 υ.
2715 4746 2839 4816 24);
2872 4757 3148 4816 postquam
3176 4757 3350 4804 tamen
3394 4749 3508 4805 huic
3535 4752 3621 4806 di-

2038 4849 2208 4903 xerat,
2239 4839 2400 4893 tiliam
2428 4838 2544 4905 ejus
2575 4838 2836 4892 liberavit.

2111 4931 2164 4981 Ξ..
2196 4930 2287 4983 His
2323 4930 2602 4993 discimus,
2638 4943 2736 4982 nos
2765 4928 2865 4981 etsi
2904 4928 3170 4997 indignus.
3203 4930 3513 4987 assiduitate
3546 4945 3618 4989 ta—

2041 5038 2162 5076 men
2197 5036 2292 5075 nos
2319 5036 2461 5091 smpe
2481 5020 2670 5090 dignos
2692 5018 2916 5073 reddere
2936 5020 3022 5088 qui
3050 5021 3391 5089 accipiamus.
3424 5024 3626 5078 Idcirco

2044 5126 2216 5170 mater
2243 5125 2292 5168 et
2322 5113 2671 5182 exspectavit,
2700 5120 2754 5165 et
2781 5114 3049 5179 sapienter
3071 5114 3341 5168 ministros
3366 5115 3623 5179 admovit,

2046 5217 2101 5260 ιιι
2127 5224 2153 5258 a
2202 5206 2439 5273 pluribus
2483 5214 2780 5272 rogaretur.
2816 5202 2938 5257 Ideo
2966 5203 3171 5258 addidit
3200 5222 3211 5257 :
3332 5206 3625 5270 Quodcum-

2045 5316 2138 5369 que
2169 5298 2349 5350 dixerit
2383 5297 2520 5348 vobis
2565 5294 2734 5365 facite.
2780 5294 3014 5348 Noverat
3043 5296 3183 5349 enim
3217 5295 3386 5362 ipsum
3417 5273 3521 5348 lion
3561 5312 3626 5349 ex

2051 5390 2413 5444 itnbccillitale
2445 5388 2705 5450 renuisse,
2738 5386 2831 5442 sed
2862 5387 3000 5457 quod
3032 5386 3221 5441 fastum
3252 5388 3476 5456 fugeret,
3509 5389 3629 5441 nol-

2052 5486 2223 5552 letque
2246 5498 2305 5537 se
2332 5481 2398 5535 ad
2423 5479 2734 5533 miraculum
2768 5480 3081 5549 patrandum
3109 5483 3285 5532 statim
3329 5480 3587 5548 projicere
3615 5497 3631 5547 ;

2051 5573 2277 5643 ideoque
2308 5572 2579 5625 ministros
2615 5569 2851 5623 adduxit.
2883 5570 2936 5624 6.
2988 5569 3145 5622 Erant
3182 5581 3347 5622 autem
3399 5569 3465 5621 ibi
3506 5570 3635 5637 lapi-

2053 5665 2160 5720 dea:
2205 5663 2399 5734 hydria:
2433 5678 2520 5714 sex
2560 5662 2736 5731 posita:
2776 5660 3050 5713 secundum
3090 5662 3490 5729 puriﬁcationem
3532 5660 3634 5714 Ju—

2120 5782 2133 5811 ¹
2176 5779 2227 5827 ln
2253 5775 2417 5826 Morel.
2444 5774 2641 5836 legitur,
2668 5780 2825 5823 etnon
2849 5772 2990 5824 alius.
3017 5785 3075 5823 ne
3095 5786 3213 5823 unus
3236 5775 3451 5836 quidem.

2119 5849 2137 5877 ³
2172 5840 2308 5891 διικὶι.
2334 5838 2471 5902 legit,
2492 5835 2533 5887 ti.
2553 5835 2744 5898 lilium,
2775 5848 2879 5898 pro,
2903 5836 3065 5899 petitu.
