4094 6370
431 393 533 450 I35

432 515 676 573 siccorum,
698 506 946 575 capientes
970 504 1182 572 singulm
1210 513 1437 556 metretas
1467 502 1608 553 binas
1632 502 1709 555 vel
1734 508 1919 551 ternas.
1946 496 2001 549 7.

435 599 576 653 Dixit
601 600 672 653 eis
696 596 847 651 Iesus
868 614 890 651 :
917 596 1128 660 lmplete
1167 594 1372 663 Itgdrias
1400 608 1549 661 aqua.
1586 590 1652 644 Et
1678 588 2005 660 impleverunt

434 707 520 743 eas
547 706 698 758 usque
734 690 801 741 ad
828 703 1098 741 summum.
1136 684 1249 739 Non
1288 685 1403 738 sine
1436 697 1595 736 causa
1626 682 1778 745 dixit,
1808 679 2002 734 Secun-

436 782 558 833 dum
599 779 997 848 puriﬁcationem
1026 775 1361 835 Iudaeorum;
1388 773 1483 827 sed
1515 788 1580 825 ne
1609 772 1727 840 quis
1771 767 2007 822 fortassis

437 872 727 926 inﬁdelium
773 868 1029 935 suspicaci
1080 874 1255 936 posset
1308 863 1437 918 faece
1483 864 1625 916 intus
1675 867 2004 922 remanente,

438 963 607 1017 infusa
645 961 836 1016 deinde
873 970 929 1015 et
958 959 1189 1012 admixta
1237 972 1370 1026 aqua
1418 956 1597 1009 viuum
1641 952 2006 1007 tenuissimum

435 1056 701 1114 evasisse:
745 1053 863 1107 ideo
903 1052 996 1115 ait,
1045 1050 1331 1106 Secundum
1378 1047 1779 1118 puriﬁcationem
1802 1043 2009 1102 11111ωο-

437 1162 582 1208 rum,
626 1144 914 1198 ostendens
962 1144 1016 1197 in
1060 1143 1199 1196 vasis
1257 1141 1357 1194 illis
1403 1153 1686 1206 numquam
1740 1144 2006 1188 servatum

439 1238 598 1291 fuisse
634 1237 831 1289 vinum.
861 1233 991 1288 Nam
1036 1249 1153 1286 cum
1196 1231 1473 1285 Palaestina
1504 1244 1653 1297 aqua:
1680 1226 1895 1295 penuria
1936 1224 2011 1277 la-

439 1326 610 1390 boret,
640 1327 848 1392 rarique
877 1326 981 1377 sint
1004 1324 1073 1375 ibi
1104 1327 1274 1376 fontes
1293 1330 1347 1374 et
1366 1334 1617 1388 aquarum
1642 1316 2007 1384 scaturigines,

439 1433 650 1487 semper
680 1415 895 1487 hydrias
937 1430 1070 1481 aqua
1115 1412 1420 1481 implebant,
1463 1426 1529 1463 ne
1569 1410 1613 1461 si
1652 1407 1864 1478 quando
1907 1406 2010 1458 im-

440 1510 620 1566 mundi
654 1509 857 1572 iierent,
882 1506 945 1559 ad
975 1506 1188 1558 ﬂutiiina
1218 1518 1434 1557 currere
1458 1508 1796 1569 cogerentur,
1826 1498 1918 1551 sed
1945 1495 2009 1549 ad

441 1617 657 1656 manum
686 1614 804 1653 sese
840 1596 1093 1667 purgandi
1135 1594 1349 1651 modum
1388 1593 1666 1647 haberent.
1700 1590 1807 1644 Cur
1835 1600 2010 1643 autent

440 1694 651 1763 signum
680 1705 783 1744 non
810 1688 977 1744 edidit
1013 1696 1293 1754 antequam
1334 1684 1436 1737 illa:
1476 1682 1841 1752 implerentur,
1870 1678 2011 1748 quod

442 1785 600 1853 longe
627 1780 921 1836 mirabilius
966 1776 1189 1832 fuisset?
1217 1775 1370 1829 Aliud
1418 1776 1561 1829 enim
1598 1782 1687 1827 est
1722 1771 2011 1836 subjectam

442 1872 717 1928 materiam
762 1871 812 1924 in
861 1868 1017 1922 aliam
1059 1865 1366 1937 qualitatem
1408 1872 1639 1929 mutare,
1665 1861 1802 1915 aliud
1846 1860 2011 1928 ipsam

441 1962 787 2017 substantiam
810 1970 962 2014 antea
993 1973 1096 2011 non
1127 1957 1470 2011 exsistentem
1490 1969 1676 2008 creare
1699 1968 1715 2016 ;
1745 1952 1844 2006 hoc
1872 1951 2012 2004 enim

445 2055 602 2122 longe
626 2051 917 2105 mirabilius
942 2059 1044 2103 est.
1072 2047 1175 2103 Sed
1197 2061 1285 2101 res
1313 2061 1416 2099 non
1440 2044 1511 2098 ita
1539 2038 1809 2097 credibilis
1834 2040 2015 2094 multis

443 2145 552 2196 visa
572 2142 777 2196 fuisset.
802 2141 1029 2209 Ideoque
1049 2138 1421 2193 miraculorum
1442 2132 1854 2204 magnitudinem
1874 2146 2016 2200 Sa-pe

443 2237 671 2291 libenter
696 2235 901 2296 minuit,
932 2244 987 2285 ut
1016 2232 1218 2284 [acilius
1248 2231 1333 2283 illa
1364 2228 1667 2283 credantur.
1697 2225 1765 2279 Et
1788 2240 1904 2289 cur,
1930 2224 2016 2277 in-

444 2330 613 2396 quies,
657 2341 759 2378 non
812 2324 925 2393 ipse
964 2338 1151 2392 aquam
1201 2319 1465 2389 produxit.
1500 2326 1556 2370 ut
1593 2326 1718 2371 tunc
1745 2316 1794 2369 in
1835 2315 2014 2367 vinum

440 2427 798 2476 Converterel,
844 2414 936 2468 sed
974 2414 1022 2468 id
1076 2412 1347 2465 ministros
1395 2409 1568 2462 facere
1596 2408 1790 2477 jussit?
1819 2405 2015 2460 Eadem

444 2526 651 2564 rursum
677 2510 742 2563 de
768 2523 945 2569 causa,
977 2515 1029 2559 et
1061 2514 1117 2557 ut
1156 2518 1317 2575 ipsos,
1357 2502 1445 2571 qui
1490 2499 1793 2561 hauserant,
1824 2498 1900 2552 rei
1936 2505 2015 2551 te-

442 2612 554 2655 stes
579 2600 817 2660 haberet,
853 2612 949 2651 nec
986 2597 1039 2649 id
1077 2594 1367 2664 prmstigias
1393 2607 1513 2646 esse
1553 2596 1846 2659 putaretur.
1886 2588 2015 2642 Nam

440 2695 486 2746 si
518 2693 605 2761 qui
632 2691 744 2745 ausi
773 2698 950 2744 essent
971 2687 1020 2741 id
1050 2687 1380 2755 impudenter
1409 2697 1621 2752 negare.
1647 2689 1890 2751 poterant
1918 2680 2016 2733 mi-

442 2784 594 2838 nistri
615 2782 812 2843 dicere,
843 2779 948 2832 Nos
967 2792 1156 2846 aquam
1198 2773 1488 2828 hausimus.
1523 2771 1601 2825 Ad
1629 2771 1743 2824 lucc
1771 2785 1897 2823 vero
1917 2768 2017 2821 d0-

442 2885 617 2944 gmata
656 2884 838 2929 contra
890 2871 1176 2926 Ecclesiam
1207 2869 1420 2923 suborta
1455 2867 1662 2921 evertit.
1704 2866 1834 2932 Quia
1872 2865 2016 2918 enim

445 2969 656 3034 «nudam
695 2969 853 3020 alium
900 2981 1019 3019 esse
1055 2964 1236 3018 mtmdi
1263 2972 1557 3017 creatorem
1596 2961 1798 3023 dlt'ltlll,
1828 2973 2018 3026 opera-

442 3076 549 3129 que
579 3058 800 3112 visibilia
837 3073 939 3110 111111
969 3056 1085 3122 ejus
1104 3070 1241 3118 esse,
1274 3053 1365 3107 sed
1396 3052 1612 3106 alterius
1641 3049 1726 3103 dei
1759 3049 1854 3117 ipsi
1888 3062 2018 3099 con-

448 3151 627 3213 trarii;
653 3159 707 3202 ut
739 3163 921 3202 eorum
950 3147 1204 3199 insaniam
1243 3144 1514 3213 reprimat,
1548 3143 1616 3194 ita
1656 3139 1818 3193 multa
1857 3140 2020 3192 mira-

445 3242 565 3294 cula
606 3241 716 3295 edit
761 3255 826 3293 ex
873 3237 1122 3305 subjectis
1162 3235 1491 3289 substantiis.
1550 3232 1678 3286 Nam
1727 3232 1770 3284 si
1812 3240 2021 3285 creatur

447 3331 545 3399 ipsi
573 3330 868 3384 contrarius
898 3339 1059 3393 esset,
1089 3342 1193 3379 non
1232 3326 1417 3379 alienis
1456 3332 1691 3377 uteretur
1723 3322 1807 3375 ad‘
1830 3329 2019 3389 poten-

448 3422 573 3473 tiam
610 3435 760 3473 suam
795 3417 1281 3473 demonstrandam.
1327 3413 1475 3469 Nunc
1517 3414 1674 3483 igitur
1711 3411 2018 3474 ostendens,

450 3530 507 3566 se
530 3512 774 3568 eumdem
802 3512 971 3580 ipsum
994 3525 1133 3573 esse,
1160 3508 1246 3579 qui
1274 3522 1463 3577 aquam
1487 3507 1538 3559 in
1562 3506 1729 3559 vineis
1757 3513 1942 3565 mutat,
1969 3511 2024 3555 et

449 3605 677 3672 pluviam
706 3618 798 3671 per
825 3601 1052 3656 radicem
1084 3600 1134 3653 in
1172 3600 1350 3653 vinum
1384 3596 1667 3662 convertit,
1700 3594 1752 3650 id
1790 3594 1929 3664 quod
1970 3594 2020 3647 in

451 3694 562 3761 ipsa
595 3694 770 3761 planta
811 3690 1033 3758 longiori
1061 3698 1299 3760 tempore
1325 3688 1469 3752 facit,
1502 3687 1552 3742 id
1580 3694 1799 3756 repente
1839 3686 1890 3739 in
1920 3701 2020 3739 nu-

453 3784 574 3851 ptiis
603 3790 851 3852 operatus
890 3789 991 3835 est.
1026 3780 1307 3849 Postquam
1352 3787 1527 3833 autem
1578 3778 1887 3847 implessent
1925 3775 2022 3843 hy-

452 3875 615 3939 drias,
643 3873 718 3926 ait
748 3888 760 3922 :
792 3872 846 3926 8.
886 3870 1099 3924 ﬂaurite
1136 3887 1290 3935 nunc,
1321 3879 1368 3923 et
1407 3870 1533 3939 ferte
1556 3868 1915 3923 architriclino.
1954 3864 2023 3918 Et

450 3963 693 4018 atterunt.
738 3960 789 4016 9.
849 3960 917 4016 Ut
953 3970 1120 4014 autem
1170 3961 1386 4031 gustavit
1421 3956 1796 4013 architriclinus
1839 3972 2023 4026 aquam

451 4054 622 4106 vinum
645 4056 854 4122 factam,
881 4060 929 4103 et
965 4049 1206 4104 nesciebat
1245 4050 1378 4103 unde
1407 4058 1569 4114 esset;
1605 4048 1818 4102 ministri
1856 4057 2025 4099 autem

450 4142 692 4206 sciebant,
727 4140 813 4211 qui
849 4140 1116 4192 hauserant
1151 4156 1331 4208 aquam
1362 4148 1542 4193 :vocat
1580 4155 1818 4208 sponsum
1852 4138 2023 4190 archi-

456 4235 703 4298 triclinus,
736 4233 821 4287 10.
844 4241 891 4286 et
917 4232 1037 4285 dicit
1059 4232 1106 4285 ei
1135 4246 1154 4284 :
1183 4232 1357 4285 Omnis
1403 4232 1551 4284 homo
1590 4231 1808 4300 primum
1840 4230 2025 4282 bonum

453 4324 626 4376 tinum
652 4321 811 4389 ponit,
843 4331 889 4373 et
923 4336 1035 4373 cum
1069 4319 1298 4372 inebriati
1325 4320 1529 4389 fuerint,
1563 4330 1681 4372 tunc
1701 4319 1756 4371 id
1775 4318 1907 4389 quod
1933 4317 2025 4370 de-

454 4413 609 4467 terius
641 4422 733 4465 est.
769 4408 849 4464 Tu
881 4411 1085 4463 set-vasti
1108 4409 1295 4463 bonum
1333 4411 1499 4462 vinum
1528 4425 1682 4478 usque
1708 4409 1895 4462 adhuc.
1929 4409 2027 4463 llic

454 4519 664 4558 rursum
692 4503 904 4574 quidam
930 4503 1241 4557 cavillantur
1267 4501 1524 4565 dicentes,
1553 4502 1882 4555 ebriosorum
1916 4515 2026 4555 11111·

456 4608 569 4650 111111
593 4596 771 4661 luisse,
804 4595 1044 4650 hebelem
1065 4594 1388 4665 gustantium
1415 4596 1758 4664 sensum,qui
1782 4610 1890 4648 rem
1921 4610 2023 4648 non

456 4697 675 4758 possent
709 4703 918 4757 capere,
962 4703 1059 4742 nec
1105 4687 1358 4756 judicium
1389 4686 1548 4749 ferre,
1585 4688 1653 4740 ita
1681 4695 1737 4739 ut
1762 4687 2028 4741 nescirent

456 4794 525 4834 an
552 4780 730 4833 vinum
768 4794 834 4831 an
866 4794 999 4846 aqua
1039 4778 1090 4831 id
1121 4786 1263 4833 esset
1290 4794 1303 4831 :
1334 4793 1455 4831 nam
1494 4778 1633 4846 quod
1665 4778 1797 4832 ebrii
1826 4788 2025 4842 essent,

457 4874 571 4942 ipse
612 4869 1002 4924 architriclinus
1038 4868 1344 4922 declaravit.
1381 4867 1679 4921 Ridiculum
1707 4867 1863 4936 plane
1900 4868 2025 4920 illud

456 4973 535 5015 cst
572 4980 585 5016 :
619 4975 801 5014 verum
847 4957 981 5012 hanc
1021 4958 1231 5011 illorum
1278 4958 1627 5027 suspicionem
1671 4958 1778 5024 jam
1818 4957 2029 5011 sustulit

454 5051 796 5119 evangelista.
833 5048 946 5102 Non
979 5048 1116 5101 enim
1144 5049 1393 5107 convivas
1420 5048 1495 5101 ait
1520 5047 1585 5101 de
1610 5064 1668 5101 re
1699 5048 1784 5101 illa
1816 5058 2029 5102 senten-

457 5143 583 5194 tiam
632 5140 833 5203 tulisse,
878 5138 973 5193 sed
1012 5137 1449 5203 architriclinum,
1488 5138 1578 5207 qui
1616 5138 1821 5191 sobrius
1859 5137 2031 5191 adhuc

457 5237 585 5291 nihil
614 5244 933 5306 gustaverat.
973 5231 1129 5289 Scitis
1156 5234 1351 5303 quippe
1376 5247 1580 5297 omnes,
1618 5233 1811 5301 quibus
1847 5232 2030 5286 convi-

454 5331 662 5383 viorum
704 5343 829 5381 cura
865 5326 1210 5381 committitur
1237 5340 1356 5379 esse
1398 5325 1633 5378 omnium
1671 5325 1900 5378 maxime
1936 5341 2029 5379 so-

457 5417 620 5482 brios,
651 5433 806 5470 unam
840 5418 975 5469 hanc
1002 5430 1180 5468 curam
1211 5412 1488 5476 habentes,
1525 5424 1582 5466 ut
1613 5430 1732 5467 1111111
1769 5424 1916 5467 recto
1945 5430 2032 5467 or-

459 5505 581 5558 dine
601 5508 772 5560 omnia
794 5507 1157 5573 disponantur.
1177 5502 1405 5572 ideoque
1424 5518 1638 5563 sensum
1657 5504 1798 5556 illum
1818 5504 2027 5571 vigilvm

460 5604 512 5648 et
542 5596 776 5648 sobrium
821 5596 887 5649 ad
917 5595 993 5649 rei
1023 5602 1183 5663 gestae
1211 5594 1569 5649 testimonium
1613 5595 1873 5648 evocavit.
1914 5593 2026 5647 Non

460 5685 600 5736 enim
637 5685 789 5743 dixit.
826 5685 1085 5739 lnfundite
1112 5684 1354 5739 convivis
1379 5685 1579 5751 vinum,
1607 5685 1720 5749 sed,
1754 5684 1905 5739 Ferte
1940 5702 2029 5737 ar-

462 5775 758 5831 rbitritsblno.
783 5774 852 5831 Ut
862 5788 1030 5830 autem
1046 5777 1255 5851 gustavit
1275 5777 1644 5831 arcltitriclintts
1662 5793 1840 5847 aquam
1862 5776 2028 5830 vinum

1190 386 1249 441 S.
1290 382 1566 441 JOANNIS
1589 377 2057 437 CHRYSOSTOMI
2096 379 2412 437 ARCHIEP.
2450 385 2979 443 CONSTANTINOP.

3582 394 3679 451 l36

2112 502 2318 566 factam,
2350 510 2395 554 et
2413 502 2655 556 nesciebat
2680 505 2812 558 unde
2831 516 2957 559 esset
2975 522 2993 569 ;
3010 505 3222 560 ministri
3242 517 3407 562 autem
3426 509 3644 565 sciebam
3662 527 3682 567 :

2109 602 2253 645 vocnt
2281 610 2519 659 sponsum
2546 597 2929 651 architrictinus.
2961 599 3069 653 Cur
3107 614 3210 653 non
3250 600 3519 657 ministros
3549 602 3680 657 allo-

2111 685 2331 752 quitur?
2360 685 2437 739 sic
2466 687 2614 758 enim
2657 688 2965 742 miraculum
3017 690 3305 745 revelatum
3343 693 3678 759 esset.-Qma

2111 792 2179 829 ne
2210 776 2324 844 ipse
2356 776 2566 846 quidem
2594 777 2748 832 .lesus
2792 779 2927 847 quod
2968 782 3160 833 facturn
3204 780 3373 835 fuerat
3408 783 3677 847 revelavit,

2110 867 2203 920 sed
2232 868 2429 921 sensim
2471 870 2827 937 paulatimque
2852 871 3058 925 volebat
3090 872 3193 924 vim
3230 872 3596 927 miraculorum
3628 874 3678 928 in

2113 958 2354 1011 notitiam
2377 959 2576 1013 venire.
2603 959 2658 1013 Si
2685 976 2811 1013 vero
2837 970 2958 1014 tunc
2978 961 3301 1017 declaratum
3330 964 3530 1030 fuisset,
3576 982 3679 1021 non

2113 1046 2247 1101 ﬁdes
2277 1048 2518 1101 habenda
2564 1059 2678 1103 erat
2706 1051 2960 1104 ministris
3003 1055 3368 1119 narrantibus;
3415 1056 3507 1110 sed
3544 1056 3685 1110 iusa-

2114 1140 2226 1192 nire
2250 1142 2414 1208 putati
2439 1142 2678 1206 fuissent,
2705 1158 2822 1197 cum
2851 1143 3070 1209 homini,
3105 1147 3192 1216 qui
3221 1149 3467 1217 opinione
3490 1151 3679 1204 1111111οο

2113 1246 2228 1283 rum
2271 1246 2302 1285 e
2352 1228 2513 1300 vulgo
2554 1241 2688 1298 erat,
2735 1233 2857 1287 talia
2905 1233 3286 1289 adscriberent.
3325 1236 3425 1306 Ipsi
3469 1239 3681 1308 quidem

2113 1323 2440 1391 experientia
2468 1309 2577 1376 rem
2597 1325 2745 1393 clare
2775 1335 3068 1389 noverant;
3097 1342 3265 1397 neque
3296 1338 3539 1397 poterant
3575 1331 3685 1385 suis

2068 1480 2069 1483 η
2112 1413 2355 1465 manibus
2388 1412 2544 1465 tidem
2590 1429 2823 1482 negare;
2856 1432 2959 1469 non
3009 1425 3182 1471 tamen
3231 1416 3401 1473 idonei
3436 1430 3586 1474 erant
3629 1431 3685 1475 ut

2113 1503 2231 1556 aliis
2254 1502 2411 1557 ﬁdem
2445 1504 2696 1559 facerent.
2727 1505 2849 1559 ldeo
2878 1522 2981 1559 111111
3012 1508 3256 1562 omnibus
3277 1508 3557 1569 revelavit;
3589 1511 3684 1565 sed

2112 1597 2160 1649 ei
2187 1597 2274 1667 qui
2314 1598 2542 1652 iiiaxime
2589 1607 2768 1667 posset
2812 1599 2861 1653 id
2912 1600 3231 1668 perspicere,
3280 1602 3559 1657 clariorem
3605 1607 3682 1658 rei

2114 1685 2353 1739 notitiam
2384 1686 2437 1739 in
2467 1696 2733 1754 posterum
2766 1703 3064 1744 reservans.
3091 1689 3221 1743 Nam
3268 1702 3385 1760 post
3413 1692 3514 1746 alia
3551 1709 3683 1746 con-

2115 1779 2293 1846 spicua
2341 1778 2522 1845 signa,
2592 1778 2692 1833 hoc
2744 1781 2903 1833 etiam
2949 1780 3203 1835 credibile
3257 1781 3491 1837 futurum
3548 1792 3683 1839 erat.

2115 1867 2336 1933 Quando
2358 1870 2500 1922 enim
2530 1869 2690 1924 lilium
2724 1872 2884 1937 reguli
2915 1881 3094 1939 postea
3122 1873 3346 1935 curavit,
3371 1888 3466 1943 per
3485 1889 3546 1929 ea
3567 1890 3685 1943 qua!

2117 1968 2243 2013 1111111
2267 1960 2396 2015 dicit
2423 1964 2742 2031 evangelista
2793 1963 2989 2018 indicat
3019 1965 3117 2019 hoc
3155 1967 3312 2021 etiam
3353 1968 3684 2026 manifestius

2116 2048 2299 2105 fuisse.
2349 2051 2473 2106 Ideo
2518 2053 2658 2107 enim
2703 2055 2932 2110 maxime
2977 2057 3190 2125 regulus
3240 2057 3411 2125 ipsum
3456 2062 3683 2127 vocavit,

2117 2142 2237 2209 quia
2267 2142 2400 2211 signi
2432 2142 2583 2196 istius
2602 2158 2797 2212 gnarus
2823 2154 2957 2209 erat,
2988 2155 3046 2199 ut
3071 2146 3202 2200 dixi.
3236 2148 3384 2214 Quod
3411 2147 3686 2204 declarans

2116 2232 2349 2288 Joannes
2378 2234 2629 2288 dicebat:
2668 2233 2814 2289 Venit
2853 2235 3002 2290 Jesus
3043 2239 3095 2291 in
3137 2238 3275 2292 Cana
3321 2239 3564 2305 Galilteaz,
3603 2241 3687 2295 ubi

2119 2326 2237 2396 fecit
2265 2343 2445 2395 aquam
2482 2327 2651 2380 vinum
2674 2343 2692 2380 :
2720 2343 2892 2397 neque
2932 2328 3090 2384 modo
3136 2330 3336 2396 vinum,
3372 2331 3465 2386 sed
3511 2333 3686 2388 vinum

2119 2415 2397 2484 optimum.

2187 2506 2241 2560 3.
2264 2505 2412 2559 Talia
2441 2517 2563 2559 sunt
2600 2506 2798 2562 Christi
2844 2507 3116 2575 miracula,
3147 2524 3266 2579 qum
3292 2524 3379 2564 res
3419 2510 3687 2566 naturales

2119 2597 2422 2664 praestantia
2471 2597 2624 2666 longe
2668 2607 2937 2666 superent.
2971 2598 3060 2653 Sic
3102 2608 3156 2654 et
3196 2600 3247 2653 in
3291 2599 3413 2655 aliis
3455 2616 3687 2669 quoque.

2118 2686 2329 2754 quando
2358 2687 2652 2741 membrum
2682 2686 2960 2742 distortum
2990 2688 3238 2752 restituit,
3268 2690 3563 2745 sanioribus
3594 2706 3689 2745 va-

2120 2775 2283 2830 lidius
2308 2777 2503 2832 ell'ecit.
2551 2777 2700 2843 Quod
2746 2793 2873 2848 ergo
2916 2778 3116 2844 vinum,
3146 2787 3197 2833 et
3225 2780 3402 2834 vinum
3431 2781 3688 2849 optimum

2122 2866 2247 2920 illud
2275 2880 2436 2928 esset,
2471 2882 2574 2920 non
2604 2868 2761 2921 modo
2786 2868 3033 2931 ministri,
3065 2868 3158 2923 sed
3200 2878 3255 2924 et
3296 2870 3687 2924 architriclinus

2120 2969 2175 3010 et
2200 2974 2428 3027 sponsus
2460 2960 2785 3013 testilicaturi
2812 2969 3000 3025 erant;
3030 2960 3169 3029 quod
3212 2970 3388 3015 autem
3417 2975 3446 3014 a
3475 2960 3690 3015 Christo

2123 3048 2318 3102 factum
2349 3057 2514 3113 esset,
2542 3050 2629 3119 qui
2662 3065 2853 3119 aquam
2900 3049 3204 3106 hauserant.
3238 3051 3312 3105 Ita
3340 3062 3399 3105 ut
3439 3052 3537 3106 etsi
3568 3061 3693 3109 tunc

2123 3141 2433 3195 miraculum
2451 3157 2556 3195 non
2581 3142 2870 3195 revelatum
2898 3141 3101 3207 fuisset,
3128 3159 3233 3196 non
3256 3143 3324 3198 ad
3348 3144 3505 3198 linem
3528 3158 3692 3213 usque

2121 3232 2265 3286 sileri
2300 3242 2477 3300 posset
2505 3248 2518 3284 :
2551 3234 2627 3286 sic
2657 3233 2819 3286 nmlta
2848 3237 3252 3301 necessariaque
3294 3235 3690 3305 prmmitteban-

2123 3332 2210 3375 tur
2236 3322 2286 3374 in
2310 3322 2540 3376 futurum
2571 3332 2776 3391 tempus
2806 3323 3127 3379 testimonia.
3156 3324 3304 3391 Quod
3331 3327 3470 3380 enim
3501 3341 3691 3395 aquam

2122 3414 2300 3467 vinum
2325 3414 2556 3481 fecisset,
2585 3415 2854 3470 ministros
2882 3425 3042 3470 testes
3065 3417 3245 3471 habuit
3275 3437 3288 3472 :
3320 3418 3459 3488 quod
3498 3420 3690 3473 bonum

2120 3507 2300 3558 vinum
2341 3516 2502 3571 esset,
2543 3506 2957 3561 architriclinum
2997 3517 3051 3562 et
3079 3524 3351 3579 sponsum.
3399 3510 3693 3566 Verisimile

2121 3609 2299 3653 autem
2325 3608 2406 3653 est
2434 3615 2685 3667 sponsum
2723 3600 2919 3669 aliquid
2948 3600 3013 3654 ad
3044 3600 3157 3656 lucc
3195 3602 3531 3671 respondisse
3557 3620 3571 3656 :
3603 3615 3693 3654 ve-

2122 3703 2237 3742 rum
2265 3689 2583 3757 evangelista
2616 3688 2680 3743 ad
2724 3690 2887 3759 magis
2918 3692 3214 3745 necessaria
3250 3706 3559 3761 properans,
3594 3691 3695 3746 hoc

2124 3786 2324 3832 tantum
2344 3780 2606 3833 recensito
2628 3778 2800 3848 signo,
2827 3788 3016 3833 cratera
3047 3780 3401 3848 praatermisit.
3442 3781 3696 3835 Necessa-

2123 3867 2258 3921 rium
2289 3867 2481 3937 quippe
2508 3876 2625 3922 erat
2656 3876 2714 3921 ut
2737 3869 2963 3923 sciretur
2991 3870 3159 3939 ipsum
3186 3886 3377 3940 aquam
3412 3871 3465 3925 in
3512 3871 3693 3926 vinum

2124 3960 2448 4021 mutavisse;
2488 3959 2613 4028 quid
2654 3974 2782 4013 vero
2808 3959 3168 4015 architriclino
3198 3976 3425 4027 sponsus
3472 3978 3694 4033 respon-

2125 4048 2281 4110 derit,
2314 4048 2516 4103 referre
2544 4048 2902 4103 necessarium
2929 4065 3035 4104 non
3065 4052 3291 4120 putavit.
3319 4051 3478 4106 Multa
3502 4053 3697 4123 quippe

2126 4141 2271 4209 signa
2302 4141 2526 4209 primum
2549 4141 2876 4207 obscuriora,
2901 4157 3182 4212 progressu
3203 4147 3457 4213 temporis
3472 4145 3694 4201 clariora

2126 4229 2263 4285 facta
2290 4240 2430 4293 sunt,
2462 4232 2527 4285 iis
2565 4244 2812 4286 accurate
2855 4233 3192 4288 narrantibus
3232 4231 3321 4303 qui
3362 4249 3393 4288 a
3438 4236 3695 4303 principio

2126 4321 2386 4375 viderant.
2439 4320 2588 4376 Tunc
2635 4324 2793 4390 igitur
2832 4324 3011 4377 vinum
3060 4339 3125 4377 ex
3162 4339 3296 4393 aqua
3342 4323 3464 4378 fecit
3509 4324 3692 4390 Jesus;

2132 4420 2254 4466 tunc
2283 4421 2338 4466 et
2366 4426 2508 4465 nunc
2528 4412 2823 4466 voluntates
2844 4413 3025 4467 molles
3047 4423 3100 4468 et
3125 4414 3405 4469 dissolutas
3432 4417 3481 4468 in
3508 4416 3698 4470 melius

2128 4515 2334 4559 mutare
2362 4519 2465 4557 non
2494 4503 2703 4557 desinit.
2739 4502 2872 4558 Sunt
2897 4505 3060 4565 enim.
3089 4513 3233 4570 sunt,
3266 4506 3499 4575 inquam,
3529 4504 3697 4561 homi-

2133 4611 2251 4660 nes,
2298 4596 2387 4665 qui
2432 4596 2562 4650 nihil
2610 4596 2677 4649 ab
2713 4611 2848 4665 aqua
2896 4595 3176 4660 differunt;
3223 4598 3291 4650 ita
3339 4606 3462 4651 sunt
3500 4597 3694 4667 frigidi,

2132 4690 2318 4742 1111111118
2348 4698 2402 4743 et
2439 4703 2723 4756 numquam
2752 4686 3120 4742 consistentes.
3150 4688 3271 4742 Illos
3307 4699 3481 4742 autem
3503 4689 3590 4758 qui
3622 4690 3699 4744 sic

2129 4778 2301 4832 affecti
2331 4787 2452 4831 sunt
2494 4778 2557 4830 ad
2604 4770 2878 4831 Dominum
2910 4778 3251 4843 adducamus,
3280 4786 3337 4831 ut
3366 4778 3576 4833 illorum
3603 4795 3699 4831 vo-

2132 4868 2383 4921 luntatem
2429 4867 2480 4920 in
2530 4867 2635 4920 vini
2674 4866 3030 4920 conditionem
3072 4875 3268 4929 mutet,
3313 4876 3373 4919 ut
3416 4882 3521 4920 non
3564 4868 3698 4921 ultra

2130 4959 2389 5023 diﬂluaut,
2438 4958 2531 5013 sed
2572 4957 2849 5012 solidiores
2886 4957 3010 5019 sint,
3049 4973 3112 5011 ac
3148 4973 3269 5012 cum
3315 4957 3414 5012 sibi
3446 4967 3556 5013 tum
3584 4959 3699 5013 aliis

2133 5053 2325 5106 lartitia:
2354 5067 2510 5107 causa
2532 5052 2777 5105 evadant.
3497 5050 3500 5059 ‘

2208 5142 2426 5195 Terrena
2474 5142 2643 5195 omnia
2668 5143 2812 5211 ﬂuxa
2841 5152 2957 5195 sunt
2980 5183 2994 5204 ,
3023 5153 3066 5194 et
3092 5159 3363 5213 nmnqnam
3403 5144 3701 5198 consistunt.

2138 5232 2316 5286 .llensa
2364 5233 2576 5301 frugalis
2604 5233 2901 5285 valetudinis
2926 5242 2998 5285 est
3025 5244 3199 5285 mater.
3231 5233 3540 5298 -—Quinam
3577 5248 3704 5286 vero

2133 5333 2257 5378 sunt
2300 5323 2373 5376 illi
2405 5321 2614 5391 frigidi,
2646 5322 2742 5375 nisi
2796 5322 2828 5376 ii
2880 5324 2967 5391 qui
2998 5322 3152 5376 fluxis
3196 5321 3355 5390 hujus
3383 5322 3505 5377 vita:
3545 5323 3707 5377 rebus

2137 5414 2420 5473 iuh:erent,
2454 5413 2541 5481 qui
2574 5412 2752 5465 mundi
2785 5412 3005 5466 delicias
3035 5428 3141 5465 non
3171 5412 3444 5478 derident,
3476 5413 3703 5483 11111911)-

2135 5507 2265 5558 riam
2296 5514 2349 5557 et
2376 5502 2664 5572 potentiam
2696 5502 2918 5555 amant?
2952 5502 3072 5555 1111111
3101 5503 3295 5571 quippe
3320 5503 3497 5556 omnia
3524 5502 3664 5558 ﬂuxa
3682 5543 3703 5571 ,

2136 5611 2420 5664 numquam
2474 5595 2810 5659 consistunt,
2844 5610 2962 5662 quae
3008 5594 3058 5647 in
3106 5610 3342 5663 pneccps
3388 5610 3601 5663 semper
3652 5605 3704 5651 et

2134 5703 2254 5740 cum
2303 5687 2496 5755 impetu
2542 5684 2802 5739 feruntur.
2856 5684 2982 5737 Nam
3023 5684 3108 5754 qui
3158 5685 3314 5739 hodie
3356 5686 3540 5754 dives,
3586 5702 3705 5740 cras

2138 5792 2336 5848 pauper
2364 5785 2446 5832 cst
2473 5792 2485 5829 :
2517 5776 2606 5845 qui
2650 5775 2807 5830 hodie
2834 5790 2953 5831 cum
2995 5791 3239 5845 pracc0ue
3258 5817 3273 5843 ,
3300 5775 3478 5832 balteo
3502 5818 3515 5845 ,
3548 5791 3707 5832 curru
