4094 6370
368 382 473 437 135

348 500 424 551 τ’ῖ)
468 496 743 567 θαύματιο
791 494 872 549 διδ
924 494 1017 548 καί,
1061 492 1186 556 τοὺς
1230 493 1512 557 διακόνους
1554 492 1836 564 προσῆγεν
1876 503 1929 546 ι.

348 579 541 635 Ἦσαν
571 581 641 634 δὲ
679 578 813 651 ἐκεῖ
853 579 1047 647 ὑδρίαι
1091 580 1315 632 λίθιναι
1349 577 1615 647 κείμεναι
1659 574 1729 640 ἐξ
1779 573 1932 628 κατὰ

347 667 457 718 τὸν
499 664 872 732 καθαρισμὸν
916 660 1037 716 τῶν
1079 661 1405 724 Ἰουδαίων,
1461 659 1762 730 χωροῦσαι
1813 657 1932 713 ἀνὰ

342 747 632 817 μετρητὰς
675 746 785 800 δύο
824 746 862 814 ἢ
916 744 1092 814 τρεῖς.
1141 744 1312 814 Λέγει
1354 743 1559 810 αὐτοῖς
1602 746 1635 797 ό
1670 743 1928 810 Ἰησοῦς’

362 830 747 899 Ἐμπλήσατε
772 828 881 894 τὰς
910 828 1120 896 ὑδρίας
1152 827 1390 893 ὕδατος.
1442 826 1554 880 Καὶ
1584 826 1935 892 ἐνέπλησαν

346 914 459 979 ἕως
485 914 627 968 ἀνω.
655 914 764 983 Ούχ
797 912 982 975 ἁπλῶς
1016 907 1190 974 εἶπεν,
1227 912 1389 966 Κατὰ
1426 908 1535 964 τὸν
1567 909 1935 977 καθαρισμὸν

347 995 468 1051 τῶν
505 998 830 1061 Ἰουδαίων,
862 995 977 1050 ἀλλ’
998 999 1085 1050 ἵνα
1119 997 1194 1067 μή
1221 1012 1366 1058 τινες
1394 994 1502 1047 τῶν
1526 993 1770 1047 ἀπίστων
1801 993 1934 1046 ὑπο-

350 1082 678 1143 πτεύσωσιν,
730 1082 813 1134 ὅτι
843 1079 1046 1151 τρυγὸς
1084 1079 1230 1133 ἔνδον
1262 1077 1660 1148 ἀπομεινάσης,
1689 1072 1807 1129 εἶτα
1838 1073 1932 1128 τοῦ

350 1166 542 1228 ὕδατος
570 1164 953 1235 ὲπιόληθέντος
987 1164 1081 1217 καὶ
1120 1162 1436 1235 κραθέντος,
1486 1158 1628 1224 οἶνος
1670 1159 1934 1212 λεπτότα-

346 1267 438 1311 τος
465 1250 675 1316 γέγονε.
714 1246 813 1301 Διά
852 1245 1009 1299 τοῦτό
1055 1263 1207 1316 φησι,
1238 1245 1400 1300 Κατὰ
1428 1244 1537 1299 τὸν
1562 1242 1935 1311 καθαρισμὸν

346 1328 469 1383 τῶν
499 1331 823 1395 Ἰουδαίων,
873 1329 1086 1392 δεικνὺς
1133 1329 1213 1381 ὅτι
1256 1328 1512 1381 οὐδέποτε
1556 1328 1739 1380 ἐκεῖνα
1786 1326 1931 1379 οἴνου

346 1415 538 1481 γέγονε
566 1414 747 1484 δοχεῖα
778 1415 847 1467 τὰ
894 1412 1086 1482 σκεύη.
1120 1411 1338 1483 Ἐπειδὴ
1382 1412 1491 1484 γὰρ
1532 1409 1758 1481 ἄνυδρός
1786 1410 1934 1462 ἐστιν

344 1501 378 1567 ή
423 1498 777 1568 Παλαιστίνη,
817 1498 912 1552 καὶ
943 1497 1045 1549 οὑκ
1076 1490 1144 1567 ἦν
1178 1494 1447 1565 πολλαχοῦ
1474 1495 1685 1565 κρήνας
1714 1492 1809 1546 καί.
1835 1510 1935 1563 πη-

344 1582 449 1647 γὰς
501 1582 797 1652 εὑρίσκειν,
851 1579 1124 1651 ἐπλήρουν
1171 1578 1259 1632 ἀεὶ
1318 1578 1419 1641 τὰς
1470 1576 1658 1647 ὑδρίας
1713 1575 1932 1639 ὓδατος,

345 1664 485 1717 ὥστε
530 1665 603 1735 μὴ
637 1664 853 1735 τρέχειν
872 1664 953 1726 εἰς
982 1663 1285 1734 ποταμοὺς,
1314 1662 1496 1715 είποτε
1519 1660 1821 1731 ἀκάθαρτοι
1842 1659 1933 1727 γέ-

345 1766 537 1803 νοιντο,
568 1747 682 1801 ἀλλ’
709 1747 943 1817 ἐγγύθεν
968 1746 1109 1817 ἔχειν
1136 1747 1230 1799 τοῦ
1260 1744 1560 1815 καθαρσίου
1587 1743 1679 1797 τὸν
1706 1743 1929 1813 τρόπον.

344 1832 455 1884 Καὶ
487 1832 540 1885 τί
581 1832 780 1901 δήποτε
816 1831 947 1902 πρὶν
979 1830 1012 1901 ἢ
1045 1828 1271 1900 γεμίσαι
1314 1828 1417 1883 οὑκ
1454 1826 1679 1898 ἐποίησε
1722 1827 1783 1880 16
1831 1842 1930 1897 ση-

348 1919 516 1985 μεῖον,
539 1915 568 1968 δ
595 1914 773 1986 πολλῷ
796 1914 1237 1985 θαυμαστότερον
1260 1908 1364 1985 ἧν;
1391 1912 1620 1985 Ἕτερον
1647 1911 1756 1984 γάρ
1782 1912 1931 1964 ἐστιν

347 1998 477 2068 ὓλην
507 1998 873 2069 ὑποκειμένην
902 1999 983 2061 εἰς
1017 1996 1278 2068 ποιότητα
1315 1994 1666 2066 μεταϐαλεῖν,
1703 1995 1801 2047 καί.
1829 1992 1931 2046 αύ-

343 2082 443 2151 τὴν
469 2083 567 2152 τὴν
595 2082 784 2135 ούσίαν
807 2081 866 2145 ἐξ
893 2081 993 2133 οὑκ
1016 2080 1185 2134 όντων
1211 2081 1457 2150 ποιῆσαι·
1486 2077 1932 2149 θαυμαστότερον

348 2165 448 2234 μὲν
488 2164 598 2235 7&9
641 2166 835 2218 ἐκεῖνο.
894 2162 1036 2217 Ἀλλ’
1086 2163 1184 2234 οὐχ
1226 2161 1400 2226 οὕτως
1448 2161 1514 2215 ἂν
1565 2160 1743 2225 ἔδοξεν
1790 2155 1932 2213 εἶναι

345 2250 536 2301 πιστὸν
562 2252 676 2311 τοῖς
710 2248 946 2312 πολλοῖς.
985 2247 1084 2301 Διά
1133 2246 1292 2300 τοῦτο
1341 2245 1473 2315 γοῦν
1515 2243 1775 2308 πολλάκις
1820 2244 1932 2298 τῶν

344 2333 639 2402 θαυμάτων
671 2332 997 2405 περικόπτει
1025 2332 1086 2385 16
1127 2329 1356 2402 μέγεθος
1390 2330 1555 2393 ἑκὼν,
1587 2328 1729 2382 ὥστε
1763 2328 1932 2382 εὐπα-

346 2416 603 2485 ράδεκτον
638 2416 836 2485 μᾶλλον
866 2414 1144 2484 γενέσθαι.
1176 2414 1287 2469 Καὶ
1320 2413 1463 2476 τίνος
1493 2412 1701 2473 ἓνεκεν,
1742 2411 1929 2480 φησίν,

341 2500 463 2569 οὐχὶ
492 2499 554 2553 τὸ
598 2499 741 2571 ὕδωρ
780 2500 943 2563 αὐτὸς
983 2500 1296 2570 παρήγαγε.
1342 2496 1437 2551 καί
1484 2496 1606 2549 τότε
1647 2495 1740 2549 τὸν
1787 2490 1930 2549 οἶνον

343 2582 564 2647 εδειξεν,
592 2583 728 2637 ἀλλά
750 2587 863 2665 τοῖς
896 2582 1164 2665 διακόνοις
1193 2581 1478 2646 ἐκέλευσε;
1511 2581 1611 2665 Διά
1631 2579 1931 2665 τὴν-αὑτὴν

342 2666 506 2718 πάλιν
530 2666 730 2729 αἰτίαν,
757 2662 852 2719 καὶ
883 2664 971 2717 ἵνα
994 2666 1191 2728 αὐτοὺς
1228 2665 1512 2736 μάρτυρας
1537 2662 1634 2734 έχῃ
1663 2662 1758 2716 τοῦ
1792 2679 1932 2731 γινο-

346 2749 508 2819 μένου
551 2751 675 2811 τοὺς
721 2748 1115 2819 ἀντλήσαντας,
1147 2749 1245 2801 καὶ
1274 2748 1354 2801 ὅτι
1386 2747 1611 2818 οὐδεμία
1660 2745 1933 2815 φαντασία

340 2827 495 2902 ἦντὸ
522 2831 863 2903 τελούμενον.
912 2832 974 2886 El
1027 2831 1136 2902 7&9
1188 2829 1412 2900 ἔμελλόν
1457 2845 1605 2893 τινες
1639 2830 1932 2900 ἀναισχυν-

341 2919 475 2977 τεῖν,
505 2917 768 2985 ἠδύναντο
816 2915 953 2986 πρὸς
986 2915 1185 2977 αὑτοὺς
1218 2912 1399 2981 λέγειν
1436 2913 1487 2966 οἱ
1529 2912 1930 2984 διακονησάμε-

341 3016 443 3053 νοι·
482 3000 675 3069 Ἡμεῖς
692 2999 751 3052 16
768 2997 914 3069 ὕδωρ
941 2998 1306 3068 ὴντλήσαμεν.
1322 2996 1467 3067 Πρὸς
1487 2996 1543 3049 δὲ
1568 2998 1681 3061 τοῖς
1704 2995 1933 3067 εἰρημέ-

342 3100 455 3145 νοις
480 3082 577 3135 καὶ
609 3082 675 3135 τὰ
714 3082 857 3135 κατά
899 3080 1051 3153 [128]
1084 3083 1183 3152 τῆς
1217 3078 1545 3149 Ἐκκλησίας
1575 3078 1932 3150 ἀναφυόμενα

341 3165 591 3236 δόγματα
643 3166 960 3237 ἀνατρέπει.
1000 3163 1218 3235 Ἐπειδὴ
1245 3162 1353 3233 7&9
1396 3163 1502 3217 εἰσί
1551 3180 1698 3227 τινες
1744 3164 1794 3217 οἳ
1835 3162 1930 3217 τοῦ

342 3250 552 3320 κόσμου
577 3250 909 3321 δημιουργὸν
936 3249 1119 3321 ἕτερον
1151 3244 1291 3303 εἶναί
1322 3264 1478 3317 φασι,
1511 3247 1606 3301 καὶ
1633 3248 1733 3300 οὑκ
1764 3246 1932 3300 αὑτοῦ

341 3334 480 3404 εργα
512 3334 582 3388 τά
611 3335 884 3405 δρώμενα,
930 3334 1043 3388 ἀλλ’
1085 3335 1272 3405 ἐτέρου
1304 3333 1448 3396 τινὸς
1495 3333 1739 3387 ἐναντίου
1770 3332 1894 3386 θεοῦ
1914 3349 1928 3364 ·

340 3418 663 3475 καὶτούτων
683 3418 1049 3488 ἐπιστομίζων
1076 3419 1174 3489 τὴν
1205 3417 1424 3488 μανίαν,
1448 3415 1592 3469 οὓτω
1612 3414 1682 3469 τά
1710 3415 1934 3469 πλείονα

340 3504 490 3555 ποιεῖ
518 3502 547 3542 ιι
577 3500 683 3556 τῶν
728 3500 1023 3572 θαυμάτων
1056 3502 1121 3555 ὲκ
1159 3500 1267 3554 τῶν
1311 3500 1687 3571 ὑποκειμένων
1714 3498 1935 3553 οὐσιῶν.

339 3586 410 3639 Εἰ
438 3585 550 3655 γὰρ
577 3584 821 3648 ἐναντίος
851 3585 881 3637 6
920 3582 1251 3655 δημιουργὸς
1276 3579 1346 3654 ἦν
1374 3582 1543 3653 αὐτῷ,
1585 3583 1687 3636 οὑκ
1726 3581 1792 3636 ἂν
1822 3584 1937 3646 τοῖς

339 3668 644 3739 ἀλλοτρίοις
677 3669 952 3739 ἐχρήσατο
990 3667 1127 3738 πρὸς
1159 3666 1260 3738 τὴν
1286 3667 1384 3737 τῆς
1404 3667 1609 3730 οἰκείας
1648 3665 1937 3736 δυνάμεως

340 3753 629 3818 ἐπίδειξιν.
671 3751 787 3805 Νῦν
817 3751 1001 3823 μέντοι
1033 3750 1272 3813 δεικνὺς,
1307 3750 1389 3803 ὅτι
1420 3750 1585 3812 αὑτός
1614 3750 1764 3802 ἐστιν
1803 3751 1832 3803 ό
1876 3750 1936 3802 ἐν

336 3839 465 3899 ταῖς
498 3836 768 3907 ἀμπέλοις
804 3833 866 3887 16
910 3833 1055 3906 ὕδωρ
1103 3832 1479 3904 μεταϐάλλων,
1508 3833 1604 3886 καὶ
1643 3832 1737 3886 τὸν
1779 3832 1935 3886 ὑετὸν

337 3921 435 3973 διὰ
457 3921 557 3991 τῆς
581 3920 739 3991 ῥίζης
768 3921 849 3983 εἰς
878 3914 1018 3973 οἶνον
1049 3918 1287 3989 τρέπων,
1309 3919 1447 3990 ὅπερ
1479 3918 1536 3971 ἐν
1562 3916 1642 3986 τῷ
1671 3915 1825 3988 φυτῷ
1849 3917 1937 3972 διά

338 4002 545 4056 πολλοῦ
584 4003 775 4075 χρόνου
825 4002 1056 4071 γίνεται,
1096 4000 1258 4055 τοῦτο
1290 4000 1488 4071 ἀθρόον
1538 4001 1597 4053 ἐν
1644 3998 1723 4071 τῷ
1770 4000 1937 4072 γάμῳ

339 4087 663 4157 εἰργάσατο.
705 4085 925 4157 Ἐπειδὴ
957 4085 1013 4139 δὲ
1050 4084 1313 4156 ἐγέμισαν
1346 4084 1446 4149 τὰς
1492 4084 1701 4155 ὑδρίας,
1744 4085 1934 4156 φησίν·

353 4168 722 4237 Ἀντλήσατε
779 4168 919 4233 νῦν,
962 4168 1059 4222 καί
1112 4167 1321 4237 φέρετε
1362 4167 1444 4233 τῷ
1486 4168 1935 4237 ἀρχιτρικλίνῳ.

338 4252 461 4307 Καὶ
507 4251 791 4321 ἤνεγκαν.
826 4252 920 4317 Ὠς
964 4250 1033 4305 δὲ
1079 4252 1372 4321 ἐγεύσατο
1416 4253 1451 4305 ό
1490 4252 1941 4321 ἀρχιτρίκλινος

339 4338 414 4389 τὸ
442 4336 598 4405 ὕδωρ
629 4332 800 4390 οἶνον
834 4335 1258 4405 γεγενημένον,
1286 4335 1385 4389 καί
1429 4336 1541 4388 οὐκ
1580 4333 1713 4404 ᾔδει
1754 4336 1942 4388 πόθεν

339 4421 523 4473 ἐστὶν
548 4422 623 4490 (οί
663 4418 733 4473 δὲ
765 4419 1035 4474 διάκονοι
1082 4418 1338 4489 ᾔδεισαν
1368 4420 1424 4472 οι
1463 4419 1836 4487 ἠντληκότες
1871 4419 1941 4473 τό

344 4503 568 4575 ὕδωρ),
594 4503 786 4573 φωνεῖ
826 4504 933 4557 τόν
962 4504 1227 4573 νυμφίον
1254 4506 1287 4557 ὁ
1319 4503 1786 4572 ἀρχιτρίκλινος,
1840 4505 1941 4558 καί

342 4586 515 4655 λέγει
562 4585 760 4652 αὐτῷ·
799 4586 925 4653 Πᾶς
965 4586 1276 4656 ἅνθρωπος
1321 4584 1560 4655 πρῶτον
1602 4584 1712 4639 τὸν
1747 4587 1943 4641 καλὸν

346 4667 523 4725 οἶνον
568 4672 793 4737 τίθησι,
852 4671 951 4724 καὶ
1015 4671 1160 4723 ὅταν
1203 4667 1574 4739 μεθυσθῶσι,
1638 4671 1773 4724 τότε
1831 4671 1943 4725 τὸν

348 4754 615 4808 ἐλάσσω.
642 4753 728 4807 Σὺ
750 4753 1083 4821 τετήρηκας
1109 4752 1216 4806 τὸν
1242 4752 1435 4806 καλὸν
1462 4748 1631 4806 οἶνον
1649 4752 1761 4819 ἕως
1784 4753 1938 4821 ἄρτι.

352 4838 527 4891 Πάλιν
551 4836 790 4891 ἐνταῦθά
816 4853 963 4900 τινες
988 4834 1395 4889 ἐπισκώπτουσι
1426 4846 1449 4875 ο
1482 4835 1758 4905 λέγοντες·
1781 4836 1942 4891 Οὕτω

354 4922 666 4991 μεθυόντων
696 4920 1001 4992 ἀνθρώπων
1029 4920 1058 4972 ό
1091 4919 1347 4987 σύλλογος
1377 4916 1467 4991 ἦν,
1496 4921 1592 4974 καὶ
1628 4922 1661 4992 ή
1687 4920 1943 4993 αἴσθησις

348 5005 460 5058 τῶν
486 5004 784 5073 κρινόντων
812 5001 1206 5074 διεφθαρμένη,
1230 5004 1325 5056 καὶ
1352 5004 1452 5073 οὐχ
1476 5002 1634 5075 ἱκανὴ
1659 5004 1943 5057 ἀντιλαϐέ-

353 5086 481 5139 σθαι
508 5087 615 5139 τῶν
638 5085 962 5157 γινομένων,
1009 5085 1130 5139 οὐδὲ
1177 5088 1359 5156 κρῖναι
1385 5088 1496 5151 τοῖς
1521 5087 1941 5157 πραττομένοις,

349 5168 428 5232 ώς
458 5168 593 5239 μηδὲ
623 5169 822 5222 εἰδέναι
874 5170 1101 5241 πότερον
1132 5168 1276 5239 ὔδωρ
1318 5168 1352 5240 ἢ
1398 5166 1539 5233 οἰνος
1564 5169 1626 5222 16
1655 5170 1942 5241 γινόμενον

350 5248 442 5321 ἦν·
477 5253 558 5304 ὅτι
584 5252 694 5323 γὰρ
717 5253 967 5322 ἐμέθυον,
998 5254 1161 5317 αὑτὸς
1188 5257 1216 5306 ό
1248 5253 1649 5324 ἀρχιτρίκλινος
1670 5253 1837 5321 ἔδειξε
1872 5254 1942 5307 δι’

352 5331 429 5389 ὧν
460 5332 629 5390 εἶπεν.
652 5336 905 5391 Μάλιστα
937 5338 1035 5408 μὲν
1060 5338 1153 5390 καί¹
1183 5335 1341 5390 τοῦτο
1367 5336 1597 5404 γελοῖον
1640 5337 1780 5408 πλὴν
1804 5338 1943 5392 ἀλλά

355 5421 453 5473 καὶ
488 5420 691 5491 ταύτην
716 5420 896 5473 αὑτῶν
932 5419 1159 5488 ἐξέκοψε
1192 5420 1292 5491 τὴν
1321 5419 1558 5489 ὑποψίαν
1596 5420 1625 5474 6
1652 5420 1943 5491 εὐαγγελι-

358 5506 511 5573 στής.
548 5505 624 5557 Ού
660 5506 770 5575 7&9
798 5504 925 5566 τοὺς
963 5504 1291 5573 δαιτυμόνας
1321 5497 1462 5556 εἶναί
1496 5520 1629 5574 φησι
1674 5505 1797 5568 τοὺς
1838 5505 1944 5574 ψη·

355 5588 683 5657 φιζομένους
726 5588 857 5658 περί
899 5588 993 5640 τοῦ
1035 5588 1355 5658 γενομένου,
1398 5586 1534 5641 ἀλλά
1572 5587 1664 5641 τὸν
1694 5589 1943 5661 ἀρχιτρί-

356 5670 539 5723 κλινον
562 5672 656 5723 τὸν
676 5674 915 5743 νήφοντα
954 5673 1049 5725 καὶ
1070 5671 1285 5735 οὑδενὸς
1324 5671 1541 5724 ούδέπω
1588 5673 1940 5743 γεγευμένον.

420 5754 449 5781 ⁸
485 5752 659 5801 Morel.
686 5754 761 5802 διὸ
792 5753 875 5801 καί
915 5754 1002 5810 τήν
1042 5756 1258 5811 ὑπακοὴν
1300 5754 1628 5802 ἀναϐάλλεται.
1718 5754 1744 5793 b
1766 5754 1939 5806 Morel.

356 5815 500 5861 ποιεῖ.
540 5814 688 5863 Savil.
738 5815 961 5863 ποιεῖται.
1019 5814 1117 5864 Sed
1160 5829 1336 5865 omnes
1391 5830 1506 5865 mss.
1566 5815 1692 5863 ποιεῖ
1736 5815 1941 5868 habent.

359 5876 389 5921 V
407 5876 664 5939 ideluyque
691 5875 846 5924 Savil.
866 5876 1077 5939 nauita:
1100 5880 1341 5938 posuisse,
1364 5877 1477 5939 quia
1512 5877 1639 5939 apud
1669 5878 1792 5926 alios
1820 5879 1944 5928 scri—

360 5945 527 6003 ptoyes
548 5938 695 6003 lopge
706 5938 932 6003 usitatior
950 5946 1029 6003 εει
1050 5939 1151 5985 hanc
1170 5939 1318 5986 forma
1338 5938 1526 6003 passim
1550 5940 1598 6003 in
1624 5943 1782 5988 activo
1793 5953 1942 5989 sensu

365 5998 560 6065 911§|la._
593 5999 777 6065 Verum
823 5998 920 6065 £195;
949 6000 1189 6065 frequens
1233 6008 1312 6048 cst
1339 5998 1480 6065 'apud
1524 6002 1939 6063 Chrysoslomum.

368 6060 393 6086 ‘
412 6059 578 6110 Morel.
612 6067 663 6110 cl
683 6063 791 6111 cod.
823 6059 917 6110 703
945 6060 1303 6118 ἐπισκήπτουσι.

1358 380 1436 437 .IN
1475 378 1794 437 JOANNEM
1835 376 2071 435 "OMIL.
2104 378 2273 438 XXII.
2315 378 2387 439 al;
2423 380 2564 438 XXI.

3516 377 3621 434 156

2042 492 2185 545 Ἰστε
2222 493 2331 565 7&9
2359 492 2533 564 δήπου
2564 491 2723 547 τοῦτο
2753 492 2975 557 πάντες,
3011 493 3093 547 ὅτι
3125 489 3360 563 μάλιστα
3403 492 3625 545 πάντων

2036 575 2208 645 οῖτὴν
2229 575 2503 629 διακονίαν
2525 575 2634 629 τῶν
2674 578 2933 631 τοιούτων
2978 575 3476 646 ἐμπεπιστευμένοι
3518 575 3625 630 δεί-

2037 653 2368 720 πνων,οὗτοι
2394 658 2630 729 μάλιστά
2658 661 2794 712 εἰσιν
2823 661 2872 712 οἰ
2901 661 3185 729 νήφοντες,
3215 658 3273 710 ἓν
3298 658 3457 729 ἔργον
3482 658 3627 728 έχον-

2032 757 2145 805 τες,
2175 741 2236 794 τὸ
2264 742 2323 794 ἐν
2350 741 2540 812 κόσμῳ
2566 742 2660 795 καὶ
2686 744 2745 795 ἐν
2768 742 2918 806 τάξει
2956 742 3133 795 πάντα
3173 741 3490 794 διατιθέναι.
3525 740 3627 793 Διά

2031 824 2193 878 τοῦτο
2231 824 2330 895 τὴν
2364 826 2641 895 νήφουσαν
2672 826 2926 896 αἴσθησιν
2957 825 3163 896 ταύτην
3197 826 3275 887 είς
3315 824 3624 895 μαρτυρίαν

2032 909 2145 961 τῶν
2197 909 2500 979 γινομένων
2548 909 2828 964 ἐκάλεσεν.
2884 911 2959 963 UO
3007 910 3116 980 7&9
3150 905 3326 973 εἷπεν,
3364 908 3623 979 Οἰνοχοή-

2036 1009 2165 1046 σατε
2193 991 2221 1031 ἀ
2262 995 2376 1055 τοῖς
2415 993 2815 1063 ἀνακειμένοις,
2853 992 3010 1056 ἀλλὰ,
3058 993 3270 1060 Φέρετε
3318 991 3399 1058 τῷ
3453 993 3623 1061 ἀρχι-

2033 1076 2335 1142 τρικλίνῳ.
2380 1075 2474 1140 Ὠς
2523 1074 2592 1128 δὲ
2641 1076 2933 1143 ἐγεύσατο
2973 1079 3005 1129 ό
3059 1070 3507 1145 ἀρχιτρίκλινος
3554 1075 3623 1129 τύ

2033 1158 2191 1227 ὕδωρ
2246 1154 2417 1211 οἶνον
2466 1157 2888 1229 γεγενημένον,
2948 1157 3048 1211 καί
3105 1162 3217 1212 οὐκ
3258 1157 3387 1227 ᾗδει
3438 1158 3625 1211 πόθεν

2033 1244 2206 1297 ἐστὶν
2240 1246 2314 1316 (οί
2340 1244 2410 1297 δέ
2458 1243 2728 1297 διάκονοι
2762 1244 3059 1313 ᾔδεισαν),
3104 1244 3289 1313 φωνεῖ
3325 1243 3433 1297 τὸν
3469 1260 3621 1311 νυμ-

2033 1326 2176 1395 φίον
2213 1330 2246 1381 ὀ
2288 1327 2751 1396 ἀρχιτρίκλινος.
2798 1327 2911 1382 Καὶ
2949 1328 3094 1391 τίνος
3140 1328 3325 1380 ἕνεκεν
3372 1328 3447 1397 μὴ
3493 1326 3623 1388 τοὺς

2032 1410 2315 1474 διακόνους
2341 1411 2653 1482 ἐφώνησεν;
2690 1410 2835 1465 οὕτω
2869 1410 2978 1483 γὰρ
3013 1414 3080 1465 ἂν
3108 1412 3202 1463 καί
3231 1411 3291 1463 16
3322 1409 3509 1480 θαῦμα
3542 1408 3625 1474 ἐξ·

2034 1493 2339 1565 εκαλύφθη.
2369 1495 2492 1549 Ὀτι
2519 1495 2640 1548 ούδέ
2680 1495 2843 1558 αὐτὸς
2874 1496 2903 1547 6
2939 1495 3146 1566 Ἰησοῦς
3186 1493 3522 1558 ἐξεκάλυπτε
3559 1493 3625 1546 16

2031 1577 2277 1646 γεγονὸς,
2310 1576 2425 1631 ἀλλ’
2454 1577 2639 1649 ἠρέμα
2668 1579 2762 1631 καλ⁸
2796 1577 2936 1631 κατὰ
2974 1578 3169 1649 μικρὸν
3203 1576 3452 1629 ἐϐούλετο
3476 1593 3623 1643 γνω-

2035 1664 2287 1734 ρισθῆναι
2314 1674 2337 1702 ο
2359 1663 2468 1717 τῶν
2500 1664 2743 1733 σημείων
2763 1664 2861 1733 τὴν
2885 1663 3133 1732 δύναμιν.
3161 1664 3223 1716 Εἰ
3255 1662 3354 1732 μὲν
3383 1658 3476 1715 οῦν
3500 1661 3624 1714 τότε

2029 1747 2294 1817 ἠλέγχθη,
2321 1748 2421 1800 οὑκ
2450 1746 2517 1801 ἂν
2560 1747 2908 1818 διηγούμενοι
2956 1749 3004 1800 οἰ
3051 1747 3289 1800 διάκονοι
3326 1745 3502 1799 ταῦτα
3554 1744 3623 1798 ἂν

2033 1832 2471 1905 ἐπιστεύθησανο
2520 1831 2636 1885 ἀλλ’
2683 1832 2869 1898 ἔδοξαν
2903 1830 2970 1884 ἂν
3004 1829 3311 1900 μαίνεσθαι,
3350 1830 3625 1901 ἀνθρώπῳ

2030 1915 2175 1988 ψιλῷ
2207 1919 2319 1980 τοῖς
2354 1916 2571 1980 πολλοῖς
2600 1910 2741 1969 εἶναι
2780 1913 3028 1967 δοκοῦντι
3058 1914 3179 1966 τότε
3218 1912 3443 1966 τοιαῦτα
3485 1929 3625 1982 μαρ-

2028 2001 2345 2073 τυροῦντες.
2381 2001 2547 2054 Αὐτοὶ
2578 2000 2678 2070 μέν
2702 1998 2813 2071 7&9
2838 1998 2931 2052 καὶ
2962 1997 3052 2051 διὰ
3079 1998 3179 2069 τῆς
3219 1998 3414 2069 πείρας
3437 1995 3499 2049 16
3528 2014 3625 2051 σα-

2033 2085 2133 2154 φές
2159 2084 2424 2154 ἕγνωσαψ
2455 2084 2516 2137 οὑ
2541 2084 2650 2155 7&9
2686 2082 2752 2154 δή
2788 2084 2911 2146 ταῖς
2941 2080 3151 2136 ἑαυτῶν
3185 2081 3374 2152 χερσὶν
3398 2079 3625 2151 ἔμελλον

2031 2170 2304 2224 ἀπιστεῖν·
2368 2167 2518 2241 [129]
2568 2167 2791 2238 ἐτέρους
2837 2167 2895 2219 δὲ
2953 2164 3282 2219 πιστοῦσθαι
3334 2165 3435 2218 οὑκ
3481 2159 3625 2235 ἦσαν

2031 2253 2228 2310 ἱκανοί.
2268 2254 2366 2308 Διά
2412 2253 2571 2307 τοῦτο
2615 2253 2735 2305 οὐδὲ
2790 2251 2951 2315 αὐτὸς
3012 2249 3344 2319 ἐξεκάλυψεν
3394 2248 3620 2309 ἅπασιν,

2032 2338 2170 2393 ἀλλά
2190 2338 2269 2409 τῷ
2303 2338 2540 2409 μάλιστα
2578 2337 2809 2391 συνιδεῖν
2844 2335 2907 2389 16
2930 2336 3153 2404 γεγονὸς
3182 2333 3490 2405 δυναμένῳ,
3524 2333 3625 2402 τὴν

2033 2423 2376 2492 σαφεστέραν
2397 2420 2562 2474 αὑτοῦ
2590 2420 2793 2489 γνῶσιν
2822 2418 2899 2490 τῷ
2936 2419 3186 2490 μέλλοντι
3215 2418 3392 2491 χρόνῳ
3418 2414 3621 2488 τηρῶν.

2030 2505 2187 2561 Μετά
2224 2506 2332 2576 7&9
2376 2505 2475 2577 τὴν
2512 2504 2623 2558 τῶν
2665 2502 2868 2557 λοιπῶν
2917 2503 3160 2574 σημείων
3203 2500 3482 2566 ἐπίδειξιν,
3528 2500 3626 2553 καὶ

2030 2590 2191 2645 τοῦτο
2219 2589 2442 2661 ἔμελλεν
2473 2584 2615 2642 εἶναι
2648 2588 2862 2642 πιστόν.
2892 2588 3021 2641 Ὅτε
3056 2586 3188 2653 γοῦν
3216 2586 3310 2639 τοῦ
3338 2582 3624 2656 βασιλικοῦ

2030 2674 2126 2727 16v
2162 2673 2277 2727 υἱὸν
2305 2672 2532 2743 ὓστερον
2573 2672 2903 2742 θεραπεύει,
2949 2670 3017 2723 δι’
3048 2665 3124 2723 ὧν
3159 2672 3277 2722 ἐκεῖ
3302 2668 3473 2738 λέγει,
3509 2667 3622 2721 δεί-

2032 2774 2224 2811 κνυσιν
2251 2757 2279 2808 6
2306 2754 2701 2826 εὑαγγελιστής
2738 2756 2822 2809 ὅτι
2862 2754 2957 2807 καὶ
2985 2752 3143 2806 τοῦτο
3173 2752 3505 2824 σαφέστερον
3535 2750 3626 2820 γέ-

2032 2858 2182 2911 γονε.
2225 2840 2324 2894 Διά
2369 2841 2479 2909 7&9
2521 2838 2681 2891 τοῦτο
2710 2837 2945 2909 μάλιστα
2988 2837 3151 2890 αὑτὸν
3192 2836 3451 2891 ἐκάλεσεν
3490 2836 3628 2890 ἐκεῖ·

2033 2943 2145 2990 νος,
2180 2924 2369 2996 ἐπειδὴ
2404 2924 2465 2977 16
2508 2925 2732 2989 σημεῖον
2760 2920 3015 2991 ἐγνωκὼς
3043 2916 3131 2989 ἦν,
3154 2920 3345 2992 ὥσπερ
3372 2920 3531 2990 ἔφην.
3558 2921 3628 2972 Ὁ

2032 3011 2127 3062 καὶ
2155 3008 2331 3079 δηλῶν
2366 3007 2385 3046 ί
2422 3007 2676 3077 ’ῐωάννης
2701 3005 2905 3074 έλεγενσ
2946 3000 3167 3059 *Ηλθεν
3196 3006 3229 3057 ὁ
3263 3002 3504 3071 Ἰησοῦς
3536 3003 3628 3068 είς

2032 3091 2149 3159 τὴν
2174 3090 2343 3146 Κανᾶ
2374 3089 2485 3157 τῆς
2519 3090 2869 3155 Γαλιλαίας,
2903 3088 3058 3142 ὅπου
3086 3087 3341 3153 ἐποίησε
3372 3088 3437 3140 τὸ
3466 3084 3629 3155 ὕδωρ

2033 3171 2222 3230 οἷνον’
2256 3175 2353 3244 οὐχ
2389 3172 2574 3236 ἁπλῶς
2610 3172 2668 3225 δὲ
2706 3168 2871 3234 οἶνον,
2906 3170 3022 3246 ἀλλ’
3059 3168 3201 3223 οἶνον
3244 3168 3550 3224 κάλλιστον.

2104 3265 2176 3328 γ’.
2193 3258 2430 3311 Τοιαῦτα
2449 3256 2558 3327 7&9
2572 3257 2665 3309 τοῦ
2684 3257 2727 3309 Χ
2740 3254 2923 3327 ριστοῦ
2944 3256 3013 3310 τά
3027 3253 3301 3325 θαύματα,
3317 3252 3499 3324 πολλῷ
3517 3251 3629 3306 τῶν

2031 3341 2122 3396 διὰ
2148 3340 2363 3411 φύσεως
2404 3339 2744 3409 τελουμένων
2775 3338 3082 3409 ώραιότερα
3124 3338 3335 3406 γίνεται
3367 3336 3463 3389 καὶ
3508 3336 3623 3407 βελ-

2032 3424 2156 3481 τίω.
2193 3424 2349 3478 Οῦτω
2394 3424 2489 3477 καί
2533 3423 2626 3476 ἐπὶ
2670 3422 2780 3475 τῶν
2821 3420 3019 3484 ἄλλων,
3055 3422 3145 3474 ὅτε
3188 3420 3348 3491 μέλος
3391 3418 3628 3490 διώρθου

2037 3507 2290 3578 σώματος
2330 3505 2599 3577 χωλεῦον,
2642 3505 2752 3557 τῶν
2798 3504 3154 3573 ὑγιαινόντων
3213 3502 3424 3556 ἐδείκνυ
3466 3500 3630 3554 τοῦτο

2035 3592 2277 3663 ἄμεινον.
2306 3592 2427 3644 Ὅτι
2456 3590 2553 3661 μὲν
2580 3585 2672 3642 οὖν
2699 3585 2862 3652 οἶνος,
2890 3588 2985 3642 καὶ
3010 3582 3151 3651 οἶνος
3184 3586 3471 3648 κάλλιστος
3498 3580 3567 3655 ἦν
3598 3586 3628 3638 6

2034 3674 2424 3746 γεγενημένος,
2458 3674 2558 3743 οὑχ
2590 3673 2640 3725 οἰ
2669 3671 2907 3725 διάκονοι
2943 3669 3113 3741 μόνοι,
3140 3669 3278 3723 ἀλλά
3302 3669 3397 3723 καὶ
3423 3670 3452 3722 ό
3488 3685 3631 3737 νυμ-

2038 3758 2159 3827 φίος
2186 3759 2281 3811 καὶ
2309 3759 2337 3810 6
2377 3755 2779 3827 ἀρχιτρίκλινος
2824 3755 3123 3825 μαρτυρεῖν
3154 3752 3377 3823 ἔμελλον
3397 3767 3413 3783 °
3454 3753 3537 3806 ὅτι
3568 3749 3631 3807 δὲ

2037 3842 2143 3895 ὑπὸ
2174 3839 2268 3895 τοῦ
2302 3839 2540 3911 Χριστοῦ
2572 3838 2961 3908 γεγενημένος.
2989 3838 3039 3890 οἰ
3061 3836 3124 3889 16
3158 3835 3301 3908 ὕδωρ
3330 3834 3632 3907 ἀντλήσαν-

2036 3945 2148 3991 τες.
2169 3927 2331 3979 Ὥστε
2364 3926 2413 3977 εἰ
2437 3923 2532 3977 καὶ
2566 3924 2642 3993 μὴ
2663 3922 2786 3975 τότε
2809 3918 3156 3993 ἐξεκαλύφθη
3186 3920 3247 3974 16
3280 3918 3488 3990 θαῦμα,
3512 3916 3631 3973 ἀλλ’

2036 4010 2187 4081 ὅμως
2214 4010 2296 4071 είς
2318 4008 2402 4061 τέ)
2413 4025 2471 4070 ος
2499 4006 2789 4077 σιγηθῆναι
2814 4006 2916 4058 οὑκ
2938 4000 3112 4075 εἶχεν·
3137 4002 3281 4057 οὑτω
3306 4002 3506 4067 πολλὰς
3535 4001 3635 4059 καὶ

2039 4093 2345 4161 ἀναγκαίας
2380 4089 2530 4161 αύτῷ
2561 4089 2698 4161 πρὸς
2730 4088 2792 4149 16
2822 4088 3016 4160 μέλλον
3056 4086 3398 4159 προαπέθετο
3423 4102 3634 4157 μαρτυ-

2042 4175 2184 4248 ρίας.
2217 4173 2324 4229 Τοῦ
2366 4174 2465 4245 μὲν
2498 4172 2607 4244 7&9
2639 4172 2700 4226 16
2727 4170 2873 4241 ὕδωρ
2907 4167 3048 4225 οἶνον
3091 4171 3318 4241 ποιῆσαι
3354 4171 3482 4233 τοὺς
3516 4169 3635 4223 διαο

2040 4260 2231 4323 κόνους
2264 4260 2550 4329 μάρτυρας
2598 4252 2747 4327 εἶχε·
2801 4255 2897 4310 τοῦ
2942 4255 3002 4310 66
3050 4255 3214 4310 καλὸν
3256 4253 3510 4323 γενέσθαι
3541 4254 3636 4309 τὸν

2039 4339 2204 4407 οἶνον,
2230 4343 2322 4396 τὸν
2353 4339 2761 4413 ἀρχιτρίκλινον
2796 4341 2892 4394 καὶ
2925 4340 3018 4393 τὸν
3046 4340 3301 4411 νυμφίον.
3341 4340 3501 4403 Εἰκὸς
3534 4338 3635 4409 μὲν

2041 4424 2136 4484 οὖν
2162 4428 2256 4481 τὸν
2283 4426 2517 4497 νυμφίον
2548 4425 2952 4496 ἀποκρίνασθαί
2974 4442 3027 4477 τι
3056 4425 3194 4495 πρὸς
3222 4423 3418 4487 ταῦτα,
3441 4424 3537 4478 καί
3563 4424 3637 4476 εἰ·

2041 4511 2165 4562 πεῖν
2186 4525 2200 4538 ο
2230 4506 2370 4578 πλὴν
2396 4506 2511 4559 ἀλλ’
2534 4506 2563 4558 6
2594 4504 2984 4575 εὑαγγελιστὴς
3014 4504 3370 4574 ἐπειγόμενος
3403 4504 3540 4576 πρὸς
3564 4502 3636 4556 τὰ

2040 4586 2443 4657 ἀναγκαιότερα
2462 4584 2570 4639 τῶν
2596 4584 2958 4656 πραγμάτων,
2985 4583 3263 4653 ἁψάμενος
3282 4582 3376 4637 τοῦ
3402 4584 3634 4653 σημείου

2040 4667 2232 4723 τούτου
2260 4665 2439 4736 μόνον,
2464 4665 2781 4736 παρέδραμε
2804 4662 2875 4717 τὰ
2900 4664 3083 4717 λοιπά.
3107 4662 3181 4715 T6
3205 4664 3315 4734 7&9
3335 4663 3635 4730 ἀναγκαῖον

2039 4742 2109 4819 ἦν
2132 4745 2344 4815 μαθεῖν,
2362 4745 2445 4798 ὃτι
2466 4740 2609 4797 οῐνον
2634 4744 2695 4796 16
2716 4742 2860 4815 ὕδωρ
2889 4743 3130 4819 ἐποίησε,
3153 4742 3249 4795 καὶ
3270 4736 3413 4794 οἶνον
3432 4740 3597 4794 καλόν
3616 4758 3630 4771 ·

2041 4817 2094 4881 τί
2124 4827 2181 4880 66
2206 4824 2343 4896 πρὸς
2363 4824 2456 4877 τὸν
2485 4822 2890 4895 ἀρχιτρίκλινον
2910 4817 3062 4875 εἷπεν
3084 4823 3113 4875 ὁ
3137 4821 3392 4891 νυμφίος,
3421 4822 3523 4874 οὐκ
3553 4820 3636 4873 ἔτι

2042 4908 2339 4974 ἀναγκαῖον
2363 4903 2615 4975 ἐνόμισεν
2639 4898 2778 4955 εἶναι
2812 4901 3151 4972 προσθεῖναι.
3182 4900 3361 4956 Πολλά
3387 4900 3496 4971 γὰρ
3524 4899 3637 4954 τῶν

2043 4985 2287 5056 σημείων
2314 4982 2578 5055 πρότερον
2602 4982 2732 5035 ὄντα
2760 4980 3126 5053 ἀμυδρότερα,
3151 4982 3246 5035 τοῦ
3274 4981 3468 5052 χρόνου
3504 4996 3638 5049 προ-

2040 5065 2215 5128 ϊόντος
2240 5063 2553 5133 σαφέστερα
2572 5062 2820 5131 γέγονεν,
2853 5060 2959 5114 ὑπὸ
2988 5062 3097 5116 τῶν
3125 5061 3185 5126 ἐξ
3212 5062 3386 5132 ἀρχῆς
3415 5060 3635 5113 εἰδότων

2043 5144 2183 5198 αὐτὰ
2202 5142 2491 5213 ἀκριϐέστε
2501 5158 2590 5213 ρον
2613 5139 2947 5209 ἀγγελθέντα
2967 5142 3013 5196 ε.
3035 5141 3170 5194 Τότε
3188 5145 3286 5213 μὲν
3314 5136 3407 5193 οῦν
3420 5136 3559 5192 οἰνον
3577 5136 3637 5203 ἐξ

2044 5222 2237 5286 ὓδατος
2267 5222 2523 5291 ἐποίησεν
2551 5222 2579 5274 ό
2608 5218 2844 5291 Ἰησοῦςο
2870 5222 2964 5273 καὶ
2977 5221 3099 5275 τότε
3119 5220 3175 5273 δὲ
3210 5221 3303 5273 καὶ
3319 5218 3414 5272 νῦν
3439 5234 3639 5288 προαι-

2045 5301 2229 5374 ρέσεις
2258 5300 2461 5370 χαύνας
2495 5300 2591 5353 καὶ
2611 5298 2969 5371 διαρρεούσας
2997 5299 3352 5370 μεταϐάλλων
3375 5298 3439 5350 οὑ
3466 5294 3636 5349 παύε-

2042 5398 2153 5434 ται.
2169 5380 2289 5432 Εἰσὶ
2310 5378 2583 5450 γὰρ,εἰσίν
2600 5377 2697 5431 ἄνθ
2706 5395 2877 5449 ρωποι
2892 5378 3044 5431 οὐδὲν
3062 5377 3251 5440 ὓδατος
3268 5377 3636 5446 διαφέροντες,
3671 5383 3714 5443 ι

2042 5458 2186 5512 οὕτω
2210 5458 2408 5529 ψυχροί
2430 5459 2525 5512 καὶ
2555 5457 2745 5528 χαῦνοι
2767 5458 2862 5511 καὶ
2883 5458 3137 5511 οὐδέποτε
3153 5456 3474 5523 έστηκότες.
3498 5456 3638 5519 Τοὺς

2042 5539 2107 5610 δὴ
2119 5538 2261 5592 οὑτω
2275 5537 2653 5607 διακειμένους
2672 5536 3041 5608 προσάγωμεν
3058 5536 3137 5606 τῷ
3157 5535 3367 5607 Κυρίῳ,
3381 5534 3521 5587 ὥστε
3539 5534 3640 5587 αὑ·

2042 5618 2152 5671 τῶν
2165 5621 2191 5659 h
2205 5619 2305 5687 τὴν
2327 5620 2647 5688 προαίρεσιν
2662 5617 2743 5679 εἰς
2757 5617 2856 5685 τὴν
2883 5615 2976 5668 τοῦ
2995 5615 3140 5668 οἴνου
3162 5614 3475 5686 μεταθεῖναι
3500 5614 3636 5680 ἕξιν,

2043 5699 2185 5752 ὥστε
2217 5697 2416 5768 μηκέτι
2437 5697 2701 5768 διαρρεῖν,
2716 5695 2830 5748 ἀλλ’
2848 5694 2992 5765 ἔχειν
3013 5695 3073 5748 16
3090 5694 3524 5766 ἐπεστυμμένον,
3542 5693 3640 5748 καὶ

2043 5776 2382 5846 εὐφροσύνης
2415 5778 2508 5830 καὶ
2533 5777 2746 5837 ἑαυτοῖς
2774 5774 2869 5828 καὶ
2897 5774 3104 5845 ἐτέροις
3134 5774 3380 5843 γίνεσθαι
3409 5775 3635 5837 αἰτίους.

2115 5851 2346 5920 Τίνες’δ’
2377 5857 2442 5909 ἂν
2482 5851 2591 5908 εἷεν
2627 5848 2774 5907 οὗτοι
2810 5853 2860 5905 οἰ
2890 5854 3110 5924 ψυχροὶ.
3140 5853 3173 5923 ἢ
3214 5854 3263 5906 οἰ
3308 5855 3418 5915 τοῖς
3454 5853 3640 5921 ῥέουσι

2105 5942 2130 5983 ιι
2160 5944 2329 5993 Morel.
2352 5947 2645 6007 οἰνοχοῆσαι.
2735 5953 2757 5979 ε
2784 5943 2931 6007 Sam.
2954 5945 3274 6007 γνωσθῆναικ
3315 5938 3334 5978 ἲ
3363 5940 3514 6007 Savjl.
3536 5942 3641 5989 υἱὸν

2046 6008 2210 6064 ἔμελλε
2231 6003 2518 6066 θεραπεύειν,
2540 6006 2779 6061 ἐδήλωσεν
2798 6008 2824 6049 ό
2848 6004 3234 6066 εὐαγγελιστὴς...
3250 6003 3365 6065 ὅπερ
3386 6004 3465 6066 καὶ
3484 6018 3638 6066 παρα·

2047 6071 2218 6126 δηλῶν.
2274 6064 2298 6110 5
2322 6066 2472 6118 Savil.
2504 6068 2858 6129 ἀναγγελθέντα.
2928 6064 2955 6103 ³
2977 6067 3184 6126 Quidam
3208 6064 3515 6114 ὣστεαὺτόν.
