4094 6370
431 341 533 399 13]

419 458 514 510 τοῦ
561 459 831 528 παρόντος
871 459 988 530 βίου
1038 460 1399 530 προσέχοντες
1444 464 1797 534 πράγμασιν,
1836 462 1888 513 οἱ
1930 459 2005 531 μὴ

420 541 824 609 καταγελῶντες
863 542 962 613 τῆς
995 541 1227 596 ἐνταῦθα
1256 544 1491 615 τρυφῆς,
1517 547 1565 599 οἱ
1594 545 1752 616 δόξης
1794 545 1887 597 καὶ
1917 543 2007 596 δυ-

419 624 672 686 ναστείας
702 625 962 694 ἑρασταί;
994 626 1177 680 Ταῦτα
1206 628 1315 698 γὰρ
1350 627 1528 682 πάντα
1561 627 1810 699 ῥεύματά
1835 630 2005 691 ἐστιν,

423 709 687 779 ἱστάμενα
714 709 813 779 μὲν
838 708 1096 779 οὐδαμοῦ,
1120 711 1261 764 κατὰ
1278 712 1333 764 δὲ
1358 711 1598 782 πρανοῦς
1620 712 1705 765 ἀεὶ
1732 711 2007 782 φερόμενα

424 792 563 859 μετά
590 790 784 862 πολλῆς
808 792 904 862 τῆς
931 792 1128 863 ῥύμης.
1152 792 1257 848 Καὶ
1283 793 1390 865 γὰρ
1418 797 1446 848 ὁ
1472 796 1711 866 σήμερον
1733 794 2004 858 πλούσιος,

422 871 613 943 αὑριον
642 875 846 945 πένηςο
888 875 916 926 ό
952 878 1191 946 σήμερον
1232 878 1370 947 μετὰ
1413 879 1651 949 κήρυκος
1699 879 1792 933 καὶ
1832 877 2008 948 ζώνης

422 956 517 1008 καὶ
562 956 838 1028 ὀχήματος
880 960 976 1011 καὶ
1023 958 1235 1013 πολλῶν
1264 960 1371 1014 τῶν
1404 960 1713 1031 ῥαϐδούχων
1751 962 2009 1031 φαινόμε-

422 1058 531 1107 νος,
559 1042 815 1106 πολλάκις
834 1044 1053 1117 τῇιέξῆς
1075 1044 1257 1115 ἡμέρᾳ
1281 1044 1342 1097 τὸ
1368 1045 1743 1117 δεσμωτήριον
1770 1045 2005 1117 ῷκησεν,

422 1124 594 1196 ἑτέρῳ
625 1128 720 1179 καὶ
754 1127 903 1180 ἄκων
938 1127 1038 1196 τῆς
1082 1128 1383 1197 φαντασίας
1418 1131 1829 1200 παραχωρήσας
1868 1128 2008 1180 ἐκεί-

421 1224 539 1277 νης.
588 1209 646 1261 '0
691 1212 914 1281 τρυφῶν
944 1212 1103 1265 πάλιν
1145 1213 1238 1266 καὶ
1287 1211 1664 1281 διασπώμενος
1694 1224 1744 1277 ι,
1788 1212 2007 1265 ἐπειδὰν

422 1293 690 1367 διαρῥήξῃ
742 1296 840 1366 τὴν
888 1298 1084 1351 ἐαυτοῦ
1144 1300 1419 1369 γαστέρα,
1461 1298 1616 1370 [150]
1669 1298 1830 1369 μέχρι
1879 1301 2008 1368 μιᾶς

422 1378 637 1447 ἡμέρας
671 1378 732 1431 οὐ
760 1378 982 1433 δύναται
1017 1382 1115 1453 τὴν
1143 1383 1206 1434 ἐκ
1236 1381 1441 1436 τούτων
1474 1382 1839 1451 ἐγγενομένην
1859 1381 2009 1451 αὑτῷ

424 1461 691 1531 χορηγίαν
725 1467 1042 1533 κατασχεῖν,
1085 1463 1240 1529 ἀλλὰ,
1274 1464 1727 1535 διαπνευσθείσης
1772 1465 2005 1535 ἐκείνης,

423 1544 793 1613 ἀναγκάζεται
831 1547 991 1600 πάλιν
1022 1548 1184 1617 ἕτερα
1220 1547 1605 1617 ἐπεμϐάλλειν,
1632 1548 1783 1601 οὐδὲν
1819 1548 2004 1617 διαφέ-

428 1644 536 1698 ρων
558 1630 879 1702 χειμὰῥρου.
913 1631 1181 1700 Καθάπερ
1201 1632 1310 1702 γὰρ
1337 1632 1452 1685 ἐκεῖ
1470 1632 1564 1684 τοῦ
1592 1634 1858 1703 προτέρου
1885 1632 2009 1702 ῥεύ-

427 1727 598 1780 ματος
632 1714 1063 1785 προχωροῦντος,
1096 1715 1260 1785 ἕτερα
1309 1716 1599 1785 ἐπέρχεται
1642 1716 1832 1769 πάλιν·
1865 1715 2008 1768 οὑτω

423 1791 489 1863 δὴ
523 1794 619 1848 καὶ
647 1796 902 1859 ἐνταῦθα,
942 1798 1040 1867 τῆς
1073 1798 1349 1869 προτέρας
1382 1798 1742 1868 ἐξισταμένης
1778 1799 2003 1869 τροφῆς.

425 1877 618 1948 ἑτέρας
646 1880 777 1950 ἡμῖν
809 1879 889 1933 δεῖ
918 1881 1100 1934 πάλιν.
1137 1881 1247 1935 Καὶ
1274 1882 1499 1952 τοιαύτη
1532 1884 1637 1935 τῶν
1680 1882 1946 1952 βιωτικῶν
1972 1885 2005 1952 ἡ

426 1959 610 2028 φύσις,
642 1961 706 2014 τὸ
748 1963 1019 2034 μηδέποτε
1048 1964 1270 2019 ἑστάναι
1319 1964 1579 2035 λαχοῦσα,
1618 1964 1735 2019 ἀλλ’
1762 1964 1850 2017 ἀεὶ
1894 1968 2009 2036 ῥεῖν

426 2041 523 2095 καὶ
576 2045 1013 2118 παρασύρεσθαι.
1062 2048 1186 2100 Ἐπὶ
1217 2048 1274 2102 δὲ
1317 2047 1415 2119 τῆς
1443 2048 1690 2119 τρυφῆς,
1742 2048 1803 2100 οὐ
1851 2048 2011 2100 τοῦτο

429 2125 589 2193 μόνον
615 2126 734 2180 ἐστὶ
760 2129 822 2181 τὸ
854 2133 1159 2203 παραρῥεῖν
1194 2133 1288 2185 καὶ
1320 2132 1710 2202 παρατρέχειν,
1746 2129 1882 2183 ἀλλά
1917 2131 2012 2183 καὶ

426 2207 600 2260 πολλὰ
646 2212 775 2280 ήμῖν
826 2211 986 2280 ἕτερα
1034 2214 1263 2286 παρέχει
1302 2215 1624 2285 πράγματα.
1670 2214 1757 2266 Ἐν
1789 2213 1866 2283 τῷ
1902 2213 2011 2284 γὰρ

427 2291 683 2359 παριέναι
720 2295 856 2362 μετὰ
885 2294 1064 2367 ῥύμης
1087 2298 1147 2348 τό
1173 2315 1230 2349 τε
1272 2298 1489 2368 ἰσχυρὸν
1526 2293 1750 2361 ἁποξύει
1778 2297 1873 2349 τοῦ
1909 2297 2014 2349 σώ-

430 2390 617 2441 ματος,
647 2376 706 2427 τό
743 2393 801 2428 τε
825 2378 1069 2450 ἀνδρεῖον
1092 2379 1398 2451 παρασύρει
1419 2382 1517 2451 τῆς
1543 2380 1721 2450 ψυχῆς
1740 2396 1755 2409 ο
1789 2380 1883 2433 καὶ
1914 2380 2013 2449 οὐχ

425 2454 570 2508 οὑτω
598 2457 663 2510 τὰ
694 2460 898 2531 σφοδρὰ
927 2462 1033 2514 τῶν
1064 2463 1348 2532 ποταμίων
1394 2464 1685 2534 ῥευμάτων
1716 2462 1815 2525 τὰς
1848 2461 2013 2532 ὄχθας

426 2540 586 2592 εἴωθε
614 2542 952 2613 διατρώγειν,
973 2547 1065 2598 καὶ
1093 2551 1265 2599 ποιεῖν
1289 2547 1587 2614 ὐφιζάνειν,
1615 2546 1689 2609 ὡς
1710 2547 1889 2617 τρυφὴ
1918 2546 2012 2599 καὶ

428 2624 679 2696 σπατάλη
702 2627 770 2678 τά
803 2627 903 2696 τῆς
938 2628 1125 2696 ὑγείας
1154 2628 1310 2699 ήμῶν
1341 2629 1642 2699 ἐρείσματα
1678 2628 1854 2681 πάντα
1882 2631 2012 2680 ὐπο-

428 2707 584 2779 σύρει
611 2710 827 2780 ῥᾳδίως.
857 2712 975 2764 Κᾶν
1003 2712 1161 2784 ἔλθῃς
1193 2714 1271 2775 εἰς
1299 2714 1551 2782 ίατρεῖον,
1579 2712 1673 2766 καὶ
1699 2712 2012 2782 προσελθὼν

427 2792 736 2863 ἐρωτήσῃς,
766 2794 947 2857 πάσας
984 2794 1168 2864 σχεδὸν
1212 2795 1320 2848 τῶν
1350 2796 1671 2865 νοσημάτων
1703 2795 1801 2857 τὰς
1834 2795 2012 2856 αἰτίας

426 2876 637 2930 ἐκεῖθεν
666 2878 919 2949 εὑρήσεις
971 2878 1158 2943 οὐσας.
1190 2879 1255 2931 'H
1294 2879 1390 2949 μέν
1425 2878 1534 2949 γάρ
1563 2878 1810 2931 εὐτέλεια
1850 2878 1943 2931 καὶ
1977 2881 2009 2948 ή

426 2958 549 3031 λιτὴ
584 2960 850 3032 τράπεζα,
888 2962 1075 3029 ὑγείας
1128 2963 1312 3032 μήτηρ
1356 2962 1523 3015 ἐστίν.
1568 2960 1668 3013 Διά
1714 2961 1873 3014 τοῦτο
1919 2962 2012 3013 καὶ

430 3042 633 3113 ἰατρῶν
669 3044 858 3107 παῖδες
884 3044 1055 3108 οὑτως
1085 3045 1254 3115 αὐτὴν
1282 3044 1593 3115 ὠνόμασαν,
1626 3043 1688 3095 τό
1720 3060 1782 3111 γε
1816 3043 1888 3113 μὴ
1917 3059 2010 3094 κο-

430 3125 742 3196 ρέννυσθαι,
765 3127 952 3195 ὑγείαν
970 3127 1300 3190 καλέσαντες
1318 3145 1329 3155 “
1348 3128 1585 3194 ’Λκορίη
1616 3127 1725 3195 γὰρ
1755 3124 2007 3194 τροφῆς,

427 3207 644 3277 ὺγιείη·
673 3209 733 3262 τό
758 3226 815 3261 τε
839 3209 1035 3274 ἐνδεῶς
1060 3210 1364 3272 ἑστιᾶσθαι,
1394 3210 1604 3280 μητέρα
1618 3209 1803 3277 ὑγείας
1831 3209 2010 3261 εἰπόν-

427 3308 539 3355 τες.
571 3294 633 3345 Εί
661 3292 718 3346 δὲ
746 3296 779 3363 ή
806 3293 981 3346 ἔνδεια
1014 3295 1195 3365 μήτηρ
1224 3294 1430 3363 ὑγείας,
1455 3293 1675 3363 εὑδηλον
1704 3294 1786 3345 ὅτι
1811 3294 1842 3362 ἡ
1877 3292 2013 3361 πλη-

432 3374 607 3445 σμονὴ
643 3377 827 3447 μήτηρ
861 3378 1014 3429 νόσου
1058 3378 1151 3430 καὶ
1179 3377 1489 3448 ἀρῥωστίας
1526 3378 1676 3439 ἐστὶ,
1716 3376 1809 3428 καὶ
1838 3376 2013 3427 τίκτει

497 3458 523 3486 ⁸
556 3457 747 3522 Boisius
787 3461 838 3522 in
871 3461 998 3508 nolis
1024 3458 1194 3509 Savilii
1216 3463 1493 3522 suspicatur
1516 3459 1781 3522 legendum
1802 3460 1883 3506 καὶ
1908 3460 2014 3520 περὶ

430 3519 632 3581 εὐωχίας
652 3522 733 3569 καὶ
763 3521 938 3578 πότους
963 3519 1317 3583 διασπώμενοςξ
1336 3519 1628 3583 δαρει-θυῐιε
1649 3534 1767 3570 sane
1793 3519 2013 3569 conatus.

1100 344 1162 400 S.
1196 342 1478 403 JOANNIS
1513 343 2003 402 CHRYSOSTOMI
2037 343 2357 401 ARCHIEP.
2393 341 2936 400 CONSTANTINOP.

3584 337 3686 393 £38

2108 462 2253 534 πάθη
2273 461 2367 516 καὶ
2393 461 2571 514 αὐτῶν
2591 457 2987 530 ὑπερϐαίνοντα
2999 453 3107 508 τῶν
3135 451 3336 523 ἰατρῶν
3350 450 3447 521 τὴν
3468 450 3682 520 τέχνην.

2105 545 2216 600 Καί
2235 545 2343 617 γὰρ
2369 542 2678 610 ποδαλγίαι,
2696 542 2788 595 καὶ
2811 538 3167 610 καρηϐαρίαι,
3193 537 3287 590 καὶ
3306 534 3680 605 ἀμϐλυωπίαι,

2108 632 2200 685 καὶ
2232 628 2560 702 χειραλγίαι,
2606 628 2700 681 καὶ
2730 626 2942 698 τρόμοι,
2972 623 3065 677 καὶ
3109 621 3389 692 παρέσεις,
3418 624 3512 672 καὶ
3540 620 3684 702 ίκτε⁴

2112 701 2345 785 ρος,νκαὶ
2385 712 2609 783 πυρετοὶ
2654 711 2853 780 μακροὶ
2886 707 2980 761 καὶ
3037 704 3352 776 φλογώδεις,
3389 704 3482 755 καὶ
3523 701 3687 773 ἑτερο.

2105 795 2310 849 τούτων
2333 794 2513 866 πολλῷ
2541 794 2760 847 πλείονα
2784 792 2867 863 (οὐ
2889 791 2999 862 γὰρ
3021 790 3210 861 καιρὸς
3231 788 3405 841 πάντα
3430 785 3682 847 ἐπιέναι),
3702 792 3709 801 °

2106 880 2207 935 οὐκ
2231 880 2339 933 ἀπὸ
2371 880 2578 942 ἐνδείας
2610 878 2706 932 καὶ
2749 875 3037 946 φιλοσόφου
3064 873 3293 942 διαίτης,
3319 869 3432 925 ἀλλ’
3464 868 3524 933 ἐξ
3554 870 3684 939 ἀδη-

2109 964 2310 1032 φαγίας
2335 963 2429 1015 καὶ
2452 962 2767 1032 πλησμονῆς
2788 958 3065 1012 τίκτεσθαι
3098 954 3440 1025 πέφυκεν.Εί
3474 952 3531 1005 δὲ
3565 950 3687 1021 βού-

2108 1048 2187 1101 λει
2214 1048 2425 1116 καὶτῆς
2449 1046 2628 1117 ψυχῆς
2653 1045 2751 1107 τὰς
2770 1044 2957 1105 νόσους
2987 1041 3116 1094 ίδεῖν
3142 1040 3244 1102 τὰς
3278 1035 3525 1091 ἐντεῦθεν
3554 1053 3686 1104 φυο-

2112 1131 2299 1199 μένας,
2334 1129 2455 1198 ὄψει
2506 1129 2588 1181 ὅτι
2628 1126 2952 1192 πλεονεξίαι,
2988 1125 3269 1195 βλακεῖαι,
3315 1119 3685 1192 μελαγχολίαι,

2107 1214 2347 1275 νωθεῖαι,
2380 1212 2678 1281 ἀσέλγειαι,
2712 1211 2920 1279 ἀμαθία
2958 1211 3105 1262 πᾶσα
3150 1205 3402 1261 ἐντεῦθεν
3441 1204 3554 1275 ἔχει
3589 1204 3687 1274 τὴν

2107 1297 2302 1367 ἀρχήν.
2336 1297 2514 1348 Ὄνων
2542 1295 2650 1367 γὰρ
2687 1294 2840 1346 οὐδὲν
2880 1294 3099 1362 ἄμεινον
3140 1289 3249 1344 ἀπὸ
3282 1288 3392 1342 τῶν
3431 1287 3688 1340 τοιούτων

2105 1379 2390 1449 τραπεζῶν
2414 1380 2469 1431 αί
2491 1376 2773 1448 τρυφῶσαι
2791 1376 3029 1445 γίνονται
3051 1373 3239 1443 ψυχαὶ,
3267 1372 3370 1425 ὑπὸ
3388 1370 3641 1425 τοιούτων
3661 1370 3688 1409 δ

2112 1461 2493 1530 διασπώμεναι
2541 1459 2765 1531 θηρίων.
2806 1458 2958 1511 Είπω
2989 1456 3082 1511 καὶ
3132 1455 3308 1518 λύπας
3340 1456 3472 1517 ὅσας
3508 1453 3689 1523 ἔχουσι

2108 1545 2202 1597 καὶ
2228 1544 2417 1614 ἀηδίας
2438 1545 2486 1596 οἱ
2516 1542 2971 1613 προσεδρεύοντες
2992 1544 3061 1612 τῇ
3080 1542 3261 1609 τρυφῇ
3285 1555 3300 1603 ;
3330 1537 3492 1591 Ἀλλά
3513 1537 3692 1599 πάσας

2111 1629 2210 1698 μὲν
2238 1627 2482 1680 ἐπελθεῖν
2508 1627 2569 1679 οὐ
2601 1625 2854 1679 δυνατόν’
2887 1624 2968 1677 ἐνὶ
2995 1623 3052 1677 δέ
3081 1622 3176 1676 καὶ
3205 1621 3380 1691 τούτῳ
3412 1619 3692 1689 κεφαλαίῳ

2112 1713 2172 1766 τὸ
2204 1713 2313 1765 πᾶν
2339 1712 2548 1781 ποιήσω
2592 1710 2845 1781 φανερόν.
2874 1709 2986 1779 Τῆς
3023 1707 3133 1777 γὰρ
3161 1706 3461 1779 τραπέζης,
3489 1703 3692 1773 ταύτης

2110 1795 2166 1848 δέ
2206 1795 2349 1864 λέγω
2374 1794 2475 1864 τῆς
2502 1793 2850 1858 πολυτελοῦς,
2888 1792 3005 1862 μεθ’
3045 1790 3241 1863 ἡδονῆς
3268 1789 3525 1843 οὐδέποτε
3559 1789 3693 1841 ἀπο-

2110 1878 2379 1945 γεύονται.
2412 1878 2475 1931 Ἠ
2504 1877 2603 1948 μὲν
2630 1875 2739 1947 γὰρ
2763 1874 2960 1940 ἔνδεια,
2984 1874 3173 1945 ὥσπερ
3202 1872 3411 1942 ὑγείας,
3430 1869 3573 1923 οὑτω
3601 1871 3695 1922 καὶ

2109 1963 2303 2034 ἡδονῆς
2338 1962 2521 2032 μήτηρ
2555 1961 2738 2015 ἐστίν·
2775 1961 2810 2031 ὴ
2851 1958 3136 2031 πλησμονὴ
3168 1958 3247 2021 δὲ,
3286 1956 3475 2027 ὥσπερ
3501 1954 3691 2034 νόσων,

2109 2044 2253 2098 οὑτω
2282 2046 2377 2099 καὶ
2407 2044 2596 2113 ἀηδίας
2629 2044 2746 2096 ἐστὶ
2777 2043 2930 2114 πηγὴ
2960 2043 3051 2095 καὶ
3075 2040 3219 2112 ῥίζα.
3238 2039 3409 2093 Ἔνθα
3434 2038 3539 2109 γὰρ
3566 2038 3630 2091 ἂν
3656 2033 3695 2111 ᾖ

2112 2129 2293 2198 κόρος,
2313 2126 2606 2197 ἐπιθυμίαν
2629 2123 2770 2180 εἶναι
2803 2127 2903 2179 οὐκ
2942 2124 3088 2177 ἐστιν
3111 2140 3125 2155 ⁶
3156 2121 3453 2193 ἐπιθυμίας
3489 2120 3547 2173 δὲ
3592 2120 3693 2173 οὐκ

2112 2210 2298 2281 οὑσης,
2328 2211 2445 2275 πῶς
2484 2210 2549 2265 ἂν
2597 2209 2683 2281 εἴη
2719 2210 2848 2262 ποτὲ
2875 2208 3070 2279 ήδονή;
3099 2206 3196 2260 Διά
3230 2204 3385 2257 τοῦτο
3415 2205 3476 2257 οὐ
3537 2204 3695 2273 μόνον

2115 2296 2511 2366 συνετωτέρους
2534 2296 2627 2347 καὶ
2653 2293 3048 2363 ὑγιεινοτέρους
3080 2292 3206 2354 τοὺς
3238 2288 3565 2360 πενομένους
3586 2288 3695 2339 τῶν

2114 2379 2384 2432 πλουσίων
2417 2377 2673 2449 εὕροιμεν
2705 2378 2791 2440 ἂν,
2826 2377 2963 2431 ἀλλά
3003 2376 3097 2430 καὶ
3126 2376 3348 2429 πλείονα
3384 2372 3685 2443 καρπουμέο

2112 2480 2236 2526 νους
2263 2463 2359 2532 τὴν
2382 2461 2742 2534 εὐφροσύνην.
2775 2460 2956 2531 Ἀπερ
2982 2460 3159 2513 πάντα
3189 2459 3562 2528 ἐννοήσαντες,
3596 2456 3697 2525 φύο-

2112 2563 2298 2617 γωμεν
2332 2547 2501 2617 μέθην
2533 2563 2593 2598 τε
2630 2546 2725 2599 καὶ
2760 2544 2992 2616 τρυφὴν,
3034 2543 3108 2614 μὴ
3148 2541 3245 2613 τὴν
3296 2542 3354 2593 ἐν
3396 2539 3700 2610 τραπέζαις

2116 2631 2299 2702 μόνον,
2319 2630 2455 2683 ἀλλὰ
2482 2630 2574 2684 καὶ
2596 2629 2695 2701 τὴν
2737 2630 2904 2701 ἀλλην
2935 2630 3155 2683 ἃπασαν
3184 2625 3283 2697 τὴν
3307 2627 3365 2679 ἐν
3409 2625 3703 2695 πράγμασι

2114 2714 2387 2784 βιωτικοῖς
2409 2732 2423 2745 ο
2457 2714 2551 2767 καὶ
2579 2714 2695 2766 ἀντ’
2730 2712 2945 2782 ἐκείνης
2977 2707 3440 2779 ἀνταλλαξώμεθα
3466 2705 3565 2777 τήν
3590 2704 3704 2758 ἀπὸ

2111 2796 2220 2850 τῶν
2259 2794 2645 2865 πνευματικῶν
2681 2794 2897 2866 ήδονὴν,
2950 2794 3044 2847 καὶ
3088 2791 3231 2847 κατά
3277 2791 3370 2844 τὸν
3404 2790 3698 2860 Προφήτην

2113 2880 2622 2950 κατατρυφήσωμεν
2651 2877 2748 2931 τοῦ
2775 2878 2985 2949 Κυρίου
3045 2874 3562 2947 (Κατατρύφησον
3592 2871 3707 2942 γὰρ

2115 2962 2222 3016 τοῦ
2256 2964 2485 3030 Κυρίου
2511 2972 2561 3026 ο,
2594 2961 2750 3031 φησὶ,
2782 2960 2880 3015 καί
2902 2958 3021 3028 δῴη
3038 2975 3137 3013 σοι
3163 2958 3237 3011 τὰ
3267 2954 3562 3023 αἰτήματα
3588 2954 3705 3022 τῆς

2117 3046 2366 3115 καρδίας
2400 3044 2551 3114 σου)
2580 3060 2594 3075 ’
2637 3046 2723 3098 ἵνα
2755 3044 2851 3098 καὶ
2889 3043 2997 3097 τῶν
3036 3041 3270 3095 ἐνταῦθα
3300 3040 3392 3093 καὶ
3426 3038 3534 3091 τῶν
3572 3038 3701 3108 μελ-

2116 3128 2313 3183 λόντων
2329 3126 2478 3201 [151]
2502 3127 2899 3197 ἀπολαύσωμεν
2926 3125 3168 3194 ἀγαθῶν,
3187 3127 3367 3195 χάριτι
3396 3123 3489 3176 καὶ
3511 3121 3701 3201 φίλαν.

2116 3198 2349 3281 θρωπίᾳί
2370 3198 2475 3262 τοῦ*
2492 3211 2695 3281 Κυρίου
2730 3210 2886 3280 ἡμῶν
2925 3207 3097 3280 Ἰησοῦ
3136 3205 3393 3278 Χριστοῦ,
3424 3205 3489 3258 δι’
3514 3198 3574 3258 οὐ
3604 3203 3701 3257 καὶ

2119 3294 2235 3363 μεθ’
2262 3289 2321 3347 οὐ
2345 3294 2422 3364 τῷ
2448 3295 2621 3366 Πατρὶ
2644 3298 2675 3365 ή
2705 3294 2851 3361 δόξα,
2886 3294 3003 3364 ἅμα
3027 3290 3104 3363 τῷ
3129 3290 3268 3362 ἁγίῳ
3297 3288 3594 3360 Πνεύματι,
3618 3288 3704 3352 είς

2109 3379 2238 3440 τοὺς
2263 3377 2461 3440 αἰῶνας
2494 3376 2603 3430 τῶν
2627 3376 2855 3433 αίώνων.
2902 3378 3093 3447 Ἀμήν.

2174 3518 2203 3557 δ
2232 3518 2403 3567 Morel.
2429 3518 2522 3566 ὑπὸ
2560 3517 2822 3565 τοσούτων.
2894 3517 2917 3545 °
2953 3515 3053 3565 Alii
3073 3514 3161 3577 γὰρ
3178 3512 3366 3561 τούτου.

1943 3682 2189 3736 UMIAIA
2229 3682 2357 3734 Kl".

432 3773 667 3840 ΔΤαύτην·
681 3769 933 3840 ἐποίησε
951 3771 1281 3843 τὴνάρχὴν
1302 3771 1420 3826 τῶν
1434 3772 1706 3843 ,σημείων
1727 3773 1760 3825 ὀ
1790 3770 2019 3839 Ἰησοῦς

825 3844 895 3895 ἐν
924 3842 1091 3909 Κανᾷ
1126 3843 1234 3910 τῆς
1262 3846 1616 3908 Γαλιλαίας.

504 3930 575 3980 α’.
593 3924 767 3989 Πολὺς
791 3927 819 3979 ὁ
846 3926 1091 3989 διάϐολος
1108 3927 1350 3994 ἔγκειται
1377 3929 1467 3980 καὶ
1487 3926 1731 3997 σφοδρὸς,
1754 3924 2019 3977 πάντοθεν

433 4010 739 4082 πολιορκῶν
781 4012 881 4080 τὴν
922 4010 1196 4081 σωτηρίαν
1241 4011 1341 4080 τὴν
1377 4012 1671 4081 ἡμετέραν.
1719 4012 1811 4062 Δεῖ
1841 4010 2018 4062 τοίνυν

432 4093 793 4165 ἐγρηγορέναι
824 4095 917 4146 καὶ
941 4097 1150 4163 νήφειν,
1180 4096 1273 4147 καὶ
1299 4094 1636 4164 πανταχόθεν
1669 4092 2018 4162 ἐπιτειχίζειν

433 4178 600 4230 αὐτοῦ
626 4177 724 4248 τὴν
752 4177 961 4246 ἔφοδον.
995 4179 1116 4231 Κᾶν
1149 4180 1258 4249 γὰρ
1285 4181 1486 4248 μικρᾶς
1518 4178 1843 4247 ἐπιλάϐηται
1876 4192 2019 4240 τινος

380 4282 383 4285 λ
431 4261 722 4331 ἀφορμῆς,
758 4262 975 4331 εὐρεῖαν
1023 4262 1203 4331 ἑαυτῷ
1253 4262 1650 4324 κατασκευάζει
1705 4260 1886 4313 λοιπὸν
1920 4261 2019 4328 τὴν

434 4348 669 4412 εἴσοδον,
702 4347 797 4400 καὶ
827 4347 955 4418 ὃλην
1000 4347 1213 4414 εἰσάγει
1260 4346 1404 4399 κατά
1449 4348 1645 4418 μικρὸν
1690 4346 1789 4418 τὴν
1823 4344 2017 4398 ἑαυτοῦ

432 4431 682 4501 δύναμιν.
713 4431 776 4483 Et
797 4430 976 4484 τοίνυν
1009 4429 1165 4497 λόγος
1201 4447 1285 4492 τις
1308 4432 1440 4501 ημῖν
1472 4432 1588 4483 ἐστι
1617 4430 1716 4500 τῆς
1746 4429 2019 4499 σωτηρίας

433 4516 532 4586 τῆς
564 4514 861 4585 ἡμετέρας.
903 4513 1037 4585 μηδέ
1072 4515 1129 4567 ἐν
1159 4517 1269 4577 τοῖς
1301 4517 1517 4584 μικροῖς
1547 4514 1696 4584 αὐτῷ
1726 4512 2020 4584 συγχωρῶ-

435 4615 537 4669 μεν
572 4601 702 4668 ήμῖν
746 4597 995 4663 ἐπιέναι,
1031 4597 1118 4650 ἵνα
1148 4598 1255 4649 ἀπὸ
1287 4596 1491 4650 τούτων
1524 4598 1594 4650 τά
1630 4598 1838 4668 μεγάλα
1882 4614 2020 4668 προ-

430 4681 860 4751 αναστείλωμεν.
893 4681 1002 4733 Καὶ
1036 4680 1143 4751 γὰρ
1174 4679 1407 4749 ἐσχάτης
1437 4681 1622 4744 ἀνοίας
1645 4682 1709 4734 ἂν
1742 4680 1851 4752 εἴη,
1880 4680 2021 4732 ἐκεῖ·

433 4782 524 4818 νον
556 4764 655 4833 μὲν
703 4763 971 4835 τοσαύτην
1016 4762 1421 4816 ἐπιδείκνυσθαι
1455 4763 1721 4833 σπουδὴν,
1754 4762 1894 4815 ὥστε
1920 4762 2020 4833 τὴν

434 4847 710 4919 ἡμετέραν
736 4847 1029 4901 ἀπολλύναι
1048 4860 1073 4887 α
1094 4847 1273 4917 ψυχήν
1294 4863 1306 4874 ·
1330 4848 1477 4916 ἡμᾶς
1496 4846 1551 4898 δέ
1582 4848 1721 4917 ὑπὲρ
1745 4847 1842 4916 τῆς
1862 4846 2020 4917 ήμῶν

436 4929 616 4983 αὐτῶν
642 4931 913 5001 σωτηρίας
940 4931 1073 5003 μηδέ
1109 4930 1169 4983 τὸ
1210 4931 1321 4983 ἴσον
1350 4932 1503 4998 ἄγειν
1526 4931 1553 4969 b
1587 4930 1803 5001 μέτρον.
1837 4928 2022 4983 Ταῦτά

439 5032 530 5085 μοι
568 5015 664 5083 οὐχ
691 5013 876 5075 ἁπλῶς
901 5014 1136 5084 εἴρηται,
1168 5012 1283 5066 ἀλλ’
1313 5013 1498 5083 ἐπειδὴ
1539 5013 1769 5075 δέδοικα,
1803 5014 2014 5083 μήποτε

435 5099 492 5149 ἐν
530 5097 681 5167 μέσῳ
706 5095 785 5166 τῷ
815 5097 967 5165 σηκῷ
997 5097 1091 5148 καὶ
1118 5097 1212 5149 νῦν
1239 5098 1266 5147 ό
1299 5096 1460 5159 λύκος
1480 5091 1633 5158 οὗτος
1659 5098 1863 5168 ἑστήκῃ
1887 5107 1909 5134 ο
1937 5095 2014 5165 μὴ

434 5179 817 5251 καθορώμενος
841 5182 994 5248 ἡμῖν,
1013 5180 1106 5231 καὶ
1134 5178 1467 5250 θηριάλωτον
1496 5181 1558 5232 ἐκ
1580 5181 1766 5232 τούτου
1789 5180 2011 5249 γένηται

435 5264 730 5334 πρόϐατον,
766 5262 1011 5333 ῥᾳθυμίᾳ
1045 5264 1137 5315 καὶ
1168 5264 1424 5333 ἐπιϐουλῇ
1466 5265 1678 5334 πονηρᾷ
1711 5264 2012 5317 ἀποϐουκο-

433 5345 596 5415 ληθέν
625 5347 722 5415 τῆς
753 5345 954 5415 ἀγέλης
984 5347 1078 5398 καὶ
1113 5346 1209 5414 τῆς
1242 5348 1576 5416 ἀκροάσεως.
1596 5348 1658 5399 Εἰ
1700 5347 1797 5416 μέν
1819 5346 1925 5416 γάρ
1949 5340 2014 5414 ἦν

436 5430 669 5499 αἰσθητὰ
696 5432 767 5482 τὰ
817 5430 1127 5500 τραύματα,
1158 5431 1191 5500 ἢ
1243 5434 1336 5483 καὶ
1365 5432 1424 5482 τὸ
1464 5431 1625 5499 σῶμα
1665 5430 1761 5493 τὰς
1800 5429 2016 5499 πληγάς

435 5513 872 5582 ἐλάμϐανεν,οὐκ
891 5509 957 5583 ἦν
981 5513 1139 5583 ἔργον
1165 5512 1457 5580 διαγνῶναι
1489 5514 1585 5575 τὰς
1614 5512 1864 5574 τοιαύτας
1892 5514 2014 5563 ἐπι-

440 5596 655 5659 ϐουλάς.
675 5598 888 5667 Ἐπειδὴ
914 5598 971 5650 δὲ
997 5598 1227 5668 ἀόρατος
1260 5600 1293 5666 ή
1315 5596 1478 5667 ψυχὴ,
1504 5598 1597 5649 καὶ
1623 5598 1759 5667 αὐτὴ
1786 5596 1853 5648 τὰ
1880 5595 2012 5666 ’έλκη

436 5680 672 5748 δέχεται,
695 5680 893 5750 πολλῆς
910 5683 1043 5751 ἡμῖν
1065 5681 1144 5733 δεῖ
1158 5681 1257 5750 τῆς
1277 5680 1602 5749 ἀγρυπνίας,
1623 5680 1761 5733 ὥστε
1788 5679 2018 5732 ’ἑκαστον

504 5784 526 5842 ‘f
548 5780 617 5828 lla
640 5779 793 5828 Savil.
812 5788 862 5828 el
886 5796 997 5829 mss.
1015 5783 1187 5831 Morel.
1202 5783 1318 5830 ἀπο)
1329 5784 1452 5831 ἐσαι.
1504 5781 1532 5820 Ι)
1548 5782 2012 5842 Μοι-ρι.εἰσαγαγεῖν.
2038 5800 2041 5801 ν

443 5843 467 5905 ἐ
493 5841 662 5905 him-el.
687 5842 875 5905 ἕστηκε.
898 5846 1046 5891 Savil.
1078 5846 1302 5901 εἱστήκει.
1331 5845 1427 5891 Sed
1449 5848 1723 5903 suspimlur
1752 5841 2017 5905 Ieghudum

445 5901 644 5967 ἑστήκῃ,
667 5909 719 5948 ει
738 5903 839 5949 Ιιενο
861 5917 973 5953 veru
998 5907 1146 5953 lectio
1165 5920 1308 5965 quam
1323 5906 1481 5953 habet
1502 5901 1657 5955 vi.ch
1681 5901 2017 5967 ιιιιυέιῳιιωιυ

444 5970 592 6011 ιιυωὲ.
618 5965 724 6013 Duo
732 5972 911 6024 ,aulcm
950 5967 1032 6015 alii
1060 5968 1264 6025 ἑστήκει,
1302 5969 1536 6016 mendose

784 6058 817 6081 ο

2119 3770 2310 3824 ἑαυτὸν
2336 3771 2669 3842 δοκιμάζειν.
2703 3770 2913 3836 Οὐδεὶς
2944 3768 3054 3839 γὰρ
3079 3764 3205 3823 οἶδε
3235 3767 3308 3822 τὰ
3345 3767 3452 3822 τοῦ
3479 3768 3701 3837 ἀνθρω-

2119 3868 2257 3917 που,
2278 3856 2360 3921 ὡς
2380 3854 2446 3908 τὸ
2476 3855 2710 3926 πνεῦμα
2734 3856 2840 3909 τοῦ
2868 3854 3180 3921 ἀνθρώπου
3211 3852 3277 3906 τὸ
3310 3852 3379 3905 ἐν
3404 3851 3585 3917 αὐτῷ.
3641 3854 3703 3905 ὐ

2123 3938 2222 4008 μὲν
2242 3938 2350 4009 γὰρ
2376 3939 2530 4007 λόγος
2553 3941 2723 3994 ἆπασι
2749 3940 3072 4007 διαλέγεται,
3095 3938 3187 3989 καὶ
3210 3937 3387 3991 κοινὸν
3414 3937 3699 4008 πρόκειται

2120 4022 2408 4091 φάρμακον
2428 4026 2540 4086 τοῖς
2561 4022 2858 4093 δεομένοις
2880 4021 2999 4080 ἐνὸς
3019 4020 3075 4072 δέ
3107 4019 3337 4072 ἑκάστου
3358 4021 3468 4073 τῶν
3490 4021 3699 4087 ἀκροω-

2123 4104 2296 4173 μένων
2330 4104 2514 4158 λαϐεῖν
2552 4107 2668 4158 ἑστι
2714 4106 2774 4158 τὸ
2824 4102 3132 4176 ἐπιτήδειον
3154 4102 3232 4172 τῷ
3265 4104 3554 4173 νοσήματι.
3586 4102 3701 4155 Οὐκ

2118 4184 2233 4242 οἶδα
2259 4187 2367 4257 ἐγὼ
2397 4191 2519 4253 τοὺς
2550 4190 2989 4261 άρῥωστοῦντας,
3020 4188 3120 4240 οὐκ
3149 4183 3266 4241 οἶδα
3290 4188 3416 4250 τοὺς
3442 4185 3701 4254 ὑγιαίνον-

2117 4287 2236 4333 τας.
2273 4270 2372 4324 Διά
2404 4270 2559 4325 τοῦτο
2584 4273 2762 4325 πάντα
2786 4270 2942 4339 λόγον
2968 4269 3101 4323 κινῶ
3135 4269 3229 4323 καὶ
3257 4271 3423 4322 πᾶσιν
3448 4280 3471 4308 ο
3507 4270 3701 4337 ἐπιτή-

2117 4353 2257 4407 δειον
2291 4355 2510 4420 πάθεσι,
2558 4355 2652 4408 νῦν
2689 4355 2788 4425 μὲν
2822 4352 3134 4416 πλεονεξίας
3166 4354 3515 4423 κατηγορῶν,
3546 4347 3702 4412 αὖθις

2119 4437 2175 4490 δὲ
2195 4437 2427 4508 τρυφῆς,
2453 4438 2613 4492 πάλιν
2636 4437 2923 4505 ἀσελγείας
2950 4436 3382 4505 καθαπτόμενος,
3407 4431 3527 4488 εἶτα
3554 4434 3704 4501 ἐλεη-

2123 4522 2359 4592 μοσύνης
2387 4522 2657 4584 συντιθεὶς
2684 4522 2902 4574 ἐπαινον
2923 4521 3015 4573 καὶ
3043 4519 3387 4589 παράκλησιν
3406 4536 3418 4549 ·
3452 4515 3569 4573 εἶτα
3592 4518 3703 4572 τῶν

2119 4605 2293 4659 ἄλλων
2328 4606 2561 4659 ἑκάστου
2597 4605 3060 4675 κατορθωμάτων.
3088 4603 3313 4656 Δέδοικα
3344 4602 3452 4673 γὰρ
3491 4606 3699 4673 μήποτε

2120 4692 2248 4762 περὶ
2283 4690 2339 4744 ἓν
2367 4691 2476 4743 τῶν
2502 4691 2674 4758 λόγων
2716 4691 2849 4760 ήμῖν
2880 4686 3316 4757 ἀσχολουμένων,
3357 4685 3505 4738 λάθω
3540 4685 3700 4755 θερα-

2121 4774 2302 4827 πεύων
2343 4774 2513 4837 πάθος
2550 4774 2768 4845 ἕτερον,
2808 4771 2941 4826 ἀλλα
2974 4770 3289 4841 καμνόντων
3329 4768 3505 4839 ὑμῶν.
3538 4769 3699 4820 Ὥστε

2121 4860 2169 4911 εί
2199 4858 2297 4929 μὲν
2324 4852 2403 4921 εἷς
2434 4854 2501 4929 ἦν
2545 4855 2779 4909 ἐνταῦθα
2809 4856 2837 4907 ό
2872 4853 3294 4923 συλλεγόμενος,
3330 4853 3429 4905 οὐκ
3457 4851 3523 4904 ἂν
3557 4851 3701 4904 οὕτω

2124 4941 2328 5010 σφόδρα
2371 4942 2668 5008 ἀναγκαῖον
2695 4936 2833 4991 εἶναι
2878 4938 3103 5008 ἐνόμισα
3142 4935 3394 5006 πολυειδῆ
3422 4934 3511 4987 τὸν
3543 4934 3700 5002 λόγον

2122 5026 2361 5095 ποιῆσαι.
2402 5025 2620 5094 Ἐπειδὴ
2658 5024 2714 5075 δέ
2748 5024 2805 5076 ἐν
2842 5023 3034 5093 πλήθει
3079 5020 3317 5091 τοσούτῳ
3364 5018 3533 5072 πολλά
3561 5014 3701 5071 εἶναι

2122 5110 2214 5162 καὶ
2240 5109 2386 5178 πάθη
2409 5109 2570 5171 εἰκὸς,
2598 5108 2699 5161 οὐκ
2725 5108 3027 5169 ἀπεικότως
3049 5106 3400 5175 ποικίλλομεν
3426 5104 3526 5175 τὴν
3555 5102 3700 5155 διδα-

2124 5191 2347 5244 σκαλίαν
2372 5210 2385 5222 ’
2416 5193 2631 5255 πάντως
2658 5191 2764 5262 γὰρ
2812 5192 3031 5261 εὑρήσει
3062 5188 3158 5259 τὴν
3205 5187 3399 5242 ἐαυτοῦ
3432 5187 3620 5258 χρείαν
3672 5188 3702 5239 ό

2122 5274 2278 5342 λόγος
2332 5275 2536 5328 ἅπασιν
2582 5274 3014 5343 ἐφαπλούμενος.
3066 5272 3166 5324 Διά
3210 5288 3292 5324 τοι
3326 5270 3483 5323 τοῦτο
3534 5270 3628 5321 καὶ
3663 5270 3697 5338 ἡ

2122 5358 2312 5428 Γραφὴ
2334 5357 2617 5428 πολυειδής
2645 5356 2729 5420 τίς
2754 5359 2889 5421 ἐστι,
2916 5358 3042 5426 περὶ
3074 5356 3281 5427 μυρίων
3306 5356 3439 5424 ἡμῖν
3470 5353 3705 5419 διαλεγοσ

2125 5442 2261 5511 μένη
2287 5440 2433 5513 [159]
2457 5442 2815 5511 πραγμάτων,
2849 5441 3037 5511 ἐπειδὴ
3060 5442 3209 5510 κοινῇ
3243 5442 3308 5510 τῇ
3341 5438 3497 5507 φύσει
3523 5436 3701 5489 διαλέ-

2122 5543 2275 5595 γεται
2303 5526 2411 5578 τῶν
2444 5526 2761 5599 ἀνθρώπων.
2800 5526 2888 5577 Ἐν
2920 5524 2976 5576 δὲ
3018 5523 3210 5594 πλήθει
3249 5521 3488 5591 τοσούτῳ
3523 5520 3701 5572 πάντα

2120 5611 2335 5680 ἀνάγκη
2358 5610 2427 5662 τὰ
2460 5610 2603 5681 πάθη
2625 5608 2917 5684 τῆςηψυχῆς
2934 5604 3095 5671 εἶναι,
3129 5609 3176 5661 εί
3206 5607 3301 5661 καῖ¹
3336 5605 3411 5677 μὴ
3446 5606 3619 5659 πάντα
3643 5607 3702 5656 ὲν

2119 5695 2276 5746 πᾶσι.
2315 5694 2530 5747 Τούτων
2575 5696 2751 5746 τοίνυν
2804 5695 3029 5756 ἑαυτοὺς
3073 5691 3508 5761 ἐκκαθάραντες,
3556 5688 3703 5741 οὑτω

2117 5779 2226 5831 τῶν
2254 5778 2410 5831 θείων
2439 5779 2611 5846 λόγων
2642 5778 2987 5847 ἀκούσωμεν,
3012 5777 3105 5830 καὶ
3136 5774 3275 5845 μετά
3301 5772 3701 5843 συντεταμένης

2170 5913 2191 5979 ες
2206 5909 2286 5981 εἰς
2308 5921 2420 5957 mss.
2452 5906 2622 5957 Morel.
2642 5908 2759 5956 κινῶ
2779 5911 2921 5955 πᾶσιν
2943 5906 3199 5968 ἀνθρώποις
3217 5902 3393 5965 ὁμοίως
3414 5900 3698 5964 ἁρμόζοντα,

2118 5986 2194 6018 και
2217 5986 2374 6018 πασιν.
