4094 6370
346 408 448 465 ίὸ¹⁹

346 521 636 590 multisque
663 513 942 572 lictoribus
964 526 1022 565 se
1050 508 1240 573 effert,
1271 521 1413 575 serpe
1435 503 1678 575 sequenti
1709 504 1794 557 die
1816 518 1934 556 car-

346 615 457 672 ceri
504 611 878 680 mancipatur,
911 606 1109 675 aliique
1141 602 1338 655 invitus
1368 599 1510 653 hunc
1540 597 1732 651 fastum
1762 596 1930 650 relin-

348 707 481 776 quit.
513 703 615 770 Qui
640 700 894 756 delicatis
923 696 1056 751 cibis
1086 693 1298 748 deditus
1327 700 1411 746 est
1434 730 1449 752 ,
1482 697 1763 759 postquam
1797 701 1937 740 ven-

351 809 489 853 trem
516 795 733 865 crapula
760 790 1025 859 disrupit,
1059 802 1126 841 ne
1168 800 1275 839 uno
1310 782 1525 852 quidem
1554 780 1640 834 die
1678 788 1855 849 potest
1882 779 1933 831 in

352 893 539 947 eadem
566 885 891 942 abundantia
940 892 1290 952 permanere;
1322 875 1415 931 sed
1447 875 1531 929 illa
1582 874 1634 927 in
1686 887 1938 942 vaporem

356 997 509 1037 versa
531 1022 546 1045 ,
578 980 799 1049 cogitur.
814 976 917 1028 alia
944 985 1235 1041 congerere
1254 1011 1267 1034 ,
1296 967 1535 1037 nihilque
1563 964 1739 1018 differt
1767 980 1794 1016 a
1827 975 1939 1016 tor-

355 1085 525 1130 rente.
545 1071 676 1127 Nam
706 1065 1151 1139 quemadmodum
1182 1062 1251 1115 ibi
1281 1060 1460 1130 priore
1504 1058 1793 1112 recedente
1838 1054 1942 1108 flu-

355 1177 468 1232 ctu,
499 1165 589 1219 alii
621 1176 809 1218 rursus
839 1161 1075 1222 instant,
1105 1158 1183 1210 sic
1227 1165 1281 1209 et
1327 1168 1425 1208 nos
1474 1153 1580 1205 alio
1621 1162 1739 1217 post
1780 1150 1942 1203 alium

358 1258 479 1311 cibo
509 1254 829 1323 indigemus.
879 1246 1191 1317 liujusmodi
1224 1253 1306 1299 est
1338 1258 1516 1298 rerum
1558 1241 1715 1309 hujus
1764 1238 1944 1294 szrculi

361 1358 587 1409 natura;
622 1357 909 1412 numquam
941 1348 1083 1394 stant
1107 1379 1122 1405 ,
1159 1336 1253 1391 sed
1283 1349 1495 1404 semper
1522 1331 1692 1385 ﬂuunt
1735 1339 1789 1385 et
1834 1340 1945 1382 tra-

361 1439 581 1495 huntur.
613 1435 831 1490 Deliciae
876 1446 1004 1486 vero
1032 1429 1275 1483 ciborum
1321 1442 1424 1480 non
1476 1422 1637 1477 modo
1682 1421 1852 1475 [luunt
1894 1429 1948 1474 et

370 1534 811 1600 praetercnrrunt,
840 1523 933 1578 sed
959 1521 1122 1576 multa
1149 1518 1301 1572 nobis
1329 1517 1430 1570 alia
1454 1514 1659 1583 negotia
1683 1514 1945 1581 ingerunt.

364 1623 496 1677 Dum
542 1622 685 1676 enim
714 1633 836 1672 cum
865 1616 1067 1684 impetu
1094 1610 1382 1672 difﬂuunt,
1416 1617 1525 1660 tum
1558 1605 1720 1659 robur
1749 1616 1945 1670 corpo-

364 1718 460 1783 ris,
489 1726 600 1770 tum
632 1714 825 1769 animae
851 1712 1101 1765 virtutem
1133 1704 1449 1761 abstrahunt
1482 1721 1494 1755 :
1530 1716 1703 1770 neque
1731 1700 1799 1753 ita
1827 1700 1947 1752 vio-

366 1810 492 1863 lenti
526 1806 806 1860 fluminum
846 1802 1037 1857 fluctus
1081 1802 1224 1867 ripas
1255 1796 1514 1853 excedere
1539 1795 1716 1847 solent
1744 1833 1757 1855 ,
1786 1800 1847 1845 ut
1872 1792 1952 1844 ci-

368 1901 556 1956 borum
604 1898 813 1953 deliciae
842 1892 1164 1949 valetudinis
1210 1890 1552 1944 fundamenta
1585 1901 1769 1940 secum
1814 1884 1945 1937 sub-

370 1993 605 2047 trahunt.
654 1989 710 2044 Si
752 1987 1016 2043 medicum
1044 1984 1207 2038 adeas
1236 1991 1290 2035 et
1339 1980 1664 2050 perconteris
1689 2016 1704 2041 ,
1737 1990 1954 2028 onmem

367 2084 678 2141 morborum
721 2094 934 2135 causam
978 2076 1102 2130 hinc
1133 2074 1346 2147 prodire
1374 2072 1569 2125 disces.
1613 2069 1747 2122 Nam
1780 2068 1953 2120 tenuis

371 2187 426 2231 et
464 2176 585 2229 vilis
626 2186 810 2227 mensa
838 2211 853 2235 ,
889 2167 1207 2223 valetudinis
1247 2174 1418 2218 mater
1447 2171 1546 2217 est.
1596 2159 1721 2215 Ideo
1762 2157 1985 2231 medici,

375 2270 453 2324 sic
496 2268 640 2321 illam
693 2271 968 2319 vocarunt.
1002 2260 1120 2315 Non
1151 2258 1332 2313 satiari
1375 2255 1425 2310 id
1476 2253 1828 2308 valetudinem
1858 2265 1953 2302 vo-

274 2348 285 2357 ’
371 2367 492 2414 cant
519 2376 532 2413 :
564 2354 682 2411 Cibi
713 2356 854 2409 enitn
886 2352 1117 2423 parcitas
1140 2392 1154 2413 ,
1186 2350 1426 2411 sanitas;
1472 2344 1689 2413 frugalis
1724 2355 1911 2396 mensa
1938 2381 1953 2405 ,

372 2460 540 2505 mater
561 2446 906 2508 valetudinis,
941 2444 1204 2513 inquiunt.
1232 2438 1384 2506 Quod
1414 2438 1458 2492 si
1489 2436 1762 2505 frugalitas
1787 2445 1957 2487 mater

372 2552 457 2596 est
499 2540 859 2602 valetudinis,
894 2537 1051 2605 plane
1096 2534 1310 2609 satietas
1349 2538 1520 2586 mater
1559 2538 1642 2582 est
1688 2526 1859 2581 morbi
1904 2534 1959 2580 et

375 2634 739 2688 inﬁrmitatis:
776 2630 1019 2701 paritque
1061 2626 1402 2697 aegritudines
1429 2624 1596 2692 ipsam
1629 2618 1957 2675 medicorum

372 2736 542 2779 artem
590 2732 943 2793 superantes;
975 2720 1171 2790 pedum
1196 2758 1212 2784 ,
1239 2716 1428 2785 capitis
1450 2755 1467 2779 ,
1501 2714 1777 2768 oculorum
1798 2751 1813 2775 ,
1848 2726 1959 2764 ma-

375 2836 535 2873 uuum
568 2818 786 2873 morbos
807 2857 823 2882 ,
858 2824 1117 2870 tremores
1141 2854 1157 2879 ,
1188 2809 1451 2880 paralysin
1472 2847 1487 2871 ,
1517 2808 1716 2860 icteron
1737 2845 1753 2871 ,
1785 2802 1958 2857 febres

374 2912 657 2966 diuturnas
704 2922 757 2965 et
805 2909 1092 2969 ardentes,
1138 2904 1352 2973 aliaque
1405 2901 1563 2969 longe
1608 2899 1795 2968 plura,
1840 2911 1960 2965 qnze

376 3019 659 3059 recensere
700 3018 807 3057 non
853 3011 1003 3055 vacat
1035 3016 1050 3056 :
1097 2998 1212 3051 haec
1237 3010 1342 3051 non
1372 3010 1442 3048 ex
1489 2990 1782 3061 indigentia
1804 3031 1819 3054 ,
1853 3001 1954 3043 nec

1378 390 1445 447 IN
1492 387 1805 447 JOANNEM
1846 387 2072 444 IIOMIL.
2119 385 2310 442 XXIII.
2351 387 2420 442 al.
2463 383 2633 441 XXII.

3530 383 3632 440 I38

2047 518 2111 555 ex
2145 497 2519 569 j-iltilosOphico
2564 498 2706 551 victu
2734 537 2751 563 ,
2794 494 2889 550 sed
2914 511 2980 550 ex
3026 494 3271 550 satietate
3318 506 3371 551 et
3412 501 3627 567 crapula

2039 602 2383 664 generantur.
2417 590 2567 659 Quod
2600 590 2646 645 si
2678 590 2811 644 velis
2843 589 2967 644 hinc
3002 598 3150 644 ortos
3176 588 3367 644 animm
3412 592 3630 645 morbos

2042 686 2326 756 explorare
2352 726 2367 749 ,
2398 683 2769 752 deprehendes
2799 681 2922 736 inde
2968 683 3114 735 nasci
3146 682 3422 736 avaritiam
3450 723 3466 748 ,
3499 685 3629 734 mol-

2044 776 2213 829 litiem
2238 815 2255 839 ,
2279 783 2448 828 atram
2479 774 2639 827 bilem
2668 814 2680 836 ,
2709 773 2973 842 pigritiam
2996 813 3012 839 ,
3044 772 3316 827 libidinem
3344 815 3358 835 ,
3390 789 3633 827 omnem-

2044 886 2149 939 que
2195 868 2569 938 ignorantiam.
2624 866 2718 920 His
2756 866 3050 936 gaudentes
3077 866 3276 920 mensis
3304 867 3497 919 anitna:
3527 884 3633 921 non

2046 964 2210 1018 asinis
2238 962 2487 1017 meliores
2521 960 2790 1025 evadunt,
2824 975 2943 1028 qua:
2973 974 3001 1011 a
3046 958 3237 1013 talibus
3270 958 3396 1012 feris
3436 959 3637 1013 discer—

2049 1066 2261 1125 pantur.
2297 1054 2405 1108 Nec
2437 1053 2625 1107 tacebo
2650 1062 2704 1106 et
2726 1051 2937 1105 fastidia
2965 1052 3159 1121 quibus
3189 1052 3407 1106 obnoxii
3434 1063 3560 1106 sunt
3598 1052 3633 1106 ii

2048 1147 2138 1216 qui
2186 1161 2245 1200 se
2274 1146 2399 1200 huic
2440 1144 2697 1199 addixere
2728 1144 2916 1197 morbo
2937 1185 2951 1208 ,
2984 1158 3103 1212 qua:
3132 1144 3308 1198 omnia
3349 1158 3636 1199 recensete

2050 1254 2154 1294 non
2184 1254 2468 1308 possumus
2495 1255 2509 1292 :
2541 1253 2705 1292 unum
2732 1235 2873 1307 quod
2895 1245 2975 1291 est
3000 1248 3160 1305 caput
3184 1237 3422 1290 omnium
3454 1237 3640 1291 decla-

2051 1332 2203 1385 rabo.
2236 1329 2403 1385 Laula
2432 1344 2614 1383 mensa
2636 1369 2651 1395 ,
2681 1329 2748 1383 de
2776 1343 2878 1397 qua
2906 1328 3170 1396 loquimur
3192 1367 3210 1394 ,
3244 1343 3529 1399 numquam
3562 1329 3639 1383 illi

2050 1440 2171 1479 cum
2196 1424 2468 1493 voluptate
2496 1422 2766 1477 fruuntur.
2798 1422 3095 1491 Frugalitas
3126 1422 3323 1490 quippe
3346 1432 3401 1475 ut
3426 1421 3636 1476 valetu-

2052 1515 2194 1569 dinis
2217 1555 2234 1581 ,
2263 1514 2336 1567 ita
2364 1522 2418 1568 et
2444 1513 2729 1581 voluptatis
2780 1524 2950 1566 mater
2974 1520 3092 1578 est;
3124 1514 3342 1566 satietas
3386 1527 3515 1568 vero
3537 1554 3552 1577 ,
3582 1521 3640 1566 ut

2053 1607 2361 1660 morborum
2388 1645 2403 1672 ,
2436 1604 2509 1659 ita
2554 1604 2752 1658 fastidii
2784 1603 2903 1657 fons
2943 1612 3025 1658 est
3068 1612 3123 1657 et
3165 1604 3335 1658 radix.
3385 1604 3516 1657 Nam
3544 1604 3632 1658 uhi

2052 1697 2271 1751 satietas
2296 1705 2413 1762 est,
2439 1696 2511 1750 ibi
2542 1695 2968 1765 concupiscentia
2999 1710 3119 1750 esse
3142 1698 3322 1765 nequit
3348 1713 3360 1748 :
3395 1695 3483 1749 ubi
3514 1710 3654 1749 vero.

2054 1791 2487 1859 concupiscentia
2519 1806 2622 1843 non
2651 1798 2734 1843 est
2760 1831 2772 1850 ,
2807 1789 3075 1858 quomodo
3100 1790 3341 1857 voluptas
3368 1804 3489 1844 esse
3518 1804 3643 1857 pos-

2057 1883 2168 1935 sit?
2220 1882 2341 1937 ldeo
2373 1898 2479 1936 non
2529 1882 2690 1935 modo
2724 1882 3094 1950 prudentiores
3122 1891 3175 1936 et
3203 1883 3524 1936 valentiores
3554 1882 3640 1935 di-

2055 1977 2251 2029 vitibus
2278 1990 2541 2045 pauperes
2576 1973 2819 2029 videmus
2841 2015 2856 2039 ,
2886 1973 2979 2027 sed
3024 1972 3213 2043 majori
3245 1974 3423 2027 lietitia
3462 1972 3642 2026 fruen-

2058 2077 2158 2123 tes.
2206 2068 2335 2134 Quae
2384 2068 2561 2121 omnia
2607 2068 2900 2136 cogitantes
2950 2065 3263 2119 ebrietatem
3317 2064 3643 2134 deliciasque

2059 2158 2362 2228 fugiamus;
2397 2174 2502 2212 non
2546 2172 2747 2212 mens-.e
2780 2168 2980 2211 tantum
3008 2156 3230 2210 delicias
3255 2198 3268 2219 ,
3298 2156 3393 2210 sed
3430 2165 3484 2210 et
3508 2157 3644 2210 alias

2059 2264 2286 2314 omnes,
2315 2265 2432 2318 quae
2478 2250 2529 2303 in
2562 2249 2722 2303 rebus
2765 2248 3107 2302 saecularibus
3152 2246 3336 2300 haberi
3381 2258 3641 2317 possunt;

2059 2355 2350 2408 earumque
2379 2340 2499 2394 loco
2524 2340 2855 2409 spiritualem
2885 2339 3255 2393 nanciscemur
3281 2340 3605 2407 voluptatem
3626 2379 3641 2403 ,

2059 2442 2114 2487 et
2158 2432 2547 2488 delectabimur
2576 2433 2627 2486 in
2674 2432 2900 2485 Domino
2946 2434 3238 2486 secundum
3287 2432 3641 2501 prophetam,

2061 2528 2150 2597 qui
2179 2527 2308 2583 dicit
2338 2544 2352 2582 :
2403 2525 2664 2580 Delectare
2692 2527 2744 2578 in
2771 2525 2991 2579 Domino
3015 2567 3030 2591 ,
3061 2535 3105 2579 et
3133 2525 3214 2579 det
3256 2526 3342 2578 tibi
3383 2526 3647 2597 petitiones

2061 2619 2226 2673 cordis
2252 2620 2324 2673 tui
2350 2617 2369 2691 (
2393 2618 2535 2673 Psal.
2568 2619 2655 2673 56.
2689 2618 2790 2689 4);
2823 2627 2955 2672 utet
2999 2620 3348 2688 prmsenlibus
3378 2628 3432 2672 et
3458 2619 3647 2672 futuris

2062 2710 2301 2765 fruamur
2342 2710 2496 2765 bonis
2524 2752 2538 2776 ,
2566 2710 2734 2779 gratia
2764 2719 2817 2763 et
2858 2709 3187 2779 benignitate
3236 2710 3442 2763 Domini
3476 2708 3645 2762 nostri

2061 2805 2187 2860 Jesu
2221 2804 2418 2858 Christi
2444 2844 2458 2867 ,
2486 2818 2582 2871 per
2607 2819 2763 2871 quem
2792 2812 2845 2856 et
2887 2817 3006 2857 cum
3035 2817 3141 2871 quo
3170 2802 3309 2855 Patri
3339 2801 3504 2871 gloria
3528 2842 3543 2863 ,
3574 2800 3650 2853 si-

2062 2898 2278 2967 mulque
2304 2903 2490 2950 sancto
2516 2894 2753 2964 Spiritui,
2788 2894 2839 2947 in
2866 2895 3058 2949 sazcula
3086 2893 3423 2947 saiculorum.
3451 2894 3646 2947 Amen.

378 3108 3635 3150 ________________——————————

1712 3192 2060 3257 HOMILIA
2102 3190 2345 3253 XXIII.

482 3359 567 3413 11.
612 3355 726 3409 Hoc
756 3354 871 3425 fecit
899 3352 1098 3406 initium
1152 3349 1413 3420 signorum
1435 3342 1585 3396 Jesus
1630 3340 1684 3393 in
1712 3337 1854 3393 Cana

1042 3442 1288 3497 (.‘alilwa’.

454 3631 506 3684 1.
521 3626 885 3682 Vehementer
897 3622 1059 3677 instat
1074 3617 1337 3678 diabolus,
1352 3622 1406 3669 et
1422 3611 1576 3668 saluti
1593 3617 1789 3663 nostra:
1806 3606 1964 3661 undi-

385 3735 488 3790 que
534 3716 840 3773 insidiatur.
886 3710 1217 3782 Vigilandum
1273 3707 1468 3773 itaque,
1504 3712 1558 3757 et
1588 3699 1822 3769 undique
1864 3697 1964 3766 ipsi

383 3789 556 3867 aditus
580 3803 1019 3863 intercludendus
1045 3813 1146 3855 est.
1199 3798 1329 3853 Nam
1365 3796 1409 3851 si
1440 3794 1523 3849 vel
1558 3806 1773 3861 parvam
1813 3789 1966 3842 inve-

385 3904 519 3959 nerit
540 3899 901 3960 occasionem,
928 3894 1090 3948 latum
1127 3890 1227 3945 sibi
1252 3897 1435 3959 postea
1461 3882 1737 3954 apparabit
1765 3881 1969 3949 ingres-

384 4010 519 4059 sum,
546 4001 603 4048 et
642 3990 752 4044 vim
788 4001 937 4042 suam
962 3994 1128 4039 totam
1168 3981 1421 4053 paulatim
1453 3976 1687 4029 inducet.
1713 3970 1769 4025 Si
1791 3972 1970 4039 itaque

386 4084 568 4140 salutis
599 4090 802 4136 nostra:
845 4078 1075 4147 aliquam
1128 4074 1387 4127 rationem
1436 4067 1769 4128 habeamus;
1817 4077 1883 4117 ne
1914 4061 1964 4114 in

386 4178 561 4248 parvis
587 4173 806 4246 quidem
834 4171 995 4225 rebus
1034 4169 1205 4238 ipsum
1238 4163 1493 4217 accedere
1513 4160 1769 4218 sinamus,
1790 4164 1847 4209 ut
1878 4168 1971 4222 per

386 4246 498 4324 bare
519 4265 816 4335 majoribus
835 4273 1200 4316 occurramus.
1219 4256 1349 4309 Nam
1378 4263 1631 4307 extrema:
1654 4246 1972 4316 insipientia:

389 4370 549 4421 esset,
580 4358 628 4413 si
656 4357 786 4429 dum
815 4362 1016 4408 tantam
1048 4350 1135 4405 ille
1160 4345 1485 4416 diligentiam
1508 4342 1746 4405 adhibet,
1777 4348 1835 4392 ut
1860 4336 1977 4389 ani-

390 4468 528 4509 mam
555 4449 753 4521 perdat
785 4455 1043 4510 nostram,
1070 4456 1168 4496 nos
1195 4454 1292 4510 pro
1312 4437 1483 4492 salute
1526 4443 1705 4488 nostra
1737 4446 1844 4486 non
1875 4445 1971 4499 pa-

390 4561 500 4601 rem
525 4544 880 4599 adhibeamus
908 4534 1347 4591 sollicitudinem.
1391 4530 1515 4582 llaec
1539 4542 1569 4581 a
1599 4542 1685 4579 me
1726 4539 1832 4577 non
1859 4522 1975 4575 sine

390 4651 545 4692 causa
574 4636 719 4690 dicta
764 4627 1162 4697 sunt,sedquia
1201 4625 1361 4677 timeo
1389 4636 1457 4675 ne
1502 4619 1555 4672 in
1600 4615 1773 4671 media
1826 4612 1974 4667 caula

394 4746 531 4785 nunc
553 4729 645 4783 ille
678 4727 833 4795 lupus
859 4722 1035 4776 adstet
1060 4717 1316 4778 occultus,
1347 4726 1608 4781 ovemque
1636 4710 1825 4779 rapiat,
1857 4722 1975 4774 quae

394 4839 450 4878 se
478 4822 565 4877 vel
612 4837 683 4874 ex
717 4817 941 4887 segnitie
967 4814 1053 4869 vel
1082 4810 1208 4867 dolo
1247 4807 1388 4862 malo
1414 4821 1442 4860 a
1475 4818 1635 4875 grege
1673 4800 1973 4855 auditorum

394 4914 707 4970 semoverit.
734 4910 867 4966 Nam
892 4909 1109 4962 vulnera
1142 4904 1186 4958 si
1208 4901 1307 4957 sub
1330 4912 1545 4954 sensum
1576 4892 1849 4954 caderent,
1887 4898 1978 4944 aut

396 5010 436 5061 si
482 5019 684 5074 corpus
728 5003 913 5073 plagas
956 4999 1246 5066 acciperet,
1292 5007 1397 5047 non
1424 5004 1561 5060 opus
1590 4994 1734 5042 esset
1758 4982 1978 5038 insidias

397 5101 557 5155 hasce
588 5106 797 5151 tantum
824 5105 1153 5163 praecavere.
1181 5087 1310 5153 Quia
1337 5099 1467 5140 vero
1497 5079 1776 5137 invisibilis
1802 5076 1977 5129 anima

396 5202 496 5254 est,
529 5191 755 5260 ipsaque
784 5183 1092 5239 vulneribus
1119 5176 1443 5241 confoditur,
1474 5172 1639 5228 multa
1669 5168 1824 5224 nobis
1846 5178 1981 5232 Opus

398 5294 478 5339 est
518 5257 822 5353 vigilantia,
863 5284 923 5329 ut
963 5275 1326 5341 unusquisque
1364 5281 1483 5322 sese
1512 5263 1771 5334 exploret.
1816 5257 1981 5312 Nemo

401 5379 530 5429 enim
556 5350 693 5443 nouit
720 5388 779 5425 ea
804 5384 919 5439 quia
936 5375 1052 5423 sunt
1080 5363 1294 5417 hominis
1311 5403 1326 5425 ,
1347 5368 1404 5412 ut
1431 5358 1638 5425 spiritus
1659 5351 1874 5407 hominis
1897 5350 1984 5418 qui

401 5470 454 5522 in
481 5472 593 5536 ipso
622 5475 693 5520 est
717 5464 795 5536 (1.
823 5462 943 5517 Cor.
971 5459 1026 5513 2.
1060 5456 1174 5525 11).
1196 5454 1378 5509 Oratio
1402 5449 1542 5503 enim
1564 5445 1629 5499 ad
1650 5458 1835 5499 omnes
1866 5456 1986 5510 pcr-

403 5560 568 5623 vadit,
600 5566 654 5611 et
681 5530 969 5609 commune
994 5547 1243 5603 omnibus
1261 5542 1417 5598 offert
1438 5535 1731 5592 remedium
1756 5552 1771 5588 :
1795 5532 1886 5587 sed
1917 5530 1985 5584 ad

407 5649 647 5720 singulos
676 5644 949 5699 auditores
982 5637 1211 5708 pertinet
1246 5634 1334 5687 illa
1359 5629 1625 5697 accipere,
1654 5638 1772 5694 quae
1800 5624 1987 5677 morbo

409 5713 520 5794 δυσί
554 5734 875 5807 depellendi)
900 5739 1028 5785 sunt
1051 5723 1421 5797 congruentia.
1455 5718 1652 5789 IEgros
1697 5730 1799 5771 non
1837 5713 1982 5779 novi,

414 5848 511 5891 nec
537 5833 675 5889 bene
700 5833 958 5884 valentes.
990 5821 1113 5879 ideo
1136 5819 1204 5877 de
1229 5816 1391 5874 rebus
1417 5811 1665 5871 omnibus
1688 5808 1896 5878 loquor,
1925 5820 1985 5861 ea

2070 3348 2187 3404 qua:
2234 3333 2394 3386 animi
2450 3333 2649 3387 morbis
2691 3332 2913 3403 singulis
2971 3334 3356 3401 competant’:
3388 3333 3548 3389 modo
3585 3331 3655 3388 de

2068 3426 2308 3489 avaritia,
2343 3442 2465 3478 tuox
2496 3425 2562 3478 de
2602 3440 2801 3478 mensa:
2829 3424 3055 3489 deliciis,
3092 3425 3217 3479 hinc
3259 3425 3532 3479 libidinem
3560 3442 3650 3495 ag-

2069 3518 2284 3587 gredior
2316 3535 2329 3569 :
2366 3524 2548 3586 postea
2576 3531 2704 3569 vero
2729 3517 3124 3587 elecmosynam
3161 3514 3339 3577 laudo,
3386 3515 3453 3569 ad
3484 3515 3656 3569 illam-

2070 3624 2174 3680 que
2208 3608 2530 3678 erogandam
2578 3607 2784 3669 hortor,
2845 3606 2967 3659 hinc
2993 3606 3253 3658 bonorum
3292 3620 3513 3674 cperunt
3547 3604 3653 3658 alia

2072 3714 2288 3769 genera.
2310 3698 2495 3751 Timeo
2525 3696 2667 3750 enim
2700 3711 2765 3750 ne
2789 3694 2914 3748 dum
2949 3696 3036 3748 uni
3088 3696 3277 3748 morbo
3307 3695 3546 3749 curando
3577 3695 3658 3748 in-

2073 3791 2287 3855 cumho,
2318 3789 2403 3843 alii
2428 3788 2726 3842 remedium
2757 3786 2996 3851 afferam,
3023 3785 3149 3840 dum
3176 3801 3273 3840 vos
3301 3786 3420 3841 aliis
3446 3788 3660 3856 a-gritu-

2074 3883 2289 3937 dinibus
2331 3880 2581 3935 laboratis
2608 3881 2649 3931 '.
2683 3878 2737 3933 Si
2770 3892 2906 3932 unus
2950 3888 3153 3931 tantum
3187 3878 3272 3931 hic
3290 3877 3523 3942 adesset,
3548 3892 3654 3932 non

2077 3974 2433 4027 necessarium
2461 3970 2711 4024 ducerem
2741 3969 3082 4037 multiplicem
3107 3967 3307 4023 habere
3335 3983 3660 4023 sermonem.

2077 4066 2209 4133 Quia
2241 4079 2369 4117 vero
2406 4062 2457 4116 in
2491 4072 2635 4115 tanta
2681 4059 3021 4113 multitudine
3061 4061 3255 4112 multos
3295 4073 3414 4113 esse
3440 4059 3662 4114 morbos

2078 4152 2367 4212 verisimile
2388 4163 2489 4215 est,
2521 4168 2625 4207 non
2667 4154 2783 4207 sine
2830 4166 2989 4206 causa
3019 4151 3317 4205 doctrinam
3346 4152 3613 4205 variamus
3644 4168 3659 4208 :

2079 4262 2260 4303 sermo
2284 4245 2478 4315 quippe
2506 4245 2558 4298 in
2585 4259 2773 4298 omnes
2794 4242 3020 4307 effusus,
3053 4258 3202 4296 suam
3220 4252 3365 4296 certe
3380 4243 3661 4297 utilitatem

2080 4341 2314 4395 habebit.
2339 4338 2568 4408 ideoque
2599 4337 2874 4407 Scriptura
2906 4336 3019 4405 ipsa
3045 4336 3189 4389 varia
3221 4344 3327 4396 est,
3360 4350 3421 4388 ac
3451 4335 3519 4389 de
3544 4350 3665 4389 sex-

2080 4432 2252 4486 centis
2277 4432 2438 4485 rebus
2467 4429 2733 4493 edisserit,
2767 4428 2890 4498 quia
2921 4428 2985 4481 ad
3017 4442 3356 4481 communem
3388 4426 3661 4481 hominum

2083 4536 2324 4580 naturam
2352 4538 2654 4579 sermonem
2686 4521 2884 4591 dirigit.
2908 4521 2961 4574 lo
2998 4529 3141 4572 tanta
3168 4535 3299 4574 vero
3326 4520 3664 4573 multitudine

2081 4631 2303 4673 necesse
2355 4626 2436 4671 est
2464 4630 2652 4670 omnes
2680 4614 2838 4667 animi
2883 4612 3096 4667 morbos
3127 4612 3373 4681 reperiri,
3405 4611 3525 4666 licet
3556 4628 3662 4664 non

2082 4725 2271 4763 omnes
2299 4709 2350 4762 iu
2381 4708 2587 4761 cunctis
2617 4706 2813 4759 adsint.
2841 4704 2932 4758 llis
2955 4704 3131 4773 itaque
3161 4719 3258 4757 nos
3283 4713 3663 4773 cXpurgantes,

2083 4801 2260 4853 divina
2290 4799 2451 4853 verba
2482 4814 2598 4867 qua:
2629 4796 2787 4850 hodie
2822 4795 2954 4849 lecta
2982 4804 3107 4848 sunt
3132 4795 3349 4848 intentis
3376 4793 3664 4848 admodum

2083 4894 2275 4948 animis
2302 4892 2322 4923 ³
2351 4891 2650 4945 audiamus.
2675 4889 2930 4956 Quaenam
2979 4889 3065 4941 illa
3095 4887 3259 4941 sunt?
3290 4885 3403 4940 [loc
3429 4887 3544 4958 fecit
3569 4887 3667 4939 ini-

2086 4986 2211 5039 tium
2255 4985 2519 5053 signorum
2570 4981 2722 5035 Jesus
2765 4981 2819 5033 in
2870 4978 3012 5033 Cana
3058 4977 3304 5032 Catilina.
3340 4978 3456 5030 Dixi
3500 4992 3669 5046 nuper

2083 5074 2342 5147 quosdam
2368 5090 2475 5128 non
2506 5073 2609 5127 hoc
2636 5071 2844 5126 initium
2877 5085 2997 5125 esse
3019 5076 3226 5139 putare.
3252 5067 3387 5134 Quid
3410 5067 3572 5133 enim,
3592 5068 3669 5120 in-

2150 5254 2167 5285 ¹
2204 5252 2274 5301 Ita
2294 5258 2401 5301 Mss.
2425 5247 2567 5299 SaviI.
2595 5249 2841 5310 babet,....
2861 5246 3045 5310 loquor,
3071 5254 3115 5295 et
3136 5244 3355 5310 munibus
3376 5241 3671 5310 animinior-

2089 5314 2159 5363 bis
2182 5315 2473 5363 curationem
2491 5311 2655 5373 animo.
2702 5304 2946 5358 Μοτύη...
2971 5304 3153 5371 ιοᾲιιοτ,
3174 5306 3386 5356 munibus
3408 5304 3674 5357 hominibus

2087 5388 2357 5426 sermonem
2378 5372 2761 5422 accommodans.

2154 5439 2172 5507 ξ
2208 5435 2551 5507 lnterpret_atio
2576 5436 2733 5507 latina
2748 5432 2982 5507 Francisci
3006 5429 3192 5507 Aretini
3216 5430 3286 5479 sic
3309 5429 3489 5507 habet:
3520 5426 3679 5496 1ian

2089 5497 2216 5549 enim
2238 5489 2491 5559 nequando
2513 5494 2598 5544 uni
2619 5494 2751 5544 nobis
2775 5493 2935 5559 morbo
2956 5491 3249 5548 vacantibus,
3275 5489 3377 5559 alii.
3404 5503 3495 5552 quo
3518 5490 3675 5551 magis

2090 5559 2286 5613 laboret,
2311 5552 2603 5606 medicinam
2645 5569 2737 5606 non
2777 5554 3051 5605 adhibeam.
3077 5560 3263 5602 't‘extus
3296 5552 3495 5601 Graecus
3525 5564 3676 5612 quem

2092 5621 2176 5672 ille
2202 5619 2341 5682 legit,
2366 5620 2429 5668 ab
2451 5617 2721 5682 illodiffert
2744 5630 2892 5680 quem
2920 5629 3008 5664 nos
3029 5613 3350 5682 adhibuimus.
3378 5620 3611 5682 ut_p:ttet.

2156 5684 2177 5715 ³
2198 5672 2350 5753 adita
2370 5681 2508 5753 διψῇ.
2536 5672 2797 5751 legendum
2821 5674 3211 5753 psset,_coult'itt.‘
3247 5681 3416 5732 mente,
3446 5672 3567 5749 loco,
3599 5672 3676 5723 in-

2091 5743 2233 5857 acdntis
2250 5742 2511 5853 adnwdtum
2534 5738 2724 5792 quintis.
2744 5742 2833 5790 Sed
2852 5740 2957 5789 haec
2981 5738 3124 5789 lectio
3146 5747 3312 5787 contra
3334 5738 3545 5787 omnium
3572 5745 3672 5786 Mss.

2160 5820 2236 5857 em
2264 5817 2422 5857 tugua
2446 5835 2460 5850 .

2160 5820 2236 5857 em
2262 5812 2460 5868 juguat.
