4094 6370
420 302 524 363 159

423 434 555 489 qum
569 424 647 483 nt,
678 414 723 469 si
747 413 957 469 dicatur
984 408 1037 465 id
1062 408 1128 464 de
1152 407 1299 463 Cana
1326 406 1561 462 Galilaeae
1584 401 1833 459 tantum?
1879 413 2007 456 nam

426 512 542 571 Hoc
562 509 782 572 initium,
813 504 1003 576 inquit,
1022 502 1139 572 fecit
1165 502 1219 555 in
1245 500 1407 555 Cana.
1436 497 1550 567 Ego
1574 510 1704 550 vero
1730 494 1831 550 hac
1858 492 1925 548 de
1951 506 2010 547 re

422 621 535 660 non
567 601 835 658 curiosius
886 598 1211 660 edisseram;
1254 592 1347 647 sed
1391 591 1512 646 dico
1563 590 1734 659 ipsum
1774 595 1894 657 post
1917 585 2011 639 ba-

426 698 620 766 ptisma
649 694 796 762 signa
824 689 988 747 edere
1008 687 1266 756 coepisse;
1296 692 1420 737 ante
1448 682 1711 750 baptisma
1740 693 1867 733 vero
1887 679 2010 732 nul-

428 789 539 843 lum
559 786 772 850 fecisse,
801 784 910 853 jam
946 778 1357 835 declaravimus.
1389 774 1519 830 Sive
1541 781 1719 827 autem
1746 769 1869 834 hoc,
1898 767 2012 823 sive

421 880 574 936 aliud
602 887 723 950 post
749 876 1011 947 baptisma
1035 873 1261 942 primum
1279 871 1487 940 signum
1514 868 1689 933 fuerit,
1716 865 2013 934 disquirere

430 990 539 1029 non
588 986 766 1041 opera:
813 967 1047 1040 pretium
1095 980 1217 1020 esse
1257 963 1527 1018 existimo.
1568 959 1634 1013 Et
1676 955 2013 1027 manifestavit

429 1065 645 1137 gloriam
662 1079 829 1118 suam.
857 1061 972 1127 Quo
994 1058 1153 1112 modo
1174 1066 1229 1111 et
1254 1070 1355 1124 qua
1381 1051 1629 1108 ratione?
1658 1050 1841 1119 Neque
1869 1047 2015 1103 enim

433 1159 582 1214 multi
625 1157 703 1212 rei
752 1165 918 1225 gesue
968 1150 1343 1212 attendebant,
1389 1147 1483 1202 sed
1514 1145 1744 1200 ministri
1784 1151 2012 1207 tantum,

428 1249 827 1305 architricliuus
868 1254 921 1299 et
949 1258 1198 1313 sponsus.
1227 1240 1506 1308 Quomodo
1535 1251 1663 1307 ergo
1710 1234 2016 1290 manifesta-

430 1341 745 1413 vitgloriam
772 1338 963 1393 suam?
982 1336 1249 1404 Quantum
1281 1334 1333 1387 in
1362 1334 1477 1402 ipso
1497 1337 1631 1386 erat.
1665 1326 1815 1396 Quod
1842 1326 1886 1379 si
1909 1340 2015 1380 non

429 1442 580 1497 tunc,
608 1441 755 1487 certe
795 1438 978 1500 postea
1005 1441 1196 1482 omnes
1220 1422 1537 1479 miraculum
1564 1419 1791 1475 audituri
1819 1426 1973 1472 erant
1999 1433 2013 1470 :

432 1540 555 1579 nam
581 1522 647 1577 ad
676 1522 778 1576 hoc
804 1535 975 1590 usque
1004 1527 1216 1586 tempus
1239 1514 1560 1575 celebratur,
1581 1525 1681 1565 nec
1697 1510 1843 1563 latet.
1866 1504 2018 1575 Quod

433 1624 612 1669 autem
646 1612 736 1666 illo
764 1611 853 1664 die
882 1624 985 1664 non
1015 1620 1206 1661 omnes
1236 1605 1286 1659 id
1306 1602 1571 1665 noverint,
1592 1617 1657 1656 ex
1677 1598 2020 1669 sequentibus

432 1707 609 1779 palam
632 1714 731 1760 est.
766 1703 1053 1771 Postquam
1095 1699 1238 1754 enim
1261 1698 1488 1761 dixerat,
1536 1691 1883 1763 Manifestavit
1910 1693 2021 1761 glo-

432 1800 565 1853 riam
587 1813 752 1855 suam.
775 1793 1014 1850 subdidit
1045 1809 1058 1845 :
1095 1790 1161 1845 Et
1188 1789 1512 1844 crediderunt
1540 1787 1592 1840 in
1623 1802 1739 1840 eum
1783 1782 2021 1853 discipuli

430 1902 565 1965 ejus,
590 1892 677 1962 qui
711 1890 857 1960 prius
884 1887 1235 1942 mirabantur.
1263 1882 1449 1939 Viden‘
1498 1890 1623 1936 tunc
1651 1879 1882 1935 maxime
1928 1891 2023 1931 ne-

434 1983 725 2039 cessarium
756 1979 924 2034 fuisse
972 1986 1031 2032 ut
1061 1974 1320 2030 miracula
1367 1972 1675 2035 ederentur,
1717 1984 1837 2024 eum
1869 1966 2023 2037 probi

434 2073 706 2138 homines,
739 2070 829 2141 qui
860 2068 1032 2123 dietis’
1065 2065 1430 2130 attendebant,
1458 2060 1724 2117 aderant?
1770 2056 1835 2114 Hi
1880 2057 2024 2113 enim

438 2175 497 2221 et
526 2163 733 2219 facilius
754 2160 1008 2216 credituri
1035 2166 1210 2222 erant,
1233 2164 1287 2210 et
1301 2164 1449 2227 gesta
1476 2160 1726 2209 accurate
1768 2151 2023 2206 observa-

437 2259 566 2316 turi.
600 2258 662 2312 Et
683 2254 956 2328 quomodo
983 2264 1142 2308 notus
1169 2251 1356 2305 luisset
1390 2248 1506 2303 sine
1534 2245 1845 2300 miraculis?
1871 2242 2028 2299 Certe

438 2351 570 2405 satis
589 2356 743 2404 erant
766 2345 1030 2411 doctrina,
1059 2352 1115 2399 et
1142 2340 1422 2413 prophetia
1450 2354 1570 2394 eum
1596 2336 1857 2392 miraculo
1893 2349 2027 2390 cou-

438 2442 642 2514 juncta,
677 2447 735 2494 ut
780 2453 843 2493 ea
883 2437 937 2492 in
979 2435 1283 2491 auditorum
1325 2432 1533 2487 animos
1569 2429 1919 2491 insinuarent,
1970 2433 2030 2481 ut

439 2534 547 2604 jam
579 2530 801 2593 assueti.
848 2528 1015 2599 gestis
1062 2526 1225 2581 rebus
1261 2538 1382 2578 eum
1427 2523 1620 2576 affectu
1670 2518 2025 2574 attenderem.

443 2625 568 2681 Ideo
589 2624 712 2678 alibi
730 2637 874 2692 smpe
895 2622 1081 2676 dicunt
1100 2617 1464 2687 evangelistze,
1484 2614 1654 2685 ipsum
1676 2628 1781 2668 non
1798 2611 2031 2667 edidisse

443 2717 615 2786 signa,
649 2721 865 2784 propter
897 2711 1173 2767 hominum
1226 2709 1438 2763 illorum
1471 2704 1900 2776 perversitatem.
1938 2700 2027 2756 12.

444 2806 514 2862 Et
540 2816 651 2877 post
674 2806 780 2859 haec
796 2802 1053 2857 descendit
1077 2801 1130 2854 in
1149 2800 1474 2870 Capernaum
1499 2797 1606 2868 ipse
1631 2805 1678 2851 et
1700 2803 1862 2849 mater
1899 2794 2027 2863 ejus,

447 2908 495 2953 et
523 2903 728 2969 fratres,
761 2906 806 2949 et
833 2894 1069 2965 discipuli
1108 2894 1217 2963 ejus
1249 2907 1267 2946 :
1293 2901 1338 2945 et
1363 2891 1429 2944 ibi
1458 2896 1747 2942 manserunt
1780 2903 1880 2940 non
1905 2885 2035 2939 mul-

448 2991 513 3045 tis
538 2989 729 3042 diebus.
762 2986 871 3041 Cur
897 3001 1017 3040 cum
1046 2995 1221 3039 matre
1250 2983 1585 3053 Caperuaum
1636 2979 1823 3034 venit?
1851 2978 2035 3048 Neque

446 3081 591 3136 enim
621 3080 693 3134 ibi
745 3078 912 3132 ullum
941 3076 1068 3131 fecit
1099 3073 1422 3128 miraculum
1448 3090 1462 3138 ;
1498 3087 1673 3141 neque
1712 3069 1858 3123 urbis
1886 3068 2037 3122 istius

449 3172 640 3229 incola:
662 3170 827 3240 probe
854 3184 979 3238 erga
1008 3167 1154 3221 illum
1178 3164 1353 3220 affecti
1382 3172 1535 3219 erant
1564 3182 1577 3217 :
1611 3160 1703 3216 sed
1749 3158 2035 3215 admodum

450 3264 711 3334 corrupti.
755 3261 997 3329 llludque
1027 3259 1272 3313 Christus
1298 3255 1618 3326 significavit
1640 3253 1826 3307 dicens
1854 3270 1867 3305 ε
1893 3252 1959 3304 Et
1986 3261 2040 3304 tu

453 3358 772 3427 Capernauni
798 3370 952 3424 usque
976 3352 1044 3404 ad
1071 3351 1250 3405 mlum
1292 3351 1424 3403 elata
1444 3391 1458 3414 ,
1490 3363 1647 3418 usque
1673 3346 1741 3400 ad
1786 3345 2041 3414 infernum

451 3450 752 3520 deprimeris
776 3447 930 3521 (Luc.
960 3445 1048 3511 10,
1082 3445 1195 3513 15).
1222 3443 1330 3498 Cur
1352 3456 1480 3511 ergo
1498 3441 1589 3495 illo
1612 3455 1671 3494 se
1697 3437 1942 3494 confert?
1974 3435 2043 3491 Ut

457 3542 585 3601 ntihi
616 3540 831 3612 quidem
856 3538 1091 3601 videtur,
1117 3536 1241 3605 quia
1264 3534 1424 3604 paulo
1459 3540 1582 3602 post
1608 3533 1778 3585 iturus
1805 3537 1923 3584 erat
1949 3527 2041 3582 Je-

454 3637 803 3707 r0solymam,
854 3632 976 3687 ideo
1011 3641 1137 3685 tunc
1172 3628 1324 3691 abiit,
1370 3641 1438 3681 ne
1491 3634 1721 3679 matrem
1750 3630 1805 3676 et
1852 3622 2044 3675 fratres

455 3732 653 3799 ubique
675 3743 855 3782 secum
882 3725 1137 3780 traheret.
1168 3722 1369 3777 Abiens
1400 3720 1560 3789 igitur
1593 3717 1808 3787 illicque
1835 3716 1887 3769 in
1933 3729 2047 3767 ma-

461 3824 557 3880 tris
586 3821 843 3875 honorem
874 3817 1091 3887 paulum
1144 3821 1526 3875 commoratus,
1570 3809 1763 3863 iterum
1792 3802 2047 3859 miracula

454 3910 783 3983 aggreditur,
806 3923 928 3962 cum
960 3907 1103 3960 illam
1126 3903 1197 3959 ibi
1219 3902 1541 3973 reliquisset.
1571 3899 1696 3954 Ideo
1723 3897 1853 3952 dicit
1873 3896 2048 3964 ipsum

463 4019 568 4059 non
593 4002 773 4069 paucis
788 3998 980 4067 elapsis
995 3996 1181 4050 diebus
1193 3993 1370 4065 (Joan.
1389 3992 1444 4045 2.
1471 3991 1583 4060 15),
1606 3989 1818 4045 venisse
1833 3987 2053 4042 Jeroso—

463 4094 684 4166 lymam.
703 4088 893 4144 Paucis
910 4102 1035 4157 ergo
1056 4095 1179 4139 ante
1200 4083 1400 4138 Pascha
1422 4081 1609 4137 diebus
1629 4079 1924 4149 baptizatus
1940 4084 2045 4132 est.

467 4186 536 4241 Et
561 4182 909 4254 Jerosolymte
936 4178 1062 4249 quid
1094 4177 1233 4248 agit?
1273 4176 1409 4231 Rem
1446 4189 1651 4244 magnae
1695 4170 2047 4227 auctoritatis.

466 4277 597 4332 Nam
617 4275 971 4344 negotiatores
988 4270 1127 4333 illos,
1143 4265 1545 4331 nummularios,
1562 4278 1656 4321 eos
1673 4265 1759 4333 qui
1778 4262 2052 4318 columbas

468 4367 777 4424 vendebant
802 4374 857 4420 et
877 4364 1042 4419 boves
1063 4370 1118 4419 et
1132 4375 1279 4426 oves,
1302 4359 1526 4430 ideoque
1552 4358 1660 4414 illic
1681 4356 2048 4419 versabantur,

462 4461 646 4530 ejecit.

540 4548 595 4603 2.
618 4552 766 4606 Alius
780 4558 957 4604 autem
977 4544 1296 4615 evangelista
1317 4542 1526 4613 (Matth.
1542 4541 1631 4595 21.
1653 4542 1738 4596 15.
1754 4549 1802 4594 et
1818 4538 1913 4607 al.)
1933 4554 2056 4592 nar—

467 4653 553 4698 rat
591 4642 893 4712 ejicientem
940 4639 1089 4694 illum
1142 4636 1362 4701 dixisse,
1405 4633 1580 4689 Nolite
1614 4632 1788 4687 facere
1838 4631 2053 4685 domum

474 4734 648 4790 Patris
689 4732 793 4786 mei
833 4729 1141 4800 speluncam
1185 4727 1482 4788 latronum;
1515 4724 1601 4778 hic
1629 4737 1756 4778 vero
1784 4722 1931 4787 dicit,
1970 4723 2055 4776 l6.

474 4826 696 4882 Domum
714 4821 1063 4894 negotiationis
1083 4834 1100 4873 :
1117 4834 1223 4874 non
1243 4816 1506 4872 contraria
1529 4815 1829 4885 loquentes,
1852 4812 1945 4868 sed
1964 4812 2060 4868 de-

475 4925 837 4973 monstrantes
862 4914 1032 4983 ipsum
1061 4911 1113 4967 id
1142 4911 1224 4966 bis
1253 4911 1471 4975 fecisse,
1501 4917 1557 4963 et
1582 4909 1697 4963 haec
1725 4923 1831 4962 non
1862 4907 2053 4962 eodem

468 5019 618 5081 gesta
637 5018 877 5077 tempore
896 5004 1080 5071 fuisse,
1103 5003 1197 5059 sed
1220 5011 1274 5057 et
1298 5017 1438 5057 nunc
1466 5001 1615 5055 initio
1642 5000 2055 5071 praedicationis,

470 5114 631 5174 atque
667 5101 827 5155 etiam
861 5112 981 5154 cum
1012 5097 1079 5151 ad
1111 5096 1411 5165 passionem
1437 5094 1785 5163 pervenisset.
1819 5091 2060 5161 Quapro-

473 5208 592 5267 pter
612 5191 1102 5250 vehementioribus
1118 5204 1245 5244 usus
1268 5188 1464 5254 verbis,
1484 5186 1792 5256 Speluncam
1810 5186 2016 5241 vocavit
2042 5202 2057 5239 :

480 5305 585 5344 non
622 5287 750 5343 item
782 5299 926 5340 nunc
950 5283 1122 5349 initio,
1172 5280 1268 5337 sed
1296 5280 1655 5335 moderatiore
1696 5280 2059 5348 increpatione

476 5383 683 5435 utitur:
732 5379 871 5433 unde
897 5374 1181 5431 verisimile
1230 5374 1301 5427 sit
1347 5373 1573 5442 idipsum
1621 5372 1703 5427 bis
1750 5372 1959 5426 fecisse.
1996 5372 2061 5426 Et

476 5489 593 5536 enr,
626 5473 855 5542 inquies,
887 5470 938 5524 id
960 5470 1201 5524 Christus
1225 5478 1280 5521 et
1307 5482 1426 5521 cum
1452 5477 1592 5521 tanta
1618 5466 1952 5522 vehementia
1978 5466 2059 5521 fe-

476 5566 572 5629 cit,
597 5572 787 5631 quanta
817 5577 1075 5631 nusquam
1093 5576 1249 5630 agere
1263 5558 1701 5627 deprehenditur,
1718 5569 1772 5613 et
1800 5558 1913 5612 lucc
1938 5574 2059 5613 cum

479 5655 817 5711 contumeliis
869 5663 924 5708 et
973 5653 1228 5707 conviciis
1275 5649 1537 5714 affectus,
1595 5651 1960 5706 Samaritanus
2008 5659 2063 5706 et

482 5745 844 5804 dwrnouiacus
882 5743 952 5799 ab
986 5744 1089 5799 illis
1127 5743 1448 5799 vocaretur?
1492 5741 1674 5812 Neque
1700 5742 1841 5798 enim
1882 5743 2058 5799 verbis

1154 296 1215 353 s.
1242 290 1521 350 JOANNIS
1552 282 2025 348 CBRYSOSTOMI
2053 282 2372 342 ARCHIEP.
2401 286 2932 350 CONSTANTINOP.
2966 277 2970 281 ’

3599 300 3700 358 “0

2118 408 2422 470 enotatis.
2439 418 2562 459 eum
2580 403 2787 476 flagello
2807 407 2965 461 etiam
2989 406 3108 463 illos
3126 408 3349 478 espulit.
3372 408 3697 478 Judmi,ctnn

2115 492 2235 548 aliis
2286 492 2607 552 beneﬁcium
2648 497 2945 563 confertur,
2988 509 3239 556 accusant
3280 511 3337 557 et
3374 502 3696 571 efferuntur;

2117 584 2332 655 quando
2380 595 2558 642 autem
2590 604 2686 659 par
2730 604 2852 645 esse
2904 589 3185 646 videbatur
3228 592 3350 650 illos
3397 600 3700 666 exasperari

2121 676 2432 748 castigatos,
2467 695 2572 734 non
2605 681 2675 735 ita
2706 696 2895 751 aspere
2923 693 3108 753 agunt.
3136 683 3321 755 Neque
3348 686 3491 741 enim
3520 689 3698 745 iacre-

2119 780 2331 839 parunt,
2361 781 2450 826 aut
2472 773 2790 828 contumelia
2813 774 3127 841 affecerunt,
3150 777 3244 832 sed
3267 779 3393 849 quid
3420 780 3703 836 dixerunt?

2120 862 2208 918 £8.
2240 864 2388 928 Quod
2416 866 2616 935 signum
2639 867 2858 922 ostendis
2880 869 3039 933 nobis,
3087 871 3207 941 quia
3236 872 3359 926 talia
3403 875 3530 943 facis
3551 874 3577 927 .9
3614 874 3702 928 Vi-

2121 956 2241 1012 den’
2266 958 2484 1013 livorem
2518 958 2806 1030 ingentem,
2832 970 2891 1017 et
2908 964 3177 1033 quomodo
3206 964 3324 1019 aliis
3363 966 3505 1021 illata
3535 968 3701 1023 bene-

2121 1049 2241 1106 ficia
2272 1052 2537 1122 indignius
2561 1055 2798 1110 ferrent?
2827 1057 3124 1127 Aliquando
3154 1058 3313 1128 igitur
3334 1061 3589 1130 templum
3634 1061 3703 1115 ab

2128 1141 2236 1197 illis
2260 1144 2570 1213 speluncam
2601 1146 2864 1201 latronum
2894 1148 3088 1203 factum
3118 1164 3236 1204 esse
3256 1150 3484 1220 dicebat,
3524 1162 3703 1207 osten-

2121 1235 2257 1291 dens
2283 1237 2369 1291 illa
2399 1255 2517 1309 qua:
2539 1239 2926 1308 vendebantur,
2952 1240 3093 1297 furto
3135 1254 3286 1313 parta
3332 1244 3514 1311 fuisse,
3544 1256 3704 1316 atque

2127 1345 2198 1384 ex
2228 1331 2412 1400 rapina
2450 1339 2506 1386 et
2550 1332 2769 1387 avaritia
2814 1334 3048 1403 prodire,
3092 1336 3343 1406 ipsosque
3385 1354 3450 1392 ex
3480 1339 3704 1394 aliorum

2125 1422 2422 1477 calamitate
2451 1423 2742 1488 ditescere;
2785 1425 3068 1495 aliquando
3092 1436 3267 1481 autem
3297 1428 3511 1484 domum
3541 1445 3708 1500 nego-

2125 1513 2358 1569 tiationis
2378 1514 2524 1576 dicit,
2562 1514 2920 1583 impudentem
2945 1519 3355 1586 negotiationem
3383 1520 3705 1591 significans.

2125 1606 2229 1662 Sed
2259 1622 2354 1661 cur
2379 1608 2480 1661 hoc
2506 1607 2664 1662 fec-it?
2693 1607 2827 1673 Quia
2859 1610 3092 1665 futurum
3134 1622 3253 1667 erat
3303 1614 3440 1668 utin
3488 1614 3711 1669 sabbato

2125 1711 2360 1767 curaret,
2391 1712 2445 1756 et
2466 1703 2630 1757 multa
2674 1702 2975 1773 lmjusmodi
3015 1704 3235 1773 faceret,
3281 1723 3397 1777 quae
3427 1709 3524 1777 ipsi
3559 1718 3708 1778 puta-

2126 1791 2258 1846 bant
2310 1796 2788 1862 transgressionem
2817 1810 2938 1851 esse
2983 1796 3144 1864 legis;
3187 1814 3256 1852 ne
3300 1799 3572 1854 videretur
3599 1801 3709 1855 Deo

2126 1883 2464 1939 adversarius
2484 1900 2623 1952 esse,
2651 1887 2738 1957 qui
2766 1898 2954 1943 contra
2983 1889 3193 1945 Patrem
3236 1890 3288 1945 id
3338 1891 3580 1947 faciendo
3630 1893 3713 1948 in-

2129 1986 2392 2047 surgeret,
2418 1979 2528 2045 jam
2574 1978 2698 2035 hinc
2745 1980 2955 2035 illorum
3009 1980 3311 2051 hujusmodi
3355 1984 3707 2052 suspicionem

2129 2071 2363 2141 corrigit.
2399 2069 2530 2125 Nam
2561 2071 2648 2142 qui
2672 2086 2769 2142 pro
2797 2072 2978 2142 templi
3008 2073 3211 2135 honore
3240 2083 3438 2129 tantam
3465 2076 3712 2131 ostende-

2128 2171 2214 2216 rat
2237 2161 2675 2232 indignationem,
2700 2164 2882 2232 templi
2904 2164 3147 2231 Domino,
3178 2166 3265 2235 qui
3287 2166 3339 2219 in
3368 2166 3483 2236 ipso
3498 2166 3712 2221 coleba-

2133 2262 2240 2318 tur,
2256 2267 2361 2307 non
2383 2253 2757 2309 adversaturus
2777 2264 2909 2311 erat.
2929 2255 3071 2310 Satis
3091 2268 3243 2312 erant
3262 2258 3567 2326 superiores
3587 2259 3713 2313 anni

2132 2346 2326 2415 quibus
2373 2346 2664 2401 secundum
2696 2347 2871 2417 legem
2900 2348 3122 2415 vixerat,
3155 2356 3215 2403 ut
3238 2348 3550 2419 probaretur
3598 2350 3713 2419 ejus

2134 2454 2259 2508 erga
2293 2438 2655 2509 legislatorem
2685 2440 3010 2502 reverentia,
3040 2440 3320 2510 ipsumque
3350 2456 3455 2495 non
3495 2442 3594 2512 legi
3616 2442 3714 2496 ad-

2134 2540 2467 2586 versaturum
2498 2545 2637 2587 esse.
2660 2532 2792 2598 Quia
2834 2540 3009 2587 autem
3038 2532 3114 2586 illi
3158 2534 3281 2587 anni
3314 2534 3366 2587 in
3394 2532 3714 2587 oblivionem

2133 2624 2345 2678 venturi
2371 2633 2543 2687 erant,
2568 2623 2692 2694 quia
2715 2624 2961 2678 omnibus
2985 2624 3095 2678 noti
3124 2639 3229 2679 non
3257 2632 3432 2689 erant,
3468 2640 3533 2678 eo
3575 2622 3715 2692 quod

2136 2715 2189 2770 in
2219 2730 2448 2785 paupere
2477 2715 2638 2770 domo
2662 2716 2928 2770 enutritus
2954 2716 3159 2781 fuisset,
3193 2717 3440 2771 omnibus
3484 2732 3719 2787 praesen-

2139 2810 2299 2876 tibus,
2331 2818 2514 2881 utpote
2540 2810 2628 2865 die
2678 2811 2812 2866 festo
2854 2810 3331 2880 appropinquante,
3370 2810 3418 2864 id
3452 2810 3592 2876 facit,
3620 2824 3719 2866 nec

2139 2903 2254 2957 sine
2284 2903 2544 2973 periculo.
2569 2902 2753 2972 Neque
2774 2903 2944 2956 solum
2972 2903 3113 2956 enim
3141 2901 3316 2969 ejecit.
3350 2901 3442 2955 sed
3472 2908 3526 2955 et
3574 2917 3721 2955 meu-

2139 3008 2226 3047 sas
2250 2993 2462 3059 evertit,
2478 3004 2756 3059 argentum
2776 2992 2981 3058 effudit,
3004 3004 3061 3045 ut
3084 2992 3153 3045 illi
3186 3007 3364 3046 secum
3392 3000 3719 3060 reputarent,

2141 3103 2263 3141 eum
2290 3087 2378 3157 qui
2405 3070 2473 3140 ob
2504 3086 2756 3141 decorem
2788 3085 2978 3139 domus
3008 3099 3126 3139 sese
3155 3085 3206 3138 in
3239 3083 3467 3153 pericula
3494 3083 3725 3152 conjice-

2142 3187 2241 3240 ret,
2277 3178 2556 3231 Dominum
2583 3176 2774 3231 domus
2816 3191 2921 3230 non
2963 3175 3259 3244 despicere.
3306 3174 3360 3228 Si
3391 3174 3532 3227 enim
3562 3174 3613 3227 id
3645 3174 3723 3226 si-

2143 3270 2344 3325 mulate
2385 3277 2587 3323 tantum
2634 3268 2867 3330 fecisset,
2922 3266 3123 3320 hortari
3155 3265 3326 3319 solum
3356 3263 3722 3334 oportuisset:

2145 3377 2267 3415 nam
2288 3375 2346 3415 se
2371 3360 2424 3415 in
2447 3359 2681 3430 pericula
2711 3358 2998 3427 conjicere,
3030 3356 3200 3411 audax
3232 3355 3436 3410 facinus
3455 3365 3589 3410 erat.
3617 3354 3726 3411 Nc-

2146 3460 2250 3523 que
2275 3451 2419 3508 enim
2467 3451 2585 3506 leve
2629 3449 2758 3505 illud
2802 3458 2921 3504 erat
2965 3463 3086 3503 sese
3113 3446 3405 3503 forensium
3434 3446 3599 3500 furori
3627 3446 3728 3498 ob-

2142 3542 2331 3615 jieere,
2358 3552 2412 3598 et
2436 3543 2711 3598 brutorum
2739 3540 3035 3605 hominum,
3068 3547 3423 3594 mercatorum
3460 3537 3726 3599 videlicet,

2151 3635 2361 3690 turbam
2388 3632 2727 3688 contumeliis
2759 3645 2985 3685 onerare
3011 3638 3066 3685 et
3093 3629 3372 3684 adversum
3398 3643 3457 3684 se
3502 3644 3728 3699 exaspe-

2152 3742 2303 3791 rare;
2345 3725 2399 3779 id
2430 3739 2534 3779 non
2577 3723 2877 3777 simulantis
2900 3730 3037 3786 erat,
3065 3721 3159 3776 sed
3187 3735 3282 3790 pro
3324 3720 3514 3776 domus
3538 3721 3733 3777 decore

2152 3816 2385 3889 pericula
2417 3816 2594 3870 omnia
2620 3815 2892 3869 adeuntis.
2922 3813 3276 3881 Quamobrem
3302 3827 3405 3868 non
3435 3814 3597 3882 gestis
3640 3828 3732 3867 so-

2153 3910 2284 3975 lum,
2314 3907 2407 3963 sed
2446 3908 2605 3962 etiam
2636 3906 2793 3960 dictis
2818 3906 3051 3960 ostendit
3071 3920 3221 3959 suam
3251 3919 3372 3959 cum
3419 3903 3574 3959 Patre
3603 3919 3733 3958 cou—

2157 3998 2393 4054 cordiam
2429 4017 2442 4053 :
2473 4012 2577 4051 non
2602 3996 2738 4051 dixit
2767 3996 2932 4061 enim,
2964 3995 3188 4050 Domum
3219 4003 3478 4057 sanctam,
3502 3994 3594 4049 sed
3624 3993 3735 4048 Do-

2156 4108 2293 4145 nium
2308 4089 2479 4145 Patris
2506 4090 2620 4144 mei.
2648 4088 2786 4143 Ecce
2808 4087 3016 4143 Patrem
3042 4095 3214 4152 vocat,
3233 4099 3333 4140 nec
3362 4085 3730 4157 indignantur:

2157 4183 2411 4254 putabant
2460 4182 2603 4237 enim
2652 4180 2827 4248 ipsum
2877 4178 3190 4249 simpliciter
3238 4176 3403 4248 loqui.
3460 4177 3565 4232 Sed
3611 4178 3735 4247 quia

2157 4273 2350 4331 deinde
2376 4274 2570 4328 clarius
2598 4272 2844 4342 loquutus
2868 4279 2969 4337 est,
2994 4280 3051 4325 ut
3075 4286 3225 4326 suam
3242 4285 3362 4325 eum
3381 4269 3536 4325 Patre
3559 4285 3737 4339 aequa-

2160 4364 2362 4419 litatem
2396 4363 2711 4429 declararet,
2741 4371 2866 4417 tunc
2901 4362 2954 4416 in
3001 4362 3233 4416 furorem
3278 4362 3381 4416 acti
3422 4369 3568 4416 sunt.
3599 4361 3737 4429 Quid

2160 4456 2319 4525 igitur
2345 4455 2420 4509 illi
2442 4455 2465 4507 ?
2500 4455 2651 4521 Quod
2669 4459 2873 4527 signum
2894 4455 3037 4508 nobis
3057 4454 3298 4518 ostendis,
3333 4454 3596 4523 inquiunt,
3618 4454 3737 4523 quia

2161 4548 2268 4603 Iure
2298 4547 2426 4620 facis
2446 4547 2472 4600 ?
2499 4546 2545 4602 0
2592 4562 2856 4601 summam
2887 4546 3211 4600 amentiam!
3244 4545 3361 4611 Quo
3406 4545 3560 4615 signo
3604 4558 3738 4613 opus

2160 4652 2310 4707 erat,
2346 4651 2404 4695 ut
2442 4656 2471 4695 a
2522 4640 2662 4695 male
2710 4638 2954 4694 faciendo
2983 4638 3289 4693 desinerent
3315 4678 3331 4703 ,
3378 4647 3432 4692 et
3459 4635 3675 4691 domum
3708 4654 3738 4691 a

2163 4745 2305 4790 tanta
2336 4733 2660 4803 turpitudine
2688 4732 3015 4787 liberarent?
3044 4732 3132 4787 ille
3159 4742 3334 4787 tantus
3357 4747 3451 4801 pro
3469 4731 3627 4785 domo
3647 4730 3739 4784 Dei

2162 4828 2328 4888 zelus,
2358 4842 2536 4879 nonne
2580 4824 2868 4878 maximum
2898 4824 3109 4877 virtutis
3151 4824 3357 4893 signum
3383 4823 3541 4876 erat?
3582 4821 3741 4875 Probi

2164 4928 2338 4972 autem
2365 4917 2465 4969 viri
2488 4916 2611 4969 hinc
2640 4915 2804 4986 agniti
2831 4924 2957 4970 sunt
2987 4932 3000 4968 :
3046 4930 3168 4968 nam
3196 4915 3282 4968 17.
3313 4913 3583 4968 Recordati
3624 4923 3742 4966 sunt

2164 5008 2400 5079 discipuli
2428 5008 2537 5077 ejus
2564 5018 2703 5071 tunc,
2732 5006 2849 5075 quia
2874 5006 3121 5075 scriptum
3150 5014 3241 5068 est,
3264 5004 3418 5058 Zelus
3444 5004 3621 5057 domus
3645 5013 3746 5055 tum

2167 5100 2381 5154 comedit
2427 5115 2523 5151 me.
2557 5101 2625 5151 At
2664 5112 2768 5151 non
2797 5097 2871 5151 illi
2902 5096 3192 5167 prophetiae
3224 5096 3597 5156 meminerunt,
3647 5094 3745 5149 sed

2165 5192 2434 5255 dicebant,
2468 5191 2615 5257 Quod
2643 5192 2843 5261 signant
2868 5188 3088 5243 ostendis
3114 5186 3295 5241 nobis?
3312 5186 3381 5241 de
3399 5186 3746 5255 turpiamisso

2166 5285 2319 5341 lucro
2361 5283 2626 5348 dolentes,
2683 5291 3066 5350 sperautesque
3096 5294 3156 5334 se
3183 5279 3261 5334 sic
3294 5293 3453 5346 posse
3478 5279 3626 5332 illum
3650 5278 3748 5331 ab-

2165 5376 2384 5440 ducere,
2412 5374 2479 5429 ad
2506 5373 2819 5428 miraculum
2847 5372 3167 5442 patrandum
3197 5380 3443 5435 evocant,
3472 5379 3528 5424 ut
3550 5371 3772 5470 factuml

2166 5468 2283 5536 ejus
2306 5474 2614 5536 coarguant.
2649 5463 2772 5519 Ideo
2817 5463 3027 5533 signum
3056 5477 3160 5517 non
3190 5462 3283 5517 dat
3314 5462 3436 5517 illis.
3471 5460 3583 5515 lmo
3622 5476 3745 5517 eum

2170 5559 2316 5628 prius
2337 5557 2692 5611 accessissent
2737 5556 2951 5624 signum
2998 5563 3258 5624 petentes,
3298 5554 3398 5607 hoc
3422 5552 3694 5622 respondit
3728 5570 3744 5608 :

2170 5648 2437 5704 Generatio
2467 5664 2623 5717 prava
2651 5656 2699 5701 et
2739 5646 2971 5702 adultera
3008 5646 3205 5717 signum
3249 5647 3445 5714 qua-rit,
3478 5656 3524 5698 et
3548 5647 3752 5717 signum

2173 5759 2274 5798 non
2296 5741 2496 5797 dabitur
2519 5741 2585 5810 ei,
2618 5739 2715 5795 nisi
2741 5740 2940 5812 signum
2983 5736 3132 5794 Iona:
3164 5738 3372 5811 (Matth.
3408 5737 3490 5797 l6.
3519 5738 3597 5806 ι).
3643 5734 3754 5790 Sed
