4094 6370
372 349 474 406 I39

363 469 606 531 διανοίας
646 479 697 533 ι,
738 467 832 521 καὶ
884 467 994 523 τῶν
1040 469 1281 540 σήμερον
1324 470 1457 541 ἡμῖν
1498 467 1958 537 ἀναγνωσθέντων

364 551 713 620 ἀκούσωμεν.
746 550 883 605 Τίνα
927 551 985 605 δὲ
1014 551 1189 605 ταῦτά
1227 553 1379 618 ἐστι;
1415 552 1646 617 Ταύτην
1683 550 1954 616 ἐποίησε,

364 634 521 703 φησὶ,
559 633 676 699 τὴν
704 633 902 702 ἀρχὴν
931 632 1052 687 τῶν
1070 636 1338 705 σημείων
1366 638 1399 689 ό
1440 632 1680 701 Ἰησοῦς
1705 633 1775 685 ἐν
1794 629 1957 697 Κανᾷ

365 716 478 783 τῆς
528 718 888 782 Γαλιλαίας.
928 712 1097 772 Εἶπον
1147 719 1243 771 καὶ
1300 715 1490 788 πρώην
1538 716 1622 768 ὅτι
1658 716 1800 776 τινὲς
1859 715 1960 767 οὐκ

365 800 543 870 ἀρχὴν
583 800 790 870 ταύτην
830 798 969 853 εἷναί
1002 818 1155 870 φασι.
1192 800 1259 853 Τί
1306 801 1436 871 7&9.
1475 798 1661 870 φησὶν,
1706 799 1753 850 εί
1786 798 1957 868 πρόσ-

368 899 547 935 κειται
600 884 658 935 ἐν
708 884 864 953 Κανᾷ
894 884 994 952 τῆς
1042 885 1080 936 Γ
1084 883 1362 947 αλιλαίας;
1411 881 1537 949 Τὴν
1581 880 1691 952 7&9
1733 880 1958 950 ἀρχὴν,

368 966 523 1034 φησὶ,
560 967 790 1033 ταύτην
836 967 1128 1034 ἐποίησεν
1158 967 1229 1021 ἐν
1263 964 1451 1033 Κανᾶ.
1488 964 1628 1033 Ἐγὼ
1656 965 1684 1004 δ
1716 964 1774 1017 δέ
1818 965 1959 1036 ὑπὲρ

367 1049 576 1103 τούτων
619 1050 716 1120 μὲν
756 1050 907 1102 οὐδὲν
966 1050 1033 1104 ἂν
1083 1050 1656 1122 ἀκριϐολογησαίμην·
1706 1047 1822 1101 ἀλλ’
1876 1050 1958 1102 ὃτι

372 1132 554 1201 μέντοι
593 1133 734 1201 μετά
760 1133 821 1185 τὸ
854 1132 1137 1205 βάπτισμα
1176 1133 1286 1187 τῶν
1334 1134 1579 1204 σημείων
1602 1132 1823 1204 ἤρξατο,
1863 1133 1959 1186 καὶ

369 1214 477 1285 πρὸ
526 1215 622 1267 τοῦ
680 1216 1056 1285 βαπτίσματος
1099 1216 1251 1270 οὐδὲν
1308 1215 1814 1287 ἐθαυματούργησε,
1863 1216 1958 1269 καὶ

368 1297 679 1369 ἔμπροσθεν
722 1296 1091 1368 ἐδηλώσαμεν.
1141 1300 1266 1353 Είτε
1295 1299 1352 1351 δὲ
1380 1299 1568 1359 τοῦτο,
1618 1301 1728 1353 εῐτε
1770 1298 1961 1370 ἓτερον

370 1382 586 1452 πρῶτον
612 1384 838 1452 σημεῖον
866 1382 1082 1449 ἐγένετο
1110 1381 1219 1435 τῶν
1250 1382 1388 1452 μετὰ
1413 1382 1475 1434 τὸ
1500 1382 1782 1451 βάπτισμα
1814 1398 1958 1449 γενο-

372 1466 569 1536 μένων,
600 1466 663 1518 οὐ
695 1464 897 1536 σφόδρα
923 1465 1353 1535 διισχυρίζεσθαι
1382 1465 1682 1533 ἀναγκαῖον
1700 1461 1841 1517 εἷναί
1867 1482 1955 1535 μοι

365 1548 532 1601 δοκεῖ.
569 1548 681 1602 Καὶ
717 1547 1063 1616 ἐφανέρωσε
1092 1548 1208 1615 τὴν
1235 1547 1427 1612 δόξαν
1468 1546 1676 1601 αὐτοῦ.
1709 1547 1831 1609 Πῶς
1864 1548 1957 1601 καὶ

365 1631 474 1684 τίνι
492 1631 681 1702 τρόπῳ
705 1648 721 1698 ;
753 1631 888 1683 Οὐδὲ
911 1629 1021 1699 7&9
1043 1630 1229 1683 πολλοὶ
1254 1631 1542 1700 προσεῖχον
1565 1630 1643 1701 τῷ
1665 1631 1954 1701 γινομένῳ,

366 1714 482 1767 ἀλλ’
512 1716 562 1768 οἱ
594 1714 853 1779 διάκονοι,
888 1712 984 1767 καὶ
1012 1715 1041 1765 ὀ
1068 1712 1494 1783 ἀρχιτρίκλινος,
1515 1715 1608 1766 καὶ
1640 1715 1670 1767 0
1702 1714 1952 1784 νυμφίος.

365 1798 493 1861 Πῶς
528 1794 623 1851 οὖν
648 1799 962 1869 ἐφανέρωσε
997 1795 1095 1867 τὴν
1136 1796 1293 1862 δόξαν
1330 1797 1534 1861 αὐτοῦς
1577 1796 1651 1849 Τό
1682 1814 1744 1864 γε
1791 1795 1955 1850 αὑτοῦ

368 1881 553 1951 μέρος.
587 1882 651 1934 Εί
693 1881 749 1934 δέ
788 1881 883 1933 καὶ
921 1880 997 1951 μὴ
1041 1879 1184 1943 τότε,
1221 1879 1334 1933 ἀλλ’
1365 1879 1591 1951 ὕστερον
1638 1880 1864 1951 ἔμελλον
1895 1880 1957 1933 τδ

366 1962 552 2032 θαῦμα
578 1962 908 2016 ἀκούσεσθαι
938 1962 1175 2026 ἅπαντες
1195 1977 1210 1992 ⁸
1235 1961 1397 2033 μέχρι
1429 1962 1537 2033 7&9
1574 1962 1670 2016 τοῦ
1710 1962 1805 2017 νῦν
1834 1962 1956 2035 ᾄδε-

364 2064 474 2109 ται,
506 2050 601 2100 καὶ
651 2048 711 2099 οὐ
743 2047 1007 2101 διέλαθεν.
1037 2047 1164 2100 Ὀτι
1211 2046 1320 2119 γὰρ
1359 2048 1417 2099 ἐν
1447 2047 1632 2119 ἐκείνῃ
1771 2047 1956 2119 ἡμέρᾳ

364 2130 429 2183 οὐ
451 2130 650 2193 πάντες
682 2131 897 2201 ᾔδεσαν.
925 2129 1032 2183 ἀπὸ
1060 2129 1167 2181 τῶν
1198 2130 1553 2201 ἐπαγομένων
1576 2130 1955 2200 δῆλον.Είπὼν

364 2213 494 2283 7&9.
539 2214 908 2282 Ἐφανέρωσε
937 2213 1050 2282 τὴν
1078 2212 1268 2278 δόξαν
1301 2213 1508 2281 αὑτοῦ,
1533 2215 1783 2285 ἐπήγαγε
1805 2235 1817 2247 ·
1844 2217 1953 2270 Καὶ

362 2295 740 2351 ἐπίστευσαν
787 2300 877 2363 είς
908 2297 1095 2351 αὐτὸν
1134 2299 1188 2350 οι
1234 2297 1492 2366 μαθηταί
1530 2298 1739 2362 αὑτοῦ,
1768 2300 1818 2352 οἱ
1860 2300 1954 2353 καὶ

364 2379 476 2448 πρὸ
512 2380 705 2432 τούτου
740 2379 1111 2450 θαυμάζοντες
1141 2378 1326 2434 αὐτόν.
1365 2379 1528 2451 Ὀρᾷς
1556 2391 1578 2419 ο
1612 2381 1693 2433 ὅτι
1737 2381 1806 2433 τὰ
1853 2398 1952 2452 ση-

370 2466 497 2532 μεῖα
519 2462 640 2515 τότε
664 2462 899 2533 μάλιστα
918 2464 1211 2531 ἀναγκαῖον
1238 2458 1307 2533 ἦν
1337 2466 1533 2527 ποιεῖν,
1559 2464 1648 2516 ὅτε
1669 2465 1718 2515 οῖ
1749 2462 1953 2531 εὐγνώ-

369 2562 531 2614 μονες
560 2548 656 2599 καὶ
684 2547 1041 2618 προσέχοντες
1068 2549 1180 2609 τοῖς
1228 2547 1533 2617 γινομένοις
1573 2548 1762 2617 σαφῶς
1809 2566 1951 2620 παρ-

363 2631 537 2701 ῆσανς
573 2626 731 2685 Οὗτοι
755 2632 865 2702 7&9
890 2631 1110 2702 ἔμελλον
1141 2632 1235 2685 καὶ
1258 2633 1536 2686 πιστεύειν
1559 2634 1825 2687 εὑκολώτε
1836 2650 1949 2705 ρον,

364 2714 462 2767 καὶ
502 2716 646 2783 μετά
679 2714 965 2785 ἀκριϐείας
1000 2716 1289 2786 προσέχειν
1330 2719 1443 2780 τοῖς
1470 2716 1796 2787 γινομένοις.
1840 2717 1950 2770 Καὶ

367 2798 487 2861 πῶς
521 2800 587 2852 ἂν
625 2800 842 2868 ἐγένετο
875 2798 1147 2871 γνώριμος
1179 2801 1290 2853 τῶν
1320 2801 1563 2871 σημείων
1595 2801 1796 2872 χωρίς;
1826 2801 1953 2855 Ὀτι

364 2882 462 2936 καὶ
513 2882 825 2935 διδασκαλία
870 2885 1028 2955 ἱκανὴ
1070 2885 1162 2937 καὶ
1191 2884 1498 2954 προφητεία
1539 2885 1633 2937 καὶ
1675 2885 1736 2937 τὸ
1767 2885 1953 2955 θαῦμα

364 2964 597 3018 ἐνθεῖναι
635 2970 755 3029 ταῖς
785 2967 896 3019 τῶν
923 2968 1228 3021 ἀκουόντων
1252 2968 1473 3038 ψυχαῖς,
1506 2968 1646 3022 ὥστε
1682 2970 1818 3039 μετὰ
1847 2970 1953 3023 δια-

366 3046 570 3111 θέσεως
604 3049 895 3120 προσέχειν
927 3052 1039 3113 τοῖς
1066 3050 1392 3119 γινομένοις,
1423 3051 1524 3122 τῆς
1561 3052 1739 3122 ψυχῆς
1768 3070 1953 3123 προοι-

364 3133 675 3203 κειωμένης
703 3132 824 3202 ἤδη.
850 3132 948 3184 Διά
967 3150 1049 3184 τοι
1076 3133 1232 3185 τοῦτο
1264 3133 1536 3205 πολλαχοῦ
1573 3136 1667 3187 καὶ
1718 3135 1951 3206 ἀλλαχοῦ

364 3231 531 3282 φασιν
563 3216 613 3266 οί
652 3215 1053 3283 εὐαγγελισταὶ,
1091 3216 1165 3286 μὴ
1202 3216 1559 3288 πεποιηκέναι
1601 3220 1824 3286 σημεῖον
1851 3219 1952 3271 αὐ-

362 3297 477 3361 τὸν,
503 3297 591 3351 διά
636 3297 697 3350 τὸ
738 3298 847 3350 τῶν
894 3296 1194 3368 ἀνθρώπων
1233 3299 1421 3352 σκαιὸν
1451 3299 1559 3351 τῶν
1586 3301 1703 3352 ἐκεῖ
1744 3299 1953 3370 διατρι-

364 3380 589 3436 ϐόντων.
623 3382 731 3434 Καὶ
773 3382 927 3449 μετὰ
957 3380 1143 3435 ταῦτα
1181 3382 1400 3450 κατέϐη
1429 3384 1518 3447 εἰς
1555 3384 1953 3452 Καπερναοὺμ

360 3464 549 3530 αὐτὸς
576 3463 676 3517 καί
702 3467 741 3533 ἡ
779 3464 978 3534 μήτηρ
1014 3465 1223 3525 αὐτοῦ.
1253 3466 1352 3520 καὶ
1382 3468 1438 3519 οί
1483 3466 1734 3535 ἀδελφοὶ
1760 3467 1856 3519 καί
1896 3470 1951 3520 ot

355 3547 620 3617 μαθηταὶ
641 3548 829 3602 αὐτοῦ
846 3564 859 3579 ·
886 3547 985 3600 καί
1012 3543 1176 3618 ἦσαν
1200 3548 1329 3601 ἐκεῖ
1350 3550 1422 3602 οὐ
1446 3548 1682 3613 πολλὰς
1704 3548 1950 3616 ἡμέρας.

362 3630 525 3694 Τίνος
552 3627 647 3684 οῦν
692 3630 879 3683 ἕνεκεν
906 3631 1270 3702 παραγίνεται
1316 3631 1455 3703 μετά
1496 3631 1596 3701 τῆς
1630 3632 1835 3702 μητρὸς
1873 3634 1953 3697 είς

362 3713 777 3784 Καπερναούμ;
821 3712 958 3765 Οὐτε
989 3714 1095 3783 γάρ
1130 3713 1315 3784 θαῦμα
1348 3714 1499 3768 οὐδὲν
1533 3714 1826 3783 είργάσατο
1855 3714 1953 3766 αὑ-

358 3796 506 3859 τόθι,
535 3796 658 3850 οὐτε
690 3798 739 3850 οἰ
768 3797 868 3865 τὴν
895 3796 1045 3849 πόλιν
1075 3796 1353 3861 οἰκοῦντες
1397 3797 1611 3866 ἐκείνην
1644 3795 1753 3849 τῶν
1785 3797 1953 3865 ὑγιῶς

362 3881 507 3949 πρὸς
543 3881 704 3934 αὐτὸν
742 3881 975 3951 ἐχόντων
995 3874 1154 3951 ἦσαν,
1186 3879 1324 3933 ἀλλὰ
1360 3880 1453 3934 καὶ
1485 3879 1595 3932 τῶν
1630 3878 1834 3948 σφόδρα
1870 3879 1951 3932 δι-

362 3962 743 4034 εφθαρμένων.
780 3963 893 4015 Καὶ
932 3960 1088 4015 τοῦτο
1120 3961 1389 4032 ἐδήλωσεν
1417 3962 1446 4013 0
1471 3960 1702 4032 Χριστὸς
1746 3961 1915 4014 εἰπών
1934 3979 1949 3993 ·

360 4046 479 4100 Καὶ
502 4047 604 4109 σὺ,
617 4045 1028 4115 Καπερναοὺμ,
1044 4046 1081 4114 ἠ
1092 4044 1203 4110 ἕως
1218 4043 1325 4098 τοῦ
1341 4044 1602 4113 οὐρανοῦ
1618 4044 1949 4112 ὑψωθεῑσα,

234 4132 249 4145 ⁸
361 4129 477 4194 ἕως
502 4127 652 4195 ᾅδου
694 4128 1206 4198 καταϐιϐασθήσῃ.
1240 4128 1397 4191 Τίνος
1424 4124 1519 4182 οὖν
1552 4129 1736 4182 ἕνεκεν
1766 4146 1950 4200 παρα-

359 4212 613 4279 γίνεται;
638 4212 789 4283 Ἐμοὶ
819 4212 985 4277 δοκεῖ,
1010 4210 1200 4282 ἐπειδὴ
1236 4210 1430 4281 μικρὸν
1471 4210 1699 4281 ὕστερον
1727 4211 1952 4282 ἔμελλεν

358 4296 573 4348 ἀνιέναι
606 4297 686 4359 είς
711 4298 779 4348 τὰ
810 4294 1176 4365 Ἰεροσόλυμα,
1206 4294 1295 4348 διὰ
1322 4295 1481 4348 τοῦτο
1515 4295 1639 4348 τότε
1670 4296 1948 4360 ἀπελθεῖν,

358 4377 509 4431 ὥστε
548 4376 623 4453 μὴ
674 4376 948 4447 πανταχοῦ
988 4378 1117 4441 τοὺς
1152 4376 1415 4446 ἀδελφοὺς
1451 4377 1811 4449 ἐπισύρεσθαι
1857 4380 1953 4433 καὶ

359 4463 465 4531 τὴν
490 4462 717 4533 μητέρα.
746 4458 1022 4513 Ἀπελθὼν
1046 4460 1179 4528 γοῦν
1205 4459 1299 4513 καὶ
1318 4459 1497 4528 ὀλίγον
1522 4459 1806 4531 διατρίψας
1832 4462 1954 4531 χρό-

360 4562 455 4598 νον
498 4544 587 4597 διά
620 4544 720 4615 τὴν
749 4544 828 4607 είς
859 4543 960 4614 τὴν
994 4542 1207 4614 μητέρα
1236 4542 1425 4613 τιμὴν,
1452 4542 1596 4596 οὑτω
1621 4545 1783 4599 πάλιν
1824 4548 1951 4599 ἐπι-

360 4625 700 4698 λαμϐάνεται
723 4626 833 4679 τῶν
876 4625 1193 4695 θαυμάτων,
1230 4626 1689 4696 ἀποκαταστήσας
1728 4628 1828 4699 τὴν
1856 4645 1953 4696 γε-

362 4713 713 4782 γεννηκυῖαν.
769 4708 921 4783 [133]
987 4711 1086 4764 Διά
1130 4709 1289 4762 τοῦτό
1337 4727 1539 4780 φησιν,
1575 4710 1657 4764 ὃτι
1695 4713 1757 4765 οὑ
1813 4713 1951 4782 μετά

361 4792 567 4856 πολλὰς
600 4794 810 4865 ἡμέρας
850 4793 1019 4862 ἀνέϐη
1057 4794 1138 4855 είς
1182 4791 1549 4863 Ἰεροσόλυμα.
1602 4793 1718 4864 Πρὸ
1751 4794 1950 4865 ὀλίγων

360 4877 473 4947 ἄρα
507 4876 734 4947 ἡμερῶν
760 4875 854 4930 τοῦ
891 4877 1082 4947 Πάσχα
1103 4875 1452 4931 ὲϐαπτίσατο.
1486 4877 1748 4931 Ἀνελθὼν
1782 4878 1840 4931 δέ
1869 4881 1950 4943 είς

360 4962 430 5013 τά
460 4960 809 5032 Ἰεροσόλυμα
836 4960 888 5013 τί
924 4962 1099 5025 ποιεί;
1132 4960 1374 5030 Πρᾶγμα
1416 4960 1619 5031 πολλῆς
1662 4962 1950 5027 αὐθεντίας

361 5044 551 5115 γέμον.
566 5046 705 5108 Τοὺς
733 5046 842 5116 γάρ
868 5044 1143 5114 καπήλους
1170 5044 1430 5107 ἐκείνους,
1451 5047 1576 5109 τοὺς
1598 5048 1946 5119 τραπεζίτας,

361 5131 490 5193 τοὺς
516 5129 616 5192 τὰς
650 5128 978 5200 περιστερὰς
1011 5127 1325 5192 πωλοῦντας
1376 5128 1470 5182 καὶ
1503 5129 1631 5200 βόας
1680 5131 1775 5183 καὶ
1815 5131 1950 5203 πρό-

363 5214 523 5275 ϐατα,
554 5214 645 5266 καὶ
674 5213 762 5265 διά
788 5212 949 5265 τοῦτο
969 5215 1086 5265 ἐκεῖ
1104 5212 1499 5283 διατρίϐοντας,
1532 5211 1775 5278 ἐξέϐαλε.

437 5297 505 5367 β’.
523 5299 632 5350 Καὶ
651 5298 735 5350 ἒτε
745 5314 837 5369 ρος
850 5297 948 5367 μὲν
964 5297 1354 5369 εὐαγγελιστής
1373 5316 1557 5368 φησιν,
1576 5298 1657 5351 ὃτι
1670 5299 1948 5353 ἐκϐάλλων

361 5383 546 5450 ἔλεγεν
560 5399 576 5413 ·
595 5384 687 5452 Μὴ
712 5384 917 5435 ποιεῖτε
937 5380 1029 5434 τὸν
1047 5376 1195 5434 οἷκον
1218 5380 1313 5434 τοῦ
1328 5383 1537 5455 Πατρός
1557 5400 1659 5454 μου
1687 5386 1948 5454 σπήλαιον

362 5464 575 5538 λῃστῶν
595 5482 609 5495 ο
637 5458 793 5529 οὗτος
822 5465 880 5517 δέ
910 5482 1094 5535 φησιν,
1120 5462 1300 5518 Οἷκον
1328 5467 1638 5535 ἐμπορίου,
1667 5468 1766 5520 οὐκ
1794 5470 1948 5523 ἐναν-

360 5548 488 5610 τίως
513 5548 762 5618 ἀλλήλοις
789 5547 1057 5615 λέγοντες,
1089 5547 1224 5602 ἀλλά
1249 5549 1555 5613 δεικνύντες
1578 5551 1659 5603 ὅτι
1680 5552 1742 5603 ἐκ
1766 5550 1948 5605 δευτέ-

423 5646 652 5711 ‘_Iore|.
677 5648 805 5711 οὕτω
840 5648 938 5702 τοῖς
950 5648 1099 5711 ,θείοις
1122 5648 1276 5708 λόγοις
1299 5648 1691 5711 προσϐάλλωμεν,
1714 5652 1794 5698 καὶ
1819 5650 1947 5699 οὕτω

363 5709 485 5774 μετά
504 5709 848 5769 συντεταμένης
870 5709 1050 5774 σφόδρα
1067 5716 1151 5766 τῆς
1176 5709 1395 5765 διανοίας.
1414 5710 1650 5774 savihum
1673 5716 1945 5774 sequimur,

384 5771 630 5845 ιυὶμιωεω
666 5771 1057 5879 συντετρϊμένης
1085 5784 1173 5833 pro
1206 5772 1544 5881 mare:ch
1564 5771 1761 5879 905"”..-
1812 5774 1838 5813 ιδ
1863 5771 1948 5823 ὃίὸ

384 5833 510 5879 >anl.
567 5838 623 5879 et
686 5843 803 5878 mss.
900 5833 1022 5880 orel.
1073 5845 1182 5881 cum
1238 5833 1347 5881 cod.
1422 5832 1483 5881 06
1533 5849 1561 5880 τ
1631 5835 1720 5883 γάο
1768 5836 1946 5883 ἄτοπον

364 5850 510 5879 nam.
567 5850 623 5879 ει
686 5850 803 5878 ω.
854 5850 1022 5880 nurel.
1073 5850 1182 5881 cum
1238 5850 1347 5881 σου.
1392 5850 1483 5881 ιυο
1533 5850 1579 5880 τι
1631 5850 1720 5898 γαρ
1768 5850 1946 5884 ατοπον

363 5893 673 5956 προσκεῖσθαι
693 5892 754 5956 ἐν-
775 5894 896 5942 κη..
1025 5894 1088 5955 μὴ
1126 5894 1273 5956 ἀρχὴν
1296 5895 1411 5942 εἶναι
1432 5895 1606 5951 ταύτην
1638 5898 1733 5942 τῶν
1753 5896 1837 5944 τοῦ
1852 5896 1947 5954 Ίηο

366 5952 456 6000 σοῦ
481 5954 709 6019 σημείων·
737 5954 942 6019 ἐτόλμα
968 5952 1137 6005 Μοτθι.
1160 5952 1284 6004 ὥστε
1302 5957 1442 6005 οἱκαὶ
1464 5958 1555 6019 πρὸ
1575 5956 1745 6005 τούτου
1767 5952 1947 6019 θαυμάο

365 6019 516 6069 ζοντες
537 6013 839 6063 ἐπίστευσαν.
861 6013 1004 6079 Ὁρᾷς

1362 344 1429 401 ΙΝ
1467 343 1784 402 IOANNEM
1827 344 2062 400 IIOMIL.
2094 344 2287 400 XXIII.
2333 345 2405 401 al.
2450 342 2619 399 XXII.

3545 339 3569 394 Ι
3583 341 3652 395 (,0

2068 484 2163 538 pou
2194 466 2352 520 τοῦτο
2376 466 2618 537 ἐποίησε,
2648 466 2741 519 καὶ
2771 464 2852 517 ὅτι
2881 461 2942 517 οὐ
2970 460 3114 516 κατὰ
3148 459 3241 514 τὸν
3263 459 3424 514 αὑτὸν
3456 462 3650 532 καιρὸν

2062 551 2347 622 ἀμφότερα
2374 552 2616 619 γέγονεν,
2650 547 2786 603 ἀλλά
2823 547 2918 600 νῦν
2960 546 3060 616 μὲν
3093 547 3152 598 ἐν
3182 544 3511 615 προοιμίοις,
3553 544 3650 596 νῦν

2062 634 2117 688 δέ
2146 635 2283 705 πρὸς
2323 633 2453 686 αὐτὸ
2486 633 2548 685 τὸ
2578 632 2750 695 πάθος
2791 629 2962 685 ἐλθὼν
2982 670 2998 694 ,
3042 628 3202 682 τοῦτο
3231 631 3393 682 ποιεῖ.
3422 629 3515 680 Διδ
3556 629 3652 680 καὶ

2062 717 2417 788 σφοδρότερον
2442 719 2555 780 τοῖς
2594 716 2771 783 λόγοις
2804 715 3171 785 χρησάμενος,
3217 712 3481 782 σπήλαιον
3520 710 3648 764 ἐκά-

2059 800 2213 854 λεσεν
2242 799 2501 854 ἐνταῦθα·
2540 802 2598 852 ἐν
2627 799 2682 851 δέ
2706 800 2848 868 ἀρχῇ
2874 797 2982 850 τῶν
3008 793 3293 865 σημείωνά
3320 795 3419 865 οὐχ
3448 794 3646 857 οῶως,

2058 884 2172 938 ἀλλ’
2203 884 2469 957 ὑφειμένῃ
2506 883 2706 954 μᾶλλον
2737 884 2805 951 τῇ
2840 881 3157 950 ἐπιτιμήσει
3187 879 3491 947 κέχρηται·
3524 876 3649 929 ὃθεν

2059 971 2205 1033 είκδς
2231 969 2484 1039 δεύτερον
2510 967 2669 1021 τοῦτο
2696 964 3076 1035 πεποιηκέναι.
3108 963 3219 1015 Καὶ
3248 962 3395 1023 τίνος
3435 961 3644 1023 ἕνεκεν,
3756 1022 3759 1025 _

2059 1056 2242 1125 φησὶν,
2272 1054 2405 1106 αὐτὸ
2430 1052 2588 1105 τοῦτο
2612 1050 2910 1120 πεποίηκεν
2945 1050 2973 1101 0
3003 1046 3258 1119 Χριστὸς,
3291 1047 3386 1099 καὶ
3410 1045 3648 1116 τοσαύτη

2060 1138 2380 1209 σφοδρότητι
2400 1137 2666 1207 κέχρηται
2691 1145 2715 1172 ο
2742 1134 2864 1187 κατ’
2886 1130 3085 1191 αὐτῶν,
3108 1131 3245 1200 ὅπερ
3264 1127 3506 1197 οὐδαμοῦ
3529 1128 3649 1197 φαί-

2056 1237 2205 1275 nm:
2238 1220 2428 1278 ποιῶν.
2458 1220 2553 1273 καὶ
2587 1216 2759 1271 ταῦτα
2800 1214 3178 1284 ὑϐριζόμενος,
3208 1210 3643 1280 λοιδορούμενος,

2057 1306 2151 1358 καὶ
2181 1304 2530 1375 Σαμαρείτης
2562 1305 2656 1357 καὶ
2689 1300 2961 1371 δαιμονῶν
2994 1297 3214 1366 κληθεὶς
3262 1297 3395 1366 παρ’
3427 1295 3645 1359 αὑτῶν;

2057 1388 2192 1441 Οὐδὲ
2220 1388 2329 1458 7&9
2351 1386 2596 1457 ⁴ἠρκέσθη
2635 1389 2747 1449 τοῖς
2785 1384 2964 1451 λόγοις
3000 1382 3180 1451 μόνον,
3214 1378 3349 1432 ἀλλά
3379 1378 3472 1431 καὶ
3501 1394 3645 1458 φρα-

2055 1471 2264 1535 γέλλιον
2290 1454 2487 1534 λαϐὼν,
2513 1454 2686 1533 οὕτως
2712 1467 2908 1529 αὐτοὺς
2930 1463 3203 1528 ἐξέϐαλεν.
3222 1463 3284 1514 Οί
3310 1459 3367 1512 δέ
3398 1454 3646 1513 Ἰουδαῖοι

2057 1555 2257 1625 ἑτέρων
2289 1556 2386 1623 μέν
2423 1550 2917 1624 εὐεργετουμένων,
2957 1544 3251 1614 ἐγκαλοῦσι
3286 1544 3381 1596 καὶ
3420 1542 3645 1613 ἀγριαί-

2055 1655 2239 1691 νουσιν
2257 1654 2269 1667 ·
2293 1638 2382 1690 ὅτε
2409 1638 2465 1690 δὲ
2488 1636 2634 1699 είκδς
2653 1631 2721 1706 ἦν
2747 1630 3155 1703 ἐκθηριωθῆναι
3182 1627 3645 1698 ἐπιτιμωμένους,

2054 1721 2114 1773 οὐ
2144 1719 2368 1790 τοιούτῳ
2393 1720 2687 1789 κέχρηνται
2718 1714 2856 1787 πρὸς
2888 1714 3050 1768 αὑτὸν
3074 1713 3283 1783 τρόπῳ.
3315 1710 3388 1763 Οὐ
3413 1708 3521 1779 γὰρ
3549 1711 3647 1761 ἐπ·-

2056 1804 2340 1873 ετίμησαν,
2369 1801 2489 1854 οὐδέ
2521 1800 2774 1870 ὓϐρισαν·
2809 1798 2945 1852 ἀλλά
2977 1797 3029 1849 τί
3054 1813 3187 1864 φασι
3218 1793 3267 1859 f;
3296 1794 3357 1846 Τί
3391 1790 3648 1861 σημεῖον

2054 1886 2349 1950 δεικνύεις
2380 1884 2543 1953 ἡμῖν,
2571 1883 2659 1936 ὅτι
2677 1882 2867 1936 ταῦτα
2893 1880 3113 1944 ποιεῖς;
3148 1879 3312 1948 Ὁρᾷς
3345 1874 3648 1944 βασκανίας

2054 1968 2380 2039 ὑπερϐολὴν,
2412 1968 2503 2021 καὶ
2536 1966 2652 2029 πῶς
2685 1966 2871 2019 αἰτῶν
2905 1962 3079 2017 ἄλλων
3102 1959 3414 2030 εὐεργεσίαι
3443 1955 3649 2027 μᾶλλον

2054 2054 2250 2115 αὐτοὺς
2282 2050 2646 2121 παρώξυναν;
2677 2048 2815 2101 Ποτὲ
2850 2047 2949 2117 μὲν
2985 2040 3078 2098 οὖν
3120 2043 3385 2113 σπήλαιον
3431 2039 3649 2111 λῃστῶν

2052 2137 2144 2189 τόν
2174 2135 2301 2187 ναὸν
2351 2132 2440 2187 ὑπ’
2475 2132 2653 2185 αὐτῶν
2698 2132 2851 2197 ἔλεγε
2879 2128 3165 2198 γενέσθαι,
3198 2125 3413 2187 δεικνὺς
3461 2124 3543 2176 ὅτι
3576 2123 3646 2175 τὰ

2055 2217 2379 2287 πωλούμενα
2414 2216 2524 2270 ἀπὸ
2558 2214 2765 2284 κλοπῆς
2791 2209 2880 2285 ἦν,
2922 2213 3017 2265 καὶ
3042 2209 3311 2282 ¹ἁρπαγῆς
3345 2207 3441 2261 καὶ
3484 2206 3649 2259 πλεο-

2053 2302 2254 2367 νεξίας,
2287 2301 2380 2353 καὶ
2409 2301 2473 2352 ἐκ
2514 2297 2624 2351 τῶν
2659 2296 2958 2367 ἀλλοτρίων
2988 2294 3282 2347 ἐπλούτουν
3316 2289 3642 2361 συμφορῶνο

2056 2385 2188 2437 ποτέ
2240 2385 2297 2437 δέ
2345 2378 2497 2436 οἷκον
2535 2382 2833 2454 ἐμπορίου,
2875 2380 2975 2441 τὰς
3024 2375 3413 2446 ἀναισχύντους
3464 2371 3647 2426 αὐτῶν

2054 2467 2355 2537 καπηλείας
2394 2465 2824 2535 ἐνδεικνύμενος.
2873 2461 3033 2515 Ἀλλά
3062 2463 3207 2523 τίνος
3249 2458 3438 2511 ἕνεκεν
3485 2457 3647 2509 τοῦτο

2055 2552 2388 2622 πεποίηκεν;
2425 2549 2646 2618 Ἐπειδὴ
2673 2547 2899 2618 ἔμελλεν
2929 2547 2987 2597 ἐν
3009 2543 3276 2613 Σαϐϐάτῳ
3292 2540 3642 2612 θεραπεύειν,

2053 2637 2147 2689 καὶ
2180 2634 2351 2688 πολλά
2380 2634 2605 2688 τοιαῦτα
2635 2635 2830 2695 ποιεῖν,
2854 2629 2891 2685 ἀ
2920 2628 3095 2681 ἐδόκει
3127 2627 3256 2698 παρ’
3286 2626 3468 2688 αὐτοῖς
3496 2626 3520 2664 Β
3547 2622 3644 2677 τοῦ

2052 2718 2217 2788 νόμου
2247 2716 2557 2789 παράϐασις
2591 2712 2729 2769 εἶναι
2754 2731 2768 2745 ·
2793 2715 2881 2768 ἵνα
2909 2712 2983 2783 μὴ
3008 2711 3134 2784 δόξῃ
3161 2711 3237 2772 ὡς
3283 2707 3527 2789 ἀντίθεός
3558 2723 3645 2768 τις

2053 2802 2147 2853 καὶ
2161 2801 2221 2865 ἐξ
2241 2788 2490 2863 ἐναντίας
2508 2801 2658 2871 ἥκων
2678 2798 2756 2868 τῷ
2773 2796 2949 2865 Πατρὶ
2974 2793 3146 2847 ταῦτα
3173 2795 3366 2853 ποιεῖν,
3392 2788 3645 2842 ἐντεῦθεν

2050 2886 2150 2956 τῆς
2170 2883 2423 2953 τοιαύτης
2451 2882 2707 2945 ὑπονοίας
2731 2879 2910 2934 αὐτῶν
2939 2881 3173 2930 ποιεῖται
3198 2876 3298 2945 τὴν
3336 2874 3641 2956 διόρθωσινζ

2053 2954 2127 3021 Οὐ
2146 2966 2256 3038 7&9
2288 2968 2354 3019 ἂν
2384 2969 2412 3020 ὀ
2442 2966 2697 3019 τοσοῦτον
2728 2963 2890 3034 ζῆλον
2927 2960 3333 3028 ἐπιδειξάμενος
3367 2957 3509 3027 ὑπὲρ
3547 2954 3645 3009 τοῦ

2051 3052 2223 3111 οἴκου,
2250 3049 2329 3120 τῷ
2351 3048 2445 3102 τοῦ
2476 3051 2627 3103 οἴκου
2661 3047 2905 3117 Δεσπότῃ
2935 3046 3028 3099 καὶ
3070 3046 3126 3097 ἐν
3155 3041 3304 3112 αὐτῷ
3339 3041 3645 3115 θεραπευο-

2056 3134 2202 3205 μένῳ
2220 3130 2444 3203 ἔμελλεν
2475 3125 2996 3185 ὲναντιοῦσθαι.ἿΙν
3030 3128 3129 3197 μὲν
3156 3122 3248 3179 οῦν
3275 3124 3435 3177 ἱκανά
3460 3123 3555 3175 καὶ
3573 3120 3644 3174 τὰ

2054 3221 2295 3292 πρότερα
2335 3218 2452 3288 ἐτη,
2485 3220 2542 3271 ἐν
2567 3213 2646 3281 οἷς
2678 3217 2820 3270 κατά
2848 3215 2938 3268 τὸν
2966 3215 3127 3284 νόμον
3164 3211 3316 3275 ἐϐίω,
3342 3209 3511 3292 δεῖξαι
3540 3205 3643 3292 τῂν

2054 3290 2191 3374 πρὸς
2216 3303 2306 3356 τὸν
2339 3302 2637 3372 νομοθέτην
2669 3298 2825 3364 αἰδῶ,
2861 3300 2957 3352 καὶ
2981 3300 3062 3351 ὅτι
3087 3297 3186 3349 οὑκ
3214 3290 3646 3363 ἀντινομοθετῶν

2050 3373 2216 3459 ἦλθεν
2236 3404 2251 3419 ο
2282 3387 2469 3456 ἐπειδὴ
2500 3386 2558 3438 δὲ
2596 3385 2743 3447 είκὺς
2776 3378 2843 3454 ἦν
2886 3384 3068 3436 ἐκεῖνα
3096 3379 3234 3449 λήθῃ
3270 3373 3646 3459 παραδοθῇναι

2051 3456 2131 3539 τῷ
2159 3470 2334 3540 χρόνῳ
2362 3469 2411 3533 ιι,
2444 3468 2537 3521 ἆτε
2564 3469 2623 3520 οὐ
2662 3468 2829 3519 πᾶσιν
2869 3465 2998 3518 ὄντα
3038 3462 3294 3532 γνώριμα
3314 3499 3327 3521 ,
3360 3457 3461 3511 διά
3492 3456 3552 3510 τὸ
3585 3457 3646 3508 ἐν

2052 3554 2197 3624 οίκίᾳ
2218 3551 2512 3624 τρέφεσθαι
2536 3552 2725 3620 πτωχῇ
2751 3549 2845 3602 καὶ
2869 3546 3096 3608 εὐτελεῖ,
3115 3543 3404 3614 παρόντων
3425 3540 3645 3624 πάντων

2052 3623 2239 3690 λοιπὸν
2257 3623 2382 3707 (καὶ
2409 3636 2519 3706 7&9
2547 3634 2733 3686 πολλοὶ
2753 3632 3033 3703 παρῆσαν,
3070 3630 3165 3683 ἆτε
3190 3627 3383 3699 ἑορτῆς
3414 3623 3645 3696 πλησίον

2052 3722 2264 3793 οὕσης),
2286 3721 2443 3775 τοῦτο
2462 3721 2624 3780 ποιεῖ,
2646 3719 2741 3772 καὶ
2770 3712 3419 3787 παρακεκινδυνευμένως
3441 3711 3485 3763 ί.
3506 3707 3649 3793 Οὐδὲ

2052 3792 2377 3877 γὰρὰπλῶς
2401 3803 2677 3868 ἐξέϐαλεν,
2711 3800 2847 3855 ἀλλά
2870 3799 3087 3860 καὶτὰς
3112 3794 3391 3866 τραπέζας
3421 3792 3647 3877 ἀνέτρε-

2051 3876 2141 3961 ψε,
2162 3888 2313 3961 [154]
2335 3889 2431 3941 καὶ
2451 3887 2514 3940 τὸ
2532 3885 2796 3958 ἀργύριον
2818 3883 3022 3953 ἐξέχεε,
3039 3882 3214 3944 διδοὺς
3237 3880 3420 3942 αὐτοῖς
3444 3878 3507 3961 ἐκ
3526 3876 3647 3929 τούς

2052 3960 2177 4025 τωνί
2204 3970 2553 4039 λογίσασθαι,
2588 3970 2670 4023 ὅτι
2708 3969 2809 4021 οὐκ
2848 3965 2916 4020 ἂν
2957 3968 2987 4019 0
3011 3967 3093 4028 εἰς
3128 3961 3405 4025 κινδύνους
3436 3960 3646 4032 ῥίπτων

2053 4055 2245 4110 ἑαυτὸν
2275 4055 2414 4126 ὑπὲρ
2438 4054 2537 4125 τῆς
2559 4052 2858 4123 εὐκοσμίας
2886 4048 2979 4103 τοῦ
3008 4050 3178 4114 οἴκου,
3204 4046 3300 4100 τοῦ
3321 4041 3632 4097 Δεσπότουὶ

2016 4188 2019 4191 .
2052 4140 2147 4194 τοῦ
2191 4139 2341 4194 οίκου
2379 4136 2788 4208 κατεφρόνησεν
2833 4134 2920 4189 ἀν’
2956 4132 3021 4186 EI
3061 4132 3169 4202 7&9
3218 4127 3647 4199 ὑποκρινόμενος

2052 4220 2227 4276 ταῦτα
2254 4221 2451 4284 ἐποίει,
2481 4217 2811 4291 παραινέσαι
2840 4215 3010 4287 ἐχρῆν
3035 4215 3196 4286 μόνον
3216 4230 3228 4243 ο
3255 4213 3317 4265 τὸ
3344 4211 3402 4264 δὲ
3435 4210 3531 4264 καὶ
3564 4210 3645 4271 είς

2054 4305 2333 4368 κινδύνους
2359 4302 2726 4373 καταστῆναι,
2770 4299 2915 4352 πάνυ
2945 4296 3238 4369 τολμηρόν.
3274 4294 3409 4348 Οὐδὲ
3440 4294 3549 4365 γάρ
3582 4292 3645 4345 τὸ

2051 4390 2214 4458 τυχὸν
2241 4384 2372 4458 ἤνις,
2398 4387 2491 4440 καὶ
2512 4383 2669 4454 θυμῷ
2694 4381 2933 4453 τοσούτῳ
2955 4381 3229 4451 ἀγοραίων
3258 4376 3448 4432 ἐαυτὸν
3468 4373 3648 4429 ὲκδοῦ⁴

2053 4490 2161 4536 ναι,
2195 4472 2289 4525 καὶ
2311 4470 2482 4540 δῆμον
2507 4468 2712 4537 πολλῆς
2736 4467 2977 4537 γέμοντα
3006 4464 3229 4532 ἀλογίας
3256 4460 3518 4531 καπήλων
3546 4460 3644 4512 ἀν-

2054 4554 2289 4625 θρώπων
2313 4552 2436 4606 καθ’
2469 4550 2665 4605 ἐαυτοῦ
2703 4548 3006 4621 παροξύναι
3030 4546 3342 4617 ὑϐρίζοντα,
3382 4544 3645 4619 ζημιοῦν-ο

2051 4657 2121 4693 τα
2143 4657 2158 4671 ’
2193 4640 2291 4709 οὐχ
2328 4635 2763 4708 ὑποκρινομένου
2808 4631 2898 4705 ἦν,
2939 4632 3075 4686 ἀλλά
3108 4632 3284 4685 πάντα
3312 4629 3643 4700 αἱρουμένου

2054 4724 2224 4794 πάθη,
2262 4722 2404 4793 ὑπὲρ
2425 4723 2525 4791 τῆς
2550 4717 2852 4789 εὐκοσμίας
2882 4715 2978 4769 τοῦ
3001 4716 3179 4794 ρῖκου.
3203 4714 3302 4767 Διά
3340 4713 3498 4765 τοῦτο
3521 4712 3644 4765 οὑδέ

2051 4808 2120 4860 δι’
2143 4791 2218 4861 ὧν
2240 4791 2385 4859 ποιεῖ
2412 4806 2594 4876 μόνον,
2622 4802 2759 4857 ἀλλὰ
2781 4800 2875 4854 καὶ
2902 4800 2970 4853 δι’
2991 4791 3066 4851 ὧν
3088 4797 3258 4865 λέγει,
3279 4796 3517 4876 δείκνυσι
3544 4796 3644 4865 τὴν

2052 4893 2188 4962 πρὸς
2216 4889 2379 4943 αὐτὸν
2412 4870 2737 4957 συμφωνίαν
2757 4900 2769 4912 ⁸
2798 4883 2919 4937 οὐδὲ
2947 4880 3056 4951 7&9
3085 4877 3226 4943 εἷπε,
3248 4880 3351 4932 Τὸν
3376 4870 3523 4932 οἷκον
3551 4877 3646 4931 τὸν

2052 4974 2229 5042 ἅγιον,
2256 4972 2413 5038 ἀλλά,
2448 4972 2561 5026 Τὸν·
2587 4965 2758 5025 οἶκον
2786 4966 2894 5022 τοῦ
2936 4965 3169 5032 Πατρός
3207 4981 3349 5033 μου.
3383 4962 3512 5015 Ἰδοὺ
3551 4964 3646 5015 καὶ

2050 5058 2273 5129 Πατέρα
2301 5055 2477 5114 καλεῖ,
2504 5053 2601 5109 καὶ
2639 5053 2739 5105 οὐκ
2772 5048 3109 5122 ὀργίζονται·
3133 5046 3301 5118 ᾤοντο
3330 5046 3438 5117 γὰρ
3461 5046 3647 5109 ἁπλῶς

2050 5141 2213 5194 αὐτὸν
2230 5140 2431 5208 λέγειν.
2450 5136 2667 5207 Ἐπειδὴ
2686 5136 2741 5189 δὲ
2760 5132 2965 5206 προῖὼν
2980 5134 3303 5204 τρανότερον
3322 5129 3645 5199 ἐφθέγγετο,

2053 5224 2129 5289 ὡς
2148 5224 2365 5294 ἐκείνην
2388 5222 2740 5295 παραστῆσαι
2762 5221 2861 5289 τὴν
2878 5217 3114 5271 διάνοιαν
3134 5216 3230 5287 τὴν
3251 5214 3351 5285 τῆς
3377 5214 3644 5285 ἰσότητος,

2050 5308 2170 5360 τότε
2206 5306 2600 5377 ἀγριαίνουσιν.
2640 5304 2705 5356 Τί
2734 5299 2827 5356 οῦν
2875 5304 3102 5366 ὲκεῖνοι;
3144 5301 3203 5354 Τί
3240 5297 3497 5367 σημεῖον
3535 5296 3646 5351 δει-
3699 5308 3703 5367 4

2050 5391 2254 5455 κνύεις
2271 5389 2436 5458 ἡμῖν,
2456 5388 2639 5458 φησὶν,
2657 5386 2745 5439 ὅτι
2774 5385 2960 5439 ταῦτα
2976 5383 3163 5448 ποιεῖς
3179 5381 3266 5445 ;“Ω
3284 5380 3384 5449 τῆς
3405 5380 3645 5451 ἐσχάτης

2114 5472 2143 5512 ιι
2166 5474 2317 5522 Savil.
2361 5473 2615 5541 έκάλειζενμ
2630 5471 2839 5541 λῃστῶν.
2880 5466 3116 5541 ,Ἐνταῦθα
3148 5464 3281 5536 δὲυέν
3316 5464 3643 5541 ἀρχῆτῷνιῖΣ

2050 5535 2133 5583 Sic
2156 5548 2354 5596 quoque
2379 5534 2486 5581 cod.
2523 5532 2634 5591 705,
2671 5528 2852 5580 Omissa
2878 5536 3040 5579 tamen
3080 5530 3107 5575 λ
3144 5528 3288 5574 στῶν.
3378 5528 3647 5574 eAccessit

2050 5598 2275 5638 κένογιται
2317 5609 2346 5638 9.
2394 5596 2507 5638 Sav.
2549 5601 2601 5638 et
2646 5593 2785 5638 codd.
2824 5592 2932 5638 705.
2963 5589 3072 5637 706.
3108 5545 3244 5638 ἓυιτ.
3356 5584 3552 5635 fSavil.
3592 5593 3646 5636 οι

2049 5589 2287 5658 κέχρηταί
2317 5609 2346 5643 e
2394 5596 2507 5643 Sav.
2549 5589 2785 5664 οιτοάάἶ
2824 5592 2932 5644 705.
2963 5589 3072 5637 706.
3111 5589 3244 5638 Enn.
3356 5589 3375 5624 ι
3401 5589 3552 5660 Savjl.
3592 5593 3646 5636 et

2052 5658 2225 5706 Morel.
2258 5657 2303 5704 τί
2337 5674 2468 5716 φησι.
2514 5655 2629 5703 Mss.
2658 5657 2856 5716 plurlmi
2902 5650 3328 5716 ri_0aat_,_me|ius_.
3375 5649 3429 5716 ᾗ
3453 5648 3536 5716 S_!c_
3554 5662 3645 5710 pro

2052 5674 2225 5706 morel.
2258 5674 2303 5704 τι
2337 5674 2468 5717 φησι.
2514 5674 2629 5703 ωδε.
2658 5674 2856 5716 pllll'lllll
2902 5674 2947 5699 τι
2972 5674 3105 5714 φασι,
3130 5674 3328 5696 mcuua-
3404 5674 3428 5686 υ
3453 5674 3534 5697 ou;
3556 5674 3642 5710 μευ

2050 5720 2208 5767 αὐτῶν
2232 5721 2525 5782 rescriptum
2549 5718 2723 5782 iisgem
2743 5713 3058 5782 _aucl0ribu§:
3081 5712 3242 5782 lim-rt;
3285 5707 3338 5782 “If
3373 5709 3455 5782 Sic
3472 5709 3642 5782 ίξςιθῐη,

2051 5781 2231 5829 melius
2285 5770 2428 5840 quain
2471 5777 2664 5840 Mpmﬁ,
2705 5779 2774 5836 τῷ
2815 5776 2995 5840 τρόπῳ.
3021 5773 3155 5840 Εοπ.
3229 5770 3246 5809 ί
3285 5770 3543 5840 Si_c§avﬂ.
3589 5780 3646 5840 gl

2051 5842 2191 5890 codd.
2217 5831 2329 5899 705,
2504 5831 2676 5910 Mprgl'.
2722 5831 3260 5910 παρακινδύνευο-μένως.
3289 5895 3313 5910 ι
3331 5831 3641 5910 ῘῂξίςΙΒειγ-ίι.

2050 5899 2803 6026 ἓὲῧαῗ⁰τ3ἒς¹ἷ³⁶τόἓ⁸ἓὲξὲιὲξῆῖοᾚ
2822 5899 3068 6026 ῗὲἷὲᾜρ
3088 5895 3246 6010 ῗῒτὲ.
3280 5895 3519 6020 Ξνῗῖίὲέ.
3531 5907 3642 6005 Ἢ

2052 5978 2192 6011 couu.
2243 5978 2345 6018 tua.
2388 5978 2479 6011 ιυο
2509 5978 2803 6019 καταστηναι
2829 5978 2961 6026 ιουοε
2978 5978 3068 6023 γαρ
3103 5978 3160 6010 το
3200 5978 3246 6010 τ.

2054 6026 2197 6074 aliam
2224 6026 2440 6075 alterum
2480 6024 2767 6075 lectionem.
