4094 6370
508 327 604 385 HI

506 440 736 513 μανίαςί
761 439 836 511 Ση
847 437 1001 510 μείου
1026 435 1136 508 7&9
1162 435 1318 508 χρεία
1345 431 1436 505 ἦν,
1462 433 1604 486 ὥστε
1631 433 1700 486 τὰ
1725 429 1911 513 κακῶς
1937 427 2086 513 γινέ-

504 511 641 596 μενα
675 524 902 585 παῦσαι,
928 522 1023 576 καὶ
1063 521 1154 574 τὸν
1188 516 1336 572 οἶκον
1365 515 1669 580 ἀπαλλάξαι
1696 511 2085 596 τοσαύτης-αἰ·-

504 594 732 679 σχύνης;
763 606 822 660 τὸ
862 605 920 659 δέ
963 603 1123 674 ζῆλον
1151 601 1390 655 τοιοῦτον
1419 600 1601 653 λαϐεῖν
1641 597 1782 679 ὺπέρ
1814 595 1907 648 τοῦ
1934 594 2083 679 οἴκου

500 675 596 744 τοῦ
627 675 784 750 Θεοῦ,
818 691 880 743 οὐ
914 689 1168 759 μέγιστον
1209 687 1430 756 σημεῖον
1469 681 1671 753 ἀρετῆς
1707 677 1813 750 ἦν;
1848 679 1912 731 Οἱ
1956 675 2087 745 γοῦν

502 774 845 844 εὐγνώμονες
880 772 973 825 καὶ
1007 769 1254 823 ἐντεῦθεν
1285 767 1606 821 ἐδείκνυντο.
1630 764 1736 818 Καὶ
1768 764 1876 833 γὰρ
1904 760 2088 830 ἐμνή-

502 866 748 927 σθησαν
791 861 844 913 οὶ
894 856 1152 927 μαθηταί
1187 853 1373 908 αὐτοῦ
1421 855 1572 914 τότε,
1610 850 1796 920 φησὶν,
1834 848 1923 901 ὅτι
1953 846 2088 927 ἐστι

503 926 942 1014 γεγῬαμμένον·
987 941 1048 993 Ὀ
1093 937 1271 1007 ζῆλος
1317 936 1423 990 τοῦ
1463 935 1633 988 οἴκου
1680 948 1795 985 σου
1835 926 2090 998 κατεφά-

503 1027 656 1099 γησέ
686 1045 778 1097 με.
819 1026 956 1079 Ἀλλ’
996 1026 1096 1078 οὐκ
1145 1025 1340 1076 ἐκεῖνοι
1383 1021 1482 1090 τῆς
1530 1015 1870 1090 προφητείας
1921 1015 2088 1086 ἐμνή-

503 1114 732 1182 σθησαν,
767 1110 924 1171 ἀλλὰ,
962 1112 1024 1164 Τί
1061 1108 1314 1178 σημεῖον
1338 1105 1635 1170 δεικνύεις
1661 1102 1840 1172 ήμῖν;
1879 1099 2084 1168 ἔλεγον,

502 1197 620 1266 ἅμα
670 1197 769 1266 μέν
815 1197 957 1267 ὺπέρ
995 1195 1092 1265 τῆς
1143 1189 1585 1263 αἰσχροκερδείας
1611 1187 1713 1257 τῆς
1745 1185 1951 1240 ἑαυτῶν
1992 1184 2088 1238 άλ-

501 1281 726 1351 γοῦντες
751 1279 1184 1349 ἐκκοπτομένης,
1221 1277 1315 1330 καὶ
1352 1273 1760 1346 προσδοκῶντες
1787 1268 1959 1340 ταύτῃ
1985 1287 2088 1323 κω-

497 1362 647 1418 λύειν
675 1364 858 1425 αὑτὸν,
889 1363 983 1416 καὶ
1014 1359 1457 1415 ἐκκαλέσασθαιι
1490 1359 1570 1421 εἰς
1601 1355 1790 1426 θαῦμα
1828 1352 2087 1422 βουλόμε-

498 1464 601 1510 νοι,
631 1448 727 1501 καὶ
769 1446 1069 1517 ἐπισκῆψαι
1115 1447 1229 1506 τοῖς
1270 1441 1594 1512 γινομένοις.
1625 1438 1723 1491 Διά
1765 1437 1924 1489 τοῦτο
1966 1434 2087 1487 οὐδὲ

497 1531 713 1585 δίδωσιν
753 1532 937 1593 αὐτοῖς
985 1530 1230 1600 σημεῖον.
1250 1526 1402 1578 Ἐπεὶ
1430 1525 1526 1578 καὶ
1557 1522 1822 1594 πρότερον
1853 1521 2085 1592 προσελ-

498 1616 652 1669 θοῦσι
685 1617 779 1669 καὶ
810 1615 1041 1677 αἰτοῦσι,
1080 1612 1142 1666 τὸ
1181 1610 1314 1664 αὐτὸ
1351 1609 1716 1680 ἀπεκρίνατο·
1753 1607 1942 1660 Γενεά
1977 1621 2084 1658 ,πο-

494 1703 649 1770 νηρὰ
685 1701 780 1754 καὶ
815 1698 1099 1769 μοιχαλὶς
1125 1694 1379 1765 σημεῖον
1403 1692 1676 1759 ἐπιζητεῖ,
1706 1690 1805 1744 καὶ
1833 1689 2086 1758 σημεῖον

494 1787 569 1839 οὐ
593 1784 913 1851 δοθήσεται
951 1779 1129 1849 αὐτῇ,
1151 1784 1201 1834 εἰ
1223 1779 1310 1847 μὴ
1338 1777 1404 1830 τό
1428 1776 1682 1844 σημεῖον
1719 1773 1906 1828 Ἰωνᾶ.
1927 1773 2084 1826 Ἀλλά

494 1869 615 1922 τότε
659 1868 756 1938 μὲν
805 1867 1172 1935 σαφέστερον,
1225 1864 1344 1917 νυνὶ
1391 1862 1448 1914 δὲ
1498 1858 2080 1930 αἰνιγματωδέστερον.

497 1953 649 2006 Ιῐοιεῖ
668 1952 724 2005 δὲ
755 1952 913 2004 τοῦτο
943 1951 1031 2004 διὰ
1069 1951 1169 2021 τὴν
1204 1947 1440 2018 ἐσχάτην
1480 1943 1658 1998 αὐτῶν
1699 1940 2078 2011 ἀναισθησίαν.

497 2039 572 2090 Οὐ
596 2036 704 2106 γὰρ
733 2035 796 2088 ἂν
818 2035 846 2086 6
871 2036 945 2104 μὴ
975 2032 1258 2094 αἰτοῦντας
1285 2027 1684 2101 προλαμϐάνων
1701 2026 1728 2065 ι)
1759 2027 1850 2079 καὶ
1881 2026 2082 2093 σημεῖα

491 2121 688 2186 διδοὺς,
713 2115 866 2183 οὗτος
887 2117 1170 2179 αἰτοῦντας
1201 2115 1266 2169 ἂν
1296 2111 1642 2183 ἀπεστράφη,
1673 2113 1720 2163 εἰ
1743 2111 1817 2180 μὴ
1844 2110 1941 2179 τὴν
1963 2106 2082 2161 διά-

493 2223 644 2259 νοιαν
698 2203 877 2257 αὐτῶν
923 2197 1030 2256 εἶδε
1078 2199 1317 2271 πονηρὰν
1371 2193 1535 2251 οὖσαν
1578 2197 1672 2248 καὶ
1719 2193 1960 2264 δολερὰν,
1987 2193 2082 2247 καὶ

495 2287 728 2343 ὕπουλον
767 2286 944 2340 αὐτῶν
977 2284 1075 2356 τὴν
1106 2284 1444 2355 προαίρεσιν.
1479 2277 1620 2332 Αὐτὸ
1646 2277 1754 2349 7&9
1789 2275 1992 2340 εὐθέως
2020 2276 2082 2330 τὸ

493 2371 757 2444 ἐρώτημα
783 2370 1034 2441 ἐννόησον
1061 2370 1193 2436 ὅσης
1233 2365 1433 2428 κακίας
1470 2365 1666 2435 μεστὸν
1697 2358 1783 2432 ἦν.
1815 2361 1943 2414 Δέον
1974 2359 2083 2432 γὰρ

491 2455 655 2509 αὑτὸν
693 2453 1058 2517 ἀποδέξασθαι
1088 2451 1187 2520 τῆς
1214 2449 1449 2518 σπουδῆς
1489 2448 1582 2501 καὶ
1619 2444 1713 2498 τοῦ
1746 2444 1931 2515 ζήλου,
1965 2444 2081 2497 δέον

493 2538 858 2608 ἐκπλαγῆναι,
874 2538 955 2589 ὅτι
975 2534 1244 2604 τοσαύτην
1263 2531 1358 2585 τοῦ
1381 2534 1530 2586 οῐκου
1552 2532 1783 2584 ποιεῖται
1802 2529 2078 2600 πρόνοιαν,

491 2625 540 2676 οἰ
571 2624 628 2677 δὲ
661 2621 970 2691 ἐγκαλοῦσι,
999 2617 1330 2688 καπηλεύειν
1378 2615 1578 2679 ἐξεῖναι
1625 2612 1891 2682 λέγοντες,
1935 2611 2082 2665 λύειν

490 2707 550 2760 δέ
595 2706 694 2777 τὴν
744 2703 1050 2774 καπηλείαν
1094 2703 1194 2756 οὐκ
1226 2699 1346 2766 ἐξὸν
1375 2699 1532 2764 εἶναι,
1562 2700 1629 2754 ἂν
1663 2700 1737 2770 μὴ
1773 2697 1998 2768 σημεῖόν
2028 2713 2081 2748 τι

490 2792 845 2862 ἐπιδείξηται.
875 2790 941 2843 Τί
985 2786 1078 2843 οῦν
1121 2790 1150 2841 6
1192 2787 1467 2859 Χριστός;
1507 2788 1748 2840 Λύσατε
1783 2786 1890 2837 τὸν
1931 2784 2082 2836 ναὸν

489 2878 728 2938 τοῦτον,
751 2873 850 2928 καὶ
874 2873 944 2926 ἐν
976 2872 1173 2940 τρισὶν
1199 2871 1444 2940 ἡμέραις
1469 2867 1650 2939 ἐγερῶ
1676 2870 1881 2922 αὐτόν.
1901 2867 2081 2921 Πολλά

489 2961 715 3015 τοιαῦτα
747 2958 1187 3027 φθέγγεται,τοῖς
1219 2957 1315 3025 μὲν
1343 2955 1464 3008 τότε
1497 2954 1784 3008 ἀκούουσιν
1824 2954 1923 3006 οὐκ
1951 2953 2080 3006 ὄντα

489 3043 647 3114 δῆλα,
685 3045 798 3106 τοῖς
821 3042 878 3096 δέ
929 3039 1069 3111 μετά
1108 3038 1301 3101 ταῦτα,
1333 3038 1585 3108 ἐσόμενα.
1619 3039 1776 3101 Τίνος
1803 3037 1861 3092 δὲ
1895 3037 2081 3090 ἕνεκεν

487 3131 650 3185 τοῦτο
681 3131 858 3195 ποιετ;
892 3129 1007 3181 Ἵνα
1045 3126 1230 3198 δειχθῇ
1275 3124 1536 3197 προειδὼς
1573 3125 1781 3179 ἄνωθεν
1824 3124 1893 3178 τὰ
1943 3123 2081 3195 μετὰ

489 3214 684 3276 ταῦτα.
708 3215 837 3267 ὅταν
866 3209 1060 3284 ἐξέλθῃ
1101 3210 1194 3263 καὶ
1225 3211 1326 3280 τῆς
1359 3211 1716 3281 προρρήσεως
1745 3208 1804 3262 τὸ
1831 3208 1982 3272 τέλος
2004 3224 2018 3237 ’
2052 3208 2082 3262 ὃ

489 3299 555 3371 δὴ
582 3300 676 3353 καὶ
698 3297 792 3350 ἐπὶ
818 3296 916 3366 τῆς
944 3293 1280 3366 προφητείας
1303 3292 1508 3363 ταύτης
1535 3293 1916 3362 γέγονεν.Ὂτε
1945 3293 2077 3364 γὰρ,

489 3383 677 3455 φησὶν,
723 3379 944 3451 ἠγέρθη
986 3379 1055 3431 ἐκ
1102 3377 1354 3444 νεκρῶν,
1396 3378 1529 3430 τότε
1575 3377 1980 3446 ἐμνήσθησαν
2025 3380 2081 3431 οὶ

489 3464 744 3537 μαθηταί
778 3462 967 3518 αὑτοῦ
997 3461 1086 3515 ὅτι
1121 3459 1299 3515 τοῦτο
1326 3460 1500 3530 ἔλεγε
1520 3477 1534 3491 ·
1569 3459 1666 3514 καὶ
1705 3460 2082 3513 ἐπίστευσαν

488 3551 566 3620 τῇ
589 3548 820 3619 Γραφῇ,
848 3548 945 3602 καὶ
978 3546 1060 3613 τῷ
1096 3547 1258 3616 λόγῳ
1279 3538 1326 3611 ᾧ
1355 3541 1525 3598 εἶπεν
1552 3547 1585 3598 ὁ
1623 3544 1875 3612 Ἰησοῦς.
1929 3542 2077 3615 [155]

489 3636 619 3690 Ὀτε
647 3635 704 3688 δὲ
731 3633 966 3702 ἐλέγετο.
997 3633 1047 3684 οί
1091 3631 1190 3702 μὲν
1219 3631 1520 3700 ἠποροῦντο
1557 3629 1610 3682 τί
1651 3631 1768 3682 ποτ’
1794 3626 1860 3681 ἂν
1903 3632 1987 3700 εἴη
2019 3629 2078 3682 τὸ

489 3713 804 3791 εἰρημένον,
838 3717 888 3769 οἰ
926 3716 984 3769 δέ
1018 3714 1388 3784 άμφέϐαλλον,
1437 3713 1687 3780 λέγοντες
1711 3725 1747 3791 ’γ
1775 3711 2080 3780 Τεσσαρά-

489 3790 677 3858 κοντα
697 3799 874 3864 acati-5
891 3799 1093 3853 ἐτεσιν
1106 3796 1454 3865 ᾠκοδομήθη
1473 3799 1505 3850 ὁ
1519 3795 1665 3862 ναὸς
1675 3790 1977 3861 οὗτος,καί
1993 3796 2076 3850 σὺ

488 3888 561 3940 ἐν
586 3884 781 3953 τρισὶν
808 3881 1057 3952 ’ἡμέραις
1078 3880 1302 3951 ἐγερεῖς
1320 3881 1540 3943 αὺτόν;
1561 3880 1984 3951 Τεσσαράκοντα
2018 3880 2074 3933 δὲ

490 3971 587 4023 καὶ
610 3969 669 4033 ἐξ
701 3968 797 4038 ἐτη
825 3967 1029 4034 ἔλεγον,
1057 3966 1156 4037 τὴν
1187 3963 1421 4031 ὑστέραν
1451 3961 1741 4033 οἰκοδομὴν
1764 3961 2076 4032 δηλοῦντες*

490 4054 526 4126 ἡ
559 4053 665 4124 7&9
688 4049 926 4125 προτέρα
959 4050 1039 4112 είς
1066 4048 1271 4101 εἴκοσιν
1312 4045 1448 4099 ἐτῶν
1479 4044 1792 4116 ἀπηρτίσθη
1813 4056 1835 4084 ο
1863 4046 2073 4126 χρόνον.

563 4133 631 4206 γ’.
651 4136 808 4198 Τίνος
833 4128 926 4186 οῦν
939 4133 1123 4185 ἕνεκεν
1138 4132 1238 4183 οὑκ
1255 4129 1412 4182 ἔλυσε
1431 4129 1492 4181 τὸ
1515 4129 1765 4199 αἴνιγμα,
1785 4131 1879 4182 καί
1900 4125 2076 4193 εἶπεν,

488 4220 572 4276 ὅτι
609 4220 682 4274 Οὐ
723 4219 852 4290 περὶ
883 4216 979 4270 τοῦ
1027 4216 1155 4270 ναοῦ
1202 4216 1346 4284 λέγω
1385 4214 1595 4277 τούτου,
1631 4215 1768 4268 ἀλλὰ
1816 4217 1946 4286 περὶ
1978 4215 2078 4285 τῆς

491 4303 692 4376 σαρκὸς
735 4302 835 4372 τῆς
879 4301 1039 4372 ἐμῆς,
1067 4299 1182 4352 ἀλλ’
1220 4301 1248 4352 6
1279 4300 1378 4364 μὲν
1427 4298 1816 4369 εὐαγγελιστὴς
1851 4297 2077 4370 ὕστερον

489 4389 716 4461 γράφων
740 4386 799 4440 τὸ
833 4383 1184 4453 Εὑαγγέλιον,
1220 4382 1511 4454 ἐρμηνεύει
1542 4383 1601 4436 τὸ
1624 4385 1936 4455 εἰρημένον,
1975 4383 2074 4434 αὐ-

489 4475 582 4537 τὸς
613 4473 668 4525 δὲ
692 4471 913 4542 ἐσίγησε
932 4470 1052 4523 τότε
1075 4486 1090 4534 ;
1123 4467 1278 4531 Τίνος
1311 4465 1403 4520 οὖν
1429 4467 1615 4522 ἕνεκεν
1645 4469 1927 4538 ἐσίγησεν;
1954 4467 2077 4519 Ὅτι

490 4560 591 4612 οὐκ
633 4557 699 4612 ἃν
735 4557 828 4610 τὸν
861 4555 1018 4623 λόγον
1049 4552 1316 4618 ἐδέξαντο.
1345 4553 1409 4605 Εἰ
1438 4552 1547 4625 γὰρ
1577 4553 1710 4624 μηδὲ
1747 4554 1796 4606 οἰ
1839 4552 2079 4623 μαθηταὶ

493 4643 668 4696 ἰκανοί
701 4658 819 4705 πως
866 4641 1106 4692 συνιέναι
1139 4638 1201 4691 τὸ
1228 4636 1417 4708 λεχθὲν
1445 4634 1606 4709 ἦσαν,
1663 4635 1844 4707 πολλῷ
1879 4637 2077 4708 μᾶλλον

489 4728 538 4778 οἰ
564 4725 868 4794 ὅχλοι.”οτε
896 4722 1025 4794 γὰρ,
1059 4721 1247 4793 φησὶν,
1279 4720 1504 4788 ἀνέστη
1537 4724 1570 4775 ὀ
1613 4721 1842 4790 Ἰησοῦς
1869 4723 1938 4774 ἐκ
1959 4720 2078 4774 τῶν

489 4807 752 4876 νεκρῶν,
795 4809 929 4860 τότε
976 4807 1375 4876 ἐμνήσθησαν
1420 4804 1522 4858 καί
1575 4807 1949 4859 ἐπίστευσαν
1996 4803 2078 4870 τῷ

489 4895 648 4960 λόγῳ
669 4890 768 4944 καὶ
791 4889 863 4959 τῇ
892 4889 1124 4959 Γραφῇ.
1155 4888 1260 4942 Δύο
1292 4888 1401 4960 γὰρ
1423 4884 1492 4960 ἦν
1523 4889 1706 4952 αὐτοῖς
1732 4890 1800 4942 τὰ
1827 4891 2077 4960 προϊστά-

493 4972 669 5044 μεναά
706 4973 843 5036 τέως
867 4989 882 5004 ·
923 4972 981 5024 ἐν
1022 4974 1120 5042 μὲν
1149 4973 1211 5025 τὸ
1242 4972 1344 5043 τῆς
1372 4973 1740 5036 ἀναστάσεως,
1788 4973 1973 5044 ἕτερον
2018 4972 2076 5026 δὲ

489 5059 548 5111 τὸ
589 5058 776 5110 τούτου
827 5055 1030 5126 μεῖζον,
1056 5058 1103 5109 εί
1151 5056 1283 5119 Θεὸς
1322 5052 1392 5128 ἦν
1437 5059 1464 5109 6
1511 5055 1658 5110 ἔνδον
1699 5058 1864 5110 οἰκῶν
1888 5075 1900 5086 ·
1931 5059 2076 5127 άπερ

490 5142 777 5212 ἀμφότερα
799 5140 1020 5211 ᾐνίξατο
1047 5138 1243 5192 εἰπών·
1273 5141 1507 5194 Λύσατε
1532 5139 1638 5193 τὸν
1656 5140 1807 5212 ναύν
1835 5141 2072 5205 τοῦτον,

491 5225 587 5276 καὶ
631 5209 938 5290 ἐν’τρισίν
978 5222 1224 5290 ἡμέραις
1267 5220 1449 5291 ἐγερῶ
1495 5223 1716 5276 αὐτόν·
1747 5209 1885 5295 ὅπερ
1927 5225 2017 5277 καὶ
2049 5227 2077 5278 ὁ

492 5306 701 5371 Παῦλος
730 5307 790 5359 ού
818 5306 1011 5377 μικρὸν
1036 5301 1172 5358 εἶναι
1207 5306 1429 5375 σημεῖόν
1467 5323 1602 5375 φησι
1632 5305 1905 5378 θεότητος,
1935 5307 2078 5361 οὕτω

491 5387 664 5456 λέγων
683 5406 696 5422 ο
735 5390 843 5444 Τοῦ
875 5388 1219 5458 ὁρισθέντος
1234 5389 1368 5443 Υιοῦ
1391 5389 1538 5442 Θεοῦ
1565 5389 1633 5442 ἐν
1653 5389 1903 5460 δυνάμει
1929 5391 2078 5444 κατὰ

491 5471 735 5540 Πνεῦμα
777 5474 1114 5543 ἁγιωσύνης
1166 5473 1236 5537 ἐξ
1273 5472 1664 5540 ἀναστάσεως
1704 5473 1932 5544 νεκρῶν
1976 5475 2083 5542 Ἰη·’

491 5555 610 5608 σοῦ
647 5556 922 5623 Χριστοῦ.
953 5556 1106 5610 Διατί
1147 5557 1204 5609 δὲ
1235 5559 1326 5610 καὶ
1356 5559 1473 5609 ἐκεῖ
1509 5559 1602 5611 καὶ
1646 5558 1881 5611 ἐνταῦθα
1921 5558 2079 5611 τοῦτο

491 5638 677 5693 δίδωσι
705 5646 948 5713 σημεῖον.
985 5646 1078 5698 καὶ
1098 5643 1396 5714 πανταχοῦ,
1429 5644 1524 5697 νῦν
1575 5646 1672 5716 μὲν
1699 5646 2080 5715 λέγων,⁶’οταν

549 5725 577 5754 ⁸
594 5723 732 5800 ’,Αμα
754 5725 805 5773 δὲ
825 5728 906 5800 3ιαί
929 5728 1041 5800 ἔνιαι..
1059 5729 1205 5800 αρτρν
1229 5728 1381 5800 Sayil.
1401 5743 1412 5787 ;
1436 5730 1518 5776 καὶ
1537 5729 1804 5800 ἔκλα-αὐτόν
1830 5734 1938 5782 cod.
1966 5733 2076 5794 705,

493 5787 524 5857 ᾗ
549 5786 630 5857 καὶ
654 5788 757 5834 ἐκκ.
784 5788 926 5857 αύτρν
953 5791 1062 5857 (god.
1089 5791 1198 5851 706,
1221 5794 1306 5857 qui
1332 5786 1478 5857 [νειιῑο
1501 5800 1614 5857 ante
1627 5794 1728 5857 ἅμα
1752 5797 1803 5844 δέ
1827 5798 1910 5842 καὶ
1929 5786 2078 5857 προσλ

499 5847 751 5920 ξοξῶνξεςλ
812 5848 1057 5920 PQundam
1090 5847 1500 5920 _1:pdq)la9'6aywv.
1522 5852 1631 5902 Mox
1663 5847 1829 5920 'Sayil.
1857 5865 1910 5906 el
1935 5847 2073 5906 (rbdd.

499 5907 621 5985 705,
662 5907 754 5956 706
772 5909 928 5985 «grav
953 5919 1060 5985 pos}
1082 5907 1604 5985 ὕπουλονίυιηίιιιιειι...
1633 5920 1655 5946 ε
1683 5916 2080 5985 Οιιίιιοιη-προτὲ·

499 5983 560 6032 ρο.
585 5973 836 6033 εἰκοσαετῆ
878 5978 959 6024 απ.
1027 5973 1052 6012 ά
1079 5978 1431 6038 προσιστάμενα
1474 5977 1624 6027 Savil.
1667 5973 1719 6029 ei
1742 5981 1849 6030 cod.
1875 5973 1981 6030 706.

1207 323 1265 376 S.
1302 318 1588 378 JOANNIS
1623 310 2114 374 CHRYSOSTOM!
2145 310 2466 368 ARCHIEP.
2503 310 3061 369 CONS‘I‘ANTINOP.

3674 310 3695 363 1
3706 310 3776 364 49.

2191 426 2434 495 ὑψωθῶ,
2461 427 2772 493 καὶ,⁶’οταν
2787 426 3073 496 ὑψώσητε
3103 425 3212 480 τὸν
3249 423 3386 478 Υιὸν
3419 423 3524 478 τοῦ
3554 423 3779 491 ἀνθρώ-

2191 519 2329 568 που,
2356 509 2488 560 τότε
2515 507 2821 575 γνώσεσθε
2843 505 2933 558 ὅτι
2952 503 3066 574 ἐγώ
3089 507 3204 574 ειμι
3223 522 3237 536 ο
3265 503 3360 558 νῦν
3388 502 3464 561 δέ.
3493 504 3576 556 Οὺ
3602 501 3778 572 δοθή·

2189 601 2355 637 σεται
2385 586 2528 655 ὑμῖν
2555 585 2826 655 σημεῖον,
2865 588 2917 639 εἰ
2944 585 3028 654 μὴ
3060 586 3124 638 τὸ
3158 584 3412 654 σημεῖον
3451 581 3640 636 Ἰωνᾶ·
3682 583 3777 637 καὶ

2189 663 2422 716 ἐνταῦθα
2451 664 2614 718 πάλιν
2635 681 2647 694 ·
2694 665 2798 719 Ἐν
2821 665 3022 733 τρισὶν
3047 663 3296 732 ἡμέραις
3338 661 3519 731 ἐγερῶ
3544 662 3733 714 αὐτόν
3757 678 3775 725 ἱ

2190 742 2312 814 Ὅτι
2346 742 2767 814 τοῦτομάλιστα
2809 739 2876 814 ἦν
2905 743 2964 814 τὸ
3007 742 3251 814 δεικνύον
3297 742 3456 814 αύτὸν
3501 741 3598 814 οὐκ
3648 740 3776 814 ὄντα

2188 812 2474 883 ἄνθρωπον
2493 810 2668 883 ψιλὸν,
2692 814 2752 866 τὸ
2777 810 3070 885 δύνηθῆναι
3104 811 3246 865 κατὰ
3269 810 3360 864 τοῦ
3391 810 3621 863 θανάτου
3647 813 3774 880 στῆ-

2192 904 2281 941 σαι
2307 891 2590 960 τρόπαιον,
2623 891 2683 944 τὸ
2714 892 2813 963 τὴν
2851 891 3141 962 τυραννίδα
3185 889 3351 944 αὑτοῦ
3383 889 3484 958 τὴν
3533 889 3770 960 μακρὰν,

2187 970 2280 1020 καὶ
2309 969 2400 1021 τὸν
2426 969 2658 1039 χαλεπὸν
2681 969 2982 1024 καταλῦσαι
3009 970 3243 1040 πόλεμον
3267 968 3410 1021 οὕτω
3428 968 3658 1037 ταχέως.
3677 968 3776 1020 Διά

2186 1047 2345 1100 τοῦτό
2388 1066 2540 1118 φησι,
2577 1050 2713 1103 Τότε
2742 1051 3005 1104 εἴσεσθε.
3042 1051 3179 1103 Τότε
3202 1062 3215 1076 ⁸
3247 1049 3417 1114 πότε;
3453 1049 3618 1100 Ὅταν
3651 1047 3776 1099 ἀνα-

2189 1127 2321 1190 στάς
2345 1128 2735 1198 ἐπισπάσωμαι
2761 1128 2859 1200 τὴν
2885 1128 3230 1199 οἰκουμένην,
3265 1127 3387 1180 τότε
3425 1124 3657 1185 εἴσεσθε,
3692 1126 3774 1178 ὅτι

2188 1208 2283 1259 καὶ
2316 1207 2488 1262 ταῦτα
2529 1209 2605 1271 ώς
2647 1209 2779 1274 Θεὸς
2823 1211 2918 1270 καὶ
2957 1209 3091 1262 Θεοῦ
3127 1210 3256 1272 Υἰὸς
3286 1210 3506 1277 γνήσιος
3534 1207 3771 1271 ἐποίουν,

2187 1285 2418 1339 ἐκδικῶν
2451 1286 2548 1358 τὴν
2577 1289 2657 1352 εἰς
2683 1290 2774 1342 τὸν
2807 1290 3027 1361 Πατέρα
3062 1288 3240 1360 ὕϐριν.
3271 1288 3337 1340 Τί
3364 1288 3560 1358 δήποτε
3591 1285 3649 1338 δέ
3677 1286 3776 1339 οὐκ

2189 1363 2308 1419 εἷπε
2341 1367 2434 1419 καὶ
2471 1369 2642 1422 ποίων
2670 1369 2912 1439 σημείων
2940 1369 3096 1440 χρεία
3128 1369 3265 1439 πρὸς
3289 1367 3350 1420 τὸ
3381 1365 3583 1420 παῦσαι
3604 1366 3666 1418 τὸ
3688 1383 3765 1433 γι-

2188 1446 2410 1515 νόμενον
2449 1448 2657 1512 κακῶς,
2711 1450 2826 1503 ἀλλ’
2859 1449 3224 1522 ἐπηγγείλατο
3269 1447 3462 1500 δώσειν
3513 1448 3773 1516 σημεῖονς

2189 1527 2312 1579 Ὅτι
2347 1527 2536 1599 ἐκείνῳ
2560 1529 2658 1598 μὲν
2686 1528 2752 1582 ἂν
2782 1529 2980 1592 αὐτοὺς
3005 1529 3168 1582 πλέον
3189 1526 3498 1598 παρώξυνε,
3524 1526 3697 1597 ταύτῃ
3715 1525 3775 1577 δέ

2191 1607 2388 1676 μᾶλλον
2437 1608 2792 1679 κατέπληξεν.
2811 1609 2952 1662 Ἀλλ’
2982 1611 3132 1678 ὅμως
3160 1608 3311 1662 οὐδὲν
3340 1606 3476 1678 πρὸς
3505 1604 3662 1658 τοῦτο
3691 1599 3774 1656 εἷ-

2188 1704 2287 1740 πον
2309 1703 2323 1717 ’
2356 1689 2580 1760 καὶγὰρ
2606 1689 2782 1753 ἔδοξεν
2812 1689 2994 1752 αὐτοῖς
3033 1689 3262 1743 ἄπιστον
3285 1687 3484 1754 λέγειν,
3521 1689 3615 1739 καὶ
3649 1683 3772 1738 οὐδὲ

2187 1767 2459 1836 ἐρωτῆσαι
2478 1767 2774 1838 ἠνείχοντο,
2802 1767 2916 1821 ἀλλ’
2939 1768 3012 1832 ὡς
3037 1767 3297 1822 ἀδύνατον
3316 1764 3374 1818 ὃν
3399 1765 3766 1835 παρέδραμον.

2188 1845 2247 1897 Εἰ
2294 1845 2350 1897 δὲ
2395 1845 2518 1898 νοῦν
2562 1847 2730 1915 εἶχον,
2765 1847 2813 1898 εἰ
2857 1847 2950 1900 καὶ
2982 1846 3102 1899 τότε
3132 1846 3358 1899 ἄπιστον
3383 1843 3556 1909 ἔδοξεν
3591 1843 3774 1906 αὐτοῖς

2184 1921 2341 1986 εἶναι,
2375 1925 2461 1978 ὅτε
2490 1926 2560 1979 τὰ
2587 1926 2757 1980 πολλὰ
2787 1926 3010 1998 ἐποίησε
3039 1929 3260 1996 σημεῖα,
3288 1925 3411 1978 τότε
3443 1924 3507 1977 ἂν
3540 1923 3775 1992 προσελ-

2187 2003 2370 2068 θόντες
2409 2005 2722 2076 ἠρώτησαν,
2764 2007 2885 2059 τότε
2925 2007 2990 2060 ἂν
3014 2006 3252 2074 ἠξίωσαν
3275 2005 3373 2070 τὴν
3411 2002 3642 2072 ἀπορίαν
3671 2001 3773 2054 αὑ-

2183 2086 2298 2146 τοῖς
2326 2083 2590 2155 λυθῆναι·
2620 2087 2736 2138 ἀλλ’
2759 2086 2977 2156 ἀνόητοι
3010 2085 3182 2150 ὄντες,
3217 2087 3329 2148 τοῖς
3367 2084 3463 2153 μὲν
3495 2081 3600 2134 οὐδ’
3636 2081 3774 2144 ὅλως

2185 2166 2474 2234 προσεῖχον
2496 2163 2605 2218 τῶν
2630 2164 2960 2235 λεγομένων,
2979 2164 3047 2220 τὰ
3071 2164 3126 2216 δέ
3153 2163 3291 2234 μετὰ
3316 2163 3557 2233 πονηρᾶς
3579 2161 3776 2231 ἤκουον

2182 2241 2440 2305 διανοίας.
2477 2244 2568 2296 Διὸ
2597 2244 2692 2298 καὶ
2727 2245 2754 2296 6
2783 2243 3018 2316 Χριστὸς
3049 2241 3464 2312 αἰνιγματωδῶς
3501 2240 3634 2312 πρὸς
3683 2239 3778 2292 αὐ-

2181 2321 2308 2383 τοὺς
2342 2321 2661 2390 ἐφθέγγετο.

2265 2399 2427 2452 Ἀλλά
2467 2401 2526 2453 τὸ
2553 2399 2883 2474 ζητούμενον
2928 2400 3104 2454 ἐκεῖνό
3128 2402 3270 2454 ἐστι·
3302 2399 3428 2462 Πῶς
3453 2400 3501 2452 οἱ
3536 2395 3776 2468 μαθηταὶ

2182 2477 2282 2531 οὐκ
2313 2479 2533 2549 ᾔδεισαν
2552 2492 2597 2544 θ,
2626 2483 2708 2534 ὅτι
2747 2481 2827 2534 δεῖ
2871 2480 3032 2534 αὑτὸν
3066 2481 3130 2532 ἐκ
3159 2479 3264 2531 τῶν
3296 2477 3505 2547 νεκρῶν
3535 2475 3774 2546 ἀναστῆ-

2181 2574 2301 2624 ναι;
2332 2559 2454 2611 ’Ότι
2485 2559 2637 2612 οῦπω
2662 2562 2760 2630 τῆς
2784 2560 2877 2614 τοῦ
2901 2559 3219 2629 Πνεύματος
3247 2555 3385 2628 ἦσαν
3415 2554 3776 2620 καταξιωθέν-

2181 2655 2272 2700 τες
2302 2638 2538 2708 χάριτος.
2566 2640 2656 2693 Διὸ
2685 2640 2922 2710 συνεχῶς
2944 2641 3070 2703 τοὺς
3094 2639 3220 2708 περί
3246 2639 3594 2699 ἀναστάσεως
3619 2633 3772 2708 [156]

2182 2715 2472 2781 ἀκούοντες
2520 2717 2732 2787 λόγους,
2765 2719 2916 2772 οὐδὲν
2957 2718 3229 2779 συνίεσαν,
3254 2714 3391 2768 ἀλλά
3417 2713 3774 2787 διελογίζοντο

2183 2787 2305 2839 καθ’
2330 2781 2666 2853 ἑαυτοὺς,’τί
2695 2781 2831 2843 ποτε
2849 2788 3006 2841 τοῦτό
3033 2791 3168 2841 ἐστι.
3202 2789 3311 2840 Καὶ
3339 2787 3447 2856 γὰρ
3469 2784 3600 2837 πολὺ
3625 2781 3776 2848 ξένον

2184 2867 2278 2939 καὶ
2308 2867 2609 2939 παράδοξον
2645 2864 2714 2939 ἦν
2736 2869 2798 2920 τὸ
2822 2868 3134 2939 λεγόμενον,
3154 2865 3215 2918 τὸ
3248 2865 3440 2939 ἑαυτόν
3466 2881 3586 2915 τινα
3607 2863 3776 2939 δύνα-

2184 2935 2308 2989 σθαι
2336 2933 2580 3008 ἀνιστᾷν,
2612 2933 2706 2992 καὶ
2745 2933 2971 3010 ἀνιστᾷν
2997 2937 3188 3000 οὕτως.
3222 2936 3321 2988 Διὰ
3348 2934 3506 2987 τοῦτο
3535 2933 3631 2987 καὶ
3664 2933 3775 2986 Πέ-

2179 3031 2309 3084 τρος
2359 3015 2689 3088 ἐπετιμήθη,
2721 3017 2909 3087 ἐπειδὴ
2959 3015 3110 3068 οὐδὲν
3153 3013 3307 3075 εἰδὼς
3359 3013 3487 3083 περὶ
3535 3011 3775 3066 ἀναστά-

2183 3109 2342 3156 σεως,
2385 3093 2570 3162 ἔλεγεν
2595 3111 2610 3125 ο
2643 3095 2852 3158 Ἵλεώς
2884 3109 3005 3148 σοι.
3045 3093 3157 3146 Καὶ
3188 3092 3308 3144 οὐδὲ
3343 3093 3371 3145 ὁ
3401 3090 3632 3160 Χριστὸς
3666 3088 3774 3160 πρὸ

2180 3170 2276 3225 τοῦ
2320 3171 2647 3244 πράγματος
2683 3175 2868 3237 αὐτοῖς
2901 3171 3223 3241 ἀπεκάλυψε
3251 3170 3409 3225 τοῦτο
3443 3167 3650 3236 σαφῶς,
3685 3169 3776 3222 ἴνα

2183 3251 2260 3321 μὴ
2292 3251 2754 3306 σκανδαλισθῶσιν
2795 3255 2853 3306 ἐν
2897 3253 3044 3324 ἀρχῇ
3070 3249 3480 3316 διαπιστοῦντες
3505 3247 3584 3317 τῷ
3616 3248 3773 3316 λεγο-

2183 3331 2330 3402 μένῳ
2357 3331 2444 3385 διὰ
2470 3333 2528 3385 τὸ
2558 3332 2694 3385 πολὺ
2724 3331 3051 3404 παράδοξον,
3083 3332 3176 3382 καὶ
3207 3329 3431 3400 μηδέπω
3463 3325 3647 3394 σαφῶς
3669 3326 3772 3379 αύ-

2180 3409 2271 3462 τὸν
2318 3411 2518 3464 εἰδέναι
2547 3412 2694 3474 ὅστις
2733 3411 2901 3464 ἐστίν.
2944 3409 3068 3473 Τοῖς
3110 3408 3207 3480 μὲν
3251 3407 3358 3480 γὰρ
3385 3405 3470 3459 διά
3499 3405 3605 3458 τῶν
3631 3421 3775 3476 πρα-

2180 3489 2408 3558 γμὰτων
2452 3489 2749 3562 βοωμένοις
2790 3489 2963 3551 οὐδεὶς
3010 3488 3076 3541 ἃν
3130 3487 3527 3556 διαπιστήσειε·
3567 3487 3678 3547 τοῖς
3711 3484 3773 3537 δὲ

2179 3569 2267 3622 διὰ
2295 3569 2403 3622 τῶν
2432 3569 2606 3637 λόγων
2635 3568 2949 3639 λεγομένοις
2975 3567 3123 3631 εἰκὸς
3163 3562 3230 3638 ἦν
3264 3583 3414 3629 τινας
3447 3566 3770 3621 διαπιστεῖν.

2179 3647 2280 3702 Διὰ
2311 3648 2470 3702 τοῦτο
2496 3651 2561 3701 ἐκ
2595 3649 2818 3720 πρώτης
2869 3649 3023 3700 εἴασε
3077 3644 3596 3715 συγκεκαλυμμένον
3631 3641 3774 3698 εἶναι

2179 3726 2272 3781 τὸν
2307 3727 2624 3797 λόγον.”οτε
2653 3727 2712 3779 δέ
2739 3727 2828 3781 διὰ
2855 3728 2955 3798 τῆς
2988 3727 3180 3798 πείρας
3220 3725 3358 3797 πρὸς
3385 3725 3482 3796 τὴν
3511 3724 3770 3794 ἀλήθειαν

2179 3808 2355 3879 ἤγαγε
2389 3807 2458 3861 τὰ
2484 3807 2773 3878 εἰρημένα,
2808 3808 2930 3860 τότε
2957 3806 3145 3860 λοιπὸν
3190 3805 3358 3858 ἔδωκε
3405 3805 3500 3857 καὶ
3538 3804 3646 3856 τῶν
3673 3807 3771 3875 ρη-

2183 3888 2367 3957 μάτων
2395 3887 2495 3958 τὴν
2520 3887 2758 3951 σύνεσιν,
2787 3886 2882 3939 καὶ
2911 3885 3180 3956 τοσαύτην
3205 3883 3300 3938 τοῦ
3330 3881 3646 3953 Πνεύματος
3671 3881 3774 3955 τὴν

2145 3970 2148 3974 ’
2179 3968 2360 4036 χάριν,
2391 3964 2533 4018 ὥστε
2561 3965 2758 4036 ἀθρόον
2803 3966 2981 4018 πάντα
3013 3963 3324 4018 ἀπολαϐεῖν.
3344 3961 3605 4028 Ἐκεῖνος
3639 3962 3770 4032 7&9,

2181 4045 2364 4112 φησὶν,
2392 4043 2730 4113 ἀναμνήσει
2753 4042 2910 4112 ὑμᾶς
2937 4043 3153 4097 πάντα.
3177 4041 3241 4096 Οἰ
3268 4041 3376 4112 γὰρ
3401 4043 3494 4095 καὶ
3513 4043 3612 4111 τὴν
3635 4041 3774 4112 πρὸς

2178 4122 2341 4176 αὑτὸν
2367 4120 2500 4175 αἰδῶ
2532 4123 2590 4174 ἐν
2621 4124 2718 4192 μιᾷ
2755 4122 2915 4192 μόνον
2948 4121 3270 4184 ἐκϐαλόντες
3299 4121 3528 4192 ἑσπέρᾳ,
3550 4119 3645 4173 καὶ
3672 4136 3774 4188 φυ-
3817 4123 3833 4141 ¹

2179 4206 2386 4272 γόντες,
2423 4205 2517 4257 καὶ
2554 4205 2675 4257 οὑδέ
2712 4205 2840 4257 ἰδεῖν
2873 4204 3039 4257 αὐτὸν
3069 4206 3394 4274 φάσκοντες,
3431 4204 3592 4274 σχολῇ
3624 4202 3676 4272 γ’
3703 4202 3775 4256 ἂν

2179 4285 2287 4337 τῶν
2320 4287 2378 4337 ἐν
2416 4284 2581 4338 παντὶ
2607 4283 2685 4354 τῷ
2714 4284 2890 4355 χρόνῳ
2919 4285 3227 4354 γενομένων
3256 4300 3315 4336 τε
3344 4283 3438 4336 καὶ
3471 4282 3774 4351 λεχθέντων

2180 4364 2625 4434 ἐμνημόνευσαν,
2668 4365 2717 4416 εί
2772 4363 2847 4434 μὴ
2901 4363 3104 4434 πολλῆς
3154 4363 3476 4433 ἀπήλαυσαν
3521 4363 3620 4430 τῆς
3675 4361 3770 4414 τοῦ

2181 4442 2498 4514 Πνεύματος
2541 4443 2780 4514 χάριτος.
2833 4443 2942 4496 Καὶ¹
2995 4445 3044 4495 εί
3095 4443 3244 4513 παρὰ
3285 4440 3380 4494 τοῦ
3422 4441 3770 4510 Πνεύματος,

2181 4523 2367 4594 φησὶν,
2397 4523 2726 4578 ἀκούσεσθαι
2757 4521 3004 4592 ἔμελλον,
3032 4525 3116 4586 τίς
3146 4522 3303 4593 χρεία
3326 4517 3393 4591 ἦν
3420 4522 3773 4589 συγγίνεσθαι

2179 4602 2377 4665 αὐτοὺς
2401 4602 2479 4671 τῷ
2507 4601 2749 4672 Χριστῷ,
2789 4603 3080 4672 μέλλοντας
3112 4603 3187 4673 μὴ
3221 4603 3471 4672 κατέχειν
3511 4602 3582 4654 τὰ
3605 4601 3768 4674 (λεγό-

2183 4697 2348 4750 μενα;
2387 4681 2509 4734 Ὅτι
2542 4682 2642 4736 οὐκ
2667 4679 2914 4734 ἐδίδασκε
2951 4681 3012 4734 τὸ
3043 4682 3287 4752 Πνεῦμα,
3329 4682 3442 4752 ἀλλ’
3469 4679 3774 4752 ἀνεμίμνη-

2181 4748 2310 4814 σκεν
2340 4761 2375 4815 ἃ
2408 4761 2696 4831 προλαϐὼν
2742 4761 2769 4812 6
2804 4762 3040 4829 Χριστὸς
3071 4748 3242 4814 εἶπεν.
3272 4762 3346 4814 Οὑ
3385 4748 3584 4830 μικρὸν
3606 4748 3661 4812 δέ
3689 4748 3772 4821 είς

2177 4842 2277 4909 τὴν
2319 4840 2479 4906 δόξαν
2522 4840 2762 4893 συντελεῖ
2804 4839 2899 4893 τοῦ
2937 4837 3172 4910 Χριστοῦ
3197 4839 3258 4891 τὸ
3300 4837 3772 4909 παραπεμφθῆναι

2179 4924 2258 4984 εἰς
2280 4921 2378 4992 τὴν
2407 4924 2624 4992 μνήμην
2646 4919 2754 4973 τῶν
2782 4920 2801 4958 ί
2833 4919 3127 4989 λεχθέντων
3153 4919 3353 4982 αὐτοῖς.
3374 4919 3532 4990 Παρά
3554 4919 3652 4989 μὲν
3677 4915 3772 4972 οὖν

2178 5000 2276 5071 τὴν
2317 5000 2492 5071 ἀρχὴν
2519 5001 2616 5069 τῆς
2645 4999 2738 5052 τοῦ
2773 4999 2908 5052 Θεοῦ
2943 5000 3164 5070 χάριτος
3196 5000 3413 5066 ἐγένετο
3439 4999 3500 5050 τὸ
3531 4999 3769 5069 ἐπιπτῆ-

2179 5098 2265 5133 ναι
2294 5079 2389 5150 τὴν
2423 5079 2516 5131 τοῦ
2552 5078 2869 5150 Πνεύματος
2904 5081 3063 5150 χάριν
3097 5077 3240 5131 οὕτω
3273 5077 3471 5148 δαψιλῆ
3503 5078 3597 5132 καὶ
3641 5080 3771 5132 πολ-

2177 5159 2307 5228 λήν·
2359 5157 2584 5228 ὕστερον
2631 5157 2688 5210 δέ
2739 5158 2840 5228 τῆς
2891 5158 3098 5210 ἑαυτῶν
3128 5158 3347 5228 ἀρετῆς,
3385 5157 3444 5209 τὸ
3475 5160 3771 5228 κατασχεῖν

2176 5239 2276 5309 τὴν
2307 5237 2534 5308 δωρεάν.
2566 5237 2688 5292 Βίον
2721 5238 2828 5310 γὰρ
2861 5237 3203 5303 ἐπεδείξαντο
3229 5236 3498 5306 λαμπρὸν,
3523 5238 3615 5289 καὶ
3642 5237 3772 5290 πολ-

2177 5316 2274 5389 λὴν
2307 5319 2406 5388 τὴν
2433 5319 2642 5384 σοφίαν,
2674 5317 2767 5370 καὶ
2805 5317 3071 5386 μεγάλους
3104 5318 3232 5379 τοὺς
3259 5316 3476 5378 πόνους,
3505 5317 3598 5368 καὶ
3637 5334 3769 5369 κατ-

2178 5397 2445 5467 εγέλασαν
2478 5397 2575 5466 μὲν
2604 5396 2704 5466 τῆς
2730 5395 3012 5468 παρούσης
3042 5395 3204 5466 ζωῆς,
3242 5395 3392 5448 οὐδὲν
3413 5396 3470 5448 δὲ
3491 5397 3770 5466 ἡγήσαντο

2176 5479 2245 5530 τὰ
2277 5477 2611 5548 ἀνθρώπινα,
2641 5475 2778 5528 ἀλλὰ
2821 5473 3084 5544 ἀνώτεροι
3120 5475 3339 5528 πάντων
3372 5475 3639 5542 ἐγένοντο,
3675 5475 3770 5527 καί⁹

2135 5549 2139 5555 ’
2179 5556 2428 5628 καθάπερ
2476 5555 2618 5618 τινὲς
2662 5556 2812 5608 ἀετοὶ
2860 5555 3053 5624 κοῦφοι
3097 5553 3276 5625 ὑψηλὰ
3321 5554 3642 5625 πετώμενοι,
3676 5553 3769 5608 διὰ

2177 5635 2285 5688 τῶν
2319 5635 2494 5706 ἔργων
2527 5633 2667 5704 πρὸς
2698 5633 2861 5687 αὐτὸν
2890 5633 3213 5702 ἀφείλκοντο
3233 5635 3258 5673 ε
3281 5633 3374 5687 τὸν
3401 5633 3650 5703 οὐρανὸν,
3673 5631 3771 5686 καὶ

2178 5716 2265 5770 διὰ
2293 5717 2494 5769 τούτων
2527 5715 2684 5783 ἔσχον
2728 5713 2821 5766 τοῦ
2858 5711 3176 5783 Πνεύματος
3205 5714 3304 5784 τὴν
3347 5713 3505 5783 χάριν
3533 5711 3765 5778 ἄφατον.

2180 5795 2412 5857 Τούτους
2438 5794 2615 5846 τοίνυν
2644 5792 2739 5844 καὶ
2778 5794 2939 5862 ἡμεῖς
2975 5791 3364 5864 μιμησώμεθα,
3394 5790 3486 5844 καὶ
3522 5789 3596 5860 μὴ
3641 5789 3764 5843 σ6έ-

2248 5885 2270 5909 θ
2287 5879 2456 5928 Morel.
2471 5877 2560 5925 οὐκ
2571 5877 2699 5938 εἶχον
2711 5877 2898 5939 εἰδέναι.
3037 5877 3085 5924 lii
3096 5881 3154 5938 τῇ
3170 5878 3327 5939 μνήμῃ
3341 5877 3453 5939 τῶν.
3469 5873 3623 5939 P_aulo
3635 5881 3764 5939 post.

2179 5941 2331 5991 Savil.
2353 5948 2406 5988 el.
2429 5953 2544 5986 mss.
2559 5935 2698 5986 [milli
2718 5938 2902 5998 ἐγένετο
2922 5938 2977 5985 τὸ
2997 5935 3471 5998 ἐπιπιῆναι.’Βοὶεἱιιε
3496 5935 3764 5998 lggemjgm

2184 6011 2320 6065 pulal
2360 6002 2648 6064 ἐπιχυθῆναι.
2719 5995 2762 6040 ὀὴ
2791 5999 3040 6062 Ἀφίκοντο
3083 6000 3237 6051 Savil.
3263 6005 3317 6050 et
3351 5997 3490 6062 codd.
3517 5995 3626 6059 705,
3649 5995 3762 6049 706.
