4094 6370
312 426 407 486 Ml

311 550 435 593 tunc
473 536 711 599 clarius;
762 548 906 590 nunc
933 541 1111 589 autem
1156 530 1325 602 magis
1373 527 1892 601 amigmaticeJllud

306 638 485 683 autem
538 628 647 697 agit
682 626 752 680 ob
789 634 1082 680 extremam
1131 624 1348 679 illorum
1379 624 1661 677 insaniam.
1709 620 1892 692 Neque

306 720 448 773 enim
476 718 565 773 ille
584 717 673 787 qui
703 732 808 771 non
833 724 1078 786 petentes
1105 716 1465 786 praeveniebat
1492 725 1549 770 et
1601 716 1751 786 signa
1791 714 1890 769 da-

312 810 429 874 bat,
477 818 726 880 petentes
771 807 1099 877 repulisset,‘
1130 806 1232 861 nisi
1262 807 1384 860 illos
1432 822 1593 877 prava
1617 817 1673 861 et
1704 806 1889 861 dolosa

304 911 491 955 mente
531 900 696 955 fuisse
736 900 1000 953 scivisset.
1051 897 1184 951 Nam
1230 898 1316 952 vel
1373 898 1486 966 ipsa
1545 897 1890 968 interrogatio

303 1000 504 1063 quanta
552 992 785 1062 nequitia
813 989 967 1060 plena
991 999 1167 1054 esset,
1190 988 1503 1044 consideres
1528 990 1711 1044 velim.
1757 990 1889 1044 Cum

302 1086 451 1139 enim
496 1085 822 1153 oportuisset
850 1081 967 1151 ejus
996 1080 1229 1135 studium
1276 1095 1339 1135 ac
1368 1081 1540 1135 zelum
1569 1080 1884 1151 approbare,

303 1184 467 1246 atque
493 1176 893 1243 obstupescere,
924 1173 1069 1243 quod
1097 1173 1255 1227 talem
1301 1172 1495 1227 domus
1522 1187 1705 1226 curam
1733 1182 1889 1242 gere-

302 1277 424 1330 ret;
456 1266 535 1320 illi
565 1276 836 1331 accusant,
860 1280 924 1320 ac
950 1265 1184 1319 vendere
1221 1265 1323 1319 sibi
1353 1265 1514 1320 licere
1537 1263 1887 1330 contendunt,

303 1371 480 1426 neque
509 1358 672 1411 licere
707 1357 809 1411 sibi
837 1371 868 1410 a
895 1356 1176 1411 vendendo
1204 1355 1487 1418 desistere.
1528 1356 1629 1410 nisi
1673 1358 1773 1426 ipsi
1810 1357 1888 1412 si-

301 1463 467 1516 gnum
496 1449 761 1503 ostendat.
782 1449 921 1513 Quid
946 1463 1076 1518 ergo
1099 1448 1389 1503 Christus?
1436 1448 1523 1503 l9.
1554 1449 1746 1504 Solvite
1766 1460 1890 1504 tem-

300 1543 443 1611 plum
466 1545 582 1609 hoc,
605 1552 651 1596 et
694 1543 746 1596 in
777 1542 934 1597 tribus
963 1544 1136 1597 diebus
1162 1543 1388 1597 excitabo
1419 1531 1573 1597 illud.
1603 1544 1763 1599 Multa
1792 1544 1890 1599 ltu-

301 1636 531 1705 jnsmodi
558 1636 809 1706 loquitur,
838 1650 957 1706 quae
984 1635 1322 1690 audientibus
1372 1637 1479 1691 sint
1504 1637 1752 1702 obscura,
1783 1637 1884 1691 sed

304 1736 425 1795 post
472 1726 666 1781 futuris
712 1727 877 1781 clara.
922 1725 1033 1781 Cur
1078 1726 1322 1782 ltoc?Ut
1348 1742 1470 1781 cum
1515 1728 1591 1782 rei
1621 1727 1888 1797 praedicta:

304 1819 424 1872 linis
465 1817 760 1885 adveniret,
790 1817 1108 1888 probaretur
1136 1818 1306 1887 ipsum
1340 1818 1450 1887 jam
1499 1819 1626 1872 olim
1673 1818 1724 1871 id
1754 1830 1889 1888 prte-

304 1911 557 1975 seiviSse;
606 1909 750 1979 quod
802 1911 855 1965 in
886 1910 987 1965 hac
1031 1908 1311 1979 prophetia
1336 1909 1546 1964 accidit.
1588 1908 1720 1963 Nam
1767 1910 1885 1964 ait:

304 2001 394 2055 9.2.
411 2000 536 2056 Cum
556 2003 908 2057 resurrexisset
926 2018 959 2053 a
980 2002 1210 2065 mortuis,
1231 2001 1479 2056 recordati
1507 2011 1622 2055 sunt
1653 2001 1889 2078 discipuli

304 2098 413 2161 ejus
439 2094 558 2163 quia
586 2094 679 2147 hoc
703 2093 900 2148 dicebat
931 2108 950 2148 :
975 2102 1022 2147 et
1055 2091 1376 2147 crediderunt
1406 2091 1690 2163 Scriptura:
1712 2090 1758 2145 et
1782 2104 1890 2145 ser-

304 2188 443 2240 moni
469 2203 616 2256 quem
640 2186 768 2240 dixit
792 2185 962 2240 Iesus.
993 2185 1129 2240 Cum
1160 2185 1274 2240 haec
1297 2183 1624 2247 dicerentur,
1669 2183 1758 2238 alii
1794 2182 1888 2238 du-

307 2278 543 2332 bitabant
568 2277 904 2345 quandonam
933 2276 984 2330 id
1008 2284 1323 2331 eventurum
1356 2284 1519 2341 esset,
1551 2275 1642 2337 alii
1666 2283 1889 2330 conten-

307 2366 503 2423 debent
528 2366 772 2421 dicentes
808 2385 822 2421 :
850 2365 941 2422 20.
976 2363 1329 2436 Quadraginta
1352 2380 1443 2419 sea:
1467 2366 1616 2419 annis
1658 2366 1888 2434 (adiﬁca-

307 2467 412 2511 tum
440 2467 511 2510 est
549 2458 792 2527 templum
819 2457 935 2522 hoc,
978 2466 1026 2511 et
1065 2465 1121 2510 tu
1152 2457 1205 2509 in
1251 2456 1407 2510 tribus
1450 2455 1623 2510 diebus
1651 2456 1889 2511 excitabis

307 2551 477 2605 illud?
517 2550 876 2621 Quadraginta
909 2565 1004 2605 sex
1043 2549 1199 2604 annis
1244 2549 1513 2613 dicentes,
1562 2556 1886 2618 postremam

309 2643 488 2711 templi
508 2641 961 2697 constructionem
987 2639 1325 2712 signiﬁcant;
1354 2642 1503 2710 prior
1525 2641 1670 2695 enim
1704 2640 1888 2710 viginti

312 2735 457 2788 annis
481 2734 723 2788 ab50lula
751 2732 868 2789 fuit.

377 2826 429 2878 5.
459 2823 565 2878 Cur
586 2838 713 2894 ergo
732 2824 956 2893 aenigma
992 2822 1119 2877 illud
1152 2836 1259 2878 non
1285 2822 1475 2891 solvit,
1508 2834 1681 2893 neque
1705 2823 1838 2877 dixit
1868 2839 1884 2877 :

308 2915 417 2970 Non
446 2916 514 2971 de
539 2918 640 2971 hoc
673 2917 872 2985 templo
895 2918 1103 2985 loquor,
1121 2916 1215 2971 sed
1245 2917 1313 2972 de
1335 2932 1495 2972 carne
1523 2933 1670 2981 mea;
1700 2933 1886 2972 verum

308 3008 648 3078 evangelista,
678 3006 767 3062 diu
804 3017 985 3077 postea
1024 3009 1262 3064 scribens
1288 3009 1654 3078 evangelium,
1685 3007 1885 3064 dictum

309 3098 431 3153 illud
461 3098 744 3168 explicavit
762 3140 778 3164 ,
803 3100 892 3154 ille
915 3114 1043 3155 vero
1068 3100 1266 3155 tacuit?
1304 3099 1513 3168 Quare?
1547 3099 1682 3168 Quia
1707 3101 1886 3157 verbis

308 3190 421 3259 eius
453 3189 611 3244 [idem
637 3205 746 3245 non
773 3189 1102 3246 habuissent.
1131 3190 1190 3246 Si
1215 3191 1358 3247 enim
1386 3194 1454 3247 ne
1478 3191 1693 3261 quidem
1720 3192 1885 3248 disci-

308 3280 411 3349 puli
453 3289 702 3351 poterant
748 3289 875 3336 tunc
917 3281 1214 3352 intelligere
1236 3323 1253 3348 ,
1284 3282 1453 3336 multo
1481 3282 1658 3336 minus
1692 3283 1881 3338 turbae.

308 3374 428 3429 Cum
453 3376 772 3439 stu-rexisset,
797 3374 985 3445 inquit,
1007 3373 1157 3429 Iesus
1179 3391 1212 3429 a
1238 3375 1468 3439 mortuis,
1493 3382 1612 3428 tunc
1635 3374 1885 3429 recordati

306 3474 418 3518 sunt
436 3504 453 3529 ,
484 3474 532 3518 et
573 3464 890 3518 crediderunt
912 3465 1130 3518 sermoni
1158 3473 1206 3518 et
1236 3464 1539 3533 Scriptum.
1588 3464 1704 3519 Duo
1740 3466 1883 3520 enim

306 3557 430 3625 ipsis
451 3566 579 3611 tunc
608 3557 1057 3627 proponebantur,
1087 3557 1410 3612 resurrectio
1432 3598 1449 3623 ,
1480 3566 1565 3623 et,
1590 3556 1731 3626 quod
1761 3573 1877 3611 ma-

305 3648 385 3717 jus
409 3657 546 3713 erat,
583 3664 706 3702 num
738 3649 875 3703 Deus
902 3657 1045 3704 esset
1070 3649 1114 3703 is
1142 3649 1230 3717 qui
1266 3648 1406 3702 intus
1431 3646 1736 3713 habitabat;
1763 3664 1884 3718 qua:

307 3740 459 3795 ambo
484 3740 843 3796 subindicavit
865 3740 1047 3795 dicens
1076 3761 1087 3795 :
1114 3739 1307 3794 Solvite
1332 3739 1574 3808 templum
1594 3739 1689 3793 hoc
1708 3781 1724 3804 ,
1759 3749 1805 3794 et
1831 3740 1885 3793 in

308 3833 459 3885 tribus
499 3831 677 3885 diebus
719 3832 942 3885 excitabo
981 3830 1114 3884 illud
1141 3846 1162 3885 :
1190 3831 1329 3899 quod
1376 3831 1570 3885 Paulus
1611 3831 1738 3885 dicit
1778 3838 1885 3886 non

306 3938 523 3992 parvum
554 3938 675 3977 esse
701 3923 990 3977 divinitatis
1015 3923 1247 3992 signum,
1275 3920 1358 3976 his
1386 3922 1601 3976 verbis:
1629 3922 1728 3988 Qui
1748 3937 1883 3991 prce-
1936 3992 1940 3996 ἠ

305 4014 580 4067 destinatus
618 4022 693 4066 est
730 4011 896 4065 Filius
925 4011 1021 4065 Dei
1043 4012 1097 4064 in
1121 4012 1302 4065 uirtute
1329 4011 1602 4065 secundant
1631 4011 1886 4079 Spiritum

305 4107 715 4174 sanctiﬁcationis
735 4146 749 4167 ,
780 4121 845 4159 ex
871 4105 1229 4158 resurrectione
1253 4114 1565 4157 mortuorum
1586 4102 1712 4157 Jesu
1732 4103 1884 4158 Clari-

304 4200 366 4252 sti
388 4201 406 4267 (
430 4199 586 4252 Rom.
620 4198 675 4251 l.
714 4197 805 4266 4).
838 4197 945 4251 Cur
972 4204 1027 4252 et
1052 4197 1159 4251 illic
1182 4204 1239 4252 et
1263 4195 1349 4250 hic
1380 4204 1436 4251 et
1463 4196 1656 4265 ubique
1682 4196 1782 4250 hoc
1810 4197 1886 4250 si-

301 4309 461 4363 gnum
488 4292 601 4356 dat,
625 4292 785 4345 modo
808 4290 1012 4353 dicens,
1035 4289 1162 4345 Cum
1186 4290 1432 4344 excitatus
1454 4293 1594 4360 fuero
1616 4305 1636 4353 ,'
1662 4298 1735 4353 et,
1760 4290 1886 4344 Cum

304 4385 644 4439 exultaret-itis
675 4382 719 4435 F
720 4383 867 4436 ilium
892 4375 1109 4436 hominis
1127 4422 1144 4449 ,
1177 4389 1295 4435 tunc
1320 4382 1628 4451 cognoscetis
1650 4382 1768 4451 quia
1795 4396 1885 4450 ego

304 4493 410 4530 sum
436 4475 617 4543 (Joan.
645 4475 725 4528 12.
749 4473 836 4529 52.
869 4483 915 4527 et
937 4473 991 4528 8.
1010 4473 1117 4545 28)
1140 4490 1155 4538 ;
1185 4473 1343 4528 modo
1369 4482 1569 4535 autem.
1591 4471 1660 4525 Et
1687 4474 1886 4542 signant

305 4584 403 4620 non
432 4566 640 4619 dabitur
668 4565 801 4618 vobis
821 4606 836 4629 ,
878 4564 976 4617 nisi
1001 4565 1201 4634 signum
1221 4563 1371 4617 laute
1396 4562 1606 4634 (Matth.
1632 4562 1719 4616 12.
1741 4563 1811 4618 59
1832 4562 1884 4632 );

306 4668 463 4729 atque
508 4656 599 4711 hic
641 4668 893 4723 rursum,
929 4653 995 4708 In
1028 4656 1185 4709 tribus
1232 4655 1402 4708 diebus
1452 4654 1677 4709 excitabo
1716 4653 1889 4707 illud?

305 4750 434 4819 Quia
455 4744 565 4804 hoc
586 4744 816 4803 nlhxirne
841 4758 1153 4818 argumento
1173 4747 1559 4803 ostendebatur
1580 4746 1753 4816 ipsum
1779 4762 1885 4800 non

307 4860 421 4898 esse
451 4857 647 4913 purum
677 4842 945 4894 hominem
969 4881 984 4905 ,
1010 4839 1149 4909 quod
1172 4849 1351 4908 posset
1374 4839 1629 4893 adversus
1657 4847 1886 4892 mortem

308 4944 566 5004 trapaaum
612 4933 853 5002 erigere,
899 4947 964 4987 ac
1008 4933 1311 4985 diuturnam
1361 4931 1501 4985 illius
1548 4929 1885 5001 tyrannidem

309 5025 632 5096 citlicilequc
673 5026 867 5080 bellum
904 5024 1034 5079 illud
1074 5033 1178 5077 tam
1218 5024 1326 5077 cito
1363 5022 1590 5077 solvere.
1641 5020 1765 5076 Ideo
1791 5020 1885 5085 ait,

313 5116 449 5170 Tunc
466 5117 656 5170 scietis.
675 5114 839 5179 Tunc,
860 5114 1231 5184 quandonam?
1256 5113 1388 5169 Cum
1410 5121 1686 5182 postquam
1707 5124 1888 5165 resur-

312 5223 521 5272 rexero,
554 5208 818 5261 attraham
866 5215 1031 5259 totum
1076 5207 1280 5271 orbem,
1322 5214 1449 5259 tunc
1486 5204 1666 5258 scietis
1710 5218 1795 5257 me
1835 5211 1890 5255 ut

314 5299 472 5351 Deum
499 5307 557 5352 et
580 5312 770 5352 verum
801 5297 897 5351 Dei
924 5296 1112 5350 Filium
1134 5296 1185 5351 id
1209 5297 1416 5360 iccisse,
1437 5296 1503 5349 ad
1532 5293 1888 5349 ulciscendam

315 5391 450 5445 Patri
479 5391 683 5444 illatam
712 5390 1110 5444 contumeliam.
1139 5388 1245 5443 Cur
1268 5399 1444 5443 autem
1468 5391 1573 5442 non
1602 5387 1750 5451 dicit,
1774 5387 1891 5457 qui—

313 5482 408 5538 bus
426 5497 563 5554 opus
585 5491 732 5538 esset
762 5482 950 5552 signis,
979 5481 1047 5536 ad
1075 5482 1214 5537 male
1240 5481 1435 5535 factum
1463 5478 1773 5544 tollendum,
1795 5477 1891 5535 sed

314 5590 372 5629 se
396 5576 608 5646 signum
645 5574 895 5629 daturum
921 5589 1041 5629 esse
1067 5575 1339 5643 pollicitus
1362 5573 1478 5628 est?
1506 5572 1639 5641 Quia
1665 5572 1743 5627 sic
1772 5571 1892 5626 illos

318 5669 480 5738 magis
519 5668 816 5731 irritasset;
863 5667 964 5722 hoc
1004 5676 1180 5721 autem
1219 5666 1378 5722 modo
1405 5667 1571 5736 magis
1608 5665 1887 5721 exterruit.

320 5762 562 5816 Attamen
604 5761 736 5815 nihil
764 5760 831 5813 ad
862 5760 962 5814 hoc
991 5760 1379 5830 responderunt
1408 5780 1420 5815 :
1450 5760 1721 5815 videbatur
1749 5763 1891 5815 enim

324 5851 424 5906 illis
461 5851 775 5908 incredibile
812 5851 1081 5920 quidpiam
1119 5851 1332 5919 dicere,
1366 5869 1464 5909 nec
1494 5853 1630 5908 ultra
1660 5850 1891 5907 interro-

639 5947 907 6008 Pnnoc.
954 5949 1067 6006 (in.
1122 5949 1273 6010 LIX.

1331 420 1399 477 IN
1433 418 1749 477 JOANNEM
1786 414 2017 475 HOMIL.
2057 406 2243 475 XXIII.
2284 419 2355 474 al.
2396 406 2560 474 XXII.

3476 416 3581 480 ΝΞ

1998 544 2124 599 gare
2148 529 2462 597 valuerunt;
2494 539 2549 587 et
2574 533 2725 600 quasi
2752 544 2840 586 res
2867 529 2985 588 ﬁeri
3006 545 3111 587 non
3139 540 3338 602 posset,
3360 535 3579 591 missam

1998 619 2144 674 illam
2178 620 2437 676 fecerunt.
2467 620 2620 686 Quod
2647 621 2691 675 si
2720 631 2897 677 mente
2922 622 3248 689 valuissent,
3273 623 3481 680 etiamsi
3518 627 3579 680 il-

1999 710 2087 765 lud
2116 710 2428 766 incredibile
2458 712 2729 767 videretur
2753 726 2894 778 esse,
2924 720 3205 783 postquam
3236 717 3401 769 multa
3429 716 3578 787 signa

1998 802 2217 866 fecerat,
2247 811 2372 858 tunc
2403 804 2820 874 interrogassent
2850 804 2997 857 illum
3022 845 3037 869 ,
3071 813 3195 859 tunc
3219 807 3419 875 precati
3450 806 3579 863 fuis-

1997 904 2117 949 sent
2137 905 2194 949 ut
2218 896 2431 950 illorum
2451 896 2834 952 dubitationem
2856 897 3123 963 solveret;
3153 899 3245 953 sed
3271 899 3441 954 insani
3458 915 3581 955 cum

1997 997 2196 1053 essent,
2227 987 2344 1041 aliis
2366 987 2522 1042 dictis
2548 1003 2616 1043 ne
2643 988 2918 1041 minimum
2949 989 3163 1058 quidem
3196 990 3532 1045 attenderant
3563 1006 3575 1039 :

1996 1077 2099 1132 alia
2125 1093 2253 1131 vero
2282 1093 2403 1133 cum
2441 1080 2578 1133 mala
2606 1090 2782 1133 mente
2809 1079 3113 1135 audiebant.
3159 1080 3391 1151 Ideoque
3415 1080 3576 1137 Chri-

1996 1184 2108 1227 Stus
2137 1174 2469 1244 :enigmatice
2489 1175 2618 1245 ipsis
2645 1174 2980 1244 loquebatur.

2068 1250 2169 1319 Cur
2180 1265 2406 1320 Christus
2418 1283 2518 1320 non
2531 1267 2626 1320 nisi
2637 1268 2951 1337 wnigmatice
2960 1267 3218 1337 discipulis
3232 1268 3292 1322 de
3304 1285 3397 1322 sua
3409 1272 3579 1337 futura.

1995 1359 2355 1412 resurrectione
2375 1359 2571 1412 locutus
2592 1360 2760 1428 fuerit.
2789 1360 3147 1430 Apostolorum
3182 1362 3340 1416 virtus
3363 1370 3573 1433 quanta.

1997 1448 2331 1520 Eleemosyna
2353 1452 2751 1506 commendatur.
2769 1482 2840 1491 —
2859 1453 2965 1509 Sed
2995 1454 3134 1523 quod
3162 1454 3271 1524 jam
3294 1457 3573 1524 quaeritur.

1996 1539 2100 1593 hoc
2125 1551 2208 1594 est
2230 1581 2247 1606 ,
2279 1556 2375 1595 cur
2402 1541 2649 1611 discipuli
2677 1556 2786 1598 non
2815 1545 3061 1599 noverint
3089 1546 3261 1613 ipsum
3290 1561 3321 1600 a
3350 1547 3582 1602 mortuis

1994 1640 2417 1686 resurrecturum
2443 1634 2598 1687 esse?
2622 1633 2755 1700 Quia
2781 1634 3016 1689 nondum
3048 1634 3277 1704 Spiritus
3302 1636 3473 1705 gratia
3496 1636 3578 1690 di-

1995 1722 2137 1791 gnati
2175 1721 2408 1779 ruerant.
2449 1723 2789 1795 Quapropter
2813 1726 2882 1781 de
2910 1728 3303 1783 resurrectione
3330 1728 3573 1799 frequen-

1995 1823 2078 1868 ter
2099 1812 2377 1869 audientes
2396 1855 2410 1880 ,
2444 1815 2577 1869 nihil
2601 1816 2972 1888 intelligebant
2998 1835 3013 1872 :
3047 1818 3139 1874 scd
3168 1818 3468 1888 cogitabant
3490 1820 3547 1874 in
3572 1851 3582 1862 -

1996 1915 2075 1961 tra
2105 1922 2165 1963 se
2191 1909 2317 1978 quid
2342 1908 2444 1963 hoc
2466 1918 2628 1964 esset.
2658 1908 2791 1964 Nam
2819 1910 3138 1979 stupendum
3161 1920 3215 1966 et
3245 1915 3578 1981 inexspecta-

1996 2007 2105 2051 tum
2135 2009 2272 2063 erat,
2297 2000 2438 2070 quod
2463 2001 2757 2066 dicebatur,
2791 2002 2932 2071 quod
2961 2018 3153 2071 nempe
3173 2002 3438 2071 quispiam
3456 2016 3577 2059 sese

1993 2099 2172 2159 posset
2203 2091 2551 2155 resuscitare.
2582 2100 2742 2161 atque
2770 2093 2859 2147 illo
2886 2092 3045 2147 modo
3072 2094 3412 2149 resuscitare.
3443 2093 3570 2149 Ideo

1995 2179 2183 2235 Petrus
2213 2180 2516 2251 inerepatns
2540 2182 2656 2245 fuit,
2682 2183 2823 2259 quod
2864 2198 2983 2237 cum
3021 2183 3155 2237 nihil
3180 2192 3360 2239 nosset
3392 2183 3459 2240 de
3492 2201 3578 2239 re-

1992 2272 2323 2326 surrectione
2343 2313 2358 2335 ,
2400 2274 2601 2329 diceret
2631 2293 2645 2329 :
2679 2272 2937 2343 Propitius
2965 2284 3069 2329 esto
3100 2275 3187 2329 tibi
3222 2274 3448 2345 (Matth.
3487 2277 3574 2331 16.

1991 2364 2106 2435 29.).
2133 2364 2318 2433 Neque
2344 2364 2585 2419 Christus
2612 2376 2736 2422 ante
2766 2381 2880 2421 rem
2909 2368 3076 2436 ipsam
3104 2367 3203 2420 hoc
3230 2368 3337 2422 illis
3366 2369 3575 2423 revela—

1992 2457 2087 2519 vi't,
2117 2471 2185 2510 ne
2213 2456 2316 2510 illis
2337 2457 2656 2511 oll'endieulo
2683 2467 2858 2522 esset,
2890 2458 2979 2527 qui
3007 2458 3157 2513 initio
3179 2458 3264 2512 vix
3288 2458 3446 2513 [idem
3478 2458 3574 2512 ha-

1992 2548 2188 2603 bebant
2213 2548 2276 2603 iis
2290 2564 2409 2618 qua:
2427 2548 2759 2615 dicebantur,
2772 2550 2916 2620 quod
2937 2565 2998 2604 ea
3020 2551 3305 2605 admodum
3328 2554 3575 2621 inexspe-

1991 2649 2132 2695 ctata
2160 2648 2359 2701 essent.
2388 2654 2563 2709 neque
2587 2640 2734 2695 clare
2758 2641 2961 2695 scirent
2983 2642 3102 2709 quis
3130 2649 3273 2696 csSet
3297 2641 3474 2697 .Iesus.
3507 2642 3574 2697 lis

1991 2729 2134 2783 enim
2172 2745 2292 2799 quae
2328 2729 2580 2798 Operibus
2613 2730 2742 2799 ipsis
2770 2730 2914 2785 clare
2948 2731 3381 2800 comprobantur,
3414 2718 3575 2787 nemo

1993 2819 2151 2874 ﬁdem
2190 2821 2492 2890 negaverit;
2537 2819 2642 2875 illis
2668 2830 2796 2875 vero
2826 2835 2944 2889 qua:
2970 2821 3150 2876 verbis
3185 2822 3357 2875 solum
3394 2823 3576 2891 profe-

1993 2909 2265 2973 rebantur,
2295 2909 2583 2964 verisimile
2603 2919 2717 2963 erat
2746 2909 3004 2979 quosdam
3033 2910 3187 2965 ﬁdem
3212 2926 3333 2965 esse
3354 2921 3575 2982 negatn~

1990 2995 2101 3054 ros.
2132 2999 2334 3054 Idcirco
2353 3000 2562 3055 sinebat
2586 3000 2734 3055 initio
2757 3016 2869 3055 rem
2891 3002 3149 3055 occultam
3174 3016 3409 3058 manere.
3440 3003 3571 3059 Cum

1990 3100 2167 3145 autem
2194 3089 2560 3159 experimento
2587 3090 2727 3146 dicta
2754 3102 2850 3146 sua
2870 3106 2995 3146 vera
3021 3093 3423 3162 comprobabat,
3450 3094 3574 3148 tunc

1989 3182 2275 3237 verborum
2315 3180 2474 3236 dabat
2512 3182 2953 3251 intelligentiam,
2994 3192 3301 3253 tantamque
3341 3184 3571 3254 Spiritus

1989 3274 2235 3345 gratiam,
2259 3282 2320 3328 ut
2343 3272 2624 3329 confestim
2647 3275 2827 3330 omnia
2848 3275 3170 3344 acciperent.
3201 3275 3301 3330 Ille
3318 3278 3470 3341 enim,
3492 3275 3572 3330 in-

1990 3366 2135 3437 quit,
2167 3366 2304 3420 vobis
2328 3367 2731 3421 commentor-abit
2754 3368 2945 3423 omnia.
2986 3369 3119 3423 Nam
3144 3370 3232 3438 qui
3259 3380 3571 3439 conceptam

1989 3457 2057 3513 de
2081 3457 2171 3512 illo
2200 3457 2583 3523 reverentiam,
2608 3473 2714 3513 una
2739 3462 2963 3527 vespera
2988 3458 3371 3528 deposuerunt,
3399 3476 3463 3515 ac
3489 3459 3568 3515 fu-

1987 3556 2200 3618 gerunt,
2231 3548 2323 3618 qui
2349 3562 2408 3603 se
2434 3546 2686 3603 dicebant
2705 3563 2810 3603 non
2835 3563 2998 3603 nosse
3025 3549 3194 3614 illum,
3217 3551 3305 3604 vix
3332 3552 3570 3605 omnium

1988 3654 2107 3709 qna:
2131 3639 2299 3693 multo
2330 3648 2571 3707 tempore
2595 3637 2735 3693 facta
2758 3638 3005 3708 dictaque
3033 3639 3241 3692 fuerant
3259 3679 3273 3703 ,
3306 3640 3571 3695 recordati

1988 3726 2245 3796 fuissent,
2285 3727 2388 3781 nisi
2426 3734 2672 3797 magnam
2718 3728 3033 3796 consequuti
3080 3729 3303 3783 fuissent
3340 3728 3573 3797 Spiritus

1988 3822 2233 3892 gratiam.
2280 3819 2339 3876 Si
2380 3835 2507 3875 vero
2531 3859 2547 3883 ,
2578 3819 2819 3888 inquies,
2849 3834 2880 3873 a
2905 3820 3103 3888 Spiritu
3129 3820 3355 3874 audituri
3381 3830 3569 3887 erant,

1989 3911 2117 3981 quid
2142 3925 2276 3980 opus
2304 3919 2420 3965 erat
2448 3910 2569 3965 illos
2593 3925 2716 3965 cum
2745 3910 2960 3965 Christo
2989 3911 3208 3975 versari,
3233 3924 3339 3966 non
3365 3911 3574 3967 intelle-

1989 4012 2170 4059 cturos
2190 4018 2253 4058 ea
2281 4018 2400 4073 quae
2425 4000 2773 4058 dicebantur?
2792 4001 3051 4070 Quoniam
3082 4001 3311 4072 Spiritus
3336 4017 3444 4057 non
3469 4002 3571 4057 do-

1990 4096 2119 4162 cuit,
2165 4094 2260 4150 sed
2309 4094 2362 4148 in
2408 4096 2719 4149 memoriam
2763 4096 3031 4150 reVocavit
3070 4108 3132 4149 ea
3170 4110 3288 4163 quae
3332 4094 3574 4151 Christus

1988 4186 2216 4243 dixerat.
2260 4186 2374 4241 Non
2402 4202 2588 4255 parum
2616 4196 2794 4241 autem
2820 4186 2889 4241 ad
2910 4186 3135 4256 gloriam
3160 4186 3357 4241 Christi
3385 4186 3576 4244 confe-

1990 4282 2163 4347 rebat,
2187 4281 2330 4350 quod
2359 4278 2588 4349 Spiritus
2613 4279 2913 4334 mitteretur
2932 4278 2999 4333 ad
3022 4278 3381 4333 renovandam
3398 4278 3571 4334 dicto-

1992 4391 2109 4431 rum
2136 4390 2352 4430 suorum
2379 4374 2712 4429 memoriam.
2756 4360 2912 4428 initio
2938 4374 3155 4444 quidem
3183 4389 3249 4428 ex
3279 4374 3373 4428 Dei
3404 4373 3570 4428 bene-

1992 4470 2114 4525 licio
2143 4469 2271 4536 fuit,
2301 4468 2442 4539 quod
2473 4465 2706 4537 Spiritus
2733 4467 2904 4536 gratia
2936 4467 3231 4529 involaret.
3256 4467 3327 4521 ita
3355 4464 3574 4535 copiosa

1991 4569 2049 4617 et
2088 4561 2295 4630 ampla;
2344 4557 2537 4614 deinde
2574 4573 2760 4612 eorum
2790 4558 3001 4613 virtutis
3036 4556 3153 4623 fuit,
3192 4556 3333 4627 quod
3373 4556 3573 4611 donum

1994 4661 2197 4707 tantum
2242 4652 2552 4705 retinerent.
2586 4648 2755 4703 Vitam
2797 4648 2994 4717 quippe
3037 4648 3316 4702 sanctitate
3353 4648 3571 4716 conspi-

1991 4758 2146 4798 cuam
2184 4741 2468 4805 ducebant,
2500 4740 2828 4810 multamque
2868 4739 3181 4809 sapientiam
3216 4740 3573 4803 exhibebant,

1993 4837 2309 4906 laboresque
2331 4847 2549 4905 magnos
2572 4851 2587 4887 :
2613 4833 2777 4887 vitam
2800 4842 3114 4902 praesentem
3136 4832 3574 4898 contemnebant,

1993 4930 2223 4983 humana
2268 4926 2419 4981 nihili
2459 4924 2783 4995 pendebant,
2835 4924 2931 4978 sed
2973 4926 3279 4992 superiores
3325 4923 3575 4976 omnibus

1993 5021 2173 5086 fuere;
2203 5034 2266 5073 ac
2285 5019 2421 5073 sicut
2445 5016 2637 5085 aquila)
2667 5016 2811 5070 leVes
2838 5016 2890 5069 in
2919 5013 3082 5067 altum
3107 5015 3369 5079 volantes,
3396 5014 3575 5083 operi-

1992 5116 2093 5171 bus
2120 5112 2188 5167 ad
2214 5113 2388 5181 ipsum
2415 5109 2603 5165 ctelum
2635 5106 3039 5177 pertingebant,
3073 5122 3272 5177 perque
3298 5121 3457 5174 opera
3488 5106 3574 5159 in-

1993 5214 2206 5276 gentem
2232 5202 2461 5272 Spiritus
2482 5200 2709 5271 gratiam
2739 5198 3068 5253 obtinebant.
3121 5196 3229 5253 Ilos
3269 5197 3447 5264 itaque
3478 5208 3575 5249 nor

1993 5312 2202 5368 quoque
2224 5296 2522 5350 imitemur:
2542 5309 2610 5347 ne
2625 5293 3023 5362 exstinguamus
3045 5289 3315 5360 lampades
3343 5295 3574 5352 nostras.

1992 5390 2089 5444 sed
2106 5388 2307 5444 lucidas
2330 5396 2426 5457 per
2444 5378 2837 5456 eleemosynam
2862 5383 3164 5439 reddamus.
3190 5380 3418 5449 Hujusce
3438 5379 3579 5448 ignis:

1996 5485 2173 5537 lumen
2200 5482 2272 5535 ita
2298 5488 2561 5536 servatur.
2588 5478 2914 5549 Colligamus
2942 5478 3099 5547 igitur
3125 5474 3302 5530 oleum
3327 5476 3379 5528 in
3408 5472 3577 5536 vasis,

1996 5574 2122 5629 dum
2148 5571 2398 5626 vivimus.
2438 5568 2619 5639 Neque
2644 5570 2786 5624 enim
2819 5576 2939 5638 post
2973 5566 3265 5621 discessum
3306 5564 3450 5619 hunc
3474 5576 3575 5619 no-

1994 5671 2166 5719 strum
2202 5675 2487 5732 possumus
2515 5659 2647 5714 illud
2682 5674 2897 5722 emere,
2927 5672 3026 5712 nec
3062 5656 3277 5712 aliunde
3302 5656 3574 5723 accipere,

1998 5754 2100 5809 nisi
2129 5769 2222 5824 per
2242 5766 2429 5807 manus
2451 5766 2759 5822 pauperum.
2788 5749 2939 5815 Illud,
2965 5750 3198 5820 inquam,
3218 5749 3341 5804 hinc
3360 5746 3575 5803 abunde

2001 5846 2332 5918 colligamus,
2362 5846 2407 5902 si
2435 5844 2658 5901 velimus
2695 5857 2815 5899 cum
2840 5858 3037 5913 sponso
3070 5843 3274 5914 ingredi
3304 5860 3317 5895 :
3343 5842 3426 5898 sin
3464 5841 3571 5895 mi-

3209 5935 3249 5995 9
