4094 6370
457 404 563 494 its

1234 424 1290 481 S.
1332 418 1605 479 JOANNIS
1639 414 2107 477 CHRYSOSTOMI
2146 412 2461 472 ARCHIEP.
2501 406 3032 472 CONSTANTINOP.

3628 414 3731 470 144

457 562 558 603 nus
580 587 596 612 ,
626 551 775 602 extra
804 541 1092 596 thalamum
1122 536 1426 592 necessario
1453 531 1808 588 manebimus.
1838 524 2044 598 lmpos-
2148 534 2205 580 ut
2242 523 2594 580 inelfabilibus
2623 525 2863 582 fruamur
2897 527 3054 584 bonis
3072 569 3088 595 ,
3116 542 3237 598 quze
3263 527 3463 583 utinam
3491 543 3591 584 nos
3616 544 3732 585 om-

456 639 613 695 sibile
639 637 782 692 enim
807 676 822 701 ,
863 629 1223 701 impossibile,
1255 628 1494 698 inquam,
1526 633 1625 689 est,
1656 621 1866 678 etiamsi
1896 620 2046 675 mille
2149 629 2247 671 nes
2272 630 2685 687 consequamur,
2712 618 2880 687 gratia
2901 629 2955 674 et
2977 618 3303 690 benignitate
3331 621 3537 676 Domini
3561 623 3731 677 nostri

458 734 598 785 bona
625 726 847 783 edamus
873 738 1061 793 opera,
1093 723 1208 776 sine
1237 719 1578 789 eleemosyna
1600 716 1665 771 ad
1685 716 1835 784 regni
1862 713 2047 768 limina
2150 706 2277 762 Jesu
2303 706 2521 774 Christi,
2553 709 2637 763 cui
2666 710 2833 779 gloria
2858 719 2913 765 et
2941 710 3224 780 imperium
3250 711 3478 783 ubique,
3512 729 3655 771 nunc
3680 725 3738 771 et

458 817 685 889 ingredi.
720 815 845 871 Ideo
874 814 1019 868 illam
1049 810 1335 866 admodum
1368 808 1657 864 liberaliter
1678 804 2046 870 exhibeamus,

2151 814 2387 870 semper,
2410 810 2464 856 et
2492 801 2546 855 in
2575 802 2772 857 saecula
2798 803 3137 859 saeculorum.
3168 806 3360 862 Amen.

568 932 3718 961 ——-———————-—-——————_——__—__—__—_-—-——-———_.___—'

1788 1007 2136 1071 HOMILIA
2176 1007 2413 1070 XXIV.

462 1165 550 1222 23.
580 1163 707 1221 Cum
725 1172 892 1218 autem
919 1171 1046 1217 esset
1065 1160 1097 1215 .1
1103 1159 1398 1230 erosolymis
1416 1158 1470 1211 in
1491 1155 1696 1210 Pascha
1710 1154 1763 1208 in
1783 1154 1865 1207 die
1890 1154 2017 1224 festo
2034 1189 2049 1216 ,

890 1254 1038 1309 multi
1064 1253 1384 1307 crediderunt
1410 1251 1464 1303 in
1488 1264 1624 1302 eum.

536 1351 592 1406 1.
633 1348 786 1404 Tunc
804 1361 875 1403 ex
913 1346 1220 1403 hominibus
1269 1343 1376 1398 illis
1406 1341 1496 1395 alii
1528 1338 1742 1409 quidem
1784 1337 1837 1391 in
1869 1348 2051 1389 errore

462 1440 799 1513 perstabant,
830 1438 919 1493 alii
945 1437 1228 1492 veritatem
1266 1431 1742 1503 amplexabantur;
1775 1441 1962 1483 verum
1984 1441 2049 1479 ex

464 1535 549 1589 his
574 1532 817 1588 nonnulli
846 1530 996 1586 brevi
1042 1535 1244 1582 tantum
1276 1523 1579 1581 retinebant
1606 1522 1772 1583 illam,
1804 1527 1860 1575 et
1895 1518 1962 1572 ab
1989 1532 2054 1573 ea

465 1624 682 1680 demum
702 1620 1040 1678 excidebant.
1058 1619 1168 1673 Hos
1185 1616 1426 1672 Christus
1443 1611 1814 1674 subindicavit,
1841 1608 2056 1680 quando

466 1718 612 1786 ipsos
665 1714 959 1769 seminibus
1010 1709 1377 1781 comparavit,
1435 1722 1554 1778 quae
1609 1720 1715 1761 non
1767 1701 2056 1774 profundas

467 1807 745 1861 mitterent
770 1803 977 1859 radices
1000 1844 1015 1868 ,
1056 1802 1150 1856 sed
1183 1815 1275 1855 eas
1302 1801 1354 1854 in
1383 1797 1666 1867 superﬁcie
1692 1804 1851 1851 terrce
1879 1808 2054 1865 pone-

469 1905 612 1963 rent,
639 1910 772 1966 quos
799 1895 906 1949 cito
934 1893 1110 1963 perire
1138 1891 1292 1947 dixit.
1324 1890 1434 1946 Hos
1460 1903 1671 1960 quoque
1707 1887 1795 1941 hic
1822 1901 2058 1941 comme-

469 1996 646 2043 morat
664 1987 989 2056 evangelista
1018 2000 1138 2040 cum
1166 1984 1239 2039 ait
1265 2001 1277 2037 :
1307 1982 1436 2038 Cum
1460 1991 1628 2035 autem
1652 1988 1776 2035 esset
1795 1978 2056 2049 Jerosoly-

470 2081 565 2134 mis
603 2079 657 2133 in
702 2076 908 2131 Pascha
932 2078 986 2130 in
1016 2077 1096 2130 die
1125 2080 1273 2148 festo,
1302 2074 1450 2128 multi
1488 2075 1807 2128 crediderunt
1830 2073 1883 2127 in
1922 2089 2055 2137 eum,

469 2171 689 2225 videntes
718 2170 828 2239 ejus
854 2170 999 2240 signa
1027 2184 1139 2239 qua:
1178 2167 1415 2237 faciebat.
1441 2167 1532 2222 24.
1567 2164 1688 2237 Ipse
1716 2175 1881 2219 autem
1907 2164 2059 2219 Iesus

470 2276 574 2314 non
598 2275 650 2314 se
677 2260 907 2313 credebat
936 2261 1027 2313 eis.
1053 2258 1343 2313 Firmiores
1367 2265 1520 2313 erant
1544 2257 1807 2326 discipuli,
1836 2256 1926 2326 qui
1951 2270 2057 2310 non

472 2350 639 2422 signis
663 2359 865 2406 tantum
887 2391 902 2415 ,
934 2350 1028 2405 sed
1073 2350 1233 2404 etiam
1267 2348 1509 2403 doctrina
1549 2348 1777 2417 permoti
1815 2360 2060 2403 accesse-

472 2450 616 2496 runt.
647 2441 951 2497 Crassiores
989 2441 1184 2511 quippe
1221 2440 1369 2510 signa
1391 2438 1811 2510 pertrahebant,
1852 2439 2061 2494 ratione

473 2532 725 2602 prmditos
752 2532 1048 2602 prophetiae
1088 2542 1143 2586 et
1184 2532 1447 2586 doctrina.
1470 2530 1744 2601 Quotquot
1779 2530 1939 2600 igitur
1965 2545 2062 2600 per

474 2626 768 2681 doctrinam
796 2625 933 2693 capti
964 2633 1105 2687 sunt,
1129 2622 1182 2677 bi
1200 2624 1487 2693 signorum
1511 2622 1830 2692 sequacibus
1855 2622 2061 2676 ﬁrmio-

475 2734 563 2773 res
591 2727 777 2782 erant;
824 2730 957 2787 quos
995 2724 1050 2771 et
1096 2714 1340 2770 Christus
1378 2715 1566 2770 beatos
1613 2714 1936 2785 praedicabat
1979 2714 2063 2770 bis

476 2810 656 2865 verbis
688 2828 701 2864 :
728 2808 875 2862 Beati
900 2809 986 2879 qui
1014 2825 1116 2861 non
1152 2807 1403 2873 viderunt,
1428 2816 1473 2860 et
1499 2806 1825 2859 crediderunt
1851 2806 1870 2877 (
1901 2805 2060 2860 Joan.

474 2900 568 2955 20.
598 2898 733 2969 29).
760 2897 911 2966 Quod
946 2907 1121 2952 autem
1154 2897 1228 2951 illi
1264 2912 1371 2951 non
1411 2896 1520 2951 veri
1556 2905 1735 2951 essent
1781 2896 2061 2967 discipuli,

477 2990 669 3061 probat
699 2990 751 3044 id
776 2988 917 3059 quod
944 2987 1282 3058 subjungitnr
1313 3005 1327 3041 :
1356 2986 1478 3058 Ipse
1500 2987 1651 3041 Iesus
1678 3004 1780 3041 non
1819 3004 1873 3041 se
1894 2987 2066 3042 crede-

479 3083 563 3137 bat
592 3084 682 3137 eis.
714 3082 929 3151 Quare?
956 3081 1089 3147 Quia
1109 3081 1281 3135 omnia
1299 3080 1316 3113 ί
1347 3090 1570 3147 noverat,
1602 3080 1693 3135 25.
1726 3092 1773 3135 et
1792 3082 1911 3153 quia
1939 3098 2067 3146 Opus

480 3191 583 3229 non
608 3184 713 3229 erat
734 3183 787 3228 ut
807 3174 918 3244 quis
939 3173 1273 3227 testimonium
1295 3173 1575 3242 perhiberet
1601 3175 1665 3228 de
1693 3173 1894 3227 homine
1916 3215 1931 3239 ,
1959 3175 2066 3245 ipse

482 3267 613 3322 enim
633 3265 815 3319 sciebat
835 3264 957 3337 quid
978 3272 1100 3319 esset
1124 3266 1179 3317 in
1199 3264 1419 3318 homine.
1446 3263 1501 3319 ld
1518 3271 1622 3330 est,
1647 3264 1809 3319 verba
1837 3280 1942 3320 non
1973 3280 2069 3321 cu-

482 3357 655 3421 rabat,
679 3356 769 3426 qui
798 3356 852 3410 in
877 3357 992 3425 ipsa
1021 3356 1183 3411 corda
1222 3363 1469 3426 penetrat
1509 3365 1563 3412 et
1591 3366 1828 3421 mentes;
1865 3366 2065 3413 etcum

482 3448 751 3503 fervorem
772 3447 983 3503 illorum
1013 3455 1413 3516 temporaneum
1436 3462 1557 3503 esse
1580 3448 1780 3514 sciret,
1808 3463 1914 3503 non
1936 3448 2069 3505 ﬁde-

484 3539 578 3592 bat
623 3537 704 3592 eis
750 3544 809 3590 ut
838 3535 1088 3606 perfectis
1123 3536 1434 3606 discipulis:
1464 3552 1571 3593 non
1606 3539 1789 3592 omnia
1815 3538 1945 3609 ipsis
1972 3538 2067 3595 do-

482 3636 657 3699 gmata
684 3627 944 3695 tradebat,
986 3629 1135 3697 quasi
1169 3628 1326 3683 ﬁdem
1358 3627 1581 3683 ﬁrmiter
1609 3637 1787 3685 essent
1815 3631 2063 3700 amplexi.

482 3720 654 3776 Nosse
680 3730 859 3776 autem
884 3736 947 3776 ea
977 3737 1097 3791 qua:
1125 3723 1181 3777 in
1225 3721 1390 3776 corde
1416 3721 1690 3777 hominum
1727 3732 1887 3789 sunt,
1927 3723 2068 3779 illius

487 3820 690 3867 tantum
716 3821 817 3879 est,
847 3811 947 3879 Qui
966 3813 1388 3883 ﬁnazitsigillatim
1411 3813 1567 3867 corda
1599 3814 1618 3885 (
1635 3813 1783 3869 Psal.
1809 3814 1897 3870 52.
1928 3813 2066 3887 15),

484 3916 680 3972 nempe
705 3903 872 3957 solius
905 3902 1020 3957 Dei.
1064 3902 1197 3957 Nam
1241 3902 1339 3968 Tu,
1372 3904 1564 3975 inquit,
1615 3906 1875 3976 cognoscis
1915 3906 2071 3959 corda

485 3997 626 4050 solus
655 3994 676 4068 (
701 3996 754 4051 ὅ.
787 3993 914 4066 Reg.
954 3995 1005 4050 8.
1038 3996 1105 4050 59
1131 3997 1172 4066 ).
1216 3995 1333 4051 Νοη
1354 3997 1545 4067 egebat
1588 3997 1842 4065 testibus,
1883 4006 1943 4052 ut
1979 4012 2071 4053 eas

487 4103 621 4159 quas
646 4087 976 4143 formaverat
1014 4098 1222 4143 mentes
1253 4097 1630 4159 cognosceret;
1676 4088 1903 4160 ideoque
1931 4098 2070 4145 tem-

485 4178 982 4250 poraneaeipsorum
999 4176 1122 4232 fidei
1139 4193 1244 4233 non
1262 4179 1839 4235 conﬁdebat.Homines
1852 4180 2068 4250 quippe,

487 4269 577 4341 qui
604 4283 780 4340 neque
818 4269 1101 4339 praesentia
1138 4284 1315 4340 neque
1343 4269 1516 4325 futura
1546 4280 1774 4337 norunt,
1807 4286 1950 4341 saepe
1973 4272 2071 4327 do-

489 4361 606 4417 lose
632 4360 1007 4417 accedentibus
1036 4370 1090 4416 et
1115 4362 1273 4431 paulo
1284 4370 1411 4431 post
1435 4363 1727 4417 recessuris
1752 4363 1936 4418 omnia
1956 4363 2071 4418 sine

487 4453 601 4509 ullo
630 4462 774 4509 metu
794 4452 979 4509 dicunt
1001 4463 1057 4509 et
1088 4453 1323 4509 tradunt.
1347 4454 1591 4509 Christus
1613 4470 1744 4510 vero
1777 4469 1884 4510 non
1915 4455 2066 4521 item;

489 4560 613 4599 nam
639 4558 1043 4600 arcana-eorum
1070 4545 1250 4599 omnia
1291 4544 1461 4614 probe
1489 4546 1711 4601 sciebat.
1749 4546 1903 4602 Tales
1929 4561 2072 4602 nunc

490 4645 614 4691 sunt
643 4636 817 4703 multi,
853 4637 945 4707 qui
986 4636 1221 4692 ﬁdelium
1249 4636 1465 4707 quidem
1494 4653 1686 4692 nomen
1716 4637 1946 4705 habent,
1975 4638 2070 4694 sed

488 4729 769 4783 versatiles
808 4737 862 4782 et
889 4729 1255 4785 inconstantes
1278 4736 1425 4785 sunt.
1454 4729 1581 4784 Ideo
1606 4729 1854 4785 Christus
1878 4745 1986 4784 non
2013 4745 2072 4786 se

488 4819 659 4873 credit
702 4819 802 4883 eis,
834 4818 927 4874 sed
981 4819 1203 4890 plurima
1234 4820 1364 4890 ipsis
1398 4822 1648 4876 occultat.
1684 4821 1753 4878 Ut
1795 4822 1935 4877 enim
1973 4837 2073 4877 nos

490 4925 597 4964 non
654 4910 841 4964 amicis
884 4910 1232 4980 quibuslibet,
1281 4912 1374 4965 sed
1425 4911 1566 4966 veris
1608 4911 1856 4979 ﬁdimus;
1910 4913 1981 4967 ita
2019 4921 2073 4967 et

490 5001 630 5055 Deus
660 5005 702 5055 ².
734 4999 873 5053 Audi
914 5001 1095 5071 itaque
1136 5002 1262 5071 quid
1292 5001 1537 5057 Christus
1570 5001 1842 5072 discipulis
1885 5004 2070 5080 dicat;

488 5092 613 5145 Non
647 5090 765 5162 jam
804 5091 917 5144 dico
960 5108 1046 5145 vos
1080 5108 1245 5147 servos
1270 5110 1288 5146 :
1314 5109 1401 5147 vos
1438 5094 1571 5148 enim
1610 5095 1761 5149 amici
1796 5096 1894 5149 mei
1929 5097 2068 5151 estis.

490 5183 663 5251 Unde,
687 5192 743 5239 et
769 5185 977 5254 quare?
1008 5184 1139 5250 Quia
1166 5187 1355 5253 omnia,
1378 5203 1492 5251 qua:
1509 5187 1679 5242 audivi
1697 5204 1729 5241 a
1757 5187 1914 5242 Patre
1936 5205 2067 5256 meo,

488 5287 607 5331 nota
648 5278 745 5347 feci
771 5277 909 5332 vobis
940 5278 957 5347 (
985 5276 1141 5332 Joan.
1165 5279 1251 5334 15.
1284 5280 1353 5334 14
1374 5278 1418 5349 ).
1447 5279 1649 5336 Idcirco
1673 5296 1846 5351 neque
1871 5280 2072 5337 Judaeis

488 5371 638 5440 signa
667 5369 972 5438 petentibus
1001 5370 1195 5436 dabat,
1227 5372 1348 5440 quia
1392 5371 1468 5426 illi
1498 5380 1765 5428 tentantes
1794 5375 2070 5443 petebant.

486 5465 679 5517 Annon
711 5470 769 5516 ut
797 5462 947 5529 olim,
971 5462 1049 5517 sic
1069 5478 1209 5517 nunc
1237 5478 1445 5533 quoque
1473 5465 1619 5535 signa
1644 5475 1833 5535 petere
1863 5475 2070 5522 tentan-

489 5556 621 5609 tium
649 5553 774 5609 est?
801 5553 931 5608 Nam
954 5562 1079 5609 sunt
1104 5554 1366 5624 hodieque
1394 5556 1484 5625 qui
1510 5568 1755 5627 quaerunt
1781 5573 1844 5614 ac
1863 5559 2066 5628 dicunt,

492 5645 598 5699 Cur
626 5660 733 5701 non
759 5646 917 5701 etiam
948 5662 1090 5703 nunc
1118 5647 1266 5717 signa
1297 5648 1465 5703 fiunt?
1494 5649 1551 5705 Si
1579 5648 1751 5707 ﬁdelis
1781 5665 1840 5707 es
1869 5660 1925 5708 ut
1951 5666 2071 5711 esse

557 5776 575 5843 ξ
611 5773 703 5843 Alii
726 5774 927 5843 habent,
940 5790 1124 5843 omnes,
1142 5777 1269 5843 loco,
1294 5777 1471 5832 omnia.

554 5835 575 5866 ί
607 5835 721 5898 Alii,
742 5835 809 5888 ita
831 5846 877 5889 et
893 5835 1119 5890 Christus
1254 5835 1267 5843 ’
1484 5849 1488 5853 ’

2160 1150 2344 1221 debes,
2379 1155 2422 1208 si
2450 1169 2598 1210 amas
2619 1156 2891 1213 Christum
2911 1167 2971 1214 ut
2999 1176 3183 1218 amare
3213 1176 3309 1232 par
3342 1172 3445 1232 est,
3472 1180 3578 1221 non
3606 1181 3739 1238 opus

2161 1241 2327 1299 habes
2351 1246 2516 1315 signis
2560 1266 2572 1300 :
2624 1248 2738 1304 haec
2761 1252 2902 1305 enim
2932 1252 3235 1308 infidelibus
3276 1254 3489 1311 dantur.
3516 1257 3620 1313 Cur
3642 1258 3739 1314 Ju-

2161 1335 2312 1399 dteis,
2364 1339 2592 1409 inquies,
2636 1357 2740 1398 non
2782 1342 2903 1399 data
2952 1347 3120 1400 sunt?
3149 1347 3277 1403 Data
3308 1358 3452 1405 certe
3495 1361 3661 1407 sunt:
3694 1354 3739 1408 si

2162 1430 2377 1499 quando
2404 1447 2535 1487 vero
2566 1443 2813 1504 petentes
2836 1453 2942 1492 non
2989 1441 3313 1508 acceperint,
3345 1443 3477 1497 illud
3503 1444 3624 1499 ideo
3665 1446 3743 1500 fa-

2161 1531 2305 1578 ctum
2332 1534 2431 1591 est,
2458 1527 2600 1596 quod
2623 1542 2727 1583 non
2755 1538 2811 1583 ut
2833 1530 2900 1584 ab
2926 1531 3239 1588 inﬁdelitate
3260 1534 3613 1591 liberarentur
3628 1536 3743 1594 haec

2164 1614 2461 1682 petiissent,
2484 1617 2578 1671 sed
2606 1627 2663 1672 ut
2691 1634 2811 1674 sese
2832 1622 3000 1691 magis
3022 1622 3073 1676 in
3096 1625 3326 1694 nequitia
3344 1626 3741 1683 conﬁrmarent.

2164 1704 2315 1776 (Cap.
2344 1708 2402 1778 ὅ)
2430 1710 2482 1763 1.
2507 1709 2574 1763 Et
2609 1722 2716 1765 erat
2745 1713 2893 1766 homo
2922 1730 2984 1767 ex
3009 1713 3284 1771 Pharisceis
3313 1716 3624 1774 Nicodemus
3652 1737 3743 1774 no-

2162 1798 2316 1863 mine,
2337 1800 2569 1870 princeps
2584 1801 2883 1858 Iudaeorum
2904 1805 2997 1859 :2.
3022 1805 3102 1859 hic
3130 1809 3258 1862 venit
3285 1809 3354 1861 ad
3375 1808 3551 1863 Iesum
3580 1822 3741 1865 nocte.

2166 1888 2263 1944 Hic
2291 1902 2346 1945 et
2367 1891 2419 1945 in
2451 1892 2628 1947 medio
2656 1894 2944 1965 Evangelio
2984 1896 3254 1953 Christum
3284 1898 3572 1956 defendere
3592 1903 3746 1958 vide-

2166 1991 2287 2048 tur;
2320 1982 2395 2037 ait
2418 1984 2561 2038 enim
2596 2006 2609 2041 :
2637 1984 2744 2040 Lex
2770 1997 2943 2042 nostra
2965 1990 3212 2044 neminem
3231 1991 3451 2060 judicat,
3474 1993 3573 2046 nisi
3596 1994 3740 2062 prius

2163 2076 2337 2129 audiat
2358 2076 2421 2130 ab
2445 2093 2503 2130 eo
2529 2076 2704 2147 (Joan.
2735 2078 2786 2134 7.
2817 2080 2931 2151 51).
2962 2080 3232 2138 Adversus
3258 2082 3399 2138 hunc
3423 2084 3591 2139 Judaei
3611 2085 3748 2140 indi-

2163 2166 2463 2237 gnabantur
2498 2168 2737 2225 dicentes
2769 2188 2783 2225 :
2816 2169 3086 2244 Interroga
3127 2183 3175 2227 et
3222 2176 3333 2228 vide
3359 2177 3478 2247 quia
3504 2178 3749 2248 propheta

2165 2277 2228 2316 ea:
2253 2261 2471 2316 Galilaza
2507 2280 2609 2317 non
2651 2266 2869 2319 surrexit
2898 2265 2918 2336 (
2947 2265 3084 2320 Ibid.
3113 2284 3161 2321 υ.
3194 2268 3265 2323 52
3289 2265 3331 2339 ).
3374 2269 3500 2323 Post
3532 2285 3747 2325 crucem

2166 2352 2326 2408 etiam
2354 2369 2597 2425 magnam
2618 2371 2716 2426 pro
2732 2356 2994 2412 Dominici
3016 2361 3254 2429 corporis
3271 2361 3542 2431 sepultura
3564 2377 3748 2417 curam

2167 2446 2426 2501 adhibuit.
2470 2446 2635 2513 Venit,
2684 2448 2879 2519 inquit,
2925 2448 3264 2519 Nicodemus,
3308 2453 3394 2523 qui
3437 2465 3635 2509 venerat
3680 2456 3750 2507 ad

2172 2538 2444 2594 Dominum
2495 2551 2658 2607 nocte,
2712 2542 2878 2611 ferens
2926 2544 3200 2597 mixturam
3250 2547 3495 2615 unguenti
3534 2554 3581 2600 et
3612 2548 3749 2601 aloes

2167 2634 2313 2704 quasi
2339 2633 2493 2687 libras
2512 2643 2711 2687 centum
2738 2633 2918 2705 (Joan.
2942 2634 3030 2690 19.
3061 2634 3174 2709 59).
3198 2636 3295 2691 llic
3318 2638 3425 2707 jam
3449 2652 3588 2693 nunc
3614 2638 3749 2693 bene

2170 2726 2393 2782 affectus
2414 2736 2530 2783 erat
2552 2743 2675 2799 erga
2705 2728 3001 2795 Christum,
3042 2745 3140 2785 nec
3168 2739 3343 2785 tamen
3365 2744 3621 2801 quantum
3656 2746 3750 2800 par

2167 2827 2302 2885 erat,
2332 2833 2504 2889 neque
2529 2833 2595 2873 eo
2634 2834 2740 2890 quo
2769 2819 3049 2889 oportebat
3089 2821 3288 2886 animo,
3329 2821 3422 2876 sed
3460 2821 3633 2875 adhuc
3658 2821 3751 2876 Ju-

2169 2911 2318 2966 daica
2346 2912 2708 2967 imbecillitate
2731 2911 3088 2967 detinebatur.
3115 2911 3238 2967 Ideo
3260 2923 3417 2967 noctu
3443 2913 3607 2979 venit,
3626 2913 3750 2983 quia

2169 3004 2401 3059 interdiu
2427 3004 2479 3059 id
2508 3004 2685 3061 facere
2711 3004 3048 3060 formidabat.
3069 3003 3174 3059 Sed
3193 3004 3450 3075 benignus
3473 3005 3612 3059 Deus
3627 3020 3750 3059 eum

2171 3110 2348 3166 neque
2374 3097 2588 3167 sepulit.
2621 3111 2793 3167 neque
2820 3095 3112 3166 redarguit,
3142 3112 3242 3152 nec
3262 3096 3503 3151 doctrina
3532 3111 3625 3150 sua
3651 3096 3752 3164 pri.

2172 3187 2316 3241 vavit
2345 3201 2565 3242 :verum
2596 3202 2719 3242 cum
2749 3186 3163 3242 mansuetudine
3193 3201 3383 3257 magna
3412 3187 3585 3257 ipsum
3616 3186 3752 3241 allo-

2170 3279 2370 3349 quitur,
2398 3277 2753 3347 sublimiaque
2774 3278 2874 3348 ipsi
2904 3277 3151 3348 dogmata
3178 3278 3385 3347 aperit;
3416 3278 3753 3348 :enigmatice

2171 3367 2386 3439 quidem
2408 3409 2423 3433 ,
2455 3369 2731 3439 aperitque
2758 3377 2959 3424 tamen.
3003 3369 3167 3423 Multo
3203 3369 3371 3439 magis
3405 3370 3545 3423 enim
3601 3370 3753 3423 venia

2171 3459 2362 3529 dignus
2389 3459 2481 3515 ille
2501 3469 2636 3528 erat,
2660 3474 2817 3531 quam
2842 3460 2876 3514 ii
2903 3460 2992 3531 qui
3018 3460 3243 3531 maligne
3257 3460 3486 3530 idipsum
3504 3460 3748 3531 agebant.

2174 3551 2255 3607 llli
2282 3554 2425 3609 enim
2446 3554 2590 3609 omni
2615 3562 2739 3608 sunt
2763 3555 3108 3609 excusatione
3124 3552 3358 3623 indigni;
3392 3553 3478 3607 hic
3504 3569 3631 3608 vero
3657 3554 3755 3608 im-
3848 3590 3856 3595 α

2176 3642 2481 3713 probandus
2508 3643 2723 3714 quidem
2745 3652 2881 3711 erat,
2912 3643 3005 3698 sed
3029 3659 3135 3697 non
3172 3651 3471 3712 tantOpere.
3500 3642 3607 3698 Cur
3626 3658 3755 3714 ergo

2173 3735 2494 3806 evangelista
2523 3734 2657 3789 nihil
2685 3735 2788 3790 tale
2809 3734 2877 3789 de
2896 3735 2988 3790 illo
3008 3734 3183 3789 dixit?
3211 3734 3580 3804 Dixitquidem
3606 3734 3751 3799 alibi,

2174 3841 2241 3881 ex
2269 3825 2598 3896 principibus
2623 3827 2819 3880 multos
2841 3825 2893 3880 in
2922 3826 3069 3880 illum
3113 3826 3407 3881 credidisse
3439 3826 3457 3896 (
3479 3824 3635 3879 Joan.
3663 3826 3753 3880 12.

2172 3919 2301 3989 48);
2331 3918 2426 3974 sed
2452 3928 2668 3989 propter
2690 3918 2903 3974 Iudaeos
2924 3934 3029 3974 non
3058 3918 3207 3974 illum
3230 3919 3503 3974 confessos
3522 3933 3662 3984 esse,
3686 3934 3757 3974 ne

2174 4018 2325 4067 extra
2350 4024 2671 4082 synagogam
2698 4012 3033 4081 ejicerentur.
3061 4011 3157 4067 Hic
3180 4026 3311 4067 vero
3336 4013 3515 4067 omnia
3541 4014 3638 4065 ista
3662 4026 3760 4081 per

2175 4103 2322 4158 illum
2375 4111 2536 4158 noctu
2582 4102 2785 4158 aditum
2844 4103 3220 4159 subindicavit.
3266 4103 3407 4172 Quid
3461 4118 3589 4174 ergo
3636 4104 3757 4158 ait?

2174 4195 2360 4262 Rabbi,
2382 4197 2569 4251 scimus
2593 4196 2729 4266 quod
2754 4213 2786 4249 a
2804 4195 2914 4250 Dea
2933 4197 3111 4251 venisti
3137 4197 3373 4267 magister
3402 4214 3422 4251 :
3451 4213 3593 4250 nemo
3623 4198 3757 4251 enim

2174 4297 2335 4359 potest
2353 4293 2523 4360 facere
2565 4291 2672 4343 haec
2712 4290 2858 4360 signa
2899 4306 3011 4360 qua:
3045 4300 3099 4343 tu
3123 4291 3270 4360 facis,
3300 4291 3399 4344 nisi
3440 4292 3591 4361 fuerit
3620 4290 3757 4345 Deus

2174 4396 2287 4434 cum
2307 4397 2385 4435 εο.

2244 4472 2300 4527 2.
2332 4472 2521 4529 Adhuc
2543 4472 2867 4530 Nicodemus
2894 4473 3040 4529 humi
3072 4472 3238 4543 repit,
3265 4471 3440 4529 adhuc
3468 4474 3755 4527 humanam

2175 4566 2242 4623 de
2270 4567 2486 4623 Christo
2513 4568 2845 4623 sententiam
2864 4567 3042 4633 habet,
3072 4575 3128 4622 et
3153 4566 3220 4622 de
3252 4567 3342 4622 illo
3366 4566 3519 4637 quasi
3547 4566 3613 4621 de
3635 4583 3758 4636 pro-

2178 4660 2340 4730 pheta
2395 4660 2664 4730 loquitur,
2716 4660 2851 4714 nihil
2905 4659 3070 4713 altum
3112 4675 3177 4714 ex
3218 4659 3381 4729 signis
3422 4659 3753 4728 coniectans.

2178 4752 2412 4818 Scimus,
2442 4751 2652 4820 inquit,
2703 4751 2839 4820 quod
2885 4766 2917 4803 a
2958 4747 3068 4803 Deo
3108 4749 3284 4803 veniin
3335 4730 3590 4819 magister.
3649 4748 3757 4804 Cur

2177 4858 2305 4912 ergo
2333 4850 2493 4897 noctu
2518 4850 2573 4897 et
2597 4841 2733 4896 clam
2758 4841 2908 4895 venis
2934 4840 3001 4895 ad
3032 4855 3152 4895 eum
3183 4840 3270 4911 qui
3295 4840 3470 4895 divina
3499 4840 3754 4909 loquitur,

2178 4935 2301 5003 quia
2350 4949 2381 4987 a
2434 4934 2544 4988 Deo
2580 4933 2759 4987 venit?
2799 4948 2896 4987 cur
2926 4948 3030 4987 non
3069 4947 3190 4987 cum
3231 4932 3423 4987 ﬁducia
3473 4933 3758 5003 loqueris?

2177 5024 2374 5080 Verum
2402 5024 2504 5081 hoc
2529 5039 2634 5079 non
2665 5024 2800 5079 dixit
2823 5024 2978 5079 .lesus
3005 5025 3046 5091 ί,
3073 5038 3247 5093 neque
3270 5024 3540 5095 redarguit
3565 5024 3713 5077 illum
3740 5042 3754 5077 :

2180 5116 2444 5171 Calamam
2475 5117 2605 5170 enim
2631 5127 3018 5187 conquassatum
3040 5133 3139 5170 non
3157 5118 3459 5187 confringet,
3488 5116 3678 5185 inquit,
3709 5124 3757 5168 et

2176 5209 2370 5279 lignum
2398 5208 2651 5279 fumigans
2700 5224 2800 5261 non
2841 5208 3118 5278 exstinguet
3165 5206 3315 5278 (Isai.
3352 5206 3444 5261 42.
3478 5207 3529 5261 5.
3564 5205 3753 5259 Matth.

2176 5300 2261 5354 12.
2292 5298 2423 5369 20).
2456 5298 2597 5353 Idem
2625 5300 3107 5369 quoque‘rursum,
3150 5296 3273 5352 Non
3319 5297 3619 5363 contendet,
3669 5298 3755 5352 in-

2174 5393 2319 5463 quit,
2354 5407 2510 5461 neque
2535 5390 2771 5445 clamabit
2800 5391 3029 5460 (Matth.
3076 5390 3163 5446 12.
3210 5390 3315 5459 19)
3346 5407 3361 5456 ;
3395 5405 3457 5444 ac
3500 5405 3709 5445 rursum
3738 5430 3756 5456 ,

2183 5485 2306 5540 Non
2333 5485 2447 5539 veni
2472 5493 2527 5538 ut
2542 5484 2770 5556 judicem
2794 5484 3038 5536 mundum
3051 5481 3186 5547 ;sed
3228 5492 3283 5535 ut
3329 5482 3523 5535 salvum
3566 5483 3756 5552 faciam

2174 5575 2421 5631 mundum
2450 5576 2468 5646 (
2484 5574 2641 5629 Joan.
2670 5574 2755 5629 12.
2784 5574 2909 5645 47).
2940 5573 3103 5627 Nemo
3134 5584 3293 5643 potest
3319 5574 3425 5627 haec
3447 5573 3590 5644 signa
3620 5576 3757 5641 [ασε-

2179 5684 2269 5737 re,
2291 5683 2405 5736 qua:
2430 5676 2484 5721 tu
2514 5667 2639 5738 facis
2662 5667 2780 5731 ,nisi
2811 5667 2961 5737 fuerit
2990 5665 3129 5721 Deus
3154 5681 3267 5718 cum
3312 5681 3390 5719 co.
3437 5663 3627 5720 Adhuc
3667 5664 3756 5720 ille

2240 5841 2259 5874 ί
2292 5839 2350 5891 In
2370 5838 2515 5892 Savil.
2537 5840 2738 5904 legitur,
2761 5836 2883 5890 nihil
2905 5835 3079 5889 Iterum
3098 5833 3227 5886 dixit
3247 5840 3402 5885 Jesus.
