4094 6370
339 463 437 518 H3

328 601 505 653 σωμεν
534 582 635 646 τάς
663 580 973 652 λαμπάδας,
1003 578 1140 633 ἀλλὰ
1173 578 1597 649 διατηρήσωμεν
1631 574 1864 646 φαιδράς
1887 586 1914 614 α

325 669 389 721 δι’
424 665 816 736 ἐλεημοσύνης.
844 665 1047 718 Τούτου
1095 662 1190 717 τοῦ
1238 662 1409 732 πυρὸς
1455 661 1516 713 τὸ
1543 658 1745 729 φέγγος
1774 656 1918 710 οὕτω

326 753 719 821 διακρατεῖται.
745 748 1070 819 Συνάξωμεν
1099 747 1279 800 τοίνυν
1297 747 1376 808 είς
1401 745 1600 813 ἀγγεῖα
1624 743 1687 796 τὸ
1716 742 1915 804 ἔλαιον,

326 836 430 898 ἕως
475 833 715 887 ἐνταῦθά
763 834 947 902 ἐσμεν.
988 832 1123 885 Οὺδέ
1168 830 1279 901 γὰρ
1308 828 1423 885 ἐστι
1449 826 1611 881 τοῦτο
1649 826 1916 897 πρίασθαι

326 917 707 980 ἀπελθόνταςῦ
737 918 873 981 ἐκεῖ,
905 914 1024 968 ούδέ
1049 914 1344 985 ἀλλαχόθεν
1379 912 1512 967 αὐτὸ
1557 911 1765 974 λαϐεῖν,
1800 910 1920 963 ἀλλ’

325 1002 364 1073 ἦ
400 1001 487 1055 διὰ
532 1001 635 1071 τῆς
682 1000 790 1054 τῶν
832 999 1083 1069 πενήτων
1125 997 1325 1069 χειρός.
1358 995 1713 1065 Συλλέξωμεν
1743 994 1919 1047 τοίνυν

327 1084 581 1138 ἐντεῦθεν
614 1085 714 1155 ἤδη
745 1083 885 1153 μετὰ
927 1082 1126 1153 πολλῆς
1154 1081 1255 1153 τῆς
1286 1080 1585 1149 δαψιλείας,
1611 1078 1663 1131 εἴ
1702 1094 1766 1147 γε
1793 1078 1918 1147 βου-

327 1168 535 1238 λόμεθα
568 1165 708 1237 μετὰ
756 1166 850 1219 τοῦ
892 1165 1124 1236 νυμφίου
1156 1164 1451 1218 εἰσελθεῖν·
1490 1163 1538 1216 εί
1572 1162 1629 1215 δὲ
1675 1162 1771 1233 μὴ,
1817 1160 1922 1227 ἔξω

1303 457 1369 512 IN
1408 453 1728 514 JOANNEM
1768 451 2002 509 HOMIL.
2045 449 2240 508 XXIV.
2282 453 2352 507 al.
2389 450 2577 506 XXIII.

3514 449 3612 505 ILI

2027 571 2210 640 μένειν
2255 567 2349 621 τοῦ
2399 567 2685 638 νυμφῶνος
2717 568 2953 639 ἀνάγκη.
2972 567 3279 638 Ἀμήχανον
3302 569 3431 640 γὰρ.
3463 569 3613 638 ἀμή-

2025 670 2209 722 χανον,
2236 652 2339 705 κᾶν
2372 652 2541 723 μυρία
2572 650 3010 722 κατορθώσωμεν
3033 651 3231 719 ἀγαθά,
3253 653 3353 724 τῆς
3382 653 3612 723 ἐλεημο-

2022 735 2190 805 σύνης
2224 736 2392 805 χωρὶς
2423 734 2681 804 ἐπιϐῆναι
2708 734 2815 787 τῶν
2854 736 2953 805 τῆς
2990 734 3264 805 βασιλείας
3303 735 3613 806 προθύρων.

2022 819 2114 871 Διὸ
2167 817 2307 889 μετά
2354 818 2552 889 πολλῆς
2604 818 2816 887 ταύτην
2864 818 3266 889 ἐπιδειξώμεθα
3318 818 3469 890 [157]
3517 819 3620 888 τῆς

2022 900 2322 970 δαψιλείας,
2351 900 2492 954 ῶστε
2530 901 2833 955 ἀπολαῦσαι
2878 903 2985 955 τῶν
3018 903 3345 974 ἀπορρήτων
3372 901 3618 969 ἀγαθῶν.

2021 978 2096 1038 ὧν
2123 986 2333 1053 γένοιτο
2380 986 2588 1048 πάντας
2634 987 2785 1056 ἡμᾶς
2835 988 3131 1057 ἐπιτυχεῖν,
3160 988 3341 1056 χάριτι
3371 988 3465 1039 καὶ
3499 986 3620 1054 φιλ-

2024 1068 2311 1141 ανθρωπίᾳ
2335 1068 2429 1123 τοῦ
2461 1070 2668 1141 Κυρίου
2692 1070 2850 1141 ἡμῶν
2882 1071 3057 1141 Ἰησοῦ
3083 1070 3343 1139 Χριστοῦ,
3373 1063 3468 1139 ᾧή
3491 1069 3621 1135 δόξα

2029 1154 2122 1206 καὶ
2150 1152 2211 1206 τὸ
2240 1155 2443 1225 κράτος
2468 1155 2720 1219 πάντοτε,
2749 1155 2842 1208 καὶ
2868 1153 2966 1209 νῦν
3004 1155 3098 1208 καὶ
3122 1154 3229 1222 ἀεὶ,
3256 1154 3351 1208 καὶ
3380 1156 3459 1218 εἰς
3490 1155 3619 1217 τοὺς

2031 1235 2235 1300 αἰῶνας
2263 1236 2372 1291 τῶν
2400 1238 2632 1291 αἰώνων.
2651 1239 2847 1309 Ἀμήν.

380 1254 405 1280 ⁸
428 1252 508 1300 Sic
519 1251 632 1300 Sav.
658 1257 835 1299 elmss.
852 1249 972 1299 Mor.
990 1251 1212 1312 φαιδρῶς.
1260 1247 1289 1289 b
1302 1248 1418 1298 Mss.
1430 1248 1625 1310 quidam
1640 1248 1918 1297 ἀπελθόντα.

1807 1440 1934 1494 UMI
1955 1440 2075 1492 AIA
2114 1443 2242 1496 KA'.

342 1536 439 1603 Ὧς
476 1535 545 1588 δὲ
579 1529 660 1604 ἦν
686 1534 756 1604 ἐν
796 1533 921 1599 τοῖς
949 1532 1390 1601 Ἰεροσολύμοις
1414 1534 1483 1588 ἐν
1509 1534 1589 1599 τῷ
1614 1533 1831 1600 Πάσχα
1854 1531 1924 1585 ἐν

478 1604 553 1675 τῇ
582 1603 781 1672 ἑορτῇ,
813 1604 1034 1658 πολλοὶ
1068 1604 1446 1657 ἐπίστευσαν
1467 1606 1555 1670 εἰς
1578 1604 1783 1659 αὐτόν.

407 1706 477 1753 α’.
501 1697 622 1751 Τῶν
644 1696 947 1769 ἀνθρώπων
963 1696 1072 1750 τῶν
1090 1696 1211 1749 τότε
1232 1697 1282 1748 οί
1305 1696 1403 1767 μὲν
1423 1699 1489 1767 τῇ
1510 1697 1686 1767 πλάνῃ
1700 1696 1929 1769 προσεῖ-

336 1801 451 1855 χον,
482 1784 530 1835 οἱ
563 1782 620 1835 δὲ
654 1782 753 1851 τῆς
778 1780 1034 1850 ἀληθείας
1060 1779 1401 1850 ἀντείχοντο*
1438 1781 1574 1834 ἀλλά
1608 1778 1927 1833 καὶτούτων

338 1869 467 1922 ἔνιοι
502 1866 637 1936 πρὸς
676 1864 852 1934 ὀλίγον
874 1865 1045 1935 αὐτῆς
1078 1862 1621 1934 ἀντιλαμϐανόμενοι,
1650 1862 1811 1916 πάλιν
1831 1862 1929 1915 αύ-

336 1952 438 2023 τῆς
473 1951 781 2017 ἐξέπιπτον.
819 1948 1055 2011 Τούτους
1096 1949 1190 2001 καὶ
1216 1948 1245 2000 6
1275 1948 1508 2018 Χριστὸς
1536 1947 1926 2017 αίνιττόμενος,

341 2036 622 2106 σπέρμασι
668 2032 943 2104 παρέϐαλε
978 2034 1089 2093 τοῖς
1116 2031 1176 2083 06
1208 2031 1349 2084 κατά
1401 2030 1600 2100 βάθους
1634 2030 1927 2100 κειμένοις,

342 2120 477 2175 ἀλλά
506 2120 606 2181 τὰς
641 2117 796 2189 ῥίζας
844 2117 983 2190 ὺπέρ
1016 2117 1115 2186 τῆς
1149 2115 1469 2184 ἐπιφανείας
1507 2115 1610 2185 τῆς
1639 2114 1742 2185 γῆς
1776 2113 1931 2183 έχου-

345 2222 450 2266 σιν,
478 2203 573 2267 οὓς
603 2203 700 2255 καὶ
732 2201 943 2271 ταχέως
987 2198 1307 2252 ἀπολεῖσθαι
1340 2198 1466 2269 ἔφη.
1496 2196 1733 2260 Τούτους
1763 2197 1858 2249 καὶ
1903 2196 1932 2248 6

343 2285 735 2357 εὐαγγελιστὴς
782 2282 1015 2337 ἐνταῦθα
1062 2286 1195 2353 ἡμῖν
1225 2283 1515 2352 ἐδήλωσεν,
1550 2280 1693 2334 οὕτω
1732 2280 1929 2348 λέγων,

342 2373 424 2425 ὅτι
464 2372 562 2436 Ὠς
588 2367 667 2439 ἦν
698 2370 768 2422 ἐν
796 2367 920 2433 τοῖς
959 2366 1400 2435 Ἰεροσολύμοις
1421 2364 1491 2419 ἐν
1518 2364 1599 2430 τῷ
1628 2362 1845 2431 Πάσχα
1864 2362 1935 2416 ἐν

343 2456 416 2526 τῇ
436 2455 635 2525 ἑορτῇ,
660 2452 879 2507 πολλοὶ
900 2452 1276 2505 ἐπίστευσαν
1301 2453 1387 2515 εὶς
1406 2447 1613 2515 αὑτὸν,
1645 2446 1935 2516 θεωροῦν-

344 2558 440 2606 τες
459 2538 647 2593 αὑτοῦ
671 2537 744 2589 τὰ
762 2534 999 2604 σημεῖα,
1020 2533 1057 2587 ἂ
1083 2534 1291 2587 ἐποίει.
1316 2532 1510 2598 Αὐτός
1531 2532 1599 2584 δὲ
1624 2536 1657 2586 ό
1692 2529 1935 2598 Ἰησοῦς

345 2625 454 2677 οὐκ
497 2623 821 2675 ἐπίστευεν
868 2619 1086 2673 ἑαυτὸν
1128 2617 1353 2683 αὐτοῖς.
1373 2618 1603 2670 Ἐκεῖνοι
1632 2615 1740 2685 γὰρ
1773 2617 1933 2685 ἀκρι-

348 2706 590 2775 ϐέστεροι
640 2700 781 2774 ἦσαν
825 2703 875 2755 οἱ
928 2702 1204 2772 μαθηταὶ,
1252 2701 1366 2754 ὅσοι
1419 2699 1494 2770 μὴ
1541 2698 1648 2752 ἀπὸ
1695 2698 1936 2768 σημείων

347 2789 657 2860 προσῄεσαν
703 2787 897 2858 μόνον,
943 2786 1081 2839 ἀλλά
1130 2785 1227 2839 καὶ
1270 2783 1380 2837 ἀπὸ
1424 2784 1524 2853 τῆς
1564 2781 1933 2843 διδασκαλίας.

347 2875 482 2938 Τοὺς
522 2874 621 2943 μὲν
650 2872 760 2943 γάρ
786 2870 1128 2942 παχυτέρους
1156 2869 1225 2922 τά
1247 2870 1451 2940 σημεῖα
1476 2866 1782 2937 ἐφείλκετο,
1812 2865 1939 2929 τοὺς

346 2957 403 3010 δέ
438 2956 840 3027 λογικωτέρους
884 2955 941 3007 αί
987 2955 1314 3024 προφητεῖαι
1365 2951 1461 3004 καὶ
1499 2952 1553 3004 αἱ
1580 2948 1936 3003 διδασκαλίαι.

349 3042 503 3096 Ὅσοι
534 3041 667 3111 γοῦν
692 3042 800 3095 ἀπὸ
828 3038 1177 3101 διδασκαλίας
1204 3037 1637 3108 κατεσχέθησαν,
1668 3029 1812 3088 οὗτοι
1831 3032 1939 3086 τῶν

350 3127 455 3180 ἀπὸ
504 3125 749 3197 σημείων
789 3120 930 3194 ἦσαν
983 3122 1352 3192 βεϐαιότερον
1401 3119 1495 3182 οὒς
1526 3119 1621 3172 καὶ
1653 3120 1681 3170 ὁ
1706 3116 1941 3188 Χριστὸς

352 3208 651 3282 ἐμακάριζε
701 3208 912 3276 λέγων,
950 3204 1242 3273 Μακάριοι
1295 3205 1349 3256 οἱ
1393 3202 1480 3272 μὴ
1535 3202 1782 3282 ἰδόντες,
1806 3202 1941 3282 ﬁxa).

353 3278 941 3357 σέιστεύσαντες.”οτι
988 3289 1044 3342 δὲ
1092 3288 1153 3342 06
1188 3287 1297 3340 τῶν
1325 3285 1565 3355 γνησίων
1590 3280 1731 3356 ἦσαν
1774 3278 1939 3349 οὗτοι,

354 3379 589 3432 δείκνυσι
625 3377 719 3430 καὶ
742 3378 776 3446 ἡ
814 3374 1076 3442 ἐπαγωγή
1097 3386 1112 3401 ·
1147 3372 1342 3437 Αὐτὸς
1374 3370 1506 3441 γὰρ,
1539 3370 1726 3441 φησὶν,
1764 3372 1796 3422 ό
1831 3370 1943 3436 ’1η-

355 3462 503 3527 σοῦς
534 3462 648 3513 οὐκ
675 3459 995 3511 ἐπίστευεν
1026 3455 1246 3510 ἑαυτὸν
1277 3453 1501 3519 αὐτοῖς.
1537 3453 1717 3517 Διατί;
1748 3452 1849 3506 Διὰ
1868 3451 1942 3505 ’τὸ

356 3545 672 3616 γινώσκειν
708 3541 905 3595 πάντα
920 3555 968 3608 ει,
1005 3541 1101 3595 καὶ
1142 3541 1231 3593 ὅτι
1275 3541 1348 3593 οὺ
1397 3539 1607 3607 χρείαν
1633 3535 1816 3606 εἶχεν,
1844 3538 1945 3588 ἵνα

358 3649 444 3697 τις
484 3625 841 3699 μαρτιιοήσῃ
891 3624 1025 3694 περὶ
1066 3623 1174 3677 τοῦ
1214 3623 1557 3691 ἁνθρώπουσ
1605 3620 1788 3686 αὐτὸς
1833 3624 1944 3688 γὰρ

359 3715 651 3784 ἐγίνωσκε
678 3712 735 3764 τί
766 3707 845 3780 ἦν
871 3710 940 3762 ἐν
970 3708 1051 3772 τῷ
1080 3706 1465 3774 ἀνθρώπῳ.“0
1499 3705 1556 3757 δὲ
1582 3704 1749 3772 λέγει,
1771 3704 1946 3756 τοιοῦ-

360 3799 445 3852 τόν
466 3800 615 3851 ἐστιν
633 3814 648 3828 ο
676 3795 751 3847 Οὐ
778 3795 1033 3866 προσεῖχε
1060 3793 1173 3853 τοῖς
1192 3789 1391 3854 ἔξωθεν
1411 3790 1642 3859 ῥήμασι,
1669 3790 1786 3850 ταῖς
1810 3805 1944 3857 καρ-

358 3881 495 3945 δίαις
533 3877 856 3951 ἐμϐατεύων
890 3878 1102 3938 αὑταῖς,
1136 3875 1230 3927 καὶ
1273 3873 1410 3943 πρὸς
1438 3873 1536 3941 τὴν
1564 3871 1803 3925 διάνοιαν
1830 3872 1945 3922 είσ-

362 3964 486 4018 ιιὶινσ
546 3964 641 4017 καὶ
687 3961 785 4031 τὴν
823 3961 1155 4029 πρόσκαιρον
1206 3957 1385 4009 αὐτῶν
1432 3955 1743 4025 θερμότητα
1789 3951 1945 4016 εἰδὼς

362 4050 568 4118 σαφῶς,
598 4049 700 4101 οὐκ
747 4044 1009 4116 ἐθάρρειδ
1052 4044 1237 4104 αὐτοῖς
1284 4041 1359 4103 ὡς
1407 4038 1677 4110 μαθηταῖς
1711 4039 1947 4107 ἀπηρτι-

363 4134 602 4203 σμένοις,
629 4131 731 4183 οὐκ
762 4126 1055 4197 ἐνεχείριζε
1085 4124 1265 4177 πάντα
1287 4123 1356 4175 τά
1380 4122 1623 4192 δόγματα
1650 4122 1832 4183 αὐτοῖς
1870 4120 1947 4182 ώς

361 4217 457 4287 ῆδη
484 4213 718 4285 βεϐαίως
747 4213 956 4272 πιστοῖς
985 4208 1316 4277 γενομένοις.
1349 4206 1423 4259 Τὸ
1453 4206 1508 4258 δὲ
1538 4205 1606 4258 τὰ
1637 4206 1694 4257 ὲν
1718 4207 1949 4287 τῇλκαρ-

360 4284 455 4370 δία
481 4284 594 4351 τῶν
628 4295 930 4366 ἀνθρώπων
955 4292 1173 4352 εἰδέναι,
1205 4290 1301 4342 τοῦ
1336 4288 1643 4351 πλάσαντος
1678 4284 1822 4339 κατὰ
1852 4286 1949 4370 μό-

361 4368 456 4446 νας
502 4382 604 4444 τὰς
649 4377 877 4449 καρδίας
919 4375 1037 4427 ἐστὶ
1087 4372 1286 4428 Θεοῦο.
1324 4372 1409 4426 Σὺ
1436 4372 1567 4442 γὰρ,
1604 4372 1788 4440 φησὶν,
1823 4368 1950 4421 ἐπί-

362 4481 585 4521 στασαι
619 4462 866 4531 καρδίας
884 4457 1243 4528 μονώτατος.
1270 4456 1384 4510 Οὐκ
1409 4457 1579 4509 ἐδεῖτο
1608 4455 1785 4507 τοίνυν
1810 4468 1951 4523 μαρ-

361 4551 539 4622 τύρων
566 4548 708 4600 ὥστε
737 4543 843 4595 τῶν
876 4541 1091 4596 οἰκείων
1121 4540 1454 4609 πλασμάτων
1486 4539 1675 4609 μαθεῖν
1700 4537 1797 4608 τὴν
1831 4536 1949 4588 διά-

364 4617 511 4685 νοίαν
526 4648 540 4661 ·
570 4630 693 4683 ὅθεν
713 4627 830 4680 οὐδὲ
854 4625 962 4678 ἀπὸ
984 4624 1084 4693 τῆς
1108 4622 1445 4694 προσκαίρου
1468 4620 1701 4683 πίστεως
1724 4622 1903 4681 αὐτοῖς
1922 4617 1949 4657 ἀ

365 4712 932 4786 ἑθάῤῥει.”Ανθρωποι
982 4708 1081 4778 μὲν
1130 4706 1238 4775 γὰρ
1277 4705 1401 4759 οὔτε
1435 4706 1502 4757 τά
1535 4705 1798 4775 παρόντα,
1827 4702 1951 4756 οὔτε

364 4802 431 4855 τά
485 4798 752 4870 μέλλοντα
810 4795 1011 4857 εἰδότες
1039 4833 1052 4857 ,
1104 4790 1362 4852 πολλάκις
1419 4790 1513 4841 καὶ
1560 4792 1672 4851 τοῖς
1720 4788 1954 4857 δολερῶς

367 4882 673 4956 προσιοῦσι,
704 4881 798 4933 καὶ
834 4880 945 4941 τοῖς
982 4876 1175 4947 μικρὸν
1210 4873 1435 4945 ὕστερον
1467 4871 1950 4942 ἀποστησομένοις,

368 4970 581 5023 ἅπαντα
618 4964 787 5035 χωρίς
818 4978 963 5022 τινος
991 4956 1289 5026 ὑποστολῆς
1333 4957 1428 5009 καὶ
1469 4955 1684 5023 λέγουσι
1730 4957 1824 5008 καὶ
1864 4957 1955 5022 ἐγ-

368 5052 698 5122 χειρίζουσιν
717 5064 730 5078 ’
767 5048 795 5099 6
821 5045 877 5097 δὲ
898 5041 1130 5115 Χριστὸς
1153 5042 1251 5109 οὐχ
1272 5039 1627 5122 οὕτως.’ῌδει
1649 5038 1757 5109 γάρ
1777 5037 1954 5122 αὐτῶν

364 5120 430 5187 τὰ
454 5120 755 5204 ἀπόρρητα
785 5130 963 5182 πάντα
1001 5124 1207 5193 σαφῶς.
1242 5122 1482 5176 Τοιοῦτοι
1518 5121 1702 5174 πολλοὶ
1736 5122 1829 5175 καὶ
1859 5120 1956 5173 νῦν

366 5220 491 5278 είσι,
523 5203 588 5268 τδ
634 5214 731 5284 μὲν
760 5214 859 5281 τῆς
886 5210 1121 5270 πίστεως
1156 5207 1325 5276 δνομα
1357 5204 1507 5277 [158]
1542 5205 1775 5273 ἔχοντες,
1809 5203 1956 5273 εὑρί-

366 5317 548 5352 πιστοι
568 5299 626 5350 δὲ
648 5298 744 5349 καὶ
766 5296 1055 5361 εὑάγωγοι.
1072 5292 1171 5345 Διά
1194 5290 1354 5343 τοῦτο
1373 5289 1495 5343 οὐδὲ
1516 5289 1609 5342 νῦν
1629 5291 1657 5341 6
1678 5288 1909 5360 Χριστὸς
1930 5300 1953 5327 ο

367 5384 560 5437 ἑαυτὸν
610 5377 953 5451 ἐμπιστεύει,
982 5375 1116 5429 ἀλλά
1146 5373 1215 5428 τὰ
1246 5372 1468 5425 πλείονα
1515 5372 1950 5441 ἀποκρύπτεται.

368 5468 636 5536 Καθάπερ
665 5464 775 5534 γὰρ
801 5464 963 5533 ἡμεῖς
996 5460 1057 5514 o6
1100 5461 1213 5521 τοῖς
1244 5458 1431 5520 ἁπλῶς
1457 5456 1649 5526 φίλοις,
1672 5455 1808 5509 ἀλλά
1839 5458 1951 5519 τοῖς

367 5551 608 5622 γνησίοις
635 5545 945 5617 θαρροῦμεν
964 5561 977 5577 ο
999 5542 1141 5597 οὕτω
1162 5543 1256 5595 καὶ
1275 5542 1302 5593 6
1322 5540 1454 5603 Θεός
1478 5538 1797 5593 ¹.¹¹Ακουσον
1823 5538 1955 5622 γοῦν

366 5638 417 5688 τί
458 5621 603 5705 φησι
647 5634 761 5695 τοῖς
811 5628 1078 5700 μαθηταῖς
1122 5627 1150 5677 6
1194 5623 1464 5696 Χριστός’
1499 5624 1621 5677 Οὐκ
1670 5621 1759 5675 ἐτι
1800 5621 1953 5690 ὑμᾶς

368 5718 520 5788 λέγω
553 5716 845 5778 δούλουςο
880 5710 1050 5780 ὑμεῖς
1089 5710 1199 5778 γὰρ
1244 5707 1409 5777 φίλοι
1431 5723 1550 5775 μου
1573 5705 1732 5759 ἐστέ.
1762 5705 1952 5767 Πόθεν,

372 5802 463 5855 καὶ
508 5799 683 5863 διατί;
734 5798 855 5849 Ὅτι
912 5794 1128 5858 πάντα,
1177 5792 1294 5845 ὅσα
1350 5789 1593 5859 ἤκουσα
1647 5790 1805 5857 παρὰ
1848 5790 1954 5844 τοῦ

374 5882 619 5948 Πατρός,
653 5878 1021 5946 ἁπεκὰλυψα
1048 5874 1210 5945 ὑμῖν.
1241 5871 1341 5927 Διά
1365 5872 1524 5926 τοῦτο
1555 5873 1677 5926 οὐδὲ
1708 5874 1819 5936 τοῖς
1834 5873 1957 5927 Ἰου-

437 5970 461 5995 ³⁸
485 5967 578 6014 Alii
601 5966 797 6019 πάντας.
824 5962 941 6013 Cod.
968 5959 1060 6008 706
1083 5960 1144 6006 τά
1185 5957 1358 6006 πάντα.
1423 5954 1452 5995 ι)
1474 5955 1648 6004 Morel.
1678 5956 1947 6019 έθᾲῤῥησεν.

374 6031 400 6063 ο
428 6030 629 6087 Quidam
652 6029 753 6075 ἐστὶ
771 6017 917 6088 μόνου
943 6021 1085 6088 Θεοῦ.
1109 6019 1205 6088 Alii
1232 6020 1655 6088 ρειιιιιηῃριυρεηι.
1681 6082 1693 6088 Δ
1722 6017 1947 6088 {MOI-gl.

375 6079 546 6140 αὐτῶν.
592 6100 616 6127 ⁸
640 6079 814 6141 Μαι-εἰ.
841 6086 920 6135 νῦν
942 6086 1079 6139 αὐτὸς
1100 6084 1126 6132 6
1150 6079 1367 6144 Χριστός.
1423 6079 1441 6118 ί
1467 6080 1564 6131 Alii
1577 6082 1655 6128 καὶ
1673 6082 1698 6129 ὁ
1722 6080 1943 6143 Χριστος.

2028 1534 2197 1597 δαίοις
2236 1534 2304 1586 τά
2348 1536 2551 1604 σημεῖα
2600 1534 2769 1587 ἐδίδου
2818 1534 3082 1598 αἰτοῦσιν,
3128 1535 3212 1587 ὅτι
3265 1532 3623 1605 πειράζοντες

2028 1619 2214 1689 ᾔτουν.
2249 1619 2381 1689 Ἀρα
2407 1614 2502 1672 οὖν
2535 1618 2596 1671 τὸ
2632 1621 2835 1688 σημεῖα
2862 1620 3054 1685 αίτεῖν,
3083 1618 3454 1689 πειραζόντων
3503 1620 3624 1672 ἐστὶ

2028 1702 2122 1755 καὶ¹
2153 1701 2274 1755 τότε
2324 1708 2419 1755 καί¹
2456 1700 2552 1755 νῦν
2572 1719 2585 1731 ·
2619 1703 2728 1755 Καὶ
2761 1704 2870 1773 γὰρ
2898 1703 2992 1755 καὶ
3017 1720 3113 1756 νυν
3148 1705 3287 1756 είσιν
3314 1704 3364 1757 οί
3394 1702 3623 1775 ζητοῦν-

2028 1804 2120 1850 τες
2153 1785 2250 1840 καὶ
2279 1784 2548 1854 λέγοντες·
2577 1784 2729 1838 Διατί
2762 1786 2837 1856 μὴ
2878 1787 2973 1840 καὶ
2998 1786 3093 1840 νῦν
3132 1790 3333 1857 σημεῖα
3366 1788 3622 1856 γίνεται;

2029 1870 2092 1923 EI
2125 1872 2234 1941 γὰρ
2261 1869 2449 1929 πιστὸς
2476 1864 2544 1933 εἴ,
2587 1869 2664 1932 ὼς
2696 1867 2832 1921 εἷναι
2862 1870 2989 1941 χρὴ,
3024 1871 3118 1924 καὶ
3143 1870 3316 1939 φιλεῖς
3354 1870 3445 1924 τὸν
3490 1872 3627 1941 Χρι-

2033 1955 2177 2021 στὸν,
2201 1953 2277 2018 ὡς
2307 1953 2479 2023 φιλεῖν
2507 1954 2606 2019 δεῖ,
2636 1953 2696 2005 06
2735 1955 2925 2024 χρείαν
2955 1953 3101 2024 ἔχεις
3133 1954 3409 2025 σημείων’
3449 1954 3627 2009 ταῦτα

2031 2038 2139 2109 γὰρ
2191 2040 2305 2102 τοῖς
2350 2037 2598 2099 ἀπίστοις
2638 2036 2861 2091 δίδοται.
2910 2037 3035 2099 Πῶς
3083 2034 3177 2091 οὖν
3210 2037 3480 2101 Ἰουδαίοις
3524 2038 3627 2090 ούκ

2033 2121 2212 2193 ἐδόθη,
2261 2120 2430 2191 φησί;
2470 2120 2722 2174 Μάλιστα
2756 2121 2853 2191 μὲν
2883 2120 3069 2193 ἐδόθη·
3099 2124 3148 2174 εί
3198 2121 3255 2175 δέ
3305 2121 3453 2174 ἐστιν
3490 2121 3626 2174 ὅπου

2034 2207 2129 2260 καὶ
2177 2205 2455 2268 αἰτοῦντες
2502 2206 2601 2258 οὐκ
2632 2204 2843 2267 ἔλαϐον,
2878 2205 3068 2276 ἐπειδὴ
3097 2205 3196 2276 οὑχ
3224 2205 3364 2276 ὑπὲρ
3394 2204 3488 2258 τοῦ
3526 2205 3629 2275 τῆς

2035 2288 2294 2353 ἀπιστίας
2339 2288 2722 2357 ἀπαλλαγῆναι
2770 2289 2943 2342 ταῦτα
2992 2289 3176 2361 ᾔτουν,
3209 2290 3323 2343 ἀλλ’
3354 2290 3495 2362 ὑπὲρ
3532 2287 3628 2342 τοῦ

2038 2372 2239 2444 μᾶλλον
2288 2372 2468 2427 αὐτῶν
2509 2371 2801 2442 βεϐαιῶσαι
2831 2372 2933 2444 τὴν
2964 2373 3249 2442 πονηρίαν.
3276 2374 3386 2427 Καὶ
3416 2369 3495 2443 ἦν
3525 2373 3630 2426 ἅν-

2036 2458 2267 2524 θρωπος
2295 2455 2363 2509 ἐκ
2389 2455 2509 2509 τῶν
2537 2458 2899 2524 Φαρισαίων,
2930 2456 3271 2525 Νικόδημος
3300 2456 3489 2525 ὄνομα
3520 2458 3631 2510 αὺ-

2036 2538 2136 2605 τῷ,
2166 2538 2365 2608 ἅρχων
2405 2538 2525 2592 τῶν
2562 2539 2858 2595 Ἰουδαίων
2882 2559 2895 2572 ·
2931 2536 3111 2607 οὗτος
3156 2538 3304 2611 ἦλθε
3341 2541 3492 2608 πρὸς
3518 2543 3629 2595 αὐ-

2036 2625 2145 2679 τὸν
2169 2625 2410 2689 νυκτός.
2453 2618 2621 2689 Οὗτος
2658 2625 2754 2678 καὶ
2782 2626 2841 2679 ἐν
2876 2625 3027 2697 μέσῳ
3052 2625 3129 2696 τῷ
3152 2625 3472 2697 Εὑαγγελίῳ
3505 2625 3632 2693 φαί-

2038 2726 2188 2763 νεται
2213 2708 2305 2761 τὸν
2335 2708 2477 2779 ὑπὲρ
2503 2707 2597 2761 τοῦ
2627 2708 2865 2779 Χριστοῦ
2898 2709 3222 2780 ποιούμενος
3256 2710 3446 2779 λόγον·
3479 2710 3633 2779 λέγει

2039 2793 2150 2864 γάρ
2172 2808 2187 2824 °
2232 2793 2287 2845 Ὁ
2321 2794 2506 2859 νόμος
2533 2790 2704 2861 ἡμῶν
2733 2791 2956 2847 οὐδένα
2995 2794 3207 2861 κρίνει,
3241 2794 3350 2849 ἐὰν
3375 2794 3460 2864 μὴ
3490 2796 3635 2862 πρό-

2038 2893 2211 2944 τερον
2246 2876 2507 2943 ἀκούσῃ.
2543 2875 2689 2944 Πρὸς
2714 2875 2902 2929 τοῦτον
2939 2878 3034 2930 καὶ
3071 2876 3314 2931 Ἰουδαῖοι
3349 2877 3634 2947 δυσχεραί-

2040 2977 2188 3013 νουσι
2235 2958 2513 3027 λέγοντες
2555 2957 2890 3027 Ἐρώτησον
2924 2959 3023 3014 καὶ
3057 2960 3148 3013 ἴδε
3191 2960 3281 3013 ὅτι
3321 2961 3635 3029 προφήτης

2038 3044 2109 3098 ἐκ
2152 3042 2263 3111 τῆς
2309 3042 2644 3108 Γαλιλαίας
2686 3044 2797 3096 οὐκ
2826 3042 3154 3112 ἐγήγερται.
3193 3044 3306 3097 Καὶ
3353 3043 3492 3113 μετά
3541 3043 3636 3096 τὸν

2043 3127 2273 3197 σταυρὸν
2320 3125 2379 3179 δὲ
2432 3125 2633 3196 πολλὴν
2686 3125 2786 3197 τὴν
2834 3126 3156 3196 ἐπιμέλειαν
3202 3130 3300 3196 τῆς
3330 3128 3508 3195 ταφῆς
3537 3126 3634 3178 τοῦ

2040 3209 2372 3263 Δεσποτικοῦ
2400 3208 2652 3279 σώματος
2679 3208 3186 3278 πεποίηται.Ἦλθε
3206 3211 3337 3280 γὰρ,
3358 3211 3512 3278 φησὶ,
3533 3210 3634 3263 καὶ

2041 3293 2378 3361 Νικόδημος
2407 3295 2439 3346 ὁ
2468 3292 2663 3346 ἐλθὼν
2694 3292 2843 3359 πρὸς
2863 3292 2972 3345 τὸν
3005 3293 3224 3359 Κύριον
3252 3292 3493 3358 νυκτὸς,
3532 3291 3637 3361 ερέ-

2034 3392 2161 3445 ρων
2201 3377 2390 3445 μίγμα
2430 3376 2626 3443 μύρου
2669 3374 2767 3428 καὶ
2799 3376 2992 3441 ἀλόης
3032 3376 3113 3440 ὡς
3157 3376 3367 3442 λίτρας
3393 3375 3633 3429 ἑκατόν.

2042 3459 2154 3512 Καὶ
2192 3456 2289 3511 νῦν
2318 3459 2374 3511 δὲ
2411 3457 2643 3511 διέκειτο
2693 3459 2790 3528 μὲν
2842 3459 2973 3527 περὶ
3006 3458 3096 3511 τὸν
3123 3458 3378 3528 Χριστὸν,
3411 3459 3510 3528 οὐχ
3559 3458 3637 3521 ὡς

2044 3543 2211 3616 ἐχρῆν
2244 3543 2322 3605 δὲ,
2352 3541 2475 3595 οὔτε
2513 3541 2653 3612 μετὰ
2680 3542 2920 3604 διανοίας
2949 3542 3048 3612 τῆς
3080 3542 3486 3611 προσηκούσης,
3519 3541 3636 3593 ἀλλ’

2044 3626 2125 3677 ἔτι
2150 3625 2252 3678 ὑπὸ
2274 3626 2372 3695 τῆς
2405 3624 2700 3695 Ἰουδαϊκῆς
2726 3624 3010 3695 κατείχετο
3032 3624 3333 3685 ἀσθενείας.
3358 3624 3457 3676 Διά
3476 3624 3638 3677 τοῦτο

2046 3712 2140 3763 καὶ
2178 3708 2372 3772 νυκτὸς
2411 3704 2564 3779 ἦλθε,
2596 3707 2852 3770 δεδοικώς
2882 3709 2941 3761 ἐν
2969 3707 3155 3778 ἡμέρα
3188 3706 3346 3759 τοῦτο
3387 3708 3634 3777 ποιῆσαι.

2060 3792 2199 3845 Ἀλλ’
2226 3794 2253 3845 6
2279 3791 2659 3861 φιλάνθρωπος
2683 3790 2813 3854 Θεὸς
2834 3790 2955 3844 οὐδὲ
2985 3789 3156 3853 οὕτως
3175 3790 3338 3843 αὐτὸν
3355 3791 3635 3855 ἀπώσατο,

2046 3878 2166 3930 οὐδὲ
2213 3876 2515 3946 διήλεγξεν,
2543 3876 2663 3930 ούδέ
2695 3879 2794 3942 τῆς
2823 3874 2985 3928 αὐτοῦ
3016 3874 3362 3937 διδασκαλίας
3401 3877 3637 3930 ἀπεστέ-

2050 3978 2236 4032 ρησεν,
2270 3960 2406 4013 ἀλλά
2451 3961 2543 4013 καὶ
2598 3959 2737 4029 μετά
2771 3954 2970 4028 πολλῆς
3015 3957 3163 4028 αὐτῷ
3192 3959 3293 4028 τῆς
3338 3960 3639 4023 ἐπιεικείας

2048 4045 2373 4113 διαλέγεται,
2408 4046 2501 4096 καὶ
2528 4044 2774 4113 δόγματα
2803 4042 2951 4113 αὐτῷ
2983 4042 3303 4114 παρανοίγει
3339 4043 3407 4096 τὰ
3436 4044 3641 4115 σφόδρα

2050 4127 2269 4198 ὑψηλὰ,
2320 4128 2736 4197 αἰνιγματωδῶς
2786 4127 2927 4197 μὲν,
2982 4127 3302 4197 παρανοίγει
3357 4128 3413 4181 δὲ
3467 4129 3640 4198 ὅμως.

2049 4210 2235 4280 Πολλῷ
2263 4214 2371 4279 γὰρ
2396 4211 2595 4281 μᾶλλον
2625 4207 2778 4273 οὗτος
2809 4208 3140 4280 συγγνώμης
3165 4210 3313 4275 ἄξιος
3334 4206 3401 4281 ἦν
3428 4211 3534 4263 τῶν
3551 4211 3641 4265 διὰ

2053 4292 2315 4364 πονηρίαν
2363 4293 2521 4345 τοῦτο
2572 4295 2886 4348 ποιούντων.
2908 4294 3137 4346 Ἐκεῖνοι
3175 4292 3275 4362 μὲν
3303 4294 3411 4365 γὰρ
3456 4294 3642 4363 πάσης

2050 4378 2186 4430 εἰσὶν
2201 4376 2493 4445 ἀπολογίας
2514 4379 2690 4441 ἐκτόςο
2710 4372 2864 4439 οὗτος
2884 4378 2941 4430 δέ
2962 4377 3053 4430 καὶ
3070 4376 3227 4438 αὐτὸς
3248 4376 3641 4443 καταγνώσεως

2056 4462 2154 4532 μὲν
2176 4460 2474 4524 ὑπεύθυνος
2493 4456 2581 4532 ἦν,
2605 4462 2666 4514 o6
2705 4461 2810 4531 μὴν
2836 4460 3123 4528 τοσαύτης.
3160 4460 3283 4522 Πῶς
3308 4456 3401 4512 06v
3422 4462 3450 4512 6
3478 4461 3645 4527 εὐαγ-

2053 4544 2305 4614 γελιστὴς
2336 4544 2488 4597 οὐδὲν
2508 4545 2744 4598 τοιοῦτον
2769 4541 2889 4596 εἷπε
2910 4544 3036 4614 περὶ
3062 4544 3247 4609 αύτοῦ;
3273 4539 3407 4595 Εἷπε
3427 4544 3524 4614 μὲν
3549 4540 3643 4597 οὖν

2053 4627 2312 4697 ἀλλαχοῦ,
2349 4629 2432 4682 ὅτι
2463 4628 2558 4681 καὶ
2580 4628 2644 4680 ἐκ
2664 4628 2774 4681 τῶν
2802 4627 3078 4696 ἀρχόντων
3102 4626 3283 4679 πολλοὶ
3315 4627 3643 4681 ἐπίστευσαν

2054 4715 2133 4775 είς
2164 4712 2326 4765 αὐτόν
2346 4726 2361 4738 ’
2384 4712 2471 4764 διά
2498 4712 2555 4764 δὲ
2601 4712 2729 4775 τοὺς
2762 4710 3046 4773 Ἰουδαίους
3069 4710 3166 4779 οὐχ
3195 4709 3528 4780 ὡμολόγουν,
3554 4712 3643 4764 ἵνα

2059 4795 2134 4865 μὴ
2165 4796 2583 4863 ἀποσυνάγωγοι
2613 4794 2875 4862 γένωνται
2897 4810 2911 4824 ο
2947 4793 3180 4845 ἐνταῦθα
3213 4793 3269 4845 δὲ
3313 4794 3373 4847 τὸ
3404 4796 3510 4847 πᾶν
3552 4795 3644 4848 διὰ

2053 4878 2151 4949 τῆς
2178 4877 2317 4931 κατά
2345 4878 2444 4945 τὴν
2467 4876 2637 4931 νύκτα
2657 4875 2959 4947 παρουσίας
2984 4874 3220 4946 ᾐνίξατο.
3253 4876 3317 4927 Τί
3357 4873 3449 4930 οὗν
3487 4870 3645 4941 οὗτός

2057 4978 2222 5029 φησι;
2262 4961 2482 5024 Ῥαϐϐὶ,
2513 4960 2760 5028 οἴδαμεν
2784 4959 2872 5012 ὅτι
2894 4959 3013 5012 ἀπὸ
3038 4960 3185 5013 Θεοῦ
3218 4960 3523 5026 ἐλήλυθας
3557 4961 3644 5014 δι-

2056 5043 2365 5110 δάσκαλος
2383 5059 2398 5074 ⁸
2427 5044 2626 5109 οὐδεὶς
2656 5044 2763 5113 γὰρ
2791 5042 2977 5096 ταῦτα
3000 5044 3073 5096 τὰ
3110 5060 3192 5111 ση
3233 5043 3367 5111 μεῖα
3393 5044 3644 5099 δύναται

2058 5126 2325 5195 ποιῆσαι,
2360 5127 2398 5181 ἅ
2423 5128 2504 5181 οὺ
2527 5126 2737 5194 ποιεῖς,
2763 5125 2968 5193 ὲὰνμὴ
3048 5130 3080 5180 o'
3104 5128 3247 5192 Θεὸς
3273 5127 3401 5194 μετ’
3430 5128 3641 5184 αὐτοῦ.

2131 5210 2197 5280 β’.
2209 5212 2330 5263 Ἔτι
2344 5210 2495 5263 κάτω
2512 5210 2804 5280 στρέφεται
2816 5212 2843 5263 ό
2856 5209 3057 5277 Νικόδη
3068 5227 3186 5279 μος,
3201 5209 3280 5262 ἔτι
3294 5209 3642 5281 ἀνθρωπίνην
3710 5220 3713 5225 “

2059 5292 2173 5362 ἔχει
2201 5294 2329 5364 περὶ
2361 5292 2523 5346 αὑτοῦ
2558 5293 2816 5358 διάνοιαν,
2844 5292 2938 5345 καὶ
2971 5293 3047 5355 ώς
3074 5292 3200 5363 περὶ
3227 5293 3507 5368 προφήτου
3527 5294 3644 5347 δια-

2058 5375 2299 5444 λέγεται,
2330 5376 2482 5429 ούδὲν
2514 5376 2657 5446 μέγα
2683 5375 2791 5429 ἀπὸ
2812 5376 2922 5427 τῶν
2950 5376 3191 5445 σημείων
3218 5375 3641 5445 φανταζόμενος.

2063 5458 2339 5528 Οἴδαμεν,
2368 5460 2551 5531 φησὶν,
2585 5460 2674 5512 ὅτι
2703 5460 2819 5513 ἀπὸ
2851 5458 2998 5512 Θεοῦ
3022 5459 3326 5524 ἐλήλυθας
3354 5458 3645 5515 διδάσκα-

2054 5546 2183 5608 λος.
2219 5543 2285 5596 Τί
2310 5539 2403 5597 οὖν
2433 5542 2625 5605 νυκτὸς
2658 5542 2793 5612 ἔρχῃ
2826 5541 2919 5594 καὶ
2948 5541 3225 5594 λανθάνων
3265 5541 3402 5612 πρὸς
3437 5542 3530 5595 τὸν
3576 5544 3647 5597 τὰ

2054 5625 2149 5678 τοῦ
2177 5625 2328 5699 [159]
2364 5624 2500 5678 Θεοῦ
2519 5625 2778 5692 λέγοντα;
2813 5625 2947 5695 πρὸς
2969 5624 3060 5675 τὸν
3089 5623 3298 5678 ἐκεῖθεν
3331 5626 3566 5694 ἥκοντα;
3591 5626 3645 5678 τί

2059 5709 2132 5780 μὴ
2163 5710 2299 5780 μετά
2319 5708 2632 5781 παρῤησίας
2658 5707 2880 5779 διαλέγῃ
2902 5724 2915 5771 ;
2953 5706 3094 5759 Ἀλλ’
3119 5707 3239 5759 οὑδέ
3260 5709 3417 5761 τοῦτο
3445 5708 3598 5764 εἶπεν
3618 5712 3645 5750 δ

2056 5794 2085 5846 6
2130 5792 2360 5863 Ἰησοῦς,
2383 5793 2503 5845 οὐδὲ
2528 5791 2805 5862 διήλεγξεν
2827 5790 2990 5843 αὐτόν
3006 5806 3019 5822 ο
3054 5789 3340 5860 Κάλαμον
3359 5792 3471 5861 γὰρ
3491 5810 3644 5847 συν-

2054 5875 2439 5946 τετριμμένον
2476 5877 2548 5930 οὺ
2577 5873 2871 5936 κατεάξει,
2900 5873 3085 5942 φησὶν,
3116 5873 3212 5926 καὶ
3244 5875 3421 5927 λίνον
3452 5876 3648 5945 τυφώ-

2048 5976 2238 6027 μενον
2289 5961 2361 6015 οὐ
2406 5957 2632 6013 σϐέσει.
2668 5958 2778 6010 Καὶ
2827 5957 2990 6019 αὐτὸς
3041 5956 3223 6017 πάλιν,
3264 5959 3384 6010 Οὐκ
3433 5959 3641 6026 ἐρίσει,

2123 6073 2149 6113 8
2168 6070 2317 6121 Savil.
2356 6074 2409 6120 et
2451 6066 2589 6117 codd.
2615 6066 2723 6131 705,
2744 6065 2835 6115 706
2860 6067 2994 6116 οὐδὲν
3014 6066 3195 6115 τούτων
3218 6066 3363 6115 εἶπεν.
