  <div class='ocr_page' id='page_1' title='image "/cluster/home/n/w/nwhite01/storage/ocr_20150623/59/nnc1.0046979891/141.png"; bbox 0 0 4094 6370; ppageno 0'>
   <div class='ocr_carea' id='block_1_1' title="bbox 418 549 2011 631">
    <p class='ocr_par' dir='ltr' id='par_1_1' title="bbox 418 549 2011 631">
     <span class='ocr_line' id='line_1_1' title="bbox 418 549 2011 631; baseline -0.006 -17"><span class='ocrx_word' id='word_1_1' title='bbox 418 560 605 631; x_wconf 73' lang='grc' dir='ltr'>φησὶν,</span> <span class='ocrx_word' id='word_1_2' title='bbox 651 558 794 614; x_wconf 79' lang='grc' dir='ltr'>οὐδὲ</span> <span class='ocrx_word' id='word_1_3' title='bbox 831 556 1037 627; x_wconf 71' lang='grc' dir='ltr'>πράξει</span> <span class='ocrx_word' id='word_1_4' title='bbox 1059 571 1074 588; x_wconf 76' lang='grc' dir='ltr'><strong>ο</strong></span> <span class='ocrx_word' id='word_1_5' title='bbox 1123 555 1219 610; x_wconf 69' lang='grc' dir='ltr'>καὶ</span> <span class='ocrx_word' id='word_1_6' title='bbox 1269 554 1452 620; x_wconf 88' lang='grc' dir='ltr'>πάλιν,</span> <span class='ocrx_word' id='word_1_7' title='bbox 1498 554 1621 608; x_wconf 81' lang='grc' dir='ltr'>Οὐκ</span> <span class='ocrx_word' id='word_1_8' title='bbox 1663 549 1857 623; x_wconf 79' lang='grc' dir='ltr'>ἦλθον</span> <span class='ocrx_word' id='word_1_9' title='bbox 1908 552 2011 605; x_wconf 79' lang='grc' dir='ltr'>ἵνα</span> 
     </span>
    </p>
   </div>
   <div class='ocr_carea' id='block_1_2' title="bbox 418 634 2007 711">
    <p class='ocr_par' dir='ltr' id='par_1_2' title="bbox 418 634 2007 711">
     <span class='ocr_line' id='line_1_2' title="bbox 418 634 2007 711; baseline -0.004 -15"><span class='ocrx_word' id='word_1_10' title='bbox 418 645 601 711; x_wconf 83' lang='grc' dir='ltr'>κρίνω</span> <span class='ocrx_word' id='word_1_11' title='bbox 644 642 756 697; x_wconf 85' lang='grc' dir='ltr'>τὸν</span> <span class='ocrx_word' id='word_1_12' title='bbox 795 643 1047 710; x_wconf 79' lang='grc' dir='ltr'>κόσμον,</span> <span class='ocrx_word' id='word_1_13' title='bbox 1085 636 1352 693; x_wconf 81' lang='grc' dir='ltr'>ἀλλ’ἵνα</span> <span class='ocrx_word' id='word_1_14' title='bbox 1386 634 1566 691; x_wconf 84' lang='grc' dir='ltr'>σώσω</span> <span class='ocrx_word' id='word_1_15' title='bbox 1604 634 1713 689; x_wconf 80' lang='grc' dir='ltr'>τόν</span> <span class='ocrx_word' id='word_1_16' title='bbox 1755 635 2007 704; x_wconf 80' lang='grc' dir='ltr'>κόσμον.</span> 
     </span>
    </p>
   </div>
   <div class='ocr_carea' id='block_1_3' title="bbox 421 716 2008 791">
    <p class='ocr_par' dir='ltr' id='par_1_3' title="bbox 421 716 2008 791">
     <span class='ocr_line' id='line_1_3' title="bbox 421 716 2008 791; baseline -0.005 -12"><span class='ocrx_word' id='word_1_17' title='bbox 421 724 634 791; x_wconf 83' lang='grc' dir='ltr'>Οὐδείς</span> <span class='ocrx_word' id='word_1_18' title='bbox 665 723 915 778; x_wconf 84' lang='grc' dir='ltr'>δύναται</span> <span class='ocrx_word' id='word_1_19' title='bbox 950 722 1139 777; x_wconf 82' lang='grc' dir='ltr'>ταῦτα</span> <span class='ocrx_word' id='word_1_20' title='bbox 1169 719 1243 774; x_wconf 82' lang='grc' dir='ltr'>τὰ</span> <span class='ocrx_word' id='word_1_21' title='bbox 1271 719 1502 789; x_wconf 75' lang='grc' dir='ltr'>σημεῖα</span> <span class='ocrx_word' id='word_1_22' title='bbox 1542 717 1756 782; x_wconf 84' lang='grc' dir='ltr'>ποιεῖν,</span> <span class='ocrx_word' id='word_1_23' title='bbox 1785 718 1894 771; x_wconf 80' lang='grc' dir='ltr'>ἐὰν</span> <span class='ocrx_word' id='word_1_24' title='bbox 1922 716 2008 786; x_wconf 81' lang='grc' dir='ltr'>μὴ</span> 
     </span>
    </p>
   </div>
   <div class='ocr_carea' id='block_1_4' title="bbox 416 801 2018 881">
    <p class='ocr_par' dir='ltr' id='par_1_4' title="bbox 416 801 2018 881">
     <span class='ocr_line' id='line_1_4' title="bbox 416 801 2018 881; baseline -0.006 -17"><span class='ocrx_word' id='word_1_25' title='bbox 416 805 459 881; x_wconf 76' lang='grc' dir='ltr'><strong><em>ᾗ</em></strong></span> <span class='ocrx_word' id='word_1_26' title='bbox 486 812 520 865; x_wconf 85' lang='grc' dir='ltr'><strong><em>ὁ</em></strong></span> <span class='ocrx_word' id='word_1_27' title='bbox 548 808 694 876; x_wconf 86' lang='grc' dir='ltr'>Θεὸς</span> <span class='ocrx_word' id='word_1_28' title='bbox 721 806 851 878; x_wconf 84' lang='grc' dir='ltr'>μετ’</span> <span class='ocrx_word' id='word_1_29' title='bbox 872 804 1081 861; x_wconf 86' lang='grc' dir='ltr'>αὐτοῦ.</span> <span class='ocrx_word' id='word_1_30' title='bbox 1101 805 1338 866; x_wconf 87' lang='grc' dir='ltr'>Ἐκεῖνος</span> <span class='ocrx_word' id='word_1_31' title='bbox 1384 802 1566 874; x_wconf 86' lang='grc' dir='ltr'>μέντοι</span> <span class='ocrx_word' id='word_1_32' title='bbox 1601 801 1682 855; x_wconf 75' lang='grc' dir='ltr'>ἔτι</span> <span class='ocrx_word' id='word_1_33' title='bbox 1704 801 1847 856; x_wconf 87' lang='grc' dir='ltr'>κατά</span> <span class='ocrx_word' id='word_1_34' title='bbox 1888 801 2018 864; x_wconf 80' lang='grc' dir='ltr'>τοὺς</span> 
     </span>
    </p>
   </div>
   <div class='ocr_carea' id='block_1_5' title="bbox 426 883 2017 962">
    <p class='ocr_par' dir='ltr' id='par_1_5' title="bbox 426 883 2017 962">
     <span class='ocr_line' id='line_1_5' title="bbox 426 883 2017 962; baseline -0.005 -18"><span class='ocrx_word' id='word_1_35' title='bbox 426 891 741 962; x_wconf 85' lang='grc' dir='ltr'>αἱρετικούς</span> <span class='ocrx_word' id='word_1_36' title='bbox 784 889 1100 959; x_wconf 82' lang='grc' dir='ltr'>φθέγγεται,</span> <span class='ocrx_word' id='word_1_37' title='bbox 1144 885 1537 958; x_wconf 70' lang='grc' dir='ltr'>ἐνεργούμενωσ</span> <span class='ocrx_word' id='word_1_38' title='bbox 1569 884 1731 940; x_wconf 79' lang='grc' dir='ltr'>αὐτὸν</span> <span class='ocrx_word' id='word_1_39' title='bbox 1777 883 1871 939; x_wconf 74' lang='grc' dir='ltr'>καὶ</span> <span class='ocrx_word' id='word_1_40' title='bbox 1915 884 2017 954; x_wconf 89' lang='grc' dir='ltr'>τῆς</span> 
     </span>
    </p>
   </div>
   <div class='ocr_carea' id='block_1_6' title="bbox 418 968 2016 1046">
    <p class='ocr_par' dir='ltr' id='par_1_6' title="bbox 418 968 2016 1046">
     <span class='ocr_line' id='line_1_6' title="bbox 418 968 2016 1046; baseline -0.004 -21"><span class='ocrx_word' id='word_1_41' title='bbox 418 976 624 1046; x_wconf 84' lang='grc' dir='ltr'>ἐτέρων</span> <span class='ocrx_word' id='word_1_42' title='bbox 677 973 928 1044; x_wconf 75' lang='grc' dir='ltr'>βοηθείας</span> <span class='ocrx_word' id='word_1_43' title='bbox 970 972 1223 1043; x_wconf 87' lang='grc' dir='ltr'>δεόμενον</span> <span class='ocrx_word' id='word_1_44' title='bbox 1289 970 1464 1024; x_wconf 87' lang='grc' dir='ltr'>ταῦτα</span> <span class='ocrx_word' id='word_1_45' title='bbox 1522 970 1819 1040; x_wconf 91' lang='grc' dir='ltr'>πράττειν,</span> <span class='ocrx_word' id='word_1_46' title='bbox 1871 968 2016 1039; x_wconf 76' lang='grc' dir='ltr'>άπερ</span> 
     </span>
    </p>
   </div>
   <div class='ocr_carea' id='block_1_7' title="bbox 416 1050 2018 1129">
    <p class='ocr_par' dir='ltr' id='par_1_7' title="bbox 416 1050 2018 1129">
     <span class='ocr_line' id='line_1_7' title="bbox 416 1050 2018 1129; baseline -0.004 -19"><span class='ocrx_word' id='word_1_47' title='bbox 416 1056 676 1129; x_wconf 77' lang='grc' dir='ltr'>ἔπραττε,</span> <span class='ocrx_word' id='word_1_48' title='bbox 703 1056 898 1124; x_wconf 88' lang='grc' dir='ltr'>λέγων.</span> <span class='ocrx_word' id='word_1_49' title='bbox 924 1056 989 1108; x_wconf 92' lang='grc' dir='ltr'>Τί</span> <span class='ocrx_word' id='word_1_50' title='bbox 1015 1050 1109 1109; x_wconf 86' lang='grc' dir='ltr'>οῦν</span> <span class='ocrx_word' id='word_1_51' title='bbox 1132 1057 1160 1109; x_wconf 99' lang='lat'>6</span> <span class='ocrx_word' id='word_1_52' title='bbox 1190 1053 1427 1126; x_wconf 86' lang='grc' dir='ltr'>Χριστός</span> <span class='ocrx_word' id='word_1_53' title='bbox 1451 1070 1468 1120; x_wconf 87' lang='grc'>;</span> <span class='ocrx_word' id='word_1_54' title='bbox 1503 1052 1648 1123; x_wconf 88' lang='grc' dir='ltr'>Ὅρα</span> <span class='ocrx_word' id='word_1_55' title='bbox 1670 1051 2018 1120; x_wconf 87' lang='grc' dir='ltr'>συγκαταϐά-</span> 
     </span>
    </p>
   </div>
   <div class='ocr_carea' id='block_1_8' title="bbox 416 1134 2017 1211">
    <p class='ocr_par' dir='ltr' id='par_1_8' title="bbox 416 1134 2017 1211">
     <span class='ocr_line' id='line_1_8' title="bbox 416 1134 2017 1211; baseline -0.004 -18"><span class='ocrx_word' id='word_1_56' title='bbox 416 1156 557 1203; x_wconf 88' lang='grc' dir='ltr'>σεως</span> <span class='ocrx_word' id='word_1_57' title='bbox 581 1139 886 1211; x_wconf 83' lang='grc' dir='ltr'>ὑπερϐολήν</span> <span class='ocrx_word' id='word_1_58' title='bbox 912 1155 925 1171; x_wconf 79' lang='grc' dir='ltr'><strong>ο</strong></span> <span class='ocrx_word' id='word_1_59' title='bbox 957 1139 1057 1191; x_wconf 87' lang='grc' dir='ltr'>οὐκ</span> <span class='ocrx_word' id='word_1_60' title='bbox 1092 1134 1214 1191; x_wconf 83' lang='grc' dir='ltr'>εἰπε</span> <span class='ocrx_word' id='word_1_61' title='bbox 1250 1138 1367 1209; x_wconf 82' lang='grc' dir='ltr'>μὲν,</span> <span class='ocrx_word' id='word_1_62' title='bbox 1403 1135 1671 1189; x_wconf 84' lang='grc' dir='ltr'>ὃτιΟὐδὲν</span> <span class='ocrx_word' id='word_1_63' title='bbox 1704 1135 1897 1206; x_wconf 86' lang='grc' dir='ltr'>δέομαι</span> <span class='ocrx_word' id='word_1_64' title='bbox 1918 1134 2017 1205; x_wconf 85' lang='grc' dir='ltr'>τῆς</span> 
     </span>
    </p>
   </div>
   <div class='ocr_carea' id='block_1_9' title="bbox 416 1219 2014 1295">
    <p class='ocr_par' dir='ltr' id='par_1_9' title="bbox 416 1219 2014 1295">
     <span class='ocr_line' id='line_1_9' title="bbox 416 1219 2014 1295; baseline -0.004 -18"><span class='ocrx_word' id='word_1_65' title='bbox 416 1224 620 1295; x_wconf 82' lang='grc' dir='ltr'>ἐτέρων</span> <span class='ocrx_word' id='word_1_66' title='bbox 648 1223 919 1294; x_wconf 74' lang='grc' dir='ltr'>βοηθείας,</span> <span class='ocrx_word' id='word_1_67' title='bbox 940 1222 1098 1285; x_wconf 89' lang='grc' dir='ltr'>ἀλλά,</span> <span class='ocrx_word' id='word_1_68' title='bbox 1120 1220 1253 1276; x_wconf 87' lang='grc' dir='ltr'>Μετ’</span> <span class='ocrx_word' id='word_1_69' title='bbox 1276 1219 1527 1284; x_wconf 88' lang='grc' dir='ltr'>ἐξουσίας</span> <span class='ocrx_word' id='word_1_70' title='bbox 1546 1219 1726 1273; x_wconf 91' lang='grc' dir='ltr'>πάντα</span> <span class='ocrx_word' id='word_1_71' title='bbox 1746 1219 1972 1290; x_wconf 82' lang='grc' dir='ltr'>πράττω</span> <span class='ocrx_word' id='word_1_72' title='bbox 1998 1233 2014 1249; x_wconf 85' lang='grc'><strong>·</strong></span> 
     </span>
    </p>
   </div>
   <div class='ocr_carea' id='block_1_10' title="bbox 414 1301 2017 1379">
    <p class='ocr_par' dir='ltr' id='par_1_10' title="bbox 414 1301 2017 1379">
     <span class='ocr_line' id='line_1_10' title="bbox 414 1301 2017 1379; baseline -0.006 -18"><span class='ocrx_word' id='word_1_73' title='bbox 414 1309 513 1362; x_wconf 83' lang='grc' dir='ltr'>καὶ</span> <span class='ocrx_word' id='word_1_74' title='bbox 552 1307 664 1379; x_wconf 84' lang='grc' dir='ltr'>γάρ</span> <span class='ocrx_word' id='word_1_75' title='bbox 712 1307 841 1371; x_wconf 86' lang='grc' dir='ltr'>Υἱός</span> <span class='ocrx_word' id='word_1_76' title='bbox 887 1309 1001 1377; x_wconf 77' lang='grc' dir='ltr'>εἰμι</span> <span class='ocrx_word' id='word_1_77' title='bbox 1036 1306 1262 1377; x_wconf 90' lang='grc' dir='ltr'>γνήσιος</span> <span class='ocrx_word' id='word_1_78' title='bbox 1287 1303 1382 1358; x_wconf 90' lang='grc' dir='ltr'>τοῦ</span> <span class='ocrx_word' id='word_1_79' title='bbox 1408 1303 1566 1367; x_wconf 89' lang='grc' dir='ltr'>Θεοῦ,</span> <span class='ocrx_word' id='word_1_80' title='bbox 1600 1303 1694 1357; x_wconf 80' lang='grc' dir='ltr'>καὶ</span> <span class='ocrx_word' id='word_1_81' title='bbox 1717 1302 1819 1372; x_wconf 87' lang='grc' dir='ltr'>τῆς</span> <span class='ocrx_word' id='word_1_82' title='bbox 1843 1301 2017 1372; x_wconf 83' lang='grc' dir='ltr'>αὐτῆς</span> 
     </span>
    </p>
   </div>
   <div class='ocr_carea' id='block_1_11' title="bbox 412 1385 2015 1463">
    <p class='ocr_par' dir='ltr' id='par_1_11' title="bbox 412 1385 2015 1463">
     <span class='ocr_line' id='line_1_11' title="bbox 412 1385 2015 1463; baseline -0.004 -18"><span class='ocrx_word' id='word_1_83' title='bbox 412 1389 494 1463; x_wconf 82' lang='grc' dir='ltr'>τῷ</span> <span class='ocrx_word' id='word_1_84' title='bbox 521 1392 876 1461; x_wconf 86' lang='grc' dir='ltr'>γεγεννηκότι</span> <span class='ocrx_word' id='word_1_85' title='bbox 918 1390 1235 1461; x_wconf 90' lang='grc' dir='ltr'>δυνάμεως·</span> <span class='ocrx_word' id='word_1_86' title='bbox 1275 1389 1635 1461; x_wconf 83' lang='grc' dir='ltr'>παρῃτήσατο</span> <span class='ocrx_word' id='word_1_87' title='bbox 1663 1386 1727 1440; x_wconf 85' lang='grc' dir='ltr'>δέ</span> <span class='ocrx_word' id='word_1_88' title='bbox 1750 1386 1889 1451; x_wconf 91' lang='grc' dir='ltr'>τέως</span> <span class='ocrx_word' id='word_1_89' title='bbox 1926 1385 2015 1439; x_wconf 78' lang='grc' dir='ltr'>διὰ</span> 
     </span>
    </p>
   </div>
   <div class='ocr_carea' id='block_1_12' title="bbox 413 1470 2011 1547">
    <p class='ocr_par' dir='ltr' id='par_1_12' title="bbox 413 1470 2011 1547">
     <span class='ocr_line' id='line_1_12' title="bbox 413 1470 2011 1547; baseline -0.004 -17"><span class='ocrx_word' id='word_1_90' title='bbox 413 1476 477 1530; x_wconf 86' lang='grc' dir='ltr'>τὸ</span> <span class='ocrx_word' id='word_1_91' title='bbox 507 1476 815 1547; x_wconf 83' lang='grc' dir='ltr'>πρόσαντες</span> <span class='ocrx_word' id='word_1_92' title='bbox 838 1470 978 1529; x_wconf 76' lang='grc' dir='ltr'>εἷναι</span> <span class='ocrx_word' id='word_1_93' title='bbox 1002 1473 1081 1545; x_wconf 85' lang='grc' dir='ltr'>τῷ</span> <span class='ocrx_word' id='word_1_94' title='bbox 1111 1472 1572 1543; x_wconf 82' lang='grc' dir='ltr'>ἀκούοντι.⁶’οπερ</span> <span class='ocrx_word' id='word_1_95' title='bbox 1600 1470 1711 1543; x_wconf 84' lang='grc' dir='ltr'>γὰρ</span> <span class='ocrx_word' id='word_1_96' title='bbox 1741 1471 1828 1525; x_wconf 79' lang='grc' dir='ltr'>ἀεὶ</span> <span class='ocrx_word' id='word_1_97' title='bbox 1846 1470 2011 1539; x_wconf 91' lang='grc' dir='ltr'>λέγω,</span> 
     </span>
    </p>
   </div>
   <div class='ocr_carea' id='block_1_13' title="bbox 412 1553 2016 1630">
    <p class='ocr_par' dir='ltr' id='par_1_13' title="bbox 412 1553 2016 1630">
     <span class='ocr_line' id='line_1_13' title="bbox 412 1553 2016 1630; baseline -0.004 -16"><span class='ocrx_word' id='word_1_98' title='bbox 412 1558 574 1614; x_wconf 87' lang='grc' dir='ltr'>τοῦτο</span> <span class='ocrx_word' id='word_1_99' title='bbox 606 1560 702 1614; x_wconf 78' lang='grc' dir='ltr'>καὶ</span> <span class='ocrx_word' id='word_1_100' title='bbox 729 1559 825 1613; x_wconf 90' lang='grc' dir='ltr'>νῦν</span> <span class='ocrx_word' id='word_1_101' title='bbox 853 1560 985 1630; x_wconf 86' lang='grc' dir='ltr'>ἐρῶ.</span> <span class='ocrx_word' id='word_1_102' title='bbox 1010 1560 1093 1613; x_wconf 87' lang='grc' dir='ltr'>ὅτι</span> <span class='ocrx_word' id='word_1_103' title='bbox 1119 1559 1182 1613; x_wconf 83' lang='grc' dir='ltr'>τὸ</span> <span class='ocrx_word' id='word_1_104' title='bbox 1213 1557 1651 1627; x_wconf 74' lang='grc' dir='ltr'>σπουδαζόμενον</span> <span class='ocrx_word' id='word_1_105' title='bbox 1682 1553 1751 1628; x_wconf 80' lang='grc' dir='ltr'>ἦν</span> <span class='ocrx_word' id='word_1_106' title='bbox 1780 1555 1859 1626; x_wconf 81' lang='grc' dir='ltr'>τῷ</span> <span class='ocrx_word' id='word_1_107' title='bbox 1877 1557 2016 1627; x_wconf 86' lang='grc' dir='ltr'>Χρι-</span> 
     </span>
    </p>
   </div>
   <div class='ocr_carea' id='block_1_14' title="bbox 415 1638 2009 1715">
    <p class='ocr_par' dir='ltr' id='par_1_14' title="bbox 415 1638 2009 1715">
     <span class='ocr_line' id='line_1_14' title="bbox 415 1638 2009 1715; baseline -0.004 -18"><span class='ocrx_word' id='word_1_108' title='bbox 415 1642 529 1715; x_wconf 88' lang='grc' dir='ltr'>στῷ</span> <span class='ocrx_word' id='word_1_109' title='bbox 553 1643 652 1713; x_wconf 88' lang='grc' dir='ltr'>οὐχ</span> <span class='ocrx_word' id='word_1_110' title='bbox 679 1642 823 1697; x_wconf 76' lang='grc' dir='ltr'>οὓτω</span> <span class='ocrx_word' id='word_1_111' title='bbox 848 1642 985 1705; x_wconf 87' lang='grc' dir='ltr'>τέως</span> <span class='ocrx_word' id='word_1_112' title='bbox 1014 1643 1113 1712; x_wconf 85' lang='grc' dir='ltr'>τὴν</span> <span class='ocrx_word' id='word_1_113' title='bbox 1137 1638 1295 1706; x_wconf 80' lang='grc' dir='ltr'>ἀξίαν</span> <span class='ocrx_word' id='word_1_114' title='bbox 1324 1639 1633 1710; x_wconf 75' lang='grc' dir='ltr'>ἐκκαλύψαι</span> <span class='ocrx_word' id='word_1_115' title='bbox 1661 1640 1762 1712; x_wconf 86' lang='grc' dir='ltr'>τὴν</span> <span class='ocrx_word' id='word_1_116' title='bbox 1790 1638 2009 1703; x_wconf 89' lang='grc' dir='ltr'>ἐαυτοῦ,</span> 
     </span>
    </p>
   </div>
   <div class='ocr_carea' id='block_1_15' title="bbox 412 1722 2015 1793">
    <p class='ocr_par' dir='ltr' id='par_1_15' title="bbox 412 1722 2015 1793">
     <span class='ocr_line' id='line_1_15' title="bbox 412 1722 2015 1793; baseline -0.003 -14"><span class='ocrx_word' id='word_1_117' title='bbox 412 1726 490 1790; x_wconf 79' lang='grc' dir='ltr'>ὡς</span> <span class='ocrx_word' id='word_1_118' title='bbox 515 1726 576 1781; x_wconf 83' lang='grc' dir='ltr'>τὸ</span> <span class='ocrx_word' id='word_1_119' title='bbox 606 1728 791 1778; x_wconf 89' lang='grc' dir='ltr'>πεῖσαι</span> <span class='ocrx_word' id='word_1_120' title='bbox 824 1726 906 1778; x_wconf 85' lang='grc' dir='ltr'>ὅτι</span> <span class='ocrx_word' id='word_1_121' title='bbox 936 1725 1087 1778; x_wconf 85' lang='grc' dir='ltr'>οὐδὲν</span> <span class='ocrx_word' id='word_1_122' title='bbox 1117 1724 1178 1790; x_wconf 86' lang='grc' dir='ltr'>ἐξ</span> <span class='ocrx_word' id='word_1_123' title='bbox 1220 1722 1472 1785; x_wconf 76' lang='grc' dir='ltr'>ἐναντίας</span> <span class='ocrx_word' id='word_1_124' title='bbox 1516 1722 1753 1793; x_wconf 77' lang='grc' dir='ltr'>ἔπραττε</span> <span class='ocrx_word' id='word_1_125' title='bbox 1793 1722 1871 1793; x_wconf 81' lang='grc' dir='ltr'>τῷ</span> <span class='ocrx_word' id='word_1_126' title='bbox 1904 1723 2015 1775; x_wconf 84' lang='grc' dir='ltr'>Πα-</span> 
     </span>
    </p>
   </div>
   <div class='ocr_carea' id='block_1_16' title="bbox 412 1806 2014 1882">
    <p class='ocr_par' dir='ltr' id='par_1_16' title="bbox 412 1806 2014 1882">
     <span class='ocr_line' id='line_1_16' title="bbox 412 1806 2014 1882; baseline -0.003 -17"><span class='ocrx_word' id='word_1_127' title='bbox 412 1810 523 1882; x_wconf 85' lang='grc' dir='ltr'>τρί.</span> <span class='ocrx_word' id='word_1_128' title='bbox 558 1808 658 1862; x_wconf 87' lang='grc' dir='ltr'>Διά</span> <span class='ocrx_word' id='word_1_129' title='bbox 692 1809 847 1863; x_wconf 88' lang='grc' dir='ltr'>τοῦτο</span> <span class='ocrx_word' id='word_1_130' title='bbox 875 1809 932 1861; x_wconf 91' lang='grc' dir='ltr'>ἐν</span> <span class='ocrx_word' id='word_1_131' title='bbox 964 1807 1062 1879; x_wconf 83' lang='grc' dir='ltr'>μὲν</span> <span class='ocrx_word' id='word_1_132' title='bbox 1087 1810 1201 1870; x_wconf 90' lang='grc' dir='ltr'>τοῖς</span> <span class='ocrx_word' id='word_1_133' title='bbox 1235 1808 1445 1878; x_wconf 80' lang='grc' dir='ltr'>ῥήμασι</span> <span class='ocrx_word' id='word_1_134' title='bbox 1476 1806 1741 1877; x_wconf 89' lang='grc' dir='ltr'>πολλαχοῦ</span> <span class='ocrx_word' id='word_1_135' title='bbox 1788 1806 2014 1877; x_wconf 88' lang='grc' dir='ltr'>μετριά-</span> 
     </span>
    </p>
   </div>
   <div class='ocr_carea' id='block_1_17' title="bbox 415 1888 2007 1961">
    <p class='ocr_par' dir='ltr' id='par_1_17' title="bbox 415 1888 2007 1961">
     <span class='ocr_line' id='line_1_17' title="bbox 415 1888 2007 1961; baseline -0.003 -15"><span class='ocrx_word' id='word_1_136' title='bbox 415 1890 527 1957; x_wconf 80' lang='grc' dir='ltr'>ζων</span> <span class='ocrx_word' id='word_1_137' title='bbox 559 1892 832 1961; x_wconf 79' lang='grc' dir='ltr'>φαίνεται,</span> <span class='ocrx_word' id='word_1_138' title='bbox 864 1892 921 1943; x_wconf 85' lang='grc' dir='ltr'>ἐν</span> <span class='ocrx_word' id='word_1_139' title='bbox 953 1891 1009 1944; x_wconf 84' lang='grc' dir='ltr'>δέ</span> <span class='ocrx_word' id='word_1_140' title='bbox 1040 1893 1151 1957; x_wconf 87' lang='grc' dir='ltr'>τοῖς</span> <span class='ocrx_word' id='word_1_141' title='bbox 1179 1889 1499 1961; x_wconf 81' lang='grc' dir='ltr'>πράγμασιν</span> <span class='ocrx_word' id='word_1_142' title='bbox 1521 1890 1620 1960; x_wconf 88' lang='grc' dir='ltr'>οὐχ</span> <span class='ocrx_word' id='word_1_143' title='bbox 1647 1888 1789 1943; x_wconf 76' lang='grc' dir='ltr'>οὕτω</span> <span class='ocrx_word' id='word_1_144' title='bbox 1818 1889 2007 1943; x_wconf 88' lang='grc' dir='ltr'>ποιῶν.</span> 
     </span>
    </p>
   </div>
   <div class='ocr_carea' id='block_1_18' title="bbox 420 1973 2011 2048">
    <p class='ocr_par' dir='ltr' id='par_1_18' title="bbox 420 1973 2011 2048">
     <span class='ocr_line' id='line_1_18' title="bbox 420 1973 2011 2048; baseline -0.003 -17"><span class='ocrx_word' id='word_1_145' title='bbox 420 1980 592 2032; x_wconf 85' lang='grc' dir='ltr'>Ὀταν</span> <span class='ocrx_word' id='word_1_146' title='bbox 625 1977 732 2047; x_wconf 85' lang='grc' dir='ltr'>γάρ</span> <span class='ocrx_word' id='word_1_147' title='bbox 762 1976 1173 2048; x_wconf 78' lang='grc' dir='ltr'>θαυματουργῇ,</span> <span class='ocrx_word' id='word_1_148' title='bbox 1210 1974 1329 2046; x_wconf 86' lang='grc' dir='ltr'>μετ’</span> <span class='ocrx_word' id='word_1_149' title='bbox 1363 1973 1610 2039; x_wconf 87' lang='grc' dir='ltr'>ἐξουσίας</span> <span class='ocrx_word' id='word_1_150' title='bbox 1636 1974 1814 2029; x_wconf 88' lang='grc' dir='ltr'>πάντα</span> <span class='ocrx_word' id='word_1_151' title='bbox 1846 1975 2011 2036; x_wconf 88' lang='grc' dir='ltr'>ποιεῖ,</span> 
     </span>
    </p>
   </div>
   <div class='ocr_carea' id='block_1_19' title="bbox 415 2056 2007 2128">
    <p class='ocr_par' dir='ltr' id='par_1_19' title="bbox 415 2056 2007 2128">
     <span class='ocr_line' id='line_1_19' title="bbox 415 2056 2007 2128; baseline -0.002 -15"><span class='ocrx_word' id='word_1_152' title='bbox 415 2061 621 2128; x_wconf 81' lang='grc' dir='ltr'>λέγων’</span> <span class='ocrx_word' id='word_1_153' title='bbox 674 2058 857 2123; x_wconf 84' lang='grc' dir='ltr'>Θέλω,</span> <span class='ocrx_word' id='word_1_154' title='bbox 894 2059 1306 2125; x_wconf 83' lang='grc' dir='ltr'>καθαρίσθητι.</span> <span class='ocrx_word' id='word_1_155' title='bbox 1360 2057 1644 2122; x_wconf 76' lang='grc' dir='ltr'>Ταλιθὰι,</span> <span class='ocrx_word' id='word_1_156' title='bbox 1693 2056 2007 2124; x_wconf 82' lang='grc' dir='ltr'>ἀνάστηθι.</span> 
     </span>
    </p>
   </div>
   <div class='ocr_carea' id='block_1_20' title="bbox 419 2140 2009 2211">
    <p class='ocr_par' dir='ltr' id='par_1_20' title="bbox 419 2140 2009 2211">
     <span class='ocr_line' id='line_1_20' title="bbox 419 2140 2009 2211; baseline -0.003 -13"><span class='ocrx_word' id='word_1_157' title='bbox 419 2147 735 2198; x_wconf 82' lang='grc' dir='ltr'>Ἔκτεινον</span> <span class='ocrx_word' id='word_1_158' title='bbox 766 2143 882 2211; x_wconf 79' lang='grc' dir='ltr'>τὴν</span> <span class='ocrx_word' id='word_1_159' title='bbox 912 2142 1099 2211; x_wconf 62' lang='grc' dir='ltr'>χεῖρας</span> <span class='ocrx_word' id='word_1_160' title='bbox 1119 2140 1442 2210; x_wconf 75' lang='grc' dir='ltr'>Ἀφέωνταί</span> <span class='ocrx_word' id='word_1_161' title='bbox 1482 2155 1585 2194; x_wconf 91' lang='grc' dir='ltr'>σοι</span> <span class='ocrx_word' id='word_1_162' title='bbox 1617 2142 1677 2193; x_wconf 79' lang='grc' dir='ltr'>αἱ</span> <span class='ocrx_word' id='word_1_163' title='bbox 1714 2140 2009 2208; x_wconf 81' lang='grc' dir='ltr'>ἁμαρτίαι.</span> 
     </span>
    </p>
   </div>
   <div class='ocr_carea' id='block_1_21' title="bbox 414 2222 2012 2296">
    <p class='ocr_par' dir='ltr' id='par_1_21' title="bbox 414 2222 2012 2296">
     <span class='ocr_line' id='line_1_21' title="bbox 414 2222 2012 2296; baseline -0.003 -14"><span class='ocrx_word' id='word_1_164' title='bbox 414 2229 635 2293; x_wconf 84' lang='grc' dir='ltr'>Σιώπα,</span> <span class='ocrx_word' id='word_1_165' title='bbox 666 2223 1191 2296; x_wconf 57' lang='grc' dir='ltr'>πεφίμωσοῘΑρον</span> <span class='ocrx_word' id='word_1_166' title='bbox 1216 2224 1325 2279; x_wconf 82' lang='grc' dir='ltr'>τὸν</span> <span class='ocrx_word' id='word_1_167' title='bbox 1352 2223 1689 2293; x_wconf 78' lang='grc' dir='ltr'>κράϐϐατόν</span> <span class='ocrx_word' id='word_1_168' title='bbox 1728 2238 1869 2291; x_wconf 91' lang='grc' dir='ltr'>σου,</span> <span class='ocrx_word' id='word_1_169' title='bbox 1910 2222 2012 2277; x_wconf 79' lang='grc' dir='ltr'>καὶ</span> 
     </span>
    </p>
   </div>
   <div class='ocr_carea' id='block_1_22' title="bbox 412 2305 2013 2381">
    <p class='ocr_par' dir='ltr' id='par_1_22' title="bbox 412 2305 2013 2381">
     <span class='ocr_line' id='line_1_22' title="bbox 412 2305 2013 2381; baseline -0.004 -15"><span class='ocrx_word' id='word_1_170' title='bbox 412 2313 610 2381; x_wconf 80' lang='grc' dir='ltr'>ὕπαγε</span> <span class='ocrx_word' id='word_1_171' title='bbox 636 2313 723 2377; x_wconf 88' lang='grc' dir='ltr'>εὶς</span> <span class='ocrx_word' id='word_1_172' title='bbox 755 2310 866 2364; x_wconf 86' lang='grc' dir='ltr'>τὸν</span> <span class='ocrx_word' id='word_1_173' title='bbox 901 2305 1071 2364; x_wconf 75' lang='grc' dir='ltr'>οἶκόν</span> <span class='ocrx_word' id='word_1_174' title='bbox 1116 2322 1255 2363; x_wconf 88' lang='grc' dir='ltr'>σου.</span> <span class='ocrx_word' id='word_1_175' title='bbox 1281 2307 1383 2361; x_wconf 86' lang='grc' dir='ltr'>Σοί</span> <span class='ocrx_word' id='word_1_176' title='bbox 1426 2307 1603 2377; x_wconf 80' lang='grc' dir='ltr'>λέγω,</span> <span class='ocrx_word' id='word_1_177' title='bbox 1633 2307 1698 2361; x_wconf 86' lang='grc' dir='ltr'>τὸ</span> <span class='ocrx_word' id='word_1_178' title='bbox 1743 2308 2013 2376; x_wconf 85' lang='grc' dir='ltr'>πονηρὸν</span> 
     </span>
    </p>
   </div>
   <div class='ocr_carea' id='block_1_23' title="bbox 412 2389 2012 2461">
    <p class='ocr_par' dir='ltr' id='par_1_23' title="bbox 412 2389 2012 2461">
     <span class='ocr_line' id='line_1_23' title="bbox 412 2389 2012 2461; baseline -0.003 -13"><span class='ocrx_word' id='word_1_179' title='bbox 412 2394 741 2461; x_wconf 79' lang='grc' dir='ltr'>δαιμόνιον,</span> <span class='ocrx_word' id='word_1_180' title='bbox 778 2392 989 2457; x_wconf 73' lang='grc' dir='ltr'>ἔξελθε</span> <span class='ocrx_word' id='word_1_181' title='bbox 1033 2393 1134 2447; x_wconf 78' lang='grc' dir='ltr'>ἀπ’</span> <span class='ocrx_word' id='word_1_182' title='bbox 1168 2390 1377 2446; x_wconf 86' lang='grc' dir='ltr'>αὐτοῦ.</span> <span class='ocrx_word' id='word_1_183' title='bbox 1422 2389 1743 2459; x_wconf 81' lang='grc' dir='ltr'>Γενηθήτω</span> <span class='ocrx_word' id='word_1_184' title='bbox 1784 2406 1884 2445; x_wconf 92' lang='grc' dir='ltr'>σοι</span> <span class='ocrx_word' id='word_1_185' title='bbox 1929 2390 2012 2457; x_wconf 88' lang='grc' dir='ltr'>ὠς</span> 
     </span>
    </p>
   </div>
   <div class='ocr_carea' id='block_1_24' title="bbox 412 2471 2011 2544">
    <p class='ocr_par' dir='ltr' id='par_1_24' title="bbox 412 2471 2011 2544">
     <span class='ocr_line' id='line_1_24' title="bbox 412 2471 2011 2544; baseline -0.004 -11"><span class='ocrx_word' id='word_1_186' title='bbox 412 2478 745 2544; x_wconf 83' lang='grc' dir='ltr'>θέλεις.¹Ἀν</span> <span class='ocrx_word' id='word_1_187' title='bbox 772 2492 863 2541; x_wconf 88' lang='grc' dir='ltr'>τις</span> <span class='ocrx_word' id='word_1_188' title='bbox 889 2474 1033 2544; x_wconf 85' lang='grc' dir='ltr'>ὑμῖν</span> <span class='ocrx_word' id='word_1_189' title='bbox 1053 2475 1194 2543; x_wconf 77' lang='grc' dir='ltr'>εἴπῃ</span> <span class='ocrx_word' id='word_1_190' title='bbox 1224 2492 1279 2528; x_wconf 88' lang='grc' dir='ltr'>τι</span> <span class='ocrx_word' id='word_1_191' title='bbox 1298 2511 1315 2538; x_wconf 91' lang='grc'>,</span> <span class='ocrx_word' id='word_1_192' title='bbox 1344 2472 1532 2542; x_wconf 85' lang='grc' dir='ltr'>ἐρεῖτε</span> <span class='ocrx_word' id='word_1_193' title='bbox 1552 2512 1567 2536; x_wconf 92' lang='grc'>,</span> <span class='ocrx_word' id='word_1_194' title='bbox 1600 2490 1657 2527; x_wconf 83' lang='grc' dir='ltr'>τι</span> <span class='ocrx_word' id='word_1_195' title='bbox 1693 2474 1758 2526; x_wconf 88' lang='lat'>&#39;0</span> <span class='ocrx_word' id='word_1_196' title='bbox 1787 2471 2011 2542; x_wconf 79' lang='grc' dir='ltr'>Κύριος</span> 
     </span>
    </p>
   </div>
   <div class='ocr_carea' id='block_1_25' title="bbox 412 2556 2010 2629">
    <p class='ocr_par' dir='ltr' id='par_1_25' title="bbox 412 2556 2010 2629">
     <span class='ocr_line' id='line_1_25' title="bbox 412 2556 2010 2629; baseline -0.004 -12"><span class='ocrx_word' id='word_1_197' title='bbox 412 2561 599 2617; x_wconf 87' lang='grc' dir='ltr'>αὑτοῦ</span> <span class='ocrx_word' id='word_1_198' title='bbox 627 2560 835 2629; x_wconf 84' lang='grc' dir='ltr'>χρείαν</span> <span class='ocrx_word' id='word_1_199' title='bbox 877 2559 1023 2628; x_wconf 79' lang='grc' dir='ltr'>ἕχει.</span> <span class='ocrx_word' id='word_1_200' title='bbox 1062 2557 1333 2627; x_wconf 78' lang='grc' dir='ltr'>Σήμερον</span> <span class='ocrx_word' id='word_1_201' title='bbox 1348 2556 1477 2626; x_wconf 84' lang='grc' dir='ltr'>μετ’</span> <span class='ocrx_word' id='word_1_202' title='bbox 1498 2556 1644 2626; x_wconf 86' lang='grc' dir='ltr'>ἐμοῦ</span> <span class='ocrx_word' id='word_1_203' title='bbox 1676 2556 1793 2625; x_wconf 73' lang='grc' dir='ltr'>ἐστι</span> <span class='ocrx_word' id='word_1_204' title='bbox 1823 2558 1894 2610; x_wconf 87' lang='grc' dir='ltr'>ἐν</span> <span class='ocrx_word' id='word_1_205' title='bbox 1928 2557 2010 2622; x_wconf 83' lang='grc' dir='ltr'>τῷ</span> 
     </span>
    </p>
   </div>
   <div class='ocr_carea' id='block_1_26' title="bbox 412 2640 2006 2715">
    <p class='ocr_par' dir='ltr' id='par_1_26' title="bbox 412 2640 2006 2715">
     <span class='ocr_line' id='line_1_26' title="bbox 412 2640 2006 2715; baseline -0.004 -15"><span class='ocrx_word' id='word_1_206' title='bbox 412 2644 1131 2715; x_wconf 79' lang='grc' dir='ltr'>παραδείσῳ.Ὴκούσατε</span> <span class='ocrx_word' id='word_1_207' title='bbox 1162 2641 1252 2695; x_wconf 85' lang='grc' dir='ltr'>ὅτι</span> <span class='ocrx_word' id='word_1_208' title='bbox 1285 2641 1493 2710; x_wconf 70' lang='grc' dir='ltr'>ἐρρέθη</span> <span class='ocrx_word' id='word_1_209' title='bbox 1543 2640 1668 2707; x_wconf 86' lang='grc' dir='ltr'>τοῖς</span> <span class='ocrx_word' id='word_1_210' title='bbox 1713 2640 2006 2710; x_wconf 83' lang='grc' dir='ltr'>ἀρχαίοις,</span> 
     </span>
    </p>
   </div>
   <div class='ocr_carea' id='block_1_27' title="bbox 416 2723 2010 2801">
    <p class='ocr_par' dir='ltr' id='par_1_27' title="bbox 416 2723 2010 2801">
     <span class='ocr_line' id='line_1_27' title="bbox 416 2723 2010 2801; baseline -0.008 -15"><span class='ocrx_word' id='word_1_211' title='bbox 416 2734 500 2786; x_wconf 89' lang='grc' dir='ltr'>Οὺ</span> <span class='ocrx_word' id='word_1_212' title='bbox 533 2730 855 2801; x_wconf 71' lang='grc' dir='ltr'>φονεύσεις</span> <span class='ocrx_word' id='word_1_213' title='bbox 880 2744 893 2758; x_wconf 92' lang='grc'><strong>·</strong></span> <span class='ocrx_word' id='word_1_214' title='bbox 937 2728 1052 2798; x_wconf 81' lang='grc' dir='ltr'>ἐγὼ</span> <span class='ocrx_word' id='word_1_215' title='bbox 1076 2726 1145 2780; x_wconf 82' lang='grc' dir='ltr'>δὲ</span> <span class='ocrx_word' id='word_1_216' title='bbox 1170 2727 1327 2796; x_wconf 79' lang='grc' dir='ltr'>λέγω</span> <span class='ocrx_word' id='word_1_217' title='bbox 1352 2725 1516 2794; x_wconf 79' lang='grc' dir='ltr'>ὑμῖν,</span> <span class='ocrx_word' id='word_1_218' title='bbox 1547 2724 1638 2778; x_wconf 79' lang='grc' dir='ltr'>ὅτι</span> <span class='ocrx_word' id='word_1_219' title='bbox 1662 2728 1695 2779; x_wconf 85' lang='grc' dir='ltr'>ό</span> <span class='ocrx_word' id='word_1_220' title='bbox 1720 2723 2010 2795; x_wconf 65' lang='grc' dir='ltr'>ὀργιζὸμε.</span> 
     </span>
    </p>
   </div>
   <div class='ocr_carea' id='block_1_28' title="bbox 411 2801 2010 2881">
    <p class='ocr_par' dir='ltr' id='par_1_28' title="bbox 411 2801 2010 2881">
     <span class='ocr_line' id='line_1_28' title="bbox 411 2801 2010 2881; baseline -0.006 -12"><span class='ocrx_word' id='word_1_221' title='bbox 411 2832 521 2881; x_wconf 89' lang='grc' dir='ltr'>νος</span> <span class='ocrx_word' id='word_1_222' title='bbox 558 2812 638 2879; x_wconf 81' lang='grc' dir='ltr'>τῷ</span> <span class='ocrx_word' id='word_1_223' title='bbox 663 2811 905 2881; x_wconf 62' lang='grc' dir='ltr'>ἀδελφῷ</span> <span class='ocrx_word' id='word_1_224' title='bbox 928 2810 1115 2865; x_wconf 85' lang='grc' dir='ltr'>αὑτοῦ</span> <span class='ocrx_word' id='word_1_225' title='bbox 1144 2805 1299 2878; x_wconf 78' lang='grc' dir='ltr'>εικῆ,</span> <span class='ocrx_word' id='word_1_226' title='bbox 1329 2807 1545 2877; x_wconf 78' lang='grc' dir='ltr'>ἔνοχος</span> <span class='ocrx_word' id='word_1_227' title='bbox 1575 2801 1749 2861; x_wconf 82' lang='grc' dir='ltr'>ἐσται</span> <span class='ocrx_word' id='word_1_228' title='bbox 1781 2806 1855 2875; x_wconf 75' lang='grc' dir='ltr'>τῇ</span> <span class='ocrx_word' id='word_1_229' title='bbox 1884 2807 2010 2875; x_wconf 80' lang='grc' dir='ltr'>κρί-</span> 
     </span>
    </p>
   </div>
   <div class='ocr_carea' id='block_1_29' title="bbox 412 2889 2009 2962">
    <p class='ocr_par' dir='ltr' id='par_1_29' title="bbox 412 2889 2009 2962">
     <span class='ocr_line' id='line_1_29' title="bbox 412 2889 2009 2962; baseline -0.006 -9"><span class='ocrx_word' id='word_1_230' title='bbox 412 2912 529 2953; x_wconf 85' lang='grc' dir='ltr'>σει.</span> <span class='ocrx_word' id='word_1_231' title='bbox 576 2896 754 2951; x_wconf 85' lang='grc' dir='ltr'>Δεῦτε</span> <span class='ocrx_word' id='word_1_232' title='bbox 797 2895 991 2947; x_wconf 81' lang='grc' dir='ltr'>ὀπίσω</span> <span class='ocrx_word' id='word_1_233' title='bbox 1028 2910 1170 2962; x_wconf 82' lang='grc' dir='ltr'>μου,</span> <span class='ocrx_word' id='word_1_234' title='bbox 1205 2891 1301 2945; x_wconf 82' lang='grc' dir='ltr'>καί</span> <span class='ocrx_word' id='word_1_235' title='bbox 1344 2891 1579 2960; x_wconf 80' lang='grc' dir='ltr'>ποιήσω</span> <span class='ocrx_word' id='word_1_236' title='bbox 1624 2889 1781 2960; x_wconf 85' lang='grc' dir='ltr'>ὑμᾶς</span> <span class='ocrx_word' id='word_1_237' title='bbox 1818 2890 2009 2957; x_wconf 80' lang='grc' dir='ltr'>ἁλιεῖς</span> 
     </span>
    </p>
   </div>
   <div class='ocr_carea' id='block_1_30' title="bbox 411 2972 2009 3050">
    <p class='ocr_par' dir='ltr' id='par_1_30' title="bbox 411 2972 2009 3050">
     <span class='ocr_line' id='line_1_30' title="bbox 411 2972 2009 3050; baseline -0.005 -15"><span class='ocrx_word' id='word_1_238' title='bbox 411 2978 762 3050; x_wconf 82' lang='grc' dir='ltr'>ἀνθρώπων.</span> <span class='ocrx_word' id='word_1_239' title='bbox 794 2977 905 3030; x_wconf 68' lang='grc' dir='ltr'>Καὶ</span> <span class='ocrx_word' id='word_1_240' title='bbox 929 2974 1206 3045; x_wconf 77' lang='grc' dir='ltr'>πανταχοῦ</span> <span class='ocrx_word' id='word_1_241' title='bbox 1232 2974 1432 3045; x_wconf 81' lang='grc' dir='ltr'>πολλὴν</span> <span class='ocrx_word' id='word_1_242' title='bbox 1456 2974 1671 3046; x_wconf 84' lang='grc' dir='ltr'>ὁρῶμεν</span> <span class='ocrx_word' id='word_1_243' title='bbox 1698 2972 1797 3044; x_wconf 82' lang='grc' dir='ltr'>τὴν</span> <span class='ocrx_word' id='word_1_244' title='bbox 1818 2974 2009 3028; x_wconf 88' lang='grc' dir='ltr'>αὐθεν-</span> 
     </span>
    </p>
   </div>
   <div class='ocr_carea' id='block_1_31' title="bbox 410 3056 2007 3130">
    <p class='ocr_par' dir='ltr' id='par_1_31' title="bbox 410 3056 2007 3130">
     <span class='ocr_line' id='line_1_31' title="bbox 410 3056 2007 3130; baseline -0.006 -12"><span class='ocrx_word' id='word_1_245' title='bbox 410 3064 533 3118; x_wconf 89' lang='grc' dir='ltr'>τίαν</span> <span class='ocrx_word' id='word_1_246' title='bbox 570 3061 737 3117; x_wconf 88' lang='grc' dir='ltr'>αὐτοῦ</span> <span class='ocrx_word' id='word_1_247' title='bbox 761 3056 946 3115; x_wconf 81' lang='grc' dir='ltr'>οὖσαν.</span> <span class='ocrx_word' id='word_1_248' title='bbox 964 3061 1053 3113; x_wconf 88' lang='grc' dir='ltr'>Ἐν</span> <span class='ocrx_word' id='word_1_249' title='bbox 1088 3059 1188 3130; x_wconf 81' lang='grc' dir='ltr'>μὲν</span> <span class='ocrx_word' id='word_1_250' title='bbox 1215 3058 1322 3129; x_wconf 84' lang='grc' dir='ltr'>γὰρ</span> <span class='ocrx_word' id='word_1_251' title='bbox 1348 3062 1459 3122; x_wconf 88' lang='grc' dir='ltr'>τοῖς</span> <span class='ocrx_word' id='word_1_252' title='bbox 1491 3059 1812 3129; x_wconf 85' lang='grc' dir='ltr'>πράγμασιν</span> <span class='ocrx_word' id='word_1_253' title='bbox 1832 3058 2007 3123; x_wconf 79' lang='grc' dir='ltr'>οὐδεὶς</span> 
     </span>
    </p>
   </div>
   <div class='ocr_carea' id='block_1_32' title="bbox 410 3141 2007 3214">
    <p class='ocr_par' dir='ltr' id='par_1_32' title="bbox 410 3141 2007 3214">
     <span class='ocr_line' id='line_1_32' title="bbox 410 3141 2007 3214; baseline -0.003 -14"><span class='ocrx_word' id='word_1_254' title='bbox 410 3147 480 3201; x_wconf 79' lang='grc' dir='ltr'>ἂν</span> <span class='ocrx_word' id='word_1_255' title='bbox 510 3145 805 3200; x_wconf 87' lang='grc' dir='ltr'>ἐπελάϐετο</span> <span class='ocrx_word' id='word_1_256' title='bbox 849 3144 958 3197; x_wconf 89' lang='grc' dir='ltr'>τῶν</span> <span class='ocrx_word' id='word_1_257' title='bbox 984 3144 1301 3214; x_wconf 83' lang='grc' dir='ltr'>γινομένων.</span> <span class='ocrx_word' id='word_1_258' title='bbox 1340 3142 1464 3205; x_wconf 87' lang='grc' dir='ltr'>Πῶς</span> <span class='ocrx_word' id='word_1_259' title='bbox 1489 3143 1635 3213; x_wconf 89' lang='grc' dir='ltr'>γάρ;</span> <span class='ocrx_word' id='word_1_260' title='bbox 1669 3141 1731 3193; x_wconf 87' lang='grc' dir='ltr'>Εἰ</span> <span class='ocrx_word' id='word_1_261' title='bbox 1770 3141 1869 3212; x_wconf 81' lang='grc' dir='ltr'>μὲν</span> <span class='ocrx_word' id='word_1_262' title='bbox 1898 3142 2007 3213; x_wconf 82' lang='grc' dir='ltr'>γὰρ</span> 
     </span>
    </p>
   </div>
   <div class='ocr_carea' id='block_1_33' title="bbox 413 3222 2007 3303">
    <p class='ocr_par' dir='ltr' id='par_1_33' title="bbox 413 3222 2007 3303">
     <span class='ocr_line' id='line_1_33' title="bbox 413 3222 2007 3303; baseline -0.003 -20"><span class='ocrx_word' id='word_1_263' title='bbox 413 3230 492 3302; x_wconf 77' lang='grc' dir='ltr'>μὴ</span> <span class='ocrx_word' id='word_1_264' title='bbox 541 3230 688 3303; x_wconf 80' lang='grc' dir='ltr'>ἐξῄει</span> <span class='ocrx_word' id='word_1_265' title='bbox 740 3227 810 3283; x_wconf 80' lang='grc' dir='ltr'>τά</span> <span class='ocrx_word' id='word_1_266' title='bbox 854 3227 1140 3297; x_wconf 89' lang='grc' dir='ltr'>λεγόμενα,</span> <span class='ocrx_word' id='word_1_267' title='bbox 1176 3226 1313 3298; x_wconf 89' lang='grc' dir='ltr'>μηδέ</span> <span class='ocrx_word' id='word_1_268' title='bbox 1356 3225 1509 3289; x_wconf 85' lang='grc' dir='ltr'>τέλος</span> <span class='ocrx_word' id='word_1_269' title='bbox 1539 3225 1846 3297; x_wconf 89' lang='grc' dir='ltr'>ἐλάμϐανεν</span> <span class='ocrx_word' id='word_1_270' title='bbox 1895 3222 2007 3301; x_wconf 80' lang='grc' dir='ltr'>οἷον</span> 
     </span>
    </p>
   </div>
   <div class='ocr_carea' id='block_1_34' title="bbox 410 3307 2007 3381">
    <p class='ocr_par' dir='ltr' id='par_1_34' title="bbox 410 3307 2007 3381">
     <span class='ocr_line' id='line_1_34' title="bbox 410 3307 2007 3381; baseline -0.003 -14"><span class='ocrx_word' id='word_1_271' title='bbox 410 3312 685 3376; x_wconf 78' lang='grc' dir='ltr'>ἐκέλευεν,</span> <span class='ocrx_word' id='word_1_272' title='bbox 711 3307 857 3381; x_wconf 83' lang='grc' dir='ltr'>εἶχεν</span> <span class='ocrx_word' id='word_1_273' title='bbox 901 3311 966 3365; x_wconf 83' lang='grc' dir='ltr'>ἀν</span> <span class='ocrx_word' id='word_1_274' title='bbox 1013 3326 1097 3374; x_wconf 89' lang='grc' dir='ltr'>τις</span> <span class='ocrx_word' id='word_1_275' title='bbox 1136 3310 1314 3362; x_wconf 89' lang='grc' dir='ltr'>εἰπεῖν</span> <span class='ocrx_word' id='word_1_276' title='bbox 1348 3309 1596 3376; x_wconf 86' lang='grc' dir='ltr'>ἐκείνων,</span> <span class='ocrx_word' id='word_1_277' title='bbox 1630 3310 1712 3362; x_wconf 86' lang='grc' dir='ltr'>ὄτι</span> <span class='ocrx_word' id='word_1_278' title='bbox 1747 3310 2007 3373; x_wconf 84' lang='grc' dir='ltr'>ἀπονοίας</span> 
     </span>
    </p>
   </div>
   <div class='ocr_carea' id='block_1_35' title="bbox 407 3392 2007 3469">
    <p class='ocr_par' dir='ltr' id='par_1_35' title="bbox 407 3392 2007 3469">
     <span class='ocr_line' id='line_1_35' title="bbox 407 3392 2007 3469; baseline -0.004 -17"><span class='ocrx_word' id='word_1_279' title='bbox 407 3392 480 3469; x_wconf 77' lang='grc' dir='ltr'>ἦν</span> <span class='ocrx_word' id='word_1_280' title='bbox 520 3397 590 3451; x_wconf 81' lang='grc' dir='ltr'>τὰ</span> <span class='ocrx_word' id='word_1_281' title='bbox 630 3396 979 3464; x_wconf 85' lang='grc' dir='ltr'>ἐπιτάγματα</span> <span class='ocrx_word' id='word_1_282' title='bbox 1003 3409 1017 3424; x_wconf 77' lang='grc' dir='ltr'>ο</span> <span class='ocrx_word' id='word_1_283' title='bbox 1050 3393 1240 3463; x_wconf 85' lang='grc' dir='ltr'>ἐπειδὴ</span> <span class='ocrx_word' id='word_1_284' title='bbox 1271 3392 1328 3445; x_wconf 83' lang='grc' dir='ltr'>δέ</span> <span class='ocrx_word' id='word_1_285' title='bbox 1359 3392 1624 3458; x_wconf 86' lang='grc' dir='ltr'>ἐξέϐαινε,</span> <span class='ocrx_word' id='word_1_286' title='bbox 1656 3395 1750 3447; x_wconf 78' lang='grc' dir='ltr'>καὶ</span> <span class='ocrx_word' id='word_1_287' title='bbox 1773 3395 2007 3458; x_wconf 85' lang='grc' dir='ltr'>ἄκοντας</span> 
     </span>
    </p>
   </div>
   <div class='ocr_carea' id='block_1_36' title="bbox 409 3474 2005 3549">
    <p class='ocr_par' dir='ltr' id='par_1_36' title="bbox 409 3474 2005 3549">
     <span class='ocr_line' id='line_1_36' title="bbox 409 3474 2005 3549; baseline -0.003 -14"><span class='ocrx_word' id='word_1_288' title='bbox 409 3481 608 3543; x_wconf 84' lang='grc' dir='ltr'>αὐτοὺς</span> <span class='ocrx_word' id='word_1_289' title='bbox 633 3477 991 3549; x_wconf 76' lang='grc' dir='ltr'>ἐπεστόμιζεν</span> <span class='ocrx_word' id='word_1_290' title='bbox 1015 3478 1048 3548; x_wconf 81' lang='grc' dir='ltr'>ἡ</span> <span class='ocrx_word' id='word_1_291' title='bbox 1075 3475 1169 3530; x_wconf 89' lang='grc' dir='ltr'>τοῦ</span> <span class='ocrx_word' id='word_1_292' title='bbox 1196 3474 1382 3540; x_wconf 84' lang='grc' dir='ltr'>τέλους</span> <span class='ocrx_word' id='word_1_293' title='bbox 1408 3477 1516 3530; x_wconf 90' lang='grc' dir='ltr'>τῶν</span> <span class='ocrx_word' id='word_1_294' title='bbox 1540 3477 1839 3548; x_wconf 77' lang='grc' dir='ltr'>γινομένων</span> <span class='ocrx_word' id='word_1_295' title='bbox 1868 3478 2005 3548; x_wconf 86' lang='grc' dir='ltr'>ἀλή-</span> 
     </span>
    </p>
   </div>
   <div class='ocr_carea' id='block_1_37' title="bbox 409 3558 2005 3631">
    <p class='ocr_par' dir='ltr' id='par_1_37' title="bbox 409 3558 2005 3631">
     <span class='ocr_line' id='line_1_37' title="bbox 409 3558 2005 3631; baseline -0.003 -13"><span class='ocrx_word' id='word_1_296' title='bbox 409 3563 549 3618; x_wconf 86' lang='grc' dir='ltr'>θεια.</span> <span class='ocrx_word' id='word_1_297' title='bbox 567 3562 691 3615; x_wconf 77' lang='grc' dir='ltr'>Ἐπὶ</span> <span class='ocrx_word' id='word_1_298' title='bbox 724 3561 781 3615; x_wconf 85' lang='grc' dir='ltr'>δέ</span> <span class='ocrx_word' id='word_1_299' title='bbox 809 3560 918 3614; x_wconf 90' lang='grc' dir='ltr'>τῶν</span> <span class='ocrx_word' id='word_1_300' title='bbox 942 3560 1115 3629; x_wconf 90' lang='grc' dir='ltr'>λόγων</span> <span class='ocrx_word' id='word_1_301' title='bbox 1146 3558 1408 3629; x_wconf 75' lang='grc' dir='ltr'>ἠδύναντο</span> <span class='ocrx_word' id='word_1_302' title='bbox 1437 3558 1718 3627; x_wconf 79' lang='grc' dir='ltr'>πολλάκις,</span> <span class='ocrx_word' id='word_1_303' title='bbox 1740 3560 1883 3613; x_wconf 85' lang='grc' dir='ltr'>κατά</span> <span class='ocrx_word' id='word_1_304' title='bbox 1905 3561 2005 3631; x_wconf 80' lang='grc' dir='ltr'>τήν</span> 
     </span>
    </p>
   </div>
   <div class='ocr_carea' id='block_1_38' title="bbox 409 3643 1896 3715">
    <p class='ocr_par' dir='ltr' id='par_1_38' title="bbox 409 3643 1896 3715">
     <span class='ocr_line' id='line_1_38' title="bbox 409 3643 1896 3715; baseline -0.002 -14"><span class='ocrx_word' id='word_1_305' title='bbox 409 3647 588 3701; x_wconf 84' lang='grc' dir='ltr'>αὐτῶν</span> <span class='ocrx_word' id='word_1_306' title='bbox 617 3643 1023 3715; x_wconf 84' lang='grc' dir='ltr'>ἀναισχυντίαν,</span> <span class='ocrx_word' id='word_1_307' title='bbox 1058 3643 1319 3696; x_wconf 83' lang='grc' dir='ltr'>ἀπόνοιαν</span> <span class='ocrx_word' id='word_1_308' title='bbox 1340 3643 1702 3714; x_wconf 84' lang='grc' dir='ltr'>ἐπισκήπτειν</span> <span class='ocrx_word' id='word_1_309' title='bbox 1725 3643 1896 3714; x_wconf 85' lang='grc' dir='ltr'>αὐτῷ.</span> 
     </span>
    </p>
   </div>
   <div class='ocr_carea' id='block_1_39' title="bbox 487 3725 2003 3798">
    <p class='ocr_par' dir='ltr' id='par_1_39' title="bbox 487 3725 2003 3798">
     <span class='ocr_line' id='line_1_39' title="bbox 487 3725 2003 3798; baseline -0.001 -15"><span class='ocrx_word' id='word_1_310' title='bbox 487 3732 553 3783; x_wconf 83' lang='lat'>&#39;0</span> <span class='ocrx_word' id='word_1_311' title='bbox 575 3730 670 3785; x_wconf 77' lang='grc' dir='ltr'>καὶ</span> <span class='ocrx_word' id='word_1_312' title='bbox 686 3729 715 3769; x_wconf 70' lang='grc' dir='ltr'>ιι</span> <span class='ocrx_word' id='word_1_313' title='bbox 737 3730 830 3782; x_wconf 71' lang='grc' dir='ltr'>ἐπὶ</span> <span class='ocrx_word' id='word_1_314' title='bbox 844 3727 939 3782; x_wconf 88' lang='grc' dir='ltr'>τοῦ</span> <span class='ocrx_word' id='word_1_315' title='bbox 963 3726 1279 3797; x_wconf 82' lang='grc' dir='ltr'>Νικοδήμου</span> <span class='ocrx_word' id='word_1_316' title='bbox 1306 3725 1422 3790; x_wconf 88' lang='grc' dir='ltr'>νῦν,</span> <span class='ocrx_word' id='word_1_317' title='bbox 1451 3726 1701 3798; x_wconf 80' lang='grc' dir='ltr'>φανερῶς</span> <span class='ocrx_word' id='word_1_318' title='bbox 1730 3727 1829 3798; x_wconf 85' lang='grc' dir='ltr'>μὲν</span> <span class='ocrx_word' id='word_1_319' title='bbox 1852 3728 2003 3781; x_wconf 71' lang='grc' dir='ltr'>οὐδὲν</span> 
     </span>
    </p>
   </div>
   <div class='ocr_carea' id='block_1_40' title="bbox 410 3809 2003 3887">
    <p class='ocr_par' dir='ltr' id='par_1_40' title="bbox 410 3809 2003 3887">
     <span class='ocr_line' id='line_1_40' title="bbox 410 3809 2003 3887; baseline -0.003 -18"><span class='ocrx_word' id='word_1_320' title='bbox 410 3815 617 3887; x_wconf 78' lang='grc' dir='ltr'>ὑψηλὸν</span> <span class='ocrx_word' id='word_1_321' title='bbox 632 3814 957 3884; x_wconf 79' lang='grc' dir='ltr'>φθέγγεται,</span> <span class='ocrx_word' id='word_1_322' title='bbox 972 3809 1391 3881; x_wconf 78' lang='grc' dir='ltr'>αἰνιγματωδῶς</span> <span class='ocrx_word' id='word_1_323' title='bbox 1414 3810 1469 3863; x_wconf 88' lang='grc' dir='ltr'>δέ</span> <span class='ocrx_word' id='word_1_324' title='bbox 1498 3812 1662 3864; x_wconf 87' lang='grc' dir='ltr'>αὐτὸν</span> <span class='ocrx_word' id='word_1_325' title='bbox 1679 3812 1873 3880; x_wconf 86' lang='grc' dir='ltr'>ἀνάγει</span> <span class='ocrx_word' id='word_1_326' title='bbox 1902 3812 2003 3882; x_wconf 85' lang='grc' dir='ltr'>τῆς</span> 
     </span>
    </p>
   </div>
   <div class='ocr_carea' id='block_1_41' title="bbox 409 3893 2001 3968">
    <p class='ocr_par' dir='ltr' id='par_1_41' title="bbox 409 3893 2001 3968">
     <span class='ocr_line' id='line_1_41' title="bbox 409 3893 2001 3968; baseline -0.004 -15"><span class='ocrx_word' id='word_1_327' title='bbox 409 3898 835 3968; x_wconf 85' lang='grc' dir='ltr'>ταπεινότητος,</span> <span class='ocrx_word' id='word_1_328' title='bbox 876 3894 1144 3948; x_wconf 88' lang='grc' dir='ltr'>διδάσκων</span> <span class='ocrx_word' id='word_1_329' title='bbox 1177 3895 1261 3947; x_wconf 84' lang='grc' dir='ltr'>ὅτι</span> <span class='ocrx_word' id='word_1_330' title='bbox 1313 3893 1595 3964; x_wconf 81' lang='grc' dir='ltr'>αὐτάρκης</span> <span class='ocrx_word' id='word_1_331' title='bbox 1642 3893 1805 3957; x_wconf 86' lang='grc' dir='ltr'>αὐτός</span> <span class='ocrx_word' id='word_1_332' title='bbox 1852 3896 2001 3947; x_wconf 81' lang='grc' dir='ltr'>ἐστιν</span> 
     </span>
    </p>
   </div>
   <div class='ocr_carea' id='block_1_42' title="bbox 409 3974 2001 4053">
    <p class='ocr_par' dir='ltr' id='par_1_42' title="bbox 409 3974 2001 4053">
     <span class='ocr_line' id='line_1_42' title="bbox 409 3974 2001 4053; baseline -0.003 -18"><span class='ocrx_word' id='word_1_333' title='bbox 409 3981 591 4053; x_wconf 69' lang='grc' dir='ltr'>ἑαυτῷ</span> <span class='ocrx_word' id='word_1_334' title='bbox 618 3982 698 4044; x_wconf 89' lang='grc' dir='ltr'>εἰς</span> <span class='ocrx_word' id='word_1_335' title='bbox 725 3979 823 4052; x_wconf 80' lang='grc' dir='ltr'>τὴν</span> <span class='ocrx_word' id='word_1_336' title='bbox 856 3977 965 4033; x_wconf 86' lang='grc' dir='ltr'>τῶν</span> <span class='ocrx_word' id='word_1_337' title='bbox 1004 3976 1300 4047; x_wconf 89' lang='grc' dir='ltr'>θαυμάτων</span> <span class='ocrx_word' id='word_1_338' title='bbox 1327 3974 1608 4042; x_wconf 87' lang='grc' dir='ltr'>ἐπίδειξιν.</span> <span class='ocrx_word' id='word_1_339' title='bbox 1644 3978 1688 4029; x_wconf 91' lang='grc' dir='ltr'>Τ</span> <span class='ocrx_word' id='word_1_340' title='bbox 1692 3976 1862 4030; x_wconf 89' lang='grc' dir='ltr'>έλειον</span> <span class='ocrx_word' id='word_1_341' title='bbox 1892 3978 2001 4049; x_wconf 87' lang='grc' dir='ltr'>γὰρ</span> 
     </span>
    </p>
   </div>
   <div class='ocr_carea' id='block_1_43' title="bbox 408 4058 1999 4133">
    <p class='ocr_par' dir='ltr' id='par_1_43' title="bbox 408 4058 1999 4133">
     <span class='ocr_line' id='line_1_43' title="bbox 408 4058 1999 4133; baseline -0.004 -13"><span class='ocrx_word' id='word_1_342' title='bbox 408 4066 571 4120; x_wconf 82' lang='grc' dir='ltr'>αὐτὸν</span> <span class='ocrx_word' id='word_1_343' title='bbox 606 4064 897 4133; x_wconf 89' lang='grc' dir='ltr'>ἐγέννησεν</span> <span class='ocrx_word' id='word_1_344' title='bbox 927 4062 956 4114; x_wconf 93' lang='lat'>6</span> <span class='ocrx_word' id='word_1_345' title='bbox 987 4060 1202 4131; x_wconf 86' lang='grc' dir='ltr'>Πατὴρ,</span> <span class='ocrx_word' id='word_1_346' title='bbox 1254 4058 1349 4112; x_wconf 73' lang='grc' dir='ltr'>καὶ</span> <span class='ocrx_word' id='word_1_347' title='bbox 1383 4058 1764 4130; x_wconf 87' lang='grc' dir='ltr'>αὐταρκοῦντα</span> <span class='ocrx_word' id='word_1_348' title='bbox 1800 4061 1999 4131; x_wconf 85' lang='grc' dir='ltr'>ἐαυτῷ,</span> 
     </span>
    </p>
   </div>
   <div class='ocr_carea' id='block_1_44' title="bbox 408 4141 2000 4214">
    <p class='ocr_par' dir='ltr' id='par_1_44' title="bbox 408 4141 2000 4214">
     <span class='ocr_line' id='line_1_44' title="bbox 408 4141 2000 4214; baseline -0.003 -12"><span class='ocrx_word' id='word_1_349' title='bbox 408 4148 506 4202; x_wconf 74' lang='grc' dir='ltr'>καὶ</span> <span class='ocrx_word' id='word_1_350' title='bbox 541 4148 695 4202; x_wconf 86' lang='grc' dir='ltr'>οὐδὲν</span> <span class='ocrx_word' id='word_1_351' title='bbox 741 4145 931 4209; x_wconf 82' lang='grc' dir='ltr'>ἀτελὲς</span> <span class='ocrx_word' id='word_1_352' title='bbox 961 4144 1177 4214; x_wconf 81' lang='grc' dir='ltr'>έχοντα.</span> <span class='ocrx_word' id='word_1_353' title='bbox 1215 4141 1355 4195; x_wconf 84' lang='grc' dir='ltr'>Ἀλλ’</span> <span class='ocrx_word' id='word_1_354' title='bbox 1394 4142 1592 4213; x_wconf 88' lang='grc' dir='ltr'>ἰδωμεν</span> <span class='ocrx_word' id='word_1_355' title='bbox 1621 4142 1676 4196; x_wconf 86' lang='grc' dir='ltr'>δὲ</span> <span class='ocrx_word' id='word_1_356' title='bbox 1713 4143 1830 4207; x_wconf 88' lang='grc' dir='ltr'>πῶς</span> <span class='ocrx_word' id='word_1_357' title='bbox 1868 4145 2000 4198; x_wconf 86' lang='grc' dir='ltr'>αὐτὸ</span> 
     </span>
    </p>
   </div>
   <div class='ocr_carea' id='block_1_45' title="bbox 407 4222 1999 4297">
    <p class='ocr_par' dir='ltr' id='par_1_45' title="bbox 407 4222 1999 4297">
     <span class='ocr_line' id='line_1_45' title="bbox 407 4222 1999 4297; baseline -0.003 -10"><span class='ocrx_word' id='word_1_358' title='bbox 407 4231 566 4287; x_wconf 89' lang='grc' dir='ltr'>τοῦτο</span> <span class='ocrx_word' id='word_1_359' title='bbox 594 4226 1018 4292; x_wconf 72' lang='grc' dir='ltr'>κατασκευάζειο</span> <span class='ocrx_word' id='word_1_360' title='bbox 1046 4222 1215 4280; x_wconf 80' lang='grc' dir='ltr'>Εἰπεν</span> <span class='ocrx_word' id='word_1_361' title='bbox 1236 4227 1443 4289; x_wconf 89' lang='grc' dir='ltr'>ἐκεῖνος</span> <span class='ocrx_word' id='word_1_362' title='bbox 1460 4243 1472 4256; x_wconf 89' lang='grc'><strong>·</strong></span> <span class='ocrx_word' id='word_1_363' title='bbox 1507 4226 1719 4287; x_wconf 80' lang='grc' dir='ltr'>Ῥαϐϐί,</span> <span class='ocrx_word' id='word_1_364' title='bbox 1751 4226 1999 4297; x_wconf 82' lang='grc' dir='ltr'>οἴδαμεν</span> 
     </span>
    </p>
   </div>
   <div class='ocr_carea' id='block_1_46' title="bbox 410 4309 1998 4379">
    <p class='ocr_par' dir='ltr' id='par_1_46' title="bbox 410 4309 1998 4379">
     <span class='ocr_line' id='line_1_46' title="bbox 410 4309 1998 4379; baseline -0.005 -7"><span class='ocrx_word' id='word_1_365' title='bbox 410 4318 501 4372; x_wconf 83' lang='grc' dir='ltr'>ὅτι</span> <span class='ocrx_word' id='word_1_366' title='bbox 518 4317 637 4371; x_wconf 83' lang='grc' dir='ltr'>ἀπὸ</span> <span class='ocrx_word' id='word_1_367' title='bbox 665 4316 815 4371; x_wconf 87' lang='grc' dir='ltr'>Θεοῦ</span> <span class='ocrx_word' id='word_1_368' title='bbox 836 4312 1142 4379; x_wconf 76' lang='grc' dir='ltr'>ἐλήλυθας</span> <span class='ocrx_word' id='word_1_369' title='bbox 1158 4309 1551 4377; x_wconf 82' lang='grc' dir='ltr'>διδάσκαλος,</span> <span class='ocrx_word' id='word_1_370' title='bbox 1575 4311 1675 4365; x_wconf 81' lang='grc' dir='ltr'>καὶ</span> <span class='ocrx_word' id='word_1_371' title='bbox 1691 4311 1781 4364; x_wconf 82' lang='grc' dir='ltr'>ὅτι</span> <span class='ocrx_word' id='word_1_372' title='bbox 1799 4311 1998 4377; x_wconf 80' lang='grc' dir='ltr'>οὺὸεὶς</span> 
     </span>
    </p>
   </div>
   <div class='ocr_carea' id='block_1_47' title="bbox 406 4388 1997 4465">
    <p class='ocr_par' dir='ltr' id='par_1_47' title="bbox 406 4388 1997 4465">
     <span class='ocr_line' id='line_1_47' title="bbox 406 4388 1997 4465; baseline -0.006 -9"><span class='ocrx_word' id='word_1_373' title='bbox 406 4404 660 4458; x_wconf 85' lang='grc' dir='ltr'>δύναται</span> <span class='ocrx_word' id='word_1_374' title='bbox 686 4398 882 4453; x_wconf 80' lang='grc' dir='ltr'>ποιεῖν</span> <span class='ocrx_word' id='word_1_375' title='bbox 909 4396 949 4451; x_wconf 86' lang='lat' dir='ltr'><strong><em>d</em></strong></span> <span class='ocrx_word' id='word_1_376' title='bbox 981 4395 1064 4451; x_wconf 90' lang='grc' dir='ltr'>σὺ</span> <span class='ocrx_word' id='word_1_377' title='bbox 1090 4394 1301 4460; x_wconf 82' lang='grc' dir='ltr'>ποιεῖς,</span> <span class='ocrx_word' id='word_1_378' title='bbox 1326 4393 1435 4447; x_wconf 85' lang='grc' dir='ltr'>ἐὰν</span> <span class='ocrx_word' id='word_1_379' title='bbox 1459 4392 1548 4463; x_wconf 80' lang='grc' dir='ltr'>μὴ</span> <span class='ocrx_word' id='word_1_380' title='bbox 1575 4388 1617 4465; x_wconf 78' lang='grc' dir='ltr'><em>ᾖ</em></span> <span class='ocrx_word' id='word_1_381' title='bbox 1650 4396 1683 4448; x_wconf 85' lang='grc' dir='ltr'><strong><em>ό</em></strong></span> <span class='ocrx_word' id='word_1_382' title='bbox 1708 4394 1854 4461; x_wconf 85' lang='grc' dir='ltr'>Θεὸς</span> <span class='ocrx_word' id='word_1_383' title='bbox 1868 4397 1997 4463; x_wconf 80' lang='grc' dir='ltr'>μετ’</span> 
     </span>
    </p>
   </div>
   <div class='ocr_carea' id='block_1_48' title="bbox 406 4476 1999 4553">
    <p class='ocr_par' dir='ltr' id='par_1_48' title="bbox 406 4476 1999 4553">
     <span class='ocr_line' id='line_1_48' title="bbox 406 4476 1999 4553; baseline -0.009 -10"><span class='ocrx_word' id='word_1_384' title='bbox 406 4486 617 4543; x_wconf 81' lang='grc' dir='ltr'>αὐτοῦ.</span> <span class='ocrx_word' id='word_1_385' title='bbox 653 4484 903 4553; x_wconf 90' lang='grc' dir='ltr'>Ἐνόμισε</span> <span class='ocrx_word' id='word_1_386' title='bbox 930 4478 1142 4551; x_wconf 88' lang='grc' dir='ltr'>μεγάλα</span> <span class='ocrx_word' id='word_1_387' title='bbox 1161 4476 1286 4531; x_wconf 84' lang='grc' dir='ltr'>τινὰ</span> <span class='ocrx_word' id='word_1_388' title='bbox 1313 4477 1618 4547; x_wconf 91' lang='grc' dir='ltr'>εἰρηκέναι,</span> <span class='ocrx_word' id='word_1_389' title='bbox 1650 4477 1824 4530; x_wconf 86' lang='grc' dir='ltr'>ταῦτα</span> <span class='ocrx_word' id='word_1_390' title='bbox 1846 4481 1999 4549; x_wconf 88' lang='grc' dir='ltr'>είρη-</span> 
     </span>
    </p>
   </div>
   <div class='ocr_carea' id='block_1_49' title="bbox 408 4556 1997 4641">
    <p class='ocr_par' dir='ltr' id='par_1_49' title="bbox 408 4556 1997 4641">
     <span class='ocr_line' id='line_1_49' title="bbox 408 4556 1997 4641; baseline -0.006 -17"><span class='ocrx_word' id='word_1_391' title='bbox 408 4571 519 4634; x_wconf 88' lang='grc' dir='ltr'>κὼς</span> <span class='ocrx_word' id='word_1_392' title='bbox 547 4568 677 4641; x_wconf 70' lang='grc' dir='ltr'>περὶ</span> <span class='ocrx_word' id='word_1_393' title='bbox 703 4565 795 4619; x_wconf 90' lang='grc' dir='ltr'>τοῦ</span> <span class='ocrx_word' id='word_1_394' title='bbox 824 4562 1080 4635; x_wconf 85' lang='grc' dir='ltr'>Χριστοῦ.</span> <span class='ocrx_word' id='word_1_395' title='bbox 1109 4562 1174 4615; x_wconf 88' lang='grc' dir='ltr'>Τί</span> <span class='ocrx_word' id='word_1_396' title='bbox 1199 4556 1292 4615; x_wconf 84' lang='grc' dir='ltr'>οὖν</span> <span class='ocrx_word' id='word_1_397' title='bbox 1320 4561 1348 4611; x_wconf 88' lang='grc' dir='ltr'>ό</span> <span class='ocrx_word' id='word_1_398' title='bbox 1369 4560 1603 4630; x_wconf 85' lang='grc' dir='ltr'>Χριστός</span> <span class='ocrx_word' id='word_1_399' title='bbox 1629 4578 1642 4627; x_wconf 90' lang='grc'><strong>;</strong></span> <span class='ocrx_word' id='word_1_400' title='bbox 1664 4562 1885 4624; x_wconf 83' lang='grc' dir='ltr'>Δεικνύς</span> <span class='ocrx_word' id='word_1_401' title='bbox 1914 4562 1997 4614; x_wconf 85' lang='grc' dir='ltr'>ὅτι</span> 
     </span>
    </p>
   </div>
   <div class='ocr_carea' id='block_1_50' title="bbox 406 4642 1993 4721">
    <p class='ocr_par' dir='ltr' id='par_1_50' title="bbox 406 4642 1993 4721">
     <span class='ocr_line' id='line_1_50' title="bbox 406 4642 1993 4721; baseline -0.006 -14"><span class='ocrx_word' id='word_1_402' title='bbox 406 4654 529 4708; x_wconf 81' lang='grc' dir='ltr'>οὐδέ</span> <span class='ocrx_word' id='word_1_403' title='bbox 552 4652 661 4705; x_wconf 91' lang='grc' dir='ltr'>τῶν</span> <span class='ocrx_word' id='word_1_404' title='bbox 685 4647 857 4721; x_wconf 88' lang='grc' dir='ltr'>προθύ</span> <span class='ocrx_word' id='word_1_405' title='bbox 865 4664 974 4719; x_wconf 91' lang='grc' dir='ltr'>ρων</span> <span class='ocrx_word' id='word_1_406' title='bbox 999 4646 1099 4716; x_wconf 88' lang='grc' dir='ltr'>τῆς</span> <span class='ocrx_word' id='word_1_407' title='bbox 1120 4642 1506 4716; x_wconf 78' lang='grc' dir='ltr'>προσηκούσης</span> <span class='ocrx_word' id='word_1_408' title='bbox 1523 4642 1777 4711; x_wconf 87' lang='grc' dir='ltr'>γνώσεως</span> <span class='ocrx_word' id='word_1_409' title='bbox 1796 4645 1993 4715; x_wconf 83' lang='grc' dir='ltr'>ἐπέϐη,</span> 
     </span>
    </p>
   </div>
   <div class='ocr_carea' id='block_1_51' title="bbox 406 4726 1995 4800">
    <p class='ocr_par' dir='ltr' id='par_1_51' title="bbox 406 4726 1995 4800">
     <span class='ocr_line' id='line_1_51' title="bbox 406 4726 1995 4800; baseline -0.009 -8"><span class='ocrx_word' id='word_1_410' title='bbox 406 4738 531 4794; x_wconf 78' lang='grc' dir='ltr'>οὐδὲ</span> <span class='ocrx_word' id='word_1_411' title='bbox 569 4737 626 4788; x_wconf 86' lang='grc' dir='ltr'>ἐν</span> <span class='ocrx_word' id='word_1_412' title='bbox 654 4736 765 4798; x_wconf 89' lang='grc' dir='ltr'>τοῖς</span> <span class='ocrx_word' id='word_1_413' title='bbox 796 4730 1156 4800; x_wconf 89' lang='grc' dir='ltr'>προπυλαίοις</span> <span class='ocrx_word' id='word_1_414' title='bbox 1194 4726 1345 4798; x_wconf 77' lang='grc' dir='ltr'>ἔστη,</span> <span class='ocrx_word' id='word_1_415' title='bbox 1376 4727 1490 4780; x_wconf 86' lang='grc' dir='ltr'>ἀλλ’</span> <span class='ocrx_word' id='word_1_416' title='bbox 1515 4728 1620 4793; x_wconf 84' lang='grc' dir='ltr'>ἐξω</span> <span class='ocrx_word' id='word_1_417' title='bbox 1650 4746 1751 4780; x_wconf 87' lang='grc' dir='ltr'>που</span> <span class='ocrx_word' id='word_1_418' title='bbox 1770 4729 1869 4799; x_wconf 84' lang='grc' dir='ltr'>τῆς</span> <span class='ocrx_word' id='word_1_419' title='bbox 1899 4727 1995 4798; x_wconf 86' lang='grc' dir='ltr'>βα-</span> 
     </span>
    </p>
   </div>
   <div class='ocr_carea' id='block_1_52' title="bbox 407 4810 1993 4881">
    <p class='ocr_par' dir='ltr' id='par_1_52' title="bbox 407 4810 1993 4881">
     <span class='ocr_line' id='line_1_52' title="bbox 407 4810 1993 4881; baseline -0.007 -7"><span class='ocrx_word' id='word_1_420' title='bbox 407 4820 614 4881; x_wconf 87' lang='grc' dir='ltr'>σιλείας</span> <span class='ocrx_word' id='word_1_421' title='bbox 643 4817 911 4869; x_wconf 83' lang='grc' dir='ltr'>πλανᾶται</span> <span class='ocrx_word' id='word_1_422' title='bbox 952 4814 1055 4880; x_wconf 78' lang='grc' dir='ltr'>ἔτι,</span> <span class='ocrx_word' id='word_1_423' title='bbox 1092 4813 1188 4867; x_wconf 75' lang='grc' dir='ltr'>καὶ</span> <span class='ocrx_word' id='word_1_424' title='bbox 1216 4811 1399 4877; x_wconf 82' lang='grc' dir='ltr'>αὐτὸς,</span> <span class='ocrx_word' id='word_1_425' title='bbox 1421 4811 1514 4863; x_wconf 80' lang='grc' dir='ltr'>καὶ</span> <span class='ocrx_word' id='word_1_426' title='bbox 1543 4811 1691 4873; x_wconf 86' lang='grc' dir='ltr'>ὅστις</span> <span class='ocrx_word' id='word_1_427' title='bbox 1712 4810 1778 4863; x_wconf 84' lang='grc' dir='ltr'>ἂν</span> <span class='ocrx_word' id='word_1_428' title='bbox 1808 4812 1993 4880; x_wconf 74' lang='grc' dir='ltr'>ἕτερος</span> 
     </span>
    </p>
   </div>
   <div class='ocr_carea' id='block_1_53' title="bbox 403 4895 1995 4973">
    <p class='ocr_par' dir='ltr' id='par_1_53' title="bbox 403 4895 1995 4973">
     <span class='ocr_line' id='line_1_53' title="bbox 403 4895 1995 4973; baseline -0.013 -14"><span class='ocrx_word' id='word_1_429' title='bbox 403 4906 578 4959; x_wconf 87' lang='grc' dir='ltr'>ταῦτα</span> <span class='ocrx_word' id='word_1_430' title='bbox 602 4901 756 4973; x_wconf 91' lang='grc' dir='ltr'>λέγῃ,</span> <span class='ocrx_word' id='word_1_431' title='bbox 782 4897 934 4971; x_wconf 75' lang='grc'>[140]</span> <span class='ocrx_word' id='word_1_432' title='bbox 958 4899 1049 4952; x_wconf 75' lang='grc' dir='ltr'>καὶ</span> <span class='ocrx_word' id='word_1_433' title='bbox 1072 4896 1289 4951; x_wconf 84' lang='grc' dir='ltr'>οὐδέπω</span> <span class='ocrx_word' id='word_1_434' title='bbox 1318 4907 1339 4934; x_wconf 76' lang='grc' dir='ltr'><strong>ο</strong></span> <span class='ocrx_word' id='word_1_435' title='bbox 1368 4895 1506 4966; x_wconf 72' lang='grc' dir='ltr'>πρὸς</span> <span class='ocrx_word' id='word_1_436' title='bbox 1527 4896 1627 4965; x_wconf 83' lang='grc' dir='ltr'>τὴν</span> <span class='ocrx_word' id='word_1_437' title='bbox 1648 4895 1821 4966; x_wconf 83' lang='grc' dir='ltr'>ἀληθῆ</span> <span class='ocrx_word' id='word_1_438' title='bbox 1850 4913 1995 4965; x_wconf 81' lang='grc' dir='ltr'>παρ-</span> 
     </span>
    </p>
   </div>
   <div class='ocr_carea' id='block_1_54' title="bbox 404 4980 1994 5059">
    <p class='ocr_par' dir='ltr' id='par_1_54' title="bbox 404 4980 1994 5059">
     <span class='ocr_line' id='line_1_54' title="bbox 404 4980 1994 5059; baseline -0.008 -13"><span class='ocrx_word' id='word_1_439' title='bbox 404 4989 575 5059; x_wconf 78' lang='grc' dir='ltr'>έκυψε</span> <span class='ocrx_word' id='word_1_440' title='bbox 609 4987 833 5056; x_wconf 84' lang='grc' dir='ltr'>γνῶσιν,</span> <span class='ocrx_word' id='word_1_441' title='bbox 873 4987 903 5039; x_wconf 93' lang='lat'>6</span> <span class='ocrx_word' id='word_1_442' title='bbox 952 4985 1159 5054; x_wconf 87' lang='grc' dir='ltr'>ταύτην</span> <span class='ocrx_word' id='word_1_443' title='bbox 1189 4982 1317 5052; x_wconf 76' lang='grc' dir='ltr'>περὶ</span> <span class='ocrx_word' id='word_1_444' title='bbox 1353 4981 1447 5033; x_wconf 91' lang='grc' dir='ltr'>τοῦ</span> <span class='ocrx_word' id='word_1_445' title='bbox 1481 4980 1819 5048; x_wconf 88' lang='grc' dir='ltr'>Μονογενοῦς</span> <span class='ocrx_word' id='word_1_446' title='bbox 1853 4981 1994 5052; x_wconf 78' lang='grc' dir='ltr'>ἔχων</span> 
     </span>
    </p>
   </div>
   <div class='ocr_carea' id='block_1_55' title="bbox 401 5063 1995 5145">
    <p class='ocr_par' dir='ltr' id='par_1_55' title="bbox 401 5063 1995 5145">
     <span class='ocr_line' id='line_1_55' title="bbox 401 5063 1995 5145; baseline -0.006 -18"><span class='ocrx_word' id='word_1_447' title='bbox 401 5074 499 5145; x_wconf 76' lang='grc' dir='ltr'>την</span> <span class='ocrx_word' id='word_1_448' title='bbox 528 5072 720 5138; x_wconf 86' lang='grc' dir='ltr'>δόξαν·</span> <span class='ocrx_word' id='word_1_449' title='bbox 756 5068 809 5122; x_wconf 92' lang='grc' dir='ltr'>τί</span> <span class='ocrx_word' id='word_1_450' title='bbox 845 5085 1044 5139; x_wconf 65' lang='lat' dir='ltr'>(manv;</span> <span class='ocrx_word' id='word_1_451' title='bbox 1080 5066 1282 5135; x_wconf 78' lang='grc' dir='ltr'>Ἀμὴν,</span> <span class='ocrx_word' id='word_1_452' title='bbox 1330 5063 1495 5133; x_wconf 76' lang='grc' dir='ltr'>ἀμὴν</span> <span class='ocrx_word' id='word_1_453' title='bbox 1522 5063 1679 5132; x_wconf 78' lang='grc' dir='ltr'>λέγω</span> <span class='ocrx_word' id='word_1_454' title='bbox 1729 5080 1850 5129; x_wconf 79' lang='grc' dir='ltr'>σοι,</span> <span class='ocrx_word' id='word_1_455' title='bbox 1885 5066 1995 5119; x_wconf 85' lang='grc' dir='ltr'>ἐὰν</span> 
     </span>
    </p>
   </div>
   <div class='ocr_carea' id='block_1_56' title="bbox 398 5148 1994 5227">
    <p class='ocr_par' dir='ltr' id='par_1_56' title="bbox 398 5148 1994 5227">
     <span class='ocr_line' id='line_1_56' title="bbox 398 5148 1994 5227; baseline -0.017 -10"><span class='ocrx_word' id='word_1_456' title='bbox 398 5157 483 5227; x_wconf 79' lang='grc' dir='ltr'>μή</span> <span class='ocrx_word' id='word_1_457' title='bbox 506 5174 596 5222; x_wconf 87' lang='grc' dir='ltr'>τις</span> <span class='ocrx_word' id='word_1_458' title='bbox 619 5151 884 5225; x_wconf 74' lang='grc' dir='ltr'>γεννηθῇ</span> <span class='ocrx_word' id='word_1_459' title='bbox 918 5154 1169 5213; x_wconf 79' lang='grc' dir='ltr'>ἄνωθεν,</span> <span class='ocrx_word' id='word_1_460' title='bbox 1199 5152 1271 5203; x_wconf 82' lang='grc' dir='ltr'>οὐ</span> <span class='ocrx_word' id='word_1_461' title='bbox 1293 5148 1545 5202; x_wconf 85' lang='grc' dir='ltr'>δύναται</span> <span class='ocrx_word' id='word_1_462' title='bbox 1569 5148 1719 5201; x_wconf 75' lang='grc' dir='ltr'>ἰδεῖν</span> <span class='ocrx_word' id='word_1_463' title='bbox 1748 5148 1864 5217; x_wconf 79' lang='grc' dir='ltr'>τὴν</span> <span class='ocrx_word' id='word_1_464' title='bbox 1875 5150 1994 5214; x_wconf 79' lang='grc' dir='ltr'>βα-</span> 
     </span>
    </p>
   </div>
   <div class='ocr_carea' id='block_1_57' title="bbox 404 5231 1996 5304">
    <p class='ocr_par' dir='ltr' id='par_1_57' title="bbox 404 5231 1996 5304">
     <span class='ocr_line' id='line_1_57' title="bbox 404 5231 1996 5304; baseline -0.006 -9"><span class='ocrx_word' id='word_1_465' title='bbox 404 5242 643 5295; x_wconf 86' lang='grc' dir='ltr'>σιλείαν</span> <span class='ocrx_word' id='word_1_466' title='bbox 667 5239 775 5293; x_wconf 88' lang='grc' dir='ltr'>τοῦ</span> <span class='ocrx_word' id='word_1_467' title='bbox 808 5236 987 5291; x_wconf 85' lang='grc' dir='ltr'>Θεοῦ·</span> <span class='ocrx_word' id='word_1_468' title='bbox 1028 5233 1330 5295; x_wconf 87' lang='grc' dir='ltr'>τουτέστιν,</span> <span class='ocrx_word' id='word_1_469' title='bbox 1367 5231 1493 5286; x_wconf 86' lang='grc' dir='ltr'>Ἐὰν</span> <span class='ocrx_word' id='word_1_470' title='bbox 1525 5233 1589 5286; x_wconf 84' lang='grc' dir='ltr'>σὺ</span> <span class='ocrx_word' id='word_1_471' title='bbox 1623 5232 1702 5302; x_wconf 80' lang='grc' dir='ltr'>μὴ</span> <span class='ocrx_word' id='word_1_472' title='bbox 1727 5232 1996 5304; x_wconf 79' lang='grc' dir='ltr'>γεννηθῇς</span> 
     </span>
    </p>
   </div>
   <div class='ocr_carea' id='block_1_58' title="bbox 407 5315 1991 5391">
    <p class='ocr_par' dir='ltr' id='par_1_58' title="bbox 407 5315 1991 5391">
     <span class='ocr_line' id='line_1_58' title="bbox 407 5315 1991 5391; baseline -0.005 -12"><span class='ocrx_word' id='word_1_473' title='bbox 407 5324 633 5389; x_wconf 83' lang='grc' dir='ltr'>ἀνωθεν,</span> <span class='ocrx_word' id='word_1_474' title='bbox 660 5324 756 5377; x_wconf 76' lang='grc' dir='ltr'>καὶ</span> <span class='ocrx_word' id='word_1_475' title='bbox 778 5323 881 5391; x_wconf 84' lang='grc' dir='ltr'>τὴν</span> <span class='ocrx_word' id='word_1_476' title='bbox 899 5319 1008 5372; x_wconf 86' lang='grc' dir='ltr'>τῶν</span> <span class='ocrx_word' id='word_1_477' title='bbox 1028 5317 1318 5387; x_wconf 82' lang='grc' dir='ltr'>δογμάτων</span> <span class='ocrx_word' id='word_1_478' title='bbox 1336 5315 1663 5388; x_wconf 86' lang='grc' dir='ltr'>παραλάϐῃς</span> <span class='ocrx_word' id='word_1_479' title='bbox 1680 5316 1991 5386; x_wconf 83' lang='grc' dir='ltr'>ἀκρίϐειαν,</span> 
     </span>
    </p>
   </div>
   <div class='ocr_carea' id='block_1_59' title="bbox 406 5395 1993 5473">
    <p class='ocr_par' dir='ltr' id='par_1_59' title="bbox 406 5395 1993 5473">
     <span class='ocr_line' id='line_1_59' title="bbox 406 5395 1993 5473; baseline -0.004 -12"><span class='ocrx_word' id='word_1_480' title='bbox 406 5410 513 5473; x_wconf 73' lang='grc' dir='ltr'>ἔξω</span> <span class='ocrx_word' id='word_1_481' title='bbox 545 5427 647 5463; x_wconf 89' lang='grc' dir='ltr'>που</span> <span class='ocrx_word' id='word_1_482' title='bbox 690 5406 986 5467; x_wconf 80' lang='grc' dir='ltr'>πλανᾶσαι,</span> <span class='ocrx_word' id='word_1_483' title='bbox 1024 5404 1121 5457; x_wconf 75' lang='grc' dir='ltr'>καὶ</span> <span class='ocrx_word' id='word_1_484' title='bbox 1153 5403 1345 5473; x_wconf 68' lang='grc' dir='ltr'>πιρρω</span> <span class='ocrx_word' id='word_1_485' title='bbox 1371 5400 1470 5470; x_wconf 81' lang='grc' dir='ltr'>τῆς</span> <span class='ocrx_word' id='word_1_486' title='bbox 1502 5399 1779 5470; x_wconf 83' lang='grc' dir='ltr'>βασιλείας</span> <span class='ocrx_word' id='word_1_487' title='bbox 1809 5395 1862 5454; x_wconf 77' lang='grc' dir='ltr'>εἴ</span> <span class='ocrx_word' id='word_1_488' title='bbox 1884 5401 1993 5456; x_wconf 91' lang='grc' dir='ltr'>τῶν</span> 
     </span>
    </p>
   </div>
   <div class='ocr_carea' id='block_1_60' title="bbox 406 5482 1993 5563">
    <p class='ocr_par' dir='ltr' id='par_1_60' title="bbox 406 5482 1993 5563">
     <span class='ocr_line' id='line_1_60' title="bbox 406 5482 1993 5563; baseline -0.005 -18"><span class='ocrx_word' id='word_1_489' title='bbox 406 5493 670 5563; x_wconf 79' lang='grc' dir='ltr'>οὐρανῶν.</span> <span class='ocrx_word' id='word_1_490' title='bbox 734 5490 874 5544; x_wconf 79' lang='grc' dir='ltr'>Ἀλλ’</span> <span class='ocrx_word' id='word_1_491' title='bbox 902 5486 1050 5540; x_wconf 74' lang='grc' dir='ltr'>οὕτω</span> <span class='ocrx_word' id='word_1_492' title='bbox 1096 5486 1197 5557; x_wconf 84' lang='grc' dir='ltr'>μὲν</span> <span class='ocrx_word' id='word_1_493' title='bbox 1238 5483 1421 5553; x_wconf 85' lang='grc' dir='ltr'>σαφῶς</span> <span class='ocrx_word' id='word_1_494' title='bbox 1455 5482 1517 5537; x_wconf 80' lang='grc' dir='ltr'>οὐ</span> <span class='ocrx_word' id='word_1_495' title='bbox 1558 5502 1725 5556; x_wconf 83' lang='grc' dir='ltr'>φησιν</span> <span class='ocrx_word' id='word_1_496' title='bbox 1752 5502 1765 5515; x_wconf 89' lang='grc'><strong>·</strong></span> <span class='ocrx_word' id='word_1_497' title='bbox 1798 5486 1888 5540; x_wconf 81' lang='grc' dir='ltr'>ἵνα</span> <span class='ocrx_word' id='word_1_498' title='bbox 1934 5486 1993 5539; x_wconf 84' lang='grc' dir='ltr'>δὲ</span> 
     </span>
    </p>
   </div>
   <div class='ocr_carea' id='block_1_61' title="bbox 406 5567 1992 5646">
    <p class='ocr_par' dir='ltr' id='par_1_61' title="bbox 406 5567 1992 5646">
     <span class='ocr_line' id='line_1_61' title="bbox 406 5567 1992 5646; baseline -0.004 -17"><span class='ocrx_word' id='word_1_499' title='bbox 406 5575 879 5646; x_wconf 86' lang='grc' dir='ltr'>ἀνεπαχθέστερον</span> <span class='ocrx_word' id='word_1_500' title='bbox 926 5573 1129 5642; x_wconf 84' lang='grc' dir='ltr'>ποιήσῃ</span> <span class='ocrx_word' id='word_1_501' title='bbox 1172 5570 1263 5621; x_wconf 77' lang='grc' dir='ltr'>τὸν</span> <span class='ocrx_word' id='word_1_502' title='bbox 1289 5568 1484 5637; x_wconf 88' lang='grc' dir='ltr'>λόγον,</span> <span class='ocrx_word' id='word_1_503' title='bbox 1530 5568 1590 5622; x_wconf 86' lang='grc' dir='ltr'>οὐ</span> <span class='ocrx_word' id='word_1_504' title='bbox 1640 5567 1777 5640; x_wconf 81' lang='grc' dir='ltr'>πρὸς</span> <span class='ocrx_word' id='word_1_505' title='bbox 1830 5569 1992 5623; x_wconf 82' lang='grc' dir='ltr'>αὐτὸν</span> 
     </span>
    </p>
   </div>
   <div class='ocr_carea' id='block_1_62' title="bbox 406 5652 1991 5729">
    <p class='ocr_par' dir='ltr' id='par_1_62' title="bbox 406 5652 1991 5729">
     <span class='ocr_line' id='line_1_62' title="bbox 406 5652 1991 5729; baseline -0.004 -15"><span class='ocrx_word' id='word_1_506' title='bbox 406 5661 753 5714; x_wconf 79' lang='grc' dir='ltr'>ἀποτείνεται</span> <span class='ocrx_word' id='word_1_507' title='bbox 786 5657 1059 5729; x_wconf 81' lang='grc' dir='ltr'>φανερῶς,</span> <span class='ocrx_word' id='word_1_508' title='bbox 1085 5654 1198 5708; x_wconf 87' lang='grc' dir='ltr'>ἀλλ’</span> <span class='ocrx_word' id='word_1_509' title='bbox 1223 5654 1490 5725; x_wconf 84' lang='grc' dir='ltr'>ἀορίστως</span> <span class='ocrx_word' id='word_1_510' title='bbox 1520 5652 1698 5721; x_wconf 85' lang='grc' dir='ltr'>λέγει·</span> <span class='ocrx_word' id='word_1_511' title='bbox 1745 5654 1889 5729; x_wconf 81' lang='grc' dir='ltr'>Ἐὰν</span> <span class='ocrx_word' id='word_1_512' title='bbox 1905 5653 1991 5723; x_wconf 83' lang='grc' dir='ltr'>μή</span> 
     </span>
    </p>
   </div>
   <div class='ocr_carea' id='block_1_63' title="bbox 404 5737 1993 5811">
    <p class='ocr_par' dir='ltr' id='par_1_63' title="bbox 404 5737 1993 5811">
     <span class='ocr_line' id='line_1_63' title="bbox 404 5737 1993 5811; baseline -0.003 -15"><span class='ocrx_word' id='word_1_513' title='bbox 404 5761 498 5808; x_wconf 82' lang='grc' dir='ltr'>τις</span> <span class='ocrx_word' id='word_1_514' title='bbox 533 5742 796 5811; x_wconf 75' lang='grc' dir='ltr'>γεννηθῇ</span> <span class='ocrx_word' id='word_1_515' title='bbox 822 5760 834 5771; x_wconf 89' lang='grc'><strong>·</strong></span> <span class='ocrx_word' id='word_1_516' title='bbox 886 5740 1168 5811; x_wconf 72' lang='grc' dir='ltr'>μονονουχὶ</span> <span class='ocrx_word' id='word_1_517' title='bbox 1205 5738 1379 5806; x_wconf 86' lang='grc' dir='ltr'>λέγων</span> <span class='ocrx_word' id='word_1_518' title='bbox 1401 5776 1415 5798; x_wconf 88' lang='grc'>,</span> <span class='ocrx_word' id='word_1_519' title='bbox 1452 5739 1532 5791; x_wconf 78' lang='grc' dir='ltr'>ὅτι</span> <span class='ocrx_word' id='word_1_520' title='bbox 1573 5737 1690 5790; x_wconf 73' lang='grc' dir='ltr'>Κᾶν</span> <span class='ocrx_word' id='word_1_521' title='bbox 1729 5738 1792 5790; x_wconf 85' lang='grc' dir='ltr'>σύ</span> <span class='ocrx_word' id='word_1_522' title='bbox 1817 5778 1832 5802; x_wconf 95' lang='grc'>,</span> <span class='ocrx_word' id='word_1_523' title='bbox 1888 5737 1993 5791; x_wconf 79' lang='grc' dir='ltr'>κάν</span> 
     </span>
    </p>
   </div>
   <div class='ocr_carea' id='block_1_64' title="bbox 404 5820 1993 5896">
    <p class='ocr_par' dir='ltr' id='par_1_64' title="bbox 404 5820 1993 5896">
     <span class='ocr_line' id='line_1_64' title="bbox 404 5820 1993 5896; baseline -0.004 -14"><span class='ocrx_word' id='word_1_524' title='bbox 404 5826 658 5881; x_wconf 75' lang='grc' dir='ltr'>ὁστισοῦν</span> <span class='ocrx_word' id='word_1_525' title='bbox 696 5826 880 5896; x_wconf 73' lang='grc' dir='ltr'>ἕτερος</span> <span class='ocrx_word' id='word_1_526' title='bbox 986 5824 1211 5876; x_wconf 78' lang='grc' dir='ltr'>τοιαῦτα</span> <span class='ocrx_word' id='word_1_527' title='bbox 1240 5823 1368 5895; x_wconf 76' lang='grc' dir='ltr'>περὶ</span> <span class='ocrx_word' id='word_1_528' title='bbox 1412 5820 1547 5892; x_wconf 87' lang='grc' dir='ltr'>ἐμοῦ</span> <span class='ocrx_word' id='word_1_529' title='bbox 1590 5820 1850 5885; x_wconf 75' lang='grc' dir='ltr'>δοξάζων,</span> <span class='ocrx_word' id='word_1_530' title='bbox 1889 5821 1993 5886; x_wconf 79' lang='grc' dir='ltr'>ἔξω</span> 
     </span>
    </p>
   </div>
   <div class='ocr_carea' id='block_1_65' title="bbox 470 5939 1993 6001">
    <p class='ocr_par' dir='ltr' id='par_1_65' title="bbox 470 5939 1993 6001">
     <span class='ocr_line' id='line_1_65' title="bbox 470 5939 1993 6001; baseline -0.003 -10"><span class='ocrx_word' id='word_1_531' title='bbox 470 5957 496 5985; x_wconf 79' lang='grc' dir='ltr'>ι</span> <span class='ocrx_word' id='word_1_532' title='bbox 525 5942 621 5992; x_wconf 77' lang='lat' dir='ltr'><strong>Alii</strong></span> <span class='ocrx_word' id='word_1_533' title='bbox 643 5942 841 5991; x_wconf 77' lang='grc' dir='ltr'>Ταϐιθά.</span> <span class='ocrx_word' id='word_1_534' title='bbox 865 5940 975 5989; x_wconf 77' lang='lat' dir='ltr'>Mox</span> <span class='ocrx_word' id='word_1_535' title='bbox 1008 5940 1176 5987; x_wconf 76' lang='lat' dir='ltr'><strong>Morel.</strong></span> <span class='ocrx_word' id='word_1_536' title='bbox 1200 5940 1434 6000; x_wconf 80' lang='grc' dir='ltr'>ἀφέωνταί</span> <span class='ocrx_word' id='word_1_537' title='bbox 1458 5957 1553 5987; x_wconf 87' lang='grc' dir='ltr'>σοι.</span> <span class='ocrx_word' id='word_1_538' title='bbox 1579 5939 1731 5988; x_wconf 63' lang='grc' dir='ltr'><strong>εᾶγὶι.</strong></span> <span class='ocrx_word' id='word_1_539' title='bbox 1756 5939 1993 6001; x_wconf 75' lang='grc' dir='ltr'>ἀφέωνταί</span> 
     </span>
    </p>
   </div>
   <div class='ocr_carea' id='block_1_66' title="bbox 405 6001 1997 6062">
    <p class='ocr_par' dir='ltr' id='par_1_66' title="bbox 405 6001 1997 6062">
     <span class='ocr_line' id='line_1_66' title="bbox 405 6001 1997 6062; baseline -0.003 -11"><span class='ocrx_word' id='word_1_540' title='bbox 405 6022 513 6053; x_wconf 74' lang='grc' dir='ltr'>σου.</span> <span class='ocrx_word' id='word_1_541' title='bbox 582 6004 609 6042; x_wconf 78' lang='grc'><strong>1)</strong></span> <span class='ocrx_word' id='word_1_542' title='bbox 633 6004 842 6053; x_wconf 81' lang='lat' dir='ltr'>Omnino</span> <span class='ocrx_word' id='word_1_543' title='bbox 863 6003 1128 6061; x_wconf 61' lang='lat' dir='ltr'>legendum</span> <span class='ocrx_word' id='word_1_544' title='bbox 1159 6001 1353 6049; x_wconf 75' lang='lat' dir='ltr'>videtur</span> <span class='ocrx_word' id='word_1_545' title='bbox 1374 6003 1445 6049; x_wconf 84' lang='grc' dir='ltr'>διὸ</span> <span class='ocrx_word' id='word_1_546' title='bbox 1465 6002 1563 6048; x_wconf 83' lang='grc' dir='ltr'>καί.</span> <span class='ocrx_word' id='word_1_547' title='bbox 1580 6005 1751 6062; x_wconf 65' lang='lat' dir='ltr'>Atque</span> <span class='ocrx_word' id='word_1_548' title='bbox 1781 6001 1844 6049; x_wconf 83' lang='lat' dir='ltr'>ila</span> <span class='ocrx_word' id='word_1_549' title='bbox 1869 6002 1997 6062; x_wconf 73' lang='lat' dir='ltr'><strong>legit</strong></span> 
     </span>
    </p>
   </div>
   <div class='ocr_carea' id='block_1_67' title="bbox 410 6060 1994 6123">
    <p class='ocr_par' dir='ltr' id='par_1_67' title="bbox 410 6060 1994 6123">
     <span class='ocr_line' id='line_1_67' title="bbox 410 6060 1994 6123; baseline -0.001 -9"><span class='ocrx_word' id='word_1_550' title='bbox 410 6067 490 6114; x_wconf 78' lang='lat' dir='ltr'>Fr.</span> <span class='ocrx_word' id='word_1_551' title='bbox 521 6067 751 6113; x_wconf 77' lang='lat' dir='ltr'>Arelinus</span> <span class='ocrx_word' id='word_1_552' title='bbox 774 6066 855 6123; x_wconf 87' lang='lat' dir='ltr'>qui</span> <span class='ocrx_word' id='word_1_553' title='bbox 897 6060 1047 6110; x_wconf 56' lang='lat' dir='ltr'><strong>Vorm</strong></span> <span class='ocrx_word' id='word_1_554' title='bbox 1073 6077 1084 6109; x_wconf 93' lang='lat'>:</span> <span class='ocrx_word' id='word_1_555' title='bbox 1126 6063 1439 6119; x_wconf 82' lang='lat' dir='ltr'>Quamobrem</span> <span class='ocrx_word' id='word_1_556' title='bbox 1461 6062 1549 6111; x_wconf 83' lang='lat' dir='ltr'>hoc</span> <span class='ocrx_word' id='word_1_557' title='bbox 1574 6060 1621 6111; x_wconf 80' lang='lat' dir='ltr'><strong>in</strong></span> <span class='ocrx_word' id='word_1_558' title='bbox 1644 6060 1749 6113; x_wconf 79' lang='grc' dir='ltr'>ίοεο</span> <span class='ocrx_word' id='word_1_559' title='bbox 1780 6060 1994 6113; x_wconf 68' lang='lat' dir='ltr'>Nicocle-</span> 
     </span>
    </p>
   </div>
   <div class='ocr_carea' id='block_1_68' title="bbox 410 6124 1183 6183">
    <p class='ocr_par' dir='ltr' id='par_1_68' title="bbox 410 6124 1183 6183">
     <span class='ocr_line' id='line_1_68' title="bbox 410 6124 1183 6183; baseline -0.008 -8"><span class='ocrx_word' id='word_1_560' title='bbox 410 6139 540 6175; x_wconf 83' lang='lat' dir='ltr'>mum</span> <span class='ocrx_word' id='word_1_561' title='bbox 562 6127 823 6183; x_wconf 70' lang='lat' dir='ltr'>alloquens.</span> <span class='ocrx_word' id='word_1_562' title='bbox 885 6127 906 6153; x_wconf 73' lang='grc' dir='ltr'>θ</span> <span class='ocrx_word' id='word_1_563' title='bbox 935 6124 1183 6171; x_wconf 68' lang='grc' dir='ltr'>5ω’.οὐδέ.</span> 
     </span>
    </p>
   </div>
   <div class='ocr_carea' id='block_1_69' title="bbox 1126 431 3001 496">
    <p class='ocr_par' dir='ltr' id='par_1_69' title="bbox 1126 431 3001 496">
     <span class='ocr_line' id='line_1_69' title="bbox 1126 431 3001 496; baseline 0 -2"><span class='ocrx_word' id='word_1_564' title='bbox 1126 438 1184 494; x_wconf 91' lang='lat' dir='ltr'><strong>S.</strong></span> <span class='ocrx_word' id='word_1_565' title='bbox 1224 435 1514 494; x_wconf 78' lang='lat' dir='ltr'>JOANNIS</span> <span class='ocrx_word' id='word_1_566' title='bbox 1550 431 2043 493; x_wconf 80' lang='lat' dir='ltr'>CHRYSOSTOMI</span> <span class='ocrx_word' id='word_1_567' title='bbox 2084 435 2407 496; x_wconf 74' lang='lat' dir='ltr'><strong>ARllHlEP.</strong></span> <span class='ocrx_word' id='word_1_568' title='bbox 2447 432 3001 496; x_wconf 79' lang='lat' dir='ltr'>CONSTANTINOP.</span> 
     </span>
    </p>
   </div>
   <div class='ocr_carea' id='block_1_70' title="bbox 3590 442 3690 501">
    <p class='ocr_par' dir='ltr' id='par_1_70' title="bbox 3590 442 3690 501">
     <span class='ocr_line' id='line_1_70' title="bbox 3590 442 3690 501; baseline 0.02 -2"><span class='ocrx_word' id='word_1_569' title='bbox 3590 442 3690 501; x_wconf 74' lang='lat' dir='ltr'>M6</span> 
     </span>
    </p>
   </div>
   <div class='ocr_carea' id='block_1_71' title="bbox 2115 550 3691 624">
    <p class='ocr_par' dir='ltr' id='par_1_71' title="bbox 2115 550 3691 624">
     <span class='ocr_line' id='line_1_71' title="bbox 2115 550 3691 624; baseline 0.003 -21"><span class='ocrx_word' id='word_1_570' title='bbox 2115 568 2218 604; x_wconf 89' lang='grc' dir='ltr'>που</span> <span class='ocrx_word' id='word_1_571' title='bbox 2242 553 2340 622; x_wconf 83' lang='grc' dir='ltr'>τῆς</span> <span class='ocrx_word' id='word_1_572' title='bbox 2365 551 2640 624; x_wconf 85' lang='grc' dir='ltr'>βασιλείας</span> <span class='ocrx_word' id='word_1_573' title='bbox 2665 554 2842 607; x_wconf 75' lang='grc' dir='ltr'>ἐστίν’</span> <span class='ocrx_word' id='word_1_574' title='bbox 2868 551 2991 607; x_wconf 76' lang='grc' dir='ltr'>ἐπεὶ</span> <span class='ocrx_word' id='word_1_575' title='bbox 3015 552 3065 605; x_wconf 87' lang='grc' dir='ltr'>εί</span> <span class='ocrx_word' id='word_1_576' title='bbox 3090 551 3164 624; x_wconf 82' lang='grc' dir='ltr'>μὴ</span> <span class='ocrx_word' id='word_1_577' title='bbox 3185 550 3344 606; x_wconf 86' lang='grc' dir='ltr'>τοῦτο</span> <span class='ocrx_word' id='word_1_578' title='bbox 3370 551 3691 624; x_wconf 85' lang='grc' dir='ltr'>βουλόμενος</span> 
     </span>
    </p>
   </div>
   <div class='ocr_carea' id='block_1_72' title="bbox 2117 635 3703 708">
    <p class='ocr_par' dir='ltr' id='par_1_72' title="bbox 2117 635 3703 708">
     <span class='ocr_line' id='line_1_72' title="bbox 2117 635 3703 708; baseline 0.004 -21"><span class='ocrx_word' id='word_1_579' title='bbox 2117 637 2527 689; x_wconf 86' lang='grc' dir='ltr'>κατασκευάσαι</span> <span class='ocrx_word' id='word_1_580' title='bbox 2556 635 2731 689; x_wconf 86' lang='grc' dir='ltr'>ταῦτα</span> <span class='ocrx_word' id='word_1_581' title='bbox 2764 637 2940 705; x_wconf 76' lang='grc' dir='ltr'>ἔλεγε,</span> <span class='ocrx_word' id='word_1_582' title='bbox 2974 636 3070 691; x_wconf 77' lang='grc' dir='ltr'>καὶ</span> <span class='ocrx_word' id='word_1_583' title='bbox 3103 636 3445 707; x_wconf 87' lang='grc' dir='ltr'>ἀνάρμοστος</span> <span class='ocrx_word' id='word_1_584' title='bbox 3472 638 3609 708; x_wconf 81' lang='grc' dir='ltr'>πρὸς</span> <span class='ocrx_word' id='word_1_585' title='bbox 3636 640 3703 693; x_wconf 73' lang='grc' dir='ltr'>τά</span> 
     </span>
    </p>
   </div>
   <div class='ocr_carea' id='block_1_73' title="bbox 2121 715 3706 791">
    <p class='ocr_par' dir='ltr' id='par_1_73' title="bbox 2121 715 3706 791">
     <span class='ocr_line' id='line_1_73' title="bbox 2121 715 3706 791; baseline 0.003 -22"><span class='ocrx_word' id='word_1_586' title='bbox 2121 719 2390 788; x_wconf 83' lang='grc' dir='ltr'>εἰρημένα</span> <span class='ocrx_word' id='word_1_587' title='bbox 2426 720 2460 790; x_wconf 84' lang='grc' dir='ltr'>ή</span> <span class='ocrx_word' id='word_1_588' title='bbox 2488 718 2779 788; x_wconf 88' lang='grc' dir='ltr'>ἀπόκρισις</span> <span class='ocrx_word' id='word_1_589' title='bbox 2800 716 2888 791; x_wconf 83' lang='grc' dir='ltr'>ῆν.</span> <span class='ocrx_word' id='word_1_590' title='bbox 2927 720 3172 774; x_wconf 84' lang='grc' dir='ltr'>Ἰουδαῖοι</span> <span class='ocrx_word' id='word_1_591' title='bbox 3202 720 3301 790; x_wconf 81' lang='grc' dir='ltr'>μὲν</span> <span class='ocrx_word' id='word_1_592' title='bbox 3337 715 3432 772; x_wconf 83' lang='grc' dir='ltr'>οὖν</span> <span class='ocrx_word' id='word_1_593' title='bbox 3464 722 3513 772; x_wconf 86' lang='grc' dir='ltr'>εἰ</span> <span class='ocrx_word' id='word_1_594' title='bbox 3534 720 3706 774; x_wconf 88' lang='grc' dir='ltr'>ταῦτα</span> 
     </span>
    </p>
   </div>
   <div class='ocr_carea' id='block_1_74' title="bbox 2116 795 3702 876">
    <p class='ocr_par' dir='ltr' id='par_1_74' title="bbox 2116 795 3702 876">
     <span class='ocr_line' id='line_1_74' title="bbox 2116 795 3702 876; baseline 0.003 -23"><span class='ocrx_word' id='word_1_595' title='bbox 2116 801 2380 873; x_wconf 76' lang='grc' dir='ltr'>ἥκουσαν,</span> <span class='ocrx_word' id='word_1_596' title='bbox 2415 804 2889 871; x_wconf 86' lang='grc' dir='ltr'>καταγελάσαντες</span> <span class='ocrx_word' id='word_1_597' title='bbox 2921 804 3281 876; x_wconf 85' lang='grc' dir='ltr'>ἀνεχώρησαν</span> <span class='ocrx_word' id='word_1_598' title='bbox 3318 804 3383 857; x_wconf 81' lang='grc' dir='ltr'>ἄν</span> <span class='ocrx_word' id='word_1_599' title='bbox 3406 819 3420 833; x_wconf 89' lang='grc'><strong>·</strong></span> <span class='ocrx_word' id='word_1_600' title='bbox 3452 795 3608 866; x_wconf 74' lang='grc' dir='ltr'>οὗτος</span> <span class='ocrx_word' id='word_1_601' title='bbox 3643 803 3702 857; x_wconf 81' lang='grc' dir='ltr'>δέ</span> 
     </span>
    </p>
   </div>
   <div class='ocr_carea' id='block_1_75' title="bbox 2116 885 3703 959">
    <p class='ocr_par' dir='ltr' id='par_1_75' title="bbox 2116 885 3703 959">
     <span class='ocr_line' id='line_1_75' title="bbox 2116 885 3703 959; baseline 0.001 -22"><span class='ocrx_word' id='word_1_602' title='bbox 2116 886 2213 937; x_wconf 79' lang='grc' dir='ltr'>καὶ</span> <span class='ocrx_word' id='word_1_603' title='bbox 2239 886 2297 937; x_wconf 89' lang='grc' dir='ltr'>ἐν</span> <span class='ocrx_word' id='word_1_604' title='bbox 2329 885 2503 957; x_wconf 84' lang='grc' dir='ltr'>τούτῳ</span> <span class='ocrx_word' id='word_1_605' title='bbox 2527 886 2589 939; x_wconf 84' lang='grc' dir='ltr'>τὸ</span> <span class='ocrx_word' id='word_1_606' title='bbox 2616 886 2913 956; x_wconf 80' lang='grc' dir='ltr'>φιλομαθὲς</span> <span class='ocrx_word' id='word_1_607' title='bbox 2946 886 2973 926; x_wconf 75' lang='grc' dir='ltr'><em>δ</em></span> <span class='ocrx_word' id='word_1_608' title='bbox 2998 887 3256 940; x_wconf 89' lang='grc' dir='ltr'>δείκνυσι.</span> <span class='ocrx_word' id='word_1_609' title='bbox 3293 885 3393 939; x_wconf 83' lang='grc' dir='ltr'>Διά</span> <span class='ocrx_word' id='word_1_610' title='bbox 3417 885 3573 939; x_wconf 89' lang='grc' dir='ltr'>τοῦτο</span> <span class='ocrx_word' id='word_1_611' title='bbox 3594 887 3703 959; x_wconf 86' lang='grc' dir='ltr'>γάρ</span> 
     </span>
    </p>
   </div>
   <div class='ocr_carea' id='block_1_76' title="bbox 2116 967 3703 1043">
    <p class='ocr_par' dir='ltr' id='par_1_76' title="bbox 2116 967 3703 1043">
     <span class='ocr_line' id='line_1_76' title="bbox 2116 967 3703 1043; baseline 0.003 -24"><span class='ocrx_word' id='word_1_612' title='bbox 2116 967 2213 1020; x_wconf 69' lang='grc' dir='ltr'>καὶ</span> <span class='ocrx_word' id='word_1_613' title='bbox 2241 968 2469 1037; x_wconf 83' lang='grc' dir='ltr'>ἀσαφῶς</span> <span class='ocrx_word' id='word_1_614' title='bbox 2489 969 2756 1040; x_wconf 88' lang='grc' dir='ltr'>πολλαχοῦ</span> <span class='ocrx_word' id='word_1_615' title='bbox 2786 969 3079 1039; x_wconf 81' lang='grc' dir='ltr'>φθέγγεται</span> <span class='ocrx_word' id='word_1_616' title='bbox 3102 972 3130 1023; x_wconf 91' lang='lat'>6</span> <span class='ocrx_word' id='word_1_617' title='bbox 3156 971 3411 1041; x_wconf 78' lang='grc' dir='ltr'>Χριστὸς,</span> <span class='ocrx_word' id='word_1_618' title='bbox 3443 970 3582 1041; x_wconf 87' lang='grc' dir='ltr'>πρὸς</span> <span class='ocrx_word' id='word_1_619' title='bbox 3604 971 3703 1043; x_wconf 79' lang='grc' dir='ltr'>τήν</span> 
     </span>
    </p>
   </div>
   <div class='ocr_carea' id='block_1_77' title="bbox 2115 1049 3705 1122">
    <p class='ocr_par' dir='ltr' id='par_1_77' title="bbox 2115 1049 3705 1122">
     <span class='ocr_line' id='line_1_77' title="bbox 2115 1049 3705 1122; baseline 0.003 -20"><span class='ocrx_word' id='word_1_620' title='bbox 2115 1049 2385 1121; x_wconf 85' lang='grc' dir='ltr'>ἐρώτησιν</span> <span class='ocrx_word' id='word_1_621' title='bbox 2405 1053 2531 1109; x_wconf 78' lang='grc' dir='ltr'>τοὺς</span> <span class='ocrx_word' id='word_1_622' title='bbox 2541 1052 2840 1115; x_wconf 88' lang='grc' dir='ltr'>ἀκούοντας</span> <span class='ocrx_word' id='word_1_623' title='bbox 2858 1052 3213 1122; x_wconf 85' lang='grc' dir='ltr'>διαναστῆσαι</span> <span class='ocrx_word' id='word_1_624' title='bbox 3238 1052 3584 1122; x_wconf 89' lang='grc' dir='ltr'>βουλόμενος,</span> <span class='ocrx_word' id='word_1_625' title='bbox 3606 1056 3705 1107; x_wconf 72' lang='grc' dir='ltr'>καὶ</span> 
     </span>
    </p>
   </div>
   <div class='ocr_carea' id='block_1_78' title="bbox 2115 1136 3704 1211">
    <p class='ocr_par' dir='ltr' id='par_1_78' title="bbox 2115 1136 3704 1211">
     <span class='ocr_line' id='line_1_78' title="bbox 2115 1136 3704 1211; baseline 0.006 -26"><span class='ocrx_word' id='word_1_626' title='bbox 2115 1136 2662 1207; x_wconf 84' lang='grc' dir='ltr'>προσεκτικωτέρους</span> <span class='ocrx_word' id='word_1_627' title='bbox 2696 1136 3057 1209; x_wconf 84' lang='grc' dir='ltr'>ἐργάσασθαι.</span> <span class='ocrx_word' id='word_1_628' title='bbox 3090 1137 3163 1190; x_wconf 84' lang='grc' dir='ltr'>Τὸ</span> <span class='ocrx_word' id='word_1_629' title='bbox 3202 1138 3301 1208; x_wconf 83' lang='grc' dir='ltr'>μὲν</span> <span class='ocrx_word' id='word_1_630' title='bbox 3352 1140 3465 1211; x_wconf 86' lang='grc' dir='ltr'>γὰρ</span> <span class='ocrx_word' id='word_1_631' title='bbox 3513 1138 3704 1207; x_wconf 81' lang='grc' dir='ltr'>σαφῶς</span> 
     </span>
    </p>
   </div>
   <div class='ocr_carea' id='block_1_79' title="bbox 2113 1215 3704 1294">
    <p class='ocr_par' dir='ltr' id='par_1_79' title="bbox 2113 1215 3704 1294">
     <span class='ocr_line' id='line_1_79' title="bbox 2113 1215 3704 1294; baseline 0.003 -25"><span class='ocrx_word' id='word_1_632' title='bbox 2113 1215 2325 1288; x_wconf 83' lang='grc' dir='ltr'>λεχθὲν,</span> <span class='ocrx_word' id='word_1_633' title='bbox 2360 1218 2625 1283; x_wconf 89' lang='grc' dir='ltr'>πολλάκις</span> <span class='ocrx_word' id='word_1_634' title='bbox 2653 1220 2746 1273; x_wconf 77' lang='grc' dir='ltr'>καὶ</span> <span class='ocrx_word' id='word_1_635' title='bbox 2763 1221 3101 1292; x_wconf 88' lang='grc' dir='ltr'>παρατρέχει</span> <span class='ocrx_word' id='word_1_636' title='bbox 3122 1220 3215 1274; x_wconf 79' lang='grc' dir='ltr'>τὸν</span> <span class='ocrx_word' id='word_1_637' title='bbox 3232 1222 3511 1294; x_wconf 83' lang='grc' dir='ltr'>ἀκροατήν</span> <span class='ocrx_word' id='word_1_638' title='bbox 3528 1239 3542 1252; x_wconf 89' lang='grc'><strong>·</strong></span> <span class='ocrx_word' id='word_1_639' title='bbox 3570 1222 3631 1275; x_wconf 86' lang='grc' dir='ltr'>τὸ</span> <span class='ocrx_word' id='word_1_640' title='bbox 3644 1221 3704 1275; x_wconf 80' lang='grc' dir='ltr'>δὲ</span> 
     </span>
    </p>
   </div>
   <div class='ocr_carea' id='block_1_80' title="bbox 2114 1300 3706 1373">
    <p class='ocr_par' dir='ltr' id='par_1_80' title="bbox 2114 1300 3706 1373">
     <span class='ocr_line' id='line_1_80' title="bbox 2114 1300 3706 1373; baseline 0.004 -20"><span class='ocrx_word' id='word_1_641' title='bbox 2114 1300 2325 1370; x_wconf 82' lang='grc' dir='ltr'>ἀσαφὲς</span> <span class='ocrx_word' id='word_1_642' title='bbox 2359 1302 2785 1373; x_wconf 89' lang='grc' dir='ltr'>περιεργότερον</span> <span class='ocrx_word' id='word_1_643' title='bbox 2814 1304 2980 1357; x_wconf 83' lang='grc' dir='ltr'>αὐτὸν</span> <span class='ocrx_word' id='word_1_644' title='bbox 3008 1306 3154 1357; x_wconf 85' lang='grc' dir='ltr'>ποιεῖ</span> <span class='ocrx_word' id='word_1_645' title='bbox 3174 1305 3269 1357; x_wconf 76' lang='grc' dir='ltr'>καὶ</span> <span class='ocrx_word' id='word_1_646' title='bbox 3294 1306 3600 1359; x_wconf 80' lang='grc' dir='ltr'>σπουδαῖον.</span> <span class='ocrx_word' id='word_1_647' title='bbox 3635 1300 3706 1359; x_wconf 82' lang='grc' dir='ltr'><strong>Ὃ</strong></span> 
     </span>
    </p>
   </div>
   <div class='ocr_carea' id='block_1_81' title="bbox 2112 1383 3701 1458">
    <p class='ocr_par' dir='ltr' id='par_1_81' title="bbox 2112 1383 3701 1458">
     <span class='ocr_line' id='line_1_81' title="bbox 2112 1383 3701 1458; baseline 0.002 -21"><span class='ocrx_word' id='word_1_648' title='bbox 2112 1383 2169 1437; x_wconf 81' lang='grc' dir='ltr'>δὲ</span> <span class='ocrx_word' id='word_1_649' title='bbox 2205 1383 2374 1453; x_wconf 86' lang='grc' dir='ltr'>λέγει,</span> <span class='ocrx_word' id='word_1_650' title='bbox 2415 1385 2657 1440; x_wconf 86' lang='grc' dir='ltr'>τοιοῦτόν</span> <span class='ocrx_word' id='word_1_651' title='bbox 2689 1388 2869 1440; x_wconf 89' lang='grc' dir='ltr'>ἐστιν·</span> <span class='ocrx_word' id='word_1_652' title='bbox 2916 1387 3043 1441; x_wconf 87' lang='grc' dir='ltr'>Ἐἀν</span> <span class='ocrx_word' id='word_1_653' title='bbox 3077 1389 3153 1458; x_wconf 84' lang='grc' dir='ltr'>μὴ</span> <span class='ocrx_word' id='word_1_654' title='bbox 3172 1388 3440 1458; x_wconf 79' lang='grc' dir='ltr'>γεννηθῇς</span> <span class='ocrx_word' id='word_1_655' title='bbox 3473 1388 3701 1455; x_wconf 88' lang='grc' dir='ltr'>ἀνωθεν,</span> 
     </span>
    </p>
   </div>
   <div class='ocr_carea' id='block_1_82' title="bbox 2113 1468 3701 1542">
    <p class='ocr_par' dir='ltr' id='par_1_82' title="bbox 2113 1468 3701 1542">
     <span class='ocr_line' id='line_1_82' title="bbox 2113 1468 3701 1542; baseline 0.003 -22"><span class='ocrx_word' id='word_1_656' title='bbox 2113 1468 2210 1521; x_wconf 81' lang='grc' dir='ltr'>ἐὰν</span> <span class='ocrx_word' id='word_1_657' title='bbox 2238 1468 2313 1540; x_wconf 83' lang='grc' dir='ltr'>μὴ</span> <span class='ocrx_word' id='word_1_658' title='bbox 2347 1469 2625 1539; x_wconf 86' lang='grc' dir='ltr'>μετάσχῃς</span> <span class='ocrx_word' id='word_1_659' title='bbox 2653 1470 2974 1541; x_wconf 89' lang='grc' dir='ltr'>Πνεύματος</span> <span class='ocrx_word' id='word_1_660' title='bbox 3004 1470 3100 1524; x_wconf 89' lang='grc' dir='ltr'>τοῦ</span> <span class='ocrx_word' id='word_1_661' title='bbox 3127 1471 3214 1524; x_wconf 88' lang='grc' dir='ltr'>διά</span> <span class='ocrx_word' id='word_1_662' title='bbox 3244 1471 3470 1542; x_wconf 82' lang='grc' dir='ltr'>λουτροῦ</span> <span class='ocrx_word' id='word_1_663' title='bbox 3502 1471 3701 1540; x_wconf 84' lang='grc' dir='ltr'>παλιγ⁴</span> 
     </span>
    </p>
   </div>
   <div class='ocr_carea' id='block_1_83' title="bbox 2113 1552 3703 1626">
    <p class='ocr_par' dir='ltr' id='par_1_83' title="bbox 2113 1552 3703 1626">
     <span class='ocr_line' id='line_1_83' title="bbox 2113 1552 3703 1626; baseline 0.002 -22"><span class='ocrx_word' id='word_1_664' title='bbox 2113 1552 2384 1620; x_wconf 90' lang='grc' dir='ltr'>γενεσίας,</span> <span class='ocrx_word' id='word_1_665' title='bbox 2409 1552 2471 1605; x_wconf 90' lang='grc' dir='ltr'>οὐ</span> <span class='ocrx_word' id='word_1_666' title='bbox 2491 1552 2715 1607; x_wconf 86' lang='grc' dir='ltr'>δύνασαι</span> <span class='ocrx_word' id='word_1_667' title='bbox 2733 1555 2862 1624; x_wconf 84' lang='grc' dir='ltr'>περί</span> <span class='ocrx_word' id='word_1_668' title='bbox 2889 1555 3023 1624; x_wconf 87' lang='grc' dir='ltr'>ἐμοῦ</span> <span class='ocrx_word' id='word_1_669' title='bbox 3047 1554 3203 1618; x_wconf 79' lang='grc' dir='ltr'>δόξαν</span> <span class='ocrx_word' id='word_1_670' title='bbox 3218 1555 3401 1607; x_wconf 86' lang='grc' dir='ltr'>λαϐεῖν</span> <span class='ocrx_word' id='word_1_671' title='bbox 3415 1555 3512 1626; x_wconf 83' lang='grc' dir='ltr'>τὴν</span> <span class='ocrx_word' id='word_1_672' title='bbox 3535 1572 3703 1626; x_wconf 87' lang='grc' dir='ltr'>προσ-</span> 
     </span>
    </p>
   </div>
   <div class='ocr_carea' id='block_1_84' title="bbox 2113 1634 3702 1709">
    <p class='ocr_par' dir='ltr' id='par_1_84' title="bbox 2113 1634 3702 1709">
     <span class='ocr_line' id='line_1_84' title="bbox 2113 1634 3702 1709; baseline 0.001 -20"><span class='ocrx_word' id='word_1_673' title='bbox 2113 1636 2376 1707; x_wconf 91' lang='grc' dir='ltr'>ήκουσαν.</span> <span class='ocrx_word' id='word_1_674' title='bbox 2422 1634 2573 1707; x_wconf 82' lang='grc' dir='ltr'>Αῦτη</span> <span class='ocrx_word' id='word_1_675' title='bbox 2618 1635 2727 1707; x_wconf 84' lang='grc' dir='ltr'>γάρ</span> <span class='ocrx_word' id='word_1_676' title='bbox 2769 1639 2831 1690; x_wconf 87' lang='grc' dir='ltr'>οὐ</span> <span class='ocrx_word' id='word_1_677' title='bbox 2880 1637 3227 1709; x_wconf 80' lang='grc' dir='ltr'>πνευματικὴ</span> <span class='ocrx_word' id='word_1_678' title='bbox 3273 1639 3308 1709; x_wconf 83' lang='grc' dir='ltr'>ὴ</span> <span class='ocrx_word' id='word_1_679' title='bbox 3356 1637 3503 1704; x_wconf 82' lang='grc' dir='ltr'>δόξα,</span> <span class='ocrx_word' id='word_1_680' title='bbox 3565 1637 3702 1691; x_wconf 85' lang='grc' dir='ltr'>ἀλλά</span> 
     </span>
    </p>
   </div>
   <div class='ocr_carea' id='block_1_85' title="bbox 2112 1717 3702 1793">
    <p class='ocr_par' dir='ltr' id='par_1_85' title="bbox 2112 1717 3702 1793">
     <span class='ocr_line' id='line_1_85' title="bbox 2112 1717 3702 1793; baseline 0.002 -22"><span class='ocrx_word' id='word_1_681' title='bbox 2112 1719 2318 1791; x_wconf 78' lang='grc' dir='ltr'>ψυχική</span> <span class='ocrx_word' id='word_1_682' title='bbox 2374 1731 2419 1771; x_wconf 75' lang='grc' dir='ltr'>ε.</span> <span class='ocrx_word' id='word_1_683' title='bbox 2468 1719 2609 1773; x_wconf 79' lang='grc' dir='ltr'>Ἀλλ’</span> <span class='ocrx_word' id='word_1_684' title='bbox 2641 1720 2784 1774; x_wconf 74' lang='grc' dir='ltr'>οὕτω</span> <span class='ocrx_word' id='word_1_685' title='bbox 2835 1720 2937 1791; x_wconf 85' lang='grc' dir='ltr'>μὲν</span> <span class='ocrx_word' id='word_1_686' title='bbox 2973 1722 3072 1774; x_wconf 91' lang='grc' dir='ltr'>οὐκ</span> <span class='ocrx_word' id='word_1_687' title='bbox 3116 1717 3237 1775; x_wconf 80' lang='grc' dir='ltr'>εἶπε</span> <span class='ocrx_word' id='word_1_688' title='bbox 3268 1723 3702 1793; x_wconf 81' lang='grc' dir='ltr'>παραιτούμενος</span> 
     </span>
    </p>
   </div>
   <div class='ocr_carea' id='block_1_86' title="bbox 2112 1803 3702 1877">
    <p class='ocr_par' dir='ltr' id='par_1_86' title="bbox 2112 1803 3702 1877">
     <span class='ocr_line' id='line_1_86' title="bbox 2112 1803 3702 1877; baseline 0.003 -20"><span class='ocrx_word' id='word_1_689' title='bbox 2112 1804 2275 1857; x_wconf 81' lang='grc' dir='ltr'>αὐτὸν</span> <span class='ocrx_word' id='word_1_690' title='bbox 2310 1803 2537 1875; x_wconf 80' lang='grc' dir='ltr'>πλῆξαι,</span> <span class='ocrx_word' id='word_1_691' title='bbox 2567 1806 2634 1858; x_wconf 85' lang='grc' dir='ltr'>τά</span> <span class='ocrx_word' id='word_1_692' title='bbox 2678 1808 2812 1877; x_wconf 86' lang='grc' dir='ltr'>παρ’</span> <span class='ocrx_word' id='word_1_693' title='bbox 2858 1804 3056 1859; x_wconf 89' lang='grc' dir='ltr'>ἐαυτοῦ</span> <span class='ocrx_word' id='word_1_694' title='bbox 3102 1808 3583 1875; x_wconf 87' lang='grc' dir='ltr'>συνεισενεγκόντα</span> <span class='ocrx_word' id='word_1_695' title='bbox 3607 1807 3702 1861; x_wconf 79' lang='grc' dir='ltr'>καὶ</span> 
     </span>
    </p>
   </div>
   <div class='ocr_carea' id='block_1_87' title="bbox 2111 1886 3701 1960">
    <p class='ocr_par' dir='ltr' id='par_1_87' title="bbox 2111 1886 3701 1960">
     <span class='ocr_line' id='line_1_87' title="bbox 2111 1886 3701 1960; baseline 0.002 -19"><span class='ocrx_word' id='word_1_696' title='bbox 2111 1888 2235 1941; x_wconf 82' lang='grc' dir='ltr'>ὅσον</span> <span class='ocrx_word' id='word_1_697' title='bbox 2260 1887 2497 1960; x_wconf 83' lang='grc' dir='ltr'>ἐγχωρεῖ</span> <span class='ocrx_word' id='word_1_698' title='bbox 2528 1886 2925 1960; x_wconf 81' lang='grc' dir='ltr'>φθεγξάμενον,</span> <span class='ocrx_word' id='word_1_699' title='bbox 2955 1890 3148 1957; x_wconf 87' lang='grc' dir='ltr'>ἀνάγει</span> <span class='ocrx_word' id='word_1_700' title='bbox 3174 1889 3230 1943; x_wconf 83' lang='grc' dir='ltr'>δὲ</span> <span class='ocrx_word' id='word_1_701' title='bbox 3258 1891 3586 1957; x_wconf 82' lang='grc' dir='ltr'>ἀνυπόπτως</span> <span class='ocrx_word' id='word_1_702' title='bbox 3607 1891 3701 1945; x_wconf 76' lang='grc' dir='ltr'>ἐπὶ</span> 
     </span>
    </p>
   </div>
   <div class='ocr_carea' id='block_1_88' title="bbox 2110 1970 3700 2044">
    <p class='ocr_par' dir='ltr' id='par_1_88' title="bbox 2110 1970 3700 2044">
     <span class='ocr_line' id='line_1_88' title="bbox 2110 1970 3700 2044; baseline 0.003 -20"><span class='ocrx_word' id='word_1_703' title='bbox 2110 1972 2211 2043; x_wconf 81' lang='grc' dir='ltr'>τὴν</span> <span class='ocrx_word' id='word_1_704' title='bbox 2247 1970 2471 2042; x_wconf 78' lang='grc' dir='ltr'>μείζονα</span> <span class='ocrx_word' id='word_1_705' title='bbox 2499 1972 2700 2041; x_wconf 88' lang='grc' dir='ltr'>γνῶσιν</span> <span class='ocrx_word' id='word_1_706' title='bbox 2736 1973 2919 2039; x_wconf 79' lang='grc' dir='ltr'>αὐτὸν,</span> <span class='ocrx_word' id='word_1_707' title='bbox 2942 1973 3117 2042; x_wconf 85' lang='grc' dir='ltr'>λέγων</span> <span class='ocrx_word' id='word_1_708' title='bbox 3141 1990 3154 2005; x_wconf 87' lang='grc'><strong>·</strong></span> <span class='ocrx_word' id='word_1_709' title='bbox 3196 1974 3340 2028; x_wconf 85' lang='grc' dir='ltr'>Ἐὰν</span> <span class='ocrx_word' id='word_1_710' title='bbox 3355 1975 3440 2044; x_wconf 82' lang='grc' dir='ltr'>μή</span> <span class='ocrx_word' id='word_1_711' title='bbox 3460 1990 3700 2044; x_wconf 62' lang='grc' dir='ltr'>τιςγενι</span> 
     </span>
    </p>
   </div>
   <div class='ocr_carea' id='block_1_89' title="bbox 2110 2054 3702 2128">
    <p class='ocr_par' dir='ltr' id='par_1_89' title="bbox 2110 2054 3702 2128">
     <span class='ocr_line' id='line_1_89' title="bbox 2110 2054 3702 2128; baseline 0.002 -18"><span class='ocrx_word' id='word_1_712' title='bbox 2110 2054 2269 2125; x_wconf 87' lang='grc' dir='ltr'>νηθῇ</span> <span class='ocrx_word' id='word_1_713' title='bbox 2291 2056 2540 2110; x_wconf 80' lang='grc' dir='ltr'>ἄνωθεν.</span> <span class='ocrx_word' id='word_1_714' title='bbox 2570 2057 2644 2109; x_wconf 84' lang='grc' dir='ltr'>Τὸ</span> <span class='ocrx_word' id='word_1_715' title='bbox 2678 2059 2935 2111; x_wconf 85' lang='grc' dir='ltr'>Ἀνωθεν</span> <span class='ocrx_word' id='word_1_716' title='bbox 2957 2056 3213 2121; x_wconf 89' lang='grc' dir='ltr'>ἐνταῦθα,</span> <span class='ocrx_word' id='word_1_717' title='bbox 3231 2059 3280 2110; x_wconf 77' lang='lat' dir='ltr'><strong>oi</strong></span> <span class='ocrx_word' id='word_1_718' title='bbox 3305 2060 3403 2128; x_wconf 83' lang='grc' dir='ltr'>μὲν</span> <span class='ocrx_word' id='word_1_719' title='bbox 3422 2060 3486 2112; x_wconf 87' lang='grc' dir='ltr'>ἐκ</span> <span class='ocrx_word' id='word_1_720' title='bbox 3507 2059 3598 2112; x_wconf 88' lang='grc' dir='ltr'>τοῦ</span> <span class='ocrx_word' id='word_1_721' title='bbox 3617 2061 3702 2113; x_wconf 62' lang='grc' dir='ltr'>οὐκ</span> 
     </span>
    </p>
   </div>
   <div class='ocr_carea' id='block_1_90' title="bbox 2114 2138 3703 2213">
    <p class='ocr_par' dir='ltr' id='par_1_90' title="bbox 2114 2138 3703 2213">
     <span class='ocr_line' id='line_1_90' title="bbox 2114 2138 3703 2213; baseline 0.003 -22"><span class='ocrx_word' id='word_1_722' title='bbox 2114 2138 2279 2211; x_wconf 90' lang='grc' dir='ltr'>ρανοῦ</span> <span class='ocrx_word' id='word_1_723' title='bbox 2307 2156 2491 2208; x_wconf 88' lang='grc' dir='ltr'>φασιν,</span> <span class='ocrx_word' id='word_1_724' title='bbox 2527 2140 2576 2192; x_wconf 90' lang='grc' dir='ltr'>οί</span> <span class='ocrx_word' id='word_1_725' title='bbox 2597 2139 2651 2192; x_wconf 89' lang='grc' dir='ltr'>δὲ</span> <span class='ocrx_word' id='word_1_726' title='bbox 2670 2139 2727 2205; x_wconf 84' lang='grc' dir='ltr'>ἐξ</span> <span class='ocrx_word' id='word_1_727' title='bbox 2751 2139 2946 2211; x_wconf 88' lang='grc' dir='ltr'>ἀρχῆς.</span> <span class='ocrx_word' id='word_1_728' title='bbox 2979 2140 3082 2194; x_wconf 84' lang='grc' dir='ltr'>Τὸν</span> <span class='ocrx_word' id='word_1_729' title='bbox 3111 2140 3219 2210; x_wconf 86' lang='grc' dir='ltr'>γὰρ</span> <span class='ocrx_word' id='word_1_730' title='bbox 3250 2142 3323 2210; x_wconf 85' lang='grc' dir='ltr'>μὴ</span> <span class='ocrx_word' id='word_1_731' title='bbox 3353 2141 3497 2196; x_wconf 78' lang='grc' dir='ltr'>οὕτω</span> <span class='ocrx_word' id='word_1_732' title='bbox 3517 2160 3703 2213; x_wconf 86' lang='grc' dir='ltr'>γεννη-</span> 
     </span>
    </p>
   </div>
   <div class='ocr_carea' id='block_1_91' title="bbox 2113 2222 3698 2296">
    <p class='ocr_par' dir='ltr' id='par_1_91' title="bbox 2113 2222 3698 2296">
     <span class='ocr_line' id='line_1_91' title="bbox 2113 2222 3698 2296; baseline 0.002 -20"><span class='ocrx_word' id='word_1_733' title='bbox 2113 2222 2296 2287; x_wconf 83' lang='grc' dir='ltr'>θέντα,</span> <span class='ocrx_word' id='word_1_734' title='bbox 2319 2222 2381 2276; x_wconf 91' lang='grc' dir='ltr'>οὐ</span> <span class='ocrx_word' id='word_1_735' title='bbox 2400 2223 2626 2276; x_wconf 84' lang='grc' dir='ltr'>δυνατὸν</span> <span class='ocrx_word' id='word_1_736' title='bbox 2654 2223 2803 2288; x_wconf 87' lang='grc' dir='ltr'>ἰδεῖν,</span> <span class='ocrx_word' id='word_1_737' title='bbox 2828 2225 2984 2294; x_wconf 76' lang='grc' dir='ltr'>φησὶ,</span> <span class='ocrx_word' id='word_1_738' title='bbox 3005 2224 3103 2296; x_wconf 83' lang='grc' dir='ltr'>τὴν</span> <span class='ocrx_word' id='word_1_739' title='bbox 3129 2225 3407 2296; x_wconf 85' lang='grc' dir='ltr'>βασιλείαν</span> <span class='ocrx_word' id='word_1_740' title='bbox 3424 2227 3518 2279; x_wconf 89' lang='grc' dir='ltr'>τοῦ</span> <span class='ocrx_word' id='word_1_741' title='bbox 3541 2227 3698 2281; x_wconf 84' lang='grc' dir='ltr'>Θεοῦ⁹</span> 
     </span>
    </p>
   </div>
   <div class='ocr_carea' id='block_1_92' title="bbox 2109 2305 3698 2379">
    <p class='ocr_par' dir='ltr' id='par_1_92' title="bbox 2109 2305 3698 2379">
     <span class='ocr_line' id='line_1_92' title="bbox 2109 2305 3698 2379; baseline 0.003 -20"><span class='ocrx_word' id='word_1_742' title='bbox 2109 2305 2303 2359; x_wconf 84' lang='grc' dir='ltr'>ἐαυτὸν</span> <span class='ocrx_word' id='word_1_743' title='bbox 2327 2306 2560 2360; x_wconf 87' lang='grc' dir='ltr'>ἐνταῦθα</span> <span class='ocrx_word' id='word_1_744' title='bbox 2585 2307 2821 2371; x_wconf 83' lang='grc' dir='ltr'>δεικνὺς,</span> <span class='ocrx_word' id='word_1_745' title='bbox 2856 2307 2951 2360; x_wconf 75' lang='grc' dir='ltr'>καὶ</span> <span class='ocrx_word' id='word_1_746' title='bbox 2980 2306 3158 2379; x_wconf 92' lang='grc' dir='ltr'>δηλῶν</span> <span class='ocrx_word' id='word_1_747' title='bbox 3184 2308 3267 2362; x_wconf 86' lang='grc' dir='ltr'>ὅτι</span> <span class='ocrx_word' id='word_1_748' title='bbox 3292 2310 3354 2362; x_wconf 86' lang='grc' dir='ltr'>οὐ</span> <span class='ocrx_word' id='word_1_749' title='bbox 3384 2309 3548 2363; x_wconf 88' lang='grc' dir='ltr'>τοῦτό</span> <span class='ocrx_word' id='word_1_750' title='bbox 3578 2310 3698 2364; x_wconf 81' lang='grc' dir='ltr'>ἐστι</span> 
     </span>
    </p>
   </div>
   <div class='ocr_carea' id='block_1_93' title="bbox 2109 2390 3696 2465">
    <p class='ocr_par' dir='ltr' id='par_1_93' title="bbox 2109 2390 3696 2465">
     <span class='ocr_line' id='line_1_93' title="bbox 2109 2390 3696 2465; baseline 0.004 -22"><span class='ocrx_word' id='word_1_751' title='bbox 2109 2390 2172 2443; x_wconf 82' lang='grc' dir='ltr'>τὸ</span> <span class='ocrx_word' id='word_1_752' title='bbox 2195 2390 2476 2461; x_wconf 86' lang='grc' dir='ltr'>ὁρώμενον</span> <span class='ocrx_word' id='word_1_753' title='bbox 2513 2391 2695 2461; x_wconf 84' lang='grc' dir='ltr'>μόνον,</span> <span class='ocrx_word' id='word_1_754' title='bbox 2736 2391 2851 2445; x_wconf 88' lang='grc' dir='ltr'>ἀλλ’</span> <span class='ocrx_word' id='word_1_755' title='bbox 2878 2390 3084 2464; x_wconf 86' lang='grc' dir='ltr'>ἐτέρων</span> <span class='ocrx_word' id='word_1_756' title='bbox 3109 2393 3243 2464; x_wconf 79' lang='grc' dir='ltr'>ἡμῖν</span> <span class='ocrx_word' id='word_1_757' title='bbox 3266 2394 3563 2465; x_wconf 86' lang='grc' dir='ltr'>ὀφθαλμῶν</span> <span class='ocrx_word' id='word_1_758' title='bbox 3594 2395 3696 2459; x_wconf 84' lang='grc' dir='ltr'>δεῖ,</span> 
     </span>
    </p>
   </div>
   <div class='ocr_carea' id='block_1_94' title="bbox 2109 2474 3696 2549">
    <p class='ocr_par' dir='ltr' id='par_1_94' title="bbox 2109 2474 3696 2549">
     <span class='ocr_line' id='line_1_94' title="bbox 2109 2474 3696 2549; baseline 0.001 -20"><span class='ocrx_word' id='word_1_759' title='bbox 2109 2474 2252 2529; x_wconf 81' lang='grc' dir='ltr'>ὥστε</span> <span class='ocrx_word' id='word_1_760' title='bbox 2289 2476 2417 2530; x_wconf 82' lang='grc' dir='ltr'>ίδεῖν</span> <span class='ocrx_word' id='word_1_761' title='bbox 2433 2476 2523 2529; x_wconf 87' lang='grc' dir='ltr'>τὸν</span> <span class='ocrx_word' id='word_1_762' title='bbox 2553 2477 2808 2548; x_wconf 86' lang='grc' dir='ltr'>Χριστόν.</span> <span class='ocrx_word' id='word_1_763' title='bbox 2842 2476 3028 2530; x_wconf 90' lang='grc' dir='ltr'>Ταῦτα</span> <span class='ocrx_word' id='word_1_764' title='bbox 3052 2477 3336 2539; x_wconf 85' lang='grc' dir='ltr'>ἀκούσαςό</span> <span class='ocrx_word' id='word_1_765' title='bbox 3364 2478 3696 2549; x_wconf 79' lang='grc' dir='ltr'>Νικόδημος,</span> 
     </span>
    </p>
   </div>
   <div class='ocr_carea' id='block_1_95' title="bbox 2110 2558 3700 2631">
    <p class='ocr_par' dir='ltr' id='par_1_95' title="bbox 2110 2558 3700 2631">
     <span class='ocr_line' id='line_1_95' title="bbox 2110 2558 3700 2631; baseline 0.001 -18"><span class='ocrx_word' id='word_1_766' title='bbox 2110 2559 2275 2629; x_wconf 90' lang='grc' dir='ltr'>φησίν</span> <span class='ocrx_word' id='word_1_767' title='bbox 2297 2576 2311 2591; x_wconf 87' lang='grc'><strong>·</strong></span> <span class='ocrx_word' id='word_1_768' title='bbox 2344 2558 2479 2627; x_wconf 87' lang='grc' dir='ltr'>Πῶς</span> <span class='ocrx_word' id='word_1_769' title='bbox 2512 2561 2763 2617; x_wconf 83' lang='grc' dir='ltr'>δύναται</span> <span class='ocrx_word' id='word_1_770' title='bbox 2783 2561 3096 2630; x_wconf 79' lang='grc' dir='ltr'>ἅνθρωπος</span> <span class='ocrx_word' id='word_1_771' title='bbox 3128 2560 3489 2631; x_wconf 80' lang='grc' dir='ltr'>γεννηθῆναι</span> <span class='ocrx_word' id='word_1_772' title='bbox 3512 2561 3700 2631; x_wconf 77' lang='grc' dir='ltr'>γέρων</span> 
     </span>
    </p>
   </div>
   <div class='ocr_carea' id='block_1_96' title="bbox 2108 2642 3699 2715">
    <p class='ocr_par' dir='ltr' id='par_1_96' title="bbox 2108 2642 3699 2715">
     <span class='ocr_line' id='line_1_96' title="bbox 2108 2642 3699 2715; baseline 0.001 -18"><span class='ocrx_word' id='word_1_773' title='bbox 2108 2642 2226 2708; x_wconf 70' lang='lat' dir='ltr'><strong><em>dir;</em></strong></span> <span class='ocrx_word' id='word_1_774' title='bbox 2276 2643 2469 2697; x_wconf 74' lang='grc' dir='ltr'>Ῥαϐϐὶ</span> <span class='ocrx_word' id='word_1_775' title='bbox 2502 2644 2667 2697; x_wconf 85' lang='grc' dir='ltr'>αὐτὸν</span> <span class='ocrx_word' id='word_1_776' title='bbox 2697 2644 2904 2708; x_wconf 84' lang='grc' dir='ltr'>καλεῖς,</span> <span class='ocrx_word' id='word_1_777' title='bbox 2933 2645 3026 2699; x_wconf 80' lang='grc' dir='ltr'>καὶ</span> <span class='ocrx_word' id='word_1_778' title='bbox 3064 2645 3172 2698; x_wconf 84' lang='grc' dir='ltr'>ἀπὸ</span> <span class='ocrx_word' id='word_1_779' title='bbox 3209 2644 3345 2697; x_wconf 85' lang='grc' dir='ltr'>Θεοῦ</span> <span class='ocrx_word' id='word_1_780' title='bbox 3379 2644 3699 2715; x_wconf 85' lang='grc' dir='ltr'>ἐληλυθέναι</span> 
     </span>
    </p>
   </div>
   <div class='ocr_carea' id='block_1_97' title="bbox 2113 2726 3700 2800">
    <p class='ocr_par' dir='ltr' id='par_1_97' title="bbox 2113 2726 3700 2800">
     <span class='ocr_line' id='line_1_97' title="bbox 2113 2726 3700 2800; baseline 0.002 -21"><span class='ocrx_word' id='word_1_781' title='bbox 2113 2726 2316 2797; x_wconf 90' lang='grc' dir='ltr'>λέγεις,</span> <span class='ocrx_word' id='word_1_782' title='bbox 2353 2727 2449 2781; x_wconf 81' lang='grc' dir='ltr'>καὶ</span> <span class='ocrx_word' id='word_1_783' title='bbox 2492 2728 2554 2780; x_wconf 91' lang='grc' dir='ltr'>οὐ</span> <span class='ocrx_word' id='word_1_784' title='bbox 2594 2728 2724 2799; x_wconf 82' lang='grc' dir='ltr'>δέχῃ</span> <span class='ocrx_word' id='word_1_785' title='bbox 2756 2728 2827 2781; x_wconf 90' lang='grc' dir='ltr'>τά</span> <span class='ocrx_word' id='word_1_786' title='bbox 2855 2727 3147 2799; x_wconf 87' lang='grc' dir='ltr'>λεγόμενα,</span> <span class='ocrx_word' id='word_1_787' title='bbox 3182 2728 3315 2781; x_wconf 84' lang='grc' dir='ltr'>ἀλλὰ</span> <span class='ocrx_word' id='word_1_788' title='bbox 3346 2727 3445 2800; x_wconf 79' lang='grc' dir='ltr'>τὴν</span> <span class='ocrx_word' id='word_1_789' title='bbox 3472 2728 3700 2793; x_wconf 84' lang='grc' dir='ltr'>πολλοὺς</span> 
     </span>
    </p>
   </div>
   <div class='ocr_carea' id='block_1_98' title="bbox 2108 2810 3699 2884">
    <p class='ocr_par' dir='ltr' id='par_1_98' title="bbox 2108 2810 3699 2884">
     <span class='ocr_line' id='line_1_98' title="bbox 2108 2810 3699 2884; baseline 0 -19"><span class='ocrx_word' id='word_1_790' title='bbox 2108 2810 2372 2883; x_wconf 90' lang='grc' dir='ltr'>θορύϐους</span> <span class='ocrx_word' id='word_1_791' title='bbox 2406 2810 2808 2879; x_wconf 83' lang='grc' dir='ltr'>ἐπεισάγουσαν</span> <span class='ocrx_word' id='word_1_792' title='bbox 2842 2811 2986 2877; x_wconf 84' lang='grc' dir='ltr'>λέξιν</span> <span class='ocrx_word' id='word_1_793' title='bbox 3018 2812 3232 2884; x_wconf 86' lang='grc' dir='ltr'>φθέγγῃ</span> <span class='ocrx_word' id='word_1_794' title='bbox 3262 2811 3397 2883; x_wconf 83' lang='grc' dir='ltr'>πρὸς</span> <span class='ocrx_word' id='word_1_795' title='bbox 3431 2811 3520 2865; x_wconf 73' lang='grc' dir='ltr'>τὸν</span> <span class='ocrx_word' id='word_1_796' title='bbox 3552 2812 3699 2866; x_wconf 87' lang='grc' dir='ltr'>διδά-</span> 
     </span>
    </p>
   </div>
   <div class='ocr_carea' id='block_1_99' title="bbox 2110 2894 3697 2967">
    <p class='ocr_par' dir='ltr' id='par_1_99' title="bbox 2110 2894 3697 2967">
     <span class='ocr_line' id='line_1_99' title="bbox 2110 2894 3697 2967; baseline -0.002 -17"><span class='ocrx_word' id='word_1_797' title='bbox 2110 2897 2307 2950; x_wconf 87' lang='grc' dir='ltr'>σκαλον</span> <span class='ocrx_word' id='word_1_798' title='bbox 2332 2913 2346 2961; x_wconf 92' lang='grc'><strong>;</strong></span> <span class='ocrx_word' id='word_1_799' title='bbox 2369 2895 2443 2948; x_wconf 86' lang='grc' dir='ltr'>Τὸ</span> <span class='ocrx_word' id='word_1_800' title='bbox 2457 2894 2584 2967; x_wconf 89' lang='grc' dir='ltr'>γάρ,</span> <span class='ocrx_word' id='word_1_801' title='bbox 2600 2894 2752 2961; x_wconf 88' lang='grc' dir='ltr'>Πῶς,</span> <span class='ocrx_word' id='word_1_802' title='bbox 2774 2894 2955 2959; x_wconf 86' lang='grc' dir='ltr'>τοῦτο,</span> <span class='ocrx_word' id='word_1_803' title='bbox 2978 2896 3085 2948; x_wconf 88' lang='grc' dir='ltr'>τῶν</span> <span class='ocrx_word' id='word_1_804' title='bbox 3105 2896 3163 2948; x_wconf 86' lang='grc' dir='ltr'>οὐ</span> <span class='ocrx_word' id='word_1_805' title='bbox 3185 2896 3388 2966; x_wconf 89' lang='grc' dir='ltr'>σφόδρα</span> <span class='ocrx_word' id='word_1_806' title='bbox 3408 2896 3697 2949; x_wconf 83' lang='grc' dir='ltr'>πιστευόν-</span> 
     </span>
    </p>
   </div>
   <div class='ocr_carea' id='block_1_100' title="bbox 2107 2976 3700 3050">
    <p class='ocr_par' dir='ltr' id='par_1_100' title="bbox 2107 2976 3700 3050">
     <span class='ocr_line' id='line_1_100' title="bbox 2107 2976 3700 3050; baseline -0.003 -15"><span class='ocrx_word' id='word_1_807' title='bbox 2107 2998 2216 3035; x_wconf 90' lang='grc' dir='ltr'>των</span> <span class='ocrx_word' id='word_1_808' title='bbox 2249 2980 2398 3033; x_wconf 75' lang='grc' dir='ltr'>ἐστὶν</span> <span class='ocrx_word' id='word_1_809' title='bbox 2429 2980 2792 3050; x_wconf 87' lang='grc' dir='ltr'>ἐπαπόρησις,</span> <span class='ocrx_word' id='word_1_810' title='bbox 2815 2978 2925 3032; x_wconf 90' lang='grc' dir='ltr'>τῶν</span> <span class='ocrx_word' id='word_1_811' title='bbox 2946 2978 3053 3032; x_wconf 83' lang='grc' dir='ltr'>ἀπὸ</span> <span class='ocrx_word' id='word_1_812' title='bbox 3078 2980 3180 3050; x_wconf 90' lang='grc' dir='ltr'>γῆς</span> <span class='ocrx_word' id='word_1_813' title='bbox 3212 2979 3380 3033; x_wconf 77' lang='grc' dir='ltr'>ὄντων</span> <span class='ocrx_word' id='word_1_814' title='bbox 3409 2979 3507 3033; x_wconf 81' lang='grc' dir='ltr'>ἐτι.</span> <span class='ocrx_word' id='word_1_815' title='bbox 3544 2976 3700 3032; x_wconf 71' lang='grc' dir='ltr'>Ἐπεὶ</span> 
     </span>
    </p>
   </div>
   <div class='ocr_carea' id='block_1_101' title="bbox 2107 3061 3701 3137">
    <p class='ocr_par' dir='ltr' id='par_1_101' title="bbox 2107 3061 3701 3137">
     <span class='ocr_line' id='line_1_101' title="bbox 2107 3061 3701 3137; baseline -0.002 -19"><span class='ocrx_word' id='word_1_816' title='bbox 2107 3065 2201 3118; x_wconf 76' lang='grc' dir='ltr'>καὶ</span> <span class='ocrx_word' id='word_1_817' title='bbox 2255 3067 2289 3137; x_wconf 84' lang='grc' dir='ltr'>ή</span> <span class='ocrx_word' id='word_1_818' title='bbox 2338 3064 2524 3135; x_wconf 80' lang='grc' dir='ltr'>Σάρρα</span> <span class='ocrx_word' id='word_1_819' title='bbox 2570 3062 2657 3117; x_wconf 77' lang='grc' dir='ltr'>διὰ</span> <span class='ocrx_word' id='word_1_820' title='bbox 2694 3062 2855 3116; x_wconf 87' lang='grc' dir='ltr'>τοῦτο</span> <span class='ocrx_word' id='word_1_821' title='bbox 2904 3062 3183 3130; x_wconf 82' lang='grc' dir='ltr'>ἐγέλασεν,</span> <span class='ocrx_word' id='word_1_822' title='bbox 3235 3062 3421 3135; x_wconf 84' lang='grc' dir='ltr'>ἐπειδὴ</span> <span class='ocrx_word' id='word_1_823' title='bbox 3468 3061 3530 3116; x_wconf 85' lang='grc' dir='ltr'>τό</span> <span class='ocrx_word' id='word_1_824' title='bbox 3574 3063 3701 3128; x_wconf 88' lang='grc' dir='ltr'>Πῶς</span> 
     </span>
    </p>
   </div>
   <div class='ocr_carea' id='block_1_102' title="bbox 2106 3144 3700 3218">
    <p class='ocr_par' dir='ltr' id='par_1_102' title="bbox 2106 3144 3700 3218">
     <span class='ocr_line' id='line_1_102' title="bbox 2106 3144 3700 3218; baseline 0 -19"><span class='ocrx_word' id='word_1_825' title='bbox 2106 3144 2227 3201; x_wconf 76' lang='grc' dir='ltr'>εἷπε</span> <span class='ocrx_word' id='word_1_826' title='bbox 2242 3164 2256 3178; x_wconf 74' lang='grc'><strong><em>⁸</em></strong></span> <span class='ocrx_word' id='word_1_827' title='bbox 2282 3147 2376 3201; x_wconf 74' lang='grc' dir='ltr'>καὶ</span> <span class='ocrx_word' id='word_1_828' title='bbox 2400 3146 2550 3201; x_wconf 84' lang='grc' dir='ltr'>ἀλλοι</span> <span class='ocrx_word' id='word_1_829' title='bbox 2568 3146 2752 3199; x_wconf 76' lang='grc' dir='ltr'>πολλοὶ</span> <span class='ocrx_word' id='word_1_830' title='bbox 2771 3144 2928 3199; x_wconf 88' lang='grc' dir='ltr'>τοῦτο</span> <span class='ocrx_word' id='word_1_831' title='bbox 2948 3146 3301 3218; x_wconf 76' lang='grc' dir='ltr'>ζητήσαντες,</span> <span class='ocrx_word' id='word_1_832' title='bbox 3324 3147 3426 3216; x_wconf 85' lang='grc' dir='ltr'>τῆς</span> <span class='ocrx_word' id='word_1_833' title='bbox 3463 3146 3700 3208; x_wconf 78' lang='grc' dir='ltr'>πίστεως</span> 
     </span>
    </p>
   </div>
   <div class='ocr_carea' id='block_1_103' title="bbox 2106 3230 2381 3295">
    <p class='ocr_par' dir='ltr' id='par_1_103' title="bbox 2106 3230 2381 3295">
     <span class='ocr_line' id='line_1_103' title="bbox 2106 3230 2381 3295; baseline 0 -12"><span class='ocrx_word' id='word_1_834' title='bbox 2106 3230 2381 3295; x_wconf 86' lang='grc' dir='ltr'>ἐξέπεσον.</span> 
     </span>
    </p>
   </div>
   <div class='ocr_carea' id='block_1_104' title="bbox 2174 3310 3697 3383">
    <p class='ocr_par' dir='ltr' id='par_1_104' title="bbox 2174 3310 3697 3383">
     <span class='ocr_line' id='line_1_104' title="bbox 2174 3310 3697 3383; baseline -0.001 -17"><span class='ocrx_word' id='word_1_835' title='bbox 2174 3310 2243 3381; x_wconf 85' lang='grc' dir='ltr'>γ’.</span> <span class='ocrx_word' id='word_1_836' title='bbox 2277 3310 2437 3365; x_wconf 79' lang='grc' dir='ltr'>Οῦτω</span> <span class='ocrx_word' id='word_1_837' title='bbox 2456 3312 2551 3365; x_wconf 78' lang='grc' dir='ltr'>καὶ</span> <span class='ocrx_word' id='word_1_838' title='bbox 2574 3312 2843 3383; x_wconf 73' lang='grc' dir='ltr'>αἰρετικοὶ</span> <span class='ocrx_word' id='word_1_839' title='bbox 2882 3311 3137 3383; x_wconf 90' lang='grc' dir='ltr'>μένουσιν</span> <span class='ocrx_word' id='word_1_840' title='bbox 3167 3312 3262 3365; x_wconf 78' lang='grc' dir='ltr'>ἐπὶ</span> <span class='ocrx_word' id='word_1_841' title='bbox 3282 3311 3380 3382; x_wconf 83' lang='grc' dir='ltr'>τῆς</span> <span class='ocrx_word' id='word_1_842' title='bbox 3406 3311 3697 3382; x_wconf 77' lang='grc' dir='ltr'>αἱρέσεως,</span> 
     </span>
    </p>
   </div>
   <div class='ocr_carea' id='block_1_105' title="bbox 2104 3394 3699 3467">
    <p class='ocr_par' dir='ltr' id='par_1_105' title="bbox 2104 3394 3699 3467">
     <span class='ocr_line' id='line_1_105' title="bbox 2104 3394 3699 3467; baseline -0.001 -19"><span class='ocrx_word' id='word_1_843' title='bbox 2104 3395 2309 3465; x_wconf 88' lang='grc' dir='ltr'>ταύτην</span> <span class='ocrx_word' id='word_1_844' title='bbox 2329 3394 2598 3466; x_wconf 89' lang='grc' dir='ltr'>πολλαχοῦ</span> <span class='ocrx_word' id='word_1_845' title='bbox 2621 3395 2718 3467; x_wconf 84' lang='grc' dir='ltr'>τὴν</span> <span class='ocrx_word' id='word_1_846' title='bbox 2737 3395 2881 3460; x_wconf 85' lang='grc' dir='ltr'>λέξιν</span> <span class='ocrx_word' id='word_1_847' title='bbox 2893 3394 3299 3465; x_wconf 63' lang='grc' dir='ltr'>ἐπιζητοῦντες</span> <span class='ocrx_word' id='word_1_848' title='bbox 3324 3396 3375 3447; x_wconf 83' lang='grc' dir='ltr'>οἰ</span> <span class='ocrx_word' id='word_1_849' title='bbox 3400 3396 3499 3465; x_wconf 88' lang='grc' dir='ltr'>μὲν</span> <span class='ocrx_word' id='word_1_850' title='bbox 3515 3394 3699 3463; x_wconf 83' lang='grc' dir='ltr'>λέγον-</span> 
     </span>
    </p>
   </div>
   <div class='ocr_carea' id='block_1_106' title="bbox 2104 3478 3697 3553">
    <p class='ocr_par' dir='ltr' id='par_1_106' title="bbox 2104 3478 3697 3553">
     <span class='ocr_line' id='line_1_106' title="bbox 2104 3478 3697 3553; baseline 0.001 -22"><span class='ocrx_word' id='word_1_851' title='bbox 2104 3495 2216 3541; x_wconf 88' lang='grc' dir='ltr'>τες,</span> <span class='ocrx_word' id='word_1_852' title='bbox 2232 3478 2355 3541; x_wconf 92' lang='grc' dir='ltr'>Πῶς</span> <span class='ocrx_word' id='word_1_853' title='bbox 2374 3478 2689 3553; x_wconf 85' lang='grc' dir='ltr'>ἐσαρκώθη;</span> <span class='ocrx_word' id='word_1_854' title='bbox 2707 3480 2755 3532; x_wconf 92' lang='grc' dir='ltr'>οἰ</span> <span class='ocrx_word' id='word_1_855' title='bbox 2774 3479 2829 3532; x_wconf 85' lang='grc' dir='ltr'>δὲ</span> <span class='ocrx_word' id='word_1_856' title='bbox 2850 3478 3122 3547; x_wconf 87' lang='grc' dir='ltr'>λέγοντες,</span> <span class='ocrx_word' id='word_1_857' title='bbox 3140 3478 3264 3540; x_wconf 87' lang='grc' dir='ltr'>Πῶς</span> <span class='ocrx_word' id='word_1_858' title='bbox 3282 3478 3542 3549; x_wconf 84' lang='grc' dir='ltr'>ἐγεννήθη</span> <span class='ocrx_word' id='word_1_859' title='bbox 3564 3495 3579 3543; x_wconf 89' lang='lat'><strong>;</strong></span> <span class='ocrx_word' id='word_1_860' title='bbox 3601 3478 3697 3532; x_wconf 72' lang='grc' dir='ltr'>καὶ</span> 
     </span>
    </p>
   </div>
   <div class='ocr_carea' id='block_1_107' title="bbox 2102 3562 3695 3634">
    <p class='ocr_par' dir='ltr' id='par_1_107' title="bbox 2102 3562 3695 3634">
     <span class='ocr_line' id='line_1_107' title="bbox 2102 3562 3695 3634; baseline 0.002 -20"><span class='ocrx_word' id='word_1_861' title='bbox 2102 3565 2170 3634; x_wconf 79' lang='grc' dir='ltr'>τῇ</span> <span class='ocrx_word' id='word_1_862' title='bbox 2187 3562 2296 3614; x_wconf 91' lang='grc' dir='ltr'>τῶν</span> <span class='ocrx_word' id='word_1_863' title='bbox 2313 3563 2530 3615; x_wconf 87' lang='grc' dir='ltr'>οἰκείων</span> <span class='ocrx_word' id='word_1_864' title='bbox 2542 3562 2818 3633; x_wconf 87' lang='grc' dir='ltr'>λογισμῶν</span> <span class='ocrx_word' id='word_1_865' title='bbox 2840 3562 3098 3633; x_wconf 75' lang='grc' dir='ltr'>ἀσθενείᾳ</span> <span class='ocrx_word' id='word_1_866' title='bbox 3112 3562 3212 3630; x_wconf 85' lang='grc' dir='ltr'>τὴν</span> <span class='ocrx_word' id='word_1_867' title='bbox 3230 3562 3456 3632; x_wconf 78' lang='grc' dir='ltr'>ἄπειρον</span> <span class='ocrx_word' id='word_1_868' title='bbox 3476 3562 3695 3633; x_wconf 85' lang='grc' dir='ltr'>ἐκείνην</span> 
     </span>
    </p>
   </div>
   <div class='ocr_carea' id='block_1_108' title="bbox 2104 3642 3696 3719">
    <p class='ocr_par' dir='ltr' id='par_1_108' title="bbox 2104 3642 3696 3719">
     <span class='ocr_line' id='line_1_108' title="bbox 2104 3642 3696 3719; baseline -0.001 -20"><span class='ocrx_word' id='word_1_869' title='bbox 2104 3645 2503 3709; x_wconf 86' lang='grc' dir='ltr'>ὑποϐάλλοντες</span> <span class='ocrx_word' id='word_1_870' title='bbox 2530 3646 2740 3701; x_wconf 84' lang='grc' dir='ltr'>οὐσίαν.</span> <span class='ocrx_word' id='word_1_871' title='bbox 2774 3647 2954 3717; x_wconf 71' lang='grc' dir='ltr'>’Δπερ</span> <span class='ocrx_word' id='word_1_872' title='bbox 2980 3642 3073 3700; x_wconf 80' lang='grc' dir='ltr'>οῦν</span> <span class='ocrx_word' id='word_1_873' title='bbox 3094 3645 3304 3709; x_wconf 84' lang='grc' dir='ltr'>είδότας</span> <span class='ocrx_word' id='word_1_874' title='bbox 3336 3647 3558 3715; x_wconf 87' lang='grc' dir='ltr'>φεύγειν</span> <span class='ocrx_word' id='word_1_875' title='bbox 3589 3645 3696 3719; x_wconf 78' lang='grc' dir='ltr'>χρὴ</span> 
     </span>
    </p>
   </div>
   <div class='ocr_carea' id='block_1_109' title="bbox 2101 3728 3695 3801">
    <p class='ocr_par' dir='ltr' id='par_1_109' title="bbox 2101 3728 3695 3801">
     <span class='ocr_line' id='line_1_109' title="bbox 2101 3728 3695 3801; baseline 0.002 -21"><span class='ocrx_word' id='word_1_876' title='bbox 2101 3729 2197 3800; x_wconf 83' lang='grc' dir='ltr'>τὴν</span> <span class='ocrx_word' id='word_1_877' title='bbox 2232 3728 2460 3799; x_wconf 85' lang='grc' dir='ltr'>ἄκαιρον</span> <span class='ocrx_word' id='word_1_878' title='bbox 2490 3729 2694 3800; x_wconf 87' lang='grc' dir='ltr'>ταύτην</span> <span class='ocrx_word' id='word_1_879' title='bbox 2720 3728 3274 3801; x_wconf 86' lang='grc' dir='ltr'>πολυπραγμοσύνην.</span> <span class='ocrx_word' id='word_1_880' title='bbox 3313 3729 3450 3782; x_wconf 79' lang='grc' dir='ltr'>Οῦτε</span> <span class='ocrx_word' id='word_1_881' title='bbox 3483 3730 3591 3800; x_wconf 85' lang='grc' dir='ltr'>γὰρ</span> <span class='ocrx_word' id='word_1_882' title='bbox 3632 3728 3695 3784; x_wconf 86' lang='grc' dir='ltr'>τὸ</span> 
     </span>
    </p>
   </div>
   <div class='ocr_carea' id='block_1_110' title="bbox 2102 3811 3694 3881">
    <p class='ocr_par' dir='ltr' id='par_1_110' title="bbox 2102 3811 3694 3881">
     <span class='ocr_line' id='line_1_110' title="bbox 2102 3811 3694 3881; baseline 0.001 -17"><span class='ocrx_word' id='word_1_883' title='bbox 2102 3813 2226 3875; x_wconf 85' lang='grc' dir='ltr'>Πῶς</span> <span class='ocrx_word' id='word_1_884' title='bbox 2264 3812 2501 3865; x_wconf 77' lang='grc' dir='ltr'>εἴσονται</span> <span class='ocrx_word' id='word_1_885' title='bbox 2539 3812 2634 3865; x_wconf 79' lang='grc' dir='ltr'>καὶ</span> <span class='ocrx_word' id='word_1_886' title='bbox 2685 3813 2737 3864; x_wconf 89' lang='grc' dir='ltr'>οἱ</span> <span class='ocrx_word' id='word_1_887' title='bbox 2779 3811 2952 3864; x_wconf 88' lang='grc' dir='ltr'>ταῦτα</span> <span class='ocrx_word' id='word_1_888' title='bbox 2992 3811 3302 3881; x_wconf 80' lang='grc' dir='ltr'>ζητοῦντες,</span> <span class='ocrx_word' id='word_1_889' title='bbox 3338 3812 3432 3864; x_wconf 75' lang='grc' dir='ltr'>καὶ</span> <span class='ocrx_word' id='word_1_890' title='bbox 3458 3812 3694 3876; x_wconf 82' lang='grc' dir='ltr'>πίστεως</span> 
     </span>
    </p>
   </div>
   <div class='ocr_carea' id='block_1_111' title="bbox 2101 3890 3691 3966">
    <p class='ocr_par' dir='ltr' id='par_1_111' title="bbox 2101 3890 3691 3966">
     <span class='ocr_line' id='line_1_111' title="bbox 2101 3890 3691 3966; baseline 0.001 -19"><span class='ocrx_word' id='word_1_891' title='bbox 2101 3895 2457 3949; x_wconf 87' lang='grc' dir='ltr'>ἐκπεσοῦνται</span> <span class='ocrx_word' id='word_1_892' title='bbox 2489 3894 2589 3965; x_wconf 89' lang='grc' dir='ltr'>τῆς</span> <span class='ocrx_word' id='word_1_893' title='bbox 2618 3894 2805 3966; x_wconf 84' lang='grc' dir='ltr'>ὀρθῆς.</span> <span class='ocrx_word' id='word_1_894' title='bbox 2850 3894 2949 3947; x_wconf 87' lang='grc' dir='ltr'>Διά</span> <span class='ocrx_word' id='word_1_895' title='bbox 2975 3895 3135 3948; x_wconf 92' lang='grc' dir='ltr'>τοῦτο</span> <span class='ocrx_word' id='word_1_896' title='bbox 3176 3896 3270 3948; x_wconf 75' lang='grc' dir='ltr'>καὶ</span> <span class='ocrx_word' id='word_1_897' title='bbox 3308 3890 3462 3959; x_wconf 76' lang='grc' dir='ltr'>οὗτος</span> <span class='ocrx_word' id='word_1_898' title='bbox 3500 3896 3691 3949; x_wconf 80' lang='grc' dir='ltr'>διαπο-</span> 
     </span>
    </p>
   </div>
   <div class='ocr_carea' id='block_1_112' title="bbox 2103 3977 3693 4052">
    <p class='ocr_par' dir='ltr' id='par_1_112' title="bbox 2103 3977 3693 4052">
     <span class='ocr_line' id='line_1_112' title="bbox 2103 3977 3693 4052; baseline 0 -20"><span class='ocrx_word' id='word_1_899' title='bbox 2103 3980 2213 4052; x_wconf 90' lang='grc' dir='ltr'>ρῶν</span> <span class='ocrx_word' id='word_1_900' title='bbox 2254 3977 2299 4041; x_wconf 72' lang='grc' dir='ltr'>ί,</span> <span class='ocrx_word' id='word_1_901' title='bbox 2330 3979 2485 4052; x_wconf 70' lang='lat' dir='ltr'>[1M]</span> <span class='ocrx_word' id='word_1_902' title='bbox 2512 3980 2603 4031; x_wconf 83' lang='grc' dir='ltr'>τὸν</span> <span class='ocrx_word' id='word_1_903' title='bbox 2632 3978 2834 4050; x_wconf 86' lang='grc' dir='ltr'>τρόπον</span> <span class='ocrx_word' id='word_1_904' title='bbox 2862 3978 3115 4051; x_wconf 79' lang='grc' dir='ltr'>ἐπιζητεῖ</span> <span class='ocrx_word' id='word_1_905' title='bbox 3162 3981 3279 4048; x_wconf 76' lang='grc' dir='ltr'>(καὶ</span> <span class='ocrx_word' id='word_1_906' title='bbox 3306 3979 3415 4052; x_wconf 85' lang='grc' dir='ltr'>γάρ</span> <span class='ocrx_word' id='word_1_907' title='bbox 3456 3980 3693 4050; x_wconf 83' lang='grc' dir='ltr'>συνῆκεν</span> 
     </span>
    </p>
   </div>
   <div class='ocr_carea' id='block_1_113' title="bbox 2099 4061 3693 4136">
    <p class='ocr_par' dir='ltr' id='par_1_113' title="bbox 2099 4061 3693 4136">
     <span class='ocr_line' id='line_1_113' title="bbox 2099 4061 3693 4136; baseline -0.001 -19"><span class='ocrx_word' id='word_1_908' title='bbox 2099 4065 2184 4117; x_wconf 89' lang='grc' dir='ltr'>ὃτι</span> <span class='ocrx_word' id='word_1_909' title='bbox 2210 4064 2303 4117; x_wconf 71' lang='grc' dir='ltr'>καὶ</span> <span class='ocrx_word' id='word_1_910' title='bbox 2348 4062 2484 4132; x_wconf 75' lang='grc' dir='ltr'>πρὸς</span> <span class='ocrx_word' id='word_1_911' title='bbox 2515 4062 2677 4115; x_wconf 84' lang='grc' dir='ltr'>αὐτὸν</span> <span class='ocrx_word' id='word_1_912' title='bbox 2704 4061 2922 4131; x_wconf 90' lang='grc' dir='ltr'>λέγεται</span> <span class='ocrx_word' id='word_1_913' title='bbox 2950 4064 3011 4117; x_wconf 81' lang='grc' dir='ltr'>τὸ</span> <span class='ocrx_word' id='word_1_914' title='bbox 3036 4063 3374 4136; x_wconf 86' lang='grc' dir='ltr'>λεγόμενον),</span> <span class='ocrx_word' id='word_1_915' title='bbox 3408 4064 3502 4116; x_wconf 76' lang='grc' dir='ltr'>καὶ</span> <span class='ocrx_word' id='word_1_916' title='bbox 3534 4064 3693 4133; x_wconf 73' lang='grc' dir='ltr'>θορυο</span> 
     </span>
    </p>
   </div>
   <div class='ocr_carea' id='block_1_114' title="bbox 2098 4146 3692 4218">
    <p class='ocr_par' dir='ltr' id='par_1_114' title="bbox 2098 4146 3692 4218">
     <span class='ocr_line' id='line_1_114' title="bbox 2098 4146 3692 4218; baseline 0.001 -20"><span class='ocrx_word' id='word_1_917' title='bbox 2098 4146 2297 4210; x_wconf 88' lang='grc' dir='ltr'>ϐεῖται,</span> <span class='ocrx_word' id='word_1_918' title='bbox 2335 4146 2429 4201; x_wconf 77' lang='grc' dir='ltr'>καὶ</span> <span class='ocrx_word' id='word_1_919' title='bbox 2485 4147 2713 4217; x_wconf 85' lang='grc' dir='ltr'>ἰλιγγιᾷ,</span> <span class='ocrx_word' id='word_1_920' title='bbox 2751 4147 2846 4200; x_wconf 79' lang='grc' dir='ltr'>καὶ</span> <span class='ocrx_word' id='word_1_921' title='bbox 2890 4148 2948 4200; x_wconf 88' lang='grc' dir='ltr'>ἐν</span> <span class='ocrx_word' id='word_1_922' title='bbox 2992 4147 3275 4218; x_wconf 79' lang='grc' dir='ltr'>ἀμηχανίᾳ</span> <span class='ocrx_word' id='word_1_923' title='bbox 3304 4148 3470 4208; x_wconf 78' lang='grc' dir='ltr'>ἐστὶν.</span> <span class='ocrx_word' id='word_1_924' title='bbox 3520 4147 3692 4200; x_wconf 85' lang='grc' dir='ltr'>ἐλθὼν</span> 
     </span>
    </p>
   </div>
   <div class='ocr_carea' id='block_1_115' title="bbox 2102 4228 3691 4303">
    <p class='ocr_par' dir='ltr' id='par_1_115' title="bbox 2102 4228 3691 4303">
     <span class='ocr_line' id='line_1_115' title="bbox 2102 4228 3691 4303; baseline 0.001 -20"><span class='ocrx_word' id='word_1_925' title='bbox 2102 4230 2199 4299; x_wconf 80' lang='grc' dir='ltr'>μὲν</span> <span class='ocrx_word' id='word_1_926' title='bbox 2234 4231 2309 4293; x_wconf 85' lang='grc' dir='ltr'>ὼς</span> <span class='ocrx_word' id='word_1_927' title='bbox 2344 4230 2425 4293; x_wconf 88' lang='grc' dir='ltr'>εἰς</span> <span class='ocrx_word' id='word_1_928' title='bbox 2466 4230 2776 4300; x_wconf 83' lang='grc' dir='ltr'>ἄνθρωπον,</span> <span class='ocrx_word' id='word_1_929' title='bbox 2830 4228 3047 4283; x_wconf 90' lang='grc' dir='ltr'>ἀκούων</span> <span class='ocrx_word' id='word_1_930' title='bbox 3090 4231 3149 4283; x_wconf 83' lang='grc' dir='ltr'>δέ</span> <span class='ocrx_word' id='word_1_931' title='bbox 3185 4231 3407 4300; x_wconf 73' lang='grc' dir='ltr'>μείζονα</span> <span class='ocrx_word' id='word_1_932' title='bbox 3454 4232 3488 4300; x_wconf 86' lang='grc' dir='ltr'>ἢ</span> <span class='ocrx_word' id='word_1_933' title='bbox 3539 4233 3691 4303; x_wconf 85' lang='grc' dir='ltr'>παρά</span> 
     </span>
    </p>
   </div>
   <div class='ocr_carea' id='block_1_116' title="bbox 2097 4312 3687 4385">
    <p class='ocr_par' dir='ltr' id='par_1_116' title="bbox 2097 4312 3687 4385">
     <span class='ocr_line' id='line_1_116' title="bbox 2097 4312 3687 4385; baseline 0.001 -18"><span class='ocrx_word' id='word_1_934' title='bbox 2097 4312 2419 4385; x_wconf 84' lang='grc' dir='ltr'>ἀνθρώπου,</span> <span class='ocrx_word' id='word_1_935' title='bbox 2450 4315 2545 4366; x_wconf 65' lang='grc' dir='ltr'>καλ⁷</span> <span class='ocrx_word' id='word_1_936' title='bbox 2570 4314 2606 4368; x_wconf 81' lang='grc' dir='ltr'>ἀ</span> <span class='ocrx_word' id='word_1_937' title='bbox 2649 4315 2838 4384; x_wconf 80' lang='grc' dir='ltr'>μηδεὶς</span> <span class='ocrx_word' id='word_1_938' title='bbox 2869 4315 3072 4385; x_wconf 70' lang='grc' dir='ltr'>ἢκουσε</span> <span class='ocrx_word' id='word_1_939' title='bbox 3107 4316 3328 4368; x_wconf 88' lang='grc' dir='ltr'>πώποτε</span> <span class='ocrx_word' id='word_1_940' title='bbox 3349 4332 3362 4345; x_wconf 77' lang='grc'><strong><em>⁸</em></strong></span> <span class='ocrx_word' id='word_1_941' title='bbox 3396 4316 3493 4369; x_wconf 74' lang='grc' dir='ltr'>καὶ</span> <span class='ocrx_word' id='word_1_942' title='bbox 3537 4315 3687 4369; x_wconf 88' lang='grc' dir='ltr'>διαν-</span> 
     </span>
    </p>
   </div>
   <div class='ocr_carea' id='block_1_117' title="bbox 2101 4396 3687 4468">
    <p class='ocr_par' dir='ltr' id='par_1_117' title="bbox 2101 4396 3687 4468">
     <span class='ocr_line' id='line_1_117' title="bbox 2101 4396 3687 4468; baseline 0 -17"><span class='ocrx_word' id='word_1_943' title='bbox 2101 4398 2313 4451; x_wconf 89' lang='grc' dir='ltr'>ίσταται</span> <span class='ocrx_word' id='word_1_944' title='bbox 2338 4396 2438 4467; x_wconf 79' lang='grc' dir='ltr'>μὲν</span> <span class='ocrx_word' id='word_1_945' title='bbox 2474 4396 2612 4468; x_wconf 86' lang='grc' dir='ltr'>πρὸς</span> <span class='ocrx_word' id='word_1_946' title='bbox 2640 4398 2703 4450; x_wconf 85' lang='grc' dir='ltr'>τὸ</span> <span class='ocrx_word' id='word_1_947' title='bbox 2734 4397 2866 4467; x_wconf 81' lang='grc' dir='ltr'>ῦψος</span> <span class='ocrx_word' id='word_1_948' title='bbox 2894 4397 3005 4450; x_wconf 92' lang='grc' dir='ltr'>τῶν</span> <span class='ocrx_word' id='word_1_949' title='bbox 3024 4398 3335 4468; x_wconf 83' lang='grc' dir='ltr'>λεγομένων</span> <span class='ocrx_word' id='word_1_950' title='bbox 3360 4400 3523 4463; x_wconf 88' lang='grc' dir='ltr'>τέως,</span> <span class='ocrx_word' id='word_1_951' title='bbox 3558 4417 3687 4453; x_wconf 86' lang='grc' dir='ltr'>σκο-</span> 
     </span>
    </p>
   </div>
   <div class='ocr_carea' id='block_1_118' title="bbox 2096 4479 3687 4554">
    <p class='ocr_par' dir='ltr' id='par_1_118' title="bbox 2096 4479 3687 4554">
     <span class='ocr_line' id='line_1_118' title="bbox 2096 4479 3687 4554; baseline 0.002 -21"><span class='ocrx_word' id='word_1_952' title='bbox 2096 4479 2283 4533; x_wconf 88' lang='grc' dir='ltr'>τοῦται</span> <span class='ocrx_word' id='word_1_953' title='bbox 2312 4480 2390 4544; x_wconf 84' lang='grc' dir='ltr'>δὲ,</span> <span class='ocrx_word' id='word_1_954' title='bbox 2427 4481 2521 4534; x_wconf 79' lang='grc' dir='ltr'>καί</span> <span class='ocrx_word' id='word_1_955' title='bbox 2554 4482 2652 4549; x_wconf 90' lang='grc' dir='ltr'>οὐχ</span> <span class='ocrx_word' id='word_1_956' title='bbox 2678 4481 2916 4546; x_wconf 79' lang='grc' dir='ltr'>ἵσταται,</span> <span class='ocrx_word' id='word_1_957' title='bbox 2948 4481 3226 4553; x_wconf 87' lang='grc' dir='ltr'>πανταχοῦ</span> <span class='ocrx_word' id='word_1_958' title='bbox 3254 4483 3687 4554; x_wconf 84' lang='grc' dir='ltr'>περιφερόμενος</span> 
     </span>
    </p>
   </div>
   <div class='ocr_carea' id='block_1_119' title="bbox 2097 4562 3681 4638">
    <p class='ocr_par' dir='ltr' id='par_1_119' title="bbox 2097 4562 3681 4638">
     <span class='ocr_line' id='line_1_119' title="bbox 2097 4562 3681 4638; baseline 0.003 -22"><span class='ocrx_word' id='word_1_959' title='bbox 2097 4563 2192 4616; x_wconf 79' lang='grc' dir='ltr'>καὶ</span> <span class='ocrx_word' id='word_1_960' title='bbox 2220 4562 2459 4633; x_wconf 81' lang='grc' dir='ltr'>συνεχῶς</span> <span class='ocrx_word' id='word_1_961' title='bbox 2483 4565 2766 4617; x_wconf 85' lang='grc' dir='ltr'>ἐκπίπτων</span> <span class='ocrx_word' id='word_1_962' title='bbox 2790 4566 2890 4632; x_wconf 85' lang='grc' dir='ltr'>τῆς</span> <span class='ocrx_word' id='word_1_963' title='bbox 2919 4566 3174 4629; x_wconf 87' lang='grc' dir='ltr'>πίστεως.</span> <span class='ocrx_word' id='word_1_964' title='bbox 3199 4566 3290 4619; x_wconf 84' lang='grc' dir='ltr'>Διὸ</span> <span class='ocrx_word' id='word_1_965' title='bbox 3311 4569 3406 4619; x_wconf 79' lang='grc' dir='ltr'>καὶ</span> <span class='ocrx_word' id='word_1_966' title='bbox 3428 4569 3681 4638; x_wconf 75' lang='grc' dir='ltr'>ἐπιμένει</span> 
     </span>
    </p>
   </div>
   <div class='ocr_carea' id='block_1_120' title="bbox 2076 4647 3684 4722">
    <p class='ocr_par' dir='ltr' id='par_1_120' title="bbox 2076 4647 3684 4722">
     <span class='ocr_line' id='line_1_120' title="bbox 2076 4647 3684 4722; baseline 0.003 -21"><span class='ocrx_word' id='word_1_967' title='bbox 2076 4648 2519 4711; x_wconf 73' lang='grc' dir='ltr'>¹κατασκευάζων</span> <span class='ocrx_word' id='word_1_968' title='bbox 2540 4648 2600 4699; x_wconf 83' lang='grc' dir='ltr'>τὸ</span> <span class='ocrx_word' id='word_1_969' title='bbox 2630 4647 2911 4713; x_wconf 85' lang='grc' dir='ltr'>ἀδύνατον,</span> <span class='ocrx_word' id='word_1_970' title='bbox 2944 4649 3086 4702; x_wconf 83' lang='grc' dir='ltr'>ὥστε</span> <span class='ocrx_word' id='word_1_971' title='bbox 3110 4652 3187 4713; x_wconf 89' lang='grc' dir='ltr'>εἰς</span> <span class='ocrx_word' id='word_1_972' title='bbox 3223 4652 3565 4722; x_wconf 86' lang='grc' dir='ltr'>σαφεστέραν</span> <span class='ocrx_word' id='word_1_973' title='bbox 3585 4654 3684 4706; x_wconf 81' lang='grc' dir='ltr'>αὐ-</span> 
     </span>
    </p>
   </div>
   <div class='ocr_carea' id='block_1_121' title="bbox 2094 4730 3684 4808">
    <p class='ocr_par' dir='ltr' id='par_1_121' title="bbox 2094 4730 3684 4808">
     <span class='ocr_line' id='line_1_121' title="bbox 2094 4730 3684 4808; baseline 0.002 -24"><span class='ocrx_word' id='word_1_974' title='bbox 2094 4731 2186 4784; x_wconf 79' lang='grc' dir='ltr'>τὸν</span> <span class='ocrx_word' id='word_1_975' title='bbox 2216 4730 2614 4785; x_wconf 84' lang='grc' dir='ltr'>ἐκκαλέσασθαι</span> <span class='ocrx_word' id='word_1_976' title='bbox 2641 4731 3010 4786; x_wconf 84' lang='grc' dir='ltr'>διδασκαλίαν.</span> <span class='ocrx_word' id='word_1_977' title='bbox 3040 4734 3136 4801; x_wconf 84' lang='grc' dir='ltr'>Μὴ</span> <span class='ocrx_word' id='word_1_978' title='bbox 3157 4733 3406 4788; x_wconf 82' lang='grc' dir='ltr'>δύναται</span> <span class='ocrx_word' id='word_1_979' title='bbox 3425 4736 3557 4806; x_wconf 85' lang='grc' dir='ltr'>γὰρ,</span> <span class='ocrx_word' id='word_1_980' title='bbox 3580 4755 3684 4808; x_wconf 86' lang='grc' dir='ltr'>φη-</span> 
     </span>
    </p>
   </div>
   <div class='ocr_carea' id='block_1_122' title="bbox 2098 4814 3683 4887">
    <p class='ocr_par' dir='ltr' id='par_1_122' title="bbox 2098 4814 3683 4887">
     <span class='ocr_line' id='line_1_122' title="bbox 2098 4814 3683 4887; baseline 0.005 -21"><span class='ocrx_word' id='word_1_981' title='bbox 2098 4815 2205 4878; x_wconf 84' lang='grc' dir='ltr'>σὶν,</span> <span class='ocrx_word' id='word_1_982' title='bbox 2237 4814 2551 4882; x_wconf 78' lang='grc' dir='ltr'>ἅνθρωπος</span> <span class='ocrx_word' id='word_1_983' title='bbox 2576 4817 2664 4880; x_wconf 90' lang='grc' dir='ltr'>είς</span> <span class='ocrx_word' id='word_1_984' title='bbox 2692 4815 2808 4883; x_wconf 80' lang='grc' dir='ltr'>τὴν</span> <span class='ocrx_word' id='word_1_985' title='bbox 2833 4817 3071 4872; x_wconf 83' lang='grc' dir='ltr'>κοιλίαν</span> <span class='ocrx_word' id='word_1_986' title='bbox 3100 4817 3210 4884; x_wconf 79' lang='grc' dir='ltr'>τῆς</span> <span class='ocrx_word' id='word_1_987' title='bbox 3235 4819 3461 4887; x_wconf 82' lang='grc' dir='ltr'>μητρὸς</span> <span class='ocrx_word' id='word_1_988' title='bbox 3494 4820 3683 4874; x_wconf 83' lang='grc' dir='ltr'>αὐτοῦ</span> 
     </span>
    </p>
   </div>
   <div class='ocr_carea' id='block_1_123' title="bbox 2094 4896 3678 4973">
    <p class='ocr_par' dir='ltr' id='par_1_123' title="bbox 2094 4896 3678 4973">
     <span class='ocr_line' id='line_1_123' title="bbox 2094 4896 3678 4973; baseline 0.004 -24"><span class='ocrx_word' id='word_1_989' title='bbox 2094 4896 2377 4965; x_wconf 84' lang='grc' dir='ltr'>δεύτερον</span> <span class='ocrx_word' id='word_1_990' title='bbox 2401 4897 2702 4951; x_wconf 80' lang='grc' dir='ltr'>εἰσελθεῖν</span> <span class='ocrx_word' id='word_1_991' title='bbox 2736 4899 2840 4952; x_wconf 74' lang='grc' dir='ltr'>καὶ</span> <span class='ocrx_word' id='word_1_992' title='bbox 2869 4898 3274 4967; x_wconf 78' lang='grc' dir='ltr'>τεννηθῆναι;</span> <span class='ocrx_word' id='word_1_993' title='bbox 3318 4901 3511 4973; x_wconf 79' lang='grc' dir='ltr'>Ὁρᾶτε</span> <span class='ocrx_word' id='word_1_994' title='bbox 3540 4903 3678 4969; x_wconf 88' lang='grc' dir='ltr'>πῶς,</span> 
     </span>
    </p>
   </div>
   <div class='ocr_carea' id='block_1_124' title="bbox 2094 4981 3681 5057">
    <p class='ocr_par' dir='ltr' id='par_1_124' title="bbox 2094 4981 3681 5057">
     <span class='ocr_line' id='line_1_124' title="bbox 2094 4981 3681 5057; baseline -0.004 -21"><span class='ocrx_word' id='word_1_995' title='bbox 2094 4984 2225 5036; x_wconf 87' lang='grc' dir='ltr'>ὅταν</span> <span class='ocrx_word' id='word_1_996' title='bbox 2254 4984 2367 5043; x_wconf 81' lang='grc' dir='ltr'>τοῖς</span> <span class='ocrx_word' id='word_1_997' title='bbox 2405 4982 2627 5044; x_wconf 89' lang='grc' dir='ltr'>οἰκείοις</span> <span class='ocrx_word' id='word_1_998' title='bbox 2669 4981 2949 5053; x_wconf 81' lang='grc' dir='ltr'>λογισμοῖς</span> <span class='ocrx_word' id='word_1_999' title='bbox 2982 4983 3254 5057; x_wconf 78' lang='grc' dir='ltr'>ἐπιτρέψῃ</span> <span class='ocrx_word' id='word_1_1000' title='bbox 3292 5001 3376 5047; x_wconf 91' lang='grc' dir='ltr'>τις</span> <span class='ocrx_word' id='word_1_1001' title='bbox 3409 4987 3477 5039; x_wconf 77' lang='grc' dir='ltr'>τὰ</span> <span class='ocrx_word' id='word_1_1002' title='bbox 3518 5005 3681 5041; x_wconf 85' lang='grc' dir='ltr'>πνευ-</span> 
     </span>
    </p>
   </div>
   <div class='ocr_carea' id='block_1_125' title="bbox 2098 5064 3681 5139">
    <p class='ocr_par' dir='ltr' id='par_1_125' title="bbox 2098 5064 3681 5139">
     <span class='ocr_line' id='line_1_125' title="bbox 2098 5064 3681 5139; baseline 0.006 -22"><span class='ocrx_word' id='word_1_1003' title='bbox 2098 5064 2326 5135; x_wconf 83' lang='grc' dir='ltr'>ματικὰ,</span> <span class='ocrx_word' id='word_1_1004' title='bbox 2358 5066 2453 5117; x_wconf 76' lang='grc' dir='ltr'>καὶ</span> <span class='ocrx_word' id='word_1_1005' title='bbox 2476 5066 2859 5133; x_wconf 86' lang='grc' dir='ltr'>καταγέλαστα</span> <span class='ocrx_word' id='word_1_1006' title='bbox 2876 5066 3195 5136; x_wconf 88' lang='grc' dir='ltr'>φθέγγεται,</span> <span class='ocrx_word' id='word_1_1007' title='bbox 3218 5068 3312 5121; x_wconf 72' lang='grc' dir='ltr'>καὶ</span> <span class='ocrx_word' id='word_1_1008' title='bbox 3329 5068 3514 5139; x_wconf 87' lang='grc' dir='ltr'>ληρεῖν</span> <span class='ocrx_word' id='word_1_1009' title='bbox 3533 5072 3681 5126; x_wconf 85' lang='grc' dir='ltr'>δοκεῖ</span> 
     </span>
    </p>
   </div>
   <div class='ocr_carea' id='block_1_126' title="bbox 2094 5147 3680 5226">
    <p class='ocr_par' dir='ltr' id='par_1_126' title="bbox 2094 5147 3680 5226">
     <span class='ocr_line' id='line_1_126' title="bbox 2094 5147 3680 5226; baseline 0.006 -27"><span class='ocrx_word' id='word_1_1010' title='bbox 2094 5148 2188 5200; x_wconf 80' lang='grc' dir='ltr'>καὶ</span> <span class='ocrx_word' id='word_1_1011' title='bbox 2238 5147 2478 5218; x_wconf 88' lang='grc' dir='ltr'>μεθύειν.</span> <span class='ocrx_word' id='word_1_1012' title='bbox 2524 5149 2650 5201; x_wconf 79' lang='grc' dir='ltr'>ὅταν</span> <span class='ocrx_word' id='word_1_1013' title='bbox 2684 5149 3115 5220; x_wconf 80' lang='grc' dir='ltr'>περιεργάζηται</span> <span class='ocrx_word' id='word_1_1014' title='bbox 3148 5152 3301 5223; x_wconf 85' lang='grc' dir='ltr'>παρά</span> <span class='ocrx_word' id='word_1_1015' title='bbox 3350 5153 3409 5206; x_wconf 88' lang='grc' dir='ltr'>τὸ</span> <span class='ocrx_word' id='word_1_1016' title='bbox 3450 5154 3528 5224; x_wconf 90' lang='grc' dir='ltr'>τῷ</span> <span class='ocrx_word' id='word_1_1017' title='bbox 3559 5154 3680 5226; x_wconf 85' lang='grc' dir='ltr'>Θεῷ</span> 
     </span>
    </p>
   </div>
   <div class='ocr_carea' id='block_1_127' title="bbox 2092 5231 3681 5307">
    <p class='ocr_par' dir='ltr' id='par_1_127' title="bbox 2092 5231 3681 5307">
     <span class='ocr_line' id='line_1_127' title="bbox 2092 5231 3681 5307; baseline 0.004 -22"><span class='ocrx_word' id='word_1_1018' title='bbox 2092 5232 2283 5285; x_wconf 82' lang='grc' dir='ltr'>δοκοῦν</span> <span class='ocrx_word' id='word_1_1019' title='bbox 2308 5231 2376 5284; x_wconf 81' lang='grc' dir='ltr'>τά</span> <span class='ocrx_word' id='word_1_1020' title='bbox 2402 5232 2693 5303; x_wconf 84' lang='grc' dir='ltr'>εἰρημένα,</span> <span class='ocrx_word' id='word_1_1021' title='bbox 2716 5234 2812 5286; x_wconf 77' lang='grc' dir='ltr'>καὶ</span> <span class='ocrx_word' id='word_1_1022' title='bbox 2840 5235 2917 5304; x_wconf 85' lang='grc' dir='ltr'>μὴ</span> <span class='ocrx_word' id='word_1_1023' title='bbox 2943 5234 3170 5304; x_wconf 84' lang='grc' dir='ltr'>δέχηται</span> <span class='ocrx_word' id='word_1_1024' title='bbox 3187 5234 3286 5306; x_wconf 85' lang='grc' dir='ltr'>τὴν</span> <span class='ocrx_word' id='word_1_1025' title='bbox 3316 5238 3416 5307; x_wconf 79' lang='grc' dir='ltr'>τῆς</span> <span class='ocrx_word' id='word_1_1026' title='bbox 3445 5238 3681 5304; x_wconf 87' lang='grc' dir='ltr'>πίστεως</span> 
     </span>
    </p>
   </div>
   <div class='ocr_carea' id='block_1_128' title="bbox 2096 5315 3682 5390">
    <p class='ocr_par' dir='ltr' id='par_1_128' title="bbox 2096 5315 3682 5390">
     <span class='ocr_line' id='line_1_128' title="bbox 2096 5315 3682 5390; baseline 0.006 -23"><span class='ocrx_word' id='word_1_1027' title='bbox 2096 5315 2497 5383; x_wconf 83' lang='grc' dir='ltr'>συγκατάθεσιν</span> <span class='ocrx_word' id='word_1_1028' title='bbox 2519 5334 2533 5380; x_wconf 73' lang='grc' dir='ltr'>ς</span> <span class='ocrx_word' id='word_1_1029' title='bbox 2565 5317 2803 5370; x_wconf 79' lang='grc' dir='ltr'>Ἤκουσε</span> <span class='ocrx_word' id='word_1_1030' title='bbox 2824 5318 3130 5387; x_wconf 85' lang='grc' dir='ltr'>γεννήσεως</span> <span class='ocrx_word' id='word_1_1031' title='bbox 3158 5321 3563 5390; x_wconf 84' lang='grc' dir='ltr'>πνευματικῆς,</span> <span class='ocrx_word' id='word_1_1032' title='bbox 3586 5325 3682 5377; x_wconf 82' lang='grc' dir='ltr'>καὶ</span> 
     </span>
    </p>
   </div>
   <div class='ocr_carea' id='block_1_129' title="bbox 2093 5400 3677 5479">
    <p class='ocr_par' dir='ltr' id='par_1_129' title="bbox 2093 5400 3677 5479">
     <span class='ocr_line' id='line_1_129' title="bbox 2093 5400 3677 5479; baseline 0.004 -26"><span class='ocrx_word' id='word_1_1033' title='bbox 2093 5401 2194 5455; x_wconf 87' lang='grc' dir='ltr'>οὐκ</span> <span class='ocrx_word' id='word_1_1034' title='bbox 2237 5401 2427 5470; x_wconf 88' lang='grc' dir='ltr'>ἐνόησε</span> <span class='ocrx_word' id='word_1_1035' title='bbox 2472 5402 2867 5479; x_wconf 78' lang='grc' dir='ltr'>πνευματικὴν,</span> <span class='ocrx_word' id='word_1_1036' title='bbox 2902 5400 3016 5453; x_wconf 87' lang='grc' dir='ltr'>ἀλλ’</span> <span class='ocrx_word' id='word_1_1037' title='bbox 3062 5404 3143 5467; x_wconf 88' lang='grc' dir='ltr'>εἰς</span> <span class='ocrx_word' id='word_1_1038' title='bbox 3171 5404 3271 5473; x_wconf 79' lang='grc' dir='ltr'>τὴν</span> <span class='ocrx_word' id='word_1_1039' title='bbox 3314 5406 3677 5477; x_wconf 81' lang='grc' dir='ltr'>ταπεινότητα</span> 
     </span>
    </p>
   </div>
   <div class='ocr_carea' id='block_1_130' title="bbox 2093 5480 3676 5559">
    <p class='ocr_par' dir='ltr' id='par_1_130' title="bbox 2093 5480 3676 5559">
     <span class='ocr_line' id='line_1_130' title="bbox 2093 5480 3676 5559; baseline 0.003 -22"><span class='ocrx_word' id='word_1_1040' title='bbox 2093 5486 2193 5552; x_wconf 85' lang='grc' dir='ltr'>τῆς</span> <span class='ocrx_word' id='word_1_1041' title='bbox 2219 5485 2419 5555; x_wconf 80' lang='grc' dir='ltr'>σαρκὸς</span> <span class='ocrx_word' id='word_1_1042' title='bbox 2442 5480 2768 5538; x_wconf 88' lang='grc' dir='ltr'>καθείλκυσε</span> <span class='ocrx_word' id='word_1_1043' title='bbox 2797 5486 2856 5537; x_wconf 86' lang='grc' dir='ltr'>τὸ</span> <span class='ocrx_word' id='word_1_1044' title='bbox 2882 5486 3195 5557; x_wconf 87' lang='grc' dir='ltr'>εἰρημένον,</span> <span class='ocrx_word' id='word_1_1045' title='bbox 3214 5488 3306 5541; x_wconf 75' lang='grc' dir='ltr'>καὶ</span> <span class='ocrx_word' id='word_1_1046' title='bbox 3337 5490 3479 5559; x_wconf 87' lang='grc' dir='ltr'>μέγα</span> <span class='ocrx_word' id='word_1_1047' title='bbox 3503 5490 3676 5559; x_wconf 81' lang='grc' dir='ltr'>δόγμα</span> 
     </span>
    </p>
   </div>
   <div class='ocr_carea' id='block_1_131' title="bbox 2097 5568 3677 5644">
    <p class='ocr_par' dir='ltr' id='par_1_131' title="bbox 2097 5568 3677 5644">
     <span class='ocr_line' id='line_1_131' title="bbox 2097 5568 3677 5644; baseline 0.003 -23"><span class='ocrx_word' id='word_1_1048' title='bbox 2097 5568 2241 5623; x_wconf 73' lang='grc' dir='ltr'>οὕτω</span> <span class='ocrx_word' id='word_1_1049' title='bbox 2263 5570 2357 5623; x_wconf 72' lang='grc' dir='ltr'>καὶ</span> <span class='ocrx_word' id='word_1_1050' title='bbox 2392 5568 2597 5639; x_wconf 74' lang='grc' dir='ltr'>ὑψηλὸν</span> <span class='ocrx_word' id='word_1_1051' title='bbox 2622 5571 2721 5639; x_wconf 81' lang='grc' dir='ltr'>τῆς</span> <span class='ocrx_word' id='word_1_1052' title='bbox 2756 5571 2990 5641; x_wconf 86' lang='grc' dir='ltr'>φυσικῆς</span> <span class='ocrx_word' id='word_1_1053' title='bbox 3010 5570 3333 5637; x_wconf 88' lang='grc' dir='ltr'>ἀκολουθίας</span> <span class='ocrx_word' id='word_1_1054' title='bbox 3360 5574 3677 5644; x_wconf 79' lang='grc' dir='ltr'>ἐξήρτησεν.</span> 
     </span>
    </p>
   </div>
   <div class='ocr_carea' id='block_1_132' title="bbox 2094 5653 3678 5726">
    <p class='ocr_par' dir='ltr' id='par_1_132' title="bbox 2094 5653 3678 5726">
     <span class='ocr_line' id='line_1_132' title="bbox 2094 5653 3678 5726; baseline 0.004 -22"><span class='ocrx_word' id='word_1_1055' title='bbox 2094 5655 2194 5706; x_wconf 83' lang='grc' dir='ltr'>Διά</span> <span class='ocrx_word' id='word_1_1056' title='bbox 2233 5654 2393 5707; x_wconf 91' lang='grc' dir='ltr'>τοῦτο</span> <span class='ocrx_word' id='word_1_1057' title='bbox 2420 5653 2483 5723; x_wconf 86' lang='grc' dir='ltr'>λη</span> <span class='ocrx_word' id='word_1_1058' title='bbox 2493 5653 2688 5723; x_wconf 84' lang='grc' dir='ltr'>ρωδίας</span> <span class='ocrx_word' id='word_1_1059' title='bbox 2710 5653 2934 5708; x_wconf 88' lang='grc' dir='ltr'>πλάττει</span> <span class='ocrx_word' id='word_1_1060' title='bbox 2961 5655 3169 5719; x_wconf 80' lang='grc' dir='ltr'>λοιπὸν,</span> <span class='ocrx_word' id='word_1_1061' title='bbox 3200 5656 3293 5709; x_wconf 80' lang='grc' dir='ltr'>καὶ</span> <span class='ocrx_word' id='word_1_1062' title='bbox 3315 5657 3547 5726; x_wconf 85' lang='grc' dir='ltr'>ἀπορίας</span> <span class='ocrx_word' id='word_1_1063' title='bbox 3578 5674 3678 5710; x_wconf 90' lang='grc' dir='ltr'>κα-</span> 
     </span>
    </p>
   </div>
   <div class='ocr_carea' id='block_1_133' title="bbox 2098 5738 3683 5810">
    <p class='ocr_par' dir='ltr' id='par_1_133' title="bbox 2098 5738 3683 5810">
     <span class='ocr_line' id='line_1_133' title="bbox 2098 5738 3683 5810; baseline 0.002 -20"><span class='ocrx_word' id='word_1_1064' title='bbox 2098 5739 2488 5806; x_wconf 86' lang='grc' dir='ltr'>ταγελάστους.</span> <span class='ocrx_word' id='word_1_1065' title='bbox 2509 5738 2600 5790; x_wconf 83' lang='grc' dir='ltr'>Διὸ</span> <span class='ocrx_word' id='word_1_1066' title='bbox 2634 5739 2728 5791; x_wconf 74' lang='grc' dir='ltr'>καὶ</span> <span class='ocrx_word' id='word_1_1067' title='bbox 2756 5740 2784 5791; x_wconf 91' lang='lat'>6</span> <span class='ocrx_word' id='word_1_1068' title='bbox 2813 5739 3023 5804; x_wconf 89' lang='grc' dir='ltr'>Παῦλος</span> <span class='ocrx_word' id='word_1_1069' title='bbox 3052 5740 3258 5809; x_wconf 81' lang='grc' dir='ltr'>ἔλεγεν,</span> <span class='ocrx_word' id='word_1_1070' title='bbox 3288 5742 3370 5794; x_wconf 83' lang='grc' dir='ltr'>ὅτι</span> <span class='ocrx_word' id='word_1_1071' title='bbox 3412 5742 3683 5810; x_wconf 80' lang='grc' dir='ltr'>Ψυχικὸς</span> 
     </span>
    </p>
   </div>
   <div class='ocr_carea' id='block_1_134' title="bbox 2093 5820 3680 5895">
    <p class='ocr_par' dir='ltr' id='par_1_134' title="bbox 2093 5820 3680 5895">
     <span class='ocr_line' id='line_1_134' title="bbox 2093 5820 3680 5895; baseline 0.003 -22"><span class='ocrx_word' id='word_1_1072' title='bbox 2093 5820 2407 5889; x_wconf 74' lang='grc' dir='ltr'>ἄνθρωπος</span> <span class='ocrx_word' id='word_1_1073' title='bbox 2428 5824 2499 5875; x_wconf 87' lang='grc' dir='ltr'>οὺ</span> <span class='ocrx_word' id='word_1_1074' title='bbox 2512 5821 2747 5890; x_wconf 85' lang='grc' dir='ltr'>δέχεται</span> <span class='ocrx_word' id='word_1_1075' title='bbox 2765 5822 2835 5875; x_wconf 83' lang='grc' dir='ltr'>τὰ</span> <span class='ocrx_word' id='word_1_1076' title='bbox 2856 5822 2964 5877; x_wconf 80' lang='grc' dir='ltr'>τοῦ</span> <span class='ocrx_word' id='word_1_1077' title='bbox 2984 5828 3038 5879; x_wconf 86' lang='lat' dir='ltr'>II</span> <span class='ocrx_word' id='word_1_1078' title='bbox 3043 5825 3353 5894; x_wconf 82' lang='grc' dir='ltr'>νεύματος.</span> <span class='ocrx_word' id='word_1_1079' title='bbox 3380 5825 3525 5895; x_wconf 82' lang='grc' dir='ltr'>Πλὴν</span> <span class='ocrx_word' id='word_1_1080' title='bbox 3541 5824 3680 5877; x_wconf 75' lang='grc' dir='ltr'>ἀλλὰ</span> 
     </span>
    </p>
   </div>
   <div class='ocr_carea' id='block_1_135' title="bbox 2095 5905 3679 5980">
    <p class='ocr_par' dir='ltr' id='par_1_135' title="bbox 2095 5905 3679 5980">
     <span class='ocr_line' id='line_1_135' title="bbox 2095 5905 3679 5980; baseline 0.005 -22"><span class='ocrx_word' id='word_1_1081' title='bbox 2095 5907 2188 5959; x_wconf 72' lang='grc' dir='ltr'>καὶ</span> <span class='ocrx_word' id='word_1_1082' title='bbox 2214 5907 2271 5958; x_wconf 91' lang='grc' dir='ltr'>ἐν</span> <span class='ocrx_word' id='word_1_1083' title='bbox 2300 5905 2474 5975; x_wconf 84' lang='grc' dir='ltr'>τούτῳ</span> <span class='ocrx_word' id='word_1_1084' title='bbox 2508 5906 2608 5976; x_wconf 84' lang='grc' dir='ltr'>τὴν</span> <span class='ocrx_word' id='word_1_1085' title='bbox 2646 5906 2778 5959; x_wconf 82' lang='grc' dir='ltr'>αίδὼ</span> <span class='ocrx_word' id='word_1_1086' title='bbox 2809 5908 2908 5979; x_wconf 82' lang='grc' dir='ltr'>τὴν</span> <span class='ocrx_word' id='word_1_1087' title='bbox 2937 5910 2994 5961; x_wconf 89' lang='grc' dir='ltr'>ἐν</span> <span class='ocrx_word' id='word_1_1088' title='bbox 3030 5908 3109 5979; x_wconf 84' lang='grc' dir='ltr'>τῷ</span> <span class='ocrx_word' id='word_1_1089' title='bbox 3141 5908 3362 5980; x_wconf 86' lang='grc' dir='ltr'>Χριστῴ</span> <span class='ocrx_word' id='word_1_1090' title='bbox 3394 5908 3679 5978; x_wconf 86' lang='grc' dir='ltr'>φυλάττει.</span> 
     </span>
    </p>
   </div>
   <div class='ocr_carea' id='block_1_136' title="bbox 2137 5996 3677 6062">
    <p class='ocr_par' dir='ltr' id='par_1_136' title="bbox 2137 5996 3677 6062">
     <span class='ocr_line' id='line_1_136' title="bbox 2137 5996 3677 6062; baseline 0 -16"><span class='ocrx_word' id='word_1_1091' title='bbox 2137 5996 2541 6062; x_wconf 14' lang='lat' dir='ltr'>d‘SicASavilhget</span> <span class='ocrx_word' id='word_1_1092' title='bbox 2580 6012 2694 6046; x_wconf 91' lang='lat' dir='ltr'>mss.</span> <span class='ocrx_word' id='word_1_1093' title='bbox 2721 5999 2935 6060; x_wconf 85' lang='lat' dir='ltr'>plurimi.</span> <span class='ocrx_word' id='word_1_1094' title='bbox 2987 6000 3155 6048; x_wconf 80' lang='lat' dir='ltr'>Morel.</span> <span class='ocrx_word' id='word_1_1095' title='bbox 3200 6005 3253 6048; x_wconf 78' lang='lat' dir='ltr'><strong>et</strong></span> <span class='ocrx_word' id='word_1_1096' title='bbox 3294 5999 3377 6049; x_wconf 83' lang='lat' dir='ltr'><strong>alii</strong></span> <span class='ocrx_word' id='word_1_1097' title='bbox 3409 6000 3677 6062; x_wconf 76' lang='grc' dir='ltr'>φιλαληθές.</span> 
     </span>
    </p>
   </div>
   <div class='ocr_carea' id='block_1_137' title="bbox 2100 6060 3682 6124">
    <p class='ocr_par' dir='ltr' id='par_1_137' title="bbox 2100 6060 3682 6124">
     <span class='ocr_line' id='line_1_137' title="bbox 2100 6060 3682 6124; baseline 0.001 -16"><span class='ocrx_word' id='word_1_1098' title='bbox 2100 6062 2122 6088; x_wconf 72' lang='grc'>⁸</span> <span class='ocrx_word' id='word_1_1099' title='bbox 2150 6060 2457 6124; x_wconf 73' lang='lat' dir='ltr'>Suspicalur_</span> <span class='ocrx_word' id='word_1_1100' title='bbox 2477 6060 2690 6124; x_wconf 75' lang='lat' dir='ltr'><strong>Savilius</strong></span> <span class='ocrx_word' id='word_1_1101' title='bbox 2730 6062 2993 6123; x_wconf 82' lang='lat' dir='ltr'>legendum</span> <span class='ocrx_word' id='word_1_1102' title='bbox 3034 6063 3090 6109; x_wconf 83' lang='grc' dir='ltr'>οὐ</span> <span class='ocrx_word' id='word_1_1103' title='bbox 3124 6063 3301 6124; x_wconf 76' lang='grc' dir='ltr'>ψυχική</span> <span class='ocrx_word' id='word_1_1104' title='bbox 3338 6065 3369 6118; x_wconf 89' lang='grc' dir='ltr'>ἠ</span> <span class='ocrx_word' id='word_1_1105' title='bbox 3399 6060 3527 6115; x_wconf 79' lang='grc' dir='ltr'>δοξα.</span> <span class='ocrx_word' id='word_1_1106' title='bbox 3557 6064 3682 6110; x_wconf 80' lang='grc' dir='ltr'>ἀλλὰ</span> 
     </span>
    </p>
   </div>
   <div class='ocr_carea' id='block_1_138' title="bbox 2094 6121 3676 6186">
    <p class='ocr_par' dir='ltr' id='par_1_138' title="bbox 2094 6121 3676 6186">
     <span class='ocr_line' id='line_1_138' title="bbox 2094 6121 3676 6186; baseline 0.003 -18"><span class='ocrx_word' id='word_1_1107' title='bbox 2094 6123 2405 6179; x_wconf 82' lang='grc' dir='ltr'>πνευματική.</span> <span class='ocrx_word' id='word_1_1108' title='bbox 2420 6121 2525 6183; x_wconf 82' lang='lat' dir='ltr'>Ego</span> <span class='ocrx_word' id='word_1_1109' title='bbox 2541 6121 2662 6171; x_wconf 80' lang='lat' dir='ltr'><strong>nihil</strong></span> <span class='ocrx_word' id='word_1_1110' title='bbox 2686 6121 2970 6173; x_wconf 53' lang='lat' dir='ltr'>mutandum</span> <span class='ocrx_word' id='word_1_1111' title='bbox 2984 6121 3249 6173; x_wconf 45' lang='lat' dir='ltr'>censen&quot;!r</span> <span class='ocrx_word' id='word_1_1112' title='bbox 3264 6125 3363 6173; x_wconf 85' lang='lat' dir='ltr'><strong>Alii</strong></span> <span class='ocrx_word' id='word_1_1113' title='bbox 3380 6124 3439 6171; x_wconf 84' lang='grc' dir='ltr'>δι’</span> <span class='ocrx_word' id='word_1_1114' title='bbox 3459 6126 3676 6186; x_wconf 80' lang='grc' dir='ltr'>ἀπορίας.</span> 
     </span>
    </p>
   </div>
  </div>
