4094 6370
418 304 517 364 165

411 414 705 472 secundum
736 412 1110 469 haereticorum
1138 410 1457 467 sententiam
1486 412 1748 482 loquitur,
1780 411 1867 481 qni
1909 411 1992 465 di-

409 512 519 574 cit,
545 506 613 564 ab
641 509 746 563 alio
768 507 970 562 moveri
994 548 1010 574 ,
1041 516 1094 562 et
1117 506 1341 561 aliorum
1366 520 1468 575 0pc
1496 506 1734 575 indigere
1755 548 1770 570 ,
1801 515 1858 559 ut
1894 503 1995 559 hoc

400 603 595 660 faciat.
630 599 768 669 Quid
800 615 929 671 ergo
967 599 1249 653 Christus?
1291 598 1424 653 Vide
1466 598 1808 667 indulgentias
1855 597 1994 652 illius

415 691 859 763 magnitudinem.
888 690 1003 745 Non
1032 690 1186 757 dixit,
1217 691 1461 745 Aliorum
1488 691 1691 744 auxilio
1717 706 1821 743 nou
1838 704 1988 759 egeo,

413 783 508 837 sed
537 797 661 837 cum
692 790 958 852 potestate
986 781 1164 836 omnia
1193 780 1330 836 facio
1363 798 1376 834 :
1410 796 1531 834 nam
1558 796 1716 835 verus
1740 797 1855 835 sum
1901 781 1992 835 Dei

410 875 452 933 Ρ
457 878 600 943 ilius,
632 887 687 933 et
714 876 957 931 eamdem
989 889 1150 945 quam
1179 874 1403 933 Genitor
1430 883 1749 944 potestatem
1781 874 1991 931 habeo:

408 967 623 1023 interim
654 983 785 1021 vero
814 966 865 1022 id
896 965 1092 1022 efferre
1116 966 1319 1032 noluit,
1364 974 1423 1022 ut
1448 966 1703 1021 audienti
1743 980 1861 1021 sese
1903 981 1993 1021 ac-

409 1060 796 1116 commodaret.
825 1061 957 1116 Nam
986 1061 1127 1132 quod
1148 1076 1364 1134 semper
1391 1061 1513 1116 dico
1537 1102 1552 1127 ,
1589 1061 1690 1117 hoc
1718 1076 1858 1115 nunc
1905 1075 1992 1117 re-

408 1163 587 1222 petam
612 1193 627 1216 ,
655 1153 708 1207 id
736 1152 1009 1209 Christum
1033 1153 1244 1209 interim
1272 1152 1539 1209 studuisse
1557 1194 1573 1219 ,
1601 1167 1706 1208 non
1739 1161 1796 1207 ut
1823 1152 1993 1223 digni-

408 1253 753 1298 tatemsuam
781 1245 1077 1312 revelaret,
1122 1245 1217 1301 sed
1261 1253 1321 1299 ut
1362 1244 1708 1316 persuaderet
1754 1260 1815 1303 se
1859 1245 1991 1300 nihil

409 1344 597 1389 eontra
624 1335 800 1390 Patris
831 1337 1157 1391 voluntatem
1188 1336 1388 1393 facere.
1434 1338 1667 1407 ideoque
1709 1338 1763 1393 in
1812 1338 1992 1395 verbis

406 1439 552 1495 saepe
577 1426 885 1481 moderatus
909 1428 1329 1496 deprehenditur
1350 1469 1365 1494 ,
1399 1428 1451 1482 in
1478 1428 1642 1483 rebus
1682 1444 1788 1484 non
1837 1430 1985 1485 item.

408 1516 541 1571 Cum
570 1517 714 1571 enim
742 1517 997 1572 miracula
1027 1518 1175 1584 edit,
1204 1534 1325 1573 cum
1356 1528 1619 1589 potestate
1648 1519 1827 1574 omnia
1864 1520 1992 1577 facit

408 1607 591 1661 dicens
619 1622 633 1660 :
674 1606 822 1671 Volo,
852 1608 1116 1663 mundare.
1149 1608 1350 1662 Talitha
1370 1649 1387 1674 ,
1414 1626 1563 1680 surge
1588 1610 1779 1680 (Marc.
1813 1612 1864 1677 1.
1895 1613 1988 1668 41.

408 1708 454 1751 et
502 1699 553 1753 5.
582 1699 705 1770 41).
749 1698 981 1753 Extende
1024 1717 1247 1755 manum.
1281 1701 1616 1756 Dimittuntur
1660 1704 1748 1758 tibi
1786 1715 1995 1774 peccata.

408 1788 631 1855 (Matth.
663 1789 750 1844 12.
782 1791 868 1845 15.
905 1800 951 1845 et
979 1791 1033 1848 9.
1063 1791 1152 1862 5).
1186 1791 1337 1859 Tace,
1360 1792 1657 1848 obmutesce.
1685 1793 1830 1849 Tolle
1867 1814 1987 1866 gra-

407 1880 576 1937 butum
614 1890 777 1948 tuum,
803 1891 849 1936 et
874 1883 998 1937 vade
1034 1884 1087 1937 in
1112 1884 1317 1938 domum
1355 1893 1492 1939 tuam
1522 1885 1726 1957 (Marc.
1748 1887 1802 1941 4.
1827 1888 1919 1944 59.
1943 1898 2001 1944 ειν

404 1973 460 2027 2.
488 1972 595 2041 11).
616 1973 726 2028 Tibi
746 1974 880 2039 dico,
899 1976 1090 2031 malum
1113 1976 1435 2041 daemonium,
1456 1976 1556 2031 Exi
1581 1978 1643 2032 ab
1665 1979 1774 2049 ipso
1792 1978 1985 2050 (Marc.

405 2062 460 2117 5.
492 2064 568 2136 8).
598 2064 719 2119 Fiat
748 2066 837 2120 tibi
858 2067 986 2121 sicut
1010 2068 1082 2121 vis
1108 2066 1332 2139 (Matth.
1360 2068 1447 2123 15.
1479 2068 1593 2141 28).
1623 2069 1684 2125 Si
1710 2071 1824 2140 quis
1851 2070 1987 2126 vobis

404 2155 592 2210 dixerit
635 2158 866 2226 aliquid,
919 2158 1068 2215 dicite
1110 2160 1230 2229 quia
1269 2157 1521 2216 Dominus
1550 2161 1629 2215 his
1657 2177 1785 2232 Opus
1814 2162 1980 2217 habet.

404 2250 421 2312 (
453 2245 618 2300 Marc.
650 2248 734 2300 11.
764 2248 797 2302 5
816 2247 861 2319 ).
897 2246 1062 2302 Hodie
1105 2266 1296 2304 mecum
1321 2251 1419 2305 eris
1447 2252 1498 2305 in
1536 2252 1775 2321 paradiso
1811 2251 1981 2326 (Luc.

401 2335 493 2389 25.
525 2336 594 2391 45
614 2336 663 2408 ).
684 2337 912 2394 Audistis
942 2340 1061 2407 quia
1082 2340 1270 2393 dictum
1292 2350 1365 2395 est
1386 2342 1641 2414 antiquis,
1687 2342 1810 2398 Non
1848 2345 1983 2398 occi-

400 2425 487 2483 des
512 2443 531 2479 :
548 2443 638 2498 ego
658 2437 824 2483 autem
854 2429 968 2483 dico
992 2430 1127 2486 vobis
1147 2470 1161 2497 ,
1188 2433 1310 2503 quia
1340 2433 1425 2504 qui
1447 2434 1689 2487 irascitur
1715 2434 1864 2504 fratri
1892 2452 1985 2491 sua

399 2528 598 2585 temere,
616 2537 731 2577 reus
746 2524 837 2576 erit
849 2524 1049 2592 judicio
1067 2523 1278 2595 (Matth.
1303 2526 1391 2581 15.
1412 2526 1500 2580 2i.
1531 2525 1645 2597 22).
1677 2526 1846 2583 Venite
1869 2540 1980 2598 post

399 2628 497 2679 me,
525 2623 572 2667 et
597 2615 783 2685 faciam
823 2633 908 2671 vos
950 2618 1217 2687 piscatores
1252 2619 1509 2674 hominum
1540 2620 1752 2691 (Matth.
1774 2622 1830 2675 4.
1860 2620 1980 2695 19).

400 2703 606 2775 Ubique
634 2718 781 2763 certe
808 2724 1053 2780 magnam
1086 2711 1328 2768 videmus
1354 2713 1470 2782 ejus
1490 2715 1881 2770 auctoritatem.
1927 2717 1981 2772 in

398 2795 559 2851 rebus
601 2797 742 2852 enim
788 2814 949 2855 nemo
992 2816 1056 2856 ea
1099 2818 1218 2871 qua:
1256 2802 1393 2858 facta
1438 2814 1562 2858 sunt
1585 2805 1982 2874 reprehendere

398 2889 591 2957 possit.
620 2889 901 2956 Quomodo
931 2894 1143 2963 possit?
1170 2893 1301 2949 Nam
1329 2895 1375 2950 si
1404 2911 1465 2952 ea
1492 2912 1611 2966 qua:
1640 2897 1733 2953 ille
1771 2898 1982 2955 dicebat

395 2994 502 3034 non
526 2981 773 3036 elIcctum
799 2992 854 3037 et
884 2983 1043 3038 ﬁnem
1085 2994 1413 3055 consequuta
1458 2999 1674 3055 essent,
1719 2991 1980 3059 potuisset

396 3071 515 3141 quis
565 3071 746 3128 dicere
794 3084 1063 3145 praecepta
1115 3076 1203 3133 illa
1246 3092 1311 3132 ex
1334 3082 1640 3148 arrogantia
1669 3080 1974 3150 prodiisse:

395 3164 515 3232 quia
543 3179 673 3220 vero
698 3165 1049 3230 eveniebant,
1089 3168 1166 3223 rei
1196 3170 1391 3224 veritas
1414 3170 1533 3225 illos
1566 3171 1646 3225 vel
1678 3171 1871 3227 invitos
1909 3173 1978 3228 ad

396 3254 667 3309 silentium
697 3259 1074 3327 compellebat.
1110 3260 1162 3313 In
1189 3261 1367 3315 verbis
1389 3274 1566 3317 autem
1589 3304 1603 3329 ,
1634 3263 1973 3334 impudentes

394 3359 509 3399 cum
535 3357 754 3413 essent,
786 3357 1033 3417 poterant
1064 3350 1213 3405 illum
1254 3361 1310 3406 ut
1343 3344 1683 3424 arrogantem
1731 3370 1973 3425 carpere.

462 3438 563 3491 Cur
588 3438 815 3495 Christus
844 3443 1158 3512 wnigmatice
1192 3443 1475 3500 Nicodemo
1512 3448 1785 3518 loquatur;
1818 3451 1976 3520 ipsius

395 3532 647 3586 verborum
663 3535 1124 3604 ecplanatio.—lta
1148 3553 1286 3593 nunc
1310 3538 1654 3595 Nicodemum
1675 3541 1972 3613 alloquens,

393 3624 515 3677 nihil
543 3625 771 3681 sublime
797 3636 981 3696 aperte
1009 3628 1167 3693 dicit,
1207 3630 1301 3685 sed
1343 3646 1438 3700 per
1476 3632 1758 3703 enigmata
1800 3635 1973 3705 ipsum

391 3715 454 3768 ab
479 3716 661 3772 humili
696 3720 959 3773 sententia
1001 3720 1247 3787 deducit,
1296 3722 1584 3778 ostendens
1627 3739 1686 3778 se
1723 3724 1824 3779 sibi
1872 3726 1973 3795 ipsi

389 3807 630 3864 sufficere
665 3809 733 3864 ad
776 3811 1028 3865 miracula
1075 3813 1351 3880 patranda.
1398 3813 1695 3870 Perfectum
1736 3817 1879 3872 enim
1910 3818 1974 3872 il-

388 3899 492 3955 ium
532 3902 694 3957 Pater
734 3906 949 3973 genuit,
983 3906 1192 3976 sibique
1223 3907 1320 3976 ipsi
1351 3907 1729 3977 sufficientem,
1762 3919 1815 3965 et
1840 3910 1973 3965 nihil

386 3994 753 4065 imperfectum
800 3996 1103 4053 habentem.
1173 3999 1278 4054 Sed
1319 4000 1596 4055 videamus
1650 4017 1756 4072 quo
1818 4013 1973 4073 pacto

384 4084 483 4139 hoc
521 4086 612 4140 ille
642 4088 942 4144 conﬁrmet.
974 4090 1123 4144 Dixit
1148 4090 1237 4145 ille
1268 4108 1281 4144 :
1316 4091 1478 4146 Rabbi
1497 4132 1513 4157 ,
1559 4093 1743 4148 scimus
1782 4095 1904 4165 quia
1938 4112 1971 4149 a

382 4174 490 4235 Deo
514 4178 694 4231 venisti
719 4180 975 4249 magister,
1004 4191 1050 4234 et
1072 4181 1206 4250 quod
1232 4199 1377 4236 nemo
1406 4194 1566 4253 potest
1594 4189 1759 4255 facere
1785 4203 1897 4254 quae
1920 4195 1974 4240 tu

385 4270 512 4338 facis
532 4310 548 4333 ,
575 4271 673 4323 nisi
698 4270 851 4339 fuerit
876 4271 1014 4329 Deus
1042 4290 1156 4328 cum
1193 4289 1271 4329 eo.
1313 4275 1648 4333 Existimavit
1680 4292 1739 4333 se
1781 4294 1972 4349 magna

381 4361 643 4431 quapiam
688 4362 758 4418 de
798 4363 1015 4421 Christo
1060 4365 1278 4421 dixisse.
1331 4366 1468 4435 Quid
1510 4384 1641 4440 ergo
1688 4370 1972 4426 Christus?

382 4452 682 4511 Ostendens
726 4456 872 4511 illum
918 4473 986 4512 ne
1028 4458 1097 4512 ad
1140 4460 1323 4519 limina
1362 4461 1577 4530 quidem
1617 4478 1755 4517 verte
1792 4464 1973 4533 cogni-

383 4544 545 4599 tionis
573 4548 865 4603 accessisse
884 4589 897 4613 ,
926 4564 1028 4605 nec
1055 4550 1139 4604 vel
1166 4550 1217 4605 in
1244 4552 1507 4607 vestibulo
1530 4568 1670 4620 esse,
1699 4554 1793 4609 sed
1819 4565 1971 4611 extra

383 4638 583 4707 regiam
605 4639 882 4704 aberrare,
899 4649 954 4696 et
977 4656 1100 4696 eum
1125 4650 1181 4696 et
1203 4643 1365 4697 alium
1386 4646 1628 4713 quemvis
1659 4644 1773 4700 haec
1799 4647 1974 4702 dicen-

384 4739 490 4786 tem
509 4773 526 4797 ,
560 4732 789 4787 necdum
810 4733 878 4787 ad
908 4748 1089 4789 veram
1114 4734 1570 4805 appropinquasse
1595 4738 1856 4805 notitiam,
1880 4738 1970 4808 qui

382 4823 545 4879 talem
575 4824 644 4879 de
682 4823 967 4895 Unigenito
991 4826 1297 4895 opinionem
1322 4827 1544 4882 haberet
1574 4846 1588 4883 :
1616 4829 1741 4899 quid
1771 4830 1880 4885 ait?
1914 4831 1968 4887 5.

385 4915 563 4983 Amen,
595 4932 742 4969 amen
761 4917 874 4971 dico
895 4919 1008 4986 tibi,
1026 4919 1121 4972 nisi
1142 4920 1251 4989 quis
1272 4929 1420 4973 natus
1440 4922 1592 4991 fuerit
1615 4922 1848 4992 desuper,
1871 4940 1973 4977 non

383 5018 546 5079 potest
573 5009 745 5063 uidere
767 5026 979 5080 regnum
1007 5010 1140 5075 Dei;
1170 5011 1272 5067 hoc
1299 5018 1417 5079 est,
1449 5011 1561 5067 Nisi
1587 5020 1643 5067 tu
1674 5025 1828 5068 natus
1853 5013 1975 5069 fue-

382 5103 457 5157 ris
487 5102 738 5173 desuper,
764 5113 818 5158 et
840 5113 1141 5159 accuratam
1170 5104 1477 5176 dogmatum
1503 5107 1857 5176 cognitionem
1884 5122 1974 5163 ac-

382 5194 612 5264 ceperis,
644 5195 773 5249 foris
796 5196 1033 5262 aberras,
1058 5207 1115 5251 et
1137 5197 1323 5267 procul
1352 5212 1412 5253 es
1439 5212 1469 5252 a
1503 5214 1669 5269 regno
1696 5198 1969 5254 caelorum.

389 5285 583 5340 Verum
612 5286 664 5340 id
689 5288 801 5341 'non
830 5287 975 5342 clare
1001 5287 1166 5353 dicit;
1205 5297 1261 5343 et
1296 5297 1356 5343 ut
1382 5291 1557 5345 minus
1590 5305 1876 5346 onerosum
1922 5290 1973 5346 id

382 5377 525 5447 quod
550 5377 831 5433 dicebatur
854 5388 1029 5446 esset,
1078 5396 1185 5435 non
1226 5381 1399 5449 ipsum
1439 5390 1623 5451 aperte
1662 5380 1975 5453 alloquitur,

384 5467 477 5522 sed
507 5466 921 5526 indeterminate
947 5471 1109 5538 dicit,
1141 5471 1263 5526 Nisi
1290 5473 1405 5544 quis
1434 5485 1584 5526 natus
1613 5474 1803 5543 fuerit;
1832 5489 1896 5529 ac
1927 5473 1977 5528 si

386 5559 587 5617 diceret
630 5579 646 5617 :
687 5561 811 5618 Sive
839 5572 929 5630 tu,
960 5566 1073 5626 sive
1099 5565 1273 5636 quivis
1302 5566 1439 5619 alius
1468 5564 1583 5620 haec
1622 5565 1691 5622 de
1726 5582 1815 5623 me
1852 5582 1976 5623 sen-

388 5650 515 5717 tiat,
563 5652 611 5708 is
650 5661 802 5710 extra
840 5670 1061 5725 regnum
1097 5664 1201 5712 est.
1229 5655 1341 5711 Nisi
1372 5656 1514 5712 enim
1544 5656 1659 5713 hate
1684 5658 1771 5712 illa
1798 5668 1976 5714 mente

392 5750 613 5807 dixisset
631 5791 648 5819 ,
693 5751 977 5822 responsio
1014 5766 1118 5808 non
1144 5752 1211 5808 ad
1238 5752 1568 5823 propositum
1596 5759 1758 5824 esset.
1787 5750 1901 5808 Hoc
1925 5752 1971 5809 si

1396 297 1461 354 1N
1498 297 1816 355 IOANNEM
1841 296 2085 354 nonIL.
2129 256 2322 355 xitv.
2363 300 2433 357 al.
2474 301 2665 362 xxut.

3573 320 3677 376 Hii

2102 408 2269 469 Judaei
2295 414 2608 482 audiissent,
2629 421 2931 478 deridentes
2959 425 3245 484 discessuri
3266 440 3435 486 erant.
3459 433 3556 488 llic
3578 451 3677 490 au-

2100 513 2205 561 tem
2235 506 2473 565 discendi
2502 512 2733 567 studium
2760 531 2871 586 pra:
2895 531 2954 572 se
2977 519 3116 574 tulit.
3143 519 3266 576 Ideo
3290 522 3429 577 enim
3452 524 3679 582 obscure

2098 613 2241 668 sazpe
2284 600 2518 672 loquitur
2564 604 2839 668 Christus.
2888 617 2948 663 ut
2986 611 3256 667 auditores
3300 624 3355 669 et
3399 615 3469 670 ad
3513 618 3679 673 inter-

2096 692 2389 763 rogandum
2434 698 2821 767 promptiores,
2883 711 2935 757 et
2975 701 3044 757 ad
3091 705 3416 773 operandum
3460 710 3682 779 expedi-

2099 783 2262 839 tiores
2281 786 2488 842 reddat.
2508 788 2642 845 Nam
2661 792 2801 862 quod
2823 793 2967 850 clare
2985 794 3197 863 dicitur,
3218 797 3513 853 auditorem
3536 815 3680 870 srepe

2095 872 2262 945 fugit;
2289 878 2431 946 quod
2462 890 2638 936 autem
2668 883 2954 938 obscurum
2973 894 3078 951 est,
3108 890 3445 944 attentioretn
3473 892 3679 946 studio-

2094 966 2402 1039 sioremque
2428 972 2620 1026 reddit.
2660 974 2769 1030 Hoc
2810 987 2985 1032 autem
3027 979 3290 1049 significat
3321 999 3335 1035 :
3367 982 3477 1039 Nisi
3521 994 3678 1041 natus

2095 1058 2260 1117 fueris
2287 1062 2537 1133 desuper,
2569 1066 2677 1121 nisi.
2702 1084 2796 1138 per
2822 1069 3089 1126 lavacrum
3114 1077 3532 1145 regenerationis
3558 1079 3678 1149 Spi-

2094 1152 2254 1207 ritum
2283 1157 2572 1225 acceperis,
2604 1174 2709 1214 non
2738 1170 2891 1231 potes
2915 1162 2979 1218 ad
3011 1174 3208 1219 rectam
3245 1165 3313 1221 de
3352 1182 3439 1224 me
3468 1168 3679 1238 opinio-

2093 1259 2215 1300 nem
2243 1249 2543 1316 pervenire.
2577 1250 2702 1308 thc
2743 1261 2828 1307 tua
2868 1254 3049 1324 opinio
3086 1272 3193 1312 non
3218 1258 3540 1326 Spiritualis,
3580 1260 3674 1316 sed

2093 1338 2338 1395 animalis
2363 1350 2448 1395 est
2470 1341 2509 1394 ¹.
2540 1342 2656 1397 Non
2687 1354 2861 1401 tamen
2890 1346 2971 1401 his
3002 1347 3178 1404 verbis
3202 1363 3330 1404 usus
3356 1360 3474 1416 est,
3515 1366 3582 1406 ne
3608 1351 3674 1406 il-

2091 1426 2201 1484 lum
2242 1444 2339 1499 pro
2379 1429 2632 1489 facultate
2678 1449 2773 1489 sua
2816 1436 3119 1507 loquentem
3164 1447 3425 1509 terreret;
3470 1441 3564 1499 sed
3606 1441 3675 1499 ari

2094 1519 2351 1590 majorem
2399 1523 2546 1578 illum
2584 1528 2942 1597 cognitionem
2988 1531 3103 1585 sine
3143 1534 3448 1601 suspicione
3482 1537 3673 1606 erigit,

2091 1625 2212 1666 cum
2244 1613 2399 1682 dicit,
2428 1615 2549 1672 Nisi
2572 1620 2683 1687 quis
2707 1632 2909 1676 renatus
2935 1625 3090 1693 fuerit
3125 1625 3357 1695 desuper.
3400 1627 3533 1684 illud
3564 1627 3675 1683 De-

2090 1719 2262 1775 super,
2296 1707 2546 1777 quidam,
2577 1710 2645 1765 de
2673 1711 2826 1779 cado,
2858 1713 3043 1769 dicunt
3069 1717 3403 1787 signiﬁcare;
3429 1720 3518 1776 alii
3546 1736 3685 1777 vero.

2091 1810 2122 1851 a
2152 1796 2435 1868 principio.
2468 1801 2518 1856 ls
2546 1803 2689 1857 enim
2721 1804 2813 1873 qui
2843 1820 2948 1860 non
2977 1808 3055 1862 sic
3083 1818 3239 1865 natus
3268 1809 3447 1878 fuerit,
3477 1811 3672 1882 inquit,

2091 1904 2196 1943 non
2230 1902 2403 1961 potest
2429 1893 2612 1951 videre
2637 1912 2856 1967 regnum
2900 1899 3027 1963 Dei;
3060 1901 3295 1972 seipsum
3334 1904 3670 1975 signiﬁcans,

2090 1991 2147 2037 et
2169 1985 2459 2042 ostendens
2483 1988 2536 2043 id
2564 2005 2667 2044 non
2691 2006 2812 2047 esse
2830 1994 2969 2063 quod
2991 1994 3164 2050 solum
3186 1996 3416 2065 videtur,
3436 1999 3529 2053 sed
3554 1999 3687 2055 aliis

2090 2087 2225 2143 opus
2248 2090 2368 2132 esse
2394 2079 2581 2147 oculis,
2612 2090 2668 2135 ut
2697 2081 2939 2139 Christus
2964 2085 3225 2142 videatur.
3253 2088 3344 2143 llis
3369 2089 3562 2145 auditis
3584 2090 3677 2147 Ni-

2089 2166 2344 2223 codemus
2373 2171 2447 2225 ait
2478 2189 2491 2226 :
2524 2173 2577 2228 4.
2614 2172 2876 2241 Quomodo
2903 2187 3063 2247 potest
3089 2179 3238 2234 homo
3266 2181 3439 2248 nasci,
3471 2198 3586 2236 cum
3611 2182 3675 2238 sit

2088 2263 2281 2317 senex?
2316 2263 2482 2319 Rabbi
2512 2282 2635 2323 eum
2662 2269 2900 2337 appellas
2920 2312 2936 2338 ,
2979 2280 3033 2325 et
3060 2288 3091 2327 a
3119 2272 3228 2328 Deo
3254 2273 3464 2329 venisse
3501 2274 3671 2341 dicis,

2088 2368 2188 2408 nec
2215 2355 2332 2424 ejus
2357 2356 2522 2412 verba
2548 2359 2805 2427 admittis,
2832 2361 3138 2434 dictumque
3161 2364 3370 2434 profers
3395 2365 3669 2436 magistro,

2087 2443 2228 2513 quod
2267 2446 2437 2515 possit
2473 2463 2718 2520 magnam
2756 2450 2948 2508 afferre
2985 2455 3480 2523 perturbationem?
3532 2456 3672 2512 illud

2086 2537 2228 2592 enim
2249 2578 2266 2604 ,
2314 2538 2578 2604 Quomodo
2597 2584 2612 2608 ,
2645 2558 2752 2598 non
2780 2544 3063 2600 admodum
3093 2546 3426 2603 credentium
3457 2548 3670 2604 dubita-

2087 2631 2285 2684 tionem
2310 2632 2487 2699 eﬁ'ert,
2518 2633 2612 2688 sed
2640 2649 2824 2691 eorum
2855 2637 2944 2708 qui
2974 2638 3148 2694 adhuc
3177 2640 3402 2697 terrenis
3438 2640 3667 2696 luerent.

2084 2722 2215 2779 Nam
2248 2722 2378 2779 Sara
2406 2724 2526 2781 ideo
2553 2728 2705 2793 risit,
2745 2730 2896 2798 quia,
2937 2733 3219 2801 quomodo,
3259 2733 3392 2789 dixit
3424 2752 3440 2789 :
3471 2733 3682 2805 aliique-

2084 2815 2235 2869 multi
2264 2815 2364 2871 hac
2390 2816 2806 2888 interrogatione
2834 2821 2946 2888 usi,
2978 2836 3007 2874 a
3039 2821 3146 2878 fide
3172 2823 3504 2880 exciderunt.

2143 2910 2195 2965 '5.
2211 2908 2276 2964 In
2292 2910 2437 2967 rebus
2449 2912 2630 2967 divinis
2644 2930 2743 2968 non
2760 2914 2967 2969 nimiam
2981 2916 3316 2972 curiositatem
3330 2920 3669 2975 adhibendam

2081 3004 2437 3072 esse,ea:emplo
2450 3003 2717 3059 Nicodemi
2737 3008 3271 3076 comprobatum—SM
3291 3020 3346 3067 et
3359 3009 3591 3068 haeretici
3610 3014 3679 3070 in.

2080 3106 2178 3148 sua
2199 3104 2437 3164 perstant
2463 3096 2676 3164 haeresi,
2703 3099 2817 3169 pari
2848 3100 3006 3156 modo
3032 3100 3455 3174 interrogantes;
3482 3105 3683 3163 dicunt;

2079 3186 2223 3242 enim
2243 3187 2364 3257 alii,
2376 3188 2655 3258 Quomodo
2672 3191 2974 3249 incarnatus
2992 3194 3106 3248 est?
3121 3194 3243 3261 alii,
3262 3195 3541 3264 Quomodo
3559 3212 3663 3252 na-

2081 3283 2202 3338 tus?
2221 3284 2707 3356 cogitationnmque
2722 3301 2938 3343 suarum
2961 3287 3252 3344 infirmitati
3278 3290 3591 3345 immensam
3608 3291 3667 3345 il-

2079 3372 2184 3427 lam
2206 3373 2493 3443 subjiciunt
2516 3375 2885 3432 substantiam.
2898 3377 3033 3445 Quae
3051 3392 3171 3433 cum
3198 3378 3450 3445 sciamus,
3469 3380 3662 3436 intem-

2078 3466 2335 3536 pestivam
2353 3467 2494 3523 illam
2510 3470 2871 3527 curiositatem
2884 3471 3049 3526 vitare
3068 3477 3299 3541 oportet.
3314 3473 3498 3541 Neque
3516 3475 3657 3528 enim
3679 3516 3683 3520 .

2077 3559 2346 3628 quomodo
2370 3558 2485 3617 haec
2521 3558 2661 3617 facta
2712 3563 2819 3617 sint
2846 3563 3018 3619 scient
3041 3580 3291 3635 umquam
3310 3565 3353 3619 ,ii
3379 3567 3467 3635 qui
3497 3566 3681 3621 hasce-

2077 3661 2294 3707 movent
2312 3653 2654 3724 quaestiones,
2674 3662 2728 3708 et
2746 3670 2775 3708 a
2792 3664 2934 3709 recta
2956 3654 3056 3710 fide
3075 3656 3341 3712 excident.
3362 3657 3485 3713 ideo
3502 3657 3659 3712 Nico-

2078 3744 2268 3801 demus
2291 3746 2419 3802 dum
2443 3747 2635 3803 dubius
2659 3749 2872 3804 modum
2899 3750 3087 3819 quaerit
3111 3750 3130 3815 (
3151 3750 3409 3806 intellexit
3432 3754 3572 3807 enim
3594 3768 3675 3808 ea.

2076 3852 2195 3906 quae
2219 3837 2465 3893 Christus
2489 3838 2696 3894 dicebat
2729 3838 2795 3894 ad
2823 3853 2883 3895 se
2911 3840 3214 3912 spectare),
3246 3840 3507 3905 turbatur,
3539 3845 3659 3898 caii-

2073 3930 2197 3999 gine
2223 3928 2455 3999 repletus
2480 3929 2674 3996 haeret,
2704 3938 2887 4001 utpote
2925 3930 3014 4002 qui
3054 3947 3113 3986 se
3151 3931 3422 3986 hominem
3462 3929 3659 3985 adiisse

2074 4028 2252 4090 putet,
2286 4028 2340 4076 et
2368 4020 2571 4091 majora
2599 4021 2780 4077 audiat
2806 4038 2964 4092 quam
2991 4038 3109 4092 quae
3142 4022 3207 4078 ad
3238 4024 3508 4080 hominem
3538 4040 3660 4096 per-

2076 4114 2249 4169 tinere
2306 4114 2546 4183 possint,
2594 4128 2819 4184 quaeque
2864 4129 3022 4170 nemo
3066 4130 3315 4184 umquam
3363 4114 3592 4168 audierit
3636 4133 3654 4173 :

2075 4215 2310 4260 mentem
2335 4204 2551 4276 quidem
2579 4206 2735 4276 erigit
2753 4205 2820 4260 ad
2842 4205 3104 4261 dictorum
3131 4206 3533 4273 sublimitatem,
3560 4206 3658 4262 sed

2075 4297 2475 4365 obtenebratur,
2505 4313 2604 4354 nec
2623 4300 2916 4356 consistere
2938 4308 3110 4370 potest
3134 4317 3148 4355 :
3170 4298 3403 4372 undique
3426 4300 3657 4356 circum-

2077 4388 2261 4454 fertur,
2288 4398 2343 4444 et
2368 4389 2672 4461 frequenter
2694 4405 2759 4446 ex
2787 4390 2892 4445 ﬁde
2915 4390 3128 4446 excidit.
3165 4390 3393 4461 ideoque
3422 4392 3657 4461 persistit

2076 4480 2424 4551 impossibilia
2465 4491 2677 4539 tentans
2702 4523 2718 4549 ,
2756 4491 2815 4537 ut
2842 4482 3024 4538 Jesum
3050 4483 3114 4538 ad
3146 4482 3425 4539 clariorem
3453 4483 3656 4540 doctri-

2076 4589 2197 4628 nam
2227 4582 2431 4630 evocet.
2462 4572 2728 4642 Numquid
2758 4583 2935 4644 potest,
2968 4574 3156 4644 inquit,
3178 4576 3325 4630 homo
3354 4576 3408 4630 in
3438 4585 3659 4632 ventrem

2076 4667 2256 4721 matris
2286 4681 2392 4720 sua:
2430 4666 2608 4720 iterato
2650 4666 2859 4719 introire
2891 4675 2937 4721 et
2975 4667 3157 4721 nasci?
3198 4667 3655 4737 Animadvertite,

2075 4755 2288 4827 quando
2305 4756 2422 4825 quis
2442 4755 2671 4826 propriis
2691 4757 3098 4827 cogitationibus
3118 4758 3412 4827 spiritualia
3439 4760 3659 4831 permit-

2075 4850 2168 4916 tit,
2209 4847 2479 4919 quomodo
2514 4847 2733 4903 ridicula
2775 4847 3031 4917 proferat;
3065 4863 3129 4905 ac
3158 4848 3387 4907 delirare
3417 4851 3659 4906 videatur

2076 4951 2133 4996 ut
2155 4940 2355 5007 ebrius,
2378 4939 2587 5010 quando
2607 4950 2800 5009 praeter
2820 4939 2915 4994 Dei
2938 4939 3207 5009 placitum,
3231 4940 3369 4996 dicta
3396 4941 3658 4996 curiosius

2076 5040 2367 5095 scrutatur,
2398 5046 2569 5101 neque
2598 5030 2720 5087 ﬁdei
2751 5045 3022 5085 assensum
3051 5031 3292 5102 praebet?
3320 5032 3534 5087 Audivit
3561 5047 3659 5102 ge-

2077 5124 2408 5179 nerationem
2428 5165 2444 5189 ,
2474 5138 2573 5178 nec
2601 5122 2857 5177 intellexit
2879 5137 2994 5176 eam
3022 5122 3348 5191 spiritualem
3378 5139 3531 5189 esse;
3563 5123 3657 5179 sed

2077 5217 2131 5271 in
2162 5216 2340 5271 carnis
2368 5216 2620 5270 vilitatem
2650 5214 2846 5268 dictum
2884 5216 3167 5283 pertraxit,
3209 5223 3518 5283 tantumque
3549 5224 3655 5270 tam

2076 5310 2305 5364 sublime
2331 5308 2521 5378 dogma
2551 5307 2616 5362 ad
2648 5308 2937 5363 naturalem
2967 5323 3145 5365 rerum
3183 5309 3375 5363 seriem
3412 5308 3655 5365 deduxit.

2077 5402 2201 5459 ideo
2222 5416 2388 5471 nugas
2407 5408 2462 5456 et
2480 5400 2729 5456 ridiculas
2749 5401 3070 5472 quaestiones
3090 5401 3200 5470 jam
3217 5399 3657 5456 comminiscitur.

2079 5493 2281 5548 idcirco
2310 5491 2505 5546 Paulus
2530 5491 2745 5547 dicebat
2787 5508 2801 5545 :
2844 5492 3093 5546 Animalis
3132 5490 3280 5545 homo
3320 5506 3422 5545 non
3452 5492 3660 5561 percipit

2079 5600 2138 5639 ea
2166 5597 2280 5655 qua:
2305 5591 2422 5636 sunt
2461 5581 2688 5652 Spiritus
2717 5583 2805 5653 (1.
2850 5581 2966 5637 Cor.
3011 5580 3066 5635 2.
3106 5580 3238 5651 14).
3280 5580 3660 5637 Verumtamen

2144 5698 2163 5729 ι
2188 5695 2459 5762 snSpieatur
2481 5693 2681 5762 savilius
2704 5694 3092 5762 legendum,non
3112 5692 3336 5746 animatis
3352 5702 3440 5753 est,
3457 5700 3543 5747 sed
3567 5700 3659 5762 sps}

2081 5756 2291 5810 ritualisl
2317 5757 2421 5821 Ego
2444 5757 2563 5809 nihil
2586 5757 2866 5809 mutandum
2887 5768 3089 5807 censeo.
