4094 6370
394 312 495 370 147

394 430 483 485 hic
511 425 673 483 etiam
700 418 1028 477 Nicodamus
1052 413 1409 473 reverentiam
1430 423 1554 481 erga
1577 407 1849 464 Christum
1872 419 1980 460 ser-

391 527 506 573 vat.
535 515 719 585 Neque
742 512 887 568 enim
912 508 1111 565 dictum
1143 503 1341 570 irrisit,
1373 500 1468 556 sed
1511 497 1838 570 impossibile
1862 510 1984 551 esse

392 619 589 681 putans
614 604 780 661 siluit.
813 603 929 657 Duo
959 613 1187 668 namque
1212 595 1597 650 dubitationem
1621 590 1816 646 afferre
1841 596 1985 660 pote-

391 710 514 759 rant
533 741 549 768 ,
580 695 858 769 generatio
886 692 1026 756 talis,
1054 700 1109 746 et
1132 704 1374 760 regnum.
1404 685 1647 742 Nondum
1674 684 1815 740 enim
1837 682 1984 753 regni

392 807 594 848 nomen
619 788 758 860 apud
783 785 998 841 Judaos
1022 782 1259 836 auditum
1289 778 1479 846 fuerat,
1508 792 1683 847 neque
1711 774 1985 847 generatio

396 881 722 955 huiusmodi.
753 878 859 935 Sed
882 870 1096 932 interir'n
1131 874 1182 927 in
1213 872 1381 943 priori
1404 869 1676 936 consistit,
1703 866 1844 939 quod
1869 866 1985 936 ejus

396 988 634 1036 mentem
661 975 894 1030 maxime
918 969 1237 1040 exagitabat.

468 1068 655 1123 Divina
676 1064 939 1121 ratiocinio
963 1078 1061 1115 non
1083 1057 1375 1114 scrutanda.
1410 1053 1565 1109 Pravi
1585 1068 1746 1107 mores
1770 1061 1985 1105 mentem

392 1160 684 1215 obscurant.
729 1154 1035 1208 Diuitiarum
1076 1151 1296 1213 damna;
1354 1146 1485 1201 bona
1533 1145 1877 1213 elemosyna.
1913 1169 1985 1181 ——

392 1252 524 1308 Hac
562 1266 682 1306 cum
721 1248 983 1312 sciamus,
1020 1259 1089 1299 ne
1123 1240 1401 1297 ratiocinio
1440 1238 1623 1293 divina
1649 1245 1980 1301 scrutemur,

395 1358 573 1415 neque
614 1340 682 1396 ad
723 1338 1020 1395 naturalem
1071 1349 1248 1390 rerum
1294 1333 1489 1387 seriem
1530 1328 1619 1383 illa
1658 1327 1981 1393 referamus,

395 1436 484 1492 vel
521 1434 751 1490 naturali
793 1428 1096 1486 necessitati
1142 1423 1523 1494 subjiciamus;
1566 1417 1661 1473 sed
1692 1417 1777 1488 pie
1805 1415 1984 1470 omnia

396 1530 714 1600 cogitemus,
744 1523 1027 1580 credentes
1055 1520 1345 1587 Scriptura
1374 1514 1549 1569 dictis.
1580 1512 1711 1567 Nam
1742 1510 1985 1565 curiosus

396 1621 680 1690 indagator
706 1616 836 1671 nihil
863 1616 1119 1675 lucratur,
1147 1625 1209 1664 ac
1231 1617 1585 1679 praeterquam
1607 1602 1747 1671 quod
1770 1601 1821 1656 id
1843 1600 1984 1672 quod

396 1712 590 1784 quarit
618 1725 724 1765 non
757 1708 1024 1771 inveniet,
1072 1710 1341 1758 extremas
1383 1699 1542 1754 etiam
1591 1694 1739 1750 dabit
1777 1707 1982 1764 panes.

393 1897 558 1953 modo
599 1906 776 1950 autem
802 1934 817 1959 ,
864 1906 933 1946 ne
961 1902 1167 1960 quaeras
1189 1929 1205 1955 ,
1238 1899 1409 1955 neque
1436 1882 1557 1938 ideo
1586 1879 1983 1951 generationem

394 1989 633 2058 abneges
657 2005 669 2040 :
696 1986 798 2039 hoc
826 1983 967 2038 enim
997 1988 1252 2036 extrema
1278 1973 1630 2045 improbitatis
1659 1978 1825 2027 esset.
1850 1968 1983 2025 Nam

394 2082 442 2137 si
483 2079 803 2135 Nicodemus
828 2074 1007 2129 audita
1036 2068 1414 2143 generatione,
1448 2081 1552 2126 non
1582 2065 1668 2119 illa
1698 2061 1998 2128 ineffabili,

397 2172 495 2229 sed
536 2172 638 2227 hac
673 2166 1020 2241 generatione
1048 2160 1339 2218 secundum
1375 2158 1638 2230 gratiam;
1686 2156 1811 2227 quia
1851 2154 1984 2210 nihil

394 2278 647 2335 magnum
690 2262 760 2317 de
805 2259 893 2315 illa
938 2255 1218 2327 cogitavit,
1271 2250 1366 2307 sed
1412 2250 1642 2305 humana
1684 2256 1887 2303 tantum
1930 2253 1986 2301 et

393 2370 610 2415 terrena
636 2360 970 2411 commentus
1000 2358 1113 2412 est,
1149 2349 1201 2402 in
1230 2345 1448 2401 dubium
1474 2352 1529 2399 et
1553 2341 1832 2413 caliginem
1857 2354 1985 2395 con-

392 2454 571 2524 jectus
598 2459 682 2507 est
705 2467 719 2501 :
741 2448 829 2519 qui
860 2443 1188 2501 tremendam
1218 2440 1364 2494 illam
1395 2435 1797 2508 generationem
1818 2474 1833 2501 ,
1865 2447 1985 2503 qua

394 2554 451 2603 et
492 2545 752 2600 rationem
792 2550 847 2597 et
891 2546 1125 2594 mentem
1155 2547 1369 2590 omnem
1414 2536 1731 2599 exsuperat,
1773 2528 1985 2583 curiose

393 2644 701 2693 scrutantur
731 2641 784 2687 et
811 2629 1128 2700 explorant,
1161 2631 1360 2693 quanto
1387 2619 1648 2690 supplicio
1678 2617 1824 2687 digni
1866 2616 1986 2672 fue-

391 2729 534 2787 rint?
574 2725 718 2781 Nihil
745 2724 884 2780 enim
916 2728 1089 2774 tantas
1120 2717 1259 2787 parit
1287 2712 1535 2769 tenebras
1556 2752 1573 2779 ,
1619 2718 1844 2781 quantas
1880 2708 1983 2764 bu-

393 2836 552 2878 mana
579 2819 737 2881 ratio,
765 2830 883 2886 qua
914 2822 1125 2868 terrena
1154 2822 1367 2877 semper
1395 2804 1632 2874 loquitur
1650 2843 1665 2867 ,
1695 2816 1871 2872 neque
1896 2816 1987 2855 su-

394 2926 616 2984 pernam
639 2905 1081 2963 illuminationem
1104 2898 1355 2956 admittit.
1376 2895 1572 2952 Luteas
1592 2894 1789 2964 quippe
1809 2901 1986 2948 versat

395 2983 455 3061 et
480 3014 720 3059 terrenas
752 2995 1119 3067 cogitationes.
1166 2990 1291 3046 Ideo
1319 2986 1565 3057 supernis
1590 2985 1745 3040 nobis
1774 2983 1986 3039 fluentis

393 3104 482 3154 est
504 3104 660 3166 opus,
689 3098 751 3146 ιιι
778 3090 893 3143 luto
923 3084 1189 3156 deposito,
1222 3078 1477 3152 quidquid
1503 3077 1557 3132 in
1588 3085 1770 3132 mente
1796 3090 1985 3146 purum

395 3197 483 3245 est
510 3199 723 3242 sursum
755 3180 954 3236 feratur
973 3219 988 3244 ,
1018 3184 1073 3232 et
1099 3188 1220 3229 cum
1248 3169 1442 3227 divinis
1469 3167 1808 3239 dogmatibus
1832 3181 1985 3222 com-

397 3279 711 3335 misceatur.
744 3270 878 3327 lllud
905 3283 1034 3324 vero
1064 3276 1190 3321 tunc
1214 3260 1497 3332 contingit,
1525 3274 1646 3315 cum
1672 3267 1726 3313 et
1753 3258 1986 3313 animam

396 3370 623 3441 probam
667 3373 724 3421 et
765 3371 969 3419 rectam
997 3358 1160 3413 vitam
1190 3353 1530 3411 exhibemus.
1580 3349 1766 3406 Potest
1806 3350 1984 3416 enim,

395 3468 577 3534 potest
604 3458 789 3528 utique
816 3469 921 3510 non
950 3467 1017 3507 ex
1041 3446 1417 3517 intempestiva
1452 3441 1613 3498 modo
1641 3441 1949 3497 curiositate
1968 3482 1984 3508 ,

396 3555 493 3611 sed
519 3553 678 3610 etiam
696 3565 764 3606 ex
789 3560 999 3603 morum
1026 3541 1286 3614 pravitate
1309 3550 1462 3593 mens
1480 3542 1662 3591 nostra
1685 3534 1982 3589 obscurari.

398 3647 602 3703 Idcirco
640 3641 836 3698 Paulus
878 3633 1170 3693 Corinthiis
1212 3629 1426 3686 dicebat
1454 3645 1467 3681 :
1500 3626 1603 3680 Lac
1632 3625 1769 3679 vobis
1812 3634 1987 3694 potum

1138 299 1196 356 S.
1235 293 1514 353 JOANNIS
1550 287 2029 349 CHRYSOSTOMI
2068 285 2382 343 ARCHIEP.
2422 283 2958 341 CONSTANTINOP.

3568 286 3673 342 “8

2092 402 2243 469 dedi,
2280 417 2382 454 non
2408 416 2592 454 escam.
2625 398 2869 453 Nondum
2896 398 3027 452 enim
3054 395 3321 467 poteratis;
3351 395 3441 450 sed
3458 412 3520 451 ne
3541 414 3672 452 nunc

2089 493 2289 562 quidem
2340 490 2773 561 potestis:adhuc
2817 490 2949 543 enim
2995 487 3225 542 carnales
3269 488 3403 542 estis.
3445 488 3573 543 Cum
3609 489 3670 542 sit

2059 585 2221 639 'inter
2246 600 2330 639 vos
2353 585 2491 638 zelus
2518 596 2564 636 et
2586 585 2857 649 contentio,
2881 597 3048 635 nonne
3073 580 3300 634 carnales
3316 578 3433 634 estis
3454 579 3530 649 (l.
3551 578 3668 633 Cor.

2091 679 2145 734 5.
2191 677 2243 731 2.
2279 677 2377 748 5)?
2420 676 2478 732 In
2520 675 2758 746 Epistola
2801 688 3012 744 quoque
3052 672 3121 728 ad
3163 670 3418 727 Hebraos
3451 678 3507 725 et
3547 670 3670 725 alibi

2090 785 2232 840 saepe
2261 769 2401 839 apud
2446 769 2671 824 Paulum
2715 767 2830 822 hac
2857 767 3052 822 dicitur
3094 779 3213 820 esse
3257 778 3542 833 pravorum
3570 762 3670 818 do~

2089 875 2205 931 gma
2215 869 2321 914 tum
2340 874 2518 915 causa.
2536 859 2725 913 Anima
2741 859 2880 911 enim
2895 854 3165 911 aﬂectibus
3186 854 3363 909 dedita
3378 868 3481 907 non
3497 861 3669 922 potest

2089 951 2216 1021 quid
2243 966 2491 1021 magnum
2513 959 2606 1005 aut
2623 964 2940 1020 generosum
2962 948 3152 1002 intueri
3173 962 3188 1011 ;
3216 946 3310 1001 sed
3328 962 3424 1001 ceu
3441 944 3668 1014 quadam

2090 1044 2408 1114 lippitudine
2437 1044 2740 1114 perturbata
2763 1085 2778 1106 .
2810 1042 3145 1098 densissimis
3171 1039 3403 1095 tenebris
3431 1039 3668 1109 subjecta

2089 1142 2194 1189 est.
2243 1135 2614 1206 Expurgemus
2655 1135 2833 1204 itaque
2876 1133 3265 1202 nosmetipsos,
3310 1131 3668 1185 illuminemus

2088 1226 2208 1281 luce
2225 1227 2242 1258 ί
2270 1227 2610 1297 cognitionis,
2635 1242 2703 1281 ne
2724 1240 2905 1281 semen
2932 1225 2984 1279 in
3011 1224 3190 1293 spinas
3210 1222 3489 1292 iaciamus.
3513 1223 3669 1289 Qua-

2090 1332 2212 1371 nam
2244 1317 2359 1373 hac
2376 1318 2445 1372 sit
2464 1318 2735 1387 spinarum
2756 1318 2908 1387 copia
2933 1319 3119 1381 nostis,
3141 1316 3242 1371 etsi
3263 1329 3360 1370 nos
3378 1324 3665 1368 taceamus.

2089 1410 2245 1480 Sape
2274 1426 2505 1481 namque
2531 1408 2801 1466 Christum
2831 1409 3053 1465 audistis
3080 1409 3357 1480 praesentis
3376 1408 3498 1460 vitae
3523 1405 3668 1461 solli-

2089 1503 2402 1571 citudinem,
2434 1504 2844 1574 divitiarumque
2871 1503 3128 1557 fallaciam
3155 1502 3425 1571 spinarum
3453 1499 3667 1553 nomine

2088 1607 2408 1664 vocantem;
2437 1608 2491 1653 et
2512 1598 2634 1667 jure
2655 1597 2889 1667 quidem.
2913 1593 3370 1663 Quemadmodum
3400 1593 3538 1648 enim
3562 1591 3666 1645 illa

2088 1686 2431 1743 infructuosa
2461 1697 2615 1755 sunt,
2643 1688 2715 1743 ita
2743 1695 2797 1742 et
2821 1687 3046 1752 divitia;
3091 1695 3149 1740 ut
3176 1686 3281 1740 illa
3310 1691 3585 1754 tangentes
3607 1697 3667 1738 se

2087 1778 2345 1845 lacerant,
2374 1780 2452 1835 sic
2476 1788 2531 1835 et
2558 1779 2673 1835 hac
2695 1779 2821 1834 vitia
2843 1779 3073 1833 animam
3096 1795 3110 1834 :
3133 1792 3196 1832 ac
3220 1775 3665 1847 quemadmodum

2086 1871 2257 1942 spina
2302 1872 2424 1942 igne
2463 1870 2621 1928 facile
2660 1870 3044 1937 absumuntur,
3093 1876 3149 1925 et
3194 1868 3393 1923 odiosa
3421 1866 3665 1937 agricolis

2088 1971 2249 2029 sunt,
2296 1962 2369 2017 ita
2399 1972 2453 2019 et
2476 1978 2565 2019 res
2590 1962 2874 2017 mundana
2898 1978 2912 2015 :
2935 1976 2998 2016 ac
3026 1961 3163 2015 sicut
3207 1960 3259 2014 in
3299 1959 3464 2028 spinis
3507 1956 3663 2021 fera,

2086 2057 2304 2128 vipera,
2334 2057 2530 2127 scorpii
2562 2057 2911 2121 occultantur,
2942 2056 3015 2110 ita
3035 2065 3089 2110 et
3114 2056 3165 2109 in
3191 2054 3491 2108 divitiarum
3513 2050 3664 2106 falla-

2086 2150 2189 2206 cia.
2221 2149 2418 2206 Verum
2452 2152 2797 2206 immittamus
2826 2148 3054 2218 Spiritus
3085 2149 3292 2218 ignem,
3323 2154 3381 2201 ut
3405 2153 3459 2200 et
3486 2144 3666 2214 spinas

2086 2257 2496 2307 consumamus,
2536 2251 2591 2298 et
2629 2241 2772 2297 feras
2798 2241 3067 2311 fugemus,
3094 2248 3154 2293 ut
3191 2252 3379 2307 purum
3420 2250 3665 2305 paremus

2086 2331 2334 2403 agricola
2376 2347 2594 2397 arvum;
2636 2331 2829 2386 deinde
2857 2345 2984 2386 vero
3014 2328 3373 2399 spiritualibus
3397 2327 3567 2395 ipsum
3595 2325 3669 2378 ri-

2085 2437 2271 2492 gemus
2299 2423 2487 2478 alveis.
2512 2422 2822 2478 Plantemus
2842 2421 3038 2476 olivam
3068 2418 3418 2483 fructiferam,
3450 2415 3667 2471 mitissi-

2087 2529 2229 2567 mam
2260 2512 2506 2570 arborem
2536 2528 2854 2583 semperque
2891 2513 3156 2567 virentem
3178 2552 3193 2577 ,
3241 2510 3625 2565 illuminantem
3646 2549 3663 2575 ,

2086 2605 2435 2675 nutrientem,
2466 2605 2755 2661 valetudini
2785 2612 2983 2675 aptam.
3013 2604 3139 2659 Hac
3159 2603 3334 2658 omnia
3356 2602 3409 2657 in
3430 2618 3487 2656 se
3507 2600 3668 2655 habet

2086 2702 2447 2773 eleemosyna,
2479 2717 2597 2772 qua
2623 2701 2770 2773 quasi
2792 2700 3023 2771 sigillum
3042 2707 3125 2755 est
3150 2699 3317 2768 ipsam
3342 2695 3664 2768 possidenti-

2086 2793 2209 2848 bus.
2251 2793 2399 2848 Hanc
2427 2794 2674 2849 arborem
2715 2808 2783 2847 ne
2825 2807 2970 2847 mors
3010 2791 3222 2862 quidem
3266 2790 3381 2860 ipsa
3408 2788 3664 2845 arefacit:

2087 2886 2181 2941 sed
2207 2894 2310 2940 stat
2331 2886 2418 2940 illa
2439 2900 2651 2956 semper
2668 2894 2900 2941 mentem
2919 2883 3242 2951 illuminans,
3265 2895 3459 2938 nervos
3478 2880 3668 2935 animae

2088 2975 2297 3043 fovens,
2327 2977 2468 3032 vires
2494 2977 2727 3047 integras
2748 2991 2987 3042 servans,
3013 2975 3474 3045 robustioremque
3497 2971 3669 3027 reddit

2088 3069 2341 3123 animam.
2371 3069 2427 3124 Si
2453 3078 2708 3140 perpetuo
2736 3069 2877 3123 illam
2906 3068 3214 3133 habeamus,
3236 3066 3528 3137 poterimus
3546 3060 3666 3119 cum

2089 3159 2279 3215 fiducia
2297 3161 2561 3230 Sponsum
2576 3158 2778 3225 videre,
2806 3169 2861 3214 et
2878 3161 2929 3213 in
2948 3158 3235 3213 thalamum
3254 3159 3452 3212 intrare
3470 3172 3485 3220 ;
3508 3169 3664 3225 quem

2088 3264 2188 3305 nos
2235 3265 2422 3304 omnes
2468 3251 2678 3320 assequi
2728 3249 2998 3319 contingat
3043 3247 3207 3318 gratia
3252 3255 3307 3302 et
3348 3245 3670 3315 benignitate

2090 3340 2304 3395 Domini
2333 3342 2499 3397 nostri
2527 3341 2653 3397 Jesu
2699 3341 2897 3396 Christi
2922 3383 2936 3407 ,
2983 3341 3195 3411 quicum
3229 3338 3372 3395 Patri
3400 3338 3565 3408 gloria
3590 3337 3668 3390 si-

2090 3432 2311 3502 mulque
2336 3433 2555 3503 Spiritui
2583 3441 2790 3500 sancto,
2820 3448 2962 3487 nunc
2983 3440 3037 3487 et
3056 3445 3291 3502 semper,
3319 3437 3374 3486 et
3396 3430 3450 3485 in
3477 3426 3670 3483 sacula

2090 3524 2429 3578 saeculorum.
2458 3524 2651 3579 Amen.

2154 3639 2172 3670 ³
2209 3645 2336 3689 Unus
2358 3638 2524 3699 habet,
2548 3636 2913 3700 illuminatione,
2937 3649 3043 3701 pro,
3062 3637 3185 3687 luce.

403 3742 3662 3778 Ν

1750 3806 2100 3870 HOMILIA
2142 3810 2349 3871 XXV.

401 3971 457 4027 5.
489 3966 772 4038 Respondit
805 3964 955 4019 Jesus
983 3978 1002 4016 :
1027 3962 1186 4015 Amen
1230 3957 1341 4011 dico
1381 3953 1513 4009 tibi:
1544 3951 1661 4007 Nisi
1693 3953 1803 4020 quis
1840 3962 1991 4006 natus

414 4110 419 4116 .
473 4060 627 4134 fuerit
665 4074 729 4114 ea:
753 4072 886 4128 aqua
913 4062 960 4109 et
1001 4051 1201 4123 Spiritu
1220 4090 1234 4114 ,
1263 4064 1366 4102 non
1393 4054 1553 4116 potest
1589 4044 1799 4098 introire
1822 4045 1875 4097 in
1904 4060 1987 4097 re-

473 4172 631 4229 gnum
655 4152 773 4209 Dei.

475 4314 530 4366 1.
564 4306 779 4366 Pueruli
808 4300 1048 4376 quotidie
1074 4297 1358 4368 magistros
1387 4290 1663 4355 adeuntes,
1693 4289 1989 4346 doctrinam

411 4403 682 4473 accipiunt
721 4409 776 4455 et
800 4398 1049 4461 recitant,
1078 4400 1133 4448 et
1161 4401 1449 4458 numquam
1476 4384 1579 4439 hoc
1607 4385 1798 4453 agendi
1829 4385 1991 4441 ﬁnem

405 4495 644 4558 faciunt,
686 4492 795 4546 imo
838 4497 1243 4555 nonnumquam
1282 4475 1529 4533 noctibus
1564 4473 1680 4529 dies
1703 4476 1990 4547 adjiciunt,

408 4586 570 4655 idque
614 4599 714 4654 pro
755 4582 913 4638 ﬂuxis
940 4582 1102 4636 rebus
1129 4580 1305 4634 facere
1334 4594 1363 4633 a
1394 4579 1546 4633 vobis
1577 4580 1854 4645 coguntur.
1887 4569 1994 4624 Nos

409 4686 589 4732 autem
615 4690 723 4730 non
749 4689 782 4729 a
808 4674 981 4740 vobis,
1005 4671 1094 4742 qui
1118 4671 1167 4725 in
1192 4669 1513 4740 perfectiora
1536 4675 1691 4723 atate
1717 4663 1866 4727 estis,
1896 4664 1997 4716 hoc

409 4767 732 4838 requirimus
751 4804 766 4830 ς
816 4764 959 4835 quod
990 4776 1084 4816 vos
1113 4776 1143 4815 a
1175 4760 1299 4814 filiis
1326 4759 1523 4814 vestris
1554 4756 1784 4826 exigitis.
1814 4752 1997 4821 Neque

349 4863 357 4873 '
409 4862 558 4917 enim
578 4857 835 4929 quotidie,
855 4855 947 4911 sed
966 4855 1045 4909 bis
1063 4862 1267 4908 tantum
1292 4853 1344 4906 in
1366 4848 1700 4906 hebdomada
1718 4847 1821 4918 (a),
1841 4844 1999 4914 idque

410 4967 510 5023 per
538 4950 756 5005 brevem
793 4945 897 5001 diei
938 4954 1138 5015 partem
1165 4985 1179 5008 ,
1228 4954 1284 4998 ut
1330 4942 1566 4997 laborem
1593 4939 1831 4996 levemus
1854 4977 1868 5001 ,
1901 4947 2000 4988 vos

411 5040 659 5100 concioni
684 5039 873 5093 adesse
894 5045 946 5091 ct
965 5034 1241 5090 attendere
1268 5034 1562 5088 hortamur.
1596 5030 1718 5084 ideo
1748 5024 2000 5097 paulatim

411 5136 568 5192 vobis
592 5133 987 5202 Scripturarum
1014 5128 1156 5183 dicta
1184 5126 1524 5195 decerpimus
1548 5164 1563 5189 ,
1610 5130 1670 5175 ut
1706 5135 1768 5175 ea
1798 5116 2003 5171 facilius

414 5245 607 5302 capere
632 5270 647 5296 ,
678 5236 734 5282 et
775 5225 827 5280 in
868 5223 1060 5278 mentis
1099 5226 1291 5275 vestra
1336 5216 1689 5288 receptaculis
1735 5212 2005 5281 deponere

2095 3957 2305 4012 miliora
2333 3954 2633 4022 decidente,
2666 3963 2722 4010 et
2746 3953 2943 4011 Christi
2971 3951 3171 4008 dictum
3196 3950 3261 4006 ad
3290 3959 3556 4015 terrenam
3575 3963 3671 4020 ge-

2096 4048 2428 4104 nerationem
2456 4047 2788 4118 deprimente
2811 4087 2828 4113 ,
2860 4062 2923 4101 ac
2953 4045 3166 4100 dicente
3196 4042 3523 4113 impossibile
3551 4056 3672 4096 esse

2094 4158 2278 4198 senem
2315 4142 2494 4197 denuo
2523 4142 2707 4207 nasci,
2739 4140 2984 4197 Christus
3008 4136 3363 4208 generationis
3392 4136 3532 4189 illius
3560 4148 3674 4188 mo-

2094 4233 2220 4289 dum
2246 4234 2444 4289 clarius
2469 4234 2719 4303 explicat,
2751 4232 2843 4301 qui
2867 4229 3083 4286 difficile
3107 4228 3321 4299 quidem
3347 4226 3673 4297 intelligere—

2096 4336 2183 4381 tur
2206 4326 2272 4382 ab
2301 4342 2386 4391 eo,
2415 4326 2504 4396 qui
2530 4324 2747 4379 animali
2777 4322 2937 4378 modo
2963 4324 3361 4391 interrogasset,
3388 4326 3677 4388 possetque

2096 4426 2275 4474 tamen
2318 4418 2387 4473 ab
2412 4418 2513 4473 hac
2536 4416 2743 4487 abjecta
2772 4415 3097 4486 cogitatione
3128 4414 3541 4481 interrogantem
3571 4410 3678 4465 eri-

2097 4526 2242 4581 gere.
2273 4509 2410 4577 Quid
2437 4510 2580 4566 enim
2606 4508 2772 4564 dicit?
2802 4509 2960 4561 Amen
2989 4507 3100 4560 dico
3125 4504 3242 4569 tibi,
3275 4504 3372 4557 nisi
3395 4502 3506 4571 quis
3529 4508 3678 4555 natus

2102 4606 2253 4677 fuerit
2283 4620 2346 4658 ea:
2370 4620 2502 4673 aqua
2528 4613 2574 4657 et
2604 4601 2803 4673 Spiritu
2827 4640 2842 4660 ,
2871 4616 2973 4653 non
2999 4606 3161 4668 potest
3186 4598 3374 4650 intrare
3393 4596 3448 4648 iu
3468 4609 3678 4664 regnum

2098 4696 2229 4763 Dei;
2273 4697 2325 4752 id
2367 4706 2449 4753 est
2473 4716 2485 4752 :
2511 4696 2591 4751 Tu
2616 4695 2827 4765 quidem
2859 4692 2963 4746 hoc
3007 4688 3335 4760 impossibile
3362 4702 3482 4743 esse
3508 4686 3678 4740 dicis:

2100 4806 2200 4862 ego
2226 4805 2353 4846 vero
2381 4788 2666 4844 admodum
2699 4784 2952 4856 possibile
2981 4782 3128 4847 dico;
3162 4789 3220 4835 ut
3243 4779 3402 4836 etiam
3431 4790 3682 4833 necessa-

2102 4886 2240 4940 rium
2266 4885 2365 4949 sit,
2394 4891 2450 4938 et
2476 4882 2593 4937 sine
2623 4880 2713 4935 illo
2740 4893 2898 4933 nemo
2924 4876 3101 4931 salvus
3128 4888 3246 4929 esse
3274 4871 3461 4942 possit.
3488 4869 3682 4924 Neces-

2103 4977 2243 5032 saria
2269 4975 2409 5030 enim
2432 5016 2447 5041 ,
2495 4973 2649 5028 nobis
2678 4970 2963 5025 admodum
2995 4967 3167 5023 facilia
3212 4965 3338 5020 fecit
3362 4964 3524 5018 Deus.
3550 4960 3683 5016 Nam

2106 5077 2318 5124 terrena
2361 5065 2575 5137 quidem
2618 5064 2929 5134 generatio,
2972 5057 3266 5114 secundum
3314 5068 3527 5110 carnem
3553 5094 3569 5118 ,
3618 5067 3686 5107 ex

2106 5160 2323 5231 pulvere
2352 5167 2435 5214 cst
2457 5175 2470 5210 :
2494 5163 2821 5228 quapropter
2847 5168 2876 5206 a
2905 5149 3206 5207 caelestibus
3236 5146 3325 5202 illa
3370 5142 3686 5199 intercludi-

2106 5261 2230 5308 tur:
2254 5251 2382 5321 quid
2407 5251 2547 5306 enim
2578 5247 2737 5303 habet
2770 5255 2911 5299 terra
2940 5258 3061 5298 cum
3086 5241 3218 5296 calo
3243 5236 3566 5294 commune?
3594 5233 3687 5287 llla

413 5323 674 5389 valeatis,
707 5327 867 5390 atque
904 5316 958 5370 in
990 5314 1251 5369 memoria
1276 5311 1545 5375 retinere,
1594 5316 1651 5361 ut
1695 5303 1912 5375 possitis
1941 5315 2005 5357 ea

416 5414 535 5469 aliis
559 5412 781 5468 referre.
809 5408 920 5463 Nisi
947 5406 1173 5462 fortasse
1198 5402 1460 5474 quispiam
1486 5397 1777 5453 admodum
1806 5393 2006 5450 somni-

420 5507 635 5559 culosus
664 5503 733 5557 sit
757 5507 812 5556 et
838 5500 1056 5569 ignavus
1084 5493 1413 5566 pueruloque
1441 5488 1705 5546 hebetior.
1736 5485 2008 5541 Dictorum

421 5598 601 5667 itaque
634 5595 829 5651 seriem
858 5592 1216 5663 arripiamus;
1252 5584 1543 5641 Nicodemo
1567 5594 1797 5651 namque
1826 5579 1878 5634 in
1907 5578 2007 5634 hu-

2108 5360 2238 5402 vero
2265 5360 2334 5400 ex
2362 5344 2559 5412 Spiritu
2598 5339 2755 5395 facile
2804 5335 2960 5391 nobis
3000 5333 3243 5389 calestes
3290 5330 3414 5383 illos
3457 5325 3691 5381 fornices

2110 5438 2301 5508 aperit.
2349 5435 2544 5491 Audite
2595 5438 2854 5501 quotquot
2897 5424 3133 5482 nondum
3181 5419 3463 5477 illuminati
3513 5417 3689 5473 estis:

2111 5526 2502 5590 exborrescitc,
2530 5522 2726 5593 gemite
2746 5540 2758 5576 :
2780 5516 3055 5575 tremenda
3077 5514 3273 5585 quippe
3297 5518 3380 5567 est
3401 5508 3692 5565 commina~

2112 5623 2188 5677 tio
2209 5663 2222 5687 ,
2253 5617 2505 5674 terribilis
2543 5612 2834 5677 sententia;
2868 5608 2990 5664 Non
3020 5615 3201 5675 potest,
3233 5600 3435 5673 inquit,
3476 5600 3563 5670 qui
3590 5614 3693 5652 non

486 5754 564 5820 (α)
594 5752 958 5818 Clu-“mimus
976 5750 1051 5800 bis
1067 5749 1117 5799 in
1139 5741 1444 5798 hebdomade
1461 5737 1842 5793 condonabam.
2114 5725 2261 5772 natus
2302 5722 2373 5768 est
2400 5726 2461 5767 ea:
2485 5724 2617 5780 aqua
2657 5714 2702 5761 et
2730 5702 2928 5777 Spiritu
2952 5743 2967 5773 ,
3003 5702 3193 5756 intrare
3221 5697 3279 5780 in
3301 5709 3511 5765 regnum
3541 5691 3694 5747 cato~
