4094 6370
373 322 476 380 147

368 426 445 487 οὐ
476 430 585 500 γὰρ
614 429 831 501 ἔσκωψε
863 430 927 484 τὸ
954 428 1161 501 λεχθὲν.
1207 433 1324 486 ἀλλ’
1348 434 1609 489 ἀδύνατον
1636 433 1776 492 εἶναι
1810 442 1959 510 νομί-

368 518 501 580 ζων.
528 513 809 585 ἐσίγησεν.
839 514 945 568 Δύο
968 510 1242 588 γὰρῆντά
1264 518 1467 589 ἄπορα,
1487 520 1522 589 ἡ
1549 537 1606 572 τε
1631 522 1882 591 γέννησις
1910 524 1943 592 ἡ

367 596 613 667 τοιαύτη.
655 597 690 667 ἡ
718 615 778 650 τε
813 598 1079 668 βασιλεία.
1113 598 1250 653 Οὑτε
1295 600 1403 672 γὰρ
1452 602 1731 671 βασιλείας
1777 604 1944 675 ὄνομα
1994 630 2001 637 ·

367 681 614 751 ⁴ἡκούσθη
638 681 787 753 παρά
820 681 1091 745 Ἰουδαίοις
1112 684 1263 745 ποτὲ,
1290 682 1413 736 οὔτε
1437 688 1740 755 γεννήσεως
1760 688 1944 741 τοιαύ-

366 781 487 833 της.
525 763 685 815 Ἀλλά
710 764 847 826 τέως
871 764 999 839 περὶ
1023 764 1082 817 τὸ
1104 765 1367 838 πρότερον
1392 768 1629 833 ἵσταται,
1661 768 1946 839 ὃμάλιστα

366 844 532 899 αὐτοῦ
557 846 656 917 τὴν
682 846 918 900 διάνοιαν
948 849 1251 902 κατέσεισε.

437 930 601 982 Ταῦτ’
627 925 719 981 οὖν
752 929 952 994 είδότες
985 932 1059 1001 μὴ
1090 931 1335 1003 λογισμῷ
1359 934 1427 986 τὰ
1460 935 1587 1003 περὶ
1602 934 1738 988 Θεοῦ
1771 932 1947 1005 ζητῶ-

370 1030 491 1083 μεν,
526 1014 661 1084 μηδέ
692 1014 798 1066 ὑπὸ
819 1014 918 1084 τήν
940 1015 1264 1069 ἀκολουθίαν
1292 1017 1392 1089 τὴν
1415 1021 1545 1088 παρ’
1572 1022 1705 1089 ἡμῖν
1724 1019 1945 1090 ἄγωμεν

330 1172 333 1175 _
364 1094 433 1147 τά
480 1096 711 1160 ἐκεῖθεν,
746 1097 883 1167 μηδὲ
911 1098 1123 1170 ἀνάγκη
1148 1100 1363 1167 φύσεως
1387 1102 1778 1172 ὑποϐάλλωμεν
1796 1119 1811 1134 ⁸
1830 1103 1944 1155 ἀλλ’

365 1176 606 1241 εὐσεϐῶς
654 1179 833 1231 πάντα
884 1180 1113 1250 νοῶμεν,
1161 1184 1509 1247 πιστεύοντες
1560 1184 1637 1247 ώς
1687 1181 1839 1238 εἷπον
1888 1188 1945 1240 αἰ

364 1260 603 1331 Γραφαί.
652 1262 711 1313 'O
744 1262 854 1333 γὰρ
877 1266 1166 1334 περίεργος
1198 1279 1223 1306 α
1262 1268 1354 1320 καὶ
1382 1267 1792 1338 πολυπράγμων
1815 1286 1945 1341 κερ-

362 1345 533 1397 δαίνει
565 1346 663 1415 μὲν
684 1345 858 1408 οὐδὲν,
887 1347 1021 1419 πρὸς
1048 1348 1104 1400 δὲ
1132 1349 1209 1419 τῷ
1225 1350 1286 1402 τὸ
1319 1351 1646 1421 ζητούμενον
1671 1353 1745 1421 μὴ
1768 1353 1946 1423 εὑρεῖν

365 1428 459 1482 καὶ
488 1430 643 1499 δίκην
686 1428 847 1481 δώσει
874 1432 973 1502 τὴν
1007 1432 1262 1502 ἐσχάτην.
1298 1435 1575 1498 Ἤκουσας
1606 1435 1689 1487 ὃτι
1724 1436 1947 1506 ἐγέννησε

366 1528 458 1563 σεν
477 1529 492 1541 “
522 1512 812 1565 πίστευσον
846 1513 981 1583 ὅπερ
1002 1514 1237 1584 ἡκουσας
1259 1533 1273 1545 ·
1298 1516 1359 1569 τὸ
1384 1517 1441 1569 δέ
1474 1517 1613 1583 πῶς,
1648 1518 1724 1588 μὴ
1755 1518 1907 1587 ζήτει
1926 1534 1941 1549 ·

348 1596 503 1666 ,μηδὲ
524 1597 615 1649 διὰ
653 1597 810 1649 τοῦτο
843 1598 1038 1671 ἀνέλῃς
1072 1601 1170 1671 τὴν
1198 1601 1473 1671 γέννησιν.
1523 1602 1945 1675 Ἀγνωμοσύνης

364 1680 472 1748 γὰρ
491 1680 667 1733 ταῦτα
687 1681 943 1750 ἐσχάτης.
977 1683 1040 1734 Εἰ
1078 1684 1184 1754 γάρ
1209 1680 1365 1747 οὗτος
1401 1684 1642 1748 ἀκούσας
1664 1686 1943 1756 γέννησιν,

362 1763 465 1815 οὐκ
504 1765 722 1833 ἐκείνην
760 1766 859 1835 τὴν
897 1766 1232 1837 ἀπόρρητον,
1276 1768 1413 1821 ἀλλά
1446 1768 1651 1838 ταύτην
1680 1767 1777 1839 τὴν
1804 1769 1946 1822 κατὰ

361 1846 545 1914 χάριν,
587 1846 773 1917 ἐπειδὴ
810 1849 975 1919 μηδὲν
1012 1848 1154 1918 μέγα
1201 1850 1330 1919 περὶ
1362 1852 1530 1920 αὐτῆς
1564 1851 1942 1917 ὑπώπτευσεν,

362 1931 500 1984 ἀλλά
527 1931 847 2002 ἀνθρώπινα
877 1933 971 1985 καὶ
1009 1933 1209 2004 γεώδη,
1253 1934 1341 1987 διά
1364 1935 1519 1987 τοῦτο
1541 1934 1817 2005 ἐσκοτώθη
1850 1936 1946 1989 καὶ

361 2015 672 2083 ἠπόρησεν·
714 2016 764 2068 οἰ
791 2015 890 2086 τὴν
916 2016 1359 2086 φρικωδεστάτην
1391 2018 1605 2088 ἐκείνην
1645 2019 1737 2071 καὶ
1764 2019 1945 2072 πάντα

366 2098 805 2168 ὑπερδαίνουσαν
833 2100 928 2151 καὶ
974 2099 1130 2167 λόγον
1174 2102 1268 2153 καὶ
1303 2100 1425 2153 νοῦν
1457 2102 1946 2172 περιεργαζόμενοι

361 2182 454 2235 καὶ
485 2182 1088 2253 πολυπραγμονοῦντες,
1130 2185 1302 2254 πόσης
1346 2185 1411 2237 ἂν
1461 2183 1570 2238 εἷεν
1605 2185 1744 2249 ἄξιοι
1774 2204 1946 2254 τιμωσ

367 2266 518 2336 ρίας;
555 2266 719 2319 Οὐδὲν
740 2266 849 2337 γὰρ
871 2266 1012 2319 οὕτω
1038 2270 1183 2320 ποιεῖ
1209 2268 1514 2321 σκοτόδινον
1546 2268 1597 2334 b,
1627 2270 1703 2332 ὡς
1736 2269 1946 2338 ἀνθρώ-

363 2367 516 2410 πινος
540 2351 817 2420 λογισμὸς,
843 2351 949 2403 ἀπὸ
973 2353 1071 2423 τῆς
1101 2352 1204 2421 γῆς
1232 2353 1409 2405 πάντα
1433 2352 1824 2423 φθεγγόμενος,
1851 2354 1946 2406 καὶ⁵

363 2434 439 2504 μὴ
474 2434 802 2504 ἀνεχόμενος
834 2435 1163 2502 φωτίζεσθαι
1202 2435 1432 2496 ἄνωθεν.
1464 2436 1673 2505 Πολλὴν
1697 2435 1804 2506 γὰρ
1833 2435 1945 2506 ἔχει

361 2519 458 2588 τὴν
497 2518 611 2571 ίλὺν
646 2518 707 2571 τὸ
745 2518 947 2586 γεῶδες
983 2520 1093 2572 τῶν
1141 2520 1438 2591 λογισμῶν.
1482 2520 1581 2573 Διά
1629 2520 1788 2573 τοῦτο
1836 2520 1944 2572 τῶν

359 2601 567 2654 ἀνωθεν
590 2602 722 2671 ἡμῖν
747 2603 1003 2672 ναμάτων
1034 2604 1211 2673 χρεία,
1244 2604 1331 2658 ἵνα
1350 2604 1451 2673 τῆς
1482 2604 1624 2667 ἰλύος
1655 2603 1945 2673 ὑφιζανού-

364 2702 486 2754 σης,
505 2685 630 2737 ὅσον
660 2685 825 2737 αὐτοῦ
846 2686 1105 2756 καθαρὸν,
1135 2686 1294 2740 τοῦτο
1318 2688 1431 2741 ἀνω
1456 2688 1687 2759 φέρηται
1712 2688 1807 2740 καὶ
1832 2690 1946 2750 τοῖς

356 2768 537 2819 ἐκεῖσε
585 2767 912 2837 διδάγμασιν
967 2769 1391 2840 ἀναμιγνύηται.
1427 2770 1638 2823 Γίνεται
1668 2770 1723 2823 δὲ
1760 2769 1939 2835 τοῦτο,

356 2852 488 2903 ὅταν
517 2852 614 2903 καὶ
637 2850 789 2923 [Mi]
813 2852 991 2923 ψυχὴν
1013 2852 1335 2921 εὐγνώμονα
1367 2855 1460 2907 καὶ
1476 2853 1636 2924 ὀρθὸν
1666 2853 1943 2917 ἐπιδειξώσ

360 2934 501 3005 μεθα
533 2934 666 3003 βίον.
702 2936 858 2988 Ἔστι
884 2936 1011 3005 γὰρ,
1044 2935 1159 2988 ἐστι
1196 2937 1290 2989 καὶ
1318 2936 1426 2989 ἀπὸ
1446 2939 1664 3007 τρόπων
1686 2937 1945 3007 διεφθαρ-

362 3017 561 3086 μένων,
595 3019 695 3071 οὐκ
746 3018 856 3071 ἀπὸ
902 3018 1433 3090 πολυπραγμοσύνης
1477 3019 1637 3089 μόνον
1687 3019 1940 3088 ἀκαίρου,

359 3102 701 3172 σκοτωθῆναι
729 3104 826 3173 τὴν
856 3103 1115 3156 διάνοιαν.
1157 3102 1248 3155 Διὸ
1278 3104 1373 3155 καὶ
1423 3103 1452 3155 ό
1495 3102 1706 3165 Παῦλος
1746 3103 1943 3172 Κοριν-

361 3183 494 3247 θίοις
523 3184 708 3253 ἔλεγεν
730 3204 741 3215 ·
770 3184 942 3238 Γάλα
962 3184 1118 3254 ὑμᾶς
1134 3185 1405 3248 ἐπότισα,
1427 3184 1740 3253 οὺβρῶμα.
1764 3185 1942 3237 Οὔπω

358 3266 469 3335 γὰρ
499 3266 831 3336 ἠδύνασθε,
876 3268 1015 3322 ἀλλ’
1060 3268 1204 3322 οὐδὲ
1244 3267 1331 3320 ἔτι
1364 3268 1481 3321 νῦν
1512 3267 1810 3321 δύνασθεο
1855 3266 1944 3319 ἔτι

358 3351 467 3420 γὰρ
491 3353 773 3420 σαρκικοί
796 3352 956 3405 ἐστε.
995 3353 1177 3405 Ὅπου
1208 3351 1319 3420 γὰρ
1347 3352 1416 3403 ἐν
1450 3351 1595 3420 ὑμῖν
1623 3348 1804 3417 ζῆλος
1844 3347 1944 3401 καί

357 3433 513 3500 ἕρεις
536 3436 633 3487 καί
657 3434 1061 3503 διχοστασίαι,
1088 3436 1222 3503 οὺχί
1254 3436 1532 3500 σαρκικοί
1547 3436 1721 3497 ἑστε;
1749 3433 1858 3485 Καὶ
1885 3434 1942 3484 ἐν

357 3519 424 3585 τῇ
475 3517 611 3588 πρὸς
656 3518 941 3589 Ἐϐραίους
985 3517 1063 3580 δέ,
1097 3517 1192 3569 καὶ
1226 3515 1492 3585 πολλαχοῦ
1544 3516 1652 3567 τῶν
1692 3512 1943 3583 πονηρῶν

421 3606 678 3667 fQuidam
722 3605 994 3667 πολύεργος.
1064 3602 1203 3667 δᾲΙιδ
1247 3604 1396 3667 δονίι.
1425 3603 1597 3651 Morel.
1625 3602 1940 3667 σκοτόδεινον.

358 3665 457 3715 Alii
483 3667 655 3723 σκότος
678 3668 841 3715 δεινόν.
874 3664 1077 3715 Βοίδὶυε
1109 3665 1377 3726 legendum
1410 3671 1548 3725 putat
1579 3664 1895 3726 σκοτοδινιᾷν.

1375 323 1442 377 ΙΝ
1481 323 1798 381 JOANNEM
1840 328 2073 385 IIOMIL.
2119 330 2284 385 XXV.
2321 332 2391 386 al.
2437 331 2625 386 XXIV.

3535 349 3635 403 M8

2063 442 2349 528 δργμάτων
2378 444 2582 517 ταύτην
2619 447 2716 501 ἴδοι
2739 466 2825 513 τις
2861 449 2928 505 ἂν
2955 453 3047 506 τὸν
3087 454 3297 511 Παῦλον
3324 457 3424 528 τὴν
3458 460 3639 515 αἰτίαν
3724 494 3727 501 -

2057 522 2197 579 εἶναι
2224 527 2480 595 λέγοντα·
2511 529 2610 600 τὴν
2652 531 2760 603 γάρ
2800 534 3022 606 ἐμπαθῆ
3062 537 3241 609 ψυχὴν
3268 539 3330 593 οὑ
3375 522 3637 597 δύνασθαι

2056 610 2197 697 μέγα
2229 628 2281 697 τι
2318 614 2563 697 γενναῖον
2594 613 2743 678 ἰδεῖν,
2776 616 2891 669 ἀλλ’
2921 616 3109 692 ὥσπερ
3145 621 3252 675 ὑπό
3283 640 3429 688 τινος
3456 625 3634 697 λήμης
3702 609 3723 615 ’-

2053 692 2206 778 θολου
2215 694 2402 778 μένην,
2420 696 2782 778 ἀμϐλυωπίαν
2800 700 3096 771 ὑπομένειν
3106 704 3206 775 τὴν
3220 692 3631 778 χαλεπωτάτην.
3702 737 3707 743 ·

2065 773 2493 849 Ἐκκαθάρωμεν
2544 776 2637 832 οῦν
2674 783 2923 848 ἑαυτοὺς,
2970 773 3295 859 φωτίσωμεν
3339 790 3454 858 φῶς
3495 773 3634 859 γνώ-

2054 871 2258 923 σεωςο,
2302 862 2377 931 μὴ
2425 861 2737 933 σπείρωμεν
2780 866 2867 918 ἐπ’
2902 869 3184 934 ἀκάνθαις.
3218 872 3283 923 Τί
3315 873 3372 926 δὲ
3417 874 3478 926 τὸ
3524 874 3633 925 τῶν

2052 943 2303 997 ἀκανθῶν
2333 945 2559 1015 πλῆθος,
2596 948 2731 1015 ἴστε,
2763 949 2865 1003 κάν
2908 954 3069 1021 ἡμεῖς
3116 955 3190 1026 μὴ
3221 954 3487 1026 λέγωμεν.
3523 958 3633 1010 Καὶ

2051 1026 2160 1110 γὰρ
2190 1027 2449 1091 πολλάκις
2486 1029 2759 1097 ἠκούσατε
2798 1032 2892 1086 τοῦ
2933 1036 3192 1106 Χριστοῦ,
3225 1039 3322 1108 τὴν
3362 1039 3633 1110 μέριμναν

2052 1108 2146 1162 τοῦ
2178 1110 2442 1181 παρόντος
2473 1113 2587 1182 βίου
2612 1115 2705 1167 καὶ
2726 1114 2826 1185 τὴν
2860 1116 3076 1188 ἀπάτην
3106 1118 3201 1172 τοῦ
3234 1108 3465 1174 πλούτου
3493 1108 3570 1192 τῷ
3601 1121 3630 1161 ἀ

2052 1192 2159 1247 τῶν
2186 1195 2438 1247 ἀκανθῶν
2467 1196 2756 1263 καλοῦντος
2779 1201 3020 1270 ὀνόματι·
3052 1204 3145 1256 καὶ
3177 1205 3420 1269 εἰκότως.
3452 1206 3632 1260 Καθά-

2052 1293 2159 1347 περ
2195 1275 2304 1347 γάρ
2335 1278 2538 1333 ἐκεῖναι
2566 1280 2824 1352 ἄκαρποι,
2843 1283 2985 1336 οὕτω
3015 1288 3107 1338 καὶ
3136 1286 3339 1340 ταῦτα·
3379 1290 3635 1361 καθάπερ

2052 1362 2256 1414 ἐκεῖναι
2303 1364 2429 1426 τοὺς
2476 1365 2815 1435 ἁπτομένους
2864 1372 3298 1438 σπαράττουσιν,
3342 1372 3484 1426 οὑτω
3537 1376 3632 1426 καὶ

2050 1445 2222 1499 ταῦτα
2248 1446 2317 1499 τά
2359 1446 2508 1517 πάθη
2535 1462 2547 1476 ·
2577 1449 2673 1500 καὶ
2702 1448 2891 1520 ὥσπερ
2928 1451 3189 1505 εὐάλωτοι
3222 1454 3300 1524 τῷ
3344 1457 3497 1526 πυρὶ,
3537 1458 3633 1509 καὶ

2055 1533 2285 1602 μισηταὶ
2313 1530 2391 1601 τῷ
2414 1533 2750 1603 γεωργοῦντι
2777 1536 2833 1587 αἰ
2864 1536 3117 1601 ἄκανθαι,
3144 1536 3287 1590 οὓτω
3316 1540 3413 1592 καὶ
3441 1540 3507 1593 τὰ
3534 1540 3651 1592 τοῦ

2051 1616 2258 1685 κόσμου
2283 1617 2584 1687 πράγματα
2602 1633 2616 1645 ’
2641 1618 2736 1670 καὶ⁵
2756 1616 2942 1690 ὥσπερ
2960 1621 3017 1672 ὲν
3042 1622 3159 1683 ταῖς
3182 1621 3447 1683 ἀκάνθαις
3468 1623 3633 1691 θηρία

2051 1699 2406 1770 κρύπτονται,
2443 1701 2537 1753 καὶ
2563 1700 2707 1771 ἔχεις
2740 1704 2834 1755 καὶ
2866 1704 3137 1775 σκορπίοι,
3179 1704 3321 1758 οὑτω
3349 1708 3443 1759 καὶ
3476 1709 3534 1759 ἐν
3562 1710 3629 1777 τῇ

2051 1784 2237 1855 ἀπάτῃ
2280 1782 2374 1835 τοῦ
2422 1784 2675 1839 πλούτου.
2722 1786 2863 1838 Ἀλλ’
2890 1786 3191 1857 ἐπαφῶμεν
3233 1788 3294 1841 τὸ
3335 1787 3446 1858 πῦρ
3476 1800 3498 1827 ε
3535 1789 3632 1842 τοῦ

2048 1867 2388 1937 Πνεύματος,
2428 1868 2515 1922 ἴνα
2546 1869 2769 1933 καὶτὰς
2801 1870 3046 1933 ἀκάνθας
3082 1872 3503 1942 δαπανήσωμεν,
3538 1873 3631 1925 καὶ

2048 1950 2115 2004 τά
2144 1950 2310 2021 θηρία
2338 1950 2791 2022 φυγαδεύσωμεν,
2828 1953 2915 2006 ἵνα
2961 1953 3209 2026 καθαρὰν
3256 1956 3629 2025 παράσχωμεν

2046 2034 2126 2104 τῷ
2154 2034 2386 2103 γεωργῷ
2415 2034 2514 2105 τὴν
2545 2036 2806 2107 ἄρουραν,
2851 2039 2947 2089 καὶ
2978 2038 3115 2107 μετὰ
3155 2037 3217 2090 τὸ
3247 2040 3483 2109 καθᾶραι
3518 2042 3631 2101 τοῖς

2048 2120 2438 2188 πνευματικοῖς
2457 2118 2624 2187 αὐτὴν
2648 2118 3002 2189 ἀρδεύσωμεν
3021 2120 3241 2190 νάμασι.
3269 2120 3630 2190 Φυτεύσωμεν

2046 2200 2145 2271 τὴν
2196 2201 2555 2270 κατάκαρπον
2590 2200 2796 2265 ἐλαίαν,
2842 2201 2901 2254 τὸ
2949 2201 3302 2272 ἡμερώτατον
3343 2204 3533 2272 φυτὸν,
3568 2204 3630 2257 τὸ

2047 2284 2319 2349 ἀειθαλὲς,
2367 2284 2429 2336 τὸ
2473 2284 2820 2354 φωτιστικὸν,
2857 2286 2919 2338 τὸ
2977 2284 3289 2357 θρεπτικὸν,
3330 2286 3392 2338 τὸ
3422 2287 3631 2355 ὑγιείας

2048 2368 2348 2440 ποιητικόν.
2406 2367 2593 2421 Ταῦτα
2648 2368 2825 2421 πάντα
2875 2371 2909 2439 ἡ
2963 2369 3301 2440 ἐλεημοσύνη
3347 2369 3500 2441 ἔχει,
3552 2371 3630 2434 ὼς

2050 2453 2289 2523 σφραγὶς
2330 2448 2465 2505 οὖσα
2497 2451 2637 2521 μετὰ
2674 2452 2784 2503 τῶν
2831 2452 3186 2523 κεκτημένων
3218 2454 3410 2523 αὐτὴν.
3455 2452 3628 2506 Τοῦτο

2045 2539 2166 2592 οὐδὲ
2184 2538 2413 2599 θάνατος
2437 2536 2682 2589 ἐπελθὼν
2704 2536 3027 2607 ξηραίνειτὸ
3050 2537 3236 2605 φυτὸν,
3260 2537 3373 2591 ἀλλ’
3397 2538 3627 2609 ἕστηκεν

2046 2623 2135 2677 ἀεὶ
2163 2619 2397 2691 φωτίζον
2431 2619 2448 2657 ί
2476 2624 2575 2690 τὴν
2600 2620 2859 2680 διάνοιαν.
2892 2621 3092 2691 τρέφον
3121 2620 3191 2673 τά
3209 2620 3385 2693 νεῦρα·
3400 2623 3497 2691 τῆς
3524 2621 3628 2689 ψυ-

2046 2706 2170 2777 χῆς,
2210 2705 2305 2774 τὴν
2346 2705 2500 2774 ἰσχὺν
2530 2703 2906 2773 δυνατωτέραν
2942 2703 3330 2774 ἐργαζόμενον.
3373 2707 3468 2758 Ἂν
3498 2705 3627 2758 ταὼ

2044 2807 2145 2861 την
2183 2788 2395 2858 ἔχωμεν
2436 2785 2717 2857 διηνεκῶς,
2746 2786 3089 2856 δυνησόμεθα
3137 2787 3275 2857 μετά
3316 2789 3626 2858 παρρησίας

2044 2872 2141 2924 καὶ
2172 2872 2265 2923 τὸν
2289 2870 2522 2942 νυμφίον
2556 2868 2703 2934 ἰδεῖν,
2727 2869 2821 2921 καὶ
2841 2870 2920 2932 είς
2939 2869 3029 2922 τὸν
3048 2870 3313 2940 νυμφῶνα
3342 2870 3622 2923 εἰσελθεῖν·

2044 2944 2105 3004 οὗ
2132 2952 2340 3020 γένοιτο
2373 2950 2583 3011 πάντας
2608 2950 2753 3019 ἡμᾶς
2775 2950 3072 3017 ἐπιτυχεῖν,
3106 2950 3287 3022 χάριτι
3318 2952 3413 3003 καὶ
3442 2950 3628 3018 φιλαν-

2046 3035 2264 3107 θρωπίᾳ
2296 3032 2387 3087 τοῦ
2432 3032 2637 3102 Κυρίου
2671 3030 2840 3101 ἡμῶν.
2881 3032 3055 3102 Ἰησοῦ
3085 3032 3346 3103 Χριστοῦ,
3399 3033 3518 3103 μεθ’
3567 3028 3628 3086 οὗ

2048 3118 2125 3187 τῷ
2158 3117 2337 3188 Πατρὶ
2375 3118 2409 3187 ἡ
2440 3116 2587 3179 δόξα,
2615 3115 2730 3185 ἆμα
2772 3114 2851 3185 τῷ
2881 3116 3024 3186 ἁγίῳ
3068 3116 3369 3187 Πνεύματι,
3398 3117 3495 3172 νῦν
3529 3118 3628 3170 καὶ

2043 3201 2153 3263 ἀεὶ,
2183 3202 2275 3253 καὶ
2306 3201 2387 3262 εἰς
2420 3200 2545 3261 τοὺς
2572 3198 2771 3261 αἰῶνας
2792 3198 2901 3251 τῶν
2934 3198 3168 3255 αἰώνων.
3209 3201 3401 3270 Ἀμήν.

2109 3295 2131 3323 ι’
2165 3291 2302 3340 Unus
2344 3289 2494 3338 habet
2532 3288 2815 3351 φωτίσωμεν
2838 3290 3081 3351 φωτισμὸν
3121 3291 3357 3350 γνώσεως.
3413 3287 3627 3351 _Savilius

2045 3352 2250 3415 conjicit._
2276 3348 2557 3415 φωτίσωμεν
2599 3348 2828 3415 φωτῖγν.
2848 3348 2878 3415 ’Δ
2905 3348 2933 3387 (ι
2960 3348 3141 3415 _M9re|.
3183 3348 3439 3415 malea-1:05
3480 3350 3625 3415 πλούτ-

2044 3410 2295 3461 του’τοῦ.’
2369 3410 2616 3470 θΟιιὶὀοῐῐὶ
2659 3412 2728 3472 τῷ
2768 3410 2895 3473 πυρί.
2959 3412 3080 3460 Infra
3123 3424 3183 3459 ex
3228 3412 3453 3473 Savil.el
3482 3412 3621 3459 codd.

2045 3476 2156 3529 705.
2185 3474 2296 3531 706,
2318 3473 2525 3522 accessit
2544 3472 2703 3519 καὶτὰ
2732 3473 2867 3533 θηρία
2888 3473 3270 3533 φυγαδεύσωμεν.
3342 3472 3361 3511 ί
3391 3473 3493 3520 Hoc
3516 3484 3627 3532 path

2050 3536 2274 3604 iicipium
2298 3543 2351 3583 et
2368 3537 2465 3604 d_u_o
2486 3533 2762 3604 segnenlia,
2788 3535 2973 3604 τρέφοχ.
2999 3534 3329 3604 έργαζόμενογ,
3357 3536 3627 3604 ἱρρξεξςὶιιι-

2050 3595 2155 3647 limi
2176 3604 2377 3657 usurpat
2397 3595 2587 3652 Monif.,
2614 3601 2841 3642 neutrum
2881 3608 2910 3642 e
2934 3595 3084 3643 Savil.
3122 3603 3175 3643 el
3209 3596 3348 3645 codd.
3385 3595 3495 3652 705,
3516 3596 3624 3654 706,

2050 3659 2379 3708 resliluimus.
2400 3658 2538 3706 Enn.

1793 3822 2038 3877 OMIAIA
2073 3823 2203 3876 KE'.

359 3918 519 4002 [1451
545 3918 847 3988 Ἀπεκρίθη
856 3920 924 4005 ηδ,
943 3918 1183 4005 ’ζησοξις
1200 3934 1213 3946 ⁸
1250 3916 1601 4005 Ἀμὴγλῖἐγω
1619 3931 1717 4005 σοι
1736 3933 1751 4005 ξ
1795 3916 1935 4005 Ἐἀς

425 3987 512 4058 μή
538 4007 627 4053 τις
664 3987 924 4057 γεννηθῇ
956 3988 1025 4051 ἐξ
1062 3987 1279 4053 ὕδατος
1319 3989 1415 4040 καί
1446 3989 1812 4055 Πνεύματος,
1862 3987 1934 4037 οὐ

429 4060 676 4112 δύναται
708 4057 1003 4112 εἰσελθεῖν
1034 4060 1121 4122 εἰς
1144 4058 1258 4125 τὴν
1276 4058 1608 4121 βασιλείαν
1632 4056 1738 4109 τοῦ
1763 4054 1931 4108 Θεοῦ.

432 4147 501 4200 α’.
531 4146 611 4198 Τά
656 4145 844 4198 παιδία
867 4145 935 4197 τά
981 4144 1152 4214 μικρά
1186 4144 1305 4196 καθ’
1339 4145 1574 4214 ἑκάστην
1612 4144 1824 4213 ἡμέραν
1857 4144 1937 4205 εἰς

360 4230 718 4292 διδασκάλους
747 4227 1038 4297 φοιτῶντα,
1064 4228 1157 4279 καὶ
1188 4227 1400 4297 δέχεται
1426 4227 1494 4279 τὰ
1518 4226 1819 4295 μαθήματα
1844 4225 1937 4278 καὶ

361 4313 677 4374 ἀπώίδωσι,
712 4312 806 4365 καὶ
836 4310 1087 4363 οὐδέποτε
1136 4311 1366 4363 παύεται
1414 4310 1619 4379 ταύτης
1662 4310 1762 4379 τῆς
1804 4309 1938 4377 κτή-

362 4409 560 4460 σεωςιι·
585 4395 698 4449 ἀλλ’
719 4394 865 4446 ἔστιν
884 4394 971 4445 ὅτε
1000 4395 1095 4445 καὶ
1122 4392 1220 4455 τὰς
1245 4393 1447 4456 νύκτας
1480 4392 1801 4463 προστίθησι
1820 4393 1940 4453 ταῖς

362 4481 617 4550 ἡμέραις,
642 4476 926 4529 καὶταῦτα
956 4476 1094 4545 ὑπὲρ
1137 4477 1414 4546 ἐπικήρων
1455 4477 1551 4527 καὶ
1591 4475 1941 4545 προσκαίρων

362 4560 701 4631 πραγμάτων
732 4561 861 4629 παρ’
893 4559 1044 4629 ὑμῶν
1064 4559 1431 4627 ἀναγκάζεται
1456 4562 1648 4614 ποιεῖν.
1684 4559 1821 4610 Ἀλλ’
1845 4558 1942 4627 οὐχ

361 4644 505 4713 ύμὸς
560 4643 689 4705 τοὺς
748 4643 805 4693 ἐν
858 4641 1044 4711 ἡλικία
1093 4643 1417 4711 γενομένους
1466 4643 1626 4711 ἡμεῖς
1691 4640 1941 4693 τοσοῦτον

361 4722 702 4790 ἀπαιτοῦμεν
728 4720 908 4785 πόνον,
940 4720 1062 4772 ὅσον
1100 4720 1257 4789 ὑμεῖς
1293 4722 1415 4783 τοὺς
1440 4720 1635 4782 παῖδας
1663 4721 1787 4781 τοὺς
1814 4719 1842 4770 ὐ
1851 4735 1944 4787 με-

360 4805 573 4875 τέρους.
608 4802 683 4855 Οὐ
706 4801 815 4872 γὰρ
846 4801 966 4854 καθ’
996 4802 1231 4875 ἑκάστην
1250 4802 1481 4873 ἡμέραν,
1505 4802 1640 4855 ἀλλά
1662 4794 1755 4853 δύο
1786 4800 1943 4870 μόνον

360 4889 459 4957 τῆς
486 4885 778 4955 ἑϐδομάδος
806 4884 1015 4955 ἡμέρας
1052 4885 1479 4955 παρακαλοῦμεν
1512 4884 1799 4956 προσέχειν
1834 4884 1944 4945 τοῖς

362 4969 679 5039 λεγομένοις
707 4966 843 5036 πρὸς
876 4967 1047 5040 βραχὺ
1069 4969 1167 5036 τῆς
1201 4968 1413 5038 ἡμέρας
1445 4968 1628 5038 μέρος,
1660 4965 1799 5018 ὥστε
1822 4965 1946 5017 κοῦ-

361 5070 461 5120 φον
490 5052 621 5121 ὑμῖν
648 5048 901 5117 γενέσθαι
940 5050 1028 5102 τὸν
1070 5051 1254 5103 πόνον.
1308 5051 1404 5103 Διά
1460 5050 1617 5102 τοῦτο
1666 5049 1771 5102 καὶ·
1807 5046 1949 5102 κατά

363 5135 561 5207 μικρὸν
584 5133 929 5201 διαξαίνομεν
944 5133 1070 5202 ὑμῖν
1085 5134 1154 5185 τά
1176 5135 1232 5186 ἐν
1256 5137 1371 5195 ταῖς
1392 5134 1631 5204 Γραφαῖς
1651 5133 1876 5203 κείμενα
1895 5132 1945 5196 ι),

360 5222 450 5275 ἴνα
493 5219 612 5289 μετ’
664 5216 914 5279 εὐκολίας
954 5217 1048 5287 ἐξῇ
1091 5217 1273 5269 λαϐεῖν
1308 5218 1435 5287 ὑμῖν
1485 5216 1643 5276 αὐτὰ,
1700 5217 1789 5269 καὶ¹
1833 5218 1947 5278 τοῖς

356 5302 631 5373 ταμιείοις
657 5298 1019 5354 ἐναποθέσθαι
1058 5300 1156 5369 τῆς
1179 5299 1435 5363 διανοίας,
1477 5301 1568 5352 καὶ
1597 5299 1739 5352 οὕτω
1768 5298 1946 5353 πάντα

357 5386 451 5437 διά
488 5384 711 5455 μνήμης
751 5381 1020 5434 ποιεῖσθαι
1063 5382 1403 5448 σπουδάζειν,
1443 5382 1518 5444 ώς
1554 5381 1813 5435 δύνασθαι
1852 5382 1946 5434 καὶ

358 5465 730 5535 ἀπαγγέλλειν
763 5464 903 5518 αὐτά
935 5464 1072 5535 μετά
1093 5467 1377 5535 ἀκριϐείας
1407 5465 1551 5534 ὑμᾶς
1574 5482 1587 5495 ·
1622 5464 1763 5534 πλὴν
1793 5466 1840 5517 εἰ
1871 5463 1945 5534 μὴ

358 5565 449 5611 τις
483 5549 691 5618 σφόδρα
723 5548 959 5618 ὑπνηλὸς
987 5550 1070 5620 εἴη
1108 5551 1201 5602 καὶ
1226 5549 1423 5618 νωθὴς,
1466 5550 1559 5602 καὶ
1605 5549 1819 5601 παιδίου
1853 5567 1944 5619 μι-

362 5631 502 5701 κροῦ
532 5631 924 5703 ῥαθυμότερος.
971 5632 1130 5685 Ἀλλά
1172 5633 1308 5702 φέρε
1343 5632 1504 5684 πάλιν
1549 5630 1811 5702 ἁψώμεθα
1848 5632 1949 5700 τῆς

365 5714 690 5775 ἀκολουθίας
710 5713 819 5765 τῶν
842 5712 1145 5783 ἔμπροσθεν
1160 5714 1483 5785 εἰρημένων,
1506 5714 1599 5767 καὶ
1617 5715 1814 5784 ἴδωμεν
1834 5713 1950 5775 πῶς

367 5796 464 5849 τοῦ
485 5797 795 5866 Νικοδήμου
829 5797 1246 5861 καταπεσόντος,
1282 5797 1374 5849 καὶ
1421 5795 1557 5867 πρὸς
1592 5796 1691 5865 τὴν
1719 5796 1949 5849 ἐνταῦθα

436 5881 563 5929 “Sic
611 5881 763 5930 Savil.
797 5884 853 5928 et
873 5881 972 5928 alii.
1010 5880 1286 5938 Morelnﬁg
1325 5880 1543 5937 κτίσεως,
1570 5881 1717 5927 male.
1762 5878 1948 5928 Ibidem

367 5944 513 5990 mum
534 5940 1065 6005 apocrieéaai._lt_iidem
1088 5942 1240 6005 Savil.
1266 5948 1318 5990 et
1336 5944 1419 5990 alii
1438 5944 1691 6005 pmiuuni
1732 5941 1948 6005 πραγμά-

372 6018 469 6051 των
493 6001 603 6066 παρ’
640 6004 793 6065 ὑμῶν.
858 6002 888 6041 ⁸⁷
910 6002 1079 6054 Morel.
1104 6004 1312 6066 κείμενα,
1338 6001 1485 6058 δδῖὶι.
1515 6004 1751 6065 εἰρημένα.

2042 3914 2295 3984 γέννησιν
2334 3911 2584 3974 ἕλκοντος
2617 3910 2677 3963 τὸ
2738 3909 3046 3981 εἰρημένον,
3078 3913 3170 3965 καὶ
3202 3912 3468 3982 λέγοντος,
3501 3915 3627 3967 ἀδύ⁴

2041 4014 2198 4050 νατον
2247 3990 2384 4049 εἰναι
2432 3994 2662 4065 γέροντα
2701 3992 3026 4064 γεννηθῆναι
3063 3995 3288 4059 ἄνωθεν,
3315 3998 3343 4049 ό
3394 3998 3627 4068 Χριστὸς

2045 4082 2373 4152 σαφέστερον
2400 4092 2421 4119 ο
2444 4076 2819 4132 ἀποκαλύπτει
2843 4076 2941 4146 τῆς
2963 4079 3267 4150 γεννήσεως
3290 4080 3382 4133 τὸν
3402 4081 3624 4151 τρόπον,

2043 4165 2233 4235 ἔχοντα
2258 4164 2355 4234 μὲν
2377 4162 2470 4215 καὶ
2493 4161 2636 4215 οὑτω
2656 4161 2939 4213 δυσκολίαν
2968 4161 3042 4231 τῷ
3059 4162 3304 4233 ψυχικῶς
3329 4165 3624 4235 ἐρωτῶντι,

2044 4248 2339 4317 δυνάμενον
2368 4245 2426 4299 δέ
2458 4246 2606 4315 ὅμως
2634 4244 2742 4297 ἀπὸ
2766 4244 2867 4312 τῆς
2904 4246 3289 4316 ταπεινότητος
3332 4248 3625 4316 ἀναγαγεῖν

2044 4330 2134 4383 τὸν
2156 4328 2440 4383 ἀκούοντα.
2465 4327 2528 4379 Τί
2561 4326 2671 4395 γάρ
2700 4342 2898 4396 φησιν;
2944 4326 3121 4394 Ἀμὴν
3137 4327 3289 4395 λέγω
3305 4343 3405 4382 σοι
3427 4346 3443 4359 ο
3486 4330 3621 4383 Ἐὰν

2040 4413 2127 4483 μή
2164 4431 2257 4478 τις
2294 4408 2556 4481 γεννηθῇ
2609 4408 2679 4472 ἐξ
2724 4408 2946 4473 ὓδατος
2992 4410 3091 4461 καὶ
3140 4412 3506 4480 Πνεύματος,
3554 4416 3625 4469 οὐ

2047 4495 2293 4548 δύναται
2338 4493 2635 4547 εἰσελθεῖν
2676 4494 2765 4557 εἰς
2801 4489 2918 4557 τὴν
2946 4491 3273 4554 ,βασιλείαν
3313 4494 3421 4547 τοῦ
3455 4496 3624 4551 Θεοῦ.

2055 4579 2119 4629 Ὃ
2146 4576 2201 4628 δὲ
2228 4576 2316 4629 διὰ
2346 4574 2536 4628 τούτου
2568 4574 2737 4645 δηλοῖ.
2773 4572 2930 4626 τοῦτό
2955 4573 3069 4626 ἐστι
3097 4590 3110 4603 °
3141 4575 3213 4627 Σὺ
3249 4575 3347 4645 μὲν
3372 4576 3630 4632 ἀδύνατον

2049 4658 2181 4711 αὐτὸ
2208 4658 2311 4728 φὴς
2341 4653 2514 4709 εἰναι·
2546 4655 2657 4723 ἐγὼ
2700 4656 2756 4708 δὲ
2791 4655 2963 4720 οὑτως
3000 4655 3129 4708 αὐτὸ
3165 4656 3368 4728 σφόδρα
3407 4657 3631 4713 δυνατὸν

2051 4738 2187 4793 εἶναι
2210 4741 2371 4807 λέγω,
2398 4739 2473 4802 ώς
2494 4740 2588 4791 καὶ
2611 4738 2905 4806 ἀναγκαῖον
2936 4735 3097 4805 εἶναι,
3123 4739 3216 4791 καὶ
3252 4740 3386 4809 μηδὲ
3407 4740 3631 4796 δυνατὸν

2051 4822 2222 4886 ἄλλως
2246 4822 2504 4891 σωθῆναι.
2525 4821 2605 4874 Τὰ
2628 4821 2734 4893 γὰρ
2746 4822 3037 4889 ἀναγκαῖα,
3059 4823 3260 4893 σφόδρα
3280 4825 3411 4894 ἡμῖν
3433 4824 3632 4880 εΰκολα

2054 4906 2350 4975 πεποίηκεν
2379 4904 2406 4944 ἀ
2436 4907 2465 4958 ὁ
2497 4904 2649 4967 Θεός.
2718 4905 2781 4956 Ἠ
2824 4905 2922 4973 μὲν
2962 4907 3070 4975 γὰρ
3114 4907 3273 4979 γηΐνη
3307 4908 3558 4978 γέννησις
3595 4912 3631 4980 ἡ

2054 4990 2195 5044 κατὰ
2218 4989 2396 5059 σάρκα
2421 4989 2636 5042 ἀπὸτοῦ
2655 4989 2774 5059 χοός
2797 4991 2912 5041 ἐστι
2937 5003 2950 5016 '
2982 4990 3060 5041 διὸ
3087 4992 3177 5043 καὶ
3197 4992 3632 5062 ἀποτετείχισται

2054 5075 2121 5129 τὰ
2151 5076 2207 5128 ἐν
2232 5076 2341 5136 τοῖς
2378 5074 2627 5143 οὐρανοῖς
2659 5073 2795 5143 αὐτῇ
2822 5089 2835 5102 ο
2874 5072 2927 5123 τί
2950 5072 3058 5143 γὰρ
3090 5075 3265 5129 κοινὸν
3298 5078 3363 5145 τῇ
3400 5080 3467 5146 γῇ
3494 5079 3631 5147 πρὸς

2055 5158 2145 5212 τὸν
2174 5156 2435 5227 οὐρανόν;
2475 5155 2655 5224 ἐκείνη
2705 5154 2761 5206 δὲ
2803 5157 2867 5207 ἐκ
2893 5155 3206 5225 Πνεύματος
3242 5154 3394 5223 οὖσα,
3432 5161 3631 5230 ῥᾳδίως

2054 5241 2182 5311 ἡμῖν
2205 5239 2303 5301 τὰς
2350 5238 2542 5307 ἀψῖδας
2574 5238 2969 5292 ἀναπετάννυσι
3011 5239 3107 5302 τάς
3147 5241 3278 5293 ἄνω.
3338 5242 3629 5296 Ἀκούσατε

2052 5324 2165 5377 ὅσοι
2192 5321 2284 5376 τοῦ
2312 5322 2653 5392 φωτίσματός
2684 5322 2807 5374 ἐστε
2836 5324 2990 5385 ἐκτός
3009 5339 3022 5352 ·
3051 5324 3295 5393 φρίξατε,
3322 5326 3628 5390 στενάξατε’

2054 5404 2259 5475 φοϐερά
2291 5404 2401 5476 γὰρ
2427 5407 2463 5474 ἡ
2489 5404 2707 5474 ἀπειλὴ,
2746 5404 2952 5476 φοϐερά
2971 5407 3009 5476 ἡ
3026 5407 3319 5474 ἀπόφασις.
3354 5407 3469 5461 Οὐκ
3491 5409 3628 5473 ἔστι,

2056 5489 2211 5557 φησὶ,
2242 5487 2333 5541 τὸν
2370 5487 2444 5558 μὴ
2468 5487 2795 5557 γεννηθέντα
2827 5487 2886 5552 ἐξ
2917 5487 3108 5550 ὕδατος
3152 5488 3242 5541 καὶ
3291 5489 3629 5557 Πνεύματος,

2055 5569 2312 5623 εἰσελθεῖν
2366 5570 2446 5632 εἰς
2483 5569 2582 5639 τὴν
2615 5569 2887 5639 βασιλείαν
2916 5570 3025 5623 τῶν
3073 5571 3335 5640 οὐρανῶν.
3379 5574 3525 5625 Διότι
3575 5576 3635 5627 τὸ

2054 5656 2149 5706 τοῦ
2180 5652 2409 5708 θανάτου
2442 5656 2599 5723 φορεῖ
2628 5653 2851 5723 ἔνδυμα,
2894 5653 2956 5705 τὸ
3005 5653 3104 5722 τῆς
3137 5654 3403 5726 κατάρας,
3450 5656 3511 5708 τὸ
3538 5659 3635 5727 τῆς

2058 5737 2282 5809 φθορᾶςο
2310 5736 2519 5789 οὐδέπω
2546 5736 2605 5788 τὸ
2626 5736 2949 5788 Δεσποτικὸν
2982 5735 3139 5788 ἔλαϐε
3165 5736 3226 5789 σύ
3236 5738 3451 5806 μϐολον·
3488 5738 3633 5803 ξένος

2121 5824 2142 5849 ε
2158 5818 2308 5867 Savil.
2324 5824 2376 5866 et
2395 5820 2531 5881 godd.
2545 5820 2654 5877 705,
2678 5820 2769 5867 706
2790 5821 3004 5881 ἐχώμεθα
3030 5822 3183 5868 τοίνυν
3204 5823 3633 5880 τῆςάκολουθίας-.

2058 5879 2429 5946 εἰρημένων]ὀῦ
2448 5883 2536 5946 γὰρ
2555 5879 3207 5946 Νικοδήμουκαταπεσόντος,
3220 5922 3250 5933 ..
3267 5886 3353 5946 ὅρα
3375 5888 3475 5946 πῶς
3497 5886 3583 5930 πα)
3597 5903 3636 5930 ιν

2056 5945 2086 5990 ὁ
2122 5944 2337 6008 ᾉριστὸςλ
2363 5945 2726 6008 σαφέστερον....
2758 5944 3031 5994 Morellium
3065 5944 3335 6008 sequimur.
3421 5944 3447 5985 ά
3482 5947 3633 5996 Sui“.

2058 6004 2238 6066 σφόδρα
2265 6006 2343 6052 καὶ
2368 6006 2537 6053 εὐκολα
2582 6005 2817 6063 ἐποίησεν.
3137 6004 3175 6025 "
