4094 6370
475 296 582 352 “9

474 412 590 471 ἐστὶ
613 410 706 463 καὶ
734 408 1010 476 ἀλλότριος
1036 423 1050 437 ο
1076 408 1175 460 οὑκ
1204 406 1319 476 ἔχει
1362 406 1424 458 τὸ
1468 404 1717 474 σύνθημα
1747 402 1810 455 τὸ
1837 400 2050 471 βασιλι-

472 498 587 566 κόν.
624 495 765 549 Ἐὰν
799 493 883 562 μή
932 510 1041 555 τις,
1082 492 1236 560 φησὶ,
1284 488 1547 558 γεννηθῇ
1582 486 1651 551 ἐξ
1694 486 1913 549 ὕδατος
1950 482 2049 535 καὶ

469 580 835 648 Πνεύματος,
871 578 942 629 οὐ
975 574 1221 640 δύναται
1250 571 1550 625 εἰσελθεῖν
1593 573 1682 635 εἰς
1717 569 1833 635 τὴν
1863 568 2047 630 ,βασι-

468 665 643 718 λείαν
668 660 785 714 τῶν
813 657 1101 728 οὐρανῶν.
1155 656 1292 708 Ἀλλ’
1330 658 1359 707 0
1401 654 1708 725 Νικόδημος
1750 649 1897 723 [144]
1926 648 2047 701 οὑδὲ

469 746 613 800 οὑτω
645 745 894 814 συνῆκεν.
929 740 1094 794 Οὐδὲν
1128 739 1234 809 γὰρ
1267 742 1448 807 χεῖρον
1497 736 1592 789 τοῦ
1625 738 1737 798 τοῖς
1768 735 2047 803 λογισμοῖς

468 832 538 882 τὰ
569 824 909 895 πνευματικά
960 823 1296 893 ἐπιτρέπειν.
1348 821 1519 887 Τοῦτο
1569 820 1664 872 καὶ
1710 818 1897 871 τοῦτον
1945 816 2045 868 οὑκ

468 913 681 981 ἀφῆκεν
705 907 907 977 ὑψηλόν
930 923 984 975 τι
1020 906 1112 958 καὶ
1149 905 1291 974 μέγα
1331 903 1721 972 φαντασθῆναι.
1758 899 2044 981 Διά-τοῦτο

468 978 580 1058 καί
601 992 762 1060 ἡμεῖς
784 985 965 1041 πιστοὶ
1003 984 1335 1054 καλούμεθα,
1384 984 1471 1036 ἵνα
1504 982 1612 1035 τῶν
1645 979 1919 1050 λογισμῶν
1944 978 2044 1049 τὴν

466 1074 749 1125 ἀσθένειαν
781 1069 1007 1141 ἀφέντες
1038 1069 1137 1136 τὴν
1165 1068 1334 1131 κάτω,
1375 1068 1513 1137 πρὸς
1558 1066 1620 1118 τὸ
1658 1065 1790 1133 ὕψος
1826 1064 1925 1133 τῆς
1952 1064 2043 1115 πί-

468 1175 637 1220 στεως
666 1153 975 1223 ἀναδῶμεν.
1018 1152 1112 1204 καὶ
1150 1151 1220 1203 τά
1263 1150 1481 1203 πλείονα
1521 1150 1630 1203 τῶν
1670 1147 1890 1215 ἀγαθῶν
1933 1147 2043 1199 τῶν

464 1240 750 1310 ἡμετέρων
774 1241 839 1307 τῇ
866 1233 1181 1307 διδασκαλίᾳ
1204 1234 1376 1305 ταύτῃ
1398 1242 1423 1268 ⁸
1455 1232 1833 1302 ἐπιτρέψωμεν
1856 1247 1870 1261 ·
1903 1230 2040 1299 ὅπερ

463 1325 514 1377 εί
544 1323 639 1376 καὶ
669 1321 980 1389 Νικόδημος
1005 1316 1278 1385 ἐποίησεν,
1302 1316 1401 1368 οὐκ
1432 1314 1497 1368 ἂν
1524 1314 1670 1384 αὑτῴ
1698 1314 1760 1367 τὸ
1808 1316 2040 1383 πρᾶγμα

463 1407 722 1460 ἀδύνατον
751 1400 889 1455 εἶναι
918 1401 1198 1471 ἐνομίσθη.
1225 1400 1289 1452 Τί
1310 1395 1401 1453 οὖν
1419 1402 1447 1452 0
1469 1398 1700 1470 Χριστός
1725 1416 1740 1461 ;
1788 1397 2039 1464 Ἀπάγων

460 1489 624 1543 αὑτὸν
656 1488 755 1557 τῆς
782 1486 989 1547 ἐννοίας
1016 1483 1220 1553 ταύτης
1242 1483 1339 1553 τῆς
1373 1483 1547 1551 χαμαὶ
1596 1480 1919 1552 συρομένης,
1947 1480 2040 1541 καὶ

459 1575 675 1635 δεικνὺς
700 1572 783 1624 ὅτι
800 1572 861 1623 οὑ
886 1570 1013 1638 περὶ
1039 1568 1243 1636 ταύτης
1264 1567 1569 1634 διαλέγεται
1592 1565 1692 1635 τῆς
1711 1566 2036 1635 γεννήσεως,

460 1658 607 1724 λέγει
623 1656 705 1718 τὸ,
739 1653 882 1707 Ἐὰν
895 1652 980 1722 μή
1002 1669 1093 1717 τις
1113 1650 1373 1720 γεννηθῇ
1396 1652 1464 1714 ἐξ
1489 1650 1705 1714 ὓδατος
1725 1650 1823 1701 καὶ
1850 1649 2039 1701 Πνεύ-

455 1757 665 1809 ματος,
709 1740 781 1791 οὐ
824 1737 1071 1790 δύναται
1103 1733 1400 1799 εἰσελθεῖν
1443 1735 1529 1799 εἰς
1568 1732 1683 1798 τὴν
1710 1731 2039 1797 ,ϐασιλείαν

460 1824 581 1878 τῶν
606 1823 899 1891 οὐρανῶν.
938 1820 1122 1881 Ταῦτα
1172 1819 1228 1871 δὲ
1271 1818 1588 1890 ἐφθέγγετο),
1641 1817 1718 1887 τῷ
1766 1816 1915 1886 φόϐῳ
1940 1816 2037 1886 τῆς

460 1907 692 1976 ἀπειλῆς
712 1903 1115 1958 ἐπισπάσασθαι
1147 1903 1283 1972 πρὸς
1319 1901 1416 1970 τὴν
1447 1901 1627 1954 πίστιν
1661 1899 1820 1969 αὑτὸν
1851 1898 2034 1968 βουλό-

462 2008 643 2061 μενος,
678 1990 773 2042 καὶ
802 1991 986 2041 πεῖσαι
1010 1987 1071 2039 τὸ
1091 1988 1319 2055 πρᾶγμα
1355 1986 1427 2055 μὴ
1462 1984 1700 2055 νομίζειν
1730 1980 1869 2037 εἶναι
1904 1981 2036 2036 ἀδύ-

459 2091 637 2139 νατον,
666 2075 759 2127 καὶ
783 2073 880 2140 τῆς
898 2071 1023 2142 περὶ
1051 2070 1149 2140 τὴν
1176 2070 1443 2139 σαρκικὴν
1468 2068 1719 2139 γέννησιν
1737 2068 2035 2137 φαντασίας

458 2156 763 2224 ἀποστῆσαι
784 2153 1117 2217 σπουδάζων.
1146 2153 1371 2222 Ἑτέραν
1391 2152 1533 2220 λέγω
1560 2151 1831 2220 γέννησιν,
1848 2151 2032 2220 φησὶν,

458 2236 505 2307 ᾧ
528 2242 803 2310 Νικόδημε
827 2257 841 2273 ·
866 2240 919 2292 τί
946 2238 1035 2291 τὸν
1054 2237 1208 2304 λόγον
1228 2237 1405 2299 ἕλκεις
1433 2236 1570 2307 πρὸς
1598 2236 1698 2306 τήν
1719 2235 1855 2303 γῆν;
1887 2234 1939 2287 τί
1966 2236 2031 2305 τῇ

457 2324 557 2394 τῆς
592 2321 807 2392 φύσεως
859 2322 1072 2392 ἀνάγκη
1109 2321 1171 2374 τὸ
1200 2321 1432 2390 πρᾶγμα
1464 2318 1825 2383 ὑποϐάλλειςς
1868 2312 2036 2377 Ἀνώεέ⁴

456 2406 616 2477 τερός
647 2408 764 2459 ἐστι
792 2405 899 2458 τῶν
920 2404 1173 2457 τοιούτων
1189 2404 1391 2456 ὠδίνων
1416 2394 1569 2464 οὗτος
1601 2404 1631 2455 ό
1664 2402 1819 2464 τόκος
1837 2441 1852 2466 ,
1883 2401 2033 2467 οὑδὲν

458 2490 571 2559 ξχει
599 2489 773 2557 κοινὸν
812 2489 946 2560 πρὸς
975 2488 1146 2557 ὑμᾶς’
1187 2486 1438 2557 γέννησις
1472 2485 1571 2555 μὲν
1618 2485 1726 2556 γὰρ
1767 2486 1860 2537 καὶ
1896 2484 2032 2554 αῦτη

456 2573 693 2640 λέγεται,
720 2571 854 2624 ἀλλά
882 2570 957 2641 τῷ
986 2570 1210 2640 ὀνόματι
1240 2571 1507 2632 κοινωνεῖ,
1543 2568 1620 2639 τῷ
1660 2568 1716 2620 δὲ
1748 2567 2032 2638 πράγματι

456 2654 756 2725 διέστηκεν.
802 2653 1132 2723 Ἀπόστησον
1166 2652 1361 2705 σαυτὸν
1390 2652 1488 2723 τῆς
1522 2651 1703 2721 κοινῆς
1727 2649 2035 2721 συνηθείαςτ

457 2740 650 2810 ἐτέραν
681 2738 892 2807 εἰσάγω,
924 2736 1139 2806 λοχείαν
1184 2737 1263 2798 είς
1310 2736 1399 2787 τὸν
1433 2735 1664 2804 κόσμονο
1706 2734 1879 2796 ἄλλως
1911 2732 2035 2802 βού-

456 2822 619 2892 λομαι
648 2821 941 2889 γεννᾶσθαι
968 2818 1092 2882 τοὺς
1121 2818 1437 2889 ἀνθρώπους
1460 2836 1474 2849 ’
1514 2818 1659 2885 ξένον
1686 2812 1848 2889 ἦλθον
1872 2816 2030 2885 κομί-

457 2904 566 2968 ζων
593 2904 948 2974 δημιουργίας
974 2903 1194 2972 τρόπον.
1233 2902 1486 2957 Ἐπλασα
1518 2901 1625 2955 ἀπὸ
1654 2902 1755 2968 γῆς
1788 2900 1881 2953 καὶ
1908 2898 2033 2951 660-.-

455 3004 586 3051 τος·
637 2988 738 3040 οὐκ
780 2987 1001 3054 ἐγένετο
1056 2987 1324 3055 χρήσιμον
1371 2987 1439 3037 τὸ
1491 2983 1749 3049 πλασθὲν,
1788 2982 1925 3036 ἀλλά
1961 2983 2035 3035 δι-

456 3071 704 3141 εστράφη
722 3071 781 3123 10
798 3070 1009 3135 σκεῦος.
1028 3071 1140 3122 Οὐκ
1166 3069 1245 3121 ἔτι
1271 3068 1454 3129 λοιπὸν
1481 3068 1589 3120 ἀπὸ
1604 3067 1708 3137 γῆς
1733 3069 1826 3121 καὶ
1846 3067 2034 3130 ὕδατος

457 3154 659 3209 πλάσαι
692 3155 971 3225 βούλομαι,
1009 3155 1124 3207 ἀλλ’
1160 3154 1219 3218 ἐξ
1248 3153 1437 3216 ὓδατος
1476 3153 1571 3206 κα)⁵
1601 3152 1936 3222 Πνεύματος.
1972 3153 2032 3203 Et

454 3241 515 3297 δέ
542 3257 624 3302 τις
663 3241 859 3309 ἐρωτᾷ,
894 3238 1017 3301 Πῶς
1046 3239 1152 3291 ἀπὸ
1182 3237 1407 3299 ὑδατος;
1455 3237 1643 3307 ἐρωτῶ
1695 3234 1867 3303 κάγὼ.
1910 3235 2031 3297 Πῶς

454 3322 566 3376 ἀπὸ
593 3323 732 3392 γῆς;
770 3322 885 3384 πῶς
914 3321 1063 3391 γάρὸ
1085 3320 1251 3390 πηλὸς
1277 3322 1355 3383 εἰς
1378 3319 1606 3390 διάφορα
1638 3318 1774 3389 μέρη
1804 3334 2034 3386 κατεμε-

461 3404 659 3475 ρίσθη;
695 3396 811 3466 πῶς
850 3404 910 3456 τὸ
943 3405 1040 3473 μὲν
1080 3405 1437 3473 ὑποκείμενον
1477 3401 1743 3473 μονοειδὲς
1803 3400 1894 3469 (γῆ
1926 3400 2034 3471 γάρ

455 3484 525 3564 ἦν
557 3487 714 3559 μόνη)
733 3528 746 3547 .
781 3487 849 3540 τὰ
876 3488 932 3561 δέ
956 3488 1014 3554 ἐξ
1040 3488 1209 3558 αὑτῆς
1230 3488 1497 3556 γενόμενα
1526 3485 1743 3538 ποικίλα
1767 3486 1857 3536 καὶ
1896 3502 2035 3537 παν-

453 3572 697 3634 τοδαπά;
735 3570 907 3623 Πόθεν
950 3571 1103 3636 ὀστᾶ,
1143 3572 1236 3623 καὶ
1269 3569 1456 3639 νεῦρα,
1494 3568 1589 3619 καὶ
1635 3569 1909 3641 ἀρτηρίαι,
1941 3569 2035 3621 καὶ

456 3653 685 3721 φ).έ6ες;
719 3653 879 3705 πόθεν
904 3654 1117 3723 ὑμένες,
1148 3653 1241 3706 καί⁸
1271 3654 1465 3720 ἀγγεῖα
1486 3650 1771 3723 ὀργανικὰ,
1798 3652 1892 3703 καὶ
1920 3652 2036 3721 χόν-

454 3736 591 3807 δροι,
624 3736 716 3789 καὶ
746 3732 1178 3809 χιτῶνες,ἦπαρ,
1209 3736 1304 3789 καὶ
1326 3726 1519 3806 σπλὴν,
1550 3736 1644 3788 καὶ
1671 3735 1901 3807 καρδία;
1937 3737 2035 3787 πό-

456 3820 549 3872 θεν
573 3820 768 3891 δέρμα,
802 3821 896 3872 καὶ
940 3815 1098 3890 αἷμα,
1136 3822 1230 3873 καὶ
1251 3820 1501 3889 φλέγμα,
1536 3820 1631 3871 καὶ
1658 3819 1825 3888 χολή;
1874 3818 2033 3869 πόθεν

455 3904 512 3954 αἰ
533 3902 789 3955 τοσαῦται
807 3903 1072 3973 ἐνέργειαι
1091 3920 1104 3968 ;
1136 3903 1297 3955 πόθεν
1312 3902 1576 3973 χρώματα
1595 3902 1841 3967 ποικίλα;
1863 3900 2035 3954 ταῦτα

453 3987 563 4057 γὰρ
591 3985 650 4037 οὑ
676 3986 801 4055 γῆς,
833 3986 951 4037 οὑδὲ
982 3986 1174 4057 πηλοῦ.
1205 3984 1333 4049 Πῶς
1374 3989 1407 4059 ή
1444 3982 1527 4054 ’γῆ
1567 3984 1829 4055 δεχομένη
1875 3985 2037 4055 σπέρ-

459 4087 605 4140 ματα
628 4070 931 4147 βλαστάνει,
951 4074 982 4141 ἡ
999 4072 1053 4124 δὲ
1075 4072 1208 4145 σάρξ
1229 4073 1492 4142 δεχομένη
1527 4072 1816 4143 σπέρματα
1838 4072 2028 4142 σήπει;

454 4154 574 4225 πῶς
604 4156 636 4225 ή
663 4156 740 4225 γῆ
762 4155 949 4223 τρέφει
976 4156 1044 4208 τά
1074 4156 1395 4226 βαλλόμενα,
1447 4159 1479 4228 ή
1511 4157 1566 4208 δὲ
1600 4148 1737 4225 σάρξ
1773 4157 2030 4227 τρέφεται

454 4238 560 4291 ὑπὸ
591 4239 813 4301 τούτων,
839 4230 1119 4311 οὑίτρέφει
1147 4241 1321 4293 ταῦτα
1346 4260 1360 4307 ;
1393 4235 1516 4293 Οἷον
1552 4242 1584 4311 ή
1614 4240 1682 4311 γῆ
1718 4240 2028 4312 ήδεχομένη

457 4321 619 4393 ὕδωρ,
651 4320 792 4378 οἶνον
826 4327 968 4379 ποιεῖ
991 4341 1003 4354 °
1042 4327 1074 4395 ή
1104 4325 1239 4399 σάρξ
1281 4326 1547 4395 δεχομένη
1586 4320 1841 4387 πολλάκις
1870 4320 2030 4389 οἶνον,

451 4407 534 4462 εἰς
565 4405 708 4476 ὕδωρ
743 4409 1025 4478 μετέϐαλε.
1062 4409 1231 4461 Πόθεν
1260 4405 1352 4463 οὖν
1379 4409 1536 4480 δῆλον
1574 4410 1654 4461 ὅτι
1682 4408 1789 4460 ἀπὸ
1809 4408 1906 4476 τῆς
1931 4408 2034 4477 γῆς

452 4488 629 4542 ταῦτα
669 4491 719 4553 b,
760 4491 859 4561 τῆς
884 4493 985 4561 γῆς
1013 4493 1267 4555 ἐναντίως
1298 4492 1527 4561 ἐχούσης
1567 4491 1702 4562 πρὸς
1744 4490 1803 4543 τὸ
1850 4490 2030 4559 σῶμα,

455 4573 595 4637 κατά
618 4574 686 4626 τά
707 4578 974 4646 εἰρημένα
1000 4596 1019 4651 ;η
1046 4576 1307 4647 Λογισμῷ
1345 4578 1442 4647 μὲν
1472 4577 1651 4645 εὑρεῖν
1682 4577 1743 4627 οὑ
1775 4574 2031 4644 δύναμαι,

453 4656 634 4708 πίστει
664 4658 721 4710 δὲ
756 4659 978 4730 δέχομαι
1029 4661 1183 4733 μόνῃ.
1220 4661 1282 4712 Εἰ
1324 4661 1501 4712 τοίνυν
1550 4659 1618 4711 τά
1660 4658 1781 4711 καθ’
1820 4659 2032 4728 ἡμέραν

453 4739 715 4809 γινόμενα
763 4744 855 4794 καὶ
893 4743 1270 4814 ψηλαφώμενα
1319 4743 1554 4809 πίστεως
1607 4741 1796 4805 δεῖται,
1852 4740 2031 4810 πολλῷ

455 4822 656 4891 μᾶλλον
675 4826 743 4877 τὰ
758 4826 1167 4898 ἀπορρητότερα
1190 4826 1394 4881 τούτων
1412 4826 1504 4879 καὶ
1522 4824 2029 4895 πνευματικώτερα.

450 4905 722 4977 Καθάπερ
749 4908 856 4980 γὰρ
893 4911 927 4979 ἡ
958 4910 1031 4979 γῆ
1070 4910 1356 4982 ήάψυχος,
1387 4912 1420 4980 ἡ
1462 4909 1736 4979 ἀκίνητος,
1784 4909 2030 4971 ἐνεδυνα-

456 4989 611 5059 μώθη
643 4991 719 5061 τῷ
737 4992 999 5064 θελήματι
1030 4995 1124 5047 τοῦ
1147 4995 1305 5053 Θεοῦ.
1335 4984 1681 5053 7.011000510-
1700 4993 1758 5058 ἐξ
1776 4993 1941 5061 αὐτῆς
1964 4993 2032 5045 τά

450 5065 707 5143 θαύματα
738 5064 993 5144 γέγονεν·
1025 5078 1169 5132 οὕτω
1195 5080 1287 5131 καὶ
1314 5077 1409 5130 τοῦ
1441 5076 1751 5146 Πνεύματος
1774 5076 1850 5146 τῷ
1880 5076 2037 5149 ὑδατι-

449 5157 738 5227 παρόντος,
768 5160 835 5211 τά
860 5161 1138 5230 παράδοξα
1167 5161 1341 5214 ταῦτα
1368 5161 1460 5227 καὶ
1485 5160 1742 5229 λογισμὸν
1769 5160 2031 5230 ὑπερϐαίη

451 5257 610 5293 νοντα
644 5242 878 5306 εὐκόλως
913 5246 1089 5298 πάντα
1120 5246 1347 5313 γίνεται.
1570 5232 1571 5235 Ἴ

526 5322 590 5391 β’.
622 5325 715 5395 Μὴ
743 5327 1141 5398 τοίνυν,ἐπειδή
1160 5339 1181 5365 ε
1201 5328 1275 5397 μὴ
1298 5328 1429 5397 ὁρᾷς
1442 5326 1602 5391 αὑτά,
1625 5326 1844 5379 ἀπίστει
1871 5345 1883 5356 ·
1906 5329 2030 5379 ἐπεὶ

450 5404 625 5477 [145],
684 5409 806 5462 οὐδὲ
857 5411 954 5480 τὴν
987 5410 1164 5481 ψυχὴν
1208 5412 1359 5483 ὁρᾷς,
1409 5413 1503 5463 καὶ
1554 5411 1704 5475 ὅμως
1756 5410 2030 5483 πιστεύεις

449 5488 593 5556 ἔχειν
616 5490 814 5561 ψυχὴν,
846 5494 938 5546 καὶ
963 5494 1089 5565 ἀλλο
1115 5490 1458 5567 ψυχὴνέἷναί
1490 5512 1542 5546 τι
1574 5493 1723 5564 παρά
1750 5494 1811 5545 10
1848 5494 2027 5563 σῶμα.

464 5570 605 5623 Ἀλλ’
641 5576 669 5625 0
696 5576 927 5644 Χριστὸς
957 5579 1058 5630 οὐκ
1089 5578 1199 5630 ἀπὸ
1240 5576 1434 5630 τούτου
1464 5576 1557 5629 τοῦ
1592 5576 2029 5647 παραδείγματος

449 5655 611 5707 αὑτὸν
654 5658 868 5727 ἐνῆγεν,
911 5661 1024 5712 ἀλλ’
1068 5662 1277 5732 ἐτέρου.
1309 5660 1479 5713 Τοῦτο
1526 5661 1625 5730 μὲν
1661 5661 1789 5729 γὰρ,
1838 5662 1887 5712 εἰ
1936 5661 2029 5712 καὶ

450 5739 739 5811 ἀσώματόν
777 5746 944 5809 ἐστιν,
973 5747 1005 5811 ή
1028 5746 1174 5815 ψυχὴ
1200 5745 1363 5814 λέγω,
1386 5744 1473 5798 διὰ
1493 5744 1650 5798 τοῦτο
1681 5746 1743 5797 οὑ
1778 5747 2028 5821 παρήγαν

515 5890 541 5917 ⁸
569 5884 735 5959 ξανίΙί
868 5894 1145 5964 διδασκαλίᾳ
1191 5896 1380 5964 ταύτης.
1476 5898 1509 5941 Β
1552 5898 1723 5950 Morel.
1758 5898 1908 5949 ταῦτα
1947 5901 2027 5949 καὶ

451 5958 679 6017 τοσαῦτα.
749 5959 772 5986 ο
795 5958 945 6005 Savil.
977 5959 1039 6018 μή
1063 5958 1168 6021 γὰρ,
1214 5961 1393 6018 ἐπειδή.

1174 294 1237 348 S.
1275 290 1563 347 JOANNIS
1598 284 2092 361 CHRYSOSTOMI
2129 285 2447 340 ARCHIEP.
2484 288 3033 344 CONSTANTINOP.

3625 292 3727 349 150

2158 415 2254 465 γεν
2283 399 2434 463 αὑτὸ,
2465 401 2647 473 ἐπειδὴ
2682 402 2760 455 ἔτι
2802 404 3108 473 παχύτερον
3133 405 3337 467 ἐκεῖνος
3362 402 3608 460 διέκειτο.
3636 408 3730 461 Τί-

2157 480 2281 552 θησι
2328 484 2383 536 δὲ
2433 485 2619 555 ἕτερον
2657 486 2983 556 ὑπόδειγμα,
3028 486 3057 538 δ
3103 488 3238 557 μήτε
3287 488 3573 540 κοινωνίαν
3609 492 3729 545 τινά

2154 567 2289 635 πρὸς
2305 568 2402 637 τὴν
2434 569 2541 619 τῶν
2568 572 2833 639 σωμάτων
2865 570 2978 639 ἔχει
3008 569 3316 639 παχύτητα,
3361 572 3497 639 μήτε
3527 573 3606 635 εἰς
3628 573 3729 642 τὴν

2150 648 2259 700 τῶν
2286 649 2590 719 ἀσωμάτων
2628 652 2795 723 ἀνέὕη
2824 652 2985 723 φύσιν
3008 672 3020 682 ·
3053 654 3189 724 ὅπερ
3218 654 3365 706 ἐστὶν
3404 656 3434 723 ή
3484 653 3578 706 τοῦ
3605 656 3726 707 ἀνέ-

2154 750 2255 801 μου
2287 735 2446 804 φορά.
2474 736 2584 787 Καὶ
2613 736 2826 806 πρῶτον
2867 739 2974 791 ἀπὸ
3006 738 3099 790 τοῦ
3140 737 3331 796 ὓδατος
3358 738 3603 808 ἄρχεται,
3632 740 3724 793 τοῦ

2148 815 2475 885 λεπτοτέρου
2507 819 2603 887 μὲν
2640 820 2739 888 τῆς
2765 820 2886 890 γῆς,
2936 820 3244 891 παχυτέρου
3282 821 3340 874 δὲ
3375 821 3470 873 τοῦ
3500 821 3719 892 ἀνέμου.

2151 898 2363 969 Ὥσπερ
2389 900 2497 971 γὰρ
2520 904 2579 957 ἐν
2606 903 2746 974 ἀρχῇ
2780 904 3032 958 ὑπέκειτο
3064 908 3325 973 στοιχεῖον
3361 905 3395 974 ή
3433 905 3524 973 γῆ,
3561 906 3623 957 10
3666 905 3723 957 δὲ

2148 985 2256 1037 πᾶν
2295 984 2388 1041 106
2421 986 2835 1051 διαπλάττοντος
2863 983 2957 1058 ἦν·
3003 989 3143 1041 οὕτω
3176 991 3267 1042 καὶ
3307 988 3402 1041 νῦν
3445 989 3727 1059 ὑπόκειται,

2152 1067 2251 1134 μὲν
2282 1070 2542 1137 στοιχεῖον
2574 1069 2636 1122 τὸ
2656 1068 2819 1140 ὕδωρ,
2853 1072 2915 1123 τὸ
2938 1071 2995 1124 δέ
3033 1073 3141 1124 πᾶν
3168 1072 3268 1140 τῆς
3291 1070 3384 1123 106
3410 1070 3721 1141 Πνεύματός

2147 1150 2263 1201 ἐστι
2292 1150 2512 1220 χάριτος
2540 1169 2553 1181 ·
2581 1152 2676 1205 καὶ
2697 1153 2819 1205 τότε
2857 1154 2956 1223 μὲν
2991 1157 3087 1220 Εἰς
3123 1153 3338 1223 ψυχὴν
3367 1152 3563 1214 ζῶσαν
3592 1154 3719 1222 ἐγέ-

2145 1250 2281 1286 νετο
2327 1238 2359 1287 ό
2397 1235 2724 1302 ἅνθρωπος,
2775 1236 2869 1289 νῦν
2898 1238 2955 1289 δὲ
3005 1239 3084 1300 εἰς
3122 1237 3343 1306 Πνεῦμα
3404 1235 3714 1299 ζωοποιοῦν.

2146 1317 2289 1369 Πολὺ
2332 1318 2388 1370 δὲ
2430 1318 2491 1371 τὸ
2524 1320 2687 1388 μέσον
2724 1322 3023 1389 ἑκατέρων.
3091 1323 3155 1373 'H
3195 1322 3291 1391 μὲν
3319 1319 3428 1391 γὰρ
3451 1321 3593 1390 ψυχὴ
3620 1322 3718 1389 οὑχ

2146 1399 2317 1470 ἑτέρῳ
2353 1401 2581 1471 παρέχει
2610 1402 2669 1455 τὸ
2698 1402 2817 1473 ζῇν,
2865 1404 2925 1456 10
2954 1404 3009 1456 δὲ
3054 1404 3277 1475 Πνεῦμα
3310 1405 3371 1456 οὑ
3406 1404 3524 1456 καθ’
3561 1405 3721 1457 ἑαυτὸ

2146 1482 2213 1553 ζῇ
2243 1483 2420 1552 μόνον,
2442 1484 2576 1536 ἀλλά
2602 1486 2695 1537 καὶ
2724 1487 2929 1556 ἑτέροις
2962 1487 3189 1556 παρέχει
3208 1485 3383 1541 τοῦτο.
3413 1485 3567 1539 Οῦτω
3589 1485 3723 1554 γοῦν

2144 1566 2239 1617 καὶ
2272 1568 2497 1633 νεκροὺς
2537 1567 2838 1638 ἀνέστησαν
2868 1570 2917 1621 οἰ
2963 1570 3267 1623 ἀπόστολοι.
3318 1571 3428 1623 Καὶ
3465 1571 3584 1622 τότε
3618 1570 3719 1639 μὲν

2143 1648 2243 1719 τῆς
2270 1650 2500 1713 κτίσεως
2532 1652 2849 1722 γενομένης,
2878 1656 2906 1705 0
2938 1653 3221 1724 ἄνθρωπος
3251 1653 3476 1724 ὕστερον
3494 1653 3719 1704 πλάττε-

2144 1750 2233 1786 ται
2257 1749 2271 1763 ·
2300 1732 2394 1787 νῦν
2415 1734 2471 1786 δέ
2502 1735 2808 1789 τούναντίον
2833 1754 2846 1767 ⁸
2880 1737 2986 1807 πρὸ
3014 1738 3121 1806 γάρ
3152 1738 3252 1806 τῆς
3279 1738 3467 1807 καινῆς
3491 1738 3715 1799 κτίσεως

2144 1817 2173 1868 0
2194 1816 2480 1889 ἄνθρωπος
2527 1819 2555 1870 0
2598 1816 2716 1880 νέος
2760 1818 3190 1889 δημιουργεῖται.
3222 1820 3327 1873 Καὶ
3363 1821 3471 1889 γὰρ
3501 1821 3714 1890 πρῶτος

2145 1892 2297 1964 οὗτος
2322 1903 2594 1968 γεννᾶται,
2620 1902 2715 1956 καὶ
2736 1901 2857 1954 τότε
2874 1903 2902 1954 0
2928 1902 3132 1971 κόσμος
3160 1920 3401 1972 μετασχη
3412 1904 3711 1973 ματίζεται.

2143 1983 2255 2047 Καὶ
2281 1982 2531 2055 καθάπερ
2556 1984 2615 2049 ἐξ
2641 1984 2818 2054 ἀρχῆς
2844 1984 3136 2056 ὁλόκληρον
3166 1986 3415 2049 ἔπλασεν,
3448 1986 3588 2038 οὕτω
3620 1988 3719 2055 καὶ,

2140 2066 2235 2119 νῦν
2259 2067 2552 2138 ὁλόκληρον
2585 2067 2749 2122 αὑτὸν
2778 2068 2840 2138 δη
2850 2071 3118 2138 μιουργεῖ.
3155 2067 3257 2120 Καὶ
3284 2070 3406 2121 τότε
3432 2070 3531 2139 μέν
3558 2086 3711 2140 φησι,

2138 2152 2489 2220 Ποιήσωμεν
2507 2151 2665 2217 αὐτῷ
2680 2153 2936 2220 βοηθόν·
2962 2153 3194 2215 ἐνταῦθα
3207 2153 3263 2205 δὲ
3284 2153 3434 2206 οὐδὲν
3453 2152 3709 2205 τοιοῦτον.

2152 2235 2210 2287 '0
2237 2234 2344 2307 γὰρ
2366 2235 2463 2305 τήν
2500 2235 2593 2288 τοῦ
2630 2236 2945 2306 Πνεύματος
2977 2235 3157 2289 λαϐὼν
3195 2237 3375 2308 χάριν,
3421 2237 3563 2300 τίνος
3587 2236 3715 2305 δεή-.

2142 2335 2292 2381 σεται
2322 2318 2517 2389 βοηθοῦ
2548 2320 2767 2390 ἐτέρου;
2819 2322 2847 2374 0
2898 2322 2977 2384 είς
3020 2320 3082 2373 τὸ
3141 2321 3298 2391 σῶμα
3347 2322 3439 2375 τοῦ
3477 2320 3710 2392 Χριστοῦ

2138 2402 2328 2468 τελῶν,
2377 2403 2534 2456 ποίαν
2567 2403 2679 2474 ἔχει
2715 2404 2901 2457 λοιπὸν
2955 2405 3271 2475 συμμαχίας
3307 2405 3529 2477 χρείαν;
3582 2405 3713 2458 Τότε

2139 2487 2257 2553 κατ’
2292 2486 2476 2540 εἰκόνα
2504 2486 2639 2540 Θεοῦ
2686 2488 2905 2559 ἐποίησε
2938 2487 3030 2541 τὸν
3062 2487 3368 2557 ἄνθρωπον,
3429 2487 3521 2539 νῦν
3566 2488 3714 2556 αὑτῴ

2138 2570 2215 2641 τῷ
2242 2571 2358 2641 Θεῷ
2387 2573 2563 2642 ἧνωσε
2584 2588 2597 2600 ·
2638 2572 2759 2625 τότε
2796 2571 2993 2641 ἰχθύων
3024 2571 3212 2645 ἄρχειν
3235 2574 3328 2625 καὶ
3363 2572 3565 2642 θηρίων
3593 2568 3709 2624 ἐκέὲ

2137 2653 2315 2719 λευσε,
2354 2655 2448 2708 νῦν
2471 2656 2725 2726 ὑπεράνω
2749 2656 2857 2710 τῶν
2881 2656 3126 2729 οὐρανῶν
3157 2656 3256 2726 τὴν
3279 2657 3532 2726 ἀπαρχὴν
3556 2656 3712 2726 ήμῶν

2137 2740 2413 2810 ἀνήγαγεν
2437 2758 2450 2771 ·
2499 2741 2621 2794 τότε
2648 2740 2975 2812 παράδεισον
3017 2740 3184 2801 ἔδωκε
3213 2740 3310 2811 τήν
3352 2741 3581 2802 δίαιταν,
3618 2738 3714 2792 νῦν

2136 2821 2194 2875 δὲ
2231 2823 2321 2875 τὸν
2352 2823 2580 2895 οὑρανδν
2609 2824 2739 2895 ἡμῖν
2764 2824 2965 2894 ἀνέῳξε
2985 2841 3000 2855 ·
3046 2825 3165 2877 τότε
3191 2825 3435 2892 ἐπλάσθη
3483 2827 3548 2893 τῇ
3581 2825 3715 2896 ἕκτῃ

2137 2907 2342 2977 ἡμέρα,
2375 2908 2565 2977 ἐπειδὴ
2598 2906 2789 2978 ἔμελλε
2818 2910 2907 2960 καὶ¹
2953 2908 3321 2962 συντελεῖσθαι
3346 2909 3375 2961 0
3404 2907 3536 2959 αἰών
3558 2923 3573 2938 ο
3618 2907 3713 2959 νῦν

2135 2988 2193 3042 δὲ
2214 2993 2278 3060 τῇ
2306 2990 2498 3064 πρώτῃ
2522 2991 2703 3061 ἡμέρᾳ
2723 2991 2816 3043 καὶ
2840 2993 2897 3042 ἐν
2920 2991 3241 3061 προοιμίοις,
3267 2991 3354 3043 ὅτε
3377 2991 3470 3042 καὶ
3491 2990 3551 3042 τὸ
3575 2989 3709 3057 φῶς,

2152 3072 2240 3137 Ἐξ
2265 3067 2339 3126 ὧν
2370 3074 2584 3126 πάντων
2611 3075 2786 3143 δῆλον,
2821 3075 2903 3127 ὅτι
2925 3072 3154 3144 ἐτέραςά
3182 3074 3325 3143 ζωῆς
3344 3073 3623 3142 ἀμείνονος
3644 3074 3715 3125 τά

2138 3156 2437 3225 τελούμενα
2465 3153 2551 3227 ἦν,
2586 3158 2678 3210 καὶ
2719 3158 3103 3220 καταστάσεως
3139 3157 3307 3227 πέρας
3340 3159 3439 3210 οὑκ
3464 3158 3711 3228 ἐχούσης.

2151 3238 2214 3291 ἸΙ
2242 3240 2338 3311 μέν
2368 3238 2459 3293 οὖν
2490 3242 2730 3310 προτέρα
2759 3242 2950 3302 πλάσις
2988 3241 3094 3293 ἀπὸ
3123 3240 3248 3309 γῆς,
3296 3242 3330 3310 ἡ
3376 3240 3467 3293 τοῦ
3524 3241 3719 3310 Ἀδὰμ,

2140 3324 2233 3376 καὶ
2263 3324 2370 3375 ἀπὸ
2392 3325 2628 3394 πλευρᾶς
2659 3327 2692 3395 ή
2726 3326 2842 3395 μετ’
2873 3325 3107 3394 ἐκείνην,
3134 3327 3166 3394 ή
3197 3324 3292 3393 τῆς
3315 3323 3587 3391 γυναικὸς,
3618 3325 3716 3376 καὶ

2140 3407 2248 3459 ἀπὸ
2297 3409 2606 3479 σπέρματος
2650 3411 2682 3477 ή
2740 3412 2857 3479 μετ’
2896 3410 3083 3480 αὑτὴν,
3130 3411 3162 3479 ή
3213 3407 3308 3461 τοῦ
3352 3408 3548 3460 Ἀ6ελ’
3598 3408 3714 3461 ἀλλ’

2139 3492 2286 3563 ὅμως
2316 3492 2569 3561 οὐδεμιᾶς
2592 3494 2879 3561 ἐφικέσθαι
2896 3493 3168 3564 δυνάμεθα
3194 3494 3421 3551 τούτων,
3452 3492 3571 3546 οὑδέ
3603 3510 3713 3554 πα-

2144 3577 2410 3649 ραστῆσαι
2440 3566 2580 3645 λόγῳ
2604 3577 2671 3629 τὰ
2708 3578 2994 3648 γενόμενα,
3026 3578 3201 3631 καίτοι
3239 3575 3525 3645 παχύτατα
3562 3575 3713 3628 ὄντα.

2142 3659 2265 3722 Πῶς
2294 3656 2387 3712 οὖν
2425 3660 2551 3728 περὶ
2584 3661 2681 3729 τῆς
2718 3663 2911 3731 νοητῆς
2954 3660 3053 3729 τῆς
3088 3660 3173 3719 διὰ
3214 3659 3306 3711 τοῦ
3340 3657 3713 3727 βαπτίσματος

2140 3745 2445 3813 γεννήσεως
2498 3743 2837 3812 δυνησόμεθα
2886 3742 3068 3795 δοῦναι
3110 3743 3338 3804 εὐθύνας
3381 3740 3481 3810 τῆς
3534 3743 3715 3812 πολλῷ

2140 3826 2343 3897 τούτων
2375 3827 2729 3895 ὑψηλοτέρας,
2759 3827 2852 3878 καὶ
2876 3826 3164 3896 λογισμοὺς
3194 3828 3539 3899 ἀπαιτεῖσθαι
3566 3838 3589 3865 θ
3616 3828 3714 3897 τῆς

2141 3910 2454 3981 θαυμαστῆς
2484 3912 2577 3964 καὶ
2602 3912 2902 3983 παραδόξου
2934 3911 3135 3981 ταύτης
3168 3911 3420 3981 λοχείας;
3464 3913 3583 3964 ἐπεὶ
3621 3913 3719 3964 καὶ

2139 3997 2360 4065 ἄγγελοι
2397 4000 2461 4067 τῇ
2504 3998 2751 4067 γεννήσει
2790 3996 2961 4067 ταύτῃ
3013 4000 3389 4067 παρεστήκασι
3434 3996 3711 4069 γινομένῃ.

2139 4080 2329 4132 Εἰπεῖν
2349 4080 2406 4133 δὲ
2434 4080 2525 4133 τὸν
2553 4082 2753 4150 τρόπον
2779 4082 2879 4132 οὑκ
2914 4079 2978 4133 ἂν
3014 4080 3124 4149 ἔχοι
3151 4097 3233 4141 τις
3270 4081 3364 4149 τῆς
3396 4079 3714 4148 θαυμαστῆς

2139 4164 2355 4233 ἐκείνης
2390 4161 2408 4203 ί
2440 4165 2747 4233 γεννήσεως
2779 4164 2876 4232 τῆς
2921 4163 3009 4215 διά
3054 4162 3148 4215 τοῦ
3181 4162 3571 4231 βαπτίσματος.
3607 4162 3712 4213 Καὶ

2140 4249 2518 4318 παρεστήκασι
2543 4247 2823 4310 τελοῦντες
2862 4248 2959 4316 μὲν
2986 4246 3154 4308 οὐδὲν,
3197 4247 3357 4315 μόνον
3390 4248 3624 4316 ὁρῶντες
3655 4247 3712 4299 δὲ

2138 4330 2205 4383 τά
2250 4331 2527 4399 γινόμενα.
2584 4331 2774 4401 Πατὴρ
2825 4330 2918 4382 καὶ
2972 4329 3097 4391 Υἱὸς
3135 4328 3230 4381 καὶ
3287 4330 3438 4396 ἆγιον
3491 4329 3713 4397 Πνεῦμα

2139 4413 2313 4485 πάντα
2335 4412 2493 4485 [146]
2520 4413 2828 4483 ἐργάζεται.
2864 4411 3189 4480 Πειθώμεθα
3211 4412 3388 4464 τοίνυν
3411 4414 3476 4480 τῇ
3510 4412 3716 4481 ἀποφά-

2141 4509 2221 4544 σει
2247 4492 2340 4544 τοῦ
2370 4490 2505 4543 Θεοῦ
2526 4507 2539 4520 ’
2596 4491 2768 4559 θᾴεως
2795 4491 2903 4561 γάρ
2925 4493 3071 4543 ἐστιν
3112 4491 3251 4561 αὑτὴ
3282 4491 3593 4561 πιστοτέρα.
3648 4492 3713 4543 Ἡ

2142 4574 2241 4643 μὲν
2270 4574 2379 4644 γὰρ
2423 4574 2543 4642 ὄψις
2578 4574 2845 4643 πολλαχοῦ
2887 4573 2981 4643 καὶ
3025 4572 3356 4641 σφάλλεται·
3402 4575 3611 4643 ἐκείνην
3657 4574 3714 4626 δὲ

2137 4659 2416 4728 ἀμήχανον
2439 4658 2732 4710 διαπεσεῖν.
2758 4656 3075 4727 Πειθώμεθα
3101 4656 3277 4708 τοίνυν
3305 4657 3463 4727 αὑτῇ.
3512 4657 3574 4709 ’Π
3606 4658 3714 4728 γάρ

2136 4742 2204 4813 τὰ
2234 4743 2308 4812 μὴ
2346 4742 2473 4794 ὄντα
2504 4740 2915 4811 παραγαγοῦσα,
2949 4739 3254 4813 ἀξιόπιστος
3274 4739 3339 4792 ἂν
3364 4741 3447 4808 εἴη
3466 4742 3558 4794 καὶ
3587 4740 3715 4809 περὶ

2135 4826 2234 4895 τῆς
2269 4824 2482 4893 φύσεως
2514 4824 2691 4876 αὐτῶν
2719 4823 3097 4893 διαλεγομένη.
3135 4823 3200 4875 Τί
3232 4818 3325 4874 οῦν
3342 4824 3480 4892 αῦτη
3510 4824 3713 4892 φησίν;

2139 4908 2261 4961 Ὅτι
2281 4908 2532 4975 γέννησίς
2562 4910 2676 4961 ἐστι
2705 4908 2765 4959 τὸ
2792 4906 3131 4976 τελούμενον.
3155 4907 3218 4958 El
3247 4906 3303 4957 δέ
3326 4907 3407 4968 τίς
3439 4923 3520 4958 σοι
3543 4907 3713 4974 λέγοι,

2137 4993 2299 5065 Πῶςς
2334 4992 2682 5062 ἐπιστόμισον
2726 4990 2884 5044 αὑτὸν
2921 4993 2991 5063 τῇ
3027 4991 3299 5057 ἀποφάσει
3323 4990 3416 5043 τοῦ
3454 4992 3713 5061 Χριστοῦ,

2134 5076 2281 5144 ἤπερ
2334 5075 2453 5125 ἐστὶ
2488 5074 2717 5142 μεγίστη
2756 5074 2850 5125 καὶ
2894 5074 3071 5142 σαφὴς
3118 5071 3414 5136 ἀπόδειξις.
3450 5074 3511 5125 Εἰ
3548 5073 3604 5125 δέ
3633 5091 3716 5136 τις

2136 5158 2360 5229 ἐρωτῴη
2390 5162 2436 5224 8,
2467 5159 2608 5221 τίνος
2650 5159 2834 5211 ἕνεκεν
2865 5159 2926 5210 τὸ
2963 5158 3105 5226 ὓδωρ
3142 5157 3509 5228 παρείληπται
3539 5174 3554 5220 ;
3591 5158 3718 5209 ἀντ-

2135 5245 2312 5313 ερωτή
2322 5260 2500 5312 σωμεν
2516 5242 2612 5294 καὶ
2636 5244 2816 5315 ἡμεῖς·
2833 5241 2987 5303 Τίνος
3007 5239 3062 5292 δὲ
3086 5240 3269 5292 ἕνεκεν
3290 5243 3323 5310 ή
3351 5241 3420 5310 γῆ
3448 5239 3599 5309 παρὰ
3620 5238 3718 5309 τὴν

2135 5325 2306 5397 ἀρχὴν
2338 5328 2415 5388 εἰς
2453 5327 2553 5395 τὴν
2604 5326 2698 5378 τοῦ
2749 5324 3035 5395 ἀνθρώπου
3087 5324 3373 5376 διάπλασιν
3403 5324 3714 5393 παρήγετο;

2137 5410 2259 5461 Ὅτι
2289 5410 2397 5479 γὰρ
2430 5411 2525 5463 καὶ¹
2549 5410 2646 5479 τῆς
2677 5409 2780 5478 γῆς
2806 5410 2971 5479 χωρὶς
3001 5408 3225 5475 ποιῆσαι
3254 5406 3536 5476 ἄνθρωπον
3567 5404 3716 5474 αὑτῴ

2135 5493 2355 5545 δυνατὸν
2375 5489 2463 5562 ἦν,
2494 5494 2655 5546 παντί
2688 5511 2788 5545 που
2825 5493 3001 5562 δῆλον.
3038 5491 3221 5561 Μηδὲν
3268 5491 3445 5543 τοίνυν
3490 5505 3684 5558 περιερ

2196 5588 2223 5626 d
2250 5588 2422 5657 M9101.
2448 5589 2520 5657 ὅτι
2542 5589 2729 5657 ἀπαρχὴ
2746 5589 2934 5657 ἐτέρας,
2951 5589 3023 5657 με
3045 5586 3113 5634 1m
3140 5584 3290 5657 Sagil.
3318 5593 3371 5634 et
3396 5599 3512 5657 ῃιςε.
3537 5585 3712 5657 More].

2134 5651 2264 5721 ὄντα.
2373 5651 2425 5697 δέ
2440 5651 2555 5721 πρὸς
2577 5648 2728 5721 ταῦτα
2746 5648 2893 5721 λέγειν
2914 5649 3296 5721 ἀδύνατον,πῶς“
3310 5648 3421 5721 περὶ
3440 5653 3523 5703 τῆς
3546 5652 3718 5717 νοητῆς

2134 5714 2214 5759 καὶ
2237 5712 2358 5759 πολὺ
2394 5709 2574 5758 τούτων
2605 5709 2902 5772 ὑψηλοτέρας
2944 5712 3206 5769 γεννήσεως
3248 5709 3336 5772 οὑκ
3363 5709 3715 5772 ἀδυνατιρτερσν

2135 5774 2268 5833 ἔσται
2290 5774 2344 5819 τὸ
2364 5773 2529 5831 λέγειν·
2557 5768 2732 5832 μᾶλλον
2746 5773 2797 5819 δέ
2815 5768 2916 5826 πῶς
2935 5768 2989 5818 οὑ
3011 5772 3227 5833 περιττὸν
3245 5771 3383 5829 λόγον
3396 5768 3712 5833 ἀπαιτεῖσθαι.

2140 5832 2159 5868 ί
2184 5836 2282 5882 Alii
2306 5829 2435 5880 ωας(
2465 5839 2519 5880 et
2541 5829 2690 5881 Savil.
2718 5834 2805 5880 οὐκ
2826 5835 2881 5879 ἀν
2901 5834 3051 5894 ἔχοιεν
3077 5829 3175 5887 Ἲτῆς
3214 5834 3484 5894 θαυμαστῆς
3521 5829 3709 5894 ταύτης.

2136 5894 2289 5943 Paulo
2327 5899 2438 5956 post
2482 5896 2649 5953 Πατὴρ
2670 5895 2908 5956 γὰρ,ν]’ίὸς
2926 5890 3009 5956 καί
3031 5894 3162 5956 ἅγιον
3185 5892 3378 5956 Πνεῦμα
3398 5892 3551 5956 πάντα
3576 5890 3713 5953 ἐργά-

2137 5961 2279 6014 ζεται.
2333 5954 2373 5998 ‘3
2401 5956 2483 6006 Sic
2506 5957 2587 6005 alii
2610 5962 2660 6005 el
2682 5954 2830 6007 Saﬁl.
2858 5955 3029 6005 Morel.
3058 5955 3158 6002 ἐπεὶ
3182 5955 3261 6002 τὸν
3288 5954 3551 6015 ἐρωτῶντα.
