4094 6370
363 284 467 343 M9

361 418 490 457 rum.
517 401 653 467 Quia
676 403 867 457 mortis
892 401 1258 457 indumentum
1283 409 1478 472 gestat,
1504 414 1695 470 nempe
1722 397 1942 453 maledi-

361 493 550 548 ctionis
580 501 637 547 et
662 493 1026 564 corruptionis
1055 511 1067 546 :
1094 492 1330 547 nondum
1376 492 1709 546 Dominicum
1740 489 1946 558 accepit

360 584 697 655 symbolum;
726 586 1040 656 peregrinus
1067 594 1153 639 est
1182 594 1236 638 et
1260 584 1497 648 alienus;
1530 598 1636 637 non
1669 581 1831 636 habet
1855 596 1943 636 re-

358 677 499 746 gium
527 676 761 746 signum.
790 675 908 731 Nisi
938 679 1049 747 quis
1076 688 1227 731 natus
1254 678 1439 747 fuerit,
1482 676 1681 746 inquit,
1724 692 1788 729 ea:
1814 691 1945 744 aqua

324 776 407 819 .et
448 766 687 837 Spiritu,
737 784 841 822 non
880 778 1044 838 potest
1076 770 1290 823 introire
1332 770 1386 822 in
1426 785 1636 839 regnum
1680 768 1942 821 calorum.

360 857 562 912 Verum
590 857 914 913 Nicodemus
958 873 1136 927 neque
1180 859 1261 913 sic
1300 858 1583 913 intellexit.
1626 857 1769 912 Nihil
1801 858 1942 912 enim

361 947 636 1016 deterius,
676 964 835 1018 quam
881 948 1132 1004 humanis
1174 949 1468 1004 ratiociniis
1496 949 1793 1018 spiritualia
1822 964 1947 1020 per-

362 1039 596 1095 mittere.
628 1039 740 1094 Hoc
769 1040 1069 1110 impedivit,
1101 1041 1388 1110 quominus
1419 1040 1508 1094 ille
1536 1039 1764 1094 sublime
1791 1039 1946 1110 quid-

360 1135 502 1203 piam
529 1144 584 1190 et
608 1151 860 1205 magnum
886 1137 1165 1206 cogitaret.
1196 1135 1322 1190 ldeo
1346 1150 1444 1190 nos
1467 1133 1650 1190 ﬁdeles
1672 1149 1943 1200 vocamur,

360 1236 421 1282 ut
446 1225 798 1282 humanarum
828 1228 1096 1283 rationum
1129 1227 1493 1282 imbecillitate
1522 1235 1846 1295 contempta,
1878 1225 1945 1280 ad

364 1317 488 1371 ﬁdei
529 1317 908 1373 sublimitatem
938 1318 1326 1384 ascendamus,
1358 1328 1414 1373 et
1440 1319 1703 1373 bonorum
1736 1326 1948 1371 nostro-

359 1422 475 1462 ram
525 1423 790 1463 summam
834 1409 1143 1479 huiusmodi
1191 1409 1449 1465 doctrinae
1505 1408 1943 1463 committamus:

356 1499 499 1568 quod
532 1500 577 1554 si
608 1501 824 1555 fecisset
848 1500 1168 1556 Nicodemus
1191 1541 1208 1568 ,
1254 1516 1343 1556 res
1368 1517 1474 1555 non
1502 1500 1576 1555 illi
1605 1500 1947 1570 imposs'bilis

354 1592 469 1646 visa
494 1590 703 1647 fuisset.
731 1593 868 1659 Quid
897 1608 1025 1664 ergo
1054 1593 1333 1647 Christus?
1355 1591 1426 1648 Ut
1455 1592 1604 1646 illum
1627 1590 1855 1646 abducat
1879 1590 1947 1646 ab

357 1682 458 1745 hac
485 1685 811 1755 cogitatione
839 1686 983 1739 humi
1010 1694 1261 1756 repente,
1309 1696 1364 1741 et
1388 1684 1637 1741 ostendat
1658 1700 1718 1739 se
1746 1699 1852 1738 non
1878 1683 1947 1738 de

356 1771 461 1829 hac
500 1775 848 1845 generatione
884 1776 1063 1846 loqui,
1109 1779 1220 1832 ait:
1246 1777 1365 1831 Nisi
1391 1777 1502 1846 quis
1531 1786 1677 1830 natus
1706 1776 1858 1846 fuerit
1885 1792 1949 1830 ea:

356 1884 489 1937 aqua
512 1877 559 1921 et
583 1868 804 1937 Spiritu,
834 1885 937 1923 non
962 1878 1121 1940 potest
1143 1870 1353 1924 introire
1376 1870 1429 1923 in
1448 1886 1656 1941 regnum
1676 1869 1939 1926 cwlorum.

356 1960 448 2015 Sic
475 1969 656 2014 autem
694 1959 947 2030 loquutus
972 1970 1076 2027 est,
1106 1970 1165 2016 ut
1189 1977 1286 2032 per
1315 1961 1455 2016 hanc
1476 1961 1946 2024 comminationem

355 2051 534 2120 ipsum
560 2051 627 2105 ad
650 2050 811 2107 ﬁdem
838 2053 1194 2122 pertraheret,
1225 2052 1581 2122 suaderetqne
1610 2053 1711 2123 ipsi
1740 2069 1809 2108 ne
1831 2060 1966 2108 rem‘

354 2157 477 2197 esse
504 2143 894 2213 impossibilem
920 2145 1278 2208 existimaret,
1307 2154 1467 2214 atque
1488 2145 1634 2199 illum
1660 2160 1692 2199 a
1718 2145 1946 2200 carnalis

353 2236 719 2304 generationis
740 2237 1065 2305 cogitatione
1092 2236 1448 2292 abstraheret.
1480 2236 1557 2292 De
1583 2237 1687 2297 alia
1705 2278 1723 2303 ,
1753 2237 1944 2306 inquit,

353 2324 545 2395 loquor
582 2328 934 2395 generatione
954 2370 969 2395 ,
999 2343 1033 2382 o
1071 2326 1394 2394 Nicodeme;
1424 2343 1522 2384 cur
1549 2344 1853 2384 sermonem
1880 2328 1947 2382 ad

356 2426 552 2471 terram
583 2417 857 2473 detrahis?
900 2433 996 2474 cur
1039 2429 1244 2474 natura:
1287 2420 1596 2475 necessitati
1640 2436 1754 2474 rem
1800 2419 1945 2474 illam

356 2509 609 2576 Suhjicis?
638 2510 737 2565 ilic
758 2521 942 2579 partus
962 2512 1167 2581 vulgari
1191 2511 1283 2565 illo
1304 2512 1548 2581 superior
1569 2520 1671 2579 est,
1696 2526 1797 2567 nec
1819 2511 1944 2582 quid

356 2614 643 2655 commune
684 2601 963 2656 nobiscum
1005 2602 1193 2658 habet.
1246 2602 1373 2663 Haec
1422 2618 1637 2673 quoque
1675 2603 1949 2673 generatio

355 2703 606 2759 vocatur,
654 2694 751 2749 sed
791 2695 1010 2749 nomine
1039 2704 1241 2754 tantum
1284 2696 1609 2762 communis,
1651 2711 1712 2751 re
1745 2695 1945 2750 differt.

355 2783 604 2838 Abscede
642 2798 675 2838 a
720 2784 923 2853 vulgari
967 2800 1117 2840 more
1145 2802 1159 2838 :
1187 2785 1351 2840 alium
1392 2786 1588 2841 induco
1636 2792 1844 2855 partum
1892 2785 1946 2839 in

359 2874 615 2937 mundum
650 2892 666 2929 :
698 2874 804 2929 alio
854 2875 1013 2929 modo
1068 2875 1211 2945 gigni
1261 2875 1507 2932 homines
1548 2875 1672 2930 volo
1704 2893 1718 2931 :
1752 2890 1947 2929 novum

355 2965 747 3034 procreationis
795 2966 1013 3020 modum
1063 2966 1251 3020 affero.
1299 2967 1550 3026 Formavi
1596 2981 1663 3021 ex
1706 2974 1847 3021 terra
1894 2975 1949 3020 et

354 3070 521 3125 aqua;
554 3072 662 3111 non
690 3056 819 3111 utile
846 3056 1155 3127 ﬁgmentum
1182 3055 1319 3121 fuit,
1357 3056 1453 3112 sed
1485 3071 1580 3110 vas
1606 3056 1843 3111 deterius
1870 3055 1948 3109 fa-

356 3158 501 3215 ctum
551 3157 658 3202 est.
708 3147 825 3202 Non
873 3148 1007 3203 ultra
1054 3164 1121 3203 ex
1174 3158 1315 3203 terra
1366 3157 1421 3202 et
1472 3162 1608 3218 aqua
1662 3146 1948 3205 efformare

356 3241 508 3307 volo,
551 3240 647 3295 sed
690 3255 757 3295 ex
800 3255 933 3310 aqua
967 3250 1020 3296 et
1047 3240 1271 3311 Spiritu.
1314 3240 1465 3308 Quod
1494 3241 1538 3295 si
1568 3240 1688 3311 quis
1714 3241 1948 3295 interro-

354 3342 465 3404 get,
516 3332 789 3403 quomodo
835 3349 901 3389 ex
947 3335 1121 3406 aqua?
1165 3334 1507 3404 interrogabo
1546 3343 1600 3388 et
1636 3348 1737 3404 ego
1774 3334 1943 3398 illum,

354 3425 637 3491 Quomodo
661 3440 729 3480 ex
759 3426 941 3480 terra?
982 3425 1253 3495 quomodo
1281 3425 1450 3479 lutum
1483 3425 1659 3480 varias
1685 3428 1737 3480 in
1767 3433 1947 3495 partes

354 3514 701 3570 distributum
746 3516 873 3571 est?
911 3515 1182 3587 quomodo
1222 3518 1379 3571 unius
1418 3516 1617 3587 speciei
1659 3526 1775 3571 erat
1816 3516 1944 3571 illud

352 3607 495 3677 quod
524 3607 828 3676 subjectum
861 3610 976 3663 est?
1005 3608 1172 3665 Terra
1204 3619 1410 3664 tantum
1441 3617 1590 3673 erat;
1618 3622 1737 3677 quae
1763 3618 1943 3663 autem

353 3714 418 3760 ex
448 3698 540 3752 illa
574 3698 714 3753 facta
745 3707 891 3766 sunt,
924 3699 1150 3754 diversa:
1194 3710 1318 3754 sunt
1357 3700 1578 3768 speciei.
1610 3699 1760 3755 Unde
1785 3715 1905 3754 ossa
1926 3741 1941 3764 ,

353 3791 519 3852 nervi.
542 3792 785 3857 arteriae,
800 3793 989 3847 venat?
1008 3792 1147 3847 unde
1166 3792 1515 3857 membranae,
1531 3807 1655 3847 vasa
1673 3794 1941 3864 organica,

350 3884 722 3953 carlilagines,
756 3885 971 3951 tunicae,
1004 3884 1193 3955 hepar,
1224 3886 1396 3955 splen,
1425 3885 1555 3939 cor?
1584 3885 1724 3941 unde
1751 3887 1905 3956 pellis
1924 3927 1940 3953 ,

350 3975 605 4044 sanguis,
638 3976 861 4045 pituita,
902 3976 1059 4031 bilis?
1100 3977 1242 4039 unde
1285 3986 1363 4039 tot
1401 3978 1778 4047 operationes?
1804 3979 1944 4033 unde

348 4066 480 4123 varii
507 4065 757 4120 colores?
789 4065 903 4120 hzec
939 4066 1082 4121 enim
1124 4083 1228 4121 non
1257 4082 1324 4122 ex
1365 4076 1506 4122 terra
1534 4068 1616 4122 vel
1643 4068 1757 4123 luto
1783 4069 1944 4138 proﬁo

352 4159 652 4212 ciscuntur.
680 4156 963 4224 Quomodo
993 4165 1133 4222 terra
1164 4169 1385 4228 accepto
1411 4158 1615 4214 semine
1645 4161 1941 4229 germinat,

352 4263 477 4301 caro
504 4256 687 4301 autem
725 4247 841 4304 haec
883 4258 1104 4319 accepta
1133 4249 1463 4319 corrumpit?
1501 4251 1769 4319 quomodo
1800 4260 1941 4307 terra

343 4337 489 4407 jacta
516 4340 722 4393 semina
754 4343 939 4405 nutrit,
967 4355 1095 4395 caro
1122 4349 1300 4395 autem
1330 4340 1398 4394 ab
1424 4339 1528 4394 illis
1553 4340 1802 4407 nutritur,
1833 4358 1942 4399 non

352 4430 438 4484 illa
465 4432 673 4487 nutrit?
716 4433 961 4504 Exempli
1005 4448 1187 4499 causa,
1224 4443 1365 4488 terra
1413 4448 1604 4503 aquam
1633 4433 1937 4503 excipiens,

352 4522 535 4577 vinum
564 4524 723 4589 fecit;
769 4540 895 4579 caro
920 4540 1061 4594 sarpe
1099 4525 1280 4578 vinum
1310 4524 1580 4595 accipiens
1600 4565 1616 4591 ,
1657 4524 1710 4578 in
1747 4539 1941 4595 aquam

350 4617 639 4671 convertit.
673 4615 827 4671 Unde
855 4632 983 4687 ergo
1026 4617 1192 4686 liquet
1214 4616 1331 4677 huic
1356 4631 1420 4671 ex
1454 4623 1594 4670 terra
1623 4630 1779 4681 esse,
1817 4630 1941 4669 cum

353 4713 493 4762 terra
533 4708 862 4762 contrariam
888 4706 1140 4763 exhibeat
1167 4707 1533 4777 operationem
1557 4746 1574 4773 ,
1623 4716 1682 4760 ut
1708 4705 1862 4760 dixi?
1883 4705 1940 4761 ld

348 4797 633 4853 ratiocinio
656 4798 871 4868 assequi
913 4812 1157 4866 nequeo;
1199 4797 1311 4851 sola
1342 4796 1448 4859 ﬁde
1476 4795 1700 4868 accipio.
1728 4796 1783 4851 Si
1812 4811 1942 4867 ergo

348 4891 438 4949 illa
466 4906 589 4962 qua:
608 4891 848 4961 quotidie
870 4890 1004 4946 ﬁunt
1025 4900 1079 4946 et
1098 4898 1404 4965 tanguntur,
1429 4889 1535 4945 ﬁde
1554 4904 1690 4960 opus
1709 4888 1939 4944 habent:

346 4983 517 5038 multo
532 4984 706 5053 magis
721 4982 809 5037 illa
824 4982 1109 5039 admodum
1127 4996 1320 5037 areana
1339 4989 1394 5037 et
1408 4980 1725 5050 spiritualia.
1743 4979 1941 5046 Quem-

346 5073 636 5129 admodum
671 5073 814 5129 enim
863 5082 1003 5129 terra
1044 5072 1370 5146 inanimata,
1416 5074 1671 5138 immota,
1712 5072 1824 5128 Deo
1861 5073 1940 5129 sic

346 5165 560 5222 volente
602 5166 857 5220 virtutem
900 5165 1126 5234 accepit,
1172 5173 1232 5219 ut
1275 5172 1383 5218 tam
1429 5164 1692 5221 mirabilia
1736 5178 1804 5220 ex
1848 5164 1940 5219 illa

343 5258 631 5329 prodirent
656 5276 672 5315 :
700 5259 776 5314 ita
803 5273 868 5314 ex
892 5256 1094 5328 Spiritu
1117 5265 1172 5311 et
1195 5272 1331 5330 aqua
1353 5256 1511 5312 simul
1536 5256 1654 5311 hmo
1678 5256 1941 5311 mirabilia

336 5360 397 5407 et
420 5352 695 5407 rationem
722 5353 1032 5419 superantia
1053 5351 1233 5417 omnia
1258 5348 1413 5404 facile
1440 5356 1721 5418 parantur.

409 5444 471 5500 2.
500 5443 769 5510 Quomodo
807 5442 1145 5498 Nicodemum
1170 5442 1439 5496 instituerit
1472 5442 1720 5496 Christus.
1749 5440 1943 5495 Discri-

338 5553 458 5590 men
484 5537 616 5590 inter
652 5536 870 5605 primum
901 5534 1119 5601 hominis
1145 5534 1444 5587 creationem
1464 5541 1512 5586 et
1531 5531 1800 5585 secundant
1830 5547 1942 5601 qua:

340 5629 401 5697 ﬁt
424 5644 510 5698 per
525 5627 781 5697 Spiritum
800 5634 1046 5681 sanctum.
1061 5623 1179 5679 Vita
1194 5624 1299 5678 alia
1317 5625 1475 5677 multo
1488 5623 1665 5677 melior
1685 5632 1943 5692 exspecta-

342 5729 446 5775 tur.
486 5720 741 5793 Baptismi
777 5719 1078 5776 sublimitas.
1129 5719 1233 5776 Cur
1268 5733 1402 5791 aqua
1427 5716 1496 5776 ad
1519 5715 1940 5772 illuminationem

1420 282 1488 339 IN
1522 279 1833 340 ,ιυΔΝΝΕΜ
1869 278 2104 335 HOMIL.
2146 281 2313 347 XXV.
2354 284 2427 339 al.
2470 285 2662 342 XXIV.

3531 297 3640 351 1550

2051 398 2353 452 necessaria.
2375 430 2444 439 —
2462 400 2539 456 Ne
2561 403 2737 473 itaque
2762 404 3013 474 quoniam
3040 407 3129 461 illa
3150 423 3255 462 non
3282 408 3452 476 vides,
3481 411 3637 467 ﬁdem

2048 504 2231 559 neges.
2257 491 2392 546 Nam
2418 509 2518 549 nec
2542 496 2774 550 animam
2823 498 2972 554 vides
2993 539 3009 565 ,
3039 509 3094 555 et
3116 510 3295 557 tamen
3316 503 3493 558 credis
3517 507 3637 560 ani-

2048 597 2190 637 mam
2238 599 2386 652 esse,
2416 598 2471 641 et
2499 586 2762 641 diversam
2788 604 2818 643 a
2844 605 3089 659 corpore.
3140 593 3337 648 Verum
3394 594 3640 651 Christus

2050 689 2155 731 non
2192 674 2294 731 hoc
2316 679 2563 750 exemplo
2587 679 2930 735 Nicodemum
2959 684 3215 750 instituit,
3247 686 3340 740 sed
3371 687 3494 741 alio.
3524 687 3639 742 Hoc

2050 767 2190 822 enim
2216 809 2231 831 ,
2256 784 2447 838 nempe
2473 773 2648 832 anima
2666 814 2681 837 ,
2704 788 2821 826 cum
2854 774 3225 844 incorporeum
3253 782 3354 842 sit,
3384 778 3505 834 ideo
3531 794 3636 833 non

2050 854 2102 909 in
2130 857 2360 911 medium
2387 859 2625 924 adduxit,
2650 862 2769 929 quia
2796 863 2885 918 ille
2904 862 3079 918 adhuc
3102 866 3287 921 rudior
3312 876 3449 922 erat.
3478 869 3638 923 Aliud

2050 963 2177 1017 ergo
2197 952 2504 1020 exemplum
2538 954 2707 1023 ponit,
2731 955 2870 1023 quod
2894 971 3014 1009 cum
3054 973 3339 1027 corporum
3378 963 3637 1016 crassitu-

2050 1039 2174 1094 dine
2200 1044 2629 1099 communionem
2661 1046 2874 1114 quidem
2902 1048 3103 1102 nullam
3135 1050 3326 1105 habeat
3344 1092 3357 1113 ,
3387 1069 3558 1122 neque
3586 1056 3639 1107 in

2050 1131 2421 1202 incorporeum
2444 1136 2683 1190 ascendit
2706 1147 2946 1192 naturam
2976 1155 2989 1203 ;
3027 1140 3075 1194 id
3103 1152 3205 1205 est,
3230 1152 3507 1197 ventorum
3534 1146 3637 1199 iui-.-

2050 1232 2253 1293 petum.
2286 1225 2352 1279 Et
2376 1229 2603 1296 primum
2634 1228 2701 1281 ab
2726 1244 2861 1298 aqua
2906 1231 3144 1296 orditur,
3175 1249 3293 1301 quae
3321 1237 3530 1290 tenuior
3552 1247 3640 1292 est

2050 1330 2207 1383 quam
2254 1324 2393 1370 terra
2416 1359 2429 1380 ,
2462 1318 2692 1371 crassior
2736 1336 2893 1388 quam
2938 1330 3151 1377 ventus.
3183 1324 3645 1389 Quemadmodum

2051 1406 2192 1461 enim
2217 1423 2245 1460 a
2280 1407 2537 1477 principio
2564 1410 2889 1464 elementum
2913 1421 3054 1467 terra
3078 1414 3315 1484 subjecta
3337 1425 3442 1477 est.
3468 1426 3641 1471 totmn

2049 1507 2228 1551 autem
2256 1498 2463 1565 opiﬁcis
2493 1500 2588 1552 fuit
2613 1521 2627 1555 :
2650 1501 2725 1555 sic
2746 1511 2801 1556 et
2821 1518 2965 1556 nunc
2992 1518 3128 1572 aqua
3159 1506 3481 1561 elementum
3510 1508 3643 1564 san

2046 1586 2229 1657 jicitur
2256 1608 2269 1642 :
2301 1598 2469 1643 totum
2495 1598 2672 1645 autem
2717 1600 2799 1646 est
2827 1608 2892 1646 ex
2929 1592 3157 1663 Spiritus
3197 1596 3364 1665 gratia
3393 1615 3407 1650 :
3435 1606 3490 1652 et
3515 1608 3642 1653 tunc

2050 1678 2263 1747 quidem
2292 1678 2481 1733 Factus
2512 1691 2584 1734 est
2610 1682 2759 1737 homo
2789 1683 2841 1735 in
2871 1683 3097 1736 animum
3125 1686 3367 1739 viventem
3391 1685 3553 1758 (Cen.
3581 1687 3641 1749 2,

2053 1770 2086 1825 7
2112 1771 2153 1839 );
2186 1786 2328 1826 nunc
2353 1788 2479 1826 vero
2509 1774 2559 1825 in
2586 1773 2841 1842 Spiritum
2873 1774 3250 1831 viviﬁcantem.
3292 1777 3513 1831 Multum
3538 1794 3637 1831 au-

2052 1871 2159 1918 tem
2185 1874 2267 1918 est
2288 1865 2427 1919 inter
2447 1874 2732 1934 utrumque
2751 1865 3038 1921 discrimen
3071 1884 3085 1920 :
3111 1868 3287 1921 anima
3312 1872 3453 1923 enim
3479 1871 3647 1935 vitam

2050 1956 2204 2013 alteri
2229 1972 2334 2010 non
2356 1957 2475 2023 dat;
2504 1957 2736 2028 Spiritus
2766 1975 2893 2013 vero
2922 1975 3026 2013 non
3061 1975 3156 2028 per
3181 1975 3239 2015 se
3262 1970 3464 2016 tantum
3492 1963 3643 2029 vivit,

2051 2046 2145 2101 sed
2177 2057 2229 2101 et
2257 2046 2377 2101 aliis
2417 2048 2578 2101 vitam
2622 2048 2844 2118 praebet.
2900 2048 2989 2104 Sic
3033 2061 3274 2104 mortuos
3317 2053 3645 2106 suscitarunt

2051 2139 2295 2207 apostoli.
2330 2137 2397 2192 Et
2424 2138 2551 2193 olim
2597 2138 2812 2208 quidem
2843 2149 2960 2208 post
3005 2142 3331 2207 creationem
3359 2142 3520 2196 homo
3547 2141 3645 2197 dc-

2051 2244 2195 2283 mum
2219 2228 2504 2294 formatur;
2530 2246 2670 2284 nunc
2696 2245 2824 2284 vero
2844 2239 3027 2287 contra
3050 2240 3175 2286 ante
3196 2247 3386 2286 novam
3409 2234 3639 2287 creatio-

2050 2334 2173 2373 nem
2204 2332 2370 2373 novus
2397 2318 2559 2374 homo
2586 2329 2818 2375 creatur.
2871 2320 3003 2375 Nam
3032 2320 3119 2376 hic
3154 2322 3305 2391 prior
3328 2332 3642 2393 generatur,

2051 2408 2243 2464 deinde
2270 2409 2499 2465 mundus
2544 2411 2973 2467 transformatur.
3024 2413 3091 2466 Et
3121 2422 3178 2466 nt
3203 2428 3233 2467 a
3266 2414 3531 2482 principio
3560 2423 3645 2468 to-

2054 2510 2163 2554 tum
2192 2501 2457 2569 formavit,
2478 2503 2554 2557 sic
2579 2512 2634 2557 et
2663 2519 2802 2558 nunc
2829 2513 2996 2558 totum
3023 2506 3195 2574 ipsum
3223 2516 3390 2560 creat.
3422 2506 3489 2560 Et
3512 2515 3643 2562 tunc

2051 2594 2265 2665 quidem
2310 2597 2421 2650 ait:
2452 2595 2726 2650 Faciamus
2774 2597 2820 2650 ei
2868 2598 3180 2665 adiutorium
3208 2597 3380 2669 (Ibid.
3412 2615 3462 2651 υ.
3494 2600 3562 2653 18
3584 2601 3641 2669 );

2053 2686 2138 2741 hic
2168 2702 2297 2742 vero
2323 2688 2448 2740 nihil
2479 2689 2671 2744 simile.
2713 2688 2843 2743 Nam
2866 2690 2954 2759 qui
2976 2689 3204 2758 Spiritus
3232 2690 3457 2759 gratiam
3486 2705 3639 2745 acce-

2052 2781 2149 2849 pit,
2174 2796 2279 2850 quo
2301 2781 2471 2835 altero
2500 2781 2677 2850 egebit
2725 2780 3011 2850 adjutore?
3040 2782 3129 2851 qui
3157 2781 3209 2834 in
3238 2798 3464 2852 corpore
3488 2781 3642 2837 Chri-

2051 2872 2119 2926 sti
2155 2873 2435 2937 consistit,
2460 2887 2562 2941 qua
2586 2871 2781 2927 deinde
2806 2873 2985 2941 egebit
3011 2874 3157 2943 ope?
3184 2874 3336 2927 Tunc
3363 2874 3427 2928 ad
3457 2875 3643 2944 imagi-

2052 2981 2175 3020 nem
2209 2966 2301 3019 Dei
2330 2965 2456 3021 l'ecit
2482 2966 2786 3033 hominem,
2830 2981 2971 3019 nunc
3017 2966 3117 3035 ipsi
3164 2966 3274 3020 Deo
3315 2966 3642 3036 conjunxit:

2054 3066 2178 3110 tunc
2200 3057 2361 3126 jussit
2388 3057 2536 3111 illum
2592 3058 2858 3126 imperare
2903 3057 3142 3126 piscibus
3166 3067 3221 3112 et
3247 3057 3465 3124 bestiis,
3499 3044 3641 3113 nunc

2051 3163 2210 3218 supra
2236 3150 2398 3204 caelos
2430 3150 2686 3218 primitias
2705 3160 2913 3204 nostras
2929 3150 3216 3219 assumpsit
3241 3168 3253 3201 :
3282 3158 3407 3203 tunc
3434 3150 3644 3219 paradi-

2052 3256 2168 3295 sum
2201 3241 2543 3295 habitandum
2574 3242 2761 3306 dedit,
2794 3258 2936 3299 nunc
2973 3243 3161 3295 cmlum
3206 3242 3360 3296 nobis
3385 3243 3592 3310 aperuit
3626 3260 3640 3296 :

2052 3342 2180 3394 tunc
2206 3331 2462 3387 formatus
2501 3333 2662 3388 homo
2687 3343 2767 3387 est
2795 3334 2881 3387 die
2909 3343 3055 3386 sexta
3077 3374 3093 3398 ,
3120 3333 3241 3401 quia
3268 3333 3647 3403 complendum

2052 3435 2168 3480 erat
2221 3427 2512 3489 smculum;
2556 3440 2696 3479 nunc
2739 3424 2909 3493 prima
2952 3424 3039 3478 die
3066 3434 3119 3478 et
3144 3425 3211 3478 ah
3238 3424 3409 3491 initio,
3442 3434 3641 3479 etcum

2053 3518 2189 3573 luce.
2213 3518 2292 3573 Ex
2315 3518 2504 3587 quibus
2525 3517 2771 3569 omnibus
2793 3516 2979 3584 liquet,
3003 3530 3064 3569 ea
3087 3531 3205 3584 qua:
3228 3516 3643 3583 perficiebantur

2049 3612 2115 3666 ad
2135 3611 2290 3665 aliam
2315 3610 2587 3664 meliorem
2608 3609 2765 3661 vitam
2790 3607 3079 3677 pertinere,
3098 3616 3152 3661 et
3172 3610 3238 3659 ad
3262 3614 3459 3660 statum
3482 3624 3640 3660 num-

2050 3719 2207 3775 quam
2240 3701 2652 3757 tcrminandum.
2687 3701 2863 3754 Prima
2890 3701 3069 3769 itaque
3098 3698 3347 3752 formatio
3372 3698 3500 3752 Adae
3528 3707 3640 3752 ter-

2050 3812 2174 3850 rena
2198 3805 2300 3858 est,
2323 3803 2378 3848 et
2402 3802 2522 3862 post
2540 3793 2675 3848 hanc
2700 3807 2765 3848 ex
2791 3790 2920 3844 Adae
2941 3790 3131 3854 latere,
3157 3789 3422 3855 "mlieris,
3445 3798 3645 3859 etpost

2050 3890 2193 3944 illam
2234 3905 2300 3942 ex
2330 3889 2553 3948 semine,
2586 3884 2787 3939 Abelis.
2834 3884 3082 3938 Attamen
3122 3882 3320 3936 nullam
3359 3881 3644 3949 explorare

2051 3998 2354 4053 possumus,
2386 3994 2484 4033 nec
2505 3993 2756 4034 sermone
2784 3976 3111 4041 describere,
3135 3975 3234 4027 etsi
3259 3974 3346 4027 illa
3376 3972 3643 4025 crassiora

2048 4076 2174 4131 sint.
2216 4071 2496 4141 Quomodo
2518 4084 2649 4140 ergo
2678 4067 2976 4138 spiritualis
3005 4081 3101 4136 per
3128 4065 3445 4133 baptismum
3476 4077 3639 4132 gene-

2047 4165 2270 4220 rationis
2307 4178 2427 4233 quae
2448 4164 2602 4231 longe
2643 4159 2921 4215 sublimior
2944 4165 3028 4212 est
3050 4198 3065 4223 ,
3096 4157 3356 4210 rationem
3385 4153 3514 4207 dare
3540 4167 3639 4222 po.-

2048 4256 2313 4312 terimus?
2338 4270 2445 4325 quo
2490 4260 2644 4323 pacto
2665 4250 2914 4321 stupendi
2944 4257 3126 4319 partus
3153 4246 3289 4300 ratio
3314 4260 3342 4297 a
3367 4246 3520 4298 nobis
3545 4260 3640 4297 ex-

2046 4359 2258 4419 petatur
2279 4347 2339 4401 ‘?
2366 4361 2488 4401 nam
2517 4353 2571 4398 et
2595 4343 2769 4412 angeli
2796 4341 2918 4395 huic
2944 4337 3270 4408 generationi
3300 4335 3540 4389 adfuere.
3570 4335 3642 4389 At

2046 4456 2176 4496 vero
2197 4438 2413 4494 modum
2436 4436 2705 4506 explicare
2731 4433 2989 4487 mirabilis
3020 4430 3159 4484 illius
3188 4444 3283 4497 per
3311 4427 3639 4496 baptismum

2046 4530 2442 4604 generationis,
2474 4542 2634 4581 nemo
2683 4522 2935 4594 potuerit.
2987 4519 3286 4576 Adfuerunt
3335 4518 3442 4584 illi,
3501 4516 3636 4571 nihil

2046 4626 2362 4685 efﬁcientes,
2390 4620 2482 4675 sed
2509 4635 2571 4675 ea
2598 4634 2716 4688 quae
2743 4616 2939 4671 ﬁebant
2966 4612 3137 4667 solum
3164 4612 3424 4665 videntes.
3454 4610 3633 4675 Pater,

2047 4722 2212 4777 Filius
2238 4730 2291 4773 et
2308 4718 2538 4787 Spiritus
2556 4724 2773 4771 sanctus
2798 4711 2975 4765 omnia
2999 4717 3252 4778 operatur
3274 4704 3348 4776 (a)
3376 4747 3389 4759 .
3416 4704 3635 4759 Obtem-

2047 4825 2296 4883 peremus
2320 4822 2448 4877 ergo
2470 4807 2563 4861 Dei
2583 4802 2886 4867 sententiae,
2905 4814 3023 4868 quae
3041 4807 3122 4851 est
3142 4796 3258 4866 ipso
3279 4796 3395 4850 visu
3415 4796 3632 4849 certior.

2046 4906 2180 4961 Nam
2203 4904 2347 4956 visus
2376 4914 2518 4973 smpe
2539 4898 2737 4952 fallitur
2763 4912 2776 4947 :
2803 4894 2891 4947 illa
2918 4891 3027 4945 falli
3056 4887 3631 4958 nequit.0btempere-

2046 5010 2167 5051 mus
2198 4995 2375 5061 itaque
2400 4991 2522 5059 ipsi.
2577 4987 2708 5042 Nam
2752 5000 2869 5055 qua:
2910 4983 2998 5037 illa
3043 4996 3162 5049 qua:
3188 4995 3294 5033 non
3324 4987 3477 5031 erant
3500 4994 3631 5047 pro-

2046 5086 2217 5151 duxit,
2245 5084 2311 5138 de
2340 5096 2525 5137 eorum
2554 5087 2743 5131 natura
2771 5077 2996 5145 loquens
3029 5072 3183 5127 ﬁdem
3214 5078 3466 5123 meretur.
3496 5067 3633 5133 Quid

2048 5178 2206 5249 igitur
2228 5175 2314 5231 illa
2333 5172 2503 5228 dicit?
2534 5170 2589 5225 Id
2623 5167 2764 5239 quod
2792 5165 3019 5221 efﬁcitur
3058 5177 3177 5218 esse
3204 5158 3629 5231 generationem.

2111 5349 2129 5381 ί
2165 5345 2329 5396 Morel.
2355 5347 2427 5394 sic
2452 5342 2598 5393 effert
2628 5342 2757 5405 hunc
2780 5339 3060 5405 locum......
3084 5332 3334 5405 crassiora
3355 5331 3467 5405 sint.
3491 5334 3628 5405 Quod

2045 5408 2089 5461 si
2113 5410 2175 5459 de
2204 5408 2302 5458 illis
2335 5407 2572 5456 disserere
2595 5400 2977 5467 silimpossibite,
3005 5396 3238 5467 quomodo
3258 5407 3375 5467 ergo
3407 5398 3467 5444 de
3489 5396 3638 5458 spiri—

2045 5458 2163 5523 tuali
2185 5471 2504 5532 generatione,
2518 5480 2627 5561 quia
2646 5465 2720 5514 Itis
2741 5458 2812 5514 est
2829 5462 2976 5533 multo
2997 5458 3256 5514 sublimior,
3275 5458 3511 5505 disserere
3534 5469 3635 5505 non

2050 5535 2136 5561 ..μὲν
2160 5530 2495 5561 Synnas-ciiiilius:
2522 5530 2529 5543 '
2562 5528 2802 5561 nnnnindn
2842 5532 2986 5561 οιιηηι
3030 5534 3124 5561 mm
3144 5530 3553 5561 sunaruacmmum
3594 5529 3628 5561 ﬂ

2046 5535 2137 5585 erit
2160 5528 2496 5594 iinpossibilius
2519 5528 2542 5578 ?
2562 5528 2802 5594 Quomodo
2842 5528 2986 5575 etiam
3030 5534 3124 5571 non
3144 5530 3553 5582 supervacaneum
3594 5529 3632 5576 ιι

2046 5596 2178 5647 nobis
2200 5588 2431 5642 rationem
2452 5590 2693 5652 postulare
2718 5588 2772 5653 ?_
2879 5647 2893 5653 _
2954 5648 2965 5653 _
3088 5645 3100 5653 _
3220 5643 3253 5653 _,

2118 5658 2192 5720 (a)
2232 5656 2295 5704 Ad
2336 5656 2427 5705 tria
2455 5645 2967 5720 stijqxositarsingnlari
3002 5645 3152 5720 verbo
3184 5645 3374 5720 utitur,
3397 5651 3454 5699 ut
3496 5652 3637 5697 notat

2047 5706 2273 5781 Savilius,
2295 5730 2395 5781 quo
2426 5706 2612 5766 scilicet
2635 5715 2791 5763 unitas
2811 5706 3093 5765 Substantia:
3114 5706 3409 5762 declaratur.
