4094 6370
423 306 520 363 ibi
1146 292 1202 351 S.
1245 290 1521 350 JOANNIS
1563 284 2041 347 CHRYSOSTOMI
2081 286 2400 345 ARCHIEP.
2440 289 2980 348 CONSTANTINOP.

418 418 575 489 Quod
615 416 660 473 si
706 413 800 470 tibi
844 410 1105 482 quispiam
1135 408 1350 469 dixerit,
1373 404 1695 474 Quomodo?
1718 419 1785 459 ex
1811 401 2008 457 Christi

420 510 683 567 sententia
712 522 774 562 os
802 505 917 576 ejus
962 503 1216 567 obstrue,
1244 514 1363 570 quae
1404 512 1593 567 magna
1633 496 1883 565 claraque
1926 502 2009 550 est

419 600 826 657 demonstratio.
878 595 933 650 Si
959 594 1076 663 quis
1107 606 1238 647 vero
1267 590 1679 660 interrogaverit
1698 630 1713 655 ,
1738 603 1834 643 cur
1871 602 2007 656 aqua

419 702 754 755 assumatur;
804 688 1036 743 vicissim
1084 688 1476 755 interrogemus
1502 692 1557 737 et
1581 698 1679 737 nos
1699 722 1714 748 ,
1741 696 1837 736 cur
1865 692 2006 736 terra

417 785 489 839 ab
514 785 664 839 initio
689 783 755 837 ad
783 781 1011 836 hominis
1042 778 1416 833 formationem
1445 776 1702 846 producta
1733 776 1823 829 sit.
1871 773 2006 828 Nam

419 878 562 949 quod
602 878 721 932 sine
758 885 897 930 terra
951 882 1131 942 posset
1185 870 1455 925 hominem
1506 868 1775 935 formare,
1807 866 2009 922 nemini

420 986 526 1025 non
572 970 913 1037 conspicuum
942 974 1045 1019 est.
1091 963 1169 1018 Nc
1202 964 1380 1032 itaque
1433 960 1698 1016 curiosius
1749 957 2006 1029 inquiras.

419 1060 570 1127 Quod
598 1061 739 1113 enim
767 1054 1067 1111 necessaria
1090 1055 1157 1108 sit
1178 1068 1312 1122 aqua
1335 1052 1457 1106 hinc
1484 1051 1692 1106 ediscas
1715 1066 1728 1103 :
1754 1065 1877 1104 cum
1908 1048 2009 1102 ali-

418 1150 633 1221 quando
687 1148 920 1217 Spiritus
964 1155 1087 1201 ante
1115 1160 1306 1215 aquam
1358 1143 1759 1207 descendisset,
1789 1156 1897 1196 non
1922 1140 2009 1196 hic

419 1242 565 1296 stetit
593 1239 889 1309 apostolus,
922 1238 1015 1291 sed
1061 1245 1120 1290 ut
1163 1234 1412 1291 ostendat
1466 1234 1604 1288 hanc
1648 1232 2007 1288 necessariam

419 1348 520 1387 nec
538 1330 858 1400 superﬂuam
881 1344 1021 1395 esse,
1046 1328 1165 1381 vide
1181 1325 1307 1396 quid
1326 1326 1467 1380 dicat
1494 1344 1506 1379 :
1533 1322 1799 1392 Numquid
1821 1339 2008 1392 aquam

418 1424 531 1492 quis
561 1422 821 1491 prohibere
846 1429 1035 1490 potest,
1062 1428 1117 1471 ut
1142 1435 1244 1471 non
1273 1417 1589 1485 baptizentur
1616 1416 1689 1482 hi,
1718 1418 1803 1484 qui
1834 1414 2008 1483 Spiri-

420 1524 526 1566 tum
543 1524 772 1567 sanctum
791 1520 1087 1580 acceperunt
1113 1509 1243 1562 sicut
1262 1516 1308 1560 et
1324 1505 1447 1578 nos(
1467 1506 1578 1559 Act.
1602 1506 1688 1561 10.
1708 1507 1775 1560 47
1793 1506 1850 1575 )?
1872 1504 2009 1572 Quid

418 1619 547 1675 ergo
575 1618 709 1674 opus
734 1611 817 1658 est
840 1601 1016 1671 aqua?
1047 1601 1159 1655 Hoc
1178 1599 1287 1669 jam
1316 1597 1487 1652 dicam
1516 1606 1573 1650 ut
1597 1597 1860 1651 occultum
1888 1612 2009 1667 my-

420 1699 642 1752 sterium
673 1697 821 1752 vobis
846 1697 1108 1765 aperiam.
1133 1694 1270 1749 Sunt
1294 1693 1510 1764 quidem
1538 1692 1639 1746 hac
1659 1692 1725 1746 de
1747 1707 1806 1745 re
1830 1690 2011 1745 arcani

420 1787 635 1857 quidam
656 1788 743 1841 alii
767 1801 1042 1841 sermones
1064 1802 1077 1850 ;
1102 1787 1315 1840 interim
1336 1793 1513 1839 autem
1539 1784 1690 1838 vobis
1727 1798 1795 1838 ex
1830 1781 2010 1836 multis

422 1894 583 1933 unum
610 1878 803 1932 dicam.
832 1877 961 1946 Quis
991 1878 1078 1931 ille
1102 1878 1216 1931 est?
1245 1876 1438 1930 Divina
1467 1875 1803 1930 celebrantur
1830 1873 1881 1927 in
1910 1873 2011 1929 hoc

421 1970 665 2039 symbolo
695 1986 707 2021 :
741 1970 1037 2038 sepultura,
1074 1967 1411 2022 mortificatio
1432 2007 1446 2031 ,
1476 1965 1800 2020 resurrectio
1821 2006 1835 2029 ,
1865 1965 1969 2017 vita
1990 2005 2007 2030 ,

422 2069 479 2115 et
505 2062 619 2115 [nec
648 2061 804 2115 simul
833 2060 965 2113 fiunt
987 2060 1186 2113 omnia.
1241 2057 1297 2112 ln
1326 2073 1466 2128 aqua
1494 2056 1635 2112 enim
1665 2065 1930 2125 tamquam
1956 2057 2008 2109 in

422 2153 670 2220 sepulcro
696 2161 854 2219 caput
878 2150 1315 2221 immergentihus
1345 2150 1520 2213 nobis,
1560 2157 1713 2202 vetus
1741 2148 1900 2202 homo
1924 2162 2011 2201 se-

424 2243 618 2311 pelitur
641 2256 704 2296 ac
729 2242 1053 2312 demergitur
1098 2250 1238 2295 totus
1272 2258 1285 2295 :
1316 2240 1511 2295 deinde
1541 2240 1694 2293 nobis
1726 2254 2009 2309 emergen-

426 2334 585 2396 tibus,
617 2349 784 2387 novus
809 2334 1064 2402 exsurgit.
1097 2332 1164 2389 Ut
1191 2332 1335 2387 enim
1388 2331 1544 2385 nobis
1587 2330 1742 2385 facile
1785 2338 1867 2383 est
1908 2330 2011 2382 im-

425 2427 590 2494 mergi
618 2436 672 2480 et
699 2437 879 2495 postea
907 2441 1181 2496 emergere
1210 2443 1221 2478 :
1251 2426 1328 2479 sic
1352 2425 1462 2479 Deo
1494 2424 1647 2478 facile
1667 2433 1749 2477 est
1776 2432 2008 2476 veterem

425 2518 653 2586 sepelire
682 2517 973 2584 hominem,
1002 2527 1057 2573 et
1086 2533 1281 2573 novum
1339 2518 1614 2571 inducere.
1666 2516 1771 2570 Ter
1801 2503 1901 2569 hoc
1931 2516 2007 2581 fit,

427 2618 486 2661 ut
524 2608 697 2663 discas
740 2610 988 2663 virtutem
1043 2609 1212 2664 Patris
1242 2618 1296 2663 et
1327 2608 1453 2663 Filii
1481 2617 1535 2662 et
1562 2608 1790 2676 Spiritus
1841 2608 2008 2661 sancti

428 2700 544 2755 hmc
582 2703 759 2755 omnia
790 2703 1031 2771 implere.
1082 2702 1235 2769 Quod
1277 2712 1454 2755 autem
1487 2702 1599 2755 haec
1627 2717 1731 2755 non
1761 2717 1855 2770 per
1880 2716 2010 2755 con-

422 2792 685 2862 jecturam
711 2794 848 2850 dicta
881 2798 1024 2861 sint,
1057 2796 1179 2850 audi
1224 2796 1441 2850 Paulum
1475 2814 1487 2850 :
1520 2794 1811 2865 Consepulti
1840 2812 2012 2849 sumus

427 2900 544 2938 cum
572 2887 661 2939 illo
691 2904 778 2957 per
800 2887 1099 2956 baptismum
1126 2889 1178 2941 in
1208 2899 1414 2941 mortent
1441 2887 1671 2959 (Coloss.
1694 2887 1750 2941 2.
1778 2887 1879 2958 12)
1903 2906 1917 2951 ;
1949 2904 2012 2943 ac

428 2995 663 3047 rursum,
702 2982 852 3036 Vetus
879 2985 1027 3036 homo
1054 2994 1221 3038 noster
1251 2985 1402 3037 simul
1431 2984 1704 3051 cruciﬁxus
1725 2993 1795 3037 est
1823 2984 2009 3051 (Rom.

433 3073 487 3127 6.
518 3074 549 3126 6
568 3075 619 3142 );
645 3084 697 3128 ct
726 3074 915 3128 iterum
938 3115 951 3137 ,
984 3074 1322 3143 Complantati
1349 3076 1471 3143 facti
1497 3092 1667 3128 sumus
1694 3076 2014 3129 similitudini

427 3165 604 3218 mortis
624 3165 731 3235 ejus
751 3164 797 3229 (l
806 3166 889 3219 bid
910 3182 961 3221 υ.
983 3166 1059 3237 5).
1083 3166 1194 3221 Non
1223 3168 1379 3222 modo
1400 3176 1574 3221 autem
1599 3167 1855 3238 baptisma
1883 3184 2013 3223 crux

430 3255 645 3321 dicitur,
676 3257 768 3311 sed
797 3273 926 3311 crux
954 3274 1165 3327 quoque
1193 3259 1472 3327 baptisma.
1502 3258 1766 3327 Baptismo
1796 3276 1893 3329 quo
1920 3277 2012 3330 ego

430 3345 677 3413 baptizor,
700 3362 785 3400 vos
804 3346 1178 3410 baptizabimini
1198 3349 1384 3411 (Marc.
1414 3349 1499 3403 10.
1523 3350 1626 3419 59)
1652 3365 1665 3410 ;
1695 3364 1757 3403 ac
1778 3366 2008 3417 rursum,

430 3432 695 3504 Baptismo
724 3437 881 3491 habeo
906 3439 1172 3507 baptizari,
1219 3456 1363 3509 quem
1390 3457 1473 3494 vos
1499 3442 1698 3494 nescitis
1721 3441 1739 3511 (
1764 3440 1886 3494 Luc.
1922 3442 2007 3495 12.

430 3526 565 3597 50).
609 3528 1066 3593 Quemadmodum
1098 3533 1240 3585 enim
1272 3547 1369 3586 nos
1412 3532 1562 3587 facile
1604 3535 1934 3603 baptizamur
1960 3545 2013 3589 et

428 3619 769 3687 emergimus,
789 3621 866 3674 sic
890 3629 943 3674 et
966 3622 1053 3675 ille
1079 3632 1315 3676 mortuus
1336 3639 1456 3677 cum
1482 3625 1666 3689 voluit,
1687 3626 2007 3691 resurrexit;

429 3708 540 3763 imo
581 3711 737 3781 longe
765 3711 990 3777 facilius,
1024 3715 1231 3769 etiamsi
1281 3716 1454 3771 triduo
1481 3734 1575 3788 per
1606 3724 1917 3790 mysterium
1959 3730 2014 3776 et

430 3806 785 3857 (econorniam
814 3806 1088 3860 manserit.

502 3895 556 3948 5.
596 3891 889 3962 Baptizatos
920 3905 973 3948 ut
1002 3896 1153 3966 digne
1180 3896 1428 3962 baptismo
1453 3908 1626 3970 agant,
1669 3902 1893 3956 nondum
1931 3904 2012 3958 ba-

435 3984 651 4052 ptizatos
697 3995 929 4055 utquam
968 3989 1186 4056 primum
1218 3990 1534 4057 baptizentur
1575 3992 1825 4046 hortatur.
1867 3993 2014 4049 Cate-

428 4075 662 4129 chumeni
704 4077 933 4143 ﬁdelibus
972 4080 1195 4132 extranei
1223 4090 1359 4133 sunt.
1388 4080 1705 4149 Baptismum
1752 4101 1908 4154 usque
1944 4086 2013 4139 ad

429 4176 639 4219 mortem
680 4166 967 4232 cii/ferentes
1012 4171 1403 4239 redarguuntur.
1440 4171 1833 4227 Commendatur
1877 4176 2010 4229 elec-

429 4274 662 4327 mosyna.
701 4286 772 4297 -—
811 4258 1030 4314 Talibus
1080 4276 1210 4331 ergo
1248 4261 1450 4330 dignati
1496 4264 1796 4333 mysteriis,
1846 4266 2011 4320 vitam

430 4361 581 4405 tanto
601 4353 742 4407 dono
766 4353 978 4423 dignam
1002 4354 1371 4423 exhibeamus,
1396 4357 1655 4425 optimum
1690 4358 2008 4413 institutum.

429 4443 528 4509 Qui
557 4458 686 4498 vero
712 4445 949 4498 nondum
978 4446 1061 4499 his
1096 4446 1295 4515 dignati
1336 4447 1486 4511 estis,
1531 4449 1709 4501 omnia
1756 4447 1917 4503 facite
1957 4458 2014 4503 nt

433 4534 497 4587 iis
523 4532 836 4603 dignemini,
882 4545 938 4589 ut
969 4552 1129 4590 unttm
1155 4551 1351 4604 corpus
1382 4538 1699 4603 efficiamur,
1751 4548 1808 4594 ut
1844 4542 2011 4595 simus

430 4624 649 4679 fratres.
698 4626 962 4692 Quamdiu
1016 4630 1157 4680 enim
1201 4630 1278 4681 sic
1328 4643 1675 4698 separamur,
1716 4631 1817 4685 etsi
1859 4639 2013 4702 pater

429 4716 549 4784 quis
595 4715 771 4782 fuerit,
815 4718 912 4771 etsi
966 4718 1126 4779 filius,
1183 4719 1283 4773 etsi
1329 4718 1532 4787 frater,
1576 4721 1750 4790 quivis
1796 4721 2009 4777 tandem

430 4810 610 4872 fuerit,
653 4810 886 4863 nondum
935 4828 1062 4865 vere
1101 4822 1359 4881 cognatus
1400 4822 1503 4878 est,
1555 4828 1676 4868 cum
1715 4829 1743 4867 a
1775 4829 2010 4884 superna

426 4900 747 4969 cognatione
773 4902 843 4954 sit
870 4902 1191 4955 abstractus.
1221 4903 1350 4969 Quae
1379 4904 1523 4957 enim
1553 4904 1755 4958 utilitas
1786 4920 1853 4959 ex
1881 4905 2011 4960 lutei

426 4992 638 5062 generis
675 4993 1073 5061 conjunctione,
1117 5009 1238 5047 cum
1275 4993 1623 5063 spiritualiter
1670 5010 1778 5047 non
1825 5008 2010 5050 sumus

426 5084 739 5154 conjuncti?
775 5084 914 5154 quod
958 5085 1163 5139 lucrum
1211 5094 1438 5140 terrenae
1482 5084 1778 5149 affinitatis,
1804 5101 1923 5141 cum
1955 5087 2011 5141 in

425 5176 572 5230 etclis
619 5190 804 5230 sumus
850 5177 1123 5230 extranei?
1187 5176 1487 5231 Extraneus
1529 5176 1724 5245 quippe
1753 5186 1837 5230 est
1867 5184 2011 5231 cate-

425 5268 725 5322 chumenos
771 5269 932 5322 fideli.
963 5267 1143 5337 Neque
1172 5268 1313 5321 enim
1350 5267 1489 5322 idem
1518 5267 1691 5335 ipsum
1722 5277 1885 5335 caput
1910 5267 2009 5320 ha-

429 5356 542 5421 bet,
584 5373 688 5411 non
735 5359 983 5413 eumdem
1026 5366 1254 5427 patrem,
1284 5373 1388 5411 non
1425 5358 1669 5411 eamdem
1714 5358 2005 5423 civitatem,

430 5461 539 5501 non
564 5464 766 5511 escam,
800 5464 906 5504 non
938 5447 1323 5513 indumentum,
1364 5465 1470 5502 non
1494 5448 1865 5513 mensam,sed
1893 5464 2009 5502 om-

429 5537 517 5591 nia
549 5548 844 5607 segregata.
897 5538 1108 5593 Etenim
1138 5539 1262 5594 huic
1291 5542 1469 5593 omnia
1497 5540 1549 5594 in
1584 5550 1741 5604 terra,
1792 5539 1870 5593 illi
1896 5554 2009 5593 om-

430 5629 518 5706 nia
544 5628 597 5682 in
625 5630 757 5685 caelo
782 5648 797 5685 :
824 5630 949 5686 huic
981 5632 1228 5686 Christus
1255 5648 1350 5685 rex
1381 5640 1482 5697 est,
1528 5631 1603 5686 illi
1648 5640 1925 5702 peccatum
1956 5640 2010 5685 ct

437 5722 879 5781 diaboluszhuic
923 5724 1171 5782 Christus
1196 5725 1422 5792 deliciae,
1472 5724 1547 5782 illi
1585 5724 1878 5795 corruptio.
1927 5723 2008 5778 ln-

3593 297 3695 354 £52

2114 400 2423 456 dumentum
2462 418 2673 474 quoque
2703 403 2778 458 illi
2812 404 3070 460 vermium
3101 419 3261 475 opera
3284 447 3299 470 ,
3328 405 3452 463 huic
3476 410 3696 479 angelo-

2114 508 2231 547 rum
2262 494 2518 549 Dominus
2551 512 2565 549 :
2597 496 2788 551 civitas
2813 496 2937 551 huic
2963 497 3177 566 czelum,
3229 499 3305 553 illi
3352 510 3512 554 terra.
3560 500 3695 555 Cum

2114 602 2243 657 ergo
2273 588 2402 641 nihil
2429 603 2716 643 commune
2743 588 3053 654 habeamus,
3081 590 3134 644 in
3165 606 3287 661 quo,
3318 607 3523 661 quaeso,
3556 607 3695 647 com-

2114 679 2541 734 municabimus?
2595 678 2701 735 Sed
2751 680 2939 735 eodem
2992 690 3166 751 partu,
3207 697 3271 736 ex
3310 683 3497 737 eadem
3537 685 3694 737 vulva

2114 771 2424 843 prodimus?
2470 773 2665 827 Verum
2712 789 2887 843 neque
2924 775 3024 828 hoc
3067 775 3264 829 sufficit
3303 776 3369 829 ad
3409 778 3693 846 genuinam

2115 866 2510 935 cognationem.
2544 865 2865 921 Studeamus
2892 866 3069 937 igitur,
3106 877 3165 921 ut
3192 882 3437 937 supernae
3465 870 3696 925 civitatis

2115 958 2258 1012 cives
2301 958 2489 1012 simus.
2536 957 2823 1027 Quousque
2874 958 2925 1011 in
2982 958 3169 1012 exsilio
3221 974 3518 1023 manemus,
3573 975 3692 1014 cum

2115 1057 2386 1117 oporteret
2414 1059 2646 1103 veterem
2678 1058 2920 1118 repetere
2942 1050 3163 1118 patriam
3189 1050 3212 1102 ?
3249 1049 3430 1119 Neque
3459 1051 3598 1105 enim
3625 1052 3696 1106 de

2115 1157 2175 1197 re
2204 1143 2401 1197 nullius
2437 1143 2591 1213 pretii
2622 1143 2912 1213 periculum
2942 1153 3045 1198 est.
3079 1143 3185 1199 Sed
3210 1145 3253 1198 si
3284 1145 3509 1210 accidat,
3551 1145 3696 1211 quod

2118 1234 2259 1289 Deus
2301 1244 2528 1301 avertat,
2569 1237 2929 1306 inexspectata
2972 1247 3145 1291 morte
3176 1252 3279 1291 non
3310 1238 3543 1293 initiatos
3573 1239 3697 1293 hinc

2116 1326 2310 1395 abripi,
2352 1328 2511 1381 etiam
2558 1328 2603 1382 si
2645 1328 2789 1382 mille
2837 1327 2989 1381 bonis
3038 1328 3278 1384 instructi
3314 1330 3500 1393 simus,
3562 1330 3693 1385 nihil

2117 1418 2261 1472 aliud
2289 1433 2386 1474 nos
2418 1419 2671 1488 excipiet,
2702 1434 2862 1489 quam
2888 1419 3129 1489 gehenna
3156 1429 3211 1474 et
3237 1422 3434 1476 vermis
3466 1437 3691 1476 venena-

2118 1517 2226 1574 tus,
2258 1510 2392 1581 ignis
2422 1510 2889 1579 inexstinguibilis,
2923 1510 3129 1564 vincula
3148 1510 3692 1565 'insoluhiliaJ’erum

2117 1602 2256 1656 absit
2282 1611 2338 1656 ut
2364 1600 2627 1672 quispiam
2653 1602 2953 1657 auditorum
2995 1602 3312 1672 supplicium
3360 1603 3487 1657 iliud
3531 1620 3697 1673 expe-

2116 1696 2306 1749 riatur.
2336 1695 2488 1763 Quod
2536 1695 2836 1757 vitabimus,
2886 1696 2928 1749 si
2959 1695 3128 1749 sacris
3167 1696 3434 1766 mysteriis
3460 1696 3691 1766 dignati,

2116 1802 2337 1853 aurum,
2380 1798 2658 1857 argentum
2698 1800 2752 1842 et
2795 1786 2995 1856 lapides
3043 1788 3306 1856 pretiosos
3358 1804 3455 1857 pro
3504 1788 3691 1843 funda-

2115 1886 2299 1934 mento
2338 1894 2616 1949 ponamus.
2667 1878 2756 1934 Sic
2795 1880 2934 1933 enim
2968 1879 3257 1949 poterimus
3286 1880 3374 1933 illo
3399 1881 3690 1938 abeuntes.

2118 1970 2310 2025 divites
2340 1986 2621 2040 apparere,
2665 1970 2879 2040 quando
2920 1986 3026 2024 non
3076 1970 3162 2024 hic
3188 1971 3438 2039 pecunias
3468 1972 3694 2041 relique-

2117 2064 2307 2128 rimus,
2358 2063 2452 2118 sed
2495 2064 2559 2118 ad
2600 2072 2740 2117 tutos
2786 2063 2902 2116 illos
2943 2062 3222 2117 thesauros
3252 2063 3697 2118 transmiserimus

2120 2174 2215 2225 per
2241 2172 2429 2213 manus
2459 2172 2749 2226 pauperum
2775 2173 2790 2222 ;
2839 2157 3053 2226 quando
3080 2155 3293 2211 Christo
3320 2165 3557 2210 mutuum
3602 2156 3697 2211 de-

2118 2251 2377 2306 derimus.
2434 2250 2595 2304 Multa
2638 2249 2895 2304 debemus
2937 2249 3067 2315 illic,
3117 2263 3223 2302 non
3270 2250 3548 2318 pecunias,
3599 2248 3694 2303 sed

2118 2353 2356 2413 peccata.
2390 2342 2570 2396 Mutuo
2596 2341 2755 2412 igitur
2783 2342 2857 2395 illi
2891 2341 3142 2409 pecunias
3169 2339 3378 2405 demus,
3427 2350 3487 2394 ut
3529 2341 3696 2409 impe-

2120 2444 2320 2489 tremus
2346 2434 2716 2489 remissionem
2747 2444 3105 2503 peccatorum.
3152 2433 3267 2502 Ipse
3315 2434 3453 2487 enim
3483 2443 3566 2488 est
3604 2434 3694 2503 qui

2114 2529 2339 2599 jndicat.
2380 2528 2456 2583 Ne
2483 2527 2837 2597 despiciamus
2864 2527 3009 2580 illum
3039 2526 3123 2580 hic
3152 2526 3495 2591 esurientem,
3542 2536 3598 2579 ut
3642 2537 3696 2581 et

2119 2620 2234 2687 ipse
2273 2633 2372 2673 nos
2417 2618 2487 2672 ibi
2528 2618 2747 2672 nutriat.
2791 2617 2888 2671 llic
2933 2616 3213 2669 induamus
3250 2616 3444 2685 ipsum,
3490 2625 3547 2669 ιιι
3589 2632 3694 2670 non

2119 2709 2384 2778 relinquat
2410 2722 2509 2762 nos
2534 2706 2706 2761 nudos
2734 2706 3031 2776 patrocinio
3062 2721 3177 2761 suo.
3223 2705 3279 2760 Si
3303 2705 3391 2760 hic
3418 2706 3490 2758 illi
3515 2714 3695 2774 potum

2119 2801 2446 2866 dederimus,
2477 2814 2583 2854 non
2612 2799 2851 2855 dicemus
2870 2814 2992 2853 cum
3019 2798 3181 2853 divite
3214 2819 3226 2852 :
3258 2796 3403 2852 Mitte
3420 2798 3692 2863 Lazarum,

2119 2903 2175 2946 ut
2212 2893 2429 2963 intingat
2459 2901 2733 2946 extremum
2767 2890 2913 2959 digiti
2951 2890 3029 2943 sui
3070 2890 3122 2943 in
3152 2906 3300 2958 aqua,
3350 2898 3404 2942 ut
3442 2890 3697 2959 refrigere.

2120 2984 2349 3055 linguam
2375 2991 2600 3036 nostram
2644 2982 2880 3034 adustam
2928 2980 3075 3050 (Luc.
3111 2980 3196 3035 16.
3225 2979 3337 3048 24).
3384 2980 3440 3034 Si
3467 2979 3554 3033 hic
3575 2995 3697 3033 eum

2120 3077 2264 3131 domi
2307 3074 2651 3145 accipiamus,
2698 3074 2807 3129 illic
2831 3073 3025 3127 multas
3048 3072 3201 3127 nobis
3232 3072 3439 3142 parabit
3466 3074 3695 3127 mansio-

2121 3184 2236 3222 nes.
2282 3166 2338 3221 Si
2386 3166 2676 3219 invisamus
2709 3179 2829 3218 eum
2873 3163 2924 3216 in
2973 3176 3189 3216 carcere
3237 3161 3532 3227 detentum,
3586 3162 3700 3229 ipse

2120 3274 2330 3330 quoque
2361 3274 2459 3312 nos
2502 3274 2531 3311 a
2562 3257 2786 3311 vinculis
2826 3254 3092 3309 liberabit.
3146 3254 3199 3309 Si
3237 3255 3383 3308 illum
3436 3254 3697 3324 hospitem

2119 3350 2511 3419 exceperimus,
2536 3364 2640 3402 non
2666 3347 2923 3416 despiciet
2954 3361 3068 3411 nos,
3097 3347 3183 3416 qui
3216 3346 3475 3414 peregrini
3517 3356 3569 3400 et
3599 3347 3695 3400 ho-

2121 3442 2286 3512 spites
2312 3456 2497 3496 sumus
2526 3441 2579 3493 in
2622 3454 2791 3509 regno
2822 3438 3098 3503 c:rlorum,
3123 3437 3217 3491 sed
3243 3452 3486 3506 superna:
3509 3438 3697 3492 civita-

2120 3534 2189 3588 tis
2218 3541 2497 3587 consortes
2524 3530 2730 3586 reddet.
2790 3529 2842 3585 Si
2874 3529 3143 3591 infirmum
3194 3528 3344 3582 illum
3387 3529 3697 3595 invisamus,

2120 3625 2227 3679 cito
2267 3637 2366 3678 nos
2405 3622 2494 3677 ille
2522 3621 2771 3675 liberabit
2816 3619 2883 3673 ab
2931 3618 3331 3674 infirmitatibus
3370 3619 3587 3673 nostris.
3632 3619 3699 3673 Ut

2120 3729 2245 3784 ergo
2287 3713 2378 3782 qui
2419 3726 2609 3781 magna
2640 3725 2737 3780 pro
2780 3709 2958 3783 parvis
2996 3708 3149 3766 donis
3195 3709 3539 3782 accipiamus,
3589 3711 3699 3767 sal.

2121 3815 2227 3861 tein
2260 3803 2345 3860 illa
2375 3802 2563 3874 exigua
2591 3800 2797 3867 demus,
2844 3812 2902 3857 ut
2938 3803 3167 3857 maxima
3197 3818 3517 3857 mercemur.
3564 3803 3699 3857 Dum

2119 3898 2293 3952 adlmc
2336 3906 2543 3965 tempus
2582 3903 2685 3960 est,
2729 3895 3089 3960 seminemus,
3145 3902 3202 3948 ut
3240 3904 3522 3950 metamus.
3565 3895 3699 3950 Cum

2120 3991 2262 4045 enim
2293 3989 2465 4043 hiems
2489 3987 2788 4053 advenerit,
2820 4002 2941 4042 cum
2975 4002 3121 4041 mare
3166 4002 3274 4042 non
3306 3988 3442 4042 ultra
3484 3990 3699 4058 naviga-

2120 4082 2228 4137 bile
2274 4083 2394 4145 erit,
2454 4090 2580 4134 tunc
2627 4096 2733 4134 non
2781 4095 2943 4149 penes
2988 4093 3084 4133 nos
3114 4080 3215 4134 erit
3265 4079 3541 4149 negotiari.
3591 4080 3698 4135 Sed

2120 4173 2332 4243 quando
2368 4172 2471 4227 erit
2518 4172 2730 4225 hiems?
2778 4171 2909 4225 Cum
2952 4171 3229 4225 advenerit
3274 4170 3391 4225 dies
3439 4172 3526 4225 ille
3581 4188 3698 4225 ma-

2119 4281 2254 4335 gnus
2301 4274 2355 4318 et
2402 4264 2741 4331 conspicuus.
2792 4261 2943 4315 Tunc
2964 4263 3107 4316 enim
3139 4277 3243 4315 non
3275 4261 3375 4314 hoc
3409 4277 3555 4316 mare
3583 4278 3699 4315 ma-

2119 4374 2283 4428 gnum
2351 4365 2406 4411 et
2472 4356 2766 4426 spatiosum
2826 4354 3245 4424 navigabimus:
3287 4355 3419 4408 mari
3471 4369 3703 4425 namque

2119 4463 2357 4519 praesens
2383 4447 2488 4502 vita
2512 4447 2703 4501 similis
2741 4455 2843 4500 est.
2898 4445 3049 4500 Nunc
3086 4445 3296 4501 serendi
3342 4453 3552 4516 tempus
3594 4456 3697 4513 est,

2120 4552 2246 4598 tunc
2276 4540 2509 4596 metendi
2560 4549 2615 4593 et
2643 4539 2903 4593 lucrandi.
2935 4538 2989 4593 Si
3019 4539 3137 4609 quis
3166 4540 3422 4594 sementis
3454 4549 3695 4611 tempore

2119 4635 2323 4688 semina
2355 4648 2461 4687 non
2503 4632 2714 4701 jecerit,
2756 4631 2800 4685 si
2842 4638 3085 4699 tempore
3130 4631 3320 4685 messis
3359 4641 3505 4686 serat
3540 4631 3694 4686 inuti.

2119 4727 2263 4792 liter,
2305 4740 2434 4779 sane
2461 4721 2717 4777 ridiculus
2757 4721 2880 4775 erit.
2913 4720 2969 4774 Si
3002 4720 3213 4775 serendi
3244 4723 3313 4775 sit
3338 4731 3564 4791 tempus,
3591 4738 3699 4775 non

2115 4820 2225 4890 jam
2270 4816 2648 4888 colligendum,
2697 4815 2793 4869 sed
2840 4813 3124 4869 serendum
3172 4822 3275 4869 est.
3324 4814 3702 4884 Dispergamus

2119 4912 2281 4983 igitur
2324 4919 2382 4963 ut
2411 4908 2757 4978 colligamus;
2804 4921 2871 4961 ne
2908 4906 3018 4975 jam
3058 4905 3311 4975 colligere
3354 4914 3699 4974 satagamus,

2118 5020 2187 5060 ne
2213 5017 2442 5059 messem
2490 5000 2793 5071 perdamus.
2838 4998 2968 5053 Nam
3002 4998 3102 5053 hoc
3143 5007 3389 5068 tempus,
3442 5007 3500 5053 ut
3544 4998 3693 5065 dixi,

2119 5095 2189 5151 ad
2215 5092 2503 5150 serendum
2533 5102 2741 5155 evocat,
2789 5098 2846 5145 et
2886 5089 2951 5144 ad
2978 5090 3328 5160 erogandum,
3357 5105 3464 5144 non
3491 5090 3554 5143 ad
3583 5090 3697 5145 col-

2125 5185 2396 5256 ligendum
2427 5193 2481 5239 et
2506 5182 2922 5239 recondendum.
2951 5181 3027 5236 Ne
3049 5181 3227 5251 itaque
3247 5184 3698 5251 opportunitatem

2123 5277 2462 5340 amittamus,
2499 5275 2594 5330 sed
2647 5274 2876 5328 ubertim
2923 5288 3105 5327 semen
3149 5273 3430 5341 jaciamus,
3478 5287 3577 5326 nec
3620 5273 3697 5326 rei

2120 5367 2370 5422 familiari
2412 5366 2523 5419 ullo
2560 5365 2719 5419 modo
2764 5379 3068 5434 parcamus,
3119 5371 3176 5417 ut
3212 5378 3329 5417 eam
3356 5378 3477 5416 cum
3505 5378 3699 5432 magno

2117 5460 2439 5527 recipiamus
2466 5456 2691 5521 faenore,
2722 5457 2891 5526 gratia
2921 5464 2976 5510 et
3006 5454 3337 5524 benignitate
3367 5455 3575 5509 Domini
3611 5469 3699 5509 no-

2117 5550 2215 5606 stri
2253 5549 2379 5605 Jesu
2404 5546 2624 5612 Christi,
2654 5547 2865 5617 quicum
2888 5546 3028 5600 Patri
3057 5546 3247 5616 gloria,
3273 5561 3485 5618 unaque
3514 5545 3685 5616 Spirio

2118 5642 2191 5698 tui
2215 5648 2421 5709 sancto,
2450 5639 2503 5695 iu
2533 5638 2725 5696 saecula
2757 5637 3096 5695 szeculorum.
3128 5638 3320 5694 Amen.
