4094 6370
301 323 396 380 151

293 438 485 509 γάζου.
526 436 651 494 Ὅτι
691 438 802 512 γάρ
843 438 1115 506 ἀναγκαία
1161 436 1256 492 καὶ
1285 435 1661 507 ἀπαραίτητος
1711 435 1745 506 ή
1786 431 1882 486 τοῦ

295 523 486 588 ὓδατος
509 523 690 595 χρεία,
726 524 899 587 οὓτως
924 524 989 577 ἂν
1018 523 1229 594 μάθοις.
1274 521 1380 573 Τοῦ
1403 520 1722 592 Πνεύματός
1751 536 1882 573 ποτε

294 608 675 671 καταπτάντος
705 607 810 678 πρὸ
837 606 933 660 τοῦ
963 607 1170 670 ὕδατος,
1195 605 1296 658 οὐκ
1334 604 1465 675 έστη
1498 604 1692 674 μέχρις
1737 602 1883 656 ὲκεί-

293 710 384 746 νου
417 695 446 746 6
492 691 833 756 ’Δπόστολος,
871 691 1074 754 ἀλλ’ὡς
1105 689 1404 759 ἀναγκαίου
1435 689 1530 742 καὶ
1568 687 1756 742 τούτου
1787 687 1883 742 καὶ¹

293 778 352 830 οὐ
384 775 670 848 περισσοῦ,
708 776 812 846 δρα
841 774 893 827 τί
935 791 1102 846 φησι·
1135 773 1289 842 Μήτι
1329 772 1396 826 τὸ
1434 771 1592 840 ὕδωρ
1630 771 1884 825 δύναταί

293 875 384 925 τις
416 859 710 922 κωλῦσαι,
739 859 850 913 τοῦ
879 857 965 927 μὴ
988 857 1402 926 βαπτισθῆναι
1427 855 1700 920 τούτους,
1741 855 1883 908 οἵτιν-

292 959 393 1009 νες
418 941 488 996 τὸ
516 943 760 1011 Πνεῦμα
786 941 854 996 τὸ
880 941 1052 1012 ἅγιον
1072 942 1293 996 ἔλαϐον
1322 943 1402 1008 ὡς
1427 942 1522 996 καί
1551 941 1754 1010 ήμεῖς;
1785 940 1883 1006 Τίς

292 1021 388 1080 οὖν
410 1029 556 1080 ἐστιν
585 1028 619 1097 ἠ
643 1025 735 1078 τοῦ
765 1024 957 1087 ὓδατος
978 1025 1166 1096 χρεία;
1193 1026 1304 1079 Καὶ
1328 1025 1530 1096 ταύτην
1567 1026 1666 1098 ’ήδη
1697 1025 1881 1080 λοιπὸν

293 1111 424 1183 ἐρῶ,
453 1111 516 1164 τό
535 1111 840 1182 μυστήριον
867 1109 1222 1163 ἐκκαλύπτων
1242 1123 1269 1151 ιι
1295 1111 1423 1181 ὑμῖν
1437 1109 1499 1163 τὸ
1526 1110 1882 1181 ἀποκεκρυμ-

296 1195 479 1266 μένον.
513 1195 635 1250 Εἰσὶ
666 1195 764 1264 μὲν
780 1193 890 1265 γάρ
912 1211 1055 1257 τινες
1084 1195 1177 1247 καὶ
1203 1194 1378 1266 ἕτεροι
1403 1192 1706 1265 ἀπόρρητοι
1734 1193 1881 1262 λόγοι

291 1280 387 1334 τοῦ
429 1279 776 1348 πράγματος,
820 1279 958 1342 τέως
998 1277 1054 1331 δὲ
1083 1279 1148 1332 ὲκ
1197 1278 1308 1331 τῶν
1348 1277 1560 1331 πολλῶν
1602 1278 1732 1346 ὑμῖν
1770 1275 1883 1345 ἐγὼ

291 1365 393 1420 ἕνα
418 1364 548 1436 ὲρῶ.
577 1363 675 1426 Τίς
699 1360 792 1416 οὖν
818 1357 972 1425 οὗτός
997 1365 1110 1416 ἐστι
1137 1381 1151 1430 ;
1198 1363 1328 1417 Θεῖα
1365 1363 1599 1417 τελεῖται
1636 1362 1694 1414 ὲν
1733 1359 1884 1431 αὐτῷ

294 1448 562 1519 σύμϐολα,
578 1447 749 1517 τάφος
774 1447 867 1500 καὶ
886 1447 1172 1518 νέκρωσις,
1196 1449 1291 1502 καὶ
1310 1449 1607 1511 ἀνάστασις
1623 1446 1718 1501 καὶ
1741 1445 1880 1517 ζωὴ,

292 1534 390 1587 καὶ
412 1531 586 1585 ταῦτα
615 1529 749 1602 ὁμοῦ
779 1531 985 1600 γίνεται
1014 1531 1210 1586 πάντα.
1241 1532 1506 1604 Καθάπερ
1533 1530 1662 1604 γὰρ,
1690 1530 1747 1584 έν
1776 1548 1881 1585 τινι

290 1617 468 1688 τάφῳ,
497 1616 576 1687 τῷ
609 1616 762 1671 ὐδατι
807 1616 1178 1671 καταδυόντων
1220 1616 1378 1687 ήμῶν
1420 1618 1519 1681 τὰς
1563 1621 1826 1690 κεφαλὰς,
1853 1620 1882 1673 ό

292 1701 525 1764 παλαιὸς
547 1701 830 1772 ἄνθρωπος
857 1701 1140 1764 θάπτεται,
1163 1701 1277 1766 καὶ,
1302 1700 1537 1766 καταδὺς
1567 1703 1738 1770 κάτω,
1761 1705 1891 1778 κρύ.

290 1801 488 1838 πτεται
525 1784 646 1849 ὅλος
688 1783 975 1849 καθάπαξ·
1013 1780 1130 1836 εἶτα
1175 1785 1544 1838 ἀνανευόντων
1574 1786 1602 1826 λι
1627 1788 1808 1858 ήμῶν,
1859 1793 1888 1845 6

291 1868 480 1931 καινὸς
535 1870 708 1922 ἄνεισι
767 1869 949 1923 πάλιν.
1019 1868 1230 1940 Ὠσπερ
1298 1868 1407 1942 γάρ
1476 1869 1697 1926 εὔκολον
1755 1877 1886 1946 ἡμῖν

293 1952 666 2024 βαπτίσασθαι
703 1954 799 2008 καὶ
841 1952 1154 2017 ἀνανεῦσαι,
1191 1951 1363 2018 οὕτως
1401 1952 1622 2010 εὔκολον
1655 1956 1733 2028 τῷ
1766 1959 1886 2032 Θεῷ

293 2036 464 2106 θάψαι
484 2036 576 2089 τὸν
603 2036 888 2106 ἄνθρωπον
919 2037 1010 2090 τὸν
1042 2037 1290 2100 παλαιὸν,
1337 2039 1433 2092 καὶ
1479 2037 1754 2106 ἀναδεῖξαι
1792 2043 1884 2097 τὸν

291 2121 434 2176 νέον.
462 2121 660 2194 Τρίτον
679 2121 736 2174 δὲ
755 2120 914 2174 τοῦτο
940 2121 1172 2190 γίνεται,
1199 2121 1286 2175 ἴνα
1319 2122 1519 2196 μάθῃς,
1550 2126 1632 2178 ὅτι
1656 2125 1885 2198 δύναμις

291 2200 508 2277 Πατρὸς
547 2207 642 2259 καὶ
663 2204 795 2258 Υίοῦ
825 2207 919 2258 καὶ
940 2206 1078 2259 Πνεύ
1089 2223 1256 2276 ματος
1282 2207 1439 2274 ἁγίου
1469 2208 1683 2263 ἅπαντα
1710 2213 1884 2267 ταῦτα

292 2290 514 2360 πληροῖ.
555 2290 667 2343 Καὶ
698 2290 781 2342 ὅτι
809 2293 872 2343 οὐ
911 2291 1216 2362 στοχασμὸς
1252 2291 1314 2344 τὸ
1357 2293 1668 2362 εἰρημένον,
1718 2295 1884 2348 ἀκου-

291 2391 386 2426 σον
415 2373 632 2427 Παύλου
656 2373 907 2442 λέγοντος
944 2393 958 2407 ·
989 2374 1421 2446 Συνετάςρημεν
1445 2377 1605 2444 αὐτῷ
1645 2379 1742 2435 διὰ
1776 2381 1882 2436 τοῦ

283 2458 713 2526 βαπτίσματος
741 2460 830 2522 είς
865 2457 974 2512 τὸν
995 2457 1256 2512 θάνατον
1275 2477 1288 2490 ·
1327 2462 1422 2515 καὶ
1452 2461 1636 2526 πάλιν,
1686 2463 1739 2516 '0
1775 2481 1885 2518 πα-

287 2541 461 2606 λαιὸς
484 2540 654 2610 ἡμῶν
686 2541 995 2609 ἅνθρωπος
1022 2544 1515 2614 συνεσταυρώθη·
1559 2547 1654 2600 καὶ
1700 2547 1879 2613 πάλιν,

287 2629 597 2697 Σύμςρυτοι
645 2626 975 2697 γεγόναμεν
1004 2626 1086 2692 τῷ
1120 2628 1436 2698 ὁμοιώματι
1475 2631 1582 2684 τοῦ
1625 2633 1882 2689 θανάτου

286 2711 496 2764 αὐτοῦ.
522 2710 598 2764 Οὐ
639 2711 800 2782 μόνον
837 2710 895 2764 δὲ
931 2711 992 2764 τὸ
1031 2711 1314 2782 βάπτισμα
1359 2713 1594 2784 σταυρὸς
1639 2714 1878 2784 λέγεται,
1909 2748 1926 2758 -

1904 2843 1908 2850 η
1954 2786 2154 2864 χμένῃ.
2198 2787 2323 2840 Ἐἀν
2355 2786 2589 2840 ἐνταῦθα
2615 2789 2692 2850 είς
2723 2788 2821 2852 τάς
2839 2788 3017 2852 οἰκίας
3046 2789 3204 2859 ἡμῶν
3217 2791 3379 2843 αὐτὸν
3405 2790 3570 2854 δεξώ-

286 2794 424 2848 am
456 2797 554 2848 καὶ
583 2796 612 2847 6
640 2795 872 2866 σταυρὸς
919 2795 1226 2866 βάπτισμα.
1255 2795 1329 2849 Τὸ
1366 2796 1476 2868 γάρ
1518 2797 1822 2869 βάπτισμα,
1853 2801 1880 2850 ὃ

286 2879 400 2947 ἐγὼ
436 2879 798 2950 βαπτίζομαι,
831 2879 984 2949 φησὶ,
1033 2879 1473 2951 βαπτισθήσεσθε
1494 2896 1508 2909 ⁶
1555 2881 1651 2935 καὶ
1676 2882 1838 2936 πάλιν
1861 2924 1876 2947 ,

286 2963 608 3033 Βάπτισμα
637 2964 757 3033 ἔχω
778 2961 1213 3030 βαπτισθῆναι,
1245 2963 1276 3018 6
1311 2965 1482 3034 ὑμεῖς
1517 2968 1629 3020 οὐκ
1657 2967 1876 3022 οἴδατε.

286 3047 557 3118 Καθάπερ
587 3047 698 3118 γάρ
743 3049 901 3118 ἡμεῖς
939 3047 1177 3110 εὐκόλως
1221 3047 1595 3118 βαπτιζόμεθα
1625 3051 1718 3102 καὶ⁵
1753 3051 1881 3104 ἀνα-

286 3131 516 3202 νεύομεν
536 3147 551 3162 ο
579 3130 721 3185 οὐτω
743 3133 836 3184 καὶ
867 3131 1030 3193 αὐτὸς
1048 3131 1285 3195 εὐκόλως
1314 3131 1620 3198 ἀποθανὼν,
1653 3133 1740 3187 ὅτε
1762 3134 1882 3204 ἠθέ-

283 3214 470 3286 λησεν,
491 3215 724 3286 ἀνέστη·
762 3216 962 3286 μᾶλλον
992 3217 1049 3269 δὲ
1081 3216 1176 3269 καὶ
1199 3215 1378 3287 πολλῷ
1409 3219 1557 3288 ῥᾷον,
1588 3219 1635 3271 εί
1661 3224 1755 3271 καὶ¹
1779 3221 1879 3284 τὰς

280 3303 434 3372 τρεῖς
453 3299 670 3370 ἡμέρας
694 3299 780 3352 διά
804 3299 1102 3369 μυστηρίου
1123 3298 1267 3362 τινὸς
1295 3299 1603 3370 οἰκονομίαν
1625 3300 1874 3372 ἀνέμενε.

358 3389 427 3451 γ’.
459 3381 808 3452 Τηλικούτων
833 3377 924 3435 οὖν
949 3382 1262 3454 μυστηρίων
1279 3381 1733 3448 καταξιωθέντες,
1763 3386 1877 3457 βίον

282 3464 689 3535 ὲπιδειξώμεθα
716 3464 865 3530 ἀξιον
909 3468 1008 3536 τῆς
1050 3465 1281 3537 δωρεᾶς,
1319 3467 1594 3521 πολιτείαν
1621 3469 1871 3541 ἀρίστην.
1946 3514 1949 3516 -

283 3553 351 3603 υἱ
373 3550 430 3603 δὲ
462 3550 688 3621 μηδέπω
709 3549 914 3603 τούτων
931 3551 1376 3618 καταξιωθέντες,
1401 3553 1579 3608 πάντα
1607 3554 1874 3626 πράττετε
1921 3589 1925 3594 -

282 3633 429 3686 ὥστε
457 3633 880 3704 καταξιωθῆναι,
909 3635 995 3688 ἵνα
1013 3634 1301 3707 γενώμεθα
1321 3636 1480 3708 σῶμα
1507 3637 1584 3704 ἓν,
1613 3639 1697 3692 ἵνα
1723 3633 1875 3710 ὦμεν

280 3717 524 3788 ἀδελφοί.
566 3716 713 3782 Ἕως
740 3719 839 3789 μὲν
867 3719 974 3790 γὰρ
1015 3719 1081 3772 ἂν
1113 3722 1253 3774 κατά
1284 3723 1442 3776 τοῦτο
1478 3723 1872 3795 διεστήκωμεν,

281 3802 392 3856 κᾶν
418 3803 599 3873 πατήρ
635 3820 719 3865 τις
750 3799 805 3876 ᾗ,
838 3805 940 3856 κᾶν
976 3804 1224 3873 ἀδελφὸς,
1265 3806 1368 3860 κᾶν
1407 3807 1658 3862 ὁστισοῦν
1697 3807 1871 3881 [147],

279 3885 500 3938 οὐδέπω
533 3887 800 3957 συγγενής
824 3888 936 3940 ἐστι
959 3889 1197 3957 γνήσιος,
1212 3889 1311 3960 τῆς
1330 3891 1536 3946 ἄνωθεν
1554 3893 1875 3962 συγγενείας

278 3968 704 4039 διεσπασμένος.
726 3970 792 4022 Τί
814 3971 924 4042 γάρ
950 3971 1141 4041 ὄφελος
1167 3973 1274 4026 ἀπὸ
1308 3974 1402 4026 τοῦ
1432 3975 1654 4046 πηλίνου
1685 3977 1876 4046 γένους

282 4054 578 4124 συνῆφθαι,
605 4055 732 4108 ὅταν
758 4056 864 4110 ἀπὸ
899 4057 992 4110 τοῦ
1027 4059 1400 4129 πνευματικοῦ
1434 4060 1508 4131 μὴ
1539 4063 1875 4132 συνημμένοι

277 4133 478 4210 ὧμεν;
515 4143 668 4193 ποῖον
705 4141 764 4194 δὲ
814 4141 1004 4213 κέρδος
1053 4144 1154 4214 τῆς
1205 4145 1262 4197 ὲν
1300 4147 1367 4218 τῇ
1414 4148 1485 4216 γῇ
1534 4148 1872 4217 ἀγχιστείας,

276 4226 414 4277 ὅταν
438 4225 498 4277 ἐν
519 4228 630 4288 τοῖς
661 4225 908 4297 οὐρανοῖς
926 4227 1196 4298 ἀλλότριοι
1217 4223 1368 4300 ὦμεν
1388 4246 1404 4294 ;
1441 4231 1742 4304 Ἀλλότριος
1764 4234 1872 4306 γάρ

277 4309 311 4361 6
346 4309 755 4379 κατηχούμενος
777 4310 869 4363 τοῦ
898 4311 1113 4366 πιστοῦ.
1143 4315 1216 4366 Οὐ
1245 4313 1354 4384 γὰρ
1379 4314 1490 4384 ἔχει
1510 4317 1751 4386 κεφαλὴν
1772 4319 1872 4389 τὴν

279 4391 485 4464 αὐτὴν,
535 4393 636 4447 οὐκ
686 4393 800 4465 ἔχει
846 4395 1058 4466 πατέρα
1098 4396 1191 4449 τὸν
1221 4397 1404 4460 αὐτὸν,
1448 4401 1550 4452 οὐκ
1576 4400 1686 4470 ἔχει
1719 4402 1871 4456 πόλιν

278 4478 386 4548 τὴν
417 4477 608 4548 αὐτὴν,
631 4478 693 4531 οὐ
719 4479 946 4550 τροφὴν,
973 4481 1073 4533 οὐκ
1093 4481 1318 4550 ἔνδυμα,
1356 4483 1418 4535 οὐ
1441 4483 1741 4556 τράπεζαν,
1770 4487 1872 4541 οὐκ

280 4561 486 4625 οἰκίαν,
515 4561 653 4615 ἀλλά
682 4563 858 4617 πάντα
881 4563 1280 4634 ἐξηλλαγμένα.
1314 4568 1423 4620 Καὶ
1439 4568 1550 4638 γὰρ
1580 4567 1755 4622 πάντα
1778 4571 1872 4624 ἐπὶ

280 4644 391 4715 γῆς
404 4645 604 4717 τούτῳ,
633 4645 701 4699 τά
736 4645 913 4699 πάντα
935 4651 993 4700 ὲν
1024 4647 1272 4718 οὐρανοῖς
1298 4650 1492 4722 ἐκείνῳ
1520 4663 1542 4691 ο
1571 4669 1585 4682 ·
1618 4652 1871 4722 βασιλεὺς

278 4728 460 4800 τούτῳ
483 4733 512 4784 6
538 4729 792 4801 Χριστὸς,
836 4730 1028 4802 ἐκείνῳ
1070 4731 1127 4783 δὲ
1165 4733 1197 4803 ἡ
1231 4733 1477 4804 ἁμαρτία
1507 4735 1601 4790 καὶ
1639 4740 1667 4790 6
1693 4737 1871 4792 διάϐο-

281 4813 376 4877 λος
395 4831 410 4844 ·
438 4813 621 4886 τρυφὴ
651 4815 826 4884 τούτῳ
858 4815 954 4884 μὲν
977 4818 1004 4868 6
1032 4817 1285 4887 Χριστὸς,
1323 4819 1516 4890 ἐκείνῳ
1550 4820 1607 4873 δὲ
1630 4823 1662 4892 ή
1699 4839 1870 4894 σηπο-

285 4897 421 4969 μένη
453 4898 547 4951 καὶ
578 4896 930 4970 φθειρομένη.
964 4899 1074 4951 Καὶ
1101 4899 1304 4971 ἔνδυμα
1343 4903 1526 4968 πάλιν,
1561 4905 1735 4978 τούτῳ
1770 4909 1868 4978 μὲν

279 4981 351 5034 τά
372 4980 552 5052 σητῶν
583 4981 740 5052 ἔργα,
775 4982 968 5052 ἐκείνῳ
991 4983 1047 5035 δὲ
1075 4984 1102 5035 ὁ
1127 4983 1234 5036 τῶν
1278 4987 1525 5056 ἀγγέλων
1561 4991 1864 5061 Δεσπότης·

279 5065 437 5129 πόλις
463 5064 641 5137 τούτῳ
682 5065 782 5136 μὲν
820 5067 850 5118 6
883 5067 1128 5137 οὐρανὸς,
1159 5069 1352 5142 ἐκείνῳ
1379 5072 1436 5125 δὲ
1472 5075 1505 5144 ὴ
1555 5075 1648 5145 γῆ.
1699 5078 1866 5131 Ὅταν

275 5145 374 5203 οὖν
425 5151 595 5222 μηδὲν
640 5149 858 5222 ἔχωμεν
908 5151 1117 5217 κοινὸν,
1159 5154 1302 5208 κατά
1344 5157 1398 5209 τί
1440 5162 1864 5234 κοινωνήσομεν,

341 5317 369 5346 ³
409 5315 565 5366 Savil.
607 5317 720 5377 ὑμῖν
757 5315 1064 5365 ἐκκαλύπτων
1101 5336 1149 5368 κ.
1192 5337 1237 5368 τ.
1273 5321 1317 5371 λ.
1359 5322 1530 5374 Morel.
1559 5324 1867 5378 ἐκκαλύπτων

272 5378 385 5438 ὑμῖν
402 5381 476 5446 ’ὡς
500 5378 682 5446 ἔνεστιν
705 5378 898 5446 ἀνωθεν.
965 5380 992 5419 1)
1013 5380 1168 5446 ASavilA.
1193 5383 1415 5434 θάπτεται
1437 5389 1588 5446 κάτω,
1614 5391 1695 5438 καὶ
1717 5409 1868 5441 κατα--

269 5442 543 5512 for-ﬂata!
568 5441 632 5512 είς
664 5440 798 5512 τέλος
823 5441 1109 5512 ἄπαςοεῖτρι,
1141 5443 1272 5494 ἀναν.
1303 5440 1860 5512 ΜοτᾲεΙΙὶυῐηέθαυίῐηυγῐ.

274 5503 304 5532 ⁸
334 5502 448 5549 Hac
466 5502 695 5572 felaljva,
716 5502 873 5572 τρύτῳ
895 5513 950 5553 el.
972 5505 1156 5566 ἐκείνῳ,
1201 5519 1337 5572 nunc
1355 5510 1414 5557 ad
1434 5513 1621 5572 πιστόν,
1648 5502 1777 5565 ἠυηο
1795 5502 1862 5567 ίεὰ

272 5563 635 5634 Ξατηχούμενρν
662 5563 986 5634 Ατεῐετιιςῃιυτ,
1017 5563 1185 5634 contra
1215 5571 1419 5634 rigigaln
1447 5563 1620 5634 rlegeni
1662 5563 1860 5634 limina;

271 5624 460 5674 Verum
496 5625 547 5691 id
568 5625 792 5691 forcgsse
822 5627 1128 5691 librariorum
1166 5624 1368 5680 incu'rize
1399 5624 1863 5691 adsﬁibalurfﬁng

270 5699 365 5757 prQ
385 5687 536 5757 τρςυφή
564 5687 718 5757 εενιι.
746 5693 801 5757 e__c
821 5690 1108 5757 codd._705,_
1126 5691 1218 5740 706
1245 5695 1412 5757 τροφή.
1440 5695 1566 5745 Infra
1595 5711 1661 5747 ex
1687 5687 1862 5754 iisdé'rii

268 5751 629 5860 :ﬁtugmanle
661 5751 903 5813 ἀγγέλων,
941 5752 1134 5817 οὐρανός
1174 5759 1228 5805 ει
1256 5751 1599 5820 ἀκριϐεστάτην
1639 5751 1863 5818 accessé:

523 5825 571 5860 τ.

267 5819 406 5860 ηυι.
433 5819 571 5860 Ευιτ.

1234 317 1302 374 ιΝ
1343 317 1664 375 JOANNEM
1705 312 1944 373 IIOMIL.
1985 313 2153 370 XXV.
2219 319 2291 374 al.
2333 315 2525 374 XXIV.

3474 324 3580 379 152

1991 433 2112 486 είπέ
2143 451 2267 504 μοις
2317 435 2479 489 Ἀλλά
2509 433 2608 499 τὰς
2635 434 2805 500 αὐτὰς
2835 435 3106 508 ἐλύσαμεν
3144 439 3359 504 ὠδῖνας,
3393 444 3487 495 καὶ
3517 445 3582 498 ὲκ

1994 519 2122 588 μιᾶς
2151 519 2494 590 προήλθομεν
2529 521 2798 590 γαστρός;
2858 521 2998 574 Ἀλλ’
3049 523 3202 576 οὐδὲν
3242 524 3402 578 τοῦτο
3446 527 3584 598 πρὸς

1993 603 2316 672 συγγένειαν
2353 604 2452 675 τὴν
2491 604 2912 676 ἀκριϐεστάτην.
2951 606 3350 678 Σπουδάσωμεν
3405 609 3584 663 τοίνυν

1989 684 2090 755 τῆς
2129 687 2243 740 ἄνω
2273 687 2480 751 πόλεως
2517 687 2768 754 γενέσθαι
2799 688 3036 743 πολῖται.
3098 692 3276 761 Μέχρι
3315 692 3458 756 τίνος
3489 695 3584 747 ἐπὶ

1989 770 2088 840 τῆς
2122 771 2417 845 ὑπερορίας
2459 772 2725 842 μένομεν;
2769 773 2887 826 δέον
2921 774 3022 846 τὴν
3061 775 3296 847 ἀρχαίαν
3348 778 3585 850 πατρίδα

1989 853 2285 908 ἀπολαϐεῖν
2305 871 2319 884 ·
2360 855 2496 909 Οὐδὲ
2517 856 2627 926 γάρ
2657 857 2786 927 περὶ
2813 857 2922 911 τῶν
2948 858 3221 928 τυχόντων
3246 861 3274 911 6
3313 859 3581 923 κίνδυνος.

2004 937 2143 991 Ἀλλ’
2196 941 2245 993 εί
2278 940 2507 1008 γένοιτο,
2561 940 2590 992 ὂ
2633 941 2706 1011 μὴ
2737 941 2969 1009 γένοιτο,
3021 943 3430 1015 ἀπροσδοκήτου
3485 942 3584 1017 τῆς

1988 1022 2246 1094 τελευτῆς
2285 1022 2639 1094 ἐπελθούσης,
2683 1025 2964 1096 ἀμυήτους
3005 1026 3253 1080 ἐντεῦθεν
3288 1029 3580 1094 ⁸άπελθείν,

1989 1104 2095 1158 κᾶν
2127 1105 2296 1178 μυρία
2330 1107 2545 1178 ἔχωμεν
2577 1107 2782 1175 ἀγαθά,
2822 1109 2972 1162 οὐδὲν
3014 1111 3160 1179 ἡμᾶς
3193 1111 3376 1182 ἕτερον
3405 1113 3581 1165 διαδέ-

1990 1187 2205 1256 ξεταιά,
2241 1190 2274 1261 ἢ
2310 1191 2503 1259 γέεννα
2533 1191 2628 1243 καὶ
2658 1191 2874 1262 σκώληξ
2909 1191 3130 1257 ίοϐόλος,
3163 1195 3253 1247 καὶ
3281 1195 3390 1266 πῦρ
3418 1197 3581 1251 ἄσϐε-

1990 1288 2135 1335 στον,
2169 1274 2265 1327 καὶ
2303 1273 2480 1344 δεσμά
2527 1275 2718 1328 ἄλυτα.
2781 1273 2943 1328 Ἀλλά
2977 1275 3050 1346 μὴ
3078 1277 3285 1345 γένοιτό
3327 1295 3446 1331 τινα
3473 1277 3581 1332 τῶν

1986 1357 2163 1410 ταῦτα
2190 1358 2497 1413 ἀκουόντων
2526 1359 2743 1430 ὲκείνης
2785 1360 3111 1431 πειραθῆναι
3151 1361 3249 1432 τῆς
3281 1363 3577 1426 κολάσεως.

1989 1441 2159 1495 Τοῦτο
2188 1443 2246 1496 δὲ
2274 1442 2448 1505 ἔσται,
2474 1443 2540 1497 ἂν
2568 1443 2676 1497 τῶν
2711 1445 2883 1514 ἁγίων
2908 1447 3337 1512 καταξιωθέντες
3374 1466 3582 1521 μυστη-

1993 1528 2142 1600 ρίων,
2175 1529 2375 1601 χρυσὸν
2404 1531 2499 1583 καὶ
2527 1530 2766 1602 ἄργυρον
2800 1533 2895 1585 καὶ
2925 1533 3105 1597 λίθους
3127 1533 3342 1604 τιμίους
3378 1536 3580 1589 οἰκοδο-

1993 1612 2253 1682 μήσωμεν
2294 1613 2388 1666 ἐπὶ
2428 1614 2520 1666 τὸν
2563 1614 2831 1684 θεμέλιον.
2869 1614 3026 1669 Οὐτω
3075 1615 3185 1686 γὰρ
3237 1617 3580 1688 δυνησόμεθα

1991 1697 2314 1760 ἀπελθόντες
2348 1700 2464 1750 ἐκεῖ
2494 1698 2732 1768 φανῆναι
2778 1699 3046 1763 πλούσιοι,
3080 1701 3208 1754 ὅταν
3241 1701 3315 1772 μὴ
3346 1701 3579 1756 ἐνταῦθα

1989 1781 2247 1852 χρήματα
2283 1780 2723 1850 καταλείψωμεν,
2763 1782 2900 1836 ἀλλά
2943 1783 3399 1854 μετακομίσωμεν
3442 1785 3578 1856 πρὸς

1986 1864 2114 1929 τοὺς
2151 1863 2382 1929 ἀσύλους
2419 1864 2726 1936 θησαυροὺς
2774 1865 2862 1920 διὰ
2889 1867 2996 1921 τῶν
3027 1867 3225 1938 χειρῶν
3261 1868 3370 1922 τῶν
3407 1871 3578 1941 πενή-

1986 1965 2116 2002 των·
2147 1949 2274 2002 ὄταν
2314 1949 2649 2020 δανείσωμεν
2683 1948 2759 2020 τῷ
2790 1948 3033 2022 Χριστῷ.
3078 1951 3256 2005 Πολλά
3287 1951 3576 2023 ὀφείλομεν

1987 2031 2125 2095 ἐκεῖ,
2182 2033 2244 2086 οὐ
2294 2033 2572 2103 χρήματα,
2610 2031 2726 2086 ἀλλ’
2773 2034 3167 2105 ἁμαρτήματα.
3229 2035 3577 2106 Δανείσωμεν

1985 2118 2165 2170 τοίνυν
2203 2116 2352 2186 αὐτῷ
2378 2119 2633 2187 χρήματα
2661 2133 2674 2147 ·
2726 2117 2813 2171 ἵνα
2865 2117 3120 2188 λάϐωμεν
3161 2119 3576 2190 ἁμαρτημάτων

1989 2198 2364 2272 συγχώρησιν·
2396 2201 2556 2263 αὐτὸς
2591 2201 2700 2272 γάρ
2745 2203 2890 2255 ἐστιν
2930 2205 2958 2256 6
2984 2203 3238 2266 δικάζων.
3287 2203 3379 2268 Μὴ
3415 2221 3575 2274 περι-

1992 2284 2189 2355 ίδωμεν
2228 2284 2390 2338 αὐτὸν
2429 2284 2664 2338 ἐνταῦθα
2710 2285 3001 2351 πεινῶντα,
3036 2287 3122 2340 ἵνα
3151 2288 3244 2339 καὶ
3277 2287 3436 2350 αὐτὸς
3462 2290 3578 2342 ἐκεῖ

1987 2369 2135 2439 ἡμᾶς
2156 2368 2444 2439 διαθρέψῃ.
2501 2369 2770 2423 Ἐνταῦθα
2810 2370 3122 2440 ὲνδύσωμεν
3151 2371 3333 2436 αὐτὸν,
3373 2371 3460 2424 ἵνα
3498 2372 3574 2444 μὴ

1983 2453 2096 2523 ἀφῇ
2129 2453 2276 2523 ἡμᾶς
2305 2453 2546 2523 γυμνοὺς
2582 2455 2682 2523 τῆς
2723 2453 3023 2522 ἀσφαλείας
3059 2453 3156 2524 τῆς
3201 2455 3332 2525 παρ’
3382 2454 3570 2508 αὐτοῦ.

1997 2536 2124 2592 Ἐἀν
2150 2536 2386 2591 ἐνταῦθα
2425 2536 2587 2588 αὐτὸν
2637 2536 2970 2607 ποτίσωμεν,
3015 2538 3117 2590 οὐκ
3157 2538 3390 2610 ἐροῦμεν
3431 2540 3576 2594 κατά

1981 2620 2074 2674 τὸν
2103 2620 2382 2684 πλούσιον,
2416 2619 2667 2689 Πέμψον
2706 2619 2994 2689 Λάζαρον,
3039 2623 3139 2676 ἵνα
3169 2622 3328 2690 ἄκρῳ
3359 2622 3439 2688 τῷ
3469 2623 3574 2677 διι-

1981 2705 2181 2769 κτύλῳ
2203 2703 2503 2770 ἐπιστάξῃ
2544 2702 2620 2772 τῇ
2653 2703 2904 2774 γλώσσῃ
2950 2705 3121 2774 ἡμῶν
3158 2704 3574 2775 ἀποτηγανιζο-

1985 2868 2125 2939 μεθα
2159 2881 2204 2934 ο,
2229 2873 2347 2924 ὲκεῖ
2371 2870 2573 2934 πολλὰς
2613 2872 3028 2940 παρασκευάσει
3059 2873 3222 2942 μονάς
3250 2875 3402 2944 ἡμῖν.
3445 2874 3574 2927 Ἐὰν

1983 2952 2310 3023 ἀπέλθωμεν
2339 2953 2476 3024 πρὸς
2506 2953 2670 3006 αὐτὸν
2710 2956 2768 3006 ὲν
2808 2955 3023 3026 φυλακῇ
3073 2956 3224 3019 ὄντα,
3268 2957 3362 3008 καὶ
3409 2958 3572 3021 αὐτὸς

1983 3037 2130 3107 ἡμᾶς
2155 3035 2457 3101 ἀπαλλάξει
2484 3037 2592 3088 τῶν
2624 3037 2856 3106 δεσμῶν.
2908 3037 3034 3091 Ἐάν
3077 3038 3224 3103 ξένον
3261 3039 3390 3092 ὄντα
3447 3057 3570 3093 συν-

1981 3120 2302 3190 αγάγωμεν,
2330 3121 2391 3172 οὐ
2427 3119 2748 3189 περιόψεται
2771 3119 2953 3185 ξένους
2985 3124 3134 3191 ἡμᾶς
3153 3121 3312 3185 ὄντας
3336 3123 3436 3191 τῆς
3470 3123 3569 3192 βασ-

1983 3202 2187 3265 σιλείας
2219 3202 2326 3256 τῶν
2353 3201 2618 3274 οὐρανῶν,
2647 3203 2784 3256 ἀλλά
2821 3203 3121 3274 μεταδώσει
3158 3207 3290 3274 ἡμῖν
3332 3206 3433 3276 τῆς
3465 3207 3568 3260 πό-

1979 3285 2115 3350 λεως
2171 3287 2270 3357 τῆς
2314 3287 2446 3340 ἀνω.
2512 3285 2636 3339 Ἐἀν
2687 3287 2887 3358 ἀσθενῆ
2937 3287 3066 3340 ὄντα
3115 3289 3568 3360 ἐπισκεψώμεθα,

1977 3371 2189 3442 ταχέως
2218 3369 2575 3440 ἐλευθερώσει
2612 3371 2760 3441 ἡμᾶς
2803 3373 2899 3424 καὶι
2943 3372 3106 3434 αὐτὸς
3137 3372 3246 3424 τῶν
3271 3372 3567 3427 ἀσθενειῶν

1977 3455 2157 3526 ήμῶν.
2194 3456 2278 3518 Ὠς
2304 3451 2398 3508 οὖν
2429 3453 2640 3525 μεγάλα
2670 3454 3041 3523 λαμϐάνοντες
3069 3455 3163 3508 καὶ
3194 3455 3367 3525 μικρά
3398 3457 3566 3510 διδόνο

1977 3555 2091 3603 τες,
2114 3537 2216 3592 κᾶν
2243 3538 2312 3592 τὰ
2349 3539 2521 3608 μικρά
2550 3537 2728 3608 δῶμεν
2761 3536 2932 3610 [ιιεμ
2973 3539 3059 3591 ἴνα
3094 3539 3566 3611 ὲμπορευσώμεθα

1975 3623 2046 3678 τὰ
2074 3620 2304 3692 μεγάλα.
2353 3623 2441 3685 Ὠς
2465 3622 2545 3673 ἐτι
2585 3621 2794 3690 καιρὸς,
2833 3623 3165 3694 σπείρωμεν,
3206 3624 3292 3676 ἵνα
3336 3624 3566 3695 ἀμήσωο

1931 3713 1939 3756 ζ
1979 3721 2098 3777 μεν.
2126 3705 2294 3756 Ὅταν
2324 3704 2352 3756 6
2380 3704 2585 3775 χειμὼν
2613 3704 2917 3778 καταλάϐῃ,
2943 3706 3069 3758 ὅταν
3109 3708 3142 3778 ἡ
3183 3705 3429 3760 θάλασσα
3463 3708 3566 3761 οὐκ

1976 3790 2058 3842 ἔτι
2088 3787 2340 3857 πλέηται,
2375 3787 2475 3841 οὐκ
2515 3787 2596 3840 ἔτι
2644 3787 2824 3858 κύριοι
2861 3789 2962 3858 τῆς
3011 3788 3280 3860 ἐμπορίας
3319 3789 3338 3828 ί
3373 3791 3563 3860 ὲσμέν.

1976 3871 2114 3926 Πότε
2136 3871 2193 3924 δὲ
2227 3870 2382 3924 ἔσται
2403 3871 2432 3924 6
2464 3869 2708 3942 χειμών;
2744 3872 2910 3924 Ὅταν
2951 3874 2986 3942 ὴ
3029 3873 3212 3943 ἡμέρα
3247 3875 3499 3946 ἐπισταίη
3527 3877 3563 3946 ή

1980 3954 2212 4026 μεγάλη,
2243 3953 2365 4006 τότε
2396 3954 2581 4024 ἐκείνη
2610 3955 2705 4008 καὶ
2729 3955 3024 4025 ἐπιφανής.
3056 3955 3191 4008 Τότε
3224 3957 3330 4027 γὰρ
3361 3957 3460 4010 οὐκ
3481 3957 3564 4010 ἔτι

1977 4037 2323 4108 πλευσόμεθα
2352 4037 2454 4106 τὴν
2493 4037 2767 4092 θάλασσαν
2804 4035 3011 4109 ταύτην
3047 4039 3144 4110 τὴν
3185 4040 3428 4112 μεγάλην
3467 4042 3563 4094 καὶ

1977 4122 2291 4194 εὐρύχωρον
2315 4135 2330 4151 ·
2380 4121 2554 4193 ταύτῃ
2588 4121 2697 4191 γάρ
2727 4123 2756 4174 6
2787 4121 2976 4194 παρὼν
3007 4122 3149 4175 ἔοικε
3193 4123 3326 4194 βίος.
3371 4123 3487 4177 Νῦν
3533 4127 3563 4179 6
3649 4149 3652 4151 ·

1978 4206 2072 4260 τοῦ
2102 4207 2318 4276 σπεῖραι
2347 4204 2558 4274 καιρὸς,
2589 4206 2711 4257 τότε
2756 4206 2786 4256 6
2822 4203 2918 4257 τοῦ
2949 4206 3191 4274 ἀμᾶσθαι
3222 4209 3315 4260 καὶ
3343 4207 3562 4278 κερδαί-

1975 4307 2106 4344 νειν.
2162 4289 2289 4341 Ἐάν
2320 4306 2404 4351 τις
2428 4289 2486 4341 ἐν
2517 4287 2598 4358 τῷ
2620 4286 2797 4358 καιρῷ
2826 4287 2920 4342 τοῦ
2955 4289 3156 4362 σπόρου
3177 4290 3250 4360 μὴ
3277 4291 3563 4365 καταϐάλῃ

1975 4373 2288 4444 σπέρματα,
2314 4373 2370 4424 ὲν
2400 4372 2597 4442 ἀμήτῳ
2624 4371 2885 4441 σπείρων,
2916 4373 3050 4443 πρὸς
3078 4372 3154 4442 τῷ
3182 4374 3348 4443 μηδὲν
3377 4375 3563 4430 ἀνύειν

1972 4457 2068 4511 καὶ
2100 4454 2503 4524 καταγέλαστος
2531 4454 2700 4508 ἔσται.
2729 4456 2793 4508 Et
2822 4455 2878 4506 δὲ
2909 4455 3108 4525 σπόρου
3139 4459 3284 4509 ἐστὶν
3312 4461 3340 4510 6
3370 4459 3562 4530 παρὼν

1973 4540 2182 4611 καιρὸς,
2221 4539 2281 4592 οὐ
2316 4537 2409 4592 τοῦ
2435 4537 2734 4606 συλλέγειν,
2759 4537 2894 4591 ἀλλά
2916 4539 3008 4590 τοῦ
3042 4539 3352 4610 σκορπίζειν
3371 4543 3563 4612 καιρὸς

1971 4623 2038 4676 ἂν
2069 4623 2153 4694 είη
2190 4622 2376 4675 λοιπόν
2414 4625 2458 4674 ε.
2502 4622 2899 4693 Σκορπίσωμεν
2937 4622 3136 4681 τοίνυν.
3189 4624 3274 4676 ἵνα
3321 4627 3562 4694 συναγά-

1971 4723 2160 4777 γωμεν
2180 4723 2194 4737 ·
2241 4705 2316 4776 μὴ
2349 4705 2699 4776 βουληθῶμεν
2732 4708 3057 4774 συναγαγεῖν
3089 4706 3203 4770 νῦν,
3248 4707 3334 4761 ἵνα
3365 4707 3440 4782 μὴ
3469 4711 3561 4764 τὸν

1971 4791 2181 4860 ἀμητὸν
2206 4789 2583 4859 ἀπολέσωμεν.
2609 4783 2779 4852 Οὗτος
2806 4787 2936 4858 γάρ,
2965 4790 3102 4860 ὅπερ
3129 4789 3284 4861 ἔφην,
3305 4793 3334 4844 6
3367 4793 3560 4864 καιρὸς

1971 4875 2064 4927 ἐπὶ
2089 4875 2150 4928 τὸ
2182 4874 2426 4942 σπείρειν
2457 4873 2631 4935 καλεῖ,
2677 4874 2772 4925 καὶ
2822 4873 3067 4944 δαπανᾷν
3099 4875 3193 4926 καὶ
3222 4875 3557 4942 ἀναλίσκειν,

1971 4960 2071 5013 οὐκ
2114 4959 2207 5012 ἐπὶ
2234 4959 2295 5012 τὸ
2334 4958 2613 5026 συλλέγειν
2665 4957 2759 5011 καὶ
2803 4958 3176 5011 ἀποτίθεσθαι.
3239 4961 3331 5032 Μὴ
3381 4964 3560 5016 τοίνυν

1971 5041 2255 5114 προδῶμεν
2307 5041 2408 5112 τὴν
2456 5041 2760 5110 εὐκαιρίαν,
2804 5040 2939 5093 ἀλλά
2981 5041 3176 5112 δαψιλῆ
3218 5043 3311 5097 τὸν
3359 5047 3560 5116 σπόρον

1970 5124 2382 5194 καταϐάλωμεν,
2441 5124 2537 5177 καὶ
2588 5122 2812 5194 μηδενὸς
2856 5123 3172 5194 φεισώμεθα
3221 5125 3332 5180 τῶν
3387 5128 3557 5194 ἔνδον,

1972 5211 2059 5264 ἵνα
2095 5207 2233 5280 μετά
2270 5207 2472 5277 πολλῆς
2504 5207 2645 5260 αὐτά
2669 5207 3032 5278 ἀπολάϐωμεν
3073 5210 3172 5281 τῆς
3212 5210 3556 5277 ἀντιδόσεως,

1970 5296 2153 5366 χάριτι
2200 5293 2293 5346 καὶ
2344 5290 2726 5362 φιλανθρωπίᾳ
2762 5291 2857 5344 τοῦ
2907 5293 3114 5364 Κυρίου
3159 5294 3315 5365 ήμῶν
3381 5296 3555 5366 Ἰησοῦ

1967 5376 2229 5448 Χριστοῦ,
2273 5377 2392 5448 μεθ’
2429 5369 2489 5430 οὗ
2531 5374 2609 5446 τῷ
2651 5375 2828 5448 Πατρὶ
2873 5376 2906 5448 ὴ
2946 5377 3090 5442 δόξα,
3137 5377 3256 5449 ἀμα
3294 5378 3373 5447 τῷ
3414 5380 3558 5452 ἁγίῳ

1970 5463 2272 5535 Πνεύματι,
2309 5464 2390 5527 είς
2408 5461 2536 5526 τοὺς
2561 5460 2765 5525 αἰῶνας
2797 5461 2906 5515 τῶν
2929 5461 3161 5516 αἰώνων.
3215 5462 3410 5534 Ἀμήν.

2031 5647 2190 5721 d__Sig:
2234 5647 2407 5721 Morel.
2447 5647 2599 5721 ngil.
2622 5649 2864 5721 Αλήψεται.
2933 5659 2961 5721 0_
2982 5647 3555 5721 _ng!}._§§o§§Eép.an.

1975 5709 1999 5774 ἰ
2028 5715 2125 5768 Τῆς
2156 5711 2382 5774 ἐμπορίας
2423 5709 3013 5774 ταύτηςβεινίιηθιίςοὸἀ.
3036 5709 3147 5769 705,
3170 5709 3264 5774 706
3307 5709 3430 5762 Mox'
3443 5717 3555 5766 cod.

1968 5773 2062 5848 ’ξοδ
2085 5774 2252 5852 ἐπιστῇ
2285 5772 2386 5836 ρτο
2417 5772 2654 5831 ἐπισταίη.
2724 5774 2750 5814 8
2772 5772 2978 5833 Quidam
3021 5773 3289 5835 σκορπίζειν
3327 5775 3355 5823 ὁ
3394 5774 3559 5840 καιρός

1971 5852 2099 5885 εστιν
2119 5851 2271 5891 ουτος.
