4094 6370
482 215 586 270 155

1169 207 1229 265 8.
1268 205 1552 265 JOANNIS
1588 202 2081 261 CHRYSOSTOMI
2117 205 2438 265 ARCIIIEP.
2479 209 3034 270 CONSTANTINOP.

3654 218 3757 277 151

1902 422 2151 478 υΜΙΛΙΑ
2190 422 2333 491 K7.

484 506 555 559 Τὸ
585 502 1027 576 γεγεννημένον
1064 500 1133 553 ἐκ
1158 498 1278 576 ,τῆς
1315 497 1567 576 σαρλιὸς,
1593 495 1752 565 σάρξ
1784 494 1937 550 ἐστι·
1959 497 2069 576 3ιαί

551 564 615 659 τό
658 564 1097 645 γεγεννημένον
1144 564 1361 623 ἐκήτοῦ
1395 564 1781 638 Πνεύματος,
1832 564 2073 635 ,πνεῦμά

554 664 747 703 εστιν.

555 731 623 784 α’.
644 730 905 798 Μεγάλων
930 728 1078 798 ἡμᾶς
1107 724 1421 798 μυστηρίων
1442 722 1782 793 κατηξίωσεν
1802 720 1832 773 6
1860 737 2074 791 μονογε-

482 816 581 885 νὴς
612 815 739 877 Υἱὸς
767 812 859 865 τοῦ
886 812 1039 863 Θεοῦ·
1068 810 1341 881 μεγάλων,
1365 808 1461 861 καὶ
1480 807 1609 860 οἴων
1630 806 1792 877 ἡμεῖς
1817 799 2075 875 ούκῆμεν

483 899 643 965 ἄξιοι,
675 897 789 950 ἀλλ’
816 897 941 948 οἴων
975 894 1123 963 αὐτῷ
1162 893 1424 962 παρέχειν
1472 890 1681 961 πρέπον
1712 885 1801 959 ἦν.
1839 888 1939 943 Ἂν
1973 886 2074 957 μὲν

482 984 593 1053 γάρ
620 982 717 1053 τὴν
756 981 910 1045 ἀξίαν
939 980 1036 1050 τὴν
1074 978 1345 1047 ἡμετέραν
1373 973 1659 1045 λογίσηταί
1684 990 1788 1039 τις,
1821 973 1881 1026 ού
1915 971 2076 1041 μόνον

483 1067 581 1134 τῆς
610 1066 817 1133 δωρεᾶς
838 1060 981 1134 ἦμεν
1008 1062 1237 1125 ἀνάξιοι,
1265 1059 1401 1112 ἀλλὰ
1421 1058 1513 1111 καὶ
1539 1057 1814 1119 κολάσεως
1840 1054 2077 1108 ὑπεύθυ-

484 1168 565 1203 νοι
595 1150 690 1202 καὶ
714 1148 1005 1218 τιμωρίας.
1046 1143 1263 1213 Ἐπειδὴ
1291 1144 1347 1195 δὲ
1375 1142 1436 1195 ού
1465 1142 1601 1213 πρὸς
1632 1140 1791 1194 τοῦτο
1816 1136 1976 1201 εἶδεν,
2014 1138 2074 1190 ού

488 1236 647 1305 μόνον
678 1232 949 1293 κολάσεως
973 1229 1302 1299 ἀπήλλαξεν,
1336 1227 1470 1281 ἀλλὰ
1496 1228 1589 1280 καὶ
1610 1225 1755 1297 ζωὴν
1784 1226 2077 1297 ἐχαρίσατο

487 1317 666 1386 πολλῷ
696 1317 793 1386 τῆς
824 1314 1096 1385 προτέρας
1123 1311 1510 1383 λαμπροτέραν
1538 1323 1586 1374 ει,
1620 1311 1701 1372 εἰς
1736 1309 1895 1363 ἄλλον
1929 1309 2077 1379 ἡμᾶς

486 1404 751 1473 εἰσήγαγε
799 1402 1024 1470 κόσμον,
1066 1398 1258 1471 ἑτέραν
1310 1395 1711 1467 ἐδημιούργησε
1756 1393 1953 1447 κτίσιν·
2006 1393 2079 1447 EI

487 1505 578 1551 τις
611 1485 722 1555 γὰρ
750 1486 821 1538 ἐν
844 1484 1078 1551 Χριστῷ
1102 1481 1279 1548 καινὴ
1304 1481 1520 1545 κτίσις,
1563 1480 1715 1549 φησί.
1754 1479 1890 1539 Ποία
1916 1480 2078 1550 καινὴ

489 1570 696 1635 κτίσις;
730 1571 995 1621 ’Λκουσον
1031 1565 1195 1618 αὑτοῦ
1228 1565 1498 1632 λέγοντος·
1548 1564 1684 1616 Ἐὰν
1709 1562 1794 1631 μή
1830 1581 1919 1628 τις
1948 1580 2081 1633 γεν-

489 1654 646 1723 νηθῇ
670 1654 738 1719 ἐξ
766 1652 985 1717 ὕδατος
1024 1651 1122 1703 καὶ
1164 1651 1527 1718 Πνεύματος,
1569 1650 1641 1702 οὐ
1676 1648 1925 1701 δύναται
1956 1650 2082 1701 εισ-

489 1738 690 1799 ε.ῖθεῖν
732 1739 819 1801 είς
860 1735 976 1803 τὴν
1011 1736 1340 1799 βασιλείαν
1382 1734 1490 1787 τοῦ
1532 1732 1702 1796 Θεοῦ,
1745 1732 2081 1804 Παράδεισον

492 1822 784 1888 ἐπιστεύθη
795 1837 912 1890 μεν,
940 1820 1035 1871 καὶ
1061 1819 1179 1871 οὐδὲ
1206 1819 1304 1887 τῆς
1336 1820 1391 1871 ἐν
1421 1817 1567 1888 αὐτῷ
1587 1817 1860 1885 διαγωγῆς
1890 1817 2085 1887 ἐφάνη-

496 1924 595 1977 μεν
644 1902 855 1968 ἄξιοιδ,
892 1903 982 1955 καὶ
1032 1902 1110 1965 εἰς
1140 1902 1267 1965 τοὺς
1305 1902 1568 1972 οὐρανοὺς
1606 1902 1752 1970 ἡμᾶς
1784 1900 2079 1969 ἀνήγαγεν.

507 1991 595 2042 Ἐν
620 1992 731 2052 τοῖς
768 1986 1005 2059 πρώτοις
1035 1987 1133 2056 οὐχ
1164 1985 1468 2055 εὑρέθημεν
1500 1985 1702 2048 πιστοὶ,
1732 1983 1827 2036 καὶ
1862 1982 2084 2052 μείζονα

494 2074 844 2145 ἐνεχείρισεν·
884 2071 1004 2134 ἐνὸς
1043 2069 1377 2139 ἀποσχέσθαι
1422 2069 1579 2133 ξύλου
1623 2068 1723 2121 ούκ
1762 2068 2083 2138 ἰσχύσαμεν,

494 2161 589 2212 καὶ
648 2158 745 2226 τὴν
797 2156 910 2209 ἀνω
966 2153 1209 2224 παρέσχε
1238 2153 1469 2222 τρυφήν·
1527 2154 1585 2203 ἐν
1634 2151 1942 2224 παραδείσῳ
1987 2151 2088 2203 οὐκ

495 2242 969 2315 ὲκαρτερήσαμεν,
1003 2238 1099 2291 καὶ
1121 2238 1249 2299 τοὺς
1274 2236 1541 2305 οὐρανοὺς
1562 2238 1693 2306 ἡμῖν
1726 2235 2085 2290 ἀνεπέτασεν.

496 2327 737 2387 Εἰκότως
784 2323 968 2390 ἔλεγεν
1010 2324 1038 2375 6
1086 2320 1317 2384 Παῦλος·
1358 2316 1425 2375 Ὦ
1464 2320 1657 2387 ,βάθος
1690 2322 1960 2375 πλούτου
1991 2318 2090 2372 καί

496 2410 719 2478 σοφίας
745 2406 843 2460 καὶ
878 2404 1155 2475 γνώσεως
1181 2404 1349 2459 Θεοῦ.
1383 2406 1497 2458 Ούκ
1535 2406 1615 2458 ἔτι
1652 2406 1856 2476 μήτηρ,
1881 2407 1981 2457 οὐκ
2011 2404 2091 2457 ἔτι

496 2494 705 2556 ὠδῖνες,
730 2490 854 2544 οῦτε
886 2490 1063 2549 ὕπνοι,
1089 2490 1183 2543 καὶ
1207 2489 1484 2543 συνουσίαι
1512 2491 1606 2543 καὶ
1634 2490 1965 2561 περιπλοκαλ⁵
1988 2507 2093 2541 σω-

506 2579 710 2646 μάτων·
738 2576 850 2631 ᾶνω
870 2573 1053 2626 λοιπὸν
1075 2573 1359 2640 ὑφαίνεται
1382 2574 1479 2642 τῆς
1515 2574 1786 2644 ὑμετέρας
1810 2573 2025 2641 φύσεως
2058 2572 2093 2641 ἡ

501 2659 839 2730 κατασκευὴ,
876 2657 984 2710 ἀπὸ
1021 2656 1337 2726 Πνεύματος
1365 2657 1521 2725 ἁγίου
1550 2657 1644 2710 καὶ
1678 2656 1890 2719 ὓδατος.
1925 2657 1999 2708 T6
2037 2656 2093 2708 δὲ

504 2745 655 2821 [149]
691 2744 835 2811 ὕδωρ
877 2741 1266 2812 παρείληπται,
1296 2741 1451 2804 τόκος
1495 2741 1573 2811 τῷ
1610 2741 1915 2812 τικτομένῳ
1953 2741 2098 2808 γινὸ-

508 2848 688 2901 μενον.
725 2831 902 2895 Ὅπερ
946 2825 1055 2895 γάρ
1090 2826 1238 2876 ἐστιν
1272 2825 1305 2895 ἡ
1348 2825 1529 2895 μήτρα
1554 2824 1630 2895 τῷ
1661 2825 1907 2895 ἐμϐρύῳ,
1940 2824 2099 2878 τοῦτο

505 2914 585 2984 τῷ
624 2910 801 2981 πιστῷ
841 2910 901 2962 τὸ
943 2908 1105 2978 ὕδωρ·
1150 2910 1208 2961 ἐν
1251 2907 1359 2977 γὰρ
1404 2908 1480 2979 τῷ
1520 2908 1672 2961 ὕδατι
1709 2908 2099 2961 διαπλάττεται

508 2999 604 3051 καὶ
645 2993 970 3067 μορφοῦται.
1009 2992 1083 3045 Τὸ
1132 2992 1231 3062 μὲν
1276 2992 1385 3064 γὰρ
1440 2993 1654 3063 πρῶτον
1698 2993 1933 3061 ἐλέγετο·
1973 2994 2100 3056 Ἐξ-

509 3080 777 3150 αγαγέτω
800 3076 871 3131 τὰ
908 3076 1096 3130 ὕδατα
1122 3076 1338 3143 ἑρπετὰ
1364 3076 1582 3144 ψυχῶν
1607 3075 1827 3137 ζωσῶν·
1864 3075 1925 3140 ἐξ
1958 3070 2018 3129 οῦ
2048 3076 2105 3128 δὲ

512 3165 684 3234 ἐπέϐη
719 3163 828 3215 τῶν
871 3160 1138 3233 Ἰορδάνου
1177 3171 1199 3199 θ
1238 3160 1467 3230 ῥείθρων
1500 3164 1527 3213 6
1555 3162 1849 3231 Δεσπότης,
1880 3163 1981 3215 ούκ
2026 3162 2104 3214 ἔτι

512 3248 720 3321 ἑρπετά
745 3246 932 3317 ψυχῶν
967 3244 1177 3309 ζωσῶν,
1214 3245 1348 3297 ἀλλὰ
1372 3245 1550 3314 ψυχὰς
1583 3245 1808 3313 λογικὰς
1837 3246 1929 3298 καί
1951 3263 2107 3297 πνευ-

515 3333 859 3405 ματοφόρους
884 3329 945 3380 τὸ
981 3328 1125 3397 ὓδωρ
1157 3328 1466 3381 ἀναδίδωσι.
1493 3329 1601 3381 Καὶ
1630 3329 1657 3381 ὃ
1683 3330 1811 3400 περὶ
1831 3329 1925 3383 τοῦ
1954 3330 2105 3400 ἡλίου

514 3417 749 3485 εἴρηται,
777 3415 859 3466 ὅτι
887 3413 983 3478 Ὠς
1004 3411 1264 3480 νυμφίος
1287 3412 1762 3480 ἐκπορευόμενος
1780 3414 1847 3465 ἐκ
1870 3414 2106 3466 παστοῦ

512 3499 725 3564 αὐτοῦ.
752 3498 912 3549 τοῦτο
939 3497 1066 3565 περὶ
1097 3494 1204 3547 τῶν
1231 3496 1441 3548 πιστῶν
1472 3496 1662 3567 καιρὸς
1691 3497 1757 3549 ἂν
1784 3498 1867 3567 εἴη
1906 3498 2106 3566 μᾶλλον

514 3585 710 3638 εἰπεῖν.
752 3578 938 3649 Πολλῴ
971 3580 1080 3650 7&9
1116 3579 1477 3649 φαιδροτέρας
1519 3581 1711 3641 ἀφιᾶσι
1752 3580 1778 3619 ἀ
1810 3580 1908 3643 τὰς
1947 3582 2104 3633 ἀκτῖ-

514 3684 613 3729 νας
648 3664 875 3718 ἐκείνου.
915 3663 1072 3715 Ἀλλά
1101 3662 1162 3715 τὸ
1194 3662 1293 3731 μὲν
1323 3664 1380 3714 ἐν
1406 3666 1471 3733 τῇ
1509 3664 1691 3735 μήτρα
1712 3663 2107 3735 διαπλαττόμε-

514 3767 628 3808 νον.
664 3748 856 3818 χρόνου
887 3747 1077 3807 δεῖται·
1105 3748 1160 3798 ἐν
1187 3745 1265 3816 τῷ
1292 3746 1441 3800 ύδατι
1469 3747 1525 3797 δέ
1554 3748 1650 3817 ούχ
1684 3746 1876 3809 οὕτως,
1901 3748 2015 3800 ἀλλ’
2050 3750 2107 3801 ἐν

522 3833 622 3903 μιᾷ
653 3834 792 3903 ῥοπῇ
826 3830 1003 3884 πάντα
1035 3829 1269 3899 γίνεται.
1296 3830 1464 3882 Ἔνθα
1500 3831 1596 3900 μὲν
1631 3830 1739 3901 γὰρ
1774 3832 2037 3903 ἐπίκηρος
2073 3834 2106 3904 ἡ

519 3917 634 3986 ζωὴ
688 3916 784 3977 καὶ
830 3915 939 3973 ἀπὸ
986 3915 1304 3984 σωματικῆς
1345 3914 1555 3983 φθορᾶς
1608 3914 1718 3984 ἔχει
1766 3916 1865 3986 τὴν
1911 3917 2105 3988 ἀρχὴν,

521 3998 775 4073 βραδύνει
796 3998 856 4050 τὸ
873 3997 1211 4067 τικτόμενον,
1247 3996 1491 4067 (τοιαύτη
1516 3998 1623 4068 7&9
1651 3998 1756 4049 τῶν
1785 3999 2050 4069 σωμάτων
2074 4003 2105 4070 ἡ

520 4076 705 4153 φύσις·
750 4082 927 4152 χρόνῳ
969 4080 1375 4150 προσλαμϐάνει
1408 4079 1467 4132 τὸ
1499 4080 1746 4151 τέλειον)·
1788 4082 1883 4133 ἐπὶ
1911 4081 1968 4134 δὲ
2000 4082 2110 4135 τῶν

520 4164 907 4236 πνευματικῶν
941 4164 1039 4234 οὐχ
1083 4163 1243 4216 οὕτω.
1293 4162 1358 4216 Τί
1391 4163 1631 4234 δήποτεί
1661 4164 1783 4216 ’Ότι
1823 4165 2001 4217 τέλεια
2052 4165 2111 4230 ἐξ

521 4251 697 4321 ἀρχῆς
743 4246 1213 4311 κατασκευάζεται
1259 4247 1327 4300 τὰ
1370 4248 1649 4317 γινόμενα.
1694 4248 1829 4301 Ἀλλ’
1864 4250 2049 4319 ἐπειδὴ
2080 4251 2108 4301 6

522 4335 827 4403 Νικόδημος
870 4332 1083 4385 ἀκούων
1131 4330 1303 4384 ταῦτα
1344 4332 1584 4401 συνεχῶς
1627 4333 1971 4403 ἐταράττετο,
2006 4335 2109 4405 ὅρα

524 4418 643 4481 πῶς
678 4418 827 4488 αὐτῷ
870 4415 1189 4487 παρανοίγει
1232 4415 1293 4468 τὸ
1332 4416 1643 4487 ἀπόρρητον
1672 4417 1765 4470 τοῦ
1807 4419 2108 4487 μυστηρίου

522 4502 735 4564 τούτου,
767 4501 859 4553 καὶ
888 4500 1055 4569 σαφὲς
1074 4500 1367 4571 ἐργάζεται
1397 4500 1459 4552 τὸ
1485 4500 1694 4570 ἀσαφὲς
1718 4502 1911 4571 ἐκείνῳ
1946 4502 2107 4566 τέως,

530 4585 602 4638 Τὸ
646 4582 1102 4653 γεγεννημένον,
1140 4583 1334 4651 λέγων,
1382 4582 1451 4636 ἐκ
1510 4582 1616 4650 τῆς
1665 4584 1915 4651 σαρκὸς,
1952 4585 2112 4653 σάρξ

523 4668 694 4720 ἐστι·
743 4667 809 4719 τὸ
865 4666 932 4719 δὲ
976 4665 1412 4736 γεγεννημένον
1453 4666 1522 4719 ἐκ
1580 4667 1685 4720 τοῦ
1742 4668 2110 4739 Πνεύματος,

527 4749 765 4819 πνεῦμά
800 4750 992 4802 ἐστιν.
1040 4751 1265 4817 Ἀπάγει
1298 4749 1406 4801 τῶν
1436 4750 1706 4819 αἰσθητῶν
1734 4752 1895 4803 αὑτὸν
1934 4752 2112 4811 ἀπάν-

527 4851 657 4899 των,
703 4833 795 4886 καὶ
834 4834 933 4885 οὐκ
978 4833 1170 4903 ἀφίησι
1219 4836 1330 4895 τοῖς
1359 4833 1657 4902 ὀφθαλμοῖς
1699 4835 1911 4899 τούτοις
1958 4852 2115 4907 περι-

530 4917 869 4988 εργάσασθαι
918 4918 1014 4987 τὴν
1061 4918 1468 4987 μυσταγωγίαν.
1500 4917 1575 4969 Ού
1607 4917 1716 4988 7&9
1750 4919 1876 4990 περὶ
1915 4920 2117 4991 σαρκὸς

528 5001 911 5071 διαλεγόμεθα,
950 5003 1132 5072 φησὶν,
1163 5002 1299 5055 ἀλλά
1332 5004 1461 5074 περὶ
1494 5003 1832 5072 Πνεύματος,
1875 4998 1921 5058 ὦ
1951 5007 2116 5059 Νικό-

528 5086 689 5155 δημε.
720 5085 871 5148 Τέως
908 5085 1072 5138 αὐτὸν
1099 5083 1178 5152 τῷ
1206 5084 1349 5155 λόγῳ
1382 5086 1555 5157 τούτῳ
1586 5087 1721 5157 πρὸς
1745 5086 1805 5139 τὸ
1830 5088 1941 5141 ἄνω
1973 5107 2115 5162 παρ-

530 5170 767 5239 έπεμψε,
791 5168 973 5238 Μηδὲν
1000 5169 1180 5221 τοίνυν
1203 5168 1310 5221 τῶν
1330 5168 1603 5240 αἰσθητῶν
1632 5171 1899 5243 ἐπιζήτει·
1929 5173 1989 5226 τὸ
2010 5184 2117 5245 γάρ

530 5253 757 5323 Πνεῦμα
794 5252 895 5305 οὐκ
924 5251 990 5304 ἂν
1028 5253 1222 5324 φανείη
1254 5256 1365 5317 τοῖς
1396 5255 1689 5326 ὀφθαλμοῖς
1719 5256 1947 5321 τούτοις·
1982 5258 2119 5331 μηδέ

532 5336 741 5405 νόμιζε,
772 5336 853 5388 ὅτι
879 5337 1057 5405 σάρκα
1079 5336 1251 5389 τίκτει
1276 5337 1339 5390 τὸ
1372 5338 1619 5411 Πνεῦμα.

607 5421 730 5483 Πῶς
773 5416 887 5480 οῦν,
935 5421 1067 5483 ῐσως
1098 5420 1241 5474 εἴποι
1288 5421 1354 5475 ἄν
1397 5441 1503 5487 τις,
1535 5426 1568 5494 ἡ
1596 5422 1691 5477 τοῦ
1732 5424 1934 5497 Κυρίου
1981 5425 2117 5497 σὰρξ

533 5503 765 5574 ἐτέχθη;
807 5506 922 5557 Οὐκ
962 5504 1069 5557 ἀπὸ
1113 5504 1427 5576 Πνεύματος
1475 5510 1655 5577 μόνον,
1700 5510 1835 5563 ἀλλά
1872 5512 1967 5565 καί
2011 5513 2121 5567 ἀπὸ

599 5628 623 5699 ξ
652 5627 826 5699 M_orei.
855 5630 1154 5699 τιμιωτέραν.
1189 5630 1713 5699 ξεγὶιηλαμπροτέραν.
1776 5636 1807 5677 ι)
1829 5637 1979 5688 Codd.
2007 5638 2119 5699 705,

531 5688 625 5763 ’1ρὸ
649 5696 736 5763 τῆς
749 5695 834 5749 γῆς
858 5688 1163 5763 ἐξεπέσαμν.
1192 5696 1284 5741 Καὶ
1308 5688 1759 5763 οὐδὲςτῆςυένταῦθα
1783 5701 1907 5761 διαγ.
1945 5701 2019 5763 ἐφ.
2042 5688 2117 5756 ἇξί

535 5751 888 5822 ίςτοιέφσὶνξημεν
912 5752 996 5822 τιῇὶ
1019 5751 1331 5822 γεγόναμενιω
1360 5758 1381 5785 (⁵
1411 5751 1494 5805 διὸ
1510 5751 1695 5822 Morel.
1721 5768 1774 5809 et
1795 5751 1990 5822 quidani
2012 5751 2114 5811 alii.

534 5812 817 5875 Savii._raw
851 5812 1158 5874 Ἰορδανείὼν.
1193 5812 1253 5854 ’(1
1280 5817 1362 5866 Sic
1398 5832 1524 5867 unus
1570 5821 1723 5868 codex
1760 5812 1895 5875 re‘cle
1929 5845 1938 5873 :
1974 5832 2025 5875 el
2048 5827 2118 5875 sic

534 5872 801 5934 legendum
823 5872 1158 5934 suspicabatur
1181 5878 1404 5929 Suvilius.
1432 5881 1559 5932 Edili
1585 5884 1766 5944 &;f‘r,0:.

2178 497 2398 568 σαρκός.
2432 497 2525 551 Διὸ
2559 499 2653 553 καί
2678 498 2835 553 τοῦτο
2862 499 3039 569 δηλῶν
3072 503 3102 556 6
3132 502 3345 565 Παῦλος
3374 502 3549 571 ἔλεγε·
3580 508 3764 561 Γενό-

2169 598 2357 649 μενος
2396 592 2420 621 ο
2446 582 2513 635 ἐκ
2553 584 2861 652 γυναικὸς,
2902 586 3215 655 γενόμενος
3268 587 3387 640 ὑπὸ
3433 589 3640 657 νόμον.
3689 593 3765 646 Τὸ

2179 666 2278 736 μὲν
2314 666 2424 738 γὰρ
2454 667 2677 736 Πνεῦμα
2719 667 2880 721 αὑτὸν
2907 668 3194 724 διέπλασεν
3225 669 3416 736 οὕτως,
3462 674 3523 725 ού
3568 673 3673 746 μὴν
3703 676 3767 742 ἐξ

2175 750 2278 804 οὑκ
2306 751 2498 804 ὅντων·
2535 752 2659 805 ἐπεὶ
2701 754 2753 805 τί
2801 753 2908 806 ἔδει
2958 755 3059 824 τῆς
3110 756 3354 825 μήτρας;
3400 756 3515 811 ἀλλ’
3554 759 3619 812 ἐκ
3665 763 3766 831 τῆς

2179 836 2381 906 σαρκὸς
2408 837 2509 905 τῆς
2540 836 2892 909 παρθενικῆς·
2914 838 2974 891 τὸ
2995 838 3074 903 δὲ,
3093 839 3230 902 πῶς,
3254 840 3314 893 ού
3336 840 3570 911 δύναμαι
3596 844 3769 914 ἑρμη-

2178 921 2375 976 νεύειν.
2409 924 2579 976 Τοῦτο
2616 923 2673 977 δὲ
2710 923 2955 992 γέγονεν.
2999 924 3086 978 ἵνα
3123 925 3195 996 μή
3228 943 3317 989 τις
3362 927 3640 999 ἀλλότριον
3667 931 3767 998 τῆς

2176 1006 2458 1078 ἡμετέρας
2483 1003 2624 1060 εἶναι
2653 1008 2853 1081 νομίσῃ
2883 1007 3095 1077 φύσεως
3120 1009 3182 1062 τὸ
3205 1010 3541 1080 τικτόμενον.
3574 1012 3636 1063 Εἰ
3658 1012 3769 1081 γὰρ

2177 1088 2368 1143 τούτου
2396 1091 2688 1161 γενομένου
2714 1092 2820 1144 εἰσί
2845 1109 2989 1154 τινες
3016 1093 3065 1146 οἳ
3094 1092 3433 1147 διαπιστοῦσι
3454 1096 3519 1165 τῇ
3543 1093 3773 1167 τοιαύτῃ

2179 1176 2454 1244 γεννήσει,
2484 1176 2533 1226 εἰ
2574 1176 2648 1245 μὴ
2673 1178 2773 1244 τῆς
2807 1175 3007 1246 σαρκὸς
3040 1175 3364 1247 ἐκοινώνησε
3389 1178 3486 1247 τῆς
3510 1177 3776 1245 παρθενιο.

2181 1258 2304 1327 κῆς,
2330 1256 2434 1311 ποῦ
2458 1258 2560 1312 οὐκ
2590 1256 2656 1311 ἂν
2686 1257 2949 1322 ἐξέπεσαν
2984 1258 3236 1321 ἀσεϐείας
3262 1252 3441 1326 οῦτοις
3478 1261 3547 1314 T6
3571 1278 3771 1331 γεγεν-

2180 1340 2445 1409 νημένον
2473 1341 2542 1394 ἐκ
2574 1340 2680 1396 τοῦ
2704 1342 3073 1411 Πνεύματος,
3110 1341 3345 1411 πνεῦμά
3376 1344 3565 1399 ἐστιν.
3610 1343 3781 1416 Ὀρᾷςι

2183 1424 2733 1493 Πνεύματος,ἀξίαν;
2766 1426 2839 1478 Τὸ
2878 1425 2988 1496 γὰρ
3016 1425 3109 1478 τοῦ
3139 1426 3275 1481 Θεοῦ
3314 1426 3472 1498 ἔργον
3520 1428 3777 1497 φαίνεται

2184 1508 2389 1561 ποιοῦν.
2429 1508 2710 1580 Ἀνωτέρω
2743 1508 2841 1579 μὲν
2862 1504 2955 1562 οῦν
2982 1508 3163 1577 ἔλεγεν
3192 1509 3235 1573 ί,
3264 1512 3343 1563 ὅτι
3377 1512 3471 1563 Ἐκ
3495 1510 3600 1565 τοῦ
3621 1510 3772 1564 Θεοῦ

2181 1590 2619 1660 ἐγεννήθησαν·
2676 1592 2913 1646 ἐνταῦθα
2962 1594 3040 1655 δὲ,
3083 1594 3164 1647 ὅτι
3202 1594 3263 1647 τὸ
3307 1594 3530 1664 Πνεῦμα
3575 1596 3773 1659 αὐτοὺς

2184 1676 2366 1744 γεννᾷ.
2402 1677 2470 1729 Τὸ
2490 1676 2946 1744 γεγεννημένον,
2972 1678 3157 1746 φησὶν,
3178 1677 3245 1731 ἐκ
3274 1678 3379 1732 τοῦ
3405 1680 3779 1747 Πνεύματοςι

2183 1757 2421 1825 πνεῦμά
2441 1758 2631 1811 ἐστιν.
2655 1760 2720 1811 "0
2750 1759 2804 1812 δὲ
2837 1758 2983 1827 λέγει
3011 1758 3249 1815 τοιοῦτόν
3283 1762 3459 1813 ἐστιν·
3495 1762 3552 1814 Ὁ
3584 1778 3775 1829 γεγενᾳ

2184 1841 2417 1911 νημένος
2445 1842 2508 1894 ἐκ
2537 1840 2631 1894 τοῦ
2656 1841 2997 1912 Πνεύματος,
3022 1844 3391 1914 πνευματικός
3413 1845 3548 1896 ἐστι.
3577 1842 3775 1914 Γέννη-

2187 1942 2271 1977 σιν
2300 1924 2409 1995 7&9
2448 1924 2682 1978 ἐνταῦθα
2713 1926 2773 1978 ού
2811 1926 2909 1997 τὴν
2940 1929 3061 1979 κατ’
3089 1927 3276 1981 οὐσίαν
3309 1927 3481 1996 λέγει,
3511 1928 3646 1982 ἀλλὰ
3670 1930 3783 1999 τὴν

2186 2011 2327 2062 κατὰ
2354 2010 2519 2080 τιμὴν
2553 2010 2645 2061 καὶ
2671 2010 2851 2080 χάριν.
2885 2009 2948 2062 Εἰ
2970 2010 3147 2063 τοίνυν
3183 2012 3276 2065 καὶ
3303 2013 3331 2064 6
3356 2012 3485 2074 Υἱὸς
3515 2010 3655 2065 οὕτω
3680 2029 3779 2079 γει

2187 2093 2464 2163 γέννηται,
2497 2093 2549 2145 τί
2576 2092 2737 2148 πλέον
2764 2093 2874 2157 ἔξει
2902 2093 3008 2146 τῶν
3039 2094 3343 2164 ἀνθρώπων
3371 2094 3478 2147 τῶν
3512 2094 3653 2148 οὕτω
3683 2112 3777 2162 γε-

2188 2177 2578 2247 γεννημένων;
2619 2176 2736 2238 πῶς
2765 2176 2821 2230 δὲ
2862 2178 3156 2249 μονογενής
3195 2179 3347 2244 ἐστι;
3390 2178 3502 2231 Καὶ
3545 2177 3653 2250 γάρ
3683 2178 3781 2232 καὶ

2190 2259 2302 2329 ἐγὼ
2334 2264 2399 2313 ἐκ
2433 2260 2567 2313 Θεοῦ
2602 2261 2958 2331 γεγέννημαι,
2984 2260 3099 2314 ἀλλ’
3122 2261 3222 2314 οὐκ
3261 2263 3325 2315 ἐκ
3352 2263 3450 2330 τῆς
3471 2262 3655 2326 οὐσίας
3682 2263 3781 2316 αύ-

2192 2344 2308 2398 τοῦ.
2343 2346 2403 2398 Εἰ
2452 2344 2631 2399 τοίνυν
2675 2345 2809 2417 μηδέ
2849 2346 3009 2409 αὐτὸς
3053 2345 3117 2399 ἐκ
3163 2346 3260 2415 τῆς
3302 2345 3509 2409 οὐσίας,
3540 2345 3591 2398 τί
3636 2345 3781 2399 κατὶ

2192 2427 2351 2480 τοῦτο
2394 2427 2543 2499 [150]
2590 2429 2893 2500 διενήνοχεν
2935 2430 3129 2501 ἠμῶν;
3171 2430 3541 2500 Εὑρεθήσεται
3580 2430 3635 2483 δὲ
3671 2432 3786 2501 ἄρα

2194 2514 2290 2566 καὶ
2332 2511 2426 2565 τοῦ
2470 2512 2788 2581 Πνεύματος
2818 2512 2991 2576 οὕτως
3021 2513 3276 2569 ἐλάττων.
3324 2513 3386 2566 Ἡ
3415 2514 3524 2585 7&9
3558 2514 3779 2583 τοιαύτη

2196 2597 2449 2666 γέννησις
2472 2598 2535 2649 ἐκ
2559 2599 2657 2667 τῆς
2688 2594 2781 2647 τοῦ
2813 2595 3131 2666 Πνεύματος
3163 2597 3372 2664 γίνεται
3395 2598 3633 2669 χάριτος.
3653 2593 3780 2669 Ἆρ’

2197 2677 2290 2733 οῦν
2339 2680 2427 2733 ἵνα
2464 2679 2601 2751 μένῃ
2635 2679 2780 2743 Υἱὸς,
2817 2680 2916 2751 τῆς
2956 2681 3107 2751 παρά
3135 2681 3229 2733 τοῦ
3271 2681 3585 2751 Πνεύματος
3613 2682 3785 2734 δεῖται

2202 2763 2478 2834 βοηθείας;
2509 2764 2619 2816 Καὶ
2651 2764 2705 2816 τί
2737 2762 2912 2817 ταῦτα
2946 2764 3251 2819 Ἰουδαϊκῶν
3291 2764 3541 2836 διέστηκε
3576 2765 3785 2835 δογμά⁹

2200 2866 2340 2909 των;
2372 2845 2555 2899 Εἰπὼν
2580 2847 2758 2902 τοίνυν
2790 2848 2819 2899 6
2857 2844 3108 2919 Χριστὸς,
3130 2848 3210 2902 ὅτι
3250 2848 3278 2899 6
3305 2849 3696 2918 γεγεννημένος
3722 2848 3795 2907 ἐκι

2202 2930 2295 2984 τοῦ
2324 2931 2659 3000 Πνεύματος,
2701 2929 2919 3001 πνεῦμά
2955 2934 3123 2984 ἐστιν·
3160 2932 3346 3002 ἐπειδὴ
3394 2931 3799 3003 θορυϐούμενον

2207 3016 2368 3069 πάλιν
2392 3010 2549 3078 εἶδεν,
2583 3014 2673 3067 ἐπὶ
2701 3014 2957 3082 αἰσθητὸν
2979 3014 3327 3085 παράδειγμα
3356 3015 3479 3083 ἄγει
3498 3015 3587 3069 τὸν
3607 3014 3785 3083 λόγον.

2207 3097 2302 3167 Μὴ
2347 3098 2662 3167 θαυμάσῃς
2687 3098 2816 3169 7&9,
2856 3099 3041 3166 φησὶν.
3077 3098 3167 3151 ὅτι
3192 3094 3365 3151 εἶπόν
3404 3114 3524 3161 σοι,
3575 3098 3663 3151 ὅτι
3700 3097 3799 3151 δεῖ

2206 3184 2363 3253 ὑμᾶς
2402 3180 2763 3252 γεννηθῆναι
2796 3180 3045 3234 ἄνωθεν.
3076 3181 3146 3234 Τὸ
3182 3180 3417 3250 πνεῦμα
3447 3181 3599 3235 ὅπου
3633 3181 3790 3235 θέλει

2206 3267 2395 3321 πνέει.
2440 3265 2529 3336 Τῷ
2557 3266 2665 3334 7&9
2692 3266 2887 3328 εἰπεῖν,
2916 3265 3007 3335 Μὴ
3047 3265 3350 3337 θαυμάσῃς,
3389 3265 3658 3317 δείκνυσιν
3693 3264 3792 3317 αῦ-

2206 3349 2299 3403 τοῦ
2334 3348 2424 3401 τὸν
2466 3346 2695 3417 θόρυϐον
2741 3346 2843 3415 τῆς
2888 3346 3085 3417 ψυχῆς,
3121 3347 3216 3399 καὶ
3252 3348 3342 3399 ἐπὶ
3376 3347 3435 3398 τὸ
3466 3347 3793 3417 λεπτότερον

2206 3433 2370 3487 αὑτὸν
2414 3431 2537 3499 ἄγει
2574 3429 2685 3483 τῶν
2732 3430 3022 3500 σωμάτων.
3060 3431 3179 3483 Τῶν
3218 3431 3314 3501 μέν
3357 3430 3465 3501 7&9
3516 3432 3793 3501 σαρκικῶν

2206 3519 2494 3587 ἀπήγαγεν
2541 3513 2731 3579 εἰπὼν,
2760 3514 2835 3567 Τὸ
2881 3514 3319 3583 γεγεννημένον
3346 3515 3414 3567 ἐκ
3450 3515 3555 3568 τοῦ
3605 3516 3801 3568 Πνεύ-

2202 3617 2409 3669 ματος,
2454 3597 2689 3666 πνεῦμὰ
2730 3598 2919 3651 ἐστιν.
2966 3598 3183 3669 Ἐπειδὴ
3215 3598 3272 3650 δὲ
3302 3598 3401 3650 ούκ
3430 3598 3547 3668 ᾔδει
3574 3599 3626 3650 τί
3664 3616 3792 3650 ποτε

2206 3684 2354 3737 ἐστὶν
2399 3684 2427 3735 ὅ
2462 3698 2645 3752 φησιν,
2676 3679 2749 3731 Τὸ
2779 3681 3176 3750 γεγεννημένον
3220 3683 3283 3733 ἐκ
3312 3679 3408 3733 τοῦ
3456 3680 3793 3751 Πνεύματος,

2206 3766 2427 3835 πνεῦμά
2460 3766 2627 3828 ἐστιν,
2663 3762 2851 3815 λοιπὸν
2893 3763 3055 3816 αὐτὸν
3102 3763 3239 3834 πρὸς
3268 3764 3463 3833 ἑτέραν
3496 3764 3799 3833 μεταφέρει

2208 3850 2410 3911 εἰκόνα,
2445 3846 2568 3900 οὔτε
2603 3848 2628 3886 ε
2654 3847 2733 3908 εἰς
2755 3844 2852 3917 τὴν
2879 3845 2986 3898 τῶν
3018 3846 3285 3915 σωμάτων
3314 3847 3460 3914 ἄγων
3483 3846 3792 3916 παχύτητα,

2206 3934 2329 3987 οὔτε
2361 3932 2489 4003 περὶ
2514 3930 2822 4001 ἀσωμάτων
2844 3929 3098 4000 καθαρῶς
3120 3930 3497 3999 διαλεγόμενος
3518 3932 3658 3993 (οὐδὲ
3686 3932 3796 4003 γάρ

2208 4018 2432 4071 ἐδύνατο
2459 4014 2674 4068 ἀκούων
2704 4016 2901 4085 χωρεῖν
2936 4010 2963 4049 δ
2995 4014 3252 4083 ἐκεῖνος),
3271 4013 3383 4068 ἀλλ’
3411 4013 3585 4084 εύρὼν
3611 4032 3664 4067 τι
3697 4014 3797 4084 μέ-

2211 4120 2301 4155 σον
2346 4100 2594 4171 σιῢματός
2640 4116 2700 4150 τε
2750 4098 2844 4151 καὶ
2880 4099 3194 4168 ἀσωμάτου,
3228 4097 3326 4169 τὴν
3352 4096 3446 4151 τοῦ
3474 4100 3674 4168 ἀνέμου
3703 4114 3798 4168 φο-

2214 4186 2332 4257 ρὰν,
2374 4184 2623 4238 ἐντεῦθεν
2657 4183 2817 4236 αὐτὸν
2844 4182 3056 4249 ἀνάγει.
3104 4182 3239 4253 Περὶ
3268 4182 3373 4251 γὰρ
3412 4182 3573 4237 αὑτοῦ
3610 4182 3797 4250 φησὶν,

2210 4269 2292 4321 ὃτι
2352 4272 2394 4320 Τ
2397 4267 2474 4335 ὴν
2528 4264 2739 4335 φωνὴν
2792 4264 2981 4319 αὑτοῦ
3016 4264 3278 4331 ἀκούεις,
3319 4265 3589 4320 ἀλλὀὐκ
3630 4261 3798 4330 οἶδας

2211 4354 2397 4405 πόθεν
2445 4350 2698 4419 ἔρχεται,
2760 4348 2859 4403 καὶ
2917 4346 3037 4401 ποῦ
3089 4348 3321 4418 ὑπάγει.
3370 4349 3433 4401 Εἰ
3481 4348 3536 4401 δὲ
3580 4346 3803 4416 λέγειί,

2214 4435 2387 4489 Ὅπου
2422 4434 2563 4487 θέλει
2588 4435 2729 4495 πνεῖ,
2758 4432 2856 4501 ούχ
2877 4430 2952 4495 ὡς
2976 4431 3295 4502 προαίρεσίν.
3318 4448 3439 4485 τινα
3468 4431 3562 4485 τοῦ
3592 4433 3799 4501 ἀνέμου

2213 4519 2427 4589 ἔχοντος
2455 4519 2603 4587 λέγει
2631 4517 2806 4575 τοῦτο,
2835 4516 2972 4570 ἀλλά
2999 4517 3096 4587 τὴν
3129 4516 3238 4569 ἀπὸ
3262 4516 3476 4585 φύσεως
3499 4516 3671 4586 φοράν
3700 4517 3802 4586 τὴν

2213 4604 2491 4663 ἀκώλυτον
2532 4603 2626 4657 καὶ
2670 4604 2788 4673 μετ’
2826 4600 3072 4666 ἐξουσίας
3110 4600 3402 4671 γινομένην
3450 4601 3645 4672 δηλῶν.
3677 4596 3803 4653 Οἵδε

2214 4690 2323 4760 γὰρ
2347 4691 2379 4758 ἡ
2408 4690 2594 4759 Γραφὴ
2618 4688 2713 4741 καὶ
2740 4688 2868 4755 περὶ
2882 4686 2990 4739 τῶν
3014 4684 3235 4755 ἀψύχων
3263 4685 3407 4739 οὕτω
3433 4684 3803 4753 διαλέγεσθαι,

2214 4772 2289 4835 ὡς
2310 4772 2438 4825 ὅταν
2468 4772 2623 4849 λέγῃ·
2664 4769 2743 4837 Τῇ
2782 4770 2891 4840 γὰρ
2924 4771 3272 4837 ματαιότητι
3296 4770 3335 4837 ἡ
3369 4770 3566 4833 κτίσις
3584 4768 3808 4823 ὑπετά-

2216 4873 2291 4924 γη
2357 4857 2470 4923 οὐχ
2525 4854 2771 4908 ἑκοῦσα.
2830 4852 2903 4906 Τὸ
2932 4848 3043 4916 οὖν,
3094 4853 3283 4907 Ὅπου
3339 4852 3496 4907 θέλει
3533 4852 3689 4915 πνεῖ,
3741 4852 3807 4905 τὸ

2220 4937 2522 4993 ἀκάθεκτόν
2554 4939 2668 4990 ἐστι
2698 4936 3008 5007 δηλοῦντος,
3036 4937 3129 4989 καὶ
3171 4937 3252 4988 ὃτι
3298 4936 3560 5005 διαχεῖται
3600 4953 3809 4988 πανταο

2219 5020 2338 5092 χοῦ,
2387 5022 2483 5074 καὶ
2530 5022 2558 5073 6
2602 5018 2826 5073 κωλύων
2866 5020 3040 5082 οὐδεὶς
3090 5018 3213 5088 τῇδε
3254 5019 3479 5071 κάκεῖσε
3520 5018 3803 5089 φέρεσθαι,-

2222 5106 2358 5160 ἀλλά
2395 5105 2531 5175 μετὰ
2569 5103 2581 5153 i
2635 5104 2835 5174 πολλῆς
2878 5103 2981 5172 τῆς
3024 5101 3270 5166 ἐξουσίας
3306 5102 3674 5168 σκεδάννυται,
3712 5104 3809 5155 καὶ

2220 5189 2392 5252 οὐδεὶς
2418 5191 2446 5241 6
2475 5187 2672 5257 ἰσχύων
2699 5186 3050 5258 παρατρέψαι
3082 5185 3179 5256 τὴν
3211 5185 3397 5256 ῥύμην
3418 5185 3606 5240 αὑτοῦ.

2293 5272 2357 5344 β’.
2390 5272 2501 5325 Καὶ
2522 5273 2636 5338 τὴν
2669 5271 2878 5340 φωνὴν
2895 5268 3080 5323 αὑτοῦ
3110 5269 3377 5332 ἀκούεις·
3408 5269 3674 5333 τουτέστι,
3716 5270 3811 5323 τὸν

2222 5356 2488 5423 πάταγον,
2507 5356 2596 5407 τὸν
2622 5354 2844 5407 κτύπον·
2875 5354 3012 5408 ἀλλ’
3029 5355 3140 5406 οὐκ
3160 5348 3323 5418 οἶδας
3343 5355 3528 5407 πόθεν
3546 5353 3809 5419 ἔρχεται,

2223 5440 2323 5493 καὶ
2348 5440 2465 5493 ποῦ
2495 5438 2731 5508 ὑπάγει.
2769 5438 2968 5502 Οὕτως
3000 5437 3133 5489 ἐστὶ
3162 5434 3282 5501 πᾶς
3314 5440 3347 5489 ό
3375 5437 3812 5505 γεγεννημένος

2223 5524 2292 5576 ἐκ
2316 5523 2420 5576 τοῦ
2459 5524 2823 5591 Πνεύματος.
2868 5518 3135 5573 Ἐνταῦθά
3179 5520 3296 5572 ἐστι
3335 5519 3398 5572 τὸ
3434 5520 3812 5589 συμπέρασμα

2286 5655 2308 5682 ο
2335 5644 2432 5691 Alii
2474 5644 2777 5705 γεννώμενον.
2900 5639 3053 5705 Ξεινὶῐἒ
3079 5641 3162 5702 μὲν
3192 5641 3281 5705 γάρ
3320 5658 3480 5705 φησιν.
3534 5641 3808 5705 FQuidam

2218 5704 2404 5754 habent
2424 5702 2638 5765 ἀπάγων,
2664 5706 2808 5752 εἰπὼν
2833 5704 2884 5750 δὲ
2908 5705 3020 5750 ότ...
3037 5703 3185 5765 ἐστιν,
3213 5702 3316 5763 ἄγει
3332 5702 3491 5750 αὐτὸν
3526 5703 3602 5750 ἐπὶ
3624 5704 3684 5750 τὸ.
3706 5720 3809 5750 σω·

2220 5768 2537 5874 μαντικώτερα,
2569 5767 2693 5813 οὗτε,
2762 5768 2791 5801 Ι*
2816 5766 2957 5812 Alius
2990 5764 3179 5811 ἀκούων
3204 5765 3326 5811 πολὺ
3357 5770 3597 5835 χωρῆσαι.
3672 5768 3686 5803 1
3718 5766 3812 5810 ςυ-

2220 5830 2371 5874 νιΙ.άν
2394 5829 2444 5874 δὲ
2494 5832 2594 5874 ἐγη.
2614 5828 2889 5874 suspicatur
2915 5838 3031 5873 vero
3055 5828 3317 5874 legendum
3341 5827 3451 5872 ὁταν
3474 5826 3524 5874 δὲ
3544 5827 3675 5874 λέγῃ.
3701 5825 3807 5874 .‘Ju-

2219 5825 2371 5875 mm
2394 5829 2444 5874 δὲ
2465 5825 2594 5888 λέγῃ,
2614 5828 3031 5888 suspicaturjero
3055 5828 3317 5885 legendum
3341 5825 3451 5872 ὅταν
3474 5826 3524 5874 δὲ
3544 5827 3675 5888 λέγῃ.
3701 5825 3807 5875 .‘Jo-

2217 5894 2307 5939 ταί.
2333 5891 2371 5937 εἰ
2394 5891 2443 5939 δὲ
2458 5886 2581 5949 λέγει
2622 5886 2769 5939 ὺειὶο,
2845 5891 2856 5931 1
2893 5886 3061 5936 Morel.
3089 5889 3276 5949 καὶγὰρ
3299 5887 3430 5946 μετα,
