4094 6370
275 471 377 527 153

1298 458 1365 520 ΙΝ
1402 456 1715 519 JOANNEM
1754 459 1986 515 HOMIL.
2028 449 2220 514 XXVI.
2263 457 2337 512 al.
2376 449 2548 511 XXV.

3445 444 3548 503 154

933 592 949 621 ,
1144 600 1147 603 .
2822 588 2831 593 .

1605 671 1965 741 'HOMILIA
1998 663 2241 736 XXVI.

271 838 327 894 6.
367 835 513 900 Quod
541 844 717 887 uatum
746 841 817 886 est
850 848 913 886 ea:
950 848 1130 896 carne,
1158 846 1279 884 caro
1305 838 1410 891 est;
1434 836 1482 880 et
1523 822 1660 894 quod
1686 830 1861 876 natum

665 936 737 979 est
774 941 839 980 ea:
879 924 1098 994 Spiritu,
1127 923 1337 990 spiritus
1356 930 1448 974 est.
1654 922 1658 926 ‘

353 1065 402 1117 l.
442 1060 647 1131 Magnis
695 1077 794 1117 nos
835 1060 1109 1132 mysteriis
1138 1058 1386 1129 dignatus
1430 1063 1516 1113 est
1558 1053 1864 1125 unigenitus

279 1155 445 1209 Filius
488 1156 619 1218 Dei;
666 1153 911 1225 magnis,
956 1163 1011 1210 et
1055 1152 1253 1223 quibus
1278 1150 1421 1221 digni
1458 1166 1567 1204 non
1613 1162 1851 1214 eramus,

280 1244 376 1298 sed
405 1261 524 1314 qua:
553 1244 780 1299 decebat
817 1245 966 1298 illum
1012 1243 1162 1299 dare.
1194 1242 1327 1296 Nam
1378 1242 1422 1295 si
1454 1240 1644 1295 merita
1684 1247 1865 1293 nostra

279 1338 401 1407 quis
428 1345 659 1405 reputet,
705 1351 811 1390 non
842 1335 1015 1391 solum
1057 1334 1200 1389 dono
1241 1348 1458 1388 eramus
1501 1330 1726 1401 indigni,
1770 1329 1866 1384 sed

280 1430 543 1500 supplicio
583 1441 639 1485 et
678 1429 864 1485 ultioni
908 1429 1145 1484 obnoxii.
1188 1428 1294 1484 Sed
1338 1427 1391 1481 id
1439 1442 1544 1481 non
1576 1425 1867 1494 respiciens

280 1524 374 1578 ille
397 1565 411 1587 ,
441 1538 551 1578 non
597 1523 761 1578 modo
786 1539 883 1579 nos
908 1539 937 1576 a
969 1522 1232 1592 supplicio
1262 1521 1524 1586 liberavit,
1567 1518 1663 1574 sed
1702 1519 1865 1573 vitam

277 1617 503 1687 largitus
521 1626 603 1670 est
627 1617 792 1686 priori
815 1616 970 1685 longe
996 1615 1300 1678 clariorem;
1325 1614 1379 1667 in
1408 1612 1571 1667 alium
1599 1626 1697 1665 nos
1714 1626 1870 1664 mun-

279 1706 406 1761 dum
431 1707 661 1773 induxit,
694 1706 849 1761 aliam
877 1706 1113 1762 condidit
1141 1716 1442 1759 creaturam
1469 1722 1482 1757 :
1514 1704 1576 1758 Si
1604 1720 1703 1772 qua
1736 1703 1869 1756 enim

280 1801 335 1853 in
363 1798 565 1855 Christo
606 1815 735 1853 nova
772 1809 1004 1852 creatura
1034 1796 1110 1869 (2.
1143 1800 1259 1851 Cor.
1292 1796 1491 1865 5.17),
1526 1794 1713 1864 inquit.
1740 1793 1870 1861 Qum

284 1908 423 1947 nova
449 1889 731 1946 creatura?
775 1889 909 1943 Audi
941 1890 1113 1957 ipsum
1141 1906 1154 1941 :
1185 1887 1304 1941 Nisi
1324 1889 1433 1957 quis
1461 1896 1610 1939 natus
1632 1887 1781 1955 fuerit
1811 1900 1872 1939 ea:

282 2003 414 2051 aqua
439 1995 485 2039 et
513 1984 737 2054 Spiritu,
771 1999 869 2035 non
895 1983 1074 2052 poterit
1104 1981 1293 2033 intrare
1312 1980 1365 2031 in
1392 1995 1601 2049 regnum
1633 1977 1749 2030 Dei.
1775 1977 1875 2030 Pa-

284 2078 496 2133 radisus
526 2076 683 2130 nobis
702 2072 1046 2130 concreditus
1074 2072 1171 2127 fuit
1202 2074 1218 2103 ί
1244 2114 1260 2140 ,
1294 2087 1469 2141 neque
1501 2071 1645 2140 digni
1677 2070 1874 2124 fuimus

285 2171 375 2238 qui
399 2169 510 2223 illic
535 2182 899 2233 versaremur,
928 2177 980 2221 et
1008 2166 1062 2220 in
1093 2166 1279 2221 caelum
1298 2180 1395 2219 nos
1415 2165 1631 2219 extulit.
1658 2162 1712 2216 In
1732 2163 1875 2232 prio-

286 2262 435 2317 ribus
458 2261 641 2316 ﬁdeles
658 2276 764 2316 non
787 2260 1079 2325 fueramus,
1102 2268 1157 2313 et
1181 2258 1382 2329 majora
1413 2268 1589 2312 Lumen
1614 2258 1829 2312 tradidit
1856 2274 1870 2310 :

289 2368 393 2407 non
427 2352 699 2422 potuimus
736 2352 805 2408 ab
840 2365 949 2406 uno
975 2351 1247 2406 abstinere
1284 2351 1430 2420 ligno
1453 2390 1469 2415 ,
1515 2357 1572 2403 et
1618 2364 1878 2419 supernas

291 2445 517 2515 prmbnit
548 2444 768 2499 delicias
798 2460 815 2500 :
849 2444 902 2498 in
943 2442 1191 2513 paradiso
1233 2458 1340 2496 non
1384 2441 1874 2511 perseveravimus,

295 2547 348 2592 et
374 2537 538 2592 cmlos
570 2536 724 2590 nobis
744 2535 971 2606 aperuit.
992 2533 1123 2589 Jure
1154 2533 1289 2588 dixit
1310 2534 1507 2589 Paulus
1540 2550 1552 2586 :
1587 2532 1632 2587 0
1661 2532 1878 2585 altitudo

295 2634 585 2687 divitiarum
614 2631 880 2701 sapientia
917 2638 964 2684 et
1000 2630 1222 2684 scientia
1254 2628 1348 2683 Dei
1394 2629 1582 2700 (Rom.
1611 2630 1697 2683 ll.
1728 2629 1835 2698 55)
1862 2630 1876 2683 !

295 2726 405 2779 Non
439 2725 579 2778 ultra
619 2732 809 2786 mater,
843 2737 950 2776 non
992 2722 1129 2776 ultra
1160 2730 1343 2790 partus
1367 2761 1380 2786 ,
1411 2736 1517 2774 non
1539 2719 1747 2784 somni,
1773 2734 1881 2773 non

296 2818 610 2873 concubitus
635 2828 689 2871 et
715 2816 993 2886 amplexus
1026 2832 1039 2869 :
1074 2830 1286 2869 sursum
1314 2813 1528 2867 tandem
1552 2822 1757 2866 natura:
1778 2826 1879 2866 no-

295 2920 418 2965 stra:
450 2910 652 2965 texitur
678 2908 949 2978 Opiﬁcium
975 2922 1039 2961 ex
1057 2906 1257 2976 Spiritu
1279 2914 1334 2960 et
1352 2920 1508 2973 aqua.
1534 2906 1685 2974 Aqua
1702 2913 1881 2957 autem

294 3012 568 3071 assumpta
600 3008 685 3054 est
708 3040 723 3065 ,
754 3008 939 3069 partus
962 3000 1142 3070 genito
1172 2997 1330 3054 facta.
1359 2997 1511 3065 Quod
1552 3004 1637 3051 est
1684 2997 1881 3049 matrix

294 3092 598 3164 etnbryoni,
633 3092 733 3147 hoc
764 3102 848 3146 est
874 3106 1009 3161 aqua
1033 3089 1174 3145 ﬁdeli
1201 3106 1215 3144 :
1243 3088 1297 3144 in
1327 3103 1461 3159 aqua
1495 3088 1638 3143 enim
1670 3086 1884 3157 ﬁngitur

294 3198 347 3242 et
373 3187 655 3240 formatur.
686 3184 919 3238 Primum
956 3182 1268 3237 dicebatur:
1294 3180 1591 3234 Producant
1628 3195 1774 3249 aqua:
1798 3195 1883 3232 re-

294 3280 413 3351 ptile
437 3279 625 3331 unione
648 3276 855 3329 viventis
879 3274 1030 3345 (Gen.
1052 3275 1104 3329 l.
1122 3274 1213 3343 20)
1239 3290 1254 3338 ;
1282 3289 1347 3329 ex
1368 3288 1474 3344 quo
1495 3283 1673 3327 autem
1696 3272 1886 3327 Jorda-

297 3376 375 3428 nis
398 3372 599 3427 ﬂuenta
625 3372 898 3441 ingressus
922 3377 1004 3424 est
1030 3368 1308 3435 Dominus,
1344 3383 1449 3422 non
1504 3367 1735 3437 amplius
1788 3382 1879 3420 re—

296 3471 443 3540 ptilia
495 3469 795 3523 animarum
852 3466 1162 3531 viventium,
1195 3463 1291 3518 sed
1342 3463 1547 3517 animas
1596 3460 1886 3516 rationales

298 3562 560 3632 Spiritum
587 3569 834 3615 sanctum
878 3558 1110 3613 ferentes
1155 3571 1290 3626 aqua
1334 3554 1597 3625 producit.
1638 3555 1716 3607 Ac
1745 3552 1885 3623 quod

295 3655 363 3712 de
388 3655 507 3710 sole
546 3654 746 3709 dictum
776 3662 897 3719 est,
928 3651 1205 3721 Tamquam
1247 3665 1463 3719 sponsus
1509 3648 1784 3716 procedens
1824 3646 1887 3699 de

299 3748 527 3801 thalamo
562 3762 655 3800 suo
690 3743 861 3818 (Psal.
893 3744 978 3798 l8.
1010 3741 1104 3811 6);
1139 3742 1190 3796 id
1226 3741 1293 3795 de
1334 3740 1579 3794 ﬁdelibus
1618 3738 1730 3808 jam
1780 3737 1886 3792 dici

297 3842 487 3909 possit,
512 3839 605 3909 qui
652 3836 1045 3908 Splendidiores
1067 3850 1226 3905 quam
1265 3833 1345 3888 sol
1377 3832 1633 3888 emittunt
1683 3830 1884 3884 radios.

298 3933 405 3989 Sed
432 3931 661 4001 quodin
702 3930 858 3984 vulva
890 3927 1150 3982 formatur
1174 3967 1190 3992 ,
1235 3934 1477 3994 tempore
1514 3937 1648 3992 opus
1694 3922 1885 3987 habet;

297 4026 353 4081 in
382 4040 521 4095 aqua
553 4036 679 4078 vero
724 4037 830 4076 non
861 4021 972 4083 sic,
1022 4019 1117 4073 sed
1174 4032 1281 4071 uno
1332 4015 1589 4085 temporis
1618 4023 1890 4068 tntunento

298 4118 433 4173 ﬁunt
461 4117 663 4171 omnia.
695 4113 794 4169 Ubi
821 4111 962 4167 enim
996 4110 1134 4165 ﬂuxa
1176 4110 1280 4163 vita
1310 4124 1375 4163 ex
1403 4121 1659 4177 corporea
1699 4120 1887 4159 corru-

299 4212 483 4282 ptione
511 4208 828 4279 principium
849 4204 1223 4271 babet,moras
1250 4200 1412 4255 trahit
1433 4199 1485 4254 id
1513 4198 1655 4268 quod
1684 4198 1890 4267 paritur

300 4302 461 4375 (talis
487 4300 687 4370 quippe
714 4306 797 4352 est
817 4309 1106 4365 corporum
1136 4301 1324 4346 natura
1351 4309 1364 4346 :
1392 4299 1632 4359 tempore
1660 4288 1744 4342 illa
1771 4303 1893 4357 per-

300 4398 590 4453 fectionem
620 4392 925 4462 acquirunt)
955 4409 969 4445 :
998 4387 1296 4459 spiritualia
1343 4400 1471 4440 vero
1499 4399 1604 4437 non
1642 4383 1739 4437 sic.
1784 4381 1891 4437 Sed

303 4491 468 4562 quid?
499 4490 549 4544 Α
577 4487 835 4558 principio
865 4485 1100 4554 perfecta
1130 4490 1270 4535 sunt.
1293 4479 1488 4534 Verum
1515 4478 1639 4548 quia
1668 4476 1893 4531 Nicode-

307 4599 422 4638 mus
469 4583 589 4637 haec
617 4579 929 4649 frequenter
973 4574 1195 4629 audiens
1228 4570 1558 4634 turbabatur,
1591 4568 1710 4623 vide
1755 4582 1891 4637 quo-

305 4676 461 4731 modo
488 4673 591 4742 ipsi
618 4670 858 4742 mySterii
906 4682 1162 4722 arcanum
1185 4664 1411 4735 aperiat,
1443 4670 1497 4718 et
1539 4661 1740 4716 clarum
1768 4659 1892 4714 red-

307 4770 395 4824 dat
420 4769 470 4824 id
497 4766 641 4837 quod
672 4766 956 4820 obscurum
985 4770 1143 4816 antea
1162 4768 1311 4824 erat,
1345 4773 1465 4813 cum
1493 4756 1567 4811 ait
1597 4772 1611 4809 :
1639 4755 1787 4820 Quod
1808 4770 1895 4807 na-

310 4873 409 4914 tam
430 4870 503 4915 est
528 4875 594 4912 ea:
612 4872 786 4922 carne,
808 4860 932 4908 card
955 4862 1028 4906 est
1045 4867 1065 4917 ,'
1085 4860 1132 4907 et
1152 4850 1286 4920 quod
1306 4859 1482 4903 natum
1502 4858 1573 4901 est
1595 4863 1657 4900 ea:
1671 4845 1887 4915 Spiritu,

311 4955 515 5023 spiritus
558 4961 653 5005 est.
684 4948 859 5018 Ipsum
888 4946 1102 5002 abducit
1124 4961 1154 4999 a
1182 4945 1343 4999 rebus
1371 4942 1617 4997 omnibus
1643 4941 1741 4994 sub
1771 4954 1895 4994 sen-

312 5064 424 5101 sum
456 5043 805 5108 cadentibus,
837 5055 1013 5110 neque
1045 5039 1171 5094 sinit
1198 5037 1472 5106 corporeis
1493 5034 1664 5089 oculis
1695 5041 1897 5104 myste-

315 5138 385 5190 ria
416 5134 670 5191 serutari.
716 5131 833 5187 Non
860 5132 927 5186 de
947 5145 1141 5195 carne,
1172 5128 1373 5198 inquit,
1415 5125 1749 5188 disserimus,
1799 5121 1895 5177 sed

313 5230 377 5283 de
412 5227 643 5298 spiritu,
695 5239 731 5279 o
762 5221 1072 5279 Nicodeme.
1116 5220 1332 5275 Interim
1376 5234 1499 5274 eum
1546 5217 1613 5271 ad
1663 5230 1897 5285 superna

318 5320 649 5375 transmittit.
681 5316 823 5371 Nihil
853 5329 980 5385 ergo
1017 5313 1215 5369 sensile
1243 5326 1451 5382 quaeras
1482 5326 1495 5363 :
1525 5324 1646 5365 nam
1668 5309 1895 5379 Spiritus

318 5412 393 5465 his
419 5411 593 5466 oculis
622 5424 731 5463 non
758 5408 1082 5478 percipitur:
1109 5419 1282 5475 neque
1301 5411 1457 5474 putes
1494 5401 1636 5471 quod
1679 5415 1894 5455 carnem

316 5503 546 5573 Spiritus
574 5501 768 5572 pariat.

383 5591 570 5647 Christi
607 5605 729 5645 caro
766 5587 1020 5660 quomodo
1060 5596 1200 5641 nata.
1233 5584 1524 5656 Explicatio
1549 5582 1710 5648 illius,
1742 5579 1894 5648 Quod

323 5695 498 5739 natum
524 5692 610 5740 est
637 5697 703 5738 ex
727 5681 939 5752 spiritu,
958 5680 1177 5751 spiritus
1194 5685 1295 5745 est,
1314 5689 1360 5730 et
1380 5676 1541 5741 illius,
1562 5673 1788 5742 Spiritus
1807 5672 1894 5726 ubi

311 5905 359 5956 di
385 5845 403 5880 ³
432 5841 629 5901 Quidam
657 5838 864 5892 Codices
895 5837 1079 5888 habent
1118 5849 1132 5886 :
1167 5843 1206 5886 E
1242 5832 1532 5898 possessimte
1572 5833 1720 5881 tet-rte
1760 5824 1899 5881 exci-

375 5919 490 5956 nats.

375 5919 490 5956 mus.

1969 815 2084 870 vult
2109 815 2374 885 spirat.—
2392 814 2672 882 Quomodo
2699 830 2846 883 ergo.
2876 814 3070 869 dixerit
3096 814 3232 870 forte
3269 814 3558 885 quispiam,

1970 908 2201 972 Domini,
2236 921 2363 962 caro
2403 918 2523 960 nata
2563 907 2687 960 est?
2712 906 2828 961 Non
2877 921 2905 959 a
2947 906 3148 976 Spiritu
3178 915 3420 972 tantum,
3463 904 3556 959 sed

1969 1001 2129 1056 etiam
2176 1016 2206 1054 a
2237 1015 2430 1061 carne;
2475 998 2618 1069 quod
2646 998 2843 1053 Paulus
2892 998 2975 1052 his
3015 999 3191 1052 verbis
3240 998 3509 1068 signiﬁca:
3545 1014 3559 1051 :

1971 1091 2192 1147 Factum
2218 1108 2281 1145 ea:
2305 1090 2540 1157 muliere,
2580 1094 2773 1161 factum
2795 1091 2885 1144 sub
2912 1092 3019 1161 tege
3040 1090 3180 1162 (Gal.
3208 1091 3264 1145 4.
3288 1090 3365 1161 4).
3391 1090 3563 1160 Spiri-

1972 1194 2058 1240 tus
2088 1186 2231 1241 enim
2254 1185 2401 1239 illam
2423 1185 2499 1237 sic
2523 1182 2791 1248 formavit,
2817 1198 2923 1237 non
2956 1198 3020 1237 ex
3049 1181 3218 1237 nihilo
3248 1200 3260 1234 :
3291 1197 3412 1236 nam
3434 1180 3563 1251 quid

1972 1292 2106 1348 opus
2130 1278 2318 1333 fuisset
2337 1276 2529 1332 volva?
2560 1276 2653 1331 sed
2695 1291 2759 1330 ex
2791 1276 3029 1345 virginea
3058 1290 3221 1329 carne
3250 1294 3264 1329 :
3293 1278 3565 1345 quomodo

1973 1381 2174 1437 autem,
2204 1386 2310 1425 non
2343 1385 2561 1440 possum
2592 1368 2882 1437 explicare.
2907 1365 3038 1421 Illud
3067 1382 3227 1436 porro
3246 1366 3438 1421 factum
3459 1371 3563 1429 est,
3588 1385 3594 1392 ·

1974 1482 2042 1521 ηε
2060 1466 2179 1536 quis
2202 1466 2436 1520 alienum
2463 1480 2493 1519 a
2522 1472 2710 1517 natura
2742 1470 2923 1516 nostra
2955 1469 3166 1531 partum
3199 1461 3343 1514 illum
3372 1457 3561 1513 existi-

1974 1565 2165 1611 maret.
2196 1556 2326 1610 Nam
2355 1555 2400 1609 si
2429 1570 2488 1609 re
2517 1554 2594 1608 sic
2624 1560 2773 1622 gesta
2793 1593 2809 1619 ,
2843 1560 2966 1606 sunt
3007 1560 3183 1604 tamen
3214 1549 3425 1620 quidam
3473 1548 3563 1617 qui

1975 1647 2139 1701 talem
2168 1661 2274 1699 non
2297 1643 2525 1699 credunt
2553 1642 2957 1713 generationem
2980 1657 2993 1703 ;
3021 1640 3121 1693 nisi
3150 1632 3426 1709 virginalis
3447 1653 3568 1691 car-

1977 1738 2058 1791 nis
2086 1737 2358 1806 particeps
2388 1734 2598 1798 fuisset,
2631 1748 2737 1804 quo
2766 1747 2872 1787 non
2898 1731 3271 1801 prorupissent
3314 1728 3565 1797 impieta-

1977 1830 2090 1885 tis?
2125 1829 2274 1896 Quod
2319 1836 2493 1881 uatum
2532 1837 2601 1881 est
2630 1843 2691 1879 ca:
2722 1825 2956 1895 Spiritu,
3002 1823 3213 1893 spiritus
3255 1832 3345 1875 est.
3379 1820 3569 1874 Viden’

1978 1921 2209 1991 Spiritus
2241 1919 2588 1989 dignitatem?
2616 1918 2746 1971 Nam
2778 1917 2872 1970 Dei
2903 1930 3039 1985 opus
3065 1915 3154 1969 ille
3180 1912 3365 1969 efficit.
3396 1912 3568 1980 Supra

1978 2017 2210 2079 diccbat,
2237 2014 2321 2069 Ea:
2352 2014 2461 2069 Deo
2486 2014 2593 2066 nati
2613 2022 2727 2067 sunt
2753 2028 2769 2075 ;
2800 2012 2889 2064 hic
2918 2024 3043 2064 vero
3065 2009 3199 2063 dixit
3222 2010 3366 2076 ipsos
3390 2022 3419 2060 a
3447 2006 3571 2075 Spi-

1980 2116 2085 2165 ritu
2116 2110 2256 2179 gigni
2290 2127 2302 2162 :
2341 2108 2492 2175 Quod
2522 2118 2695 2160 natum
2720 2115 2873 2161 estea:
2896 2105 3117 2175 Spiritu,
3142 2104 3351 2174 spiritus
3378 2112 3487 2165 est;
3518 2101 3571 2156 id

1981 2211 2082 2268 est,
2113 2201 2211 2269 Qui
2240 2209 2396 2254 natus
2425 2208 2511 2254 est
2535 2215 2600 2253 ex
2630 2198 2853 2268 Spiritu,
2877 2195 3169 2265 spiritualis
3195 2204 3297 2249 est.
3327 2193 3568 2249 Genera-

1982 2293 2183 2347 tionem
2206 2292 2402 2361 quippe
2433 2289 2521 2343 hic
2565 2304 2671 2343 non
2708 2288 2999 2343 secundum
3031 2285 3385 2341 substantiam
3415 2284 3568 2349 dicit,

1982 2383 2076 2438 sed
2106 2382 2397 2438 secundum
2428 2381 2685 2435 honorem
2715 2388 2769 2433 et
2804 2379 3049 2448 gratiam.
3081 2375 3137 2431 Si
3167 2389 3295 2444 ergo
3323 2374 3465 2428 ﬁlius
3494 2374 3572 2428 sic

1984 2484 2143 2530 natus
2169 2484 2270 2539 est,
2305 2472 2431 2543 quid
2460 2471 2689 2541 amplius
2719 2469 2941 2529 habebit
2978 2482 3139 2538 quam
3164 2466 3343 2521 caeteri
3389 2465 3572 2519 homi-

1984 2582 2103 2633 nes,
2152 2566 2242 2636 qni
2296 2566 2366 2619 ita
2411 2564 2519 2618 nati
2564 2562 2726 2617 sunt?
2779 2560 3049 2631 quomodo
3090 2559 3411 2629 Unigenitus
3458 2556 3573 2611 est?

1985 2657 2116 2712 Nam
2147 2665 2202 2712 et
2229 2671 2330 2726 ego
2358 2672 2422 2710 ex
2452 2656 2563 2709 Deo
2586 2663 2745 2709 natus
2779 2668 2918 2717 sum,
2948 2651 3041 2706 sed
3081 2666 3187 2706 non
3215 2665 3279 2704 cx
3308 2648 3422 2718 ejus
3448 2648 3574 2703 sub-

1984 2751 2200 2804 stantia.
2253 2748 2307 2803 Si
2339 2762 2468 2817 ergo
2512 2761 2687 2815 neque
2728 2745 2840 2814 ipse
2888 2759 2954 2798 ex
2984 2742 3101 2812 ejus
3139 2740 3435 2796 substantia
3461 2780 3476 2805 ,
3519 2739 3573 2793 in

1987 2858 2093 2911 quo
2141 2839 2319 2893 dill‘ert
2356 2855 2386 2892 a
2419 2837 2610 2893 nobis?
2636 2837 2723 2891 Sic
2758 2851 2972 2906 quoque
2997 2834 3196 2903 Spiritu
3223 2846 3398 2886 mmor
3422 2845 3575 2885 inve-

1988 2934 2183 2987 nietur.
2217 2930 2347 2984 Nam
2380 2928 2683 2999 hujusmodi
2713 2927 2988 2997 generatio
3017 2926 3075 2978 fit
3095 2940 3161 2979 ex
3192 2924 3422 2993 Spiritus
3451 2936 3575 2991 gra-

1991 3026 2083 3080 tia.
2106 3022 2244 3078 Num
2268 3037 2396 3092 ergo
2423 3031 2479 3074 ut
2506 3020 2676 3075 Filius
2702 3026 2934 3081 maneat,
2957 3015 3189 3086 Spiritus
3214 3013 3412 3067 auxilio
3441 3026 3576 3080 epus

1987 3114 2187 3169 habet?
2210 3111 2410 3183 Ecquid
2430 3113 2543 3166 lucc
2568 3124 2598 3163 a
2618 3108 2837 3165 Judaica
2863 3109 3100 3162 doctrina
3132 3103 3417 3159 differunt?
3442 3102 3575 3157 Cum

1987 3208 2213 3263 dixisset
2242 3221 2370 3275 ergo
2394 3204 2661 3269 Christus,
2690 3201 2791 3268 Qui
2820 3210 2977 3255 natus
3001 3208 3083 3253 est
3122 3214 3186 3253 cx
3210 3196 3433 3266 Spiritu,
3461 3194 3576 3264 spi-

1988 3302 2125 3355 ritus
2156 3308 2269 3365 est;
2298 3296 2443 3368 quod
2475 3296 2743 3350 turbatum
2791 3293 2935 3347 illum
2980 3290 3152 3343 adhuc
3194 3298 3464 3354 cerneret,
3508 3285 3577 3340 ad

1988 3390 2244 3447 sensibile
2280 3387 2585 3454 exemplum
2618 3384 2976 3456 progreditur.
3004 3383 3058 3435 7.
3094 3379 3177 3434 Ne
3222 3379 3454 3444 mireris,
3491 3376 3577 3431 in-

1988 3486 2123 3556 quit,
2168 3484 2285 3553 quia
2318 3482 2424 3536 dixi
2465 3480 2573 3547 tibi,
2604 3479 2813 3549 Oportet
2838 3493 2929 3530 nos
2950 3475 3091 3529 nasci
3110 3474 3295 3527 demta.
3326 3472 3379 3527 8.
3410 3471 3579 3541 Spiri-

1990 3587 2069 3632 tus
2092 3577 2175 3631 ubi
2202 3576 2305 3629 vult
2333 3574 2512 3643 spirat.
2544 3570 2678 3627 Cum
2707 3569 2856 3634 dicit,
2882 3566 2965 3621 Ne
3001 3565 3218 3629 mireris,
3259 3564 3375 3631 ejus
3410 3562 3579 3616 animi

1990 3666 2447 3739 perturbationem
2479 3662 2766 3733 signiﬁcat,
2816 3666 2870 3713 et
2914 3657 2981 3712 ad
3025 3655 3362 3710 subtiliorem
3389 3668 3581 3722 corpo-

1990 3777 2109 3816 rum
2138 3758 2406 3813 rationcm
2434 3754 2672 3809 deducit.
2703 3750 2835 3806 Nam
2866 3765 2895 3809 a
2927 3747 3233 3803 carnalibus
3276 3746 3449 3814 ipsum
3478 3742 3581 3797 ab-

1990 3854 2217 3907 duxerat
2245 3849 2328 3903 his
2347 3847 2547 3913 verbis,
2581 3844 2729 3913 Quod
2754 3851 2931 3895 natum
2951 3849 3023 3894 est
3048 3856 3111 3893 ea:
3132 3838 3353 3909 Spiritu,
3371 3837 3582 3906 spiritus

1992 3953 2082 3998 est.
2114 3942 2248 4008 Quia
2282 3955 2408 3995 vero
2450 3954 2557 3993 non
2604 3935 2941 4004 intelligebat
2984 3932 3076 3986 ille
3105 3930 3233 4000 quid
3266 3930 3367 3983 hoc
3412 3939 3575 3994 esset,

1994 4048 2177 4088 rursus
2205 4032 2351 4085 illutn
2378 4028 2444 4088 ad
2473 4028 2629 4082 aliam
2665 4024 2917 4080 transfert
2943 4020 3227 4093 imaginem
3250 4062 3266 4088 ,
3297 4034 3473 4089 neque
3511 4019 3581 4073 ad

1991 4138 2276 4195 corporum
2305 4119 2715 4175 crassitudinem
2761 4116 3055 4180 adducens,
3088 4129 3261 4184 neque
3308 4113 3375 4167 de
3406 4113 3583 4166 incor-

1996 4215 2172 4285 poreis
2199 4213 2419 4267 omnino
2448 4211 2674 4281 loquens
2721 4208 2934 4280 (neque
2971 4208 3114 4262 enim
3165 4213 3374 4276 poterat
3410 4204 3462 4259 id
3493 4205 3583 4257 ille

1995 4306 2360 4377 intelligere);
2390 4304 2486 4359 sed
2517 4301 2753 4357 medium
2776 4298 2975 4369 aliquid
3006 4312 3320 4368 corporeum
3362 4296 3501 4350 inter
3526 4302 3584 4350 et

1994 4402 2370 4468 incorporeum
2403 4396 2637 4460 invenit,
2680 4394 2827 4448 venti
2874 4406 3066 4461 nempe
3097 4392 3382 4459 impetum;
3433 4387 3585 4442 inde-

1994 4508 2099 4563 quc
2127 4491 2275 4546 illum
2316 4489 2572 4542 instituit.
2610 4487 2685 4540 De
2721 4493 2883 4539 vento
2912 4496 3141 4551 namque
3187 4481 3316 4535 dicit
3346 4497 3360 4534 :
3398 4478 3584 4534 Vocem

1995 4586 2103 4655 ejus
2131 4583 2278 4636 audis
2293 4597 2314 4647 ;
2339 4581 2428 4634 sed
2455 4581 2615 4634 nescis
2644 4578 2777 4631 unde
2804 4576 2989 4639 veniat,
3012 4583 3101 4627 aut
3129 4589 3227 4644 quo
3249 4572 3417 4626 vadat.
3445 4571 3581 4626 Cum

1997 4676 2144 4740 dicit,
2190 4673 2288 4728 Ubi
2326 4675 2433 4726 vult
2473 4672 2652 4742 spirat,
2682 4682 2788 4723 non
2819 4665 3080 4735 signiﬁcat
3105 4672 3323 4719 ventum
3355 4663 3583 4717 arbitrio

1998 4784 2095 4823 suo
2115 4766 2273 4831 ferri;
2318 4764 2411 4819 sed
2454 4760 2751 4817 naturalem
2784 4758 2898 4827 ejus
2930 4757 3185 4824 impetum
3227 4763 3282 4808 et
3329 4756 3437 4808 vim
3465 4754 3585 4807 sine‘

1998 4861 2378 4933 impedimento
2401 4859 2583 4913 latam.
2607 4854 2759 4909 Solet
2803 4852 2945 4906 enim
2990 4848 3264 4917 Scriptura
3306 4847 3469 4902 etiam
3514 4846 3583 4901 de

1999 4954 2306 5012 inanimatis
2335 4954 2404 5006 ita
2434 4949 2598 5019 loqui,
2633 4955 2690 5001 ut
2714 4958 2838 4999 cum
2864 4941 2992 4997 dicit
3029 4959 3044 4994 :
3082 4939 3308 4993 Vanitati
3349 4949 3584 4993 creatura

1996 5049 2220 5117 subjecta
2240 5054 2433 5099 estnon
2453 5041 2621 5095 uolens
2648 5037 2821 5110 (Rom.
2848 5035 2900 5090 8.
2931 5032 3044 5103 20).
3073 5031 3207 5086 Illud
3260 5032 3442 5101 igitur,
3482 5029 3583 5085 Ubi

1997 5145 2103 5199 uutt
2149 5142 2341 5210 spirat,
2390 5152 2497 5191 non
2552 5146 2708 5204 posse
2747 5129 2895 5184 illum
2942 5126 3159 5181 retineri
3203 5122 3482 5194 signiﬁcat,
3529 5133 3583 5177 et

2001 5237 2195 5305 ubique
2216 5229 2462 5294 diffundi,
2496 5227 2870 5291 neminemque
2890 5220 3037 5273 illum
3061 5217 3343 5286 impedire,
3375 5216 3585 5284 quomi-

1999 5344 2100 5382 nus
2132 5328 2234 5379 huc
2257 5324 2383 5377 illuc
2405 5320 2640 5377 feratur;
2672 5313 2767 5369 sed
2797 5328 2989 5382 magna
3015 5311 3069 5363 vi
3109 5307 3330 5375 effundi,
3367 5306 3585 5361 nemine

2000 5421 2252 5487 impetum
2274 5426 2525 5469 coercere
2550 5408 2779 5462 valente.

2068 5509 2123 5563 2.
2144 5507 2210 5560 Et
2230 5520 2397 5560 vocem
2418 5503 2527 5573 ejus
2551 5499 2734 5563 audis;
2762 5496 3041 5565 strepitum
3067 5504 3259 5560 nempe
3280 5499 3335 5545 et
3349 5503 3540 5545 sonum
3565 5507 3579 5544 :

1998 5602 2085 5656 sed
2105 5598 2265 5652 nescis
2287 5594 2419 5648 unde
2442 5592 2626 5655 ueniat,
2654 5598 2740 5642 aut
2766 5603 2864 5655 quo
2890 5584 3061 5639 vadat.
3093 5582 3181 5637 Sic
3206 5592 3281 5637 est
3309 5583 3473 5637 omnis
3495 5585 3582 5653 qui

1998 5703 2148 5747 natus
2194 5696 2266 5742 est
2294 5702 2355 5740 ex
2400 5682 2618 5753 Spiritu.
2668 5679 2794 5733 Haae
2839 5674 3110 5730 conclusio
3164 5681 3266 5728 est.
3321 5672 3376 5728 Si
3427 5672 3584 5743 hujus

1998 5784 2140 5841 venti
2168 5824 2183 5840 .
2218 5777 2416 5850 inquit,
2452 5789 2610 5846 quem
2637 5785 2796 5826 sensu
2819 5810 2835 5835 ,
2864 5781 3058 5836 nempe
3084 5766 3267 5819 auditu
3313 5777 3367 5819 et
3396 5775 3537 5820 tactu
3565 5805 3579 5827 ,

2001 5875 2265 5950 percipis,
2316 5873 2569 5941 impetum
2613 5863 2881 5936 explicare
2926 5875 3029 5915 non
3074 5870 3257 5928 potes,
3304 5874 3400 5912 nec
3445 5859 3581 5911 viam
