4094 6370
447 346 555 402 135

445 466 563 534 ejus
592 461 771 526 nosti;
795 474 891 515 cur
929 454 1093 513 divini
1122 452 1356 525 Spiritus
1402 448 1770 521 operationem
1823 444 2036 500 curiose

446 557 719 625 exploras,
747 553 837 623 qui
866 549 1013 605 venti
1045 546 1154 601 vim
1180 560 1285 633 rion
1311 541 1579 611 intelligis,
1611 539 1713 595 etsi
1733 551 1922 593 sonum
1944 551 2040 590 au-

451 648 606 702 dias?
648 644 781 700 lllud
812 642 995 708 enim»,
1022 638 1120 694 Ubi
1145 628 1249 690 vult
1274 636 1462 704 spirat,
1490 633 1559 687 de
1594 628 1855 686 Paracleti
1890 634 2039 696 pote-

447 748 587 792 state
606 737 806 791 dictum
825 742 927 799 est,
949 740 1003 787 et
1022 731 1099 785 sic
1124 726 1496 798 explicandum
1522 741 1535 777 :
1565 722 1620 778 Si
1638 730 1856 775 ventum
1880 731 2039 773 nemo

446 829 683 893 cohibet,
714 825 809 881 sed
835 838 941 894 quo
968 822 1079 876 vult
1105 821 1193 874 ille
1219 819 1409 882 fertur,
1436 815 1603 871 multo
1621 813 1788 883 magis
1808 810 2039 881 Spiritus

448 921 812 990 operationem
832 930 932 971 nec
956 924 1160 969 natura:
1181 912 1327 982 leges
1342 908 1619 980 quaelibet,
1642 920 1742 960 nec
1767 917 2040 973 corporeae

449 1010 808 1083 generationis
838 1008 1048 1062 termini
1076 1047 1089 1072 ,
1123 1020 1222 1059 nec
1250 1002 1451 1074 quaevis
1480 1001 1580 1054 alia
1609 996 1909 1067 hujusmodi
1942 1011 2039 1065 po-

451 1113 627 1161 terunt
640 1101 909 1157 cohibere.
933 1097 1084 1165 Quod
1102 1104 1277 1151 autem
1295 1094 1361 1148 de
1378 1102 1536 1147 vento
1553 1090 1759 1145 dicatur
1779 1088 1927 1153 illud,
1943 1086 2045 1139 Vo-

452 1211 557 1249 cem
567 1196 677 1264 ejus
693 1190 988 1256 audis,inde
1006 1188 1341 1259 perspicuum
1357 1182 1643 1252 est.Neque
1658 1181 1798 1235 enim
1818 1178 2038 1241 infideli,

451 1286 542 1357 qui
569 1302 672 1339 non
705 1293 887 1338 nosset
917 1280 1285 1351 operationem
1314 1275 1543 1347 Spiritus
1568 1272 1823 1335 dixisset,
1863 1269 2044 1322 Vocem

453 1380 565 1449 ejus
591 1376 760 1431 audis.
789 1370 1249 1441 Quemadmodum
1277 1369 1436 1439 igitur
1463 1374 1653 1420 ventus
1674 1379 1777 1417 non
1804 1368 2042 1431 apparet,

452 1466 664 1525 etiamsi
691 1482 883 1523 sonum
915 1466 1160 1520 emittat:
1194 1463 1271 1517 sic
1311 1475 1411 1515 nec
1448 1458 1735 1528 spiritualis
1772 1454 2046 1526 generatio

452 1564 624 1618 oculis
647 1561 920 1630 corporeis
948 1556 1289 1629 perspicitur.
1321 1554 1481 1623 Atqui
1509 1559 1696 1605 ventus
1720 1559 1802 1603 est
1828 1562 2043 1615 corpus,

456 1657 582 1711 licet
611 1655 980 1710 tenuissimum
1016 1669 1028 1705 :
1059 1665 1181 1704 nam
1212 1647 1353 1718 quod
1384 1644 1561 1700 sensui
1593 1642 1892 1711 subjicitur,
1921 1654 2045 1693 cor-

456 1765 554 1818 pus
569 1757 669 1804 est.
696 1748 752 1802 Si
783 1761 910 1816 ergo
928 1760 1035 1800 non
1058 1758 1199 1812 aegre
1220 1742 1324 1795 fers
1340 1738 1481 1809 quod
1499 1752 1694 1807 corpus
1717 1750 1822 1788 non
1839 1733 2042 1796 videas,

459 1856 635 1910 neque
676 1840 795 1894 ideo
833 1839 1005 1907 ipsum
1033 1851 1153 1890 esse
1187 1832 1468 1897 diffiteris;
1496 1845 1591 1883 cur
1611 1829 1677 1883 de
1713 1827 1901 1896 Spiritu
1948 1840 2047 1879 au-

456 1933 610 1987 diens
634 1930 864 1985 turbaris
884 1971 899 1995 ,
928 1937 982 1982 et
1009 1936 1084 1980 tot
1112 1926 1349 1979 rationes
1377 1922 1580 1991 exigis,
1618 1936 1739 1974 cum
1774 1927 1948 1972 tamen
1996 1916 2047 1970 id

457 2024 599 2077 circa
629 2035 823 2089 corpus
852 2035 957 2072 non
986 2017 1151 2087 agas?
1177 2013 1312 2082 Quid
1334 2028 1462 2083 ergo
1481 2008 1838 2065 Nicodemus?
1863 2006 2050 2061 Adhuc

460 2116 511 2168 in
536 2114 755 2169 Judaica
778 2112 978 2165 vilitate
1002 2118 1202 2174 manet,
1231 2122 1353 2161 cum
1376 2116 1481 2159 tam
1508 2101 1844 2157 manifestum
1871 2114 2051 2155 exem-

460 2211 605 2279 plum
632 2204 918 2273 acceperit.
940 2202 1035 2257 Cui
1064 2200 1237 2254 adhuc
1257 2214 1376 2253 cum
1401 2196 1564 2251 dubio
1587 2194 1805 2257 dicenti,
1831 2194 1883 2246 9.
1909 2192 2048 2259 Quo-

462 2300 612 2352 modo
632 2304 836 2365 possunt
854 2296 956 2348 luet
980 2294 1126 2362 ﬁeri?
1149 2288 1514 2345 vehementius
1530 2286 1657 2341 dicit
1675 2284 1938 2348 Christus,
1962 2281 2049 2336 10.

463 2390 541 2445 Tu
561 2407 611 2443 es
634 2389 866 2458 magister
880 2387 932 2438 in
956 2384 1140 2449 Israel,
1162 2391 1208 2436 et
1230 2382 1337 2435 lucc
1363 2382 1567 2451 ignoras
1590 2378 1615 2431 ?
1636 2375 1765 2430 Vide
1782 2372 2052 2444 quomodo

462 2498 723 2553 nusquam
750 2495 872 2535 cum
897 2478 966 2533 de
997 2476 1225 2540 malitia,
1259 2473 1352 2527 sed
1396 2471 1463 2525 de
1491 2468 1780 2524 stoliditate
1824 2465 1999 2535 potius
2032 2465 2050 2495 ί

462 2593 527 2632 ac
547 2575 886 2644 simplicitate
914 2579 1150 2625 accusat.
1186 2565 1392 2637 Ecquid
1424 2563 1584 2619 habet
1603 2572 1885 2615 commune
1906 2557 2057 2611 dixe-

463 2671 533 2725 rit
560 2668 844 2738 quiSpiam,
879 2664 992 2718 haec
1013 2658 1287 2732 generatio
1312 2672 1433 2713 cum
1459 2654 1695 2710 Judaicis
1720 2650 1919 2706 rebus?
1942 2646 2050 2705 Sed

464 2760 591 2831 quid
613 2802 627 2825 ,
659 2771 839 2829 quaeso
860 2796 874 2819 ,
907 2770 1012 2808 non
1043 2749 1366 2807 commune?
1396 2747 1605 2802 Etenim
1636 2743 1791 2815 primi
1819 2740 2051 2796 hominis

464 2851 750 2917 formatio,
803 2864 1008 2902 necnon
1054 2842 1291 2898 mulieris
1338 2856 1402 2896 ex
1446 2838 1611 2891 latere
1654 2835 1888 2901 eductas,
1920 2830 2055 2885 item

466 2942 680 2997 steriles
699 2981 714 3006 ,
747 2948 803 2995 et
827 2954 887 2993 ea
918 2951 1041 3007 qua:
1067 2950 1166 3006 per
1195 2948 1360 3003 aquas
1384 2930 1615 3000 perfecta
1646 2935 1805 2992 sunt,
1834 2925 1885 2979 in
1914 2922 2058 2978 fonte

467 3032 751 3093 videlicet,
795 3028 939 3083 unde
984 3027 1207 3080 Elisa-us
1253 3023 1454 3077 ferrum
1484 3018 1699 3083 eduxit;
1740 3031 1802 3069 ea
1841 3030 1958 3083 quae
2002 3013 2057 3067 in

471 3123 607 3180 mari
643 3121 846 3178 Rubro.
878 3117 1020 3189 quod
1053 3116 1377 3185 trajecerunt
1398 3111 1597 3174 Judaei;
1630 3125 1691 3163 ea
1719 3121 1837 3177 qua:
1869 3107 1920 3159 in
1973 3103 2056 3172 pi-

470 3217 643 3281 scina,
671 3229 827 3284 quam
857 3211 1078 3280 angelus
1112 3206 1364 3278 agitabat,
1390 3213 1445 3259 et
1469 3216 1587 3272 qua:
1607 3200 1673 3254 ad
1703 3198 1934 3252 Neeman
1962 3195 2060 3266 Sy-

473 3325 590 3363 rum
635 3314 915 3377 spectant,
961 3303 1049 3374 qui
1096 3302 1149 3355 in
1195 3298 1429 3354 Jordane
1474 3294 1759 3349 mundatus
1786 3301 1908 3345 est:
1945 3289 2059 3342 haec

475 3404 689 3472 inquam
712 3400 888 3454 omnia
911 3394 1313 3467 generationem
1343 3401 1396 3445 et
1418 3390 1780 3460 purgationem
1804 3385 2056 3449 futuram,

474 3496 623 3565 quasi
670 3495 719 3547 in
753 3492 914 3562 figura
946 3486 1402 3559 praenuntiabant;
1434 3498 1638 3537 necnon
1678 3478 2059 3550 prophetarum

476 3588 617 3641 dicta
645 3587 785 3639 hunc
810 3580 1059 3636 nascendi
1090 3580 1304 3633 modum
1349 3574 1756 3630 subindicabant
1776 3612 1790 3636 ,
1832 3565 2060 3640 exempli

477 3694 673 3733 causa:
727 3675 1122 3731 Annuntiabitur
1168 3670 1385 3724 Domino
1428 3667 1680 3739 generatio
1731 3673 1977 3726 ventura,
2017 3671 2063 3714 et

477 3771 847 3826 annuntiabunt
873 3768 1129 3839 justitiam
1175 3766 1285 3834 ejus
1313 3763 1500 3832 populo
1519 3760 1603 3830 qui
1628 3767 1878 3819 nascetur,
1919 3770 2064 3825 quem

481 3868 595 3937 fecit
621 3864 868 3918 Dominus
899 3860 1068 3931 (Psal.
1094 3858 1185 3912 9-1.
1210 3856 1299 3924 ’54)
1323 3873 1338 3921 ;
1383 3864 1436 3909 et
1463 3852 1611 3918 illud,
1642 3849 1981 3905 Renovabitur
2011 3856 2066 3900 ut

469 3942 664 4027 aquila:
695 3957 933 4025 juventus
963 3962 1049 4005 tua
1076 3949 1246 4023 (Psul.
1276 3947 1397 4002 102.
1424 3946 1511 4017 5);
1557 3945 1720 4009 item,
1759 3941 2066 3996 llluminare

477 4050 767 4106 Jerusalem
793 4064 812 4101 :
839 4063 950 4101 ecce
978 4046 1087 4100 Rea:
1108 4053 1220 4095 tuus
1246 4043 1376 4095 venit
1399 4038 1552 4108 (Isai.
1580 4037 1667 4092 (50.
1698 4035 1751 4107 1)
1774 4054 1789 4093 :
1818 4044 1892 4100 et,
1921 4034 2068 4088 Beati

481 4160 696 4214 quorum
717 4140 938 4194 remissa:
960 4146 1076 4193 sunt
1100 4135 1387 4204 iniquitates
1414 4131 1582 4204 (Psal.
1609 4131 1699 4185 51.
1730 4129 1802 4199 1).
1832 4128 1899 4182 Ει
1923 4126 2068 4180 Isaac

481 4250 694 4306 quoque
735 4234 899 4303 figura
930 4237 1046 4284 erat
1075 4228 1234 4296 hujus
1260 4223 1639 4295 generationis.
1691 4220 1784 4275 Dic
1822 4220 1963 4274 cnim
1988 4258 2002 4283 ,
2035 4232 2068 4271 ο

484 4327 807 4389 Nicodeme,
839 4320 1107 4394 quomodo
1138 4329 1293 4373 natus
1316 4319 1404 4371 ille
1436 4317 1554 4371 est?
1582 4331 1647 4367 an
1670 4314 1787 4382 lege
1825 4310 2069 4366 natura)?

485 4422 825 4491 Nequaquam
859 4434 870 4469 :
906 4428 1033 4483 ergo
1060 4410 1272 4482 quidam
1303 4408 1509 4464 medius
1532 4407 1671 4461 inter
1692 4405 1829 4458 hanc
1849 4413 1903 4457 et
1925 4401 2067 4455 illam

484 4511 881 4583 generationem
914 4506 1103 4561 modus
1124 4513 1269 4567 erat,
1294 4503 1383 4557 illa
1408 4500 1548 4555 enim
1577 4515 1643 4553 ex
1664 4496 1943 4553 concubitu
1965 4504 2067 4558 est,

490 4606 577 4659 hic
604 4618 736 4658 vero
765 4617 872 4656 non
897 4616 964 4654 ex
994 4595 1340 4666 sanguinibus
1372 4602 1524 4645 natus
1554 4599 1656 4646 est.
1687 4589 1799 4658 Ego
1826 4601 1953 4641 vero
1978 4584 2072 4638 de-

489 4696 801 4751 monstrabo
825 4734 841 4758 ,
870 4706 975 4744 non
1004 4688 1141 4743 hanc
1168 4685 1326 4740 modo
1353 4682 1776 4753 generationem,
1807 4677 1901 4732 sed
1922 4684 1977 4731 et
2005 4675 2073 4729 il-

489 4790 595 4842 lam
637 4802 702 4840 ex
733 4784 949 4853 Virgine
972 4824 987 4847 ,
1041 4781 1188 4834 hisce
1236 4777 1409 4833 modis
1444 4773 1850 4846 praenuntiatum
1886 4769 2069 4823 fuisse.

488 4880 624 4947 Quia
650 4878 793 4934 enim
839 4890 997 4930 nemo
1030 4872 1182 4927 facile
1208 4870 1510 4925 crediturus
1540 4875 1654 4923 erat
1681 4863 1940 4933 virginem
1982 4875 2075 4929 pa-

494 4988 635 5037 rere,
665 4967 878 5025 steriles
903 4967 1155 5036 primum,
1187 4961 1380 5017 deinde
1404 4974 1507 5013 non
1540 4956 1698 5011 modo
1727 4952 1958 5017 steriles,
1983 4949 2074 5003 sed

491 5066 653 5121 etiam
681 5076 814 5117 anus
844 5065 1164 5130 pepererunt
1187 5074 1200 5108 :
1230 5052 1470 5125 quamvis
1496 5051 1652 5120 longe
1674 5045 1965 5101 mirabilius
1986 5042 2075 5104 sit,

496 5176 561 5214 ex
588 5166 738 5213 costa
768 5154 1044 5207 mulierem
1079 5148 1227 5213 fieri;
1261 5160 1445 5201 verum
1468 5143 1588 5213 quia
1621 5138 1748 5193 illud
1775 5132 2080 5204 antiquissi-

496 5264 640 5304 mutn
669 5254 785 5302 erat
803 5285 818 5310 ,
851 5243 985 5296 alius
1014 5236 1254 5309 pariendi
1276 5248 1445 5288 novus
1467 5232 1656 5285 modus
1677 5236 1930 5296 sequutus
1955 5230 2037 5277 est
2061 5262 2077 5286 ,

495 5354 691 5409 nempe
721 5335 1014 5398 sterilium,
1056 5330 1145 5399 qui
1177 5323 1450 5395 virginalis
1498 5331 1677 5390 partus
1726 5317 1885 5373 ﬁdem
1934 5321 2082 5366 ante-

501 5434 683 5488 cessit.
716 5430 843 5484 11ωο
880 5440 1008 5495 ergo
1050 5420 1341 5478 Nicodemo
1370 5417 1422 5470 in
1468 5414 1777 5469 memoriam
1826 5419 2083 5463 revocans

499 5523 713 5577 dicebat
744 5537 757 5573 :
794 5518 871 5572 Tu
899 5533 951 5571 es
994 5514 1232 5585 magister
1265 5512 1319 5565 in
1344 5506 1549 5573 Israel,
1590 5515 1637 5557 et
1684 5504 1791 5557 liceo
1834 5496 2085 5571 ignoras?

506 5613 655 5681 Quod
678 5612 862 5666 scimus
896 5608 1170 5680 loquimur,
1212 5613 1259 5658 et
1307 5601 1441 5672 quod
1476 5599 1691 5652 vidimus
1726 5604 1989 5658 testamur,
2039 5597 2086 5643 et

508 5703 844 5760 testimonium
868 5712 1098 5756 nostrum.
1121 5714 1266 5753 nemo
1300 5695 1504 5765 accipit.
1542 5692 1665 5748 llaec
1692 5686 1963 5759 subiunxit
1988 5724 2004 5750 ,
2035 5691 2087 5737 et

577 5816 596 5847 ³
630 5811 717 5864 alii
751 5812 951 5877 legunt,
974 5819 1174 5873 tantum,
1203 5823 1307 5874 pro,
1329 5806 1503 5873 potius.

1146 338 1203 393 S.
1242 331 1520 399 JOANNIS
1555 288 2392 392 CHRYSOSTOMPARCHIEP.
2429 334 2963 401 CONSTANTINOP.

3619 342 3721 401 156

2147 446 2361 508 aliunde
2386 468 2598 510 rursum
2622 459 2764 514 dicto
2790 459 2950 516 fidem
2977 459 3205 530 faciens,
3249 468 3303 517 et
3334 459 3476 517 illius
3505 460 3518 491 '
3550 458 3717 515 imbe-

2143 544 2349 600 cillitati
2375 562 2434 602 se
2460 558 2840 621 attemperans.

2213 636 2267 690 5.
2295 636 2431 703 Quid
2458 656 2585 696 vero
2618 643 2881 714 significat
2912 644 3078 713 illud,
3110 646 3197 701 11.
3235 644 3385 713 Quod
3411 647 3593 701 scimus
3642 645 3726 701 lo-

2142 730 2363 797 quimur,
2404 742 2451 786 et
2482 736 2619 804 quod
2657 738 2872 793 vidimus
2906 740 3184 794 testamur?
3229 739 3363 807 Quia
3415 755 3538 796 cum
3581 742 3726 797 visus

2144 826 2266 895 plus
2304 842 2462 895 quam
2503 828 2593 882 alii
2634 844 2824 885 sensus
2870 832 3025 887 nobis
3076 832 3234 887 iidem
3267 833 3455 899 faciat,
3506 842 3560 888 et
3603 848 3725 888 cum

2146 918 2469 988 persuadere
2500 920 2764 987 volumus,
2793 922 2863 976 ita
2891 923 3172 991 loquamur
3198 964 3210 985 ,
3235 923 3350 978 Non
3390 923 3572 978 auditu
3600 939 3726 994 per-

2144 1009 2403 1079 cepimus,
2436 1011 2529 1065 sed
2572 1013 2704 1082 ipsis
2728 1013 2897 1068 oculis
2927 1014 3174 1069 vidimus.
3208 1014 3329 1069 ideo
3358 1014 3598 1070 Christus
3630 1015 3731 1068 hu-

2146 1116 2305 1155 mano
2355 1116 2503 1157 more
2532 1103 2705 1173 ipsum
2746 1105 3066 1175 alloquitur,
3102 1107 3330 1176 hincque
3367 1106 3523 1160 dictis
3568 1104 3727 1160 ﬁdem

2149 1194 2292 1249 facit.
2320 1194 2578 1265 Quodque
2605 1212 2692 1253 res
2721 1197 2792 1252 ita
2834 1199 2922 1263 sit,
2953 1199 3092 1269 quod
3128 1200 3259 1253 nihil
3289 1198 3431 1254 aliud
3456 1198 3729 1253 declarare

2146 1287 2293 1349 velit,
2328 1302 2500 1355 neque
2527 1288 2697 1343 visum
2729 1289 3035 1344 sensibilem
3067 1290 3360 1359 intelligat,
3402 1289 3527 1344 hinc
3554 1288 3727 1359 palam

2148 1387 2252 1431 est.
2278 1376 2561 1448 Postquam
2586 1380 2724 1435 enim
2744 1379 2971 1448 dixerat,
2998 1380 3145 1446 Quod
3166 1391 3343 1434 natum
3370 1390 3443 1435 est
3468 1397 3530 1435 ea:
3552 1396 3722 1446 carne,

2150 1486 2268 1523 caro
2295 1483 2403 1535 est;
2446 1481 2492 1525 et
2519 1474 2655 1541 quod
2684 1483 2859 1526 natum
2897 1483 2969 1527 est
3008 1490 3070 1527 ea:
3113 1474 3342 1543 Spiritu,
3376 1471 3583 1544 spiritus
3610 1484 3727 1538 est;

2149 1563 2443 1632 Subjunxit,
2480 1564 2630 1630 Quod
2659 1566 2851 1619 scimus
2884 1565 3150 1635 loquimur,
3183 1575 3229 1619 et
3255 1565 3389 1634 quod
3413 1565 3623 1619 vidimus
3652 1575 3727 1619 te-

2150 1665 2366 1710 stamur.
2410 1655 2520 1710 lloc
2550 1664 2729 1710 autem
2758 1655 2994 1710 nondum
3027 1654 3225 1710 factum
3254 1654 3443 1710 fuerat.
3469 1656 3577 1711 Cur
3598 1668 3728 1725 ergo

2150 1746 2301 1811 dicit,
2352 1746 2502 1812 Quod
2527 1746 2788 1801 vidimus?
2830 1747 3022 1801 Annon
3072 1746 3408 1800 manifestum
3448 1757 3529 1801 est
3558 1747 3729 1817 ipsum

2152 1838 2295 1909 loqui
2322 1838 2389 1893 de
2422 1848 2665 1892 accurata
2688 1838 3011 1907 cognitione,
3040 1852 3157 1906 quae
3183 1844 3287 1890 non
3312 1852 3493 1891 errare
3521 1837 3728 1906 possit?

2152 1931 2221 1985 Et
2238 1932 2574 1986 testimonium
2591 1940 2818 1984 nostrum
2847 1946 2991 1984 nemo
3016 1930 3222 1999 accipit.
3244 1929 3375 1984 Illud
3399 1944 3547 1998 ergo,
3579 1928 3729 1994 Quod

2152 2025 2360 2091 scimus,
2393 2024 2472 2077 vel
2514 2022 2582 2077 de
2619 2037 2678 2077 se
2724 2030 2778 2076 et
2814 2021 2882 2076 de
2915 2022 3069 2076 Patre
3117 2022 3277 2085 dicit,
3310 2020 3391 2075 vel
3430 2021 3496 2076 de
3528 2035 3586 2074 se
3614 2021 3733 2090 ipso

2153 2118 2346 2171 solum.
2390 2115 2522 2169 Illud
2563 2131 2712 2183 vero,
2758 2113 2923 2169 Nemo
2950 2114 3149 2184 accipit,
3194 2129 3298 2168 non
3328 2128 3470 2183 mgre
3514 2111 3733 2167 ferentis

2154 2226 2295 2265 nunc
2322 2217 2424 2270 est,
2450 2209 2542 2263 sed
2565 2224 2676 2264 rem
2698 2219 2899 2278 geStam
2922 2208 3202 2261 narrantis.
3234 2205 3350 2260 Non
3380 2206 3522 2261 enim
3553 2206 3686 2259 dixit
3715 2222 3730 2259 :

2154 2301 2290 2368 Quid
2315 2300 2465 2355 vobis
2495 2299 2853 2354 insensibilius
2896 2299 2967 2352 sit
2993 2339 3009 2364 ,
3039 2298 3128 2367 qui
3187 2312 3247 2351 ea
3274 2312 3392 2366 qua:
3420 2312 3448 2349 a
3478 2296 3630 2349 nobis
3660 2295 3734 2349 ita

2157 2403 2403 2447 accurate
2429 2392 2814 2446 annuntiantur
2845 2406 2948 2444 non
2972 2388 3293 2444 admittitis?
3338 2387 3431 2443 sed
3476 2386 3634 2440 rebus
3679 2394 3735 2439 et

2160 2482 2339 2538 verbis
2384 2482 2584 2536 nullam
2616 2497 2720 2535 non
2754 2481 3216 2535 mansuetudinem
3267 2478 3559 2541 exhibens,
3604 2475 3737 2530 nihil

2160 2573 2231 2627 ita
2258 2573 2526 2644 loquitur;
2564 2572 2658 2628 sed
2704 2574 2818 2628 miti
2848 2582 3095 2627 sermone
3143 2570 3286 2641 quod
3338 2569 3571 2623 futurum
3616 2575 3738 2621 erat

2158 2667 2420 2738 praedicit,
2474 2681 2572 2721 nos
2620 2666 2744 2720 hinc
2788 2680 2997 2735 quoque
3047 2662 3114 2718 ad
3146 2677 3406 2719 summam
3455 2660 3738 2715 instituens

2159 2758 2619 2815 mansuetudinem
2644 2798 2659 2825 ,
2696 2766 2753 2812 ut
2781 2772 2899 2813 cum
2949 2755 3205 2826 quosdam
3247 2752 3566 2823 alloquimur
3594 2792 3608 2816 ,
3637 2766 3738 2805 nec

2161 2852 2293 2920 ipsis
2318 2850 2601 2906 suademus
2621 2892 2636 2916 ,
2666 2865 2734 2904 ne
2766 2850 2815 2903 id
2841 2848 3053 2918 indigne
3080 2846 3332 2903 feramus.
3371 2843 3502 2899 Nam
3532 2842 3619 2913 qui
3650 2842 3737 2896 in-

2162 2943 2428 3013 dignatur,
2463 2941 2592 2996 nihil
2630 2941 2888 3010 perlicere
2927 2940 3096 3005 solet,
3128 2937 3223 2991 sed
3251 2936 3419 3005 magis
3445 2949 3475 2988 a
3508 2933 3609 2988 fide
3639 2933 3739 2986 ha-

2163 3036 2333 3091 benda
2384 3035 2592 3090 avertit.
2626 3034 2748 3088 ldco
2792 3041 3002 3102 Oportet
3048 3031 3115 3086 ab
3144 3031 3220 3084 ira
3249 3030 3517 3084 abstinere
3557 3044 3570 3079 :
3610 3024 3738 3078 illud

2163 3143 2292 3184 vero
2317 3126 2457 3198 quod
2485 3126 2712 3181 dicimus
2757 3124 2859 3178 ﬁde
2882 3124 3097 3194 dignum
3125 3120 3372 3185 reddere,
3402 3116 3739 3179 abstinendo,

2164 3235 2268 3274 non
2299 3220 2365 3273 ab
2388 3219 2462 3271 ira
2490 3217 2667 3281 modo,
2693 3216 2786 3269 sed
2835 3216 2992 3269 etiam
3016 3229 3043 3267 a
3071 3214 3327 3267 clamore.
3350 3209 3563 3263 Materia
3598 3207 3740 3261 enim

2165 3310 2258 3365 ira:
2288 3310 2507 3363 clamor.
2532 3308 2885 3377 lmpediamus
2919 3305 3077 3375 igitur
3101 3319 3315 3373 equum,
3350 3311 3405 3355 ut
3433 3300 3745 3369 dejiciamns

2164 3402 2399 3470 equitem
2426 3416 2439 3462 ;
2471 3402 2561 3454 irae
2593 3414 2794 3469 pennas
2828 3397 3116 3459 cacdamus,
3140 3410 3207 3448 ne
3227 3392 3421 3446 malum
3451 3399 3742 3445 accrescat.

2168 3496 2367 3548 Aeutus
2395 3491 2540 3546 enim
2576 3490 2794 3545 morbus
2824 3497 2906 3543 est
2931 3488 3009 3542 ira
3033 3527 3049 3553 ,
3079 3486 3167 3555 qui
3222 3484 3389 3554 possit
3421 3480 3623 3535 animas
3649 3494 3745 3533 no-

2167 3598 2307 3644 stras
2336 3586 2604 3657 decipere.
2644 3585 2767 3639 Ideo
2801 3583 2875 3637 illi
2918 3581 3091 3635 aditus
3128 3578 3360 3647 undique
3391 3573 3748 3629 intercluden-

2166 3681 2268 3737 dus
2314 3690 2415 3736 est.
2466 3679 2597 3733 Nam
2638 3676 2929 3732 absurdum
2975 3682 3117 3728 esset
3162 3673 3299 3725 feras
3349 3666 3748 3722 mansuefacere

2170 3790 2328 3845 posse
2352 3818 2368 3843 ,
2411 3782 2643 3828 mentem
2684 3786 2813 3825 vero
2864 3777 3099 3823 nostram
3144 3764 3418 3819 efferatam
3447 3760 3743 3829 despicere.

2169 3870 2312 3939 Ignis
2340 3866 2627 3921 vehemens
2652 3872 2734 3917 cst
2764 3862 2839 3915 ira
2874 3902 2889 3927 ,
2919 3858 3009 3929 qui
3040 3856 3215 3912 omnia
3246 3854 3516 3908 absumit:
3546 3865 3665 3903 nam
3694 3856 3749 3901 et

2171 3972 2365 4027 corpus
2404 3955 2695 4025 corrumpit
2725 3962 2779 4007 et
2803 3953 3031 4005 animam
3074 3947 3387 4010 labefactat,
3420 3953 3575 4012 atque
3602 3939 3744 4009 inju-

2172 4048 2401 4104 cundum
2428 4048 2649 4116 visuque
2699 4056 2907 4112 turpem
2949 4041 3219 4094 hominem
3268 4035 3463 4091 reddit.
3504 4032 3661 4089 Certe
3702 4030 3749 4084 si

2174 4146 2338 4197 iratus
2376 4142 2608 4210 seipsum
2638 4138 2830 4191 intueri
2879 4142 3102 4205 posset,
3136 4147 3238 4186 non
3294 4131 3458 4183 altera
3490 4126 3751 4195 indigeret

2174 4236 2557 4293 admonitione.
2582 4231 2723 4286 Nihil
2745 4230 2885 4285 enim
2912 4228 3183 4281 insuavius
3209 4225 3343 4278 irato
3361 4220 3530 4274 vultu.
3561 4218 3752 4273 Ebrie-

2176 4341 2257 4385 tas
2298 4327 2540 4398 quacdam
2589 4324 2664 4378 ira
2695 4332 2811 4386 est,
2854 4321 2962 4374 imo
2990 4318 3251 4373 ebrietate
3279 4306 3534 4378 deterior,
3557 4320 3611 4365 et
3636 4310 3751 4365 dae-

2177 4438 2334 4479 mone
2371 4418 2747 4475 miserabilior.
2784 4415 2978 4470 Verum
3016 4414 3059 4465 si
3094 4425 3340 4465 curemus
3368 4423 3435 4461 ne
3466 4408 3516 4460 in
3545 4405 3751 4460 clamo-

2178 4532 2290 4572 rem
2313 4524 2676 4583 erumpamus,
2698 4508 2950 4579 optimam
2975 4503 3323 4574 philosophia:
3345 4500 3482 4554 viam
3516 4497 3753 4552 invenie-

2178 4622 2315 4663 mus.
2346 4606 2472 4662 ldeo
2500 4604 2697 4659 Paulus
2725 4616 2829 4655 non
2854 4599 2985 4652 iram
3013 4596 3170 4650 modo
3190 4635 3205 4660 ,
3231 4593 3324 4649 sed
3363 4593 3522 4646 etiam
3550 4589 3755 4643 clamo-

2179 4717 2291 4757 rem
2318 4701 2487 4755 vitare
2512 4697 2661 4767 jubet
2692 4713 2705 4749 :
2743 4692 2919 4746 Omnis
2939 4691 3017 4743 ira
3042 4698 3087 4741 et
3112 4688 3303 4741 clamor
3335 4684 3542 4738 tollatur
3568 4697 3599 4732 a
3618 4679 3759 4732 vobis

2180 4796 2397 4869 (Ep/tes.
2421 4794 2475 4847 4.
2516 4788 2630 4861 51).
2653 4781 3131 4853 Obtemperemus’
3148 4792 3275 4845 ergo
3299 4776 3421 4830 huic
3440 4774 3614 4827 omnis
3636 4771 3760 4840 phi-

2180 4887 2435 4956 losophiae
2464 4882 2717 4953 magistro
2737 4897 2751 4934 :
2775 4888 2829 4933 et
2847 4891 2966 4931 eum
2990 4884 3174 4929 contra
3205 4882 3389 4924 servos
3415 4876 3627 4922 nostros
3654 4866 3729 4918 ira

2182 4985 2399 5044 scimur,
2422 4987 2634 5048 peccata
2660 4980 2840 5042 nostra
2871 4969 3182 5038 cogitemus,
3203 4972 3255 5017 et
3275 4976 3458 5016 eorum
3486 4973 3582 5011 nos
3607 4973 3760 5009 inan-

2184 5046 2478 5129 suetudin—is
2494 5067 2705 5139 pudeat.
2736 5062 2867 5116 Cum
2893 5060 3034 5115 enim
3065 5066 3119 5110 tu
3146 5052 3401 5109 conviciis
3427 5062 3641 5111 oneras,
3676 5046 3766 5098 ille

2184 5179 2315 5219 vero
2335 5135 2758 5216 silens-convicia
2790 5152 2981 5206 tolerat
3007 5165 3021 5211 ;
3056 5157 3110 5200 tu
3137 5156 3186 5198 te
3214 5142 3439 5211 turpiter
3467 5139 3633 5209 geris,
3663 5135 3759 5189 ille

2186 5253 2591 5327 philosophatur
2621 5266 2633 5302 :
2659 5246 2709 5301 id
2734 5259 2828 5314 pro
2842 5240 3203 5297 admonitione
3224 5235 3443 5289 habeas.
3474 5230 3586 5285 Etsi
3613 5243 3767 5281 nam-

2189 5362 2292 5417 que
2312 5321 2521 5407 servus,
2553 5341 2715 5394 homo
2741 5346 2915 5390 tamen
2939 5340 3040 5395 est,
3065 5329 3239 5383 anima
3269 5324 3520 5394 prmditus
3549 5321 3768 5373 immor-

2192 5437 2304 5503 tali,
2339 5435 2635 5501 iisdemque
2665 5446 2694 5482 a
2718 5424 2987 5482 communi
3021 5421 3247 5476 Domino
3271 5418 3560 5471 honoratus
3585 5410 3766 5464 donis.

2192 5500 2345 5598 Quod
2373 5527 2419 5581 si
2456 5500 2735 5595 parinobis
2764 5519 2814 5572 in
2842 5515 3132 5585 majoribus
3162 5520 3215 5566 et
3241 5504 3639 5579 spiritualibus,
3670 5500 3773 5554 bu-

2258 5667 2277 5698 ι
2313 5661 2478 5712 Morel.
2502 5659 2673 5714 habet,
2692 5653 2903 5710 illorum,
2918 5664 3023 5715 pro,
3042 5646 3192 5715 illius.

2257 5729 2279 5759 ²
2312 5700 3054 5781 iiiié'itaiiei'f’xa‘éaadditis";
3090 5712 3348 5781 clamorem
3371 5701 3648 5781 suppressit.
3676 5700 3780 5755 Ol»

2199 5772 2533 5853 temperemus,
2556 5790 2676 5841 etc.,
2701 5780 2890 5829 omissis
2915 5772 3229 5836 interpositis.
