4094 6370
345 396 448 451 155

339 513 506 566 ἅπαν.
542 514 606 567 Et
643 512 753 584 γὰρ
794 513 1005 575 τούτου,
1040 512 1193 584 φησὶ,
1236 512 1330 566 τοῦ
1361 513 1689 584 πνεύματος,
1728 507 1789 568 οὗ
1820 513 1920 583 τὴν

340 596 590 666 αἴσθησιν
619 596 750 668 δέχῃ
772 600 839 667 τῇ
867 596 1001 665 ἀκοῇ
1034 597 1127 648 καὶ
1151 597 1216 667 τῇ
1252 597 1387 666 ἀφῇ,
1415 596 1512 667 τὴν
1542 596 1717 667 ὁρμὴν
1749 598 1921 666 ἑρμη-

342 684 529 735 νεῦσαι
562 685 663 735 οὐκ
708 679 876 746 οἶδας,
915 683 1035 735 οὐδὲ
1082 683 1180 753 τὴν
1222 683 1357 735 ὁδόν·
1391 684 1507 746 πῶς
1548 684 1649 754 τὴν
1688 684 1796 737 ἀπὸ
1825 682 1920 736 τοῦ

342 766 484 819 θείου
510 764 828 835 Πνεύματος
862 766 1141 836 ἐνέργειαν
1171 766 1530 838 περιεργάζῃ,
1553 766 1652 838 τὴν
1674 766 1768 819 τοῦ
1802 765 1926 819 ἀνέ-

344 865 446 917 μου
474 849 574 901 ούκ
606 849 985 919 ἐπιστάμενος,
1018 850 1195 901 καίτοι
1225 850 1407 920 φωνὴν
1439 849 1688 916 ἀκούων;
1718 850 1791 902 Τὸ
1819 849 1926 902 τοί-

342 948 459 994 νυν,
496 933 689 985 Ὅπου
722 946 750 973 ι
779 931 939 987 θέλει
967 932 1124 997 πνεῖ,
1153 933 1247 985 καί¹
1280 933 1416 1004 πρὸς
1454 933 1794 1003 παράστασιν
1822 931 1923 1001 τῆς

342 1012 437 1065 τοῦ
459 1014 815 1084 Παρακλήτου
843 1017 1055 1085 εἴρηται
1078 1014 1346 1079 ἐξουσίας.
1384 1016 1449 1068 Ὀ
1468 1016 1525 1068 δὲ
1554 1015 1718 1083 λέγει,
1748 1015 1923 1068 τοιοῦ-

342 1098 436 1149 τόν
466 1099 633 1149 ἐστιν’
666 1099 729 1150 EE
759 1098 868 1168 γάρ
886 1098 1042 1150 τοῦτο
1068 1099 1241 1161 οὐδεὶς
1261 1098 1500 1169 κατέχει,
1533 1098 1645 1151 ἀλλ’
1673 1099 1804 1151 ὅπου
1835 1097 1923 1151 θέ-

344 1178 423 1231 λει
449 1179 692 1251 φέρεταιο
726 1180 905 1251 πολλῷ
946 1180 1145 1251 μᾶλλον
1176 1181 1273 1253 τὴν
1297 1181 1392 1234 τοῦ
1424 1181 1735 1251 [Ινεύματος
1766 1182 1921 1249 ἐνέρ-

342 1280 497 1330 γειαν
547 1263 608 1315 οὐ
641 1264 858 1331 φύσεως
894 1263 1215 1334 δυνήσονται
1271 1265 1425 1333 νόμοι
1471 1269 1785 1336 κατασχεῖν,
1826 1267 1923 1335 οὐχ

341 1349 457 1416 ὅροι
503 1348 820 1415 σωματικῆς
857 1348 1183 1416 γεννήσεως,
1228 1348 1328 1401 οὐκ
1359 1348 1486 1401 ἄλλο
1518 1348 1627 1401 τῶν
1667 1347 1923 1400 τοιούτων

335 1430 514 1483 οὐδέν.
552 1431 671 1482 Ὀτι
716 1430 773 1482 δέ
806 1431 934 1500 περὶ
970 1431 1171 1500 ἀνέμου
1210 1431 1425 1502 εἴρηται
1459 1431 1521 1484 τὸ
1562 1431 1681 1498 Τὴν
1713 1429 1924 1499 φωνὴν

334 1514 526 1568 αὐτοῦ
574 1515 833 1579 ἀκούεις,
886 1514 1043 1583 δῆλον
1088 1514 1316 1569 ἐκεῖθεν.
1360 1516 1432 1567 Οὐ
1473 1514 1579 1585 γάρ
1606 1515 1672 1567 ἀν
1710 1516 1922 1585 ἀπίστῳ

338 1596 737 1666 διαλεγόμενος,
782 1596 877 1649 καὶ
909 1598 1008 1650 οὐκ
1048 1597 1211 1650 εἰδότι
1239 1597 1335 1650 τοῦ
1371 1597 1683 1667 Πνεύματος
1711 1596 1807 1667 τὴν
1838 1600 1923 1648 ἐν-

342 1679 560 1749 έργειαν
605 1675 747 1745 εἷπε,
779 1678 902 1747 Τὴν
946 1679 1156 1749 φωνὴν
1206 1681 1393 1735 αὐτοῦ
1433 1682 1690 1746 ἀκούεις.
1714 1682 1920 1750 Ὥσπερ

336 1759 431 1815 οὖν
459 1766 487 1815 6
515 1764 712 1832 ἄνεμος
733 1764 794 1816 οὐ
822 1764 1089 1833 φαίνεται,
1124 1765 1299 1818 καίτοι
1324 1782 1386 1834 γε
1412 1764 1591 1834 φωνὴν
1616 1764 1806 1828 διδούς·
1830 1765 1922 1816 οὐο

340 1863 446 1908 τως
471 1846 593 1899 οὐδὲ
621 1849 655 1917 ή
678 1845 771 1900 τοῦ
792 1846 1158 1917 πνευματικοῦ
1184 1848 1429 1918 φαίνεται
1456 1850 1704 1918 γέννησις
1725 1849 1921 1917 ὀφθαλ-

344 1933 463 1999 μοῖς
492 1930 765 2001 σώματος,
794 1931 968 1983 καίτοι
998 1948 1062 1999 γε
1086 1930 1245 2002 σῶμα
1272 1934 1300 1985 6
1326 1933 1542 2002 ἄνεμος,
1568 1934 1615 1985 εί
1644 1934 1737 1986 καὶ
1768 1932 1918 2005 [151]

339 2013 685 2067 λεπτότατον·
716 2013 777 2066 τὸ
809 2013 917 2084 γὰρ
950 2014 1199 2082 αἰσθήσει
1247 2015 1701 2086 ὑποϐαλλόμενον,
1740 2018 1916 2087 σῶμα.

339 2096 404 2151 Εἰ
433 2098 615 2151 τοίνυν
655 2098 717 2150 τὸ
751 2098 910 2168 σῶμα
941 2098 1041 2151 οὐκ
1072 2098 1363 2168 άσχάλλεις
1391 2101 1473 2152 ὅτι
1518 2101 1591 2171 μὴ
1619 2102 1770 2171 ὁρᾷς,
1800 2102 1920 2154 οὐδέ

334 2182 587 2241 ἀπιστεῖς
628 2180 715 2233 διά
747 2180 924 2241 τοῦτο,
978 2180 1029 2233 τί
1070 2180 1266 2253 δήποτε
1305 2184 1433 2253 περὶ
1475 2184 1568 2234 τοῦ
1608 2184 1922 2253 [Ινεύματος

338 2262 554 2316 ἀκούων
588 2262 842 2333 ίλιγγιᾷς,
873 2264 966 2316 καὶ
991 2264 1258 2327 τοσαύτας
1278 2266 1527 2329 ἀπαιτεῖς
1553 2266 1800 2328 εὐθύνας,
1831 2267 1921 2319 ἐπὶ¹

340 2344 592 2414 σώματος
620 2344 775 2397 τοῦτο
805 2346 863 2398 οὐ
896 2346 1064 2398 ποιῶν
1090 2363 1104 2409 ;
1137 2347 1202 2399 Τί
1234 2343 1326 2400 οὖν
1355 2350 1383 2400 6
1414 2348 1723 2419 Νικόδημος
1756 2366 1770 2411 ;
1801 2350 1919 2401 Ἔτι

340 2427 431 2478 ἐπὶ
458 2427 562 2496 τῆς
596 2428 893 2498 Ἰουδαϊκῆς
919 2429 1193 2494 εὐτελείας
1220 2431 1390 2499 μένει,
1421 2430 1515 2483 καὶ
1544 2430 1714 2483 ταῦτα
1744 2447 1922 2501 παρα-

256 2570 279 2591 .
339 2506 627 2577 δείγματος
658 2509 798 2562 οὕτω
825 2511 1010 2579 σαφῶς
1044 2510 1321 2581 λεχθέντος,
1352 2514 1520 2583 αὐτῷ.
1558 2507 1626 2583 ’ᾫ
1667 2514 1759 2565 καὶ
1788 2514 1922 2564 ἁπο-

345 2592 583 2661 ρητικῶς
626 2593 786 2647 πάλιν
826 2594 1056 2658 εἰπόντι,
1084 2594 1214 2662 Πῶς
1254 2596 1502 2649 δύναται
1536 2597 1721 2652 ταῦτα
1760 2597 1922 2665 γενέ-

334 2679 517 2740 σθαι;
570 2677 754 2730 λοιπὸν
806 2678 1247 2751 πληκτικώτερον
1300 2679 1439 2751 πρὸς
1495 2681 1655 2733 αὐτὸν
1702 2684 1731 2734 6
1784 2682 1920 2750 Χρι-

336 2759 463 2821 στὸς
500 2759 825 2828 διαλέγεται,
861 2762 944 2815 Σὺ
982 2759 1041 2816 εἷ
1074 2765 1107 2816 ό
1142 2763 1531 2829 διδάσκαλος,
1574 2765 1770 2832 λέγων,
1812 2764 1918 2818 τοῦ

356 2840 621 2909 Ἰσραὴλ,
652 2843 954 2898 καὶταῦτα
981 2847 1052 2899 οὐ
1086 2846 1428 2915 γινώσκεις
1459 2848 1601 2917 Ὅρα
1628 2846 1743 2910 πῶς
1770 2847 1921 2899 οὐδα-

340 2926 447 2994 μοῦ
493 2926 759 2997 πονηρίαν
794 2932 1088 3000 κατηγορεί
1123 2930 1215 2982 τοῦ
1256 2930 1466 3001 ἀνδρὸς,
1512 2930 1623 2982 ἀλλ’
1670 2930 1919 3001 εὐήθειαν

341 3011 433 3063 καὶ
479 3012 738 3079 ἀφέλειαν
792 3015 988 3085 μᾶλλον
1012 3017 1059 3070 δ.
1119 3016 1229 3069 Καὶ
1275 3016 1327 3069 τί
1372 3017 1549 3069 κοινὸν
1596 3017 1733 3087 αὕτη
1784 3017 1919 3087 πρὸς

341 3096 408 3149 τὰ
449 3094 713 3149 Ἰουδαῐκα
746 3100 779 3169 ή
808 3099 1060 3169 γέννησις
1096 3100 1240 3170 ἔχει;
1270 3102 1415 3155 ,εἴποι
1457 3118 1543 3164 τις
1581 3100 1665 3154 ἄν.
1703 3100 1767 3153 Τί
1808 3100 1917 3172 γάρ

339 3180 400 3231 οὐ
425 3180 623 3245 κοινὸν,
649 3182 769 3234 εἰπέ
799 3200 919 3251 μοις
942 3184 1009 3237 Ὅ
1037 3202 1096 3237 τε
1129 3185 1237 3256 γάρ
1266 3186 1480 3257 πρῶτος
1506 3186 1797 3257 γενόμενος
1826 3185 1918 3238 ἀν-

343 3261 576 3333 θρωπος,
605 3266 643 3333 ή
667 3283 721 3317 τε
748 3266 853 3318 ἀπὸ
878 3269 976 3337 τῆς
1000 3267 1237 3338 πλευρᾶς
1262 3271 1526 3341 γενομένη
1553 3269 1711 3341 γυνὴ,
1741 3270 1834 3321 καὶ
1860 3270 1915 3322 αἱ

344 3349 573 3417 στεῖραι,
599 3350 693 3400 καὶ
718 3349 785 3401 τά
816 3349 903 3402 διά
932 3350 1039 3403 τῶν
1070 3351 1276 3404 ὑδάτων
1305 3354 1739 3417 ἐπιτελεσθέντα,
1776 3352 1918 3421 λέγω

339 3427 394 3480 δέ
418 3432 485 3481 τά
515 3432 656 3484 κατά
686 3434 784 3502 τὴν
807 3435 989 3504 πηγὴν
1022 3434 1079 3500 ἐξ
1105 3431 1172 3507 ἧς
1196 3437 1225 3487 6
1256 3436 1554 3500 Ἐλισσαῖος
1588 3437 1648 3489 τὸ
1680 3437 1918 3507 σιδήριον

339 3511 692 3581 ἐμετεώρισε,
726 3518 791 3567 τὰ
823 3516 962 3569 κατά
1002 3518 1100 3587 τήν
1143 3519 1407 3591 Ἐρυθρὰν
1441 3520 1714 3574 θάλασσαν
1745 3522 1810 3591 ῆν
1839 3520 1918 3572 δι-

339 3595 544 3665 έϐησαν
578 3600 626 3649 οί
665 3599 922 3665 Ἰουδαῖοι,
958 3600 1025 3653 τά
1059 3603 1197 3654 κατά
1236 3603 1334 3672 τὴν
1379 3604 1759 3675 κολυμϐήθραν
1790 3605 1857 3675 ἢν
1889 3607 1917 3657 6

337 3678 565 3745 ἄγγελος
588 3682 777 3745 ἐκίνει,
810 3684 876 3734 τά
908 3684 1046 3737 κατὰ
1073 3684 1165 3738 τὸν
1197 3685 1365 3755 Σύρον
1392 3684 1606 3756 Νεεμάν
1636 3688 1724 3739 τὸν
1754 3688 1809 3740 ἐν
1838 3687 1917 3756 τῷ

353 3764 589 3835 Ἰορδάνῃ
627 3766 986 3837 καθαρθέντα·
1017 3769 1186 3822 ταῦτα
1218 3772 1394 3824 πάντα
1422 3771 1519 3842 τὴν
1544 3770 1794 3841 γέννησιν
1822 3771 1916 3824 καὶ

338 3847 427 3900 τὸν
458 3848 741 3919 καθαρμὸν
764 3852 853 3903 τὸν
878 3852 1136 3921 μέλλοντα
1169 3852 1405 3920 ἔσεσθαι,
1430 3856 1505 3918 ὡς
1528 3858 1585 3908 ἐν
1610 3855 1765 3925 τύπῳ
1786 3871 1917 3924 προ-

340 3932 626 3999 ανεφώνει.
666 3935 771 3986 Καὶ
817 3935 884 3987 τά
922 3936 1073 4006 παρά
1119 3936 1226 3989 τῶν
1266 3939 1558 4008 προφητῶν
1592 3937 1857 4009 εἰρημένα
1889 3949 1913 3978 ο

339 4014 527 4068 τοῦτον
550 4016 840 4071 αἰνίττεται
867 4018 966 4087 τῆς
1001 4021 1304 4090 γεννήσεως
1339 4022 1429 4073 τὸν
1458 4022 1676 4093 τρόπον’
1708 4017 1818 4075 οἷον
1856 4021 1917 4073 τὸ

352 4098 841 4167 Ἀναγγελήσεται
875 4101 953 4167 τῷ
981 4105 1174 4172 Κυρίῳ
1206 4105 1379 4179 γενεὰ
1407 4107 1445 4173 ἡ
1472 4106 1785 4174 ἐρχομένη,
1817 4106 1914 4159 καὶ

337 4181 744 4249 ἀναγγελοῦσι
775 4184 889 4252 τὴν
925 4184 1318 4255 δικαιοσύνην
1344 4189 1530 4242 αὑτοῦ
1565 4188 1690 4254 λαῷ
1720 4189 1799 4254 τῷ
1828 4207 1917 4243 τε·

337 4267 714 4335 χθησομένῳ,
756 4268 827 4321 ὃν
850 4270 1140 4338 ἐποίησεν
1168 4276 1200 4325 ό
1233 4275 1474 4341 Κύριος·
1504 4273 1564 4325 τὸ
1598 4274 1917 4326 Ἀνακαινι-

338 4347 629 4412 σϐἠσεται
658 4352 737 4415 ὠς
766 4352 941 4406 ἀετοῦ
974 4353 1012 4419 ἡ
1048 4356 1259 4421 νεότης
1288 4371 1424 4409 σου·
1451 4356 1509 4408 τὸ
1539 4356 1790 4416 Φωτίζου
1827 4359 1917 4409 Ἰε-

330 4434 679 4502 ρουσαλήμο
717 4434 844 4488 ἰδοὺ
871 4439 903 4490 ό
927 4437 1225 4504 βασιλεύς
1250 4454 1365 4493 σου
1404 4438 1638 4507 ἔρχεται
1659 4457 1671 4469 ·
1711 4440 1770 4492 τὸ
1796 4444 1916 4493 Μα-

339 4515 531 4584 κάριοι
558 4515 645 4570 ὧν
673 4519 985 4588 ἀφέθησαν
1031 4525 1090 4576 αἱ
1126 4524 1382 4592 ἀνομίαι.
1414 4526 1523 4577 Καὶ
1564 4526 1592 4576 6
1642 4524 1825 4577 Ἰσαὰκ
1858 4524 1915 4575 δέ

334 4603 508 4663 τύπος
544 4597 612 4671 ῆν
642 4601 744 4670 τῆς
771 4606 1075 4674 γεννήσεως
1102 4607 1320 4678 ταύτης.
1354 4609 1487 4660 Εἰπὲ
1514 4608 1642 4678 γάρ,
1673 4602 1718 4661 ὦ
1748 4608 1914 4659 Νικό-

333 4687 397 4755 δη
408 4704 501 4755 με,
540 4685 658 4748 πῶς
682 4689 883 4750 ἐκεῖνος
910 4689 1099 4760 ἐτέχθη
1122 4710 1138 4755 ;
1168 4688 1275 4762 ἆρα
1300 4693 1446 4763 νόμῳ
1470 4692 1715 4761 φύσεως;
1749 4693 1919 4745 Οὐδα-

338 4770 477 4839 μῶς.
504 4768 664 4822 Οὕτω
694 4770 855 4839 μέσος
882 4772 909 4823 6
934 4773 1130 4842 τρόπος
1153 4774 1355 4845 ταύτης
1385 4776 1641 4846 κάκείνης
1670 4777 1768 4847 τῆς
1794 4793 1917 4844 γεν-

334 4855 548 4921 νήσεως
578 4848 731 4916 οὗτος
757 4849 843 4923 ἦν’
871 4856 1084 4927 ἐκείνης
1114 4858 1232 4927 μὲν,
1256 4860 1337 4913 ὅτι
1367 4862 1429 4913 ἐκ
1453 4863 1753 4924 συνουσίας·
1786 4861 1917 4915 ταύ-

335 4954 438 5006 της
470 4936 547 5000 δὲ,
581 4937 662 4989 ὅτι
690 4938 789 4989 οὐκ
819 4937 877 5003 ἐξ
902 4940 1146 5009 αἱμάτων
1168 4942 1383 5013 ἐτέχθη.
1423 4943 1563 5012 Ἐγὼ
1589 4945 1643 4997 δὲ
1669 4946 1916 5015 δείκνυμι

336 5022 423 5075 ὅτι
452 5021 510 5072 οὐ
542 5018 746 5089 ταύτην
782 5021 940 5090 μόνον
979 5022 1078 5093 τὴν
1110 5025 1379 5095 γέννησιν,
1416 5027 1553 5080 ἀλλὰ
1590 5029 1683 5081 καὶ
1723 5028 1820 5099 τὴν
1854 5031 1918 5082 ἐκ

336 5103 612 5173 παρθένου
643 5104 1058 5174 προανεφώνουν
1082 5102 1224 5160 οὗτοι
1250 5110 1299 5160 οί
1325 5110 1533 5179 τρόποι.
1576 5112 1790 5182 Ἐπειδὴ
1812 5114 1919 5182 γὰρ

335 5190 442 5241 οὐκ
473 5187 540 5239 ἀν
588 5204 675 5249 τις
724 5188 920 5257 ῥᾳδίως
953 5190 1270 5243 ἐπίστευσεν
1312 5193 1393 5244 ὅτι
1425 5194 1688 5265 παρθένος
1722 5197 1915 5255 τίκτει,

340 5274 553 5341 στεῖραι
581 5270 899 5340 προέλαϐον,
935 5268 1051 5325 εἶτα
1084 5274 1144 5324 οὐ
1186 5278 1394 5345 στεῖραι
1441 5279 1617 5346 μόνον,
1662 5280 1797 5332 ἀλλὰ
1827 5280 1920 5332 καὶ

337 5357 725 5426 γεγηρακυῖαι.
753 5355 943 5407 Καίτοι
968 5356 1065 5421 τῆς
1091 5358 1307 5428 στείρας
1326 5360 1458 5412 πολύ
1484 5361 1920 5434 θαυμαστότερον

338 5441 403 5490 τὸ
432 5439 539 5490 ἀπὸ
569 5437 811 5517 πλευρᾶς
843 5439 1093 5505 γενέσθαι
1119 5446 1369 5508 γυναῖκα·
1392 5444 1505 5496 ἀλλ’
1532 5448 1714 5517 ἐπειδὴ
1745 5450 1921 5501 ἐκεῖνο

339 5520 569 5591 ἀρχαῖον
592 5516 663 5589 ἦν
697 5521 792 5572 καὶ
824 5520 1071 5584 παλαιὸν,
1108 5524 1270 5578 πάλιν
1303 5526 1456 5589 ἄλλος
1486 5516 1920 5599 γίνεταιγτρόπος

340 5604 464 5666 νέος
496 5606 591 5656 καὶ
620 5605 950 5673 πρόσφατος,
977 5610 1005 5658 ὸ
1028 5605 1135 5657 τῶν
1175 5610 1422 5681 στειρῶν.
1460 5612 1822 5681 προοδοποιῶν
1852 5618 1918 5685 τῇ

340 5686 525 5739 πίστει
552 5688 651 5757 τῆς
679 5688 1010 5760 παρθενικῆς
1029 5691 1232 5755 ὠδῖνος.
1258 5693 1471 5745 Τούτων
1491 5692 1583 5747 οὖν
1603 5696 1761 5749 αὐτὸν
1789 5700 1922 5750 ἁνα-

346 5772 694 5839 μιμνήσκων,
718 5771 888 5838 ἔλεγε·
912 5776 996 5826 Σὺ
1012 5772 1069 5828 εἷ
1085 5779 1116 5829 d
1138 5775 1503 5844 διδάσκαλος
1527 5778 1633 5833 τοῦ
1661 5780 1918 5848 Ἰσραὴλ,

342 5853 447 5904 καὶ
483 5854 671 5907 ταῦτα
716 5856 789 5908 οὐ
822 5856 1165 5924 γινώσκεις
1201 5862 1261 5912 "0
1296 5860 1561 5931 οἴδαμεν,
1592 5863 1919 5933 λαλοῦμεν,

414 5964 437 5991 ⁸
460 5963 691 6035 εεγῆιέΑτρ
723 5966 997 6035 δέςΌπου.
1028 5967 1092 6035 _b
1114 5971 1213 6035 Alli
1242 5972 1458 6032 ἀφέλειαν
1488 5973 1643 6035 μόνον.
1714 5976 1736 6006 θ
1764 5972 1917 6025 Savil.

349 6029 406 6075 et
424 6026 560 6075 codd.
587 6025 699 6085 705,
723 6027 815 6076 706
836 6031 1085 6091 προφητῶν
1110 6032 1159 6079 δὲ
1182 6025 1426 6094 λεγόμενα.

1336 394 1402 450 ΙΝ
1441 392 1757 452 JOANNEM
1784 391 2021 450 IIOMIL.
2063 393 2255 451 XXVI.
2297 396 2368 451 al.
2408 395 2574 451 XXV.

3474 403 3600 462 156

2026 513 2124 566 καὶ
2153 512 2185 566 δ
2228 514 2589 584 ἑωράκαμεν,
2634 518 3065 587 μαρτυροῦμεν,
3114 518 3211 573 καὶ
3248 517 3363 586 τὴν
3389 537 3605 590 μαρτυ-

2016 597 2161 663 ρίαν
2198 597 2366 665 ήμῶν
2410 599 2607 665 οὐδεὶς
2646 600 2953 668 λαμϐάνει.
2995 600 3179 656 Ταῦτα
3211 603 3478 674 ἐπήγαγε,
3508 606 3605 658 κώ

2026 679 2289 751 ἑτέρωθεν
2317 682 2477 735 πάλιν
2504 683 2814 748 ἀξιόπιστον
2837 686 2928 738 τὸν
2952 686 3108 756 λόγον
3140 688 3329 752 ποιῶν,
3351 690 3445 741 καὶ
3469 689 3605 760 πρὸς

2023 762 2124 834 τὴν
2151 764 2431 817 ἀσθένειαν
2464 765 2560 835 τήν
2590 767 2798 819 ἐκείνου
2828 767 2854 805 ά
2886 771 3331 837 συγκαταϐαίνων
3354 775 3417 842 τῇ
3437 772 3600 836 λέξει.

2095 851 2165 913 γ’.
2200 846 2263 898 Τί
2280 846 2333 899 δέ
2352 848 2538 901 ἐστινὸ
2555 866 2738 918 φησιν·
2772 852 2840 903 Ὃ
2865 853 3128 921 οίδαμεν,
3148 854 3473 923 λαλοῦμεν,
3504 854 3606 908 και

2029 926 2061 981 ὃ
2082 928 2441 999 ἑωράκαμεν,
2461 933 2912 1002 μαρτυροῦμεν;
2954 936 3168 1007 Ἐπειδὴ
3193 938 3286 990 καὶ
3313 940 3443 1006 παρ’
3470 940 3605 1009 ἡμῖν

2028 1012 2062 1083 ή
2108 1011 2229 1081 ὄψις
2266 1014 2382 1066 ἐστὶ
2424 1014 2533 1067 τῶν
2572 1014 2746 1068 ἄλλων
2787 1018 3089 1089 αἰσθήσεων
3133 1021 3444 1092 πιστοτέρα,
3500 1022 3605 1075 κᾶν

2026 1095 2375 1167 βουληθῶμέν
2405 1114 2526 1149 τινα
2564 1098 2960 1167 πιστώσασθαι,
2992 1101 3132 1155 οὕτω
3170 1103 3420 1174 λέγομεν,
3450 1103 3603 1176 [152]

2025 1180 2106 1232 ὃτι
2140 1183 2251 1243 τοῖς
2291 1180 2586 1250 ὀφθαλμοῖς
2629 1183 2784 1252 ἡμῶν
2827 1185 3171 1256 ἑωράκαμεν,
3203 1188 3303 1240 οὐκ
3345 1186 3405 1252 ἐξ
3436 1186 3605 1258 ἀκοῆς

2023 1263 2263 1333 οἴδαμεν
2304 1263 2392 1316 διὰ
2435 1263 2593 1316 τοῦτο
2635 1266 2727 1318 καὶ
2772 1267 2800 1319 6
2837 1268 3070 1336 Χριστὸς
3121 1269 3605 1340 ἀνθρωπινώτερον

2023 1346 2161 1417 πρὸς
2196 1345 2356 1399 αὐτὸν
2392 1345 2717 1414 διαλέγεται,
2749 1348 2837 1402 τὸν
2877 1350 3032 1420 λόγον
3061 1352 3351 1405 κάντεῦθεν
3382 1352 3603 1407 πιστού-

2026 1446 2202 1500 μενος.
2235 1431 2346 1483 Καὶ
2382 1430 2463 1483 ὅτι
2491 1431 2648 1484 τοῦτό
2682 1435 2818 1497 ἐστι,
2846 1435 2941 1487 καὶ
2972 1434 3122 1487 οὐδὲν
3152 1434 3280 1489 ἄλλο
3318 1437 3603 1506 παραστῆ-

2024 1530 2112 1565 σαι
2157 1512 2423 1582 βούλεται,
2481 1514 2601 1567 οὐδέ
2647 1515 2767 1584 ὅφιν
2818 1517 3080 1588 αἰσθητὴν
3125 1519 3398 1587 ἐμφαίνει,
3446 1519 3602 1589 δῆλον

2022 1595 2247 1648 ἐκεῖθεν.
2274 1594 2459 1649 Εἰπὼν
2485 1596 2611 1667 γὰρ,
2646 1598 2717 1651 Τό
2750 1600 3188 1668 γεγεννημένον
3218 1603 3285 1655 ἐκ
3317 1601 3427 1669 τῆς
3454 1619 3619 1668 σαρι-

2021 1679 2148 1744 κὸς,
2178 1678 2334 1747 σάρξ
2353 1681 2497 1733 ἐστι’
2521 1682 2636 1745 καὶ,
2662 1681 2731 1734 Τὸ
2751 1683 3184 1752 γεγεννημένον
3199 1684 3269 1738 ἐκ
3291 1685 3396 1738 τοῦ
3418 1687 3623 1739 Πνεύυ

2014 1779 2227 1831 ματος,
2264 1763 2499 1831 πνεῦμά
2532 1765 2721 1828 ἐστιν,
2757 1768 3056 1836 ἐπήγαγενο
3105 1770 3164 1818 Ὃ
3196 1768 3459 1836 οἴδαμεν,
3490 1772 3602 1821 λαο

2020 1845 2269 1913 λοῦμεν,
2301 1846 2397 1898 καὶ
2427 1846 2457 1898 ὃ
2485 1845 2848 1915 ἑωράκαμεν,
2873 1848 3309 1917 μαρτυροῦμεν.
3344 1850 3511 1903 Τοῦτο
3545 1851 3604 1904 δὲ

2020 1928 2230 1980 οὐδέπω
2275 1930 2668 1999 γεγεννημένον
2701 1926 2789 2000 ἦν.
2836 1932 2958 1995 Πῶς
2992 1928 3083 1984 οὖν
3130 1933 3297 2001 λέγει,
3329 1936 3395 1986 Ὃ
3426 1934 3603 2001 ἑωρά-

2021 2029 2246 2081 καμεν;
2289 2013 2400 2065 Οὐκ
2446 2013 2666 2084 εὔδηλον
2716 2015 2795 2066 ὅτι
2842 2013 2988 2082 λέγει
3038 2016 3166 2086 περὶ
3204 2017 3301 2086 τῆς
3345 2016 3603 2087 ἀκριϐοῦς

2020 2094 2291 2162 γνώσεως,
2312 2096 2404 2147 καὶ
2420 2096 2517 2148 οὐκ
2536 2097 2707 2159 ἄλλως
2736 2098 2963 2168 ἐχούσης
2981 2116 2994 2163 ;
3019 2102 3128 2153 Καὶ
3149 2098 3261 2165 τὴν
3272 2101 3604 2167 μαρτυρίαν

2020 2178 2189 2247 ἡμῶν
2221 2179 2417 2245 οὐδεὶς
2453 2181 2760 2249 λαμϐάνει.
2793 2182 2865 2233 T6
2899 2182 2997 2252 μὲν
3033 2179 3145 2247 οὖν,
3180 2186 3247 2235 Ὂ
3274 2183 3519 2252 οἴδαμεν
3553 2197 3601 2248 ε,

2020 2262 2140 2330 ’ήτοι
2171 2262 2295 2330 περὶ
2322 2262 2514 2315 ἑαυτοῦ
2554 2266 2646 2316 καὶ
2671 2263 2763 2315 τοῦ
2798 2266 3009 2335 Πατρός
3041 2284 3224 2335 φησιν,
3254 2266 3285 2335 ἢ
3319 2267 3443 2336 περὶ
3471 2268 3620 2318 ἐαυω

2018 2343 2112 2396 τοῦ
2152 2346 2335 2413 μόνον’
2358 2346 2417 2397 τὸ
2447 2346 2524 2407 δὲ,
2557 2346 2767 2411 Οὐδεὶς
2795 2348 3105 2415 λαμϐάνει,
3141 2349 3202 2401 οὐ
3225 2349 3601 2420 δυσχεραίνον-

2019 2427 2109 2490 τός
2142 2429 2257 2480 ἐστι
2283 2428 2340 2480 τὸ
2365 2429 2514 2497 ῥῆμα
2538 2430 2654 2492 νῦν,
2686 2430 2821 2481 ἀλλὰ
2843 2430 2903 2482 τὸ
2928 2431 3206 2501 γινόμενον
3234 2432 3619 2500 ἀπαγγέλλονοτ

2021 2526 2128 2571 τος.
2161 2510 2234 2562 (ὶύ
2266 2510 2371 2579 γὰρ
2405 2506 2542 2562 εἷπε·
2578 2512 2641 2563 Τί
2662 2512 2716 2563 δέ
2744 2512 2894 2581 ὐμῶν
2921 2514 3370 2584 ἀναισθητότερον
3400 2513 3620 2581 γένοιτ-’⁵

2024 2591 2110 2655 ἂν,
2146 2592 2196 2643 οἳ
2226 2594 2293 2645 τά
2334 2594 2460 2664 παρ’
2494 2595 2650 2664 ἡμῶν
2699 2594 2869 2658 οὕτως
2910 2596 3152 2667 ἀκριϐῶς
3187 2597 3618 2665 ἀπαγγελθέντα

2020 2676 2081 2727 οὐ
2111 2676 2397 2746 προσίεσθε
2425 2695 2438 2741 ;
2470 2679 2602 2730 ἀλλά
2640 2680 2731 2731 καὶ
2772 2679 2859 2731 διὰ
2890 2681 2998 2733 τῶν
3028 2680 3203 2752 έργων
3244 2682 3334 2734 καὶ
3371 2681 3459 2735 διὰ
3489 2682 3621 2738 τῶνῑ

2022 2759 2282 2828 ῥημάτων
2306 2762 2485 2813 πᾶσαν
2506 2761 2802 2813 ἐπιείκειαν
2826 2762 3247 2833 ἐνδεικνύμενος,
3272 2763 3475 2817 τούτων
3501 2765 3619 2834 μὲν]

2019 2843 2168 2895 οὐδὲν
2197 2843 2511 2911 ἐφθέγξατο,
2546 2846 2735 2915 πράως
2766 2846 2821 2898 δὲ
2861 2847 2956 2899 καὶ
2977 2847 3200 2918 ἡμέρως
3229 2848 3290 2900 τὸ
3320 2848 3620 2918 συμϐησόοι

2023 2942 2181 2995 μενον
2224 2927 2699 2999 προανεφώνησεν,
2730 2929 2980 2982 ἐντεῦθεν
3013 2932 3093 2990 είς
3121 2932 3297 2983 πᾶσαν
3331 2932 3424 2983 καὶ
3454 2933 3622 3001 ἡμᾶς·

2018 3009 2227 3077 ἐνάγων
2255 3012 2555 3081 πραότητα,
2593 3012 2687 3065 καλ⁵
2716 3013 2984 3066 παιδεύων
3013 3015 3181 3084 ἡμᾶς,
3209 3015 3336 3067 ὅταν
3365 3015 3500 3085 πρός
3520 3033 3621 3068 τι-·

2019 3110 2116 3156 νας
2139 3093 2534 3165 διαλεγώμεθα,
2563 3095 2656 3147 καὶ
2683 3095 2755 3166 μὴ
2786 3096 3082 3167 πείθωμεν,
3113 3098 3186 3167 μή
3207 3097 3599 3167 δυσχεραίνειν,

2021 3176 2156 3247 μηδὲ
2187 3176 2593 3248 ἐκθηριοῦσθαι.
2631 3179 2705 3230 Οὐ
2729 3179 2836 3250 γὰρ
2870 3180 3013 3233 ἐστιν
3047 3178 3239 3233 ἀνύσαι
3262 3181 3353 3233 τὸν
3388 3180 3403 3218 ί
3441 3180 3619 3249 χαλε(

2018 3260 2299 3326 παίνοντα,
2322 3262 2453 3315 ἀλλὰ
2480 3264 2573 3314 καὶ
2603 3263 2985 3334 άπειθέστερον
3009 3265 3343 3333 ἐργάσασθαι
3377 3265 3622 3335 μᾶλλον.-

2017 3344 2117 3397 Διά
2165 3346 2323 3397 τοῦτο
2366 3344 2470 3416 χρὴ
2505 3345 2601 3413 τῆς
2638 3348 2734 3415 μὲν
2764 3346 2932 3417 ὀργῆς
2966 3347 3285 3417 ἀπέχεσθαι,
3335 3348 3602 3402 πάντοθεν
3649 3388 3653 3393 .

2017 3427 2075 3480 δὲ
2107 3426 2416 3491 ἀξιόπιστον
2446 3430 2619 3480 ποιεῖν
2654 3428 2742 3481 τὸν
2771 3429 2948 3497 λόγον,
2971 3431 3029 3482 οὐ
3062 3429 3138 3499 τῷ
3172 3430 3246 3500 μὴ
3285 3430 3600 3501 ὀργίζεσθαι

2021 3510 2199 3580 μόνον,
2230 3510 2363 3563 ἀλλὰ
2392 3511 2485 3562 καὶ
2508 3511 2584 3580 τῷ
2621 3511 2754 3581 μηδὲ
2788 3512 3026 3582 κράζειν.
3063 3514 3202 3582 ’Ύλη
3233 3514 3339 3583 γὰρ
3368 3514 3537 3585 ὀργῆς
3564 3517 3600 3586 ἠ

2017 3594 2254 3664 κραυγή.
2291 3593 2715 3663 Συμποδίσωμεν
2746 3595 2925 3645 τοίνυν
2960 3595 3048 3646 τὸν
3088 3597 3271 3659 ἵππον,
3312 3597 3398 3650 ἵνα
3432 3616 3601 3651 κατα-

2020 3677 2337 3747 στρέψωμεν
2366 3678 2457 3731 τὸν
2486 3679 2775 3749 ἀναϐάτην·
2803 3679 3187 3748 περικόφωμεν
3218 3680 3284 3731 τά
3308 3681 3482 3747 πτερά
3503 3684 3598 3736 τοῦ

2018 3759 2211 3830 θυμοῦ,
2258 3761 2349 3812 καὶ
2381 3761 2479 3813 οὐκ
2516 3760 2595 3812 ἔτι
2634 3761 2766 3831 πρὸς
2805 3760 2935 3829 ὕψος
2978 3760 3275 3831 ἀρθήσεται
3315 3763 3373 3814 τὸ
3408 3765 3596 3819 κακόν.

2031 3841 2151 3905 ’0ξύ
2180 3842 2346 3912 γὰρὴ
2379 3842 2514 3912 ὀργὴ
2551 3842 2743 3908 πάθος,
2769 3842 2885 3908 ὀξὺ,
2926 3845 3019 3896 καὶ
3058 3844 3226 3897 δεινὸν
3269 3844 3461 3913 κλέψαι
3500 3848 3601 3910 τάς

2017 3925 2291 3994 ἡμετέρας
2330 3925 2526 3995 ψνχάς.
2560 3926 2657 3978 Διά
2684 3925 2842 3978 τοῦτο
2874 3927 2976 3996 χρὴ
3010 3928 3272 3980 πάντοθεν
3310 3930 3598 4001 ἀποφράτ-

2016 4024 2130 4061 τειν
2170 4008 2318 4078 αὐτῷ
2357 4008 2454 4079 τὴν
2490 4007 2713 4061 εἴσοδον.
2758 4010 2868 4062 Καὶ
2901 4010 3008 4080 γάρ
3046 4009 3243 4064 ἄτοπον
3283 4011 3450 4082 θηρία
3499 4013 3600 4083 μὲν

2016 4090 2276 4145 δύνασθαι
2310 4090 2570 4162 ἡμεροῦν,
2599 4091 2696 4162 τὴν
2724 4091 2780 4144 δέ
2808 4093 3079 4164 ἡμετέραν
3109 4094 3347 4149 διάνοιαν
3375 4098 3598 4167 ἀγριαί-

2016 4192 2214 4229 νουσαν
2259 4176 2539 4246 περιορᾷν.
2593 4174 2712 4247 Πῦρ
2742 4179 2855 4229 ἐστι
2900 4179 3125 4248 σφοδρὸν
3155 4182 3182 4232 6
3213 4178 3381 4249 θυμὸς
3421 4182 3599 4237 πάντα

2016 4258 2348 4328 διατρώγωνο
2378 4258 2469 4311 καὶ
2494 4258 2603 4328 γὰρ
2632 4259 2725 4311 καὶ
2755 4259 2913 4329 σῶμα
2934 4260 3271 4329 λυμαίνεται,
3305 4264 3394 4315 καὶ
3420 4264 3598 4335 ψυχὴν

2016 4341 2337 4411 διαφθείρει,
2366 4342 2459 4394 καὶ
2482 4342 2620 4413 ἀηδῆ
2651 4342 3045 4406 κατασκευάζει
3074 4346 3169 4396 καὶ
3198 4346 3423 4415 αίσχρδν
3448 4348 3593 4401 ἰδεῖν·

2018 4427 2110 4479 καὶ
2135 4427 2181 4477 εί
2208 4425 2298 4477 τὸν
2331 4424 2679 4495 ὀργιζόμενον
2710 4421 2779 4495 ἦν
2812 4426 3033 4478 δυνατὸν
3064 4426 3240 4496 ἐαυτῷ
3268 4428 3425 4497 δῆλον
3458 4425 3598 4482 εἶναι

2018 4511 2159 4563 κατὰ
2208 4510 2300 4561 τὸν
2346 4509 2534 4577 καιρὸν
2578 4510 2678 4578 τῆς
2721 4510 2908 4579 ὀργῆς,
2945 4512 3044 4563 οὐκ
3076 4510 3141 4563 ἂν
3176 4512 3367 4582 ἐτέρας
3403 4512 3595 4583 ἐδεήθη

2018 4594 2409 4664 παραινέσεως.
2436 4593 2601 4646 Οὐδὲν
2628 4593 2736 4665 γάρ
2760 4596 3153 4663 ἀτερπέστερον
3180 4594 3355 4662 ὅψεως
3385 4595 3599 4666 ὀργιζο-

2022 4678 2205 4749 μένης.
2243 4677 2395 4747 Μέθη
2426 4693 2509 4739 τις
2537 4677 2684 4729 ἐστὶν
2714 4678 2746 4746 ή
2778 4676 2934 4746 ὀργὴ,
2969 4677 3167 4746 μᾶλλον
3205 4678 3261 4729 δέ
3296 4678 3467 4748 μέθης
3501 4698 3601 4749 χα-

2018 4760 2318 4832 λεπωτέρα,
2363 4759 2458 4813 καὶ
2490 4759 2741 4829 δαίμονος
2775 4760 3124 4829 ἐλεεινοτέρα.
3167 4761 3305 4814 Ἀλλ’
3340 4761 3404 4814 ἂν
3443 4763 3599 4832 μελε-

2017 4846 2273 4915 τήσωμεν
2304 4845 2378 4914 μὴ
2420 4843 2664 4915 κράζειν,
2695 4845 2922 4913 ἀρίστην
2947 4844 3062 4895 ὁδὸν
3087 4843 3401 4913 φιλοσοφίας
3432 4847 3598 4916 εὑρή-

2021 4946 2202 4997 σομεν.
2245 4929 2343 4981 Διά
2385 4928 2543 4980 τοῦτο
2586 4930 2614 4981 6
2649 4927 2857 4990 Παῦλος
2890 4928 3025 4996 μετά
3051 4928 3148 4997 τῆς
3179 4928 3348 4999 ὀργῆς
3377 4930 3470 4981 καὶ
3498 4930 3600 4997 τὴν

2019 5011 2266 5082 κραυγὴν
2308 5013 2548 5081 ἀναιρεῖν
2598 5011 2818 5080 γράφει,
2856 5010 3049 5077 λέγων·
3095 5008 3269 5063 Πᾶσα
3307 5012 3452 5079 ὀργὴ
3497 5012 3599 5065 καί

2019 5094 2250 5163 κραυγὴ
2285 5094 2517 5161 ἀρθήτω
2540 5095 2621 5161 ἀρ
2662 5093 2845 5161 ὑμῶν.
2881 5092 3089 5145 Οὐκοῦν
3128 5093 3442 5163 πειθώμεθα
3466 5093 3543 5164 τῷ
3572 5104 3600 5142 ε

2023 5179 2201 5246 πάσης
2233 5178 2545 5245 φιλοσοφίας
2574 5176 2898 5246 διδασκάλῳ·
2938 5177 3032 5228 καὶ
3078 5177 3205 5229 ὅταν
3252 5176 3601 5247 όργιζώμεθα

2022 5260 2158 5329 πρὸς
2197 5262 2323 5321 τοὺς
2373 5260 2606 5323 οἰκέτας,
2655 5259 2723 5311 τὰ
2774 5261 3146 5329 ἁμαρτήματα
3174 5260 3243 5313 τά
3274 5260 3478 5312 ἐαυτῶν
3513 5262 3601 5312 ἐν-

2021 5344 2248 5413 νοῶμεν,
2275 5343 2367 5394 καὶ
2388 5341 2485 5412 τὴν
2507 5342 2806 5396 ἐπιείκειαν
2830 5343 3213 5413 αἰσχυνώμεθα
3234 5344 3331 5412 τὴν
3353 5344 3598 5397 ἐκείνων.

2023 5426 2191 5479 Ὅταν
2235 5426 2344 5496 γὰρ
2390 5426 2453 5478 σὺ
2509 5425 2756 5498 ὑϐρίζῃς,
2801 5427 3005 5489 ἐκεῖνος
3051 5426 3108 5477 δέ
3159 5428 3283 5495 σιγῇ
3326 5425 3465 5497 φέρῃ
3502 5427 3602 5497 τὴν

2023 5509 2200 5580 ὓϐριν,
2236 5510 2329 5563 καὶ
2372 5511 2435 5563 οὐ
2474 5510 2571 5580 μὲν
2610 5512 2944 5581 ἀσχημονῇς,
2986 5512 3190 5571 ἐκεῖνος
3220 5510 3277 5562 δὲ
3312 5510 3597 5579 φιλοσοφῇ,

2020 5594 2179 5647 τοῦτο
2206 5594 2322 5646 ἀντὶ
2346 5594 2527 5663 πάσης
2546 5594 2701 5663 δέχου
2726 5594 3023 5655 νουθεσίας.
3052 5593 3115 5645 EE
3139 5591 3246 5663 γὰρ
3268 5594 3359 5645 καὶ
3384 5595 3601 5662 οἰκέτης

2024 5678 2192 5741 ἐστὶν,
2227 5677 2341 5730 ἀλλ’
2380 5676 2661 5745 ἄνθρωπος
2692 5675 2839 5747 [155]
2876 5676 2970 5729 καὶ¹
3005 5676 3184 5745 ψυχὴν
3230 5676 3367 5746 ἔχων
3398 5677 3601 5730 ἀθάνα-

2087 5796 2114 5836 ἆ
2136 5797 2308 5846 Morel.
2331 5797 2416 5854 τήν
2438 5796 2643 5844 ἐκείνων.
2674 5794 2859 5857 Ibidem
2882 5794 3077 5856 quidam
3110 5800 3167 5857 τῇ
3188 5796 3322 5857 λέξει.
3351 5797 3439 5843 Διὰ
3457 5794 3601 5845 τοῖ’)τὸ

2024 5872 2182 5922 φησιν·
2210 5860 2236 5906 ὂ
2269 5860 2359 5906 οἶδ.
2471 5858 2672 5922 Quidam
2696 5855 2837 5904 τοῦτο
2962 5857 3031 5922 "O_
3048 5855 3155 5905 οίδζ
3212 5856 3230 5893 ί
3251 5858 3370 5922 Sav.
3403 5863 3455 5905 et
3479 5858 3597 5922 Mor.

2023 5919 2334 5981 .éuspicantur
2356 5920 2525 5967 ἀνύσαι
2552 5936 2614 5966 τι.
2641 5919 2698 5967 Et
2720 5930 2835 5965 vere
2848 5920 2917 5967 sic
2937 5919 3117 5967 melius
3138 5919 3401 5981 quadraret
3420 5921 3597 5968 series.

2025 5982 2128 6030 Sed
2151 5984 2257 6030 sine
2280 5982 2420 6030 codd.
2450 5982 2738 6044 auctoritate
2760 5981 2881 6029 nihil
2914 5987 3174 6029 mutamus.
3245 5982 3269 6020 8
3298 5981 3433 6044 Unus
3454 5997 3602 6044 κραυ-

2025 6044 2115 6104 γὴν
2138 6044 2309 6093 ἀνεῖχε.
2332 6044 2609 6105 ΙΙειθώμεθα
2630 6043 2783 6091 τοίνυν
2805 6044 2874 6107 τῷ
2900 6045 3093 6093 omissis
3116 6042 3440 6105 interpositis.
