4094 6370
271 353 377 413 157

269 459 442 503 mante
472 441 754 514 cujusdam
790 454 847 501 et
878 441 998 498 vilis
1029 439 1395 510 prmrogativze
1423 435 1588 507 gratia
1619 434 1856 490 convicia

269 546 451 591 nostra
487 536 559 589 ita
587 542 872 588 mansuete
901 531 1035 586 ferat
1062 547 1076 583 :
1104 545 1207 600 qua
1237 529 1391 583 venia
1412 569 1428 593 ,
1457 537 1510 581 et
1539 541 1643 595 qua
1664 523 1849 579 delen-

269 630 425 684 sione
448 626 593 697 digni
622 626 843 689 erimus,
874 623 965 694 qui
996 622 1178 677 divino
1206 628 1350 674 metu
1395 634 1500 672 non
1531 629 1817 688 possumus
1837 655 1853 680 ,

267 719 379 775 imo
407 719 658 774 nolumus
685 757 700 782 ,
730 724 786 769 ut
821 715 910 769 ille
931 723 1138 778 nostro,
1174 708 1581 782 philosophari?
1607 706 1731 761 llaec
1756 707 1856 760 ita-

266 826 375 881 que
406 810 585 867 omnia
631 809 909 865 nobiscum
937 816 1245 877 reputantes
1270 847 1286 871 ,
1315 818 1379 858 ac
1425 811 1639 872 peccata
1671 807 1853 854 nostra

265 911 579 971 naturasque
610 899 937 955 consortium
979 898 1274 968 cogitantes
1294 936 1308 960 ,
1339 901 1619 947 mansuete
1649 887 1848 960 ubique

1229 346 1295 403 IN
1332 342 1643 401 JOANNEM
1682 341 1913 398 HOMIL.
1958 343 2170 400 XXVII.
2210 346 2284 401 al.
2325 346 2517 404 XXVI.

3453 362 3555 419 158

1966 435 2109 504 loqui
2137 437 2466 505 studeamus,
2511 449 2572 495 ut
2603 439 2832 497 humiles
2858 442 3021 498 corde
3042 443 3213 500 cﬂ'ecti
3231 488 3247 513 ,
3272 448 3557 506 animabus

1960 528 2162 583 nostris
2187 530 2427 599 requiem
2444 530 2780 587 inveniamus
2800 544 2853 588 et
2870 545 3188 604 prmseutem
3209 546 3262 592 et
3284 537 3512 593 futuram
3536 558 3552 606 ;

1960 633 2119 686 quam
2152 619 2353 675 utinam
2390 637 2578 677 omnes
2624 638 2998 695 assequamur,
3040 630 3207 695 gratia
3235 640 3288 685 et
3318 631 3554 703 benigni-

1964 716 2073 762 tate
2116 708 2327 764 Domini
2356 714 2523 767 nostri
2548 713 2676 769 Jesu
2700 716 2899 773 Christi
2929 761 2946 786 ,
2978 724 3190 792 quicum
3221 722 3361 778 Patri
3390 725 3557 794 gloria

1964 812 2180 867 unaque
2207 799 2426 869 Spiritui
2460 815 2666 871 sancto,
2697 824 2839 864 nunc
2860 818 2913 865 ct
2936 826 3153 883 semper
3175 856 3190 880 ,
3217 816 3343 869 etin
3362 818 3556 873 saecula

1961 890 2308 947 saeculorum.
2343 896 2537 951 Amen.

1576 1103 1926 1167 HOMILIA
1975 1102 2240 1168 XXVII.

268 1257 360 1314 l2.
386 1257 449 1312 Si
472 1266 671 1310 terrena
693 1253 799 1307 dixi
834 1248 972 1306 vobis
997 1294 1011 1317 ,
1045 1262 1091 1305 et
1121 1269 1222 1305 non
1251 1251 1474 1316 creditis,
1505 1250 1782 1321 quontodo,
1815 1246 1858 1298 si

335 1350 515 1403 dixero
540 1348 679 1405 vobis
720 1344 938 1399 cwlestia
959 1385 975 1408 ,
1011 1344 1261 1397 credetis?
1304 1345 1391 1399 15.
1438 1342 1605 1396 Nemo
1631 1341 1857 1396 ascendit

340 1441 393 1493 in
421 1441 624 1499 cretum,
648 1436 746 1491 nisi
771 1436 859 1505 qui
884 1435 948 1489 de
969 1433 1093 1488 ctclo
1115 1434 1394 1499 descendit,
1423 1433 1468 1487 F
1471 1434 1588 1488 ilius
1616 1433 1852 1496 hominis,

335 1534 514 1601 quiest
535 1534 586 1586 in
616 1530 755 1583 ca'lo.

345 1630 392 1682 1.
421 1628 654 1683 Christus
693 1630 983 1683 auditorum
1014 1624 1347 1682 imbecillitati
1389 1640 1442 1677 se
1470 1618 1853 1687 attemperabat,

268 1721 524 1788 quomodo
548 1732 596 1774 et
625 1738 724 1792 qua
754 1730 934 1775 mente.
966 1719 1224 1791 Unigeniti
1251 1717 1507 1788 generatio
1537 1730 1636 1767 non
1664 1714 1862 1765 ratione

265 1811 591 1879 inquirenda.
632 1811 813 1867 Versus
863 1829 992 1882 quos
1020 1812 1237 1882 explicat
1280 1810 1409 1862 inter
1436 1825 1490 1862 se
1532 1807 1783 1860 cohwrere
1814 1812 1860 1857 et

262 1904 522 1971 quadrare
575 1904 881 1958 demonstrat
926 1902 1335 1976 Chrysostomus.
1392 1928 1461 1939 —
1515 1897 1666 1965 Quod
1718 1910 1860 1964 sarpe

266 1995 377 2049 dixi
405 2036 419 2059 ,
468 1995 575 2050 hoc
603 2007 657 2049 et
687 2011 828 2050 nunc
852 1996 1048 2059 dicam,
1090 2010 1188 2049 nec
1219 1994 1379 2048 linem
1411 1989 1618 2045 dicendi
1646 1988 1855 2042 iaciam.

264 2085 404 2154 Quid
439 2088 542 2142 hoc
570 2089 694 2142 est?
734 2087 1077 2158 Loquuturus
1104 2087 1263 2142 Jesus
1288 2084 1357 2139 de
1383 2082 1723 2145 sublimibus,
1756 2095 1852 2133 au-

267 2180 504 2233 ditorum
545 2195 691 2249 szepe
734 2180 1085 2236 imbecillitati
1132 2194 1250 2234 sese
1290 2183 1628 2245 attemperat,
1686 2187 1862 2242 neque

266 2270 639 2339 magnitudine
667 2285 764 2325 sua
790 2270 964 2341 dignis
994 2270 1161 2323 utitur
1189 2269 1371 2323 verbis
1408 2308 1422 2329 ,
1452 2266 1546 2320 sed
1577 2264 1861 2319 demissio-

270 2360 440 2415 ribus.
477 2360 610 2415 Nam
657 2361 886 2415 sublime
925 2373 1283 2430 magnumque
1305 2358 1506 2412 dictum
1545 2354 1710 2411 semel
1747 2368 1863 2423 pro-

271 2449 464 2518 latum,
510 2451 653 2505 illam
706 2460 884 2520 posset
913 2451 1224 2521 dignitatem
1259 2448 1557 2513 declarare,
1604 2455 1859 2516 quamam

269 2541 479 2595 scilicet
503 2541 688 2595 audire
728 2557 826 2596 nos
859 2556 1140 2611 possumus
1184 2557 1199 2594 :
1230 2537 1513 2593 humiliora
1547 2551 1675 2589 vero
1700 2577 1713 2600 ,
1744 2550 1863 2604 qua:

271 2635 573 2689 auditorum
602 2645 836 2690 mentem
860 2635 1122 2704 attingere
1146 2641 1393 2703 possunt,
1426 2630 1528 2685 nisi
1552 2630 1862 2698 frequenter

267 2725 596 2791 dicerentur,
628 2727 873 2780 sublimia
930 2742 1051 2780 cum
1098 2724 1328 2790 essent,
1382 2722 1529 2779 humi
1586 2729 1861 2790 repentem

273 2819 571 2874 auditorem
596 2835 700 2873 non
738 2820 1055 2889 attigissent.
1084 2817 1209 2872 Ideo
1252 2818 1407 2886 longe
1452 2814 1603 2884 plura
1648 2811 1864 2865 humilia

271 2910 429 2977 dixit,
460 2926 619 2980 quam
646 2911 913 2966 sublimia.
942 2909 1047 2967 Sed
1075 2924 1143 2965 ne
1172 2910 1273 2964 hoc
1297 2907 1438 2963 aliud
1469 2907 1719 2963 damnum
1758 2904 1864 2959 im-

275 3009 545 3069 portaret,
577 3010 630 3056 et
657 3001 803 3055 humi
840 3002 1160 3071 discipulum
1193 2999 1466 3061 retineret,
1501 2995 1749 3051 inferiora
1777 2993 1864 3048 illa

275 3106 383 3143 non
416 3090 545 3145 dicit
575 3131 591 3155 ,
622 3092 720 3146 nisi
748 3106 961 3147 causam
990 3092 1076 3146 illa
1104 3089 1316 3145 dicendi
1367 3088 1554 3142 atl‘erat
1573 3106 1585 3140 :
1607 3086 1747 3157 quod
1777 3085 1865 3139 hic

270 3182 438 3236 etiam
496 3182 640 3237 fecit.
689 3182 821 3238 Cum
849 3183 992 3237 enim
1057 3182 1278 3236 dixisset
1323 3180 1390 3235 de
1430 3180 1783 3248 baptismate,
1809 3185 1867 3230 et

270 3271 348 3327 de
391 3272 478 3328 illa
505 3288 626 3344 quae
678 3274 731 3328 in
773 3285 915 3328 term
944 3273 1001 3328 ﬁt
1035 3272 1331 3328 secundum
1378 3272 1600 3342 gratiam
1642 3284 1867 3340 genera-

276 3363 448 3429 tione,
478 3364 665 3419 volens
713 3363 782 3420 de
851 3365 1192 3435 generatione
1238 3364 1329 3419 illa
1392 3378 1487 3417 sua
1547 3377 1742 3417 arcana
1809 3370 1863 3417 et

275 3454 534 3509 ineffabili
584 3455 750 3525 loqui,
794 3455 1099 3511 intermittit
1138 3464 1314 3509 tamen
1342 3494 1358 3519 ,
1397 3462 1452 3509 et
1477 3468 1582 3524 qua
1607 3452 1675 3508 de
1702 3467 1861 3507 causa

277 3546 603 3601 intermittat
651 3547 768 3616 ipse
812 3542 1068 3602 declarat.
1117 3547 1373 3613 Quaenam
1404 3546 1491 3599 illa
1529 3560 1689 3600 causa
1741 3546 1862 3599 est?

278 3636 595 3692 Auditorum
619 3638 891 3693 crassitics
920 3648 975 3693 et
1004 3637 1366 3702 imbecillitas,
1402 3652 1561 3707 quam
1593 3651 1717 3691 mox
1745 3634 1865 3691 sub-

276 3727 532 3783 indicavit
560 3729 642 3783 his
674 3727 853 3784 verbis
885 3748 898 3784 :
929 3729 989 3784 Si
1018 3739 1215 3783 terrena
1241 3728 1350 3782 dixi
1369 3728 1529 3793 vobis,
1562 3738 1608 3781 et
1634 3742 1735 3781 non
1754 3742 1864 3779 cre-

270 3819 419 3887 ditis,
468 3821 737 3890 quomodo,
798 3821 843 3875 si
895 3821 1072 3875 dixero
1120 3820 1258 3875 vobis
1310 3819 1551 3884 ccelcstia,
1609 3816 1864 3874 credetis?

273 3910 460 3981 Itaque
487 3911 576 3967 ubi
596 3911 897 3967 modestum
924 3911 1051 3983 quid
1080 3920 1134 3966 et
1162 3910 1365 3967 humile
1386 3909 1537 3975 dicit,
1570 3910 1622 3964 id
1648 3909 1859 3964 audito—

272 4020 396 4058 rum
427 4004 777 4060 imbecillitati
805 4004 1216 4060 adscribendum
1247 4012 1351 4059 est.
1396 4003 1696 4058 Terrestria
1729 4016 1863 4056 vero

269 4095 365 4151 hic
389 4098 606 4167 quidam
638 4108 823 4168 putant
846 4107 1063 4152 ventum
1103 4097 1428 4167 signiﬁcare,
1455 4111 1518 4151 ac
1541 4096 1585 4151 si
1620 4096 1859 4151 diceret:

268 4188 335 4244 Si
364 4191 668 4260 exemplum
695 4206 761 4245 ex
806 4192 1032 4245 terrenis
1056 4190 1215 4254 dedi,
1246 4204 1348 4244 nec
1374 4198 1553 4243 tamen
1581 4187 1861 4258 obtempe-

272 4284 473 4348 rastis,
517 4280 788 4351 quomodo
840 4282 1085 4352 poteritis
1132 4280 1442 4335 sublimiora
1503 4279 1750 4335 discere?
1804 4277 1861 4333 Si

266 4389 439 4443 porro
484 4373 571 4429 hic
597 4374 856 4443 baptisma
910 4382 1181 4429 terrenum
1224 4374 1497 4444 appellet,
1528 4388 1596 4426 ne
1625 4371 1858 4427 mireris.

269 4471 382 4521 Aut
423 4467 567 4521 enim
604 4466 735 4521 illud
776 4467 847 4521 ita
886 4474 1042 4521 vocat
1073 4465 1213 4535 quod
1237 4465 1289 4518 in
1322 4464 1479 4519 terris
1520 4463 1859 4521 conferatur:

263 4568 365 4612 aut
388 4560 461 4613 ita
493 4568 668 4624 vocat,
697 4558 869 4628 ipsum
896 4556 1261 4627 comparando
1286 4572 1407 4611 cum
1450 4556 1727 4611 tremenda
1770 4554 1860 4609 illa

268 4666 369 4705 sum
395 4653 763 4721 generatione.
787 4650 917 4706 Nam
939 4651 1039 4706 etsi
1071 4651 1186 4704 hmc
1214 4650 1489 4720 generatio
1508 4651 1738 4705 czelcstis
1766 4650 1856 4715 sit,

272 4743 320 4797 si
370 4753 553 4799 tamen
590 4753 933 4814 comparetur
966 4758 1088 4799 cum
1119 4743 1210 4797 illa
1252 4758 1318 4797 ex
1362 4742 1533 4797 Patris
1560 4741 1858 4797 substantia

268 4837 657 4906 generatione,
688 4845 903 4890 terrena
947 4834 1053 4889 dici
1083 4843 1275 4904 potest.
1310 4835 1386 4889 Ac
1412 4835 1531 4904 jure
1566 4850 1671 4890 non
1701 4834 1854 4900 dixit,

270 4928 385 4983 Non
415 4929 735 5000 iutelligitis,
761 4927 855 4983 sed
878 4969 895 4993 ,
938 4926 1062 4982 Non
1107 4928 1328 4982 creditis.
1366 4926 1421 4982 Si
1467 4927 1585 4997 quis
1614 4926 1755 4982 enim
1794 4941 1857 4980 ea

269 5021 497 5074 credere
527 5028 583 5075 et
628 5019 916 5075 admittere
945 5018 1098 5085 nolit,
1129 5034 1250 5089 quae
1287 5027 1467 5073 mente
1498 5017 1696 5087 percipi
1743 5031 1859 5087 pos-

268 5120 416 5175 sunt,
442 5111 486 5164 is
509 5110 635 5180 jure
655 5110 896 5164 stultitiae
922 5118 1236 5174 accusetur;
1263 5110 1310 5163 si
1331 5110 1449 5178 quis
1475 5123 1605 5163 vero
1632 5108 1719 5162 illa
1749 5124 1853 5161 non

268 5202 537 5268 admittat,
552 5217 673 5272 qum
690 5217 798 5257 non
814 5211 1011 5267 mente,
1034 5201 1129 5257 sed
1153 5202 1257 5257 ﬁde
1280 5201 1664 5271 percipiuntur,
1684 5201 1728 5255 is
1750 5215 1855 5254 non

262 5295 371 5364 jam
388 5295 652 5358 stultitiae,
680 5295 773 5349 sed
798 5293 1180 5349 incredulitatis
1193 5309 1351 5349 causa
1372 5295 1624 5363 arguitur.
1642 5293 1710 5349 Ut
1728 5307 1856 5362 ergo

265 5386 417 5441 illum
440 5384 691 5450 abducat,
716 5399 785 5439 ne
812 5385 1101 5440 ratiociniis
1116 5385 1315 5439 dictum
1340 5385 1614 5455 percipere
1629 5393 1853 5454 qua-rat,

264 5479 637 5534 vehementius
660 5478 710 5531 in
737 5476 883 5531 illum
907 5476 1189 5541 invehitur,
1212 5476 1281 5531 de
1301 5476 1669 5531 incredulitate
1695 5490 1853 5530 accu-

259 5585 409 5624 sans.
433 5570 491 5624 Si
517 5584 650 5624 vero
677 5578 915 5622 nostram
937 5567 1079 5621 illam
1108 5567 1505 5638 generationem
1535 5567 1639 5620 ﬁde
1664 5567 1856 5620 admit-

262 5668 380 5715 ιρι-ε
396 5668 662 5730 οροτιωι,
683 5674 787 5731 quo
807 5674 913 5712 non
937 5658 1079 5728 digni
1106 5668 1228 5713 sunt
1248 5658 1530 5728 supplicio,
1552 5658 1641 5726 qui
1661 5656 1856 5726 Unigc-

259 5750 361 5808 niti
380 5752 783 5824 generationem
810 5749 1018 5806 ratione
1043 5749 1349 5821 inquirunt?
1377 5748 1481 5806 Sed
1504 5747 1638 5805 forte
1661 5747 1853 5804 dixerit

590 5856 864 5919 Ρηιιοι..
905 5859 1021 5921 Gn.
1067 5863 1225 5924 LIX.

1968 1250 2254 1318 quispiam,
2284 1254 2387 1308 Cur
2416 1254 2533 1311 hau:
2560 1257 2703 1313 dicta
2732 1270 2891 1325 sunt,
2929 1262 2974 1317 si
3003 1264 3275 1321 auditores
3302 1283 3408 1323 non
3436 1285 3556 1325 cre-

1968 1340 2356 1399 diturierant?
2392 1346 2523 1413 Quia
2553 1350 2654 1404 etsi
2696 1351 2771 1405 illi
2816 1368 2920 1407 non
2966 1354 3218 1410 credituri
3258 1368 3413 1414 erant
3438 1400 3455 1426 ,
3503 1371 3558 1421 at

1968 1434 2222 1489 credituri
2246 1448 2391 1492 certe
2421 1439 2579 1495 futuri
2604 1440 2868 1504 homines,
2902 1456 2956 1499 et
2985 1445 3110 1502 hinc
3130 1448 3408 1504 utilitatem
3438 1467 3559 1520 pcr—

1968 1530 2196 1596 cepturi.
2228 1528 2611 1586 Vehementius
2640 1549 2767 1604 ergo
2794 1536 2844 1590 in
2876 1537 3023 1591 illum
3053 1539 3308 1596 invehens
3328 1582 3343 1606 ,
3373 1555 3558 1598 osten-

1967 1618 2045 1672 dit
2069 1620 2321 1689 demum,
2351 1638 2410 1678 se
2453 1640 2559 1679 non
2592 1625 2751 1682 modo
2782 1628 2867 1682 illa
2899 1644 3055 1685 nosse
3080 1672 3095 1696 ,
3141 1632 3234 1686 sed
3261 1636 3422 1688 etiam
3452 1635 3558 1689 alia

1969 1710 2124 1783 longe
2156 1714 2304 1783 plura
2350 1726 2404 1770 et
2453 1717 2654 1787 majora
2685 1737 2698 1785 ;
2731 1722 2873 1790 quod
2908 1737 3004 1791 per
3028 1726 3304 1794 sequentia
3326 1729 3559 1783 ostendit

1970 1802 2193 1860 dicens:
2227 1805 2393 1860 Nemo
2423 1809 2474 1862 in
2495 1810 2675 1864 cadum
2699 1813 2946 1876 ascendit,
2967 1815 3066 1869 nisi
3104 1817 3193 1886 qui
3225 1818 3286 1871 de
3311 1820 3434 1873 caelo
3470 1836 3558 1874 aer

1969 1898 2182 1963 scendit,
2212 1897 2380 1954 Filius
2407 1902 2625 1957 hominis
2644 1944 2658 1968 ,
2695 1905 2782 1973 qui
2809 1914 2882 1959 est
2906 1906 2957 1959 in
2990 1908 3132 1961 ciete.
3161 1909 3228 1963 Et
3265 1924 3508 1980 quamam
3537 1957 3553 1978 ,

1970 1990 2210 2059 inquies,
2245 1991 2360 2047 hac
2386 1996 2811 2063 consequentia?
2841 1996 3066 2051 Maxima
3097 2010 3260 2062 certe,
3294 2012 3347 2056 et
3372 2003 3557 2057 admo-

1968 2079 2093 2133 dum
2116 2096 2237 2135 cum
2265 2083 2585 2153 supradictis
2610 2100 2935 2142 consonans.
2960 2088 3092 2155 Quia
3114 2091 3257 2145 enim
3289 2092 3376 2146 ille
3401 2093 3554 2148 dixe-

1969 2181 2054 2226 rat
2083 2191 2095 2227 :
2131 2173 2333 2229 Scimus
2370 2177 2489 2242 quia
2516 2193 2548 2229 a
2587 2176 2692 2231 Deo
2718 2180 2897 2232 venisti
2932 2181 3172 2251 magister
3195 2224 3208 2246 ,
3242 2182 3344 2237 hoc
3384 2186 3557 2253 ipsum

1970 2266 2063 2322 ille
2090 2268 2327 2337 corrigit,
2358 2284 2421 2323 ac
2450 2270 2493 2323 si
2525 2270 2704 2324 dicat:
2734 2271 2813 2326 Ne
2834 2283 2987 2343 putes
3028 2290 3113 2330 me
3145 2278 3212 2329 ita
3246 2279 3557 2346 magistrum

1969 2374 2089 2415 esse
2117 2368 2175 2415 ut
2200 2362 2350 2416 tnulti
2379 2362 2656 2433 prephetae
2679 2407 2694 2431 ,
2731 2367 2818 2435 qui
2853 2366 2921 2421 de
2950 2378 3088 2421 terra
3117 2378 3290 2423 erant.
3322 2370 3396 2423 Ex
3426 2372 3560 2425 caelo

1970 2466 2199 2522 namque
2225 2454 2400 2509 venio.
2432 2455 2815 2525 Prophetarum
2845 2461 3042 2529 quippe
3072 2461 3248 2515 nullus
3276 2477 3341 2516 eo
3366 2478 3561 2517 ascen-

1970 2542 2094 2606 dit;
2141 2558 2241 2613 ego
2287 2544 2394 2599 illic
2444 2544 2644 2601 habito.
2686 2548 2871 2602 Viden'
2911 2550 3182 2618 quomodo
3223 2551 3353 2606 illud
3396 2554 3559 2608 etiam

1970 2634 2111 2703 quod
2139 2635 2425 2691 admodum
2458 2639 2687 2694 sublime
2714 2641 2924 2696 videtur
2950 2656 3070 2697 esse
3093 2683 3108 2708 ,
3144 2643 3260 2712 ejus
3287 2647 3556 2715 magnitu-

1971 2728 2095 2781 dine
2125 2728 2550 2799 indignissimum
2596 2732 2713 2785 sit?
2751 2731 2866 2785 Νοιι
2910 2742 3114 2788 tantum
3147 2736 3289 2789 enim
3328 2736 3379 2789 in
3424 2737 3559 2791 caalo

1970 2826 2070 2884 est,
2095 2820 2188 2873 sed
2219 2821 2378 2875 etiam
2406 2822 2621 2891 ubique,
2654 2832 2708 2877 et
2733 2824 2908 2877 omnia
2933 2824 3136 2893 implet.
3163 2825 3359 2880 Verum
3382 2827 3558 2881 adhuc

1972 2924 2068 2978 pro
2098 2910 2355 2966 auditoris
2384 2912 2748 2968 imbecillitate
2768 2913 3025 2982 loquitur,
3048 2925 3110 2969 ut
3134 2917 3385 2986 paulatim
3406 2918 3557 2972 illum

1970 3003 2158 3073 erigat.
2187 3003 2381 3060 Filium
2407 3017 2582 3061 autem
2625 3006 2858 3062 hominis
2893 3008 2981 3063 hic
3011 3024 3117 3063 non
3155 3024 3372 3064 carnem
3400 3026 3558 3066 vocav

1970 3094 2065 3160 vit,
2091 3094 2186 3149 sed
2215 3111 2245 3149 a
2288 3097 2479 3151 minori
2510 3098 2801 3152 substantia
2834 3112 2893 3154 se
2920 3107 3090 3153 totum
3115 3140 3130 3164 ,
3166 3110 3224 3154 ut
3248 3101 3321 3155 ita
3349 3101 3547 3167 dicam,

1972 3189 2287 3242 nominavit.
2332 3189 2480 3245 Solet
2517 3191 2660 3246 enim
2689 3206 2836 3262 saepe
2876 3206 2906 3245 a
2950 3193 3227 3248 divinitate
3252 3235 3267 3259 ,
3312 3210 3456 3263 saepe
3489 3195 3558 3248 ab

1972 3278 2299 3335 humanitate
2327 3322 2343 3347 ,
2386 3296 2446 3336 se
2494 3291 2663 3336 totum
2714 3298 2927 3339 vocare.
2977 3284 3064 3339 Η.
3103 3283 3173 3338 Ει
3214 3286 3346 3339 sicut
3390 3284 3558 3341 Moses

1969 3372 2208 3426 exultavit
2237 3384 2516 3440 serpentem
2539 3374 2591 3427 in
2628 3374 2824 3429 deserto
2854 3416 2870 3439 ,
2901 3377 2974 3429 ita
2997 3375 3213 3431 exaltari
3237 3388 3432 3447 oportet
3460 3378 3557 3432 Fi-

1970 3462 2094 3517 lium
2116 3464 2351 3518 hominis.
2381 3464 2493 3521 Hoc
2518 3481 2726 3521 rursum
2750 3467 2959 3523 videtur
2978 3484 3007 3522 a
3036 3470 3404 3538 superioribus
3426 3472 3558 3528 alie-

1972 3572 2134 3621 num;
2168 3557 2262 3613 sed
2301 3574 2421 3612 eum
2455 3560 2558 3613 illis
2586 3561 2816 3615 maxime
2845 3563 3132 3615 consentit.
3163 3562 3298 3617 Cum
3333 3564 3556 3620 dixisset

1968 3650 2111 3704 enim
2173 3652 2463 3706 maximum
2506 3668 2602 3721 per
2641 3652 2905 3722 baptisma
2961 3653 3211 3709 collatum
3253 3655 3556 3713 hominibus

1969 3755 2090 3796 esse
2117 3741 2434 3796 beneﬁcium
2460 3786 2475 3809 ,
2506 3742 2653 3798 addit
2704 3743 2861 3813 hujus
2904 3760 3120 3800 causam
3144 3787 3161 3813 ,
3204 3761 3378 3816 neque
3409 3748 3555 3804 illam

1970 3832 2231 3887 minorem
2257 3875 2270 3897 ,
2304 3833 2509 3888 scilicet
2564 3849 2661 3905 per
2716 3850 2953 3891 crucem.
3001 3836 3458 3903 Quemadmodum
3501 3851 3556 3896 et

1971 3926 2163 3981 Paulus
2192 3926 2496 3981 Corinthios
2526 3928 2805 3999 alloquens
2824 3969 2839 3992 ,
2869 3928 2983 3983 lucc
3010 3929 3166 3985 simul
3187 3930 3365 4001 jungit
3393 3932 3554 3986 bene.

1938 4020 2088 4074 'ﬁcia
2131 4020 2212 4074 his
2264 4021 2477 4075 verbis:
2512 4020 2776 4088 Numquid
2817 4022 3015 4076 Paulus
3049 4023 3321 4092 cruciﬁxus
3365 4035 3438 4077 est
3464 4040 3555 4094 pro

1968 4112 2145 4165 vobis?
2174 4122 2260 4165 aut
2289 4115 2342 4166 in
2372 4114 2572 4166 nomine
2589 4112 2746 4167 Pauli
2762 4113 3001 4184 baptizati
3030 4115 3147 4168 estis
3170 4114 3311 4185 (Cor.
3333 4115 3383 4169 I.
3415 4116 3549 4185 15)?

1970 4202 2094 4258 Ilaec
2114 4204 2257 4259 enim
2281 4204 2387 4259 duo
2427 4205 2657 4259 maxime
2700 4204 3019 4259 ineﬂ'abilem
3043 4204 3157 4274 ejus
3182 4221 3418 4260 amorem
3460 4221 3554 4259 os-

1970 4296 2193 4349 tendunt
2228 4310 2244 4359 ;
2286 4292 2428 4364 quod
2462 4309 2559 4363 pro
2578 4294 2807 4348 inimicis
2837 4308 3027 4364 passus
3061 4293 3171 4358 sit,
3203 4304 3257 4348 et
3281 4294 3422 4361 quod
3456 4309 3553 4363 pro

1969 4385 2199 4441 inimicis
2224 4393 2465 4465 mortuus
2489 4426 2504 4449 ,
2538 4400 2635 4454 per
2663 4384 2987 4454 baptismum
3012 4383 3271 4454 integram
3309 4395 3554 4454 peccato.

1967 4494 2085 4533 rum
2116 4478 2325 4533 veniam
2354 4478 2576 4548 largitus
2608 4479 2696 4531 sit.

2036 4572 2094 4627 2.
2131 4570 2243 4626 Cur
2281 4580 2457 4626 autem
2502 4586 2606 4624 non
2658 4570 2804 4623 clare
2848 4567 2982 4623 dixit
3026 4582 3086 4623 se
3127 4568 3551 4637 cruciﬁgendum

1968 4678 2108 4731 esse,
2140 4664 2232 4718 sed
2262 4663 2327 4717 ad
2357 4671 2593 4717 veterem
2627 4661 2847 4730 ﬁguram
2872 4658 3143 4713 auditores
3171 4658 3413 4712 remisit?
3436 4657 3552 4713 Pri.

1967 4772 2111 4812 mum
2144 4765 2201 4811 ut
2229 4754 2538 4811 discerent‘
2565 4761 2803 4807 veterum
2834 4765 2954 4805 cum
2978 4752 3129 4803 novis
3157 4750 3550 4819 cognationem,

1965 4850 2273 4919 scirentque
2316 4845 2433 4902 haec
2470 4844 2578 4900 illis
2615 4843 2789 4898 aliena
2819 4857 2925 4896 non
2969 4856 3130 4906 esse;
3163 4840 3356 4896 deinde
3385 4851 3442 4896 ut
3463 4841 3552 4896 in.

1970 4943 2208 5013 telligas,
2238 4941 2410 5011 ipsum
2450 4953 2557 4993 non
2584 4937 2807 4991 invitum
2837 4934 2906 4990 ad
2944 4943 3173 4990 mortem
3201 4939 3448 5000 venisse;
3481 4933 3549 4990 ad

1966 5037 2080 5092 lucc
2105 5044 2281 5090 autem
2325 5042 2384 5088 ut
2423 5031 2659 5087 disceres
2687 5072 2701 5097 ,
2731 5028 2933 5083 nullum
2978 5027 3078 5097 ipsi
3112 5026 3181 5082 ab
3219 5027 3309 5082 illa
3354 5042 3414 5082 re
3454 5026 3550 5082 da-

1963 5143 2147 5183 mnum
2166 5124 2462 5196 importari,
2486 5132 2540 5178 et
2560 5122 2683 5176 hinc
2702 5119 2882 5175 multis
2898 5119 3069 5189 ipsum
3087 5119 3311 5175 salutem
3334 5133 3547 5189 parere.

1960 5221 2040 5277 Ne
2087 5221 2206 5291 quis
2231 5220 2372 5274 enim
2398 5216 2637 5280 diceret,
2672 5213 2738 5268 Et
2780 5212 3050 5282 quomodo
3083 5212 3202 5266 ﬁeri
3242 5220 3460 5281 potest,
3491 5220 3550 5266 ut

1962 5316 2051 5386 qui
2085 5315 2136 5368 in
2185 5310 2494 5367 cruciﬁxum
2543 5306 2811 5370 credunt,
2844 5307 3071 5361 salutem
3110 5312 3508 5374 consequantur
3532 5343 3548 5365 ,

1961 5423 2084 5461 eum
2125 5414 2178 5459 et
2216 5405 2332 5475 ipse
2372 5418 2399 5454 a
2443 5410 2616 5455 morte
2654 5407 2932 5467 correptus
2969 5396 3124 5450 fuerit
3147 5397 3171 5448 ἰν
3195 5393 3264 5448 ad
3308 5402 3548 5447 veterem

1960 5512 2058 5552 nos
2094 5496 2372 5551 historiam
2405 5492 2569 5546 ducit.
2597 5490 2731 5545 Nam
2769 5489 2816 5545 si
2858 5488 3143 5557 imaginem
3178 5498 3383 5539 meum
3432 5497 3549 5536 ser-

1961 5590 2135 5666 pentis
2173 5586 2520 5656 respicientes
2551 5582 2720 5639 Judaai
2754 5622 2771 5650 ,
2799 5589 3027 5637 mortem
3063 5576 3347 5646 vitabant;
3377 5572 3550 5634 mqu

2026 5751 2041 5780 ⁸
2077 5744 2217 5798 savil.
2237 5782 2252 5809 ,
2276 5749 2328 5795 ut
2351 5740 2530 5797 discas.

3130 5854 3203 5915 10
