4094 6370
510 336 610 392 159

506 449 679 515 magis
724 447 759 500 ii
802 444 892 512 qui
934 443 985 496 in
1031 437 1340 494 cruciﬁxum
1398 435 1664 499 credunt,
1723 434 2088 502 praestantiore

504 547 750 595 irucntur
782 536 1059 593 beneﬁcio.
1090 533 1203 587 Non
1229 533 1372 585 enim
1404 540 1620 599 propter
1649 527 1887 581 cruciﬁxi
1917 528 2083 581 imbe-

505 638 780 689 cillitatem
812 676 825 695 ,
860 644 1030 699 neque
1058 626 1196 697 quod
1219 625 1385 679 Judaei
1418 622 1720 691 superiores
1752 621 1985 687 fuerint,
2018 622 2086 675 ita

505 730 703 785 factum
735 737 818 784 est
848 745 859 780 :
888 724 980 780 sed
1011 724 1136 793 quia
1164 721 1301 775 Deus
1325 720 1501 773 dilexit
1531 718 1796 782 mundum,
1830 716 1949 769 ideo
1973 717 2088 768 ani-

504 834 704 876 matum
746 819 862 888 ejus
904 817 1156 884 templum
1195 812 1541 881 cruciﬁgitur.
1592 811 1679 864 15.
1719 808 1786 863 Ut
1815 809 1977 862 omnis
2002 809 2088 877 qui

502 914 659 967 credit
705 911 761 963 in
788 908 932 962 illum
958 925 1059 961 non
1085 916 1289 975 pereat,
1322 905 1411 957 sed
1440 904 1619 957 habent
1645 902 1796 955 vitam
1824 912 2082 955 aeternam.

502 1004 690 1057 \‘iden’
728 1002 901 1056 crucis
934 1014 1147 1054 causam
1173 1038 1188 1061 ,
1219 1007 1272 1051 et
1302 996 1528 1050 salutem
1573 993 1696 1048 inde
1732 991 1977 1061 partam?
2008 991 2087 1044 vi-

499 1096 622 1149 den’
650 1094 830 1163 ﬁgune
860 1108 978 1146 cum
1009 1090 1231 1144 veritate
1253 1083 1697 1142 consonantiam?
1719 1084 1831 1139 Illic
1858 1092 2082 1137 mortem

497 1189 731 1257 effugere
758 1185 928 1241 Judaei
955 1226 970 1249 ,
1015 1183 1107 1238 sed
1140 1192 1535 1251 temporaneam
1562 1195 1578 1243 ;
1606 1178 1694 1232 hic
1731 1186 1988 1233 aeternam
2022 1177 2085 1229 ﬁ-

496 1282 663 1334 deles.
694 1278 804 1332 Illic
831 1290 1122 1346 suspensus
1145 1287 1365 1342 serpens
1403 1279 1711 1341 serpentum
1743 1284 1954 1324 morsus
1991 1284 2083 1323 cu-

498 1372 679 1425 rabat:
713 1370 800 1423 hic
829 1367 1113 1422 cruciﬁxus
1140 1364 1295 1421 Iesus
1333 1379 1363 1418 a
1405 1362 1663 1433 spirituali
1690 1361 1922 1417 dracone
1948 1359 2085 1414 inﬂi-

494 1473 608 1516 ctas
640 1462 820 1532 plagas
849 1461 1086 1513 curabat.
1116 1458 1227 1512 Illic
1254 1458 1342 1527 qui
1371 1456 1540 1510 oculis
1557 1455 1828 1524 corporeis
1845 1454 2079 1520 videbat,

495 1555 810 1617 curabatur;
836 1552 923 1606 hic
948 1552 1036 1619 qui
1064 1549 1257 1603 mentis
1277 1548 1445 1601 oculis
1473 1547 1633 1611 videt,
1662 1556 1876 1615 peccata
1898 1546 2076 1599 omnia

494 1645 733 1714 deponit.
768 1643 877 1697 lllic
902 1660 976 1697 tes
1006 1641 1269 1712 pendebat
1295 1640 1360 1694 ad
1398 1639 1613 1693 modum
1657 1639 1921 1704 serpentis
1949 1638 2083 1706 liguo

494 1746 700 1800 ratum;
743 1733 830 1787 hic
870 1747 1063 1802 corpus
1110 1732 1439 1786 Dominicum
1482 1745 1511 1783 a
1541 1728 1741 1798 Spiritu
1772 1730 2076 1783 formatum.

494 1830 606 1883 Illic
634 1841 855 1896 serpens
878 1826 1176 1891 mordebat,
1207 1836 1261 1880 et
1289 1840 1508 1893 serpens
1538 1826 1791 1889 curabat;
1824 1824 1908 1880 hic
1932 1840 2080 1880 mors

493 1921 757 1991 perdidit,
784 1930 837 1975 et
869 1934 1013 1974 mors
1053 1922 1302 1974 servavit.
1336 1919 1440 1973 Sed
1470 1921 1558 1989 qui
1592 1918 1929 1973 interimebat
1960 1934 2075 1973 ser-

492 2031 624 2083 pens
646 2055 658 2076 ,
688 2030 952 2069 venenum
988 2012 1219 2068 habebat
1248 2030 1262 2077 ;
1295 2013 1384 2082 qui
1416 2027 1543 2067 vero
1574 2012 1842 2076 servabat,
1870 2027 2078 2067 veneno

494 2123 697 2162 vacuus
727 2116 862 2162 erat.
897 2107 1127 2175 ldipsum
1149 2106 1258 2175 jam
1290 2105 1470 2160 videre
1491 2117 1590 2160 est.
1621 2105 1752 2160 Nam
1785 2121 1930 2161 mors
1959 2121 2077 2175 qua:

493 2198 849 2261 interimcbat,
876 2209 1148 2267 peccatum
1184 2198 1430 2261 habebat,
1458 2206 1795 2253 utvenenum
1818 2212 2075 2267 serpens:

496 2292 703 2345 Domini
732 2304 907 2345 autem
941 2306 1083 2345 mors
1128 2290 1195 2345 ab
1218 2292 1360 2345 omni
1392 2302 1609 2360 peccato
1640 2293 1892 2346 immunis
1918 2302 2035 2347 erat
2058 2335 2074 2360 ,

493 2397 551 2436 ut
579 2400 759 2437 a‘ncus
796 2400 1018 2453 serpens
1047 2400 1075 2438 a
1100 2401 1304 2439 veneno
1331 2402 1547 2439 vacuus.
1580 2384 1851 2439 Peccatum
1886 2388 2027 2441 enim
2057 2428 2075 2453 ,

493 2474 698 2543 inquit,
740 2491 842 2527 non
870 2475 1021 2544 fecit,
1057 2492 1147 2528 nec
1186 2476 1416 2529 inventus
1454 2486 1526 2529 est
1570 2476 1716 2531 dolus
1755 2478 1810 2530 in
1835 2493 1920 2530 ore
1962 2478 2077 2544 ejus

491 2568 571 2636 (1.
603 2566 716 2621 l’ct.
743 2567 796 2621 2.
825 2567 937 2638 22).
968 2567 1079 2621 IIoc
1098 2583 1226 2638 ergo
1247 2578 1328 2622 est
1351 2568 1491 2637 quod
1510 2568 1825 2636 signiﬁcavit
1847 2568 2038 2624 Paulus
2062 2590 2073 2625 :

493 2660 801 2731 Exspolians
853 2663 1166 2731 principatus
1207 2671 1254 2715 et
1308 2671 1612 2729 potestates,
1650 2662 1873 2714 traduxit
1916 2663 2077 2730 conﬁ-

491 2758 665 2808 denter
688 2796 701 2818 ,
736 2754 908 2823 palam
946 2754 1263 2821 triumphans
1308 2754 1425 2807 illos
1467 2755 1520 2807 in
1559 2755 1824 2823 semetipso
1855 2754 2071 2823 (Coloss.

490 2848 546 2901 2.
582 2848 692 2917 15).
722 2846 1182 2913 Quemadmodum
1236 2847 1379 2899 enim
1427 2846 1622 2899 athleta
1650 2854 1918 2909 strenuus,
1949 2860 2069 2899 cum

491 2940 771 2992 sublimem
808 2947 983 2993 actum
1022 2937 1385 2991 adversarium
1428 2939 1759 3005 prosternit,
1791 2937 2075 2991 clariorem

490 3033 653 3087 refert
682 3033 958 3087 victoriam
986 3050 998 3086 :
1029 3032 1105 3085 sic
1136 3041 1187 3084 et
1216 3030 1456 3085 Christus
1481 3039 1591 3083 toto
1617 3039 1892 3097 spectante
1921 3030 2072 3095 orbe,

492 3124 823 3178 adversarius
845 3130 1137 3193 potestates
1162 3122 1377 3192 dejecil;
1407 3130 1463 3177 et
1481 3122 1560 3177 eis
1589 3123 1677 3190 qui
1706 3123 1757 3175 in
1787 3122 2073 3177 solitudine

489 3216 751 3271 vulnerati
779 3216 989 3271 fuerant
1013 3216 1213 3271 curatis
1245 3257 1259 3279 ,
1292 3215 1358 3268 ab
1389 3213 1637 3268 omnibus
1664 3213 1790 3268 feris
1825 3215 1968 3284 ipsos
2014 3214 2068 3270 in

493 3323 654 3362 cruce
683 3323 973 3378 suspensus
1004 3308 1267 3361 liberavit.
1288 3308 1480 3361 Verum
1510 3321 1613 3361 non
1641 3306 2073 3377 dixit,Suspendi

486 3409 719 3469 oportet,
764 3400 879 3464 sed,
912 3398 1170 3454 Exaltari.
1199 3400 1349 3467 Quod
1387 3400 1529 3453 enim
1561 3398 1708 3454 dictu
1744 3400 2073 3455 tolerabilius

489 3507 609 3545 esse
632 3492 911 3546 videbatur
944 3492 995 3545 in
1023 3491 1288 3545 audientis
1309 3494 1533 3561 gratiam
1560 3532 1575 3557 ,
1605 3493 1707 3546 hoc
1739 3492 1981 3562 proxime
2008 3492 2074 3547 ad

490 3583 710 3654 ﬁguram
740 3583 815 3653 (α)
843 3583 1102 3638 accedens
1134 3585 1325 3652 posuit.

564 3677 655 3730 Dei
718 3694 861 3730 amor
915 3693 1034 3748 erga
1091 3677 1315 3731 homines
1344 3687 1562 3747 quantus
1613 3679 1675 3730 sit
1723 3694 1786 3730 ea:
1838 3678 2077 3731 incarna-

490 3772 621 3823 tione
663 3780 708 3822 et
749 3775 980 3838 passione
1021 3770 1276 3839 probatur.
1312 3770 1483 3836 Quare
1510 3779 1667 3823 morte
1705 3786 1799 3823 sua
1842 3771 2073 3823 subindi-

488 3871 603 3913 cata
631 3900 645 3924 ,
695 3862 863 3912 statim
889 3877 940 3912 se
979 3871 1230 3913 auctorem
1270 3860 1385 3913 vita:
1408 3860 1699 3929 prtedixerit
1736 3859 1984 3914 Christus.
2003 3890 2075 3901 ——

488 3951 578 4005 16.
632 3952 722 4004 Sic
753 3953 883 4004 enim
917 3950 1052 4004 Deus
1081 3952 1257 4005 dilexit
1293 3952 1537 4005 mundum
1566 3994 1580 4020 ,
1615 3963 1667 4005 ut
1697 3951 1891 4006 Filium
1928 3970 2073 4007 suum

487 4044 803 4113 unigenitum
832 4044 973 4096 daret
1002 4085 1017 4108 ,
1050 4054 1103 4095 ut
1132 4044 1311 4107 omnis,
1350 4045 1436 4113 qui
1470 4044 1627 4097 credit
1657 4046 1708 4098 in
1736 4046 1936 4113 ipsum,
1970 4063 2073 4099 non

488 4146 679 4206 pereat,
704 4135 791 4188 sed
814 4135 989 4187 habeat
1020 4136 1168 4187 vitam
1198 4144 1456 4188 aeternam.
1484 4135 1594 4190 Iloc
1622 4148 1699 4190 est
1722 4154 1735 4188 :
1758 4136 1836 4191 Ne
1862 4139 2071 4192 mireris

486 4228 627 4298 quod
657 4243 756 4297 ego
797 4228 1114 4283 exaltandus
1144 4230 1277 4293 sim,
1305 4241 1361 4283 ut
1392 4245 1486 4284 vos
1516 4231 1742 4285 salutem
1769 4246 2068 4301 consequa-

489 4321 639 4375 mini.
683 4320 814 4375 Nam
858 4320 961 4375 hoc
1001 4322 1071 4374 ita
1110 4320 1254 4375 Patri
1293 4322 1461 4376 visum
1493 4332 1620 4386 est;
1653 4333 1707 4377 et
1753 4326 1831 4378 sic
1861 4325 1948 4379 ille
1977 4341 2071 4379 vos

485 4412 691 4476 dilexit,
719 4424 885 4480 utpro
901 4413 1075 4468 servis
1100 4412 1289 4467 Filium
1315 4413 1500 4478 daret,
1529 4424 1583 4468 et
1605 4408 1700 4483 pro
1720 4416 1937 4484 ingratis
1955 4430 2068 4471 ser-

485 4505 761 4574 vis.Atqui
777 4520 950 4574 neque
973 4521 1067 4575 pro
1083 4506 1256 4560 amico
1272 4506 1532 4575 quispiam
1553 4507 1601 4561 id
1625 4518 1775 4575 agat:
1813 4506 1909 4561 Vix
1938 4509 2069 4562 enim

487 4616 583 4668 pro
603 4599 745 4669 justo
773 4599 885 4667 quis
911 4600 1157 4651 moriatur
1184 4599 1342 4667 (Rom
1393 4601 1449 4655 5.
1478 4600 1555 4669 7).
1587 4599 1691 4654 Sed
1718 4601 1806 4654 ille
1828 4601 2070 4670 longiore

486 4706 616 4744 usus
645 4706 893 4745 sermone
917 4698 1002 4745 est
1022 4732 1036 4755 ,
1066 4691 1186 4760 quia
1228 4690 1470 4745 ﬁdelibus
1499 4691 1663 4746 verba
1687 4692 1913 4747 faciebat
1938 4710 1950 4745 :
1983 4694 2069 4748 hic

485 4790 663 4835 autem
686 4782 899 4836 brevius
924 4781 1190 4843 Christus,
1222 4783 1345 4851 quia
1368 4782 1711 4836 Nicodemum
1752 4784 2065 4853 alloqueba-

487 4884 571 4927 tur
598 4890 614 4938 ;
647 4874 740 4927 sed
767 4888 887 4927 cum
915 4873 1116 4943 majore
1139 4874 1377 4943 emphasi
1401 4890 1413 4927 :
1442 4891 1561 4943 qua:
1591 4876 1641 4928 in
1668 4876 1888 4947 singulis
1910 4877 2069 4931 dictis

484 4966 820 5020 observatur.
871 4964 965 5019 His
1006 4966 1148 5019 enim
1188 4964 1395 5031 verbis,
1424 4966 1514 5023 Sic
1543 4967 1759 5030 dilexit,
1806 4977 1859 5022 et
1884 5008 1901 5029 ,
1929 4966 2069 5020 Deus

482 5059 729 5120 mundum
753 5099 767 5123 ,
800 5059 986 5128 ingens
1015 5073 1168 5113 amor
1211 5060 1559 5129 signiﬁcatur.
1590 5059 1814 5115 Multum
1832 5062 2029 5131 quippe
2049 5104 2065 5127 ,

485 5156 593 5209 imo
630 5155 948 5207 immensum
990 5160 1105 5205 erat
1147 5152 1457 5207 discrimen.
1500 5152 1633 5208 Nam
1675 5154 1989 5208 immortalis
2016 5164 2070 5207 et

483 5248 602 5300 sine
632 5245 914 5315 principio,
947 5243 1255 5314 magnitudo
1277 5245 1479 5298 inﬁnita
1506 5287 1520 5311 ,
1547 5260 1610 5299 ex
1644 5255 1784 5300 terra
1814 5256 1869 5301 et
1889 5248 2069 5303 cinere

482 5343 756 5402 formatos,
791 5339 1089 5393 innumeris
1117 5350 1338 5392 onustos
1364 5338 1600 5408 peccatis
1620 5380 1635 5405 ,
1659 5341 1748 5409 qui
1771 5356 1985 5410 semper
2010 5357 2069 5396 se

482 5429 846 5495 oﬁ‘endebant,
881 5429 1151 5500 ingratos;
1181 5430 1310 5494 hos,
1344 5430 1579 5499 inquam,
1607 5430 1813 5486 dilexit.
1841 5433 1903 5486 lit
1948 5449 2068 5503 qua:

485 5532 683 5589 postea,
714 5533 1008 5593 sequuntur
1073 5522 1292 5591 perinde
1335 5522 1670 5578 vehementia
1710 5534 1875 5589 sunt;
1921 5526 2071 5579 addit

482 5616 629 5669 enim
666 5634 680 5669 :
717 5616 783 5670 Ut
826 5616 1016 5671 Filium
1054 5633 1201 5672 suum
1243 5615 1555 5686 unigenitum
1595 5616 1784 5682 daret;
1814 5634 1919 5672 non
1948 5634 2065 5671 scr-

481 5753 820 5875 ωὲἱιὲιςὲεὶηίδὶ
832 5755 1042 5819 ﬁgurate
1061 5754 1234 5807 dicitur
1248 5754 1467 5808 Christus
1486 5749 1708 5813 exaltari,
1726 5765 1837 5803 cum
1855 5754 1903 5802 in
1920 5767 2066 5807 cruce

586 5829 595 5859 ι
632 5828 664 5861 ιι
697 5829 711 5863 ι
736 5830 809 5867 ur.

586 5828 809 5867 iCDUIlUl'.

1223 324 1278 373 S.
1322 320 1596 375 JOANNIS
1634 318 2105 374 CIIRYSOSTOXII
2148 319 2463 376 ARCIIIEI‘.
2506 325 3035 387 CONSTANTINOP.

3678 346 3777 403 160

2198 450 2341 498 vum,
2372 454 2475 490 non
2500 444 2766 513 angehun,
2789 463 2891 500 non
2910 449 3286 521 archangelum
3309 455 3401 509 ait.
3428 457 3586 528 Atqui
3611 476 3767 516 nemo

2198 543 2426 599 unquam
2458 533 2539 587 vel
2576 537 2715 590 circa
2754 538 2920 593 ﬁlium
2965 552 3167 597 tantum
3210 546 3441 600 studium
3488 550 3773 621 adhibuit,

2194 634 2449 692 quantum
2480 624 2620 679 Deus
2652 628 2791 681 circa
2830 630 3065 701 ingratos
3092 648 3296 689 servos.
3343 636 3649 694 Passionem
3678 644 3774 696 ita-

2194 729 2297 784 que
2324 730 2427 769 non
2459 719 2675 773 omnino
2701 732 2884 790 aperte
2904 764 2918 790 ,
2952 724 3045 778 sed
3072 726 3299 781 obscure
3328 729 3595 797 praedicit;
3626 746 3775 787 emo-

2196 808 2487 863 lumentum
2535 820 2712 866 autem
2751 828 2818 868 ex
2867 816 3117 884 passione
3166 817 3398 874 futurum
3430 822 3572 877 clare
3598 825 3771 880 dicit:

2198 900 2264 954 Ut
2281 892 2453 956 voumis
2477 905 2563 973 qui
2590 907 2745 958 credit
2765 908 2818 960 in
2844 924 2956 961 eum
2980 950 2994 974 ,
3032 926 3134 963 non
3164 923 3364 980 pereat,
3388 930 3473 967 sea
3502 915 3679 969 habent
3698 918 3775 970 ui—

2194 1006 2297 1048 tam
2327 1005 2588 1051 wternam.
2617 1000 2750 1067 Quia
2800 1000 3006 1057 dixerat
3048 1004 3220 1074 ipsum
3260 1008 3544 1064 exaltatum
3588 1011 3690 1079 iri,
3717 1022 3774 1067 et

2194 1098 2421 1143 mortem
2473 1091 2905 1147 subindicaverat
2928 1136 2942 1157 ,
2983 1110 3051 1149 ne
3079 1097 3237 1150 verba
3274 1099 3457 1153 istha-c
3486 1116 3771 1157 mterorem

2191 1183 2689 1249 parerentauditori
2721 1225 2736 1249 ,
2783 1184 2936 1239 etde
2988 1187 3104 1254 ipso
3158 1187 3451 1242 humanum
3500 1191 3769 1261 quidpiam

2189 1274 2587 1343 suspicaretur,
2620 1288 2932 1348 putaretque
2981 1291 3205 1334 mortem
3249 1282 3345 1352 ipsi
3385 1282 3543 1337 ﬁnem
3591 1285 3766 1339 exsis-

2189 1364 2335 1419 tendi
2366 1364 2593 1419 futuram
2642 1382 2781 1432 esse,
2829 1368 2950 1423 vide
2995 1386 3100 1438 quo
3133 1382 3285 1439 pacto
3336 1371 3385 1425 id
3410 1381 3727 1444 altemperet
3754 1417 3768 1440 ,

2188 1472 2307 1511 cum
2334 1460 2459 1512 dicit
2492 1458 2672 1513 datum
2705 1474 2823 1515 esse
2849 1462 2940 1516 Dei
2967 1462 3183 1525 Filium,
3215 1467 3335 1519 vitae
3373 1481 3588 1521 causam
3615 1509 3629 1531 ,
3660 1468 3769 1522 imo

2186 1550 2308 1603 vita:
2354 1560 2589 1604 :eterna'.
2626 1550 2674 1605 ls
2716 1567 2844 1606 vero
2881 1554 2969 1623 qui
3004 1570 3097 1623 per
3143 1566 3367 1610 mortem
3412 1572 3560 1611 suam
3606 1558 3767 1612 vitam

2186 1642 2305 1695 aliis
2333 1642 2553 1697 daturus
2597 1655 2712 1699 erat
2731 1687 2747 1711 ,
2778 1646 2830 1700 in
2859 1656 3033 1702 morte
3062 1664 3165 1701 non
3196 1649 3286 1702 diu
3320 1664 3602 1704 mansurus
3629 1660 3765 1706 erat.

2185 1733 2316 1789 Nam
2340 1736 2383 1789 si
2417 1737 2447 1790 ii
2494 1739 2580 1806 qui
2606 1739 2657 1791 in
2689 1740 3005 1794 cruciﬁxum
3036 1742 3302 1807 credunt,
3344 1759 3449 1798 non
3497 1755 3761 1813 pereunt,

2187 1828 2353 1881 multo
2399 1830 2573 1883 minus
2606 1832 2801 1900 peribit
2830 1833 2917 1887 ille
2946 1835 3249 1889 crncilixus.
3278 1835 3378 1903 Qui
3414 1838 3555 1891 enim
3593 1840 3766 1906 perni-

2185 1921 2321 1974 ciem
2374 1921 2441 1975 ab
2490 1922 2609 1975 aliis
2653 1921 2864 1989 aufert,
2915 1925 3084 1979 multo
3117 1926 3283 1995 magis
3324 1927 3490 1996 ipsea
3530 1929 3766 1997 pernicie

2185 2011 2322 2067 liber
2348 2013 2452 2067 erit
2479 2034 2491 2068 :
2521 2014 2607 2083 qui
2635 2014 2755 2068 aliis
2777 2017 2936 2069 vitam
2966 2015 3236 2085 impertit,
3268 2018 3438 2070 multo
3467 2019 3633 2088 magis
3662 2020 3764 2074 sibi

2185 2104 2473 2173 impertiet.
2512 2104 2697 2159 Viden"
2728 2106 2922 2175 ubique
2947 2122 3081 2176 opus
3122 2124 3240 2162 esse
3284 2107 3389 2161 ﬁde
3416 2108 3439 2161 ἲ
3465 2107 3594 2163 Nam
3639 2124 3764 2163 cru-

2184 2211 2299 2251 cem
2330 2197 2451 2249 vit:e
2479 2197 2678 2251 fontem
2705 2214 2825 2252 esse
2851 2198 2998 2253 dicit.
3028 2199 3079 2252 Id
3112 2201 3447 2255 ratiocinium
3475 2217 3579 2255 non
3608 2201 3764 2257 facile

2184 2286 2428 2340 admittat
2461 2305 2472 2340 :
2504 2287 2654 2357 cujus
2684 2289 2756 2342 rei
2792 2297 2952 2343 testes
2980 2306 3118 2343 nunc
3140 2303 3263 2344 sunt
3287 2292 3513 2360 gentiles
3538 2331 3554 2357 ,
3590 2293 3675 2362 qui
3709 2292 3761 2346 id

2183 2377 2424 2433 videntes
2445 2393 2564 2432 cum
2588 2379 2697 2433 risu
2723 2381 2989 2449 excipiunt
3013 2400 3025 2435 :
3050 2381 3181 2435 ﬁdes
3204 2398 3330 2437 vero
3354 2398 3471 2453 qua:
3501 2384 3764 2438 ratiocinii

2184 2470 2601 2526 imbecillitatem
2627 2482 2876 2541 superat,
2906 2472 3009 2527 huc
3036 2473 3188 2528 facile
3209 2474 3439 2528 admittit
3463 2483 3517 2528 et
3546 2474 3761 2530 retinet.

2186 2562 2337 2618 Unde
2366 2572 2543 2617 autem
2592 2574 2867 2633 tantopere
2901 2566 3040 2621 Dens
3090 2567 3344 2621 nmndum
3385 2568 3568 2623 dilexit
3595 2569 3617 2621 ?
3644 2567 3763 2624 Non

2183 2659 2417 2721 aliunde,
2447 2674 2604 2728 quam
2632 2676 2695 2714 ex
2728 2661 2839 2714 sola
2874 2660 3197 2730 benignitate
3220 2678 3335 2716 sua.

2255 2751 2307 2805 5.
2350 2750 2397 2803 Ε
2428 2751 2678 2815 beneﬁciis
2702 2768 2733 2804 α
2756 2754 2953 2806 Christo
2978 2754 3030 2806 in
3053 2754 3277 2807 homines
3304 2755 3522 2818 collatis,
3551 2756 3764 2809 eleemo-

2182 2858 2362 2912 sgnam
2401 2854 2446 2896 et
2470 2843 2729 2897 caritatem
2757 2845 3072 2899 commendat
3119 2886 3134 2912 ,
3167 2862 3345 2916 eosque
3372 2848 3627 2918 redarguit
3670 2852 3761 2917 qui

2184 2936 2489 3005 pauperibus
2510 2937 2745 3007 neglectis
2775 2938 2919 2991 luxui
2943 2938 3321 2992 serviunt.—In
3351 2939 3604 3008 pudorem
3632 2955 3763 3009 ergo

2184 3037 2455 3082 vertamur
2478 3029 2547 3083 ob
2585 3038 2784 3083 tantam
2817 3030 3092 3084 caritatem
3120 3047 3132 3082 :
3165 3029 3541 3085 erubescamus
3567 3030 3633 3084 de
3662 3031 3759 3083 be-

2183 3122 2458 3191 nignitatis
2486 3138 2731 3176 excessu.
2776 3123 2893 3192 Ipse
2919 3123 3059 3177 enim
3104 3132 3161 3177 ut
3204 3139 3300 3177 nos
3354 3131 3637 3184 servaret,
3687 3138 3760 3178 ne

2180 3214 2453 3284 unigenito
2494 3216 2706 3284 quidem
2748 3216 2885 3269 Filio
2912 3232 3009 3270 suo
3056 3217 3327 3285 pepercit;
3378 3231 3474 3271 nos
3520 3216 3763 3285 pecuniis

2181 3307 2452 3375 parcimus
2496 3307 2547 3359 in
2610 3318 2845 3360 nostram
2900 3307 3213 3376 perniciem.
3261 3304 3379 3376 Ipse
3431 3306 3760 3375 unigenitum

2180 3401 2375 3457 Filium
2419 3416 2515 3469 pro
2540 3400 2690 3455 nobis
2718 3400 2903 3465 dedit;
2936 3417 3034 3455 nos
3064 3415 3130 3455 ne
3157 3410 3435 3470 argentum
3459 3399 3672 3470 quidem
3702 3400 3759 3454 in

2180 3494 2300 3564 ejus
2319 3495 2541 3566 gratiam
2571 3492 2931 3562 despicimus,
2962 3493 3069 3546 imo
3116 3507 3218 3547 nec
3244 3493 3297 3546 in
3342 3503 3575 3546 nostram
3607 3492 3759 3546 utili-

2182 3599 2363 3643 tatem.
2394 3588 2462 3641 Et
2482 3600 2712 3656 quanam
2750 3586 2864 3639 haec
2905 3584 3057 3639 venia
3088 3583 3245 3653 digna
3276 3583 3446 3637 sunt?
3492 3584 3547 3638 Si
3581 3583 3761 3637 homi-

2180 3697 2305 3737 nem
2333 3680 2606 3735 videamus
2626 3679 2860 3749 pericnla
2888 3686 2943 3732 et
2971 3686 3197 3731 mortem
3227 3691 3322 3744 pro
3350 3676 3504 3729 nobis
3530 3675 3708 3729 subire
3735 3713 3756 3739 ,

2180 3778 2351 3847 ipsum
2403 3774 2650 3831 omnibus
2686 3772 3094 3843 anteponimus,
3126 3777 3181 3823 et
3231 3770 3281 3822 in
3330 3768 3528 3822 intimis
3570 3768 3762 3822 amicis

2178 3883 2614 3932 annumeramus,
2658 3875 2838 3920 nostra
2900 3864 3077 3917 omnia
3121 3862 3221 3931 ipsi
3274 3860 3572 3926 tradimus,
3602 3869 3655 3914 et
3691 3875 3760 3914 ea

2178 3962 2346 4031 ipsius
2390 3974 2511 4014 esse
2540 3960 2707 4027 magis
2728 3972 2884 4026 quam
2928 3964 3108 4008 nostra
3152 3952 3419 4017 dicimus;
3463 3968 3635 4020 neque
3678 3952 3760 4005 sic

2177 4062 2425 4125 putamus
2474 4051 2688 4122 dignam
2729 4048 3025 4119 rependere
3066 4047 3259 4100 vicem.
3304 4046 3441 4115 Erga
3486 4044 3759 4099 Christum

2174 4161 2304 4202 vero
2329 4159 2502 4216 neque
2542 4143 2683 4198 hunc
2708 4142 2843 4212 grati
2874 4140 3034 4194 animi
3078 4138 3295 4194 modum
3318 4151 3613 4192 servamus.
3664 4136 3762 4192 Ille

2176 4239 2407 4293 animam
2437 4252 2534 4306 pro
2559 4235 2713 4289 nobis
2738 4232 2910 4303 posuit
2938 4274 2952 4297 ,
2983 4242 3033 4285 et
3082 4239 3301 4301 prepter
3337 4244 3434 4283 nos
3463 4229 3758 4298 pretiosum

2175 4331 2486 4401 sanguinem
2518 4326 2703 4383 eﬁ‘udit
2728 4366 2743 4389 ,
2788 4341 2886 4378 nos
2908 4366 2923 4388 ,
2954 4324 3168 4392 inquam
3194 4362 3209 4388 ,
3254 4320 3342 4390 qui
3382 4334 3481 4373 nec
3503 4318 3627 4372 boni
3655 4332 3760 4371 nec

2175 4423 2309 4492 grati
2339 4434 2592 4483 eramus;
2626 4432 2722 4471 nos
2751 4432 2881 4469 vero
2927 4430 2995 4468 ne
3027 4414 3076 4465 in
3105 4424 3340 4467 nosrram
3370 4410 3582 4479 quidem
3612 4408 3759 4461 utili-

2179 4523 2340 4569 tatem
2370 4509 2627 4581 pecunias
2655 4506 2975 4561 eﬁ'undimus
3001 4520 3015 4568 ;
3040 4503 3132 4557 sed
3184 4518 3305 4556 eum
3333 4502 3420 4570 qui
3455 4514 3551 4569 pro
3570 4566 3575 4571 ἡ
3597 4499 3756 4552 uobis

2174 4613 2415 4658 mortuus
2443 4610 2528 4657 est
2556 4642 2572 4667 ,
2619 4609 2673 4653 et
2704 4597 2901 4651 nudum
2930 4606 2981 4649 et
3027 4594 3363 4663 peregrimnn
3401 4591 3754 4659 despicimus.

2176 4693 2371 4763 Ecquis
2399 4706 2499 4746 nos
2545 4706 2573 4742 a
2621 4689 2799 4742 futuro
2827 4687 3087 4755 supplicio
3131 4682 3372 4738 eximet?
3411 4680 3543 4735 Nam
3573 4680 3617 4733 si
3642 4694 3754 4734 non

2175 4787 2315 4842 Deus
2344 4800 2461 4849 nos,
2494 4782 2587 4837 sed
2619 4796 2718 4835 nos
2746 4779 2843 4849 ipsi
2876 4779 3204 4848 puniremus,
3236 4789 3412 4828 annon
3439 4783 3622 4828 contra
3653 4786 3758 4826 nos

2174 4877 2436 4933 calculum
2464 4872 2778 4929 ferremus?
2819 4873 3009 4923 Annon
3034 4882 3131 4921 nos
3185 4866 3330 4935 ipsos
3378 4863 3444 4918 ad
3491 4863 3760 4933 gehennae

2174 4973 2350 5041 ignem
2380 4968 2891 5027 condetnnaremus,
2918 4959 3059 5031 quod
3089 4974 3209 5012 eum
3242 4998 3256 5021 ,
3285 4956 3373 5026 qui
3402 4956 3630 5009 animam
3653 4968 3761 5023 pro

2175 5063 2328 5116 nobis
2353 5058 2575 5130 posuit,
2630 5054 2770 5109 fame
2816 5052 3176 5107 tabescentem
3224 5045 3708 5114 contempserimus
3732 5045 3759 5096 ?

2174 5156 2240 5209 Et
2268 5153 2392 5225 quid
2419 5150 2670 5221 pecunias
2696 5144 2975 5203 memoro?
3002 5144 3058 5199 Si
3091 5144 3231 5197 enim
3258 5140 3405 5195 mille
3436 5138 3758 5193 haberemus

2174 5250 2399 5312 animas,
2427 5259 2604 5298 annon
2647 5242 2763 5295 illas
2792 5254 2977 5294 omnes
3005 5251 3102 5307 pro
3131 5235 3223 5289 illo
3252 5247 3451 5303 ponere
3480 5229 3760 5300 oportuit?

2175 5343 2395 5400 Etiamsi
2440 5356 2509 5395 ne
2538 5341 2615 5393 sic
2643 5350 2852 5407 quoque
2892 5332 3016 5400 quid
3052 5329 3313 5385 beneﬁcio
3343 5335 3487 5381 tanto
3532 5324 3757 5393 dignum

2175 5439 2511 5493 fecissemus.
2556 5431 2687 5486 Nam
2716 5428 2805 5498 qui
2847 5426 2992 5495 prior
3014 5422 3331 5478 beneﬁcium
3366 5417 3545 5488 ponit,
3575 5414 3760 5468 mani-

2176 5530 2366 5585 festum
2395 5542 2502 5597 pra:
2537 5540 2597 5577 se
2623 5522 2723 5576 fert
2749 5518 2997 5573 bonitatis
3027 5513 3277 5568 indicium
3301 5528 3313 5563 :
3338 5507 3427 5579 qui
3448 5514 3630 5597 autem
3654 5504 3759 5557 be-

2176 5619 2365 5675 neﬁcio
2395 5595 2622 5670 afﬁcitur
2646 5654 2659 5675 ,
2688 5606 2945 5680 quidquid
2979 5603 3191 5659 tandem
3238 5599 3444 5654 dederit
3469 5636 3485 5663 ,
3514 5595 3760 5680 debitum

2176 5707 2370 5768 reddit,
2404 5720 2509 5756 non
2533 5678 2751 5770 gratiam
2775 5694 2907 5757 iuit;
2941 5690 3170 5747 maxime
3195 5700 3323 5740 vero
3347 5697 3466 5738 cum
3494 5680 3581 5734 illc
3610 5678 3763 5770 prior

2154 5802 2449 5867 beneﬁcus
2490 5768 2723 5850 inimicis
2760 5789 2896 5845 dona
2923 5782 3130 5841 confert
3156 5820 3172 5848 ,
3200 5789 3251 5835 et
3280 5778 3324 5832 is
3351 5775 3437 5845 qui
3469 5768 3760 5841 rependit,
