4094 6370
258 398 355 456 159

253 511 322 587 ᾗς
362 509 455 565 ἐπὶ
481 509 581 581 τὴν
610 509 847 564 παλαιὰν
875 510 1019 581 ἡμᾶς
1045 509 1286 580 ἱστορίαν
1313 510 1455 576 ἄγει.
1490 510 1549 562 Et
1574 509 1682 579 γάρ
1703 506 1839 576 πρὸς

254 596 437 649 εἰκόνα
466 594 675 665 χαλκῆν
721 594 899 664 ὄφεως
930 593 1130 655 ἰδόντες
1174 593 1414 645 Ἰουδαῖοι
1464 592 1718 662 διέφυγον
1745 590 1841 642 θά-

254 694 439 731 νατονο
471 676 652 741 πολλῷ
704 677 904 747 μᾶλλον
952 676 1003 728 οἰ
1038 677 1117 738 εἰς
1155 676 1245 728 τὸν
1295 676 1709 746 ἐσταυρωμένον
1750 690 1838 725 πι-

256 760 558 823 στεύοντες,
577 760 802 823 εἰκότως
823 761 920 814 καί⁵
951 759 1132 828 πολλῷ
1166 758 1411 827 μείζονος
1440 757 1838 811 ἀπολαύσονται

252 846 356 915 τῆς
385 844 726 915 εὐεργεσίας.
762 844 837 897 Οὐ
867 844 974 914 γὰρ
997 843 1087 896 διὰ
1113 843 1210 913 τὴν
1237 842 1522 895 ἀσθένειαν
1552 840 1648 893 τοῦ
1676 857 1837 893 σταυ-

257 929 545 999 ρουμένου,
580 928 703 981 οὐδὲ
728 926 818 980 διὰ
850 927 911 980 τὸ
949 925 1334 997 περιγενέσθαι
1374 925 1658 987 Ἰουδαίους
1682 923 1841 976 τοῦτο

254 1015 484 1079 γίνεται,
506 1012 621 1064 ἀλλ’
650 1011 836 1079 ἐπειδὴ
872 1011 1210 1079 Ἠγάπησεν
1234 1014 1266 1063 ό
1288 1010 1431 1075 Θεὸς
1459 1009 1568 1062 τὸν
1583 1009 1836 1077 κόσμον,

252 1095 341 1148 διὰ
368 1095 527 1148 τοῦτο
577 1095 605 1146 ὁ
653 1094 896 1163 ἔμψυχος
934 1093 1097 1146 αὐτοῦ
1133 1093 1259 1155 ναὸς
1316 1092 1663 1164 σταυροῦται.
1706 1092 1842 1145 Ἵνα

252 1177 374 1242 πᾶς
394 1183 428 1231 ό
451 1179 755 1232 πιστεύων
780 1181 864 1243 εἰς
885 1175 1091 1235 αὑτὸν,
1105 1175 1192 1245 μὴ
1218 1177 1536 1243 ἀπόληται,
1567 1174 1704 1228 ἀλλ’
1725 1174 1837 1243 ἔχῃ

254 1259 407 1328 ζωὴν
434 1260 694 1314 αἰώνιον.
735 1261 897 1331 Ὁρᾷς
941 1260 1039 1328 τὴν
1086 1259 1180 1311 τοῦ
1228 1258 1462 1330 σταυροῦ
1516 1258 1713 1321 αἰτίαν,
1746 1259 1840 1309 καὶ

251 1346 353 1413 τὴν
384 1345 443 1410 ἐξ
475 1345 639 1397 αὑτοῦ
693 1344 994 1414 σωτηρίαν;
1030 1344 1163 1415 ὁρᾷς
1196 1344 1291 1397 τοῦ
1346 1343 1519 1396 τύπου
1550 1344 1686 1413 πρὸς
1738 1343 1838 1412 τὴν

251 1426 512 1496 ἀλήθειαν
539 1427 636 1499 τὴν
673 1428 1029 1495 συγγένειαν;
1080 1428 1229 1479 Ἐκεῖ
1275 1427 1502 1480 θάνατον
1527 1427 1781 1494 διέφυγον
1811 1438 1836 1465 ει

265 1510 529 1575 Ἰουδαῖοι,
556 1511 689 1564 ἀλλά
715 1510 806 1564 τὸν
833 1510 1167 1580 πρόσκαιρον
1186 1528 1200 1543 ο
1236 1509 1469 1561 ἐνταῦθα
1496 1509 1587 1562 τὸν
1621 1508 1837 1561 αἰώνιον

251 1594 301 1644 οἱ
326 1594 693 1656 πιστεύοντες.
740 1594 887 1651 Ἐκεῖ
908 1594 1161 1664 δήγματα
1188 1593 1362 1662 ὄφεων
1409 1595 1524 1646 ἰᾶτο
1556 1595 1584 1645 6
1630 1594 1840 1663 κρεμά-

254 1692 415 1744 μενος
443 1677 590 1744 ὄφις,
610 1677 846 1731 ἐνταῦθα
861 1678 955 1730 τοῦ
976 1677 1167 1747 νοητοῦ
1195 1679 1485 1747 δράκοντος
1506 1677 1839 1748 ἐθεράπευσε

251 1762 352 1822 τὰς
380 1761 597 1830 πληγὰς
632 1762 661 1814 6
687 1761 1023 1833 σταυρωθεὶς
1057 1761 1265 1831 Ἰησοῦς
1287 1779 1300 1793 ·
1326 1763 1443 1814 ἐκεῖ
1467 1762 1495 1813 6
1515 1764 1626 1823 τοῖς
1646 1760 1843 1828 ὀφθαλο

254 1845 376 1913 μοῖς
403 1844 615 1907 τούτοις
644 1844 858 1915 βλέπων
884 1844 1268 1914 ἐθεραπεύετο,
1297 1844 1531 1898 ἐνταῦθα
1560 1844 1589 1895 6
1608 1844 1721 1906 τοῖς
1743 1844 1840 1912 τῆς

248 1924 490 1989 διανοίας
522 1926 821 1997 ὀφθαλμοῖς
846 1928 1010 1999 ὁρῶν,
1034 1928 1212 1981 πάντα
1239 1929 1551 1981 ἀποτίθεται
1578 1927 1645 1978 τὰ
1667 1927 1839 1995 ἀμαρ-

249 2011 501 2080 τήματα·
556 2012 675 2064 ἐκεῖ
702 2011 903 2081 χαλκὸς
946 2011 1008 2065 τὸ
1062 2012 1409 2083 κρεμάμενον
1440 2007 1507 2082 ἦν
1542 2013 1621 2073 εἰς
1656 2010 1840 2080 σχῆμα

248 2092 430 2161 ὄφεως
472 2094 867 2160 διατυπωθείς,
922 2095 1157 2148 ἐνταῦθα
1188 2095 1349 2165 σῶμα
1383 2094 1703 2147 δεσποτικὸν
1735 2094 1840 2147 ὑπὸ

250 2176 574 2246 Πνεύματος
607 2178 1072 2232 κατασκευασθέν.
1114 2180 1275 2249 Ὄφις
1309 2178 1530 2232 ἔδακνεν
1564 2180 1700 2241 ἐκεῖ,
1750 2177 1842 2230 καὶ

247 2259 377 2324 ὄφις
408 2261 523 2313 ἰᾶτο
546 2278 559 2292 ·
587 2260 731 2314 οὕτω
767 2263 862 2315 καὶ
908 2261 1140 2316 ἐνταῦθα
1173 2262 1400 2325 θάνατος
1433 2261 1711 2325 ἀπώλεσε,
1747 2262 1842 2315 καὶ

248 2341 485 2405 θάνατος
514 2343 737 2397 ἔσωσεν.
788 2344 927 2397 Ἀλλ’
950 2347 979 2399 6
1012 2347 1109 2417 μὲν
1138 2345 1375 2410 ἀπολλὺς
1399 2345 1540 2415 ὄφις,
1575 2348 1650 2399 ἰὸν
1672 2342 1838 2416 εἶχεν

249 2427 280 2477 6
308 2425 366 2478 δὲ
392 2426 603 2491 σώζων,
640 2427 721 2480 ἰοῦ
770 2428 1013 2499 καθαρὸς
1058 2425 1147 2501 ἦν.
1178 2431 1288 2482 Καὶ
1343 2430 1576 2483 ἐνταῦθα
1604 2429 1665 2483 τὸ
1711 2428 1843 2482 αὐτὸ

252 2511 449 2563 πάλιν·
490 2513 519 2563 6
543 2512 643 2581 μὲν
673 2511 782 2583 γάρ
826 2513 1064 2576 άπολλύς
1103 2512 1331 2577 θάνατος
1364 2514 1637 2585 ἁμαρτίαν
1673 2509 1839 2584 εἶχεν,

252 2593 441 2664 ὥσπερ
467 2595 558 2647 τὸν
600 2594 675 2647 ἰὸν
708 2599 736 2648 6
764 2596 887 2665 ὄφις
907 2613 922 2627 ·
965 2599 993 2650 6
1021 2597 1079 2650 δὲ
1101 2597 1195 2650 τοῦ
1238 2598 1532 2663 Δεσπότου,
1570 2599 1843 2669 ἁμαρτίας

254 2679 437 2749 πάσης
497 2679 830 2750 ἀπήλλακτο,
888 2679 1077 2752 ῶσπερ
1116 2677 1214 2755 οὖν
1242 2684 1271 2736 6
1312 2682 1545 2753 χαλκοῦς
1570 2682 1712 2750 δφις,
1739 2680 1840 2734 ἰοῦ.

272 2763 579 2829 Λμίιρτίιιν
606 2763 734 2834 γάρ,
767 2764 952 2833 φησὶν,
1002 2768 1114 2819 οὐκ
1138 2765 1431 2833 ἐποίησεν
1451 2805 1464 2828 ,
1498 2764 1640 2817 οὐδὲ
1665 2763 1845 2827 δόλος

254 2846 471 2913 εὐφέθη
494 2846 561 2898 ἐν
584 2845 665 2911 τῷ
721 2848 972 2916 στόματι
1014 2847 1223 2903 αὐτοῦ.
1256 2851 1366 2903 Καὶ
1408 2848 1568 2902 τοῦτό
1615 2850 1783 2911 ἐστιν,
1817 2849 1845 2900 6

256 2945 393 2996 φησι
424 2929 638 2991 Παῦλος
658 2945 671 2958 ·
712 2930 1226 2999 Ἀπεκδυσὰμενος
1257 2933 1364 2998 τὰς
1397 2932 1588 3001 ἀρχὰς
1617 2932 1714 2984 καί
1739 2930 1846 2996 τὰς

255 3011 567 3078 ἐξουσίας,
588 3011 996 3082 ἐδειγμάτισεν
1021 3016 1092 3068 ἐν
1119 3016 1421 3083 παρῤησίᾳ
1448 3015 1842 3084 θριαμϐεύσας

253 3095 484 3160 αὐτοὺς
504 3097 576 3149 ἐν
589 3097 769 3162 αὐτῷ.
792 3098 1059 3168 Καθάπερ
1078 3098 1184 3167 γάρ
1208 3115 1290 3161 τις
1316 3099 1552 3170 ἀθλητὴς
1576 3100 1843 3167 γενναῖος,

253 3178 387 3229 ὅταν
409 3180 503 3231 ἐπὶ
533 3179 808 3251 μετεώρου
828 3180 919 3233 τὸν
946 3184 1352 3253 ἀνταγωνιστὴν
1373 3184 1508 3252 ἄρας
1530 3185 1622 3235 καί
1639 3182 1846 3251 καταρ-

255 3263 452 3335 ράξας,
479 3264 864 3335 λαμπροτέραν
894 3266 1170 3336 ἀποφαίνῃ
1199 3266 1226 3305 b
1254 3270 1352 3335 τὴν
1381 3268 1536 3337 νίκην
1556 3284 1568 3295 ·
1594 3266 1734 3321 οὕτω
1755 3272 1849 3323 καὶ

252 3348 284 3397 6
311 3348 566 3418 Χριστος,
593 3348 694 3417 τῆς
709 3349 1035 3419 οἰκουμένης
1064 3350 1283 3418 ἁπάσης
1310 3350 1543 3422 ὁρώσης,
1577 3353 1675 3416 τὰς
1704 3355 1851 3407 ἀντι-

255 3434 521 3503 κειμένας
540 3434 798 3503 δυνάμεις
833 3434 1120 3497 κατέϐαλε,
1161 3436 1252 3486 καὶ
1299 3437 1424 3499 τοὺς
1467 3438 1561 3489 ἐπὶ
1590 3439 1687 3507 τῆς
1715 3440 1849 3510 ἐρη-

260 3518 395 3583 μίας
449 3516 856 3597 πληττομένους
891 3517 1203 3585 ἰασάμενος,
1256 3518 1473 3571 πάντων
1503 3520 1613 3573 τῶν
1645 3521 1850 3593 θηρίων

255 3601 539 3671 ἀπήλλαξε
594 3601 927 3670 κρεμασθεὶς
986 3603 1077 3653 ἐπὶ
1132 3602 1227 3653 τοῦ
1278 3603 1532 3673 σταυροῦ.
1579 3605 1715 3657 Ἀλλ’
1751 3609 1852 3660 οὐκ

257 3680 387 3738 εἷπε
418 3695 467 3749 ο,
507 3684 885 3755 κρεμασθῆναι
933 3685 1032 3747 δεῖ,
1088 3685 1223 3748 ἀλλ’,
1276 3686 1637 3756 ’Υψωθῆναα
1674 3691 1852 3763 Ὅπερ

256 3772 373 3842 γὰρ
416 3771 789 3840 εὐφημότερον
826 3765 965 3821 εἶναι
1008 3768 1180 3823 ἐδόκει
1228 3769 1317 3822 διὰ
1345 3772 1435 3825 τὸν
1480 3773 1848 3845 ἀκροώμενον,

256 3855 419 3929 1156]
455 3856 551 3909 καὶ
579 3856 748 3923 ἐγγὺς
774 3853 868 3906 τοῦ
898 3852 1092 3918 τύπου,
1123 3853 1281 3906 τοῦτο
1303 3855 1564 3911 τέθεικεν.

338 3940 505 3994 Οὕτω
538 3940 648 4010 γὰρ
699 3938 1018 4009 ἠγάπησεν
1070 3940 1102 3990 ό
1140 3937 1285 4002 Θεὸς
1336 3940 1443 3992 τὸν
1473 3943 1725 4011 κόσμον,
1764 3944 1854 3998 ὅτι

256 4023 373 4077 τὸν
409 4024 548 4076 Υίόν
571 4023 757 4077 αὐτοῦ
794 4025 902 4076 τὸν
932 4020 1232 4091 μονογενῆ
1266 4020 1509 4087 ἔδωκεν,
1537 4025 1637 4078 ἵνα
1656 4026 1776 4093 πᾶς
1821 4031 1854 4081 ό

256 4109 573 4163 πιστεύων
598 4111 685 4175 εἰς
720 4110 907 4162 αὑτὸν
927 4108 1015 4178 μὴ
1038 4108 1355 4175 ἀπόληται,
1400 4109 1538 4163 ἀλλ’
1558 4111 1670 4180 ἔχῃ
1703 4110 1855 4181 ζωὴν

255 4192 524 4246 αἰώνιον.
569 4193 634 4245 ’0
672 4192 730 4245 δὲ
756 4192 924 4261 λέγει,
958 4190 1199 4244 τοιοῦτόν
1254 4191 1409 4244 ἐστι’
1439 4193 1529 4264 Μὴ
1569 4195 1854 4269 θαυμάσῃς

255 4278 345 4329 ὅτι
379 4274 493 4344 ἐγὼ
528 4275 707 4345 μέλλω
738 4259 1022 4346 ὑψοῦσθαι,
1048 4276 1134 4328 ἵνα
1168 4274 1379 4344 σωθῆτε
1402 4259 1579 4347 ὑμεῖς.
1612 4259 1721 4333 Καὶ
1747 4259 1855 4352 γάρ

259 4362 362 4414 καὶ
393 4360 474 4431 τῷ
531 4362 706 4433 Πατρὶ
740 4362 898 4414 τοῦτο
951 4360 1117 4423 δοκεῖ,
1150 4359 1245 4411 καὶ
1298 4360 1460 4424 αὐτὸς
1497 4362 1670 4425 οὕτως
1712 4364 1858 4435 ὑμᾶς

261 4449 580 4517 ἠγάπησεν,
608 4447 682 4508 ὡς
708 4445 848 4517 ὑπὲρ
876 4446 984 4499 τῶν
1013 4445 1216 4501 δούλων
1247 4446 1431 4501 δοῦναι
1467 4449 1561 4501 τὸν
1593 4449 1741 4515 Υἱὸν,
1761 4455 1857 4504 καὶ

260 4531 469 4583 δούλων
494 4530 846 4598 ἀγνωμόνων.
890 4530 1081 4584 Καίτοι
1106 4532 1207 4586 οὐκ
1243 4534 1308 4587 ἄν
1337 4549 1421 4595 τις
1441 4532 1562 4584 οὑδέ
1598 4532 1738 4603 ὑπὲρ
1769 4534 1858 4602 φί-

264 4616 363 4667 λου
396 4615 560 4667 τοῦτο
606 4616 913 4683 ποιήσειεν,
952 4614 978 4653 ἀ
1006 4615 1149 4687 [οὐδὲ
1194 4617 1336 4688 ὑπὲρ
1388 4617 1596 4670 δικαίου
1625 4617 1854 4687 ταχέως,

262 4701 405 4769 ὅπερ
433 4702 529 4751 καὶ
550 4700 580 4750 6
607 4698 813 4760 Παῦλος
836 4698 1010 4770 δηλῶν
1041 4701 1191 4769 ἔλεγε
1318 4702 1507 4765 Μόλις
1547 4702 1658 4771 γὰρ
1709 4702 1859 4771 ὑπὲρ

262 4782 507 4836 δικαίου
531 4800 622 4847 τις
646 4782 1046 4836 ἀποθανεῖται.
1110 4785 1246 4837 Ἀλλ’
1278 4788 1481 4849 ἐκεῖνος
1515 4785 1613 4855 μὲν
1653 4786 1859 4840 πλατύ-

261 4884 461 4939 τερον,
516 4866 707 4936 ἐπειδὴ
747 4867 882 4937 πρὸς
934 4868 1157 4931 πιστοὺς
1210 4869 1505 4937 διελέγετο·
1537 4870 1772 4923 ἐνταῦθα
1802 4870 1859 4922 δὲ

262 4952 721 5022 συνεσταλμένως
754 4951 853 5022 μέν
896 4953 924 5004 6
962 4954 1216 5023 Χριστὸς,
1252 4953 1438 5025 ἐπειδὴ
1473 4954 1608 5024 πρὸς
1629 4955 1677 5007 Ν
1686 4954 1861 5026 ικοδη-

266 5054 372 5106 μον
387 5033 456 5107 ῆν
481 5038 510 5089 6
534 5035 714 5102 λόγος,
737 5037 1210 5107 ἐμφαντικώτερον
1235 5048 1258 5076 θ
1288 5037 1363 5090 δέ.
1394 5039 1501 5090 Καὶ
1526 5038 1633 5108 γὰρ
1655 5040 1859 5110 ἑκάστη

262 5120 412 5185 λέξις
441 5120 646 5190 πολλὴν
692 5120 801 5188 ἔχει
849 5122 948 5190 τὴν
981 5120 1239 5190 ἔμφασιν.
1275 5122 1365 5193 Τῷ
1413 5139 1472 5175 τε
1527 5122 1635 5194 γὰρ
1665 5126 1859 5191 εἰπεῖν,

264 5206 476 5269 Οὕτως
509 5202 813 5273 ἠγάπησε,
860 5204 1080 5273 καὶτῷ,
1130 5205 1193 5257 Ὀ
1242 5206 1386 5272 Θεὸς
1441 5206 1549 5260 τὸν
1603 5210 1858 5277 κόσμον,

260 5289 473 5356 πολλὴν
502 5288 745 5339 δείκνυσι
772 5286 870 5355 τῆς
896 5288 1117 5358 ἀγάπης
1155 5289 1250 5359 τὴν
1286 5291 1553 5343 ἐπίτασιν.
1586 5292 1728 5345 Πολὺ
1754 5294 1862 5363 γὰρ

254 5374 330 5426 τὸ
362 5374 533 5441 μέσον
565 5372 660 5423 καὶ
688 5372 910 5439 ἄπειρον
948 5368 1035 5441 ἦν.
1087 5373 1143 5425 Ὀ
1166 5376 1275 5444 γὰρ
1312 5373 1578 5437 ἀθάνατος
1603 5416 1616 5438 ,
1645 5379 1673 5428 6
1700 5376 1862 5446 ἄναρ.

251 5474 383 5527 χος,
417 5457 453 5525 ἡ
496 5455 853 5525 μεγαλωσύνη
902 5459 932 5525 ἡ
985 5457 1309 5527 ἀπέραντος,
1332 5460 1459 5522 τοὺς
1492 5460 1599 5511 ἀπὸ
1631 5461 1735 5531 γῆς
1769 5463 1863 5514 καὶ

254 5540 497 5598 σταιδοῦ,
529 5540 657 5601 τοὺς
690 5540 898 5610 μυρίων
938 5543 1208 5611 γέμοντας
1253 5545 1688 5616 ἁμαρτημάτων,
1739 5547 1864 5609 τοὺς

244 5626 359 5679 διὰ
386 5626 592 5686 παντὸς
623 5629 1135 5697 προσκεκρουκότας
1159 5630 1253 5682 τοῦ
1283 5629 1497 5700 χρόνου,
1532 5631 1657 5693 τοὺς
1689 5631 1865 5698 ἀγνώ-

248 5725 468 5782 μονας,
493 5709 722 5772 τούτους
750 5711 1028 5782 ἠγάπησε.
1051 5712 1159 5764 Καὶ
1180 5713 1245 5766 τὰ
1269 5714 1407 5783 μετὰ
1434 5712 1607 5767 ταῦτα
1628 5716 1683 5768 δέ
1707 5716 1866 5770 πάλιν

334 5818 367 5846 ⁸
402 5815 631 5885 Quida_m__
658 5820 841 5879 ἔφυγον.
911 5821 939 5858 h
974 5818 1124 5885 Sayil.
1170 5822 1435 5885 ἀποφαίνει,
1484 5826 1645 5871 minus
1680 5828 1817 5871 recte
1852 5837 1862 5869 :

242 5879 565 5955 nauigiaqu
585 5881 1005 5955 {Eprysoslomum_
1020 5884 1132 5955 ὅταν
1154 5879 1533 5955 ’διιηίυιιειίένυιῃ
1565 5899 1763 5946 semper
1786 5899 1867 5933 re-

242 5944 448 6013 quifit:
501 6004 511 6013 υ
543 5942 769 6013 “More...
802 5942 1031 6013 σταυροῦἶ
1076 5947 1169 6013 Καὶ
1196 5946 1275 5992 διὰ.
1304 5946 1349 5992 τί
1381 5946 1468 5993 οὐκ
1498 5948 1615 5995 εἰπε.
1677 5942 1725 5987 “ι1
1749 5950 1867 6006 ριιω

246 6004 685 6073 Endnisjqplgufa
721 6013 855 6073 sqnt,
883 6004 1068 6073 deglio
1093 6008 1338 6057 debemur
1364 6015 1415 6057 el
1442 6009 1581 6058 codd.
1609 6008 1718 6072 705,
1754 6004 1861 6059 706.

242 6068 413 6119 lion.
481 6066 499 6086 '
525 6066 731 6124 Quidam
757 6068 1155 6131 ἐμφατικώτερον.

1264 396 1335 453 ΙΝ
1368 396 1685 453 JOANNEM
1726 394 1957 450 HOMIL.
2000 394 2213 451 XXVII.
2255 400 2323 454 al.
2365 400 2553 454 XXVI.

3428 386 3531 444 160

1945 506 2145 573 ὁμοίως
2178 507 2508 578 ἐμφαντικά,
2542 506 2683 575 ἆπερ
2720 504 2967 573 ἐπήγαγε
3008 499 3213 568 λέγων·
3253 498 3383 551 Ὅτι
3426 502 3535 551 τὸν

1957 591 2094 643 Υἰὸν
2121 593 2307 645 αὑτοῦ
2348 595 2453 646 τὸν
2480 588 2778 661 μονογενῆ
2814 587 3042 641 ἔδωκεν
3062 601 3076 614 ο
3108 582 3169 635 οὐ
3198 581 3404 648 δοῦλον,
3433 582 3534 634 οὐκ

1948 674 2199 742 ἄγγελον,
2233 677 2333 729 οὐκ
2372 672 2710 747 ἀρχάγγελόν
2757 689 2908 741 φησι.
2944 668 3135 721 Καίτοι
3171 683 3235 734 γε
3267 665 3374 719 οὐδ’
3406 666 3472 719 ἂν
3509 663 3528 702 ί

1948 759 2076 826 περὶ
2100 759 2267 812 παῖδά
2310 776 2393 820 τις
2443 758 2712 826 τοσαύτην
2766 752 3079 818 ἐπεδείξατο
3106 750 3366 821 σπουδὴν,
3402 750 3535 819 ὅσην

1948 843 2075 913 περὶ
2103 845 2229 905 τοὺς
2256 843 2469 905 οἰκέτας
2496 843 2622 903 τοὺς
2645 840 2964 908 ἀγνώμονας
2992 837 3020 888 6
3046 834 3197 896 Θεός.
3224 834 3297 886 T6
3328 834 3425 905 μὲν
3440 829 3534 887 οὖν

1949 927 2119 991 πάθος
2152 928 2212 980 06
2253 928 2457 999 σφόδρα
2487 925 2710 996 γυμνῶς
2744 926 2769 963 8
2803 921 3037 993 τίθησιν,
3067 922 3203 977 ἀλλὰ
3245 936 3533 972 συνεσκια-

1950 1012 2161 1082 σμένως
2186 1028 2198 1043 °
2228 1012 2290 1065 τὸ
2336 1012 2393 1065 δὲ
2440 1011 2549 1065 ἀπὸ
2589 1010 2683 1063 τοῦ
2738 1008 2942 1071 πάθους
2977 1008 3186 1079 κέρδος,
3225 1007 3411 1075 σαφῶς
3441 1005 3535 1057 καί

1948 1096 2517 1168 ἀνακεκαλυμμένως,
2564 1096 2739 1163 λέγων
2781 1094 2981 1156 οὑτως·
3037 1094 3171 1147 Ἵνα
3211 1090 3329 1156 πᾶς
3367 1094 3398 1143 ό
3438 1106 3535 1140 πι-

1949 1181 2182 1233 στεύων
2220 1184 2306 1246 εὶς
2351 1181 2559 1241 αὑτὸν,
2588 1179 2673 1249 μὴ
2707 1179 3023 1241 ἀπόληται,
3075 1178 3212 1229 ἀλλ’
3241 1175 3350 1241 ἔχῃ
3384 1171 3538 1237 ζωὴν

1948 1265 2209 1317 αἰώνιον.
2250 1263 2467 1333 Ἐπειδὴ
2489 1263 2597 1333 γάρ
2632 1259 2807 1322 εἶπεν,
2851 1258 3161 1328 ’Υψωθῆναι
3194 1258 3291 1319 δεῖ,
3326 1258 3419 1309 καὶ
3446 1256 3536 1308 τὸν

1950 1345 2178 1399 θάνατον
2229 1345 2469 1416 ᾐνίξατο,
2526 1346 2611 1398 ἵνα
2652 1345 2724 1415 μὴ
2752 1343 3002 1413 κατηφὴς
3046 1344 3074 1393 6
3124 1340 3397 1412 ἀκροατὴς
3430 1338 3538 1389 ἀπὸ

1948 1428 2153 1481 τούτων
2180 1430 2406 1499 γένηται
2458 1429 2567 1481 τῶν
2604 1429 2887 1500 ῥημάτων,
2940 1423 3280 1494 ἀνθρώπινόν
3308 1440 3361 1475 τι
3410 1420 3537 1491 περὶ

1950 1510 2117 1565 αὐτοῦ
2146 1512 2173 1551 h
2219 1512 2562 1579 ὑποπτεύων,
2604 1511 2815 1564 καὶτὸν
2851 1509 3077 1562 θάνατον
3104 1505 3265 1559 αὑτοῦ
3304 1504 3538 1574 νομίζων

1949 1596 2288 1666 ἀνυπαρξίαν
2321 1594 2480 1661 εἶναι,
2518 1598 2708 1648 σκόπει
2751 1595 2867 1657 πῶς
2895 1591 3025 1645 αὐτὸ
3057 1589 3383 1661 διορθοῦται,
3412 1588 3539 1639 Υἱόν

1947 1697 2005 1733 τε
2030 1679 2167 1732 Θεοῦ
2198 1679 2372 1748 λέγων
2402 1674 2543 1732 εἶναι
2574 1678 2665 1731 τὸν
2694 1677 2993 1746 διδόμενον,
3032 1676 3125 1728 καὶ
3171 1672 3319 1741 ζωῆς
3366 1672 3539 1724 αἴτιον

1949 1761 2109 1827 εἶναι,
2139 1766 2233 1818 καὶ
2258 1763 2402 1833 ζωῆς
2426 1763 2663 1817 αἰωνίου.
2694 1762 2809 1814 Οὐκ
2832 1761 2898 1814 ἂν
2920 1760 2976 1813 δὲ
3003 1761 3030 1813 6
3052 1763 3164 1822 τοῖς
3189 1758 3368 1820 ἄλλοις
3393 1755 3538 1824 ζωὴν

1949 1849 2205 1919 παρέχων
2232 1846 2319 1900 διὰ
2347 1845 2442 1899 τοῦ
2472 1845 2723 1906 θανάτου,
2763 1843 2925 1905 αὐτὸς
2947 1842 3169 1911 ἔμελλεν
3205 1835 3342 1893 εἶναι
3375 1841 3432 1892 ἐν
3463 1836 3542 1907 τῷ

1951 1932 2166 2002 θανάτῳ
2214 1931 2498 1999 διηνεκῶς.
2554 1930 2615 1981 Εἰ
2667 1928 2776 1997 γὰρ
2826 1929 2875 1980 οἰ
2926 1925 3275 1987 πιστεύοντες
3328 1925 3405 1987 εἰς
3448 1923 3540 1975 τὸν

1950 2015 2362 2087 ἐσταυρωμένον
2389 2015 2487 2066 οὐκ
2508 2012 2865 2074 ἀπόλλυνται,
2908 2009 3088 2079 πολλῷ
3133 2008 3332 2079 μᾶλλον
3378 2008 3540 2069 αὐτὸς

1952 2099 2287 2169 σταυρωθεὶς
2338 2099 2437 2150 οὐκ
2486 2095 2788 2149 ἀπολεῖται.
2831 2094 2888 2145 ’0
2918 2094 3025 2165 γὰρ
3073 2093 3182 2145 τῶν
3230 2091 3402 2145 ἄλλων
3440 2092 3538 2160 τὴν

1950 2183 2227 2237 ἀπώλειαν
2244 2181 2503 2252 ἀναιρῶν,
2526 2178 2705 2249 πολλῷ
2731 2178 2933 2249 μᾶλλον
2958 2176 3120 2239 αὐτὸς
3144 2176 3345 2246 ταύτης
3367 2174 3539 2242 ἀπήλ-

1950 2268 2147 2322 λακται
2171 2283 2185 2298 ·
2219 2269 2246 2319 6
2275 2269 2386 2328 τοῖς
2414 2264 2593 2327 ἄλλοις
2630 2262 2887 2332 παρέχων
2922 2259 3089 2331 ζωὴν,
3127 2258 3307 2329 πολλῷ
3343 2258 3541 2328 μᾶλλον

1952 2351 2130 2422 ἐαυτῷ
2175 2347 2412 2421 πηγάζει
2464 2346 2628 2417 ζωήν.
2675 2347 2836 2416 Ὁρᾷς
2877 2345 2958 2397 ὅτι
2984 2344 3260 2413 πανταχοῦ
3308 2342 3542 2403 πίστεως

1951 2434 2143 2507 χρείας
2175 2434 2278 2486 Τὸν
2303 2433 2413 2501 γὰρ
2447 2431 2676 2501 σταυρὸν
2709 2428 2892 2500 πηγὴν
2941 2426 3089 2495 ζωῆς
3131 2423 3269 2480 εἶναί
3297 2442 3484 2495 φησιν,
3512 2424 3540 2475 ὅ

1951 2519 2210 2590 λογισμὸς
2247 2517 2345 2586 μὲν
2375 2516 2476 2569 οὐκ
2505 2514 2571 2568 ἂν
2609 2514 2805 2586 ῥᾳδίως
2840 2510 3202 2583 παραδέξαιτό
3224 2528 3236 2540 ·
3263 2511 3357 2563 καὶ
3397 2526 3539 2577 μαρ·

1951 2602 2204 2674 τυροῦσιν
2238 2601 2317 2654 ἔτι
2364 2600 2457 2653 καὶ
2501 2599 2596 2652 νῦν
2632 2597 2892 2668 ’Έλληνες
2916 2594 3325 2662 καταγελῶντες
3348 2611 3363 2623 ’
3404 2595 3438 2662 ἡ
3482 2593 3542 2645 δὲ

1952 2689 2050 2758 τὴν
2085 2688 2192 2740 τῶν
2225 2685 2501 2755 λογισμῶν
2540 2683 2822 2736 ἀσθένειαν
2873 2679 3276 2750 ὑπερϐαίνουσα
3323 2678 3502 2739 πίστις
3524 2716 3538 2736 .

1956 2773 2155 2846 ῥαδίως
2187 2770 2253 2824 ἂν
2287 2771 2418 2823 αὐτὸ
2446 2770 2539 2822 καὶ
2562 2768 2774 2831 δέξαιτο
2813 2765 2908 2819 καὶ
2952 2763 3234 2833 κατάσχοι.
3284 2762 3453 2815 Πόθεν
3484 2762 3541 2813 δὲ

1954 2856 2127 2919 οὕτως
2164 2857 2178 2892 ι
2206 2855 2494 2925 ἠγάπησεν
2522 2854 2549 2903 6
2578 2852 2709 2914 Θεὸς
2729 2850 2819 2902 τὸν
2860 2849 3095 2919 κόσμον;
3135 2846 3389 2901 Ἀλλοθεν
3443 2846 3542 2917 μὲν

1955 2940 2275 3011 οὐδαμόθεν,
2304 2938 2363 3001 ἐξ
2388 2936 2723 3005 ἀγαθότητος
2750 2936 2808 2987 δὲ
2845 2934 3032 3004 μόνης.

2025 3032 2097 3095 γ’.
2137 3022 2525 3093 Ἐντραπῶμεν
2543 3020 2723 3073 τοίνυν
2747 3018 2910 3073 αὐτοῦ
2934 3017 3031 3088 τὴν
3059 3016 3298 3086 ἀγάπην·
3324 3017 3543 3084 αἰσχυν-

1958 3111 2137 3181 θῶμεν
2168 3107 2318 3180 [157]
2361 3108 2459 3175 τῆς
2488 3103 2898 3174 φιλανθρωπίας
2929 3100 3387 3172 τὴνὺπερὸολήν.
3440 3098 3545 3150 Αὑ-

1956 3194 2047 3257 τὸς
2078 3192 2177 3262 μὲν
2206 3191 2316 3261 γὰρ
2343 3190 2464 3243 οὐδέ
2490 3189 2583 3243 τοῦ
2624 3186 2965 3255 Μονογενοῦς
2995 3185 3250 3255 ἐφείσατο
3282 3185 3346 3237 δι’
3375 3185 3541 3254 ἡμᾶς·

1959 3278 2118 3347 ἡμεῖς
2139 3276 2195 3329 δὲ
2228 3275 2322 3328 καὶ
2342 3274 2638 3344 χρημάτων
2666 3270 2957 3341 φειδόμεθα
2980 3269 3099 3322 καθ’
3118 3267 3343 3320 ἑαυτῶν.
3371 3267 3548 3328 Αὐτὸς

1959 3360 2171 3415 καὶτὸν
2223 3360 2447 3429 γνήσιον
2484 3357 2612 3410 Υἱὸν
2654 3355 2853 3409 ἔδωκεν
2887 3353 3028 3424 ὑπὲρ
3074 3352 3266 3423 ἡμῶν*
3305 3354 3463 3421 ἡμεῖς
3491 3351 3548 3404 δὲ

1960 3445 2081 3500 οὐδέ
2110 3444 2371 3515 ἀργυρίου
2401 3441 2851 3511 καταφρονοῦμεν
2883 3439 3021 3507 ὑπὲρ
3053 3435 3249 3500 αὐτοῦ,
3284 3435 3399 3490 ἀλλ’
3425 3435 3547 3488 οὐδέ

1962 3530 2101 3599 ὑπὲρ
2126 3527 2301 3598 ἡμῶν.
2330 3525 2438 3579 Καὶ
2468 3525 2585 3588 πῶς
2611 3523 2678 3577 ἂν
2709 3523 2794 3593 εἴη
2829 3521 3003 3574 ταῦτα
3026 3519 3353 3589 συγγνώμης
3384 3518 3544 3584 ἄξιας

1961 3612 2082 3666 Κᾶν
2115 3611 2213 3682 μὲν
2247 3608 2534 3680 ἄνθρωπον
2570 3608 2771 3677 ἴδωμεν
2815 3604 3095 3666 κινδύνους
3138 3606 3232 3657 καὶ
3283 3601 3549 3665 θανάτους

1962 3695 2102 3765 ὑπὲρ
2128 3693 2286 3765 ἡμῶν
2320 3690 2778 3760 καταδεξάμενον,
2801 3689 3020 3742 πάντων
3051 3685 3380 3758 προτίθεμεν
3403 3726 3418 3747 ,
3454 3687 3550 3738 καὶ

1961 3782 2019 3833 ἐν
2046 3781 2159 3841 τοῖς
2190 3774 2428 3844 πρώτοις
2458 3772 2800 3844 ἀριθμοῦμεν
2845 3771 2954 3824 τῶν
3013 3769 3204 3838 φίλων,
3234 3770 3326 3822 καὶ
3370 3767 3550 3822 πάντα

1962 3860 2109 3930 αὑτῷ
2141 3865 2209 3913 τά
2241 3858 2485 3930 ἡμέτερα
2525 3855 2923 3927 ἐγχειρίζομεν,
2957 3852 3052 3907 καὶ
3083 3851 3246 3905 αὑτοῦ
3276 3851 3476 3922 μᾶλλον
3513 3850 3548 3921 ἢ

1963 3945 2208 4015 ἡμέτερα
2240 3940 2379 3996 εἷναί
2403 3958 2582 4011 φαμεν
2600 3958 2613 3971 ο
2648 3938 2740 3992 καὶ
2760 3938 2882 3991 οὐδὲ
2908 3936 3080 3999 οὕτως
3096 3935 3379 4006 ἡγούμεθα
3403 3934 3553 3987 ἀντί-

1962 4030 2106 4083 δοσιν
2136 4029 2291 4093 ἀξίαν
2316 4026 2465 4096 αὐτῴ
2489 4024 2703 4077 διδόναι.
2755 4022 2879 4076 Ἐπὶ
2921 4021 2979 4074 δὲ
3011 4020 3106 4073 τοῦ
3158 4019 3394 4090 Χριστοῦ
3428 4017 3553 4071 οὐδὲ

1962 4113 2121 4166 τοῦτο
2144 4112 2206 4164 τὸ
2231 4110 2428 4182 μέτρον
2452 4109 2551 4179 τῆς
2577 4103 3000 4176 εὐγνωμοσύνης
3025 4104 3368 4173 φυλάττομεν
3392 4117 3407 4131 ⁸
3433 4102 3549 4155 ἀλλ’

1967 4200 2171 4259 ἐκεῖνος
2206 4197 2303 4267 μὲν
2332 4196 2433 4265 τὴν
2465 4192 2643 4263 ψυχὴν
2678 4191 2875 4260 έθηκεν
2923 4189 3065 4260 ὑπὲρ
3115 4188 3293 4259 ἡμῶν,
3349 4187 3442 4240 καὶ
3490 4184 3552 4239 τὸ

1965 4277 2106 4353 αἷμα
2137 4281 2196 4335 τὸ
2218 4281 2397 4351 τίμιον
2424 4278 2609 4347 ἐξέχεε
2639 4276 2704 4329 δι’
2739 4276 2908 4345 ἡμᾶς,
2934 4274 3061 4336 τοὺς
3081 4273 3180 4325 οὐκ
3215 4270 3401 4333 εὔνους
3433 4270 3554 4323 οὐδὲ

1965 4365 2204 4434 ἀγαθοὺς
2238 4362 2667 4433 γεγενημένους
2698 4360 2858 4429 ἡμεῖς
2903 4356 2960 4408 δὲ
2995 4354 3115 4408 οὑδέ
3144 4354 3403 4425 χρήματα
3436 4353 3557 4423 χέο-

1970 4466 2068 4520 μεν
2100 4448 2165 4500 δι’
2202 4447 2451 4509 ἑαυτοὺς,
2491 4444 2629 4497 ἀλλά
2662 4439 3009 4513 περιορῶμεν
3031 4437 3194 4491 αὑτὸν
3216 4436 3421 4520 γυμνὸν
3456 4436 3555 4520 καὶ

1969 4531 2120 4597 ξένον
2143 4531 2281 4600 ὑπὲρ
2306 4529 2464 4601 ἡμῶν
2491 4527 2851 4580 ἀποθανόντα.
2885 4524 2992 4576 Καὶ
3023 4520 3106 4584 τίς
3125 4522 3272 4589 ἡμᾶς
3295 4519 3397 4590 τῆς
3426 4519 3554 4589 μελ-

1967 4617 2166 4687 λούσης
2198 4614 2548 4683 ἐξαιρήσεται
2598 4609 2905 4672 κολάσεως;
2936 4607 3002 4687 ,Εἰ
3034 4604 3144 4674 γὰρ
3194 4604 3267 4674 μὴ
3316 4605 3345 4655 ὁ
3385 4602 3516 4666 θεὸς
3538 4642 3554 4666 ο

1968 4703 2082 4757 ἀλλ’
2100 4686 2260 4772 ἡμεῖς
2292 4697 2517 4760 ἑαυτοὺς
2546 4694 2899 4763 ὲκολάζομεν,
2924 4686 3034 4760 ἆρα
3058 4689 3159 4741 οὐκ
3190 4688 3256 4741 ἂν
3282 4687 3404 4740 καθ’
3433 4688 3558 4739 ἐαυ-

1967 4786 2076 4840 τῶν
2118 4771 2215 4855 τὴν
2267 4784 2445 4855 ψῆφον
2500 4780 2907 4855 ἐξηνέγκαμεν;
2948 4771 3059 4853 ἆρα
3087 4772 3187 4855 οὐκ
3239 4772 3425 4855 ᾂνὶτὸ⁵
3459 4772 3560 4853 τῆς

1968 4843 2192 4925 γεέννης
2221 4843 2447 4915 ἑαυτοὺς
2464 4843 2933 4917 κατέδικάσαμενι
2977 4843 3108 4915 πῦρ,
3126 4844 3216 4896 τὸν
3240 4843 3379 4913 ὑπὲρ
3403 4843 3561 4913 ἡμῶν

1968 4938 2067 5011 τὴν
2092 4938 2269 5009 ψυχὴν
2303 4937 2464 4989 θέντα
2492 4934 2636 5004 λιμῷ
2682 4931 2983 5001 τηκόμενον
3027 4926 3422 5011 περιορῶντες;
3451 4925 3562 5011 Καὶ

1969 5010 2190 5092 τίλέγω
2237 5023 2528 5093 χρήματας
2566 5020 2628 5071 Εἰ
2678 5016 2788 5086 γὰρ
2831 5012 3032 5085 μυρίας
3088 5011 3306 5081 εἴχομεν
3362 5010 3561 5079 ψυχὰν

1970 5110 2067 5178 οὐχ
2100 5108 2317 5169 ἁπάσας
2346 5106 2486 5175 ὑπὲρ
2506 5101 2670 5156 αὐτοῦ
2696 5100 2866 5153 θεῖναι
2899 5097 3104 5169 ἐχρῆν;
3136 5095 3329 5178 Καίτοι
3354 5112 3425 5178 γε
3442 5095 3563 5178 οὑδέ

1970 5173 2140 5249 οὕτως
2169 5186 2317 5250 ἄξιόν
2355 5202 2410 5237 τι
2430 5173 2525 5254 τῆς
2547 5180 2866 5252 εὐεργεσίας
2886 5178 3226 5248 ἐποιήσαμεν
3249 5174 3333 5227 ἄν.
3377 5175 3435 5226 '0
3464 5173 3563 5243 μὲν

1972 5269 2079 5338 γὰρ
2122 5265 2352 5337 πρώτως
2386 5263 2711 5334 εὐεργετῶν,
2759 5260 3001 5330 φανερὰν
3050 5255 3422 5338 ἐπιδείκνυται
3465 5254 3564 5338 την

1972 5332 2316 5419 χρηστότητα
2343 5363 2354 5376 ’
2408 5346 2436 5396 6
2482 5332 2539 5395 δέ
2573 5339 2989 5411 εὐεργετηθεὶς,
3032 5338 3167 5419 ὅητι
3223 5335 3289 5388 ἂν
3342 5332 3561 5419 ἀντιδῶ,

1972 5412 2190 5498 δφειλὴν
2221 5412 2563 5485 ἀποδίδωσιν,
2588 5423 2648 5474 οὑ
2680 5421 2838 5492 χάριν
2874 5417 3258 5471 κατατίθεται*
3307 5412 3402 5464 κειιὶ
3456 5414 3563 5480 μά-

1973 5492 2287 5561 λιστα-ὃταν
2313 5509 2339 5559 6
2362 5503 2637 5573 κατάρξας
2671 5502 2898 5571 ἐχθροὺς
2928 5494 3245 5573 εὐεργετῶν
3277 5493 3391 5573 εἴη,
3415 5492 3508 5543 καὶ
3538 5493 3563 5543 6

1974 5587 2269 5650 ἀντιδιδοὺς
2292 5588 2384 5639 καὶ
2408 5587 2485 5647 εἰς
2512 5572 2806 5654 εὐεργέτην
2825 5575 3179 5644 κατατιθῆται
3196 5572 3262 5654 τὰ
3280 5572 3559 5640 γινόμενα,

1975 5670 2068 5723 καὶ
2098 5667 2259 5729 αὐτὸς
2292 5664 2468 5719 αὐτῶν
2510 5652 2758 5731 ἀπολαύῃ
2783 5660 2807 5699 ιι
2842 5658 3022 5710 πάλιν.
3074 5653 3213 5706 Ἀλλ’
3266 5655 3412 5724 ἡμᾶς
3443 5652 3565 5705 οὐδὲ

2045 5765 2059 5801 ί
2089 5755 2967 5825 Legebalurm‘aaéxScripsimusno-Jaf
2990 5754 3047 5801 ἄν
3072 5766 3131 5825 εκ
3159 5752 3311 5825 ξείνη.
3336 5757 3389 5823 ει
3418 5751 3559 5825 ροειιί.

1976 5831 2111 5876 Εοιτ.
2147 5813 2205 5864 VB
2228 5826 2327 5898 A’Iii
2349 5824 2402 5871 οὑ
2427 5823 2610 5897 σφόδρα
2631 5813 3007 5898 γῦμειόνῖνΡειιξιολ
3025 5820 3133 5876 post
3159 5813 3311 5891 S’avil.
3336 5815 3383 5861 in
3424 5820 3560 5885 ιεχιιι

1975 5892 2140 5952 κέρδος
2156 5886 2445 5952 σαφέστερον
2469 5879 2678 5952 Emi-75¢.“
2696 5879 2743 5951 ’ξι
2766 5881 2907 5952 Alius
2925 5879 3339 5952 ἀνθρωπινώτερον
3355 5879 3566 5952 περὶὶαὺ-

2098 5934 2148 5987 Ἷί
2165 5934 2343 5998 VMdrel.
2364 5934 2535 5994 κατάσ
2556 5934 2617 5992 οι.
2641 5941 2805 5991 Ταῦτα
2822 5934 3073 5994 ἀκούοντες
3096 5941 3167 5985 ὅτι
3188 5934 3354 5993 οὕτως.
3412 5934 3426 5985 i
3461 5934 3565 5981 Mn-

1975 6014 2048 6045 I'Dl
2095 6010 2276 6045 ξηινινηῗρ
2296 6010 2439 6045 νησττέ
2524 5963 2554 6045 ί
2578 6005 2728 6045 82111-
2759 6012 2811 6045 ΩΙ.
2835 6003 2923 6045 00d
3094 6002 3185 6045 εἴη’
3223 6001 3303 6045 καὶ
3327 6000 3353 6045 ὁ
3511 5997 3563 6044 δὲ

2094 5996 2277 6064 ἑαυτοῖς
2296 6010 2455 6057 κατεδ.
2524 5996 2554 6045 Ἠ
2578 6005 2728 6055 Sani].
2759 6012 2811 6051 ει
2835 6003 2924 6051 cod
2948 6000 3056 6055 706.
3094 6002 3185 6064 εἴη’
3223 6001 3303 6048 καὶ
3327 6000 3353 6047 ὁ
3375 5996 3474 6046 ἀπ.
3511 5997 3563 6044 ’Σὲ

1976 6076 2057 6123 καὶ
2080 6075 2144 6129 εἰς
2171 6072 2235 6121 εὑ.
2262 6061 2558 6119 κατατίθεται
2579 6069 2639 6115 τὰ
2663 6067 2942 6127 διδόμενα...
2969 6061 3215 6113 ἀπολαύει.
