4094 6370
549 512 723 569 ταῦτα
746 512 1031 581 ἐφέλκεται
1058 527 1071 540 '
1118 510 1232 564 ἀλλ’
1261 509 1435 575 οὓτως
1478 512 1645 581 ἐσμὲν
1690 510 2023 582 ἀγνώμονες,
2060 512 2136 571 ὡς

549 598 789 660 οἰκέταις
846 596 947 667 μὲν
1000 594 1097 648 καὶ
1140 595 1385 664 ἡμιόνοις
1438 594 1533 646 καὶ
1582 594 1770 658 ἵπποις
1817 594 2136 665 περιδέραια

549 682 728 751 χρυσᾶ
750 678 1103 751 περιτιθέναι,
1121 678 1211 731 τὸν
1230 678 1285 731 δέ
1307 678 1583 749 Δεσπότην
1606 679 1812 749 γυμνὸν
1832 681 2134 750 περιϊόντα,

548 763 645 817 καὶ
673 763 845 833 θύρας
899 764 963 816 ἐκ
1000 762 1181 832 θυρῶν
1210 762 1528 832 ἀμείϐοντα,
1585 764 1679 816 καὶ
1728 763 1818 816 ἀεὶ
1856 764 1991 834 πρὸς
2017 765 2137 826 ταῖς

548 844 750 911 ἐξόδοις
790 846 1077 916 ἱστάμενον
1110 846 1207 900 καὶ
1260 848 1449 916 χεῖρας
1503 848 1814 901 ἐκτείνοντα
1848 849 2134 919 περιορᾷν,

550 930 809 993 πολλάκις
833 930 889 983 δὲ
922 930 1015 983 καί
1041 931 1235 1001 ἀπηνεῖ
1270 931 1489 1001 βλέπειν
1508 932 1669 985 αὑτὸν
1696 931 1960 1001 ὀφθαλμῷ
1982 945 1995 959 ⁸
2019 933 2138 983 καί·

547 1028 631 1065 τοι
655 1029 719 1079 γε
752 1013 844 1065 καὶ
872 1012 1030 1066 τοῦτο
1059 1013 1190 1067 αὐτὸ
1209 1012 1276 1067 δι’
1298 1015 1444 1083 ἡμᾶς
1475 1014 1758 1085 ὑπομένει.
1801 1015 2000 1078 Ἡδέως
2029 1015 2136 1085 γὰρ

548 1096 731 1165 πεινᾷ,
757 1095 842 1148 ἵνα
873 1097 936 1149 σὺ
962 1099 1175 1167 τραφῇς
1195 1113 1207 1127 ·
1246 1099 1339 1149 καὶ
1371 1097 1576 1167 γυμνὸς
1608 1096 1896 1167 περίεισιν,
1930 1097 2017 1149 ἵνα
2052 1114 2136 1151 σοι

548 1169 809 1250 παράσχῃ
830 1177 922 1231 τοῦ
956 1181 1055 1250 τῆς
1076 1179 1382 1251 ἀφθαρσίας
1412 1180 1706 1250 ἐνδύματος
1728 1181 1829 1253 τὴν
1858 1180 2134 1235 ὑπόθεσιν.

560 1262 699 1315 Ἀλλ’
728 1263 850 1316 οὐδὲ
881 1263 1024 1317 οὕτω
1053 1264 1307 1335 προΐεσθε
1329 1264 1437 1317 τῶν
1467 1264 1744 1335 ὑμετέρων
1781 1263 1933 1318 οὐδέν
1953 1281 1967 1295 ο
1999 1264 2138 1318 ἀλλὰ

547 1345 656 1398 τῶν
685 1346 915 1416 ἱματίων
941 1347 1009 1401 τὰ
1041 1348 1142 1418 μέν
1166 1349 1284 1400 ἐστι
1307 1347 1647 1417 σητόϐρωτα,
1670 1346 1738 1400 τά
1762 1348 1819 1401 δὲ
1857 1347 2022 1419 ἄχθος
2057 1348 2136 1418 τῷ

549 1429 814 1500 κιϐωτίῳ,
850 1430 945 1483 καὶ
979 1430 1211 1503 περιττὴ
1251 1430 1473 1501 φροντὶς
1519 1433 1632 1494 τοῖς
1681 1430 2073 1500 κεκτημένοις·
2107 1432 2137 1484 6

550 1511 608 1566 δὲ
639 1514 734 1567 καὶ
762 1513 935 1569 ταῦτα
970 1517 1063 1569 καὶ
1109 1516 1180 1569 τὰ
1210 1515 1347 1570 ἄλλα
1399 1514 1581 1568 πάντα
1617 1513 1884 1579 δεδωκὼς,
1929 1515 2137 1585 γυμνὸς

551 1596 836 1667 περίεισιν.
877 1598 1017 1651 Ἀλλ’
1047 1598 1146 1652 οὐκ
1168 1601 1224 1652 ἐν
1250 1597 1328 1669 τῷ
1348 1597 1589 1668 κιϐωτίῳ
1620 1595 1761 1651 αὐτὰ
1789 1597 2133 1662 ἀποτίθεσθε,

548 1678 665 1733 ἀλλ’
698 1681 852 1734 αὐτοὶ
882 1680 1335 1752 περιϐεϐλημένοι
1357 1680 1766 1745 καλλωπίζεσθε
1787 1697 1801 1747 ;
1824 1680 1979 1745 Εἰπὲ,
1996 1681 2049 1733 τί
2073 1680 2135 1734 τὸ

549 1762 710 1816 πλέον
758 1764 886 1835 ὑμῖν
938 1764 1047 1817 ἀπὸ
1086 1762 1294 1818 τούτων
1321 1781 1336 1828 ;
1370 1764 1488 1816 Ἵνα
1520 1763 1582 1816 τὸ
1606 1763 1714 1816 τῶν
1745 1763 2021 1835 ἀγοραίων
2050 1763 2135 1835 ῐδῃ

548 1847 756 1917 πλῆθος
791 1848 965 1918 ὑμᾶς
1003 1848 1112 1901 Καὶ
1143 1847 1196 1900 τί
1229 1846 1386 1899 τοῦτο
1409 1863 1424 1911 ;
1450 1846 1525 1899 Οὐ
1554 1847 1663 1917 γὰρ
1690 1846 1781 1899 τὸν
1815 1846 2137 1918 περικείμε-

550 1929 640 1983 νόν
670 1946 729 1982 σε
760 1929 936 1984 ταῦτα
968 1929 1361 2001 θαυμάσονται,
1392 1928 1526 1982 ἀλλὰ
1578 1930 1670 1981 τὸν
1717 1930 1832 1992 τοῖς
1861 1928 2137 1999 δεομένοις

555 2010 881 2081 παρέχοντα.
914 2013 1074 2065 Ὥστε
1096 2013 1145 2064 εἰ
1171 2010 1349 2081 βούλει
1380 2010 1777 2080 θαυμάζεσθαι,
1798 2011 2017 2082 ἐτέρους
2040 2028 2138 2064 πε-

554 2093 841 2165 ριϐάλλων,
870 2095 1069 2165 μᾶλλον
1103 2095 1311 2166 μυρίων
1339 2094 1618 2166 ἀπολαύσῃ
1645 2096 1874 2165 κρότων.
1905 2096 2037 2148 Τότε
2072 2112 2134 2147 σε

550 2176 645 2230 καὶ
673 2179 701 2231 6
733 2178 863 2241 Θεὸς
891 2177 1235 2231 ἐπαινέσεται
1264 2177 1401 2247 μετὰ
1429 2177 1537 2229 τῶν
1563 2176 1883 2248 ἀνθρώπων.
1920 2177 2135 2231 Νυνίδέ

550 2260 898 2315 ἐπαινέσεται
929 2261 1027 2332 μὲν
1064 2261 1259 2325 οὐδεὶς,
1322 2260 1648 2332 φθονήσουσι
1702 2262 1759 2315 δὲ
1787 2263 2045 2326 ἅπαντες,
2075 2260 2137 2313 τὸ

1243 398 1300 453 S.
1333 395 1616 453 JOANNIS
1652 395 2138 454 CHRYSOSTOMI
2183 394 2509 452 ARCHIEP.
2552 391 3093 450 CONSTANTINOP.

3709 402 3811 456 169.

2241 511 2340 582 μὲν
2364 511 2520 580 σῶμα
2542 508 2749 579 κοσμού
2759 507 3197 587 μενονΑόρῶντες,
3215 506 3316 579 τὴν
3340 509 3396 563 δὲ
3420 508 3598 583 ψυχὴν
3618 514 3818 587 ήμελη.

2241 594 2407 665 μένην
2440 593 2649 663 έχοντα.
2684 590 2830 663 [158]
2858 582 3031 653 Οὗτος
3053 591 3145 644 καί
3165 591 3381 659 γυναιξὶ
3404 582 3629 664 πόρναις
3652 582 3817 666 πρόσ-

2237 693 2384 730 εστιν
2417 678 2446 729 ὁ
2471 677 2702 745 κόσμος·
2746 672 3007 736 πολλάκις
3034 672 3091 726 δὲ
3128 674 3223 726 καὶ
3256 674 3683 749 πολυτελέστερα
3722 682 3817 734 καὶ

2238 759 2565 830 φαιδρότερα
2589 758 2719 828 παρ’
2752 757 2988 819 ἐκείναις
3008 755 3076 809 τά
3110 756 3297 825 ἱμάτια
3317 775 3332 789 ο
3358 760 3387 810 ὁ
3418 758 3474 811 δὲ
3506 762 3603 829 τῆς
3639 762 3817 833 ψυχῆς

2238 844 2441 914 κόσμος
2469 841 2621 913 παρά
2654 844 2767 902 τοῖς
2821 842 2879 894 ἐν
2904 843 3071 910 ἀρετῇ
3117 839 3251 902 ζῶσι
3282 840 3441 910 μόνον
3469 844 3605 897 ἐστί.
3634 844 3817 899 Ταῦτα

2239 926 2475 997 συνεχῶς
2504 926 2668 993 λέγω,
2703 925 2797 978 καὶ
2839 924 3012 992 λέγων
3048 924 3107 976 οὐ
3144 922 3440 994 παύσομαι,
3471 927 3530 978 οὐ
3571 932 3816 998 πενήτων

2236 1010 2378 1064 οὕτω
2410 1010 2728 1081 κηδόμενος,
2762 1010 2838 1072 ώς
2866 1009 2976 1062 τῶν
3008 1008 3290 1079 ὑμετέρων
3317 1009 3522 1079 ψυχῶν.
3557 1012 3819 1076 Ἐκείνοις

2240 1095 2339 1165 μὲν
2387 1095 2515 1163 γὰρ,
2568 1094 2674 1147 κᾶν
2708 1093 2781 1163 μὴ
2839 1092 2968 1163 παρ’
2995 1092 3174 1162 ήμῶν,
3206 1092 3317 1145 ἀλλ’
3358 1095 3508 1163 ὅμως
3552 1096 3821 1166 ἑτέρωθεν

2237 1177 2390 1232 ἔσται
2420 1195 2501 1240 τις
2547 1176 2870 1248 παραμυθία
2893 1192 2907 1205 ·
2938 1176 3040 1229 κᾶν
3082 1175 3155 1247 μὴ
3187 1175 3411 1247 γένηται
3454 1180 3773 1248 παραμυθία
3798 1221 3819 1245 ,

2237 1261 2373 1315 ἀλλὰ
2404 1260 2549 1330 λιμῷ
2582 1259 2972 1331 διαφθαρῶσιν,
3018 1260 3170 1313 οὐδὲν
3219 1260 3361 1330 μέγα
3403 1261 3463 1314 τὸ
3486 1262 3583 1331 τῆς
3617 1263 3818 1331 ζημίας

2238 1346 2440 1408 αὐτοῖς.
2470 1344 2536 1396 Τί
2566 1342 2675 1414 γάρ
2710 1341 2911 1410 ἔϐλαψε
2954 1342 3044 1395 τὸν
3074 1341 3323 1414 Λάζαρον
3357 1345 3390 1412 ή
3443 1345 3600 1397 πενία
3635 1346 3727 1397 καὶ
3758 1345 3824 1398 τὸ

2236 1427 2380 1499 λιμῷ
2412 1428 2713 1499 τήκεσθαι;
2776 1426 2951 1495 ’Υμᾶς
3001 1424 3059 1476 δὲ
3117 1424 3289 1489 οὐδεὶς
3327 1425 3671 1497 ἐξαιρήσεται
3718 1428 3819 1497 τῆς

2236 1511 2481 1581 γεέννης,
2505 1509 2571 1563 ἂν
2598 1508 2672 1580 μὴ
2697 1508 2798 1579 τῆς
2818 1508 2969 1579 παρὰ
2998 1506 3108 1560 τῶν
3140 1509 3384 1577 πενήτων
3415 1520 3441 1550 ι
3468 1509 3665 1579 τύχητε
3694 1508 3819 1581 βοη-

2237 1593 2407 1657 θείας.
2453 1591 2592 1645 ’Δλλ’
2619 1592 2853 1663 ἐροῦμεν
2876 1590 2946 1643 τά
2967 1588 3105 1643 αὐτὰ
3138 1590 3217 1660 τῷ
3249 1589 3507 1661 πλουσίῳ,
3543 1590 3620 1661 τῷ
3644 1593 3824 1662 διηνε-

2239 1674 2347 1739 κῶς
2405 1675 2503 1744 μέν
2547 1672 2983 1745 τηγανιζομένῳ,
3043 1673 3396 1744 παραμυθίας
3443 1673 3500 1726 δὲ
3549 1673 3819 1745 μηδεμιᾶς

2234 1758 2576 1827 τυγχάνοντι.
2608 1756 2770 1809 Ἀλλά
2802 1756 2876 1828 μὴ
2903 1756 3134 1823 γένοιτο,
3160 1755 3366 1826 μηδένα
3395 1756 3566 1809 ταῦτα
3590 1755 3820 1810 ἀκοῦσαί

2233 1857 2364 1893 ποτε
2392 1840 2461 1894 τὰ
2501 1841 2721 1911 ῥήματα
2748 1881 2762 1904 ,
2820 1839 2934 1892 ἀλλ’
2986 1841 3066 1903 εἰς
3100 1840 3226 1902 τοὺς
3276 1838 3511 1902 κόλπους
3567 1839 3820 1911 Ἀϐραὰμ

2232 1925 2488 1980 ἀπελθεῖν
2508 1941 2523 1955 ⁸
2574 1925 2758 1995 χάριτι
2782 1924 2873 1977 καὶ
2904 1923 3283 1994 φιλανθρωπίᾳ
3307 1923 3401 1977 τοῦ
3428 1922 3635 1995 Κυρίου
3659 1922 3820 1994 ήμῶν

2246 2008 2420 2079 Ἰησοῦ
2451 2007 2710 2079 Χριστοῦ,
2746 2007 2812 2060 δι’
2844 2000 2906 2060 οῦ
2936 2009 3029 2060 καὶ
3056 2007 3171 2078 μεθ’
3205 2001 3265 2060 οῦ
3291 2005 3368 2077 τῷ
3390 2006 3564 2078 Πατρὶ
3590 2008 3623 2076 ή
3667 2005 3817 2071 δόξα,

2240 2093 2355 2163 ἅμα
2375 2092 2451 2163 τῷ
2475 2092 2618 2163 ἁγίῳ
2643 2090 2941 2162 Πνεύματι,
2965 2091 3046 2154 είς
3072 2090 3200 2154 τοὺς
3221 2090 3423 2153 αἰῶνας
3444 2088 3556 2143 τῶν
3581 2087 3815 2144 αίώνων.

2253 2177 2448 2247 Ἀμήν.

2303 2267 2322 2290 ⁸
2348 2267 2548 2328 Quidam
2576 2266 2860 2315 πεινώντων.

1990 2428 2236 2481 OMIAIA
2270 2428 2400 2480 κη’.

552 2521 637 2575 Οὐ
669 2521 779 2591 γὰρ
801 2520 1160 2575 ἀπέστειλεν
1183 2525 1217 2577 ό
1244 2522 1387 2588 Θεὸς
1410 2522 1519 2577 τὸν
1578 2523 1715 2577 Υίόν
1745 2524 1930 2578 αὑτοῦ
1956 2563 1971 2586 ,
2032 2524 2133 2577 ἵνα

620 2592 797 2660 κρίνῃ
826 2592 936 2645 τὸν
967 2593 1222 2662 κόσμον,
1243 2594 1382 2647 ἀλλ’
1414 2593 1516 2646 ἵνα
1541 2593 1714 2663 σώσῃ
1740 2595 1848 2648 τὸν
1876 2596 2129 2663 κόσμον.

617 2692 689 2740 α’.
716 2686 906 2740 Πολλοὶ
930 2686 1039 2741 τῶν
1064 2687 1451 2760 ρᾳθυμοτέρων
1481 2689 1561 2751 είς
1590 2689 2002 2761 ἁμαρτημάτων
2033 2689 2130 2760 μέ-

547 2769 709 2840 γεθος
728 2771 823 2824 καὶ
848 2771 1139 2841 ὀλιγωρίας
1161 2770 1467 2843 ὑπερϐολὴν
1490 2775 1557 2843 τῇ
1583 2772 1678 2825 τοῦ
1699 2772 1834 2826 Θεοῦ
1860 2790 2029 2843 κεχρη
2039 2772 2134 2843 μέ-

552 2868 632 2908 νοι
658 2853 1057 2925 φιλανθρωπία,
1079 2855 1254 2909 ταῦτα
1277 2854 1603 2926 φθέγγονται
1635 2856 1703 2909 τὰ
1734 2858 1956 2926 ῥήματα
1978 2872 1992 2885 ο
2019 2858 2133 2910 Ούκ

550 2937 666 2992 ἐστι
690 2939 903 3008 γέεννα,
936 2939 1035 2993 οὐκ
1064 2939 1179 2993 ἐστι
1204 2940 1444 3004 κόλασις,
1477 2940 1654 2995 πάντα
1680 2942 1709 2993 6
1741 2941 1872 3004 Θεὸς
1910 2941 2133 3012 ἀφίησιν

549 3024 680 3093 ήμίν
706 3023 774 3077 τὰ
800 3024 1188 3095 ἁμαρτήματα.
1221 3023 1440 3097 Οῦσπερ
1474 3024 1839 3095 ἐπιστομίζων
1863 3025 2025 3093 σοφός
2048 3042 2132 3090 τις

548 3104 689 3176 ἀνήρ
719 3118 746 3147 ι
780 3122 941 3177 φησι⁶
991 3106 1088 3175 Μὴ
1127 3108 1328 3175 ετπῃς,
1372 3109 1434 3160 '0
1468 3108 1767 3176 οίκτιρμὸς
1803 3108 1991 3162 αὐτοῦ
2021 3123 2130 3161 πο-

548 3187 684 3253 λὺς,
708 3188 775 3242 τὸ
796 3188 1031 3258 πλῆθος
1054 3188 1175 3243 τῶν
1189 3189 1489 3259 ἁμαρτιῶν
1497 3207 1616 3259 μου
1637 3189 1983 3253 ἐξιλάσεται
2002 3207 2015 3222 ·
2043 3191 2133 3245 ὅτι

549 3273 718 3338 ἕλεος
767 3271 865 3326 καί
894 3274 1039 3343 ὀργὴ
1073 3274 1209 3342 παρ’
1238 3272 1418 3339 αὐτῷ,
1457 3274 1553 3328 καὶ
1603 3275 1701 3327 ἐπὶ
1745 3276 2130 3344 ἁμαρτωλοὺς

551 3358 924 3411 καταπαύσει
974 3360 1007 3412 ό
1046 3359 1233 3427 θυμὸς
1273 3358 1493 3412 αὐτοῦ·
1530 3359 1623 3412 καὶ
1659 3359 1839 3425 πάλιν,
1872 3360 2032 3414 Κατὰ
2064 3360 2132 3413 τὸ

551 3438 713 3494 πολὺ
738 3440 911 3507 ἕλεος
951 3442 1161 3507 αὐτοῦ,
1209 3442 1404 3508 πολὺς
1452 3444 1550 3495 καὶ
1583 3445 1616 3496 ό
1637 3444 1887 3512 ἐλεγχος
1923 3443 2129 3499 αὑτοῦ.

556 3522 666 3576 Καὶ
693 3521 818 3586 ποῦ,
848 3524 1003 3593 φησὶ,
1021 3523 1092 3576 τὰ
1106 3523 1204 3594 τῆς
1220 3524 1411 3592 φιλανθ
1422 3524 1650 3595 ρωπίας,
1677 3528 1726 3578 εί
1755 3526 1824 3579 τὰ
1840 3528 1958 3579 κατ’
1978 3526 2133 3591 ἀξίαν

549 3604 941 3675 ἀποληψόμεθα
977 3605 1087 3659 τῶν
1120 3606 1572 3678 άμαρτημάτων;
1620 3608 1741 3663 Ὅτι
1779 3609 1878 3679 μὲν
1908 3610 1976 3663 τὰ
2012 3610 2133 3662 κατ’

550 3687 709 3752 ἀξίαν
731 3688 1142 3760 ἀποληψόμεθα,
1170 3692 1334 3744 ἄκουε
1358 3691 1562 3745 καὶτοῦ
1592 3693 1880 3764 Προφήτου
1915 3694 2009 3746 καὶ
2037 3693 2131 3747 τοῦ

552 3771 762 3825 Παύλου
791 3772 1067 3841 λέγοντος·
1116 3774 1209 3828 τοῦ
1260 3774 1380 3847 μὲν,
1408 3777 1490 3830 ὅτι
1519 3777 1602 3831 Σὺ
1634 3777 1968 3844 ἀποδώσεις
1998 3779 2133 3832 ἐκά-

551 3871 674 3918 στφ
699 3856 848 3909 κατὰ
882 3854 953 3909 τὰ
984 3857 1129 3926 ἔργα
1173 3858 1390 3912 αὑτοῦ·
1438 3858 1531 3912 τοῦ
1559 3859 1614 3911 δὲ
1640 3900 1654 3923 ,
1692 3863 1789 3926 ⁸⁸ος
1832 3862 2133 3916 ἀποδώσει

549 3937 788 4005 ἑκάστῳ
817 3940 968 3993 κατὰ
1008 3940 1072 3993 τὸ
1122 3940 1299 4011 ἔργον
1342 3942 1548 3995 αὑτοῦ.
1608 3944 1729 3995 Ὀτι
1765 3943 1822 3996 δὲ
1867 3945 1959 3997 καὶ
1990 3944 2132 3997 οὕτω

553 4021 720 4092 πολλὴ
765 4024 799 4091 ή
832 4021 1207 4094 φιλανθρωπία
1261 4022 1353 4077 τοῦ
1380 4024 1538 4089 Θεοῦ,
1570 4026 1665 4077 καὶ
1694 4025 1853 4080 τοῦτο
1884 4028 2131 4082 ἐντεῦθεν

549 4103 729 4175 δῆλον.
763 4106 855 4168 Είς
883 4106 992 4177 γὰρ
1020 4106 1113 4159 δύο
1148 4106 1295 4176 ζωῆς
1326 4106 1528 4172 αἰῶνας
1570 4108 1640 4161 τὰ
1674 4109 1915 4182 ἡμέτερα
1943 4111 2130 4166 διελὼν

548 4190 578 4242 6
602 4188 735 4250 Θεὸς
764 4188 1006 4255 τούτους,
1048 4190 1139 4243 τὸν
1170 4191 1414 4261 παρόντα
1442 4191 1536 4245 καὶ
1566 4191 1659 4247 τὸν
1703 4194 1962 4264 μέλλοντα
1992 4197 2127 4267 βίον,

549 4271 646 4325 καί
671 4271 763 4324 τὸν
793 4271 891 4341 μὲν
923 4273 982 4325 ἐν
1011 4271 1236 4340 ἀγώνων
1262 4274 1432 4338 τάξει,
1461 4275 1552 4327 τὸν
1581 4275 1640 4328 δὲ
1675 4277 1734 4329 ἐν
1756 4276 1909 4348 χώρει¹
1932 4279 2130 4349 στεφά-

549 4371 659 4408 νων
686 4358 918 4426 ποιήσας
944 4353 1102 4419 εἶναι,
1139 4358 1339 4427 πολλὴν
1371 4358 1664 4414 κάντεῦθεν
1691 4362 1789 4432 τὴν
1828 4363 2132 4434 φιλανθρω-

550 4437 678 4491 πίαν
711 4438 1039 4505 ἐπεδείξατο.
1072 4439 1195 4509 Πῶς
1217 4442 1310 4493 καὶ
1338 4441 1442 4493 τίνι
1475 4442 1697 4514 τρόπῳ;
1730 4444 1853 4498 Ὅτι
1885 4446 2130 4515 πράξαν-

546 4538 646 4583 τας
679 4521 850 4577 πολλά
871 4525 966 4576 καὶ
993 4522 1201 4594 χαλεπὰ
1226 4526 1617 4596 ἁμαρτήματα,
1649 4528 1745 4581 καὶ
1763 4530 1824 4581 ού
1858 4529 2131 4583 διαλιπόν-

548 4619 648 4666 τας
693 4604 801 4658 ἀπὸ
851 4605 1102 4676 νεότητος
1140 4608 1220 4671 εἰς
1267 4606 1490 4677 ἔσχατον
1542 4609 1718 4680 γῆρας
1771 4612 2129 4683 μυρίοιςτὴν

546 4686 726 4756 ψυχὴν
756 4689 1215 4761 καταρρυπαίνειν
1247 4691 1454 4744 ἐαυτῶν
1475 4695 1663 4755 κακοῖς
1694 4693 1744 4756 b,
1775 4694 1985 4757 οὐδενὸς
2007 4695 2131 4749 τού-

546 4785 656 4819 των
702 4770 983 4840 ἀπῄτησεν
1048 4771 1279 4837 εὐθύνας
1326 4774 1473 4843 ήμᾶς
1527 4776 1634 4828 τῶν
1673 4776 2127 4848 ἁμαρτημάτων,

548 4850 662 4903 ἀλλ’
692 4850 890 4906 ἔδωκεν
913 4854 1091 4907 αὐτῶν
1112 4854 1305 4923 ἄφεσιν
1326 4856 1411 4910 διά
1441 4857 1666 4930 λουτροῦ
1689 4861 2127 4929 παλιγγενεσίας,

548 4935 646 4988 καὶ
670 4934 1015 5008 δικαιοσύνην
1066 4938 1214 5011 1159]
1243 4941 1336 4992 καὶ
1367 4941 1639 5011 ἀγιασμὸν
1693 4943 2005 5013 ἐχαρίσατο.
2060 4945 2127 4997 Τί

547 5012 661 5081 οὖν,
705 5020 889 5090 φησὶν,
936 5021 1001 5075 ἂν
1038 5024 1105 5076 ἐκ
1138 5023 1360 5094 πρώτης
1392 5024 1607 5095 ἡλικίας
1648 5012 1959 5096 μυστηρίων
1992 5045 2126 5081 κατ-

547 5103 798 5170 αξιωθείς
828 5122 909 5168 τις
942 5106 1079 5175 μετά
1106 5107 1276 5160 ταῦτα
1311 5108 1478 5179 μυρία
1504 5108 1724 5180 ἁμάρτῃ
1748 5127 1763 5175 ;
1802 5111 1862 5163 Ὀ
1887 5111 2128 5175 τοιοῦτος

545 5187 732 5241 λοιπὸν
791 5187 1032 5257 μείζονος
1076 5190 1350 5254 κολάσεως
1406 5191 1573 5256 ἄξιος.
1631 5192 1751 5245 Τῶν
1798 5193 1908 5264 γάρ
1945 5195 2126 5249 αὐτῶν

546 5271 960 5343 ἁμαρτημάτων
1005 5272 1066 5324 οὐ
1109 5272 1210 5335 τὰς
1241 5274 1412 5337 αὑτὰς
1456 5276 1711 5346 τίννυμεν
1760 5276 1935 5342 δίκας,
1992 5278 2125 5333 ἀλλά

544 5354 725 5425 πολλῷ
755 5354 1159 5425 χαλεπωτέρας,
1190 5357 1315 5409 ὅταν
1356 5357 1493 5425 μετὰ
1527 5361 1914 5429 μυσταγωγίαν
1944 5362 2127 5434 πλημ-

547 5438 890 5510 μελήσωμεν.
919 5439 1026 5491 Καὶ
1057 5438 1206 5508 δηλοί
1238 5439 1447 5503 Παῦλος
1480 5440 1620 5494 οὕτω
1653 5442 1855 5512 λέγων·
1906 5442 2125 5515 Ἄθετή-

542 5537 659 5586 σας
680 5539 770 5587 τις
793 5524 982 5591 νόμον
1004 5522 1320 5588 Μωῦσέως,
1342 5524 1518 5591 χωρὶς
1534 5526 1844 5595 οἰκτιρμῶν
1856 5528 1956 5581 ἐπὶ
1980 5529 2122 5583 δυσί

544 5603 641 5655 καί
665 5606 819 5673 τρισὶ
842 5605 1138 5673 μάρτυσιν
1155 5605 1547 5671 ἀποθνήσκειο
1569 5611 1740 5675 πόσῳ
1759 5609 1984 5664 δοκεῖτε
2001 5612 2122 5677 χει-

535 5700 721 5751 ρονος
750 5687 1145 5755 ἀξιωθήσεται
1173 5690 1450 5758 τιμωρίας
1472 5693 1505 5744 ό
1534 5690 1640 5743 τὸν
1676 5693 1813 5745 Υίόν
1834 5692 1938 5746 τοῦ
1974 5693 2122 5747 Θεοῦ

546 5771 996 5836 καταπατήσας,
1048 5771 1147 5825 καί
1193 5773 1261 5825 τὸ
1287 5769 1432 5842 αἷμα
1464 5772 1572 5841 τῆς
1600 5774 1889 5841 διαθήκης
1919 5776 2125 5829 κοινὸν

546 5854 953 5923 ἡγησάμενος,
983 5857 1082 5909 καί
1124 5855 1238 5924 τὴν
1287 5856 1465 5926 χάριν
1512 5859 1617 5912 τοῦ
1642 5861 1984 5929 Πνεύματος
2029 5860 2125 5913 ἑνο

608 5953 635 5981 ⁸
678 5953 841 6020 Qligui
863 5954 1094 6020 σοφιστὴς
1118 5955 1290 6020 ἀνήρ.η
1318 5954 1347 5993 1)
1381 5956 1475 6020 Alii
1516 5958 1587 6004 ὅτι
1622 5957 1881 6020 ἐπράξαμεν
1907 5959 2119 6007 πολλὰ...

546 6020 624 6065 καὶ
661 6013 716 6062 ού
758 6013 1081 6074 διελίπομεν...
1117 6013 1565 6081 κατὰρῤυπαίνοντες
1602 6013 1782 6075 κακοῖς.

2235 2523 2490 2589 υϐρίσας
2503 2537 2523 2586 ;
2542 2519 2806 2585 Μείζονος
2827 2515 2920 2575 οῦν
2939 2519 3093 2574 ἔσται
3120 2519 3395 2585 κολάσεως
3414 2520 3563 2586 ἄξιος
3592 2522 3621 2575 6
3647 2520 3821 2574 τοιοῦ-

2234 2622 2326 2668 τος
2358 2616 2405 2659 ε.

2306 2688 2449 2759 Πλὴν
2468 2688 2603 2743 ἀλλά
2628 2688 2721 2742 καὶ
2749 2686 2925 2757 τούτῳ
2960 2687 3245 2758 μετανοίας
3270 2685 3471 2757 ἀνέῳξε
3499 2687 3691 2759 θύρας,
3721 2688 3819 2740 καὶ

2235 2776 2448 2840 πολλοῖς
2474 2776 2693 2848 τρόποις
2715 2774 2912 2827 ἔδωκεν
2935 2773 3297 2844 ἀπονίψασθαι
3324 2773 3394 2827 τά
3424 2774 3816 2846 πεπλημμεληο

2237 2861 2392 2929 μένα,
2437 2858 2502 2912 ἂν
2539 2858 2715 2930 ἐθέλῃ.
2759 2857 3042 2926 Ἐννόησον
3071 2852 3165 2910 οὖν
3215 2857 3378 2928 ἡλίκα
3421 2856 3593 2911 ταῦτα
3627 2856 3819 2926 φιλαν-

2234 2941 2479 3012 θρωπίας
2498 2940 2526 2980 ιι
2558 2941 2848 3011 δείγματα,
2877 2940 2936 2993 τὺ
2960 2940 3053 2993 καὶ
3081 2941 3263 3011 χάριτι
3289 2941 3525 3010 ἀφεῖναι,
3549 2940 3643 2993 καὶ
3679 2939 3823 3009 μετά

2232 3025 2330 3094 τὴν
2376 3024 2536 3096 χάριν
2565 3025 2657 3079 τὸν
2693 3024 3009 3095 ἁμαρτόντα
3055 3026 3150 3077 καὶ
3187 3023 3336 3088 ἄξιον
3368 3021 3496 3076 ὅντα
3543 3022 3821 3086 κολάσεως

2237 3108 2311 3180 μὴ
2357 3108 2626 3173 κολάζειν,
2673 3107 2809 3163 ἀλλά
2858 3108 3057 3161 διδόναι
3111 3107 3303 3177 καιρὸν
3335 3107 3430 3160 καὶ
3476 3106 3822 3177 προθεσμίαν

2233 3193 2530 3261 ἀπολογίας
2577 3192 2745 3261 αὐτῷ.
2779 3191 2878 3244 Διὰ
2923 3190 3096 3244 ταῦτα
3140 3191 3317 3244 πάντα
3346 3192 3374 3243 6
3402 3191 3634 3262 Χριστὸς
3681 3190 3823 3263 πρὸς

2232 3277 2322 3329 τὸν
2352 3276 2656 3347 Νικόδημον
2682 3276 2866 3344 ἔλεγεν
2887 3288 2902 3303 ’
2935 3277 3056 3330 Οὐκ
3092 3276 3452 3330 ἀπέστειλεν
3474 3278 3508 3330 ό
3543 3275 3690 3341 Θεὸς
3714 3276 3823 3328 τὸν

2242 3359 2379 3412 Υίὸν
2417 3358 2627 3425 αὑτοῦ,
2677 3360 2778 3412 ἵνα
2829 3359 3005 3428 κρίνῃ
3060 3360 3171 3412 τὸν
3226 3354 3477 3428 κόσμον,
3531 3359 3670 3412 ἀλλ’
3711 3359 3819 3413 ἵνα

2232 3440 2405 3511 σώσῃ
2452 3441 2562 3495 τὸν
2609 3443 2860 3511 κόσμον.
2904 3443 3007 3495 Δύο
3034 3442 3143 3512 γάρ
3178 3443 3315 3495 εἰσιν
3353 3443 3409 3495 αἰ
3451 3440 3546 3495 τοῦ
3580 3440 3825 3511 Χριστοῦ

2234 3525 2551 3595 παρουσίαιο
2581 3526 2614 3595 ἡ
2645 3524 2745 3596 ήδη
2791 3526 3157 3597 γεγενημένη,
3189 3525 3284 3579 καὶ
3327 3529 3359 3597 ή
3395 3524 3689 3597 μέλλουσα·
3716 3527 3823 3579 οὐκ

2234 3608 2326 3660 ἐ,πί¹
2355 3609 2470 3672 τοῖς
2501 3607 2686 3671 αὐτοῖς
2714 3607 2772 3661 δέ
2805 3610 2859 3661 αἱ
2893 3607 3006 3673 δύο,
3031 3607 3145 3661 ἀλλ’
3175 3610 3208 3680 ὴ
3246 3608 3346 3680 μὲν
3374 3609 3615 3681 προτέρα
3652 3607 3820 3677 γέγο-

2234 3706 2345 3755 νεν,
2386 3689 2483 3762 οὐχ
2523 3690 2609 3745 ἴνα
2642 3689 2870 3763 ἐξετάσῃ
2904 3690 2972 3745 τὰ
3004 3692 3370 3762 πεπραγμένα
3409 3695 3563 3764 ἡμῖν,
3594 3692 3823 3747 ἀλλ’ἵνα

2236 3775 2380 3844 ἀφῇ-
2418 3776 2452 3845 ἠ
2490 3774 2548 3828 δὲ
2577 3775 2825 3847 δευτέρα,
2860 3775 2960 3846 οὐχ
3003 3775 3089 3828 ἵνα
3117 3775 3262 3847 ἀφῇ,
3308 3776 3420 3829 ἀλλ’
3449 3776 3535 3830 ἴνα
3564 3776 3824 3847 ἐξετάσῃ.

2233 3859 2331 3911 Δια
2355 3858 2513 3912 τοῦτο
2542 3860 2669 3930 περὶ¹
2700 3861 2796 3930 μὲν
2825 3860 2923 3930 τῆς
2950 3859 3220 3930 προτέρας
3250 3859 3413 3929 φησίν
3432 3876 3447 3892 ο
3480 3862 3601 3914 Οὐκ
3627 3857 3829 3930 ἦλθον

2230 3943 2330 3994 ἵνα
2362 3942 2543 4009 κρίνω
2590 3942 2697 3995 τὸν
2742 3943 2994 4011 κόσμον,
3045 3943 3182 3997 ἀλλ’
3216 3943 3317 3996 ἵνα
3357 3941 3534 3996 σώσω
3571 3944 3681 3996 τὸν
3722 3946 3824 3997 κό-

2229 4041 2388 4093 σμον
2407 4039 2421 4053 ·
2455 4024 2584 4095 περὶ
2617 4023 2675 4075 δὲ
2708 4025 2807 4095 τῆς
2833 4024 3113 4095 δευτέρας,
3133 4025 3312 4078 Ὅταν
3335 4024 3404 4078 δὲ
3436 4025 3584 4093 ἔλθῃ
3613 4029 3647 4079 ό
3686 4026 3825 4090 Υἱὸς

2229 4107 2299 4159 ἐν
2325 4105 2400 4175 τῇ
2444 4106 2592 4176 δόξῃ
2632 4106 2739 4160 τοῦ
2793 4108 3023 4174 Πατρός
3055 4108 3264 4172 αὑτοῦ,
3312 4106 3527 4173 στήσει
3585 4108 3657 4162 τὰ
3699 4108 3826 4177 μὲν

2233 4192 2497 4259 πρόϐατα
2527 4192 2595 4244 ἐκ
2632 4189 2865 4256 δεξιῶν,
2902 4191 3000 4245 καί
3036 4193 3110 4246 τὰ
3150 4192 3351 4262 ἐρίφια
3373 4192 3443 4256 ἐξ
3472 4195 3818 4262 εὐωνύμων.

2233 4272 2343 4325 Καὶ
2378 4272 2817 4326 ἀπελεύσονται
2847 4274 2901 4325 οἱ
2925 4270 3043 4342 μὲν
3078 4274 3166 4339 είς
3201 4271 3372 4341 ζωὴν,
3399 4276 3453 4326 οἱ
3489 4272 3557 4325 δὲ
3584 4276 3671 4339 είς
3713 4276 3822 4327 κό-

2230 4358 2417 4408 λασιν
2449 4355 2713 4409 αἰώνιον.
2748 4356 2940 4409 Καίτοι
2971 4372 3035 4425 γε
3078 4357 3171 4410 καὶ
3199 4357 3234 4427 ἡ
3272 4357 3510 4427 προτέρα
3547 4357 3824 4428 παρουσία

2231 4443 2466 4515 κρίσεως
2490 4439 2559 4515 ἦν
2592 4443 2735 4498 κατὰ
2767 4444 2858 4497 τὸν
2895 4445 2990 4497 τοῦ
3024 4444 3231 4498 δικαίου
3277 4444 3452 4513 λόγον.
3478 4447 3660 4509 Διατί;
3692 4447 3822 4500 Ὅτι

2230 4527 2338 4597 πρὸ
2361 4528 2458 4597 τῆς
2480 4526 2645 4581 αὑτοῦ
2671 4526 2976 4597 παρουσίας
3002 4527 3164 4597 νόμος
3193 4523 3261 4599 ἦν
3281 4528 3527 4597 φυσικὸς,
3562 4528 3657 4581 καὶ
3683 4545 3822 4599 προ-

2231 4609 2419 4679 φῆται,
2443 4609 2539 4662 καὶ
2562 4609 2807 4678 γραπτὸς
2830 4609 2991 4664 πάλιν
3016 4610 3200 4681 νόμος,
3230 4612 3325 4664 καὶ
3352 4610 3691 4673 διδασκαλία,
3721 4612 3822 4665 καὶ

2235 4693 2426 4763 μυρίαι
2455 4694 2800 4761 ἐπαγγελίαι,
2840 4694 2935 4747 καὶ
2978 4693 3221 4764 σημείων
3250 4692 3557 4758 ἐπιδείξεις,
3594 4696 3689 4747 καί
3724 4712 3822 4747 κο-

2231 4774 2413 4839 λάσεις
2459 4776 2552 4829 καὶ
2585 4777 2881 4847 τιμωρίαι,
2925 4780 3019 4830 καὶ
3064 4776 3235 4829 πολλά
3267 4778 3430 4847 ἕτερα
3462 4779 3531 4830 τὰ
3563 4777 3831 4847 διορθοῦν

2230 4859 2533 4929 δυνάμενα’
2563 4861 2659 4913 καὶ
2683 4870 2707 4897 ο
2738 4859 3026 4913 ἀκόλουθον
3055 4860 3121 4931 ἦν
3148 4860 3350 4914 τούτων
3396 4861 3612 4913 πάντων
3643 4862 3822 4913 ἀπαι-

2229 4940 2395 5010 τῆσαι
2444 4941 2708 5005 εὐθύνας·
2744 4941 2858 4996 ἀλλ’
2895 4941 3084 5013 ἐπειδὴ
3127 4942 3506 5013 φιλάνθρωπός
3543 4945 3715 5008 ἐστιν,
3750 4945 3819 4997 οὔ

2232 5027 2466 5079 ποιεῖται
2500 5026 2765 5091 ἐξέτασιν,
2816 5025 2952 5079 ἀλλὰ.
3000 5025 3343 5098 συγχώρησιν
3379 5026 3538 5088 τέως.
3581 5026 3734 5080 Ἐπεί
3764 5031 3823 5082 εί

2228 5110 2388 5162 τοῦτο
2421 5110 2698 5177 ἐποίησεν,
2732 5110 2973 5173 ἆπαντες
3008 5109 3075 5163 ἂν
3114 5110 3310 5181 ἀθρόον
3347 5111 3778 5181 ἀνηρπάσθησαν
3799 5130 3817 5142 ·

2231 5192 2459 5258 Πάντες
2486 5196 2596 5261 γὰρ
2625 5193 2909 5261 ἥμαρτον,
2942 5193 3127 5261 φησὶν,
3159 5193 3255 5246 καὶ
3284 5194 3676 5260 ὑστεροῦνται
3703 5192 3827 5262 τῆς

2228 5274 2416 5341 δόξης
2448 5276 2553 5329 τοῦ
2591 5276 2758 5330 Θεοῦ.
2792 5272 2943 5339 Εἶδες
2976 5276 3383 5347 φιλανθρωπίας
3412 5277 3615 5344 ἄφατον
3640 5279 3826 5350 ὑπερ-

2229 5358 2421 5428 ϐολήν;
2463 5360 2515 5407 '0
2555 5360 2857 5413 πιστεύων
2886 5363 2971 5424 εἰς
2997 5361 3105 5413 τὸν
3141 5362 3297 5421 Υἱὸν,
3329 5365 3401 5414 οὐ
3444 5362 3735 5426 κρίνεταιο
3778 5369 3827 5419 ό

2230 5442 2299 5493 δὲ
2332 5442 2417 5511 μὴ
2453 5444 2774 5506 πιστεύων,
2802 5442 2918 5510 ἤδη
2958 5445 3241 5511 κέκριται.
3276 5446 3383 5497 Καὶ
3414 5445 3519 5515 μὴν
3541 5446 3588 5497 εί
3620 5446 3694 5516 μὴ
3725 5446 3827 5503 διὰ

2229 5527 2389 5579 τοῦτο
2442 5521 2627 5596 ἦλθεν,
2669 5528 2753 5580 ἵνα
2786 5527 2946 5598 κρίνῃ
2987 5528 3079 5580 τὸν
3123 5529 3348 5599 κόσμον,
3382 5530 3496 5592 πῶς
3528 5532 3557 5582 6
3598 5533 3673 5601 μὴ
3721 5551 3829 5585 m-

2231 5606 2434 5660 στεύων
2479 5607 2577 5678 ἤδη
2616 5609 2888 5679 κέκριται,
2929 5612 2979 5663 εί
3030 5611 3253 5683 μηδέπω
3297 5613 3526 5683 πάρεστι
3557 5614 3656 5682 τῆς
3691 5615 3828 5684 κρί-

2229 5708 2366 5755 σεως
2392 5693 2420 5743 ό
2451 5692 2672 5762 καιρός;
2699 5694 2769 5744 Ἢ
2800 5693 2957 5746 τοῦτο
2988 5691 3081 5748 οὖν
3108 5712 3293 5766 φησιν,
3318 5696 3399 5749 ὅτι
3431 5696 3562 5749 αὐτὸ
3589 5695 3650 5749 τὸ
3681 5698 3828 5749 ἀπι-

2228 5778 2371 5828 στεῖν
2403 5775 2765 5845 ἀμετανόητα,
2800 5776 3019 5841 κόλασίς
3049 5778 3166 5831 ἐστι
3185 5795 3199 5810 ο
3228 5778 3290 5831 τὸ
3317 5778 3425 5850 γὰρ
3468 5779 3624 5841 ἐκτὸς
3666 5774 3824 5834 εἶναι

2291 5901 2315 5930 ο
2355 5899 2527 5966 Mprel.
2565 5899 2673 5966 ’ἄρα
2712 5902 2937 5966 μειζόνως
2980 5903 3326 5966 κολασθήσεται
3376 5903 3495 5965 μετὰ
3536 5904 3623 5960 τὴν
3669 5903 3831 5966 χάρινε

2225 5961 2465 6029 ἁμαρτών.
2553 5954 2761 6029 ἀξενῖί.
2791 5954 2953 6029 ἐθέλῃΖ
2976 5964 3121 6029 Ταῦτξ
3163 5954 3243 6015 οὖν
3276 5954 3495 6023 ἐννόησον
3531 5954 3837 6027 ἡλίκίφίλῖ

2230 6034 2253 6060 ο
2277 6023 2376 6071 Alii
2401 6023 2537 6084 ἕτερα
2559 6024 2619 6071 τὰ
2635 6023 2999 6087 διορθοῦνταὴν.
3028 6026 3136 6075 Καί.
