4094 6370
264 340 356 396 I61

262 448 587 510 benefactori
620 462 720 499 suo
743 444 886 500 dona
926 438 1172 497 retribuit
1200 480 1214 504 ,
1252 434 1444 505 quibus
1473 433 1634 488 etiam
1680 430 1836 485 donis

262 561 377 615 Ipse
403 555 619 614 quoque
641 538 865 593 fruitur.
884 533 1083 589 Verum
1108 531 1191 585 his
1219 544 1322 584 non
1348 540 1648 589 movemur,
1673 536 1841 591 usque

259 648 394 693 aueo
418 634 641 704 ingrati,
660 640 720 685 ut
745 630 936 692 servis,
961 625 1137 691 mulis,
1161 622 1312 691 cquis
1333 621 1660 689 operimenta
1683 630 1841 669 aurea

259 731 756 797 circumponamus;
785 719 1064 774 Dominum
1091 729 1217 769 vero
1248 720 1506 774 nostrum,
1531 707 1728 762 nudum
1750 721 1839 760 er-

259 828 469 873 rantem
493 857 509 880 ,
537 814 771 868 ostiatim
802 809 1192 865 mendicantem
1217 845 1233 872 ,
1266 804 1317 857 in
1346 799 1591 870 compitis
1610 806 1842 852 stantem

256 920 312 965 et
341 920 530 964 manus
559 903 934 961 extendentem
965 897 1344 967 deSpiciauius,
1378 892 1484 946 imo
1511 905 1653 959 saepe
1682 887 1845 941 torvis

258 1004 566 1056 intueamur
599 994 769 1050 oculis
795 1011 809 1048 ε
843 992 1049 1047 etiamsi
1082 996 1298 1058 propter
1321 999 1419 1038 nos
1445 983 1591 1036 hisce
1612 979 1766 1034 malis
1788 993 1847 1032 se

258 1094 527 1162 subjiciat.
551 1091 804 1146 Libenter
824 1088 964 1142 enim
986 1083 1173 1146 esurit,
1195 1087 1252 1134 ut
1278 1088 1333 1133 tu
1358 1075 1642 1139 nutriaris;
1670 1070 1846 1126 nudus

259 1184 545 1247 circumit,
598 1189 657 1235 ut
704 1178 797 1233 tibi
852 1171 1267 1243 incorruptionis
1320 1176 1523 1222 vestem
1582 1162 1844 1218 conferat.

260 1275 401 1329 Nihil
431 1284 609 1327 tamen
634 1285 730 1324 VHS
752 1267 985 1336 erogatis
1017 1282 1031 1318 :
1063 1262 1158 1317 sed
1188 1260 1504 1316 vestimenta
1535 1263 1712 1309 vestra
1742 1252 1845 1306 alia

256 1384 290 1423 ι
320 1368 476 1422 tineis
504 1364 784 1427 roduntur,
810 1361 911 1414 alia
937 1399 952 1423 ,
982 1359 1036 1411 in
1062 1370 1184 1410 arca
1215 1349 1491 1409 recondita
1512 1390 1527 1415 ,
1557 1344 1839 1415 superﬂuae

260 1476 405 1515 cum
439 1454 833 1529 possidentibus
875 1459 999 1506 sunt
1028 1466 1041 1502 :
1072 1448 1198 1503 dum
1221 1447 1265 1500 is
1290 1444 1379 1513 qui
1416 1450 1472 1498 et
1500 1440 1615 1493 hzec
1651 1448 1705 1492 et
1746 1435 1848 1489 alia

259 1526 455 1608 omnia
484 1550 707 1619 largitus
754 1555 879 1607 est,
912 1541 1083 1596 nudus
1124 1534 1448 1593 obambulat.
1491 1530 1693 1586 Verum
1736 1526 1851 1581 haec

262 1660 373 1699 non
401 1644 452 1696 in
483 1616 605 1695 arca
632 1635 952 1699 reconditis,
977 1631 1069 1687 sed
1107 1629 1190 1684 his
1217 1625 1496 1696 magniﬁce
1528 1616 1852 1675 induimini?

261 1734 424 1802 Quid,
448 1746 630 1803 quteso
658 1772 675 1795 ,
704 1729 828 1783 hinc
858 1725 1007 1781 vobis
1038 1722 1154 1793 plus
1184 1716 1434 1774 accedit?
1462 1714 1535 1771 Ut
1560 1711 1851 1767 forensium

263 1828 417 1882 turba
440 1801 533 1878 vos
573 1820 873 1892 suspiciat?
901 1815 1102 1886 Ecquid
1131 1812 1273 1868 hoc?
1318 1809 1434 1865 Non
1476 1806 1618 1862 enim
1650 1803 1731 1857 his
1765 1801 1852 1855 in-

263 1922 450 1975 dutum
474 1917 834 1977 admirantur,
863 1910 956 1966 sed
988 1922 1108 1963 cum
1139 1904 1227 1976 qui
1259 1900 1440 1972 egenis
1471 1896 1712 1966 largitur.
1742 1893 1850 1948 Ita-

264 2030 373 2084 que
398 2014 447 2067 si
488 2011 624 2065 velis
672 2004 1008 2063 admirationi
1060 2015 1177 2057 esse
1214 2039 1230 2063 ,
1267 1996 1400 2051 alios
1425 1991 1587 2047 indue
1614 2030 1627 2054 ,
1674 1996 1729 2044 et
1773 1985 1851 2040 sic

265 2107 412 2160 mille
456 2102 726 2172 plausibus
772 2096 1073 2167 excipieris.
1101 2092 1251 2148 Tunc
1274 2097 1326 2144 te
1368 2087 1507 2141 Deus
1530 2097 1651 2137 cum
1681 2076 1855 2133 homi-

268 2198 425 2252 nibus
461 2192 712 2248 laudabit.
743 2191 943 2245 Contra
983 2200 1109 2241 vero
1129 2185 1171 2240 si
1201 2194 1358 2236 secus
1396 2191 1522 2248 agas
1551 2216 1567 2243 ,
1598 2184 1756 2226 nemo
1800 2176 1853 2220 te

1282 321 1347 378 IN
1382 316 1690 376 JOANNEM
1730 314 1958 372 ΗΟΜΙῙ..
2001 315 2241 373 XXVIII.
2282 316 2353 371 al.
2397 315 2609 371 XXVII.

3434 314 3537 373 I62

1948 428 2222 497 laudabit,
2270 429 2363 485 sed
2402 443 2590 485 omnes
2618 426 2709 483 tibi
2747 425 3098 493 invidebunt,
3125 424 3251 482 dum
3282 426 3540 483 videbunt

1946 539 2140 591 corpus
2167 531 2432 585 ornatum,
2459 521 2692 575 animam
2719 535 2848 575 vero
2877 519 3193 589 neglectam.
3220 518 3537 588 Hujusmmli

1948 622 2192 666 ornatum
2236 612 2546 667 meretrices
2574 620 2846 666 sectantur
2875 652 2890 677 ,
2921 625 3041 680 quae
3079 624 3221 681 saepe
3265 611 3453 679 majori
3478 623 3533 665 et

1948 704 2269 775 opulentiori
2318 704 2463 758 cultu
2520 703 2790 774 gaudent;
2834 712 3057 758 ornatus
3106 711 3282 757 autem
3344 702 3539 757 anima:

1952 813 2113 867 penes
2161 798 2371 851 virtutis
2413 796 2683 851 studiosos
2742 804 2945 849 tantum
2988 794 3233 850 habetur.
3266 793 3392 850 Haec
3434 796 3544 850 tre-

1948 902 2175 961 quentcr
2201 891 2353 955 dico,
2385 904 2485 944 nec
2521 888 2683 943 linem
2711 886 2921 943 dicendi
2950 886 3137 942 faciam
3157 927 3175 954 ,
3202 902 3308 941 non
3338 902 3539 958 paupe-

1950 999 2038 1040 res
2081 990 2284 1039 tantum
2326 994 2519 1035 curans
2553 1022 2567 1045 ,
2599 987 2857 1049 quantum
2904 980 3111 1033 animas
3155 991 3383 1034 vestras.
3434 978 3543 1033 Illis

1951 1076 2095 1131 enim
2124 1074 2224 1129 etsi
2250 1089 2356 1128 non
2383 1087 2414 1126 a
2453 1071 2638 1135 nobis,
2679 1069 2892 1125 aliunde
2935 1078 3113 1125 tamen
3142 1068 3389 1141 quazdam
3431 1070 3540 1124 erit

1952 1168 2291 1231 consolatio;
2341 1165 2383 1220 si
2430 1164 2577 1220 nulla
2621 1163 2798 1229 adsit,
2844 1171 2901 1217 et
2940 1161 3079 1217 fame
3121 1171 3383 1231 pereant,
3431 1177 3537 1216 non

1953 1274 2207 1329 magnum
2226 1257 2327 1312 hoc
2354 1255 2605 1311 damnum
2632 1254 2780 1324 ipsis.
2810 1252 2948 1321 Quid
2976 1254 3158 1307 nocuit
3176 1252 3381 1308 Lazaro
3408 1268 3541 1323 pan-

1953 1360 2132 1422 pertas
2159 1358 2213 1404 et
2259 1347 2467 1402 fames?
2512 1344 2620 1401 Sed
2661 1359 2756 1399 vos
2801 1343 2931 1398 nihil
2961 1357 2991 1397 a
3034 1343 3280 1415 gehenua
3310 1344 3541 1413 eripiet,

1954 1442 2057 1497 nisi
2085 1454 2377 1511 pauperum
2416 1452 2521 1507 cpe
2544 1435 2825 1523 jnvemini.
2857 1433 2962 1490 Sed
3003 1434 3189 1489 eadem
3238 1437 3350 1505 ipsa
3394 1434 3545 1489 dice-

1955 1547 2076 1587 mus
2117 1546 2238 1601 quze
2282 1528 2432 1583 dives
2463 1527 2551 1582 ille
2598 1534 2852 1595 perpetuo
2898 1525 3122 1580 traditus
3172 1526 3319 1594 igni,
3369 1525 3544 1581 omnis

1956 1621 2337 1679 consolationis
2379 1617 2612 1689 experti.
2661 1616 2857 1671 Verum
2889 1616 3069 1681 absit,
3097 1625 3155 1670 ut
3177 1616 3297 1686 quis
3331 1616 3417 1670 illa
3447 1632 3537 1671 un-

1957 1730 2119 1787 quam
2161 1712 2323 1766 verba
2367 1707 2588 1771 audiat;
2638 1706 2768 1761 faxit
2813 1706 2951 1761 Deus
2998 1715 3052 1760 ut
3096 1720 3285 1761 omnes
3324 1706 3377 1761 in
3418 1706 3541 1760 sinu

1957 1807 2189 1863 Abrahae
2235 1802 2599 1870 recipiantur,
2641 1800 2807 1870 gratia
2852 1808 2906 1853 et
2953 1797 3282 1869 benignitate
3335 1797 3545 1852 Domini

1959 1897 2129 1954 nostri
2158 1896 2287 1952 Jesu
2315 1891 2533 1957 Christi,
2564 1906 2661 1961 per
2688 1905 2847 1959 quem
2872 1898 3072 1944 etcum
3118 1904 3225 1960 quo
3264 1889 3405 1943 Patri
3436 1887 3548 1959 glo-

1959 1996 2061 2063 ria,
2094 2007 2303 2064 nnaque
2352 1996 2539 2045 sancto
2571 1986 2813 2057 Spiritui,
2864 1986 2916 2039 in
2961 1984 3153 2041 srecula
3194 1984 3539 2040 saeculorum.

1960 2090 2151 2144 Amen.

269 2274 3539 2349 _________________________________————————

1542 2373 1889 2443 HOMILIA
1931 2357 2231 2427 XXVIII.

274 2549 361 2604 I7.
402 2545 524 2601 Non
547 2546 679 2601 enim
719 2544 852 2597 misit
900 2539 1040 2594 Deus
1085 2537 1275 2592 Filium
1315 2549 1462 2589 suum
1502 2530 1558 2584 in
1595 2524 1858 2583 mundum,

347 2652 399 2694 ut
415 2640 615 2713 judicet
641 2638 904 2697 mundum,
928 2634 1016 2689 sed
1037 2641 1094 2684 ut
1120 2630 1313 2683 salvum
1335 2626 1489 2697 faciat
1516 2618 1781 2674 mundum.

348 2708 594 2789 I.'Multi
622 2746 688 2785 ex
708 2726 1064 2797 segnioribus,
1099 2722 1162 2777 ad
1197 2729 1412 2790 peccata
1456 2708 1857 2783 multiplicanda

276 2835 332 2882 et
358 2822 737 2895 negligentiam
770 2818 1065 2889 augendam
1092 2814 1269 2869 divina
1300 2811 1585 2865 abutentes
1620 2803 1858 2858 clemen-

277 2920 369 2982 tia,
400 2892 469 2972 ita
501 2892 790 2986 loquuntur
815 2930 827 2965 :
856 2910 1005 2965 Nulla
1033 2916 1113 2962 cst
1136 2905 1402 2976 gebenna,
1433 2899 1634 2953 nullum
1657 2892 1860 2963 suppli-

276 3012 439 3072 cium,
462 3007 641 3061 omnia
676 3004 815 3058 Deus
861 3008 1073 3071 peccata
1122 2995 1365 3051 remittit.
1407 2992 1643 3059 Quorum
1690 2998 1752 3038 os
1782 2983 1860 3036 sic

278 3100 506 3155 obstruit
549 3096 762 3165 sapiens
814 3091 1027 3163 quidam
1061 3106 1075 3143 :
1114 3086 1190 3141 Ne
1236 3086 1376 3139 dicas
1400 3124 1415 3149 ,
1466 3078 1728 3135 Miseralio
1753 3074 1861 3145 ejus

278 3212 481 3266 magna,
515 3187 856 3245 multitudinis
891 3192 1206 3255 peccatorum
1240 3192 1463 3232 meorum
1504 3170 1817 3225 miserebitur
1843 3180 1863 3219 :

278 3288 401 3355 quia
426 3281 778 3338 misericordia
821 3288 866 3331 et
892 3278 971 3330 ira
996 3273 1133 3344 apud
1162 3272 1346 3340 ipsum,
1378 3277 1424 3321 et
1451 3279 1604 3333 super
1635 3268 1866 3333 peccato-

278 3351 360 3436 res
377 3380 572 3434 ardebit
603 3382 750 3449 furor
778 3377 887 3445 ejus
933 3373 953 3443 (
982 3369 1143 3425 Eccli.
1175 3369 1229 3424 5.
1272 3366 1304 3420 6
1331 3365 1383 3435 );
1432 3370 1487 3417 et
1514 3372 1724 3413 rursum
1750 3396 1764 3418 ,
1798 3351 1866 3407 Ut

280 3473 439 3525 multa
462 3444 811 3523 misericordia
835 3467 961 3537 ejus,
983 3473 1029 3518 et
1048 3461 1209 3515 multa
1229 3454 1519 3525 redargutio
1547 3452 1654 3520 ejus
1677 3444 1865 3518 (Eccli.

282 3568 368 3622 16.
396 3568 508 3632 l3).
534 3564 604 3619 Et
626 3562 735 3627 ubi,
766 3562 992 3630 inquies,
1020 3553 1320 3624 benignitas
1347 3550 1485 3617 ejus,
1513 3546 1556 3598 si
1575 3540 1866 3598 secundum

284 3667 624 3730 peccatorum
648 3661 946 3708 nostrorum
973 3646 1160 3702 merita
1177 3639 1446 3711 accepturi
1462 3635 1688 3691 sumus?
1717 3627 1868 3695 Quod

285 3751 582 3807 secundum
610 3745 798 3801 merita
837 3738 1106 3810 accepturi
1156 3737 1355 3799 simus,
1403 3729 1523 3784 audi
1552 3725 1867 3798 prophetam

286 3854 341 3900 et
370 3841 595 3898 Paulum
622 3838 923 3898 dicentem;
956 3831 1103 3885 illum
1119 3826 1355 3899 quidem,
1380 3821 1458 3876 Tu
1477 3818 1655 3874 reddes
1672 3812 1873 3869 unicui-

284 3953 381 4005 que
409 3932 691 4005 secundum
714 3942 866 3995 opera
886 3940 977 3979 sua
999 3919 1173 3993 (Psal.
1203 3916 1294 3972 6i.
1327 3913 1417 3982 I3)
1441 3929 1455 3976 ;
1500 3910 1641 3963 hunc
1668 3914 1867 3970 autem,

288 3997 391 4092 Qui
417 4001 593 4079 reddet
612 4020 881 4089 unicuique
906 4014 1179 4073 secundum
1201 4025 1329 4081 apus
1352 4022 1499 4061 suum
1518 4002 1696 4087 (Rom.
1720 3998 1770 4052 2.
1791 3997 1868 4067 6).

294 4116 450 4184 Quod
480 4126 660 4169 autem
690 4078 1039 4165 nihilominus
1065 4078 1256 4173 magna
1302 4100 1372 4156 sit
1418 4097 1509 4151 Dei
1563 4078 1868 4153 clementia,

289 4211 376 4265 vel
406 4208 536 4262 hinc
565 4206 737 4275 palam
782 4209 885 4265 est,
911 4197 1054 4270 quod
1103 4211 1226 4251 cum
1258 4194 1309 4247 in
1338 4192 1474 4245 vitas
1516 4187 1649 4242 duas
1692 4192 1872 4237 nostra

292 4303 441 4356 Deus
467 4298 727 4359 diviserit,
759 4295 915 4348 aliam
938 4288 1316 4351 certaminum,
1341 4284 1498 4337 aliam
1528 4291 1871 4338 coronarum,

291 4395 518 4451 multam
543 4392 643 4445 hac
695 4391 746 4444 in
773 4404 832 4443 re
876 4397 1087 4456 quoque
1124 4378 1505 4448 benignitatem
1552 4369 1875 4427 exhibuerit.

292 4482 617 4553 Quomodo?
646 4481 777 4547 Quia
807 4486 1084 4549 postquam
1112 4475 1389 4528 innumera
1417 4473 1634 4537 peccata
1656 4460 1877 4516 admisi-

298 4591 441 4640 mus,
469 4588 565 4628 nec
586 4570 914 4627 cessavimus
941 4583 969 4622 a
991 4567 1269 4636 juventute
1290 4560 1358 4615 ad
1389 4567 1683 4614 extremam
1712 4565 1880 4621 usque

300 4678 634 4727 senectutem
681 4663 971 4719 sceleribus
1019 4658 1252 4712 animam
1307 4661 1542 4707 nostram
1582 4647 1876 4717 inquinare,

298 4762 470 4816 nullas
498 4772 684 4813 eorum
714 4765 900 4824 poenas
927 4756 1156 4820 repetat,
1179 4744 1275 4801 sed
1301 4759 1399 4815 per
1425 4743 1694 4797 lavacrum
1724 4750 1881 4805 rege-

302 4850 598 4906 nerationis
626 4846 835 4899 veniam
864 4840 1158 4905 concedat,
1184 4838 1293 4892 imo
1310 4833 1568 4907 justitiam
1596 4838 1652 4885 et
1680 4828 1881 4883 sancti-

302 4944 607 4999 ﬁcationem
639 4937 947 5006 elargiatur.
991 4930 1130 4999 Quid
1159 4944 1309 5000 ergo,
1341 4925 1586 4997 inquies,
1622 4922 1665 4978 si
1704 4922 1824 4991 quis
1852 4933 1884 4972 a

302 5038 469 5106 prima
500 5041 661 5088 attatc
706 5027 976 5100 mysteriis
1021 5025 1289 5095 dignatus,
1322 5028 1445 5091 post
1483 5017 1599 5073 haec
1644 5014 1700 5070 in
1741 5013 1886 5068 mille

300 5137 519 5201 peccata
552 5124 793 5181 incidat?
825 5121 921 5176 Hic
950 5128 1098 5174 certe
1126 5114 1317 5185 majori
1356 5111 1623 5167 obnoxius
1649 5118 1731 5164 est
1752 5120 1883 5173 sup-

303 5225 485 5295 plicio.
515 5220 845 5279 Eorumdem
873 5217 1012 5272 enim
1040 5222 1381 5284 peccatorum
1414 5222 1520 5264 non
1560 5220 1717 5278 pares
1760 5204 1887 5259 sub-

302 5322 442 5373 imus
464 5330 674 5386 pmnas,
701 5312 793 5365 sed
822 5310 977 5379 longe
1001 5306 1292 5378 graviores,
1324 5302 1369 5358 si
1396 5309 1677 5372 postquam
1696 5295 1888 5353 initiati

304 5427 510 5475 sumus,
562 5409 621 5463 in
672 5406 878 5461 scelera
920 5403 1143 5456 ruimus.
1174 5397 1232 5451 Id
1274 5394 1538 5466 signiﬁcat
1576 5392 1772 5447 Paulus
1809 5389 1891 5444 his

304 5505 482 5562 verbis
515 5518 530 5556 :
563 5500 774 5556 lrritam
795 5496 986 5567 faciens
1009 5492 1120 5564 quis
1140 5491 1297 5561 legem
1333 5487 1382 5542 Μ
1390 5487 1513 5553 osis,
1539 5486 1646 5540 sine
1664 5484 1773 5538 ulla
1793 5483 1890 5537 mi-

304 5599 558 5654 seratione
602 5591 800 5645 duobus
850 5586 928 5642 uel
980 5585 1135 5638 tribus
1185 5580 1390 5635 testibus
1431 5575 1644 5631 moritur
1672 5584 1894 5646 :quanto

308 5693 469 5758 magis
498 5687 686 5758 putatis
707 5682 956 5737 deteriora
976 5678 1155 5731 mereri
1188 5674 1439 5745 supplicia
1461 5672 1547 5740 qui
1578 5669 1626 5723 F
1629 5670 1773 5724 ilium
1800 5668 1895 5723 Dei

309 5778 675 5839 conculcaverit
692 5818 707 5843 ,
740 5786 787 5830 et
830 5771 1127 5843 sanguinem
1175 5765 1454 5823 testamenti
1501 5762 1751 5832 pollutum
1800 5761 1897 5815 du-

1964 2503 2114 2567 xerit,
2139 2508 2187 2554 et
2213 2496 2389 2568 gratia:
2414 2492 2639 2564 Spiritus
2663 2490 3019 2545 contumeliam
3046 2489 3220 2559 fecerit
3245 2488 3428 2562 (Hebr.
3478 2488 3547 2544 10

1960 2593 2053 2649 28.
2079 2590 2214 2660 ‘29)?
2250 2587 2393 2657 Ergo
2414 2583 2600 2654 majori
2628 2582 2718 2637 ille
2741 2581 2934 2651 dignus
2959 2582 3060 2635 erit
3082 2581 3342 2651 supplicio
3374 2582 3413 2632 ⁸.

2035 2682 2221 2739 Clu-isti
2257 2677 2541 2733 clementia.
2571 2673 2686 2727 Duo
2712 2671 2902 2728 Christi
2926 2672 3187 2725 adventus.
3216 2701 3285 2713 -
3318 2671 3547 2726 Verum-

1966 2786 2143 2832 tamen
2172 2770 2293 2828 huic
2318 2769 2645 2841 paanitentize
2674 2774 2854 2837 portas
2882 2765 3111 2835 aperuit,
3143 2779 3207 2820 ac
3231 2764 3430 2819 multos
3459 2764 3556 2818 ab—

1964 2866 2148 2923 luendi
2177 2871 2392 2935 peccata
2422 2859 2610 2915 modos
2637 2857 3080 2923 subministravit,
3110 2857 3155 2911 si
3186 2857 3275 2912 ille
3298 2855 3553 2911 voluerit.

1965 2958 2181 3027 Cogites
2209 2954 2368 3009 velim
2400 2958 2597 3022 quanta
2621 2949 2730 3004 sint
2753 2948 2869 3004 hare
2897 2947 3197 3003 clementiae
3222 2954 3553 3017 argumenta,

1967 3048 2109 3118 quod
2160 3062 2256 3117 per
2291 3044 2515 3116 gratiam
2557 3039 2860 3105 remiserit,
2899 3048 2954 3093 et
2993 3038 3136 3110 quod
3174 3046 3297 3109 post
3330 3038 3558 3109 gratiam

1969 3148 2306 3211 peccatorem
2349 3132 2593 3205 supplicii
2622 3131 2837 3203 dignum
2870 3146 2973 3186 non
3004 3131 3223 3201 puniat,
3255 3130 3350 3186 sed
3376 3145 3564 3186 emen-

1969 3231 2203 3287 dationis
2254 3227 2483 3297 spatium
2529 3222 2809 3279 concedat.
2863 3222 3154 3292 Propterea
3203 3222 3280 3276 ait
3315 3220 3562 3276 Christus

1970 3321 2260 3377 Nicodemo
2291 3336 2306 3373 :
2337 3316 2460 3371 Non
2483 3315 2622 3369 misit
2652 3313 2790 3369 Deus
2820 3312 2867 3366 F
2868 3314 3013 3367 ilium
3038 3329 3188 3367 suum
3212 3312 3267 3366 in
3291 3311 3560 3375 mundum,

1970 3424 2024 3467 ut
2056 3412 2253 3478 judicet
2292 3406 2541 3462 mundum
2563 3445 2577 3470 ,
2605 3404 2694 3459 sed
2717 3412 2772 3458 ut
2794 3404 2951 3459 solvet
2980 3402 3245 3457 mundum.
3276 3401 3393 3458 Duo
3415 3402 3559 3458 enim

1970 3513 2094 3561 sunt
2131 3501 2326 3558 Christi
2360 3498 2654 3561 adventus;
2685 3495 2776 3566 qui
2813 3496 2921 3563 jam
2964 3494 3062 3549 fuit
3083 3534 3100 3561 ,
3131 3502 3187 3549 et
3222 3494 3312 3563 qui
3349 3493 3563 3549 futurus

1970 3604 2055 3649 est
2084 3612 2097 3648 :
2124 3592 2217 3648 sed
2246 3606 2354 3644 non
2382 3588 2571 3644 iisdem
2600 3585 2667 3641 de
2693 3585 2871 3641 causis
2905 3585 3061 3641 ambo
3085 3601 3099 3651 ;
3130 3584 3222 3640 sed
3251 3584 3398 3654 prior
3424 3583 3523 3638 fuit
3543 3624 3561 3648 ,

1973 3699 2078 3739 non
2124 3691 2182 3736 ut
2221 3681 2453 3734 facinora
2496 3683 2680 3731 nostra
2721 3673 3023 3738 examinet,
3060 3673 3154 3728 sed
3197 3682 3254 3727 ut
3289 3673 3560 3737 dimittat;

1974 3773 2240 3829 secundus
2269 3770 2389 3836 erit,
2417 3783 2522 3822 non
2549 3774 2607 3821 ut
2633 3764 2888 3830 dimittat,
2916 3763 3010 3818 sed
3038 3773 3091 3818 ut
3123 3764 3410 3818 examinet.
3440 3763 3565 3818 Ideo

1974 3864 2042 3920 de
2069 3864 2246 3934 priore
2274 3858 2487 3930 quidem
2514 3856 2682 3911 dicit:
2707 3852 2828 3908 Non
2847 3854 2959 3907 veni
2976 3862 3030 3906 ut
3049 3852 3277 3922 judicem
3296 3853 3560 3917 mundum,

1975 3955 2063 4009 sed
2088 3965 2142 4006 ut
2168 3952 2356 4006 salvem
2381 3947 2660 4010 mundum;
2679 3944 2747 4000 de
2770 3943 3004 4000 secundo
3032 3952 3231 4008 autem,
3261 3943 3388 3997 Cum
3416 3960 3565 3998 vene—

1976 4046 2043 4099 rit
2068 4043 2237 4097 Filius
2278 4039 2521 4111 ingloria
2550 4036 2722 4090 Patris
2764 4035 2877 4101 sui,
2914 4044 3097 4089 statuet
3141 4051 3253 4090 oves
3293 4036 3495 4105 quidem
3536 4051 3570 4089 α

1979 4136 2188 4200 dextris,
2210 4134 2381 4188 [mulos
2409 4141 2575 4185 autem
2595 4146 2628 4181 a
2652 4128 2869 4183 sinistris
2891 4125 3103 4197 (Matth.
3125 4125 3218 4182 25.
3243 4126 3332 4182 51.
3356 4127 3468 4199 55).
3500 4124 3571 4182 Et

1980 4228 2184 4281 abibunt
2206 4225 2295 4278 alii
2321 4223 2523 4294 quidem
2548 4222 2601 4274 in
2634 4220 2786 4273 vitam
2809 4260 2823 4283 ,
2850 4219 2943 4272 alii
2968 4219 3021 4272 in
3047 4219 3355 4289 supplicium
3378 4220 3569 4288 sempi-

1982 4327 2178 4372 ternum
2209 4314 2372 4386 (Ibid.
2401 4327 2451 4366 υ.
2482 4310 2597 4379 46).
2629 4310 2789 4378 Atqui
2820 4309 2968 4377 prior
2996 4310 3156 4363 etiam
3195 4308 3458 4364 adventus
3480 4308 3572 4380 ju-

1981 4408 2105 4464 dicii
2142 4415 2257 4489 erat
2290 4402 2583 4460 secundum
2618 4400 2841 4471 justitiaa
2884 4399 3167 4453 rationem.
3199 4400 3413 4466 Quare?
3438 4399 3574 4468 Quia

1983 4507 2109 4553 ante
2149 4496 2439 4551 adventrum
2477 4492 2597 4561 ejus
2639 4491 2725 4545 lex
2769 4497 2888 4545 erat
2930 4489 3220 4556 naturalis,
3263 4490 3572 4560 prophetat,

1984 4602 2306 4658 rursumque
2338 4586 2424 4641 lex
2453 4584 2669 4653 scripta,
2701 4581 2965 4648 doctrina,
2994 4581 3140 4637 mille
3167 4583 3573 4653 promissiones,

1985 4681 2167 4751 signa,
2208 4676 2468 4747 supplicia
2488 4716 2505 4744 ,
2534 4685 2593 4731 et
2628 4674 2731 4728 alia
2762 4672 2925 4727 multa
2944 4712 2962 4740 ,
2990 4688 3109 4743 quae
3145 4682 3366 4742 possent
3390 4691 3578 4731 emen-

1991 4772 2150 4838 dare;
2180 4785 2407 4842 quorum
2438 4768 2574 4824 ratio
2605 4766 2825 4821 omnino
2853 4765 3114 4837 exigenda
3143 4775 3260 4821 erat
3282 4808 3299 4835 ,
3330 4767 3423 4823 sed
3452 4768 3576 4839 quia

1989 4865 2227 4920 clemens
2255 4871 2371 4928 est,
2412 4875 2519 4916 non
2562 4873 2786 4915 examen
2812 4898 2828 4921 ,
2868 4856 2963 4911 sed
3002 4858 3213 4912 veniam
3253 4858 3493 4914 exhibet.
3521 4858 3580 4915 Si

1990 4958 2131 5011 enim
2163 4953 2600 5025 perquisitionem
2632 4950 2877 5014 fecisset,
2904 4964 3092 5004 omnes
3122 4950 3279 5020 plane
3305 4951 3374 5007 de
3402 4951 3583 5008 medio

1992 5046 2184 5101 sublati
2219 5044 2441 5099 fuissent
2474 5060 2487 5096 :
2519 5041 2704 5095 Omnes
2734 5040 2869 5095 enim
2896 5050 3226 5109 peccauerunt
3248 5082 3265 5105 ,
3297 5041 3506 5112 inquit,
3534 5053 3584 5097 et

1994 5144 2137 5207 egent
2173 5134 2339 5206 gloria
2376 5130 2474 5186 Dei
2503 5130 2695 5198 (Rom.
2729 5132 2780 5185 5.
2810 5130 2936 5201 25).
2972 5130 3132 5187 Vides
3170 5146 3432 5187 summam
3470 5132 3586 5187 cle-

1994 5226 2289 5282 mentiam?
2312 5224 2400 5279 18.
2427 5224 2527 5289 Qui
2552 5223 2710 5276 credit
2734 5224 2787 5276 in
2808 5221 3023 5289 Filium,
3052 5240 3156 5279 non
3174 5224 3442 5294 judicatur
3461 5241 3480 5279 :
3498 5227 3586 5296 qui

1995 5329 2163 5373 autem
2188 5334 2290 5372 non
2314 5317 2492 5381 credit,
2515 5316 2630 5387 jam
2654 5315 2912 5384 iudicatus
2941 5326 3033 5370 est.
3062 5315 3224 5386 Atqui
3249 5317 3294 5371 si
3323 5326 3449 5372 tunc
3476 5334 3586 5374 non

1997 5413 2145 5467 venit
2173 5420 2230 5466 ut
2252 5409 2515 5480 judicaret
2540 5405 2819 5473 mundum,
2845 5406 3115 5477 quomodo
3136 5406 3225 5478 qui
3255 5422 3358 5462 non
3387 5409 3587 5477 credit,

1994 5502 2104 5572 jam
2130 5500 2397 5570 judicatus
2421 5506 2536 5563 est,
2567 5497 2612 5551 si
2640 5495 2876 5553 nondum
2916 5496 3068 5552 adest
3108 5497 3294 5567 iudicii
3334 5507 3544 5570 tempus
3563 5503 3588 5555 ἲ

2002 5593 2099 5648 Vel
2132 5592 2235 5647 hoc
2260 5591 2427 5658 dicit,
2463 5589 2585 5660 quia
2612 5588 2726 5658 ipsa
2752 5584 3101 5643 incredulitas
3127 5588 3245 5644 sine
3271 5591 3587 5659 penitentia

2002 5704 2282 5831 “gamma.
2318 5703 2485 5763 habet,
2511 5709 2635 5765 Ergo
2665 5696 2872 5753 severius
2891 5698 3116 5763 punienti-
3141 5700 3225 5768 qui
3256 5710 3360 5765 post
3378 5702 3585 5768 gratiam
