4094 6370
461 297 565 357 163

464 413 781 484 sulmliciutn
808 419 920 472 est;
946 424 1065 462 nam
1093 417 1240 461 extra
1268 407 1437 459 lucem
1461 421 1578 459 esse
1601 420 1696 474 per
1717 421 1773 458 se
1796 420 2042 474 magnum

466 516 551 561 est
580 502 893 574 supplicium
929 516 941 553 :
973 499 1055 552 vel
1098 499 1272 553 futura
1318 502 1654 566 prtcnuntiat.
1689 495 2049 561 Quemadmo-

467 599 594 651 dttm
626 598 768 651 enim
799 592 1081 657 homicida,
1113 592 1234 644 licet
1260 590 1521 644 sententia
1549 589 1744 659 judicis
1770 589 2051 641 damnatus

470 706 574 741 tton
607 689 696 751 sit,
728 689 839 758 ipsa
869 688 941 740 rei
974 694 1157 738 natura
1186 685 1295 752 jatn
1327 683 1609 736 damnatus
1635 692 1718 736 est
1749 698 1762 735 :
1792 682 1867 736 sic
1892 690 1945 735 et
1972 683 2051 735 itt-

467 779 733 834 credulus.
768 776 1204 845 Quandoquidem
1235 774 1403 828 Adam
1434 789 1532 844 qua
1560 773 1647 827 die
1674 772 1741 827 de
1782 774 1924 842 ligno
1953 788 2046 827 co-

468 868 652 932 medit,
684 878 927 920 mortuus
950 876 1030 919 est
1058 883 1071 919 :
1098 865 1184 919 illa
1213 864 1410 934 quippe
1439 864 1699 917 sententia
1724 874 1835 917 erat
1870 882 1883 915 :
1913 863 2052 929 Qua-

463 975 673 1024 cumque
700 958 781 1010 die
823 956 1139 1009 comederitis
1169 954 1231 1007 de
1268 956 1405 1025 ligno
1429 996 1444 1020 ,
1486 955 1766 1007 moriemini
1792 954 1809 1013 (
1833 951 1959 1007 Cen.
1991 953 2046 1007 2.

464 1050 576 1118 17).
602 1051 759 1117 Atqui
791 1048 1026 1101 vivebat.
1052 1046 1329 1113 Quomodo
1351 1047 1510 1115 igitur
1532 1058 1773 1099 mortuus
1795 1046 1948 1099 erat?
1971 1046 2049 1099 Ex

462 1139 747 1201 sententia,
780 1149 831 1191 et
860 1154 924 1192 ex
955 1138 1065 1205 ipsa
1093 1136 1171 1190 rei
1199 1147 1406 1190 natura.
1438 1138 1567 1189 Nam
1590 1137 1678 1206 qui
1708 1153 1765 1190 se
1790 1138 2049 1207 supplicio

463 1232 752 1285 obnoxium
800 1230 1062 1295 reddidit,
1105 1230 1202 1283 sub
1245 1229 1505 1299 supplicio
1547 1239 1660 1293 est;
1692 1229 1900 1283 etiamsi
1944 1246 2047 1282 non

466 1326 659 1394 reipsa,
689 1323 782 1378 sed
812 1339 878 1377 ex
904 1323 1188 1377 sententia.
1220 1321 1296 1376 Ne
1322 1323 1439 1391 quis
1466 1322 1606 1376 enim
1647 1322 1890 1385 audiens,
1926 1320 2049 1374 Non

464 1420 575 1471 veni
601 1428 654 1471 ut
670 1418 900 1488 judicem
932 1416 1196 1480 mundum,
1229 1430 1286 1471 se
1314 1425 1464 1485 putet
1492 1416 1706 1481 impune
1734 1430 1890 1484 posse
1920 1429 2047 1484 pec-

462 1526 609 1577 care,
636 1510 865 1579 hincque
888 1508 1240 1579 negligentior
1268 1507 1477 1569 evadat,
1508 1505 1646 1560 hanc
1671 1520 1884 1576 quoque
1911 1505 2050 1559 tollit

464 1600 747 1670 ignaviam,
780 1600 986 1663 dicens,
1011 1597 1131 1651 Iam
1153 1598 1409 1667 iudicatus
1439 1605 1530 1651 est.
1580 1596 1711 1662 Quia
1743 1597 1882 1651 enim
1907 1595 2051 1665 judi-

464 1695 601 1747 cium
626 1694 858 1748 futurum
886 1691 1120 1745 nondum
1149 1699 1390 1755 venerat,
1418 1689 1658 1758 supplicii
1689 1690 1931 1743 timorem
1955 1687 2050 1741 ad-

462 1795 683 1850 movet,
708 1796 761 1839 et
804 1783 1132 1852 puuitionem
1170 1782 1279 1851 jam
1319 1782 1549 1835 ostendit
1580 1799 1592 1834 :
1621 1781 1671 1834 id
1698 1780 1838 1850 quod
1871 1780 2049 1835 multa:

463 1884 546 1928 est
577 1874 919 1942 benignitatis
944 1914 958 1938 ,
994 1887 1098 1925 non
1141 1871 1300 1925 modo
1343 1871 1536 1925 Filium
1564 1870 1693 1925 dare
1717 1912 1730 1933 ,
1763 1869 1855 1924 sed
1886 1870 2047 1923 etiam

462 1968 707 2037 supplicii
739 1976 948 2035 tempus
972 1964 1185 2020 differre
1209 2006 1223 2027 ,
1257 1974 1314 2018 ut
1339 1964 1543 2033 possint
1571 1972 1851 2031 peccantes
1879 1970 1934 2017 et
1962 1964 2049 2016 in—

462 2059 665 2113 creduli
696 2069 911 2128 peccata
939 2073 1032 2111 sua
1064 2057 1301 2111 abluere.
1327 2055 1425 2120 Qui
1446 2056 1603 2109 credit
1628 2056 1680 2107 in
1702 2054 1917 2116 Filium,
1946 2070 2048 2107 non

455 2153 739 2223 judicatur.
770 2151 869 2217 Qui
914 2150 1122 2215 credit,
1156 2164 1260 2204 non
1291 2149 1380 2217 qui
1419 2148 1628 2202 curiose
1670 2147 1925 2216 inquirit;
1958 2147 2047 2215 qui

463 2245 655 2307 credit,
685 2259 789 2297 nou
821 2244 911 2312 qui
942 2242 1163 2296 multum
1206 2249 1494 2295 scrutatur.
1526 2239 1661 2306 Quid
1697 2254 1844 2308 ergo,
1873 2240 1916 2292 si
1943 2238 2047 2291 im-

464 2353 592 2407 pura
619 2337 736 2403 ejus
763 2336 866 2389 vita
897 2336 985 2401 sit,
1011 2347 1064 2388 et
1088 2342 1235 2403 gesta
1266 2348 1373 2387 non
1404 2332 1576 2386 bona?
1605 2332 1711 2385 Hos
1736 2332 1916 2400 utique
1942 2345 2045 2384 non

466 2444 588 2483 vere
608 2427 790 2481 fideles
804 2441 923 2481 esse
946 2426 1141 2479 Paulus
1162 2424 1236 2477 ait
1261 2442 1272 2477 :
1294 2421 1611 2491 Conﬁtentur
1626 2438 1680 2475 se
1698 2438 1843 2475 nosse
1864 2420 2044 2486 Deum,

466 2519 611 2589 factis
637 2528 803 2572 autem
833 2526 1015 2586 negant
1049 2515 1183 2587 (Tit.
1222 2517 1274 2571 l.
1306 2516 1428 2585 i6).
1459 2515 1720 2569 Caeterum
1760 2513 1845 2567 hic
1872 2512 2050 2567 decla-

466 2622 581 2676 rat,
628 2611 773 2679 ipsos
813 2627 916 2663 non
962 2610 1062 2663 hac
1099 2609 1166 2663 de
1204 2624 1263 2662 re
1288 2607 1554 2677 judicari;
1597 2606 1690 2661 sed
1716 2607 1785 2661 ob
1816 2605 2047 2660 facinora

464 2704 692 2771 graviori
742 2703 942 2756 ultione
992 2701 1310 2771 puniendos.
1336 2715 1456 2755 esse
1499 2716 1511 2753 :
1552 2699 1877 2754 infidelitatis
1919 2713 2048 2754 vero

464 2811 642 2859 causa,
672 2810 739 2851 eo
766 2795 904 2864 quod
934 2794 1275 2858 crediderint,
1306 2807 1409 2847 non
1444 2791 1635 2861 puniri.

535 2891 591 2944 2.
622 2889 807 2943 Videu’
829 2887 1096 2957 quomodo
1123 2904 1242 2941 cum
1274 2901 1301 2938 a
1333 2885 1657 2940 terribilibus
1685 2900 1840 2939 orsus
1867 2894 2009 2939 esset
2029 2926 2043 2947 ,

465 2982 517 3035 in
551 2979 736 3036 eadem
764 2996 945 3034 rursus
972 2980 1220 3034 desinat?
1248 2978 1403 3033 lnitio
1428 2978 1623 3047 quippe
1648 2976 1857 3031 dicebat
1884 2994 1897 3028 :
1928 2975 2048 3031 Nisi

467 3073 576 3141 quis
606 3083 755 3125 natus
782 3073 931 3142 fuerit
959 3088 1021 3125 ea:
1048 3087 1179 3141 aqua
1206 3079 1251 3124 et
1280 3070 1499 3139 Spiritu,
1523 3086 1624 3122 non
1652 3068 1857 3121 intrabit
1886 3068 1938 3122 in
1963 3084 2047 3121 τεο

462 3182 617 3234 gnum
647 3162 777 3229 Dei;
808 3164 892 3217 hic
918 3178 1045 3216 vero
1070 3176 1302 3225 rursum,
1331 3160 1429 3227 Qui
1456 3176 1553 3213 non
1576 3159 1729 3212 credit
1756 3160 1808 3211 in
1831 3157 2040 3221 Filium,

454 3273 568 3327 1am
600 3254 865 3324 judicatus
909 3264 980 3309 est
993 3270 1013 3318 ;
1044 3254 1095 3307 id
1132 3263 1247 3318 est,
1288 3253 1367 3308 Ne
1403 3261 1557 3321 putes
1594 3267 1770 3305 moras
1815 3252 2047 3321 peccatis

462 3350 751 3404 obnoxium
775 3349 983 3417 juvare,
1012 3348 1109 3401 nisi
1143 3347 1446 3417 resipuerit.
1476 3346 1606 3400 Nam
1630 3347 1718 3415 qui
1749 3363 1853 3399 non
1876 3346 2045 3400 credi-

460 3442 637 3505 derit,
668 3440 799 3494 nihil
834 3440 1045 3494 difl'eret
1081 3439 1149 3493 ab
1186 3440 1265 3493 eis
1303 3438 1392 3507 qui
1427 3437 1535 3506 jam
1570 3437 1789 3505 judicati
1832 3445 1956 3490 sunt
1993 3445 2047 3491 et

462 3533 774 3599 puniuntur.
804 3531 892 3587 l9.
926 3530 1038 3584 Hoc
1062 3539 1133 3584 est
1162 3539 1329 3583 autem
1349 3530 1623 3598 judicium,
1652 3529 1771 3599 quia
1798 3530 1888 3581 lux
1914 3530 2045 3581 venit

458 3628 512 3678 iu
540 3626 805 3690 mundum,
828 3634 875 3677 et
901 3624 1183 3678 dilexerunt
1211 3623 1437 3676 homines
1460 3622 1622 3691 magis
1649 3621 1873 3675 tenebras
1893 3639 2043 3692 quam

458 3719 661 3781 lucem;
692 3716 793 3770 hoc
820 3724 921 3779 est,
956 3714 1081 3770 Ideo
1116 3716 1425 3784 puniuntur,
1456 3715 1577 3784 quia
1611 3714 1855 3769 tenebras
1885 3715 2047 3768 relin-

456 3822 622 3875 quere
658 3816 713 3861 et
751 3806 818 3861 ad
860 3806 1031 3860 lucem
1077 3821 1359 3860 accurrere
1399 3807 1702 3859 noluerunt.
1737 3806 1829 3860 llis
1867 3805 2042 3860 verbis

456 3915 671 3954 omnem
696 3900 763 3954 ab
791 3899 897 3953 illis
920 3900 1093 3953 aufert
1120 3899 1540 3953 excusationem.
1572 3898 1702 3952 Nam
1734 3900 1776 3952 si
1811 3901 2042 3952 rationes

457 4004 511 4045 et
554 4005 736 4060 paruas
773 3991 1106 4060 expetiturus
1139 3991 1404 4045 venissem
1432 4031 1446 4055 ,
1477 3991 1681 4059 inquit,
1708 3990 1888 4044 dicere
1913 4005 2041 4059 pos-

455 4093 575 4137 seut
608 4100 619 4135 :
656 4081 778 4136 Ideo
820 4080 1145 4136 resiluimus.
1184 4080 1287 4135 Sed
1322 4080 1441 4135 veni
1483 4088 1543 4133 ut
1574 4080 1695 4134 illos
1733 4096 1760 4131 a
1804 4080 2040 4135 tenebris

453 4175 715 4243 eriperem
741 4213 757 4237 ,
786 4181 842 4228 et
869 4171 975 4225 luci
1001 4172 1363 4226 admoverem.
1396 4171 1524 4238 Quis
1552 4185 1681 4240 ergo
1721 4171 2040 4225 misereatur

452 4267 567 4335 ejus
587 4308 602 4332 ,
628 4266 718 4336 qui
755 4280 785 4320 a
815 4265 1049 4320 tenebris
1086 4264 1151 4319 ad
1195 4264 1371 4318 lucem
1403 4263 1586 4318 venire
1623 4263 1875 4317 recusat?
1900 4263 2036 4317 Cum

450 4356 593 4409 ettim
636 4356 781 4410 nulla
812 4354 879 4410 de
912 4370 973 4409 re
1012 4368 1110 4408 nos
1148 4353 1392 4407 incusare
1435 4352 1677 4422 possint,
1709 4353 1913 4422 inquit,
1942 4352 2036 4407 sed

452 4448 598 4502 mille
624 4446 895 4501 beneficiis
926 4446 1032 4499 sint
1058 4443 1258 4510 affecti,
1291 4460 1318 4496 a
1350 4443 1505 4498 nobis
1541 4443 1803 4498 resiliunt.
1834 4443 1944 4498 Hae
1968 4443 2036 4498 de

451 4554 511 4593 re
533 4552 744 4607 quoque
774 4537 893 4591 illos
918 4536 1043 4590 alibi
1070 4550 1325 4589 accusans
1345 4534 1575 4596 dicebat,
1603 4533 1736 4587 Odia
1756 4534 2035 4587 habuerunt

450 4649 530 4684 me
556 4631 751 4700 gratis;
778 4640 831 4683 et
853 4644 1086 4692 rursum,
1111 4627 1169 4681 Si
1199 4644 1297 4679 non
1323 4627 1562 4678 vertissem
1587 4634 1633 4679 et
1657 4627 1889 4694 loquutus
1911 4626 2038 4695 fuis-

450 4738 553 4776 sent
592 4722 662 4775 eis
684 4763 699 4787 ,
733 4730 991 4789 peccatum
1029 4736 1131 4771 non
1168 4718 1399 4771 haberent
1431 4716 1622 4787 (Joan.
1657 4718 1743 4772 15.
1775 4717 1865 4771 25.
1905 4716 2031 4787 24).

448 4814 549 4880 Qui
576 4813 719 4868 enim
742 4828 931 4882 expers
960 4812 1094 4864 lueis
1125 4811 1179 4864 in
1210 4810 1443 4863 tenebris
1469 4808 1649 4872 sedet,
1684 4808 1908 4862 fortasse
1937 4823 2032 4861 ve-

449 4906 591 4959 niant
618 4904 902 4971 impetret;
930 4904 1017 4970 qui
1046 4918 1172 4955 vero
1195 4911 1313 4969 post
1339 4900 1471 4954 lucis
1496 4900 1781 4953 adventum
1804 4899 1854 4952 itt
1883 4907 2032 4953 tene-

446 4998 556 5051 bris
584 4994 817 5059 residet,
852 5008 1113 5061 perversa:
1149 5001 1204 5045 et
1240 4991 1535 5061 pervicacis
1563 4990 1845 5044 voluntatis
1873 5005 2028 5057 argu-

445 5098 683 5145 mentum
728 5102 838 5156 prte
878 5101 939 5139 se
979 5084 1099 5138 fert.
1150 5084 1350 5138 Deinde
1385 5083 1507 5152 quia
1548 5082 1598 5135 id
1643 5080 1783 5151 quod
1829 5081 2028 5136 dictum

444 5186 617 5237 fuerat
641 5180 821 5235 multis
852 5178 1158 5232 incredibile
1184 5177 1465 5231 videbatur
1500 5175 1687 5245 (nemo
1710 5174 1851 5229 enim
1880 5183 2029 5227 tene-

443 5274 568 5328 bras
600 5273 702 5326 luci
740 5268 1072 5340 praetulerit),
1100 5282 1313 5321 causam
1344 5267 1489 5335 ponit
1515 5280 1610 5319 cur
1634 5265 1713 5317 sic
1738 5262 1909 5318 aﬁ‘ecti
1937 5277 2026 5317 es-

442 5374 579 5419 sent.
613 5364 866 5431 Quaznam
908 5361 1021 5414 lucc
1062 5359 1182 5415 est?
1223 5357 1386 5411 Erant
1424 5358 1585 5423 enim,
1619 5356 1822 5426 inqttit,
1854 5373 2025 5409 eorum

442 5457 580 5508 mula
607 5470 779 5525 Opera.
808 5451 898 5508 ΞΟ.
932 5450 1107 5504 Omnis
1136 5459 1301 5502 autem
1340 5449 1424 5515 qui
1466 5448 1597 5501 male
1621 5448 1777 5515 facit,
1805 5447 1908 5499 odit
1938 5446 2024 5499 lu-

444 5560 548 5597 cem
568 5585 584 5610 ,
616 5555 661 5598 et
695 5562 796 5599 non
836 5545 968 5598 venit
1007 5542 1074 5596 ad
1117 5542 1278 5595 lucem
1298 5582 1312 5609 _.
1341 5550 1395 5594 ut
1437 5558 1536 5594 non
1565 5550 1842 5610 arguantur
1871 5556 2023 5607 opera

444 5651 573 5704 ejus.

520 5722 672 5779 Praei
700 5742 861 5781 mores
888 5728 1103 5782 maxime
1138 5726 1362 5781 homines
1396 5741 1427 5778 a
1452 5723 1832 5779 Christianismo
1871 5736 2014 5775 aver-

1138 294 1194 347 s.
1236 288 1512 347 JOANNIS
1549 289 2020 345 CHRYSOSTUMI
2061 288 2375 344 ARCHIEP.
2415 290 2943 348 coxsraunxor.
3643 280 3755 352 ua

2165 414 2294 457 tum.
2329 404 2516 457 Nullus
2544 424 2770 475 paganus
2800 423 2912 459 vera
2944 406 3122 460 virtute
3148 408 3404 478 pra'ditus.
3441 407 3738 477 Philosopni

2159 497 2365 565 gentiles
2384 498 2547 551 inanis
2567 499 2742 568 gloria:
2755 514 2909 551 causa
2925 500 3151 551 virtutem
3174 500 3485 554 exercebant.
3505 530 3572 538 -
3584 500 3741 555 Certe

2159 603 2265 643 non
2292 588 2357 643 ad
2384 590 2727 657 judicandum
2756 591 2840 645 vel
2866 591 2929 644 ad
2958 592 3326 660 inquirendum
3353 593 3528 656 venit;
3557 594 3646 646 sed
3685 604 3741 647 ut

2158 684 2366 736 veniant
2395 690 2448 735 et
2474 682 2841 737 remissionem
2872 693 3208 753 peccaturum
3236 684 3405 744 daret,
3436 696 3487 737 et
3513 685 3737 739 salutem

2160 789 2252 842 per
2280 773 2435 827 fidem
2468 774 2763 842 largiretur.
2791 775 2896 829 Cur
2924 790 3053 845 ergo
3079 774 3391 841 fugerunt‘?
3415 781 3547 835 Nam
3579 776 3620 829 si
3648 776 3736 845 ju-

2157 863 2426 918 dieaturus
2456 864 2507 918 in
2540 864 2785 919 tribunali
2828 864 3089 929 sedisset,
3124 867 3351 935 aliquem
3380 871 3737 923 excusationis

2156 958 2391 1011 colorem
2418 956 2747 1012 habuissent.
2779 957 2879 1025 Qui
2914 957 3056 1012 enim
3085 960 3343 1012 malorum
3371 959 3471 1013 sibi
3494 962 3738 1015 conscius

2155 1058 2273 1111 est,
2300 1048 2534 1117 judicem
2566 1048 2749 1120 fugere
2790 1050 2929 1104 solet
2957 1068 2969 1103 :
2998 1052 3206 1104 veniam
3238 1059 3414 1104 autem
3441 1053 3746 1107 conceden-

2159 1153 2262 1195 tetn
2297 1152 2602 1210 peccatores
2635 1158 2821 1196 omnes
2856 1143 3070 1197 adeunt.
3101 1143 3154 1196 Si
3191 1158 3317 1212 ergo
3342 1142 3737 1197 condonaturus

2156 1234 2322 1297 venit,
2355 1233 2452 1288 hos
2482 1234 2712 1289 maxime
2741 1250 3022 1290 accurrere
3052 1251 3147 1305 par
3177 1244 3309 1300 erat,
3337 1236 3425 1304 qui
3453 1236 3736 1293 multorum

2155 1327 2254 1380 sibi
2287 1328 2485 1381 conscii
2516 1336 2667 1382 erant
2698 1338 3035 1395 peccatorum
3068 1346 3080 1380 :
3113 1328 3251 1394 quod
3282 1329 3440 1381 etiam
3480 1328 3624 1382 multi
3656 1328 3734 1381 fe-

2154 1429 2358 1472 cerunt.
2402 1418 2531 1472 Nam
2578 1429 2633 1473 et
2673 1420 2936 1489 publicani
2982 1430 3035 1474 et
3084 1429 3389 1489 peccatores
3425 1419 3731 1483 venientes,

2154 1525 2274 1562 eum
2305 1510 2427 1564 Jesu
2456 1511 2860 1565 accumltebant.
2892 1511 3028 1579 Quid
3055 1526 3184 1582 ergo
3208 1511 3307 1565 sibi
3339 1512 3451 1565 vult
3478 1512 3639 1565 illud?
3662 1512 3737 1567 De

2155 1601 2257 1654 illis
2288 1601 2523 1670 loquitur
2548 1602 2638 1671 qui
2678 1602 2728 1655 in
2771 1603 3005 1672 nequitia
3042 1603 3259 1658 omnino
3298 1618 3613 1673 permanere
3642 1604 3739 1658 de-

2153 1702 2456 1747 creverunt.
2482 1692 2601 1761 Ipse
2623 1708 2851 1762 namque
2883 1694 3002 1749 ideo
3032 1695 3208 1760 venit,
3234 1704 3291 1749 ut
3317 1696 3493 1763 priora
3523 1707 3735 1764 peccata

2153 1784 2486 1851 dimitteret,
2529 1794 2583 1839 et
2618 1785 2684 1839 ad
2726 1784 2901 1839 futura
2942 1786 3176 1841 cavenda
3215 1787 3571 1841 conﬁrmaret.
3602 1788 3734 1855 Quia

2154 1890 2282 1927 vero
2320 1874 2534 1944 quidam
2578 1884 2701 1929 sunt
2736 1875 2806 1930 ita
2844 1876 3033 1931 molles
3060 1885 3113 1931 et
3144 1876 3384 1932 dissoluti
3423 1877 3489 1932 ad
3525 1878 3736 1932 virtutis

2153 1967 2492 2021 sustinendos
2532 1968 2741 2023 labores
2765 2010 2778 2032 ,
2808 1978 2866 2021 ut
2899 1968 2963 2022 ad
2990 1978 3287 2024 extremum
3318 1983 3484 2039 usque
3515 1969 3732 2023 halitum

2152 2061 2317 2115 velint
2343 2061 2395 2114 in
2426 2061 2657 2128 peccatis
2678 2060 2982 2129 persistere,
3007 2071 3062 2116 et
3088 2077 3373 2131 numquam
3399 2062 3466 2116 ab
3494 2063 3594 2117 illis
3614 2063 3736 2116 abs-

2154 2153 2347 2205 cedere
2370 2193 2385 2215 ,
2417 2151 2536 2206 illos
2566 2151 2650 2205 hic
2682 2153 2949 2207 incessere
2976 2153 3204 2206 videtur.
3233 2152 3365 2220 Quia
3405 2154 3547 2207 cnim
3577 2154 3734 2208 Chri-

2152 2245 2464 2298 stianismus
2489 2260 2608 2300 cum
2640 2255 2782 2300 recta
2809 2246 3051 2300 doctrina
3079 2247 3299 2316 probam
3328 2248 3488 2301 vitam
3514 2249 3729 2319 expetit,

2152 2335 2217 2388 ad
2250 2349 2346 2388 nos
2373 2336 2559 2390 venire
2588 2335 2911 2403 formidant,
2950 2337 3156 2407 inquit,
3192 2339 3312 2409 quia
3357 2339 3543 2394 nolunt
3572 2341 3734 2393 vitam

2152 2437 2349 2480 rectam
2392 2426 2666 2481 exhibere.
2707 2427 2837 2482 Nam
2874 2443 2996 2483 eum
3033 2429 3122 2499 qui
3162 2429 3214 2484 in
3251 2430 3524 2500 gentilium
3550 2448 3737 2488 errore

2152 2515 2312 2569 vitam
2341 2516 2485 2571 ducit
2510 2533 2669 2572 nemo
2696 2518 3102 2589 reprehenderit
3126 2537 3140 2576 :
3165 2521 3254 2591 qui
3281 2521 3421 2575 enim
3451 2523 3579 2577 tales
3609 2525 3737 2579 colit

2151 2607 2283 2662 deos
2307 2650 2322 2675 ,
2362 2610 2527 2664 festos
2551 2608 2666 2665 dies
2696 2611 2916 2681 perinde
2953 2623 3137 2682 turpes
3164 2622 3219 2667 et
3255 2613 3508 2670 ridiculos
3532 2657 3547 2679 ,
3577 2627 3737 2684 atque

2152 2698 2223 2752 dii
2261 2698 2358 2769 ipsi
2389 2708 2544 2766 sunt,
2576 2700 2843 2764 celebrat,
2880 2716 2941 2756 ac
2970 2702 3126 2772 digna
3154 2702 3491 2773 dogmatibus
3520 2705 3735 2760 exhibet

2151 2808 2346 2861 opera;
2375 2793 2465 2864 qui
2496 2808 2621 2847 vero
2656 2794 2821 2848 Deum
2853 2794 3071 2861 colunt,
3104 2795 3145 2849 si
3186 2796 3419 2865 segniter
3446 2797 3661 2864 vivant,
3693 2812 3722 2853 ιι

2154 2885 2366 2940 nemine
2413 2899 2520 2938 non
2567 2885 3033 2954 reprehenduntur
3082 2895 3136 2941 et
3183 2897 3497 2942 accusantur
3529 2907 3543 2942 :
3575 2896 3735 2943 tanta:

2153 2972 2493 3029 admirationi
2544 2974 2704 3029 etiam
2752 2976 2892 3044 apud
2939 2976 3183 3031 inimicos
3226 2992 3353 3031 suos
3393 2988 3478 3032 est
3517 2978 3733 3034 veritas.

2154 3063 2288 3120 Vide
2325 3081 2453 3135 ergo
2492 3081 2649 3136 quam
2681 3074 2927 3121 accurate
2956 3066 3220 3137 loquatur.
3253 3067 3370 3123 Non
3398 3068 3537 3123 enim
3568 3069 3696 3125 dicit
3716 3111 3732 3135 ,

2151 3156 2241 3223 qui
2274 3171 2432 3225 prava
2463 3166 2733 3227 operatur,
2765 3172 2869 3211 non
2902 3158 3047 3211 venit
3072 3158 3137 3212 ad
3168 3158 3377 3225 lucem;
3408 3160 3522 3224 sed,
3550 3160 3649 3227 Qui
3682 3161 3735 3216 in

2150 3248 2305 3303 matis
2334 3257 2676 3318 perseverat;
2706 3248 2756 3303 id
2786 3259 2902 3316 est,
2931 3249 3030 3316 Qui
3068 3250 3177 3303 vult
3204 3265 3418 3320 semper
3447 3251 3498 3305 in
3533 3253 3734 3321 peccati

2150 3359 2307 3399 emno
2347 3343 2608 3407 volutari,
2650 3359 2754 3397 non
2794 3342 2908 3395 vult
2937 3357 2995 3397 se
3026 3342 3229 3410 legibus
3268 3345 3403 3399 meis
3432 3344 3734 3414 subjicere;

2151 3436 2244 3491 sed
2267 3444 2415 3491 extra
2446 3449 2665 3489 manens
2693 3434 2858 3489 libere
2887 3432 3200 3501 fornicatur,
3228 3445 3529 3505 eteteraque
3554 3438 3733 3492 omnia

2154 3528 2418 3596 prohibita
2458 3528 2786 3597 exsequitur.
2809 3527 2945 3605 _lluc
2973 3529 3113 3582 enim
3144 3542 3201 3582 se
3230 3528 3510 3584 conferens
3534 3572 3549 3597 ,
3581 3532 3733 3601 quasi

2150 3620 2235 3674 fur
2267 3622 2316 3674 in
2350 3620 2499 3683 luce,
2530 3619 2708 3673 statim
2739 3620 3055 3674 manifestus
3086 3619 3341 3673 redditur.
3378 3620 3606 3689 Ideoque
3634 3622 3733 3674 im-

2150 3713 2356 3787 perium
2387 3712 2515 3782 fugit
2543 3727 2739 3765 meum.
2770 3711 2931 3765 Certe
2965 3711 3159 3764 multos
3186 3711 3464 3779 gentilium
3492 3712 3732 3767 dicentes

2148 3807 2426 3867 audimus,
2460 3821 2519 3859 se
2545 3805 2665 3859 ideo
2694 3821 2797 3859 nou
2840 3819 2997 3875 posse
3022 3804 3088 3859 ad
3122 3806 3276 3859 fidem
3308 3816 3543 3860 nostram
3574 3823 3731 3862 acce-

2148 3897 2306 3961 dere,
2338 3896 2479 3964 quod
2520 3912 2621 3949 non
2662 3906 2879 3964 possent
2918 3895 2985 3949 ab
3023 3894 3313 3962 ebrietate,
3346 3896 3727 3966 fornicatione,

2147 3990 2461 4059 cmterisque
2487 3988 2792 4058 hujusmodi
2817 3988 2958 4043 vitiis
2983 3989 3272 4044 abstinere.
3299 3989 3434 4055 Quid
3460 3993 3621 4061 ergo?
3651 3994 3703 4046 in

2147 4082 2299 4149 quies
2340 4096 2353 4131 :
2396 4096 2573 4135 annon
2616 4089 2739 4135 sunt
2777 4080 3061 4135 Christiani
3104 4096 3210 4135 non
3252 4083 3488 4136 melioris
3528 4084 3726 4153 frugis,

2146 4187 2322 4226 annon
2352 4181 2405 4226 et
2430 4171 2656 4241 gentiles
2695 4171 3060 4242 philosophice
3094 4172 3369 4227 viventes?
3396 4172 3733 4228 Christianos

2146 4278 2265 4318 esse
2290 4264 2378 4333 qui
2408 4263 2546 4316 mala
2576 4270 2901 4332 perpetrent,
2934 4277 3033 4332 ego
3057 4278 3269 4333 quoque
3297 4264 3417 4317 novi
3444 4282 3456 4316 :
3484 4281 3606 4317 num
3636 4281 3730 4317 au-

2148 4364 2250 4408 tem
2295 4355 2518 4424 gentiles
2559 4354 2663 4408 sint
2708 4354 2796 4422 qui
2843 4353 3060 4422 probant
3088 4353 3284 4407 ducant
3313 4355 3509 4417 vitam,
3540 4355 3591 4409 id
3622 4371 3731 4408 non

2145 4445 2367 4515 perinde
2395 4456 2575 4498 notum
2607 4444 2756 4498 mihi.
2786 4443 2863 4499 Ne
2893 4444 3019 4497 mihi
3053 4445 3170 4498 illos
3196 4445 3416 4515 objieias
3436 4447 3523 4516 qui
3547 4462 3609 4499 ex
3635 4464 3730 4499 na-

2144 4547 2259 4592 tura
2283 4553 2376 4590 sua
2404 4536 2626 4591 modesti
2650 4535 2929 4605 ornatique
2951 4546 3075 4590 sunt
3103 4555 3115 4589 :
3141 4536 3243 4590 hoc
3262 4537 3403 4591 enim
3426 4539 3593 4591 virtus
3619 4554 3725 4594 non

2143 4640 2255 4692 est;
2289 4628 2382 4682 sed
2416 4627 2535 4681 illos
2565 4625 2756 4681 afferas
2776 4668 2791 4691 ,
2825 4628 2911 4696 qui
2941 4626 3216 4681 affectibus
3245 4628 3588 4682 vehementer
3615 4640 3723 4681 Ira—

2145 4721 2359 4782 buntur,
2383 4726 2437 4773 et
2459 4727 2633 4771 tamen
2658 4716 3117 4786 philosophantur.
3143 4718 3209 4771 At
3232 4728 3375 4772 certe
3397 4734 3501 4771 non
3528 4726 3725 4787 possis.

2142 4812 2271 4867 Nam
2300 4811 2343 4865 si
2370 4811 2515 4881 regni
2546 4809 2846 4879 promissio,
2872 4808 3131 4879 gehenna:
3159 4809 3521 4869 comminatio,
3548 4818 3602 4863 et
3619 4811 3723 4864 alia

2143 4902 2442 4971 lmjusmodi
2473 4902 2559 4955 vix
2586 4900 2832 4955 homines
2858 4902 2910 4954 in
2937 4899 3148 4953 virtutis
3169 4900 3426 4954 exercitio
3452 4901 3684 4955 retinent
3708 4918 3721 4955 ι

2142 4996 2297 5065 longe
2319 4994 2589 5047 difficilius
2617 4993 2758 5047 illam
2786 4991 3111 5047 exercebunt
3131 4991 3221 5061 qui
3246 4990 3369 5045 nihil
3400 5005 3583 5045 eorum
3605 5006 3722 5045 ere-

2139 5093 2290 5143 (lunt.
2323 5088 2472 5153 Quod
2509 5087 2551 5139 si
2583 5086 2797 5155 quidam
2834 5086 3080 5140 virtutem
3118 5085 3398 5147 simulent,
3447 5085 3497 5138 id
3537 5085 3722 5153 glorize

2138 5199 2296 5237 causa
2327 5181 2558 5246 faciunt;
2586 5181 2675 5249 qui
2701 5191 2879 5234 autem
2903 5194 3055 5232 vanae
3082 5178 3266 5248 gloria:
3284 5192 3442 5232 causa
3466 5178 3718 5231 virtutem

2137 5282 2413 5337 exercent,
2447 5272 2533 5327 ubi
2569 5273 2734 5327 latere
2765 5280 3034 5340 poterunt,
3063 5286 3167 5324 non
3195 5285 3226 5323 a
3256 5271 3432 5339 pravis
3460 5268 3722 5338 cupidita-

2138 5367 2276 5420 tibus
2317 5364 2675 5418 abstinebunt.
2723 5362 2915 5416 Verum
2957 5376 3026 5415 ue
3063 5360 3379 5416 eontentiosi
3420 5359 3716 5425 videamur,

2134 5459 2489 5514 concedamus
2529 5457 2666 5526 apud
2711 5456 2935 5526 gentiles
2980 5468 3100 5507 esse
3141 5453 3400 5521 quosdam
3444 5453 3531 5522 qui
3573 5461 3722 5507 recte

2133 5552 2312 5605 vivant
2354 5568 2365 5602 :
2409 5548 2538 5602 nihil
2585 5548 2725 5602 enim
2772 5545 2876 5600 hoc
2918 5544 3075 5599 dictis
3121 5546 3318 5599 nostris
3355 5542 3539 5599 officit.
3583 5542 3718 5598 Nam

2201 5730 2218 5762 ⁸
2256 5726 2438 5790 Morel.,
2464 5729 2690 5793 fugerunt
2712 5725 2859 5791 igitur
2881 5725 2947 5775 ad
2969 5721 3231 5787 petmeicm
3251 5735 3406 5774 sitam.
