4094 6370
355 312 454 369 165

352 428 487 498 quod
515 442 662 497 smpe
685 422 965 496 contingit,
992 441 1095 479 non
1119 424 1258 494 quod
1281 441 1404 479 raro
1422 424 1638 490 accidit,
1663 424 1747 478 hic
1775 422 1933 477 intel-

352 518 637 589 Iigeudum.

419 612 471 665 5.
510 611 645 666 Vide
670 611 831 665 etiam
859 626 968 680 quo
1012 620 1167 678 pacto
1204 609 1415 663 aliunde
1450 623 1661 679 quoque
1690 609 1795 663 illis
1819 624 1935 662 om-

353 720 471 759 nem
497 704 860 758 excusationis
882 702 1094 755 modum
1117 701 1340 761 auferat.
1363 716 1482 755 cum
1506 700 1652 765 dicit,
1683 700 1854 754 lucem
1880 700 1932 753 in

353 794 606 848 nnmdum
651 795 881 848 venisse.
927 793 1101 856 Num,
1144 795 1350 863 inquit,
1383 794 1526 847 illam
1566 794 1934 864 quzesicrunt‘.’

356 903 476 941 num
514 887 820 941 laborarunt
862 898 917 941 ut
951 890 1400 957 assequcrentur?
1428 887 1543 957 Ipsa
1581 888 1667 941 lux
1707 888 1773 941 ad
1814 889 1935 942 illos

354 981 497 1033 venit
520 1021 535 1045 ,
569 995 742 1049 neque
781 981 859 1034 sic
902 991 1077 1033 tamen
1122 990 1483 1035 accurrcrunt.
1516 980 1649 1046 Quia
1680 996 1809 1036 vero
1834 982 1934 1035 oh-

354 1072 574 1127 tendere
604 1083 859 1141 possunt,
888 1071 1220 1127 Christianos
1249 1088 1366 1127 esse
1392 1072 1649 1142 quosdam
1678 1073 1767 1143 qui
1797 1073 1935 1128 male

354 1166 562 1227 vivant,
596 1164 1069 1232 respondebimus,
1102 1164 1187 1218 hic
1226 1180 1330 1217 non
1357 1163 1440 1233 agi
1468 1164 1537 1218 de
1573 1163 1641 1219 iis
1668 1165 1757 1234 qui
1782 1163 1937 1219 Chri-

357 1254 511 1308 stiani
556 1256 664 1308 nati
706 1265 866 1321 sunt,
895 1257 1096 1325 quique
1123 1270 1151 1307 a
1183 1256 1472 1324 majoribus
1501 1258 1640 1327 piam
1682 1270 1935 1326 accepere

355 1344 664 1412 religionem
687 1362 700 1407 ;
726 1346 825 1399 etsi
851 1361 995 1414 sarpe
1017 1346 1090 1399 illi
1114 1360 1178 1399 ex
1207 1361 1368 1415 prava
1396 1347 1500 1400 vita
1524 1362 1553 1399 a
1576 1361 1698 1401 vera
1730 1345 1935 1400 doctri-

354 1452 419 1491 na
444 1436 656 1491 decussi
685 1437 899 1492 fuerint.
936 1437 1131 1493 Verum
1165 1455 1268 1492 non
1297 1440 1363 1494 de
1390 1439 1456 1493 iis
1483 1449 1612 1509 puto
1638 1455 1779 1495 nunc
1804 1455 1929 1495 ser-

356 1543 566 1583 monem
600 1529 821 1593 haberi,
853 1530 945 1585 sed
975 1531 1042 1585 de
1072 1532 1136 1585 iis
1163 1533 1440 1601 gentilium
1472 1533 1553 1587 vel
1583 1532 1894 1587 Judaeorum
1917 1574 1932 1597 ,

354 1622 437 1690 qui
459 1620 718 1675 deberent
739 1621 803 1675 ad
828 1633 1026 1677 rectam
1056 1623 1293 1677 converti
1319 1622 1498 1678 fidem.
1521 1623 1769 1678 Ostendit
1784 1625 1929 1678 enim

354 1711 619 1764 neminem
642 1726 826 1765 eorum
854 1712 943 1780 qui
975 1710 1025 1765 in
1049 1728 1233 1767 errore
1257 1714 1491 1783 degunt,
1514 1714 1651 1769 velle
1676 1715 1740 1767 ad
1770 1714 1931 1769 [idem

353 1801 638 1864 accedere,
665 1802 763 1855 nisi
788 1803 934 1871 prius
956 1812 1113 1857 recta:
1136 1805 1256 1859 vita:
1288 1821 1528 1858 normam
1560 1806 1660 1860 sibi
1694 1807 1935 1874 prmscri-

352 1894 546 1960 pserit;
576 1892 949 1963 neminemque
976 1896 1026 1947 in
1057 1895 1424 1949 incredulitate
1453 1912 1759 1950 mansurum
1780 1936 1794 1959 ,
1827 1896 1924 1950 nisi

353 1985 497 2053 prius
525 1983 827 2040 decreverit
857 1986 906 2038 in
942 1988 1200 2055 pravitate
1239 1989 1548 2057 persistere.
1581 1988 1657 2043 Ne
1688 1988 1818 2042 mihi
1851 1988 1934 2042 di-

353 2076 499 2129 xeris
523 2086 729 2129 castum
758 2076 904 2130 ilhun
929 2093 1075 2141 esse,
1108 2094 1207 2134 nec
1233 2079 1395 2134 furari
1420 2096 1434 2132 :
1464 2096 1567 2133 non
1594 2080 1737 2134 enim
1766 2082 1819 2133 in
1854 2080 1935 2134 his

351 2177 558 2221 tantum
604 2169 851 2222 consistit
890 2168 1080 2224 virtus.
1114 2169 1242 2236 Quae
1288 2171 1431 2224 enim
1477 2170 1710 2236 utilitas,
1744 2171 1789 2225 si
1822 2171 1937 2225 lucc

352 2260 569 2329 quidem
609 2260 894 2326 observet,
926 2261 1020 2316 sed
1061 2277 1211 2316 vana:
1237 2262 1422 2333 gloriae
1448 2262 1519 2316 sit
1560 2263 1818 2331 cupidus,
1852 2264 1934 2316 vel

350 2352 645 2405 amicorum
667 2351 831 2420 gratia
856 2352 907 2405 in
932 2367 1115 2406 errore
1143 2353 1394 2407 maneat?
1420 2352 1533 2408 Hoc
1552 2356 1694 2408 enim
1719 2370 1822 2408 non
1851 2364 1934 2409 est

351 2453 497 2498 recte
523 2444 728 2497 vivere.
756 2442 890 2498 Nam
926 2444 1112 2514 gloria:
1142 2459 1331 2499 servus
1361 2460 1469 2500 non
1508 2446 1685 2501 minus
1714 2457 1934 2515 peccat,

351 2544 509 2602 quam
538 2533 869 2603 fornicator;
896 2535 1002 2588 imo
1028 2535 1183 2605 longe
1210 2535 1357 2605 plura
1382 2544 1437 2592 et
1458 2520 1709 2606 graviora
1737 2536 1931 2592 admit-

353 2626 433 2677 tit.
454 2624 652 2678 Verum
677 2624 850 2680 indica
873 2625 1000 2679 mihi
1018 2627 1303 2697 quemdam
1320 2628 1460 2698 apud
1480 2629 1708 2698 gentiles
1729 2628 1797 2684 ab
1818 2644 1934 2683 om-

352 2716 510 2770 nibus
537 2717 682 2771 vitiis
732 2719 1070 2787 peccatisque
1112 2720 1358 2774 liberum.
1393 2720 1691 2790 Numquam
1739 2723 1937 2792 possis.

352 2806 483 2862 Nam
513 2810 601 2878 qui
635 2812 865 2864 maxime
887 2811 1029 2879 apud
1059 2811 1175 2865 illos
1200 2812 1507 2867 claruerunt
1526 2854 1541 2877 ,
1563 2812 1652 2883 qui
1697 2826 1750 2869 et
1782 2829 1940 2883 pecu-

352 2899 471 2953 nias
513 2907 570 2953 ct
612 2900 749 2969 gulae
797 2900 1015 2955 delicias
1062 2912 1532 2971 contempserunt,
1581 2913 1640 2957 ut
1684 2906 1869 2963 aiunt.
1901 2904 1937 2958 ii

353 2990 588 3045 maxime
618 2990 855 3044 omnium
897 2992 1081 3061 glorize
1124 2994 1460 3058 servierunt;
1495 2994 1636 3063 quod
1665 3008 1794 3048 sane
1819 3010 1938 3047 om-

358 3083 502 3134 nium
525 3091 607 3135 cst
629 3097 789 3136 causa
823 3083 1105 3136 malorum.
1129 3083 1217 3138 Sic
1232 3092 1286 3138 et
1306 3084 1472 3137 Judaei
1496 3084 1547 3138 in
1564 3084 1800 3154 nequitia
1819 3100 1941 3153 pcr-

353 3175 626 3227 stiterunt.
656 3174 834 3241 Quare
862 3174 980 3229 illos
1008 3189 1237 3245 arguens
1263 3175 1477 3230 dicebat
1503 3193 1515 3227 :
1549 3175 1815 3239 Quomodo
1840 3192 1939 3247 po-

355 3267 490 3319 testis
510 3266 735 3329 credere,
758 3268 844 3336 qui
862 3266 1078 3338 gloriam
1096 3268 1159 3321 ab
1181 3268 1465 3322 hominibus
1488 3270 1719 3336 accipitis
1740 3270 1758 3338 (
1776 3268 1935 3324 Joan.

354 3357 404 3410 5.
428 3358 572 3425 4i)?
602 3357 669 3411 Et
688 3373 783 3412 cur
803 3357 1116 3413 Nathanaeli
1140 3400 1153 3425 ,
1180 3362 1264 3414 cui
1289 3362 1564 3415 veritatem
1591 3362 1936 3430 prtedicabat,

304 3474 312 3479 -
354 3451 420 3505 de
450 3450 534 3503 his
582 3451 827 3518 loquutus
857 3465 960 3504 non
988 3459 1101 3515 est,
1137 3466 1237 3506 nec
1278 3451 1503 3522 longiori
1544 3465 1629 3508 est
1659 3469 1788 3511 usus
1819 3470 1940 3509 ser-

355 3545 552 3598 mone?
582 3543 715 3610 Quia
740 3544 783 3598 is
804 3560 909 3599 non
939 3560 1061 3599 cum
1083 3544 1176 3598 illo
1198 3545 1381 3600 studio
1405 3557 1645 3602 venerat.
1676 3547 1775 3602 llic
1792 3548 1937 3602 enim

355 3636 494 3691 istud
517 3638 620 3690 sibi
644 3637 940 3691 faciendum
965 3638 1354 3705 constituerat,
1386 3647 1437 3693 et
1458 3639 1600 3709 quod
1628 3641 1715 3696 alii
1738 3641 1937 3709 quieti,

358 3729 442 3783 hic
487 3729 769 3783 audienda:
812 3730 1072 3785 doctrinae
1120 3740 1331 3800 tempus
1376 3731 1638 3789 adhibuit.
1685 3733 1776 3787 ille
1808 3748 1938 3787 vero

355 3822 461 3875 alio
498 3822 761 3877 suadente
801 3824 1026 3878 accessit
1057 3841 1070 3877 :
1105 3839 1204 3878 nec
1245 3833 1420 3878 tamen
1462 3825 1611 3879 illum
1643 3825 1935 3893 praeteriit;

357 3914 528 3981 ipsum
551 3914 693 3967 enim
720 3914 795 3967 sic
818 3914 1136 3983 alloquitur:
1162 3914 1357 3967 Amodo
1378 3915 1605 3971 videbitis
1623 3916 1772 3968 cwlos
1791 3931 1940 3984 aper-

355 4014 429 4056 tos
448 4045 463 4058 .
489 4014 535 4056 et
575 4002 784 4073 angelos
811 4004 904 4057 Dei
934 4005 1253 4057 ascendentes
1281 4015 1330 4057 et
1355 4005 1709 4059 descendentes
1743 4003 1934 4075 (Joan.

356 4098 409 4149 L
439 4097 499 4150 5|
525 4096 565 4165 ).
598 4096 734 4149 lluic
756 4104 933 4148 autem
958 4096 1090 4148 nihil
1115 4095 1306 4148 horum
1333 4096 1506 4159 dixit;
1536 4095 1628 4148 sed
1660 4095 1727 4149 de
1759 4096 1929 4149 incar-

354 4188 575 4241 natione
602 4200 653 4241 et
683 4186 750 4240 de
789 4188 893 4239 vita
935 4196 1133 4241 aeterna
1167 4188 1338 4255 ipsum
1365 4188 1654 4255 alloquitur
1675 4229 1689 4252 ,
1722 4186 1938 4241 diverso

354 4279 517 4333 modo
544 4279 769 4347 singulis
800 4293 894 4346 pro
918 4278 1109 4333 aﬂ’ectu
1140 4280 1398 4349 cujusque
1426 4280 1670 4348 loquens.
1706 4280 1784 4335 Illi
1812 4281 1934 4351 qui-

355 4371 477 4424 dem
496 4410 513 4435 ,
536 4370 659 4440 quia
686 4369 969 4439 prophetas
994 4370 1224 4425 callebat
1242 4410 1258 4430 .
1291 4385 1464 4438 neque
1496 4371 1566 4423 ita
1593 4371 1773 4439 segnis
1798 4380 1934 4433 erat,

357 4461 471 4516 hzec
498 4460 769 4515 audivisse
813 4461 946 4515 satis
988 4468 1144 4515 erat:
1195 4461 1317 4515 huic
1346 4476 1508 4527 vero,
1555 4461 1677 4530 quia
1707 4461 1934 4529 quadam

356 4553 531 4607 adhuc
572 4551 858 4606 formidine
886 4551 1224 4605 detinebatur
1244 4592 1260 4617 ,
1294 4566 1398 4604 non
1431 4559 1598 4603 totum
1640 4550 1818 4603 statim
1847 4566 1935 4604 re-

1311 306 1379 365 ΙΝ
1412 304 1724 364 ,ΙΟᾹΝΝΕΜ
1766 304 1994 362 IIOMIL.
2036 302 2230 360 XXIX.
2270 304 2339 361 al.
2384 303 2620 361 XXVI".

3522 307 3623 368 186

2042 423 2274 489 velavit;
2306 423 2399 479 sed
2432 434 2667 480 mentem
2696 425 2813 495 ejus
2841 425 3134 494 excitavit,
3177 434 3225 481 il.
3254 439 3395 483 metu
3422 440 3621 486 metum

2039 516 2378 579 excluderet,
2409 533 2530 572 cum
2560 518 2697 572 dixit
2726 534 2848 573 eum
2875 520 2965 588 qui
3008 535 3114 574 non
3141 520 3427 588 crederet,
3465 523 3617 589 judi-

2040 610 2188 675 cari,
2232 618 2288 664 et
2316 625 2420 664 non
2452 610 2674 665 credere
2701 625 2729 663 a
2763 627 2920 679 prava
2973 613 3406 683 concupiscentia
3463 616 3625 684 profl-

2040 701 2192 755 cisci.
2223 700 2356 768 Quia
2385 702 2525 755 enim
2578 701 2850 755 hominum
2880 702 3104 772 gloriam
3150 704 3326 773 magni
3357 704 3621 771 faciebat,

2039 801 2094 846 et
2130 791 2297 860 pluris
2339 807 2497 862 quam
2542 792 2858 861 supplicium
2892 794 3087 865 (Multi
3124 796 3297 862 enim,
3330 796 3531 867 inquit,
3561 814 3626 853 ea:

2042 884 2353 954 principibus
2392 884 2714 939 crediderunt
2751 885 2806 939 in
2850 902 2999 953 eum,
3039 887 3128 939 sed
3166 897 3373 957 propter
3411 888 3626 945 Juda'os

2040 993 2141 1030 non
2166 975 2533 1046 conﬁtebantur
2559 976 2745 1048 (Joan.
2771 979 2824 1034 5.
2847 979 2918 1032 44
2937 979 2955 1049 )
2977 1018 2990 1042 ,
3020 978 3145 1033 hinc
3171 980 3320 1035 illum
3348 983 3622 1051 perstrin-

2039 1068 2148 1136 git,
2180 1068 2549 1138 ostenditque,
2580 1084 2687 1123 non
2729 1083 2884 1139 posse
2912 1084 3033 1124 eum
3074 1072 3163 1142 qui
3195 1071 3246 1125 in
3279 1088 3338 1128 se
3366 1088 3473 1128 non
3501 1090 3626 1130 cre-

2039 1157 2224 1223 deret,
2252 1160 2352 1213 alia
2393 1160 2462 1215 de
2488 1175 2649 1215 causa
2689 1176 2797 1215 non
2844 1162 3100 1227 credere,
3143 1180 3302 1234 quam
3342 1166 3485 1237 quod
3515 1168 3623 1223 vita

2040 1250 2279 1321 impurus
2310 1262 2471 1308 esset.
2508 1254 2571 1307 Et
2602 1255 2651 1306 in
2692 1255 3041 1324 sequentibus
3071 1258 3183 1312 ait:
3218 1255 3328 1329 Ego
3355 1276 3466 1313 sunt
3493 1258 3621 1327 lux,-

2042 1342 2128 1397 hic
2152 1352 2328 1397 autem
2358 1343 2465 1405 ait,
2503 1343 2649 1398 Venit
2690 1344 2779 1399 lux
2807 1346 2858 1399 in
2903 1347 3146 1400 mundum
3175 1346 3366 1417 (Joan.
3395 1350 3450 1405 8.
3492 1351 3560 1405 12
3578 1350 3622 1422 ).

2041 1433 2096 1487 lu
2126 1435 2387 1503 principio
2413 1436 2555 1489 enim
2582 1436 2884 1504 obscurius,
2913 1436 3110 1493 deinde
3138 1440 3337 1496 clarius
3365 1442 3628 1512 loqueba-

2044 1536 2149 1581 tur.
2180 1529 2429 1583 Attamen
2458 1530 2618 1583 homo
2664 1530 2752 1585 ille
2782 1530 3134 1587 multitudinis
3165 1532 3303 1588 fama
3350 1534 3629 1590 detineba-

2043 1629 2157 1685 tur;
2176 1630 2499 1689 quapropter
2522 1636 2627 1674 non
2653 1635 2715 1675 ea
2729 1637 2830 1691 qua
2849 1638 2947 1691 par
2962 1633 3076 1677 erat
3092 1624 3339 1680 utebatur
3357 1626 3624 1683 libertate.

2121 1711 2266 1765 Vana
2318 1712 2482 1783 gloria
2529 1712 2812 1785 fugienda;
2848 1715 3046 1769 virtutis
3092 1719 3315 1788 fructum
3364 1720 3515 1774 tollit.
3552 1750 3625 1760 —-

2043 1800 2329 1873 Fugiamus
2375 1818 2503 1873 ergo
2552 1805 2764 1859 inanem
2809 1806 3069 1875 gloriam;
3121 1807 3222 1863 hoc
3267 1809 3408 1863 enim
3454 1811 3628 1865 vitio-

2041 1910 2157 1949 rum
2194 1894 2430 1948 omnium
2482 1894 3006 1950 vehementissimum
3061 1907 3162 1952 est.
3213 1898 3344 1953 Hinc
3395 1902 3621 1955 avaritia

2042 1994 2096 2039 ct
2117 2000 2268 2039 amor
2291 1986 2632 2053 pecuniarum
2661 1988 2925 2053 oriuntur,
2952 1987 3078 2041 hinc
3103 1988 3221 2043 odia
3248 2030 3264 2055 ,
3297 1989 3455 2052 bella,
3482 1993 3623 2045 lites.

2042 2076 2172 2131 Nam
2204 2077 2292 2146 qui
2341 2077 2489 2147 plura
2519 2078 2871 2146 concupiscit,
2903 2092 3166 2148 nusquam
3198 2080 3493 2135 consistere
3524 2097 3623 2151 po-

2043 2169 2187 2223 terit.
2217 2168 2364 2223 Nulla
2400 2178 2576 2223 autem
2607 2169 2709 2223 alia
2739 2169 2806 2225 de
2834 2186 2995 2227 causa
3025 2181 3217 2227 caetera
3255 2181 3398 2228 amat
3417 2215 3432 2237 ,
3462 2190 3623 2243 quam

2042 2259 2182 2328 quod
2211 2275 2399 2312 vanam
2427 2260 2649 2330 gloriam
2672 2270 2836 2315 amet.
2860 2261 2971 2316 Cur
2996 2264 3139 2316 enim
3161 2305 3175 2328 ,
3207 2278 3389 2332 quzcso
3411 2304 3426 2329 ,
3454 2279 3624 2320 eunu-

2043 2350 2269 2405 chorum
2307 2366 2527 2420 agmen,
2571 2367 2789 2421 gregem
2837 2368 3115 2407 servorum
3138 2394 3152 2417 ,
3183 2369 3280 2408 cur
3310 2365 3514 2409 tantum
3545 2357 3625 2411 fa-

2043 2449 2182 2494 stum
2215 2440 2365 2493 mnlti
2402 2439 2697 2495 exhibent?
2719 2440 2837 2495 Non
2860 2441 2962 2496 alia
2989 2457 3147 2496 causa
3171 2484 3185 2508 ,
3216 2444 3317 2497 nisi
3346 2454 3403 2497 ut
3433 2446 3627 2501 inultos

2044 2534 2279 2588 habeant
2320 2535 2689 2604 inopportuna:
2737 2534 3148 2605 magnificentiae
3189 2543 3373 2591 testes.
3404 2536 3459 2591 Si
3491 2537 3628 2593 hanc

2043 2641 2170 2696 ergo
2192 2626 2575 2689 rescindamus,
2598 2641 2719 2681 cum
2739 2626 2911 2697 capite
2931 2626 3090 2680 etiam
3109 2627 3349 2681 membra
3371 2629 3623 2697 nequitia:

2043 2716 2330 2783 tollemus,
2389 2717 2627 2786 nihilque
2681 2716 3029 2787 prohibebit,
3085 2718 3374 2786 quominus
3428 2727 3627 2774 terram

2043 2811 2193 2878 quasi
2223 2812 2410 2866 caelum
2457 2810 2769 2864 incolamus.
2824 2809 3009 2879 Neque
3049 2810 3191 2863 enim
3223 2809 3290 2863 ad
3331 2811 3623 2880 nequitiam

2047 2911 2249 2957 tantum
2274 2916 2408 2973 quos
2437 2902 2577 2972 capit
2620 2900 2879 2971 impellit,
2910 2900 3005 2955 sed
3029 2910 3085 2955 et
3110 2900 3291 2954 virtuti
3319 2915 3381 2955 se
3405 2901 3628 2957 subdolo

2044 2993 2333 3059 admiscet;
2364 3004 2560 3047 etcum
2590 3008 2617 3045 a
2646 2993 2841 3045 virtute
2866 3006 2965 3045 nos
2991 2990 3248 3045 decutere
3274 3004 3380 3044 non
3412 3000 3621 3059 potest,

2045 3086 2098 3141 in
2136 3087 2249 3157 ipsa
2281 3086 2366 3139 illa
2394 3085 2592 3138 virtute
2637 3099 2887 3153 magnum
2927 3083 3306 3138 detrimentum
3336 3084 3587 3152 importat
3611 3123 3628 3149 ,

2044 3178 2170 3235 dum
2192 3178 2405 3232 labores
2431 3176 2662 3231 tolerare
2684 3177 2857 3246 cogit,
2880 3186 2934 3228 et
2956 3175 3199 3229 laborum
3228 3175 3404 3228 fructu
3435 3174 3626 3242 privat.

2044 3269 2175 3324 Nam
2204 3270 2294 3339 qui
2325 3268 2390 3323 ad
2419 3282 2610 3321 vanam
2642 3266 2865 3336 gloriam
2911 3266 3129 3334 respicit
3148 3308 3161 3330 .
3193 3268 3306 3324 sive
3329 3264 3590 3339 jejunium
3612 3308 3627 3333 ,

2044 3362 2159 3415 sive
2183 3362 2500 3426 orationem,
2531 3358 2646 3413 sive
2670 3357 3067 3429 eleemosyuam
3096 3369 3378 3424 exerceat,
3406 3375 3623 3415 omnem

2044 3453 2242 3507 amittit
2266 3451 2590 3507 mercedem.
2622 3451 2738 3517 Quo
2764 3450 2960 3505 damno
2985 3450 3108 3520 quid
3132 3451 3493 3506 miserabilius
3515 3452 3629 3508 fne-

2045 3544 2153 3597 rit?
2181 3542 2395 3612 quando
2423 3558 2616 3612 nempe
2643 3542 2763 3611 quis
2791 3557 2849 3595 se
2875 3540 3071 3595 frustra
3104 3553 3379 3609 macerat,
3424 3544 3627 3600 ridicu-

2045 3635 2232 3703 lusque
2252 3633 2449 3696 evadit,
2474 3643 2529 3687 et
2548 3648 2578 3686 a
2595 3646 2823 3701 superna
2851 3632 3019 3700 gloria
3042 3633 3263 3686 excidit.
3285 3632 3469 3703 Neque
3485 3635 3628 3688 enim

2044 3732 2221 3795 potest
2248 3723 2337 3793 qui
2389 3734 2668 3792 utramque
2697 3721 3003 3787 desiderat,
3036 3732 3319 3793 utramque
3348 3726 3626 3795 consequi.

2044 3816 2333 3871 Possumus
2362 3823 2538 3868 tamen
2569 3823 2849 3882 utramque
2880 3815 3139 3883 consequi
3163 3856 3178 3878 ,
3209 3816 3255 3869 si
3287 3829 3392 3868 non
3422 3825 3631 3870 utram-

2044 3922 2148 3975 que
2179 3906 2402 3975 gloriam
2446 3906 2890 3973 concupiscamus
2910 3945 2925 3969 ,
2956 3905 3049 3959 Sed
3082 3907 3348 3960 caelestem
3382 3916 3628 3973 tantum;

2043 3999 2133 4067 qui
2167 4013 2294 4051 vero
2325 4008 2604 4065 utramque
2628 4009 2808 4063 amat,
2837 4012 2941 4049 non
2970 4005 3250 4066 utramque
3276 3998 3501 4067 adipisci
3528 4012 3630 4067 po-

2046 4098 2167 4144 test.
2196 4089 2553 4156 Quamobrem
2583 4089 2628 4143 si
2660 4089 2886 4143 velimus
2919 4090 3143 4159 gloriam
3172 4089 3433 4161 adipisci,
3463 4091 3633 4161 fugia-

2046 4198 2162 4236 mus
2193 4182 2479 4235 humanam
2511 4183 2772 4252 gloriam,
2801 4191 2856 4236 et
2882 4198 3002 4237 eam
3044 4199 3163 4253 quae
3188 4201 3217 4237 a
3245 4185 3364 4240 solo
3403 4185 3516 4241 Deo
3546 4197 3630 4241 est

2043 4273 2448 4339 desideremus;
2480 4284 2534 4327 et
2574 4274 2652 4327 sic
2681 4281 2903 4343 utraque
2949 4274 3233 4342 potiemur.
3268 4275 3477 4331 Utinam
3504 4291 3635 4332 vero

2045 4364 2145 4419 hac
2165 4364 2425 4430 fruamur,
2448 4364 2619 4433 gratia
2641 4372 2698 4418 et
2718 4363 3043 4433 benignitate
3071 4366 3278 4419 Domini
3312 4368 3478 4421 nostri
3499 4368 3630 4423 Jesu

2043 4458 2239 4512 Christi
2267 4500 2282 4524 ,
2315 4473 2409 4527 per
2436 4474 2593 4527 quem
2624 4468 2680 4512 et
2709 4473 2829 4512 cum
2873 4473 2981 4527 quo
3029 4458 3172 4513 Patri
3216 4459 3383 4528 gloria
3416 4474 3633 4530 unaque

2044 4557 2229 4604 Sancto
2254 4549 2476 4618 Spiritui
2500 4590 2515 4614 ,
2548 4550 2600 4602 in
2629 4550 2822 4602 sarcula
2850 4550 3195 4603 saeculorum.
3223 4551 3417 4604 Amen.

1666 4760 2014 4824 HOMILIA
2056 4760 2301 4821 XXIX.

359 4909 444 4962 22.
498 4908 646 4963 Venit
683 4919 848 4961 autem
893 4909 943 4960 in
973 4908 1209 4960 Judwam
1240 4918 1423 4958 terram
1454 4906 1563 4971 ipse
1612 4916 1656 4957 et
1700 4903 1940 4973 discipuli

477 5003 609 5072 ejus,
636 5011 682 5053 et
704 4999 809 5054 illic
836 5002 1187 5053 demorabatur
1210 5015 1321 5052 cum
1348 5000 1437 5061 eis,
1462 5010 1505 5050 et
1526 4997 1832 5065 baptizabat.

431 5094 482 5147 1.
516 5091 668 5145 Nihil
700 5092 906 5145 ueritate
944 5091 1148 5155 clarius,
1192 5090 1319 5143 nihil
1362 5089 1625 5142 mendacio
1664 5089 1936 5156 inﬁrmius.

362 5182 462 5238 Cur
487 5184 720 5240 Christus
740 5200 840 5236 non
869 5183 1158 5250 baptizavit,
1190 5183 1277 5236 sed
1300 5181 1556 5250 discipuli.
1584 5210 1655 5222 --
1681 5181 1818 5233 Nihil
1848 5197 1940 5233 ve-

364 5279 513 5332 ritate
539 5277 761 5340 clarius,
799 5276 933 5330 nihil
973 5276 1180 5337 fortius,
1228 5283 1284 5328 ut
1321 5274 1600 5329 mendacio
1630 5273 1756 5328 nihil
1788 5273 1939 5326 infir-

363 5370 516 5434 mius.
549 5368 761 5423 etiamsi
794 5367 1088 5423 innumeris
1129 5381 1189 5421 se
1226 5375 1368 5436 tegat
1406 5366 1773 5436 operimentis.
1809 5365 1938 5419 Nam

363 5463 508 5516 facile
537 5460 979 5529 deprehenditur,
1011 5468 1063 5513 et
1101 5457 1253 5513 facile
1277 5456 1486 5512 difﬂuit.
1517 5456 1730 5512 Veritas
1749 5465 1937 5510 contra

364 5554 500 5609 nuda
533 5561 741 5623 prostat
782 5552 1049 5615 omnibus,
1093 5551 1181 5619 qui
1227 5552 1411 5605 volunt
1447 5551 1563 5617 ejus
1592 5549 1940 5619 pulchritudi-

365 5663 479 5702 nem
511 5646 737 5709 intueri;
769 5660 875 5700 non
916 5646 1028 5699 vult
1072 5645 1257 5709 latere,
1312 5658 1413 5697 non
1444 5643 1734 5710 periculum
1765 5642 1914 5695 timet

367 5755 465 5795 oon
494 5738 737 5804 insidias,
769 5754 874 5794 non
915 5737 1139 5809 gloriam
1183 5735 1535 5791 multitudinis
1572 5735 1759 5802 ambit,
1809 5731 1942 5790 nulli

2057 4903 2405 4957 lmmanarum
2442 4918 2618 4956 rerum
2655 4902 2933 4971 subjacet;
2959 4902 3053 4957 sed
3084 4904 3334 4958 omnibus
3366 4906 3637 4973 superior,

2051 4995 2243 5048 multas
2268 4994 2467 5063 excipit
2503 4994 2738 5061 insidias,
2771 5006 2951 5051 manet
2983 5004 3159 5051 autem
3187 4997 3403 5063 invicta,
3431 5012 3641 5067 eosque

2049 5089 2137 5155 qui
2165 5086 2230 5139 ad
2257 5100 2316 5141 se
2339 5086 2667 5154 confugiunt,
2711 5087 2857 5155 quasi
2899 5086 3164 5141 tutissimo
3207 5103 3363 5144 muro
3398 5087 3641 5142 munitos

2050 5186 2248 5242 servat,
2280 5176 2441 5247 idque
2469 5193 2535 5231 ex
2580 5178 2830 5246 potentia:
2876 5193 2987 5233 sua:
3012 5178 3412 5247 magnitudine;
3439 5188 3495 5233 et
3535 5193 3632 5232 oc-

2051 5272 2222 5324 cultos
2250 5270 2476 5325 iusultus
2502 5273 2712 5335 evertit,
2742 5285 2836 5325 sua
2861 5286 2987 5326 vero
3016 5272 3190 5341 palam
3219 5272 3469 5326 omnibus
3506 5287 3635 5339 pro-

2050 5364 2204 5434 ponit
2228 5381 2241 5415 :
2271 5362 2413 5429 quod
2434 5371 2488 5415 et
2515 5362 2756 5418 Christus
2776 5363 2949 5417 Pilato
2970 5363 3053 5418 his
3076 5364 3254 5417 verbis
3274 5362 3592 5433 significavit
3615 5378 3637 5417 :

2054 5455 2165 5527 Ego
2194 5455 2363 5524 palam
2393 5454 2625 5525 loquutus
2650 5472 2761 5508 sum
2786 5456 2994 5518 mundo,
3026 5464 3073 5507 et
3100 5456 3153 5507 in
3179 5455 3371 5507 occulto
3398 5455 3642 5523 loquutus

2051 5566 2164 5603 sum
2192 5547 2321 5603 nihil
2350 5547 2529 5618 (Joan.
2568 5549 2655 5604 l8.
2685 5546 2799 5618 20).
2830 5547 2982 5615 Quod
3021 5557 3143 5601 tunc
3168 5546 3301 5601 dixit
3322 5546 3496 5608 Jesus.
3530 5546 3633 5601 hoc

2055 5657 2198 5695 nunc
2227 5641 2371 5696 fecit.
2415 5640 2541 5694 Post
2572 5642 2699 5707 hazc,
2732 5641 2921 5711 inquit,
2954 5641 3085 5694 venit
3112 5640 3162 5693 in
3188 5639 3426 5694 Judteam
3447 5649 3637 5693 terram

2051 5736 2159 5803 ipse
2186 5744 2230 5788 et
2261 5733 2492 5806 discipuli
2521 5735 2650 5805 ejus,
2681 5742 2726 5787 et
2755 5734 2860 5787 illic
2876 5732 3254 5805 demorabatur,
3268 5743 3313 5789 et
3331 5729 3637 5795 baptizabat
