4094 6370
380 296 478 353 ι67

379 412 434 466 In
460 410 885 467 solemnitatibus
915 410 966 464 in
1005 410 1272 464 civitatem
1312 408 1654 471 ascendebat,
1684 417 1741 460 ut
1765 407 1817 461 in
1848 421 1961 459 me-

378 504 469 557 dio
507 504 803 559 doctrinam
843 502 948 557 illis
992 512 1336 571 proponeret,
1384 511 1547 571 utque
1589 516 1653 554 ex
1695 499 1963 553 miraculis

381 596 662 649 utilitatem
712 603 985 663 caperent.
1030 593 1263 647 Peractis
1290 602 1464 646 autem
1491 591 1677 645 diebm
1715 590 1883 649 festis.
1911 589 1963 641 in

381 686 669 741 Jordanem
708 700 850 753 saepe
889 686 1166 749 veniebat,
1208 687 1329 751 qnia
1364 684 1455 738 illo
1495 683 1644 737 multi
1678 696 1968 735 concurre-

387 781 529 834 bant.
560 778 649 833 Illa
675 780 815 831 enim
846 794 965 847 qua:
994 779 1161 847 magis
1185 777 1657 843 frequentabantur
1683 776 1795 829 loca
1828 790 1969 825 scm-

387 885 481 937 per
509 868 752 936 petebat:
802 884 905 921 non
934 867 1306 921 ostentationis
1343 882 1498 919 causa
1529 865 1610 919 vel
1641 863 1963 924 ambitionis,

386 962 478 1015 δραι
514 968 569 1012 nt
597 959 831 1027 plttribns
865 958 1157 1024 prodesset.
1187 958 1343 1026 Atqui
1375 957 1475 1011 sub
1503 957 1616 1009 hmc
1652 955 1779 1010 dicit
1808 972 1970 1009 evan-

385 1054 591 1119 gelista,
627 1067 728 1103 non
755 1050 934 1104 Je~um
969 1050 1009 1114 ί,
1039 1050 1130 1104 sed
1159 1050 1446 1117 discipulos
1490 1048 1607 1117 ejus
1634 1048 1966 1116 baptizasse;

389 1146 528 1197 unde
559 1142 729 1211 palam
763 1153 844 1195 est
890 1142 991 1196 hoc
1018 1141 1176 1207 etiam
1211 1142 1261 1194 in
1295 1140 1413 1194 loco
1445 1141 1513 1193 ita
1548 1138 1790 1207 intelligi.
1830 1140 1971 1205 ipsos

391 1251 581 1305 nempe
608 1237 751 1290 solos
778 1235 1147 1303 baptizavisse.
1183 1235 1246 1287 Et
1274 1249 1389 1297 cur,
1420 1233 1647 1300 inquies,
1673 1247 1776 1284 non
1806 1230 1974 1297 bapti-

390 1329 580 1384 zabat?
604 1328 720 1383 Jam
748 1327 892 1395 prius
915 1326 1128 1381 dixerat
1155 1327 1387 1380 .Ionnnes
1413 1346 1426 1378 :
1450 1323 1569 1393 Ipse
1595 1340 1679 1377 vos
1701 1322 1975 1393 baptizabit

388 1424 439 1476 iu
469 1422 667 1492 Spiritu
697 1430 868 1474 sancto
890 1430 936 1473 et
963 1419 1088 1488 igni.
1114 1418 1369 1488 Spiritum
1396 1433 1522 1470 vero
1546 1415 1779 1469 nondum
1811 1414 1974 1468 dede-

393 1525 490 1568 rat.
520 1513 648 1568 Jure
677 1528 805 1582 ergo
835 1528 939 1565 non
969 1510 1302 1579 baptizabat;
1349 1509 1441 1564 sed
1473 1508 1715 1576 discipuli
1749 1514 1973 1569 tantum,

392 1604 531 1675 quod
566 1604 763 1658 Vellent
787 1602 1046 1671 plurimos
1070 1601 1134 1655 ad
1166 1602 1450 1654 salutarem
1488 1599 1785 1653 doctrinam
1816 1608 1980 1650 attra-

395 1696 541 1748 here.
573 1693 639 1747 Et
662 1708 845 1762 quare,
870 1691 1144 1760 discipulis
1163 1690 1289 1745 Jesu
1312 1690 1721 1760 baptizaotihus,
1745 1688 1978 1742 Joannes

394 1784 665 1853 baptizare
692 1799 797 1839 non
819 1783 1043 1845 destitit,
1068 1782 1239 1836 donec
1266 1783 1318 1835 in
1344 1798 1615 1837 carcerem
1641 1778 1978 1835 traderetur?

398 1875 528 1931 Nam
560 1890 679 1929 cum
708 1874 923 1938 dicitur,
969 1871 1093 1925 Erat
1132 1872 1356 1925 Joannes
1401 1872 1658 1937 baptizans
1692 1872 1744 1923 in
1769 1867 1979 1933 1Enon;

397 1967 769 2035 adjiciturque,
807 1963 897 2019 24.
939 1962 1181 2016 Nondum
1220 1965 1402 2016 missus
1436 1967 1597 2031 fuerat
1627 1962 1677 2014 in
1708 1977 1978 2022 carcerem,

396 2057 659 2126 significat
709 2056 890 2124 utique
942 2054 1087 2107 illum
1135 2069 1240 2107 non
1288 2052 1542 2106 hactenus
1582 2050 1869 2105 destitisse.
1918 2048 1983 2102 Et

396 2165 491 2202 cur
516 2148 581 2203 ad
610 2146 737 2201 illud
770 2161 935 2211 usque
964 2154 1173 2212 tempus
1200 2144 1527 2212 baptizavit?
1555 2158 1674 2195 nam
1710 2141 1979 2210 digniores

398 2240 523 2294 Jesu
551 2240 838 2307 discipulos
860 2238 1208 2301 declarasset,
1238 2236 1279 2289 si
1314 2237 1413 2288 illis
1446 2234 1838 2303 incipientibus,
1870 2234 1983 2299 ipse

399 2334 712 2388 destitisset.
753 2330 861 2386 Cur
894 2346 1023 2399 ergo
1054 2328 1390 2398 baptizabat?
1432 2326 1508 2381 Ne
1546 2325 1834 2393 discipulus
1858 2337 1984 2375 suos

400 2426 452 2479 in
482 2425 736 2492 majorem
759 2422 1005 2476 invidiam
1027 2432 1080 2474 et
1100 2419 1496 2474 contentionem
1520 2416 1825 2485 conjiceret.
1852 2414 1983 2468 Nam

401 2518 446 2571 si
491 2531 635 2584 stupe
678 2513 978 2579 clamando,
1033 2513 1334 2582 primasque
1363 2509 1575 2563 Christo
1617 2505 1981 2569 concedendo,

401 2622 627 2677 Seseqttu
654 2606 914 2660 minorem
960 2602 1297 2673 prmdicando
1341 2617 1444 2653 non
1498 2598 1757 2668 persuasit
1801 2596 1902 2650 illis
1931 2603 1986 2647 ut

404 2698 470 2752 ad
500 2714 620 2752 eum
652 2696 968 2752 accederent
999 2713 1011 2747 :
1047 2694 1091 2749 si
1136 2695 1236 2747 hoc
1283 2693 1445 2747 etiam
1486 2690 1788 2758 adjecissct,
1832 2688 1987 2758 longe

402 2789 843 2843 contentiosiores
891 2786 1011 2840 iilos
1050 2785 1391 2839 reddidisset.
1426 2783 1548 2836 Ideo
1576 2781 1823 2836 Christus
1862 2792 1987 2834 tunc

402 2880 634 2933 maxime
659 2878 948 2947 praedicare
972 2876 1154 2944 coepit,
1181 2891 1301 2928 cum
1342 2873 1408 2927 de
1437 2873 1612 2927 medio
1639 2873 1877 2926 sublatus
1905 2880 1989 2925 est

403 2971 657 3025 Jt-annes.
688 2969 822 3023 Puto
842 2977 1020 3023 autem
1050 2968 1169 3021 ideo
1198 2967 1354 3020 citius
1374 2965 1630 3019 Joannem
1662 2974 1833 3018 murte
1860 2963 1988 3019 sub-

407 3063 569 3116 latum
613 3062 790 3124 fuisse,
834 3072 895 3115 ut
924 3062 1085 3114 totius
1134 3058 1486 3112 multitudinis
1526 3057 1688 3110 animi
1734 3056 1801 3110 ad
1836 3054 1990 3111 Chri-

332 3148 333 3151 “
406 3164 547 3207 stum
587 3160 1076 3215 converterentur,
1129 3166 1300 3219 neque
1345 3149 1570 3219 amplius
1616 3149 1757 3202 circa
1804 3147 1990 3201 ambos

409 3246 797 3301 scinderentur.
834 3246 1095 3299 Praeterea
1125 3241 1251 3297 dmn
1282 3242 1581 3311 baptizabat
1604 3241 1858 3303 Joannes,
1885 3255 1989 3292 non

410 3339 567 3390 linem
595 3336 819 3389 faciebat
843 3333 1095 3390 monendi
1127 3344 1180 3387 et
1226 3348 1412 3404 magna
1438 3334 1505 3386 de
1534 3332 1659 3388 Jesn
1694 3331 1989 3401 prmdicano

408 3427 459 3479 di
510 3426 820 3494 Baptizabat
849 3441 977 3480 vero
1005 3434 1206 3479 tantum
1243 3425 1293 3478 in
1320 3440 1442 3478 eum
1473 3425 1560 3494 qui
1603 3433 1722 3493 post
1762 3438 1821 3477 se
1862 3439 1991 3477 ven-

411 3527 561 3571 turus
583 3526 723 3582 erat,
752 3525 808 3569 ut
834 3518 885 3569 in
914 3531 1034 3570 eum
1079 3515 1376 3569 crederent.
1406 3516 1503 3581 Qui
1536 3515 1693 3583 igitur
1720 3513 1821 3567 hoc
1848 3528 1990 3582 pra:-

409 3608 639 3673 tlieahat,
683 3607 951 3676 quomodo
987 3607 1366 3675 discipulorum
1403 3605 1596 3661 Christi
1630 3606 1989 3674 praestantiam

411 3700 849 3763 demonstrasset,
896 3700 942 3754 si
980 3715 1008 3753 a
1054 3701 1371 3771 baptismate
1407 3698 1736 3754 destitisset?
1786 3698 1915 3752 Nam
1963 3713 1993 3751 e

410 3792 679 3845 contrario
703 3793 876 3845 visum
903 3790 1109 3857 fuisset,
1140 3791 1310 3860 ipsum
1339 3806 1403 3845 ex
1432 3790 1624 3844 invidia
1650 3790 1731 3844 vel
1775 3790 1850 3843 ira
1878 3803 1995 3843 ces-

412 3898 533 3937 sare
566 3901 581 3938 :
627 3883 960 3952 persistendo
998 3894 1197 3949 autem,
1243 3884 1357 3955 haec
1402 3882 1630 3937 firmiora
1668 3882 1989 3937 declarabat.

413 3976 527 4030 Non
559 3977 699 4029 enim
726 3976 826 4030 sibi
856 3977 1079 4042 gloriam
1114 3976 1477 4045 comparabat,
1507 3975 1600 4029 sed
1631 3975 1901 4028 auditores
1928 3973 1991 4026 ad

411 4068 680 4122 Christum
709 4069 969 4133 mittebat,
999 4083 1097 4122 nec
1127 4070 1300 4121 minus
1325 4083 1485 4137 quam
1513 4067 1756 4136 discipuli
1787 4066 1851 4120 ad
1875 4082 1990 4119 eam

418 4177 527 4215 rem
558 4160 873 4231 pnestahat;
908 4161 1014 4213 imo
1045 4161 1159 4228 plus
1190 4176 1347 4229 quam
1381 4157 1475 4213 illi.
1509 4158 1641 4214 Nam
1670 4167 1869 4228 quanto
1900 4157 1999 4210 nti-

417 4268 516 4305 nns
536 4261 841 4321 suspectum
877 4262 994 4307 erat
1033 4252 1149 4321 ejus
1187 4252 1572 4313 testimonium,
1606 4260 1753 4305 tanto
1795 4249 1997 4319 majore

414 4359 573 4410 quam
606 4344 702 4411 ipsi
732 4342 869 4397 fama
900 4342 1108 4397 valebat
1135 4343 1272 4410 apud
1299 4358 1506 4396 manes.
1534 4342 1644 4396 l'loc
1673 4342 1995 4411 evangelista

416 4432 756 4487 subindicans
787 4434 997 4487 dicebat
1030 4450 1042 4485 :
1078 4432 1295 4485 Exibunt
1339 4444 1384 4485 et
1428 4432 1810 4500 baptizabantur
1851 4432 1913 4483 ab
1940 4447 1998 4484 eo

417 4528 577 4577 omnis
614 4524 800 4577 Judaza
833 4534 879 4578 et
914 4524 1052 4595 regio
1092 4525 1227 4576 circa
1273 4522 1554 4577 Iordanem
1581 4522 1790 4593 (Matth.
1833 4525 1886 4577 5.
1916 4523 1997 4589 5).

420 4617 697 4685 Iliscipttlis
727 4617 1134 4684 haptizantibus,
1184 4632 1286 4669 non
1318 4618 1597 4670 ceSSahant
1636 4616 1783 4668 multi
1810 4616 1873 4667 ad
1902 4614 1998 4669 Jo-

418 4723 610 4759 annem
643 4722 939 4761 accnrerre.
961 4706 1112 4773 Quod
1134 4707 1178 4761 si
1197 4708 1313 4775 quis
1342 4717 1704 4775 percontetur,
1734 4706 1856 4775 quid
1881 4707 1999 4775 plus

422 4799 666 4853 habuerit
693 4798 1100 4866 discipulorum,
1133 4814 1289 4869 quam
1334 4798 1558 4855 Jozmnis
1588 4800 1848 4868 baptisma
1869 4800 1892 4852 ?
1912 4799 1996 4852 di-

416 4906 619 4953 cemus,
650 4890 801 4943 nihil.
828 4889 959 4944 Nam
992 4901 1274 4961 utrumque
1302 4891 1560 4959 baptisma
1577 4890 1806 4959 Spiritus
1827 4891 1997 4960 gratia

425 4998 644 5036 vacuum
675 4990 807 5045 erat,
838 4992 889 5036 et
918 4998 1018 5035 una
1047 4983 1322 5051 utriusque
1352 4982 1650 5051 baptizandi
1678 4997 1835 5036 causa
1860 4992 1997 5049 erat,

423 5085 477 5127 ut
504 5077 793 5143 baptizatos
818 5074 883 5127 ad
912 5072 1180 5130 Christum
1211 5075 1597 5143 pertraherent.
1626 5074 1703 5129 Ne
1731 5075 1873 5129 enim
1897 5075 2001 5129 cir-

422 5177 822 5222 cumcursantes
854 5168 1165 5237 colligerent
1194 5184 1287 5222 eos
1330 5169 1419 5237 qui
1448 5168 1698 5222 credituri
1729 5176 1902 5233 erant,
1942 5178 2002 5223 ut

424 5265 691 5317 Simonem
723 5261 905 5326 frater,
932 5262 1310 5317 Natbanaelem
1342 5261 1613 5331 Philippus
1643 5261 1996 5326 adduxerunt,

425 5354 692 5421 baptizare
739 5354 1154 5417 constituerunt,
1217 5362 1272 5406 ut
1326 5366 1419 5421 per
1456 5352 1773 5420 baptismum
1816 5367 2000 5407 omnes

487 5508 517 5569 ¹ν
540 5505 594 5554 In
617 5502 787 5569 libello
807 5508 1130 5569 Quzestionum
1157 5510 1213 5556 in
1227 5514 1476 5563 Joannem,
1504 5506 1659 5569 inquit
1699 5506 1915 5569 Saviltus,
1937 5509 2001 5558 ita

426 5566 604 5636 legitur
628 5569 704 5636 hic
727 5567 862 5636 locus
885 5567 1107 5636 pluribus
1128 5570 1294 5636 verbis
1319 5576 1331 5615 τ
1361 5566 1583 5636 quamuis
1601 5566 1999 5636 evangelista/lic

424 5628 553 5676 (tu-ot
570 5627 631 5676 de
641 5628 828 5692 Christo
852 5665 868 5689 ,
886 5627 1021 5692 quod
1039 5629 1303 5692 baptizaret
1322 5663 1336 5686 ,
1362 5630 1450 5678 hoc
1473 5629 1608 5692 dicit,
1640 5627 2000 5692 npu'christum

416 5700 508 5755 uer
552 5701 601 5737 se
644 5687 888 5749 baptizare
907 5687 1226 5755 signiﬁcans.
1255 5692 1339 5755 sed
1363 5691 1588 5755 magistro
1611 5687 1823 5739 tribuens
1851 5692 1999 5744 disci-

411 5748 643 5813 pularum
662 5748 851 5803 manus.
877 5748 1281 5805 Etetiitn'sublttec
1306 5749 1421 5803 dicit
1440 5748 1537 5802 ium
1559 5760 1719 5803 Jesum
1739 5788 1753 5815 ,
1781 5762 1875 5804 etc.

1184 293 1244 350 S.
1271 293 1547 350 JOANNIS
1583 289 2058 349 CllRYSOSTOMl
2097 286 2411 344 ARCIIIEP.
2452 285 2982 343 CONS'I‘AN'HNOP.

3552 283 3651 339 168

2077 403 2191 456 sine
2205 402 2388 456 labore
2407 402 2795 469 pertraherent,
2816 411 2871 456 et
2886 404 3071 455 futura:
3085 400 3208 454 fidei
3229 401 3366 453 viam
3382 410 3649 469 pararent.

2069 492 2219 561 Quod
2249 503 2426 547 autem
2456 493 2571 548 haec
2596 494 2910 563 baptismata
2942 494 3168 547 alterum
3194 493 3361 547 altero
3381 491 3512 545 nihil
3537 491 3655 559 plus

2076 586 2331 638 haberent
2356 585 2630 655 sequentia
2663 585 2919 639 indicant.
2945 584 3201 652 Quaenam
3222 582 3349 637 illa?
3374 583 3463 637 25.
3488 580 3655 636 Facta

2072 688 2165 741 est,
2201 676 2385 746 inquit,
2428 677 2639 739 qttwstio
2686 693 2747 730 ea:
2785 676 3047 745 discipulis
3072 675 3290 729 Joannis
3327 691 3441 728 cum
3464 672 3653 727 Judteo

2075 769 2138 821 de
2183 769 2554 838 puriﬁcatione.
2598 767 2904 823 lnvidebant
2944 768 3137 838 quippe
3175 782 3385 835 semper
3411 765 3655 833 discipuli

2076 861 2295 916 Joannis
2332 860 2527 916 ChriSti
2564 862 2855 933 discipulis,
2885 862 2992 915 imo
3022 862 3117 931 ipsi
3145 859 3396 924 Christo;
3445 868 3499 913 et
3535 873 3655 911 cum

2079 953 2320 1007 viderent
2367 953 2486 1007 illos
2519 954 2806 1019 baptizare.
2841 968 2933 1007 eos
2965 953 3051 1021 qui
3096 952 3493 1020 baptizabantur
3521 950 3657 1002 allo-

2078 1044 2165 1112 qui
2198 1054 2495 1112 cmperunt,
2523 1044 2671 1114 quasi
2702 1044 2962 1111 baptisma
3008 1058 3158 1096 suum
3185 1041 3311 1109 quid
3338 1042 3455 1110 plus
3490 1040 3656 1093 babe-

2081 1147 2183 1201 ret,
2216 1152 2372 1206 quam
2420 1138 2678 1206 baptisma
2728 1135 3108 1205 discipulorum
3142 1135 3338 1190 Christi
3366 1153 3380 1190 :
3411 1143 3566 1203 atque
3592 1149 3659 1187 es

2081 1225 2359 1290 baptizatis
2409 1226 2642 1296 aliquem
2681 1226 2874 1293 adorti,
2910 1226 2959 1280 id
3008 1227 3083 1281 illi
3125 1225 3445 1296 persuadere
3485 1226 3659 1279 conati

2081 1328 2226 1382 Sttnt,
2256 1333 2352 1371 nec
2375 1326 2676 1385 potuerunt.
2707 1318 2857 1382 Quod
2896 1327 3072 1372 autem
3113 1318 3207 1381 illi,
3236 1333 3339 1369 non
3368 1326 3540 1369 autem
3562 1314 3656 1368 Ju-

2082 1406 2232 1462 darus
2278 1408 2385 1472 ille,
2428 1409 2776 1476 quatstionem
2824 1416 3119 1472 moverint,
3162 1408 3283 1461 audi
3311 1407 3581 1476 quomodo
3612 1406 3662 1460 id

2083 1501 2404 1571 evangelista
2431 1502 2748 1558 subindicet.
2779 1501 2895 1556 Non
2927 1502 3069 1557 enim
3099 1501 3251 1565 dixit,
3281 1500 3520 1555 Judtrum
3560 1499 3660 1552 ali-

2084 1609 2241 1661 quem
2271 1594 2337 1646 ab
2368 1594 2472 1649 illis
2516 1595 2845 1663 quazsivisse,
2877 1594 2971 1648 sed
3020 1607 3084 1647 ex
3124 1592 3346 1647 Joannis
3390 1592 3665 1659 discipulis

2085 1684 2431 1752 qmustionem
2456 1694 2650 1738 motam
2679 1684 2843 1739 fuisse
2871 1699 2991 1739 cum
3020 1683 3203 1739 Judan
3223 1682 3449 1751 quodam
3478 1682 3543 1736 de
3565 1698 3664 1751 pu-

2087 1774 2401 1828 riiicatione.

2157 1865 2211 1918 2.
2253 1865 2571 1920 Consideres
2605 1874 2781 1920 autem
2814 1867 2971 1921 velim
3004 1865 3344 1935 evangelista:
3372 1864 3660 1918 lenitatem.

2089 1955 2201 2009 Non
2230 1957 2370 2009 enim
2415 1958 2463 2009 in
2495 1957 2778 2012 adversum
2822 1957 3087 2010 invehitur
3109 1997 3124 2023 ,
3157 1956 3251 2010 sed
3297 1971 3391 2025 pro
3420 1954 3668 2009 facultate

2088 2052 2295 2118 culpam
2338 2051 2561 2114 minuit,
2608 2052 3066 2120 quzestionemque
3105 2050 3267 2104 fuisse
3306 2048 3668 2102 tantummodo

2088 2142 2237 2197 dicit.
2265 2142 2395 2196 Nam
2425 2144 2562 2212 quod
2590 2160 2651 2197 ex
2683 2144 2882 2197 invidia
2912 2144 2985 2197 illi
3016 2143 3216 2213 loquuti
3240 2142 3368 2210 sint,
3393 2142 3668 2212 sequentia

2090 2235 2343 2301 indicant,
2368 2252 2484 2305 quze
2510 2238 2667 2291 etiam
2698 2237 2786 2291 ille
2812 2236 3083 2291 moderate
3110 2238 3338 2291 narravit
3363 2253 3378 2301 ;
3409 2253 3529 2291 nam
3556 2238 3667 2292 ait:

2088 2325 2178 2379 26.
2212 2324 2465 2380 Venerunt
2485 2327 2553 2379 ad
2572 2327 2822 2381 Joannem
2841 2336 2888 2380 et
2908 2329 3136 2381 dixerunt
3157 2329 3239 2381 ei:
3261 2327 3440 2388 Rabbi,
3459 2331 3546 2398 qui
3565 2338 3672 2382 erat

2092 2426 2251 2469 tecum
2279 2427 2418 2469 trans
2440 2415 2721 2470 Jordanem
2741 2458 2756 2483 ,
2785 2418 2865 2471 cui
2893 2429 2946 2470 tu
2975 2419 3310 2471 testimonium
3337 2418 3628 2488 perhibuisti
3651 2458 3668 2483 ,

2092 2525 2203 2562 ecce
2244 2509 2326 2563 hic
2357 2509 2611 2578 baptizat,
2647 2519 2691 2562 et
2737 2527 2909 2564 omnes
2947 2512 3147 2563 veniunt
3186 2509 3255 2563 ad
3294 2527 3441 2570 eum;
3472 2511 3521 2564 id
3552 2518 3668 2574 est,

2092 2602 2258 2669 Quem
2305 2612 2358 2654 ttt
2403 2602 2711 2670 baptizasti;
2744 2617 2865 2656 nam
2905 2601 3032 2655 illud
3057 2643 3073 2668 ,
3116 2602 3210 2656 Cui
3248 2610 3301 2654 tu
3337 2603 3672 2656 testimonium

2094 2693 2406 2760 perhibuisti,
2438 2693 2539 2747 hoc
2569 2693 2800 2759 indicat,
2834 2708 2897 2748 ac
2924 2693 2967 2747 si
2993 2693 3252 2759 dicerent,
3278 2693 3446 2761 Quem
3471 2694 3669 2748 clarmn

2093 2798 2146 2839 et
2165 2788 2507 2856 conspicuum
2530 2786 2775 2853 effecisti,
2800 2788 2913 2843 lucc
2934 2805 3050 2857 qua:
3079 2799 3130 2841 tn
3159 2787 3287 2842 facis
3307 2788 3467 2844 audet
3488 2804 3674 2858 aggre-

2094 2880 2168 2931 di.
2215 2878 2326 2931 Non
2370 2878 2651 2945 dixerunt,
2683 2880 2851 2947 Quem
2895 2890 2945 2932 tu
2991 2880 3268 2948 baptizasti
3302 2897 3314 2931 :
3344 2895 3465 2933 nam
3504 2880 3672 2934 coacti

2096 2970 2317 3023 fuissent
2333 2986 2515 3025 vocem
2541 2971 2682 3024 illam
2705 2987 2986 3039 supernam
3007 2986 3447 3037 eomntetnorare,
3466 2987 3673 3026 necnon

2094 3063 2323 3130 Spiritus
2350 3063 2518 3115 sancti
2545 3062 2858 3117 descensmn
2887 3082 2899 3115 :
2924 3062 3016 3116 Sed
3045 3062 3169 3132 qttid
3200 3046 3417 3117 dicunt?
3449 3063 3544 3127 Qui
3569 3073 3677 3117 erat

2096 3162 2257 3205 tecum
2282 3164 2422 3206 trans
2449 3152 2725 3206 Iordanem
2745 3195 2758 3217 ,
2787 3154 2867 3206 cui
2895 3164 2947 3206 tu
2979 3154 3317 3225 testimonium
3342 3154 3633 3223 perhibuisti
3656 3168 3676 3206 :

2097 3244 2148 3297 id
2179 3254 2280 3306 est,
2309 3244 2408 3309 Qui
2434 3245 2484 3297 in
2511 3244 2886 3314 discipulorum
2914 3244 3102 3299 ordine
3125 3256 3259 3308 erat,
3284 3246 3371 3313 qui
3397 3245 3524 3297 nihil
3560 3246 3678 3312 plus

2099 3335 2326 3390 habebat
2351 3353 2510 3406 quam
2543 3352 2673 3402 nos,
2710 3338 2755 3389 is
2784 3353 2843 3390 se
2872 3336 2967 3390 abs
2997 3347 3047 3390 te
3074 3352 3356 3406 segregans
3376 3377 3391 3401 ,
3427 3336 3675 3404 baptizul.

2098 3428 2213 3482 Non
2245 3429 2345 3483 hoc
2373 3440 2548 3483 autem
2577 3431 2746 3482 solum
2776 3428 2935 3482 modo
2964 3428 3214 3497 putabant
3240 3443 3299 3482 se
3329 3429 3474 3481 illum
3501 3429 3679 3481 conci-

2101 3530 2214 3575 tare
2238 3536 2409 3591 posse,
2432 3520 2523 3575 sed
2546 3520 2686 3590 quod
2706 3519 2863 3574 etiam
2884 3520 3098 3588 suajam
3122 3519 3297 3571 minus
3314 3518 3453 3571 clara
3475 3527 3527 3571 et
3544 3533 3668 3571 con-

2101 3613 2283 3680 Spicua
2313 3612 2488 3666 forent
2516 3630 2528 3665 :
2563 3611 2749 3665 Omnes
2774 3611 2905 3665 enim
2928 3612 3127 3663 veniunt
3158 3610 3225 3662 ad
3252 3627 3382 3673 eum,
3414 3610 3676 3679 inquiunt.

2105 3702 2255 3757 Unde
2283 3704 2451 3772 palam
2484 3688 2566 3757 est.
2593 3717 2686 3757 eos
2718 3718 2815 3757 nec
2842 3701 3104 3759 Judaeum.
3137 3701 3348 3771 quicum
3378 3701 3683 3769 disputave-

2100 3807 2222 3850 rant
2244 3836 2259 3858 ,
2292 3795 2356 3850 ad
2388 3810 2535 3849 suam
2567 3796 2883 3849 sententiam
2920 3794 3223 3847 adduxisse.
3256 3794 3379 3847 llaec
3410 3808 3568 3862 porro
3592 3794 3679 3847 di-

2100 3890 2326 3954 cebant,
2353 3888 2493 3958 quod
2519 3887 2691 3941 adhuc
2720 3886 3158 3953 imperfectiores,
3192 3901 3287 3940 nec
3318 3902 3533 3955 prorsus
3563 3903 3681 3940 am-

2102 3980 2302 4034 bitione
2346 3982 2494 4033 vacui
2536 3987 2734 4033 essent.
2780 3978 2915 4046 Quid
2956 3994 3080 4048 ergo
3111 3978 3379 4032 Joannes?
3420 3978 3527 4031 Nec
3568 3980 3682 4049 ipse

2104 4075 2225 4128 illos
2251 4074 2598 4128 vehementer
2624 4073 2817 4141 arguit,
2846 4087 2912 4125 ne
2938 4086 2997 4125 se
3030 4072 3212 4125 relicto
3241 4070 3383 4124 aliud
3411 4071 3681 4140 quidpiam

2102 4165 2230 4220 mali
2258 4165 2703 4234 aggrederentur;
2738 4162 2829 4217 sed
2858 4162 2982 4232 quid
3014 4162 3182 4215 dicit?
3209 4161 3297 4216 27.
3333 4160 3495 4214 Nemo
3524 4171 3683 4230 potest

2103 4260 2330 4328 accipere
2365 4258 2658 4328 quidquam,
2692 4256 2790 4309 nisi
2818 4255 2969 4321 fuerit
2996 4256 3039 4308 ei
3067 4260 3236 4308 datum
3265 4255 3326 4308 de
3354 4256 3500 4309 caelo.
3529 4256 3679 4319 Quod

2104 4353 2147 4405 si
2179 4350 2428 4405 humilius
2456 4350 2701 4419 loquatur
2723 4349 2790 4403 de
2816 4347 3058 4412 Christo,
3090 4362 3155 4401 ne
3182 4347 3421 4411 mireris;
3452 4361 3555 4399 non
3587 4362 3686 4414 po-

2107 4452 2245 4497 terat
2288 4443 2377 4497 tali
2406 4440 2595 4495 affectu
2628 4449 3026 4509 prreoccupatos
3056 4439 3232 4491 statim
3263 4439 3438 4491 omnia
3469 4437 3682 4491 docere.

2104 4534 2207 4589 Sed
2244 4534 2356 4586 vult
2388 4532 2601 4587 interim
2645 4531 2763 4584 illos
2803 4539 3007 4585 terrere
3030 4570 3047 4597 ,
3091 4530 3323 4598 ipsisque
3361 4529 3642 4583 ostendere
3667 4572 3683 4594 ,

2107 4624 2252 4693 ipsos
2284 4638 2387 4676 non
2431 4622 2521 4676 alii
2561 4636 2716 4691 quam
2762 4620 2871 4675 Deo
2916 4621 3012 4689 ipsi
3048 4620 3336 4683 adversari,
3376 4620 3499 4673 dum
3540 4620 3685 4673 illum

2106 4715 2508 4784 impugnarent;
2555 4712 2694 4783 quod
2743 4713 2912 4781 ipsum
2958 4712 3167 4766 dieebat
3212 4710 3469 4767 Gamaliel
3512 4729 3525 4764 :
3566 4710 3688 4764 Non

2107 4807 2332 4876 poteritis
2372 4806 2641 4859 dissolvere
2680 4804 2810 4857 illud
2835 4846 2849 4872 ,
2880 4804 3144 4874 nequando
3182 4814 3230 4858 et
3265 4804 3371 4856 Deo
3405 4819 3690 4874 repugnare

2107 4898 2431 4968 reperiamini
2454 4898 2470 4928 ¹
2499 4898 2637 4964 (Act.
2668 4898 2720 4950 5.
2750 4897 2862 4965 59).
2898 4895 3006 4949 Hoc
3031 4906 3083 4949 et
3109 4895 3220 4963 ipse
3246 4896 3569 4949 subobscure
3594 4894 3691 4947 ad-

2107 4991 2281 5044 struit.
2323 4988 2456 5044 Cum
2497 4989 2638 5042 enim
2678 4987 2842 5052 dicit,
2885 4985 3051 5040 Nemo
3091 4997 3248 5056 porest
3286 4987 3549 5053 accipere,
3591 4985 3689 5037 nisi

2106 5082 2255 5153 fuerit
2294 5083 2337 5136 ei
2384 5082 2559 5135 datum
2598 5081 2661 5135 de
2687 5081 2846 5143 cwlo;
2878 5079 3006 5133 nihil
3028 5080 3166 5132 aliud
3199 5078 3458 5149 significat
3483 5120 3499 5143 ,
3527 5092 3686 5147 quam

2108 5174 2253 5241 ipsos
2290 5171 2637 5242 impossibilia
2667 5171 2879 5241 aggredi
2907 5213 2920 5234 ,
2956 5171 3183 5239 hincque
3215 5169 3324 5223 Deo
3351 5168 3690 5223 adversarios

2108 5264 2457 5333 deprehendi.
2479 5263 2613 5331 Quid
2642 5265 2836 5333 igitur?
2868 5262 3113 5316 Tlteudas
3139 5276 3315 5316 nonne
3342 5278 3371 5314 a
3397 5262 3572 5329 seipse
3597 5278 3687 5314 ac-

2107 5354 2359 5424 ceperat?
2403 5358 2696 5422 Acceperat
2738 5354 2986 5422 quidem,
3034 5353 3125 5407 sed
3174 5353 3352 5405 statim
3394 5361 3690 5420 prostratus

2111 5447 2265 5516 periit
2295 5463 2306 5497 :
2335 5461 2420 5500 res
2466 5456 2643 5498 autem
2686 5445 2882 5499 Christi
2924 5461 3026 5497 non
3072 5446 3169 5497 sic.
3222 5444 3353 5496 llinc
3399 5456 3491 5494 eos
3528 5444 3688 5494 etiam

2108 5537 2311 5592 sensim
2360 5536 2702 5602 consolatur,
2750 5536 3037 5589 ostendens
3085 5550 3186 5586 non
3238 5533 3547 5598 hominem,
3595 5532 3688 5584 sed

2109 5633 2275 5686 Deum
2315 5645 2436 5685 csse
2462 5630 2550 5701 qui
2582 5629 2725 5698 ipsos
2753 5628 2918 5698 gloria
2956 5636 3252 5697 superaret.
3286 5630 3617 5694 Quapmpter
3642 5622 3686 5677 si

2175 5757 2192 5786 ⁸
2227 5756 2394 5807 Morel.
2419 5754 2561 5819 legit,
2585 5769 2903 5818 revertamur,
2930 5770 3034 5820 pro,
3049 5752 3374 5817 reperuanini.
