4094 6370
342 352 439 406 167

338 470 515 522 δαιάν
538 467 656 537 γῆν
683 470 869 538 αὐτὸς
909 473 1091 529 καίοι
1124 475 1383 545 μαθηταὶ
1427 475 1637 539 αὐτοῦ,
1660 474 1759 529 καὶ
1798 471 1923 527 ἐκεῖ

336 553 608 620 διέτριϐε,
651 556 747 609 καὶ
794 556 1122 618 ἐϐάπτιζεν.
1170 560 1258 613 Ἔν
1285 561 1384 631 μέν
1416 560 1525 632 γὰρ
1562 564 1679 624 ταῖς
1705 560 1923 629 ἑορταῖς

338 637 414 699 εί,
436 637 535 707 τὴν
571 638 729 692 πόλιν
756 641 931 713 ἀνῄει,
968 643 1109 696 ὥστε
1143 645 1200 697 ἐν
1231 645 1416 710 μέσοις
1439 646 1622 708 αὐτοῖς
1671 642 1925 716 προτιθέ-

339 738 425 773 ναι
451 722 519 773 τά
546 721 813 793 δόγματα,
860 727 954 779 καὶ
995 727 1094 797 τὴν
1137 727 1246 780 ἀπὸ
1276 727 1386 781 τῶν
1438 728 1734 799 θαυμάτων
1788 725 1927 795 ὠφέ-

339 803 487 858 λειαν
513 822 527 835 ο
567 807 706 875 μετά
739 809 795 863 δὲ
828 810 889 863 :6
914 811 1141 882 λυθῆναι
1166 812 1263 875 τὰς
1298 813 1510 882 ἑορτὰς,
1538 813 1629 864 ἐπὶ
1662 811 1755 864 τὸν
1788 812 1925 881 Ἰορ-

338 888 503 959 δάνην
533 890 795 956 πολλάκις
842 895 1060 965 ἤρχετο,
1103 897 1290 968 ἐπειδὴ
1332 898 1427 950 καὶ
1472 895 1709 949 ἐνταῦθα
1741 894 1927 947 πολλοὶ

342 974 683 1044 συνέτρεχον.
713 977 852 1041 Τοὺς
875 979 931 1031 δὲ
965 980 1394 1050 πολυοχλοῦντας
1418 981 1504 1033 ἀεὶ
1544 978 1926 1050 κατελάμϐανε

339 1057 562 1123 τόπους,
619 1060 720 1113 οὐκ
768 1064 1213 1133 ἐπιδεικνύμενος
1268 1065 1391 1119 οὐδὲ
1445 1064 1923 1134 φιλοτιμούμενος,

339 1143 476 1197 ἀλλὰ
522 1143 733 1199 πλείοσι
772 1146 874 1217 τὴν
922 1151 1048 1219 παρ’
1096 1149 1291 1203 ἐαυτοῦ
1345 1149 1604 1221 παρέχειν
1658 1148 1927 1216 ὠφέλειαν

340 1227 675 1292 σπουδάζων.
718 1230 910 1284 Καίτοι
948 1232 1154 1302 προϊών
1201 1245 1406 1303 φησινο
1434 1235 1463 1286 6
1494 1232 1924 1302 Εὑαγγελιστὴς,

338 1311 421 1363 ὅτι
457 1311 667 1380 Ἰησοῦς
701 1314 800 1366 οὐκ
829 1315 1140 1381 ἐϐάπτιζεν,
1177 1316 1293 1371 ἀλλ’
1325 1318 1375 1370 οἱ
1431 1316 1673 1388 μαθηταὶ
1720 1316 1887 1371 αὑτοῦ
1908 1332 1923 1348 ⁸

336 1394 461 1447 ὅθεν
491 1395 671 1465 δῆλον,
708 1397 788 1450 ὅτι
828 1398 921 1451 καὶ
967 1399 1201 1453 ἐνταῦθα
1244 1400 1406 1454 τοῦτο
1453 1400 1621 1469 λέγει,
1653 1402 1737 1454 6::
1770 1400 1926 1454 αὐτοὶ

339 1478 635 1544 ἐϐάπτιζον
685 1481 857 1551 μόνοι.
892 1483 1000 1537 Καὶ
1024 1483 1169 1549 τίνος
1204 1484 1413 1549 ἕνεκεν,
1448 1484 1634 1554 φησὶν,
1671 1485 1770 1537 οὐκ
1798 1484 1926 1538 ἐϐά-

339 1562 571 1629 πτιζενς
613 1564 906 1635 Προλαϐὼν
944 1566 1198 1638 Ἰωάννης
1232 1564 1406 1633 εἶπεν,
1443 1569 1525 1621 ὅτι
1558 1567 1753 1633 Αὐτὸς
1767 1566 1925 1636 ὑμᾶς

332 1647 626 1710 βαπτίσει
656 1649 727 1701 ἐν
756 1650 1055 1719 ΙΙνεύματι
1079 1652 1245 1720 ἁγίῳ,
1271 1652 1372 1705 καὶ
1410 1651 1556 1718 πυρί
1571 1668 1582 1679 ·
1614 1651 1840 1722 Πνεῦμα
1868 1650 1925 1703 δὲ

339 1728 492 1782 οὔπω
514 1726 583 1801 ἦν
611 1731 880 1796 δεδωκώς.
918 1733 1153 1797 Είκὸτως
1173 1730 1266 1787 οὖν
1292 1735 1392 1788 ούκ
1418 1734 1713 1797 ἐϐάπτιζεν
1738 1750 1752 1764 ⁸
1786 1735 1835 1787 οἱ
1869 1733 1925 1787 δὲ

344 1814 585 1883 μαθηταὶ
614 1815 773 1869 τοῦτο
803 1815 1092 1888 ἔπραττον,
1123 1818 1435 1889 βουλόμενοι
1486 1819 1715 1882 πολλοὺς
1755 1836 1927 1890 προσ-

339 1897 494 1963 άγειν
531 1902 598 1969 τῇ
634 1898 968 1971 σωτηριώδει
996 1901 1335 1972 διδασκαλίᾳ.
1371 1903 1479 1955 Καὶ
1499 1901 1552 1954 τί
1573 1902 1794 1972 δήποτε,
1816 1901 1926 1954 τῶν

342 1982 602 2054 μαθητῶν
659 1982 754 2037 τοῦ
827 1983 1001 2055 Ἰησοῦ
1051 1985 1443 2055 βαπτιζόντων,
1491 1987 1592 2039 οὐκ
1645 1985 1925 2040 ἐπαύσατο

352 2067 608 2138 Ἰωάννης
648 2067 807 2121 τοῦτο
861 2068 1052 2134 ποιῶν,
1098 2068 1233 2122 ἀλλά
1284 2070 1561 2140 μεμένηκε
1605 2070 1699 2123 καί⁵
1757 2068 1924 2131 αὐτὸς

340 2148 639 2217 βαπτίζων,
693 2152 787 2203 καὶ
827 2152 991 2222 μέχρι
1050 2151 1151 2221 τῆς
1181 2153 1261 2213 είς
1300 2152 1361 2204 :6
1404 2151 1778 2222 δεσμωτήριον
1820 2153 1926 2203 εἰσ-

339 2234 563 2303 αγωγῆς
608 2232 767 2287 τοῦτο
805 2234 1074 2305 ἐπραττε;
1115 2235 1187 2288 Τὸ
1220 2236 1331 2306 γάρ
1360 2237 1552 2299 εἰπεῖν,
1574 2232 1684 2291 Ἦν
1722 2236 1791 2289 δὲ
1823 2235 1923 2289 καὶ

353 2318 637 2385 Ἰωάννης
652 2318 957 2383 βαπτίζων
981 2320 1051 2373 ἐν
1072 2319 1267 2374 Αὶνών
1283 2338 1294 2350 ·
1317 2320 1469 2392 [165]
1488 2324 1581 2373 καὶ
1596 2323 1920 2390 ἐπαγαγεῖν,

341 2404 525 2455 Οῡπω
547 2402 661 2471 γὰρ
684 2399 763 2473 ἦν
788 2403 1169 2472 βεϐλημένος
1206 2405 1290 2470 εὶς
1329 2403 1444 2471 τὴν
1482 2405 1788 2473 φυλακὴν,
1830 2403 1925 2475 δη-

337 2485 557 2550 λοῦντος
584 2482 675 2557 ἦν,
706 2490 788 2541 ὅτι
824 2488 929 2551 ἓως
956 2490 1078 2541 τότε
1110 2489 1208 2541 οὐκ
1233 2489 1515 2542 ἐπαύσατο
1542 2490 1703 2543 τοῦτο
1732 2490 1920 2545 ποιῶν.

337 2571 448 2623 Καὶ
482 2572 647 2635 τίνος,
686 2574 871 2643 φησὶν,
895 2573 1080 2625 ἐνεκεν
1107 2572 1134 2612 ι)
1163 2572 1268 2637 ἕως
1295 2574 1415 2626 τότε
1446 2575 1705 2640 ἐϐάπτιζε
1734 2592 1749 2639 ;
1801 2576 1923 2629 καί-

336 2670 419 2706 τοι
469 2670 534 2721 γε
586 2656 945 2726 σεμνοτέρους
980 2655 1046 2708 ἂν
1081 2656 1327 2725 ἀπέφηνε
1361 2658 1487 2719 τοὺς
1542 2658 1788 2729 μαθητάς
1825 2659 1919 2712 τοῦ

349 2737 548 2804 Ἰησοῦ,
586 2738 640 2789 εῐ
674 2755 739 2807 γε
786 2738 1010 2791 ἐκείνων
1047 2738 1372 2809 ἀρξαμένων
1420 2741 1581 2804 αὐτὸς
1619 2741 1917 2795 ἐπαύσατο.

338 2820 495 2883 Τίνος
517 2815 610 2873 οῦν
632 2820 818 2873 ἐνεκεν
840 2820 1132 2885 ἐϐάπτιζεν
1157 2838 1171 2886 ;
1208 2822 1324 2876 Ἵνα
1351 2823 1425 2894 μὴ
1447 2824 1571 2885 τοὺς
1596 2825 1788 2878 ἐαυτοῦ
1815 2842 1921 2895 μα-

337 2903 508 2974 θητὰς
541 2906 620 2967 εἰς
645 2904 865 2957 πλείονα
892 2905 1052 2975 ζῆλον
1079 2906 1313 2977 ἐμϐάλῃ.
1342 2909 1434 2961 καὶ
1458 2909 1921 2979 φιλονεικοτέρους

335 2987 662 3056 ἐργάσηται.
686 2986 749 3040 El
779 2988 888 3056 γάρ
918 2990 1177 3061 μυριάκις
1196 2990 1357 3060 βοῶν,
1376 2992 1471 3043 καὶ
1499 2991 1607 3044 τῶν
1637 2992 1921 3063 πρωτείων

334 3071 424 3124 ἀεὶ
463 3070 544 3141 τῷ
573 3070 797 3141 Χριστῷ
836 3073 1209 3143 παραχωρῶν,
1270 3074 1365 3127 καὶ
1416 3073 1669 3127 τοσοῦτον
1727 3075 1919 3129 ἐαυτὸν

333 3153 594 3217 ἐλαττῶν,
628 3155 729 3207 οὐκ
757 3153 974 3207 ἔπεισεν
1003 3155 1199 3219 αὐτοὺς
1240 3156 1391 3226 αὐτῷ
1434 3158 1835 3229 προσδραμεῖν·
1871 3158 1920 3210 εί

334 3239 433 3290 καὶ
460 3237 618 3291 τοῦτο
650 3238 979 3311 προσέθηκε,
1004 3239 1187 3310 πολλῷ
1208 3240 1672 3311 φιλονεικοτέρους
1691 3241 1755 3295 ἂν
1772 3241 1922 3294 ἐποί-

334 3338 455 3391 ησε.
487 3324 588 3375 Διά
617 3322 779 3376 τοῦτο
818 3325 909 3376 καὶ
934 3325 963 3376 6
993 3324 1228 3396 Χριστὸς
1282 3324 1402 3377 τότε
1454 3325 1687 3394 μάλιστα
1721 3324 1922 3396 ἤρξατο

336 3407 651 3478 κηρύττειν,
696 3409 787 3461 ὅτε
836 3407 1079 3461 ἐκποδὼν
1118 3411 1147 3462 6
1196 3408 1453 3479 Ἰωάννης
1489 3408 1727 3476 ἐγένετο.
1753 3406 1921 3477 Οἶμαι

333 3491 392 3544 δὲ
429 3493 524 3545 καὶ
551 3491 643 3545 διά
678 3492 835 3545 τοῦτο
861 3493 1281 3563 συγχωρηθῆναι
1309 3493 1411 3563 τὴν
1442 3492 1699 3564 τελευτὴν
1745 3492 1923 3546 Ἰωάν-

335 3593 428 3627 νου
460 3576 555 3630 καὶ
603 3576 864 3647 ταχίστην
912 3578 1060 3648 αὐτῷ
1089 3578 1370 3645 γενέσθαι,
1421 3576 1562 3630 ὥστε
1601 3578 1781 3630 πᾶσαν
1823 3576 1919 3629 τοῦ

334 3659 573 3732 πλήθους
625 3660 724 3729 τὴν
775 3659 1018 3714 διάθεσιν
1064 3660 1158 3713 ἐπὶ
1205 3661 1297 3714 τὸν
1349 3661 1587 3733 Χριστὸν
1620 3660 1918 3731 μετελθεῖν,

335 3745 432 3797 καὶ
465 3744 662 3815 μηκέτι
689 3746 808 3807 ταῖς
839 3745 966 3814 περὶ
1019 3743 1349 3815 ἀμφοτέρων
1384 3745 1609 3807 ἑαυτοὺς
1642 3744 1921 3815 σχίζεσθαι

334 3830 602 3902 γνώμαις.
631 3833 817 3903 Χωρὶς
853 3832 907 3885 δὲ
940 3831 1165 3895 τούτων,
1192 3832 1286 3885 καὶ
1316 3834 1374 3885 ἐν
1398 3832 1476 3903 τῷ
1508 3832 1789 3902 βαπτίζειν
1821 3833 1921 3887 οὐκ

335 3919 616 3973 ἐπαύσατο
648 3918 888 3989 συνεχῶς
920 3920 1225 3991 παραινῶν,
1258 3920 1351 3972 καὶ
1383 3920 1595 3991 μεγάλα
1624 3921 1717 3973 καὶ
1749 3920 1922 3991 σεμνὰ

333 4007 548 4069 δεικνὺς
578 4006 649 4059 τὰ
667 4006 763 4060 τοῦ
800 4007 994 4078 Ἰησοῦ.
1038 4006 1334 4072 Ἐϐάπτιζε
1358 4008 1424 4061 δι’
1456 4008 1609 4060 οὐδὲν
1649 4007 1857 4078 ἕτερον,
1887 4007 1921 4080 ἢ

339 4096 501 4166 μόνον
527 4098 607 4158 είς
634 4095 727 4148 τὸν
752 4096 1045 4166 ἐρχόμενον
1069 4098 1188 4163 μετ’
1211 4097 1396 4160 αὑτὸν,
1425 4096 1511 4149 ἵνα
1532 4096 1919 4150 πιστεύσωσιν.

348 4180 411 4233 Ὁ
434 4178 615 4231 τοίνυν
635 4176 794 4231 τοῦτο
812 4188 835 4215 τι
866 4179 1173 4248 κηρύττων,
1198 4179 1314 4242 πῶς
1334 4178 1401 4232 ἂν
1423 4181 1655 4250 σεμνοὺς
1677 4179 1921 4248 ἀπέφηνε

331 4265 464 4326 τοὺς
500 4261 749 4333 μαθητάς
802 4261 894 4314 τοῦ
922 4262 1192 4333 Χριστοῦ;
1245 4262 1604 4333 Παυσάμενος
1634 4263 1765 4335 γὰρ,
1801 4262 1924 4315 τοὺ-

332 4347 552 4402 ναντίον
589 4346 655 4401 ἂν
693 4345 841 4410 εδοξε
874 4347 1020 4417 ζήλῳ
1049 4346 1082 4417 ἢ
1119 4348 1257 4419 ὀργῇ
1292 4347 1452 4401 τοῦτο
1479 4352 1674 4401 ποιεῖν’
1705 4346 1783 4418 τῷ
1812 4347 1869 4400 δὲ
1894 4346 1922 4386 ἀ

334 4435 617 4504 ἐπιμεῖναι
643 4431 950 4503 κηρύττων,
993 4433 1314 4504 ἰσχυρότερα
1341 4433 1517 4487 ταῦτα
1556 4434 1823 4505 ἀπέφηνε.
1846 4432 1921 4485 Οὐ

334 4520 450 4588 γὰρ
504 4515 685 4586 ἐαυτῷ
735 4515 834 4586 τὴν
888 4515 1045 4581 δόξαν
1108 4518 1325 4581 ἐκτᾶτο,
1384 4516 1521 4570 ἀλλά
1571 4516 1648 4587 τῷ
1703 4515 1924 4589 Χριστῷ

338 4601 681 4672 παρέπεμπε
729 4601 855 4662 τοὺς
888 4600 1291 4670 ἀκροωμένους,
1332 4602 1425 4654 καὶ
1471 4602 1568 4671 οὐχ
1608 4596 1770 4673 ἦττον
1814 4600 1922 4654 τῶν

339 4684 602 4755 μαθητῶν
631 4682 781 4752 αὐτῷ
803 4683 1191 4752 συνέπραττεν,
1223 4683 1358 4737 ἀλλά
1380 4685 1474 4737 καὶ
1496 4683 1675 4754 πολλῷ
1699 4683 1920 4754 μᾶλλον,

334 4768 448 4835 ὅσῳ
481 4767 578 4819 καὶ
610 4765 920 4829 ἀνύποπτος
948 4765 1114 4818 αὑτοῦ
1138 4768 1169 4837 ἡ
1196 4767 1473 4838 μαρτυρία
1491 4763 1582 4839 ἦν,
1616 4768 1709 4820 καὶ
1741 4766 1924 4837 πολλῷ

339 4852 568 4922 μείζονα
588 4850 747 4918 δόξαν
772 4852 921 4922 παρὰ
959 4854 1125 4904 πᾶσιν
1154 4846 1298 4921 εἶχεν
1331 4852 1575 4905 ἐκείνων.
1616 4852 1791 4922 Ὅπερ
1830 4848 1923 4905 οὖν

336 4935 434 4988 καί
460 4936 490 4987 6
515 4933 919 5005 Εὐαγγελιστὴς
954 4933 1324 5005 αἰνιττόμενος
1351 4934 1560 5002 ἔλεγεν,
1596 4935 1679 4987 ὃτι
1711 4935 1923 5003 Ἐξήρ-

338 5035 542 5087 χοντο,
582 5018 680 5071 καὶ
707 5017 1086 5079 ἐϐαπτίζοντο
1106 5019 1255 5087 πρὸς
1281 5019 1470 5072 αὑτὸν
1497 5016 1667 5073 πᾶσα
1695 5019 1732 5087 ἡ
1785 5020 1925 5073 Ἰου-

335 5102 479 5156 δαία
506 5102 607 5155 καὶ
651 5102 690 5170 ἡ
727 5103 1054 5170 περίχωρος
1100 5102 1206 5157 τοῦ
1276 5101 1600 5170 Ἰορδάνου.
1660 5103 1773 5156 Καὶ
1814 5103 1924 5155 τῶν

341 5184 602 5257 μαθητῶν
641 5185 699 5237 δέ
733 5185 1125 5254 βαπτιζόντων,
1163 5185 1224 5237 ού
1273 5184 1513 5238 διέλιπον
1554 5186 1741 5239 πολλοὶ
1786 5186 1923 5257 πρὸς

338 5269 505 5321 αὐτὸν
525 5268 831 5337 τρέχοντες.
857 5269 919 5322 El
944 5269 1001 5321 δέ
1023 5287 1105 5332 τις
1136 5267 1400 5333 ἐξετάζοι,
1417 5271 1511 5322 καὶ
1536 5271 1589 5322 τί
1618 5270 1780 5324 πλέον
1809 5265 1923 5341 εἶχε

336 5353 401 5404 τὸ
430 5351 544 5404 τῶν
577 5351 836 5421 μαθητῶν
866 5352 1148 5424 βάπτισμα
1186 5365 1235 5418 ο,
1272 5354 1365 5407 τοῦ
1430 5354 1718 5422 Ἰωάννου;
1767 5356 1922 5426 ἐροῦ-

341 5451 466 5505 μεν,
512 5434 598 5487 δτι
647 5433 818 5489 οὐδέν.
882 5435 1148 5508 Ἐκάτερα
1194 5437 1304 5507 γὰρ
1346 5437 1548 5508 ὁμοίως
1589 5439 1690 5509 τῆς
1722 5441 1789 5494 ἐκ
1828 5439 1922 5493 τοῦ

408 5610 429 5634 ³
453 5603 608 5668 S_avil_.
636 5605 687 5668 ιιι
711 5606 842 5668 hunc
868 5609 1029 5657 locum
1052 5624 1062 5657 :
1087 5609 1149 5658 In
1168 5606 1330 5659 libello
1354 5607 1676 5668 Quintianum
1700 5608 1751 5659 in
1770 5614 1926 5662 Joan-

339 5680 449 5716 nem
474 5664 541 5714 ita
560 5664 753 5787 Ἆπιν
778 5666 855 5739 hic
880 5669 1010 5719 locus
1031 5671 1247 5734 pluribus
1270 5664 1426 5722 vertit}
1455 5686 1467 5719 :
1492 5673 1531 5720 εἰ
1564 5673 1618 5720 δὲ
1639 5674 1718 5720 καὶ
1742 5675 1864 5735 λέγει
1897 5678 1924 5723 ὁ

341 5729 557 5787 τὺαγγελι
696 5729 893 5778 ἐνταυθα
911 5734 1015 5787 περὶ
1034 5731 1119 5781 τοῦ
1132 5732 1358 5787 Χριστοῦ,
1381 5735 1453 5781 ὅτι
1473 5734 1730 5787 ἐϐάπτιζεν.
1752 5736 1835 5787 οὐγ
1861 5740 1924 5787 ὡς

696 5729 893 5778 ἐνταῦθα
905 5734 1015 5806 περὶ
1031 5729 1119 5781 τοῦ
1132 5732 1358 5806 Χριποὶῦ,
1381 5735 1453 5806 6::
1472 5734 1730 5806 ἐϐάπτιζεν,
1752 5729 1839 5806 οὐχ
1861 5740 1924 5793 ὡς

341 5790 490 5862 αύτοῦ
516 5792 820 5862 βειτςιςίζοντος
848 5790 990 5862 τοῦτό
1017 5790 1188 5862 φησιν,’
1209 5794 1329 5862 ἀλλὰ
1350 5790 1407 5842 τὸ
1429 5798 1529 5862 τῶν
1550 5798 1766 5862 μαθητῶν
1787 5790 1925 5862 ,ἔργον

344 5851 828 5931 ξέε,τδν,ξιδέσῑιαλον
843 5851 1069 5931 ἀὶσήεαγέῑ
1089 5858 1167 5903 καὶ
1184 5856 1280 5926 πάρ
1295 5858 1473 5931 τειοῖιτέν
1492 5851 1668 5927 mw!
1716 5860 1759 5931 ι’.
1771 5851 1919 5931 85.5""-

342 5912 467 5967 τίνος
509 5911 592 5959 οὖν
628 5913 801 5960 ἕνεκεν.
868 5918 890 5945 ⁸
923 5911 1092 5965 Mai-el.
1126 5911 1288 5972 τοῦτό,
1322 5911 1470 5966 Savil.
1500 5911 1667 5967 ταῦτα.
1734 5919 1759 5959 ἀ
1789 5922 1923 5970 Unus

346 5976 416 6041 τῷ
444 5974 520 6041 δέἶ
549 5975 633 6041 εἰς
652 5977 915 6041 ιεεεξηόιιηι
953 5986 1090 6041 ppu:
1117 5977 1343 6041 Savilius.
1376 5978 1498 6026 Editi
1522 5980 1577 6028 :6
1602 5983 1668 6031 δέ.
1763 5994 1784 6021 ⁸
1806 5986 1921 6041 Qui-

346 6040 457 6083 dam
476 6036 529 6083 :6
564 6037 655 6082 τῶν
678 6039 899 6103 μαθητῶν
921 6036 1002 6087 τοῦ
1022 6039 1228 6103 Χριστοῦ
1263 6040 1523 6102 βάπτισμα.

1348 358 1417 414 ιΝ
1454 357 1776 417 JOANNEM
1818 356 2250 414 HOMIL.XXIX.
2291 360 2362 413 al.
2405 357 2643 414 XXVIII.

3506 353 3610 410 1’58

2030 473 2344 542 Πνεύματος
2374 474 2591 544 χάριτος
2618 474 2822 545 ἄμοιρα
2850 465 2940 543 ἦν,
2979 470 3073 524 καὶ
3103 468 3253 525 αἰτία
3294 468 3394 542 μία
3428 470 3613 538 ἀμφο-

2028 557 2206 627 τέροις
2234 553 2303 628 ῆν
2332 558 2426 611 τοῦ
2464 558 2769 629 βαπτίζειν,
2821 556 2881 610 τὸ
2924 554 3003 627 τῷ
3043 554 3265 626 Χριστῷ
3312 553 3612 624 προσάγειν

2027 640 2156 703 τοὺς
2198 639 2646 711 βαπτιζομένους.
2672 641 2792 694 Ἵνα
2826 640 2938 711 γάρ
2972 638 3047 710 μὴ
3080 639 3166 692 ἀεὶ
3193 637 3613 709 περιτρέχοντες

2029 723 2172 777 οὕτω
2202 724 2480 792 συνάγωσι
2506 726 2632 788 τοὺς
2661 724 2977 793 ὀφείλοντας
3002 721 3300 786 πιστεύειν,
3344 721 3482 790 ὅπερ
3518 720 3612 772 ἐπὶ

2026 807 2122 860 τοῦ
2147 808 2390 878 Σίμωνος
2422 810 2451 861 6
2471 809 2700 879 ἀδελφὸς
2740 807 2983 879 ἐποίησε,
3022 807 3117 860 καὶ
3149 806 3242 858 ἐπὶ
3275 804 3370 858 τοῦ
3422 803 3611 856 Ναθα-

2026 892 2162 963 ναὴλ
2186 894 2214 944 6
2242 891 2529 956 Φίλιππος,
2554 893 2614 945 τὸ
2647 891 2904 962 βαπτίσαι
2945 890 3321 960 ἐνεστήσαντο.
3368 887 3507 940 ὥστε
3543 886 3611 940 δι’

2026 975 2193 1029 αὐτοῦ
2228 977 2473 1040 ἅπαντας
2494 975 2796 1045 ἐπάγεσθαι
2824 974 3074 1044 ἀπονητὶ,
3110 974 3203 1027 καὶ
3239 974 3304 1043 τῇ
3342 970 3609 1041 μελλούσῃ

2027 1060 2399 1131 προοδοποιεῖν
2431 1059 2634 1115 πίστει.
2669 1060 2791 1111 Ὀτι
2814 1056 2871 1110 δέ
2900 1057 3049 1109 ούδέν
3079 1056 3240 1108 πλέον
3278 1050 3422 1125 εῖχεν
3448 1052 3610 1123 ἀλλή-

2025 1144 2135 1198 λων
2169 1145 2238 1198 τά
2298 1144 2674 1215 βαπτίσματα,
2728 1142 2797 1195 τὰ
2856 1141 3091 1211 ἐχόμενα
3142 1139 3311 1210 δηλοῖ.
3362 1139 3497 1191 Ποία
3544 1137 3608 1208 δὴ

2024 1227 2237 1296 ταῦτα;
2281 1228 2572 1297 Ἐγένετο,
2602 1226 2756 1297 φησὶ,
2792 1225 3035 1291 ζήτησις
3081 1224 3149 1277 ἐκ
3186 1222 3304 1276 τῶν
3326 1221 3609 1291 μαθητῶν

2039 1310 2324 1366 Ἰωάννου
2354 1310 2506 1380 μετὰ
2547 1310 2842 1364 Ἰουδαίου
2872 1308 2889 1346 ῖ
2921 1307 3054 1375 περὶ
3082 1306 3475 1375 καθαρισμοῦ.
3503 1307 3608 1375 Ζη-

2025 1394 2272 1459 λοτύπως
2296 1395 2403 1466 γάρ
2430 1396 2644 1466 ἔχοντες
2673 1394 2760 1447 ἀεὶ
2792 1393 2928 1465 πρὸς
2952 1393 3078 1455 τοὺς
3098 1390 3192 1443 τοῦ
3233 1390 3470 1461 Χριστοῦ
3500 1407 3601 1460 p.0-

2028 1478 2197 1551 θητὰς
2212 1481 2262 1533 οἱ
2282 1480 2522 1550 μαθηταί⁸
2551 1480 2816 1543 Ἰωάννου,
2832 1479 2926 1531 καὶ
2950 1476 3085 1546 πρὸς
3104 1476 3265 1529 αὑτὸν
3290 1475 3347 1528 δὲ
3363 1474 3453 1527 τὸν
3472 1476 3604 1545 Χρι-

2029 1564 2173 1626 στὸν,
2190 1565 2378 1634 ἐπειδὴ
2400 1561 2540 1617 εἶδον
2557 1562 2754 1623 αὐτοὺς
2775 1561 3155 1631 βαπτίζοντας,
3174 1557 3409 1631 ἤρξαντο
3426 1558 3606 1619 διαλέ-

2027 1651 2220 1719 γεσθαι
2241 1652 2377 1722 πρὸς
2396 1653 2523 1713 τοὺς
2555 1649 3008 1721 βαπτιζομένους,
3030 1647 3105 1712 ὡς
3136 1647 3232 1701 τοῦ
3265 1648 3395 1718 παρ’
3419 1647 3605 1709 αὐτοῖς

2029 1736 2406 1808 βαπτίσματος
2434 1736 2597 1789 πλέον
2624 1753 2677 1789 τι
2711 1735 2803 1788 τοῦ
2834 1734 2941 1788 τῶν
2965 1729 3224 1805 μαθητῶν
3244 1732 3340 1785 τοῦ
3364 1731 3607 1803 Χριστοῦ

2026 1819 2257 1890 ἔχοντος.
2301 1821 2411 1874 Καὶ
2453 1820 2709 1882 λαϐόντες
2763 1818 2860 1871 ἐνα
2892 1817 3000 1871 τῶν
3050 1816 3473 1888 βαπτισθέντων,
3510 1816 3610 1869 ἐπ-

2026 1909 2274 1980 εχείρουν
2305 1908 2494 1963 τοῦτον
2523 1907 2672 1980 [166]
2696 1908 2924 1970 πείθειν,
2949 1906 3062 1959 ἀλλ’
3086 1906 3183 1958 οὐκ
3214 1904 3450 1957 ἔπειθον.
3483 1904 3609 1956 Ὅτι

2026 1993 2134 2064 γὰρ
2148 1994 2300 2047 αὐτοὶ
2312 1996 2359 2046 οί
2378 1992 2767 2064 ἐπιδραμόντες
2784 2008 2808 2044 ε
2819 1992 2942 2056 ἰσὶν,
2962 1990 3078 2043 ἀλλ’
3093 1990 3191 2042 οὐκ
3204 1989 3408 2050 ἐκεῖνος
3424 1987 3611 2058 ἐζήτη-

2029 2098 2141 2143 σεν,
2174 2081 2405 2134 ἀκουσον
2433 2080 2551 2141 πῶς
2588 2080 2746 2133 τοῦτο
2770 2082 2798 2132 6
2825 2076 3232 2146 Εὑαγγελιστὴς
3259 2076 3500 2148 ᾐνίξατο.
3531 2075 3607 2127 Οὐ

2025 2167 2135 2237 γὰρ
2166 2162 2339 2230 εἶπεν,
2376 2165 2457 2219 ὃτι
2500 2164 2752 2227 Ἰουδαῖός
2798 2180 2882 2226 τις
2929 2162 3044 2233 μετ’
3090 2159 3272 2214 αὐτῶν
3321 2159 3606 2229 ἐζήτησεν,

2026 2254 2141 2307 ἀλλ’
2165 2256 2245 2307 ὅτι
2275 2255 2500 2324 ζήτησις
2532 2254 2597 2305 ἐκ
2643 2251 2753 2305 τῶν
2788 2250 3048 2321 μαθητῶν
3097 2248 3345 2301 Ἰωάννου
3390 2247 3610 2314 ἐγένετο

2028 2338 2167 2410 μετὰ
2214 2338 2468 2391 Ἰουδαίου
2499 2336 2644 2399 τινὸς
2674 2335 2803 2407 περὶ
2824 2332 3193 2405 καθαρισμοῦ.

2097 2426 2161 2496 β’.
2188 2428 2387 2480 Σκόπει
2414 2426 2470 2480 δέ
2507 2443 2596 2497 μοι
2624 2426 2719 2478 καὶ
2742 2424 2803 2477 :6
2830 2423 3133 2492 ἀνεπαχθὲς
3150 2418 3243 2474 τοῦ
3269 2417 3608 2488 Εύαγγελισ-

2023 2509 2139 2563 τοῦ.
2153 2510 2227 2563 Ού
2245 2510 2353 2581 γάρ
2375 2508 2760 2579 καταφορικῶς
2783 2508 3053 2578 ἐχρήσατο
3070 2504 3149 2575 τῷ
3169 2504 3314 2574 λόγῳ
3332 2520 3345 2533 ·
3372 2498 3485 2557 ἀλλ’
3504 2502 3605 2571 ὅση

2022 2593 2271 2663 δύναμις,
2303 2591 2707 2664 παραμυθεῖται
2750 2592 2811 2644 τὸ
2842 2589 3116 2660 ἔγκλημα,
3171 2587 3399 2657 ζήτησιν
3447 2584 3605 2653 γενέ-

2027 2678 2149 2732 σθαι
2177 2677 2362 2741 ἁπλῶς
2390 2677 2590 2745 λέγων·
2623 2676 2744 2728 ἐπεὶ
2778 2676 2859 2727 ὅτι
2894 2692 2958 2743 γε
2979 2674 3088 2727 ἀπὸ
3118 2670 3448 2741 ζηλοτυπίας
3491 2669 3625 2722 ἑλέ-ο

2023 2779 2152 2831 γετο
2199 2763 2267 2814 τά
2305 2760 2592 2831 λεγόμενα,
2641 2760 2709 2813 τά
2757 2759 2886 2829 ἐξῆς
2925 2758 3094 2827 δηλοῖ,
3128 2756 3164 2810 ἃ
3198 2756 3290 2808 καὶ
3327 2753 3467 2806 αὐτὰ
3512 2754 3608 2806 ἀν-

2023 2844 2283 2914 επαχθῶς
2339 2844 2603 2899 τέθεικεν.
2653 2840 2881 2898 Ἦλθον
2934 2841 3064 2912 γὰρ,
3104 2838 3258 2910 φησὶ,
3302 2837 3453 2906 πρὸς
3494 2837 3608 2891 τὸν

2036 2928 2345 2996 Ἰωάννην,
2396 2928 2495 2981 καὶ
2527 2923 2702 2980 εἶπον
2733 2924 2924 2990 αὐτῷ’
2966 2922 3183 2985 Ῥαϐϐὶ,
3230 2921 3299 2988 ὃς
3354 2917 3433 2990 ἦν
3454 2919 3607 2990 μετὰ

2023 3010 2139 3066 σοῦ
2168 3011 2358 3079 πέραν
2404 3010 2511 3064 τοῦ
2553 3008 2882 3078 Ἰορδάνου,
2929 3000 2977 3074 ᾧ
3016 3006 3099 3061 σὺ
3120 3005 3603 3076 μεμαρτύρηκας,

2023 3097 2113 3149 ῑδε
2135 3092 2311 3161 οὗτος
2336 3094 2632 3163 βαπτίζει,
2656 3094 2752 3147 καὶ
2776 3092 2998 3157 πάντες
3015 3095 3294 3160 ἔρχονται
3323 3088 3474 3156 πρὸς
3495 3090 3607 3141 αύ-

2021 3181 2125 3233 τόν
2147 3197 2160 3210 ’
2186 3179 2486 3244 τουτέστιν,
2527 3179 2586 3232 ὃν
2627 3178 2929 3239 ἐϐάπτισας
2961 3175 3047 3229 σύ.
3086 3172 3255 3227 Τοῦτο
3294 3173 3403 3244 γάρ
3429 3172 3604 3225 αἰνίτ-

2020 3281 2203 3317 τονται
2236 3262 2506 3331 λέγοντες,
2534 3255 2610 3333 τῼ
2629 3261 2710 3315 σὺ
2744 3260 3205 3330 μεμαρτύρηκας
3227 3271 3242 3286 ⁸
3268 3251 3398 3321 οἷον,
3437 3256 3497 3309 ὅν
3538 3256 3603 3308 σὺ

2020 3345 2273 3417 λαμπρὸν
2306 3345 2535 3411 ἔδειξας,
2567 3344 2660 3397 καὶ
2687 3361 2754 3396 πε
2765 3343 3048 3414 ρίϐλεπτον
3072 3340 3352 3411 ἐποίησας,
3376 3339 3445 3393 τὰ
3467 3338 3606 3391 αὑτά

2022 3448 2104 3483 σοι
2138 3429 2329 3501 τολμᾷ.
2377 3428 2516 3482 Ἀλλ’
2556 3430 2655 3482 οὐκ
2684 3426 2857 3492 εἷπον,
2888 3426 2945 3480 ὃν
2967 3426 3030 3479 σὺ
3066 3424 3400 3487 ἐϐάπτισαςο
3426 3418 3462 3492 ἦ
3494 3422 3605 3494 γὰρ

2022 3512 2090 3567 ἂν
2138 3512 2565 3583 ἡναγκάσθησαν
2632 3511 2725 3564 καὶ
2776 3510 2878 3580 τῆς
2929 3511 3109 3579 φωνῆς
3161 3508 3470 3578 ἀναμνῆσαι
3504 3507 3605 3577 τῆς

2021 3596 2231 3649 ἀνωθεν
2252 3595 2692 3665 κατενεχθείσης,
2726 3594 2821 3645 καὶ
2864 3592 2964 3663 τῆς
3000 3590 3095 3644 τοῦ
3126 3590 3444 3660 Πνεύματος
3482 3591 3605 3640 ἐπι-

2022 3683 2322 3749 φοιτήσεως
2344 3695 2357 3707 ·
2383 3678 2519 3731 ἀλλά
2549 3677 2600 3730 τί
2633 3680 2656 3717 8
2678 3695 2693 3743 ;
2731 3678 2829 3741 Ὃς
2847 3673 2925 3745 ἦν
2947 3674 3099 3745 μετὰ
3126 3674 3242 3728 σοῦ
3267 3673 3459 3740 πέραν
3494 3671 3604 3726 τοῦ

2034 3761 2363 3830 Ἰορδάνου,
2412 3754 2459 3827 ᾧ
2501 3760 2583 3814 σὺ
2632 3761 3119 3829 μεμαρτύρηκας·
3172 3758 3489 3817 τουτέστιν,
3544 3755 3605 3817 ὃς

2025 3846 2269 3917 μαθητοῦ
2310 3846 2462 3909 τάξιν
2487 3846 2722 3915 ἐπεῖχεν,
2758 3844 2816 3907 ὃς
2865 3843 3021 3915 ἡμῶν
3053 3842 3218 3896 πλέον
3248 3840 3390 3911 εἶχεν
3425 3840 3604 3905 οὐδὲν,

2021 3926 2176 3996 οὗτος
2203 3931 2393 3985 ἐαυτὸν
2442 3930 2747 4001 ἀποσχίσας
2787 3927 3059 3999 βαπτίζει.
3102 3929 3177 3982 Οὐ
3215 3928 3389 3997 τούτῳ
3418 3926 3474 3978 δὲ
3507 3925 3607 3994 μό-

2022 4033 2111 4069 νον
2140 4014 2306 4086 ᾣοντο
2340 4014 2696 4086 παρακνίζειν
2725 4013 2889 4065 αὑτὸν
2932 4055 2947 4077 ,
2991 4011 3128 4065 ἀλλά
3160 4011 3256 4064 καὶ
3294 4009 3373 4079 τῷ
3407 4009 3475 4062 τὰ
3502 4009 3605 4061 αύ-

2023 4099 2132 4153 τῶν
2162 4096 2685 4169 παρευδοκιμήσθαι
2739 4096 2923 4149 λοιπόν
2948 4111 2959 4123 ·
3012 4096 3222 4158 Πάντες
3250 4094 3380 4164 γάρ,
3414 4092 3601 4162 φησὶν,

2023 4184 2273 4255 ἔρχονται
2296 4183 2432 4252 πρὸς
2462 4180 2648 4233 αὐτόν.
2677 4180 2841 4233 ’Ὅθεν
2867 4179 3047 4249 δῆλον,
3080 4181 3163 4233 ὃτι
3190 4177 3312 4231 οῦτε
3346 4177 3438 4231 τοῦ
3476 4178 3606 4229 Ἰου-

2021 4267 2171 4320 δαίου
2240 4264 2638 4336 περιεγένοντο,
2703 4263 2822 4335 μεθ’
2884 4256 2945 4316 οῦ
2998 4265 3099 4334 τὴν
3146 4260 3373 4334 ζήτησιν
3422 4260 3600 4331 ἔσχον.

2022 4351 2209 4404 Ταῦτα
2242 4349 2298 4402 δὲ
2332 4348 2537 4417 ἔλεγον,
2587 4348 2941 4418 άτελέστερον
2994 4347 3075 4399 ἐτι
3122 4347 3475 4415 διακείμενοι,
3510 4346 3606 4397 καὶ

2022 4434 2235 4487 οὐδέπω
2267 4433 2578 4503 φιλοτιμίας
2595 4432 2748 4495 ὅντες
2776 4432 3028 4501 καθαροί.
3057 4426 3231 4484 Τίοῦν
3253 4432 3280 4483 6
3311 4429 3606 4499 Ἰωάννης;

2024 4518 2158 4573 Ούδέ
2194 4517 2354 4580 αὐτὸς
2391 4517 2576 4579 αὐτοῖς
2628 4515 2878 4587 σφοδρῶς
2921 4515 3173 4585 ἐπιτιμᾷ,
3218 4511 3473 4575 δεδοικὼς
3528 4514 3605 4583 μὴ

2024 4603 2117 4656 καί¹
2141 4600 2304 4654 αὐτοῦ
2325 4600 2489 4667 πάλιν
2525 4598 2949 4670 ἀποσχισθέντες
2994 4598 3179 4670 ἕτερόν
3214 4615 3266 4651 τι
3313 4599 3483 4651 κακὸν
3514 4600 3605 4668 ἐρο

2023 4688 2301 4756 γάσωνται
2319 4700 2334 4716 ο
2367 4684 2502 4738 ἀλλά
2527 4684 2581 4737 τί
2617 4701 2751 4754 φησι
2781 4681 2847 4752 ll;
2882 4682 3092 4747 Οὐδεὶς
3112 4682 3364 4736 δύναται
3382 4682 3607 4751 ἀνθρώ-

2024 4785 2155 4822 πων
2196 4766 2527 4838 λαμϐάνειν
2553 4767 2754 4827 οὐδὲν,
2777 4767 2886 4821 ἐὰν
2908 4766 2995 4836 μὴ
3018 4762 3059 4837 ᾖ
3091 4766 3421 4835 δεδομένον
3441 4766 3606 4831 αύτῴ

2023 4855 2092 4907 ἐκ
2125 4854 2232 4908 τοῦ
2262 4853 2542 4923 ούρανοῦ.
2565 4854 2628 4906 Et
2648 4852 2705 4906 δέ
2734 4852 3117 4923 ταπεινότερον
3156 4852 3451 4922 φθέγγεται
3476 4851 3604 4923 περὶ

2022 4938 2117 4992 τοῦ
2146 4937 2408 5009 Χριστοῦ,
2438 4938 2512 5009 μὴ
2540 4938 2830 5011 θαυμάσῃς
2848 4953 2863 4967 ⁶
2888 4938 2950 4990 οὐ
2973 4938 3081 5008 γὰρ
3100 4933 3168 5007 ἦν
3196 4937 3421 5008 τοιούτῳ
3442 4937 3603 4990 πάθει

2024 5022 2603 5094 προκατειλημμένους
2632 5021 2827 5092 ἀθρόον
2853 5022 2948 5074 x0:
2976 5022 3039 5075 ἐκ
3062 5022 3365 5094 προοιμίων
3392 5021 3605 5086 διδάξαι

2021 5106 2083 5159 :6
2118 5109 2262 5160 πᾶνα
2309 5106 2449 5159 ἀλλά
2500 5104 2644 5157 θέλει
2698 5103 2834 5168 τέως
2882 5104 3078 5167 αὐτοὺς
3113 5105 3458 5178 καταπλῆξαι
3506 5112 3601 5159 καὶ

2025 5190 2279 5262 φοϐῆσαι,
2333 5190 2428 5243 καὶ
2474 5188 2643 5252 δεῖξαι
2676 5188 2758 5241 ὅτι
2793 5188 2891 5258 οὐχ
2927 5188 3120 5260 ἐτέρῳ,
3149 5188 3324 5260 ἀλλ’ἢ
3366 5188 3444 5258 τῷ
3482 5188 3601 5259 Θεῳ

2024 5273 2375 5343 πολεμοῦσιν,
2428 5272 2579 5343 αὐτῷ
2622 5271 3005 5342 πολεμοῦντες.
3067 5273 3248 5344 Ὅπερ
3294 5267 3386 5325 οῦν
3436 5272 3531 5326 καὶ
3572 5276 3606 5326 6

2023 5356 2303 5427 Γαμαλιὴλ
2324 5356 2508 5425 ἔλεγεν
2533 5372 2545 5384 ·
2593 5358 2677 5410 Οὺ
2725 5355 2991 5411 δύνασθε
3040 5354 3380 5409 καταλῦσαι
3423 5355 3599 5419 αὐτὸ,

2023 5440 2250 5510 μήποτε
2278 5439 2376 5493 καὶ
2407 5438 2686 5508 θεομάχοι
2714 5437 2993 5509 εὑρεθῆτε
3020 5439 3037 5476 ι
3061 5456 3076 5470 ο
3123 5437 3281 5494 τοῦτο
3317 5438 3409 5492 καὶ
3434 5440 3600 5503 αὐτὸς

2022 5523 2394 5587 λανθανόντως
2421 5522 2656 5576 ἐνταῦθα
2695 5523 3111 5586 κατασκευάζει.
3147 5523 3219 5576 T6
3252 5523 3361 5593 γάρ
3398 5525 3595 5591 εἰπεῖν,

2027 5606 2235 5673 Οὐδείς
2266 5605 2516 5661 δύναται
2546 5606 2892 5675 λαμϐάνειν,
2927 5607 3035 5661 ἐὰν
3078 5606 3165 5676 μὴ
3197 5600 3237 5677 ᾗ
3273 5606 3603 5676 δεδομένον

2022 5692 2182 5757 αὐτῷ
2226 5692 2296 5745 ἐκ
2340 5691 2448 5745 τοῦ
2494 5690 2774 5759 οὐρανοῦ,
2808 5691 3057 5743 ἐντεῦθεν
3102 5690 3288 5744 οὐδὲνὶ
3333 5691 3463 5745 ἀλλο
3499 5692 3596 5763 δη-

2089 5802 2108 5841 T
2146 5804 2283 5853 Μετά
2294 5802 2542 5867 Ἰουδαίου.
2562 5802 2694 5867 Εόὶιὶ
2720 5803 2895 5867 Biblici
2920 5803 3103 5867 habent
3123 5806 3242 5867 μετά
3270 5805 3526 5867 Ἰουδαίων,
3550 5813 3606 5858 et

2022 5867 2249 5931 Vulgata,
2272 5877 2382 5931 gum
2403 5864 2613 5931 {adma}.
2646 5866 2746 5931 Set}
2788 5867 2905 5931 μετὰ
2940 5864 3171 5931 Ἰουδαίου
3203 5871 3251 5931 i_n
3274 5871 3383 5931 aliis
3404 5864 3603 5931 quoque

2022 5926 2392 6000 exeinplgribug
2416 5926 2589 6000 fel-lily.
2656 5929 2681 5967 8
2698 5926 2917 6000 ‘Quidam.
2934 5928 3036 6000 ἀλλ’
3062 5930 3151 6000 ὁτι.
3168 5994 3181 6000 _
3222 5926 3442 6000 {Marcii
3466 5926 3599 6000 gqui-

2023 5989 2491 6059 00v:g::'_605:p.5'vc00
2503 5990 2555 6059 δέ
2576 6007 2677 6059 πως
2697 5992 2837 6059 λέγει.
2906 5988 2922 6027 ί
2954 5990 3123 6059 Magi.
3140 5994 3417 6057 εὑρεθῶμεν.
3466 5988 3604 6044 1⁷οὺ-

2029 6051 2167 6113 ρανοῦ
2193 6051 2386 6111 ἄνωθεν,
2411 6051 2602 6101 οὐδέν...
2649 6052 2796 6104 SM’il.
2828 6059 2877 6101 el
2908 6053 2995 6101 L'Od
3035 6053 3145 6107 706,
