4094 6370
340 432 444 491 169

346 540 639 615 splendida:
675 551 765 594 res
801 535 919 607 ejus
944 540 1161 599 essent,
1192 531 1239 586 si
1276 544 1466 586 omnes
1505 528 1650 583 illum
1679 525 1925 587 adirent,

344 650 449 689 non
476 629 780 687 mirandum
809 642 965 689 esse;
998 622 1300 692 hujusmodi
1328 622 1471 677 enim
1501 627 1625 674 sunt
1660 631 1747 671 res
1792 616 1930 668 divi.

345 739 461 789 me;
495 733 548 779 et
580 723 749 777 Deum
785 732 904 774 esse
940 718 1030 787 qui
1070 715 1220 771 istazc
1259 719 1581 783 appararet:
1618 707 1748 762 alias
1785 716 1927 760 enim

343 832 450 873 non
485 810 689 870 tantum
731 809 1139 866 invaluissent‘.
1174 807 1412 868 Humana
1438 803 1632 873 quippe
1659 799 1813 854 facile
1839 797 1932 852 de-

346 906 775 979 prehenduntur,
797 913 852 957 et
872 901 1012 955 Iqua
1035 907 1182 964 sunt,
1203 898 1311 953 cito
1333 895 1577 950 dilﬁuunt
1596 901 1650 947 et
1672 898 1928 961 pereunt;

346 1000 461 1055 Inec
498 1013 661 1070 porro
700 1012 803 1050 non
841 994 1002 1060 item;
1043 1006 1216 1061 neque
1243 990 1402 1059 igitur
1430 987 1661 1041 humana
1690 990 1833 1037 sunt.
1867 982 1933 1035 Et

344 1088 713 1145 animadverte
737 1083 1006 1155 quomodo
1035 1096 1156 1137 eum
1186 1081 1457 1143 dicerent,
1488 1075 1583 1133 Cui
1619 1086 1674 1127 tu
1712 1073 1936 1128 testimo-

347 1182 487 1233 nium
512 1178 808 1250 perhibuisti
831 1217 845 1239 ,
874 1183 1226 1245 putareutque
1253 1170 1381 1226 illud
1407 1170 1473 1224 ad
1504 1168 1771 1223 Christum
1801 1164 1935 1233 deji-

348 1273 593 1327 ciendum
616 1270 938 1334 conducere,
956 1266 1056 1319 hoc
1075 1265 1249 1334 ipsum
1271 1264 1322 1317 in
1347 1262 1465 1317 illos
1480 1267 1777 1315 convertat.
1801 1256 1934 1311 Nam

352 1365 496 1434 prius
522 1378 643 1417 cum
674 1360 1032 1424 ostendisset,
1064 1373 1169 1412 non
1199 1372 1266 1411 ex
1303 1354 1612 1409 testimonio
1649 1366 1746 1405 suo
1774 1348 1934 1405 Chri-

351 1467 492 1509 stum
518 1456 722 1508 clarum
748 1452 985 1507 evasisse
1008 1490 1023 1514 ,
1057 1448 1181 1502 hinc
1208 1455 1387 1516 postea
1419 1446 1560 1514 ipsos
1589 1441 1830 1512 reprimit
1854 1439 1938 1493 di-

352 1561 484 1601 cens
508 1564 521 1598 :
544 1545 666 1599 Non
687 1552 842 1614 potest
870 1542 1018 1595 homo
1040 1557 1071 1592 a
1093 1540 1258 1609 seipso
1280 1538 1505 1608 accipere
1524 1535 1819 1605 quidquam,
1842 1532 1940 1586 nisi

352 1639 449 1706 ipsi
486 1638 661 1690 datum
703 1634 854 1706 fuerit
894 1633 958 1686 de
998 1631 1142 1686 caelo.
1190 1628 1327 1696 Quid
1366 1629 1467 1682 hoc
1507 1627 1628 1681 est?
1666 1625 1723 1680 Si
1762 1637 1939 1678 meum

356 1743 574 1800 prorsus
608 1725 967 1782 testimonium
994 1722 1232 1792 accipitis
1251 1764 1265 1785 ,
1297 1728 1353 1776 et
1378 1734 1561 1774 verum
1589 1717 1822 1788 putatis,
1855 1713 1942 1769 vel

356 1837 423 1877 ex
465 1836 532 1875 eo
568 1821 791 1884 discite,
819 1831 923 1871 non
969 1831 1054 1869 me
1076 1857 1091 1881 ,
1127 1814 1221 1869 sed
1259 1812 1404 1867 illum
1441 1810 1698 1881 potiorem
1745 1806 1945 1862 haben-

357 1914 481 1967 dum
507 1926 646 1967 esse.
675 1908 811 1979 Quid
840 1908 982 1963 enim
1016 1905 1331 1962 testiﬁcatus
1356 1901 1514 1956 sum?
1541 1900 1649 1956 Vos
1673 1913 1840 1955 evoco
1866 1897 1943 1953 rei

358 2016 543 2061 testes.
575 2003 699 2058 Ideo
724 2001 872 2055 addit
897 2016 911 2053 :
938 1998 1030 2055 28.
1061 1996 1173 2069 Ipsi
1200 2012 1287 2049 vos
1315 1993 1438 2047 mihi
1464 1991 1805 2047 testimonium
1832 2006 1948 2058 per-

357 2097 555 2160 hibetis,
578 2095 713 2163 quod
735 2091 971 2153 dixerim,
1000 2087 1121 2143 Non
1141 2104 1253 2143 sum
1274 2102 1364 2156 ego
1386 2084 1634 2146 Christus,
1656 2083 1744 2136 sed
1766 2080 1947 2134 missus

356 2204 468 2242 sum
489 2197 607 2239 ante
626 2185 795 2238 illum.
818 2183 874 2238 Si
895 2195 1025 2251 ergo
1045 2194 1165 2234 meo
1188 2178 1455 2233 haerentes
1480 2173 1806 2238 testimonio,
1832 2171 1949 2226 haec

356 2281 486 2337 mihi
525 2278 755 2348 objicitis
790 2276 1029 2332 dicentes
1051 2314 1066 2337 ,
1097 2270 1191 2327 Cui
1232 2269 1568 2325 testimonium
1607 2265 1907 2338 perhibuisti
1929 2278 1950 2317 :

358 2390 462 2430 non
492 2372 652 2427 modo
678 2386 780 2424 non
809 2368 897 2423 ille
923 2365 1233 2422 imminutus
1255 2362 1353 2417 fuit
1375 2376 1441 2417 ex
1466 2357 1772 2416 testimonio
1800 2370 1943 2425 meo,

358 2464 453 2520 sed
492 2479 558 2519 ex
606 2463 696 2517 illo
736 2460 1021 2532 plurimum
1061 2464 1283 2527 augetur
1318 2473 1331 2509 :
1361 2453 1595 2523 alioquin
1633 2460 1809 2505 autem
1841 2464 1948 2504 non

362 2571 562 2621 meum,
591 2553 686 2609 sed
722 2553 812 2606 Dei
839 2560 955 2606 erat
979 2547 1363 2605 testimonium.
1392 2543 1751 2611 Quamobrem
1777 2542 1821 2597 si
1850 2540 1955 2597 ﬁde

370 2648 562 2719 dignus
592 2645 740 2700 vobis
768 2643 951 2700 videar
977 2656 1097 2698 esse
1120 2682 1137 2709 ,
1170 2642 1273 2695 hoc
1298 2638 1457 2692 etiam
1489 2637 1627 2690 inter
1653 2634 1755 2689 alia
1788 2633 1953 2688 multa

367 2740 476 2795 dixi
501 2780 518 2806 ,
552 2754 641 2793 me
670 2738 894 2792 missum
933 2734 1096 2789 fuisse
1124 2739 1248 2786 ante
1277 2729 1448 2785 illum.
1475 2726 1663 2783 Viden’
1687 2724 1957 2796 quomodo

367 2833 629 2903 paulatim
674 2827 923 2885 ostendat
958 2839 1145 2881 vocem
1191 2821 1335 2877 illam
1374 2835 1493 2876 esse
1533 2818 1806 2874 divinam?
1845 2815 1959 2870 Hoc

372 2924 511 2979 enim
556 2922 669 2977 vult
716 2919 1014 2991 signiﬁcare
1045 2934 1058 2971 :
1089 2915 1330 2970 Minister
1367 2926 1485 2967 sum
1508 2950 1527 2977 ,
1567 2918 1621 2965 et
1659 2923 1722 2963 ea
1770 2908 1959 2977 loquor

375 3031 488 3085 qua:
512 3015 581 3068 ad
610 3014 906 3068 mittentem
932 3024 1021 3064 me
1043 3014 1320 3077 spectant:
1349 3017 1456 3059 non
1487 3002 1772 3056 humanam
1797 3012 1959 3052 aucu-

375 3123 469 3176 pur
507 3108 736 3177 gratiam
760 3146 776 3170 ,
808 3101 902 3157 sed
949 3098 1122 3156 Patris
1157 3098 1274 3167 ejus
1301 3094 1393 3165 qui
1426 3108 1514 3148 me
1544 3091 1687 3147 misit
1715 3088 1961 3145 ministe-

321 3219 327 3223 ’
378 3201 511 3254 rium
540 3197 790 3252 exhibeo.
820 3194 935 3249 Non
962 3207 1090 3263 ergo
1119 3190 1185 3245 ad
1207 3189 1433 3260 gratiam
1463 3184 1777 3241 testiﬁcatus
1804 3195 1957 3244 sum,

381 3291 471 3347 sed
502 3292 554 3345 id
585 3289 736 3355 dixi,
766 3286 906 3357 quod
938 3294 996 3339 ut
1022 3284 1256 3339 dicerem
1283 3279 1478 3334 missus
1506 3292 1644 3332 sum.
1679 3274 1755 3330 Ne
1785 3274 1963 3343 itaque

376 3400 458 3439 me
483 3399 546 3438 ea
569 3385 637 3437 de
658 3394 818 3435 causa
841 3390 1090 3447 magnum
1114 3388 1235 3429 esse
1260 3370 1460 3443 putetis
1484 3385 1498 3423 :
1522 3369 1625 3423 hoc
1650 3366 1793 3422 enim
1820 3365 1964 3420 illius

386 3474 623 3530 ostendit
649 3467 1087 3540 magnitudinem.
1120 3465 1214 3521 Ille
1243 3476 1472 3532 namque
1499 3474 1677 3515 rerum
1712 3456 1966 3512 Dominus

376 3577 492 3630 est;
520 3564 571 3619 id
598 3562 739 3634 quod
768 3574 979 3615 rursum
1005 3555 1267 3628 signiﬁcat
1296 3554 1379 3608 his
1409 3552 1602 3607 additis
1624 3549 1800 3605 verbis
1825 3565 1840 3602 :
1871 3547 1962 3604 29.

386 3656 490 3722 Qui
512 3654 659 3709 habet
684 3668 941 3724 sponsam,
968 3665 1183 3721 sponsus
1210 3656 1323 3701 est:
1343 3645 1535 3699 amicus
1560 3652 1729 3696 autem
1754 3640 1962 3711 sponsi,

378 3748 463 3816 qui
506 3756 601 3800 stat
643 3755 691 3799 et
734 3744 877 3797 audit
918 3758 1071 3806 eum,
1109 3739 1295 3811 gaudio
1333 3735 1517 3806 gaudet
1557 3743 1763 3805 propter
1798 3747 1968 3785 vocem

386 3838 583 3908 sponsi.
616 3836 792 3903 Quare
817 3833 908 3903 qui
931 3833 1028 3899 ait,
1053 3829 1174 3885 Non
1202 3845 1317 3883 sum
1342 3828 1547 3897 dignus,
1570 3834 1622 3877 ut
1646 3823 1837 3877 solvam
1861 3823 1969 3893 ejus

382 3930 654 3999 corrigiam
694 3924 1052 3989 calceamenti,
1087 3937 1147 3978 se
1187 3925 1416 3975 amicum
1460 3916 1577 3986 ejus
1619 3930 1762 3970 nunc
1804 3912 1971 3969 dicit?

381 4018 500 4075 Non
550 4027 609 4072 ut
651 4017 872 4072 extollat
924 4023 978 4069 et
1033 4011 1213 4067 laudet
1257 4025 1357 4076 se,
1402 4008 1517 4063 btec
1560 4006 1725 4070 dicit;
1771 4003 1865 4060 sed
1915 4010 1975 4058 ut

384 4111 639 4167 ostendat
678 4108 729 4163 id
758 4123 816 4163 se
851 4107 1088 4161 maxime
1127 4118 1352 4169 curare,
1394 4114 1570 4172 neque
1607 4114 1666 4154 se
1702 4100 1865 4152 invito
1891 4098 1973 4154 vel

388 4202 611 4258 nolente
636 4198 755 4254 hare
782 4198 897 4252 fieri
924 4237 939 4262 ,
970 4196 1063 4252 sed
1092 4194 1373 4251 admodum
1401 4193 1646 4263 cupiente
1674 4198 1729 4245 et
1756 4204 1975 4260 promo-

384 4304 565 4362 vente,
589 4302 646 4349 et
674 4291 775 4346 hac
798 4290 867 4345 de
894 4302 1055 4344 causa
1081 4301 1142 4343 se
1166 4287 1342 4340 omnia
1369 4284 1590 4349 fecisse;
1623 4281 1764 4353 quod
1789 4279 1976 4335 admo-

384 4387 510 4440 dum
543 4384 834 4453 prudenter
863 4380 1020 4435 amici
1060 4379 1275 4434 nomine
1310 4375 1647 4447 signiﬁcavit.
1683 4374 1798 4429 Non
1828 4373 1974 4428 enim

393 4479 466 4532 ita
499 4476 642 4532 servi
670 4472 873 4543 sponsi,
902 4481 958 4526 ut
986 4471 1140 4525 amici
1164 4469 1412 4541 gaudent,
1442 4476 1600 4538 atque
1629 4466 1712 4521 his
1738 4467 1791 4521 in
1816 4464 1975 4521 rebus

396 4568 667 4622 lartantur.
696 4562 813 4619 Non
840 4577 967 4632 ergo
997 4576 1054 4617 se
1084 4559 1287 4615 honore
1318 4559 1575 4628 :equalem
1603 4556 1766 4623 dicit,
1797 4557 1929 4611 absit
1957 4574 1972 4621 ;

391 4658 486 4713 sed
518 4668 578 4711 ut
606 4654 784 4727 gaudii
808 4655 890 4709 sui
918 4652 1331 4724 magnitudinem
1363 4650 1617 4714 declaret,
1644 4659 1803 4718 atque
1833 4657 1890 4703 ut
1917 4663 1979 4705 se

388 4765 574 4805 eorum
604 4745 901 4803 inﬁrmitati
927 4753 1267 4815 attemperet,
1296 4744 1525 4797 amicum
1556 4757 1615 4796 se
1640 4741 1786 4797 dicit.
1820 4741 1976 4796 Mini-

389 4842 610 4895 sterium
651 4838 849 4909 quippe
882 4833 1269 4899 subindicavit,
1298 4848 1418 4889 cum
1461 4833 1638 4898 dixit,
1670 4846 1728 4886 se
1756 4832 1975 4885 missum

390 4932 555 4987 fuisse
580 4938 707 4985 ante
734 4929 905 4983 illum.
935 4926 1138 4983 Idcirco
1159 4925 1300 4997 quod
1325 4933 1537 4995 putaret
1560 4925 1680 4979 illos
1705 4924 1818 4979 haec
1838 4938 1979 4993 a‘gre

391 5025 532 5080 ferre
565 5024 588 5055 '
613 5065 628 5089 ,
662 5037 722 5077 se
760 5022 990 5075 amicum
1033 5020 1215 5090 sponsi
1251 5018 1380 5074 dicit
1417 5033 1537 5073 esse
1562 5058 1576 5083 ,
1606 5018 1892 5072 ostendens
1919 5031 1979 5072 se

391 5132 497 5171 non
540 5113 705 5169 modo
744 5127 849 5167 non
890 5126 1031 5179 aegre
1068 5112 1249 5176 ferre,
1291 5109 1384 5164 sed
1410 5108 1696 5163 admodum
1725 5107 1976 5178 gaudere.

391 5208 525 5273 Quia
557 5206 718 5275 igitur
756 5206 859 5258 hoc
890 5201 1222 5272 perfecturus
1247 5199 1439 5254 adveni
1465 5241 1481 5266 ,
1513 5208 1719 5253 tantum
1745 5199 1897 5254 abest
1923 5211 1983 5256 ut

394 5303 462 5353 de
501 5299 665 5367 gestis
709 5296 921 5351 doleam
944 5337 959 5360 ,
993 5303 1052 5347 ut
1088 5292 1319 5346 maximo
1358 5306 1587 5346 mterore
1623 5290 1865 5344 afﬁcerer
1888 5332 1903 5355 ,
1935 5289 1982 5343 si

396 5405 503 5444 non
536 5388 746 5441 ﬁerent.
792 5386 847 5439 Si
886 5399 1082 5454 sponsa
1122 5382 1186 5437 ad
1229 5396 1481 5451 sponsum
1513 5396 1617 5434 non
1659 5380 1978 5445 accederet,

399 5491 525 5533 tunc
553 5477 829 5539 dolerem;
860 5489 964 5528 non
994 5489 1123 5528 vero
1154 5486 1294 5527 nunc
1317 5513 1332 5537 ,
1365 5487 1483 5526 cum
1511 5480 1690 5525 nostra
1716 5473 1980 5539 completa

399 5581 544 5628 sunt.
574 5569 708 5626 Nam
744 5584 865 5623 cum
897 5581 984 5622 res
1018 5566 1136 5636 ejus
1174 5574 1318 5620 recte
1360 5563 1653 5634 procedunt
1676 5604 1690 5628 ,
1721 5574 1844 5617 tunc
1886 5578 1984 5616 nos

466 5689 485 5755 ξ
522 5693 573 5755 tn
596 5684 739 5755 Savil.
775 5684 1096 5755 legitur..._....
1120 5679 1204 5755 qui
1236 5682 1370 5755 iniec
1399 5688 1700 5746 appararet:
1726 5693 1984 5740 numquam

402 5745 531 5797 enim
554 5747 694 5795 homo
716 5743 850 5794 tanta
872 5750 1102 5804 potestate
1124 5743 1361 5794 ualuisset.

469 5814 492 5841 ι
522 5808 664 5857 Savil.
701 5816 751 5855 et
780 5800 959 5855 Boisius
981 5806 1241 5868 legendum
1267 5812 1432 5868 putant
1457 5819 1471 5855 :
1503 5800 1830 5866 tdcircoquod
1848 5801 1986 5853 illum

408 5867 515 5921 hac
532 5882 668 5933 (agre
687 5870 814 5931 ferre
838 5867 1079 5931 putarent.

1368 413 1431 470 IN
1460 407 1766 467 JOANNEM
1808 405 2037 463 IIOMIL.
2076 405 2271 463 XXIX.
2306 406 2375 462 al.
2416 406 2653 464 XXVIII.

3517 410 3614 471 I78

2041 537 2296 595 prospere
2338 523 2578 594 agimus;
2618 524 2740 595 quia
2779 525 2923 595 quod
2965 527 3278 587 volebamus
3312 532 3523 600 evenit,
3562 542 3620 590 et

2034 628 2231 683 sponsa
2258 628 2512 683 sponsum
2538 617 2795 685 agnoscit.
2824 617 2889 671 Et
2914 633 3008 673 vos
3040 620 3138 689 ipsi
3169 620 3270 676 hoc
3301 623 3622 679 testiﬁcami-

2037 705 2088 757 ni
2119 718 2238 758 cum
2269 705 2443 759 dicitis
2465 745 2481 770 ,
2512 705 2698 760 Omnes
2725 709 2929 761 veniunt
2953 710 3021 762 ad
3046 726 3179 764 eunt.
3213 711 3326 766 IIoc
3348 712 3490 768 enim
3523 729 3620 769 cu-

2038 796 2219 850 rabam
2241 839 2257 863 ,
2286 806 2340 851 et
2365 812 2425 851 ea
2456 797 2524 852 de
2556 813 2712 853 causa
2758 801 2935 854 omnia
2980 801 3102 857 feci.
3136 802 3312 871 Quare
3335 818 3459 860 cum
3492 805 3622 861 illud

2033 887 2143 958 jam
2169 889 2414 943 evenisse
2440 889 2645 944 videam
2666 932 2680 956 ,
2709 890 2911 961 gaudeo
2936 902 2988 947 et
3013 894 3239 948 exsulto.

2111 981 2165 1035 5.
2210 978 2439 1033 Ecclesia
2479 981 2730 1050 quomodo
2771 998 2959 1053 sponsa
3005 982 3194 1039 Christi
3231 979 3342 1054 ﬁat.
3393 985 3625 1042 Joannes

2039 1072 2271 1140 Baptista
2299 1070 2361 1123 de
2385 1070 2583 1125 Christo
2611 1073 2950 1127 testimonium
2972 1076 3173 1145 sapiens
3207 1088 3253 1130 et
3282 1078 3621 1135 ineluctabile.

2055 1166 2208 1222 Vame
2230 1168 2408 1239 gloria
2427 1168 2645 1232 damna;
2666 1171 2912 1238 quomodo
2928 1174 2991 1225 sit
3007 1172 3326 1242 fuganda.——
3341 1176 3477 1240 Quid
3499 1192 3626 1232 vero

2041 1258 2306 1328 signiﬁcat
2332 1259 2460 1314 illud
2484 1301 2499 1326 ,
2533 1260 2633 1327 Qui
2652 1270 2749 1315 stat
2779 1270 2826 1315 et
2854 1263 2998 1315 audit
3043 1272 3186 1324 eum,
3218 1266 3403 1335 gaudio
3439 1268 3626 1338 gaudet

2043 1362 2246 1424 prapter
2275 1368 2442 1405 vocem
2493 1355 2703 1424 sponsi?
2730 1354 2807 1408 Ex
2838 1356 3084 1424 parabola
3125 1358 3190 1411 ad
3234 1373 3345 1412 rem
3378 1363 3624 1430 preposi-

2044 1450 2150 1496 tam
2172 1457 2472 1498 sermonem
2498 1444 2782 1500 transtulit.
2804 1445 2936 1514 Quia
2958 1448 3097 1501 enim
3120 1463 3372 1517 sponsum
3395 1462 3448 1506 et
3468 1467 3626 1524 spon-

2044 1546 2159 1587 sam
2205 1534 2557 1599 memoravit,
2581 1536 2813 1589 ostendit
2855 1540 3125 1607 quomodo
3160 1542 3423 1609 sponsalia
3456 1543 3580 1598 liant
3608 1561 3624 1604 :

2044 1638 2142 1695 per
2168 1638 2352 1679 vocem
2372 1641 2565 1694 nempe
2587 1636 2746 1695 atque
2767 1626 3064 1682 doctrinam
3089 1647 3102 1683 :
3139 1630 3206 1684 ita
3227 1633 3366 1686 enim
3390 1634 3628 1691 Ecclesia

2045 1714 2408 1784 despondetur
2447 1717 2575 1771 Deo.
2617 1716 2820 1773 Idcirco
2859 1719 3054 1774 Paulus
3098 1720 3343 1777 dicebat:
3378 1723 3536 1779 Fides
3564 1744 3629 1782 ea:

2047 1808 2248 1873 auditu,
2284 1808 2492 1862 auditus
2518 1820 2689 1863 autem
2717 1825 2807 1879 per
2827 1811 3028 1864 verbum
3049 1811 3145 1865 Dei
3172 1812 3349 1882 (Rom.
3384 1816 3469 1871 ID.
3500 1818 3567 1871 l7
3587 1816 3629 1888 ).

2049 1898 2161 1954 Hac
2190 1915 2290 1977 ego
2317 1914 2447 1956 voce
2474 1901 2701 1971 gaudeo.
2734 1902 2869 1957 Illud
2895 1920 3024 1959 vero
3044 1944 3063 1973 ,
3093 1906 3192 1974 Qui
3218 1918 3349 1973 stat,
3384 1926 3488 1964 non
3516 1913 3635 1968 sine

2049 2004 2211 2046 causa
2240 1992 2437 2059 posuit,
2467 1991 2561 2046 sed
2588 2000 2646 2046 ut
2672 1994 3004 2061 ostenderet,
3034 2010 3122 2052 res
3148 2013 3273 2052 suas
3294 1996 3588 2057 cessavisse
3610 2045 3630 2069 ,

2057 2089 2112 2134 et
2141 2080 2243 2135 sibi
2266 2080 2377 2151 jam
2406 2081 2653 2136 standum
2696 2093 2752 2138 et
2794 2085 3117 2140 audiendum
3144 2102 3266 2142 esse
3288 2129 3305 2156 ,
3333 2104 3396 2144 ac
3437 2106 3635 2161 Sponso

2052 2172 2366 2227 tradendam
2393 2188 2516 2229 esse
2537 2189 2787 2244 sponsam
2812 2193 2825 2229 :
2845 2190 3009 2246 seque
3029 2177 3329 2235 ministrum
3350 2190 3403 2235 et
3422 2198 3633 2237 servum

2052 2279 2205 2328 esse,
2238 2266 2432 2321 bonam
2458 2282 2608 2337 spem
2647 2283 2797 2323 suam
2826 2278 2983 2339 atque
3013 2271 3250 2326 laetitiam
3281 2274 3331 2328 in
3374 2290 3507 2346 opus
3525 2277 3636 2346 jam

2054 2356 2267 2412 exiisse.
2317 2356 2440 2413 Ideo
2485 2357 2563 2413 sic
2608 2360 2822 2429 pergit:
2854 2360 2968 2415 Hoc
3018 2378 3136 2434 ergo
3179 2366 3425 2435 gaudium
3472 2385 3637 2422 meum

2054 2445 2316 2515 impletum
2342 2458 2439 2514 est;
2466 2448 2519 2503 id
2550 2458 2651 2514 est,
2685 2450 2986 2506 Perfectum
3014 2462 3097 2508 est
3125 2470 3259 2524 opus
3285 2473 3484 2524 meum,
3509 2460 3640 2516 nihil

2058 2537 2196 2593 ultra
2235 2538 2377 2609 quod
2421 2540 2675 2595 faciamus
2704 2542 2983 2599 habemus.
3026 2545 3227 2603 Deinde
3268 2566 3371 2604 non
3405 2567 3643 2620 praesens

2058 2630 2340 2697 modo,sed
2357 2632 2514 2687 etiam
2534 2631 2766 2689 futurum
2786 2636 2987 2692 doloris
3004 2650 3342 2709 augmentum
3360 2642 3643 2713 cohibens,

2042 2722 2128 2785 de
2160 2723 2354 2778 futuris
2394 2726 2701 2794 pronuntiat
2744 2742 2805 2781 ea
2836 2744 2957 2799 qua:
3002 2746 3069 2785 ex
3096 2731 3252 2787 dictis
3296 2742 3352 2789 et
3393 2750 3454 2789 ex
3487 2735 3648 2792 factis

2060 2816 2341 2872 confirmat
2368 2815 2451 2871 his
2478 2818 2657 2873 verbis
2689 2835 2706 2873 :
2734 2818 2825 2876 50.
2873 2819 3036 2875 Illum
3065 2834 3261 2891 oportet
3286 2840 3525 2894 crescere,
3562 2844 3647 2882 me

2060 2922 2229 2963 autem
2250 2908 2410 2961 minui
2433 2924 2452 2963 :
2481 2908 2585 2964 hoc
2611 2918 2712 2977 est,
2741 2910 2934 2967 Nostra
2960 2925 3342 2970 cessaverunt:
3370 2933 3489 2986 quae
3519 2933 3651 2975 vero

2062 3001 2203 3058 illius
2239 3010 2366 3058 sunt
2410 3012 2692 3073 augentur.
2725 3003 3058 3077 Hoc.itaque
3100 3007 3243 3077 quod
3273 3010 3472 3065 timetis
3495 3052 3510 3074 ,
3541 3027 3651 3067 non

2064 3092 2225 3149 modo
2253 3108 2393 3149 nunc
2419 3093 2613 3161 aderit,
2638 3095 2729 3151 sed
2758 3096 2931 3167 majus
2953 3098 3114 3153 etiam
3144 3100 3197 3154 in
3224 3101 3344 3157 dies
3374 3104 3481 3157 liet.
3515 3102 3651 3161 Illud

2065 3184 2211 3242 enim
2255 3190 2485 3243 maxime
2536 3198 2620 3244 est
2668 3190 2811 3259 quod
2862 3205 2952 3245 res
3000 3201 3212 3247 nostras
3262 3195 3651 3265 splendidiores

2064 3280 2315 3335 ostendit.
2349 3280 2473 3336 Ideo
2491 3282 2636 3346 veni,
2659 3289 2715 3335 et
2732 3281 2938 3350 gaudeo
2963 3282 3030 3338 de
3051 3293 3196 3340 tanto
3218 3300 3394 3341 rerum
3415 3287 3480 3343 ad
3497 3288 3656 3345 Chri-

2066 3381 2207 3427 stum
2238 3373 2617 3441 pertinentium
2645 3374 2997 3441 incremento,
3028 3384 3084 3430 et
3106 3378 3245 3445 quod
3273 3392 3335 3433 ea
3352 3383 3653 3450 evenerint,

2009 3522 2016 3529 ,
2066 3477 2293 3534 quorum
2314 3465 2481 3534 gratia
2508 3474 2689 3520 nostra
2720 3477 3125 3535 praecesserunt.
3149 3466 3337 3523 Viden'
3352 3486 3510 3540 quam
3540 3476 3654 3543 pla.

2068 3554 2207 3620 cide,
2231 3571 2387 3623 quam
2409 3556 2677 3625 sapienter
2695 3556 2905 3611 illorum
2928 3556 3080 3612 ulcus
3100 3560 3407 3627 emollierit,
3428 3562 3655 3621 livorem

2070 3647 2407 3713 exstinxerit,
2432 3646 2681 3716 ipsosque
2703 3647 3051 3716 impossibilia
3077 3650 3289 3720 aggredi
3317 3651 3655 3711 demonstra-

2073 3740 2250 3794 verit?
2277 3755 2380 3808 qua
2407 3754 2465 3794 re
2496 3740 2726 3795 maxime
2764 3741 2900 3797 solet
2928 3742 3164 3813 nequitia
3203 3745 3403 3800 sedari.
3428 3747 3659 3819 Ideoque

2072 3830 2342 3900 provisum
2365 3838 2469 3895 est,
2497 3840 2557 3886 ut
2577 3831 2670 3886 illo
2695 3831 2871 3887 adhuc
2895 3835 3110 3890 vivente
3130 3845 3186 3891 et
3210 3836 3509 3906 baptizante
3540 3840 3655 3895 lm-c

2076 3924 2284 3988 ﬁerent,
2317 3934 2373 3977 ut
2403 3925 2549 3980 illum
2581 3932 2739 3979 tantae
2760 3926 3137 3995 magnitudinis
3164 3937 3352 3983 testem
3374 3929 3656 3998 haberent,

2075 4027 2130 4070 et
2155 4015 2351 4075 nullam
2374 4017 2789 4077 excusationem,
2808 4018 2851 4070 si
2875 4032 2980 4072 non
3004 4018 3453 4091 obtemperarent.
3477 4022 3660 4093 Neque

2076 4124 2216 4163 enim
2244 4126 2272 4160 a
2300 4110 2478 4177 seipse
2505 4108 2569 4162 ad
2602 4108 2653 4163 id
2675 4109 2956 4165 dicendum
2977 4112 3235 4181 impulsus
3262 4124 3376 4177 est,
3404 4130 3511 4169 non
3540 4116 3662 4171 aliis

2079 4199 2466 4253 sciscitantibus
2495 4199 2514 4267 (
2536 4200 2693 4255 iidem
2720 4201 2862 4255 enim
2888 4211 3041 4257 erant
3065 4204 3341 4259 audientes
3360 4215 3416 4260 et
3434 4207 3660 4261 interro-

2077 4295 2321 4361 gantes):
2352 4306 2522 4361 neque
2537 4308 2603 4346 ex
2630 4306 2689 4347 se
2706 4293 2938 4364 loquenti
2970 4300 3038 4349 lta
3060 4295 3429 4366 credidissent,
3450 4308 3509 4354 ut
3530 4300 3662 4371 ipsis

2081 4382 2515 4454 percontantibus
2552 4399 2611 4438 se
2643 4382 3006 4439 confutantem
3038 4387 3408 4455 respondentis
3437 4401 3657 4448 senten-

2082 4476 2206 4529 tiam
2236 4484 2602 4544 exceperunt;
2633 4478 3080 4546 quemadmodum
3111 4489 3166 4534 et
3195 4479 3365 4536 Judtei
3389 4524 3403 4547 ,
3429 4486 3665 4542 maxime

2079 4572 2149 4621 ob
2179 4569 2227 4620 nl
2260 4609 2274 4627 .
2313 4567 2454 4638 quod
2491 4568 2558 4623 ad
2604 4568 2753 4623 illum
2802 4570 3096 4637 miserunt,
3131 4573 3428 4646 talibusque
3469 4578 3664 4635 auditis

2082 4677 2186 4714 non
2227 4660 2608 4728 crediderunt,
2655 4676 2869 4716 omnem
2914 4663 3014 4717 sibi
3044 4668 3251 4719 veniam
3285 4669 3661 4736 praaciderunt.

2080 4753 2215 4822 Quid
2243 4750 2406 4822 igitur
2430 4752 2553 4807 hinc
2579 4743 2834 4809 docentur
2851 4753 2875 4808 i
2894 4752 3142 4810 Omnium
3163 4757 3421 4812 malorum
3447 4774 3666 4818 causam

2082 4861 2201 4899 esse
2226 4860 2413 4899 vanam
2444 4845 2688 4915 gloriam.
2714 4844 2805 4900 Illa
2839 4848 2979 4901 enim
3010 4847 3156 4918 ipsos
3183 4848 3234 4902 in
3279 4850 3499 4905 livorem
3530 4867 3665 4908 con-

2077 4938 2207 5005 jecit
2235 4953 2251 4991 :
2282 4938 2397 4993 lure
2420 4937 2538 4991 illos
2564 4938 2848 4992 concitavit
2869 4979 2883 5001 ,
2910 4951 2967 4992 ut
2990 4940 3171 4995 Jesum
3198 4940 3405 4997 adirent
3429 4959 3492 4999 ac
3518 4945 3663 4999 dice-

2084 5040 2202 5084 reut
2231 5048 2244 5085 :
2277 5032 2447 5095 Quare
2474 5031 2710 5101 discipuli
2734 5031 2808 5083 tui
2837 5049 2937 5085 non
2958 5035 3193 5102 jejunant
3220 5034 3432 5105 (Matth.
3462 5038 3516 5090 9.
3550 5039 3666 5107 Id)?

2086 5122 2198 5177 Hoc
2223 5137 2349 5192 ergo
2375 5123 2584 5184 vitium,
2610 5121 2812 5189 dilecti,
2842 5123 3121 5192 fugiamus.
3148 5125 3202 5178 Si
3236 5125 3335 5179 hoc
3363 5125 3624 5194 fugiamus
3646 5172 3667 5199 ,

2083 5230 2113 5268 a
2142 5212 2383 5285 gehenna
2423 5212 2784 5267 liberabimur.
2815 5214 2925 5267 lloc
2949 5215 3091 5269 enim
3112 5219 3190 5270 eis
3233 5217 3462 5270 maxime
3493 5218 3667 5286 ignem

2084 5305 2318 5359 incendit
2336 5319 2351 5358 :
2368 5303 2469 5358 hoe
2494 5304 2685 5373 ubique
2711 5303 3039 5358 dominatum
3066 5314 3280 5359 exercet
3302 5322 3477 5372 suum,
3510 5321 3669 5378 atque
3736 5360 3751 5379 ,

2087 5408 2293 5453 a-tatetn
2318 5407 2372 5452 et
2397 5396 2701 5466 dignitatem
2728 5412 2943 5453 omnem
2971 5397 3240 5468 tyrannica
3264 5411 3487 5468 occupat
3521 5418 3534 5453 :
3568 5399 3679 5457 hoc

2088 5489 2351 5545 Ecclesias
2363 5488 2638 5557 subvertit,
2651 5504 2741 5544 res
2751 5491 2932 5544 civiles
2942 5488 3240 5554 labefactat,
3254 5489 3442 5545 domos
3457 5495 3669 5559 evertit,

2091 5580 2349 5643 civitates,
2380 5579 2620 5648 p0pulos.
2646 5591 2847 5649 gentes.
2882 5577 3084 5648 Ecquid
3111 5579 3343 5644 miraris,
3371 5582 3585 5650 quando
3610 5585 3666 5639 in

2090 5674 2360 5727 desertum
2409 5673 2589 5731 venit,
2644 5684 2992 5739 magnamque
3040 5669 3111 5724 ibi
3152 5677 3471 5739 ptitestatem
3512 5687 3666 5729 suam

2091 5762 2373 5818 exhibuit?
2414 5761 2547 5816 Nam
2589 5762 2681 5831 qui
2736 5761 2934 5816 divitiis
2982 5761 3102 5817 vale
3146 5762 3430 5831 dixerant,
3483 5766 3667 5821 mundl

2088 5851 2290 5912 fastum
2317 5863 2535 5910 omnem
2556 5853 2863 5923 abjecerant
2885 5893 2899 5922 ,
2930 5863 2984 5910 et
3010 5853 3298 5911 humanam
3327 5851 3667 5918 consuetudi-
