4094 6370
411 328 508 384 l'll

409 458 556 508 nem,
572 439 661 511 qui
684 437 938 493 violentas
953 448 1236 505 corporum
1253 432 1569 503 cupiditates
1587 439 1988 501 superaverant:

414 536 467 591 hi
492 549 636 604 saepe
664 547 694 587 a
725 546 860 585 vana
881 517 1049 601 gloria
1069 527 1207 596 capti
1227 526 1406 580 omnia
1436 525 1801 596 perdiderunt.
1827 522 1993 592 Hujus

415 627 529 681 vitii
556 638 737 687 causa,
767 622 855 693 qui
889 619 1115 674 multum
1145 618 1481 672 laboraverat
1505 658 1520 681 ,
1554 615 1623 669 ab
1649 630 1714 669 eo
1743 614 1832 683 qui
1863 612 1991 667 nihil

409 718 608 772 laboris
631 756 647 781 ,
690 713 783 769 sed
809 712 975 766 multa
1021 716 1236 780 peccata
1266 706 1593 771 admiserat,
1624 704 1924 759 Pharisaaus
1960 718 1991 758 a

411 809 690 879 publicano
717 805 886 858 victus
931 812 1029 857 est.
1082 803 1149 855 At
1179 799 1281 854 hoc
1323 813 1574 852 accusare
1616 798 1801 850 vitium
1846 794 1993 849 nullo

410 903 593 957 labore
623 910 908 967 possumus
938 894 956 963 (
986 907 1170 946 omnes
1198 892 1339 946 enim
1375 888 1621 945 eumdem
1656 888 1829 957 ipsum
1867 884 1982 939 cal-

411 993 588 1047 culum
623 989 797 1044 ferttnt
828 986 847 1057 )
873 1002 887 1051 ;
917 984 1056 1055 quod
1088 984 1342 1053 quaeritur
1370 990 1547 1035 autem
1578 989 1691 1045 est,
1725 978 1991 1048 quomodo

409 1085 581 1151 ipsuttt
623 1093 876 1149 superare
912 1077 1198 1146 possimus.
1222 1073 1500 1142 Quomodo
1527 1086 1656 1142 ergo
1688 1069 1991 1140 profligabi-

409 1174 560 1229 tuus?
589 1173 644 1227 Si
671 1172 893 1242 gloriam
921 1169 1102 1239 gloriae
1124 1180 1470 1235 opponamus.
1500 1162 1571 1218 Ut
1592 1164 1732 1217 ettint
1757 1171 1991 1215 terrenas

407 1266 618 1320 divitias
649 1263 1080 1325 contemnimus,
1134 1257 1349 1328 quando
1392 1256 1458 1309 ad
1504 1256 1634 1309 alias
1679 1254 1995 1322 respicimus

407 1358 620 1411 divitias
644 1398 658 1421 ,
691 1365 744 1409 et
774 1354 910 1408 hanc
947 1353 1109 1405 vitam
1156 1350 1482 1419 despicimus
1505 1388 1520 1413 ,
1551 1363 1670 1401 cum
1699 1348 1993 1416 cogitamus

405 1450 560 1501 aliam
588 1447 689 1501 hac
710 1448 862 1515 longe
885 1445 1157 1499 meliorem
1180 1459 1193 1507 ;
1225 1442 1301 1496 sic
1319 1451 1373 1495 et
1389 1441 1609 1510 gloriam
1635 1439 1791 1507 hujus
1812 1438 1991 1492 tnuttdi

407 1554 661 1607 respuere
693 1539 983 1606 poterimus
1009 1577 1023 1599 ,
1055 1550 1174 1589 cum
1215 1535 1371 1587 aliam
1404 1533 1560 1602 longe
1587 1532 1686 1586 hac
1713 1532 1989 1586 clariorem

412 1632 777 1701 Spectabimus
798 1673 810 1694 ,
843 1644 1067 1699 qumque
1097 1643 1223 1681 vere
1253 1627 1417 1697 gloria
1448 1636 1548 1679 est.
1583 1624 1713 1678 Nam
1747 1624 1859 1677 hzec
1883 1666 1895 1685 ,
1926 1623 1992 1678 de

406 1739 511 1793 qua
545 1723 827 1792 loquimur,
860 1736 992 1773 vana
1022 1719 1299 1787 inanisque
1322 1725 1426 1781 est,
1455 1731 1553 1770 nec
1580 1717 1680 1771 nisi
1712 1731 1907 1769 nomen
1936 1730 1992 1769 re

405 1830 630 1867 vacuum
661 1813 853 1876 habet;
883 1810 970 1864 illa
1000 1821 1178 1864 autem
1206 1808 1434 1863 caelestis
1459 1822 1583 1861 vera
1608 1818 1708 1870 est,
1740 1822 1858 1874 qua:
1884 1821 1989 1859 non

406 1904 671 1966 homines,
702 1902 795 1956 sed
819 1901 1059 1971 angelos,
1080 1899 1448 1968 archangelos,
1474 1908 1527 1951 et
1548 1896 1987 1967 arcbaugclorum

1134 319 1193 377 S.
1232 317 1510 375 JOANNIS
1544 311 2022 372 CllRYSOSTOMl
2058 314 2375 373 ARCHIEP.
2406 316 2931 377 CONSTANTINOP.

3567 323 3669 379 172

2099 428 2406 499 Dominum,
2428 432 2539 487 imo
2562 436 2722 489 etiam
2744 434 2987 489 homines
3008 433 3150 504 ipsos
3169 433 3467 493 laudatores
3488 432 3667 493 habet.

2095 520 2151 577 Si
2182 521 2248 577 ad
2274 523 2402 579 illud
2430 525 2696 580 theatrum
2718 528 3037 595 respexeris,
3069 527 3112 581 si
3141 541 3367 581 coronas
3395 528 3509 582 illas
3530 528 3670 584 didi-

2096 615 2255 682 ceris,
2283 616 2328 670 si
2352 617 2418 671 ad
2447 617 2563 671 illos
2588 617 2803 687 plausus
2825 628 2874 673 te
2899 618 3260 674 transtuleris:
3286 628 3492 675 terrena
3514 637 3671 675 num-

2096 720 2252 775 quam
2283 716 2335 761 te
2357 706 2688 771 detinebunt,
2729 725 2831 762 non
2870 724 3055 779 magna
3078 710 3359 778 praesentia
3380 710 3666 780 reputabis,

2096 812 2202 851 non
2226 798 2463 854 absentia
2494 816 2720 870 qumres.
2748 799 2802 855 In
2828 801 2924 856 hac
2946 802 3142 872 quippe
3165 805 3308 873 regia
3335 820 3493 860 nemo
3512 810 3667 862 satel-

2098 886 2249 940 litum
2282 891 2547 958 rcgiorum
2574 930 2589 956 ,
2620 907 2725 944 non
2755 906 2947 946 curans
2989 892 3232 947 diadema
3256 896 3513 963 gestantis
3540 908 3593 950 et
3617 896 3670 951 in

2096 980 2234 1034 solio
2280 982 2514 1035 sedentis
2544 983 2766 1052 gratiam
2793 1026 2806 1047 ,
2838 985 3172 1053 graculorum
3202 1001 3358 1041 voces
3396 988 3631 1042 imitatur
3653 1029 3668 1050 ,

2097 1085 2403 1125 muscarum
2447 1082 2499 1126 et
2544 1074 2770 1127 culicum
2820 1074 3113 1128 volantium
3159 1076 3441 1130 stridorem
3483 1095 3497 1131 :
3540 1079 3671 1133 nihil

2096 1163 2237 1216 enim
2266 1163 2513 1217 meliores
2539 1164 2603 1217 iis
2634 1174 2756 1217 sunt
2797 1164 3067 1218 hominum
3100 1166 3298 1222 laudes.
3318 1167 3539 1237 Cognita
3568 1168 3669 1223 ita-

2095 1270 2201 1325 que
2222 1256 2570 1310 humanarum
2600 1272 2777 1310 rerum
2808 1258 2824 1287 ²
2850 1257 3071 1322 vilitate,
3100 1259 3275 1312 omnia
3301 1259 3351 1313 in
3378 1262 3670 1315 tutissimos

2096 1346 2433 1402 conferamus
2475 1348 2790 1415 thesauros,
2834 1358 2888 1402 et
2934 1363 3235 1403 manentem
3282 1367 3669 1420 perennemque

2096 1441 2317 1508 gloriam
2359 1456 2662 1509 quaeramus
2692 1456 2706 1496 :
2735 1457 2890 1509 quam
2924 1443 3122 1495 utinam
3156 1458 3251 1497 nos
3274 1458 3460 1499 omnes
3481 1460 3671 1499 conse-

2096 1546 2361 1600 quamur,
2393 1532 2560 1600 gratia
2608 1540 2662 1584 et
2706 1531 3028 1600 benignitate
3079 1532 3284 1587 Domini
3329 1536 3496 1589 nostri
3536 1534 3668 1590 Jesu

2094 1622 2294 1676 Christi
2320 1664 2335 1687 ,
2367 1638 2462 1691 per
2510 1637 2665 1689 quem
2694 1632 2747 1675 et
2773 1637 2891 1675 cum
2920 1638 3023 1691 quo
3053 1624 3194 1677 Patri
3221 1625 3384 1694 gloria
3411 1667 3426 1691 ,
3459 1641 3670 1695 unaque

2095 1724 2280 1767 sancto
2311 1713 2551 1782 Spiritui,
2591 1729 2731 1768 nunc
2754 1723 2809 1767 et
2836 1728 3047 1782 semper
3074 1726 3128 1769 et
3153 1716 3204 1769 in
3230 1716 3422 1769 saecula
3450 1717 3669 1771 satculo-

2093 1822 2230 1860 runt.
2263 1806 2454 1859 Amen.

2162 1906 2179 1936 ¹
2219 1904 2380 1954 Morel.
2412 1904 2554 1967 legit,
2578 1902 2838 1963 hominum,
2872 1919 2977 1968 pro,
2998 1904 3315 1955 humanarum
3334 1920 3513 1957 rerum.

405 2014 3634 2038 Μ

1750 2077 2097 2139 HOMILIA
2138 2078 2353 2140 XXX.

403 2230 495 2286 5t.
536 2229 637 2297 Qui
679 2228 742 2282 de
764 2243 964 2281 sursum
990 2224 1151 2290 venit,
1184 2240 1335 2293 super
1360 2239 1529 2276 omnes
1565 2231 1637 2275 est
1661 2236 1680 2275 :
1700 2220 1788 2285 qui
1819 2229 1893 2274 est
1920 2218 1983 2272 de

638 2332 791 2385 terra,
816 2320 878 2373 de
906 2328 1036 2371 terra
1063 2326 1135 2370 est
1153 2358 1165 2380 ,
1189 2325 1235 2369 et
1255 2315 1317 2368 de
1346 2324 1478 2368 terra
1506 2313 1748 2383 loquitur.

474 2414 527 2467 l.
560 2411 732 2467 Grave
757 2408 1007 2480 quiddam
1036 2419 1117 2462 est
1147 2406 1332 2476 gloria:
1360 2418 1530 2467 amor,
1562 2418 1724 2472 grave
1750 2411 1803 2455 et
1830 2401 1985 2455 malis

404 2507 587 2562 multis
636 2506 887 2559 refertum
919 2519 932 2555 :
961 2500 1114 2569 spina
1162 2513 1244 2553 eSt
1290 2514 1407 2568 qua:
1437 2496 1654 2550 difﬁcile
1695 2495 1941 2550 avellitur
1966 2536 1981 2558 ,

402 2598 513 2654 fera
559 2612 676 2667 quae
728 2592 1066 2649 mansueﬁeri
1118 2591 1319 2659 nequit,
1371 2588 1551 2642 multis
1596 2587 1857 2656 capitibus
1908 2585 1989 2640 in-

402 2699 625 2751 structa,
676 2687 728 2740 in
770 2699 864 2739 eos
902 2684 1045 2752 ipsos
1073 2681 1162 2751 qui
1203 2696 1264 2735 se
1295 2679 1529 2733 nutriunt
1576 2688 1798 2732 armata.
1841 2675 1989 2731 Sicut

401 2766 545 2835 cuitu
577 2776 772 2833 vermis
810 2776 949 2844 ligna
981 2790 1008 2825 a
1036 2772 1226 2842 quibus
1253 2771 1484 2841 gignitur
1512 2769 1746 2824 corrodit
1770 2810 1785 2835 ,
1817 2777 1871 2823 et
1900 2784 1990 2822 ru-

403 2871 527 2938 bigo
576 2870 771 2922 ferrutn
826 2881 891 2920 cx
935 2879 1042 2934 quo
1090 2864 1324 2917 nascitur
1366 2862 1652 2925 consumit,
1706 2870 1761 2915 et
1812 2861 1986 2915 lanam

403 2963 561 3015 tinea:
592 3000 604 3013 .
637 2958 709 3011 ita
741 2958 910 3011 inanis
936 2955 1103 3025 gloria
1134 2955 1371 3007 altricem
1401 2968 1550 3007 suam
1584 2954 1814 3006 animam
1861 2968 1985 3021 per-

401 3051 498 3105 dit.
531 3050 654 3103 ldeo
683 3048 848 3101 multa
876 3046 1030 3100 nobis
1070 3060 1204 3113 Opus
1240 3054 1323 3099 est
1360 3044 1662 3113 diligentia,
1707 3052 1765 3097 ttt
1804 3044 1986 3097 vitium

405 3142 507 3196 hoc
553 3140 821 3195 tollamus.
869 3136 1003 3191 Vide
1029 3151 1156 3204 ergo
1205 3144 1399 3205 quanta
1454 3135 1702 3189 decantet
1752 3133 1986 3188 Joannes

404 3233 678 3304 discipulis
718 3232 830 3286 suis
871 3231 973 3286 hoc
1017 3229 1205 3284 morbo
1248 3228 1648 3290 laborantibus,
1691 3243 1754 3282 ac
1779 3228 1862 3282 vix
1894 3242 1988 3283 eos

403 3326 593 3381 sedare
622 3332 811 3394 potest.
843 3322 973 3377 Nam
1002 3330 1122 3391 post
1153 3321 1327 3390 priora
1355 3321 1441 3374 illa
1464 3320 1545 3374 Itis
1564 3320 1723 3375 etiam
1754 3320 1871 3374 illos
1895 3321 1987 3375 de-

405 3420 600 3473 mulcet
629 3414 962 3469 sermonibus
991 3430 1003 3466 :
1039 3413 1138 3479 Qui
1167 3411 1229 3465 de
1250 3428 1449 3465 sursum
1475 3412 1624 3473 venit,
1647 3426 1801 3480 super
1817 3426 1988 3463 omnes

403 3519 476 3562 est
505 3524 523 3560 :
548 3507 634 3577 qui
661 3514 732 3559 est
754 3505 817 3558 de
841 3514 974 3558 terra
994 3544 1008 3567 ,
1040 3504 1104 3556 de
1127 3512 1260 3556 terra
1290 3511 1383 3569 est,
1414 3514 1460 3555 et
1490 3504 1553 3556 de
1582 3512 1716 3555 terra
1745 3502 1983 3571 loquitur.

403 3601 557 3668 Quia,
580 3598 772 3665 inquit,
804 3594 1164 3649 testimonium
1189 3610 1365 3648 meum
1393 3594 1587 3662 ubique
1607 3594 1984 3656 circumfertis,

402 3698 459 3743 et
508 3703 595 3743 me
647 3687 750 3741 ﬁde
804 3686 1173 3755 dignissimum
1232 3684 1575 3754 praedicatis;
1630 3683 1756 3737 illud
1811 3684 1989 3738 sciatis

405 3789 648 3850 oportet,
702 3793 808 3839 non
864 3778 1027 3832 licere
1079 3793 1201 3831 eum
1232 3777 1321 3846 qui
1378 3776 1444 3831 de
1491 3778 1624 3831 caelo
1669 3778 1832 3839 venit,
1885 3776 1990 3831 ﬁde

407 3874 629 3942 dignum
655 3869 805 3925 reddi
825 3870 894 3924 ab
922 3883 987 3924 eo
1011 3869 1101 3938 qui
1133 3869 1183 3921 in
1210 3876 1351 3922 terra
1380 3868 1599 3922 habitat.
1632 3867 1765 3922 lllud
1786 3880 1987 3932 autem,

404 3966 582 4035 Supra
611 3979 782 4017 omnes
809 3972 901 4026 est,
935 3960 1059 4030 quid
1102 3960 1401 4029 signiﬁcat?
1432 3960 1565 4014 Eum
1610 3960 1753 4014 nullo
1791 3974 1985 4030 egere,

401 4056 502 4109 sibi
540 4052 810 4116 suﬁicere,
858 4061 910 4106 et
938 4052 1055 4106 sine
1092 4050 1491 4119 comparatione
1531 4051 1767 4104 omnium
1815 4049 1985 4104 maxi-

406 4162 552 4201 tnttnt
585 4158 728 4201 esse.
755 4142 826 4197 Se
852 4156 980 4197 vero
1008 4141 1075 4195 de
1113 4150 1251 4194 terra
1292 4155 1411 4194 esse
1432 4148 1486 4194 et
1510 4140 1653 4211 loqui
1677 4140 1841 4202 dicit,
1879 4155 1985 4193 non

402 4237 547 4307 quod
582 4252 646 4291 ex
688 4234 898 4305 propria
928 4241 1105 4286 mente
1132 4233 1474 4302 loqueretur,
1516 4232 1609 4286 sed
1651 4241 1708 4285 ttt
1747 4230 1988 4286 Christus

407 4332 521 4384 ait:
551 4329 611 4383 Si
642 4338 838 4382 terrena
867 4326 973 4379 dixi
1018 4325 1175 4390 vobis,
1228 4333 1273 4377 et
1322 4339 1420 4376 non
1477 4324 1677 4377 creditis
1722 4321 1897 4393 (Joan.
1930 4325 1985 4378 5.

406 4421 522 4492 12).
549 4420 815 4489 Baptisma
844 4418 923 4471 sic
947 4416 1196 4485 appellat,
1229 4431 1332 4469 non
1360 4415 1500 4486 quod
1531 4426 1799 4471 terrenum
1823 4425 1987 4482 eSset,

336 4502 341 4509 ’
407 4513 502 4569 sed
532 4513 651 4581 quia
684 4510 816 4564 illud
848 4524 970 4563 cum
1001 4507 1249 4563 ineﬁ‘abili
1282 4509 1624 4576 generatione
1653 4514 1747 4563 sua
1767 4524 1986 4578 compa-

410 4605 595 4668 rabat;
623 4603 702 4657 sic
728 4611 781 4655 et
806 4601 909 4655 hoc
938 4602 1056 4654 loco
1082 4614 1141 4654 se
1164 4600 1233 4653 de
1256 4609 1391 4654 terra
1415 4601 1557 4670 loqui
1581 4600 1714 4654 dixit
1731 4601 1984 4665 Joannes,

408 4711 559 4752 suam
588 4709 708 4749 cum
738 4692 937 4747 Christi
965 4691 1206 4745 doctrina
1246 4692 1629 4761 comparando.
1670 4691 1813 4746 Nihil
1844 4694 1986 4747 enim

408 4785 553 4841 aliud
598 4785 860 4853 signiﬁcat
906 4782 1051 4844 illttd,
1092 4782 1165 4834 De
1195 4792 1326 4834 terra
1355 4783 1576 4851 loquitur
1598 4823 1613 4848 ,
1644 4798 1803 4852 quam
1847 4783 1989 4853 quod

408 4893 505 4931 sua
559 4876 770 4944 exigua,
826 4873 1045 4927 humilia
1096 4881 1148 4926 et
1200 4872 1324 4926 vilia
1368 4874 1495 4936 sint,
1548 4873 1593 4927 si
1642 4889 1761 4926 cum
1792 4872 1989 4928 Christi

409 4968 775 5038 magnitudine
806 4975 1214 5033 comparentur,
1246 4981 1309 5017 ac
1340 4975 1566 5018 terrente
1607 4976 1812 5019 naturae
1840 4965 1991 5035 quasi

407 5061 602 5121 similia
640 5061 765 5113 sint.
797 5057 948 5126 Apud
977 5056 1124 5110 illum
1153 5057 1294 5110 enim
1327 5055 1514 5111 Omnes
1539 5058 1763 5110 thesauri
1786 5058 1992 5125 sapien-

411 5157 495 5209 tia:
522 5150 863 5207 reconduntur
895 5147 1027 5217 (Col.
1060 5148 1115 5213 2.
1146 5151 1222 5216 5).
1254 5148 1403 5213 Quod
1436 5158 1613 5203 autem
1652 5150 1721 5204 de
1752 5150 1993 5204 humanis

323 5305 338 5323 ο
410 5246 702 5303 ratiociniis
735 5259 838 5296 non
870 5242 1146 5311 loquatur,
1180 5241 1303 5295 hinc
1332 5241 1504 5310 palam
1534 5251 1633 5294 est.
1669 5241 1768 5309 Qui
1815 5251 1886 5295 est
1932 5258 1995 5296 ea:

412 5351 570 5402 terra,
600 5354 663 5391 ex
690 5346 822 5389 terra
847 5345 938 5389 est.
968 5334 1127 5403 Atqui
1161 5349 1265 5387 non
1296 5343 1412 5387 erat
1440 5344 1583 5388 totus
1608 5333 1675 5388 de
1706 5343 1866 5400 terra,
1899 5334 1994 5389 sed

416 5430 676 5500 praecipua
716 5428 947 5481 ctelestia
987 5434 1143 5479 erant
1175 5440 1189 5488 ;
1230 5425 1461 5479 animam
1499 5426 1695 5494 quippe
1733 5424 1991 5493 habebat,

415 5532 469 5574 et
508 5520 724 5588 spiritus
763 5520 1025 5587 particeps
1064 5526 1216 5581 erat,
1258 5532 1376 5587 quae
1420 5532 1524 5571 non
1573 5525 1699 5571 sunt
1727 5517 1792 5571 de
1832 5527 1991 5573 terra.

419 5610 698 5677 Quomodo
735 5626 862 5679 ergo
910 5625 969 5664 se
1006 5610 1073 5663 de
1114 5619 1251 5664 terra
1304 5624 1425 5663 esse
1462 5609 1640 5663 dicit?
1676 5609 1816 5664 Nihil
1853 5610 1995 5664 aliud

420 5703 503 5757 his
541 5701 867 5770 signiﬁcatur
902 5716 1102 5772 quant,
1145 5702 1343 5757 Parvus
1381 5715 1499 5757 sum
1538 5710 1593 5757 et
1630 5703 1823 5757 nullius
1863 5717 1988 5772 pre-

2070 4696 2313 4749 'vidimus
2337 4736 2351 4759 ,
2384 4695 2635 4764 loquimur
2666 4695 2684 4764 (
2712 4693 2799 4747 Id.
2830 4695 2882 4749 8.
2922 4694 3011 4749 26.
3053 4707 3098 4749 et
3128 4697 3179 4751 '5.
3212 4697 3269 4749 ll
3301 4695 3356 4762 ),

2097 2217 2153 2271 tii
2178 2259 2194 2284 ,
2239 2227 2420 2286 utpote
2460 2221 2548 2289 qui
2589 2219 2733 2273 humi
2782 2235 2963 2290 repam
2993 2219 3124 2274 etin
3158 2230 3295 2275 terra
3328 2232 3482 2276 natus
3527 2222 3666 2287 sim,

2095 2308 2342 2366 Christus
2368 2323 2542 2366 autem
2570 2312 2636 2365 ad
2665 2328 2762 2366 nos
2791 2313 2859 2367 de
2896 2312 3027 2367 caalo
3071 2313 3234 2367 venit.
3266 2311 3394 2367 Cutn
3435 2330 3528 2383 per
3556 2314 3670 2368 haec

2095 2403 2272 2456 omnia
2319 2419 2503 2457 eorum
2542 2405 2785 2459 morbum
2814 2404 3183 2471 restinxisset,
3215 2420 3338 2460 cum
3379 2406 3580 2475 majore
3609 2407 3671 2459 ﬁ-

2095 2496 2247 2550 ducia
2289 2496 2355 2550 de
2384 2494 2599 2552 Christo
2645 2498 2897 2567 loquitur.
2945 2500 3117 2552 Antea
3160 2499 3301 2553 enim
3344 2498 3668 2568 superﬂuunt

2094 2583 2278 2640 fuisset
2309 2586 2468 2641 verba
2514 2586 2835 2657 profundere
2856 2629 2872 2655 ,
2908 2602 3030 2643 cum
3072 2589 3185 2643 haec
3220 2588 3273 2642 in
3306 2599 3486 2644 mente
3513 2590 3667 2643 audi-

2093 2686 2267 2732 torum
2310 2678 2485 2733 locum
2532 2680 2775 2734 invenire
2812 2695 2919 2734 non
2960 2690 3179 2751 possent
3210 2700 3223 2735 :
3254 2691 3531 2752 postquam
3575 2699 3669 2736 au-

2092 2776 2199 2821 tem
2247 2771 2427 2837 spinas
2475 2770 2685 2832 evulsit,
2728 2770 2836 2840 jam
2872 2770 3201 2826 conﬁdenter
3244 2773 3448 2827 semina
3490 2774 3669 2841 jacere

2094 2860 2275 2928 incipit
2306 2859 2387 2914 his
2418 2860 2592 2915 verbis
2615 2879 2628 2914 :
2657 2860 2753 2926 Qui
2775 2862 2838 2914 de
2866 2862 2988 2915 cwlo
3009 2864 3160 2928 venit,
3193 2880 3343 2931 super
3370 2879 3538 2917 omnes
3560 2874 3669 2930 est;

2092 2947 2179 3003 52.
2213 2959 2259 3002 et
2284 2950 2417 3020 quod
2454 2950 2575 3003 vidit
2601 2960 2648 3004 et
2676 2952 2887 3017 audivit,
2918 2952 3011 3005 hoc
3040 2954 3352 3020 testificatur,
3377 2964 3423 3006 et
3445 2957 3667 3006 testimo-

2091 3043 2230 3094 nium
2259 3043 2366 3111 ejus
2397 3059 2541 3097 nemo
2568 3043 2770 3113 accipit.
2805 3043 3046 3113 Magnum
3084 3043 3208 3113 quid
3252 3051 3309 3099 et
3344 3045 3573 3100 sublime
3597 3045 3668 3100 de

2091 3134 2206 3202 ipso
2235 3134 2482 3203 loquutus
2507 3175 2521 3198 ,
2554 3148 2738 3188 rursus
2783 3134 2849 3188 ad
2878 3133 3159 3188 humiliora
3208 3135 3378 3205 pergit
3404 3153 3418 3189 :
3448 3150 3567 3189 nam
3600 3135 3666 3188 il-

2093 3223 2181 3278 lud
2204 3265 2218 3288 ,
2254 3224 2401 3289 Quod
2426 3225 2615 3278 audivit
2639 3235 2686 3278 et
2710 3226 2863 3290 vidit,
2894 3225 3178 3281 humanius
3202 3226 3402 3280 dictum
3428 3235 3528 3281 est.
3558 3227 3666 3281 Nc-

2090 3330 2193 3385 qtte
2217 3316 2357 3371 enim
2380 3331 2445 3371 ex
2478 3317 2594 3371 visu
2619 3317 2703 3372 vel
2736 3316 2917 3371 auditu
2950 3317 3036 3371 illa
3062 3333 3181 3387 qua:
3222 3319 3425 3373 sciebat
3446 3333 3671 3388 accepe-

2092 3414 2174 3461 rat
2207 3423 2221 3473 ;
2264 3407 2357 3461 sed
2390 3407 2442 3461 in
2469 3416 2655 3462 natura
2684 3416 2855 3462 totum
2902 3407 3152 3472 habebat,
3192 3409 3280 3478 qui
3308 3410 3575 3479 perfectus
3600 3425 3668 3464 ex

2092 3491 2211 3550 sinit
2244 3506 2464 3566 paterno
2494 3497 2730 3564 exierat,
2773 3512 2871 3553 nec
2897 3499 3085 3568 egebat
3112 3498 3331 3555 doctore
3360 3516 3372 3552 :
3408 3516 3527 3555 nam
3555 3501 3666 3567 ait,

2094 3588 2239 3643 Sicut
2277 3591 2410 3643 novit
2454 3606 2532 3643 me
2572 3588 2756 3655 Pater,
2802 3591 2875 3643 ita
2917 3600 2965 3644 et
3011 3608 3101 3661 ego
3147 3608 3390 3662 cognosco
3439 3592 3665 3646 Patrem.

2093 3682 2228 3749 Quid
2262 3698 2392 3752 ergo
2435 3684 2698 3752 signiﬁcat
2732 3683 2881 3748 illud,
2922 3684 3073 3751 Quod
3107 3686 3319 3749 audivit,
3349 3685 3589 3755 loquitur,
3621 3697 3670 3741 et

2092 3776 2226 3843 quod
2263 3775 2406 3839 vidit,
2439 3784 2645 3831 testatur
2671 3776 2696 3829 ?
2731 3775 2862 3843 Quia
2894 3792 2990 3846 per
3016 3776 3114 3832 hos
3150 3792 3339 3831 sensus
3368 3794 3465 3831 nos
3489 3780 3669 3832 omnia

2092 3865 2348 3921 discimus
2387 3875 2633 3921 accurate
2663 3909 2678 3933 ,
2710 3875 2764 3922 et
2802 3867 2905 3922 ﬁde
2934 3866 3077 3936 digni
3120 3870 3359 3938 magistri
3388 3870 3668 3938 habemur,

2093 3959 2233 4013 circa
2261 3974 2322 4012 ea
2351 3973 2470 4027 qua:
2510 3958 2591 4013 vel
2621 3959 2737 4013 visu
2768 3959 2849 4014 vel
2875 3960 3056 4014 auditu
3088 3964 3420 4031 percepimus
3440 4004 3454 4025 ,
3487 3973 3671 4031 utpote

2093 4051 2184 4120 qui
2227 4065 2325 4105 nec
2373 4051 2671 4121 ﬁngamus,
2722 4066 2819 4106 nec
2857 4050 2987 4106 falsa
3014 4052 3272 4107 dicamus.
3310 4052 3362 4106 ld
3392 4055 3672 4109 adstruere

2094 4144 2279 4199 volens
2307 4143 2540 4199 Joannes
2569 4143 2730 4210 dixit,
2769 4144 2894 4211 Quae
2923 4145 3113 4198 audivit
3140 4155 3188 4199 et
3225 4146 3368 4212 vidit,
3402 4156 3460 4200 ut
3486 4155 3671 4200 osten-

2093 4235 2188 4291 dat
2230 4236 2360 4313 nihil
2391 4236 2443 4291 in
2476 4237 2570 4290 illo
2605 4237 2888 4303 mendacii,
2920 4236 3013 4291 sed
3043 4238 3220 4293 omnia
3248 4255 3370 4293 vera
3401 4255 3537 4294 esse.
3580 4240 3672 4295 Sic

2094 4336 2150 4381 et
2187 4342 2286 4382 nos
2312 4341 2455 4397 saepe
2485 4328 2695 4382 curiose
2717 4327 3093 4398 perquirimus,
3128 4328 3279 4383 Tune
3306 4328 3519 4394 audisti,
3545 4341 3672 4385 tune

2092 4418 2273 4473 vidisti
2299 4419 2322 4473 Ἰ
2347 4422 2392 4474 si
2432 4417 2484 4473 id
2529 4419 2841 4481 afﬁrmetur,
2889 4428 3015 4474 tunc
3054 4428 3257 4474 certum
3304 4421 3670 4476 testimonium

2096 4511 2433 4566 habetur.Sic
2444 4520 2497 4565 et
2514 4511 2627 4581 ipse
2638 4525 2758 4564 cum
2777 4510 2922 4573 dicit,
2946 4511 3091 4566 Sicut
3108 4512 3280 4575 audio,
3290 4512 3470 4582 judico
3490 4511 3669 4582 (Joan.

2094 4604 2145 4659 5.
2176 4603 2297 4672 50),
2324 4612 2397 4670 et,
2420 4602 2545 4668 Qua:
2586 4602 2755 4655 audivi
2798 4619 2829 4655 a
2855 4602 3013 4658 Patre
3041 4621 3166 4669 meo,
3198 4605 3391 4674 loquor,
3438 4614 3510 4668 et,
3546 4605 3675 4672 Qut:

3402 4706 3457 4750 et
3483 4697 3672 4751 similia

2096 4787 2196 4840 alia
2244 4786 2497 4857 loquitur,
2547 4801 2651 4841 non
2692 4787 2759 4839 ita
2810 4786 2957 4847 dicit,
3012 4795 3070 4841 ut
3111 4788 3377 4843 discamus
3423 4789 3569 4843 illum
3610 4805 3672 4843 ea

2097 4879 2368 4946 accepisse
2411 4894 2530 4946 quae
2571 4878 2699 4932 dicit
2742 4877 2838 4947 (id
2881 4879 3026 4933 enim
3061 4890 3244 4948 putare
3292 4891 3545 4936 extrema:
3574 4882 3676 4937 de-

2098 4970 2309 5023 mentia:
2338 4980 2481 5024 esset
2517 4969 2572 5040 );
2606 4971 2700 5023 sed
2745 4987 2810 5024 ne
2837 4971 2961 5039 quid
2993 4988 3056 5024 ex
3085 4972 3238 5027 dictis
3269 4973 3384 5041 ejus
3421 4973 3476 5029 in
3504 4975 3676 5041 SUSpi-

2097 5061 2304 5115 cionem
2332 5072 2609 5117 vocaretur
2637 5064 2703 5118 ab
2727 5063 3118 5132 impudentibus
3136 5064 3351 5120 Judaeis.
3382 5066 3512 5134 Quia
3532 5067 3673 5122 enim

2098 5152 2333 5206 nondum
2358 5168 2474 5206 eam
2505 5169 2661 5223 quam
2696 5171 2788 5222 par
2817 5163 2931 5208 erat
2970 5155 3036 5209 de
3061 5155 3151 5210 illo
3177 5158 3480 5225 opinionem
3506 5157 3676 5212 habe-

2100 5243 2249 5307 bant,
2279 5243 2588 5315 l’requenter
2614 5246 2677 5300 ad
2706 5247 2917 5302 Patrem
2950 5249 3204 5318 confugit,
3243 5250 3474 5321 hincque
3498 5252 3679 5307 verbis

2100 5336 2211 5389 suis
2242 5336 2399 5389 ﬁdem
2429 5336 2570 5390 facit.

2170 5429 2224 5482 2.
2269 5429 2336 5483 Et
2364 5428 2487 5498 quid
2519 5428 2727 5483 miraris
2757 5429 2800 5483 si
2827 5428 2891 5483 ad
2923 5430 3131 5485 Patrem
3163 5431 3450 5503 confugiat,
3478 5449 3596 5488 eum
3626 5447 3678 5489 et

2099 5521 2164 5576 ad
2219 5520 2506 5590 prophetas
2547 5529 2601 5574 et
2642 5520 2708 5575 ad
2754 5521 3055 5591 Scripturas
3099 5540 3241 5593 saepe
3284 5528 3576 5581 recurrat?
3623 5541 3679 5581 ut

2100 5611 2313 5683 quando
2342 5611 2496 5677 dicit,
2525 5609 2643 5664 Illa?
2668 5621 2782 5667 sunt
2820 5628 2934 5683 quae
2959 5616 3295 5669 testimonium
3334 5617 3588 5685 perhibent
3619 5622 3685 5671 de

2101 5719 2180 5757 me
2226 5701 2401 5772 (Ibid.
2438 5702 2491 5757 5.
2522 5701 2647 5773 39).
2679 5702 2814 5759 Num
2853 5718 2980 5775 ergo
3020 5708 3292 5776 ρνονιιριὶε
3332 5707 3478 5762 illum
3509 5710 3674 5762 miuo-
