4094 6370
360 333 451 388 ΠΙ

350 451 516 520 ταχοῦ
544 449 870 532 τὴνάρχὴν
916 452 1146 517 ἐξέτεινε
1191 456 1292 527 τὴν
1340 459 1560 525 ἑαυτοῦ,
1600 462 1692 513 καὶ
1725 462 1938 532 ἡλικίαν

352 532 532 583 πᾶσαν
589 529 685 583 καὶ
742 531 901 596 ἀξίαν
935 533 1150 605 κατέχει
1202 538 1561 608 τυραννικῶς.
1615 529 1786 593 Τοῦτο
1840 541 1940 604 τάς

365 608 692 675 Ἐκκλησίας
724 608 837 662 ἀνω
869 612 963 664 καὶ
996 612 1145 665 κάτω
1189 616 1478 686 πεποίηκε,
1511 617 1667 671 τοῦτο
1705 620 1798 671 καὶ
1828 620 1940 681 τοῖς

322 762 325 763 ν
352 687 653 749 πολιτικοῖς
671 686 990 757 λυμαίνεται
1013 691 1325 763 πράγμασι,
1339 693 1499 748 τοῦτο
1521 696 1617 748 καὶ
1635 697 1811 759 οἰκίας
1833 698 1941 750 ὁλο-

352 768 591 846 κλήρους
613 766 900 846 ἀνέτρεψε,
934 770 1025 823 καλ⁵
1053 771 1256 837 πόλεις,
1291 774 1383 827 καὶ
1418 774 1623 845 δήμους
1666 776 1760 829 καὶ
1786 775 1936 846 έθνη.

353 850 459 926 ἰίαὶ
479 843 883 926 τί-θαυμάςεις,
919 849 1051 902 ὅπου
1079 867 1143 918 γε
1169 854 1265 905 καὶ
1308 854 1387 916 εἰς
1413 843 1512 924 τήν
1537 854 1743 926 ἔρημον
1779 843 1939 925 ἐξῆλ-

352 924 433 985 θε,
468 923 562 976 καὶ
603 923 805 994 πολλὴν
839 927 1004 979 αὐτοῦ
1030 930 1192 982 κάκεῖ
1218 930 1315 1001 τὴν
1341 923 1581 1002 δύναμιν
1604 923 1938 999 ἐπεδείξατος

440 1003 549 1073 γάρ
572 1003 743 1057 πολλά
781 1006 1028 1077 χρήμασι
1056 1010 1265 1080 χαίρειν
1296 1010 1563 1077 εἰπόντες,
1612 1012 1707 1064 καὶ
1745 1015 1811 1083 τῇ
1844 1012 1939 1065 τοῦ

352 1082 560 1162 κόσμου
592 1085 865 1154 φαντασίᾳ
886 1086 1054 1157 πάσῃ.
1082 1090 1176 1141 καὶ
1201 1089 1391 1160 μηδενί
1412 1091 1816 1162 συγγινόμενοι,
1847 1091 1942 1145 καὶ

352 1160 450 1242 τῆς
476 1162 951 1242 τυραννικωτέρας
979 1166 1090 1219 τῶν
1115 1169 1385 1237 σωμάτων
1408 1160 1737 1242 κρατοῦντες
1758 1169 1944 1223 ἐπιθυ-

356 1239 505 1303 μίας,
543 1233 690 1293 οὗτοι
730 1241 1012 1309 πολλάκις,
1046 1233 1264 1310 ἁλόντες
1293 1249 1397 1301 ὑπὸ
1420 1233 1942 1314 κενοδοξίας,πάντα

353 1316 660 1399 ἀπώλεσαν.
693 1320 791 1372 Διά
839 1321 995 1375 τοῦτο
1043 1324 1104 1377 τὸ
1132 1325 1304 1390 πάθος
1334 1329 1362 1381 ὁ
1396 1328 1566 1382 πολλὰ
1614 1329 1807 1399 καμὼν
1845 1328 1940 1382 τοῦ

356 1395 524 1480 μηδὲν
576 1401 868 1480 καμόντος,
904 1402 1040 1455 ἀλλά
1091 1405 1259 1475 μυρία
1297 1408 1653 1478 ἁμαρτόντος,
1693 1395 1730 1458 ’ό
1771 1409 1940 1480 Φαρι-

358 1476 919 1557 σαῖος-τοῦντνελώνου,
952 1481 1038 1534 διὰ
1072 1482 1229 1536 τοῦτο
1264 1484 1324 1537 τὸ
1344 1476 1585 1555 νόσημα,
1618 1481 1781 1557 ἦττον
1804 1476 1942 1556 ἔχων

354 1553 616 1634 ἀπῆλθεν.
635 1556 796 1610 Ἀλλά
828 1559 888 1610 τὸ
920 1560 1018 1630 μέν
1053 1564 1379 1634 κατηγορεῖν
1412 1553 1506 1615 τοῦ
1534 1553 1757 1627 πάθους,
1791 1553 1942 1616 οὐδὲν

355 1630 515 1712 ἐργον
559 1634 695 1701 ἐστὶ,
722 1637 942 1706 (πάντες
971 1639 1079 1712 γάρ
1110 1630 1189 1694 τάί
1215 1630 1354 1695 αὐτά
1390 1641 1766 1712 ψηφίζονται),
1798 1640 1859 1694 τὸ
1884 1640 1942 1693 δὲ

356 1710 708 1792 ζητούμενον,
740 1717 890 1780 ὅπως
917 1710 1081 1773 αὐτοῦ
1101 1710 1535 1792 περιγενώμεθα.
1570 1721 1695 1783 Πῶς
1727 1716 1821 1774 οὖν
1842 1720 1941 1773 αὐ-

355 1791 451 1872 τοῦ
505 1794 953 1865 περιγενώμεθα;
996 1801 1094 1853 Ἂν
1143 1802 1561 1872 ἀντιστήσωμεν
1588 1800 1747 1864 δόξαν
1788 1799 1937 1870 δόξῃ.

358 1868 569 1941 Ὥσπερ
595 1873 703 1944 γάρ
728 1874 821 1926 τοῦ
845 1876 944 1945 τῆς
966 1878 1068 1948 γῆς
1085 1877 1314 1931 πλούτου
1328 1868 1795 1948 καταφρονοῦμεν,
1814 1868 1942 1930 ὅταν

366 1950 503 2017 πρὸς
546 1952 733 2023 ἕτερον
767 1954 965 2025 ἴδωμεν
994 1957 1241 2023 πλοῦτον,
1272 1958 1367 2011 καὶ
1412 1959 1509 2027 τῆς
1556 1958 1701 2027 ζωῆς
1739 1956 1946 2026 ταύτης

358 2030 737 2101 ὐπερορῶμεν,
751 2034 878 2087 ὅταν
906 2037 1247 2107 ἐννοήσωμεν
1264 2038 1362 2107 τὴν
1380 2035 1560 2107 πολλῷ
1576 2036 1776 2108 ταύτης
1790 2037 1948 2107 ἀμεί-

357 2125 468 2186 νων·
508 2109 654 2162 οὕτω
686 2113 778 2165 καὶ
810 2112 967 2178 δόξαν
998 2115 1098 2186 τὴν
1124 2116 1360 2169 ἐνταῦθα
1398 2115 1689 2169 διαπτύσαι
1728 2114 1948 2184 δυνησό-

362 2185 519 2265 μεθα,
545 2190 674 2241 ὅταν
728 2190 825 2261 τήν
870 2185 1074 2263 ταύτης
1129 2195 1472 2265 ἐννοήσωμεν
1513 2191 1709 2263 μακρῷ
1752 2208 1946 2260 σεμνοο

356 2262 540 2332 τέραν,
570 2267 672 2337 τὴν
700 2268 868 2333 ὄντως
894 2262 1072 2335 δόξαν.
1091 2270 1153 2324 Ἦ
1183 2262 1283 2342 μὲν
1308 2262 1417 2343 γάρ
1440 2275 1570 2342 κενή
1594 2262 1677 2336 τις
1706 2272 1823 2325 ἐστὶ
1852 2271 1947 2325 καὶ

1377 334 1443 390 ΙΝ
1473 334 1793 391 JOANNEM
1829 337 2062 397 IIOMIL.
2096 340 2266 397 XXX.
2302 342 2377 401 al.
2410 340 2601 398 XXIX.

3517 344 3623 402 £73

2049 466 2270 535 ματαία,
2298 465 2469 534 ὄνομα
2502 466 2702 535 ἔχουσα
2743 466 3069 538 πράγματος
3098 463 3303 534 ἔρημον
3321 480 3335 495 ο
3357 466 3542 538 ἐκείνη
3573 469 3631 523 δὲ

2044 543 2271 615 ἀληθὴς,
2307 546 2339 615 ἡ
2362 544 2468 596 ἀπὸ
2491 545 2599 598 τῶν
2623 545 2887 616 οὐρανῶν,
2907 545 3006 597 οὐκ
3034 543 3375 614 ἀνθρώπους,
3398 546 3513 599 ἀλλ’
3538 548 3634 615 ἀγ-

2045 622 2238 690 γέλους
2270 625 2362 675 καὶ
2391 624 2784 693 ἀρχαγγέλους,
2818 624 2912 676 καὶ
2953 625 3043 675 τὸν
3082 624 3190 675 τῶν
3221 624 3573 693 ἀρχαγγέλων
3603 639 3626 668 ο

2046 702 2345 771 Δεσπότην,
2370 702 2570 771 μᾶλλον
2600 702 2657 756 δέ
2691 705 2807 773 μετ’
2836 702 3002 755 αὐτοῦ
3033 702 3127 753 καὶ
3152 703 3279 764 τοὺς
3306 702 3631 773 ἀνθρώπους

2048 780 2333 843 ἐπαινέτας
2357 780 2683 851 ἐχουσα.“Αν
2707 782 2842 853 πρὸς
2867 783 3041 835 ἐκεῖνο
3069 781 3129 833 τὸ
3156 780 3381 851 θέατρον
3413 781 3544 853 ἴδῃς,
3565 782 3631 835 ἂν

2045 865 2173 927 τοὺς
2205 866 2321 917 ἐκεῖ
2351 864 2529 935 μάθῃς
2548 866 2864 932 στεφάνους,
2896 864 2963 917 ἂν
2984 864 3118 934 πρὸς
3148 863 3240 914 τὸν
3270 863 3475 917 ἐκεῖθεν
3503 864 3631 934 κρόο

2046 963 2138 999 τον
2178 949 2399 1000 σεαυτὸν
2446 948 2707 1018 μεταθῇς,
2742 946 2997 1000 οὐδέποτέ
3024 964 3083 998 σε
3113 945 3396 1015 δυνήσεται
3427 946 3497 999 τὰ
3547 948 3632 999 ἐν·

2046 1031 2220 1085 ταῦθα
2246 1036 2560 1102 κατασχεῖν,
2587 1032 2708 1085 οὐδέ
2740 1032 2999 1101 γινόμενα
3031 1030 3211 1099 ἡγήσῃ
3245 1029 3474 1097 μεγάλα,
3510 1030 3630 1082 οὐδὲ

2048 1117 2254 1171 ἀπόντα
2276 1116 2549 1187 ζητήσεις.
2589 1116 2700 1169 Καὶ
2729 1116 2837 1186 γὰρ
2866 1119 2921 1168 ἐν
2950 1117 3062 1175 τοῖς
3105 1112 3394 1181 βασιλείοις
3421 1112 3631 1177 τούτοις

2048 1196 2221 1257 οὐδεὶς
2265 1196 2373 1249 τῶν
2419 1194 2497 1265 τῷ
2555 1194 2764 1264 βασιλεῖ
2820 1192 3244 1263 παρεστηκότων
3296 1191 3630 1263 δορυφόρων,

2049 1278 2208 1347 ἀφεὶς
2225 1278 2420 1348 ἀρέσαι
2449 1275 2526 1346 τῷ
2561 1275 2619 1328 τὸ
2662 1276 2898 1344 διάδημα
2924 1274 3097 1343 ἔχοντι
3137 1274 3231 1325 καὶ
3258 1273 3349 1324 ἐπὶ
3378 1272 3470 1324 τοῦ
3503 1272 3631 1343 θρό-

2048 1376 2138 1411 νου
2158 1357 2470 1426 καθημένῳ,
2489 1354 2714 1408 κολοιῶν
2731 1371 2885 1425 περιέ
2895 1352 3152 1423 ργάζεται
3170 1351 3370 1419 φωνὰς,
3394 1351 3426 1422 ἢ
3459 1350 3632 1420 μυιῶν

2051 1439 2141 1491 καὶ
2170 1436 2446 1491 κωνώπων
2480 1434 2922 1505 περιιπταμένων
2961 1433 3056 1485 καὶ
3100 1430 3443 1501 βομόούντων
3472 1431 3633 1500 θόρυ-

2050 1516 2163 1568 6ονο
2192 1514 2343 1567 οὐδὲν
2366 1512 2475 1583 γὰρ
2517 1512 2721 1565 τούτων
2749 1512 2968 1582 ἄμεινον
2998 1509 3185 1563 αἰτῶν
3214 1507 3516 1578 ἀνθρώπων
3542 1508 3631 1560 εὐ-

2050 1598 2253 1667 φημίαι
2275 1596 2594 1649 διάκεινται.
2627 1594 2839 1657 Εἰδότες
2864 1594 3043 1646 τοίνυν
3078 1591 3188 1644 τῶν
3224 1590 3578 1661 ἀνθρωπίνων
3602 1590 3631 1630 5

2047 1678 2147 1747 τὴν
2182 1675 2479 1735 εὐτέλειαν,
2513 1675 2691 1727 πάντα
2714 1676 2792 1735 εἰς
2812 1673 2939 1730 τοὺς
2975 1671 3207 1733 ἀσύλους
3238 1670 3631 1737 συναγάγωμεν

2049 1755 2376 1827 θησαυροὺς,
2408 1755 2501 1807 καὶ
2527 1752 2624 1823 τὴν
2650 1752 2912 1823 μένουσαν
2934 1750 3028 1803 καὶ⁸
3056 1748 3307 1816 ἀκίνητον
3335 1747 3490 1811 δόξαν
3504 1749 3631 1827 ,ἐπι-

2049 1826 2332 1906 ζητῶμεν·
2360 1830 2427 1906 ἦς
2466 1835 2676 1902 γένοιτο
2702 1833 2911 1893 πάντας
2955 1830 3100 1899 ἡμᾶς
3143 1829 3415 1895 ἐπιτυχεῖν
3451 1826 3632 1906 χάριτι

2040 1902 2136 1968 καὶ
2178 1902 2682 1985 φιλανθρωπίᾳῄτοῦ
2711 1910 2916 1980 Κυρίου
2953 1908 3123 1985 ἡμῶν,
3152 1906 3328 1985 Ἰησοῦ
3370 1902 3628 1985 Χριστοῦ,

2040 1991 2108 2046 δι’
2141 1982 2202 2048 οῦ
2234 2000 2329 2046 καὶ
2377 1982 2495 2062 μεθ’
2528 1983 2588 2042 05
2635 1989 2713 2057 τῷ
2756 1989 2931 2057 Πατρὶ
2966 1989 2998 2057 ἡ
3050 1984 3195 2048 δόξα,
3228 1983 3350 2062 ἆμαρ
3374 1982 3454 2052 τῷ
3491 1982 3631 2050 άγίῳ

2041 2071 2341 2142 Πνεύματι,
2372 2061 2467 2124 νῦν
2506 2070 2601 2122 καὶ
2642 2069 2750 2131 ἀεὶ,
2782 2067 2876 2120 καὶ
2922 2067 3002 2129 εἰς
3054 2064 3182 2127 τοὺς
3246 2061 3633 2132 ἀτελευτήτους

2044 2150 2249 2214 αίῶνας
2278 2149 2387 2204 τῶν
2418 2148 2651 2201 αἰώνων.
2696 2147 2886 2217 Ἀμήν.

2104 2279 2132 2309 ³
2157 2278 2238 2327 Sic
2259 2276 2412 2325 Savil.
2442 2274 2612 2323 Morel.
2641 2274 2870 2335 ἀγγέλων.
2952 2269 2983 2310 ι)
3016 2269 3190 2319 Morel.
3224 2270 3322 2317 τῶν
3357 2267 3631 2331 ἀνθρώπων.

1734 2440 1885 2513 μτο]
1928 2439 2171 2494 ΟΜΙΛΙΑ
2208 2439 2286 2493 Αο.

469 2526 703 2610 ﬁt“)?
720 2531 1061 2610 έρκόιίενος,
1096 2534 1297 2610 ἐπάνω
1318 2534 1562 2610 πάντων
1585 2534 1788 2610 ἐςτίν·
1865 2533 1951 2610 ῶν

394 2596 464 2650 ἐκ
480 2596 589 2665 τῆς
606 2596 823 2669 γῆςίέὶι
838 2596 943 2670 ἰῆς
1087 2605 1239 2670 ἐστι,
1259 2604 1357 2657 καὶ
1370 2606 1438 2657 ἐκ
1455 2604 1566 2672 τῆς
1583 2604 1694 2674 γῆς
1711 2604 1907 2658 λαλεῖ.

430 2687 497 2734 α’.
532 2684 715 2736 Δεινδν
739 2686 769 2737 ό
795 2686 896 2754 τῆς
924 2686 1082 2757 δόξης
1110 2689 1272 2758 ἔρως,
1301 2687 1472 2741 δεινὸν
1505 2688 1598 2740 καί
1627 2686 1834 2740 πολλῶν
1866 2684 1952 2754 γέ-

364 2777 462 2829 μον
486 2762 694 2815 κακῶν·
712 2763 923 2817 ἀκανθά
945 2766 1027 2828 τίς
1057 2767 1173 2821 ἐστι
1192 2766 1642 2829 δυσαπόσπαστος
1660 2779 1717 2833 ⁸,,
1734 2766 1827 2820 καὶ
1856 2765 1952 2836 οη-

363 2839 477 2909 ρίον
496 2841 805 2907 ἀτίθασσον,
825 2845 916 2896 καὶ
937 2844 1328 2916 πολυκέφαλον,
1347 2845 1487 2899 κατά
1512 2845 1619 2899 τῶν
1640 2846 1949 2918 τρεφόντων

361 2918 494 2996 αὐτὸ
518 2921 894 2993 όπλιζόμενον,
922 2926 1187 2995 Καθάπερ
1203 2927 1311 2996 γὰρ
1336 2928 1364 2979 ό
1383 2925 1597 2994 σκώληξ
1618 2925 1687 2977 τὰ
1708 2925 1836 2989 ξύλα
1857 2925 1950 2993 ἀφ’

359 2992 436 3053 ὦν
474 2992 727 3055 τίκτεται
773 3002 1080 3076 διατρώγει,
1121 2992 1223 3057 καῖ
1249 2992 1295 3057 δ’
1323 3004 1398 3068 ίὸς
1435 3004 1527 3058 τὸν
1551 2992 1795 3073 -σίδηρον
1827 2992 1948 3055 ὅθεν

363 3080 579 3149 πρόεισι
636 3081 870 3153 δαπανᾷ,
918 3083 1013 3136 καὶ
1050 3083 1098 3134 οἱ
1145 3083 1305 3151 σῆτες
1330 3083 1399 3137 τὰ
1428 3083 1581 3152 ἔρια’
1618 3080 1875 3135 οὕτωκαὶ
1917 3084 1949 3152 ἡ

362 3161 639 3225 κενοδοξία
670 3161 766 3232 τὴν
796 3162 1103 3232 τρέφουσαν
1134 3164 1304 3232 αὐτὴν
1340 3162 1599 3215 ἀπόλλυσι
1625 3162 1825 3232 ψυχήν.
1859 3162 1950 3214 Διὸ

363 3240 569 3310 πολλῆς
597 3243 728 3310 ἡμῖν
751 3241 830 3294 δεῖ
853 3242 952 3311 τῆς
993 3241 1246 3312 σπουδῆς,
1285 3240 1425 3294 ὥστε
1459 3242 1719 3308 ἀφανίσαι
1754 3240 1815 3293 τὸ
1845 3241 1950 3293 πά-

366 3319 632 3390 θος.’()ρα
656 3319 786 3389 γοῦν
816 3321 911 3373 καὶ
942 3321 1177 3374 ἐνταῦθα
1194 3321 1294 3373 ὅσα
1324 3319 1511 3390 ἐπᾴδει
1537 3321 1649 3382 τοῖς
1678 3318 1946 3388 μαθηταῖς

363 3396 525 3449 τοῦτο
559 3397 859 3466 πάσχουσιν
892 3400 922 3450 ὁ
965 3400 1350 3469 Ἰωάννης,καί
1379 3398 1532 3467 μόλις
1553 3397 1749 3460 αὐτοὺς
1782 3414 1950 3449 κατα-

368 3476 627 3545 πραΰνει.
663 3476 819 3530 Μετά
842 3478 952 3547 γὰρ
988 3478 1097 3531 τῶν
1133 3477 1439 3549 ἔμπροσθεν
1483 3476 1808 3547 εἰρημένων,
1860 3477 1951 3529 καὶ

366 3554 573 3624 ἑτέροις
622 3553 817 3619 αὐτοὺς
852 3556 1104 3608 ἐπαντλεῖ
1151 3557 1349 3623 λόγοις.
1384 3556 1565 3614 Ποίοις
1603 3554 1665 3625 δὴ
1712 3555 1946 3620 τούτοις;

378 3634 436 3685 Ὀ
456 3633 686 3687 ἀνωθεν
700 3634 1043 3702 ἐρχόμενος,
1066 3634 1260 3703 λέγων,
1275 3634 1475 3687 ἐπάνω
1496 3632 1737 3686 πάντων
1754 3634 1946 3707 ἐστίν·

366 3714 403 3765 ὁ
428 3710 493 3763 ἐκ
517 3711 628 3780 τῆς
654 3711 765 3779 γῆς
792 3711 896 3775 ὢν,
929 3714 997 3766 ἐκ
1028 3713 1139 3786 τῆς
1170 3712 1282 3783 γῆς
1301 3715 1451 3773 ἐστι,
1478 3713 1575 3765 καί
1606 3713 1675 3766 ἐκ
1698 3711 1808 3780 τῆς
1837 3711 1947 3781 γῆς

364 3788 564 3842 λαλεῖ.
605 3789 842 3860 Ἐπειδὴ,
870 3792 1022 3861 φησί,
1055 3792 1156 3861 τὴν
1180 3792 1315 3861 ὲμὴν
1346 3792 1456 3845 ἄνω
1494 3794 1586 3844 καὶ
1614 3791 1764 3844 κάτω
1798 3809 1947 3861 περι·

367 3868 633 3939 στρέφετε
659 3868 687 3907 b
730 3870 1057 3939 μαρτυρίαν,
1089 3870 1185 3923 καὶ⁹
1208 3870 1383 3941 ταύτῃ
1424 3887 1491 3941 με
1513 3870 1947 3941 ἀξιοπιστότερον

367 3941 511 3998 εἷναί
542 3963 703 4015 φατε,
762 3950 939 4000 ἐκεῖνο
966 3949 1112 4017 ὑμᾶς
1143 3949 1437 4016 ἀναγκαῖον
1471 3950 1689 4013 εἰδέναι,
1723 3950 1799 4012 ὡς
1849 3950 1950 4002 οὐκ

364 4024 448 4077 ἔνι
480 4025 571 4077 τὸν
604 4026 666 4078 ἐκ
698 4026 805 4079 τῶν
848 4028 1091 4099 οὐρανῶν
1131 4029 1445 4098 ἐρχόμενον,
1486 4027 1798 4092 ἀξιόπιστον
1844 4027 1952 4080 ἀπὸ

362 4104 464 4157 τοῦ
492 4104 592 4176 τήν
623 4107 728 4176 γῆν
750 4106 1026 4170 οἰκοῦντος
1049 4107 1323 4175 γενέσθαι.
1362 4107 1436 4160 Τὸ
1453 4106 1529 4171 δὲ,
1555 4105 1781 4160 Ἐπάνω
1803 4105 1951 4159 πάν-

361 4200 505 4245 των,
560 4184 615 4237 τί
648 4186 780 4238 ποτέ
827 4187 965 4247 ἐστι,
994 4186 1089 4239 καὶ
1116 4185 1170 4238 τί
1188 4197 1210 4225 ο
1246 4184 1492 4256 βούλεται
1522 4184 1746 4254 δηλοῦν;
1781 4184 1950 4237 Τοῦτό

362 4262 505 4316 ἐστι.
539 4264 787 4317 Δείκνυσι
811 4264 921 4335 γάρ
945 4263 1033 4317 διά
1052 4266 1265 4329 τούτου,
1282 4265 1365 4318 ὅτι
1393 4264 1606 4328 οὐδενὸς
1626 4265 1815 4322 δεῖται,
1834 4263 1949 4317 ἀλλ’

361 4341 555 4413 ἀρκῶν
588 4345 734 4396 ἐστιν
770 4344 932 4405 αὐτὸς
965 4344 1176 4415 ἐαυτῷ,
1210 4346 1304 4397 καὶ
1358 4345 1439 4397 ὅτι
1488 4343 1702 4397 πάντων
1749 4343 1950 4414 μείζων

362 4420 731 4489 ἀσυγκρίτως.
768 4420 862 4473 Ἐκ
892 4420 990 4489 τῆς
1023 4423 1124 4491 γῆς
1152 4422 1207 4475 δὲ
1244 4422 1372 4476 ὅντα
1402 4422 1493 4475 καὶ
1525 4421 1790 4475 λαλοῦντα
1819 4422 1947 4473 ἐαυ-

362 4496 456 4548 τὸν
493 4498 664 4565 λέγει,
691 4499 789 4568 οὐχ
816 4501 896 4552 ὃτι
922 4500 981 4565 ἐξ
1008 4502 1210 4563 οἰκείας
1238 4501 1473 4564 διανοίας
1496 4500 1813 4569 ἐφθέγγετο,
1831 4499 1946 4552 ἀλλ’

364 4574 557 4646 ὥσπερ
578 4578 606 4629 ὁ
630 4577 863 4648 Χριστὸς
892 4576 1043 4633 εἶπεν
1064 4597 1076 4611 ·
1107 4582 1177 4633 Εἰ
1204 4580 1277 4633 τὰ
1308 4579 1540 4649 ἐπίγεια
1588 4574 1758 4632 εἷπον
1784 4577 1947 4647 ὑμῖν,

364 4653 464 4706 καί
500 4656 573 4708 οὺ
633 4658 947 4711 πιστεύετε
970 4675 985 4689 ⁸
1033 4658 1094 4711 τὸ
1144 4658 1429 4728 βάπτισμα
1462 4655 1605 4710 οὓτω
1626 4655 1826 4719 καλῶν,
1851 4657 1952 4709 οὐκ

364 4732 558 4804 ἐπειδὴ
598 4734 837 4802 ἐπίγειον
865 4733 953 4806 ἦν,
992 4737 1104 4790 ἀλλ’
1131 4737 1316 4807 ἐπειδὴ
1346 4737 1481 4807 πρὸς
1505 4734 1602 4806 τὴν
1635 4735 1948 4806 ἀπόρρητον

364 4811 533 4864 αὐτοῦ
568 4812 822 4883 γέννησιν
876 4815 1182 4887 παρέϐαλλε
1221 4815 1283 4867 τὸ
1330 4814 1647 4886 είρημένοψ
1680 4812 1952 4887 οὕτωκαὶ

364 4890 607 4943 ἐνταῦθα
636 4893 700 4943 ἐκ
724 4891 824 4960 τῆς
851 4886 965 4962 γῆς
1004 4892 1183 4946 λαλεῖν
1210 4893 1401 4946 ἐαυτὸν
1436 4894 1465 4944 ὁ
1499 4892 1749 4960 Ἰωάννης
1804 4886 1947 4957 εἷπε,

362 4968 503 5037 πρὸς
527 4970 628 5039 τὴν
656 4969 751 5021 τοῦ
779 4971 1017 5041 Χριστοῦ
1064 4972 1408 5026 διδασκαλίαν
1456 4971 1523 5023 τά
1574 4969 1739 5024 αὐτοῦ
1772 4985 1952 5041 παρα-

363 5045 598 5098 ϐάλλων.
623 5045 787 5099 Οὐδὲν
814 5046 921 5117 γάρ
950 5048 1077 5102 ἄλλο
1107 5049 1256 5118 δηλοῖ
1284 5048 1345 5101 τὸ
1380 5048 1475 5102 Ἐκ
1502 5047 1600 5118 τῆς
1619 5046 1721 5115 γῆς
1749 5044 1946 5113 λαλεῖν,

361 5126 497 5191 ἢδτι
525 5124 698 5195 μικρά
729 5125 823 5178 καὶ
848 5127 1079 5179 ταπεινά
1099 5130 1192 5180 καὶ
1207 5126 1396 5197 εὐτελῆ
1413 5130 1523 5189 τοῖς
1548 5129 1752 5184 ἐκείνου
1772 5146 1950 5198 παρα-

364 5204 671 5271 σαλλόμενα
702 5203 771 5255 τὰ
815 5204 959 5275 ἐμά,
1013 5207 1108 5259 καὶ
1138 5206 1380 5269 τοιαῦτα,
1415 5202 1502 5259 οἵα
1554 5210 1698 5273 εἰκὸς
1755 5211 1951 5280 γηῖνην

360 5283 621 5348 δέξασθαι
651 5280 1007 5354 φύσιν.Παρά
1040 5286 1147 5357 γάρ
1175 5286 1366 5355 ἐκείνῳ
1393 5284 1619 5353 Πάντες
1645 5289 1697 5340 οι
1726 5292 1952 5355 θησαυ-

353 5365 451 5431 ροὶ
488 5362 601 5431 τῆς
640 5364 864 5432 σοφίας
896 5366 1251 5433 ἀπόκρυφοι.
1282 5367 1403 5420 Ὅτι
1438 5367 1494 5420 δὲ
1519 5369 1578 5419 οὐ
1618 5369 1749 5439 περ)⁸
1804 5370 1945 5436 λογιο

364 5443 518 5511 σμῶν
550 5442 908 5513 ἀνθρωπίνων
929 5444 1097 5511 λέγει,
1114 5445 1269 5517 δῆλον
1298 5446 1526 5501 ἐκεῖθεν.
1544 5448 1596 5499 '0
1616 5448 1684 5501 ἐκ
1711 5447 1821 5515 τῆς
1842 5446 1951 5517 γῆς

358 5518 467 5581 ὢν,
500 5522 688 5591 φησὶν,
723 5521 792 5575 ἐκ
827 5522 935 5591 τῆς
967 5523 1081 5593 τῆς
1119 5526 1268 5579 ἐστι.
1298 5525 1488 5578 Καίτοι
1519 5542 1582 5593 γε
1612 5527 1711 5579 οὐκ
1746 5528 1812 5581 ἐκ
1849 5526 1950 5595 τῆς

360 5600 469 5669 γῆς
488 5597 558 5671 ἦν
585 5600 736 5672 αὐτῷ
766 5602 826 5654 τὸ
858 5604 985 5668 πᾶν,
1012 5604 1147 5657 ἀλλά
1167 5606 1234 5659 τὰ
1260 5605 1570 5676 κυριώτερα
1588 5606 1831 5675 οὐράνια·
1856 5607 1949 5658 καί

363 5682 474 5749 γὰρ
506 5681 685 5751 ψυχήν
714 5677 848 5751 εἶχε,
880 5683 976 5735 καὶ
1014 5684 1317 5755 πνεύματος
1353 5686 1598 5754 μετεῖχεν
1628 5684 1727 5737 οὐκ
1755 5684 1819 5737 ἐκ
1848 5684 1945 5754 τῆς

362 5762 489 5828 γῆς.
526 5761 647 5824 Πῶς
670 5756 763 5814 οὖν
793 5762 900 5814 ἀπὸ
929 5763 1028 5833 τῆς
1058 5765 1161 5834 γῆς
1209 5764 1369 5826 αὐτὸς
1399 5760 1537 5817 εἶναι
1569 5764 1713 5831 λέγει
1739 5780 1753 5828 ;
1782 5763 1946 5816 Οὐδὲν

432 5844 461 5872 ³
490 5842 667 5906 Morel.
701 5846 1076 5906 δυσαπόστατος,
1099 5846 1248 5896 Savil.
1278 5847 1693 5902 δυσαπόσπαστος.
1763 5848 1788 5887 b
1812 5846 1956 5893 Κάτω

384 5905 608 5966 στρέφετε
632 5905 783 5955 Savil.

380 5967 900 6075 zilm‘a‘wcgvgi‘éaﬂ;
921 5971 1001 6017 καὶ
1023 5970 1068 6018 τί
1088 5971 1303 6031 βούλεται
1326 5971 1437 6032 ἡμῖν
1458 5970 1739 6026 ἐνδείξασθα⁷
1758 5971 1789 6027 ἡ
1814 5970 1930 6025 λέξις
1942 5983 1956 6030 ;

412 6043 451 6071 τι
475 6042 659 6075 ουοενος
723 6045 858 6075 ειται.

412 6043 451 6071 ιι
475 6042 659 6083 ουοενος
695 6042 858 6076 οειται.

853 5910 874 5937 ⁸
903 5908 1071 5955 Morel.
1093 5909 1281 5957 πάντων
1300 5912 1326 5957 ὅ
1346 5926 1391 5956 τι
1409 5911 1523 5956 ποτέ
1542 5909 1659 5961 ἐστι,
1682 5908 1762 5955 καὶ
1784 5908 1847 5955 τί.
1870 5908 1961 5955 Sa-

2051 2532 2178 2585 ἄλλο
2220 2530 2469 2585 ἐντεῦθεν
2517 2526 2893 2596 αἰνίττεται,ἢ
2936 2524 3065 2580 ὅτι(ι
3102 2525 3311 2597 Μικρὸς
3372 2524 3482 2595 ἐγὼ
3538 2529 3635 2582 καὶ

2050 2610 2262 2673 οὐδενὸς
2278 2610 2424 2674 ἄξιος
2440 2609 2621 2677 λόγου,
2640 2607 2734 2661 ἆτε
2757 2606 2931 2676 χαμαὶ
2951 2605 3241 2676 ἐρχόμενος
3270 2606 3361 2659 καὶ
3387 2607 3443 2660 ἐν
3465 2610 3532 2679 τῇ
3560 2611 3633 2679 γῇ

2050 2691 2261 2759 τεχθείς
2282 2707 2295 2720 ·
2328 2693 2355 2743 ὁ
2384 2691 2440 2743 δέ
2480 2687 2715 2760 Χριστὸς
2757 2686 2962 2739 ἄνωθεν
2989 2687 3123 2755 ἡμῖν
3164 2685 3407 2754 ἀφῖκται.
3444 2687 3544 2741 Διά
3568 2687 3635 2757 δὴ

2051 2770 2255 2824 τούτων
2288 2770 2505 2823 πάντων
2537 2768 2736 2828 σϐέσας
2759 2767 2820 2819 τὸ
2845 2765 3015 2827 πάθος
3043 2764 3278 2835 πρῶτον,
3303 2764 3425 2817 τότε
3446 2764 3634 2819 λοιπὸν

2055 2852 2193 2922 μετὰ
2216 2849 2459 2911 πλείονος
2476 2848 2575 2917 τῆς
2603 2845 2914 2917 παρρησίας
2933 2843 3226 2922 φθέγγεται
3244 2860 3309 2895 πε
3319 2844 3370 2913 pl.
3388 2844 3483 2897 7:05
3509 2846 3637 2914 Χρι-

2053 2918 2201 2983 στοῦ.
2221 2928 2331 3000 Πρὸ
2369 2928 2466 2997 μὲν
2482 2926 2590 2996 γὰρ
2605 2925 2796 2977 τούτου
2827 2923 3076 2992 περιττὸν
3103 2918 3170 2992 ἦν
3195 2923 3418 2993 ῥήματα
3450 2925 3635 2994 προΐε-

2052 3009 2196 3072 σθαι,
2231 3008 2496 3076 μηδέπιπε
2534 3004 2719 3074 χώραν
2750 3005 2807 3056 ἐν
2842 3004 2909 3073 τῇ
2943 3001 3150 3070 διανοίᾳ
3202 3000 3312 3053 τῶν
3346 3002 3633 3073 ἀκροωμέ-

2050 3105 2156 3141 νων
2174 3088 2317 3157 ἐχειν
2345 3086 2615 3155 δυνάμενα
2636 3101 2648 3113 ·
2681 3081 2868 3150 ἐπειδὴ
2898 3081 2954 3134 δὲ
2989 3081 3085 3144 τὰς
3117 3080 3357 3144 ἀκάνθας
3393 3082 3635 3135 ἀνέσπα-

2052 3183 2160 3227 σεν,
2179 3165 2330 3238 [171]
2348 3166 2573 3236 ἄρχεται
2601 3162 2738 3234 μετά
2756 3161 2937 3221 ἀδείας
2953 3160 3135 3213 λοιπὸν
3153 3160 3510 3215 καταϐάλλειν
3527 3173 3550 3200 θ
3566 3162 3637 3215 τά

2052 3246 2362 3317 σπέρματα,
2391 3245 2564 3311 λέγων
2585 3258 2597 3271 ·
2637 3242 2689 3293 Ὀ
2720 3241 2788 3293 ἐκ
2820 3239 2925 3293 τοῦ
2957 3238 3215 3317 οὐρανοῦ
3238 3238 3257 3276 ί
3290 3239 3633 3317 ἐρχόμενος,

2047 3323 2247 3378 ἐπάνω
2295 3322 2536 3376 πάντων
2576 3320 2740 3373 ἐστί·
2777 3320 2874 3371 καὶ
2917 3317 2948 3371 δ
2982 3316 3202 3384 ἑώρακε
3252 3316 3349 3369 καὶ
3383 3316 3633 3385 ἢκουσε,

2052 3403 2229 3456 τοῦτο
2257 3400 2560 3470 μαρτυρεῖ,
2597 3399 2695 3458 καὶ
2729 3397 2845 3464 τὴν
2866 3396 3199 3464 μαρτυρίαν
3228 3395 3414 3449 αὑτοῦ
3435 3397 3638 3461 οὐδείς

2050 3480 2363 3550 λαμϐάνει.
2398 3479 2558 3546 Μέγα
2593 3494 2645 3529 τι
2684 3478 2782 3529 καὶ
2826 3474 3028 3544 ὑψηλὸν
3064 3472 3233 3525 εἰπὼν
3272 3472 3400 3542 περὶ
3446 3474 3635 3536 αὐτοῦ,

2057 3561 2219 3613 πάλιν
2273 3559 2366 3612 ἐπὶ
2398 3557 2459 3609 τὸ
2497 3555 2877 3624 ταπεινότερον
2913 3555 3005 3605 τὸν
3040 3552 3197 3619 λόγον
3224 3552 3364 3619 ἄγει.
3401 3553 3473 3606 Τὸ
3503 3554 3633 3624 γὰρ,

2055 3642 2115 3690 ’Ὀ
2140 3638 2368 3707 ἤκουσε
2400 3634 2497 3688 καὶ
2536 3631 2814 3699 ἑώρακεν,
2870 3629 3349 3701 ἀνθρωπινώτερον
3396 3631 3632 3701 εἴρηται.

2049 3717 2124 3769 Οὐ
2162 3717 2268 3787 γὰρ
2297 3714 2405 3767 ἀπὸ
2438 3711 2530 3764 τοῦ
2561 3710 2896 3781 παραλαϐεῖν
2911 3709 3051 3777 ὄψει,
3072 3707 3181 3760 οὐδ’
3217 3707 3324 3787 ἀπδ
3353 3709 3445 3761 τοῦ
3475 3708 3636 3761 ἀκοῇ-

2051 3814 2141 3849 σαι
2169 3782 2285 3867 ᾔδει
2307 3792 2341 3847 ἃ
2361 3792 2473 3863 ᾔδει
2495 3807 2507 3819 ·
2537 3790 2646 3841 ἀλλ’
2669 3790 2725 3840 ἐν
2758 3791 2823 3859 τῇ
2851 3787 3010 3856 φύσει
3044 3786 3105 3837 τὸ
3127 3787 3241 3867 πᾶν
3264 3782 3395 3867 εἶχε,
3427 3788 3631 3851 τέλειος

2049 3877 2114 3928 ἐκ
2149 3876 2257 3927 τῶν
2288 3870 2567 3943 πατρικῶν
2602 3867 2879 3938 προελθὼν
2900 3867 3137 3927 κόλπων,
3165 3866 3258 3918 καὶ
3285 3868 3345 3919 οὐ
3379 3866 3630 3937 δεόμενος

2047 3954 2145 4007 τοῦ
2187 3952 2547 4013 διδάσκοντος.
2599 3947 2806 4013 Καθὼς
2840 3947 2969 4017 γὰρ,
3002 3945 3156 4015 φησὶ,
3182 3944 3466 4013 γινώσκει
3493 3962 3571 4014 με
3603 3948 3637 3998 ό

2051 4032 2277 4101 Πατὴρ,
2326 4030 2479 4083 οὕτω
2508 4028 2666 4097 κάγὼ
2696 4027 2969 4097 γινώσκω
3016 4025 3124 4078 τὸν
3150 4026 3400 4093 Πατέρα.
3438 4023 3503 4077 Τί
3541 4021 3636 4078 οῦν

2055 4113 2224 4175 ἐστιν,
2260 4112 2320 4161 Ὅ
2357 4108 2608 4176 ἤκουσε,
2642 4106 2838 4167 λαλεῖ,
2863 4104 2959 4158 καὶ
2982 4103 3013 4157 ὃ
3042 4104 3280 4172 ἑώρακε,
3306 4104 3635 4172 μαρτυρεῖς

2067 4189 2283 4260 Ἐπειδὴ
2308 4188 2395 4241 διὰ
2417 4189 2526 4240 τῶν
2552 4187 2857 4257 αἰσθήσεων
2873 4183 3077 4238 τούτων
3104 4187 3262 4254 ἡμεῖς
3293 4185 3469 4260 πάντα
3498 4200 3637 4252 μαν-

2053 4259 2284 4339 θάνομεν
2307 4267 2567 4338 ἀκριϐῶς,
2595 4267 2688 4318 καὶ
2720 4266 3022 4330 ἀξιόπιστοι
3046 4263 3310 4333 δοκοῦμεν
3339 4259 3477 4316 εἶναι
3500 4263 3639 4317 διὸἀο

2058 4348 2263 4412 σκαλοι,
2298 4348 2436 4418 ὑπὲρ
2463 4339 2536 4398 ὧν
2566 4345 2598 4417 ἢ
2634 4344 2752 4414 ὕψει
2780 4342 3205 4414 παραλάϐωμεν,
3232 4343 3264 4413 ἢ
3304 4342 3441 4412 ἀκοῇ
3468 4340 3637 4407 δεξώ-

2056 4428 2214 4499 μεθα,
2245 4429 2337 4480 ἆτε
2367 4426 2427 4478 οὐ
2444 4424 2818 4493 πλαττόμενοι,
2836 4422 2955 4476 οὐδὲ
2979 4421 3149 4492 ψευδῆ
3170 4421 3419 4489 λέγοντες
3437 4438 3448 4449 ·
3477 4420 3638 4475 τοῦτο

2051 4505 2146 4559 καὶ
2201 4502 2432 4555 ἐνταῦθα
2483 4501 2887 4554 κατασκευάσαι
2949 4499 3269 4569 βουλόμενος
3316 4501 3344 4552 δ
3386 4500 3636 4569 Ἰωάννης

2051 4579 2170 4635 εῐπε
2204 4582 2283 4645 τὸ,
2328 4584 2388 4633 Ἃ
2428 4578 2658 4648 ἤκουσε
2688 4580 2786 4631 καί
2819 4577 3069 4645 ἑώρακε·
3104 4579 3404 4642 τουτέστιν,
3438 4576 3635 4630 οὐδίενίἶ

2050 4661 2158 4715 τῶν
2181 4661 2309 4731 παρ’
2335 4658 2499 4714 αὐτοῦ
2521 4657 2712 4727 ψεῦδός
2734 4660 2899 4720 ἐστιν,
2918 4657 3054 4710 ἀλλά
3082 4657 3261 4710 πάντα
3279 4654 3636 4727 ἀληθῆ.οὖτω

2052 4738 2222 4810 δήπου
2240 4740 2331 4791 καὶ
2360 4739 2520 4808 ἡμεῖς
2541 4734 3029 4806 περιεργαζόμενοι
3047 4734 3303 4795 πολλάκις
3318 4736 3343 4786 ἐ
3352 4733 3630 4804 ρωτῶμεν’

2057 4819 2120 4871 σὺ
2151 4819 2417 4888 ἡκουσας;
2438 4816 2501 4867 σὺ
2534 4811 2703 4878 εἷδεςς
2733 4815 2836 4868 κᾶν
2852 4815 3033 4884 δειχθῇ
3065 4814 3239 4878 τοῦτο,
3269 4814 3634 4884 ἀναμφίόολος

2052 4899 2085 4966 ἡ
2116 4896 2409 4967 μαρτυρία.
2440 4895 2545 4948 Kal
2571 4895 2728 4958 αὐτὸς
2752 4894 2807 4947 δέ
2833 4895 2960 4947 ὅταν
2989 4895 3143 4965 λέγῃ,
3175 4895 3377 4961 Καθὼς
3414 4894 3631 4956 ἀκούω,

2051 4977 2250 5046 κρίνω,
2275 4977 2459 5040 κα“ι,“Ἃ
2482 4975 2723 5043 ἤκουσα
2737 4974 2896 5041 παρὰ
2915 4973 3020 5027 τοῦ
3040 4975 3272 5041 Πατρός
3288 4974 3632 5042 μου,λαλῶ,

2051 5056 2144 5108 καί¹
2176 5056 2245 5107 Ὃ
2294 5053 2656 5122 ἑωράκαμεν,
2695 5053 3023 5122 λαλοῦμεν,
3074 5053 3166 5106 καὶ
3206 5054 3306 5105 ὅσα
3354 5051 3418 5106 ἂν
3469 5054 3634 5123 ἐτερα

2054 5134 2274 5187 τοιαῦτα
2302 5133 2623 5203 φθέγγηται,
2641 5132 2738 5201 οὐχ
2762 5132 2847 5184 ἵνα
2875 5132 3134 5201 μάθωμεν
3151 5132 3231 5184 ὅτι
3255 5130 3634 5199 διδασκόμενος

2056 5214 2204 5283 λέγει
2238 5213 2274 5267 ἃ
2306 5213 2451 5281 λέγει
2492 5212 2669 5282 (τοῦτο
2714 5212 2824 5283 γὰρ
2867 5211 2966 5280 τῆς
3022 5211 3253 5281 ἐσχάτης
3303 5209 3485 5271 ἀνοίας
3517 5211 3634 5261 ἐστὶ

2056 5292 2316 5363 νομίζειν)
2338 5307 2350 5320 ·
2378 5290 2493 5344 ἀλλ’
2535 5291 2622 5343 ῖνα
2661 5291 2824 5360 μηδὲν
2847 5288 2951 5342 τῶν
2984 5287 3287 5358 λεγομένων
3323 5287 3631 5357 ὐποπτεύη-

2054 5389 2144 5425 ται
2182 5372 2333 5441 παρά
2364 5370 2471 5423 τῶν
2506 5370 2874 5439 ἀναισχύντων
2919 5369 3204 5420 Ἰουδαίων.
3252 5364 3467 5435 Ἐπειδὴ
3494 5367 3632 5441 *γὰρ

2049 5439 2276 5501 οὐδέπω
2302 5447 2401 5517 τὴν
2448 5446 2829 5514 προσήκουσαν
2874 5445 3002 5513 περὶ
3048 5442 3212 5495 αὐτοῦ
3264 5440 3419 5506 δόξαν
3467 5439 3629 5511 εἶχον,

2054 5526 2292 5596 συνεχῶς
2338 5525 2428 5576 ἐπὶ
2459 5525 2549 5577 τὸν
2602 5524 2820 5594 Πατέρα
2860 5521 3211 5591 καταφεύγει,
3240 5522 3448 5574 ἐκεῖθεν
3486 5520 3633 5585 ἀξιό-

2056 5623 2223 5659 πιστα
2254 5605 2421 5656 ποιῶν
2446 5604 2513 5656 τὰ
2538 5602 2823 5673 λεγόμενα.

2118 5684 2183 5754 β’.
2217 5685 2328 5737 Kal.
2351 5684 2403 5735 τί
2426 5681 2721 5748 θαυμάζεις
2742 5684 2791 5734 εἰ
2812 5681 2905 5733 ἐπὶ⁸
2925 5680 3014 5732 τὸν
3034 5680 3252 5751 Πατέρα
3272 5678 3628 5750 καταφεύγει.

2123 5783 2150 5822 d
2178 5781 2328 5851 δεινῇ-Ι.
2362 5788 2447 5851 γῆς
2470 5780 2605 5851 ἐἷναί
2640 5795 2808 5849 φησινς
2840 5778 3075 5851 δρᾷςδςι-
3094 5778 3227 5851 οὐδὲν
3258 5778 3375 5851 ἄλλο
3408 5777 3629 5851 φησὶν,ὶῆ

2059 5846 2148 5893 ὅτι.
2222 5858 2245 5884 e
2268 5839 2417 5892 Savll.
2462 5839 2717 5893 ἀνέσπασε,
2742 5841 2850 5887 τότε
2873 5840 2989 5899 μετά
3018 5839 3176 5894 ἀδείας
3209 5840 3369 5888 λοιπὸν
3391 5839 3630 5887 καταϐάλ-

2059 5908 2146 5954 λει.
2223 5904 2239 5941 ί
2265 5904 2413 5952 Savil.
2440 5906 2465 5951 ὁ
2485 5904 2680 5967 ἄνωθεν.
2700 5900 2877 5967 Morel.
2903 5901 2928 5946 ὁ
2950 5901 3002 5947 ἐκ
3023 5899 3632 5967 τοῦούρανοῦηῇιοι-ἱιςηι

2034 6020 2037 6023 ς
2059 5969 2215 6016 variat
2238 5969 2479 6014 lanlillum
2504 5966 2550 6011 in
2576 5963 2736 6011 verbis
2761 5968 2964 6023 tantum.
3033 5964 3057 6002 Β
3080 5960 3161 6012 Sic
3180 5960 3327 6012 Savil.
3354 5962 3524 6012 Morel.
3546 5962 3629 6022 ὃηο

2060 6031 2155 6075 λῶν
2179 6031 2240 6082 ὡς
2263 6028 2411 6076 οὐδέν.
2442 6027 2549 6075 Mox
2585 6024 2666 6073 alii
2687 6024 2810 6071 οὕτω
2831 6020 2959 6083 γοῦν.
