4094 6370
446 360 553 423 175

441 476 578 528 ὅπου
609 487 674 541 γε
714 472 879 535 αὐτὸς
907 470 1167 533 πολλάκις
1206 470 1300 523 καὶ
1330 470 1424 522 ἐπὶ
1456 470 1585 532 τοὺς
1618 469 1906 540 προφήτας
1941 468 2037 520 καὶ

440 558 535 611 ἐπὶ
561 557 662 622 τάς
689 555 913 628 Γραφάς
946 554 1193 625 ἐρχεται;
1227 553 1303 617 ὠς
1334 553 1463 606 ὅταν
1481 553 1636 625 λέγῃ,
1678 552 1929 605 Ἐκεῖνα(
1960 553 2039 604 εί-

440 655 548 694 σιν
576 642 639 692 αὶ
682 638 1091 710 μαρτυροῦσαι
1127 637 1258 704 περὶ
1296 637 1462 705 ἐμοῦ.
1512 632 1583 693 Ἀ
1596 637 1643 708 ρ’
1672 633 1767 689 οῦν
1802 636 1895 689 καὶ¹
1928 634 2036 687 τῶν

442 723 739 794 προφητῶν
775 721 1030 775 ἐλάττονα
1065 720 1227 774 αὑτὸν
1257 716 1395 774 εἶναι
1421 722 1689 791 φήσομεν,
1718 719 1903 790 ἐπειδὴ
1936 717 2035 781 τὰς

441 807 650 863 ἐκεῖθεν
677 804 823 859 ἕλκει
866 806 1204 878 μαρτυρίας;
1243 807 1477 874 Ἄπαγε.
1524 805 1624 858 Διά
1652 804 1761 876 γάρ
1802 804 1900 875 τὴν
1928 803 2038 858 τῶν

441 890 749 943 ἀκουόντων
789 888 1075 943 ἀσθένειαν
1110 889 1251 942 οὕτω
1293 888 1569 960 μεθοδεύει
1608 889 1700 942 τὸν
1730 887 1914 956 λόγον,
1944 886 2038 940 καὶ

442 973 597 1042 παρά
626 971 722 1025 τοῦ
772 972 986 1042 Πατρὸς
1015 972 1273 1042 ἀκηκοώς
1298 991 1430 1043 φησι
1455 973 1635 1026 λαλεῖν
1666 973 1810 1043 ἀπερ
1830 971 2034 1035 ἐλάλει,

440 1056 541 1126 ούχ
560 1055 635 1118 ὼς
656 1055 977 1110 διδασκάλου
1004 1056 1276 1125 δεόμενος,
1310 1056 1429 1110 ἀλλ’
1465 1058 1550 1111 ἵνα
1591 1059 1789 1110 ἐκεῖνοι
1814 1053 2036 1109 πιστεύ-

442 1155 578 1192 σωσι
605 1138 776 1208 μηδὲν
818 1134 957 1192 εἶναι
986 1138 1181 1208 ψεῦδος
1216 1140 1324 1193 τῶν
1350 1140 1682 1211 λεγομένων.
1711 1142 1776 1193 Ὃ
1809 1139 1866 1193 δὲ
1886 1138 2037 1209 λέγει

452 1222 725 1292 Ἰωάννης,
756 1221 995 1277 τοιοῦτόν
1026 1224 1197 1275 ἐστιν·
1241 1222 1383 1293 Ἐγὼ
1425 1224 1613 1295 δέομαι
1654 1224 1884 1279 ἀκοῦσαι
1927 1222 2037 1277 τῶν

441 1304 572 1374 παρ’
604 1304 837 1359 ἐκείνου.
855 1306 1098 1360 Ἀνωθεν
1124 1307 1234 1377 γάρ
1266 1306 1596 1377 έρχεται,τά
1630 1307 1839 1360 ἐκεῖθεν
1859 1307 2039 1377 ἀπαγ-

441 1387 669 1455 γέλλων,
702 1388 739 1445 ἃ
774 1388 933 1458 μόνος
968 1390 1129 1453 αὐτὸς
1150 1386 1257 1444 οἶδε
1301 1391 1487 1459 σαφῶς
1507 1408 1520 1420 ·
1551 1391 1611 1443 τὸ
1642 1389 2037 1460 γάρ,Ἐώρακε

442 1472 539 1523 καὶ
570 1470 827 1538 ἤκουσε,
858 1472 1015 1526 τοῦτό
1047 1475 1163 1527 ἐστι
1187 1472 1495 1543 δηλοῦντος.
1529 1476 1637 1528 Καὶ
1667 1474 1783 1541 τὴν
1807 1492 2037 1544 μαρτυ-

433 1554 580 1623 ρίαν
606 1555 795 1609 αὐτοῦ
820 1554 1020 1621 οὐδεὶς
1048 1556 1359 1624 λαμϐάνει.

512 1636 705 1690 Καίτοι
726 1640 820 1692 καὶ
854 1640 1103 1710 μαθητάς
1124 1636 1258 1710 εἶχε,
1284 1640 1379 1695 καὶ
1402 1641 1589 1693 πολλοὶ
1611 1644 1900 1712 προσεῖχον
1923 1645 2037 1706 τοῖς

442 1719 777 1791 λεγομένοις.
818 1722 941 1786 Πῶς
985 1719 1078 1777 οὖν
1106 1741 1294 1793 φησιν,
1330 1726 1410 1778 ὅτι
1440 1725 1675 1791 οὺδείς;
1710 1726 1881 1780 Τοῦτο
1917 1728 2039 1780 ἀντὶ

440 1803 560 1867 τοῦ,
584 1805 778 1873 ὀλίγοι,
803 1806 1017 1876 εἴρηται
1039 1807 1132 1861 νῦν
1151 1825 1165 1842 ο
1191 1809 1378 1876 ἐπειδὴ
1402 1810 1451 1861 εί
1484 1810 1687 1879 μηδένα
1711 1810 1887 1878 ἔλεγε,
1918 1809 2038 1874 πῶς

442 1889 746 1958 ἐπήγαγεν,
784 1889 837 1940 '0
861 1890 1064 1942 λαϐὼν
1079 1891 1265 1944 αὐτοῦ
1298 1891 1413 1958 τὴν
1436 1894 1793 1961 μαρτυρίαν,
1816 1895 2040 1963 ἐσφρά-

442 1987 617 2042 γισεν
653 1972 743 2026 ὅτι
772 1976 804 2027 ὀ
831 1974 977 2039 Θεὸς
998 1975 1236 2041 ἀληθής
1259 1976 1467 2041 ἐστιν;
1511 1976 1772 2029 Ἐνταῦθα
1809 1979 1903 2033 καὶ
1927 1978 2037 2032 τῶν

446 2054 595 2108 ίδίων
629 2055 968 2111 καθάπτεται
1002 2055 1279 2126 μαθητῶν,
1299 2058 1372 2121 ὡς
1399 2060 1460 2111 ού
1494 2059 1697 2129 σφόδρα
1734 2060 2037 2130 μελλόντων

443 2137 592 2207 αύτῷ
618 2139 895 2191 πιστεύειν
924 2139 1083 2203 τέως.
1115 2141 1238 2193 Ὀτι
1264 2143 1372 2211 γὰρ
1402 2143 1521 2196 οὐδὲ
1552 2142 1689 2213 μετά
1716 2142 1889 2197 ταῦτα
1914 2145 2036 2197 ἐπί-

445 2239 676 2276 στευσαν
693 2222 840 2293 αὐτῷ
856 2223 926 2277 τά
942 2225 1184 2293 ῥήματα,
1203 2224 1359 2296 δῆλον
1381 2227 1472 2279 καὶ
1492 2228 1557 2279 ὲκ
1576 2227 1684 2279 τῶν
1702 2226 2035 2297 μετέπειταα

443 2304 763 2374 λεχθέντων.
804 2306 902 2359 Διά
933 2306 1094 2359 τοῦτο
1127 2307 1235 2375 γάρ
1286 2307 1483 2380 αὐτοὺς
1513 2308 1665 2380 [179.]
1698 2312 1790 2363 καὶ
1822 2312 2036 2380 δεσμω-

443 2391 632 2459 τήριον
675 2389 840 2440 οἰκῶν
875 2388 1085 2441 ἐκεῖθεν
1117 2378 1329 2461 ἔπεμψε
1364 2378 1520 2461 πρὸς
1551 2378 1737 2456 αὑτὸν,
1769 2394 1855 2447 ἴνα
1887 2378 2037 2463 αύτῷ

446 2470 683 2541 συνδήσῃ
717 2470 934 2541 μᾶλλον.
960 2472 1022 2524 Ol
1044 2472 1099 2525 δὲ
1124 2473 1218 2525 καὶ
1246 2474 1366 2529 τότε
1391 2472 1542 2544 μόλις
1568 2475 1876 2538 ἐπίστευον.
1900 2479 2037 2549 ὅπερ

441 2554 509 2625 δὴ
533 2556 625 2608 καὶ
654 2557 683 2607 ὀ
712 2556 945 2626 Χριστὸς
989 2558 1361 2622 αἰνιττόμενος
1409 2553 1531 2613 εἷπε
1552 2576 1565 2588 ⁸
1614 2560 1723 2612 Καὶ
1744 2561 2037 2629 μακάριος

443 2636 514 2705 ὃς
539 2638 650 2691 ἐὰν
688 2639 773 2707 μὴ
802 2639 1230 2708 σκανδαλισθῇ
1258 2644 1325 2694 ἐν
1359 2644 1507 2713 ἐμοί.
1562 2644 1639 2698 Δι’
1672 2644 1825 2697 οὐδὲν
1857 2644 2036 2698 τοίνυν

442 2720 629 2792 ἓτερον
656 2717 799 2783 εἷπε.
819 2724 927 2777 Καὶ
951 2724 1064 2789 τὴν
1079 2727 1104 2765 b
1113 2727 1449 2793 μαρτυρίαν
1465 2727 1650 2781 αὐτοῦ
1667 2728 1865 2793 οὐδεὶς
1883 2732 2035 2797 λαμ-

446 2805 637 2870 ϐάνει,
668 2806 703 2877 ἢ
734 2810 862 2871 τοὺς
893 2808 1145 2878 μαθητὰς
1178 2809 1609 2880 ἀσφαλιζόμενος
1655 2812 1781 2874 τοὺς
1814 2812 2032 2876 ἑαυτοῦ,

446 2891 539 2947 καὶ
571 2893 853 2962 μονονουχὶ
873 2891 1046 2959 λέγων
1067 2909 1080 2923 ο
1120 2894 1194 2963 μὴ
1224 2894 1413 2964 ἐπειδὴ
1448 2894 1731 2963 μέλλουσιν
1755 2895 1903 2965 αὐτῷ
1921 2896 2035 2948 όλίο

447 2990 534 3042 γοι
560 2973 698 3036 τέως
724 2974 1023 3039 πιστεύειν,
1047 2975 1137 3029 διά
1162 2975 1321 3030 τοῦτο
1345 2976 1520 3046 ψευδῆ
1551 2978 1811 3047 νομίσητε
1834 2990 1857 3017 ο
1892 2975 2034 3034 εἶναι

445 3059 514 3115 τά
541 3058 810 3128 λεγόμενα
827 3077 839 3090 ·
862 3061 920 3114 Ἀ
951 3060 1063 3131 γὰρ
1084 3059 1324 3127 ἑώρακε,
1351 3062 1656 3129 μαρτιιοεὶ,
1684 3081 1756 3133 φη
1768 3063 1835 3115 σί.
1853 3064 2036 3119 Ταῦτα

444 3141 503 3197 δὲ
535 3140 681 3209 λέγει
708 3142 825 3212 ἅμα
857 3144 951 3198 καὶ
980 3144 1079 3213 τῆς
1114 3143 1410 3212 Ἰουδαϊκῆς
1444 3144 1857 3214 καθαπτόμενος
1883 3149 2037 3200 ἀναι-

446 3224 695 3295 σθησίας.
731 3226 908 3296 Ὅπερ
938 3222 1031 3279 οὖν
1058 3227 1150 3280 καὶ
1173 3228 1201 3281 ό
1232 3227 1637 3298 Εὑαγγελιστὴς
1678 3229 1979 3299 ἀρχόμενος
2005 3230 2033 3267 ά

445 3307 780 3377 ἐπετίμησεν
809 3310 1011 3373 αὐτοῖς,
1029 3308 1172 3361 οὕτω
1194 3308 1487 3378 λέγων,ὄτι
1515 3312 1614 3375 Εις
1638 3312 1708 3363 τὰ
1730 3312 1851 3365 ἴδια
1867 3307 2033 3382 ἦλθε,

446 3391 546 3446 καὶ
577 3394 632 3445 οἱ
653 3391 790 3444 Ιὸιοι
807 3393 994 3445 αὑτὸν
1016 3396 1087 3445 οὐ
1104 3393 1465 3459 παρέλαϐον.
1492 3393 1662 3446 Τοῦτο
1680 3395 1737 3447 δὲ
1755 3395 1853 3447 ούκ
1870 3396 2034 3448 αὑτοῦ

445 3474 721 3546 Εγκλημα,
749 3474 885 3527 ἀλλά
914 3474 1022 3529 τῶν
1054 3475 1130 3546 μὴ
1158 3474 1468 3546 δεξαμένων
1502 3478 1826 3549 κατηγορία.
1854 3478 1907 3529 ὐ
1935 3482 2038 3532 λαο

446 3556 567 3611 σὼν
598 3558 787 3612 αὐτοῦ
818 3557 934 3626 τὴν
954 3562 1288 3629 μαρτυρίαν
1319 3561 1707 3630 ἐσφράγισεν,
1736 3561 1822 3616 ὅτι
1840 3565 1873 3617 ὀ
1895 3566 2038 3631 Θεὸς

445 3641 685 3710 ἀληθής
713 3644 905 3699 ἐστιν.
932 3643 1198 3697 Ἐνταῦθα
1228 3644 1427 3707 αὐτοὺς
1456 3647 1551 3698 καὶ
1579 3646 1757 3714 φοϐεῖ·
1799 3647 2036 3701 δείκνυσι

448 3722 578 3795 γὰρ,
598 3725 682 3777 ὅτι
714 3728 743 3777 ὁ
771 3726 844 3799 μὴ
861 3724 1034 3795 τούτῳ
1056 3725 1348 3791 πιστεύων,
1377 3728 1478 3781 οὐκ
1511 3729 1660 3800 αὑτῷ
1695 3729 1874 3799 μόνον,
1902 3731 2038 3785 ἀλλά

447 3807 544 3863 καὶ
576 3807 654 3878 τῷ
682 3809 857 3879 Πατρὶ
892 3810 1133 3864 ἀπιστεῖ.
1158 3809 1251 3862 Διὸ
1282 3812 1374 3864 καὶ
1399 3812 1596 3880 ἐπάγει
1618 3831 1632 3843 ο
1669 3816 1772 3867 Ὃν
1796 3815 1906 3883 γὰρ
1921 3817 2035 3870 άπ-

447 3890 724 3945 ἐστειλεν
745 3895 777 3945 ό
812 3892 981 3961 Θεὸς,
1010 3892 1084 3947 τὰ
1104 3894 1347 3962 ῥήματα
1368 3895 1475 3949 τοῦ
1499 3897 1648 3951 Θεοῦ
1670 3898 1864 3952 λαλεῖ.
1885 3901 2038 3953 Ἐπεὶ

445 3969 541 4027 οὖν
560 3975 629 4027 τὰ
645 3974 851 4027 ἐκείνου
879 3974 1173 4044 φθέγγεται
1199 3976 1226 4028 ὅ
1246 3994 1305 4029 τε
1333 3978 1625 4044 πιστεύων,
1644 3981 1744 4034 ὅτε
1765 3982 2034 4046 ἀπιστῶν,

447 4054 643 4127 ἐκείνῳ
674 4056 769 4113 καὶ⁸
791 4056 1033 4113 πιστεύει
1069 4058 1163 4112 καὶ
1178 4059 1506 4114 ἀπιστεῐ.Τὺ
1530 4062 1585 4115 δὲ
1621 4063 2033 4135 Ἑσφράγισεν,

448 4139 650 4207 ἔδειξεν
684 4140 853 4197 ἐστίν.
884 4138 1070 4202 Οὕτως
1088 4141 1258 4195 εἰπὼν
1294 4144 1386 4196 καὶ
1420 4143 1501 4197 ἔτι
1527 4145 1704 4210 αὔξων
1736 4150 1829 4200 τὸν
1850 4149 2033 4218 φόϐον,

449 4222 837 4295 προστίθησιν·
875 4224 1005 4278 Ὅτι
1034 4236 1057 4265 ε
1084 4226 1117 4278 ό
1150 4224 1294 4291 Θεὸς
1329 4227 1564 4295 ἀληθής
1604 4231 1767 4284 ἐστι·
1801 4232 2036 4300 δεικνὺς,

446 4309 524 4371 ὠς
550 4308 617 4363 ἂν
639 4307 813 4370 ἄλλως
830 4325 913 4371 τις
933 4309 1249 4379 ἀπιστήσειε
1273 4309 1464 4381 τούτῳ,
1486 4314 1533 4365 εί
1560 4312 1633 4387 μὴ
1657 4313 1852 4384 ψεῦδος
1872 4334 2039 4371 κατα-

447 4391 603 4462 γνοίη
634 4391 727 4447 τοῦ
759 4391 1075 4461 πέμψαντος
1108 4393 1269 4451 αὑτὸν
1295 4395 1449 4448 Θεοῦ.
1485 4397 1638 4450 Ἐπεὶ
1672 4398 1850 4453 τοίνυν
1884 4401 2037 4456 οὐδὲν

447 4474 604 4538 ἐκτὸς
638 4474 746 4530 τῶν
776 4475 871 4529 τοῦ
895 4476 1107 4547 lla-:90;
1130 4476 1299 4547 λέγει,
1332 4479 1467 4534 ἀλλὰ
1497 4480 1676 4534 πάντα
1704 4482 1773 4535 τά
1803 4483 2035 4548 ἐκείνου,

445 4559 479 4615 ὁ
534 4558 865 4629 παρακούων
927 4558 1141 4623 τούτου,
1173 4559 1267 4613 τοῦ
1303 4562 1618 4631 πέμψαντος
1667 4568 2033 4637 παρήκουσεν.

460 4642 623 4714 Ὁρᾷς
650 4643 765 4706 πῶς
786 4644 983 4705 αὐτοὺς
1014 4646 1107 4695 καὶ
1130 4642 1219 4696 διά
1250 4643 1453 4698 τούτων
1479 4647 1868 4718 καταπλήττει;
1888 4650 2038 4714 Τέως

450 4726 560 4796 γάρ
588 4726 743 4783 οὐδὲν
784 4726 926 4796 μέγα
945 4725 1195 4797 ἐνόμιζον
1227 4722 1365 4782 εἶναι
1403 4729 1751 4799 παρακοῦσαι
1775 4732 1873 4784 τοῦ
1904 4734 2038 4804 Χρι-

451 4808 600 4862 στοῦ.
626 4808 724 4861 Διά
759 4809 919 4862 τοῦτο
946 4810 1264 4880 τηλικοῦτον
1289 4811 1529 4865 κίνδυνον
1557 4814 1905 4885 ὲπεκρέμασε
1924 4820 2037 4880 τοῖς

448 4891 720 4954 ἀπίστοις.
756 4892 843 4945 ἵνα
882 4892 1149 4960 μάθωσιν,
1192 4894 1274 4947 ὅτι
1322 4895 1486 4947 αὑτοῦ
1524 4896 1618 4949 τοῦ
1669 4896 1805 4951 Θεοῦ
1853 4917 2035 4971 παρα-

448 4974 700 5028 κούουσιν
742 4976 791 5027 οἱ
821 4975 912 5027 τοῦ
942 4975 1175 5045 Χριστοῦ
1204 4979 1627 5049 παρακούοντες.
1658 4977 1792 5035 Εῐτα
1820 4983 1915 5035 καὶ
1936 4985 2035 5039 ἑπ-

377 5059 382 5063 ’
450 5056 729 5129 εξέρχεται
754 5056 831 5127 τῷ
864 5057 1005 5129 λόγῳ
1036 5057 1231 5130 τούτῳ,
1268 5061 1403 5132 πρὸς
1422 5062 1483 5116 τὸ
1511 5064 1765 5119 ταπεινὸν
1797 5066 1895 5135 τῆς
1924 5067 2038 5121 δια-

450 5142 601 5205 νοίας
624 5139 643 5178 ί
674 5141 852 5195 αὐτῶν
886 5140 1227 5195 καταϐαίνων
1252 5144 1345 5196 καὶ
1368 5143 1540 5212 λέγων
1561 5161 1574 5175 ⁶
1611 5149 1694 5201 Οὐ
1713 5148 1821 5217 γὰρ
1844 5149 1912 5203 ἐκ
1934 5153 2038 5220 μέ..

452 5243 593 5294 τρου
622 5224 871 5278 δίδωσιν
897 5226 930 5277 ὀ
952 5223 1095 5290 Θεὸς
1122 5226 1184 5277 τὸ
1216 5226 1478 5295 Πνεῦμα.
1508 5229 1695 5295 Πάλιν,
1714 5232 1848 5298 ὅπερ
1877 5234 2031 5305 ἔφην,

450 5310 544 5367 ἐπὶ
568 5310 628 5363 τὸ
665 5309 1043 5380 ταπεινότερον
1078 5308 1199 5377 άγει
1240 5310 1331 5362 τὸν
1356 5311 1530 5379 λόγον,
1558 5314 1848 5368 ποικίλλων
1874 5318 2034 5372 αὐτὸν

449 5394 544 5446 καὶ
572 5393 977 5463 εὐπαράδεκτον
1005 5391 1175 5445 ποιῶν
1217 5396 1330 5456 τοῖς
1359 5394 1615 5449 ἀκούουσι
1646 5400 1787 5450 τότε.
1820 5400 1894 5453 Ού
1926 5400 2034 5471 γὰρ

447 5472 517 5547 ἦν
542 5477 716 5541 άλλως
744 5478 947 5546 ἐπᾶραι
977 5476 1073 5530 καὶ
1096 5475 1327 5547 αὐξῆσαι
1356 5479 1445 5531 τὸν
1482 5479 1663 5548 φόϐον.
1704 5483 1765 5534 Εἰ
1799 5482 1898 5553 μὲν
1926 5485 2035 5556 γάρ

448 5578 503 5614 τι
528 5561 655 5630 περὶ
688 5560 853 5613 αὑτοῦ
880 5556 1001 5613 εἷπε
1034 5560 1176 5629 μέγα
1199 5561 1292 5613 καὶ
1314 5561 1539 5630 ὑψηλὸν,
1574 5565 1675 5618 οὐκ
1695 5565 1759 5619 ἂν
1790 5568 2036 5621 ἐπίστευε

514 5650 542 5679 ⁸
569 5647 666 5697 Alii
690 5650 744 5696 ἐκ
761 5651 856 5695 τῶν
879 5650 997 5708 μετά
1018 5647 1185 5696 ταῦτα.
1211 5648 1321 5697 Mox
1348 5649 1521 5699 Morel.
1549 5652 1627 5700 διὰ
1645 5652 1788 5705 τοῦτο
1812 5655 1893 5708 οὖν
1918 5657 2036 5704 ἐκεῖν

449 5726 543 5777 νος.
571 5711 635 5777 _b
675 5708 829 5777 ἶΕμοί.
860 5708 949 5777 ί(ᾳαί
972 5712 1049 5777 διά
1066 5710 1207 5757 τοῦτο
1230 5712 1310 5759 καὶ
1331 5710 1413 5777 νῦν
1434 5713 1685 5777 ἐλεγεχκαὶ
1706 5718 1809 5777 τήν,
1848 5720 1918 5765 sic
1942 5719 2034 5766 Sa—

453 5770 873 5849 vil.lPaulolPostl
890 5770 1059 5843 Nord.
1100 5770 1761 5849 μονενουχὶηάπολογούμενρςξ
1798 5770 1807 5777 ’
1829 5780 1852 5808 ε
1880 5779 2031 5830 Savil.

450 5832 693 5899 νομίσητεέ
723 5832 896 5899 Ἀργει..
939 5833 1146 5899 νομίσαι.
1186 5832 1328 5899 ΙὺιρΪ
1344 5832 1550 5899 Ξενιικᾶ
1573 5832 1661 5899 γάρ
1682 5840 1866 5899 ἑώρακε
1884 5842 2030 5890 λαλεῖ.

452 5892 617 5942 Ταῦτα
638 5894 708 5965 δέη.
727 5954 756 5965 Α
775 5892 802 5931 ά
827 5892 1015 5965 ’μοι-ξεί.
1052 5896 1213 5965 ὥσπερ
1236 5895 1317 5942 οὖν
1339 5896 1421 5965 καὶ
1438 5895 1535 5965 ποῦ
1562 5892 1851 5965 Εύαγγελίου
1888 5903 2034 5965 ἀρχό-

453 5971 607 6026 μενος·
675 5954 879 6026 is?!“
915 5955 1002 6026 Τὸν
1051 5954 1214 6026 φόϐον,
1250 5958 1392 6023 φησὶν
1432 5958 1521 6007 ὅτι.
1597 5954 2033 6025 (πομπὸς-τὸ

446 6014 623 6077 μέτρον
643 6021 727 6073 τῆς
744 6014 997 6069 ἀσθενείας.

1190 355 1248 411 S.
1287 352 1575 410 JOANNIS
1610 332 2107 406 CIIRYSOSTOMI-
2138 345 2457 401 ARCIIIEP.
2498 341 3056 401 CONSTANTINOP.

3618 342 3725 398 ΓΗ

2147 484 2266 531 σαν,
2298 469 2434 523 ἀλλά
2476 468 2573 525 καὶ
2622 464 3034 536 κατεφρόνησαν
3085 460 3170 515 ἄν.
3200 455 3299 511 Διά
3333 456 3489 511 τοῦτο
3517 456 3610 511 ἐπὶ
3638 458 3755 512 τὸν-

2147 552 2368 624 Πατέρα
2408 553 2599 621 ἀνάγει
2630 552 2690 604 τὸ
2718 552 2847 615 πᾶν,
2875 548 3037 602 πάλιν
3066 546 3138 610 ὡς
3169 544 3297 616 περὶ
3322 541 3610 612 ἀνθρώπου
3634 543 3730 597 τοῦ

2145 636 2383 708 Χριστοῦ
2411 636 2550 699 τέως
2574 634 2972 703 διαλεγόμενος.
2995 630 3060 684 Τί
3091 629 3146 683 δέ
3176 631 3322 682 ἐστιν
3350 628 3379 680 ὅ
3400 644 3583 697 φησιν,
3606 629 3729 681 Οὐκ

2142 720 2207 773 ἐκ
2229 720 2450 789 μέτρου
2473 719 2722 773 δίδωσιν
2751 721 2784 772 ό
2807 717 2951 782 Θεὸς
2978 715 3045 768 τὸ
3058 712 3330 781 Πνεῦμας
3360 710 3514 764 Θέλει
3534 711 3727 776 δεῖξαι,

2137 804 2221 856 ὅτι
2254 804 2453 867 πάντες
2476 804 2636 873 ἡμεῖς
2664 800 2850 872 μέτρῳ
2871 798 2968 870 τὴν
2996 796 3090 849 τοῦ
3116 794 3254 849 Πνεύ
3263 811 3430 865 ματος
3450 793 3729 864 ἐνέργειαν

2139 886 2405 957 ἐλάϐομεν
2435 903 2451 919 σ
2518 884 2745 955 Πνεῦμα
2809 883 2919 953 γὰρ
2987 879 3225 935 ἐνταῦθα
3283 878 3382 957 τὴν
3447 878 3729 949 ἐνέργειαν

2138 955 2326 1039 λέγειι
2360 969 2502 1039 αῦτη
2533 969 2641 1039 γάρ
2673 970 2820 1021 ἐστιν
2848 969 2881 1037 ή
2915 964 3279 1038 μεριζομένη⁹
3312 955 3466 1026 οὗτος
3503 962 3559 1015 δὲ
3586 963 3726 1032 ἀμέρ

2136 1073 2336 1127 τρητον
2357 1056 2469 1127 ἔχει
2492 1056 2590 1109 καὶ
2615 1054 2906 1125 ὀλόκληρον
2935 1054 3115 1106 πᾶσαν
3139 1051 3237 1118 τὴν
3266 1049 3565 1117 ἐνέργειαν.
3586 1048 3647 1102 Et
3669 1050 3728 1103 δὲ

2139 1142 2172 1210 ή
2214 1139 2464 1210 ἐνέργεια
2490 1137 2657 1192 αὑτοῦ
2680 1138 3008 1209 ἀμέτρητος,
3045 1134 3223 1204 πολλῷ
3255 1132 3453 1203 μᾶλλον
3476 1135 3509 1202 ή
3544 1134 3721 1190 οὐσία.

2151 1222 2316 1293 Ὁρᾷς
2343 1223 2439 1275 καὶ
2469 1222 2531 1275 τὸ
2572 1220 2796 1291 Πνεῦμα
2822 1214 3093 1289 ἀπειρονς
3123 1218 3181 1270 '0
3214 1217 3395 1271 τοίνυν
3423 1218 3601 1268 πᾶσαν
3628 1217 3722 1270 τοῦ

2139 1304 2460 1375 Πνεύματος
2501 1304 2795 1376 δεξάμενος
2843 1305 2945 1372 τὴν
2981 1303 3283 1373 ἐνέργειαν,
3309 1302 3338 1353 ό
3365 1299 3433 1353 τὰ
3465 1299 3556 1352 τοῦ
3587 1299 3723 1353 Θεοῦ

2138 1390 2315 1452 εἰδὼς,
2360 1392 2389 1443 ό
2436 1390 2631 1457 λέγων,
2688 1392 2758 1442 "0
2788 1389 3155 1456 ἠκούσαμεν.
3196 1385 3523 1453 λαλοῦμεν,
3562 1385 3659 1438 καί
3689 1385 3724 1438 ὃ

2138 1474 2499 1542 ἑωράκαμεν,
2528 1472 2965 1542 μαρτυροῦμεν,
3004 1471 3117 1533 πῶς
3150 1470 3215 1523 ἂν
3248 1469 3333 1536 εἴη
3363 1469 3565 1532 δίκαιος
3591 1470 3724 1523 ὑπο-

2140 1556 2464 1621 πτεύεσθαι;
2501 1556 2665 1608 Οὐδὲν
2706 1556 2816 1626 γάρ
2854 1572 3039 1625 φησιν,
3078 1554 3105 1607 δ
3149 1555 3221 1623 μὴ
3261 1553 3353 1606 τοῦ
3383 1554 3514 1606 Θεοῦ
3552 1554 3720 1615 ἐστιν,

2138 1640 2258 1693 ούδέ
2290 1640 2318 1692 ό
2367 1640 2440 1711 μὴ
2479 1639 2571 1692 τοῦ
2611 1638 2927 1707 Πνεύματός
2960 1640 3095 1692 ἐστι.
3152 1638 3259 1689 Καὶ
3292 1638 3427 1699 τέως
3470 1638 3595 1701 περὶ
3628 1634 3721 1692 τοῦ

2088 1777 2107 1791 ,
2138 1723 2274 1777 Θεοῦ
2309 1723 2484 1789 Λόγου
2514 1723 2665 1776 οὐδὲν
2699 1724 3021 1791 φθέγγεται,
3053 1721 3165 1774 ἀλλ’
3216 1722 3322 1775 ἀπὸ
3365 1720 3456 1774 τοῦ
3510 1720 3723 1792 [ἰατρὸς

2142 1804 2291 1878 [175]
2322 1806 2417 1861 καὶ
2443 1805 2536 1857 τοῦ
2563 1806 2881 1876 Πνεύματος
2912 1806 3221 1872 ἀξιόπιστον
3248 1807 3479 1858 ποιεῖται
3511 1804 3607 1875 τὴν
3639 1804 3721 1859 δι-

2138 1890 2449 1945 δασκαλίαν.
2477 1890 2599 1943 ’Ότι
2644 1890 2740 1959 μὲν
2775 1889 2884 1962 γὰρ
2905 1889 3035 1953 Θεός
3066 1890 3235 1953 ἐστιν,
3272 1888 3490 1959 ⁴ᾔδεσαν,
3516 1888 3612 1941 καὶ
3636 1889 3719 1943 ὅτι

2140 1973 2366 2043 Πνεῦμὰ
2394 1976 2564 2037 ἐστιν,
2593 1974 2912 2044 ἠπίσταντο,
2962 1974 3010 2027 εί
3043 1973 3138 2026 καὶ
3176 1974 3249 2044 μὴ
3279 1974 3377 2043 τὴν
3409 1974 3720 2042 προσήκου-

2140 2074 2239 2112 σαν
2270 2059 2397 2125 περὶ
2425 2057 2589 2111 αὐτοῦ
2632 2056 2790 2124 δόξαν
2822 2056 2967 2127 εἶχον
2988 2076 3000 2088 ·
3037 2058 3121 2111 ὅτι
3157 2057 3339 2128 μέντοι
3368 2057 3498 2121 Υίός
3546 2059 3717 2117 ἐστιν,

2138 2142 2239 2193 οὐκ
2265 2141 2482 2211 ᾔδεσαν.
2506 2142 2604 2195 Διά
2630 2141 2788 2194 τοῦτο
2810 2142 2897 2195 ἀεὶ
2927 2141 3021 2195 ἐπὶ
3048 2141 3140 2194 τὸν
3177 2141 3396 2211 Πατέρα
3428 2141 3522 2194 καὶ
3548 2140 3640 2193 ἐπὶ
3659 2140 3721 2193 τὸ

2140 2225 2365 2296 Πνεῦμα
2406 2224 2762 2293 καταφεύγει,
2790 2224 3000 2278 ἐκεῖθεν
3048 2225 3407 2295 πιστούμενος
3448 2225 3517 2279 τά
3561 2224 3721 2293 λεγό-

2141 2325 2295 2378 μενα.
2339 2310 2491 2362 Ἐπεὶ
2536 2310 2631 2363 ἐάν
2671 2326 2757 2372 τις
2789 2308 2993 2379 ταύτην
3033 2308 3239 2362 ἀνελὼν
3272 2308 3369 2378 τὴν
3394 2307 3572 2360 αἰτίαν
3598 2308 3723 2362 καθ’

2139 2392 2330 2444 ἐαυτὸν
2358 2391 2589 2463 ἐξετάσῃ
2625 2392 2716 2445 τὸν
2760 2392 2941 2460 λόγον,
2967 2392 3169 2464 σφόδρα
3195 2391 3412 2445 ἀποδέει
3436 2391 3537 2460 τῆς
3564 2390 3722 2455 ἀξίας

2136 2474 2230 2527 τοῦ
2265 2475 2523 2545 Χριστοῦ.
2559 2476 2633 2529 Ού
2680 2476 2789 2547 γὰρ
2826 2474 2912 2529 διά
2951 2475 3110 2529 τοῦτο
3155 2475 3467 2541 ἀξιόπιστος
3513 2474 3719 2536 αὐτοῖς,

2137 2558 2324 2631 ἐπειδὴ
2355 2560 2455 2632 τὴν
2487 2560 2580 2613 τοῦ
2629 2560 2947 2630 Πνεύματος
2984 2560 3266 2630 ἐνέργειαν
3299 2557 3445 2629 ἔχει·
3499 2557 3560 2610 οὐ
3608 2555 3721 2629 γάρ

2135 2643 2235 2713 τῆς
2261 2643 2470 2696 ἐκεῖθεν
2498 2644 2669 2697 δεῖται
2700 2644 2972 2714 βοηθείας,
3020 2643 3137 2697 ἀλλ’
3166 2643 3328 2705 αὐτός
3356 2644 3504 2695 ἐστιν
3533 2640 3721 2711 ἀρκῶν

2137 2726 2331 2796 ἐαυτῷ.
2366 2726 2515 2788 Τέως
2544 2728 2599 2781 δέ
2630 2728 2765 2798 πρὸς
2796 2727 2894 2799 τὴν
2928 2728 3182 2780 ὑπόνοιαν
3211 2726 3319 2779 τῶν
3352 2726 3721 2797 ἀτελεστέρων

2138 2810 2455 2879 φθέγγεται,
2492 2811 2602 2865 ἀπὸ
2627 2811 2734 2865 τῶν
2772 2812 3045 2865 ταπεινῶν
3085 2811 3226 2865 κατά
3275 2811 3472 2880 μικρὸν
3522 2809 3723 2872 αὐτοὺς

2136 2896 2430 2964 ἀναγαγεῖν
2456 2894 2797 2966 βουλόμενος.
2824 2895 3007 2949 Ταῦτα
3037 2895 3094 2949 δέ
3123 2894 3283 2963 λέγω.
3314 2894 3399 2946 ἵνα
3423 2893 3495 2963 μὴ
3529 2892 3717 2956 ἁπλῶς

2135 2978 2204 3032 τά
2247 2979 2305 3031 ἐν
2336 2981 2457 3043 ταῖς
2497 2980 2535 3030 Γ
2542 2982 2742 3048 ραφαῖς
2793 2981 3024 3049 κείμενα
3072 2979 3524 3049 παρατρέχωμεν,
3578 2977 3717 3035 ἀλλά

2137 3063 2231 3115 καὶ
2260 3063 2351 3116 τὸν
2381 3064 2580 3117 σκοπὸν
2604 3061 2699 3115 τοῦ
2733 3062 3002 3130 λέγοντος,
3028 3063 3123 3116 καὶ
3160 3063 3259 3133 τὴν
3298 3062 3581 3115 ἀσθένειαν
3606 3061 3716 3115 τῶν

2137 3146 2444 3219 ἀκροατῶν,
2482 3148 2577 3201 καὶ
2614 3146 2788 3200 πολλά
2823 3146 2985 3218 ἕτερα
3013 3147 3082 3201 τά
3123 3149 3182 3201 ἐν
3209 3146 3399 3209 αὑταῖς
3430 3164 3717 3216 καταμαν-

2138 3232 2408 3302 θάνωμεν.
2435 3233 2512 3286 Ού
2542 3233 2653 3303 γὰρ
2699 3232 2880 3286 πάντα
2910 3231 2984 3296 ὡς
3016 3231 3295 3302 βούλονται
3330 3233 3379 3284 ot
3411 3232 3717 3288 διδάσκαλοι

2138 3315 2485 3385 φθέγγονται,
2519 3316 2655 3368 ἀλλά
2685 3315 2755 3368 τὰ
2786 3314 2955 3368 πολλά
2978 3314 3052 3378 ὡς
3082 3314 3114 3384 ή
3150 3314 3263 3381 ἕξις
3290 3315 3400 3369 τῶν
3432 3315 3721 3371 ἀσθενούν-

2135 3418 2243 3452 των
2271 3401 2510 3452 ἀπαιτεῖ.
2553 3399 2642 3452 Διὸ
2677 3400 2771 3452 καὶ
2818 3398 3027 3463 Παῦλος
3054 3398 3222 3467 λέγει’
3255 3400 3377 3452 Οὐκ
3404 3398 3723 3466 ἠδυνήθην

2135 3480 2279 3548 ὑμῖν
2303 3479 2572 3548 λαλῆσαι
2604 3480 2684 3547 ὡς
2720 3479 3163 3548 πνευματικοῖς,
3208 3480 3347 3533 ἀλλ’
3384 3480 3466 3544 ὡς
3511 3496 3722 3547 σαρκι-

2137 3563 2283 3629 κοῖς.
2314 3562 2485 3618 Γάλα
2509 3561 2667 3632 ὑμᾶς
2694 3563 2966 3625 ἐπότισα,
3001 3564 3073 3616 οὑ
3107 3561 3337 3630 βρῶμα.
3388 3563 3721 3633 Ἐϐουλόμην

2141 3648 2238 3717 μὲν
2271 3646 2402 3718 γὰρ,
2439 3647 2624 3716 φησὶν,
2657 3646 2732 3709 ὡς
2764 3648 3151 3716 πνευματικοῖς
3177 3645 3430 3713 λαλῆσαι,
3460 3646 3560 3699 ούκ
3590 3646 3722 3715 ἡδυο

2136 3731 2316 3801 νάμην
2351 3729 2428 3783 δέ.
2464 3729 2626 3795 Πῶς;
2676 3729 2788 3783 Ούκ
2824 3730 3010 3799 ἐπειδὴ
3051 3729 3212 3792 αὐτὸς
3240 3729 3517 3793 ἀδυνάτως
3548 3724 3716 3799 εἶχεν,

2137 3813 2250 3866 ἀλλ’
2294 3812 2483 3883 ἐπειδὴ
2533 3814 2731 3866 ἐκεῖνοι
2779 3812 2880 3866 οὐκ
2916 3812 3179 3883 ἠδύναντο
3230 3811 3404 3875 οὕτως
3463 3811 3717 3869 ἀκοῦσαι.

2136 3896 2296 3951 Οὕτω
2317 3899 2410 3950 καὶ
2427 3898 2678 3962 Ἰωάννης
2696 3896 2945 3949 ἐϐούλετο
2985 3896 3194 3964 μεγάλα
3214 3896 3333 3948 τινὰ
3356 3895 3564 3959 διδάξαι
3592 3895 3720 3958 τοὺς

2141 3981 2411 4052 μαθητάς,
2435 3982 2551 4036 ἀλλ’
2576 3981 2787 4034 οὐδέπω
2815 3980 3067 4047 δέξασθαι
3095 3980 3371 4049 ἠνείχοντο
3393 3982 3606 4034 ἐκεῖνον
3628 3979 3721 4037 διὰ

2137 4065 2293 4119 τοῦτο
2319 4068 2430 4128 τοῖς
2462 4066 2865 4134 ταπεινοτέροις
2895 4063 3217 4133 ἐνδιατρίϐει
3251 4062 3503 4133 μάλιστα.

2208 4151 2278 4209 γ’.
2308 4143 2428 4215 Χρὴ
2449 4143 2630 4198 τοίνυν
2649 4142 3024 4213 διερευνᾶσθαι
3051 4140 3189 4211 μετὰ
3208 4140 3491 4211 ἀκριϐείας
3517 4141 3717 4197 πάντα.

2137 4229 2248 4282 Καὶ
2273 4229 2382 4298 γὰρ
2409 4226 2547 4280 ὅπλα
2576 4228 2692 4281 ἐστὶ
2720 4227 2787 4280 τὰ
2817 4226 2925 4281 ἀπὸ
2948 4225 3056 4279 τῶν
3082 4225 3312 4295 Γραφῶν
3340 4226 3717 4295 πνευματικά.

2151 4310 2289 4363 Ἀλλ’
2322 4310 2388 4363 ἂν
2416 4312 2491 4382 μὴ
2524 4310 2754 4379 εἰδῶμεν
2792 4310 3031 4381 ἁρμόσαι
3060 4310 3127 4362 τὰ
3154 4308 3313 4371 ὅπλα,
3339 4309 3435 4363 καὶ
3469 4308 3720 4361 καθοπλί-

2140 4410 2229 4446 σαι
2257 4394 2440 4458 καλῶς
2466 4394 2594 4457 τοὺς
2622 4393 2889 4465 μαθητάς,
2924 4394 3063 4447 αύτά
3107 4394 3205 4463 μὲν
3232 4392 3343 4463 ἔχει
3372 4392 3470 4463 τὴν
3509 4393 3720 4449 οἰκείαν

2142 4479 2314 4549 ἰσχὺν,
2357 4479 2484 4541 τοὺς
2524 4477 2847 4549 δεχομένους
2878 4478 2933 4533 δέ
2969 4477 3121 4531 οὐδὲν
3155 4478 3432 4549 ὠφελῆσαι
3470 4478 3714 4533 δύναται.

2137 4562 2330 4631 Θῶμεν
2362 4562 2472 4633 γὰρ
2505 4557 2645 4617 εἶναι
2687 4561 2914 4631 θώρακα
2966 4562 3202 4633 ἰσχυρὸν.
3251 4562 3340 4615 καὶ
3381 4563 3578 4632 κράνος
3623 4561 3719 4614 καὶ

2138 4646 2359 4707 ἀσπίδα,
2404 4645 2499 4699 καὶ
2538 4644 2686 4716 δόρυ·
2730 4641 2847 4696 εἶτα
2876 4644 3087 4697 λαϐέτω
3117 4662 3199 4707 τις
3236 4643 3409 4698 ταῦτα
3453 4644 3521 4697 τὰ
3552 4643 3716 4707 ὅπλα,

2138 4731 2231 4784 καὶ
2258 4730 2350 4783 τὸν
2381 4730 2479 4800 μὲν
2500 4728 2725 4800 θώρακα
2757 4728 3080 4799 περιτιθέτω
3104 4731 3217 4791 τοίς
3238 4730 3386 4791 ποσὶ,
3417 4729 3479 4781 τὸ
3505 4728 3561 4781 δὲ
3580 4728 3721 4799 κρά-

2137 4831 2247 4877 νος,
2276 4814 2398 4867 άντὶ
2434 4812 2535 4883 τῆς
2578 4811 2840 4880 κεφαλῆς.
2874 4813 2937 4881 τῇ
2973 4810 3113 4879 ὄψει,
3148 4812 3241 4863 καὶ
3270 4812 3368 4882 τὴν
3400 4812 3599 4865 ἀσπίδα
3640 4812 3718 4884 μὴ

2138 4897 2245 4968 πρὸ
2269 4896 2363 4949 τοῦ
2389 4894 2617 4965 στήθους
2645 4892 3051 4963 προϐαλλέσθω,
3073 4894 3207 4946 ἀλλά
3236 4895 3603 4962 φιλονεικείτω
3624 4912 3691 4947 πε

2140 4981 2435 5052 ριαρτῆσαι
2462 4981 2573 5042 τοῖς
2607 4977 2783 5031 ποσίν·
2838 4973 2948 5048 ἆρα
2982 4977 3268 5048 δυνήσεταί
3300 4996 3353 5031 τι
3394 4979 3500 5031 τῶν
3535 4978 3718 5032 ὃπλων

2138 5062 2441 5117 ἀπόνασθαι
2490 5063 2516 5101 ⁸
2563 5061 2787 5124 τούτων,
2840 5060 2956 5113 ἀλλ’
3014 5061 3133 5129 ούχὶ
3202 5062 3294 5114 καὶ
3353 5061 3714 5131 βλαϐήσεταις

2138 5142 2307 5195 Παντί
2345 5157 2445 5193 που
2491 5138 2670 5210 δῆλον.
2705 5138 2845 5193 Ἀλλ’
2892 5139 2951 5191 οὐ
2995 5138 3143 5208 παρά
3173 5139 3270 5209 τὴν
3297 5140 3579 5194 ἀσθένειαν
3608 5139 3718 5191 τῶν

2136 5221 2337 5283 ὅπλων,
2365 5217 2500 5273 ἀλλά
2531 5217 2682 5289 παρά
2710 5218 2809 5288 τὴν
2844 5217 3097 5288 ἀπειρίαν
3118 5216 3211 5269 τοῦ
3247 5218 3346 5271 ούκ
3379 5218 3577 5281 εἰδότος
3611 5220 3714 5271 αύ-

2136 5304 2244 5364 τοῖς
2271 5298 2575 5371 χρήσασθαι
2622 5297 2822 5361 καλῶς.
2860 5296 3017 5350 Οῦτω
3058 5296 3152 5350 καὶ
3193 5296 3417 5349 ἐπὶτῶν
3460 5297 3714 5369 Γραφῶψ

2136 5379 2201 5435 ἂν
2225 5381 2322 5452 τὴν
2348 5378 2501 5443 τάξιν
2524 5378 2702 5431 αὐτῶν
2728 5377 3064 5447 συγχέωμεν,
3080 5376 3178 5445 τὴν
3209 5376 3307 5444 μὲν
3328 5377 3533 5428 οἰκείαν
3556 5372 3719 5431 αὗται

2135 5460 2364 5529 δύναμιν
2386 5458 2565 5521 ἕξουσι
2588 5457 2679 5510 καὶ
2701 5455 2893 5519 οὕτως,
2920 5456 3066 5526 ἡμᾶς
3094 5456 3151 5508 δὲ
3179 5455 3329 5507 οὐδὲν
3351 5455 3716 5525 ὠφελήσουσι.

2136 5539 2322 5592 Ταῦτα
2352 5538 2439 5591 ἀεὶ
2468 5537 2562 5590 καὶ
2597 5535 2701 5606 ἰδίᾳ
2740 5535 2834 5588 καὶ
2864 5535 3099 5605 δημοσίᾳ
3144 5533 3523 5605 διαλεγόμενος
3561 5535 3715 5604 ὑμῖν,

2136 5618 2288 5672 οὐδὲν
2326 5615 2473 5669 ἀνύω
2507 5615 2686 5668 πλέον’
2721 5615 2944 5685 καὶγὰρ
2974 5616 3085 5675 τοῖς
3116 5612 3387 5683 βιωτικοῖς
3418 5614 3597 5668 πάντα
3624 5614 3719 5666 τὸν

2136 5699 2324 5767 χρόνον
2362 5693 2817 5766 προσηλωμένους
2843 5695 2987 5765 ὑμᾶς
3012 5693 3153 5765 ὁρῶ,
3192 5694 3298 5747 τῶν
3328 5696 3720 5765 πνευματικῶν

2136 5777 2257 5832 οὺδέ
2281 5778 2412 5847 ὃναρ
2446 5776 2761 5846 μετέχοντες
2805 5775 2856 5827 h.
2894 5774 2992 5827 Διά
3026 5774 3183 5827 τοῦτο
3219 5775 3312 5827 καὶ
3361 5779 3389 5829 ό
3425 5774 3537 5844 βίος
3582 5778 3719 5845 ἡμῖν

2137 5858 2429 5929 ἠμέληται,
2462 5857 2556 5909 καὶ
2603 5854 2745 5923 ὑπὲρ
2780 5854 2880 5926 τῆς
2913 5853 3169 5925 ἀληθείας
3206 5854 3618 5925 ἀγωνιζόμενοι,
3653 5858 3715 5909 οὑ

2202 5959 2227 5996 Β
2252 5959 2335 6005 δίο
2353 5957 2502 6005 Savil.
2528 5954 2700 6003 Morel.
2723 5954 3075 6004 ἀποτείνασθαι.

3144 5952 3169 5992 δ
3195 5954 3348 6008 Morel
3386 5958 3717 6019 πνευματικῶν

2141 6021 2305 6071 οὐδένα
2330 6019 2466 6082 λόγον
2488 6018 2811 6081 ποιουμένους.
