4094 6370
358 321 427 376 73
1341 315 1404 371 IN
1443 313 1751 390 JOANNEM
1790 314 2019 373 IIOMIL.
2062 315 2229 373 XXX.
2270 318 2340 373 al.
2378 314 2576 375 XXIX.

319 453 430 493 rem
455 449 577 489 esse
613 434 884 496 dicemus,
916 433 1037 501 quia
1071 431 1193 487 inde
1234 432 1532 485 testimonia
1575 440 1841 486 mtttuatur
1870 432 1893 481 ?

320 528 489 583 Absit.
511 527 614 581 Sed
639 537 855 595 propter
880 525 1180 578 anditormn
1204 523 1563 577 inlirmitatem
1583 523 1660 575 sic
1686 539 1895 575 scruto-

320 634 439 673 nem
480 628 737 686 temperat
757 658 772 677 ,
801 625 857 670 et
893 631 959 669 ex
1000 615 1157 669 Patre
1188 612 1363 667 audita
1404 628 1465 668 se
1494 628 1713 667 narrare
1744 614 1893 679 dicit,

319 725 423 764 non
452 710 602 778 quasi
632 708 851 762 dOCtore
881 715 1064 775 egeat,
1098 706 1191 760 sed
1224 715 1283 758 ut
1316 703 1389 758 illi
1417 705 1657 766 credant,
1694 704 1823 758 nihil
1863 720 1894 759 a

318 817 376 857 se
419 800 611 854 falsum
647 800 773 854 dici.
807 799 957 864 Quod
989 809 1165 853 autem
1195 796 1325 851 dicit
1352 795 1607 861 Joannes,
1636 799 1714 851 sic
1744 798 1898 851 intel-

321 891 422 962 ligo
451 911 466 945 :
494 891 618 945 Mihi
648 905 783 960 opus
806 902 888 944 est
916 890 1099 944 audire
1124 890 1192 943 ab
1224 889 1336 942 illo.
1379 887 1512 942 Nam
1549 889 1616 941 de
1644 889 1777 942 caelo
1808 904 1899 942 ve-

319 983 427 1047 nit,
465 992 521 1036 et
546 981 778 1036 caelestia
810 981 1050 1046 nuntiat,
1080 995 1200 1048 quze
1226 979 1376 1034 solus
1403 979 1515 1047 ipse
1537 980 1678 1032 clare
1701 980 1847 1031 novit
1876 995 1892 1042 ;

319 1088 440 1127 nam
472 1072 621 1138 illud,
652 1072 857 1126 Audiuit
894 1081 942 1127 et
973 1072 1117 1137 vidit,
1147 1071 1250 1126 hoc
1270 1070 1551 1140 signiﬁcat.
1582 1068 1649 1123 Et
1676 1080 1897 1124 testimo-

319 1166 459 1218 nium
483 1166 595 1235 ejus
620 1181 763 1219 nemo
787 1164 991 1233 accipit.

386 1255 606 1310 Joannis
640 1254 880 1322 discipuli
916 1253 1116 1307 Clu-isto
1153 1269 1255 1306 non
1281 1251 1622 1305 crediderant.
1642 1279 1713 1292 -
1737 1253 1893 1320 Atqui

319 1346 613 1416 discipulos
643 1345 827 1400 habuit
864 1354 919 1401 et
956 1345 1108 1400 multi
1153 1344 1314 1398 dictis
1356 1344 1470 1414 ejus
1499 1344 1891 1408 attendebant;

319 1452 416 1492 cur
455 1451 583 1507 ergo
624 1436 785 1501 dicit,
818 1434 984 1490 Nemo
1025 1434 1250 1505 accipit?
1278 1434 1391 1489 Iloc
1420 1442 1523 1500 est,
1552 1434 1711 1490 Pauci
1755 1439 1896 1489 acci-

320 1529 489 1596 piunt.
527 1527 658 1582 Nam
689 1528 731 1581 si
776 1528 1043 1582 neminem
1070 1528 1328 1594 dixisset,
1357 1542 1455 1582 cur
1484 1528 1848 1597 subjunxisset
1877 1546 1890 1582 :

318 1621 405 1676 33.
438 1621 540 1686 Qui
576 1622 766 1689 accepit
804 1623 912 1691 ejus
954 1622 1315 1688 testimonium,
1357 1622 1569 1691 signavit
1612 1622 1730 1691 quia
1756 1620 1895 1674 Deus

319 1732 470 1769 verax
494 1725 567 1769 est
595 1716 621 1769 .9
655 1715 752 1769 llic
777 1714 1066 1783 discipulos
1095 1730 1220 1769 suos
1252 1714 1596 1785 perstringit,
1630 1729 1695 1768 ac
1718 1715 1760 1767 si
1788 1729 1891 1768 non

319 1808 541 1859 multum
578 1806 627 1861 ei
666 1806 917 1861 credituri
945 1814 1143 1860 essent.
1168 1805 1316 1872 Quod
1346 1805 1486 1859 enim
1515 1820 1686 1873 neque
1712 1814 1889 1873 postea

318 1898 416 1965 ipsi
463 1896 822 1963 eraiiderint,
855 1898 1025 1965 palam
1070 1908 1154 1951 est
1194 1911 1256 1951 ex
1297 1896 1660 1965 sequentibus.
1692 1894 1893 1949 Idcirco

318 1989 436 2044 illos
465 1991 517 2043 in
556 2004 770 2044 carcere
800 1989 1034 2043 inclusus
1072 1989 1214 2043 misit
1240 1989 1306 2043 ad
1332 2003 1453 2043 eum
1476 2029 1491 2053 ,
1522 1996 1579 2042 ut
1604 1987 1750 2057 ipsos
1777 2004 1891 2040 ιιιει-

317 2082 394 2149 gis
434 2079 536 2149 ipsi
571 2087 930 2134 connecteret.
966 2079 1044 2133 Illi
1083 2094 1210 2133 vero
1242 2090 1366 2134 tunc
1406 2079 1565 2133 etiam
1599 2080 1684 2131 vix
1714 2079 1891 2132 credi-

316 2171 545 2237 derunt,
572 2170 714 2240 quod
741 2170 1086 2225 subindicaus
1115 2170 1356 2225 Christus
1396 2170 1548 2236 dixit,
1581 2169 1771 2223 Beatus
1806 2171 1893 2239 qui

316 2280 415 2318 non
440 2264 594 2333 fuerit
619 2263 992 2317 scandalizatus
1019 2263 1071 2315 in
1102 2279 1179 2317 me
1208 2261 1228 2335 (
1254 2262 1440 2316 Matth.
1473 2264 1562 2317 ii.
1592 2265 1623 2317 6
1654 2266 1694 2329 ).
1737 2262 1890 2317 Nulla

316 2356 472 2426 igitur
516 2355 621 2408 alia
666 2355 736 2408 de
762 2368 925 2409 causa
952 2355 1109 2419 dicit,
1137 2352 1210 2407 Et
1235 2354 1571 2407 testimonium
1613 2355 1719 2423 ejus
1747 2369 1890 2407 nemo

314 2451 517 2519 accipit,
561 2465 718 2521 quam
748 2461 803 2503 ut
828 2449 1120 2519 discipulos
1150 2462 1277 2503 suos
1306 2447 1533 2510 erudiat,
1568 2462 1630 2501 ac
1656 2448 1699 2501 si
1740 2446 1888 2500 dicc-

315 2550 397 2596 ret
427 2558 441 2594 :
479 2540 557 2595 Ne
592 2541 787 2610 putetis
815 2541 935 2610 quia
970 2540 1122 2610 pauci
1152 2538 1405 2593 credituri
1436 2546 1587 2605 sunt,
1619 2538 1736 2593 ideo
1760 2538 1889 2590 falsa

314 2632 403 2687 illa
448 2648 568 2687 esse
594 2648 714 2701 qua:
741 2631 1012 2697 dicuntur,
1041 2631 1169 2685 Nam
1211 2630 1339 2697 Qua:
1366 2630 1508 2695 vidit,
1548 2639 1773 2687 testatur,
1806 2630 1888 2681 in-

310 2723 447 2793 quit.
476 2722 606 2777 Ha-c
637 2736 797 2791 porro
825 2722 974 2787 dicit,
1010 2732 1066 2776 ut
1100 2721 1256 2775 simul
1282 2721 1585 2775 Juda‘orum
1618 2720 1885 2789 ignaviam

311 2815 669 2883 perstringat;
700 2822 756 2866 ut
791 2815 842 2866 in
884 2813 1145 2883 principio
1172 2813 1441 2882 Evangelii
1474 2814 1619 2881 ipsos
1647 2811 1888 2880 coarguit

313 2910 392 2962 his
422 2908 599 2962 verbis
634 2925 646 2960 :
676 2906 740 2960 In
768 2908 972 2976 prapria
1013 2906 1164 2968 venit,
1192 2916 1239 2960 et
1280 2908 1360 2959 sui
1398 2921 1513 2959 eum
1554 2921 1655 2957 non
1684 2920 1886 2972 recepe-

306 3010 447 3052 ηηι.
476 2998 588 3052 Hoc
613 3009 788 3053 autem
817 3012 921 3051 non
949 2997 1233 3057 venientis,
1261 2995 1355 3050 sed
1384 3009 1489 3048 non
1516 2994 1885 3063 recipientium

312 3104 587 3161 peccatum
618 3100 721 3147 est.
755 3091 855 3157 Qui
875 3090 1065 3159 accepit
1093 3091 1203 3160 ejus
1230 3088 1584 3152 testimonium,
1609 3088 1884 3159 obsignavit

306 3184 425 3249 quia
462 3182 597 3236 Deus
637 3199 787 3237 verax
815 3194 908 3237 est.
936 3182 1032 3237 Hic
1064 3182 1183 3236 illos
1208 3189 1469 3249 exterret,
1501 3195 1624 3234 cum
1653 3179 1886 3233 ostendit

306 3290 428 3329 eum
456 3275 545 3344 qui
581 3273 797 3329 Christo
822 3290 925 3327 non
951 3272 1143 3340 credit,
1182 3288 1286 3325 non
1313 3271 1474 3325 modo
1499 3285 1604 3325 non
1641 3270 1761 3339 ipsi,
1789 3269 1882 3324 sed

307 3381 481 3435 neque
509 3366 651 3420 Patri
674 3366 891 3420 credere
918 3383 931 3427 ς
960 3365 1306 3435 quamobrem
1333 3362 1514 3433 adjicit
1543 3380 1557 3418 :
1592 3362 1679 3417 '54.
1722 3361 1883 3428 Quem

305 3459 440 3511 enim
485 3457 622 3510 misit
657 3455 814 3522 Deus,
844 3456 993 3509 verba
1016 3454 1112 3509 Dei
1138 3455 1377 3524 loquitur.
1407 3453 1539 3521 Quia
1566 3467 1694 3522 ergo
1720 3451 1881 3507 verba

304 3550 423 3617 ejus
465 3548 716 3618 loquitur,
748 3558 801 3600 et
850 3547 1074 3600 credens
1126 3545 1197 3599 illi
1246 3544 1436 3609 credit,
1469 3552 1523 3599 et
1570 3542 1879 3597 incredulus

304 3642 380 3695 illi
412 3657 518 3695 non
548 3639 737 3695 credit.
780 3639 915 3693 Illud
959 3650 1160 3706 autem,
1193 3638 1508 3710 Obsignavit,
1551 3637 1604 3692 id
1643 3646 1744 3703 est,
1774 3637 1878 3692 Os-

305 3732 493 3787 :endit.
534 3732 821 3801 Postquam
870 3732 982 3786 haec
1024 3732 1159 3786 dixit
1182 3740 1235 3786 et
1262 3731 1506 3785 timorem
1536 3730 1713 3794 auxit,
1747 3727 1881 3797 adji-

299 3825 374 3876 cit
401 3842 414 3875 :
449 3824 581 3889 Quia
606 3822 742 3878 υιυε
768 3838 917 3877 verax
941 3834 1012 3876 est
1034 3841 1051 3887 ,-
1079 3821 1401 3893 significans,
1430 3821 1701 3875 neminem
1723 3833 1879 3888 posse

301 3916 379 3971 illi
420 3931 526 3969 non
556 3915 795 3979 credere,
831 3915 928 3968 nisi
958 3914 1217 3968 mendacii
1246 3921 1430 3982 arguat
1459 3911 1625 3965 Deum
1664 3910 1751 3979 qui
1779 3911 1879 3963 mi-

300 4008 373 4061 sit
416 4007 610 4075 ipsum.
652 4006 911 4074 Quoniam
943 4005 1101 4076 igitur
1139 4004 1269 4059 nihil
1310 4011 1458 4058 extra
1484 4016 1548 4057 ea
1595 4016 1712 4071 quae
1756 4009 1879 4055 sunt

301 4098 479 4155 Patris
509 4098 639 4152 dicit
661 4096 924 4162 Christus,
967 4096 1062 4151 sed
1106 4096 1281 4151 omnia
1312 4096 1455 4149 illius
1479 4103 1602 4148 sunt
1632 4109 1646 4159 ;
1679 4094 1767 4160 qui
1800 4093 1880 4161 ip-

298 4207 420 4245 sum
447 4206 555 4244 non
588 4189 752 4255 audit,
787 4179 1084 4243 mittentem
1123 4188 1334 4242 Patrem
1362 4202 1466 4241 non
1497 4185 1663 4240 audit.
1689 4184 1876 4239 Viden‘

297 4282 570 4353 quomodo
606 4282 749 4351 ipsos
789 4296 885 4352 per
926 4280 1040 4335 haec
1078 4282 1239 4335 etiam
1279 4280 1580 4351 percellat?
1611 4279 1877 4333 Hactenus

297 4374 443 4429 enim
473 4373 602 4426 nihil
631 4387 793 4443 grave
823 4372 1079 4442 putabant
1100 4384 1222 4425 esse
1246 4371 1512 4425 Christum
1538 4385 1641 4424 non
1670 4370 1874 4424 audire.

302 4465 427 4521 Ideo
460 4477 663 4518 tantum
710 4464 999 4532 perieulum
1032 4462 1319 4518 incredulis
1349 4461 1659 4532 impendere
1689 4472 1876 4516 osten-

294 4559 411 4623 dit,
438 4568 499 4610 ut
546 4557 756 4609 discant
793 4555 1062 4610 Christum
1108 4569 1213 4607 non
1258 4553 1441 4608 audire
1486 4553 1712 4621 idipsum
1756 4567 1877 4607 esse

296 4652 439 4719 quod
474 4650 639 4702 Deum
681 4666 782 4701 non
817 4647 1019 4701 audire.
1059 4645 1263 4702 Deinde
1303 4647 1663 4715 prosequitur,
1705 4645 1876 4699 imbe-

297 4744 502 4796 cillitati
549 4744 745 4795 mentis
784 4756 965 4795 eorum
999 4755 1058 4795 se
1086 4749 1477 4809 attemperans,
1522 4740 1604 4793 his
1652 4739 1873 4794 verbis:

299 4839 347 4893 Ν
357 4856 423 4892 οη
456 4839 590 4891 enim
630 4839 696 4889 ad
723 4853 1004 4889 mensuram
1042 4835 1128 4888 dat
1166 4832 1302 4888 Deus
1343 4833 1615 4903 Spiritum.
1649 4833 1873 4897 Rursus,

300 4940 357 4982 nt
386 4928 515 4992 dixi,
539 4928 805 4982 lnnuiliori
833 4927 989 4981 modo
1011 4926 1265 4996 loquitur,
1296 4926 1373 4979 sic
1405 4925 1617 4979 varians
1643 4924 1707 4977 ad
1742 4924 1874 4977 iaci-

299 5021 485 5075 liorem
514 5019 817 5073 auditorum
862 5029 1072 5086 captum
1106 5034 1120 5083 ;
1172 5033 1275 5071 non
1305 5016 1446 5072 enim
1479 5023 1686 5085 poterat
1720 5014 1876 5068 aliter

300 5122 497 5165 metum
524 5124 741 5180 augere.
773 5109 903 5163 Nam
933 5109 975 5162 si
998 5108 1121 5179 quid
1150 5107 1217 5162 de
1247 5109 1362 5177 ipso
1389 5121 1636 5175 magnum
1666 5105 1873 5159 et'sub-

296 5204 425 5259 lime
464 5204 723 5266 dixisset,
756 5217 858 5255 non
904 5201 1283 5265 credidissent,
1313 5199 1407 5253 sed
1456 5199 1505 5251 id
1544 5197 1691 5251 nihili
1723 5199 1877 5251 iecis-

300 5305 440 5349 sent.
469 5294 593 5349 ldeo
619 5294 684 5348 ad
702 5294 911 5348 Patrem
932 5302 1100 5346 totum
1124 5290 1307 5357 refert,
1332 5290 1399 5344 de
1426 5288 1640 5343 Christo
1666 5290 1873 5341 interim

300 5390 449 5458 quasi
480 5387 549 5442 de
576 5386 794 5441 homine
814 5387 1057 5456 loquens.
1086 5383 1225 5450 Quid
1255 5398 1383 5437 vero
1412 5382 1672 5452 signiﬁcat
1698 5382 1824 5435 illud
1859 5401 1872 5436 :

301 5480 422 5535 Non
464 5482 533 5533 ad
581 5496 865 5532 mensuram
904 5478 993 5531 dat
1032 5476 1171 5530 Deus
1200 5476 1630 5546 Spiritunt?Nos
1665 5490 1870 5539 omnes,

298 5574 408 5635 ait,
441 5573 505 5626 ad
546 5586 849 5625 mensuram
875 5569 1104 5638 Spiritus
1129 5568 1495 5637 operationem
1521 5567 1823 5634 accepimus
1854 5606 1868 5625 .

302 5680 398 5733 per
424 5665 680 5733 Spiritum
724 5662 867 5716 enim
912 5661 995 5716 hic
1034 5662 1396 5731 operationem
1433 5658 1677 5728 intelligit
1716 5675 1728 5712 :
1762 5657 1875 5711 haec

303 5758 493 5827 quippe
547 5769 611 5809 ea
658 5762 745 5806 est
788 5766 907 5821 quae
958 5751 1293 5807 distribuitur
1336 5766 1349 5804 :
1404 5748 1490 5804 hic
1539 5762 1666 5804 vero
1708 5756 1869 5804 totam

616 5861 890 5925 PATROL.
937 5863 1055 5925 Gtt.
1098 5863 1260 5930 LIX.

3482 321 3582 380 ιιι

2011 432 2158 486 illam
2203 434 2318 488 sine
2372 450 2620 492 mensura
2671 434 2830 492 habet
2872 437 3259 505 operationem.
3309 438 3363 493 Si
3402 452 3580 493 autem

2004 526 2243 593 operatio
2268 526 2384 595 ejus
2413 529 2669 583 immensa
2696 540 2780 585 est
2806 530 2972 583 multo
2998 531 3167 600 magis
3194 531 3311 599 ejus
3335 533 3580 585 substan-

2006 616 2097 667 tia.
2131 615 2313 669 Vidcn‘
2335 616 2594 686 Spiritum
2623 620 2781 675 etiam
2805 620 3124 675 immensum
3148 621 3306 675 esse?
3329 620 3425 687 Qui
3454 637 3583 689 ergo

2002 713 2167 760 totam
2220 707 2447 775 Spiritus
2491 711 2856 779 operationem
2903 712 3150 781 accepit;
3197 713 3289 780 qui
3334 727 3417 778 ea,
3463 728 3581 783 qua:

2002 808 2126 852 sunt
2172 799 2296 861 Dei,
2347 804 2528 866 novit;
2576 803 2667 873 qui
2714 802 2887 859 dicit:
2921 804 3068 870 Quod
3105 805 3389 858 audivimus
3419 806 3584 873 loqui-

2001 904 2136 952 mur,
2182 900 2227 943 et
2263 891 2397 959 quod
2424 893 2639 946 vidimus
2681 903 2920 947 testamur
2942 909 2963 958 ,'
2989 894 3258 965 quomodo
3289 897 3458 963 possit
3487 911 3580 949 Stt-

2000 988 2214 1045 spectus
2260 980 2488 1035 haberi?
2524 982 2665 1037 Nihil
2691 984 2835 1038 enim
2874 985 3003 1039 dicit
3041 986 3182 1055 quod
3227 1001 3334 1040 non
3363 986 3432 1040 sit
3464 987 3578 1046 Dt-i.

2004 1069 2135 1122 nihil
2172 1070 2315 1135 quod
2359 1087 2462 1126 non
2504 1073 2573 1126 sit
2614 1074 2863 1143 Spiritus.
2907 1077 3080 1145 Atque
3107 1077 3320 1131 interim
3347 1076 3482 1131 nihil
3513 1078 3580 1130 de

2004 1159 2113 1213 Deo
2127 1159 2299 1214 Verbo
2333 1162 2585 1233 loquitur,
2612 1166 2704 1220 sed
2724 1182 2789 1222 ex
2812 1167 2966 1221 Patre
2984 1177 3037 1222 et
3060 1184 3126 1222 ex
3148 1168 3349 1238 Spiritu
3374 1170 3577 1224 doctri-

2001 1269 2081 1305 nae
2122 1269 2233 1306 suae
2279 1254 2436 1309 lidetu
2466 1256 2736 1315 conciliat.
2766 1257 2917 1325 Quod
2947 1258 3083 1313 Deus
3112 1268 3256 1314 esset
3285 1271 3577 1329 noverant,

2000 1342 2140 1411 (ιιιοά
2170 1344 2398 1412 Spiritus
2436 1356 2580 1403 esset
2618 1348 2889 1413 sciebant,
2919 1350 3019 1403 etsi
3056 1365 3162 1406 non
3195 1363 3577 1420 congruentem

2000 1435 2067 1488 de
2098 1436 2185 1488 illo
2210 1438 2513 1505 opinionem
2541 1438 2799 1493 haberent
2828 1458 2842 1493 :
2869 1440 3008 1508 quod
3037 1452 3213 1495 autem
3247 1441 3413 1496 Filius
3436 1454 3581 1497 esset

2000 1528 2326 1583 nesciebant.
2370 1528 2495 1584 Iden
2524 1547 2735 1598 semper
2772 1532 2837 1586 ad
2870 1532 3080 1589 Patrem
3126 1544 3180 1588 ct
3215 1534 3281 1588 ad
3322 1535 3575 1603 Spiritum

1998 1620 2233 1688 confugit
2255 1663 2268 1683 ,
2302 1632 2357 1675 ιιι
2383 1622 2539 1676 dictis
2578 1624 2737 1677 lldem
2770 1625 3038 1679 conciliet.
3072 1623 3202 1678 Nam
3234 1629 3277 1679 si
3318 1628 3437 1695 quis
3478 1627 3577 1678 hac

1998 1713 2202 1767 sublata
2245 1729 2434 1780 causa,
2485 1731 2786 1769 sermonem
2840 1732 2933 1784 per
2962 1731 3021 1770 se
3059 1716 3388 1781 consideret,
3420 1716 3574 1784 longe

1998 1804 2148 1857 abest
2175 1820 2205 1857 a
2234 1804 2492 1873 dignitate
2531 1804 2746 1859 Christi.
2778 1806 2892 1859 Non
2923 1807 3063 1859 enim
3096 1806 3215 1861 ideo
3241 1807 3345 1862 Ilde
3384 1806 3572 1876 dignus

1998 1895 2127 1964 ipsis
2157 1907 2290 1959 erat,
2312 1897 2452 1965 quod
2479 1897 2707 1966 Spiritus
2735 1898 3100 1966 operationem
3123 1897 3341 1954 haberet
3373 1916 3388 1953 :
3419 1898 3577 1967 quip-

1997 2000 2064 2053 pe
2090 1986 2177 2053 qui
2211 2002 2315 2040 non
2347 1998 2499 2056 egeat
2526 1989 2723 2043 auxilio
2746 1989 2908 2052 illius,
2937 1989 3032 2043 sed
3058 1988 3156 2043 sibi
3186 1989 3299 2057 ipse
3322 1988 3571 2043 sufﬁciat.

1996 2074 2212 2132 Interim
2240 2093 2368 2132 vero
2394 2080 2688 2134 secundum
2718 2080 3101 2149 simpliciorum
3143 2081 3448 2148 opinionem
3489 2081 3577 2136 lo-

1996 2170 2196 2239 quitur,
2226 2183 2283 2225 ut
2302 2172 2369 2225 ab
2398 2172 2769 2226 humilioribus
2801 2172 3051 2240 paulatim
3079 2171 3198 2225 illos
3228 2174 3417 2241 erigat.
3451 2172 3575 2227 llaec

1996 2273 2172 2316 autem
2201 2263 2322 2315 dico
2344 2303 2356 2325 ,
2386 2274 2443 2317 ut
2472 2278 2542 2316 ne
2576 2264 2751 2317 obiter
2780 2263 3070 2333 Scripturm
3092 2265 3231 2319 dicta
3261 2273 3578 2333 pnetercur-

1994 2370 2192 2420 ramus,
2222 2356 2314 2409 sed
2349 2365 2403 2410 et
2428 2355 2657 2410 dicentis
2686 2371 2905 2426 scopum
2932 2364 2988 2411 et
3012 2358 3315 2412 auditorum
3341 2356 3569 2413 itubecil

1995 2448 2197 2503 litatem
2246 2450 2454 2520 aliaque
2507 2455 2670 2507 multa
2732 2454 3058 2522 exploranda
3108 2468 3229 2507 esse
3278 2452 3571 2508 discamus.

1997 2540 2255 2595 Doctores
2294 2543 2437 2596 enim
2480 2560 2584 2597 non
2615 2545 2790 2598 omnia
2834 2553 2891 2597 ut
2916 2544 3115 2597 vellent
3142 2544 3242 2611 ipsi
3272 2543 3567 2614 proferunt,

1994 2632 2087 2686 sed
2121 2633 2374 2703 pleraque
2413 2636 2478 2688 ad
2519 2636 2820 2689 auditorum
2858 2648 3069 2703 captum
3104 2636 3572 2703 inlit'ntitatctmgue

1996 2732 2313 2792 temperant.
2360 2725 2485 2779 Ideo
2528 2727 2723 2781 Paulus
2770 2727 2845 2780 ait
2884 2743 2898 2779 :
2932 2725 3053 2779 Non
3099 2726 3237 2796 potui
3267 2725 3400 2780 vobis
3436 2724 3571 2795 loqui

1991 2817 2136 2882 quasi
2164 2817 2532 2886 spiritualibus,
2556 2821 2644 2873 sed
2670 2820 2816 2891 quasi
2850 2820 3155 2873 carnalibus.
3185 2818 3287 2873 Luc
3313 2822 3447 2874 vobis
3478 2836 3571 2888 po-

1992 2918 2097 2961 tum
2124 2910 2260 2975 dedi,
2285 2927 2386 2964 non
2411 2911 2575 2965 cibum
2602 2912 2677 2983 (l.
2698 2911 2814 2965 Cor.
2838 2913 2891 2966 5.
2914 2914 2962 2966 l.
2982 2911 3062 2981 2).
3084 2912 3359 2977 Volebam,
3379 2911 3569 2981 inquit.

1990 3001 2142 3056 vobis
2172 3013 2227 3055 ut
2252 3004 2614 3070 spiritualibus
2655 3004 2816 3074 loqui,
2862 3018 2960 3058 nec
2996 3005 3162 3073 potui.
3203 3005 3378 3072 Quare
3406 3006 3429 3056 Ἰ
3455 3004 3568 3058 Non

1988 3092 2128 3162 quod
2170 3094 2261 3147 ille
2290 3110 2394 3148 non
2425 3104 2639 3162 posset,
2668 3095 2763 3149 sed
2801 3096 2924 3164 quia
2967 3095 3041 3148 illi
3069 3110 3175 3150 non
3209 3105 3455 3163 petersnt
3491 3096 3570 3149 sic

1988 3183 2196 3238 audire.
2222 3184 2315 3238 Sic
2330 3195 2386 3238 et
2407 3184 2639 3239 Joannes
2662 3185 2877 3239 volebat
2901 3199 3088 3254 magna
3106 3185 3347 3254 quaedam
3372 3185 3567 3238 docere

1987 3276 2301 3346 discipulos,
2333 3276 2426 3332 sed
2470 3277 2522 3331 id
2553 3277 2626 3331 illi
2656 3276 2889 3331 nondum
2916 3291 3108 3344 capere
3140 3284 3405 3346 poterant.
3441 3274 3565 3329 Ideo

1987 3367 2040 3422 in
2064 3367 2434 3422 humilioribus
2462 3368 2690 3423 maxime
2718 3379 2981 3422 versatur.

2056 3461 2109 3515 3.
2152 3460 2442 3531 Diligenter
2472 3459 2627 3530 igitur
2663 3461 2839 3512 omnia
2884 3465 3007 3512 sunt
3053 3457 3401 3526 exploranda.
3433 3456 3564 3512 Nam

1986 3552 2272 3622 Scriptura:
2308 3552 2449 3607 dicta
2495 3552 2787 3622 spiritualia
2828 3566 2976 3606 arma
3019 3560 3163 3605 sunt.
3203 3551 3399 3606 Verum
3425 3553 3471 3606 si
3500 3567 3563 3605 ea

1983 3644 2234 3713 adaptare
2258 3656 2309 3700 et
2337 3645 2625 3714 discipulos
2656 3645 2819 3713 probe
2844 3660 3054 3699 armare
3080 3645 3402 3710 nesciamus,
3449 3647 3563 3715 ipsa

1983 3736 2194 3806 quidem
2223 3751 2374 3790 suam
2403 3738 2508 3790 vim
2538 3736 2771 3800 habent,
2802 3734 2896 3789 sed
2938 3737 3158 3789 armatis
3185 3736 3393 3789 inutilia
3415 3746 3559 3789 sunt.

1983 3828 2358 3900 Supponamus
2382 3845 2502 3884 esse
2519 3828 2730 3882 ﬁrmum
2750 3828 3044 3895 thoracem,
3068 3829 3290 3897 galeam,
3314 3830 3558 3899 clypeum

1982 3932 2037 3978 et
2060 3925 2296 3978 hastam:
2317 3921 2509 3977 deinde
2534 3937 2678 3977 arma
2707 3923 2794 3976 illa
2813 3924 2935 3992 quis
2954 3922 3196 3991 accipiat,
3221 3930 3276 3975 ct
3291 3919 3561 3975 thoracem

1982 4015 2236 4084 pedibus;
2264 4016 2465 4085 galeam
2491 4030 2595 4069 non
2625 4016 2804 4086 capiti,
2838 4016 2932 4071 sed
2959 4016 3156 4079 oculis;
3184 4016 3431 4086 clypeum
3454 4028 3559 4067 non
3623 4033 3628 4038 ν

1983 4106 2206 4175 pectori,
2232 4106 2323 4161 sed
2355 4106 2574 4175 pedibus
2600 4106 2818 4176 adaptet
2844 4124 2857 4160 :
2881 4121 2946 4159 an
2966 4108 3161 4175 poterit
3187 4106 3268 4160 his
3292 4106 3456 4159 armis
3475 4105 3563 4173 ju-

1982 4197 2134 4251 vari?
2161 4212 2335 4251 annon
2361 4198 2535 4267 potius
2566 4198 2628 4252 iis
2658 4198 2917 4251 laedatur?
2948 4197 3080 4251 Illud
3127 4207 3273 4251 certe
3304 4196 3559 4266 liquidum

1982 4298 2084 4344 est.
2116 4288 2227 4342 [Ioc
2249 4303 2375 4343 vero
2420 4304 2523 4342 non
2552 4304 2615 4342 ex
2646 4304 2913 4342 armorum
2946 4287 3307 4342 imbecillitate
3329 4330 3342 4353 ,
3374 4287 3465 4342 sed
3495 4303 3563 4341 ex

1983 4380 2244 4449 imperitia
2271 4380 2464 4434 utentis
2485 4382 2746 4449 provenit.
2776 4380 2848 4433 Ita
2879 4391 2934 4434 et
2960 4380 3011 4433 in
3035 4379 3343 4450 Seripturis,
3373 4380 3418 4434 si
3440 4380 3560 4434 Illa-

1983 4486 2097 4524 rum
2145 4468 2385 4523 ordinem
2424 4469 2811 4524 conlundamus
2838 4510 2852 4535 ,
2896 4470 3001 4523 illa:
3030 4484 3245 4537 semper
3268 4484 3362 4523 sua
3401 4479 3562 4525 erunt

1982 4562 2032 4615 vi
2065 4563 2336 4616 instructae
2368 4578 2379 4613 :
2412 4576 2508 4615 nos
2536 4577 2665 4615 vero
2690 4561 2817 4615 nihil
2844 4561 3123 4629 juvabunt.
3150 4561 3274 4615 Ilaec
3293 4561 3448 4615 vobis
3469 4577 3561 4631 pu-

1983 4656 2119 4710 blice
2144 4665 2196 4711 et
2220 4658 2458 4725 privatim
2489 4663 2756 4722 repetens,
2783 4654 2910 4707 nihil
2942 4654 3161 4722 proﬁcio
3190 4670 3203 4705 ε
3235 4669 3356 4707 nam
3387 4669 3561 4709 saacu-

1982 4746 2182 4801 Iaribus
2211 4762 2304 4801 vos
2341 4761 2558 4814 semper
2598 4747 2755 4800 rebus
2793 4746 3032 4800 addictos
3069 4746 3340 4814 conspicio
3367 4787 3382 4811 ,
3428 4745 3560 4800 dum

1983 4836 2276 4906 spiritualia
2314 4837 2447 4891 nihil
2479 4837 2727 4905 penditis.
2760 4836 2881 4889 Itleo
2906 4846 2954 4888 et
2990 4836 3151 4888 vitam
3201 4835 3517 4905 negligimus
3541 4875 3558 4900 ,

1982 4941 2033 4984 et
2062 4946 2181 4984 cum
2205 4944 2300 4999 pro
2322 4931 2542 4984 veritate
2567 4941 2852 4993 certamus,
2884 4944 2986 4981 non
3022 4944 3208 4997 magna
3233 4930 3282 4983 vi
3311 4930 3560 4984 instructi

1981 5036 2185 5087 sumus,
2209 5020 2299 5075 sed
2330 5020 2532 5074 ridiculi
2558 5020 2847 5085 evadimus,
2876 5030 2983 5074 tum
3009 5022 3146 5089 apud
3169 5022 3417 5091 gentiles,
3445 5031 3560 5075 tum

1982 5113 2119 5183 apud
2142 5113 2355 5167 Judmos
2380 5120 2433 5165 et
2460 5112 2597 5180 apud
2631 5112 2929 5165 htereticos.
2954 5113 3103 5178 Quod
3131 5116 3173 5166 si
3203 5116 3253 5166 in
3280 5114 3399 5168 aliis
3420 5128 3558 5182 que"-

1982 5220 2084 5274 que
2108 5204 2267 5257 rebus
2293 5203 2403 5272 pari
2449 5202 2765 5271 negligentia
2790 5204 3068 5256 uterentini
3096 5244 3111 5266 ,
3141 5218 3207 5258 ne
3230 5206 3307 5257 sic
3341 5202 3557 5272 quidem

1981 5295 2132 5349 vobis
2160 5302 2301 5349 esset
2342 5292 2741 5361 ignoscendum.
2772 5291 2968 5345 Verum
3001 5292 3052 5345 in
3079 5293 3423 5346 smcularibns
3466 5308 3558 5345 nec

1982 5389 2139 5457 gotiis
2168 5387 2389 5456 quisque
2414 5394 2649 5439 vestrum
2679 5394 2759 5439 est
2778 5385 2955 5454 gladio
2975 5387 3198 5449 acutior,
3229 5395 3332 5438 tam
3357 5386 3443 5453 qui
3467 5400 3559 5439 ar-

1987 5490 2064 5533 tes
2092 5488 2363 5543 exercent,
2389 5493 2545 5547 quam
2577 5477 2663 5546 qui
2692 5493 2776 5530 res
2803 5477 2986 5532 civiles
3008 5488 3253 5531 tractant.
3282 5477 3336 5531 In
3370 5494 3559 5533 neces-

1984 5571 2139 5624 sariis
2165 5585 2290 5623 vero
2337 5579 2391 5622 et
2430 5568 2792 5637 Spiritualibus
2818 5609 2833 5635 ,
2866 5570 3038 5640 ignavi
3081 5584 3298 5640 prorsus
3332 5585 3515 5625 sumus
3541 5609 3554 5633 ,

1984 5660 2116 5713 levia
2161 5659 2319 5713 rebus
2358 5658 2511 5712 seriis
2549 5658 2911 5727 praeferentes.
2959 5658 3091 5727 Qua:
3129 5672 3305 5715 autem
3350 5663 3559 5715 cteteris

1983 5750 2229 5805 omnibus
2272 5748 2614 5804 antefereuda
2651 5758 2803 5804 erant
2826 5789 2842 5818 ,
2888 5748 3003 5806 lucc
3054 5766 3122 5806 ne
3164 5749 3303 5807 levia
3344 5750 3560 5824 quidem

3120 5865 3181 5920 ιι
