  <div class='ocr_page' id='page_1' title='image "/cluster/home/n/w/nwhite01/storage/ocr_20150623/59/nnc1.0046979891/171.png"; bbox 0 0 4094 6370; ppageno 0'>
   <div class='ocr_carea' id='block_1_1' title="bbox 480 328 582 396">
    <p class='ocr_par' dir='ltr' id='par_1_1' title="bbox 480 341 582 396">
     <span class='ocr_line' id='line_1_1' title="bbox 480 341 582 396; baseline -0.049 0"><span class='ocrx_word' id='word_1_1' title='bbox 480 341 582 396; x_wconf 69' lang='grc' dir='ltr'><strong>17ἴὶ</strong></span> 
     </span>
    </p>
   </div>
   <div class='ocr_carea' id='block_1_2' title="bbox 477 435 2053 529">
    <p class='ocr_par' dir='ltr' id='par_1_2' title="bbox 477 435 2053 529">
     <span class='ocr_line' id='line_1_2' title="bbox 477 435 2053 529; baseline -0.025 -9"><span class='ocrx_word' id='word_1_2' title='bbox 477 475 703 520; x_wconf 88' lang='lat' dir='ltr'><strong>censere</strong></span> <span class='ocrx_word' id='word_1_3' title='bbox 722 458 1021 529; x_wconf 90' lang='lat' dir='ltr'><strong>dignamur.</strong></span> <span class='ocrx_word' id='word_1_4' title='bbox 1045 453 1124 507; x_wconf 83' lang='lat' dir='ltr'><strong>An</strong></span> <span class='ocrx_word' id='word_1_5' title='bbox 1146 446 1361 503; x_wconf 76' lang='lat' dir='ltr'><strong>nescitis</strong></span> <span class='ocrx_word' id='word_1_6' title='bbox 1383 444 1495 496; x_wconf 61' lang='lat' dir='ltr'><strong>hare</strong></span> <span class='ocrx_word' id='word_1_7' title='bbox 1512 454 1616 492; x_wconf 91' lang='lat' dir='ltr'><strong>non</strong></span> <span class='ocrx_word' id='word_1_8' title='bbox 1646 435 1832 506; x_wconf 81' lang='lat' dir='ltr'><strong>priscis</strong></span> <span class='ocrx_word' id='word_1_9' title='bbox 1852 439 2053 484; x_wconf 87' lang='lat' dir='ltr'><strong>tantum</strong></span> 
     </span>
    </p>
   </div>
   <div class='ocr_carea' id='block_1_3' title="bbox 485 522 2057 616">
    <p class='ocr_par' dir='ltr' id='par_1_3' title="bbox 485 522 2057 616">
     <span class='ocr_line' id='line_1_3' title="bbox 485 522 2057 616; baseline -0.025 -3"><span class='ocrx_word' id='word_1_10' title='bbox 485 556 787 612; x_wconf 88' lang='lat' dir='ltr'><strong>hominibus</strong></span> <span class='ocrx_word' id='word_1_11' title='bbox 816 552 1009 616; x_wconf 88' lang='lat' dir='ltr'><strong>scripta</strong></span> <span class='ocrx_word' id='word_1_12' title='bbox 1032 559 1172 607; x_wconf 89' lang='lat' dir='ltr'><strong>esse,</strong></span> <span class='ocrx_word' id='word_1_13' title='bbox 1200 539 1295 596; x_wconf 90' lang='lat' dir='ltr'><strong>sed</strong></span> <span class='ocrx_word' id='word_1_14' title='bbox 1314 538 1471 593; x_wconf 90' lang='lat' dir='ltr'><strong>etiam</strong></span> <span class='ocrx_word' id='word_1_15' title='bbox 1495 532 1649 587; x_wconf 90' lang='lat' dir='ltr'><strong>nobis</strong></span> <span class='ocrx_word' id='word_1_16' title='bbox 1680 529 1738 582; x_wconf 68' lang='lat'><strong>‘1&#39;</strong></span> <span class='ocrx_word' id='word_1_17' title='bbox 1764 527 1877 581; x_wconf 82' lang='lat' dir='ltr'><strong>Non</strong></span> <span class='ocrx_word' id='word_1_18' title='bbox 1906 522 2057 577; x_wconf 81' lang='lat' dir='ltr'><strong>audis</strong></span> 
     </span>
    </p>
   </div>
   <div class='ocr_carea' id='block_1_4' title="bbox 484 617 2058 703">
    <p class='ocr_par' dir='ltr' id='par_1_4' title="bbox 484 617 2058 703">
     <span class='ocr_line' id='line_1_4' title="bbox 484 617 2058 703; baseline -0.024 0"><span class='ocrx_word' id='word_1_19' title='bbox 484 648 707 703; x_wconf 75' lang='lat' dir='ltr'><strong>Paulum</strong></span> <span class='ocrx_word' id='word_1_20' title='bbox 728 646 990 703; x_wconf 84' lang='lat' dir='ltr'><strong>dicentem</strong></span> <span class='ocrx_word' id='word_1_21' title='bbox 1022 656 1037 692; x_wconf 88' lang='lat'><strong>:</strong></span> <span class='ocrx_word' id='word_1_22' title='bbox 1073 637 1198 691; x_wconf 80' lang='lat' dir='ltr'><strong>Htcc</strong></span> <span class='ocrx_word' id='word_1_23' title='bbox 1223 633 1290 687; x_wconf 89' lang='lat' dir='ltr'><strong>ad</strong></span> <span class='ocrx_word' id='word_1_24' title='bbox 1316 640 1539 684; x_wconf 89' lang='lat' dir='ltr'><strong>nostram</strong></span> <span class='ocrx_word' id='word_1_25' title='bbox 1559 622 1842 679; x_wconf 75' lang='lat' dir='ltr'><strong>doctrinam</strong></span> <span class='ocrx_word' id='word_1_26' title='bbox 1870 617 2058 682; x_wconf 84' lang='lat' dir='ltr'><strong>scripta</strong></span> 
     </span>
    </p>
   </div>
   <div class='ocr_carea' id='block_1_5' title="bbox 486 801 2058 901">
    <p class='ocr_par' dir='ltr' id='par_1_5' title="bbox 486 801 2058 901">
     <span class='ocr_line' id='line_1_5' title="bbox 486 801 2058 901; baseline -0.027 -12"><span class='ocrx_word' id='word_1_27' title='bbox 486 836 577 901; x_wconf 83' lang='grc'><strong>11)</strong></span> <span class='ocrx_word' id='word_1_28' title='bbox 663 840 718 883; x_wconf 87' lang='lat' dir='ltr'><strong>ut</strong></span> <span class='ocrx_word' id='word_1_29' title='bbox 752 801 856 898; x_wconf 27' lang='lat' dir='ltr'><strong>vper</strong></span> <span class='ocrx_word' id='word_1_30' title='bbox 900 801 1190 893; x_wconf 84' lang='lat' dir='ltr'><strong>patientiam</strong></span> <span class='ocrx_word' id='word_1_31' title='bbox 1236 825 1281 871; x_wconf 89' lang='lat' dir='ltr'><strong>et</strong></span> <span class='ocrx_word' id='word_1_32' title='bbox 1324 809 1714 868; x_wconf 72' lang='lat' dir='ltr'><strong>consolationem</strong></span> <span class='ocrx_word' id='word_1_33' title='bbox 1758 801 2058 868; x_wconf 86' lang='lat' dir='ltr'><strong>Scriptura-</strong></span> 
     </span>
    </p>
   </div>
   <div class='ocr_carea' id='block_1_6' title="bbox 482 891 2060 989">
    <p class='ocr_par' dir='ltr' id='par_1_6' title="bbox 482 891 2060 989">
     <span class='ocr_line' id='line_1_6' title="bbox 482 891 2060 989; baseline -0.023 -13"><span class='ocrx_word' id='word_1_34' title='bbox 482 891 597 976; x_wconf 67' lang='grc' dir='ltr'><strong>γαίη</strong></span> <span class='ocrx_word' id='word_1_35' title='bbox 624 891 1058 989; x_wconf 53' lang='grc' dir='ltr'><strong>ερεηίΙιαῡέαηιαε</strong></span> <span class='ocrx_word' id='word_1_36' title='bbox 1091 911 1264 981; x_wconf 77' lang='lat' dir='ltr'><strong>(Rom.</strong></span> <span class='ocrx_word' id='word_1_37' title='bbox 1293 906 1381 960; x_wconf 87' lang='grc'><strong>15.</strong></span> <span class='ocrx_word' id='word_1_38' title='bbox 1409 903 1464 972; x_wconf 75' lang='grc' dir='ltr'><strong>ι)</strong></span> <span class='ocrx_word' id='word_1_39' title='bbox 1503 918 1516 955; x_wconf 90' lang='lat'>:</span> <span class='ocrx_word' id='word_1_40' title='bbox 1546 899 1671 954; x_wconf 90' lang='lat' dir='ltr'><strong>Scio</strong></span> <span class='ocrx_word' id='word_1_41' title='bbox 1696 891 2060 989; x_wconf 56' lang='lat' dir='ltr'><strong>equidetnnme</strong></span> 
     </span>
    </p>
   </div>
   <div class='ocr_carea' id='block_1_7' title="bbox 484 980 2063 1078">
    <p class='ocr_par' dir='ltr' id='par_1_7' title="bbox 484 980 2063 1078">
     <span class='ocr_line' id='line_1_7' title="bbox 484 980 2063 1078; baseline -0.023 -11"><span class='ocrx_word' id='word_1_42' title='bbox 484 980 676 1068; x_wconf 79' lang='lat' dir='ltr'><strong>frustra</strong></span> <span class='ocrx_word' id='word_1_43' title='bbox 719 1009 897 1078; x_wconf 84' lang='lat' dir='ltr'><strong>loqui,</strong></span> <span class='ocrx_word' id='word_1_44' title='bbox 942 1004 1035 1059; x_wconf 86' lang='lat' dir='ltr'><strong>sed</strong></span> <span class='ocrx_word' id='word_1_45' title='bbox 1088 1002 1245 1055; x_wconf 83' lang='lat' dir='ltr'><strong>tinem</strong></span> <span class='ocrx_word' id='word_1_46' title='bbox 1293 994 1502 1051; x_wconf 86' lang='lat' dir='ltr'><strong>dicendi</strong></span> <span class='ocrx_word' id='word_1_47' title='bbox 1548 1005 1651 1044; x_wconf 94' lang='lat' dir='ltr'><strong>non</strong></span> <span class='ocrx_word' id='word_1_48' title='bbox 1694 985 1903 1078; x_wconf 85' lang='lat' dir='ltr'><strong>faciam.</strong></span> <span class='ocrx_word' id='word_1_49' title='bbox 1938 980 2063 1078; x_wconf 76' lang='lat' dir='ltr'><strong>&quot;me</strong></span> 
     </span>
    </p>
   </div>
   <div class='ocr_carea' id='block_1_8' title="bbox 485 1070 2060 1164">
    <p class='ocr_par' dir='ltr' id='par_1_8' title="bbox 485 1070 2060 1164">
     <span class='ocr_line' id='line_1_8' title="bbox 485 1070 2060 1164; baseline -0.023 -6"><span class='ocrx_word' id='word_1_50' title='bbox 485 1105 628 1157; x_wconf 88' lang='lat' dir='ltr'><strong>enim</strong></span> <span class='ocrx_word' id='word_1_51' title='bbox 671 1098 911 1154; x_wconf 88' lang='lat' dir='ltr'><strong>faciendo</strong></span> <span class='ocrx_word' id='word_1_52' title='bbox 940 1093 1077 1164; x_wconf 91' lang='lat' dir='ltr'><strong>apud</strong></span> <span class='ocrx_word' id='word_1_53' title='bbox 1119 1092 1283 1145; x_wconf 91' lang='lat' dir='ltr'><strong>Deum</strong></span> <span class='ocrx_word' id='word_1_54' title='bbox 1322 1090 1606 1142; x_wconf 88' lang='lat' dir='ltr'><strong>excusatus</strong></span> <span class='ocrx_word' id='word_1_55' title='bbox 1650 1092 1779 1142; x_wconf 91' lang='lat' dir='ltr'><strong>ero,</strong></span> <span class='ocrx_word' id='word_1_56' title='bbox 1809 1074 1968 1128; x_wconf 90' lang='lat' dir='ltr'><strong>ctiam</strong></span> <span class='ocrx_word' id='word_1_57' title='bbox 2017 1070 2060 1123; x_wconf 91' lang='lat' dir='ltr'><strong>si</strong></span> 
     </span>
    </p>
   </div>
   <div class='ocr_carea' id='block_1_9' title="bbox 486 1160 2064 1253">
    <p class='ocr_par' dir='ltr' id='par_1_9' title="bbox 486 1160 2064 1253">
     <span class='ocr_line' id='line_1_9' title="bbox 486 1160 2064 1253; baseline -0.025 -4"><span class='ocrx_word' id='word_1_58' title='bbox 486 1196 663 1250; x_wconf 89' lang='lat' dir='ltr'><strong>nullus</strong></span> <span class='ocrx_word' id='word_1_59' title='bbox 689 1192 888 1247; x_wconf 89' lang='lat' dir='ltr'><strong>audiat.</strong></span> <span class='ocrx_word' id='word_1_60' title='bbox 921 1160 1079 1242; x_wconf 82' lang='lat' dir='ltr'><strong>Certe</strong></span> <span class='ocrx_word' id='word_1_61' title='bbox 1106 1182 1195 1253; x_wconf 91' lang='lat' dir='ltr'><strong>qui</strong></span> <span class='ocrx_word' id='word_1_62' title='bbox 1216 1178 1430 1234; x_wconf 90' lang='lat' dir='ltr'><strong>attentis</strong></span> <span class='ocrx_word' id='word_1_63' title='bbox 1457 1173 1708 1243; x_wconf 89' lang='lat' dir='ltr'><strong>loquitur,</strong></span> <span class='ocrx_word' id='word_1_64' title='bbox 1742 1160 2064 1221; x_wconf 88' lang='lat' dir='ltr'><strong>consolatio-</strong></span> 
     </span>
    </p>
   </div>
   <div class='ocr_carea' id='block_1_10' title="bbox 487 1258 2063 1345">
    <p class='ocr_par' dir='ltr' id='par_1_10' title="bbox 487 1258 2063 1345">
     <span class='ocr_line' id='line_1_10' title="bbox 487 1258 2063 1345; baseline -0.027 0"><span class='ocrx_word' id='word_1_65' title='bbox 487 1305 608 1345; x_wconf 86' lang='lat' dir='ltr'><strong><em>nem</em></strong></span> <span class='ocrx_word' id='word_1_66' title='bbox 638 1304 706 1343; x_wconf 81' lang='lat' dir='ltr'><strong>ex</strong></span> <span class='ocrx_word' id='word_1_67' title='bbox 732 1286 1033 1339; x_wconf 90' lang='lat' dir='ltr'><strong>auditorum</strong></span> <span class='ocrx_word' id='word_1_68' title='bbox 1080 1271 1423 1345; x_wconf 85' lang='lat' dir='ltr'><strong>obsequentia</strong></span> <span class='ocrx_word' id='word_1_69' title='bbox 1463 1265 1659 1334; x_wconf 89' lang='lat' dir='ltr'><strong>accipit</strong></span> <span class='ocrx_word' id='word_1_70' title='bbox 1693 1278 1706 1314; x_wconf 92' lang='lat'>:</span> <span class='ocrx_word' id='word_1_71' title='bbox 1749 1258 1838 1330; x_wconf 90' lang='lat' dir='ltr'><strong>qui</strong></span> <span class='ocrx_word' id='word_1_72' title='bbox 1886 1262 2063 1345; x_wconf 82' lang='lat' dir='ltr'><strong>autem</strong></span> 
     </span>
    </p>
   </div>
   <div class='ocr_carea' id='block_1_11' title="bbox 489 1341 2065 1449">
    <p class='ocr_par' dir='ltr' id='par_1_11' title="bbox 489 1341 2065 1449">
     <span class='ocr_line' id='line_1_11' title="bbox 489 1341 2065 1449; baseline -0.026 -14"><span class='ocrx_word' id='word_1_73' title='bbox 489 1393 634 1449; x_wconf 81' lang='lat' dir='ltr'><strong>saepe</strong></span> <span class='ocrx_word' id='word_1_74' title='bbox 675 1375 999 1431; x_wconf 88' lang='lat' dir='ltr'><strong>conciunans</strong></span> <span class='ocrx_word' id='word_1_75' title='bbox 1027 1385 1131 1424; x_wconf 90' lang='lat' dir='ltr'><strong>non</strong></span> <span class='ocrx_word' id='word_1_76' title='bbox 1162 1365 1392 1426; x_wconf 84' lang='lat' dir='ltr'><strong>auditur,</strong></span> <span class='ocrx_word' id='word_1_77' title='bbox 1426 1372 1526 1414; x_wconf 90' lang='lat' dir='ltr'><strong>nec</strong></span> <span class='ocrx_word' id='word_1_78' title='bbox 1553 1365 1730 1411; x_wconf 89' lang='lat' dir='ltr'><strong>tamen</strong></span> <span class='ocrx_word' id='word_1_79' title='bbox 1759 1341 2065 1404; x_wconf 88' lang='lat' dir='ltr'><strong>concionari</strong></span> 
     </span>
    </p>
   </div>
   <div class='ocr_carea' id='block_1_12' title="bbox 558 1513 1501 1593">
    <p class='ocr_par' dir='ltr' id='par_1_12' title="bbox 558 1513 1501 1593">
     <span class='ocr_line' id='line_1_12' title="bbox 558 1513 1501 1593; baseline -0.022 -8"><span class='ocrx_word' id='word_1_80' title='bbox 558 1537 574 1566; x_wconf 80' lang='grc'>¹</span> <span class='ocrx_word' id='word_1_81' title='bbox 611 1532 809 1593; x_wconf 86' lang='lat' dir='ltr'><strong>Quidam</strong></span> <span class='ocrx_word' id='word_1_82' title='bbox 824 1529 1026 1587; x_wconf 84' lang='lat' dir='ltr'><strong>habent,</strong></span> <span class='ocrx_word' id='word_1_83' title='bbox 1053 1524 1197 1584; x_wconf 80' lang='lat' dir='ltr'><strong>vobis,</strong></span> <span class='ocrx_word' id='word_1_84' title='bbox 1224 1533 1329 1584; x_wconf 89' lang='lat' dir='ltr'><strong>pro,</strong></span> <span class='ocrx_word' id='word_1_85' title='bbox 1350 1513 1501 1568; x_wconf 83' lang='lat' dir='ltr'><strong>nobis.</strong></span> 
     </span>
    </p>
   </div>
   <div class='ocr_carea' id='block_1_13' title="bbox 1230 305 3025 390">
    <p class='ocr_par' dir='ltr' id='par_1_13' title="bbox 1230 305 3025 390">
     <span class='ocr_line' id='line_1_13' title="bbox 1230 305 3025 390; baseline -0.016 -1"><span class='ocrx_word' id='word_1_86' title='bbox 1230 336 1287 390; x_wconf 86' lang='lat' dir='ltr'><strong>S.</strong></span> <span class='ocrx_word' id='word_1_87' title='bbox 1328 327 1599 387; x_wconf 78' lang='lat' dir='ltr'><strong>JOANNIS</strong></span> <span class='ocrx_word' id='word_1_88' title='bbox 1636 313 2101 380; x_wconf 66' lang='grc' dir='ltr'><strong>οιιιιγδυδγωιι</strong></span> <span class='ocrx_word' id='word_1_89' title='bbox 2144 308 2457 367; x_wconf 79' lang='lat' dir='ltr'><strong>ARCIIIEP.</strong></span> <span class='ocrx_word' id='word_1_90' title='bbox 2497 305 3025 364; x_wconf 80' lang='lat' dir='ltr'><strong>CONS&#39;I‘ANTINOP.</strong></span> 
     </span>
    </p>
   </div>
   <div class='ocr_carea' id='block_1_14' title="bbox 3634 308 3729 359">
    <p class='ocr_par' dir='ltr' id='par_1_14' title="bbox 3634 308 3729 359">
     <span class='ocr_line' id='line_1_14' title="bbox 3634 308 3729 359; baseline 0 0"><span class='ocrx_word' id='word_1_91' title='bbox 3634 308 3729 359; x_wconf 79' lang='grc'><strong>176</strong></span> 
     </span>
    </p>
   </div>
   <div class='ocr_carea' id='block_1_15' title="bbox 2162 417 3732 490">
    <p class='ocr_par' dir='ltr' id='par_1_15' title="bbox 2162 417 3732 490">
     <span class='ocr_line' id='line_1_15' title="bbox 2162 417 3732 490; baseline -0.007 -11"><span class='ocrx_word' id='word_1_92' title='bbox 2162 440 2340 481; x_wconf 75' lang='lat' dir='ltr'><strong>cessat</strong></span> <span class='ocrx_word' id='word_1_93' title='bbox 2416 420 2603 490; x_wconf 89' lang='lat' dir='ltr'><strong>majori</strong></span> <span class='ocrx_word' id='word_1_94' title='bbox 2649 420 2867 490; x_wconf 66' lang='lat' dir='ltr'><strong>praemio</strong></span> <span class='ocrx_word' id='word_1_95' title='bbox 2904 420 3094 489; x_wconf 84' lang='lat' dir='ltr'><strong>dignus</strong></span> <span class='ocrx_word' id='word_1_96' title='bbox 3124 418 3260 482; x_wconf 88' lang='lat' dir='ltr'><strong>erit,</strong></span> <span class='ocrx_word' id='word_1_97' title='bbox 3299 417 3419 485; x_wconf 83' lang='lat' dir='ltr'><strong>quia</strong></span> <span class='ocrx_word' id='word_1_98' title='bbox 3446 419 3732 470; x_wconf 82' lang='lat' dir='ltr'><strong>secundum</strong></span> 
     </span>
    </p>
   </div>
   <div class='ocr_carea' id='block_1_16' title="bbox 2169 507 3737 584">
    <p class='ocr_par' dir='ltr' id='par_1_16' title="bbox 2169 507 3737 584">
     <span class='ocr_line' id='line_1_16' title="bbox 2169 507 3737 584; baseline -0.006 -13"><span class='ocrx_word' id='word_1_99' title='bbox 2169 517 2262 571; x_wconf 86' lang='lat' dir='ltr'><strong>Dei</strong></span> <span class='ocrx_word' id='word_1_100' title='bbox 2310 514 2601 584; x_wconf 89' lang='lat' dir='ltr'><strong>placitum,</strong></span> <span class='ocrx_word' id='word_1_101' title='bbox 2634 511 2963 565; x_wconf 89' lang='lat' dir='ltr'><strong>auscultante</strong></span> <span class='ocrx_word' id='word_1_102' title='bbox 3007 508 3219 563; x_wconf 87' lang='lat' dir='ltr'><strong><em>nemine</em></strong></span> <span class='ocrx_word' id='word_1_103' title='bbox 3242 550 3257 573; x_wconf 96' lang='lat'><strong>,</strong></span> <span class='ocrx_word' id='word_1_104' title='bbox 3289 507 3519 561; x_wconf 78' lang='lat' dir='ltr'><strong>cilicium</strong></span> <span class='ocrx_word' id='word_1_105' title='bbox 3558 507 3737 574; x_wconf 85' lang='lat' dir='ltr'><strong>implet</strong></span> 
     </span>
    </p>
   </div>
   <div class='ocr_carea' id='block_1_17' title="bbox 2162 598 3734 668">
    <p class='ocr_par' dir='ltr' id='par_1_17' title="bbox 2162 598 3734 668">
     <span class='ocr_line' id='line_1_17' title="bbox 2162 598 3734 668; baseline -0.008 -7"><span class='ocrx_word' id='word_1_106' title='bbox 2162 620 2336 662; x_wconf 92' lang='lat' dir='ltr'><strong>suum.</strong></span> <span class='ocrx_word' id='word_1_107' title='bbox 2369 606 2614 658; x_wconf 81' lang='lat' dir='ltr'><strong><em>Attamen</em></strong></span> <span class='ocrx_word' id='word_1_108' title='bbox 2647 601 2771 655; x_wconf 91' lang='lat' dir='ltr'><strong>licet</strong></span> <span class='ocrx_word' id='word_1_109' title='bbox 2797 600 2953 654; x_wconf 87' lang='lat' dir='ltr'><strong>nobis</strong></span> <span class='ocrx_word' id='word_1_110' title='bbox 2994 598 3165 668; x_wconf 82' lang='lat' dir='ltr'><strong>major</strong></span> <span class='ocrx_word' id='word_1_111' title='bbox 3194 613 3396 652; x_wconf 88' lang='lat' dir='ltr'><strong><em>merces</em></strong></span> <span class='ocrx_word' id='word_1_112' title='bbox 3442 598 3510 649; x_wconf 89' lang='lat' dir='ltr'><strong>oh</strong></span> <span class='ocrx_word' id='word_1_113' title='bbox 3550 612 3734 650; x_wconf 86' lang='lat' dir='ltr'><strong>socor-</strong></span> 
     </span>
    </p>
   </div>
   <div class='ocr_carea' id='block_1_18' title="bbox 2163 687 3736 762">
    <p class='ocr_par' dir='ltr' id='par_1_18' title="bbox 2163 687 3736 762">
     <span class='ocr_line' id='line_1_18' title="bbox 2163 687 3736 762; baseline -0.008 -11"><span class='ocrx_word' id='word_1_114' title='bbox 2163 700 2302 751; x_wconf 88' lang='lat' dir='ltr'><strong>diam</strong></span> <span class='ocrx_word' id='word_1_115' title='bbox 2328 705 2557 749; x_wconf 81' lang='lat' dir='ltr'><strong>vestram</strong></span> <span class='ocrx_word' id='word_1_116' title='bbox 2583 702 2820 762; x_wconf 88' lang='lat' dir='ltr'><strong>paretur,</strong></span> <span class='ocrx_word' id='word_1_117' title='bbox 2847 691 3112 745; x_wconf 83' lang='lat' dir='ltr'><strong>malumus</strong></span> <span class='ocrx_word' id='word_1_118' title='bbox 3143 688 3279 743; x_wconf 89' lang='lat' dir='ltr'><strong>hanc</strong></span> <span class='ocrx_word' id='word_1_119' title='bbox 3304 688 3491 752; x_wconf 85' lang='lat' dir='ltr'><strong>minui,</strong></span> <span class='ocrx_word' id='word_1_120' title='bbox 3518 698 3572 741; x_wconf 89' lang='lat' dir='ltr'><strong>et</strong></span> <span class='ocrx_word' id='word_1_121' title='bbox 3598 687 3736 740; x_wconf 83' lang='lat' dir='ltr'><strong>salu-</strong></span> 
     </span>
    </p>
   </div>
   <div class='ocr_carea' id='block_1_19' title="bbox 2166 781 3735 855">
    <p class='ocr_par' dir='ltr' id='par_1_19' title="bbox 2166 781 3735 855">
     <span class='ocr_line' id='line_1_19' title="bbox 2166 781 3735 855; baseline -0.007 -12"><span class='ocrx_word' id='word_1_122' title='bbox 2166 790 2235 844; x_wconf 85' lang='lat' dir='ltr'><strong>tis</strong></span> <span class='ocrx_word' id='word_1_123' title='bbox 2286 798 2476 842; x_wconf 72' lang='lat' dir='ltr'><strong>vestra:</strong></span> <span class='ocrx_word' id='word_1_124' title='bbox 2525 800 2677 855; x_wconf 87' lang='lat' dir='ltr'><strong>spem</strong></span> <span class='ocrx_word' id='word_1_125' title='bbox 2726 799 2846 838; x_wconf 90' lang='lat' dir='ltr'><strong>esse</strong></span> <span class='ocrx_word' id='word_1_126' title='bbox 2896 782 3147 852; x_wconf 85' lang='lat' dir='ltr'><strong>majorem</strong></span> <span class='ocrx_word' id='word_1_127' title='bbox 3195 798 3209 835; x_wconf 91' lang='lat'><strong>:</strong></span> <span class='ocrx_word' id='word_1_128' title='bbox 3257 781 3549 850; x_wconf 81' lang='lat' dir='ltr'><strong>profectum</strong></span> <span class='ocrx_word' id='word_1_129' title='bbox 3595 782 3735 834; x_wconf 88' lang='lat' dir='ltr'><strong>enim</strong></span> 
     </span>
    </p>
   </div>
   <div class='ocr_carea' id='block_1_20' title="bbox 2163 872 3738 938">
    <p class='ocr_par' dir='ltr' id='par_1_20' title="bbox 2163 872 3738 938">
     <span class='ocr_line' id='line_1_20' title="bbox 2163 872 3738 938; baseline -0.008 0"><span class='ocrx_word' id='word_1_130' title='bbox 2163 893 2398 938; x_wconf 92' lang='lat' dir='ltr'><strong>vestrum</strong></span> <span class='ocrx_word' id='word_1_131' title='bbox 2439 876 2699 934; x_wconf 80' lang='lat' dir='ltr'><strong>mercedis</strong></span> <span class='ocrx_word' id='word_1_132' title='bbox 2734 878 2849 931; x_wconf 91' lang='lat' dir='ltr'><strong>loco</strong></span> <span class='ocrx_word' id='word_1_133' title='bbox 2890 875 3164 929; x_wconf 88' lang='lat' dir='ltr'><strong>habemus.</strong></span> <span class='ocrx_word' id='word_1_134' title='bbox 3200 875 3265 928; x_wconf 85' lang='lat' dir='ltr'><strong>Et</strong></span> <span class='ocrx_word' id='word_1_135' title='bbox 3296 875 3408 927; x_wconf 59' lang='lat' dir='ltr'><strong>hare</strong></span> <span class='ocrx_word' id='word_1_136' title='bbox 3440 887 3576 926; x_wconf 90' lang='lat' dir='ltr'><strong>nunc</strong></span> <span class='ocrx_word' id='word_1_137' title='bbox 3600 872 3738 925; x_wconf 87' lang='lat' dir='ltr'><strong>dici-</strong></span> 
     </span>
    </p>
   </div>
   <div class='ocr_carea' id='block_1_21' title="bbox 2166 964 3743 1040">
    <p class='ocr_par' dir='ltr' id='par_1_21' title="bbox 2166 964 3743 1040">
     <span class='ocr_line' id='line_1_21' title="bbox 2166 964 3743 1040; baseline -0.008 -9"><span class='ocrx_word' id='word_1_138' title='bbox 2166 992 2284 1031; x_wconf 90' lang='lat' dir='ltr'><strong>mus</strong></span> <span class='ocrx_word' id='word_1_139' title='bbox 2307 1015 2323 1040; x_wconf 91' lang='lat'><strong>,</strong></span> <span class='ocrx_word' id='word_1_140' title='bbox 2351 989 2457 1029; x_wconf 91' lang='lat' dir='ltr'><strong>non</strong></span> <span class='ocrx_word' id='word_1_141' title='bbox 2497 982 2555 1026; x_wconf 87' lang='lat' dir='ltr'><strong>ut</strong></span> <span class='ocrx_word' id='word_1_142' title='bbox 2602 970 2812 1025; x_wconf 88' lang='lat' dir='ltr'><strong>molesti</strong></span> <span class='ocrx_word' id='word_1_143' title='bbox 2841 977 2895 1023; x_wconf 89' lang='lat' dir='ltr'><strong>et</strong></span> <span class='ocrx_word' id='word_1_144' title='bbox 2922 969 3131 1021; x_wconf 87' lang='lat' dir='ltr'><strong>onerosi</strong></span> <span class='ocrx_word' id='word_1_145' title='bbox 3161 967 3314 1020; x_wconf 86' lang='lat' dir='ltr'><strong>vobis</strong></span> <span class='ocrx_word' id='word_1_146' title='bbox 3343 966 3529 1031; x_wconf 89' lang='lat' dir='ltr'><strong>simus,</strong></span> <span class='ocrx_word' id='word_1_147' title='bbox 3566 964 3657 1019; x_wconf 90' lang='lat' dir='ltr'><strong>sed</strong></span> <span class='ocrx_word' id='word_1_148' title='bbox 3682 973 3743 1018; x_wconf 90' lang='lat' dir='ltr'><strong>ut</strong></span> 
     </span>
    </p>
   </div>
   <div class='ocr_carea' id='block_1_22' title="bbox 2167 1054 3738 1128">
    <p class='ocr_par' dir='ltr' id='par_1_22' title="bbox 2167 1054 3738 1128">
     <span class='ocr_line' id='line_1_22' title="bbox 2167 1054 3738 1128; baseline -0.01 -7"><span class='ocrx_word' id='word_1_149' title='bbox 2167 1067 2403 1121; x_wconf 87' lang='lat' dir='ltr'><strong>dolorem</strong></span> <span class='ocrx_word' id='word_1_150' title='bbox 2433 1070 2670 1117; x_wconf 89' lang='lat' dir='ltr'><strong>nostrum</strong></span> <span class='ocrx_word' id='word_1_151' title='bbox 2692 1059 2759 1113; x_wconf 92' lang='lat' dir='ltr'><strong>de</strong></span> <span class='ocrx_word' id='word_1_152' title='bbox 2784 1058 3006 1128; x_wconf 77' lang='lat' dir='ltr'><strong>segnitie</strong></span> <span class='ocrx_word' id='word_1_153' title='bbox 3033 1066 3206 1111; x_wconf 86' lang='lat' dir='ltr'><strong>vestra</strong></span> <span class='ocrx_word' id='word_1_154' title='bbox 3234 1066 3546 1123; x_wconf 87' lang='lat' dir='ltr'><strong>conceptum</strong></span> <span class='ocrx_word' id='word_1_155' title='bbox 3580 1054 3738 1107; x_wconf 87' lang='lat' dir='ltr'><strong>exhi-</strong></span> 
     </span>
    </p>
   </div>
   <div class='ocr_carea' id='block_1_23' title="bbox 2168 1144 3741 1221">
    <p class='ocr_par' dir='ltr' id='par_1_23' title="bbox 2168 1144 3741 1221">
     <span class='ocr_line' id='line_1_23' title="bbox 2168 1144 3741 1221; baseline -0.01 -11"><span class='ocrx_word' id='word_1_156' title='bbox 2168 1158 2387 1211; x_wconf 87' lang='lat' dir='ltr'><strong>beamus</strong></span> <span class='ocrx_word' id='word_1_157' title='bbox 2415 1172 2428 1207; x_wconf 92' lang='lat'>:</span> <span class='ocrx_word' id='word_1_158' title='bbox 2457 1167 2558 1221; x_wconf 91' lang='lat' dir='ltr'><strong>qua</strong></span> <span class='ocrx_word' id='word_1_159' title='bbox 2588 1150 2787 1204; x_wconf 89' lang='lat' dir='ltr'><strong>utinam</strong></span> <span class='ocrx_word' id='word_1_160' title='bbox 2810 1164 2908 1201; x_wconf 88' lang='lat' dir='ltr'><strong>nos</strong></span> <span class='ocrx_word' id='word_1_161' title='bbox 2928 1162 3115 1200; x_wconf 90' lang='lat' dir='ltr'><strong>omnes</strong></span> <span class='ocrx_word' id='word_1_162' title='bbox 3137 1145 3368 1209; x_wconf 85' lang='lat' dir='ltr'><strong>liberati,</strong></span> <span class='ocrx_word' id='word_1_163' title='bbox 3392 1144 3741 1213; x_wconf 85' lang='lat' dir='ltr'><strong>spiritualium</strong></span> 
     </span>
    </p>
   </div>
   <div class='ocr_carea' id='block_1_24' title="bbox 2170 1238 3742 1304">
    <p class='ocr_par' dir='ltr' id='par_1_24' title="bbox 2170 1238 3742 1304">
     <span class='ocr_line' id='line_1_24' title="bbox 2170 1238 3742 1304; baseline -0.01 -1"><span class='ocrx_word' id='word_1_164' title='bbox 2170 1264 2346 1303; x_wconf 91' lang='lat' dir='ltr'><strong>rerum</strong></span> <span class='ocrx_word' id='word_1_165' title='bbox 2376 1245 2549 1300; x_wconf 92' lang='lat' dir='ltr'><strong>studio</strong></span> <span class='ocrx_word' id='word_1_166' title='bbox 2577 1243 2895 1303; x_wconf 78' lang='lat' dir='ltr'><strong>hzereamus,</strong></span> <span class='ocrx_word' id='word_1_167' title='bbox 2929 1249 2982 1293; x_wconf 92' lang='lat' dir='ltr'><strong>et</strong></span> <span class='ocrx_word' id='word_1_168' title='bbox 3016 1238 3245 1293; x_wconf 67' lang='lat' dir='ltr'><strong>ca&#39;lestia</strong></span> <span class='ocrx_word' id='word_1_169' title='bbox 3274 1239 3410 1291; x_wconf 90' lang='lat' dir='ltr'><strong>bona</strong></span> <span class='ocrx_word' id='word_1_170' title='bbox 3441 1251 3742 1304; x_wconf 86' lang='lat' dir='ltr'><strong>consequa-</strong></span> 
     </span>
    </p>
   </div>
   <div class='ocr_carea' id='block_1_25' title="bbox 2171 1328 3742 1408">
    <p class='ocr_par' dir='ltr' id='par_1_25' title="bbox 2171 1328 3742 1408">
     <span class='ocr_line' id='line_1_25' title="bbox 2171 1328 3742 1408; baseline -0.01 -14"><span class='ocrx_word' id='word_1_171' title='bbox 2171 1356 2310 1402; x_wconf 90' lang='lat' dir='ltr'><strong>mur,</strong></span> <span class='ocrx_word' id='word_1_172' title='bbox 2339 1336 2502 1408; x_wconf 90' lang='lat' dir='ltr'><strong>gratia</strong></span> <span class='ocrx_word' id='word_1_173' title='bbox 2529 1344 2582 1390; x_wconf 93' lang='lat' dir='ltr'><strong>et</strong></span> <span class='ocrx_word' id='word_1_174' title='bbox 2605 1334 2930 1403; x_wconf 79' lang='lat' dir='ltr'><strong>benignitate</strong></span> <span class='ocrx_word' id='word_1_175' title='bbox 2959 1330 3164 1384; x_wconf 91' lang='lat' dir='ltr'><strong>Domini</strong></span> <span class='ocrx_word' id='word_1_176' title='bbox 3186 1329 3349 1383; x_wconf 91' lang='lat' dir='ltr'><strong>nostri</strong></span> <span class='ocrx_word' id='word_1_177' title='bbox 3378 1328 3504 1383; x_wconf 85' lang='lat' dir='ltr'><strong>Jesu</strong></span> <span class='ocrx_word' id='word_1_178' title='bbox 3520 1328 3742 1393; x_wconf 81' lang='lat' dir='ltr'><strong>Christi,</strong></span> 
     </span>
    </p>
   </div>
   <div class='ocr_carea' id='block_1_26' title="bbox 2171 1423 3743 1504">
    <p class='ocr_par' dir='ltr' id='par_1_26' title="bbox 2171 1423 3743 1504">
     <span class='ocr_line' id='line_1_26' title="bbox 2171 1423 3743 1504; baseline -0.006 -18"><span class='ocrx_word' id='word_1_179' title='bbox 2171 1433 2383 1504; x_wconf 89' lang='lat' dir='ltr'><strong>quicum</strong></span> <span class='ocrx_word' id='word_1_180' title='bbox 2410 1429 2550 1484; x_wconf 85' lang='lat' dir='ltr'><strong>Patri</strong></span> <span class='ocrx_word' id='word_1_181' title='bbox 2578 1426 2743 1495; x_wconf 81' lang='lat' dir='ltr'><strong>gloria</strong></span> <span class='ocrx_word' id='word_1_182' title='bbox 2770 1440 2978 1495; x_wconf 89' lang='lat' dir='ltr'><strong>unaque</strong></span> <span class='ocrx_word' id='word_1_183' title='bbox 2997 1423 3217 1493; x_wconf 89' lang='lat' dir='ltr'><strong>Spiritui</strong></span> <span class='ocrx_word' id='word_1_184' title='bbox 3234 1432 3442 1489; x_wconf 89' lang='lat' dir='ltr'><strong>sancto,</strong></span> <span class='ocrx_word' id='word_1_185' title='bbox 3473 1423 3523 1476; x_wconf 93' lang='lat' dir='ltr'><strong>in</strong></span> <span class='ocrx_word' id='word_1_186' title='bbox 3547 1424 3743 1476; x_wconf 72' lang='lat' dir='ltr'><strong>swcula</strong></span> 
     </span>
    </p>
   </div>
   <div class='ocr_carea' id='block_1_27' title="bbox 2175 1520 2736 1578">
    <p class='ocr_par' dir='ltr' id='par_1_27' title="bbox 2175 1520 2736 1578">
     <span class='ocr_line' id='line_1_27' title="bbox 2175 1520 2736 1578; baseline -0.005 0"><span class='ocrx_word' id='word_1_187' title='bbox 2175 1522 2511 1578; x_wconf 71' lang='lat' dir='ltr'><strong>sreculorum.</strong></span> <span class='ocrx_word' id='word_1_188' title='bbox 2542 1520 2736 1575; x_wconf 85' lang='lat' dir='ltr'><strong>Amen.</strong></span> 
     </span>
    </p>
   </div>
   <div class='ocr_carea' id='block_1_28' title="bbox 500 1641 3721 1711">
    <p class='ocr_par' dir='ltr' id='par_1_28' title="bbox 500 1641 3721 1711">
     <span class='ocr_line' id='line_1_28' title="bbox 500 1641 3721 1711; baseline -0.004 -43"><span class='ocrx_word' id='word_1_189' title='bbox 500 1641 3721 1711; x_wconf 86' lang='lat'><strong>______________________________________</strong></span> 
     </span>
    </p>
   </div>
   <div class='ocr_carea' id='block_1_29' title="bbox 1774 1731 2402 1807">
    <p class='ocr_par' dir='ltr' id='par_1_29' title="bbox 1774 1731 2402 1807">
     <span class='ocr_line' id='line_1_29' title="bbox 1774 1731 2402 1807; baseline -0.029 0"><span class='ocrx_word' id='word_1_190' title='bbox 1774 1738 2120 1807; x_wconf 82' lang='lat' dir='ltr'><strong>HOMILIA</strong></span> <span class='ocrx_word' id='word_1_191' title='bbox 2160 1731 2402 1794; x_wconf 89' lang='lat' dir='ltr'><strong>XXXI.</strong></span> 
     </span>
    </p>
   </div>
   <div class='ocr_carea' id='block_1_30' title="bbox 499 1861 2069 1957">
    <p class='ocr_par' dir='ltr' id='par_1_30' title="bbox 499 1861 2069 1957">
     <span class='ocr_line' id='line_1_30' title="bbox 499 1861 2069 1957; baseline -0.025 -8"><span class='ocrx_word' id='word_1_192' title='bbox 499 1896 591 1950; x_wconf 67' lang='lat'><strong>235.</strong></span> <span class='ocrx_word' id='word_1_193' title='bbox 636 1891 794 1945; x_wconf 87' lang='lat' dir='ltr'><strong>Pater</strong></span> <span class='ocrx_word' id='word_1_194' title='bbox 828 1888 992 1957; x_wconf 80' lang='lat' dir='ltr'><strong>diligit</strong></span> <span class='ocrx_word' id='word_1_195' title='bbox 1020 1882 1233 1945; x_wconf 85' lang='lat' dir='ltr'><strong>Filium,</strong></span> <span class='ocrx_word' id='word_1_196' title='bbox 1261 1888 1309 1934; x_wconf 90' lang='lat' dir='ltr'><strong>et</strong></span> <span class='ocrx_word' id='word_1_197' title='bbox 1333 1876 1501 1932; x_wconf 87' lang='lat' dir='ltr'><strong><em>omnia</em></strong></span> <span class='ocrx_word' id='word_1_198' title='bbox 1522 1872 1658 1926; x_wconf 84' lang='lat' dir='ltr'><strong>dedit</strong></span> <span class='ocrx_word' id='word_1_199' title='bbox 1686 1872 1737 1922; x_wconf 87' lang='lat' dir='ltr'><strong>in</strong></span> <span class='ocrx_word' id='word_1_200' title='bbox 1762 1880 1913 1920; x_wconf 86' lang='lat' dir='ltr'><strong>manu</strong></span> <span class='ocrx_word' id='word_1_201' title='bbox 1943 1861 2069 1957; x_wconf 64' lang='lat' dir='ltr'><strong>ejus.</strong></span> 
     </span>
    </p>
   </div>
   <div class='ocr_carea' id='block_1_31' title="bbox 568 1948 2073 2047">
    <p class='ocr_par' dir='ltr' id='par_1_31' title="bbox 568 1948 2073 2047">
     <span class='ocr_line' id='line_1_31' title="bbox 568 1948 2073 2047; baseline -0.025 -10"><span class='ocrx_word' id='word_1_202' title='bbox 568 1984 658 2037; x_wconf 70' lang='grc'><strong>56.</strong></span> <span class='ocrx_word' id='word_1_203' title='bbox 703 1980 802 2047; x_wconf 83' lang='lat' dir='ltr'><strong>Qui</strong></span> <span class='ocrx_word' id='word_1_204' title='bbox 831 1948 986 2031; x_wconf 76' lang='lat' dir='ltr'><strong>credit</strong></span> <span class='ocrx_word' id='word_1_205' title='bbox 1010 1976 1062 2027; x_wconf 85' lang='lat' dir='ltr'><strong>in</strong></span> <span class='ocrx_word' id='word_1_206' title='bbox 1086 1972 1132 2026; x_wconf 69' lang='grc' dir='ltr'><em>Ε</em></span> <span class='ocrx_word' id='word_1_207' title='bbox 1133 1972 1300 2034; x_wconf 88' lang='lat' dir='ltr'><strong>ilium,</strong></span> <span class='ocrx_word' id='word_1_208' title='bbox 1324 1969 1469 2020; x_wconf 85' lang='lat' dir='ltr'><strong>habet</strong></span> <span class='ocrx_word' id='word_1_209' title='bbox 1496 1964 1651 2017; x_wconf 84' lang='lat' dir='ltr'><strong>vitam</strong></span> <span class='ocrx_word' id='word_1_210' title='bbox 1678 1969 1916 2011; x_wconf 61' lang='lat' dir='ltr'><strong>a’ternam</strong></span> <span class='ocrx_word' id='word_1_211' title='bbox 1939 1969 1955 2003; x_wconf 93' lang='lat'><strong><em>:</em></strong></span> <span class='ocrx_word' id='word_1_212' title='bbox 1985 1948 2073 2047; x_wconf 84' lang='lat' dir='ltr'><strong>qui</strong></span> 
     </span>
    </p>
   </div>
   <div class='ocr_carea' id='block_1_32' title="bbox 568 2041 2074 2126">
    <p class='ocr_par' dir='ltr' id='par_1_32' title="bbox 568 2041 2074 2126">
     <span class='ocr_line' id='line_1_32' title="bbox 568 2041 2074 2126; baseline -0.024 0"><span class='ocrx_word' id='word_1_213' title='bbox 568 2084 736 2126; x_wconf 87' lang='lat' dir='ltr'><strong>autem</strong></span> <span class='ocrx_word' id='word_1_214' title='bbox 765 2061 1053 2123; x_wconf 85' lang='lat' dir='ltr'><strong>incredulus</strong></span> <span class='ocrx_word' id='word_1_215' title='bbox 1079 2071 1149 2117; x_wconf 89' lang='lat' dir='ltr'><strong>est</strong></span> <span class='ocrx_word' id='word_1_216' title='bbox 1179 2060 1336 2123; x_wconf 86' lang='lat' dir='ltr'><strong>Filio,</strong></span> <span class='ocrx_word' id='word_1_217' title='bbox 1364 2073 1466 2110; x_wconf 90' lang='lat' dir='ltr'><strong>non</strong></span> <span class='ocrx_word' id='word_1_218' title='bbox 1485 2050 1665 2106; x_wconf 79' lang='lat' dir='ltr'><strong>videbit</strong></span> <span class='ocrx_word' id='word_1_219' title='bbox 1690 2051 1864 2111; x_wconf 86' lang='lat' dir='ltr'><strong>vitam,</strong></span> <span class='ocrx_word' id='word_1_220' title='bbox 1884 2042 1970 2096; x_wconf 86' lang='lat' dir='ltr'><strong>sed</strong></span> <span class='ocrx_word' id='word_1_221' title='bbox 1995 2041 2074 2092; x_wconf 86' lang='lat' dir='ltr'><strong>ira</strong></span> 
     </span>
    </p>
   </div>
   <div class='ocr_carea' id='block_1_33' title="bbox 572 2164 1193 2226">
    <p class='ocr_par' dir='ltr' id='par_1_33' title="bbox 572 2164 1193 2226">
     <span class='ocr_line' id='line_1_33' title="bbox 572 2164 1193 2226; baseline -0.021 -8"><span class='ocrx_word' id='word_1_222' title='bbox 572 2164 668 2219; x_wconf 85' lang='lat' dir='ltr'><strong>Dei</strong></span> <span class='ocrx_word' id='word_1_223' title='bbox 694 2170 860 2215; x_wconf 82' lang='lat' dir='ltr'><strong>manet</strong></span> <span class='ocrx_word' id='word_1_224' title='bbox 880 2173 1031 2226; x_wconf 86' lang='lat' dir='ltr'><strong>super</strong></span> <span class='ocrx_word' id='word_1_225' title='bbox 1060 2170 1193 2208; x_wconf 89' lang='lat' dir='ltr'><strong>eum.</strong></span> 
     </span>
    </p>
   </div>
   <div class='ocr_carea' id='block_1_34' title="bbox 572 2228 2073 2323">
    <p class='ocr_par' dir='ltr' id='par_1_34' title="bbox 572 2228 2073 2323">
     <span class='ocr_line' id='line_1_34' title="bbox 572 2228 2073 2323; baseline -0.021 -13"><span class='ocrx_word' id='word_1_226' title='bbox 572 2260 622 2312; x_wconf 93' lang='grc'><strong>1.</strong></span> <span class='ocrx_word' id='word_1_227' title='bbox 665 2256 911 2323; x_wconf 81' lang='lat' dir='ltr'><strong>Magnum</strong></span> <span class='ocrx_word' id='word_1_228' title='bbox 937 2242 1393 2315; x_wconf 91' lang='lat' dir='ltr'><strong>attemperationis</strong></span> <span class='ocrx_word' id='word_1_229' title='bbox 1420 2247 1474 2294; x_wconf 94' lang='lat' dir='ltr'><strong>et</strong></span> <span class='ocrx_word' id='word_1_230' title='bbox 1502 2231 1841 2303; x_wconf 60' lang='lat' dir='ltr'><strong>indulgentia:</strong></span> <span class='ocrx_word' id='word_1_231' title='bbox 1868 2228 2073 2282; x_wconf 88' lang='lat' dir='ltr'><strong>lucrum</strong></span> 
     </span>
    </p>
   </div>
   <div class='ocr_carea' id='block_1_35' title="bbox 500 2320 2072 2409">
    <p class='ocr_par' dir='ltr' id='par_1_35' title="bbox 500 2320 2072 2409">
     <span class='ocr_line' id='line_1_35' title="bbox 500 2320 2072 2409; baseline -0.023 -4"><span class='ocrx_word' id='word_1_232' title='bbox 500 2352 554 2405; x_wconf 91' lang='lat' dir='ltr'><strong>in</strong></span> <span class='ocrx_word' id='word_1_233' title='bbox 587 2348 833 2403; x_wconf 91' lang='lat' dir='ltr'><strong>omnibus</strong></span> <span class='ocrx_word' id='word_1_234' title='bbox 861 2343 1020 2398; x_wconf 87' lang='lat' dir='ltr'><strong>rebus</strong></span> <span class='ocrx_word' id='word_1_235' title='bbox 1047 2339 1371 2409; x_wconf 86' lang='lat' dir='ltr'><strong>experimur.</strong></span> <span class='ocrx_word' id='word_1_236' title='bbox 1405 2332 1493 2387; x_wconf 87' lang='lat' dir='ltr'><strong>Sic</strong></span> <span class='ocrx_word' id='word_1_237' title='bbox 1536 2338 1681 2382; x_wconf 89' lang='lat' dir='ltr'><strong>artes</strong></span> <span class='ocrx_word' id='word_1_238' title='bbox 1728 2320 2072 2393; x_wconf 80' lang='lat' dir='ltr'><strong>perfecimus,</strong></span> 
     </span>
    </p>
   </div>
   <div class='ocr_carea' id='block_1_36' title="bbox 503 2407 2074 2507">
    <p class='ocr_par' dir='ltr' id='par_1_36' title="bbox 503 2407 2074 2507">
     <span class='ocr_line' id='line_1_36' title="bbox 503 2407 2074 2507; baseline -0.023 -12"><span class='ocrx_word' id='word_1_239' title='bbox 503 2456 608 2495; x_wconf 89' lang='lat' dir='ltr'><strong>non</strong></span> <span class='ocrx_word' id='word_1_240' title='bbox 650 2447 868 2507; x_wconf 89' lang='lat' dir='ltr'><strong>repente</strong></span> <span class='ocrx_word' id='word_1_241' title='bbox 898 2436 1072 2488; x_wconf 87' lang='lat' dir='ltr'><strong>omnia</strong></span> <span class='ocrx_word' id='word_1_242' title='bbox 1100 2446 1129 2483; x_wconf 91' lang='lat' dir='ltr'><strong>a</strong></span> <span class='ocrx_word' id='word_1_243' title='bbox 1156 2425 1420 2497; x_wconf 79' lang='lat' dir='ltr'><strong>magistris</strong></span> <span class='ocrx_word' id='word_1_244' title='bbox 1452 2422 1753 2477; x_wconf 85' lang='lat' dir='ltr'><strong>discentes;</strong></span> <span class='ocrx_word' id='word_1_245' title='bbox 1795 2413 1872 2467; x_wconf 90' lang='lat' dir='ltr'><strong>sic</strong></span> <span class='ocrx_word' id='word_1_246' title='bbox 1914 2407 2074 2463; x_wconf 83' lang='lat' dir='ltr'><strong>urbes</strong></span> 
     </span>
    </p>
   </div>
   <div class='ocr_carea' id='block_1_37' title="bbox 502 2499 2077 2591">
    <p class='ocr_par' dir='ltr' id='par_1_37' title="bbox 502 2499 2077 2591">
     <span class='ocr_line' id='line_1_37' title="bbox 502 2499 2077 2591; baseline -0.023 -5"><span class='ocrx_word' id='word_1_247' title='bbox 502 2530 918 2591; x_wconf 70' lang='lat' dir='ltr'><strong>constt-uiximus,</strong></span> <span class='ocrx_word' id='word_1_248' title='bbox 949 2524 1145 2578; x_wconf 91' lang='lat' dir='ltr'><strong>sensim</strong></span> <span class='ocrx_word' id='word_1_249' title='bbox 1191 2528 1246 2574; x_wconf 92' lang='lat' dir='ltr'><strong>et</strong></span> <span class='ocrx_word' id='word_1_250' title='bbox 1294 2513 1543 2585; x_wconf 87' lang='lat' dir='ltr'><strong>paulatim</strong></span> <span class='ocrx_word' id='word_1_251' title='bbox 1594 2507 1950 2564; x_wconf 59' lang='lat' dir='ltr'><strong>aedificantes;</strong></span> <span class='ocrx_word' id='word_1_252' title='bbox 1998 2499 2077 2552; x_wconf 87' lang='lat' dir='ltr'><strong>sic</strong></span> 
     </span>
    </p>
   </div>
   <div class='ocr_carea' id='block_1_38' title="bbox 501 2591 2077 2677">
    <p class='ocr_par' dir='ltr' id='par_1_38' title="bbox 501 2591 2077 2677">
     <span class='ocr_line' id='line_1_38' title="bbox 501 2591 2077 2677; baseline -0.02 -3"><span class='ocrx_word' id='word_1_253' title='bbox 501 2625 663 2677; x_wconf 82' lang='lat' dir='ltr'><strong>vitam</strong></span> <span class='ocrx_word' id='word_1_254' title='bbox 686 2614 1187 2676; x_wconf 83' lang='lat' dir='ltr'><strong>sustentamus.Nee</strong></span> <span class='ocrx_word' id='word_1_255' title='bbox 1213 2610 1421 2664; x_wconf 89' lang='lat' dir='ltr'><strong>mireris</strong></span> <span class='ocrx_word' id='word_1_256' title='bbox 1445 2608 1487 2659; x_wconf 90' lang='lat' dir='ltr'><strong>si</strong></span> <span class='ocrx_word' id='word_1_257' title='bbox 1513 2604 1597 2657; x_wconf 92' lang='lat' dir='ltr'><strong>hic</strong></span> <span class='ocrx_word' id='word_1_258' title='bbox 1622 2599 1811 2655; x_wconf 87' lang='lat' dir='ltr'><strong>modus</strong></span> <span class='ocrx_word' id='word_1_259' title='bbox 1838 2597 1889 2649; x_wconf 94' lang='lat' dir='ltr'><strong>in</strong></span> <span class='ocrx_word' id='word_1_260' title='bbox 1921 2591 2077 2659; x_wconf 83' lang='lat' dir='ltr'><strong>hujus</strong></span> 
     </span>
    </p>
   </div>
   <div class='ocr_carea' id='block_1_39' title="bbox 503 2682 2074 2767">
    <p class='ocr_par' dir='ltr' id='par_1_39' title="bbox 503 2682 2074 2767">
     <span class='ocr_line' id='line_1_39' title="bbox 503 2682 2074 2767; baseline -0.022 1"><span class='ocrx_word' id='word_1_261' title='bbox 503 2717 626 2767; x_wconf 74' lang='lat' dir='ltr'><strong>vitm</strong></span> <span class='ocrx_word' id='word_1_262' title='bbox 653 2712 812 2766; x_wconf 88' lang='lat' dir='ltr'><strong>rebus</strong></span> <span class='ocrx_word' id='word_1_263' title='bbox 847 2717 1047 2762; x_wconf 90' lang='lat' dir='ltr'><strong>tantam</strong></span> <span class='ocrx_word' id='word_1_264' title='bbox 1082 2705 1187 2756; x_wconf 86' lang='lat' dir='ltr'><strong>vim</strong></span> <span class='ocrx_word' id='word_1_265' title='bbox 1229 2700 1439 2758; x_wconf 88' lang='lat' dir='ltr'><strong>habeat,</strong></span> <span class='ocrx_word' id='word_1_266' title='bbox 1469 2692 1678 2765; x_wconf 88' lang='lat' dir='ltr'><strong>quando</strong></span> <span class='ocrx_word' id='word_1_267' title='bbox 1705 2691 1755 2743; x_wconf 91' lang='lat' dir='ltr'><strong>in</strong></span> <span class='ocrx_word' id='word_1_268' title='bbox 1784 2682 2074 2756; x_wconf 87' lang='lat' dir='ltr'><strong>spirituali-</strong></span> 
     </span>
    </p>
   </div>
   <div class='ocr_carea' id='block_1_40' title="bbox 504 2773 2075 2872">
    <p class='ocr_par' dir='ltr' id='par_1_40' title="bbox 504 2773 2075 2872">
     <span class='ocr_line' id='line_1_40' title="bbox 504 2773 2075 2872; baseline -0.023 -13"><span class='ocrx_word' id='word_1_269' title='bbox 504 2804 606 2858; x_wconf 89' lang='lat' dir='ltr'><strong>bus</strong></span> <span class='ocrx_word' id='word_1_270' title='bbox 634 2815 847 2872; x_wconf 91' lang='lat' dir='ltr'><strong>quoque</strong></span> <span class='ocrx_word' id='word_1_271' title='bbox 892 2797 993 2851; x_wconf 87' lang='lat' dir='ltr'><strong>hoc</strong></span> <span class='ocrx_word' id='word_1_272' title='bbox 1031 2793 1263 2864; x_wconf 88' lang='lat' dir='ltr'><strong>prudens</strong></span> <span class='ocrx_word' id='word_1_273' title='bbox 1306 2790 1782 2856; x_wconf 88' lang='lat' dir='ltr'><strong>temperamentum</strong></span> <span class='ocrx_word' id='word_1_274' title='bbox 1817 2779 1886 2830; x_wconf 92' lang='lat' dir='ltr'><strong>ita</strong></span> <span class='ocrx_word' id='word_1_275' title='bbox 1917 2773 2075 2826; x_wconf 84' lang='lat' dir='ltr'><strong>valet.</strong></span> 
     </span>
    </p>
   </div>
   <div class='ocr_carea' id='block_1_41' title="bbox 505 2865 2077 2953">
    <p class='ocr_par' dir='ltr' id='par_1_41' title="bbox 505 2865 2077 2953">
     <span class='ocr_line' id='line_1_41' title="bbox 505 2865 2077 2953; baseline -0.022 -5"><span class='ocrx_word' id='word_1_276' title='bbox 505 2894 594 2949; x_wconf 90' lang='lat' dir='ltr'><strong>Sic</strong></span> <span class='ocrx_word' id='word_1_277' title='bbox 640 2865 707 2946; x_wconf 81' lang='lat' dir='ltr'><strong>ab</strong></span> <span class='ocrx_word' id='word_1_278' title='bbox 753 2865 1052 2945; x_wconf 85' lang='lat' dir='ltr'><strong>idololatria</strong></span> <span class='ocrx_word' id='word_1_279' title='bbox 1102 2892 1319 2953; x_wconf 91' lang='lat' dir='ltr'><strong>potuere</strong></span> <span class='ocrx_word' id='word_1_280' title='bbox 1361 2874 1530 2932; x_wconf 73' lang='lat' dir='ltr'><strong>Judtni</strong></span> <span class='ocrx_word' id='word_1_281' title='bbox 1559 2871 1727 2941; x_wconf 90' lang='lat' dir='ltr'><strong>eripi,</strong></span> <span class='ocrx_word' id='word_1_282' title='bbox 1758 2865 1956 2923; x_wconf 89' lang='lat' dir='ltr'><strong>sensim</strong></span> <span class='ocrx_word' id='word_1_283' title='bbox 1989 2876 2077 2916; x_wconf 89' lang='lat' dir='ltr'><strong>re-</strong></span> 
     </span>
    </p>
   </div>
   <div class='ocr_carea' id='block_1_42' title="bbox 507 2962 2079 3052">
    <p class='ocr_par' dir='ltr' id='par_1_42' title="bbox 507 2962 2079 3052">
     <span class='ocr_line' id='line_1_42' title="bbox 507 2962 2079 3052; baseline -0.02 -13"><span class='ocrx_word' id='word_1_284' title='bbox 507 2985 650 3038; x_wconf 90' lang='lat' dir='ltr'><strong>ducti</strong></span> <span class='ocrx_word' id='word_1_285' title='bbox 676 3001 691 3046; x_wconf 88' lang='lat'><strong>;</strong></span> <span class='ocrx_word' id='word_1_286' title='bbox 717 2982 807 3052; x_wconf 92' lang='lat' dir='ltr'><strong>qui</strong></span> <span class='ocrx_word' id='word_1_287' title='bbox 833 2995 862 3032; x_wconf 90' lang='lat' dir='ltr'><strong>a</strong></span> <span class='ocrx_word' id='word_1_288' title='bbox 890 2976 1148 3048; x_wconf 88' lang='lat' dir='ltr'><strong>principio</strong></span> <span class='ocrx_word' id='word_1_289' title='bbox 1176 2971 1305 3028; x_wconf 91' lang='lat' dir='ltr'><strong>nihil</strong></span> <span class='ocrx_word' id='word_1_290' title='bbox 1333 2968 1558 3025; x_wconf 90' lang='lat' dir='ltr'><strong>sublime</strong></span> <span class='ocrx_word' id='word_1_291' title='bbox 1577 2962 1878 3024; x_wconf 90' lang='lat' dir='ltr'><strong>audierunt,</strong></span> <span class='ocrx_word' id='word_1_292' title='bbox 1906 2968 2079 3052; x_wconf 79' lang='lat' dir='ltr'><strong>neque</strong></span> 
     </span>
    </p>
   </div>
   <div class='ocr_carea' id='block_1_43' title="bbox 505 3047 2082 3145">
    <p class='ocr_par' dir='ltr' id='par_1_43' title="bbox 505 3047 2082 3145">
     <span class='ocr_line' id='line_1_43' title="bbox 505 3047 2082 3145; baseline -0.02 -15"><span class='ocrx_word' id='word_1_293' title='bbox 505 3047 765 3145; x_wconf 83' lang='lat' dir='ltr'><strong>quantum</strong></span> <span class='ocrx_word' id='word_1_294' title='bbox 793 3072 859 3125; x_wconf 91' lang='lat' dir='ltr'><strong>ad</strong></span> <span class='ocrx_word' id='word_1_295' title='bbox 888 3047 1158 3139; x_wconf 79' lang='lat' dir='ltr'><strong>dogmata,</strong></span> <span class='ocrx_word' id='word_1_296' title='bbox 1192 3076 1364 3133; x_wconf 91' lang='lat' dir='ltr'><strong>neque</strong></span> <span class='ocrx_word' id='word_1_297' title='bbox 1388 3066 1644 3129; x_wconf 89' lang='lat' dir='ltr'><strong>quantum</strong></span> <span class='ocrx_word' id='word_1_298' title='bbox 1674 3053 1741 3108; x_wconf 89' lang='lat' dir='ltr'><strong>ad</strong></span> <span class='ocrx_word' id='word_1_299' title='bbox 1784 3052 1904 3105; x_wconf 83' lang='lat' dir='ltr'><strong>vitae</strong></span> <span class='ocrx_word' id='word_1_300' title='bbox 1931 3047 2082 3145; x_wconf 41' lang='lat' dir='ltr'><strong>inst-i-</strong></span> 
     </span>
    </p>
   </div>
   <div class='ocr_carea' id='block_1_44' title="bbox 509 3137 2082 3227">
    <p class='ocr_par' dir='ltr' id='par_1_44' title="bbox 509 3137 2082 3227">
     <span class='ocr_line' id='line_1_44' title="bbox 509 3137 2082 3227; baseline -0.02 -7"><span class='ocrx_word' id='word_1_301' title='bbox 509 3137 702 3220; x_wconf 75' lang='lat' dir='ltr'><strong>tutum.</strong></span> <span class='ocrx_word' id='word_1_302' title='bbox 752 3162 841 3217; x_wconf 89' lang='lat' dir='ltr'><strong>Sic</strong></span> <span class='ocrx_word' id='word_1_303' title='bbox 893 3137 1053 3215; x_wconf 81' lang='lat' dir='ltr'><strong>etiam</strong></span> <span class='ocrx_word' id='word_1_304' title='bbox 1103 3164 1225 3227; x_wconf 87' lang='lat' dir='ltr'><strong>post</strong></span> <span class='ocrx_word' id='word_1_305' title='bbox 1266 3150 1460 3208; x_wconf 76' lang='lat' dir='ltr'><strong>Christi</strong></span> <span class='ocrx_word' id='word_1_306' title='bbox 1508 3148 1822 3206; x_wconf 86' lang='lat' dir='ltr'><strong>adventum,</strong></span> <span class='ocrx_word' id='word_1_307' title='bbox 1873 3137 2082 3210; x_wconf 89' lang='lat' dir='ltr'><strong>quando</strong></span> 
     </span>
    </p>
   </div>
   <div class='ocr_carea' id='block_1_45' title="bbox 510 3230 2084 3319">
    <p class='ocr_par' dir='ltr' id='par_1_45' title="bbox 510 3230 2084 3319">
     <span class='ocr_line' id='line_1_45' title="bbox 510 3230 2084 3319; baseline -0.018 -8"><span class='ocrx_word' id='word_1_308' title='bbox 510 3255 881 3311; x_wconf 83' lang='lat' dir='ltr'><strong>sublitniorum</strong></span> <span class='ocrx_word' id='word_1_309' title='bbox 925 3249 1231 3319; x_wconf 90' lang='lat' dir='ltr'><strong>dogmatum</strong></span> <span class='ocrx_word' id='word_1_310' title='bbox 1274 3253 1486 3311; x_wconf 84' lang='lat' dir='ltr'><strong>tempus</strong></span> <span class='ocrx_word' id='word_1_311' title='bbox 1523 3247 1658 3300; x_wconf 87' lang='lat' dir='ltr'><strong>erat,</strong></span> <span class='ocrx_word' id='word_1_312' title='bbox 1688 3246 1876 3289; x_wconf 87' lang='lat' dir='ltr'><strong>onmes</strong></span> <span class='ocrx_word' id='word_1_313' title='bbox 1913 3230 2084 3285; x_wconf 88' lang='lat' dir='ltr'><strong>addu-</strong></span> 
     </span>
    </p>
   </div>
   <div class='ocr_carea' id='block_1_46' title="bbox 512 3325 2080 3413">
    <p class='ocr_par' dir='ltr' id='par_1_46' title="bbox 512 3325 2080 3413">
     <span class='ocr_line' id='line_1_46' title="bbox 512 3325 2080 3413; baseline -0.018 -12"><span class='ocrx_word' id='word_1_314' title='bbox 512 3347 705 3401; x_wconf 91' lang='lat' dir='ltr'><strong>cebant</strong></span> <span class='ocrx_word' id='word_1_315' title='bbox 733 3341 980 3413; x_wconf 88' lang='lat' dir='ltr'><strong>apostoli,</strong></span> <span class='ocrx_word' id='word_1_316' title='bbox 1012 3338 1140 3393; x_wconf 92' lang='lat' dir='ltr'><strong>nihil</strong></span> <span class='ocrx_word' id='word_1_317' title='bbox 1168 3334 1398 3390; x_wconf 86' lang='lat' dir='ltr'><strong>sublime</strong></span> <span class='ocrx_word' id='word_1_318' title='bbox 1424 3347 1454 3385; x_wconf 90' lang='lat' dir='ltr'><strong>a</strong></span> <span class='ocrx_word' id='word_1_319' title='bbox 1498 3327 1757 3400; x_wconf 89' lang='lat' dir='ltr'><strong>principio</strong></span> <span class='ocrx_word' id='word_1_320' title='bbox 1782 3325 2080 3413; x_wconf 83' lang='lat' dir='ltr'><strong>loquentes.</strong></span> 
     </span>
    </p>
   </div>
   <div class='ocr_carea' id='block_1_47' title="bbox 516 3411 2085 3496">
    <p class='ocr_par' dir='ltr' id='par_1_47' title="bbox 516 3411 2085 3496">
     <span class='ocr_line' id='line_1_47' title="bbox 516 3411 2085 3496; baseline -0.017 -4"><span class='ocrx_word' id='word_1_321' title='bbox 516 3438 603 3492; x_wconf 88' lang='lat' dir='ltr'><strong>Sic</strong></span> <span class='ocrx_word' id='word_1_322' title='bbox 628 3446 683 3491; x_wconf 91' lang='lat' dir='ltr'><strong>et</strong></span> <span class='ocrx_word' id='word_1_323' title='bbox 705 3411 947 3488; x_wconf 79' lang='lat' dir='ltr'><strong>Christus</strong></span> <span class='ocrx_word' id='word_1_324' title='bbox 976 3430 1156 3485; x_wconf 87' lang='lat' dir='ltr'><strong>multis</strong></span> <span class='ocrx_word' id='word_1_325' title='bbox 1191 3443 1222 3481; x_wconf 90' lang='lat' dir='ltr'><strong>a</strong></span> <span class='ocrx_word' id='word_1_326' title='bbox 1249 3423 1506 3496; x_wconf 90' lang='lat' dir='ltr'><strong>principio</strong></span> <span class='ocrx_word' id='word_1_327' title='bbox 1532 3418 1691 3475; x_wconf 84' lang='lat' dir='ltr'><strong>verba</strong></span> <span class='ocrx_word' id='word_1_328' title='bbox 1723 3416 1964 3471; x_wconf 89' lang='lat' dir='ltr'><strong>faciebat.</strong></span> <span class='ocrx_word' id='word_1_329' title='bbox 1996 3411 2085 3467; x_wconf 90' lang='lat' dir='ltr'><strong>Sic</strong></span> 
     </span>
    </p>
   </div>
   <div class='ocr_carea' id='block_1_48' title="bbox 511 3505 2085 3585">
    <p class='ocr_par' dir='ltr' id='par_1_48' title="bbox 511 3505 2085 3585">
     <span class='ocr_line' id='line_1_48' title="bbox 511 3505 2085 3585; baseline -0.017 -3"><span class='ocrx_word' id='word_1_330' title='bbox 511 3528 746 3582; x_wconf 83' lang='lat' dir='ltr'><strong>Joannes</strong></span> <span class='ocrx_word' id='word_1_331' title='bbox 773 3539 912 3579; x_wconf 93' lang='lat' dir='ltr'><strong>nunc</strong></span> <span class='ocrx_word' id='word_1_332' title='bbox 940 3522 1066 3577; x_wconf 89' lang='lat' dir='ltr'><strong>fecit</strong></span> <span class='ocrx_word' id='word_1_333' title='bbox 1089 3519 1155 3574; x_wconf 91' lang='lat' dir='ltr'><strong>de</strong></span> <span class='ocrx_word' id='word_1_334' title='bbox 1182 3517 1270 3572; x_wconf 92' lang='lat' dir='ltr'><strong>illo</strong></span> <span class='ocrx_word' id='word_1_335' title='bbox 1295 3515 1444 3585; x_wconf 91' lang='lat' dir='ltr'><strong>quasi</strong></span> <span class='ocrx_word' id='word_1_336' title='bbox 1476 3512 1543 3567; x_wconf 92' lang='lat' dir='ltr'><strong>de</strong></span> <span class='ocrx_word' id='word_1_337' title='bbox 1567 3507 1795 3565; x_wconf 88' lang='lat' dir='ltr'><strong>mirabili</strong></span> <span class='ocrx_word' id='word_1_338' title='bbox 1836 3505 2085 3576; x_wconf 90' lang='lat' dir='ltr'><strong>quopiam</strong></span> 
     </span>
    </p>
   </div>
   <div class='ocr_carea' id='block_1_49' title="bbox 513 3599 2083 3685">
    <p class='ocr_par' dir='ltr' id='par_1_49' title="bbox 513 3599 2083 3685">
     <span class='ocr_line' id='line_1_49' title="bbox 513 3599 2083 3685; baseline -0.016 -13"><span class='ocrx_word' id='word_1_339' title='bbox 513 3618 732 3673; x_wconf 89' lang='lat' dir='ltr'><strong>homine</strong></span> <span class='ocrx_word' id='word_1_340' title='bbox 770 3617 1014 3685; x_wconf 90' lang='lat' dir='ltr'><strong>loquens,</strong></span> <span class='ocrx_word' id='word_1_341' title='bbox 1034 3608 1382 3675; x_wconf 90' lang='lat' dir='ltr'><strong>sublimiaque</strong></span> <span class='ocrx_word' id='word_1_342' title='bbox 1427 3601 1703 3658; x_wconf 89' lang='lat' dir='ltr'><strong>obscurius</strong></span> <span class='ocrx_word' id='word_1_343' title='bbox 1735 3599 2083 3653; x_wconf 89' lang='lat' dir='ltr'><strong>interserens.</strong></span> 
     </span>
    </p>
   </div>
   <div class='ocr_carea' id='block_1_50' title="bbox 518 3690 2087 3774">
    <p class='ocr_par' dir='ltr' id='par_1_50' title="bbox 518 3690 2087 3774">
     <span class='ocr_line' id='line_1_50' title="bbox 518 3690 2087 3774; baseline -0.016 -11"><span class='ocrx_word' id='word_1_344' title='bbox 518 3708 672 3762; x_wconf 89' lang='lat' dir='ltr'><strong>Initio</strong></span> <span class='ocrx_word' id='word_1_345' title='bbox 702 3721 926 3774; x_wconf 87' lang='lat' dir='ltr'><strong>namque</strong></span> <span class='ocrx_word' id='word_1_346' title='bbox 948 3702 1159 3757; x_wconf 89' lang='lat' dir='ltr'><strong>dicebat</strong></span> <span class='ocrx_word' id='word_1_347' title='bbox 1185 3718 1197 3752; x_wconf 91' lang='lat'><strong>:</strong></span> <span class='ocrx_word' id='word_1_348' title='bbox 1230 3696 1351 3752; x_wconf 88' lang='lat' dir='ltr'><strong>Non</strong></span> <span class='ocrx_word' id='word_1_349' title='bbox 1380 3703 1539 3765; x_wconf 80' lang='lat' dir='ltr'><strong>potest</strong></span> <span class='ocrx_word' id='word_1_350' title='bbox 1570 3692 1719 3746; x_wconf 91' lang='lat' dir='ltr'><strong>homo</strong></span> <span class='ocrx_word' id='word_1_351' title='bbox 1747 3707 1778 3742; x_wconf 92' lang='lat' dir='ltr'><strong>a</strong></span> <span class='ocrx_word' id='word_1_352' title='bbox 1805 3690 1969 3756; x_wconf 90' lang='lat' dir='ltr'><strong>seipso</strong></span> <span class='ocrx_word' id='word_1_353' title='bbox 1998 3702 2087 3739; x_wconf 88' lang='lat' dir='ltr'><strong>ac-</strong></span> 
     </span>
    </p>
   </div>
   <div class='ocr_carea' id='block_1_51' title="bbox 514 3779 2087 3866">
    <p class='ocr_par' dir='ltr' id='par_1_51' title="bbox 514 3779 2087 3866">
     <span class='ocr_line' id='line_1_51' title="bbox 514 3779 2087 3866; baseline -0.014 -14"><span class='ocrx_word' id='word_1_354' title='bbox 514 3799 680 3866; x_wconf 81' lang='lat' dir='ltr'><strong>cipere</strong></span> <span class='ocrx_word' id='word_1_355' title='bbox 716 3797 1006 3865; x_wconf 83' lang='lat' dir='ltr'><strong>quidquam.</strong></span> <span class='ocrx_word' id='word_1_356' title='bbox 1042 3789 1240 3845; x_wconf 90' lang='lat' dir='ltr'><strong>Deinde</strong></span> <span class='ocrx_word' id='word_1_357' title='bbox 1282 3795 1559 3857; x_wconf 89' lang='lat' dir='ltr'><strong>postquam</strong></span> <span class='ocrx_word' id='word_1_358' title='bbox 1590 3779 1788 3850; x_wconf 89' lang='lat' dir='ltr'><strong>aliquid</strong></span> <span class='ocrx_word' id='word_1_359' title='bbox 1836 3792 2087 3848; x_wconf 90' lang='lat' dir='ltr'><strong>magnum</strong></span> 
     </span>
    </p>
   </div>
   <div class='ocr_carea' id='block_1_52' title="bbox 518 3867 2089 3960">
    <p class='ocr_par' dir='ltr' id='par_1_52' title="bbox 518 3867 2089 3960">
     <span class='ocr_line' id='line_1_52' title="bbox 518 3867 2089 3960; baseline -0.015 -16"><span class='ocrx_word' id='word_1_360' title='bbox 518 3889 733 3960; x_wconf 90' lang='lat' dir='ltr'><strong>adjecit,</strong></span> <span class='ocrx_word' id='word_1_361' title='bbox 765 3888 863 3954; x_wconf 90' lang='lat' dir='ltr'><strong>Qui</strong></span> <span class='ocrx_word' id='word_1_362' title='bbox 890 3886 951 3939; x_wconf 89' lang='lat' dir='ltr'><strong>de</strong></span> <span class='ocrx_word' id='word_1_363' title='bbox 971 3883 1095 3937; x_wconf 67' lang='lat' dir='ltr'><strong>caelo</strong></span> <span class='ocrx_word' id='word_1_364' title='bbox 1118 3882 1269 3943; x_wconf 82' lang='lat' dir='ltr'><strong>venit,</strong></span> <span class='ocrx_word' id='word_1_365' title='bbox 1293 3894 1450 3947; x_wconf 87' lang='lat' dir='ltr'><strong>supra</strong></span> <span class='ocrx_word' id='word_1_366' title='bbox 1482 3890 1652 3930; x_wconf 86' lang='lat' dir='ltr'><strong>omnes</strong></span> <span class='ocrx_word' id='word_1_367' title='bbox 1676 3882 1785 3935; x_wconf 88' lang='lat' dir='ltr'><strong>est;</strong></span> <span class='ocrx_word' id='word_1_368' title='bbox 1812 3884 1994 3925; x_wconf 91' lang='lat' dir='ltr'><strong>rursus</strong></span> <span class='ocrx_word' id='word_1_369' title='bbox 2022 3867 2089 3922; x_wconf 90' lang='lat' dir='ltr'><strong>ad</strong></span> 
     </span>
    </p>
   </div>
   <div class='ocr_carea' id='block_1_53' title="bbox 520 3958 2090 4040">
    <p class='ocr_par' dir='ltr' id='par_1_53' title="bbox 520 3958 2090 4040">
     <span class='ocr_line' id='line_1_53' title="bbox 520 3958 2090 4040; baseline -0.016 -5"><span class='ocrx_word' id='word_1_370' title='bbox 520 3958 741 4036; x_wconf 82' lang='lat' dir='ltr'><strong>Inuuilia</strong></span> <span class='ocrx_word' id='word_1_371' title='bbox 787 3974 1082 4039; x_wconf 88' lang='lat' dir='ltr'><strong>descendit,</strong></span> <span class='ocrx_word' id='word_1_372' title='bbox 1117 3980 1310 4040; x_wconf 83' lang='lat' dir='ltr'><strong>praeter</strong></span> <span class='ocrx_word' id='word_1_373' title='bbox 1354 3968 1457 4021; x_wconf 89' lang='lat' dir='ltr'><strong>alia</strong></span> <span class='ocrx_word' id='word_1_374' title='bbox 1485 3964 1651 4019; x_wconf 87' lang='lat' dir='ltr'><strong>multa</strong></span> <span class='ocrx_word' id='word_1_375' title='bbox 1695 3962 1919 4015; x_wconf 89' lang='lat' dir='ltr'><strong>dicens:</strong></span> <span class='ocrx_word' id='word_1_376' title='bbox 1971 3958 2090 4012; x_wconf 83' lang='lat' dir='ltr'><strong>Non</strong></span> 
     </span>
    </p>
   </div>
   <div class='ocr_carea' id='block_1_54' title="bbox 519 4059 2088 4129">
    <p class='ocr_par' dir='ltr' id='par_1_54' title="bbox 519 4059 2088 4129">
     <span class='ocr_line' id='line_1_54' title="bbox 519 4059 2088 4129; baseline -0.015 -3"><span class='ocrx_word' id='word_1_377' title='bbox 519 4072 653 4126; x_wconf 86' lang='lat' dir='ltr'><strong>enim</strong></span> <span class='ocrx_word' id='word_1_378' title='bbox 683 4085 744 4123; x_wconf 80' lang='lat' dir='ltr'><strong>ea:</strong></span> <span class='ocrx_word' id='word_1_379' title='bbox 771 4082 1005 4121; x_wconf 78' lang='lat' dir='ltr'><strong>mensura</strong></span> <span class='ocrx_word' id='word_1_380' title='bbox 1030 4066 1116 4117; x_wconf 91' lang='lat' dir='ltr'><strong>dat</strong></span> <span class='ocrx_word' id='word_1_381' title='bbox 1161 4061 1298 4115; x_wconf 89' lang='lat' dir='ltr'><strong>Deus</strong></span> <span class='ocrx_word' id='word_1_382' title='bbox 1326 4059 1613 4129; x_wconf 87' lang='lat' dir='ltr'><strong>Spiritum;</strong></span> <span class='ocrx_word' id='word_1_383' title='bbox 1659 4063 1842 4123; x_wconf 91' lang='lat' dir='ltr'><strong>postea</strong></span> <span class='ocrx_word' id='word_1_384' title='bbox 1884 4064 2088 4113; x_wconf 87' lang='lat' dir='ltr'><strong>rursus,</strong></span> 
     </span>
    </p>
   </div>
   <div class='ocr_carea' id='block_1_55' title="bbox 521 4142 2089 4231">
    <p class='ocr_par' dir='ltr' id='par_1_55' title="bbox 521 4142 2089 4231">
     <span class='ocr_line' id='line_1_55' title="bbox 521 4142 2089 4231; baseline -0.015 -14"><span class='ocrx_word' id='word_1_385' title='bbox 521 4163 683 4217; x_wconf 81' lang='lat' dir='ltr'><strong>Pater</strong></span> <span class='ocrx_word' id='word_1_386' title='bbox 713 4161 879 4231; x_wconf 83' lang='lat' dir='ltr'><strong>diligit</strong></span> <span class='ocrx_word' id='word_1_387' title='bbox 932 4156 1147 4221; x_wconf 84' lang='lat' dir='ltr'><strong>Filium,</strong></span> <span class='ocrx_word' id='word_1_388' title='bbox 1175 4162 1220 4206; x_wconf 91' lang='lat' dir='ltr'><strong>et</strong></span> <span class='ocrx_word' id='word_1_389' title='bbox 1269 4152 1439 4205; x_wconf 86' lang='lat' dir='ltr'><strong><em>omnia</em></strong></span> <span class='ocrx_word' id='word_1_390' title='bbox 1484 4147 1621 4202; x_wconf 87' lang='lat' dir='ltr'><strong>dedit</strong></span> <span class='ocrx_word' id='word_1_391' title='bbox 1661 4147 1713 4199; x_wconf 89' lang='lat' dir='ltr'><strong>in</strong></span> <span class='ocrx_word' id='word_1_392' title='bbox 1767 4160 1921 4197; x_wconf 89' lang='lat' dir='ltr'><strong>manu</strong></span> <span class='ocrx_word' id='word_1_393' title='bbox 1960 4142 2089 4212; x_wconf 89' lang='lat' dir='ltr'><strong>ejus.</strong></span> 
     </span>
    </p>
   </div>
   <div class='ocr_carea' id='block_1_56' title="bbox 522 4232 2093 4319">
    <p class='ocr_par' dir='ltr' id='par_1_56' title="bbox 522 4232 2093 4319">
     <span class='ocr_line' id='line_1_56' title="bbox 522 4232 2093 4319; baseline -0.018 -8"><span class='ocrx_word' id='word_1_394' title='bbox 522 4256 649 4311; x_wconf 90' lang='lat' dir='ltr'><strong>Inde</strong></span> <span class='ocrx_word' id='word_1_395' title='bbox 674 4269 792 4308; x_wconf 90' lang='lat' dir='ltr'><strong>cum</strong></span> <span class='ocrx_word' id='word_1_396' title='bbox 826 4250 1172 4319; x_wconf 78' lang='lat' dir='ltr'><strong>intelligeret,</strong></span> <span class='ocrx_word' id='word_1_397' title='bbox 1204 4252 1405 4299; x_wconf 91' lang='lat' dir='ltr'><strong>metum</strong></span> <span class='ocrx_word' id='word_1_398' title='bbox 1431 4238 1674 4309; x_wconf 90' lang='lat' dir='ltr'><strong>supplicii</strong></span> <span class='ocrx_word' id='word_1_399' title='bbox 1704 4249 1946 4304; x_wconf 84' lang='lat' dir='ltr'><strong>magnam</strong></span> <span class='ocrx_word' id='word_1_400' title='bbox 1987 4232 2093 4285; x_wconf 84' lang='lat' dir='ltr'><strong>uti-</strong></span> 
     </span>
    </p>
   </div>
   <div class='ocr_carea' id='block_1_57' title="bbox 524 4325 2093 4412">
    <p class='ocr_par' dir='ltr' id='par_1_57' title="bbox 524 4325 2093 4412">
     <span class='ocr_line' id='line_1_57' title="bbox 524 4325 2093 4412; baseline -0.016 -12"><span class='ocrx_word' id='word_1_401' title='bbox 524 4346 725 4399; x_wconf 90' lang='lat' dir='ltr'><strong>litatem</strong></span> <span class='ocrx_word' id='word_1_402' title='bbox 758 4356 965 4412; x_wconf 91' lang='lat' dir='ltr'><strong>parere,</strong></span> <span class='ocrx_word' id='word_1_403' title='bbox 999 4337 1301 4405; x_wconf 90' lang='lat' dir='ltr'><strong>multosque</strong></span> <span class='ocrx_word' id='word_1_404' title='bbox 1344 4347 1449 4387; x_wconf 90' lang='lat' dir='ltr'><strong>non</strong></span> <span class='ocrx_word' id='word_1_405' title='bbox 1493 4339 1601 4385; x_wconf 88' lang='lat' dir='ltr'><strong>tam</strong></span> <span class='ocrx_word' id='word_1_406' title='bbox 1634 4325 1910 4395; x_wconf 86' lang='lat' dir='ltr'><strong>promissis</strong></span> <span class='ocrx_word' id='word_1_407' title='bbox 1935 4336 2093 4393; x_wconf 91' lang='lat' dir='ltr'><strong>quam</strong></span> 
     </span>
    </p>
   </div>
   <div class='ocr_carea' id='block_1_58' title="bbox 523 4417 2096 4491">
    <p class='ocr_par' dir='ltr' id='par_1_58' title="bbox 523 4417 2096 4491">
     <span class='ocr_line' id='line_1_58' title="bbox 523 4417 2096 4491; baseline -0.015 -1"><span class='ocrx_word' id='word_1_408' title='bbox 523 4432 1021 4489; x_wconf 85' lang='lat' dir='ltr'><strong>comminationibus</strong></span> <span class='ocrx_word' id='word_1_409' title='bbox 1050 4427 1274 4491; x_wconf 90' lang='lat' dir='ltr'><strong>moveri,</strong></span> <span class='ocrx_word' id='word_1_410' title='bbox 1311 4424 1398 4479; x_wconf 91' lang='lat' dir='ltr'><strong>hic</strong></span> <span class='ocrx_word' id='word_1_411' title='bbox 1426 4422 1638 4477; x_wconf 90' lang='lat' dir='ltr'><strong>tandem</strong></span> <span class='ocrx_word' id='word_1_412' title='bbox 1664 4417 1864 4473; x_wconf 90' lang='lat' dir='ltr'><strong>claudit</strong></span> <span class='ocrx_word' id='word_1_413' title='bbox 1889 4430 2096 4470; x_wconf 88' lang='lat' dir='ltr'><strong>sermo-</strong></span> 
     </span>
    </p>
   </div>
   <div class='ocr_carea' id='block_1_59' title="bbox 526 4510 2094 4590">
    <p class='ocr_par' dir='ltr' id='par_1_59' title="bbox 526 4510 2094 4590">
     <span class='ocr_line' id='line_1_59' title="bbox 526 4510 2094 4590; baseline -0.015 -9"><span class='ocrx_word' id='word_1_414' title='bbox 526 4543 644 4580; x_wconf 87' lang='lat' dir='ltr'><strong>nem</strong></span> <span class='ocrx_word' id='word_1_415' title='bbox 674 4537 726 4579; x_wconf 90' lang='lat' dir='ltr'><strong>ct</strong></span> <span class='ocrx_word' id='word_1_416' title='bbox 754 4526 859 4578; x_wconf 90' lang='lat' dir='ltr'><strong>ait:</strong></span> <span class='ocrx_word' id='word_1_417' title='bbox 889 4522 986 4590; x_wconf 89' lang='lat' dir='ltr'><strong>Qui</strong></span> <span class='ocrx_word' id='word_1_418' title='bbox 1013 4519 1169 4574; x_wconf 86' lang='lat' dir='ltr'><strong>credit</strong></span> <span class='ocrx_word' id='word_1_419' title='bbox 1193 4519 1245 4571; x_wconf 89' lang='lat' dir='ltr'><strong>in</strong></span> <span class='ocrx_word' id='word_1_420' title='bbox 1272 4515 1463 4569; x_wconf 86' lang='lat' dir='ltr'><strong>Filium</strong></span> <span class='ocrx_word' id='word_1_421' title='bbox 1486 4512 1631 4566; x_wconf 87' lang='lat' dir='ltr'><strong>habet</strong></span> <span class='ocrx_word' id='word_1_422' title='bbox 1654 4510 1804 4563; x_wconf 80' lang='lat' dir='ltr'><strong>vitam</strong></span> <span class='ocrx_word' id='word_1_423' title='bbox 1823 4517 2094 4562; x_wconf 66' lang='lat' dir='ltr'><strong>aeternam:</strong></span> 
     </span>
    </p>
   </div>
   <div class='ocr_carea' id='block_1_60' title="bbox 524 4596 2096 4683">
    <p class='ocr_par' dir='ltr' id='par_1_60' title="bbox 524 4596 2096 4683">
     <span class='ocr_line' id='line_1_60' title="bbox 524 4596 2096 4683; baseline -0.015 -13"><span class='ocrx_word' id='word_1_424' title='bbox 524 4618 608 4683; x_wconf 82' lang='lat' dir='ltr'><strong>qui</strong></span> <span class='ocrx_word' id='word_1_425' title='bbox 660 4631 773 4668; x_wconf 81' lang='lat' dir='ltr'><strong>vero</strong></span> <span class='ocrx_word' id='word_1_426' title='bbox 811 4631 912 4668; x_wconf 90' lang='lat' dir='ltr'><strong><em>non</em></strong></span> <span class='ocrx_word' id='word_1_427' title='bbox 955 4610 1114 4665; x_wconf 84' lang='lat' dir='ltr'><strong>credit</strong></span> <span class='ocrx_word' id='word_1_428' title='bbox 1155 4607 1313 4671; x_wconf 82' lang='lat' dir='ltr'><strong>Filio,</strong></span> <span class='ocrx_word' id='word_1_429' title='bbox 1356 4621 1456 4658; x_wconf 83' lang='lat' dir='ltr'><strong>non</strong></span> <span class='ocrx_word' id='word_1_430' title='bbox 1496 4602 1676 4655; x_wconf 84' lang='lat' dir='ltr'><strong>videbit</strong></span> <span class='ocrx_word' id='word_1_431' title='bbox 1706 4600 1876 4662; x_wconf 84' lang='lat' dir='ltr'><strong>vitam,</strong></span> <span class='ocrx_word' id='word_1_432' title='bbox 1907 4597 1993 4650; x_wconf 90' lang='lat' dir='ltr'><strong>sed</strong></span> <span class='ocrx_word' id='word_1_433' title='bbox 2019 4596 2096 4647; x_wconf 90' lang='lat' dir='ltr'><strong>ira</strong></span> 
     </span>
    </p>
   </div>
   <div class='ocr_carea' id='block_1_61' title="bbox 529 4692 2095 4776">
    <p class='ocr_par' dir='ltr' id='par_1_61' title="bbox 529 4692 2095 4776">
     <span class='ocr_line' id='line_1_61' title="bbox 529 4692 2095 4776; baseline -0.015 -15"><span class='ocrx_word' id='word_1_434' title='bbox 529 4708 619 4761; x_wconf 87' lang='lat' dir='ltr'><strong>Dei</strong></span> <span class='ocrx_word' id='word_1_435' title='bbox 645 4717 809 4759; x_wconf 87' lang='lat' dir='ltr'><strong>manet</strong></span> <span class='ocrx_word' id='word_1_436' title='bbox 834 4721 983 4776; x_wconf 85' lang='lat' dir='ltr'><strong>super</strong></span> <span class='ocrx_word' id='word_1_437' title='bbox 1022 4719 1155 4756; x_wconf 88' lang='lat' dir='ltr'><strong>eum.</strong></span> <span class='ocrx_word' id='word_1_438' title='bbox 1184 4700 1415 4755; x_wconf 80' lang='lat' dir='ltr'><strong>Rursum</strong></span> <span class='ocrx_word' id='word_1_439' title='bbox 1466 4695 1552 4749; x_wconf 91' lang='lat' dir='ltr'><strong>hic</strong></span> <span class='ocrx_word' id='word_1_440' title='bbox 1603 4692 1669 4746; x_wconf 90' lang='lat' dir='ltr'><strong>ad</strong></span> <span class='ocrx_word' id='word_1_441' title='bbox 1715 4692 1923 4746; x_wconf 86' lang='lat' dir='ltr'><strong>Patrem</strong></span> <span class='ocrx_word' id='word_1_442' title='bbox 1967 4701 2095 4755; x_wconf 78' lang='lat' dir='ltr'><strong>sup-</strong></span> 
     </span>
    </p>
   </div>
   <div class='ocr_carea' id='block_1_62' title="bbox 525 4777 2095 4873">
    <p class='ocr_par' dir='ltr' id='par_1_62' title="bbox 525 4777 2095 4873">
     <span class='ocr_line' id='line_1_62' title="bbox 525 4777 2095 4873; baseline -0.015 -20"><span class='ocrx_word' id='word_1_443' title='bbox 525 4801 665 4873; x_wconf 86' lang='lat' dir='ltr'><strong>plicii</strong></span> <span class='ocrx_word' id='word_1_444' title='bbox 716 4812 1014 4854; x_wconf 88' lang='lat' dir='ltr'><strong>sermonem</strong></span> <span class='ocrx_word' id='word_1_445' title='bbox 1064 4792 1247 4849; x_wconf 82' lang='lat' dir='ltr'><strong>refert.</strong></span> <span class='ocrx_word' id='word_1_446' title='bbox 1296 4789 1411 4844; x_wconf 90' lang='lat' dir='ltr'><strong>Non</strong></span> <span class='ocrx_word' id='word_1_447' title='bbox 1452 4787 1593 4842; x_wconf 88' lang='lat' dir='ltr'><strong>enim</strong></span> <span class='ocrx_word' id='word_1_448' title='bbox 1641 4783 1793 4848; x_wconf 82' lang='lat' dir='ltr'><strong>dixit,</strong></span> <span class='ocrx_word' id='word_1_449' title='bbox 1826 4781 1907 4835; x_wconf 87' lang='lat' dir='ltr'><strong>Ira</strong></span> <span class='ocrx_word' id='word_1_450' title='bbox 1953 4777 2095 4844; x_wconf 89' lang='lat' dir='ltr'><strong>Filii,</strong></span> 
     </span>
    </p>
   </div>
   <div class='ocr_carea' id='block_1_63' title="bbox 526 4871 2100 4954">
    <p class='ocr_par' dir='ltr' id='par_1_63' title="bbox 526 4871 2100 4954">
     <span class='ocr_line' id='line_1_63' title="bbox 526 4871 2100 4954; baseline -0.015 -9"><span class='ocrx_word' id='word_1_451' title='bbox 526 4871 734 4945; x_wconf 88' lang='lat' dir='ltr'><strong>etiamsi</strong></span> <span class='ocrx_word' id='word_1_452' title='bbox 794 4889 881 4941; x_wconf 87' lang='lat' dir='ltr'><strong>ille</strong></span> <span class='ocrx_word' id='word_1_453' title='bbox 933 4888 1002 4941; x_wconf 91' lang='lat' dir='ltr'><strong>sit</strong></span> <span class='ocrx_word' id='word_1_454' title='bbox 1024 4884 1224 4954; x_wconf 82' lang='lat' dir='ltr'><strong>judex;</strong></span> <span class='ocrx_word' id='word_1_455' title='bbox 1271 4881 1365 4935; x_wconf 83' lang='lat' dir='ltr'><strong>sed</strong></span> <span class='ocrx_word' id='word_1_456' title='bbox 1418 4879 1625 4932; x_wconf 84' lang='lat' dir='ltr'><strong>Patrem</strong></span> <span class='ocrx_word' id='word_1_457' title='bbox 1678 4871 2009 4932; x_wconf 89' lang='lat' dir='ltr'><strong>memoravit,</strong></span> <span class='ocrx_word' id='word_1_458' title='bbox 2043 4876 2100 4922; x_wconf 89' lang='lat' dir='ltr'><strong>ut</strong></span> 
     </span>
    </p>
   </div>
   <div class='ocr_carea' id='block_1_64' title="bbox 527 4962 2099 5051">
    <p class='ocr_par' dir='ltr' id='par_1_64' title="bbox 527 4962 2099 5051">
     <span class='ocr_line' id='line_1_64' title="bbox 527 4962 2099 5051; baseline -0.014 -15"><span class='ocrx_word' id='word_1_459' title='bbox 527 4982 696 5051; x_wconf 84' lang='lat' dir='ltr'><strong>magis</strong></span> <span class='ocrx_word' id='word_1_460' title='bbox 737 4987 980 5034; x_wconf 90' lang='lat' dir='ltr'><strong>terreret.</strong></span> <span class='ocrx_word' id='word_1_461' title='bbox 1007 4976 1142 5031; x_wconf 91' lang='lat' dir='ltr'><strong>Num</strong></span> <span class='ocrx_word' id='word_1_462' title='bbox 1170 4988 1300 5043; x_wconf 90' lang='lat' dir='ltr'><strong>ergo</strong></span> <span class='ocrx_word' id='word_1_463' title='bbox 1325 4969 1539 5033; x_wconf 83' lang='lat' dir='ltr'><strong>sufticit,</strong></span> <span class='ocrx_word' id='word_1_464' title='bbox 1573 4966 1798 5036; x_wconf 88' lang='lat' dir='ltr'><strong>inquies,</strong></span> <span class='ocrx_word' id='word_1_465' title='bbox 1826 4965 1878 5018; x_wconf 93' lang='lat' dir='ltr'><strong>in</strong></span> <span class='ocrx_word' id='word_1_466' title='bbox 1904 4962 2099 5017; x_wconf 89' lang='lat' dir='ltr'><strong>Filium</strong></span> 
     </span>
    </p>
   </div>
   <div class='ocr_carea' id='block_1_65' title="bbox 528 5051 2100 5137">
    <p class='ocr_par' dir='ltr' id='par_1_65' title="bbox 528 5051 2100 5137">
     <span class='ocr_line' id='line_1_65' title="bbox 528 5051 2100 5137; baseline -0.015 -9"><span class='ocrx_word' id='word_1_467' title='bbox 528 5074 771 5137; x_wconf 88' lang='lat' dir='ltr'><strong>credere,</strong></span> <span class='ocrx_word' id='word_1_468' title='bbox 794 5079 853 5124; x_wconf 89' lang='lat' dir='ltr'><strong>ut</strong></span> <span class='ocrx_word' id='word_1_469' title='bbox 878 5070 983 5122; x_wconf 87' lang='lat' dir='ltr'><strong>vita</strong></span> <span class='ocrx_word' id='word_1_470' title='bbox 1008 5077 1207 5121; x_wconf 67' lang='lat' dir='ltr'><strong>interna</strong></span> <span class='ocrx_word' id='word_1_471' title='bbox 1240 5059 1534 5116; x_wconf 86' lang='lat' dir='ltr'><strong>habeatur?</strong></span> <span class='ocrx_word' id='word_1_472' title='bbox 1571 5057 1937 5126; x_wconf 86' lang='lat' dir='ltr'><strong>Nequaquam.</strong></span> <span class='ocrx_word' id='word_1_473' title='bbox 1963 5051 2100 5105; x_wconf 86' lang='lat' dir='ltr'><strong>Audi</strong></span> 
     </span>
    </p>
   </div>
   <div class='ocr_carea' id='block_1_66' title="bbox 528 5141 2101 5227">
    <p class='ocr_par' dir='ltr' id='par_1_66' title="bbox 528 5141 2101 5227">
     <span class='ocr_line' id='line_1_66' title="bbox 528 5141 2101 5227; baseline -0.016 -8"><span class='ocrx_word' id='word_1_474' title='bbox 528 5165 800 5219; x_wconf 75' lang='lat' dir='ltr'><strong>Christum</strong></span> <span class='ocrx_word' id='word_1_475' title='bbox 850 5161 951 5214; x_wconf 92' lang='lat' dir='ltr'><strong>hoc</strong></span> <span class='ocrx_word' id='word_1_476' title='bbox 999 5159 1170 5227; x_wconf 91' lang='lat' dir='ltr'><strong>ipsum</strong></span> <span class='ocrx_word' id='word_1_477' title='bbox 1221 5155 1579 5209; x_wconf 85' lang='lat' dir='ltr'><strong>declarantem</strong></span> <span class='ocrx_word' id='word_1_478' title='bbox 1628 5148 1709 5202; x_wconf 91' lang='lat' dir='ltr'><strong>his</strong></span> <span class='ocrx_word' id='word_1_479' title='bbox 1737 5145 1936 5208; x_wconf 89' lang='lat' dir='ltr'><strong>verbis,</strong></span> <span class='ocrx_word' id='word_1_480' title='bbox 1980 5141 2101 5195; x_wconf 83' lang='lat' dir='ltr'><strong>Non</strong></span> 
     </span>
    </p>
   </div>
   <div class='ocr_carea' id='block_1_67' title="bbox 529 5234 2101 5323">
    <p class='ocr_par' dir='ltr' id='par_1_67' title="bbox 529 5234 2101 5323">
     <span class='ocr_line' id='line_1_67' title="bbox 529 5234 2101 5323; baseline -0.017 -14"><span class='ocrx_word' id='word_1_481' title='bbox 529 5256 692 5309; x_wconf 83' lang='lat' dir='ltr'><strong>omnis</strong></span> <span class='ocrx_word' id='word_1_482' title='bbox 718 5253 803 5323; x_wconf 89' lang='lat' dir='ltr'><strong>qui</strong></span> <span class='ocrx_word' id='word_1_483' title='bbox 830 5252 948 5303; x_wconf 86' lang='lat' dir='ltr'><strong>dicit</strong></span> <span class='ocrx_word' id='word_1_484' title='bbox 988 5248 1132 5311; x_wconf 86' lang='lat' dir='ltr'><strong>mihi,</strong></span> <span class='ocrx_word' id='word_1_485' title='bbox 1171 5245 1403 5309; x_wconf 89' lang='lat' dir='ltr'><strong>Domine,</strong></span> <span class='ocrx_word' id='word_1_486' title='bbox 1438 5240 1669 5303; x_wconf 89' lang='lat' dir='ltr'><strong>Domine,</strong></span> <span class='ocrx_word' id='word_1_487' title='bbox 1697 5234 1902 5289; x_wconf 86' lang='lat' dir='ltr'><strong>intrabit</strong></span> <span class='ocrx_word' id='word_1_488' title='bbox 1941 5234 1993 5285; x_wconf 90' lang='lat' dir='ltr'><strong>in</strong></span> <span class='ocrx_word' id='word_1_489' title='bbox 2019 5248 2101 5283; x_wconf 89' lang='lat' dir='ltr'><strong>re-</strong></span> 
     </span>
    </p>
   </div>
   <div class='ocr_carea' id='block_1_68' title="bbox 528 5322 2101 5417">
    <p class='ocr_par' dir='ltr' id='par_1_68' title="bbox 528 5322 2101 5417">
     <span class='ocr_line' id='line_1_68' title="bbox 528 5322 2101 5417; baseline -0.015 -19"><span class='ocrx_word' id='word_1_490' title='bbox 528 5363 682 5417; x_wconf 82' lang='lat' dir='ltr'><strong>guunt</strong></span> <span class='ocrx_word' id='word_1_491' title='bbox 709 5322 943 5397; x_wconf 67' lang='lat' dir='ltr'><strong>calorum</strong></span> <span class='ocrx_word' id='word_1_492' title='bbox 970 5338 1180 5413; x_wconf 80' lang='lat' dir='ltr'><strong>(Matth.</strong></span> <span class='ocrx_word' id='word_1_493' title='bbox 1214 5337 1265 5388; x_wconf 82' lang='lat'><strong>7.</strong></span> <span class='ocrx_word' id='word_1_494' title='bbox 1294 5333 1422 5403; x_wconf 75' lang='lat'><strong>‘21);</strong></span> <span class='ocrx_word' id='word_1_495' title='bbox 1457 5341 1509 5385; x_wconf 88' lang='lat' dir='ltr'><strong>et</strong></span> <span class='ocrx_word' id='word_1_496' title='bbox 1536 5326 1865 5396; x_wconf 78' lang='lat' dir='ltr'><strong>blasphemia</strong></span> <span class='ocrx_word' id='word_1_497' title='bbox 1896 5324 1949 5377; x_wconf 90' lang='lat' dir='ltr'><strong>in</strong></span> <span class='ocrx_word' id='word_1_498' title='bbox 1980 5322 2101 5392; x_wconf 86' lang='lat' dir='ltr'><strong>Spi-</strong></span> 
     </span>
    </p>
   </div>
   <div class='ocr_carea' id='block_1_69' title="bbox 532 5417 1889 5498">
    <p class='ocr_par' dir='ltr' id='par_1_69' title="bbox 532 5417 1889 5498">
     <span class='ocr_line' id='line_1_69' title="bbox 532 5417 1889 5498; baseline -0.016 -7"><span class='ocrx_word' id='word_1_499' title='bbox 532 5440 690 5491; x_wconf 88' lang='lat' dir='ltr'><strong>ritqu</strong></span> <span class='ocrx_word' id='word_1_500' title='bbox 722 5435 915 5489; x_wconf 73' lang='lat' dir='ltr'><strong>sufficit</strong></span> <span class='ocrx_word' id='word_1_501' title='bbox 940 5442 994 5485; x_wconf 92' lang='lat' dir='ltr'><strong>ut</strong></span> <span class='ocrx_word' id='word_1_502' title='bbox 1020 5431 1071 5485; x_wconf 91' lang='lat' dir='ltr'><strong>iu</strong></span> <span class='ocrx_word' id='word_1_503' title='bbox 1097 5426 1392 5498; x_wconf 79' lang='lat' dir='ltr'><strong>gehennam</strong></span> <span class='ocrx_word' id='word_1_504' title='bbox 1417 5425 1533 5493; x_wconf 87' lang='lat' dir='ltr'><strong>quis</strong></span> <span class='ocrx_word' id='word_1_505' title='bbox 1559 5417 1889 5473; x_wconf 83' lang='lat' dir='ltr'><strong>detrudatur.</strong></span> 
     </span>
    </p>
   </div>
   <div class='ocr_carea' id='block_1_70' title="bbox 608 5507 2103 5584">
    <p class='ocr_par' dir='ltr' id='par_1_70' title="bbox 608 5507 2103 5584">
     <span class='ocr_line' id='line_1_70' title="bbox 608 5507 2103 5584; baseline -0.015 -4"><span class='ocrx_word' id='word_1_506' title='bbox 608 5526 762 5579; x_wconf 82' lang='lat' dir='ltr'><strong>Fides</strong></span> <span class='ocrx_word' id='word_1_507' title='bbox 804 5526 910 5578; x_wconf 81' lang='lat' dir='ltr'><strong>sine</strong></span> <span class='ocrx_word' id='word_1_508' title='bbox 960 5523 1060 5576; x_wconf 75' lang='lat' dir='ltr'><strong>vita</strong></span> <span class='ocrx_word' id='word_1_509' title='bbox 1089 5520 1219 5574; x_wconf 91' lang='lat' dir='ltr'><strong>bona</strong></span> <span class='ocrx_word' id='word_1_510' title='bbox 1260 5516 1388 5570; x_wconf 88' lang='lat' dir='ltr'><strong>nihil</strong></span> <span class='ocrx_word' id='word_1_511' title='bbox 1417 5512 1642 5584; x_wconf 87' lang='lat' dir='ltr'><strong>prodest.</strong></span> <span class='ocrx_word' id='word_1_512' title='bbox 1674 5508 1841 5574; x_wconf 86' lang='lat' dir='ltr'><strong>Illud,</strong></span> <span class='ocrx_word' id='word_1_513' title='bbox 1886 5507 1962 5560; x_wconf 90' lang='lat' dir='ltr'><strong>ira</strong></span> <span class='ocrx_word' id='word_1_514' title='bbox 1990 5519 2103 5559; x_wconf 85' lang='lat' dir='ltr'><strong>ma-</strong></span> 
     </span>
    </p>
   </div>
   <div class='ocr_carea' id='block_1_71' title="bbox 536 5595 2107 5685">
    <p class='ocr_par' dir='ltr' id='par_1_71' title="bbox 536 5595 2107 5685">
     <span class='ocr_line' id='line_1_71' title="bbox 536 5595 2107 5685; baseline -0.013 -15"><span class='ocrx_word' id='word_1_515' title='bbox 536 5627 627 5671; x_wconf 88' lang='lat' dir='ltr'><strong>net</strong></span> <span class='ocrx_word' id='word_1_516' title='bbox 650 5632 811 5685; x_wconf 86' lang='lat' dir='ltr'><strong>super</strong></span> <span class='ocrx_word' id='word_1_517' title='bbox 838 5630 980 5678; x_wconf 90' lang='lat' dir='ltr'><strong>eum,</strong></span> <span class='ocrx_word' id='word_1_518' title='bbox 1012 5626 1209 5682; x_wconf 66' lang='lat' dir='ltr'><strong>pinnam</strong></span> <span class='ocrx_word' id='word_1_519' title='bbox 1247 5616 1488 5662; x_wconf 64' lang='lat' dir='ltr'><strong>attentam</strong></span> <span class='ocrx_word' id='word_1_520' title='bbox 1514 5602 1759 5672; x_wconf 79' lang='lat' dir='ltr'><strong>designat.</strong></span> <span class='ocrx_word' id='word_1_521' title='bbox 1781 5628 1851 5639; x_wconf 89' lang='lat'><strong>-—</strong></span> <span class='ocrx_word' id='word_1_522' title='bbox 1881 5598 1946 5652; x_wconf 86' lang='lat' dir='ltr'><strong>Et</strong></span> <span class='ocrx_word' id='word_1_523' title='bbox 1981 5595 2107 5665; x_wconf 91' lang='lat' dir='ltr'><strong>quid</strong></span> 
     </span>
    </p>
   </div>
   <div class='ocr_carea' id='block_1_72' title="bbox 534 5688 2110 5773">
    <p class='ocr_par' dir='ltr' id='par_1_72' title="bbox 534 5688 2110 5773">
     <span class='ocr_line' id='line_1_72' title="bbox 534 5688 2110 5773; baseline -0.011 -16"><span class='ocrx_word' id='word_1_524' title='bbox 534 5708 655 5760; x_wconf 79' lang='lat' dir='ltr'><strong>dico</strong></span> <span class='ocrx_word' id='word_1_525' title='bbox 681 5706 747 5759; x_wconf 88' lang='lat' dir='ltr'><strong>de</strong></span> <span class='ocrx_word' id='word_1_526' title='bbox 780 5714 925 5773; x_wconf 86' lang='lat' dir='ltr'><strong>parte</strong></span> <span class='ocrx_word' id='word_1_527' title='bbox 950 5699 1249 5772; x_wconf 75' lang='lat' dir='ltr'><strong>dogmatis?</strong></span> <span class='ocrx_word' id='word_1_528' title='bbox 1292 5696 1426 5751; x_wconf 89' lang='lat' dir='ltr'><strong>Nam</strong></span> <span class='ocrx_word' id='word_1_529' title='bbox 1454 5702 1509 5748; x_wconf 91' lang='lat' dir='ltr'><strong>et</strong></span> <span class='ocrx_word' id='word_1_530' title='bbox 1532 5693 1575 5745; x_wconf 89' lang='lat' dir='ltr'><strong>si</strong></span> <span class='ocrx_word' id='word_1_531' title='bbox 1610 5691 1728 5761; x_wconf 91' lang='lat' dir='ltr'><strong>quis</strong></span> <span class='ocrx_word' id='word_1_532' title='bbox 1757 5698 1901 5744; x_wconf 91' lang='lat' dir='ltr'><strong>recte</strong></span> <span class='ocrx_word' id='word_1_533' title='bbox 1927 5688 2110 5742; x_wconf 87' lang='lat' dir='ltr'><strong>credat</strong></span> 
     </span>
    </p>
   </div>
   <div class='ocr_carea' id='block_1_73' title="bbox 536 5781 2107 5859">
    <p class='ocr_par' dir='ltr' id='par_1_73' title="bbox 536 5781 2107 5859">
     <span class='ocr_line' id='line_1_73' title="bbox 536 5781 2107 5859; baseline -0.01 -12"><span class='ocrx_word' id='word_1_534' title='bbox 536 5798 587 5850; x_wconf 85' lang='lat' dir='ltr'><strong>in</strong></span> <span class='ocrx_word' id='word_1_535' title='bbox 618 5797 822 5849; x_wconf 86' lang='lat' dir='ltr'><strong>l&#39;atrem</strong></span> <span class='ocrx_word' id='word_1_536' title='bbox 854 5806 906 5849; x_wconf 91' lang='lat' dir='ltr'><strong>et</strong></span> <span class='ocrx_word' id='word_1_537' title='bbox 934 5794 1126 5847; x_wconf 83' lang='lat' dir='ltr'><strong>Filiqu</strong></span> <span class='ocrx_word' id='word_1_538' title='bbox 1148 5802 1202 5845; x_wconf 89' lang='lat' dir='ltr'><strong>et</strong></span> <span class='ocrx_word' id='word_1_539' title='bbox 1219 5788 1473 5859; x_wconf 86' lang='lat' dir='ltr'><strong>Spiritum</strong></span> <span class='ocrx_word' id='word_1_540' title='bbox 1496 5793 1758 5846; x_wconf 84' lang='lat' dir='ltr'><strong>sanctum,</strong></span> <span class='ocrx_word' id='word_1_541' title='bbox 1774 5781 1817 5835; x_wconf 90' lang='lat' dir='ltr'><strong>si</strong></span> <span class='ocrx_word' id='word_1_542' title='bbox 1837 5791 1982 5835; x_wconf 83' lang='lat' dir='ltr'><strong>recte</strong></span> <span class='ocrx_word' id='word_1_543' title='bbox 2004 5795 2107 5831; x_wconf 91' lang='lat' dir='ltr'><strong>non</strong></span> 
     </span>
    </p>
   </div>
   <div class='ocr_carea' id='block_1_74' title="bbox 2176 1840 3743 1916">
    <p class='ocr_par' dir='ltr' id='par_1_74' title="bbox 2176 1840 3743 1916">
     <span class='ocr_line' id='line_1_74' title="bbox 2176 1840 3743 1916; baseline -0.01 -10"><span class='ocrx_word' id='word_1_544' title='bbox 2176 1854 2341 1916; x_wconf 87' lang='lat' dir='ltr'><strong>vivat,</strong></span> <span class='ocrx_word' id='word_1_545' title='bbox 2359 1848 2488 1903; x_wconf 93' lang='lat' dir='ltr'><strong>nihil</strong></span> <span class='ocrx_word' id='word_1_546' title='bbox 2514 1848 2609 1916; x_wconf 89' lang='lat' dir='ltr'><strong>ipsi</strong></span> <span class='ocrx_word' id='word_1_547' title='bbox 2637 1846 2769 1900; x_wconf 90' lang='lat' dir='ltr'><strong>fides</strong></span> <span class='ocrx_word' id='word_1_548' title='bbox 2789 1842 3107 1914; x_wconf 87' lang='lat' dir='ltr'><strong>proderitad</strong></span> <span class='ocrx_word' id='word_1_549' title='bbox 3130 1841 3523 1909; x_wconf 84' lang='lat' dir='ltr'><strong>salutem.Ergo</strong></span> <span class='ocrx_word' id='word_1_550' title='bbox 3537 1840 3743 1910; x_wconf 84' lang='lat' dir='ltr'><strong>quando</strong></span> 
     </span>
    </p>
   </div>
   <div class='ocr_carea' id='block_1_75' title="bbox 2177 1937 3744 2007">
    <p class='ocr_par' dir='ltr' id='par_1_75' title="bbox 2177 1937 3744 2007">
     <span class='ocr_line' id='line_1_75' title="bbox 2177 1937 3744 2007; baseline -0.01 -9"><span class='ocrx_word' id='word_1_551' title='bbox 2177 1944 2328 2007; x_wconf 87' lang='lat' dir='ltr'><strong>dicit,</strong></span> <span class='ocrx_word' id='word_1_552' title='bbox 2362 1940 2486 1994; x_wconf 65' lang='lat' dir='ltr'><strong>Haec</strong></span> <span class='ocrx_word' id='word_1_553' title='bbox 2515 1950 2585 1991; x_wconf 90' lang='lat' dir='ltr'><strong>est</strong></span> <span class='ocrx_word' id='word_1_554' title='bbox 2613 1938 2744 1989; x_wconf 89' lang='lat' dir='ltr'><strong>enim</strong></span> <span class='ocrx_word' id='word_1_555' title='bbox 2787 1937 2887 1990; x_wconf 80' lang='lat' dir='ltr'><strong>vita</strong></span> <span class='ocrx_word' id='word_1_556' title='bbox 2913 1946 3122 2002; x_wconf 73' lang='lat' dir='ltr'><strong>(eterna,</strong></span> <span class='ocrx_word' id='word_1_557' title='bbox 3151 1942 3206 1986; x_wconf 88' lang='lat' dir='ltr'><strong>ut</strong></span> <span class='ocrx_word' id='word_1_558' title='bbox 3233 1942 3534 2003; x_wconf 81' lang='lat' dir='ltr'><strong>cognoscant</strong></span> <span class='ocrx_word' id='word_1_559' title='bbox 3577 1941 3624 1984; x_wconf 91' lang='lat' dir='ltr'><strong>te</strong></span> <span class='ocrx_word' id='word_1_560' title='bbox 3662 1947 3744 1983; x_wconf 76' lang='lat' dir='ltr'><strong>so—</strong></span> 
     </span>
    </p>
   </div>
   <div class='ocr_carea' id='block_1_76' title="bbox 2178 2021 3746 2093">
    <p class='ocr_par' dir='ltr' id='par_1_76' title="bbox 2178 2021 3746 2093">
     <span class='ocr_line' id='line_1_76' title="bbox 2178 2021 3746 2093; baseline -0.008 -6"><span class='ocrx_word' id='word_1_561' title='bbox 2178 2036 2285 2088; x_wconf 87' lang='lat' dir='ltr'><strong>lum</strong></span> <span class='ocrx_word' id='word_1_562' title='bbox 2327 2047 2497 2083; x_wconf 86' lang='lat' dir='ltr'><strong>verum</strong></span> <span class='ocrx_word' id='word_1_563' title='bbox 2524 2027 2688 2080; x_wconf 88' lang='lat' dir='ltr'><strong>Deum</strong></span> <span class='ocrx_word' id='word_1_564' title='bbox 2718 2026 2893 2093; x_wconf 84' lang='lat' dir='ltr'><strong>(Joan.</strong></span> <span class='ocrx_word' id='word_1_565' title='bbox 2934 2025 3020 2079; x_wconf 84' lang='lat' dir='ltr'><strong>I7.</strong></span> <span class='ocrx_word' id='word_1_566' title='bbox 3050 2025 3130 2090; x_wconf 85' lang='lat'><strong>&#39;5),</strong></span> <span class='ocrx_word' id='word_1_567' title='bbox 3155 2037 3222 2078; x_wconf 89' lang='lat' dir='ltr'><strong>ne</strong></span> <span class='ocrx_word' id='word_1_568' title='bbox 3249 2033 3492 2093; x_wconf 87' lang='lat' dir='ltr'><strong>putemus</strong></span> <span class='ocrx_word' id='word_1_569' title='bbox 3522 2021 3570 2075; x_wconf 92' lang='lat' dir='ltr'><strong>id</strong></span> <span class='ocrx_word' id='word_1_570' title='bbox 3595 2021 3746 2075; x_wconf 84' lang='lat' dir='ltr'><strong>nobis</strong></span> 
     </span>
    </p>
   </div>
   <div class='ocr_carea' id='block_1_77' title="bbox 2177 2113 3748 2189">
    <p class='ocr_par' dir='ltr' id='par_1_77' title="bbox 2177 2113 3748 2189">
     <span class='ocr_line' id='line_1_77' title="bbox 2177 2113 3748 2189; baseline -0.008 -10"><span class='ocrx_word' id='word_1_571' title='bbox 2177 2126 2244 2179; x_wconf 90' lang='lat' dir='ltr'><strong>ad</strong></span> <span class='ocrx_word' id='word_1_572' title='bbox 2275 2127 2498 2177; x_wconf 86' lang='lat' dir='ltr'><strong>salutem</strong></span> <span class='ocrx_word' id='word_1_573' title='bbox 2530 2120 2657 2174; x_wconf 87' lang='lat' dir='ltr'><strong>satis</strong></span> <span class='ocrx_word' id='word_1_574' title='bbox 2678 2135 2815 2174; x_wconf 90' lang='lat' dir='ltr'><strong>esse.</strong></span> <span class='ocrx_word' id='word_1_575' title='bbox 2839 2117 2985 2189; x_wconf 92' lang='lat' dir='ltr'><strong>Opus</strong></span> <span class='ocrx_word' id='word_1_576' title='bbox 3010 2132 3235 2186; x_wconf 90' lang='lat' dir='ltr'><strong>namque</strong></span> <span class='ocrx_word' id='word_1_577' title='bbox 3264 2115 3415 2169; x_wconf 91' lang='lat' dir='ltr'><strong>nobis</strong></span> <span class='ocrx_word' id='word_1_578' title='bbox 3438 2123 3519 2168; x_wconf 91' lang='lat' dir='ltr'><strong>est</strong></span> <span class='ocrx_word' id='word_1_579' title='bbox 3545 2121 3600 2169; x_wconf 90' lang='lat' dir='ltr'><strong>et</strong></span> <span class='ocrx_word' id='word_1_580' title='bbox 3628 2113 3748 2166; x_wconf 75' lang='lat' dir='ltr'><strong>vitae</strong></span> 
     </span>
    </p>
   </div>
   <div class='ocr_carea' id='block_1_78' title="bbox 2177 2204 3750 2281">
    <p class='ocr_par' dir='ltr' id='par_1_78' title="bbox 2177 2204 3750 2281">
     <span class='ocr_line' id='line_1_78' title="bbox 2177 2204 3750 2281; baseline -0.008 -10"><span class='ocrx_word' id='word_1_581' title='bbox 2177 2227 2232 2272; x_wconf 89' lang='lat' dir='ltr'><strong>et</strong></span> <span class='ocrx_word' id='word_1_582' title='bbox 2264 2231 2468 2269; x_wconf 87' lang='lat' dir='ltr'><strong>morum</strong></span> <span class='ocrx_word' id='word_1_583' title='bbox 2502 2213 2742 2266; x_wconf 89' lang='lat' dir='ltr'><strong>instituto</strong></span> <span class='ocrx_word' id='word_1_584' title='bbox 2783 2210 3008 2281; x_wconf 71' lang='lat' dir='ltr'><strong>probo‘.</strong></span> <span class='ocrx_word' id='word_1_585' title='bbox 3054 2208 3123 2263; x_wconf 87' lang='lat' dir='ltr'><strong>Et</strong></span> <span class='ocrx_word' id='word_1_586' title='bbox 3163 2207 3207 2261; x_wconf 90' lang='lat' dir='ltr'><strong>si</strong></span> <span class='ocrx_word' id='word_1_587' title='bbox 3257 2205 3342 2259; x_wconf 86' lang='lat' dir='ltr'><strong>hic</strong></span> <span class='ocrx_word' id='word_1_588' title='bbox 3387 2205 3600 2268; x_wconf 78' lang='lat' dir='ltr'><strong>dixerit,</strong></span> <span class='ocrx_word' id='word_1_589' title='bbox 3648 2204 3750 2271; x_wconf 89' lang='lat' dir='ltr'><strong>Qui</strong></span> 
     </span>
    </p>
   </div>
   <div class='ocr_carea' id='block_1_79' title="bbox 2177 2300 3750 2367">
    <p class='ocr_par' dir='ltr' id='par_1_79' title="bbox 2177 2300 3750 2367">
     <span class='ocr_line' id='line_1_79' title="bbox 2177 2300 3750 2367; baseline -0.008 -6"><span class='ocrx_word' id='word_1_590' title='bbox 2177 2308 2336 2361; x_wconf 86' lang='lat' dir='ltr'><strong>credit</strong></span> <span class='ocrx_word' id='word_1_591' title='bbox 2373 2307 2425 2358; x_wconf 89' lang='lat' dir='ltr'><strong>in</strong></span> <span class='ocrx_word' id='word_1_592' title='bbox 2465 2302 2678 2367; x_wconf 83' lang='lat' dir='ltr'><strong>Filium,</strong></span> <span class='ocrx_word' id='word_1_593' title='bbox 2721 2301 2867 2355; x_wconf 84' lang='lat' dir='ltr'><strong>habet</strong></span> <span class='ocrx_word' id='word_1_594' title='bbox 2913 2300 3067 2353; x_wconf 82' lang='lat' dir='ltr'><strong>vitam</strong></span> <span class='ocrx_word' id='word_1_595' title='bbox 3106 2308 3385 2359; x_wconf 68' lang='lat' dir='ltr'><strong>mter-nam;</strong></span> <span class='ocrx_word' id='word_1_596' title='bbox 3431 2312 3611 2350; x_wconf 84' lang='lat' dir='ltr'><strong>verum</strong></span> <span class='ocrx_word' id='word_1_597' title='bbox 3660 2311 3750 2349; x_wconf 88' lang='lat' dir='ltr'><strong>se-</strong></span> 
     </span>
    </p>
   </div>
   <div class='ocr_carea' id='block_1_80' title="bbox 2178 2386 3754 2467">
    <p class='ocr_par' dir='ltr' id='par_1_80' title="bbox 2178 2386 3754 2467">
     <span class='ocr_line' id='line_1_80' title="bbox 2178 2386 3754 2467; baseline -0.008 -15"><span class='ocrx_word' id='word_1_598' title='bbox 2178 2400 2393 2467; x_wconf 87' lang='lat' dir='ltr'><strong>quentia</strong></span> <span class='ocrx_word' id='word_1_599' title='bbox 2418 2393 2783 2448; x_wconf 88' lang='lat' dir='ltr'><strong>vehementius</strong></span> <span class='ocrx_word' id='word_1_600' title='bbox 2832 2390 3071 2461; x_wconf 91' lang='lat' dir='ltr'><strong>protulit.</strong></span> <span class='ocrx_word' id='word_1_601' title='bbox 3116 2388 3298 2457; x_wconf 86' lang='lat' dir='ltr'><strong>Neque</strong></span> <span class='ocrx_word' id='word_1_602' title='bbox 3327 2389 3471 2441; x_wconf 90' lang='lat' dir='ltr'><strong>euim</strong></span> <span class='ocrx_word' id='word_1_603' title='bbox 3509 2402 3574 2440; x_wconf 83' lang='lat' dir='ltr'><strong>ex</strong></span> <span class='ocrx_word' id='word_1_604' title='bbox 3599 2386 3754 2440; x_wconf 89' lang='lat' dir='ltr'><strong>bonis</strong></span> 
     </span>
    </p>
   </div>
   <div class='ocr_carea' id='block_1_81' title="bbox 2183 2479 3751 2552">
    <p class='ocr_par' dir='ltr' id='par_1_81' title="bbox 2183 2479 3751 2552">
     <span class='ocr_line' id='line_1_81' title="bbox 2183 2479 3751 2552; baseline -0.009 -9"><span class='ocrx_word' id='word_1_605' title='bbox 2183 2499 2406 2552; x_wconf 87' lang='lat' dir='ltr'><strong>tantum,</strong></span> <span class='ocrx_word' id='word_1_606' title='bbox 2440 2486 2533 2541; x_wconf 91' lang='lat' dir='ltr'><strong>sed</strong></span> <span class='ocrx_word' id='word_1_607' title='bbox 2559 2486 2717 2540; x_wconf 89' lang='lat' dir='ltr'><strong>etiam</strong></span> <span class='ocrx_word' id='word_1_608' title='bbox 2747 2499 2810 2538; x_wconf 86' lang='lat' dir='ltr'><strong>ex</strong></span> <span class='ocrx_word' id='word_1_609' title='bbox 2838 2481 3121 2536; x_wconf 91' lang='lat' dir='ltr'><strong>contrariis</strong></span> <span class='ocrx_word' id='word_1_610' title='bbox 3150 2495 3453 2534; x_wconf 87' lang='lat' dir='ltr'><strong>sermonem</strong></span> <span class='ocrx_word' id='word_1_611' title='bbox 3481 2479 3751 2542; x_wconf 87' lang='lat' dir='ltr'><strong>contexit;</strong></span> 
     </span>
    </p>
   </div>
   <div class='ocr_carea' id='block_1_82' title="bbox 2180 2567 3752 2647">
    <p class='ocr_par' dir='ltr' id='par_1_82' title="bbox 2180 2567 3752 2647">
     <span class='ocr_line' id='line_1_82' title="bbox 2180 2567 3752 2647; baseline -0.01 -12"><span class='ocrx_word' id='word_1_612' title='bbox 2180 2591 2234 2635; x_wconf 94' lang='lat' dir='ltr'><strong>ct</strong></span> <span class='ocrx_word' id='word_1_613' title='bbox 2258 2581 2379 2634; x_wconf 90' lang='lat' dir='ltr'><strong>vide</strong></span> <span class='ocrx_word' id='word_1_614' title='bbox 2416 2593 2523 2647; x_wconf 90' lang='lat' dir='ltr'><strong>quo</strong></span> <span class='ocrx_word' id='word_1_615' title='bbox 2551 2586 2726 2646; x_wconf 90' lang='lat' dir='ltr'><strong>pacto.</strong></span> <span class='ocrx_word' id='word_1_616' title='bbox 2770 2573 2935 2628; x_wconf 90' lang='lat' dir='ltr'><strong>Infert</strong></span> <span class='ocrx_word' id='word_1_617' title='bbox 2959 2574 3123 2637; x_wconf 93' lang='lat' dir='ltr'><strong>enim,</strong></span> <span class='ocrx_word' id='word_1_618' title='bbox 3157 2571 3256 2638; x_wconf 84' lang='lat' dir='ltr'><strong>Qui</strong></span> <span class='ocrx_word' id='word_1_619' title='bbox 3284 2588 3383 2625; x_wconf 87' lang='lat' dir='ltr'><strong><em>non</em></strong></span> <span class='ocrx_word' id='word_1_620' title='bbox 3412 2569 3565 2623; x_wconf 83' lang='lat' dir='ltr'><strong>credit</strong></span> <span class='ocrx_word' id='word_1_621' title='bbox 3594 2567 3752 2633; x_wconf 86' lang='lat' dir='ltr'><strong>Filio,</strong></span> 
     </span>
    </p>
   </div>
   <div class='ocr_carea' id='block_1_83' title="bbox 2180 2660 3757 2730">
    <p class='ocr_par' dir='ltr' id='par_1_83' title="bbox 2180 2660 3757 2730">
     <span class='ocr_line' id='line_1_83' title="bbox 2180 2660 3757 2730; baseline -0.01 -6"><span class='ocrx_word' id='word_1_622' title='bbox 2180 2688 2281 2724; x_wconf 87' lang='lat' dir='ltr'><strong>non</strong></span> <span class='ocrx_word' id='word_1_623' title='bbox 2306 2668 2487 2723; x_wconf 81' lang='lat' dir='ltr'><strong>videbit</strong></span> <span class='ocrx_word' id='word_1_624' title='bbox 2524 2668 2698 2730; x_wconf 88' lang='lat' dir='ltr'><strong>vitam,</strong></span> <span class='ocrx_word' id='word_1_625' title='bbox 2723 2665 2811 2719; x_wconf 88' lang='lat' dir='ltr'><strong>sed</strong></span> <span class='ocrx_word' id='word_1_626' title='bbox 2840 2667 2917 2717; x_wconf 85' lang='lat' dir='ltr'><strong>ira</strong></span> <span class='ocrx_word' id='word_1_627' title='bbox 2957 2663 3051 2715; x_wconf 85' lang='lat' dir='ltr'><strong>Dei</strong></span> <span class='ocrx_word' id='word_1_628' title='bbox 3082 2671 3247 2715; x_wconf 89' lang='lat' dir='ltr'><strong>manet</strong></span> <span class='ocrx_word' id='word_1_629' title='bbox 3276 2677 3426 2726; x_wconf 81' lang='lat' dir='ltr'><strong>super</strong></span> <span class='ocrx_word' id='word_1_630' title='bbox 3446 2676 3573 2711; x_wconf 81' lang='lat' dir='ltr'><strong>eum.</strong></span> <span class='ocrx_word' id='word_1_631' title='bbox 3607 2660 3757 2712; x_wconf 81' lang='lat' dir='ltr'><strong>Atta-</strong></span> 
     </span>
    </p>
   </div>
   <div class='ocr_carea' id='block_1_84' title="bbox 2180 2750 3758 2829">
    <p class='ocr_par' dir='ltr' id='par_1_84' title="bbox 2180 2750 3758 2829">
     <span class='ocr_line' id='line_1_84' title="bbox 2180 2750 3758 2829; baseline -0.007 -14"><span class='ocrx_word' id='word_1_632' title='bbox 2180 2776 2302 2829; x_wconf 86' lang='lat' dir='ltr'><strong>men</strong></span> <span class='ocrx_word' id='word_1_633' title='bbox 2327 2775 2429 2813; x_wconf 90' lang='lat' dir='ltr'><strong>non</strong></span> <span class='ocrx_word' id='word_1_634' title='bbox 2459 2758 2583 2812; x_wconf 89' lang='lat' dir='ltr'><strong>hinc</strong></span> <span class='ocrx_word' id='word_1_635' title='bbox 2605 2756 2904 2821; x_wconf 88' lang='lat' dir='ltr'><strong>inferimus,</strong></span> <span class='ocrx_word' id='word_1_636' title='bbox 2928 2755 3093 2809; x_wconf 91' lang='lat' dir='ltr'><strong>solam</strong></span> <span class='ocrx_word' id='word_1_637' title='bbox 3118 2751 3275 2806; x_wconf 88' lang='lat' dir='ltr'><strong>fidem</strong></span> <span class='ocrx_word' id='word_1_638' title='bbox 3299 2750 3365 2805; x_wconf 90' lang='lat' dir='ltr'><strong>ad</strong></span> <span class='ocrx_word' id='word_1_639' title='bbox 3391 2751 3613 2803; x_wconf 89' lang='lat' dir='ltr'><strong>salutem</strong></span> <span class='ocrx_word' id='word_1_640' title='bbox 3637 2764 3758 2805; x_wconf 87' lang='lat' dir='ltr'><strong>esse</strong></span> 
     </span>
    </p>
   </div>
   <div class='ocr_carea' id='block_1_85' title="bbox 2184 2841 3759 2921">
    <p class='ocr_par' dir='ltr' id='par_1_85' title="bbox 2184 2841 3759 2921">
     <span class='ocr_line' id='line_1_85' title="bbox 2184 2841 3759 2921; baseline -0.008 -15"><span class='ocrx_word' id='word_1_641' title='bbox 2184 2853 2347 2917; x_wconf 88' lang='lat' dir='ltr'><strong>satis;</strong></span> <span class='ocrx_word' id='word_1_642' title='bbox 2379 2850 2518 2921; x_wconf 87' lang='lat' dir='ltr'><strong>quod</strong></span> <span class='ocrx_word' id='word_1_643' title='bbox 2552 2849 2806 2919; x_wconf 90' lang='lat' dir='ltr'><strong>probatur</strong></span> <span class='ocrx_word' id='word_1_644' title='bbox 2832 2861 2897 2901; x_wconf 84' lang='lat' dir='ltr'><strong>ex</strong></span> <span class='ocrx_word' id='word_1_645' title='bbox 2923 2845 3078 2900; x_wconf 90' lang='lat' dir='ltr'><strong>dictis</strong></span> <span class='ocrx_word' id='word_1_646' title='bbox 3104 2843 3428 2912; x_wconf 86' lang='lat' dir='ltr'><strong>evangelicis</strong></span> <span class='ocrx_word' id='word_1_647' title='bbox 3471 2841 3759 2910; x_wconf 85' lang='lat' dir='ltr'><strong>frequenti-</strong></span> 
     </span>
    </p>
   </div>
   <div class='ocr_carea' id='block_1_86' title="bbox 2186 2932 3759 3010">
    <p class='ocr_par' dir='ltr' id='par_1_86' title="bbox 2186 2932 3759 3010">
     <span class='ocr_line' id='line_1_86' title="bbox 2186 2932 3759 3010; baseline -0.008 -12"><span class='ocrx_word' id='word_1_648' title='bbox 2186 2944 2305 3008; x_wconf 90' lang='lat' dir='ltr'><strong>bus,</strong></span> <span class='ocrx_word' id='word_1_649' title='bbox 2333 2943 2524 2996; x_wconf 89' lang='lat' dir='ltr'><strong>bonam</strong></span> <span class='ocrx_word' id='word_1_650' title='bbox 2544 2942 2707 2995; x_wconf 85' lang='lat' dir='ltr'><strong>vitam</strong></span> <span class='ocrx_word' id='word_1_651' title='bbox 2742 2937 3124 3010; x_wconf 88' lang='lat' dir='ltr'><strong>spectantibus.</strong></span> <span class='ocrx_word' id='word_1_652' title='bbox 3153 2935 3275 2990; x_wconf 92' lang='lat' dir='ltr'><strong>Ideo</strong></span> <span class='ocrx_word' id='word_1_653' title='bbox 3299 2950 3405 2989; x_wconf 91' lang='lat' dir='ltr'><strong>non</strong></span> <span class='ocrx_word' id='word_1_654' title='bbox 3435 2933 3586 2998; x_wconf 80' lang='lat' dir='ltr'><strong>dixit,</strong></span> <span class='ocrx_word' id='word_1_655' title='bbox 3635 2932 3759 2986; x_wconf 73' lang='lat' dir='ltr'><strong>Ilzcc</strong></span> 
     </span>
    </p>
   </div>
   <div class='ocr_carea' id='block_1_87' title="bbox 2184 3022 3761 3098">
    <p class='ocr_par' dir='ltr' id='par_1_87' title="bbox 2184 3022 3761 3098">
     <span class='ocr_line' id='line_1_87' title="bbox 2184 3022 3761 3098; baseline -0.009 -10"><span class='ocrx_word' id='word_1_656' title='bbox 2184 3036 2294 3088; x_wconf 88' lang='lat' dir='ltr'><strong>sola</strong></span> <span class='ocrx_word' id='word_1_657' title='bbox 2321 3042 2403 3088; x_wconf 90' lang='lat' dir='ltr'><strong>est</strong></span> <span class='ocrx_word' id='word_1_658' title='bbox 2428 3033 2533 3087; x_wconf 89' lang='lat' dir='ltr'><strong>vita</strong></span> <span class='ocrx_word' id='word_1_659' title='bbox 2573 3040 2793 3095; x_wconf 64' lang='lat' dir='ltr'><strong>aeterna,</strong></span> <span class='ocrx_word' id='word_1_660' title='bbox 2823 3043 3013 3098; x_wconf 87' lang='lat' dir='ltr'><strong>neque,</strong></span> <span class='ocrx_word' id='word_1_661' title='bbox 3046 3026 3095 3081; x_wconf 92' lang='lat' dir='ltr'><strong>Is</strong></span> <span class='ocrx_word' id='word_1_662' title='bbox 3118 3026 3205 3097; x_wconf 91' lang='lat' dir='ltr'><strong>qui</strong></span> <span class='ocrx_word' id='word_1_663' title='bbox 3233 3024 3566 3081; x_wconf 88' lang='lat' dir='ltr'><strong>solummodo</strong></span> <span class='ocrx_word' id='word_1_664' title='bbox 3590 3022 3761 3077; x_wconf 89' lang='lat' dir='ltr'><strong>credit</strong></span> 
     </span>
    </p>
   </div>
   <div class='ocr_carea' id='block_1_88' title="bbox 2187 3112 3762 3187">
    <p class='ocr_par' dir='ltr' id='par_1_88' title="bbox 2187 3112 3762 3187">
     <span class='ocr_line' id='line_1_88' title="bbox 2187 3112 3762 3187; baseline -0.008 -8"><span class='ocrx_word' id='word_1_665' title='bbox 2187 3126 2239 3179; x_wconf 92' lang='lat' dir='ltr'><strong>in</strong></span> <span class='ocrx_word' id='word_1_666' title='bbox 2272 3124 2487 3187; x_wconf 85' lang='lat' dir='ltr'><strong>Filium,</strong></span> <span class='ocrx_word' id='word_1_667' title='bbox 2522 3122 2682 3176; x_wconf 88' lang='lat' dir='ltr'><strong>habet</strong></span> <span class='ocrx_word' id='word_1_668' title='bbox 2707 3122 2869 3174; x_wconf 84' lang='lat' dir='ltr'><strong>vitam</strong></span> <span class='ocrx_word' id='word_1_669' title='bbox 2909 3128 3197 3182; x_wconf 73' lang='lat' dir='ltr'><strong>aeternam;</strong></span> <span class='ocrx_word' id='word_1_670' title='bbox 3228 3115 3321 3171; x_wconf 89' lang='lat' dir='ltr'><strong>sed</strong></span> <span class='ocrx_word' id='word_1_671' title='bbox 3351 3116 3402 3169; x_wconf 94' lang='lat' dir='ltr'><strong>in</strong></span> <span class='ocrx_word' id='word_1_672' title='bbox 3434 3124 3657 3184; x_wconf 89' lang='lat' dir='ltr'><strong>utroque</strong></span> <span class='ocrx_word' id='word_1_673' title='bbox 3680 3112 3762 3166; x_wconf 81' lang='lat' dir='ltr'><strong>vi-</strong></span> 
     </span>
    </p>
   </div>
   <div class='ocr_carea' id='block_1_89' title="bbox 2187 3210 3760 3285">
    <p class='ocr_par' dir='ltr' id='par_1_89' title="bbox 2187 3210 3760 3285">
     <span class='ocr_line' id='line_1_89' title="bbox 2187 3210 3760 3285; baseline -0.007 -15"><span class='ocrx_word' id='word_1_674' title='bbox 2187 3225 2294 3270; x_wconf 88' lang='lat' dir='ltr'><strong>tam</strong></span> <span class='ocrx_word' id='word_1_675' title='bbox 2322 3230 2440 3270; x_wconf 88' lang='lat' dir='ltr'><strong>esse</strong></span> <span class='ocrx_word' id='word_1_676' title='bbox 2466 3214 2745 3285; x_wconf 75' lang='lat' dir='ltr'><strong>significat.</strong></span> <span class='ocrx_word' id='word_1_677' title='bbox 2777 3211 2935 3267; x_wconf 88' lang='lat' dir='ltr'><strong>Certe</strong></span> <span class='ocrx_word' id='word_1_678' title='bbox 2962 3210 3006 3265; x_wconf 91' lang='lat' dir='ltr'><strong>si</strong></span> <span class='ocrx_word' id='word_1_679' title='bbox 3035 3211 3140 3265; x_wconf 88' lang='lat' dir='ltr'><strong>vita</strong></span> <span class='ocrx_word' id='word_1_680' title='bbox 3167 3210 3329 3280; x_wconf 88' lang='lat' dir='ltr'><strong>proba</strong></span> <span class='ocrx_word' id='word_1_681' title='bbox 3358 3223 3460 3262; x_wconf 93' lang='lat' dir='ltr'><strong>non</strong></span> <span class='ocrx_word' id='word_1_682' title='bbox 3488 3216 3760 3276; x_wconf 88' lang='lat' dir='ltr'><strong>sequatur,</strong></span> 
     </span>
    </p>
   </div>
   <div class='ocr_carea' id='block_1_90' title="bbox 2188 3297 3763 3377">
    <p class='ocr_par' dir='ltr' id='par_1_90' title="bbox 2188 3297 3763 3377">
     <span class='ocr_line' id='line_1_90' title="bbox 2188 3297 3763 3377; baseline -0.007 -15"><span class='ocrx_word' id='word_1_683' title='bbox 2188 3322 2435 3377; x_wconf 86' lang='lat' dir='ltr'><strong>magnum</strong></span> <span class='ocrx_word' id='word_1_684' title='bbox 2490 3313 2742 3375; x_wconf 91' lang='lat' dir='ltr'><strong>sequetur</strong></span> <span class='ocrx_word' id='word_1_685' title='bbox 2794 3301 3132 3371; x_wconf 88' lang='lat' dir='ltr'><strong>supplicium.</strong></span> <span class='ocrx_word' id='word_1_686' title='bbox 3184 3300 3365 3369; x_wconf 88' lang='lat' dir='ltr'><strong>Neque</strong></span> <span class='ocrx_word' id='word_1_687' title='bbox 3406 3299 3558 3363; x_wconf 90' lang='lat' dir='ltr'><strong>dixit,</strong></span> <span class='ocrx_word' id='word_1_688' title='bbox 3586 3297 3763 3351; x_wconf 88' lang='lat' dir='ltr'><strong>Manet</strong></span> 
     </span>
    </p>
   </div>
   <div class='ocr_carea' id='block_1_91' title="bbox 2189 3388 3765 3463">
    <p class='ocr_par' dir='ltr' id='par_1_91' title="bbox 2189 3388 3765 3463">
     <span class='ocr_line' id='line_1_91' title="bbox 2189 3388 3765 3463; baseline -0.008 -11"><span class='ocrx_word' id='word_1_689' title='bbox 2189 3414 2334 3463; x_wconf 91' lang='lat' dir='ltr'><strong>eum,</strong></span> <span class='ocrx_word' id='word_1_690' title='bbox 2365 3396 2478 3462; x_wconf 86' lang='lat' dir='ltr'><strong>sed,</strong></span> <span class='ocrx_word' id='word_1_691' title='bbox 2507 3395 2678 3450; x_wconf 83' lang='lat' dir='ltr'><strong>Manet</strong></span> <span class='ocrx_word' id='word_1_692' title='bbox 2707 3410 2859 3463; x_wconf 83' lang='lat' dir='ltr'><strong>super</strong></span> <span class='ocrx_word' id='word_1_693' title='bbox 2883 3407 3029 3456; x_wconf 86' lang='lat' dir='ltr'><strong>eum;</strong></span> <span class='ocrx_word' id='word_1_694' title='bbox 3073 3390 3352 3445; x_wconf 89' lang='lat' dir='ltr'><strong>declarans</strong></span> <span class='ocrx_word' id='word_1_695' title='bbox 3377 3404 3659 3458; x_wconf 91' lang='lat' dir='ltr'><strong>numquam</strong></span> <span class='ocrx_word' id='word_1_696' title='bbox 3696 3388 3765 3440; x_wconf 85' lang='lat' dir='ltr'><strong>ah</strong></span> 
     </span>
    </p>
   </div>
   <div class='ocr_carea' id='block_1_92' title="bbox 2191 3478 3763 3551">
    <p class='ocr_par' dir='ltr' id='par_1_92' title="bbox 2191 3478 3763 3551">
     <span class='ocr_line' id='line_1_92' title="bbox 2191 3478 3763 3551; baseline -0.008 -9"><span class='ocrx_word' id='word_1_697' title='bbox 2191 3503 2257 3543; x_wconf 92' lang='lat' dir='ltr'><strong>eo</strong></span> <span class='ocrx_word' id='word_1_698' title='bbox 2296 3488 2651 3541; x_wconf 89' lang='lat' dir='ltr'><strong>discessuram</strong></span> <span class='ocrx_word' id='word_1_699' title='bbox 2703 3486 2834 3538; x_wconf 89' lang='lat' dir='ltr'><strong>iram</strong></span> <span class='ocrx_word' id='word_1_700' title='bbox 2878 3497 3019 3538; x_wconf 91' lang='lat' dir='ltr'><strong>esse.</strong></span> <span class='ocrx_word' id='word_1_701' title='bbox 3046 3482 3124 3536; x_wconf 90' lang='lat' dir='ltr'><strong>Ne</strong></span> <span class='ocrx_word' id='word_1_702' title='bbox 3165 3490 3382 3551; x_wconf 88' lang='lat' dir='ltr'><strong>putares</strong></span> <span class='ocrx_word' id='word_1_703' title='bbox 3425 3481 3565 3534; x_wconf 88' lang='lat' dir='ltr'><strong>enim</strong></span> <span class='ocrx_word' id='word_1_704' title='bbox 3612 3478 3763 3543; x_wconf 83' lang='lat' dir='ltr'><strong>illud,</strong></span> 
     </span>
    </p>
   </div>
   <div class='ocr_carea' id='block_1_93' title="bbox 2192 3571 3763 3645">
    <p class='ocr_par' dir='ltr' id='par_1_93' title="bbox 2192 3571 3763 3645">
     <span class='ocr_line' id='line_1_93' title="bbox 2192 3571 3763 3645; baseline -0.005 -11"><span class='ocrx_word' id='word_1_705' title='bbox 2192 3579 2318 3634; x_wconf 86' lang='lat' dir='ltr'><strong>Non</strong></span> <span class='ocrx_word' id='word_1_706' title='bbox 2359 3578 2538 3633; x_wconf 78' lang='lat' dir='ltr'><strong>uidebit</strong></span> <span class='ocrx_word' id='word_1_707' title='bbox 2580 3579 2751 3643; x_wconf 82' lang='lat' dir='ltr'><strong>vitam,</strong></span> <span class='ocrx_word' id='word_1_708' title='bbox 2783 3585 3009 3631; x_wconf 90' lang='lat' dir='ltr'><strong>mortem</strong></span> <span class='ocrx_word' id='word_1_709' title='bbox 3058 3583 3450 3645; x_wconf 88' lang='lat' dir='ltr'><strong>temporancam</strong></span> <span class='ocrx_word' id='word_1_710' title='bbox 3490 3571 3763 3633; x_wconf 88' lang='lat' dir='ltr'><strong>indicare;</strong></span> 
     </span>
    </p>
   </div>
   <div class='ocr_carea' id='block_1_94' title="bbox 2193 3650 3763 3737">
    <p class='ocr_par' dir='ltr' id='par_1_94' title="bbox 2193 3650 3763 3737">
     <span class='ocr_line' id='line_1_94' title="bbox 2193 3650 3763 3737; baseline -0.005 -14"><span class='ocrx_word' id='word_1_711' title='bbox 2193 3670 2287 3725; x_wconf 88' lang='lat' dir='ltr'><strong>sed</strong></span> <span class='ocrx_word' id='word_1_712' title='bbox 2317 3669 2564 3724; x_wconf 90' lang='lat' dir='ltr'><strong>crederes</strong></span> <span class='ocrx_word' id='word_1_713' title='bbox 2593 3676 2903 3737; x_wconf 89' lang='lat' dir='ltr'><strong>perpetuum</strong></span> <span class='ocrx_word' id='word_1_714' title='bbox 2927 3681 3045 3721; x_wconf 88' lang='lat' dir='ltr'><strong>esse</strong></span> <span class='ocrx_word' id='word_1_715' title='bbox 3074 3665 3409 3735; x_wconf 83' lang='lat' dir='ltr'><strong>supplicium.</strong></span> <span class='ocrx_word' id='word_1_716' title='bbox 3444 3650 3545 3717; x_wconf 88' lang='lat' dir='ltr'><strong>hoc</strong></span> <span class='ocrx_word' id='word_1_717' title='bbox 3564 3662 3763 3715; x_wconf 89' lang='lat' dir='ltr'><strong>dictum</strong></span> 
     </span>
    </p>
   </div>
   <div class='ocr_carea' id='block_1_95' title="bbox 2194 3754 3768 3832">
    <p class='ocr_par' dir='ltr' id='par_1_95' title="bbox 2194 3754 3768 3832">
     <span class='ocr_line' id='line_1_95' title="bbox 2194 3754 3768 3832; baseline -0.004 -19"><span class='ocrx_word' id='word_1_718' title='bbox 2194 3761 2394 3832; x_wconf 88' lang='lat' dir='ltr'><strong>posuit,</strong></span> <span class='ocrx_word' id='word_1_719' title='bbox 2426 3771 2482 3813; x_wconf 90' lang='lat' dir='ltr'><strong>ttt</strong></span> <span class='ocrx_word' id='word_1_720' title='bbox 2521 3758 2830 3813; x_wconf 91' lang='lat' dir='ltr'><strong>ostenderet</strong></span> <span class='ocrx_word' id='word_1_721' title='bbox 2874 3757 3022 3811; x_wconf 90' lang='lat' dir='ltr'><strong>illam</strong></span> <span class='ocrx_word' id='word_1_722' title='bbox 3063 3764 3319 3826; x_wconf 90' lang='lat' dir='ltr'><strong>perpetuo</strong></span> <span class='ocrx_word' id='word_1_723' title='bbox 3350 3769 3563 3808; x_wconf 90' lang='lat' dir='ltr'><strong>manere</strong></span> <span class='ocrx_word' id='word_1_724' title='bbox 3604 3766 3654 3807; x_wconf 90' lang='lat' dir='ltr'><strong>et</strong></span> <span class='ocrx_word' id='word_1_725' title='bbox 3687 3754 3768 3807; x_wconf 83' lang='lat' dir='ltr'><strong>in—</strong></span> 
     </span>
    </p>
   </div>
   <div class='ocr_carea' id='block_1_96' title="bbox 2196 3845 3766 3916">
    <p class='ocr_par' dir='ltr' id='par_1_96' title="bbox 2196 3845 3766 3916">
     <span class='ocr_line' id='line_1_96' title="bbox 2196 3845 3766 3916; baseline -0.005 -10"><span class='ocrx_word' id='word_1_726' title='bbox 2196 3852 2388 3906; x_wconf 91' lang='lat' dir='ltr'><strong>sidere.</strong></span> <span class='ocrx_word' id='word_1_727' title='bbox 2441 3851 2571 3904; x_wconf 92' lang='lat' dir='ltr'><strong>Illud</strong></span> <span class='ocrx_word' id='word_1_728' title='bbox 2616 3860 2796 3904; x_wconf 84' lang='lat' dir='ltr'><strong>autem</strong></span> <span class='ocrx_word' id='word_1_729' title='bbox 2830 3848 2967 3911; x_wconf 90' lang='lat' dir='ltr'><strong>fecit,</strong></span> <span class='ocrx_word' id='word_1_730' title='bbox 3004 3856 3062 3901; x_wconf 87' lang='lat' dir='ltr'><strong>ut</strong></span> <span class='ocrx_word' id='word_1_731' title='bbox 3102 3863 3195 3916; x_wconf 91' lang='lat' dir='ltr'><strong>per</strong></span> <span class='ocrx_word' id='word_1_732' title='bbox 3225 3847 3338 3900; x_wconf 60' lang='lat' dir='ltr'><strong>haec</strong></span> <span class='ocrx_word' id='word_1_733' title='bbox 3382 3845 3558 3900; x_wconf 89' lang='lat' dir='ltr'><strong>omnia</strong></span> <span class='ocrx_word' id='word_1_734' title='bbox 3602 3846 3766 3898; x_wconf 87' lang='lat' dir='ltr'><strong>verba</strong></span> 
     </span>
    </p>
   </div>
   <div class='ocr_carea' id='block_1_97' title="bbox 2196 3935 3766 4016">
    <p class='ocr_par' dir='ltr' id='par_1_97' title="bbox 2196 3935 3766 4016">
     <span class='ocr_line' id='line_1_97' title="bbox 2196 3935 3766 4016; baseline -0.007 -18"><span class='ocrx_word' id='word_1_735' title='bbox 2196 3945 2341 4016; x_wconf 90' lang='lat' dir='ltr'><strong>ipsos</strong></span> <span class='ocrx_word' id='word_1_736' title='bbox 2385 3942 2449 3996; x_wconf 91' lang='lat' dir='ltr'><strong>ad</strong></span> <span class='ocrx_word' id='word_1_737' title='bbox 2478 3942 2749 3997; x_wconf 86' lang='lat' dir='ltr'><strong>Christum</strong></span> <span class='ocrx_word' id='word_1_738' title='bbox 2794 3940 3107 4009; x_wconf 89' lang='lat' dir='ltr'><strong>impelleret.</strong></span> <span class='ocrx_word' id='word_1_739' title='bbox 3159 3937 3492 4007; x_wconf 82' lang='lat' dir='ltr'><strong>QuaprOpter</strong></span> <span class='ocrx_word' id='word_1_740' title='bbox 3547 3952 3653 3990; x_wconf 90' lang='lat' dir='ltr'><strong>non</strong></span> <span class='ocrx_word' id='word_1_741' title='bbox 3700 3935 3766 3988; x_wconf 88' lang='lat' dir='ltr'><strong>ad</strong></span> 
     </span>
    </p>
   </div>
   <div class='ocr_carea' id='block_1_98' title="bbox 2199 4028 3773 4106">
    <p class='ocr_par' dir='ltr' id='par_1_98' title="bbox 2199 4028 3773 4106">
     <span class='ocr_line' id='line_1_98' title="bbox 2199 4028 3773 4106; baseline -0.006 -15"><span class='ocrx_word' id='word_1_742' title='bbox 2199 4038 2318 4091; x_wconf 91' lang='lat' dir='ltr'><strong>illos</strong></span> <span class='ocrx_word' id='word_1_743' title='bbox 2346 4036 2587 4106; x_wconf 87' lang='lat' dir='ltr'><strong>privatim</strong></span> <span class='ocrx_word' id='word_1_744' title='bbox 2627 4034 2825 4088; x_wconf 88' lang='lat' dir='ltr'><strong>monita</strong></span> <span class='ocrx_word' id='word_1_745' title='bbox 2871 4032 3067 4101; x_wconf 84' lang='lat' dir='ltr'><strong>dirigit,</strong></span> <span class='ocrx_word' id='word_1_746' title='bbox 3093 4032 3185 4085; x_wconf 91' lang='lat' dir='ltr'><strong>sed</strong></span> <span class='ocrx_word' id='word_1_747' title='bbox 3219 4030 3274 4084; x_wconf 92' lang='lat' dir='ltr'><strong>in</strong></span> <span class='ocrx_word' id='word_1_748' title='bbox 3297 4028 3584 4091; x_wconf 88' lang='lat' dir='ltr'><strong>communi,</strong></span> <span class='ocrx_word' id='word_1_749' title='bbox 3613 4037 3667 4081; x_wconf 92' lang='lat' dir='ltr'><strong>et</strong></span> <span class='ocrx_word' id='word_1_750' title='bbox 3714 4036 3773 4082; x_wconf 90' lang='lat' dir='ltr'><strong>ut</strong></span> 
     </span>
    </p>
   </div>
   <div class='ocr_carea' id='block_1_99' title="bbox 2197 4117 3772 4194">
    <p class='ocr_par' dir='ltr' id='par_1_99' title="bbox 2197 4117 3772 4194">
     <span class='ocr_line' id='line_1_99' title="bbox 2197 4117 3772 4194; baseline -0.006 -12"><span class='ocrx_word' id='word_1_751' title='bbox 2197 4128 2430 4182; x_wconf 85' lang='lat' dir='ltr'><strong>maxime</strong></span> <span class='ocrx_word' id='word_1_752' title='bbox 2476 4125 2620 4194; x_wconf 89' lang='lat' dir='ltr'><strong>ipsos</strong></span> <span class='ocrx_word' id='word_1_753' title='bbox 2663 4124 2875 4178; x_wconf 90' lang='lat' dir='ltr'><strong>allicere</strong></span> <span class='ocrx_word' id='word_1_754' title='bbox 2926 4130 3154 4191; x_wconf 90' lang='lat' dir='ltr'><strong>poterat.</strong></span> <span class='ocrx_word' id='word_1_755' title='bbox 3196 4119 3309 4174; x_wconf 88' lang='lat' dir='ltr'><strong>Non</strong></span> <span class='ocrx_word' id='word_1_756' title='bbox 3354 4120 3493 4174; x_wconf 91' lang='lat' dir='ltr'><strong>enim</strong></span> <span class='ocrx_word' id='word_1_757' title='bbox 3532 4118 3684 4181; x_wconf 80' lang='lat' dir='ltr'><strong>dixit,</strong></span> <span class='ocrx_word' id='word_1_758' title='bbox 3714 4117 3772 4172; x_wconf 89' lang='lat' dir='ltr'><strong>Si</strong></span> 
     </span>
    </p>
   </div>
   <div class='ocr_carea' id='block_1_100' title="bbox 2199 4208 3768 4281">
    <p class='ocr_par' dir='ltr' id='par_1_100' title="bbox 2199 4208 3768 4281">
     <span class='ocr_line' id='line_1_100' title="bbox 2199 4208 3768 4281; baseline -0.01 -7"><span class='ocrx_word' id='word_1_759' title='bbox 2199 4217 2451 4281; x_wconf 88' lang='lat' dir='ltr'><strong>credatis,</strong></span> <span class='ocrx_word' id='word_1_760' title='bbox 2474 4215 2532 4270; x_wconf 89' lang='lat' dir='ltr'><strong>Si</strong></span> <span class='ocrx_word' id='word_1_761' title='bbox 2560 4230 2664 4268; x_wconf 92' lang='lat' dir='ltr'><strong>non</strong></span> <span class='ocrx_word' id='word_1_762' title='bbox 2690 4212 2922 4269; x_wconf 90' lang='lat' dir='ltr'><strong>credatis</strong></span> <span class='ocrx_word' id='word_1_763' title='bbox 2946 4228 2961 4273; x_wconf 88' lang='lat'><strong>;</strong></span> <span class='ocrx_word' id='word_1_764' title='bbox 2996 4211 3090 4267; x_wconf 91' lang='lat' dir='ltr'><strong>sed</strong></span> <span class='ocrx_word' id='word_1_765' title='bbox 3119 4212 3170 4264; x_wconf 92' lang='lat' dir='ltr'><strong>in</strong></span> <span class='ocrx_word' id='word_1_766' title='bbox 3220 4209 3485 4265; x_wconf 89' lang='lat' dir='ltr'><strong>communi</strong></span> <span class='ocrx_word' id='word_1_767' title='bbox 3516 4208 3768 4278; x_wconf 88' lang='lat' dir='ltr'><strong>loquitur,</strong></span> 
     </span>
    </p>
   </div>
   <div class='ocr_carea' id='block_1_101' title="bbox 2202 4297 3773 4376">
    <p class='ocr_par' dir='ltr' id='par_1_101' title="bbox 2202 4297 3773 4376">
     <span class='ocr_line' id='line_1_101' title="bbox 2202 4297 3773 4376; baseline -0.006 -15"><span class='ocrx_word' id='word_1_768' title='bbox 2202 4318 2259 4361; x_wconf 92' lang='lat' dir='ltr'><strong>ut</strong></span> <span class='ocrx_word' id='word_1_769' title='bbox 2287 4321 2404 4376; x_wconf 67' lang='lat' dir='ltr'><strong>quae</strong></span> <span class='ocrx_word' id='word_1_770' title='bbox 2431 4305 2678 4359; x_wconf 92' lang='lat' dir='ltr'><strong>dicuntur</strong></span> <span class='ocrx_word' id='word_1_771' title='bbox 2706 4303 2833 4357; x_wconf 92' lang='lat' dir='ltr'><strong>nulli</strong></span> <span class='ocrx_word' id='word_1_772' title='bbox 2867 4303 2971 4356; x_wconf 93' lang='lat' dir='ltr'><strong>sint</strong></span> <span class='ocrx_word' id='word_1_773' title='bbox 3000 4300 3285 4372; x_wconf 91' lang='lat' dir='ltr'><strong>suspicioni</strong></span> <span class='ocrx_word' id='word_1_774' title='bbox 3308 4299 3534 4353; x_wconf 85' lang='lat' dir='ltr'><strong>olmoxia</strong></span> <span class='ocrx_word' id='word_1_775' title='bbox 3565 4316 3576 4352; x_wconf 93' lang='lat'>:</span> <span class='ocrx_word' id='word_1_776' title='bbox 3617 4297 3773 4367; x_wconf 84' lang='lat' dir='ltr'><strong>idque</strong></span> 
     </span>
    </p>
   </div>
   <div class='ocr_carea' id='block_1_102' title="bbox 2203 4388 3776 4464">
    <p class='ocr_par' dir='ltr' id='par_1_102' title="bbox 2203 4388 3776 4464">
     <span class='ocr_line' id='line_1_102' title="bbox 2203 4388 3776 4464; baseline -0.006 -13"><span class='ocrx_word' id='word_1_777' title='bbox 2203 4398 2325 4453; x_wconf 91' lang='lat' dir='ltr'><strong>fecit</strong></span> <span class='ocrx_word' id='word_1_778' title='bbox 2353 4393 2742 4459; x_wconf 90' lang='lat' dir='ltr'><strong>vehementius,</strong></span> <span class='ocrx_word' id='word_1_779' title='bbox 2774 4409 2930 4464; x_wconf 89' lang='lat' dir='ltr'><strong>quam</strong></span> <span class='ocrx_word' id='word_1_780' title='bbox 2958 4392 3223 4447; x_wconf 89' lang='lat' dir='ltr'><strong>Christus.</strong></span> <span class='ocrx_word' id='word_1_781' title='bbox 3255 4390 3384 4444; x_wconf 90' lang='lat' dir='ltr'><strong>Nam</strong></span> <span class='ocrx_word' id='word_1_782' title='bbox 3413 4388 3656 4444; x_wconf 83' lang='lat' dir='ltr'><strong>Chrisms</strong></span> <span class='ocrx_word' id='word_1_783' title='bbox 3694 4389 3776 4441; x_wconf 82' lang='lat' dir='ltr'><strong>di-</strong></span> 
     </span>
    </p>
   </div>
   <div class='ocr_carea' id='block_1_103' title="bbox 2204 4478 3774 4556">
    <p class='ocr_par' dir='ltr' id='par_1_103' title="bbox 2204 4478 3774 4556">
     <span class='ocr_line' id='line_1_103' title="bbox 2204 4478 3774 4556; baseline -0.009 -11"><span class='ocrx_word' id='word_1_784' title='bbox 2204 4494 2293 4553; x_wconf 88' lang='lat' dir='ltr'><strong>cit,</strong></span> <span class='ocrx_word' id='word_1_785' title='bbox 2323 4490 2421 4555; x_wconf 88' lang='lat' dir='ltr'><strong>Qui</strong></span> <span class='ocrx_word' id='word_1_786' title='bbox 2444 4506 2544 4542; x_wconf 90' lang='lat' dir='ltr'><strong><em>non</em></strong></span> <span class='ocrx_word' id='word_1_787' title='bbox 2565 4486 2743 4549; x_wconf 88' lang='lat' dir='ltr'><strong>credit,</strong></span> <span class='ocrx_word' id='word_1_788' title='bbox 2759 4488 2871 4556; x_wconf 88' lang='lat' dir='ltr'><strong>jam</strong></span> <span class='ocrx_word' id='word_1_789' title='bbox 2892 4485 3154 4555; x_wconf 84' lang='lat' dir='ltr'><strong>judicatus</strong></span> <span class='ocrx_word' id='word_1_790' title='bbox 3176 4493 3286 4548; x_wconf 88' lang='lat' dir='ltr'><strong>est;</strong></span> <span class='ocrx_word' id='word_1_791' title='bbox 3315 4482 3401 4536; x_wconf 90' lang='lat' dir='ltr'><strong>hic</strong></span> <span class='ocrx_word' id='word_1_792' title='bbox 3426 4492 3625 4545; x_wconf 92' lang='lat' dir='ltr'><strong>autem,</strong></span> <span class='ocrx_word' id='word_1_793' title='bbox 3655 4478 3774 4532; x_wconf 82' lang='lat' dir='ltr'><strong>Non</strong></span> 
     </span>
    </p>
   </div>
   <div class='ocr_carea' id='block_1_104' title="bbox 2204 4570 3778 4644">
    <p class='ocr_par' dir='ltr' id='par_1_104' title="bbox 2204 4570 3778 4644">
     <span class='ocr_line' id='line_1_104' title="bbox 2204 4570 3778 4644; baseline -0.006 -10"><span class='ocrx_word' id='word_1_794' title='bbox 2204 4583 2384 4634; x_wconf 85' lang='lat' dir='ltr'><strong>videbit</strong></span> <span class='ocrx_word' id='word_1_795' title='bbox 2426 4581 2598 4644; x_wconf 84' lang='lat' dir='ltr'><strong>vitam,</strong></span> <span class='ocrx_word' id='word_1_796' title='bbox 2628 4578 2716 4631; x_wconf 86' lang='lat' dir='ltr'><strong>sed</strong></span> <span class='ocrx_word' id='word_1_797' title='bbox 2745 4578 2823 4629; x_wconf 86' lang='lat' dir='ltr'><strong>ira</strong></span> <span class='ocrx_word' id='word_1_798' title='bbox 2854 4576 2946 4628; x_wconf 88' lang='lat' dir='ltr'><strong>Dei</strong></span> <span class='ocrx_word' id='word_1_799' title='bbox 2987 4585 3153 4628; x_wconf 88' lang='lat' dir='ltr'><strong>manet</strong></span> <span class='ocrx_word' id='word_1_800' title='bbox 3201 4590 3352 4644; x_wconf 84' lang='lat' dir='ltr'><strong>super</strong></span> <span class='ocrx_word' id='word_1_801' title='bbox 3395 4586 3545 4634; x_wconf 88' lang='lat' dir='ltr'><strong>eum;</strong></span> <span class='ocrx_word' id='word_1_802' title='bbox 3576 4580 3631 4625; x_wconf 87' lang='lat' dir='ltr'><strong>et</strong></span> <span class='ocrx_word' id='word_1_803' title='bbox 3657 4570 3778 4640; x_wconf 89' lang='lat' dir='ltr'><strong>jure</strong></span> 
     </span>
    </p>
   </div>
   <div class='ocr_carea' id='block_1_105' title="bbox 2205 4663 3780 4744">
    <p class='ocr_par' dir='ltr' id='par_1_105' title="bbox 2205 4663 3780 4744">
     <span class='ocr_line' id='line_1_105' title="bbox 2205 4663 3780 4744; baseline -0.008 -18"><span class='ocrx_word' id='word_1_804' title='bbox 2205 4673 2437 4744; x_wconf 80' lang='lat' dir='ltr'><strong>quidem.</strong></span> <span class='ocrx_word' id='word_1_805' title='bbox 2468 4671 2653 4740; x_wconf 86' lang='lat' dir='ltr'><strong>Neque</strong></span> <span class='ocrx_word' id='word_1_806' title='bbox 2682 4670 2820 4724; x_wconf 90' lang='lat' dir='ltr'><strong>enim</strong></span> <span class='ocrx_word' id='word_1_807' title='bbox 2855 4668 2991 4722; x_wconf 84' lang='lat' dir='ltr'><strong>idem</strong></span> <span class='ocrx_word' id='word_1_808' title='bbox 3014 4676 3098 4722; x_wconf 91' lang='lat' dir='ltr'><strong>est</strong></span> <span class='ocrx_word' id='word_1_809' title='bbox 3138 4666 3367 4735; x_wconf 89' lang='lat' dir='ltr'><strong>aliquem</strong></span> <span class='ocrx_word' id='word_1_810' title='bbox 3398 4664 3466 4719; x_wconf 90' lang='lat' dir='ltr'><strong>de</strong></span> <span class='ocrx_word' id='word_1_811' title='bbox 3491 4665 3670 4732; x_wconf 76' lang='lat' dir='ltr'><strong>seipse</strong></span> <span class='ocrx_word' id='word_1_812' title='bbox 3701 4663 3780 4716; x_wconf 87' lang='lat' dir='ltr'><strong>lu-</strong></span> 
     </span>
    </p>
   </div>
   <div class='ocr_carea' id='block_1_106' title="bbox 2204 4756 3781 4833">
    <p class='ocr_par' dir='ltr' id='par_1_106' title="bbox 2204 4756 3781 4833">
     <span class='ocr_line' id='line_1_106' title="bbox 2204 4756 3781 4833; baseline -0.006 -16"><span class='ocrx_word' id='word_1_813' title='bbox 2204 4765 2317 4833; x_wconf 85' lang='lat' dir='ltr'><strong>qui.</strong></span> <span class='ocrx_word' id='word_1_814' title='bbox 2346 4773 2401 4817; x_wconf 89' lang='lat' dir='ltr'><strong>et</strong></span> <span class='ocrx_word' id='word_1_815' title='bbox 2440 4762 2664 4816; x_wconf 89' lang='lat' dir='ltr'><strong>alterum</strong></span> <span class='ocrx_word' id='word_1_816' title='bbox 2693 4760 2761 4815; x_wconf 87' lang='lat' dir='ltr'><strong>de</strong></span> <span class='ocrx_word' id='word_1_817' title='bbox 2791 4760 2899 4813; x_wconf 92' lang='lat' dir='ltr'><strong>illo.</strong></span> <span class='ocrx_word' id='word_1_818' title='bbox 2930 4757 3061 4813; x_wconf 90' lang='lat' dir='ltr'><strong>Nam</strong></span> <span class='ocrx_word' id='word_1_819' title='bbox 3091 4756 3361 4810; x_wconf 87' lang='lat' dir='ltr'><strong>Christum</strong></span> <span class='ocrx_word' id='word_1_820' title='bbox 3412 4763 3686 4824; x_wconf 89' lang='lat' dir='ltr'><strong>putassent</strong></span> <span class='ocrx_word' id='word_1_821' title='bbox 3715 4768 3781 4807; x_wconf 81' lang='lat' dir='ltr'><strong>ex</strong></span> 
     </span>
    </p>
   </div>
   <div class='ocr_carea' id='block_1_107' title="bbox 2205 4843 3785 4919">
    <p class='ocr_par' dir='ltr' id='par_1_107' title="bbox 2205 4843 3785 4919">
     <span class='ocr_line' id='line_1_107' title="bbox 2205 4843 3785 4919; baseline -0.006 -12"><span class='ocrx_word' id='word_1_822' title='bbox 2205 4855 2493 4908; x_wconf 88' lang='lat' dir='ltr'><strong>ambitione</strong></span> <span class='ocrx_word' id='word_1_823' title='bbox 2513 4864 2566 4907; x_wconf 91' lang='lat' dir='ltr'><strong>et</strong></span> <span class='ocrx_word' id='word_1_824' title='bbox 2588 4852 2722 4906; x_wconf 88' lang='lat' dir='ltr'><strong>fastu</strong></span> <span class='ocrx_word' id='word_1_825' title='bbox 2749 4864 2890 4919; x_wconf 66' lang='lat' dir='ltr'><strong>saepe</strong></span> <span class='ocrx_word' id='word_1_826' title='bbox 2912 4849 3032 4903; x_wconf 87' lang='lat' dir='ltr'><strong>talia</strong></span> <span class='ocrx_word' id='word_1_827' title='bbox 3062 4848 3232 4917; x_wconf 90' lang='lat' dir='ltr'><strong>loqui:</strong></span> <span class='ocrx_word' id='word_1_828' title='bbox 3261 4847 3496 4902; x_wconf 80' lang='lat' dir='ltr'><strong>Joannes</strong></span> <span class='ocrx_word' id='word_1_829' title='bbox 3522 4859 3653 4899; x_wconf 77' lang='lat' dir='ltr'><strong>vero</strong></span> <span class='ocrx_word' id='word_1_830' title='bbox 3684 4843 3785 4898; x_wconf 76' lang='lat' dir='ltr'><strong>hac</strong></span> 
     </span>
    </p>
   </div>
   <div class='ocr_carea' id='block_1_108' title="bbox 2206 4935 3785 5013">
    <p class='ocr_par' dir='ltr' id='par_1_108' title="bbox 2206 4935 3785 5013">
     <span class='ocr_line' id='line_1_108' title="bbox 2206 4935 3785 5013; baseline -0.007 -14"><span class='ocrx_word' id='word_1_831' title='bbox 2206 4948 2423 5000; x_wconf 89' lang='lat' dir='ltr'><strong>carebat</strong></span> <span class='ocrx_word' id='word_1_832' title='bbox 2464 4945 2787 5013; x_wconf 84' lang='lat' dir='ltr'><strong>suspicione.</strong></span> <span class='ocrx_word' id='word_1_833' title='bbox 2821 4939 2973 5009; x_wconf 83' lang='lat' dir='ltr'><strong>Quod</strong></span> <span class='ocrx_word' id='word_1_834' title='bbox 3013 4941 3055 4994; x_wconf 92' lang='lat' dir='ltr'><strong>si</strong></span> <span class='ocrx_word' id='word_1_835' title='bbox 3102 4947 3287 5008; x_wconf 89' lang='lat' dir='ltr'><strong>postea</strong></span> <span class='ocrx_word' id='word_1_836' title='bbox 3330 4938 3573 4992; x_wconf 89' lang='lat' dir='ltr'><strong>Christus</strong></span> <span class='ocrx_word' id='word_1_837' title='bbox 3615 4935 3785 4989; x_wconf 81' lang='lat' dir='ltr'><strong>vehe-</strong></span> 
     </span>
    </p>
   </div>
   <div class='ocr_carea' id='block_1_109' title="bbox 2208 5027 3789 5098">
    <p class='ocr_par' dir='ltr' id='par_1_109' title="bbox 2208 5027 3789 5098">
     <span class='ocr_line' id='line_1_109' title="bbox 2208 5027 3789 5098; baseline -0.005 -9"><span class='ocrx_word' id='word_1_838' title='bbox 2208 5050 2471 5089; x_wconf 80' lang='lat' dir='ltr'><strong>mentiare</strong></span> <span class='ocrx_word' id='word_1_839' title='bbox 2500 5049 2627 5087; x_wconf 90' lang='lat' dir='ltr'><strong>usus</strong></span> <span class='ocrx_word' id='word_1_840' title='bbox 2654 5042 2737 5086; x_wconf 91' lang='lat' dir='ltr'><strong>est</strong></span> <span class='ocrx_word' id='word_1_841' title='bbox 2780 5047 3049 5095; x_wconf 88' lang='lat' dir='ltr'><strong>sermone,</strong></span> <span class='ocrx_word' id='word_1_842' title='bbox 3075 5030 3126 5084; x_wconf 92' lang='lat' dir='ltr'><strong>id</strong></span> <span class='ocrx_word' id='word_1_843' title='bbox 3158 5038 3282 5083; x_wconf 90' lang='lat' dir='ltr'><strong>tunc</strong></span> <span class='ocrx_word' id='word_1_844' title='bbox 3313 5028 3454 5093; x_wconf 90' lang='lat' dir='ltr'><strong>fecit,</strong></span> <span class='ocrx_word' id='word_1_845' title='bbox 3478 5028 3693 5098; x_wconf 89' lang='lat' dir='ltr'><strong>quando</strong></span> <span class='ocrx_word' id='word_1_846' title='bbox 3720 5027 3789 5081; x_wconf 86' lang='lat' dir='ltr'><strong>de</strong></span> 
     </span>
    </p>
   </div>
   <div class='ocr_carea' id='block_1_110' title="bbox 2209 5116 3789 5196">
    <p class='ocr_par' dir='ltr' id='par_1_110' title="bbox 2209 5116 3789 5196">
     <span class='ocr_line' id='line_1_110' title="bbox 2209 5116 3789 5196; baseline -0.006 -17"><span class='ocrx_word' id='word_1_847' title='bbox 2209 5126 2324 5196; x_wconf 84' lang='lat' dir='ltr'><strong>ipso</strong></span> <span class='ocrx_word' id='word_1_848' title='bbox 2345 5140 2586 5193; x_wconf 85' lang='lat' dir='ltr'><strong>magnam</strong></span> <span class='ocrx_word' id='word_1_849' title='bbox 2613 5123 2877 5176; x_wconf 88' lang='lat' dir='ltr'><strong>habebant</strong></span> <span class='ocrx_word' id='word_1_850' title='bbox 2904 5122 3227 5188; x_wconf 77' lang='lat' dir='ltr'><strong>Opinionem.</strong></span> <span class='ocrx_word' id='word_1_851' title='bbox 3252 5117 3402 5189; x_wconf 88' lang='lat' dir='ltr'><strong>(Cap.</strong></span> <span class='ocrx_word' id='word_1_852' title='bbox 3420 5118 3476 5188; x_wconf 68' lang='grc'><strong>4)</strong></span> <span class='ocrx_word' id='word_1_853' title='bbox 3498 5119 3548 5172; x_wconf 88' lang='grc'><strong>1.</strong></span> <span class='ocrx_word' id='word_1_854' title='bbox 3576 5116 3645 5172; x_wconf 87' lang='lat' dir='ltr'><strong>Ut</strong></span> <span class='ocrx_word' id='word_1_855' title='bbox 3670 5134 3789 5187; x_wconf 85' lang='lat' dir='ltr'><strong>ergo</strong></span> 
     </span>
    </p>
   </div>
   <div class='ocr_carea' id='block_1_111' title="bbox 2209 5207 3791 5287">
    <p class='ocr_par' dir='ltr' id='par_1_111' title="bbox 2209 5207 3791 5287">
     <span class='ocr_line' id='line_1_111' title="bbox 2209 5207 3791 5287; baseline -0.006 -18"><span class='ocrx_word' id='word_1_856' title='bbox 2209 5217 2433 5287; x_wconf 87' lang='lat' dir='ltr'><strong>cognovit</strong></span> <span class='ocrx_word' id='word_1_857' title='bbox 2474 5214 2645 5276; x_wconf 87' lang='lat' dir='ltr'><strong>Jesus,</strong></span> <span class='ocrx_word' id='word_1_858' title='bbox 2674 5214 2793 5283; x_wconf 86' lang='lat' dir='ltr'><strong>quia</strong></span> <span class='ocrx_word' id='word_1_859' title='bbox 2830 5212 3098 5265; x_wconf 88' lang='lat' dir='ltr'><strong>audierunt</strong></span> <span class='ocrx_word' id='word_1_860' title='bbox 3137 5210 3411 5274; x_wconf 78' lang='lat' dir='ltr'><strong>Pharistei,</strong></span> <span class='ocrx_word' id='word_1_861' title='bbox 3454 5207 3589 5274; x_wconf 88' lang='lat' dir='ltr'><strong>quod</strong></span> <span class='ocrx_word' id='word_1_862' title='bbox 3633 5208 3791 5261; x_wconf 82' lang='lat' dir='ltr'><strong>Jestts</strong></span> 
     </span>
    </p>
   </div>
   <div class='ocr_carea' id='block_1_112' title="bbox 2211 5295 3787 5377">
    <p class='ocr_par' dir='ltr' id='par_1_112' title="bbox 2211 5295 3787 5377">
     <span class='ocr_line' id='line_1_112' title="bbox 2211 5295 3787 5377; baseline -0.006 -18"><span class='ocrx_word' id='word_1_863' title='bbox 2211 5307 2380 5377; x_wconf 86' lang='lat' dir='ltr'><strong>plures</strong></span> <span class='ocrx_word' id='word_1_864' title='bbox 2419 5304 2697 5373; x_wconf 84' lang='lat' dir='ltr'><strong>discipulos</strong></span> <span class='ocrx_word' id='word_1_865' title='bbox 2725 5303 2865 5375; x_wconf 75' lang='lat' dir='ltr'><strong>facit,</strong></span> <span class='ocrx_word' id='word_1_866' title='bbox 2899 5311 2947 5356; x_wconf 86' lang='lat' dir='ltr'><strong>et</strong></span> <span class='ocrx_word' id='word_1_867' title='bbox 2983 5301 3237 5371; x_wconf 74' lang='lat' dir='ltr'><strong>baptisat,</strong></span> <span class='ocrx_word' id='word_1_868' title='bbox 3268 5315 3417 5369; x_wconf 87' lang='lat' dir='ltr'><strong>quam</strong></span> <span class='ocrx_word' id='word_1_869' title='bbox 3444 5297 3669 5351; x_wconf 81' lang='lat' dir='ltr'><strong>Joannes</strong></span> <span class='ocrx_word' id='word_1_870' title='bbox 3699 5295 3787 5367; x_wconf 71' lang='lat'><strong>(2.</strong></span> 
     </span>
    </p>
   </div>
   <div class='ocr_carea' id='block_1_113' title="bbox 2210 5387 3788 5466">
    <p class='ocr_par' dir='ltr' id='par_1_113' title="bbox 2210 5387 3788 5466">
     <span class='ocr_line' id='line_1_113' title="bbox 2210 5387 3788 5466; baseline -0.007 -16"><span class='ocrx_word' id='word_1_871' title='bbox 2210 5413 2513 5466; x_wconf 88' lang='lat' dir='ltr'><strong>quamquant</strong></span> <span class='ocrx_word' id='word_1_872' title='bbox 2537 5394 2686 5447; x_wconf 86' lang='lat' dir='ltr'><strong>Jesus</strong></span> <span class='ocrx_word' id='word_1_873' title='bbox 2704 5394 2815 5446; x_wconf 79' lang='lat' dir='ltr'><strong><em>&#39;non</em></strong></span> <span class='ocrx_word' id='word_1_874' title='bbox 2844 5392 3139 5463; x_wconf 73' lang='lat' dir='ltr'><strong>baptisaret,</strong></span> <span class='ocrx_word' id='word_1_875' title='bbox 3172 5390 3259 5444; x_wconf 89' lang='lat' dir='ltr'><strong>sed</strong></span> <span class='ocrx_word' id='word_1_876' title='bbox 3284 5388 3517 5457; x_wconf 85' lang='lat' dir='ltr'><strong>discipuli</strong></span> <span class='ocrx_word' id='word_1_877' title='bbox 3540 5388 3706 5457; x_wconf 86' lang='lat' dir='ltr'><strong>ejus),</strong></span> <span class='ocrx_word' id='word_1_878' title='bbox 3732 5387 3788 5440; x_wconf 79' lang='lat'><strong>&#39;5.</strong></span> 
     </span>
    </p>
   </div>
   <div class='ocr_carea' id='block_1_114' title="bbox 2211 5479 3793 5552">
    <p class='ocr_par' dir='ltr' id='par_1_114' title="bbox 2211 5479 3793 5552">
     <span class='ocr_line' id='line_1_114' title="bbox 2211 5479 3793 5552; baseline -0.009 -7"><span class='ocrx_word' id='word_1_879' title='bbox 2211 5491 2411 5545; x_wconf 77' lang='lat' dir='ltr'><strong>secessit</strong></span> <span class='ocrx_word' id='word_1_880' title='bbox 2439 5504 2503 5542; x_wconf 80' lang='lat' dir='ltr'><strong>ea:</strong></span> <span class='ocrx_word' id='word_1_881' title='bbox 2531 5487 2734 5552; x_wconf 75' lang='lat' dir='ltr'><strong>Judtea,</strong></span> <span class='ocrx_word' id='word_1_882' title='bbox 2776 5497 2822 5540; x_wconf 92' lang='lat' dir='ltr'><strong>et</strong></span> <span class='ocrx_word' id='word_1_883' title='bbox 2850 5485 2979 5538; x_wconf 80' lang='lat' dir='ltr'><strong>venit</strong></span> <span class='ocrx_word' id='word_1_884' title='bbox 3016 5485 3067 5536; x_wconf 91' lang='lat' dir='ltr'><strong>in</strong></span> <span class='ocrx_word' id='word_1_885' title='bbox 3099 5481 3385 5537; x_wconf 65' lang='lat' dir='ltr'><strong>Galilaeam.</strong></span> <span class='ocrx_word' id='word_1_886' title='bbox 3419 5481 3534 5550; x_wconf 90' lang='lat' dir='ltr'><strong>Ipse</strong></span> <span class='ocrx_word' id='word_1_887' title='bbox 3573 5479 3793 5548; x_wconf 85' lang='lat' dir='ltr'><strong>quidem</strong></span> 
     </span>
    </p>
   </div>
   <div class='ocr_carea' id='block_1_115' title="bbox 2215 5571 3795 5652">
    <p class='ocr_par' dir='ltr' id='par_1_115' title="bbox 2215 5571 3795 5652">
     <span class='ocr_line' id='line_1_115' title="bbox 2215 5571 3795 5652; baseline -0.008 -13"><span class='ocrx_word' id='word_1_888' title='bbox 2215 5600 2319 5639; x_wconf 91' lang='lat' dir='ltr'><strong>non</strong></span> <span class='ocrx_word' id='word_1_889' title='bbox 2364 5582 2616 5652; x_wconf 87' lang='lat' dir='ltr'><strong>baptizat,</strong></span> <span class='ocrx_word' id='word_1_890' title='bbox 2647 5580 2738 5634; x_wconf 86' lang='lat' dir='ltr'><strong>scd</strong></span> <span class='ocrx_word' id='word_1_891' title='bbox 2789 5578 2959 5633; x_wconf 92' lang='lat' dir='ltr'><strong>nuntii</strong></span> <span class='ocrx_word' id='word_1_892' title='bbox 3000 5593 3118 5632; x_wconf 92' lang='lat' dir='ltr'><strong>cum</strong></span> <span class='ocrx_word' id='word_1_893' title='bbox 3160 5576 3358 5630; x_wconf 81' lang='lat' dir='ltr'><strong>vellent</strong></span> <span class='ocrx_word' id='word_1_894' title='bbox 3404 5574 3660 5643; x_wconf 89' lang='lat' dir='ltr'><strong>majorem</strong></span> <span class='ocrx_word' id='word_1_895' title='bbox 3713 5571 3795 5627; x_wconf 91' lang='lat' dir='ltr'><strong>iIII</strong></span> 
     </span>
    </p>
   </div>
   <div class='ocr_carea' id='block_1_116' title="bbox 2214 5665 3797 5735">
    <p class='ocr_par' dir='ltr' id='par_1_116' title="bbox 2214 5665 3797 5735">
     <span class='ocr_line' id='line_1_116' title="bbox 2214 5665 3797 5735; baseline -0.007 -7"><span class='ocrx_word' id='word_1_896' title='bbox 2214 5674 2467 5728; x_wconf 80' lang='lat' dir='ltr'><strong>invidiam</strong></span> <span class='ocrx_word' id='word_1_897' title='bbox 2489 5670 2743 5734; x_wconf 73' lang='lat' dir='ltr'><strong>conflare,</strong></span> <span class='ocrx_word' id='word_1_898' title='bbox 2770 5670 2837 5722; x_wconf 84' lang='lat' dir='ltr'><strong>ita</strong></span> <span class='ocrx_word' id='word_1_899' title='bbox 2866 5666 3183 5723; x_wconf 87' lang='lat' dir='ltr'><strong>referebant.</strong></span> <span class='ocrx_word' id='word_1_900' title='bbox 3204 5665 3332 5728; x_wconf 92' lang='lat' dir='ltr'><strong>Cur,</strong></span> <span class='ocrx_word' id='word_1_901' title='bbox 3367 5665 3590 5735; x_wconf 90' lang='lat' dir='ltr'><strong>inquies,</strong></span> <span class='ocrx_word' id='word_1_902' title='bbox 3615 5676 3797 5717; x_wconf 75' lang='lat' dir='ltr'><strong>seces-</strong></span> 
     </span>
    </p>
   </div>
   <div class='ocr_carea' id='block_1_117' title="bbox 2284 5775 3391 5843">
    <p class='ocr_par' dir='ltr' id='par_1_117' title="bbox 2284 5775 3391 5843">
     <span class='ocr_line' id='line_1_117' title="bbox 2284 5775 3391 5843; baseline -0.008 -9"><span class='ocrx_word' id='word_1_903' title='bbox 2284 5788 2299 5817; x_wconf 86' lang='grc'>¹</span> <span class='ocrx_word' id='word_1_904' title='bbox 2335 5783 2481 5833; x_wconf 81' lang='lat' dir='ltr'><strong>savii.</strong></span> <span class='ocrx_word' id='word_1_905' title='bbox 2515 5780 2653 5843; x_wconf 73' lang='lat' dir='ltr'><strong>legit,</strong></span> <span class='ocrx_word' id='word_1_906' title='bbox 2687 5793 2871 5829; x_wconf 90' lang='lat' dir='ltr'><strong>morum</strong></span> <span class='ocrx_word' id='word_1_907' title='bbox 2896 5775 3101 5830; x_wconf 80' lang='lat' dir='ltr'><strong>instituto</strong></span> <span class='ocrx_word' id='word_1_908' title='bbox 3120 5776 3391 5841; x_wconf 82' lang='lat' dir='ltr'><strong>purissimo.</strong></span> 
     </span>
    </p>
   </div>
  </div>
