4094 6370
247 408 340 462 Πὸ

242 522 432 594 πολλὴν
446 521 640 591 ἔχομεν
659 519 758 593 τὴν
777 522 948 593 ἰσχὺν,
968 523 1103 578 ἀλλά
1119 520 1514 591 καταγέλαστοι
1529 516 1814 587 γινόμεθα,

244 605 331 657 καὶ
359 603 489 672 παρ’
510 601 756 672 Ἕλλησι,
784 604 879 655 καὶ
900 605 1051 676 παρά
1078 603 1372 663 Ἰουδαίοις,
1396 599 1487 654 καὶ
1502 596 1654 669 παρά
1672 596 1815 667 αἱρε-

241 684 423 745 τικοῖς.
450 679 559 733 Καὶ
584 680 633 731 εἰ
666 681 765 749 μὲν
789 686 883 738 καὶ
912 687 970 739 ἐν
1000 686 1113 747 τοῖς
1134 684 1314 746 ἄλλοις
1342 679 1688 751 ἀμελοῦντες,
1714 676 1813 747 τὴν

242 762 406 831 αὐτὴν
437 760 530 812 καὶ
557 759 792 814 ἐνταῦθα
825 763 1101 835 ρᾳθυμίαν
1139 759 1545 819 ἐπεδείκνυσθε,
1595 753 1664 828 ἦν
1712 756 1812 826 μὲν

241 839 354 893 οὐδέ
384 839 557 902 οὕτως
588 837 885 908 ἀπολογίας
916 842 1065 908 ἄξιον
1089 844 1150 896 τὸ
1172 840 1478 911 γινόμενον.
1510 838 1649 891 Νυνὶ
1672 835 1730 889 δέ
1752 837 1811 888 ἐν

244 917 338 987 μὲν
364 921 477 983 τοῖς
522 919 795 989 βιωτικοῖς
841 922 1070 986 ἕκαστος
1104 923 1290 991 ξίφους
1329 918 1446 972 ἐστὶ
1480 914 1809 986 τομώτερος.

241 998 329 1050 καὶ
368 998 417 1048 οι
466 998 567 1063 τὰς
612 1002 808 1070 τέχνας
855 1002 1148 1070 μετιόντες,
1203 1002 1297 1054 καὶ
1339 1000 1389 1052 οἱ
1438 995 1508 1049 τὰ
1559 994 1811 1049 πολιτικά

242 1076 561 1148 πράττοντες
593 1077 741 1150 [174]
782 1080 1083 1150 πράγματα
1103 1096 1116 1108 ·
1158 1080 1217 1132 ἐν
1259 1079 1318 1132 δὲ
1348 1078 1459 1139 τοῖς
1491 1072 1810 1141 ἀναγκαίοις

241 1158 331 1210 καὶ
357 1162 759 1228 πνευματικοῖς,
785 1160 1002 1214 πάντων
1029 1160 1196 1230 ἐσμὲν
1228 1156 1589 1231 ῥᾳθυμότεροι
1620 1165 1669 1215 ’φ
1694 1154 1808 1217 τοῖς

242 1239 334 1307 μὲν
364 1239 660 1311 παρέργοις
694 1239 771 1303 ῶς
800 1239 980 1311 ἔργοις
1030 1240 1383 1310 κεχρημένοι,
1418 1235 1454 1290 ἃ
1497 1235 1553 1288 δὲ
1588 1232 1806 1287 πάντων

239 1319 409 1389 ἔργων
435 1318 834 1389 ἀναγκαιότερα
853 1318 1098 1374 τίθεσθαι
1119 1319 1309 1391 ἐχρῆν,
1324 1315 1499 1371 ταῦτα
1523 1312 1644 1368 οὐδέ
1672 1315 1808 1385 πάρ·

238 1415 370 1469 εργα
402 1395 538 1452 εἶναι
587 1397 915 1467 νομίζοντες.
945 1399 1017 1451 Ἦ
1054 1398 1154 1452 οὐκ
1196 1398 1311 1451 ίστε
1347 1396 1428 1450 ὃτι
1457 1394 1519 1448 οὐ
1563 1393 1650 1446 διά
1680 1395 1805 1458 τοὺς

237 1476 480 1547 πρώτους
506 1478 826 1550 ἀνθρώπους
855 1478 1012 1548 μόνον
1026 1476 1242 1547 ἐγράφη
1260 1475 1329 1529 τά
1349 1473 1645 1545 γραφέντα,
1668 1474 1804 1527 ἀλλά

237 1558 328 1610 καὶ
352 1558 420 1611 δι’
441 1559 592 1629 ἡμᾶς
632 1559 696 1625 ὶι;
730 1559 844 1612 Οὐκ
877 1559 1095 1620 ἀκούεις
1142 1556 1237 1610 τοῦ
1285 1555 1497 1610 Παύλου
1531 1553 1800 1622 λέγοντος,

234 1636 313 1689 ὅτι
346 1637 533 1693 Ταῦτα
559 1637 628 1691 δὲ
648 1640 736 1704 εις
765 1637 1088 1691 νουθεσίαν
1111 1633 1281 1705 ἡμῶν
1303 1633 1553 1705 ἐτράφη,
1577 1635 1665 1699 είς
1692 1632 1802 1699 οὓς

232 1714 304 1767 τὰ
348 1714 485 1782 τέλη
532 1715 650 1768 τῶν
691 1714 921 1768 αἰώνων
963 1713 1382 1780 κατήντησαν·
1429 1712 1531 1765 ἵνα
1559 1710 1659 1764 διὰ
1688 1708 1800 1778 τῆς

232 1792 537 1861 ὑπομονῆς
561 1793 659 1847 καὶ
683 1792 793 1862 τῆς
822 1792 1256 1862 παρακλήσεως
1281 1791 1399 1845 τῶν
1412 1789 1668 1859 Γραφῶν
1686 1788 1803 1858 τὴν

232 1871 443 1925 ἐλπίδα
478 1873 738 1942 Ezram-7;
779 1873 888 1926 Καὶ
918 1868 1033 1925 οἶδα
1071 1871 1170 1942 μὲν
1202 1872 1324 1942 εἰκῆ
1348 1870 1539 1938 λέγων’
1572 1868 1712 1940 πλὴν
1737 1869 1799 1922 οὐ

290 1965 316 2029 ξ
343 1964 424 2014 Sic
449 1966 599 2015 Savil.
628 1966 802 2015 Morel.
833 1966 1129 2029 ἀθυμότεροι.
1158 1965 1365 2026 Quidam
1393 1964 1475 2015 alii
1497 1964 1794 2026 ὐπτιώτεροι.

231 2022 262 2063 δ
284 2026 482 2086 Quidam
503 2029 563 2076 δι’
581 2030 719 2089 ὑμᾶς.

1206 401 1271 458 ΙΝ
1306 398 1624 457 JOANNEM
1665 397 1893 452 HOMIL.
1936 398 2126 454 XXXI.
2168 399 2239 454 al.
2294 398 2463 457 XXX.

3395 412 3498 469 ΠΕ

1914 517 2195 600 παύσομαι
2228 519 2420 600 λέγων.
2456 521 2626 577 Τοῦτο
2652 524 2761 596 γὰρ
2788 523 2959 579 ποιῶν
2982 524 3397 599 ἀπολογήσομαι
3420 529 3500 600 τῷ

1913 597 2052 678 Θεῷ,
2087 598 2190 678 κᾷν
2213 598 2401 669 μηδεὶς
2427 600 2455 653 6
2479 601 2693 655 ἀκούων
2836 605 2895 657 Ὀ
2925 604 3026 675 μέν
3053 604 3164 677 7&9
3190 597 3312 671 τοῖς
3328 597 3499 678 719cc;-

1911 677 2096 746 έχουσι
2118 676 2314 747 λέγων,
2345 678 2456 748 ἔχει
2488 682 2844 752 παραμυθίαν
2865 682 2961 735 τοῦ
2982 682 3165 752 λέγειν
3187 684 3288 754 τὴν
3323 676 3498 740 πειθὼ

1910 756 2019 808 τῶν
2043 757 2427 833 ἀκροωμένων⁸
2444 758 2473 809 6
2494 758 2551 811 δέ
2577 759 2814 829 συνεχῶς
2842 759 3038 827 λέγων,
3070 762 3165 815 καὶ
3196 762 3271 833 μὴ
3300 763 3499 819 ἀκουό-

1914 851 2096 905 μενος,
2134 829 2254 892 εἶτα
2310 836 2371 889 οὐ
2417 837 2731 908 παυόμενος
2764 838 2859 891 τοῦ
2904 838 3107 907 λέγειν,
3143 829 3386 907 πλείονος
3429 844 3498 898 ἂν

1910 916 1995 986 είη
2032 914 2200 985 τιμῆς
2227 914 2398 981 ἄξιος,
2427 915 2515 969 διὰ
2550 916 2612 968 16
2635 916 2714 986 τῷ
2742 916 2862 987 Θεῷ
2888 917 3097 977 δοκοῦν,
3140 921 3235 973 καὶ⁵
3268 922 3494 991 μηδενὸς

1910 993 2288 1064 προσέχοντος,
2326 994 2388 1047 τὸ
2429 994 2593 1048 αὐτοῦ
2639 996 2747 1047 πᾶν
2784 993 3030 1067 πληρῶν.
3068 997 3208 1050 Ἀλλ’
3254 1001 3406 1069 ὅμως
3445 1001 3496 1053 εί

1909 1073 2005 1125 καὶ
2036 1073 2168 1142 ἡμῖν
2206 1072 2236 1125 6
2290 1070 2480 1141 μισθὸς
2525 1070 2728 1139 μείζων
2771 1070 2837 1123 ἐκ
2874 1073 2972 1143 τῆς
3008 1073 3281 1146 ὑμετέρας
3309 1092 3495 1145 παρα-

1908 1154 2060 1223 κοῆς,
2077 1153 2227 1222 ὅμως
2253 1150 2630 1221 ἐπιθυμοῦμεν
2656 1150 2845 1204 τοῦτον
2874 1152 3243 1226 ἐλαττωθῆναι
3269 1157 3491 1228 μᾶλλον,

1907 1233 1999 1285 καὶ
2021 1232 2118 1304 τὴν
2146 1230 2417 1302 ὑμετέραν
2439 1231 2740 1302 αὐξηθῆναι
2770 1249 2914 1308 σωτη
2925 1234 3068 1304 ρίαν,
3095 1236 3285 1307 μισθὸν
3317 1237 3494 1308 μέγαν

1904 1311 2005 1380 τὴν
2054 1310 2326 1381 ὑμετέραν
2382 1309 2735 1381 εὐδοκίμησιν
2791 1307 2933 1365 εἶναι
2988 1307 3329 1384 νομίζοντες.
3379 1316 3492 1371 Καὶ

1904 1388 2078 1443 ταῦτα
2112 1388 2343 1458 λέγομεν
2374 1388 2490 1451 νῦν,
2516 1388 2613 1459 οὐχ
2641 1388 2728 1442 ῖνα
2755 1389 2967 1463 ἐπαχθῆ
3001 1392 3097 1446 καὶ
3128 1392 3301 1464 βαρὺν
3327 1396 3490 1463 ποιή-

1905 1485 2088 1539 σωμεν
2112 1468 2203 1522 τὸν
2231 1467 2408 1537 λόγον,
2436 1467 2553 1521 ἀλλ’
2587 1468 2675 1521 ῖνα
2703 1468 2802 1540 τὴν
2831 1470 3101 1539 ἀλγηδόνα
3132 1473 3260 1543 ὑμῖν
3290 1473 3492 1527 ἐπιδεί-

1904 1548 2085 1619 ξωμεν
2115 1558 2166 1612 ο,
2195 1547 2262 1618 ῆν
2290 1548 2485 1618 ἔχομεν
2525 1547 2614 1601 διὰ
2648 1547 2748 1617 τὴν
2788 1550 3063 1620 ὑμετέραν
3092 1551 3384 1623 ῥᾳθυμίαν·
3420 1548 3491 1625 ἦς

1903 1628 2111 1694 γένοιτο
2152 1628 2358 1691 πάντας
2394 1628 2543 1697 ἡμᾶς
2588 1626 3024 1696 ἀπαλλαγέντας,
3059 1634 3162 1702 τῆς
3190 1649 3492 1703 πνευματι-

1904 1708 2006 1778 κῆς
2037 1707 2257 1778 ἔχεσθαι
2290 1707 2547 1778 σπουδῆς,
2580 1707 2673 1760 καὶ
2704 1707 2811 1761 τῶν
2838 1708 3104 1781 οὐρανίων
3125 1711 3344 1778 ἀγαθῶν
3370 1713 3492 1765 ἐπι-

1901 1788 2105 1856 τυχεῖν,
2141 1786 2325 1859 χάριτι
2363 1789 2457 1841 καὶ
2504 1786 2887 1862 φιλανθρωπία
2926 1787 3022 1841 τοῦ
3074 1789 3281 1862 Κυρίου
3331 1792 3489 1861 ἡμῶν

1914 1863 2088 1937 Ἰησοῦ
2134 1865 2394 1937 Χριστοῦ,
2432 1865 2549 1937 μεθ’
2578 1860 2640 1920 οῦ
2680 1864 2757 1935 τῷ
2793 1867 2969 1935 Πατρὶ
3004 1868 3037 1937 ή
3073 1860 3219 1932 δόξα,
3264 1860 3385 1939 ἅμα
3410 1865 3491 1940 τῷ

1899 1944 2041 2015 ἀγίῳ
2068 1944 2373 2013 Πνεύματι,
2409 1946 2489 2007 είς
2512 1946 2638 2008 τοὺς
2663 1943 2864 2009 αἰῶνας
2888 1946 2996 1999 τῶν
3016 1946 3249 2002 αἰώνων.
3290 1949 3486 2020 Ἀμήν.

1963 2027 1987 2055 ⁸
2023 2022 2370 2083 Ὗποδείξωμεν
2395 2023 2549 2073 Savil.
2570 2030 2625 2072 et.
2655 2023 2763 2073 cod.
2789 2023 2901 2083 706,
2920 2026 3125 2075 rectius.

1651 2190 1895 2245 OMIAIA
1928 2190 2056 2244 ΔΑΒ.

238 2283 301 2340 '0
325 2283 755 2364 1.1019196ng
778 2282 886 2364 16f
910 2285 1066 2345 Υἱὸν,
1088 2285 1193 2364 ’καὶ
1223 2285 1420 2364 πᾴντᾳ
1444 2284 1705 2364 δέδωκεν
1726 2283 1797 2336 ὲν

295 2353 369 2422 τῇ
390 2355 540 2422 χειρί
563 2353 770 2408 αὐτοῦ.
812 2354 863 2407 '0
888 2356 1191 2409 πιστεύων
1230 2358 1318 2421 είς
1339 2357 1447 2409 τὸν
1476 2355 1637 2417 Υιὸν,
1668 2354 1797 2424 ἔχει

293 2424 726 2494 ζωὴν-αἰώνιον·
753 2427 787 2479 ὁ
806 2424 873 2477 δὲ
894 2425 1166 2479 ἀπιστῶν
1192 2424 1274 2491 τῷ
1302 2426 1430 2490 Υίῷ,
1449 2428 1562 2480 οὐκ
1586 2425 1797 2494 ὄψεται

287 2467 834 2563 ἐῖιΐζῶἓῖῖξᾶζιλῖτνῖ
843 2467 1284 2565 ἓῆἦὲἑέὸέὧ
1294 2467 1569 2565 Ῑιὶῖἓῖἕὲ
1585 2467 1794 2549 ἷιξξὲῖῖ

290 2586 358 2632 α’.
389 2578 532 2632 Πολὺ
550 2578 649 2649 τῆς
666 2580 1125 2647 ωγκαταὸάσεως
1139 2580 1201 2632 τὸ
1220 2580 1410 2650 κέρδος
1426 2582 1484 2633 ἐν
1499 2579 1671 2634 ἅπασι
1686 2579 1740 2632 δε
1749 2579 1795 2632 ί-

222 2676 409 2712 κνυται
428 2658 774 2729 πράγμασιν.
804 2657 962 2712 Οὕτω
984 2658 1085 2722 τάς
1105 2660 1301 2729 τέχνας
1327 2658 1791 2730 κατωρθώσαμεν,

219 2738 316 2790 οὐκ
342 2737 539 2808 ἀθρόον
563 2734 717 2806 παρά
729 2736 839 2788 τῶν
851 2736 1185 2791 διδασκάλων
1206 2737 1386 2791 πάντα
1409 2736 1791 2806 μανθάνοντεςο

216 2816 355 2869 οὕτω
385 2816 572 2879 πόλεις
607 2815 964 2885 ἐδειμάμεθα,
990 2816 1175 2886 ἡρέμα
1199 2817 1295 2870 καὶ
1320 2814 1469 2868 κατά
1488 2815 1683 2887 μικρὸν
1703 2816 1796 2869 αὐ-

216 2894 312 2958 τὰς
346 2893 741 2958 συνιστῶντεςο
776 2894 918 2948 οὕτω
946 2895 1045 2965 τὴν
1082 2895 1225 2966 ζωὴν
1259 2893 1660 2965 διακρατοῦμεν
1694 2898 1794 2964 τὴν

212 2974 511 3044 ἡμετέραν.
540 2974 650 3026 Καὶ
682 2972 758 3045 μὴ
784 2974 1074 3045 θαυμάσῃς
1096 2976 1146 3027 εί
1174 2975 1270 3027 ἐπὶ⁷
1303 2973 1415 3026 τῶν
1438 2972 1708 3043 βιωτικῶν
1731 2973 1793 3026 16

214 3052 444 3121 πρᾶγμα
462 3049 733 3120 τοσαύτην
762 3050 873 3122 ἔχει
905 3053 1004 3123 τὴν
1034 3052 1208 3122 ἰσχὺν,
1239 3053 1374 3106 ὅπου
1394 3069 1458 3120 γε
1486 3050 1581 3106 καὶ
1602 3052 1660 3103 ἐν
1680 3053 1793 3115 τοῖς

212 3133 608 3201 πνευματικοῖς
638 3130 835 3202 πολλὴν
859 3130 928 3184 ἀν
950 3148 1035 3195 τις
1058 3131 1210 3202 εὖροι
1243 3131 1451 3198 ταύτης
1475 3132 1575 3202 τῆς
1601 3131 1792 3200 σοφίας

211 3205 372 3263 οὖσαν
396 3210 497 3280 τὴν
526 3209 775 3280 δύναμιν.
808 3208 965 3263 Οὕτω
983 3210 1092 3281 7&9
1126 3211 1219 3264 καὶ
1242 3211 1590 3282 ἠδυνήθησαν
1618 3210 1793 3264 ἀπαλ-

206 3287 443 3359 λαγῆναι
456 3288 557 3358 τῆς
584 3288 1025 3361 είδωλολατρείας
1048 3290 1511 3363 Ἰουδαῖοι,ήρέμα
1534 3290 1629 3344 καὶ
1650 3290 1791 3345 κατά

207 3369 407 3440 μικρὸν
423 3369 766 3438 ἐναγόμενοι,
787 3369 883 3423 καὶ
905 3368 1071 3440 μηδὲν
1086 3369 1147 3434 ἐξ
1158 3371 1333 3442 ἀρχῆς
1350 3370 1555 3441 ὑψηλὸν
1573 3370 1793 3424 ἀκούον-

201 3463 318 3513 τες,
356 3448 499 3518 μήτε
530 3448 836 3519 δογμάτων,
877 3450 1013 3520 μήτε
1055 3449 1336 3514 πολιτείας
1368 3450 1578 3505 ἐνεκεν.
1634 3450 1793 3505 Οῦτω

205 3529 350 3596 μετά
377 3528 482 3598 τὴν
511 3527 606 3580 τοῦ
641 3526 879 3600 Χριστοῦ
916 3528 1245 3599 παρουσίαν,
1275 3532 1365 3583 ὅτε
1394 3531 1487 3584 καλ⁸
1524 3530 1790 3600 ὑψηλοτέ-

202 3624 318 3677 ρων
355 3606 646 3677 δογμάτων
672 3610 703 3661 6
732 3607 920 3679 καιρὸς
949 3602 1041 3678 ἦν,
1087 3608 1335 3673 ἅπαντας
1367 3612 1707 3680 προσήγοντο
1739 3610 1791 3663 οι

198 3686 522 3745 ἀπόστολοι,
565 3686 718 3740 οὐδὲν
760 3688 826 3739 ἐκ
870 3687 1096 3759 πρώτης
1148 3688 1352 3759 ὑψηλὸν
1402 3688 1788 3760 φθεγγόμενοι.

198 3765 362 3819 Οὕτω
387 3767 485 3819 καὶ
511 3765 541 3818 6
574 3765 809 3836 Χριστὸς
836 3769 949 3830 τοῖς
971 3765 1181 3820 πλείοσι
1205 3766 1476 3836 διελέγετο
1508 3767 1660 3839 παρά
1691 3770 1791 3841 τὴν

199 3841 351 3915 [175]
398 3845 595 3915 ἀρχήν.
628 3845 787 3899 Οὖτω
808 3858 835 3886 ι
880 3846 976 3899 καὶ
1010 3843 1262 3918 Ἰωάννης
1299 3846 1523 3917 ἐποίησε
1562 3846 1679 3913 νῦν,
1714 3848 1790 3913 ὡς

198 3923 330 3994 περὶ
352 3923 649 3994 ἀνθρώπου
664 3924 1044 3994 διαλεγόμενός
1065 3942 1211 3988 τινος
1241 3924 1582 3995 θαυμαστοῦ,
1601 3930 1697 3981 καὶ¹
1727 3928 1791 3981 τὰ

197 4001 387 4072 ὑψηλὰ
408 4003 886 4073 συνεσκιασμένως
906 4004 1276 4075 παρεντιθείς.
1307 4005 1634 4075 Ἀρχόμενος
1659 4010 1791 4074 γοῦν

188 4080 375 4144 οὕτως
424 4081 643 4149 ἔλεγεν·
678 4075 763 4137 Οὖ
798 4081 1046 4136 δύναται
1080 4082 1393 4155 ἄνθρωπος
1423 4083 1525 4152 ἀφ’
1571 4082 1791 4139 ἑαυτοῦ

188 4160 539 4230 λαμϐάνειν
558 4160 758 4216 οὐδέν.
777 4157 908 4216 Εἶτα
925 4161 1130 4232 ὑψηλόν
1150 4179 1202 4215 τι
1222 4162 1462 4232 συνάψας
1488 4163 1581 4216 καὶ¹
1596 4162 1787 4229 εἰπὼν,

200 4238 261 4291 Ὀ
280 4241 355 4293 ἐκ
368 4239 483 4293 τοῦ
500 4241 762 4308 οὐρανοῦ
785 4240 1132 4309 ἐρχόμενος,
1150 4240 1351 4295 ἐπάνω
1372 4241 1615 4295 πάντων
1632 4243 1786 4307 ἐστὶ,

188 4319 366 4373 πάλιν
394 4322 478 4383 εἰς
506 4320 574 4373 τά
607 4320 841 4373 ταπεινά
865 4320 958 4373 16v
981 4320 1143 4388 λόγον
1174 4322 1424 4388 κατάγει,
1458 4320 1632 4389 λέγων
1652 4322 1790 4379 ἀλλα

185 4415 250 4451 τε
281 4398 484 4461 πολλὰ,
510 4402 605 4454 καὶ
631 4400 825 4465 ὅτι,οὐ
843 4399 954 4469 γὰρ
978 4400 1049 4453 ἐκ
1067 4399 1291 4467 μέτρου
1320 4399 1572 4454 δίδωσιν
1589 4404 1624 4454 ό
1644 4401 1789 4467 Θεὸς

188 4480 261 4531 τὸ
282 4478 539 4545 Πνεῦμα
558 4497 573 4511 ·
603 4473 722 4532 εἶτα
745 4479 775 4519 δ
804 4480 1024 4547 ἐπάγει,
1040 4479 1215 4548 λέγων
1230 4495 1245 4509 ·
1281 4478 1336 4532 Ὁ
1362 4479 1571 4547 Πατὴρ
1587 4478 1789 4548 ἀγαπᾷ

190 4558 303 4611 τὸν
331 4557 496 4621 Υιόν,
532 4559 629 4611 καί
659 4558 857 4612 πάντα
893 4557 1154 4612 δέδωκεν
1178 4558 1250 4611 ἐν
1269 4556 1347 4625 τῇ
1374 4558 1526 4626 χειρὶ
1574 4559 1785 4613 αὐτοῦ.

192 4632 332 4690 εἶτα
350 4638 450 4691 καὶ
471 4637 627 4701 εἰδὼς
646 4637 753 4691 ἀπὸ
770 4637 864 4690 τοῦ
889 4636 1047 4705 λόγου
1069 4638 1170 4709 τῆς
1196 4637 1471 4701 κολάσεως
1495 4638 1787 4710 γινομένην

190 4721 294 4788 τὴν
321 4718 518 4787 ὄνησιν
550 4728 598 4781 ε,
626 4718 719 4770 καὶ
737 4718 837 4787 οὐχ
865 4716 1008 4770 οὕτω
1031 4721 1098 4788 τῇ
1120 4717 1229 4771 τῶν
1258 4715 1511 4790 χρηστῶν
1543 4718 1785 4788 ἐπαγγε-

190 4796 284 4867 λίᾳ
309 4798 447 4859 τοὺς
477 4795 708 4861 πολλοὺς
742 4797 1135 4868 ἐπαγομένους,
1180 4797 1256 4861 ῶς
1279 4801 1347 4868 τῇ
1378 4798 1488 4851 τῶν
1535 4798 1781 4871 φοϐερῶν

187 4875 425 4944 ἀπειλῇ,
452 4874 691 4929 ἐνταῦθα
718 4875 1031 4930 κατακλείει
1048 4876 1137 4930 τὸν
1161 4875 1319 4945 λόγον
1332 4875 1539 4941 λοιπὸν,
1565 4879 1661 4932 καὶ
1677 4897 1781 4950 φη-

191 4954 306 5005 σίν·
342 4954 409 5006 '0
432 4957 739 5009 πιστεύων
756 4958 841 5021 είς
870 4956 979 5009 τὸν
1009 4956 1166 5019 Υίὸν,
1183 4956 1309 5026 ἔχει
1330 4954 1483 5025 ζωὴν
1503 4958 1746 5012 αἰώνιον
1763 4976 1776 4988 ο

187 5035 223 5083 ὁ
251 5031 322 5085 δὲ
352 5032 620 5087 ἀπειθῶν
652 5034 733 5099 τῷ
758 5032 889 5100 Υιῷ,
910 5038 1023 5090 οὐκ
1055 5035 1266 5104 ὄψεται
1290 5036 1405 5104 τὴν
1434 5034 1605 5103 ζωὴν,
1637 5039 1779 5092 ἀλλ’

187 5113 225 5174 ἡ
256 5112 414 5179 ὀργὴ
438 5112 549 5166 τοῦ
566 5114 717 5168 Θεοῦ
734 5114 903 5183 μένει
919 5116 1012 5169 ἐπ’
1030 5116 1236 5169 αὐτόν.
1257 5115 1428 5169 Πάλιν
1453 5116 1732 5171 κάνταῦθα
1751 5116 1778 5157 ει

184 5190 281 5240 ἐπὶ
305 5190 408 5242 τὸν
438 5193 663 5263 Πατέρα
691 5194 882 5261 ἀνάγει
921 5194 1015 5246 τὸν
1042 5193 1143 5262 τῆς
1195 5194 1468 5257 κολάσεως
1500 5194 1673 5263 λόγον.
1704 5196 1778 5248 Οὐ

185 5266 299 5336 7&9
332 5265 517 5333 εἶπεν,
546 5273 580 5341 ὴ
609 5271 749 5342 όργὴ
780 5272 873 5325 τοῦ
906 5271 1059 5335 Υἱοῦ,
1092 5273 1357 5341 καίτοιγε
1381 5274 1545 5338 αὐτός
1578 5276 1725 5327 ἐστιν
1750 5276 1779 5327 6

182 5349 429 5416 κριτής·
463 5348 601 5402 ἀλλά
635 5350 725 5401 τὸν
764 5350 985 5421 Πατέρα
1023 5351 1205 5413 αὐτοῖς
1234 5352 1529 5421 ἐπέστησε,
1580 5353 1779 5423 μᾶλλον

182 5424 437 5494 φοῦ-ἧσαι
464 5427 804 5497 βουλόμενος.
824 5424 969 5500 Ἆρα
997 5426 1090 5483 οῦν
1109 5430 1271 5502 ἀρκεῖ
1290 5430 1353 5483 16
1385 5430 1672 5485 πιστεῦσαι
1700 5436 1780 5496 είς

176 5504 278 5556 τὸν
322 5504 482 5566 Υἱδν,
516 5509 669 5578 φησι,
704 5509 839 5578 πρὸς
869 5510 931 5562 τὸ
960 5507 1104 5580 ζωὴν
1133 5511 1277 5580 ἔχειν
1319 5510 1569 5573 αἰώνιονς
1608 5512 1780 5566 Οὐδαο

182 5582 331 5651 μῶς.
378 5584 490 5636 Καὶ
522 5587 691 5641 ἀκουε
728 5588 822 5640 τοῦ
860 5589 1103 5659 Χριστοῦ
1145 5591 1303 5642 τοῦτο
1342 5590 1651 5654 δεικνύντος
1684 5594 1778 5646 καὶ

177 5666 448 5732 λέγοντος
469 5683 484 5697 ο
510 5670 596 5721 Οὐ
618 5664 738 5731 πᾶς
768 5670 803 5719 ό
833 5669 1029 5737 λέγων
1053 5686 1173 5736 μοι,
1200 5670 1395 5736 Κύριε,
1424 5672 1620 5738 Κύριε,
1647 5674 1776 5725 εισ-

176 5749 511 5802 ελεύσεται
524 5749 619 5812 είς
647 5747 763 5815 τὴν
785 5747 1113 5811 ,ϐασιλείαν
1137 5747 1255 5801 τῶν
1277 5750 1551 5817 οὐρανῶν
1573 5767 1587 5781 ο
1614 5751 1706 5803 καὶ
1740 5752 1774 5821 ἠ

246 5842 277 5870 ⁸
304 5839 474 5914 δετὶἰ.⁹
510 5840 837 5912 διαλεγόμενος
870 5840 999 5902 παρὰ
1035 5840 1121 5896 τὴν
1160 5841 1308 5929 ἀρχὴν
1350 5841 1580 5917 ἐφαίνετω
1627 5842 1773 5890 οὕτω.

246 5900 278 5938 δ
306 5901 387 5950 Ila
413 5902 496 5950 ani
529 5909 579 5950 el
625 5899 774 5963 Saul,
798 5900 977 5963 Morel,
1003 5902 1099 5963 μεθ’
1122 5901 1169 5948 ἄ,
1224 5962 1227 5963 ν
1290 5905 1447 5963 δονιι.
1471 5920 1571 5950 ειτα
1597 5905 1676 5951 καί
1711 5904 1778 5951 εί-

177 5962 281 6018 ζὼς
323 5965 509 6020 πολλὴν
540 5969 626 6019 τῆς
652 5962 1195 6025 κολάσεωςᾲοῦσανητήν
1219 5962 1371 6025 ἰσχύν.
1407 5962 1577 6013 Morel.
1615 5966 1777 6013 ἒπειτα

178 6026 379 6083 «cum
403 6027 536 6080 εἰδὼς
566 6025 681 6072 ἀπὸ.
747 6022 883 6121 ἀέιτ
902 6023 1049 6073 Savil.
1078 6023 1246 6072 Morel.
1270 6022 1384 6084 ’όρᾲς
1406 6028 1504 6081 πῶς
1523 6026 1773 6074 κάνταῦθα.

1899 2284 1980 2346 εἰς
1998 2280 2059 2335 16
2081 2280 2306 2352 Πνεῦμα
2332 2279 2388 2334 δὲ
2419 2278 2745 2352 βλασφημία
2769 2280 2933 2353 ἀρκεῖ
2956 2277 3053 2336 καὶ
3076 2279 3212 2354 μόνη
3236 2282 3317 2345 είς
3339 2280 3498 2350 γέεν-

1898 2382 2000 2419 ναν
2022 2362 2307 2435 ἐμὸαλεῖν.

1966 2449 2080 2503 Καὶ
2119 2447 2171 2501 τί
2208 2447 2353 2515 λέγω
2390 2445 2519 2518 περὶ
2558 2445 2760 2518 μέρους
2795 2445 3097 2518 δόγματος;
3121 2447 3241 2503 Κᾶν
3266 2447 3376 2519 γὰρ
3400 2449 3485 2513 είς

1872 2529 1990 2591 ,τὸν
2022 2532 2246 2605 Πατέρα
2270 2546 2355 2593 τις
2384 2529 2587 2584 καὶτὸν
2610 2529 2739 2582 Υίὸν
2763 2529 2935 2601 ὀρθῶς
2958 2531 3246 2602 πιστεύσῃ,
3276 2532 3371 2585 καὶ
3399 2532 3482 2595 είς

1895 2613 1957 2667 16
1984 2613 2210 2683 Πνεῦμα
2227 2612 2290 2666 16
2311 2613 2487 2679 ἆγιον,
2517 2612 2631 2683 βίον
2658 2612 2714 2666 δὲ
2732 2613 2808 2684 μὴ
2830 2612 2929 2686 ἔχῃ
2959 2614 3138 2684 ὀρθὸν,
3161 2614 3313 2667 οὐδὲν
3330 2613 3481 2685 αὐτῷ

1899 2695 2093 2767 κέρδος
2114 2695 2214 2765 τῆς
2244 2695 2482 2758 πίστεως
2517 2707 2541 2735 θ
2568 2698 2648 2759 είς
2677 2697 2971 2767 σωτηρίαν.
2995 2695 3205 2750 Οὐκοῦν
3227 2697 3322 2750 καὶ
3349 2697 3480 2751 ὅταν

1895 2777 2051 2850 λέγῃ,
2087 2778 2252 2846 Αὕτη
2283 2776 2394 2847 γάρ
2419 2778 2591 2832 ἐστιν
2619 2779 2657 2847 ή
2701 2778 2939 2844 αἰώνιος
2978 2778 3112 2847 ζωὴ,
3161 2780 3263 2832 ἵνα
3304 2779 3478 2848 τινώ-

1894 2855 2093 2909 σκωσί
2119 2870 2195 2909 σε
2216 2854 2322 2908 τὸν
2334 2855 2528 2922 μόνον
2546 2855 2837 2923 ἀληθινὸν
2858 2857 3027 2921 Θεὸν,
3068 2857 3143 2928 μὴ
3166 2858 3478 2929 νομίσωμεν

1900 2936 2094 3005 ἀρκεῖν
2120 2936 2253 3006 ἡμῖν
2285 2935 2365 2997 εἰς
2387 2935 2660 3006 σωτηρίαν
2683 2935 2746 2988 τὸ
2766 2935 3077 3007 λεγόμενον.
3095 2940 3187 2989 Δεῖ
3213 2936 3321 3009 γάρ
3344 2940 3478 3008 ἡμῖν

1903 3016 1998 3070 καὶ
2046 3015 2162 3085 βίου
2202 3015 2296 3069 καὶ
2328 3015 2605 3078 πολιτείας
2651 3016 3052 3088 ἀκριϐεστάτης
3087 3016 3108 3054 τ
3136 3031 3152 3047 ⁸
3205 3019 3330 3072 ἐπεὶ
3382 3016 3476 3071 καὶ

1899 3093 2133 3148 ἐνταῦθα
2165 3094 2406 3165 εἴρηκεν,
2453 3093 2509 3146 '0
2558 3096 2860 3149 πιστεύων
2888 3098 2976 3161 είς
3017 3094 3126 3149 τὸν
3164 3096 3320 3162 Υἱὸν,
3347 3097 3477 3165 ἔχει

1894 3172 2051 3241 ζωὴν
2076 3173 2321 3227 αἰώνιον
2337 3190 2352 3205 ο
2381 3173 2520 3226 ἀλλά
2542 3172 2604 3226 16
2628 3172 2819 3227 τούτου
2850 3172 2976 3245 ἐξῆς
3002 3173 3217 3226 τέθεικε
3246 3174 3475 3246 σφοδρό-

1895 3270 2078 3323 τερον.
2108 3254 2243 3308 Οὐδέ
2271 3253 2381 3326 γὰρ
2418 3254 2527 3307 ἀπὸ
2551 3253 2662 3307 τῶν
2689 3253 2943 3325 χρηστῶν
2978 3253 3161 3323 μόνον,
3206 3254 3343 3308 ἀλλά
3374 3256 3475 3310 καὶ

1890 3332 2001 3387 ἀπὸ
2030 3333 2139 3386 τῶν
2166 3332 2424 3387 ἐναντίων
2456 3332 2548 3386 τὸν
2573 3333 2727 3401 λόγον
2755 3332 2990 3406 ὑφαίνει.
3019 3333 3130 3386 Καὶ
3158 3332 3259 3403 δρα
3281 3334 3399 3399 πῶς
3423 3338 3473 3390 ⁸.

1905 3412 2187 3483 Ἐπήγαγε
2212 3413 2341 3483 γάρ’
2384 3411 2444 3467 '0
2472 3412 2541 3465 δὲ
2570 3411 2832 3467 ἀπειθῶν
2858 3410 2938 3476 τῷ
2973 3409 3102 3476 Υίῷ,
3129 3413 3241 3465 οὐκ
3266 3412 3474 3481 ὄψεται

1893 3490 2011 3558 τὴν
2037 3490 2213 3558 ζωὴν,
2233 3490 2371 3546 ἀλλ’
2394 3493 2433 3560 ἡ
2464 3490 2609 3560 ὀργὴ
2635 3490 2742 3545 τοῦ
2766 3491 2914 3545 Θεοῦ
2945 3490 3115 3560 μένει
3136 3491 3230 3545 ἐπ’
3263 3493 3471 3547 αὐτόν.

1906 3569 2046 3623 Ἀλλ’
2091 3570 2241 3641 ὅμως
2281 3570 2403 3624 οὐδέ
2440 3569 2690 3624 ἐντεῦθέν
2718 3587 2899 3640 φαμεν
2930 3570 3120 3641 ἀρκεῖν
3152 3571 3253 3641 τὴν
3292 3572 3477 3626 πίστιν

1897 3650 1979 3712 είς
2012 3648 2290 3720 σωτηρίαν
2325 3648 2514 3719 μόνην.
2549 3649 2661 3702 Καὶ
2687 3648 2928 3702 δείκνυσι
2950 3650 3022 3703 τά
3047 3651 3176 3723 περὶ
3206 3651 3319 3721 βίου
3344 3652 3471 3705 πολ.

1892 3725 2063 3798 λαχοῦ
2083 3726 2192 3780 τῶν
2220 3726 2570 3796 Εὐαγγελίων
2605 3726 2894 3798 εἰρημένα.
2935 3728 3037 3782 Διά
3067 3746 3151 3782 τοι
3175 3728 3334 3782 τοῦτο
3373 3732 3477 3786 οὐκ

1892 3801 2069 3870 εἶπεν,
2115 3805 2254 3876 αὐτη
2285 3804 2343 3858 δέ
2386 3807 2535 3859 ἐστιν
2562 3806 2597 3877 ὴ
2630 3807 2845 3870 αἰώνιος
2888 3803 3002 3877 ζωὴ
3048 3809 3220 3880 μόνη⁹
3265 3808 3404 3873 οὐδὲ,
3446 3812 3478 3864 6

1899 3884 2171 3939 πιστεύων
2200 3886 2278 3947 είς
2294 3883 2383 3937 τὸν
2406 3884 2535 3937 Υίὸν
2569 3885 2727 3955 μόνον
2750 3886 2863 3956 ἔχει
2897 3886 3116 3941 αίώνιον
3141 3887 3287 3959 ζωήν
3309 3905 3322 3918 ’
3358 3889 3478 3943 ἀλλ’

1897 3964 1956 4017 ἐν
1969 3963 2131 4017 ἐκατέ
2140 3980 2215 4034 ρῳ
2235 3961 2395 4016 τοῦτο
2407 3964 2663 4036 ἐμφαίνει
2681 3967 2731 4031 h,
2748 3967 2828 4019 ὅτι
2847 3965 2960 4037 ἔχει
2978 3966 3123 4038 ζωὴν
3140 3968 3200 4020 16
3217 3970 3474 4040 πρᾶγμα.

1894 4047 1993 4099 Ἂν
2026 4046 2207 4117 μέντοι
2240 4044 2312 4098 τά
2358 4047 2458 4119 τῆς
2501 4046 2784 4124 πολιτείας
2829 4050 2904 4120 μὴ
2956 4049 3243 4121 ἀκολουθῇ,
3305 4052 3476 4124 πολλὴ

1894 4124 2086 4195 ἐψεται
2116 4127 2149 4195 ἠ
2183 4125 2425 4190 κόλασις.
2455 4127 2567 4179 Καὶ
2609 4127 2708 4181 οὐκ
2746 4123 2889 4192 εἷπε,
2933 4128 3102 4182 Μένει
3140 4129 3324 4191 αὐτὸν,
3358 4123 3476 4184 ἀλλ⁴

1904 4205 2031 4259 Ἐπ’
2064 4205 2273 4270 αὐτὸν,
2299 4206 2475 4277 δηλῶν
2508 4207 2589 4259 ὅτι
2628 4208 2887 4260 οὐδέποτε
2911 4208 3006 4260 ἀπ’
3037 4209 3203 4262 αὐτοῦ
3226 4210 3476 4282 ἀποστή-
3516 4206 3522 4213 ’

1892 4300 2063 4337 σεται.
2087 4285 2209 4339 Ἵνα
2236 4286 2346 4356 γὰρ
2372 4284 2445 4356 μὴ
2471 4286 2701 4357 νομίσῃς
2722 4286 2949 4341 θάνατον
2976 4283 3112 4340 είναι
3140 4288 3476 4359 πρόσκαιρον

1887 4363 1969 4427 16,
1986 4364 2109 4415 Οὐκ
2147 4362 2358 4431 ὄψεται
2385 4362 2559 4431 ζωὴν,
2592 4364 2727 4418 ἀλλά
2767 4366 3063 4438 πιστεύσῃς
3090 4366 3172 4419 ὅτι
3221 4366 3476 4436 διηνεκὴς

1891 4441 1926 4511 ἠ
1953 4440 2195 4505 κόλασις,
2225 4440 2384 4494 τοῦτο
2414 4442 2625 4495 τέθεικε
2652 4442 2715 4494 τὸ
2745 4443 2915 4513 ῥῆμα,
2940 4443 3154 4507 δεικνὺς
3186 4446 3269 4497 ὅτι
3292 4445 3476 4508 ἐνιζάο·

1893 4537 1975 4573 νει
2019 4519 2169 4589 αὐτῷ
2200 4518 2484 4589 διηνεκῶς.
2530 4519 2786 4591 Ἐποίησε
2828 4521 2885 4574 δὲ
2921 4521 3098 4587 τοῦτο,
3133 4522 3221 4576 διὰ
3268 4523 3475 4577 τούτων

1890 4597 2091 4661 αὐτοὺς
2121 4597 2230 4651 τῶν
2253 4598 2515 4669 ῥημάτων
2536 4598 2692 4651 ὠθῶν
2720 4599 2857 4670 πρὸς
2880 4599 2970 4652 τὸν
2994 4599 3245 4671 Χριστόν.
3274 4604 3475 4674 Διόπερ

1898 4681 2047 4754 [176]
2080 4682 2203 4736 οὐδέ
2235 4682 2341 4752 ίδίᾳ
2382 4681 2519 4753 πρὸς
2548 4682 2744 4745 αὐτοὺς
2781 4682 2879 4753 τὴν
2917 4684 3239 4753 παραίνεσιν
3282 4688 3475 4757 ἐποιή-

1897 4777 2048 4823 σατο,
2100 4759 2239 4814 ἀλλὰ
2282 4759 2594 4830 καθολικὴν,
2632 4760 2725 4813 καὶ
2772 4759 2847 4824 ὡς
2876 4760 2941 4815 ἂν
2995 4762 3228 4832 μάλιστα
3274 4764 3475 4830 αὐτοὺς

1890 4839 2273 4908 ἐπαγαγέσθαι
2293 4838 2533 4892 ἐδύνατο.
2566 4838 2641 4891 Οὐ
2665 4837 2771 4908 γὰρ
2802 4836 2974 4901 εἶπεν,
2998 4839 3095 4893 ἐάν
3115 4842 3469 4913 πιστεύσητε,

1888 4919 2009 4982 καὶ,
2045 4918 2139 4971 ἐὰν
2168 4918 2243 4989 μὴ
2270 4915 2596 4987 πιστεύσητε
2620 4934 2633 4949 ·
2663 4917 2776 4969 ἀλλ’
2802 4917 2895 4970 ἐπὶ
2913 4917 3007 4971 τοῦ
3034 4920 3215 4973 κοινοῦ
3236 4924 3473 4993 προάγει

1887 4998 1981 5051 τὸν
2002 4995 2180 5064 λόγον,
2203 4995 2343 5048 ῶστε
2368 4995 2660 5049 ἀνύποπτα
2677 4996 2929 5063 γενέσθαι
2956 4997 3025 5050 τά
3052 4998 3350 5071 λεγόμενα·
3375 5006 3473 5056 καὶ

1888 5076 2245 5147 σφοδρότερον
2272 5073 2374 5151 ἢλὸ
2411 5075 2646 5146 Χριστὸς
2674 5075 2832 5128 τοῦτο
2878 5079 3199 5149 πεποίηκεν.
3257 5080 3317 5135 '0
3367 5082 3472 5151 μὶν

1884 5155 1994 5225 γὰρ
2029 5153 2263 5226 Χριστὸς
2296 5148 2467 5217 εἶπεν,
2492 5154 2573 5206 ὅτι
2612 5153 2665 5205 '0
2680 5153 2768 5222 μὴ
2800 5148 3100 5210 πιστεύων
3121 5156 3241 5227 ἤδη
3274 5148 3471 5228 κέιὶρι.

1878 5251 1973 5288 ται
1993 5249 2008 5262 ο
2039 5228 2191 5295 οὗτος
2221 5233 2297 5290 δὲ.
2336 5234 2457 5286 Οὐκ
2480 5234 2691 5301 ὄψεται
2728 5233 2842 5302 τὴν
2880 5234 3053 5304 ζωὴν,
3083 5238 3222 5292 ἀλλ’
3243 5238 3281 5305 ἡ
3314 5238 3480 5307 ὀργὴ

1890 5312 1999 5367 τοῦ
2033 5312 2182 5367 Θεοῦ
2206 5312 2374 5380 μένει
2403 5311 2496 5363 ἐπ’
2532 5313 2751 5366 αὐτόν’
2801 5313 2896 5366 καὶ
2933 5316 3077 5385 μάλα
3111 5316 3356 5380 εἰκότως.
3388 5317 3468 5370 Οὐ

1889 5392 1997 5465 γὰρ
2024 5391 2224 5463 ὁμοίως
2268 5385 2336 5461 ἦν
2370 5390 2531 5443 αὐτόν
2572 5407 2695 5444 τινα
2729 5392 2857 5462 περὶ
2901 5384 3095 5446 ἑαυτοῦ
3136 5394 3335 5462 λέγειν,
3368 5384 3479 5449 καῖ’

1888 5474 2078 5542 ἕτερον
2109 5470 2240 5541 περὶ
2267 5468 2456 5522 αὐτοῦ.
2489 5468 2592 5522 Τὸν
2622 5470 2721 5539 μὲν
2740 5469 2848 5539 γάρ
2869 5472 3099 5541 Χριστὸν
3126 5473 3381 5543 ἐνόμισαν
3398 5475 3468 5528 ἂν

1887 5551 2174 5620 φιλαυτίας
2222 5548 2410 5601 ἕνεκεν
2454 5546 2627 5601 ταῦτα
2664 5549 2924 5612 πολλάκις
2973 5549 3308 5618 φθέγγεσθαι
3367 5555 3475 5608 καὶ

1886 5630 2276 5700 κομπάζειν’ὁ
2328 5628 2386 5681 δὲ
2446 5627 2699 5698 Ἰωάννης
2745 5627 2949 5697 ταύτης
2996 5630 3312 5700 ἀπήλλακτο
3365 5632 3468 5702 τῆς

1885 5710 2140 5778 ὑποψίας.
2170 5709 2232 5761 El
2255 5708 2311 5761 δὲ
2341 5706 2477 5779 μετά
2501 5706 2676 5761 ταῦτα
2703 5708 2841 5760 καὶὸ
2868 5708 3099 5778 Χριστὸς
3122 5708 3468 5783 σφοδροτέρῳ

1876 5790 2147 5860 κέχρηται
2178 5787 2341 5857 λόγῳ,
2371 5785 2487 5842 ἀλλ’
2513 5787 2603 5839 ὅτε
2636 5786 2884 5858 μεγάλην
2904 5786 3002 5856 τὴν
3035 5791 3166 5861 περὶ
3191 5791 3356 5845 αὐτοῦ
3388 5792 3471 5845 δό-

1945 5927 1967 5954 θ
1994 5924 2165 5974 Morel.
2188 5925 2322 5973 οὐδὲν
2346 5924 2475 5985 αὑτῷ
2493 5924 2635 5973 πλέον
2657 5925 2752 5973 ἀπὸ
2773 5931 2855 5983 τῆς
2876 5923 3083 5985 πίστεως
3102 5929 3256 5979 ἔσται,
3327 5927 3346 5968 ι
3377 5930 3471 5981 ς.-

1878 5984 1972 6050 γῑι.
1999 5988 2360 6050 καθαρωτάτης.
2423 5984 2458 6023 8⁷
2490 5988 2639 6050 SM".
2687 5990 2768 6034 τὸν
2812 5990 2949 6047 λόγον
3001 5993 3268 6050 συντίθησιν
3317 5992 3472 6045 οὕτω.

1879 6048 1906 6084 h
1944 6048 2076 6098 Savil
2119 6047 2262 6095 τοῦτο
2286 6049 2473 6105 ἐδήλου.
2503 6047 2611 6097 Mox
2641 6050 2769 6098 idem
2795 6052 2858 6111 μὴ
2886 6050 3070 6105 ἕπηται.
