  <div class='ocr_page' id='page_1' title='image "/cluster/home/n/w/nwhite01/storage/ocr_20150623/59/nnc1.0046979891/173.png"; bbox 0 0 4094 6370; ppageno 0'>
   <div class='ocr_carea' id='block_1_1' title="bbox 587 487 2164 568">
    <p class='ocr_par' dir='ltr' id='par_1_1' title="bbox 587 487 2164 568">
     <span class='ocr_line' id='line_1_1' title="bbox 587 487 2164 568; baseline -0.01 -14"><span class='ocrx_word' id='word_1_1' title='bbox 587 503 687 567; x_wconf 83' lang='grc' dir='ltr'>ξαν</span> <span class='ocrx_word' id='word_1_2' title='bbox 726 500 884 568; x_wconf 75' lang='grc' dir='ltr'>ἔσχον</span> <span class='ocrx_word' id='word_1_3' title='bbox 930 496 1132 550; x_wconf 91' lang='grc' dir='ltr'>λοιπόν.</span> <span class='ocrx_word' id='word_1_4' title='bbox 1178 494 1271 558; x_wconf 86' lang='grc' dir='ltr'>Ὠς</span> <span class='ocrx_word' id='word_1_5' title='bbox 1320 487 1436 546; x_wconf 83' lang='grc' dir='ltr'>οὗν</span> <span class='ocrx_word' id='word_1_6' title='bbox 1476 492 1634 561; x_wconf 71' lang='grc' dir='ltr'>ἔγνω</span> <span class='ocrx_word' id='word_1_7' title='bbox 1685 494 1718 543; x_wconf 84' lang='grc' dir='ltr'><em>ὁ</em></span> <span class='ocrx_word' id='word_1_8' title='bbox 1764 490 2025 558; x_wconf 85' lang='grc' dir='ltr'>Ἰησοῦς,</span> <span class='ocrx_word' id='word_1_9' title='bbox 2073 488 2164 540; x_wconf 83' lang='grc' dir='ltr'>ὅτι</span> 
     </span>
    </p>
   </div>
   <div class='ocr_carea' id='block_1_2' title="bbox 588 574 2166 653">
    <p class='ocr_par' dir='ltr' id='par_1_2' title="bbox 588 574 2166 653">
     <span class='ocr_line' id='line_1_2' title="bbox 588 574 2166 653; baseline -0.01 -16"><span class='ocrx_word' id='word_1_10' title='bbox 588 586 869 653; x_wconf 74' lang='grc' dir='ltr'>ἥκουσαν</span> <span class='ocrx_word' id='word_1_11' title='bbox 906 584 958 635; x_wconf 90' lang='grc' dir='ltr'>οί</span> <span class='ocrx_word' id='word_1_12' title='bbox 989 575 1317 646; x_wconf 79' lang='grc' dir='ltr'>Φαρισαῖοι,</span> <span class='ocrx_word' id='word_1_13' title='bbox 1343 575 1433 628; x_wconf 87' lang='grc' dir='ltr'>ὅτι</span> <span class='ocrx_word' id='word_1_14' title='bbox 1484 574 1713 642; x_wconf 83' lang='grc' dir='ltr'>Ἰησοῦς</span> <span class='ocrx_word' id='word_1_15' title='bbox 1743 574 2031 639; x_wconf 81' lang='grc' dir='ltr'>πλείονας</span> <span class='ocrx_word' id='word_1_16' title='bbox 2054 588 2166 640; x_wconf 81' lang='grc' dir='ltr'>μα-</span> 
     </span>
    </p>
   </div>
   <div class='ocr_carea' id='block_1_3' title="bbox 588 656 2162 733">
    <p class='ocr_par' dir='ltr' id='par_1_3' title="bbox 588 656 2162 733">
     <span class='ocr_line' id='line_1_3' title="bbox 588 656 2162 733; baseline -0.009 -13"><span class='ocrx_word' id='word_1_17' title='bbox 588 666 773 733; x_wconf 77' lang='grc' dir='ltr'>θητὰς</span> <span class='ocrx_word' id='word_1_18' title='bbox 821 663 981 716; x_wconf 84' lang='grc' dir='ltr'>ποιεῖ</span> <span class='ocrx_word' id='word_1_19' title='bbox 1015 662 1112 715; x_wconf 78' lang='grc' dir='ltr'>καί</span> <span class='ocrx_word' id='word_1_20' title='bbox 1140 658 1412 724; x_wconf 80' lang='grc' dir='ltr'>,βαπτίζει</span> <span class='ocrx_word' id='word_1_21' title='bbox 1444 657 1484 726; x_wconf 81' lang='grc' dir='ltr'><em>ἢ</em></span> <span class='ocrx_word' id='word_1_22' title='bbox 1531 656 1802 723; x_wconf 75' lang='grc' dir='ltr'>Ἰωάννης</span> <span class='ocrx_word' id='word_1_23' title='bbox 1834 656 2045 723; x_wconf 84' lang='grc' dir='ltr'>(καίτοι</span> <span class='ocrx_word' id='word_1_24' title='bbox 2096 671 2162 722; x_wconf 76' lang='grc' dir='ltr'>γε</span> 
     </span>
    </p>
   </div>
   <div class='ocr_carea' id='block_1_4' title="bbox 595 739 2164 813">
    <p class='ocr_par' dir='ltr' id='par_1_4' title="bbox 595 739 2164 813">
     <span class='ocr_line' id='line_1_4' title="bbox 595 739 2164 813; baseline -0.008 -10"><span class='ocrx_word' id='word_1_25' title='bbox 595 750 782 811; x_wconf 77' lang='grc' dir='ltr'>αὐτὸς</span> <span class='ocrx_word' id='word_1_26' title='bbox 817 751 850 800; x_wconf 86' lang='grc' dir='ltr'>ό</span> <span class='ocrx_word' id='word_1_27' title='bbox 901 745 1133 813; x_wconf 81' lang='grc' dir='ltr'>Ἰησοῦς</span> <span class='ocrx_word' id='word_1_28' title='bbox 1165 746 1276 797; x_wconf 84' lang='grc' dir='ltr'>οὐκ</span> <span class='ocrx_word' id='word_1_29' title='bbox 1305 741 1632 805; x_wconf 77' lang='grc' dir='ltr'>ἐϐάπτιζεν,</span> <span class='ocrx_word' id='word_1_30' title='bbox 1662 742 1803 794; x_wconf 76' lang='grc' dir='ltr'>ἀλλ’</span> <span class='ocrx_word' id='word_1_31' title='bbox 1829 744 1883 794; x_wconf 87' lang='grc' dir='ltr'>οί</span> <span class='ocrx_word' id='word_1_32' title='bbox 1912 739 2164 808; x_wconf 81' lang='grc' dir='ltr'>μαθηταὶ</span> 
     </span>
    </p>
   </div>
   <div class='ocr_carea' id='block_1_5' title="bbox 587 820 2170 900">
    <p class='ocr_par' dir='ltr' id='par_1_5' title="bbox 587 820 2170 900">
     <span class='ocr_line' id='line_1_5' title="bbox 587 820 2170 900; baseline -0.006 -15"><span class='ocrx_word' id='word_1_33' title='bbox 587 831 819 900; x_wconf 78' lang='grc' dir='ltr'>αὐτοῦ),</span> <span class='ocrx_word' id='word_1_34' title='bbox 843 827 1228 897; x_wconf 79' lang='grc' dir='ltr'>ἀνεχώρησεν</span> <span class='ocrx_word' id='word_1_35' title='bbox 1241 826 1361 881; x_wconf 77' lang='grc' dir='ltr'>ἀπὸ</span> <span class='ocrx_word' id='word_1_36' title='bbox 1387 824 1499 894; x_wconf 80' lang='grc' dir='ltr'>τῆς</span> <span class='ocrx_word' id='word_1_37' title='bbox 1533 824 1837 890; x_wconf 79' lang='grc' dir='ltr'>Ἰουδαίας,</span> <span class='ocrx_word' id='word_1_38' title='bbox 1861 825 1959 877; x_wconf 83' lang='grc' dir='ltr'>καί</span> <span class='ocrx_word' id='word_1_39' title='bbox 1984 820 2170 894; x_wconf 75' lang='grc' dir='ltr'>ἦλθεν</span> 
     </span>
    </p>
   </div>
   <div class='ocr_carea' id='block_1_6' title="bbox 587 904 2163 981">
    <p class='ocr_par' dir='ltr' id='par_1_6' title="bbox 587 904 2163 981">
     <span class='ocr_line' id='line_1_6' title="bbox 587 904 2163 981; baseline -0.007 -13"><span class='ocrx_word' id='word_1_40' title='bbox 587 918 677 979; x_wconf 82' lang='grc' dir='ltr'>εἰς</span> <span class='ocrx_word' id='word_1_41' title='bbox 711 913 827 981; x_wconf 78' lang='grc' dir='ltr'>τὴν</span> <span class='ocrx_word' id='word_1_42' title='bbox 859 912 1218 966; x_wconf 79' lang='grc' dir='ltr'>Γαλιλαίαν.</span> <span class='ocrx_word' id='word_1_43' title='bbox 1252 910 1421 974; x_wconf 84' lang='grc' dir='ltr'>Αὐτὸς</span> <span class='ocrx_word' id='word_1_44' title='bbox 1465 910 1562 979; x_wconf 86' lang='grc' dir='ltr'>μὲν</span> <span class='ocrx_word' id='word_1_45' title='bbox 1588 904 1682 961; x_wconf 79' lang='grc' dir='ltr'>οὖν</span> <span class='ocrx_word' id='word_1_46' title='bbox 1712 909 1813 961; x_wconf 88' lang='grc' dir='ltr'>οὑκ</span> <span class='ocrx_word' id='word_1_47' title='bbox 1848 907 2163 970; x_wconf 76' lang='grc' dir='ltr'>ἐϐάπτιζεν,</span> 
     </span>
    </p>
   </div>
   <div class='ocr_carea' id='block_1_7' title="bbox 588 990 2168 1064">
    <p class='ocr_par' dir='ltr' id='par_1_7' title="bbox 588 990 2168 1064">
     <span class='ocr_line' id='line_1_7' title="bbox 588 990 2168 1064; baseline -0.004 -16"><span class='ocrx_word' id='word_1_48' title='bbox 588 999 637 1049; x_wconf 85' lang='grc' dir='ltr'>οἱ</span> <span class='ocrx_word' id='word_1_49' title='bbox 655 998 710 1049; x_wconf 86' lang='grc' dir='ltr'>δὲ</span> <span class='ocrx_word' id='word_1_50' title='bbox 724 995 1178 1064; x_wconf 86' lang='grc' dir='ltr'>ἀπαγγέλλοντες,</span> <span class='ocrx_word' id='word_1_51' title='bbox 1202 993 1358 1064; x_wconf 86' lang='grc' dir='ltr'>βουλό</span> <span class='ocrx_word' id='word_1_52' title='bbox 1366 1010 1515 1063; x_wconf 89' lang='grc' dir='ltr'>μενοι</span> <span class='ocrx_word' id='word_1_53' title='bbox 1527 993 1787 1061; x_wconf 85' lang='grc' dir='ltr'>διεγεῖραι</span> <span class='ocrx_word' id='word_1_54' title='bbox 1809 992 1933 1053; x_wconf 80' lang='grc' dir='ltr'>τοὺς</span> <span class='ocrx_word' id='word_1_55' title='bbox 1945 990 2168 1043; x_wconf 86' lang='grc' dir='ltr'>ἀκούον-</span> 
     </span>
    </p>
   </div>
   <div class='ocr_carea' id='block_1_8' title="bbox 587 1071 2163 1150">
    <p class='ocr_par' dir='ltr' id='par_1_8' title="bbox 587 1071 2163 1150">
     <span class='ocr_line' id='line_1_8' title="bbox 587 1071 2163 1150; baseline -0.004 -16"><span class='ocrx_word' id='word_1_56' title='bbox 587 1099 690 1141; x_wconf 85' lang='grc' dir='ltr'>τας</span> <span class='ocrx_word' id='word_1_57' title='bbox 723 1082 803 1144; x_wconf 86' lang='grc' dir='ltr'>εἰς</span> <span class='ocrx_word' id='word_1_58' title='bbox 836 1082 1053 1150; x_wconf 81' lang='grc' dir='ltr'>φθόνον,</span> <span class='ocrx_word' id='word_1_59' title='bbox 1093 1078 1265 1142; x_wconf 79' lang='grc' dir='ltr'>οὕτως</span> <span class='ocrx_word' id='word_1_60' title='bbox 1314 1078 1678 1149; x_wconf 87' lang='grc' dir='ltr'>ἀπήγγελλον.</span> <span class='ocrx_word' id='word_1_61' title='bbox 1711 1077 1776 1129; x_wconf 90' lang='grc' dir='ltr'>Τί</span> <span class='ocrx_word' id='word_1_62' title='bbox 1810 1077 2013 1148; x_wconf 88' lang='grc' dir='ltr'>δήποτε</span> <span class='ocrx_word' id='word_1_63' title='bbox 2050 1071 2163 1141; x_wconf 79' lang='grc' dir='ltr'>οὖν,</span> 
     </span>
    </p>
   </div>
   <div class='ocr_carea' id='block_1_9' title="bbox 590 1159 2166 1234">
    <p class='ocr_par' dir='ltr' id='par_1_9' title="bbox 590 1159 2166 1234">
     <span class='ocr_line' id='line_1_9' title="bbox 590 1159 2166 1234; baseline -0.003 -18"><span class='ocrx_word' id='word_1_64' title='bbox 590 1166 780 1234; x_wconf 75' lang='grc' dir='ltr'>φησὶν,</span> <span class='ocrx_word' id='word_1_65' title='bbox 811 1162 1077 1234; x_wconf 83' lang='grc' dir='ltr'>ἀνεχώρει</span> <span class='ocrx_word' id='word_1_66' title='bbox 1107 1175 1169 1226; x_wconf 71' lang='grc' dir='ltr'>εις</span> <span class='ocrx_word' id='word_1_67' title='bbox 1197 1163 1270 1215; x_wconf 88' lang='grc' dir='ltr'>Οὑ</span> <span class='ocrx_word' id='word_1_68' title='bbox 1300 1161 1504 1225; x_wconf 77' lang='grc' dir='ltr'>δειλίας</span> <span class='ocrx_word' id='word_1_69' title='bbox 1524 1162 1729 1225; x_wconf 74' lang='grc' dir='ltr'>ἕνεκεν,</span> <span class='ocrx_word' id='word_1_70' title='bbox 1751 1159 2166 1213; x_wconf 82' lang='grc' dir='ltr'>ἀλλ’ὲκκόπτων</span> 
     </span>
    </p>
   </div>
   <div class='ocr_carea' id='block_1_10' title="bbox 590 1241 2167 1320">
    <p class='ocr_par' dir='ltr' id='par_1_10' title="bbox 590 1241 2167 1320">
     <span class='ocr_line' id='line_1_10' title="bbox 590 1241 2167 1320; baseline -0.005 -18"><span class='ocrx_word' id='word_1_71' title='bbox 590 1249 772 1302; x_wconf 84' lang='grc' dir='ltr'>αὑτῶν</span> <span class='ocrx_word' id='word_1_72' title='bbox 797 1249 897 1320; x_wconf 84' lang='grc' dir='ltr'>τὴν</span> <span class='ocrx_word' id='word_1_73' title='bbox 934 1247 1255 1317; x_wconf 79' lang='grc' dir='ltr'>βασκανίαν,</span> <span class='ocrx_word' id='word_1_74' title='bbox 1293 1248 1389 1298; x_wconf 76' lang='grc' dir='ltr'>καὶ</span> <span class='ocrx_word' id='word_1_75' title='bbox 1407 1244 1901 1316; x_wconf 89' lang='grc' dir='ltr'>παραμυθούμενος</span> <span class='ocrx_word' id='word_1_76' title='bbox 1921 1242 2012 1295; x_wconf 83' lang='grc' dir='ltr'>τὸν</span> <span class='ocrx_word' id='word_1_77' title='bbox 2032 1241 2167 1311; x_wconf 82' lang='grc' dir='ltr'>-φθό-</span> 
     </span>
    </p>
   </div>
   <div class='ocr_carea' id='block_1_11' title="bbox 590 1324 2161 1401">
    <p class='ocr_par' dir='ltr' id='par_1_11' title="bbox 590 1324 2161 1401">
     <span class='ocr_line' id='line_1_11' title="bbox 590 1324 2161 1401; baseline -0.006 -16"><span class='ocrx_word' id='word_1_78' title='bbox 590 1348 702 1386; x_wconf 90' lang='grc' dir='ltr'>νον.</span> <span class='ocrx_word' id='word_1_79' title='bbox 740 1330 975 1392; x_wconf 85' lang='grc' dir='ltr'>Δυνατὸς</span> <span class='ocrx_word' id='word_1_80' title='bbox 1009 1330 1107 1401; x_wconf 82' lang='grc' dir='ltr'>μὲν</span> <span class='ocrx_word' id='word_1_81' title='bbox 1150 1330 1260 1400; x_wconf 83' lang='grc' dir='ltr'>γάρ</span> <span class='ocrx_word' id='word_1_82' title='bbox 1289 1324 1358 1399; x_wconf 76' lang='grc' dir='ltr'>ἦν</span> <span class='ocrx_word' id='word_1_83' title='bbox 1401 1331 1496 1381; x_wconf 75' lang='grc' dir='ltr'>καὶ</span> <span class='ocrx_word' id='word_1_84' title='bbox 1536 1326 1859 1389; x_wconf 82' lang='grc' dir='ltr'>ἐπελθόντας</span> <span class='ocrx_word' id='word_1_85' title='bbox 1899 1326 2161 1394; x_wconf 86' lang='grc' dir='ltr'>ἐπισχεῖν,</span> 
     </span>
    </p>
   </div>
   <div class='ocr_carea' id='block_1_12' title="bbox 591 1406 2162 1480">
    <p class='ocr_par' dir='ltr' id='par_1_12' title="bbox 591 1406 2162 1480">
     <span class='ocr_line' id='line_1_12' title="bbox 591 1406 2162 1480; baseline -0.006 -12"><span class='ocrx_word' id='word_1_86' title='bbox 591 1414 708 1468; x_wconf 87' lang='grc' dir='ltr'>ἀλλ’</span> <span class='ocrx_word' id='word_1_87' title='bbox 758 1415 860 1466; x_wconf 88' lang='grc' dir='ltr'>οὑκ</span> <span class='ocrx_word' id='word_1_88' title='bbox 906 1412 1155 1465; x_wconf 87' lang='grc' dir='ltr'>ἐϐούλετο</span> <span class='ocrx_word' id='word_1_89' title='bbox 1196 1411 1435 1480; x_wconf 88' lang='grc' dir='ltr'>συνεχῶς</span> <span class='ocrx_word' id='word_1_90' title='bbox 1485 1409 1641 1463; x_wconf 82' lang='grc' dir='ltr'>τοῦτο</span> <span class='ocrx_word' id='word_1_91' title='bbox 1676 1411 1870 1473; x_wconf 84' lang='grc' dir='ltr'>ποιεῖν,</span> <span class='ocrx_word' id='word_1_92' title='bbox 1899 1406 2038 1463; x_wconf 79' lang='grc' dir='ltr'>ὥστε</span> <span class='ocrx_word' id='word_1_93' title='bbox 2087 1407 2162 1477; x_wconf 82' lang='grc' dir='ltr'>μὴ</span> 
     </span>
    </p>
   </div>
   <div class='ocr_carea' id='block_1_13' title="bbox 589 1493 2162 1567">
    <p class='ocr_par' dir='ltr' id='par_1_13' title="bbox 589 1493 2162 1567">
     <span class='ocr_line' id='line_1_13' title="bbox 589 1493 2162 1567; baseline -0.008 -15"><span class='ocrx_word' id='word_1_94' title='bbox 589 1497 939 1552; x_wconf 85' lang='grc' dir='ltr'>ἀπιστεῖσθαι</span> <span class='ocrx_word' id='word_1_95' title='bbox 968 1496 1067 1567; x_wconf 87' lang='grc' dir='ltr'>τῆς</span> <span class='ocrx_word' id='word_1_96' title='bbox 1098 1495 1301 1565; x_wconf 83' lang='grc' dir='ltr'>σαρκὸς</span> <span class='ocrx_word' id='word_1_97' title='bbox 1326 1495 1423 1567; x_wconf 85' lang='grc' dir='ltr'>τὴν</span> <span class='ocrx_word' id='word_1_98' title='bbox 1449 1493 1782 1563; x_wconf 88' lang='grc' dir='ltr'>οἰκονομίαν.</span> <span class='ocrx_word' id='word_1_99' title='bbox 1806 1494 1869 1545; x_wconf 72' lang='lat' dir='ltr'>El</span> <span class='ocrx_word' id='word_1_100' title='bbox 1901 1495 2011 1562; x_wconf 79' lang='grc' dir='ltr'>γὰρ</span> <span class='ocrx_word' id='word_1_101' title='bbox 2034 1508 2162 1542; x_wconf 90' lang='grc' dir='ltr'>συν-</span> 
     </span>
    </p>
   </div>
   <div class='ocr_carea' id='block_1_14' title="bbox 589 1572 2161 1651">
    <p class='ocr_par' dir='ltr' id='par_1_14' title="bbox 589 1572 2161 1651">
     <span class='ocr_line' id='line_1_14' title="bbox 589 1572 2161 1651; baseline -0.005 -18"><span class='ocrx_word' id='word_1_102' title='bbox 589 1581 731 1651; x_wconf 86' lang='grc' dir='ltr'>εχῶς</span> <span class='ocrx_word' id='word_1_103' title='bbox 779 1579 1148 1650; x_wconf 79' lang='grc' dir='ltr'>κρατούμενος</span> <span class='ocrx_word' id='word_1_104' title='bbox 1186 1578 1459 1647; x_wconf 78' lang='grc' dir='ltr'>διέφευγε,</span> <span class='ocrx_word' id='word_1_105' title='bbox 1509 1576 1667 1628; x_wconf 83' lang='grc' dir='ltr'>τοῦτο</span> <span class='ocrx_word' id='word_1_106' title='bbox 1713 1576 1779 1629; x_wconf 85' lang='grc' dir='ltr'>ἂν</span> <span class='ocrx_word' id='word_1_107' title='bbox 1829 1572 2161 1642; x_wconf 81' lang='grc' dir='ltr'>ὑπωπτεύθη</span> 
     </span>
    </p>
   </div>
   <div class='ocr_carea' id='block_1_15' title="bbox 590 1656 2163 1735">
    <p class='ocr_par' dir='ltr' id='par_1_15' title="bbox 590 1656 2163 1735">
     <span class='ocr_line' id='line_1_15' title="bbox 590 1656 2163 1735; baseline -0.007 -16"><span class='ocrx_word' id='word_1_108' title='bbox 590 1664 745 1735; x_wconf 86' lang='grc' dir='ltr'>παρά</span> <span class='ocrx_word' id='word_1_109' title='bbox 777 1663 1013 1727; x_wconf 87' lang='grc' dir='ltr'>πολλοῖς.</span> <span class='ocrx_word' id='word_1_110' title='bbox 1041 1664 1139 1716; x_wconf 83' lang='grc' dir='ltr'>Διά</span> <span class='ocrx_word' id='word_1_111' title='bbox 1168 1679 1249 1715; x_wconf 92' lang='grc' dir='ltr'>τοι</span> <span class='ocrx_word' id='word_1_112' title='bbox 1283 1660 1441 1715; x_wconf 85' lang='grc' dir='ltr'>τοῦτο</span> <span class='ocrx_word' id='word_1_113' title='bbox 1462 1660 1531 1712; x_wconf 86' lang='grc' dir='ltr'>τὰ</span> <span class='ocrx_word' id='word_1_114' title='bbox 1555 1658 1723 1713; x_wconf 82' lang='grc' dir='ltr'>πολλὰ</span> <span class='ocrx_word' id='word_1_115' title='bbox 1748 1656 2163 1731; x_wconf 85' lang='grc' dir='ltr'>ἀνθρωπινώτε-</span> 
     </span>
    </p>
   </div>
   <div class='ocr_carea' id='block_1_16' title="bbox 594 1740 2163 1817">
    <p class='ocr_par' dir='ltr' id='par_1_16' title="bbox 594 1740 2163 1817">
     <span class='ocr_line' id='line_1_16' title="bbox 594 1740 2163 1817; baseline -0.004 -18"><span class='ocrx_word' id='word_1_116' title='bbox 594 1765 685 1817; x_wconf 90' lang='grc' dir='ltr'>ρον</span> <span class='ocrx_word' id='word_1_117' title='bbox 712 1747 1004 1816; x_wconf 85' lang='grc' dir='ltr'>ᾠκονόμει.</span> <span class='ocrx_word' id='word_1_118' title='bbox 1040 1746 1249 1816; x_wconf 81' lang='grc' dir='ltr'>Ὠσπερ</span> <span class='ocrx_word' id='word_1_119' title='bbox 1275 1744 1385 1815; x_wconf 82' lang='grc' dir='ltr'>γάρ</span> <span class='ocrx_word' id='word_1_120' title='bbox 1414 1742 1667 1796; x_wconf 90' lang='grc' dir='ltr'>ἐϐούλετο</span> <span class='ocrx_word' id='word_1_121' title='bbox 1698 1742 2052 1812; x_wconf 83' lang='grc' dir='ltr'>πιστευθῆναι</span> <span class='ocrx_word' id='word_1_122' title='bbox 2080 1740 2163 1792; x_wconf 77' lang='grc' dir='ltr'>ὅτι</span> 
     </span>
    </p>
   </div>
   <div class='ocr_carea' id='block_1_17' title="bbox 588 1822 2165 1902">
    <p class='ocr_par' dir='ltr' id='par_1_17' title="bbox 588 1822 2165 1902">
     <span class='ocr_line' id='line_1_17' title="bbox 588 1822 2165 1902; baseline -0.005 -19"><span class='ocrx_word' id='word_1_123' title='bbox 588 1831 721 1894; x_wconf 83' lang='grc' dir='ltr'>Θεὸς</span> <span class='ocrx_word' id='word_1_124' title='bbox 750 1826 836 1902; x_wconf 83' lang='grc' dir='ltr'>ἦν,</span> <span class='ocrx_word' id='word_1_125' title='bbox 870 1829 1043 1893; x_wconf 76' lang='grc' dir='ltr'>οὕτως</span> <span class='ocrx_word' id='word_1_126' title='bbox 1066 1828 1294 1892; x_wconf 85' lang='grc' dir='ltr'>ὄτιΘεὺς</span> <span class='ocrx_word' id='word_1_127' title='bbox 1319 1827 1415 1891; x_wconf 85' lang='grc' dir='ltr'>ὢν,</span> <span class='ocrx_word' id='word_1_128' title='bbox 1447 1828 1624 1897; x_wconf 81' lang='grc' dir='ltr'>σάρκα</span> <span class='ocrx_word' id='word_1_129' title='bbox 1653 1826 1861 1896; x_wconf 88' lang='grc' dir='ltr'>ἐφόρει.</span> <span class='ocrx_word' id='word_1_130' title='bbox 1886 1826 1984 1877; x_wconf 85' lang='grc' dir='ltr'>Διὰ</span> <span class='ocrx_word' id='word_1_131' title='bbox 2007 1822 2165 1877; x_wconf 81' lang='grc' dir='ltr'>τοῦτο</span> 
     </span>
    </p>
   </div>
   <div class='ocr_carea' id='block_1_18' title="bbox 589 1908 2161 1984">
    <p class='ocr_par' dir='ltr' id='par_1_18' title="bbox 589 1908 2161 1984">
     <span class='ocr_line' id='line_1_18' title="bbox 589 1908 2161 1984; baseline -0.004 -17"><span class='ocrx_word' id='word_1_132' title='bbox 589 1914 686 1968; x_wconf 78' lang='grc' dir='ltr'>καὶ</span> <span class='ocrx_word' id='word_1_133' title='bbox 726 1914 865 1984; x_wconf 80' lang='grc' dir='ltr'>μετά</span> <span class='ocrx_word' id='word_1_134' title='bbox 892 1914 991 1984; x_wconf 83' lang='grc' dir='ltr'>τὴν</span> <span class='ocrx_word' id='word_1_135' title='bbox 1042 1914 1335 1967; x_wconf 83' lang='grc' dir='ltr'>ἀνάστασιν</span> <span class='ocrx_word' id='word_1_136' title='bbox 1384 1912 1518 1983; x_wconf 87' lang='grc' dir='ltr'>πρὸς</span> <span class='ocrx_word' id='word_1_137' title='bbox 1548 1911 1637 1963; x_wconf 82' lang='grc' dir='ltr'>τὸν</span> <span class='ocrx_word' id='word_1_138' title='bbox 1680 1911 1929 1981; x_wconf 85' lang='grc' dir='ltr'>μαθητὴν</span> <span class='ocrx_word' id='word_1_139' title='bbox 1975 1908 2161 1977; x_wconf 77' lang='grc' dir='ltr'>ἔλεγε·</span> 
     </span>
    </p>
   </div>
   <div class='ocr_carea' id='block_1_19' title="bbox 594 1990 2165 2065">
    <p class='ocr_par' dir='ltr' id='par_1_19' title="bbox 594 1990 2165 2065">
     <span class='ocr_line' id='line_1_19' title="bbox 594 1990 2165 2065; baseline -0.004 -14"><span class='ocrx_word' id='word_1_140' title='bbox 594 1998 974 2065; x_wconf 68' lang='grc' dir='ltr'>Ψηλαφησον</span> <span class='ocrx_word' id='word_1_141' title='bbox 999 1998 1095 2049; x_wconf 78' lang='grc' dir='ltr'>καὶ</span> <span class='ocrx_word' id='word_1_142' title='bbox 1133 1996 1242 2058; x_wconf 73' lang='grc' dir='ltr'>ἴδει,</span> <span class='ocrx_word' id='word_1_143' title='bbox 1268 1994 1355 2047; x_wconf 81' lang='grc' dir='ltr'>ὅτι</span> <span class='ocrx_word' id='word_1_144' title='bbox 1383 1994 1619 2062; x_wconf 80' lang='grc' dir='ltr'>πνεῦμα</span> <span class='ocrx_word' id='word_1_145' title='bbox 1644 1994 1843 2061; x_wconf 81' lang='grc' dir='ltr'>σάρκα</span> <span class='ocrx_word' id='word_1_146' title='bbox 1863 1992 1961 2045; x_wconf 79' lang='grc' dir='ltr'>καὶ</span> <span class='ocrx_word' id='word_1_147' title='bbox 1983 1990 2165 2045; x_wconf 77' lang='grc' dir='ltr'>ὀστέα</span> 
     </span>
    </p>
   </div>
   <div class='ocr_carea' id='block_1_20' title="bbox 589 2076 2159 2148">
    <p class='ocr_par' dir='ltr' id='par_1_20' title="bbox 589 2076 2159 2148">
     <span class='ocr_line' id='line_1_20' title="bbox 589 2076 2159 2148; baseline -0.003 -17"><span class='ocrx_word' id='word_1_148' title='bbox 589 2082 702 2132; x_wconf 77' lang='grc' dir='ltr'>οὐκ</span> <span class='ocrx_word' id='word_1_149' title='bbox 727 2081 871 2148; x_wconf 80' lang='grc' dir='ltr'>ἔχει.</span> <span class='ocrx_word' id='word_1_150' title='bbox 895 2078 994 2132; x_wconf 86' lang='grc' dir='ltr'>Διά</span> <span class='ocrx_word' id='word_1_151' title='bbox 1016 2079 1174 2131; x_wconf 83' lang='grc' dir='ltr'>τοῦτο</span> <span class='ocrx_word' id='word_1_152' title='bbox 1207 2079 1302 2131; x_wconf 73' lang='grc' dir='ltr'>καὶ</span> <span class='ocrx_word' id='word_1_153' title='bbox 1333 2077 1525 2148; x_wconf 83' lang='grc' dir='ltr'>Πέτρῳ</span> <span class='ocrx_word' id='word_1_154' title='bbox 1547 2076 1897 2147; x_wconf 79' lang='grc' dir='ltr'>ἐπετίμησεν,</span> <span class='ocrx_word' id='word_1_155' title='bbox 1924 2076 2159 2129; x_wconf 80' lang='grc' dir='ltr'>εἰπόντι·</span> 
     </span>
    </p>
   </div>
   <div class='ocr_carea' id='block_1_21' title="bbox 590 2162 2164 2235">
    <p class='ocr_par' dir='ltr' id='par_1_21' title="bbox 590 2162 2164 2235">
     <span class='ocr_line' id='line_1_21' title="bbox 590 2162 2164 2235; baseline -0.001 -17"><span class='ocrx_word' id='word_1_156' title='bbox 590 2164 789 2230; x_wconf 72' lang='grc' dir='ltr'>Ἵλεώς</span> <span class='ocrx_word' id='word_1_157' title='bbox 822 2181 939 2229; x_wconf 86' lang='grc' dir='ltr'>σοι,</span> <span class='ocrx_word' id='word_1_158' title='bbox 969 2166 1040 2218; x_wconf 89' lang='grc' dir='ltr'>οὐ</span> <span class='ocrx_word' id='word_1_159' title='bbox 1063 2164 1149 2235; x_wconf 76' lang='grc' dir='ltr'>μὴ</span> <span class='ocrx_word' id='word_1_160' title='bbox 1174 2164 1344 2217; x_wconf 78' lang='grc' dir='ltr'>ἔσται</span> <span class='ocrx_word' id='word_1_161' title='bbox 1364 2164 1562 2217; x_wconf 85' lang='grc' dir='ltr'>τοῦτο.</span> <span class='ocrx_word' id='word_1_162' title='bbox 1596 2162 1753 2216; x_wconf 74' lang='grc' dir='ltr'>Οὕτω</span> <span class='ocrx_word' id='word_1_163' title='bbox 1788 2163 1993 2235; x_wconf 89' lang='grc' dir='ltr'>σφόδρα</span> <span class='ocrx_word' id='word_1_164' title='bbox 2013 2162 2164 2235; x_wconf 83' lang='grc' dir='ltr'>αὑτῷ</span> 
     </span>
    </p>
   </div>
   <div class='ocr_carea' id='block_1_22' title="bbox 586 2248 1527 2319">
    <p class='ocr_par' dir='ltr' id='par_1_22' title="bbox 586 2248 1527 2319">
     <span class='ocr_line' id='line_1_22' title="bbox 586 2248 1527 2319; baseline -0.002 -18"><span class='ocrx_word' id='word_1_165' title='bbox 586 2249 651 2301; x_wconf 86' lang='grc' dir='ltr'>τὸ</span> <span class='ocrx_word' id='word_1_166' title='bbox 680 2251 911 2319; x_wconf 82' lang='grc' dir='ltr'>πρᾶγμα</span> <span class='ocrx_word' id='word_1_167' title='bbox 941 2249 1406 2319; x_wconf 88' lang='grc' dir='ltr'>περισπούδαστον</span> <span class='ocrx_word' id='word_1_168' title='bbox 1437 2248 1527 2319; x_wconf 77' lang='grc' dir='ltr'>ῆν.</span> 
     </span>
    </p>
   </div>
   <div class='ocr_carea' id='block_1_23' title="bbox 664 2329 2165 2403">
    <p class='ocr_par' dir='ltr' id='par_1_23' title="bbox 664 2329 2165 2403">
     <span class='ocr_line' id='line_1_23' title="bbox 664 2329 2165 2403; baseline -0.003 -16"><span class='ocrx_word' id='word_1_169' title='bbox 664 2333 729 2403; x_wconf 88' lang='grc' dir='ltr'>β’.</span> <span class='ocrx_word' id='word_1_170' title='bbox 747 2333 895 2385; x_wconf 79' lang='grc' dir='ltr'>Ἐπεὶ</span> <span class='ocrx_word' id='word_1_171' title='bbox 908 2332 1120 2385; x_wconf 78' lang='grc' dir='ltr'>καὶτῶν</span> <span class='ocrx_word' id='word_1_172' title='bbox 1135 2332 1235 2401; x_wconf 90' lang='grc' dir='ltr'>τῆς</span> <span class='ocrx_word' id='word_1_173' title='bbox 1250 2330 1576 2400; x_wconf 85' lang='grc' dir='ltr'>Ἐκκλησίας</span> <span class='ocrx_word' id='word_1_174' title='bbox 1587 2329 1871 2400; x_wconf 82' lang='grc' dir='ltr'>δογμάτων</span> <span class='ocrx_word' id='word_1_175' title='bbox 1887 2329 1949 2382; x_wconf 90' lang='grc' dir='ltr'>οὑ</span> <span class='ocrx_word' id='word_1_176' title='bbox 1968 2329 2165 2401; x_wconf 84' lang='grc' dir='ltr'>μικρὸν</span> 
     </span>
    </p>
   </div>
   <div class='ocr_carea' id='block_1_24' title="bbox 590 2413 2163 2488">
    <p class='ocr_par' dir='ltr' id='par_1_24' title="bbox 590 2413 2163 2488">
     <span class='ocr_line' id='line_1_24' title="bbox 590 2413 2163 2488; baseline -0.001 -18"><span class='ocrx_word' id='word_1_177' title='bbox 590 2418 751 2471; x_wconf 77' lang='grc' dir='ltr'>τοῦτο</span> <span class='ocrx_word' id='word_1_178' title='bbox 776 2418 841 2469; x_wconf 83' lang='grc' dir='ltr'>τὸ</span> <span class='ocrx_word' id='word_1_179' title='bbox 868 2416 1034 2488; x_wconf 80' lang='grc' dir='ltr'>μέρος</span> <span class='ocrx_word' id='word_1_180' title='bbox 1060 2417 1197 2479; x_wconf 74' lang='grc' dir='ltr'>ἐστὶ,</span> <span class='ocrx_word' id='word_1_181' title='bbox 1232 2415 1328 2469; x_wconf 77' lang='grc' dir='ltr'>καὶ</span> <span class='ocrx_word' id='word_1_182' title='bbox 1355 2415 1455 2485; x_wconf 88' lang='grc' dir='ltr'>τῆς</span> <span class='ocrx_word' id='word_1_183' title='bbox 1482 2415 1511 2455; x_wconf 74' lang='lat' dir='ltr'><strong>b</strong></span> <span class='ocrx_word' id='word_1_184' title='bbox 1540 2415 1680 2483; x_wconf 86' lang='grc' dir='ltr'>ὑπὲρ</span> <span class='ocrx_word' id='word_1_185' title='bbox 1704 2413 1861 2484; x_wconf 82' lang='grc' dir='ltr'>ἡμῶν</span> <span class='ocrx_word' id='word_1_186' title='bbox 1890 2416 2163 2485; x_wconf 79' lang='grc' dir='ltr'>σωτηρίας</span> 
     </span>
    </p>
   </div>
   <div class='ocr_carea' id='block_1_25' title="bbox 590 2492 2165 2568">
    <p class='ocr_par' dir='ltr' id='par_1_25' title="bbox 590 2492 2165 2568">
     <span class='ocr_line' id='line_1_25' title="bbox 590 2492 2165 2568; baseline -0.001 -15"><span class='ocrx_word' id='word_1_187' title='bbox 590 2500 655 2553; x_wconf 74' lang='grc' dir='ltr'>τὸ</span> <span class='ocrx_word' id='word_1_188' title='bbox 681 2500 975 2568; x_wconf 85' lang='grc' dir='ltr'>κεφάλαιον</span> <span class='ocrx_word' id='word_1_189' title='bbox 1002 2498 1183 2560; x_wconf 85' lang='grc' dir='ltr'>τοῦτο,</span> <span class='ocrx_word' id='word_1_190' title='bbox 1222 2498 1314 2550; x_wconf 63' lang='grc' dir='ltr'>κα)⁵</span> <span class='ocrx_word' id='word_1_191' title='bbox 1348 2497 1416 2551; x_wconf 89' lang='grc' dir='ltr'>δι’</span> <span class='ocrx_word' id='word_1_192' title='bbox 1447 2492 1509 2551; x_wconf 72' lang='grc' dir='ltr'>οὗ</span> <span class='ocrx_word' id='word_1_193' title='bbox 1538 2497 1718 2550; x_wconf 89' lang='grc' dir='ltr'>πάντα</span> <span class='ocrx_word' id='word_1_194' title='bbox 1748 2495 2038 2567; x_wconf 90' lang='grc' dir='ltr'>γεγένηται</span> <span class='ocrx_word' id='word_1_195' title='bbox 2072 2498 2165 2551; x_wconf 72' lang='grc' dir='ltr'>καὶ</span> 
     </span>
    </p>
   </div>
   <div class='ocr_carea' id='block_1_26' title="bbox 592 2580 2165 2653">
    <p class='ocr_par' dir='ltr' id='par_1_26' title="bbox 592 2580 2165 2653">
     <span class='ocr_line' id='line_1_26' title="bbox 592 2580 2165 2653; baseline -0.003 -16"><span class='ocrx_word' id='word_1_196' title='bbox 592 2582 970 2652; x_wconf 75' lang='grc' dir='ltr'>κατώρθωται.</span> <span class='ocrx_word' id='word_1_197' title='bbox 991 2582 1147 2635; x_wconf 80' lang='grc' dir='ltr'>Οὕτω</span> <span class='ocrx_word' id='word_1_198' title='bbox 1166 2581 1276 2653; x_wconf 80' lang='grc' dir='ltr'>γὰρ</span> <span class='ocrx_word' id='word_1_199' title='bbox 1303 2581 1395 2636; x_wconf 73' lang='grc' dir='ltr'>καὶ</span> <span class='ocrx_word' id='word_1_200' title='bbox 1422 2580 1649 2643; x_wconf 88' lang='grc' dir='ltr'>θάνατος</span> <span class='ocrx_word' id='word_1_201' title='bbox 1667 2580 1853 2650; x_wconf 85' lang='grc' dir='ltr'>ἐλύθη,</span> <span class='ocrx_word' id='word_1_202' title='bbox 1876 2581 1970 2635; x_wconf 79' lang='grc' dir='ltr'>καὶ</span> <span class='ocrx_word' id='word_1_203' title='bbox 1983 2581 2165 2652; x_wconf 86' lang='grc' dir='ltr'>ἀμαρ-</span> 
     </span>
    </p>
   </div>
   <div class='ocr_carea' id='block_1_27' title="bbox 588 2663 2166 2737">
    <p class='ocr_par' dir='ltr' id='par_1_27' title="bbox 588 2663 2166 2737">
     <span class='ocr_line' id='line_1_27' title="bbox 588 2663 2166 2737; baseline -0.002 -16"><span class='ocrx_word' id='word_1_204' title='bbox 588 2667 681 2721; x_wconf 78' lang='grc' dir='ltr'>τία</span> <span class='ocrx_word' id='word_1_205' title='bbox 729 2664 991 2737; x_wconf 78' lang='grc' dir='ltr'>ἀνῃρέθη,</span> <span class='ocrx_word' id='word_1_206' title='bbox 1043 2666 1138 2718; x_wconf 80' lang='grc' dir='ltr'>καὶ</span> <span class='ocrx_word' id='word_1_207' title='bbox 1177 2666 1393 2735; x_wconf 83' lang='grc' dir='ltr'>κατάρα</span> <span class='ocrx_word' id='word_1_208' title='bbox 1423 2663 1718 2734; x_wconf 79' lang='grc' dir='ltr'>ἠφανίσθη,</span> <span class='ocrx_word' id='word_1_209' title='bbox 1770 2664 1863 2716; x_wconf 78' lang='grc' dir='ltr'>καὶ</span> <span class='ocrx_word' id='word_1_210' title='bbox 1894 2664 1962 2716; x_wconf 83' lang='grc' dir='ltr'>τὰ</span> <span class='ocrx_word' id='word_1_211' title='bbox 1996 2663 2166 2734; x_wconf 87' lang='grc' dir='ltr'>μυρία</span> 
     </span>
    </p>
   </div>
   <div class='ocr_carea' id='block_1_28' title="bbox 591 2746 2164 2819">
    <p class='ocr_par' dir='ltr' id='par_1_28' title="bbox 591 2746 2164 2819">
     <span class='ocr_line' id='line_1_28' title="bbox 591 2746 2164 2819; baseline 0 -18"><span class='ocrx_word' id='word_1_212' title='bbox 591 2749 838 2819; x_wconf 85' lang='grc' dir='ltr'>εἰσῆλθεν</span> <span class='ocrx_word' id='word_1_213' title='bbox 860 2748 939 2811; x_wconf 85' lang='grc' dir='ltr'>εἰς</span> <span class='ocrx_word' id='word_1_214' title='bbox 959 2747 1050 2800; x_wconf 85' lang='grc' dir='ltr'>τὸν</span> <span class='ocrx_word' id='word_1_215' title='bbox 1075 2748 1187 2817; x_wconf 90' lang='grc' dir='ltr'>βίον</span> <span class='ocrx_word' id='word_1_216' title='bbox 1216 2747 1371 2817; x_wconf 84' lang='grc' dir='ltr'>ὴμῶν</span> <span class='ocrx_word' id='word_1_217' title='bbox 1396 2747 1596 2814; x_wconf 82' lang='grc' dir='ltr'>ἀγαθά.</span> <span class='ocrx_word' id='word_1_218' title='bbox 1630 2747 1720 2800; x_wconf 87' lang='grc' dir='ltr'>Διὸ</span> <span class='ocrx_word' id='word_1_219' title='bbox 1745 2746 1981 2817; x_wconf 89' lang='grc' dir='ltr'>μάλιστα</span> <span class='ocrx_word' id='word_1_220' title='bbox 2012 2746 2164 2801; x_wconf 85' lang='grc' dir='ltr'>ἐϐού-</span> 
     </span>
    </p>
   </div>
   <div class='ocr_carea' id='block_1_29' title="bbox 588 2830 2167 2901">
    <p class='ocr_par' dir='ltr' id='par_1_29' title="bbox 588 2830 2167 2901">
     <span class='ocr_line' id='line_1_29' title="bbox 588 2830 2167 2901; baseline -0.001 -18"><span class='ocrx_word' id='word_1_221' title='bbox 588 2831 711 2883; x_wconf 78' lang='grc' dir='ltr'>λετο</span> <span class='ocrx_word' id='word_1_222' title='bbox 745 2830 1094 2883; x_wconf 85' lang='grc' dir='ltr'>πιστεύεσθαι</span> <span class='ocrx_word' id='word_1_223' title='bbox 1119 2831 1218 2901; x_wconf 82' lang='grc' dir='ltr'>τὴν</span> <span class='ocrx_word' id='word_1_224' title='bbox 1239 2831 1570 2900; x_wconf 89' lang='grc' dir='ltr'>οἰκονομίαν,</span> <span class='ocrx_word' id='word_1_225' title='bbox 1600 2830 1699 2899; x_wconf 82' lang='grc' dir='ltr'>τὴν</span> <span class='ocrx_word' id='word_1_226' title='bbox 1740 2830 1898 2899; x_wconf 79' lang='grc' dir='ltr'>ῥίζαν</span> <span class='ocrx_word' id='word_1_227' title='bbox 1936 2830 2032 2882; x_wconf 77' lang='grc' dir='ltr'>καὶ</span> <span class='ocrx_word' id='word_1_228' title='bbox 2060 2848 2167 2900; x_wconf 89' lang='grc' dir='ltr'>πη-</span> 
     </span>
    </p>
   </div>
   <div class='ocr_carea' id='block_1_30' title="bbox 590 2912 2164 2985">
    <p class='ocr_par' dir='ltr' id='par_1_30' title="bbox 590 2912 2164 2985">
     <span class='ocr_line' id='line_1_30' title="bbox 590 2912 2164 2985; baseline 0.001 -20"><span class='ocrx_word' id='word_1_229' title='bbox 590 2914 694 2985; x_wconf 82' lang='grc' dir='ltr'>γὴν</span> <span class='ocrx_word' id='word_1_230' title='bbox 720 2915 851 2984; x_wconf 79' lang='grc' dir='ltr'>ἡμῖν</span> <span class='ocrx_word' id='word_1_231' title='bbox 883 2913 991 2966; x_wconf 90' lang='grc' dir='ltr'>τῶν</span> <span class='ocrx_word' id='word_1_232' title='bbox 1019 2914 1226 2984; x_wconf 87' lang='grc' dir='ltr'>μυρίων</span> <span class='ocrx_word' id='word_1_233' title='bbox 1256 2914 1553 2983; x_wconf 82' lang='grc' dir='ltr'>γενομένην</span> <span class='ocrx_word' id='word_1_234' title='bbox 1584 2912 1826 2981; x_wconf 85' lang='grc' dir='ltr'>ἀγαθῶν.</span> <span class='ocrx_word' id='word_1_235' title='bbox 1851 2913 2164 2983; x_wconf 88' lang='grc' dir='ltr'>Οἰκονομῶν</span> 
     </span>
    </p>
   </div>
   <div class='ocr_carea' id='block_1_31' title="bbox 589 2995 2160 3066">
    <p class='ocr_par' dir='ltr' id='par_1_31' title="bbox 589 2995 2160 3066">
     <span class='ocr_line' id='line_1_31' title="bbox 589 2995 2160 3066; baseline -0.001 -17"><span class='ocrx_word' id='word_1_236' title='bbox 589 2996 646 3049; x_wconf 82' lang='grc' dir='ltr'>δὲ</span> <span class='ocrx_word' id='word_1_237' title='bbox 674 2996 743 3048; x_wconf 83' lang='grc' dir='ltr'>τὰ</span> <span class='ocrx_word' id='word_1_238' title='bbox 774 2995 1106 3066; x_wconf 84' lang='grc' dir='ltr'>ἀνθρώπινα,</span> <span class='ocrx_word' id='word_1_239' title='bbox 1153 2995 1275 3048; x_wconf 79' lang='grc' dir='ltr'>οὕτε</span> <span class='ocrx_word' id='word_1_240' title='bbox 1300 2998 1367 3049; x_wconf 82' lang='grc' dir='ltr'>τά</span> <span class='ocrx_word' id='word_1_241' title='bbox 1396 2997 1515 3049; x_wconf 85' lang='grc' dir='ltr'>θεῖα</span> <span class='ocrx_word' id='word_1_242' title='bbox 1556 2995 1945 3059; x_wconf 78' lang='grc' dir='ltr'>συσκιάζεσθαι</span> <span class='ocrx_word' id='word_1_243' title='bbox 1988 2995 2160 3064; x_wconf 75' lang='grc' dir='ltr'>ἠφίει.</span> 
     </span>
    </p>
   </div>
   <div class='ocr_carea' id='block_1_32' title="bbox 605 3074 2164 3151">
    <p class='ocr_par' dir='ltr' id='par_1_32' title="bbox 605 3074 2164 3151">
     <span class='ocr_line' id='line_1_32' title="bbox 605 3074 2164 3151; baseline 0.002 -20"><span class='ocrx_word' id='word_1_244' title='bbox 605 3080 993 3151; x_wconf 84' lang='grc' dir='ltr'>Ἀναχωρήσας</span> <span class='ocrx_word' id='word_1_245' title='bbox 1017 3079 1167 3147; x_wconf 82' lang='grc' dir='ltr'>γοῦν,</span> <span class='ocrx_word' id='word_1_246' title='bbox 1203 3079 1367 3131; x_wconf 90' lang='grc' dir='ltr'>πάλιν</span> <span class='ocrx_word' id='word_1_247' title='bbox 1396 3079 1507 3132; x_wconf 91' lang='grc' dir='ltr'>τῶν</span> <span class='ocrx_word' id='word_1_248' title='bbox 1554 3079 1733 3132; x_wconf 81' lang='grc' dir='ltr'>αὐτῶν</span> <span class='ocrx_word' id='word_1_249' title='bbox 1761 3081 1936 3150; x_wconf 78' lang='grc' dir='ltr'>εἶχετο</span> <span class='ocrx_word' id='word_1_250' title='bbox 1966 3074 2042 3134; x_wconf 81' lang='grc' dir='ltr'>ὧν</span> <span class='ocrx_word' id='word_1_251' title='bbox 2068 3082 2164 3133; x_wconf 76' lang='grc' dir='ltr'>καὶ</span> 
     </span>
    </p>
   </div>
   <div class='ocr_carea' id='block_1_33' title="bbox 592 3162 2162 3235">
    <p class='ocr_par' dir='ltr' id='par_1_33' title="bbox 592 3162 2162 3235">
     <span class='ocr_line' id='line_1_33' title="bbox 592 3162 2162 3235; baseline 0.001 -20"><span class='ocrx_word' id='word_1_252' title='bbox 592 3164 877 3234; x_wconf 89' lang='grc' dir='ltr'>πρότερον.</span> <span class='ocrx_word' id='word_1_253' title='bbox 912 3163 985 3215; x_wconf 84' lang='grc' dir='ltr'>Οὐ</span> <span class='ocrx_word' id='word_1_254' title='bbox 1017 3162 1129 3233; x_wconf 87' lang='grc' dir='ltr'>γὰρ</span> <span class='ocrx_word' id='word_1_255' title='bbox 1162 3162 1348 3225; x_wconf 86' lang='grc' dir='ltr'>ἁπλῶς</span> <span class='ocrx_word' id='word_1_256' title='bbox 1387 3163 1479 3214; x_wconf 80' lang='grc' dir='ltr'>ἐπὶ</span> <span class='ocrx_word' id='word_1_257' title='bbox 1519 3163 1617 3232; x_wconf 85' lang='grc' dir='ltr'>τὴν</span> <span class='ocrx_word' id='word_1_258' title='bbox 1661 3163 1952 3217; x_wconf 88' lang='grc' dir='ltr'>Γαλιλαίαν</span> <span class='ocrx_word' id='word_1_259' title='bbox 1981 3165 2162 3235; x_wconf 87' lang='grc' dir='ltr'>ἀπήρ-</span> 
     </span>
    </p>
   </div>
   <div class='ocr_carea' id='block_1_34' title="bbox 592 3243 2164 3316">
    <p class='ocr_par' dir='ltr' id='par_1_34' title="bbox 592 3243 2164 3316">
     <span class='ocr_line' id='line_1_34' title="bbox 592 3243 2164 3316; baseline 0.002 -19"><span class='ocrx_word' id='word_1_260' title='bbox 592 3262 740 3316; x_wconf 87' lang='grc' dir='ltr'>χετο,</span> <span class='ocrx_word' id='word_1_261' title='bbox 766 3245 903 3298; x_wconf 84' lang='grc' dir='ltr'>ἀλλὰ</span> <span class='ocrx_word' id='word_1_262' title='bbox 929 3245 1140 3314; x_wconf 90' lang='grc' dir='ltr'>μεγάλα</span> <span class='ocrx_word' id='word_1_263' title='bbox 1160 3244 1282 3298; x_wconf 77' lang='grc' dir='ltr'>τινὰ</span> <span class='ocrx_word' id='word_1_264' title='bbox 1312 3243 1742 3308; x_wconf 77' lang='grc' dir='ltr'>κατασκευάζων</span> <span class='ocrx_word' id='word_1_265' title='bbox 1774 3245 2075 3316; x_wconf 85' lang='grc' dir='ltr'>πράγματα</span> <span class='ocrx_word' id='word_1_266' title='bbox 2097 3246 2164 3301; x_wconf 86' lang='grc' dir='ltr'>τὰ</span> 
     </span>
    </p>
   </div>
   <div class='ocr_carea' id='block_1_35' title="bbox 592 3328 2165 3403">
    <p class='ocr_par' dir='ltr' id='par_1_35' title="bbox 592 3328 2165 3403">
     <span class='ocr_line' id='line_1_35' title="bbox 592 3328 2165 3403; baseline 0.003 -22"><span class='ocrx_word' id='word_1_267' title='bbox 592 3328 733 3381; x_wconf 81' lang='grc' dir='ltr'>κατὰ</span> <span class='ocrx_word' id='word_1_268' title='bbox 761 3329 889 3391; x_wconf 84' lang='grc' dir='ltr'>τοὺς</span> <span class='ocrx_word' id='word_1_269' title='bbox 932 3328 1277 3399; x_wconf 82' lang='grc' dir='ltr'>Σαμαρείτας</span> <span class='ocrx_word' id='word_1_270' title='bbox 1296 3346 1309 3359; x_wconf 76' lang='grc' dir='ltr'><strong>ο</strong></span> <span class='ocrx_word' id='word_1_271' title='bbox 1340 3331 1435 3381; x_wconf 77' lang='grc' dir='ltr'>καὶ</span> <span class='ocrx_word' id='word_1_272' title='bbox 1466 3329 1565 3401; x_wconf 86' lang='grc' dir='ltr'>οὑχ</span> <span class='ocrx_word' id='word_1_273' title='bbox 1596 3329 1782 3394; x_wconf 82' lang='grc' dir='ltr'>ἁπλῶς</span> <span class='ocrx_word' id='word_1_274' title='bbox 1808 3339 1833 3370; x_wconf 80' lang='grc' dir='ltr'>ο</span> <span class='ocrx_word' id='word_1_275' title='bbox 1869 3331 2165 3403; x_wconf 81' lang='grc' dir='ltr'>οἰκονομῶν</span> 
     </span>
    </p>
   </div>
   <div class='ocr_carea' id='block_1_36' title="bbox 592 3411 2166 3485">
    <p class='ocr_par' dir='ltr' id='par_1_36' title="bbox 592 3411 2166 3485">
     <span class='ocr_line' id='line_1_36' title="bbox 592 3411 2166 3485; baseline 0.002 -20"><span class='ocrx_word' id='word_1_276' title='bbox 592 3411 753 3475; x_wconf 83' lang='grc' dir='ltr'>αὑτὰ,</span> <span class='ocrx_word' id='word_1_277' title='bbox 781 3411 916 3465; x_wconf 85' lang='grc' dir='ltr'>ἀλλά</span> <span class='ocrx_word' id='word_1_278' title='bbox 947 3412 1084 3485; x_wconf 87' lang='grc' dir='ltr'>μετά</span> <span class='ocrx_word' id='word_1_279' title='bbox 1109 3411 1214 3483; x_wconf 84' lang='grc' dir='ltr'>τῆς</span> <span class='ocrx_word' id='word_1_280' title='bbox 1236 3411 1621 3485; x_wconf 72' lang='grc' dir='ltr'>προσηκούσης</span> <span class='ocrx_word' id='word_1_281' title='bbox 1645 3414 1794 3485; x_wconf 82' lang='grc' dir='ltr'>αὐτῷ</span> <span class='ocrx_word' id='word_1_282' title='bbox 1826 3415 2038 3483; x_wconf 86' lang='grc' dir='ltr'>σοφίας,</span> <span class='ocrx_word' id='word_1_283' title='bbox 2070 3416 2166 3468; x_wconf 76' lang='grc' dir='ltr'>καὶ</span> 
     </span>
    </p>
   </div>
   <div class='ocr_carea' id='block_1_37' title="bbox 587 3495 2163 3570">
    <p class='ocr_par' dir='ltr' id='par_1_37' title="bbox 587 3495 2163 3570">
     <span class='ocr_line' id='line_1_37' title="bbox 587 3495 2163 3570; baseline 0 -18"><span class='ocrx_word' id='word_1_284' title='bbox 587 3495 686 3552; x_wconf 81' lang='grc' dir='ltr'>τοῦ</span> <span class='ocrx_word' id='word_1_285' title='bbox 713 3499 980 3570; x_wconf 88' lang='grc' dir='ltr'>μηδεμίαν</span> <span class='ocrx_word' id='word_1_286' title='bbox 1004 3498 1327 3553; x_wconf 86' lang='grc' dir='ltr'>καταλιπεῖν</span> <span class='ocrx_word' id='word_1_287' title='bbox 1351 3498 1627 3562; x_wconf 83' lang='grc' dir='ltr'>Ἰουδαίοις</span> <span class='ocrx_word' id='word_1_288' title='bbox 1646 3499 1781 3568; x_wconf 89' lang='grc' dir='ltr'>μηδὲ</span> <span class='ocrx_word' id='word_1_289' title='bbox 1806 3499 2163 3568; x_wconf 83' lang='grc' dir='ltr'>ἀναισχύντου</span> 
     </span>
    </p>
   </div>
   <div class='ocr_carea' id='block_1_38' title="bbox 590 3580 2165 3653">
    <p class='ocr_par' dir='ltr' id='par_1_38' title="bbox 590 3580 2165 3653">
     <span class='ocr_line' id='line_1_38' title="bbox 590 3580 2165 3653; baseline -0.002 -17"><span class='ocrx_word' id='word_1_290' title='bbox 590 3583 736 3646; x_wconf 85' lang='grc' dir='ltr'>τινὸς</span> <span class='ocrx_word' id='word_1_291' title='bbox 761 3580 1056 3650; x_wconf 82' lang='grc' dir='ltr'>ἀπολογίας</span> <span class='ocrx_word' id='word_1_292' title='bbox 1078 3581 1371 3653; x_wconf 87' lang='grc' dir='ltr'>πρόφασιν.</span> <span class='ocrx_word' id='word_1_293' title='bbox 1399 3580 1575 3650; x_wconf 83' lang='grc' dir='ltr'>Ὀπερ</span> <span class='ocrx_word' id='word_1_294' title='bbox 1592 3583 1686 3634; x_wconf 73' lang='grc' dir='ltr'>καὶ</span> <span class='ocrx_word' id='word_1_295' title='bbox 1712 3583 1741 3634; x_wconf 89' lang='lat'>6</span> <span class='ocrx_word' id='word_1_296' title='bbox 1762 3580 2165 3653; x_wconf 83' lang='grc' dir='ltr'>Εὑαγγελιστὴς</span> 
     </span>
    </p>
   </div>
   <div class='ocr_carea' id='block_1_39' title="bbox 593 3662 2165 3734">
    <p class='ocr_par' dir='ltr' id='par_1_39' title="bbox 593 3662 2165 3734">
     <span class='ocr_line' id='line_1_39' title="bbox 593 3662 2165 3734; baseline -0.001 -16"><span class='ocrx_word' id='word_1_297' title='bbox 593 3664 963 3734; x_wconf 80' lang='grc' dir='ltr'>αἰνιττόμενος</span> <span class='ocrx_word' id='word_1_298' title='bbox 994 3665 1291 3733; x_wconf 84' lang='grc' dir='ltr'>ἐπήγαγεν,</span> <span class='ocrx_word' id='word_1_299' title='bbox 1332 3662 1487 3717; x_wconf 84' lang='grc' dir='ltr'>Ἔδει</span> <span class='ocrx_word' id='word_1_300' title='bbox 1516 3662 1584 3715; x_wconf 80' lang='grc' dir='ltr'>δὲ</span> <span class='ocrx_word' id='word_1_301' title='bbox 1614 3665 1801 3718; x_wconf 81' lang='grc' dir='ltr'>αὐτόν</span> <span class='ocrx_word' id='word_1_302' title='bbox 1829 3663 2165 3734; x_wconf 79' lang='grc' dir='ltr'>διέρχεσθαι</span> 
     </span>
    </p>
   </div>
   <div class='ocr_carea' id='block_1_40' title="bbox 591 3746 2166 3817">
    <p class='ocr_par' dir='ltr' id='par_1_40' title="bbox 591 3746 2166 3817">
     <span class='ocr_line' id='line_1_40' title="bbox 591 3746 2166 3817; baseline -0.001 -15"><span class='ocrx_word' id='word_1_303' title='bbox 591 3749 692 3802; x_wconf 81' lang='grc' dir='ltr'>διὰ</span> <span class='ocrx_word' id='word_1_304' title='bbox 730 3747 839 3816; x_wconf 81' lang='grc' dir='ltr'>τῆς</span> <span class='ocrx_word' id='word_1_305' title='bbox 883 3749 1236 3817; x_wconf 80' lang='grc' dir='ltr'>Σαμαρείας,</span> <span class='ocrx_word' id='word_1_306' title='bbox 1278 3747 1490 3810; x_wconf 85' lang='grc' dir='ltr'>δεικνὺς</span> <span class='ocrx_word' id='word_1_307' title='bbox 1532 3746 1652 3800; x_wconf 78' lang='grc' dir='ltr'>ὁδοῦ</span> <span class='ocrx_word' id='word_1_308' title='bbox 1693 3747 1970 3817; x_wconf 89' lang='grc' dir='ltr'>πάρεργον</span> <span class='ocrx_word' id='word_1_309' title='bbox 2006 3748 2166 3801; x_wconf 88' lang='grc' dir='ltr'>αὑτὸν</span> 
     </span>
    </p>
   </div>
   <div class='ocr_carea' id='block_1_41' title="bbox 592 3829 2161 3900">
    <p class='ocr_par' dir='ltr' id='par_1_41' title="bbox 592 3829 2161 3900">
     <span class='ocr_line' id='line_1_41' title="bbox 592 3829 2161 3900; baseline 0.003 -17"><span class='ocrx_word' id='word_1_310' title='bbox 592 3831 752 3884; x_wconf 80' lang='grc' dir='ltr'>τοῦτο</span> <span class='ocrx_word' id='word_1_311' title='bbox 796 3832 1140 3900; x_wconf 87' lang='grc' dir='ltr'>ποιούμενον.</span> <span class='ocrx_word' id='word_1_312' title='bbox 1177 3829 1334 3883; x_wconf 76' lang='grc' dir='ltr'>Οὕτω</span> <span class='ocrx_word' id='word_1_313' title='bbox 1382 3830 1480 3883; x_wconf 79' lang='grc' dir='ltr'>καί.</span> <span class='ocrx_word' id='word_1_314' title='bbox 1514 3832 1563 3882; x_wconf 85' lang='grc' dir='ltr'>οἰ</span> <span class='ocrx_word' id='word_1_315' title='bbox 1605 3830 1893 3883; x_wconf 85' lang='grc' dir='ltr'>ἀπόστολοι</span> <span class='ocrx_word' id='word_1_316' title='bbox 1924 3830 2161 3888; x_wconf 87' lang='grc' dir='ltr'>ἐποίουν.</span> 
     </span>
    </p>
   </div>
   <div class='ocr_carea' id='block_1_42' title="bbox 594 3913 2163 3987">
    <p class='ocr_par' dir='ltr' id='par_1_42' title="bbox 594 3913 2163 3987">
     <span class='ocr_line' id='line_1_42' title="bbox 594 3913 2163 3987; baseline 0 -20"><span class='ocrx_word' id='word_1_317' title='bbox 594 3915 864 3984; x_wconf 82' lang='grc' dir='ltr'>Καθάπερ</span> <span class='ocrx_word' id='word_1_318' title='bbox 882 3913 1032 3987; x_wconf 80' lang='grc'>[177]</span> <span class='ocrx_word' id='word_1_319' title='bbox 1049 3915 1157 3985; x_wconf 85' lang='grc' dir='ltr'>γὰρ</span> <span class='ocrx_word' id='word_1_320' title='bbox 1184 3916 1378 3967; x_wconf 87' lang='grc' dir='ltr'>ἐκεῖνοι</span> <span class='ocrx_word' id='word_1_321' title='bbox 1394 3914 1713 3984; x_wconf 85' lang='grc' dir='ltr'>διωκόμενοι</span> <span class='ocrx_word' id='word_1_322' title='bbox 1736 3914 1840 3965; x_wconf 88' lang='grc' dir='ltr'>ὑπὸ</span> <span class='ocrx_word' id='word_1_323' title='bbox 1873 3914 2163 3979; x_wconf 86' lang='grc' dir='ltr'>Ἰουδαίων,</span> 
     </span>
    </p>
   </div>
   <div class='ocr_carea' id='block_1_43' title="bbox 593 3996 2165 4068">
    <p class='ocr_par' dir='ltr' id='par_1_43' title="bbox 593 3996 2165 4068">
     <span class='ocr_line' id='line_1_43' title="bbox 593 3996 2165 4068; baseline 0.001 -19"><span class='ocrx_word' id='word_1_324' title='bbox 593 3998 718 4049; x_wconf 89' lang='grc' dir='ltr'>τότε</span> <span class='ocrx_word' id='word_1_325' title='bbox 749 3998 843 4049; x_wconf 74' lang='grc' dir='ltr'>ἐπὶ</span> <span class='ocrx_word' id='word_1_326' title='bbox 868 3997 937 4049; x_wconf 83' lang='grc' dir='ltr'>τά</span> <span class='ocrx_word' id='word_1_327' title='bbox 974 3996 1103 4067; x_wconf 82' lang='grc' dir='ltr'>ἐθνη</span> <span class='ocrx_word' id='word_1_328' title='bbox 1136 3998 1369 4068; x_wconf 78' lang='grc' dir='ltr'>ἦρχοντο</span> <span class='ocrx_word' id='word_1_329' title='bbox 1389 4013 1403 4028; x_wconf 79' lang='grc' dir='ltr'><strong>ο</strong></span> <span class='ocrx_word' id='word_1_330' title='bbox 1437 3996 1579 4051; x_wconf 82' lang='grc' dir='ltr'>οὓτω</span> <span class='ocrx_word' id='word_1_331' title='bbox 1610 3998 1704 4051; x_wconf 78' lang='grc' dir='ltr'>καὶ</span> <span class='ocrx_word' id='word_1_332' title='bbox 1731 3999 1760 4049; x_wconf 97' lang='lat'>6</span> <span class='ocrx_word' id='word_1_333' title='bbox 1786 3997 2040 4067; x_wconf 89' lang='grc' dir='ltr'>Χριστὸς,</span> <span class='ocrx_word' id='word_1_334' title='bbox 2075 3999 2165 4051; x_wconf 83' lang='grc' dir='ltr'>ὅτε</span> 
     </span>
    </p>
   </div>
   <div class='ocr_carea' id='block_1_44' title="bbox 593 4079 2167 4150">
    <p class='ocr_par' dir='ltr' id='par_1_44' title="bbox 593 4079 2167 4150">
     <span class='ocr_line' id='line_1_44' title="bbox 593 4079 2167 4150; baseline 0.001 -18"><span class='ocrx_word' id='word_1_335' title='bbox 593 4080 757 4133; x_wconf 86' lang='grc' dir='ltr'>αὑτὸν</span> <span class='ocrx_word' id='word_1_336' title='bbox 785 4080 1092 4150; x_wconf 85' lang='grc' dir='ltr'>ἀπήλασαν,</span> <span class='ocrx_word' id='word_1_337' title='bbox 1122 4080 1244 4132; x_wconf 89' lang='grc' dir='ltr'>τότε</span> <span class='ocrx_word' id='word_1_338' title='bbox 1278 4080 1373 4133; x_wconf 79' lang='grc' dir='ltr'>καὶ</span> <span class='ocrx_word' id='word_1_339' title='bbox 1409 4079 1633 4133; x_wconf 88' lang='grc' dir='ltr'>ἐκείνων</span> <span class='ocrx_word' id='word_1_340' title='bbox 1682 4080 1907 4150; x_wconf 81' lang='grc' dir='ltr'>ἥπτετο,</span> <span class='ocrx_word' id='word_1_341' title='bbox 1949 4081 2026 4143; x_wconf 88' lang='grc' dir='ltr'>ὡς</span> <span class='ocrx_word' id='word_1_342' title='bbox 2071 4081 2167 4134; x_wconf 80' lang='grc' dir='ltr'>καὶ</span> 
     </span>
    </p>
   </div>
   <div class='ocr_carea' id='block_1_45' title="bbox 596 4163 2167 4237">
    <p class='ocr_par' dir='ltr' id='par_1_45' title="bbox 596 4163 2167 4237">
     <span class='ocr_line' id='line_1_45' title="bbox 596 4163 2167 4237; baseline 0.001 -21"><span class='ocrx_word' id='word_1_343' title='bbox 596 4164 691 4217; x_wconf 84' lang='grc' dir='ltr'>ἐπί</span> <span class='ocrx_word' id='word_1_344' title='bbox 716 4164 816 4234; x_wconf 90' lang='grc' dir='ltr'>τῆς</span> <span class='ocrx_word' id='word_1_345' title='bbox 850 4163 1334 4237; x_wconf 87' lang='grc' dir='ltr'>Συροφοινικίσσης</span> <span class='ocrx_word' id='word_1_346' title='bbox 1360 4164 1585 4234; x_wconf 88' lang='grc' dir='ltr'>ἐποίησε</span> <span class='ocrx_word' id='word_1_347' title='bbox 1609 4164 1885 4231; x_wconf 87' lang='grc' dir='ltr'>γυναικός.</span> <span class='ocrx_word' id='word_1_348' title='bbox 1916 4164 2085 4217; x_wconf 84' lang='grc' dir='ltr'>Τοῦτο</span> <span class='ocrx_word' id='word_1_349' title='bbox 2108 4165 2167 4219; x_wconf 80' lang='grc' dir='ltr'>δὲ</span> 
     </span>
    </p>
   </div>
   <div class='ocr_carea' id='block_1_46' title="bbox 594 4247 2164 4318">
    <p class='ocr_par' dir='ltr' id='par_1_46' title="bbox 594 4247 2164 4318">
     <span class='ocr_line' id='line_1_46' title="bbox 594 4247 2164 4318; baseline 0.003 -19"><span class='ocrx_word' id='word_1_350' title='bbox 594 4247 832 4315; x_wconf 87' lang='grc' dir='ltr'>ἐγένετο,</span> <span class='ocrx_word' id='word_1_351' title='bbox 855 4247 995 4301; x_wconf 85' lang='grc' dir='ltr'>ὥστε</span> <span class='ocrx_word' id='word_1_352' title='bbox 1016 4250 1198 4301; x_wconf 86' lang='grc' dir='ltr'>πᾶσαν</span> <span class='ocrx_word' id='word_1_353' title='bbox 1224 4248 1525 4318; x_wconf 81' lang='grc' dir='ltr'>ἐκκοπῆναι</span> <span class='ocrx_word' id='word_1_354' title='bbox 1554 4249 1828 4312; x_wconf 86' lang='grc' dir='ltr'>Ἰουδαίοις</span> <span class='ocrx_word' id='word_1_355' title='bbox 1848 4249 2164 4318; x_wconf 79' lang='grc' dir='ltr'>ἀπολογίαν,</span> 
     </span>
    </p>
   </div>
   <div class='ocr_carea' id='block_1_47' title="bbox 594 4330 2169 4402">
    <p class='ocr_par' dir='ltr' id='par_1_47' title="bbox 594 4330 2169 4402">
     <span class='ocr_line' id='line_1_47' title="bbox 594 4330 2169 4402; baseline 0.004 -21"><span class='ocrx_word' id='word_1_356' title='bbox 594 4332 692 4383; x_wconf 73' lang='grc' dir='ltr'>καί⁵</span> <span class='ocrx_word' id='word_1_357' title='bbox 721 4331 810 4383; x_wconf 82' lang='grc' dir='ltr'>ἵνα</span> <span class='ocrx_word' id='word_1_358' title='bbox 842 4330 915 4401; x_wconf 83' lang='grc' dir='ltr'>μὴ</span> <span class='ocrx_word' id='word_1_359' title='bbox 958 4330 1053 4401; x_wconf 83' lang='grc' dir='ltr'>ἐξῇ</span> <span class='ocrx_word' id='word_1_360' title='bbox 1088 4330 1273 4393; x_wconf 89' lang='grc' dir='ltr'>αὑτοῖς</span> <span class='ocrx_word' id='word_1_361' title='bbox 1311 4330 1511 4399; x_wconf 86' lang='grc' dir='ltr'>λέγειν,</span> <span class='ocrx_word' id='word_1_362' title='bbox 1558 4331 1641 4383; x_wconf 85' lang='grc' dir='ltr'>ὃτι</span> <span class='ocrx_word' id='word_1_363' title='bbox 1673 4332 1989 4387; x_wconf 86' lang='grc' dir='ltr'>καταλιπὼν</span> <span class='ocrx_word' id='word_1_364' title='bbox 2022 4334 2169 4402; x_wconf 80' lang='grc' dir='ltr'>ἡμᾶς</span> 
     </span>
    </p>
   </div>
   <div class='ocr_carea' id='block_1_48' title="bbox 593 4412 2169 4485">
    <p class='ocr_par' dir='ltr' id='par_1_48' title="bbox 593 4412 2169 4485">
     <span class='ocr_line' id='line_1_48' title="bbox 593 4412 2169 4485; baseline 0.001 -19"><span class='ocrx_word' id='word_1_365' title='bbox 593 4413 733 4484; x_wconf 85' lang='grc' dir='ltr'>πρὸς</span> <span class='ocrx_word' id='word_1_366' title='bbox 758 4413 885 4476; x_wconf 84' lang='grc' dir='ltr'>τοὺς</span> <span class='ocrx_word' id='word_1_367' title='bbox 907 4412 1276 4483; x_wconf 86' lang='grc' dir='ltr'>ἀκροϐύστους</span> <span class='ocrx_word' id='word_1_368' title='bbox 1300 4412 1531 4484; x_wconf 86' lang='grc' dir='ltr'>ἀπῆλθε.</span> <span class='ocrx_word' id='word_1_369' title='bbox 1558 4413 1659 4467; x_wconf 87' lang='grc' dir='ltr'>Διά</span> <span class='ocrx_word' id='word_1_370' title='bbox 1683 4414 1841 4467; x_wconf 80' lang='grc' dir='ltr'>τοῦτο</span> <span class='ocrx_word' id='word_1_371' title='bbox 1864 4417 1959 4468; x_wconf 78' lang='grc' dir='ltr'>καὶ</span> <span class='ocrx_word' id='word_1_372' title='bbox 1986 4416 2035 4467; x_wconf 86' lang='grc' dir='ltr'>οἰ</span> <span class='ocrx_word' id='word_1_373' title='bbox 2061 4432 2169 4485; x_wconf 86' lang='grc' dir='ltr'>μα-</span> 
     </span>
    </p>
   </div>
   <div class='ocr_carea' id='block_1_49' title="bbox 594 4496 2169 4569">
    <p class='ocr_par' dir='ltr' id='par_1_49' title="bbox 594 4496 2169 4569">
     <span class='ocr_line' id='line_1_49' title="bbox 594 4496 2169 4569; baseline 0 -18"><span class='ocrx_word' id='word_1_374' title='bbox 594 4496 760 4567; x_wconf 77' lang='grc' dir='ltr'>θηταὶ</span> <span class='ocrx_word' id='word_1_375' title='bbox 805 4496 1231 4568; x_wconf 88' lang='grc' dir='ltr'>ἀπολογούμενοι</span> <span class='ocrx_word' id='word_1_376' title='bbox 1265 4497 1481 4567; x_wconf 77' lang='grc' dir='ltr'>ἔλεγον·</span> <span class='ocrx_word' id='word_1_377' title='bbox 1525 4498 1686 4565; x_wconf 83' lang='grc' dir='ltr'>Ὑμῖν</span> <span class='ocrx_word' id='word_1_378' title='bbox 1726 4496 1806 4569; x_wconf 83' lang='grc' dir='ltr'>ἦν</span> <span class='ocrx_word' id='word_1_379' title='bbox 1841 4499 2169 4568; x_wconf 79' lang='grc' dir='ltr'>ἀναγκαῖον</span> 
     </span>
    </p>
   </div>
   <div class='ocr_carea' id='block_1_50' title="bbox 594 4580 2168 4651">
    <p class='ocr_par' dir='ltr' id='par_1_50' title="bbox 594 4580 2168 4651">
     <span class='ocr_line' id='line_1_50' title="bbox 594 4580 2168 4651; baseline 0.002 -19"><span class='ocrx_word' id='word_1_380' title='bbox 594 4580 830 4649; x_wconf 83' lang='grc' dir='ltr'>πρῶτον</span> <span class='ocrx_word' id='word_1_381' title='bbox 848 4580 1189 4647; x_wconf 76' lang='grc' dir='ltr'>λαληθῆναι</span> <span class='ocrx_word' id='word_1_382' title='bbox 1212 4580 1319 4633; x_wconf 85' lang='grc' dir='ltr'>τὸν</span> <span class='ocrx_word' id='word_1_383' title='bbox 1341 4584 1529 4651; x_wconf 70' lang='grc' dir='ltr'>λόγον</span> <span class='ocrx_word' id='word_1_384' title='bbox 1544 4581 1651 4635; x_wconf 86' lang='grc' dir='ltr'>τοῦ</span> <span class='ocrx_word' id='word_1_385' title='bbox 1679 4583 1828 4636; x_wconf 85' lang='grc' dir='ltr'>Θεοῦ</span> <span class='ocrx_word' id='word_1_386' title='bbox 1848 4600 1861 4614; x_wconf 78' lang='grc' dir='ltr'><strong><em>ο</em></strong></span> <span class='ocrx_word' id='word_1_387' title='bbox 1875 4582 2081 4651; x_wconf 81' lang='grc' dir='ltr'>ἐπειδὴ</span> <span class='ocrx_word' id='word_1_388' title='bbox 2100 4582 2168 4635; x_wconf 81' lang='grc' dir='ltr'>δὲ</span> 
     </span>
    </p>
   </div>
   <div class='ocr_carea' id='block_1_51' title="bbox 594 4662 2167 4735">
    <p class='ocr_par' dir='ltr' id='par_1_51' title="bbox 594 4662 2167 4735">
     <span class='ocr_line' id='line_1_51' title="bbox 594 4662 2167 4735; baseline 0.001 -18"><span class='ocrx_word' id='word_1_389' title='bbox 594 4663 884 4735; x_wconf 70' lang='grc' dir='ltr'>ἀναξίους</span> <span class='ocrx_word' id='word_1_390' title='bbox 920 4663 1151 4730; x_wconf 80' lang='grc' dir='ltr'>κρίνετε</span> <span class='ocrx_word' id='word_1_391' title='bbox 1187 4662 1457 4730; x_wconf 82' lang='grc' dir='ltr'>ἑαυτοὺς,</span> <span class='ocrx_word' id='word_1_392' title='bbox 1492 4664 1620 4718; x_wconf 85' lang='grc' dir='ltr'>ίδοὺ</span> <span class='ocrx_word' id='word_1_393' title='bbox 1670 4667 2043 4735; x_wconf 74' lang='grc' dir='ltr'>στρεφόμεθα</span> <span class='ocrx_word' id='word_1_394' title='bbox 2081 4668 2167 4730; x_wconf 84' lang='grc' dir='ltr'>είς</span> 
     </span>
    </p>
   </div>
   <div class='ocr_carea' id='block_1_52' title="bbox 595 4746 2169 4820">
    <p class='ocr_par' dir='ltr' id='par_1_52' title="bbox 595 4746 2169 4820">
     <span class='ocr_line' id='line_1_52' title="bbox 595 4746 2169 4820; baseline 0.004 -19"><span class='ocrx_word' id='word_1_395' title='bbox 595 4750 668 4801; x_wconf 79' lang='grc' dir='ltr'>τὰ</span> <span class='ocrx_word' id='word_1_396' title='bbox 697 4750 870 4816; x_wconf 79' lang='grc' dir='ltr'>ἔθνη·</span> <span class='ocrx_word' id='word_1_397' title='bbox 897 4748 991 4799; x_wconf 72' lang='grc' dir='ltr'>καὶ</span> <span class='ocrx_word' id='word_1_398' title='bbox 1018 4748 1178 4811; x_wconf 83' lang='grc' dir='ltr'>αὐτὸς</span> <span class='ocrx_word' id='word_1_399' title='bbox 1206 4748 1386 4815; x_wconf 89' lang='grc' dir='ltr'>πάλιν,</span> <span class='ocrx_word' id='word_1_400' title='bbox 1415 4751 1535 4804; x_wconf 85' lang='grc' dir='ltr'>Οὐκ</span> <span class='ocrx_word' id='word_1_401' title='bbox 1563 4746 1756 4819; x_wconf 80' lang='grc' dir='ltr'>ἦλθον</span> <span class='ocrx_word' id='word_1_402' title='bbox 1778 4753 1829 4804; x_wconf 89' lang='grc' dir='ltr'>εί</span> <span class='ocrx_word' id='word_1_403' title='bbox 1854 4752 1941 4820; x_wconf 76' lang='grc' dir='ltr'>μὴ</span> <span class='ocrx_word' id='word_1_404' title='bbox 1978 4752 2065 4818; x_wconf 88' lang='grc' dir='ltr'>είς</span> <span class='ocrx_word' id='word_1_405' title='bbox 2094 4756 2169 4807; x_wconf 85' lang='grc' dir='ltr'>τὰ</span> 
     </span>
    </p>
   </div>
   <div class='ocr_carea' id='block_1_53' title="bbox 598 4831 2166 4901">
    <p class='ocr_par' dir='ltr' id='par_1_53' title="bbox 598 4831 2166 4901">
     <span class='ocr_line' id='line_1_53' title="bbox 598 4831 2166 4901; baseline 0.003 -18"><span class='ocrx_word' id='word_1_406' title='bbox 598 4832 861 4901; x_wconf 79' lang='grc' dir='ltr'>πρόϐατα</span> <span class='ocrx_word' id='word_1_407' title='bbox 883 4831 953 4883; x_wconf 84' lang='grc' dir='ltr'>τὰ</span> <span class='ocrx_word' id='word_1_408' title='bbox 981 4831 1336 4885; x_wconf 69' lang='grc' dir='ltr'>ἀπολωλότα</span> <span class='ocrx_word' id='word_1_409' title='bbox 1362 4832 1531 4886; x_wconf 81' lang='grc' dir='ltr'>οἴκου</span> <span class='ocrx_word' id='word_1_410' title='bbox 1565 4834 1838 4900; x_wconf 78' lang='grc' dir='ltr'>Ἰσραήλ’</span> <span class='ocrx_word' id='word_1_411' title='bbox 1860 4834 1953 4887; x_wconf 74' lang='grc' dir='ltr'>καί⁹</span> <span class='ocrx_word' id='word_1_412' title='bbox 1983 4835 2166 4899; x_wconf 89' lang='grc' dir='ltr'>πάλιν,</span> 
     </span>
    </p>
   </div>
   <div class='ocr_carea' id='block_1_54' title="bbox 603 4912 2170 4981">
    <p class='ocr_par' dir='ltr' id='par_1_54' title="bbox 603 4912 2170 4981">
     <span class='ocr_line' id='line_1_54' title="bbox 603 4912 2170 4981; baseline 0.002 -15"><span class='ocrx_word' id='word_1_413' title='bbox 603 4917 724 4966; x_wconf 82' lang='grc' dir='ltr'>Οὐκ</span> <span class='ocrx_word' id='word_1_414' title='bbox 745 4912 877 4965; x_wconf 79' lang='grc' dir='ltr'>ἔστι</span> <span class='ocrx_word' id='word_1_415' title='bbox 895 4913 1085 4965; x_wconf 78' lang='grc' dir='ltr'>καλὸν</span> <span class='ocrx_word' id='word_1_416' title='bbox 1103 4913 1311 4966; x_wconf 77' lang='grc' dir='ltr'>λαϐεῖν</span> <span class='ocrx_word' id='word_1_417' title='bbox 1337 4914 1441 4967; x_wconf 85' lang='grc' dir='ltr'>τὸν</span> <span class='ocrx_word' id='word_1_418' title='bbox 1462 4915 1643 4981; x_wconf 82' lang='grc' dir='ltr'>ἄρτον</span> <span class='ocrx_word' id='word_1_419' title='bbox 1663 4914 1782 4969; x_wconf 87' lang='grc' dir='ltr'>τῶν</span> <span class='ocrx_word' id='word_1_420' title='bbox 1798 4917 2044 4981; x_wconf 81' lang='grc' dir='ltr'>τέκνων,</span> <span class='ocrx_word' id='word_1_421' title='bbox 2071 4917 2170 4970; x_wconf 82' lang='grc' dir='ltr'>καί</span> 
     </span>
    </p>
   </div>
   <div class='ocr_carea' id='block_1_55' title="bbox 599 4994 2166 5072">
    <p class='ocr_par' dir='ltr' id='par_1_55' title="bbox 599 4994 2166 5072">
     <span class='ocr_line' id='line_1_55' title="bbox 599 4994 2166 5072; baseline 0.004 -24"><span class='ocrx_word' id='word_1_422' title='bbox 599 4996 811 5049; x_wconf 81' lang='grc' dir='ltr'>δοῦναι</span> <span class='ocrx_word' id='word_1_423' title='bbox 840 4994 961 5061; x_wconf 87' lang='grc' dir='ltr'>τοῖς</span> <span class='ocrx_word' id='word_1_424' title='bbox 981 4999 1306 5064; x_wconf 81' lang='grc' dir='ltr'>κυναρίοις.</span> <span class='ocrx_word' id='word_1_425' title='bbox 1346 4998 1562 5069; x_wconf 63' lang='grc' dir='ltr'>Ἐπειδὴ</span> <span class='ocrx_word' id='word_1_426' title='bbox 1583 4997 1639 5051; x_wconf 85' lang='grc' dir='ltr'>δὲ</span> <span class='ocrx_word' id='word_1_427' title='bbox 1665 4999 1827 5053; x_wconf 85' lang='grc' dir='ltr'>αὑτὸν</span> <span class='ocrx_word' id='word_1_428' title='bbox 1857 5001 2166 5072; x_wconf 89' lang='grc' dir='ltr'>ἀπήλασαν,</span> 
     </span>
    </p>
   </div>
   <div class='ocr_carea' id='block_1_56' title="bbox 599 5078 2168 5156">
    <p class='ocr_par' dir='ltr' id='par_1_56' title="bbox 599 5078 2168 5156">
     <span class='ocr_line' id='line_1_56' title="bbox 599 5078 2168 5156; baseline 0.004 -25"><span class='ocrx_word' id='word_1_429' title='bbox 599 5079 769 5151; x_wconf 88' lang='grc' dir='ltr'>θύραν</span> <span class='ocrx_word' id='word_1_430' title='bbox 794 5080 905 5142; x_wconf 78' lang='grc' dir='ltr'>τοῖς</span> <span class='ocrx_word' id='word_1_431' title='bbox 936 5078 1143 5132; x_wconf 80' lang='grc' dir='ltr'>ἔθνεσιν</span> <span class='ocrx_word' id='word_1_432' title='bbox 1174 5080 1433 5150; x_wconf 82' lang='grc' dir='ltr'>ἀνέῳξαν.</span> <span class='ocrx_word' id='word_1_433' title='bbox 1464 5084 1575 5135; x_wconf 77' lang='grc' dir='ltr'>Καὶ</span> <span class='ocrx_word' id='word_1_434' title='bbox 1594 5082 1717 5135; x_wconf 89' lang='grc' dir='ltr'>οὑδέ</span> <span class='ocrx_word' id='word_1_435' title='bbox 1739 5082 1882 5137; x_wconf 77' lang='grc' dir='ltr'>οὕτω</span> <span class='ocrx_word' id='word_1_436' title='bbox 1903 5102 2168 5156; x_wconf 83' lang='grc' dir='ltr'>προηγου-</span> 
     </span>
    </p>
   </div>
   <div class='ocr_carea' id='block_1_57' title="bbox 602 5160 2168 5239">
    <p class='ocr_par' dir='ltr' id='par_1_57' title="bbox 602 5160 2168 5239">
     <span class='ocr_line' id='line_1_57' title="bbox 602 5160 2168 5239; baseline 0.006 -25"><span class='ocrx_word' id='word_1_437' title='bbox 602 5163 777 5233; x_wconf 79' lang='grc' dir='ltr'>μένως</span> <span class='ocrx_word' id='word_1_438' title='bbox 829 5160 917 5214; x_wconf 75' lang='grc' dir='ltr'>ἐπ’</span> <span class='ocrx_word' id='word_1_439' title='bbox 947 5163 1183 5225; x_wconf 84' lang='grc' dir='ltr'>ἐκείνους</span> <span class='ocrx_word' id='word_1_440' title='bbox 1224 5163 1464 5234; x_wconf 74' lang='grc' dir='ltr'>ἔρχεται,</span> <span class='ocrx_word' id='word_1_441' title='bbox 1513 5165 1650 5219; x_wconf 88' lang='grc' dir='ltr'>ἀλλὰ</span> <span class='ocrx_word' id='word_1_442' title='bbox 1684 5168 1914 5238; x_wconf 88' lang='grc' dir='ltr'>παριών.</span> <span class='ocrx_word' id='word_1_443' title='bbox 1949 5169 2168 5239; x_wconf 85' lang='grc' dir='ltr'>Παριὼν</span> 
     </span>
    </p>
   </div>
   <div class='ocr_carea' id='block_1_58' title="bbox 594 5241 2170 5321">
    <p class='ocr_par' dir='ltr' id='par_1_58' title="bbox 594 5241 2170 5321">
     <span class='ocr_line' id='line_1_58' title="bbox 594 5241 2170 5321; baseline 0.005 -23"><span class='ocrx_word' id='word_1_444' title='bbox 594 5241 908 5307; x_wconf 59' lang='grc' dir='ltr'>τοίνυνίἩλ</span> <span class='ocrx_word' id='word_1_445' title='bbox 915 5248 1017 5299; x_wconf 85' lang='grc' dir='ltr'>θεν</span> <span class='ocrx_word' id='word_1_446' title='bbox 1032 5249 1117 5312; x_wconf 84' lang='grc' dir='ltr'>εἰς</span> <span class='ocrx_word' id='word_1_447' title='bbox 1129 5246 1153 5284; x_wconf 78' lang='grc' dir='ltr'>ἀ</span> <span class='ocrx_word' id='word_1_448' title='bbox 1174 5248 1355 5302; x_wconf 79' lang='grc' dir='ltr'>πόλιν</span> <span class='ocrx_word' id='word_1_449' title='bbox 1369 5248 1479 5315; x_wconf 82' lang='grc' dir='ltr'>τῆς</span> <span class='ocrx_word' id='word_1_450' title='bbox 1498 5251 1823 5318; x_wconf 82' lang='grc' dir='ltr'>Σαμαρείας</span> <span class='ocrx_word' id='word_1_451' title='bbox 1839 5252 2170 5321; x_wconf 59' lang='grc' dir='ltr'>λεγομένην</span> 
     </span>
    </p>
   </div>
   <div class='ocr_carea' id='block_1_59' title="bbox 596 5330 2174 5399">
    <p class='ocr_par' dir='ltr' id='par_1_59' title="bbox 596 5330 2174 5399">
     <span class='ocr_line' id='line_1_59' title="bbox 596 5330 2174 5399; baseline 0.004 -15"><span class='ocrx_word' id='word_1_452' title='bbox 596 5330 822 5398; x_wconf 83' lang='grc' dir='ltr'>Συχὰρ,</span> <span class='ocrx_word' id='word_1_453' title='bbox 866 5331 1133 5394; x_wconf 76' lang='grc' dir='ltr'>πλησίον</span> <span class='ocrx_word' id='word_1_454' title='bbox 1176 5332 1280 5384; x_wconf 85' lang='grc' dir='ltr'>τοῦ</span> <span class='ocrx_word' id='word_1_455' title='bbox 1332 5334 1569 5399; x_wconf 81' lang='grc' dir='ltr'>χωρίου,</span> <span class='ocrx_word' id='word_1_456' title='bbox 1606 5330 1677 5388; x_wconf 86' lang='grc' dir='ltr'>οὗ</span> <span class='ocrx_word' id='word_1_457' title='bbox 1712 5334 1930 5388; x_wconf 77' lang='grc' dir='ltr'>ἔδωκεν</span> <span class='ocrx_word' id='word_1_458' title='bbox 1969 5336 2174 5390; x_wconf 82' lang='grc' dir='ltr'>Ἰακὼϐ</span> 
     </span>
    </p>
   </div>
   <div class='ocr_carea' id='block_1_60' title="bbox 609 5415 2164 5490">
    <p class='ocr_par' dir='ltr' id='par_1_60' title="bbox 609 5415 2164 5490">
     <span class='ocr_line' id='line_1_60' title="bbox 609 5415 2164 5490; baseline 0.004 -19"><span class='ocrx_word' id='word_1_459' title='bbox 609 5417 823 5486; x_wconf 69' lang='grc' dir='ltr'>Ἰωσὴφ</span> <span class='ocrx_word' id='word_1_460' title='bbox 850 5417 929 5484; x_wconf 85' lang='grc' dir='ltr'>τῷ</span> <span class='ocrx_word' id='word_1_461' title='bbox 946 5418 1052 5483; x_wconf 79' lang='grc' dir='ltr'>υἱῷ</span> <span class='ocrx_word' id='word_1_462' title='bbox 1068 5419 1255 5473; x_wconf 84' lang='grc' dir='ltr'>αὐτοῦ</span> <span class='ocrx_word' id='word_1_463' title='bbox 1270 5437 1282 5450; x_wconf 93' lang='grc'><strong>·</strong></span> <span class='ocrx_word' id='word_1_464' title='bbox 1306 5415 1386 5489; x_wconf 84' lang='grc' dir='ltr'>ἦν</span> <span class='ocrx_word' id='word_1_465' title='bbox 1406 5420 1473 5472; x_wconf 83' lang='grc' dir='ltr'>δὲ</span> <span class='ocrx_word' id='word_1_466' title='bbox 1492 5420 1617 5473; x_wconf 85' lang='grc' dir='ltr'>ἐκεῖ</span> <span class='ocrx_word' id='word_1_467' title='bbox 1634 5422 1796 5490; x_wconf 77' lang='grc' dir='ltr'>πηγὴ</span> <span class='ocrx_word' id='word_1_468' title='bbox 1817 5423 1923 5477; x_wconf 87' lang='grc' dir='ltr'>τοῦ</span> <span class='ocrx_word' id='word_1_469' title='bbox 1954 5425 2164 5477; x_wconf 81' lang='grc' dir='ltr'>Ἰακώϐ.</span> 
     </span>
    </p>
   </div>
   <div class='ocr_carea' id='block_1_61' title="bbox 597 5501 2166 5576">
    <p class='ocr_par' dir='ltr' id='par_1_61' title="bbox 597 5501 2166 5576">
     <span class='ocr_line' id='line_1_61' title="bbox 597 5501 2166 5576; baseline 0.007 -26"><span class='ocrx_word' id='word_1_470' title='bbox 597 5501 753 5563; x_wconf 90' lang='grc' dir='ltr'>Τίνος</span> <span class='ocrx_word' id='word_1_471' title='bbox 768 5501 953 5554; x_wconf 80' lang='grc' dir='ltr'>ἐνεκεν</span> <span class='ocrx_word' id='word_1_472' title='bbox 971 5501 1408 5572; x_wconf 86' lang='grc' dir='ltr'>ἀκριϐολογεῖται</span> <span class='ocrx_word' id='word_1_473' title='bbox 1431 5504 1460 5555; x_wconf 88' lang='lat'>6</span> <span class='ocrx_word' id='word_1_474' title='bbox 1484 5503 1891 5575; x_wconf 76' lang='grc' dir='ltr'>Εὑαγγελιστὴς</span> <span class='ocrx_word' id='word_1_475' title='bbox 1924 5508 2052 5576; x_wconf 75' lang='grc' dir='ltr'>περὶ</span> <span class='ocrx_word' id='word_1_476' title='bbox 2072 5507 2166 5561; x_wconf 79' lang='grc' dir='ltr'>τοῦ</span> 
     </span>
    </p>
   </div>
   <div class='ocr_carea' id='block_1_62' title="bbox 596 5583 2165 5659">
    <p class='ocr_par' dir='ltr' id='par_1_62' title="bbox 596 5583 2165 5659">
     <span class='ocr_line' id='line_1_62' title="bbox 596 5583 2165 5659; baseline 0.008 -27"><span class='ocrx_word' id='word_1_477' title='bbox 596 5583 802 5645; x_wconf 85' lang='grc' dir='ltr'>τόπου;</span> <span class='ocrx_word' id='word_1_478' title='bbox 843 5584 963 5637; x_wconf 81' lang='grc' dir='ltr'>Ἵνα</span> <span class='ocrx_word' id='word_1_479' title='bbox 1016 5584 1146 5636; x_wconf 81' lang='grc' dir='ltr'>ὅταν</span> <span class='ocrx_word' id='word_1_480' title='bbox 1184 5586 1424 5657; x_wconf 81' lang='grc' dir='ltr'>ἀκούσῃς</span> <span class='ocrx_word' id='word_1_481' title='bbox 1457 5587 1556 5656; x_wconf 87' lang='grc' dir='ltr'>τῆς</span> <span class='ocrx_word' id='word_1_482' title='bbox 1586 5589 1845 5655; x_wconf 71' lang='grc' dir='ltr'>γυναικὸς</span> <span class='ocrx_word' id='word_1_483' title='bbox 1877 5589 2165 5659; x_wconf 83' lang='grc' dir='ltr'>λαλούσης,</span> 
     </span>
    </p>
   </div>
   <div class='ocr_carea' id='block_1_63' title="bbox 612 5663 2167 5743">
    <p class='ocr_par' dir='ltr' id='par_1_63' title="bbox 612 5663 2167 5743">
     <span class='ocr_line' id='line_1_63' title="bbox 612 5663 2167 5743; baseline 0.01 -28"><span class='ocrx_word' id='word_1_484' title='bbox 612 5663 811 5719; x_wconf 78' lang='grc' dir='ltr'>Ἰακὼϐ</span> <span class='ocrx_word' id='word_1_485' title='bbox 839 5670 872 5720; x_wconf 86' lang='grc' dir='ltr'>ό</span> <span class='ocrx_word' id='word_1_486' title='bbox 917 5667 1113 5736; x_wconf 77' lang='grc' dir='ltr'>πατὴρ</span> <span class='ocrx_word' id='word_1_487' title='bbox 1160 5669 1328 5739; x_wconf 76' lang='grc' dir='ltr'>ἡμῶν</span> <span class='ocrx_word' id='word_1_488' title='bbox 1371 5670 1596 5725; x_wconf 83' lang='grc' dir='ltr'>ἔδωκεν</span> <span class='ocrx_word' id='word_1_489' title='bbox 1634 5671 1778 5739; x_wconf 73' lang='grc' dir='ltr'>ἡμῖν</span> <span class='ocrx_word' id='word_1_490' title='bbox 1804 5674 1919 5739; x_wconf 80' lang='grc' dir='ltr'>τὴν</span> <span class='ocrx_word' id='word_1_491' title='bbox 1964 5674 2167 5743; x_wconf 70' lang='grc' dir='ltr'>πηγὴν</span> 
     </span>
    </p>
   </div>
   <div class='ocr_carea' id='block_1_64' title="bbox 667 5796 2169 5866">
    <p class='ocr_par' dir='ltr' id='par_1_64' title="bbox 667 5796 2169 5866">
     <span class='ocr_line' id='line_1_64' title="bbox 667 5796 2169 5866; baseline 0.009 -26"><span class='ocrx_word' id='word_1_492' title='bbox 667 5796 864 5866; x_wconf 38' lang='grc' dir='ltr'>ξεστῇ-1.</span> <span class='ocrx_word' id='word_1_493' title='bbox 885 5800 1007 5855; x_wconf 86' lang='grc' dir='ltr'>τίνος</span> <span class='ocrx_word' id='word_1_494' title='bbox 1029 5802 1108 5866; x_wconf 75' lang='grc' dir='ltr'>οὖν</span> <span class='ocrx_word' id='word_1_495' title='bbox 1123 5803 1280 5866; x_wconf 61' lang='grc' dir='ltr'>ἕνεκεν</span> <span class='ocrx_word' id='word_1_496' title='bbox 1299 5810 1427 5865; x_wconf 86' lang='grc' dir='ltr'>ἁνεχ.</span> <span class='ocrx_word' id='word_1_497' title='bbox 1495 5814 1521 5841; x_wconf 78' lang='grc' dir='ltr'>ο</span> <span class='ocrx_word' id='word_1_498' title='bbox 1546 5804 1714 5852; x_wconf 78' lang='lat' dir='ltr'>Morel.</span> <span class='ocrx_word' id='word_1_499' title='bbox 1741 5805 1878 5863; x_wconf 83' lang='grc' dir='ltr'>μέρος</span> <span class='ocrx_word' id='word_1_500' title='bbox 1896 5806 2169 5866; x_wconf 79' lang='grc' dir='ltr'>ἐφάπτεται,</span> 
     </span>
    </p>
   </div>
   <div class='ocr_carea' id='block_1_65' title="bbox 604 5857 2169 5962">
    <p class='ocr_par' dir='ltr' id='par_1_65' title="bbox 604 5857 2169 5962">
     <span class='ocr_line' id='line_1_65' title="bbox 604 5857 2169 5962; baseline 0.01 -61"><span class='ocrx_word' id='word_1_501' title='bbox 604 5857 848 5962; x_wconf 44' lang='grc' dir='ltr'>ἔδομαι</span> <span class='ocrx_word' id='word_1_502' title='bbox 872 5867 969 5917; x_wconf 86' lang='grc' dir='ltr'>τῆς.</span> <span class='ocrx_word' id='word_1_503' title='bbox 1036 5865 1059 5892; x_wconf 78' lang='grc' dir='ltr'><strong>ο</strong></span> <span class='ocrx_word' id='word_1_504' title='bbox 1098 5857 1464 5925; x_wconf 67' lang='grc' dir='ltr'>Μονο1.μᾶλλον</span> <span class='ocrx_word' id='word_1_505' title='bbox 1490 5866 1541 5913; x_wconf 85' lang='grc' dir='ltr'>δὲ</span> <span class='ocrx_word' id='word_1_506' title='bbox 1586 5866 1674 5925; x_wconf 83' lang='grc' dir='ltr'>οὐχ</span> <span class='ocrx_word' id='word_1_507' title='bbox 1698 5857 1875 5927; x_wconf 48' lang='lat' dir='ltr'>mg&quot;;</span> <span class='ocrx_word' id='word_1_508' title='bbox 1930 5857 1968 5902; x_wconf 72' lang='grc' dir='ltr'><em>’ά</em></span> <span class='ocrx_word' id='word_1_509' title='bbox 1997 5857 2169 5915; x_wconf 58' lang='lat' dir='ltr'>Morel:</span> 
     </span>
     <span class='ocr_line' id='line_1_66' title="bbox 638 5917 2168 5962; baseline 0.001 -1"><span class='ocrx_word' id='word_1_510' title='bbox 638 5917 724 5961; x_wconf 87' lang='grc' dir='ltr'>λλα</span> <span class='ocrx_word' id='word_1_511' title='bbox 746 5921 939 5962; x_wconf 68' lang='grc' dir='ltr'>παριών.</span> <span class='ocrx_word' id='word_1_512' title='bbox 966 5923 1129 5962; x_wconf 55' lang='grc' dir='ltr'>Οὕτως</span> <span class='ocrx_word' id='word_1_513' title='bbox 1170 5927 1195 5962; x_wconf 72' lang='grc' dir='ltr'><strong><em>ὃ</em></strong></span> <span class='ocrx_word' id='word_1_514' title='bbox 1223 5926 1440 5962; x_wconf 61' lang='grc' dir='ltr'>ἒηηύδςτη</span> <span class='ocrx_word' id='word_1_515' title='bbox 1484 5926 1770 5962; x_wconf 63' lang='grc' dir='ltr'>αἶνιῖἡιιτυηρ</span> <span class='ocrx_word' id='word_1_516' title='bbox 1807 5923 1943 5962; x_wconf 65' lang='grc' dir='ltr'>ἀῖηῧλιν</span> <span class='ocrx_word' id='word_1_517' title='bbox 1980 5928 2168 5962; x_wconf 64' lang='grc' dir='ltr'>ἧηνττηι</span> 
     </span>
    </p>
   </div>
   <div class='ocr_carea' id='block_1_66' title="bbox 638 5917 2171 5992">
    <p class='ocr_par' dir='ltr' id='par_1_66' title="bbox 638 5917 2171 5992">
     <span class='ocr_line' id='line_1_67' title="bbox 638 5917 2171 5992; baseline 0.01 -32"><span class='ocrx_word' id='word_1_518' title='bbox 638 5917 724 5992; x_wconf 56' lang='grc' dir='ltr'>ξιλά</span> <span class='ocrx_word' id='word_1_519' title='bbox 746 5921 939 5992; x_wconf 62' lang='grc' dir='ltr'>παριών.</span> <span class='ocrx_word' id='word_1_520' title='bbox 966 5923 1130 5992; x_wconf 70' lang='grc' dir='ltr'>Οὕτως</span> <span class='ocrx_word' id='word_1_521' title='bbox 1158 5917 1445 5992; x_wconf 34' lang='grc' dir='ltr'>’δ’ἐϐόύλετο</span> <span class='ocrx_word' id='word_1_522' title='bbox 1484 5917 1770 5982; x_wconf 52' lang='grc' dir='ltr'>αἰνιξάμενος</span> <span class='ocrx_word' id='word_1_523' title='bbox 1791 5917 1943 5974; x_wconf 54' lang='grc' dir='ltr'>’πάλιν</span> <span class='ocrx_word' id='word_1_524' title='bbox 1980 5928 2171 5989; x_wconf 80' lang='grc' dir='ltr'>ἄρχεται</span> 
     </span>
    </p>
   </div>
   <div class='ocr_carea' id='block_1_67' title="bbox 606 5975 1487 6042">
    <p class='ocr_par' dir='ltr' id='par_1_67' title="bbox 606 5975 1487 6042">
     <span class='ocr_line' id='line_1_68' title="bbox 606 5975 1487 6042; baseline 0.011 -19"><span class='ocrx_word' id='word_1_525' title='bbox 606 5975 771 6035; x_wconf 77' lang='grc' dir='ltr'>λέγων·</span> <span class='ocrx_word' id='word_1_526' title='bbox 798 5975 1017 6040; x_wconf 78' lang='grc' dir='ltr'>Ἔρχεται</span> <span class='ocrx_word' id='word_1_527' title='bbox 1037 5975 1128 6030; x_wconf 31' lang='grc' dir='ltr'>οὑν.</span> <span class='ocrx_word' id='word_1_528' title='bbox 1148 5987 1174 6031; x_wconf 86' lang='grc' dir='ltr'>ό</span> <span class='ocrx_word' id='word_1_529' title='bbox 1206 5985 1386 6042; x_wconf 76' lang='grc' dir='ltr'>Ἰησοῦς</span> <span class='ocrx_word' id='word_1_530' title='bbox 1409 5986 1487 6040; x_wconf 82' lang='grc' dir='ltr'>εἰς.</span> 
     </span>
    </p>
   </div>
   <div class='ocr_carea' id='block_1_68' title="bbox 1325 368 3170 432">
    <p class='ocr_par' dir='ltr' id='par_1_68' title="bbox 1325 368 3170 432">
     <span class='ocr_line' id='line_1_69' title="bbox 1325 368 3170 432; baseline -0.002 0"><span class='ocrx_word' id='word_1_531' title='bbox 1325 375 1384 432; x_wconf 88' lang='lat' dir='ltr'><em>S.</em></span> <span class='ocrx_word' id='word_1_532' title='bbox 1419 372 1705 430; x_wconf 78' lang='lat' dir='ltr'>JOANNIS</span> <span class='ocrx_word' id='word_1_533' title='bbox 1736 368 2221 429; x_wconf 75' lang='lat' dir='ltr'>CHRYSOSTOMI</span> <span class='ocrx_word' id='word_1_534' title='bbox 2264 371 2581 427; x_wconf 80' lang='lat' dir='ltr'>ARCHIEP.</span> <span class='ocrx_word' id='word_1_535' title='bbox 2622 372 3170 430; x_wconf 76' lang='lat' dir='ltr'>CONSTANTINOP.</span> 
     </span>
    </p>
   </div>
   <div class='ocr_carea' id='block_1_69' title="bbox 2266 5775 2610 5840">
    <p class='ocr_par' dir='ltr' id='par_1_69' title="bbox 2266 5775 2610 5840">
     <span class='ocr_line' id='line_1_70' title="bbox 2266 5775 2610 5840; baseline 0.003 -16"><span class='ocrx_word' id='word_1_536' title='bbox 2266 5776 2323 5824; x_wconf 75' lang='grc' dir='ltr'>οὐ</span> <span class='ocrx_word' id='word_1_537' title='bbox 2351 5777 2511 5840; x_wconf 80' lang='grc' dir='ltr'>μικρά.</span> <span class='ocrx_word' id='word_1_538' title='bbox 2580 5775 2610 5814; x_wconf 65' lang='grc' dir='ltr'>λι</span> 
     </span>
    </p>
   </div>
   <div class='ocr_carea' id='block_1_70' title="bbox 3738 373 3841 429">
    <p class='ocr_par' dir='ltr' id='par_1_70' title="bbox 3738 373 3841 429">
     <span class='ocr_line' id='line_1_71' title="bbox 3738 373 3841 429; baseline 0.068 -8"><span class='ocrx_word' id='word_1_539' title='bbox 3738 373 3841 429; x_wconf 61' lang='grc' dir='ltr'>17η</span> 
     </span>
    </p>
   </div>
   <div class='ocr_carea' id='block_1_71' title="bbox 2270 486 3841 563">
    <p class='ocr_par' dir='ltr' id='par_1_71' title="bbox 2270 486 3841 563">
     <span class='ocr_line' id='line_1_72' title="bbox 2270 486 3841 563; baseline 0.003 -23"><span class='ocrx_word' id='word_1_540' title='bbox 2270 490 2517 557; x_wconf 81' lang='grc' dir='ltr'>ταύτην,</span> <span class='ocrx_word' id='word_1_541' title='bbox 2551 491 2626 563; x_wconf 85' lang='grc' dir='ltr'>μὴ</span> <span class='ocrx_word' id='word_1_542' title='bbox 2654 491 2921 562; x_wconf 82' lang='grc' dir='ltr'>ξενισθῇς.</span> <span class='ocrx_word' id='word_1_543' title='bbox 2968 492 3029 544; x_wconf 81' lang='grc' dir='ltr'><strong>Ὀ</strong></span> <span class='ocrx_word' id='word_1_544' title='bbox 3060 493 3167 562; x_wconf 83' lang='grc' dir='ltr'>γὰρ</span> <span class='ocrx_word' id='word_1_545' title='bbox 3193 490 3355 555; x_wconf 84' lang='grc' dir='ltr'>τόπος</span> <span class='ocrx_word' id='word_1_546' title='bbox 3378 492 3578 555; x_wconf 87' lang='grc' dir='ltr'>ἐκεῖνος</span> <span class='ocrx_word' id='word_1_547' title='bbox 3604 486 3672 561; x_wconf 82' lang='grc' dir='ltr'>ἦν</span> <span class='ocrx_word' id='word_1_548' title='bbox 3711 491 3841 544; x_wconf 74' lang='grc' dir='ltr'>ἔνθα</span> 
     </span>
    </p>
   </div>
   <div class='ocr_carea' id='block_1_72' title="bbox 2273 574 3841 647">
    <p class='ocr_par' dir='ltr' id='par_1_72' title="bbox 2273 574 3841 647">
     <span class='ocr_line' id='line_1_73' title="bbox 2273 574 3841 647; baseline 0.003 -22"><span class='ocrx_word' id='word_1_549' title='bbox 2273 574 2412 645; x_wconf 85' lang='grc' dir='ltr'>ὑπὲρ</span> <span class='ocrx_word' id='word_1_550' title='bbox 2447 578 2546 638; x_wconf 84' lang='grc' dir='ltr'>τῆς</span> <span class='ocrx_word' id='word_1_551' title='bbox 2586 577 2772 639; x_wconf 88' lang='grc' dir='ltr'>Δείνας</span> <span class='ocrx_word' id='word_1_552' title='bbox 2804 580 2853 628; x_wconf 87' lang='grc' dir='ltr'>οἰ</span> <span class='ocrx_word' id='word_1_553' title='bbox 2882 578 3011 647; x_wconf 74' lang='grc' dir='ltr'>περὶ</span> <span class='ocrx_word' id='word_1_554' title='bbox 3041 577 3131 629; x_wconf 78' lang='grc' dir='ltr'>τὸν</span> <span class='ocrx_word' id='word_1_555' title='bbox 3155 576 3285 629; x_wconf 84' lang='grc' dir='ltr'><strong>Λευῖ</strong></span> <span class='ocrx_word' id='word_1_556' title='bbox 3322 577 3416 628; x_wconf 78' lang='grc' dir='ltr'>καὶ</span> <span class='ocrx_word' id='word_1_557' title='bbox 3452 577 3676 646; x_wconf 84' lang='grc' dir='ltr'>Συμεὼν</span> <span class='ocrx_word' id='word_1_558' title='bbox 3704 578 3812 645; x_wconf 84' lang='grc' dir='ltr'>ἀγα</span> <span class='ocrx_word' id='word_1_559' title='bbox 3838 610 3841 611; x_wconf 53' lang='grc' dir='ltr'>ν</span> 
     </span>
    </p>
   </div>
   <div class='ocr_carea' id='block_1_73' title="bbox 2281 659 3767 731">
    <p class='ocr_par' dir='ltr' id='par_1_73' title="bbox 2281 659 3767 731">
     <span class='ocr_line' id='line_1_74' title="bbox 2281 659 3767 731; baseline 0.003 -20"><span class='ocrx_word' id='word_1_560' title='bbox 2281 659 2623 725; x_wconf 82' lang='grc' dir='ltr'>νακτοῢντες,</span> <span class='ocrx_word' id='word_1_561' title='bbox 2648 662 2738 714; x_wconf 76' lang='grc' dir='ltr'>τὸν</span> <span class='ocrx_word' id='word_1_562' title='bbox 2759 662 2990 731; x_wconf 81' lang='grc' dir='ltr'>χαλεπὸν</span> <span class='ocrx_word' id='word_1_563' title='bbox 3018 662 3223 713; x_wconf 86' lang='grc' dir='ltr'>ἐκεῖνον</span> <span class='ocrx_word' id='word_1_564' title='bbox 3244 660 3566 730; x_wconf 77' lang='grc' dir='ltr'>εἰργάσαντο</span> <span class='ocrx_word' id='word_1_565' title='bbox 3589 660 3767 728; x_wconf 83' lang='grc' dir='ltr'>φόνον.</span> 
     </span>
    </p>
   </div>
   <div class='ocr_carea' id='block_1_74' title="bbox 2351 745 3843 815">
    <p class='ocr_par' dir='ltr' id='par_1_74' title="bbox 2351 745 3843 815">
     <span class='ocr_line' id='line_1_75' title="bbox 2351 745 3843 815; baseline -0.001 -17"><span class='ocrx_word' id='word_1_566' title='bbox 2351 747 2534 810; x_wconf 77' lang='grc' dir='ltr'>’Ἄξιον</span> <span class='ocrx_word' id='word_1_567' title='bbox 2561 746 2617 798; x_wconf 83' lang='grc' dir='ltr'>δὲ</span> <span class='ocrx_word' id='word_1_568' title='bbox 2644 746 2819 798; x_wconf 85' lang='grc' dir='ltr'>εἰπεῖν</span> <span class='ocrx_word' id='word_1_569' title='bbox 2841 747 2934 798; x_wconf 79' lang='grc' dir='ltr'>καὶ</span> <span class='ocrx_word' id='word_1_570' title='bbox 2961 746 3125 798; x_wconf 89' lang='grc' dir='ltr'>πόθεν</span> <span class='ocrx_word' id='word_1_571' title='bbox 3151 747 3201 797; x_wconf 90' lang='grc' dir='ltr'>οἰ</span> <span class='ocrx_word' id='word_1_572' title='bbox 3219 746 3552 815; x_wconf 84' lang='grc' dir='ltr'>Σαμαρεῖται</span> <span class='ocrx_word' id='word_1_573' title='bbox 3584 745 3843 814; x_wconf 85' lang='grc' dir='ltr'>συνέστη-</span> 
     </span>
    </p>
   </div>
   <div class='ocr_carea' id='block_1_75' title="bbox 2276 823 3841 900">
    <p class='ocr_par' dir='ltr' id='par_1_75' title="bbox 2276 823 3841 900">
     <span class='ocr_line' id='line_1_76' title="bbox 2276 823 3841 900; baseline -0.003 -17"><span class='ocrx_word' id='word_1_574' title='bbox 2276 848 2394 884; x_wconf 90' lang='grc' dir='ltr'>σαν.</span> <span class='ocrx_word' id='word_1_575' title='bbox 2428 830 2537 883; x_wconf 82' lang='grc' dir='ltr'>Καὶ</span> <span class='ocrx_word' id='word_1_576' title='bbox 2580 829 2690 900; x_wconf 86' lang='grc' dir='ltr'>γὰρ</span> <span class='ocrx_word' id='word_1_577' title='bbox 2718 831 2747 882; x_wconf 90' lang='lat'>6</span> <span class='ocrx_word' id='word_1_578' title='bbox 2788 830 2951 891; x_wconf 89' lang='grc' dir='ltr'>τόπος</span> <span class='ocrx_word' id='word_1_579' title='bbox 2991 823 3145 889; x_wconf 74' lang='grc' dir='ltr'>οὗτος</span> <span class='ocrx_word' id='word_1_580' title='bbox 3175 829 3321 891; x_wconf 81' lang='grc' dir='ltr'>ἀπας</span> <span class='ocrx_word' id='word_1_581' title='bbox 3354 827 3635 897; x_wconf 86' lang='grc' dir='ltr'>Σαμάρεια</span> <span class='ocrx_word' id='word_1_582' title='bbox 3660 827 3841 880; x_wconf 82' lang='grc' dir='ltr'>καλεῖ-</span> 
     </span>
    </p>
   </div>
   <div class='ocr_carea' id='block_1_76' title="bbox 2272 908 3841 984">
    <p class='ocr_par' dir='ltr' id='par_1_76' title="bbox 2272 908 3841 984">
     <span class='ocr_line' id='line_1_77' title="bbox 2272 908 3841 984; baseline -0.001 -19"><span class='ocrx_word' id='word_1_583' title='bbox 2272 930 2383 967; x_wconf 89' lang='grc' dir='ltr'>ται.</span> <span class='ocrx_word' id='word_1_584' title='bbox 2430 912 2601 965; x_wconf 85' lang='grc' dir='ltr'>Πόθεν</span> <span class='ocrx_word' id='word_1_585' title='bbox 2640 908 2733 966; x_wconf 79' lang='grc' dir='ltr'>οὖν</span> <span class='ocrx_word' id='word_1_586' title='bbox 2774 912 2873 984; x_wconf 85' lang='grc' dir='ltr'>τὴν</span> <span class='ocrx_word' id='word_1_587' title='bbox 2904 912 3275 982; x_wconf 87' lang='grc' dir='ltr'>προσηγορίαν</span> <span class='ocrx_word' id='word_1_588' title='bbox 3321 910 3547 973; x_wconf 81' lang='grc' dir='ltr'>ἐλαϐον;</span> <span class='ocrx_word' id='word_1_589' title='bbox 3576 910 3752 981; x_wconf 82' lang='grc' dir='ltr'>Σομδρ</span> <span class='ocrx_word' id='word_1_590' title='bbox 3778 911 3841 964; x_wconf 77' lang='grc' dir='ltr'>τὸ</span> 
     </span>
    </p>
   </div>
   <div class='ocr_carea' id='block_1_77' title="bbox 2272 994 3843 1065">
    <p class='ocr_par' dir='ltr' id='par_1_77' title="bbox 2272 994 3843 1065">
     <span class='ocr_line' id='line_1_78' title="bbox 2272 994 3843 1065; baseline 0 -17"><span class='ocrx_word' id='word_1_591' title='bbox 2272 997 2397 1065; x_wconf 83' lang='grc' dir='ltr'>δρος</span> <span class='ocrx_word' id='word_1_592' title='bbox 2442 996 2659 1064; x_wconf 84' lang='grc' dir='ltr'>ἐλέγετο</span> <span class='ocrx_word' id='word_1_593' title='bbox 2710 996 2819 1049; x_wconf 81' lang='grc' dir='ltr'>ἀπὸ</span> <span class='ocrx_word' id='word_1_594' title='bbox 2871 995 2966 1049; x_wconf 80' lang='grc' dir='ltr'>τοῦ</span> <span class='ocrx_word' id='word_1_595' title='bbox 3015 994 3388 1065; x_wconf 80' lang='grc' dir='ltr'>κτησαμένου,</span> <span class='ocrx_word' id='word_1_596' title='bbox 3444 995 3697 1063; x_wconf 81' lang='grc' dir='ltr'>καθάπερ</span> <span class='ocrx_word' id='word_1_597' title='bbox 3744 996 3843 1048; x_wconf 76' lang='grc' dir='ltr'>καὶ</span> 
     </span>
    </p>
   </div>
   <div class='ocr_carea' id='block_1_78' title="bbox 2286 1077 3835 1150">
    <p class='ocr_par' dir='ltr' id='par_1_78' title="bbox 2286 1077 3835 1150">
     <span class='ocr_line' id='line_1_79' title="bbox 2286 1077 3835 1150; baseline 0.001 -19"><span class='ocrx_word' id='word_1_598' title='bbox 2286 1080 2512 1143; x_wconf 80' lang='grc' dir='ltr'>Ἡσαΐας</span> <span class='ocrx_word' id='word_1_599' title='bbox 2541 1079 2707 1150; x_wconf 84' lang='grc' dir='ltr'>φησί’</span> <span class='ocrx_word' id='word_1_600' title='bbox 2743 1079 2851 1134; x_wconf 78' lang='grc' dir='ltr'>Καὶ</span> <span class='ocrx_word' id='word_1_601' title='bbox 2874 1079 2913 1148; x_wconf 79' lang='grc' dir='ltr'><strong><em>ἡ</em></strong></span> <span class='ocrx_word' id='word_1_602' title='bbox 2942 1077 3178 1148; x_wconf 73' lang='grc' dir='ltr'>κεφαλὴ</span> <span class='ocrx_word' id='word_1_603' title='bbox 3212 1080 3510 1147; x_wconf 85' lang='grc' dir='ltr'>Σομόρων,</span> <span class='ocrx_word' id='word_1_604' title='bbox 3558 1080 3835 1148; x_wconf 63' lang='grc' dir='ltr'>Ἐφροᾲι·</span> 
     </span>
    </p>
   </div>
   <div class='ocr_carea' id='block_1_79' title="bbox 2272 1160 3842 1234">
    <p class='ocr_par' dir='ltr' id='par_1_79' title="bbox 2272 1160 3842 1234">
     <span class='ocr_line' id='line_1_80' title="bbox 2272 1160 3842 1234; baseline 0.001 -19"><span class='ocrx_word' id='word_1_605' title='bbox 2272 1162 2385 1215; x_wconf 78' lang='grc' dir='ltr'>ἀλλ’</span> <span class='ocrx_word' id='word_1_606' title='bbox 2416 1162 2464 1215; x_wconf 86' lang='grc' dir='ltr'>οἱ</span> <span class='ocrx_word' id='word_1_607' title='bbox 2504 1160 2884 1225; x_wconf 79' lang='grc' dir='ltr'>κατοικοῦντες</span> <span class='ocrx_word' id='word_1_608' title='bbox 2922 1162 2984 1214; x_wconf 89' lang='grc' dir='ltr'>οὑ</span> <span class='ocrx_word' id='word_1_609' title='bbox 3030 1164 3386 1231; x_wconf 88' lang='grc' dir='ltr'>Σαμαρεῖται,</span> <span class='ocrx_word' id='word_1_610' title='bbox 3420 1162 3534 1216; x_wconf 87' lang='grc' dir='ltr'>ἀλλ’</span> <span class='ocrx_word' id='word_1_611' title='bbox 3576 1164 3842 1234; x_wconf 86' lang='grc' dir='ltr'>Ἰσραηλῖ-</span> 
     </span>
    </p>
   </div>
   <div class='ocr_carea' id='block_1_80' title="bbox 2268 1244 3843 1316">
    <p class='ocr_par' dir='ltr' id='par_1_80' title="bbox 2268 1244 3843 1316">
     <span class='ocr_line' id='line_1_81' title="bbox 2268 1244 3843 1316; baseline 0.001 -19"><span class='ocrx_word' id='word_1_612' title='bbox 2268 1260 2361 1297; x_wconf 86' lang='grc' dir='ltr'>ται</span> <span class='ocrx_word' id='word_1_613' title='bbox 2389 1245 2653 1314; x_wconf 86' lang='grc' dir='ltr'>ἐλέγοντο.</span> <span class='ocrx_word' id='word_1_614' title='bbox 2688 1245 2892 1316; x_wconf 87' lang='grc' dir='ltr'>Χρόνου</span> <span class='ocrx_word' id='word_1_615' title='bbox 2913 1245 2969 1298; x_wconf 84' lang='grc' dir='ltr'>δὲ</span> <span class='ocrx_word' id='word_1_616' title='bbox 2995 1244 3294 1315; x_wconf 86' lang='grc' dir='ltr'>προίόντος,</span> <span class='ocrx_word' id='word_1_617' title='bbox 3326 1245 3733 1316; x_wconf 80' lang='grc' dir='ltr'>προσέκρουσαν</span> <span class='ocrx_word' id='word_1_618' title='bbox 3762 1245 3843 1315; x_wconf 77' lang='grc' dir='ltr'>τῷ</span> 
     </span>
    </p>
   </div>
   <div class='ocr_carea' id='block_1_81' title="bbox 2272 1328 3841 1399">
    <p class='ocr_par' dir='ltr' id='par_1_81' title="bbox 2272 1328 3841 1399">
     <span class='ocr_line' id='line_1_82' title="bbox 2272 1328 3841 1399; baseline 0.003 -21"><span class='ocrx_word' id='word_1_619' title='bbox 2272 1328 2418 1397; x_wconf 76' lang='grc' dir='ltr'>Θεῷ·</span> <span class='ocrx_word' id='word_1_620' title='bbox 2486 1330 2581 1383; x_wconf 78' lang='grc' dir='ltr'>καὶ</span> <span class='ocrx_word' id='word_1_621' title='bbox 2635 1328 3049 1399; x_wconf 87' lang='grc' dir='ltr'>βασιλεύσαντος</span> <span class='ocrx_word' id='word_1_622' title='bbox 3098 1329 3293 1392; x_wconf 83' lang='grc' dir='ltr'>Φακεὲ,</span> <span class='ocrx_word' id='word_1_623' title='bbox 3344 1328 3580 1382; x_wconf 88' lang='grc' dir='ltr'>ἀνελθὼν</span> <span class='ocrx_word' id='word_1_624' title='bbox 3629 1330 3841 1398; x_wconf 81' lang='grc' dir='ltr'>Θεγλάθ</span> 
     </span>
    </p>
   </div>
   <div class='ocr_carea' id='block_1_82' title="bbox 2272 1406 3841 1484">
    <p class='ocr_par' dir='ltr' id='par_1_82' title="bbox 2272 1406 3841 1484">
     <span class='ocr_line' id='line_1_83' title="bbox 2272 1406 3841 1484; baseline 0.001 -21"><span class='ocrx_word' id='word_1_625' title='bbox 2272 1411 2547 1484; x_wconf 80' lang='grc' dir='ltr'>Φαλασάρ,</span> <span class='ocrx_word' id='word_1_626' title='bbox 2589 1411 2771 1476; x_wconf 86' lang='grc' dir='ltr'>πόλεις</span> <span class='ocrx_word' id='word_1_627' title='bbox 2808 1429 2868 1464; x_wconf 92' lang='grc' dir='ltr'>τε</span> <span class='ocrx_word' id='word_1_628' title='bbox 2918 1406 3031 1465; x_wconf 80' lang='grc' dir='ltr'>εἷλε</span> <span class='ocrx_word' id='word_1_629' title='bbox 3072 1411 3293 1474; x_wconf 78' lang='grc' dir='ltr'>πολλὰς.</span> <span class='ocrx_word' id='word_1_630' title='bbox 3347 1412 3439 1464; x_wconf 65' lang='grc' dir='ltr'>καὶ¹</span> <span class='ocrx_word' id='word_1_631' title='bbox 3505 1411 3725 1464; x_wconf 80' lang='grc' dir='ltr'>ἐπέθετο</span> <span class='ocrx_word' id='word_1_632' title='bbox 3758 1412 3841 1483; x_wconf 80' lang='grc' dir='ltr'>τῷ</span> 
     </span>
    </p>
   </div>
   <div class='ocr_carea' id='block_1_83' title="bbox 2284 1493 3841 1566">
    <p class='ocr_par' dir='ltr' id='par_1_83' title="bbox 2284 1493 3841 1566">
     <span class='ocr_line' id='line_1_84' title="bbox 2284 1493 3841 1566; baseline -0.001 -18"><span class='ocrx_word' id='word_1_633' title='bbox 2284 1493 2437 1566; x_wconf 83' lang='grc' dir='ltr'>Ἥλᾷ,</span> <span class='ocrx_word' id='word_1_634' title='bbox 2474 1496 2565 1550; x_wconf 76' lang='grc' dir='ltr'>καὶ</span> <span class='ocrx_word' id='word_1_635' title='bbox 2597 1495 2798 1548; x_wconf 86' lang='grc' dir='ltr'>ἀνελὼν</span> <span class='ocrx_word' id='word_1_636' title='bbox 2840 1494 3023 1559; x_wconf 82' lang='grc' dir='ltr'>αὑτὸν,</span> <span class='ocrx_word' id='word_1_637' title='bbox 3066 1494 3224 1565; x_wconf 85' lang='grc' dir='ltr'>Ὠσηέ</span> <span class='ocrx_word' id='word_1_638' title='bbox 3257 1494 3355 1565; x_wconf 81' lang='grc' dir='ltr'>τὴν</span> <span class='ocrx_word' id='word_1_639' title='bbox 3402 1495 3676 1565; x_wconf 86' lang='grc' dir='ltr'>βασιλείαν</span> <span class='ocrx_word' id='word_1_640' title='bbox 3711 1494 3841 1547; x_wconf 78' lang='grc' dir='ltr'>ἔδω-</span> 
     </span>
    </p>
   </div>
   <div class='ocr_carea' id='block_1_84' title="bbox 2274 1572 3840 1649">
    <p class='ocr_par' dir='ltr' id='par_1_84' title="bbox 2274 1572 3840 1649">
     <span class='ocr_line' id='line_1_85' title="bbox 2274 1572 3840 1649; baseline -0.001 -18"><span class='ocrx_word' id='word_1_641' title='bbox 2274 1597 2389 1633; x_wconf 89' lang='grc' dir='ltr'>κεν.</span> <span class='ocrx_word' id='word_1_642' title='bbox 2436 1580 2559 1632; x_wconf 76' lang='grc' dir='ltr'>Ἐπὶ</span> <span class='ocrx_word' id='word_1_643' title='bbox 2594 1579 2784 1631; x_wconf 78' lang='grc' dir='ltr'>τοῦτον</span> <span class='ocrx_word' id='word_1_644' title='bbox 2813 1577 2981 1631; x_wconf 86' lang='grc' dir='ltr'>ἐλθὼν</span> <span class='ocrx_word' id='word_1_645' title='bbox 3006 1580 3033 1630; x_wconf 91' lang='lat'>6</span> <span class='ocrx_word' id='word_1_646' title='bbox 3071 1578 3456 1649; x_wconf 85' lang='grc' dir='ltr'>Σαλμανασὰρ,</span> <span class='ocrx_word' id='word_1_647' title='bbox 3505 1572 3617 1630; x_wconf 75' lang='grc' dir='ltr'>εἷλε</span> <span class='ocrx_word' id='word_1_648' title='bbox 3653 1578 3840 1642; x_wconf 86' lang='grc' dir='ltr'>πόλεις</span> 
     </span>
    </p>
   </div>
   <div class='ocr_carea' id='block_1_85' title="bbox 2274 1662 3841 1734">
    <p class='ocr_par' dir='ltr' id='par_1_85' title="bbox 2274 1662 3841 1734">
     <span class='ocr_line' id='line_1_86' title="bbox 2274 1662 3841 1734; baseline 0 -20"><span class='ocrx_word' id='word_1_649' title='bbox 2274 1663 2467 1734; x_wconf 84' lang='grc' dir='ltr'>ἐτέρας</span> <span class='ocrx_word' id='word_1_650' title='bbox 2489 1674 2533 1728; x_wconf 74' lang='grc' dir='ltr'>ο,</span> <span class='ocrx_word' id='word_1_651' title='bbox 2560 1663 2653 1715; x_wconf 75' lang='grc' dir='ltr'>καὶ</span> <span class='ocrx_word' id='word_1_652' title='bbox 2676 1662 2980 1732; x_wconf 85' lang='grc' dir='ltr'>ὑποφόρους</span> <span class='ocrx_word' id='word_1_653' title='bbox 2997 1662 3219 1732; x_wconf 87' lang='grc' dir='ltr'>ἐποίησε</span> <span class='ocrx_word' id='word_1_654' title='bbox 3251 1663 3344 1715; x_wconf 80' lang='grc' dir='ltr'>καὶ</span> <span class='ocrx_word' id='word_1_655' title='bbox 3360 1662 3659 1724; x_wconf 86' lang='grc' dir='ltr'>ὑποτελεῖς.</span> <span class='ocrx_word' id='word_1_656' title='bbox 3696 1662 3841 1714; x_wconf 77' lang='grc' dir='ltr'>Ἀλλ’</span> 
     </span>
    </p>
   </div>
   <div class='ocr_carea' id='block_1_86' title="bbox 2271 1735 3841 1815">
    <p class='ocr_par' dir='ltr' id='par_1_86' title="bbox 2271 1735 3841 1815">
     <span class='ocr_line' id='line_1_87' title="bbox 2271 1735 3841 1815; baseline 0 -20"><span class='ocrx_word' id='word_1_657' title='bbox 2271 1735 2426 1804; x_wconf 74' lang='grc' dir='ltr'>οὗτος</span> <span class='ocrx_word' id='word_1_658' title='bbox 2455 1742 2514 1795; x_wconf 84' lang='grc' dir='ltr'>τὸ</span> <span class='ocrx_word' id='word_1_659' title='bbox 2564 1743 2663 1812; x_wconf 85' lang='grc' dir='ltr'>μὲν</span> <span class='ocrx_word' id='word_1_660' title='bbox 2693 1743 2907 1815; x_wconf 84' lang='grc' dir='ltr'>πρῶτον</span> <span class='ocrx_word' id='word_1_661' title='bbox 2950 1740 3090 1809; x_wconf 83' lang='grc' dir='ltr'>εἶξεν</span> <span class='ocrx_word' id='word_1_662' title='bbox 3109 1762 3123 1775; x_wconf 65' lang='grc' dir='ltr'>θ</span> <span class='ocrx_word' id='word_1_663' title='bbox 3156 1743 3377 1815; x_wconf 79' lang='grc' dir='ltr'>ὕστερον</span> <span class='ocrx_word' id='word_1_664' title='bbox 3414 1743 3472 1797; x_wconf 84' lang='grc' dir='ltr'>δὲ</span> <span class='ocrx_word' id='word_1_665' title='bbox 3502 1744 3708 1813; x_wconf 85' lang='grc' dir='ltr'>ἀπέστη</span> <span class='ocrx_word' id='word_1_666' title='bbox 3736 1744 3841 1813; x_wconf 86' lang='grc' dir='ltr'>τῆς</span> 
     </span>
    </p>
   </div>
   <div class='ocr_carea' id='block_1_87' title="bbox 2271 1820 3841 1894">
    <p class='ocr_par' dir='ltr' id='par_1_87' title="bbox 2271 1820 3841 1894">
     <span class='ocr_line' id='line_1_88' title="bbox 2271 1820 3841 1894; baseline 0 -20"><span class='ocrx_word' id='word_1_667' title='bbox 2271 1822 2469 1892; x_wconf 85' lang='grc' dir='ltr'>ἀρχῆς,</span> <span class='ocrx_word' id='word_1_668' title='bbox 2499 1823 2595 1874; x_wconf 56' lang='grc' dir='ltr'>καί⁸</span> <span class='ocrx_word' id='word_1_669' title='bbox 2631 1822 2768 1893; x_wconf 81' lang='grc' dir='ltr'>πρὸς</span> <span class='ocrx_word' id='word_1_670' title='bbox 2802 1820 2898 1891; x_wconf 79' lang='grc' dir='ltr'>τὴν</span> <span class='ocrx_word' id='word_1_671' title='bbox 2927 1822 3036 1875; x_wconf 87' lang='grc' dir='ltr'>τῶν</span> <span class='ocrx_word' id='word_1_672' title='bbox 3070 1822 3342 1876; x_wconf 83' lang='grc' dir='ltr'>Αἰθιόπων</span> <span class='ocrx_word' id='word_1_673' title='bbox 3387 1825 3662 1893; x_wconf 76' lang='grc' dir='ltr'>κατέφυγε</span> <span class='ocrx_word' id='word_1_674' title='bbox 3697 1839 3841 1894; x_wconf 67' lang='grc' dir='ltr'>συμο</span> 
     </span>
    </p>
   </div>
   <div class='ocr_carea' id='block_1_88' title="bbox 2274 1900 3839 1973">
    <p class='ocr_par' dir='ltr' id='par_1_88' title="bbox 2274 1900 3839 1973">
     <span class='ocr_line' id='line_1_89' title="bbox 2274 1900 3839 1973; baseline 0.001 -19"><span class='ocrx_word' id='word_1_675' title='bbox 2274 1900 2496 1971; x_wconf 90' lang='grc' dir='ltr'>μαχίαν.</span> <span class='ocrx_word' id='word_1_676' title='bbox 2519 1902 2698 1969; x_wconf 81' lang='grc' dir='ltr'>Ἔγνω</span> <span class='ocrx_word' id='word_1_677' title='bbox 2713 1900 2869 1953; x_wconf 76' lang='grc' dir='ltr'>τοῦτο</span> <span class='ocrx_word' id='word_1_678' title='bbox 2891 1902 2921 1953; x_wconf 97' lang='lat'>6</span> <span class='ocrx_word' id='word_1_679' title='bbox 2952 1900 3252 1973; x_wconf 87' lang='grc' dir='ltr'>Ἀσσύριος,</span> <span class='ocrx_word' id='word_1_680' title='bbox 3272 1904 3363 1956; x_wconf 76' lang='grc' dir='ltr'>καὶ</span> <span class='ocrx_word' id='word_1_681' title='bbox 3381 1903 3839 1973; x_wconf 85' lang='grc' dir='ltr'>ἐπιστρατεύσας,</span> 
     </span>
    </p>
   </div>
   <div class='ocr_carea' id='block_1_89' title="bbox 2271 1983 3845 2055">
    <p class='ocr_par' dir='ltr' id='par_1_89' title="bbox 2271 1983 3845 2055">
     <span class='ocr_line' id='line_1_90' title="bbox 2271 1983 3845 2055; baseline 0.001 -18"><span class='ocrx_word' id='word_1_682' title='bbox 2271 1986 2367 2037; x_wconf 63' lang='grc' dir='ltr'>καὶ¹</span> <span class='ocrx_word' id='word_1_683' title='bbox 2417 1983 2621 2038; x_wconf 87' lang='grc' dir='ltr'>ἀνελὼν</span> <span class='ocrx_word' id='word_1_684' title='bbox 2657 1984 2873 2049; x_wconf 87' lang='grc' dir='ltr'>αὑτοὺς,</span> <span class='ocrx_word' id='word_1_685' title='bbox 2923 1984 3024 2038; x_wconf 86' lang='grc' dir='ltr'>οὐκ</span> <span class='ocrx_word' id='word_1_686' title='bbox 3064 1985 3239 2038; x_wconf 79' lang='grc' dir='ltr'>ἔτιτὸ</span> <span class='ocrx_word' id='word_1_687' title='bbox 3282 1986 3433 2050; x_wconf 78' lang='grc' dir='ltr'>ἔθνος</span> <span class='ocrx_word' id='word_1_688' title='bbox 3480 1988 3599 2039; x_wconf 89' lang='grc' dir='ltr'>ἐκεῖ</span> <span class='ocrx_word' id='word_1_689' title='bbox 3654 1986 3845 2055; x_wconf 83' lang='grc' dir='ltr'>μένειν</span> 
     </span>
    </p>
   </div>
   <div class='ocr_carea' id='block_1_90' title="bbox 2269 2063 3841 2134">
    <p class='ocr_par' dir='ltr' id='par_1_90' title="bbox 2269 2063 3841 2134">
     <span class='ocr_line' id='line_1_91' title="bbox 2269 2063 3841 2134; baseline 0.001 -17"><span class='ocrx_word' id='word_1_690' title='bbox 2269 2064 2482 2133; x_wconf 85' lang='grc' dir='ltr'>ἀφίησι,</span> <span class='ocrx_word' id='word_1_691' title='bbox 2516 2063 2606 2119; x_wconf 87' lang='grc' dir='ltr'>διὰ</span> <span class='ocrx_word' id='word_1_692' title='bbox 2630 2065 2727 2127; x_wconf 85' lang='grc' dir='ltr'>τὰς</span> <span class='ocrx_word' id='word_1_693' title='bbox 2755 2065 3007 2127; x_wconf 86' lang='grc' dir='ltr'>τοιαύτας</span> <span class='ocrx_word' id='word_1_694' title='bbox 3045 2065 3144 2134; x_wconf 89' lang='grc' dir='ltr'>τῆς</span> <span class='ocrx_word' id='word_1_695' title='bbox 3183 2066 3534 2128; x_wconf 83' lang='grc' dir='ltr'>ἀποστάσεως</span> <span class='ocrx_word' id='word_1_696' title='bbox 3571 2064 3801 2133; x_wconf 71' lang='grc' dir='ltr'>ὑποψίας</span> <span class='ocrx_word' id='word_1_697' title='bbox 3822 2082 3841 2096; x_wconf 77' lang='grc' dir='ltr'><strong><em>ο</em></strong></span> 
     </span>
    </p>
   </div>
   <div class='ocr_carea' id='block_1_91' title="bbox 2269 2144 3842 2223">
    <p class='ocr_par' dir='ltr' id='par_1_91' title="bbox 2269 2144 3842 2223">
     <span class='ocr_line' id='line_1_92' title="bbox 2269 2144 3842 2223; baseline 0.001 -20"><span class='ocrx_word' id='word_1_698' title='bbox 2269 2144 2407 2223; x_wconf 76' lang='grc' dir='ltr'>ἀλλὰ</span> <span class='ocrx_word' id='word_1_699' title='bbox 2429 2144 2652 2223; x_wconf 75' lang='grc' dir='ltr'>τούτους</span> <span class='ocrx_word' id='word_1_700' title='bbox 2691 2146 2788 2215; x_wconf 83' lang='grc' dir='ltr'>μὲν</span> <span class='ocrx_word' id='word_1_701' title='bbox 2822 2147 2901 2209; x_wconf 88' lang='grc' dir='ltr'>εἰς</span> <span class='ocrx_word' id='word_1_702' title='bbox 2938 2146 3229 2199; x_wconf 87' lang='grc' dir='ltr'>Βαϐυλῶνα</span> <span class='ocrx_word' id='word_1_703' title='bbox 3258 2148 3431 2217; x_wconf 82' lang='grc' dir='ltr'>ήγαγε</span> <span class='ocrx_word' id='word_1_704' title='bbox 3464 2149 3557 2201; x_wconf 82' lang='grc' dir='ltr'>καὶ</span> <span class='ocrx_word' id='word_1_705' title='bbox 3598 2152 3842 2223; x_wconf 80' lang='grc' dir='ltr'>Μήδους,</span> 
     </span>
    </p>
   </div>
   <div class='ocr_carea' id='block_1_92' title="bbox 2271 2222 3847 2301">
    <p class='ocr_par' dir='ltr' id='par_1_92' title="bbox 2271 2222 3847 2301">
     <span class='ocr_line' id='line_1_93' title="bbox 2271 2222 3847 2301; baseline 0.006 -27"><span class='ocrx_word' id='word_1_706' title='bbox 2271 2222 2479 2275; x_wconf 90' lang='grc' dir='ltr'>ἐκεῖθεν</span> <span class='ocrx_word' id='word_1_707' title='bbox 2508 2222 2564 2274; x_wconf 85' lang='grc' dir='ltr'>δὲ</span> <span class='ocrx_word' id='word_1_708' title='bbox 2587 2222 2713 2293; x_wconf 77' lang='grc' dir='ltr'>ἔθνη</span> <span class='ocrx_word' id='word_1_709' title='bbox 2740 2226 2805 2276; x_wconf 87' lang='grc' dir='ltr'>ἐκ</span> <span class='ocrx_word' id='word_1_710' title='bbox 2828 2224 3099 2295; x_wconf 86' lang='grc' dir='ltr'>διαφόρων</span> <span class='ocrx_word' id='word_1_711' title='bbox 3126 2224 3301 2278; x_wconf 88' lang='grc' dir='ltr'>τόπων</span> <span class='ocrx_word' id='word_1_712' title='bbox 3330 2227 3573 2295; x_wconf 86' lang='grc' dir='ltr'>ἀγαγὼν,</span> <span class='ocrx_word' id='word_1_713' title='bbox 3604 2222 3847 2301; x_wconf 75' lang='grc' dir='ltr'>κατῴκιο</span> 
     </span>
    </p>
   </div>
   <div class='ocr_carea' id='block_1_93' title="bbox 2271 2302 3847 2382">
    <p class='ocr_par' dir='ltr' id='par_1_93' title="bbox 2271 2302 3847 2382">
     <span class='ocr_line' id='line_1_94' title="bbox 2271 2302 3847 2382; baseline 0.008 -29"><span class='ocrx_word' id='word_1_714' title='bbox 2271 2319 2362 2382; x_wconf 88' lang='grc' dir='ltr'>σεν</span> <span class='ocrx_word' id='word_1_715' title='bbox 2384 2303 2448 2382; x_wconf 20' lang='grc' dir='ltr'>*ἐν</span> <span class='ocrx_word' id='word_1_716' title='bbox 2474 2303 2538 2382; x_wconf 61' lang='grc' dir='ltr'>τῇ</span> <span class='ocrx_word' id='word_1_717' title='bbox 2577 2302 2889 2382; x_wconf 80' lang='grc' dir='ltr'>Σαμαρείᾳ,</span> <span class='ocrx_word' id='word_1_718' title='bbox 2917 2303 3063 2382; x_wconf 4' lang='grc' dir='ltr'>,ὥστε</span> <span class='ocrx_word' id='word_1_719' title='bbox 3115 2303 3298 2357; x_wconf 84' lang='grc' dir='ltr'>λοιπὸν</span> <span class='ocrx_word' id='word_1_720' title='bbox 3329 2305 3545 2378; x_wconf 85' lang='grc' dir='ltr'>ἀσφαλῆ</span> <span class='ocrx_word' id='word_1_721' title='bbox 3568 2309 3715 2379; x_wconf 89' lang='grc' dir='ltr'>αύτῷ</span> <span class='ocrx_word' id='word_1_722' title='bbox 3741 2312 3847 2382; x_wconf 74' lang='grc' dir='ltr'>τὴν</span> 
     </span>
    </p>
   </div>
   <div class='ocr_carea' id='block_1_94' title="bbox 2267 2376 3846 2451">
    <p class='ocr_par' dir='ltr' id='par_1_94' title="bbox 2267 2376 3846 2451">
     <span class='ocr_line' id='line_1_95' title="bbox 2267 2376 3846 2451; baseline 0.006 -18"><span class='ocrx_word' id='word_1_723' title='bbox 2267 2379 2441 2451; x_wconf 85' lang='grc' dir='ltr'>ἀρχὴν</span> <span class='ocrx_word' id='word_1_724' title='bbox 2470 2376 2626 2440; x_wconf 78' lang='grc' dir='ltr'>εἶναι,</span> <span class='ocrx_word' id='word_1_725' title='bbox 2655 2379 2762 2433; x_wconf 90' lang='grc' dir='ltr'>τῶν</span> <span class='ocrx_word' id='word_1_726' title='bbox 2787 2381 3001 2434; x_wconf 86' lang='grc' dir='ltr'>οἰκείων</span> <span class='ocrx_word' id='word_1_727' title='bbox 3025 2382 3255 2451; x_wconf 89' lang='grc' dir='ltr'>ἐχόντων</span> <span class='ocrx_word' id='word_1_728' title='bbox 3287 2383 3379 2438; x_wconf 85' lang='grc' dir='ltr'>τὸν</span> <span class='ocrx_word' id='word_1_729' title='bbox 3398 2376 3580 2440; x_wconf 81' lang='grc' dir='ltr'>τόπον.</span> <span class='ocrx_word' id='word_1_730' title='bbox 3624 2376 3846 2442; x_wconf 73' lang='grc' dir='ltr'>Τούτων</span> 
     </span>
    </p>
   </div>
   <div class='ocr_carea' id='block_1_95' title="bbox 2267 2466 3847 2546">
    <p class='ocr_par' dir='ltr' id='par_1_95' title="bbox 2267 2466 3847 2546">
     <span class='ocr_line' id='line_1_96' title="bbox 2267 2466 3847 2546; baseline 0.008 -27"><span class='ocrx_word' id='word_1_731' title='bbox 2267 2466 2326 2519; x_wconf 82' lang='grc' dir='ltr'>δὲ</span> <span class='ocrx_word' id='word_1_732' title='bbox 2368 2468 2702 2537; x_wconf 84' lang='grc' dir='ltr'>γενομένων.</span> <span class='ocrx_word' id='word_1_733' title='bbox 2748 2468 3064 2539; x_wconf 88' lang='grc' dir='ltr'>βουλόμενος</span> <span class='ocrx_word' id='word_1_734' title='bbox 3102 2472 3131 2523; x_wconf 88' lang='lat'>6</span> <span class='ocrx_word' id='word_1_735' title='bbox 3167 2471 3299 2533; x_wconf 80' lang='grc' dir='ltr'>Θεὸς</span> <span class='ocrx_word' id='word_1_736' title='bbox 3334 2471 3504 2537; x_wconf 81' lang='grc' dir='ltr'>δεῖξαι</span> <span class='ocrx_word' id='word_1_737' title='bbox 3541 2475 3639 2546; x_wconf 81' lang='grc' dir='ltr'>τὴν</span> <span class='ocrx_word' id='word_1_738' title='bbox 3674 2478 3847 2531; x_wconf 75' lang='grc' dir='ltr'>αὑτοῦ</span> 
     </span>
    </p>
   </div>
   <div class='ocr_carea' id='block_1_96' title="bbox 2267 2550 3844 2624">
    <p class='ocr_par' dir='ltr' id='par_1_96' title="bbox 2267 2550 3844 2624">
     <span class='ocr_line' id='line_1_97' title="bbox 2267 2550 3844 2624; baseline 0.006 -20"><span class='ocrx_word' id='word_1_739' title='bbox 2267 2550 2516 2621; x_wconf 91' lang='grc' dir='ltr'>δύναμιν,</span> <span class='ocrx_word' id='word_1_740' title='bbox 2543 2554 2637 2605; x_wconf 76' lang='grc' dir='ltr'>καὶ</span> <span class='ocrx_word' id='word_1_741' title='bbox 2668 2554 2742 2617; x_wconf 86' lang='grc' dir='ltr'>ὡς</span> <span class='ocrx_word' id='word_1_742' title='bbox 2763 2553 2824 2606; x_wconf 88' lang='grc' dir='ltr'>οὐ</span> <span class='ocrx_word' id='word_1_743' title='bbox 2845 2552 2912 2605; x_wconf 89' lang='grc' dir='ltr'>δι’</span> <span class='ocrx_word' id='word_1_744' title='bbox 2938 2552 3216 2607; x_wconf 87' lang='grc' dir='ltr'>ἀσθένειαν</span> <span class='ocrx_word' id='word_1_745' title='bbox 3239 2553 3497 2618; x_wconf 82' lang='grc' dir='ltr'>ἐξέδωκεν</span> <span class='ocrx_word' id='word_1_746' title='bbox 3532 2559 3844 2624; x_wconf 83' lang='grc' dir='ltr'>Ἰουδαίους,</span> 
     </span>
    </p>
   </div>
   <div class='ocr_carea' id='block_1_97' title="bbox 2269 2630 3847 2706">
    <p class='ocr_par' dir='ltr' id='par_1_97' title="bbox 2269 2630 3847 2706">
     <span class='ocr_line' id='line_1_98' title="bbox 2269 2630 3847 2706; baseline 0.005 -21"><span class='ocrx_word' id='word_1_747' title='bbox 2269 2630 2405 2685; x_wconf 85' lang='grc' dir='ltr'>ἀλλὰ</span> <span class='ocrx_word' id='word_1_748' title='bbox 2432 2633 2500 2685; x_wconf 88' lang='grc' dir='ltr'>δι’</span> <span class='ocrx_word' id='word_1_749' title='bbox 2525 2633 2800 2703; x_wconf 84' lang='grc' dir='ltr'>ἁμαρτίας</span> <span class='ocrx_word' id='word_1_750' title='bbox 2824 2632 2933 2685; x_wconf 90' lang='grc' dir='ltr'>τῶν</span> <span class='ocrx_word' id='word_1_751' title='bbox 2955 2632 3300 2697; x_wconf 81' lang='grc' dir='ltr'>ἐκδοθέντων,</span> <span class='ocrx_word' id='word_1_752' title='bbox 3324 2636 3586 2706; x_wconf 86' lang='grc' dir='ltr'>ἐπαφίησι</span> <span class='ocrx_word' id='word_1_753' title='bbox 3620 2637 3847 2702; x_wconf 83' lang='grc' dir='ltr'>λέοντας</span> 
     </span>
    </p>
   </div>
   <div class='ocr_carea' id='block_1_98' title="bbox 2269 2710 3846 2782">
    <p class='ocr_par' dir='ltr' id='par_1_98' title="bbox 2269 2710 3846 2782">
     <span class='ocr_line' id='line_1_99' title="bbox 2269 2710 3846 2782; baseline 0.007 -21"><span class='ocrx_word' id='word_1_754' title='bbox 2269 2713 2382 2773; x_wconf 89' lang='grc' dir='ltr'>τοῖς</span> <span class='ocrx_word' id='word_1_755' title='bbox 2409 2710 2703 2782; x_wconf 86' lang='grc' dir='ltr'>βαρβάροις</span> <span class='ocrx_word' id='word_1_756' title='bbox 2728 2727 2742 2741; x_wconf 76' lang='grc' dir='ltr'><strong>ο</strong></span> <span class='ocrx_word' id='word_1_757' title='bbox 2773 2712 2965 2771; x_wconf 85' lang='grc' dir='ltr'>οἵτινες</span> <span class='ocrx_word' id='word_1_758' title='bbox 3010 2710 3356 2781; x_wconf 85' lang='grc' dir='ltr'>ἐλυμαίνοντο</span> <span class='ocrx_word' id='word_1_759' title='bbox 3390 2713 3453 2766; x_wconf 86' lang='grc' dir='ltr'>τὸ</span> <span class='ocrx_word' id='word_1_760' title='bbox 3489 2715 3636 2780; x_wconf 79' lang='grc' dir='ltr'>ἔθνος</span> <span class='ocrx_word' id='word_1_761' title='bbox 3671 2716 3846 2772; x_wconf 75' lang='grc' dir='ltr'>ἅπαν.</span> 
     </span>
    </p>
   </div>
   <div class='ocr_carea' id='block_1_99' title="bbox 2284 2789 3851 2866">
    <p class='ocr_par' dir='ltr' id='par_1_99' title="bbox 2284 2789 3851 2866">
     <span class='ocr_line' id='line_1_100' title="bbox 2284 2789 3851 2866; baseline 0.005 -25"><span class='ocrx_word' id='word_1_762' title='bbox 2284 2789 2592 2859; x_wconf 86' lang='grc' dir='ltr'>Ἀπηγγέλη</span> <span class='ocrx_word' id='word_1_763' title='bbox 2616 2789 2787 2843; x_wconf 81' lang='grc' dir='ltr'>ταῦτα</span> <span class='ocrx_word' id='word_1_764' title='bbox 2812 2790 2888 2860; x_wconf 81' lang='grc' dir='ltr'>τῷ</span> <span class='ocrx_word' id='word_1_765' title='bbox 2912 2789 3139 2859; x_wconf 85' lang='grc' dir='ltr'>βασιλεῖ,</span> <span class='ocrx_word' id='word_1_766' title='bbox 3174 2790 3267 2842; x_wconf 63' lang='grc' dir='ltr'>καὶ⁵</span> <span class='ocrx_word' id='word_1_767' title='bbox 3288 2791 3495 2861; x_wconf 83' lang='grc' dir='ltr'>πέμπει</span> <span class='ocrx_word' id='word_1_768' title='bbox 3538 2796 3686 2866; x_wconf 88' lang='grc' dir='ltr'>ἰερέα</span> <span class='ocrx_word' id='word_1_769' title='bbox 3716 2797 3851 2849; x_wconf 78' lang='grc' dir='ltr'>τινὰ.</span> 
     </span>
    </p>
   </div>
   <div class='ocr_carea' id='block_1_100' title="bbox 2268 2868 3848 2942">
    <p class='ocr_par' dir='ltr' id='par_1_100' title="bbox 2268 2868 3848 2942">
     <span class='ocr_line' id='line_1_101' title="bbox 2268 2868 3848 2942; baseline 0.005 -22"><span class='ocrx_word' id='word_1_770' title='bbox 2268 2868 2363 2921; x_wconf 84' lang='grc' dir='ltr'>τὸν</span> <span class='ocrx_word' id='word_1_771' title='bbox 2384 2868 2772 2939; x_wconf 84' lang='grc' dir='ltr'>παραδώσοντα</span> <span class='ocrx_word' id='word_1_772' title='bbox 2800 2869 2983 2930; x_wconf 85' lang='grc' dir='ltr'>αὐτοῖς</span> <span class='ocrx_word' id='word_1_773' title='bbox 3010 2871 3135 2931; x_wconf 83' lang='grc' dir='ltr'>τοὺς</span> <span class='ocrx_word' id='word_1_774' title='bbox 3152 2868 3245 2923; x_wconf 83' lang='grc' dir='ltr'>τοῦ</span> <span class='ocrx_word' id='word_1_775' title='bbox 3276 2869 3409 2923; x_wconf 81' lang='grc' dir='ltr'>Θεοῦ</span> <span class='ocrx_word' id='word_1_776' title='bbox 3431 2872 3644 2942; x_wconf 86' lang='grc' dir='ltr'>νόμους.</span> <span class='ocrx_word' id='word_1_777' title='bbox 3700 2874 3848 2929; x_wconf 80' lang='grc' dir='ltr'>Ἀλλ’</span> 
     </span>
    </p>
   </div>
   <div class='ocr_carea' id='block_1_101' title="bbox 2266 2946 3851 3030">
    <p class='ocr_par' dir='ltr' id='par_1_101' title="bbox 2266 2946 3851 3030">
     <span class='ocr_line' id='line_1_102' title="bbox 2266 2946 3851 3030; baseline 0.007 -32"><span class='ocrx_word' id='word_1_778' title='bbox 2266 2948 2415 3030; x_wconf 74' lang='grc' dir='ltr'>δμως</span> <span class='ocrx_word' id='word_1_779' title='bbox 2466 2948 2586 3000; x_wconf 89' lang='grc' dir='ltr'>ούδέ</span> <span class='ocrx_word' id='word_1_780' title='bbox 2626 2947 2822 3030; x_wconf 54' lang='grc' dir='ltr'>οὑτως</span> <span class='ocrx_word' id='word_1_781' title='bbox 2841 2948 2900 3030; x_wconf 81' lang='grc' dir='ltr'>ἐξ</span> <span class='ocrx_word' id='word_1_782' title='bbox 2929 2946 3223 3030; x_wconf 72' lang='grc' dir='ltr'>ὁλοκλήρου</span> <span class='ocrx_word' id='word_1_783' title='bbox 3258 2950 3359 3030; x_wconf 77' lang='grc' dir='ltr'>τῆς</span> <span class='ocrx_word' id='word_1_784' title='bbox 3393 2951 3643 3030; x_wconf 72' lang='grc' dir='ltr'>ἀσεϐείας</span> <span class='ocrx_word' id='word_1_785' title='bbox 3686 2953 3851 3030; x_wconf 75' lang='grc'>[178]</span> 
     </span>
    </p>
   </div>
   <div class='ocr_carea' id='block_1_102' title="bbox 2268 3025 3845 3102">
    <p class='ocr_par' dir='ltr' id='par_1_102' title="bbox 2268 3025 3845 3102">
     <span class='ocr_line' id='line_1_103' title="bbox 2268 3025 3845 3102; baseline 0.004 -24"><span class='ocrx_word' id='word_1_786' title='bbox 2268 3027 2600 3095; x_wconf 85' lang='grc' dir='ltr'>ἀπέστησαν,</span> <span class='ocrx_word' id='word_1_787' title='bbox 2631 3025 2745 3078; x_wconf 83' lang='grc' dir='ltr'>ἀλλ’</span> <span class='ocrx_word' id='word_1_788' title='bbox 2767 3026 2824 3091; x_wconf 83' lang='grc' dir='ltr'>ἐξ</span> <span class='ocrx_word' id='word_1_789' title='bbox 2854 3025 3127 3095; x_wconf 82' lang='grc' dir='ltr'>ἡμισείας.</span> <span class='ocrx_word' id='word_1_790' title='bbox 3159 3027 3363 3097; x_wconf 85' lang='grc' dir='ltr'>Χρόνου</span> <span class='ocrx_word' id='word_1_791' title='bbox 3393 3028 3452 3083; x_wconf 83' lang='grc' dir='ltr'>δὲ</span> <span class='ocrx_word' id='word_1_792' title='bbox 3481 3025 3757 3102; x_wconf 80' lang='grc' dir='ltr'>προϊόντος</span> <span class='ocrx_word' id='word_1_793' title='bbox 3791 3025 3845 3097; x_wconf 55' lang='grc' dir='ltr'>τί</span> 
     </span>
    </p>
   </div>
   <div class='ocr_carea' id='block_1_103' title="bbox 2269 3104 3850 3178">
    <p class='ocr_par' dir='ltr' id='par_1_103' title="bbox 2269 3104 3850 3178">
     <span class='ocr_line' id='line_1_104' title="bbox 2269 3104 3850 3178; baseline 0.005 -21"><span class='ocrx_word' id='word_1_794' title='bbox 2269 3104 2432 3157; x_wconf 86' lang='grc' dir='ltr'>πάλιν</span> <span class='ocrx_word' id='word_1_795' title='bbox 2459 3105 2569 3159; x_wconf 91' lang='grc' dir='ltr'>τῶν</span> <span class='ocrx_word' id='word_1_796' title='bbox 2620 3105 2719 3176; x_wconf 83' lang='grc' dir='ltr'>μὲν</span> <span class='ocrx_word' id='word_1_797' title='bbox 2753 3104 2986 3159; x_wconf 84' lang='grc' dir='ltr'>εἰδώλων</span> <span class='ocrx_word' id='word_1_798' title='bbox 3019 3106 3376 3178; x_wconf 86' lang='grc' dir='ltr'>ἀπεπήδησαν</span> <span class='ocrx_word' id='word_1_799' title='bbox 3397 3147 3413 3173; x_wconf 95' lang='grc'>,</span> <span class='ocrx_word' id='word_1_800' title='bbox 3444 3109 3627 3163; x_wconf 75' lang='grc' dir='ltr'>ἔσεϐον</span> <span class='ocrx_word' id='word_1_801' title='bbox 3661 3111 3720 3163; x_wconf 79' lang='grc' dir='ltr'>δὲ</span> <span class='ocrx_word' id='word_1_802' title='bbox 3747 3112 3850 3166; x_wconf 75' lang='grc' dir='ltr'>τὸν</span> 
     </span>
    </p>
   </div>
   <div class='ocr_carea' id='block_1_104' title="bbox 2268 3181 3852 3259">
    <p class='ocr_par' dir='ltr' id='par_1_104' title="bbox 2268 3181 3852 3259">
     <span class='ocr_line' id='line_1_105' title="bbox 2268 3181 3852 3259; baseline 0.004 -23"><span class='ocrx_word' id='word_1_803' title='bbox 2268 3183 2419 3237; x_wconf 82' lang='grc' dir='ltr'>Θεόν.</span> <span class='ocrx_word' id='word_1_804' title='bbox 2453 3185 2572 3259; x_wconf 65' lang='grc' dir='ltr'>Τῶν</span> <span class='ocrx_word' id='word_1_805' title='bbox 2592 3181 2683 3238; x_wconf 80' lang='grc' dir='ltr'>οὖν</span> <span class='ocrx_word' id='word_1_806' title='bbox 2716 3184 3055 3254; x_wconf 87' lang='grc' dir='ltr'>πραγμάτων</span> <span class='ocrx_word' id='word_1_807' title='bbox 3077 3186 3133 3237; x_wconf 88' lang='grc' dir='ltr'>ἐν</span> <span class='ocrx_word' id='word_1_808' title='bbox 3157 3184 3365 3249; x_wconf 85' lang='grc' dir='ltr'>τούτοις</span> <span class='ocrx_word' id='word_1_809' title='bbox 3392 3187 3579 3251; x_wconf 79' lang='grc' dir='ltr'>ὄντων,</span> <span class='ocrx_word' id='word_1_810' title='bbox 3608 3190 3852 3243; x_wconf 82' lang='grc' dir='ltr'>ἐπανελ-</span> 
     </span>
    </p>
   </div>
   <div class='ocr_carea' id='block_1_105' title="bbox 2270 3264 3849 3337">
    <p class='ocr_par' dir='ltr' id='par_1_105' title="bbox 2270 3264 3849 3337">
     <span class='ocr_line' id='line_1_106' title="bbox 2270 3264 3849 3337; baseline 0.003 -18"><span class='ocrx_word' id='word_1_811' title='bbox 2270 3266 2455 3328; x_wconf 90' lang='grc' dir='ltr'>θόντες</span> <span class='ocrx_word' id='word_1_812' title='bbox 2490 3267 2731 3319; x_wconf 88' lang='grc' dir='ltr'>Ἰουδαῖοι</span> <span class='ocrx_word' id='word_1_813' title='bbox 2759 3264 2943 3318; x_wconf 78' lang='grc' dir='ltr'>λοιπὸν</span> <span class='ocrx_word' id='word_1_814' title='bbox 2962 3305 2977 3329; x_wconf 88' lang='grc'>,</span> <span class='ocrx_word' id='word_1_815' title='bbox 3019 3265 3333 3335; x_wconf 78' lang='grc' dir='ltr'>ζηλοτύπως</span> <span class='ocrx_word' id='word_1_816' title='bbox 3363 3267 3496 3337; x_wconf 86' lang='grc' dir='ltr'>πρὸς</span> <span class='ocrx_word' id='word_1_817' title='bbox 3532 3269 3728 3333; x_wconf 81' lang='grc' dir='ltr'>αὐτοὺς</span> <span class='ocrx_word' id='word_1_818' title='bbox 3758 3266 3849 3323; x_wconf 76' lang='grc' dir='ltr'>εἴ·</span> 
     </span>
    </p>
   </div>
   <div class='ocr_carea' id='block_1_106' title="bbox 2271 3343 3851 3417">
    <p class='ocr_par' dir='ltr' id='par_1_106' title="bbox 2271 3343 3851 3417">
     <span class='ocr_line' id='line_1_107' title="bbox 2271 3343 3851 3417; baseline 0.004 -19"><span class='ocrx_word' id='word_1_819' title='bbox 2271 3363 2364 3417; x_wconf 84' lang='grc' dir='ltr'>χον</span> <span class='ocrx_word' id='word_1_820' title='bbox 2394 3345 2489 3400; x_wconf 79' lang='grc' dir='ltr'>ἆτε</span> <span class='ocrx_word' id='word_1_821' title='bbox 2521 3344 2656 3414; x_wconf 79' lang='grc' dir='ltr'>πρὸς</span> <span class='ocrx_word' id='word_1_822' title='bbox 2694 3343 3021 3413; x_wconf 88' lang='grc' dir='ltr'>ἀλλοφύλους</span> <span class='ocrx_word' id='word_1_823' title='bbox 3054 3345 3147 3397; x_wconf 82' lang='grc' dir='ltr'>καὶ</span> <span class='ocrx_word' id='word_1_824' title='bbox 3171 3344 3479 3415; x_wconf 88' lang='grc' dir='ltr'>πολεμίους,</span> <span class='ocrx_word' id='word_1_825' title='bbox 3507 3348 3557 3401; x_wconf 81' lang='grc' dir='ltr'>οἳ</span> <span class='ocrx_word' id='word_1_826' title='bbox 3604 3349 3698 3402; x_wconf 78' lang='grc' dir='ltr'>καὶ</span> <span class='ocrx_word' id='word_1_827' title='bbox 3732 3350 3851 3404; x_wconf 80' lang='grc' dir='ltr'>ἀπὸ</span> 
     </span>
    </p>
   </div>
   <div class='ocr_carea' id='block_1_107' title="bbox 2270 3423 3851 3495">
    <p class='ocr_par' dir='ltr' id='par_1_107' title="bbox 2270 3423 3851 3495">
     <span class='ocr_line' id='line_1_108' title="bbox 2270 3423 3851 3495; baseline 0.003 -17"><span class='ocrx_word' id='word_1_828' title='bbox 2270 3424 2363 3478; x_wconf 78' lang='grc' dir='ltr'>τοῦ</span> <span class='ocrx_word' id='word_1_829' title='bbox 2388 3424 2549 3495; x_wconf 78' lang='grc' dir='ltr'>ὅρους</span> <span class='ocrx_word' id='word_1_830' title='bbox 2586 3423 2931 3492; x_wconf 88' lang='grc' dir='ltr'>Σαμαρείτας</span> <span class='ocrx_word' id='word_1_831' title='bbox 2966 3423 3158 3485; x_wconf 83' lang='grc' dir='ltr'>αὐτοὺς</span> <span class='ocrx_word' id='word_1_832' title='bbox 3182 3423 3429 3477; x_wconf 85' lang='grc' dir='ltr'>ἐκάλουν.</span> <span class='ocrx_word' id='word_1_833' title='bbox 3477 3426 3750 3491; x_wconf 88' lang='grc' dir='ltr'>Ἰουδαίοις</span> <span class='ocrx_word' id='word_1_834' title='bbox 3785 3429 3851 3482; x_wconf 77' lang='grc' dir='ltr'>δὲ</span> 
     </span>
    </p>
   </div>
   <div class='ocr_carea' id='block_1_108' title="bbox 2270 3498 3845 3574">
    <p class='ocr_par' dir='ltr' id='par_1_108' title="bbox 2270 3498 3845 3574">
     <span class='ocr_line' id='line_1_109' title="bbox 2270 3498 3845 3574; baseline 0.004 -17"><span class='ocrx_word' id='word_1_835' title='bbox 2270 3505 2331 3558; x_wconf 88' lang='grc' dir='ltr'>ού</span> <span class='ocrx_word' id='word_1_836' title='bbox 2357 3503 2530 3574; x_wconf 87' lang='grc' dir='ltr'>μικρά</span> <span class='ocrx_word' id='word_1_837' title='bbox 2554 3504 2577 3541; x_wconf 77' lang='grc'><strong><em>⁸</em></strong></span> <span class='ocrx_word' id='word_1_838' title='bbox 2599 3505 2693 3556; x_wconf 73' lang='grc' dir='ltr'>καὶ</span> <span class='ocrx_word' id='word_1_839' title='bbox 2714 3501 2963 3554; x_wconf 85' lang='grc' dir='ltr'>ἐντεῦθεν</span> <span class='ocrx_word' id='word_1_840' title='bbox 2982 3498 3049 3572; x_wconf 85' lang='grc' dir='ltr'>ἦν</span> <span class='ocrx_word' id='word_1_841' title='bbox 3083 3501 3218 3573; x_wconf 84' lang='grc' dir='ltr'>πρὸς</span> <span class='ocrx_word' id='word_1_842' title='bbox 3239 3503 3432 3566; x_wconf 83' lang='grc' dir='ltr'>αὐτοὺς</span> <span class='ocrx_word' id='word_1_843' title='bbox 3455 3505 3487 3574; x_wconf 91' lang='grc' dir='ltr'>ή</span> <span class='ocrx_word' id='word_1_844' title='bbox 3518 3505 3845 3573; x_wconf 85' lang='grc' dir='ltr'>φιλονεικία.</span> 
     </span>
    </p>
   </div>
   <div class='ocr_carea' id='block_1_109' title="bbox 2272 3579 3849 3656">
    <p class='ocr_par' dir='ltr' id='par_1_109' title="bbox 2272 3579 3849 3656">
     <span class='ocr_line' id='line_1_110' title="bbox 2272 3579 3849 3656; baseline 0.003 -21"><span class='ocrx_word' id='word_1_845' title='bbox 2272 3582 2407 3635; x_wconf 84' lang='grc' dir='ltr'>Οὐδὲ</span> <span class='ocrx_word' id='word_1_846' title='bbox 2432 3584 2540 3656; x_wconf 82' lang='grc' dir='ltr'>γάρ</span> <span class='ocrx_word' id='word_1_847' title='bbox 2579 3584 2699 3644; x_wconf 91' lang='grc' dir='ltr'>ταῖς</span> <span class='ocrx_word' id='word_1_848' title='bbox 2729 3581 2970 3652; x_wconf 86' lang='grc' dir='ltr'>Γραφαῖς</span> <span class='ocrx_word' id='word_1_849' title='bbox 3006 3579 3209 3643; x_wconf 72' lang='grc' dir='ltr'>πάσαις</span> <span class='ocrx_word' id='word_1_850' title='bbox 3237 3582 3533 3652; x_wconf 82' lang='grc' dir='ltr'>ἐκέχρηντο</span> <span class='ocrx_word' id='word_1_851' title='bbox 3554 3624 3572 3650; x_wconf 92' lang='grc'>,</span> <span class='ocrx_word' id='word_1_852' title='bbox 3610 3584 3748 3638; x_wconf 85' lang='grc' dir='ltr'>ἀλλά</span> <span class='ocrx_word' id='word_1_853' title='bbox 3770 3587 3849 3639; x_wconf 74' lang='grc' dir='ltr'>τὰ</span> 
     </span>
    </p>
   </div>
   <div class='ocr_carea' id='block_1_110' title="bbox 2270 3660 3853 3731">
    <p class='ocr_par' dir='ltr' id='par_1_110' title="bbox 2270 3660 3853 3731">
     <span class='ocr_line' id='line_1_111' title="bbox 2270 3660 3853 3731; baseline 0.001 -15"><span class='ocrx_word' id='word_1_854' title='bbox 2270 3663 2550 3725; x_wconf 84' lang='grc' dir='ltr'>Μωῦσέως</span> <span class='ocrx_word' id='word_1_855' title='bbox 2593 3661 2728 3730; x_wconf 87' lang='grc' dir='ltr'>μόνα</span> <span class='ocrx_word' id='word_1_856' title='bbox 2760 3660 3072 3729; x_wconf 87' lang='grc' dir='ltr'>δεχόμενοι,</span> <span class='ocrx_word' id='word_1_857' title='bbox 3114 3660 3222 3713; x_wconf 89' lang='grc' dir='ltr'>τῶν</span> <span class='ocrx_word' id='word_1_858' title='bbox 3250 3662 3543 3731; x_wconf 84' lang='grc' dir='ltr'>προφητῶν</span> <span class='ocrx_word' id='word_1_859' title='bbox 3577 3663 3640 3715; x_wconf 89' lang='grc' dir='ltr'>οὑ</span> <span class='ocrx_word' id='word_1_860' title='bbox 3674 3664 3853 3718; x_wconf 80' lang='grc' dir='ltr'>πολὺν</span> 
     </span>
    </p>
   </div>
   <div class='ocr_carea' id='block_1_111' title="bbox 2271 3736 3856 3812">
    <p class='ocr_par' dir='ltr' id='par_1_111' title="bbox 2271 3736 3856 3812">
     <span class='ocr_line' id='line_1_112' title="bbox 2271 3736 3856 3812; baseline 0.002 -20"><span class='ocrx_word' id='word_1_861' title='bbox 2271 3739 2551 3792; x_wconf 82' lang='grc' dir='ltr'>ἐποιοῦντο</span> <span class='ocrx_word' id='word_1_862' title='bbox 2573 3738 2749 3805; x_wconf 90' lang='grc' dir='ltr'>λόγον.</span> <span class='ocrx_word' id='word_1_863' title='bbox 2802 3736 3196 3805; x_wconf 82' lang='grc' dir='ltr'>Ἐφιλονείκουν</span> <span class='ocrx_word' id='word_1_864' title='bbox 3226 3738 3410 3805; x_wconf 87' lang='grc' dir='ltr'>μέντοι</span> <span class='ocrx_word' id='word_1_865' title='bbox 3438 3742 3517 3802; x_wconf 87' lang='grc' dir='ltr'>είς</span> <span class='ocrx_word' id='word_1_866' title='bbox 3561 3742 3660 3812; x_wconf 79' lang='grc' dir='ltr'>τὴν</span> <span class='ocrx_word' id='word_1_867' title='bbox 3697 3743 3856 3810; x_wconf 85' lang='grc' dir='ltr'>εὐγέ-</span> 
     </span>
    </p>
   </div>
   <div class='ocr_carea' id='block_1_112' title="bbox 2271 3815 3857 3889">
    <p class='ocr_par' dir='ltr' id='par_1_112' title="bbox 2271 3815 3857 3889">
     <span class='ocr_line' id='line_1_113' title="bbox 2271 3815 3857 3889; baseline 0.001 -17"><span class='ocrx_word' id='word_1_868' title='bbox 2271 3836 2421 3872; x_wconf 88' lang='grc' dir='ltr'>νειαν</span> <span class='ocrx_word' id='word_1_869' title='bbox 2449 3817 2694 3869; x_wconf 85' lang='grc' dir='ltr'>εἰσωθεῖν</span> <span class='ocrx_word' id='word_1_870' title='bbox 2722 3818 2947 3877; x_wconf 80' lang='grc' dir='ltr'>ἑαυτοὺς</span> <span class='ocrx_word' id='word_1_871' title='bbox 2984 3815 3082 3886; x_wconf 79' lang='grc' dir='ltr'>τὴν</span> <span class='ocrx_word' id='word_1_872' title='bbox 3122 3816 3435 3887; x_wconf 80' lang='grc' dir='ltr'>Ἰουδαῖκην,</span> <span class='ocrx_word' id='word_1_873' title='bbox 3469 3819 3564 3872; x_wconf 74' lang='grc' dir='ltr'>καὶ</span> <span class='ocrx_word' id='word_1_874' title='bbox 3612 3821 3857 3889; x_wconf 84' lang='grc' dir='ltr'>ἐφιλοτι-</span> 
     </span>
    </p>
   </div>
   <div class='ocr_carea' id='block_1_113' title="bbox 2275 3895 3859 3970">
    <p class='ocr_par' dir='ltr' id='par_1_113' title="bbox 2275 3895 3859 3970">
     <span class='ocr_line' id='line_1_114' title="bbox 2275 3895 3859 3970; baseline 0.003 -20"><span class='ocrx_word' id='word_1_875' title='bbox 2275 3899 2471 3967; x_wconf 84' lang='grc' dir='ltr'>μοῦντο</span> <span class='ocrx_word' id='word_1_876' title='bbox 2492 3895 2583 3949; x_wconf 76' lang='grc' dir='ltr'>ἐπὶ</span> <span class='ocrx_word' id='word_1_877' title='bbox 2617 3895 2694 3964; x_wconf 86' lang='grc' dir='ltr'>τῷ</span> <span class='ocrx_word' id='word_1_878' title='bbox 2726 3895 2993 3965; x_wconf 81' lang='grc' dir='ltr'>Ἀϐραὰμ,</span> <span class='ocrx_word' id='word_1_879' title='bbox 3026 3895 3119 3946; x_wconf 80' lang='grc' dir='ltr'>καὶ</span> <span class='ocrx_word' id='word_1_880' title='bbox 3141 3897 3401 3964; x_wconf 83' lang='grc' dir='ltr'>πρόγονον</span> <span class='ocrx_word' id='word_1_881' title='bbox 3430 3897 3591 3952; x_wconf 83' lang='grc' dir='ltr'>αὑτὸν</span> <span class='ocrx_word' id='word_1_882' title='bbox 3614 3900 3859 3970; x_wconf 88' lang='grc' dir='ltr'>ἐπεγρά-</span> 
     </span>
    </p>
   </div>
   <div class='ocr_carea' id='block_1_114' title="bbox 2272 3972 3856 4045">
    <p class='ocr_par' dir='ltr' id='par_1_114' title="bbox 2272 3972 3856 4045">
     <span class='ocr_line' id='line_1_115' title="bbox 2272 3972 3856 4045; baseline 0.003 -17"><span class='ocrx_word' id='word_1_883' title='bbox 2272 3993 2454 4045; x_wconf 87' lang='grc' dir='ltr'>φοντο,</span> <span class='ocrx_word' id='word_1_884' title='bbox 2488 3977 2583 4028; x_wconf 81' lang='grc' dir='ltr'>ᾶτε</span> <span class='ocrx_word' id='word_1_885' title='bbox 2617 3974 2725 4027; x_wconf 85' lang='grc' dir='ltr'>ἀπὸ</span> <span class='ocrx_word' id='word_1_886' title='bbox 2760 3974 2861 4043; x_wconf 88' lang='grc' dir='ltr'>τῆς</span> <span class='ocrx_word' id='word_1_887' title='bbox 2894 3972 3165 4035; x_wconf 87' lang='grc' dir='ltr'>Χαλδαίας</span> <span class='ocrx_word' id='word_1_888' title='bbox 3197 3974 3326 4026; x_wconf 76' lang='grc' dir='ltr'>ὄντα</span> <span class='ocrx_word' id='word_1_889' title='bbox 3348 3990 3361 4004; x_wconf 78' lang='grc'><em>’</em></span> <span class='ocrx_word' id='word_1_890' title='bbox 3398 3977 3491 4028; x_wconf 81' lang='grc' dir='ltr'>καὶ</span> <span class='ocrx_word' id='word_1_891' title='bbox 3528 3978 3619 4029; x_wconf 85' lang='grc' dir='ltr'>τὸν</span> <span class='ocrx_word' id='word_1_892' title='bbox 3654 3977 3856 4033; x_wconf 80' lang='grc' dir='ltr'>Ἰακὼϐ</span> 
     </span>
    </p>
   </div>
   <div class='ocr_carea' id='block_1_115' title="bbox 2269 4050 3861 4123">
    <p class='ocr_par' dir='ltr' id='par_1_115' title="bbox 2269 4050 3861 4123">
     <span class='ocr_line' id='line_1_116' title="bbox 2269 4050 3861 4123; baseline 0.003 -17"><span class='ocrx_word' id='word_1_893' title='bbox 2269 4054 2327 4107; x_wconf 84' lang='grc' dir='ltr'>δὲ</span> <span class='ocrx_word' id='word_1_894' title='bbox 2355 4052 2564 4123; x_wconf 82' lang='grc' dir='ltr'>πατέρα</span> <span class='ocrx_word' id='word_1_895' title='bbox 2594 4050 2840 4123; x_wconf 84' lang='grc' dir='ltr'>ἐκάλουν,</span> <span class='ocrx_word' id='word_1_896' title='bbox 2871 4050 2967 4103; x_wconf 83' lang='grc' dir='ltr'>ἆτε</span> <span class='ocrx_word' id='word_1_897' title='bbox 2988 4052 3195 4104; x_wconf 90' lang='grc' dir='ltr'>ἐκείνου</span> <span class='ocrx_word' id='word_1_898' title='bbox 3218 4052 3346 4105; x_wconf 78' lang='grc' dir='ltr'>ὄντα</span> <span class='ocrx_word' id='word_1_899' title='bbox 3372 4054 3635 4121; x_wconf 87' lang='grc' dir='ltr'>ἀπόγονον</span> <span class='ocrx_word' id='word_1_900' title='bbox 3656 4072 3670 4083; x_wconf 86' lang='grc'><strong>·</strong></span> <span class='ocrx_word' id='word_1_901' title='bbox 3709 4057 3761 4109; x_wconf 80' lang='grc' dir='ltr'>οἰ</span> <span class='ocrx_word' id='word_1_902' title='bbox 3792 4058 3861 4115; x_wconf 64' lang='grc' dir='ltr'>δι</span> 
     </span>
    </p>
   </div>
   <div class='ocr_carea' id='block_1_116' title="bbox 2284 4122 3856 4191">
    <p class='ocr_par' dir='ltr' id='par_1_116' title="bbox 2284 4122 3856 4191">
     <span class='ocr_line' id='line_1_117' title="bbox 2284 4122 3856 4191; baseline 0.003 -15"><span class='ocrx_word' id='word_1_903' title='bbox 2284 4122 2524 4176; x_wconf 84' lang='grc' dir='ltr'>Ἰουδαῖοι</span> <span class='ocrx_word' id='word_1_904' title='bbox 2572 4122 2709 4191; x_wconf 86' lang='grc' dir='ltr'>μετὰ</span> <span class='ocrx_word' id='word_1_905' title='bbox 2763 4122 2979 4175; x_wconf 88' lang='grc' dir='ltr'>πάντων</span> <span class='ocrx_word' id='word_1_906' title='bbox 3028 4124 3123 4174; x_wconf 75' lang='grc' dir='ltr'>καὶ</span> <span class='ocrx_word' id='word_1_907' title='bbox 3181 4123 3401 4185; x_wconf 86' lang='grc' dir='ltr'>τούτους</span> <span class='ocrx_word' id='word_1_908' title='bbox 3440 4124 3856 4180; x_wconf 86' lang='grc' dir='ltr'>ἐϐδελύσσοντο.</span> 
     </span>
    </p>
   </div>
   <div class='ocr_carea' id='block_1_117' title="bbox 2274 4205 3862 4278">
    <p class='ocr_par' dir='ltr' id='par_1_117' title="bbox 2274 4205 3862 4278">
     <span class='ocr_line' id='line_1_118' title="bbox 2274 4205 3862 4278; baseline 0.001 -16"><span class='ocrx_word' id='word_1_909' title='bbox 2274 4206 2439 4263; x_wconf 86' lang='grc' dir='ltr'>Ὅθεν</span> <span class='ocrx_word' id='word_1_910' title='bbox 2462 4207 2556 4260; x_wconf 76' lang='grc' dir='ltr'>καὶ</span> <span class='ocrx_word' id='word_1_911' title='bbox 2582 4205 2661 4276; x_wconf 83' lang='grc' dir='ltr'>τῷ</span> <span class='ocrx_word' id='word_1_912' title='bbox 2690 4205 2909 4277; x_wconf 84' lang='grc' dir='ltr'>Χριστῷ</span> <span class='ocrx_word' id='word_1_913' title='bbox 2932 4205 3107 4259; x_wconf 77' lang='grc' dir='ltr'>ταῦτα</span> <span class='ocrx_word' id='word_1_914' title='bbox 3129 4206 3400 4270; x_wconf 78' lang='grc' dir='ltr'>ὠνείδιζον</span> <span class='ocrx_word' id='word_1_915' title='bbox 3428 4207 3676 4278; x_wconf 84' lang='grc' dir='ltr'>λέγοντες</span> <span class='ocrx_word' id='word_1_916' title='bbox 3696 4227 3711 4241; x_wconf 80' lang='grc'><em>’</em></span> <span class='ocrx_word' id='word_1_917' title='bbox 3743 4215 3862 4265; x_wconf 78' lang='grc' dir='ltr'>Σα-</span> 
     </span>
    </p>
   </div>
   <div class='ocr_carea' id='block_1_118' title="bbox 2269 4285 3859 4361">
    <p class='ocr_par' dir='ltr' id='par_1_118' title="bbox 2269 4285 3859 4361">
     <span class='ocr_line' id='line_1_119' title="bbox 2269 4285 3859 4361; baseline 0.004 -19"><span class='ocrx_word' id='word_1_918' title='bbox 2269 4291 2551 4361; x_wconf 83' lang='grc' dir='ltr'>μαρείτης</span> <span class='ocrx_word' id='word_1_919' title='bbox 2586 4285 2645 4343; x_wconf 84' lang='grc' dir='ltr'>εἷ</span> <span class='ocrx_word' id='word_1_920' title='bbox 2670 4289 2773 4353; x_wconf 87' lang='grc' dir='ltr'>σὺ,</span> <span class='ocrx_word' id='word_1_921' title='bbox 2805 4289 2905 4342; x_wconf 80' lang='grc' dir='ltr'>καὶ</span> <span class='ocrx_word' id='word_1_922' title='bbox 2928 4288 3234 4357; x_wconf 83' lang='grc' dir='ltr'>δαιμόνιον</span> <span class='ocrx_word' id='word_1_923' title='bbox 3265 4291 3452 4359; x_wconf 69' lang='grc' dir='ltr'>ἔχειςσ</span> <span class='ocrx_word' id='word_1_924' title='bbox 3485 4293 3579 4347; x_wconf 81' lang='grc' dir='ltr'>καὶ</span> <span class='ocrx_word' id='word_1_925' title='bbox 3622 4295 3720 4347; x_wconf 76' lang='grc' dir='ltr'>ἐπὶ</span> <span class='ocrx_word' id='word_1_926' title='bbox 3750 4297 3859 4349; x_wconf 79' lang='grc' dir='ltr'>τοῦ</span> 
     </span>
    </p>
   </div>
   <div class='ocr_carea' id='block_1_119' title="bbox 2274 4367 3861 4447">
    <p class='ocr_par' dir='ltr' id='par_1_119' title="bbox 2274 4367 3861 4447">
     <span class='ocr_line' id='line_1_120' title="bbox 2274 4367 3861 4447; baseline 0.004 -26"><span class='ocrx_word' id='word_1_927' title='bbox 2274 4370 2609 4431; x_wconf 85' lang='grc' dir='ltr'>καταϐάντος</span> <span class='ocrx_word' id='word_1_928' title='bbox 2658 4369 2768 4421; x_wconf 85' lang='grc' dir='ltr'>ἀπὸ</span> <span class='ocrx_word' id='word_1_929' title='bbox 2827 4367 3178 4438; x_wconf 86' lang='grc' dir='ltr'>Ἰερουσαλὴμ</span> <span class='ocrx_word' id='word_1_930' title='bbox 3223 4370 3301 4431; x_wconf 87' lang='grc' dir='ltr'>εἰς</span> <span class='ocrx_word' id='word_1_931' title='bbox 3354 4369 3594 4441; x_wconf 81' lang='grc' dir='ltr'>Ἱεριχὼ,</span> <span class='ocrx_word' id='word_1_932' title='bbox 3637 4374 3861 4447; x_wconf 79' lang='grc' dir='ltr'>ταύτης</span> 
     </span>
    </p>
   </div>
   <div class='ocr_carea' id='block_1_120' title="bbox 2274 4447 3857 4523">
    <p class='ocr_par' dir='ltr' id='par_1_120' title="bbox 2274 4447 3857 4523">
     <span class='ocr_line' id='line_1_121' title="bbox 2274 4447 3857 4523; baseline 0.002 -19"><span class='ocrx_word' id='word_1_933' title='bbox 2274 4452 2458 4505; x_wconf 83' lang='grc' dir='ltr'>ἐνεκεν</span> <span class='ocrx_word' id='word_1_934' title='bbox 2485 4450 2582 4519; x_wconf 87' lang='grc' dir='ltr'>τῆς</span> <span class='ocrx_word' id='word_1_935' title='bbox 2608 4447 2911 4510; x_wconf 82' lang='grc' dir='ltr'>ὑποθέσεως</span> <span class='ocrx_word' id='word_1_936' title='bbox 2932 4450 2960 4500; x_wconf 91' lang='lat'>6</span> <span class='ocrx_word' id='word_1_937' title='bbox 2981 4448 3213 4517; x_wconf 84' lang='grc' dir='ltr'>Χριστὸς</span> <span class='ocrx_word' id='word_1_938' title='bbox 3239 4450 3582 4522; x_wconf 86' lang='grc' dir='ltr'>Σαμαρείτην</span> <span class='ocrx_word' id='word_1_939' title='bbox 3609 4455 3857 4523; x_wconf 86' lang='grc' dir='ltr'>εἰσάγει,</span> 
     </span>
    </p>
   </div>
   <div class='ocr_carea' id='block_1_121' title="bbox 2274 4528 3861 4602">
    <p class='ocr_par' dir='ltr' id='par_1_121' title="bbox 2274 4528 3861 4602">
     <span class='ocr_line' id='line_1_122' title="bbox 2274 4528 3861 4602; baseline 0.002 -17"><span class='ocrx_word' id='word_1_940' title='bbox 2274 4532 2366 4587; x_wconf 86' lang='grc' dir='ltr'>τὸν</span> <span class='ocrx_word' id='word_1_941' title='bbox 2400 4530 2546 4584; x_wconf 72' lang='grc' dir='ltr'>ἔλεον</span> <span class='ocrx_word' id='word_1_942' title='bbox 2571 4532 2651 4593; x_wconf 85' lang='grc' dir='ltr'>εἰς</span> <span class='ocrx_word' id='word_1_943' title='bbox 2682 4528 2842 4582; x_wconf 84' lang='grc' dir='ltr'>αὑτὸν</span> <span class='ocrx_word' id='word_1_944' title='bbox 2868 4531 3235 4599; x_wconf 87' lang='grc' dir='ltr'>πεποιηκότα,</span> <span class='ocrx_word' id='word_1_945' title='bbox 3264 4530 3354 4583; x_wconf 84' lang='grc' dir='ltr'>τὸν</span> <span class='ocrx_word' id='word_1_946' title='bbox 3383 4531 3573 4602; x_wconf 86' lang='grc' dir='ltr'>εὐτελῆ</span> <span class='ocrx_word' id='word_1_947' title='bbox 3590 4571 3605 4596; x_wconf 92' lang='grc'>,</span> <span class='ocrx_word' id='word_1_948' title='bbox 3631 4533 3729 4585; x_wconf 82' lang='grc' dir='ltr'>τὸν</span> <span class='ocrx_word' id='word_1_949' title='bbox 3757 4535 3861 4588; x_wconf 82' lang='grc' dir='ltr'>εὑ-</span> 
     </span>
    </p>
   </div>
   <div class='ocr_carea' id='block_1_122' title="bbox 2276 4608 3865 4682">
    <p class='ocr_par' dir='ltr' id='par_1_122' title="bbox 2276 4608 3865 4682">
     <span class='ocr_line' id='line_1_123' title="bbox 2276 4608 3865 4682; baseline 0.002 -16"><span class='ocrx_word' id='word_1_950' title='bbox 2276 4610 2711 4682; x_wconf 85' lang='grc' dir='ltr'>καταφρόνητον,</span> <span class='ocrx_word' id='word_1_951' title='bbox 2753 4610 2841 4663; x_wconf 85' lang='grc' dir='ltr'>τὸν</span> <span class='ocrx_word' id='word_1_952' title='bbox 2876 4608 3158 4679; x_wconf 86' lang='grc' dir='ltr'>βδελυκτὸν</span> <span class='ocrx_word' id='word_1_953' title='bbox 3209 4611 3337 4679; x_wconf 87' lang='grc' dir='ltr'>παρ’</span> <span class='ocrx_word' id='word_1_954' title='bbox 3362 4611 3543 4675; x_wconf 86' lang='grc' dir='ltr'>αὐτοῖς</span> <span class='ocrx_word' id='word_1_955' title='bbox 3564 4627 3581 4643; x_wconf 74' lang='grc' dir='ltr'><strong>ο</strong></span> <span class='ocrx_word' id='word_1_956' title='bbox 3614 4614 3711 4665; x_wconf 81' lang='grc' dir='ltr'>καὶ</span> <span class='ocrx_word' id='word_1_957' title='bbox 3755 4616 3865 4670; x_wconf 81' lang='grc' dir='ltr'>ἐπὶ</span> 
     </span>
    </p>
   </div>
   <div class='ocr_carea' id='block_1_123' title="bbox 2273 4689 3867 4760">
    <p class='ocr_par' dir='ltr' id='par_1_123' title="bbox 2273 4689 3867 4760">
     <span class='ocr_line' id='line_1_124' title="bbox 2273 4689 3867 4760; baseline 0.003 -16"><span class='ocrx_word' id='word_1_958' title='bbox 2273 4691 2383 4744; x_wconf 88' lang='grc' dir='ltr'>τῶν</span> <span class='ocrx_word' id='word_1_959' title='bbox 2415 4692 2545 4743; x_wconf 86' lang='grc' dir='ltr'>δέκα</span> <span class='ocrx_word' id='word_1_960' title='bbox 2578 4689 2812 4759; x_wconf 82' lang='grc' dir='ltr'>λεπρῶν,</span> <span class='ocrx_word' id='word_1_961' title='bbox 2848 4689 3110 4759; x_wconf 88' lang='grc' dir='ltr'>άλλογενῆ</span> <span class='ocrx_word' id='word_1_962' title='bbox 3138 4689 3229 4742; x_wconf 82' lang='grc' dir='ltr'>τὸν</span> <span class='ocrx_word' id='word_1_963' title='bbox 3264 4690 3360 4743; x_wconf 73' lang='grc' dir='ltr'>ἕνα</span> <span class='ocrx_word' id='word_1_964' title='bbox 3398 4692 3530 4760; x_wconf 85' lang='grc' dir='ltr'>φησί</span> <span class='ocrx_word' id='word_1_965' title='bbox 3574 4690 3661 4745; x_wconf 90' lang='grc' dir='ltr'>διά</span> <span class='ocrx_word' id='word_1_966' title='bbox 3691 4694 3867 4748; x_wconf 76' lang='grc' dir='ltr'>τοῦτο</span> 
     </span>
    </p>
   </div>
   <div class='ocr_carea' id='block_1_124' title="bbox 2274 4764 3864 4842">
    <p class='ocr_par' dir='ltr' id='par_1_124' title="bbox 2274 4764 3864 4842">
     <span class='ocr_line' id='line_1_125' title="bbox 2274 4764 3864 4842; baseline 0.003 -21"><span class='ocrx_word' id='word_1_967' title='bbox 2274 4770 2643 4840; x_wconf 87' lang='grc' dir='ltr'>(Σαμαρείτης</span> <span class='ocrx_word' id='word_1_968' title='bbox 2668 4770 2774 4840; x_wconf 85' lang='grc' dir='ltr'>γὰρ</span> <span class='ocrx_word' id='word_1_969' title='bbox 2817 4764 2905 4839; x_wconf 82' lang='grc' dir='ltr'>ἦν)</span> <span class='ocrx_word' id='word_1_970' title='bbox 2930 4783 2942 4797; x_wconf 88' lang='grc'><strong>·</strong></span> <span class='ocrx_word' id='word_1_971' title='bbox 2984 4770 3077 4820; x_wconf 77' lang='grc' dir='ltr'>καὶ</span> <span class='ocrx_word' id='word_1_972' title='bbox 3110 4767 3273 4830; x_wconf 83' lang='grc' dir='ltr'>αὑτὸς</span> <span class='ocrx_word' id='word_1_973' title='bbox 3318 4768 3375 4820; x_wconf 86' lang='grc' dir='ltr'>δὲ</span> <span class='ocrx_word' id='word_1_974' title='bbox 3419 4772 3530 4831; x_wconf 81' lang='grc' dir='ltr'>τοῖς</span> <span class='ocrx_word' id='word_1_975' title='bbox 3577 4771 3864 4842; x_wconf 87' lang='grc' dir='ltr'>μαθηταῖς</span> 
     </span>
    </p>
   </div>
   <div class='ocr_carea' id='block_1_125' title="bbox 2274 4845 3865 4919">
    <p class='ocr_par' dir='ltr' id='par_1_125' title="bbox 2274 4845 3865 4919">
     <span class='ocr_line' id='line_1_126' title="bbox 2274 4845 3865 4919; baseline 0.004 -20"><span class='ocrx_word' id='word_1_976' title='bbox 2274 4846 2416 4901; x_wconf 79' lang='grc' dir='ltr'>οὑτω</span> <span class='ocrx_word' id='word_1_977' title='bbox 2434 4848 2605 4917; x_wconf 87' lang='grc' dir='ltr'>λέγων</span> <span class='ocrx_word' id='word_1_978' title='bbox 2624 4848 2906 4901; x_wconf 87' lang='grc' dir='ltr'>ἐκέλευσεν</span> <span class='ocrx_word' id='word_1_979' title='bbox 2920 4864 2933 4876; x_wconf 71' lang='grc' dir='ltr'><strong>ο</strong></span> <span class='ocrx_word' id='word_1_980' title='bbox 2948 4848 3050 4912; x_wconf 82' lang='grc' dir='ltr'>Εἰς</span> <span class='ocrx_word' id='word_1_981' title='bbox 3065 4845 3207 4900; x_wconf 81' lang='grc' dir='ltr'>ὁδὸν</span> <span class='ocrx_word' id='word_1_982' title='bbox 3224 4845 3415 4901; x_wconf 82' lang='grc' dir='ltr'>ἐθνῶν</span> <span class='ocrx_word' id='word_1_983' title='bbox 3426 4849 3511 4917; x_wconf 81' lang='grc' dir='ltr'>μὴ</span> <span class='ocrx_word' id='word_1_984' title='bbox 3524 4849 3865 4919; x_wconf 81' lang='grc' dir='ltr'>ἀπέλθητε,</span> 
     </span>
    </p>
   </div>
   <div class='ocr_carea' id='block_1_126' title="bbox 2274 4927 3542 4997">
    <p class='ocr_par' dir='ltr' id='par_1_126' title="bbox 2274 4927 3542 4997">
     <span class='ocr_line' id='line_1_127' title="bbox 2274 4927 3542 4997; baseline 0 -14"><span class='ocrx_word' id='word_1_985' title='bbox 2274 4929 2374 4984; x_wconf 81' lang='grc' dir='ltr'>καὶ</span> <span class='ocrx_word' id='word_1_986' title='bbox 2394 4932 2479 4995; x_wconf 84' lang='grc' dir='ltr'>εἰς</span> <span class='ocrx_word' id='word_1_987' title='bbox 2508 4930 2688 4982; x_wconf 78' lang='grc' dir='ltr'>πόλιν</span> <span class='ocrx_word' id='word_1_988' title='bbox 2714 4927 3088 4997; x_wconf 82' lang='grc' dir='ltr'>Σαμαρειτῶν</span> <span class='ocrx_word' id='word_1_989' title='bbox 3102 4927 3187 4996; x_wconf 77' lang='grc' dir='ltr'>μὴ</span> <span class='ocrx_word' id='word_1_990' title='bbox 3209 4927 3542 4996; x_wconf 72' lang='grc' dir='ltr'>εἰσέλθητε.</span> 
     </span>
    </p>
   </div>
   <div class='ocr_carea' id='block_1_127' title="bbox 2345 5006 3869 5081">
    <p class='ocr_par' dir='ltr' id='par_1_127' title="bbox 2345 5006 3869 5081">
     <span class='ocr_line' id='line_1_128' title="bbox 2345 5006 3869 5081; baseline 0.003 -20"><span class='ocrx_word' id='word_1_991' title='bbox 2345 5016 2393 5077; x_wconf 92' lang='grc' dir='ltr'>γ’</span> <span class='ocrx_word' id='word_1_992' title='bbox 2401 5048 2414 5061; x_wconf 95' lang='grc'>.</span> <span class='ocrx_word' id='word_1_993' title='bbox 2450 5008 2525 5061; x_wconf 86' lang='grc' dir='ltr'>Οὐ</span> <span class='ocrx_word' id='word_1_994' title='bbox 2550 5008 2649 5077; x_wconf 88' lang='grc' dir='ltr'>τῆς</span> <span class='ocrx_word' id='word_1_995' title='bbox 2668 5009 2906 5078; x_wconf 78' lang='grc' dir='ltr'>ἱστορίας</span> <span class='ocrx_word' id='word_1_996' title='bbox 2922 5007 2979 5059; x_wconf 82' lang='grc' dir='ltr'>δὲ</span> <span class='ocrx_word' id='word_1_997' title='bbox 2994 5007 3176 5060; x_wconf 75' lang='grc' dir='ltr'>ἕνεκεν</span> <span class='ocrx_word' id='word_1_998' title='bbox 3198 5007 3363 5078; x_wconf 90' lang='grc' dir='ltr'>μόνης</span> <span class='ocrx_word' id='word_1_999' title='bbox 3383 5006 3476 5061; x_wconf 83' lang='grc' dir='ltr'>τοῦ</span> <span class='ocrx_word' id='word_1_1000' title='bbox 3496 5008 3663 5062; x_wconf 87' lang='grc' dir='ltr'>τόπου</span> <span class='ocrx_word' id='word_1_1001' title='bbox 3690 5011 3869 5081; x_wconf 85' lang='grc' dir='ltr'>μόνον</span> 
     </span>
    </p>
   </div>
   <div class='ocr_carea' id='block_1_128' title="bbox 2274 5084 3871 5159">
    <p class='ocr_par' dir='ltr' id='par_1_128' title="bbox 2274 5084 3871 5159">
     <span class='ocr_line' id='line_1_129' title="bbox 2274 5084 3871 5159; baseline 0.003 -17"><span class='ocrx_word' id='word_1_1002' title='bbox 2274 5090 2576 5159; x_wconf 85' lang='grc' dir='ltr'>ἀνέμνησεν</span> <span class='ocrx_word' id='word_1_1003' title='bbox 2604 5088 2751 5156; x_wconf 83' lang='grc' dir='ltr'>ἡμᾶς</span> <span class='ocrx_word' id='word_1_1004' title='bbox 2771 5085 2863 5138; x_wconf 83' lang='grc' dir='ltr'>τοῦ</span> <span class='ocrx_word' id='word_1_1005' title='bbox 2888 5084 3076 5137; x_wconf 87' lang='grc' dir='ltr'>Ἰακὼϐ</span> <span class='ocrx_word' id='word_1_1006' title='bbox 3098 5089 3125 5138; x_wconf 92' lang='lat'>6</span> <span class='ocrx_word' id='word_1_1007' title='bbox 3146 5085 3566 5157; x_wconf 79' lang='grc' dir='ltr'>Εὑαγγελιστὴς,</span> <span class='ocrx_word' id='word_1_1008' title='bbox 3590 5089 3729 5143; x_wconf 87' lang='grc' dir='ltr'>ἀλλά</span> <span class='ocrx_word' id='word_1_1009' title='bbox 3760 5097 3871 5147; x_wconf 69' lang='grc' dir='ltr'>καὶ</span> 
     </span>
    </p>
   </div>
   <div class='ocr_carea' id='block_1_129' title="bbox 2274 5164 3873 5240">
    <p class='ocr_par' dir='ltr' id='par_1_129' title="bbox 2274 5164 3873 5240">
     <span class='ocr_line' id='line_1_130' title="bbox 2274 5164 3873 5240; baseline -0.001 -16"><span class='ocrx_word' id='word_1_1010' title='bbox 2274 5172 2413 5240; x_wconf 83' lang='grc' dir='ltr'>ὑπὲρ</span> <span class='ocrx_word' id='word_1_1011' title='bbox 2456 5166 2548 5221; x_wconf 78' lang='grc' dir='ltr'>τοῦ</span> <span class='ocrx_word' id='word_1_1012' title='bbox 2580 5166 2748 5229; x_wconf 81' lang='grc' dir='ltr'>δεῖξαι</span> <span class='ocrx_word' id='word_1_1013' title='bbox 2782 5164 2878 5235; x_wconf 84' lang='grc' dir='ltr'>τὴν</span> <span class='ocrx_word' id='word_1_1014' title='bbox 2907 5165 3177 5235; x_wconf 83' lang='grc' dir='ltr'>ἀποϐολὴν</span> <span class='ocrx_word' id='word_1_1015' title='bbox 3217 5166 3314 5236; x_wconf 78' lang='grc' dir='ltr'>τὴν</span> <span class='ocrx_word' id='word_1_1016' title='bbox 3357 5166 3651 5239; x_wconf 83' lang='grc' dir='ltr'>Ἰουδαῖκὴν</span> <span class='ocrx_word' id='word_1_1017' title='bbox 3682 5173 3873 5228; x_wconf 82' lang='grc' dir='ltr'>πάλαι</span> 
     </span>
    </p>
   </div>
   <div class='ocr_carea' id='block_1_130' title="bbox 2274 5243 3874 5320">
    <p class='ocr_par' dir='ltr' id='par_1_130' title="bbox 2274 5243 3874 5320">
     <span class='ocr_line' id='line_1_131' title="bbox 2274 5243 3874 5320; baseline 0.011 -30"><span class='ocrx_word' id='word_1_1018' title='bbox 2274 5249 2665 5320; x_wconf 81' lang='grc' dir='ltr'>γεγενημένην.</span> <span class='ocrx_word' id='word_1_1019' title='bbox 2694 5243 2803 5297; x_wconf 78' lang='grc' dir='ltr'>Καὶ</span> <span class='ocrx_word' id='word_1_1020' title='bbox 2835 5244 2942 5314; x_wconf 86' lang='grc' dir='ltr'>γὰρ</span> <span class='ocrx_word' id='word_1_1021' title='bbox 2963 5244 3055 5296; x_wconf 80' lang='grc' dir='ltr'>ἐπὶ</span> <span class='ocrx_word' id='word_1_1022' title='bbox 3084 5246 3193 5300; x_wconf 88' lang='grc' dir='ltr'>τῶν</span> <span class='ocrx_word' id='word_1_1023' title='bbox 3222 5246 3501 5316; x_wconf 88' lang='grc' dir='ltr'>προγόνων</span> <span class='ocrx_word' id='word_1_1024' title='bbox 3519 5248 3702 5303; x_wconf 82' lang='grc' dir='ltr'>αὐτῶν</span> <span class='ocrx_word' id='word_1_1025' title='bbox 3723 5254 3874 5316; x_wconf 79' lang='grc' dir='ltr'>τοὺς</span> 
     </span>
    </p>
   </div>
   <div class='ocr_carea' id='block_1_131' title="bbox 2275 5326 3875 5401">
    <p class='ocr_par' dir='ltr' id='par_1_131' title="bbox 2275 5326 3875 5401">
     <span class='ocr_line' id='line_1_132' title="bbox 2275 5326 3875 5401; baseline -0.001 -18"><span class='ocrx_word' id='word_1_1026' title='bbox 2275 5330 2472 5392; x_wconf 87' lang='grc' dir='ltr'>τόπους</span> <span class='ocrx_word' id='word_1_1027' title='bbox 2504 5330 2616 5381; x_wconf 82' lang='grc' dir='ltr'>ἀντ’</span> <span class='ocrx_word' id='word_1_1028' title='bbox 2650 5328 2827 5383; x_wconf 83' lang='grc' dir='ltr'>αὑτῶν</span> <span class='ocrx_word' id='word_1_1029' title='bbox 2854 5326 3113 5395; x_wconf 86' lang='grc' dir='ltr'>κατέσχον</span> <span class='ocrx_word' id='word_1_1030' title='bbox 3149 5327 3366 5381; x_wconf 84' lang='grc' dir='ltr'>ἐκεῖνοι.</span> <span class='ocrx_word' id='word_1_1031' title='bbox 3395 5329 3461 5379; x_wconf 78' lang='grc' dir='ltr'><strong>Ἀ</strong></span> <span class='ocrx_word' id='word_1_1032' title='bbox 3485 5329 3588 5397; x_wconf 82' lang='grc' dir='ltr'>γάρ</span> <span class='ocrx_word' id='word_1_1033' title='bbox 3620 5331 3670 5381; x_wconf 85' lang='grc' dir='ltr'>οί</span> <span class='ocrx_word' id='word_1_1034' title='bbox 3713 5333 3875 5401; x_wconf 86' lang='grc' dir='ltr'>πρό-</span> 
     </span>
    </p>
   </div>
   <div class='ocr_carea' id='block_1_132' title="bbox 2275 5403 3876 5482">
    <p class='ocr_par' dir='ltr' id='par_1_132' title="bbox 2275 5403 3876 5482">
     <span class='ocr_line' id='line_1_133' title="bbox 2275 5403 3876 5482; baseline 0.004 -22"><span class='ocrx_word' id='word_1_1035' title='bbox 2275 5425 2422 5477; x_wconf 89' lang='grc' dir='ltr'>γονοι</span> <span class='ocrx_word' id='word_1_1036' title='bbox 2448 5407 2625 5460; x_wconf 86' lang='grc' dir='ltr'>αὐτῶν</span> <span class='ocrx_word' id='word_1_1037' title='bbox 2650 5403 2792 5477; x_wconf 74' lang='grc' dir='ltr'>εἰχον</span> <span class='ocrx_word' id='word_1_1038' title='bbox 2812 5448 2827 5470; x_wconf 89' lang='grc'>,</span> <span class='ocrx_word' id='word_1_1039' title='bbox 2859 5406 2961 5460; x_wconf 85' lang='grc' dir='ltr'>οὑκ</span> <span class='ocrx_word' id='word_1_1040' title='bbox 3001 5406 3131 5459; x_wconf 79' lang='grc' dir='ltr'>ὄντα</span> <span class='ocrx_word' id='word_1_1041' title='bbox 3174 5406 3390 5471; x_wconf 89' lang='grc' dir='ltr'>αὑτῶν,</span> <span class='ocrx_word' id='word_1_1042' title='bbox 3429 5408 3600 5462; x_wconf 74' lang='grc' dir='ltr'>ταῦτα</span> <span class='ocrx_word' id='word_1_1043' title='bbox 3630 5408 3721 5461; x_wconf 82' lang='grc' dir='ltr'>διὰ</span> <span class='ocrx_word' id='word_1_1044' title='bbox 3753 5412 3876 5482; x_wconf 78' lang='grc' dir='ltr'>τὴν</span> 
     </span>
    </p>
   </div>
   <div class='ocr_carea' id='block_1_133' title="bbox 2280 5486 3878 5558">
    <p class='ocr_par' dir='ltr' id='par_1_133' title="bbox 2280 5486 3878 5558">
     <span class='ocr_line' id='line_1_134' title="bbox 2280 5486 3878 5558; baseline -0.001 -19"><span class='ocrx_word' id='word_1_1045' title='bbox 2280 5486 2550 5558; x_wconf 79' lang='grc' dir='ltr'>ρᾳθυμίαν</span> <span class='ocrx_word' id='word_1_1046' title='bbox 2575 5488 2754 5541; x_wconf 84' lang='grc' dir='ltr'>αὐτῶν</span> <span class='ocrx_word' id='word_1_1047' title='bbox 2788 5488 2880 5541; x_wconf 77' lang='grc' dir='ltr'>καὶ</span> <span class='ocrx_word' id='word_1_1048' title='bbox 2905 5486 3251 5556; x_wconf 88' lang='grc' dir='ltr'>παρανομίαν</span> <span class='ocrx_word' id='word_1_1049' title='bbox 3268 5528 3283 5548; x_wconf 90' lang='grc'>,</span> <span class='ocrx_word' id='word_1_1050' title='bbox 3322 5487 3450 5539; x_wconf 74' lang='grc' dir='ltr'>ὄντα</span> <span class='ocrx_word' id='word_1_1051' title='bbox 3475 5487 3654 5540; x_wconf 83' lang='grc' dir='ltr'>αὐτῶν</span> <span class='ocrx_word' id='word_1_1052' title='bbox 3677 5528 3693 5552; x_wconf 94' lang='grc'>,</span> <span class='ocrx_word' id='word_1_1053' title='bbox 3742 5490 3878 5544; x_wconf 81' lang='grc' dir='ltr'>ἀπ-</span> 
     </span>
    </p>
   </div>
   <div class='ocr_carea' id='block_1_134' title="bbox 2275 5559 3880 5637">
    <p class='ocr_par' dir='ltr' id='par_1_134' title="bbox 2275 5559 3880 5637">
     <span class='ocr_line' id='line_1_135' title="bbox 2275 5559 3880 5637; baseline 0.004 -17"><span class='ocrx_word' id='word_1_1054' title='bbox 2275 5566 2484 5620; x_wconf 85' lang='grc' dir='ltr'>ώλεσαν</span> <span class='ocrx_word' id='word_1_1055' title='bbox 2516 5559 2681 5621; x_wconf 79' lang='grc' dir='ltr'>οὗτοι.</span> <span class='ocrx_word' id='word_1_1056' title='bbox 2714 5566 2897 5629; x_wconf 77' lang='grc' dir='ltr'>Οὕτως</span> <span class='ocrx_word' id='word_1_1057' title='bbox 2922 5565 3074 5619; x_wconf 83' lang='grc' dir='ltr'>οὐδὲν</span> <span class='ocrx_word' id='word_1_1058' title='bbox 3093 5563 3123 5603; x_wconf 81' lang='grc' dir='ltr'>¹ι</span> <span class='ocrx_word' id='word_1_1059' title='bbox 3152 5565 3372 5637; x_wconf 87' lang='grc' dir='ltr'>κέρδος,</span> <span class='ocrx_word' id='word_1_1060' title='bbox 3404 5568 3685 5637; x_wconf 83' lang='grc' dir='ltr'>προγόνων</span> <span class='ocrx_word' id='word_1_1061' title='bbox 3711 5566 3880 5628; x_wconf 73' lang='grc' dir='ltr'>εἶναι</span> 
     </span>
    </p>
   </div>
   <div class='ocr_carea' id='block_1_135' title="bbox 2335 5653 3880 5733">
    <p class='ocr_par' dir='ltr' id='par_1_135' title="bbox 2335 5653 3880 5733">
     <span class='ocr_line' id='line_1_136' title="bbox 2335 5653 3880 5733; baseline 0.002 0"><span class='ocrx_word' id='word_1_1062' title='bbox 2335 5653 3880 5733; x_wconf 50' lang='grc' dir='ltr'>ἳὲῼῐειτδόξειςμξιρίαςικαῖῦπςιφόρουςἐτείησξκεῖτςττοτελεῖς.</span> 
     </span>
    </p>
   </div>
   <div class='ocr_carea' id='block_1_136' title="bbox 2273 5712 3887 5836">
    <p class='ocr_par' dir='ltr' id='par_1_136' title="bbox 2273 5712 3887 5836">
     <span class='ocr_line' id='line_1_137' title="bbox 2273 5712 3887 5781; baseline 0.009 -19"><span class='ocrx_word' id='word_1_1063' title='bbox 2273 5712 2295 5753; x_wconf 71' lang='grc' dir='ltr'><strong><em>ἲ</em></strong></span> <span class='ocrx_word' id='word_1_1064' title='bbox 2313 5714 2485 5763; x_wconf 84' lang='lat' dir='ltr'>Morel.</span> <span class='ocrx_word' id='word_1_1065' title='bbox 2500 5716 2650 5776; x_wconf 86' lang='grc' dir='ltr'>καὶγά</span> <span class='ocrx_word' id='word_1_1066' title='bbox 2698 5712 2778 5764; x_wconf 80' lang='grc' dir='ltr'>καὶ</span> <span class='ocrx_word' id='word_1_1067' title='bbox 2797 5712 2969 5781; x_wconf 68' lang='grc' dir='ltr'>χρόνου</span> <span class='ocrx_word' id='word_1_1068' title='bbox 2989 5712 3250 5781; x_wconf 69' lang='grc' dir='ltr'>προίόντος.</span> <span class='ocrx_word' id='word_1_1069' title='bbox 3266 5712 3277 5717; x_wconf 59' lang='grc'><em>’</em></span> <span class='ocrx_word' id='word_1_1070' title='bbox 3319 5724 3343 5762; x_wconf 82' lang='grc'><em>8</em></span> <span class='ocrx_word' id='word_1_1071' title='bbox 3358 5712 3508 5773; x_wconf 63' lang='grc' dir='ltr'>Βιίνὶἰ.</span> <span class='ocrx_word' id='word_1_1072' title='bbox 3533 5712 3887 5781; x_wconf 33' lang='grc' dir='ltr'>ἐκάλούῦήῖἆὶ</span> 
     </span>
     <span class='ocr_line' id='line_1_138' title="bbox 2273 5732 3886 5836; baseline 0.009 -13"><span class='ocrx_word' id='word_1_1073' title='bbox 2273 5776 2323 5824; x_wconf 76' lang='grc' dir='ltr'>οὐ</span> <span class='ocrx_word' id='word_1_1074' title='bbox 2351 5777 2511 5836; x_wconf 82' lang='grc' dir='ltr'>μικρά.</span> <span class='ocrx_word' id='word_1_1075' title='bbox 2580 5775 2610 5814; x_wconf 79' lang='lat' dir='ltr'><strong>h</strong></span> <span class='ocrx_word' id='word_1_1076' title='bbox 2632 5732 2836 5836; x_wconf 55' lang='lat' dir='ltr'>(Suidam</span> <span class='ocrx_word' id='word_1_1077' title='bbox 2858 5778 3045 5828; x_wconf 79' lang='lat' dir='ltr'>habent</span> <span class='ocrx_word' id='word_1_1078' title='bbox 3064 5782 3208 5836; x_wconf 81' lang='grc' dir='ltr'>ὄντως</span> <span class='ocrx_word' id='word_1_1079' title='bbox 3232 5786 3381 5833; x_wconf 84' lang='grc' dir='ltr'>οὐδέν.</span> <span class='ocrx_word' id='word_1_1080' title='bbox 3409 5785 3563 5833; x_wconf 81' lang='lat' dir='ltr'><strong>Paulo</strong></span> <span class='ocrx_word' id='word_1_1081' title='bbox 3593 5796 3710 5836; x_wconf 77' lang='lat' dir='ltr'>nos:</span> <span class='ocrx_word' id='word_1_1082' title='bbox 3730 5805 3886 5836; x_wconf 72' lang='lat' dir='ltr'>unus</span> 
     </span>
    </p>
   </div>
   <div class='ocr_carea' id='block_1_137' title="bbox 2676 5778 3886 5847">
    <p class='ocr_par' dir='ltr' id='par_1_137' title="bbox 2676 5778 3886 5847">
     <span class='ocr_line' id='line_1_139' title="bbox 2676 5778 3886 5847; baseline 0.014 -21"><span class='ocrx_word' id='word_1_1083' title='bbox 2676 5778 3045 5847; x_wconf 59' lang='lat' dir='ltr'>uidanihabelgt</span> <span class='ocrx_word' id='word_1_1084' title='bbox 3064 5782 3208 5847; x_wconf 72' lang='grc' dir='ltr'>ᾇντως</span> <span class='ocrx_word' id='word_1_1085' title='bbox 3232 5786 3381 5833; x_wconf 84' lang='grc' dir='ltr'>οὐδέν.</span> <span class='ocrx_word' id='word_1_1086' title='bbox 3409 5785 3563 5833; x_wconf 80' lang='lat' dir='ltr'><strong>Paulo</strong></span> <span class='ocrx_word' id='word_1_1087' title='bbox 3593 5796 3710 5847; x_wconf 70' lang='lat' dir='ltr'>post</span> <span class='ocrx_word' id='word_1_1088' title='bbox 3730 5778 3886 5844; x_wconf 62' lang='grc' dir='ltr'>υηὺἓ</span> 
     </span>
    </p>
   </div>
   <div class='ocr_carea' id='block_1_138' title="bbox 2269 5841 3884 5910">
    <p class='ocr_par' dir='ltr' id='par_1_138' title="bbox 2269 5841 3884 5910">
     <span class='ocr_line' id='line_1_140' title="bbox 2269 5841 3884 5910; baseline 0.007 -25"><span class='ocrx_word' id='word_1_1089' title='bbox 2269 5842 2444 5910; x_wconf 28' lang='grc' dir='ltr'>ροβε-χ,</span> <span class='ocrx_word' id='word_1_1090' title='bbox 2467 5841 2607 5899; x_wconf 82' lang='lat' dir='ltr'>isque</span> <span class='ocrx_word' id='word_1_1091' title='bbox 2621 5841 2830 5910; x_wconf 66' lang='lat' dir='ltr'>0pti_mm_</span> <span class='ocrx_word' id='word_1_1092' title='bbox 2841 5847 2988 5910; x_wconf 69' lang='lat' dir='ltr'>notas,</span> <span class='ocrx_word' id='word_1_1093' title='bbox 3003 5841 3244 5910; x_wconf 57' lang='grc' dir='ltr'>ἰιεβεὶξίνα</span> <span class='ocrx_word' id='word_1_1094' title='bbox 3256 5841 3727 5910; x_wconf 16' lang='grc' dir='ltr'>νπλέονπεῖρανῖψιιε</span> <span class='ocrx_word' id='word_1_1095' title='bbox 3742 5841 3884 5905; x_wconf 55' lang='grc' dir='ltr'>τρι-εὶ</span> 
     </span>
    </p>
   </div>
   <div class='ocr_carea' id='block_1_139' title="bbox 2268 5900 3885 5972">
    <p class='ocr_par' dir='ltr' id='par_1_139' title="bbox 2268 5900 3885 5972">
     <span class='ocr_line' id='line_1_141' title="bbox 2268 5900 3885 5972; baseline 0.013 -26"><span class='ocrx_word' id='word_1_1096' title='bbox 2268 5900 2463 5972; x_wconf 52' lang='lat' dir='ltr'>fidem:</span> <span class='ocrx_word' id='word_1_1097' title='bbox 2485 5913 2597 5972; x_wconf 60' lang='lat' dir='ltr'>es§e</span> <span class='ocrx_word' id='word_1_1098' title='bbox 2624 5900 2792 5972; x_wconf 73' lang='lat' dir='ltr'>lcc_Lio.</span> <span class='ocrx_word' id='word_1_1099' title='bbox 2807 5906 2976 5972; x_wconf 48' lang='lat' dir='ltr'>Altera</span> <span class='ocrx_word' id='word_1_1100' title='bbox 2998 5903 3128 5972; x_wconf 69' lang='lat' dir='ltr'>enim</span> <span class='ocrx_word' id='word_1_1101' title='bbox 3157 5907 3233 5972; x_wconf 61' lang='lat' dir='ltr'>&#39;{va</span> <span class='ocrx_word' id='word_1_1102' title='bbox 3253 5909 3454 5972; x_wconf 73' lang='grc' dir='ltr'>λεόντων</span> <span class='ocrx_word' id='word_1_1103' title='bbox 3476 5900 3643 5972; x_wconf 70' lang='grc' dir='ltr'>πεῖραν</span> <span class='ocrx_word' id='word_1_1104' title='bbox 3666 5900 3885 5966; x_wconf 60' lang='grc' dir='ltr'>λάθ’ῴῖ</span> 
     </span>
    </p>
   </div>
   <div class='ocr_carea' id='block_1_140' title="bbox 2267 5961 3888 6031">
    <p class='ocr_par' dir='ltr' id='par_1_140' title="bbox 2267 5961 3888 6031">
     <span class='ocr_line' id='line_1_142' title="bbox 2267 5961 3888 6031; baseline 0.015 -26"><span class='ocrx_word' id='word_1_1105' title='bbox 2267 5962 2382 6009; x_wconf 81' lang='lat' dir='ltr'><strong>ferri</strong></span> <span class='ocrx_word' id='word_1_1106' title='bbox 2408 5961 2598 6031; x_wconf 48' lang='lat' dir='ltr'>nequit.</span> <span class='ocrx_word' id='word_1_1107' title='bbox 2621 5990 2685 6031; x_wconf 13' lang='grc' dir='ltr'>-ν</span> <span class='ocrx_word' id='word_1_1108' title='bbox 2698 5965 2911 6031; x_wconf 54' lang='grc' dir='ltr'>Ιιιιοίιαιο</span> <span class='ocrx_word' id='word_1_1109' title='bbox 2922 5965 3259 6016; x_wconf 69' lang='lat' dir='ltr'>estverissima</span> <span class='ocrx_word' id='word_1_1110' title='bbox 3277 5967 3443 6025; x_wconf 68' lang='grc' dir='ltr'>Ιεωίυ,</span> <span class='ocrx_word' id='word_1_1111' title='bbox 3456 5961 3602 6031; x_wconf 69' lang='grc' dir='ltr'>ψιεὶη</span> <span class='ocrx_word' id='word_1_1112' title='bbox 3628 5961 3888 6027; x_wconf 44' lang='lat' dir='ltr'>restiti};</span> 
     </span>
    </p>
   </div>
   <div class='ocr_carea' id='block_1_141' title="bbox 2265 6024 3652 6093">
    <p class='ocr_par' dir='ltr' id='par_1_141' title="bbox 2265 6024 3652 6093">
     <span class='ocr_line' id='line_1_143' title="bbox 2265 6024 3652 6093; baseline 0.009 -23"><span class='ocrx_word' id='word_1_1113' title='bbox 2265 6035 2389 6071; x_wconf 86' lang='lat' dir='ltr'>mus.</span> <span class='ocrx_word' id='word_1_1114' title='bbox 2411 6024 2508 6073; x_wconf 76' lang='lat' dir='ltr'>Res</span> <span class='ocrx_word' id='word_1_1115' title='bbox 2531 6030 2758 6074; x_wconf 71' lang='lat' dir='ltr'>narratur</span> <span class='ocrx_word' id='word_1_1116' title='bbox 2778 6026 2834 6076; x_wconf 86' lang='lat' dir='ltr'>IV</span> <span class='ocrx_word' id='word_1_1117' title='bbox 2863 6026 2985 6087; x_wconf 69' lang='lat' dir='ltr'>Reg.</span> <span class='ocrx_word' id='word_1_1118' title='bbox 3012 6039 3128 6088; x_wconf 82' lang='lat' dir='ltr'>xvn,</span> <span class='ocrx_word' id='word_1_1119' title='bbox 3147 6031 3323 6093; x_wconf 64' lang='lat' dir='ltr'>255nm.</span> <span class='ocrx_word' id='word_1_1120' title='bbox 3344 6024 3652 6082; x_wconf 57' lang='grc' dir='ltr'>Ευιτξνιτε.</span> 
     </span>
    </p>
   </div>
  </div>
