4094 6370
305 423 401 481 l'l'l
1318 418 1385 476 IN
1418 417 1734 477 IOANNE.“
1771 417 1999 472 llOMlL.
2046 417 2234 471 XXXI.
2267 419 2337 473 al.
2381 420 2547 475 XXX.

304 540 405 591 sit?
444 538 557 592 Non
585 539 727 607 quod
758 540 988 604 timeret,
1017 537 1110 593 sed
1139 546 1195 593 ut
1225 536 1439 592 invidia:
1483 549 1693 590 causam
1724 548 1858 595 pre-

301 629 589 692 sciuderet,
618 639 672 683 et
704 630 929 684 livorem
958 630 1242 698 mitigaret.
1287 628 1499 682 Poterat
1524 625 1666 679 enim
1692 638 1750 678 se
1775 637 1868 691 ag-

304 719 608 788 gredientes
655 718 930 784 cohibere,
975 718 1069 773 sed
1108 718 1321 771 nolebat
1365 715 1491 771 illud
1545 713 1871 783 frequentius

303 825 481 879 agere,
510 826 578 864 ne
604 809 980 864 incarnationis
1006 809 1162 863 fidem
1189 808 1255 863 de
1283 808 1459 862 medio
1484 806 1714 861 tolleret.
1736 803 1869 858 Nam

300 903 345 955 si
374 916 519 969 saepe
546 901 915 969 deprehensus
943 901 1251 970 aufugisset,
1284 900 1336 952 in
1364 913 1479 952 eam
1507 895 1647 965 apud
1675 896 1869 949 multos

299 990 658 1059 suspicionum
687 991 939 1044 venisset.
979 989 1103 1044 ldeo
1131 989 1297 1043 multa
1342 986 1577 1040 humano
1601 998 1752 1039 more
1794 984 1869 1037 fac

300 1083 493 1137 ciebat.
543 1081 614 1137 Ut
652 1082 795 1137 enim
840 1082 985 1135 credi
1012 1081 1201 1143 voluit,
1231 1094 1291 1134 se
1338 1078 1505 1132 Deum
1532 1092 1671 1141 esse,
1703 1077 1776 1129 ita
1814 1082 1869 1129 et

308 1191 522 1230 carnem
547 1184 803 1246 gestasse.
826 1176 951 1229 Ideo
977 1184 1095 1244 post
1129 1172 1574 1228 resurrectionem
1604 1155 1867 1237 discipulo

302 1266 540 1321 dicebat:
563 1266 734 1334 Palpo
756 1276 801 1319 et
824 1266 955 1331 vide,
977 1266 1096 1334 quia
1123 1265 1327 1335 spiritus
1353 1279 1552 1316 carnem
1571 1270 1615 1315 et
1634 1276 1748 1314 ossa
1766 1275 1866 1313 non

300 1360 444 1412 habet
471 1357 624 1430 (Luc.
645 1357 734 1412 24.
764 1357 878 1427 59).
908 1356 1108 1410 Idcirco
1132 1356 1341 1409 Petrqu
1372 1353 1663 1422 increpavit
1679 1350 1865 1405 dicen-

302 1459 430 1514 tem,
459 1447 726 1518 Pr0pitius
754 1457 858 1501 esto
883 1448 989 1513 tibi,
1016 1463 1116 1499 non
1158 1448 1250 1500 erit
1278 1446 1365 1499 tibi
1410 1445 1503 1499 hoc
1527 1443 1738 1515 (Matth.
1776 1443 1864 1497 16.

302 1537 416 1610 22).
444 1538 673 1592 Tantum
700 1553 763 1592 ea
792 1537 858 1591 de
887 1552 945 1591 re
969 1537 1228 1591 sollicitus
1257 1535 1375 1589 fuit.

367 1630 424 1682 ‘2.
453 1628 585 1683 Nam
615 1644 719 1682 non
744 1628 945 1682 modica
976 1628 1089 1681 hmo
1116 1637 1197 1681 est
1222 1627 1361 1680 inter
1382 1624 1630 1680 Ecclesia:
1650 1623 1867 1692 dogma-

300 1732 351 1777 ta
376 1723 572 1793 portio,
604 1723 710 1775 imo
731 1721 911 1775 salutis
951 1729 1146 1774 nostra:
1182 1727 1341 1788 caput
1363 1758 1378 1781 ,
1408 1733 1502 1786 per
1526 1715 1666 1787 quod
1687 1714 1866 1769 omnia

302 1816 433 1870 iacta
460 1822 931 1883 consummataque
952 1820 1096 1867 sunt.
1130 1810 1220 1865 Sic
1243 1824 1387 1864 mors
1423 1809 1595 1863 soluta
1615 1848 1631 1873 ,
1672 1821 1862 1876 pecca-

302 1917 410 1961 tum
440 1906 728 1971 sublatum,
754 1903 1089 1958 maledictum
1119 1902 1424 1971 abrogatum
1464 1938 1482 1966 ,
1512 1899 1784 1952 innumera
1812 1897 1866 1950 in

297 2000 459 2051 vitam
525 2006 762 2049 nostram
816 1994 1026 2049 inducta
1080 1994 1217 2046 bona
1265 1999 1408 2046 sunt.
1465 1990 1588 2045 Ideo
1640 1989 1867 2042 maxime

297 2089 648 2142 (economiam
678 2085 824 2141 credi
850 2085 1097 2149 volebat,
1141 2098 1259 2153 quae
1286 2082 1433 2136 radix
1469 2089 1524 2135 et
1552 2079 1670 2134 fons
1713 2078 1867 2132 nobis

298 2180 698 2233 innumerorum
726 2177 898 2232 luerat
920 2177 1203 2232 bonorum.
1253 2175 1385 2227 Dum
1410 2184 1588 2227 autem
1639 2172 1865 2226 humana

296 2268 657 2337 dispensabat,
705 2283 809 2322 non
834 2267 1042 2322 sinebat
1067 2266 1244 2321 divina
1262 2264 1554 2319 obscurari.
1600 2262 1733 2317 Cum
1777 2276 1865 2316 re-

296 2360 547 2414 cessisset
568 2374 719 2429 ergo,
747 2374 809 2413 ea
831 2359 964 2429 ipsa,
995 2374 1111 2427 quae
1136 2357 1300 2426 prius,
1334 2365 1563 2410 tractare
1591 2353 1863 2424 pergebat.

299 2449 477 2519 Neque
507 2450 652 2504 enim
678 2449 793 2504 sine
816 2464 976 2505 causa
1004 2450 1055 2503 in
1077 2448 1349 2504 Galilaeam
1379 2447 1605 2512 abierat,
1629 2445 1722 2500 sed
1750 2442 1865 2499 ina-

297 2557 395 2610 gna
422 2555 619 2609 parans
637 2541 778 2610 apud
805 2541 1162 2596 Samaritanos
1186 2541 1429 2611 negotia;
1459 2555 1558 2595 nec
1582 2550 1868 2610 utcumque

299 2634 382 2686 illa
409 2633 748 2703 dispensans,
780 2632 871 2686 sed
899 2644 1091 2702 quanta
1118 2647 1213 2702 par
1236 2633 1331 2703 ipsi
1360 2641 1478 2687 erat
1502 2631 1785 2702 sapientia,
1808 2638 1868 2685 ut

299 2723 497 2776 nullan:
524 2722 723 2777 Iudaeis
750 2722 832 2776 vel
860 2722 1175 2791 impudentis
1195 2724 1550 2778 excusationis
1577 2738 1760 2777 ansam
1788 2739 1867 2778 re-

297 2816 562 2884 linqueret
592 2832 606 2868 :
634 2813 775 2884 quod
805 2814 1144 2868 subindicans
1164 2814 1482 2883 evangelista
1500 2814 1790 2884 subjunxit,
1809 2814 1864 2871 4.

297 2906 569 2977 Oportebat
596 2916 763 2959 autem
790 2904 932 2959 illum
952 2906 1166 2959 transire
1187 2923 1275 2975 per
1303 2906 1592 2960 Samariam
1612 2948 1628 2972 ,
1678 2914 1738 2960 ut
1779 2920 1868 2960 os-

295 3000 540 3054 tenderet
575 2999 750 3068 ipsum
790 2997 892 3052 hoc
913 2998 1063 3067 quasi
1084 2998 1257 3053 obiter
1280 2998 1492 3054 fecisse.
1521 2998 1609 3053 Sic
1646 3007 1702 3055 et
1731 3012 1864 3066 apo-

293 3092 413 3145 stoli
437 3090 692 3160 agebant.
722 3089 853 3143 Nam
882 3089 1021 3144 sicut
1048 3089 1145 3155 illi,
1166 3089 1365 3145 Iudaeis
1392 3090 1861 3160 persequentibus,

292 3180 357 3235 ad
377 3191 570 3250 gentes
598 3180 882 3235 veniebant
909 3199 923 3233 :
954 3180 1023 3234 ita
1050 3189 1105 3235 et
1132 3179 1374 3236 Christus
1392 3221 1407 3243 ,
1436 3180 1650 3250 quando
1692 3181 1865 3250 ipsum

292 3273 583 3345 pellebant,
613 3280 739 3327 tunc
761 3283 949 3342 gentes
968 3272 1167 3338 adibat,
1193 3280 1249 3327 ut
1277 3273 1330 3327 in
1359 3272 1767 3344 Syrophoenissa
1788 3272 1868 3329 fe-

225 3398 233 3404 -
272 3365 383 3419 .cit.
401 3365 528 3419 Haec
550 3380 711 3432 porro
726 3364 802 3418 sic
822 3372 966 3433 gesta
993 3373 1133 3427 sunt,
1159 3365 1399 3419 utomnis
1412 3363 1653 3420 defensio
1667 3364 1865 3419 Iudaeis

292 3454 591 3518 tolleretur,
620 3470 718 3508 nec
732 3453 910 3509 dicere
930 3464 1165 3523 possent.
1195 3454 1358 3526 Nobis
1386 3456 1586 3511 relictis
1614 3456 1680 3510 ad
1700 3457 1865 3511 incir-

293 3548 561 3601 cumcisos
590 3545 858 3613 profectus
881 3556 983 3601 est.
1006 3546 1337 3616 Quapropter
1356 3546 1621 3614 discipuli,
1658 3556 1717 3601 ut
1744 3561 1866 3601 sese

293 3649 602 3710 purgarent,
657 3639 900 3694 dicebant
936 3656 950 3693 :
1011 3638 1162 3693 Vobis
1183 3641 1437 3709 oportebat
1464 3641 1683 3709 primunt
1728 3641 1866 3709 loqui

291 3731 495 3783 rerbum
516 3729 615 3783 Dei
639 3746 657 3782 :
684 3731 802 3799 quia
829 3745 944 3783 vero
963 3730 1196 3799 indignos
1224 3746 1309 3783 vos
1323 3731 1588 3799 judicatis,
1619 3746 1727 3784 ecce
1751 3746 1865 3783 con-

292 3822 534 3875 vertimur
556 3821 625 3873 ad
665 3824 874 3891 gentes(
907 3822 1016 3874 Act.
1045 3820 1131 3874 l5.
1173 3819 1244 3874 46
1270 3820 1318 3888 );
1351 3829 1405 3875 et
1454 3821 1568 3888 ipse
1614 3836 1823 3875 rursum
1844 3860 1861 3887 ,

296 3911 415 3965 Non
439 3913 552 3966 veni
598 3913 697 3965 nisi
722 3912 789 3965 ad
848 3927 961 3965 oves
1003 3928 1116 3981 qua
1166 3913 1416 3981 perierunt
1460 3913 1638 3965 domus
1686 3910 1853 3965 Israel

294 4003 316 4072 (
347 4002 539 4057 Matth.
576 4003 662 4057 15.
689 4004 780 4057 21.
809 4002 829 4072 )
855 4019 870 4066 ;
892 4013 947 4058 et
978 4018 1187 4057 rursum
1212 4042 1228 4067 ,
1260 4001 1381 4055 Non
1418 4013 1488 4057 est
1512 4002 1695 4056 bonum
1723 4004 1862 4057 acci-

291 4109 410 4161 pere
450 4110 636 4161 panem
671 4094 922 4160 ﬁliorum,
947 4102 993 4145 et
1034 4092 1156 4146 dare
1199 4092 1404 4145 canibus
1433 4091 1452 4159 (
1484 4090 1619 4145 Ibid.
1647 4109 1692 4145 v.
1718 4092 1788 4147 26
1820 4094 1860 4161 ).

290 4185 425 4238 Cum
446 4194 626 4237 autem
658 4182 801 4235 illum
830 4182 1159 4251 repulerunt,
1191 4190 1316 4235 tunc
1356 4180 1572 4249 januam
1618 4182 1865 4251 gentibus

288 4281 637 4343 aperuerunt.
656 4272 835 4341 Neque
860 4282 1032 4327 tamen
1057 4273 1135 4327 sic
1162 4272 1229 4327 ad
1254 4271 1372 4331 illos
1397 4272 1663 4340 przecipue
1686 4271 1866 4326 venie-

288 4365 404 4431 bat,
423 4363 521 4419 sed
545 4362 868 4418 transeundo
890 4373 1114 4417 tantum.
1144 4362 1435 4417 Transiens
1462 4362 1652 4430 igitur,
1675 4362 1729 4417 5.
1767 4361 1865 4418 Ve-

287 4459 363 4508 nit
386 4458 403 4488 ι
433 4457 489 4509 in
514 4457 761 4509 ciuitatem
783 4456 1032 4511 Samaria:
1053 4496 1069 4519 ,
1091 4471 1207 4524 qua:
1231 4456 1417 4509 dicitur
1440 4455 1661 4526 Sychar,
1709 4472 1866 4528 prope

290 4548 485 4621 (acup,
504 4562 650 4615 quem
666 4545 806 4599 dedit
828 4544 988 4599 Iacob
1010 4544 1201 4615 Ioseph
1222 4545 1330 4613 ﬁlio
1354 4561 1469 4600 suo.
1513 4547 1567 4601 6.
1601 4545 1733 4601 Erat
1761 4564 1863 4599 au-

287 4650 389 4692 tem
416 4639 525 4690 illic
554 4636 669 4705 fons
698 4635 878 4689 Iacob.
894 4636 1003 4691 Cur
1021 4636 1345 4705 evangelista
1371 4637 1438 4691 de
1456 4637 1573 4691 loco
1602 4638 1679 4691 sic
1702 4652 1862 4692 accu-

289 4739 405 4781 rate
450 4727 685 4795 loquitur
710 4726 733 4779 ?
760 4725 829 4781 Ut
853 4741 971 4781 cum
988 4726 1219 4781 audieris
1245 4726 1520 4781 mulierem
1549 4727 1812 4781 dicentem
1844 4767 1861 4795 ,

284 4817 452 4869 Iacob
480 4826 627 4885 pater
651 4826 817 4869 noster
844 4815 979 4869 dedit
1014 4815 1154 4869 nobis
1197 4816 1329 4870 hunc
1369 4826 1609 4881 puteum.
1640 4832 1707 4870 ne
1749 4827 1866 4871 stu-

288 4920 439 4973 peas.
470 4904 605 4959 Nam
632 4904 781 4959 locus
804 4905 893 4960 ille
932 4914 1078 4967 erat,
1112 4905 1201 4959 ubi
1242 4921 1337 4974 pro
1368 4905 1499 4959 Dina
1531 4906 1864 4976 indignantes

289 4996 418 5051 Levi
442 5004 501 5050 et
527 4994 764 5066 Symeon
785 5035 801 5059 ,
836 5009 1047 5065 gravem
1079 4995 1218 5049 illam
1266 4995 1469 5050 caedem
1498 5005 1789 5064 patrarunt.

362 5086 806 5141 Samaritanorum
821 5086 1026 5156 origo.—
1037 5085 1150 5140 Non
1175 5086 1269 5140 abs
1286 5102 1343 5140 re
1363 5097 1537 5141 autem
1556 5086 1734 5153 fuerit,
1760 5102 1862 5140 un-

284 5175 357 5231 de
376 5179 642 5247 originem
673 5176 957 5231 habuerint
981 5177 1296 5232 Samaritani
1320 5193 1557 5231 narrare.
1591 5176 1724 5231 Nam
1753 5186 1862 5232 tota

288 5270 379 5323 illa
408 5270 560 5339 regio
585 5268 825 5323 Samaria
851 5278 1088 5322 vocatur.
1138 5268 1287 5323 Unde
1333 5284 1463 5337 ergo
1508 5269 1584 5323 sic
1611 5268 1862 5337 appellati

287 5362 458 5413 sunt?
488 5360 685 5415 Sontor
712 5374 865 5412 mons
913 5358 1002 5413 ille
1048 5360 1415 5413 nominabatur
1443 5375 1470 5411 a
1518 5361 1744 5428 quodam
1774 5360 1862 5429 qui

288 5453 439 5506 illaut
472 5452 811 5523 possederat,
835 5451 1033 5507 utdicit
1055 5451 1251 5517 Isaias,
1299 5451 1366 5505 Et
1408 5462 1559 5521 caput
1613 5454 1863 5506 Somaron

288 5542 546 5613 Ephraim
584 5546 608 5615 (
642 5542 774 5597 Isai.
804 5544 857 5597 7.
881 5543 914 5598 9
942 5543 962 5612 )
987 5559 1002 5608 ;
1035 5544 1125 5598 sed
1146 5545 1235 5613 qui
1263 5545 1405 5597 illum
1438 5544 1735 5597 incolebant
1756 5559 1862 5597 non

286 5633 634 5699 Samaritani,
658 5635 752 5689 sed
778 5633 1030 5690 lsraelitae
1050 5636 1391 5689 vocabantur.
1425 5634 1482 5687 In
1514 5634 1861 5709 decursuve-

355 5768 371 5797 ι
400 5767 450 5831 lu
475 5768 640 5817 ator-el.
666 5767 875 5831 legitur:
897 5771 1215 5820 «transeundo
1236 5776 1432 5820 tantum.
1468 5771 1541 5820 sit:
1566 5769 1760 5821 τοπδείὶο
1780 5784 1865 5823 suo

287 5830 543 5889 uate/iacto,
568 5830 909 5893 pcrgitdiccns
936 5833 1121 5894 :t'cnit,
1149 5841 1247 5884 etc.

3442 429 3545 483 1'28

1982 545 2042 584 ro
2065 535 2318 599 temporis
2345 535 2509 588 Deum
2533 534 2901 601 oll'enderunt;
2927 545 2980 591 et
3000 536 3207 593 Phaone
3245 553 3498 607 regnante
3523 581 3539 605 ,

1982 622 2279 675 ascendens
2328 622 2590 689 Theglath
2619 624 2905 689 Phalasar,
2935 625 3130 680 multas
3169 629 3310 695 cepit
3354 629 3543 692 urbes,

1977 711 2126 765 Elant
2176 713 2391 768 adortus
2442 715 2676 780 occidit,
2728 725 2787 771 et
2833 715 2985 771 Osca:
3039 731 3258 786 regnum
3305 718 3540 772 tradidit.

1976 802 2126 856 Hunc
2148 818 2427 872 aggressus
2453 804 2789 859 Salmanasar
2816 806 2980 860 alias‘
3004 807 3147 877 cepit
3167 807 3344 871 urbes,
3370 817 3424 862 et
3447 809 3511 861 tri

1974 894 2207 950 butarias
2238 894 2362 952 fecit
2383 897 2459 964 (4.
2486 894 2609 966 Reg.
2639 897 2951 964 l7).Verum
2978 898 3113 952 Osee
3130 898 3305 967 primo
3326 899 3541 968 quidem

1974 986 2153 1050 cessit,
2176 985 2369 1041 deinde
2400 1002 2527 1041 vero
2555 987 2851 1062 rebellavit,
2874 999 2929 1042 et
2950 989 3016 1042 ad
3051 988 3540 1058 Aithiopumauxi-

1974 1076 2099 1129 lium
2128 1076 2381 1146 confugit.
2406 1077 2484 1133 Re
2504 1078 2736 1147 cognita,
2768 1079 3018 1147 Assyrius
3047 1081 3337 1134 exercitum
3362 1081 3546 1136 admo-

1972 1168 2068 1231 vit,
2099 1176 2326 1237 etcapta
2354 1168 2600 1232 civitate,
2621 1178 2834 1237 gentem
2859 1169 3005 1223 illam
3032 1185 3137 1223 non
3190 1170 3262 1225 ibi
3312 1172 3547 1240 amplius

1976 1258 2217 1313 habitare
2238 1259 2497 1328 permisit,
2523 1275 2589 1313 ne
2607 1260 2798 1315 iterum
2830 1259 3123 1316 deficerent
3149 1276 3165 1327 ;
3194 1261 3292 1316 sed
3320 1262 3405 1317 his
3439 1263 3539 1317 Ba-

1973 1349 2219 1420 bylonem
2248 1360 2304 1404 et
2333 1350 2386 1404 in
2409 1350 2631 1404 Mediam
2662 1349 2954 1415 translatis,
2982 1359 3167 1420 gentes
3191 1351 3326 1407 alias
3376 1354 3543 1407 variis

1972 1459 2037 1497 ex
2065 1442 2198 1497 locis
2224 1443 2444 1498 eductas
2488 1444 2539 1497 in
2585 1443 2879 1499 Samariam
2929 1444 3221 1499 habitatum
3267 1445 3434 1511 misit,
3488 1454 3543 1499 ut

1972 1535 2181 1589 ﬁrmum
2209 1552 2361 1589 suum
2388 1535 2471 1589 his
2499 1537 2550 1589 in
2577 1537 2705 1591 locis
2728 1537 3007 1605 imperium
3036 1532 3219 1606 postea
3245 1546 3390 1593 esset
3414 1577 3431 1603 ,
3458 1554 3544 1592 re-

1971 1628 2128 1695 gione
2157 1626 2274 1681 lidis
2304 1627 2490 1681 incolis
2514 1629 2723 1681 tradita.
2766 1629 2859 1682 llis
2879 1629 2948 1682 ita
2971 1630 3156 1699 gestis,
3185 1630 3331 1684 Deus
3366 1640 3423 1683 ut
3444 1646 3542 1698 po-

1973 1719 2191 1771 tentiam
2215 1734 2364 1771 suam
2393 1720 2724 1782 ostenderet,
2752 1719 3001 1788 quodque
3021 1734 3127 1773 non
3158 1720 3229 1774 ob
3253 1719 3535 1775 imbecilli-

1971 1819 2131 1864 tatem
2169 1808 2380 1865 Iudaaos
2427 1809 2763 1875 tradidisset,
2819 1811 2916 1865 sed
2970 1820 3187 1881 propter
3243 1811 3539 1865 incolarqu

1973 1909 2208 1969 peccata,
2242 1900 2425 1953 leones
2453 1898 2505 1953 in
2534 1898 2792 1954 barbaros
2821 1899 3061 1963 immisit,
3102 1901 3189 1969 qui
3219 1908 3382 1954 totam
3407 1916 3542 1970 gen-

1973 2001 2077 2044 tem
2101 1990 2466 2044 devastabant.
2494 1990 2619 2045 Hatc
2641 1991 2753 2060 regi
2777 1992 3120 2055 nuntiantur;
3144 1991 3235 2047 ille
3259 1991 3421 2045 mittit
3449 2007 3542 2047 sa-

1971 2082 2241 2136 cerdotem
2267 2080 2570 2150 quemdam,
2602 2082 2694 2150 qui
2729 2083 2822 2136 Dei
2856 2082 2999 2151 leges
3020 2082 3147 2151 ipsis
3175 2083 3424 2137 traderet.
3450 2087 3543 2137 Αι-

1972 2183 2148 2229 tamen
2179 2189 2245 2228 ne
2265 2174 2342 2228 sic
2360 2173 2573 2243 quidem
2596 2173 2813 2227 omnino
2841 2173 2908 2228 ab
2931 2173 3201 2243 impietate
3226 2174 3544 2229 destiterunt

1970 2265 2063 2321 sed
2093 2265 2282 2333 partim
2307 2272 2531 2319 tantum.
2561 2264 2860 2333 Insequenti
2890 2272 3068 2318 autem
3100 2273 3335 2333 tempore
3359 2305 3374 2329 ,
3423 2265 3542 2319 ido-

1974 2360 2145 2414 lorum
2171 2358 2377 2428 abjecto
2397 2358 2562 2424 cultu,
2592 2358 2756 2411 Deum
2803 2356 3103 2411 coluerunt.
3150 2356 3283 2409 Cum
3339 2355 3442 2411 hoc
3490 2357 3547 2411 in

1971 2461 2111 2506 statu
2135 2464 2223 2504 res
2248 2458 2447 2515 essent,
2471 2448 2671 2503 reversi
2689 2447 2879 2512 Iudiei,
2910 2447 3008 2502 hos
3038 2457 3095 2501 ut
3120 2447 3448 2516 alienigenas
3487 2456 3543 2500 et

1971 2543 2153 2600 hostes
2183 2543 2566 2599 aversabantur
2583 2582 2601 2609 ,
2627 2556 2762 2610 quos
2791 2555 2819 2593 a
2852 2549 3031 2593 monte
3055 2539 3419 2594 Samaritanos
3445 2555 3542 2593 vo-

1969 2636 2181 2690 cabant.
2205 2633 2405 2689 Iudaeis
2432 2648 2561 2689 vero
2603 2647 2708 2686 non
2739 2632 2860 2685 hinc
2886 2646 3042 2699 parva
3065 2647 3184 2685 cum
3234 2631 3363 2700 ipsis
3402 2632 3541 2687 oric-

1969 2728 2124 2783 batur
2152 2727 2443 2793 contentio,
2464 2725 2605 2796 quod
2626 2740 2729 2779 non
2754 2732 2890 2779 totas
2904 2722 3201 2792 Scripturas
3220 2723 3538 2792 reciperent,

1969 2822 2062 2876 sed
2111 2820 2304 2891 Moysis
2364 2827 2562 2873 tantum
2592 2817 2791 2883 libros;
2841 2831 2939 2871 nec
2987 2815 3276 2885 prephetas
3319 2815 3541 2870 multum

1969 2922 2237 2968 curarent.
2263 2912 2539 2967 Samaritae
2556 2924 2683 2965 vero
2702 2909 2973 2965 Iudaicam
2989 2908 3317 2963 nobilitatem
3339 2908 3543 2965 ambie-

1970 3007 2120 3073 bant,
2147 3019 2421 3076 genusque
2446 3019 2601 3059 suum
2644 3004 2710 3057 ad
2737 3003 3006 3058 Abraham
3036 3001 3189 3071 quasi
3229 3000 3540 3071 progenito-

1970 3115 2083 3155 rem
2114 3099 2435 3163 referebant,
2475 3104 2656 3167 utpote
2678 3097 2767 3165 qui
2786 3111 2853 3150 ex
2877 3094 3126 3150 Chaldiea
3146 3101 3348 3160 essent,
3375 3101 3431 3146 et
3454 3091 3547 3147 Ia-

1968 3190 2069 3247 cob
2095 3200 2293 3259 patrem
2318 3205 2475 3244 suum
2502 3189 2781 3253 vocabant,
2805 3196 2988 3256 utpote
3012 3186 3238 3240 Abrahm
3261 3192 3506 3254 nepotem
3524 3200 3539 3231 :

1967 3283 2134 3340 Iudaei
2155 3298 2281 3337 vero
2304 3298 2426 3339 cum
2452 3282 2659 3337 caeteris
2681 3281 2931 3335 omnibus
2978 3279 3123 3348 ipsos
3158 3292 3373 3349 quoque
3409 3277 3540 3331 abo-

1968 3375 2322 3429 minabantur.
2381 3372 2528 3428 Unde
2553 3382 2607 3427 et
2628 3370 2842 3427 Christo
2868 3369 3260 3438 exprobrabant
3286 3368 3371 3422 his
3414 3382 3539 3421 ver-

1969 3466 2049 3521 bis
2072 3483 2085 3519 :
2130 3465 2485 3520 Samaritanus
2508 3480 2560 3517 es
2581 3473 2634 3517 tu
2653 3505 2669 3529 ,
2692 3473 2738 3517 et
2758 3462 3061 3518 damonium
3082 3462 3234 3515 habes
3258 3462 3276 3529 (
3300 3458 3458 3513 Joan.
3479 3459 3538 3515 8.

1969 3556 2038 3611 48
2062 3556 2105 3627 ).
2136 3557 2203 3611 Et
2232 3554 2282 3608 in
2308 3554 2525 3608 historia
2555 3554 2671 3622 ejus
2695 3553 2783 3621 qui
2827 3551 3181 3607 descenderat
3226 3550 3294 3603 ab
3320 3549 3539 3605 Ierusa-

1969 3649 2076 3703 lem
2108 3649 2159 3702 in
2181 3646 2416 3709 Iericho,
2448 3645 2537 3699 illa
2568 3645 2681 3712 ipsa
2707 3643 2776 3696 de
2795 3656 2955 3697 causa
2981 3641 3223 3695 Christus
3251 3640 3541 3695 Samarita—

1969 3755 2094 3794 num
2127 3738 2345 3802 inducit,
2378 3735 2477 3803 Qui
2504 3736 2621 3805 fecit
2663 3733 3059 3787 misericordiam
3114 3732 3169 3785 in
3219 3730 3310 3784 illo
3357 3728 3532 3799 (Luc.

1969 3832 2059 3887 10.
2089 3832 2155 3886 '57
2186 3828 2225 3901 ),
2259 3830 2417 3883 vilem
2450 3842 2639 3895 nempe
2666 3839 2971 3894 personam,
3001 3822 3307 3891 despectam
3324 3829 3378 3874 ct
3397 3820 3540 3889 apud

1968 3923 2087 3977 illos
2107 3919 2536 3977 abominabilem.
2566 3917 2635 3971 Et
2660 3931 2726 3972 ex
2746 3916 2930 3970 decem
2980 3913 3206 3983 leprosis
3227 3926 3390 3966 unum
3406 3910 3542 3966 alie-

1968 4018 2212 4085 nigenam
2244 4023 2418 4080 vocat,
2461 4013 2584 4082 quia
2626 4009 2988 4066 Samaritanus
3040 4015 3157 4064 erat
3182 4022 3196 4058 :
3224 4014 3382 4073 atque
3428 4003 3542 4072 ipse

1968 4106 2239 4174 discipulis
2257 4105 2477 4174 loquens
2500 4101 2709 4157 dicebat
2740 4118 2753 4153 :
2780 4099 2847 4153 In
2867 4099 2999 4153 uiam
3018 4097 3238 4169 gentium
3267 4112 3331 4149 ne
3355 4094 3539 4148 abieri-

1969 4199 2052 4263 tis,
2072 4206 2119 4250 et
2142 4197 2195 4250 in
2209 4197 2453 4250 civitatem
2469 4193 2906 4250 Samaritanorum
2930 4206 2994 4245 ne
3008 4188 3305 4243 intraveritis
3327 4185 3537 4257 (Matth.

1968 4289 2055 4344 to.
2085 4288 2178 4357 5).

2038 4383 2094 4436 5.
2115 4380 2230 4435 Νοη
2255 4388 2312 4433 ut
2334 4378 2603 4433 historiam
2631 4383 2832 4431 texeret
2852 4383 3083 4440 tantum,
3105 4371 3425 4441 evangelista
3450 4369 3539 4423 Ia—

1968 4473 2158 4527 cobum
2202 4470 2535 4533 memoravit,
2580 4467 2676 4522 sed
2722 4475 2781 4521 ut
2807 4465 3016 4519 Iudaeos
3043 4462 3243 4533 jamdiu
3287 4460 3540 4530 eXpulsos

1966 4564 2289 4621 ostenderet.
2332 4561 2607 4631 Siquidem
2647 4558 3039 4629 progenitorum
3076 4552 3402 4623 temporibus
3424 4549 3545 4619 jam

1968 4660 2084 4711 hinc
2131 4656 2261 4708 olim
2299 4668 2395 4707 sua
2448 4653 2563 4706 loca
2614 4646 3060 4717 occupabautilli.
3095 4645 3224 4709 Quae
3249 4643 3391 4697 enim
3419 4641 3538 4699 loca

1968 4750 2333 4821 progenitores
2381 4750 2483 4810 sui,
2516 4760 2622 4799 non
2653 4745 2777 4796 olim
2803 4757 2916 4804 sua,
2948 4738 3301 4812 occupabant,
3326 4736 3441 4790 hinc
3468 4735 3539 4789 ob

1968 4842 2228 4912 ignaviam
2258 4850 2311 4893 et
2338 4839 2626 4907 nequitiam
2655 4834 2706 4888 hi
2729 4849 2878 4888 suam
2930 4832 3240 4884 amiserant.
3268 4829 3361 4883 Sic
3407 4824 3537 4878 nihil

1967 4935 2183 5005 prodest
2209 4949 2240 4987 a
2269 4932 2421 4987 bonis
2446 4926 2868 4999 progenitoribus
2896 4924 3047 4989 oriri,
3069 4924 3111 4975 si
3138 4928 3356 4990 nepotes
3379 4918 3539 4985 dege-

1968 5034 2174 5083 nerent.
2200 5023 2417 5078 Barbari
2442 5021 2601 5083 enim,
2650 5014 2867 5069 leonum
2904 5021 3115 5067 tantum
3145 5007 3408 5063 saevitiam
3438 5021 3535 5061 ex-

1968 5114 2208 5188 perti,ad
2236 5112 2512 5169 Iudaicum
2551 5109 2728 5162 statim
2771 5107 2970 5160 cultutn
3017 5103 3321 5165 redierunt;
3367 5098 3533 5153 Iudaei

1969 5222 2095 5262 vero
2114 5213 2194 5259 tot
2207 5202 2459 5258 aerumnis
2474 5198 2734 5267 castigati,
2750 5212 2819 5252 ne
2846 5196 2917 5249 ita
2936 5194 3151 5264 quidem
3178 5191 3526 5260 resipuerunt.

2031 5406 2049 5435 ι
2084 5398 2245 5450 Morel.
2270 5398 2415 5460 legit,
2450 5399 2714 5460 sextam,
2736 5403 2839 5453 ρτος
2861 5389 3039 5460 αιέίιξτη
3176 5454 3209 5460 ,,
3250 5446 3259 5456 .

2029 5442 2878 5523 (ai"i'..';-;.na§namensem
2917 5442 3536 5523 Editignsa_in-ﬂ£9_r¥f9

1967 5507 2155 5587 legitur
2162 5507 2522 5587 Ephraini’ante
2544 5507 2784 5587 semei-on,
2800 5520 2851 5561 El
2872 5518 3023 5587 caput
3036 5507 3533 5587 ξηξιζᾳξτξνλξςῃξρζξίζνξ,

1969 5575 2223 5637 etueodem'
2234 5583 2401 5631 ordine
2423 5581 2472 5626 in
2493 5577 2707 5638 Vulgata.
2728 5585 2840 5638 Quae
2860 5586 2981 5638 vero
3002 5583 3120 5638 tn0x_
3137 5575 3420 5638 memoriter
3434 5579 3536 5638 nar-

1968 5626 2423 5715 ἶᾶιῖἷιῖξὲἔοὲὶῦίίίιὶε
2444 5642 2505 5688 de
2524 5626 2761 5715 τιῖέθειειεέῖ
2781 5630 3155 5715 thalamis?
3356 5626 3545 5715 193:3?

1967 5690 2396 5768 ﬁtﬁthiiipum
2419 5714 2565 5763 (luem
2609 5690 2742 5760 ponit
2755 5710 2848 5768 pro
2868 5708 2992 5768 rege
3015 5692 3354 5768 Egypti‘orunt
3370 5690 3534 5768 :“hte‘c,

1968 5754 2179 5833 idalium,
2203 5754 2477 5833 (lllllllllnllu-lt
2490 5754 2713 5833 at'ttul‘ale
2736 5754 3022 5833 dicta

1967 5813 2289 5886 Edessam-is
2310 5826 2607 5884 oll'crcbant,
2632 5820 2757 5884 quod
2790 5817 2906 5866 alias
2929 5813 3025 5866 non
3046 5813 3203 5866 semel
3226 5814 3530 5862 observatur.
