4094 6370
588 420 689 474 179

587 531 697 583 line
729 532 902 600 itaque
928 530 1167 585 Christus
1194 531 1366 591 venit,
1396 529 1606 581 mollem
1636 541 1690 582 et
1720 527 1968 582 lascivam
1991 529 2150 579 vitam

584 637 796 691 semper
823 623 1057 691 abigens,
1081 621 1396 675 laboriosam
1431 635 1554 675 vero
1577 631 1629 675 et
1655 632 1854 674 arctam
1877 617 2149 672 inducens.

583 713 699 767 Non
722 713 863 766 enim
887 710 1252 780 subjugalibus
1272 726 1397 765 usus
1427 720 1530 777 est,
1573 710 1667 764 sed
1695 710 1765 763 ita
1795 708 2007 763 assidue
2053 707 2154 760 iter

581 807 709 874 agit,
738 814 794 858 ut
816 803 1150 874 defetigetur.
1173 803 1284 858 Hoc
1304 803 1500 871 ubique
1523 803 1698 867 docet,
1727 811 1781 854 ut
1808 800 1905 854 sibi
1933 799 2153 869 quisque

580 907 852 965 operetur,
886 912 984 950 nec
1011 906 1213 965 quaerat
1233 894 1516 964 superﬂua,
1549 911 1647 950 nec
1678 894 1855 947 multis
1883 903 2052 962 egeat.
2080 893 2151 945 Ita

583 1002 742 1054 porro
770 987 882 1040 vult
908 1001 1004 1040 nos
1032 1002 1061 1040 a
1088 987 1490 1056 supervacaneis
1520 987 1723 1040 alienos
1752 999 1890 1050 esse,
1916 993 1972 1037 ut
1993 984 2150 1036 etiam

583 1079 743 1130 inulta
769 1078 1064 1131 necessaria
1094 1086 1410 1146 amputaret.
1460 1076 1582 1130 Ideo
1629 1074 1841 1129 dicebat
1889 1091 1905 1128 :
1968 1072 2152 1140 Vulpes

584 1170 752 1234 foveas
783 1167 984 1229 habent,
1015 1177 1059 1220 et
1087 1169 1309 1220 volucres
1338 1167 1448 1220 caeli
1469 1167 1613 1218 nidos
1636 1181 1655 1230 ;
1683 1165 1730 1217 [τ’
1731 1166 1847 1218 ilius
1872 1175 2039 1217 autem
2063 1164 2153 1215 ho-

569 1258 731 1310 minis
777 1275 877 1311 non
911 1258 1056 1311 habet
1093 1258 1177 1310 ubi
1225 1266 1375 1327 caput
1411 1258 1612 1310 reclinet
1664 1256 1887 1324 (Matth.
1928 1255 1980 1309 8.
2020 1253 2150 1317 ΞΟ).

579 1349 837 1414 Quocirca
885 1349 936 1401 in
966 1349 1232 1402 montibus
1260 1362 1402 1417 szepe
1428 1359 1670 1400 versatur
1697 1356 1752 1400 et
1796 1346 1850 1399 in
1895 1344 2148 1408 desertis,

584 1458 687 1494 non
736 1441 961 1495 interdiu
1014 1451 1237 1502 tantum,
1287 1440 1381 1494 sed
1423 1440 1583 1493 etiam
1632 1448 1812 1492 noctu.
1864 1437 1972 1490 Iloc
1992 1436 2147 1489 etiam

591 1533 752 1586 David
783 1533 1144 1601 pneuuntians
1185 1531 1412 1595 dicebat,
1462 1530 1539 1583 De
1568 1537 1784 1583 torrente
1831 1529 1884 1580 in
1920 1527 2000 1580 via
2025 1527 2149 1579 bibet

585 1625 766 1692 (Psal.
798 1626 921 1680 109.
955 1625 1060 1692 7),
1092 1636 1147 1678 ut
1172 1626 1286 1693 ejus
1312 1624 1607 1693 expeditam
1631 1622 1750 1677 vita:
1774 1621 2028 1673 rationem
2059 1617 2151 1670 de-

581 1726 920 1772 monstraret.
951 1717 1180 1786 ldipsnm
1216 1717 1302 1770 hic
1326 1715 1558 1770 Joannes
1596 1713 1794 1768 indicat
1821 1709 2010 1763 :Jcsus
2035 1725 2150 1776 ergo

581 1810 819 1877 fatigatus
842 1825 904 1863 ea:
930 1810 1123 1874 itinere,
1155 1807 1351 1862 sedebat
1377 1809 1448 1862 sic
1467 1824 1615 1876 super
1641 1810 1849 1870 fontem.
1876 1801 2020 1856 Hora
2045 1811 2150 1854 erat

579 1900 721 1965 quasi
745 1909 903 1952 sexta.
924 1900 976 1953 7.
1009 1897 1152 1952 Venit
1177 1900 1356 1952 mulier
1375 1899 1437 1952 de
1465 1897 1704 1952 Samaria
1726 1895 1925 1948 haurire
1945 1909 2146 1963 aquam.

580 1988 715 2042 Dicit
740 1991 784 2042 ei
803 1989 953 2044 Iesus
981 2005 999 2043 :
1024 1989 1101 2042 Da
1125 1991 1246 2043 mihi
1272 1989 1449 2042 bibere.
1476 1990 1527 2042 8.
1560 1988 1813 2055 Discipuli
1854 1997 2018 2038 autem
2042 1987 2151 2054 ejus

579 2080 802 2134 abierant
843 2083 895 2134 in
935 2083 1119 2151 forum,
1151 2093 1206 2134 ut
1229 2083 1361 2135 cibos
1394 2091 1628 2136 emerent.
1663 2080 1794 2133 Hinc
1815 2078 1928 2146 ejus
1949 2077 2150 2146 patien-

580 2175 705 2228 tiam
735 2175 785 2228 in
809 2175 1075 2242 carpendo
1095 2176 1303 2241 itinere,
1331 2184 1385 2229 et
1411 2175 1648 2229 ciborum
1678 2172 1972 2242 neglectum
1993 2170 2152 2223 disci-

580 2281 718 2330 mus,
771 2275 825 2320 et
849 2281 1003 2334 quam
1036 2267 1207 2321 obiter
1246 2267 1365 2321 huic
1393 2267 1467 2321 rei
1501 2266 1591 2319 det
1616 2280 1832 2334 operam
1853 2279 1868 2327 ;
1891 2263 1968 2316 sic
1986 2263 2148 2316 disci-

581 2356 687 2423 puli
716 2372 926 2425 quoque
951 2372 1035 2411 res
1059 2371 1181 2410 suas
1217 2366 1442 2412 tractare
1482 2357 1801 2411 didicerunt.
1847 2355 1960 2409 Non
2007 2356 2147 2408 enim

578 2452 765 2505 viatica
796 2467 975 2506 secum
1004 2455 1316 2509 sumebant:
1349 2455 1486 2524 quod
1515 2456 1650 2508 alter
1687 2455 1880 2508 indicat
1919 2466 2148 2521 eVauge-

578 2542 696 2596 lista
729 2541 948 2610 (Matth.
976 2543 1063 2597 16.
1095 2545 1154 2598 ll
1178 2547 1216 2612 ).
1245 2560 1364 2599 cum
1387 2545 1454 2599 de
1475 2546 1736 2602 fermento
1764 2545 2145 2598 Pharisaeorum

577 2635 706 2703 ipsis
733 2633 1058 2706 loqueretur,
1089 2635 1227 2706 quod
1251 2636 1321 2691 illi
1348 2638 1543 2693 dictum
1588 2638 1860 2708 putabant,
1894 2636 2014 2704 quia
2059 2651 2147 2703 pa-

580 2744 672 2781 nes
705 2745 806 2782 non
853 2738 1208 2796 sumpserant.
1241 2729 1452 2784 Etcum
1496 2731 1795 2784 esurientes
1833 2727 2065 2790 inducit,
2095 2736 2148 2780 et

575 2819 748 2885 Spicas
773 2820 1027 2873 vellentes
1056 2829 1110 2873 ut
1137 2820 1386 2886 ederent;
1434 2836 1496 2875 ac
1523 2836 1640 2874 cum
1671 2820 1801 2874 dicit
1837 2835 1978 2883 eum,
2005 2819 2145 2888 quod

574 2907 818 2964 esuriret.
840 2909 904 2962 ad
925 2910 1078 2963 ficum
1109 2910 1320 2965 venisse
1351 2928 1364 2964 :
1397 2910 1526 2964 nihil
1553 2909 1694 2964 aliud
1734 2910 1818 2964 his
1844 2923 1941 2962 nos
1969 2909 2142 2974 docet,

573 3014 733 3067 quam
763 3011 998 3055 ventrem
1026 3018 1145 3056 esse
1172 3003 1316 3070 parvi
1343 3002 1697 3072 pendendum,
1731 3017 1831 3057 nec
1857 3001 2000 3056 illum
2026 3011 2146 3055 tan-

577 3101 758 3159 tepere
786 3093 1074 3147 curandum
1097 3109 1234 3148 esse.
1254 3094 1542 3150 Considera
1575 3096 1659 3150 hic
1677 3111 1888 3165 quoque
1917 3097 2033 3150 illos
2061 3097 2143 3150 ni-

579 3181 649 3234 hil
673 3182 929 3248 attulisse,
960 3198 1130 3252 neque
1158 3194 1331 3238 tamen
1364 3185 1481 3240 ideo
1502 3187 1676 3239 statim
1704 3203 1733 3239 a
1757 3187 2015 3255 principio
2039 3187 2142 3240 diei

577 3272 711 3326 hanc
746 3289 856 3326 rem
910 3287 1116 3337 curare,
1165 3275 1258 3328 sed
1302 3291 1422 3329 cum
1464 3275 1592 3330 hora
1650 3278 1856 3345 prandii
1895 3278 2140 3339 advenit,

577 3377 728 3417 e-cns
783 3374 1014 3432 emptum
1042 3364 1138 3419 ire.
1168 3365 1274 3419 Nos
1320 3383 1448 3420 vero
1476 3377 1659 3420 contra
1708 3369 1885 3423 statim
1928 3379 2086 3438 atque
2114 3383 2143 3422 a

576 3453 712 3506 loeto
740 3455 1086 3519 surreximus,
1110 3466 1232 3510 ante
1261 3460 1436 3510 omnia
1483 3457 1596 3512 hinc
1623 3473 1888 3524 curamus,
1939 3475 2140 3528 coquos

571 3554 625 3597 ct
673 3560 935 3614 caupones
985 3549 1339 3614 acccrsimus,
1389 3549 1547 3619 idque
1594 3566 1784 3621 magno
1823 3566 1942 3606 eum
1969 3552 2143 3605 studio

543 3638 777 3705 *agimus
808 3659 821 3694 :
850 3650 901 3693 et
928 3651 1046 3709 post
1068 3641 1179 3696 hare
1209 3641 1310 3695 alia
1335 3657 1600 3710 curamus,
1646 3643 1761 3698 haec
1785 3659 1996 3714 semper
2019 3661 2135 3698 care

578 3732 714 3785 nalia
743 3732 1106 3800 spiritualibus
1131 3744 1534 3805 anteponentes,
1558 3745 1614 3790 et
1640 3753 1758 3806 qua:
1788 3737 2144 3806 perfunctorie

576 3827 844 3878 tractanda
867 3837 1036 3892 erant,
1081 3828 1231 3897 quasi
1274 3828 1574 3883 necessaria
1615 3838 1986 3898 exsequentes.
2022 3829 2144 3884 Ideo

573 3919 750 3970 ninnia
809 3927 1129 3987 praepostere
1182 3929 1428 3989 aguntur.
1473 3919 1668 3975 Contra
1713 3920 1932 3975 omnino
1985 3937 2144 3989 agere

573 4008 826 4076 oportuit,
851 4009 1197 4076 spiritualium
1220 4025 1460 4078 magnam
1481 4010 1676 4066 habere
1706 4013 1964 4067 rationem
1990 4028 2004 4077 ;
2027 4013 2146 4082 qui-

573 4100 672 4153 bus
703 4099 967 4169 perfectis,
1000 4100 1114 4155 haec
1147 4104 1404 4170 attingere
1431 4119 1527 4173 par
1557 4103 1674 4158 fuit.

644 4193 869 4247 Christus
920 4194 1144 4264 exemplo
1185 4196 1326 4248 docet
1367 4196 1553 4264 fastum
1577 4213 1681 4250 esse
1723 4197 2042 4251 calcandum.
2074 4227 2143 4238 —

573 4289 709 4344 lliuc
740 4301 897 4357 porro
939 4301 1040 4341 non
1069 4287 1311 4342 laborum
1344 4289 1623 4343 tolerantia
1668 4289 1826 4342 modo
1848 4290 1898 4342 in
1927 4289 2140 4344 Christo

573 4382 921 4445 observanda,
948 4381 1041 4437 sed
1085 4382 1243 4436 etiam
1274 4393 1524 4451 quantum
1570 4391 1713 4436 esset
1751 4397 1780 4435 a
1831 4381 1966 4436 fastu
2008 4381 2140 4436 alie-

574 4489 709 4534 nus;
736 4488 839 4527 non
863 4480 1065 4526 tantum
1095 4473 1233 4542 quod
1263 4472 1508 4542 fatigatus
1528 4481 1689 4534 esset,
1737 4473 1875 4541 quod
1926 4474 2142 4528 sederet

574 4577 728 4616 secus
753 4564 888 4615 viam
913 4578 928 4626 ;
969 4561 1064 4616 sed
1095 4563 1254 4617 etiam
1284 4562 1424 4631 quod
1453 4563 1598 4618 solus
1631 4563 1846 4618 relictus
1896 4572 2059 4627 esset,
2088 4573 2142 4617 et

572 4651 817 4722 discipuli
841 4652 959 4723 ejus
987 4652 1375 4708 discessissent.
1411 4654 1568 4722 Atqui
1608 4663 1833 4722 poterat,
1865 4653 1908 4707 si
1937 4654 2138 4708 voluis-

571 4753 674 4808 set,
700 4753 794 4799 aut
823 4761 926 4799 non
963 4758 1151 4800 omnes
1185 4745 1412 4808 misisse,
1469 4745 1832 4813 autgprofectis
1871 4745 1979 4798 illis
2006 4745 2139 4798 alios

573 4834 770 4889 habere
814 4836 1110 4898 ministros;
1139 4834 1232 4889 sed
1263 4835 1446 4888 noluit.
1481 4834 1688 4888 Etenim
1729 4833 2020 4904 discipulos
2059 4834 2136 4887 sic

571 4926 949 4979 assuefaeiebat
974 4925 1038 4980 ad
1074 4925 1264 4979 fastum
1290 4940 1501 4980 omnem
1539 4924 1871 4979 calcandum.
1917 4925 1982 4978 Et
2011 4925 2136 4995 quid

569 5018 784 5081 mirum,
813 5015 1003 5069 dixerit
1047 5015 1181 5069 forte
1206 5017 1484 5085 quispiam,
1543 5014 1587 5068 si
1638 5013 1896 5067 moderati
1941 5022 2132 5079 erant,

567 5125 686 5164 cum
710 5109 994 5178 piscatores
1019 5119 1217 5172 essent,
1238 5116 1328 5161 aut
1343 5107 1682 5160 tentoriorum
1699 5105 1953 5174 opiﬁces?
1972 5105 2137 5160 Erant

566 5201 814 5270 equidem
834 5200 872 5248 ιτ
893 5214 1074 5252 vertun
1103 5199 1280 5251 statim
1307 5196 1373 5251 at]
1393 5197 1576 5250 catlum
1603 5197 1902 5253 evolarunt.
1925 5205 1978 5251 et
1994 5199 2134 5265 regi-

567 5293 664 5345 bus
694 5291 948 5344 clariores
991 5298 1294 5353 evaserunt,
1322 5287 1606 5342 familiares
1649 5303 1841 5356 nempe
1867 5288 1987 5341 facti
2017 5289 2135 5341 uni-

565 5383 704 5438 versi
731 5383 876 5437 orbis
914 5381 1140 5446 Domini,
1183 5388 1237 5435 et
1284 5378 1577 5434 admirandi
1627 5378 1865 5448 magistri
1893 5380 2130 5432 asseclae.

564 5472 720 5528 Scitis
748 5483 923 5526 autem
946 5486 1038 5526 eos
1064 5472 1151 5540 qui
1177 5485 1241 5524 ex
1283 5468 1566 5527 humiliore
1594 5469 1761 5538 gradu
1801 5469 1866 5521 ad
1903 5468 2133 5536 dignita-

566 5575 644 5618 tes
675 5565 1008 5633 perveniunt,
1042 5564 1242 5618 facilius
1269 5563 1320 5616 in
1347 5563 1698 5632 arrogantiam
1726 5561 1922 5625 efferri,
1953 5570 2132 5629 utpote

562 5655 653 5724 qui
679 5666 834 5712 antea
864 5655 1080 5711 honoris
1105 5664 1349 5724 expertes
1374 5663 1572 5708 essent.
1617 5654 1674 5707 In
1700 5653 1798 5708 hac
1829 5652 1984 5723 igitur
2012 5653 2130 5708 illos

624 5834 643 5866 ⁸
678 5832 812 5896 Hinc,
836 5841 972 5884 erant
990 5829 1228 5895 equidem,
1253 5845 1278 5883 a
1312 5829 1673 5880 ttontclalcomo
1699 5844 1789 5879 non
1819 5831 1945 5880 lecta
1963 5841 2090 5880 sunt.

1326 418 1380 472 S.
1422 416 1696 471 .IOANNIS
1735 413 2200 471 CllliYSOS'iOMl
2230 413 2543 470 ARCIIIEP.
2584 416 3113 475 CUNSTAN‘TINOP.

3727 429 3824 483 Hb

2261 525 2558 586 humilitate
2583 533 2880 596 continens,
2901 533 3079 587 docuit
3098 548 3190 588 eos
3217 543 3272 588 ut
3293 550 3386 603 per
3400 539 3572 591 omnia
3602 542 3819 596 modesti

2261 630 2315 673 et
2363 621 2590 676 humiles
2618 635 2817 691 essent,
2867 639 2928 678 ac
2954 641 3237 695 numquam
3287 628 3539 682 ministris
3585 643 3813 699 egerent.

2261 711 2376 780 lpse
2392 723 2589 778 autem,
2618 713 2802 784 inquit,
2832 715 3096 787 Fatigatus
3126 734 3188 772 ea:
3215 719 3406 784 itinere,
3437 722 3632 774 sedebat
3657 723 3726 776 sic
3757 724 3820 776 ad

2261 802 2468 869 fontem.
2498 802 2680 856 Viden‘
2709 805 2912 859 sedisse
2943 806 3087 858 illum
3120 807 3312 862 laboris
3339 818 3391 863 et
3433 821 3593 864 aestus
3627 827 3782 866 causa
3802 854 3816 874 .

2258 889 2323 941 ad
2353 889 2640 960 discipulos
2680 895 3094 961 exspectandas?
3117 895 3282 951 Norat
3307 898 3498 967 quippe
3527 900 3649 968 quid
3679 910 3821 956 esset

2258 979 2606 1037 Samaritanis
2651 994 2985 1038 eventurum.
3016 986 3130 1041 Non
3159 999 3332 1041 tamen
3357 989 3441 1042 illa
3468 992 3729 1059 praecipue
3753 993 3820 1047 de

2256 1086 2412 1125 causa
2444 1082 2689 1140 venerat;
2721 1090 2909 1144 neque,
2943 1077 3150 1131 etiamsi
3169 1078 3314 1133 eade
3332 1093 3486 1132 causa
3516 1095 3618 1133 non
3647 1083 3819 1135 venis-

2256 1173 2355 1225 set,
2399 1165 2701 1232 repellenda
2744 1167 3049 1222 muliercula
3102 1169 3186 1222 illa
3233 1178 3368 1235 erat,
3421 1186 3538 1240 qua:
3581 1187 3638 1226 se
3685 1173 3818 1227 adeo

2256 1254 2493 1309 discendi
2523 1257 2766 1324 cupidam
2793 1259 3050 1314 exhibuit.
3079 1259 3247 1314 Judaei
3297 1263 3436 1316 enim
3474 1263 3643 1332 ipsum
3665 1265 3729 1318 ad
3761 1281 3819 1318 se

2256 1348 2554 1400 venientem
2601 1351 2963 1418 repellebant;
2994 1353 3216 1422 gentiles
3247 1364 3432 1407 contra
3463 1355 3566 1408 alio
3610 1358 3818 1422 proﬁci-

2255 1451 2488 1495 scentem
2511 1443 2575 1495 ad
2602 1458 2660 1498 se
2677 1445 2974 1500 trahebant.
2998 1445 3073 1500 llli
3091 1447 3409 1511 invidebant,
3431 1449 3482 1502 bi
3503 1450 3813 1513 credebant;

2255 1532 2328 1586 illi
2355 1534 2776 1602 indignabantur,
2821 1537 2870 1590 bi
2919 1539 3242 1593 mirabantur
3267 1551 3320 1594 et
3342 1541 3647 1596 adorabant.
3681 1543 3814 1609 Quid

2254 1627 2413 1694 ergo?
2437 1628 2780 1695 Oportebatne
2814 1641 2888 1682 tot
2924 1631 3194 1684 hominum
3240 1632 3462 1687 salutem
3508 1633 3812 1704 despicere,

2253 1727 2308 1772 et
2337 1729 2440 1772 tam
2472 1721 2761 1776 studiosum
2787 1723 3030 1776 allectum
3072 1723 3377 1778 dimittere?
3415 1725 3521 1777 lloc
3559 1737 3702 1779 certe
3733 1725 3811 1779 in-

2253 1813 2468 1882 dignum
2512 1816 2650 1869 illius
2681 1815 3000 1886 benignitate
3034 1836 3046 1870 :
3079 1815 3301 1886 ideoque
3346 1817 3457 1870 htec
3495 1818 3666 1870 omnia
3694 1835 3809 1872 cum

2254 1903 2511 1972 sapientia
2547 1907 2644 1960 sibi
2672 1917 2994 1976 congruente
3030 1906 3316 1975 diSpensat.
3347 1907 3593 1970 Sedebat,
3621 1921 3812 1974 corpus

2254 1996 2564 2062 recreabat,
2615 2006 2669 2051 et
2711 1998 2857 2065 juxta
2911 1997 3106 2052 fontem
3161 1997 3525 2068 refrigerabat.
3582 1998 3811 2066 Eratque

2256 2095 2382 2142 tunc
2419 2087 2687 2153 meridies,
2739 2087 2879 2158 quod
2935 2089 3251 2158 evangelista
3300 2088 3533 2142 declarat
3581 2088 3662 2143 his
3697 2104 3809 2143 ver-

2255 2177 2367 2242 bis,
2413 2176 2553 2230 Hora
2597 2189 2702 2231 erat
2738 2179 2878 2247 quasi
2927 2189 3105 2244 sexta,
3152 2187 3197 2232 et
3227 2179 3425 2232 sedebat
3451 2179 3539 2233 sic.
3572 2177 3705 2244 Quid
3731 2187 3813 2232 est

2255 2271 2418 2335 illud,
2465 2270 2597 2324 Sic?
2643 2270 2757 2325 Non
2812 2272 2864 2325 in
2909 2271 3080 2338 solio,
3134 2286 3237 2327 non
3272 2272 3325 2326 in
3379 2272 3670 2341 pulvinari,
3717 2273 3809 2326 sed

2256 2361 2564 2428 simpliciter
2607 2362 2771 2416 hutni.
2815 2361 2956 2416 Venit
3000 2361 3180 2418 mulier
3222 2377 3286 2418 ex
3323 2363 3558 2417 Samaria
3610 2364 3812 2418 haurire

2249 2469 2450 2521 aquam.

2322 2547 2373 2599 4.
2391 2545 2701 2614 Colloquium
2720 2547 2903 2604 Christi
2922 2564 3035 2601 cum
3059 2548 3261 2603 muliere
3278 2548 3599 2604 Samaritana
3622 2552 3808 2604 evolui-

2254 2651 2357 2705 tur;
2370 2643 2623 2711 utriusque
2634 2644 2812 2713 agendi
2833 2644 2962 2698 ratio
2974 2645 3530 2699 commentatur.—Vide
3545 2647 3808 2716 quomodo

2249 2733 2485 2790 declaret
2511 2734 2779 2790 mulierem
2818 2745 3032 2805 propter
3073 2735 3216 2788 aliud
3261 2751 3524 2804 egressam
3575 2751 3693 2790 esse
3743 2752 3806 2790 ex

2249 2828 2462 2880 civitate
2481 2869 2496 2894 ,
2527 2827 2720 2897 ubique
2743 2827 3101 2895 impudentem
3131 2827 3430 2880 Judteorum
3463 2828 3807 2896 pervicaciam

2251 2919 2547 2986 reprimens
2571 2959 2585 2984 ,
2625 2933 2692 2972 ne
2717 2919 2834 2987 quis
2872 2917 3073 2971 diceret
3119 2919 3287 2986 ipsum
3334 2919 3625 2988 transgredi
3669 2935 3807 2986 prat-

2250 3020 2460 3080 ceptum
2500 3025 2649 3062 suum
2670 3050 2686 3076 ,
2719 3024 2836 3063 cum
2868 3019 3068 3064 vetaret
3099 3010 3149 3062 in
3176 3010 3436 3063 civitatein
3467 3011 3663 3078 ingredi
3709 3010 3806 3063 Sa-

2250 3101 2658 3166 maritanorum,
2690 3102 2776 3169 qui
2801 3100 2913 3168 ipse
2938 3115 3057 3154 cum
3096 3100 3442 3154 Samaritanis
3485 3101 3806 3168 loqueretur.

2251 3191 2374 3244 Ideo
2391 3230 2404 3248 .
2433 3190 2680 3258 Discipuli
2706 3192 2811 3257 ejus
2836 3190 2887 3242 in
2911 3190 3156 3242 civitatem
3177 3190 3311 3242 cibos
3332 3191 3542 3258 empturi
3559 3191 3804 3254 abierant,

2252 3283 2420 3350 inquit
2457 3281 2808 3350 evangelista,
2859 3281 3052 3334 multas
3099 3281 3351 3336 inducens
3395 3282 3636 3352 colloquii
3689 3299 3808 3337 cum

2251 3375 2472 3429 muliere
2516 3386 2722 3427 causas.
2772 3373 2907 3437 Quid
2946 3388 3073 3441 ergo
3112 3373 3341 3426 mulier?
3381 3373 3508 3427 Cum
3538 3373 3806 3438 audisset,

2251 3465 2332 3518 Da
2360 3467 2479 3519 mihi
2503 3465 2666 3520 bibere
2685 3505 2699 3531 ,
2731 3465 3012 3519 admodum
3045 3464 3328 3533 prudenter
3352 3464 3614 3517 Christum
3642 3465 3808 3518 inter-

2250 3559 2467 3627 rogandi
2497 3557 2830 3612 oct‘asioncm
2859 3565 3076 3624 captans
3105 3555 3272 3622 inquit
3311 3573 3323 3608 :
3351 3553 3403 3608 9.
3425 3553 3684 3619 Quomodo
3698 3555 3805 3619 tu‘,

2248 3649 2461 3703 Juda’us
2486 3666 2600 3703 cum
2632 3649 2700 3702 sis
2718 3688 2733 3713 ,
2762 3645 2922 3698 bibere
2945 3662 2976 3698 a
3003 3661 3080 3697 me
3109 3645 3269 3714 poscis
3289 3686 3303 3709 ,
3334 3661 3444 3713 qua:
3476 3660 3585 3697 sum
3629 3645 3809 3696 mulier

2249 3741 2619 3795 Samaritana?
2645 3737 2766 3791 Non
2795 3738 2928 3791 enim
2953 3746 3220 3789 eoutuntur
3248 3735 3416 3788 Juda’i
3447 3736 3804 3788 Samaritana.

2252 3831 2317 3886 Et
2348 3833 2485 3886 unde
2515 3833 2659 3884 illum
2689 3830 2927 3885 Judaeum
2955 3843 3074 3883 esse
3102 3828 3286 3880 novit?
3317 3826 3389 3879 Ex
3419 3825 3596 3879 habitu
3638 3827 3806 3892 forte,

2248 3934 2338 3977 aut
2361 3939 2428 3978 ex
2457 3937 2722 3977 sermone.
2753 3921 2834 3976 Tu
2863 3936 2987 3976 vero
3015 3919 3373 3974 animadverte
3399 3933 3556 3986 quam
3597 3919 3808 3986 perspi-

2249 4030 2345 4069 cax
2375 4014 2563 4068 mulier
2599 4022 2760 4068 esset.
2806 4013 2938 4066 Nam
2978 4013 3022 4065 si
3067 4011 3354 4066 cavendum
3394 4019 3540 4073 erat,
3592 4009 3810 4062 Christo

2249 4109 2422 4174 potius
2466 4105 2710 4159 cautione
2745 4120 2876 4174 opus
2929 4114 3074 4168 erat,
3136 4119 3291 4171 quam
3340 4103 3458 4170 ipsi.
3502 4099 3616 4155 Non
3664 4099 3807 4153 enim

2247 4195 2412 4261 dixrt,
2442 4195 2554 4249 Non
2583 4205 2866 4249 eoutuntur
2890 4195 3204 4249 Samaritani
3233 4192 3427 4247 ludatis
3453 4209 3469 4255 ;
3499 4191 3613 4258 sed,
3637 4191 3807 4245 Judzei

2248 4287 2607 4342 Samaritanus
2638 4304 2740 4341 non
2766 4287 3067 4340 admittunt.
3094 4287 3337 4339 Attamen
3369 4284 3558 4338 mulier
3581 4324 3594 4344 ,
3628 4282 3728 4337 etsi
3775 4298 3808 4336 a

2245 4379 2395 4445 culpa
2427 4378 2704 4440 innuunis,
2735 4378 2855 4446 quia
2887 4375 3104 4444 putabat
3128 4375 3287 4429 alium
3332 4375 3383 4427 in
3419 4373 3627 4441 culpam
3671 4373 3809 4426 inei-

2242 4468 2401 4532 dere,
2437 4484 2538 4520 non
2567 4468 2759 4530 tacuit,
2789 4466 2879 4521 sed
2911 4466 3140 4520 correxit
3165 4465 3216 4519 id
3245 4464 3381 4534 quod
3407 4472 3589 4517 contra
3631 4463 3808 4530 legem

2243 4560 2354 4614 ﬁeri
2379 4561 2613 4628 putabat.
2640 4557 2742 4612 Sed
2767 4566 2944 4625 posset
2967 4556 3224 4626 quispiam
3247 4569 3506 4624 quaerere,
3536 4552 3811 4632 cur’Jesus

2241 4653 2308 4707 ab
2335 4652 2420 4706 illa
2454 4661 2631 4719 potum
2664 4650 2909 4718 petierit,
2944 4648 2993 4701 id
3034 4647 3148 4715 lege
3190 4663 3293 4700 non
3337 4643 3714 4714 permittente?
3750 4643 3808 4696 Si

2239 4746 2358 4815 quis
2389 4746 2527 4797 enim
2575 4742 2800 4803 dixerit,
2851 4739 2992 4808 quod
3044 4737 3358 4807 prwvideret
3406 4753 3509 4790 non
3560 4736 3808 4789 daturam

2240 4851 2359 4890 esse
2390 4851 2403 4888 :
2435 4835 2554 4888 ideo
2584 4834 2757 4887 minus
2781 4841 2960 4900 petere
2985 4829 3234 4898 oportuit.
3265 4827 3399 4892 Quid
3447 4840 3573 4894 ergo
3619 4825 3808 4878 dicen-

2238 4926 2362 4982 dum
2387 4926 2409 4977 ?
2440 4923 2744 4978 lndill‘erens
2767 4923 2873 4990 jam
2902 4919 3064 4973 fuisse
3093 4916 3629 4972 talesobservationes
3646 4924 3808 4968 abro-

2237 5036 2382 5092 gare.
2414 5019 2544 5074 Nam
2571 5018 2657 5085 qui
2690 5017 2823 5070 alios
2847 5015 2911 5068 ad
2943 5011 3431 5081 transgrediendum
3484 5009 3803 5074 inducebat,

2241 5111 2406 5166 multo
2437 5109 2603 5178 magis
2631 5108 2745 5161 illas
2772 5103 3066 5174 transgredi
3093 5102 3334 5157 debebat.
3365 5099 3478 5155 Non
3497 5099 3638 5153 enim
3661 5101 3810 5168 quod

2238 5200 2557 5271 ingreditur,
2588 5200 2789 5268 inquit,
2827 5195 3132 5263 coinquinat
3169 5193 3432 5246 hominem
3458 5232 3471 5253 ,
3520 5191 3614 5244 sed
3660 5192 3812 5258 quod

2236 5291 2505 5361 egreditur
2535 5288 2752 5357 (Matth.
2785 5287 2871 5341 15.
2905 5287 2964 5339 ll
2989 5285 3030 5353 ).
3058 5284 3171 5338 Non
3205 5297 3361 5351 parva
3386 5291 3561 5334 autem
3590 5278 3813 5333 ,1111111111-

2236 5399 2351 5437 rum
2393 5380 2658 5436 accusatio
2694 5387 2776 5432 est
2814 5377 2941 5430 illud
2989 5391 3107 5429 cum
3152 5374 3371 5428 muliere
3422 5371 3740 5441 colloquium
3790 5388 3807 5423 :

2235 5476 2353 5543 quia
2386 5473 2459 5526 illi
2491 5487 2633 5539 saepe
2660 5481 2714 5524 et
2735 5470 2913 5525 verbis
2941 5476 2994 5521 et
3021 5468 3183 5537 gestis
3210 5466 3383 5520 allecti
3407 5505 3423 5528 ,
3450 5480 3553 5516 non
3592 5463 3810 5517 obtem-

2235 5565 2508 5636 perabant.
2537 5563 2662 5617 llzec
2687 5570 2860 5615 autem
2883 5558 3002 5613 vide
3049 5573 3205 5627 quam
3253 5557 3358 5610 cito
3405 5554 3507 5608 levi
3561 5554 3810 5608 interro-

2297 5700 2313 5730 ¹
2342 5698 2395 5748 111
2424 5698 2531 5748 aliis
2561 5696 2630 5746 sic
2662 5693 2864 5743 effertur
2885 5691 2963 5754 hic
2985 5688 3118 5754 locus
3146 5702 3158 5735 :
3184 5686 3305 5746 Quid
3329 5683 3630 5754 ergomnlier
3655 5696 3810 5754 quens

2232 5765 2446 5816 riu-istim
2467 5772 2642 5822 aquam
2686 5752 2954 5826 poposcit
2979 5752 3159 5826 [alterum
3189 5769 3210 5793 ι
3239 5749 3447 5826 φιλ-1111111
3485 5749 3644 5796 bibere
3663 5761 3691 5793 ιι
3732 5749 3806 5796 ω

2236 5811 2313 5878 illi
2333 5811 2546 5878 Etsi-isna-
2571 5837 2585 5872 :
2617 5811 2737 5881 Quid
2748 5811 2867 5882 ergo
2900 5814 2984 5868 illa
3006 5813 3030 5864 2’
3052 5811 3287 5874 Quomodo
3309 5817 3377 5871 tu,
3399 5820 3495 5859 etc.
