4094 6370
334 424 440 483 179

337 539 612 612 χρηστῶν,
632 540 764 597 ὅταν
782 540 859 613 μὴ
876 542 1109 598 τοιοῦτοι
1138 544 1374 617 τύχωσιν
1402 550 1451 602 οἰ
1487 548 1548 615 ἐξ
1577 550 1803 606 ἐκείνων
1829 552 1919 606 δν-

334 635 447 682 τες.
471 620 535 673 Οί
558 620 658 691 μὲν
678 621 786 693 γάρ
815 621 1106 695 βάρϐαροι,
1129 625 1217 679 ἴνα
1242 626 1474 682 λεόντων
1494 632 1689 701 πεῖραν
1710 632 1917 686 λάϐωσι

330 709 514 780 μόνον,
551 709 688 780 πρὸς
721 710 821 782 τὴν
865 710 1159 782 Ἰουδαῖκὴν
1190 711 1469 765 εὐσέϐειαν
1498 713 1800 784 ἐπανῆλθον
1823 715 1915 767 εύ-

330 792 501 865 θέως·
550 794 750 846 ἐκεῖνοι
803 794 861 848 δέ
898 794 1169 859 τοσαύτας
1211 794 1575 865 ὑπομένοντες
1610 797 1878 868 τιμωρίας
1901 840 1915 865 ,

329 876 449 930 ούδέ
475 873 649 939 οὕτως
680 877 1182 948 ἐσωφρονίσθησαν.
1231 876 1496 931 Ἐνταῦθα
1525 879 1702 931 τοίνυν
1735 884 1763 934 ὁ
1788 882 1920 951 Χρι-

332 957 453 1021 στὸς
492 959 844 1028 παρεγένετο,
871 962 961 1015 τὸν
995 961 1093 1031 μὲν
1119 959 1381 1031 βάναυσον
1411 962 1506 1014 καὶ
1535 962 1700 1033 ὑγρὸν
1724 964 1922 1017 ἐκϐάλ-

328 1040 435 1094 λων
465 1040 578 1111 βίον
606 1043 715 1105 ἀεὶ,
751 1043 843 1096 τὸν
871 1043 926 1096 δὲ
951 1044 1206 1097 ἐπίπονον
1234 1045 1468 1113 εἰσάγων
1506 1046 1599 1100 καὶ
1629 1047 1919 1101 συνεσταλ-

330 1124 512 1194 μένον.
537 1127 615 1179 Ού
652 1125 763 1197 γὰρ
810 1126 1126 1195 ὑποζυγίοις
1155 1128 1441 1198 κέχρηται,
1488 1128 1601 1181 ἀλλ’
1631 1128 1774 1183 οὕτω
1816 1132 1914 1201 βα-

325 1208 459 1272 δίζει
485 1210 752 1272 συντόνως
779 1250 794 1275 ,
828 1210 904 1275 ὼς
937 1213 1031 1265 καὶ
1073 1214 1332 1266 κοπιᾶσαι
1367 1214 1432 1265 ἐκ
1462 1213 1562 1283 τῆς
1588 1213 1912 1286 ὁδοιπορίας.

325 1293 434 1345 Καὶ
495 1292 656 1346 τοῦτο
703 1296 982 1366 πανταχοῦ
1031 1296 1297 1361 παιδεύει,
1338 1296 1399 1349 rb
1443 1298 1743 1369 αὐτουργὸν
1775 1295 1915 1353 εἶναι

325 1376 417 1429 καὶ
440 1378 757 1448 ἀπέριττον,
782 1380 878 1433 καί
908 1380 969 1432 rb
1001 1380 1075 1451 μὴ
1107 1380 1316 1433 πολλῶν
1346 1381 1575 1436 δεῖσθαι.
1618 1383 1774 1437 Οῦτω
1806 1385 1877 1452 γά

326 1459 573 1529 βούλεται
610 1461 718 1515 τῶν
756 1461 1031 1533 περιττῶν
1078 1463 1396 1534 ἀλλοτρίους
1434 1466 1581 1535 ἡμᾶς
1622 1461 1793 1530 εἶναι,
1840 1467 1915 1531 ὡς

323 1544 415 1595 καὶ
457 1544 641 1596 αὐτῶν
689 1544 800 1598 τῶν
829 1546 1145 1614 ἀναγκαίων
1190 1546 1361 1600 πολλά
1403 1548 1777 1618 περικόπτειν.
1814 1550 1912 1603 Διά

322 1627 483 1681 τοῦτο
513 1629 699 1698 ἔλεγεν
718 1645 731 1658 ·
766 1632 835 1684 Al
874 1629 1175 1697 ἀλώπεκες
1211 1632 1483 1701 φωλεοὺς
1512 1633 1725 1701 ἔχουσι
1747 1673 1763 1699 ,
1814 1633 1913 1686 καί

318 1713 392 1766 τὰ
443 1713 687 1766 πετεινὰ
732 1713 840 1767 τοῦ
887 1715 1149 1782 οὐρανοῦ
1203 1716 1697 1784 κατασκηνώσεις
1723 1734 1738 1750 ·
1778 1720 1811 1772 ό
1843 1718 1911 1771 δὲ

327 1795 459 1863 Υἱὸς
492 1796 601 1851 τοῦ
631 1797 945 1872 ἀνθρώπου
979 1802 1090 1853 οὐκ
1123 1800 1248 1867 ἔχει
1295 1800 1415 1853 ποῦ
1468 1800 1583 1869 τὴν
1635 1802 1912 1871 κεφαλὴν

316 1881 515 1948 κλίνῃ.
544 1881 646 1934 Διά
680 1881 838 1935 τοῦτο
880 1883 973 1935 καί
1011 1883 1069 1935 ἐν
1110 1887 1222 1947 τοῖς
1247 1884 1398 1955 ὄρεσι
1443 1885 1508 1939 τὰ
1543 1884 1763 1939 πλείονα
1795 1886 1909 1941 δια-

313 1962 511 2035 τρίϐει,
537 1966 638 2019 οὐκ
668 1967 726 2018 ἐν
754 1966 937 2037 ἡμέρα
964 1966 1122 2036 μόνον
1142 2008 1158 2028 ,
1203 1967 1339 2021 ἀλλά
1365 1968 1456 2020 καὶ
1486 1970 1542 2020 ἐν
1579 1970 1767 2031 νυκτὶ,
1815 1970 1909 2023 καὶ

314 2048 371 2100 ἐν
400 2050 522 2111 ταῖς
550 2047 800 2119 ἐρήμοις.
851 2049 1023 2103 Τοῦτο
1081 2051 1177 2102 καὶ
1230 2053 1258 2104 6
1307 2050 1469 2103 Δαυῖδ
1512 2052 1907 2123 ἀνακηρύττων

311 2128 521 2198 ἔλεγεν,
569 2132 672 2184 Ἐκ
709 2130 1028 2200 χειμάρρου
1058 2134 1126 2186 ἐν
1155 2131 1272 2199 ὀδῷ
1310 2135 1525 2200 πίεται,
1559 2134 1620 2188 τὸ
1652 2134 1907 2199 εὐσταλὲς

311 2213 478 2266 αὐτοῦ
506 2213 605 2267 τοῦ
635 2214 751 2285 βίου
778 2216 976 2285 δηλῶν.
1025 2215 1197 2268 Τοῦτο
1235 2218 1330 2270 καὶ
1380 2218 1631 2289 Ἰωάννης
1671 2219 1906 2272 ἐνταῦθα

309 2296 618 2349 δείκνυσιν·
664 2298 717 2350 '0
766 2294 928 2352 οὗνιι
972 2299 1213 2365 Ἰησοῦς
1258 2300 1629 2367 κεκοπιακὼς
1672 2301 1741 2355 ἐκ
1792 2300 1906 2369 τῆς

309 2379 692 2448 ὁδοιπορίας,
734 2380 883 2453 [179]
937 2381 1192 2451 ἐκάθητο
1226 2383 1414 2449 οὕτως
1456 2384 1556 2437 ἐπί
1588 2384 1662 2453 τῇ
1713 2383 1900 2454 πηγῇ.

310 2465 458 2530 Ὠρα
483 2460 564 2532 ἦν
600 2464 744 2517 ὡσεὶ
773 2464 935 2533 ἕκτη.
970 2467 1247 2535 Ἔρχεται
1281 2466 1435 2536 γυνὴ
1469 2468 1537 2521 ἐκ
1576 2466 1684 2534 τῆς
1711 2471 1904 2537 Σαμα-

301 2549 470 2616 ρείας
526 2546 831 2617 ἀντλῆσαι
891 2548 1067 2617 ὕδωρ.
1128 2552 1300 2618 Λέγει
1348 2549 1503 2619 αὐτῇ
1553 2554 1585 2604 o'
1630 2552 1898 2619 Ἰησοῦς·

307 2632 417 2698 Δός
438 2648 544 2701 μοι
573 2632 753 2687 πιεῖν.
798 2634 862 2685 Ol
895 2631 963 2686 δὲ
989 2632 1249 2703 μαθηταί
1280 2633 1466 2688 αὐτοῦ
1496 2633 1778 2703 ἀπῆλθον
1813 2637 1902 2701 είς
1984 2684 1992 2695 ,

308 2714 420 2782 τὴν
462 2715 723 2784 ἀγορὰν,
776 2717 875 2768 Ira
908 2717 1130 2786 τροφὰς
1166 2716 1570 2787 ἀγοράσωσιν.
1618 2718 1899 2772 Ἐντεῦθεν

310 2798 656 2869 μανθάνομεν
679 2800 773 2852 καὶ
792 2800 853 2853 rb
880 2801 1008 2872 περὶ⁹
1029 2801 1126 2864 τὰς
1148 2801 1452 2873 ὁδοιπορίας
1477 2800 1693 2856 εὔτονον
1710 2802 1896 2869 αὐτοῦ,

307 2883 400 2935 καὶ
432 2881 496 2935 τὸ
526 2882 656 2952 περί
687 2882 785 2947 τάς
815 2884 1021 2955 τροφάς
1048 2885 1413 2957 ἠμελημένον,
1442 2886 1533 2938 καὶ
1560 2885 1676 2949 πῶς
1703 2888 1900 2958 παρέρ-

306 2982 417 3033 γως
449 2966 531 3036 τῷ
563 2967 853 3038 πράγματι
887 2969 1176 3040 κέχρηται.
1222 2969 1377 3023 υῦτω
1399 2968 1529 3037 γοῦν
1563 2970 1657 3022 καὶ
1702 2972 1752 3023 ot
1794 2988 1898 3041 μα-

307 3050 466 3120 θηταὶ
489 3052 889 3123 ἐπαιδεύθησαν
919 3053 988 3106 τά
1024 3053 1147 3107 καθ’
1181 3054 1407 3115 ἑαυτοὺς
1430 3053 1782 3106 διατίθεσθαι.
1820 3055 1893 3107 υύ

304 3134 411 3205 γάρ
436 3136 710 3205 ἐπήγοντο
750 3136 958 3205 ἐφόδια.
999 3137 1110 3190 Καὶ
1141 3137 1291 3207 δηλοῖ
1321 3136 1478 3191 τοῦτο
1514 3138 1701 3209 ἕτερος
1729 3139 1896 3207 εὐαγ-

302 3218 559 3289 γελιοτὴς
581 3217 774 3287 λέγων,
800 3218 962 3289 ἡνίκα
983 3221 1111 3290 περὶ
1136 3221 1238 3291 τῆς
1259 3220 1438 3292 ζύμης
1458 3220 1567 3274 τῶν
1585 3223 1895 3293 Φαρισαίων

304 3301 489 3365 αὐτοῖς
511 3300 805 3370 διελέγετο,
826 3303 908 3356 ὅτι
934 3304 1133 3357 ἐκεῖνοι
1167 3304 1417 3374 ἐνόμιζον
1450 3305 1532 3358 δτι
1570 3304 1765 3376 ἄρτους
1793 3306 1894 3359 οὐκ

302 3384 627 3449 ἐϐάσταζον.
661 3388 773 3439 Καὶ
808 3387 936 3439 ὅταν
956 3389 1258 3451 πεινῶντας
1294 3389 1491 3462 εἰσάγῃ
1512 3429 1526 3451 ,
1561 3391 1656 3444 καὶ
1682 3390 1893 3444 τίλλον-

300 3484 399 3529 τας
430 3469 541 3521 τῶν
574 3468 865 3540 ἀσταχύων
895 3470 922 3510 ι’
943 3512 957 3536 ,
989 3472 1084 3537 καὶ
1117 3471 1395 3536 ἐσθίοντας
1418 3513 1433 3536 ,
1474 3474 1567 3526 καὶ
1598 3473 1726 3527 ὅταν
1760 3473 1897 3548 λέγῃ

302 3552 464 3605 αὑτὸν
492 3555 588 3606 ἐπὶ
624 3553 724 3622 τὴν
755 3554 928 3625 συκῆν
956 3554 1044 3607 διά
1074 3554 1170 3626 τὴν
1204 3557 1395 3611 πεῖναν
1420 3555 1739 3627 ἐληλυθέναι
1758 3559 1894 3625 hab-

300 3634 386 3687 δὲν
406 3635 539 3688 ἀλλο
568 3637 602 3707 ἦ
632 3636 790 3689 τοῦτο
811 3638 899 3692 διὰ
930 3638 1150 3692 πάντων
1173 3639 1320 3709 ἡμᾶς
1348 3639 1615 3706 παιδεύει,
1638 3640 1700 3692 τὸ
1727 3658 1895 3694 κατα-

301 3721 521 3787 φρονεῖν
549 3724 790 3789 γαστρὸς
810 3760 825 3783 ,
857 3721 951 3774 καὶ
990 3719 1066 3793 μὴ
1098 3720 1565 3792 περισπούδαστον
1588 3723 1689 3793 τὴν
1724 3724 1892 3794 αύτῆς

302 3801 544 3871 νομίζειν
577 3800 714 3856 εἶναι
756 3804 1114 3875 λειτουργίαν.
1161 3806 1361 3859 Σκόπει
1400 3806 1530 3873 γοῦν
1560 3807 1757 3870 αὐτοὺς
1798 3808 1892 3860 καὶ

302 3887 561 3952 ἐνταῦθα,
614 3886 737 3941 οῦτε
791 3889 1218 3960 ἐπιφερομένους
1267 3906 1344 3951 τι,
1396 3887 1521 3941 οὔτε
1576 3889 1761 3961 ἐπειδὴ
1814 3890 1889 3961 μὴ

302 3970 624 4037 ἐϐάσταζον,
655 3973 719 4025 ἐκ
748 3972 1051 4043 προοιμίων
1078 3973 1172 4025 καὶ
1201 3970 1362 4035 εὐθὺς
1395 3973 1495 4043 τῆς
1528 3973 1743 4043 ἡμέρας
1768 3972 1887 4025 τού-

302 4070 396 4105 του
427 4056 835 4124 φροντίζοντας,
853 4054 989 4109 ἀλλὰ
1006 4054 1147 4109 κατὰ
1162 4056 1253 4108 τὸν
1274 4056 1484 4124 καιρὸν,
1505 4055 1627 4109 καθ’
1646 4055 1704 4108 δν
1726 4056 1892 4110 ἅπαν-

299 4153 390 4199 τες
416 4137 925 4209 ἀριστοποιοῦνται,
959 4139 1164 4208 τροφὰς
1195 4139 1583 4210 ἀγοράζοντας.
1625 4139 1763 4192 Ἀλλ’
1792 4140 1888 4210 οὐχ

298 4219 551 4290 ήμεῖς,οῖ
582 4220 780 4285 εὐθέως
809 4232 832 4260 α
863 4221 972 4275 ἀπὸ
1000 4222 1190 4292 κλίνης
1220 4221 1620 4292 διανιστάμενοι
1651 4222 1755 4293 πρὸ
1777 4222 1888 4275 τῶν

296 4304 477 4357 ἄλλων
517 4303 678 4358 τοῦτο
722 4304 1105 4375 σκοπούμεθα,
1143 4305 1438 4376 μαγείρους
1487 4304 1582 4357 καὶ
1622 4303 1889 4375 τραπεζο-

296 4389 488 4451 ποιοὺς
518 4387 834 4454 καλοῦντες,
870 4389 966 4441 καὶ
1001 4387 1141 4458 μετά
1180 4388 1382 4458 πολλῆς
1438 4387 1610 4441 ταῦτα
1653 4391 1885 4458 ἐπισκή-

299 4488 529 4535 πτοντες
553 4471 653 4542 τῆς
688 4472 943 4542 σπουδῆς,
972 4473 1066 4526 καί⁹
1094 4472 1209 4543 μετ’
1242 4473 1426 4526 ἐκεῖνα
1454 4470 1564 4525 τῶν
1596 4472 1769 4526 ἄλλων
1793 4471 1886 4525 οὖ-

295 4570 404 4618 τως
450 4555 792 4625 ἁπτόμενοι,
835 4555 903 4609 τὰ
937 4554 1166 4625 βιωτικά
1212 4555 1319 4626 πρὸ
1343 4555 1453 4608 τῶν
1501 4555 1886 4625 πνευματικῶν

299 4637 567 4691 σπουδαῖα
600 4638 914 4708 ποιούμενοι
934 4678 947 4702 ,
989 4639 1085 4692 καὶ
1117 4638 1154 4691 ἃ.
1180 4639 1457 4710 πάρεργον
1493 4637 1637 4708 ἐχειν
1677 4638 1841 4708 ἐχρῆν
1866 4677 1881 4701 ,

295 4722 370 4785 ὡς
413 4726 695 4791 ἀναγκαῖα
740 4723 1029 4793 τιμῶντες.
1076 4722 1177 4776 Διά
1222 4722 1381 4776 τοῦτο
1416 4722 1595 4775 πάντα
1636 4722 1747 4776 ἄνω
1790 4723 1883 4774 καὶ

296 4808 448 4861 κάτω
484 4809 721 4878 γίνεται.
776 4808 1099 4861 Τούναντίον
1142 4807 1251 4878 γὰρ
1283 4804 1453 4877 ἐχρῆν
1487 4804 1741 4858 ἁπάντων
1775 4804 1882 4857 τῶν

295 4892 687 4962 πνευματικῶν
727 4892 895 4945 πολὺν
936 4891 1336 4961 ποιησαμένους
1392 4888 1547 4957 λόγον
1568 4928 1583 4953 ,
1634 4888 1772 4959 μετά
1824 4888 1884 4941 τὸ

295 4976 584 5047 πληρῶσαι
613 4978 827 5039 ἐκεῖνα,
858 4976 977 5029 τότε
1008 4973 1275 5029 ἅπτεσθαι
1310 4972 1530 5026 τούτων.

362 5063 439 5115 Οὐ
464 5062 527 5114 τὸ
547 5062 803 5114 ἐπίπονον
828 5060 885 5113 δέ
909 5060 1088 5130 μόνον,
1110 5058 1245 5113 ἀλλα
1275 5058 1368 5111 καὶ
1389 5058 1449 5109 rb
1470 5057 1674 5126 ἄτυφον
1695 5053 1882 5108 ἐντεῦ-

295 5142 384 5195 θεν
413 5142 713 5204 δείκνυται,
740 5142 800 5194 ού
831 5140 909 5211 τῷ
944 5140 1228 5206 κοπιᾶσαι,
1270 5137 1389 5192 ούδέ
1418 5135 1498 5206 τῷ
1540 5136 1764 5189 καθίσαι
1790 5135 1883 5186 ἐπὶ

290 5223 393 5293 τῆς
430 5221 554 5275 ὁδοῦ
607 5221 788 5292 μόνον,
828 5220 964 5274 ἀλλὰ
999 5219 1093 5273 καὶ
1133 5217 1213 5289 τῷ
1259 5215 1684 5285 καταλειφθῆναι
1722 5212 1884 5293 μόνον

295 5292 391 5353 καὶ
421 5300 552 5363 τοὺς
583 5298 831 5369 μαθητάς
871 5297 1038 5352 αὐτοῦ
1081 5295 1339 5351 ἀπελθεῖν
1365 5293 1417 5347 (ι.
1446 5294 1637 5348 Καίτοι
1665 5309 1729 5361 γε
1754 5292 1883 5361 ἐξῆν

297 5380 351 5432 εί
375 5396 441 5448 γε
474 5379 751 5442 ἐϐούλετο,
782 5379 816 5449 ἢ
862 5380 938 5450 μὴ
979 5379 1187 5439 πάντας
1217 5373 1518 5445 ἐκπέμψαι,
1551 5373 1585 5443 ἢ
1622 5372 1882 5425 ἀπελθόν-

295 5476 404 5513 των
430 5459 680 5517 ἐκείνων,
712 5459 935 5528 ἐτέρους
957 5457 1237 5519 διακόνους
1270 5455 1438 5524 ἐχειν·
1468 5452 1582 5505 ἀλλ’
1616 5453 1716 5504 οὐκ
1756 5450 1882 5519 ἡθέ-

293 5538 462 5611 λησε·
502 5539 599 5592 καὶ
643 5538 752 5609 γάρ
795 5540 927 5601 τοὺς
982 5536 1231 5607 μαθητὰς
1278 5534 1452 5597 σ’ύτως
1494 5532 1661 5585 εἴθισε
1704 5532 1880 5611 πάντα

296 5608 467 5688 τῦφον
505 5608 862 5672 καταπατεῖν.
909 5618 1018 5670 Καὶ
1056 5614 1107 5669 τί
1142 5616 1305 5686 μέγα,
1334 5613 1521 5683 φησὶν,
1546 5613 1595 5664 εί
1630 5608 1880 5688 ἐμετρία-

298 5687 409 5762 ζον,
451 5698 584 5760 ἴσως
615 5698 759 5750 εῐποι
782 5714 868 5759 τις
909 5695 994 5761 ἂν,
1019 5694 1191 5757 ἀλιεῖς
1219 5695 1371 5756 ὄντες
1404 5692 1499 5744 καὶ
1536 5687 1879 5759 σκηνοποιοί;

301 5775 533 5849 [Ἁλιεῖς
572 5777 671 5847 μὲν
697 5772 839 5848 ἦσαν
868 5776 963 5830 καὶ
989 5771 1355 5847 σκηνοποιοὶ,]
1377 5769 1492 5824 ἀλλ’
1523 5769 1589 5823 ἁθ
1600 5770 1719 5839 ρόον
1747 5770 1824 5831 εἰς
1858 5780 1880 5807 ο

361 5870 388 5897 ⁸
414 5868 591 5917 Morel.
627 5867 825 5917 ἐνταῦθα
859 5868 1039 5923 δεικνὺς
1078 5868 1202 5929 λέγει
1218 5880 1233 5929 ’ν
1264 5864 1324 5914 ⁸0
1522 5860 1551 5901 δ
1587 5862 1735 5929 Savi!.
1762 5877 1884 5929 ετα-

299 5929 442 5991 χύων.
513 5932 537 5960 ο
574 5929 700 5979 Ἀλλ’
732 5931 821 5991 οὐχ
860 5933 924 5985 ὡς
954 5921 1091 5991 ἡμεῖς
1135 5921 1333 5991 έιθξως,
1356 5925 1595 5991 Sayn._et
1629 5921 1881 5991 φόροις,

300 5946 442 5991 xum.
513 5946 537 5960 ν
576 5946 700 5979 ⁷Λ).Α’
860 5946 924 5985 ως
954 5946 1091 5991 ημεις
1135 5946 1317 5982 ευοεως.
1356 5946 1508 5974 Dav”.
1543 5946 1595 5972 υι
1629 5946 1736 5971 υυυ.
1770 5946 1880 5981 tua,

300 5992 401 6061 ἀλλ’
536 5994 603 6046 ὡς
620 5946 884 6061 ἡμεῖῗῖἔπρ-
910 5992 1083 6061 κλίνης.
1110 6054 1124 6061 _
1152 5987 1367 6061 d_$av_il.‘
1393 5984 1541 6061 αύτοῦ
1576 5985 1880 6061 χωρισθῆναι.

303 6044 814 6115 [εει-ἰιῗσκηνοποιοί,
834 6044 1069 6115 ἀθρόονδέ
1088 6054 1169 6109 εἰς.
1193 6051 1340 6104 Uncis
1358 6050 1542 6100 inclusa
1561 6044 1749 6099 εὐσαα.
1773 6044 1883 6106 705,

303 6112 393 6164 ’ίιίϐ
414 6123 467 6163 ει
488 6116 603 6165 Sav.
633 6114 821 6174 adjecta
843 6112 973 6163 sum.
998 6114 1131 6163 Enn.

1326 426 1392 481 IN
1436 426 1752 484 JOANNEM
1793 429 2028 486 IIOMIL.
2068 433 2259 492 XXXI.
2299 438 2372 493 al.
2410 437 2557 492 XXX

3504 444 3608 497 180

2026 555 2195 626 αὐτὴν
2225 556 2497 627 ἀνέϐησαν
2520 556 2619 611 τοῦ
2640 558 2873 629 ούρανοῦ
2899 557 3000 629 τὴν
3028 556 3294 629 κορυφὴν,
3339 559 3434 613 καὶ
3470 562 3608 614 πάνο

2021 652 2131 687 των
2151 635 2396 702 ἐγένοντο
2419 636 2683 705 βασιλέων
2715 638 3051 708 σεμνότεροι,
3076 638 3334 709 ὁμιληταὶ
3354 638 3606 706 γενέσθαι

2025 712 2455 778 καταξιωθέντες
2514 715 2608 768 τοῦ
2653 717 2752 784 τῆς
2792 716 3119 787 οἰκουμένης
3168 716 3463 780 Δεσπὸτου,
3511 718 3607 772 καὶ

2024 792 2503 864 παρακολουθῆσαι
2528 794 2605 865 τῷ
2636 795 3037 866 θαυμαζομένῳ
3069 795 3353 849 πάντοθεν.
3378 796 3521 849 "lare
3550 797 3607 849 δὲ

2021 871 2261 935 κάκεῖνο,
2309 874 2391 927 ὅτι
2443 873 2679 943 μάλιστα
2726 875 2775 926 οί
2832 875 2897 927 ἐκ
2936 874 3211 928 ταπεινῶν
3253 874 3427 937 ὄντες,
3478 874 3608 927 ὅταν

2020 950 2347 1023 ἀξιωμάτων
2398 953 2529 1006 ποτέ
2585 953 2879 1016 λάϐωνται,
2940 952 3306 1027 εὐκολώτερον
3355 952 3607 1021 αῐρονται

2022 1032 2161 1102 πρὸς
2202 1033 2484 1097 ἀπόνοιαν,
2528 1033 2625 1087 ἆτε
2672 1033 3051 1105 ἀπειροκάλως
3085 1033 3302 1104 ἔχοντες
3335 1033 3475 1104 πρὸς
3507 1032 3607 1102 τὴν

2018 1113 2288 1183 τοσαύτην
2316 1115 2503 1185 τιμήν.
2536 1113 2799 1183 Κατέχων
2825 1110 2920 1166 οὖν
2947 1112 3144 1175 αὐτοὺς
3178 1112 3272 1165 ἐπὶ
3303 1113 3402 1182 τῆς
3434 1111 3607 1181 αὐτῆς

2017 1195 2539 1268 ταπεινοφροσύνης,
2570 1194 2854 1249 ἐπαίδευεν
2882 1195 3080 1258 αὐτοὺς
3105 1193 3193 1247 διά
3230 1193 3449 1247 πάντων
3482 1209 3606 1244 συν-

2017 1274 2297 1331 εστάλθαι.
2327 1277 2421 1329 καὶ
2454 1274 2706 1345 μηδαμοῦ
2732 1273 2940 1329 δεῖσθαι
2964 1273 3072 1328 τῶν
3104 1271 3600 1343 διακονησομένων.

2015 1354 2190 1417 Αὐτὸς
2231 1354 2288 1407 δέ
2328 1354 2712 1420 Κεκοπιακὼς
2748 1354 2818 1406 ἐκ
2856 1351 2967 1420 τῆς
3004 1351 3369 1420 ὁδοιπορίας,
3413 1352 3600 1421 φησὶν,

2014 1432 2269 1500 ἐκάθητο
2313 1434 2501 1499 οὕτως
2533 1434 2630 1486 ἐπὶ
2678 1430 2754 1501 τῇ
2813 1430 2995 1500 πηγῇ.
3046 1430 3208 1501 Ὁρᾷς
3247 1431 3330 1482 ὅτι
3377 1429 3466 1482 διὰ
3510 1428 3602 1482 τὸν

2015 1512 2184 1566 κόπον
2216 1515 2248 1584 ή
2286 1512 2519 1583 καθέδρα
2547 1513 2759 1581 γέγονε,
2796 1511 2883 1564 διὰ
2916 1511 2975 1563 τὸ
3009 1509 3217 1580 καῦμα,
3243 1508 3331 1563 διὰ
3353 1507 3417 1561 rb
3445 1524 3603 1579 περι-

2019 1594 2199 1661 μεῖναι
2224 1593 2352 1655 τοὺς
2390 1591 2673 1662 μαθητάς;
2700 1592 2855 1663 ¹ᾙδει
2894 1591 2993 1660 μὲν
3031 1590 3140 1661 γὰρ
3182 1588 3601 1663 συμϐησόμενον

2014 1670 2073 1724 τὸ
2099 1670 2241 1724 κατά
2279 1672 2408 1734 τοὺς
2449 1661 2815 1739 Σαμαρείτας.
2866 1670 2982 1722 Ούκ
3021 1669 3116 1721 ἐπὶ
3162 1667 3321 1720 τοῦτο
3368 1666 3425 1718 δέ
3466 1661 3599 1735 ἦλθε

2014 1751 2473 1821 προηγουμένως·
2514 1750 2574 1802 οὐ
2613 1749 2719 1819 μὴν
2762 1749 2950 1820 ἐπειδὴ
2990 1747 3080 1802 διὰ
3106 1748 3267 1801 τοῦτο
3304 1746 3404 1800 οὐκ
3445 1744 3596 1817 [180]

2010 1825 2163 1901 ἦλθε,
2198 1830 2641 1901 παραγενόμενον
2676 1829 2739 1882 rb
2770 1827 2993 1896 γύναιον
3031 1826 3355 1881 ἀπώσασθαι
3402 1824 3595 1896 ἐχρῆν,

2010 1909 2153 1964 οὕτω
2171 1907 2373 1979 πολλὴν
2395 1908 2755 1979 φιλομάθειαν
2777 1909 3242 1979 ἐπιδεικνύμενον.
3271 1909 3333 1961 Ui
3359 1906 3457 1977 μὲν
3487 1905 3598 1975 γάρ

2024 1985 2397 2040 Ἰουδαῖοικαί
2438 1985 2574 2056 πρὸς
2612 1987 2809 2049 αὐτοὺς
2848 1987 3141 2056 ἐρχόμενον
3181 1987 3515 2055 ἀπήλαυνον,
3546 1984 3596 2037 οἱ

2010 2066 2066 2119 δέ
2110 2065 2170 2131 ἐξ
2217 2065 2387 2119 ἐθνῶν
2434 2066 2528 2118 καὶ
2578 2065 2811 2136 ἀλλαχοῦ
2866 2065 3147 2135 βαδίζοντα
3193 2064 3330 2134 πρὸς
3372 2064 3598 2126 ἐαυτοὺς

2009 2138 2212 2199 εἷλκον·
2241 2144 2337 2197 καὶ
2371 2145 2419 2197 οἰ
2455 2144 2552 2213 μὲν
2585 2144 2863 2212 ἐφθόνουν,
2895 2146 2942 2196 οἰ
2968 2144 3023 2196 δὲ
3052 2144 3361 2201 ἐπίστευον·
3397 2145 3594 2196 ἐκεῖνοι

2008 2225 2373 2295 ἠγανάκτουν,
2422 2219 2568 2279 οὗτοι
2614 2222 2926 2293 ἐθαύμαζον
2969 2224 3063 2276 καὶ
3109 2223 3498 2293 προσεκύνουν.
3528 2224 3598 2277 Τί

2006 2301 2134 2370 οῦν;
2176 2304 2284 2358 ἔδει
2316 2303 2587 2358 τοσούτων
2624 2302 2897 2374 σωτηρίαν
2929 2303 3225 2372 ὑπεριδεῖν,
3271 2302 3364 2356 καὶ
3392 2302 3594 2374 προθυ-

2009 2385 2141 2455 μίαν
2169 2383 2312 2439 οὓτω
2342 2382 2595 2453 γενναίαν
2635 2383 2883 2451 ἀφεῖναι;
2912 2382 3091 2435 Τοῦτο
3120 2382 3219 2452 μὲν
3245 2377 3339 2435 οὖν
3373 2381 3593 2447 ἀνάξιον

2003 2459 2073 2534 ἦν
2110 2463 2275 2517 αὑτοῦ
2302 2464 2403 2533 τῆς
2430 2460 2861 2532 φιλανθρωπίας·
2893 2460 3079 2533 διόπερ
3111 2460 3251 2530 μετά
3290 2461 3388 2530 τῆς
3425 2478 3594 2533 προσ-

2003 2543 2246 2615 ηκούσης
2275 2542 2425 2613 αύτῷ
2468 2541 2660 2610 σοφίας
2703 2542 2883 2595 πάντα
2910 2540 2978 2593 τὰ
3008 2540 3251 2611 παρόντα
3294 2542 3589 2610 οἰκονομεῖ.

2016 2623 2285 2693 Ἐκάθητο
2310 2623 2409 2692 μέν
2430 2620 2561 2691 γὰρ,
2590 2620 2883 2673 ἀναπαύων
2909 2618 2971 2672 rb
2998 2618 3177 2687 σῶμα,
3204 2619 3298 2672 καὶ
3323 2619 3472 2687 παρά
3493 2618 3591 2689 τὴν

2002 2702 2187 2773 πηγὴν
2222 2701 2241 2740 ΐ
2271 2699 2561 2771 ἀναψύχων
2594 2700 2744 2754 αὑτό.
2774 2700 2915 2753 Αὐτὸ
2943 2698 3053 2769 γὰρ
3073 2694 3141 2769 ῆν
3169 2699 3266 2768 τῆς
3295 2698 3504 2769 ἡμέρας
3528 2699 3591 2752 rb

2004 2782 2349 2853 μεσαίτατον,
2385 2780 2520 2848 ὅπερ
2558 2780 2653 2831 καὶ
2696 2781 2724 2833 6
2765 2777 3167 2847 Εύαγγελιστὴς
3217 2777 3482 2845 ἐδήλωσεν
3514 2780 3590 2830 εί⁴

2001 2860 2139 2921 πὼν,
2169 2861 2313 2927 Ὥρα
2356 2854 2436 2928 ἦν
2463 2858 2606 2911 ὡσεί
2642 2857 2804 2925 ἕκτη·
2854 2857 2952 2910 καὶ
2984 2856 3236 2922 ἐκάθητο
3276 2856 3480 2921 οὕτως.
3523 2857 3589 2910 Τί

1998 2938 2055 2992 δέ
2087 2941 2257 3000 ἐστιν,
2304 2938 2536 3002 Οὕτως;
2587 2938 2701 2989 Ούκ
2743 2937 2837 2988 ἐπὶ
2879 2936 3089 3006 θρόνου,
3138 2934 3323 3005 φησὶν,
3359 2936 3459 2987 οὐκ
3494 2935 3590 2987 ἐπὶ

1999 3017 2462 3089 προσκεφαλαίου,
2486 3016 2601 3070 ἀλλ’
2619 3015 2806 3078 ἁπλῶς
2824 3016 2917 3068 καὶ
2933 3014 3007 3078 ὡς
3024 3014 3213 3083 ἔτυχεν
3229 3015 3315 3066 ἐπ’
3333 3014 3588 3081 ἐδάφους.

2002 3100 2281 3168 Ἔρχεται
2305 3096 2460 3167 γυνὴ
2491 3098 2560 3151 ἐκ
2586 3096 2697 3165 τῆς
2726 3095 3057 3164 Σαμαρείας
3082 3091 3385 3160 ἀντλῆσαι
3404 3092 3585 3160 ὕδωρ.

2070 3178 2132 3231 δ’.
2176 3178 2319 3247 Ὅρα
2360 3176 2477 3239 πῶς
2516 3176 2611 3229 καὶ
2652 3174 2750 3244 τὴν
2791 3176 3026 3240 γυναῖκα
3055 3172 3121 3224 δι’
3160 3171 3288 3227 ἄλλο
3317 3171 3589 3224 δείκνυσιν

1997 3256 2340 3320 ἐξελθοῦσαν,
2374 3253 2649 3323 πανταχοῦ
2682 3254 2780 3323 τὴν
2804 3252 3155 3321 ἀναίσχυντον
3173 3249 3283 3303 τῶν
3317 3249 3590 3303 Ἰουδαίων

1995 3332 2362 3403 ἐπιστομίζων
2412 3331 2741 3400 ἀντιλογίαν,
2792 3328 2886 3382 καὶ
2939 3328 3026 3381 ίνα
3074 3329 3147 3399 μή
3194 3344 3278 3390 τις
3323 3326 3457 3397 λέγῃ
3502 3328 3584 3380 ὅτι

1996 3412 2333 3465 ἐναντιοῦται
2363 3408 2559 3463 ἐαυτοῦ
2592 3408 2671 3480 τῷ
2718 3408 3125 3480 προστάγματι,
3165 3409 3244 3470 εἰς
3285 3406 3381 3477 μὲν
3428 3406 3585 3460 πόλιν

1996 3490 2232 3544 κελεύων
2279 3491 2352 3560 μὴ
2396 3489 2624 3541 εἰσιέναι
2676 3486 3054 3556 Σαμαρειτῶν,
3110 3485 3480 3553 Σαμαρείταις
3524 3484 3583 3537 δέ

1994 3568 2394 3638 διαλεγόμενος.
2424 3566 2516 3619 Διὸ
2542 3566 2636 3619 καὶ
2663 3565 2745 3629 rb,
2785 3564 3291 3630 Ἀπεληλύθεισαν
3316 3566 3371 3616 οί
3394 3566 3583 3631 μαθη-

1994 3649 2088 3701 ταὶ
2116 3646 2302 3700 αὑτοῦ
2333 3647 2421 3711 είς
2446 3644 2562 3711 τὴν
2590 3646 2793 3708 πόλιν,
2829 3644 2930 3696 ἵνα
2963 3643 3188 3710 τροφὰς
3214 3640 3579 3710 άγοράσωσι,

1994 3725 2237 3778 τέθεικεν
2264 3726 2292 3776 ὁ
2322 3722 2749 3793 Εύαγγελιστὴς.
2785 3720 2986 3781 πολλὰς
3016 3720 3250 3788 εἰσάγων
3276 3719 3454 3777 αἰτίας
3481 3719 3583 3788 τῆς

1993 3803 2130 3875 πρὸς
2165 3802 2333 3874 αὐτὴν
2362 3800 2667 3865 διαλέξεως.
2711 3800 2776 3852 Τί
2823 3796 2916 3853 οὖν
2959 3801 2991 3870 ἡ
3033 3798 3210 3868 γυνή;
3251 3797 3578 3861 Ἀκούσασα,

1992 3883 2105 3948 Δός
2163 3897 2266 3950 μοι
2317 3878 2495 3938 πιεῖν,
2548 3877 2753 3947 σφόδρα
2811 3876 3047 3939 συνετῶς
3105 3877 3185 3938 εἰς
3228 3875 3581 3947 κατασκευὴν

1992 3961 2316 4032 ἐρωτήσεως
2360 3958 2450 4011 τὸν
2499 3957 2651 4027 παρά
2693 3956 2789 4010 τοῦ
2830 3956 3067 4029 Χριστοῦ
3102 3954 3259 4023 λόγον
3289 3954 3576 4025 λαμϐάνει,

1992 4040 2088 4094 καὶ
2134 4039 2319 4108 λέγει·
2368 4035 2652 4101 Πῶςεσὺ
2713 4036 3000 4101 Ἰουδαῖος
3046 4033 3152 4101 ὢν,
3200 4034 3383 4099 αίτεῖς
3439 4036 3577 4103 παρ’

1980 4112 2138 4188 ἐμοῦ
2193 4117 2351 4172 πιεῖν
2401 4116 2596 4183 οὔσης
2648 4114 2935 4183 γυναικὸς
2985 4113 3444 4182 Σαμαρείτιδος;
3494 4117 3579 4169 Οὐ

1990 4198 2103 4269 γὰρ
2134 4194 2513 4266 συγχρῶνται
2548 4193 2824 4269 Ἰουδαῖοι
2850 4193 3257 4263 Σαμαρείταις.
3284 4192 3392 4244 Καὶ
3416 4192 3578 4246 πόθεν

1990 4268 2152 4332 αὑτὸν
2186 4276 2435 4329 Ἰουδαῖον
2479 4272 2729 4345 ἐνόμιζεν
2768 4268 2941 4336 εἷναις
2988 4270 3121 4324 Ἀπὸ
3167 4270 3259 4323 τοῦ
3300 4273 3577 4340 σχήματος

1991 4358 2141 4419 ἴσως,
2177 4356 2269 4408 καὶ
2301 4353 2407 4407 ἀπὸ
2436 4355 2537 4424 τῆς
2572 4352 2877 4418 διαλέξεως.
2913 4350 2984 4403 Σὺ
3015 4349 3070 4402 δέ
3117 4366 3207 4420 μοι
3238 4349 3430 4400 σκόπει
3458 4348 3577 4412 πῶς

1988 4434 2381 4505 διεσκεμμένον
2413 4433 2475 4485 τὸ
2521 4430 2743 4501 γύναιον
2770 4426 2858 4501 ἦν.
2898 4428 2958 4481 Εἰ
3002 4428 3112 4499 γὰρ
3139 4430 3305 4498 ἐχρῆν
3336 4427 3576 4505 φυλάξα-

1992 4514 2142 4575 σθαι,
2178 4503 2268 4566 τόν
2302 4509 2513 4583 Ἰησοῦν
2552 4511 2738 4583 ἐχρῆν,
2774 4510 2872 4561 οὐκ
2898 4508 3132 4575 ἐκείνην.
3165 4508 3238 4559 Οὐ
3266 4506 3375 4576 γάρ
3398 4503 3572 4573 εἶπεν,

1986 4595 2070 4648 ὅτι
2108 4595 2447 4662 Σαμαρεῖται
2474 4592 2586 4653 τοῖς
2622 4588 2897 4649 Ἰουδαίοις
2934 4587 2997 4639 ού
3029 4584 3393 4655 συγχρῶνται,
3433 4586 3573 4654 ἀλλ’,

2002 4672 2245 4725 Ἰουδαῖοι
2293 4668 2638 4740 Σαμαρείτας
2686 4669 2747 4720 ού
2796 4664 3130 4737 προσίενται.
3171 4663 3310 4716 Ἀλλ’
3360 4665 3510 4735 ὅμως
3537 4668 3572 4736 ή

1986 4751 2125 4821 γυνὴ
2150 4751 2327 4804 καίτοι
2353 4748 2687 4819 κατηγορίας
2718 4744 3136 4817 ἀπηλλαγμένη,
3168 4743 3355 4813 ἐπειδὴ
3390 4745 3577 4813 ἐνόμι-

1988 4849 2080 4885 σεν
2108 4832 2296 4901 ἕτερον
2336 4830 2471 4899 αὐτῇ
2516 4827 2880 4888 ἀντιπίπτειν,
2930 4823 3052 4877 ούδέ
3077 4821 3251 4886 οὕτως
3293 4823 3573 4895 ἐσίγησεν,

1988 4910 2105 4964 ἀλλ’
2133 4910 2209 4971 ὼς
2240 4907 2408 4961 οἴεται
2438 4905 2743 4976 διορθοῦται
2786 4904 2848 4956 rb
2878 4904 2953 4973 μὴ
2989 4902 3131 4955 κατὰ
3153 4902 3317 4972 νόμον
3350 4902 3573 4973 γινόμε-

1986 5006 2094 5042 νον.
2128 4987 2269 5041 Ἀλλ’
2296 4988 2471 5041 ἐκεῖνο
2514 4986 2579 5039 ἄν
2618 5002 2702 5048 τις
2747 4984 3118 5054 διαπορήσειε,
3152 4982 3270 5045 πῶς
3301 4983 3329 5034 6
3364 4982 3572 5047 Ἰησοῦς

1985 5067 2217 5140 ἐζήτησε
2258 5065 2389 5137 παρ’
2423 5065 2593 5133 αὐτῆς
2630 5066 2795 5128 πιεῖν,
2849 5062 2943 5115 τοῦ
2992 5062 3155 5132 νόμου
3200 5062 3300 5114 οὐκ
3348 5062 3571 5131 ἐπιτρέ-

1990 5164 2219 5212 ποντοςς
2256 5146 2318 5198 Εἰ
2346 5145 2455 5214 γάρ
2484 5143 2628 5211 λέγοι
2660 5160 2763 5205 τις,
2798 5142 2882 5194 ὅτι
2918 5141 2996 5211 τῷ
3021 5140 3325 5212 προειδέναι
3366 5140 3439 5210 μὴ
3466 5140 3572 5192 δὼ-

1987 5242 2207 5288 σουσαν,
2256 5224 2321 5277 δι’
2360 5223 2493 5277 αὐτὸ
2530 5223 2628 5293 μὲν
2654 5217 2746 5275 οὖν
2772 5219 2931 5274 τοῦτο
2957 5221 3077 5273 οὐδὲ
3108 5220 3327 5288 αἰτῆσαι
3376 5219 3566 5293 ἐχρῆν.

1987 5305 2053 5357 Τί
2078 5300 2172 5357 οὖν
2206 5303 2351 5355 ἐστιν
2385 5292 2592 5367 εἰπεῖν;
2640 5301 2760 5353 Ὀτι
2790 5300 3082 5370 ἀδιάφορον
3115 5298 3264 5366 αὐτῷ
3290 5297 3475 5349 λοιπὸν
3500 5292 3569 5366 ἦν

1983 5384 2084 5446 τάς
2133 5382 2388 5445 τοιαύτας
2436 5380 2720 5436 ἐκϐάλλειν
2762 5380 3193 5450 παρατηρήσεις.
3213 5377 3270 5428 Ὀ
3300 5376 3409 5445 γὰρ
3440 5376 3567 5440 τοὺς

1984 5461 2178 5524 ἄλλους
2226 5460 2436 5527 ἐνάγων
2480 5461 2559 5522 είς
2606 5458 2668 5511 rb
2712 5457 2880 5520 λύειν,
2932 5455 3111 5524 πολλῷ
3169 5452 3366 5524 μᾶλλον
3404 5455 3570 5518 αὐτὸς

1984 5539 2152 5604 αὐτὰς
2199 5538 2266 5593 ἂν
2310 5538 2682 5611 παρέδραμεν.
2727 5538 2801 5589 υύ
2836 5535 2945 5605 γὰρ
2982 5534 3043 5587 rb
3092 5534 3566 5603 εἰσπορευόμενον,

1986 5622 2143 5692 φησὶ,
2178 5621 2348 5672 κοινοῖ
2373 5618 2463 5670 τὸν
2492 5616 2798 5687 ἄνθρωπον,
2844 5614 2981 5668 ἀλλά
3019 5613 3080 5665 rb
3108 5612 3565 5683 ἐκπορευόμενον.

1985 5704 2061 5755 Ού
2098 5699 2270 5771 μικρά
2318 5698 2375 5751 δὲ
2422 5697 2721 5766 κατηγορία
2756 5695 2953 5762 γένοιτ’
2987 5693 3053 5745 ἂν
3087 5693 3195 5744 τῶν
3232 5692 3497 5745 Ἰουδαίων
3531 5696 3564 5764 ἡ

1987 5779 2128 5852 πρὸς
2157 5777 2186 5815 ιι
2224 5778 2323 5849 τὴν
2350 5778 2584 5846 γυναῖκα
2616 5772 2869 5837 διάλεξις,
2913 5772 3047 5824 διότι
3082 5773 3279 5824 ἐκεῖνοι
3312 5771 3411 5840 μὲν
3440 5772 3571 5825 πολ-

2049 5876 2072 5916 ί
2101 5876 2252 5926 Savil.
2283 5882 2341 5938 τῇ
2373 5880 2523 5938 πηγῇ.
2544 5872 2669 5923 Ibid.
2691 5869 2947 5938 ἀναψύχων
2967 5869 3108 5938 ιιι)τόἒ
3130 5870 3370 5938 ᾼύτὸ-γάρ
3392 5869 3450 5938 ᾖν
3468 5877 3569 5938 τῆς.

1984 5939 2121 5989 Velit
2145 5940 2247 6000 legi
2270 5932 2422 5986 Séivil.
2538 5937 2646 5998 γάρ,
2679 5932 2850 6000 deleto
2872 5932 3016 6000 αύτό-
3083 5933 3114 6000 δ’
3134 5932 3279 6000 ΑΙίἱκή
3300 5932 3414 6000 γυγῄ
3437 5933 3576 6000 αἰτη-

1986 6003 2121 6051 θεῖσα
2138 5992 2267 6063 ὕδωρ
2287 6000 2417 6063 παρὰ
2435 5992 2520 6063 τοῦ
2674 5996 2763 6063 Δός
2781 5995 2985 6063 μοι-γὰρ,
3006 5994 3137 6063 qna},
3158 5992 3298 6063 πιεῖν,
3321 5994 3346 6039 ὁ
3367 5994 3575 6063 χρίει-πὸς

1988 6067 2117 6121 ἐλεγε
2134 6053 2252 6121 πρὸς
2268 6053 2429 6117 αύτῆν.
2454 6060 2511 6108 Τί
2532 6053 2613 6106 οὖν
2634 6053 2815 6118 ἐκείνῃ’;
2836 6053 2963 6121 ΙᾲΙῶς.
3017 6056 3053 6121 ’ὲ
3080 6055 3285 6112 Quidam
3303 6053 3426 6118 περί,
3449 6053 3575 6104 Tum

1990 6116 2191 6175 alii-61d)
2204 6124 2307 6180 εξις·
2334 6116 2537 6177 ἐκείνους
2564 6122 2646 6183 μὲν
2667 6116 2823 6181 γὰρπ.
2850 6116 3172 6167 ἐπεσπάσατο.
3366 6116 3375 6118 ⁷
