4094 6370
456 372 556 428 £8!

450 490 610 553 λάκις
647 488 987 555 ἐπεσπῶντο,
1033 490 1128 545 καὶ
1165 490 1256 545 διὰ
1309 491 1574 563 ῥημάτων
1602 490 1753 564 [181]
1804 490 1901 544 καὶ
1953 486 2043 542 διὰ

450 571 817 642 πραγμάτων,
871 570 966 623 καὶ
1006 570 1108 624 οὐκ
1151 571 1450 641 ἠνείχοντο·
1505 568 1645 640 αὕτη
1678 572 1757 635 δὲ,
1789 570 1892 641 δρα
1923 574 2043 637 πῶς

454 653 747 722 κατέχεται
779 648 888 703 ἀπὸ
927 647 1091 719 ψιλῆς
1133 650 1457 721 ἐρωτήσεως
1489 661 1539 703 ι.
1588 649 1762 716 Αὐτὸς
1793 652 1895 722 μὲν
1928 652 2041 723 γὰρ

454 735 555 788 οὐκ
582 732 913 802 ἐνεστήσατο
947 728 1087 791 τέως
1112 729 1318 800 ταύτην
1348 728 1449 801 τὴν
1477 731 1888 801 πραγματείαν,
1917 733 2041 785 οὑδέ

454 816 554 886 τὴν
586 812 722 867 ὁδόν·
751 813 801 863 εί
821 808 881 862 δέ
910 825 1055 872 τινες
1086 808 1477 879 παρεγένοντο,
1522 811 1622 863 οὑκ
1654 811 1884 865 ἐκώλυε.
1932 813 2042 867 Καὶ

455 896 566 965 7&9
593 896 708 955 τοῖς
744 890 1017 962 μαθηταῖς
1063 890 1250 954 ἁπλῶς
1287 889 1495 957 ἔλεγεν,
1546 890 1630 953 είς
1670 891 1826 945 πόλιν
1856 892 2043 963 Σαμα.

459 974 653 1047 ριιτῶν
686 973 761 1044 μὴ
804 971 1090 1037 εἰσελθεῖν,
1118 971 1241 1041 οὑχὶ
1273 971 1368 1025 καὶ
1404 971 1729 1041 προσιόντας
1766 972 2045 1044 διακρούε-

459 1059 609 1112 σθαι·
660 1052 869 1123 σφόδρα
896 1052 1006 1122 7&9
1029 1052 1249 1117 ἀνάξιον
1279 1047 1349 1122 ἦν
1390 1050 1558 1104 αὑτοῦ
1602 1051 1704 1123 τῆς
1736 1052 2043 1123 φιλανθρω-

457 1140 608 1199 πίας.
644 1135 743 1189 Διά
767 1134 833 1204 δὴ
863 1132 1024 1187 τοῦτο
1056 1132 1153 1185 καὶ
1188 1131 1545 1201 ἀποκρίνεται
1567 1134 1637 1202 τῇ
1670 1134 1912 1201 γυναικὶ,
1950 1133 2047 1187 καί

460 1234 643 1290 φησιν·
688 1219 757 1272 El
807 1217 973 1285 ᾕδεις
1028 1213 1146 1283 τὴν
1181 1212 1411 1281 δωρεὰν
1442 1212 1553 1267 τοῦ
1599 1214 1767 1277 Θεοῦ,
1813 1214 1913 1267 καὶ
1956 1214 2047 1280 τίς

456 1302 628 1353 ἐστιν
656 1301 690 1354 δ
716 1296 911 1366 λέγων
942 1311 1062 1359 σοι,
1103 1294 1214 1360 Δός
1237 1310 1339 1363 μοι
1366 1292 1545 1347 πιεῖν·
1586 1294 1669 1347 σὺ
1696 1293 1777 1347 ἂν
1814 1295 2049 1363 ᾗτησας

456 1381 665 1445 αὑτὸν,
701 1377 801 1431 καὶ
853 1373 1079 1429 ἔδωκεν
1119 1372 1197 1426 ἄν
1239 1389 1338 1427 σοι
1388 1372 1547 1442 ὕδωρ
1591 1371 1721 1434 ζῶν.
1774 1373 2050 1445 Πρότερον

458 1462 732 1516 δείκνυσιν
764 1455 921 1521 ἀξίαν
952 1451 1119 1509 οὖσαν
1154 1452 1406 1517 ἀκοῦσαι,
1438 1455 1533 1507 καὶ
1576 1454 1650 1526 μὴ
1682 1454 2047 1525 παροφθῆναι·

459 1545 554 1599 καὶ
595 1541 717 1595 τότε
752 1538 944 1591 ἐαυτὸν
974 1536 1331 1591 ἐκκαλύπτει.
1383 1535 1493 1589 Καὶ
1540 1534 1649 1604 γὰρ
1696 1534 1923 1606 ἔμελλεν
1960 1534 2052 1587 εὑ⁴

462 1628 599 1689 θέως
647 1619 893 1692 μαθοῦσα
924 1616 1075 1682 ὅστις
1103 1618 1273 1682 ἐστὶν,
1308 1616 1716 1670 ὑπακούσεσθαι
1748 1616 1843 1669 καὶ
1879 1631 2052 1687 προσ-

463 1707 606 1772 έξειν
637 1699 821 1771 αὐτῷ·
858 1699 995 1768 ὅπερ
1034 1697 1164 1767 περὶ
1203 1695 1472 1749 Ἰουδαίων
1501 1696 1604 1747 οὑκ
1650 1695 1715 1748 ἄν
1758 1712 1842 1758 τις
1883 1696 2047 1752 εῖποι.

464 1786 577 1841 Καὶ
602 1784 710 1853 γὰρ
745 1780 1025 1853 μαθόντες,
1056 1778 1267 1849 ᾔτησαν
1313 1774 1475 1829 αὑτὸν
1504 1775 1676 1841 οὐδὲν,
1704 1776 1829 1829 οὑδὲ
1854 1775 2053 1830 ἐπεθύ-

469 1864 649 1935 μησάν
671 1879 725 1914 τι
768 1859 961 1931 μαθεῖν
988 1858 1097 1911 τῶν
1137 1855 1637 1935 χρησίμων,ῌάΗά
1684 1858 1781 1909 καὶ
1830 1854 2054 1929 ὕϐριζον

466 1933 563 1999 καὶ
603 1940 933 2013 ἀπήλαυνον.
972 1938 1040 1991 Ἦ
1090 1936 1147 1991 δέ
1196 1937 1335 2008 γυνὴ
1377 1933 1553 1988 ταῦτα
1596 1934 1901 1997 ἀκούσασα,
1953 1936 2055 2009 ὅρα

466 2024 585 2088 πῶς
628 2019 889 2084 ἐπιεικῶς
935 2018 1323 2090 ἀποκρίνεται·
1368 2018 1567 2083 Κύριε,
1604 2016 1744 2070 οὔτε
1781 2017 2055 2087 ἄντλημα

466 2110 647 2177 ἔχεις,
673 2102 861 2158 καὶτὸ
896 2101 1083 2170 φρέαρ
1116 2098 1249 2156 ἐστὶ
1294 2100 1479 2165 βαθύ·
1521 2101 1709 2155 πόθεν
1742 2095 1858 2155 οὖν
1896 2101 2058 2171 ἔχεις

466 2189 535 2244 τὸ
572 2187 731 2255 ὕδωρ
759 2184 827 2239 τὸ
856 2182 998 2249 ζῶν;
1030 2183 1182 2248 Τέως
1214 2182 1383 2253 αὑτὴν
1409 2183 1510 2252 τῆς
1551 2180 1806 2245 ὑπονοίας
1831 2182 1933 2254 τῆς
1956 2202 2056 2237 τα-

469 2268 663 2339 πεινῆς
690 2266 977 2336 ἀνέστησε,
1016 2264 1113 2317 καὶ
1161 2262 1257 2317 τοῦ
1294 2262 1536 2333 νομίζειν
1572 2262 1669 2315 ἕνα
1708 2260 1817 2315 τῶν
1848 2262 2059 2318 πολλῶν

469 2343 630 2403 εἶναι.
679 2347 755 2403 Οὐ
794 2344 904 2416 γὰρ
937 2342 1125 2408 ἁπλῶς
1166 2342 1401 2397 ἐνταῦθα
1446 2342 1602 2397 καλεί
1643 2343 1870 2415 Κύριον,
1922 2344 2062 2399 ἀλλά

470 2427 673 2500 πολλὴν
713 2423 1067 2495 ἀπονέμουσα
1119 2423 1218 2493 τὴν
1268 2423 1456 2494 τιμήν.
1507 2422 1632 2475 Ὅτι
1681 2421 1791 2492 7&9
1844 2423 2062 2495 τιμῶσα

468 2508 643 2564 ταῦτα
691 2505 900 2573 ἔλεγεν,
933 2500 1042 2558 ἀπὸ
1073 2500 1184 2557 τῶν
1224 2502 1353 2573 ἐξῆς
1406 2503 1716 2573 εἰρημένων
1757 2501 1935 2574 δῆλον.
1984 2506 2062 2560 Οὑ

469 2589 580 2660 γὰρ
609 2584 997 2654 κατεγέλασεν,
1020 2582 1143 2637 οὐδὲ
1167 2582 1558 2655 ἐωμῴδησεν,
1590 2582 1729 2637 ἀλλά
1751 2584 2002 2655 διηπόρει
2034 2585 2063 2626 b

469 2671 631 2733 τέως.
665 2668 729 2721 Et
757 2667 815 2720 δέ
844 2665 920 2737 μὴ
950 2663 1153 2725 εὑθέως
1186 2662 1248 2717 τὺ
1281 2664 1390 2718 πᾶν
1430 2663 1706 2735 ἐνενόησε,
1740 2664 1816 2734 μὴ
1848 2664 2065 2736 θαυμά-

473 2765 595 2822 σῃς·
624 2745 745 2801 οὐδὲ
768 2743 878 2817 7&9
927 2745 957 2799 ὁ
1004 2741 1333 2815 Νικόδημος.
1384 2742 1449 2795 Τί
1495 2741 1604 2815 γὰρ
1651 2744 1859 2807 ἐκεῖνός
1894 2761 2064 2815 φησι;

471 2830 607 2895 Πῶς
647 2826 899 2881 δύναται
935 2823 1124 2879 ταῦτα
1177 2823 1455 2892 γενέσθαι
1476 2838 1495 2888 ;
1544 2822 1639 2877 καὶ
1692 2823 1874 2878 πάλιν·
1933 2823 2069 2891 Πῶς

473 2909 726 2961 δύναται
773 2904 1086 2971 ἅνθρωπος
1134 2901 1501 2971 γεννηθῆναι
1560 2902 1751 2971 γέρων
1804 2902 1918 2956 ὧν·
1974 2905 2069 2956 καὶ

475 2986 659 3040 πάλιν·
698 2982 796 3050 Μὴ
841 2980 1091 3036 δύναται
1122 2982 1210 3047 είς
1263 2980 1375 3048 τὴν
1407 2981 1646 3035 κοιλίαν
1688 2978 1801 3046 τῆς
1841 2981 2070 3049 μητρὸς

475 3063 666 3121 αὑτοῦ
690 3063 975 3130 δεύτερον
1000 3059 1302 3114 εἰσελθεῖν
1332 3061 1432 3113 καὶ
1463 3057 1871 3129 γεννηθῆναις
1917 3059 2069 3129 Αὑτη

475 3147 533 3201 δὲ
558 3142 999 3215 αἰδεσιμιὶηερον·
1032 3140 1233 3208 Κύριε,
1264 3140 1407 3195 οὔτε
1436 3140 1717 3208 ἄντλημα
1751 3140 1932 3209 ἔχεις,
1969 3140 2069 3193 καὶ

478 3226 545 3281 τὸ
574 3224 759 3295 ςρρέαρ
784 3221 918 3277 ἐστὶ
950 3221 1133 3286 βαθύ·
1167 3219 1355 3273 πόθεν
1381 3216 1496 3275 οὖν
1524 3219 1687 3290 ἔχεις
1714 3221 1781 3273 τὸ
1812 3219 1969 3287 ὕδωρ
2002 3220 2072 3273 τὸ

481 3305 629 3368 ᾇῦν;
664 3302 826 3358 Ἄλλο
863 3298 1001 3373 πρὸς
1047 3298 1217 3371 αὐτὴν
1255 3298 1465 3367 ἔλεγεν.
1498 3298 1627 3353 ἄλλο
1656 3298 1712 3352 δέ
1747 3297 2072 3351 ὑπώπτευεν

482 3384 687 3453 ἐκείνη,
735 3380 885 3435 οὑδέν
929 3378 1091 3433 πλέον
1143 3378 1417 3433 ἀκούουσα
1461 3379 1569 3432 τῶν
1617 3376 1903 3449 ῥημάτων,
1952 3378 2074 3431 οὑδέ

481 3464 731 3531 ἐννοῆσαι
774 3461 913 3523 τέως
944 3477 996 3513 τι
1034 3457 1236 3529 ὑψηλὸν
1272 3457 1571 3530 δυναμένη,
1617 3455 1795 3511 καίτοι
1848 3474 1911 3525 γε
1942 3454 2073 3525 ἐνῆν

481 3544 655 3598 εἰπεῖν
684 3538 976 3612 προπετῶς
1010 3536 1411 3609 φθεγγομένην,
1434 3538 1518 3591 ὅτι
1559 3537 1607 3589 εί
1645 3532 1793 3607 εἶχες
1830 3536 1892 3589 τὸ
1930 3535 2074 3608 ὕδωρ

481 3624 543 3677 τὸ
586 3620 715 3689 ζῶν.
743 3623 843 3674 οὐκ
877 3619 943 3674 ἂν
966 3617 1176 3689 ᾔτησας
1212 3617 1342 3687 παρ’
1371 3614 1529 3686 ἐμοῦ,
1559 3616 1694 3670 ἀλλά
1721 3616 1906 3687 σαυτῷ
1935 3634 2076 3686 παρ-

482 3704 639 3772 έσχες
677 3699 744 3756 ἃν
786 3696 1060 3772 προτέρῳ·
1100 3694 1197 3749 νῦν
1247 3694 1304 3749 δὲ
1356 3694 1683 3766 κομπάζεις.
1729 3696 1870 3748 Ἀλλ’
1922 3697 2076 3751 οὐδὲν

482 3781 685 3836 τούτων
712 3776 885 3844 εἶπεν,
908 3776 1047 3833 ἀλλὰ
1086 3776 1203 3847 μετ’
1228 3777 1532 3841 ἐπιεικείας
1559 3775 1919 3846 ἀποκρίνεται
1951 3777 2077 3830 πολρ

482 3862 603 3932 λῆς,
635 3859 728 3915 καὶ
768 3858 827 3913 ἐν
858 3856 999 3931 ἀρχῇ
1040 3857 1135 3911 καὶ
1177 3857 1313 3921 μετά
1340 3856 1535 3910 ταῦτα.
1572 3853 1678 3908 Καὶ
1709 3855 1816 3926 γὰρ
1842 3857 1901 3909 ἐν
1931 3857 2075 3927 ἀρχῇ

482 3959 638 4012 φησι·
695 3938 829 4005 Πῶς
880 3937 963 3992 σὺ
1013 3936 1303 4003 Ἰουδαῖος
1355 3936 1440 3990 ὢν
1486 3934 1671 4001 αἰτεῖς
1734 3936 1873 4003 παρ’
1928 3937 2077 4003 ἐμοῦ

480 4022 667 4087 πιεῒη
690 4020 799 4075 Καὶ
821 4020 921 4074 οὑκ
944 4013 1118 4083 εἶπεν,
1145 4017 1240 4071 ἆτε
1262 4016 1402 4087 πρὸς
1429 4015 1745 4084 ἀλλόφυλον,
1769 4016 1865 4070 καὶ
1884 4016 2078 4089 ἐχθρὸν

484 4100 864 4172 διαλεγομένη·
895 4097 984 4170 Μή
1028 4116 1117 4169 μοι
1150 4095 1362 4166 γένοιτό
1391 4114 1473 4149 σοι
1513 4096 1837 4167 μεταδοῦναι
1868 4096 2080 4170 ἀνθρώ-

486 4204 573 4257 πῳ
628 4184 874 4255 πολεμίῳ
921 4182 1015 4236 καὶ
1054 4180 1149 4234 τοῦ
1197 4181 1383 4244 ἔθνους
1429 4181 1586 4251 ἡμῶν
1633 4180 2077 4252 ἠλλοτριωμένῳ.

456 4271 598 4325 ⁷Καὶ
632 4268 771 4338 μετὰ
812 4266 985 4321 ταῦτα
1030 4265 1195 4319 πάλιν
1224 4263 1510 4318 ἀκούσασα
1557 4262 1772 4334 μεγάλα
1804 4262 2075 4331 λέγοντος,

486 4356 572 4422 ἐφ’
602 4347 648 4423 ᾧ
677 4352 913 4423 μάλιστα
938 4351 1224 4404 δάκνονται
1262 4351 1309 4402 οί
1349 4348 1555 4418 ἐχθροὶ,
1586 4349 1648 4402 οὑ
1686 4350 2075 4418 κατεγέλασεν,

486 4438 610 4492 οὐδὲ
639 4438 906 4506 διέσυρεν·
945 4434 1084 4488 ἀλλά
1110 4433 1162 4485 τί
1194 4448 1359 4501 φησι;
1402 4432 1497 4499 Μὴ
1531 4432 1613 4485 σὺ
1648 4431 1862 4501 μείζων
1885 4430 1946 4487 εἷ
1970 4434 2079 4488 τοῦ

488 4518 713 4585 πατρὸς
745 4517 916 4585 ἡμῶν
950 4513 1179 4578 Ἰακὼϐ,
1213 4515 1283 4580 ὃς
1320 4513 1543 4569 ἔδωκεν
1588 4513 1736 4582 ἡμῖν
1778 4513 1848 4567 τὸ
1894 4515 2083 4587 φρέαρ

488 4598 686 4661 τοῦτο,
717 4596 817 4650 καὶ
839 4595 1029 4661 αὐτὸς
1055 4594 1127 4659 ἐξ
1156 4595 1343 4649 αὑτοῦ
1383 4594 1536 4656 ἔπιε,
1578 4595 1676 4648 καὶ
1718 4595 1774 4646 οἱ
1812 4594 1932 4649 vlo!
1971 4598 2081 4651 αὺ-

488 4679 615 4743 τοῦ,
655 4678 754 4730 καὶ
790 4678 861 4729 τὰ
901 4674 1203 4744 θρέμματα
1241 4676 1467 4737 αὑτοῦ;
1515 4677 1677 4749 Ὁρᾷς
1709 4678 1827 4741 πῶς
1865 4678 2083 4732 είσωθεῖ

490 4758 690 4827 ἑαυτὴν
720 4758 799 4820 είς
828 4756 926 4827 τὴν
955 4756 1233 4823 εὐγένειαν
1260 4755 1361 4823 τὴν
1390 4756 1713 4827 ’ἰουδαϊκὴν;
1736 4760 1801 4809 Ὃ
1826 4757 1882 4812 δὲ
1909 4757 2079 4825 λέγει,

489 4836 730 4891 τοιοῦτόν
764 4838 933 4888 ἐστιν·
974 4835 1215 4897 Ἐκεῖνος
1266 4834 1441 4905 τούτῳ
1487 4835 1754 4905 ἐκέχρητο
1793 4834 1872 4906 τῷ
1904 4836 2080 4900 ὕδατι,

490 4919 584 4971 καὶ
629 4916 791 4968 πλέον
834 4914 991 4984 ἔσχεν
1040 4912 1191 4965 οὐδὲν
1222 4912 1425 4966 δοῦναι.
1469 4912 1655 4967 Ταῦτα
1680 4914 1737 4967 δὲ
1776 4914 1951 4983 ἔλεγε,
1977 4914 2083 4968 δειο

492 4997 667 5053 κνῦσα
692 4996 810 5059 πῶς
838 4996 904 5047 ἐκ
927 4993 975 5065 [ι
987 4991 1078 5065 82]
1104 4991 1328 5061 πρώτης
1348 4993 1693 5064 ἀποκρίσεως
1710 4994 1927 5058 ἐδέξατο
1954 4995 2082 5065 νόη-

495 5097 571 5147 μα
637 5078 779 5149 μέγα
830 5074 925 5129 καὶ
970 5072 1193 5143 ὑψηλόν.
1239 5072 1313 5124 Τὸ
1363 5072 1492 5141 7&9,
1543 5074 1738 5140 Αὐτὸς
1775 5076 1944 5129 ἔπιεν
1978 5076 2081 5129 ἀπ’

491 5158 698 5219 αὑτοῦ,
733 5155 830 5210 καὶ
885 5156 938 5207 οί
984 5153 1099 5206 υἱοὶ
1150 5152 1364 5213 αὐτοῦ,
1395 5152 1600 5207 καὶτὰ
1631 5155 1933 5223 θρέμματα
1974 5158 2080 5209 αὑ.

490 5239 619 5299 τοῦ,
651 5236 803 5292 οὐδὲν
828 5233 957 5290 ἀλλο
990 5232 1373 5301 αίνιττομένης
1405 5233 1573 5297 ἐστὶν,
1621 5234 1734 5286 ἀλλ’
1766 5235 1799 5306 ἢ
1829 5236 1912 5288 ὅτι
1954 5236 2081 5306 ἐσχε

495 5317 594 5387 μὲν
636 5315 846 5372 ἔννοιαν
882 5311 1126 5383 μείζονος
1171 5310 1392 5375 ὓδατος,
1427 5311 1527 5382 οὑχ
1573 5311 1796 5383 εὕρισκε
1838 5315 1897 5369 δὲ
1928 5315 2078 5379 αὑτὸ,

491 5398 613 5450 οὑδέ
656 5396 774 5467 ᾔδει
810 5393 997 5462 σαφῶς
1035 5404 1082 5446 ε.
1127 5390 1245 5444 Ἵνα
1272 5390 1330 5445 δέ
1366 5390 1461 5443 καὶ
1493 5393 1826 5463 σαφέστερον
1860 5396 2019 5459 εἴπω,
2053 5395 2084 5447 ὃ

495 5476 740 5545 βούλεται
762 5476 956 5535 εἰπεῖν,
984 5472 1144 5526 τοῦτό
1172 5473 1336 5525 ἐστιν·
1362 5471 1477 5524 Οὑκ
1497 5470 1641 5541 ἔχεις
1666 5476 1864 5537 εἰπεῖν,
1894 5475 2083 5545 φησὶν,

493 5559 575 5610 ὅτι
605 5556 800 5609 Ἰακὼὸ
836 5555 935 5624 μὲν
966 5555 1097 5623 ἡμῖν
1128 5550 1337 5621 ταύτην
1375 5550 1545 5604 ἔδωκε
1589 5552 1687 5621 τὴν
1732 5554 1935 5625 πηγὴν,
1968 5556 2084 5608 ἐτέ-

498 5649 566 5702 ρα
614 5632 672 5687 δέ
715 5632 877 5695 αὐτὸς
922 5632 1235 5702 ἐχρήσατο·
1279 5630 1376 5683 καὶ
1411 5629 1519 5701 γὰρ
1554 5631 1717 5695 αὑτὸς
1755 5635 1848 5687 καὶ
1879 5637 1929 5688 οί
1976 5635 2086 5691 υἱοὶ

498 5710 662 5763 αὑτοῦ
692 5712 786 5764 ἀπ’
832 5711 1005 5781 αὐτῆς
1035 5710 1209 5774 ἔπιον,
1238 5710 1341 5763 οὑκ
1387 5708 1453 5763 ἂν
1489 5712 1724 5774 πιόντες,
1755 5715 1810 5767 ετ
1849 5731 1913 5783 γε
1960 5714 2085 5784 βελ-

493 5794 645 5845 τίονα
673 5788 816 5859 εἶχεν
847 5787 1082 5860 ἐτέραν,’
1101 5790 1235 5843 ’Ἀπὸ
1276 5788 1482 5857 ταύτης
1514 5791 1613 5860 μὲν
1640 5788 1735 5845 οὖν
1771 5794 1893 5847 οὑδέ
1923 5796 2085 5859 αὐτὸς
2174 5836 2176 5838 τ

493 5874 696 5945 δυνήσῃ
726 5870 930 5937 δοῦναι,
967 5870 1164 5940 ἑτέραν
1191 5869 1245 5924 δὲ
1276 5870 1522 5940 βελτίονα
1548 5872 1649 5925 οὑκ
1680 5872 1795 5926 ἐστι
1823 5890 1880 5927 σε
1914 5874 2082 5945 ἔχειν,

532 6028 533 6031 η
557 6002 581 6028 ⁸
613 5999 704 6048 Alii
729 6000 1037 6055 εἰσηγήσεως.
1083 5998 1113 6037 ι)
1138 5998 1250 6048 Sav.
1276 6000 1460 6057 ἠπόρει.
1507 6004 1524 6031 τ
1552 6000 1726 6050 Morel,
1758 6004 1808 6053 δὲ
1840 6004 1954 6052 αὑτό
1976 6006 2086 6057 οὐδὲ

496 6061 651 6121 αὐτὸς,
672 6061 782 6110 οὐδὲ
803 6060 907 6122 ᾐὺει
930 6062 1112 6122 σαφῶς.

1172 373 1233 430 S.
1273 370 1561 429 JOANNIS
1596 365 2089 428 CHRYSOSTOMI
2128 367 2449 426 ARCHIEP.
2491 369 3043 429 CONSTANTINOP.

3621 370 3727 423 183

2149 487 2199 542 εί
2224 489 2301 562 μὴ
2328 492 2425 545 καὶ
2439 489 2537 545 τοῦ
2569 476 2765 545 Ἰακὼδ
2789 491 3070 564 ὁμολογεῖς
3099 487 3322 561 μείζονα
3351 485 3487 543 εῖναι
3507 488 3723 544 σαυτόν.

2149 567 2321 623 Πόθεν
2356 566 2452 624 οὖν
2482 571 2627 640 ἔχεις
2652 571 2716 624 τὸ
2751 570 2897 641 ὕδωρ
2938 568 2967 623 ὃ
2998 567 3311 640 ἐπαγγέλλῃ
3335 566 3528 622 δώσειν
3559 570 3722 638 ήμῖνς

2160 648 2299 702 Ἀλλ’
2327 650 2450 721 οὐχὶ
2489 651 2727 704 Ἰουδαῖοι
2764 650 2907 705 οὕτω
2936 650 3225 721 προσηνῶς
3263 649 3410 720 αὑτῷ
3454 649 3729 719 διαλέγον-

2142 746 2255 794 ται,
2276 730 2452 784 καίτοι
2484 733 2578 785 καὶ
2602 732 2786 795 αὑτοῖς
2811 733 2940 801 περὶ
2972 734 3073 803 τῆς
3116 732 3287 801 αὑτῆς
3313 731 3623 794 ὑποθέσεως
3652 732 3727 785 δι-

2142 810 2359 882 ελέχθη,
2379 811 2473 864 τοῦ
2501 811 2745 865 τοιούτου
2776 810 3153 881 μνημονεύσας
3178 811 3370 874 ὓδατος
3387 828 3403 843 ·
3438 810 3551 863 ἀλλ’
3576 811 3731 865 οὐδὲν

2145 893 2462 963 ἐκέρδαναν.
2490 892 2620 945 Ὅτε
2666 892 2726 944 δὲ
2770 892 2865 944 τοῦ
2895 891 3151 962 Ἀϐραὰμ
3194 891 3588 961 ἐμνημόνευσε,
3635 893 3732 944 καὶ

2144 971 2316 1035 λίθοις
2350 970 2564 1041 βάλλειν
2605 970 2768 1023 αὑτὸν
2804 971 3143 1041 ἐπεχείρουν.
3187 971 3328 1023 Ἀλλ’
3367 971 3467 1040 οὑχ
3506 973 3541 1042 ἡ
3593 970 3733 1039 γυνὴ

2145 1052 2337 1106 τοῦτον
2374 1051 2527 1122 αὑτῷ
2573 1052 2668 1105 τὸν
2698 1052 2900 1122 τρόπον
2949 1049 3341 1123 προσφέρεται,
3395 1049 3535 1103 ἀλλά
3594 1047 3735 1119 μετά

2148 1132 2348 1202 πολλῆς
2373 1132 2471 1201 τῆς
2495 1132 2797 1192 ἐπιεικείας
2824 1133 2882 1184 ἐν
2922 1131 3073 1202 μέσῳ
3101 1130 3364 1201 καύματι,
3395 1129 3491 1182 καὶ
3516 1130 3575 1181 ἐν
3605 1128 3737 1199 ἡμέ-

2153 1231 2223 1284 ρᾳ
2263 1213 2426 1283 μέσῃ,
2472 1214 2567 1265 καὶ
2596 1212 2746 1282 λέγει
2789 1212 2884 1266 καὶ
2912 1212 3102 1267 ἀκούει
3146 1213 3327 1267 πάντα
3360 1210 3498 1281 μετά
3530 1227 3737 1280 μακρο-

2151 1292 2353 1362 θυμίας
2383 1292 2605 1363 πολλῆς,
2640 1294 2737 1346 καὶ
2769 1293 2921 1347 οὐδὲν
2962 1294 3135 1346 ἐννοεῖ
3158 1310 3211 1345 τι
3254 1290 3495 1346 τοιοῦτον
3519 1285 3630 1342 οἷον
3659 1290 3739 1341 εἰ-

2153 1373 2245 1435 κὸς
2281 1371 2567 1435 Ἰουδαίους
2614 1374 2810 1436 εἰπεῖν,
2856 1372 2940 1424 ὃτι
2972 1372 3241 1426 Μαίνεται
3296 1370 3390 1424 καὶ
3444 1370 3738 1436 ἐξέστηκεν

2151 1447 2328 1516 οὗτος,
2367 1452 2669 1523 προσέδησέ
2696 1468 2764 1522 με
2787 1453 2938 1521 πηγῇ
2965 1453 3062 1505 καὶ
3096 1451 3315 1523 φρέατι,
3344 1450 3601 1522 παρέχων
3634 1447 3737 1516 μὲν

2153 1533 2325 1597 οὐδὲν,
2371 1531 2557 1601 φυσῶν
2601 1530 2659 1583 δέ
2700 1534 2813 1594 τοῖς
2855 1532 3113 1602 ῥήμασιν·
3160 1531 3297 1585 ἀλλά
3337 1532 3595 1604 καρτερεῖ
3639 1528 3738 1583 καὶ

2154 1609 2528 1681 προσεδρεύει,
2550 1608 2656 1674 ἕως
2690 1607 2755 1663 ἂν
2776 1608 2914 1683 εὕρῃ
2943 1610 3004 1665 τὸ
3028 1610 3382 1683 ζητούμενον.

2225 1712 2289 1760 ε’.
2312 1705 2375 1759 EE
2404 1703 2461 1757 δὲ
2484 1703 2621 1774 γυνὴ
2662 1703 2999 1775 Σαμαρεῖτις
3022 1702 3295 1773 τοσαύτην
3322 1704 3552 1757 ποιεῖται
3574 1718 3741 1756 σπου-

2154 1784 2250 1857 δὴν
2277 1785 2416 1855 ὑπὲρ
2436 1778 2528 1835 τοῦ
2564 1780 2757 1853 μαθεῖν
2778 1799 2831 1835 τι
2864 1784 3157 1854 χρήσιμον,
3192 1785 3287 1837 καὶ
3326 1781 3632 1853 παραμένει
3661 1780 3740 1851 τῷ

2154 1862 2399 1933 Χριστῷ,
2435 1862 2615 1916 καίτοι
2646 1878 2713 1931 γε
2742 1862 3014 1930 ἀγνοοῦσα
3042 1863 3204 1917 αὑτόν
3224 1878 3239 1893 ·
3271 1862 3417 1925 τίνος
3443 1862 3603 1931 ἡμεῖς
3627 1877 3741 1913 τευ-

2157 1949 2363 2022 ξόμεθα
2387 1948 2737 2018 συγγνώμης,
2774 1948 2824 2001 0!
2856 1948 2953 2002 καὶ
2984 1949 3185 2014 εἰδότες
3210 1947 3240 1987 ἀ
3265 1947 3449 2013 αὑτὸν,
3475 1949 3568 2001 καὶ
3601 1948 3741 2017 μήτε

2157 2035 2311 2095 ὄντες
2343 2028 2497 2100 παρά
2539 2028 2739 2100 φρέαρ,
2771 2029 2913 2100 μήτε
2945 2030 3003 2082 ὲν
3029 2030 3257 2100 ἐρημίᾳ.
3293 2030 3431 2099 μήτε
3467 2030 3525 2081 ὲν
3559 2028 3744 2099 ἡμέρᾳ

2162 2112 2327 2185 μέσῃ,
2359 2109 2499 2181 μήτε
2541 2109 2758 2172 ἀκτῖνος
2791 2106 3053 2177 καιούσης
3077 2125 3091 2137 ·
3134 2108 3251 2161 ἀλλ’
3282 2107 3386 2161 ὑπὸ
3410 2106 3509 2178 τὴν
3537 2106 3612 2159 ἐω
3651 2107 3746 2159 καὶ

2161 2192 2268 2246 ὑπὸ
2289 2187 2528 2243 τοιοῦτον
2550 2185 2746 2259 δροφον
2770 2188 2928 2251 σκιᾶς
2952 2186 3320 2252 ἀπολαύοντες
3341 2188 3435 2241 καὶ
3457 2185 3746 2255 εὐψυχίας,

2162 2270 2258 2326 καὶ
2290 2269 2365 2339 μὴ
2385 2264 2778 2339 καρτεροῦντες
2802 2265 3035 2321 ἀκοῦσαί
3060 2285 3113 2320 τι
3141 2267 3250 2322 τῶν
3279 2265 3607 2336 λεγομένων,
3628 2262 3746 2317 ἀλλ’

2162 2346 2549 2411 ἀποκναίοντες
2579 2357 2601 2385 θ
2626 2362 2642 2411 ;
2679 2345 2818 2399 Ἀλλ’
2846 2347 2946 2399 οὑκ
2977 2346 3160 2418 ἐκείνη
3187 2346 3432 2416 τοιαύτη,
3461 2343 3573 2400 ἀλλ’
3603 2344 3749 2397 οὑτω

2164 2429 2459 2499 κατέχεται
2485 2428 2601 2490 τοῖς
2637 2426 2969 2497 λεγομένοις,
3008 2427 3085 2491 ῶς
3117 2427 3212 2482 καὶ
3241 2428 3460 2498 ἐτέρους
3492 2425 3746 2480 καλέσαι.

2178 2507 2504 2563 Ἰουδαῖοιδέ
2544 2508 2605 2562 οὑ
2653 2507 2814 2578 μόνον
2854 2506 2956 2560 οὐκ
3003 2508 3254 2572 ἐκάλουν,
3302 2506 3438 2561 ἀλλά
3480 2506 3575 2560 καὶ
3619 2506 3750 2569 τοὺς

2168 2586 2525 2658 βουλομένους
2572 2585 2893 2657 προσελθεῖν
2929 2584 2949 2624 τ
3005 2586 3243 2642 ἐκώλυον
3282 2588 3379 2641 καί
3416 2586 3747 2651 ἐνεπόδιζον·

2166 2668 2247 2723 διδ
2274 2668 2371 2721 καὶ
2396 2668 2601 2735 ἔλεγον·
2632 2667 2730 2732 Μή
2763 2684 2856 2733 τις
2890 2667 2959 2721 ἐκ
2992 2668 3111 2722 τῶν
3139 2670 3452 2738 ἀρχόντων
3480 2668 3754 2722 ἐπίστευ-

2167 2763 2283 2803 σεν
2306 2749 2393 2813 εὶς
2413 2746 2632 2810 αὑτόν;
2666 2746 2819 2801 Ἀλλ’
2843 2746 3026 2817 ὄχλος
3063 2744 3244 2816 οὗτος
3273 2753 3307 2803 d
3328 2749 3416 2819 μὴ
3444 2747 3756 2820 γινώσκων

2168 2831 2276 2885 τὸν
2310 2832 2520 2901 νόμον,
2566 2829 2988 2899 ὲπικατάρατοι
3022 2834 3161 2888 είσι.
3211 2832 3597 2905 Μιμησώμεθα
3644 2829 3757 2883 τοί-

2169 2928 2264 2965 νυν
2291 2910 2392 2981 τὴν
2436 2909 2767 2981 Σαμαρεῖτιν
2788 2927 2802 2941 ·
2846 2910 3216 2983 διαλεχθῶμεν
3247 2912 3326 2984 τῷ
3356 2911 3600 2984 Χριστῷ.
3645 2906 3757 2964 Καὶ

2170 2990 2279 3060 7&9
2307 2988 2400 3043 καὶ
2446 2988 2543 3042 νῦν
2583 2988 2747 3058 μέσος
2780 2989 2939 3060 ἡμῶν
2970 2990 3190 3059 ἔστηκε,
3227 2991 3323 3044 καὶ
3353 2990 3442 3045 διὰ
3472 2990 3581 3044 τῶν
3619 3005 3759 3059 προ-

2170 3069 2361 3141 φητῶν
2408 3067 2505 3121 καὶ
2559 3067 2651 3121 διὰ
2713 3067 2824 3121 τῶν
2878 3070 3139 3141 μαθητῶν
3179 3071 3309 3142 ἡμῖν
3362 3071 3758 3141 φθεγγόμενος.

2185 3146 2531 3216 ’Δκούσωμεν
2553 3142 2649 3201 οὖν
2677 3148 2774 3200 καὶ
2814 3148 3148 3219 πεισθῶμεν.
3194 3151 3371 3221 Μέχρι
3408 3150 3547 3214 τίνος
3576 3150 3759 3220 ζῶμεν

2172 3228 2299 3298 είκῆ
2343 3231 2436 3281 καὶ
2481 3225 2695 3297 μάτην;
2746 3228 2819 3281 Τὸ
2850 3228 2958 3301 γὰρ
3006 3230 3080 3300 μὴ
3124 3229 3195 3282 τά
3225 3230 3483 3284 δοκοῦντα
3514 3228 3593 3300 τῷ
3638 3229 3761 3299 Θεῷ

2175 3310 2372 3371 ποιεῖν,
2410 3306 2534 3378 εἰκῆ
2585 3306 2685 3377 ζῇν
2727 3308 2874 3361 ἐστι·
2921 3309 3122 3377 μᾶλλον
3163 3309 3221 3363 δὲ
3267 3311 3368 3363 οὐκ
3415 3311 3535 3380 είκῆ
3577 3310 3759 3380 μόνον,

2172 3389 2312 3444 ἀλλά
2353 3388 2448 3443 καὶ
2488 3388 2582 3440 ἐπὶ
2635 3386 2814 3457 κακῷ.
2864 3389 3041 3460 Ὅταν
3070 3390 3179 3461 γὰρ
3221 3392 3314 3444 τὸν
3358 3389 3580 3442 δοθέντα
3629 3390 3763 3459 ἡμῖν

2176 3467 2368 3537 χρόνον
2412 3464 2783 3535 ἀναλώσωμεν
2834 3466 2915 3529 εἰς
2959 3465 3111 3520 οὐδὲν
3154 3468 3295 3531 δέον,
3354 3468 3765 3538 ἀπελευσόμεθα

2176 3539 2329 3617 δίκην
2359 3543 2623 3608 δώσοντες
2666 3544 2765 3614 τὴν
2807 3544 3043 3615 ἐσχάτην
3073 3547 3171 3615 τῆς
3210 3547 3443 3616 ἀκαίρου
3494 3547 3761 3617 δαπάνης.

2179 3626 2255 3679 Οὑ
2285 3623 2394 3695 7&9
2414 3623 2587 3694 δήπου
2616 3624 2645 3675 ὁ
2672 3622 2771 3694 μὲν
2797 3626 3057 3695 χρήματα
3082 3624 3528 3697 ἐμπορεύσασθαι
3560 3624 3762 3690 λαϐὼν,

2177 3702 2300 3762 εἶτα
2346 3702 2702 3772 καταφαγὼν,
2740 3702 2898 3771 λόγον
2937 3704 3374 3776 ἀπαιτηθήσεται
3422 3705 3572 3779 [185]
3612 3706 3767 3776 παρὰ

2176 3783 2271 3838 τοῦ
2305 3782 2723 3845 πιστεύσαντος·
2781 3785 2810 3836 ὁ
2863 3781 2921 3835 δὲ
2959 3782 3104 3855 ζωὴν
3150 3785 3406 3855 τοιαύτην
3451 3785 3767 3855 δαπανήσας

2181 3863 2381 3933 μάτην,
2418 3859 2479 3914 οὐ
2522 3859 2683 3914 δώσει
2733 3858 2911 3932 δίκην.
2957 3863 3034 3915 Οὑ
3068 3861 3157 3915 διὰ
3188 3864 3347 3918 τοῦτο
3373 3866 3521 3935 ἡμᾶς
3557 3866 3585 3917 ό
3632 3864 3769 3927 Θεὸς

2178 3943 2387 4013 ἢγαγεν
2411 3941 2490 4005 εἰς
2519 3940 2610 3994 τὸν
2646 3940 2889 4013 παρόντα
2915 3939 3052 4011 βίον,
3082 3941 3178 3995 καὶ
3214 3942 3392 4015 ψυχὴν
3418 3944 3766 4008 ἐνέπνευσεν,

2181 4022 2268 4076 ἵνα
2294 4020 2370 4092 τῷ
2396 4021 2623 4093 παρόντι
2670 4019 3010 4092 χρησώμεθα
3044 4022 3204 4092 μόνον
3232 4025 3278 4086 Β,
3311 4023 3425 4077 ἀλλ’
3461 4024 3547 4078 ἵνα
3586 4025 3767 4078 πάντα

2184 4102 2323 4174 πρὸς
2369 4100 2468 4171 τὴν
2519 4100 2823 4170 μέλλουσαν
2872 4102 3428 4174 πραγματευσώμεθα
3463 4104 3629 4176 ζωήν.
3684 4104 3769 4157 Τὰ

2184 4182 2295 4254 γὰρ
2341 4180 2514 4248 ἄλογα
2550 4182 2687 4251 μόνα
2720 4180 2798 4251 τῷ
2828 4181 3056 4252 παρόντι
3109 4184 3357 4254 χρήσιμα
3406 4184 3534 4256 βίῳ·
3604 4187 3770 4256 ἡμεῖς

2180 4261 2235 4314 δὲ
2268 4260 2357 4313 διὰ
2386 4261 2546 4312 τοῦτο
2587 4259 2763 4331 ψυχὴν
2809 4261 3078 4314 ἀθάνατον
3114 4263 3333 4333 ἔχομεν,
3374 4264 3463 4317 ἵνα
3503 4263 3640 4334 πρὸς
3666 4266 3766 4336 τὴν

2182 4340 2400 4410 ἐκείνης
2444 4342 2544 4411 τῆς
2603 4339 2750 4409 ζωῆς
2808 4340 3166 4413 παρασκευὴν
3216 4343 3393 4398 πάντα
3448 4344 3765 4415 πράξωμεν.

2184 4420 2397 4473 Ἵππων
2430 4420 2529 4491 μὲν
2552 4420 2679 4492 γὰρ,
2713 4419 2807 4472 καὶ
2828 4419 2987 4485 ὄνων,
3011 4423 3107 4473 καὶ
3140 4422 3300 4491 βοῶν,
3332 4424 3424 4477 καὶ
3458 4424 3565 4477 τῶν
3590 4424 3768 4478 ἄλλων

2181 4499 2291 4555 τῶν
2310 4500 2568 4553 τοιούτων
2586 4499 2950 4569 βοσκημάτων
2971 4500 3037 4555 ἂν
3059 4503 3311 4575 ἐρωτήσῃ
3332 4520 3412 4566 τις
3426 4505 3526 4574 τὴν
3551 4504 3766 4576 χρείαν,

2180 4581 2441 4649 οὐδεμίαν
2466 4580 2635 4650 ἀλλην
2663 4581 2917 4650 ἐροῦμεν,
2947 4581 3083 4635 ἀλλά
3104 4584 3201 4654 τὴν
3226 4585 3285 4636 ἐν
3311 4585 3386 4655 τῷ
3417 4585 3643 4656 παρόντι
3665 4584 3769 4655 βίῳ

2181 4656 2477 4715 διακονίαν.
2508 4660 2642 4733 Περὶ
2675 4659 2732 4712 δὲ
2761 4661 2921 4731 ἡμῶν
2961 4662 3063 4714 οὑκ
3099 4662 3215 4716 ἐστι
3241 4665 3397 4716 τοῦτο
3434 4667 3625 4729 εἰπεῖν,
3653 4663 3773 4717 ἀλλ’

2184 4742 2217 4812 η
2264 4739 2485 4811 βελτίων
2529 4739 2885 4803 κατάστασις,
2936 4741 2969 4811 ἡ
3025 4743 3165 4812 μετὰ
3191 4742 3290 4814 τὴν
3335 4743 3583 4798 ἐντεῦθέν
3622 4747 3775 4799 ἐστιν

2182 4819 2512 4890 ἀποδημίαν·
2550 4818 2644 4871 καὶ
2675 4819 2755 4873 δεῖ
2807 4823 2984 4875 πάντα
3028 4825 3225 4886 ποιεῖν,
3260 4824 3346 4876 ἵνα
3394 4824 3511 4876 ἐκεῖ
3547 4824 3776 4895 λάμψω-

2187 4917 2308 4969 μεν,
2349 4900 2435 4953 ἵνα
2472 4898 2611 4969 μετά
2643 4899 2892 4967 ἀγγέλων
2920 4900 3294 4972 χορεύσωμεν,
3330 4902 3418 4957 ἵνα
3451 4902 3528 4975 τῷ
3560 4904 3779 4973 βασιλεῖ

2184 4980 2632 5050 παραστήκωμεν
2660 4979 2954 5044 διαπαντὸς
2984 4983 3042 5033 ἐν
3063 4986 3177 5045 τοῖς
3207 4982 3367 5035 αἰῶσι
3394 4986 3509 5046 τοῖς
3538 4984 3781 5054 ἀπεράν-

2186 5077 2303 5124 τοις
2332 5057 2383 5113 ιι.
2409 5061 2510 5114 Διά
2535 5061 2693 5117 τοῦτο
2729 5061 2837 5133 γὰρ
2871 5061 2968 5115 καὶ
2999 5062 3267 5126 ἀθάνατος
3297 5064 3519 5132 γέγονεν
3544 5064 3578 5135 ή
3603 5064 3777 5134 ψυχὴ,

2184 5142 2364 5195 καὶτὸ
2399 5140 2562 5214 σῶμα
2593 5142 2650 5195 δὲ
2691 5142 2844 5197 ἔσται
2875 5141 3164 5208 ἀθάνατον,
3212 5143 3301 5197 ἵνα
3327 5144 3435 5196 τῶν
3474 5143 3777 5213 ἀτελευτή-

2182 5239 2293 5279 των
2324 5222 2723 5291 ἀπολαύσωμεν
2757 5220 2997 5287 ἀγαθῶν.
3042 5222 3141 5275 Ἂν
3172 5222 3232 5277 δὲ
3264 5226 3331 5295 τῇ
3374 5226 3445 5295 γῇ
3479 5224 3777 5294 προσηλω-

2189 5303 2349 5374 μένος
2383 5298 2448 5377 ᾖς
2483 5302 2592 5355 τῶν
2630 5301 2897 5373 οὐρανίων
2942 5303 3342 5371 προκειμένων,
3391 5304 3646 5374 ἐννόησον
3672 5304 3779 5373 ὅση

2184 5386 2394 5455 γίνεται
2425 5386 2693 5458 ὑ6ρις.είς
2735 5384 2824 5438 τὸν
2855 5385 3219 5458 δωρούμενον.
3263 5388 3500 5451 Ἐκεῖνος
3534 5389 3635 5460 μὲν
3666 5389 3782 5460 γὰρ

2184 5467 2256 5523 τὰ
2287 5466 2400 5521 ἄνω
2434 5486 2516 5522 σοι
2560 5469 2853 5540 προτείνει·
2890 5470 2954 5522 σὺ
2989 5469 3044 5523 δέ
3085 5469 3146 5523 οὑ
3191 5469 3359 5524 πολὺν
3384 5470 3564 5524 αὐτῶν
3593 5470 3786 5522 ποιού-

2190 5566 2352 5623 μενος
2395 5549 2575 5617 λόγον,
2626 5550 2725 5621 τὴν
2769 5551 2873 5621 γῆν
2924 5551 3287 5622 ἀνταλλάσσῃ.
3322 5552 3421 5604 Διά
3463 5548 3636 5604 ταῦτα
3683 5551 3785 5603 καὶ

2186 5631 2414 5698 γέενναν
2465 5631 2786 5703 ἠπείλησεν,
2831 5633 2930 5686 ἆτε
2977 5632 3509 5703 καταφρονούμενος,
3550 5631 3638 5684 ἵνα
3673 5631 3785 5699 μά-

2188 5708 2288 5781 θῃς
2317 5708 2589 5776 ἐντεῦθεν,
2626 5711 2771 5765 ὅσων
2797 5711 2993 5766 σαυτὸν
3017 5714 3341 5783 ἀποστερεῖς
3373 5710 3576 5768 καλῶν.
3617 5708 3785 5763 Ἀλλά

2251 5879 2275 5918 d
2298 5881 2501 5940 Quidam
2535 5882 2729 5937 ἰδόντες.
2799 5887 2821 5915 ο
2844 5884 3045 5940 Quidam
3084 5885 3417 5940 ἀποκνοῦντες.
3490 5886 3511 5924 ί
3539 5886 3634 5935 Alii
3680 5886 3783 5934 clm

2189 5943 2536 6010 ςλθεῐνλᾟυὶρ
2559 5952 2688 6010 post
2714 5946 2913 6010 quidam
2952 5961 3065 6010 mss.
3112 5950 3389 5997 ἐπίστευσεν
3413 5949 3574 6010 αύτῷ;
3614 5948 3720 6009 οὐχὶ
3755 5948 3782 5996 ὁ

2190 6004 2301 6072 λαρς
2322 6008 2365 6052 οἱ
2387 6006 2462 6072 μὴν.
2474 6004 2649 6072 εἰδότες
2671 6004 2766 6072 τόν.
2834 6010 2860 6046 ε
2887 6008 3033 6056 Savil.
3059 6013 3357 6072 καταφυγὼν,
3384 6004 3773 6071 ἀπαιιίηθήσέξαι,

2198 6064 2223 6102 ¹ι
2250 6066 2418 6116 Mutel.
2445 6068 2521 6115 ἵνα
2542 6070 2663 6117 κατὰ
2684 6069 2736 6118 τὸ
2762 6072 2909 6135 παρὸν
2930 6072 3143 6135 Cimoli-»
3190 6064 3346 6134 μόνον.

2799 5887 2821 5915 ο
2844 5884 3045 5943 Quidam
3084 5885 3417 5943 ἀποκνοῦντες.
