4094 6370
331 432 423 488 Idi

326 550 540 619 gatione
566 548 825 618 capiatur.
850 546 1005 602 Jesus
1032 559 1158 599 vero
1198 543 1298 598 hac
1338 544 1391 597 in
1433 559 1527 605 re,
1576 540 1676 594 hac
1715 542 1765 591 in
1811 535 1892 588 via

331 643 567 697 nondum
598 640 829 694 instabat
856 656 869 691 :
898 638 990 693 sed
1014 652 1107 692 eos
1135 638 1222 706 qui
1249 636 1564 690 accederent
1589 648 1693 687 non
1725 632 1897 694 impe-

329 734 530 789 diebat.
582 730 865 799 Discipulis
904 743 1131 797 namque
1171 726 1483 797 simpliciter
1528 723 1691 785 dixit,
1733 738 1797 775 ne
1840 718 1897 773 in

330 825 605 878 civitatem
626 823 1073 877 Samaritanorum
1119 820 1412 877 intrarent,
1461 831 1567 869 non
1617 824 1796 867 tamen
1842 821 1901 865 ut

332 916 650 971 accedentes
677 914 795 967 illos
821 912 1142 982 repellerent
1167 927 1182 965 :
1209 927 1296 965 res
1321 911 1461 964 enim
1489 908 1628 962 illius
1654 907 1898 975 benigni-

332 1016 443 1060 tate
466 1003 750 1058 admodum
788 1002 1003 1072 indigna
1044 1001 1250 1054 luisset.
1297 1000 1525 1068 Ideoque
1566 998 1773 1051 mulieri
1824 996 1903 1049 sic

333 1093 620 1163 respondet
651 1109 664 1145 :
698 1091 785 1147 i0.
830 1091 893 1145 Si
918 1091 1073 1146 scires
1091 1089 1277 1143 donum
1318 1087 1449 1154 Dei,
1481 1096 1527 1141 et
1571 1088 1682 1156 quis
1721 1096 1791 1137 est
1816 1085 1902 1154 qui

331 1185 419 1237 tibi
446 1185 569 1237 dicit
591 1226 607 1249 ,
639 1183 722 1236 Da
748 1182 873 1235 mihi
890 1182 1054 1236 bibere
1080 1197 1098 1235 :
1124 1191 1176 1234 tu
1198 1181 1411 1244 forsitan
1454 1180 1655 1247 petisses
1693 1177 1755 1229 ab
1807 1192 1863 1228 eo
1882 1217 1898 1241 ,

332 1287 378 1328 et
406 1276 623 1329 dedisset
648 1274 737 1327 tibi
764 1289 946 1342 aquam
986 1273 1167 1327 vivant.
1205 1271 1358 1325 Prius
1395 1270 1591 1324 indicat
1626 1283 1743 1322 eam
1781 1280 1902 1322 esse

331 1364 548 1434 dignam
574 1380 693 1433 quae
718 1364 960 1417 audiatur
978 1404 991 1425 ,
1021 1377 1121 1415 nec
1149 1362 1457 1428 rejiciatur;
1488 1374 1548 1412 ac
1573 1356 1763 1411 deinde
1784 1357 1902 1425 quis

332 1457 448 1525 ipse
470 1457 542 1511 sit
569 1457 789 1511 revelat.
818 1455 948 1509 Nam
974 1469 1098 1507 mox
1129 1452 1371 1505 auditura
1412 1450 1530 1520 quis
1573 1458 1715 1503 esset
1734 1490 1750 1509 ,
1798 1448 1898 1515 ipsi

330 1547 760 1615 obtemperatum
788 1554 939 1611 erat;
973 1543 1114 1614 quod
1142 1543 1210 1597 de
1245 1541 1442 1597 .ludteis
1483 1555 1640 1595 nemo
1683 1539 1896 1595 dixerit.

332 1639 461 1694 Nam
488 1654 610 1693 cum
632 1638 970 1702 didicissent,
1018 1636 1151 1689 nihil
1197 1635 1263 1689 ab
1301 1635 1418 1704 ipso
1464 1634 1755 1702 petierunt,
1800 1644 1901 1686 nec

332 1728 604 1799 quidpiam
633 1728 761 1782 utile
787 1728 1023 1783 ediscere
1049 1726 1367 1793 cupierunt;
1398 1724 1504 1778 imo
1532 1723 1677 1777 illum
1707 1731 1900 1777 contu-

331 1820 506 1875 meliis
530 1820 825 1874 onerabant
847 1827 904 1873 et
943 1818 1229 1887 pellebant.
1278 1816 1372 1870 His
1420 1814 1614 1869 auditis
1664 1815 1896 1879 mulier,

330 1913 450 1967 vide
473 1926 634 1982 quam
654 1911 895 1965 modeste
919 1908 1239 1978 respondeat
1265 1925 1282 1961 :
1311 1908 1401 1962 Η.
1445 1905 1662 1959 Domine
1679 1946 1694 1970 ,
1743 1919 1901 1972 neque

329 2007 381 2058 in
404 2020 505 2071 quo
534 2004 742 2058 haurias
768 2003 937 2067 habes,
983 2012 1030 2055 et
1068 2012 1246 2072 puteus
1286 2001 1419 2054 altus
1458 2008 1571 2063 est;
1610 1999 1746 2051 unde
1781 2013 1898 2067 ergo

333 2097 485 2152 habes
510 2114 694 2167 aquam
720 2095 925 2150 vivam?
951 2095 1068 2150 .lam
1098 2094 1243 2148 illam
1271 2107 1298 2145 a
1324 2091 1511 2145 viliore
1539 2090 1789 2159 opinione
1815 2105 1899 2142 re-

332 2192 521 2258 traxit,
575 2191 648 2246 ita
694 2202 752 2244 ut
796 2205 902 2244 non
949 2189 1086 2243 ultra
1130 2185 1376 2241 crederet
1423 2184 1569 2239 illum
1622 2182 1895 2252 vulgarem

332 2281 632 2351 quempiam
659 2295 778 2335 esse
799 2279 1088 2333 hominem.
1115 2275 1231 2331 Non
1258 2274 1415 2329 modo
1442 2274 1584 2328 enim
1604 2273 1747 2326 illum
1781 2272 1901 2325 Do—

333 2373 534 2426 minum
562 2380 751 2435 vocat,
794 2369 889 2425 sed
936 2368 1229 2423 honorilice
1277 2365 1531 2436 loquitur.
1576 2363 1709 2418 Nam
1754 2360 1897 2431 quod

334 2464 551 2519 honoris
580 2478 737 2518 causa
766 2463 844 2517 sic
885 2462 1211 2531 loqueretur,
1240 2474 1304 2514 ex
1330 2455 1674 2527 sequentibus
1708 2454 1894 2523 liquet.

333 2553 444 2610 Non
472 2555 616 2608 enim
645 2554 849 2616 irrisit.
877 2569 983 2607 non
1024 2551 1257 2607 traduxit
1300 2550 1449 2604 illum
1474 2589 1492 2616 ,
1543 2548 1637 2603 sed
1686 2546 1896 2601 interim

333 2644 728 2701 subdubitabat.
768 2642 921 2711 Quod
968 2643 1012 2697 si
1054 2658 1159 2698 non
1200 2640 1378 2696 statim
1404 2655 1517 2695 rem
1546 2646 1709 2693 totam
1738 2637 1896 2692 intel-

334 2736 493 2801 lexit,
522 2751 593 2790 ne
619 2735 831 2789 mireris
859 2752 873 2789 :
904 2748 1077 2803 neque
1104 2732 1245 2787 enim
1276 2731 1594 2786 Nicodemus
1624 2729 1899 2784 intellexe-

333 2838 433 2881 rat.
464 2826 598 2880 Nam
625 2825 751 2895 quid
776 2824 863 2879 ille
888 2824 1058 2878 dicit?
1090 2822 1352 2890 Quomodo
1377 2830 1585 2893 possunt
1610 2820 1716 2874 haec
1745 2818 1855 2886 ﬁeri
1872 2818 1899 2871 2

332 2927 384 2971 et
410 2932 646 2983 rursum,
681 2915 945 2982 Quomodo
963 2923 1123 2984 potest
1144 2915 1289 2968 homo
1310 2912 1451 2967 nasci
1475 2928 1590 2966 cum
1616 2911 1680 2966 sit
1707 2909 1900 2964 senex?

331 3020 382 3063 et
410 3011 626 3072 iterum,
659 3006 922 3076 Numquid
950 3015 1109 3076 potest
1133 3006 1187 3059 in
1213 3016 1413 3059 uterum
1441 3004 1617 3057 matris
1656 3018 1761 3057 sua:
1802 3002 1898 3056 ite-

332 3110 441 3152 rato
460 3099 671 3153 introire
687 3107 733 3151 et
750 3098 889 3151 nasci
907 3098 933 3152 ?
954 3097 1077 3150 llaec
1095 3103 1272 3151 autem
1290 3093 1638 3150 verecundius
1660 3093 1895 3158 Domine,

333 3206 490 3261 neque
515 3190 571 3243 in
593 3205 692 3259 quo
718 3189 924 3241 haurias
951 3188 1101 3241 habes
1119 3227 1133 3251 ,
1159 3196 1206 3240 et
1231 3198 1409 3256 puteus
1435 3186 1571 3239 altus
1614 3194 1717 3247 est;
1764 3183 1899 3237 unde

332 3299 447 3352 ergo
492 3280 645 3336 habes
691 3296 874 3350 aquam
916 3278 1122 3332 vivam?
1164 3277 1319 3332 Aliud
1364 3278 1607 3331 Christus
1647 3274 1896 3341 dicebat,

333 3372 470 3425 aliud
502 3372 592 3425 illa
617 3370 985 3439 suspicabatur
1006 3410 1024 3437 ,
1061 3367 1193 3423 nihil
1218 3368 1361 3422 aliud
1385 3382 1544 3436 quam
1586 3366 1749 3420 verba
1797 3382 1895 3420 au-

332 3465 502 3526 diens,
531 3477 704 3532 neque
726 3460 899 3515 adhuc
923 3459 1148 3515 sublime
1168 3460 1437 3529 quidpiam
1482 3460 1775 3529 intelligere
1802 3474 1896 3512 va-

336 3555 494 3608 lebat.
550 3555 708 3624 Atqui
756 3554 1078 3623 petulantius
1124 3552 1448 3621 respondere
1496 3551 1791 3621 potuisset,
1841 3549 1895 3606 Si

337 3647 564 3701 haberes
590 3662 779 3715 aquam
809 3647 980 3700 vivam
1007 3687 1021 3711 ,
1054 3662 1156 3700 non
1187 3654 1396 3714 peteres
1423 3661 1454 3699 a
1494 3661 1577 3698 tne
1599 3684 1615 3709 ,
1664 3644 1756 3699 sed
1805 3645 1895 3699 tibi

337 3743 481 3810 prius
527 3740 795 3810 pra-heres
824 3756 837 3792 :
864 3740 974 3809 jam
1015 3755 1142 3793 vero
1192 3748 1244 3793 te
1281 3738 1470 3808 jactas.
1517 3737 1718 3792 Verum
1770 3737 1898 3791 nihil

337 3836 525 3885 horum
554 3832 727 3895 dixit;
756 3831 850 3885 sed
882 3830 1119 3884 modeste
1146 3830 1379 3897 loquitur
1399 3839 1453 3883 et
1479 3828 1530 3882 in
1559 3828 1817 3897 principio
1844 3837 1900 3882 et

337 3926 385 3977 in
411 3922 774 3993 sequentibus.
798 3922 928 3976 Nam
956 3922 1011 3975 in
1041 3922 1297 3990 principio
1343 3922 1418 3974 ait
1448 3937 1461 3973 :
1493 3921 1755 3985 Quomodo
1802 3930 1857 3974 tu
1880 3960 1896 3985 ,

333 4013 543 4065 Judtzus
569 4029 685 4065 cum
708 4013 777 4067 sis
803 4053 819 4078 ,
845 4013 1010 4066 bibere
1030 4028 1063 4065 a
1085 4028 1163 4065 me
1189 4011 1353 4080 poscis
1372 4010 1400 4064 Ρ
1422 4011 1604 4080 Neque
1628 4011 1763 4065 dixnt
1787 4051 1802 4073 ,
1835 4025 1896 4067 ac

334 4108 377 4160 si
408 4107 759 4175 alienigenam
803 4115 859 4160 et
897 4106 1167 4160 inimicum
1208 4104 1570 4175 alloqueretur
1599 4122 1615 4158 :
1645 4106 1797 4159 Absit
1844 4115 1901 4159 ut

337 4200 427 4251 tibi
447 4198 713 4266 prmbeam
732 4198 931 4251 homini
959 4197 1171 4251 inimico
1186 4205 1238 4251 et
1257 4212 1287 4251 a
1314 4208 1472 4267 gente
1494 4208 1673 4251 nostra
1702 4197 1897 4251 alieno.

340 4290 545 4344 Deinde
572 4304 695 4344 cum
722 4305 909 4360 magna
938 4291 1238 4360 loquentem
1280 4290 1518 4357 audiret,
1564 4305 1680 4359 quae
1727 4291 1901 4345 solent

338 4381 583 4435 inimicos
607 4382 839 4434 maxime
866 4381 1143 4443 mordere,
1175 4397 1279 4434 non
1309 4381 1504 4445 irrisit,
1547 4398 1652 4435 non
1690 4382 1903 4436 cachin-

339 4473 420 4525 nis
447 4471 661 4540 excepit
683 4471 867 4533 illum;
901 4471 991 4526 sed
1020 4456 1144 4541 quid
1193 4472 1352 4525 dicit?
1401 4472 1487 4525 te.
1539 4472 1803 4543 Numquid
1848 4483 1901 4525 tu

339 4563 501 4630 major
525 4578 578 4615 es
604 4573 748 4631 patre
778 4573 951 4617 nostro
977 4563 1138 4616 Iacob
1161 4605 1174 4625 ,
1202 4564 1286 4631 qui
1332 4564 1467 4616 dedit
1511 4563 1653 4617 nobis
1702 4575 1903 4632 puteum

341 4654 471 4705 hunc
494 4694 509 4717 ,
541 4662 590 4706 et
615 4654 725 4721 ipse
747 4669 810 4707 ea:
836 4669 895 4707 eo
921 4653 1073 4717 bibit,
1101 4663 1147 4708 et
1172 4654 1269 4723 ﬁlii
1292 4656 1399 4725 ejus
1420 4696 1435 4718 ,
1465 4664 1511 4707 et
1552 4671 1731 4723 pecora
1750 4657 1775 4709 ?
1814 4655 1907 4710 Vi-

342 4744 459 4797 deu‘
489 4759 597 4812 quo
623 4754 779 4813 pacto
799 4759 859 4799 se
883 4743 935 4799 in
966 4744 1238 4799 Judaicam
1285 4745 1612 4801 nobilitatem
1657 4745 1907 4816 ingerat?

341 4832 451 4887 Hoc
474 4846 654 4887 autem
676 4836 787 4887 vult
813 4834 1113 4903 signiﬁcare
1143 4853 1157 4889 :
1185 4834 1278 4889 ille
1308 4834 1406 4888 hac
1429 4850 1559 4889 usus
1597 4845 1681 4889 est
1726 4851 1861 4905 aqua
1884 4878 1902 4904 ,

343 4922 470 4976 nihil
501 4923 642 4977 ultra
666 4924 805 4993 quod
828 4923 981 4978 daret
1009 4924 1207 4979 habuit.
1233 4924 1326 4979 His
1362 4940 1526 4994 porro
1565 4924 1799 4980 declarat
1847 4940 1906 4981 se

346 5031 409 5069 ex
438 5016 609 5083 prima
640 5017 987 5085 reSponsione
1012 5032 1256 5085 magnum
1285 5025 1341 5070 et
1365 5017 1592 5071 sublime
1635 5018 1902 5086 quidpiam

344 5108 696 5163 intellexisse.
727 5108 859 5161 Nam
878 5122 1001 5161 cum
1031 5109 1136 5171 ait,
1170 5107 1288 5177 Ipse
1306 5108 1445 5171 bibit,
1479 5117 1525 5161 et
1555 5108 1651 5176 ﬁlii
1677 5109 1822 5179 ejus,
1860 5118 1908 5162 et

344 5213 552 5264 pecora,
600 5197 732 5251 nihil
773 5197 919 5251 aliud
959 5198 1291 5260 subindicat,
1331 5212 1489 5266 quam
1530 5214 1589 5251 se
1629 5199 1681 5251 in
1728 5208 1908 5253 mente

344 5290 539 5343 habere
562 5289 720 5342 aliam
750 5289 1171 5356 praestantiorem
1196 5303 1386 5356 aquam
1406 5326 1423 5351 ,
1452 5302 1606 5356 quam
1634 5302 1731 5342 nec
1755 5304 1902 5357 repca

344 5380 471 5433 riret
490 5419 508 5444 ,
541 5394 643 5433 nec
667 5380 811 5433 clare
839 5389 1039 5433 nosset.
1072 5376 1143 5432 Ut
1167 5389 1343 5431 autem
1368 5378 1493 5446 quid
1522 5379 1606 5431 illa
1651 5379 1908 5449 intelligat

344 5470 542 5523 clarius
572 5470 870 5537 exprimam
907 5486 919 5521 :
948 5468 1063 5522 Non
1092 5479 1241 5537 potes
1269 5468 1446 5522 dicere
1472 5508 1487 5529 ,
1535 5470 1737 5536 inquit,
1764 5469 1910 5522 Jaco-

346 5558 466 5612 bum
528 5560 670 5613 hunc
713 5560 867 5612 nobis
914 5558 1122 5613 dedisse
1167 5558 1367 5611 foiitem
1396 5599 1411 5621 ,
1457 5559 1548 5610 sed
1592 5559 1698 5610 alio
1756 5574 1908 5614 nsunt

348 5647 507 5703 fuisse
538 5665 553 5706 :
583 5665 703 5703 nam
726 5660 776 5702 et
795 5651 905 5716 ipse
926 5659 980 5704 et
1001 5648 1091 5701 lilii
1116 5648 1230 5716 ejus
1254 5664 1319 5703 ex
1349 5647 1447 5701 hac
1473 5648 1719 5701 bibebant
1745 5664 1905 5717 aqua,

349 5754 451 5791 non
484 5740 701 5795 bibituri
726 5743 769 5793 si
797 5740 953 5794 aliam
996 5740 1271 5794 meliorem
1314 5737 1643 5791 habuissent.
1686 5738 1763 5791 Ex
1809 5739 1908 5794 hac

345 5830 506 5897 igitur
536 5846 633 5886 nec
663 5844 715 5885 tu
746 5832 945 5900 poteris
963 5828 1123 5898 dare;
1149 5830 1305 5885 aliam
1334 5843 1458 5886 vero
1489 5829 1758 5885 meliorem
1810 5830 1904 5886 lia-

1363 423 1429 482 IN
1464 416 1773 480 JOANNEM
1813 411 2038 469 ιιυΜιι..
2085 414 2248 471 XXXI
2290 421 2360 474 al.
2402 423 2569 481 XXX.

3471 445 3573 496 1252'.

2009 534 2134 636 lii-re
2166 556 2269 594 non
2297 555 2481 611 potes,
2513 549 2611 603 nisi
2636 559 2686 605 te
2711 553 2911 612 Jacono
2949 560 3202 628 majorem
3253 573 3570 636 proﬁtearis.

2012 626 2162 727 llude
2190 632 2531 727 igiturgquam
2563 650 2614 695 te
2643 642 2887 699 daturum
2934 626 3203 718 polliceris
3252 626 3441 727 aquam
3488 662 3575 717 lia-

2008 718 2133 773 bere
2165 724 2371 787 possis?
2397 727 2466 780 At
2488 728 2653 785 Judzci
2673 748 2777 788 non
2806 744 2908 792 tam
2933 742 3044 795 miti
3066 757 3186 798 cum
3215 718 3575 809 illo-sermone

2006 821 2243 913 utuntur,
2265 829 2386 869 cum
2407 817 2590 873 eadem
2618 822 2684 876 de
2713 839 2771 879 re
2798 826 3120 897 loqueretur,
3151 835 3388 903 eiusdem
3420 858 3574 913 aqua:

2008 903 2276 1002 mentionne
2341 906 2474 961 facta
2509 927 2522 963 :
2554 912 2646 966 sed
2698 914 2828 970 nihil
2880 919 3006 976 hinc
3057 924 3192 980 lucri
3261 903 3575 1002 consequuti

2007 1000 2148 1094 sunt.
2182 993 2404 1094 Quando
2429 1007 2605 1054 autem
2636 1003 2862 1061 Abrahae
2903 1012 3180 1077 meminit,
3227 1017 3397 1086 ipsum
3438 993 3575 1094 lapi-

2006 1078 2162 1136 dibus
2188 1084 2445 1153 impetere
2473 1093 2648 1146 conati
2687 1104 2830 1150 sunt.
2881 1098 3077 1155 Verum
3112 1120 3216 1159 non
3248 1078 3333 1162 ita
3384 1078 3577 1169 mulier

2007 1187 2129 1227 cum
2157 1176 2247 1231 illo
2271 1179 2412 1247 agit;
2439 1182 2532 1236 sed
2556 1199 2676 1239 cum
2700 1192 3103 1249 mansuetudine
3135 1197 3187 1249 in
3222 1208 3369 1252 tanto
3403 1213 3532 1257 testu
3555 1248 3571 1271 ,

2009 1265 2061 1320 in
2085 1269 2332 1337 meridie,
2364 1274 2540 1328 omnia
2564 1278 2825 1345 patienter
2849 1282 3131 1339 admodum
3154 1298 3209 1342 et
3227 1290 3356 1345 dicit
3381 1302 3434 1347 et
3474 1265 3574 1350 au;

2007 1355 2116 1422 dit,
2146 1366 2201 1412 et
2231 1360 2359 1414 nihil
2386 1378 2569 1419 eorum
2601 1371 2796 1438 cogitat
2833 1365 2952 1442 quin
2995 1375 3164 1431 Judaei
3214 1383 3577 1441 verisimilitcr

2008 1444 2298 1512 dixissent,
2347 1452 2518 1522 ipsum
2562 1472 2753 1528 nempe
2778 1460 3020 1517 insanum
3052 1476 3107 1520 et
3136 1482 3318 1524 mente
3360 1485 3573 1542 captum

2006 1550 2126 1591 esse
2148 1579 2164 1600 ,
2194 1540 2282 1607 qui
2308 1555 2368 1595 se
2393 1542 2671 1602 deluderet
2692 1550 2833 1603 circa
2862 1551 3061 1608 fontem
3090 1566 3139 1611 ct
3172 1569 3386 1628 puteum
3409 1540 3440 1628 ,_
3475 1581 3574 1621 nec

2007 1628 2293 1720 quidquam
2338 1644 2652 1704 prmstaret,
2709 1641 2803 1695 sed
2844 1643 3193 1712 jactabundus
3245 1651 3569 1720 loqueretur.

2006 1717 2099 1772 Illa
2126 1735 2252 1775 vero
2273 1736 2678 1792 perseveranter
2703 1735 2994 1800 auscultat,
3025 1738 3150 1792 dum
3193 1717 3335 1812 quod
3381 1746 3573 1813 quaerit

2004 1812 2256 1867 inveniat.

2074 1904 2129 1959 5.
2167 1904 2221 1960 Si
2251 1920 2378 1961 vero
2406 1908 2599 1965 mulier
2620 1910 2946 1969 Samaritana
2980 1925 3178 1973 tantum
3209 1921 3423 1978 adhibet
3456 1935 3573 1980 slu-

2002 1996 2167 2061 dium,
2200 2007 2257 2051 ut
2275 2000 2400 2069 quid
2424 2002 2550 2056 utile
2569 2003 2789 2071 ediscat,
2818 2016 2873 2061 et
2898 2007 3108 2064 Christo
3126 2014 3343 2078 assidet,
3366 2017 3574 2074 etiamsi

2004 2087 2149 2141 illum
2178 2104 2283 2142 non
2326 2102 2537 2159 noscat;
2575 2109 2732 2164 quam
2779 2111 2876 2151 nos
2913 2099 3121 2154 veniam
3164 2117 3571 2175 consequemur,

2002 2179 2092 2246 qui
2135 2179 2305 2248 ipsum
2353 2187 2614 2251 novimus,
2650 2188 2737 2254 qui
2783 2202 2889 2242 non
2932 2205 3084 2245 secus
3114 2203 3346 2261 puteum,
3388 2212 3491 2251 non
3521 2200 3572 2254 in

2002 2268 2213 2325 deserto
2239 2280 2463 2339 stamus,
2494 2291 2598 2331 non
2626 2277 2678 2331 in
2706 2281 2943 2345 meridie,
2972 2298 3078 2337 non
3114 2285 3285 2340 adusti
3314 2288 3575 2346 solaribus

2002 2360 2198 2426 radiis;
2232 2362 2325 2417 sed
2348 2365 2447 2419 sub
2475 2382 2685 2435 aurora,
2714 2371 2812 2426 sub
2841 2372 2941 2428 hoc
2971 2384 3109 2430 tecto
3140 2378 3320 2432 umbra
3347 2379 3575 2437 fruimur

2002 2461 2056 2505 et
2071 2454 2304 2509 suaviter
2318 2457 2541 2526 agimus,
2558 2476 2729 2530 neque
2750 2463 3007 2533 patienter
3023 2469 3265 2535 audimus
3280 2472 3569 2542 quidpiam,

2002 2542 2095 2595 sed
2123 2543 2324 2599 desidia
2354 2551 2662 2617 torpemus?
2684 2550 2798 2606 Non
2826 2554 2905 2609 sic
2930 2555 3053 2622 illa;
3085 2557 3179 2612 sed
3211 2561 3280 2613 ita
3304 2561 3459 2616 dictis
3488 2575 3572 2617 at-

2002 2634 2188 2701 tendit,
2212 2637 2455 2692 utetiam
2490 2640 2621 2696 alios
2646 2643 2888 2699 advocet.
2918 2646 3087 2704 Judaei
3114 2665 3242 2706 vero
3281 2669 3384 2708 non
3413 2656 3572 2713 modo

1996 2739 2110 2779 non
2135 2727 2481 2796 advocabant,
2523 2732 2616 2787 sed
2654 2735 2812 2790 etiam
2856 2752 2949 2792 eos
2975 2741 3064 2810 qui
3094 2744 3349 2800 accedere
3378 2748 3573 2804 vellent

2006 2815 2391 2886 impediebant;
2422 2824 2761 2891 quamobrem
2809 2827 3094 2886 dicebant:
3131 2833 3266 2889 Num
3294 2837 3474 2907 aliquis
3509 2853 3573 2895 ea:

2006 2907 2313 2977 principibus
2333 2912 2488 2965 credit
2510 2914 2564 2967 in
2589 2930 2701 2968 eum
2715 2916 2741 2969 ?
2765 2917 2871 2972 Sed
2893 2920 3037 2975 turba
3061 2924 3168 2977 lucc
3188 2942 3299 2995 quae
3322 2945 3419 2981 non
3439 2932 3572 2985 novit

2004 2999 2180 3069 legem,
2206 3001 2459 3056 maledicti
2483 3016 2600 3059 sunt
2623 3005 2798 3079 (Joan.
2830 3010 2882 3063 7.
2910 3012 2997 3067 48.
3020 3014 3131 3084 49).
3155 3014 3426 3073 Imitemur
3445 3037 3573 3091 ergo

2003 3091 2387 3147 Samaritanam
2422 3111 2435 3147 :
2463 3096 2829 3167 colloquamur
2846 3116 2966 3157 cum
3009 3104 3242 3161 Christo.
3272 3107 3405 3163 Nam
3432 3126 3573 3166 nunc

2000 3183 2161 3235 etiam
2208 3182 2260 3236 in
2308 3185 2484 3241 medio
2526 3197 2763 3244 nostrum
2812 3200 2937 3259 stat,
2990 3209 3085 3263 per
3136 3198 3438 3266 pr0phelas,
3482 3217 3573 3269 pt‘t‘

2003 3270 2290 3342 discipulos
2311 3290 2409 3330 nos
2436 3277 2728 3348 alloquens.
2758 3282 3048 3339 Audiamus
3071 3300 3197 3356 ergo
3225 3297 3278 3341 et
3304 3299 3575 3360 obtempe—

2003 3378 2199 3419 remus.
2228 3364 2515 3438 Usquequo
2540 3370 2733 3425 frustra
2763 3382 2816 3426 et
2845 3374 3103 3429 inutiliter
3140 3378 3413 3433 vivemus?
3442 3380 3570 3435 Nam

2004 3453 2089 3507 illa
2134 3470 2290 3525 agere
2327 3473 2445 3527 qua:
2489 3459 2598 3514 Deo
2643 3477 2745 3514 non
2780 3463 3005 3531 placent,
3037 3466 3162 3520 illud
3191 3480 3272 3522 est
3320 3472 3575 3525 inutiliter

2002 3546 2214 3613 vivere;
2247 3548 2355 3602 imo
2379 3564 2482 3603 non
2526 3560 2728 3605 tantum
2772 3554 3049 3620 inutiliter,
3076 3557 3169 3611 sed
3217 3560 3266 3611 in
3297 3560 3571 3615 damnum.

1968 3629 1975 3637 ’
2003 3636 2136 3692 Cum
2166 3640 2307 3695 enim
2338 3643 2488 3697 nobis
2514 3643 2693 3697 datum
2726 3653 2933 3715 tempus
2962 3648 3218 3703 inutiliter
3241 3668 3456 3719 prorsus
3480 3656 3576 3707 im-

2009 3732 2305 3799 pendimus,
2354 3732 2476 3788 hinc
2522 3737 2864 3805 migrabimus
2892 3749 3155 3795 extremas
3184 3741 3353 3796 daturi
3392 3760 3577 3813 pmuas

2005 3826 2262 3880 inutiliter
2289 3828 2585 3896 consumpti
2619 3829 2891 3898 temporis.
2922 3830 3052 3884 Cum
3072 3830 3115 3886 is
3139 3833 3225 3902 qui
3245 3836 3494 3903 pecunias
3510 3836 3576 3889 ad

2005 3917 2377 3985 negotiandum
2405 3919 2633 3985 recepit,
2665 3927 2720 3973 et
2745 3934 2837 3974 eas
2878 3923 3161 3991 insumpsit
3194 3933 3246 3978 et
3271 3924 3565 3991 devoravit,

1999 4008 2265 4063 rationem
2291 4008 2339 4063 ei
2365 4009 2454 4078 qui
2479 4008 2580 4063 sibi
2609 4010 2835 4065 credidit
2858 4012 3078 4068 daturus
3106 4014 3176 4068 sit
3208 4032 3221 4068 :
3254 4015 3298 4069 is
3319 4027 3461 4070 certe
3486 4018 3576 4084 qui

2007 4099 2143 4155 hanc
2167 4100 2326 4153 vitam
2372 4100 2629 4155 inutiliter
2672 4102 2948 4170 impendit,
2993 4119 3096 4157 non
3139 4104 3292 4159 erita
3320 4106 3579 4177 supplicio

2007 4190 2157 4244 liber.
2188 4190 2303 4245 Non
2329 4190 2447 4246 ideo
2473 4206 2571 4247 nos
2597 4193 2734 4247 Deus
2765 4196 2815 4246 in
2845 4197 2979 4248 hanc
3007 4196 3166 4248 vitam
3199 4197 3434 4265 protulit,
3466 4198 3578 4250 ani-

2006 4296 2250 4351 mamque
2273 4282 2437 4347 dedit,
2470 4293 2527 4338 ut
2556 4288 2799 4353 pra-senti
2823 4293 3023 4339 tantum
3064 4287 3300 4340 l'ruamur
3327 4289 3447 4346 vita.
3483 4289 3577 4343 sed

2010 4381 2067 4425 ut
2093 4387 2188 4440 pro
2217 4373 2389 4427 futura
2417 4375 2518 4428 vita
2548 4376 2895 4443 negotiemur.
2920 4376 3080 4430 Bruta
3101 4378 3349 4444 praesenti
3376 4389 3577 4432 tantum

2009 4464 2132 4517 vita:
2158 4466 2271 4518 usui
2297 4475 2448 4528 sunt;
2480 4480 2577 4519 nos
2603 4478 2779 4520 autem
2801 4466 2918 4522 ideo
2942 4469 3291 4523 immortalem
3320 4472 3578 4525 habemus

2009 4556 2259 4621 animam,
2292 4565 2349 4609 ut
2376 4556 2441 4610 ad
2474 4557 2618 4611 illam
2646 4557 2800 4613 nobis
2823 4560 3113 4628 parandam
3136 4561 3294 4614 vitam
3322 4560 3451 4614 nihil
3473 4576 3577 4615 non

2007 4662 2246 4721 agamus.
2287 4650 2342 4705 Si
2382 4653 2500 4721 quis
2547 4652 2846 4707 sciscitetur
2889 4653 3009 4725 quis
3050 4669 3176 4707 usus
3201 4655 3269 4708 sit
3297 4669 3576 4723 equorum,

2009 4743 2301 4805 asinorum,
2336 4743 2518 4807 boum,
2565 4745 2894 4813 aliorumque
2937 4744 3237 4813 huiusmodi
3286 4761 3580 4816 pecorum,

2014 4833 2209 4887 nullum
2236 4835 2395 4887 alium
2426 4834 2665 4889 dicemus
2692 4850 2847 4906 quam
2880 4837 3231 4891 ministerium
3258 4838 3316 4891 in
3334 4842 3579 4907 prmscnti

2012 4923 2116 4974 vita
2146 4924 2457 4990 prmstitum.
2494 4925 2565 4977 De
2593 4926 2744 4979 nobis
2781 4941 2910 4979 vero
2935 4942 3041 4980 non
3070 4927 3227 4992 item;
3270 4932 3363 4981 sed
3393 4929 3585 4982 melior

2013 5024 2180 5069 status
2221 5025 2301 5066 cst
2332 5024 2451 5083 post
2476 5016 2765 5069 discessum
2792 5032 2856 5069 cx
2884 5015 2985 5070 hac
3014 5017 3118 5072 vita
3148 5036 3161 5073 :
3205 5018 3439 5087 nihilque
3477 5034 3582 5071 non

2012 5107 2270 5175 agendum
2311 5116 2412 5168 est,
2464 5118 2520 5160 ut
2548 5108 2617 5161 ibi
2660 5109 2916 5162 clariores
2961 5110 3127 5165 simus
3154 5120 3349 5165 etcum
3378 5112 3581 5179 angelis

2012 5198 2234 5252 choreas
2277 5211 2514 5264 agamus,
2565 5205 2621 5249 ut
2666 5197 2794 5266 Hegi
2837 5198 3111 5253 adstemus
3157 5211 3411 5268 perpetuo
3440 5210 3492 5253 et
3533 5201 3582 5253 iu

2013 5286 2203 5340 saecula
2226 5286 2449 5339 inﬁnita.
2479 5285 2598 5339 ldco
2620 5302 2845 5356 namque
2868 5288 3179 5343 immortalis
3204 5301 3283 5340 est.
3308 5289 3503 5349 anima,
3532 5300 3580 5343 et

2013 5390 2208 5444 corpus
2252 5377 2545 5431 immortale
2570 5378 2691 5443 erit,
2743 5387 2799 5431 ut
2837 5379 3105 5447 perpetuis
3138 5378 3372 5431 fruamur
3410 5378 3578 5432 bouis.

2012 5465 2068 5521 Si
2102 5481 2230 5520 vero
2251 5467 2394 5521 caelis
2437 5468 2526 5521 tibi
2570 5470 2871 5537 propositis,
2902 5479 3057 5525 terra:
3099 5469 3381 5531 inhrcrcas,
3415 5471 3585 5539 cogita

2013 5570 2263 5628 quantam
2309 5558 2479 5613 datori
2520 5560 2892 5613 contumeliam
2951 5560 3168 5614 inferas.
3218 5560 3311 5615 Ille
3358 5574 3586 5628 superna

2014 5649 2109 5704 tibi
2135 5649 2292 5703 oll'ert
2320 5667 2333 5702 :
2365 5660 2417 5702 tu
2448 5664 2571 5703 vero
2611 5666 2714 5703 non
2741 5664 2930 5719 magna
2969 5650 3110 5703 illius
3144 5648 3319 5705 habita
3361 5650 3582 5713 ratione,

2016 5750 2207 5795 terram
2237 5742 2531 5811 anteponis.
2553 5741 2675 5795 Ideo
2699 5740 2991 5810 gehennam
3011 5740 3384 5805 comminatur,
3406 5750 3590 5807 utpote

2018 5842 2387 5900 contemptus-
2424 5843 2480 5886 ut
2506 5832 2628 5887 hinc
2670 5831 2842 5887 discas
2879 5832 3089 5903 quantis
3117 5842 3171 5888 te
3208 5832 3386 5903 prives
3412 5831 3595 5891 bonis.
