4100 6364
474 378 571 434 183

467 498 569 551 Sed
598 496 733 551 absit
758 504 816 551 ut
836 494 963 550 illud
992 493 1307 565 supplicium
1338 491 1704 560 experiamur;
1738 500 1922 541 verum
1950 498 2044 552 po-

469 591 566 643 tius
601 591 708 643 Deo
735 589 1024 658 placentes,
1056 599 1253 642 astema
1276 598 1670 652 consequamur
1693 582 1848 639 bona,
1877 577 2045 646 gratia

467 694 521 738 et
553 681 877 749 benignitate
930 679 1137 733 Domini
1190 680 1354 733 n05lri
1407 676 1533 731 Jesu
1576 674 1796 736 Christi,
1832 670 2042 740 quicum

1260 376 1321 435 S.
1350 370 1627 430 JOANNIS
1662 364 2134 422 CllliYSOSTOMl
2174 371 2489 431 ARCHIEP.
2525 377 3053 436 CONSTANTINOP.

3620 391 3716 446 184

2156 486 2294 542 Patri
2323 490 2510 558 gloria,
2542 509 2748 564 unaque
2775 495 2987 565 Spiritui
3013 510 3218 564 sancto,
3250 517 3301 555 ut
3332 505 3523 559 saecula
3552 526 3719 560 sarcu—

2150 580 2341 634 lorum.
2372 584 2560 638 Amen.

3165 809 3677 834 ᾑ-ῄν

1706 872 2055 940 HOMILIA
2096 870 2369 933 XXXII.

471 1032 558 1086 l5.
602 1030 881 1095 Respondit
908 1029 1059 1084 Iesus
1084 1041 1130 1084 et
1148 1030 1275 1084 dixit
1293 1030 1338 1084 ei
1367 1045 1385 1084 :
1408 1027 1584 1083 Omnis
1609 1027 1693 1094 qui
1730 1026 1848 1079 bibit
1878 1040 1940 1077 ea:
1956 1022 2050 1077 hac

539 1138 691 1190 aqua,
716 1123 848 1175 sitiet
875 1123 1054 1175 iterum
1084 1136 1103 1175 :
1132 1123 1218 1175 l4.
1250 1121 1335 1190 qui
1367 1130 1536 1172 autent
1571 1118 1743 1170 biberit
1778 1132 1841 1169 ea:
1872 1129 2004 1183 aqua
2032 1152 2047 1176 ,

537 1229 690 1282 quam
717 1229 808 1283 ego
833 1212 962 1266 dabo
989 1213 1053 1278 ei,
1084 1230 1184 1265 non
1223 1213 1352 1265 sitiet
1394 1212 1447 1264 in
1488 1221 1728 1264 aeternum
1758 1224 1777 1263 :
1806 1208 1894 1261 sed
1920 1222 2051 1275 aqua

538 1319 689 1371 quam
713 1320 805 1373 ego
832 1301 960 1357 dabo
988 1304 1053 1369 ei,
1097 1304 1181 1369 [iet
1222 1303 1276 1355 in
1302 1318 1361 1356 eo
1408 1302 1523 1371 fons
1564 1315 1708 1369 aqua:
1745 1298 1970 1352 salientis
2000 1298 2052 1351 in

540 1394 692 1446 vitam
718 1402 976 1447 wternam.

542 1483 594 1537 Ι.
637 1483 861 1552 Spiritus
888 1492 1088 1537 sanctus
1112 1483 1261 1537 modo
1284 1481 1415 1552 ignis
1444 1480 1593 1534 modo
1613 1496 1744 1549 aqua
1763 1496 1793 1532 a
1814 1478 2051 1546 Scriptu-

478 1593 537 1629 ra
563 1576 867 1653 appellatus.
891 1574 1169 1629 Prudentia
1193 1574 1377 1629 Christi
1402 1573 1775 1628 Samaritanam
1798 1572 2050 1634 docentis;

481 1667 822 1722 Samaritana:
846 1669 1142 1731 sinceritas;
1182 1668 1293 1736 ipsa
1337 1664 1617 1719 Nicodemo
1659 1664 1952 1735 sapientior.
1981 1693 2054 1704 —

475 1760 704 1831 Spiritus
730 1760 950 1829 gratiam
974 1759 1248 1828 Scriptura
1277 1758 1435 1813 modo
1448 1760 1644 1828 ignem,
1673 1757 1832 1811 modo
1856 1772 2047 1821 aquam

472 1850 722 1918 appellat,
758 1865 864 1903 non
910 1849 1241 1912 substantiae,
1284 1848 1380 1903 sed
1419 1848 1712 1917 operationi
1757 1846 2050 1901 indicanda:

472 1941 587 1996 haec
612 1951 732 2010 apta
761 1940 974 1995 nomina
996 1956 1119 1996 esse
1143 1940 1538 1995 demonstrans.
1574 1938 1688 1993 Non
1710 1940 1852 1992 enim
1882 1954 1944 1992 ex
1972 1937 2053 1990 di-

473 2032 643 2087 versis
669 2032 979 2087 substantiis
1003 2040 1212 2086 constat
1252 2031 1480 2100 Spiritus
1498 2072 1513 2097 ,
1546 2045 1664 2084 cum
1695 2029 1971 2083 invisibilis
1998 2038 2052 2081 et

478 2123 633 2176 unius
657 2122 871 2192 generis
901 2122 988 2178 sit.
1022 2122 1267 2177 Alterum
1313 2132 1459 2176 certe
1496 2120 1728 2176 Joannes
1769 2120 2050 2190 signiﬁcat,

472 2229 593 2267 cum
622 2212 749 2267 dicit
775 2229 791 2266 :
816 2212 937 2283 Ipse
955 2229 1041 2267 vos
1069 2213 1341 2282 baptizabit
1366 2214 1419 2267 in
1451 2211 1646 2283 Spiritu
1669 2220 1841 2266 sancto
1869 2222 1916 2265 et
1940 2211 2053 2282 igne

476 2306 495 2375 (
525 2305 705 2360 Matth.
733 2306 787 2361 3.
813 2307 947 2377 il);
981 2306 1204 2361 alterum
1249 2321 1380 2361 vero
1425 2306 1686 2370 Christus,
1720 2304 1963 2358 Flumina
1989 2306 2052 2359 de

475 2408 643 2450 ventre
666 2398 775 2464 eius
800 2398 958 2468 ﬂuent
983 2414 1129 2469 aqute
1152 2399 1294 2452 victe.
1331 2396 1441 2451 Hoc
1468 2407 1632 2450 autem
1672 2396 1802 2449 dixit
1842 2396 1904 2449 de
1931 2396 2052 2464 Spi-

475 2487 593 2551 ritu,
626 2503 770 2556 quem
795 2488 1049 2558 accepturi
1070 2498 1212 2541 erant
1230 2487 1405 2556 (Joan.
1432 2487 1484 2541 7.
1507 2486 1594 2541 58.
1624 2484 1737 2556 59).
1769 2485 1840 2539 Ita
1861 2496 1915 2540 et
1940 2502 2054 2545 mu-

477 2579 661 2634 lierem
690 2579 988 2650 alloquens,
1015 2577 1271 2648 Spiritum
1302 2588 1455 2633 vocat
1478 2595 1667 2649 aquam
1701 2598 1713 2633 :
1753 2578 1851 2645 Qui
1881 2579 2053 2633 biberit

477 2670 539 2721 ea:
565 2685 717 2737 aqua,
747 2685 899 2739 quam
919 2686 1011 2740 ego
1034 2669 1163 2724 dabo
1191 2671 1255 2732 ei,
1284 2686 1384 2723 non
1419 2671 1549 2723 sitiet
1578 2671 1629 2724 in
1666 2682 1938 2735 euentum;
1976 2670 2054 2725 sic

477 2760 735 2829 Spiritum
760 2769 913 2815 vocat
955 2761 1127 2829 ignem
1154 2802 1169 2826 ,
1213 2771 1269 2814 ut
1298 2762 1403 2814 vim
1432 2761 1801 2831 fervorenique
1829 2765 2012 2832 gratiae
2034 2802 2050 2827 ,

475 2858 531 2905 et
562 2859 893 2918 peccatorum
919 2851 1202 2919 perniciem
1231 2851 1526 2922 significet;
1557 2867 1769 2921 aquam,
1792 2862 1846 2905 ut
1869 2852 2053 2921 purifi-

478 2941 739 2996 cationem
764 2943 1199 3012 refrigeriumque
1226 2960 1318 3011 per
1350 2944 1490 2996 illam
1532 2944 1916 3011 excipientibus
1941 2943 2057 2997 ani-

480 3032 583 3086 mis
606 3043 814 3101 partum
846 3033 1060 3087 indicet.
1094 3033 1161 3087 Et
1201 3034 1321 3102 jure
1354 3036 1590 3102 quidem.
1621 3034 1751 3088 Nam
1791 3046 2053 3104 tamquam

481 3122 716 3187 hortum,
749 3123 1034 3178 fruetiferis
1083 3140 1400 3195 semperque
1448 3126 1741 3179 virentibus
1779 3126 2057 3181 arboribus

481 3223 808 3277 comantem,
857 3214 936 3268 sic
976 3214 1268 3270 studiosam
1324 3216 1552 3269 animam
1601 3227 1846 3281 exornat,
1886 3232 2056 3287 neque

484 3304 764 3369 maeroris,
797 3318 969 3374 neque
996 3306 1352 3358 satanicarum
1385 3305 1698 3360 insidiarum
1728 3321 1944 3361 sensum
1970 3322 2056 3362 ca-

486 3411 611 3465 pere
633 3396 758 3450 sinit
784 3435 799 3461 ,
831 3397 1025 3467 quippe
1052 3412 1167 3466 quae
1198 3397 1357 3466 ignita
1387 3398 1602 3467 maligni
1630 3398 1729 3451 tela
1759 3398 1914 3452 facile
1942 3414 2045 3451 ex—

483 3490 732 3559 stinguat.
768 3489 844 3544 Tu
876 3506 1004 3544 vero
1031 3490 1159 3543 mihi
1183 3489 1381 3543 Christi
1410 3490 1727 3558 sapientiam
1747 3490 2057 3544 consideres

487 3580 666 3641 velint,
695 3596 852 3650 quam
883 3581 1072 3634 leniter
1100 3580 1466 3636 mulierculam
1494 3582 1678 3651 erigat.
1702 3581 1883 3651 Neque
1914 3584 2056 3636 enim

486 3690 515 3728 a
548 3675 806 3744 principio
834 3674 967 3728 dixit
1009 3674 1082 3728 illi
1103 3716 1117 3739 ,
1153 3673 1214 3728 Si
1234 3677 1387 3727 scires
1432 3678 1545 3745 quis
1572 3684 1645 3727 est
1672 3675 1756 3744 qui
1792 3676 1912 3728 dicit
1940 3676 2056 3741 tibi,

490 3763 570 3817 Da
599 3764 721 3817 mmi
761 3765 1075 3820 bibere:sed
1107 3773 1386 3835 postquam
1424 3766 1761 3820 occasionem
1798 3766 1872 3819 illi
1910 3782 2061 3836 prm—

490 3856 695 3922 buerat,
727 3866 783 3909 ut
808 3871 867 3911 se
894 3854 1137 3910 Judteum
1166 3865 1381 3910 vocaret
1408 3865 1462 3909 et
1485 3866 1778 3919 accusaret,
1805 3856 2060 3910 crimina-

491 3949 690 4004 tionem
733 3950 1010 4019 depellens
1061 3948 1163 4003 hoc
1200 3948 1349 4003 dicit.
1397 3948 1527 4003 Cum
1555 3965 1682 4003 vero
1729 3950 1967 4012 dixisset,
2002 3951 2061 4003 Si

489 4044 640 4097 scires
680 4045 791 4114 quis
817 4052 889 4098 est
932 4043 1019 4113 qui
1059 4043 1180 4096 dicit
1205 4043 1314 4110 tibi,
1338 4041 1420 4095 Da
1450 4044 1570 4095 milii
1618 4044 1798 4108 bibere,
1849 4046 2062 4112 forsitan

491 4135 712 4198 petiisses
730 4134 793 4187 ab
810 4150 887 4201 eo,
915 4142 969 4190 et
989 4134 1196 4204 magnis
1218 4134 1654 4203 promissionibus
1676 4150 1741 4189 eo
1770 4135 2062 4190 induxisset

492 4226 633 4280 illam
662 4227 1050 4296 ntpatriarchaa
1073 4228 1395 4283 mentionem
1442 4228 1680 4293 faceret,
1731 4228 1807 4282 sic
1854 4230 2061 4283 mulieri

492 4319 674 4373 oculos
702 4319 896 4373 mentis
945 4320 1172 4387 aperuit.
1218 4319 1416 4373 Deinde
1442 4319 1528 4374 illa
1556 4331 1865 4389 reponente,
1900 4319 2065 4372 Num-

491 4410 614 4478 quid
633 4420 687 4462 tu
707 4411 870 4479 major
893 4426 947 4463 es
975 4420 1118 4480 patre
1142 4421 1310 4464 nostra
1329 4408 1489 4464 Iacob
1513 4413 1538 4465 ?
1556 4426 1659 4466 non
1689 4412 1837 4476 dixit,
1867 4412 2061 4478 Etiam,

496 4500 663 4569 major
688 4514 805 4554 sum
838 4518 851 4554 :
880 4517 999 4555 nam
1024 4501 1166 4555 visus
1187 4501 1371 4556 fuisset
1405 4502 1454 4556 id
1488 4518 1545 4557 se
1569 4502 1819 4572 jactando
1843 4505 2022 4559 dicere
2045 4547 2060 4571 ,

494 4608 613 4643 cum
641 4591 781 4644 nulla
814 4591 990 4646 adhuc
1017 4603 1160 4647 esset
1188 4594 1265 4647 rei
1295 4593 1680 4648 demonstratio
1707 4613 1718 4647 :
1746 4611 1840 4664 per
1877 4610 1937 4650 ea
1966 4611 2064 4647 au-

498 4694 601 4737 tem
632 4701 751 4753 qua:
775 4686 921 4748 dicit,
954 4686 1019 4739 ad
1043 4686 1168 4739 illud
1203 4698 1479 4755 praeparat.
1512 4688 1627 4741 Non
1657 4690 1797 4744 enim
1816 4691 2066 4758 simplici-

500 4783 580 4828 ter
604 4773 730 4827 dicit
758 4816 772 4837 ,
808 4774 949 4829 Dabo
978 4775 1071 4830 tibi
1101 4791 1327 4844 aquam;
1371 4776 1464 4830 sed
1497 4788 1772 4846 postquam
1810 4779 1877 4833 de
1904 4779 2068 4833 Jacob

500 4865 681 4930 tacuit,
711 4864 850 4931 qtmd
871 4880 1022 4918 suum
1050 4874 1167 4919 erat
1191 4866 1384 4920 extulit
1402 4908 1415 4928 ,
1448 4883 1477 4920 a
1505 4878 1692 4922 natura
1719 4868 1843 4922 doni
1886 4886 2068 4938 perso-

499 4971 684 5009 narum
711 4956 1060 5009 dtll'erentiam
1094 4971 1186 5025 per
1222 4973 1503 5012 munerum
1549 4959 1831 5014 discrimen:
1877 4961 2072 5015 decla—

503 5063 650 5112 rans,
685 5061 889 5101 necnon
915 5061 1065 5100 suam
1093 5063 1252 5117 supra
1285 5049 1637 5117 patriarcham
1670 5051 2066 5105 excellentiam.

499 5141 553 5197 Si
582 5142 811 5206 miraris,
843 5141 1029 5210 inquit,
1061 5141 1201 5210 quod
1241 5142 1330 5196 ille
1358 5142 1495 5204 hanc
1536 5157 1725 5212 aquam
1754 5144 1977 5207 dederit,
2024 5145 2070 5199 si

502 5232 655 5301 longe
685 5232 961 5285 meliorem
1001 5230 1092 5284 tibi
1139 5231 1357 5293 dedero,
1390 5234 1514 5301 quid
1539 5234 1721 5288 dices?
1765 5234 1882 5288 Jam
1930 5236 2072 5302 prius

506 5339 639 5391 pene
665 5321 908 5377 confessa
939 5337 997 5377 es
1026 5338 1109 5375 me
1132 5322 1330 5377 Jacoho
1359 5324 1613 5392 majorem
1639 5339 1758 5379 esse
1779 5366 1795 5391 ,
1823 5341 1942 5379 cum
1971 5327 2075 5379 sci-

502 5415 743 5469 scitando
763 5414 965 5480 dixisti,
991 5412 1253 5481 Numquid
1281 5423 1334 5467 tu
1354 5416 1515 5483 major
1535 5431 1588 5468 es
1615 5424 1756 5482 patre
1780 5426 1948 5469 nostra
1974 5415 2073 5467 Ja-

502 5506 613 5571 cob,
641 5508 730 5576 qui
759 5506 1032 5560 meliorem
1058 5506 1332 5574 promittas
1356 5520 1544 5575 aquam
1568 5505 1591 5557 ἲ
1619 5507 1661 5558 si
1690 5506 1829 5558 illam
1854 5521 2075 5573 accepe-

507 5599 579 5650 ris
624 5612 835 5664 aquam,
891 5605 1015 5651 tunc
1069 5612 1156 5650 me
1204 5596 1356 5666 plane
1402 5595 1658 5664 majorem
1716 5596 2074 5650 conﬁteberis.

513 5686 692 5740 Videu‘
721 5687 960 5742 mulieris
999 5686 1255 5757 judicium
1298 5687 1414 5741 sine
1443 5687 1547 5740 ulla
1578 5696 1889 5755 acceptione
1913 5728 1928 5750 ,
1959 5703 2077 5755 qua:

506 5792 571 5833 ex
598 5774 754 5830 rebus
781 5776 908 5846 ipsis
936 5784 989 5832 et
1010 5776 1075 5833 de
1104 5776 1400 5847 patriarcha
1427 5776 1567 5833 etde
1587 5776 1796 5832 Christo
1821 5778 1922 5832 fert
1952 5793 2072 5833 sen-

2160 1018 2421 1072 tentiam?
2452 1019 2642 1074 Verum
2672 1038 2774 1075 non
2812 1025 2881 1079 ita
2915 1025 3083 1081 Jndzri
3118 1045 3132 1083 :
3163 1044 3283 1084 cum
3311 1032 3551 1089 viderent
3575 1037 3717 1091 enim

2155 1106 2301 1161 illum
2328 1110 2585 1165 daemonia
2608 1113 2929 1183 ejicientem,
2961 1118 3345 1175 daemoniacum
3370 1124 3537 1192 ipsum
3566 1144 3722 1180 voca-

2156 1196 2317 1265 bant,
2364 1202 2557 1254 nedmn
2605 1206 2901 1272 patriarcha
2942 1209 3194 1279 majorem
3243 1213 3499 1268 dicerent.
3534 1218 3721 1273 Mulier

2155 1304 2284 1343 vero
2308 1306 2411 1344 non
2441 1294 2539 1357 sic,
2562 1296 2653 1348 sed
2682 1296 2802 1351 inde
2824 1297 2925 1353 fert
2951 1302 3291 1367 sententiam,
3325 1306 3460 1361 unde
3476 1308 3719 1365 Christus

2155 1380 2393 1446 volebat;
2449 1397 2514 1437 ex
2569 1385 2680 1452 ipsa
2721 1403 2912 1456 nempe
2962 1405 3182 1457 Operam
3240 1395 3717 1456 demonstratione.

2154 1471 2284 1525 Nam
2314 1483 2368 1527 et
2398 1474 2510 1541 ipse
2532 1491 2739 1545 quoque
2781 1480 2903 1533 inde
2933 1481 3037 1535 fert
3068 1483 3322 1551 judicium
3350 1530 3365 1554 ,
3401 1489 3581 1545 dicens
3612 1508 3625 1544 :
3661 1493 3723 1547 Si

2155 1580 2254 1617 non
2278 1567 2412 1634 facio
2436 1584 2587 1636 opera
2619 1569 2785 1625 Patris
2808 1575 2925 1639 mei,
2953 1575 3108 1637 nolite
3128 1579 3250 1632 mihi
3272 1582 3472 1636 credere
3497 1601 3517 1637 :
3544 1584 3587 1637 si
3612 1601 3709 1637 au-

2157 1669 2255 1711 tem
2275 1662 2427 1729 facio,
2449 1662 2539 1716 etsi
2569 1664 2693 1716 milii
2718 1682 2816 1718 non
2837 1668 3057 1735 creditis,
3087 1673 3319 1739 operibus
3338 1675 3523 1729 credite
3542 1675 3721 1746 (Joan.

2156 1750 2241 1807 10.
2268 1754 2381 1824 57).
2401 1755 2487 1810 Sic
2516 1767 2570 1810 et
2598 1759 2787 1814 mulier
2813 1761 2879 1815 ad
2902 1762 3057 1817 fidem
3079 1764 3373 1822 adducitur.
3392 1769 3725 1841 Quapropter

2155 1861 2275 1898 cum
2305 1846 2542 1903 audisset
2568 1889 2581 1910 ,
2615 1849 2877 1921 Numquid
2902 1856 3067 1921 major
3093 1873 3143 1909 es
3165 1867 3306 1924 patre
3324 1870 3490 1912 nostro
3515 1859 3675 1914 Jacob
3698 1863 3726 1917 .’

2154 1936 2354 1990 omisso
2380 1936 2580 1992 Jacobo
2601 1980 2617 2003 ,
2646 1940 2712 1994 de
2739 1956 2873 2010 aqua
2916 1944 3147 2013 loquitur
3172 1945 3253 2000 bis
3280 1947 3456 2003 verbis
3481 1991 3496 2014 ,
3550 1950 3726 2003 Omnis

2154 2027 2239 2094 qui
2266 2028 2394 2081 bibet
2418 2041 2483 2081 ea:
2507 2030 2603 2083 hac
2626 2048 2777 2101 aqua,
2797 2034 2925 2088 sitiet
2952 2036 3151 2100 iterum,
3175 2047 3229 2093 et
3253 2042 3723 2109 comparationem,

2157 2116 2320 2171 missa
2359 2121 2716 2183 accusatione,
2753 2138 2820 2176 ex
2872 2126 3223 2192 praecellentia
3272 2127 3418 2183 facit.
3447 2130 3558 2185 Non
3601 2133 3730 2187 dit-it

2154 2207 2319 2271 enim,
2352 2208 2474 2263 llzec
2508 2226 2644 2280 aqua
2694 2212 2827 2267 nihil
2868 2223 2988 2280 est,
3019 2218 3302 2287 omniaque
3345 2220 3723 2288 despicienda;

2155 2299 2247 2353 scd
2276 2301 2403 2354 illud
2431 2302 2650 2370 profert,
2685 2305 2826 2373 quod
2854 2308 2964 2374 ipsa
2998 2318 3186 2364 natura
3228 2320 3449 2365 testatur
3490 2331 3502 2364 :
3553 2314 3729 2367 Omnis

2156 2392 2243 2457 qui
2271 2390 2390 2444 bibit
2418 2408 2483 2447 ex
2515 2393 2608 2446 hac
2631 2411 2764 2463 aqua
2788 2437 2803 2460 ,
2840 2398 2971 2450 sitiet
3014 2399 3231 2465 iterum;
3258 2405 3340 2471 qui
3364 2414 3527 2457 autem
3556 2404 3730 2459 biberit

2156 2497 2219 2535 ea:
2238 2499 2367 2551 aqua
2382 2525 2396 2546 ,
2430 2500 2579 2552 quam
2600 2502 2691 2555 ego
2712 2486 2841 2540 dabo
2861 2488 2927 2551 ei,
2950 2505 3050 2542 non
3081 2491 3211 2545 sitiet
3240 2493 3291 2544 in
3315 2503 3576 2548 wternum.
3609 2494 3726 2549 Jam

2157 2574 2399 2627 audierat
2420 2590 2609 2643 aquam
2638 2577 2808 2630 vivam
2837 2579 3062 2645 mulier,
3095 2582 3187 2635 sed
3230 2598 3331 2635 non
3376 2583 3727 2639 intellexerat.

2158 2664 2291 2732 Quia
2313 2667 2455 2721 enim
2484 2684 2618 2737 aqua
2661 2669 2779 2723 viva
2826 2669 3039 2737 dzeitur,
3090 2688 3209 2741 quae
3261 2675 3509 2741 perennis
3554 2688 3635 2730 est
3677 2688 3730 2729 et

2159 2772 2370 2827 semper
2394 2760 2638 2823 scaturit,
2667 2774 2770 2814 non
2805 2762 3023 2829 prtecisa
3066 2763 3406 2831 scaturigine,
3435 2766 3502 2820 de
3529 2766 3624 2819 hac
3648 2768 3729 2818 in-

2159 2849 2500 2917 telligendum
2522 2851 2710 2905 mulier
2733 2854 2966 2922 putabat.
2996 2854 3117 2908 Ideo
3159 2857 3356 2910 clarius
3391 2857 3440 2910 id
3483 2858 3556 2911 illi
3583 2858 3614 2911 d
3640 2860 3733 2911 in-

2163 2955 2288 3009 teps
2331 2943 2533 3009 aperit,
2560 2952 2616 2997 et
2658 2960 2725 2998 ex
2762 2949 3161 3015 comparatione
3205 2948 3319 3016 ejus
3360 2952 3729 3004 excellentiam

2160 3030 2532 3087 demonstrans
2561 3034 2630 3087 ita
2664 3037 2871 3103 pergit:
2904 3037 3004 3103 Qui
3028 3037 3444 3105 biberitexaqua,
3468 3057 3617 3109 quam
3641 3060 3732 3111 ego

2159 3124 2290 3176 dabo
2313 3125 2378 3190 ei,
2407 3142 2509 3178 non
2533 3126 2666 3179 sitiet
2686 3128 2737 3179 in
2763 3137 3045 3193 (etet-num;
3074 3131 3170 3196 sic,
3201 3138 3257 3183 ut
3282 3132 3411 3194 dixi,
3458 3133 3733 3186 excellen-

2163 3216 2288 3268 tiam
2338 3215 2661 3280 ostendens,
2715 3232 2923 3272 necnon
2970 3234 3036 3273 ex
3082 3221 3426 3288 sequentibus
3478 3238 3492 3273 :
3542 3222 3730 3275 hormn

2160 3306 2355 3373 quippe
2380 3304 2509 3359 nihil
2539 3306 2696 3361 habet
2724 3308 2956 3377 vulgaris
2979 3322 3133 3377 aqua.
3160 3310 3294 3376 Quid
3326 3325 3450 3364 vero
3471 3312 3733 3379 sequitur?

2163 3397 2277 3450 ("iet
2303 3400 2355 3451 in
2383 3414 2440 3451 eo
2469 3399 2582 3467 fons
2610 3415 2752 3468 aqua'
2775 3400 2998 3455 salientis
3021 3402 3073 3455 in
3104 3403 3257 3455 vitam
3284 3412 3543 3457 aeternam.
3586 3403 3737 3457 Sicut

2164 3489 2303 3542 enim
2326 3490 2413 3559 qui
2442 3491 2640 3544 fontem
2692 3492 2829 3545 intus
2869 3492 3063 3555 habet,
3112 3508 3398 3562 numquam
3440 3494 3583 3549 sitiet
3612 3514 3626 3548 :
3655 3495 3736 3549 sic

2164 3595 2263 3633 nec
2291 3581 2380 3634 ille
2404 3582 2493 3651 qui
2524 3582 2659 3636 hanc
2703 3598 2892 3652 aquam
2922 3583 3182 3638 habuerit.
3214 3586 3509 3655 Statimque
3544 3588 3736 3641 tnulicr

2165 3672 2410 3737 credidit,
2454 3674 2621 3726 multo
2648 3675 2940 3742 sapientior
2982 3675 3300 3740 Nicodemo;
3343 3694 3438 3732 nec
3467 3678 3622 3732 modo
3642 3694 3734 3732 sa-

2174 3764 2421 3832 pientior,
2455 3764 2548 3818 sed
2579 3773 2633 3819 et
2677 3766 2883 3820 fortior.
2926 3766 3017 3821 Ille
3047 3785 3275 3838 namque
3314 3770 3498 3824 multis
3540 3771 3736 3825 auditis

2172 3856 2495 3925 hnjusmodi,
2536 3875 2634 3912 nec
2676 3859 2837 3913 alium
2883 3860 3182 3928 quempiam
3224 3861 3516 3923 advocavit,
3563 3878 3737 3930 neque

2169 3947 2282 4015 ipse
2314 3947 2557 4003 tidnciam
2585 3949 2768 4004 habuit
2798 3966 2811 4002 :
2844 3950 2963 4006 inec
3006 3966 3136 4006 vero
3171 3952 3463 4020 apostolico
3504 3953 3739 4020 fungitur

2166 4040 2364 4105 officio,
2387 4042 2631 4095 omnibus
2657 4043 2975 4097 annuntians
3000 4082 3014 4103 ,
3052 4058 3239 4098 omnes
3268 4042 3334 4097 ad
3365 4044 3541 4098 .lesum
3569 4045 3737 4097 advo-

2166 4146 2316 4196 cans,
2347 4141 2613 4199 totamque
2662 4134 2929 4187 civitatem
2956 4133 3022 4187 ad
3065 4134 3216 4187 illum
3261 4134 3593 4203 pertrahens.
3642 4133 3739 4187 Ille

2167 4222 2346 4276 audito
2367 4221 2594 4285 Christo,
2615 4224 2765 4288 dixit,
2796 4223 3058 4288 Quomodo
3078 4235 3283 4295 possunt
3300 4226 3406 4278 haec
3427 4225 3537 4291 ﬁeri
3559 4222 3736 4293 (Jomi.

2169 4315 2222 4368 3.
2254 4314 2348 4383 9)?
2377 4330 2439 4369 ae
2467 4330 2586 4368 cum
2625 4314 2868 4369 Christus
2900 4316 3100 4369 clarmn
3131 4317 3433 4383 exemplum
3465 4316 3612 4369 venti
3655 4326 3739 4367 at-

2170 4406 2415 4470 tulisset,
2442 4422 2611 4477 neque
2642 4408 2711 4460 ita
2750 4422 3051 4461 sermonem
3098 4408 3329 4461 admisit.
3362 4407 3525 4463 Secus
3559 4419 3738 4460 autem

2173 4499 2363 4551 mulier
2389 4517 2402 4552 :
2429 4498 2521 4552 scd
2563 4502 2735 4567 primo
2764 4498 3059 4564 dubitabat,
3088 4499 3280 4553 deinde
3306 4514 3431 4553 vero
3458 4492 3561 4552 non
3597 4507 3739 4550 tanta

2171 4590 2404 4642 adhibita
2443 4590 2670 4654 cautela,
2712 4589 2805 4643 sed
2852 4590 3000 4658 quasi
3051 4589 3208 4643 latam
3248 4590 3567 4644 sententiam
3597 4587 3741 4641 dicta

2172 4681 2463 4750 excipiens,
2493 4681 2559 4734 ad
2591 4696 2702 4735 rem
2750 4681 3111 4749 accipiendam
3157 4663 3355 4735 statim.
3381 4682 3566 4735 fertur.
3607 4679 3740 4745 Qui;-

2173 4773 2313 4827 enim
2340 4772 2494 4827 Jesus
2534 4772 2756 4835 dixerat,
2791 4771 2905 4825 Fiet
2924 4774 2977 4825 in
3006 4790 3063 4826 eo
3106 4773 3219 4842 fons
3264 4788 3408 4842 aqua
3439 4773 3661 4826 salientis
3691 4773 3745 4822 in

2173 4862 2327 4914 vitam
2354 4872 2626 4924 wternant;
2658 4862 2836 4915 statim
2867 4863 2941 4915 ait
2968 4861 3177 4925 mulier,
3213 4861 3298 4915 15.
3333 4860 3417 4914 Da
3446 4863 3569 4914 milii
3613 4862 3745 4914 hanc

2173 4970 2377 5024 aquam,
2405 4963 2458 5005 ut
2485 4969 2583 5005 non
2608 4954 2799 5019 sitiam,
2827 4969 2983 5022 neque
3011 4954 3204 5007 veniam
3226 4954 3323 5005 huc
3343 4952 3564 5005 haurire.

2244 5043 2299 5097 2..
2345 5043 2527 5098 Viden‘
2553 5043 2818 5112 quomodo
2848 5045 3095 5111 paulatim
3124 5044 3189 5096 ad
3206 5043 3508 5110 dogmatum
3534 5042 3745 5099 culmen

2176 5135 2507 5190 deducatur?
2563 5134 2739 5188 Primo
2814 5134 3015 5203 putavit
3081 5135 3228 5189 illum
3296 5144 3745 5202 transgressorem

2176 5227 2478 5296 quempiam
2504 5224 2744 5279 Judaeum
2767 5240 2918 5289 esse;
2947 5225 3141 5280 deinde
3186 5226 3307 5294 quia
3349 5227 3483 5279 hanc
3512 5225 3602 5279 ille
3637 5226 3747 5280 cri-

2180 5319 2522 5374 minationem
2545 5318 2749 5386 depulit
2772 5318 2898 5387 (non
2929 5318 3152 5372 decebat
3170 5320 3311 5372 enim
3339 5334 3459 5372 eum
3489 5320 3574 5386 qui
3604 5319 3747 5371 illam

2180 5409 2465 5464 edocturus
2489 5417 2622 5470 erat,
2642 5419 2944 5477 suspectum
2969 5410 3132 5477 esse).
3157 5424 3275 5461 cum
3300 5410 3534 5461 audisset
3555 5424 3747 5477 aquam

2180 5500 2376 5564 vivam,
2403 5500 2602 5567 putavit
2621 5498 2688 5552 de
2713 5498 2897 5551 sensili
2930 5514 3062 5567 aqua
3098 5500 3197 5552 hoc
3224 5499 3349 5552 dici.
3375 5500 3596 5553 Demum
3625 5515 3747 5551 cum

2182 5590 2417 5646 audisset
2439 5606 2500 5644 ea
2528 5605 2645 5659 qua:
2671 5590 3001 5651 dicebantur.
3027 5605 3148 5643 esse
3167 5591 3486 5658 spiritualia,
3525 5590 3750 5644 credidit
3846 5654 3853 5663 ⁸

2185 5684 2397 5754 quidem
2427 5698 2581 5753 posse
2607 5683 2749 5736 illam
2772 5697 2961 5751 aquam
2992 5683 3193 5753 pellere
3232 5684 3403 5748 sitim,
3456 5699 3551 5738 nec
3574 5693 3750 5735 tamen

2187 5776 2311 5847 quid
2336 5776 2422 5831 illa
2439 5784 2580 5831 esset
2608 5773 2830 5840 sciebat,
2862 5773 2955 5828 sed
2985 5773 3156 5829 adhuc
3184 5773 3460 5829 dubitabat
3488 5790 3501 5824 :
3541 5774 3754 5841 putabat
