4100 6364
431 390 537 449 185

427 509 576 559 ἐστιν
600 502 740 576 ᾔδει,
785 506 900 560 ἀλλ’
930 503 1018 558 έτι·
1048 503 1322 575 διηπόρει,
1351 503 1610 575 ἀνωτέρω
1653 503 1751 574 μὲν
1778 503 1888 556 τῶν
1924 503 2012 557 αξ-

431 596 641 667 σθητῶν
671 589 809 646 εἶναι
827 589 1225 662 νομίζουσα,τὸ
1251 589 1309 642 δὲ
1336 588 1505 657 σαφὲς
1528 590 1627 641 οὑκ
1655 588 2011 660 ἐπισταμένη.

442 676 705 733 Ἐνταῦθα
728 676 785 729 δὲ
811 672 1200 745 ἀκριϐέστερον
1227 672 1328 742 μὲν
1352 672 1708 740 διαϐλέψασα,
1728 673 1790 724 οὑ
1824 672 1929 742 μὴν
1955 672 2016 723 τὸ

428 766 538 818 πᾶν
572 757 867 816 κατιδοῦσα
900 755 1033 828 (Δὸς
1065 757 1174 826 γάρ
1200 774 1324 825 μοι,
1361 754 1515 824 φησὶ.
1545 755 1722 809 τοῦτο
1745 756 1809 808 τὸ
1835 755 2013 823 ὕδωρ,

427 849 529 901 ἵνα
550 845 636 915 μὴ
670 841 846 911 διψῶ,
863 840 1020 910 μηδὲ
1041 841 1300 908 ἐρχωμαι
1323 839 1539 893 ἐνθάδε
1566 838 1854 909 ἀντλεῖν),
1879 840 2018 903 τέως

428 928 799 1001 προετίμησεν
838 924 999 977 αὑτὸν
1030 922 1124 975 τοῦ
1155 920 1368 975 Ἰακώϐ.
1416 922 1489 976 Οὑ
1521 922 1713 991 δέομαι
1747 922 1856 994 γὰρ
1884 921 2015 974 ταύο

425 1031 527 1083 της
551 1011 651 1082 τῆς
681 1008 887 1078 πηγῆς,
920 1006 1013 1060 ἐὰν
1050 1005 1203 1058 λάϐω
1233 1005 1386 1074 παρά
1426 1004 1520 1058 σοῦ
1553 1005 1613 1059 τὸ
1642 1005 1786 1078 ὕδωρ
1816 1006 2011 1058 ἐκεῖνο.

438 1097 601 1167 Ὀρᾷς
634 1092 752 1157 πῶς
780 1090 944 1145 αὑτὸν
981 1088 1273 1160 προτίθησι
1297 1087 1391 1140 τοῦ
1428 1089 1811 1159 πατριάρχου;
1844 1089 2017 1141 Τοῦτο

424 1178 602 1248 ψυχῆς
653 1173 1018 1245 εὐγνώμονος.
1059 1172 1302 1237 Ἔδειξεν
1357 1170 1549 1241 ἡλίκην
1589 1167 1701 1241 εἶχε
1742 1171 1870 1242 περὶ
1918 1170 2014 1224 τοῦ

438 1260 634 1315 Ἰακὼϐ
667 1259 824 1324 δόξαν
848 1277 860 1288 ·
890 1253 999 1310 εἶδε
1040 1255 1132 1309 τὸν
1166 1255 1435 1325 βελτίονα,
1476 1257 1571 1308 καὶ
1610 1257 1671 1309 οὑ
1711 1255 2012 1327 κατεσχέθη

424 1350 492 1418 τῇ
522 1346 808 1417 προλήψει,
830 1341 967 1395 Οὔτε
989 1337 1081 1394 οὖν
1103 1340 1324 1405 εὔκολος
1348 1342 1380 1412 ἡ
1402 1340 1542 1412 γυνὴ
1589 1340 1672 1409 (οὑ
1694 1340 1804 1411 γάρ
1828 1340 2015 1404 ἁπλῶς

426 1430 749 1495 κατεδέξατο
767 1425 919 1498 [186]
935 1425 1004 1478 τὰ
1023 1424 1312 1495 λεγόμενα·
1337 1424 1452 1486 πῶς
1475 1423 1584 1493 γὰρ
1606 1425 1640 1493 ἡ
1669 1424 1806 1493 μετά
1818 1422 1984 1477 τοσαύ
1997 1451 2016 1464 ο

422 1532 523 1586 της
552 1511 838 1584 ἀκριϐείας
867 1507 1220 1580 ἐκζητήσασα
1248 1507 1353 1575 ας),
1380 1507 1507 1560 οὑτε
1540 1507 1772 1578 ἀπειθὴς
1799 1508 1892 1561 καὶ
1925 1526 2015 1577 φι-

423 1598 683 1660 λόνεικος.
707 1597 819 1649 Καὶ
843 1593 1002 1647 τοῦτο
1033 1590 1232 1657 ἔδειξεν
1258 1592 1367 1644 ἀπὸ
1395 1591 1495 1662 τῆς
1511 1592 1800 1661 αἰτήσεως.
1824 1590 2014 1644 Καίτοι

425 1682 520 1735 καὶ
554 1679 828 1741 Ἰουδαίοις
853 1672 974 1730 εἶπέ
1009 1692 1139 1727 ποτε
1158 1691 1172 1705 ·
1204 1675 1310 1740 Ὃς
1335 1673 1413 1727 ἂν
1446 1673 1607 1743 φάγῃ
1636 1673 1705 1727 ἐκ
1731 1671 1841 1741 τῆς
1869 1688 2015 1741 σαρ-

422 1766 530 1831 κός
550 1782 689 1834 μου,
710 1764 782 1816 οὺ
809 1760 895 1829 μὴ
928 1756 1203 1814 πεινάσει
1224 1774 1238 1786 ·
1267 1758 1365 1810 καὶ
1398 1759 1430 1810 ὀ
1462 1758 1764 1810 πιστεύων
1784 1757 1871 1823 εὶς
1885 1755 2011 1825 ἐμὲ,

422 1850 496 1902 οὐ
520 1846 607 1918 μὴ
633 1844 879 1913 διψήσει
902 1842 1159 1896 πώποτε.
1190 1840 1331 1893 Ἀλλ’
1356 1840 1417 1892 οὑ
1447 1838 1608 1911 μόνον
1631 1840 1730 1892 οὑκ
1756 1839 2013 1892 ἐπίστευε

426 1949 557 1994 σαν,
606 1929 743 1983 ἀλλὰ
802 1927 896 1980 καὶ⁸
940 1922 1455 1992 ἐσκανδαλίσθησαν.
1494 1922 1559 1975 Ἦ
1592 1921 1817 1992 γυνὴδέ
1861 1921 2013 1976 οὑδέν

421 2012 663 2081 τοιοῦτον
690 2009 915 2073 έπαθεν,
941 2007 1078 2062 ἀλλά
1106 2008 1199 2061 καὶ
1228 2007 1537 2077 παραμένει
1566 2006 1660 2058 καὶ
1689 2007 1847 2060 αίτεῖ.
1882 2008 2013 2059 Ἰου-

422 2096 591 2159 δαίοις
632 2095 732 2166 μὲν
765 2090 857 2146 οὖν
888 2092 1095 2160 ἔλεγεν,
1131 2091 1185 2142 Ὁ
1218 2090 1524 2143 πιστεύων
1550 2090 1638 2153 εἰς
1664 2088 1791 2157 ἐμὲ,
1826 2090 1899 2144 οὐ
1922 2087 2010 2160 μὴ

422 2180 697 2251 διψήσει·
726 2180 794 2249 τῇ
832 2177 887 2230 δὲ
934 2176 1155 2245 γυναικὶ
1191 2175 1290 2244 οὑχ
1332 2172 1509 2236 οὑτως
1534 2213 1549 2237 ,
1589 2172 1727 2226 ἀλλά
1775 2173 2013 2243 παχύτε-

425 2283 542 2336 ρον,
572 2265 636 2319 '0
668 2264 861 2317 πίνων
893 2262 961 2315 ἐκ
1008 2260 1117 2316 τοῦ
1145 2259 1367 2326 ὕδατος
1408 2259 1660 2324 τούτου,
1694 2260 1766 2313 οὐ
1799 2258 1886 2328 μὴ
1922 2258 2010 2312 δι-

421 2349 633 2420 ψήσει.
684 2344 1014 2415 Ἐπαγγελία
1062 2344 1171 2416 7&9
1217 2339 1285 2415 ἦν
1322 2342 1733 2414 πνευματικῶν,
1790 2344 1885 2397 καὶ
1913 2344 2013 2415 οὑχ

420 2432 716 2505 ὁρωμένων
746 2428 1152 2500 πραγμάτωνι).
1178 2426 1279 2480 Διά
1302 2425 1462 2480 τοῦτο
1490 2428 1707 2497 ἐπάρας·
1724 2425 1894 2497 αὑτῆς
1921 2426 2012 2480 τὸν

423 2516 550 2571 νοῦν
577 2517 697 2579 ταῖς
721 2512 1101 2583 ὑποσχέσεσιν,
1130 2510 1213 2564 ἔτι
1245 2512 1360 2573 τοῖς
1380 2509 1661 2581 αἰσθητοῖς
1690 2509 2011 2581 ἐνδιατρίϐει

426 2601 657 2673 ῥήμασι,
682 2597 773 2652 διὰ
790 2597 850 2650 τὸ
884 2595 1113 2666 μηδέπω
1144 2593 1405 2648 δύνασθαι
1428 2594 1678 2665 χωρῆσαι
1706 2593 1815 2645 τῶν
1849 2610 2012 2645 πνευ-

426 2682 673 2755 ματικῶν
718 2680 818 2753 τὴν
856 2678 1165 2751 ἀκρίϐειαν.
1194 2678 1258 2731 Εί
1298 2678 1404 2750 7&9
1444 2673 1618 2743 εἶπεν,
1649 2677 1730 2730 ὅτι
1772 2676 1897 2729 Ἐἀν
1922 2693 2013 2729 πι-

424 2767 657 2840 στεύσῃς
684 2766 763 2828 είς
810 2764 944 2835 ἐμὲ,
982 2763 1044 2815 οὑ
1091 2761 1167 2834 μὴ
1197 2760 1465 2831 διψήσεις,
1500 2760 1600 2814 οὑκ
1632 2760 1698 2813 ἂν
1731 2760 1919 2830 ἐνόησε
1951 2760 2012 2813 τὸ

421 2850 731 2921 είρημένον,
759 2848 860 2900 οὑκ
890 2845 1061 2899 εἰδυῖα
1090 2845 1175 2908 τίς
1203 2844 1337 2898 ποτέ
1368 2846 1516 2898 ἐστιν
1554 2845 1582 2897 6
1607 2843 2008 2914 διαλεγόμενος,

421 2934 545 2989 οὑδέ
578 2933 706 3004 περὶ
732 2933 886 2984 ποίου
917 2930 1105 2998 δίψους
1127 2928 1333 2996 ἔλεγεν.
1360 2928 1521 2991 Τίνος
1552 2922 1645 2980 οῦν
1668 2927 1856 2980 ἕνεκεν
1890 2927 2012 2996 οὐχὶ

423 3018 518 3071 καὶ
546 3016 640 3070 ἐπὶ
687 3014 955 3069 Ἰουδαίων
1000 3011 1161 3066 τοῦτο
1192 3012 1480 3081 ἐποίησενς
1520 3011 1645 3064 Ὀτι
1674 3012 1872 3065 ἐκεῖνοι
1910 3011 2011 3081 μὲν

422 3099 596 3154 πολλά
628 3102 828 3169 σημεῖα
861 3097 1168 3168 ἑωρακότες
1198 3092 1340 3166 ἦσαν
1362 3112 1377 3125 ·
1407 3094 1546 3165 αῦτη
1568 3095 1625 3148 δὲ
1655 3096 1880 3166 σημεῖον
1913 3095 2012 3165 μὲν

423 3177 563 3238 εἶδεν
602 3181 777 3246 οὐδὲν,
811 3180 920 3235 τῶν
979 3179 1037 3232 δὲ
1087 3179 1349 3250 ῥημάτων
1383 3178 1584 3247 ἤκουσε
1630 3177 1870 3249 πρῶτον.
1913 3178 2012 3233 Διά

421 3266 581 3323 τοῦτο
611 3266 796 3321 λοιπὸν
829 3264 919 3320 διὰ
942 3262 1281 3335 προφητείας
1317 3261 1694 3316 ἀποκαλύπτει
1728 3261 1826 3333 τὴν
1855 3261 2012 3317 δύνα-

426 3369 519 3422 μιν
544 3351 640 3422 τήν
664 3350 878 3413 ἑαυτοῦ,
906 3348 1002 3402 καὶ
1024 3348 1126 3401 οὑκ
1163 3346 1365 3410 εὑθέως
1393 3346 1593 3413 ἐπάγει
1628 3344 1720 3398 τὸν
1751 3345 1973 3416 ἔλεγχον
1994 3362 2007 3377 ·

421 3435 559 3490 ἀλλὰ
588 3434 640 3486 τί
674 3450 876 3505 φησιν;
902 3433 1157 3502 "limare,
1196 3429 1487 3502 φώνησόν
1513 3446 1631 3484 σου
1661 3429 1768 3483 τὸν
1800 3430 2010 3499 ἄνδρα,

422 3519 523 3573 καὶ
548 3517 690 3573 ἐλθὲ
715 3511 851 3570 ὦδε.
887 3516 955 3569 Ἠ
981 3514 1040 3568 δέ
1072 3531 1237 3585 φησιν
1258 3530 1271 3543 ·
1305 3514 1428 3567 Οὐκ
1458 3510 1576 3581 ἔχω
1603 3510 1814 3580 ἄνδρα.
1842 3512 2013 3581 Λέγει

420 3602 576 3670 αὐτῇ
594 3605 625 3656 ό
656 3600 915 3669 Ἰησοῦς·
938 3596 1149 3664 Καλῶς
1176 3594 1363 3663 εἶπες,
1387 3596 1477 3650 ὅτι
1494 3594 1718 3664 Ἄνδρα
1737 3597 1848 3650 οὐκ
1870 3598 2009 3666 ἐχω·

423 3686 602 3741 πέντε
636 3686 748 3753 γὰρ
776 3682 1000 3751 ἄνδρας
1038 3680 1243 3752 ἔσχες,
1286 3680 1385 3734 καὶ
1412 3680 1529 3734 νῦν
1561 3679 1634 3733 ὃν
1677 3679 1859 3749 ἔχεις,
1902 3683 2013 3734 οὐκ

421 3770 555 3823 ἐστι
611 3782 728 3821 σου
780 3765 955 3834 ἀνήρ.
1010 3765 1192 3822 Τοῦτο
1243 3762 1468 3831 ἀληθὲς
1524 3764 1791 3832 εἴρηκας.
1841 3764 2013 3832 Λέγει

421 3850 581 3917 αὐτῷ
606 3853 643 3918 ἡ
679 3852 856 3921 γυνὴ,
897 3851 1098 3919 Κύριε,
1126 3846 1320 3917 θεωρῶ
1351 3848 1441 3900 ὅτι
1483 3847 1797 3917 προφήτης
1822 3844 1882 3902 εἴ
1905 3850 2009 3905 σύ.

492 3935 685 3996 Βαϐαῖ,
705 3934 848 4003 πόση
869 3934 969 4003 τῆς
988 3931 1248 4002 γυναικὸς
1271 3932 1304 4001 ἡ
1332 3929 1648 4001 φιλοσοφίαι
1682 3930 1797 3996 πῶς
1825 3931 2015 4002 πράως

421 4019 512 4072 τὸν
548 4018 768 4089 ἔλεγχον
832 4017 1077 4087 δέχεταιί
1109 4015 1236 4079 Πῶς
1274 4017 1384 4086 γὰρ
1420 4015 1521 4068 οὑκ
1570 4014 1797 4085 ἔμελλε,
1846 4016 2010 4087 φησί;

423 4103 597 4167 Διατί,
623 4101 745 4156 εἰπέ
777 4118 893 4172 μοι·
927 4101 1046 4170 οὑχὶ
1071 4098 1168 4152 καὶ
1197 4098 1483 4161 Ἰουδαίους
1512 4098 1704 4168 ἤλεγξε
1730 4097 2010 4166 πολλάκις,

422 4189 517 4243 καὶ
543 4186 733 4240 τούτου
761 4185 1015 4255 μείζονα;
1052 4182 1127 4237 Οὐ
1150 4183 1260 4253 γάρ
1295 4182 1442 4235 ἐστιν
1470 4182 1583 4235 ἴσον
1606 4182 1675 4236 τὰ
1717 4184 1775 4236 ἐν
1804 4182 2014 4254 διανοίᾳ

421 4272 710 4343 ἀπόρρητα
738 4271 818 4332 εἰς
857 4268 1020 4339 μέσον
1048 4267 1302 4336 ἀγαγεῖν,
1333 4266 1428 4320 καὶ
1458 4267 1691 4336 πρᾶγμα
1728 4267 2013 4337 γινόμενον

422 4354 598 4426 λάθρᾳ
621 4353 918 4423 κατάδηλον
950 4353 1144 4407 ποιεῖν.
1160 4350 1235 4404 Τὸ
1257 4349 1357 4420 μὲν
1385 4347 1494 4420 7&9
1516 4349 1650 4404 Θεοῦ
1685 4350 1845 4420 μόνον
1871 4352 2010 4416 ἐστὶ,

422 4441 518 4495 καὶ
547 4439 719 4502 οὐδεὶς
746 4437 932 4509 ἐτερος
953 4433 1114 4497 οἶδεν,
1134 4436 1183 4488 εί
1212 4436 1288 4506 μὴ
1313 4434 1342 4489 6
1368 4435 1426 4489 ἐν
1452 4434 1661 4506 διανοίᾳ
1686 4446 1709 4473 ο
1742 4435 1880 4505 ἔχων
1900 4452 1913 4465 ·
1946 4435 2014 4490 τά

420 4524 579 4591 61,01
611 4520 993 4583 κοινωνοῦντες
1040 4519 1364 4573 ἐπίστανται
1389 4518 1645 4582 ἅπαντες.
1686 4519 1824 4573 Ἀλλ’
1864 4519 2014 4589 ὅμως

423 4606 769 4676 ἐλεγχθέντες
794 4604 857 4659 οὑ
901 4605 1125 4675 φέρουσι
1148 4602 1337 4671 πράως
1358 4618 1373 4633 ·
1407 4600 1523 4655 ἀλλ’
1551 4601 1815 4665 εἰπόντος,
1852 4605 1913 4657 Τί
1936 4620 2013 4672 με

422 4690 644 4758 ζητεῖτε
673 4688 1052 4750 ἁποκτεῖναι;
1081 4686 1140 4739 οὑ
1176 4685 1336 4757 μόνον
1373 4685 1435 4738 οὑ
1476 4684 1845 4755 θαυμάζουσιν
1873 4685 1948 4749 ὼς
1977 4687 2011 4758 ή

423 4772 581 4844 γυνὴ,
617 4772 754 4827 ἀλλὰ
789 4771 884 4824 καὶ
913 4768 1259 4840 λοιδοροῦσιά
1288 4768 1381 4822 καὶ
1412 4764 1713 4839 ὑϐρίζουσι.
1732 4768 1923 4821 Καίτοι
1949 4786 2012 4835 γε

424 4862 621 4915 ἐκεῖνοι
653 4857 752 4928 μὲν
786 4858 877 4909 καὶ
898 4856 1004 4910 ἀπὸ
1027 4854 1199 4909 ἄλλων
1233 4851 1474 4925 σημείων
1494 4848 1640 4922 εἶχον
1667 4851 1766 4923 τὴν
1795 4851 2015 4905 ἀπόδει-

425 4942 527 5009 ξιν,
562 4939 703 5011 αῦτη
738 4939 793 4991 δὲ
822 4937 978 4992 τοῦτο
1008 4938 1167 5008 μόνον
1200 4932 1268 5006 ἦν
1298 4937 1602 5006 ἀκηκουῖα·
1633 4933 1746 4988 ἀλλ’
1777 4935 1924 5005 ὅμως
1950 4935 2012 4987 οὑ

427 5027 585 5098 μόνον
602 5024 702 5077 οὑκ
724 5021 1059 5092 ἐθαύμασαν,
1079 5020 1213 5074 ἀλλά
1239 5021 1331 5073 καὶ
1348 5018 1578 5091 ὕϐρισαν
1600 5019 1870 5087 λέγοντες,
1890 5023 2014 5072 Δαι-

418 5112 634 5180 μόνιον
657 5107 836 5176 ἔχεις,
871 5106 965 5170 τίς
989 5119 1062 5158 σε
1097 5100 1255 5173 ζητεῖ
1285 5101 1661 5164 ἀποκτεῖναι;
1686 5103 1836 5170 Αὕτη
1861 5102 1918 5155 δὲ
1948 5103 2010 5156 οὑ

426 5196 587 5265 μόνον
610 5192 710 5263 οὑχ
734 5189 967 5260 ὑϐρίζει,
1004 5186 1140 5241 ἀλλά
1171 5186 1263 5239 καὶ
1288 5184 1559 5256 θαυμάζει
1589 5186 1685 5239 καὶ
1714 5186 2013 5255 ἐκπλήττε-

423 5296 535 5340 ται,
562 5276 657 5330 καὶ
686 5275 975 5345 προφήτην
1002 5266 1139 5325 εἶναι
1166 5270 1414 5323 ὑπονοεῖ·
1444 5269 1622 5323 καίτοι
1656 5269 1915 5340 μειζόνως
1947 5269 2013 5321 ἂν

423 5363 450 5413 ό
483 5360 703 5428 ἔλεγχος
732 5350 885 5417 οὗτος
912 5354 1008 5423 τῆς
1036 5353 1290 5421 γυναικὸς
1311 5352 1508 5421 ἥψατο,
1544 5352 1577 5424 ἢ
1618 5353 1840 5405 ἐκείνων
1874 5353 2016 5404 ἐκεῖ·

425 5461 535 5506 νος.
577 5440 751 5495 Τοῦτο
793 5439 891 5510 μὲν
937 5437 1049 5507 7&9
1098 5436 1302 5505 ταύτης
1354 5436 1521 5507 μόνης
1563 5436 1868 5507 ἁμάρτημα
1911 5431 2012 5506 ἦν,

427 5528 604 5579 ἐκεῖνο
626 5525 684 5578 δὲ
716 5522 913 5578 κοινόν.
936 5522 1050 5592 Οὑχ
1074 5518 1216 5573 οὑτω
1235 5519 1291 5571 δὲ
1318 5520 1411 5573 ἐπὶ
1436 5521 1547 5581 τοῖς
1568 5522 1787 5582 κοινοῖς,
1812 5519 1883 5581 ὡς
1922 5521 2014 5572 ἐπὶ

426 5613 537 5671 τοῖς
579 5607 729 5671 ἰδίοις
770 5606 1099 5676 δακνόμεθα.
1133 5604 1390 5657 Κάκεῖνοι
1445 5603 1543 5673 μὲν
1577 5602 1719 5670 μέγα
1758 5600 1925 5672 ᾤοντό
1963 5618 2015 5652 τι

429 5690 750 5760 κατορθοῦν,
781 5690 845 5742 ἂν
876 5690 966 5742 τὸν
995 5686 1228 5758 Χριστὸν
1250 5686 1477 5739 ἀνέλωσι
1496 5701 1509 5716 ·
1541 5685 1601 5737 τὸ
1624 5685 1681 5737 δὲ
1708 5688 1804 5756 τῆς
1826 5701 2014 5752 γυναι-

431 5779 524 5843 κὸς
551 5777 869 5847 ὡμολόγητο
906 5780 1055 5847 παρά
1076 5778 1211 5829 πᾶσι
1240 5777 1473 5843 πονηρὸν
1511 5771 1651 5827 εἶναι
1677 5791 1689 5804 ’
1723 5774 1837 5827 ἀλλ’
1866 5773 2016 5841 ὅμως
2052 5776 2054 5778 ’

428 5864 530 5916 οὐκ
562 5860 917 5932 ἐδυσχέρανεν
950 5862 984 5930 η
1006 5860 1163 5929 γυνὴ,
1194 5859 1309 5912 ἀλλ’
1340 5857 1613 5927 ἐξεπλάγη
1649 5858 1744 5910 καὶ
1774 5856 2015 5925 ἐθαύμα-

491 6010 518 6039 ⁴¹
554 6007 649 6057 Alii
679 6006 947 6069 προθυμίας
962 6005 1241 6069 ἐκζητοῦσα.
1277 6002 1473 6069 ἰι-,Αιὶίί
1506 6004 1592 6069 οὑχ
1632 6005 1902 6069 ὁξςιισμένων
1940 6019 2016 6064 πρ.

430 6072 455 6102 ⁸
483 6071 632 6120 Savil.
656 6064 797 6128 οἶδεν,
878 6071 904 6115 ὁ
932 6068 978 6115 ἐν
1001 6068 1199 6129 διανοίᾳ.
1265 6064 1290 6103 (1
1319 6065 1415 6116 Alii
1457 6065 1797 6128 λοιδοροῦιιται,

1201 389 1261 446 S.
1299 387 1588 446 JOANNIS
1625 386 2113 445 CIIRYSOSTOMI
2151 389 2471 447 ABCIIIEP.
2515 385 3067 448 CONSTANTINOF.

3598 393 3700 447 186

2119 500 2231 566 ξεν.
2250 505 2363 559 Καὶ
2384 505 2479 560 ἐπὶ
2507 505 2600 559 τοῦ
2623 505 2915 576 Ναθαναὴλ
2944 505 3002 557 δέ
3027 504 3088 559 τδ
3110 504 3243 558 αὑτὸ
3264 503 3421 560 τοῦτο
3448 506 3703 579 ἐποίησεν

2118 589 2147 641 6
2190 588 2443 659 Χριστός.
2482 590 2557 644 Οὑ
2599 590 2708 662 7&9
2757 590 3185 661 προηγουμένως
3226 589 3326 662 τὴν
3368 593 3705 663 προφητείαν

2122 670 2272 744 [187]
2301 675 2631 744 εἰσήγαγεν,
2685 674 2807 728 οὑδὲ
2861 668 3045 738 εἶπεν,
3092 674 3276 728 Εἷδόν
3317 691 3392 731 σε
3438 676 3561 730 ὑπὸ
3590 676 3705 748 τὴν

2117 756 2342 826 συκῆν·
2373 759 2489 812 ἀλλ’
2512 760 2601 812 ὅτε
2630 760 2837 823 ἐκεῖνος
2865 752 3008 823 εἶπε,
3037 759 3229 813 Πόθεν
3248 776 3326 828 με
3352 760 3665 829 γινώσκεις
3682 803 3697 827 ,

2114 839 2239 894 τότε
2280 840 2445 895 τοῦτο
2477 843 2777 914 ἐπήγαγεν.
2808 841 3093 894 Ἐϐούλετο
3119 842 3229 913 7&9
3262 843 3358 896 καὶ¹
3390 843 3498 896 τῶν
3525 848 3705 916 προρ-

2120 926 2330 995 ρήσεων
2370 924 2466 978 καὶ
2509 925 2619 979 τῶν
2665 924 2963 996 θαυμάτων
2995 925 3097 988 τὰς
3137 926 3313 997 ἀρχάς
3353 927 3484 998 παρ’
3523 927 3706 982 αὑτῶν

2115 1007 2415 1078 λαμϐάνειν
2439 1008 2550 1063 τῶν
2581 1010 2915 1081 προσιόντων
2953 1010 3123 1081 αὑτῷ,
3157 1010 3298 1064 ὥστε
3333 1011 3429 1065 καὶ
3468 1011 3705 1066 οἰκειοῦ-

2118 1091 2243 1146 σθαι
2273 1096 2386 1157 τοῖς
2410 1096 2718 1165 γινομένοις
2751 1095 2950 1165 μᾶλλον
2982 1097 3201 1162 αὑτοὺς,
3231 1097 3328 1150 καὶ¹
3357 1096 3455 1166 τὴν
3484 1097 3577 1151 τοῦ
3608 1115 3703 1151 κε-

2115 1176 2348 1241 νοδοξεῖν
2392 1178 2673 1248 διαφυγεῖν
2713 1179 2987 1234 ὑπόνοιαν.
3017 1178 3187 1233 Τοῦτο
3220 1179 3283 1251 δὴ
3333 1182 3430 1234 καὶ
3467 1181 3699 1236 ἐνταῦθα

2117 1263 2278 1315 ποιεῖ.
2298 1261 2373 1313 Τὸ
2400 1262 2499 1332 μὲν
2519 1263 2629 1334 7&9
2657 1263 3085 1334 προηγουμένως
3117 1262 3347 1331 ἐλέγξαι.
3381 1264 3464 1317 δτι
3483 1264 3698 1333 Ἄνδρα

2115 1345 2225 1398 οὐκ
2252 1344 2433 1413 ἔχεις,
2453 1346 2629 1399 ἐδόκει
2654 1347 2911 1417 φορτικὸν
2943 1343 3080 1399 εἶναι
3106 1346 3203 1400 καὶ
3231 1347 3483 1418 περιττόν
3501 1362 3516 1375 ⁸
3548 1348 3608 1401 τὸ
3636 1350 3695 1403 δὲ

2117 1429 2250 1497 παρ’
2286 1429 2458 1500 αὐτῆς
2488 1429 2718 1487 λαϐόντα
2755 1430 2854 1501 τὴν
2883 1430 3083 1493 αἰτίαν,
3134 1431 3312 1484 πάντα
3349 1431 3524 1485 ταῦτα
3558 1433 3699 1503 διορ-

2115 1509 2264 1574 θοῦν,
2292 1513 2388 1567 καὶ
2418 1513 2623 1586 σφόδρα
2662 1514 2956 1568 ἀκόλουθον
2994 1509 3093 1584 ἦν,
3132 1515 3226 1568 καὶ
3270 1514 3369 1585 τὴν
3399 1515 3704 1572 ἀκούουσαν

2115 1596 2427 1667 πραοτέραν
2450 1598 2755 1667 εἰργάζετο.
2792 1599 2904 1652 Καὶ
2940 1599 3069 1652 ποία
3102 1598 3413 1663 ἀκολουθία.
3450 1601 3602 1670 φησὶ,
3642 1602 3704 1655 τὸ

2115 1679 2313 1743 εἰπεῖν,
2341 1679 2607 1749 "hiare,
2653 1680 2942 1749 gpdwnaor
2988 1681 3096 1735 τὸν
3142 1680 3332 1750 ἄνδρα
3370 1698 3523 1745 σου;
3566 1684 3704 1754 Περὶ

2112 1761 2322 1833 δωρεᾶς
2351 1758 2422 1834 ἦν
2450 1764 2480 1816 6
2523 1764 2680 1831 λόγος
2723 1764 2818 1818 καὶ
2859 1764 3082 1835 χάριτος
3126 1765 3565 1838 ὑπερϐαινούσης
3600 1767 3704 1839 τὴν

2114 1846 2462 1918 ἀνθρωπίνην
2486 1846 2667 1915 φύσιν.
2703 1848 2985 1901 Ἐπέκειτο
3015 1849 3048 1919 ή
3077 1848 3213 1919 γυνὴ
3239 1848 3475 1920 ζητοῦσα
3495 1849 3698 1915 λαϐεῖν,

2114 1930 2211 1984 καὶ
2258 1930 2446 2000 λέγει·
2474 1932 2768 2000 Φώνησόν
2808 1945 2928 1985 σου
2962 1933 3069 1987 τὸν
3101 1932 3291 1999 ἄνδρα
3312 1949 3328 1964 ·
3360 1934 3562 1988 ὡσανεὶ
3611 1938 3703 1989 ἐν-

2112 2015 2464 2085 δεικνύμενος
2481 2026 2507 2055 ο
2527 2016 2611 2069 ὅτι
2639 2016 2893 2070 κάκεῖνον
2914 2016 2997 2070 δεῖ
3026 2019 3354 2085 κοινωνῆσαι
3380 2020 3605 2075 τούτων.
3636 2020 3702 2074 Ἦ

2112 2098 2171 2152 δὲ
2206 2098 2511 2155 σπεύδουσα
2527 2099 2713 2153 λαϐεῖν
2738 2100 2758 2139 ί
2769 2141 2784 2165 ,
2808 2102 2903 2153 καὶ
2929 2101 3247 2171 κρύπτουσα
3267 2104 3329 2157 τὸ
3364 2104 3588 2173 αἰσχρὸν
3604 2106 3702 2159 τοῦ

2113 2182 2460 2255 πράγματος,
2487 2185 2583 2237 καὶ
2606 2184 2828 2255 οἰομένη
2862 2184 3001 2254 πρὸς
3027 2185 3312 2255 ἄνθρωπον
3335 2185 3699 2255 διαλέγεσθαι,

2112 2268 2297 2337 φησὶν,
2331 2269 2453 2322 Οὐκ
2498 2268 2618 2338 ἔχω
2651 2268 2862 2337 ἄνδρα.
2905 2267 3093 2322 Ταῦτα
3119 2269 3359 2333 ἀκούσας
3386 2273 3416 2324 ὁ
3442 2272 3701 2343 Χριστὸς,

2112 2351 2386 2423 εὐκαίρως
2416 2351 2603 2405 λοιπὸν
2627 2351 2823 2419 ἐπάγει
2854 2352 2946 2405 τὸν
2968 2351 3211 2423 ἔλεγχον,
3242 2354 3531 2425 ἀμφότερα
3563 2357 3703 2427 μετά

2112 2435 2615 2506 ἀκριϐείαςλέγων.
2657 2434 2798 2499 Τούς
2825 2452 2885 2488 τε
2918 2435 3028 2507 7&9
3070 2437 3370 2508 προτέρους
3397 2439 3702 2509 ἠρίθμησεν

2113 2517 2384 2582 ἅπαντας,
2409 2518 2619 2572 καὶτὸν
2657 2517 2753 2573 νῦν
2783 2519 3160 2590 κρυπτόμενον
3193 2519 3410 2590 ῆλεγξε.
3437 2522 3503 2574 Τί
3538 2519 3632 2577 οὖν
3664 2524 3700 2593 ἡ

2112 2602 2249 2672 γυνή
2275 2617 2289 2666 ;
2319 2602 2433 2655 Οὐκ
2476 2601 2860 2673 ἐδυσχέρανεν,
2894 2601 3019 2657 οὑδὲ
3073 2604 3272 2672 ἀφεῖσα
3320 2605 3540 2674 ἔφυγεν,
3577 2605 3701 2659 οὑδὲ

2113 2683 2272 2756 ὑϐριν
2310 2684 2374 2738 τὸ
2428 2686 2665 2756 πρᾶγμα
2712 2686 2965 2756 ἐνόμισεν
3025 2680 3199 2739 εἶναι·
3235 2686 3372 2741 ἀλλά
3433 2688 3702 2759 θαυμάζει

2116 2768 2318 2839 μᾶλλον
2340 2768 2503 2821 αὑτὸν
2531 2768 2627 2821 καὶ⁸
2661 2772 3066 2841 προσκαρτερεῖ
3098 2770 3262 2824 πλέον
3281 2788 3294 2801 ·
3328 2773 3532 2840 Θεωρῶ
3567 2772 3699 2841 7&9,

2114 2853 2300 2922 φησὶν,
2324 2852 2412 2906 ὅτι
2450 2852 2763 2922 προφήτης
2791 2848 2849 2907 εἷ
2873 2854 2978 2907 σύ.
3014 2853 3125 2907 Καὶ
3156 2855 3350 2907 σκόπει
3391 2855 3564 2925 αὑτῆς
3602 2856 3703 2925 τὴν

2116 2933 2332 2989 σύνεσιν
2357 2947 2372 2962 ⁸
2401 2935 2538 2989 Οὑδὲ
2578 2934 2814 2990 ἐνταῦθα
2853 2935 3060 2999 εὐθέως
3089 2937 3425 3008 ἐπέδραμεν,
3466 2938 3582 2993 ἀλλ’
3615 2939 3698 2992 ἐτι

2112 3020 2528 3088 περισκοπεῖται
2562 3019 2657 3072 καὶ
2692 3019 2981 3090 θαυμάζει.
3014 3020 3089 3073 Τδ
3125 3019 3253 3093 7&9,
3287 3019 3509 3089 Θεωρῶ,
3540 3021 3699 3075 τοῦτό

2112 3103 2251 3166 ἐστι,
2281 3102 2452 3175 Φαίνῃ
2486 3119 2576 3174 μοι
2607 3105 2893 3176 προφήτης
2930 3099 3088 3158 εῖναι.
3132 3100 3266 3158 Εἶτα
3301 3105 3489 3176 ἐπειδὴ
3536 3105 3697 3159 τοῦτο

2114 3184 2494 3251 ὑπώπτευσεν,
2538 3188 2692 3242 οὐδὲν
2726 3187 2979 3258 βιωτικὺν
3011 3188 3175 3243 αὑτὸν
3226 3190 3428 3261 ἐρωτᾷ.
3464 3189 3526 3242 ού
3570 3190 3703 3259 περὶ

2116 3267 2367 3340 σώματος
2400 3269 2633 3338 ὑγιείας,
2666 3272 2728 3325 οὑ
2771 3272 2900 3343 περὶ
2928 3271 3251 3342 χρημάτων,
3273 3273 3335 3325 οὐ
3372 3271 3501 3344 περὶ
3537 3272 3706 3326 πλού-

2112 3370 2228 3416 του,
2265 3351 2404 3406 ἀλλά
2435 3354 2564 3424 περὶ
2591 3353 2875 3425 δογμάτων
2904 3353 3127 3419 εὐθέως.
3163 3355 3229 3408 Τί
3259 3355 3369 3426 γάρ
3412 3371 3611 3426 φησιν;
3636 3358 3705 3411 οι

2114 3435 2365 3504 πατέρες
2398 3435 2570 3504 ἡμῶν
2597 3438 2667 3489 ὲν
2694 3435 2775 3502 τῷ
2814 3437 2938 3505 ὄρει
2974 3438 3164 3505 τούτῳ
3193 3440 3696 3506 προσεκύνησαν·

2113 3521 2239 3584 τοὺς
2257 3519 2385 3590 περὶ
2404 3519 2496 3574 τὸν
2527 3520 2777 3592 Ἀϐραὰμ
2795 3520 3048 3589 λέγουσα·
3070 3522 3164 3575 καὶ
3184 3521 3293 3593 γὰρ
3314 3523 3431 3575 ἐκεῖ
3450 3540 3581 3591 φασι
3604 3522 3701 3576 τὸν

2119 3602 2232 3656 υίὸν
2255 3603 2569 3675 ἀνηνέχθαι·
2594 3604 2705 3658 Καὶ
2727 3603 2852 3671 πῶς
2871 3604 3041 3674 ὑμεῖς
3059 3606 3267 3675 λέγετε
3281 3647 3297 3671 ,
3324 3606 3413 3659 ὅτι
3432 3607 3503 3661 ἐν
3527 3607 3704 3675 Ἰερο-

2113 3687 2407 3756 σολύμοις
2418 3687 2593 3740 ἐστὶν
2607 3690 2641 3741 ό
2661 3688 2865 3754 τόπος,
2883 3687 3036 3742 ὅπου
3056 3689 3172 3758 χρὴ
3190 3689 3592 3755 προσκυνεῖν;

2183 3770 2253 3840 γ’.
2276 3768 2428 3834 Εἶδες
2453 3772 2570 3835 πῶς
2592 3771 2899 3842 ὑψηλοτέρα
2915 3775 2982 3843 τῇ
3003 3772 3213 3844 διανοίᾳ
3231 3775 3472 3843 γέγονενς
3508 3774 3573 3828 Ἠ
3593 3775 3705 3846 7&9

2114 3856 2256 3926 ὑπὲρ
2288 3856 2383 3909 τοῦ
2415 3858 2440 3897 8
2473 3857 2548 3928 μὴ
2577 3856 2904 3910 σκύλλεσθαι
2941 3856 3029 3909 διὰ
3068 3857 3130 3909 τὸ
3162 3856 3327 3929 διψῇν
3358 3859 3703 3929 μεριμνῶσα,

2114 3939 2208 3992 καὶ
2231 3939 2374 4010 ὑπὲρ
2397 3939 2685 4010 δογμάτων
2716 3940 2896 4011 ἐρωτᾷ
2924 3938 3131 3993 λοιπόν.
3164 3941 3229 3992 Τί
3257 3937 3353 3995 οὖν
3380 3944 3408 3994 6
3431 3942 3704 4012 Χριστός;

2115 4025 2228 4076 οὐκ
2251 4023 2407 4076 ἔλυσε
2428 4023 2490 4076 τὸ
2512 4024 2735 4094 ζήτημα
2761 4023 2788 4063 h
2821 4022 2922 4094 (οὑ
2945 4026 3052 4095 7&9
3089 4024 3247 4078 τοῦτο
3275 4022 3344 4097 ἦν
3370 4025 3519 4096 αὐτῷ
3546 4042 3705 4097 περι⁴

2114 4107 2474 4174 σπούδαστον,
2505 4107 2644 4180 πρὸς
2667 4107 2737 4161 τὰ
2765 4108 3036 4179 λεγόμενα
3061 4109 3251 4173 ἀπλῶς
3272 4110 3698 4182 ἀποκρίνεσθαι·

2113 4190 2389 4262 παρέλκων
2420 4189 2531 4262 7&9
2561 4186 2632 4262 ἦν
2648 4190 2689 4262 ),
2720 4191 2857 4246 ἀλλά
2881 4193 3004 4261 ἄγει
3036 4192 3135 4263 τὴν
3162 4197 3395 4262 γυναῖκα
3425 4195 3585 4249 πάλιν
3610 4194 3706 4248 ἐπὶ

2112 4274 2174 4326 τὸ
2213 4273 2400 4343 μεῖζον
2435 4272 2605 4343 ὕψος·
2645 4274 2742 4327 καὶ
2768 4275 2830 4329 οὑ
2858 4276 3126 4349 πρότερον
3164 4276 3303 4348 αὐτῇ
3331 4277 3459 4348 περὶ
3496 4276 3704 4331 τούτων

2112 4356 2440 4425 διαλέγεται,
2459 4357 2565 4420 ἕως
2586 4357 2937 4429 ὡμολόγησεν
2956 4360 3039 4413 ὅτι
3062 4361 3347 4431 προφήτης
3364 4360 3534 4426 ἐστὶν,
3556 4360 3702 4415 ὥστε

2112 4442 2206 4494 καὶ
2231 4442 2369 4511 μετά
2396 4442 2597 4512 πολλῆς
2617 4442 2717 4512 τῆς
2737 4442 3109 4515 πληροφορίας
3133 4444 3365 4497 ἀκοῦσαι
3388 4443 3573 4498 λοιπὸν
3591 4445 3704 4498 τῶν

2112 4525 2443 4596 λεγομένων.
2483 4527 2549 4578 Ἡ
2582 4526 2691 4597 7&9
2719 4527 2875 4580 τοῦτο
2916 4528 3224 4592 πεισθεῖσα,
3266 4528 3368 4581 οὑκ
3407 4527 3490 4580 έτι
3517 4528 3707 4582 λοιπὸν

2112 4610 2243 4679 περὶ
2293 4608 2403 4662 τῶν
2435 4608 2825 4680 ῥηθησομένων
2858 4608 3221 4679 ἀμφιϐάλλειν
3258 4606 3425 4681 εἶχεν.
3471 4612 3706 4683 Αἰσχυν-

2114 4692 2296 4761 θῶμεν
2322 4694 2500 4746 τοίνυν
2533 4693 2626 4745 καὶ
2668 4692 3086 4764 ἐρυθριάσωμεν
3128 4694 3330 4747 λοιπόν.
3369 4695 3509 4767 Γυνὴ
3538 4696 3703 4749 πέντε

2111 4775 2312 4847 ἄνδρας
2363 4777 2661 4845 ἐσχηκυῖα,
2702 4776 2798 4828 καὶ
2852 4776 3183 4847 Σαμαρεῖτις
3222 4774 3393 4845 οὖσα,
3429 4779 3705 4848 τοσαύτην

2114 4860 2242 4930 περὶ
2278 4860 2565 4929 δογμάτων
2608 4863 2845 4915 ποιεῖται
2881 4862 3150 4932 σπουδὴν,
3186 4864 3280 4916 καὶ
3318 4864 3417 4934 οὑχ
3440 4865 3470 4917 6
3510 4864 3704 4934 καιρὸς

2111 4944 2212 5013 τῆς
2247 4944 2480 5015 ἡμέρας,
2522 4945 2584 4997 οὑ
2611 4943 2673 4998 τὸ
2715 4947 2800 5016 ἐφ’
2839 4946 3026 5016 ἕτερόν
3052 4964 3104 5000 τι
3144 4948 3570 5019 παραγενέσθαι,
3596 4951 3705 5004 οὑκ

2110 5026 2242 5081 ἄλλο
2270 5026 2423 5080 οὐδὲν
2448 5027 2618 5099 αὐτὴν
2647 5030 2905 5099 ἀπήγαγε
2925 5032 3025 5099 τῆς
3048 5031 3264 5101 περὶτὰ
3290 5032 3513 5085 τοιαῦτα
3537 5033 3705 5103 ζητή-

2114 5125 2275 5173 σεως·
2308 5112 2468 5180 ἡμεῖς
2492 5111 2549 5164 δὲ
2577 5112 2640 5163 οὑ
2666 5112 2824 5181 μόνον
2846 5112 2977 5183 περὶ
3004 5113 3290 5182 δογμάτων
3318 5115 3380 5167 οὑ
3404 5115 3701 5185 ζητοῦμεν,

2113 5193 2250 5247 ἀλλὰ
2290 5195 2384 5246 καὶ
2416 5193 2545 5262 περὶ
2580 5194 2801 5248 πάντων
2825 5195 3037 5258 ἁπλῶς,
3068 5198 3163 5248 καὶ
3188 5197 3265 5260 ὼς
3300 5197 3459 5269 έτυχε
3493 5198 3702 5252 διακεί-

2118 5276 2275 5346 μεθα.
2308 5274 2461 5347 [188]
2504 5275 2604 5329 Διά
2634 5276 2791 5329 τοῦτο
2819 5276 2888 5330 τά
2918 5279 3096 5332 πάντα
3128 5280 3420 5352 ἠμέληται.
3459 5282 3555 5343 Τίς
3597 5282 3708 5351 γὰρ

2116 5358 2289 5429 ὑμῶν,
2318 5359 2439 5412 εἰπέ
2474 5376 2587 5429 μοι,
2620 5361 2678 5413 ὲν
2704 5359 2851 5430 οἰκίᾳ
2883 5361 3198 5430 γενόμενος,
3230 5363 3461 5421 πυκτίον
3490 5366 3507 5405 ί
3540 5365 3704 5418 ἔλαϐε

2114 5436 2486 5514 χριπιαῖιικὸν
2525 5442 2664 5511 μετά
2687 5445 2893 5513 χεῖρας,
2924 5444 3019 5497 καὶ
3053 5444 3122 5498 τὰ
3159 5446 3455 5515 ἐγκείμενοι
3475 5447 3703 5517 ἐπῆλθε,

2128 5528 2208 5589 παὶ
2238 5525 2507 5596 ἠρεύνησε
2536 5525 2635 5595 τὴν
2658 5526 2915 5597 Γραφήν;
2952 5528 3140 5591 Οὐδεὶς
3169 5529 3235 5582 ἂν
3268 5530 3380 5599 ἔχοι
3407 5530 3582 5584 ταῦτα
3620 5533 3704 5582 εἰ-

2122 5611 2236 5661 πεῖν
2256 5627 2271 5640 ο
2304 5609 2440 5663 ἀλλὰ
2472 5610 2701 5674 πεττοὺς
2733 5615 2831 5680 μὲν
2861 5612 2953 5664 καὶ
2978 5612 3179 5676 κύϐους
3206 5616 3359 5688 παρά
3388 5618 3501 5677 τοῖς
3521 5616 3707 5669 πλείο-

2183 5764 2212 5817 e_
2229 5751 2401 5817 Morel.
2429 5753 2511 5817 τὸν
2542 5752 2687 5817 ἄνδρα
2724 5755 2898 5817 ᾡσανεὶ
2940 5755 3134 5817 ἐνδεικν.
3179 5754 3278 5805 Alii
3318 5759 3450 5807 aliud
3492 5758 3697 5808 habent.

2124 5812 2142 5882 ξ
2170 5814 2539 5882 Morel.).a051_v.
2610 5812 2806 5882 κεδνῇ.
2832 5818 2937 5879 περὶ
2956 5816 3057 5865 τοῦ.
3128 5817 3154 5854 h
3180 5821 3273 5866 Alii
3306 5821 3362 5868 τὸ
3400 5821 3700 5882 ζητούμενον.

2126 5877 2138 5914 i
2170 5879 2355 5943 ῘΙυκτία
2382 5877 2509 5943 apud
2538 5877 2909 5943 velerefziibros
2932 5892 3043 5943 9850,
3076 5887 3351 5941 compactos
3386 5877 3701 5943 probaivimus

2121 5938 2247 5995 apud
2272 5940 2591 6004 Athanasium
2628 5951 2674 6004 ρ.
2704 5936 2811 5995 121,
2836 5948 2885 5986 et
2910 5942 2956 5987 in
2984 5936 3218 6001 Pam-ngf.
3244 5936 3409 5992 (lrwch
3445 5958 3489 6004 p.
3517 5945 3596 5999 253,
3618 5943 3698 5992 ubi

2123 6013 2225 6046 rom
2256 6001 2503 6060 exemplis
2530 6002 2889 6059 voulirmanms,
2919 6014 2975 6049 ac
3013 6005 3286 6061 prwseriim
3327 6005 3378 6053 in
3421 6001 3543 6057 Coll.
3581 6018 3678 6054 nov

2128 6061 2259 6110 i’alr.
2280 6068 2312 6108 ῐ.
2333 6061 2394 6122 ll,
2417 6063 2575 6110 Anim.
2608 6062 2686 6112 XV
2714 6064 2761 6111 iu
2788 6063 2882 6111 Vil.
2912 6069 2963 6112 cl
2985 6063 3152 6125 script.
3183 6066 3300 6115 Am.
