4100 6364
410 366 505 424 185

411 491 553 537 certe
592 480 707 532 hoc
750 473 1058 528 sublimiora
1086 484 1223 524 esse.
1257 480 1414 536 quam
1471 472 1528 518 ut
1570 473 1730 515 sensu
1778 451 1977 524 percipi

413 581 664 642 possent;
708 567 801 621 sed
857 580 963 617 non
1011 574 1229 631 prorsus
1277 558 1326 610 id
1375 555 1499 624 quid
1546 556 1691 605 esset
1737 551 1980 602 noverat.

414 664 561 717 Nunc
582 672 728 713 certe
756 657 944 710 melius
971 652 1201 715 videbat,
1250 663 1423 715 neque
1460 657 1636 697 tamen
1665 648 1832 693 totum
1862 649 1982 704 per-

413 756 638 822 cipiebat
676 770 687 802 :
715 765 834 802 nam
879 750 947 800 ait
974 787 987 806 ,
1037 746 1113 797 Da
1154 743 1278 795 mihi
1307 741 1437 794 hanc
1465 752 1648 805 aquam
1666 773 1681 797 ,
1707 743 1764 783 ut
1790 745 1889 782 non
1915 726 1987 778 si-

414 858 554 906 nam,
606 858 761 911 neque
802 840 996 893 veniam
1048 837 1144 888 huc
1175 834 1397 886 haurire.
1446 829 1561 884 Jain
1605 826 1751 879 illum
1786 818 1986 876 Iacobo

416 936 749 1006 prmierehat.
781 932 895 985 Non
924 930 1025 982 hoc
1048 929 1191 979 fonte
1220 939 1356 994 opus
1372 921 1562 983 habeo,
1587 920 1630 970 si
1661 933 1687 969 a
1724 926 1773 969 te
1795 924 1984 980 aquam

416 1003 556 1081 illam
602 1024 881 1093 accipiam.
927 1019 1114 1073 Viden’
1168 1014 1437 1086 quomodo
1483 1012 1628 1066 illutn
1677 1003 1988 1077 patriarchze

414 1115 741 1185 anteponat?
784 1114 894 1167 lloc
925 1110 1073 1179 probi
1114 1108 1276 1161 animi
1320 1104 1570 1159 indicium
1616 1109 1716 1154 est.
1749 1094 1993 1152 Ostendit

415 1226 573 1279 quam
616 1208 685 1261 de
731 1204 928 1260 Jacobo
972 1202 1280 1271 opinionem
1326 1198 1588 1252 haberet:
1618 1193 1749 1247 vidit
1792 1188 1993 1243 Jacoho

418 1304 715 1362 meliorem,
739 1314 907 1367 neque
931 1297 1094 1363 prima
1120 1294 1208 1347 illa
1230 1292 1480 1360 opinione
1507 1295 1709 1341 retenta
1735 1284 1849 1338 fuit.
1877 1282 1990 1335 Non

418 1407 546 1461 ergo
580 1390 734 1444 facile
782 1388 973 1441 mulier
1016 1384 1282 1446 credidit,
1314 1397 1487 1449 neque
1517 1390 1717 1433 temere
1741 1375 1877 1428 dicta
1912 1392 1997 1426 re—

418 1486 581 1552 cepit,
615 1497 732 1551 qua:
765 1488 906 1533 tanta
936 1478 1276 1532 accnratione
1306 1472 1579 1544 qumsivit;
1623 1484 1793 1538 neque
1833 1466 1994 1519 etiam

422 1572 755 1642 immorigera
783 1570 867 1624 vel
912 1569 1244 1623 contentiosa
1277 1567 1392 1619 fuit.
1437 1563 1598 1631 quue
1639 1576 1703 1614 ex
1741 1559 1996 1628 petitione

423 1682 517 1719 sua
556 1661 965 1717 demonstravit.
1003 1659 1159 1729 Atqui
1190 1655 1390 1713 Judaeis
1419 1654 1554 1709 dixit
1578 1652 1825 1708 Chrisms
1854 1667 1867 1702 :
1899 1648 1997 1713 Qui

422 1758 688 1810 comederit
715 1756 777 1808 de
819 1769 973 1808 carne
1017 1770 1147 1817 mea,
1178 1768 1278 1804 non
1306 1750 1524 1810 esuriet;
1565 1757 1612 1800 et
1652 1745 1738 1815 qui
1764 1742 1919 1797 credit
1946 1742 1999 1794 in

423 1866 522 1910 me,
555 1864 655 1901 non
674 1846 807 1900 sitiet
837 1860 1071 1915 umquam
1100 1844 1118 1912 (
1145 1841 1305 1896 Joan.
1331 1840 1385 1896 6.
1410 1840 1478 1895 55
1504 1841 1556 1909 );
1589 1838 1681 1891 sed
1708 1828 1810 1889 non
1841 1835 1999 1886 modo

427 1955 531 1992 non
575 1938 936 2001 crediderunt,
985 1934 1078 1989 sed
1121 1935 1279 1988 etiam
1322 1928 1660 1986 scandalizati
1701 1936 1841 1980 sunt.
1876 1925 2003 1979 Haec

428 2032 623 2085 mulier
647 2039 833 2084 contra
856 2037 1128 2096 exspectat
1148 2035 1204 2081 et
1229 2026 1377 2094 petit.
1404 2022 1601 2077 Judaeis
1628 2021 1717 2073 ille
1756 2018 2001 2079 dicebat,

432 2123 532 2189 Qui
558 2120 716 2175 credit
743 2122 795 2173 in
817 2136 895 2173 me
922 2135 1022 2172 non
1043 2119 1207 2182 sitiet;
1233 2114 1441 2169 mulieri
1471 2127 1601 2167 vero
1631 2125 1733 2163 non
1766 2110 1836 2162 ita
1861 2150 1876 2172 ,
1908 2106 2003 2161 sed

431 2212 649 2264 rndiore
680 2210 859 2272 modo,
891 2209 991 2275 Qui
1014 2208 1185 2261 biberit
1210 2222 1273 2260 ea:
1286 2206 1379 2257 hac
1402 2220 1554 2271 aqua,
1575 2218 1675 2254 non
1692 2201 1844 2253 sitiet.
1876 2197 2006 2251 Pro-

431 2302 619 2355 missio
644 2316 871 2369 namque
899 2309 1015 2353 erat
1041 2295 1396 2366 spiritualium
1440 2309 1653 2354 rerum,
1687 2308 1791 2345 non
1823 2289 2006 2343 visibi-

433 2393 561 2445 lium
592 2394 632 2445 ί.
664 2391 788 2445 Ideo
828 2389 1065 2443 mulieris
1109 2389 1345 2442 animum
1390 2382 1860 2455 pollicitationibus
1903 2380 2009 2434 eri-

433 2500 593 2553 gens,
622 2482 798 2535 adhuc
824 2481 1170 2535 scnsihilihus
1198 2481 1512 2532 immoratur
1534 2518 1550 2543 ,
1592 2474 1730 2544 quod
1760 2474 1847 2527 illa
1877 2486 2011 2526 non—

434 2578 562 2628 dum
590 2583 769 2643 posset
794 2573 1085 2640 spiritualia
1115 2579 1361 2625 accurate
1391 2567 1858 2637 comprehendere.
1880 2564 2010 2618 Nam

437 2668 481 2719 si
514 2665 756 2727 dixisset,
800 2663 854 2718 Si
884 2662 1176 2717 credideris
1208 2662 1260 2714 in
1290 2676 1395 2723 me,
1424 2675 1530 2712 non
1560 2659 1741 2721 sities;
1783 2656 1867 2709 illa
1906 2670 2011 2708 non

440 2759 832 2821 intellexisset,
874 2772 993 2811 cum
1046 2772 1150 2810 non
1201 2764 1381 2809 nosset
1406 2754 1525 2824 quis
1550 2764 1694 2808 esset
1722 2752 1811 2806 ille
1840 2766 1899 2805 se
1936 2750 2014 2804 al-

440 2851 684 2921 loquens.
718 2866 817 2905 nec
841 2851 909 2905 de
937 2864 1041 2920 qua
1071 2850 1153 2903 siti
1184 2856 1450 2918 ageretur.
1479 2846 1583 2901 Cur
1603 2856 1778 2900 autem
1810 2859 1915 2898 non
1943 2844 2014 2896 ita

442 2945 640 3000 Judmis
671 2944 920 3013 loquutus
939 2944 1061 2998 est?
1091 2942 1223 3010 Quia
1256 2942 1327 2994 illi
1357 2940 1520 2994 multa
1560 2938 1707 3008 signa
1733 2937 2015 2999 viderant,

445 3038 534 3091 illa
564 3052 694 3090 vero
726 3037 963 3098 nullum;
1003 3036 1096 3089 sed
1133 3036 1293 3090 verba
1335 3034 1563 3104 primum
1592 3032 1853 3085 audierat.
1893 3029 2017 3083 Ideo

447 3144 540 3197 per
570 3126 905 3197 prophetiam
936 3126 1184 3195 deinceps
1208 3128 1313 3178 vim
1341 3139 1491 3178 suam
1521 3122 1775 3182 ostendit,
1797 3135 1893 3174 nec
1911 3128 2021 3175 sta-

446 3223 539 3274 tim
570 3219 746 3289 arguit
787 3220 963 3284 illam;
1005 3218 1096 3273 sed
1129 3218 1254 3286 quid
1285 3216 1451 3271 dicit?
1480 3216 1566 3270 16.
1608 3215 1773 3279 Vade,
1802 3229 1924 3267 voca
1947 3212 2022 3265 vi-

445 3330 559 3366 rum
586 3324 750 3378 tuum,
781 3320 828 3364 et
854 3311 965 3364 veni
994 3310 1108 3363 huc.
1138 3310 1223 3363 17.
1254 3308 1355 3363 Illa
1378 3324 1493 3362 vero
1522 3308 1661 3371 dicit,
1706 3304 1877 3358 Virum
1919 3318 2022 3356 non

449 3408 626 3458 habeo.
659 3404 792 3458 Dicit
820 3405 865 3457 ei
883 3402 1035 3457 Iesus
1056 3444 1069 3467 ,
1094 3401 1229 3456 Bene
1246 3402 1419 3456 dixisti
1437 3442 1453 3467 ,
1498 3399 1670 3454 Virum
1695 3416 1797 3452 non
1817 3398 1974 3451 habeo
2003 3412 2022 3450 :

450 3498 538 3552 18.
572 3498 791 3566 quinque
816 3498 947 3549 enim
992 3495 1124 3548 uiros
1158 3493 1375 3547 habuisti
1393 3534 1409 3555 ,
1435 3502 1484 3546 et
1508 3508 1639 3545 nunc
1663 3508 1807 3560 quem
1840 3489 2019 3556 habes,

449 3606 552 3642 non
580 3598 654 3641 est
684 3598 798 3641 tuus
824 3589 919 3641 vir.
953 3585 1067 3639 Hoc
1085 3602 1195 3640 vere
1223 3585 1416 3639 dixisti.
1449 3584 1538 3639 19.
1569 3583 1709 3636 Dicit
1733 3586 1778 3636 ei
1806 3583 2020 3646 mulier,

450 3677 685 3742 Domine,
716 3680 856 3731 video
880 3678 999 3748 quia
1022 3676 1266 3747 propheta
1291 3692 1344 3729 es
1369 3686 1442 3729 tu.

524 3771 863 3825 Samaritana:
882 3765 1197 3839 philosOphia
1214 3769 1360 3822 multo
1375 3767 1493 3833 ﬁdei
1505 3768 1537 3820 ,Ι
1546 3766 1800 3821 udteorum
1816 3766 2028 3836 opponi—

453 3860 810 3929 tur—Pam,
837 3871 1029 3930 quanta
1049 3859 1287 3914 mulieris
1302 3857 1633 3928 philosophia
1660 3858 1673 3911 l
1702 3873 1857 3926 quam
1878 3871 2030 3910 man-

452 3960 607 4004 suete
638 3949 1109 4019 reprehensionem
1132 3948 1364 4002 admittit
1384 3949 1396 4001 !
1415 3948 1541 4011 Cur,
1561 3948 1787 4016 inquies,
1814 3962 1917 4001 non
1933 3947 2028 4000 ad-

454 4039 730 4093 misisset?
762 4054 937 4092 nonne
964 4054 1107 4104 saepe
1147 4038 1360 4093 Judaros
1382 4038 1560 4092 acrius
1581 4037 1884 4106 redarguit?
1911 4035 2026 4089 Non

452 4130 595 4184 enim
616 4131 755 4198 paris
780 4130 988 4183 virtutis
1000 4138 1083 4183 est
1098 4129 1291 4183 mentis
1317 4127 1586 4183 secretam
1605 4128 1835 4181 medium
1864 4126 2031 4181 addu-

454 4239 600 4287 cere,
638 4233 693 4276 et
728 4237 839 4276 rem
870 4221 1004 4274 clam
1022 4228 1290 4291 peractam
1318 4220 1577 4274 revelare.
1611 4218 1745 4273 lllud
1762 4218 1903 4274 enim
1936 4219 2029 4273 Dei

454 4326 659 4368 tantum
678 4324 778 4373 est,
802 4329 922 4367 cum
950 4328 1107 4367 nemo
1124 4314 1287 4378 novit,
1307 4313 1408 4367 nisi
1426 4313 1568 4381 isqui
1582 4311 1633 4366 id
1662 4312 1714 4365 in
1732 4321 1910 4367 mente
1932 4312 2030 4366 ha-

455 4406 565 4469 bet;
594 4404 815 4459 alterum
832 4418 959 4458 vero
970 4403 1158 4458 saltem
1177 4402 1524 4457 familiaribus
1557 4412 1740 4457 notum
1756 4410 1856 4457 est.
1880 4404 2034 4456 Atta-

456 4513 578 4550 men
596 4496 763 4550 Iuda-i
781 4511 837 4550 se
858 4496 1208 4564 reprehensos
1232 4509 1349 4549 esse
1376 4494 1591 4564 indigne
1616 4494 1806 4549 ferunt.
1821 4495 1923 4549 Sed
1943 4495 2034 4549 illo

456 4587 835 4653 dicente,Quid
861 4604 937 4641 me
962 4588 1185 4657 qumritis
1202 4586 1481 4655 interﬁcere
1501 4584 1677 4657 (Joan.
1706 4586 1756 4639 7.
1782 4585 1901 4656 20)?
1927 4602 2030 4640 non

456 4679 618 4732 modo
636 4694 743 4731 non
768 4678 1117 4744 admirantur,
1141 4688 1198 4732 ut
1219 4679 1529 4744 mulierilla,
1559 4679 1651 4734 sed
1668 4681 1826 4734 etiam
1849 4682 2032 4734 convi-

455 4768 554 4822 ciis
584 4779 638 4821 et
658 4769 992 4822 contumeliis
1008 4768 1264 4833 afﬁciunt,
1287 4771 1495 4825 etiamsi
1519 4770 1740 4824 aliorum
1760 4773 2032 4840 signorum

455 4867 769 4928 argumenta
816 4859 1109 4914 haberent:
1140 4859 1255 4915 haec
1299 4870 1477 4915 autem
1507 4861 1608 4915 hoc
1643 4877 1802 4915 unum
1831 4871 2033 4915 tantum

454 4949 723 5003 audierat.
770 4950 1019 5003 Attamen
1067 4950 1141 5003 illi
1190 4966 1296 5004 non
1335 4950 1496 5005 modo
1538 4966 1642 5004 non
1677 4952 1850 5005 mirati
1888 4966 2030 5017 sunt,

454 5041 551 5092 sed
583 5041 746 5093 etiam
771 5041 965 5107 probro
990 5040 1279 5095 aﬁ'eeerunt
1309 5042 1567 5105 dicentes,
1599 5043 1913 5097 Daznionium
1942 5046 2035 5096 ha-

454 5130 560 5186 bes.
608 5131 721 5198 quis
766 5140 812 5184 te
852 5134 1029 5201 quaerit
1077 5133 1392 5200 interﬁcere?
1419 5132 1543 5188 llarc
1583 5150 1710 5188 vero
1740 5150 1846 5188 non
1878 5134 2036 5188 modo

458 5236 564 5272 non
596 5220 947 5283 conviciator,
975 5220 1069 5275 sed
1099 5222 1320 5276 miratur
1347 5233 1400 5277 et
1438 5223 1781 5291 obstupescit,
1809 5224 2037 5293 prophe-

459 5319 677 5378 tamque
703 5310 951 5377 Opinatur
976 5325 1130 5376 esse;
1171 5313 1271 5366 etsi
1299 5314 1473 5367 acrius
1501 5313 1636 5367 hanc
1663 5314 2037 5381 reprehendat,

458 5416 618 5465 quam
667 5400 807 5453 illos.
860 5401 970 5455 l-Ioc
1005 5403 1145 5457 enim
1189 5415 1462 5470 peccatum
1494 5406 1646 5457 unius
1692 5405 1854 5473 ipsius
1889 5413 2036 5468 erat;

461 5491 589 5543 illud
616 5507 744 5544 vero
770 5493 1019 5546 onmibus
1047 5510 1345 5547 commune.
1374 5494 1490 5550 Non
1512 5474 1687 5549 autem
1714 5497 1780 5549 ita
1808 5497 2037 5551 morderi

460 5584 699 5636 solemus
724 5583 792 5636 de
833 5585 1204 5638 communibus
1240 5586 1472 5650 delictis,
1505 5596 1561 5639 ut
1598 5586 1664 5641 de
1692 5589 1937 5656 propriis.
1971 5589 2039 5645 Et

526 5737 541 5768 ³
579 5735 674 5787 Alii
698 5740 887 5801 legunt,
906 5737 1397 5801 indetermmatorum,
1424 5755 1530 5803 pro,
1555 5757 1646 5793 non
1672 5746 1940 5798 visibilium.

1387 347 1453 404 IN
1489 340 1796 401 JOANNEM
1839 335 2065 393 lthilL.
2105 333 2320 390 XXXII.
2360 335 2432 389 al.
2475 334 2665 391 XXXI.

3557 329 3658 386 186

2089 449 2165 503 illi
2189 449 2403 517 quidem
2436 466 2682 518 magnum
2708 448 2975 517 quidpiam
3003 463 3063 502 sc
3105 455 3359 515 perlicere
3386 446 3658 514 putabant,

2089 541 2136 595 si
2161 540 2428 595 Christum
2459 543 2857 596 interliccrent:
2884 540 3121 593 mulieris
3159 554 3287 591 vero
3315 538 3515 590 facinus
3544 551 3658 588 ma-

2088 629 2197 684 lum
2227 645 2346 685 esse
2373 632 2509 700 apud
2538 647 2723 685 omnes
2753 632 2803 685 in
2843 630 3089 684 confesso
3116 638 3249 684 erat.
3279 632 3525 683 Attamen
3557 643 3660 681 non

2088 738 2230 793 aegre
2257 725 2371 777 tulit
2391 725 2602 789 mulier,
2621 726 2713 780 sed
2734 724 3005 793 obstupuit
3024 725 3316 792 mirataque
3337 733 3437 775 est.
3464 723 3661 775 Eodem

2090 830 2299 884 quoque
2326 815 2484 869 modo
2506 831 2626 870 cum
2657 816 2979 870 Nathaoaele
2998 815 3243 869 Christus
3266 830 3325 869 se
3343 815 3524 884 gessit.
3547 812 3662 866 Non

2094 907 2321 975 primum
2354 906 2685 975 prophetiam
2713 906 2936 969 induxit,
2969 922 3141 975 neque
3169 907 3323 971 dixit,
3363 904 3479 958 Vidi
3508 916 3554 958 te
3573 904 3666 958 sub

2095 1000 2229 1067 ﬁcu;
2255 999 2348 1053 sed
2392 1014 2512 1053 cum
2562 1000 2649 1054 ille
2688 999 2929 1065 dixisset,
2961 999 3108 1054 Unde
3135 1016 3213 1053 me
3236 1001 3368 1052 nosti
3407 997 3587 1070 (Joan.
3613 999 3666 1052 1.

2095 1091 2215 1158 48)?
2242 1091 2290 1144 id
2323 1090 2616 1160 respondit.
2644 1090 2867 1145 Volebat
2894 1092 3035 1145 enim
3068 1089 3321 1144 miracula
3350 1097 3405 1143 et
3434 1088 3668 1158 prophe-

2100 1184 2196 1235 tias
2221 1184 2289 1236 ab
2316 1183 2418 1235 illis
2444 1182 2696 1250 incipere,
2727 1183 2813 1249 qui
2845 1182 2909 1235 ad
2956 1183 3128 1251 ipsum
3158 1181 3501 1245 accedebant,
3532 1188 3591 1234 ut
3617 1190 3673 1234 et

2099 1273 2265 1341 magis
2294 1272 2411 1325 illos
2435 1272 2532 1324 sibi
2576 1272 2904 1337 conciliaret,
2930 1279 2986 1326 et
3012 1286 3161 1324 vanae
3198 1271 3381 1339 gloria:
3410 1270 3667 1339 suspicio-

2102 1378 2220 1416 nem
2247 1361 2517 1430 eﬁ‘ugeret.
2553 1362 2661 1415 Hoc
2693 1362 2862 1431 ipsum
2894 1362 2980 1416 hic
3004 1362 3130 1430 agit.
3156 1361 3499 1415 Existimabat
3528 1364 3669 1415 enim

2100 1454 2381 1510 molestum
2410 1466 2457 1508 et
2486 1455 2809 1525 superﬂuum
2837 1455 2965 1516 fore,
2991 1456 3033 1509 si
3060 1469 3175 1509 eam
3199 1454 3374 1508 statim
3401 1462 3676 1507 accusaret

2100 1548 2348 1614 dicendo,
2406 1547 2581 1602 Virum
2610 1566 2710 1601 non
2740 1547 2910 1602 habes.
2944 1547 3072 1601 illud
3104 1562 3233 1600 vero
3260 1546 3525 1614 corrigere
3556 1555 3676 1615 pOsl.

2102 1650 2374 1709 acceptam
2404 1641 2469 1692 ah
2495 1639 2680 1693 eadem
2708 1640 2817 1707 ipsa
2844 1640 3197 1702 occasionem,
3227 1647 3370 1693 certe
3394 1646 3677 1692 consenta-

2106 1746 2261 1786 neum
2289 1740 2423 1793 erat,
2455 1741 2503 1783 et
2536 1732 2837 1785 audientem
2866 1733 3276 1783 mansuetiorem
3309 1729 3583 1784 reddebat.
3611 1728 3677 1781 Et

2105 1837 2348 1890 quamam
2399 1821 2486 1875 illa
2533 1821 2933 1890 consequentia,
2983 1820 3220 1889 inquies,‘
3262 1821 3459 1881 dicere,
3515 1817 3675 1881 Vade,

2105 1928 2226 1967 voca
2253 1914 2409 1966 virum
2439 1924 2579 1966 tuum
2597 1914 2623 1966 ?
2651 1913 2723 1966 De
2747 1912 2890 1966 dono
2916 1912 3167 1981 agebatur
3194 1922 3251 1965 et
3286 1912 3349 1963 de
3386 1911 3552 1980 gratia
3580 1909 3680 1963 liti-

2109 2018 2318 2057 manam
2343 2013 2583 2056 naturam
2609 2012 2911 2071 superante.
2943 2001 3175 2055 Instabat
3205 2002 3394 2054 mulier
3416 2000 3677 2069 ﬂagitans,

2056 2096 2061 2103 ’
2111 2104 2163 2148 ct
2184 2093 2316 2149 dixit
2341 2096 2410 2156 ei,
2456 2094 2587 2146 Voca
2610 2096 2771 2147 virum
2792 2104 2963 2159 tuum;
2990 2094 3331 2147 subindicans
3369 2093 3516 2146 illum
3544 2106 3681 2161 quo-

2110 2202 2214 2257 que
2260 2187 2446 2241 horum
2495 2187 2799 2256 participem
2831 2202 2949 2240 esse
2975 2186 3227 2240 debere‘.
3272 2184 3361 2238 llla
3387 2184 3683 2253 accipiendi

2110 2278 2358 2348 cupida’,
2403 2294 2551 2332 suam
2597 2278 2736 2332 celat
2776 2278 3177 2346 turpitudinem,
3224 2293 3386 2347 seque
3414 2277 3682 2331 hominem

2111 2371 2306 2440 alloqui
2333 2380 2521 2435 putans
2545 2370 2637 2433 ait,
2667 2367 2789 2423 Non
2815 2370 2969 2423 habeo
2994 2373 3171 2422 virum.
3198 2369 3329 2423 Hinc
3352 2370 3685 2423 occasionem

2113 2469 2335 2527 captans
2353 2461 2596 2515 Christus
2616 2468 2913 2529 Opportune
2934 2460 3077 2513 illam
3097 2459 3459 2528 reprehendit,
3486 2468 3689 2513 utrum-

2114 2567 2218 2621 que
2246 2562 2492 2605 accurate
2520 2552 2793 2621 explicans
2826 2568 2838 2603 :
2872 2567 2992 2603 nam
3041 2552 3243 2619 priores
3282 2564 3471 2604 omnes
3500 2564 3689 2603 nume-

2117 2646 2272 2710 ravit,
2304 2654 2359 2699 et
2383 2646 2521 2698 hunc
2545 2644 2809 2699 occultum
2842 2642 3111 2697 revelavit.
3145 2642 3278 2708 Quid
3305 2655 3433 2710 ergo
3459 2642 3691 2694 mulier?

2115 2737 2230 2792 Non
2261 2753 2402 2808 aegre
2448 2738 2584 2798 tulit,
2632 2752 2737 2790 non
2785 2736 2873 2788 illo
2897 2734 3080 2788 relicto
3107 2733 3256 2804 fugit,
3289 2747 3393 2787 non
3425 2732 3476 2786 id
3507 2743 3692 2785 contu-

2120 2830 2333 2883 meliam
2378 2843 2499 2883 esse
2551 2823 2781 2895 putaxit;
2836 2825 2927 2878 sed
2978 2826 3143 2893 magis
3183 2824 3494 2884 admiratur,
3525 2824 3692 2890 magis

2120 2929 2425 2989 perseverat
2452 2936 2465 2971 :
2495 2934 2613 2971 nam
2644 2920 2737 2980 ait,
2780 2915 2933 2968 Video
2967 2915 3082 2983 quia
3108 2914 3352 2985 propheta
3380 2930 3432 2967 es
3461 2924 3535 2966 tu.
3566 2912 3694 2980 Ejus

2121 3026 2248 3064 vero
2279 3009 2611 3077 prudentiam
2644 3008 2932 3077 perpende.
2964 3005 3079 3060 Non
3118 3005 3294 3059 statim
3322 3004 3569 3065 accurrit,
3599 3002 3693 3056 sed

2122 3102 2297 3155 adhuc
2340 3101 2643 3155 considerat
2684 3109 2738 3154 et
2784 3101 3026 3153 miratur.
3077 3098 3206 3153 Illud
3234 3098 3397 3163 enim,
3436 3095 3613 3161 Video,
3642 3094 3694 3148 id

2123 3204 2226 3260 est,
2273 3193 2482 3246 Videris
2524 3192 2653 3245 mihi
2701 3192 2957 3261 propheta
3003 3206 3144 3246 esse.
3199 3188 3398 3245 Deinde
3442 3189 3562 3258 quia
3595 3186 3709 3241 hoc

2125 3286 2388 3354 ειιειιίοειιςι
2420 3295 2556 3348 erat,
2583 3284 2710 3337 nihil
2744 3295 3009 3338 terrenum
3038 3284 3349 3352 interrogat,
3382 3279 3580 3335 nonde
3607 3296 3697 3332 va-

2128 3378 2360 3431 letudine
2386 3376 2624 3445 corporis
2654 3383 2822 3442 rogat,
2849 3390 2951 3427 non
2978 3373 3045 3427 de
3080 3373 3289 3441 Opibus,
3319 3387 3423 3426 non
3462 3371 3529 3426 de
3557 3372 3697 3425 divi-

2128 3470 2234 3523 tiis.
2258 3468 2351 3521 sed
2377 3467 2444 3521 de
2465 3466 2797 3531 dogmatibus
2824 3465 3021 3517 statim.
3054 3462 3188 3530 Quid
3229 3462 3369 3515 enim
3403 3462 3567 3515 dicit?
3605 3462 3695 3515 20.

2129 3558 2309 3612 Patres
2335 3558 2490 3611 nostri
2533 3557 2584 3610 in
2623 3564 2790 3609 monte
2828 3556 2922 3608 hoc
2945 3555 3297 3618 adoraverunt,
3331 3553 3593 3607 Abraham
3623 3556 3698 3607 si-

2127 3651 2404 3720 gniﬁcans,
2454 3664 2610 3718 quem
2657 3648 2822 3701 ﬁlium
2871 3662 2937 3700 eo
2978 3647 3261 3700 adduxisse
3308 3647 3590 3701 dicebant:
3632 3646 3701 3700 Et

2130 3741 2378 3810 quomodo
2403 3756 2489 3793 vos
2515 3740 2680 3793 dicitis
2706 3740 2824 3808 quia
2845 3737 3176 3809 Jerosolymis
3201 3746 3272 3791 est
3298 3738 3438 3792 locus
3463 3739 3547 3792 ubi
3571 3739 3701 3792 ado-

2129 3850 2245 3886 rare
2272 3840 2460 3901 oportet
2478 3832 2502 3884 ἶ)

2204 3926 2254 3977 5.
2302 3923 2345 3976 Ε
2367 3922 2705 3978 Samaritana:
2724 3920 2890 3975 studio
2915 3920 3155 3988 fervorem
3176 3921 3483 3973 audientium
3500 3921 3701 3976 excitat.

2131 4016 2302 4071 Lectio
2342 4016 2624 4069 divinorum
2667 4014 2905 4067 librorum
2948 4014 3343 4066 commendatur.
3374 4013 3513 4067 Libri
3539 4014 3705 4067 aureis

2135 4110 2405 4163 litteris.—
2421 4108 2605 4163 Viden’
2620 4122 2775 4177 quam
2802 4116 2981 4161 mente
2997 4106 3271 4160 sublimior
3286 4107 3551 4160 evaserit?
3573 4105 3704 4159 Nam

2136 4203 2223 4256 illa
2251 4202 2336 4256 cui
2367 4205 2434 4255 de
2454 4200 2685 4254 sedanda
2715 4199 2800 4252 siti
2832 4213 2958 4251 cura
2981 4207 3115 4261 erat,
3142 4197 3249 4266 jam
3277 4197 3345 4251 de
3370 4197 3705 4265 dogmatibus

2136 4297 2446 4364 interrogat.
2483 4293 2621 4360 Quid
2648 4308 2776 4363 ergo
2803 4292 3084 4346 Christus?
3112 4291 3225 4344 Non
3264 4290 3421 4344 solvit
3452 4290 3707 4360 quaestio-

2137 4404 2258 4443 nem
2286 4388 2431 4458 (non
2472 4386 2614 4440 enim
2657 4386 2758 4440 hoc
2799 4386 3037 4449 curabat,
3070 4394 3128 4438 ut
3163 4384 3229 4438 ad
3256 4385 3431 4437 omnia
3461 4394 3710 4439 accurate

2138 4481 2512 4548 responderet;
2544 4480 2594 4533 id
2637 4479 2832 4548 quippe
2866 4492 3311 4544 supervacaneum
3352 4475 3583 4547 fuisset),
3615 4477 3709 4531 sed

2138 4586 2321 4625 rursus
2364 4571 2638 4624 mulierem
2683 4569 2748 4622 ad
2798 4568 3053 4638 majorem
3102 4567 3475 4621 sublimitatem
3529 4567 3708 4631 ducit;

2139 4681 2237 4720 nec
2285 4665 2429 4733 prius
2476 4664 2562 4717 illa
2609 4670 2817 4726 tractat,
2864 4677 3020 4731 quam
3054 4660 3244 4714 mulier
3287 4659 3533 4714 confessa
3566 4670 3713 4715 esset

2139 4758 2311 4826 ipsum
2333 4770 2450 4809 esse
2478 4752 2807 4823 prophetam,
2828 4765 2887 4805 ut
2910 4752 3163 4820 majorem
3188 4761 3367 4819 postea
3381 4751 3533 4806 dictis
3554 4751 3712 4806 ﬁdem

2141 4848 2381 4902 haberet.
2410 4846 2538 4913 Qua:
2561 4847 2703 4899 enim
2737 4845 2837 4897 hoc
2866 4843 3127 4908 crederet,
3157 4858 3261 4896 non
3292 4844 3427 4896 ultra
3468 4842 3535 4897 de
3560 4842 3715 4899 dictis

2139 4940 2439 4991 duhitatura
2488 4945 2620 4989 erat.
2665 4934 2871 4988 Pudeat
2899 4949 3027 5002 ergo
3053 4949 3169 4996 nos,
3218 4943 3272 4987 et
3316 4935 3713 4989 erubescamus.

2141 5031 2327 5085 Mulier
2352 5045 2472 5099 qua:
2502 5030 2732 5098 quinque
2758 5028 2900 5081 viros
2927 5027 3201 5089 habuerat,
3230 5026 3579 5089 Samaritana,
3604 5034 3717 5080 tan-

2144 5132 2251 5175 tum
2268 5121 2525 5175 doctrinae
2539 5118 2874 5173 addiscendze
2887 5119 3117 5172 studium
3131 5118 3309 5182 habet,
3330 5133 3429 5172 nec
3446 5119 3569 5170 hora
3585 5117 3713 5185 diei,

2142 5228 2243 5268 nec
2259 5210 2400 5266 aliud
2421 5209 2642 5281 quodvis
2655 5207 2890 5263 ofﬁcium
2906 5210 2985 5262 vel
3005 5208 3270 5276 negotium
3284 5208 3423 5260 illam
3442 5207 3510 5260 ab
3531 5206 3717 5276 hujus-

2144 5305 2287 5359 modi
2302 5303 2595 5373 quaestione
2615 5300 2859 5355 abducit:
2884 5314 2983 5354 nos
3009 5308 3185 5353 autem
3218 5313 3321 5352 non
3342 5297 3498 5351 modo
3521 5298 3590 5352 de
3616 5299 3716 5352 do-

2143 5396 2408 5466 gmatibus
2437 5408 2541 5448 non
2568 5393 2974 5463 interrogamus,
2998 5393 3089 5445 sed
3109 5391 3159 5443 in
3180 5389 3427 5443 omnibus
3468 5391 3721 5444 socordes

2147 5487 2428 5557 ignatique
2470 5500 2675 5539 sumus.
2722 5484 2846 5539 Ideo
2873 5483 3048 5537 omnia
3079 5481 3433 5551 negliguntur.
3477 5481 3605 5547 Quis
3630 5496 3720 5535 ve-

2209 5619 2225 5649 ι
2246 5626 2359 5675 Qua:
2382 5620 2652 5678 sequuntur
2674 5622 2780 5677 post
2803 5612 2940 5673 illud,
2967 5620 3089 5661 Voca
3111 5608 3267 5662 virum
3284 5617 3436 5673 tuum,
3476 5610 3557 5660 alii
3579 5608 3720 5661 aliter

2146 5681 2375 5732 eﬁ'erunt.

2211 5746 2229 5774 ²
2263 5740 2425 5792 Morel.
2462 5738 2643 5789 habet:
2682 5735 2770 5786 tua
2796 5734 2941 5786 latere
2964 5732 3177 5799 cupiens.
