4100 6364
437 308 533 359 187

431 433 623 489 atrum,
654 441 855 493 qnagso,
887 429 1030 486 domi
1059 432 1405 491 christianum
1436 439 1623 491 librum
1646 442 1850 510 arripit.
1868 442 2006 495 dicta

430 518 720 582 examinat,
778 532 868 575 aut
919 522 1245 592 Scripturam
1291 532 1598 584 scrutatur?
1644 530 1811 586 Nemo
1841 549 2005 598 sane;

428 608 523 662 sed
553 610 688 664 talos
714 621 767 666 et
796 614 959 668 cubes
985 617 1124 685 apud
1149 618 1432 689 plerosqtte
1466 623 1813 687 inveniemus,
1844 627 2007 681 libros

429 716 706 771 nusquam,
759 705 840 758 vel
885 708 1023 775 apud
1076 723 1268 775 paucos
1309 722 1474 767 certe.
1510 715 1571 767 lli
1621 730 1749 771 vero
1788 719 2005 785 perinde

426 794 600 848 all‘ecti
650 807 792 857 sunt.
825 808 984 868 atque
1015 800 1047 853 ii
1075 803 1163 870 qui
1197 819 1299 857 non
1330 804 1548 871 habent,
1578 810 1665 878 qui
1702 809 1889 879 ligatos
1919 813 2003 866 vel

426 900 646 954 prorsus
693 889 742 941 in
789 892 999 945 scriniis
1037 894 1307 963 depositas
1335 911 1568 963 servant,
1598 917 1857 971 omneque
1886 914 2000 958 stn-

424 976 569 1029 dium
600 991 801 1046 ponunt
840 981 890 1034 in
922 984 1351 1040 membranarum
1382 991 1657 1053 tenuitate,
1685 1003 1775 1047 aut
1803 996 1852 1047 in
1882 996 2001 1049 lite-

424 1083 601 1120 rarum
633 1072 1043 1137 pulchritudine.
1074 1080 1311 1146 neglecta
1356 1081 1603 1137 lectiOne.
1636 1084 1817 1156 Neque
1856 1090 1997 1143 enim

420 1161 484 1210 ad
510 1162 791 1217 utilitatem
828 1169 1130 1235 quampiam
1178 1170 1297 1225 illos
1326 1175 1624 1241 acquirunt,
1654 1179 1745 1230 sed
1775 1189 1829 1231 ut
1866 1194 1996 1248 opu-

422 1251 634 1306 lentiam
666 1270 815 1310 suam
848 1260 1127 1316 ambitiose
1156 1273 1427 1319 ostentent
1459 1284 1473 1320 :
1506 1275 1680 1322 tantus
1707 1282 1789 1324 est
1826 1271 1997 1325 inanis

418 1344 600 1407 gloriae
642 1346 828 1402 fastus.
870 1349 1149 1408 Neminem
1198 1357 1356 1411 audio
1403 1358 1453 1413 id
1498 1361 1701 1416 ambire
1744 1374 1802 1417 ut
1834 1366 1996 1420 libros

418 1432 707 1504 intelligat;
739 1439 831 1493 sed
869 1442 1044 1508 potius
1073 1459 1132 1499 se
1169 1446 1335 1501 libros
1363 1450 1560 1505 habere
1583 1452 1785 1519 jactant
1819 1459 1995 1511 aureis

417 1521 585 1578 literis
610 1532 857 1597 scriptos.
891 1531 957 1585 Et
977 1535 1127 1602 quid,
1159 1552 1361 1605 quaeso,
1405 1540 1528 1596 hinc
1554 1543 1685 1598 lucri
1713 1549 1993 1613 provenit?

415 1614 527 1668 Non
559 1620 701 1672 enim
730 1635 1010 1691 propterea
1040 1626 1181 1682 data:
1226 1631 1379 1684 nobis
1421 1644 1545 1687 sunt
1588 1634 1902 1704 Scriptum.
1937 1649 1994 1693 ut

414 1707 531 1759 illas
564 1709 614 1761 in
660 1710 809 1765 libris
855 1721 1060 1769 tantum
1099 1716 1431 1786 habeamus;
1452 1723 1546 1778 sed
1576 1732 1632 1779 ut
1661 1727 1711 1780 in
1741 1728 1992 1785 cordibus

412 1796 795 1865 insculpamus.
827 1802 985 1860 Certe
1026 1805 1140 1861 haec
1186 1809 1439 1867 librorum
1466 1819 1733 1883 possessio
1757 1819 1988 1877 Judaica:

409 1889 717 1944 ambitionis
745 1904 846 1959 est,
880 1910 999 1950 cum
1030 1898 1275 1955 videlicet
1321 1916 1584 1975 przecepta
1627 1908 1791 1964 literis
1816 1913 1987 1967 solum

409 1980 749 2035 mandantur.
782 1985 943 2041 Nobis
973 1989 1154 2059 utique
1197 2008 1302 2047 non
1347 1997 1415 2048 ab
1447 1997 1595 2051 initio
1642 2001 1719 2054 sic
1750 2003 1832 2057 lex
1864 2004 1986 2059 data

410 2071 526 2136 fuit,
557 2073 649 2127 sed
677 2076 725 2127 in
751 2077 940 2132 tabulis
965 2082 1141 2136 cordis
1171 2086 1491 2142 carnalibus.
1526 2089 1649 2145 Haec
1689 2109 1816 2148 vero
1843 2095 1984 2163 dico,

407 2177 515 2216 non
547 2166 683 2233 quod
705 2167 868 2223 libros
884 2185 1195 2240 comparare
1214 2177 1546 2245 prohibeam,
1572 2184 1678 2238 imo
1717 2186 1765 2239 id
1803 2187 1982 2255 laudo,

406 2263 461 2306 et
502 2264 560 2309 nt
600 2256 689 2310 fiat
741 2270 970 2329 empto;
1015 2264 1106 2317 sed
1156 2267 1310 2322 velim
1352 2285 1535 2326 eorum
1578 2287 1631 2329 et
1660 2277 1799 2332 dicta
1829 2282 1897 2334 ita
1932 2293 1985 2336 et

405 2359 559 2400 sensa
601 2350 651 2402 in
694 2352 887 2406 animis
919 2358 1113 2410 nostris
1140 2363 1362 2427 versari,
1394 2375 1451 2418 ut
1487 2367 1519 2419 ii
1552 2371 1868 2438 scriptorum
1900 2378 1982 2429 in-

409 2437 700 2506 telligentia
752 2456 1063 2513 purgentur.
1097 2447 1227 2503 Nam
1259 2452 1301 2505 si
1333 2454 1570 2522 domum,
1622 2437 1709 2514 ubi
1740 2462 1981 2534 Evange-

403 2529 532 2582 liutn
563 2540 664 2597 est,
696 2535 844 2589 adire
874 2553 977 2591 non
1010 2541 1171 2595 audet
1211 2543 1483 2609 diabolus;
1516 2552 1683 2606 multo
1712 2529 1978 2612 minus‘ad

402 2622 631 2676 animam
669 2628 987 2697 evangelicis
1015 2632 1268 2688 imbutam
1304 2643 1585 2696 sententiis
1609 2646 1864 2702 accedere
1889 2660 1980 2705 aut

402 2713 613 2770 dzemon
642 2728 733 2771 aut
763 2732 1039 2789 peccatum
1071 2727 1307 2786 audebit.
1356 2731 1635 2789 Sanctihca
1680 2740 1838 2808 igitur
1864 2744 1976 2796 ani.

400 2820 541 2859 mam
574 2817 734 2873 tuam,
770 2815 1037 2870 sanctiﬁca
1069 2834 1265 2889 corpus
1294 2840 1305 2874 :
1338 2823 1451 2879 lure
1480 2842 1693 2898 semper
1722 2832 1774 2885 in
1812 2836 1977 2892 corde

397 2906 452 2950 et
480 2898 529 2951 in
554 2900 727 2970 lingua
749 2919 949 2959 verses.
980 2906 1111 2961 Nam
1140 2912 1183 2963 si
1213 2915 1381 2981 turpia
1411 2918 1568 2972 \erba
1603 2921 1897 2992 inquinant.
1922 2936 1977 2981 et

396 2988 668 3046 damones
697 3006 953 3058 evocant;
1000 3001 1170 3067 palam
1206 3013 1353 3060 certe
1388 3018 1468 3060 est
1499 3009 1779 3067 lectionem
1811 3018 1971 3085 spiri-

396 3082 591 3136 tnalem
618 3086 952 3145 sanetificare
978 3102 1032 3145 et
1072 3095 1399 3162 Spiritualem
1428 3104 1649 3170 gratiam
1681 3082 1968 3164 attrahere.

394 3173 680 3244 Scriptura:
692 3178 867 3234 divina
882 3192 1005 3237 sunt
1020 3189 1245 3243 cantica.
1264 3190 1552 3249 Cantemus
1568 3213 1696 3268 ergo
1714 3202 1847 3255 intra
1874 3220 1971 3260 nos

392 3265 557 3334 ipsos.
586 3284 649 3323 ac
672 3272 867 3327 morbis
889 3275 1080 3331 anima:
1111 3278 1226 3336 ham
1245 3285 1479 3339 remedia
1516 3288 1883 3347 adhibeamus.
1915 3299 1967 3351 Si

392 3363 649 3418 sciremus
692 3368 834 3420 enim
852 3384 912 3423 ea
930 3385 1050 3440 qua:
1078 3373 1343 3443 leguntur,
1365 3394 1557 3449 magno
1580 3384 1662 3437 illa
1687 3387 1861 3442 studio
1877 3406 1970 3443 au-

388 3451 643 3508 diri-mus.
673 3456 795 3511 Hzrc
816 3475 1031 3530 semper
1055 3464 1196 3530 dico,
1218 3482 1317 3522 nec
1345 3468 1501 3524 finem
1520 3473 1727 3530 dicendi
1756 3479 1961 3535 faciam.

386 3545 576 3598 Annon
593 3546 875 3603 absurdum
895 3552 1069 3618 fuerit,
1096 3556 1279 3614 sidnm
1299 3559 1539 3618 homines
1563 3566 1613 3621 in
1640 3567 1752 3622 foro
1768 3574 1963 3626 seden-

388 3645 488 3694 tes.
503 3639 800 3709 aurigarum
821 3652 874 3697 et
888 3647 1196 3705 saltatorum
1215 3654 1450 3722 nomina,
1473 3673 1659 3726 genus,
1675 3663 1851 3727 urbes,
1886 3666 1965 3719 in-

385 3727 665 3793 dustriam,
700 3732 805 3786 imo
848 3751 1105 3806 equorum
1152 3742 1400 3801 virtutem
1427 3759 1521 3802 aut
1548 3751 1668 3804 vitia
1703 3768 1921 3810 narrant
1945 3774 1958 3788 ο

386 3818 458 3870 illi
488 3821 574 3887 qui
606 3820 707 3876 huc
728 3830 1074 3893 Conveniunt,
1107 3847 1294 3887 eorum
1322 3853 1441 3906 qua:
1467 3838 1551 3894 hic
1571 3853 1800 3911 aguntur
1831 3847 1959 3901 nihil

380 3912 573 3977 sciant,
620 3916 724 3967 imo
765 3917 936 3985 ipsum
987 3922 1243 3978 librorum
1277 3944 1554 3985 numerum
1597 3934 1877 4003 ignorent?
1904 3938 1956 3993 Si

377 4005 519 4057 enim
569 4008 856 4076 voluptatis
900 4025 1059 4067 causa
1094 4015 1178 4069 illa
1227 4021 1509 4088 percipias,
1542 4027 1817 4081 ostendam
1865 4031 1956 4086 tibi

1172 320 1228 376 S.
1264 321 1539 379 JOANNIS
1576 325 2041 383 CHRYSOSTOMI
2079 329 2391 393 AliCillEP.
2431 338 2960 402 CONSTANTINUP.

3588 362 3686 415 188

2114 445 2236 500 hinc
2263 450 2516 517 majorem
2542 455 2753 524 decerpi
2779 461 3119 529 voluptatem.
3143 466 3278 539 Quid
3294 470 3457 537 enim,
3478 488 3681 543 quaeso,

2112 542 2366 594 suavius?
2389 546 2513 613 quid
2541 550 2874 605 mirabilius?
2897 569 2963 607 an
3006 556 3274 615 hominem
3309 578 3428 618 cum
3468 566 3681 623 homine

2111 629 2392 688 luctantem
2417 653 2657 705 cernere,
2688 658 2752 695 an
2778 645 3041 701 hominem
3068 666 3188 706 cum
3215 653 3427 709 diabolo
3448 674 3681 729 pugnano

2111 730 2239 783 tem,
2267 735 2319 778 et
2343 742 2537 797 corpus
2560 746 2678 785 cum
2704 734 3013 805 incorporea
3047 749 3306 809 potestate
3330 750 3678 823 congrediens

2108 826 2164 872 et
2182 826 2475 889 superans?
2501 826 2601 880 Has
2621 844 2822 899 pugnas
2837 836 3276 904 contemplemur;
3298 839 3412 908 has,
3440 844 3674 914 inquam,

2106 926 2239 980 quas
2271 915 2466 970 imitari
2491 918 2743 975 (iecorum
2779 925 3011 995 utileqne
3038 938 3139 992 est,
3171 945 3303 999 quas
3327 935 3414 1002 qui
3464 936 3674 990 imitan-

2107 1009 2211 1065 tur,
2258 1018 2508 1060 coronam
2558 1011 2869 1080 accipiunt:
2900 1030 3004 1071 non
3054 1028 3231 1073 autem
3280 1022 3417 1089 illas,
3449 1041 3672 1094 quarum

2103 1094 2337 1151 studium
2367 1099 2703 1168 ignominiam
2735 1107 2871 1175 parit
2893 1108 3238 1167 imitantibus.
3267 1113 3565 1172 lllamenhn
3584 1138 3675 1187 pn-

2101 1200 2257 1254 gnam
2274 1203 2393 1243 cnm
2418 1190 2746 1250 d:rmonibus
2762 1200 3006 1266 aspicies,
3029 1203 3072 1256 si
3089 1208 3378 1273 aspexeris;
3401 1209 3536 1265 banc
3553 1228 3670 1266 cum

2100 1280 2300 1348 angelis
2318 1294 2371 1336 et
2392 1286 2698 1355 angelorum
2721 1291 2735 1321 ¹
2758 1291 3001 1347 Domino.
3018 1295 3112 1351 Dic
3145 1301 3285 1352 enim
3308 1301 3458 1367 mihi,
3482 1306 3525 1358 si
3555 1306 3670 1360 lice-

2101 1384 2177 1426 ret
2197 1374 2286 1429 tibi
2300 1390 2419 1430 cum
2441 1380 2761 1449 principibus
2773 1399 2835 1438 ac
2851 1388 3060 1456 regibus
3072 1392 3343 1449 sedentem
3357 1402 3671 1467 spectaculis

2102 1463 2224 1529 frui,
2252 1482 2428 1522 annon
2460 1471 2585 1526 illttd
2613 1474 2765 1529 valde
2787 1475 3134 1535 honorificum
3156 1487 3405 1552 putares?
3429 1490 3521 1545 llic
3545 1507 3670 1546 vero

2098 1569 2216 1608 cum
2251 1558 2393 1629 Rege
2432 1563 2743 1631 angelorum
2786 1568 2969 1624 videns
2997 1570 3267 1631 diabolum
3308 1592 3334 1629 a
3358 1579 3519 1635 dorso
3544 1597 3667 1637 cor-

2099 1660 2328 1715 reptum.
2377 1655 2836 1715 relnctantem'ac
2878 1664 3089 1719 vincere
3139 1666 3331 1724 frustra
3362 1685 3663 1741 Conantem,

2096 1752 2272 1792 annon
2299 1744 2470 1797 curris
2495 1748 2559 1800 ad
2593 1748 2692 1803 hoc
2721 1755 3122 1820 spectaculum?
3151 1757 3219 1813 Et
3259 1765 3546 1831 quomodo,
3582 1768 3664 1821 in-

2094 1832 2265 1900 quies,
2319 1847 2539 1903 possunt
2596 1838 2709 1894 haec
2740 1842 2892 1897 fieri?
2932 1845 2985 1900 Si
3039 1847 3227 1904 librum
3274 1868 3382 1920 pra:
3426 1860 3666 1914 manibus

2096 1923 2311 1978 habeas.
2358 1927 2411 1981 In
2463 1930 2552 1984 illo
2600 1947 2829 2003 namque
2860 1937 3086 2003 videbis,
3114 1952 3167 1995 et
3211 1942 3400 2010 fossas,
3430 1957 3485 2001 et
3512 1954 3663 2021 longa

2030 2078 2041 2089 .
2094 2018 2379 2081 curricula,
2406 2030 2461 2074 et
2489 2026 2732 2092 captandi
2763 2042 2940 2091 ansas,
2975 2043 3028 2086 et
3050 2033 3177 2100 justi
3209 2036 3508 2092 artificium.
3541 2041 3663 2098 llzec

2091 2108 2134 2161 si
2184 2112 2483 2179 spectacula
2534 2115 2791 2180 intueare.
2845 2120 3019 2175 disces
3068 2127 3305 2180 certandi
3347 2131 3579 2195 inodtmi,
3607 2142 3661 2187 et

2088 2200 2361 2257 dminonas
2405 2209 2699 2274 superabis.
2737 2209 2824 2264 Illa
2855 2229 2983 2268 vero
3027 2220 3323 2283 Spectacula
3356 2223 3657 2281 daemonum

2089 2304 2214 2348 sunt
2240 2296 2601 2360 celebritates.
2630 2316 2734 2355 non
2767 2303 3039 2360 hominum
3071 2309 3273 2365 theatra
3296 2312 3337 2365 ³.
3369 2314 3498 2370 Nam
3526 2321 3568 2371 si
3608 2320 3656 2374 in

2089 2386 2349 2443 idolorum
2395 2393 2646 2460 templum
2689 2412 2793 2450 non
2846 2398 2967 2453 licet
3014 2401 3235 2470 ingredi.
3286 2408 3454 2461 multo
3485 2413 3657 2467 minus

2086 2480 2208 2535 licet
2237 2482 2286 2535 in
2316 2485 2602 2540 satanicam
2629 2488 3010 2545 celebritatem.
3043 2492 3167 2550 llaec
3187 2498 3364 2554 dicere
3387 2511 3437 2555 et
3458 2504 3657 2572 agitare

2085 2588 2191 2627 non
2241 2573 2501 2642 desinam,
2544 2578 2713 2634 donec
2757 2597 2852 2637 vos
2880 2593 3110 2641 mutatos
3149 2589 3352 2645 videro.
3383 2592 3656 2652 Namluec

2082 2664 2281 2731 dicere,
2326 2666 2460 2720 Mi/ii
2495 2671 2692 2737 quidem
2738 2691 2836 2727 non
2866 2677 3083 2746 pigrum,
3118 2680 3304 2749 inqttit,
3334 2686 3469 2739 vobis
3492 2699 3655 2743 autem

2083 2768 2245 2811 lutum
2292 2771 2364 2814 est
2394 2760 2657 2834 (Philipp.
2696 2766 2748 2820 5.
2780 2769 2800 2822 l
2920 2769 2995 2825 Ne
3035 2772 3191 2843 igitur
3236 2777 3649 2836 admonitionem

2080 2866 2221 2915 a-gre
2249 2853 2447 2908 feratis.
2481 2856 2611 2912 Nam
2642 2860 2686 2914 si
2722 2863 2953 2931 graviter
2978 2864 3274 2936 ferendum,
3318 2873 3445 2926 mihi
3480 2877 3652 2941 potius

2079 2956 2220 2997 esset
2249 2945 2336 3011 qui
2363 2963 2465 3001 non
2488 2949 2692 3013 audior,
2718 2969 2875 3022 quam
2902 2958 3054 3012 vobis
3074 2960 3162 3029 qui
3190 2976 3401 3032 semper
3435 2969 3647 3035 auditis,

2079 3051 2365 3101 numquam
2396 3049 2571 3095 autem
2616 3043 3011 3112 obtemperatis.
3048 3050 3151 3106 Sed
3192 3055 3332 3109 absit
3361 3068 3415 3111 ut
3442 3073 3651 3129 semper

2078 3143 2171 3180 vos
2213 3143 2466 3186 accusare
2504 3147 2694 3203 cogar;
2744 3136 2875 3192 faxit
2920 3139 3059 3194 Deus
3098 3153 3155 3197 ut
3194 3143 3294 3199 hac
3327 3150 3647 3217 turpitudine

2075 3219 2305 3284 liberati,
2355 3225 2613 3292 spirituali
2663 3229 3332 3302 spectaculo‘dignemini,
3381 3248 3435 3293 et
3474 3239 3643 3297 futura

2072 3314 2238 3381 gloria
2270 3313 2521 3370 fruamini
2549 3335 2562 3369 :
2602 3321 2771 3387 gratia
2795 3329 2848 3376 et
2891 3322 3217 3395 benignitate
3244 3329 3451 3386 Domini
3477 3337 3643 3390 nostri

2070 3403 2198 3459 Jesn
2246 3406 2462 3471 Christi,
2510 3410 2721 3477 quicum
2776 3412 2915 3467 Patri
2943 3416 3132 3485 gloria,
3190 3436 3397 3492 unaque
3427 3424 3643 3495 Spiritui

2068 3506 2275 3560 sancto,
2300 3497 2351 3550 in
2384 3499 2573 3553 smcnla
2604 3503 2943 3558 stecnlorum.
2978 3508 3169 3564 Amen.

2130 3672 2146 3702 ί
2181 3671 2303 3742 s_avil
2334 3670 2518 3732 habet,
2543 3687 2653 3723 cum
2675 3675 2858 3740 angelis
2886 3684 2932 3727 et
2968 3679 3270 3745 archangeli:
3291 3690 3337 3734 et
3359 3687 3639 3749 angcfonmt

2067 3739 2283 3782 Domino.

2126 3796 2160 3861 '_
2180 3794 2235 3842 In
2269 3793 2431 3861 Morel.
2458 3794 2765 3861 legitur....._.
2792 3798 2957 3849 videns
2985 3800 3231 3853 diabolum
3250 3820 3315 3856 ea:
3333 3810 3541 3860 oraculis
3562 3812 3637 3861 di-

2064 3854 2389 3919 vinispudore
2409 3854 2657 3919 suffusum,
2683 3858 3009 3912 reluctantem.

2129 3919 2149 3987 ξ
2181 3918 2275 3987 Hie
2294 3919 2425 3987 addit
2445 3918 2585 3987 sava.
2612 3930 2627 3968 :
2656 3927 2837 3986 Itaque,
2859 3924 3055 3975 obsecro
3077 3939 3172 3987 vos,
3192 3942 3223 3977 a
3242 3931 3468 3983 satamct's
3496 3932 3636 3984 obsti-

2063 3986 2167 4029 nete
2190 3978 2558 4029 celebrantibus.

2124 4041 2146 4072 δ
2180 4041 2341 4090 Morel.
2366 4042 2532 4117 habet,
2554 4043 2748 4096 (sternis
2772 4044 2931 4106 bonis,
2958 4061 3063 4110 pro,
3086 4049 3329 4114 spirituali
3345 4055 3631 4117 spectaculo.

374 4136 3611 4194 NW

1681 4235 2029 4299 HOMILIA
2076 4240 2378 4303 XXXIII.

368 4366 459 4421 21.
490 4365 626 4420 Dicit
654 4368 696 4421 ei
722 4367 910 4423 Iesus:
942 4369 994 4423 Μ
1002 4372 1145 4435 ulier,
1169 4374 1315 4427 crede
1335 4377 1476 4435 mihi.
1504 4380 1622 4447 quia
1652 4384 1779 4436 venit
1802 4384 1946 4451 hora,

437 4461 640 4529 quando
677 4478 834 4531 neque
857 4463 909 4515 in
932 4473 1096 4516 monte
1123 4467 1235 4530 hoc,
1263 4485 1419 4533 neque
1450 4469 1786 4543 Jerosolgmis
1814 4476 1944 4529 ado-

439 4555 613 4606 rubitis
666 4552 891 4607 Patrem.
947 4555 1036 4609 22.
1099 4556 1197 4610 Vos
1245 4561 1470 4614 adoratis
1509 4566 1645 4632 quod
1695 4569 1896 4620 nescitis
1927 4583 1947 4621 :

434 4660 527 4698 nos
582 4644 852 4699 adoramus
917 4647 1053 4714 quod
1114 4651 1317 4716 scimus,
1371 4653 1491 4721 quia
1538 4656 1676 4708 salus
1730 4673 1795 4710 ea:
1843 4658 1943 4711 Ju-

432 4736 554 4789 dteis
584 4746 675 4789 est.

434 4828 487 4880 4.
517 4826 662 4879 Fidei
686 4828 972 4883 necessitas.
1000 4827 1146 4882 Illud
1164 4873 1179 4895 ,
1212 4830 1383 4887 Crede
1412 4834 1580 4900 mihi,
1612 4838 1938 4894 mulier......

358 4919 647 4973 adulabilis
676 4919 905 4984 Patrem,
956 4934 1343 4977 commentatur.
1375 4924 1551 4979 Cultus
1579 4927 1938 4984 Samaritano-

356 5028 490 5064 rum.
522 5010 822 5064 Iudaeorum
848 5029 1001 5079 super
1043 5014 1393 5068 Somaritanos
1420 5022 1727 5080 prwstantia.
1752 5021 1939 5076 Citriin

353 5103 405 5154 in
428 5112 774 5155 testamentum
801 5113 937 5155 vetus
964 5104 1283 5173 suﬂrugium.
1308 5137 1377 5146 —
1404 5106 1611 5175 Ubique
1638 5110 1740 5165 llde
1781 5114 1935 5169 nobis

352 5206 487 5260 opus
508 5203 609 5257 est,
641 5192 843 5256 dilecti,
869 5192 991 5253 fide,
1026 5194 1282 5249 bonorum
1325 5207 1515 5259 matre,
1550 5201 1737 5254 salutis
1764 5202 1935 5257 medi-

352 5282 625 5342 cina.sine
652 5297 755 5352 qna
806 5282 1004 5335 nullam
1056 5299 1363 5350 magnarum
1412 5302 1588 5340 rerum
1629 5290 1926 5344 doctrinam

353 5375 622 5441 percipere
651 5390 969 5442 possumus;
997 5376 1089 5430 sed
1133 5377 1349 5444 perinde
1392 5388 1549 5447 atque
1579 5382 1651 5435 illi
1680 5384 1768 5450 qui
1812 5386 1929 5439 sine

351 5466 469 5515 navi
498 5479 640 5518 mare
668 5465 911 5534 trajicere
937 5476 1216 5529 conantur,
1253 5468 1514 5521 tantillum
1548 5482 1770 5537 possunt
1811 5489 1927 5527 ma-

349 5557 503 5608 nibus
535 5556 857 5625 pedibusque
884 5569 1086 5620 natare,
1116 5558 1207 5612 sed
1237 5560 1458 5613 ulterius
1500 5565 1786 5631 progressi,
1816 5565 1925 5619 cito

349 5661 377 5697 δ
402 5627 644 5698 fluctibus
667 5646 1076 5716 demerguntur;
1123 5650 1200 5703 sic
1246 5659 1299 5702 et
1321 5650 1407 5718 qni
1452 5652 1675 5719 pmpriis
1702 5665 1924 5710 utuntur

348 5738 657 5804 ratiociniis,
681 5748 959 5809 antequam
987 5741 1287 5811 didicerint,
1323 5744 1652 5815 naufragium
1678 5746 1876 5803 faciunt
1904 5767 1917 5803 :

2057 4385 2502 4454 quemadmodum
2524 4396 2577 4442 et
2602 4387 2795 4442 Paulus
2832 4390 2925 4455 ait,
2952 4390 3051 4457 Qui
3077 4393 3209 4447 circa
3238 4396 3388 4463 ﬁdem
3417 4404 3627 4471 naufra-

2051 4486 2253 4544 garunt.
2277 4476 2424 4544 Quod
2456 4495 2520 4531 ne
2541 4495 2637 4533 nos
2665 4495 2875 4550 quoque
2897 4483 3175 4550 patiamur,
3201 4501 3403 4542 sacram
3447 4502 3625 4547 tenea-

2053 4583 2169 4621 mus
2197 4583 2467 4632 ancoram,
2492 4585 2588 4639 per
2616 4587 2773 4640 quam
2799 4571 3044 4629 Christus
3065 4574 3450 4635 Samaritanam
3475 4600 3612 4638 mine

2048 4659 2211 4712 ducit.
2236 4659 2365 4713 Nam
2388 4676 2505 4714 cum
2538 4662 2622 4716 illa
2650 4662 2873 4727 diceret,
2906 4664 3168 4729 Quomodo
3204 4684 3288 4722 vos
3311 4672 3477 4726 dicitis
3503 4675 3621 4743 quia

2047 4752 2098 4803 in
2126 4751 2457 4822 Jerosolymis
2495 4766 2567 4807 est
2609 4757 2766 4821 locus,
2801 4757 2853 4809 in
2878 4774 2976 4825 quo
3001 4770 3193 4828 oportet
3232 4763 3484 4819 adorare?
3528 4783 3612 4823 re-

2046 4843 2259 4909 spondit
2285 4842 2530 4897 Christus
2558 4862 2570 4895 :
2597 4845 2755 4899 Crede
2779 4848 2923 4913 mihi,
2948 4851 3146 4914 mulier,
3172 4855 3289 4922 quia
3314 4857 3443 4909 venit
3469 4858 3613 4923 liora,

2042 4935 2244 5000 quando
2267 4952 2423 5005 neque
2449 4936 2501 4989 in
2535 4935 2885 5008 Jerosolymis,
2912 4958 3069 5012 neque
3091 4944 3143 4996 in
3177 4956 3344 5001 monte
3374 4948 3465 5002 hoc
3490 4951 3617 5005 ado-

2041 5026 2215 5079 rubitis
2242 5026 2465 5081 Patrem.
2489 5028 2770 5083 Maximum
2804 5031 2925 5087 huic
2949 5032 3140 5103 dogma
3176 5037 3451 5104 revelavit,
3472 5042 3613 5111 quod

2041 5131 2141 5171 nec
2167 5117 2472 5180 Nieodeino,
2495 5135 2592 5173 nec
2611 5120 2921 5177 Nathanaeli
2944 5124 3095 5180 dixit.
3116 5126 3237 5182 Haec
3255 5144 3350 5183 sua
3378 5130 3614 5188 Judaicis

2041 5209 2403 5273 praestantiora
2439 5224 2559 5263 esse
2607 5213 2900 5275 contendit,
2949 5224 3003 5269 et
3046 5225 3255 5283 patrum
3298 5224 3609 5281 auctoritate

2039 5295 2249 5351 ﬁrmare
2279 5299 2466 5352 nititur
2488 5319 2499 5353 :
2518 5300 2763 5356 Christus
2786 5318 2913 5358 vero
2938 5306 3066 5359 nihil
3092 5309 3155 5360 ad
3185 5308 3286 5363 hoc
3314 5315 3585 5382 reSpondit

2035 5387 2493 5456 Supervacaneum
2520 5393 2662 5446 enim
2694 5404 2817 5449 tunc
2843 5396 3023 5451 fuisset
3051 5400 3352 5462 ostendere,
3385 5419 3480 5457 cur
3514 5420 3576 5474 pa

2034 5489 2144 5533 tres
2175 5481 2225 5533 in
2256 5493 2453 5546 monte,
2492 5499 2588 5537 cur
2632 5484 2798 5540 Juda-i
2829 5487 2878 5540 in
2906 5487 3253 5561 Jerosolymis
3294 5495 3597 5551 adorarent.

2031 5570 2155 5626 Ideo
2209 5573 2335 5628 illud
2382 5578 2576 5639 tacuit;
2610 5586 2663 5630 et
2696 5579 2898 5633 sublata
2946 5580 3013 5636 de
3042 5584 3314 5654 utriusque
3341 5587 3437 5646 loci
3470 5605 3601 5657 prte-

2028 5664 2218 5715 stantia
2247 5664 2556 5730 quaestione.
2582 5666 2696 5734 ejus
2717 5669 2944 5723 animant
2971 5673 3152 5740 erigit,
3182 5677 3468 5730 ostendens
3498 5696 3596 5732 ne-

2027 5767 2132 5821 que
2169 5753 2381 5809 Judmos
2436 5772 2607 5825 neque
2642 5768 2821 5827 patres
2848 5775 3002 5830 posse
3046 5780 3289 5834 magnum
3328 5768 3595 5837 quidpiam
