4100 6364
291 295 394 352 187

295 425 379 460 σιν
414 407 721 477 εὑρήσομεν
750 405 930 470 ὄντας,
964 404 1142 477 βιϐλία
1173 406 1230 458 66
1271 403 1527 476 οὐδαμοῦ.
1561 404 1698 459 ἀλλά
1729 406 1822 458 καὶ
1844 417 1870 446 α

292 490 424 560 παρ’
459 489 685 557 ὀλίγοις.
731 489 843 541 Καὶ
870 482 1015 542 οῦτοι
1039 488 1096 541 66
1128 495 1241 552 τοῖς
1265 489 1365 541 οὐκ
1417 488 1630 558 ἔχουσιν
1671 486 1873 557 ὁμοίως

290 572 611 632 διάκεινται,
647 571 909 642 δήσαντες
932 572 1071 625 αύτά
1105 574 1200 625 καὶ
1230 572 1557 642 ἀποθέμενοι
1584 570 1871 631 διαπαντὸς

290 657 350 709 ἐν
376 655 653 716 κιϐωτίοις
676 671 689 684 °
716 655 808 707 καὶ
827 656 861 725 ή
890 658 1039 708 πᾶσα
1062 656 1245 720 αὐτοῖς
1271 655 1473 726 σπουδὴ
1496 654 1624 727 περὶ
1641 653 1738 725 τὴν
1763 652 1872 707 τῶν

292 738 508 807 ὑμένων
553 737 873 809 λεπτότητα,
916 740 1011 792 καὶ
1039 739 1101 792 τὸ
1136 739 1245 791 τῶν
1277 739 1619 809 γραμμάτων
1654 736 1869 799 κάλλος,

289 824 353 877 οὐ
384 823 513 893 περὶ
543 822 643 892 τὴν
670 822 1003 891 ἀνάγνωσιν.
1031 823 1166 877 Οὐδὲ
1195 822 1304 894 γάρ
1330 822 1469 893 ὑπὲρ
1484 820 1746 891 ὠφελείας
1776 821 1873 873 καὶ

291 905 518 975 κέρδους
552 907 651 975 τὴν
680 906 873 976 κτῆσιν
906 905 1085 959 αὐτῶν
1116 904 1461 975 πεποίηνται,
1481 902 1618 959 ἀλλὰ
1641 902 1871 957 πλούτου

289 992 389 1043 καὶ
437 990 749 1060 φιλοτιμίας
811 990 1070 1057 ἐπίδειξιν
1120 989 1470 1059 ποιούμενοι,
1515 989 1644 1058 περὶ
1699 986 1874 1041 ταῦτα.

290 1073 729 1127 ἐσπουδάκασιν
761 1073 995 1144 τοσαύτη
1031 1074 1132 1143 τῆς
1169 1070 1472 1136 κενοδοξίας
1501 1073 1535 1143 ἡ
1575 1071 1870 1143 ὑπερϐολή.

292 1156 519 1218 Οὐδενὸς
539 1156 648 1227 γὰρ
672 1156 855 1209 ἀκούω
875 1155 1350 1226 φιλοτιμουμένου,
1371 1156 1454 1208 ὅτι
1481 1149 1589 1208 οἶδε
1607 1154 1676 1208 τά
1695 1154 1875 1223 ἐγκείο

298 1257 457 1310 μενα,
488 1238 605 1292 ἀλλ’
631 1240 714 1292 ὅτι
744 1242 966 1312 χρυσοῖς
1002 1239 1113 1309 ἔχει
1143 1238 1465 1310 γράμμασιν
1492 1236 1875 1310 ἐγγεγραμμέ-

294 1340 405 1377 νον.
434 1322 547 1375 Καὶ
577 1322 632 1374 τί
677 1322 738 1374 τὸ
770 1322 998 1392 κέρδος;
1034 1321 1155 1374 εἰπέ
1189 1338 1301 1391 μοι.
1337 1321 1411 1373 Οὐ
1440 1319 1548 1389 γὰρ
1576 1320 1664 1373 διὰ
1701 1319 1874 1373 ταῦτα

294 1404 560 1473 ἐδόθησαν
591 1405 646 1457 αί
679 1404 913 1477 Γραφαὶ,
956 1404 1043 1457 ἵνα
1081 1405 1139 1458 ἐν
1189 1403 1416 1473 βιϐλίοις
1462 1402 1631 1466 αὐτάς
1661 1401 1873 1472 ἔχωμεν

298 1490 480 1559 μόνον.
512 1489 627 1543 ἀλλ’
652 1489 740 1542 ἵνα
772 1490 866 1543 καὶ
896 1490 955 1543 ὲν
992 1487 1237 1560 καρδίαις
1268 1487 1438 1551 αύτάς
1460 1486 1868 1557 ἐγκολάψωμεν.

306 1574 393 1637 Ὠς
428 1572 571 1643 αῦτη
605 1590 668 1642 γε
691 1575 725 1644 ἡ
751 1573 944 1645 κτῆσις
974 1572 1269 1641 Ἰουδαϊκῆς
1302 1573 1418 1625 ἐστι
1456 1569 1786 1641 φολιτιμίας,
1810 1569 1873 1624 τὸ

295 1657 355 1709 ἐν
394 1658 510 1719 τοῖς
563 1656 1263 1727 γράμμασικατατίθεσθαι
1294 1654 1452 1726 μόνον
1483 1654 1582 1718 τὰς
1615 1654 1833 1717 ἐντολάς
1855 1671 1872 1685 θ

294 1742 427 1811 ἡμῖν
459 1741 516 1793 66
554 1742 675 1794 0666
709 1741 807 1812 τὴν
839 1741 1014 1812 ἀρχὴν
1052 1738 1221 1802 οὕτως
1249 1741 1277 1793 6
1304 1739 1465 1809 νόμος
1491 1736 1519 1777 δ
1550 1736 1728 1808 ἐδόθη,
1758 1737 1875 1791 ἀλλ’

295 1823 354 1875 ἐν
385 1822 551 1889 πλαξὶ
580 1822 806 1894 καρδίας
827 1822 1131 1894 σαρκίναις.
1157 1822 1268 1875 Καὶ
1295 1820 1467 1876 ταῦτα
1491 1821 1654 1889 λέγω,
1680 1821 1741 1873 06
1766 1838 1876 1873 κω-

296 1906 439 1959 λύων
481 1907 660 1977 βιϐλία
690 1906 1010 1977 κεκτῆσθαι,
1032 1906 1169 1959 ἀλλά
1196 1906 1292 1959 καὶ
1321 1905 1572 1978 παραινῶ
1597 1904 1753 1958 τοῦτο
1780 1904 1877 1958 καὶ

298 1989 509 2059 σφόδρα
528 1987 758 2058 εὔχομαι
776 2005 792 2020 ο
817 1987 1074 2059 βούλομαι
1093 1986 1149 2040 66
1171 1986 1229 2053 ἐξ
1259 1987 1482 2041 ἐκείνων
1503 1986 1685 2040 καὶτὰ
1704 1987 1878 2058 γράμ-

301 2088 447 2140 ματα
471 2071 568 2124 καὶ⁵
594 2071 664 2124 τά
705 2072 958 2141 νοήματα
990 2071 1069 2134 εἰς
1094 2071 1193 2140 τὴν
1221 2069 1459 2123 διάνοιαν
1484 2068 1877 2140 περιφέρεσθαι

297 2155 395 2225 τὴν
423 2154 739 2226 ἡμετέραν,
778 2154 865 2207 ῖνα
908 2152 1051 2207 οῦτω
1096 2151 1424 2223 καθαίρηται
1473 2152 1736 2223 δεχομένη
1779 2151 1878 2223 τὴν

298 2238 406 2290 τῶν
436 2237 786 2309 γραμμάτων
823 2236 1009 2307 νόησιν
1030 2247 1077 2289 ο.
1110 2236 1177 2290 Εἰ
1222 2236 1331 2308 γάρ
1362 2237 1421 2288 ἐν
1453 2237 1621 2308 οἰκίᾳ,
1654 2236 1783 2290 ἔνθα
1810 2236 1879 2291 ἂν

300 2321 637 2391 Εύαγγέλιον
718 2321 989 2389 κείμενον,
1017 2320 1079 2374 06
1099 2320 1359 2392 τολμήσει
1377 2320 1694 2393 προσελθεῖν
1711 2322 1740 2374 6
1761 2320 1880 2374 διά-

300 2404 478 2467 ϐολος,
516 2402 699 2473 πολλῷ
743 2403 941 2476 μᾶλλον
967 2404 1146 2474 ψυχῆς
1177 2403 1423 2473 νοήματα
1457 2400 1683 2456 τοιαῦτα
1724 2420 1880 2474 περι-

300 2484 577 2556 φερούσης
601 2486 701 2556 οὐχ
731 2485 926 2555 ἀψεταί
954 2502 1106 2550 ποτε,
1137 2485 1256 2557 0666
1298 2485 1618 2556 ἐπιϐήσεται
1647 2484 1879 2557 δαίμων,

297 2570 331 2639 ἢ
358 2566 683 2638 ἁμαρτίαςά
714 2566 892 2636 φύσις.
929 2568 1178 2636 Ἀγίασον
1210 2568 1389 2622 τοίνυν
1427 2567 1524 2639 τὴν
1550 2569 1728 2639 ψυχήν
1759 2585 1877 2635 σου,

301 2652 528 2718 ἀγίασόν
563 2668 658 2703 σου
688 2650 749 2703 τὸ
781 2650 959 2721 σῶμα,
982 2651 1067 2704 ἀεὶ
1094 2650 1268 2705 ταῦτα
1296 2652 1388 2704 ἐπὶ
1408 2650 1510 2721 τῆς
1538 2651 1763 2722 καρδίας
1786 2652 1881 2705 καὶ

300 2736 391 2788 ἐπὶ
410 2735 513 2802 τῆς
538 2732 792 2803 γλώσσης
823 2733 982 2802 ἔχων.
1008 2734 1070 2786 Et
1104 2733 1213 2804 γάρ
1240 2735 1274 2805 ή
1304 2734 1653 2806 αἰσχρολογία
1678 2736 1882 2807 καταρ-

302 2819 484 2888 ρυποῖ,
520 2818 615 2870 καὶ
634 2817 892 2888 δαίμονας
921 2816 1093 2881 καλεῖ,
1129 2816 1347 2888 εὔδηλον
1368 2818 1450 2871 ὅτι
1473 2819 1507 2889 ή
1538 2818 1880 2889 πνευματικὴ

298 2902 607 2970 ἀνάγνωσις
638 2901 874 2970 ἁγιάζει,
899 2900 994 2954 καὶ
1012 2901 1111 2972 τὴν
1128 2899 1222 2955 τοῦ
1252 2902 1564 2972 Πνεύματος
1583 2903 1883 2956 ἐπισπᾶται

300 2986 482 3056 χάριν.
507 2984 665 3039 Θεῖαί
697 2986 833 3038 εἰσιν
854 2984 1056 3055 ἐπῳδαὶ
1069 2983 1139 3037 τὰ
1165 2984 1468 3055 γράμματα
1491 3001 1533 3040 ο.
1566 2986 1883 3056 Ἐπᾲδωμεν

300 3068 480 3121 τοίνυν
507 3069 743 3131 ἑαυτοῖς,
773 3068 868 3121 καὶ
905 3069 1017 3131 τοῖς
1050 3067 1109 3120 ἐν
1139 3069 1205 3138 τῇ
1238 3066 1383 3139 ψυχῇ
1415 3068 1642 3122 πάθεσιν
1678 3068 1749 3122 τὰ
1787 3068 1882 3123 ἀπ’

301 3152 531 3205 ἐκείνων
558 3153 829 3222 φάρμακα
856 3150 1375 3222 κατασκευάζωμεν.
1403 3152 1499 3206 Ἂν
1520 3152 1630 3223 γάρ
1653 3152 1883 3223 εἰδῶμεν

302 3236 425 3289 τίνα
471 3237 593 3288 ἐστὶ
639 3236 710 3290 τά
752 3236 1258 3305 ἀναγινωσκόμενα,
1298 3235 1436 3306 μετά
1468 3237 1668 3309 πολλῆς
1712 3237 1884 3292 ταῦτα

303 3318 655 3389 ἀκουσόμεθα
691 3319 792 3389 τῆς
813 3319 1141 3390 προθυμίας.
1162 3319 1349 3373 Ταῦτα
1375 3320 1464 3373 ἀεὶ
1490 3319 1651 3393 λέγω,
1679 3321 1774 3373 καὶ
1798 3320 1884 3373 λέ-

304 3419 417 3470 γων
446 3403 508 3455 06
539 3402 841 3472 παύσομαι.
861 3402 985 3465 Πῶς
1008 3402 1117 3473 γάρ
1145 3402 1245 3456 οὐκ
1265 3402 1485 3469 ἄτοπον,
1512 3404 1639 3467 τοὺς
1668 3405 1767 3474 μὲν
1791 3402 1886 3456 ἐπὶ

304 3486 406 3555 τῆς
434 3487 644 3558 ἀγορᾶς
683 3485 1043 3556 καθημένους,
1077 3486 1173 3539 καὶ
1202 3486 1431 3556 ἡνιόχων
1466 3486 1560 3540 καὶ
1601 3486 1886 3558 ὀρχηστῶν

306 3569 402 3621 καὶ
443 3568 714 3639 ὀνόματα,
746 3568 840 3622 καὶ
887 3568 1051 3639 γένη,
1084 3569 1179 3622 καὶ
1211 3568 1426 3633 πόλεις,
1468 3570 1563 3623 καὶ
1606 3568 1887 3640 ἐνεργείας

306 3650 487 3719 λέγειν
514 3653 770 3723 τρόπους,
798 3653 891 3707 καὶ
913 3652 1093 3705 αὐτῶν
1114 3652 1171 3706 δὲ
1208 3651 1317 3706 τῶν
1350 3654 1532 3706 ἵππων
1562 3655 1657 3707 καὶ
1684 3653 1886 3725 ἀρετὴν

306 3739 401 3791 καὶ⁸
430 3738 633 3791 κακίαν
670 3737 807 3809 μετά
827 3737 1113 3808 ἀκριϐείας
1142 3737 1506 3805 ἀπαγγέλλειν
1527 3753 1541 3769 ο
1565 3738 1692 3799 τοὺς
1715 3737 1771 3790 66
1798 3737 1888 3788 ὲν-

305 3820 486 3874 ταῦθα
508 3820 867 3882 ἀπαντῶντας
889 3819 1054 3890 μηδὲν
1077 3818 1187 3872 τῶν
1211 3811 1313 3871 ὧδε
1338 3819 1638 3889 γινομένων
1666 3819 1885 3883 εἰδέναι,

308 3930 313 3933 ’
371 3932 401 3962 ⁸
425 3930 592 3993 Forte
631 3932 732 3993 leg.
761 3932 865 3980 ἀλλ’
898 3932 951 3991 ἦ,
989 3928 1101 3981 nisi.
1139 3932 1295 3993 Em'r._
1337 3929 1366 3969 1³
1400 3930 1497 3980 Alii
1521 3930 1657 3987 οὗτος
1678 3932 1706 3979 6
1727 3931 1886 3993 νόμος.

358 3991 457 4042 Alii
496 3994 594 4040 τῶν
635 3989 1203 4055 πᾷαγμάτωνῦπὸθεσιν.
1270 3989 1297 4029 ά
1342 3992 1491 4041 SaVil.
1532 3989 1886 4055 οὐχάμαρτίας.

311 4070 340 4098 ο
382 4054 659 4117 ὶΙοΓΘΙητά
698 4054 967 4116 πράγματα.
1006 4054 1118 4117 Mox_
1156 4052 1289 4102 idem
1328 4052 1732 4117 ρρειίέφάρμακαᾲ
1755 4054 1893 4101 addit.

303 4115 758 4177 κατασκευάζωμεν,
804 4128 916 4175 qum
952 4128 1048 4165 vox
1090 4115 1235 4164 deest
1271 4117 1322 4164 in
1350 4115 1524 4176 SaviL,
1555 4115 1645 4164 Sed
1686 4115 1765 4164 hic
1792 4127 1891 4163 non

303 4189 672 4239 supervacanea
697 4177 908 4225 videtur.

1233 288 1296 344 IN
1335 287 1650 344 JOANNEM
1690 287 1926 345 IIOMIL.

1968 288 2209 347 XXXI".
2252 290 2324 345 al.
2370 289 2580 345 XXXII.
3438 292 3543 346 £88

1975 404 2110 459 ἀλλά
2146 404 2241 457 καὶ
2263 404 2567 458 αὐτῶντῶν
2598 403 2793 473 βίϐλων
2823 404 2911 458 τὸν
2944 403 3179 477 ἀριθμὸν
3211 405 3455 474 ἀγνοεῖν;
3480 405 3544 459 Εἰ

1972 488 2081 559 γὰρ
2118 488 2315 559 ἡδονῆς
2358 488 2544 543 ἐνεκεν
2588 490 2768 542 ἐκεῖνα
2798 489 3014 553 διώκεις
3037 532 3051 553 ,
3083 488 3301 543 πλείονα
3342 489 3545 560 ταύτην

1972 570 2205 626 ἐνταῦθα
2233 569 2399 625 οὖσαν
2440 572 2709 637 ἐπιδείξω.
2747 572 2813 625 Τί
2846 572 2952 643 γὰρ
2990 572 3157 641 ἥδιον,
3188 571 3308 624 εἰπέ
3351 562 3462 641 μοι,
3491 570 3546 623 τί

1970 654 2030 708 66
2078 654 2549 726 θαυμαστότερον.
2601 656 2885 725 ἄνθρωπον
2936 654 3208 725 ἀνθρώπῳ
3250 653 3558 707 παλαίοντα

1976 739 2139 803 ἰδεῖν,
2189 738 2223 810 ἢ
2257 737 2541 809 ἄνθρωπον
2575 737 2804 807 διαϐόλῳ
2847 737 3215 801 πυκτεύοντα,
3248 736 3345 789 καὶ
3388 736 3546 805 σῶμα

1972 823 2251 893 ἀσωμάτῳ
2279 821 2506 894 δυνάμει
2549 822 2995 893 συμπλεκόμενον
3019 860 3035 885 ,
3075 821 3171 875 καὶ
3219 819 3455 874 νικῶντα
3478 819 3499 857 τ
3528 834 3545 885 ;

1971 904 2189 968 Ταύτας
2210 905 2505 975 θεωρῶμεν
2529 904 2626 967 τὰς
2657 904 2864 967 πάλας·
2893 904 3095 967 ταύτας
3131 903 3238 974 γάρ
3260 902 3351 956 καὶ
3381 901 3548 971 μιμή-

1974 987 2173 1041 σασθαι
2201 985 2353 1059 [1891l
2389 988 2660 1059 εὐπρεπὲς
2700 988 2794 1040 καὶ
2820 986 3114 1049 λυσιτελὲς.
3145 986 3241 1039 καὶ
3285 983 3549 1055 μιμουμέ-

1972 1088 2095 1132 νους
2112 1071 2518 1140 στεφανωθῆναι
2545 1070 2623 1123 ἐνι
2641 1079 2666 1118 8
2689 1086 2701 1100 ·
2721 1069 2855 1123 ἀλλά
2884 1068 2958 1140 μὴ
2981 1068 3215 1132 ἐκείνας,
3238 1061 3313 1121 ὧν
3334 1069 3362 1119 6
3388 1067 3547 1136 ζῆλος

1971 1152 2235 1225 αἰσχύνην
2259 1155 2413 1225 φέρει
2434 1153 2512 1224 τῷ
2536 1152 2876 1224 μιμουμένῳ.
2896 1152 3138 1222 Ἐκείνην
3163 1152 3259 1222 μὲν
3278 1151 3386 1222 γὰρ
3410 1149 3549 1220 μετά

1972 1237 2241 1307 δαιμόνων
2268 1238 2487 1308 θεωρεῖς
2507 1237 2605 1309 τὴν
2634 1237 2829 1307 πάλην,
2859 1237 2925 1290 ἂν
2951 1236 3059 1307 ἀρα
3086 1235 3319 1305 θεωρῇς·
3343 1233 3547 1304 ταύτην

1971 1320 2027 1374 δέ
2055 1321 2196 1391 μετὰ
2216 1321 2461 1390 ἀγγέλων
2481 1318 2685 1373 καὶτοῦ
2709 1320 2817 1372 τῶν
2837 1318 3084 1387 ἀγγέλων
3106 1316 3392 1370 Δεσπότου.
3414 1316 3549 1369 Εἰπέ

1972 1403 2082 1474 γάρ
2117 1418 2239 1475 μοι’
2271 1405 2323 1457 εί
2362 1404 2425 1473 γέ
2456 1421 2538 1456 σοι
2584 1402 2709 1473 ἐξῆν
2746 1403 2883 1472 μετὰ
2914 1401 3188 1473 ἀρχόντων
3224 1400 3257 1470 ἢ
3287 1397 3548 1469 βασιλέων

1971 1487 2280 1557 καθήμενον
2320 1486 2544 1559 θεωρεῖν
2590 1488 2685 1540 καὶ
2715 1486 3009 1540 ἀπολαύειν
3048 1486 3146 1556 τῆς
3188 1484 3441 1555 θεωρίας,
3482 1481 3545 1534 ού

1975 1570 2237 1641 μεγίστην
2266 1570 2401 1641 ἡγοῦ
2433 1571 2599 1641 τιμὴν
2631 1565 2770 1623 εἰναι
2802 1569 2987 1636 τοῦτο;
3031 1567 3292 1622 Ἐνταῦθα
3319 1568 3376 1620 δέ
3411 1565 3550 1636 μετά

1973 1654 2069 1709 τοῦ
2103 1653 2368 1725 βασιλέως
2395 1653 2503 1707 τῶν
2528 1653 2772 1723 ἀγγέλων
2800 1653 3039 1725 θεωρῶν,
3073 1652 3169 1705 καὶ
3200 1650 3342 1722 ὁρῶν
3370 1651 3433 1702 ἐκ
3461 1648 3550 1719 μέ-

1978 1755 2086 1792 σων
2106 1737 2468 1808 κατεχόμενον
2488 1736 2598 1790 τῶν
2621 1736 2805 1790 νώτων
2824 1736 2914 1789 τὸν
2932 1734 3196 1797 διάϐολον,
3220 1732 3313 1786 καὶ
3333 1729 3546 1785 πολλάδ

1980 1822 2079 1893 μὲν
2108 1820 2512 1893 φιλονεικοῦντα
2542 1819 2943 1892 περιγενέσθαι,
2982 1818 3234 1888 ἰσχύοντα
3268 1817 3325 1870 66
3361 1814 3547 1879 0666v,

1976 1908 2037 1961 06
2058 1909 2272 1979 τρέχεις
2306 1908 2387 1969 εἰς
2414 1906 2671 1976 τοιαύτην
2698 1904 2959 1973 θεωρίαν;
2998 1903 3109 1957 Καὶ
3133 1901 3250 1965 πῶς
3287 1900 3365 1952 ἔνι
3391 1896 3553 1952 τοῦτο

1976 1990 2268 2059 γενέσθαι;
2300 1988 2483 2060 φησίν.
2506 1989 2602 2042 Ἂν
2642 1987 2707 2041 τὸ
2744 1987 2946 2058 βιϐλίον
2989 1984 3125 2057 μετά
3156 1987 3341 2055 χεῖρας
3386 1982 3549 2053 ἔχεις.

1981 2073 2140 2142 Ὄψει
2172 2072 2280 2143 γάρ
2310 2074 2367 2124 ἐν
2401 2072 2549 2141 αὐτῷ
2577 2073 2671 2123 καὶ
2705 2070 2775 2123 τά
2814 2070 3134 2140 σκάμματα,
3169 2067 3415 2129 καὶτοὺς
3448 2081 3552 2135 μα-

1978 2159 2146 2228 κροὺς
2175 2155 2442 2220 διαύλους,
2471 2156 2567 2209 καὶ
2602 2156 2700 2218 τὰς
2729 2153 2899 2217 λαϐάς
2934 2153 3033 2216 τὰς
3064 2153 3291 2214 ἐκείνου,
3331 2150 3426 2204 καί⁹
3455 2146 3553 2202 τοῦ

1978 2241 2186 2293 δικαίου
2223 2239 2320 2311 τήν
2356 2240 2570 2309 τέχνην.
2594 2238 2779 2292 Ταῦτα
2806 2237 2863 2291 66
2904 2236 3144 2308 θεωρῶν,
3176 2236 3298 2307 εἴσῃ
3325 2234 3421 2288 καὶ
3448 2233 3552 2287 αύ-

1978 2324 2069 2386 τδς
2089 2323 2232 2376 οὕτω
2263 2323 2533 2386 παλαίειν,
2574 2324 2669 2376 καὶ
2698 2321 3060 2392 ἀπαλλαγήσῃ
3100 2319 3386 2391 δαιμόνων.
3420 2320 3552 2370 Δαι-

1984 2407 2160 2477 μόνων
2197 2405 2306 2476 γὰρ
2344 2404 2701 2478 πανηγύρεις,
2737 2406 2836 2459 οὐκ
2877 2405 3182 2475 ἀνθρώπων
3222 2403 3444 2473 θέατρα,
3484 2398 3556 2452 τὰ.

1979 2488 2084 2554 ἔξω
2109 2489 2423 2559 τελούμενα.
2456 2490 2551 2542 ίΕἰ
2570 2489 2679 2560 γὰρ
2700 2490 2757 2541 ἐν
2777 2487 3028 2559 εἰδωλείῳ
3043 2488 3104 2541 06
3134 2486 3288 2557 θέμις
3307 2484 3553 2547 εἰσιέναι,

1984 2572 2162 2643 πολλῷ
2208 2572 2407 2643 μᾶλλον
2456 2574 2537 2635 εἰς
2568 2573 2759 2645 ἐορτὴν
2799 2572 3115 2643 σατανικήν.
3147 2568 3337 2623 Ταῦτα
3377 2568 3555 2635 λέγων

1982 2656 2078 2710 καὶ
2105 2654 2390 2725 διενοχλῶν
2411 2656 2473 2709 06
2497 2655 2801 2726 παύσομαι.
2841 2656 2945 2718 ἐως
2972 2654 3039 2708 ἂν
3082 2652 3179 2724 τὴν
3218 2649 3552 2721 ἐπιστροφὴν

1983 2738 2100 2793 ἰδω.
2134 2739 2318 2793 Ταῦτα
2340 2739 2447 2808 γάρ
2473 2739 2672 2808 λέγειν,
2707 2739 2830 2808 ἐμοὶ⁵
2861 2739 2959 2810 μὲν
2984 2739 3084 2792 οὐκ
3114 2736 3128 2787 i
3171 2735 3417 2806 ὀκνηρὸν.
3448 2751 3555 2805 φηο

1985 2824 2089 2887 σιν,
2114 2822 2242 2888 ὑμῖν
2271 2823 2328 2876 66
2351 2823 2606 2892 ἀσφαλές.
2629 2823 2721 2893 Μὴ
2738 2823 2801 2893 δὴ
2838 2820 3135 2893 βαρύνεσθε
3169 2820 3266 2890 τὴν
3295 2818 3558 2888 παραίνε-

1986 2922 2092 2960 σιν.
2120 2907 2182 2959 Εἰ
2208 2906 2316 2977 γὰρ
2360 2905 2684 2977 βαρύνεσθαι
2724 2906 2851 2972 ἔδει,
2889 2906 2989 2977 ἐμὲ
3024 2905 3130 2958 ἔδει
3158 2903 3250 2956 τὸν
3293 2901 3555 2963 πολλάκις

1984 2988 2210 3058 λέγοντα
2246 2988 2342 3043 καὶ
2398 2990 2499 3042 οὐκ
2545 2989 2872 3058 άκουόμενον
2897 2988 2947 3053 κ,
2980 2988 3079 3058 οὐχ
3116 2988 3262 3058 ἡμᾶς
3304 2985 3429 3048 τοὺς
3466 2983 3559 3039 ἀεὶ

1988 3075 2086 3145 μὲν
2112 3073 2429 3141 ἀκούοντας,
2482 3073 2570 3128 ἀεὶ
2603 3073 2660 3127 66
2691 3071 3129 3139 παρακούοντας.
3169 3069 3330 3125 Ἀλλά
3362 3069 3437 3141 μὴ
3463 3067 3559 3138 γέ-

1984 3174 2128 3210 νοιτο
2159 3157 2449 3221 διαπαντὸς
2473 3156 2646 3211 ταῦτα
2668 3157 2811 3229 ὑμᾶς
2837 3156 3205 3226 ἐγκαλεῖσθαι.
3228 3154 3362 3210 ἀλλά
3389 3152 3557 3208 ἀπαλ-

1984 3238 2251 3307 λαγέντας
2280 3240 2483 3310 ταύτης
2526 3240 2627 3310 τῆς
2672 3239 2957 3312 αἰσχύνης,
3007 3238 3407 3310 καταξιωθῆναι
3455 3237 3556 3307 τῆς

1985 3324 2361 3393 πνευματικῆς
2389 3324 2640 3394 θεωρίας,
2663 3324 2758 3377 καὶ
2780 3323 2881 3393 τῆς
2915 3322 3210 3394 μελλούσης
3234 3321 3391 3389 δόξης
3420 3322 3558 3375 ἀπο·-

1984 3404 2201 3469 λαῦσαι,
2231 3407 2413 3477 χάριτι
2452 3403 2468 3443 ι
2500 3408 2594 3459 καὶ
2626 3405 3007 3477 φιλανθρωπίᾳ
3037 3405 3130 3459 τοῦ
3163 3404 3367 3476 Κυρίου
3402 3404 3560 3475 ήμῶν

1999 3488 2172 3559 Ἰησοῦ
2218 3488 2479 3559 Χριστοῦ,
2510 3488 2630 3558 μεθ’
2668 3484 2729 3543 06
2765 3488 2843 3558 τῷ
2880 3489 3056 3559 Πατρὶ
3095 3490 3129 3559 ή
3159 3487 3305 3553 δόξα,
3336 3487 3451 3557 ἅμα
3479 3486 3562 3558 τῷ

1987 3571 2127 3641 ἁγίῳ
2160 3569 2459 3639 Πνεύματι,
2494 3573 2572 3635 εἰς
2587 3571 2715 3634 τοὺς
2750 3572 2953 3635 αἰῶνας
2976 3570 3084 3624 τῶν
3103 3570 3337 3627 αἰώνων.
3362 3571 3557 3642 Ἀμήν.

2053 3682 2074 3723 ί
2121 3684 2329 3735 Additur
2351 3685 2400 3732 In
2431 3682 2570 3733 codd.
2593 3681 2686 3731 706
2707 3688 2760 3732 et
2781 3683 2932 3733 Savil.
2956 3683 3039 3731 τὸν
3056 3684 3152 3732 ἀπὸ
3174 3682 3260 3732 τοῦ
3283 3682 3373 3731 σοῦ
3399 3684 3562 3745 γένους

1985 3746 2114 3808 ὄντα.
2183 3746 2209 3785 8
2232 3745 2404 3794 Morel.
2424 3745 2598 3795 ταύτας
2618 3745 2707 3808 γάρ
2732 3747 2873 3808 καὶ...
2894 3747 3244 3808 στεφανωθῆναι
3269 3745 3381 3793 ἔδει.
3405 3748 3559 3795 Savil.

1985 3807 2157 3863 ταύτας
2187 3807 2242 3863 ἃς
2271 3808 2410 3868 καὶ...
2446 3806 2797 3868 στεφανωθῆναι
2829 3806 2910 3854 ἔνι.
2962 3806 3007 3868 75
3030 3806 3201 3856 Morel.
3233 3808 3421 3868 θεωρῶν
3445 3824 3562 3855 κατ-

1985 3867 2423 3978 ῗιὲξϊῖῗμξῖῗοῖιῗ
2446 3867 3035 3977 εξξολτοδεδςδιῑιῖιιθέίεον
3388 3868 3562 3941 ετολλά·

2178 3967 2189 3977 .
2421 3965 2433 3976 .
2554 3964 2568 3978 ο
2806 3944 2817 3974 |
2945 3947 2960 3976 ι
2995 3966 3007 3978 .
3040 3945 3233 3978 παοακα
3263 3946 3322 3978 ω.
3353 3945 3449 3976 των
3473 3947 3562 3978 σα-

1993 3945 2009 3967 ι
2039 3945 2189 3978 bavu.
2214 3945 2268 3977 ει
2294 3945 2433 3977 couu.
2467 3945 2568 3985 ιυῡ,
2597 3945 2689 3976 luo
2710 3945 2894 3977 autum:
2916 3945 3007 3987 οιο,
3040 3945 3322 3992 παρακαλω,
3353 3945 3449 3976 των
3473 3947 3556 3978 σα-

1986 3992 2188 4053 τανικῶν
2231 3990 2463 4053 ἀπέχεσθε
2500 3988 2607 4053 _(vel
2631 3988 2907 4052 ἀπέχεσθαι)
2933 3991 3311 4053 γπανηγύρεωνη
3368 3991 3383 4040 .i
3418 3991 3556 4053 AAlii.

1986 4050 2137 4099 ταῦτα
2159 4052 2306 4114 λέγων
2324 4050 2387 4098 ὀὐ
2415 4050 2660 4114 παύσομαι
2695 4050 2902 4114 συνεχῶς
2928 4050 3152 4114 διοχλῶν,
3177 4053 3266 4107 ἕως
3291 4052 3347 4099 ἂν
3372 4051 3563 4114 γένηταί

1988 4111 2242 4189 ’ξι-,πλέονζ
2293 4111 2429 4189 Ἐμίοὶ
2449 4113 2542 4189 ’μὲν
2579 4111 2675 4184 γάρ
2709 4111 2834 4189 οὐξιῖ
2856 4112 2909 4189 ἰ
2942 4111 3115 4189 ηόίςιὶ
3137 4111 3561 4189 παρακουόμενον.

1994 4173 2015 4212 Ι
2043 4174 2213 4223 Morel.
2238 4172 2580 4231 καταξιωθῆναι
2615 4172 2711 4220 τῶν
2733 4172 2940 4221 αἰωνίων
2965 4175 3168 4235 ἀγαθῶν,
3189 4172 3363 4238 χάριτι.

302 4275 3564 4304 M

1750 4361 1989 4415 ΟΜΙΛΙΑ
2028 4360 2148 4415 AI".

307 4458 483 4526 Δέτει
503 4455 660 4525 αὐτῇ
688 4459 721 4511 ὁ
747 4457 986 4526 Ἰησοῦς
1004 4474 1019 4489 ’
1047 4459 1258 4522 Γύναι,
1294 4456 1632 4511 πίστευσόν
1644 4472 1767 4526 μοι,
1797 4455 1887 4509 ὅτι

408 4526 615 4598 Ῥχεται
636 4526 777 4595 ὥρα,
800 4528 898 4582 ὅτε
919 4529 1055 4582 οὔτε
1080 4528 1149 4582 ἐν
1175 4527 1256 4594 τῷ
1285 4526 1638 4598 ὄρει-τούτῳ,
1660 4526 1797 4598 οὔτε
1818 4526 1889 4598 έν

394 4595 829 4677 Ἱεροσολύμοις
870 4598 1327 4677 προσκυνήσετε
1352 4596 1437 4677 τῷ
1472 4599 1674 4664 Πατρί.
1704 4595 1889 4676 ’ζμεῖς

384 4667 782 4736 προσκυνεῖτε
801 4668 833 4721 ὃ
855 4671 965 4722 οὐκ
985 4667 1183 4722 οἴδατε
1198 4683 1211 4697 ’
1233 4667 1406 4736 ἡμεῖς
1426 4667 1891 4736 προσκυνοῦμεν

384 4735 702 4808 δίοιδαμεν,
718 4737 807 4791 ὅτι
822 4738 861 4807 ἠ
883 4738 1144 4807 σωτηρία
1159 4738 1229 4792 ἐκ,
1246 4735 1364 4791 τῶν
1378 4736 1680 4792 Ἰουδαίων
1696 4735 1887 4790 ἐστιν.

385 4860 454 4907 α’.
479 4851 764 4923 Πανταχοῦ
788 4853 1022 4916 πίστεως
1039 4853 1171 4924 ἡμῖν
1190 4852 1291 4916 δεῖ,
1319 4850 1608 4923 ἀγαπητοὶ,
1631 4850 1889 4916 πίστεως,

312 4936 414 5007 τῆς
446 4935 656 5007 μητρὸς
684 4935 792 4990 τῶν
822 4935 1063 5004 ἀγαθῶν,
1096 4937 1188 4989 τοῦ
1230 4936 1328 5007 τῆς
1367 4935 1639 5007 σωτηρίας
1670 4935 1891 5007 φαρμά-

314 5036 445 5074 κουο
488 5019 587 5073 καὶ
622 5018 830 5091 ταύτης
870 5020 995 5074 ἄνευ
1038 5021 1191 5074 οὐδὲν
1244 5020 1359 5074 ἐστι
1387 5034 1413 5061 α
1450 5022 1742 5089 κατασχεῖν
1782 5019 1892 5072 τῶν

317 5105 572 5176 μεγάλων
613 5104 920 5175 δογμάτων.
952 5104 1090 5158 Ἀλλ’
1115 5106 1325 5159 ἐοίκασι
1361 5107 1473 5168 τοῖς
1505 5104 1742 5171 πέλαγος
1764 5101 1891 5172 νηὸς

311 5188 484 5258 χωρὶς
518 5187 859 5258 ἐπιχειροῦσι
903 5187 1199 5259 διαπερᾷν,
1246 5189 1295 5240 οἳ
1346 5186 1507 5258 μέχρι
1562 5186 1663 5256 μὲν
1709 5184 1890 5254 ὀλίγου

310 5274 607 5344 νηχόμενοι
658 5273 938 5345 διαρκοῦσι
1004 5276 1192 5346 χερσὶν
1240 5273 1376 5343 ὁμοῦ
1432 5274 1526 5328 καὶ
1572 5272 1698 5326 ποσὶ
1747 5270 1892 5346 χρώ-

316 5374 492 5427 μενοι,
525 5358 841 5426 περαιτέρω
885 5356 941 5410 66
978 5357 1328 5429 προελθόντες
1348 5398 1365 5420 ,
1399 5356 1607 5427 ταχέως
1641 5354 1745 5408 ὑπὸ
1781 5354 1890 5406 τῶν

312 5441 575 5510 κυμάτων
626 5439 1011 5508 βαπτίζονται·
1063 5441 1204 5494 οῦτω
1242 5440 1394 5513 [190]
1434 5440 1528 5493 καὶ
1569 5439 1618 5492 οἰ
1656 5439 1768 5501 τοῖς
1815 5438 1892 5490 οἰ-

312 5523 483 5585 κείοις
513 5521 789 5592 χρώμενοι
825 5522 1135 5594 λογισμοῖς,
1176 5525 1306 5593 πρὶν
1347 5523 1381 5592 ἡ
1414 5540 1465 5576 τι
1509 5522 1721 5592 μαθεῖν,
1759 5536 1889 5573 ναυ-

313 5605 467 5671 άγιον
527 5605 923 5675 ὑπομένουσιν·
974 5605 1156 5670 καθὼς
1209 5607 1304 5659 καὶ
1352 5606 1382 5657 6
1432 5603 1639 5666 Παῦλός
1697 5619 1889 5674 φησιν,

316 5688 546 5754 θῒτινες
591 5689 727 5754 περὶ
763 5688 879 5756 τὴν
909 5690 1115 5744 πίστιν
1150 5688 1557 5760 ἐναυάγησαν.
1578 5688 1756 5757 Ὅπερ
1807 5686 1894 5738 ῐνα

318 5770 395 5841 μὴ
420 5772 516 5824 καὶ
548 5773 714 5842 ἡμεῖς
744 5771 1027 5843 πάθωμεν,
1056 5774 1155 5844 τὴν
1194 5772 1345 5844 ἱεράν
1374 5771 1692 5841 κατέχωμεν
1720 5770 1892 5839 ἀγκυ-

380 5892 407 5923 ¹
430 5890 566 5942 5³ιῆ
611 5892 860 5943 έναῐέιιιο
881 5898 991 5956 post
1028 5894 1157 5945 idem
1185 5893 1473 5959 ἐπιχειροῦσι
1496 5892 1749 5944 διαϐαλεῖν.

1992 4470 2111 4524 ραν,
2161 4451 2230 4505 δι’
2266 4444 2334 4523 ῆς
2383 4449 2479 4504 καὶ
2520 4448 2617 4520 τὴν
2646 4450 2976 4521 Σαμαρεῖτιν
3020 4450 3049 4503 6
3094 4448 3328 4521 Χριστὸς
3361 4452 3565 4520 ἐπάγε-

1987 4554 2076 4590 ται
2108 4536 2224 4590 νῦν.
2260 4533 2535 4604 Είπούσης
2564 4532 2674 4604 γὰρ
2721 4533 2935 4602 ἐκείνης
2954 4574 2969 4597 ,
3000 4533 3132 4598 Πῶς
3166 4534 3336 4601 ὑμεῖς
3362 4535 3567 4606 λέγετε

1989 4619 2079 4674 ὅτι
2103 4620 2173 4673 ἐν
2195 4620 2319 4685 τοῖς
2353 4618 2789 4687 Ἰεροσολύμοις
2812 4615 2984 4669 ἐστὶν
3020 4619 3053 4669 ὁ
3075 4618 3278 4683 τόπος,
3300 4618 3369 4672 ἐν
3396 4611 3444 4686 ᾧ
3476 4621 3574 4676 δεῖ

1990 4703 2389 4774 προσκυνεῒν;
2444 4703 2475 4754 6
2521 4701 2755 4773 Χριστὸς
2801 4700 3001 4769 ἔλεγεν·
3051 4700 3394 4755 Πίστευσόν
3441 4722 3565 4773 μοι,

1990 4790 2187 4861 γύναι,
2223 4787 2312 4841 ὅτι
2356 4789 2588 4856 ἔρχεται
2620 4783 2760 4852 ὥρα,
2810 4782 2910 4837 ὅτε
2954 4783 3093 4837 οὔτε
3131 4783 3199 4837 ἐν
3243 4784 3567 4853 Ἰεροσολύ-

1986 4890 2146 4943 μοις,
2193 4871 2330 4926 οῦτε
2365 4871 2435 4924 ἐν
2475 4868 2556 4935 τῷ
2601 4869 2721 4939 ὄρει
2752 4869 2940 4934 τούτῳ
2986 4867 3444 4936 προσκυνήσετε
3485 4871 3568 4938 τῷ

1994 4956 2199 5021 Πατρί.
2230 4954 2372 5008 Πολὺ
2405 4953 2547 5025 μέγα
2578 4954 2713 5023 αὐτῇ
2747 4951 2923 5022 δόγμα
2942 4951 3278 5022 ἀπεκάλυψε.
3305 4954 3398 5007 καὶ
3430 4955 3568 5028 ὅπερ

1994 5041 2115 5095 0666
2139 5038 2450 5108 Νικοδήμῳ,
2483 5036 2604 5090 0666
2631 5035 2707 5105 τῷ
2739 5034 3030 5104 Ναθαναὴλ
3070 5029 3241 5090 εἶπεν.
3285 5036 3436 5107 Αῦτη
3467 5038 3569 5107 μὲν

1995 5120 2088 5178 οὖν
2125 5119 2419 5183 ἐσπούδαζε
2443 5118 2740 5190 σεμνότερα
2775 5116 2945 5183 δεῖξαι
2983 5117 3053 5171 τὰ
3088 5118 3258 5189 αὐτῆς
3287 5120 3395 5172 τῶν
3438 5120 3571 5173 Ἰου-

1996 5205 2217 5269 δαϊκῶν,
2244 5204 2339 5257 καὶ
2368 5201 2525 5256 τοῦτο
2561 5201 2669 5255 ἀπὸ
2698 5200 2807 5253 τῶν
2832 5198 3083 5271 πατέρων
3118 5201 3414 5269 ἐσοφίζετω
3449 5202 3479 5253 6
3510 5202 3568 5255 66

1997 5287 2228 5361 Χριστὸς
2246 5287 2307 5339 06
2330 5286 2465 5357 πρὸς
2485 5283 2685 5354 ταύτην
2707 5284 2983 5354 ἀπήντησε
3002 5282 3098 5353 τὴν
3117 5282 3401 5353 ἐρώτησιν.
3428 5284 3570 5355 Παρ-

1999 5372 2156 5426 έλκον
2191 5371 2300 5440 γὰρ
2326 5369 2461 5431 τέως
2486 5363 2555 5439 ῆν
2580 5367 2734 5421 τοῦτο
2761 5368 2933 5419 εἰπεῖν
2964 5366 3058 5420 καὶ
3081 5365 3267 5429 δεῖξαι,
3300 5364 3450 5417 διατίι
3470 5366 3569 5437 μὲν

1997 5458 2048 5510 οί
2077 5454 2312 5525 πατέρες
2344 5453 2402 5505 ἐν
2429 5450 2507 5522 τῷ
2535 5450 2672 5522 ὄρει,
2704 5449 2991 5504 διατίδέοί
3032 5449 3270 5503 Ἰουδαῖοι
3303 5450 3362 5501 ἐν
3405 5449 3569 5521 Ἱερο-

2000 5539 2252 5610 σολύμοις
2286 5536 2672 5607 προσεκύνουν.
2708 5536 2798 5588 Διὸ
2836 5533 2993 5587 τοῦτο
3027 5533 3125 5603 μέν
3162 5531 3568 5603 ἀπεσιώπησεν

2001 5622 2324 5695 ἀμφοτέρων
2352 5621 2409 5673 66
2435 5619 2541 5673 τῶν
2568 5619 2752 5672 τύπων
2777 5616 2846 5671 τά
2878 5615 3142 5688 πρεσϐεῖα
3169 5615 3393 5680 ἀνελὼν,
3423 5616 3572 5673 διαν-

2005 5706 2213 5776 ίστησιν
2251 5704 2419 5773 αὐτῆς
2459 5702 2560 5771 τὴν
2600 5700 2795 5771 ψυχὴν,
2823 5699 3032 5762 δεικνὺς
3061 5698 3139 5751 ὅτι
3170 5699 3291 5752 0666
3334 5700 3574 5756 Ἰουδαῖοι

2000 5787 2120 5841 0666
2146 5787 2298 5840 αὐτοὶ
2324 5785 2507 5856 ἔχουσί
2534 5801 2586 5837 τι
2611 5783 2757 5853 μέγα
2782 5781 2916 5852 πρὸς
2942 5779 3006 5833 τὸ
3040 5780 3231 5851 μέλλον
3261 5781 3569 5854 δωρεῖσθαι·

2002 5871 2096 5927 καὶ
2119 5871 2239 5925 τότε
2266 5868 2363 5941 τὴν
2390 5867 2648 5940 διαφοράν
2674 5865 2901 5934 εἰσάγει.
2925 5863 3071 5937 Πλὴν
3093 5864 3187 5919 καὶ
3211 5864 3352 5920 οὕτω
3376 5882 3568 5938 σεμνο-
