4100 6364
487 298 510 351 1
522 297 591 349 89

483 413 675 481 τέρους
702 412 825 473 τοὺς
857 408 1141 471 Ἰουδαίους
1162 409 1458 477 ἀπέφηνεν,
1475 404 1535 458 ού
1558 403 1721 457 τόπον
1742 402 1909 455 τόπου
1932 417 2066 471 προ-

485 492 679 563 τιμῶν,
708 492 842 546 ἀλλά
867 493 973 545 ἀπὸ
997 492 1094 562 τῆς
1121 490 1359 552 διανοίας
1388 487 1603 556 ἐκείνης
1622 486 1723 556 τὴν
1746 483 2065 557 προεδρείαν

481 577 680 640 διδοὺς,
723 575 922 627 ὡσανεὶ
970 573 1173 641 ἔλεγεν·
1207 574 1384 626 Τόπου
1417 572 1517 641 μέν
1557 571 1761 635 ἕνεκεν,
1786 568 1941 621 οὐδὲν
1984 568 2067 621 δεῖ

484 658 669 712 λοιπὸν
723 658 1062 726 φιλονεικεῖν.
1109 656 1355 709 Ἰουδαῖοι
1411 654 1594 724 μέντοι
1653 652 1732 723 τῷ
1768 650 1956 723 τρόπῳ
2001 649 2062 703 τὸ

485 743 647 795 πλέον
675 742 784 795 τῶν
812 740 1165 813 Σαμαρειτῶν
1197 738 1373 809 ἔσχον·
1411 736 1595 806 Ὑμεῖς
1622 736 1719 805 μὲν
1743 735 1873 805 γὰρ,
1904 733 2058 804 φησι,

482 826 876 894 προσκυνεῖτε
912 824 946 876 ὃ
985 824 1097 877 οὐκ
1133 822 1350 875 οἴδατε·
1380 820 1552 889 ἡμεῖς
1580 819 1648 872 δὲ
1680 817 2061 886 προσκυνοῦ-

476 927 594 979 μεν
620 908 652 962 δ
676 907 938 976 οἴδαμεν.
965 907 1091 968 Πῶς
1117 902 1213 961 οὖν
1236 907 1334 959 οὐκ
1364 905 1561 976 ᾔδεσαν
1588 906 1637 957 οἱ
1666 904 2001 973 Σαμαρεῖται
2031 900 2062 955 δ

481 990 883 1061 προσεκύνουνς
917 990 1041 1042 Ὅτι
1072 989 1294 1043 τοπικὸν
1330 988 1426 1041 καὶ
1454 987 1679 1058 μερικὸν
1708 986 1844 1039 Θεὸν
1873 985 2059 1055 ἐνόμι-

481 1074 574 1139 ζον
602 1070 741 1128 εῐναι
771 1086 799 1114 ι
821 1090 834 1103 ·
876 1072 1020 1126 οὕτω
1046 1072 1176 1141 γοῦν
1217 1071 1381 1125 αὑτὸν
1410 1071 1504 1124 καὶ
1536 1070 1886 1140 ἐθεράπευον·
1915 1068 2061 1121 οὕτω

482 1160 577 1213 καὶ
598 1160 835 1230 Πέρσαις
863 1157 1178 1228 πέμψαντες
1200 1156 1561 1227 ἀπήγγειλαν,
1584 1156 1666 1207 δτι
1694 1155 1754 1206 '0
1776 1152 1869 1206 τοῦ
1891 1152 2058 1206 τόπου

480 1241 669 1295 τούτου
698 1241 830 1303 Θεὸς
860 1242 991 1311 ἡμῖν
1025 1241 1339 1307 ἀγανακτεῖ,
1365 1238 1518 1291 οὐδὲν
1542 1236 1703 1290 πλέον
1737 1236 1865 1306 περὶ
1891 1235 2059 1289 αὑτοῦ

479 1326 620 1379 κατά
650 1326 806 1379 τοῦτο
829 1325 939 1377 τῶν
962 1324 1195 1377 εἰδώλων
1218 1321 1627 1391 φανταζόμενα.
1647 1318 1843 1390 Διόπερ
1868 1318 1892 1371 ἔ
1900 1336 2058 1390 μενον

479 1410 572 1461 καὶ
597 1409 860 1478 δαίμονας
880 1406 976 1461 καὶ
1003 1407 1167 1459 αὑτὸν
1192 1404 1604 1476 θεραπεύοντες,
1628 1403 1722 1456 καὶ
1745 1402 1813 1455 τὰ
1852 1402 2056 1472 ἄμικτα

481 1490 787 1560 μιγνύντες.
846 1490 1085 1543 Ἰουδαῖοι
1131 1489 1188 1543 δέ
1229 1488 1433 1557 ταύτης
1474 1483 1615 1559 ἦσαν
1648 1485 2055 1556 ἀπηλλαγμένοι

475 1575 576 1644 τῆς
600 1573 875 1637 ὑπονοίας,
911 1574 1003 1626 καὶ
1047 1572 1147 1643 τῆς
1191 1571 1515 1643 οἰκουμένης
1549 1570 1711 1624 αὐτὸν
1749 1572 1945 1641 ᾔδεσαν
1973 1564 2053 1622 εἷ·-

476 1673 566 1710 ναι
601 1656 629 1695 δ
667 1655 821 1721 Θεὸν,
870 1656 918 1707 εί
972 1654 1066 1707 καὶ
1114 1654 1191 1728 μὴ
1237 1656 1460 1717 πάντες.
1516 1652 1615 1707 Διά
1666 1653 1823 1706 τοῦτό
1870 1668 2053 1722 φησιν,

488 1737 674 1808 Ὑμεῖς
698 1737 1091 1805 προσκυνεῖτε
1128 1737 1161 1789 δ
1186 1739 1297 1790 οὐκ
1324 1736 1545 1790 οἴδατε·
1569 1734 1741 1805 ἡμεῖς
1776 1734 1846 1789 δὲ
1878 1749 2059 1804 προσ.

476 1820 781 1889 κυνοῦμεν
808 1820 840 1873 ὃ
868 1820 1131 1888 οἶδαμεν.
1160 1819 1251 1891 Μὴ
1273 1820 1559 1892 θαυμάσῃς
1580 1820 1638 1873 δέ
1660 1820 1743 1872 ὅτι
1768 1819 1906 1889 μετά
1933 1819 2059 1870 Ἰου-

474 1904 638 1958 δαίων
682 1902 873 1957 ἐαυτὸν
918 1903 1179 1973 ἀριθμεῖ·
1209 1903 1347 1971 πρὸς
1388 1903 1497 1972 γὰρ
1528 1903 1627 1973 τὴν
1660 1902 1914 1955 ὑπόνοιαν
1956 1900 2066 1971 τῆς

472 1987 732 2056 γυναικὸς
778 1986 1106 2055 διαλέγεται,
1146 1986 1223 2048 ώς
1263 1988 1547 2056 προφήτης
1580 1985 1655 2038 ὣν
1706 1985 1970 2039 Ἰουδαίων
2005 1995 2053 2038 ο.

472 2071 565 2123 Διὸ
592 2070 790 2134 καὶτὸ,
821 2069 1307 2139 Προσκυνοῢμεν,
1346 2070 1610 2124 τέθεικεν.
1653 2071 1775 2122 Ὅτι
1808 2069 1915 2141 γάρ
1949 2068 2056 2121 τῶν

473 2170 777 2225 προσκυνου
786 2153 960 2225 μένων
1003 2154 1139 2219 ἐστὶ,
1170 2153 1333 2207 παντί
1374 2170 1478 2206 που
1515 2152 1691 2223 δῆλον.
1721 2153 1795 2205 Τὸ
1822 2153 1920 2223 μὲν
1946 2151 2056 2224 γὰρ

471 2240 822 2310 προσκυνεῖν,
857 2239 957 2307 τῆς
1003 2237 1253 2302 κτίσεως,
1293 2237 1353 2290 τὸ
1387 2236 1445 2289 δέ
1486 2236 1928 2307 προσκυνεῖσθαι,
1961 2233 2054 2289 τοῦ

471 2326 573 2393 τῆς
606 2322 833 2384 κτίσεως
862 2319 1154 2372 Δεσπότου.
1193 2319 1352 2371 Ἀλλά
1379 2318 1515 2381 τέως
1552 2318 1627 2382 ὼς
1662 2318 1909 2382 Ἰουδαῖος
1942 2319 2056 2371 δια-

471 2406 706 2475 λέγεται.
737 2404 812 2457 Τὸ
837 2399 950 2467 οὖν,
985 2402 1194 2471 Ἡμεῖς,
1212 2402 1466 2465 ἐνταῦθα,
1504 2402 1692 2473 Ἡμεῖς
1718 2404 1768 2455 οἱ
1794 2403 2054 2470 Ἰουδαῖοι,

472 2491 659 2561 φησίν.
709 2488 953 2559 Έπάρας
988 2485 1167 2540 τοίνυν
1204 2486 1273 2539 τὰ
1319 2485 1603 2550 Ἰουδαϊκὰ,
1646 2486 1810 2539 πάλιν
1851 2485 2061 2552 ἀξιόπι-

472 2589 599 2625 στον
633 2571 825 2625 ἐαυτὸν
864 2571 1027 2635 ποιεῖ,
1054 2570 1147 2621 καὶ⁵
1182 2568 1357 2622 πείθει
1398 2568 1595 2639 μᾶλλον
1624 2571 1735 2632 τοῖς
1763 2569 1854 2622 ὑπ’
1890 2568 2053 2621 αὑτοῦ

469 2655 788 2725 λεγομένοις
817 2652 1125 2724 προσέχειν,
1166 2652 1477 2706 ἀνύποπτον
1521 2652 1693 2705 ποιῶν
1741 2653 1831 2706 τὸν
1874 2652 2051 2720 λόγον,

470 2742 567 2793 καὶ
586 2740 796 2803 δεικνὺς
829 2741 912 2792 ὅτι
943 2737 1006 2790 οὑ
1030 2740 1097 2808 τῇ
1128 2736 1266 2807 πρὸς
1292 2737 1354 2789 τὸ
1378 2735 1649 2807 ὁμόφυλον
1679 2738 1966 2808 συγγενείᾳ
1986 2736 2055 2790 τὰ

470 2822 693 2875 ἐκείνων
738 2820 977 2892 ἐπαίρει.
1026 2819 1086 2873 '0
1112 2819 1221 2891 γὰρ
1249 2819 1377 2888 περὶ
1396 2817 1491 2870 τοῦ
1518 2818 1681 2871 τόπου
1708 2818 1881 2872 ταῦτα
1911 2821 2053 2873 ἀπο-

471 2906 817 2976 φηνάμενος,
875 2904 960 2972 ἐφ’
1014 2896 1060 2972 ᾧ
1119 2903 1351 2973 μάλιστα
1406 2900 1607 2972 ηῖιχουν
1666 2902 1901 2957 Ἰουδαῖοι
1960 2902 2053 2955 καὶ

471 2989 815 3040 πλεονεκτεῖν
859 2986 1078 3039 πάντων
1122 2984 1390 3055 ἐνόμιζον,
1419 2986 1513 3038 καὶ
1544 2984 1614 3037 τά
1647 2983 1821 3055 σεμνά
1847 2985 2054 3037 τούτων

469 3067 735 3134 καθελὼν,
766 3068 988 3139 εὔδηλον
1015 3069 1098 3121 ὅτι
1117 3068 1239 3121 οὐδὲ
1267 3068 1408 3121 κατὰ
1434 3067 1609 3121 ταῦτα
1633 3069 1767 3139 πρὸς
1789 3068 1946 3139 χάριν
1973 3086 2053 3121 τι-

469 3154 559 3219 νὸς
593 3156 800 3223 ἔλεγεν,
825 3152 961 3207 ἀλλά
992 3152 1132 3225 μετά
1161 3152 1419 3221 ἀληθείας
1456 3153 1551 3206 καὶ
1594 3154 1934 3224 προρρητικῇ
1963 3152 2053 3205 δυ-

468 3237 651 3308 νάμει.
691 3237 845 3290 Ἐπεὶ
869 3232 963 3290 οὖν
989 3237 1099 3289 τῶν
1135 3235 1390 3289 τοιούτων
1423 3234 1699 3305 λογισμῶν
1721 3235 1859 3298 τέως
1879 3235 1906 3274 ἀ
1940 3236 2051 3288 ἀπ-

472 3320 699 3394 έστησεν
726 3319 917 3382 είπὼν,
947 3318 1096 3391 [191]
1123 3318 1464 3373 Πίστευσόν
1490 3336 1614 3389 μοι,
1639 3319 1833 3388 γύναι,
1870 3318 1961 3383 καὶ
1980 3318 2049 3372 τά

468 3401 600 3476 ἐξῆς
624 3444 640 3469 ,
688 3404 905 3471 ἐπάγει,
949 3405 1071 3458 Ὀτι
1104 3404 1143 3471 ἡ
1186 3403 1450 3470 σωτηρία
1493 3403 1563 3456 ἐκ
1594 3401 1714 3456 τῶν
1756 3401 2052 3457 Ἰουδαίων

466 3488 657 3543 ἐστίν.
683 3489 749 3541 "O
768 3487 826 3540 δὲ
851 3485 1019 3553 λέγει,
1047 3485 1285 3539 τοιοῦτόν
1312 3486 1479 3538 ἐστιν·
1507 3484 1541 3555 ἦ
1573 3486 1654 3538 ὅτι
1683 3484 1753 3538 τὰ
1780 3484 1959 3554 ἀγαθὰ
1981 3487 2049 3556 τῇ

468 3573 766 3645 οἰκουμένῃ
791 3570 1000 3625 ἐκεῖθεν
1023 3569 1212 3639 γέγονε
1238 3568 1320 3639 (τὸ
1337 3568 1446 3640 γὰρ
1478 3570 1676 3639 εἰδέναι
1702 3568 1837 3622 Θεὸν
1862 3568 1957 3622 καὶ
1989 3569 2052 3622 τὸ

468 3653 902 3724 καταγινώσκειν
947 3652 1203 3716 εἰδώλων,
1248 3653 1456 3706 ἐκεῖθεν
1498 3653 1600 3724 τὴν
1649 3652 1823 3724 ἀρχὴν
1870 3652 2046 3722 ἔσχεν·

468 3740 565 3793 καὶ
594 3738 663 3792 τά
697 3737 833 3792 ἄλλα
865 3737 1045 3791 πάντα
1072 3736 1332 3806 δόγματα,
1365 3738 1457 3789 καὶ
1494 3738 1622 3807 παρ’
1658 3738 1789 3806 ὑμῖν
1823 3736 1881 3789 δέ
1919 3735 2052 3790 αὐτὸ

466 3824 529 3875 τὸ
549 3821 647 3892 τῆς
673 3823 1114 3891 προσκυνήσεως,
1140 3821 1187 3871 εί
1214 3820 1307 3872 καὶ
1331 3818 1405 3890 μὴ
1428 3818 1622 3890 ὀρθῶς,
1647 3818 1756 3873 ἀπὸ
1784 3818 1914 3888 γοῦν
1939 3819 2048 3873 τῶν

481 3905 752 3959 Ἰουδαίων
779 3904 877 3974 τὴν
905 3903 1079 3975 ἀρχὴν
1099 3902 1300 3973 ἐλαϐε)·
1330 3903 1607 3973 σωτηρίαν
1641 3898 1787 3972 οὗνῆ
1812 3903 1985 3957 ταῦτα
2012 3901 2047 3973 ἢ

467 3989 570 4060 τὴν
614 3985 807 4040 ἑαυτοῦ
850 3985 1151 4058 παρουσίαν
1188 3985 1363 4038 καλεῖ·
1402 3985 1603 4055 μᾶλλον
1639 3984 1697 4036 δέ
1732 3986 1833 4037 οὐκ
1871 3986 1937 4039 ἀν
1964 3999 2049 4048 τις

470 4072 705 4142 ἁμάρτοι
735 4070 1020 4142 ἀμφότερα
1058 4068 1231 4122 ταῦτα
1272 4069 1542 4141 σωτηρίαν
1568 4067 1765 4131 καλῶν,
1800 4069 1867 4140 ἢν
1895 4064 2048 4123 εἶπεν

470 4158 536 4209 ἐκ
563 4155 674 4209 τῶν
708 4153 977 4208 Ἰουδαίων
1009 4146 1170 4205 εἶναι.
1200 4151 1377 4223 Ὅπερ
1402 4153 1496 4205 καὶ
1522 4152 1552 4204 ὁ
1577 4151 1786 4214 Παῦλος
1813 4152 2046 4206 αίνιττόο

474 4256 635 4309 μενος
656 4237 861 4306 ἔλεγεν·
903 4234 999 4300 Ἐξ
1030 4227 1119 4288 ὧν
1142 4236 1177 4288 ὀ
1203 4234 1456 4302 Χριστὸς
1477 4234 1545 4287 τὸ
1573 4235 1727 4288 κατὰ
1755 4233 1973 4302 σάρκα.
2014 4238 2047 4287 ό

470 4322 557 4378 ὢν
573 4323 671 4376 ἐπὶ
703 4321 945 4377 πάντων
974 4320 1137 4384 Θεός.
1175 4319 1336 4389 Ὁρᾷς
1362 4318 1479 4380 πῶς
1506 4322 1794 4390 συγκροτεῖ
1815 4318 1913 4390 τὴν
1938 4319 2048 4373 Πα-

472 4406 647 4469 λαιὰν,
682 4408 776 4461 καὶ
811 4405 968 4477 ῥίζαν
1001 4402 1237 4455 δείκνυσι
1257 4403 1365 4455 τῶν
1393 4402 1634 4471 ἀγαθῶν,
1669 4404 1763 4456 καὶ
1793 4403 1882 4456 διὰ
1910 4402 2049 4456 πάν-

470 4490 579 4543 των
618 4490 715 4542 οὐκ
752 4486 994 4541 ἐναντίον
1023 4486 1151 4538 ὄντα
1185 4484 1262 4555 τῷ
1294 4485 1443 4556 νόμῳ
1467 4526 1482 4547 ,
1517 4488 1631 4554 εἴγε
1670 4487 1735 4537 ἐκ
1767 4485 1875 4538 τῶν
1920 4486 2047 4539 Ἰου-

471 4571 635 4626 δαίων
658 4570 756 4642 τὴν
783 4569 1035 4623 ὑπόθεσιν
1064 4564 1205 4621 εἶναι
1238 4566 1455 4620 πάντων
1477 4566 1586 4620 τὼν
1615 4567 1835 4635 ἀγαθῶν
1861 4585 2042 4637 φησιν;

488 4655 640 4709 Ἀλλ’
666 4653 899 4722 ἔρχεται
919 4650 1059 4719 ὥρα,
1088 4651 1185 4705 καί
1214 4651 1331 4705 νῦν
1351 4651 1537 4715 ἐστιν,
1568 4650 1666 4703 ὅτε
1698 4655 1749 4705 οί
1772 4651 2044 4717 ἀληθινοὶ

473 4735 886 4804 προσκυνηταὶ
922 4733 1426 4802 προσκυνήσουσι
1474 4732 1554 4799 τῷ
1602 4735 1806 4801 Πατρί.
1848 4734 2045 4787 Πλεον-

472 4820 735 4890 εκτοῦμεν
775 4820 874 4889 μὲν
915 4818 1090 4888 ὑμῶν,
1122 4808 1168 4869 ὦ
1200 4816 1382 4883 γύναι,
1426 4818 1580 4887 φησι,
1623 4816 1700 4887 τῷ
1728 4817 1913 4889 τρόπῳ
1944 4819 2046 4888 τῆς

471 4902 912 4970 προσκυνήσεως·
946 4898 1084 4970 πλὴν
1118 4899 1252 4953 ἀλλά
1280 4900 1375 4952 καὶ
1411 4892 1566 4962 οὗτος
1598 4900 1749 4962 τέλος
1781 4899 1889 4965 ἕξει
1933 4900 2044 4952 λοι-

472 4985 591 5037 πόν.
618 4984 692 5036 Οὐ
714 4983 821 5053 γάρ
844 4982 913 5035 τά
932 4983 1040 5037 τῶν
1070 4985 1248 5036 τόπων
1272 4982 1669 5053 ἀμειφθήσεται
1702 4982 1881 5051 μόνον.
1909 4982 2045 5036 ἀλλά

471 5072 566 5123 καὶ
599 5068 668 5121 τά
695 5067 789 5120 τοῦ
818 5068 1019 5139 τρόπου
1057 5068 1154 5139 τῆς
1186 5067 1462 5138 λατρείας,
1503 5068 1596 5119 καὶ
1627 5066 1799 5120 ταῦτα
1828 5067 1920 5120 ἐπὶ
1952 5067 2044 5120 θύ-

472 5169 596 5224 ραις
626 5151 873 5219 ἓστηκεν·
901 5150 1176 5218 Ἔρχεται
1196 5149 1305 5220 γάρ
1331 5149 1471 5218 ὣρα,
1496 5148 1725 5203 καὶνῦν
1750 5150 1936 5201 ἐστιν.

544 5233 611 5303 β’.
660 5230 876 5302 Ἐπειδὴ
909 5233 1017 5303 γὰρ
1055 5233 1105 5284 οἱ
1150 5233 1422 5304 προφῆται
1458 5232 1564 5303 πρὸ
1607 5231 1831 5302 μακρῶν
1861 5230 2043 5299 ἔλεγον

472 5318 677 5389 χρόνων
698 5315 839 5386 ἅπερ
861 5315 1063 5384 ἔλεγον,
1082 5314 1237 5368 τοῦτο
1256 5316 1494 5385 ἀναιρῶν
1523 5313 1755 5369 ἐνταῦθα
1776 5310 1914 5376 εἷπε,
1935 5314 2046 5368 Καὶ

470 5400 587 5455 νῦν
608 5401 757 5454 ἐστι.
789 5397 875 5470 Μὴ
910 5399 1156 5471 νομίσῃς,
1194 5398 1348 5469 φησὶ,
1388 5397 1590 5469 ταύτην
1621 5397 1876 5469 τοιαύτην
1905 5394 2045 5453 εἶναι

471 5484 569 5556 τὴν
612 5482 968 5555 προφητείαν,
998 5483 1072 5546 ὡς
1098 5481 1237 5553 μετά
1273 5482 1438 5535 πολὺν
1466 5483 1786 5553 γενήσεσθαι
1828 5482 2040 5552 χρόνον.

470 5567 554 5620 Τά
594 5568 702 5638 γὰρ
741 5566 1041 5637 πράγματα
1088 5565 1389 5636 ἐφέστηκεν
1436 5566 1559 5637 ἤδη,
1600 5566 1695 5618 καὶ
1731 5566 1821 5619 ἐπὶ
1854 5564 2044 5638 θύραις

472 5652 637 5711 ἐστὶν,
677 5653 815 5704 Ὅτε
852 5653 907 5704 οἱ
946 5648 1216 5716 ἀληθινοί
1256 5649 1667 5717 προσκυνηταὶ
1700 5650 2045 5717 προσκυνή-

470 5750 656 5790 σουσι
696 5732 778 5799 τῷ
802 5734 984 5802 Πατρὶ
1010 5734 1079 5786 ὲν
1106 5734 1394 5801 πνεύματι
1428 5732 1527 5787 καὶ
1551 5734 1821 5801 ἀληθείᾳ.
1855 5730 2039 5789 Εἰπὼν

580 5845 729 5894 Savil.
754 5844 960 5906 ἐνόμιζον
984 5845 1112 5892 ὄντα.
1155 5847 1206 5906 γὶ
1241 5844 1411 5906 Morelf
1434 5845 1610 5906 ᾔδεσαν
1642 5844 1770 5893 ὄντα.
1840 5847 1862 5875 θ
1885 5844 2037 5895 Savil.

472 5907 537 5954 ὢν
566 5905 805 5960 Ἰουδαῖος.
836 5904 843 5905 ί
870 5904 898 5945 ἀ
925 5906 1094 5955 Morel.
1124 5905 1205 5953 οὖν
1224 5904 1451 5968 λογισμὸν
1472 5908 1605 5961 τέως.

1169 293 1226 348 S.
1265 289 1554 347 JOANNIS
1581 282 2073 344 CHRYSOSTOMI
2112 281 2429 342 ARCIHEP.
2465 287 3013 350 CONSTANTINOP.

3632 298 3736 354 £90

2170 401 2473 473 ἀληθινοὺς,
2522 407 2838 471 συνεξέϐαλε
2867 419 2891 447 ο
2920 407 3284 479 Σαμαρείταις
3324 407 3623 473 Ἰουδαίους.
3676 415 3740 465 Εἰ

2165 485 2274 554 γὰρ
2302 488 2395 540 καὶ
2417 488 2644 543 ἐκείνων
2664 492 2922 559 ἀμείνους
2942 485 3111 555 οὗτοι,
3136 493 3272 547 ἀλλά
3297 493 3405 547 τῶν
3437 494 3741 565 μελλόντων

2163 568 2420 633 ἐλάττους
2458 572 2657 643 πολλῷ,
2682 576 2775 628 καὶ
2799 575 3071 641 τοσοῦτον,
3100 578 3225 630 ὅσον
3254 578 3512 647 ἀληθείας
3546 578 3737 642 τύπος.

2164 653 2328 720 Λέγει
2350 654 2407 706 δέ
2438 656 2565 726 περί⁵
2591 656 2693 727 τῆς
2722 659 3066 729 Ἐκκλησίας,
3092 660 3175 714 ὄτι
3198 662 3232 732 ἠ
3261 660 3466 732 ἀληθὴς
3493 662 3740 732 προσκύ-

2163 754 2319 806 νησις
2343 738 2437 790 καὶ
2458 738 2578 809 Θεῷ
2610 741 2897 811 πρέπουσα
2924 743 3061 813 αὕτη
3092 743 3259 797 ἐστίν.
3289 744 3397 797 Καὶ
3420 745 3529 813 γὰρ
3563 747 3596 797 ὁ
3623 747 3744 798 Πα-

2160 821 2274 889 τὴρ
2302 824 2609 889 τοιούτους
2635 820 2796 891 ζητεῖ
2818 826 2962 892 τοὺς
2996 828 3495 895 προσκυνοῦντας
3526 828 3737 882 αὐτόν.

2162 905 2373 959 Οὐκοῦν
2417 908 2467 960 εί
2511 906 2781 971 τοιούτους
2817 908 2837 947 τ
2884 909 3050 963 πάλαι
3088 909 3290 981 ἐζήτει,
3325 910 3388 963 οὐ
3420 909 3742 981 βουλόμενος

2159 987 2388 1051 ἐκείνοις
2434 990 2779 1061 συνεχώρησε
2816 990 2909 1045 τὸν
2949 991 3166 1062 τρόπον,
3210 992 3347 1047 ἀλλὰ
3378 992 3741 1061 συγκαταϐαίο

2160 1089 2289 1136 νων,
2315 1072 2408 1126 καὶ
2426 1071 2723 1139 διάητοῦτο,
2764 1074 2850 1129 ῖνα
2876 1076 2971 1129 καὶ
3004 1076 3225 1140 τούτους
3257 1076 3545 1149 εἰσαγάγῃ.
3580 1076 3739 1139 Τίνες

2158 1149 2253 1208 οὖν
2295 1156 2433 1209 εἰσιν
2475 1156 2525 1208 οἱ
2572 1156 2816 1227 ἀληθινοὶ
2858 1159 3262 1229 προσκυνηταί;
3296 1160 3360 1212 Οῖ
3402 1160 3539 1230 μήτε
3587 1157 3739 1228 τόπῳ

2160 1238 2559 1310 περικλείοντες
2594 1239 2691 1311 τὴν
2735 1239 3012 1310 λατρείαν,
3054 1243 3148 1296 καὶ
3187 1242 3319 1296 Θεὸν
3359 1242 3417 1295 ἐν
3462 1240 3739 1311 πνεύματι

2159 1320 2571 1391 θεραπεύοντες·
2617 1321 2799 1387 καθὼς
2847 1324 2942 1377 καὶ
2984 1326 3013 1378 ό
3054 1324 3265 1388 Παῦλός
3294 1339 3477 1394 φησιν·
3516 1316 3591 1394 Τῼ
3626 1328 3736 1377 λα-

2157 1405 2343 1470 τρεύω
2368 1405 2438 1457 ἐν
2466 1404 2547 1470 τῷ
2568 1406 2860 1474 πνεύματί
2885 1424 3027 1477 μου,
3052 1407 3121 1460 ἐν
3145 1405 3227 1471 τῷ
3252 1406 3594 1476 Εὺατγελίφ
3624 1405 3734 1459 τοῦ

2167 1487 2303 1541 Υίοῦ
2329 1487 2536 1541 αὐτοῦ·
2560 1488 2654 1541 καὶ
2676 1488 2857 1554 πάλιν,
2886 1487 3219 1557 Παρακαλῶ
3244 1488 3401 1558 ὑμᾶς
3423 1486 3736 1557 παρωτῆο

2158 1585 2262 1623 σαι
2298 1569 2371 1623 τὰ
2416 1570 2660 1639 σώματα
2690 1571 2859 1641 ὑμῶν
2892 1573 3114 1627 θυσίαν
3144 1570 3357 1639 ζῶσαν,
3407 1572 3737 1641 εὐάρεστον

2157 1652 2239 1718 τῷ
2271 1651 2414 1718 Θεῷ,
2436 1653 2550 1721 τὴν
2571 1653 2827 1723 λογικὴν
2858 1656 3140 1724 λατρείαν
3162 1655 3349 1723 ὑμῶν.
3383 1653 3550 1708 Ὅταν
3568 1655 3627 1707 δὲ
3654 1654 3736 1706 εῖ-

2158 1751 2258 1808 πῃ,
2290 1736 2531 1805 Πνεῦμα
2565 1740 2597 1790 d
2628 1737 2791 1803 Θεὸς,
2818 1738 2968 1791 οὐδὲν
2996 1736 3123 1791 ἄλλο
3147 1737 3315 1807 δηλοῖ,
3350 1737 3384 1808 ἢ
3415 1737 3477 1790 τὸ
3509 1735 3736 1807 ἀσώμα-

2156 1837 2267 1873 τον.
2293 1823 2385 1873 Δεῖ
2407 1820 2586 1874 τοίνυν
2610 1822 2704 1875 τοῦ
2727 1823 3017 1892 ἀσωμάτου
3039 1822 3132 1874 καὶ
3152 1822 3252 1894 τὴν
3274 1820 3530 1891 λατρείαν
3551 1820 3737 1873 τοιαύ·

2156 1920 2258 1975 την
2295 1899 2456 1968 εἶναι,
2507 1905 2599 1957 καὶ
2636 1904 2725 1958 διὰ
2762 1905 2858 1958 τοῦ
2892 1905 2951 1958 ἐν
2990 1906 3121 1975 ἡμῖν
3169 1904 3461 1973 ἀσωμάτου
3498 1904 3736 1974 προσφέ-

2160 1989 2364 2060 ρεσθαι·
2395 1990 2695 2055 τουτέστιν,
2731 1988 2822 2043 διὰ
2853 1988 2953 2061 τῆς
2993 1988 3173 2059 ψυχῆς
3218 1990 3314 2043 καὶ
3353 1989 3454 2060 τῆς
3499 1986 3595 2041 τοῦ
3637 1987 3735 2041 νοῦ

2159 2073 2549 2144 καθαρότητος.
2592 2074 2685 2127 Διὸ
2720 2090 2874 2145 φησι·
2908 2072 3019 2127 Καὶ
3061 2073 3203 2140 τοὺς
3234 2072 3735 2141 προσκυνοῦντας

2156 2157 2364 2217 αὐτὸν,
2391 2157 2461 2210 ἐν
2492 2158 2785 2226 πνεύματι
2813 2156 2911 2211 καὶ
2942 2158 3190 2225 ἀληθείᾳ
3224 2156 3319 2210 δεῖ
3344 2156 3730 2224 προσκυνεῖν.

2169 2240 2385 2311 Ἐπειδὴ
2410 2241 2519 2313 γάρ
2536 2241 2629 2293 καὶ
2651 2241 2845 2293 ἐκεῖνοι
2861 2240 2955 2293 καὶ
2976 2241 3027 2292 οἱ
3054 2240 3295 2294 Ἰουδαῖοι
3317 2240 3417 2310 τῆς
3438 2239 3539 2311 μὲν
3554 2239 3733 2309 ψυχῆς

2156 2322 2413 2393 ἠμέλουν,
2453 2323 2653 2395 πολλὴν
2674 2324 2731 2377 δὲ
2756 2323 2886 2395 περὶ
2908 2325 2970 2376 τὸ
2994 2324 3151 2394 σῶμα
3180 2334 3208 2373 ε
3237 2323 3468 2394 σπουδὴν
3491 2321 3736 2375 ἐποιοῦν-

2154 2421 2235 2471 το,
2276 2406 2629 2478 καθαίροντες
2664 2406 2796 2459 αὐτὸ
2835 2407 3215 2470 παντοδαπῶς·
3250 2410 3418 2477 φησὶν
3453 2406 3535 2458 ὅτι
3571 2405 3632 2457 οὐ
3660 2406 3730 2475 τῇ

2153 2488 2248 2541 τοῦ
2282 2488 2532 2560 σώματος
2551 2488 2903 2561 καθαρότητι,
2922 2489 3060 2543 ἀλλά
3084 2489 3163 2559 τῷ
3193 2491 3250 2542 ἐν
3276 2490 3408 2560 ἡμῖν
3430 2489 3727 2557 ἀσωμάτῳ,

2157 2573 2305 2645 [192]
2343 2574 2590 2627 τουτέστι
2618 2573 2697 2644 τῷ
2725 2572 2821 2643 νῷ,
2851 2576 2880 2627 ὁ
2908 2572 3196 2644 ἀσώματος
3224 2571 3600 2643 θεραπεύεται.
3632 2573 3728 2640 Μὴ

2153 2658 2333 2711 τοίνυν
2358 2656 2601 2729 πρόϐατα
2632 2657 2788 2710 θύετε
2823 2657 2918 2711 καὶ
2949 2658 3201 2729 μόσχους,
3241 2656 3356 2710 ἀλλ’
3379 2656 3497 2709 δλον
3533 2654 3730 2707 σαυτὸν

2154 2744 2352 2805 ἀνάθες
2379 2742 2457 2812 τῷ
2482 2740 2600 2812 Θεῷ
2623 2742 2719 2794 καὶ
2745 2741 3135 2795 ὁλοκαύτωσον·
3162 2739 3319 2793 τοῦτο
3346 2741 3454 2810 γάρ
3489 2742 3604 2792 ἐστι
3634 2738 3731 2791 θυ-

2156 2827 2279 2879 σίαν
2316 2826 2499 2889 ζῶσαν
2524 2825 2891 2895 παραστῆσαι.
2935 2826 3023 2878 Ἐν
3062 2823 3172 2894 γὰρ
3200 2822 3425 2894 ἀληθείᾳ
3453 2821 3534 2875 δεῖ
3561 2837 3733 2890 προσ-

2153 2911 2357 2962 κυνεῖν·
2389 2908 2464 2971 ὡς
2488 2908 2559 2962 τά
2591 2925 2656 2977 γε
2684 2907 2923 2979 πρότερα
2947 2907 3114 2971 τύπος
3143 2902 3231 2977 ἦν,
3264 2907 3299 2978 ἡ
3335 2904 3623 2976 περιτομὴ,
3655 2902 3729 2955 τά

2151 2991 2597 3060 ὁλοκαυτώματα,
2636 2990 2705 3043 τὰ
2750 2989 2988 3061 θύματα,
3033 2989 3103 3043 τά
3148 2988 3488 3059 θυμιάματα·
3529 2984 3729 3039 νυνὶδὲ

2151 3074 2355 3131 οὐκέτι.
2395 3072 2509 3125 ἀλλ’
2553 3073 2777 3144 ἀλήθεια
2825 3073 2887 3126 τὸ
2936 3074 3061 3128 πᾶν.
3111 3073 3185 3127 Οὐ
3219 3072 3329 3143 γὰρ
3368 3071 3565 3143 σάρκα,
3590 3067 3728 3123 ἀλλά

2153 3157 2422 3227 πονηροὺς
2456 3155 2536 3208 δεῖ
2568 3156 2916 3227 περικόπτειν
2960 3154 3273 3225 λογισμοὺς,
3323 3153 3416 3207 καὶ
3463 3150 3729 3222 σταυροῦν

2152 3240 2361 3303 ἐαυτὸν,
2385 3238 2597 3303 καὶτὰς
2622 3239 2848 3307 ἀλόγους
2869 3240 3111 3310 ἀναιρεῖν
3129 3237 3424 3308 ἐπιθυμίας
3449 3236 3541 3290 καὶ⁵
3557 3252 3728 3289 κατα-

2154 3323 2430 3393 σφάττειν.
2474 3320 2792 3391 Ἰλιγγίασεν
2824 3325 2856 3393 ή
2899 3322 3034 3393 γυνὴ
3064 3320 3201 3390 πρὸς
3227 3320 3297 3373 τά
3323 3318 3598 3390 λεχθέντα,
3630 3316 3728 3370 καὶ

2152 3406 2501 3477 ἀπηγόρευσε
2536 3406 2673 3477 πρὸς
2712 3404 2775 3458 τὸ
2808 3402 2941 3474 ὕψος
2980 3405 3089 3458 τῶν
3128 3403 3451 3475 εἰρημένων,
3493 3403 3587 3455 καὶ
3624 3417 3728 3454 κα·-

2155 3489 2331 3561 μοῦσα
2361 3490 2590 3545 ἄκουσον
2617 3488 2669 3541 τί
2699 3503 2880 3559 φησιν·
2902 3483 3046 3541 Οιδα
3072 3487 3163 3542 ὅτι
3193 3487 3426 3555 ἔρχεται
3450 3486 3727 3551 Μεσσίας

2151 3577 2186 3627 δ
2208 3574 2530 3643 λεγόμενος
2550 3572 2825 3639 Χριστός·
2855 3570 3003 3624 ὅταν
3024 3570 3171 3639 ἔλθῃ
3200 3570 3450 3637 ἐκεῖνος,
3474 3570 3728 3638 ἀναγγε-

2148 3657 2252 3711 λεῖ
2275 3657 2421 3725 ἡμῖν
2456 3655 2670 3709 πάντα.
2695 3655 2865 3725 Λέγει
2901 3652 3055 3723 αὑτῇ
3076 3657 3109 3709 ὀ
3142 3652 3400 3722 Ἰησοῦς·
3443 3651 3583 3721 Ἐγώ
3604 3654 3726 3716 ειμι

2150 3742 2184 3793 ό
2213 3737 2422 3794 λαλῶν
2454 3753 2576 3792 σοι.
2606 3739 2715 3792 Καὶ
2742 3737 2904 3792 πόθεν
2932 3736 3297 3808 Σαμαρείταις
3324 3736 3386 3791 τὸ
3417 3736 3725 3806 προσδοκᾷν

2148 3823 2247 3894 τὴν
2288 3823 2383 3877 τοῦ
2423 3820 2660 3892 Χριστοῦ
2693 3821 3012 3893 παρουσίαν,
3040 3821 3134 3875 τον
3170 3819 3408 3875 Μωῦσέα
3437 3818 3725 3889 δεξάμενοι

2152 3908 2344 3979 μόνον;
2386 3906 2504 3959 Ἀπ’
2539 3905 2716 3960 αὐτῶν
2747 3905 2855 3958 τῶν
2888 3904 3165 3968 Μωϋσέως
3204 3902 3561 3975 γραμμάτων.
3608 3903 3733 3955 Καὶ·

2148 3991 2258 4060 γὰρ
2287 3990 2346 4042 ἐν
2370 3990 2511 4060 ἀρχῇ
2550 3988 2641 4041 τὸν
2672 3988 2802 4041 Υίὸν
2826 3986 3159 4056 ἀπεκάλυψε.
3192 3984 3267 4039 Τὸ
3293 3988 3422 4058 γὰρ,
3456 3984 3719 4051 Ποιήσω-

2148 4090 2259 4140 μεν
2281 4072 2593 4138 ἄνθρωπον
2614 4069 2738 4123 κατ’
2768 4072 2973 4123 εἰκόνα
3004 4068 3103 4123 καὶ
3125 4067 3252 4123 καθ’
3274 4068 3555 4138 ὁμοίωσιν
3576 4068 3722 4138 ἡμεέ

2147 4155 2345 4223 τέραν,
2374 4152 2509 4225 πρὸς
2534 4152 2624 4206 τὸν
2648 4152 2778 4206 Υίὸν
2815 4151 3018 4223 εἴρητο·
3042 4152 3137 4205 καὶ
3163 4149 3242 4220 τῷ
3280 4150 3530 4221 Ἀϐραὰμ
3563 4152 3620 4203 ἐν
3646 4152 3719 4221 τῇ

2149 4240 2322 4311 σκηνῇ
2352 4231 2505 4299 οὗτός
2534 4237 2681 4291 ἐστιν
2714 4238 2744 4289 ό
2776 4235 3169 4305 διαλεγόμενος·
3194 4235 3290 4286 καὶ
3309 4235 3339 4286 ὁ
3373 4233 3563 4287 Ἰακὼϐ
3588 4231 3721 4302 περὶ

2147 4321 2312 4377 αὐτοῦ
2354 4320 2707 4392 προφητεύων
2739 4318 2943 4387 ἔλεγεν·
2977 4320 3097 4372 Οὐκ
3131 4317 3396 4385 ἐκλείψει
3422 4316 3621 4385 ἅρχων
3645 4318 3720 4379 ἐξ

2162 4403 2367 4467 Ἰούδα,
2397 4403 2539 4457 οὐδὲ
2560 4401 2891 4472 ἡγούμενος
2909 4400 2977 4455 ἐκ
3001 4400 3123 4454 τῶν
3137 4399 3345 4471 μηρῶν
3371 4400 3576 4462 αὐτοῦ,
3606 4399 3719 4466 ἕως

2148 4486 2225 4541 ἂν
2247 4487 2394 4553 ἔλθῃ
2415 4478 2463 4552 ᾧ
2485 4484 2809 4547 ἀπόκειται,
2830 4485 2929 4538 καὶ
2954 4483 3137 4551 αὐτὸς
3158 4482 3488 4552 προσδοκία
3505 4483 3713 4537 ἐθνῶν.

2147 4571 2259 4625 Καὶ
2285 4569 2445 4631 αὐτὸς
2471 4568 2527 4621 δὲ
2561 4569 2590 4621 ὁ
2621 4568 2859 4637 Μωῦσῆς
2878 4582 3029 4639 φησι·
3053 4565 3373 4635 Προφήτην
3395 4566 3537 4635 ύμῖν
3572 4566 3717 4621 ἁνα-

2148 4654 2365 4721 στήσει
2402 4653 2614 4721 Κύριος
2641 4654 2674 4704 ὁ
2702 4652 2847 4717 Θεὸς
2881 4652 2951 4704 ἐκ
2974 4650 3093 4704 τῶν
3118 4648 3394 4719 ἀδελφῶν
3419 4649 3607 4720 ὑμῶν,
3635 4652 3719 4717 ὡς

2147 4736 2269 4805 ἐμέ·
2298 4736 2485 4789 αὑτοῦ
2512 4736 2868 4789 ἀκούσεσθε·
2905 4735 3015 4788 Καὶ
3042 4733 3112 4787 τά
3136 4733 3276 4787 κατά
3308 4734 3400 4786 τὸν
3440 4734 3581 4803 ὅφιν,
3619 4737 3717 4788 καὶ

2145 4819 2214 4872 τά
2243 4820 2382 4871 κατά
2412 4819 2510 4890 τὴν
2544 4818 2738 4887 ῥάϐδον
2769 4817 2867 4888 τὴν
2894 4818 3192 4879 Μωῡσέως,
3219 4816 3311 4870 καὶ
3340 4817 3410 4871 τά
3447 4816 3587 4870 κατά
3624 4818 3716 4872 τὸν

2158 4902 2341 4954 Ἰσαὰκ
2382 4902 2475 4954 καὶ
2507 4900 2567 4953 τὸ
2599 4901 2885 4972 πρόϐατον,
2925 4900 3018 4953 καὶ
3046 4900 3217 4953 πολλὰ
3246 4899 3406 4969 ἕτερα
3433 4901 3559 4972 ἐνῆν
3592 4900 3719 4969 βου-

2145 4984 2389 5055 λομένοις
2438 4983 2681 5052 ἐκλέγειν
2721 4985 2820 5054 τὴν
2863 4982 3165 5052 παρουσίαν
3207 4983 3369 5035 αὐτοῦ
3404 4983 3718 5054 ἀνακηρύτ-

2143 5086 2322 5123 τοντα.
2360 5068 2469 5122 Καὶ
2501 5068 2554 5120 τί
2579 5068 2798 5136 δήποτε,
2834 5070 3016 5136 φησὶν,
3050 5067 3151 5119 οὐκ
3181 5067 3288 5120 ἀπὸ
3319 5066 3522 5122 τούτων
3551 5069 3718 5138 ἐνῆγε

2143 5152 2241 5223 τὴν
2279 5153 2513 5219 γυναῖκα
2539 5153 2568 5204 ό
2596 5151 2850 5221 Χριστὸς,
2890 5149 3025 5202 ἀλλά
3053 5148 3133 5219 τῷ
3169 5149 3265 5219 μὲν
3295 5149 3589 5220 Νικοδήμῳ
3622 5152 3716 5203 τὸν

2144 5234 2265 5303 δφιν
2294 5237 2375 5297 είς
2405 5234 2565 5305 μέσον
2592 5232 2787 5302 ἤγαγε,
2823 5234 2915 5285 καὶ
2945 5231 3023 5302 τῷ
3053 5231 3346 5302 Ναθαναὴλ
3380 5232 3717 5303 προφητείας

2142 5317 2436 5387 ἀνέμνησε,
2466 5315 2637 5389 ταύτῃ
2674 5317 2729 5369 δέ
2759 5316 2907 5369 οὐδὲν
2942 5315 3179 5369 τοιοῦτον
3215 5309 3404 5380 εἷπεν;
3441 5315 3596 5378 Τίνος
3621 5312 3718 5369 οὖν

2144 5400 2328 5453 ἕνεκεν
2371 5404 2464 5453 καὶ
2489 5400 2661 5463 διατί;
2697 5400 2818 5453 Ὅτι
2848 5400 3039 5452 ἐκεῖνοι
3076 5398 3174 5469 μὲν
3198 5398 3390 5468 ἄνδρες
3424 5392 3584 5467 ἦσαν,
3619 5400 3716 5451 καὶ

2144 5483 2202 5535 ἐν
2238 5482 2442 5546 τούτοις
2488 5483 2828 5553 ἐστρέφοντο·
2865 5479 3001 5552 αὕτη
3053 5480 3111 5535 δὲ
3161 5481 3298 5551 γυνὴ
3336 5481 3588 5551 πενιχρὰ,
3619 5484 3716 5535 καὶ

2143 5566 2381 5637 ἀμαθὴς,
2423 5568 2516 5619 καὶ
2560 5566 2789 5638 Γραφῶν
2831 5566 3071 5635 ἄπειρος.
3099 5564 3199 5617 Διά
3240 5563 3396 5617 τοῦτο
3441 5565 3579 5635 αὐτῇ
3612 5566 3715 5619 οὐκ

2145 5650 2265 5715 ἀπὸ,
2284 5650 2488 5703 τούτων
2515 5650 2837 5718 διαλέγεται,
2866 5649 2980 5703 ἀλλ’
3017 5648 3124 5702 ἀπὸ
3151 5647 3245 5701 τοῦ
3273 5646 3462 5710 ὓδατος
3493 5648 3585 5701 καὶ
3613 5649 3713 5718 τῆς

2148 5734 2504 5805 προρρήσεως
2546 5733 2715 5804 αὐτὴν
2756 5734 3073 5798 ἐπισπᾶται,
3122 5732 3218 5786 καὶ
3258 5730 3346 5785 διὰ
3392 5729 3593 5785 τούτων
3631 5734 3714 5796 εἰς

2209 5855 2236 5911 ε
2257 5843 2355 5911 Αἰξί
2382 5845 2543 5911 εἰπών,
2562 5844 2757 5911 ἀληθείᾳ
2784 5847 2838 5895 ού
2865 5846 3153 5904 συνεξέϐαλε.
3223 5842 3245 5883 τ
3295 5843 3465 5895 Morel.
3499 5843 3711 5902 τούτους.

2148 5909 2173 5947 6
2196 5906 2366 5956 Morel.
2399 5907 2504 5968 περὶ
2535 5904 2621 5956 τοῦ
2652 5904 2888 5971 σώματος.
