4100 6364
315 424 417 482 189

316 546 369 600 in
393 546 571 598 futuro
598 553 895 613 przestare;
926 553 980 599 et
1001 553 1127 598 tunc
1155 541 1507 597 diﬂerentiam
1531 539 1751 595 inducit.
1780 537 1891 593 Ve-

313 646 615 692 rumtamen
644 637 1042 706 prmstantiores
1060 635 1274 690 Iudaeos
1289 632 1572 704 signiﬁcat,
1590 646 1696 686 non
1720 630 1895 685 locum

317 731 432 784 loco
459 726 815 799 anteponens,
832 729 925 784 sed
953 729 1038 783 illa
1058 730 1227 783 solum
1253 729 1461 783 ratione
1479 726 1679 782 Iudaeis
1703 726 1897 795 primas

314 819 634 885 concedens,
669 836 731 874 ac
755 821 797 873 si
822 821 1024 874 diceret
1053 835 1067 871 :
1096 819 1238 873 Nihil
1261 819 1327 873 de
1351 818 1470 872 loco
1489 819 1599 887 jam
1625 817 1900 885 disputan-

315 913 463 965 dum.
498 912 758 965 lncultus
786 913 1000 981 quidem
1031 912 1189 966 modo
1216 910 1387 966 Judaei
1411 908 1901 981 praeferendierant

314 1004 664 1060 Samaritanis
697 1021 709 1056 :
753 1004 872 1068 Vos,
903 1005 1089 1074 inquit.
1117 1004 1346 1058 adoratis
1371 1003 1507 1074 quod
1530 1001 1730 1056 nescitis
1761 1018 1780 1055 :
1808 1016 1901 1055 nos

316 1096 594 1148 adoramus
654 1098 788 1165 quod
829 1098 1037 1150 scimus.
1090 1094 1371 1163 Quomodo
1413 1109 1542 1164 ergo
1594 1093 1902 1148 nesciebant

317 1188 639 1242 Samaritani
662 1188 787 1256 quid
815 1187 1145 1241 adorarent?
1170 1187 1303 1254 Quia
1338 1186 1507 1241 Deum
1534 1187 1653 1241 loco
1674 1186 1903 1240 circum-

315 1278 500 1342 scribi,
534 1278 643 1331 imo
686 1278 836 1347 quasi
886 1278 1046 1331 dividi
1093 1292 1251 1347 posse
1287 1277 1565 1345 putabant.
1608 1275 1697 1331 Sic
1742 1275 1902 1345 igitur

316 1370 462 1423 illum
509 1370 795 1429 colebant:
857 1369 933 1423 sic
982 1370 1156 1423 Persis
1211 1370 1556 1432 nuntiarunt,
1600 1368 1753 1421 istius
1798 1366 1901 1420 loci

319 1462 478 1515 deum
508 1461 608 1515 sibi
638 1462 831 1514 iratum
860 1475 1002 1523 esse,
1044 1460 1173 1514 nihil
1199 1460 1268 1514 de
1294 1474 1358 1513 eo
1397 1458 1627 1528 amplius
1653 1473 1808 1528 quam
1836 1457 1903 1511 de

321 1552 466 1605 idolo
494 1552 615 1605 rati.
645 1551 980 1620 Quapropter
1010 1551 1429 1619 perseverabant
1453 1558 1508 1604 et
1545 1549 1692 1603 illttm
1720 1557 1773 1602 et
1796 1548 1905 1602 da:-

318 1661 508 1700 monas
530 1645 732 1709 colere,
770 1659 831 1698 ea
860 1659 977 1713 quae
1023 1644 1234 1697 misceri
1272 1658 1377 1697 non
1410 1651 1657 1712 poterant
1681 1641 1906 1697 confun-

318 1738 525 1792 dentes.
554 1736 727 1791 Judrei
757 1750 885 1789 vero
913 1734 1013 1788 hac
1041 1735 1297 1803 opinione
1325 1734 1478 1788 liberi
1509 1742 1682 1798 erant,
1707 1732 1907 1801 ipsum-

315 1844 421 1898 que
452 1828 709 1897 putabant
732 1842 853 1882 esse
882 1827 1026 1880 orbis
1044 1827 1243 1891 Deum;
1272 1825 1482 1880 etiamsi
1514 1824 1564 1879 id
1595 1840 1700 1879 non
1718 1838 1907 1878 omnes

317 1922 625 1977 crederent.
650 1920 939 1990 Propterea
959 1920 1119 1974 dicit:
1152 1918 1250 1974 Vos
1274 1919 1495 1973 adoratis
1520 1918 1655 1990 quod
1674 1918 1908 1972 nescitis:

318 2030 411 2066 nos
438 2012 715 2066 adoramus
732 2011 873 2085 quod
899 2011 1104 2065 scimus.
1135 2010 1215 2065 Ne
1233 2010 1442 2066 mireris
1465 2018 1644 2065 autem
1677 2008 1818 2079 quod
1848 2024 1908 2065 se

323 2105 529 2161 Judzeis
552 2115 875 2159 annumeret
904 2121 917 2157 :
945 2119 1071 2158 nam
1096 2103 1389 2158 secundum
1427 2103 1668 2158 mulieris
1694 2097 1906 2173 Opinio-

319 2216 445 2254 nem
500 2199 759 2269 loquitur,
804 2198 956 2269 quasi
990 2198 1248 2269 propheta
1293 2197 1636 2263 Judaeorum;
1682 2196 1909 2266 ideoque

318 2290 472 2357 illud,
502 2290 809 2353 Adoramus,
837 2289 1034 2358 posuit.
1065 2288 1219 2357 Quod
1247 2289 1388 2343 enim
1420 2288 1676 2343 adoretur
1702 2288 1903 2342 nemini

320 2401 427 2437 non
458 2392 641 2437 notum
664 2393 782 2448 est;
814 2383 1047 2437 adorare
1075 2384 1219 2436 enim
1267 2389 1529 2435 creaturae
1563 2392 1668 2446 est,
1693 2380 1905 2435 adorari

320 2490 470 2540 vero,
503 2482 871 2528 creaturarum
914 2473 1145 2527 Domini.
1203 2472 1398 2527 Verum
1456 2473 1666 2528 interim
1716 2472 1809 2526 ille
1854 2480 1914 2526 ut

320 2570 541 2623 .Iudasus
564 2567 817 2637 loquitur.
853 2566 984 2621 Illud
1010 2580 1158 2636 ergo,
1186 2564 1323 2633 Nos,
1356 2566 1405 2620 id
1444 2578 1547 2631 est,
1586 2565 1691 2620 Nos
1718 2564 1909 2620 Judaei.

321 2660 543 2719 iudaica
575 2660 733 2729 igitur
758 2659 1042 2722 extollens,
1074 2672 1136 2713 se
1176 2658 1282 2713 title
1321 2658 1542 2727 dignum
1590 2657 1812 2728 praebet,
1859 2666 1915 2711 et

322 2754 482 2808 dictis
530 2754 643 2807 suis
699 2752 857 2806 ﬁdem
903 2751 1179 2815 conciliat,
1220 2753 1580 2820 suspicionem
1636 2764 1913 2814 amovens,

324 2846 725 2915 ostendensque
747 2861 808 2901 se
831 2860 935 2899 non
965 2846 1303 2915 cognationis
1328 2845 1497 2913 gratia
1519 2843 1604 2897 illa
1632 2842 1910 2898 extollere.

326 2941 427 3008 Qui
455 2940 598 2995 enim
638 2940 781 2994 circa
836 2940 1013 2993 locum
1060 2939 1217 2993 talem
1249 2937 1451 3007 profert
1478 2938 1817 3002 sententiam,
1848 2937 1917 2992 de

326 3051 434 3105 quo
478 3034 597 3088 loco
622 3033 790 3088 Judaei
821 3033 1053 3087 maxime
1099 3031 1485 3102 gloriabantur,
1513 3044 1576 3084 ac
1604 3044 1663 3084 se
1690 3029 1902 3083 caeteris

328 3125 692 3196 [inferendae
719 3126 1029 3189 censebant,
1066 3123 1190 3178 dum
1233 3123 1371 3177 hanc
1417 3123 1522 3177 illis
1548 3122 1913 3193 praestantiam

327 3217 525 3283 aufert,
557 3219 729 3287 palam
764 3224 848 3271 est
871 3232 991 3271 eum
1010 3217 1121 3284 jam
1151 3231 1256 3269 non
1280 3214 1348 3269 ad
1370 3215 1595 3284 gratiam
1620 3213 1915 3282 cujuspiam

331 3312 501 3380 loqui,
532 3310 626 3365 sed
655 3325 721 3363 ex
743 3310 968 3363 veritate
996 3318 1051 3363 et
1084 3323 1154 3361 ex
1183 3307 1235 3361 vi
1281 3306 1609 3377 prophetica.
1638 3305 1771 3373 Quia
1820 3304 1917 3373 igi-

332 3414 423 3458 tur
447 3418 477 3457 a
508 3404 595 3456 tali
648 3402 1046 3458 existimatione
1094 3399 1316 3453 abduxit
1342 3397 1548 3461 dicens,
1579 3396 1739 3452 Crede
1770 3396 1916 3461 mihi,

331 3497 535 3559 mulier,
564 3504 695 3557 etc.,
719 3494 921 3562 adjicit,
950 3493 1081 3558 Quia
1099 3492 1238 3546 salus
1258 3508 1290 3543 a
1317 3490 1516 3545 Iudaeis
1541 3500 1651 3553 est;
1677 3488 1779 3544 hoc
1815 3495 1916 3552 est,

332 3588 418 3642 vel
443 3587 585 3658 quod
609 3586 729 3640 hinc
751 3585 871 3639 orbi
897 3584 1035 3638 bona
1056 3584 1247 3637 collata
1271 3582 1378 3636 sint
1405 3581 1548 3651 (nam
1578 3580 1671 3635 Dei
1687 3578 1920 3649 cognitio

334 3680 706 3748 idolorumque
728 3676 1041 3747 reprobatio
1061 3675 1187 3729 hinc
1212 3686 1387 3728 ortum
1410 3673 1613 3739 habuit,
1635 3686 1841 3727 necnon
1868 3678 1923 3725 et

334 3774 438 3826 alia
467 3773 647 3825 omnia
670 3772 939 3841 dogmata,
971 3777 1025 3823 et
1046 3779 1226 3823 vester
1249 3767 1424 3821 cultus
1448 3766 1573 3820 licet
1603 3780 1707 3819 non
1742 3774 1923 3819 rectus

332 3864 441 3931 sit;
469 3880 498 3916 a
522 3863 719 3917 inda-is
737 3862 876 3917 enim
900 3870 1076 3915 ortum
1110 3857 1312 3930 habuit)
1338 3876 1351 3915 :
1382 3859 1469 3913 vel
1501 3858 1617 3913 haec
1644 3872 1794 3928 ergo,
1836 3857 1921 3911 vel

332 3955 629 4008 adventum
658 3968 809 4008 suum
841 3953 1064 4007 salutem
1104 3959 1279 4005 vocat.
1309 3950 1421 4004 lmo
1470 3963 1600 4003 vero
1627 3964 1731 4002 non
1767 3948 1924 4002 abes-

334 4046 814 4116 raveritquispiam
826 4045 871 4099 si
900 4045 1044 4098 dicat
1062 4043 1176 4098 hate
1199 4042 1358 4097 ambo
1384 4041 1605 4095 salutem
1632 4054 1772 4105 esse,
1803 4054 1922 4093 eam

334 4140 547 4195 scilicet
570 4154 729 4209 quam
753 4154 818 4193 ex
839 4137 1039 4193 Iudaeis
1067 4149 1186 4192 esse
1217 4135 1364 4190 dicit.
1386 4133 1538 4202 Quod
1568 4133 1765 4188 Paulus
1792 4132 1926 4187 sub-

334 4232 584 4288 iudicans
625 4231 868 4294 dicebat,
903 4227 987 4284 Ea:
1031 4229 1211 4299 quibus
1239 4226 1466 4281 Christus
1493 4226 1767 4279 secundum
1804 4241 1921 4277 car-

334 4340 474 4385 mm,
504 4322 586 4391 qui
612 4332 684 4375 est
731 4337 881 4391 super
922 4320 1095 4373 omnia
1143 4318 1274 4371 Deus
1307 4316 1481 4387 (Rom.
1529 4316 1583 4371 9.
1627 4316 1707 4384 5).
1737 4314 1923 4369 Viden‘

335 4413 612 4484 quomodo
634 4412 802 4466 Vetus
826 4411 1076 4481 praedicet
1102 4410 1502 4465 Testamentum
1528 4449 1544 4474 ,
1575 4422 1638 4462 ac
1664 4407 1922 4461 bonorum

340 4506 579 4558 radicem
603 4517 721 4558 esse
744 4503 1005 4566 declaret,
1051 4511 1107 4556 et
1144 4517 1204 4555 se
1232 4501 1380 4554 nullo
1412 4499 1572 4553 modo
1593 4499 1924 4552 contrarium

337 4613 461 4650 esse
484 4595 623 4666 legi?
647 4594 908 4663 siquidem
931 4609 996 4648 ex
1028 4592 1229 4647 Judzeis
1258 4594 1522 4646 bonorum
1561 4605 1777 4643 causam
1808 4604 1926 4642 om-

338 4695 490 4741 nium
515 4701 634 4741 esse
658 4686 803 4740 dicit.
826 4685 916 4739 25.
940 4685 1047 4739 Sed
1070 4686 1201 4737 venit
1212 4684 1355 4745 hora,
1385 4692 1431 4736 et
1456 4698 1587 4735 nunc
1614 4691 1704 4746 est,
1724 4681 1926 4751 quando

339 4782 443 4832 ceri
464 4780 758 4832 adoratores
777 4777 1061 4829 adorabunt
1085 4774 1314 4828 Patrem.
1344 4774 1505 4827 Vobis
1529 4774 1925 4841 praestantiores

339 4888 551 4936 sumus,
574 4884 608 4923 0
638 4870 850 4933 mulier,
893 4869 1084 4938 inquit,
1132 4869 1183 4921 in
1213 4866 1470 4920 adorandi
1500 4864 1662 4918 modo
1696 4882 1708 4918 :
1741 4880 1921 4937 verum

342 4966 429 5017 hic
468 4961 645 5016 cultus
684 4962 935 5027 deinceps
966 4960 1127 5013 linem
1178 4956 1410 5011 habebit.
1444 4956 1557 5009 Non
1607 4956 1749 5010 enim
1780 4957 1925 5009 locus

342 5069 573 5119 tantum,
605 5054 697 5107 Sed
722 5055 883 5108 etiam
912 5052 1100 5104 modus
1130 5049 1341 5104 colendi
1367 5048 1694 5102 mutabitur:
1729 5057 1783 5102 et
1814 5050 1927 5101 haac

340 5156 407 5209 ad
436 5154 651 5221 januam
681 5157 823 5202 sunt.
866 5146 1006 5199 Venit
1032 5145 1170 5198 enim
1200 5145 1345 5209 hora,
1363 5152 1409 5195 et
1429 5158 1561 5196 nunc
1582 5152 1674 5196 est.

414 5246 469 5298 2.
495 5244 663 5310 Quart-
678 5240 908 5295 Christus
933 5236 1206 5299 addiderit,
1223 5244 1279 5289 et
1303 5249 1439 5288 nunc
1463 5242 1546 5287 est
1566 5231 1711 5297 ;Veri
1737 5233 1924 5287 adora-

341 5350 474 5391 tores
495 5339 582 5408 qui
608 5337 725 5387 siit.
749 5333 882 5398 Quid
911 5331 1003 5383 sibi
1016 5330 1129 5383 velit
1145 5329 1300 5393 istud,
1316 5329 1367 5381 iu
1393 5328 1580 5397 spiritu
1607 5336 1661 5381 et
1678 5326 1923 5381 veritate.

341 5429 573 5485 Christus
593 5429 643 5480 in
668 5427 808 5480 libris
829 5424 879 5477 Μ
885 5424 1019 5493 oysis
1034 5436 1168 5489 saepe
1186 5419 1453 5490 praedictus
1474 5419 1928 5487 praeﬁguratusque

341 5534 435 5578 est.
472 5522 690 5576 Prwstut
719 5517 916 5570 ludatis
945 5515 1127 5568 mulier
1149 5513 1495 5568 Samaritana.
1524 5541 1594 5551 —
1621 5511 1752 5578 Quia
1782 5512 1922 5563 enim

344 5616 621 5684 prophetas
667 5610 834 5664 multo
861 5617 985 5661 ante
1026 5616 1267 5674 tempore
1316 5602 1518 5672 quuuti
1561 5610 1706 5665 sunt,
1741 5600 1793 5655 id
1822 5599 1925 5654 hoc

342 5708 464 5761 loco
496 5704 689 5758 tollens
714 5701 862 5764 dicit,
891 5698 953 5751 Et
974 5713 1108 5750 nunc
1134 5707 1227 5750 est.
1249 5694 1327 5749 Ne
1348 5704 1523 5764 putes.
1555 5693 1746 5762 inquit,
1785 5692 1923 5747 hanc

342 5798 679 5871 prophetiam
731 5802 850 5863 post
876 5792 1098 5846 multum
1128 5799 1340 5857 tempus
1390 5786 1717 5856 implendam
1759 5800 1917 5842 esse:

342 5906 436 5947 res
462 5890 606 5946 enim
635 5888 818 5949 instat,
851 5892 905 5937 et
934 5883 983 5935 in
1001 5881 1181 5951 januis
1201 5890 1301 5943 est,
1336 5880 1553 5946 Quando
1590 5878 1693 5933 veri
1738 5877 1925 5933 adora-

655 5984 927 6044 ΡΔτιιοι..
959 5982 1077 6043 Gn.
1120 5980 1283 6041 LIX.

1319 426 1386 482 IN
1424 423 1732 482 JOANNEM
1770 421 1998 476 IIOMIL.
2041 422 2275 479 XXXIII.
2308 427 2379 481 al.
2420 427 2636 483 XXXII.

3487 445 3589 502 190

2002 546 2134 592 tores
2160 541 2446 595 adorabunt
2472 541 2681 598 Patrem
2707 546 2759 599 in
2785 546 2964 615 spiritu
2986 538 3271 607 sturitate.
3288 552 3423 609 Cum
3453 556 3591 614 dixit

2001 644 2181 696 veros,
2211 643 2333 687 cum
2360 634 2708 691 Samaritanis
2727 637 2940 692 Judasos
2961 642 3185 711 repulit;
3214 644 3422 701 etiamsi
3449 652 3589 705 enim

2004 722 2075 776 illi
2094 723 2204 778 sint
2230 723 2314 779 his
2354 727 2625 793 meliores,
2657 731 2896 784 venturis
2924 740 3100 788 tamen
3133 734 3289 806 longe
3310 748 3436 793 sunt
3459 740 3610 795 ittfe~

2004 816 2195 884 riores,
2227 827 2280 872 et
2302 830 2556 889 quantum
2585 823 2782 877 veritas
2810 823 2972 894 [lgura
3022 827 3212 882 melior
3240 839 3340 883 est.
3371 831 3449 885 De
3490 833 3564 888 Ec
3588 861 3611 873 ο

2005 909 2166 963 clesia
2196 925 2324 964 vero
2368 910 2622 980 loquitur,
2649 916 2770 983 quia
2821 931 2942 970 vera
2976 918 3189 989 Deoque
3232 932 3587 981 consentanea

2004 998 2245 1053 adoratio
2276 1001 2361 1053 illa
2394 1002 2506 1072 ipsa
2528 1012 2626 1057 est.
2666 1003 2804 1057 Nam
2831 1004 2989 1060 Pater
3018 1010 3141 1063 tales
3162 1014 3342 1079 quaerit
3361 1014 3594 1067 adorato-

2004 1105 2102 1143 res.
2135 1091 2274 1161 Ergo
2300 1093 2343 1146 si
2368 1095 2501 1147 tales
2530 1098 2823 1165 quaerebat,
2849 1115 2953 1153 non
2987 1116 3051 1155 ex
3082 1102 3358 1159 voluntate
3379 1107 3590 1175 propria

2005 1182 2110 1237 illis
2139 1185 2265 1239 olim
2299 1187 2455 1240 talem
2484 1190 2749 1243 concessit
2773 1191 3011 1256 modum,
3040 1194 3131 1248 sed
3146 1209 3212 1249 ex
3243 1196 3592 1266 indulgentia,

2005 1282 2064 1328 ιιι
2107 1274 2206 1331 hos
2257 1277 2419 1331 etiam
2469 1278 2849 1335 introduceret.
2882 1282 3107 1349 Quinam
3159 1302 3285 1355 ergo
3327 1298 3449 1341 sunt
3478 1291 3589 1343 veri

2005 1367 2357 1424 adoratores?
2381 1372 2479 1438 Qui
2501 1373 2703 1427 cultum
2743 1390 2848 1429 non
2896 1376 3012 1430 loco
3046 1376 3506 1445 circumscribunt,
3533 1397 3597 1436 ac

2007 1458 2173 1514 Deum
2227 1463 2279 1514 in
2322 1463 2513 1531 spiritu
2557 1464 2775 1529 colunt;
2823 1466 2960 1521 sicut
3013 1477 3067 1520 et
3105 1467 3299 1523 Paulus
3342 1471 3455 1525 ait:
3503 1471 3596 1524 Cui

2007 1552 2165 1604 servio
2180 1552 2233 1603 in
2253 1553 2435 1622 spiritu
2457 1570 2587 1620 meo,
2611 1556 2663 1608 in
2686 1558 2941 1627 evangelio
2964 1555 3086 1611 Filii
3098 1560 3211 1623 eius
3233 1559 3409 1629 (Rom.
3437 1563 3487 1616 1.
3505 1563 3595 1630 9);

2007 1649 2064 1695 et
2108 1641 2333 1709 iterum,
2381 1643 2602 1698 Obsecro
2631 1661 2718 1700 vos
2765 1656 2822 1700 ut
2850 1648 3124 1703 exhibeatis
3168 1667 3382 1720 corpora
3424 1658 3600 1708 vestra

2008 1734 2225 1788 hostiam
2245 1737 2504 1799 viventem,
2522 1737 2630 1792 Deo
2652 1740 2950 1808 placentem,
2984 1741 3281 1797 rationabile
3308 1745 3599 1812 obsequium

2008 1834 2226 1879 vestrum
2253 1826 2413 1897 (Ibid.
2444 1828 2531 1883 12.
2566 1830 2640 1899 1).
2678 1830 2811 1884 Cum
2840 1841 3015 1885 autem
3045 1832 3192 1899 dicit,
3233 1833 3325 1889 24.
3372 1834 3599 1904 Spiritus

2009 1927 2083 1973 est
2113 1917 2276 1982 Deus,
2318 1920 2449 1975 nihil
2498 1920 2639 1975 aliud
2678 1937 2837 1992 quam
2886 1922 3260 1993 incorporeum
3316 1926 3596 1997 signiﬁcat.

2009 2008 2230 2079 Oportet
2262 2011 2421 2082 igitur
2443 2013 2744 2083 incorporei
2766 2014 2967 2069 cultum
2995 2016 3155 2070 etiam
3182 2017 3343 2071 talem
3373 2034 3513 2087 esse,
3545 2028 3601 2075 et

2010 2117 2107 2172 per
2135 2102 2186 2156 id
2217 2103 2357 2171 quod
2390 2104 2760 2174 incorporeum
2791 2107 2841 2160 in
2871 2108 3026 2161 nobis
3054 2119 3135 2163 est
3160 2108 3372 2175 olferri;
3417 2109 3467 2163 id
3492 2120 3596 2175 est,

2013 2208 2109 2263 per
2137 2189 2366 2248 animam
2391 2204 2443 2250 et
2471 2212 2566 2266 per
2608 2197 2804 2252 mentis
2832 2199 3140 2268 puritatem.
3173 2200 3375 2255 Idcirco
3396 2203 3501 2254 ait-
3532 2199 3599 2255 Et

2011 2284 2307 2339 adoratorcs
2346 2286 2473 2355 ejus.
2501 2288 2553 2340 in
2582 2288 2764 2356 spiritu
2807 2298 2854 2342 et
2880 2290 3084 2343 veritate
3129 2302 3320 2358 oportet
3363 2292 3597 2346 adorare.

2013 2376 2146 2429 Cum
2175 2377 2316 2431 enim
2347 2386 2401 2431 et
2430 2376 2503 2431 illi
2534 2387 2589 2433 et
2616 2378 2784 2433 Judaei
2815 2380 3045 2434 animam
3077 2382 3426 2452 negligerent.
3462 2387 3600 2438 mul-

2015 2476 2229 2539 tamque
2272 2470 2512 2539 corporis
2560 2485 2743 2525 curam
2794 2483 3061 2543 gererent,
3105 2475 3383 2545 ipsumque
3428 2478 3600 2532 omni-

2017 2562 2174 2617 mode
2199 2573 2504 2633 purgarent,
2533 2563 2663 2619 dicit
2684 2579 2787 2619 non
2818 2567 3059 2635 corporis
3087 2568 3339 2636 puritate,
3388 2569 3482 2624 sed
3512 2571 3602 2625 illo

2016 2656 2156 2726 quod
2185 2659 2555 2727 incorporeum
2595 2662 2645 2713 in
2692 2660 2847 2715 nobis
2889 2670 2991 2726 est,
3041 2663 3243 2717 scilicet
3293 2676 3491 2731 mente,
3522 2666 3603 2720 in-

2016 2762 2334 2817 corporeum
2366 2764 2485 2805 esse
2513 2750 2815 2805 colendum.
2838 2750 2917 2807 Ne
2948 2753 3124 2822 itaque
3144 2769 3271 2809 oves
3299 2766 3351 2809 et
3381 2756 3600 2825 vitulos,

2018 2837 2111 2892 sed
2136 2838 2359 2907 teipsum
2392 2839 2525 2895 offer
2556 2842 2663 2894 Deo
2683 2842 2733 2895 in
2763 2843 3127 2898 liolocausmm
3165 2863 3178 2898 :
3209 2844 3311 2900 hoc
3345 2858 3427 2901 est
3459 2849 3601 2901 enim

2022 2929 2248 2984 hostiam
2275 2934 2539 2985 viventem
2568 2932 2837 2988 exhibere.
2889 2934 2943 2988 In
2970 2937 3191 2991 veritate
3227 2953 3452 3009 namque
3478 2940 3605 2993 ado-

2020 3038 2139 3076 rare
2167 3031 2393 3091 oportet.
2432 3022 2499 3078 Ut
2548 3025 2722 3093 priora
2755 3035 2909 3096 typus
2937 3036 3108 3091 erant,
3154 3046 3347 3099 nempe
3376 3032 3602 3085 circum-

2019 3114 2173 3181 cisio,
2211 3115 2544 3182 holocausta,
2597 3118 2878 3185 sacrilicia,
2924 3120 3235 3189 incensum;
3270 3139 3410 3179 nunc
3460 3134 3606 3181 certe

2024 3223 2127 3261 non
2159 3208 2315 3273 item;
2347 3206 2439 3262 sed
2466 3210 2643 3262 omnia
2668 3210 2884 3265 veritas.
2916 3210 3030 3265 Non
3053 3215 3193 3267 enim
3221 3230 3347 3269 caro
3371 3217 3601 3271 circum-

2022 3298 2268 3363 cidenda,
2311 3299 2404 3353 sed
2451 3299 2696 3370 maligna:
2724 3302 3095 3371 cogitationes,
3123 3320 3186 3358 ac
3209 3306 3442 3375 seipsum
3475 3323 3604 3362 cru-

2022 3384 2240 3458 ciﬂgere
2260 3400 2491 3457 Oportet,
2525 3389 2889 3462 absurdasque
2914 3395 3371 3463 concupiscentias
3417 3398 3608 3454 tollere

2023 3490 2077 3534 et
2101 3482 2396 3535 immolare.
2431 3481 2555 3535 Hmc
2588 3482 2800 3536 mulieri
2835 3484 3059 3538 obscura
3083 3486 3192 3540 visa
3234 3497 3395 3541 sunt:
3428 3489 3605 3543 dicto-

2024 3587 2140 3624 rum
2174 3571 2553 3624 sublimitatem
2574 3587 2677 3623 non
2710 3585 2993 3641 assequuta
3026 3576 3135 3640 illa,
3156 3588 3209 3630 et
3232 3576 3459 3645 huzrens,
3483 3580 3605 3633 audi

2024 3664 2149 3732 quid
2194 3664 2335 3717 dicat-
2383 3681 2396 3718 :
2442 3663 2532 3718 25.
2566 3663 2686 3719 Scio
2738 3666 2857 3733 quia
2885 3668 3015 3720 venit
3061 3666 3274 3723 Messias
3298 3672 3385 3737 qui
3428 3673 3610 3728 dicitur

2023 3755 2253 3810 Christus
2276 3770 2294 3808 :
2314 3772 2425 3809 cum
2450 3756 2633 3810 venerit
2658 3757 2764 3824 ille,
2796 3759 3111 3812 annuntiabit
3137 3761 3279 3815 nobis
3305 3765 3496 3822 omnia.
3516 3764 3608 3820 26.

2028 3846 2163 3900 Dicit
2184 3849 2228 3899 ei
2246 3845 2399 3901 Jesus
2417 3863 2435 3900 :
2460 3846 2686 3918 Egosum
2704 3850 2789 3918 qui
2816 3849 2994 3920 loquor
3020 3860 3198 3905 tecum.
3218 3852 3279 3906 Et
3303 3854 3441 3909 unde
3460 3855 3612 3911 Chri-

2026 3942 2091 3993 sti
2134 3940 2418 3993 adventum
2470 3942 2855 4007 exspectabant
2906 3941 3245 4008 Samaritani,
3296 3946 3385 4013 qui
3434 3949 3604 4001 solum

2028 4030 2262 4101 Moysetu
2302 4031 2661 4099 recipiebant?
2694 4031 2772 4085 Ex
2800 4033 2926 4101 ipsis
2970 4033 3165 4105 Moysis
3213 4035 3447 4106 seriptis.
3479 4036 3609 4091 Nam

2029 4125 2080 4178 in
2110 4125 2370 4194 principio
2402 4124 2590 4177 Filium
2623 4126 2895 4179 revelavit.
2930 4126 3064 4181 Illud
3115 4129 3295 4182 enim:
3342 4127 3616 4183 Faciamus

2031 4216 2280 4269 hominem
2324 4214 2393 4267 ad
2416 4215 2686 4283 imaginem
2717 4226 2761 4270 et
2800 4217 3177 4272 similitudinem
3208 4231 3433 4274 nostram
3464 4220 3613 4291 (Cen.

2033 4311 2084 4364 1.
2111 4308 2231 4381 26),
2267 4309 2330 4362 ad
2362 4308 2552 4362 Filium
2584 4310 2784 4363 dictum
2817 4309 3020 4376 fuerat;
3048 4322 3099 4365 et
3122 4312 3427 4367 Abrahamo
3454 4313 3505 4368 in
3533 4323 3615 4369 ta-

2030 4400 2321 4455 bernacqu
2348 4400 2514 4454 Filius
2543 4399 2812 4469 loquitur;
2861 4411 2915 4454 et
2962 4402 3128 4455 Jacob
3155 4401 3224 4456 de
3263 4403 3353 4456 illo
3385 4404 3617 4473 prophe—

2031 4495 2133 4547 tice
2153 4492 2391 4562 prtedicit
2424 4510 2437 4544 :
2472 4491 2591 4545 Non
2620 4492 2819 4557 deﬁciet
2836 4493 3069 4561 princeps
3099 4493 3339 4558 deJuda,
3388 4511 3479 4547 nec
3510 4496 3617 4549 dua:

2031 4587 2092 4640 de
2121 4588 2394 4658 femoribus
2418 4586 2548 4655 ejus,
2582 4585 2739 4638 donec
2768 4587 2931 4638 veniat
2961 4586 3003 4637 is
3044 4587 3126 4639 cui
3155 4588 3428 4656 repositum
3452 4598 3544 4652 est,
3572 4599 3617 4641 et

2029 4681 2137 4749 ipse
2177 4678 2478 4749 exspectatio
2508 4678 2747 4747 gentium.
2784 4676 2936 4745 (Gen.
2966 4675 3056 4730 49.
3103 4677 3218 4745 10).
3266 4678 3383 4748 Ipse
3406 4695 3619 4749 quoque

2031 4770 2241 4840 Moyses
2259 4771 2335 4823 ait
2361 4788 2374 4823 :
2409 4768 2719 4837 PrOphctam
2734 4770 2869 4821 vobis
2889 4769 3147 4822 suscitabit
3174 4769 3423 4823 Dominus
3442 4769 3582 4824 Deus
3598 4813 3612 4834 ,

2031 4864 2094 4916 de
2121 4862 2363 4931 fratribus
2393 4863 2567 4913 vestris
2592 4862 2720 4913 sicut
2746 4875 2856 4923 me;
2880 4861 3048 4928 ipsunt
3073 4861 3289 4914 audietis
3316 4861 3491 4933 (Deut.
3528 4864 3616 4917 18.

2033 4953 2144 5022 15).
2171 4953 2299 5007 Item
2328 4968 2445 5021 qtae
2471 4952 2539 5005 de
2559 4960 2826 5019 serpente,
2857 4950 2923 5003 de
2945 4949 3089 5019 virga
3122 4949 3323 5023 Moysis
3343 4952 3440 5012 ,de
3474 4952 3618 5006 Isaac

2031 5057 2082 5099 et
2105 5045 2171 5098 de
2196 5058 2316 5108 ove,
2363 5043 2635 5111 multaque
2676 5042 2798 5099 alia.
2840 5041 2958 5110 quis
2982 5041 3240 5109 colligere
3287 5043 3473 5111 possit,
3499 5060 3617 5113 qua:

2033 5138 2318 5189 adventum
2364 5134 2501 5187 IIIIllS
2557 5132 2939 5201 prasdicebant.
2974 5133 3040 5187 Et
3093 5149 3227 5199 cur,
3258 5134 3484 5204 inquies,
3535 5134 3617 5189 his

2032 5228 2275 5283 Christus
2314 5241 2418 5279 non
2443 5239 2570 5278 usus
2594 5231 2678 5277 est
2708 5233 2764 5276 ut
2791 5224 2999 5278 mulieri
3031 5223 3299 5290 suaderet,
3326 5225 3421 5280 sed
3444 5225 3608 5280 Nico-

2031 5322 2190 5376 demo
2220 5327 2522 5388 serpentem
2555 5316 2792 5386 protulit,
2822 5317 3131 5373 Nathanaeli
3151 5320 3456 5389 prophetias
3469 5336 3618 5375 com-

2032 5411 2378 5473 memoravit;
2404 5409 2526 5463 huic
2558 5423 2690 5464 vero
2711 5409 2843 5463 nihil
2874 5410 3049 5464 simile
3079 5409 3254 5464 dixit?
3282 5410 3391 5464 Cur
3418 5422 3472 5465 et
3510 5427 3613 5482 qua

2031 5503 2099 5558 de
2127 5502 2323 5558 causa?
2351 5500 2483 5567 Quia
2512 5500 2582 5553 illi
2602 5500 2697 5553 viri
2725 5508 2898 5564 erant,
2948 5500 3036 5569 qui
3068 5500 3120 5553 in
3150 5499 3233 5553 his
3262 5502 3617 5556 versabantur

2032 5596 2222 5659 rebus;
2271 5593 2385 5646 haec
2420 5607 2547 5646 vero
2577 5592 2771 5645 mulier
2816 5591 2988 5661 inops,
3022 5592 3188 5655 rudis,
3219 5591 3614 5660 Scripturarum

2033 5704 2244 5757 expers.
2270 5685 2499 5756 Ideoque
2517 5699 2621 5738 non
2654 5684 2741 5738 illa
2764 5683 3042 5737 mulierem
3061 5683 3335 5752 alloquens
3357 5685 3569 5740 adhibet
3596 5706 3612 5750 ;

2033 5783 2125 5837 sed
2157 5798 2221 5836 ex
2250 5796 2384 5850 aqua
2416 5793 2589 5847 exque
2634 5776 2912 5849 prophetia
2970 5775 3115 5829 illam
3143 5776 3389 5843 attrahit,
3422 5792 3484 5832 ac
3519 5792 3620 5850 per

2038 5875 2123 5931 illa
2157 5874 2424 5929 Christum
2462 5871 2514 5925 in
2555 5869 2864 5924 memoriam
2897 5876 3134 5939 revocat,
3166 5883 3230 5921 ac
3256 5869 3490 5941 seipsum
3517 5867 3608 5923 de-

3196 5962 3269 6021 12
