4100 6364
454 354 551 415 191
1125 343 1183 401 S.
1219 335 1495 399 JOANNIS
1529 325 1996 391 CHRYSOSTOMI
2036 322 2353 379 ARClllEP.
2391 321 2918 379 CONSTANTINOP.

456 485 603 530 mum
655 465 880 525 revelat.
935 461 1064 531 Quae
1110 459 1156 515 si
1202 458 1354 513 initio
1401 471 1506 510 non
1533 450 1790 524 quaerenti
1830 442 2039 502 mulieri

457 565 695 626 dixisset,
721 560 868 614 visus
897 555 1084 611 fuisset
1111 553 1161 606 ei
1185 551 1412 606 delirare
1440 558 1495 602 et
1523 545 1689 600 futilia
1712 542 1875 613 loqui.
1895 539 2046 594 Nunc

457 664 635 710 autem
698 648 952 721 paulatim
982 644 1056 698 illi
1106 641 1418 696 memoriam
1473 648 1751 696 revocans,
1784 641 2046 700 oportune

458 763 579 804 sese
606 718 824 799 revelat.
853 739 917 793 Et
946 735 1159 807 quidem
1188 732 1388 788 Judaeis
1413 744 1557 797 stepe
1582 723 1903 786 dicentibus,
1942 718 2047 775 Us-

461 853 655 911 queqno
707 834 931 888 animam
986 837 1213 883 nostram
1270 822 1449 879 tollis?
1477 819 1574 874 Dic
1626 816 1767 871 nobis
1810 814 1854 868 si
1914 823 2050 911 lues

463 902 694 987 Christus
726 924 903 997 (Joan.
964 921 1047 975 10.
1086 918 1179 988 21)
1210 935 1223 969 :
1256 915 1339 969 his
1388 927 1492 967 non
1541 910 1687 964 clare
1735 902 2048 973 respondit;

465 1023 590 1077 huic
615 1034 743 1074 vero
772 1013 1055 1072 manifeste
1071 1012 1203 1066 dixit
1223 1024 1283 1064 se
1306 1007 1575 1063 Christum
1607 1016 1727 1057 esse
1752 1020 1765 1054 :
1799 1014 1918 1053 nam
1942 1010 2052 1049 me-

465 1117 566 1168 lius
586 1112 783 1166 afl‘ecta
810 1106 1002 1162 mulier
1026 1112 1162 1170 erat,
1186 1115 1343 1171 quam
1374 1094 1564 1151 Judaei.
1582 1092 1660 1147 llli
1686 1090 1826 1145 enim
1858 1102 1961 1141 non
1986 1083 2052 1138 ad

464 1203 776 1260 discendum
805 1196 1114 1270 quaerebant
1131 1226 1146 1250 ,
1172 1191 1267 1247 sed
1287 1199 1345 1244 ut
1373 1189 1545 1258 ipsum
1574 1198 1784 1252 semper
1807 1178 2055 1233 traduce—

468 1306 604 1352 rent.
628 1294 759 1349 Nam
787 1293 830 1347 si
866 1293 1078 1347 discere
1100 1284 1418 1344 voluissent,
1448 1280 1576 1333 satis
1602 1275 1790 1331 fuisset
1818 1271 2055 1327 doctrina

467 1388 776 1447 verborum,
808 1382 1230 1452 Scripturarum,
1252 1374 1546 1452 signorum.
1568 1369 1657 1422 llla
1680 1380 1807 1422 vero
1831 1360 2059 1431 simplici

471 1488 651 1535 mente
676 1487 731 1532 et
753 1447 965 1530 sincero
991 1470 1183 1525 affectu
1208 1447 1546 1537 loquebatur,
1585 1471 1641 1516 ut
1669 1460 1843 1529 palam
1871 1465 1954 1512 est
1994 1470 2061 1509 ex

475 1571 540 1626 iis
572 1584 692 1640 quae
716 1574 898 1637 postea
927 1563 1073 1617 fecit.
1106 1559 1239 1615 Nam
1270 1556 1471 1611 audivit
1499 1563 1552 1609 et
1579 1550 1824 1611 credidit,
1853 1558 1907 1604 et
1928 1547 2062 1601 alios

475 1661 543 1716 ad
574 1657 904 1716 credendum
937 1653 1162 1717 induxit,
1194 1650 1245 1703 in
1270 1647 1623 1713 omnibusque
1650 1642 1832 1697 videre
1847 1652 1930 1694 est
1950 1654 2065 1692 mu-

476 1752 619 1807 lieris
646 1748 981 1818 diligentiam
1009 1753 1064 1797 et
1090 1741 1272 1795 fidem.
1302 1739 1393 1793 27.
1442 1735 1509 1789 Ει
1535 1740 1773 1788 continuo
1825 1738 2063 1785 venerunt

476 1842 711 1912 discipuli
737 1841 863 1910 ejus.
890 1834 1235 1904 Tempestive
1264 1831 1633 1890 advenerunt,
1672 1840 1795 1880 cum
1823 1824 2065 1879 doctrina

477 1935 585 2005 jam
615 1930 853 2002 perfecte
882 1927 1073 1982 tradita
1126 1930 1292 1978 esset.
1344 1920 1417 1974 Et
1442 1918 1759 1973 mirabantur
1793 1915 1927 1985 quod
1956 1930 2070 1967 cum

481 2004 691 2078 muliere
730 2022 1032 2089 loqueretur.
1075 2013 1240 2069 Nemo
1292 2022 1458 2066 tamen
1496 2009 1642 2076 dixit,
1677 2006 1811 2073 Quid
1848 2004 2073 2077 quieris?

480 2126 587 2179 aut,
624 2114 757 2181 Quid
783 2110 1006 2180 loqueris
1040 2124 1155 2161 cum
1182 2122 1239 2159 ea
1266 2105 1291 2158 ?

3619 320 3717 379 un

2153 455 2419 498 narratur.
2450 444 2611 514 Atqui
2637 444 2824 497 Petrus
2849 454 3023 498 tamen
3054 442 3326 498 ardentius
3354 456 3493 513 saepe
3523 449 3579 496 et
3603 457 3720 495 mo-

2148 544 2302 589 vetur
2338 544 2393 589 et
2433 535 2667 604 loquitur
2716 553 2730 591 :
2778 550 2841 590 ac
2884 535 3097 589 demum
3148 535 3413 589 Christum
3457 534 3722 589 dicentem

2149 626 2297 679 audit
2346 644 2359 681 :
2399 624 2582 688 Petre,
2639 643 2781 680 amas
2824 642 2903 679 me
2943 626 3056 694 plus
3103 626 3181 679 his
3233 626 3425 696 (Joan.
3461 624 3551 679 2f.
3582 625 3722 694 15)?

2151 718 2249 784 Qui
2292 733 2420 771 vero
2448 718 2564 786 plus
2590 719 2801 776 cmteris
2827 718 3110 787 diligebat,
3142 718 3322 786 procul
3356 718 3515 771 dubio
3542 718 3727 786 dilige-

2153 808 2327 863 batur.
2353 808 2545 864 Verum
2576 809 2801 863 alterum
2834 825 2899 864 ex
2925 806 3104 863 amore
3129 826 3248 877 erga
3275 808 3473 870 Jesum,
3505 816 3727 863 alterum

2154 917 2218 956 ex
2246 918 2429 958 amore
2456 902 2581 958 Jcsu
2612 918 2734 972 erga
2766 903 2912 957 illum
2946 902 3116 972 palam
3146 912 3281 958 erat.
3319 903 3452 969 Quid
3483 918 3608 972 ergo
3654 902 3729 956 illi

2157 994 2296 1047 hunc
2322 994 2574 1049 eximium
2606 1010 2841 1049 amorem
2869 996 3214 1050 COllClllaVll?
3258 996 3474 1050 Videtur
3493 996 3621 1049 mihi
3645 996 3732 1049 ille

2156 1085 2472 1139 modestiam
2520 1094 2575 1140 et
2614 1086 3071 1141 mansuetudinem
3105 1102 3346 1156 magnam
3390 1086 3729 1141 exhibuisse:

2159 1184 2480 1245 quapropter
2516 1191 2657 1245 saepe
2690 1192 2796 1231 non
2828 1179 2897 1232 ita
2926 1178 3093 1233 libere
3130 1188 3183 1232 et
3212 1178 3434 1233 fidenter
3454 1195 3611 1249 agere
3637 1179 3735 1234 de-

2163 1268 2525 1337 prehenditur.
2551 1270 2677 1325 Haec
2717 1282 2909 1340 quanta
2939 1272 3008 1325 sit
3045 1273 3230 1334 virtus,
3261 1288 3323 1326 ex
3356 1272 3535 1344 Moyse
3562 1274 3740 1344 argui-

2164 1371 2250 1415 tur
2278 1377 2291 1413 :
2316 1376 2436 1433 nam
2463 1361 2578 1416 haec
2605 1362 2748 1415 illum
2782 1364 2939 1417 talem
2971 1372 3024 1416 et
3052 1372 3254 1416 tantum
3286 1364 3483 1418 efl‘ccit.

2241 1452 2515 1507 Humilitas
2530 1454 2911 1524 fundamentum
2927 1456 3181 1509 virtutum.
3207 1454 3507 1509 Diuitiarum
3524 1457 3735 1510 vanitas.

2167 1542 2503 1614 Eleemosyna
2552 1545 2947 1598 commendatur.
2996 1574 3071 1585 —
3122 1545 3262 1599 Nihil
3316 1562 3408 1613 par
3462 1547 3741 1601 humilitati

2166 1645 2267 1691 est.
2296 1634 2419 1691 ideo
2443 1635 2568 1691 hinc
2612 1637 2966 1692 beatitudines
2995 1635 3241 1692 Christus
3284 1637 3482 1706 incepit
3510 1639 3528 1707 (
3554 1638 3739 1691 Matth.

2168 1729 2223 1783 5.
2256 1728 2341 1799 '5).
2380 1728 2511 1783 Nam
2536 1729 2687 1798 quasi
2716 1728 2923 1783 aedificii
2967 1726 3180 1783 maximi
3229 1728 3630 1784 fundamentum
3662 1730 3742 1800 ja-

2170 1834 2373 1885 Cturus,
2420 1820 2770 1875 humilitatem
2814 1820 3039 1891 primam
3095 1823 3271 1891 posuit
3343 1821 3510 1877 Nemo
3551 1823 3746 1892 quippe

2173 1922 2347 1983 potest
2374 1913 2575 1983 absque
2598 1914 2685 1967 illa
2712 1914 2937 1969 salutem
2966 1915 3253 1983 consequi;
3278 1915 3370 1970 sed
3398 1916 3603 1969 etiamsi
3628 1917 3747 1986 quis

2171 2008 2522 2078 jejunaverit,
2570 2009 2778 2063 etiamsi
2826 2021 3074 2078 precatus
3122 2010 3192 2064 sit
3249 2009 3748 2081 eleemosynamqne

2175 2100 2428 2169 erogarit,
2457 2100 2501 2154 si
2529 2100 2578 2154 id
2608 2101 2836 2170 superbe
2864 2100 3037 2166 faciat,
3067 2100 3180 2155 btec
3199 2102 3375 2156 omnia
3398 2101 3750 2156 abominanda

554 2209 606 2262 5.
638 2203 771 2273 Quid
800 2198 1166 2256 mirabantur?
1197 2191 1921 2258 Facilitatem,lnnnilitatem
1952 2200 2066 2244 tan-

485 2309 628 2362 tam;
658 2294 797 2365 quod
823 2304 927 2346 tam
958 2291 1275 2359 conSpicuus
1317 2302 1438 2340 cum
1480 2293 1643 2348 esset,
1697 2298 1764 2337 eo
1799 2297 1856 2336 se
1885 2280 2079 2335 demit-

488 2401 601 2444 tere
648 2387 976 2457 dignaretur,
1008 2393 1065 2435 ut
1095 2378 1371 2434 mulierem
1418 2378 1651 2445 inopem,
1688 2372 2075 2428 Samaritanam

488 2481 867 2547 alloqueretur.
927 2473 1181 2527 Attamen
1224 2469 1343 2523 licet
1388 2464 1699 2535 smpefacti,
1737 2478 1949 2517 causam
1974 2477 2077 2515 non

490 2570 850 2640 quarsicrunt;
884 2566 951 2619 ita
985 2577 1177 2632 nempe
1204 2558 1429 2614 instituti
1474 2566 1625 2612 erant
1649 2597 1666 2623 ,
1696 2563 1753 2609 ut
1789 2554 2079 2625 discipulo-

494 2676 607 2714 rum
631 2672 842 2725 semper
863 2654 1105 2708 ordinem
1137 2657 1379 2705 tenerent
1406 2667 1417 2702 :
1447 2648 1517 2702 ita
1544 2648 1713 2716 ipsum
1740 2647 1998 2701 timebant
2020 2661 2083 2700 ac

496 2748 898 2805 reverebantur.
946 2742 1165 2798 Etiamsi
1214 2742 1357 2796 enim
1414 2738 1648 2792 nondum
1697 2738 1910 2807 dignam
1965 2738 2081 2807 ejus

497 2840 945 2896 existimatioaem
1011 2835 1304 2896 haberent,
1374 2838 1430 2885 at
1491 2829 1642 2899 quasi
1713 2828 2083 2883 admirandum

500 2932 783 3004 quemdam
811 2933 980 2982 virum
1006 2929 1177 2996 ipsum
1206 2922 1568 2994 suspiciebant
1598 2921 2082 2990 observabantque.

507 3030 758 3079 Attamen
787 3035 929 3089 saepe
958 3017 1300 3073 audentiores
1341 3014 1439 3069 visi
1466 3021 1612 3078 sunt,
1640 3022 1696 3066 ut
1717 3027 1834 3066 cum
1857 3011 2089 3067 Joannes

508 3130 665 3184 supra
696 3122 882 3182 pectus
916 3108 1031 3177 ejus
1057 3106 1335 3170 recubuit;
1377 3113 1431 3159 et
1468 3119 1587 3158 cum
1636 3110 1977 3157 accesserunt
2024 3103 2089 3158 ad

507 3224 628 3263 eum
651 3207 904 3267 dicentes,
932 3202 1057 3270 Quis
1074 3203 1236 3269 maior
1253 3209 1324 3254 est
1345 3199 1400 3253 in
1421 3215 1571 3270 regno
1589 3198 1831 3253 cartorum
1858 3197 1878 3269 (
1902 3197 2091 3252 Matth.

511 3301 597 3357 l8.
625 3301 650 3354 1
676 3300 729 3369 )7
774 3312 895 3352 cum
932 3296 1023 3349 lilii
1050 3292 1291 3349 Zebedmi
1338 3301 1527 3362 rogant
1559 3300 1615 3345 ut
1642 3291 1778 3345 alter
1811 3305 1841 3344 a
1871 3289 2093 3357 dextris,

513 3393 649 3446 alter
688 3405 717 3443 a
756 3388 988 3443 sinistris
1013 3385 1197 3441 sedeat
1226 3383 1419 3454 (Marc.
1449 3383 1534 3438 l0.
1570 3383 1655 3439 35.
1687 3383 1753 3437 57
1777 3381 1817 3454 ).
1843 3381 1950 3437 Cur
1970 3396 2098 3452 ergo

516 3486 601 3539 hic
642 3497 746 3536 non
808 3477 1240 3548 interrogarunt?
1291 3477 1424 3544 Quia
1474 3488 1598 3530 tunc
1658 3491 1780 3531 cum
1828 3476 1895 3531 de
1941 3477 2100 3531 rebus

515 3577 625 3629 suis
654 3583 920 3643 ageretur,
968 3571 1272 3624 necessario
1329 3569 1767 3632 sciscitabantur;
1814 3568 1900 3623 hic
1925 3579 2100 3623 autem

518 3683 603 3723 res
649 3666 776 3720 nihil
818 3664 882 3717 ad
922 3677 1015 3717 eos
1065 3662 1383 3731 pertinebat.
1433 3660 1668 3716 Joannes
1707 3669 1884 3715 autem
1935 3662 2107 3717 multo

520 3767 641 3827 post
672 3766 910 3823 tempore
941 3753 1042 3806 hoc
1071 3752 1246 3807 facere
1272 3752 1498 3819 solebat,
1531 3750 1743 3821 quando
1764 3752 1960 3806 Christi
1982 3767 2105 3823 erga

522 3864 581 3902 se
622 3847 908 3901 dilectione
953 3844 1139 3906 fretus,
1173 3844 1343 3913 magis
1381 3842 1575 3898 fidebat
1609 3861 1623 3897 :
1656 3842 1756 3897 Hic
1784 3842 1918 3897 enim
1966 3854 2108 3908 erat,

524 3938 712 4005 inquit,
753 3952 899 4005 quem
942 3934 1181 4004 diligebat
1228 3934 1378 3987 .Iesus
1429 3931 1624 4003 (Joan.
1685 3934 1774 3990 i9.
1809 3933 1941 4003 26).
1973 3934 2112 4000 Quid

527 4029 648 4081 huic
703 4024 1016 4080 beatitudini
1045 4024 1174 4091 par?
1227 4022 1420 4077 Verum
1469 4039 1570 4076 nou
1602 4024 1687 4078 hic
1711 4024 1931 4093 gradum
1962 4024 2116 4077 sista-

527 4135 667 4183 mus,
698 4117 901 4181 dilecti,
932 4125 989 4169 ut
1030 4116 1331 4184 apostolum
1373 4117 1581 4170 beatum
1614 4117 1994 4186 prmdicemus;
2023 4116 2119 4173 sed

530 4210 664 4267 nihil
692 4225 799 4264 non
828 4222 1048 4280 agamus
1074 4216 1132 4261 ut
1154 4207 1207 4261 in
1253 4206 1531 4262 beatorum
1574 4224 1798 4262 numero
1831 4223 2118 4263 accensea-

531 4320 679 4368 mur;
703 4303 973 4357 imitemur
994 4300 1398 4370 evangelistam,
1422 4310 1473 4354 et
1500 4300 1773 4355 videamus
1799 4300 1924 4372 quid
1948 4316 2122 4355 causa:

534 4394 709 4459 fuerit,
735 4392 873 4462 quod
909 4400 1107 4445 tantam
1134 4392 1232 4444 sibi
1264 4390 1461 4445 Christi
1512 4390 1854 4447 dilectionem
1885 4392 2123 4446 attrahe—

534 4494 643 4540 ret.
670 4484 925 4550 Qumnam
972 4498 1129 4537 causa
1162 4480 1297 4535 fuit?
1328 4482 1539 4536 Patrem
1586 4481 1797 4550 reliquit
1822 4495 1874 4537 et
1914 4485 2129 4539 navicu-

539 4576 643 4629 lam
674 4582 728 4627 et
754 4584 890 4639 rete,
921 4580 976 4626 et
1011 4571 1193 4627 Jesum
1224 4582 1481 4642 sequutus
1532 4580 1637 4626 est.
1684 4570 1880 4626 Verum
1924 4573 2023 4628 hoc
2053 4575 2127 4628 illi

545 4679 832 4720 commune
860 4679 980 4718 cum
1018 4663 1183 4719 fratre
1226 4680 1323 4717 suo
1350 4672 1502 4730 erat,
1536 4665 1770 4732 itemque
1810 4678 1928 4717 cum
1974 4664 2131 4719 Petro

540 4767 596 4810 et
625 4755 859 4821 Andrea,
896 4764 950 4810 et
979 4770 1098 4809 cum
1137 4754 1347 4809 caeteris
1377 4753 1659 4823 apostolis.
1690 4753 1827 4821 Quid
1877 4769 2004 4823 ergo
2025 4756 2135 4807 exi-

544 4849 711 4904 mium
740 4845 945 4910 habuit,
976 4846 1116 4916 quod
1144 4854 1343 4900 tantam
1374 4845 1475 4914 ipsi
1501 4844 1842 4899 dilectionem
1878 4846 2135 4899 concilia-

547 4942 782 5001 ret?llle
806 4941 874 4996 de
918 4940 1099 5011 seipso
1124 4940 1256 4995 nihil
1294 4937 1598 5008 hujusmodi
1640 4938 1791 5003 dixit,
1822 4939 1921 4993 nisi
1966 4940 2138 4994 solum

547 5037 692 5108 quod
713 5036 1052 5108 diligeretur;
1082 5052 1299 5093 causam
1329 5050 1457 5091 vero
1483 5050 1579 5090 cur
1608 5033 1919 5104 diligeretur
1951 5035 2139 5088 mode-

550 5143 633 5188 ste
674 5132 858 5188 tacuit.
889 5130 1043 5196 Quod
1072 5131 1213 5185 enim
1265 5130 1462 5184 eximie
1508 5142 1538 5182 a
1568 5126 1785 5182 Christo
1833 5126 2144 5197 diligeretur

551 5223 806 5279 omnibus
828 5222 1003 5293 palam
1025 5230 1139 5277 erat
1166 5239 1179 5274 :
1203 5231 1437 5276 attamen
1465 5235 1569 5276 non
1591 5218 1939 5274 observamus
1969 5220 2144 5288 ipsum

554 5314 939 5385 alloquentem,
968 5328 1031 5369 ac
1069 5313 1293 5369 seorsim
1323 5313 1707 5380 sciscitantem,
1740 5321 1799 5366 ut
1851 5311 1975 5366 fecit
2005 5326 2148 5381 smpe

2178 2200 2339 2255 sunt;
2370 2200 2637 2245 utcontra
2670 2192 2713 2246 si
2758 2192 2897 2246 adsit
2942 2191 3227 2255 humilitas,
3279 2193 3455 2246 omnia
3507 2192 3754 2262 optabilia

2179 2284 2531 2356 amabiliaque
2560 2294 2683 2340 sunt
2710 2294 2765 2339 et
2796 2300 2916 2340 cum
2957 2285 3240 2341 securitate
3283 2295 3617 2340 exercentur.
3642 2286 3755 2340 Mo-

2181 2375 2331 2431 deste
2361 2378 2521 2447 igitur
2544 2392 2783 2447 agamus,
2832 2377 3035 2444 dilecti,
3065 2377 3304 2431 modeste
3334 2392 3588 2446 agamus:
3613 2386 3759 2431 certe

2185 2469 2352 2524 facilis
2379 2471 2494 2524 haec
2517 2471 2687 2525 virtus
2712 2478 2813 2537 est,
2838 2470 2881 2524 si
2907 2469 3201 2540 vigilemus.
3226 2468 3362 2537 Quid
3386 2469 3594 2523 tandem
3625 2468 3760 2523 illud

2185 2572 2302 2628 est,
2334 2566 2406 2617 mi
2438 2562 2617 2627 homo,
2640 2561 2781 2632 quod
2810 2570 2862 2616 te
2899 2561 2950 2616 in
2980 2562 3342 2632 arrogantiam
3395 2561 3641 2616 extollit?
3660 2577 3761 2616 an-

2189 2670 2293 2709 non
2339 2654 2487 2709 vides
2530 2662 2734 2708 natura;
2772 2652 3076 2708 vilitatem?
3115 2653 3438 2707 voluntatem
3466 2652 3530 2706 ad
3561 2654 3761 2723 lapsum

2191 2748 2453 2819 pronam?
2482 2746 2666 2818 Cogita
2694 2753 3116 2812 mortemtuam,
3152 2754 3489 2815 peccatorum
3527 2745 3767 2798 multitu-

2191 2841 2391 2898 dinem.
2440 2840 2637 2896 Verum
2667 2840 2907 2894 fortassis
2927 2839 2997 2893 ob
3041 2839 3204 2893 multa
3231 2838 3486 2908 praeclare
3512 2848 3658 2907 gesta
3685 2839 3769 2893 al-

2192 2942 2306 2988 tum
2336 2932 2512 3002 sapis?
2541 2932 2654 2988 Hoc
2682 2933 2799 3002 ipso
2822 2931 3000 2986 omnia
3030 2932 3264 2985 amittes.
3296 2931 3627 3001 Quapropter
3662 2947 3767 2985 non

2195 3035 2302 3080 tam
2328 3032 2595 3095 peccator,
2618 3039 2775 3092 quam
2804 3022 3012 3078 virtutis
3058 3031 3289 3077 sectator
3330 3022 3604 3078 modestia:
3646 3038 3776 3092 ape-

2197 3133 2313 3174 ram
2339 3117 2466 3173 dare
2484 3116 2663 3171 debet.
2686 3114 2898 3183 Quare“!
2923 3114 3052 3183 Quia
3088 3114 3178 3168 ille
3202 3129 3264 3168 ex
3287 3113 3608 3168 conscientia
3634 3111 3701 3166 ad
3724 3112 3775 3167 id

2205 3211 2445 3280 cogitur;
2495 3207 2584 3262 hic
2613 3222 2762 3271 vero,
2795 3206 2896 3261 nisi
2934 3205 3219 3260 admodum
3247 3205 3447 3274 vigilet,
3491 3206 3597 3259 cito
3625 3219 3722 3258 ceu
3746 3218 3776 3257 a

2206 3310 2365 3356 vento
2385 3299 2633 3370 quopiam
2655 3297 2915 3366 abripitur
2940 3304 2994 3351 et
3010 3295 3297 3362 evanescit,
3326 3295 3463 3349 sicut
3482 3294 3781 3349 Phariszeus

2204 3393 2314 3448 ille.
2343 3392 2448 3447 Sed
2477 3390 2799 3461 pauperibus
2824 3388 3053 3459 erogas?
3095 3388 3289 3443 Verum
3324 3403 3428 3441 non
3461 3398 3568 3453 tua,
3596 3386 3690 3442 sed
3717 3401 3784 3441 ea

2205 3502 2324 3558 quae
2371 3484 2579 3540 Domini
2635 3491 2793 3548 sunt,
2842 3497 2961 3552 qute
2991 3490 3117 3537 sunt
3161 3480 3433 3536 conservis
3457 3478 3783 3534 communia.

2210 3578 2439 3647 ldeoque
2467 3574 2740 3629 humiliter
2774 3572 3132 3636 sentiendum,
3181 3570 3307 3626 dum
3335 3571 3385 3625 in
3412 3569 3786 3625 contribulium

2211 3666 2621 3733 calamitatibus,
2667 3678 2787 3735 quae
2823 3662 2919 3717 tibi
2975 3662 3176 3716 instent
3203 3660 3483 3731 praevides,
3508 3670 3561 3714 et
3585 3667 3790 3714 naturae

2214 3770 2318 3815 tuae
2343 3757 2705 3814 conditionem
2738 3755 2791 3809 in
2822 3754 2937 3809 aliis
2958 3753 3172 3808 ediscis.
3200 3752 3450 3807 Fortasse
3473 3766 3571 3806 nos
3595 3750 3795 3804 talibus

2216 3852 2318 3907 orti
2357 3865 2542 3905 sumus
2587 3847 3038 3918 progenitoribus.
3082 3845 3232 3912 Quod
3274 3845 3319 3899 si
3368 3844 3565 3899 divitiae
3602 3843 3667 3897 ad
3695 3858 3797 3897 nos

2220 3943 2501 4003 transiere,
2536 3941 2654 3994 illas
2698 3938 2837 3993 haud
2882 3938 3041 3993 dubie
3081 3937 3463 4007 relinquemus.
3503 3935 3640 4001 Quid
3667 3948 3800 3988 vero

2220 4044 2343 4089 sunt
2366 4032 2601 4087 divitiae?
2629 4031 2822 4087 Umbra
2863 4030 3037 4085 inanis
3060 4072 3074 4096 ,
3119 4029 3294 4083 fumus
3321 4044 3645 4083 evanescens
3699 4027 3801 4081 llos

2224 4126 2373 4192 freni,
2418 4126 2523 4180 imo
2554 4124 2684 4180 ﬂore
2709 4132 2834 4178 sunt
2857 4124 3093 4177 viliores.
3124 4123 3232 4183 Cur
3257 4122 3323 4177 de
3351 4121 3496 4177 freno
3521 4122 3685 4175 altum
3710 4135 3803 4174 sa-

2226 4216 2347 4287 pis?
2369 4215 2557 4271 Nonne
2586 4223 2639 4269 et
2680 4213 2907 4275 furibus,
2936 4222 2991 4267 et
3036 4213 3307 4277 mollibus,
3336 4222 3391 4268 et
3432 4212 3807 4267 meretricibus

2228 4317 2283 4362 et
2303 4307 2667 4377 sepulcrorum
2694 4304 3041 4361 elfossoribus
3068 4304 3265 4359 divitiae
3286 4303 3577 4360 accedunt?
3609 4303 3809 4358 ldeone

2232 4398 2540 4452 intumescis
2566 4395 2707 4466 quod
2737 4396 2870 4451 tales
2899 4411 3058 4465 opum
3107 4404 3383 4449 consortes
3410 4394 3649 4449 habeas?
3700 4394 3809 4449 Sed

2233 4489 2450 4543 honoris
2473 4488 2693 4557 cupidus
2715 4487 2810 4541 es?
2843 4488 3037 4543 Verum
3067 4486 3196 4541 nihil
3237 4490 3302 4541 ad
3328 4487 3580 4541 honorem
3613 4501 3814 4555 oppor-

2233 4582 2412 4636 tunius
2428 4581 2784 4649 elcemosyna.
2817 4578 2944 4632 Nam
2975 4578 3210 4633 honores
3228 4595 3295 4634 ex
3321 4580 3518 4633 divitiis
3538 4589 3591 4632 et
3619 4588 3814 4647 poten-

2237 4673 2307 4729 tia
2335 4672 2490 4743 parti,
2522 4672 2690 4726 coacti
2721 4680 2845 4724 sunt
2873 4680 2926 4725 et
2954 4672 3155 4735 odiosi;
3187 4671 3239 4726 hi
3266 4687 3391 4726 vero
3415 4688 3482 4727 ex
3514 4673 3732 4725 arbitrio
3757 4683 3817 4726 et

2237 4765 2563 4821 conscientia
2593 4763 2965 4818 honorantium
3000 4765 3294 4833 prodeunt,
3328 4779 3460 4833 quos
3504 4781 3569 4818 ne
3614 4765 3648 4818 ii
3695 4765 3817 4832 qui-

2242 4857 2360 4911 dem
2410 4858 2499 4927 qui
2549 4857 2814 4911 honorant
2869 4856 2936 4910 de
2978 4857 3153 4910 medio
3188 4858 3373 4912 tollere
3402 4865 3638 4927 possunt.
3664 4855 3816 4923 Quod

2243 4951 2286 5004 si
2317 4950 2555 5005 homines
2580 4958 2781 5003 tantam
2814 4964 2937 5019 erga
2985 4949 3379 5021 eleemosynam
3422 4960 3703 5018 erogantes
3730 4964 3821 5004 re-

2246 5041 2540 5096 verentiam
2561 5041 2774 5103 habent,
2804 5051 2858 5094 et
2882 5042 3059 5095 omnia
3096 5042 3225 5109 ipsis
3255 5042 3389 5096 bona
3417 5051 3767 5112 apprecantur
3803 5060 3820 5096 :

2247 5131 2418 5200 cogita
2466 5140 2717 5200 quantam
2747 5146 2775 5183 a
2805 5131 3033 5201 benigno
3071 5132 3179 5185 Deo
3221 5130 3522 5187 mercedem
3551 5134 3823 5201 accepturi

2248 5224 2375 5287 sint,
2407 5238 2563 5293 quam
2604 5222 3027 5278 retributionem.
3060 5223 3166 5277 llas
3208 5240 3336 5293 ergo
3357 5239 3656 5294 quaeramus
3684 5223 3827 5279 divi-

2251 5314 2353 5369 tias
2402 5326 2612 5382 semper
2640 5323 2936 5377 manentes,
2965 5328 3249 5383 numquam
3292 5314 3582 5382 fugientes;
3607 5324 3664 5368 ut
3688 5325 3741 5368 et
3764 5316 3823 5367 in

557 5406 768 5469 Petrus,
801 5417 859 5462 ut
887 5405 1187 5477 Philippus,
1221 5413 1279 5460 ut
1304 5403 1492 5469 Judas,
1521 5412 1580 5459 ut
1604 5403 1873 5469 Thomas;
1900 5404 1999 5458 nisi
2033 5414 2149 5458 tan-

564 5508 676 5551 tum
699 5500 863 5555 semel
892 5500 942 5554 in
964 5500 1187 5570 gratiam
1209 5496 1508 5566 coapostoli
1534 5495 1616 5550 sui
1639 5496 1875 5563 rogantis
1904 5511 1984 5550 se.
2018 5496 2150 5550 Nam

562 5588 818 5644 innuente
849 5592 1211 5661 apostolorum
1239 5588 1548 5662 coryphzeo,
1580 5597 1706 5641 tunc
1734 5589 2037 5642 necessario
2068 5590 2150 5641 in-

567 5682 883 5750 terrogavit;
926 5682 978 5735 hi
1016 5683 1158 5736 enim
1182 5689 1367 5735 mutuo
1409 5693 1470 5734 se
1520 5693 1704 5733 amore
1731 5677 2034 5747 diligebant.
2067 5676 2155 5732 Sic

566 5772 621 5827 iu
650 5774 899 5844 templum
939 5774 1093 5830 simul
1120 5774 1447 5839 ascendisse,
1475 5771 1634 5827 simul
1662 5771 2004 5826 concionatos
2032 5784 2151 5824 esse

2255 5405 2355 5460 hac
2398 5406 2502 5460 vita
2546 5405 2742 5475 magni,
2791 5414 2845 5460 et
2892 5405 2942 5459 in
2985 5406 3077 5461 illa
3121 5407 3395 5477 conspicui
3438 5409 3626 5472 simus,
3667 5418 3829 5475 atque

2255 5507 2454 5551 aeterna
2483 5510 2870 5565 consequamur
2897 5496 3068 5556 bona:
3110 5498 3277 5566 gratia
3298 5507 3353 5554 et
3379 5499 3701 5569 benignitate
3727 5498 3834 5552 Do-

2260 5587 2390 5642 mini
2413 5586 2578 5640 nostri
2604 5585 2731 5642 Jesu
2751 5584 2947 5642 ChriSti
2965 5628 2980 5653 ,
3009 5587 3222 5657 quicum
3245 5589 3387 5644 Patri
3412 5591 3599 5660 gloria,
3619 5605 3836 5658 unaque

2258 5677 2475 5740 Spiritui
2503 5685 2708 5764 sancto,
2741 5691 2881 5733 nunc
2907 5686 2962 5734 et
2984 5692 3195 5749 semper
3223 5690 3278 5736 et
3306 5679 3353 5737 in
3388 5682 3579 5738 saecula
3607 5681 3835 5737 saeculo-

2268 5785 2402 5824 tum.
2436 5770 2624 5823 Amen.
