4100 6364
299 477 393 532 I‘JI

249 581 262 618 ³
298 593 519 664 μνήμην
564 593 689 662 ἄγει
732 594 825 648 τοῦ
876 597 1132 667 Χριστοῦ,
1169 580 1262 654 καὶ
1310 603 1640 657 ἐκκαλύπτει
1687 599 1873 654 λοιπὸν

295 683 507 737 ἑαυτόν·
539 683 678 763 ὅπερ
709 681 776 736 ἂν
815 686 863 738 εί
889 687 1040 756 παρὰ
1061 687 1160 758 τὴν
1189 690 1363 762 ἀρχὴν
1391 692 1464 763 μὴ
1494 688 1774 760 ζητησάση
1806 689 1872 758 τῇ

293 765 512 833 γυναικὶ
536 762 709 830 εἶπεν,
745 766 920 831 ἔδοξεν
951 767 1018 821 ἂν
1047 770 1182 842 αὐτῇ
1207 762 1410 842 ληρεῖν,
1433 773 1529 827 καὶ
1556 771 1680 840 εἰκῆ
1707 769 1873 839 φθέγ-

297 847 502 914 γεσθαι.
537 847 653 900 Νῦν
692 848 748 901 δὲ
790 851 929 902 κατά
966 853 1160 923 μικρὸν
1190 856 1360 925 αὐτὴν
1395 856 1489 908 ἐπὶ
1525 856 1625 927 τὴν
1654 853 1874 924 μνήμην

291 932 442 999 ἄγων
473 943 525 994 ι,
555 932 830 1002 εὐκαίρως
859 935 1050 988 ἐαυτὸν
1095 938 1433 1009 ἀπεκάλυψε.
1465 940 1572 992 Καὶ
1617 943 1729 1002 τοῖς
1772 937 1870 1008 μὲν

304 1015 576 1078 Ἰουδαίοις
602 1018 838 1085 συνεχῶς
867 1018 1134 1086 λέγουσιν,
1170 1022 1324 1086 ’Ἕως
1349 1024 1492 1075 πότε
1520 1021 1634 1089 τὴν
1659 1018 1872 1089 ψυχὴν

289 1097 460 1166 ἡμῶν
483 1098 712 1166 αῖρεις;
745 1100 876 1152 εἰπὲ
905 1102 1066 1170 ἡμῖν,
1102 1105 1155 1157 εἰ
1189 1105 1272 1157 σὺ
1305 1101 1363 1158 εἴ
1385 1109 1418 1159 ὀ
1447 1106 1720 1174 Χριστός·
1749 1101 1872 1156 τού-

288 1197 402 1243 τοις
430 1182 529 1250 μὲν
556 1183 585 1222 ι)
615 1181 716 1236 οὐκ
745 1182 1078 1253 ἀπεκρίνατο
1109 1187 1314 1255 σαφῶς,
1351 1187 1521 1260 ταύτῃ
1549 1189 1604 1241 δὲ
1627 1185 1744 1242 εἷπε
1766 1209 1869 1259 φα-

287 1264 461 1333 νερῶς
494 1265 657 1327 αὐτὸς
692 1261 849 1322 εἶναι.
888 1267 1382 1338 Εὐγνωμονεστέρα
1415 1272 1524 1342 γὰρ
1549 1267 1617 1342 ἦν
1657 1274 1688 1342 ἡ
1730 1275 1864 1346 γυνὴ

287 1347 395 1398 τῶν
429 1347 718 1402 Ἰουδαίων.
756 1350 982 1402 Ἐκεῖνοι
1008 1350 1108 1419 μὲν
1137 1351 1244 1422 γὰρ
1266 1353 1365 1421 οὐχ
1394 1352 1535 1424 ὑπὲρ
1561 1353 1654 1406 τοῦ
1680 1356 1866 1423 μαθεῖν

285 1428 532 1498 ἐζήτουν,
574 1430 690 1484 ἀλλ’
723 1431 862 1504 ὑπὲρ
894 1434 988 1485 τοῦ
1019 1435 1298 1504 κωμῳδεῖν
1332 1435 1492 1488 αὐτὸν
1521 1437 1626 1489 ἀεί.
1664 1439 1726 1490 Εἰ
1759 1441 1868 1509 γὰρ

284 1512 570 1566 ἐϐούλοντο
605 1514 817 1582 μαθεῖν,
849 1516 1005 1586 ἱκανὴ
1033 1518 1126 1570 καὶ
1150 1520 1183 1588 ἡ
1209 1518 1295 1570 διὰ
1327 1519 1434 1572 τῶν
1463 1520 1742 1590 ῥημάτων,
1774 1523 1867 1575 καὶ

281 1597 316 1666 ἡ
351 1595 439 1650 διὰ
468 1596 578 1649 τῶν
613 1598 864 1668 Γραφῶν,
893 1599 988 1652 καὶ
1091 1601 1178 1653 διὰ
1204 1603 1313 1654 τῶν
1344 1604 1584 1672 σημείων
1610 1603 1864 1658 διδασκα-

281 1678 376 1731 λία
400 1675 487 1749 ἦν.
513 1680 661 1752 Αῦτη
688 1683 744 1735 δὲ
774 1683 831 1746 ἐξ
859 1684 1155 1746 ἀδεκάστου
1185 1686 1408 1756 γνώμης
1435 1688 1527 1740 καὶ
1553 1687 1724 1756 ἁπλῆς
1750 1688 1866 1741 δια-

281 1763 434 1825 νοίας
475 1765 774 1833 ἐφθέγγετο
801 1767 943 1836 ἆπερ
975 1768 1290 1836 ἐφθέγγετο·
1336 1770 1429 1822 καὶ
1471 1769 1628 1840 δῆλον
1660 1773 1724 1823 ἐκ
1755 1773 1863 1824 τῶν

286 1847 424 1914 μετά
467 1848 639 1899 ταῦτα
677 1849 770 1900 ὑπ’
795 1850 963 1919 αὐτῆς
997 1852 1325 1922 γενομένων.
1363 1854 1471 1905 Καὶ
1509 1853 1618 1923 γὰρ
1661 1855 1861 1925 ⁸ἤκουσε

282 1930 379 1981 καὶ
417 1931 742 1996 ἐπίστευσε,
786 1933 880 1985 καὶ
918 1934 1112 1997 ἀλλους
1149 1935 1241 1987 ἐπὶ
1277 1935 1434 1989 τοῦτο
1467 1937 1856 2007 ἐσαγήνευσεν·

280 2014 377 2065 καὶ
403 2014 678 2083 πανταχοῦ
704 2014 805 2083 τῆς
831 2017 1084 2083 γυναικὸς
1113 2017 1260 2070 ἔστιν
1296 2019 1420 2072 ἰδεῖν
1457 2019 1518 2072 τὸ
1543 2020 1860 2090 ἠκριϐωμέ-

278 2112 370 2146 νον
403 2095 556 2167 [195]
592 2099 684 2149 καὶ
729 2097 790 2148 τὸ
829 2099 1039 2152 πιστόν.
1078 2099 1190 2152 Καὶ
1229 2101 1329 2153 ἐπὶ
1363 2103 1553 2168 τούτῳ
1591 2102 1782 2170 ἦλθον
1805 2105 1861 2156 οί

273 2179 531 2244 μαθηταὶ
572 2178 780 2232 αὐτοῦ.
810 2180 1022 2250 Σφόδρα
1052 2184 1131 2244 είς
1166 2183 1354 2252 καιρὸν
1391 2185 1729 2253 ἀπήντησαν,
1760 2185 1860 2255 τῆς

277 2259 627 2323 διδασκαλίας
651 2262 1100 2333 ἀπαρτισθείσης.
1123 2265 1233 2317 Καὶ
1253 2266 1582 2334 ἐθαύμαζον
1605 2267 1691 2320 ὅτι
1709 2268 1860 2335 μετὰ

276 2349 565 2413 γυναικὸς
602 2349 828 2402 ἐλάλει.
877 2349 1087 2416 Οὐδεὶς
1125 2351 1332 2420 μέντοι
1358 2350 1509 2417 εἷπε,
1546 2355 1606 2408 Τί
1638 2352 1857 2422 ξιτεῖςς

274 2433 337 2500 ἢ.
379 2434 444 2486 Ἰί
474 2436 684 2501 λαλεῖς
706 2438 834 2504 μετ’
862 2437 1092 2505 αὐτῆς;

346 2521 414 2582 γ’.
453 2517 518 2568 Τί
552 2517 610 2569 δὲ
640 2517 973 2589 ἐθαύμαζον;
1008 2520 1081 2572 Τὸ
1113 2521 1334 2587 ἄτυφον,
1365 2522 1426 2575 τὸ
1456 2523 1707 2578 ταπεινὸν
1739 2523 1856 2594 μεθ’

275 2599 605 2668 ὑπερϐολῆς,
638 2601 720 2654 ὅτι
758 2601 897 2656 οὕτω
931 2603 1287 2674 περίϐλεπτος
1311 2605 1410 2669 ὢν,
1443 2608 1686 2678 ἠνείχετο
1721 2610 1858 2680 μετὰ

272 2682 543 2753 τοσαύτης
573 2685 1070 2756 ταπεινοφροσύνης
1098 2689 1318 2754 γυναικὶ
1349 2689 1693 2758 διαλέγεσθαι
1716 2709 1858 2746 πενι-

273 2767 380 2835 χρᾷ
416 2769 511 2819 καὶ
558 2769 928 2840 Σαμαρείτιδι.
987 2771 1125 2823 Ἀλλ’
1165 2772 1316 2842 ὅμως
1358 2773 1452 2826 καὶ
1489 2775 1856 2845 ἐκπλαγέντες

272 2853 373 2902 οὐκ
399 2850 692 2921 ἠρώτησαν
720 2851 818 2922 τὴν
847 2852 1045 2906 αἰτίαν·
1075 2854 1245 2918 οὕτως
1270 2851 1410 2925 ἦσαν
1437 2859 1855 2930 πεπαιδευμένοι

271 2933 370 3004 τὴν
398 2933 509 2986 τῶν
547 2932 806 3004 μαθητῶν
835 2935 989 3001 τάξιν
1017 2937 1317 3009 διατηρεῖν,
1352 2939 1526 3004 οὕτως
1550 2943 1713 2995 αὐτὸν
1743 2942 1855 2995 ἐδε-

269 3017 544 3069 δοίκεισαν
571 3018 665 3069 xa‘t
685 3016 924 3086 ᾐδοῦντο.
959 3020 1020 3072 Εἰ
1052 3021 1160 3092 γὰρ
1193 3023 1288 3074 καὶ
1321 3023 1544 3092 μηδέπω
1569 3025 1668 3095 τὴν
1697 3025 1856 3091 ἀξίαν

273 3100 401 3168 περὶ⁵
423 3098 591 3152 αὐτοῦ
620 3098 776 3162 δόξαν
805 3096 969 3171 εἶχον,
1003 3101 1117 3154 ἀλλ’
1139 3104 1286 3174 ὅμως
1318 3105 1394 3168 ὡς
1423 3104 1720 3177 θαυμαστῷ
1749 3125 1854 3160 τινι

271 3184 584 3250 προσεῖχον,
615 3183 708 3234 καί
728 3182 925 3253 πολλὴν
957 3183 1106 3255 αὐτῷ
1127 3185 1401 3256 ἀπένεμον
1424 3188 1522 3258 τὴν
1549 3189 1700 3242 αἰδῶ.
1727 3189 1856 3244 Καί-

269 3281 353 3315 τοι
391 3281 455 3332 γε
496 3263 764 3335 πολλαχοῦ
794 3267 1073 3335 φαίνονται
1113 3268 1280 3322 πολλά
1326 3271 1849 3342 παρρησιαζόμενοι·

267 3345 402 3412 οἷον,
441 3350 573 3402 ὅταν
620 3351 650 3403 6
694 3350 944 3421 Ἰωάννης
992 3353 1263 3424 ἐπιπίπτῃ
1305 3353 1469 3406 αὐτοῦ
1521 3355 1600 3425 τῷ
1644 3355 1848 3426 στήθει·

268 3434 403 3485 ὅταν
437 3433 586 3504 αὐτῷ
617 3435 933 3505 προσιόντες
966 3435 1186 3503 λέγωσι,
1224 3437 1318 3502 Τίς
1342 3435 1555 3506 μείζων
1589 3438 1760 3492 ἐστὶν
1784 3439 1853 3492 ἐν

268 3514 346 3582 τῇ
369 3518 656 3584 ,ϐασιλείᾳ
691 3516 807 3571 τῶν
835 3519 1142 3586 caput-(Br;
1180 3521 1306 3573 ὅταν
1343 3523 1390 3573 οἱ
1431 3522 1536 3574 υἱοὶ
1565 3522 1848 3575 Ζεϐεδαίου

269 3603 684 3671 περακαλῶσιν,
717 3605 804 3656 ἵνα
833 3599 913 3666 εἷς
947 3606 1009 3658 ἐκ
1037 3605 1224 3671 δεξιῶν
1244 3605 1338 3658 καὶ
1363 3599 1442 3667 εἷς
1476 3605 1534 3671 ἐξ
1555 3605 1849 3676 εὐωνύμων

268 3688 492 3759 καθίσῃ.
515 3687 668 3750 Τίνος
694 3685 785 3740 οὖν
801 3687 986 3740 ἕνεκεν
1009 3687 1240 3741 ἐνταῦθα
1259 3690 1360 3741 οὐκ
1381 3687 1671 3759 ἠρώτησαν
1690 3705 1704 3754 ;
1725 3689 1848 3744 ’Ότι

267 3773 454 3822 ἐκεῖνα
488 3771 587 3841 μὲν
623 3772 802 3824 πάντα
835 3771 912 3835 ὼς
950 3773 1027 3835 είς
1060 3773 1257 3835 αὐτοὺς
1300 3773 1571 3842 ἀνήκοντα
1601 3775 1847 3843 ἀνάγκην

267 3849 415 3923 εἶχον
445 3853 736 3919 ἐξετάζειν·
763 3856 996 3909 ἐνταῦθα
1023 3855 1078 3909 δέ
1102 3856 1255 3910 οὐδὲν
1276 3858 1461 3921 αὐτοῖς
1483 3859 1737 3911 τοσοῦτον
1767 3859 1848 3913 δι-

264 3937 432 4008 έφερε
472 3938 533 3990 τὸ
563 3938 901 4008 γιγνόμενον.
941 3940 1052 3994 Καὶ
1100 3942 1354 4012 Ἰωάννης
1399 3941 1457 3994 δὲ
1511 3943 1649 4012 μετὰ
1679 3943 1846 3996 πολὺν

261 4020 459 4088 χρόνον
482 4019 636 4073 τοῦτο
663 4021 882 4092 ἐποίησε
910 4024 1046 4093 πρὸς
1074 4022 1224 4093 αὐτῷ
1247 4023 1326 4094 τῷ
1353 4025 1515 4086 τέλει.
1549 4026 1639 4078 ὅτε
1667 4025 1845 4079 πλείου

262 4121 357 4166 νος
384 4104 666 4174 ἀπήλαυσε
715 4107 1047 4176 παρρησίας,
1075 4109 1168 4160 καὶ
1193 4107 1413 4179 ἐθάρρει
1441 4111 1508 4180 τῇ
1539 4110 1727 4181 ἀγάπῃ
1749 4111 1844 4164 τοῦ

259 4187 525 4257 Χριστοῦ·
567 4184 753 4254 Οὗτος
796 4189 903 4258 γὰρ
941 4185 1039 4259 ἦν,
1091 4191 1273 4260 φησὶν,
1308 4190 1382 4244 ὃν
1415 4190 1618 4260 ἠγάπα
1654 4196 1686 4246 ό
1739 4195 1845 4260 Ἰη-

258 4270 438 4336 σοῦς.
482 4269 546 4323 Τί
597 4270 784 4325 τούτου
823 4271 916 4324 τοῦ
963 4274 1311 4343 μακαρισμοῦ
1357 4274 1552 4343 γένοιτ’
1591 4276 1658 4329 ἂν
1695 4277 1842 4341 ῖσον;

270 4352 439 4405 Ἀλλά
488 4352 563 4423 μὴ
604 4353 763 4424 μέχρι
795 4353 984 4409 τούτου
1034 4356 1266 4426 στῶμεν,
1297 4357 1590 4427 ἀγαπητοὶ,
1623 4357 1715 4411 τοῦ
1747 4377 1846 4429 μα-

261 4435 513 4505 καρίζειν
546 4434 638 4488 τὸν
680 4437 1020 4501 Ἀπόστολον,
1047 4439 1163 4491 ἀλλ’
1207 4438 1346 4492 ὥστε
1388 4440 1480 4493 καὶ
1521 4440 1629 4493 τῶν
1667 4459 1842 4511 μακα-

262 4516 564 4586 ριζομένων
592 4519 865 4584 γενέσθαι,
888 4521 1066 4574 πάντα
1093 4524 1438 4592 πράττωμεν,
1469 4524 1564 4576 καὶ
1592 4524 1844 4594 μιμησώ-

261 4601 407 4668 μεθα
449 4600 539 4651 τὸν
576 4602 985 4674 εύαγγελιστὴν,
1027 4604 1122 4657 καὶ
1177 4604 1372 4675 ἴδωμεν
1404 4604 1524 4658 τίνα
1565 4601 1632 4677 ἦν
1679 4607 1715 4660 ἃ
1744 4610 1842 4677 τὴν

257 4686 484 4750 ἀγάπην
511 4685 729 4752 ἐποίησε
764 4686 863 4755 τὴν
893 4687 1157 4755 τοσαύτην
1185 4698 1228 4740 ε.
1262 4688 1390 4740 Τίνα
1421 4684 1514 4742 οὖν
1534 4684 1602 4760 ἦν
1629 4690 1797 4743 ταῦτα
1821 4709 1838 4758 ;

270 4767 479 4835 Ἀφῆκε
505 4767 737 4839 πατέρα,
770 4771 864 4822 καὶ
891 4771 1091 4831 πλοῖον,
1116 4773 1209 4823 καὶ
1235 4771 1466 4835 δίκτυον,
1499 4775 1592 4826 καὶ
1613 4774 1838 4843 ἠκολού-

258 4849 394 4920 θησε
428 4851 507 4920 τῷ
559 4853 754 4920 Ἰησοῦ.
792 4852 951 4905 Ἀλλά
987 4853 1143 4907 τοῦτο
1175 4855 1352 4908 κοινὸν
1384 4857 1531 4927 αὐτῴ
1577 4859 1671 4910 καὶ
1703 4860 1839 4928 πρὸς

255 4934 350 4984 τὸν
380 4933 605 5001 ἀδελφὺν
639 4930 728 5004 ἦν,
759 4936 852 4987 καλ⁵
885 4937 1021 5007 πρὸς
1066 4937 1271 5008 Πέτρον
1306 4929 1398 4990 καὶ
1446 4939 1716 5009 Ἀνδρέαν,
1747 4941 1838 4993 καὶ⁹

258 5017 395 5086 πρὸς
417 5019 544 5079 τοῦς
570 5019 760 5082 ἄλλους
789 5020 897 5072 τῶν
927 5022 1258 5076 ἀποστόλων.
1291 5023 1354 5074 Τί
1381 5024 1445 5094 δὴ
1479 5021 1570 5077 οὖν
1603 5024 1664 5076 τὸ
1693 5025 1838 5091 ἐξαί-

258 5117 412 5168 ρετον
433 5096 520 5169 ἦν,
551 5101 580 5153 ὃ
605 5103 802 5172 πολλὴν
830 5103 926 5174 τὴν
961 5105 1180 5174 ἀγάπην
1216 5105 1498 5176 ἐποίησεν;
1533 5106 1702 5170 Αὐτὸς
1735 5107 1835 5178 μὲν

256 5184 368 5252 γὰρ
418 5184 545 5253 περὶ
594 5185 784 5237 ἑαυτοῦ
832 5186 982 5239 οὐδὲν
1030 5187 1268 5240 τοιοῦτόν
1309 5205 1489 5259 φησιν,
1535 5189 1650 5242 ἀλλ’
1690 5189 1832 5260 ἢότι

253 5267 507 5334 ἠγαπᾶτο
533 5267 716 5336 μόνον·
742 5270 809 5323 τά
829 5270 884 5322 δὲ
911 5270 1310 5342 κατορθώματα
1335 5273 1521 5339 αὐτοῦ,
1554 5275 1620 5326 δι’
1643 5273 1680 5328 ἃ
1705 5277 1835 5345 ἠγα-

254 5352 416 5411 πᾶτο,
453 5349 808 5422 ἀπεσιώπησε
856 5354 1178 5423 μετριάζων.
1223 5355 1344 5408 Ὄτι
1388 5357 1495 5428 γὰρ
1541 5359 1702 5411 αὐτὸν
1746 5362 1834 5426 ἐξ·

253 5431 471 5500 αἱρετόν
503 5450 623 5486 τινα
656 5436 878 5505 ἀγάπην
916 5436 1190 5505 ἠγάπησε,
1228 5439 1388 5492 παντί
1423 5457 1523 5492 που
1551 5441 1708 5510 δῆλον
1741 5439 1828 5513 ἦν·

252 5513 371 5566 ἀλλ’
403 5516 552 5584 ὅμως
589 5517 709 5569 οὐδὲ
738 5517 1133 5588 διαλεγόμενος,
1164 5520 1284 5573 οὐδὲ
1330 5523 1548 5592 ἐρωτῶν
1580 5525 1829 5591 φαίνεται

253 5598 376 5649 κατ’
422 5597 558 5650 ἰδίαν
602 5601 782 5665 αὐτὸν,
844 5603 1026 5667 καθὼς
1071 5606 1277 5676 Πέτρος
1324 5604 1602 5672 πολλάκις,
1650 5608 1830 5672 καθὼς

247 5680 540 5745 Φίλιππος.
588 5684 772 5748 καθὼς
821 5686 1022 5751 Ἰούδας
1061 5690 1152 5741 καὶ
1203 5687 1425 5758 Θωμᾶς·
1469 5689 1585 5742 ἀλλ’
1619 5692 1709 5744 ὅτε
1752 5694 1827 5760 τῷ

248 5765 642 5837 συναποστόλῳ
697 5767 1026 5838 χαρίσασθαι
1075 5771 1171 5824 καὶ
1222 5771 1529 5825 ὑπακοῦσαι
1573 5773 1823 5846 ἠθέλησε,

243 5849 372 5899 τότε
413 5850 576 5918 μόνον
602 5850 653 5904 ά.
686 5853 813 5904 Ὀτε
845 5853 954 5924 γάρ
978 5856 1006 5906 ὁ
1034 5857 1325 5924 κορυφαῖος
1358 5858 1521 5910 αὐτὸν
1547 5860 1822 5928 ἠνάγκασε

244 5931 360 5982 τῶν
396 5934 712 5988 ἀποστόλων
760 5939 972 6001 νεύσας,
1003 5938 1120 5990 τότε
1151 5939 1449 6009 ⁴ηρώτησεν·
1484 5942 1682 6014 πολλὴν
1713 5943 1820 6016 γάρ
1866 5974 1891 5999 τι

308 6039 336 6065 ⁸
363 6036 536 6086 Morel.
564 6039 772 6100 ἀγαγών.
822 6040 851 6080 δ
876 6040 1027 6090 Morel
1051 6041 1193 6092 τοῦτο

286 6046 536 6112 .‘I‘lorel.
562 6046 772 6116 ἀγαγώχ.
822 6046 851 6080 δ
876 6046 1027 6116 Πρτςι
1051 6046 1193 6116 τοῦτο
1227 6046 1328 6116 pi»:
1422 6047 1590 6116 More].
1613 6052 1698 6109 τήν
1719 6055 1824 6116 περὶ

244 6112 392 6146 mw
426 6116 683 6158 τοσαντην.

721 6101 828 6150 Ιοι
867 6105 947 6153 IIII
975 6101 1240 6161 ἠκολούθειξ
1303 6105 1330 6146 ἀ
1355 6112 1453 6158 Ani
1485 6110 1627 6160 τοῦτο
1661 6101 1819 6168 μόνον.

1261 485 1330 539 ΙΝ
1369 482 1682 541 JOANNEM
1725 479 1954 536 HOMIL.
1997 479 2234 537 XXXIII.
2276 480 2345 537 al.
2388 481 2606 540 XXXII.

3435 484 3542 541 I92

1980 593 2123 653 οὗτοι
2166 601 2302 671 πρὸς
2332 602 2593 674 ἀλλήλους
2635 600 2780 674 εἶχον
2807 603 3049 674 ἀγάπην.
3078 601 3237 656 Οὕτω
3279 593 3410 671 γοῦν
3461 609 3558 661 καὶ

1975 684 2070 737 ἐπὶ
2105 685 2164 737 τὸ
2194 686 2336 755 ἱερὸν
2369 686 2506 757 ὁμοῦ
2548 687 2823 754 φαίνονται
2865 686 3244 749 ἀναϐαίνοντες
3277 686 3370 738 καὶ
3401 687 3554 756 κοινῇ

1973 762 2426 835 δημηγοροῦντες.
2454 769 2646 820 Καίτοι
2674 784 2737 834 γε
2767 770 2794 820 6
2829 768 3032 838 Πέτρος
3060 766 3387 836 θερμότερον
3420 765 3555 818 πολ-

1972 841 2136 914 λαχοῦ
2171 856 2195 882 ε
2230 846 2324 898 καὶ
2356 849 2585 900 κινεῖται
2617 847 2709 900 καὶ
2739 845 3050 915 φθέγγεται·
3084 847 3179 900 καὶ
3207 845 3343 916 πρὸς
3369 846 3448 915 τῷ
3472 846 3557 899 τέ-

1971 921 2053 974 λει
2093 924 2148 976 δὲ
2186 925 2372 978 ἀκούει
2410 926 2503 979 τοῦ
2540 926 2776 996 Χριστοῦ
2809 926 3075 992 λέγοντος·
3111 925 3312 993 Πέτρε,
3355 927 3555 994 φιλεῖς

1968 1020 2046 1070 με
2074 1002 2264 1056 πλέον
2290 1005 2548 1067 τούτων;
2589 1005 2646 1056 '0
2676 1005 2732 1057 δὲ
2755 1004 2913 1057 πλέον
2937 1003 3142 1058 τούτων
3175 1003 3426 1072 ἀγαπῶν,
3459 1005 3555 1058 εῦ-

1973 1082 2130 1150 δηλον
2159 1085 2240 1136 ὅτι
2273 1085 2366 1137 καὶ
2400 1086 2672 1152 ἠγαπᾶτο.
2714 1085 2874 1138 Ἀλλά
2897 1084 3052 1138 τοῦτο
3081 1083 3180 1154 μὲν
3205 1085 3270 1136 ἐκ
3298 1084 3392 1137 τοῦ
3426 1087 3557 1155 ἀγα·

1971 1163 2078 1228 πᾷν
2114 1162 2201 1214 τὸν
2253 1163 2483 1232 Ἰησοῦν,
2526 1164 2701 1217 ἐκεῖνο
2737 1164 2792 1217 δὲ
2832 1163 3025 1238 ἐκγγτοῦ
3052 1164 3368 1231 ἀγαπᾶσθαι
3400 1168 3553 1238 παρὰ

1967 1237 2062 1291 τοῦ
2097 1239 2272 1310 Ἰησοῦ
2299 1241 2454 1310 δῆλον
2498 1244 2734 1310 ἐγένετο.
2769 1243 2833 1295 Τί
2872 1237 2965 1295 οὖν
3001 1244 3168 1308 ἐστιν,
3213 1243 3241 1294 ὂ
3268 1245 3366 1313 τὴν
3399 1237 3550 1317 [194]

1968 1317 2242 1388 ἐξαίρετον
2271 1321 2490 1391 ἀγάπην
2520 1323 2806 1392 ἐποίησεν;
2851 1322 3004 1392 Ἐμοὶ
3047 1323 3194 1375 δοκεῖ
3229 1323 3430 1394 πολλὴν
3459 1325 3550 1376 τὸν

1967 1400 2134 1468 ἄνδρα
2176 1399 2477 1453 ἐπιείκειαν
2519 1401 2919 1455 ἐπιδείκνυσθαι
2961 1401 3053 1453 καὶ
3086 1403 3390 1474 πραότητα·
3440 1404 3552 1458 διό-

1967 1497 2072 1546 περ
2094 1479 2213 1532 οὐδὲ
2243 1481 2753 1552 παρρησιαζόμενος
2786 1479 3050 1548 πολλαχοῦ
3085 1481 3350 1550 φαίνεται.
3377 1483 3550 1536 Τοῦτο

1964 1559 2021 1612 δὲ
2046 1561 2231 1628 ἡλίκον
2252 1563 2418 1622 ἐστὶν,
2444 1564 2538 1615 καὶ
2558 1562 2664 1616 ἀπὸ
2684 1560 2780 1616 τοῦ
2800 1561 3077 1622 Μωῡσέως
3097 1560 3275 1631 δῆλον.
3311 1563 3419 1616 Καὶ
3439 1563 3548 1634 γὰρ
3655 1569 3658 1572 ’

1963 1638 2170 1691 ἐκεῖνον
2197 1639 2446 1694 τοσοῦτον
2479 1642 2572 1694 καὶ
2603 1640 2919 1712 τηλικοῦτον
2950 1638 3107 1694 τοῦτο
3127 1640 3439 1711 εἰργάσατο.

2035 1718 2198 1771 Οὐδὲν
2245 1720 2351 1792 γὰρ
2393 1719 2890 1790 ταπεινοφροσύνης
2932 1720 3065 1773 ἴσον.
3107 1720 3206 1773 Διά
3234 1719 3394 1773 τοῦτο
3436 1719 3547 1773 τῶν

1967 1797 2333 1866 μακαρισμῶν
2357 1798 2604 1852 ἐντεῦθεν
2629 1797 2831 1870 ἤρξατο
2864 1800 2892 1851 6
2924 1797 3178 1868 Χριστός.
3204 1797 3413 1865 Ὥσπερ
3437 1800 3546 1869 γάρ

1963 1891 2084 1927 τινα
2120 1875 2363 1945 θεμέλιον
2400 1878 2494 1930 καὶ
2523 1877 2760 1949 κρηπῖδα
2794 1877 3053 1947 μεγίστης
3074 1875 3358 1946 οἰκοδομῆς
3380 1895 3547 1931 κατα·

1963 1953 2250 2009 ϐάλλεσθαι
2273 1957 2293 1994 τ
2331 1956 2557 2026 μέλλων,
2592 1955 2732 2009 οὕτω
2755 1956 2854 2027 τὴν
2877 1955 3372 2028 ταπεινοφροσύνην
3401 1957 3546 2028 πρώ-

1960 2048 2059 2101 την
2090 2033 2304 2102 ἐθηκεν.
2337 2036 2411 2087 Οὐ
2437 2035 2544 2103 γὰρ
2575 2035 2742 2089 ἔστιν.
2765 2035 2863 2088 οὐκ
2893 2034 3037 2087 ἐστιν
3073 2033 3278 2104 ταύτης
3307 2033 3543 2102 σωθῆναι

1961 2113 2148 2182 χωρίς·
2179 2113 2310 2165 ἀλλὰ
2342 2112 2443 2166 κάν
2463 2112 2694 2185 νηῖστεύῃ
2729 2130 2832 2175 τις,
2863 2112 2965 2165 κᾶν
2986 2111 3232 2182 εὔχηται,
3266 2114 3367 2166 κᾶν
3393 2114 3541 2184 ἐλεη.

1963 2191 2198 2260 μοσύνην
2225 2195 2347 2260 ποιῇ
2386 2192 2524 2262 μετά
2548 2191 2822 2255 ἀπονοίας.
2855 2191 3113 2260 βδελυκτά
3144 2193 3320 2246 πάντα
3348 2194 3394 2254 ε,
3419 2193 3542 2247 ταύ-

1960 2288 2059 2341 της
2095 2271 2168 2342 μὴ
2193 2272 2472 2343 παρούσης
2493 2291 2506 2303 ·
2539 2272 2727 2342 ῶσπερ
2759 2267 2851 2324 οῦν
2873 2272 3093 2326 ποθεινὰ
3121 2274 3213 2325 καὶ
3241 2274 3540 2342 ἐπέραστα.

1962 2349 2268 2420 παρούσης,
2300 2351 2395 2403 καὶ
2441 2351 2577 2420 μετὰ
2615 2351 2914 2419 ἀσφαλείας
2956 2351 3131 2404 πάντα
3158 2351 3386 2418 γίνεται.
3427 2354 3542 2406 Με-

1959 2428 2268 2500 τριάζωμεν
2297 2430 2496 2494 τοίνυν,
2533 2430 2822 2498 ἀγαπητοὶ,
2859 2430 3256 2500 μετριάζωμεν.
3292 2431 3399 2482 Καὶ
3430 2430 3539 2500 γάρ

1961 2509 2163 2579 σφόδρα
2193 2511 2372 2581 ρᾲδιον
2417 2508 2478 2561 τὸ
2517 2509 2866 2578 κατόρθωμα,
2905 2509 3000 2562 ἐὰν
3029 2509 3306 2578 νήφωμεν.
3336 2510 3400 2561 Τί
3429 2511 3539 2580 γάρ

1957 2585 2093 2648 ὅλως
2125 2587 2242 2638 ἐστὶ
2284 2587 2344 2639 τὸ
2391 2587 2525 2657 πρὸς
2558 2585 2814 2638 ἁπόνοιάν
2865 2603 2924 2638 σε
2971 2587 3218 2654 ἐπαῖρον,
3244 2585 3535 2656 ἄνθρωπες

1958 2661 2071 2729 Οὐχ
2118 2663 2248 2732 ὁρᾷς
2285 2664 2343 2715 τὸ
2368 2665 2468 2728 τῆς
2502 2663 2717 2730 φύσεως
2748 2663 2997 2726 εὐτελές;
3033 2663 3133 2732 τῆς
3169 2664 3538 2735 προαιρέσεως

1956 2739 2016 2792 τὸ
2038 2739 2344 2807 εὐόλισθον;
2383 2741 2663 2809 Ἐννόησον
2696 2742 2894 2794 σαυτοῦ
2927 2741 3023 2810 τὴν
3047 2741 3321 2811 τελευτήν·
3354 2742 3539 2812 ἐννόη-

1957 2833 2049 2870 σον
2080 2818 2187 2869 τῶν
2223 2820 2636 2890 ἁμαρτημάτων
2668 2819 2730 2872 τὸ
2760 2819 2982 2888 πλῆθος.
3039 2819 3176 2872 Ἀλλ’
3203 2821 3333 2883 ἴσως
3367 2819 3544 2872 πολλά

1955 2895 2235 2965 κατορθῶν
2270 2897 2409 2965 μέγα
2441 2900 2689 2967 φρονεῖςς
2720 2897 2880 2966 Αὐτῷ
2921 2898 3018 2967 μὲν
3047 2895 3141 2950 οὖν
3179 2897 3350 2967 τούτῳ
3395 2899 3534 2950 πάν-

1953 2989 2021 3024 τα
2052 2975 2077 3012 h
2109 2975 2350 3037 ἀπολεῖς.
2395 2975 2594 3045 Διόπερ
2620 2978 2717 3046 οὐχ
2751 2975 2892 3029 οὕτω
2920 2977 3009 3029 τὸν
3036 2976 3436 3046 ἁμαρτάνοντα,
3460 2974 3535 3038 ὡς

1958 3053 2048 3106 τὸν
2081 3055 2448 3123 κατορθοῦντα
2479 3056 2798 3121 σπουδάζειν
2831 3057 2937 3127 χρὴ
2973 3056 3304 3128 μετριάζειν.
3345 3055 3410 3108 Τί
3441 3055 3535 3125 δή-

1957 3149 2084 3184 ποτε
2109 3150 2123 3194 ;
2155 3133 2276 3185 ’Ότι
2306 3135 2335 3186 ὀ
2362 3135 2459 3203 μὲν
2489 3135 2598 3206 ἔχει
2624 3135 2722 3206 τὴν
2758 3137 3004 3207 ἀνάγκην
3033 3134 3125 3188 τοῦ
3157 3134 3476 3197 συνειδότος·
3507 3135 3536 3186 6

1952 3210 2008 3263 δὲ
2052 3211 2116 3264 ἂν
2164 3212 2238 3282 μὴ
2286 3213 2488 3283 σφόδρα
2532 3215 2707 3284 νήφῃ,
2743 3215 2970 3284 ταχέως,
3015 3213 3203 3286 ῶσπερ
3250 3213 3354 3266 ὐπό
3389 3229 3532 3275 τινος

1953 3291 2260 3361 πνεύματος
2287 3292 2724 3361 ἀναρριπισθεὶς,
2757 3291 2968 3363 αἴρεταί
2995 3309 3054 3345 τε
3082 3293 3176 3345 καὶ
3213 3291 3532 3361 ἀφανίζεται

1951 3365 2200 3438 καθάπερ
2232 3368 2260 3419 6
2285 3367 2594 3436 Φαρισαῖος.
2642 3368 2801 3420 Ἀλλά
2833 3368 3028 3438 πένησι
3055 3367 3348 3438 παρέχεις;
3394 3367 3531 3420 Ἀλλ’

1949 3447 2012 3500 οὐ
2039 3445 2107 3498 τὰ
2144 3447 2231 3508 σά,
2268 3446 2402 3499 ἀλλὰ
2430 3447 2497 3499 τὰ
2535 3447 2626 3500 τοῦ
2663 3449 2953 3513 Δεσπότου,
2988 3447 3057 3500 τὰ
3085 3449 3239 3500 κοινά
3267 3446 3376 3500 τῶν
3402 3449 3532 3519 ὁμο-

1950 3523 2170 3578 δούλων.
2199 3525 2309 3577 Καὶ
2331 3524 2419 3577 διὰ
2447 3521 2603 3577 τοῦτο
2636 3525 2871 3595 μάλιστα
2898 3524 3284 3580 ταπεινοῦσθαι
3314 3523 3442 3595 χρὴ.
3473 3527 3532 3577 ἐν

1948 3607 2067 3667 ταῖς
2097 3605 2204 3657 τῶν
2229 3602 2504 3674 ὁμογενῶν
2529 3606 2835 3674 συμφοραῖς
2865 3605 2934 3656 τὰ
2962 3603 3156 3656 ἑαυτοῦ
3190 3603 3528 3674 προορῶντα,

1950 3685 2042 3738 καὶ
2072 3684 2172 3754 τὴν
2195 3683 2398 3736 οἰκείαν
2436 3681 2595 3751 φύσιν
2623 3685 2681 3735 ἐν
2707 3682 2935 3746 ἐκείνοις
2977 3682 3338 3753 μανθάνοντα.
3367 3683 3531 3744 Ἴσως

1947 3764 2044 3817 καὶ
2087 3765 2248 3833 ἡμεῖς
2288 3761 2542 3816 τοιούτων
2589 3756 2731 3833 ἦμεν
2770 3763 3068 3831 προγόνων.
3109 3761 3172 3815 Et
3203 3761 3260 3814 δὲ
3294 3761 3529 3832 μετέστη

1947 3843 2081 3915 πρὸς
2113 3843 2258 3912 ἡμᾶς
2278 3843 2308 3894 6
2340 3841 2589 3903 πλοῦτος,
2623 3841 2736 3893 ἀλλ’
2767 3841 2949 3903 είκὺςί
2987 3841 3149 3894 αὐτὸν
3175 3840 3269 3894 καὶ
3301 3840 3527 3895 καταλι-

1948 3926 2070 3978 πεῖν
2115 3921 2278 3975 πάλιν
2322 3921 2487 3991 ἡμᾶς.
2525 3920 2589 3972 Τί
2621 3920 2679 3972 δὲ
2706 3920 2842 3983 ὅλως
2883 3920 2975 3974 καὶ
3012 3922 3042 3974 6
3081 3919 3308 3984 πλοῦτός
3339 3922 3526 3988 tactv;

1947 4002 2083 4056 Σκιά
2123 3999 2375 4072 ἀδρανὴς,
2436 3999 2642 4062 καπνὸς
2686 3999 3055 4069 διαλυόμενος,
3099 3999 3260 4062 ἄνθος
3309 3999 3525 4071 χόρτου,

1949 4082 2147 4154 μᾶλλον
2177 4080 2232 4132 δέ
2259 4078 2352 4132 καὶ
2370 4077 2562 4141 ἄνθους
2583 4078 2978 4148 εὐτελέστερος.
3001 4079 3066 4132 Τί
3095 4075 3190 4132 οὖν
3221 4079 3316 4131 ἐπὶ
3348 4079 3527 4151 χόρτῳ

1949 4163 2094 4232 μέγα
2119 4160 2365 4230 φρονεῖς;
2403 4156 2538 4228 Οὐχὶ
2571 4158 2664 4210 καὶ
2697 4156 2920 4228 λῃσταῖς
2959 4158 3320 4230 παραγίνεται
3363 4158 3526 4211 πλοῦ-

1943 4257 2055 4302 τος,
2092 4240 2185 4292 καὶ
2240 4239 2520 4310 μαλακοῖς,
2554 4237 2647 4288 καὶ
2687 4238 2936 4308 πόρναις,
2966 4238 3062 4291 καὶ
3103 4236 3521 4308 τυμϐωρύχοις;

1945 4317 2116 4371 Τοῦτο
2145 4313 2236 4371 οῦν
2283 4334 2341 4370 σε
2382 4317 2620 4386 ἐπαίρει,
2648 4316 2730 4368 ὅτι
2758 4316 3030 4378 τοιούτους
3059 4316 3201 4386 ἔχεις
3233 4317 3526 4380 κοινωνοὺς

1944 4397 2036 4449 τοῦ
2069 4399 2384 4467 κτήματος;
2417 4394 2579 4448 Ἀλλά
2597 4395 2762 4465 τιμῆς
2789 4396 2957 4466 ὲρᾷς;
2999 4394 3137 4446 Ἀλλ’
3152 4394 3302 4448 οὐδὲν
3335 4398 3411 4460 είς
3444 4415 3522 4449 τι-

1947 4477 2052 4546 μῆς
2079 4476 2236 4544 λόγον
2260 4475 2382 4544 ἐλεη
2392 4477 2626 4544 μοσύνης
2655 4477 3104 4545 ἐπιτηδειότερον.
3147 4476 3381 4528 Ἐκεῖναι
3422 4477 3523 4546 μὲν

1943 4555 2053 4624 γὰρ
2078 4554 2594 4624 κατηναγκασμέναι
2623 4554 2760 4606 εἰσὶν
2801 4553 2896 4605 καὶ
2940 4554 3077 4623 μετά
3111 4553 3320 4622 μίσους,
3358 4555 3414 4606 αί
3439 4572 3522 4607 τι-

1945 4634 2046 4702 μαὶ
2074 4635 2129 4686 at
2163 4633 2256 4685 τοῦ
2295 4631 2524 4686 πλούτου
2560 4634 2653 4686 καὶ
2683 4633 2780 4702 τῆς
2812 4632 3150 4695 δυναστείας,
3186 4625 3346 4685 αὗται
3365 4633 3424 4686 δὲ
3458 4636 3522 4688 ἐκ

1942 4712 2314 4783 προαιρέσεως
2353 4711 2448 4764 καὶ
2477 4712 2584 4764 ἀπὸ
2613 4710 2909 4774 συνειδότος
2930 4711 3038 4764 τῶν
3070 4710 3372 4782 τιμώντων.
3401 4715 3522 4767 Διό-

1941 4807 2048 4860 περ
2076 4790 2195 4843 οὐδὲ
2224 4790 2504 4844 ἐκϐάλλειν
2536 4791 2703 4852 αὐτὰς
2731 4790 2980 4843 δύνανταί
3005 4807 3132 4844 ποτε
3161 4793 3209 4842 οἱ
3230 4791 3518 4863 τιμῶντες.

1939 4870 2003 4922 Εἰ
2026 4869 2081 4922 δὲ
2101 4869 2197 4922 ἄνθ
2207 4886 2377 4941 ρωποι
2400 4868 2662 4938 τοσαύτην
2683 4869 2782 4938 τῆς
2800 4867 3166 4938 ἐλεημοσύνης
3187 4869 3518 4940 ἀπονέμουσι

1939 4950 2038 5020 τὴν
2079 4947 2230 5006 αίδὼ,
2268 4950 2360 5001 καὶ
2389 4950 2561 5003 πάντα
2602 4947 2782 5011 αὐτοῖς
2823 4947 3170 5018 συνεύχονται
3214 4949 3282 5001 τά
3316 4949 3514 5018 ἀγαθὰ.

1938 5027 2190 5098 ἐννόησον
2217 5027 2454 5096 πηλίκην
2476 5026 2625 5096 παρὰ
2649 5027 2741 5079 τοῦ
2764 5026 3146 5097 φιλανθρώπου
3170 5027 3303 5081 Θεοῦ
3329 5028 3518 5098 λήψον-

1937 5123 2025 5160 ται
2057 5106 2153 5176 τὴν
2182 5106 2469 5162 ἀντίδοσιν,
2509 5106 2626 5158 οἵαν
2657 5104 2756 5175 τὴν
2793 5105 3044 5176 ἀμοιϐήν.
3091 5106 3290 5160 Τοῦτον
3334 5109 3514 5160 τοίνυν

1936 5186 2185 5255 ζητῶμεν
2210 5186 2299 5238 τὸν
2331 5186 2580 5247 πλοῦτον,
2608 5184 2698 5238 τὸν
2723 5184 2809 5237 ἀεὶ
2842 5185 3086 5254 μένοντα,
3119 5187 3213 5239 καὶ
3247 5188 3507 5259 μηδέποτε

1935 5265 2354 5334 δραπετεύοντα·
2389 5265 2476 5317 ῖνα
2503 5265 2595 5318 καὶ
2628 5264 2860 5318 ἐνταῦθα
2902 5266 3125 5335 μεγάλοι
3155 5267 3250 5320 καὶ
3279 5269 3394 5319 ἐκεῖ
3419 5283 3513 5334 γε-

1934 5345 2150 5412 νόμενοι
2179 5343 2443 5414 λαμπροὶ,
2484 5343 2593 5396 τῶν
2624 5344 2856 5398 αἰωνίων
2895 5345 3237 5416 ἐπιτύχωμεν
3267 5345 3505 5412 ἀγαθῶν,

1931 5425 2113 5493 χάριτι
2168 5424 2260 5475 καὶ
2312 5422 2687 5494 φιλανθρωπίᾳ
2731 5422 2823 5475 τοῦ
2866 5425 3072 5493 Κυρίου
3123 5423 3278 5494 ἡμῶν
3335 5424 3506 5494 Ἰησοῦ

1931 5498 2186 5570 Χριστοῦ,
2238 5500 2356 5569 μεθ’
2406 5518 2467 5553 ου
2513 5499 2590 5569 τῷ
2631 5500 2806 5571 Πατρὶ
2850 5503 2883 5572 ἠ
2916 5502 3059 5565 δόξα.
3099 5503 3214 5573 ἅμα
3253 5501 3329 5572 τῷ
3367 5505 3506 5576 ἁγίῳ

1932 5576 2227 5648 Πνεύματι,
2255 5579 2350 5632 νῦν
2380 5581 2473 5632 καὶ
2501 5579 2589 5632 ἀεὶ
2625 5579 2720 5632 καὶ
2740 5581 2820 5642 εἰς
2845 5579 2968 5642 τοὺς
3007 5580 3206 5644 αἰῶνας
3234 5582 3342 5636 τῶν
3371 5583 3496 5638 αίώ.

1933 5673 2059 5711 νων.
2107 5656 2298 5728 Ἀμήν.

2006 5868 2046 5937 Ἀ
2057 5865 2226 5937 Morel.
2237 5864 2510 5937 faﬁalgﬁ:
2580 5862 2746 5937 [Alii-
2755 5864 2982 5937 μεγίστην
2998 5865 3267 5937 ,οῖκοδομῇς
3293 5867 3502 5937 καταϐα-

1939 5927 2102 5993 λέσθαι
2168 5929 2212 5993 ⁸κ
2237 5927 2836 5993 83νί1.’βδελυκτὰ-ταῦταξ
2895 5929 2925 5966 Ιι
2951 5927 3050 5993 {ﬁlii
3088 5927 3265 5993 φρονεῖς
3297 5931 3497 5993 σεαυτῷ.

1941 5989 2108 6052 Τούτῳ
2133 5989 2232 6050 μὲν,
2257 5989 2417 6052 τούτῳή
2433 5991 2603 6052 πάντα.
2638 5990 2793 6040 Paulo
2825 5995 2938 6050 post
2961 5989 3132 6039 More]:
3160 5992 3503 6052 ἁμαρτάνοντα,

1945 6049 2091 6096 ςενιί
2137 6049 2427 6119 amem.
2498 6052 2510 6087 i
2545 6049 3204 6119 ’A)_1’_elxg’¢_nt_p!urimum
3243 6049 3502 6113 signiﬁcat,

1943 6119 2025 6157 seu
2048 6110 2292 6173 ,‘orlussis,
2318 6113 2395 6160 hic
2418 6125 2536 6159 vero
2557 6113 2641 6161 sed
2664 6110 2793 6162 haud
2815 6110 2976 6163 duoié.
