4100 6364
555 441 655 495 135

1349 433 1406 489 S.
1442 432 1727 489 JOANNIS
1763 429 2253 487 CIIRYSOSTUMI
2298 432 2618 487 ARCHIEP.
2661 432 3208 489 CONSTANTINOP.

3728 428 3823 484 ιοι

1913 647 2063 719 [1951,
2089 647 2335 701 ΟΜΙΛΙΑ
2376 648 2495 700 AA“.

593 746 640 782 ’Δ
655 745 847 782 Μενοιτι-
866 740 979 782 ηπ...
1015 744 1129 782 9;“:-
1160 744 1374 782 ὑδρίαν
1406 744 1597 782 ητότοῖιη
1635 746 1674 782 ὦ
1704 744 1859 782 ηουνῶ
1915 742 2010 782 νη)
2045 742 2161 782 δτ-

600 745 847 816 Ἆερῆκεν
866 742 979 800 οὖν
1015 744 1129 811 τὴν
1160 744 1374 811 ὑδρίαν
1405 744 1597 810 αὑτῆς
1635 746 1674 811 ἡ
1704 744 1881 813 γυνὴ,
1915 742 2010 795 καὶ
2045 742 2157 795 ἀπ-

652 816 838 885 ῆλθεν
856 819 942 882 είς
970 815 1083 881 τὴν
1108 815 1305 877 πόλιν,
1338 815 1435 867 καὶ
1467 816 1630 882 λέγει
1656 815 1779 885 τρῖς
1806 812 2157 885 ἀνθρώποις·

658 882 684 939 ι’
722 886 918 947 Δεῦτε,
969 885 1123 938 ίδετε
1166 886 1498 953 ἀνθρώ-πον,
1550 885 1617 950 ὃς
1654 882 1784 938 εἶπέ
1820 901 1919 951 μοι
1968 882 2164 934 πάντα

654 959 770 1011 ὅσα
800 956 1078 1022 ἐποίησα·
1108 954 1251 1024 μήτι
1275 951 1284 953 ⁷
1307 951 1483 1019 οὗτός
1529 956 1701 1008 ἐστιν
1741 959 1773 1009 ό
1800 953 2091 1021 Χριστός;
2138 969 2157 1002 ι

651 1048 719 1095 a’.
757 1040 963 1108 Πολλῆς
988 1040 1119 1109 ἡμῖν
1146 1038 1477 1109 θερμότητος
1505 1039 1583 1091 δεῖ
1604 1041 1694 1091 καὶ
1719 1038 1953 1107 σπουδῆς
1982 1036 2165 1106 διεγη-

578 1122 870 1195 γερμένηςο
887 1121 1089 1192 ταύτης
1112 1122 1220 1192 γὰρ
1240 1124 1367 1176 ἄνευ
1392 1122 1490 1175 οὑκ
1520 1122 1690 1175 ἐνεστι
1714 1130 1732 1151 ⁸
1750 1124 1929 1190 τυχεῖν
1948 1120 2055 1171 τῶν
2076 1120 2165 1171 ἐπ-

576 1207 927 1277 ηγγελμένων
942 1207 1070 1276 ἡμῖν
1092 1205 1333 1273 ἀγαθῶν.
1353 1206 1462 1258 Καὶ
1482 1205 1639 1259 τοῦτο
1655 1205 1868 1267 δεικνὺς
1884 1206 1912 1256 6
1930 1204 1971 1255 Χ
1984 1202 2165 1271 ριστός

582 1307 732 1359 φησι,
767 1290 861 1343 νῦν
906 1290 1026 1360 μέν·
1072 1290 1213 1342 Ἐὰν
1232 1290 1316 1359 μή
1352 1307 1441 1355 τις
1471 1290 1582 1357 ἄρῃ
1622 1289 1731 1343 τὸν
1763 1288 2029 1355 σταυρὸν
2057 1286 2163 1338 αὑ-

583 1368 686 1427 τοῦ
717 1373 813 1425 καὶ
846 1373 1242 1441 ἀκολουθήσῃ
1262 1391 1382 1442 μοι,
1414 1376 1523 1426 οὑκ
1546 1374 1677 1426 ἔστι
1699 1390 1819 1441 μου
1846 1372 2035 1436 ἄξιος
2068 1370 2161 1423 νῦν

580 1456 654 1517 δέ,
684 1458 805 1524 Πῦρ
828 1452 1027 1525 ’ἦλθον
1042 1457 1263 1521 βαλεῖν
1300 1458 1399 1510 ἐπὶ
1432 1457 1547 1523 τὴν
1576 1456 1712 1527 γῆν,
1742 1456 1839 1509 καὶ
1863 1456 1919 1508 τί
1940 1453 2163 1523 ἤθελον

505 1546 513 1555 ’
580 1546 631 1596 εί
670 1543 784 1611 ἤδη
825 1544 1064 1612 ἀνήφθη
1090 1562 1108 1608 ;
1136 1543 1202 1597 δι’
1231 1546 1556 1615 ἀμφοτέρων
1585 1544 1789 1597 τούτων
1832 1542 1924 1596 τὸν
1962 1541 2160 1612 διακαῆ

580 1628 674 1680 καὶ
713 1627 1106 1697 πεπυρωμένον
1139 1627 1387 1697 μαθητὴν
1413 1630 1506 1680 καὶ
1536 1628 1673 1699 πρὸς
1709 1626 1890 1680 πάντα
1918 1624 2161 1679 κίνδυνον

580 1711 1091 1780 παρεσκευασμένον
1131 1712 1259 1779 ἡμῖν
1290 1710 1636 1781 παραστῆσαι
1671 1710 2011 1780 βουλόμενος.
2037 1712 2159 1764 To:-

578 1790 712 1864 αύτη
752 1810 832 1855 τις
868 1789 935 1863 ἦν
970 1794 1061 1845 καὶ
1097 1794 1232 1863 αῦτη
1267 1794 1299 1865 ὴ
1352 1796 1508 1863 γυνή.
1540 1792 1696 1845 Οὖτω
1747 1795 1854 1863 γὰρ
1901 1794 2006 1847 ὑπὸ
2051 1794 2160 1847 τῶν

577 1878 883 1945 εἰρημένων
918 1876 1153 1951 ἀνήφθη.
1196 1876 1270 1939 ὠς
1302 1877 1398 1929 καὶ
1444 1878 1543 1947 τὴν
1578 1876 1763 1947 ὑδρίαν
1802 1878 2039 1944 ἀφεῖναι,
2068 1878 2161 1931 καὶ

577 1959 672 2026 τὴν
706 1958 891 2028 χρείαν
920 1959 988 2012 δι’
1020 1964 1085 2028 ἢν
1113 1960 1467 2030 παρεγένετο,
1502 1960 1597 2013 καὶ
1625 1959 1939 2030 δραμοῦσαν
1959 1962 2039 2023 είς
2060 1962 2158 2031 τὴν

577 2042 748 2102 πόλιν,
792 2044 967 2095 πάντα
1008 2042 1096 2095 τὸν
1133 2043 1305 2112 δῆμον
1343 2043 1567 2096 ἑλκύσαι
1622 2043 1757 2114 πρὸς
1790 2043 1882 2096 τὸν
1924 2044 2153 2109 Ἰησοῦν.

586 2125 750 2179 Δεῦτε
784 2126 909 2196 7&9,
947 2125 1102 2195 φησὶ,
1135 2127 1233 2180 καὶ
1254 2126 1409 2179 ἴδετε
1443 2127 1778 2196 ἄνθρωπον,
1804 2125 1871 2192 ὃς
1907 2122 2036 2179 εἶπέ
2056 2144 2159 2195 μοι

581 2212 769 2264 πάντα
803 2212 919 2265 ὅσα
960 2212 1239 2278 ἐποίησα.
1294 2214 1494 2265 Σκόπει
1544 2213 1776 2284 σπουδὴν
1804 2214 1896 2266 καὶ
1922 2214 2154 2266 σύνεσιν·

576 2290 773 2349 ἾΙλθεν
809 2295 1185 2364 ὑδρεύσασθαι·
1230 2296 1324 2348 καὶ
1348 2295 1534 2366 ἐπειδὴ
1562 2296 1662 2363 τῆς
1690 2296 1951 2366 ἀληθινῆς
1976 2296 2157 2366 πηγῆς

577 2378 822 2449 ἐπέτυχε,
843 2381 1211 2451 κατεφρόνησε
1228 2378 1412 2432 λοὶπὸν
1423 2380 1521 2449 τῆς
1538 2379 1819 2448 αἰσθητῆς,
1834 2379 2083 2433 διδάσκου
2092 2398 2157 2433 σα

576 2463 741 2530 ἡμᾶς,
790 2465 839 2515 εί
876 2466 969 2519 καὶ
996 2464 1083 2517 διά
1128 2462 1322 2534 μικροῦ
1355 2462 1830 2533 παραδείγματος,
1863 2462 1976 2515 ἀλλ’
2011 2464 2158 2533 ὅμως

574 2544 631 2593 ἐν
657 2546 720 2614 τῇ
753 2545 860 2599 τῶν
904 2546 1293 2616 πνευματικῶν
1325 2546 1587 2616 ἀκροάσει
1627 2546 1846 2597 πάντων
1883 2547 2157 2616 ύπερορᾷν

572 2628 679 2680 τῶν
716 2628 1004 2698 βιωτικῶν,
1042 2632 1137 2684 καὶ
1170 2630 1373 2700 μηδένα
1407 2630 1564 2696 λόγον
1595 2629 1775 2682 αὐτῶν
1811 2631 2080 2682 ποιεῖσθαι
2102 2631 2149 2684 h.

574 2711 729 2764 Κατὰ
761 2712 868 2783 7&9
888 2716 986 2784 τὴν
1011 2713 1145 2766 ίδίαν
1161 2713 1412 2783 δύναμιν,
1436 2714 1533 2765 ὅπε
1543 2730 1573 2783 ρ
1592 2714 1639 2765 οι
1663 2712 1949 2765 ἀπόστολοι
1972 2714 2156 2783 ἐποίη-

573 2810 693 2857 σαν,
735 2797 829 2848 καὶ
862 2797 999 2866 αῦτη
1034 2798 1300 2867 πεποίηκε
1327 2798 1609 2866 μειζόνως.
1657 2797 1883 2849 Ἐκεῖνοι
1918 2797 2016 2866 μὲν
2048 2798 2153 2868 γὰρ

570 2880 619 2930 οἱ
660 2879 945 2948 κληθέντες
969 2880 1185 2949 ἀφῆκαν
1208 2879 1277 2932 τά
1306 2879 1518 2931 δίκτυα·
1557 2878 1692 2949 αὕτη
1723 2879 1778 2930 δέ
1808 2880 2151 2947 αὐτομάτως,

568 2961 780 3023 οὐδενὸς
811 2962 1298 3033 παραγγείλαντος,
1319 2962 1512 3033 ἀφίησι
1551 2962 1647 3033 τὴν
1678 2962 1863 3031 ὑδρίαν
1881 2961 1971 3015 καὶ
1992 2964 2154 3032 εὐαγ-

568 3044 832 3112 γελιστῶν
850 3045 1007 3116 ἔργον
1026 3048 1171 3097 ποιεῖ
1200 3045 1305 3097 ὑπὸ
1326 3047 1423 3116 τῆς
1446 3049 1617 3116 χαρᾶς
1636 3059 1657 3085 ε
1681 3046 2149 3117 ἀναπτερωθεῖσα.

570 3129 677 3180 Kal
709 3128 805 3197 ούχ
836 3128 931 3181 ἐνα
969 3128 1124 3181 καλεῖ
1160 3130 1253 3181 καὶ
1284 3128 1554 3200 δεύτερον,
1597 3128 1848 3201 καθάπερ
1899 3131 2153 3201 Ἀνδρέας

572 3211 663 3263 καὶ
686 3211 971 3273 Φίλιππος,
1010 3211 1144 3263 ἀλλά
1177 3211 1330 3262 πόλιν
1359 3212 1648 3284 ὁλόκληρον
1686 3213 2040 3284 ἀναστήσασα
2058 3215 2151 3267 καὶ

567 3294 737 3362 δῆμον
761 3293 1032 3356 τοσοῦτον,
1061 3294 1200 3347 οὕτω
1223 3294 1356 3364 πρὸς
1385 3294 1545 3347 αὐτὸν
1565 3296 1735 3366 ἤγαγε
1752 3297 1803 3348 (1.
1834 3296 1935 3349 Καὶ
1960 3296 2151 3350 σκόπει

568 3377 685 3439 πῶς
738 3376 974 3441 συνετῶς
1023 3376 1188 3445 λέγει.
1225 3377 1301 3432 Ού
1336 3379 1443 3449 γὰρ
1477 3373 1597 3432 εἷπε
1620 3418 1634 3440 ,
1674 3378 1857 3443 Δεῦτε,
1893 3381 2030 3434 ἴδετε
2058 3382 2149 3434 τὸν

566 3460 821 3531 Χριστὸν,
851 3460 987 3514 ἀλλά
1019 3461 1112 3513 καὶ
1151 3462 1287 3532 αὑτὴ
1325 3462 1462 3530 μετά
1506 3463 1993 3529 συγκαταεάσεως,
2031 3464 2148 3533 μεθ’

564 3538 631 3613 ἧς
670 3545 763 3597 καὶ
786 3547 813 3597 6
844 3545 1077 3613 Χριστὸς
1100 3544 1268 3612 αὐτὴν
1290 3546 1673 3615 ἐσαγήνευσεν,
1704 3547 2002 3600 ἐπισπᾶται
2023 3548 2149 3610 τοὺς

564 3626 780 3698 ἄνδρας.
804 3628 985 3681 Δεῦτε
1005 3628 1132 3696 γάρ,
1161 3627 1314 3680 ἴδετε
1344 3627 1677 3695 ἄνθρωπον,
1720 3630 1903 3698 φησὶν,
1931 3629 1998 3695 ὃς
2017 3628 2147 3685 εἶπέ

558 3732 659 3783 μοι
683 3714 880 3768 πάντα
916 3716 1034 3769 ὅσα
1059 3716 1341 3782 ἐποίησα.
1389 3715 1497 3767 Καὶ
1531 3715 1631 3767 οὐκ
1660 3715 1899 3786 ᾐσχύνθη
1936 3720 2143 3783 εἰπεῖν,

563 3798 644 3851 ὅτι
672 3796 818 3853 Εῖπέ
849 3817 950 3868 μοι
977 3798 1173 3852 πάντα
1210 3798 1327 3851 ὅσα
1363 3798 1643 3865 ἐποίησα.
1686 3800 1879 3852 Καίτοι
1918 3817 1978 3868 γε
2020 3803 2146 3872 ἐνῆν

562 3882 736 3934 εἰπεῖν
775 3882 995 3953 ἑτέρως’
1024 3880 1209 3941 Δεῦτε,
1246 3880 1381 3935 ίδετε
1410 3881 1841 3951 προφητεύοντα·
1876 3883 1990 3935 ἀλλ’
2018 3886 2145 3939 ὅταν

562 3965 790 4036 πυρωθῇ
821 3965 967 4035 ψυχὴ
997 3966 1075 4035 τῷ
1106 3966 1239 4036 πυρὶ
1266 3964 1345 4035 τῷ
1383 3964 1533 4035 θείῳ,
1582 3966 1717 4037 πρὸς
1751 3968 1903 4020 οὐδὲν
1936 3968 2044 4021 τῶν
2086 3971 2144 4022 ἐν

558 4051 626 4119 τῇ
662 4050 731 4118 γῇ
762 4048 944 4100 λοιπὸν
974 4048 1098 4118 ὁρᾷ,
1121 4049 1180 4100 οὐ
1223 4048 1359 4118 πρὸς
1389 4048 1570 4113 δόξαν,
1602 4050 1662 4101 οὐ
1696 4049 1831 4119 πρὸς
1859 4050 2140 4121 αἰσχύνην,

561 4132 675 4186 ἀλλ’
707 4132 822 4195 ἐνός
853 4134 967 4184 ἐστι
1005 4132 1185 4202 μόνου,
1221 4132 1320 4200 τῆς
1354 4133 1693 4202 κατεχούσης
1726 4134 1894 4203 αὐτὴν
1924 4134 2139 4203 φλογός.

560 4215 715 4282 Μήτι
746 4210 924 4279 οὗτός
957 4214 1130 4267 ἐστιν
1161 4217 1194 4268 ὀ
1232 4216 1523 4281 Χριστός;
1569 4215 1711 4286 ’Ὀρα
1745 4216 1907 4269 πάλιν
1950 4218 2140 4286 σοφίαν

560 4299 760 4368 πολλὴν
811 4299 1084 4366 γυναικός.
1154 4297 1290 4349 Οὔτε
1363 4298 1679 4367 ἀπεφήνατο
1734 4300 1959 4367 σαφῶς,
2017 4302 2139 4354 οὔτε

559 4381 834 4449 ἐσίγησεν.
883 4381 1164 4433 Ἐϐούλετο
1208 4382 1316 4451 γὰρ
1354 4381 1453 4433 οὐκ
1500 4384 1565 4433 ἐκ
1606 4382 1704 4452 τῆς
1750 4384 1955 4446 οἰκείας
2005 4387 2141 4437 ἀπο-

560 4464 776 4531 φάσεως
815 4463 1053 4531 εἰσάγειν
1083 4464 1299 4525 αὐτοὺς,
1336 4462 1452 4516 ἀλλ’
1482 4465 1547 4517 ἐκ
1566 4464 1664 4534 τῆς
1697 4466 2013 4535 ἀκροάσεως
2040 4468 2137 4537 τῆς

558 4548 765 4600 ἐκείνου
793 4548 891 4616 τῆς
918 4548 1096 4617 ψήφου
1126 4546 1326 4618 ταύτης
1356 4548 1579 4617 ποιῆσαι
1608 4549 1915 4612 κοινωνούς·
1949 4548 1977 4601 ὃ
2004 4552 2138 4618 μᾶλ-

556 4629 645 4683 λον
677 4630 1079 4700 εὑπαρόιδεκτον
1102 4630 1275 4683 ἐποίει
1304 4631 1395 4682 τὸν
1424 4631 1598 4698 λόγον.
1638 4631 1829 4685 Καίτοι
1858 4634 1919 4685 οὐ
1962 4634 2138 4687 πάντα

556 4716 726 4785 αὐτῆς
754 4714 842 4765 τὸν
876 4713 988 4783 βίον
1019 4713 1352 4784 ἐξήγγειλεν,
1372 4712 1529 4785 [196]
1564 4712 1699 4766 ἀλλὰ
1721 4714 1828 4768 ἀπὸ
1859 4716 1967 4768 τῶν
1993 4719 2136 4788 εἰρη-

560 4798 737 4867 μένων
763 4799 857 4850 καὶ
885 4798 1012 4867 περὶ
1037 4798 1140 4850 τῶν
1161 4797 1334 4850 ἄλλων
1370 4798 1679 4851 ἐπέπειστο.
1724 4799 1834 4851 Καὶ
1862 4801 1961 4852 οὐκ
1991 4796 2133 4869 εἷπε,

555 4880 745 4944 Δεῦτε,
773 4880 1120 4943 πιστεύσατε,
1148 4879 1302 4940 ἀλλά,
1328 4881 1525 4946 Δεῦτε,
1556 4879 1728 4937 ἴδετε.
1752 4881 1780 4933 ὃ
1800 4882 1988 4935 τούτου
2011 4901 2135 4937 κου-

556 4971 827 5041 φότερονο
855 4965 956 5040 ἦν,
1006 4971 1101 5022 καὶ
1155 4970 1354 5039 μᾶλλον
1393 4969 1590 5032 αὐτοὺς
1626 4970 1925 5037 ἐφείλκετο.
1982 4970 2135 5036 Εἶδες

552 5054 654 5122 τῆς
682 5053 938 5122 γυναικὸς
982 5054 1080 5123 τὴν
1110 5053 1302 5121 σοφίαν
1330 5071 1345 5119 ;
1379 5053 1532 5123 ’ῌδει
1559 5053 1668 5122 γάρ
1691 5094 1705 5117 ,
1745 5053 1860 5124 ᾔδει
1902 5055 2087 5122 σαφῶς
2114 5096 2128 5120 ,

552 5137 635 5189 ὅτι
662 5137 987 5205 γευσάμενοι
1038 5135 1196 5205 μόνον
1236 5135 1335 5204 τῆς
1370 5135 1552 5205 πηγῆς
1601 5135 1845 5202 ἐκείνης,
1886 5139 1953 5191 τά
1993 5138 2132 5192 αὐτὰ

554 5222 993 5291 πείσονταιᾶπερ
1021 5221 1114 5273 καὶ
1135 5220 1295 5288 αύτή.
1331 5219 1522 5272 Καίτοι
1546 5236 1608 5286 γε
1641 5218 1695 5271 εἴ
1718 5238 1801 5283 τις
1829 5220 1934 5273 τῶν
1956 5220 2131 5274 ἄλλων

550 5301 617 5376 ἦν
656 5304 764 5357 τῶν
791 5303 1132 5375 παχυτέρων,
1170 5303 1262 5354 καὶ
1289 5302 1640 5355 συνεσκίασεν
1665 5302 1730 5356 ἂν
1760 5304 1850 5356 τὸν
1874 5303 2093 5375 ἔλεγχον
2113 5322 2125 5335 ·

552 5392 692 5461 αὕτη
723 5392 781 5445 δὲ
829 5389 1171 5460 ἐκπομπεύει
1215 5389 1307 5442 τὸν
1349 5390 1545 5459 ἑαυτῆς
1582 5389 1691 5459 βίον
1723 5392 1815 5443 καὶ
1848 5394 1924 5454 είς
1966 5395 2129 5462 μέσον

552 5475 892 5545 προτίθησιν,
947 5473 1087 5525 ὥστε
1136 5472 1345 5536 πάντας
1376 5474 1781 5527 ἐπισπάσασθαι
1827 5476 1919 5527 καὶ
1966 5477 2125 5532 ἐλεῖν.

566 5563 661 5613 Ἐν
689 5561 757 5612 δὲ
781 5559 860 5624 τῷ
886 5557 1115 5628 μεταξὺ
1143 5556 1388 5624 ἠρώτων
1412 5558 1600 5611 αὐτὸν
1647 5561 1699 5611 οί
1737 5561 1995 5626 μαθηταὶ
2024 5564 2129 5615 αὑ-

550 5648 677 5711 τοῦ,
733 5648 1034 5718 λέγοντες·
1079 5647 1303 5711 Ῥαϐϐί,
1358 5646 1528 5715 φάγε.
1562 5647 1674 5706 Τὸ,
1722 5647 2007 5715 Ἠρώτων,
2039 5652 2126 5703 ὲν-

549 5730 723 5783 ταῦθα
756 5731 1105 5801 Παρεκάλουν
1137 5730 1288 5795 ἐστὶ,
1335 5733 1400 5800 τῇ
1442 5730 1690 5801 ἐγχωρίῳ
1728 5730 1906 5782 αὐτῶν
1951 5736 2123 5803 φωνῇ.

615 5878 638 5907 ⁸
666 5876 817 5924 Morel
863 5879 996 5926 οὐδέν
1022 5880 1141 5926 ἐστι.
1186 5878 1215 5917 ὶ)
1238 5878 1335 5927 Alii
1367 5878 1522 5925 αὐτῶν
1549 5878 1686 5939 ἐχειν.
1711 5878 1864 5927 Paulo
1889 5886 1997 5939 post
2022 5881 2126 5928 Μο-

548 5942 641 5985 τειι.
666 5940 897 6002 πεποίηκε
924 5941 1160 6002 μειζόνως.
1188 5940 1240 6002 Ιιι
1262 5940 1410 6002 ἓεγὶι.
1431 5940 1650 6002 μειζόνως
1672 5941 1718 5987 in
1743 5943 1960 6002 margine
1986 5946 2126 6000 poni-

548 6007 644 6064 ιιιιῖ.
715 6004 735 6029 ε
762 5998 830 6047 Ita
867 6007 1001 6064 regite
1024 6000 1182 6064 SaviL
1204 6000 1372 6064 Mare].
1394 5998 1510 6064 ὑπὲρ
1528 6006 1611 6059 τῆς
1632 5998 1872 6064 χάριτοςῖ
1900 6001 1927 6040 (ι
1948 5998 2121 6055 Morel.

544 6060 763 6121 ἠγάγετο.
836 6075 859 6101 θ
899 6061 1049 6109 Morel
1094 6061 1429 6125 φοϐερώτερον.

2281 741 2547 811 Ὀρῶντες
2579 742 2685 812 7&9
2711 741 2871 794 αὑτὸν
2898 759 3216 811 κεκμηκοτα
3259 741 3365 795 ὑπὸ
3409 743 3509 813 τῆς
3538 744 3838 813 ὁδοιπορίας

2268 828 2361 879 καὶ
2397 828 2496 895 τῆς
2524 826 2878 897 ἐπικειμένης
2914 826 3129 894 φλογὸς,
3163 825 3507 896 παρεκάλουν
3548 827 3732 881 αὐτόν.
3767 830 3839 880 Οὐ

2267 910 2375 979 γὰρ
2405 904 2472 979 ἦν
2503 910 2835 980 προπετείας
2870 910 2929 962 τὸ
2956 909 3161 962 δεῖσθαι
3195 910 3333 979 ὑπὲρ
3359 910 3565 971 σιτίων,
3589 910 3724 964 ἀλλά
3756 929 3841 979 φι-

2265 994 2583 1068 λοστοργίας
2606 996 2705 1063 τῆς
2726 995 2853 1065 περὶ
2880 992 2970 1046 τὸν
2991 994 3325 1048 διδάσκαλον.
3344 995 3407 1046 Τί
3424 990 3515 1049 οῦν
3531 998 3559 1049 6
3575 996 3836 1065 Χριστόςς

2278 1079 2419 1148 Ἐγὼ
2443 1080 2677 1147 βρῶσιν
2708 1080 2824 1146 ἔχω
2866 1078 3097 1148 φαγεῖν,
3146 1078 3225 1146 ἣν
3256 1079 3423 1149 ὑμεῖς
3463 1082 3573 1134 οὐκ
3614 1081 3832 1135 οἴδατε.

2269 1165 2519 1231 Ἔλεγον
2549 1159 2663 1216 οὖν
2695 1163 2842 1229 πρὸς
2889 1162 3233 1229 ἀλλήλους·
3279 1162 3375 1232 Μή
3435 1180 3525 1229 τις
3580 1162 3835 1231 ἤνεγκεν

2264 1246 2423 1311 αὑτῷ
2458 1246 2703 1315 φαγεῖν;
2740 1246 2803 1297 Τί
2831 1248 3009 1299 τοίνυν
3044 1246 3340 1316 θαυμάζεις
3375 1249 3422 1299 εί
3447 1251 3478 1317 ή
3507 1250 3663 1319 γυνὴ,
3688 1247 3832 1318 ὓδωρ

2264 1329 2563 1390 ἀκούσασα,
2600 1329 2678 1381 ἔτι
2708 1330 2849 1399 ὕδωρ
2879 1332 3228 1398 ἐφαντάζετο,
3262 1332 3395 1383 ὅπου
3432 1348 3493 1399 γε
3519 1336 3610 1384 καὶ
3634 1334 3683 1383 οἱ
3722 1349 3829 1401 μα-

2266 1412 2426 1483 θηταὶ
2459 1413 2537 1465 ἔτι
2562 1413 2729 1466 ταῦτα
2758 1414 3042 1482 πάσχουσι,
3071 1414 3161 1468 καὶ
3191 1416 3339 1467 οὐδὲν
3364 1415 3516 1467 οὓπω
3537 1433 3831 1486 πνευματι-

2264 1496 2359 1548 κὸν
2389 1497 2620 1560 νοοῦσιν,
2653 1491 2787 1548 ἀλλά
2832 1497 3094 1566 ἀποροῦσι
3143 1499 3258 1567 μὲν,
3293 1500 3450 1551 πάλιν
3479 1498 3533 1550 δέ
3562 1499 3661 1568 τὴν
3696 1496 3829 1551 αίδὼ

2262 1578 2360 1649 τὴν
2387 1580 2591 1650 συνήθη
2637 1581 2728 1632 καὶ
2760 1579 2857 1650 τὴν
2890 1580 3052 1650 τιμὴν
3102 1579 3178 1650 τῷ
3227 1580 3531 1651 διδασκάλῳ
3573 1582 3795 1650 νέμουσι
3818 1618 3836 1643 ,

2263 1662 2400 1732 πρὸς
2437 1662 2696 1733 ἀλλήλους
2730 1663 2828 1733 μὲν
2861 1663 3253 1733 διαλεγόμενοι,
3296 1664 3446 1732 αὐτῷ
3467 1665 3520 1716 δέ
3556 1665 3747 1717 πεῦσιν
3775 1665 3838 1718 οὐ

2262 1744 2567 1815 τολμῶντες
2594 1749 2963 1816 προσαγαγεῖν
2984 1763 2997 1811 ;
3019 1746 3186 1799 Τοῦτο
3201 1747 3295 1800 καὶ
3316 1746 3547 1816 ἀλλαχοῦ
3570 1747 3835 1808 ποιοῦσιν,

2262 1827 2656 1897 ἐπιθυμοῦντες
2691 1828 2789 1899 μὲν
2820 1830 3127 1899 ἐρωτῆσαι,
3163 1830 3262 1881 οὐκ
3307 1831 3619 1901 ἐρωτῶντες
3657 1831 3731 1884 δέ.
3769 1831 3837 1883 Τί

2261 1908 2353 1983 οὖν
2372 1916 2399 1965 6
2420 1914 2649 1983 Χριστός
2677 1930 2691 1974 ;
2729 1913 2907 1982 Ἐμὸν
2934 1914 3143 1983 ,ϐρῶμά
3169 1915 3317 1976 ἐστι,
3351 1916 3534 1984 φησὶν,
3570 1916 3669 1967 ἵνα
3688 1913 3837 1968 ποιῶ

2262 1996 2328 2049 τὸ
2348 1997 2575 2066 θέλημα
2593 1997 2699 2049 τοῦ
2724 1997 3073 2067 πέμψαντός
3088 2015 3182 2067 με,
3211 1996 3309 2051 καὶ
3340 2000 3628 2051 τελειώσω
3649 1999 3837 2053 αὑτοῦ

2261 2080 2325 2134 τὸ
2382 2082 2579 2150 ἔργον.
2632 2082 2743 2152 Τὴν
2783 2082 2890 2136 τῶν
2932 2082 3235 2153 ἀνθρώπων
3278 2082 3550 2154 σωτηρίαν
3602 2081 3836 2135 ἐνταῦθα

2262 2163 2463 2234 βρῶσιν
2494 2165 2742 2227 ἐκάλεσε,
2797 2165 3008 2228 δεικνὺς
3060 2166 3194 2236 ὅσην
3240 2165 3535 2235 ἐπιθυμίαν
3578 2164 3688 2234 ἔχει
3734 2165 3833 2235 τῆς

2261 2250 2536 2320 ἡμετέρας
2579 2250 2855 2320 προνοίας.
2892 2250 3103 2320 ’Ὥσπερ
3148 2250 3256 2319 γὰρ
3297 2252 3429 2321 ἡμῖν
3477 2248 3722 2301 ποθεινὸν
3771 2249 3837 2302 τὸ

2259 2334 2477 2395 ἐσθίειν,
2500 2333 2671 2397 οὕτως
2698 2334 2847 2403 αὐτῴ
2868 2334 2926 2387 τὸ
2953 2334 3193 2401 σωθῆναι
3220 2335 3385 2405 ἡμᾶς.
3412 2335 3608 2385 Ἀκουε
3631 2333 3685 2385 δὲ
3716 2332 3837 2395 πῶς

2260 2410 2534 2487 πανταχοῦ
2566 2420 2665 2471 ούκ
2694 2421 2755 2471 ἐκ
2789 2418 2881 2471 τοῦ
2908 2419 3195 2489 προχείρου
3229 2420 3406 2472 πάντα
3432 2416 3829 2481 ἀποκαλύπτει,

2256 2508 2392 2562 ἀλλά
2420 2510 2633 2579 πρῶτον
2661 2509 2740 2571 είς
2773 2508 3007 2578 ἀπορίαν
3042 2506 3297 2577 ἐμϐάλλει
3318 2506 3409 2559 τὸν
3432 2506 3723 2577 ἀκροατὴν,
3744 2506 3834 2559 ἵνα

2258 2595 2561 2667 ἀρξάμενος
2593 2597 2774 2667 ζητεῖν
2802 2596 2851 2649 τί
2875 2596 2934 2649 τὸ
2964 2595 3256 2665 λεγόμενον
3282 2592 3325 2657 τ,
3356 2589 3476 2647 εἶτα
3492 2595 3714 2664 ἀπορῶν
3736 2596 3835 2648 καὶ

2258 2682 2503 2751 κάμνων,
2542 2681 2675 2752 μετά
2699 2682 2940 2745 πλείονος
2974 2682 3297 2751 ὑποδέξηται
3330 2681 3636 2751 προθυμίας
3662 2683 3835 2750 φανὲν

2254 2768 2316 2820 τὸ
2345 2767 2694 2839 ζητούμενον,
2719 2770 2814 2822 καὶ
2834 2769 3031 2839 μᾶλλον
3059 2769 3315 2839 διαναστῇ
3346 2768 3482 2839 πρὸς
3502 2769 3600 2837 τὴν
3627 2769 3833 2839 ἀκρόα-

2258 2873 2361 2909 σιν.
2404 2859 2555 2909 Διατί
2578 2857 2685 2928 γάρ
2716 2858 2789 2928 μὴ
2822 2857 3023 2920 εὐθέως
3044 2854 3187 2921 εἶπε,
3219 2857 3391 2926 Ἐμὸν
3406 2856 3616 2925 ,βρῶμά
3633 2857 3829 2917 ἐστιν,

2254 2947 2353 2998 ἵνα
2383 2946 2616 3012 ποιήσω
2663 2948 2731 3000 τὸ
2767 2947 2994 3016 θέλημα
3037 2948 3144 3001 τοῦ
3182 2948 3409 3015 Πατρός
3442 2965 3602 3015 μου;
3649 2947 3831 3000 καίτοι

2253 3034 2372 3086 ούδέ
2398 3034 2555 3086 τοῦτο
2590 3036 2758 3103 σαφὲς
2786 3031 2874 3105 ἦν,
2909 3035 3041 3087 ἀλλά
3068 3035 3161 3087 τοῦ
3182 3036 3445 3106 προτέρου
3471 3035 3828 3105 σαφέστερον·

2252 3122 2386 3175 ἀλλά
2416 3123 2496 3187 τί;
2539 3122 2704 3191 Ἐγὼ,
2730 3124 2882 3194 φησὶ,
2901 3122 3137 3191 ,ϐρῶσιν
3158 3124 3273 3192 ἔχω
3295 3123 3523 3192 φαγεῖν,
3554 3122 3634 3189 ἢν
3658 3122 3831 3190 ὑμεῖς

2251 3215 2360 3265 οὑκ
2391 3211 2611 3266 οἴδατε.
2648 3212 2917 3282 Πρότερον
2962 3213 3071 3282 γὰρ
3102 3213 3296 3275 αὐτοὺς
3321 3253 3335 3274 ,
3382 3213 3515 3283 ὅπερ
3547 3212 3708 3282 ἔφην,
3755 3215 3825 3283 τῇ

2251 3299 2572 3371 διαπορήσει
2605 3301 3144 3371 προσεκτικωτέρους
3172 3299 3512 3370 ἐργάσασθαι
3552 3300 3823 3367 βούλεται,

2251 3389 2344 3440 καὶ
2371 3388 2545 3441 ἐθίσαι
2576 3389 2669 3441 καὶ
2698 3388 2784 3441 διὰ
2813 3388 3071 3441 τοιούτων
3102 3389 3439 3458 αἰνιγμάτων
3484 3388 3701 3441 ἀκούειν
3752 3388 3827 3441 τὰ

2249 3475 2537 3544 λεγόμενα.
2580 3477 2643 3528 Τί
2667 3476 2723 3529 δέ
2757 3478 2872 3529 ἐστι
2898 3476 2958 3530 τὸ
2989 3477 3199 3547 θέλημα
3244 3476 3337 3529 τοῦ
3374 3476 3621 3545 Πατρός;
3662 3476 3827 3543 Λέγει

2250 3564 2436 3616 λοιπὸν
2466 3564 2597 3617 αὑτὸ
2625 3565 2720 3617 καὶ
2758 3563 3049 3635 ἐρμηνεύει
3072 3579 3085 3591 '
3115 3566 3233 3633 Οὐχ
3282 3564 3452 3632 ὑμεῖς
3497 3565 3700 3632 λέγετε
3733 3564 3826 3616 ὅτι

2246 3651 2334 3703 ἔτι
2364 3650 2729 3720 τετράμηνόν
2777 3652 2937 3717 ἐστι,
3001 3652 3098 3705 καί
3148 3654 3179 3705 ό
3230 3653 3508 3720 θερισμὸς
3552 3652 3825 3720 ἓρχεται;

2260 3738 2415 3794 Ἰδοὺ
2436 3738 2590 3809 λέγω
2615 3739 2777 3807 ὑμῖν,
2806 3740 3061 3808 ἐπάρατε
3092 3740 3231 3805 τοὺς
3252 3739 3595 3809 ὀφθαλμοὺς
3629 3737 3820 3808 ὑμῶν,

2247 3826 2343 3879 καὶ
2383 3826 2682 3881 θεάσασθε
2735 3828 2840 3894 τὰς
2896 3827 3109 3896 χώρας,
3150 3827 3238 3881 ὅτι
3266 3828 3479 3881 λευκαί
3523 3830 3638 3880 είσι
3670 3828 3824 3895 πρὸς

2248 3916 2554 3983 θερισμόν.

2319 4005 2386 4073 β’.
2416 3990 2547 4057 Ἰδοὺ
2567 4006 2725 4058 πάλιν
2742 4007 2853 4067 τοῖς
2873 4005 3185 4076 συντρόφοις
3203 4005 3458 4075 ὀνόμασιν
3475 4006 3663 4073 ἀνάγει
3682 4005 3823 4076 πρὸς

2244 4088 2340 4158 τὴν
2366 4088 2473 4141 τῶν
2499 4089 2767 4158 μεγίστων
2798 4088 3030 4158 θεωρίαν
3060 4089 3276 4152 αὐτούς.
3300 4090 3409 4141 Καὶ
3436 4087 3562 4160 γὰρ,
3582 4087 3817 4157 Βρῶμα,

2244 4178 2434 4240 εἰπὼν,
2458 4178 2606 4231 οὐδὲν
2631 4179 2816 4248 ἕτερον
2845 4178 3131 4249 ἐδήλωσεν,
3175 4179 3206 4247 ἦ
3247 4177 3344 4249 τὴν
3367 4178 3473 4231 τῶν
3516 4179 3821 4249 μελλόντων

2249 4268 2647 4338 παραγίνεσθαι
2692 4267 2963 4339 σωτηρίαν
3005 4266 3323 4337 ἀνθρώπων·
3364 4268 3455 4321 καὶ
3493 4271 3524 4338 ἡ
3565 4267 3714 4337 χώρα
3758 4268 3818 4320 δὲ

2244 4355 2337 4408 καὶ
2373 4357 2401 4407 6
2430 4354 2684 4424 θερισμὸς
2722 4355 2781 4405 τὸ
2817 4356 2947 4407 αὐτὸ
2977 4354 3144 4424 δηλοῖ,
3172 4355 3230 4408 τὸ
3255 4354 3461 4424 πλῆθος
3493 4355 3598 4407 τῶν
3627 4356 3819 4425 ψυχῶν

2240 4440 2351 4493 τῶν
2407 4440 2636 4511 ἑτοίμων
2685 4440 2820 4510 πρὸς
2863 4441 2959 4510 τὴν
3005 4441 3269 4513 ὑποδοχὴν
3306 4441 3400 4494 τοῦ
3436 4441 3814 4512 κηρύγματος.

2254 4527 2596 4598 Ὀφθαλμοὺς
2631 4528 2685 4580 δέ
2722 4527 2949 4581 ἐνταῦθα
2980 4528 3147 4596 λέγει,
3180 4531 3273 4582 καὶ
3295 4531 3421 4592 τοὺς
3437 4530 3533 4599 τῆς
3552 4529 3815 4596 διανοίας,

2242 4616 2337 4669 καὶ
2366 4617 2492 4679 τοὺς
2515 4615 2608 4668 τοῦ
2635 4615 2902 4686 σώματος’
2926 4617 3140 4687 καὶγὰρ
3169 4616 3354 4689 ἐώρων
3384 4617 3567 4669 λοιπὸν
3590 4617 3647 4669 τὸ
3673 4617 3816 4686 πλῆ-

2240 4703 2329 4766 θος
2359 4704 2649 4774 ἐρχόμενον
2681 4703 2790 4755 τῶν
2824 4704 3196 4775 Σαμαρειτῶν·
3228 4704 3324 4774 τὴν
3348 4704 3404 4756 δὲ
3424 4706 3520 4775 τῆς
3551 4706 3815 4774 προαιρέ-

2244 4808 2379 4853 σεως
2398 4790 2550 4863 [197]
2573 4791 2751 4844 αὐτῶν
2779 4793 3119 4862 ἑτοιμότητα,
3139 4793 3235 4854 τὰς
3262 4790 3445 4861 χώρας
3472 4792 3570 4855 τὰς
3591 4793 3812 4843 λευκαι-

2238 4878 2468 4947 νομένας
2524 4878 2704 4947 φησίν.
2749 4878 2960 4947 Ὥσπερ
3005 4878 3113 4948 γὰρ
3146 4879 3193 4929 οί
3240 4878 3559 4948 ἀστάχυες8
3592 4879 3812 4931 ἐπειδάν

2236 4964 2594 5028 λευκανθῶσι,
2642 4964 2775 5035 πρὸς
2826 4964 3031 5035 ἀμητόν
3083 4967 3219 5018 εἰσιν
3262 4965 3658 5034 ἕτοιμοι-οὔτω
3713 4968 3811 5020 καὶ

2233 5046 2378 5106 οῦτοι
2405 5053 2519 5118 νῦν,
2550 5056 2701 5123 φησὶ,
2736 5054 2871 5124 πρὸς
2892 5053 3164 5123 σωτηρίαν
3190 5054 3325 5105 εἰσὶν
3352 5054 3809 5124 παρεσκευασμέ-

2234 5161 2311 5195 νοι
2360 5144 2455 5196 καὶ
2502 5145 2802 5215 εὐτρεπεῖς.
2855 5145 2960 5196 Καὶ
3009 5143 3149 5195 διατί
3196 5144 3269 5213 μὴ
3304 5139 3425 5195 εἶπε
3466 5144 3668 5211 σαφῶς,
3720 5145 3807 5199 ὅτι

2235 5233 2481 5303 ἔρχονται
2507 5235 2788 5286 πιστεῦσαι
2833 5236 2881 5287 οἱ
2931 5232 3225 5303 ἄνθρωποι,
3290 5233 3382 5285 καὶ
3433 5234 3639 5303 ἕτοιμοί
3695 5236 3806 5288 εἱσι

2231 5322 2367 5393 πρὸς
2410 5322 2670 5394 ὑποδοχὴν
2716 5323 2808 5376 τοῦ
2842 5322 3030 5390 λόγου,
3073 5323 3470 5392 κατηχηθέντες
3504 5322 3602 5393 μὲν
3651 5325 3806 5395 παρά

2229 5412 2337 5464 τῶν
2372 5412 2682 5482 προφητῶν,
2715 5412 2807 5463 καὶ
2848 5411 2935 5463 τὸν
2968 5412 3177 5481 καρπὸν
3210 5398 3393 5463 λοιπὸν
3436 5412 3802 5476 ἀποδιδόντες,

2229 5496 2362 5548 ἁλλά
2390 5495 2573 5566 χώραν
2601 5496 2692 5547 καὶ
2715 5494 2969 5564 θερισμὸν
3000 5494 3223 5546 ἐκάλεσε
3244 5515 3258 5559 ;
3281 5495 3332 5547 τί
3355 5493 3632 5564 βούλονται
3650 5496 3803 5562 αὐτῷ

2229 5572 2464 5632 αῦταιαί
2490 5579 2720 5649 τροπαί;
2767 5578 2843 5631 Οὐ
2889 5578 2995 5648 γὰρ
3029 5578 3259 5631 ἐνταῦθα
3302 5580 3487 5649 μόνον,
3528 5576 3664 5631 ἀλλά
3703 5581 3804 5632 καλ⁵

2228 5670 2285 5721 ἐν
2317 5668 2475 5719 παντὶ
2504 5666 2578 5735 τῷ
2604 5665 2918 5735 Εὐαγγελίῳ
2946 5665 3103 5717 τοῦτο
3127 5669 3288 5718 ποιεῖ’
3319 5669 3414 5720 καὶ
3439 5668 3487 5719 οἱ
3518 5666 3803 5736 προφῆται

2225 5754 2282 5807 δέ
2310 5753 2387 5823 τῷ
2433 5754 2579 5822 αὐτῷ
2613 5752 2906 5824 κέχρηνται
2954 5753 3157 5823 τρόπῳ,
3206 5753 3582 5825 μεταφορικῶς
3626 5753 3803 5806 πολλά

2225 5841 2491 5909 λέγοντες.
2549 5840 2613 5892 Τί
2658 5840 2845 5908 δήποτ’
2891 5836 2983 5893 οὖν
3028 5842 3088 5892 τὸ
3141 5841 3346 5907 αῖτιον;
3373 5842 3431 5893 οὐ
3463 5840 3571 5910 7&9
3606 5841 3803 5905 ἁπλῶς

2224 5931 2395 5983 ταῦτα
2442 5929 2533 5982 τοῦ
2580 5929 2973 6005 Πνεύματοςοή
3012 5929 3170 6000 χάρις
3219 5929 3624 6000 ἐνομοθέτησεν·
3657 5929 3806 5985 ἀλλὰ

2304 6062 2322 6101 ῐ
2353 6063 2498 6113 Savil.
2533 6061 2681 6119 ζητεῖν
2708 6062 2763 6109 τὸ
2785 6062 3046 6123 λεγόμενον.
3116 6061 3142 6099 8
3171 6060 3320 6109 Savil.
3370 6066 3587 6124 στάχυες.
