4100 6364
308 361 408 421 ιειε

1324 357 1390 414 ιιι
1420 328 1739 414 ἰοΑΝΝΕΜ
1782 354 2010 412 ιιοιιιιι..
2054 355 2288 411 xxxw.
2329 356 2398 411 al.
2441 356 2678 413 χχχιιι.

3460 368 3565 426 ωδ

309 471 2899 497 ———————-——‘_—_———-——————————D

1610 535 1956 600 HOMILIA
2000 534 2301 595 XXXIV.

305 643 393 701 28.
428 646 650 710 Reliquit
674 660 793 714 ergo
823 643 1056 713 hydriam
1094 657 1237 695 suam
1272 640 1473 707 mulier,
1513 649 1561 693 et
1586 640 1707 693 abiit
1734 639 1784 691 in
1807 638 1882 690 ci-

377 736 596 798 t'itatem,
626 742 673 787 et
698 733 824 786 dixit
854 731 1134 785 hominibus
1164 729 1291 784 :29.
1325 728 1517 796 Venite,
1546 730 1705 782 uidete
1726 727 1887 781 homi-

377 842 508 889 nem,
543 825 628 893 qui
656 824 786 877 dixit
824 824 950 876 mihi
987 837 1312 891 quacumque
1333 821 1428 893 feci
1457 836 1476 874 :
1503 818 1746 889 numquid
1774 818 1886 887 ipse

378 925 449 968 est
478 914 707 967 Christus
724 915 749 967 ?

379 1009 429 1061 l.
460 1005 729 1059 Fervorem
756 1004 1065 1058 audientium
1105 1005 1288 1058 excitat
1346 1000 1731 1072 Chrysostomus
1773 1014 1886 1053 cum

312 1099 475 1151 rerbis
501 1097 721 1161 Christi,
748 1107 851 1149 tum
878 1096 1105 1166 exemplo
1128 1096 1351 1148 mulieris
1382 1093 1722 1148 Samaritana:
1744 1091 1886 1160 cujus

316 1188 470 1240 etiam
496 1187 825 1240 humilitatem
847 1186 1040 1239 laudat.
1063 1184 1294 1240 Christus
1318 1201 1467 1254 quam
1495 1182 1558 1237 de
1590 1181 1755 1236 salute
1790 1182 1884 1234 ho-

304 1278 497 1330 minum
516 1277 784 1342 sollicitus,
802 1292 952 1346 quam
977 1276 1031 1328 in
1056 1274 1355 1328 inculcanda
1381 1273 1610 1327 doctrina
1632 1271 1888 1340 prudens!

304 1368 555 1422 -Μιιιιο
593 1382 691 1421 nos
720 1365 931 1421 fervore
956 1374 1187 1435 oportet,
1221 1365 1389 1418 multo
1435 1362 1652 1418 excitari
1680 1360 1883 1423 studio;

305 1459 543 1528 alioquin
566 1458 822 1527 promissa
840 1456 978 1511 bona
1000 1456 1249 1524 consequi
1279 1470 1382 1509 non
1407 1454 1716 1523 poterimus.
1735 1450 1885 1519 Quod

309 1550 621 1619 signiﬁcans
668 1548 910 1605 Christus
956 1548 1115 1602 modo
1159 1546 1371 1615 quidem
1416 1546 1489 1599 ait
1518 1566 1531 1601 :
1560 1544 1621 1599 Si
1648 1545 1758 1613 quis
1784 1559 1886 1596 non

306 1642 494 1707 accipit
522 1656 719 1693 crucem
743 1656 911 1704 suam,
938 1647 985 1691 et
1021 1636 1244 1705 sequitur
1268 1652 1365 1699 me,
1393 1652 1495 1691 non
1512 1645 1583 1690 est
1604 1651 1682 1689 me
1706 1635 1886 1702 dignus

312 1730 542 1803 (Matth.
582 1731 645 1785 10
692 1729 792 1803 ‘58)
816 1746 832 1795 ;
855 1729 1012 1783 modo
1041 1738 1215 1783 autem
1233 1770 1248 1794 ,
1276 1726 1456 1798 Ignem
1484 1725 1594 1780 veni
1615 1726 1806 1778 mittere
1834 1724 1886 1777 in

308 1829 492 1874 terram
510 1862 525 1886 ,
559 1830 605 1875 et
628 1820 747 1890 quid
772 1820 884 1874 volo
903 1821 1003 1873 nisi
1019 1830 1071 1872 ut
1091 1818 1394 1872 accendatur
1428 1818 1446 1888 (
1469 1816 1593 1870 Luc.
1626 1815 1712 1870 12.
1742 1815 1811 1870 49
1829 1814 1886 1886 )?

310 1910 547 1982 Utroque
594 1912 757 1978 dicto,
800 1910 1099 1967 ferventem
1148 1910 1528 1978 incensumque
1566 1907 1883 1976 discipulum

310 2006 488 2069 nobis,
510 2016 561 2059 et
586 2005 651 2059 ad
679 2003 855 2058 omnia
884 2002 1156 2057 subeunda
1188 2001 1416 2072 pericula
1459 2009 1698 2070 paratum
1724 2000 1889 2069 signi-

311 2098 456 2151 ﬁcat.
514 2097 660 2150 Talis
712 2102 829 2150 erat
880 2104 933 2148 et
980 2093 1096 2148 haec
1143 2092 1476 2147 mulierzita
1520 2091 1663 2145 enim
1708 2089 1887 2143 verbis

311 2188 511 2244 Christi
542 2188 753 2241 incensa
784 2194 894 2252 est,
923 2193 982 2239 ut
1007 2184 1191 2239 relicta
1248 2182 1437 2255 hydria
1464 2190 1520 2237 et
1547 2195 1704 2251 aqua,
1736 2179 1888 2248 cujus

312 2279 479 2349 gratia
510 2293 576 2333 eo
593 2284 947 2341 concesserat,
977 2283 1033 2331 et
1061 2276 1115 2330 in
1140 2274 1323 2329 urbem
1346 2287 1650 2335 accurrens,
1676 2272 1888 2325 univer-

314 2385 434 2426 sum
468 2370 717 2440 populum
744 2369 811 2424 ad
849 2368 1029 2424 .lesum
1067 2367 1323 2423 traheret.
1374 2365 1568 2432 Venite,
1624 2364 1811 2435 inquit,
1842 2372 1889 2417 et

314 2464 476 2517 videte
498 2464 771 2529 hominem,
798 2463 884 2532 qui
913 2462 1042 2515 dixit
1078 2460 1201 2513 mihi
1226 2461 1395 2513 omnia
1422 2474 1744 2529 quacumque
1766 2443 1884 2529 feci.

318 2553 450 2608 Vide
479 2554 734 2616 studium,
764 2554 885 2607 vide
919 2552 1275 2622 prudentiam.
1321 2549 1555 2604 Venerat
1601 2556 1659 2602 ut
1697 2563 1887 2617 aquam

319 2644 575 2707 hauriret,
608 2654 813 2699 etcum
855 2659 1043 2698 verum
1072 2642 1270 2697 fontem
1325 2641 1635 2707 invenisset,
1690 2639 1888 2693 fontem

317 2737 417 2790 sub
440 2751 659 2789 sensum
689 2735 967 2789 cadentem
1015 2733 1280 2802 deSpexit,
1314 2742 1372 2785 ut
1398 2746 1496 2785 nos
1522 2731 1758 2795 doceret,
1789 2729 1889 2783 etsi

316 2828 505 2895 exiguo
532 2825 799 2895 exemplo,
838 2824 1099 2895 spirituali
1127 2824 1382 2879 doctrina:
1411 2822 1643 2877 intentos
1665 2820 1890 2875 saecula-

317 2920 395 2973 ria
417 2930 766 2974 Contemnere
796 2929 1066 2988 oportere,
1097 2918 1398 2986 nullamque
1424 2926 1680 2985 quantum
1708 2916 1757 2966 in
1793 2928 1890 2965 uo-

319 3010 399 3064 bis
425 3020 527 3072 est,
563 3010 778 3064 illorum
804 3011 1062 3063 rationem
1108 3008 1324 3063 habere.
1358 3006 1509 3075 Quod
1564 3015 1620 3061 et
1664 3007 1891 3075 apostoli

319 3103 740 3173 fecerunt,,ipsa
767 3117 998 3173 quoque,
1024 3102 1130 3156 imo
1163 3101 1456 3156 ferventius
1500 3100 1761 3170 praestitit.
1818 3099 1894 3152 Illi

320 3210 545 3262 namque
599 3195 790 3260 vocati,
836 3196 971 3249 retia
1018 3193 1369 3258 dimiserunt;
1415 3193 1527 3247 haec
1555 3208 1679 3246 vero
1705 3199 1896 3260 sponte

319 3300 437 3352 Sua,
466 3287 614 3339 nullo
642 3286 1004 3355 prazcipieute,
1033 3285 1283 3355 relinquit
1312 3284 1552 3356 hydriam
1589 3292 1644 3337 et
1668 3297 1896 3352 evange-

320 3378 567 3432 listarum
613 3378 786 3433 officio
832 3377 1084 3448 fungitur,
1130 3376 1323 3447 gaudio
1352 3376 1451 3445 ipsi
1478 3376 1589 3429 alas
1634 3374 1894 3439 addente;

321 3486 491 3537 neque
537 3484 701 3522 unum
744 3478 836 3523 aut
875 3469 1125 3533 alterum,
1159 3476 1218 3521 ut
1248 3466 1490 3522 Andreas
1510 3476 1565 3520 et
1589 3464 1896 3534 Philippus,

321 3560 413 3613 sed
439 3561 741 3613 universam
763 3567 1062 3615 commovet
1088 3559 1378 3624 civitatem,
1411 3566 1462 3612 et
1501 3565 1701 3611 tantum
1734 3571 1901 3625 popu-

322 3651 429 3703 lum
458 3650 526 3703 ad
552 3648 822 3703 Christum
846 3649 1079 3704 addut'it.
1124 3648 1193 3703 Et
1230 3648 1351 3703 vide
1398 3662 1557 3717 quam
1609 3646 1901 3717 prudenter

324 3742 593 3810 loquatur.
620 3740 735 3794 Non
777 3740 926 3805 dixit,
980 3739 1189 3806 Venite,
1237 3738 1416 3794 videte
1456 3737 1754 3801 Christum;
1806 3734 1900 3790 sed

322 3847 444 3887 cum
494 3831 681 3887 eadem
724 3833 1170 3901 attemperatione
1215 3845 1320 3901 qua
1350 3830 1591 3885 Christus
1622 3830 1789 3898 ipsam
1814 3842 1904 3882 ce-

322 3933 496 3993 perat,
530 3924 649 3977 illos
665 3922 847 3977 allicit.
888 3921 1080 3989 Venite,
1113 3922 1305 3991 inquit,
1327 3922 1488 3981 videte
1516 3920 1789 3983 hominem,
1818 3918 1904 3989 qui

324 4013 451 4066 dixit
480 4012 605 4066 mihi
627 4013 796 4066 omnia
818 4028 1137 4083 quwcumque
1163 4012 1278 4082 feci.
1305 4010 1412 4067 Nec
1439 4010 1627 4081 puduit
1650 4011 1791 4065 illam
1823 4009 1904 4063 di-

324 4120 469 4170 cere,
504 4104 644 4158 Dixit
674 4104 795 4158 mihi
829 4105 999 4158 omnia
1034 4119 1357 4175 quascumque
1408 4105 1543 4173 feci;
1582 4103 1683 4157 etsi
1726 4101 1906 4156 dicere

326 4196 620 4265 potuisset,
673 4194 897 4263 Venite,
946 4195 1121 4250 videte
1168 4194 1477 4265 prophetam
1511 4209 1736 4249 :verum
1781 4209 1903 4247 cum

326 4291 503 4343 anima
528 4290 711 4344 divino
741 4288 862 4359 igne
905 4302 1163 4345 succensa
1193 4297 1296 4353 est,
1320 4287 1448 4341 nihil
1471 4286 1608 4341 ultra
1638 4295 1905 4341 terrenum

328 4382 569 4450 respicit,
609 4395 714 4433 non
758 4379 974 4443 famam,
1023 4394 1130 4433 non
1186 4377 1492 4444 infamiam;
1540 4377 1633 4431 sed
1679 4377 1908 4431 flamma:

331 4482 533 4526 tantum
564 4471 755 4526 ardore
798 4482 1061 4525 movetur.
1096 4469 1358 4539 Numquid
1384 4469 1491 4536 ipse
1529 4477 1601 4522 est
1642 4467 1910 4522 Christus?

330 4563 712 4617 Animadverte
756 4562 945 4616 iterum
988 4575 1232 4631 magnam
1284 4561 1519 4612 mulieris
1569 4557 1904 4627 sapientiam.

330 4654 512 4725 Neque
543 4654 753 4722 penitus
772 4652 1023 4719 aflirmat,
1055 4666 1228 4721 neque
1276 4650 1483 4704 reticet.
1514 4647 1739 4702 Volebat
1766 4648 1909 4701 enim

333 4762 437 4799 non
462 4761 530 4799 ex
557 4744 807 4814 opinione
832 4758 927 4797 sua
956 4743 1073 4797 illos
1105 4742 1392 4805 inducere;
1424 4740 1518 4794 sed
1558 4739 1648 4793 illo
1686 4738 1868 4793 audito
1891 4780 1906 4804 ,

334 4836 476 4903 ipsos
502 4849 615 4887 suae
644 4835 920 4887 sententia:
943 4842 1217 4886 consortes
1245 4831 1465 4893 habere,
1497 4828 1635 4883 unde
1664 4843 1750 4882 res
1793 4844 1905 4880 ma-

330 4926 412 4993 gis
440 4923 731 4993 probabilis
753 4938 975 4977 evasura
1001 4932 1139 4977 erat.
1196 4922 1355 4991 Atqui
1401 4937 1507 4973 non
1540 4928 1701 4973 totam
1750 4918 1911 4972 vitam

335 5029 483 5067 suam
515 5014 614 5082 ipsi
645 5011 887 5067 Christus
914 5012 1312 5074 declaraverat;
1362 5010 1455 5063 sed
1483 5024 1548 5063 ex
1573 5009 1729 5062 dictis
1749 5016 1910 5062 caste-

337 5117 517 5156 rorum
541 5118 754 5172 quoque
796 5102 1039 5156 notitiam
1070 5100 1240 5169 ipsum
1291 5099 1487 5154 habere
1533 5099 1776 5154 credidit.
1806 5097 1913 5151 Nec

336 5194 489 5259 dixit,
516 5193 726 5258 Venite,
749 5193 982 5257 credite;
1008 5192 1123 5255 sed,
1163 5189 1358 5255 Venite,
1389 5190 1566 5254 videte,
1618 5189 1757 5259 quod
1784 5203 1914 5242 sane

338 5282 507 5337 levius
537 5294 675 5347 erat,
732 5292 787 5336 et
832 5282 998 5351 magis
1030 5282 1174 5349 ipsos
1200 5281 1416 5334 allicere
1458 5288 1682 5349 poterat.
1727 5278 1914 5332 Vidisti

336 5375 580 5429 mulieris
603 5375 916 5444 sapientiam
939 5375 962 5426 ?
1004 5373 1218 5427 Sciebat
1246 5373 1385 5425 enim
1417 5385 1470 5425 et
1497 5372 1652 5440 plane
1692 5371 1912 5434 sciebat,

337 5465 429 5519 illo
470 5466 751 5535 degustato
794 5465 960 5530 fume,
1007 5465 1235 5531 idipsum
1290 5464 1396 5517 illis
1440 5473 1751 5517 eventurum
1795 5478 1915 5517 esse

338 5558 477 5625 quod
534 5558 633 5611 sibi
687 5568 954 5611 evenerat.
1002 5556 1161 5625 Atqui
1207 5555 1342 5609 alius
1389 5555 1670 5609 crassioris
1697 5555 1912 5624 ingenii,

338 5649 767 5702 criminationem
816 5650 916 5703 sibi
972 5648 1163 5703 factum
1219 5648 1499 5701 obscurius
1549 5646 1799 5712 dixisset;
1830 5646 1915 5700 illa

341 5756 469 5793 vero
494 5744 655 5793 vitam
686 5757 833 5794 suam
861 5741 1095 5794 declarat
1121 5749 1175 5792 et
1210 5741 1260 5792 in
1293 5738 1524 5793 medium
1551 5738 1759 5792 adducit
1789 5779 1805 5803 ,
1861 5746 1920 5792 ut

339 5848 527 5888 cautes
567 5833 860 5887 attraheret
915 5841 1251 5902 cuperetque.
1302 5831 1389 5885 51.
1434 5829 1633 5883 Interea
1680 5831 1919 5901 rogabant

1988 651 2105 688 eum
2119 636 2359 705 discipuli
2414 638 2543 703 eius,
2593 638 2816 694 dicentes
2848 657 2866 694 :
2889 641 3070 711 Rabbi,
3098 644 3371 700 manduca.
3400 646 3528 701 Illud
3547 689 3562 711 ,

1987 725 2277 796 Rogabant,
2330 727 2582 784 idiomate
2620 745 2720 785 suo
2756 731 2841 787 hic
2869 732 3150 803 significat,
3182 736 3565 797 Htvtabantttr.

1989 819 2244 875 Videntes
2285 821 2430 875 enim
2459 837 2579 876 eum
2610 838 2676 877 ex
2702 823 2891 879 itinere
2929 836 2983 880 et
3025 836 3156 881 testu
3182 828 3520 899 demigatum
3548 873 3563 895 ,

1988 910 2335 966 hortabantur
2363 927 2507 967 eum.
2546 912 2662 968 Non
2716 916 2857 970 enim
2889 932 2951 970 ex
2981 918 3270 986 petulantia
3295 961 3310 982 .
3361 922 3457 977 sed
3496 938 3561 977 ex

1988 1015 2171 1055 amore
2196 1001 2431 1056 doctoris
2457 1002 2523 1057 ad
2550 1005 2725 1058 cibum
2752 1008 3066 1062 sumendum
3104 1011 3393 1078 pellebant.
3424 1013 3560 1080 Quid

1989 1104 2116 1163 ergo
2138 1092 2423 1147 Christus“!
2451 1094 2539 1149 52.
2573 1095 2680 1166 Ego
2704 1096 2866 1151 cibum
2891 1100 3045 1155 habeo
3068 1104 3390 1170 manducare,
3415 1121 3564 1178 quem

1989 1197 2073 1235 vos
2092 1185 2289 1237 nescitis
2317 1184 2444 1239 :55.
2486 1184 2731 1241 Dicebant
2759 1206 2877 1258 ergo
2916 1192 2985 1244 ad
3022 1192 3231 1246 invicem
3257 1210 3277 1249 :
3301 1193 3562 1265 Numquid

1990 1271 2170 1343 aliquis
2189 1274 2356 1327 attulit
2382 1275 2428 1327 ei
2447 1278 2749 1332 manducare
2769 1279 2795 1331 ?
2814 1280 2948 1346 Quid
2974 1297 3101 1351 ergo
3130 1284 3339 1339 miraris
3368 1285 3414 1339 si
3441 1301 3559 1340 mu-

1990 1360 2090 1416 lier
2139 1376 2329 1429 aquam
2357 1364 2601 1433 audiens,
2636 1382 2760 1422 vere
2786 1385 2975 1440 aquam
3024 1387 3145 1428 esse
3169 1373 3558 1442 arbitrabatur,

1990 1454 2201 1524 quando
2239 1456 2483 1526 discipuli
2536 1459 2651 1525 pari
2691 1469 2817 1515 sunt
2879 1465 3045 1522 modo
3100 1463 3295 1530 affecti,
3324 1466 3563 1537 nihilque

1990 1546 2268 1616 spirituale
2290 1547 2627 1617 intelligunt;
2672 1550 2766 1606 sed
2795 1550 3057 1618 dubitant,
3080 1552 3204 1609 dum
3232 1555 3439 1613 doctori
3473 1575 3559 1613 re-

1991 1639 2284 1693 verentiam
2305 1648 2360 1694 et
2391 1639 2649 1696 honorem
2673 1657 2773 1713 pro
2799 1658 2950 1699 more
2982 1644 3259 1712 exhibent,
3291 1662 3356 1703 ac
3380 1658 3563 1703 mutue

1992 1728 2392 1798 colloquuntur,
2417 1746 2517 1787 nec
2535 1731 2732 1788 audent
2748 1733 2817 1789 ab
2837 1734 2928 1787 illo
2952 1735 3249 1791 sciscitari?
3271 1738 3382 1793 Hoc
3405 1738 3563 1793 etiam

1992 1818 2117 1871 alibi
2146 1819 2362 1884 faciunt,
2417 1820 2543 1875 dum
2585 1823 2913 1892 interrogare
2954 1826 3246 1895 cupientes,
3300 1827 3569 1884 abstinent

1994 1918 2191 1964 tamen.
2221 1911 2357 1978 Quid
2380 1927 2508 1983 ergo
2528 1912 2806 1969 Christus?
2838 1916 2925 1971 54.
2958 1916 3107 1971 Meus
3125 1917 3265 1973 cibus
3281 1929 3374 1986 est,
3403 1931 3459 1974 ut
3488 1927 3570 1992 fa-

1992 2001 2123 2054 ciam
2163 2003 2463 2058 voluntatem
2503 2006 2611 2075 ejus
2634 2007 2722 2075 qui
2746 2007 2881 2060 misit
2925 2024 3003 2060 me
3026 2050 3040 2073 ,
3073 2017 3120 2062 et
3144 2010 3402 2079 perﬁciam
3442 2029 3569 2083 opus

1992 2093 2120 2164 ejus.
2154 2093 2435 2149 Hominum
2484 2097 2706 2151 salutem
2737 2097 2825 2151 hic
2848 2098 3025 2152 cibum
3057 2108 3231 2167 vocat,
3283 2103 3570 2157 ostendens

1992 2198 2112 2238 cum
2132 2195 2477 2254 quanta‘cura
2503 2187 2656 2241 nobis
2681 2188 2970 2257 provideat.
2996 2189 3065 2246 Ut
3085 2192 3224 2245 enim
3246 2207 3343 2248 nos
3368 2193 3567 2262 cibum,

1994 2275 2065 2330 ita
2092 2277 2179 2331 ille
2204 2287 2443 2333 nostram
2464 2280 2688 2335 salutem
2717 2281 3004 2337 desiderat.
3034 2283 3171 2338 Audi
3191 2300 3319 2340 vero
3350 2303 3456 2357 quo
3474 2304 3569 2356 pa-

1993 2374 2080 2420 cto
2110 2382 2214 2421 non
2244 2368 2440 2438 ubique
2460 2370 2635 2423 omnia
2662 2371 2769 2425 cito
2799 2373 3017 2441 revelet,
3048 2374 3143 2429 sed
3168 2376 3344 2445 primo
3362 2379 3572 2432 audito-

1994 2471 2108 2510 rem
2135 2458 2187 2511 in
2221 2458 2603 2516 dubitationem
2631 2462 2904 2532 conjiciat,
2927 2474 2985 2519 ut
3018 2477 3300 2537 postquam
3325 2484 3570 2538 qua-rere

1995 2547 2192 2617 incepit
2234 2550 2357 2619 quid
2388 2551 2454 2605 sit
2484 2551 2614 2607 illud
2660 2553 2803 2622 quod
2852 2554 3065 2622 dicitur,
3116 2572 3240 2612 cum
3277 2557 3568 2614 dubitando

1995 2638 2220 2703 laborat,
2252 2641 2504 2696 libentius
2533 2642 2585 2697 id
2611 2644 2753 2713 quod
2794 2647 3068 2714 quaerebat
3096 2648 3397 2716 expositum
3425 2651 3569 2703 acci-

1995 2733 2125 2799 piat,
2154 2738 2209 2784 et
2236 2730 2302 2785 ad
2328 2732 2650 2788 audiendum
2675 2735 2840 2805 magis
2860 2737 3141 2791 excitetur.
3172 2737 3276 2792 Cur
3303 2754 3431 2809 ergo
3459 2754 3564 2794 non

1996 2821 2172 2874 statim
2202 2820 2355 2889 dixit,
2377 2822 2521 2878 Meus
2538 2825 2675 2879 cibus
2698 2836 2771 2879 est
2789 2836 2843 2879 ut
2864 2829 3049 2900 faciam
3075 2830 3375 2884 voluntatem
3397 2830 3573 2887 Patris

1997 2915 2140 2969 mei:
2168 2916 2308 2985 quod
2354 2917 2455 2971 etsi
2485 2932 2593 2972 non
2636 2919 2854 2974 omnino
2893 2920 3119 2984 clarum,
3158 2931 3333 2976 tamen
3379 2924 3572 2978 clarius

1999 3005 2092 3060 illo
2120 3017 2255 3073 erat,
2282 3009 2420 3078 quod
2438 3009 2548 3079 jam
2577 3008 2817 3076 dixerat;
2844 3012 2938 3067 sed
2968 3013 3134 3082 quid?
3158 3012 3266 3085 Ego
3291 3016 3455 3068 cibum
3476 3016 3572 3069 ha.

1999 3096 2089 3151 beo
2115 3099 2437 3165 manducare,
2481 3116 2625 3170 quem
2658 3118 2744 3156 vos
2789 3104 3006 3158 nescitis.
3056 3103 3237 3159 Primo
3286 3106 3461 3175 igitur,
3520 3116 3575 3160 ut

2001 3188 2130 3255 dixi,
2160 3206 2226 3245 ex
2265 3191 2595 3247 dubitatione
2638 3194 2958 3251 attentiores
3004 3194 3129 3250 illos
3178 3197 3374 3259 reddit,
3418 3207 3575 3267 atque

2000 3281 2304 3347 assuefacit,
2335 3293 2393 3337 ut
2415 3285 2576 3338 etiam
2624 3298 2719 3353 per
2738 3287 3038 3355 aenigmata,
3070 3286 3210 3340 dicta
3256 3289 3553 3357 intelligant

2000 3372 2137 3440 Quid
2188 3383 2364 3428 autem
2422 3374 2492 3428 sit
2535 3375 2779 3429 voluntas
2814 3376 3004 3441 Patris,
3034 3377 3285 3447 deinceps
3326 3379 3573 3448 explicat.

2002 3464 2091 3519 35.
2149 3461 2335 3518 Nonne
2372 3481 2456 3518 vos
2503 3464 2706 3529 dicitis,
2752 3466 2886 3529 quod
2931 3466 3100 3520 adhuc
3144 3478 3362 3535 quatuor
3386 3485 3576 3522 menses

2003 3565 2150 3621 sunt,
2201 3566 2246 3608 et
2279 3555 2452 3608 messis
2488 3555 2662 3610 venit?
2708 3552 2840 3610 Ecce
2886 3556 2998 3609 dico
3037 3558 3202 3622 vobis,
3253 3555 3435 3611 Leonte
3459 3574 3578 3611 ocu-

2005 3646 2081 3701 los
2103 3655 2289 3700 uestros
2310 3688 2324 3711 ,
2358 3656 2404 3699 et
2450 3646 2611 3701 videte
2645 3648 2890 3718 regiones,
2926 3648 3044 3719 quia
3073 3649 3201 3702 albas
3232 3658 3349 3703 sunt
3373 3650 3481 3720 iam
3508 3650 3577 3703 ad

2006 3753 2232 3790 messem.

2076 3828 2131 3881 2.
2150 3828 2228 3882 En
2254 3841 2463 3881 rursum
2484 3826 2825 3883 familiaribus
2842 3827 3019 3883 verbis
3041 3827 3160 3884 illos
3180 3828 3246 3883 ad
3267 3829 3570 3885 sublimium

2008 3933 2186 3973 rerum
2211 3919 2708 3989 contemplationem
2729 3919 2902 3990 erigit.
2929 3919 3061 3975 Nam
3082 3935 3204 3975 cum
3231 3920 3405 3976 Cibum
3422 3922 3577 3987 dixit,

2010 4010 2139 4064 nihil
2160 4010 2299 4065 aliud
2326 4026 2483 4080 quam
2512 4012 2737 4065 futuram
2765 4010 3037 4065 hominum
3076 4012 3303 4067 salutem
3343 4012 3580 4069 declara-

2009 4102 2121 4165 vit;
2166 4116 2291 4171 ager
2330 4116 2542 4156 rursum
2580 4111 2634 4155 et
2671 4102 2861 4157 messis
2901 4102 3001 4156 hoc
3042 4103 3217 4171 ipsum
3259 4103 3575 4172 significant,

2010 4196 2304 4249 animarum
2333 4209 2522 4264 nempe
2550 4194 2941 4249 multitudinem
2966 4193 3030 4248 ad
3057 4192 3407 4265 praedicantes
3427 4197 3581 4251 exci-

2013 4284 2234 4354 piendos
2258 4294 2515 4354 paratam.
2541 4283 2734 4339 Oculos
2757 4293 2932 4338 autem
2968 4284 3053 4339 hic
3073 4284 3200 4339 dicit
3220 4295 3274 4340 et
3297 4285 3488 4341 mentis
3526 4295 3580 4342 et

2013 4376 2251 4445 corporis
2283 4394 2296 4429 :
2327 4390 2448 4429 nam
2474 4375 2721 4429 videbant
2753 4372 3208 4430 Samaritanorum
3250 4377 3459 4431 turbam
3488 4392 3580 4431 ve-

2016 4468 2247 4523 nientem
2278 4486 2293 4522 :
2319 4467 2527 4522 illorum
2568 4481 2695 4521 vero
2732 4474 3028 4535 promptam
3056 4465 3376 4521 voluntatem
3404 4468 3582 4537 regio-

2016 4575 2112 4614 nes
2135 4560 2283 4614 albas
2311 4559 2561 4629 appellat.
2593 4557 3048 4627 Quemadmodum
3078 4558 3220 4612 enim
3250 4558 3431 4628 spicae,
3458 4573 3580 4614 cum

2014 4652 2149 4704 albae
2178 4660 2330 4715 sunt,
2357 4651 2464 4718 jam
2502 4650 2569 4704 ad
2619 4665 2846 4704 messem
2883 4658 3007 4704 sunt
3040 4659 3238 4718 paratae
3267 4668 3281 4703 :
3311 4651 3389 4704 sic
3417 4660 3471 4705 et
3498 4653 3583 4705 isti

2016 4742 2080 4796 ad
2108 4741 2327 4796 salutem
2362 4741 2471 4810 jam
2517 4751 2641 4794 sunt
2683 4741 2846 4809 parati
2887 4747 2941 4793 et
2989 4738 3185 4792 idonei.
3231 4738 3298 4793 Et
3336 4755 3434 4794 cur
3479 4757 3583 4795 non

2015 4835 2157 4886 clare
2184 4832 2337 4899 dixit,
2385 4832 2504 4886 illos
2539 4831 2605 4885 ad
2636 4830 2957 4885 credendum
2992 4829 3267 4893 accedere,
3294 4842 3347 4884 et
3377 4843 3584 4899 paratos

2016 4924 2082 4978 ad
2112 4924 2330 4979 verbum
2358 4922 2752 4992 suscipiendum
2776 4937 2915 4986 esse,
2943 4936 2971 4975 a
2997 4922 3267 4992 prophetis
3291 4922 3400 4990 jam
3433 4925 3585 4977 iusti-

2019 5025 2180 5079 tutos,
2203 5026 2255 5070 et
2283 5014 2507 5069 fructum
2556 5014 2892 5079 reddituros;
2940 5013 3036 5069 sed
3075 5014 3343 5083 regionem
3365 5026 3419 5069 et
3446 5031 3586 5070 mes-

2018 5121 2134 5162 sem
2175 5108 2321 5176 ipsos
2360 5107 2680 5175 appellavit?
2728 5106 2852 5175 quid
2895 5107 2997 5161 sibi
3036 5109 3220 5162 volunt
3256 5105 3339 5163 ha:
3366 5108 3589 5177 figurae!

2018 5196 2201 5265 Neque
2227 5196 2366 5250 enim
2406 5197 2490 5250 hic
2533 5205 2756 5263 tantum,
2801 5196 2895 5251 sed
2920 5198 3078 5251 etiam
3105 5211 3201 5267 per
3224 5205 3389 5252 totum
3424 5213 3591 5251 evan-

2019 5288 2211 5358 gelium
2241 5285 2290 5339 id
2320 5288 2427 5355 agit
2453 5303 2466 5339 :
2496 5294 2549 5339 et
2584 5285 2854 5354 pr0phette
2878 5301 3090 5357 quoque
3118 5301 3186 5342 eo
3216 5286 3331 5355 ipso
3374 5296 3588 5339 utuntur

2021 5392 2205 5443 more,
2246 5388 2300 5431 et
2342 5376 2700 5445 metaphoriee
2742 5378 2905 5431 multa
2952 5379 3151 5433 dicunt.
3184 5376 3423 5444 Quanatu
3462 5393 3589 5449 ergo

2020 5468 2088 5523 de
2116 5482 2273 5520 causa
2294 5465 2318 5519 Ἰ
2342 5464 2526 5536 Neque
2551 5467 2691 5520 enim
2725 5478 2924 5522 temere
2954 5469 3183 5537 Spiritus
3216 5469 3382 5538 gratia
3410 5469 3487 5522 sic
3514 5472 3592 5522 iu-

2021 5556 2211 5610 stituit.
2252 5553 2355 5609 Sed
2385 5570 2479 5607 cur
2509 5555 2762 5610 tandem?
2809 5556 3020 5610 Duabus
3059 5556 3126 5611 de
3152 5557 3326 5611 causis
3354 5574 3367 5611 :
3397 5558 3590 5625 primo,

2024 5657 2078 5701 ut
2107 5649 2277 5715 major
2302 5646 2565 5699 dictorqu
2607 5646 2875 5715 emphasis
2900 5655 3061 5711 esset,
3085 5657 3138 5701 et
3155 5662 3215 5703 ca
3236 5650 3286 5701 in
3303 5658 3591 5717 conspectu

2025 5747 2363 5809 ponerentur.
2408 5736 2555 5790 Mens
2597 5741 2738 5791 enim
2786 5736 3063 5807 imaginem
3103 5738 3262 5791 rebus
3299 5750 3589 5793 consonam

2025 5839 2326 5901 assequutn,
2361 5831 2529 5894 magis
2554 5828 2834 5895 excitatur,
2865 5844 2928 5884 ac
2956 5845 3043 5885 res
3067 5831 3215 5900 quasi
3251 5830 3489 5900 depictas
3513 5828 3591 5885 vi-
