4100 6364
499 298 601 356 195

484 428 638 494 deus,
669 425 738 482 ab
763 424 871 493 illis
908 425 1078 496 magis
1105 424 1380 494 abripitur.
1414 423 1538 480 Haec
1566 424 1716 494 prior
1740 435 1826 480 est
1851 439 2054 484 causa:

483 516 739 584 secundo,
781 524 839 569 ut
862 514 1097 569 narratio
1122 513 1193 567 sit
1219 513 1456 580 suavior,
1481 522 1538 569 et
1563 513 1827 569 dictorum
1857 530 2060 570 memo-

484 612 559 661 rla
588 606 756 676 magis
780 611 1105 675 perseveret.
1134 602 1318 672 Neque
1346 604 1591 664 enimita
1629 605 1890 660 sententia
1913 607 2058 660 acci-

484 696 645 764 pitur,
677 710 851 765 neque
879 695 950 748 ita
978 693 1166 748 suadet
1191 693 1520 748 auditoribus
1544 694 1751 761 multis,
1779 704 1838 749 ut
1868 710 2058 749 narra-

483 790 556 841 tio
602 802 697 857 per
733 802 821 841 res
860 787 1025 854 ipsas,
1070 800 1293 854 quarum
1330 785 1752 853 experimentum
1781 786 2056 842 habemus.

484 874 633 942 Quod
662 876 716 930 in
747 875 997 943 parabola
1025 874 1415 943 sapientissime
1442 883 1725 930 tractatum
1748 875 1932 931 videre
1953 886 2055 931 est.

481 968 568 1021 56.
598 966 665 1020 Et
694 966 781 1036 qui
807 966 961 1031 metit,
1010 964 1282 1018 mercedem
1316 964 1518 1034 accipit,
1550 972 1595 1017 et
1622 966 1841 1034 fructum
1868 965 2059 1036 colligit

479 1063 531 1113 in
558 1062 709 1113 vitam
736 1068 996 1113 wternam.
1022 1056 1155 1112 Nam
1186 1065 1411 1111 terrena:
1441 1056 1597 1125 hujus
1616 1058 1810 1111 messis
1832 1057 2055 1121 fructus,

481 1165 586 1204 non
612 1148 678 1203 ad
699 1158 979 1213 aeternam,
1007 1146 1101 1202 sed
1128 1146 1194 1201 ad
1238 1157 1632 1216 temporaneam
1682 1147 1842 1201 vitam
1863 1147 2014 1216 juvat
2039 1164 2054 1213 ;

480 1239 767 1309 spiritualis
791 1253 921 1294 vero
947 1237 1138 1293 messis
1159 1236 1382 1302 fructus,
1406 1236 1472 1291 ad
1494 1237 1847 1291 immortalem
1870 1237 2054 1291 vitam.

481 1328 666 1384 Videnâ€™
685 1326 953 1397 quomodo
980 1327 1141 1380 verba
1167 1324 1380 1394 quidem
1410 1325 1684 1380 sensibilia
1714 1326 1842 1390 sint,
1870 1339 2059 1381 sensus

478 1434 608 1475 vero
635 1418 959 1489 spirituales,
1004 1426 1165 1486 atque
1203 1417 1322 1486 ipsa
1348 1418 1507 1471 verba
1547 1431 1578 1471 a
1616 1418 1918 1472 caelestibus
1946 1427 2057 1473 ter-

479 1526 607 1565 rena
633 1509 1000 1580 distinguant?
1028 1507 1180 1576 Quod
1202 1508 1344 1563 enim
1366 1507 1435 1563 de
1454 1523 1589 1577 aqua
1607 1508 1758 1573 dixit,
1778 1519 2055 1578 postquam

479 1604 595 1670 ejus
621 1601 1001 1671 proprietatem
1032 1599 1379 1664 indicaverat,
1424 1598 1523 1664 Qui
1557 1599 1673 1652 bibit
1699 1615 1762 1653 ea:
1785 1602 1880 1653 hac
1902 1616 2053 1670 aqua,

480 1712 579 1749 non
604 1694 769 1757 sitiet;
812 1692 863 1747 id
904 1693 1077 1763 ipsum
1108 1692 1194 1748 hic
1223 1691 1367 1759 facit,
1398 1707 1517 1746 cum
1544 1693 1617 1746 ait
1653 1691 1797 1746 hunc
1826 1691 2054 1747 fructum

478 1784 655 1854 colligi
683 1784 737 1838 in
777 1784 940 1838 vitam
967 1792 1220 1837 aeternam
1252 1801 1264 1836 :
1309 1792 1367 1837 ut
1405 1791 1461 1838 et
1501 1784 1588 1852 qui
1628 1782 1856 1837 seminat
1883 1792 1937 1837 et
1964 1783 2053 1853 qui

482 1877 632 1930 metit
659 1875 817 1930 simul
845 1874 1128 1944 gaudeant.
1155 1874 1284 1942 Quis
1319 1882 1402 1928 est
1435 1875 1524 1943 qui
1554 1874 1800 1940 seminat,
1823 1875 1944 1943 quis
1972 1883 2056 1930 est

477 1965 567 2035 qui
589 1966 777 2020 metit?
802 1963 1083 2033 Propheta:
1101 1978 1282 2018 semen
1298 1963 1499 2033 jecere,
1523 1979 1622 2018 nec
1638 1965 1735 2033 ipsi
1758 1979 2050 2032 messuere,

478 2055 572 2110 sed
599 2054 851 2124 apostoli.
904 2054 1086 2123 Neque
1134 2063 1308 2109 tamen
1350 2054 1471 2109 ideo
1512 2054 1588 2108 illi
1629 2070 1660 2109 a
1699 2055 1968 2124 voluptate
2001 2064 2055 2110 et

480 2145 723 2200 mercede
748 2145 989 2200 laborum
1023 2144 1209 2211 privati
1240 2154 1401 2210 sunt;
1433 2145 1526 2201 sed
1555 2145 1831 2201 nobiscum
1862 2148 2050 2201 laetan-

478 2248 563 2291 tur
587 2244 641 2292 et
662 2237 914 2306 gaudent,
946 2237 1151 2291 etiamsi
1182 2254 1286 2291 non
1314 2237 1586 2293 nobiscum
1613 2247 1816 2293 metant
1841 2258 1854 2293 :
1880 2254 2052 2309 neque

477 2330 618 2384 enim
666 2330 855 2385 messis
890 2343 1025 2399 opus
1051 2329 1191 2384 idem
1226 2338 1309 2385 est
1334 2344 1398 2384 ac
1434 2331 1707 2385 sementis.
1749 2330 1845 2387 Ubi
1894 2332 2054 2402 igitur

478 2421 651 2477 minor
674 2431 757 2477 est
779 2421 950 2488 labor,
981 2431 1037 2477 et
1079 2422 1249 2492 major
1288 2424 1547 2491 voluptas,
1581 2424 1647 2478 ad
1679 2423 1781 2479 hoc
1808 2440 1903 2479 vos
1932 2440 2050 2481 ser-

478 2513 616 2574 vavi,
642 2527 746 2565 non
788 2510 854 2565 ad
901 2520 1214 2575 sementem,
1262 2510 1351 2566 ubi
1390 2512 1612 2565 multum
1659 2513 1946 2567 laboratur.
1995 2514 2049 2569 In

478 2618 652 2658 messe
677 2615 904 2671 namque
926 2602 1133 2671 amplus
1162 2610 1244 2655 est
1281 2611 1591 2669 proventus,
1620 2602 1770 2655 labor
1793 2618 1920 2658 vero
1943 2619 2047 2658 non

478 2701 675 2757 tantus,
701 2692 794 2747 sed
825 2691 986 2747 multa
1013 2692 1256 2748 facilitas.
1282 2691 1376 2746 Hic
1397 2700 1575 2747 autem
1601 2693 1714 2746 vult
1727 2694 2044 2763 significare,

479 2783 855 2855 prophetarum
903 2782 1229 2838 voluntatem
1261 2797 1377 2837 eam
1416 2796 1556 2844 esse,
1603 2792 1664 2835 ut
1702 2782 1944 2839 homines
1980 2786 2048 2840 ad

476 2893 560 2930 me
586 2875 872 2939 accedant;
905 2872 1006 2928 boc
1035 2882 1088 2927 et
1107 2873 1193 2927 lex
1219 2873 1512 2942 apparavit.
1546 2871 1670 2927 Ideo
1695 2874 2044 2939 seminarunt,

476 2975 534 3019 ut
560 2964 701 3018 hunc
739 2964 966 3018 fructum
1010 2970 1277 3030 parerent.
1325 2961 1570 3016 Ostendit
1608 2978 1817 3031 quoque
1861 2978 1919 3017 se
1950 2961 2048 3016 mi-

474 3056 605 3111 sisse
636 3056 775 3121 illos,
805 3069 868 3109 ac
893 3054 1111 3107 multam
1144 3054 1281 3107 inter
1308 3062 1540 3107 veterem
1571 3064 1625 3108 et
1654 3070 1842 3107 novam
1874 3054 2045 3124 legem

474 3160 591 3201 esse
610 3144 939 3209 affinitatem,
969 3143 1234 3213 simulque
1257 3143 1435 3197 omnia
1464 3158 1561 3213 per
1583 3143 1714 3197 hanc
1739 3145 2046 3213 parabolam

474 3239 655 3293 efficit.
695 3237 929 3292 Meminit
969 3246 1144 3290 autem
1196 3235 1458 3303 proverbii
1489 3236 1787 3304 cujusdam,
1820 3237 1963 3306 quod
1993 3238 2044 3292 in

472 3334 759 3386 multorum
818 3345 913 3386 ore
954 3328 1244 3384 ferebatur.
1284 3329 1370 3382 '57.
1406 3326 1471 3380 In
1511 3328 1606 3381 hoc
1653 3328 1805 3394 enim,
1851 3328 2039 3398 inquit,

472 3437 547 3480 est
574 3423 771 3478 verbum
800 3439 971 3476 verum
1002 3437 1021 3476 :
1049 3422 1165 3492 quia
1199 3419 1330 3473 alius
1357 3429 1427 3473 est
1451 3421 1536 3489 qui
1560 3421 1791 3486 seminat,
1816 3420 1948 3474 alius
1973 3430 2045 3474 est

469 3516 557 3586 qui
582 3516 738 3569 metit.
769 3513 894 3568 Haec
922 3521 1101 3567 autem
1128 3511 1373 3565 dicebant
1402 3510 1575 3575 multi,
1604 3509 1740 3564 Num
1779 3510 1870 3564 alii
1899 3510 2045 3564 labo.

470 3623 556 3662 res
581 3608 799 3674 ferrent,
830 3605 919 3660 alii
961 3603 1166 3659 fructus
1207 3603 1599 3671 decerperent?
1642 3602 1872 3672 dicitque
1904 3622 1916 3657 :
1948 3601 2043 3657 Hic

469 3698 771 3768 sermojam
800 3710 959 3752 verus
982 3704 1064 3751 est
1095 3713 1108 3749 :
1156 3694 1429 3763 propheta:
1458 3693 1671 3762 quidem
1703 3694 2033 3758 laborarunt,

468 3804 564 3842 vos
583 3796 758 3842 autem
789 3786 1029 3841 laborum
1067 3785 1302 3852 ipsorum
1335 3784 1561 3837 fructum
1588 3783 1893 3851 decerpitis.
1924 3782 2039 3837 Non

468 3879 620 3945 dixit,
650 3878 950 3933 mercedem
983 3894 997 3930 :
1033 3891 1204 3946 neque
1226 3876 1367 3930 enim
1410 3876 1479 3928 illi
1506 3876 1624 3931 sine
1651 3875 1898 3930 mercede
1921 3885 2040 3929 tan-

472 3981 582 4022 tum
608 3982 891 4037 suscepere
921 3965 1158 4021 laborem
1185 3980 1199 4031 ;
1223 3965 1337 4028 sed,
1370 3964 1617 4017 fructum.
1647 3964 1757 4018 lloc
1782 3975 1835 4019 ct
1859 3965 2040 4020 Daniel

466 4062 590 4113 fecit
617 4058 720 4131 (a);
750 4058 864 4126 ipse
889 4070 1117 4124 namque
1140 4054 1473 4123 proverbium
1498 4053 1597 4107 hoc
1616 4062 1998 4108 commemorat
2021 4072 2035 4108 :

470 4151 606 4206 Exiit
632 4150 693 4203 ab
718 4149 899 4220 iniquis
925 4148 1083 4201 scelus
1111 4145 1184 4217 (Î¹.
1218 4145 1345 4216 Reg.
1370 4144 1459 4199 '24.
1503 4142 1612 4215 Î—).
1640 4144 1802 4199 David
1829 4159 2038 4214 quoque

526 4324 599 4385 (a)
636 4322 690 4373 ln
727 4322 986 4385 sequentia
1026 4331 1186 4385 usque
1205 4318 1262 4368 ad
1286 4316 1397 4385 ideo
1410 4316 1521 4378 jam
1551 4316 1909 4385 priussavilius
1932 4317 2039 4385 haec

464 4376 625 4435 uolat:
642 4393 754 4433 ch
775 4376 935 4444 verba,
949 4376 1125 4444 inquit,
1140 4376 1511 4444 olentglossema
1528 4376 1696 4441 ."quod
1719 4377 1762 4427 si
1784 4376 2038 4444 retinenda

464 4453 590 4503 sunt,
610 4453 660 4496 ut
681 4458 740 4494 ea
756 4437 931 4493 retinet
945 4437 1139 4502 uterque
1161 4437 1326 4503 Codex
1360 4448 1539 4503 noster,
1553 4437 1649 4503 pro
1686 4438 1851 4503 Daniel
1876 4437 2039 4503 tegent

466 4491 590 4555 dimi
607 4491 868 4572 estvliavid,
891 4491 1221 4572 et'pro'navid
1244 4502 1365 4572 forte
1670 4499 1742 4572 {vel
1766 4491 2038 4548 Daniel'vel

465 4571 725 4626 Jcremias;
750 4566 834 4615 sed
856 4560 1031 4615 nescio.
1056 4560 1298 4613 Hactenus
1317 4560 1533 4611 savil'ius.
1560 4560 1780 4626 Sedehaac
1803 4573 1906 4626 non
1923 4573 2037 4626 esse

463 4620 929 4690 glossema'probant
947 4638 1118 4690 omnes
1141 4632 1245 4673 Mss.
1273 4631 1445 4690 nostri,
1471 4631 1575 4671 tum
1601 4624 1747 4690 etiam
1769 4620 1992 4690 Saviliani
2018 4654 2035 4679 ,

463 4682 545 4753 qui
590 4689 694 4738 haec
716 4682 936 4753 similiter
952 4688 1168 4753 habent,
1198 4694 1250 4735 et
1272 4683 1730 4753 omninoquadrant
1753 4682 2034 4753 ad'seriem:

464 4742 715 4813 lâ€˜ostquam
761 4749 892 4798 enim
934 4742 1167 4813 dixeram:
1202 4742 1664 4813 laborarunt'enim
1688 4742 1950 4813 prop/natae,
1976 4743 2035 4791 ad

465 4805 690 4873 exempla
713 4823 825 4873 mox
849 4811 1000 4868 venit,
1023 4817 1073 4873 et
1097 4809 1249 4873 primo
1272 4805 1519 4873 Danielem
1543 4811 1916 4873 commemorat;
1940 4806 2036 4873 imo

465 4866 629 4933 potius
655 4866 1141 4935 Davidem_:__nam__hic
1164 4866 1416 4935 Danielem
1438 4875 1556 4928 puto
1580 4866 1811 4935 mendose
1834 4878 1922 4935 pro
1946 4872 2034 4935 Da:

464 4924 573 4982 vide
609 4930 1107 4994 positumalibrariis.
1133 4930 1372 4994 siquidem
1405 4924 1713 4994 pfoverbium
1747 4924 1880 4994 illud,
1915 4926 2037 4975 exiit

461 4987 709 5055 abutiquis
730 4992 900 5057 scelus,
924 4994 986 5057 ab
1018 5005 1113 5057 uno
1144 4987 1322 5039 Davide
1354 4987 1587 5057 prolatum
1621 4987 1881 5057 reperiml
1918 4995 2031 5049 Reg.

462 5058 552 5116 24,
588 5049 643 5105 15
663 5093 676 5113 ,
716 5054 801 5103 ubi
832 5049 1020 5103 saniem
1052 5051 1332 5116 alloquens,
1355 5049 1420 5116 iet
1462 5050 1527 5097 de
1558 5049 2034 5116 insidiiseontrase

462 5108 656 5167 structis
668 5108 1205 5180 'conquerens_,_l)eique
1220 5113 1452 5180 justitiam
1474 5108 1722 5180 appellans
1742 5108 1876 5180 dicit,
1887 5177 1895 5180 _
1908 5114 1964 5156 (Et
1984 5108 2035 5157 in

463 5180 608 5228 veteri
627 5167 1064 5238 fertur'proverbio,
1080 5167 1347 5238 Eagâ€˜iniquis
1368 5167 1641 5238 egredietur
1663 5167 1834 5218 scelus.
1862 5169 2035 5238 itaque

465 5241 555 5288 hoc
588 5228 882 5303 nonnisi'de
917 5228 1093 5303 Davide
1124 5228 1417 5303 dicilpptuit'l
1447 5232 1793 5303 ljergitauâ€™tem
1824 5244 1840 5303 Î¾
1880 5228 2031 5303 Dauid

463 5314 646 5367 ÎµÎ¹Ï…Î¿Ï‚Î¹Î¹Î¹Îµ
669 5298 828 5362 ï¬‚endo
864 5295 1006 5367 huius
1050 5289 1286 5367 ÏÎ½Î¿Î½Î¸Î½Î¹Î¾Î¾á½·
1321 5289 1568 5367 necauit?
1589 5289 2034 5367 ateriae}???

462 5349 639 5410 Davi'de
669 5349 813 5422 'supra
838 5349 1200 5419 positum'puto,
1235 5357 1298 5403 ita
1321 5354 1397 5402 hic
1429 5353 1691 5422 l)avid_pro
1724 5349 1922 5422 Daniele
1947 5349 2033 5422 p07

459 5424 584 5470 situs
602 5412 781 5479 fueri't;
815 5412 926 5468 nam
957 5412 1210 5480 postquam
1235 5430 1324 5478 per
1346 5424 1447 5480 tres
1471 5412 2036 5480 hebdomadashï¬‚everat

463 5490 516 5530 et
542 5472 852 5544 jejttnaverat
874 5472 1055 5544 Daniel,
1077 5472 1199 5544 hinc
1215 5472 1346 5544 post
1361 5474 1451 5523 alia
1484 5472 1641 5544 multa
1658 5472 1853 5544 audivit,
1874 5479 1919 5520 et
1943 5472 2035 5544 iui-

461 5530 561 5603 qne'
574 5530 713 5604 agent
928 5530 1147 5605 Î¸ÎµÏá½·-12,
1182 5530 1239 5586 10
1256 5551 1275 5605 _:
1300 5537 1351 5605 id
1370 5535 1497 5605 quod
1522 5533 1710 5605 inillud
1743 5545 1891 5605 supra
1912 5530 2033 5605 alla-

464 5592 565 5652 tum
603 5592 911 5665 proverbium
930 5592 1120 5665 recidit,
1136 5592 1228 5648 á¼˜á½·Îµ
1248 5592 1423 5665 iniquis
1446 5596 1723 5665 egredtetur_
1734 5592 1914 5665 scelus.
1936 5592 2033 5665 Yet

464 5678 565 5712 rum
605 5652 786 5713 'contra
832 5652 1253 5724 Manuscriptorum
1294 5652 1501 5707 omnium
1548 5659 1880 5705 auctoritatem
1914 5652 2031 5702 nihil

463 5733 649 5774 mutare
671 5727 774 5772 ausi
806 5735 983 5772 sumus.

1209 290 1269 348 Î’.
1302 287 1578 347 JOANNIS
1611 288 2081 349 CHRYSOSTOMI
2120 292 2433 373 ARCHIEP.
2473 298 2996 359 (ZONSTANTINOP.

3624 315 3721 371 l9c

2171 407 2347 465 ï¬‚endo
2377 412 2531 483 hujus
2574 417 2831 484 proverbii
2878 418 3136 473 meminit.
3185 418 3307 475 Ideo
3338 421 3447 492 jam
3490 424 3633 492 prius
3658 426 3731 481 di-

2168 512 2315 555 xerat
2346 520 2361 558 :
2387 503 2455 558 Ut
2481 514 2527 560 et
2549 509 2632 575 qui
2656 509 2865 561 seminat
2890 510 3042 563 simul
3082 510 3321 580 gaudeat,
3366 523 3413 566 et
3446 514 3541 583 'qui
3570 518 3725 570 metit.

2164 591 2299 657 Quia
2323 593 2465 648 enim
2502 596 2739 652 dicturus
2783 608 2896 653 erat
2936 601 3095 653 alium
3133 602 3537 669 seminaturum,
3568 605 3728 659 alium

2170 696 2468 738 messorum
2500 700 2640 752 esse,
2684 704 2753 743 ne
2786 689 2926 759 quis,
2968 701 3025 744 ut
3052 690 3180 755 dixi,
3213 704 3417 761 putaret
3445 695 3729 764 pr0phctas

2165 773 2411 830 mercede
2440 777 2631 844 privari
2661 794 2777 846 sua,
2806 797 2997 835 novum
3020 785 3285 853 quidpiam
3317 795 3372 841 et
3402 786 3731 855 inexspecla-

2165 871 2276 917 tum
2301 865 2462 932 dicit;
2511 869 2650 938 quod
2700 873 2750 925 in
2805 874 2965 928 rebus
3016 876 3300 932 sensilibus
3350 893 3453 933 non
3504 880 3727 945 accidat,

2163 953 2261 1007 sed
2313 955 2367 1009 in
2433 958 2794 1026 spiritualibus
2865 962 3115 1017 eximium
3177 966 3263 1019 sit.
3332 967 3386 1020 In
3452 969 3731 1023 sensilibus

2163 1044 2304 1099 enim
2366 1050 2411 1102 si
2485 1051 2753 1121 contingat
2821 1054 2982 1107 alium
3048 1070 3225 1111 serere
3258 1098 3274 1123 ,
3341 1057 3499 1112 alium
3566 1071 3730 1111 mete-

2164 1148 2265 1199 re,
2318 1152 2425 1191 non
2479 1153 2582 1192 una
2639 1141 2888 1211 gaudent,
2931 1144 3023 1197 sed
3067 1144 3211 1198 dolet
3261 1148 3308 1200 is
3355 1149 3445 1214 qui
3496 1150 3731 1201 semina-

2161 1226 2275 1295 vit,
2321 1238 2502 1298 utpote
2542 1232 2629 1300 qui
2676 1233 2827 1288 alteri
2874 1233 3229 1301 laboraverit;
3283 1237 3513 1307 gaudent
3539 1255 3662 1291 vero
3693 1239 3727 1291 ii

2164 1325 2363 1373 tantum
2417 1324 2506 1390 qui
2551 1332 2774 1377 metunt.
2823 1325 2919 1381 Hic
2976 1338 3151 1380 autem
3199 1342 3302 1381 non
3355 1328 3454 1393 ita;
3504 1329 3596 1382 sed
3638 1331 3725 1393 qui

2162 1423 2267 1463 non
2298 1422 2501 1467 metunt
2530 1430 2591 1468 ea
2617 1430 2734 1484 quae
2758 1416 3106 1481 seminarunt,
3137 1434 3240 1471 una
3263 1434 3380 1472 cum
3409 1420 3728 1474 metentibus

2160 1500 2428 1568 gaudent;
2458 1503 2597 1558 unde
2625 1506 2793 1573 palam
2831 1515 2914 1560 est
2936 1522 3029 1561 eos
3073 1509 3330 1563 mercedis
3354 1525 3472 1564 esse
3498 1526 3723 1564 consor-

2161 1599 2262 1646 tes.
2296 1593 2383 1648 58.
2420 1594 2526 1665 Ego
2552 1597 2665 1650 misi
2696 1613 2780 1652 vos
2807 1610 2986 1652 metere
3012 1601 3146 1669 quod
3171 1617 3256 1655 vos
3291 1618 3390 1655 non
3416 1603 3674 1656 laborastis
3705 1620 3724 1657 :

2160 1682 2250 1735 alii
2277 1684 2587 1753 laborarunt,
2612 1698 2657 1740 et
2684 1705 2768 1742 vos
2802 1690 2856 1743 in
2899 1690 3116 1745 laborem
3143 1710 3311 1747 eorum
3338 1696 3579 1748 intrastis.
3611 1696 3724 1750 lloc

2160 1784 2315 1843 pacto
2356 1776 2476 1831 illos
2514 1779 2704 1833 melius
2747 1779 3007 1836 hortatur.
3042 1782 3174 1850 Quia
3222 1784 3363 1838 enim
3402 1784 3721 1838 laboriosum

2159 1866 2432 1922 videbatur
2460 1884 2578 1923 esse
2610 1880 2776 1926 totum
2813 1875 2997 1928 orbem
3029 1889 3305 1945 peragrare
3333 1885 3387 1931 et
3415 1878 3721 1945 prmdicarc,

2159 1971 2273 2010 rem
2298 1972 2414 2012 esse
2441 1958 2647 2014 facilem
2677 1962 2927 2016 ostendit.
2966 1962 3097 2018 Nam
3126 1966 3226 2019 hoc
3251 1965 3595 2029 laboriosum,
3621 1966 3724 2022 hoc

2158 2046 2311 2100 multi
2357 2048 2569 2103 sudoris
2608 2060 2743 2115 erat,
2780 2052 2979 2106 semina
3018 2053 3217 2122 jacere,
3265 2064 3321 2109 et
3358 2056 3585 2110 animam
3615 2072 3720 2110 non

2158 2136 2416 2191 initiatam
2442 2138 2510 2192 ad
2550 2139 2644 2194 Dei
2683 2142 3031 2211 cognitionem
3072 2143 3355 2199 deducere.
3401 2144 3507 2201 Cur
3544 2157 3720 2201 autem

2158 2228 2272 2284 haec
2295 2230 2559 2300 loquitur?
2580 2232 2649 2289 Ut
2675 2249 2795 2288 cum
2837 2237 3066 2290 mitteret
3090 2251 3183 2291 eos
3209 2237 3275 2291 ad
3304 2237 3718 2305 praedicandum,

2156 2335 2261 2375 non
2307 2323 2684 2391 turbarentur,
2733 2327 2881 2395 quasi
2927 2328 2989 2379 ad
3039 2343 3149 2382 rem
3197 2328 3511 2383 laboriosam
3552 2332 3718 2384 missi.

2156 2410 2539 2483 PI'ophetarum
2566 2415 2760 2485 quippe
2788 2432 2980 2471 munus
3020 2418 3171 2487 longe
3200 2420 3365 2487 magis
3392 2420 3717 2474 laboriosum

2164 2512 2300 2567 erat,
2334 2514 2387 2557 ut
2413 2520 2499 2559 res
2525 2505 2637 2574 ipsa
2664 2507 3009 2570 testificatur;
3038 2523 3131 2563 vos
3170 2508 3234 2562 ad
3278 2510 3445 2563 facilia
3476 2512 3720 2564 venistis.

2154 2591 2302 2647 Sicut
2325 2594 2465 2648 enim
2493 2594 2545 2649 in
2576 2610 2746 2650 messe
2777 2597 2925 2650 facile
2955 2596 3154 2653 fructus
3183 2599 3465 2669 colligitur,
3493 2613 3545 2655 et
3574 2602 3720 2655 brevi

2154 2690 2394 2753 tempore
2422 2700 2547 2740 area
2574 2688 2858 2755 manipulis
2898 2688 3170 2759 impletur,
3221 2705 3318 2745 nec
3356 2701 3594 2761 tempora
3621 2709 3718 2746 ex.

2152 2782 2475 2844 spectantur,
2508 2792 2613 2830 non
2656 2776 2843 2841 hiems,
2877 2794 2980 2831 non
3026 2794 3137 2846 ver,
3172 2796 3275 2834 non
3308 2780 3512 2836 imber:
3559 2783 3627 2835 ita
3664 2792 3721 2837 et

2153 2881 2292 2921 nunc
2320 2867 2377 2920 fit
2401 2885 2415 2930 ;
2447 2880 2504 2922 ut
2532 2869 2641 2938 ipsa
2668 2884 2825 2938 Opt'lâ€˜a
2849 2870 3099 2925 clamant.
3130 2870 3262 2923 Dum
3305 2871 3419 2925 hmc
3448 2871 3533 2926 ille
3568 2872 3717 2926 dice-

2151 2967 2252 3022 ret,
2277 2959 2518 3015 exierunt
2561 2960 2896 3027 Samaritani,
2931 2970 2984 3016 et
3016 2962 3302 3017 confertim
3344 2964 3595 3019 collectus
3636 2975 3718 3020 est

2152 3049 2386 3113 fructus;
2415 3049 2533 3105 ideo
2560 3049 2767 3105 dicebat
2795 3069 2807 3103 :
2847 3049 3028 3105 Levate
3055 3052 3224 3106 oculos
3252 3065 3460 3122 vestros,
3494 3065 3537 3107 et
3558 3055 3718 3108 uidete

2150 3140 2392 3209 regiones,
2426 3141 2542 3210 quia
2584 3141 2711 3195 alba:
2737 3152 2869 3195 sunt.
2901 3141 3026 3196 Haec
3052 3141 3202 3207 dixit,
3234 3154 3288 3198 et
3331 3159 3415 3197 res
3452 3138 3561 3213 ipsa
3602 3146 3711 3199 visa

2149 3239 2251 3293 est,
2273 3245 2572 3285 sermonem
2597 3247 2759 3301 opera
2788 3242 3008 3302 sequuta
3037 3242 3183 3288 sunt.
3207 3234 3338 3288 Nam
3366 3235 3450 3290 '59.
3481 3234 3563 3288 Ea:
3587 3237 3712 3288 civi-

2150 3331 2249 3375 tate
2271 3323 2362 3376 illa
2396 3324 2541 3377 multi
2566 3325 2882 3378 crediderunt
2914 3325 2969 3379 in
2996 3342 3110 3379 eum
3139 3326 3569 3381 Samaritanorum
3593 3347 3713 3397 pro-

2150 3426 2260 3485 pter
2278 3416 2476 3470 verbum
2509 3418 2729 3472 mulieris
2753 3418 3086 3472 testimonium
3118 3420 3438 3488 perhibentis,
3472 3419 3604 3486 Quia
3633 3422 3712 3474 di-

2144 3507 2221 3562 cit
2244 3508 2365 3560 milii
2393 3508 2560 3562 omnia
2595 3523 2915 3579 quaecumque
2950 3509 3066 3577 feci.
3115 3508 3375 3564 Videbunt
3409 3514 3547 3564 enim
3592 3526 3711 3565 eam

2148 3613 2253 3652 non
2280 3599 2345 3652 ad
2368 3600 2586 3667 gratiam
2617 3598 2857 3654 laudasse
2879 3599 3046 3665 illum,
3078 3601 3165 3670 qui
3202 3609 3413 3669 peccata
3440 3615 3533 3655 sua
3560 3616 3712 3656 coar-

2145 3692 2345 3760 guisset
2375 3709 2388 3755 ;
2421 3706 2589 3760 neque
2611 3700 2668 3745 ut
2693 3692 2912 3762 gratiam
2935 3693 3225 3762 cujuSpiam
3256 3695 3353 3749 sibi
3377 3695 3705 3761 conciliaret,

2148 3785 2271 3838 vitia
2298 3799 2389 3838 sua
2418 3786 2665 3839 omnibus
2693 3783 3013 3854 patefacere.

2217 3878 2268 3931 5.
2297 3876 2443 3930 Hanc
2472 3892 2597 3945 ergo
2626 3877 2899 3931 mulierem
2925 3885 2976 3930 et
3003 3890 3097 3930 nos
3124 3877 3407 3943 imitemur,
3431 3886 3483 3931 et
3510 3878 3559 3930 in
3585 3893 3709 3947 pec-

2143 3967 2276 4022 catis
2323 3969 2518 4021 uostris
2556 3964 2829 4034 vulgandis
2876 3979 2942 4020 ne
2984 3981 3262 4021 vereamur
3301 3967 3578 4031 homines;
3612 3967 3705 4021 sed

2145 4060 2309 4113 Deum
2339 4069 2395 4112 ut
2422 4073 2518 4127 par
2544 4066 2627 4113 est
2653 4057 2947 4121 timeamus,
2980 4056 3069 4126 qui
3096 4070 3149 4113 et.
3184 4074 3321 4112 nunc
3346 4058 3575 4113 facinora
3610 4076 3705 4111 no-

2142 4160 2250 4205 stra
2278 4149 2437 4214 videt,
2470 4157 2525 4204 et
2546 4158 2669 4203 tunc
2695 4147 2973 4218 puniturus
3010 4156 3092 4202 est
3121 4165 3216 4205 cos
3239 4150 3324 4218 qui
3367 4166 3503 4205 nunc
3537 4151 3708 4219 paeni-

2144 4240 2359 4294 tentiam
2392 4254 2495 4293 non
2536 4248 2715 4309 agunt.
2747 4240 2817 4292 At
2855 4251 2951 4292 nos
2984 4248 3164 4293 contra
3195 4254 3336 4301 eum,
3366 4240 3454 4308 qui
3492 4255 3588 4294 nos
3619 4242 3705 4309 ju-

2142 4332 2410 4387 dicaturus
2451 4340 2552 4397 est,
2601 4347 2703 4385 non
2757 4331 3029 4394 timemus;
3078 4346 3172 4385 eos
3209 4340 3403 4394 autem,
3438 4333 3524 4400 qui
3553 4335 3705 4386 nobis

2143 4438 2336 4478 nocere
2361 4431 2650 4492 nequeunt,
2682 4421 3040 4485 formidamus,
3071 4421 3452 4490 tremimusqne
3478 4437 3543 4476 ne
3564 4423 3704 4488 apud

2144 4514 2265 4568 illos
2295 4513 2504 4569 infamia
2536 4514 2853 4567 laboremus.
2886 4513 3085 4567 Idcirco
3117 4513 3167 4565 in
3199 4527 3303 4581 quo
3348 4513 3613 4577 timemus,
3655 4516 3705 4564 in

2142 4621 2208 4661 eo
2253 4622 2435 4674 ptenas
2475 4605 2737 4659 dabimus.
2782 4604 2912 4659 Nam
2953 4605 3040 4673 qui
3090 4605 3259 4658 solum
3292 4620 3357 4657 ne
3402 4604 3706 4657 hoininibus

2143 4697 2309 4765 turpis
2338 4695 2574 4750 videatur
2611 4705 2781 4758 cavet,
2827 4710 2997 4765 neque
3034 4695 3300 4748 erubescit
3351 4696 3455 4748 Deo
3495 4695 3712 4748 vidente

2142 4787 2397 4842 nefarium
2425 4785 2689 4855 quidpiam
2717 4794 2946 4855 patrare,
2971 4786 3014 4838 si
3041 4799 3144 4838 non
3175 4784 3538 4852 pmnitentiam
3563 4794 3701 4851 agat,

2140 4879 2195 4934 in
2235 4879 2321 4932 illa
2351 4879 2437 4933 die
2481 4894 2587 4932 non
2632 4888 2753 4932 ante
2791 4894 2951 4931 unum
2994 4888 3084 4931 aut
3123 4878 3277 4943 duos,
3317 4878 3407 4931 sed
3435 4878 3565 4931 orbe
3595 4887 3706 4930 toto

2141 4971 2350 5026 vidente
2373 4970 2691 5024 traducetur.
2720 4968 2849 5022 Nam
2874 4967 3011 5038 quod
3041 4968 3104 5021 ad
3133 4969 3266 5021 bona
3295 4979 3347 5021 et
3374 4968 3508 5019 mala
3538 4982 3702 5034 Opera

2140 5061 2424 5131 spectanda
2465 5074 2684 5129 magnus
2714 5060 2782 5114 ibi
2822 5074 3104 5113 consessus
3129 5059 3216 5122 sit,
3253 5057 3501 5126 parabola
3528 5057 3703 5111 ovium

2139 5164 2194 5207 et
2222 5151 2494 5206 haedorum
2525 5161 2574 5204 te
2597 5149 2801 5215 doceat,
2829 5163 3032 5202 necnon
3058 5147 3241 5202 beatus
3271 5147 3485 5212 Paulus,
3512 5147 3597 5214 qui
3627 5146 3706 5199 di-

2139 5249 2212 5303 cit
2238 5266 2252 5301 :
2282 5244 2467 5299 Omnes
2490 5246 2621 5298 enim
2646 5261 2734 5298 nos
2772 5242 3082 5313 manifestari
3119 5250 3311 5310 Oportet
3339 5251 3453 5292 ante
3481 5239 3701 5291 tribunal

2140 5336 2344 5403 Christi,
2373 5344 2426 5388 ut
2455 5338 2637 5404 referat
2682 5333 3014 5402 unusquisque
3048 5330 3251 5399 propria
3291 5329 3514 5397 corporis
3558 5334 3705 5395 prout

2138 5426 2364 5498 gesserit,
2407 5426 2509 5477 sive
2545 5425 2751 5488 bonum,
2786 5424 2885 5475 sive
2921 5422 3106 5474 malum
3150 5422 3221 5489 (l.
3265 5418 3384 5473 Cor.
3417 5419 3467 5473 5.
3501 5417 3621 5483 10);
3652 5426 3706 5472 et

2140 5530 2342 5581 rursus,
2375 5514 2473 5580 Qui
2499 5513 2831 5580 manifestabit
2857 5512 3148 5565 abscondita
3184 5509 3495 5563 tenebrarum
3522 5510 3539 5575 (
3564 5506 3590 5558 l
3599 5508 3706 5561 bid.

2138 5611 2190 5662 4.
2223 5607 2300 5675 5).
2334 5603 2655 5659 Commisisti
2685 5603 2897 5672 aliquod
2927 5610 3221 5671 peccatum,
3251 5608 3344 5652 aut
3367 5597 3609 5668 cogitasti
3639 5598 3707 5649 il-

2140 5698 2250 5763 lud,
2279 5706 2333 5753 et
2364 5695 2662 5750 hominibus
2687 5694 2955 5748 occultas?
2997 5694 3067 5749 At
3094 5692 3201 5745 Deo
3231 5705 3337 5746 non
3362 5687 3618 5743 occultas.
3647 5686 3707 5741 Et
