4100 6364
423 339 525 398 197

331 443 334 446 ⁴
419 451 527 523 πρὸ
557 450 855 522 ὀφθαλμῶν
881 443 1021 504 εἶδεν
1052 449 1264 502 ἐστῶτα
1295 450 1323 502 ό
1351 446 1624 508 πλούσιος,
1660 446 1754 498 καὶ
1786 445 1846 496 ὃν
1877 439 2000 495 πολ-

415 538 576 602 λάκις
606 538 926 602 ἐϐδελύξατο
949 537 1234 594 δάκτυλον,
1265 535 1456 588 τοῦτον
1487 533 1800 604 παρακαλεῖ
1822 547 2002 597 παρα-

420 621 620 693 μυθίαν
663 623 814 692 αὐτῷ
850 621 1102 688 γενέσθαι
1149 620 1292 675 τότε.
1335 617 1646 688 Παρακαλῶ
1673 617 1872 678 τοίνυν,
1899 613 2003 666 κᾶν

420 706 608 776 μηδεὶς
641 707 725 777 ἴδῃ
745 705 813 757 τὰ
843 705 1106 774 ἡμέτερα,
1134 704 1366 756 ’ἑκαστον
1409 702 1568 773 ἡμῶν
1603 703 1683 758 εἰς
1719 701 1780 753 16
1808 695 2002 753 ἐαυτοῦ

419 787 658 851 συνειδὸς
689 787 972 851 εἰσελθεῖν,
1012 787 1108 840 καὶ
1141 787 1365 840 καθίσαι
1400 784 1578 855 ἐαυτῷ
1607 781 1868 853 δικαστὴν
1913 781 2003 834 τὸν

417 870 696 940 λογισμὸν,
732 871 827 924 καὶ
855 873 934 932 είς
964 871 1129 941 μέσον
1168 871 1320 938 ἄγειν
1354 870 1422 922 τά
1468 865 1999 939 πεπλημμελημένα·

419 956 512 1009 καὶ
534 956 580 1007 εί
620 956 693 1024 μὴ
728 954 969 1024 βούλοιτο
1009 953 1463 1023 ἐκπομπευθῆναι
1505 953 1564 1004 ἐν
1606 953 1673 1021 τῇ
1711 950 1897 1022 ἡμέρᾳ
1934 951 2000 1019 τῇ

380 1079 394 1100 λ
419 1038 644 1108 φοϐερᾷ,
672 1035 962 1090 ἐπιτιθέτω
1005 1039 1074 1092 τὰ
1107 1038 1376 1107 φάρμακα
1418 1036 1516 1106 τῆς
1551 1034 1862 1106 μετανοίας,
1908 1033 2003 1084 καὶ

424 1126 664 1178 ἰασάσθω
682 1127 747 1178 τὰ
781 1125 1070 1197 τραύματα
1097 1138 1144 1176 ο.
1181 1126 1399 1191 Ἔξεστι
1425 1125 1556 1195 γὰρ,
1586 1123 1763 1190 ἔξεστι
1797 1120 2004 1192 μυρίων

419 1209 659 1277 γέμοντα
693 1211 1044 1280 τραυμάτων,
1071 1209 1322 1263 ἀπελθεῖν
1345 1208 1674 1277 ὑγιαίνοντα.
1721 1207 1863 1259 Ἐὰν
1895 1205 2004 1274 γὰρ

420 1289 634 1358 ἀφῆτε,
658 1294 844 1360 φησιν,
871 1292 1167 1360 ἀφέωνται
1197 1292 1366 1361 ὑμῶν
1386 1295 1444 1345 αὶ
1473 1290 1770 1361 ἁμαρτίαν
1798 1288 1908 1342 ἐὰν
1936 1285 2005 1340 δὲ

417 1373 502 1443 μὴ
527 1375 740 1444 ἀφῆτε,
766 1379 876 1430 οὐκ
905 1375 1220 1445 ἀφέωνται.

495 1459 706 1530 ’Ὠσπερ
735 1459 844 1531 γὰρ
874 1461 932 1512 ἐν
968 1458 1048 1530 τῷ
1080 1459 1417 1529 βαπτίσματι
1446 1453 1905 1527 καταχωννύμενα
1936 1452 2004 1506 τά

421 1540 796 1613 ἁμαρτήματα
827 1543 927 1596 οὐκ
956 1543 1036 1594 ἔτι
1059 1543 1332 1610 φαίνεται·
1367 1540 1509 1594 οὕτω
1547 1537 1837 1593 καὶταῦτα
1859 1540 2003 1606 ἀφα-

421 1625 776 1697 νισθήσεται,
810 1627 906 1680 ἐὰν
967 1627 1280 1698 θελήσωμεν
1339 1626 1688 1696 μετανοῆσαι.
1743 1623 1899 1676 Ἔστι
1945 1623 2004 1676 δέ

425 1709 681 1777 μετάνοια
725 1709 784 1762 τὸ
817 1711 1124 1781 μηκέτιιτά
1158 1710 1297 1762 αύτά
1330 1711 1500 1762 ποιεῖν
1525 1707 1574 1762 b.
1631 1707 1694 1760 '0
1726 1706 1838 1774 γὰρ
1881 1705 2006 1769 τοῖς

420 1791 626 1858 αὐτοῖς
675 1791 1006 1862 ἐπιχειρῶν,
1058 1793 1216 1847 ἔοικε
1265 1790 1347 1857 τῷ
1395 1792 1532 1845 κυνί
1578 1789 1657 1855 τῷ
1706 1789 1854 1856 πρὸς
1900 1787 2007 1842 τὸν

421 1874 577 1928 ἴδιον
592 1875 806 1944 ἔμετον
829 1878 1155 1939 ἐπανιόντι,
1177 1875 1271 1928 καὶ
1309 1874 1386 1945 τῷ
1409 1875 1550 1929 κατά
1577 1875 1675 1945 τὴν
1704 1871 2004 1944 παροιμίαν

421 1959 500 2021 εἰς
527 1958 638 2029 πῦρ
674 1959 901 2022 ξαίνοντι
935 1958 1088 2031 [200]
1122 1961 1215 2011 καὶ
1239 1959 1319 2020 είς
1349 1957 1682 2030 τετρημένον
1722 1955 2003 2010 ἀντλοῦντι

420 2041 598 2094 πίθον.
653 2043 744 2094 Δεῖ
784 2042 961 2096 τοίνυν
994 2042 1318 2111 ἀφίστασθαι
1353 2042 1448 2095 καὶ
1474 2043 1541 2112 τῇ
1581 2039 1778 2112 πράξει
1811 2040 1907 2093 καὶ
1935 2041 2002 2110 τῇ

419 2122 614 2196 γνώμῃ
646 2125 753 2178 τῶν
778 2127 1180 2197 τολμηθέντων,
1219 2127 1314 2180 καὶ
1357 2125 1698 2187 ἀποστάντας
1736 2124 2005 2195 φάρμακα

425 2209 692 2264 ἐπιθεῖναι
730 2213 842 2274 τοῖς
869 2211 1148 2282 τραύμασι
1182 2211 1248 2265 τὰ
1275 2210 1497 2264 ἐναντία
1528 2209 1636 2264 τῶν
1666 2208 2003 2280 ἁμαρτημά-

418 2310 548 2349 των.
591 2291 716 2350 Οἷόν
754 2315 806 2351 τι
844 2297 990 2367 λέγω
1013 2315 1025 2328 ⁸
1061 2297 1356 2370 Ἥρπασας
1406 2299 1500 2352 καὶ
1542 2298 2001 2367 ἐπλεονέκτησας;

432 2382 727 2454 Ἀπόστηθι
759 2386 858 2456 τῆς
892 2387 1169 2457 ἁρπαγῆς,
1196 2387 1290 2440 καὶ
1319 2387 1506 2449 ἐπίθες
1534 2383 1904 2456 ἐλεημοσύνην
1925 2383 2004 2454 τῷ

419 2467 717 2536 τραύματι.
762 2466 1156 2540 Ἐπόρνευσας;
1211 2469 1506 2537 Ἀπόστηθι
1549 2469 1646 2538 τῆς
1705 2467 2002 2540 πορνείας,

420 2553 515 2606 καὶ
542 2555 728 2618 ἐπίθες
765 2557 988 2624 ἁγνείαν
1024 2557 1102 2626 τῷ
1132 2558 1300 2611 ἕλκει.
1330 2558 1530 2621 Κακῶς
1555 2553 1708 2620 εἶπες
1733 2556 1822 2609 τὸν
1851 2555 2006 2608 ἀδελ-

421 2639 521 2708 φδν
546 2642 641 2694 καὶ
680 2643 949 2712 ἔϐλαψαςς
985 2645 1197 2700 Παῦσαι
1242 2645 1570 2717 κακηγορῶν
1607 2655 1658 2706 ο,
1701 2645 1794 2697 καί
1819 2643 2004 2706 ἐπίθες

421 2728 844 2801 φιλοφροσύνην.
885 2733 996 2784 Καὶ
1025 2733 1146 2786 καθ’
1181 2733 1411 2786 ἕκαστον
1440 2731 1583 2786 οῦτω
1615 2731 1860 2802 ποιῶμεν
1895 2730 2004 2785 τῶν

420 2815 976 2889 πεπλημμελημένων
1003 2821 1159 2890 ἡμῖν,
1197 2821 1292 2874 καὶ
1328 2821 1402 2892 μὴ
1426 2819 1612 2884 ἁπλῶς
1641 2818 2001 2890 παρατρέχω-

423 2919 522 2974 μεν
543 2904 612 2957 τά
638 2906 1035 2976 ἁμαρτήματα·
1053 2907 1322 2979 ἐφέστηκε
1347 2909 1456 2978 γάρ
1475 2907 1680 2970 λοιπὸν,
1702 2907 2004 2978 ἐφέστηκεν

419 2991 449 3041 6
477 2990 584 3043 τῶν
613 2991 851 3045 εὐθυνῶν
876 2995 1086 3065 καιρός.
1124 2996 1213 3048 Διὸ
1242 2996 1338 3048 καὶ
1357 2998 1384 3049 6
1423 2996 1628 3058 Παῦλος
1668 2995 1854 3064 ἔλεγεν
1875 3011 1889 3026 ⁸
1941 2995 2002 3048 '0

419 3079 640 3145 Κύριος
671 3079 872 3148 ἐγγὺς,
900 3080 1095 3149 μηδὲν
1121 3082 1460 3152 μεριμνᾶτε.
1526 3083 1664 3136 Ἀλλ’
1692 3085 1826 3154 ἡμῖν
1861 3083 2002 3153 τάχα

419 3166 726 3220 τούναντίον
774 3166 921 3220 ἔστιν
969 3169 1262 3237 ἐπιλέγεινο
1320 3169 1378 3222 '0
1423 3172 1628 3242 Κύριος
1668 3171 1855 3240 ἐγγὺς,
1905 3187 2002 3240 με-

423 3254 673 3322 ριμνᾶτε.
733 3253 960 3308 Ἐκεῖνοι
1008 3255 1108 3325 μὲν
1157 3256 1265 3328 γὰρ
1311 3255 1490 3319 καλῶς
1523 3259 1753 3328 ἢκουον,
1796 3256 2004 3324 Μηδὲν

416 3339 756 3409 μεριμνᾶτε,
800 3341 858 3394 ἐν
903 3341 1078 3412 θλίψει
1119 3343 1214 3396 καὶ
1257 3343 1442 3406 πόνοις
1471 3347 1565 3397 καὶ
1589 3346 1794 3413 ἀγῶσιν
1826 3345 1999 3405 ὄντεςο

419 3428 468 3480 οἱ
497 3427 552 3480 δέ
586 3429 644 3480 ἐν
690 3429 969 3498 ἁρπαγαῖς
1011 3429 1213 3494 ζῶντες
1238 3433 1331 3484 καὶ
1360 3431 1420 3484 ἐν
1457 3435 1659 3502 τρυφῇ,
1688 3434 1738 3484 of.
1761 3433 2002 3502 χαλεπὰς

421 3515 648 3579 εὐθύνας
683 3517 967 3587 μέλλοντες
993 3518 1232 3583 διδόναι,
1263 3520 1324 3572 οὐ
1361 3517 1540 3585 τοῦτο,
1578 3519 1693 3573 ἀλλ’
1726 3522 1905 3573 ἐκεῖνο
1935 3521 2000 3574 ἂν

420 3604 710 3657 ἀκούσαιεν
733 3607 977 3670 είκότως·
1004 3607 1062 3661 Ὀ
1081 3607 1285 3680 Κύριος
1310 3601 1497 3677 ἐγγὺς,
1528 3611 1846 3680 μεριμνᾶτε.
1867 3609 2002 3663 Οὐδὲ

419 3691 528 3763 γὰρ
578 3691 742 3756 πολὺς
769 3693 1015 3747 λείπεται
1041 3695 1139 3764 τῆς
1171 3695 1479 3759 συντελείας
1529 3699 1558 3749 6
1601 3696 1812 3768 χρόνος,
1866 3697 2002 3751 ἀλλά

421 3778 558 3850 πρὸς
589 3779 648 3832 τὸ
681 3779 834 3844 τέλος
873 3780 1060 3834 λοιπὸν
1098 3783 1126 3834 6
1163 3782 1366 3852 κόσμος
1413 3783 1714 3852 ἐπείγεται.
1750 3783 1921 3838 Τοῦτο
1951 3787 2000 3838 οἱ

419 3866 646 3937 πόλεμοι
675 3867 919 3938 δηλοῦσι,
960 3867 1120 3921 τοῦτο
1145 3869 1201 3922 αί
1234 3869 1463 3938 θλίψεις,
1491 3870 1651 3924 τοῦτο
1681 3872 1731 3924 οί
1763 3873 1997 3943 σεισμοὶ,

446 4009 688 4092 affatu.
710 4017 762 4059 et
787 4009 1079 4092 90691.4:705,‘l
1092 4011 1190 4092 306
1209 4032 1227 4086 ε
1254 4013 1485 4089 Βούλοιτο
1510 4013 1620 4092 τότε
1643 4015 1749 4092 έκπ.
1773 4017 1821 4064 ἐν
1845 4016 1997 4080 ἐκείνῃ

416 4071 1144 4192 ἰῇἇείάῖὼφῶὲέῖιάὶσθὲῦξδη
1171 4074 1232 4122 τὰ
1253 4091 1326 4146 ΞΡ.
1346 4076 1637 4162 ,ὶέπιτιθὲτω
1668 4079 1731 4125 τὰ
1865 4094 1909 4126 τ.
1947 4071 1997 4140 μί

449 4195 460 4204 ,
595 4195 615 4204 -
639 4194 659 4204 ..
753 4194 764 4204 ,
887 4195 900 4204 _
948 4193 959 4204 ,
1078 4151 1110 4204 οε
1149 4150 1332 4204 ποιεινη
1357 4137 1373 4184 ι
1394 4137 1518 4204 aul_o_
1544 4143 1656 4197 post
1679 4139 2002 4204 SavAzfﬂémv—

418 4195 561 4243 ιόντι⁶
590 4194 671 4258 δεῖ-
690 4194 844 4241 τοίνυν
877 4193 1184 4258 ἀφίστασθαι,
1210 4203 1263 4245 el.
1293 4199 1364 4245 sic
1403 4193 1600 4258 quida—m
1624 4211 1740 4247 mss.
1765 4201 1858 4249 Alii
1884 4213 2001 4249 vero

419 4269 511 4304 nec
536 4254 792 4329 Qauciores
824 4263 880 4306 et
915 4255 1172 4318 Morellus,
1203 4263 1259 4306 ut.
1293 4254 1555 4308 edidi-mus.
1645 4263 1669 4290 ο
1695 4261 1848 4311 Savil.
1881 4278 2001 4310 κατ-

417 4332 616 4381 ηγορων

1137 333 1196 391 S.
1237 329 1526 390 JOANNIS
1564 319 2057 384 CIIRYSOSTOMI
2100 319 2420 380 ARCHIEP.
2457 317 3013 380 CONSTANTINOP.

3583 309 3684 364 I98

2107 438 2265 494 τοῦτο
2293 443 2327 512 ἡ
2356 440 2544 512 ἀγάπη
2577 439 2833 510 ψυγεῖσα.
2864 435 3131 505 Καθάπερ
3149 437 3258 502 γάρ
3289 428 3450 499 σῶμα
3476 426 3683 498 ψυχορο

2109 528 2332 598 ραγοῦν,
2366 528 2462 583 καὶ
2491 530 2657 597 ἐγγὺς
2680 527 2741 581 ὃν
2765 530 2862 596 τῆς
2882 521 3139 593 τελευτῆς
3163 559 3179 583 ,
3212 517 3408 589 μυρίας
3449 516 3685 568 ἐπισπᾶ-

2107 635 2196 670 ται
2229 617 2534 682 κακώσεις·
2575 617 2669 671 καὶ⁸
2705 616 2883 679 οίκίας
2943 609 3242 684 μελλούσης
3294 604 3684 667 καταπίπτειν,

2105 707 2275 762 πολλὰ
2307 709 2639 779 προπίπτειν
2668 706 2829 760 εἴωθε
2863 705 2959 758 καὶ
2977 701 3091 756 ἀπὸ
3122 699 3223 769 τῆς
3245 697 3446 768 ὀροφῆς
3471 694 3564 748 καὶ
3579 692 3686 745 ἀπὸ

2103 799 2212 852 τῶν
2242 798 2458 868 τοίχων⁶
2495 797 2639 851 οὓτω
2678 797 2774 850 καὶ
2802 797 2901 866 τῆς
2925 789 3250 861 οἰκουμένης
3285 787 3450 854 ἐγγὺς
3482 785 3574 837 καὶ
3593 783 3687 835 ἐπί

2105 887 2298 958 θύραις
2323 887 2618 958 ἐστηκεν’ἠ
2653 885 2951 946 συντέλεια,
2975 883 3069 936 καὶ
3102 880 3190 934 διά
3227 876 3383 931 τοῦτο
3415 874 3487 935 τά
3517 871 3684 943 μυρία

2103 975 2419 1045 διέσπαρται
2448 974 2724 1046 πανταχοῦ
2746 974 2913 1028 κακά.
2945 970 3007 1024 Εἰ
3035 969 3140 1038 γὰρ
3166 966 3286 1019 τότε
3308 965 3336 1016 6
3369 960 3571 1033 Κύριος
3591 963 3688 1028 ὲγ-

2103 1065 2225 1132 γὺς,
2257 1063 2436 1134 πολλῷ
2467 1064 2665 1131 μᾶλλον
2693 1061 2787 1116 νῦν
2812 1059 2998 1130 ἐγγύς.
3027 1059 3090 1110 Et
3136 1055 3242 1126 11p6
3261 1048 3637 1134 τετρακοσίων
3655 1046 3684 1085 ἀ

2105 1151 2241 1204 ἐτῶν
2265 1151 2354 1205 ὅτε
2373 1133 2547 1204 ταῦτα
2569 1150 2806 1218 ἐλέγετο,
2833 1152 2926 1202 καὶ
2943 1146 3216 1217 πλήρωμα
3240 1140 3348 1194 τῶν
3373 1137 3578 1208 χρόνων
3595 1133 3687 1187 τὸν

2104 1239 2298 1310 καιρὸν
2331 1239 2538 1293 ἐκεῖνον
2564 1241 2590 1292 6
2621 1238 2832 1300 Παῦλος
2877 1235 3095 1293 ἐκάλει,
3134 1227 3313 1298 πολλῷ
3357 1224 3556 1297 μᾶλλον
3594 1224 3688 1274 τὸν

2105 1327 2366 1398 παρόντα.
2409 1325 2550 1379 Ἀλλ’
2590 1327 2719 1387 ῐσως
2751 1325 2818 1378 δι’
2849 1323 2981 1377 αὐτὸ
3005 1318 3163 1373 τοῦτο
3192 1311 3476 1370 ἀπιστοῦσί
3521 1325 3684 1370 τινες.

2105 1397 2216 1468 Καὶ
2248 1415 2354 1486 μὴν
2379 1414 2466 1468 διά
2493 1414 2650 1466 τοῦτο
2687 1410 2962 1464 πιστεύειν
3002 1409 3108 1480 χρὴ
3137 1404 3354 1476 μᾶλλον.
3385 1399 3557 1453 Πόθεν
3576 1397 3688 1486 γάρ

2103 1485 2272 1568 οἶδας,
2310 1501 2584 1571 ἄνθρωπε,
2616 1501 2697 1553 ὅτι
2741 1499 2841 1553 οὐκ
2876 1497 3044 1567 ἐγγὺς
3085 1494 3145 1548 16
3187 1493 3359 1554 τέλος,
3403 1488 3497 1541 καὶ
3549 1485 3688 1556 μετά

2108 1590 2311 1662 βραχὺν
2326 1589 2515 1660 χρόνον
2539 1587 2907 1658 ἀπαντήσεται
2935 1585 3001 1638 τά
3035 1579 3301 1653 εἰρημένα
3317 1595 3331 1644 ;
3349 1577 3521 1629 ’Ὢσπε
3531 1590 3559 1644 ρ
3580 1573 3687 1642 γὰρ

2106 1676 2198 1731 τοῦ
2222 1675 2468 1730 ἐνιαυτοῦ
2497 1676 2668 1739 τέλος,
2703 1675 2764 1728 οὐ
2804 1673 2902 1744 τὴν
2935 1670 3170 1741 ἐσχάτην
3207 1665 3422 1738 ἡμέραν
3456 1662 3689 1730 λέγομεν

2108 1761 2270 1828 εἶναι,
2303 1763 2440 1818 ἀλλὰ
2471 1765 2564 1817 καὶ
2593 1764 2684 1817 τὸν
2718 1761 2943 1833 ἔσχατον
2996 1757 3162 1830 μῆνα,
3212 1753 3389 1809 καίτοι
3438 1767 3501 1819 γε
3531 1747 3687 1818 τριά-

2107 1869 2271 1906 κοντα
2295 1852 2508 1922 ἡμέρας
2542 1851 2733 1921 ἔχοντα
2753 1868 2766 1882 ·
2811 1847 2954 1902 οὕτω
2988 1846 3081 1899 καὶ¹
3109 1843 3219 1898 τῶν
3249 1838 3518 1895 τοσούτων
3548 1834 3686 1889 ἐτῶν

2056 1978 2057 1982 η
2107 1939 2208 1994 κᾶν
2233 1939 2562 2010 τετρακόσια
2596 1938 2689 2008 ἔτη
2723 1935 2875 1999 τέλος
2919 1933 3094 1994 εἴπω,
3144 1929 3243 1998 οὐχ
3273 1925 3683 2010 ἀμαρτήσομαι.

2109 2029 2268 2080 Ὥστε
2300 2027 2484 2080 ἔκτοτε
2516 2023 2886 2098 προανεφώνει
2911 2023 2972 2075 τὸ
2993 2021 3165 2082 τέλος.
3195 2015 3569 2083 Συστείλωμεν
3592 2006 3686 2063 οὖν

2106 2117 2352 2180 ἑαυτοὺς,
2385 2115 2814 2186 ἐντρυφήσωμεν
2847 2111 2925 2182 τῷ
2955 2109 3104 2180 φόϐῳ
3133 2105 3226 2160 τοῦ
3256 2102 3414 2156 Θεοῦ.
3449 2101 3554 2153 Καὶ
3577 2099 3686 2168 γὰρ

2105 2205 2163 2256 ἐν
2184 2204 2337 2274 ἀδείᾳ
2358 2202 2742 2272 διατριϐόντων
2773 2201 2806 2269 ή
2816 2199 2952 2269 μῶν,
2976 2197 3036 2250 οὐ
3063 2195 3266 2266 σφόδρα
3299 2186 3688 2262 μεριμνώντων

2104 2290 2227 2343 οὐδέ
2257 2287 2703 2360 προσδοκώντων,
2739 2286 3088 2356 ἐπιστήσεται
3115 2281 3310 2352 ἀθρόον
3334 2281 3366 2348 ή
3392 2275 3684 2346 παρουσία.

2107 2376 2218 2430 Καὶ
2242 2377 2401 2430 τοῦτο
2443 2374 2618 2446 δηλῶν
2659 2375 2688 2427 6
2726 2373 2961 2445 Χριστὸς
2991 2371 3194 2438 ἔλεγεν·
3221 2368 3450 2432 Ὥσπερ
3481 2364 3590 2431 γὰρ
3616 2361 3690 2413 ἐν

2105 2464 2230 2530 ταῖς
2260 2463 2508 2533 ἡμέραις
2535 2462 2641 2516 τοῦ
2679 2460 2809 2516 Νῶε
2830 2501 2845 2525 ,
2893 2459 2992 2513 καὶ
3022 2459 3094 2513 ὲν
3129 2455 3259 2521 ταῖς
3291 2452 3534 2522 ἡμέραις
3577 2447 3688 2501 τοῦ

2105 2551 2256 2618 Λὼτ,
2273 2552 2460 2617 οὕτως
2492 2550 2664 2606 ἔσται
2684 2548 2784 2603 καὶ
2803 2549 2873 2602 ἐν
2890 2546 2966 2617 τῇ
2992 2543 3319 2609 συντελείᾳ
3347 2539 3453 2594 τοῦ
3471 2536 3688 2600 αἰῶνος

2104 2638 2341 2692 τούτου.
2369 2636 2540 2689 Τοῦτο
2573 2633 2667 2688 καὶ
2692 2636 2721 2687 6
2744 2632 2954 2693 Παῦλος
2981 2629 3155 2700 δηλῶν
3181 2628 3363 2695 ἔλεγεν
3381 2643 3393 2656 ·
3415 2624 3598 2677 Ὅταν
3617 2620 3689 2672 δὲ

2103 2724 2386 2795 λέγωσιν,
2417 2723 2626 2793 εἰρήνη
2661 2723 2759 2776 καί
2817 2718 3124 2790 ἀσφάλεια
3145 2759 3159 2782 ,
3206 2717 3343 2770 τότε
3388 2710 3688 2782 αἰφνίδιος

2104 2813 2307 2880 αὐτοῖς
2327 2813 2642 2882 ἐφίσταται
2671 2812 2918 2879 ὄλεθρος
2940 2848 2956 2872 ,
3002 2807 3100 2860 καί
3128 2805 3332 2874 ὥσπερ
3369 2803 3408 2871 ἡ
3438 2800 3580 2854 ὠδὶν
3609 2796 3686 2866 τῆ

2103 2903 2176 2957 ἐν
2200 2904 2413 2972 γαστρὶ
2434 2903 2684 2971 ἐχούσῃ.
2715 2901 2779 2953 Τί
2805 2903 2976 2964 ἐστιν,
3022 2898 3082 2952 Ἡ
3109 2896 3252 2950 ὠδὶν
3280 2893 3354 2963 τῇ
3375 2894 3445 2947 ἐν
3473 2889 3687 2961 γαστρὶ

2105 2991 2368 3058 ἐχούσῃ;
2396 2991 2659 3052 Πολλάκις
2704 2990 2760 3043 αἱ
2796 2987 3022 3042 κύουσαι
3050 2987 3304 3055 γυναῖκες
3335 2981 3623 3044 παίζουσαι
3649 2977 3686 3047 ἦ

2106 3078 2570 3148 ἀριστοποιοῦσαι,
2603 3077 2635 3148 ἢ
2671 3079 2729 3130 ἐν
2762 3074 3052 3146 βαλανείῳ,
3106 3073 3140 3144 ἢ
3173 3075 3229 3124 ἐν
3263 3071 3437 3141 ἀγορᾷ
3469 3067 3689 3134 διάγου-

2107 3183 2217 3230 σαι,
2269 3166 2422 3219 οὐδὲν
2473 3166 2580 3218 τῶν
2639 3163 2941 3235 μελλόντων
2975 3158 3378 3233 προορώμεναι,
3438 3155 3544 3209 ὑπὸ
3582 3154 3687 3222 τῆς

2103 3253 2292 3324 ὀδύνης
2323 3252 2734 3323 κατεσχέθησαν
2759 3251 2974 3323 ἀθρόον.
3018 3249 3171 3302 Ἐπεὶ
3201 3243 3294 3300 οῦν
3333 3243 3560 3300 τοιαῦτα
3591 3244 3687 3296 καὶ

2103 3344 2170 3395 τὰ
2187 3341 2449 3414 ἡμέτερα,
2479 3336 2629 3412 ὦμεν
2651 3341 2739 3394 ἀεὶ
2768 3336 3296 3411 παρεσκευασμένοι.
3313 3333 3464 3406 [201]
3482 3335 3555 3386 Οὐ
3577 3331 3687 3401 γάρ

2105 3429 2193 3480 ἀεὶ
2235 3427 2408 3481 ταῦτα
2459 3427 2842 3498 ἀκουσόμεθαο
2893 3426 2994 3480 οὐκ
3041 3427 3128 3479 ἀεὶ
3177 3423 3382 3477 τούτων
3433 3421 3688 3486 ἐξουσίαν

2103 3515 2316 3585 ἕξομεν.
2360 3516 2462 3569 Ἐν
2485 3516 2594 3586 γάρ
2617 3515 2697 3580 τῷ
2727 3514 2865 3583 ᾅδῃ,
2906 3514 3072 3584 φησὶ,
3126 3513 3218 3577 τίς
3249 3507 3688 3580 ἐξομολογήσε-

2102 3602 2200 3656 ται
2226 3617 2362 3667 σοι;
2391 3601 2598 3656 Οὐκοῦν
2637 3601 2872 3656 ἐνταῦθα
2906 3601 3350 3672 μετανοήσωμεν,
3393 3597 3479 3650 ἴνα
3512 3593 3687 3656 οὕτως

2103 3693 2230 3748 ίλεω
2260 3693 2351 3748 τὸν
2374 3693 2506 3747 Θεὸν
2537 3692 2751 3763 ἔχωμεν
2789 3692 2932 3747 κατὰ
2969 3691 3066 3762 τὴν
3117 3689 3417 3760 μέλλουσαν
3447 3686 3683 3756 ἡμέραν,

2103 3784 2199 3835 καὶ
2231 3781 2434 3851 πολλῆς
2459 3779 2789 3846 ¹ἀπολαῦσαι
2854 3778 3172 3849 δυνηθῶμεν
3221 3774 3580 3845 συγγνώμης’
3614 3767 3688 3844 ἦς

2103 3871 2312 3938 γένοιτο
2347 3870 2556 3931 πάντας
2583 3870 2731 3940 ἡμᾶς
2762 3869 3040 3938 ἐπιτυχεῖν
3063 3907 3078 3929 ,
3124 3866 3310 3938 χάριτι
3353 3866 3448 3917 καὶ
3491 3862 3684 3932 φιλαν-

2103 3958 2320 4030 θρωπίᾳ
2349 3958 2443 4011 τοῦ
2483 3956 2683 4028 Κυρίου
2720 3956 2875 4027 ἡμῶν
2918 3954 3094 4026 Ἰησοῦ
3126 3952 3366 4026 Χριστοῦ
3385 3992 3398 4014 ,
3425 3944 3468 4018 ᾧ
3498 3952 3530 4020 ἡ
3556 3947 3687 4003 δόξα

2103 4046 2198 4100 καὶ
2229 4046 2292 4099 τὸ
2314 4046 2514 4117 κράτος
2551 4047 2633 4108 είς
2673 4045 2803 4108 τοὺς
2834 4042 3037 4106 αἰῶνας
3067 4041 3177 4096 τῶν
3211 4039 3442 4095 αἰώνων.
3487 4038 3684 4108 Ἀμήν.

2165 4201 2196 4243 d
2225 4203 2306 4252 Sic
2327 4201 2520 4260 Morel.,
2543 4202 2696 4250 Savil.
2722 4200 3030 4263 τριακοσίων,
3057 4200 3323 4263 ειεὶο-(Ιυο
3347 4196 3682 4263 ωσιιι-ιεοιιὶρῐί,

2103 4266 2168 4314 Δι
2195 4267 2364 4326 plures
2389 4258 2708 4327 τετρακοσίων
2743 4258 2942 4311 habent.
2977 4262 3086 4310 Mox
3110 4259 3261 4310 Savil.
3287 4267 3340 4308 el
3361 4259 3501 4308 codd.
3528 4258 3687 4306 nostri

2102 4325 2339 4389 πλήρωμα
2364 4325 2482 4374 δίαιθ’
2492 4325 2592 4374 καί.

1886 4503 1978 4557 ΟΜ
1985 4505 2126 4558 lAIA
2162 4503 2290 4558 ΛΕ’.

432 4586 528 4654 Ὠς
549 4583 663 4660 οὖν
687 4583 880 4660 ἦλθον
906 4587 1057 4660 πρὸς
1079 4589 1266 4643 αὐτὸν
1288 4591 1344 4643 οὶ
1364 4590 1737 4658 Σαμαρεῖται,
1761 4592 2000 4660 ἠρώτων

488 4659 675 4730 αὐτὸν
694 4659 890 4730 μεῖναι
920 4659 1055 4726 παρ’
1085 4660 1309 4730 αρτοἷς.
1341 4662 1451 4714 Καὶ
1480 4661 1715 4730 ἔμεινεν
1738 4663 1867 4716 ἐκεῖ
1890 4663 1999 4716 δύο

489 4727 732 4799 ἡμέραρᾐ
783 4728 895 4781 Καὶ
945 4727 1152 4793 πολλῷ
1196 4730 1446 4795 πλείους
1493 4727 1868 4786 ἐπίστευσαν
1913 4735 2000 4799 είς

487 4797 794 4870 αὐτόνδιὰ
825 4799 1141 4870 τὸνλόγον
1162 4801 1380 4870 αὑτοῦὴ
1411 4799 1489 4868 τῇ
1517 4819 1579 4855 τε
1601 4803 1840 4870 γυναικὶ
1872 4797 2002 4856 ἕλεέ

489 4885 616 4938 γον,
657 4867 746 4921 ὅτι
775 4871 895 4922 Οὐκ
933 4868 1019 4921 ἔτι
1052 4867 1150 4921 διὰ
1178 4871 1292 4936 τὴν
1316 4869 1441 4938 σὴν
1458 4867 1690 4925 λαλιὰν
1718 4875 2002 4926 πιστεύο-

487 4954 634 5010 ιιεντ
680 4939 852 5010 αὐτοὶ
897 4938 1006 5010 γὰρ
1061 4939 1424 5010 ἀξιηκόαμεν,
1469 4940 1566 4993 καὶ
1605 4941 1870 5010 οἴδαμεν,
1914 4943 2003 4996 ὅτι

487 5004 667 5073 οὗτός
702 5004 1175 5081 -ἐστινξάληθῶςί
1223 5013 1256 5062 ὁ
1289 5004 1495 5081 Σωτὴρ
1522 5012 1642 5081 τοῦ
1700 5004 1930 5081 κόσμου
1970 5016 2004 5068 ό

489 5079 780 5156 Χριστός.⁸
801 5078 906 5156 [ἰαὶ
933 5078 1089 5156 μετά
1107 5079 1216 5156 δύο
1232 5079 1454 5156 ἡμέρας
1473 5080 1735 5149 ἐξῆλθεν
1753 5078 2002 5149 ἐκεῖθεν,

486 5149 584 5203 καὶ
614 5148 890 5215 ἀπῆλθεν
914 5151 1000 5213 εὶς
1033 5148 1146 5214 τὴν
1167 5151 1522 5204 Γαλιλαίαν.

487 5247 556 5294 α’.
577 5239 745 5294 Οὐδὲν
765 5237 959 5305 φθόνου
976 5239 1068 5291 καὶ
1087 5239 1386 5308 βασκανίας
1412 5243 1612 5314 χεῖρον,
1625 5242 1775 5295 οὐδὲν
1791 5245 2004 5296 κενοδο-

421 5318 450 5386 ξ
472 5337 538 5384 ας
558 5318 937 5390 χαλεπώτερον
958 5336 969 5346 ·
993 5317 1130 5390 αὕτη
1158 5318 1226 5372 τὰ
1255 5319 1422 5390 μυρία
1445 5321 1603 5374 εἴωθε
1631 5321 1998 5392 διαφθείρεινο

419 5399 623 5467 ἀγαθά,
668 5399 731 5452 Ol
775 5394 870 5451 οὖν
922 5397 1161 5452 Ἰουδαῖοι
1221 5399 1440 5452 πλείονα
1490 5400 1597 5452 τῶν
1648 5401 2003 5472 Σαμαρειτῶν

419 5475 619 5542 γνῶσιν
650 5477 887 5547 ἔχοντες,
927 5479 1020 5529 καὶ
1067 5481 1180 5540 τοῖς
1229 5480 1532 5547 προφήταις
1564 5479 1958 5552 συντραφέντες
1985 5519 2000 5544 ,

419 5553 640 5625 ὕστεροι
671 5555 878 5609 τούτων
923 5556 1198 5625 ἐφάνησαν
1248 5556 1518 5609 ἐντεῦθεν.
1558 5552 1716 5611 Οὗτοι
1759 5559 1856 5627 μὲν
1894 5559 2002 5627 γὰρ

420 5637 516 5688 καὶ
545 5634 653 5686 ἀπὸ
673 5636 770 5702 τῆς
802 5636 1104 5706 μαρτυρίας
1133 5635 1458 5688 ἐπίστευσαν
1487 5635 1587 5704 τῆς
1607 5637 1880 5704 γυναικὸς,
1909 5640 2002 5690 καὶ

423 5717 648 5784 σημεῖον
701 5715 898 5778 ἰδόντες
934 5715 1107 5777 οὐδὲν,
1154 5714 1376 5785 ἐξῆλθον
1416 5716 1860 5786 παρακαλοῦντες
1909 5717 2002 5770 τὸν

419 5793 654 5862 Χριστὸν
696 5796 874 5863 μεῖναι
911 5793 1039 5864 παρ’
1095 5794 1277 5857 αὐτοῖς
1323 5796 1384 5834 b'
1435 5797 1483 5847 οξ
1525 5795 1581 5846 δὲ
1628 5795 1866 5849 Ἰουδαῖοι
1907 5798 2000 5849 καὶ

460 5918 510 5990 ,⁸
543 5917 714 5990 ιιοτεει.
740 5918 798 5965 τὰ
819 5918 960 5981 μύρια
982 5916 1246 5982 διέφθειρεν.
1291 5917 1320 5958 1)
1355 5917 1525 5968 Morel.
1553 5918 1631 5966 τὸν
1654 5919 1856 5982 Χριστὸν
1880 5919 1976 5966 slva

423 5993 508 6026 συν
532 5993 701 6031 auom.

2104 4593 2356 4664 θαύματα
2383 4591 2728 4662 θεασάμενοι,
2755 4594 2816 4644 οὐ
2839 4592 2999 4662 μόνον
3023 4593 3083 4645 οὐ
3107 4593 3356 4660 κατεῖχον
3377 4589 3537 4644 αὐτὸν
3553 4590 3683 4660 παρ’

2102 4677 2334 4739 ἑαυτοῖς,
2373 4676 2510 4730 ἀλλά
2536 4677 2630 4729 καὶ
2671 4675 3001 4747 ἀπήλαυνον,
3037 4675 3132 4728 καὶ
3173 4674 3349 4726 πάντα
3394 4673 3682 4744 ἔπραττον,

2101 4758 2240 4812 ὥστε
2270 4759 2365 4812 καὶ
2396 4759 2496 4828 τῆς
2523 4758 2706 4830 χώρας
2736 4760 2896 4811 αὐτὸν
2938 4757 3211 4817 ἐκϐαλεῖν,
3243 4756 3421 4808 καίτοι
3453 4775 3514 4824 γε
3541 4757 3684 4828 αὕτη
3754 4768 3766 4774 '

2102 4845 2136 4915 ἡ
2169 4844 2440 4914 παρουσία
2471 4843 2536 4895 δι’
2568 4843 2810 4905 ἐκείνους
2862 4842 3125 4910 ἐγεγόνει.
3177 4839 3316 4893 Ἀλλ’
3350 4842 3546 4894 ἐκεῖνοι
3585 4841 3684 4910 μὲν

2103 4925 2434 4997 ἀπήλαυνον,
2471 4920 2615 4979 οὗτοι
2645 4925 2700 4977 δέ
2735 4925 2830 4977 καὶ
2860 4927 3041 4994 μεῖναι
3070 4923 3254 4993 ἠξίουν
3289 4924 3418 4995 παρ’
3448 4925 3681 4987 ἑαυτοῖς.

2104 5010 2337 5073 Τούτους
2363 5005 2458 5062 οῦν
2497 5009 2596 5061 οὐκ
2629 5008 2798 5078 ἐχρῆν
2845 5008 3162 5077 προσίεσθαι
3211 5007 3683 5077 παρακαλοῦντας,

2103 5094 2227 5146 είπέ
2262 5111 2370 5163 μοι,
2401 5092 2496 5144 καὶ
2525 5092 2832 5161 δεομένους,
2864 5089 3000 5143 ἀλλά
3022 5093 3135 5153 τοῖς
3156 5090 3254 5160 μὲν
3275 5090 3684 5143 ἐπιϐουλεύουσι

2105 5177 2199 5230 καὶ
2243 5175 2685 5248 διακρουομένοις
2735 5173 3141 5245 προσεδρεύειν,
3177 5177 3289 5237 τοῖς
3330 5174 3387 5226 δέ
3427 5174 3686 5241 ἀγαπῶσι

2104 5260 2200 5313 καὶ
2231 5259 2576 5330 βουλομένοις
2615 5258 2776 5312 αὐτὸν
2819 5257 3088 5327 κατέχειν,
3136 5257 3208 5327 μὴ
3238 5257 3432 5311 διδόναι
3456 5257 3682 5322 ἐαυτόν;

2116 5344 2258 5397 Ἀλλ’
2282 5346 2383 5398 οὐκ
2418 5340 2485 5416 ἦν
2512 5343 2668 5396 τοῦτο
2695 5342 2845 5408 ἀξιον
2885 5342 2984 5410 τῆς
3013 5341 3176 5394 αὐτοῦ
3205 5341 3547 5412 κηδεμονίας.
3585 5342 3687 5396 Διὰ

2101 5427 2261 5480 τοῦτο
2297 5429 2390 5480 καὶ
2420 5427 2637 5490 ἐδέξατο
2671 5437 2718 5490 ο,
2757 5425 2849 5478 καὶ
2891 5424 3070 5494 ἔμεινε
3105 5426 3235 5493 παρ’
3261 5426 3443 5486 αὐτοῖς
3469 5427 3685 5497 ἡμέρας

2100 5509 2211 5565 δύο.
2249 5510 2412 5563 Αὐτοὶ
2459 5510 2557 5580 μὲν
2598 5509 2705 5578 γὰρ
2743 5507 3024 5561 ἐϐούλοντο
3060 5507 3320 5578 διηνεκῶς
3353 5509 3512 5561 αὑτὸν
3546 5527 3683 5561 κατ-

2103 5592 2246 5661 έχειν
2283 5593 2459 5662 (τοῦτο
2485 5593 2593 5664 γάρ
2625 5590 2888 5661 ἐδήλωσεν
2911 5592 2939 5643 6
2965 5589 3352 5661 εὐαγγελιστὴς
3378 5591 3567 5656 εἰπὼν,
3597 5592 3685 5646 ὅτι

2115 5676 2372 5742 Ἡρὼτων
2394 5677 2580 5728 αὐτὸν
2606 5674 2795 5742 μεῖναι
2823 5672 2958 5740 παρ’
2989 5673 3193 5739 αὐτοῖς
3213 5675 3230 5742 )
3251 5691 3264 5703 ·
3323 5673 3481 5736 αὐτὸς
3500 5674 3556 5730 δὲ
3582 5676 3686 5730 οὐκ

2103 5754 2366 5824 ἠνείχετο,
2397 5753 2511 5806 ἀλλ’
2545 5753 2755 5825 ἡμέρας
2787 5752 2879 5805 δύο
2913 5752 3069 5822 μόνον
3096 5751 3328 5822 ἔμεινεν,
3355 5755 3444 5806 καὶ
3475 5755 3532 5805 ἐν
3551 5754 3688 5806 ταύ-

2105 5855 2221 5900 ταις
2249 5837 2426 5907 πολλῷ
2462 5837 2679 5899 πλείους
2706 5826 3034 5890 ἐπίάτευσαν
3060 5837 3138 5900 εἰς
3170 5837 3350 5892 αὐτόν.
3397 5836 3588 5891 Καίτοι
3620 5855 3686 5907 γε

2173 5981 2194 6009 ⁸
2223 5978 2396 6030 Morel.
2427 5980 2686 6036 ἐξελέξατο.
