4100 6364
314 343 418 398 197

309 466 486 510 tamen
516 454 649 510 nihil
686 468 873 517 curas;
901 451 1085 509 oculos
1113 461 1290 506 autem
1321 450 1597 504 hominum
1625 446 1899 503 formidas.

308 546 490 614 Cogita
540 560 671 615 ergo
719 554 772 599 te
803 560 910 599 non
944 534 1187 598 homines
1222 544 1388 598 latere
1412 554 1569 612 posse
1594 539 1651 595 in
1674 538 1762 593 die
1784 537 1897 594 illo.

307 637 501 690 Omnia
524 637 671 691 enim
699 636 851 706 quasi
878 636 931 690 in
977 636 1204 705 imagine
1236 645 1360 687 tunc
1387 631 1604 688 stabunt
1625 641 1751 685 ante
1775 643 1902 683 ocu«

310 730 394 784 los
424 741 659 795 nosnos,
704 738 763 784 ut
796 729 1158 799 unusquisque
1195 736 1381 783 contra
1425 739 1486 780 se
1514 722 1651 779 ferat
1685 730 1903 776 senten-

310 821 481 886 tiam;
510 821 653 891 quod
687 837 753 876 ex
781 821 944 877 divite
986 820 1161 891 palam
1208 828 1308 875 est.
1354 816 1562 873 Etenim
1609 828 1900 884 pauperem

309 912 464 967 illum
514 929 673 983 quem
724 914 1063 982 despexerat,
1116 912 1372 967 Lazarum
1417 911 1559 975 dico,
1604 908 1674 963 ob
1718 906 1901 961 oculos

306 1014 543 1059 stantem
570 1004 719 1059 dives
744 1004 895 1069 vidit,
929 1015 983 1059 et
1026 1020 1184 1071 quem
1215 1019 1335 1058 cum
1365 1001 1589 1057 horrore
1623 998 1899 1066 depulerat

308 1096 538 1167 digitum
562 1097 673 1166 jam
704 1109 853 1167 rogat
880 1096 978 1150 sibi
1016 1096 1206 1149 solatio
1244 1110 1383 1149 esse.
1412 1092 1563 1162 Rogo
1594 1091 1771 1160 igitur,
1798 1087 1898 1141 etsi

310 1204 475 1243 nemo
516 1202 701 1243 n05tra
752 1188 948 1253 videat,
990 1187 1183 1258 singuli
1235 1187 1287 1240 in
1328 1200 1479 1240 suam
1518 1180 1897 1238 conscientiam

307 1279 703 1350 ingrediantur,
745 1288 799 1335 et
836 1279 1073 1349 jndicem
1111 1278 1212 1331 sibi
1251 1276 1510 1330 rationem
1550 1272 1897 1330 constituant,

307 1380 530 1442 peccata
560 1370 615 1425 in
642 1370 871 1426 medium
898 1379 1075 1440 agant.
1109 1369 1172 1423 Et
1200 1368 1302 1423 nisi
1336 1368 1502 1421 velint
1534 1381 1593 1421 ea
1625 1366 1676 1419 in
1698 1364 1785 1418 die
1810 1363 1899 1417 illa

306 1461 537 1516 terribili
581 1460 925 1531 promulgari,
972 1460 1300 1529 paenitentia:
1342 1457 1577 1513 remedia
1606 1464 1895 1525 apponant,

305 1569 373 1608 ac
402 1554 630 1610 vulnera
674 1564 883 1609 sanent.
913 1555 1097 1609 Potest
1127 1554 1292 1618 enim,
1325 1560 1501 1622 potest
1528 1551 1769 1619 quisque,
1797 1548 1898 1603 etsi

306 1644 459 1699 mille
497 1646 666 1715 plagis
684 1653 931 1709 onustus,
956 1660 1119 1699 sanus
1148 1644 1315 1699 abire.
1340 1643 1471 1697 Nam
1498 1643 1557 1697 Si
1586 1641 1895 1707 dimiseritis,

308 1736 499 1806 inquit,
524 1746 730 1807 peccata
750 1738 1067 1791 dimittentur
1084 1736 1251 1800 vobis;
1275 1735 1320 1790 si
1343 1751 1444 1790 non
1464 1733 1772 1795 dimiseritis,
1796 1748 1899 1784 non

306 1827 626 1881 dimittantur
650 1826 863 1898 (Matth.
892 1827 945 1881 6.
974 1827 1061 1882 M.
1088 1826 1204 1896 15).

380 1917 692 1972 Penitentia
718 1934 838 1974 vera
860 1935 994 1989 thlB.
1021 1916 1481 1985 Quemadmodum
1506 1917 1557 1971 in
1583 1915 1899 1985 baptismate

303 2008 484 2064 abluta
512 2020 728 2079 peccata
751 2026 857 2065 non
882 2010 1115 2078 amplius
1139 2017 1400 2079 apparent
1428 2025 1442 2063 :
1481 2008 1551 2062 ita
1577 2019 1630 2062 et
1659 2006 1772 2060 haec
1797 2004 1896 2060 de-

306 2103 579 2165 lebuntnr,
608 2105 652 2157 si
681 2103 1047 2174 paenitentiam
1083 2118 1325 2171 agamus.
1370 2101 1425 2155 lu
1456 2100 1558 2153 hoc
1589 2108 1765 2152 autem
1788 2111 1900 2166 pae-

306 2198 534 2251 nitentia
574 2196 674 2250 sita
699 2205 802 2261 est,
836 2212 904 2251 ne
930 2195 1119 2251 eadem
1159 2195 1271 2265 ipsa
1303 2202 1579 2263 patrentur
1604 2190 1784 2245 :Nam
1812 2191 1899 2259 qui

306 2287 377 2340 ad
398 2296 605 2356 peccata
629 2288 912 2351 revertitur,
940 2288 1122 2341 similis
1148 2297 1219 2342 est
1244 2286 1360 2340 cani
1387 2286 1455 2338 ad
1489 2284 1728 2338 vomitum
1753 2299 1900 2336 suum

306 2378 542 2432 redeunti
567 2377 644 2448 (2.
665 2377 783 2435 Pet.
804 2379 971 2433 2.2L
991 2378 1083 2449 22)
1106 2397 1120 2445 ;
1149 2379 1227 2451 (a)
1256 2377 1486 2451 [necnon
1513 2378 1562 2432 ei
1588 2376 1679 2446 qui
1704 2392 1899 2431 secun-

309 2469 436 2522 dmn
469 2469 809 2539 proverbium
840 2471 1014 2539 ignem
1048 2472 1314 2538 verberat,
1346 2479 1402 2526 et
1428 2469 1482 2524 in
1510 2480 1731 2539 pertuso
1754 2469 1900 2524 dolio

313 2559 539 2634 haurit.]
567 2561 788 2632 Oportet
814 2578 943 2632 ergo
969 2571 1024 2618 et
1048 2577 1108 2618 re
1135 2577 1189 2618 ei
1213 2563 1437 2617 animoa
1460 2560 1753 2617 sceleribus
1772 2562 1899 2615 abs-

313 2655 506 2718 tinere,
540 2665 700 2724 atque
728 2654 994 2709 contraria
1025 2655 1258 2725 peccatis
1290 2654 1514 2725 singulis
1540 2653 1774 2708 remedia
1801 2667 1901 2722 ap-

313 2759 536 2815 ponere.
571 2746 812 2817 Exempli
856 2762 1039 2812 eausa,
1071 2746 1314 2815 rapuisti,
1343 2755 1397 2801 et
1427 2760 1620 2800 avarus
1644 2744 1826 2799 fuisti?
1855 2746 1900 2799 A

313 2835 500 2905 rapina
528 2836 755 2899 abstine,
782 2846 838 2891 et
863 2837 1218 2907 eleemosyme
1247 2835 1542 2891 remedium
1571 2836 1782 2891 vulneri
1804 2835 1903 2889 ad-

314 2941 495 2981 move.
524 2925 840 2981 Fornieatus
872 2929 966 2981 es?
995 2928 1036 2981 Α
1068 2926 1424 2982 fornicatione
1450 2927 1668 2991 absiste,
1699 2936 1755 2982 et
1787 2927 1903 2979 vul-

314 3020 431 3073 neri
462 3020 761 3074 castitatem
789 3035 1015 3089 appone.
1047 3019 1249 3074 Fratris
1289 3020 1362 3074 tui
1391 3019 1585 3075 famam
1612 3020 1774 3076 verbo
1805 3019 1902 3074 lte-

314 3110 457 3176 sisti,
489 3111 697 3182 ipsique
725 3112 993 3166 nocuisti?
1019 3112 1061 3166 Α
1091 3111 1387 3167 maledictis
1417 3113 1646 3179 ahStine,
1678 3122 1732 3169 et
1761 3113 1904 3169 cari-

315 3204 444 3257 tatis
486 3203 777 3258 remedium
828 3219 1057 3275 appone.
1116 3203 1188 3258 Ita
1237 3218 1332 3275 per
1374 3204 1580 3275 singula
1622 3204 1905 3276 faciamus,

315 3311 493 3366 neque
542 3308 755 3367 peccata
797 3307 1242 3353 transeurramus.
1286 3298 1414 3353 Nam
1464 3299 1624 3353 instat
1664 3299 1899 3367 demum,

313 3391 481 3445 instat
503 3403 650 3446 certe
690 3391 909 3445 rationis
955 3391 1240 3447 reddendas
1283 3401 1515 3459 tempus.
1552 3392 1678 3447 Ideo
1707 3392 1903 3447 Paulus

312 3482 529 3538 dicebat
575 3500 587 3536 :
645 3481 893 3537 Dominus
942 3499 1101 3553 prape
1145 3493 1218 3537 est
1259 3498 1277 3545 ;
1339 3482 1468 3536 nihil
1529 3481 1733 3537 solliciti
1791 3483 1903 3537 sitis

314 3574 573 3645 (Philipp.
605 3575 658 3629 4.
688 3575 741 3630 5.
768 3574 846 3644 6).
876 3574 982 3630 Sed
1028 3575 1182 3628 nobis
1225 3574 1364 3629 forte
1402 3584 1586 3628 contra
1617 3574 1901 3630 dicendum

312 3676 419 3732 est,
454 3665 708 3720 Dominus
737 3681 904 3736 prope
930 3676 1035 3729 est,
1068 3666 1279 3720 solliciti
1314 3676 1506 3721 estote.
1554 3666 1634 3721 illi
1671 3682 1902 3737 namque

312 3770 443 3817 tunc
486 3761 708 3831 pulchre
729 3762 1035 3830 audiebant,
1088 3762 1237 3817 Nihil
1273 3764 1477 3819 solliciti
1526 3766 1660 3832 sitis,
1710 3766 1800 3835 qui
1847 3767 1901 3821 in

313 3855 595 3921 aerumnis,
628 3855 919 3923 laboribus,
947 3856 1330 3911 certaminibus
1358 3857 1642 3927 degebant.
1683 3858 1781 3924 Qui
1804 3874 1902 3913 au-

313 3956 421 4003 tem
456 3949 506 4003 in
550 3948 753 4019 rapinis
794 3957 1096 4013 versantur,
1143 3948 1197 4004 in
1239 3949 1533 4020 voluptate,
1580 3954 1669 4019 qui
1712 3966 1901 4020 graves

311 4040 573 4095 reddituri
614 4048 738 4095 sunt
791 4040 1046 4105 rationes,
1092 4056 1197 4094 non
1242 4039 1365 4106 hoc,
1414 4040 1510 4095 sed
1551 4040 1679 4095 illud
1708 4042 1901 4095 merito

310 4131 599 4198 audierint,
632 4131 887 4186 Dominus
924 4145 1092 4201 prope
1120 4139 1239 4185 est:
1281 4130 1499 4186 solliciti
1536 4140 1730 4187 estote.
1780 4130 1898 4187 Non

308 4346 448 4459 “(3(a)
464 4354 579 4454 litua:
594 4346 785 4397 uncinis
798 4344 1104 4409 clauduntur,
1117 4347 1295 4399 desunt
1317 4350 1367 4398 in
1386 4347 1530 4398 savii.
1545 4356 1596 4399 et
1611 4350 1899 4413 quibusdam

368 4428 374 4432 '
392 4424 418 4454 ‘.
444 4423 473 4457 a
495 4423 570 4457 ns.

444 4423 570 4457 atus.

1272 336 1335 391 IN
1375 333 1687 391 JOANNEM
1728 332 1957 389 lIOMlL.
2000 331 2219 388 XXXV.
2261 332 2331 387 al.
2375 328 2618 388 XXXIV.

3493 333 3593 390 ias

2011 459 2154 498 enim
2180 449 2337 514 longe
2365 458 2394 496 a
2424 436 2778 497 consunmmzi
2803 457 2885 496 :ue
2924 441 3177 497 absumus
3207 444 3305 513 (a).
3333 444 3423 499 sed
3447 451 3512 503 ad
3544 452 3601 503 ll-

2009 551 2131 590 nem
2163 534 2272 604 jam
2320 534 2554 589 mundus
2601 535 2793 604 vergit.
2853 534 2964 591 lloc
3014 538 3364 603 praenuntiant
3417 539 3596 605 bella,

2008 641 2283 686 utrumme,
2312 635 2487 679 terra:
2514 637 2710 683 motus.
2752 625 2851 680 hoc
2889 627 3150 681 exstincta
3193 629 3407 682 caritas.
3450 628 3599 685 SlCtll

2008 718 2153 770 enim
2180 731 2375 785 corpus
2414 717 2694 785 exspirans
2724 728 2775 771 et
2803 717 2963 771 morti
2994 718 3293 786 proximum
3326 720 3469 774 mille
3498 724 3598 774 do-

2007 809 2212 864 loribus
2254 808 2504 875 aflicitur,
2553 819 2607 862 et
2650 809 2851 862 ruitura
2893 809 3084 865 domus
3119 815 3281 867 multa
3324 816 3597 883 pra-mittit

2007 916 2126 969 quae
2156 916 2220 954 ex
2246 910 2384 954 tecto
2408 908 2465 955 et
2492 916 2556 955 ex
2598 902 2892 969 parietibus
2917 903 3169 958 decidunt
3196 926 3208 958 :
3238 906 3315 961 sic
3342 922 3595 961 consoni-

2006 993 2174 1047 matio
2200 993 2345 1048 orbis
2366 994 2474 1062 jam
2506 1010 2668 1064 prope
2695 1008 2743 1049 et
2780 1011 2874 1064 pro
2912 996 3114 1052 loribus
3144 1007 3226 1052 est
3254 1017 3267 1052 :
3308 1000 3428 1054 ideo
3460 1003 3595 1053 mala

2009 1086 2241 1153 nudique
2266 1085 2437 1155 ipsum
2464 1086 2738 1141 invadunt.
2771 1087 2902 1142 Nam
2924 1090 2968 1143 si
3001 1100 3125 1143 tunc
3148 1091 3404 1146 Dominus
3433 1108 3598 1163 prope

2005 1188 2142 1239 erat,
2176 1177 2342 1232 multo
2368 1180 2537 1249 magis
2582 1195 2723 1235 nunc
2749 1195 2915 1250 prope
2946 1190 3048 1236 est.
3086 1183 3140 1238 Si
3189 1194 3311 1239 ante
3342 1185 3599 1255 quadrin-

2004 1280 2194 1341 gentos
2224 1272 2240 1302 ¹
2281 1286 2453 1326 annos
2505 1288 2625 1327 cum
2668 1272 2782 1327 hiec
2829 1274 3168 1340 dicerentur,
3218 1288 3424 1345 tempus
3467 1279 3595 1332 illud

2004 1363 2388 1433 plenitudinem
2433 1374 2732 1434 temporum
2768 1366 2963 1421 Paulus
3004 1369 3250 1432 vocabat,
3287 1371 3454 1424 ΙιιιιΙιιι
3482 1389 3597 1424 ma-

2004 1455 2087 1524 gis
2111 1469 2349 1523 praesens
2381 1463 2590 1524 tempus
2633 1456 2703 1510 ita
2738 1458 3058 1511 vocandum.
3098 1461 3165 1513 At
3198 1459 3435 1514 fortassis
3478 1463 3597 1517 ideo

2004 1548 2218 1616 quidam
2248 1564 2350 1602 non
2393 1548 2639 1603 credunt.
2679 1551 2838 1619 Atqui
2885 1550 3004 1605 ideo
3042 1550 3211 1622 magis
3237 1552 3587 1608 credendum.

2005 1639 2158 1695 Unde
2185 1639 2343 1704 nosti,
2373 1640 2443 1694 mi
2469 1642 2650 1704 homo,
2679 1639 2836 1695 finem
2866 1649 2919 1694 et
2948 1656 3106 1712 supra
3133 1642 3272 1697 dicta
3301 1658 3405 1697 non
3429 1659 3595 1714 prope

2004 1733 2165 1787 esse?
2192 1733 2349 1787 Certe
2381 1743 2438 1787 ut
2464 1735 2587 1787 anni
2619 1735 2777 1789 finem
2810 1751 2914 1787 non
2938 1734 3076 1791 diem
3101 1737 3343 1791 ultimum
3370 1738 3596 1792 dicimus

2005 1839 2145 1889 esse,
2173 1825 2269 1880 sed
2298 1825 2459 1880 etiam
2489 1825 2732 1879 ultimum
2780 1841 3040 1887 mensvnt,
3082 1838 3137 1882 et
3165 1828 3209 1882 si
3243 1828 3451 1896 triginta
3483 1830 3596 1883 die-

2005 1931 2122 1969 rum
2155 1916 2225 1970 sit
2252 1934 2266 1971 :
2300 1916 2369 1970 ita
2400 1917 2445 1971 si
2478 1927 2553 1971 tot
2576 1933 2838 1971 annorum
2870 1918 3448 1988 quadringentesimum
3475 1938 3595 1976 esse

2006 2006 2165 2062 finem
2193 2006 2507 2073 dixerimus,
2539 2023 2645 2062 non
2676 2009 3066 2063 aberrabimus.
3106 2007 3294 2078 itaque
3328 2010 3436 2079 jam
3471 2022 3596 2065 tunc

2005 2099 2094 2154 ille
2116 2099 2273 2155 linem
2300 2100 2697 2171 prmtiuntiavit.
2724 2101 3083 2157 Coerceamus
3109 2104 3264 2172 igitur
3289 2120 3385 2157 nos
3410 2104 3553 2172 ipStts
3578 2125 3591 2156 :

2006 2191 2247 2245 laetemur
2274 2191 2325 2245 in
2369 2192 2557 2246 timore
2603 2191 2716 2246 Dei.
2770 2192 2978 2247 Etenim
3025 2193 3180 2247 nobis
3218 2209 3338 2247 cum
3383 2194 3594 2249 licentia

2005 2282 2363 2348 versantibus,
2392 2298 2497 2337 non
2526 2283 2683 2337 Valde
2720 2283 3051 2349 curantibus,
3084 2301 3190 2339 non
3230 2295 3589 2355 exspectanti-

2008 2374 2126 2439 bus,
2160 2384 2380 2442 repente
2420 2374 2593 2429 aderit
2633 2376 2724 2430 Dei
2769 2376 3073 2432 adventus:
3103 2377 3245 2448 quod
3288 2378 3595 2447 signiticaos

2005 2466 2252 2521 Christus
2294 2466 2506 2522 dicebat
2540 2485 2555 2522 :
2602 2468 2749 2523 Sicut
2787 2470 2920 2523 enim
2965 2473 3156 2541 factum
3211 2483 3281 2526 est
3321 2473 3375 2526 in
3421 2473 3595 2527 diebus

2007 2556 2144 2623 Noe,
2172 2568 2217 2611 et
2242 2558 2295 2611 in
2323 2559 2495 2612 diebus
2520 2558 2636 2622 Lot,
2656 2560 2727 2613 sic
2753 2562 2845 2614 erit
2884 2562 2937 2614 in
2966 2565 3395 2618 consummatione
3422 2566 3595 2620 seaculi

2007 2649 2159 2719 hujus
2185 2650 2392 2719 (Matth.
2419 2651 2515 2707 24.
2548 2652 2661 2724 57).
2714 2653 2827 2709 lloc
2875 2666 2930 2709 et
2971 2654 3167 2711 Paulus
3210 2657 3287 2711 sic
3312 2657 3593 2714 declarat:

2006 2740 2133 2795 Cum
2162 2742 2399 2809 dixerint,
2432 2742 2547 2797 Pax
2572 2755 2616 2798 et
2639 2747 2903 2809 securitas,
2934 2757 3052 2800 tunc
3080 2750 3372 2819 repentinus
3407 2752 3476 2803 eis
3501 2766 3592 2803 su-

2007 2833 2257 2902 perveniet
2303 2834 2569 2899 interitus,
2616 2837 2745 2889 sicut
2778 2837 2925 2891 dolor
2971 2839 3024 2892 in
3070 2849 3213 2895 utero
3242 2840 3469 2895 habentis
3515 2842 3591 2912 (1.

2011 2924 2186 2981 Thess.
2215 2928 2269 2983 5.
2303 2925 2382 3001 5).
2412 2928 2548 2997 Quid
2589 2940 2671 2983 est
2699 2929 2863 2986 Dolor
2888 2932 2939 2986 in
2969 2943 3112 2987 utero
3138 2935 3366 2989 habentis
3390 2935 3415 2988 ἶ)
3438 2936 3593 3004 Saepe

2010 3030 2347 3089 prtegnantes
2384 3021 2657 3085 mulieres,
2685 3023 2810 3077 dum
2842 3024 3050 3091 ludunt,
3092 3026 3376 3094 prandent,
3403 3029 3453 3081 in
3483 3027 3595 3081 bal-

2008 3126 2131 3178 neo,
2167 3112 2218 3166 in
2246 3112 2363 3168 foro
2384 3125 2526 3179 sunt,
2562 3116 2627 3170 de
2670 3116 2846 3172 futuro
2888 3120 3018 3174 nihil
3048 3122 3362 3191 cogitantes,
3396 3139 3593 3193 repen-

2008 3203 2133 3257 tinis
2159 3202 2480 3259 invaduntur
2508 3206 2805 3263 doloribus.
2837 3208 2972 3264 Cum
2998 3225 3127 3280 ergo
3148 3211 3384 3281 ejusdem
3415 3213 3595 3267 condi-

2009 3295 2169 3349 tionis
2193 3310 2281 3350 res
2305 3306 2501 3351 nostrae
2527 3298 2654 3365 sint,
2678 3300 2845 3354 simus
2862 3316 3077 3371 semper
3103 3304 3290 3371 parati.
3314 3303 3429 3359 Non
3450 3305 3591 3361 enim

2007 3400 2222 3455 semper
2248 3385 2362 3441 haec
2388 3387 2689 3453 audiemus,
2723 3406 2832 3444 non
2860 3407 3072 3462 semper
3108 3392 3246 3448 hanc
3274 3404 3593 3461 potestatem

2008 3477 2340 3532 habebimus.
2389 3477 2458 3532 In
2500 3480 2728 3551 inferno,
2777 3482 2967 3552 inquit,
3009 3484 3121 3553 quis
3162 3486 3480 3551 conﬁtebitur
3505 3490 3595 3542 tibi

2008 3568 2179 3641 (I‘sal.
2212 3568 2265 3624 6.
2313 3568 2414 3641 8)?
2462 3569 2560 3625 Hic
2601 3572 2778 3642 itaque
2827 3558 3195 3642 paenitentiam
3247 3592 3487 3647 agamus,
3536 3589 3596 3636 ut

2006 3661 2085 3715 sic
2137 3661 2303 3715 Deum
2347 3662 2631 3732 propitium
2679 3664 2991 3733 habeamus,
3024 3681 3087 3722 ac
3131 3668 3340 3736 plenam
3368 3670 3595 3726 delicto-

2007 3768 2125 3805 rum
2176 3753 2385 3809 veniam
2436 3768 2828 3824 consequamur
2880 3773 2895 3809 :
2946 3774 3105 3827 quam
3159 3761 3358 3813 utinam
3407 3776 3595 3820 omnes

2007 3845 2372 3914 impetremus,
2400 3846 2569 3917 gratia
2602 3856 2656 3903 et
2683 3847 3009 3918 benignitate
3038 3834 3439 3907 Domini-nostri
3466 3854 3594 3909 Jesu

2006 3936 2229 4004 Christi,
2267 3938 2354 3993 cui
2377 3937 2547 4009 gloria
2575 3949 2631 3994 et
2657 3940 2936 4010 imperium
2965 3943 3017 3997 in
3035 3944 3227 3998 saecula
3250 3947 3591 4002 smeulorum.

2007 4031 2205 4086 Amen.

2068 4255 2084 4285 ι
2109 4250 2263 4324 _Savil.
2286 4253 2478 4324 habet,
2512 4259 2772 4314 trecentos,
2799 4264 2851 4308 et
2881 4260 2951 4309 sic
2972 4259 3070 4309 duo
3088 4266 3195 4310 Mss.
3224 4266 3278 4311 at
3311 4262 3480 4324 plures
3503 4264 3588 4312 ha-

2002 4315 2142 4379 bent,
2166 4315 2556 4379 qiiadringentos.

2066 4378 2139 4438 (a)
2174 4378 2758 4443 PutabatChrysostomus
2789 4395 2884 4432 non
2908 4381 3057 4445 longe
3082 4396 3194 4433 esse
3219 4384 3366 4434 tinem
3403 4387 3590 4436 mundi.

309 4566 3583 4611 ————______________._.________________

1585 4660 1932 4725 HOMILIA
1982 4664 2255 4726 XXXV.

310 4800 398 4855 ιο.
432 4800 557 4855 Cum
594 4802 848 4856 uenissent
885 4818 1003 4873 ergo
1029 4802 1097 4855 ad
1125 4804 1269 4857 illum
1308 4803 1623 4858 Samaritani
1645 4846 1659 4868 ,
1691 4823 1899 4878 rogave-

379 4905 499 4946 runt
524 4911 637 4948 eum
661 4905 713 4947 ut
740 4896 809 4947 ibi
830 4907 1071 4949 maneret.
1100 4895 1164 4948 Et
1192 4898 1371 4949 mansit
1398 4898 1466 4950 ibi
1491 4898 1619 4951 duos
1644 4899 1771 4952 dies.
1804 4902 1895 4957 41.

384 4986 449 5039 Et
478 4990 639 5041 multo
669 4989 839 5057 plures
868 4988 1186 5043 crediderunt
1210 4988 1264 5042 in
1302 5006 1414 5042 eum
1460 5002 1662 5059 propter
1706 5009 1899 5046 sermo-

377 5098 493 5133 nem
521 5083 673 5149 ejus;
702 5080 794 5136 42.
826 5092 874 5135 et
915 5082 1114 5135 mulieri
1148 5082 1376 5136 dicebant
1423 5098 1443 5136 :
1474 5083 1613 5150 Quia
1643 5085 1759 5154 jam
1800 5102 1900 5140 non

380 5183 586 5243 propter
602 5183 740 5226 tuam
770 5173 1021 5240 loquelam
1040 5176 1289 5228 credimus
1315 5190 1333 5227 :
1351 5176 1450 5240 ipsi
1464 5177 1595 5228 enim
1617 5177 1900 5232 audivimus

379 5275 427 5315 et
452 5264 659 5328 scimus,
684 5266 802 5331 quia
829 5265 911 5317 hic
940 5275 1012 5318 est
1040 5281 1157 5319 vere
1184 5266 1421 5319 Salvator
1450 5268 1621 5319 mundi
1645 5268 1897 5325 Christus.

377 5358 468 5410 b3.
502 5354 571 5409 Et
593 5367 703 5425 post
725 5357 833 5411 dies
855 5357 983 5410 duos
1004 5359 1209 5411 excessit
1240 5357 1357 5411 inde
1380 5400 1394 5423 ,
1426 5368 1472 5412 et
1501 5358 1620 5411 abiit
1661 5362 1715 5413 in
1754 5359 1898 5415 Gali-

376 5453 544 5502 trram.

383 5541 433 5593 1.
458 5540 897 5594 Samaritanorum
916 5541 1313 5612 Judazorumque
1332 5561 1451 5615 erga
1466 5542 1723 5600 Christum
1742 5562 1899 5617 agen-

305 5634 357 5692 di
384 5632 606 5685 rationes
629 5644 992 5701 comparantur
1020 5650 1038 5687 :
1059 5635 1332 5689 laudantur
1356 5639 1570 5706 priores,
1590 5638 1899 5707 redarguun-

304 5734 398 5775 tur
424 5718 621 5775 Judaei.
649 5720 792 5777 Nihil
822 5724 1017 5778 invidia
1043 5732 1098 5779 et
1127 5724 1293 5780 livore
1338 5726 1487 5795 pejus
1507 5768 1521 5792 ,
1572 5726 1701 5780 nihil
1753 5728 1895 5782 inani

304 5810 477 5885 gloria
507 5812 745 5869 deterius
773 5833 783 5868 :
816 5815 929 5869 lucc
960 5815 1234 5871 innumera
1263 5832 1607 5889 corrumpere
1634 5819 1769 5873 solet
1799 5818 1865 5875 bo

2010 4827 2099 4863 na.
2127 4808 2297 4865 Judaei
2329 4826 2459 4882 ergo
2485 4828 2605 4868 cum
2640 4817 2895 4885 majorem
2925 4834 3084 4888 quam
3131 4822 3452 4880 Samaritani
3497 4842 3592 4881 co-

2005 4902 2296 4973 gnitionem
2342 4905 2634 4973 haberent,
2684 4920 2736 4964 et
2781 4927 2901 4965 cum
2949 4914 3229 4985 prophetis
3269 4922 3481 4975 educati
3511 4939 3591 4977 es-

2006 5004 2126 5048 sent
2147 5036 2161 5061 ,
2196 4995 2302 5050 illis
2333 5006 2512 5052 tamen
2545 5000 2668 5055 hinc
2695 5001 2974 5057 inferioris
3000 5005 3234 5062 fuerunt.
3268 5010 3589 5066 Samaritani

2005 5088 2315 5144 testimonio
2354 5091 2593 5146 mulieris
2648 5092 2804 5147 ﬁdem
2859 5094 3129 5164 habuere,
3182 5102 3432 5172 nulloque
3477 5106 3593 5156 viso

2006 5178 2160 5247 signo
2187 5189 2390 5235 exeunt
2412 5183 2642 5249 rogaturi
2682 5183 2952 5239 Christum
2986 5200 3041 5241 ιιι
3088 5205 3268 5244 secum
3314 5208 3548 5247 maneret
3576 5211 3590 5257 ;

2005 5266 2177 5323 Judiei
2203 5285 2371 5337 vero,
2410 5272 2571 5325 etiam
2601 5274 2727 5327 visis
2776 5277 3089 5343 miraculis,
3139 5296 3242 5335 non
3286 5281 3444 5338 modo
3487 5300 3591 5338 non

2005 5358 2153 5414 illum
2176 5361 2313 5428 apud
2343 5376 2401 5413 se
2424 5362 2794 5431 retinuerunt,
2823 5367 2917 5421 sed
2944 5370 3105 5423 etiam
3153 5370 3320 5439 ipsmn
3367 5375 3587 5443 expule-

2006 5464 2163 5516 runt,
2193 5451 2429 5521 nihilque
2460 5468 2564 5506 non
2596 5466 2820 5523 egerunt
2851 5470 2907 5512 ut
2951 5460 3125 5528 ipsum
3157 5478 3188 5516 e
3234 5465 3452 5533 regioue
3493 5483 3588 5520 sua

2011 5544 2367 5599 climinarent.
2399 5546 2617 5602 Etiamsi
2647 5549 2860 5605 illorum
2910 5555 3078 5622 gratia
3125 5558 3391 5621 venisset,
3442 5561 3588 5616 illum

2004 5635 2352 5692 nihilominus
2383 5638 2697 5708 eiecerunt;
2728 5642 2779 5695 hi
2809 5654 2993 5699 contra
3026 5657 3081 5699 ut
3109 5650 3246 5717 apud
3267 5666 3324 5705 se
3351 5666 3587 5709 maneret

2004 5739 2277 5797 rogarunt.
2309 5727 2446 5783 Num
2477 5746 2604 5800 ergo
2632 5733 2699 5785 ad
2748 5733 2844 5788 hos
2887 5747 3138 5806 rogantes
3181 5758 3285 5795 non
3326 5750 3591 5801 acceden-

2002 5817 2127 5875 dum
2158 5819 2287 5887 fuit,
2319 5822 2410 5877 sed
2444 5822 2549 5878 illis
2569 5864 2583 5889 ,
2612 5825 2701 5895 qui
2729 5826 2827 5880 sibi
2858 5827 2994 5884 bene
3038 5831 3220 5888 affecti
3263 5848 3413 5890 erant
3436 5882 3450 5906 ,
3495 5858 3585 5896 re-
