4100 6364
533 331 633 385 190

530 450 668 502 lictis
688 489 702 512 ,
733 446 872 519 apud
902 445 1243 501 insidiatores
1271 456 1323 502 et
1352 446 1693 501 adversarios
1717 462 1937 502 manere
1961 461 2113 517 opor-

528 540 665 593 tnit?
695 541 759 593 At
792 553 897 594 non
924 537 1117 593 fuisset
1146 537 1278 592 illud
1324 538 1443 605 ejus
1488 537 1821 608 providentia
1869 538 2107 609 dignum.

528 632 651 685 Ideo
675 647 878 685 morem
900 631 1066 701 gessit
1090 640 1144 685 et
1170 630 1364 686 mansit
1393 630 1532 699 apud
1549 645 1642 685 eos
1668 629 1877 685 duobus
1901 631 2110 689 diebus.

524 722 626 791 Ipsi
659 723 872 793 quidem
901 723 1199 777 voluissent
1225 722 1373 777 illum
1402 732 1661 793 perpetuo
1690 723 1952 779 retinere:
1982 724 2113 778 illud

524 816 668 869 enim
695 814 893 869 indicat
920 815 1246 883 evangelista
1275 813 1358 868 his
1386 814 1563 869 verbis
1592 828 1608 869 :
1642 814 1965 885 Rogaverunt
1996 832 2110 868 eum

522 918 578 962 ut
608 906 676 961 ibi
702 916 958 971 maneret;
989 908 1100 977 ipse
1124 923 1251 962 vero
1277 907 1466 971 noluit,
1490 907 1584 961 sed
1606 907 1741 963 duos
1769 917 1971 961 tantum
1995 907 2111 963 dies

517 1015 637 1054 cum
666 999 770 1052 illis
797 1000 1011 1062 mansit,
1044 1008 1097 1054 et
1128 998 1221 1053 illo
1255 999 1514 1069 temporis
1541 998 1716 1068 spatio
1745 1000 1900 1068 longe
1926 999 2107 1069 plures

517 1089 864 1145 crediderunt
889 1090 941 1143 in
968 1106 1113 1146 eum.
1149 1090 1308 1160 Atqui
1338 1106 1443 1144 non
1474 1091 1767 1145 verisimile
1792 1099 1942 1155 erat,
1985 1091 2107 1147 illos

516 1197 637 1236 esse
657 1183 957 1236 credituros
978 1224 992 1245 ,
1024 1190 1133 1237 tum
1163 1181 1304 1253 quod
1347 1182 1550 1236 nullum
1581 1182 1791 1252 signum
1823 1183 2100 1250 vidissent,

517 1284 628 1327 tum
659 1275 800 1343 quod
830 1274 1046 1328 Judaeos
1071 1274 1196 1329 odio
1240 1273 1520 1329 haberent.
1565 1275 1819 1329 Attamen
1862 1275 1983 1342 quia
2026 1275 2107 1329 di-

518 1377 726 1422 ctorum
770 1366 909 1420 illius
940 1367 1222 1420 veritatem
1260 1366 1403 1435 jnste
1443 1366 1807 1432 azstimarunt,
1851 1365 1934 1420 his
1974 1366 2105 1421 nihil

516 1458 911 1523 oflicientibus,
942 1458 1253 1512 sublimiora
1303 1459 1371 1511 de
1418 1459 1510 1514 illo
1557 1458 1897 1529 cogitarunt,
1943 1474 2103 1529 quam

514 1567 632 1619 qua:
664 1559 883 1620 possent
911 1548 1214 1618 hujnsmodi
1242 1549 1484 1605 obicibus
1517 1550 1799 1620 impediri,
1832 1565 1894 1605 ac
1915 1561 2093 1606 certa-

516 1644 608 1697 tim
638 1643 782 1696 illutu
808 1642 975 1712 magis
1002 1620 1264 1712 ac'magis
1293 1642 1718 1696 admirabantur.
1738 1643 1871 1697 Nam
1894 1644 2103 1698 Mulieri

513 1735 743 1788 dicebant
764 1751 783 1788 :
808 1733 927 1788 Non
936 1736 1049 1803 jam
1076 1744 1281 1805 propter
1308 1744 1448 1788 luant
1479 1736 1728 1805 loquelam
1753 1737 1800 1789 ei
1821 1737 2101 1792 credimus:

512 1828 611 1895 ipsi
654 1826 786 1883 enim
821 1826 1103 1879 audiuimus
1142 1836 1189 1879 et
1232 1827 1418 1880 scimus
1437 1868 1450 1890 ,
1480 1827 1599 1895 quia
1622 1827 1705 1881 hic
1731 1836 1806 1881 est
1833 1845 1944 1883 vere
1973 1828 2099 1883 Sal-

512 1930 656 1971 vator
680 1918 851 1971 mundi
879 1918 1125 1972 Christus.
1166 1918 1418 1989 Discipuli
1469 1918 1547 1990 (a)
1601 1920 1906 1990 magistram
1952 1920 2095 1976 illam

510 2022 855 2078 superarunt.
892 2010 951 2063 lli
993 2025 1222 2079 namque
1249 2010 1465 2065 .ludzeos
1507 2010 1640 2080 jure
1670 2026 1924 2067 accusare
1970 2027 2095 2082 pos-

510 2112 667 2167 sunt,
701 2102 916 2173 etquod
947 2103 1275 2157 crediderint
1303 2113 1357 2159 et
1401 2103 1545 2175 quod
1597 2120 1719 2159 eum
1765 2108 2091 2175 acceperint.

511 2192 586 2248 Illi
611 2209 834 2263 quorum
859 2194 1029 2263 gratia
1054 2202 1224 2248 totum
1248 2194 1349 2249 hoc
1370 2209 1505 2263 opus
1550 2206 1902 2264 susceperat,
1949 2214 2094 2267 saepe

507 2286 681 2355 ipsum
714 2285 1121 2355 lapidaverunt;
1154 2286 1205 2340 hi
1235 2302 1364 2341 vero
1398 2303 1503 2341 non
1530 2288 1869 2343 accedentem
1920 2292 1985 2344 ad
2035 2306 2092 2345 se

507 2390 785 2435 traxerunt
815 2397 827 2431 :
860 2380 935 2434 illi
959 2381 1087 2435 visis
1116 2380 1279 2451 signis
1308 2382 1609 2451 pertinaces
1637 2393 1875 2449 manent,
1896 2383 1948 2437 bi
1975 2385 2091 2440 sine

502 2474 668 2543 signis
694 2490 937 2544 magnam
961 2490 1084 2545 erga
1110 2475 1255 2530 illum
1288 2475 1446 2532 ﬁdem
1470 2475 1767 2542 exhibent,
1814 2485 1871 2531 et
1916 2492 1977 2531 ea
2023 2478 2090 2532 de

501 2583 661 2622 causa
701 2569 1020 2639 gloriantur,
1052 2570 1193 2639 quod
1224 2570 1341 2625 sine
1384 2571 1550 2641 signis
1599 2571 1959 2638 crediderint;
2011 2574 2086 2629 illi

499 2676 628 2715 vero
657 2661 815 2716 linem
844 2677 950 2716 non
981 2662 1182 2716 faciunt
1208 2662 1448 2716 tentandi
1490 2671 1545 2717 et
1584 2663 1735 2733 signa
1785 2664 2083 2734 quaerendi.

498 2753 573 2809 Ita
605 2769 819 2825 semper
849 2756 1013 2826 probe
1039 2754 1230 2810 affecta
1263 2756 1442 2811 anima
1491 2770 1628 2826 opus
1672 2765 1755 2811 est
1790 2773 1803 2810 :
1836 2772 1994 2822 quam
2039 2758 2082 2810 si

496 2849 694 2901 veritas
720 2846 908 2909 adeat,
939 2846 1095 2901 facile
1116 2847 1433 2916 occupabit;
1467 2848 1511 2902 si
1557 2864 1661 2901 non
1710 2857 1978 2917 occupet,
2029 2848 2081 2901 id

499 2955 603 2992 non
631 2954 696 2993 ex
725 2939 967 2993 veritatis
1012 2938 1358 3006 inﬁrmitate,
1396 2938 1489 2994 sed
1530 2955 1596 2994 ex
1630 2939 1747 3010 ejus
1784 2942 2081 3011 pervicacia

494 3033 686 3088 oritur.
715 3031 847 3086 Natu
876 3042 929 3086 et
954 3032 1032 3086 sol
1066 3047 1226 3102 puros
1257 3031 1444 3087 oculos
1472 3031 1631 3088 facile
1659 3033 1955 3099 illuminat;
1996 3034 2079 3089 sin

494 3127 674 3180 minus
696 3167 711 3191 ,
740 3126 1018 3180 oculorum
1042 3126 1225 3194 culpa,
1278 3142 1383 3179 non
1418 3125 1548 3180 solis
1597 3126 1928 3180 imbecillitas
1972 3136 2073 3181 est.

495 3219 629 3272 Audi
658 3220 814 3289 igitur
842 3218 967 3288 quid
996 3218 1047 3271 hi
1079 3218 1262 3272 dicunt
1284 3259 1299 3283 ,
1331 3216 1535 3272 Scimus
1557 3219 1675 3286 quia
1719 3218 1800 3271 hic
1846 3227 1918 3272 est
1966 3234 2079 3272 vere

493 3310 735 3364 Salvator
763 3310 939 3363 mundi
969 3308 1220 3364 Christus.
1245 3309 1435 3364 Viden’
1461 3325 1617 3378 quam
1648 3310 1756 3364 cito
1788 3320 2071 3376 noverunt,

492 3401 664 3471 ipsum
691 3402 874 3456 orbem
909 3410 1171 3456 terrarum
1202 3411 1553 3457 attracturum
1581 3418 1701 3456 esse
1725 3412 1779 3457 et
1816 3402 1882 3457 ad
1923 3418 2075 3457 com-

492 3512 707 3551 tnunem
734 3498 1060 3566 operandam
1097 3497 1323 3561 salutem
1373 3496 1622 3560 venisse;
1666 3496 1915 3566 quodque
1966 3512 2072 3550 non

492 3589 542 3642 in
571 3589 703 3643 solis
724 3587 923 3642 Judrcis
950 3588 1068 3658 ejus
1096 3588 1428 3657 providentia
1456 3588 1919 3643 circumcludenda
1938 3629 1952 3652 ,
1981 3586 2074 3642 sed

491 3680 709 3733 verbum
731 3679 847 3748 ejus
869 3680 1060 3748 ubique
1087 3678 1542 3734 disseminandum
1570 3678 1747 3733 foret?
1788 3680 1858 3732 At
1898 3677 2070 3733 Judaei

488 3786 593 3827 non
622 3771 780 3837 item;
809 3771 915 3824 imo
942 3771 1067 3824 dum
1109 3779 1415 3839 quaererent
1459 3771 1717 3838 justitiam
1758 3786 1908 3825 suam
1959 3781 2072 3826 sla-

492 3874 641 3919 tuere
663 3904 677 3926 ,
704 3864 922 3933 justitia:
952 3862 1043 3916 Dei
1074 3877 1179 3916 non
1210 3861 1437 3931 subjecti
1466 3862 1698 3916 fuerunt.
1730 3862 1793 3916 Hi
1825 3877 1955 3916 vero
1998 3864 2075 3915 fa-

488 3965 665 4011 tentur
688 3972 874 4009 omnes
898 3955 947 4007 iu
976 3954 1131 4022 culpa
1161 3969 1281 4009 esse
1303 3995 1317 4017 ,
1348 3953 1476 4008 illud
1503 3954 1851 4023 apostolicum
1882 3971 1992 4024 pra:
2013 3969 2073 4009 se

485 4048 721 4102 lerentes
752 4065 762 4098 :
795 4044 984 4099 Omnes
1039 4054 1403 4115 peccaverunt,
1454 4054 1499 4099 et
1544 4054 1688 4117 egent
1732 4047 1895 4116 gloria
1936 4047 2067 4112 Dei,

476 4139 746 4208 justi/ictui
767 4138 923 4208 gratis
941 4153 1029 4205 per
1053 4136 1269 4207 gratiam
1293 4136 1453 4206 ipsius
1484 4135 1666 4206 (Rom.
1698 4137 1785 4192 10.
1812 4138 1865 4192 5.
1889 4136 2066 4207 ).Cnm

484 4232 832 4286 dicuntenim
864 4231 1035 4299 ipsum
1082 4245 1201 4285 esse
1235 4228 1563 4286 Salvatorem
1610 4230 1831 4298 mundi,
1880 4240 2064 4285 osten-

484 4325 617 4379 dunt
664 4324 921 4378 mundum
969 4322 1235 4393 periisse;
1292 4331 1347 4377 et
1397 4338 1502 4376 non
1547 4322 1708 4376 modo
1737 4322 2066 4378 Salvatorem

482 4431 624 4483 esse,
653 4417 745 4471 sed
772 4430 825 4470 et
852 4417 902 4469 in
927 4417 1085 4470 rebus
1116 4414 1387 4470 maximis.
1418 4414 1692 4469 Venerunt
1731 4416 1872 4469 enim
1916 4416 2067 4470 multi

482 4519 543 4562 ut
570 4508 814 4562 homines
842 4508 1020 4561 salvos
1046 4506 1314 4569 facerent,
1357 4505 1669 4575 prophetas,
1712 4507 1915 4576 angeli;
1970 4507 2066 4561 sed

482 4616 642 4657 verus
667 4602 910 4657 Salvator
933 4600 1021 4655 hic
1048 4609 1131 4654 est
1149 4639 1164 4664 ,
1198 4599 1403 4669 inquit,
1435 4599 1522 4667 qui
1552 4614 1730 4652 veram
1756 4598 1958 4668 praebet
1981 4614 2067 4653 Sa-

481 4696 647 4752 lutem
672 4738 686 4761 ,
719 4712 824 4750 non
856 4696 1029 4751 solum
1057 4704 1231 4749 autem
1265 4702 1681 4762 temporaneam.
1706 4691 1818 4745 Hoc
1843 4692 2065 4746 sincerae

482 4787 606 4841 ﬁdei
636 4796 1005 4857 argumentum
1033 4796 1135 4841 est.
1171 4784 1426 4854 Utrinqne
1450 4785 1591 4838 enim
1620 4784 1892 4838 mirabiles
1917 4793 2061 4851 sunt,

479 4890 534 4933 et
560 4879 702 4947 quod
725 4878 1082 4941 crediderint,
1111 4887 1163 4932 et
1185 4877 1325 4946 quod
1353 4877 1468 4930 sine
1495 4876 1659 4945 signis
1702 4877 2059 4943 crediderint;

478 4985 613 5039 quos
655 4979 709 5023 et
746 4968 989 5022 Christus
1035 4969 1221 5023 beatos
1257 4967 1512 5039 praedicat
1555 4967 1639 5022 his
1667 4968 1885 5023 verbis:
1916 4968 2064 5023 Beati

477 5062 566 5128 qui
608 5078 708 5115 non
748 5061 1010 5125 viderunt,
1053 5068 1096 5113 et
1122 5059 1653 5130 crediderunt(llom.
1687 5061 1741 5114 '5.
1778 5059 1868 5116 2⁸5.
1913 5061 2057 5133 M);

479 5154 695 5225 etquod
728 5155 887 5209 etiam
916 5154 1124 5207 sincere
1150 5153 1498 5207 crediderint.
1531 5151 1665 5207 Cum
1711 5154 1852 5208 enim
1905 5156 2057 5208 audi-

482 5255 602 5302 rent
629 5246 905 5300 mulierem
938 5244 1099 5299 dubie
1133 5244 1474 5313 loquentem,
1524 5243 1789 5309 Numquid
1838 5248 1945 5317 ipse
1985 5259 2060 5303 est

477 5334 748 5392 Christus?
776 5352 882 5391 non
905 5336 1192 5401 dixerunt,
1220 5335 1327 5391 Nos
1350 5350 1563 5405 quoque
1592 5337 1895 5391 dubitamus
1918 5378 1933 5403 ,
1964 5354 2060 5393 ne-

477 5444 581 5497 que
607 5429 674 5482 ita
706 5428 1106 5493 existimamus,
1140 5427 1269 5491 sed,
1304 5427 1543 5493 Scimus;
1575 5444 1747 5498 neque
1793 5430 1894 5485 hoc
1938 5441 2055 5485 tan-

477 5528 585 5572 tum
612 5559 626 5579 ,
655 5519 747 5573 sed
780 5521 940 5574 ctiam
960 5560 974 5584 ,
1006 5518 1103 5572 Hic
1132 5528 1203 5572 est
1230 5536 1341 5572 vere
1362 5519 1603 5573 Salvator
1629 5521 1823 5575 mundi.
1870 5521 2059 5592 Neque

475 5612 615 5665 enim
643 5610 910 5665 Christum
944 5622 1001 5665 ut
1029 5627 1190 5665 unum
1221 5627 1250 5666 e
1294 5612 1451 5682 vulgo
1493 5614 1884 5669 conﬁtebantur
1906 5655 1922 5683 ,
1963 5615 2057 5671 sed

535 5792 610 5853 (a)
645 5789 778 5840 lianc
802 5805 968 5844 vocem
991 5790 1055 5842 de
1077 5796 1381 5844 Satnaritanis
1413 5793 1655 5854 intellige.

1207 328 1265 384 S.
1303 328 1582 386 JOANNIS
1609 328 2079 387 CHRYSOSTOMI
2119 330 2435 390 ARClllEP.
2476 335 3009 399 CONSTANTINOP.

3697 357 3806 416 100

2226 462 2353 503 vero
2378 448 2711 509 Salvatorem
2741 456 3013 513 dicebant.
3043 461 3200 531 Atqui
3231 478 3388 533 quem
3413 465 3482 521 ab
3509 466 3599 524 illo
3623 484 3805 528 serva-

2222 547 2332 627 tum
2364 543 2649 598 viderant?
2690 547 2861 603 Verta
2913 562 3117 607 tantum
3165 556 3479 627 audierant,
3522 570 3576 616 et
3624 573 3801 620 tamen

2219 639 2281 679 ea
2313 625 2425 696 ipsa
2458 630 2737 697 proferunt
2759 649 2877 702 quae
2902 635 3199 704 dixissent,
3247 642 3292 695 si
3330 625 3588 700 vidissent
3633 650 3801 705 multa

2217 731 2515 788 magnaque
2555 723 2829 779 miracula.
2851 725 2920 781 Et
2946 743 3045 783 cur
3066 734 3403 803 evangelista:
3428 752 3534 791 non
3563 738 3804 796 referunt

2217 823 2278 862 ea
2320 825 2440 880 qum
2479 812 2653 881 dixit,
2685 831 2909 887 quaeque
2953 822 3216 877 mirabilia
3258 828 3452 880 erant?
3505 827 3575 884 Ut
3618 830 3802 888 discas

2217 899 2361 969 ipsos
2387 905 2551 959 multa
2586 921 2652 961 ex
2683 910 2890 979 magnis
2919 913 3077 967 rebus
3106 918 3547 985 praetermittere;
3593 923 3687 977 sed
3729 940 3796 979 ex

2215 1003 2411 1048 eventu
2460 1003 2633 1052 totum
2680 999 3206 1072 demonstraverunt.
3267 1007 3455 1065 Verbis
3496 1014 3637 1066 enim
3682 1017 3798 1071 suis

2216 1090 2383 1138 totum
2418 1088 2671 1157 populum
2693 1132 2709 1157 ,
2744 1093 3153 1165 universamque
3198 1098 3465 1154 civitatem
3508 1108 3794 1162 convertit.

2215 1172 2311 1227 Ubi
2338 1187 2514 1231 autem
2560 1180 2832 1238 auditores
2877 1201 2983 1240 non
3037 1188 3450 1259 obtemperant,
3502 1203 3626 1249 tunc
3669 1213 3793 1266 qua:

2212 1267 2457 1324 Christus
2510 1271 2707 1328 dixerit
2755 1276 2957 1332 referre
2998 1292 3294 1350 coguntur,
3366 1300 3434 1340 ne
3483 1286 3791 1343 auditorum

2211 1358 2473 1429 ignaviam
2503 1362 2986 1424 inconcionantetn
3041 1373 3160 1440 quis
3210 1374 3428 1431 referat.
3484 1377 3613 1432 Post
3661 1382 3792 1436 duos

2208 1463 2374 1506 autem
2394 1454 2499 1508 dies
2520 1457 2642 1511 exiit
2668 1459 2819 1527 inde,
2850 1471 2896 1515 et
2932 1463 3053 1517 abiit
3093 1467 3146 1519 in
3190 1464 3479 1523 Galilazam.
3523 1471 3614 1525 44.
3666 1471 3696 1525 Ι
3702 1492 3794 1543 pse

2207 1546 2341 1599 enim
2365 1546 2597 1604 Christus
2626 1552 2963 1607 testimonium
2986 1558 3269 1625 perhibuit,
3299 1561 3417 1629 quia
3445 1566 3691 1632 propheta
3732 1567 3790 1619 in

2208 1641 2372 1707 patria
2400 1656 2493 1694 sua
2537 1643 2777 1698 honorem
2827 1664 2927 1702 non
2969 1649 3137 1704 habet.
3192 1652 3303 1707 Cur
3348 1655 3450 1710 hoc
3498 1658 3790 1728 adjicitur?

2206 1729 2338 1796 Quia
2368 1732 2420 1786 iu
2448 1732 2783 1804 Capernaum
2810 1755 2914 1794 non
2944 1742 3109 1808 abiit,
3139 1743 3232 1799 sed
3272 1745 3324 1799 in
3375 1745 3679 1816 Galilaeam,
3731 1762 3791 1806 et

2204 1822 2328 1879 inde
2356 1825 2407 1880 in
2439 1825 2607 1882 Cana.
2635 1829 2713 1884 Ne
2740 1846 2950 1900 quaeras
2976 1835 3121 1889 enim
3143 1876 3160 1903 ,
3192 1851 3289 1891 cur
3319 1853 3425 1893 non
3458 1842 3594 1910 apud
3620 1858 3746 1897 suos
3767 1887 3783 1909 ,

2202 1917 2295 1972 sed
2324 1920 2462 1990 apud
2489 1920 2852 1981 Samaritanos
2879 1939 3127 1993 maneat,
3162 1944 3376 1985 causam
3421 1934 3604 2002 alfert,
3642 1939 3785 2007 quod

2201 2023 2395 2079 nempe
2425 2010 2598 2081 ipsum
2647 2029 2751 2068 non
2797 2016 3064 2072 audirent.
3102 2019 3231 2075 Ideo
3261 2022 3419 2091 igitur
3463 2040 3569 2081 non
3607 2042 3674 2083 eo
3726 2044 3787 2084 se

2200 2102 2443 2166 contulit,
2474 2118 2542 2157 ne
2569 2106 2786 2175 gravius
2804 2106 3065 2176 judicium
3091 2111 3353 2168 subirent.

2267 2192 2322 2246 2.
2356 2194 2489 2248 Puto
2510 2196 2651 2250 enim
2702 2198 2787 2253 hic
2832 2201 3058 2269 patriam
3103 2216 3252 2257 suam
3302 2204 3527 2278 intelligi
3577 2209 3783 2279 Caper-

2199 2299 2355 2337 naum
2387 2300 2400 2336 :
2431 2286 2574 2355 quod
2602 2297 2778 2343 autem
2812 2290 2883 2344 ibi
2928 2293 3075 2346 nullo
3103 2308 3225 2348 cum
3272 2295 3476 2352 honore
3523 2312 3782 2371 exceptus

2195 2377 2266 2429 sit
2288 2418 2301 2434 .
2334 2376 2456 2431 audi
2483 2380 2651 2447 ipsum
2682 2378 2946 2437 dicentem
2981 2402 2993 2437 :
3030 2383 3093 2437 Et
3123 2394 3177 2437 ιιι
3197 2426 3211 2452 ,
3258 2385 3576 2457 Caperuaum
3599 2433 3614 2457 ,
3666 2408 3782 2463 qua:

2195 2483 2350 2536 usque
2377 2470 2443 2522 ad
2471 2471 2651 2524 cwlum
2680 2471 2902 2527 excitata
2945 2491 2997 2528 es
3019 2517 3034 2541 ,
3082 2492 3239 2546 usque
3277 2478 3346 2531 ad
3388 2480 3641 2551 infernum
3685 2484 3780 2537 de-

2192 2560 2397 2613 scendes
2427 2561 2594 2631 (Luc.
2631 2564 2717 2619 ll).
2747 2564 2814 2619 l5
2836 2564 2877 2637 ).
2911 2565 3141 2621 Patriam
3174 2584 3302 2625 vero
3329 2586 3477 2626 suum
3502 2585 3655 2628 vocat
3685 2592 3778 2632 se-

2194 2653 2424 2706 cundum
2473 2658 2786 2711 oeconomiae
2811 2659 3092 2726 rationem,
3122 2663 3240 2731 quia
3272 2664 3467 2719 diutius
3496 2666 3566 2722 ibi
3592 2684 3776 2723 versa-

2190 2749 2278 2798 tus
2309 2745 2500 2798 fuerat.
2524 2746 2661 2813 Quid
2687 2750 2852 2818 ergo?
2880 2749 3117 2820 inquies,
3159 2768 3337 2809 annon
3384 2756 3581 2812 multos
3624 2759 3776 2816 vide-

2187 2850 2323 2899 mus,
2345 2838 2432 2906 qui
2461 2839 2598 2906 apud
2624 2840 2906 2909 populares
2933 2857 3059 2897 suos
3090 2843 3435 2902 admirationi
3474 2848 3776 2907 habentur?

2188 2925 2443 2984 Videmus
2467 2932 2688 2999 utique;
2719 2932 2814 2987 sed
2858 2949 2956 3002 per
3007 2950 3070 2989 ea
3122 2952 3243 3006 quae
3286 2954 3409 2992 raro
3457 2943 3774 3012 contingunt

2185 3036 2291 3075 non
2323 3031 2406 3075 est
2431 3024 2693 3077 sententia
2721 3025 2965 3080 ferenda.
2996 3027 3148 3094 Quod
3172 3030 3219 3082 Si
3245 3030 3457 3099 quidam
3507 3032 3559 3086 in
3600 3036 3770 3103 patria

2183 3127 2277 3167 sua
2309 3112 2565 3169 honorem
2591 3125 2716 3169 sunt
2735 3120 3071 3188 consequuti,
3092 3122 3260 3175 multo
3282 3123 3447 3193 magis
3478 3124 3529 3178 in
3558 3127 3766 3181 aliena:

2181 3207 2512 3261 consuetudo
2557 3223 2787 3278 namque
2827 3222 3191 3281 contemptum
3240 3229 3426 3284 parere
3469 3218 3625 3272 solet.
3670 3219 3764 3274 45.

2181 3295 2309 3351 Cum
2331 3316 2449 3368 ergo
2472 3300 2683 3353 venisset
2704 3301 2757 3353 in
2780 3300 3084 3368 Galilaeam,
3113 3316 3416 3374 exceperunt
3460 3324 3572 3360 eum
3621 3308 3769 3363 Cali-

2180 3389 2297 3454 lwi,
2342 3406 2455 3442 cum
2497 3390 2736 3445 vidissent
2779 3394 2948 3447 omnia
2991 3410 3106 3464 quae
3141 3399 3329 3467 fecerat
3349 3395 3682 3469 Jerosolymis
3710 3405 3762 3455 in

2182 3478 2265 3533 die
2288 3480 2413 3548 festo
2443 3498 2461 3534 :
2487 3481 2587 3551 ipsi
2614 3482 2749 3535 enim
2774 3494 3011 3539 venerant
3037 3486 3106 3537 ad
3144 3487 3277 3539 diem
3316 3490 3521 3559 festum.
3575 3490 3762 3546 Viden‘

2181 3572 2450 3639 quomodo
2477 3572 2510 3625 ii
2537 3574 2623 3641 qui
2656 3576 2796 3629 male
2825 3575 3151 3643 audiebant,
3181 3577 3279 3646 ipsi
3332 3579 3561 3634 maxime
3601 3581 3760 3636 Chri-

2178 3673 2318 3716 stum
2351 3664 2580 3719 adeant?
2608 3665 2739 3719 Natn
2770 3666 2856 3720 hic
2878 3667 3090 3736 quidem
3118 3669 3443 3740 evangelista
3474 3671 3602 3725 dicit
3628 3691 3641 3726 :
3676 3674 3761 3729 Ea:

2181 3753 2405 3811 Nazaret
2428 3766 2586 3826 potest
2611 3758 2805 3829 aliquid
2832 3758 2950 3812 boni
2978 3775 3085 3815 esse
3111 3759 3304 3829 (Joan.
3333 3763 3385 3817 l.
3423 3764 3490 3817 47
3518 3765 3581 3832 )l‘
3623 3767 3762 3822 alius

2177 3856 2353 3901 autem
2374 3890 2388 3913 ,
2421 3849 2663 3904 Scrutare
2687 3860 2733 3905 et
2753 3851 2898 3917 vide,
2928 3854 3047 3921 quia
3075 3854 3322 3924 propheta
3342 3873 3374 3908 a
3396 3855 3611 3910 Galilaza
3650 3876 3756 3912 non

2175 3940 2335 4010 surgit
2381 3938 2577 4010 (Joan.
2618 3942 2670 3997 7.
2699 3942 2810 4014 52)
2842 3960 2856 3998 :
2883 3943 3025 4014 quod
3071 3945 3125 3998 in
3169 3948 3547 4002 contumeliam
3590 3949 3761 4019 ipsius

2174 4029 2441 4086 dicebant.
2486 4032 2630 4087 Multi
2663 4050 2893 4104 namque
2921 4035 3175 4105 putabant
3202 4038 3375 4106 ipsum
3418 4055 3485 4093 ex
3528 4039 3760 4096 Nazarct

2174 4138 2295 4177 esse
2324 4140 2338 4176 :
2368 4132 2529 4193 atque
2570 4125 2618 4179 ei
2664 4134 2932 4194 tamquam
2962 4127 3297 4182 Samaritano
3335 4130 3755 4198 exprobrabant.

2176 4216 2536 4270 Samaritanus
2587 4232 2673 4284 es,
2723 4218 2969 4283 aiebant,
3020 4228 3067 4271 et
3118 4218 3421 4272 dwmonium
3447 4222 3617 4275 habes.
3648 4220 3758 4278 Sed

2174 4320 2346 4370 ecce,
2398 4306 2602 4377 inquit,
2664 4307 2983 4362 Samaritani
3034 4316 3089 4363 et
3136 4306 3339 4365 Galilazi
3396 4311 3623 4367 credunt
3687 4315 3755 4368 ad

2173 4398 2516 4468 ignominiam
2558 4399 2904 4466 .Iudmorum;
2973 4401 3078 4457 imo
3139 4403 3454 4459 Samaritani
3520 4405 3761 4461 Galilaais

2173 4492 2420 4547 meliores
2465 4491 2975 4562 deprehenduntur:
3006 4494 3078 4547 illi
3100 4496 3242 4549 enim
3270 4511 3334 4549 ex
3381 4498 3619 4554 mulieris
3665 4515 3759 4553 so-

2171 4581 2279 4636 lum
2324 4584 2623 4638 testimonio
2666 4585 2837 4654 ipsum
2878 4595 3231 4654 acceperunt;
3291 4586 3344 4639 hi
3394 4604 3550 4656 vero,
3603 4601 3753 4658 post-

2169 4690 2329 4743 quam
2371 4678 2520 4745 signa
2566 4677 2634 4729 ab
2670 4678 2760 4730 illo
2804 4678 2939 4731 facta
2982 4677 3240 4731 viderant.
3296 4678 3385 4733 46.
3447 4678 3591 4734 Venit
3631 4698 3757 4753 ergo

2167 4765 2319 4821 Jesus
2341 4769 2520 4821 iterum
2545 4770 2597 4823 in
2623 4769 2764 4823 Cana
2786 4768 3012 4825 Galilaaw
3034 4812 3049 4835 ,
3080 4773 3162 4825 ubi
3186 4772 3301 4841 fecit
3330 4790 3512 4845 aquam
3555 4777 3721 4829 uinum
3742 4819 3759 4833 .

2169 4862 2479 4917 Miraculum
2517 4864 2568 4916 in
2620 4865 2928 4918 memoriam
2975 4874 3211 4931 revocat,
3242 4864 3613 4935 admajorem
3653 4869 3755 4924 Sa-

2168 4952 2549 5008 maritanorum
2606 4954 2840 5008 laudem.
2892 4954 2955 5009 Hi
3010 4970 3240 5026 namque
3292 4965 3413 5026 post
3479 4959 3628 5029 signa
3693 4973 3755 5016 et

2164 5040 2509 5114 Jerosolymis
2539 5053 2593 5099 et
2630 5044 2770 5115 apud
2810 5060 2870 5100 se
2911 5046 3087 5113 edita,
3136 5048 3306 5118 ipsum
3352 5063 3700 5116 susceperunt
3731 5073 3749 5108 :

2165 5138 2485 5192 Samaritani
2518 5154 2642 5195 vero
2668 5155 2732 5193 ex
2773 5138 3013 5193 doctrina
3059 5149 3283 5195 tantum.
3344 5140 3484 5196 Istuc
3537 5147 3750 5201 venisse

2164 5239 2381 5295 narrat;
2413 5248 2514 5301 qna
2544 5232 2611 5286 de
2656 5246 2815 5286 causa
2861 5232 3072 5287 venerit
3124 5249 3229 5288 non
3276 5234 3476 5304 adjicit.
3530 5236 3588 5290 In
3635 5236 3746 5293 Ga—

2164 5322 2356 5377 lilaeam
2416 5323 2559 5377 enim
2621 5334 2837 5393 propter
2891 5323 3197 5379 Judteorum
3248 5326 3497 5381 invidiam
3560 5330 3745 5395 venit;

2162 5415 2256 5470 sed
2285 5432 2381 5471 cur
2419 5416 2473 5471 in
2515 5416 2709 5471 Cana?
2755 5418 2991 5472 Primum
3039 5427 3261 5473 vocatus
3297 5420 3363 5475 ad
3402 5422 3616 5490 nuptias
3643 5423 3741 5477 illo

2161 5518 2501 5563 concesserat
2538 5523 2552 5573 ;
2600 5507 2695 5562 sed
2722 5524 2862 5564 nunc
2887 5526 3053 5577 quare
3081 5511 3104 5564 ?
3133 5511 3258 5565 Mihi
3287 5514 3499 5582 quidem
3530 5515 3747 5569 venisse

2160 5602 2369 5656 videtur
2406 5611 2463 5656 ut
2504 5601 2662 5656 ﬁdem
2699 5603 2891 5671 patrati
2932 5604 3175 5659 miraculi
3213 5608 3494 5675 praesentia
3521 5624 3616 5662 sua
3643 5609 3744 5662 ﬁr-

2162 5706 2331 5751 maret
2353 5737 2367 5758 ,
2396 5705 2561 5764 utque
2602 5712 2705 5748 non
2739 5705 2958 5751 vocatus
2986 5701 3269 5765 accedens,
3316 5702 3483 5773 magis
3512 5701 3630 5756 illos
3656 5702 3743 5755 ai-

2164 5789 2376 5854 liceret,
2405 5803 2525 5842 cum
2552 5788 2735 5842 relicta
2766 5788 2934 5858 patria
2955 5830 2971 5857 ,
3000 5789 3119 5845 illos
3144 5791 3253 5847 suis
3279 5795 3585 5850 anteferret.
3612 5793 3744 5852 Erat
