4100 6364
290 327 394 385 199

294 443 514 504 τούτους
537 441 638 496 οὐκ
671 441 818 506 εἰκὸς
841 437 908 514 ἦν
932 441 1240 500 πιστεῦσαι,
1276 439 1355 511 τῷ
1376 455 1435 491 τε
1468 435 1689 506 σημεῖον
1717 427 1883 500 μηδὲν

295 525 618 594 ἐιηιρακέναι.
664 527 758 578 καὶ
798 525 876 596 τῷ
914 525 1166 594 ἀπεχθῶς
1203 523 1337 594 πρὸς
1384 517 1668 576 Ἰουδαίους
1699 514 1878 596 ἔχειν’

293 591 402 664 ἀλλ’
427 611 580 680 ὅμως
615 610 800 682 ἐπειδὴ
831 591 942 674 τοῖς
967 591 1280 678 λεγομένοις
1327 605 1464 677 μετά
1492 599 1747 670 ἀληθείας
1764 591 1882 682 ’ἐδί-

297 679 476 757 καζον.
515 693 576 746 οὗ
620 679 895 764 προσέστη
945 693 1104 745 τοῦτο
1141 692 1345 752 αὐτοῖς,
1381 687 1495 741 ἀλλ’
1545 679 1883 752 ὑψηλοτέραν

293 779 400 831 τῶν
444 778 784 846 κωλυμάτων
826 777 1015 830 ἔλαϐον
1061 776 1289 836 ἔννοιαν,
1329 774 1425 826 καὶ
1472 764 1886 837 ἐφιλοτιμοῦντο

295 863 386 914 ἐπὶ
421 861 484 913 τὸ
523 860 674 932 [202]
736 861 997 931 μειζόνως
1046 859 1348 928 θαυμάζειν
1398 855 1558 910 αὐτόν
1589 869 1601 882 ·
1645 849 1722 918 Τῇ
1776 846 1886 918 γὰρ

296 947 555 1014 γυναικί,
578 945 762 1015 φησὶν,
786 946 1018 1014 ἕνίεγονη
1045 944 1255 997 Οὐκέτι
1275 941 1370 994 διὰ
1393 939 1507 1007 τὴν
1522 935 1646 1003 σὴν
1664 933 1887 988 λαλιὰν

296 1030 658 1097 πιστεύομεν
694 1028 889 1094 αὐτῷ·
942 1027 1112 1083 αὐτοὶ
1163 1030 1273 1096 γὰρ
1317 1025 1490 1093 ἡμεῖς
1534 1021 1888 1089 ἠκούσαμεν

297 1113 392 1164 καί
418 1111 688 1180 οῖδαμεν,
715 1113 802 1165 ὅτι
825 1108 1005 1178 οὗτός
1027 1114 1197 1164 ἐστιν
1219 1107 1456 1176 ἀληθῶς
1489 1109 1520 1160 ὀ
1551 1103 1755 1170 Σωτὴρ
1779 1099 1886 1154 τοῦ

299 1196 531 1265 κόσμου
551 1199 583 1250 ό
609 1199 875 1264 Χριστός.
907 1199 970 1250 υἱ
999 1196 1237 1267 μαθηταὶ
1262 1194 1352 1247 τὸν
1380 1189 1698 1246 διδάσκαλον
1720 1187 1888 1254 ὑπερ-

298 1281 611 1350 ηκόντισαν.
646 1277 806 1335 Οὗτοι
837 1281 945 1352 γάρ
989 1282 1083 1334 καὶ
1120 1280 1228 1334 τῶν
1274 1276 1542 1332 Ἰουδαίων
1576 1271 1888 1342 κατηγορή-

300 1380 448 1416 σαιεν
477 1364 546 1417 ἂν
580 1365 802 1428 δικαίως
835 1366 931 1418 καὶ
956 1365 1034 1435 τῷ
1066 1362 1354 1417 πιστεῦσαι
1381 1362 1473 1414 καὶ
1500 1359 1578 1429 τῷ
1609 1355 1884 1420 δέξασθαι.

309 1448 540 1500 Ἐκεῖνοι
582 1449 682 1519 μὲν
716 1450 826 1520 γὰρ
867 1451 1010 1521 ὑπὲρ
1034 1443 1109 1503 ὧν
1146 1450 1328 1502 πᾶσαν
1357 1445 1455 1517 τὴν
1500 1441 1888 1521 πραγματείαν

299 1532 665 1602 συνεστήσατο
719 1545 768 1596 ε,
797 1518 1064 1603 -συνεχῶς
1111 1533 1275 1588 αὐτὸν
1313 1528 1593 1593 ἐλίθαζον*
1646 1518 1792 1578 οὗτοι
1829 1522 1886 1575 δὲ

298 1615 413 1666 οὐδὲ
441 1615 577 1685 πρὸς
611 1615 808 1680 αὐτοὺς
834 1615 1156 1688 ὁρμώμενον
1182 1616 1440 1669 εἵλκυσαν
1473 1613 1610 1684 πρὸς
1635 1607 1881 1670 ἑαυτούς.

301 1699 408 1750 Καὶ
428 1701 477 1750 οί
511 1701 609 1768 μὲν
637 1701 776 1771 μετά
804 1701 1044 1772 σημείων
1060 1700 1378 1772 ἀδιόρθωτοι
1416 1699 1671 1770 μένουσιν
1693 1711 1706 1725 ·
1738 1688 1883 1746 οῦτοι

298 1780 352 1833 δὲ
382 1783 555 1852 χωρὶς
583 1784 827 1854 σημείων
867 1785 1073 1856 πολλὴν
1095 1785 1224 1855 περὶ
1252 1784 1416 1838 αὑτὸν
1445 1784 1544 1853 τὴν
1577 1780 1759 1833 πίστιν
1785 1779 1884 1829 ἐπ-

299 1867 593 1933 εδείξαντο,
619 1870 714 1922 καί.
742 1869 919 1941 τούτῳ
953 1869 1102 1940 αὐτῷ
1141 1867 1571 1940 φιλοτιμοῦνται,
1595 1863 1675 1934 ’τῷ
1713 1863 1884 1933 χωρὶς

301 1951 543 2019 σημείων
568 1952 855 2007 πιστεῦσαι
880 1971 894 1986 ο
934 1956 1131 2008 ἐκεῖνοι
1169 1953 1224 2007 δὲ
1257 1955 1319 2006 ού
1367 1951 1629 2006 παύονται
1659 1949 1753 2002 καὶ
1784 1964 1884 2016 ση-

302 2037 425 2102 μεῖα
459 2036 750 2106 ζητοῦντες
789 2039 817 2078 b
847 2040 942 2092 καὶ
985 2039 1357 2110 πειράζοντες.
1417 2037 1603 2098 Οὕτως
1673 2030 1884 2100 εὐγνώ-

303 2133 459 2185 μονος
474 2120 655 2191 ψυχῆς
684 2123 962 2192 πανταχοῦ
992 2124 1171 2194 χρεία.
1201 2121 1319 2176 Κᾶν
1345 2120 1670 2189 ἐπιλάϐηται
1696 2115 1882 2170 τοιαύ-

298 2221 392 2274 της
420 2207 452 2275 ἡ
492 2205 742 2277 ἀλήθεια,
781 2211 974 2280 κρατεῖ
1001 2208 1198 2280 ῥᾳδίως
1224 2224 1238 2238 ο
1273 2206 1379 2261 κᾶν
1415 2205 1489 2276 μὴ
1519 2203 1790 2275 κρατήσῃ,
1821 2200 1883 2254 οὐ

300 2288 448 2358 παρά
489 2288 591 2360 τὴν
639 2290 809 2362 αὐτῆς
841 2292 1148 2358 ἀσθένειαν,
1184 2291 1323 2346 ἀλλά
1363 2289 1515 2361 παρὰ
1545 2289 1642 2358 τὴν
1681 2285 1884 2356 ταύτης

298 2374 691 2446 ἀγνωμοσύνην
723 2377 880 2430 τοῦτο
907 2375 1134 2445 γίνεται.
1177 2376 1328 2430 Ἐπεὶ
1355 2385 1376 2412 ο
1412 2374 1506 2426 καὶ
1528 2376 1556 2427 ό
1579 2372 1730 2444 ἥλιος
1755 2373 1885 2424 ὅταν

297 2459 433 2531 λάϐῃ
466 2461 743 2533 καθαροὺς
768 2463 1100 2533 ὀφθαλμοὺς.
1121 2461 1342 2531 φωτίζει
1369 2460 1566 2533 ῥᾳδίως
1586 2477 1599 2490 ’
1629 2459 1696 2512 ἂν
1728 2458 1786 2511 δὲ
1809 2457 1883 2529 μὴ

299 2544 531 2616 φωτίσῃ,
559 2545 657 2615 τῆς
686 2545 912 2599 ἐκείνοιν
937 2547 1249 2618 ἀρρωστίας
1275 2545 1335 2598 τὸ
1356 2545 1680 2617 ἁμάρτημα,
1699 2542 1758 2596 οὺ
1787 2542 1886 2612 τῆς

297 2627 579 2692 ἀσθενείας
608 2627 818 2682 τούτου.
866 2632 1128 2683 Ἄκουσον
1156 2629 1286 2699 γοῦν
1321 2625 1466 2684 οῦτοι
1505 2629 1558 2682 τί
1606 2626 1880 2695 λέγουσιν.

301 2712 576 2780 οἴδαμεν,
619 2716 805 2784 φησὶν,
841 2714 931 2768 ὅτι
955 2710 1135 2780 οὗτός
1157 2715 1328 2768 ἐστιν
1355 2712 1592 2780 ἀληθῶς
1623 2715 1655 2765 ό
1681 2711 1884 2778 Σωτὴρ

295 2795 400 2848 τοῦ
427 2796 665 2864 κόσμου
694 2801 728 2852 o'
754 2799 1024 2866 Χριστός.
1071 2797 1232 2868 Ὁρᾷς
1275 2796 1392 2860 πῶς
1423 2796 1624 2858 εὐθέως
1657 2794 1884 2865 ἐνόησαν

296 2878 374 2932 ὅτι
407 2879 510 2949 τὴν
540 2881 866 2952 οἰκουμένην
909 2881 1316 2934 ἐπισπάσασθαι
1352 2880 1604 2951 ἠμελλεν,
1654 2879 1747 2931 καὶ
1794 2878 1886 2930 ἐπὶ

294 2959 580 3031 διορθώσει
639 2964 738 3034 τῆς
781 2965 969 3035 κοινῆς
1011 2961 1142 3036 ἦλθε
1189 2963 1496 3035 σωτηρίας,
1557 2964 1642 3017 ὅτι
1688 2963 1789 3014 οὐκ
1828 2963 1886 3012 ἐν

308 3044 588 3110 Ἰουδαίοις
625 3048 858 3118 ἤμελλεν
902 3049 1212 3103 ἀποκλείειν
1259 3049 1422 3102 αὑτοῦ
1467 3049 1564 3120 τὴν
1602 3048 1884 3118 πρόνοιαν,

294 3128 426 3183 ἀλλά
451 3132 736 3203 πανταχοῦ
776 3133 1020 3203 σπείρειν
1057 3133 1223 3187 αὑτοῦ
1246 3134 1336 3186 τὸν
1363 3133 1554 3202 λόγον;
1605 3131 1744 3185 Ἀλλ’
1785 3132 1887 3184 οὐκ

307 3212 556 3268 Ἰουδαῖοι
588 3214 762 3279 οῦτως
785 3233 798 3247 ο
831 3217 964 3270 ἀλλά
998 3217 1291 3288 ζητοῦντες
1312 3218 1411 3290 τὴν
1445 3217 1580 3271 ἰδίαν
1611 3215 1887 3270 δικαιοσύ-

294 3315 391 3368 νην
420 3299 646 3368 στῆσαι,
677 3303 741 3371 τῇ
763 3301 1077 3373 δικαιοσύνῃ
1099 3301 1192 3355 τοῦ
1218 3301 1354 3354 Θεοῦ
1392 3302 1489 3371 οὐχ
1510 3301 1884 3370 ὑπετάγησαν.

295 3377 452 3436 Οὗτοι
502 3383 565 3436 δὲ
611 3384 964 3454 ὁμολογοῦσιν
1008 3387 1256 3450 ἅπαντας
1299 3387 1356 3439 ἐν
1393 3386 1687 3456 ἐπιτιμίοις
1723 3381 1882 3452 εἶναι,

293 3467 472 3520 ἐκεῖνο
501 3467 568 3518 τὸ
590 3469 946 3522 ἀποστολικὸν
977 3469 1285 3541 δηλοῦντες,
1320 3471 1402 3524 ὅτι
1435 3469 1667 3536 Πάντες
1704 3469 1890 3539 ἦμαρ·

294 3567 398 3604 τον
419 3553 523 3605 καὶ
544 3553 939 3620 ὑστεροῦνται
966 3555 1078 3622 τῆς
1093 3554 1279 3623 δόξης
1306 3555 1413 3609 τοῦ
1440 3554 1610 3621 Θεοῦ,
1631 3554 1892 3608 δικαιού-

288 3651 458 3702 μενοι
492 3635 729 3704 δωρεὰν
759 3635 834 3704 τῇ
879 3637 1066 3690 αὐτοῦ
1113 3637 1329 3707 χάριτι.
1372 3638 1635 3702 Εἰπόντες
1665 3639 1773 3708 γὰρ
1807 3639 1889 3692 ὅτι

292 3721 487 3791 Σωτήρ
514 3721 640 3772 ἐστι
658 3718 754 3772 τοῦ
788 3720 1014 3792 κόσμου,
1042 3720 1248 3786 ἔδειξαν
1277 3723 1360 3775 ὅτι
1384 3721 1479 3775 τοῦ
1511 3722 1850 3786 ἀπολωλότος
1871 3739 1886 3753 ο

292 3805 385 3857 καὶ
423 3805 526 3876 οὐχ
578 3806 768 3868 ἁπλῶς
800 3807 1012 3877 Σωτὴρ,
1067 3807 1183 3860 ἀλλ’
1246 3807 1305 3860 ἐν
1353 3807 1558 3879 σφόδρα
1610 3807 1887 3876 μεγάλοις.

291 3883 499 3941 Ἦλθον
556 3890 659 3960 μὲν
699 3891 807 3961 γὰρ
857 3890 1041 3943 πολλοὶ
1086 3890 1279 3952 σῶσαι,
1343 3891 1435 3943 καὶ
1470 3891 1745 3961 προφῆται
1795 3893 1890 3944 καὶ

290 3970 552 4038 ἄγγελοι⁶
591 3973 707 4025 ἀλλ’
740 3975 769 4026 ὁ
800 3974 1049 4044 ἀληθινὸς
1083 3974 1274 4046 Σωτὴρ
1318 3970 1472 4036 οὗτός
1502 3976 1639 4039 ἐστι,
1677 3976 1829 4044 φησὶ,
1862 3977 1891 4028 ό

288 4056 384 4126 τὴν
430 4057 618 4128 ἀληθῆ
651 4059 922 4130 σωτηρίαν
969 4059 1248 4128 παρέχων,
1301 4059 1363 4111 οὐ
1415 4057 1515 4128 τὴν
1559 4058 1890 4129 πρόσκαιρον

292 4142 476 4212 μόνον.
538 4141 720 4196 Τοῦτο
758 4143 996 4206 πίστεως
1037 4141 1384 4212 εἰλικρινοῦς.
1447 4145 1555 4196 Καὶ
1594 4144 1703 4214 γάρ
1753 4145 1890 4196 εἰσιν

287 4225 696 4298 ἀμφοτέρωθεν
725 4226 1046 4296 θαυμαστοὶ.
1072 4228 1166 4279 καὶ
1189 4227 1269 4279 ὅτι
1301 4226 1645 4289 ἐπίστευσαν,
1689 4228 1782 4279 καὶ
1807 4227 1890 4279 ὃτι

285 4313 454 4380 χωρὶς
475 4309 734 4379 σημείων
759 4326 772 4339 ·
800 4309 892 4372 οῦς
923 4312 1018 4363 καὶ
1045 4313 1072 4362 ὁ
1093 4310 1327 4380 Χριστὸς
1359 4310 1650 4379 μακαρίζει
1678 4309 1850 4378 λέγων
1872 4327 1885 4341 ·

283 4393 586 4464 Μακάριοι
639 4397 692 4448 οἱ
719 4395 805 4464 μὴ
843 4395 1072 4462 ἰδόντες
1117 4395 1214 4448 καὶ
1268 4396 1742 4460 πιστεύσαντεςο
1796 4397 1891 4448 καὶ

283 4479 364 4532 ὅτι
398 4478 728 4550 εἰλικρινῶς
757 4478 932 4533 τοῦτο.
956 4479 1149 4531 Καίτοι
1177 4478 1276 4547 τῆς
1297 4477 1555 4544 γυναικὸς
1575 4479 1891 4547 ἀμφιϐόλως

284 4560 559 4634 λεγούσης
593 4562 949 4625 ἀκούσαντες,
988 4559 1141 4626 Μήτι
1169 4556 1349 4624 οὗτός
1369 4561 1539 4613 ἐστιν
1555 4563 1586 4614 ὀ
1606 4563 1889 4629 Χριστόςς

282 4648 381 4700 οὐκ
409 4646 575 4700 εἷπον
595 4646 695 4697 καί
724 4645 896 4702 αὐτοὶ.
921 4645 1001 4697 ὅτι
1031 4645 1139 4697 Καὶ
1168 4645 1330 4713 ἡμεῖς
1351 4644 1748 4714 ύποπτεύομεν,
1779 4645 1888 4698 οὐδ’

283 4731 362 4784 ὅτι
399 4729 733 4801 Νομίζομεν
758 4728 808 4793 ἀ,
841 4728 955 4781 ἀλλ’
987 4730 1067 4781 ότι
1104 4727 1358 4796 Οἴδαμεν
1381 4744 1394 4758 ⁸
1427 4729 1522 4781 καί
1554 4729 1650 4799 οὐχ
1679 4728 1886 4795 ἁπλῶς,

283 4817 397 4869 ἀλλ’
431 4817 522 4869 ὅτι
561 4809 764 4878 οὗτός
789 4813 959 4866 ἐστιν
977 4812 1212 4879 ἀληθῶς
1233 4812 1336 4864 τοῦ
1355 4813 1587 4880 κόσμου
1610 4815 1642 4866 ό
1662 4813 1884 4880 Σωτήρ.

284 4903 356 4953 Ού
397 4900 512 4969 γὰρ
548 4899 636 4961 ὠς
664 4897 760 4949 ἕνα
784 4896 892 4947 τῶν
925 4895 1133 4949 πολλῶν
1163 4896 1253 4948 τὸν
1294 4895 1528 4966 Χριστὸν
1553 4895 1883 4964 ὡμολόγουν,

281 4983 410 5038 ἀλλὶ
434 4993 534 5036 τον
569 4981 750 5042 ὄντως
785 4978 1032 5048 Σωτῆρα.
1064 4979 1256 5031 Καίτοι
1301 4979 1423 5030 τίνα
1451 4975 1589 5030 εἶδον
1612 4979 1882 5046 σωθέντα;

282 5067 400 5119 Τῶν
427 5066 711 5136 ῥημάτων
741 5063 983 5132 ἤκουσαν
1024 5062 1202 5131 μόνον,
1241 5064 1334 5114 καὶ
1366 5058 1516 5113 εἷπον
1542 5062 1685 5131 ἆπερ
1709 5061 1796 5127 ἂν,
1837 5063 1885 5114 εἰ

281 5153 372 5204 καὶ
401 5149 679 5218 θαύματα
703 5145 1000 5198 ἐθεάσαντο
1019 5145 1186 5197 πολλά
1208 5145 1301 5197 καὶ
1328 5145 1560 5214 μεγάλα,
1582 5141 1751 5197 εἷπον.
1777 5147 1887 5198 Καὶ

279 5234 423 5296 τίνος
457 5233 668 5285 ’ἐνεκεν
695 5227 871 5282 ταῦτα
893 5229 953 5282 ού
985 5227 1233 5297 λέγουσιν
1263 5230 1395 5300 ἡμῖν
1425 5229 1475 5282 οἰ
1504 5229 1885 5297 εὐαγγελισταὶ

281 5315 345 5368 τά
372 5318 636 5388 ῥήματα,
668 5315 763 5366 καί
788 5314 869 5366 ὅτι
901 5312 1228 5383 θαυμαστῶς
1254 5311 1498 5382 διελέχθη
1527 5329 1541 5378 ;
1574 5313 1688 5364 ’Ίνα
1707 5312 1885 5384 μάθῃς

276 5401 355 5453 ὅτι
386 5399 568 5453 πολλὰ
596 5397 714 5450 τῶν
748 5397 1000 5467 μεγάλων
1043 5395 1499 5467 παρατρέχουσιν,
1541 5395 1647 5448 ἀπὸ
1696 5395 1753 5447 δὲ
1787 5394 1882 5446 τοῦ

275 5483 465 5544 τέλους
491 5482 560 5534 τὸ
593 5481 710 5532 πᾶν
757 5479 1056 5549 ἐδήλωσαν.
1103 5480 1327 5531 Ἐπεισε
1371 5478 1479 5549 γὰρ
1529 5478 1699 5548 δῆμον
1733 5476 1880 5551 [205]

276 5566 588 5635 ὀλόκληρον
619 5565 719 5616 καὶ
744 5562 896 5614 πόλιν
923 5562 1050 5632 ὅλην
1080 5561 1166 5615 διὰ
1199 5561 1308 5613 τῶν
1353 5561 1681 5632 εἰρημένων.
1715 5563 1884 5616 Ἔνθα

275 5650 332 5702 δὲ
360 5651 438 5721 μὴ
474 5647 793 5708 πείθονται,
819 5646 938 5699 τότε
982 5645 1380 5714 ἀναγκάζονται
1419 5644 1595 5712 λέγειν
1633 5645 1700 5697 τὰ
1726 5646 1881 5718 εἰρη-

344 5803 370 5831 ι
402 5801 588 5848 ὶίτιτρί.
619 5803 672 5843 el
701 5796 837 5843 codd.
869 5809 1001 5855 smpe
1025 5794 1202 5844 laudati
1238 5796 1545 5852 ἐνεστήσατο.
1571 5795 1721 5846 Savil.
1772 5814 1883 5845 συν-

281 5866 551 5918 εστήσατο.
598 5866 657 5905 el
683 5872 786 5904 mn!
837 5857 1008 5906 Morel.
1035 5859 1218 5916 αὐτούς,
1251 5861 1400 5906 Savil.
1447 5859 1601 5906 αὐτόν.
1672 5860 1699 5898 b
1729 5859 1879 5908 Savil.

270 5924 538 5977 αττηῦντες,
620 5926 642 5949 ε
680 5918 838 5983 ΔΜαι-(³1
885 5920 1078 5983 γίνεται,
1098 5921 1243 5980 ἤγουν
1266 5927 1347 5980 τῆς
1371 5922 1540 5983 ψυχῆς,
1568 5921 1686 5972 ἐπεί.
1753 5919 1882 5972 dSic

271 5987 451 6037 “orci.
480 5988 603 6032 δαν.
635 5979 741 6028 οὐδ’
767 5999 836 6028 οτι
855 5979 1164 6043 ὑπονοοῦμεν.

1286 323 1352 378 ΙΝ
1387 317 1703 379 ιοΑΝΝῐῑλι
1740 311 1975 370 HOMIL.
2014 311 2228 370 XXXV.
2270 316 2332 370 al.
2372 313 2613 372 XXXIV.

3460 322 3570 379 200

1993 425 2152 497 μένα,
2187 428 2272 480 ῐνα
2300 428 2376 500 μὴ
2406 429 2512 482 ἀπὸ
2537 428 2638 498 τῆς
2679 428 3072 500 ἀγνωμοσύνης
3115 426 3225 480 τῶν
3269 428 3573 489 ἀκουόντων

1992 510 2438 581 καταψηφίζηταί
2467 529 2548 574 τις
2568 510 2661 565 τοῦ
2677 511 2739 582 δη
2749 511 3135 584 μηγοροῦντος.
3167 514 3274 566 Καὶ
3298 515 3449 582 μετὰ
3466 517 3576 572 δύο

1991 593 2134 662 ἠμέρ
2145 611 2216 660 ας
2243 594 2504 662 ἐξῆλθεν
2536 595 2786 656 ἐκεῖθεν,
2806 595 2902 647 καί
2933 593 3206 663 ἀπῆλθεν
3225 600 3314 660 εἰς
3331 598 3442 667 τὴν
3461 602 3509 652 Γ
3512 619 3578 653 α-

1989 680 2256 731 λιλαίαν.
2283 677 2472 743 Αὐτὸς
2499 679 2612 746 γὰρ
2649 681 2680 730 ὀ
2720 677 2976 744 Χριστός
3018 679 3452 748 ἐμαρτύμισεν,
3488 681 3577 735 ὅτι

1989 762 2298 829 προφήτης
2357 761 2426 814 ἐν
2473 759 2547 827 τῇ
2595 761 2714 828 ἰδίᾳ
2766 761 3001 828 πατρίδι
3054 763 3235 830 τιμὴν
3270 767 3381 818 οὐκ
3430 764 3574 834 ἔχει.

1988 847 2142 898 Διατί
2174 845 2331 898 τοῦτο
2363 846 2718 916 πρόσκειται;
2767 846 2887 899 ’Ότι
2926 847 3006 909 εἰς
3057 849 3433 919 Καπερναοὺμ
3479 851 3578 902 οὐκ

1989 929 2254 999 ἀπῆλθεν,
2303 927 2418 981 ἀλλ’
2468 929 2548 991 εἰς
2578 928 2676 999 τὴν
2715 929 3022 993 Γαλιλαίαν,
3061 931 3316 983 κάκεῖθεν
3351 936 3430 995 εἰς
3479 934 3578 1003 τὴν

1990 1014 2167 1066 Κανᾶ.
2207 1012 2325 1066 ’Ἱνα
2357 1012 2468 1082 γὰρ
2502 1012 2576 1082 μὴ
2628 1011 2909 1083 ὲξετάσῃς,
2945 1013 3084 1066 διατί
3132 1018 3283 1088 παρά
3331 1017 3426 1086 μὲν
3467 1021 3578 1082 τοῖς

1989 1095 2155 1150 αὐτοῦ
2183 1097 2280 1150 οὐκ
2309 1096 2514 1167 ἔμεινε,
2547 1099 2698 1166 παρὰ
2730 1097 2789 1150 δέ
2835 1099 2946 1161 τοῖς
2981 1098 3344 1170 Σαμαρείταις
3372 1101 3575 1172 ἔμεινε,

1987 1179 2170 1250 τίθησι
2213 1180 2310 1250 τὴν
2344 1180 2546 1244 αἰτίαν,
2606 1181 2799 1250 λέγων,
2848 1183 2929 1234 ὅτι
2969 1183 3028 1234 ού
3073 1186 3376 1253 προσέσχον
3406 1187 3575 1257 αὐτῷ.

1988 1264 2086 1317 Διὰ
2127 1263 2286 1316 τοῦτο
2319 1264 2418 1316 οὐκ
2445 1263 2690 1334 ἀπῆλθεν
2726 1267 2861 1329 ἐκεῖ,
2901 1265 3040 1319 ὥστε
3073 1267 3147 1338 μὴ
3180 1269 3361 1338 μεῖζον
3395 1271 3580 1332 αὐτοῖς

1988 1349 2243 1418 γενέσθαι
2269 1348 2330 1400 τὸ
2361 1351 2556 1420 κρῖμα.

2063 1431 2129 1503 β’.
2158 1432 2266 1484 Καὶ
2294 1432 2403 1502 γάρ
2435 1431 2670 1503 πατρίδα
2693 1433 2853 1486 αὑτὸν
2883 1432 3117 1487 ἐνταῦθα
3138 1435 3376 1506 ἡγοῦμαι
3400 1435 3579 1504 λέγειν

1987 1519 2087 1589 τὴν
2111 1515 2503 1586 Καπερναούμ.
2539 1517 2661 1569 Ὅτι
2688 1515 2744 1568 δέ
2774 1517 2872 1568 οὐκ
2897 1517 3210 1587 άπήλαυσεν
3239 1522 3355 1572 ἐκεῖ
3389 1521 3577 1590 τιμῆς,

1988 1604 2217 1657 ἄκουσον
2255 1597 2420 1653 αὐτοῦ
2455 1598 2703 1668 λέγοντος
2727 1617 2738 1627 ·
2785 1601 2892 1653 Καὶ
2933 1601 3036 1664 σὺ,
3089 1604 3499 1672 ιιάπερναοὺμ,
3538 1604 3578 1673 ἢ

1986 1686 2099 1752 ἕως
2140 1684 2248 1738 τοῦ
2302 1682 2566 1752 οὐρανοῦ
2610 1681 2878 1751 ὑψώθης.
2923 1683 3035 1751 ἓως
3072 1684 3222 1751 ᾅδου
3269 1691 3580 1740 καταϐιϐα-

1985 1769 2214 1837 σθήσῃ.
2245 1767 2489 1839 Πατρίδα
2515 1767 2572 1820 δὲ
2615 1767 2750 1820 ἰδίαν
2799 1767 2973 1827 καλεῖ,
3001 1768 3094 1820 τὸν
3135 1768 3235 1837 τῆς
3268 1771 3578 1841 οἰκονομίας

1985 1853 2159 1925 δηλῶν
2186 1853 2364 1921 λόγον,
2383 1853 2479 1905 καὶ
2497 1849 2672 1921 τούτῳ
2699 1851 2758 1904 τὸ
2782 1850 2943 1904 πλέον
2960 1852 3331 1924 ἐνδιατρίϐων.
3357 1854 3421 1905 Τί
3453 1851 3576 1920 οὖνς

1985 1939 2084 2011 οὐχ
2111 1935 2350 2009 ὁρῶμεν,
2381 1935 2539 2006 φησί,
2602 1935 2699 1989 καὶ
2747 1934 2899 2005 παρά
2939 1937 3051 1997 τοῖς
3083 1937 3306 1999 οἰκείοις
3351 1937 3580 2009 πολλοὺς

1986 2021 2436 2093 θαυμαζομένους
2459 2037 2475 2086 ;
2507 2018 2753 2073 Μάλιστα
2779 2019 2878 2089 μὲν
2911 2019 3010 2072 οὐκ
3038 2021 3146 2073 ἀπὸ
3170 2021 3278 2073 τῶν
3303 2021 3578 2086 σπανιζόν-
3635 2049 3638 2052 ~

1984 2125 2095 2160 των
2133 2107 2202 2160 τά
2232 2105 2455 2160 τοιαῦτα
2495 2105 2576 2157 δεῖ
2609 2104 2958 2174 ψηφίζεσθαι.
3005 2103 3070 2156 Εἰ
3117 2105 3174 2158 δέ
3230 2123 3376 2168 τινες
3411 2107 3470 2158 ἐν
3509 2109 3576 2176 τῇ

1985 2191 2164 2244 αὐτῶν
2212 2189 2501 2260 ἐτιμῶντο,
2547 2186 2730 2258 πολλῷ
2782 2188 2983 2260 μᾶλλον
3023 2190 3080 2242 ἐν
3106 2191 3173 2260 τῇ
3213 2189 3510 2261 ἀλλοτρίᾳ⁹
3542 2191 3578 2260 ή

1986 2275 2094 2346 γὰρ
2129 2273 2388 2344 συνήθεια
2441 2272 2950 2343 εὐκαταφρονήτους
2994 2276 3169 2327 ποιεῖν
3213 2273 3439 2338 εἴωθεν.
3482 2274 3581 2338 Ὧς

1987 2358 2056 2410 δὲ
2086 2354 2271 2426 ἦλθεν
2298 2358 2385 2422 εἰς
2412 2354 2526 2423 τὴν
2558 2356 2914 2418 Γαλιλαίαν,
2958 2355 3245 2418 ἐδέξαντο
3282 2359 3472 2410 αὐτόν
3515 2359 3571 2410 οἱ

1986 2442 2320 2507 Γαλιλαῖοι,
2374 2440 2572 2494 πάντα
2602 2439 2948 2509 ἑωρακότες,
3002 2439 3120 2493 ὅσα
3163 2441 3457 2508 ἐποίησεν
3511 2440 3581 2493 ἐν

1997 2526 2430 2596 Ἰεροσολύμοις
2448 2525 2518 2577 ἐν
2543 2522 2618 2592 τῇ
2643 2522 2820 2593 ἑορτῇ
2837 2540 2851 2555 ·
2877 2524 2976 2577 καί
3008 2523 3116 2594 γὰρ
3140 2520 3336 2593 ἦλθον
3353 2527 3440 2590 εἰς
3466 2523 3582 2589 τὴν

1986 2609 2219 2679 ἑορτήν.
2238 2610 2398 2680 Ὁρᾷς
2426 2609 2509 2660 ὅτι
2533 2609 2581 2661 οἰ
2604 2607 2976 2678 κακιζόμενοι,
3001 2600 3150 2660 οὗτοι
3176 2607 3410 2678 μάλιστα
3431 2607 3580 2677 αὺτῴ

1986 2694 2304 2764 προσιόντες
2355 2689 2742 2763 εὑρίσκονται;
2786 2691 2844 2744 '0
2893 2691 2993 2760 μὲν
3049 2691 3159 2760 γάρ
3210 2691 3411 2759 ἔλεγεν,
3477 2692 3578 2744 Ἐκ

1986 2776 2242 2846 Ναζαρὲτ
2273 2776 2527 2830 δύναταί
2545 2793 2600 2828 τι
2632 2774 2860 2844 ἀγαθὸν
2881 2771 3070 2838 εἶναι;
3100 2775 3257 2838 ἄλλος
3281 2776 3360 2839 δέ,
3403 2773 3578 2842 Ἐρώ-

1985 2878 2179 2929 τησον
2223 2861 2321 2916 καὶ
2354 2860 2462 2925 ἴδε,
2516 2857 2607 2912 ὅτι
2652 2859 2721 2911 ἑκ
2749 2858 2857 2927 τῆς
2897 2860 3229 2931 Ιζαλιλαίας
3270 2859 3580 2927 προφήτης

1986 2947 2097 2998 οὐκ
2123 2943 2454 3013 ἐγήγερται.
2492 2942 2678 2995 Ταῦτα
2707 2942 2763 2996 δέ
2801 2944 2896 2996 καὶ
2924 2943 3087 2996 αὑτὸν
3119 2942 3434 3014 ὑϐρίζοντες
3463 2942 3580 2994 ἐλε-

1985 3044 2102 3097 γον,
2146 3029 2333 3100 ἐπειδὴ
2377 3029 2441 3080 ἐκ
2483 3027 2739 3098 Ναζαρὲτ
2790 3027 2968 3080 ἐδόκει
2996 3030 3108 3090 τοῖς
3142 3027 3357 3088 πολλοῖς
3399 3024 3536 3079 εἶναι
3561 3043 3575 3056 ο

1988 3108 2168 3161 καὶτὸ
2201 3107 2545 3178 Σαμαρείτην
2577 3108 2633 3160 δὲ
2684 3104 2823 3159 εἶναι
2871 3106 3164 3170 ὠνείδιζον.
3210 3107 3578 3175 Σαμαρείτης

1988 3192 2096 3264 γὰρ
2115 3188 2188 3256 εἷ,
2221 3192 2321 3246 καὶ
2351 3191 2662 3261 δαιμόνιον
2702 3191 2884 3259 ἔχεις,
2937 3190 3122 3260 φησίν.
3164 3189 3301 3241 Ἀλλ’
3348 3189 3457 3243 ἰδοὺ
3485 3190 3581 3242 καὶ

1987 3277 2323 3347 Σαμαρεῖται
2385 3277 2479 3327 καὶ
2541 3275 2833 3337 Γαλιλαῖοι,
2892 3276 3047 3343 φησί,
3111 3273 3452 3325 πιστεύουσιν
3498 3273 3580 3334 εἰς

1987 3363 2248 3434 αἰσχύνην
2296 3360 2403 3414 τῶν
2458 3359 2744 3413 Ἰουδαίων.
2784 3359 3143 3428 Εὑρίσκονται
3184 3357 3240 3410 δέ
3280 3356 3375 3408 καὶ
3420 3355 3581 3408 Γαλι·

1987 3449 2152 3502 λαίων
2181 3449 2230 3499 οἱ
2255 3447 2592 3516 Σαμαρεῖται
2627 3442 2889 3512 βελτίους.
2948 3442 3174 3493 Ἐκεῖνοι
3204 3440 3304 3509 μὲν
3331 3439 3440 3508 γὰρ
3471 3440 3580 3492 άπὸ

1987 3536 2094 3588 τῶν
2132 3533 2230 3602 τῆς
2252 3530 2509 3599 γυναικὸς
2541 3528 2790 3592 ἐδέξαντο
2819 3527 3080 3599 ῥημάτων
3105 3541 3119 3557 ⁸
3149 3522 3295 3579 οὗτοι
3325 3525 3380 3577 δὲ
3405 3527 3580 3595 ἐωρα-

1988 3621 2145 3681 κότες
2172 3617 2240 3671 τά
2271 3617 2470 3685 σημεῖα
2510 3613 2546 3667 ἀ
2573 3613 2847 3682 ἐποίησεν.
2883 3608 3102 3664 Ἦλθεν
3122 3606 3234 3663 οὖν
3253 3613 3286 3664 ό
3338 3609 3579 3676 Ἰησοῦς

1988 3703 2175 3756 πάλιν
2206 3701 2289 3765 εἰς
2321 3698 2434 3765 τὴν
2457 3696 2620 3750 Κανᾶ
2646 3695 2752 3763 τῆς
2772 3695 3128 3759 Γαλιλαίας,
3153 3693 3307 3745 ὅπου
3326 3692 3579 3758 ἐποίησε

1989 3787 2056 3840 τὸ
2109 3785 2266 3851 ὕδωρ
2305 3778 2493 3836 οἶνον.
2557 3780 2989 3850 Ἀναμιμνήσκει
3026 3777 3120 3830 τοῦ
3168 3776 3444 3846 θαύματος
3485 3776 3576 3828 τὸν

1988 3870 2286 3941 ἀκροατὴν,
2325 3867 2387 3920 τὸ
2433 3863 2708 3933 ἐγκώμιον
2747 3863 2856 3916 τῶν
2900 3861 3255 3932 Σαμαρειτῶν
3303 3861 3571 3932 ἐπαίρων.

1991 3950 2148 4008 Οὗτοι
2181 3953 2278 4024 μὲν
2307 3950 2417 4022 γὰρ
2443 3949 2538 4002 καὶ
2564 3947 2670 4001 ἀπὸ
2691 3946 2799 4000 τῶν
2831 3947 2889 3999 ἐν
2924 3944 3313 4016 Ἰεροσολύμοις
3345 3945 3437 3998 καὶ
3460 3944 3568 3998 ἀπὸ

1989 4035 2097 4089 τῶν
2119 4035 2234 4086 ἐκεῖ
2257 4028 2562 4100 γενομένων
2588 4025 2831 4097 σημείων
2861 4026 3025 4079 αὑτὸν
3059 4024 3310 4089 ἐδέξαντο
3332 4041 3344 4055 ·
3389 4024 3438 4076 οἱ
3470 4025 3576 4077 Σα-

1993 4119 2250 4187 μαρεῖται
2275 4114 2330 4166 δὲ
2357 4113 2455 4181 οὐχ
2487 4110 2679 4174 οὕτως,
2708 4108 2821 4162 ἀλλ’
2853 4108 2962 4161 ἀπὸ
2997 4107 3340 4171 διδασκαλίας
3386 4107 3575 4176 μόνης.

1991 4201 2114 4254 Ὀτι
2143 4199 2239 4270 μὲν
2269 4192 2360 4250 οὖν
2383 4191 2544 4265 ἦλθεν
2569 4195 2704 4257 ἐκεῖ,
2731 4188 2852 4245 εἷπε
2878 4208 2891 4222 ⁶
2923 4193 3020 4260 τὴν
3041 4191 3097 4244 δέ
3113 4191 3293 4243 αἰτίαν
3320 4191 3380 4242 οὐ
3405 4207 3577 4260 προσ-

1991 4283 2176 4354 έθηκε,
2208 4281 2275 4334 δι’
2299 4281 2367 4351 ἠν
2398 4275 2581 4349 ἦλθεν.
2622 4277 2715 4339 Εἰς
2749 4277 2846 4345 μὲν
2877 4274 2988 4345 γάρ
3027 4275 3126 4345 τὴν
3169 4273 3457 4327 Γαλιλαίαν
3487 4272 3576 4325 διὰ

1989 4369 2080 4422 τὸν
2113 4367 2304 4436 φθόνον
2330 4362 2421 4416 τὸν
2463 4359 2751 4414 Ἰουδαϊκὸν
2785 4359 3120 4429 παρεγένετο
3143 4375 3157 4387 ·
3199 4359 3277 4421 εἰς
3313 4357 3369 4409 δέ
3421 4359 3577 4410 Κανᾶ

1988 4454 2133 4516 τίνος
2165 4451 2383 4513 ἐνεκεν;
2433 4445 2588 4517 Παρά
2630 4445 2728 4516 μὲν
2769 4444 2877 4513 γὰρ
2903 4445 3001 4513 τὴν
3034 4441 3206 4512 ἀρχὴν
3242 4441 3576 4510 καλούμενος

1989 4539 2069 4600 εἰς
2083 4537 2258 4606 γάμον
2275 4549 2288 4563 ⁸
2324 4531 2418 4584 νῦν
2440 4529 2495 4582 δὲ
2516 4531 2658 4591 τίνος
2683 4528 2888 4590 ἕνεκεν,
2916 4527 3009 4579 καὶ
3031 4526 3171 4579 διατί
3195 4541 3210 4590 ;
3251 4525 3404 4594 Ἐμοὶ
3429 4525 3577 4577 δοκεῖ

1988 4620 2085 4691 τὴν
2117 4619 2223 4671 ἀπο
2251 4616 2343 4669 τοῦ
2379 4613 2652 4683 θαύματος
2691 4613 2870 4664 πίστιν
2903 4609 3264 4680 ἐγγινομένην
3296 4608 3575 4678 ἰσχυροτέ-

1994 4721 2090 4776 ραν
2118 4701 2286 4756 ποιῶν
2333 4699 2421 4752 διὰ
2468 4697 2570 4767 τῆς
2619 4694 2944 4766 παρουσίας,
2989 4695 3084 4748 καὶ
3126 4693 3326 4764 μᾶλλον
3377 4695 3574 4757 αὐτοὺς

1988 4786 2350 4855 ἐφελκόμενος
2384 4781 2462 4851 τῷ
2498 4779 2828 4850 αὐτόκλητος
2872 4777 3303 4849 παραγενέσθαι,
3351 4780 3447 4830 καὶ
3476 4777 3575 4848 τὴν

1993 4870 2090 4938 μέν
2124 4868 2257 4921 ἰδίαν
2290 4867 2507 4934 ἀφεῖναι
2541 4863 2792 4933 πατρίδα,
2826 4863 3163 4932 προτιμῆσαι
3210 4861 3267 4914 δὲ
3310 4861 3572 4924 ἐκείνους.

1987 4951 2109 5008 Ἦν
2130 4952 2197 5005 δέ
2218 4969 2308 5017 τις
2319 4952 2665 5014 βασιλικὸς,
2690 4943 2762 5003 οὗ
2793 4951 2824 5001 ὀ
2849 4947 2979 5012 υἱὸς
2998 4948 3243 5014 ἠσθένει
3263 4945 3332 4998 ἐν
3348 4949 3576 5012 Καπερ-

1986 5038 2199 5105 ναούμ.
2255 5031 2443 5098 Οὗτος
2478 5034 2748 5097 ἀκούσας
2795 5030 2970 5102 [204],
3015 5031 3103 5084 ὅτι
3161 5030 3391 5098 Ἰησοῦς
3441 5029 3571 5098 ἣκει

1985 5122 2105 5176 ἀπὸ
2139 5118 2250 5188 τῆς
2293 5117 2577 5182 ἰουδαίας
2599 5118 2685 5179 εἰς
2725 5114 2841 5181 τὴν
2867 5116 3224 5180 Γαλιλαίαν,
3253 5112 3402 5184 ἦλθε
3423 5113 3570 5181 ,πρὸς

1985 5203 2192 5263 αὐτόν,
2241 5202 2342 5255 καί
2380 5199 2576 5268 ἠρώτα
2623 5199 2724 5252 ἵνα
2767 5188 2937 5266 ἔλθη,
2983 5199 3081 5250 καὶ
3119 5199 3353 5263 ἰάσηται
3383 5194 3570 5248 αὑτοῦ

1985 5291 2092 5343 τὸν
2113 5289 2245 5342 υἱόν
2264 5305 2275 5316 ·
2303 5287 2420 5356 ῆτοι
2453 5284 2544 5336 τοῦ
2579 5283 2769 5350 γένους
2790 5283 2864 5335 ῶν
2896 5281 2990 5335 τοῦ
3023 5279 3375 5352 βασιλικοῦ,ἧ
3406 5278 3568 5344 ἀξίω-

1988 5373 2066 5442 μά
2096 5390 2146 5425 τι
2185 5369 2361 5440 ἀρχῆς
2400 5368 2584 5438 ἕτερον
2635 5366 2777 5419 οὕτω
2823 5365 3156 5435 καλούμενον
3196 5365 3354 5432 ἔχων.
3410 5361 3567 5424 Τινὲς

1988 5456 2084 5525 μὲν
2108 5451 2200 5508 οὖν
2220 5453 2407 5505 τοῦτον
2432 5451 2637 5502 ἐκεῖνον
2675 5446 2815 5503 εἶναι
2849 5449 3130 5521 νομίζουσι
3171 5447 3262 5499 τὸν
3311 5444 3462 5517 παρά
3488 5444 3568 5515 τῷ

1983 5539 2248 5608 Ματθαίῳ
2271 5555 2284 5569 ο
2310 5536 2584 5589 δείκνυται
2611 5535 2666 5587 δὲ
2699 5536 2885 5606 ἐτερος
2917 5533 2992 5586 ὢν
3020 5533 3152 5604 παρ’
3191 5533 3418 5594 ἐκεῖνον,
3467 5531 3569 5584 οὐκ

1983 5625 2094 5676 ἀπὸ
2119 5621 2214 5675 τοῦ
2249 5619 2560 5688 ἀξιώματος
2591 5618 2646 5670 δέ
2687 5619 2866 5687 μόνον,
2896 5617 3031 5670 άλλά
3064 5618 3159 5669 καὶ
3200 5615 3308 5668 ἀπὸ
3340 5616 3436 5684 τῆς
3477 5614 3568 5666 πί-

1985 5725 2172 5768 στεως.
2217 5706 2454 5767 Ἐκεῖνος
2492 5704 2589 5773 μὲν
2610 5703 2718 5771 γὰρ
2742 5704 2836 5755 καὶ
2863 5702 3180 5771 βουλόμενον
3204 5703 3294 5752 τον
3331 5699 3566 5770 Χριστὸν

1982 5792 2177 5853 ἐλθεῖν,
2213 5789 2354 5853 ἀξιοῖ
2406 5790 2620 5858 μένεινο
2673 5783 2822 5850 οὗτος
2872 5788 2928 5840 δὲ
2973 5791 3069 5841 καὶ
3119 5787 3282 5859 μηδὲν
3323 5784 3565 5839 τοιοῦτον

1983 5875 2472 5945 ἐπαγγελλόμενον,
2503 5875 2582 5936 εἰς
2612 5874 2712 5945 τὴν
2751 5875 2927 5928 οἰκίαν
2965 5875 3113 5928 ἐλκει
3170 5877 3431 5936 Κάκεῖνος
3467 5873 3564 5941 μέν

1986 5977 2185 6032 φησιν’
2223 5962 2345 6015 Οὐκ
2373 5960 2484 6030 εἰμί
2516 5959 2684 6025 ἄξιος
2729 5959 2828 6014 ἵνα
2871 5978 2990 6030 μου
3033 5958 3147 6016 ὑ.τό
3185 5957 3298 6030 τὴν
3337 5960 3566 6025 στέγην
