4100 6364
329 431 427 486 20!

331 553 496 598 autem
525 542 732 611 quidam
762 538 986 611 regulus,
1010 538 1156 609 cujus
1180 536 1318 603 ﬁlius
1340 533 1696 603 inﬁrmabatur
1731 530 1923 601 Caper—

333 653 509 689 naum.
553 633 644 688 47.
695 632 795 686 Hic
838 648 954 683 cum
991 630 1214 683 audisset
1258 628 1377 698 quia
1414 627 1568 680 Jesus
1610 625 1865 679 adveniret
1892 639 1925 675 a

333 726 520 780 Judcea
551 726 603 777 in
644 722 913 777 Galilaeam
937 763 951 786 ,
983 723 1114 773 venit
1154 722 1221 773 ad
1246 736 1355 773 eum
1377 759 1392 783 ,
1421 728 1469 771 et
1494 716 1704 788 rogabat
1727 732 1839 768 eum
1867 722 1923 767 ut

334 819 689 881 descenderet,
734 826 783 870 et
822 823 1024 868 sanaret
1069 814 1233 881 ﬁlium
1282 812 1395 880 ejus
1424 827 1441 873 ;
1469 810 1581 863 sive
1631 824 1695 863 ex
1726 820 1925 877 genere

335 914 482 980 regio
512 925 633 964 cum
682 918 869 972 esset,
904 906 985 961 vel
1035 922 1099 960 ex
1132 903 1361 974 quadam
1408 902 1663 971 dignitate
1709 899 1925 970 regulus

334 1004 716 1072 appellaretur.
750 1000 974 1067 Quidam
1023 1007 1212 1067 putant
1258 996 1400 1049 hunc
1448 994 1622 1063 ipsum
1668 1007 1788 1047 esse
1834 990 1923 1060 qui

336 1104 666 1148 memoratur
709 1108 737 1144 a
769 1089 1017 1146 Mattlueo
1048 1107 1062 1155 ;
1095 1087 1186 1141 sed
1235 1087 1372 1141 alius
1397 1100 1516 1140 esse
1541 1084 1794 1154 probatur
1816 1098 1923 1136 non

333 1201 401 1240 ex
448 1186 706 1254 dignitate
745 1183 942 1245 modo,
976 1181 1069 1235 sed
1100 1180 1259 1234 etiam
1300 1194 1365 1233 ex
1396 1178 1518 1232 lide.
1560 1177 1655 1231 Ille
1695 1190 1927 1246 namque

336 1278 606 1331 Christum
651 1277 731 1331 ire
773 1275 1042 1330 volentem
1062 1316 1077 1339 ,
1107 1288 1174 1326 ne
1217 1280 1303 1325 eat
1332 1279 1521 1340 rogat;
1552 1269 1638 1323 hic
1680 1283 1779 1323 nec
1806 1282 1927 1322 sese

334 1369 673 1431 oﬂ’erentem,
705 1369 922 1422 domum
948 1365 1128 1421 trahit.
1150 1365 1246 1420 Ille
1273 1363 1425 1427 dicit,
1459 1361 1580 1415 Non
1609 1377 1718 1414 sum
1742 1361 1927 1430 dignus

336 1471 389 1513 ut
418 1462 573 1514 intres
599 1459 690 1512 sub
720 1466 898 1511 tectum
924 1472 1127 1519 meum;
1152 1455 1237 1509 hic
1259 1461 1412 1524 urget
1432 1452 1640 1517 dicens,
1670 1449 1926 1505 Descende

338 1558 635 1625 priusquam
682 1554 925 1606 moriatur
970 1551 1109 1619 ﬁlius
1150 1564 1291 1603 meus
1333 1546 1563 1617 (Matth.
1594 1546 1648 1600 8.
1681 1544 1781 1614 8).
1834 1543 1928 1600 Ille

338 1650 407 1704 de
456 1656 643 1702 monte
691 1643 1025 1699 descendens
1061 1639 1396 1708 Capernaum
1440 1638 1625 1704 venit;
1671 1636 1757 1691 hic
1799 1650 1928 1691 vero

338 1758 365 1795 a
396 1739 660 1803 Samaria,
692 1752 799 1792 non
846 1736 899 1790 in
929 1735 1288 1804 Capernaum,
1321 1730 1417 1787 sed
1450 1731 1502 1785 in
1531 1728 1676 1785 Cana
1706 1728 1927 1783 venien-

338 1842 443 1885 tem
471 1830 604 1883 adit.
640 1828 787 1882 Illius
828 1841 961 1896 puer
1002 1825 1231 1896 paralysi
1264 1822 1571 1888 laborabat,
1603 1818 1761 1890 hujus
1787 1819 1929 1875 ﬁlius

338 1922 491 1975 febri.
537 1920 606 1974 Et
638 1921 838 1974 veniens
865 1918 1075 1988 rogabat
1104 1932 1219 1969 eum
1261 1926 1315 1967 ut
1351 1922 1553 1968 sanaret
1578 1912 1741 1982 ﬁlium
1766 1912 1877 1983 ejus
1908 1928 1929 1967 :

335 2013 607 2080 incipiebat
656 2012 789 2066 enim
826 2011 977 2064 mori.
1022 2008 1158 2076 Quid
1207 2023 1336 2078 ergo
1362 2005 1646 2062 Christus?
1674 2007 1763 2063 48.
1809 2005 1929 2060 Nisi

336 2109 480 2177 signa
527 2114 574 2158 et
618 2103 855 2173 prodigia
898 2101 1122 2156 videritis
1146 2141 1162 2165 ,
1193 2116 1296 2154 non
1335 2100 1563 2153 creditis.
1594 2098 1757 2169 Atqui
1784 2099 1928 2170 quod

337 2196 547 2250 veniret
585 2204 643 2249 et
684 2202 938 2264 rogaret,
973 2192 1023 2246 id
1057 2191 1190 2247 ﬁdes
1226 2202 1335 2246 erat
1365 2208 1380 2257 ;
1414 2200 1470 2246 et
1499 2201 1682 2261 postea
1712 2192 1814 2246 hoc
1845 2192 1927 2261 ip-

338 2305 455 2344 sum
493 2288 811 2344 testiﬁcatur
852 2288 1180 2357 evangelista
1223 2287 1409 2342 dicens
1442 2304 1456 2340 :
1498 2285 1633 2341 Cum
1660 2285 1818 2341 Jesus
1846 2285 1928 2340 di-

342 2385 532 2449 xisset,
566 2380 727 2446 Vade,
755 2382 894 2449 ﬁlius
938 2392 1053 2434 tuus
1090 2382 1242 2447 vivit,
1271 2380 1483 2434 credidit
1525 2382 1742 2433 sermoni
1780 2382 1925 2451 ejus,

338 2487 383 2529 et
427 2476 552 2529 ibat.
582 2475 721 2543 Quid
760 2491 887 2545 ergo
922 2476 1022 2530 sibi
1065 2476 1175 2529 vult
1208 2474 1293 2529 hic
1320 2477 1343 2527 Υ
1377 2474 1471 2529 Vel
1502 2474 1603 2529 hoc
1628 2473 1929 2529 Samarita-

340 2582 461 2632 nos,
492 2567 584 2638 qui
624 2568 740 2621 sine
768 2568 934 2637 signis
958 2567 1322 2633 crediderunt,
1356 2564 1629 2621 admirans
1644 2565 1813 2631 dixit,
1845 2564 1930 2620 vel

341 2673 481 2721 eann
510 2674 633 2729 qua:
656 2674 749 2712 sua
782 2658 1062 2713 videbatur
1087 2673 1228 2726 esse,
1259 2659 1558 2725 civitatem,
1587 2658 1929 2729 Caperuaum

339 2766 557 2820 petitpe.
582 2752 910 2821 perstringit.
936 2752 1213 2822 Siquidem
1244 2769 1367 2808 cum
1408 2752 1544 2807 alius
1566 2752 1705 2823 apud
1729 2752 1928 2811 Lucam

340 2845 419 2914 (a)
458 2845 702 2911 diceret,
752 2844 940 2908 Credo,
991 2844 1238 2909 Domine,
1279 2845 1469 2918 adjuva
1526 2844 1931 2901 incredulitatem

340 2954 507 2991 meam
537 2936 745 3007 (Marc.
776 2936 827 2991 9.
872 2938 943 2993 25
962 2938 1003 3009 ),
1034 2937 1224 2992 iisdem
1253 2954 1381 2993 usus
1406 2947 1487 2993 est
1517 2937 1717 2993 verbis.
1747 2937 1933 3008 Itaque

341 3031 466 3086 licet
504 3029 593 3083 hic
643 3029 970 3096 crediderit,
1020 3045 1126 3085 non
1173 3037 1350 3085 tamen
1396 3030 1552 3100 plene
1579 3040 1634 3086 et
1677 3030 1929 3100 integre:

340 3122 483 3191 quod
510 3122 750 3178 declarat
773 3138 895 3178 cum
925 3122 1247 3189 sciscitatur,
1276 3138 1380 3187 qua
1406 3122 1536 3176 hora
1574 3122 1788 3191 reliquit
1808 3138 1932 3179 eum

344 3215 531 3269 lehris.
566 3213 793 3269 Volebat
820 3215 965 3268 enim
1009 3214 1211 3279 dicere,
1254 3230 1379 3268 num
1424 3225 1617 3283 sponte
1659 3228 1775 3280 sua,
1804 3228 1934 3269 num

341 3325 405 3360 ex
434 3304 632 3361 Christi
662 3318 929 3376 praecepto
955 3306 1117 3362 febris
1138 3307 1503 3361 abscessisset.
1530 3305 1599 3361 Ut
1621 3322 1737 3360 vero
1757 3320 1937 3376 cogno-

341 3399 411 3449 eit
438 3398 558 3467 quia
586 3400 696 3451 heri
742 3398 869 3451 hora
906 3398 1142 3469 septima,
1170 3397 1382 3451 credidit
1411 3397 1520 3467 ipse
1544 3408 1591 3451 et
1617 3396 1797 3453 domus
1825 3397 1936 3467 ejus

346 3498 471 3542 tota.
529 3488 713 3543 Viden’
764 3489 912 3543 illum
959 3489 1274 3555 credidisse,
1329 3491 1498 3544 servis
1543 3488 1933 3555 nuntiantibus,

345 3597 451 3634 non
482 3580 698 3634 Christo
741 3581 1031 3651 loquente?
1058 3581 1284 3636 Mentem
1317 3596 1447 3652 ergo
1475 3581 1611 3651 ejus,
1640 3596 1744 3651 qua
1773 3596 1936 3636 vene-

346 3684 448 3736 rat,
482 3676 662 3745 arguit
690 3692 703 3728 :
748 3675 820 3729 ita
863 3674 1004 3730 enim
1034 3675 1204 3745 magis
1238 3674 1389 3728 illum
1419 3674 1487 3729 ad
1514 3674 1673 3729 fidem
1716 3674 1936 3730 induce-

343 3767 437 3822 bat
478 3784 493 3820 :
540 3776 666 3820 ante
718 3767 928 3836 signum
984 3767 1127 3821 enim
1176 3781 1282 3821 non
1329 3766 1614 3821 admodum
1660 3767 1933 3823 credebat.

344 3859 499 3926 Quod
527 3860 572 3914 si
609 3870 664 3915 et
694 3861 902 3915 venerit
927 3870 983 3915 ct
1011 3860 1301 3931 rogaverit,
1336 3860 1470 3914 nihil
1500 3860 1718 3914 mirum.
1750 3859 1938 3916 Solent

345 3951 490 4005 enim
538 3960 718 4021 patres
756 3950 963 4005 ardenti
1007 3965 1191 4005 amore
1236 3950 1421 4013 ducti,
1469 3964 1573 4005 non
1602 3951 1773 4003 solum
1804 3964 1934 4015 eos,

346 4042 542 4109 quibus
572 4041 759 4107 lidunt,
793 4041 1027 4096 medicos
1066 4041 1236 4105 adire,
1268 4056 1452 4095 verum
1495 4041 1656 4095 etiam
1701 4056 1795 4095 eos
1823 4041 1939 4111 qui-

350 4133 452 4187 bus
495 4147 601 4185 non
634 4133 706 4185 ita
744 4132 913 4186 ﬁdunt
933 4174 947 4195 ,
978 4147 1045 4186 ne
1068 4131 1340 4202 quidpiam
1368 4132 1694 4202 prieteriisse
1722 4131 1939 4185 videan-

350 4234 455 4277 tur.
481 4224 756 4292 Siquidem
781 4223 959 4279 ohlata
979 4224 1150 4278 solum
1172 4224 1457 4279 occasione
1478 4224 1704 4278 accessit
1726 4223 1939 4293 quando

348 4316 503 4369 venit
535 4314 623 4369 ille
669 4315 722 4369 111
764 4314 1040 4369 Galilaeam
1075 4332 1089 4369 :
1123 4313 1214 4384 qui
1255 4314 1300 4368 si
1329 4314 1619 4369 admodum
1658 4313 1732 4368 illi
1764 4313 1940 4367 credi-

348 4406 523 4461 disset
545 4446 563 4470 ,
594 4404 702 4459 ﬁlio
744 4406 794 4459 in
837 4406 1095 4461 extremis
1123 4407 1401 4461 laborante
1426 4447 1441 4472 ,
1484 4421 1589 4461 non
1618 4405 1942 4475 neglexisset

349 4498 409 4551 in
435 4497 678 4568 Iudaeam
720 4499 923 4553 venire.
952 4498 1103 4565 Quod
1132 4499 1174 4552 si
1203 4498 1442 4566 timebat,
1476 4514 1650 4567 neque
1690 4498 1819 4552 illud
1843 4513 1943 4551 ex-

349 4589 654 4645 cusandum
704 4598 839 4643 erat.
890 4587 1212 4643 Consideres
1264 4589 1448 4655 velim,
1499 4590 1583 4643 vel
1622 4588 1733 4658 ipsa
1781 4589 1940 4643 verba

349 4695 610 4751 quantam
650 4682 1022 4737 demonstrent
1069 4682 1168 4735 viri
1199 4680 1583 4735 inﬁrmitatem.
1616 4681 1747 4735 Cum
1778 4696 1941 4750 opor-

352 4775 545 4827 tuisset
568 4773 711 4827 enim
731 4814 747 4836 ,
779 4773 823 4826 si
855 4788 957 4825 non
987 4772 1130 4841 prius
1150 4810 1173 4832 .
1197 4771 1385 4827 saltem
1416 4783 1534 4841 post
1562 4771 1943 4841 reprehensam

351 4866 520 4919 animi
564 4867 644 4918 sui
671 4865 1019 4929 sententiam,
1048 4880 1298 4934 magnum
1326 4864 1597 4934 quidpiam
1625 4864 1693 4918 de
1727 4864 1943 4918 Christo

350 4962 594 5031 cogitare
614 5000 631 5025 ,
655 4958 780 5013 audi
809 4958 1077 5027 quomodo
1103 4958 1278 5012 adhuc
1310 4958 1455 5011 humi
1485 4967 1686 5026 serpat.
1713 4956 1804 5011 d9.
1838 4955 1944 5009 De-

353 5054 559 5117 scende,
602 5053 795 5120 inquit,
823 5053 1116 5121 priusquam
1146 5052 1394 5104 moriatur
1430 5049 1569 5119 ﬁlius
1606 5066 1768 5115 meus,
1795 5050 1947 5119 quasi

355 5161 467 5199 non
518 5152 700 5213 posset
726 5154 997 5198 mortuum
1030 5143 1292 5197 suscitare
1314 5184 1328 5208 ,
1360 5152 1414 5197 et
1440 5143 1592 5212 quasi
1626 5158 1731 5196 non
1763 5150 1947 5196 nosset

354 5251 465 5306 quo
510 5244 650 5289 statu
697 5251 832 5304 puer
868 5244 1031 5290 esset.
1079 5235 1205 5289 ldeo
1236 5236 1385 5290 illum
1412 5235 1684 5305 coarguit,
1717 5242 1773 5289 et
1814 5250 1947 5290 con-

355 5332 642 5385 scientiam
686 5332 995 5400 perstringit
1020 5372 1036 5393 ,
1068 5331 1361 5386 ostendens
1389 5332 1537 5401 signa
1564 5332 1758 5386 anima:
1785 5346 1949 5385 causa

357 5427 599 5479 maxime
623 5424 731 5480 edi.
768 5424 867 5479 llic
903 5425 1046 5479 enim
1077 5440 1180 5479 non
1209 5426 1384 5479 minus
1416 5434 1618 5493 patrem
1661 5424 1841 5477 animo
1869 5425 1948 5477 la-

356 5518 644 5573 borantem
666 5526 842 5580 curat,
874 5532 1032 5585 quam
1066 5515 1231 5570 ﬁlium
1257 5533 1272 5581 ;
1303 5525 1360 5569 ut
1386 5514 1541 5569 nobis
1572 5514 1812 5581 suadeat,
1842 5531 1947 5568 non

359 5622 476 5666 tam
521 5610 689 5681 signis
712 5651 728 5677 ,
769 5625 928 5679 quam
959 5608 1216 5665 doctrinm
1243 5609 1359 5679 ejus
1386 5607 1766 5664 attendendum
1807 5622 1950 5662 esse.

442 5763 517 5823 (a)
551 5764 629 5811 Sic
657 5762 819 5811 omnia
851 5761 1153 5825 exemplaria
1176 5761 1482 5812 habent.sed
1514 5760 1748 5810 memoria
1778 5758 1955 5810 labitur

359 5826 766 5889 (‘Juysostomusz
794 5836 903 5874 nam
936 5825 1041 5874 hac
1064 5837 1159 5874 non
1182 5826 1310 5888 apud
1345 5833 1541 5884 Lucam,
1574 5825 1662 5874 sed
1683 5825 1810 5886 apud
1832 5831 1951 5877 Iar-

358 5901 473 5938 cum
498 5890 745 5949 leguntur.

1292 419 1358 476 IN
1395 418 1705 477 JOANNEM
1745 414 1974 472 IIOMIL.
2016 414 2231 470 XXXV.
2274 418 2342 472 al.
2386 416 2628 476 XXXIV.

3520 420 3623 476 20'!

2037 527 2198 597 Signa
2226 531 2425 601 quippe
2474 548 2580 588 non
2611 532 2859 588 ﬁdelibus
2884 573 2900 597 ,
2929 532 3024 588 sed
3054 532 3367 610 infidelibus
3388 542 3443 589 et
3477 548 3627 589 cras-

2031 621 2264 677 sioribus
2292 636 2473 693 parata
2494 634 2640 681 “sunt.

2112 715 2164 768 5.
2206 716 2357 772 Tunc
2397 717 2487 772 ille
2514 726 2739 773 maestus
2766 733 2870 772 non
2901 718 3127 773 multum
3171 717 3329 773 dictis
3367 716 3616 773 attendev

2033 811 2147 878 bat,
2173 810 2275 864 nisi
2306 809 2372 864 iis
2416 824 2535 879 quze
2581 808 2648 863 ad
2680 809 2845 863 ﬁlium
2876 810 3211 878 spectabant.
3256 809 3451 867 Postea
3494 825 3624 865 vero

2032 903 2119 958 illa
2171 902 2226 957 in
2267 910 2502 955 mentem
2546 912 2898 957 revocaturus
2938 910 3086 968 erat,
3127 911 3288 973 atque
3336 901 3462 959 hine
3508 919 3623 955 ma-

2034 1010 2194 1065 gnum
2242 1003 2672 1063 consequuturos
2721 993 2964 1047 lucrum:
2998 995 3137 1063 quod
3180 1004 3233 1048 et
3270 996 3469 1049 evenit.
3519 993 3626 1049 Cur

2032 1095 2211 1141 autem
2253 1086 2501 1139 Christus
2530 1086 2827 1141 centurioni
2872 1100 2930 1139 se
2960 1086 3100 1139 ultro
3138 1084 3332 1140 obtulit
3378 1088 3573 1141 iturutn
3607 1104 3623 1142 :

2032 1178 2121 1233 hic
2146 1188 2325 1233 autem
2356 1194 2423 1234 ne
2452 1188 2666 1250 rogatus
2697 1179 2911 1250 quidem
2944 1179 2968 1231 τ
3010 1179 3141 1245 Quia
3172 1180 3243 1234 ibi
3274 1180 3406 1236 ﬁdes
3437 1184 3609 1251 perfe-

2032 1281 2118 1327 cta
2145 1280 2282 1327 erat.
2314 1270 2439 1327 Ideo
2468 1287 2527 1328 se
2558 1272 2752 1327 iturum
2778 1272 3008 1338 obtulit,
3053 1284 3112 1329 ut
3149 1277 3248 1329 viri
3297 1276 3618 1346 probitatem

2032 1364 2398 1419 edisceremus
2446 1382 2459 1418 :
2503 1373 2559 1418 at
2608 1364 2823 1435 regulus
2865 1364 3041 1419 adhuc
3090 1366 3434 1438 imperfectus
3481 1380 3621 1424 erat.

2031 1456 2166 1523 Quia
2191 1471 2321 1527 ergo
2348 1455 2631 1510 admodum
2677 1456 2910 1511 instabat
2938 1456 3150 1522 dicens,
3186 1456 3472 1528 Descende,
3496 1476 3623 1517 nec-

2031 1547 2161 1602 dum
2211 1548 2415 1603 sciebat
2461 1549 2635 1619 ipsum
2680 1550 2762 1602 vel
2795 1549 3072 1605 absentem
3102 1564 3261 1620 posse
3306 1567 3537 1619 sanare;
3568 1553 3623 1609 id

2031 1652 2093 1694 se
2123 1654 2282 1709 posse
2312 1640 2582 1706 ostendit;
2618 1650 2673 1694 ut
2711 1656 2868 1710 quam
2901 1657 2996 1710 per
3024 1656 3082 1696 se
3108 1644 3349 1698 centurio
3378 1645 3620 1699 notitiam

2033 1730 2283 1798 habebat,
2313 1747 2429 1786 eam
2457 1732 2671 1803 regulus
2698 1746 2802 1785 non
2830 1733 3119 1789 accedente
3142 1734 3273 1789 Jesu
3293 1736 3618 1806 acquireret.

2031 1820 2166 1877 Cum
2194 1824 2371 1893 itaque
2398 1823 2546 1889 dicit,
2576 1822 2697 1878 Nisi
2722 1825 2869 1896 signa
2898 1834 2944 1878 et
2981 1825 3216 1897 prodigia
3240 1826 3485 1895 uideritis,
3510 1845 3613 1883 non

2032 1919 2235 1972 creditis
2258 1960 2274 1985 ,
2306 1917 2410 1972 hoc
2451 1919 2748 1988 signiﬁcat,
2781 1920 3095 1990 congruenti
3141 1919 3244 1975 ﬁde
3270 1920 3506 1976 nondum
3535 1922 3623 1977 in-

2040 2011 2230 2066 structi
2270 2012 2399 2065 estis
2430 2027 2446 2077 ;
2480 2011 2576 2066 sed
2606 2010 2782 2066 adhuc
2825 2028 2912 2067 me
2941 2021 3001 2067 ut
3026 2012 3343 2083 prophetam
3392 2014 3620 2071 habetis.

2038 2102 2170 2170 Quis
2197 2117 2327 2172 ergo
2354 2101 2469 2171 ipse
2490 2103 2561 2156 sit
2586 2102 2871 2169 revelans,
2900 2113 2956 2158 et
2993 2104 3286 2160 ostendens
3315 2107 3476 2161 etiam
3506 2106 3625 2163 sine

2034 2194 2310 2249 miraculis
2331 2193 2432 2248 sibi
2460 2193 2790 2249 credendum
2817 2209 2959 2261 esse,
2991 2194 3179 2250 eadem
3210 2196 3320 2265 ipsa
3351 2212 3470 2267 qua:
3496 2196 3623 2252 Phi-

2036 2286 2183 2357 lippo
2211 2286 2346 2341 dixit
2380 2307 2393 2341 :
2426 2286 2549 2340 Non
2595 2287 2759 2341 credis
2802 2288 2920 2358 quia
2964 2305 3053 2359 ego
3090 2292 3141 2342 in
3171 2288 3363 2355 Patre,
3391 2300 3440 2344 et
3467 2289 3626 2345 Pater

2033 2380 2088 2432 in
2117 2395 2197 2432 me
2226 2389 2298 2432 est
2328 2378 2353 2431 ?
2398 2378 2509 2431 Etsi
2538 2379 2662 2432 mihi
2689 2396 2793 2433 non
2819 2378 2968 2433 vultis
2997 2380 3217 2446 credere,
3248 2382 3484 2451 operibus
3511 2398 3626 2436 cre-

2033 2472 2137 2526 dite
2166 2470 2362 2545 (Joan.
2393 2471 2479 2526 M.
2514 2470 2640 2543 10).
2672 2470 2796 2525 Jam
2822 2482 2990 2526 autem
3016 2489 3074 2526 eo
3119 2473 3468 2539 descendente,
3496 2475 3624 2529 servi

2034 2573 2361 2620 occurrerunt
2408 2564 2454 2617 ei
2498 2564 2757 2630 dicentes,
2804 2564 2923 2633 quia
2962 2565 3104 2632 ﬁlius
3134 2567 3243 2635 ejus
3279 2566 3484 2622 viveret.
3530 2566 3622 2625 52.

2035 2658 2391 2728 Interrogabat
2418 2674 2538 2727 ergo
2568 2658 2746 2711 harant
2772 2660 2835 2711 ab
2856 2658 2945 2717 eis.
2970 2658 3020 2711 in
3045 2675 3144 2729 qua
3170 2659 3348 2713 melius
3368 2659 3623 2713 habuerit.

2037 2751 2105 2805 Et
2153 2751 2387 2805 dixerunt
2426 2751 2497 2815 ei,
2543 2750 2678 2818 Quia
2705 2751 2814 2803 heri
2857 2751 2983 2804 hora
3012 2754 3228 2819 septima
3266 2749 3467 2819 reliquit
3510 2768 3625 2804 eum

2037 2843 2212 2915 febris.
2247 2844 2335 2899 53.
2368 2842 2612 2915 Cognovit
2650 2859 2771 2913 ergo
2811 2853 2974 2914 pater,
3013 2843 3129 2914 quia
3152 2843 3243 2897 illa
3266 2843 3391 2897 hora
3417 2854 3543 2905 erat,
3571 2845 3625 2899 in

2036 2954 2137 3008 qua
2152 2937 2278 2991 dixit
2300 2938 2343 2989 ei
2362 2934 2399 2989 Ι
2403 2954 2538 3003 esus,
2558 2936 2691 3006 quod
2707 2937 2843 3005 ﬁlius
2860 2936 2969 3006 ejus
2980 2933 3252 2990 viveret.Et
3267 2935 3476 2989 credidit
3496 2936 3625 3004 ipse,

2014 3039 2086 3108 'et
2115 3030 2294 3082 domus
2319 3029 2430 3099 ejus
2457 3038 2579 3082 tota.
2610 3027 2800 3083 Viden’
2820 3043 2928 3098 quo
2956 3038 3109 3096 pacto
3132 3026 3447 3081 miraculum
3477 3026 3628 3080 evul~

2036 3132 2219 3194 gatum
2245 3123 2361 3177 sit?
2388 3120 2570 3193 Neque
2600 3121 2808 3191 vulgari
2844 3120 3004 3175 modo
3041 3135 3071 3175 a
3100 3119 3343 3192 periculo
3373 3119 3631 3175 liberatus

2038 3224 2154 3282 est,
2202 3215 2295 3270 sed
2335 3215 2655 3281 confestim,
2690 3215 2759 3268 ita
2790 3222 2849 3267 ut
2877 3214 3075 3285 liqueat
3106 3228 3218 3269 rem
3248 3228 3352 3269 non
3383 3229 3452 3268 ex
3483 3224 3629 3268 natu-

2039 3308 2137 3361 rali
2184 3307 2345 3372 serie,
2392 3307 2487 3363 sed
2538 3323 2602 3362 ex
2648 3306 2842 3361 Christi
2874 3306 3185 3377 operatione
3234 3304 3432 3362 factam
3481 3321 3623 3362 esse.

2039 3400 2169 3455 Nam
2198 3416 2319 3455 cum
2350 3400 2416 3454 ad
2445 3401 2558 3469 ipsa
2603 3399 2791 3453 mortis
2827 3398 3008 3453 limina
3038 3398 3395 3468 pervenisset,
3439 3406 3497 3452 ut
3535 3397 3630 3454 de-

2039 3492 2262 3549 claravit
2288 3502 2441 3562 pater
2467 3492 2551 3546 his
2575 3491 2774 3556 verbis,
2810 3489 3090 3555 Descende,
3118 3491 3413 3562 priusquam
3439 3491 3627 3545 moria-

2041 3594 2125 3638 tur
2166 3584 2304 3651 ﬁlius
2350 3599 2521 3649 meus,
2554 3582 2732 3637 subito
2761 3597 2825 3635 ex
2873 3581 3063 3637 morbo
3090 3591 3307 3650 ereptus
3348 3590 3434 3636 est
3463 3599 3477 3637 :
3507 3598 3629 3653 qua:

2040 3689 2129 3730 res
2171 3678 2330 3729 etiam
2375 3689 2560 3729 servos
2589 3674 2860 3729 excitavit.
2895 3673 3047 3728 Servi
3075 3674 3219 3728 enim
3265 3672 3493 3730 fortasse
3520 3691 3629 3731 non

2042 3776 2101 3820 ut
2130 3766 2421 3820 nuntiaturi
2470 3776 2698 3831 tantum,
2730 3766 2823 3821 sed
2864 3775 2921 3820 ut
2946 3766 3274 3836 superﬂuum
3303 3767 3499 3822 Christi
3530 3769 3629 3823 ad-

2043 3870 2257 3912 ventum
2307 3870 2574 3928 pntantes.
2606 3859 2816 3913 obviam
2860 3868 3141 3913 venerunt.
3188 3860 3440 3916 Sciebant
3484 3862 3628 3917 enim

2044 3952 2216 4020 ipsum
2238 3950 2347 4020 jam
2374 3950 2503 4003 illuc
2522 3949 2815 4009 adventare
2839 3972 2854 4008 :
2875 3950 3015 4005 unde
3043 3951 3231 4007 eodem
3262 3953 3450 4008 itinere
3477 3954 3626 4009 illum

2043 4048 2432 4095 convenerunt.
2477 4041 2714 4111 Regulus
2742 4051 2953 4105 autem.
2988 4044 3162 4111 posito
3195 4044 3389 4100 timore
3414 4089 3429 4113 ,
3463 4045 3527 4101 ad
3562 4046 3629 4101 ﬁ-

2044 4133 2166 4186 dem
2194 4132 2441 4197 accedit,
2479 4142 2534 4185 ut
2571 4132 2819 4187 ostendat
2850 4147 2916 4187 ex
2968 4132 3136 4199 ipsius
3164 4134 3495 4204 profectione
3520 4136 3626 4194 hoc

2044 4239 2180 4292 Opus
2218 4234 2497 4293 sequutum
2545 4239 2686 4290 esse,
2733 4240 2797 4277 ac
2844 4225 3061 4280 demum
3105 4226 3154 4280 id
3182 4226 3468 4299 diligenter
3496 4230 3624 4300 agit,

2045 4327 2103 4370 ut
2142 4332 2209 4371 ne
2239 4316 2479 4371 videatur
2508 4316 2679 4386 ipsum
2719 4316 2911 4371 frustra
2958 4316 3253 4387 profectum
3281 4336 3401 4376 esse
3423 4337 3439 4388 ;
3465 4338 3632 4393 quare

2046 4417 2294 4462 accurate
2334 4407 2509 4461 omnia
2542 4408 2859 4462 sciscitatur.
2895 4407 2962 4461 Et
2995 4410 3206 4463 credidit
3252 4412 3391 4480 ipse,
3439 4423 3485 4467 et
3534 4416 3632 4467 do-

2047 4517 2159 4553 mus
2202 4500 2314 4569 eius
2358 4508 2480 4554 tota.
2534 4500 2668 4554 Nam
2714 4500 2840 4555 nulli
2894 4518 3115 4571 prorsus
3146 4503 3307 4558 dubio
3338 4504 3629 4562 obnoxium

2047 4601 2165 4646 erat
2208 4592 2590 4646 testimonium.
2621 4591 2720 4662 Qui
2751 4593 2893 4648 enim
2924 4609 3098 4664 neque
3127 4595 3428 4666 adfuerant,
3456 4614 3635 4669 neque

2048 4683 2318 4738 Christum
2347 4684 2645 4751 audierant,
2675 4700 2846 4756 neque
2877 4696 3085 4756 tempus
3115 4699 3396 4757 noverant,
3434 4691 3519 4746 ubi
3565 4693 3635 4747 ab

2052 4776 2183 4830 hero
2212 4792 2311 4831 suo
2338 4778 2659 4837 didicerunt.
2688 4778 2825 4831 idem
2872 4779 3044 4849 ipsum
3084 4794 3207 4835 esse
3250 4791 3483 4853 tempus,
3516 4798 3633 4839 cer-

2054 4869 2309 4921 tissimam
2329 4867 2565 4922 habuere
2588 4868 2784 4923 Christi
2807 4870 3060 4939 potentia:
3079 4870 3594 4929 demonstrationem
3618 4889 3637 4941 ;

2053 4960 2173 5014 ideo
2199 4968 2255 5015 et
2288 4960 2384 5028 ipsi
2413 4960 2773 5015 crediderunt.

2129 5050 2265 5106 Deus
2284 5070 2397 5106 cum
2417 5054 2469 5105 in
2496 5056 2749 5124 prasperis
2773 5064 2881 5106 tum
2901 5055 2954 5109 in
2970 5056 3194 5110 adversis
3216 5058 3503 5131 diligendus
3522 5070 3595 5115 est
3616 5076 3641 5117 .'

2055 5147 2183 5199 nihil
2218 5163 2309 5200 nos
2347 5146 2410 5199 ab
2440 5147 2537 5200 ista
2571 5147 2835 5200 dilectione
2860 5158 3081 5202 avertere
3103 5151 3475 5219 debet.—-Quid
3509 5170 3639 5225 ergo

2058 5255 2153 5309 per
2195 5240 2309 5293 hzcc
2346 5239 2649 5294 docemur?
2674 5239 2748 5293 Ne
2780 5241 3031 5294 miracula
3077 5254 3470 5311 exspectemus,
3502 5261 3639 5299 neve

2057 5332 2252 5406 (livinze
2313 5333 2563 5399 potentiae
2614 5332 2831 5400 pignora
2888 5347 3215 5402 quaeramus.
3267 5333 3364 5387 Hie
3411 5351 3642 5406 namque

2061 5423 2256 5478 inul:os
2285 5422 2440 5476 video
2460 5462 2472 5483 ,
2497 5421 2585 5491 qui
2612 5437 2732 5477 eum
2762 5423 2846 5477 vel
2878 5423 2989 5477 ﬁlio
3020 5424 3104 5478 vel
3138 5440 3302 5479 uxore
3326 5438 3641 5496 tegrotante,

2059 5514 2259 5585 aliquid
2304 5514 2479 5568 solatii
2506 5528 2762 5583 accepere
2782 5556 2797 5579 ,
2827 5515 3083 5585 majorem
3113 5532 3237 5587 erga
3269 5518 3434 5572 Deum
3469 5518 3641 5588 picta-

2063 5614 2169 5660 tem
2197 5604 2579 5661 exhibuerunt.
2620 5604 2844 5659 Etiamsi
2875 5620 3000 5661 vero
3037 5620 3143 5660 non
3189 5608 3559 5670 exautliamur.
3589 5609 3641 5663 in

2060 5696 2346 5766 gratiarum
2390 5696 2601 5749 actione
2625 5705 2675 5750 et
2703 5695 2857 5750 laude
2891 5711 3234 5766 perseverare
3262 5716 3358 5768 par
3385 5712 3487 5756 est.
3533 5701 3644 5758 Hoc

2063 5786 2259 5855 quippe
2304 5785 2540 5840 ﬁdelium
2587 5801 2865 5841 servorum
2915 5798 3036 5854 est,
3081 5788 3183 5845 hoc
3220 5790 3549 5861 diligentium
3592 5805 3645 5851 et

2068 5878 2346 5934 Dominum
2375 5886 2435 5933 ut
2465 5892 2559 5948 par
2593 5887 2677 5934 est
2698 5881 3007 5950 amantium,
3037 5894 3093 5939 ut
3121 5899 3223 5940 non
3247 5886 3404 5941 modo
3424 5887 3476 5941 in
3506 5896 3644 5942 tran-
