4100 6364
472 397 575 454 *2θὸ

472 513 730 580 qnillitatc
750 550 763 575 ,
796 507 889 563 sed
918 506 1078 562 etiam
1111 504 1163 557 in
1206 500 1461 556 aerumnis
1488 497 1553 552 ad
1583 497 1728 551 illum
1755 502 2060 549 occurrant.

472 606 598 660 Il:uc
637 605 834 674 quippe
862 610 985 654 sunt
1013 596 1107 651 Dei
1138 592 1487 664 providentiae
1512 604 1674 660 opera
1698 605 1712 642 :
1747 585 1908 651 Quem
1932 585 2065 639 enim

471 698 637 767 diligit
680 693 959 757 Dominus,
1010 689 1266 757 castigat:
1296 683 1524 755 flagellat
1562 690 1731 734 autem
1774 693 1972 732 omnem
2000 676 2066 744 ﬁ-

473 791 632 851 lium,
674 801 817 854 quem
849 781 1059 850 suscipit
1086 778 1283 850 (Hebr.
1310 774 1398 830 12.
1429 771 1522 843 6).
1562 771 1663 839 Qui
1702 779 1879 823 autem
1911 767 2061 821 illum

470 880 520 933 in
559 876 939 946 tranquillitate
983 873 1153 926 solum
1195 869 1353 931 colit,
1388 882 1492 919 non
1523 862 1652 916 tanti
1681 860 1879 914 amoris
1915 859 2065 928 signa

470 970 700 1031 evhihet,
736 982 912 1034 neque
945 980 1073 1033 pure
1102 962 1373 1016 Christum
1404 964 1566 1010 amat.
1602 951 1806 1022 Ecquid
1852 950 1921 1005 de
1966 966 2062 1005 va-

1172 389 1231 447 3.
1270 383 1548 445 JOANNIS
1571 380 2049 439 CHRYSOSTOMI
2079 379 2403 437 AHCIIIEP.
2431 379 2966 439 CONSTANTINOP.

2157 491 2531 562 gravissimum
2557 491 2791 549 audieris
2818 510 2833 559 ;
2872 509 3046 565 neque
3079 495 3158 551 sic
3181 511 3211 550 a
3239 496 3351 553 Deo
3378 496 3624 554 laudibus
3650 516 3753 557 ce-

2156 584 2416 641 lebrando
2436 586 2836 652 absistendum;
2860 587 2956 643 sed
2986 589 3164 644 omnia
3193 604 3291 659 pro
3319 590 3434 662 ejus
3462 590 3757 649 dilectione

2160 675 2405 733 ferenda.
2435 677 2547 732 Hoc
2585 678 2759 734 ﬁdelis
2787 680 2957 744 servi,
3002 680 3105 736 hoc
3129 683 3424 738 constantis
3447 683 3610 738 animi
3637 691 3752 741 est.

2157 770 2259 839 Qui
2290 770 2393 826 hoc
2426 771 2647 826 allectus
2681 772 2840 827 modo
2870 782 2973 835 est,
3016 783 3070 829 et
3098 776 3381 844 praesentia
3407 774 3566 831 facile
3591 775 3752 831 susti-

2159 860 2342 926 nebit,
2391 870 2447 917 et
2493 863 2665 917 futura
2707 873 3066 933 consequetur
3111 865 3283 931 bona,
3314 876 3369 922 et
3411 868 3574 921 multa
3614 867 3753 938 apud

2157 951 2322 1006 Deum
2354 952 2542 1008 ﬁducia
2582 955 2810 1019 fruetur,
2844 971 3003 1025 quam
3028 971 3126 1009 nos
3157 971 3346 1011 omnes
3378 958 3591 1028 assequi
3621 973 3755 1012 con-

3646 390 3751 449 2M

473 1062 725 1125 lctudine,
771 1059 837 1129 de
877 1058 1066 1128 opibus
1108 1055 1317 1123 loquor,
1378 1050 1503 1120 quid
1551 1048 1618 1102 de
1658 1053 1971 1115 paupertate
2013 1048 2068 1095 et
2160 1042 2350 1111 tingat,
2376 1045 2542 1113 gratia
2571 1054 2626 1099 et
2646 1045 2971 1115 benignitate
3004 1048 3213 1100 Domini
3248 1049 3411 1103 nostri
3440 1048 3563 1104 Jesu
3595 1048 3753 1104 Chri-

471 1153 704 1208 morbo?
733 1151 881 1205 Licet
908 1150 1053 1204 enim
1085 1146 1407 1215 gehennam,
1439 1143 1564 1197 licet
1605 1139 1750 1192 aliud
1790 1136 2064 1207 quidpiam

2161 1134 2252 1199 sti,
2282 1136 2367 1190 cui
2396 1136 2565 1206 gloria
2596 1137 2648 1191 in
2675 1139 2872 1193 sarcula
2899 1140 3235 1195 steculorum.
3271 1143 3461 1195 Amen.

471 1488 560 1544 54.
605 1484 714 1539 Hoc
737 1485 916 1538 iterum
944 1481 1221 1535 secundum
1252 1479 1454 1545 signum
1489 1474 1605 1544 fecit
1625 1471 1795 1532 Jesus,
1825 1484 1937 1521 cum
1967 1482 2054 1519 re-

545 1580 695 1631 nisset
728 1594 757 1628 a
796 1574 983 1628 Juda'a
1018 1576 1069 1625 in
1100 1570 1386 1625 Galila'am.
1432 1565 1581 1639 (Cap.
1613 1564 1667 1632 5)
1701 1564 1752 1619 1.
1784 1560 1910 1614 Post
1950 1558 2056 1611 haec

542 1680 649 1725 erat
679 1668 784 1722 dies
813 1670 967 1739 [estus
995 1664 1318 1727 Judtcorum,
1362 1670 1409 1714 et
1456 1658 1678 1712 ascendit
1713 1654 1863 1708 Jesus
1906 1651 2058 1705 Jero-

542 1766 811 1814 solumant.

544 1779 616 1814 sot
659 1779 811 1813 mam.

544 1854 596 1907 1.
620 1779 788 1903 yNihil
828 1850 879 1902 in
918 1847 1077 1902 sacris
1109 1843 1392 1912 Scripturis
1421 1842 1590 1896 leviter
1630 1836 2051 1909 praetereundum.

476 1945 683 2001 Piscina
713 1942 968 2013 probation
1012 1947 1337 2008 comparatur
1378 1952 1493 1990 cum
1519 1933 1782 2004 Baptismo
1812 1930 1956 2002 cujus
1994 1929 2058 1996 ﬁ-

469 2057 597 2112 gura
642 2047 765 2091 erat.
801 2036 998 2089 Monita
1026 2033 1241 2087 moralia
1280 2028 1626 2084 dissertationi
1666 2026 2055 2078 intersemntur.

468 2126 1013 2199 ——Quemadmodum
1057 2126 1110 2178 in
1140 2123 1257 2176 auri
1298 2120 1526 2176 metallis
1565 2118 1739 2188 quivis
1769 2115 1950 2169 hacin
1997 2128 2056 2168 re

472 2223 674 2294 peritus
719 2235 787 2274 ne
817 2217 1089 2271 minimam
1132 2212 1347 2285 quidem
1376 2225 1565 2265 venam
1612 2209 1928 2278 neglexerit,
1969 2214 2056 2259 ut-

470 2325 596 2385 pote
621 2327 741 2367 cum
762 2310 885 2364 hinc
912 2323 1117 2378 magnae
1150 2306 1357 2376 possint
1384 2302 1581 2357 hauriri
1612 2300 1809 2355 divitia:
1848 2316 1860 2351 :
1899 2298 1976 2353 sic
2001 2305 2056 2352 et

473 2409 524 2462 in
561 2405 754 2459 divinis
779 2403 1069 2472 Scripturis
1108 2415 1176 2454 ne
1202 2398 1415 2469 quidem
1449 2396 1555 2451 iota
1588 2411 1750 2449 unum
1781 2394 1862 2448 vel
1891 2407 2052 2446 unum

468 2501 674 2571 apicem
712 2499 828 2553 sine
869 2496 1065 2549 damno
1110 2501 1531 2563 praitercurras;
1577 2488 1669 2542 sed
1713 2486 1889 2542 omnia
1933 2494 2055 2539 sunt

468 2593 815 2665 exploranda.
845 2591 975 2647 Nam
1012 2606 1040 2643 a
1070 2588 1268 2659 Spiritu
1293 2598 1480 2642 sancto
1510 2587 1622 2639 hare
1648 2583 1823 2638 omnia
1850 2581 2053 2652 prolata

469 2695 631 2752 sunt,
666 2683 905 2753 nihilque
946 2682 1015 2735 ibi
1063 2692 1538 2751 supervacaneum.
1583 2674 1682 2729 Hic
1709 2688 1838 2728 vero
1876 2670 2053 2726 consi-

469 2779 599 2833 dera
647 2776 773 2847 quid
810 2777 953 2831 dicat
999 2773 1322 2843 evangelista
1355 2789 1368 2825 :
1408 2768 1521 2823 Hoc
1558 2770 1741 2822 iterum
1770 2765 2049 2820 secundum

467 2873 663 2939 signum
685 2868 803 2939 fecit
831 2865 1001 2929 Jesus,
1037 2881 1151 2918 cum
1176 2863 1386 2917 venisset
1414 2878 1445 2913 a
1470 2859 1656 2912 Iudaea
1688 2859 1739 2911 in
1764 2855 2051 2910 Galilaeam.

468 2959 652 3028 Neque
683 2959 825 3012 enim
853 2955 1146 3012 Secundum
1170 2955 1284 3008 sine
1312 2967 1469 3006 causa
1500 2949 1701 3005 addidit
1725 2966 1737 3013 ;
1768 2947 1861 3002 sed
1882 2945 2055 3001 adhuc

470 3049 926 3105 Samaritanorum
951 3046 1263 3100 miraculum
1283 3043 1540 3108 celebrat,
1559 3039 1845 3095 oStendens
1872 3038 1969 3091 hos
1986 3054 2053 3094 ne
2072 3086 2082 3096 .

466 3151 587 3212 post
628 3142 854 3196 alterum
886 3139 1096 3208 quidem
1146 3137 1354 3207 signum
1398 3133 1464 3189 ad
1511 3149 1626 3189 eam
1673 3131 2051 3186 sublimitatem

464 3235 765 3300 devenisse,
797 3232 861 3285 ad
887 3245 1045 3301 quam
1080 3229 1409 3284 devenerant
1436 3227 1468 3280 ii
1509 3225 1597 3296 qui
1630 3224 1756 3278 nihil
1788 3223 2048 3277 viderant.

466 3325 592 3381 Post
632 3325 737 3379 hac
767 3331 875 3377 erat
900 3325 1080 3394 festum
1107 3318 1430 3374 Iudaeorum.
1462 3317 1612 3386 Quod
1647 3316 1837 3370 lestum
1861 3314 1884 3367 ?
1910 3314 2051 3369 Pen-

465 3427 714 3479 tecostes,
746 3426 805 3471 ut
832 3416 960 3470 mihi
990 3413 1217 3469 videtur.
1252 3412 1317 3466 Et
1342 3411 1569 3465 ascendit
1598 3408 1749 3463 Jesus
1785 3407 2051 3478 Jerosoly-

465 3531 621 3568 mant.
669 3511 1000 3581 Frequenter
1052 3508 1105 3562 in
1149 3505 1578 3561 solemnitatibus
1622 3503 1939 3557 versabatur
1993 3501 2046 3554 in

463 3608 714 3673 civitate,
761 3615 870 3658 tum
898 3611 955 3656 ut
997 3600 1271 3655 videretur
1299 3614 1418 3654 cmn
1468 3598 1570 3652 illis
1611 3595 1802 3651 festum
1854 3609 2043 3665 agere,

464 3708 574 3753 tum
606 3706 665 3750 ut
708 3695 1003 3763 simplicem
1055 3690 1445 3745 multitudinem
1491 3687 1800 3742 attraheret.
1848 3687 1902 3740 In
1945 3685 2049 3741 illis

461 3792 603 3845 enim
636 3789 865 3843 maxime
894 3787 1082 3840 diebus
1112 3787 1126 3815 ¹
1157 3784 1189 3838 ii
1218 3783 1309 3854 qui
1338 3781 1661 3851 simpliciore
1691 3790 1843 3833 erant
1869 3778 2048 3832 animo

461 3881 871 3938 concurrebant.
912 3878 964 3932 2.
1018 3875 1110 3930 Est
1166 3886 1333 3929 autem
1385 3872 1716 3943 Jerosolymis
1776 3870 2048 3925 Probatica

464 3975 677 4045 piscina,
721 3987 834 4042 qute
872 3969 1256 4040 cognominatur
1299 3951 1546 4019 Hebraicé
1574 3963 1869 4027 Bethsaida,
1901 3962 2049 4031 quin-

461 4083 559 4135 que
597 4065 817 4135 porticus
846 4062 1052 4116 habens.
1083 4058 1151 4113 1η
1191 4058 1269 4111 his
1301 4059 1508 4127 jacebat
1547 4055 1819 4108 multitudo
1863 4070 2047 4123 magna

462 4157 828 4229 languentium,
876 4169 1144 4217 caecorum,
1186 4148 1509 4212 claudorum,
1554 4148 1834 4211 aridorum,
1866 4163 2047 4215 exspe-

460 4249 703 4304 ctantium
743 4262 888 4319 aqua:
925 4255 1136 4298 motum.
1182 4242 1313 4309 Quis
1356 4241 1441 4294 hic
1480 4239 1772 4294 curationis
1806 4238 2046 4291 modus?

461 4341 620 4412 quale
666 4338 975 4409 mysterium
1021 4334 1388 4389 subindicatur
1428 4332 1451 4385 ?
1496 4331 1678 4400 Neque
1734 4330 1874 4383 enim
1932 4330 2046 4383 sine

461 4449 621 4487 causa
672 4431 784 4484 hinc
805 4430 999 4497 scripta
1040 4436 1205 4492 sunt;
1245 4425 1338 4480 sed
1382 4424 1554 4478 futura
1599 4424 1752 4476 nobis
1794 4424 1942 4492 quasi
1990 4423 2042 4476 in

464 4528 630 4596 ﬁgura
655 4533 710 4579 et
738 4521 965 4592 imagine
984 4518 1274 4581 describit;
1300 4533 1367 4572 ne
1395 4518 1439 4571 si
1471 4532 1556 4570 res
1576 4515 1855 4585 stupenda.
1890 4516 2044 4570 inex-

461 4625 699 4687 spectata
742 4614 1029 4678 accideret,
1056 4610 1358 4665 auditorum
1405 4608 1690 4663 multorum
1735 4606 1893 4660 ﬁdem
1943 4607 2043 4661 ali-

461 4717 727 4778 quatenus
773 4705 1137 4759 labefactaret.
1178 4700 1430 4768 Quamam
1479 4700 1636 4769 igitur
1682 4698 1794 4752 hmc
1837 4698 2044 4752 descri-

464 4801 626 4870 ptio?
684 4796 943 4852 Futurum
1001 4793 1261 4864 baptisma
1326 4791 1557 4846 dandum
1615 4801 1769 4857 erat,
1823 4790 2041 4860 plenum

464 4896 656 4949 virtute
680 4900 734 4945 et
754 4892 921 4960 gratia
953 4888 1203 4949 maxima,
1234 4888 1493 4955 baptisma
1515 4885 1655 4956 quod
1686 4894 1894 4954 peccata
1924 4900 2041 4939 om-

463 4988 550 5041 nia
596 4984 869 5043 ablueret,
901 4979 1040 5050 quod
1078 4995 1143 5033 ex
1188 4977 1415 5032 mortuis
1447 4978 1592 5031 vivos
1623 4976 1889 5031 redderet.
1917 4976 2042 5031 Hazc

460 5096 589 5149 ergo
622 5086 679 5131 ut
718 5076 769 5129 in
800 5072 1029 5143 imagine
1058 5071 1415 5140 depinguntur
1442 5069 1492 5122 in
1530 5069 1728 5137 piscina
1764 5080 1818 5123 et
1842 5069 1894 5121 in
1925 5069 2041 5121 aliis

460 5170 659 5226 multis.
694 5168 760 5221 Et
798 5166 968 5235 primo
1006 5163 1219 5231 quidem
1260 5177 1449 5230 aquam
1477 5160 1655 5222 dedit,
1688 5175 1807 5229 quae
1847 5174 2041 5228 corpo-

458 5281 575 5321 rum
600 5260 834 5316 maculas
858 5256 1116 5318 ablueret,
1146 5254 1437 5322 sordesque
1465 5268 1567 5304 non
1590 5265 1765 5315 veras,
1789 5250 1881 5305 sed
1908 5250 2042 5304 tales

463 5357 797 5411 existimatas
826 5367 839 5413 ;
868 5366 932 5403 ex
963 5348 1150 5402 funere
1181 5361 1393 5415 nempe,
1423 5360 1489 5400 ex
1512 5346 1681 5414 lepra,
1709 5353 1760 5397 et
1789 5344 1992 5397 similes
2022 5361 2037 5397 :

461 5450 731 5515 nutritaque
767 5444 949 5497 videre
989 5449 1073 5494 est
1105 5439 1291 5492 eadem
1334 5439 1400 5491 de
1441 5452 1598 5491 causa
1649 5440 1699 5490 in
1733 5437 1896 5491 veteri
1925 5437 2041 5505 lege

464 5555 560 5609 per
586 5552 774 5605 aquam
813 5532 1083 5590 mundata.
1112 5529 1220 5585 Sed
1259 5529 1324 5581 ad
1356 5530 1684 5598 propositum
1712 5528 1821 5597 jam
1849 5527 2040 5581 redea-

469 5643 612 5684 mus.
646 5629 826 5682 Primo
860 5626 1059 5695 itaque,
1093 5630 1145 5675 ut
1185 5621 1439 5683 diximus,
1465 5635 1749 5690 corporum
1777 5620 2036 5683 maculas,

464 5719 655 5777 deinde
680 5713 1209 5771 variasinlirmitates
1247 5729 1341 5785 per
1366 5728 1555 5783 aquam
1596 5714 1728 5767 solvi
1762 5722 1932 5768 curat.
1971 5710 2040 5768 Ut

521 5853 543 5890 ί
569 5850 737 5901 Morel.
765 5850 889 5913 legit
913 5887 928 5910 ,
958 5846 1171 5900 ‘Haxime
1193 5840 1387 5913 animiin
1406 5850 1753 5915 festivitatibus.

2164 1468 2307 1522 enim
2334 1484 2432 1524 nos
2462 1471 2600 1527 Deus
2627 1472 2693 1527 ad
2742 1471 2989 1542 baptismi
3018 1474 3240 1543 gratiam
3272 1474 3289 1507 ί
3320 1474 3538 1544 propius
3586 1474 3748 1529 redu—

2163 1570 2333 1627 ceret,
2366 1576 2471 1616 non
2494 1562 2606 1631 jam
2634 1564 2870 1618 maculas
2905 1564 3101 1631 solum,
3130 1563 3225 1619 sed
3250 1573 3307 1619 et
3334 1565 3549 1621 morbos
3574 1578 3744 1621 sanat.

2165 1649 2425 1721 Imagines
2454 1653 2595 1706 enim
2632 1669 2752 1723 qua}
2796 1654 3017 1723 propius
3061 1653 3130 1709 ad
3165 1655 3441 1709 veritatem
3466 1656 3744 1721 accedunt,

2162 1751 2218 1795 et
2247 1743 2298 1795 in
2325 1742 2644 1812 baptismate
2669 1754 2724 1799 et
2748 1744 2801 1798 in
2830 1746 3082 1814 passione
3110 1753 3166 1800 et
3186 1746 3241 1800 in
3270 1747 3391 1800 aliis
3420 1748 3587 1817 magis
3615 1764 3746 1802 cou-

2161 1833 2359 1902 spicuae
2385 1843 2528 1901 sunt,
2561 1850 2721 1904 quam
2750 1836 3570 1905 vetustiores.‘Quemadmodnm
3599 1841 3741 1893 enim
3778 1850 3783 1856 ‘

2164 1924 2252 1994 qui
2287 1939 2454 1994 prope
2501 1941 2679 1995 regem
2711 1936 2832 1981 sunt
2862 1927 3122 1982 satellites
3145 1968 3161 1993 ,
3210 1929 3585 1986 remotioribus
3622 1942 3745 1986 sunt

2165 2012 2537 2071 honoratiores
2569 2034 2581 2069 :
2608 2016 2675 2069 ita
2703 2028 2752 2071 et
2784 2017 2835 2071 in
2866 2018 3047 2088 ﬁguris
3072 2018 3267 2074 factum
3297 2029 3396 2075 est.
3429 2021 3496 2076 Et
3523 2024 3745 2093 angelus

2159 2106 2488 2162 descendens
2515 2107 2760 2162 turbabat
2785 2124 2976 2179 aquam
2998 2151 3013 2175 ,
3039 2118 3092 2164 et
3128 2111 3351 2166 sanandi
3381 2113 3491 2166 vim
3524 2113 3747 2169 indebat

2160 2196 2282 2265 ipsi,
2308 2207 2365 2251 ut
2394 2197 2660 2252 discerent
2703 2197 2894 2263 Judaei,
2936 2199 3244 2271 angelorum
3280 2202 3558 2257 Dominum
3576 2205 3745 2259 multo

2160 2291 2329 2359 magis
2356 2305 2512 2359 posse
2535 2291 2727 2347 anima:
2752 2295 2966 2349 morbos
2986 2310 3174 2352 omnes
3198 2310 3404 2351 curare.
3432 2296 3539 2352 Sed
3558 2314 3746 2369 quem-

2159 2380 2441 2435 admodmn
2467 2383 2550 2438 hic
2565 2399 2822 2455 aquarum
2849 2396 3035 2441 natura
3059 2403 3162 2440 non
3181 2389 3489 2457 simpliciter
3501 2392 3742 2456 curabat;

2157 2474 2388 2542 alioquin
2421 2475 2564 2529 enim
2609 2492 2823 2547 semper
2863 2478 2911 2531 id
2942 2477 3144 2533 faceret
3172 2494 3187 2544 ;
3214 2480 3307 2533 sed
3340 2482 3515 2550 angeli
3555 2497 3746 2549 opera-

2160 2566 2303 2621 tione
2332 2569 2352 2598 ³
2396 2567 2447 2621 id
2493 2568 2689 2624 ﬁebat:
2731 2569 2888 2624 sicin
2929 2571 3085 2625 nobis
3113 2587 3222 2626 non
3266 2588 3400 2642 aqua
3429 2574 3745 2643 simpliciter

2159 2668 2432 2727 operatur,
2472 2659 2566 2715 sed
2609 2669 2887 2730 postquam
2917 2661 3148 2731 Spiritus
3173 2666 3398 2733 gratiam
3431 2670 3736 2736 acceperit,

2162 2756 2291 2804 tunc
2325 2752 2502 2806 omnia
2549 2753 2708 2807 solvit
2734 2764 2970 2823 peccata.
2998 2754 3153 2810 Circa
3185 2756 3321 2811 hanc
3351 2758 3605 2827 piscinam
3642 2760 3741 2813 Ja-

2156 2841 2295 2894 cebat
2341 2844 2611 2897 multitudo
2658 2861 2845 2915 magna
2889 2846 3236 2915 inﬁrmorum,
3278 2864 3544 2915 cwcorum,
3591 2851 3738 2904 clau-

2157 2934 2374 2999 dorum,
2421 2937 2717 3005 aridorum,
2766 2954 2915 3009 aqua:
2953 2949 3143 2993 motum
3173 2944 3586 3012 exspectantium.
3630 2943 3737 2999 Sed

2160 3038 2284 3083 tunc
2322 3030 2605 3085 inﬁrmitas
2650 3032 3033 3102 impedimento
3062 3043 3213 3101 erat,
3252 3036 3534 3106 quominus
3578 3038 3619 3093 is
3646 3040 3736 3109 qui

2155 3122 2316 3176 vellet
2336 3131 2649 3179 sanaretur:
2675 3140 2814 3180 nunc
2830 3134 3006 3180 autem
3033 3128 3395 3199 unusquisque
3417 3139 3735 3199 potestatem
3826 3140 3833 3147 '

2155 3214 2442 3271 accedendi
2493 3215 2670 3271 habet.
2709 3217 2824 3273 Non
2874 3220 3019 3273 enim
3048 3221 3269 3290 angelus
3298 3234 3379 3277 est
3409 3224 3497 3292 qui
3542 3213 3734 3294 aquam

2156 3316 2367 3372 movet,
2400 3307 2494 3361 sed
2525 3309 2833 3379 angelorum
2877 3309 3131 3365 Dominus
3175 3315 3354 3367 omnia
3395 3314 3578 3370 efﬁcit.
3622 3316 3736 3373 Nec

2154 3397 2332 3453 dicere
2360 3412 2665 3468 possumus,
2716 3400 2845 3454 Dum
2876 3416 2976 3471 ego
3017 3402 3217 3458 accedo
3240 3445 3256 3471 ,
3308 3404 3443 3460 alius
3480 3416 3602 3461 ante
3647 3423 3735 3463 me

2154 3488 2449 3543 descendit.
2502 3487 2607 3543 Sed
2651 3489 2697 3544 si
2743 3498 2884 3545 totus
2923 3491 3071 3547 orbis
3117 3495 3361 3562 venerit,
3402 3498 3571 3565 gratia
3624 3512 3733 3552 non

2152 3582 2504 3645 consumitur,
2538 3597 2711 3653 neque
2740 3585 2822 3639 vis
2847 3585 2931 3639 vel
2962 3587 3206 3655 operatio
3231 3587 3429 3655 deﬁcit,
3469 3590 3563 3644 sed
3601 3605 3734 3645 seni-

2155 3688 2250 3741 per
2293 3672 2479 3728 eadem
2522 3685 2719 3730 manet.
2758 3678 2837 3730 Ac
2875 3678 3320 3746 quemadmodum
3365 3681 3568 3736 solares
3596 3684 3731 3737 radii

2153 3765 2393 3834 quotidie
2438 3766 2767 3831 illuminant,
2816 3782 2917 3821 nec
2947 3768 3332 3836 absumuntur,
3377 3787 3549 3841 neque
3587 3774 3732 3841 quod

2155 3858 2335 3912 multis
2360 3857 2849 3925 sulnninistrenlur,
2880 3860 3011 3915 lucis
3035 3861 3302 3930 quidpiam
3323 3863 3607 3918 amittunt:
3631 3867 3731 3930 sic,

2154 3950 2261 4006 imo
2291 3951 2458 4004 multo
2485 3954 2659 4004 minus
2698 3950 2928 4020 Spiritus
2950 3953 3193 4022 operatio
3234 3955 3489 4009 minuitur
3523 3970 3551 4007 a
3590 3957 3735 4010 ntul-

2155 4041 2381 4096 titudine
2407 4044 2800 4111 accipientium.
2834 4044 2945 4099 Hoc
2975 4054 3152 4100 autem
3179 4046 3375 4100 factum
3398 4059 3499 4111 est,
3546 4058 3601 4101 ut
3640 4051 3733 4118 qui

2152 4135 2422 4188 discerent
2453 4135 2502 4189 in
2545 4151 2681 4206 aqua
2708 4136 2974 4192 curandos
2994 4153 3114 4193 esse
3146 4140 3389 4209 corporis
3417 4141 3650 4204 morbos,
3676 4151 3733 4196 et

2156 4226 2255 4280 hac
2303 4227 2355 4281 in
2396 4242 2455 4281 re
2493 4227 2585 4282 diu
2634 4230 2913 4283 exercitati
2952 4240 3159 4295 essent,
3207 4230 3413 4285 facilius
3449 4231 3734 4287 crederent

2152 4321 2312 4374 etiam
2360 4320 2579 4375 morbos
2611 4321 2771 4373 animi
2819 4336 2973 4391 posse
3001 4323 3196 4376 curari.
3232 4322 3339 4375 Cur
3364 4337 3527 4392 porro
3552 4324 3733 4379 missis

2152 4416 2359 4469 caeteris
2386 4415 2634 4468 omnibus
2658 4413 2814 4468 Jesus
2855 4414 2921 4468 ad
2951 4431 3094 4480 eum,
3122 4413 3213 4484 qui
3246 4416 3458 4483 triginta
3492 4426 3613 4469 octo
3636 4433 3735 4469 an-

2153 4521 2249 4559 nos
2272 4506 2583 4575 aegrotabat,
2606 4505 2795 4560 venit?
2818 4520 2914 4560 cur
2944 4507 3251 4576 interrogat,
3296 4506 3379 4561 Vis
3397 4524 3552 4562 sanus
3576 4509 3689 4576 fieri
3707 4510 3734 4564 .’

2150 4597 2264 4653 Non
2294 4608 2349 4652 ut
2390 4598 2442 4652 id
2475 4599 2704 4654 disceret
2735 4615 2750 4664 ;
2785 4598 2910 4651 illud
2936 4598 3077 4652 enim
3107 4614 3560 4667 supervacaneum
3599 4599 3733 4653 fuis-

2150 4700 2231 4744 set
2260 4707 2273 4754 ;
2316 4689 2409 4743 sed
2443 4698 2499 4743 ut
2539 4689 2696 4757 hujus
2725 4693 3172 4757 perseverantiam
3207 4690 3511 4745 ostenderet
3539 4731 3555 4759 ,
3588 4702 3642 4745 et
3678 4702 3735 4745 ut

2149 4781 2410 4835 sciremus
2451 4780 2570 4834 ideo
2596 4782 2792 4849 ipsum,
2820 4781 3029 4835 cmleris
3054 4780 3267 4836 omissis
3287 4823 3302 4847 ,
3329 4780 3470 4835 hunc
3508 4781 3728 4836 adiisse.

2149 4874 2284 4939 Quid
2332 4888 2461 4944 ergo
2504 4873 2795 4927 inﬁrmus?
2826 4873 3104 4941 Respondit
3144 4884 3186 4925 et
3233 4913 3246 4927 .
3296 4873 3529 4941 Domine,
3562 4874 3731 4927 homi-

2149 4984 2264 5020 nem
2297 4984 2397 5020 non
2427 4967 2584 5020 habeo
2615 4966 2668 5031 ³,
2710 4973 2765 5018 ut
2789 4982 2902 5019 cum
2934 4965 3135 5018 turbata
3181 4967 3332 5036 fuerit
3370 4983 3522 5038 aqua,
3565 4968 3730 5020 mittat

2148 5076 2229 5112 me
2251 5059 2302 5113 in
2342 5060 2587 5130 piscinam
2622 5075 2640 5114 :
2678 5059 2801 5111 dum
2828 5059 2970 5112 venio
3009 5058 3142 5110 enim
3166 5074 3257 5127 ego
3280 5100 3294 5120 ,
3336 5059 3468 5112 alius
3507 5069 3626 5113 ante
3652 5075 3731 5112 me

2149 5153 2423 5207 descendit.
2474 5152 2595 5207 Ideo
2622 5152 2983 5221 interrogavit,
3025 5149 3111 5204 Vis
3151 5166 3307 5204 sanus
3339 5152 3450 5218 ﬁeri
3471 5151 3496 5205 ?
3534 5160 3589 5204 ut
3615 5151 3729 5206 lucc

2155 5246 2475 5300 ediscamus.
2504 5245 2685 5315 Neque
2714 5244 2880 5310 dixit,
2913 5243 3006 5297 Vis
3046 5253 3101 5297 ut
3148 5252 3198 5297 te
3226 5258 3408 5298 Sanem
3436 5244 3460 5297 2
3490 5243 3726 5298 nondum

2148 5339 2291 5392 enim
2323 5345 2464 5390 tanta
2496 5336 2564 5390 de
2594 5338 2709 5404 ipso
2739 5335 3031 5389 habebatur
3059 5334 3239 5404 opinio
3268 5352 3285 5399 ;
3310 5335 3425 5399 sed,
3464 5333 3550 5387 Vis
3567 5352 3724 5389 sanus

2149 5431 2260 5498 ﬁeri
2285 5430 2311 5483 i’
2335 5427 2605 5496 Stupenda
2629 5442 2847 5496 prorsus
2877 5436 2959 5481 est
2983 5426 3257 5497 paralytici
3290 5427 3681 5495 perseverantia
3707 5443 3722 5482 :

2147 5536 2245 5591 per
2273 5521 2485 5591 triginta
2514 5530 2568 5574 et
2591 5528 2713 5574 octo
2736 5534 2929 5587 annos,
2956 5518 3083 5573 dum
3110 5526 3352 5588 speraret
3375 5518 3601 5589 singulis
3631 5534 3724 5574 an-

2212 5663 2229 5730 ξ
2264 5658 2406 5730 savii.
2430 5658 2597 5730 habet,
2618 5654 2788 5730 ﬁdem,
2810 5667 2917 5730 pro,
2938 5654 3165 5730 grgttam‘.

2210 5726 2231 5755 ⁸
2265 5723 2318 5772 In
2342 5720 2507 5770 Morel.
2530 5716 2731 5778 legitur,-
2752 5716 2839 5767 sed
2869 5716 3027 5775 angeli
3047 5716 3299 5778 descensu.

2212 5786 2233 5818 ³
2266 5783 2406 5833 Savil.
2434 5784 2506 5831 sie
2528 5776 2676 5830 habet
2882 5792 2997 5842 ergo
3017 5776 3139 5829 ille?
3167 5780 3336 5837 Etiam,
3360 5776 3537 5840 inqua,
3575 5783 3738 5830 Donu-

2151 5858 2238 5907 m;
2260 5848 2347 5897 sed
2372 5844 2608 5894 hominem
2629 5854 2723 5892 non
2745 5840 2913 5892 habeo.
