4100 6364
486 361 594 418 205

485 482 714 536 νάσσετο
759 481 821 535 τὸ
850 482 992 551 ὕδωρ
1015 499 1028 511 ·
1062 481 1176 535 ἀλλ’
1201 482 1249 534 οἱ
1281 482 1377 553 μὲν
1405 482 1567 552 χωλοὶ¹
1598 482 1691 535 καὶ⁴
1728 481 1909 535 κυλλώ⁸
1938 478 2068 549 ἡδύ-

485 588 645 622 ναντο
689 572 1061 639 παρατηρεῖν
1106 571 1155 622 οἱ
1201 569 1255 622 δὲ
1300 569 1491 637 τυφλοὶ¹
1516 570 1632 633 πῶς
1665 568 1885 640 ἐώρων;
1940 566 2072 620 ’Λπδ

483 658 578 708 τοῦ
606 655 889 724 γινομένου
919 653 1149 723 θορύϐου
1187 653 1345 707 τοῦτο
1380 654 1508 716 ῖσως
1534 654 1857 723 ἐμάνθανον.

562 738 623 807 β’.
668 737 1057 807 Αἰσχυνθῶμεν
1098 738 1299 795 τοίνυν.
1328 738 1726 808 αἰσχυνθῶμεν,
1771 737 2068 807 ἀγαπητοὶ,

488 824 582 876 καὶ
608 822 950 889 στενάξωμεν
968 822 1058 873 ἐπὶ
1081 824 1144 891 τῇ
1166 821 1331 891 πολλῇ
1354 822 2075 893 ρᾳθυμίᾳ.Τριακονταοκτὼ

486 907 580 973 ἐτη
619 902 731 977 εἶχε
772 906 1145 977 προσεδρεύων
1177 909 1403 970 ἐκεῖνος,
1431 908 1522 959 καὶ
1548 908 1648 959 ούκ
1671 908 1966 978 ἐτύγχανεν
2000 902 2076 961 ὧν

488 991 760 1053 ἐϐούλετο,
790 991 883 1043 καὶ
924 992 1022 1044 ούκ
1057 992 1348 1058 ἀφίστατοο
1384 992 1476 1045 καὶ
1523 993 1623 1045 ούκ
1660 993 1978 1063 ἐτύγχανεν,
2014 994 2075 1046 ού

490 1076 637 1146 ποιρᾶ
672 1076 769 1144 τὴν
793 1077 998 1129 οἰκείαν
1031 1076 1313 1144 ἀμέλειαν,
1340 1076 1453 1129 ἀλλ’
1478 1077 1918 1149 ἐπηρεαζόμενος
1946 1079 2076 1148 παρ’

491 1160 693 1229 ἐτέρων
738 1160 830 1212 καὶ
882 1158 1001 1228 βίαν
1054 1162 1297 1229 πάσχων,
1327 1162 1421 1213 καὶ
1469 1162 1587 1214 οὐδὲ
1622 1162 1795 1225 οῦτως
1829 1162 2034 1231 ἐνάρκα
2059 1178 2073 1191 ·

490 1246 652 1313 ἡμεῖς
676 1243 731 1294 δὲ
757 1242 849 1295 ἐὰν
878 1242 1007 1295 δέκα
1033 1244 1246 1313 ἡμέρας
1270 1244 1753 1316 προσεδρεύσωμεν
1778 1246 2079 1308 σπουδαίως

492 1327 632 1395 ὑπέρ
654 1343 797 1389 τινος
821 1326 1138 1393 παρακαλοῦ
1149 1345 1285 1390 ντες,
1311 1330 1403 1382 καὶ
1427 1329 1498 1398 μὴ
1520 1328 1788 1399 τύχωμεν.
1814 1329 1971 1381 ὀκνοῦ
1981 1346 2079 1398 μεν

491 1409 677 1462 λοιπὸν
720 1413 785 1481 τῇ
841 1410 976 1480 αὐτῇ
1026 1412 1324 1479 κεχρῆσθαι
1362 1413 1586 1484 σπουδῇ.
1624 1414 1729 1466 Kal
1774 1414 2080 1483 ἀνθρώποις

497 1492 595 1561 μὲν
640 1492 893 1545 τοσοῦτον
939 1494 1373 1565 προσεδρεύομεν
1414 1496 1623 1565 χρόνον,
1660 1496 2079 1567 στρατευόμενοι

493 1576 588 1629 καὶ
622 1576 1149 1646 ταλαιπωρούμενοι,
1184 1578 1276 1630 καὶ
1305 1578 1675 1642 διακονοῦντες
1697 1580 2077 1649 δουλοπρεπεῖς

495 1659 791 1720 διακονίας,
827 1662 921 1712 καὶ
951 1660 1086 1729 πρὸς
1118 1661 1196 1731 τῷ
1229 1661 1371 1713 τέλει
1396 1662 1651 1726 πολλάκις
1673 1664 1766 1715 καὶ
1789 1664 1960 1732 αὐτῆς
1982 1663 2081 1732 τῆς

497 1742 711 1803 ἐλπίδος
737 1744 1093 1806 ἐκπίπτοντες
1112 1762 1125 1775 ν
1155 1744 1233 1815 τῷ
1278 1746 1333 1798 δὲ
1378 1748 1622 1818 Δεσπότῃ
1651 1747 1725 1816 τῷ
1755 1749 2007 1817 ἡμετέρῳ
2030 1760 2077 1809 ει,

498 1825 626 1877 ἔνθα
676 1826 897 1888 πάντως
952 1827 1099 1881 ἐστιν
1142 1829 1439 1882 ἀπολαϐεῖν
1480 1831 1579 1900 τὴν
1624 1830 1859 1903 ἀμοιϐὴν
1902 1829 2082 1900 πολλῷ

501 1910 673 1978 μείζω
700 1910 806 1962 τῶν
836 1912 1013 1964 πόνων
1059 1914 1161 1982 (Ἠ
1196 1913 1304 1983 γὰρ
1332 1913 1509 1980 ἐλπίς
1551 1917 1622 1969 οὑ
1670 1917 2080 1987 καταισχύνει,

498 1994 711 2063 φησὶν),
741 1996 841 2048 ούκ
876 1997 1182 2066 ἀνεχόμεθα
1212 1998 1593 2069 προσεδρεύειν
1621 2000 1760 2070 μετά
1786 2000 1887 2068 τῆς
1912 2016 2083 2070 προσ-

498 2078 741 2149 ηκούσης
783 2081 1043 2150 σπουδῆς.
1081 2083 1188 2135 Kal
1220 2083 1397 2152 πόσης
1420 2084 1592 2136 ταῦτα
1616 2083 1888 2147 κολάσεως
1918 2085 2042 2149 ἀξια
2067 2101 2082 2149 ;

500 2162 562 2213 El
592 2162 700 2231 γάρ
731 2164 825 2216 καὶ
857 2165 1020 2233 μηδὲν
1045 2164 1228 2218 λαϐεῖν
1255 2161 1342 2235 ἦν,
1372 2166 1503 2220 αὐτὸ
1529 2166 1686 2220 τοῦτο
1742 2167 1801 2220 τὸ
1848 2167 2086 2237 συνεχῶς

500 2245 647 2315 αὐτῷ
668 2246 1030 2315 διαλέγεσθαι,
1057 2250 1175 2319 ούχὶ
1200 2251 1406 2321 μυρίων
1428 2251 1575 2316 ἄξιον
1600 2251 1821 2320 ἀγαθῶν
1843 2248 1910 2324 ἦν
1932 2250 2083 2323 [209]

501 2328 826 2398 ἡγεῖσθαιδ;
873 2332 1010 2383 Ἀλλ’
1045 2335 1300 2386 ἐπίπονον
1339 2336 1371 2405 ἡ
1405 2335 1657 2405 διηνεκὴς
1687 2338 1853 2407 εὐχής
1881 2336 1990 2389 Kal
2011 2336 2085 2402 τί,

503 2413 643 2468 εἰπὲ.
670 2415 769 2468 οὐκ
794 2416 1046 2468 ἐπίπονον
1071 2417 1176 2469 τῶν
1203 2418 1302 2487 τῆς
1331 2419 1563 2488 ἀρετῆς;
1592 2420 1734 2472 Αὐτὸ
1753 2419 1883 2487 γοῦν
1905 2418 2083 2482 τοῦτο,

503 2498 656 2565 φησὶ,
695 2497 896 2570 πολλῆς
930 2501 1162 2569 ἀπορίας
1196 2503 1312 2554 ἐστὶ
1345 2502 1561 2569 μεστὸν,
1589 2503 1670 2555 ὅτι
1700 2507 1766 2575 τῇ
1794 2504 1890 2574 μὲν
1919 2502 2089 2573 κακίᾳ

502 2579 684 2651 ἡδονὴ,
724 2584 788 2653 τῇ
814 2581 1068 2655 δὲ’ἀρετῇ
1109 2586 1558 2656 συγκεκλήρωται
1590 2587 1770 2649 πόνος.
1817 2586 1926 2638 Kal
1955 2585 2087 2638 πολ-

502 2663 625 2727 λοὺς
646 2662 798 2733 οἶμαι
823 2666 978 2719 τοῦτο
1000 2667 1200 2737 ζητεῖν.
1221 2669 1284 2719 Τί
1314 2668 1499 2738 δήποτ’
1522 2666 1615 2722 οὖν
1638 2673 1751 2723 ἐστι
1772 2670 1832 2722 τὸ
1850 2670 2021 2723 αἴτιον
2037 2681 2085 2734 c;

507 2750 747 2803 Ἔδωκεν
776 2753 909 2820 ἡμῖν
959 2752 1018 2817 ἐξ
1064 2753 1238 2822 ἀρχῆς
1263 2753 1291 2805 δ
1316 2752 1448 2816 Θεὸς
1482 2753 1765 2826 ἐλεύθερον
1796 2754 2089 2823 φροντίδων

506 2834 619 2904 βίον
646 2836 739 2889 καὶ
769 2837 946 2889 πόνων
973 2836 1392 2907 ἀπηλλαγμένον
1414 2851 1428 2865 ⁸
1464 2839 1565 2891 οὐκ
1614 2838 1968 2909 ἐχρησάμεθα
2010 2841 2089 2903 είς

502 2918 623 2971 δέον
670 2918 748 2989 τῷ
796 2919 974 2991 δώρῳ,
1002 2920 1137 2974 ἀλλὰ
1168 2921 1572 2992 διεστράφημεν
1602 2921 1706 2975 ὑπὸ
1743 2924 1842 2994 τῆς
1868 2923 2088 2993 ἀργίας,

444 2996 445 2999 “
504 3002 599 3053 καὶ
642 3001 972 3073 ἐξεπέσομεν
1014 3004 1106 3056 τοῦ
1145 3005 1494 3074 παραδείσου.
1530 3005 1628 3059 Διά
1651 3006 1807 3058 τοῦτο
1835 3006 2089 3059 ἐπίπονον

504 3086 762 3155 ἐποίησεν
793 3088 949 3157 ἡμῶν
977 3086 1075 3157 τὴν
1099 3087 1245 3157 ζωὴν
1271 3087 1476 3152 λοιπὸν,
1509 3088 1696 3161 ὥσπερ
1720 3089 2091 3160 ἀπολογούμε-

504 3188 593 3234 νος
615 3171 691 3240 τῷ
711 3171 857 3235 γένει
877 3172 985 3222 τῶν
1015 3169 1336 3241 ἀνθρώπων,
1360 3172 1455 3224 καὶ
1483 3171 1654 3239 λέγων
1674 3190 1687 3204 ·
1726 3172 1942 3226 Ἔδωκα
1960 3190 2091 3244 τρυ-

506 3257 612 3325 φᾷν
643 3256 769 3322 ὑμῖν
802 3252 861 3318 ἐξ
888 3255 1079 3325 ἀρχῆς,
1108 3254 1221 3306 ἀλλ’
1247 3255 1498 3321 ἐγένεσθε
1526 3256 1740 3325 χείρους
1769 3259 1831 3326 τῇ
1864 3256 2049 3308 ἀνέσει
2070 3272 2084 3286 ο

505 3338 593 3390 διὰ
618 3339 775 3390 τοῦτο
806 3338 1067 3390 ἐκέλευσα
1088 3339 1271 3391 λοιπὸν
1297 3339 1492 3401 πόνους
1513 3340 1541 3390 ὑ
1550 3342 1639 3409 μῖν
1661 3339 1974 3411 ἐπιτεθῆναι
1996 3340 2090 3392 καὶ

509 3421 738 3492 ἱδρῶτας
753 3420 801 3475 ά.
848 3420 1065 3491 Ἐπειδὴ
1095 3422 1149 3473 δὲ
1175 3421 1295 3474 ούδέ
1322 3423 1527 3485 ἐκεῖνος
1567 3424 1815 3491 κατεῖχεν
1847 3425 1874 3475 6
1907 3423 2088 3487 πόνος,

507 3504 675 3557 ἔδωκε
723 3504 885 3557 πάλιν
932 3504 1092 3574 νόμον
1131 3504 1329 3568 πολλάς
1360 3504 1548 3576 ἔχοντα
1573 3506 1811 3571 ἐντολὰς,
1842 3507 2091 3576 καθάπερ

505 3593 615 3643 τινὶ
659 3590 809 3659 ἵππῳ
832 3589 1066 3661 δυσηνίῳ
1099 3588 1292 3658 ψέλλια
1324 3591 1418 3642 καὶ
1445 3589 1611 3653 πέδας
1639 3592 1920 3653 ἐπιτιθεὶς,
1951 3590 2091 3643 ὥστε

506 3676 671 3729 αὐτοῦ
704 3678 773 3729 τὰ
814 3676 1162 3745 σκιρτήματα
1189 3675 1467 3745 ἐπισχεῖν’
1508 3675 1652 3728 οὕτω
1688 3676 1781 3728 καὶ
1822 3676 1870 3727 οί
1919 3674 2093 3727 πωλο-

507 3760 706 3830 δάμναι
738 3759 968 3812 ποιοῦσι.
1009 3759 1105 3810 Διά
1128 3757 1285 3811 τοῦτο
1308 3757 1563 3821 ἐπίπονος
1588 3762 1614 3812 6
1644 3759 1778 3829 βίος,
1816 3759 2003 3828 ἐπειδὴ
2033 3757 2093 3810 τὸ

513 3844 588 3913 μὴ
635 3846 820 3896 πονεῖν
867 3841 1201 3911 διαφθείρειν
1241 3844 1391 3912 ἡμᾶς
1438 3842 1729 3895 εῖωθεν.Ἢ
1776 3842 1882 3913 γὰρ
1931 3840 2094 3911 φύσις

510 3927 669 3998 ὴμῶν
701 3929 891 3999 ἀργεῖν
936 3927 1035 3978 οὑκ
1081 3926 1353 3995 ἀνέχεται,
1383 3926 1521 3978 ἀλλά
1548 3927 1683 3997 πρὸς
1726 3928 1927 3979 κακίαν
1958 3928 2095 3978 ἀπο-

511 4012 680 4065 κλίνει
707 4011 905 4081 ῥαδίως
959 4008 1151 4076 Θῶμεν
1186 4010 1292 4081 γὰρ
1327 4009 1399 4080 μὴ
1428 4010 1631 4062 δεῖσθαι
1663 4011 1840 4064 πόνων
1863 4011 1951 4063 τὸν
1990 4027 2097 4062 σωσ⁵

511 4094 833 4166 φρονοῦντα,
865 4093 997 4162 μηδέ
1030 4091 1120 4144 τὸν
1141 4093 1240 4162 τὴν
1270 4093 1436 4161 ἀλλην
1470 4094 1671 4163 ἀρετὴν
1702 4092 2092 4164 κατορθοῦντα,

512 4178 648 4232 ἀλλά
681 4174 1039 4238 καθεύδοντας
1072 4176 1247 4229 πάντα
1276 4176 1460 4227 ἀνύειν
1481 4193 1493 4205 ·
1526 4175 1627 4227 ποῦ
1654 4175 1719 4228 ἂν
1742 4175 2096 4246 ἐχρησάμεθα

511 4266 579 4333 τῇ
625 4262 840 4327 ἀνέσει;
878 4255 989 4331 ἆρα
1020 4260 1120 4312 οὐκ
1169 4259 1233 4312 ἂν
1278 4258 1413 4323 πρὸς
1457 4260 1717 4313 ἀπόνοιαν
1762 4260 1856 4313 καὶ
1899 4258 2095 4323 ἀλαζο-

512 4348 695 4409 νείαν;
1236 4408 1237 4413 η

598 4429 758 4483 Ἀλλά
805 4428 969 4491 διατί,
1011 4427 1162 4497 φησὶ.
1201 4425 1369 4497 πολλὴ
1404 4421 1558 4496 μὲνὴ
1589 4425 1749 4498 ἡδονὴ
1786 4428 1853 4497 τῇ
1903 4427 2093 4499 κακίᾳ,

515 4516 680 4578 πολὺς
707 4516 761 4568 δέ
791 4519 858 4585 τῇ
890 4515 1057 4585 ἀρετῇ
1090 4511 1442 4573 συνέζευκται
1467 4513 1494 4564 6
1521 4512 1679 4573 πόνος
1709 4511 1800 4564 καὶ
1831 4513 1858 4563 6
1895 4510 2054 4580 ἱδρώς
2080 4529 2094 4574 ;

517 4603 625 4654 Kal
656 4602 785 4653 ποία
827 4618 908 4652 σοι
939 4600 1096 4668 χάρις
1126 4597 1189 4648 ἂν
1218 4592 1306 4666 ἦν,
1340 4596 1373 4665 ἢ
1402 4595 1547 4659 τίνος
1579 4595 1623 4647 δ’
1653 4596 1718 4648 ἂν
1772 4594 1960 4659 ἔλαϐες
2006 4615 2098 4667 μι-

518 4685 663 4744 σθὸν,
697 4686 745 4737 εί
800 4683 873 4753 μὴ
927 4683 1181 4735 ἐπίπονον
1225 4680 1284 4732 τὸ
1328 4680 1559 4749 πρᾶγμα
1594 4675 1690 4750 ἧν;
1722 4681 1830 4731 Kal
1869 4680 1976 4751 γὰρ
2003 4679 2097 4732 νῦν

517 4768 745 4832 πολλοὺς
772 4767 878 4836 ἔχω
902 4765 1071 4829 δεῖξαι
1108 4763 1266 4832 φύσει
1313 4762 1372 4814 τὸ
1418 4762 1711 4832 μίγνυσθαι
1750 4764 1963 4831 γυναιξὶ
2007 4780 2097 4833 μι-

520 4852 767 4912 σοῦντας,
801 4852 895 4902 καὶ
938 4848 1238 4918 φεύγοντας
1268 4847 1343 4907 ὼς
1374 4844 1633 4918 βδελυρὰν
1661 4846 1759 4916 τὴν
1789 4847 1923 4918 πρὸς
1956 4846 2098 4898 ἐκεί-

518 4952 615 4997 νας
666 4933 915 5003 ὁμιλίαν·
971 4931 1190 4992 τούτους
1241 4925 1334 4982 ούν
1380 4927 1662 5000 σώφρονας
1709 4930 2096 5001 καλέσομεν,ἢ

520 5016 955 5086 στεφανώσομεν,
993 5015 1113 5067 εἰπέ
1143 5031 1253 5083 μοι,
1301 5014 1393 5065 καὶ
1437 5010 1883 5083 ἀνακηρύξομενς
1923 5014 2097 5065 Οὐδα-

521 5102 659 5173 μῶς.
697 5099 1027 5170 Σωφροσύνη
1059 5099 1166 5166 γάρ
1193 5100 1337 5149 ἐστιν
1367 5099 1678 5165 ἐγκράτεια,
1709 5098 1802 5149 καὶ
1839 5098 1899 5148 τὸ
1933 5114 2101 5166 μαχο-

522 5189 698 5258 μένων
728 5184 1107 5255 περιγενέσθαι
1142 5183 1250 5235 τῶν
1277 5181 1498 5251 ἡδονῶν.
1525 5180 1633 5232 Kal
1688 5184 1745 5233 ἐν
1782 5184 1897 5242 τοῖς
1945 5182 2099 5233 πολέ-

522 5291 643 5344 μοις
664 5272 740 5334 δέ,
766 5273 893 5324 ὅταν
914 5269 1132 5340 σφοδροὶ
1154 5263 1285 5321 ὦσιν
1308 5269 1357 5320 οἱ
1384 5267 1615 5335 ἀγῶνες,
1636 5268 1756 5320 τότε
1777 5268 1845 5320 τὰ
1864 5268 2100 5337 τρόπαια

520 5358 875 5428 λαμπρότερα
920 5354 1151 5423 γίνεται,
1193 5354 1288 5421 ούχ
1334 5353 1462 5405 ὅταν
1495 5351 1682 5422 μηδεὶς
1730 5352 1956 5423 ἀνταίρῃ
2002 5352 2102 5416 τὰς

520 5445 730 5512 χεῖρας.
760 5441 880 5492 Εἰσὶ
925 5438 1109 5491 πολλοὶ
1134 5438 1227 5489 καὶ
1248 5436 1437 5498 νωθεῖς
1466 5436 1575 5488 ἀπὸ
1605 5436 1848 5504 φύσεως·
1881 5436 2103 5499 τούτους

585 5633 609 5660 ⁸³
635 5630 807 5678 Morel.
833 5628 902 5688 τῷ
923 5625 1249 5689 φιλανθρώπῳ.
1310 5620 1749 5689 ,δ-Αἷτιονῃάγαθῶν
1772 5626 1898 5689 ἀξιον
1929 5625 1987 5685 ἦν
2021 5629 2099 5685 ἠγ.

522 5694 662 5741 codd.
688 5692 797 5747 ἾΟὕ,
820 5684 1006 5746 ’ῖυδξμη
1030 5684 1179 5734 αἴτιον
1211 5684 1395 5745 ἀγαθῶν
1414 5684 1494 5749 Δἠν.
1520 5686 1667 5749 Sayil.
1697 5688 1888 5749 μυρίων.
1961 5692 1983 5718 ο
2020 5684 2103 5737 Sic

524 5756 676 5803 Savil.
701 5764 753 5799 et
778 5745 889 5799 nm.
922 5745 1134 5811 plurimi.
1165 5749 1334 5811 Morel.
1362 5747 1526 5801 πόνος.
1578 5745 1705 5794 Ἀλλς
1740 5745 1884 5797 ἄκουε
1916 5753 1995 5798 καὶ
2019 5754 2102 5809 τήν

523 5816 674 5864 λύσιν.
719 5814 904 5869 Ταύτην
923 5809 1038 5871 ⁷γδιρ
1082 5809 1161 5857 νῦν
1203 5810 1291 5873 ἐπὶ-
1316 5817 1399 5873 τῆς
1426 5811 1653 5873 ὑμετέρας
1680 5812 1862 5870 ἀγάπης
1886 5812 2099 5873 ἐροῦμεν.

524 5878 582 5925 Τί
604 5877 709 5923 ποτ’
728 5875 809 5921 οὖν
833 5875 933 5920 ἐστι
955 5870 1203 5931 τὸγαῖτιον;
1268 5870 1390 5935 (17113
1432 5872 1584 5935 .Sanl.
1617 5871 1788 5921 Morel.
1828 5880 1885 5935 τῇ
1914 5870 2099 5923 ἀνέσει,

527 5936 715 5987 Οὐκοῦν
741 5938 767 5986 ὃ
793 5935 1001 5984 ἐλείπετο
1013 5935 1234 5995 ἐποίησα,
1254 5934 1411 5990 πόνοις
1428 5934 1549 5995 ὑμᾶς
1565 5936 1840 5995 περιέϐαλον
1864 5938 1943 5984 καὶ
1965 5938 2099 5997 ἱδρώ-

528 6016 621 6051 σιν.

1180 362 1243 416 S.
1282 359 1567 417 JOANNIS
1606 356 2091 415 CIIRYSOSTOMI
2131 358 2450 418 ARCHIEP.
2490 365 3034 424 CONSTANTINOP.

3646 360 3752 416 206

2176 482 2269 540 οῦν
2300 489 2561 552 ἐπιεικεῖς
2592 489 2997 561 προσεροῦμενς
3028 485 3309 557 Οὐδαμῶς.
3345 483 3443 538 Διά
3473 481 3630 536 τοῦτο
3662 481 3758 534 καὶ

2176 571 2205 622 6
2257 572 2489 642 Χριστὸς
2533 577 2680 643 τρεῖς
2728 575 2960 643 τρόπους
3009 569 3365 642 εύνουχισμοῦ
3410 567 3603 636 λέγων,
3632 566 3759 625 τοὺς

2185 654 2282 723 μὲν
2331 654 2425 707 δύο
2466 657 2688 728 ἀφίησιν
2734 656 3170 726 ἀστεφανώτους,
3199 654 3289 707 τὸν
3328 653 3384 706 δέ
3429 652 3525 705 ἕνα
3556 651 3633 712 είς
3661 648 3761 718 τὴν

2181 740 2459 809 βασιλείαν
2500 744 2729 811 εἰσάγει.
2770 744 2879 796 Kal
2922 742 2974 794 τί
2998 752 3020 780 θ
3052 740 3155 793 ἔδει
3195 738 3414 800 κακίας,
3447 734 3614 805 φησί;
3651 732 3764 785 Kal

2179 824 2290 892 ἐγὼ
2336 825 2493 879 τοῦτο
2538 826 2699 894 λέγω.
2736 829 2832 892 Τίς
2858 825 2951 880 οῦν
2986 829 3014 879 6
3036 828 3133 895 τῆς
3160 823 3357 886 κακίας
3389 817 3717 891 δημιουργός
3743 833 3759 880 ς

2182 908 2279 972 Τίς
2309 909 2365 962 δὲ
2400 910 2575 973 ἄλλος,
2609 912 2787 983 ἀλλ’ἢ
2828 913 2861 982 ἡ
2912 910 3151 982 ῥᾳθυμία
3182 913 3214 981 ὴ
3246 911 3310 962 ὲκ
3354 908 3453 976 τῆς
3502 901 3762 983 προαιρέῖ

2182 1009 2351 1057 σεως;
2395 994 2532 1047 Ἀλλ’
2565 995 2692 1060 ἔδει,
2725 982 2909 1065 φησὶν,
2941 994 3177 1063 ἀγαθοὺς
3212 989 3348 1046 εἶναι
3395 990 3607 1062 μόνους.
3650 982 3763 1037 Καὶ

2179 1078 2231 1130 τί
2276 1078 2406 1132 ἴδιον
2450 1078 2693 1147 ἀγαθοῦ;
2743 1084 2933 1150 νήφειν
2965 1082 3059 1133 καὶ
3087 1077 3466 1150 ἐγρηγορέναι,
3500 1075 3533 1143 ἢ
3564 1071 3762 1126 καθεύ-

2180 1161 2289 1214 δειν
2342 1165 2437 1216 καὶ
2492 1165 2742 1233 ρέγχειν;
2776 1166 2886 1218 Kal
2933 1165 3093 1227 διατί,
3123 1165 3274 1234 φησὶ,
3305 1164 3377 1233 μὴ
3406 1160 3563 1214 τοῦτο
3587 1158 3763 1210 ἐδόκει

2182 1243 2317 1299 εἶναι
2347 1249 2567 1315 ἀγαθὸν,
2604 1249 2664 1301 τὸ
2692 1249 2765 1320 μὴ
2806 1250 3073 1304 πονοῦντα
3106 1247 3439 1319 κατορθοῦν;
3468 1242 3764 1312 Βοσκημὰ-

2179 1346 2288 1383 των
2326 1348 2415 1400 μοι
2442 1332 2661 1402 ῥήματα
2690 1334 2865 1401 λέγεις
2894 1334 2985 1387 καὶ
3019 1331 3483 1403 γαστριζομένων,
3508 1327 3601 1380 καὶ
3640 1324 3763 1377 θεὸν

2179 1414 2278 1482 τὴν
2318 1414 2523 1468 κοιλίαν
2562 1417 3029 1487 ήγουμένων.”οτι
3080 1420 3189 1485 γάρ
3231 1413 3457 1475 νωθείας
3494 1408 3665 1463 ταῦτα
3695 1406 3765 1460 τά

2184 1498 2425 1566 ῥήματα.
2457 1499 2750 1570 ἀπόκριναί
2782 1517 2869 1570 μοι
2891 1516 2904 1529 ·
2923 1498 2984 1552 El
3012 1498 3274 1568 βασιλέως
3302 1496 3453 1558 ὄντος
3481 1493 3574 1547 καὶ
3598 1507 3765 1562 στρα-

2180 1580 2371 1647 τηγοῦ,
2405 1577 2524 1635 εἶτα
2569 1581 2662 1635 τοῦ
2714 1582 2976 1653 βασιλέως
3008 1583 3102 1636 καὶ
3141 1579 3492 1639 καθεύδοντος
3517 1574 3612 1628 καὶ
3669 1588 3766 1643 με·

2182 1662 2423 1729 θύοντος,
2465 1665 2975 1738 ταλαιπωρούμενος
3017 1666 3045 1719 6
3079 1662 3381 1736 στρατηγὸς
3426 1661 3493 1712 τά
3529 1656 3767 1726 τρόπαια·

2183 1747 2397 1819 ἔστησε.
2439 1749 2543 1802 τίνι
2575 1753 2640 1803 ἂν
2665 1750 2892 1817 ἐλογίσω
2925 1749 3025 1821 τὴν
3056 1750 3249 1819 νίκην;
3283 1746 3364 1809 τίς
3411 1744 3467 1798 δέ
3512 1738 3766 1811 ἐκαρπώ⁴

2184 1850 2315 1886 σατο
2360 1834 2467 1886 τῶν
2512 1836 2849 1903 γιγνο·ιένων
2898 1834 2997 1903 τὴν
3041 1833 3265 1903 ἡδονήνς
3310 1830 3474 1900 Ὁρᾷς
3514 1828 3594 1880 ὅτι
3636 1824 3765 1895 περ’.

2186 1917 2335 1991 [210]
2370 1921 2552 1973 ἐκεῖνα
2592 1920 2789 1990 μᾶλλον
2812 1922 2845 1989 ή
2874 1920 3020 1989 ψυχὴ
3051 1918 3337 1975 διάκειται,
3364 1912 3505 1980 ὑπὲρ
3540 1905 3615 1962 ὢν
3639 1910 3767 1962 ἐκα-

2190 2020 2292 2072 μες
2324 2004 2421 2056 Διά
2450 2004 2608 2057 τοῦτο
2635 2006 2728 2058 καὶ
2754 2005 2949 2067 πόνους
2982 2001 3201 2073 ἀνέμιξε
3233 2002 3299 2070 τῇ
3331 1999 3521 2067 ἀρετῇ,
3559 1992 3770 2046 οἰκειῶ-

2187 2104 2276 2139 σαι
2322 2088 2457 2159 αύτῇ
2508 2088 2715 2157 ταύτην
2752 2087 3089 2157 βουλόμενος-
3118 2084 3215 2137 Διά
3244 2083 3307 2152 δὴ
3334 2079 3494 2134 τοῦτο
3535 2077 3635 2148 τὴν
3667 2076 3768 2159 μὲν

2186 2171 2406 2242 ἀρετὴν,
2434 2157 2547 2225 κᾶν
2582 2171 2654 2243 μὴ
2679 2169 3135 2240 κατορθώσωμεν,
3171 2165 3525 2235 θαυμάζομεν
3549 2177 3563 2190 ’
3595 2157 3769 2243 τῆςδέ

2186 2240 2403 2316 κακίας,
2430 2254 2523 2307 xal
2548 2240 2767 2325 ἡδίστης
2786 2253 2970 2324 οὔσης,
2994 2248 3490 2319 καταγινώσκομεν.
3512 2243 3573 2296 Εἰ
3597 2242 3652 2294 δὲ
3678 2240 3770 2292 λέ-

2186 2355 2324 2406 γεις·
2355 2340 2505 2392 Διατί
2533 2341 2658 2403 τοὺς
2686 2339 2843 2407 φύσει
2873 2338 3067 2400 καλοὺς
3098 2336 3172 2406 μὴ
3195 2332 3544 2403 θαυμάζομεν
3570 2326 3770 2398 μᾶλλον

2186 2421 2294 2473 τῶν
2318 2422 2800 2493 προαιρέσειτοῦτο
2815 2422 3000 2483 δντων;
3028 2420 3151 2471 Ὅτι
3171 2417 3374 2471 δίκαιον
3394 2414 3484 2467 τὸν
3504 2408 3773 2464 πονοῦντα

2188 2504 2280 2556 τοῦ
2311 2506 2384 2576 μὴ
2412 2492 2698 2568 πονοῦντος
2740 2502 3071 2575 προτιθέναι.
3104 2502 3213 2555 Kal
3241 2498 3405 2559 τίνος,
3436 2496 3618 2566 φησὶν.
3654 2492 3773 2545 ἓνε-

2188 2606 2283 2641 κεν
2308 2588 2403 2641 νῦν
2431 2588 2729 2658 πονοῦμεν;
2773 2586 2992 2657 Ἐπειδὴ
3012 2586 3072 2639 τὸ
3097 2585 3169 2657 μὴ
3204 2586 3385 2637 πονεῖν
3412 2580 3511 2633 ούκ
3534 2579 3773 2649 ἤνεγκας

2192 2670 2427 2741 μετρίως
2445 2689 2462 2706 ο
2499 2673 2698 2743 μᾶλλον
2721 2672 2777 2725 δέ
2801 2670 2854 2723 εἴ
2882 2688 2966 2733 τις
3003 2668 3140 2739 μετὰ
3167 2664 3449 2735 ἀκριϐείας
3474 2661 3769 2728 ἐξετάσειε,

2188 2757 2282 2808 καὶ
2313 2756 2487 2820 ἄλλως
2512 2759 2545 2827 ὴ
2574 2757 2742 2827 ἀργία
2774 2753 3105 2825 διαφθείρειν
3137 2753 3287 2822 ἡμᾶς
3331 2747 3510 2807 εἴωθε,
3536 2746 3629 2799 καὶ
3673 2761 3775 2796 πο-

2187 2838 2282 2892 λὺν
2312 2842 2570 2910 παρέχειν
2594 2841 2685 2893 τὸν
2713 2840 2891 2893 πόνον.
2916 2839 3024 2891 Kal
3052 2838 3100 2889 εί
3133 2834 3329 2906 βούλει,
3361 2829 3773 2899 συγκλείσωμεν

2188 2925 2376 2993 ἀνδρα,
2395 2924 2686 2996 τρέφοντες
2704 2924 2867 2978 αὐτὸν
2894 2923 3075 2993 μόνον,
3097 2921 3191 2973 καὶ
3213 2916 3614 2987 γαστρίζοντες,
3633 2915 3774 2983 μήτε

2191 3006 2428 3077 βαδίζειν
2473 3008 2635 3060 αὑτὸν
2676 3007 2895 3071 ἐῶντες,
2933 3004 3065 3076 μηδέ
3108 3005 3188 3066 είς
3242 3002 3400 3073 ἔργον
3444 2997 3770 3065 ἐξάγοντες·

2189 3093 2303 3145 ἀλλ’
2333 3092 2650 3147 ἀπολαυέτω
2680 3090 2959 3162 τραπέζης
3000 3089 3093 3141 καὶ
3140 3086 3347 3156 κλίνης,
3381 3084 3476 3137 καὶ
3514 3080 3775 3153 τρυφάτω

2188 3177 2479 3247 διηνεκῶς·
2502 3176 2597 3231 καὶ
2620 3177 2673 3229 τί
2694 3177 2898 3245 ταύτης
2926 3174 3025 3243 τῆς
3055 3172 3201 3243 ζωῆς
3226 3168 3551 3239 ἀθλιώτερον
3576 3165 3775 3233 γένοιτ’

2190 3261 2288 3326 ἀν;
2327 3261 2465 3313 Ἀλλ’
2496 3262 2681 3333 ἓτερον
2706 3261 2766 3313 τὸ
2796 3258 3142 3330 ἐργάζεσθαι,
3174 3255 3334 3327 φησι,
3372 3253 3467 3307 καὶ
3501 3252 3687 3321 ἕτερον
3713 3250 3776 3303 τδ

2191 3346 2547 3401 πονεῖν,Ἀλλ’
2576 3341 2642 3415 ἦν
2684 3346 2805 3399 τότε
2837 3341 3166 3415 ἐργάζεσθαι
3214 3339 3385 3410 χωρὶς
3430 3337 3627 3392 πόνων.
3663 3334 3775 3388 Καὶ

2192 3428 2289 3494 ενι,
2326 3430 2458 3498 φησὶ
2479 3426 2521 3493 τ,
2550 3429 2707 3481 τοῦτο
2729 3446 2743 3494 ;
2771 3428 2897 3491 Nal,
2923 3426 3029 3479 ἔνι’
3061 3424 3217 3478 τοῦτο
3246 3426 3337 3476 καὶ
3360 3424 3388 3476 6
3414 3422 3547 3485 Θεὸς
3571 3419 3776 3491 ἠθέλη-

2194 3529 2303 3572 σεν,
2343 3512 2477 3565 ἀλλά
2530 3512 2593 3565 σὺ
2643 3514 2741 3564 οὐκ
2775 3511 3022 3581 ὴνέσχου.
3060 3506 3159 3559 Διά
3184 3505 3342 3559 τοῦτο
3364 3505 3526 3575 ἔθηκε
3553 3501 3684 3570 γοῦν
3712 3516 3777 3556 σε

2192 3596 2521 3666 ἐργάζεσθαι
2564 3596 2657 3648 τὸν
2704 3594 3058 3665 παράδεισον,
3108 3588 3371 3661 ἐργασίαν
3418 3587 3514 3658 μὲν
3559 3586 3775 3657 ὁρίσας,

2192 3681 2352 3733 πόνον
2378 3680 2434 3732 δὲ
2459 3681 2559 3733 ούκ
2583 3677 2869 3748 ἀναμίξας.
2894 3677 2968 3730 Ού
3001 3676 3108 3745 γὰρ
3133 3673 3220 3736 ἂν,
3244 3672 3402 3743 εἴπερ
3421 3670 3601 3723 ἐπόνει
3622 3668 3777 3737 παρὰ

2191 3763 2288 3832 τὴν
2313 3762 2485 3833 ἀρχὴν
2514 3765 2542 3815 6
2564 3762 2867 3833 ἄνθρωπος,
2890 3758 3046 3812 τοῦτο
3071 3760 3127 3810 ἐν
3149 3754 3422 3826 ἐπιτιμίου
3453 3753 3606 3824 μέρει
3635 3749 3778 3822 μετὰ

2190 3846 2365 3898 ταῦτα
2397 3845 2776 3916 έθηκεν.Ἒστι
2807 3843 2913 3915 γάρ
2943 3842 3037 3895 καὶ
3079 3839 3425 3910 ἐργάζεσθαι,
3450 3836 3545 3889 καὶ
3579 3835 3654 3905 μὴ
3681 3850 3780 3886 τα-

2192 3929 2602 4000 λαιπωρεῖσθαι,
2624 3928 2813 3999 ὥσπερ
2835 3929 2882 3981 οί
2906 3925 3274 3995 ἀγγελοι.”οτι
3297 3923 3405 3992 γὰρ
3428 3918 3777 3992 ἐργάζονται,

2193 4015 2423 4068 ἄκουσον
2464 4015 2515 4066 τί
2566 4029 2732 4083 φησιο
2786 4011 3033 4065 Δυνατοὶ
3090 4009 3276 4077 ἰσχύϊ,
3312 4004 3623 4068 ποιοῦντες
3671 4000 3780 4054 τὸν

2192 4099 2383 4167 λόγον
2414 4097 2618 4150 αὑτοῦ.
2650 4095 2765 4148 Νῦν
2799 4095 2895 4166 μὲν
2928 4094 3033 4165 γὰρ
3067 4095 3099 4163 ἡ
3127 4092 3229 4160 τῆς
3262 4089 3441 4159 ἰσχύος
3471 4087 3643 4140 ἔνδεια
3676 4102 3780 4137 πο-

2194 4184 2291 4235 λὺν
2319 4183 2410 4235 τὸν
2446 4183 2605 4235 πόνον
2641 4184 2806 4235 ποιεῖ’
2837 4180 2959 4233 τότε
2991 4179 3047 4231 δὲ
3076 4176 3256 4229 οὐκέτι
3290 4173 3449 4227 τοῦτο
3479 4168 3566 4243 ἦν.
3585 4172 3642 4224 '0
3670 4171 3779 4243 γὰρ

2190 4266 2449 4318 εἰσελθὼν
2507 4267 2587 4328 είς
2635 4267 2735 4334 τὴν
2782 4264 3126 4317 κατάπαυσιν
3164 4258 3350 4319 αὑτοῦ,
3400 4255 3779 4317 Κατέπαυσε,

2198 4352 2352 4420 φησὶ,
2390 4351 2469 4415 ὡς
2515 4349 2633 4402 ἀπὸ
2673 4347 2791 4400 τῶν
2823 4348 3011 4417 ἔργων
3049 4344 3257 4406 αὐτοῦ,
3289 4342 3475 4411 ὥσπερ
3516 4338 3621 4391 ἀπὸ
3669 4338 3781 4391 τῶν

2202 4436 2345 4488 ἰδίων
2374 4436 2401 4486 6
2424 4433 2555 4495 Θεός
2574 4450 2587 4462 ’
2623 4432 2722 4485 ούκ
2751 4431 2950 4502 ἀργίαν
2978 4429 3150 4497 λέγων
3181 4425 3434 4487 ἐνταῦθα,
3463 4423 3597 4477 ἀλλά
3621 4422 3681 4475 τὸ
3706 4421 3781 4492 μὴ

2200 4520 2399 4570 πονεῖν.
2420 4518 2476 4569 Ὀ
2501 4517 2607 4588 γὰρ
2648 4515 2779 4577 Θεὸς
2827 4513 2906 4567 ἔτι
2952 4513 3046 4566 καὶ
3074 4510 3169 4565 νῦν
3192 4508 3507 4581 ἐργάζεται,
3538 4505 3723 4569 καθὼς
3752 4507 3781 4556 6

2200 4603 2241 4653 Χ
2253 4600 2433 4671 ριστό;
2464 4614 2656 4669 φησιν·
2703 4598 2756 4650 Ὁ
2782 4597 2982 4664 Πατήρ
3007 4613 3125 4664 μου
3159 4593 3269 4659 ἕως
3307 4593 3436 4659 ἄρτι
3460 4588 3779 4660 ἐργάζεται,

2199 4684 2360 4753 κάγὼ
2403 4682 2724 4751 ἐργάζομαι.
2762 4682 2859 4733 Διά
2881 4681 3036 4733 τοῦτο
3061 4677 3330 4749 παραινῶ,
3375 4676 3551 4729 πάντα
3581 4674 3780 4726 ἀποθε-

2205 4770 2398 4836 μένους
2449 4767 2516 4819 τά
2556 4768 2655 4835 τῆς
2698 4764 3010 4833 ὀλιγωρίας,
3040 4761 3234 4832 ζηλοῦν
3268 4762 3367 4830 τὴν
3411 4759 3633 4829 ἀρετήν.
3670 4758 3781 4824 Τῆς

2205 4853 2302 4922 μὲν
2330 4851 2438 4920 γὰρ
2458 4848 2654 4910 κακίας
2682 4850 2715 4917 ἡ
2738 4848 2899 4919 ἡδονὴ
2929 4847 3173 4917 βραχεῖα,
3197 4846 3230 4914 ὴ
3254 4843 3309 4895 δὲ
3330 4841 3474 4911 λύπη
3493 4841 3747 4910 διηνεκὴς
3764 4856 3777 4869 ·

2199 4936 2302 5004 τῆς
2331 4934 2387 4987 δέ
2418 4935 2616 5003 ἀρετῆς
2641 4932 2947 4985 τούναντίον
2981 4931 3201 4998 ἀγήρως
3238 4929 3271 4997 ἡ
3302 4926 3466 4996 χαρὰ,
3490 4925 3583 4977 καὶ
3610 4924 3781 4993 πρόσ-

2202 5034 2389 5089 καιρος
2425 5019 2451 5069 ὁ
2482 5016 2660 5078 πόνος.
2693 5016 2931 5084 Κάκείνη
2971 5013 3068 5083 μὲν
3093 5013 3185 5065 καὶ
3219 5011 3323 5081 πρὸ
3349 5010 3455 5062 τῶν
3503 5009 3784 5077 στεφάνων

2203 5102 2291 5154 τὸν
2313 5102 2547 5172 ἐργάτην
2571 5100 2751 5171 ἀνίησι
2776 5099 2864 5152 τὸν
2900 5101 3117 5169 ἑαυτῆς,
3140 5099 3259 5158 ταῖς
3283 5095 3461 5147 ἐλπίσι
3485 5094 3782 5165 τρέφουσα’

2204 5187 2342 5253 αῦτη
2368 5186 2423 5237 δὲ
2455 5187 2546 5237 καὶ
2572 5184 2677 5256 πρὸ
2706 5184 2803 5253 τῆς
2832 5182 3103 5243 κολάσεως
3125 5180 3447 5248 τιμωρεῖται
3469 5176 3559 5228 τὸν
3583 5176 3784 5245 ἑαυτῆς

2205 5270 2463 5339 ἐργάτην,
2492 5268 2553 5320 τὸ
2580 5266 2815 5328 συνειδὸς
2837 5264 3080 5333 ἄγχουσα
3112 5262 3204 5314 καὶ
3233 5259 3647 5327 ἐκδειματοῦσα,
3688 5258 3785 5310 καὶ

2205 5356 2383 5409 πάντα
2429 5355 2753 5406 ὑποπτεύειν
2809 5346 3321 5419 παρασκευάζουσα.
3367 5344 3557 5395 Καίτοι
3600 5343 3785 5394 πόσων

2204 5440 2376 5492 ταῦτα
2397 5437 2595 5497 πόνων,
2615 5437 2795 5488 πόσων
2824 5432 3059 5498 ἱδρώτων
3081 5429 3326 5500 χείροναί
3351 5428 3413 5479 Εἰ
3435 5426 3490 5479 δέ
3512 5427 3584 5496 μὴ
3608 5425 3786 5479 ταῦτα

2204 5522 2292 5595 ἦν,
2318 5523 2477 5594 ἡδονὴ
2505 5522 2561 5574 δὲ
2588 5517 2655 5590 ἦν
2675 5537 2687 5549 ’
2719 5520 2770 5572 τί
2790 5517 2890 5586 τῆς
2914 5515 3103 5586 ἡδονῆς
3128 5514 3343 5582 ἐκείνης
3368 5512 3645 5564 εὐτελέστε
3657 5528 3783 5581 ρον;

2216 5608 2379 5679 Ὀμοῦ
2408 5625 2467 5660 τε
2496 5607 2602 5674 γὰρ
2633 5604 2901 5672 φαίνεται,
2935 5602 3029 5653 καὶ
3057 5598 3357 5666 ἀφίπταται
3390 5595 3784 5666 μαραινομένη,

2206 5697 2297 5746 καὶ
2341 5692 2616 5761 φεύγουσα
2663 5687 2769 5753 πρὸ
2811 5685 2905 5737 τοῦ
2954 5681 3375 5753 κατασχεθῆναι,
3411 5681 3513 5734 κᾶν
3544 5681 3644 5749 τὴν
3676 5679 3787 5732 τών

2208 5777 2474 5847 σωμάτων
2508 5772 2687 5842 εἴπῃς,
2717 5769 2817 5822 κᾶν
2862 5768 2960 5838 τὴν
3005 5766 3105 5838 τῆς
3153 5766 3385 5836 τρυφῆς,
3413 5765 3513 5817 κᾶν
3542 5763 3640 5835 τὴν
3673 5762 3787 5816 τῶν

2274 5948 2295 5974 e
2332 5931 2504 5980 Morel.
2553 5928 2756 5988 εἰσάγειν
2804 5928 2944 5987 λέγει.
2982 5926 3075 5973 Καὶ
3111 5924 3173 5973 τί.
3257 5923 3280 5961 ἲ
3307 5919 3472 5988 Aliqui
3509 5922 3565 5988 τό
3603 5922 3785 5973 πονεῖν.

2210 5994 2402 6047 Οὐκοῦν
2427 5994 2568 6055 ἐχρῆν
2592 5984 3032 6053 ἐργάζεσθαι-χωρὶς
3062 5988 3253 6046 πόνων;
3301 5986 3410 6045 Ναὶ,
3438 5984 3570 6046 φησί.

3852 5831 3895 5917 ι
