4100 6364
233 452 317 510 nis
367 452 437 507 ab
482 450 799 524 aegritudine
844 450 1083 518 liberari,
1128 450 1357 517 mansit,
1404 465 1504 505 nec
1544 448 1809 505 discessit.

236 545 458 600 Etiamsi
487 545 632 600 enim
659 558 765 599 non
810 542 1081 613 praeterita
1102 584 1118 609 ,
1148 557 1325 597 annon
1353 542 1526 596 futura
1571 551 1817 610 poterant

237 638 379 692 illum
409 650 439 691 a
484 637 603 691 loco
639 635 937 699 abducere,
963 634 1064 691 nisi
1093 634 1509 705 patientissimus
1538 633 1722 689 fuisset
1748 635 1763 666 ¹
1790 634 1815 687 ?

236 729 415 799 Cogita
447 728 592 783 enim
619 742 740 782 cum
761 737 955 798 quanta
973 741 1099 782 cura
1136 726 1316 781 caeteri
1351 726 1479 796 aegri
1513 725 1813 796 vigilarent.

235 820 416 889 Neque
460 835 604 874 enim
634 828 845 889 tempus
869 834 974 889 quo
1010 818 1256 888 agitanda
1284 825 1403 875 erat
1426 832 1561 889 aqua
1586 858 1600 882 ,
1631 826 1814 873 notum

236 920 401 976 erat;
458 911 555 967 sed
604 912 819 978 claudi,
871 921 928 967 et
970 911 1137 966 mutili
1182 912 1467 967 observare
1526 919 1812 981 poterant;

234 1002 362 1057 caeci
391 1017 522 1057 vero
548 1002 818 1073 quomodo
844 1002 1127 1071 vidissent,
1153 1004 1253 1059 nisi
1293 1002 1523 1059 fortasse
1562 1019 1630 1061 ex
1668 1012 1817 1059 motu

235 1093 573 1150 didicissent.

304 1185 359 1239 2.
401 1183 792 1240 Erubescamus
839 1200 1006 1256 ergo,
1053 1185 1463 1250 erubescamus,
1507 1186 1720 1252 dilecti,
1764 1195 1818 1243 et

237 1279 511 1348 lugeamus
545 1277 613 1332 de
651 1287 828 1332 nostra
866 1289 1005 1332 tanta
1036 1278 1281 1348 segnitie.
1324 1278 1415 1333 Ille
1454 1279 1664 1349 triginta
1695 1289 1818 1334 octo

238 1372 389 1425 annis
411 1372 792 1441 perseveravit,
816 1387 916 1426 nec
935 1371 1076 1441 quod
1100 1373 1308 1426 volebat
1326 1384 1623 1443 acceperat,
1647 1388 1819 1444 neque

238 1473 411 1516 tamen
437 1462 684 1517 discessit
707 1482 719 1516 :
744 1478 917 1532 neque
942 1479 1009 1518 ex
1036 1465 1354 1533 negligentia
1382 1480 1475 1519 sua
1502 1479 1607 1519 non
1631 1480 1821 1519 conse-

239 1565 430 1624 quutus
469 1565 585 1619 est;
627 1556 720 1610 sed
759 1556 876 1610 aliis
906 1557 1312 1626 impedientibus
1340 1558 1552 1626 vimque
1594 1572 1816 1627 passus;

239 1660 410 1715 neque
439 1654 619 1700 tamen
651 1656 929 1715 propterea
957 1646 1189 1700 animum
1220 1647 1504 1717 despondit
1531 1666 1545 1701 :
1570 1664 1669 1703 nos
1692 1664 1820 1703 vero

239 1738 283 1791 si
311 1738 497 1793 decem
528 1738 712 1793 diebus
748 1754 1147 1808 perseveremus
1178 1755 1275 1809 pro
1298 1755 1357 1795 re
1385 1741 1557 1811 aliqua
1592 1756 1819 1811 precan-

241 1839 350 1896 tes,
382 1846 484 1885 nec
518 1831 894 1900 impetremus,
922 1831 1114 1887 deinde
1142 1841 1415 1901 torpemus
1438 1834 1489 1887 in
1513 1833 1699 1888 eodem
1730 1834 1824 1889 ad-

242 1925 471 1980 hibendo
498 1925 695 1980 studio.
736 1925 805 1979 Et
831 1926 920 1995 qui
950 1925 1254 1981 hominibus
1280 1934 1388 1981 tam
1419 1928 1667 1981 diuturno
1691 1937 1825 1983 tem-

243 2032 367 2087 pore
408 2018 710 2079 haeremus,
753 2017 1043 2072 militantes
1067 2059 1083 2085 ,
1127 2018 1179 2071 in
1220 2018 1473 2073 aerumnis
1508 2029 1820 2085 versantes,

241 2108 449 2163 servilia
479 2108 770 2164 ministeria
800 2120 1142 2173 exercentes,
1174 2119 1227 2165 et
1252 2112 1303 2165 in
1333 2110 1439 2166 ﬁne
1464 2127 1607 2182 saepe
1634 2113 1703 2167 ab
1737 2112 1822 2167 illa

242 2215 333 2269 spe
360 2201 725 2267 concidimus;
758 2202 895 2271 apud
924 2203 1205 2258 Dominum
1229 2213 1466 2259 nostrum
1489 2206 1532 2271 ⁸,
1557 2206 1645 2260 ubi
1668 2206 1825 2276 longe

244 2295 409 2363 major
436 2310 647 2349 merces
676 2297 946 2366 sequitur,
975 2312 1132 2365 quam
1163 2296 1272 2353 sint
1294 2298 1395 2368 ipsi
1424 2298 1633 2355 labores
1661 2318 1673 2353 :
1702 2314 1823 2354 nam

244 2386 391 2456 Spes,
420 2389 620 2459 inquit,
650 2404 749 2442 non
774 2389 1042 2460 confundit
1063 2388 1238 2457 (Rom.
1262 2390 1313 2447 5.
1344 2391 1438 2459 5);
1468 2406 1587 2445 cum
1613 2406 1697 2454 eo,
1721 2407 1827 2461 quo

243 2494 336 2548 par
355 2489 501 2533 esset
522 2480 698 2533 studio
720 2496 1061 2550 perseverare
1084 2498 1189 2536 non
1212 2482 1556 2539 sustinemus.
1583 2484 1647 2538 Et
1668 2500 1828 2554 quan-

244 2582 299 2626 to
325 2588 427 2626 non
455 2573 718 2643 supplicio
745 2575 857 2628 haec
877 2574 1032 2644 digna
1061 2574 1296 2630 fuerint?
1316 2574 1447 2629 Nam
1469 2576 1674 2629 etiamsi
1700 2576 1827 2630 nihil

244 2666 514 2734 accepturi
547 2680 789 2719 essemus
812 2706 826 2730 ,
857 2666 942 2720 vel
983 2666 1084 2720 hoc
1128 2667 1301 2736 ipsum
1345 2667 1485 2738 quod
1524 2666 1830 2737 frequenter

244 2757 640 2825 alloqueremur
673 2772 793 2810 eum
818 2798 832 2822 ,
864 2772 1040 2811 annon
1081 2758 1232 2813 bonis
1270 2758 1562 2813 innumeris
1598 2761 1831 2829 mquipa-

246 2849 468 2902 randum
496 2849 678 2903 esset?
696 2847 804 2905 Sed
834 2851 1070 2920 precatio
1098 2851 1362 2905 laboriosa
1390 2859 1443 2905 et
1468 2850 1680 2906 assidua
1711 2866 1831 2906 esse

245 2941 441 2995 debet?
488 2942 690 3012 Ecquid
736 2943 787 2996 in
817 2944 1012 2998 virtute
1055 2959 1158 2997 non
1205 2943 1527 2998 laboriosum
1573 2945 1693 2998 est?
1736 2944 1830 2999 Vel

248 3032 347 3086 hoc
374 3033 573 3102 ipsum,
600 3034 825 3104 inquies,
848 3034 1003 3089 valde
1028 3036 1243 3089 anxium
1264 3035 1457 3100 reddit,
1480 3035 1619 3106 quod
1646 3035 1833 3104 nequi-

249 3126 371 3178 tiam
398 3126 644 3195 voluptas
670 3167 682 3190 ,
714 3126 957 3180 virtutem
994 3126 1144 3181 labor
1179 3127 1463 3181 comitetur
1488 3143 1502 3184 :
1532 3128 1832 3197 multosque

246 3217 478 3270 arbitror
514 3216 738 3283 idipsum
770 3234 1030 3287 quartere.
1063 3217 1317 3287 Quaenam
1360 3219 1521 3288 igitur
1560 3217 1719 3287 hujus
1754 3218 1831 3272 rei

244 3324 406 3363 causa
435 3318 518 3363 est
538 3308 595 3364 ’ἲ
622 3309 776 3363 Initio
806 3311 951 3366 dedit
980 3311 1132 3366 nobis
1161 3312 1299 3366 Deus
1329 3313 1487 3366 vitam
1520 3312 1832 3367 sollicitudi-

246 3415 314 3453 ne
354 3400 732 3471 laboribusque
772 3416 989 3455 vacuam
1018 3420 1030 3455 :
1060 3401 1201 3456 dono
1228 3401 1378 3457 abusi
1420 3418 1637 3467 sumus;
1671 3412 1831 3472 atque

245 3507 313 3545 ex
359 3492 549 3545 inertia
592 3502 734 3548 tanto
773 3493 945 3548 eversi
983 3494 1162 3560 bono,
1192 3494 1495 3566 paradisum
1535 3496 1830 3551 amisimus.

246 3582 375 3636 ideo
420 3583 737 3636 laboriosam
779 3583 1081 3659 hominibus
1112 3586 1271 3639 vitam
1302 3586 1567 3649 reddidit,
1598 3596 1653 3641 et
1692 3586 1830 3655 apud

248 3676 539 3727 lnnnanum
566 3690 733 3744 genus
758 3676 859 3729 hoc
884 3675 998 3731 fere
1024 3677 1182 3731 modo
1208 3692 1328 3732 sese
1357 3687 1582 3747 purgat:
1610 3679 1834 3733 Delicias

246 3780 276 3817 a
306 3766 569 3834 principio
592 3766 713 3820 dedi
735 3767 918 3833 vobis;
944 3767 1038 3823 sed
1065 3784 1129 3823 ex
1157 3769 1373 3823 lenitate
1395 3786 1509 3823 mea
1537 3769 1834 3825 deteriores

247 3858 496 3911 evasistis
525 3876 539 3911 :
567 3857 685 3911 ideo
728 3858 997 3913 laboribus
1035 3876 1130 3913 vos
1168 3860 1555 3930 sudoribusque
1581 3861 1757 3915 addixi
1786 3860 1830 3916 ‘.

247 3948 383 4001 Cum
408 3958 585 4001 autem
615 3964 681 4002 ne
708 3950 795 4003 ille
815 3948 1026 4018 quidem
1053 3949 1203 4004 labor
1223 3965 1320 4004 vos
1339 3951 1635 4015 cohiberet,
1664 3952 1831 4022 legem

247 4055 435 4093 rursus
461 4039 607 4093 dedit
630 4050 892 4110 praecepta
916 4042 1079 4097 multa
1103 4043 1545 4112 complectentem
1568 4061 1582 4109 ;
1605 4059 1701 4097 ceu
1722 4045 1836 4098 cui-

245 4132 371 4184 dam
402 4131 662 4185 indomito
685 4148 823 4202 equo
846 4132 1053 4187 frenum
1082 4143 1137 4189 et
1163 4134 1469 4203 compedes,
1502 4144 1558 4188 ut
1583 4134 1698 4204 ejus
1730 4136 1834 4189 im-

246 4236 432 4291 petum
461 4233 739 4287 coerceat;
765 4224 841 4278 sic
865 4223 1061 4278 faciunt
1088 4239 1343 4293 equorum
1371 4226 1680 4280 domitores.
1712 4225 1835 4281 Ideo

246 4318 352 4367 vita
382 4313 646 4367 laboriosa
670 4314 901 4367 inStituta
924 4324 1025 4377 est,
1046 4318 1165 4384 quia
1188 4318 1351 4371 otium
1375 4332 1470 4371 nos
1492 4334 1834 4388 corrumpere

244 4410 409 4461 solet.
455 4408 651 4461 Natura
680 4408 874 4477 quippe
903 4417 1084 4462 nostra
1128 4409 1385 4463 desidiam
1430 4427 1533 4463 non
1573 4410 1708 4477 fert,
1742 4411 1834 4465 sed

248 4502 411 4555 facile
440 4500 509 4555 ad
542 4502 667 4554 vitia
703 4501 957 4557 deflectit.
999 4502 1263 4555 I’onamus
1291 4503 1431 4555 enim
1480 4504 1832 4572 temperanti,

247 4605 307 4648 ut
338 4610 443 4649 nec
468 4596 599 4649 alias
625 4596 848 4650 virtutes
871 4597 1163 4657 exercenti.
1194 4597 1394 4650 nullum
1422 4611 1541 4651 esse
1564 4598 1832 4658 laborem;

249 4687 349 4741 sed
394 4686 784 4741 dormientibus
826 4688 1001 4740 omnia
1034 4687 1233 4756 optime
1271 4688 1463 4743 cedere
1496 4706 1508 4741 :
1547 4704 1654 4757 quo
1682 4700 1836 4757 paeto

253 4780 356 4833 hac
401 4790 615 4834 utemur
657 4778 1019 4850 indulgentia?
1059 4795 1237 4835 nonne
1274 4781 1339 4834 ad
1383 4782 1736 4852 arrogantiam
1783 4792 1837 4836 et

252 4872 562 4942 superbiam
583 4872 607 4924 ?

330 4966 508 5029 Quare
535 4964 805 5033 nequitiam
831 4962 1081 5032 voluptas,
1109 4963 1339 5015 virtutem
1368 4962 1508 5016 labor
1536 4965 1795 5017 comitetur
1816 4980 1836 5029 ;

254 5059 408 5110 labor
434 5066 504 5109 est
528 5056 819 5108 attributum
843 5055 1036 5109 virtutis
1062 5054 1452 5108 constitutivum.
1489 5053 1709 5108 Desidiw
1728 5072 1836 5107 ma-

253 5151 387 5202 lum.
424 5148 678 5218 Nequitia:
706 5149 936 5219 voluptas
966 5147 1152 5209 brevis;
1181 5145 1377 5199 virtutis
1404 5145 1684 5199 immortale
1711 5161 1839 5215 gau-

322 5269 342 5297 ι
380 5270 491 5313 Post
511 5262 616 5311 haec
638 5260 803 5318 verba,
816 5258 909 5310 nisi
930 5257 1299 5320 patientissimus
1312 5257 1492 5320 fidset,
1508 5257 1557 5305 in
1578 5272 1663 5307 sua
1686 5259 1837 5309 inter-

256 5327 543 5392 pretatione
564 5322 727 5382 adjicit
747 5321 825 5391 Fr.
851 5319 1081 5392 Aretinus
1104 5319 1396 5392 somniant
1417 5319 1696 5389 incredibile
1732 5328 1837 5392 erat

256 5380 476 5443 ietiquos
497 5380 699 5447 ingratos
726 5385 938 5447 priorem
957 5383 1096 5447 illum
1129 5382 1320 5447 ingredi
1343 5380 1640 5433 dimissuros.
1670 5385 1761 5433 sed
1784 5386 1836 5433 in

258 5450 420 5500 nullis
441 5445 627 5499 Graecis
658 5446 1022 5506 exemplaribus
1045 5446 1149 5495 haec
1173 5445 1528 5506 exprimuntur.

323 5514 347 5544 ⁸
384 5509 549 5559 Morel.
574 5510 738 5563 habet.
762 5508 1138 5565 misericordem,
1163 5520 1265 5569 pro,
1290 5514 1518 5569 nostrum.

326 5575 351 5606 ³
386 5571 548 5621 Morel.
583 5571 713 5619 hunc
734 5570 891 5620 locum
910 5572 981 5619 sic
1004 5565 1224 5618 effertf...
1248 5574 1469 5619 uirtutem
1487 5565 1620 5617 labor
1642 5567 1834 5618 comite-

258 5644 363 5687 tur.
403 5643 576 5685 rerum
596 5631 875 5683 solutionem
907 5631 1108 5693 accipe:
1136 5630 1273 5693 illam
1303 5630 1447 5689 enim,
1471 5630 1837 5693 vestra:_carita-

257 5699 325 5749 tis
340 5696 525 5756 gratia,
549 5708 675 5744 nunc
699 5693 931 5746 dabimus.
957 5688 1181 5754 Quaenam
1203 5690 1349 5755 igitur
1373 5688 1518 5742 causa
1538 5700 1607 5756 est
1632 5688 1655 5740 ?

328 5752 363 5789 δ’
390 5752 1077 5821 Morel._habet.,..._evasistis.
1099 5752 1278 5821 fuique
1299 5755 1425 5821 quod
1458 5752 1665 5809 restabat
1694 5753 1788 5819 feci
1813 5764 1833 5806 .'

328 5768 351 5789 ι
390 5768 550 5808 Morel.
578 5768 823 5807 nanet.....
850 5768 1077 5806 evastatis.
1114 5768 1184 5803 ua
1221 5768 1278 5803 ue

260 5818 571 5872 circumdedi
594 5832 672 5869 tos
697 5818 935 5869 laboribus
957 5824 1003 5868 et
1017 5768 1291 5868 sudorigus.

588 5916 862 5977 PnnOL.
895 5914 1013 5977 Gn.
1056 5914 1217 5975 LIX.

1217 335 1284 391 IN
1320 334 1632 393 JOANNEM
1672 332 1900 391 HOMIL.
1942 333 2183 390 XXXVI.
2223 335 2298 392 al.
2332 335 2549 393 XXXV.

3392 338 3496 393 206

1922 449 2083 504 dium.
2110 479 2181 490 --
2204 449 2306 506 Sed
2333 467 2447 517 cur,
2481 452 2708 519 inquies,
2735 457 2882 506 tanta
2908 450 3148 520 voluptas
3178 452 3463 520 nequitiam
3482 493 3497 515 ,

1923 551 2101 596 tantus
2146 542 2296 596 labor
2342 552 2396 597 et
2438 543 2601 598 sudor
2642 544 2889 599 virtutem
2944 543 3266 599 comitatur?
3319 543 3499 614 Ecqua

1921 632 2014 687 tibi
2041 633 2208 702 gratia
2238 631 2478 688 habenda
2507 642 2648 689 esset
2674 675 2688 699 ,
2720 644 2773 689 et
2798 634 2951 704 cujus
2980 634 3056 689 rei
3083 633 3381 689 mercedem
3410 649 3502 688 ac-

1922 725 2164 794 ciperes,
2213 727 2311 782 ttisi
2364 727 2625 783 laboriosa
2672 727 2842 783 virtus
2894 727 3074 782 esset?
3118 726 3310 781 Multos
3358 727 3500 782 enim

1923 817 2156 873 indicare
2197 819 2426 887 possim,
2466 819 2554 889 qui
2595 827 2781 874 natura
2820 834 2913 873 sua
2958 819 3241 874 mulierum
3283 817 3503 874 horrent

1922 911 2359 965 consuetudinem
2380 953 2392 974 ,
2428 912 2765 982 ipsarumque
2787 912 3046 982 colloquia
3076 927 3173 967 ceu
3203 927 3315 967 rem
3343 926 3502 965 exse-

1923 1002 2174 1057 crandam
2214 1003 2714 1070 devitautzhosue,
2752 1019 2965 1074 qumso,
3003 1014 3180 1058 castos
3215 1002 3506 1072 appellabi-

1925 1108 2080 1159 mus,
2128 1102 2221 1148 aut
2260 1094 2634 1149 coronabimus
2684 1093 3213 1165 celebrabimusque?
3263 1094 3503 1148 Minime.

1922 1184 2150 1239 Castitas
2176 1186 2317 1241 enim
2348 1195 2430 1241 est
2458 1187 2806 1255 temperantia
2834 1196 2888 1242 et
2917 1202 3086 1257 pugna
3113 1185 3179 1240 ad
3206 1186 3505 1255 voluptates

1923 1279 2269 1346 superandas.
2311 1280 2368 1334 In
2414 1280 2565 1334 bellis
2603 1296 2763 1349 porro
2785 1320 2802 1347 ,
2833 1280 2922 1333 ubi
2953 1279 3353 1334 vehementiora
3382 1287 3508 1333 sunt

1924 1372 2217 1426 certamina
2243 1414 2258 1438 ,
2305 1374 2374 1426 ibi
2424 1381 2621 1443 tropaea
2664 1373 3023 1442 splendidiora
3077 1391 3090 1427 :
3134 1388 3287 1428 secus
3330 1388 3459 1427 vero
3484 1413 3502 1439 ,

1925 1462 2138 1532 quando
2173 1480 2331 1517 nemo
2368 1466 2583 1519 resistit.
2616 1465 2753 1520 Sunt
2791 1466 2942 1519 multi
2982 1476 3167 1520 natura
3205 1465 3501 1521 socordes:

1925 1552 2095 1607 hosne
2126 1564 2429 1610 mansuetos
2453 1555 2733 1611 dicemus?
2761 1555 2995 1612 Minime.
3028 1555 3229 1611 Idcirco
3258 1556 3504 1611 Christus

1928 1643 2095 1698 tribus
2126 1644 2410 1714 propositis
2448 1646 2809 1701 cunuchorum
2853 1647 3172 1716 generibus,
3201 1646 3336 1701 duos
3363 1647 3508 1701 ἰιιίεοο

1926 1745 2144 1790 ronatos
2183 1736 2468 1807 relinquit,
2499 1752 2660 1790 unum
2700 1738 2753 1790 in
2796 1754 3017 1807 regnum
3063 1739 3264 1793 inducit
3287 1736 3504 1809 (Matth.

1927 1830 2016 1885 19.
2045 1829 2158 1897 12).
2188 1828 2324 1896 Sed,
2353 1829 2593 1899 inquies,
2622 1828 2747 1899 quid
2775 1843 2909 1898 opus
2937 1838 3015 1884 est
3044 1830 3282 1885 malitia?
3314 1830 3421 1885 Hoc
3451 1844 3506 1883 et

1928 1937 2026 1992 ego
2065 1921 2205 1977 dico.
2247 1922 2439 1992 Ecquis
2479 1936 2606 1992 ergo
2647 1922 2895 1992 nequitia:
2935 1921 3150 1991 epifex?
3189 1923 3324 1990 Quid
3364 1922 3508 1976 aliud

1928 2028 2087 2083 quam
2117 2014 2322 2084 ignavia
2349 2028 2466 2083 quae
2488 2029 2555 2067 ex
2584 2014 2855 2067 voluntate
2882 2012 3271 2082 proficiscitur?
3297 2015 3365 2066 At
3385 2055 3398 2077 ,
3429 2013 3511 2066 in-

1928 2107 2118 2176 quies,
2164 2106 2334 2161 bonos
2380 2115 2583 2161 tantum
2625 2121 2744 2161 esse
2788 2116 3078 2176 oporteret.
3126 2107 3325 2176 Ecquid
3372 2107 3513 2161 bono

1932 2200 2201 2268 proprium
2227 2240 2242 2265 ,
2273 2215 2338 2254 an
2370 2201 2729 2255 continentem
2761 2215 2881 2256 csse
2906 2213 2960 2256 et
2988 2201 3206 2271 vigilare
3228 2243 3243 2265 ,
3275 2217 3340 2254 an
3381 2201 3511 2255 dor-

1931 2292 2066 2347 mire
2095 2301 2149 2347 et
2185 2292 2451 2346 stertere?
2481 2293 2544 2346 Et
2573 2308 2669 2347 cur
2691 2334 2706 2360 ,
2742 2294 2949 2363 inquies
2973 2334 2988 2357 ,
3020 2308 3125 2347 non
3159 2294 3226 2347 ita
3258 2301 3513 2348 statutum

1931 2393 2014 2438 est
2036 2425 2051 2449 ,
2078 2392 2138 2438 ut
2175 2383 2293 2439 sine
2337 2384 2519 2439 labore
2560 2394 2704 2439 recte
2742 2383 3130 2454 operaremur?
3157 2385 3319 2452 Digna
3351 2385 3513 2439 verba

1933 2476 2213 2548 pecoribus
2257 2487 2415 2548 atque
2456 2479 2521 2532 iis
2561 2478 2649 2544 qui
2689 2488 2930 2533 ventrem
2974 2477 3133 2533 deum
3163 2476 3511 2532 arbitrantur.

1934 2570 2003 2627 Ut
2040 2570 2217 2627 discas
2258 2571 2398 2625 enim
2448 2570 2561 2625 haec
2588 2571 2747 2625 verba
2779 2570 3026 2624 inertium
3055 2585 3215 2636 esse,
3247 2571 3513 2640 responde

1935 2666 2085 2721 mihi.
2118 2667 2385 2721 Ponamus
2414 2680 2534 2721 esse
2561 2680 2737 2735 regem
2769 2675 2821 2719 et
2846 2664 3054 2728 ducem,
3083 2678 3208 2733 rege
3236 2679 3364 2718 vero
3391 2662 3515 2717 dor-

1935 2761 2133 2814 miente
2170 2769 2225 2814 et
2251 2759 2493 2814 ebrietati
2527 2773 2745 2829 operam
2776 2758 2967 2824 dante,
2998 2758 3187 2813 ducem
3214 2772 3406 2827 magno
3438 2758 3517 2810 la-

1936 2852 2066 2907 bore
2096 2863 2291 2921 tropaea
2323 2852 2558 2907 erexisse
2590 2871 2605 2906 :
2633 2851 2717 2905 cui
2744 2851 3017 2905 victoriam
3045 2847 3372 2921 imputares?
3397 2860 3517 2903 uter

1937 2960 2037 3014 pro
2063 2960 2119 2999 re
2142 2955 2291 3014 gesta
2315 2943 2598 3013 voluptatis
2624 2942 2849 2997 fructum
2876 2939 3167 3012 decerpat?
3196 2940 3377 2994 Viden‘
3401 2940 3518 2993 ani-

1937 3052 2081 3091 mum
2111 3036 2251 3091 circa
2285 3036 2369 3090 illa
2401 3035 2567 3106 magis
2595 3034 2842 3089 all‘ectum
2871 3048 3013 3099 esse,
3040 3047 3159 3102 quae
3187 3047 3308 3086 eum
3338 3030 3518 3085 labore

1938 3128 2181 3199 peperit?
2222 3127 2343 3182 Ideo
2380 3127 2470 3182 ille
2499 3126 2677 3181 virtuti
2719 3125 2929 3180 labores
2959 3123 3239 3179 admiscuit
3265 3165 3281 3187 ,
3312 3131 3367 3177 ut
3396 3122 3515 3177 ani-

1937 3238 2076 3275 mam
2108 3222 2285 3276 virtuti
2312 3220 2688 3275 assuefaceret.
2719 3219 2921 3273 Idcirco
2947 3219 3195 3272 virtutem
3223 3217 3514 3279 miramur,

1938 3314 2062 3369 licet
2085 3314 2226 3367 illam
2250 3328 2355 3368 non
2378 3321 2670 3376 sectemur;
2702 3311 2988 3381 nequitiam
3012 3325 3159 3376 vero,
3184 3310 3281 3363 etsi
3309 3309 3515 3364 suavis-

1938 3406 2126 3461 simam
2148 3447 2163 3472 ,
2191 3404 2526 3459 damnamus.
2552 3402 2703 3470 Quod
2732 3403 2775 3456 si
2806 3400 3003 3457 dixeris
3033 3417 3045 3453 :
3074 3398 3180 3455 Cur
3208 3414 3313 3454 non
3346 3401 3521 3469 potius

1938 3514 2031 3555 eos
2060 3500 2316 3554 miramur
2342 3499 2427 3568 qui
2461 3507 2651 3551 natura
2681 3497 2803 3552 boni
2832 3506 2972 3559 sunt,
3002 3510 3159 3565 quam
3186 3509 3280 3550 eos
3307 3493 3395 3563 qui
3424 3508 3520 3544 vo-

1939 3590 2181 3645 luntate?
2207 3591 2331 3661 quia
2369 3590 2571 3659 justum
2609 3596 2691 3642 est
2736 3588 3063 3643 laborantem
3112 3601 3217 3640 non
3259 3584 3521 3639 laboranti

1937 3681 2225 3737 anteferre.
2268 3681 2337 3735 Et
2363 3695 2529 3751 quare
2551 3720 2568 3745 ,
2595 3679 2771 3748 inquis
2793 3720 2809 3744 ,
2842 3693 2985 3732 nunc
3014 3676 3352 3731 laboramus?
3387 3675 3521 3743 Quia

1938 3791 2045 3831 non
2086 3775 2425 3839 laborantes,
2462 3770 2737 3826 moderate
2775 3786 2878 3823 non
2918 3769 3140 3838 egimus.
3184 3767 3296 3821 Imo
3321 3782 3450 3821 vero
3474 3766 3523 3820 si

1938 3867 2058 3937 quis
2094 3881 2207 3920 rem
2235 3863 2534 3919 accuratius
2561 3863 2803 3932 exploret
2827 3903 2841 3926 ,
2874 3860 3165 3915 aliomodo
3192 3874 3290 3914 nos
3318 3858 3523 3915 desidia

1938 3959 2162 4031 perdere
2182 3959 2337 4021 solet,
2360 3957 2693 4026 multumque
2715 3955 2911 4010 laboris
2932 3953 3146 4009 inferre.
3170 3953 3236 4008 Et
3255 3953 3300 4008 si
3322 3953 3516 4022 placet,

1940 4052 2275 4106 includamus
2300 4049 2568 4105 hominem
2591 4091 2604 4114 ,
2632 4049 2802 4103 solum
2830 4048 3033 4102 alamus
3053 4090 3066 4106 .
3096 4047 3402 4117 ventrisque
3423 4062 3519 4098 vo-

1940 4145 2142 4213 luptate
2180 4142 2467 4197 obruamus
2490 4182 2506 4209 ,
2534 4157 2632 4196 nec
2661 4140 2931 4195 ambulare
2954 4182 2968 4205 ,
3001 4155 3100 4195 nec
3136 4138 3349 4209 aliquod
3389 4154 3523 4208 opus

1940 4250 2192 4290 exercere
2216 4235 2488 4298 sinamus;
2522 4232 2613 4287 sed
2646 4247 2827 4287 mensa
2860 4231 3094 4295 fruatur,
3124 4232 3295 4296 lecto,
3328 4246 3522 4301 perpe-

1942 4328 2149 4397 tuisque
2187 4326 2390 4381 deliciis
2423 4345 2435 4381 :
2468 4325 2591 4395 quid
2633 4323 2733 4379 hac
2770 4325 2873 4378 vita
2920 4323 3275 4377 miserabilius
3319 4320 3524 4376 fuerit?

1941 4423 2011 4475 At
2038 4418 2182 4475 aliud
2208 4427 2290 4473 est
2314 4418 2523 4488 operari
2550 4459 2566 4485 ,
2599 4417 2802 4486 inquies
2825 4458 2838 4479 ,
2871 4415 3016 4469 aliud
3044 4415 3291 4468 laborare
3323 4432 3336 4466 :
3366 4421 3522 4482 pole-

1941 4524 2131 4584 ratque
2164 4513 2316 4567 initio
2346 4511 2506 4565 homo
2530 4511 2736 4579 operari
2766 4511 2881 4563 sine
2908 4509 3107 4563 labore.
3146 4509 3335 4561 Annon
3368 4516 3522 4576 pote-

1941 4607 2058 4661 rat?
2102 4605 2212 4658 Imo
2240 4611 2479 4674 poterat;
2522 4610 2575 4656 et
2618 4602 2688 4655 ita
2726 4600 2866 4655 Deus
2904 4599 3153 4663 volebat,
3185 4596 3279 4651 sed
3320 4604 3376 4651 tu
3413 4612 3521 4651 non

1941 4711 2130 4767 passus
2156 4712 2234 4751 es.
2262 4694 2459 4751 Statuit
2484 4694 2624 4748 enim
2655 4703 2706 4748 te
2732 4701 2786 4746 ut
2809 4690 3109 4762 paradisum
3136 4689 3361 4755 celeres,
3386 4702 3523 4757 Opus

1942 4789 2033 4844 tibi
2064 4789 2310 4859 injunxit,
2334 4787 2427 4842 sed
2454 4785 2691 4840 laborem
2714 4799 2818 4838 non
2846 4781 3146 4859 admiscuit.
3172 4780 3354 4850 Neque
3374 4780 3518 4835 enim

1942 4882 1985 4935 si
2023 4855 2172 4934 initio
2205 4878 2496 4933 laborasset
2538 4877 2699 4931 homo
2722 4916 2737 4937 ,
2766 4855 2877 4930 hoc
2904 4874 2979 4929 illi
3010 4874 3062 4928 in
3092 4888 3305 4942 poenam
3332 4881 3521 4942 postea

1943 4975 2234 5029 statuisset.
2276 4972 2462 5027 Potest
2498 4971 2640 5026 enim
2671 4969 2788 5040 quis
2816 4967 2970 5022 simul
3001 4975 3055 5022 et
3087 4966 3299 5035 operari
3328 4973 3384 5019 ct
3412 4978 3522 5019 non

1945 5068 2207 5130 laborare,
2240 5062 2685 5134 quemadmodum
2717 5060 2908 5130 angeli.
2936 5058 3089 5126 Quod
3114 5059 3256 5113 enim
3285 5072 3522 5128 operen-

1886 5230 1889 5233 _
1945 5170 2028 5213 tur
2044 5159 2163 5211 audi
2186 5175 2197 5210 :
2223 5156 2455 5209 Potentes
2476 5156 2671 5219 uirtute,
2697 5155 2931 5225 facientes
2956 5150 3159 5204 verbum
3182 5150 3320 5204 illius
3340 5147 3519 5217 (Psal.

1945 5253 2068 5307 102.
2094 5251 2164 5306 20
2185 5249 2227 5322 ).
2255 5249 2405 5304 Nunc
2430 5258 2577 5304 certe
2604 5247 2840 5300 minores
2870 5244 3008 5298 vires
3038 5257 3255 5313 gravem
3282 5240 3524 5295 efliciunt

1944 5348 2214 5409 laborem;
2246 5353 2371 5398 tunc
2408 5356 2535 5396 vero
2564 5356 2719 5395 secus
2757 5356 2844 5394 res
2882 5354 2942 5394 se
2980 5336 3229 5392 habebat.
3268 5333 3399 5388 Nam
3430 5332 3518 5402 qui

1944 5439 2215 5508 ingressus
2244 5446 2327 5489 est
2358 5435 2409 5488 in
2441 5433 2677 5502 requiem
2710 5446 2882 5496 suam,
2913 5428 3190 5497 Requievit,
3220 5423 3423 5495 inquit,
3455 5425 3519 5477 ab

1942 5530 2173 5601 operibus
2201 5530 2303 5583 suis
2332 5526 2352 5601 (
2377 5525 2535 5579 Hebr.
2564 5526 2617 5579 4.
2646 5525 2679 5579 ὁ
2700 5521 2742 5595 ),
2773 5524 2908 5577 sicut
2932 5530 2987 5575 et
3013 5535 3042 5572 a
3071 5519 3179 5573 suis
3206 5517 3367 5571 Deus.
3400 5513 3517 5568 Non

1942 5622 2198 5678 desidiam
2229 5620 2316 5673 hic
2339 5618 2622 5688 significat,
2650 5615 2743 5669 sed
2770 5614 3005 5668 laborem
3035 5626 3141 5665 non
3171 5606 3368 5662 fuisse!
3381 5604 3518 5660 Nam

1942 5715 2083 5769 Deus
2109 5712 2267 5767 etiam
2308 5724 2448 5765 nunc
2474 5716 2755 5778 operatur,
2799 5714 2856 5759 ut
2889 5703 3135 5759 Christus
3159 5698 3289 5754 dicit
3314 5716 3330 5752 :
3360 5695 3535 5777 Pater

1944 5822 2083 5864 meus
2108 5819 2262 5875 usque
2288 5801 2434 5858 modo
2459 5810 2714 5874 operatur.
2734 5807 2781 5853 et
2804 5813 2894 5860 ego
2919 5812 3096 5867 operor
3114 5792 3294 5859 (Joan.
3317 5791 3370 5849 5.
3398 5791 3515 5863 17).

3116 5890 3192 5952 13
