4100 6364
319 382 424 437 207

307 491 638 565 χρημάτων
668 495 729 548 οὑ
760 494 1020 549 παύονται
1045 496 1153 567 γὰρ
1190 497 1313 550 καθ’
1338 497 1555 568 ἡμέραν
1601 497 1869 568 γηρῶσαι.

310 580 472 630 Ὅταν
518 576 578 629 δὲ
623 577 717 630 καὶ
762 578 979 642 κόλασις
1108 580 1201 632 καὶ
1222 580 1478 650 τιμωρία,
1508 579 1557 631 τί
1587 579 1780 647 γένοιτ’
1809 580 1873 635 ἂν

305 658 629 728 ἀθλιώτερον
646 659 755 713 τῶν
772 661 974 731 ταύτην
998 662 1315 731 μετιόντων;
1341 661 1521 715 Ταῦτα
1542 656 1634 713 οὖν
1654 661 1874 725 εἰδότες,

305 742 517 796 ἃπαντα
544 741 683 813 ὑπὲρ
708 745 807 815 τῆς
832 745 1033 815 ἀρετῆς
1054 744 1434 815 ὑπομένωμεν.
1466 743 1621 797 Οὕτω
1654 744 1760 816 γὰρ
1783 747 1877 799 καὶ

309 963 1962 985 um

1224 382 1291 438 IN
1326 384 1639 441 JOANNEM
1677 384 1908 441 HOMIL.
1951 386 2212 442 XXXVII.
2253 389 2323 443 al.
2364 387 2602 442 XXXVI.

3445 385 3549 440 208

1977 499 2076 569 τῆς
2106 499 2335 569 ἀληθοῦς
2368 501 2559 571 ἡδονῆς
2583 499 2978 569 ἀπολαύσομεν,
3015 517 3194 571 χάριτι
3230 499 3322 553 καὶ
3359 498 3551 567 φιλαν-

1981 579 2195 653 θρωπίᾳ
2217 583 2309 635 τοῦ
2336 585 2541 651 Κυρίου
2565 583 2720 654 ήμῶν
2752 583 2925 653 Ἰησοῦ
2958 583 3213 654 Χριστοῦ,
3245 581 3361 653 μεθ’
3386 577 3447 635 οῦ
3475 581 3554 652 τῷ

1982 664 2156 735 Πατρὶ
2182 666 2215 735 ἡ
2249 664 2395 728 δόξα,
2429 664 2543 735 ἅμα
2572 665 2649 734 τῷ
2682 665 2822 736 ἀγίῳ
2846 665 3141 735 Πνεύματι,
3166 667 3244 729 είς
3269 665 3394 730 τοὺς
3415 664 3551 717 αἰῶ·

1982 764 2078 810 νας
2102 746 2209 801 τῶν
2238 746 2468 802 αἰώνων.
2487 749 2658 817 Ἀμήν

1681 1127 1834 1200 [ειι]
1876 1128 2111 1182 ΟΜΙΛΙΑ
2156 1130 2277 1184 ΛΖ¹.

305 1306 468 1397 Δέγει
486 1302 647 1369 αὐτῷ
670 1306 703 1358 ὁ
738 1302 1004 1382 Ἰησοῦς·
1031 1321 1051 1354 ‹
1077 1298 1279 1381 Θένζεις
1308 1300 1481 1370 ὑγιὴς
1509 1300 1824 1370 τενέσθαις
1855 1319 1874 1353 ι

392 1377 689 1428 Απεκοίθη
718 1377 878 1428 αὺτω
910 1377 944 1427 ὀ
976 1373 1250 1426 ἁσθενων
1270 1387 1284 1400 ·
1314 1390 1332 1421 ι
1367 1370 1498 1428 Ναί.
1531 1372 1707 1428 Κύριε
1731 1386 1744 1400 ·
1778 1371 1874 1424 ἅν-

386 1382 689 1443 Ἆπεχρίθη
718 1382 878 1438 αῠτῳ
910 1382 944 1427 ό
976 1382 1250 1426 ἀσθενων
1270 1387 1284 1400 ·
1314 1390 1332 1421 ι
1367 1382 1498 1436 Ναὶ,
1531 1382 1707 1438 Κύριε
1731 1386 1744 1400 ·
1778 1382 1882 1424 dr-

372 1449 609 1513 θρωπον
627 1443 694 1496 δὲ
721 1446 832 1497 οὐκ
853 1442 992 1510 ἔχω,
1016 1443 1136 1501 ἵνα,
1165 1442 1309 1513 όταν
1332 1441 1597 1510 ταραχθῇ
1617 1440 1683 1494 τὸ
1699 1440 1876 1509 ὕδωρ,

368 1511 535 1585 βάλῃ
563 1531 641 1584 με
666 1517 753 1578 είς
776 1513 890 1583 τὴν
922 1511 1360 1581 κολυμϐήθραν.
1399 1530 1418 1563 ι

378 1671 444 1718 α’.
465 1663 625 1731 Μέγα
649 1661 757 1714 τῶν
777 1660 935 1715 θείων
958 1660 1191 1732 Γραφῶν
1216 1661 1276 1714 τὸ
1300 1660 1511 1732 κέρδος,
1537 1659 1631 1713 καὶ
1653 1658 1882 1730 διαρκὴς

306 1756 338 1825 ἡ
369 1756 427 1821 ἐξ
457 1753 638 1807 αὑτῶν
653 1752 911 1821 ὠφέλεια.
939 1752 1049 1805 Καὶ
1076 1751 1233 1804 τοῦτο
1250 1751 1462 1814 δεικνὺς
1480 1752 1507 1804 6
1540 1750 1749 1815 Παῦλος
1770 1750 1882 1803 ἐλε-

304 1867 398 1918 γεν
418 1866 432 1878 ⁸
466 1849 626 1901 Ὅσα
652 1847 761 1917 γάρ
786 1844 1147 1914 προεγράφη,
1177 1847 1263 1909 είς
1300 1844 1625 1897 νουθεσίαν
1652 1856 1679 1883 α
1712 1841 1882 1912 ἡμῶν

306 1935 668 2005 προεγράφη,
701 1936 787 2000 είς
824 1933 930 1998 οὓς
960 1933 1031 1985 τὰ
1058 1931 1200 1999 τέλη
1230 1928 1348 1983 τῶν
1391 1928 1619 1983 αἰώνων
1663 1927 1879 1993 κατήν-

303 2044 521 2095 τησεν’
553 2028 656 2080 ἵνα
691 2025 789 2078 διὰ
818 2025 928 2092 τῆς
961 2021 1275 2091 ὑπομονῆς
1302 2020 1400 2074 καὶ
1435 2020 1543 2088 τῆς
1573 2018 1881 2088 παρακλή-

304 2138 459 2186 σεως
485 2119 606 2172 τῶν
635 2117 889 2187 Γραφῶν
917 2115 1030 2183 τὴν
1063 2114 1276 2169 ἐλπίδα
1319 2115 1565 2183 ἔχωμεν.
1611 2113 1880 2166 Παντοδα-

305 2212 421 2265 πῶν
448 2211 559 2279 γάρ
594 2211 710 2262 ἐστι
758 2207 1064 2280 φαρμάκων
1113 2204 1386 2275 θησαυρὸς
1438 2203 1506 2256 τά
1533 2203 1651 2257 θεῖα
1686 2204 1841 2272 λόγια
1863 2218 1878 2233 ο

304 2304 442 2357 ὥστε
478 2301 583 2354 κᾶν
617 2302 873 2354 ἀπόνοιαν
904 2297 1092 2351 σϐέσαι
1120 2296 1234 2369 δέῃ,
1263 2295 1365 2349 κάν
1393 2294 1686 2365 ἐπιθυμίαν
1703 2295 1882 2365 κοιμί-

306 2414 418 2460 σαι,
443 2393 547 2447 κάν
569 2393 660 2445 τὸν
687 2392 795 2445 τῶν
824 2390 1122 2462 χρημάτων
1146 2387 1529 2457 καταπατῆσαι
1550 2385 1749 2457 ἔρωτα,
1779 2384 1881 2438 κᾶν

304 2488 496 2557 ὀδύνην
518 2486 813 2557 ὑπεριδεῖν,
846 2483 947 2537 κᾶν
974 2482 1235 2553 εὐθυμίαν
1268 2480 1521 2543 ἐνθεῖναι,
1558 2478 1652 2534 καὶ
1675 2478 1883 2549 ὑπομοο

305 2581 400 2650 νὴν
428 2578 857 2640 κατασκευάσαι,
889 2576 1089 2649 πολλὴν
1126 2573 1373 2628 ἐντεῦθεν
1398 2573 1464 2626 ἄν
1488 2588 1571 2635 τις
1598 2569 1745 2641 εὖροι
1786 2569 1882 2640 τὴν

305 2672 582 2741 ἀφορμήν.
614 2668 709 2733 Τίς
736 2666 894 2740 γάρῆ
928 2665 1037 2719 τῶν
1067 2665 1227 2736 πενίᾳ
1252 2664 1438 2735 μακρᾷ
1466 2660 1823 2723 παλαιόντων,
1849 2659 1881 2730 ἢ

306 2762 411 2815 τῶν
438 2761 583 2830 νόσῳ
608 2759 815 2829 χαλεπῇ
846 2755 1269 2828 κεκρατημένων
1292 2754 1342 2814 b,
1371 2751 1635 2821 ἀναγνοὺς
1663 2750 1723 2803 τὸ
1750 2767 1883 2821 προ-

307 2855 559 2925 κείμενον
594 2850 814 2922 χωρίον,
837 2850 896 2901 οὑ
920 2847 1121 2915 πολλὴν
1139 2845 1347 2910 δέξεται
1372 2843 1469 2915 τὴν
1499 2840 1849 2925 παράκλησιν
1866 2858 1880 2907 ;

307 2922 619 3018 Τρίάκοντα
650 2942 760 3012 γάρ
795 2940 888 2994 καὶ
934 2937 1079 2992 ὀκτὼ
1105 2936 1199 3007 ἐτη
1236 2934 1541 3007 παράλυτος
1589 2932 1763 3002 μένων
1794 2922 1885 2982 οῦ-

308 3057 397 3103 τος
424 3049 474 3100 °,
505 3036 603 3091 καὶ
630 3032 749 3088 καθ’
778 3033 1007 3085 ’ἑκαστον
1038 3030 1154 3093 ἔτος
1186 3028 1403 3099 ἐτέρους
1434 3025 1530 3095 μὲν
1557 3022 1887 3077 ἀπαλλαττο-

312 3132 509 3201 μένους
530 3126 695 3199 όρῶν,
722 3124 911 3178 ἐαυτὸν
960 3122 1017 3176 δέ
1062 3119 1424 3191 κατεχόμενον
1474 3115 1552 3187 τῷ
1599 3119 1883 3185 νοσήματι,

309 3222 431 3275 οὑδὲ
459 3219 633 3280 οὕτως
667 3216 898 3270 ἀνέπεσε
930 3215 1024 3267 καὶ
1054 3212 1275 3280 ἀπέγνω
1297 3228 1310 3241 ·
1344 3210 1519 3263 καίτοι
1547 3226 1611 3277 γε
1636 3209 1695 3261 οὑ
1728 3209 1888 3278 μόνον

312 3314 345 3383 ἠ
380 3313 492 3364 τῶν
512 3307 891 3380 παρελθόντων
923 3305 1149 3374 ἀθυμία,
1180 3302 1317 3356 ἀλλά
1339 3302 1432 3355 καὶ
1463 3303 1495 3372 ή
1529 3300 1637 3353 τῶν
1671 3300 1889 3371 μελλόν-

312 3422 421 3464 των
452 3400 774 3456 ἀνελπιστία
803 3397 959 3467 ἱκανὴ
992 3392 1059 3467 ἦν
1080 3395 1239 3449 αὑτὸν
1270 3396 1584 3447 κατατεῖναι
1614 3392 1664 3445 ά.
1692 3392 1890 3444 Ἀκου-

314 3516 407 3552 σον
438 3497 571 3567 γοῦν
609 3490 696 3548 οἶά
724 3512 877 3564 φησι,
905 3493 999 3547 καὶ
1024 3491 1160 3562 μάθε
1188 3492 1285 3562 τῆς
1310 3490 1615 3563 τραγῳδίας
1645 3489 1703 3541 τὸ
1732 3488 1891 3559 μέγε-

314 3590 425 3652 θος.
486 3587 706 3658 Ἐπειδὴ
758 3585 867 3656 γὰρ
898 3579 1049 3637 εἶπεν
1097 3585 1125 3636 6
1160 3583 1416 3653 Χριστὸς,
1471 3580 1673 3644 Θέλεις
1716 3578 1892 3647 ὑγιὴς

312 3678 787 3751 τενέσθαι;Ναὶ,
815 3677 1010 3744 Κύριε,
1053 3674 1359 3745 ἀπεκρίθηο
1411 3673 1545 3727 ἀλλ’
1583 3671 1893 3738 ἄνθρωπον

314 3775 427 3827 οὐκ
455 3773 598 3842 ἔχω,
625 3772 747 3833 ἵνα,
773 3768 919 3822 ὅταν
941 3764 1207 3834 ταραχθῇ
1239 3765 1308 3818 τὸ
1328 3764 1505 3830 ὕδωρ,
1525 3760 1692 3829 βάλῃ
1711 3777 1787 3829 με
1805 3762 1891 3824 είς

314 3864 431 3931 τὴν
449 3860 894 3930 κολυμϐήθραν.
924 3858 988 3910 Τί
1008 3857 1211 3910 τούτων
1244 3855 1350 3909 τῶν
1385 3854 1642 3926 ῥημάτων
1664 3852 1889 3906 ἐλεεινό-

316 3972 471 4026 τερον
506 3950 706 4018 γένοιτ⁸
736 3952 800 4005 ἄν
825 3969 840 4018 ;
867 3949 919 4002 τί
966 3949 1071 4001 τῶν
1109 3947 1447 4019 πραγμάτων
1494 3944 1893 4016 περιπαθέστε-

320 4063 410 4115 ρον
436 4062 451 4108 ;
476 4039 633 4105 Εἶδες
650 4042 873 4114 καρδίαν
899 4050 922 4078 ο
945 4038 1409 4109 συντετριμμένην
1436 4036 1539 4088 ὑπὸ
1555 4035 1654 4103 τῆς
1680 4033 1896 4103 μακρᾶς

317 4133 662 4206 ἀρῤωστίας;
702 4128 837 4193 εἶδες
863 4133 1038 4183 πᾶσαν
1070 4128 1379 4199 φλεγμονὴν
1424 4126 1893 4194 κατεσταλμένην;

317 4226 453 4280 Οὑδέ
483 4226 595 4294 γάρ
617 4222 915 4292 ἐφθέγξατὸ
947 4240 999 4274 τι
1026 4220 1361 4291 βλάσφημον,
1391 4214 1478 4271 οἷα
1498 4219 1623 4278 τοὺς
1666 4215 1894 4277 πολλοὺς

313 4316 589 4383 ἀκούομεν
609 4316 667 4365 ἐν
690 4315 811 4375 ταῖς
830 4311 1212 4382 περιστάσεσιν
1232 4326 1246 4339 ο
1273 4310 1334 4362 οὑ
1366 4308 1714 4379 κατηράσατο
1731 4306 1892 4359 αὑτοῦ

313 4407 415 4476 τὴν
445 4406 682 4476 ἡμέραν,
710 4404 810 4456 οὑκ
838 4402 1157 4472 ἐδυσχέρανε
1188 4400 1323 4472 πρὸς
1350 4400 1448 4470 τὴν
1475 4398 1755 4469 ἐρώτησιν,
1775 4396 1895 4450 οὑδέ

314 4495 441 4552 εἷπε
464 4515 479 4528 ·
512 4494 775 4566 Διασῦραι
804 4495 949 4565 ἡμᾶς
974 4492 1350 4564 παραγέγονας
1401 4492 1494 4544 καὶ
1545 4492 1894 4562 κωμῳδῆσαι,

314 4593 403 4643 ὅτι
441 4589 678 4659 ἐρωτᾷς,
705 4588 752 4640 εί
774 4586 911 4639 θέλω
948 4585 1106 4655 ὑγιὴς
1131 4583 1381 4654 γενέσθαι
1398 4600 1411 4613 ·
1435 4582 1567 4637 ἀλλά
1595 4583 1780 4655 πράως
1803 4583 1897 4635 καὶ

320 4681 446 4751 μετ’
473 4678 774 4740 ἐπιεικείας
804 4676 1023 4747 πολλῆς,
1053 4674 1189 4741 Ναὶ,
1216 4676 1411 4742 Κύριε.
1451 4673 1641 4727 Καίτοι
1680 4690 1742 4741 γε
1776 4672 1896 4725 οὑδέ

318 4772 440 4841 ᾔδει
466 4770 550 4831 τίς
573 4786 703 4822 ποτε
731 4763 799 4839 ἦν
823 4768 851 4820 6
880 4766 1119 4838 ἐρωτῶν,
1156 4766 1275 4819 οὑδέ
1300 4766 1383 4819 ὅτι
1419 4763 1774 4835 θεραπεύσειν
1802 4765 1898 4817 αὑ-

316 4864 415 4916 τὸν
442 4860 707 4931 ἔμελλεν·
762 4858 875 4913 ἀλλ’
927 4859 1077 4929 ὅμως
1135 4856 1271 4928 μετὰ
1333 4855 1630 4919 ἐπιεικείας
1682 4854 1898 4908 ἅπαντα

317 4956 615 5024 διηγεῖται,
644 4952 737 5004 καὶ
775 4950 934 5003 πλέον
960 4949 1111 5001 οὑδέν
1157 4951 1395 5009 ἀπαιτεῖ,
1430 4947 1504 5010 ὡς
1532 4948 1668 5018 πρὸς
1712 4947 1894 5017 ίατρὸν

318 5042 717 5111 φθεγγόμενος,
747 5038 919 5092 καὶτὸ
942 5037 1112 5099 πάθος
1143 5037 1470 5104 ἀπαγγεῖλαι
1507 5035 1664 5105 μόνον
1709 5032 1890 5103 βουλό-

322 5150 510 5204 μενος.
534 5130 903 5201 Προσεδὸκησε
934 5128 1043 5199 γὰρ
1069 5127 1197 5190 ἴσως
1230 5129 1307 5189 είς
1326 5125 1483 5179 τοῦτο
1503 5124 1893 5196 χρησιμεύσειν

318 5222 476 5292 αὑτῷ
510 5223 599 5275 τὸν
632 5220 882 5293 Χριστὸν,
913 5220 993 5283 είς
1016 5218 1077 5271 τὸ
1112 5217 1366 5289 ἐμϐαλεῖν
1400 5218 1476 5279 είς
1504 5216 1565 5268 τὸ
1605 5214 1768 5284 ὔδωρ,
1801 5213 1895 5266 καὶ

317 5315 415 5369 διὰ
436 5314 641 5366 τούτων
661 5311 821 5365 αὑτὸν
853 5309 1252 5364 ἐπισπάσασθαι
1283 5307 1388 5361 τῶν
1422 5308 1679 5378 ῥημάτων
1713 5305 1896 5376 βούλε-

316 5424 438 5460 ται.
471 5405 537 5457 Τί
565 5400 657 5458 οὖν
688 5406 717 5457 6
749 5403 1016 5473 Χριστόςς
1053 5402 1274 5464 Δεικνὺς
1303 5401 1384 5453 ὅτι
1428 5400 1573 5468 λόγῳ
1605 5399 1781 5450 πάντα
1809 5395 1900 5448 δύ-

317 5516 485 5552 ναται
516 5497 988 5566 ποιεῖν,Ἔγειραι,
1014 5493 1193 5565 φησὶν,
1216 5487 1363 5562 ἆρον
1396 5491 1413 5531 ί
1440 5491 1548 5543 τὸν
1576 5489 1902 5558 κράϐϐατόν

317 5609 468 5650 σου,
506 5591 603 5643 καὶ
640 5588 962 5657 περιπάτει.
995 5587 1148 5650 Τινὲς
1199 5587 1295 5656 μὲν
1338 5580 1429 5638 οὖν
1486 5582 1687 5637 οἴονται
1716 5581 1901 5634 τοῦτον

317 5679 467 5738 εἶναι
490 5683 583 5735 τὸν
626 5683 682 5735 ἐν
714 5679 793 5751 τῷ
834 5678 1093 5748 Ματθαίῳ
1132 5678 1399 5747 κείμενον.
1446 5675 1583 5726 Ἀλλ’
1614 5674 1713 5726 οὐκ
1750 5672 1896 5725 ἐστι·

387 5889 416 5917 ⁸
442 5886 613 5935 Morel.
634 5887 750 5948 πρὸς
768 5885 1027 5948 νουθεσίανέ
1083 5882 1112 5922 b
1136 5882 1283 5932 Savil.
1301 5884 1482 5945 χαλεπῇ
1503 5884 1897 5948 προσηλωμένων.

322 5954 347 5982 ε
390 5950 538 5998 Savil.
562 5946 940 6009 παραλελυμένος
974 5946 1134 6002 οὗτος·
1160 5951 1209 5993 et
1232 5948 1376 6009 paujp
1399 5952 1507 6005 post
1523 5946 1666 6009 ῥρῶν,
1688 5946 1826 6009 αὑτὸν
1851 5947 1900 5993 δὲ

319 6013 587 6070 δεδεμένον.
637 6006 677 6073 id
708 6006 1200 6073 Μοίρι-καταινέσαι.
1272 6020 1300 6073 υ.
1324 6006 1472 6054 Morel
1634 6006 1895 6073 καρτερίαν.

325 6074 347 6112 τ
381 6067 524 6123 δέγιι.
557 6075 583 6119 6
609 6071 844 6133 Χριστὸς;
886 6068 1111 6131 Ἐγερθεὶς
1133 6069 1262 6129 ἆρον,
1289 6067 1593 6117 intermeans
1624 6067 1835 6117 omissis.

1982 1305 2130 1378 [212]
2162 1305 2256 1359 καὶ
2286 1306 2442 1360 τοῦτο
2464 1306 2791 1377 πολλαχόθεν
2828 1306 2985 1377 δῆλόν
3028 1308 3166 1361 ἐστι.
3197 1307 3308 1362 Καὶ
3338 1308 3553 1381 πρῶτον

1984 1398 2082 1468 μὲν
2130 1392 2238 1451 ἀπὸ
2283 1400 2380 1468 τῆς
2436 1398 2669 1469 ἐρημίας
2702 1398 2807 1450 τῶν
2839 1397 3269 1467 προϊσταμένων.
3318 1399 3554 1463 Ἐκεῖνος

1984 1490 2168 1559 μέντοι
2196 1490 2423 1553 πολλοὺς
2454 1485 2565 1558 εἶχε
2593 1490 2719 1552 τοῦς
2751 1488 3205 1558 ἐπιμελουμένους
3238 1489 3331 1541 καὶ
3365 1490 3556 1560 φέρον-

1980 1598 2096 1646 τας,
2127 1573 2281 1644 οὗτος
2313 1581 2369 1633 66
2389 1580 2603 1633 οὐδένα·
2630 1579 2708 1632 διὸ
2736 1580 2829 1633 καὶ
2856 1579 3058 1647 ἔλεγεν,
3087 1580 3423 1648 Ἄνθρωπον
3442 1582 3555 1634 οὐκ

1979 1670 2118 1738 ἔχω.
2169 1670 2399 1722 Ἔπειτα
2444 1670 2537 1722 καὶ
2567 1670 2633 1722 ἐκ
2664 1670 2762 1738 τῆς
2794 1667 3155 1739 ἀποκρίσεως.
3215 1670 3272 1723 Ὀ
3309 1669 3405 1740 μὲν
3437 1670 3547 1739 γὰρ

1980 1763 2131 1815 οὐδὲν
2163 1762 2455 1831 φθέγγεται
2475 1778 2488 1792 ·
2546 1754 2701 1825 οὗτος
2733 1762 2790 1815 δὲ
2820 1764 2994 1817 πάντα
3026 1762 3289 1832 διηγεῖται
3332 1761 3401 1815 τὰ
3431 1760 3552 1815 καθ’

1982 1854 2191 1907 ἐαυτόν.
2240 1854 2351 1906 Καὶ
2388 1854 2568 1923 τρίτον
2596 1852 2703 1905 ἀπὸ
2733 1851 2824 1905 τοῦ
2861 1853 3052 1924 καιροῦ
3088 1853 3301 1906 καὶτοῦ
3335 1853 3551 1923 χρόνου.

1983 1937 2153 2008 Οὑτος
2194 1946 2292 2015 μὲν
2317 1944 2425 2014 γὰρ
2455 1948 2511 1998 ἐν
2539 1946 2698 2016 ἑορτῇ
2735 1946 2828 1998 καὶ
2857 1947 2914 1998 ἐν
2941 1946 3219 2016 Σαϐϐάτῳ,
3254 1948 3457 2008 ἐκεῖνος
3495 1945 3553 1999 δέ

1982 2043 2039 2095 ἐν
2069 2041 2446 2113 ἐτέρᾳήμέρα.
2482 2041 2589 2094 Καὶ
2620 2042 2648 2092 6
2678 2040 2841 2103 τόπος
2872 2041 2928 2092 δὲ
2969 2040 3243 2110 ἑκατέρων
3268 2039 3550 2111 διάφορος.

1993 2132 2051 2186 Ὀ
2082 2133 2179 2201 μὲν
2203 2131 2308 2204 γὰρ
2335 2134 2391 2184 ἐν
2416 2131 2561 2203 οἰκίᾳ
2589 2131 2965 2201 θεραπεύεται,
2995 2133 3023 2183 6
3048 2130 3104 2183 66
3137 2130 3287 2201 παρά
3333 2128 3431 2200 τὴν
3464 2147 3557 2183 κο·-

1981 2220 2318 2292 λυμϐἠθραν.
2339 2222 2448 2275 Καὶ
2479 2222 2507 2273 6
2534 2221 2731 2290 τρόπος
2763 2220 2821 2273 δέ
2857 2222 2957 2290 τῆς
2986 2217 3280 2290 θεραπείας
3334 2218 3559 2287 ἐνηλλα⁴

1982 2314 2196 2383 γμένος.
2246 2313 2390 2365 Ἐκεῖ
2414 2313 2511 2383 μὲν
2532 2312 2642 2383 γάρ
2664 2328 2819 2383 φησι,
2852 2310 3089 2374 Τέκνον,
3115 2310 3411 2379 ἀφέωνταί
3437 2324 3556 2363 σου

1981 2407 2041 2458 αι
2067 2404 2343 2473 ἁμαρτίαι
2365 2420 2381 2436 ο
2418 2402 2649 2456 ἐνταῦθα
2680 2401 2738 2455 δέ
2765 2402 2824 2454 τὸ
2856 2402 3013 2472 σῶμα
3048 2402 3336 2469 συσφίγγει
3364 2402 3389 2441 ⁸
3424 2400 3558 2472 πρό·

1981 2511 2159 2565 τερον,
2193 2494 2288 2547 καὶ
2311 2492 2429 2546 τότε
2464 2492 2561 2563 τῆς
2612 2491 2788 2562 ψυχῆς
2844 2490 3203 2560 ἐπιμελεῖται.
3252 2490 3428 2543 Κάκεῖ
3457 2489 3558 2559 μὲν

1983 2583 2204 2653 ἄφεσις·
2249 2583 2555 2652 Ἀφέωνται
2595 2581 2704 2651 γάρ
2752 2596 2868 2634 σου
2911 2584 2969 2634 αἱ
3006 2579 3281 2649 ἁμαρτίαι
3304 2619 3319 2643 ,
3350 2580 3512 2649 φησίν
3540 2596 3554 2610 ·

1982 2674 2213 2728 ἐνταῦθα
2250 2674 2307 2727 δέ
2359 2672 2677 2743 παραίνεσις
2730 2671 2824 2725 καὶ
2868 2669 3061 2741 ἀπειλὴ
3110 2670 3246 2740 πρὸς
3278 2670 3339 2723 τὸ
3366 2670 3558 2740 μέλλον

1983 2766 2144 2819 αὑτὸν
2178 2764 2601 2835 άσφαλιζομένη.
2632 2762 2856 2831 Μηκέτι
2874 2762 3003 2833 γὰρ,
3028 2762 3212 2832 φησὶν,
3235 2760 3555 2830 ἁμάρτανε,

1985 2859 2084 2912 ἵνα
2107 2857 2191 2927 μὴ
2217 2857 2417 2927 χεῖρόν
2438 2873 2493 2908 τι
2519 2854 2776 2925 γένηται.
2804 2856 2911 2907 Καὶ
2935 2853 3001 2906 τὰ
3027 2853 3348 2922 ἐγκλήματα
3369 2853 3426 2906 δέ
3448 2852 3559 2906 τῶν

2000 2950 2262 3003 Ἰουδαίων
2286 2949 2533 3019 διάφορα.
2576 2945 2839 3000 Ἐνταῦθα
2874 2946 2972 3015 μὲν
3008 2945 3116 3016 γὰρ
3143 2944 3236 2998 τοῦ
3281 2944 3559 2997 Σαϐϐάτου

1984 3039 2083 3110 τὴν
2122 3038 2384 3110 ἐργασίαν
2419 3038 2804 3110 προφέρουσιν,
2836 3038 2952 3090 ἐκεῖ
2996 3036 3053 3089 66
3088 3035 3435 3108 βλασφημίαν
3464 3037 3560 3103 ἐγ-

1987 3128 2237 3183 καλοῦσιν
2265 3128 2429 3198 αὐτῷ.
2459 3129 2529 3181 Σὺ
2553 3128 2607 3181 δέ
2638 3145 2725 3199 μοι
2756 3127 2944 3183 σκόπει
2972 3127 3071 3198 τῆς
3090 3126 3181 3181 τοῦ
3208 3125 3340 3179 Θεοῦ
3372 3125 3560 3194 σοφίας

1988 3221 2085 3292 τὴν
2116 3220 2436 3293 ὑπερϐολήν.
2492 3221 2565 3273 Οὑ
2617 3220 2724 3290 γάρ
2777 3219 2974 3282 εὑθέως
3031 3219 3192 3272 αὑτὸν
3241 3218 3559 3289 ἀνέστησεν,

1988 3312 2123 3365 ἀλλά
2161 3311 2375 3383 πρῶτον
2407 3311 2565 3364 αὑτὸν
2589 3310 2875 3363 οἰκειοῦται
2897 3308 2983 3361 διὰ
3004 3310 3100 3378 τῆς
3125 3310 3463 3379 ἐρωτήσεως,
3493 3311 3560 3379 τῇ

1993 3403 2259 3477 μελλούσῃ
2287 3400 2649 3473 προοδοποιῶν
2684 3400 2897 3453 πίστει·
2936 3400 3028 3453 καὶ
3053 3399 3153 3452 οὑκ
3181 3399 3430 3469 ἀνίστησι
3463 3400 3561 3468 μό-

1990 3513 2097 3561 νον,
2122 3495 2257 3549 ἀλλά
2282 3495 2374 3546 καὶ
2396 3492 2455 3545 τὸ
2488 3492 2740 3545 κλινίδιον
2770 3488 2898 3562 ἆραι
2927 3486 3158 3551 κελεύει,
3197 3488 3338 3541 ὥστε
3369 3490 3464 3543 καὶ
3501 3489 3563 3541 τὸ

1991 3586 2270 3656 γινόμενον
2303 3581 2670 3637 πιστώσασθαι
2718 3580 2919 3649 θαῦμα,
2977 3579 3072 3632 καὶ
3108 3577 3311 3648 μηδένα
3340 3577 3561 3647 νομίσαι

1995 3676 2289 3747 φαντασίαν
2339 3672 2569 3726 εἶναιτὸ
2612 3670 3028 3741 γεγενημένονῆ
3083 3669 3387 3741 ὑπόκρισιν.
3428 3668 3562 3722 Οὐδὲ

1993 3768 2100 3839 γάρ
2131 3767 2216 3830 ἂν,
2242 3767 2287 3818 εί
2314 3764 2386 3835 μὴ
2412 3763 2637 3833 βεϐαίως
2656 3765 2749 3816 καὶ
2776 3762 2980 3832 σφόδρα
3009 3761 3288 3832 συνεπάγη
3309 3760 3377 3814 τά
3401 3760 3559 3831 μέλη,

1993 3861 2089 3930 τὴν
2109 3858 2295 3928 κλίνην
2324 3856 2507 3926 φέρειν
2532 3853 2781 3925 ἠδύνατο.
2822 3855 2974 3907 Ποιεῖ
3003 3852 3059 3905 δὲ
3090 3852 3262 3905 ταῦτα
3303 3851 3563 3915 πολλάκις

1992 3955 2021 4006 6
2053 3949 2304 4022 Χριστὸς,
2330 3950 2392 4001 ἐκ
2423 3946 2734 4018 περιουσίας
2754 3948 2875 4010 τοὺς
2907 3947 3279 4015 ἀναισχυντεῖν
3310 3944 3564 4016 βουλομέ-

1993 4061 2115 4106 νους
2144 4039 2527 4109 ἐπιστομίζων.
2560 4038 2668 4091 Καὶ
2716 4038 2823 4109 γάρ
2856 4039 2946 4090 ἐπὶ
2972 4038 3079 4091 τῶν
3110 4037 3308 4109 ἀρτων,
3341 4036 3426 4090 ἵνα
3457 4054 3563 4108 μη-

1994 4138 2103 4199 δεὶς
2138 4134 2284 4205 εἴπῃ,
2316 4133 2396 4185 ὅτι
2424 4130 2608 4195 ἁπλῶς
2639 4128 3028 4200 ἐκορέσθησαν,
3063 4129 3157 4181 καὶ
3205 4128 3471 4196 φαντασία
3496 4124 3563 4199 ἦν

1995 4226 2056 4278 τὸ
2074 4226 2453 4294 γεγενημένον,
2490 4219 2891 4292 παρασκευάζει
2922 4218 3145 4287 λείψανα
3177 4216 3426 4286 γενέσθαι
3453 4217 3564 4269 τῶν

1996 4318 2174 4387 ἄρτων
2206 4313 2409 4366 πολλά·
2467 4312 2560 4365 x61
2606 4311 2683 4382 τῷ
2712 4309 3032 4382 καθαρθέντι
3063 4309 3120 4363 δέ
3153 4308 3336 4381 λεπρῷ
3373 4308 3519 4376 λέγει
3546 4324 3559 4337 ·

1997 4411 2245 4476 Ὕπαγε,
2276 4403 2476 4467 δεῖξον
2497 4402 2759 4456 σεαυτὸν
2786 4401 2865 4467 τῷ
2884 4400 3051 4470 ἱερεῖ·
3083 4399 3218 4469 ὁμοῦ
3248 4417 3304 4451 τε
3333 4400 3424 4454 τοῦ
3460 4418 3564 4453 κα-

1998 4503 2206 4575 θαρμοῦ
2229 4503 2595 4575 παρεχόμενος
2618 4498 2712 4570 τὴν
2738 4496 3007 4560 ἀπόδειξιν
3029 4492 3446 4565 ἀκριϐεστάτην,
3468 4495 3563 4547 καὶ

1997 4598 2104 4651 τῶν
2141 4594 2566 4665 ἀντινομοθετεῖν
2599 4592 2758 4644 αὑτὸν
2786 4588 3049 4657 λεγόντων
3082 4585 3157 4657 τῷ
3179 4585 3296 4655 Θεῷ
3314 4586 3381 4638 τὰ
3405 4586 3557 4639 ἀναί-

1999 4703 2197 4758 σχυντα
2240 4684 2563 4755 ἐμφράττων
2598 4680 2857 4751 στόματα.
2912 4678 3021 4731 Καὶ
3053 4678 3145 4731 ἐπὶ
3187 4677 3280 4730 τοῦ
3333 4677 3472 4729 οἴνου
3501 4676 3559 4728 δέ

1996 4777 2152 4831 τοῦτο
2176 4775 2373 4844 ὁμοίως
2404 4772 2673 4842 ἐποίησεν.
2710 4770 2782 4822 Οὑ
2810 4769 2917 4841 γὰρ
2958 4767 3144 4830 ἁπλῶς
3176 4766 3342 4833 ἔδειξε
3372 4767 3461 4820 τὸν
3487 4763 3565 4821 οἷ-

1998 4885 2107 4932 νον,
2143 4866 2274 4919 ἀλλά
2302 4866 2394 4918 καὶ
2413 4863 2492 4933 τῷ
2517 4860 2898 4935 ἀρχιτρικλίνῳ
2918 4858 3200 4929 ἐνεχθῆναι
3226 4860 3567 4930 παρεσκεύα-

2000 4976 2111 5020 σεν,
2146 4958 2283 5011 ὥστε
2308 4957 2398 5009 τὸν
2435 4955 2587 5008 οὐδὲν
2619 4953 2726 5005 τῶν
2760 4951 3137 5032 γεγενημένων
3170 4952 3344 5004 εἰδότα
3376 4952 3567 5021 ὁμολο-

1998 5049 2219 5116 γοῦντα,
2252 5046 2560 5101 ἀνύποπτον
2588 5042 2734 5112 αὑτῷ
2767 5044 3066 5111 παρασχεῖν
3089 5041 3186 5111 τὴν
3235 5041 3562 5112 μαρτυρίαν.

2001 5142 2099 5195 Διά
2113 5158 2193 5194 τοι
2216 5139 2372 5192 τοῦτο
2411 5139 2503 5191 καὶ
2539 5140 2566 5191 6
2590 5133 2970 5202 εὑαγγελιστὴς
2999 5130 3168 5195 εἶπεν,
3200 5133 3278 5185 ὅτι
3311 5133 3410 5185 οὑκ
3447 5132 3564 5202 ᾔδει

2002 5236 2029 5286 6
2051 5231 2466 5304 ἀρχιτρίκλινος,
2508 5228 2669 5280 πόθεν
2698 5222 2785 5297 ἦν,
2816 5227 2875 5279 τὸ
2907 5226 3201 5278 ἀδέκαστον
3225 5224 3321 5295 τῆς
3363 5240 3565 5293 μαρτυ-

2000 5300 2131 5396 ρίας-
2144 5300 2177 5377 ἐ
2186 5300 2449 5393 μφαίνων.
2472 5320 2579 5373 Καὶ
2601 5319 2789 5390 νεκρὸν
2808 5319 3114 5387 ἀναστήσας
3135 5315 3365 5385 ἀλλαχοῦ
3393 5316 3560 5384 λέγει’

1999 5419 2124 5471 Δότε
2153 5414 2298 5484 αὑτῷ
2350 5414 2559 5482 φαγεῖν,
2598 5413 2695 5481 τῆς
2742 5410 2999 5480 ἀκριϐοῦς
3030 5408 3374 5469 ἀναστάσεως
3404 5406 3562 5462 τοῦτο

2001 5507 2365 5579 παρεχόμενος
2391 5506 2611 5574 σημεῖον
2631 5520 2643 5531 ·
2675 5500 2871 5554 καὶδιά
2888 5500 3089 5553 τούτων
3117 5500 3333 5552 πάντων
3360 5498 3563 5552 πείθων

1997 5603 2120 5662 τοὺς
2148 5600 2424 5667 ἀνοήτους,
2454 5598 2533 5648 ὅτι
2559 5596 2658 5648 οὐκ
2681 5591 2929 5646 ἀπατεὼν
2968 5609 3050 5654 τις
3080 5586 3166 5662 ἦν,
3200 5589 3319 5642 οὑδέ
3365 5606 3565 5659 φαντα-

2004 5691 2270 5752 σιοκόπος,
2300 5688 2433 5741 ἀλλά
2463 5687 2549 5740 διὰ
2581 5684 2850 5757 σωτηρίαν
2880 5681 3211 5752 παρεγένετο
3236 5680 3337 5751 τῆς
3379 5682 3566 5753 κοινῆς

2003 5781 2214 5850 φύσεως
2236 5779 2342 5832 τῶν
2377 5776 2675 5849 ἀνθρώπων
2693 5814 2709 5829 .

2063 6072 2087 6111 Β
2115 6069 2285 6119 Morel.
2312 6071 2571 6133 συσφίγγει.
2600 6069 2750 6120 Savil.
2777 6069 2977 6135 ἔσφιγξε.
3006 6106 3018 6120 .
3043 6069 3329 6132 ἐπεμελεῖτο.
