4100 6364
557 386 665 441 209

633 504 697 573 β’.
726 504 792 556 Τί
832 504 1029 575 δήποτε
1052 504 1108 557 δὲ
1132 505 1292 559 αὐτὸν
1324 508 1425 560 οὐκ
1451 507 1674 560 ἀπαιτεῖ
1690 508 1891 572 πίστιν,
1928 507 2005 570 ὡς
2041 505 2136 559 ἐπὶ

557 588 665 642 τῶν
692 588 907 658 τυφλῶν
936 589 1178 658 ἐποίησε,
1216 591 1416 658 λέγων·
1451 593 1767 645 Πιστεύετε
1788 592 1878 645 ὅτι
1904 600 1932 629 ⁸
1950 591 2133 644 deira-

551 689 658 741 μαι
681 673 856 726 τοῦτο
892 672 1140 741 ,ποιῆσαι
1165 691 1182 736 ;
1206 675 1328 728 ’Ότι
1360 675 1570 728 οὐδέπω
1601 675 1764 728 αὐτὸν
1799 675 1917 746 ᾔδει
1945 673 2134 742 σαφῶς

557 759 706 820 ὅστις
733 752 820 828 ἦν.
849 759 923 810 Οὐ
956 757 1064 828 γὰρ
1092 758 1197 827 προ
1226 758 1333 811 τῶν
1363 760 1674 830 θαυμάτων,
1718 759 1854 813 ἀλλά
1893 758 2032 830 μετὰ
2065 759 2134 811 τά

558 839 807 910 θαύματα
829 839 986 892 τοῦτο
1013 841 1256 909 φαίνεται
1280 843 1466 897 ποιῶν.
1497 844 1557 896 Οἱ
1582 843 1680 912 μὲν
1709 843 1820 914 γὰρ
1848 845 1905 895 ἐν
1927 841 2134 911 ἑτέροις

557 924 859 995 ἑωρακότες
908 924 1060 996 [215]
1089 925 1252 978 αὐτοῦ
1280 927 1379 995 τὴν
1416 925 1664 997 δύναμιν,
1717 926 1940 988 εἰκότως
1975 925 2134 977 τοῦτο

555 1009 749 1076 ἤκουον
768 1025 782 1038 ο
813 1009 862 1059 οί
888 1007 944 1060 δὲ
988 1009 1198 1062 οὐδέπω
1231 1010 1604 1081 μεμαθηκότες
1633 1010 1792 1063 αὐτὸν
1812 1051 1826 1074 ,
1875 1009 1986 1062 ἀλλ’
2025 1007 2133 1061 ἀπὸ

553 1089 663 1142 τῶν
686 1091 925 1160 σημείων
957 1093 1238 1162 μέλλοντες
1285 1093 1548 1157 εἴσεσθαι,
1609 1093 1747 1164 μετά
1779 1093 1848 1146 τὰ
1876 1092 2131 1162 θαύματα

554 1175 910 1228 ἀπαιτοῦνται
945 1177 1042 1244 τὴν
1071 1176 1272 1230 πίστιν.
1301 1177 1390 1229 Διὸ
1418 1177 1510 1230 καὶ
1555 1178 1616 1230 οὐ
1650 1176 1802 1248 παρά
1826 1177 1925 1248 τὴν
1954 1177 2128 1247 ἀρχὴν

552 1260 660 1311 τῶν
689 1259 930 1330 σημείων
958 1262 986 1312 6
1013 1260 1290 1323 Ματθαῖος
1322 1262 1531 1329 εἰσάγει
1580 1261 1738 1314 τοῦτο
1783 1261 1870 1314 τὸν
1897 1261 2132 1332 Χριστὸν

553 1342 833 1412 εἰρηκότα,
871 1343 983 1394 ἀλλ’
1009 1345 1096 1396 ὅτε
1131 1345 1356 1407 πολλοὺς
1382 1344 1735 1413 ἐθεράπευσε,
1767 1344 1904 1415 πρὸς
1935 1343 2131 1413 μόνους

553 1427 677 1488 τοὺς
705 1425 796 1478 δύο
821 1425 1070 1494 τυφλούς.
1109 1428 1179 1480 Σὺ
1208 1429 1263 1481 δὲ
1297 1429 1388 1481 καὶ
1415 1427 1587 1490 οὕτως
1617 1428 1720 1497 ὅρα
1746 1427 1840 1480 τοῦ
1880 1427 2129 1498 παραλύ-

550 1526 644 1560 του
666 1511 766 1578 τὴν
793 1510 993 1564 πίστιν.
1033 1511 1292 1574 Ἀκούσας
1334 1512 1462 1583 γὰρ,
1491 1512 1573 1563 ὅτι
1602 1506 1779 1577 Ἀρον
1813 1509 1922 1564 τὸν
1949 1511 2126 1578 κράϐ-

551 1595 733 1646 ιῖδατόν
767 1592 793 1632 ῒι
832 1608 967 1658 σου,
1004 1595 1100 1647 καὶ
1133 1593 1458 1660 περιπάτει,
1493 1595 1554 1646 οὐ
1581 1593 1976 1661 κατεγέλασεν,
2007 1594 2128 1647 οὐδὲ

548 1673 690 1739 εἷπε,
725 1677 790 1730 Τί
823 1694 951 1730 ποτε
1003 1678 1160 1730 τοῦτό
1191 1680 1375 1738 ἐστιν;
1412 1678 1639 1745 ἄγγελος
1674 1677 2000 1747 κατέρχεται
2033 1677 2128 1730 καὶ

547 1763 807 1832 ταράσσει
854 1763 914 1815 τὸ
947 1762 1112 1833 ὕδωρ,
1147 1764 1240 1814 καὶ
1277 1763 1371 1816 ἕνα
1406 1762 1696 1833 θεραπεύει
1729 1763 1919 1833 μόνον’
1971 1763 2034 1815 σύ
2068 1763 2125 1815 δὲ

546 1845 831 1914 ἄνθρωπος
861 1844 956 1910 ῶν,
989 1845 1096 1898 ἀπὸ
1136 1847 1505 1915 ἐπιτάγματος
1549 1845 1705 1915 ψιλοῦ
1736 1846 1830 1898 καὶ
1881 1846 2126 1916 ῥήματος

546 1929 779 1999 ἤλπισας
805 1931 986 1999 μεῖζον
1035 1930 1281 1999 ἀγγέλων
1326 1931 1686 2000 δυνήσεσθαις
1739 1929 1906 1999 τῦφος
1951 1931 2124 1984 ταῦτα

547 2020 640 2071 καὶ
665 2019 948 2082 ἀλαζονεία
980 2019 1073 2072 καὶ
1101 2019 1293 2086 γέλως.
1347 2020 1505 2072 Ἀλλά
1535 2019 1736 2072 τούτων
1763 2018 1914 2072 οὐδὲν
1949 2015 2120 2080 εἶπεν,

543 2102 662 2154 οὐδὲ
696 2103 973 2172 ἐνενόησεν
995 2117 1007 2131 '
1031 2101 1144 2154 ἀλλ’
1174 2103 1287 2172 ἅμα
1313 2120 1370 2153 τε
1396 2103 1528 2173 ἡκου
1539 2119 1616 2163 σε,
1644 2104 1736 2156 καὶ
1757 2104 1965 2174 ἠγέρθη
1987 2117 2001 2131 ·
2027 2103 2120 2155 καὶ

542 2185 831 2254 γενόμενος
871 2185 1048 2255 ὑγιὴς,
1075 2186 1175 2238 οὐκ
1212 2184 1475 2254 ἡπείθησε
1501 2184 1578 2256 τῷ
1603 2186 1918 2239 κελεύσαντι
1947 2188 2117 2258 αὐτῷ·

546 2269 821 2336 Ἔγειραι,
849 2261 995 2337 ἆρον
1014 2267 1121 2321 τὸν
1150 2268 1479 2336 κράϐϐατόν
1503 2283 1640 2334 σου,
1669 2269 1766 2321 καὶ
1792 2271 2116 2336 περιπάτει.

539 2353 864 2422 Θαυμαστὸν
916 2354 1012 2424 μὲν
1053 2349 1145 2407 οὖν
1191 2355 1284 2406 καὶ
1331 2353 1514 2406 τοῦτο·
1555 2354 1622 2406 τὰ
1649 2353 1707 2406 δὲ
1751 2354 1891 2424 μετά
1945 2356 2118 2409 ταῦτα

541 2435 719 2506 πολλῷ
755 2436 913 2489 πλέον
935 2455 948 2466 ·
980 2436 1179 2506 μᾶλλον
1214 2436 1348 2490 δὲτὸ
1375 2437 1471 2506 μὲν
1500 2437 1646 2506 παρά
1674 2438 1772 2506 τὴν
1802 2437 1975 2508 ἀρχὴν
2009 2457 2116 2508 μη-

538 2521 686 2584 δενὸς
736 2520 1078 2592 ἐνοχλοῦντος
1130 2521 1438 2591 πεισθῆναι,
1472 2523 1571 2591 οὐχ
1627 2521 1770 2574 οὕτω
1803 2521 2114 2592 θαυμαστὸν

537 2605 694 2658 τοῦτο
712 2624 724 2634 ·
755 2606 816 2658 τὸ
835 2606 891 2658 δέ
927 2607 1064 2676 μετὰ
1091 2618 1112 2644 ε
1141 2605 1312 2658 ταῦτα
1342 2607 1680 2675 μαινομένων
1709 2607 1998 2671 Ἰουδαίων,
2021 2622 2116 2662 και

539 2689 870 2760 πανταχόθεν
900 2689 1262 2760 ἐπικειμένων
1283 2690 1373 2742 καὶ
1393 2689 1765 2756 ἐγκαλούντων
1789 2691 1882 2742 καὶ
1902 2691 2116 2762 πολιορ-

537 2773 774 2826 κούντων
795 2772 980 2836 αὐτὸν,
999 2773 1094 2824 καὶ
1121 2771 1406 2838 λεγόντων,
1435 2774 1556 2826 οὐκ
1580 2772 1784 2835 ἒξεστί
1807 2772 1833 2811 ‘1
1861 2788 1959 2827 σοι
1977 2768 2112 2841 ἆραι

536 2859 643 2911 τὸν
681 2857 1012 2924 κράϐϐατόν
1028 2870 1166 2918 σου,
1206 2859 1278 2925 μὴ
1302 2855 1462 2922 μόνον
1497 2855 1771 2926 ὑπερορᾷν
1805 2856 1985 2910 αὐτῶν
2014 2859 2114 2928 τῆς

539 2939 757 3010 μανίας,
775 2939 910 2993 άλλά
927 2939 1022 2992 καὶ
1045 2937 1180 3010 μετά
1201 2938 1400 3009 πολλῆς
1425 2939 1522 3008 τῆς
1545 2940 1854 3011 παρρησίας
1873 2943 1931 2992 ἐν
1961 2941 2111 3011 μέσῳ

534 3023 613 3094 τῷ
643 3024 854 3094 θεάτρῳ
906 3023 998 3076 τὸν
1052 3023 1343 3094 εὐεργέτην
1399 3023 1812 3093 ἀνακηρύττειν,
1869 3041 1965 3078 και
2014 3023 2111 3094 τὴν

537 3107 888 3177 ἀναίσχυντον
924 3106 1294 3175 ἐπιστομίζειν
1342 3105 1622 3173 γλῶτταν,
1683 3105 1883 3176 πολλῆς
1935 3106 2109 3175 ἔγωγε

536 3192 786 3263 ἀνδρείας
823 3187 961 3244 εἶναι
1002 3189 1164 3258 λέγω.
1217 3189 1649 3242 Ἐπισυστάντων
1679 3191 1787 3260 γὰρ
1842 3191 2110 3244 Ἰουδαίων

536 3277 630 3328 καὶ
652 3276 914 3344 λεγόντων
935 3273 1328 3344 ἐπιτιμητικῶς
1350 3271 1444 3325 καὶ
1473 3273 1610 3341 μετά
1630 3272 1917 3335 αὐθαδείας
1937 3275 2108 3344 αὐτῷ·

531 3359 836 3412 Σάϐϐατόν
865 3359 1054 3419 ἐστιν,
1077 3358 1190 3410 οὐκ
1212 3355 1415 3419 ἔξεο-τί
1437 3371 1535 3408 σοι
1555 3349 1690 3422 ἆραι
1713 3357 1818 3409 τὸν
1857 3356 2107 3425 κράϐϐα-

530 3443 637 3496 τόν
667 3457 784 3496 σου
806 3456 818 3468 ⁸
859 3441 1089 3494 ἄκουσον
1117 3439 1170 3491 τί
1208 3456 1401 3509 φησιν·
1445 3439 1506 3492 '0
1539 3441 1800 3508 ποιήσας
1825 3458 1900 3510 με
1943 3441 2103 3511 ὑγιῆ,

527 3527 759 3593 ἐκεῖνός
781 3543 883 3596 μοι
911 3521 1099 3585 εἶπεν,
1131 3520 1306 3592 Ἆρον
1336 3522 1441 3576 τὸν
1474 3522 1806 3592 κράϐϐατόν
1837 3542 1973 3590 σου,
2006 3530 2103 3580 καὶ

528 3609 863 3679 περιπάων
893 3610 1172 3679 μονονουχὶ
1200 3607 1362 3659 τοῦτο
1387 3607 1560 3676 λέγων
1583 3622 1598 3637 ⁶
1628 3611 1860 3679 Ληρεῖτε
1886 3614 1978 3663 καὶ
2009 3628 2106 3663 πα-

529 3695 808 3765 ραπαίετε,
845 3692 1155 3754 κελεύοντες
1200 3691 1290 3743 τὸν
1319 3690 1427 3744 ἀπὸ
1463 3694 1679 3762 μακρᾶς
1711 3691 1852 3746 οὕτω
1876 3695 1968 3746 καὶ
2007 3713 2106 3765 χα-

527 3777 694 3848 λεπῆς
721 3796 786 3848 με
805 3775 1188 3839 ἀπαλλάξαντα
1211 3775 1366 3827 νόσου
1387 3775 1461 3844 μὴ
1483 3776 1731 3845 ἡγεῖσθαι
1765 3777 2104 3846 διδάσκαλον,

530 3861 664 3931 μηδὲ
700 3861 879 3914 πάντα
908 3859 1189 3912 πείθεσθαι
1218 3858 1360 3928 ἆπερ
1394 3858 1459 3911 ἂν
1491 3858 1706 3930 κελεύῃ.
1743 3862 1933 3915 Καίτοι
1962 3881 2023 3932 γε
2053 3867 2102 3917 εί

527 3947 853 4016 κακουργεῖν
880 3943 1146 4007 ἐϐούλετο,
1184 3942 1310 4012 ἐνῆν
1339 3943 1434 3995 καὶ
1475 3943 1676 4013 ἑτέρως
1712 3947 1884 3998 εἰπεῖν
1907 3963 1920 3975 ·
1967 3943 2098 4014 οἷον,

525 4025 607 4077 ότι
632 4026 742 4094 Οὐχ
771 4022 912 4076 ἑκὼν
947 4022 1104 4076 τοῦτο
1152 4023 1310 4086 ποιῶ,
1343 4021 1456 4074 ἀλλ’
1489 4024 1678 4094 ἐτέρου
1707 4025 2060 4091 κελεύσαντος
2084 4045 2098 4057 ο

525 4111 574 4162 εἰ
611 4110 669 4161 δὲ
699 4107 948 4177 ἔγκλημα
974 4105 1151 4168 τοῦτο,
1185 4106 1464 4173 ἐγκαλεῖτε
1509 4107 1586 4177 τῷ
1623 4109 1956 4176 ἐπιτάξαντι,
2007 4115 2101 4167 καὶ

524 4193 848 4262 ἀποτίθεμαι
880 4191 976 4262 τὴν
1005 4191 1191 4261 κλίνην
1215 4207 1230 4220 ·
1272 4191 1364 4243 καὶ
1391 4191 1489 4262 τὴν
1525 4192 1817 4261 θεραπείαν
1845 4196 1904 4250 δὲ
1934 4196 2097 4269 ἐκρυ-

523 4276 622 4344 ψεν
661 4277 744 4328 ἄν.
776 4275 886 4328 Καὶ
909 4275 1016 4345 γὰρ
1059 4274 1174 4344 ᾔδει
1233 4273 1418 4342 σαφῶς
1451 4275 1550 4344 οὐχ
1571 4275 1713 4329 οὕτω
1737 4277 2098 4349 δακνομένους

523 4362 617 4412 ἐπὶ
645 4364 715 4431 τῇ
735 4359 826 4412 τοῦ
850 4360 1126 4411 Σαδδάτου
1155 4357 1324 4418 λύσει,
1355 4358 1430 4420 ὡς
1450 4360 1540 4411 ἐπὶ
1567 4362 1631 4430 τῇ
1664 4361 1762 4431 τῆς
1791 4363 2098 4434 ἀρρωστίας

522 4445 822 4514 διορθώσει.
891 4443 1030 4494 Ἀλλ’
1077 4441 1200 4495 οὔτε
1233 4443 1389 4495 τοῦτο
1427 4443 1685 4515 ἔκρυψεν,
1744 4446 1868 4500 οὔτε
1922 4450 2097 4503 ἐκεῖνο

523 4523 694 4589 εἶπεν,
717 4527 835 4579 οὐδὲ
855 4525 1182 4597 συγγνώμην
1204 4527 1423 4598 ⁴ᾔτησεν,
1447 4528 1580 4582 ἀλλά
1609 4529 1834 4603 λαμπρᾷ
1849 4536 1914 4605 τῇ
1943 4539 2092 4606 φωνῇ

521 4611 619 4679 τὴν
646 4609 961 4679 εὐεργεσίαν
993 4610 1262 4680 ὡμολόγει
1294 4613 1387 4663 καὶ
1419 4613 1776 4684 ἀνεκήρυττε.
1806 4616 1910 4670 Καὶ
1939 4620 1967 4670 6
1995 4621 2095 4691 μὲν

523 4694 829 4763 παράλυτος
861 4693 1032 4756 οὕτως
1050 4712 1064 4724 ·
1090 4695 1285 4747 ἐκεῖνοι
1309 4694 1365 4746 δὲ
1389 4696 1579 4748 σκόπει
1602 4698 1718 4762 πῶς
1749 4703 2092 4772 κακούργως.

521 4779 595 4832 Οὐ
629 4779 736 4848 γὰρ
765 4772 941 4842 εἷπον,
969 4779 1064 4840 Τίς
1102 4779 1248 4832 ἐστιν
1295 4781 1323 4831 ό
1360 4783 1592 4850 ποιήσας
1647 4800 1704 4835 σε
1767 4786 1927 4856 ὐγιῆ;
1959 4789 2095 4843 ἀλλά

517 4860 674 4914 τοῦτο
715 4863 812 4931 μὲν
841 4861 1132 4932 ἐσίγησαν
1165 4862 1276 4914 ἀνω
1311 4863 1366 4915 δὲ
1393 4865 1484 4916 καὶ
1516 4865 1665 4918 κάτω
1687 4870 1786 4937 τὴν
1831 4870 2092 4929 δοκοῦσαν

519 4941 656 4997 εἶναι
688 4944 995 5015 παράϐασιν
1025 4947 1104 5008 εἰς
1135 4947 1297 5015 μέσον
1335 4942 1499 5017 ἦγον·
1539 4951 1632 5016 Τίς
1660 4952 1830 5006 ἐστιν
1852 4958 1884 5008 ό
1911 4959 2093 5010 εἰπών

517 5043 635 5089 σοι,
667 5023 843 5095 Ἀρον
868 5029 976 5082 τόν
1014 5029 1343 5095 κράϐϐατόν
1376 5049 1493 5085 σου
1531 5035 1628 5087 καί
1656 5039 1992 5104 περιπάτει;
2029 5043 2090 5096 '0

516 5112 586 5165 δὲ
617 5114 1138 5182 τεθεραπευμένος,
1189 5119 1299 5169 οὐκ
1345 5115 1474 5184 ᾔδει
1510 5119 1604 5184 τίς
1645 5121 1838 5176 ἐστιν.
1885 5125 1945 5178 '0
1979 5127 2088 5194 γὰρ

528 5196 768 5265 Ἰησοῦς
811 5195 1123 5260 ἐξέκλινεν
1170 5211 1216 5262 ε,
1248 5203 1434 5269 όχνῖου
1469 5201 1643 5268 ὄντος
1674 5205 1743 5257 ἐν
1777 5205 1855 5272 τῷ
1903 5211 2085 5275 τόπῳ.

579 5366 812 5440 "Savn.,el
825 5366 1028 5440 ggidarp
1051 5379 1173 5440 rpss.’
1189 5371 1252 5423 ὡς
1274 5369 1347 5440 ἐπὶ
1365 5373 1460 5440 τῷν
1480 5371 1634 5440 ἄλλων
1654 5375 1797 5440 ἐποίει
1809 5379 1974 5440 λέγων,
2002 5385 2086 5430 Πι-

515 5428 692 5510 στεύεις
708 5427 796 5506 ὅτι.
825 5427 850 5463 Ι)
866 5428 1036 5504 Mn‘rej.
1061 5429 1266 5510 ἀπιούσας
1284 5431 1371 5504 γὰερ
1391 5434 1462 5480 ὅτι
1481 5436 1579 5494 μετ’
1592 5436 1817 5493 ἐξουσίας,
1832 5427 1910 5487 κάἱ
1924 5427 2084 5510 ὥσπερ

513 5491 719 5560 κελεύων
739 5490 865 5560 εἶπεν
897 5491 1048 5560 αὐτῶ,
1068 5489 1302 5560 ιἘγειιραι,
1325 5489 1440 5560 ᾇρον
1473 5489 1557 5541 τὸν·
1575 5502 1711 5560 κραϐ.
1783 5489 1803 5530 ἀ
1833 5489 1986 5553 Savil

514 5551 788 5630 κελεύσαντι
809 5552 953 5612 αὐτῷ·
977 5551 1250 5630 εὐθέωςγάρ
1266 5551 1446 5630 έγένετο
1457 5551 1706 5630 ὐγιὴςίκαὶ
1729 5561 1814 5630 ἦρε
1833 5566 1914 5612 τὸν

515 5614 674 5686 ξατνὲοἔ
697 5615 778 5686 καὶ
803 5614 1208 5686 περιεπάτειλκαὶ.
1229 5615 1283 5686 τό
1309 5618 1426 5686 μετά
1449 5617 1600 5686 ταῦτα
1639 5623 1688 5668 δὲ
1717 5614 1878 5685 πολλῷ
1927 5614 2081 5686 μέῖξόν

512 5674 584 5731 ἦν·
610 5674 682 5749 Τίξ
700 5675 1038 5750 μὲνηγάνρλπαρά
1062 5677 1147 5750 τὴν
1171 5674 1318 5746 ἀρχὴν
1341 5678 1639 5750 ἐνοχλοῦντος
1675 5677 1867 5750 μηδενὸς

511 5750 605 5804 ναι,
635 5735 724 5797 οὐχ
742 5735 876 5804 οὕτω
892 5735 1158 5804 θαυμαστὸν
1181 5735 1348 5804 τοῦτο·
1373 5735 1502 5804 τόδὲ
1529 5735 1804 5804 μετάξΗέιδο
1831 5735 1879 5796 ἱῖι
1917 5735 2081 5804 νοτ-Βία

513 5801 697 5864 tantum
721 5801 926 5864 νει-ἰείη,
952 5811 1126 5864 εεηευε
1148 5799 1405 5864 utrobique
1445 5799 1593 5852 idem.
1663 5803 1690 5843 (1
1726 5807 1813 5856 Hic
1843 5799 2077 5864 Savilidt};

510 5859 777 5934 geguimu’r.
817 5857 1226 5934 MOI-911993111qu
1258 5857 1395 5934 ρΙύτξι
1438 5857 2079 5934 εαξη-ι,’ἐγκαλούντων-,Νιέῆ

510 5920 688 5988 agi-7;;
725 5917 970 5988 ἐπαγωγῆς
993 5921 1224 5988 δείκγνσιν
1259 5917 1685 5988 ό-ᾃεύαγγελιστήξ
1702 5931 1864 5988 εἰπὼν,

510 5980 748 6047 σάϐϐατον
771 5979 990 6047 εἰν-ἐκείνῃ
1010 5986 1068 6047 τῇ
1283 5979 1477 6047 Ἔλεγον
1505 5986 1586 6034 οὖν
1622 5979 1838 6040 Ἰουδαῖοι
1851 5979 2078 6047 ὶῶέὲθέἰ

511 6042 803 6102 ραπευμένῳ,
823 6041 1062 6090 Σάϐϐατόν
1084 6041 1233 6103 ἐστιν,
1253 6044 1340 6092 οὐκ
1367 6041 1534 6101 ἔξεστι.
1580 6051 1602 6078 ⁸
1630 6050 1800 6102 Morel.
1823 6041 2073 6112 έξέῖεύᾷὲν,

1287 391 1346 445 S.
1385 387 1676 446 JOANNIS
1711 387 2202 445 CHRYSOSTOMI
2242 389 2561 445 ARCHIEP.
2603 390 3152 447 CONSTANTINUP.

3711 399 3821 458 110

2241 506 2352 558 Καὶ
2381 507 2433 558 τί
2465 507 2663 579 δήποτε
2716 507 2949 577 ἔκρυψεν
3005 508 3193 560 ἑαυτὸν
3220 510 3248 561 ό
3278 509 3540 579 Χριστόςς
3593 511 3817 582 Πρῶτον

2243 589 2362 658 μὲν,
2393 590 2480 642 ἵνα
2506 590 2738 653 ἀπόντος
2757 590 2921 644 αὐτοῦ
2959 593 2991 661 ὴ
3019 593 3292 662 μαρτυρία
3330 592 3635 656 ἀνύποπτος
3654 593 3818 664 γένη-

2239 689 2356 726 ται’
2390 676 2418 726 6
2446 674 2554 745 γὰρ
2599 674 2850 745 αἴσθησιν
2879 674 3058 727 λαϐὼν
3088 677 3186 746 τῆς
3221 674 3368 746 {2M}
3402 676 3632 744 ὑγιείας,
3663 677 3814 742 ἀξιό-

2239 774 2428 820 πιστος
2452 753 2520 826 ἦν
2543 759 2641 827 τῆς
2687 759 3002 829 εὐεργεσίας
3055 761 3284 830 μάρτυς.
3325 763 3574 824 Ἔπειτα,
3616 763 3704 816 τνα
3735 765 3814 834 μὴ

2238 841 2398 894 πλέον
2425 842 2630 895 τούτων
2658 843 3050 915 παρασκευάσῃ
3077 844 3167 896 τὸν
3194 843 3362 914 θυμὸν
3383 846 3645 916 ἐκκαῆναι
3670 843 3813 917 (οἶδε

2237 925 2346 995 γὰρ
2375 927 2467 978 καὶ
2519 925 2641 995 δψις
2675 927 2808 996 μόνη
2841 927 2934 979 τοῦ
2971 927 3331 998 φθονουμένου
3361 929 3423 982 οὐ
3474 931 3667 999 μικρὸν
3699 934 3813 994 τοῖς

2239 1006 2622 1076 βασκαίνουσιν
2655 1008 2850 1062 ἐνιέναι
2882 1010 3198 1082 σπινθῆρα),
3243 1011 3330 1064 διά
3352 1012 3508 1065 τοῦτο
3532 1015 3812 1085 ἀναχωρή-

2239 1107 2356 1152 σας,
2396 1092 2619 1162 ἀφίησιν
2661 1093 2792 1145 αὐτὸ
2821 1091 2940 1145 καθ’
2989 1093 3148 1146 ἑαυτὸ
3177 1094 3236 1146 τὸ
3257 1094 3415 1164 ἔργον
3447 1096 3810 1163 ἀγωνίζεσθαι

2237 1177 2366 1246 παρ’
2397 1176 2600 1240 αὐτοῖς,
2635 1177 2774 1229 ῶστε
2806 1177 3001 1247 μηκέτι
3035 1178 3198 1231 αὐτὸν
3230 1181 3359 1249 περὶ
3406 1179 3598 1232 ἐαυτοῦ
3639 1199 3690 1234 τι
3722 1181 3814 1233 λέ-

2235 1273 2376 1326 γειν,
2405 1259 2541 1311 ἀλλά
2564 1261 2690 1324 τοὺς
2729 1260 3232 1330 τεθεραπευμένους
3255 1299 3270 1324 ,
3305 1263 3398 1314 καὶ
3435 1264 3549 1332 μετ’
3584 1264 3810 1316 ἐκείνων

2237 1343 2430 1405 αὐτοὺς
2461 1345 2586 1408 τούς
2634 1343 3015 1411 ἐγκαλοῦντας.
3059 1346 3169 1398 Καὶ
3202 1345 3310 1416 γάρ
3338 1347 3430 1399 καὶ
3482 1340 3626 1400 οὗτοι
3672 1349 3811 1412 τέως

2238 1427 2574 1498 μαρτυροῦσι
2601 1428 2678 1497 τῷ
2711 1427 2968 1498 θαύματι.
3000 1431 3076 1484 Οὐ
3115 1429 3223 1502 γὰρ
3254 1426 3424 1494 εἷπον,
3455 1433 3606 1485 Διατί
3635 1433 3812 1488 ταῦτα

2234 1512 2526 1575 ἐκέλευσας
2567 1513 2817 1580 γενέσθαι
2846 1517 2904 1566 ἐν
2940 1514 3236 1585 Σαϐϐάτῳ;
3265 1514 3420 1579 ἀλλὰ,
3454 1517 3605 1572 Διατί
3634 1516 3808 1570 ταῦτα

2235 1597 2408 1656 ποιεῖς
2435 1596 2492 1646 ἐν
2522 1595 2812 1666 Σαόόάτῳ;
2839 1598 2935 1667 οὐχ
2965 1597 3102 1667 ὑπὲρ
3118 1598 3214 1667 τῆς
3243 1600 3604 1668 παραϐάσεως
3625 1601 3811 1672 δυσχε-

2235 1677 2528 1746 ραίνοντες,
2565 1677 2697 1731 ἀλλά
2726 1682 2792 1749 τῇ
2829 1679 3071 1751 σωτηρίᾳ
3091 1679 3183 1732 τοῦ
3209 1681 3518 1750 παραλύτου
3550 1682 3806 1751 φθονοῦν-

2231 1778 2342 1824 τες.
2366 1763 2554 1815 Καίτοι
2585 1779 2663 1830 γε,
2682 1763 2804 1814 ὅσον
2831 1765 2910 1825 είς
2936 1761 3271 1835 ἀνθρώπινον
3294 1764 3473 1835 ἔργον,
3501 1767 3648 1819 τοῦτο
3671 1767 3807 1837 μᾶλ-

2231 1842 2321 1896 λον
2349 1843 2508 1916 ἔργον
2532 1841 2620 1916 ἦν,
2652 1845 2789 1916 ὅπερ
2819 1845 3072 1916 ἐποίησεν
3111 1849 3140 1900 ὁ
3172 1848 3482 1917 παράλυτυς
3501 1865 3514 1878 ⁸
3543 1851 3718 1904 ἐκεῖνο
3743 1851 3804 1904 δὲ

2229 1928 2388 1998 λόγος
2436 1932 2530 1984 καὶ
2579 1932 2749 2002 ῥῆμα.
2795 1931 3060 1986 Ἐνταῦθα
3091 1932 3190 2002 μὲν
3222 1930 3314 1988 οὖν
3362 1935 3564 2007 ἑτέρως
3592 1937 3802 1990 κελεύει

2227 2013 2374 2066 λύειν
2403 2015 2463 2067 τὸ
2491 2015 2765 2072 Σάϐὅατον
2785 2031 2796 2043 ·
2823 2014 3052 2085 ἀλλαχοῦ
3075 2016 3132 2069 δὲ
3154 2016 3220 2069 δι’
3245 2017 3436 2071 ἑαυτοῦ
3458 2019 3613 2072 τοῦτο
3637 2021 3798 2090 ἐργά-

2229 2095 2398 2159 ζεται,
2431 2097 2616 2167 φυρῶν
2647 2097 2813 2168 πηλὸν
2859 2099 2954 2151 καὶ
2999 2098 3258 2168 ἐπιχρίων
3290 2100 3617 2171 ὀφθαλμούς.
3650 2105 3804 2157 Ποιεί

2225 2180 2491 2245 δὲταῦτα,
2516 2183 2573 2236 οὐ
2598 2183 2968 2253 παραϐαίνων,
2997 2183 3113 2236 ἀλλ’
3133 2185 3472 2258 ὑπερϐαίνων
3497 2186 3586 2240 τὸν
3617 2187 3798 2258 νόμον.

2225 2265 2333 2319 Καὶ
2384 2267 2523 2338 ὑπὲρ
2559 2267 2655 2338 μὲν
2693 2267 2917 2329 τούτων,
2963 2266 3204 2339 ὕστερον.
3265 2270 3398 2324 Οὐδέ
3443 2270 3552 2341 γὰρ
3599 2273 3801 2342 ὁμοίως

2225 2350 2495 2419 πανταχοῦ
2526 2368 2653 2422 περι
2699 2350 2793 2403 τοῦ
2833 2350 3107 2404 Σαϐϐάτου
3157 2353 3286 2423 παρ’
3312 2352 3491 2406 αὐτῶν
3534 2355 3799 2422 ἐγκαλού-

2228 2450 2384 2502 μενος
2427 2434 2802 2506 ἀπολογεζται⁸
2841 2434 2934 2488 καὶ
2984 2435 3065 2488 δεῖ
3088 2436 3245 2489 τοῦτο
3292 2441 3630 2509 παρατηρεῖν
3657 2438 3802 2510 μετά

2222 2515 2525 2587 ἀκριϐείας.
3690 2545 3716 2578 ο

2292 2607 2359 2667 γ’.
2397 2601 2544 2664 Τέως
2575 2601 2630 2654 δὲ
2677 2600 2872 2671 ἴδωμεν
2901 2601 3084 2673 ὅσονή
3122 2601 3387 2672 βασκανία
3443 2603 3644 2666 κακὸν,
3702 2607 3796 2658 καὶ

2222 2681 2338 2746 πῶς
2366 2685 2492 2746 τούς
2523 2684 2619 2754 τῆς
2647 2683 2821 2754 ψυχῆς
2854 2684 3164 2755 ὀφθαλμοὺς
3193 2688 3357 2756 πηροῖ
3392 2686 3534 2739 κατά
3563 2687 3662 2756 τῆς
3699 2688 3794 2740 τοῦ

2219 2766 2438 2830 ἁλόντος
2468 2769 2753 2837 σωτηρίας.
2795 2767 3059 2838 Καθάπερ
3101 2770 3209 2840 γὰρ
3234 2770 3284 2821 οἱ
3333 2770 3646 2840 μαινόμενοι
3671 2774 3794 2824 καθ’

2219 2849 2428 2902 ἑαυτῶν
2459 2850 2719 2914 πολλάκις
2765 2850 2966 2905 ὠθοῦσι
3010 2850 3078 2905 τά
3103 2852 3232 2924 ξίφη
3255 2868 3269 2881 ·
3298 2853 3440 2906 οὕτω
3493 2855 3587 2911 καὶ
3618 2857 3665 2906 οἱ
3698 2855 3794 2924 βα-

2220 2934 2547 3001 σκαίνοντες,
2590 2937 2726 3006 πρὸς
2754 2935 2812 2988 ἐν
2844 2936 3003 3006 μόνον
3031 2935 3286 3006 ὁρῶντες,
3316 2938 3416 3008 τὴν
3444 2937 3619 3008 λύμην
3646 2938 3664 2976 ί
3695 2939 3791 2992 τοῦ

2218 3018 2604 3087 φθονουμένου,
2637 3019 2738 3088 τῆς
2765 3021 2970 3083 οἰκείας
2991 3019 3246 3088 ἀλογοῦσι
3289 3021 3580 3092 σωτηρίας.
3629 3015 3792 3076 Οὗτοι

2217 3102 2310 3153 καὶ
2331 3101 2535 3172 θηρίων
2569 3102 2806 3174 χείρους.
2851 3101 3062 3156 Ἐκεῖνα
3091 3103 3198 3174 γὰρ
3227 3104 3259 3176 ἢ
3303 3103 3510 3174 τροφῆς
3537 3103 3793 3174 δεόμενα,

2217 3184 2248 3253 ἢ
2282 3185 2546 3256 πρότερον
2575 3187 2664 3254 ὐφ’
2712 3185 2867 3255 ἡμῶν
2898 3185 3324 3257 παροξυνθέντα,
3353 3186 3629 3252 ὀπλίζεται
3662 3189 3790 3242 καθ’

2216 3269 2247 3338 ὴ
2257 3268 2370 3336 μῶν
2391 3284 2404 3297 ο
2441 3262 2586 3321 οὗτοι
2617 3269 2672 3321 δὲ
2693 3271 2788 3322 καὶ
2809 3269 3256 3340 εὐεργετηθέντες
3283 3269 3560 3335 πολλάκις,
3585 3269 3654 3325 τά
3679 3273 3795 3325 τῶν

2213 3351 2543 3406 ἀδικούντων
2567 3355 2691 3416 τοὺς
2722 3353 3014 3423 εὐεργέτας
3033 3353 3308 3424 διέθηκαν.
3331 3355 3548 3426 Θηρίων
3572 3357 3670 3426 μέν
3693 3353 3792 3409 οὖν

2211 3432 2352 3489 οὗτοι
2406 3436 2796 3507 χαλεπώτεροι,
2844 3436 3110 3506 δαιμόνων
3135 3437 3190 3490 δὲ
3242 3438 3367 3500 ῐσοι,
3414 3439 3556 3509 τάχα
3603 3441 3792 3494 δὲκαὶ

2212 3521 2434 3573 ἐκείνων
2461 3523 2692 3593 χείρους.
2737 3521 2962 3573 Ἐκεῖνοι
2996 3520 3103 3592 γὰρ
3135 3521 3270 3593 πρὸς
3295 3522 3392 3592 μὲν
3416 3523 3561 3592 ἡμᾶς
3589 3524 3790 3577 ἀσπονο

2209 3601 2295 3655 δον
2321 3602 2532 3672 ἔχουσιν
2560 3603 2776 3672 ἔχθραν,
2823 3607 2935 3667 τοῖς
2972 3603 3028 3656 δέ
3077 3604 3390 3674 όμογενέσιν
3429 3607 3529 3658 οὐκ
3561 3607 3783 3661 ἐπιϐου-

2209 3685 2453 3738 λεύουσιν
2475 3705 2486 3717 ο
2512 3686 2630 3738 ὅθεν
2652 3684 2822 3756 τούτῳ
2843 3687 3080 3748 καὶτοὺς
3119 3687 3404 3752 Ἰουδαίους
3429 3691 3784 3761 ἐπεστόμιζεν

2207 3772 2235 3822 6
2269 3770 2518 3840 Χριστὸς,
2556 3769 2717 3840 ἡνίκα
2746 3771 2906 3822 αὐτὸν
2936 3771 2992 3822 ἐν
3022 3771 3346 3834 Βεελζεόοὺλ
3375 3772 3557 3842 ἔλεγον
3587 3776 3782 3830 ἐκδάλε-

2208 3852 2320 3905 λειν
2345 3852 2412 3906 τὰ
2461 3853 2731 3921 δαιμόνια.
2787 3845 2945 3906 Οὗτοι
2982 3852 3037 3906 δὲ
3065 3852 3186 3906 οὐτε
3225 3857 3323 3925 τὴν
3371 3858 3651 3910 κοινωνίαν
3678 3859 3782 3929 τῆς

2208 3935 2421 4005 φύσεως
2456 3935 2778 4005 ᾐδέσθησαν,
2811 3935 2933 3988 οὐτε
2961 3935 3166 3988 ἑαυτῶν
3200 3938 3499 4005 ἐφείσαντο.
3529 3941 3642 4010 Πρὸ
3667 3942 3780 4015 γάρ

2205 4020 2312 4072 τῶν
2341 4019 2716 4090 φθονουμένων
2749 4020 2848 4083 τὰς
2891 4020 3095 4073 ἑαυτῶν
3128 4021 3304 4092 ψυχάς
3342 4023 3647 4090 κολάζουσι,
3683 4027 3780 4080 oo.

2209 4102 2370 4172 ρύὸου
2418 4104 2614 4164 παντὸς
2647 4103 2740 4156 καὶ
2772 4103 3019 4174 ἀθυμίας
3047 4105 3378 4175 πληροῦντες
3428 4109 3597 4173 αὐτάς
3654 4111 3781 4182 εἰκῆ

2205 4187 2300 4239 καὶ
2320 4185 2516 4256 μάτην.
2545 4186 2700 4251 Τίνος
2724 4188 2830 4258 γὰρ
2857 4189 3038 4240 ἕνεκεν
3060 4189 3265 4256 ἀλγεῖς,
3293 4185 3338 4244 ὦ
3364 4191 3640 4266 ἄνθρωπε,
3661 4199 3778 4259 τοῖς

2204 4269 2296 4322 τοῦ
2327 4269 2552 4340 πλησίον
2587 4270 2769 4334 καλοῖς
2795 4288 2808 4335 ;
2839 4271 3049 4340 Ἀλγεῖν
3084 4273 3250 4338 ὅντως
3277 4275 3381 4348 χρὴ
3406 4278 3550 4347 ἡμᾶς
3590 4279 3672 4347 ἐφ’
3693 4274 3776 4344 οἷς

2204 4353 2483 4423 πάσχομεν
2509 4355 2718 4418 κακοῖς,
2742 4355 2841 4406 οὐκ
2871 4355 2954 4423 ἐφ’
2977 4350 3058 4418 οἷς
3096 4357 3315 4428 ἐτέρους
3357 4361 3777 4431 εὐδοκιμοῦντας

2203 4437 2438 4508 ὁρῶμεν.
2468 4435 2565 4488 Διά
2592 4436 2749 4488 τοῦτο
2779 4438 2994 4506 ἀπάσης
3040 4439 3405 4511 ἀπεστέρηται
3445 4447 3776 4517 συγγνώμης

2201 4520 2348 4574 τουτὶ
2368 4521 2427 4572 τὸ
2453 4521 2775 4592 ἁμάρτημα.
2805 4521 2864 4573 '0
2896 4521 2994 4590 μὲν
3025 4522 3132 4594 γάρ
3166 4525 3360 4596 πόρνος
3388 4525 3499 4596 ἔχει
3529 4529 3624 4600 τὴν
3648 4532 3776 4584 ἐπι-

2202 4605 2402 4674 θυμίαν
2438 4606 2629 4666 εἰπεῖν,
2661 4605 2754 4656 καὶ
2797 4605 2825 4657 ὁ
2857 4604 3095 4675 κλέπτης
3130 4607 3224 4676 τὴν
3253 4609 3460 4675 πενίαν,
3493 4614 3584 4664 καὶ
3613 4614 3641 4665 6
3672 4616 3770 4666 ἀν-

2199 4687 2453 4766 δροφόνος
2479 4688 2566 4740 τὸν
2596 4687 2793 4757 θυμόν·
2823 4687 3034 4759 ψυχρὰς
3061 4689 3160 4760 μὲν
3198 4693 3292 4745 καί
3323 4693 3584 4762 ἀλόγους,
3619 4697 3772 4766 ὅμως

2198 4771 2254 4824 δὲ
2284 4762 2464 4841 ἕχόυσί
2495 4788 2646 4834 τινας
2672 4772 2972 4841 προφάσεις
3004 4775 3193 4830 εἰπεῖν.
3221 4777 3293 4828 Σὺ
3322 4777 3380 4829 δὲ
3409 4780 3566 4833 ποίαν
3588 4762 3769 4836 αἰτίαν

2198 4857 2362 4925 ἐρεῖς,
2393 4855 2510 4907 είπέ
2544 4872 2631 4924 μοι
2650 4871 2664 4918 ;
2681 4855 2947 4925 Οὐδεμίαν
2969 4857 3282 4929 οὐδαμόθεν,
3299 4860 3414 4913 ἀλλ’
3441 4861 3474 4932 ἢ
3501 4867 3768 4936 πονηρίαν

2200 4938 2594 5008 ἐπιτεταμένην
2617 4939 2782 5010 μόνην
2815 4949 2862 4993 ι.
2900 4941 2963 4992 Εἰ
2992 4940 3100 5010 γὰρ
3140 4941 3366 5014 ἐχθροὺς
3406 4945 3628 5019 ἀγαπᾷν
3669 4967 3769 5003 κε..

2197 5021 2482 5093 λευόμεθα,
2527 5023 2652 5075 ὅταν
2681 5024 2776 5076 καὶ
2819 5023 2943 5087 τούς
2974 5024 3259 5093 φιλοῦντας
3306 5029 3552 5099 μισῶμεν
3604 5034 3765 5087 ποίαν

2195 5107 2416 5175 τίσομεν
2468 5105 2660 5176 δίκην;
2699 5108 2809 5158 Καὶ
2852 5109 2899 5160 εί
2943 5109 2971 5160 ό
3005 5109 3130 5170 τοὺς
3180 5109 3466 5178 φιλοῦντας
3494 5114 3762 5182 ἀγαπῶν,

2193 5191 2344 5243 οὐδὲν
2383 5191 2602 5260 ἄμεινον
2623 5191 2730 5243 τῶν
2756 5189 2984 5245 ἐθνικῶν
3011 5193 3367 5248 διακείσεται’
3394 5199 3423 5250 ό
3456 5200 3566 5261 τοῖς
3593 5201 3767 5270 μηδὲν

2192 5274 2505 5344 ἠδικηκόσιν
2535 5274 2873 5345 ἐπηρεάζων,
2904 5274 3051 5349 [215]
3079 5279 3238 5333 ποίαν
3265 5279 3374 5344 ἕξει
3404 5282 3760 5355 συγγνώμην;

2192 5359 2311 5409 τίνα
2337 5358 2393 5410 δέ
2420 5356 2797 5428 παραμυθίαν;
2842 5359 3105 5414 Ἀκουσον
3131 5362 3225 5415 τοῦ
3255 5363 3462 5418 Παύλου
3483 5367 3536 5418 τί
3562 5385 3757 5438 φησιν’

2204 5442 2342 5493 Ἐὰν
2371 5440 2437 5492 τό
2455 5439 2625 5510 σῶμά
2639 5458 2758 5509 μου
2786 5442 3026 5510 παραδῶ
3056 5445 3157 5501 ἵνα
3191 5447 3598 5520 καυθήσωμαι,
3623 5453 3763 5521 ἀγά-

2189 5540 2311 5586 πην
2331 5522 2399 5575 δὲ
2431 5523 2515 5592 μὴ
2564 5523 2700 5592 ἔχω,
2743 5525 2924 5579 οὐδὲν
2976 5526 3332 5600 ὠφελοῦμαι.
3386 5533 3591 5589 Ὅτιδέ
3623 5537 3761 5590 ὅπου

2190 5607 2378 5674 φθόνος
2399 5609 2490 5660 καὶ
2517 5607 2804 5676 βασκανία,
2821 5609 2894 5662 τά
2912 5610 3013 5681 τῆς
3037 5613 3259 5685 ἀγάπης
3281 5615 3572 5688 ἀνῄρηται,
3587 5623 3757 5675 παντί

2189 5708 2290 5744 που
2323 5692 2477 5762 δῆλόν
2518 5694 2653 5747 ἐστι.
2701 5692 2872 5747 Τοῦτο
2901 5696 2962 5748 τὸ
3003 5697 3173 5762 πάθος
3219 5703 3314 5754 καὶ
3361 5704 3614 5774 πορνείας
3659 5712 3755 5762 καὶ

2189 5775 2432 5846 μοιχείας
2455 5776 2632 5846 χεῖρόν
2658 5777 2834 5831 ἐστιδ.
2865 5778 2937 5831 Τὸ
2965 5780 3065 5850 μὲν
3092 5782 3200 5854 γὰρ
3225 5785 3385 5856 μέχρι
3404 5786 3496 5839 τοῦ
3523 5790 3757 5860 πράξαν-

2253 5941 2285 6016 Af.
2301 5942 2470 6016 L-lqre‘l.
2492 5943 2658 6016 λύπην.
2777 5947 2848 5997 Ila
2879 5948 3024 6016 Say'il.
3049 5949 3221 6016 more].
3253 5955 3510 6016 οὐδαμόθεν
3536 5957 3752 6013 ἄλλοθεν,

2183 6004 2334 6080 ἀλλ’ἢ
2354 6006 2450 6054 ἀπὸ
2470 6008 2692 6070 πονηρίας
2715 6009 3042 6073 ἐπιτεταμένης
3064 6015 3224 6075 μόνης.
3310 6013 3340 6055 λ
3375 6004 3551 6067 Ἠοῖ-81.

2181 6082 2320 6114 πολυ.
