4100 6364
352 389 456 447 Ξοο

353 500 601 556 omnibus
628 497 714 553 vel
748 496 1199 567 insipientioribus
1225 497 1442 562 suadet,
1472 512 1531 551 se
1556 513 1660 550 non
1693 497 1929 551 fallacem

353 594 434 648 vel
461 592 904 662 praestigiatorem
928 605 1068 655 esse,
1094 588 1185 643 sed
1207 589 1273 642 ad
1294 604 1634 644 communem
1662 588 1933 643 hominum

351 689 582 742 salutem
612 688 848 740 venisse.

422 781 478 832 2.
507 777 737 834 Christus
773 793 874 830 non
909 777 1061 843 fidem
1098 774 1374 845 requirebat
1401 772 1461 827 ab
1490 772 1551 827 iis
1580 773 1665 844 qui
1690 770 1935 825 miracula

351 872 464 941 ejus
493 887 593 924 non
620 869 865 922 viderant.
892 866 1172 938 Paralytici
1202 866 1327 933 ﬁdes
1352 874 1396 918 et
1424 866 1566 936 fortis
1590 864 1807 917 animus.
1836 861 1935 915 Ju-

348 964 577 1017 dteorum
593 960 904 1031 improbitas.
926 958 1029 1013 Cur
1052 960 1297 1024 Christus,
1316 967 1492 1010 sanato
1514 956 1811 1027 paralytico,
1832 964 1937 1007 sta-

351 1059 441 1109 tim
481 1055 757 1109 recesserit.
783 1084 857 1094 ——
879 1052 983 1108 Sed
1009 1069 1104 1107 cur
1133 1052 1199 1105 ab
1227 1066 1292 1105 eo
1334 1050 1489 1103 ﬁdem
1536 1064 1639 1101 non
1672 1047 1931 1116 requirit,

349 1159 408 1200 ut
445 1163 474 1200 a
512 1148 669 1202 caecis
694 1147 711 1177 ¹
751 1145 941 1215 quibus
977 1143 1115 1199 dixit
1144 1162 1157 1196 :
1188 1142 1403 1199 Creditis
1443 1141 1579 1212 quod
1616 1140 1711 1194 hoc
1748 1139 1934 1209 possim

348 1242 520 1306 facere
549 1237 761 1308 (Matth.
791 1236 843 1292 9.
874 1237 1007 1307 28)?
1034 1236 1164 1301 Quia
1195 1236 1283 1289 ille
1312 1234 1548 1288 nondum
1585 1232 1787 1287 sciebat
1815 1231 1934 1301 quis

350 1334 465 1400 ipse
490 1341 656 1388 esset.
683 1330 865 1400 Neque
894 1331 1034 1384 enim
1061 1340 1186 1383 ante
1208 1369 1223 1393 ,
1255 1328 1350 1382 sed
1393 1337 1513 1398 post
1549 1325 1800 1379 miracula
1832 1323 1934 1377 hoc

348 1426 528 1478 facere
570 1424 727 1478 solet.
768 1422 899 1476 Nam
938 1422 971 1475 ii
1002 1421 1091 1490 qui
1133 1421 1184 1473 in
1224 1418 1433 1474 caeteris
1473 1427 1786 1487 potestatem
1816 1418 1933 1483 ejus

347 1514 618 1577 viderant,
644 1514 767 1583 jure
795 1514 894 1567 hoc
914 1512 1239 1577 audiebant;
1266 1512 1355 1579 qui
1385 1524 1513 1563 vero
1540 1506 1774 1562 nondum
1799 1506 1935 1560 didi—

347 1617 534 1662 cerant
559 1608 678 1676 quis
707 1617 882 1672 esset,
913 1606 1009 1660 sed
1048 1621 1114 1661 ex
1151 1602 1315 1674 signis
1343 1602 1569 1658 docendi
1596 1610 1784 1667 erant,
1815 1609 1935 1669 post

349 1700 439 1753 illa
468 1698 611 1754 edita
637 1698 705 1752 ad
738 1699 894 1753 tidem
930 1706 1203 1751 vocantur.
1234 1694 1358 1750 ldeo
1387 1693 1666 1749 Matthzeus
1697 1709 1800 1747 non
1833 1692 1936 1746 ini-

347 1794 425 1847 tio
466 1792 740 1861 signorum
790 1792 991 1846 inducit
1032 1791 1302 1844 Christum
1349 1789 1448 1841 hoc
1489 1787 1793 1849 dicentem;
1837 1783 1933 1839 sed

349 1895 634 1955 postquam
680 1884 874 1938 multos
919 1891 1233 1945 curaverat,
1273 1880 1325 1934 id
1369 1879 1499 1935 solis
1537 1878 1743 1933 duobus
1775 1877 1933 1932 caecis

346 1978 498 2032 dicit.
526 1977 609 2033 Tu
636 1993 765 2032 vero
794 1977 877 2031 hic
906 1975 1180 2047 paralytici
1207 1974 1363 2028 (idem
1391 1972 1773 2027 animadverte.
1801 1970 1932 2024 Cum

348 2069 580 2135 audiret,
613 2068 755 2123 Tolle
774 2071 793 2100 ³
820 2068 1113 2139 grabbatum
1140 2076 1301 2130 tuum,
1331 2072 1377 2118 et
1402 2063 1603 2117 ambula
1624 2078 1645 2127 ;
1675 2077 1780 2116 non
1809 2061 1933 2115 irri-

347 2166 439 2223 sit,
463 2174 566 2215 nec
594 2159 747 2225 dixit,
773 2159 908 2226 Quid
940 2159 1040 2213 hoc
1064 2158 1185 2213 est?
1209 2156 1429 2227 angelus
1452 2152 1726 2209 descendit
1746 2161 1801 2208 et
1824 2162 1933 2206 tur-

348 2256 441 2307 bat
468 2269 660 2323 aquam
680 2293 697 2319 ,
727 2269 995 2322 unumque
1025 2262 1227 2308 tantum
1264 2258 1417 2305 sanat
1452 2266 1465 2302 :
1498 2258 1551 2303 tn
1581 2262 1707 2301 vero
1726 2288 1741 2311 ,
1771 2245 1933 2299 homo

349 2360 470 2397 cum
505 2345 578 2398 sis
600 2385 615 2406 ,
647 2359 754 2397 uno
786 2352 1052 2412 praecepto
1078 2344 1196 2413 plus
1222 2357 1379 2411 quam
1418 2339 1662 2410 angelum
1695 2349 1745 2392 te
1777 2352 1933 2407 posse

347 2436 568 2503 speras?
592 2436 693 2489 hoc
718 2435 990 2504 superbia,
1014 2434 1114 2489 hoc
1139 2433 1305 2488 fastus
1325 2441 1427 2499 est,
1452 2433 1667 2501 risuque
1689 2430 1929 2500 dignum.

352 2528 546 2583 \‘erum
577 2528 709 2581 nihil
745 2528 935 2581 horum
972 2527 1106 2582 dixit
1142 2527 1223 2580 vel
1257 2525 1545 2595 cogitavit;
1579 2522 1670 2577 sed
1701 2522 1789 2577 ubi
1820 2522 1932 2591 pri-

351 2634 495 2672 mum
515 2618 737 2685 audivit,
761 2619 1015 2685 surrexit,
1038 2628 1092 2674 et
1118 2634 1276 2673 sanus
1302 2617 1489 2683 factus,
1514 2616 1737 2685 impigre
1761 2614 1936 2683 paruit

345 2711 550 2781 jnbenti
577 2729 591 2765 :
623 2711 808 2782 Surge,
839 2711 958 2765 tolle
983 2710 1277 2782 grabbatum
1301 2720 1461 2773 tuum,
1483 2718 1532 2762 et
1551 2707 1775 2761 auibula.
1801 2706 1935 2761 Illud

347 2814 493 2858 certe
520 2804 819 2859 mirandum
845 2814 928 2858 est
952 2819 966 2868 ;
995 2804 1089 2858 sed
1120 2819 1238 2872 quze
1265 2810 1558 2873 sequuntur
1590 2801 1743 2869 longe
1771 2799 1933 2853 mira-

348 2895 569 2959 biliora;
597 2896 706 2949 imo
731 2911 861 2950 vero
883 2895 1023 2965 quod
1048 2894 1199 2951 initio
1224 2898 1437 2948 nemine
1457 2892 1798 2958 obstrepente
1818 2906 1932 2944 cre-

347 2988 563 3053 diderit,
585 3004 693 3043 non
722 2989 792 3043 ita
814 2988 1059 3044 mirabile
1078 2996 1180 3053 est,
1203 2997 1261 3042 ut
1282 3001 1400 3041 eum
1426 2995 1608 3056 postea
1636 2984 1933 3039 furentibus

346 3081 568 3147 Judzeis,
602 3081 835 3151 undique
872 3082 1206 3142 instantibus,
1245 3079 1641 3141 accusantibus,
1672 3076 1929 3131 obsiden-

350 3174 492 3229 tibus
519 3188 584 3228 ac
607 3173 944 3237 dicentibus,
978 3171 1101 3226 Non
1141 3173 1256 3226 licet
1294 3171 1380 3224 tibi
1420 3171 1597 3224 tollere
1636 3168 1930 3239 grabbatum

349 3278 512 3329 tuum,
541 3281 649 3321 non
680 3265 843 3319 modo
868 3265 1079 3319 illorum
1109 3264 1364 3317 insaniam
1392 3262 1655 3331 despexit,
1686 3259 1779 3314 sed
1810 3274 1930 3312 cum

346 3374 537 3429 magna
562 3358 751 3413 lidueia
778 3361 831 3412 in
854 3357 1030 3411 medio
1052 3356 1259 3410 theatro
1284 3353 1578 3409 beneficum
1604 3350 1929 3420 praedicavit,

343 3453 669 3520 illorumque
715 3450 1098 3521 impudentiam
1146 3449 1437 3517 repressit;
1488 3446 1539 3499 id
1584 3453 1731 3499 certe
1778 3442 1931 3498 fortis

344 3545 511 3598 animi
544 3560 665 3599 esse
703 3545 843 3599 dico.
886 3541 1207 3597 instantibus
1249 3541 1388 3595 enim
1431 3538 1664 3600 Iudaeis,
1707 3552 1771 3591 ac
1807 3551 1929 3591 cum

342 3638 589 3690 convicio
615 3645 671 3691 et
698 3635 994 3704 arrogantia
1025 3633 1323 3688 dicentibus
1349 3648 1361 3683 :
1395 3631 1674 3686 Sabbatum
1701 3638 1804 3691 est;
1830 3644 1931 3682 non

341 3729 459 3781 licet
482 3729 570 3780 tibi
593 3727 766 3781 tollere
785 3726 1079 3796 grabbatum
1102 3736 1239 3778 tuum
1259 3740 1279 3788 ;
1298 3723 1420 3777 audi
1438 3722 1561 3791 quid
1579 3720 1927 3790 respondeat:

344 3822 436 3875 11.
464 3821 565 3888 Qui
589 3838 667 3875 me
686 3837 863 3875 sanum
887 3821 1021 3889 fecit,
1048 3818 1135 3872 ille
1157 3817 1282 3871 mihi
1302 3818 1446 3879 dixit,
1472 3815 1619 3869 Tolle
1636 3814 1930 3886 grabbatum

342 3925 509 3972 luunt,
537 3923 586 3967 et
614 3912 853 3973 ambula;
882 3921 1086 3965 tantum
1114 3925 1219 3965 non
1249 3908 1455 3971 dicens,
1488 3908 1648 3961 Deliri
1678 3916 1731 3961 et
1757 3905 1929 3960 insani

342 4006 497 4064 estis.
528 4005 652 4056 dum
676 4004 876 4073 jubetis
904 4018 989 4057 me
1023 4002 1169 4056 illum
1200 4002 1289 4070 qui
1319 4016 1406 4056 me
1432 4016 1462 4054 a
1491 4008 1596 4055 tam
1627 4000 1793 4070 gravi,
1820 4008 1927 4053 tam

339 4095 600 4147 diuturno
638 4094 823 4147 morbo
864 4093 1143 4155 liberavit,
1175 4108 1280 4145 non
1311 4103 1561 4159 reputare
1586 4091 1928 4160 magistrum,

342 4203 446 4240 nec
466 4187 616 4255 jussa
648 4187 762 4254 ejus
786 4186 962 4239 omnia
988 4186 1229 4254 exsequi.
1256 4185 1413 4254 Atqui
1443 4185 1486 4238 si
1517 4185 1745 4253 maligne
1772 4196 1930 4252 agere

340 4278 621 4340 voluisset,
655 4286 861 4345 poterat
896 4277 1002 4330 alio
1029 4277 1188 4329 modo
1212 4276 1395 4330 dicere
1425 4293 1438 4328 :
1464 4274 1581 4331 Non
1612 4274 1799 4330 lubens
1828 4273 1931 4327 hoc

338 4371 516 4433 facio,
548 4369 644 4422 scd
673 4369 777 4422 alio
813 4369 1038 4437 jubente
1079 4384 1093 4423 :
1131 4369 1173 4421 si
1211 4377 1483 4438 peccatum
1514 4376 1624 4433 est,
1652 4366 1927 4436 jubentem

341 4472 615 4523 accusata,
644 4468 700 4513 et
725 4460 916 4514 lectum
948 4459 1211 4528 deponam
1239 4476 1253 4523 ;
1281 4459 1366 4512 vel
1394 4458 1532 4512 forte
1567 4458 1807 4511 sanitatis
1833 4456 1929 4511 be-

343 4552 596 4604 neficium
626 4552 965 4605 occultasset.
989 4551 1118 4605 Nam
1148 4551 1313 4620 probe
1342 4550 1544 4605 sciebat
1567 4550 1709 4619 ipsos
1730 4564 1835 4603 non
1860 4548 1929 4603 ita

340 4645 417 4697 de
442 4644 642 4696 violato
669 4643 888 4697 sabbato
927 4643 1157 4697 morderi
1183 4685 1198 4708 ,
1228 4651 1284 4696 ut
1311 4642 1378 4697 de
1408 4657 1550 4711 aegro
1586 4649 1793 4696 curato.
1823 4639 1929 4695 Sed

344 4752 523 4803 neque
565 4735 669 4789 hoc
713 4735 993 4789 occultavit
1018 4775 1033 4800 ,
1066 4750 1163 4789 nec
1201 4734 1328 4788 illud
1372 4734 1536 4794 dixit.
1577 4748 1675 4788 nec
1719 4732 1928 4787 veniam

346 4829 534 4897 petiit:
559 4827 654 4882 sed
680 4826 957 4894 splendida
982 4841 1111 4880 voce
1138 4826 1450 4880 beneﬁcium
1477 4825 1754 4880 confessus
1776 4831 1859 4879 est
1878 4832 1933 4879 et

344 4920 677 4991 prmdieavit.
706 4919 782 4973 Ita
810 4920 1150 4990 paralyticos.
1178 4920 1253 4973 Illi
1277 4934 1405 4973 vero
1430 4934 1586 4990 quam
1613 4918 1853 4988 improbe
1873 4932 1932 4972 se

342 5020 633 5085 gesserint,
657 5013 967 5069 consideres
988 5015 1170 5068 velim.
1196 5011 1313 5067 Non
1342 5014 1483 5066 enim
1511 5012 1778 5077 dixerunt,
1801 5010 1931 5077 Quis

344 5119 405 5162 te
430 5123 616 5160 sanum
650 5105 810 5161 fecit?
837 5105 929 5159 sed
957 5107 1059 5159 hoc
1084 5102 1299 5168 omisso,
1333 5118 1455 5157 eum
1486 5103 1713 5170 strepitu
1739 5117 1931 5171 magno

346 5196 827 5267 transgressionem
873 5195 1014 5248 illam
1066 5196 1116 5248 in
1162 5194 1392 5248 medium
1438 5193 1790 5249 adducebant.
1840 5191 1926 5245 12.

348 5291 480 5357 Quis
507 5299 580 5342 est
618 5289 706 5341 ille
732 5289 818 5351 qui
848 5288 973 5341 dixit
1002 5287 1125 5351 tibi,
1167 5284 1309 5340 Tolle
1343 5284 1637 5356 grabbatum
1676 5296 1849 5348 tuum,
1886 5292 1933 5337 et

345 5381 553 5432 ambula
571 5379 597 5432 .9
620 5380 705 5433 l5.
739 5377 791 5432 Is
820 5388 985 5431 autem
1010 5379 1094 5447 qui
1120 5393 1273 5432 sanus
1296 5381 1458 5447 fuerat
1488 5376 1714 5441 eﬂ'ectus.
1746 5375 1934 5429 nescie-

343 5474 434 5525 bat
460 5471 571 5541 quis
598 5480 747 5524 esset.
773 5468 807 5522 J
814 5486 925 5523 esus
952 5481 1121 5524 autem
1148 5468 1411 5522 declinavit
1436 5484 1469 5520 a
1498 5467 1640 5520 turba
1666 5469 1935 5522 constituta

418 5604 435 5635 ι
470 5602 612 5653 Savil.
638 5610 689 5653 et
701 5601 907 5665 quidam
931 5609 1055 5657 Mss.,
1078 5606 1128 5650 ut
1148 5598 1207 5649 ab
1228 5598 1354 5649 aliis.
1379 5600 1543 5665 Lectio
1567 5600 1765 5665 Morem,
1788 5612 1932 5662 quam

344 5672 644 5723 retinemus,
668 5660 857 5726 aliquot
878 5665 1303 5726 manuscriptorum
1325 5662 1611 5726 auctoritate
1635 5660 1866 5726 firmatur.

418 5729 438 5758 ⁸
472 5722 637 5777 Morel.
658 5728 731 5776 sic
754 5722 901 5774 effert
921 5724 1048 5773 hunc
1070 5722 1262 5773 locum:
1299 5732 1416 5771 Cum
1464 5722 1655 5771 audiret
1694 5722 1935 5773 (‘Itristum

344 5787 444 5839 sibi
459 5802 571 5841 cum
590 5794 819 5855 potestate
838 5784 958 5838 etin
978 5799 1159 5838 morem
1179 5783 1460 5849 imperantis
1482 5784 1732 5847 dicentem,
1758 5804 1779 5831 ι
1792 5784 1932 5847 rolle,

1303 384 1371 439 ΙΝ
1405 383 1717 440 .IOANNEM
1754 383 1985 440 HOMll..
2026 383 2291 442 XXXVII.
2334 384 2406 441 al.
2444 384 2687 441 XXXVI.

3512 391 3617 448 'z‘lO

2045 496 2098 549 in
2126 497 2255 551 loco.
2284 496 2352 551 Et
2375 513 2471 552 cur
2494 498 2772 554 abscondit
2802 515 2861 555 se
2886 500 3171 558 Christus?
3197 501 3377 559 Primo
3412 515 3467 559 ut
3505 507 3619 576 ipso

2039 588 2259 643 absente
2302 590 2662 644 testimonium
2708 593 3011 661 suspicione
3049 608 3273 649 vacuum
3313 605 3488 661 esset;
3527 600 3618 667 qui

2038 683 2182 737 enim
2209 698 2424 737 sensum
2449 684 2707 739 restitutae
2727 687 2966 741 sanitatis
2993 686 3241 754 habebat,
3272 688 3511 744 beneticii
3541 700 3619 745 te-

2038 774 2134 828 stis
2160 785 2273 828 erat
2293 774 2396 831 fide
2417 775 2630 847 dignus.
2659 778 2741 832 Ad
2770 778 2903 845 hiec,
2933 796 2999 835 ne
3023 782 3277 850 majorem
3306 780 3358 836 in
3382 783 3615 850 ipsorum

2038 866 2229 921 animis
2254 868 2521 922 flammam
2545 870 2861 926 accenderet
2886 888 2899 935 ;
2928 881 3148 927 noverat
3172 874 3312 928 enim
3341 874 3420 929 vel
3449 875 3617 928 solam

2037 959 2153 1029 ejus
2182 961 2268 1014 cui
2310 961 2575 1016 invidetur
2613 965 2950 1032 praesentiam
2971 1008 2986 1027 .
3018 981 3124 1021 non
3166 982 3380 1036 parvam
3412 951 3618 1021 invidis

2038 1051 2322 1106 scintillam
2350 1054 2605 1108 excitare.
2637 1054 2758 1110 Ideo
2802 1057 3074 1123 secedens,
3110 1059 3319 1128 reliquit
3351 1058 3478 1128 ipsis
3504 1074 3616 1113 rem

2037 1144 2176 1213 apud
2220 1160 2280 1199 se
2320 1146 2684 1211 tractandam;
2715 1148 2785 1201 ita
2814 1158 2871 1201 ut
2897 1147 3026 1202 nihil
3066 1150 3179 1219 ipse
3204 1150 3271 1204 de
3300 1164 3358 1204 se
3383 1150 3617 1215 diceret,

2038 1234 2132 1289 sed
2161 1236 2195 1289 ii
2227 1245 2426 1290 tantum
2455 1236 2545 1306 qui
2568 1238 2739 1293 curati
2766 1240 2973 1294 fuerant
2999 1256 3120 1295 cum
3147 1243 3520 1296 accusantibus
3542 1244 3618 1295 lo-

2037 1337 2349 1397 querentur.
2372 1328 2507 1383 Nam
2533 1338 2586 1384 et
2616 1329 2668 1383 hi
2696 1346 2906 1401 quoque
2932 1333 3186 1387 miraculo
3209 1333 3444 1402 praebent
3471 1334 3619 1388 testi-

2038 1419 2294 1472 monium.
2324 1418 2441 1475 Non
2481 1421 2624 1475 enim
2653 1422 2863 1487 dicunt,
2892 1422 3000 1480 Cur
3037 1426 3152 1479 ha>e
3187 1425 3390 1493 jussisti
3420 1426 3533 1481 fieri
3564 1427 3618 1481 in

2037 1510 2301 1564 sabbato?
2326 1512 2419 1566 sed
2445 1554 2459 1576 ,
2490 1512 2598 1567 Cur
2624 1513 2737 1569 haec
2767 1515 2896 1570 facis
2923 1518 2973 1570 in
3004 1517 3267 1572 sabbato?
3304 1534 3409 1572 non
3440 1529 3617 1573 trans-

2036 1604 2364 1673 gressionem
2386 1603 2603 1676 indigne
2629 1607 2881 1674 ferentes,
2908 1610 2999 1664 sed
3024 1611 3299 1682 paralytiei
3326 1613 3618 1667 valetudini

2039 1696 2357 1752 invidentes.
2385 1699 2544 1768 Atqui
2572 1699 2617 1753 si
2645 1699 2931 1755 humanum
2962 1718 3096 1772 opus
3123 1712 3351 1771 spectes,
3381 1704 3505 1757 illud
3534 1719 3622 1772 po-

2038 1790 2162 1854 tius,
2190 1789 2331 1859 quod
2362 1791 2683 1862 paralyticus
2710 1792 2853 1855 fecit,
2883 1802 2999 1847 erat
3023 1809 3149 1848 vere
3174 1810 3309 1863 opus
3333 1812 3347 1859 ;
3376 1795 3623 1849 Christus

2037 1880 2178 1935 enim
2207 1882 2428 1935 verbum
2458 1889 2665 1936 tantum
2694 1883 2965 1937 emiserat.
2998 1884 3095 1938 llic
3119 1884 3277 1938 aliter
3306 1886 3456 1952 jubet
3486 1887 3621 1940 solvi

2038 1972 2352 2037 sabbatum;
2381 1973 2507 2028 alibi
2538 1990 2668 2028 vero
2710 1990 2804 2044 per
2830 1976 3062 2045 seipsum
3105 1976 3263 2031 solvit
3300 1977 3425 2031 illud
3450 2017 3464 2041 ,
3496 1994 3618 2031 cum

2038 2064 2206 2119 lutum
2237 2065 2444 2131 miscet,
2476 2073 2531 2120 et
2557 2066 2742 2121 oculos
2766 2066 2941 2123 illinit.
2973 2067 3106 2122 lllud
3131 2079 3307 2123 autem
3337 2067 3480 2131 facit,
3510 2084 3618 2122 non

2036 2155 2466 2226 transgrediens,
2492 2157 2586 2212 sed
2617 2158 3027 2227 supergrediens
3058 2158 3247 2229 legem.
3279 2160 3351 2213 De
3381 2159 3463 2214 his
3492 2175 3620 2213 vero

2037 2257 2243 2317 postea.
2288 2246 2472 2318 Neque
2508 2249 2651 2302 enim
2698 2248 2893 2318 ubique
2933 2250 3093 2304 simili
3132 2250 3292 2305 modo
3333 2250 3401 2305 de
3443 2251 3620 2305 soluto

2037 2341 2259 2397 sabbato
2285 2352 2566 2399 accusatus
2596 2357 2716 2400 sese
2744 2354 2935 2415 purgat
2962 2361 2975 2399 :
3008 2345 3059 2399 id
3088 2343 3229 2415 quod
3258 2358 3505 2401 accurate
3531 2345 3620 2400 ob-

2036 2435 2353 2490 servandum
2379 2445 2482 2492 est.

2108 2528 2163 2581 3.
2214 2525 2419 2581 Invidia
2459 2536 2703 2597 quantum
2743 2529 2953 2582 malum.
2986 2527 3185 2584 Caritas
3213 2530 3613 2583 commendatur.

2035 2647 2108 2657 —
2128 2616 2346 2673 Interim
2368 2628 2546 2673 autem
2574 2618 2849 2674 videamus
2874 2628 3133 2689 quantum
3157 2622 3357 2676 malum
3384 2623 3453 2676 sit
3484 2623 3621 2675 invi-

2037 2708 2122 2762 dia
2149 2726 2163 2763 :
2193 2723 2301 2779 quo
2329 2718 2485 2779 pacto
2514 2710 2710 2766 mentis
2727 2711 2914 2767 oculos
2933 2711 2999 2766 ad
3022 2713 3312 2782 perniciem
3333 2712 3497 2767 invidi
3519 2728 3616 2767 ex-

2036 2810 2219 2857 caecet.
2252 2802 2709 2870 Quemadmodum
2757 2806 2899 2860 enim
2938 2806 3119 2861 furiosi
3173 2807 3406 2875 gladium
3444 2808 3495 2861 in
3524 2822 3612 2863 se-

2037 2896 2183 2964 ipsos
2203 2910 2347 2964 saepe
2366 2904 2703 2963 convertunt,
2728 2896 2798 2951 ita
2818 2912 3031 2968 quoque
3052 2898 3243 2963 invidi,
3258 2913 3418 2952 unam
3439 2898 3614 2953 solum

2036 2994 2339 3053 spectantes
2367 2986 2613 3041 illius.cui
2638 2986 2895 3053 invident,
2919 2988 3230 3057 perniciem,
3254 2998 3437 3043 contra
3462 3004 3614 3043 suam

2037 3076 2260 3130 salutem
2286 3075 2442 3130 bruto
2471 3076 2674 3147 impetu
2702 3077 2967 3133 feruntur.
3000 3078 3065 3133 lli
3090 3079 3174 3134 vel
3201 3077 3333 3134 feris
3364 3090 3488 3134 sunt
3520 3080 3611 3135 de-

2030 3167 2283 3223 teriores.
2306 3168 2440 3222 Nam
2464 3169 2566 3223 illa:
2586 3210 2601 3235 ,
2625 3169 2707 3224 vel
2733 3170 2872 3239 quod
2894 3169 3016 3225 cibo
3038 3179 3262 3240 egeant,
3291 3171 3374 3226 vel
3400 3188 3430 3226 a
3457 3171 3612 3226 nobis

2036 3259 2258 3315 irritatae
2279 3304 2293 3327 ,
2325 3270 2514 3316 contra
2543 3276 2642 3316 nos
2676 3273 2986 3328 armantur;
3019 3262 3074 3316 hi
3102 3274 3277 3318 autem
3308 3266 3468 3318 etiam
3493 3274 3617 3333 post

2037 3364 2252 3423 accepta
2275 3352 2553 3419 beneficia,
2574 3353 2844 3409 beneficos
2864 3370 3008 3424 saepe
3030 3371 3127 3424 pro
3147 3356 3375 3411 inimicis
3394 3354 3610 3410 habent.

2036 3442 2187 3499 Feris
2206 3459 2335 3500 sane
2354 3445 2406 3498 hi
2433 3445 2729 3500 deteriores
2751 3454 2903 3512 sunt,
2928 3446 3260 3503 daemonibus
3281 3462 3471 3517 pares;
3502 3448 3611 3502 imo

2038 3536 2174 3591 forte
2201 3538 2410 3607 pejores
2439 3537 2562 3591 illis.
2592 3536 2671 3592 llli
2711 3552 2942 3608 namque
2970 3537 3257 3593 adversum
3289 3553 3387 3593 nos
3417 3540 3610 3608 impla-

2036 3630 2237 3685 Cabiles
2254 3637 2510 3685 exercent
2537 3629 2863 3696 inimicitias,
2892 3629 2986 3685 sed
3008 3632 3091 3684 sui
3119 3631 3383 3685 similibus
3412 3631 3613 3686 daemo-

2037 3722 2192 3777 nibus
2218 3739 2324 3776 non
2351 3722 2701 3787 insidiantur;
2735 3722 2962 3793 ideoque
2984 3724 3107 3777 hinc
3130 3723 3375 3778 Christus
3394 3723 3615 3779 Judazos

2035 3812 2361 3879 confutavit,
2393 3828 2514 3868 cum
2541 3814 2781 3869 dicerent
2805 3814 2980 3884 ipsum
3013 3815 3068 3869 in
3095 3814 3391 3870 Beelzebub
3414 3815 3611 3885 ejicere

2035 3906 2314 3961 dtemonia.
2342 3905 2406 3961 Hi
2428 3920 2556 3961 vero
2580 3922 2648 3961 ne
2674 3916 2877 3962 natura:
2901 3907 3116 3977 quidem
3145 3922 3255 3962 suae
3281 3908 3607 3962 consortium

2035 4008 2349 4054 reverentur
2367 4039 2382 4064 ,
2412 4014 2588 4069 neque
2613 3999 2715 4054 sibi
2743 3999 2874 4070 ipsis
2905 4008 3145 4070 parcunt.
3177 3999 3310 4055 Nam
3337 4011 3461 4055 ante
3488 4001 3607 4054 ani-

2036 4103 2178 4142 mam
2202 4104 2351 4143 suam
2370 4130 2384 4152 ,
2408 4104 2564 4160 quam
2586 4104 2681 4145 eos
2700 4090 2892 4160 quibus
2925 4090 3188 4157 invident,
3222 4091 3449 4157 laedunt,
3479 4090 3607 4145 dum

2035 4182 2175 4236 illam
2199 4181 2393 4237 frustra
2421 4184 2647 4238 tumultu
2671 4198 2735 4238 ac
2757 4198 2989 4240 mmrore
3010 4183 3237 4255 replent.
3265 4182 3391 4250 Cur,
3413 4184 3483 4237 mi
3510 4183 3611 4238 bo-

2036 4287 2126 4327 mo
2146 4314 2161 4338 ,
2189 4272 2256 4328 de
2279 4274 2506 4343 proximi
2527 4274 2683 4329 bonis
2702 4276 3000 4331 cruciaris?
3028 4276 3220 4332 Dolere
3245 4284 3519 4346 oporteret
3540 4276 3614 4331 de

2035 4366 2191 4421 malis
2221 4367 2453 4433 nostris,
2483 4382 2589 4421 non
2620 4368 2687 4422 de
2716 4368 2946 4438 proximi
2978 4367 3246 4423 felicitate.
3276 4370 3609 4440 QuaprOpter

2037 4458 2141 4512 hoc
2167 4467 2440 4527 peccatum
2471 4459 2625 4513 venia
2652 4474 2872 4528 prorsus
2901 4460 3160 4529 privatur.
3188 4459 3322 4515 Nam
3344 4470 3612 4516 scortator

2034 4557 2213 4621 potest
2236 4550 2723 4618 concupiscentiam
2749 4551 3040 4606 obtendere
3061 4592 3078 4618 ,
3108 4551 3193 4607 fur
3216 4562 3609 4623 paupertatem,

2038 4643 2298 4698 homicida
2323 4646 2454 4697 iram
2476 4660 2491 4709 ;
2522 4644 2894 4700 excusationes
2914 4644 3125 4715 quidem
3149 4645 3364 4715 frigidas
3384 4654 3437 4700 et
3458 4647 3604 4701 insa-

2036 4750 2154 4799 nas,
2178 4733 2271 4788 sed
2294 4750 2412 4804 qua:
2434 4745 2611 4791 tamen
2631 4735 2859 4807 proferri
2881 4747 3101 4806 queunt.
3128 4737 3207 4791 Tu
3228 4753 3377 4803 vero,
3399 4752 3609 4808 quaeso,

2036 4843 2194 4897 quam
2217 4842 2429 4881 causam
2458 4828 2751 4883 obtendes?
2780 4827 2987 4883 Nullam
3010 4831 3228 4883 omnino
3247 4871 3262 4896 ,
3292 4830 3395 4884 nisi
3425 4830 3611 4901 ingen-

2038 4930 2144 4973 tem
2177 4918 2488 4988 nequitiam.
2523 4920 2652 4975 Nam
2695 4920 2741 4974 si
2785 4920 3029 4975 inimicos
3057 4921 3280 4992 diligere
3318 4921 3569 4992 jubemur
3591 4962 3608 4987 ,

2037 5011 2081 5063 si
2110 5010 2311 5064 amicos
2338 5008 2462 5063 odio
2491 5008 2782 5065 habeamus
2801 5052 2817 5076 ,
2846 5026 2953 5080 quo
2982 5025 3090 5067 non
3134 5012 3394 5083 supplicio
3423 5011 3634 5082 punio--

2038 5100 2194 5154 mur?
2225 5099 2291 5153 Et
2322 5101 2364 5154 si
2398 5100 2443 5154 is
2471 5100 2561 5169 qui
2607 5103 2807 5156 amicos
2850 5115 2976 5157 suos
3015 5102 3218 5173 diligit,
3267 5119 3375 5158 non
3420 5102 3612 5157 melius

2036 5207 2197 5261 quam
2224 5200 2410 5260 gentes
2438 5190 2659 5245 allectus
2678 5202 2794 5258 est;
2817 5194 2906 5263 qui
2928 5209 2987 5250 se
3012 5196 3144 5250 nihil
3170 5194 3486 5250 laadentibus
3508 5209 3610 5249 no-

2037 5297 2141 5350 cet,
2161 5301 2318 5354 qnam
2336 5295 2419 5339 est
2435 5285 2710 5339 habiturus
2728 5286 2957 5352 veniam,
2975 5303 3133 5358 quam
3153 5286 3573 5344 consolationem
3589 5286 3613 5339 1

2037 5376 2173 5429 Audi
2202 5376 2423 5430 Paulum
2446 5376 2711 5431 dicentem
2736 5395 2750 5430 :
2784 5377 2846 5432 Si
2868 5378 3124 5433 tradidero
3149 5394 3334 5448 corpus
3354 5395 3520 5432 meum
3540 5379 3612 5431 ita

2038 5479 2092 5521 ut
2122 5470 2327 5523 ardeam
2351 5510 2366 5533 ,
2396 5470 2659 5522 caritatem
2697 5481 2865 5524 autem
2904 5488 3007 5526 non
3034 5473 3254 5527 habuero
3275 5512 3291 5538 ,
3319 5472 3447 5526 nihil
3486 5474 3613 5526 mihi

2041 5560 2239 5628 prodest
2266 5561 2283 5627 (
2306 5561 2355 5613 l.
2385 5558 2503 5612 Cor.
2533 5560 2621 5615 i5.
2649 5561 2745 5631 5).
2774 5561 2925 5628 Quod
2952 5572 3127 5617 autem
3159 5563 3249 5618 ubi
3279 5563 3415 5618 livor
3441 5573 3497 5619 et
3526 5564 3609 5618 in-

2040 5650 2178 5705 vidia
2225 5660 2341 5716 est,
2390 5650 2585 5705 caritas
2615 5666 2834 5719 prorsus
2880 5653 3087 5708 sublata
3118 5654 3219 5722 sit,
3272 5655 3472 5710 nemini
3504 5669 3609 5709 non

2040 5754 2223 5797 notum
2253 5750 2357 5796 est.
2386 5743 2496 5797 lloc
2527 5744 2715 5798 vitium
2762 5753 2844 5799 est
2887 5744 3239 5803 fornicatione
3269 5758 3323 5804 et
3349 5748 3614 5803 adulterio

2047 5837 2219 5908 pejus.
2241 5834 2373 5894 Nam
2395 5835 2524 5893 illud
2554 5837 2606 5893 in
2630 5846 2887 5908 operante
2908 5840 3180 5903 consistit.
3202 5842 3414 5901 insidia:
3436 5852 3617 5899 autem
