4100 6364
441 411 541 467 211

443 521 683 578 trutnnis
706 521 978 579 Ecclesias
999 523 1232 591 integras
1250 515 1547 580 subvertit,
1569 522 1624 567 et
1644 520 1815 566 totum
1838 508 2027 563 orbem

444 615 801 670 labefactavit.
832 616 956 671 Haec
996 613 1158 671 caedis
1189 619 1360 665 mater
1388 614 1471 662 est
1500 624 1513 659 :
1555 604 1658 658 hac
1686 610 1862 657 motus
1891 599 2022 654 Cain

442 705 659 762 fratrem
689 706 885 763 occidit
913 723 926 760 :
973 705 1058 760 illa
1090 702 1394 760 concitante
1423 697 1687 754 Iacobum
1723 694 1865 748 Esau
1886 733 1901 758 ,
1931 690 2025 747 Jo-

442 802 666 870 si-phum
696 799 890 855 fratres
913 842 926 863 ,
956 799 1246 853 humanum
1276 808 1446 865 genus
1468 790 1714 846 diabolus
1741 800 2026 858 aggressus

443 904 544 947 est.
580 895 647 947 At
678 902 731 946 tu
772 908 876 946 non
924 889 1219 956 interﬁcis,
1257 886 1351 941 sed
1393 883 1540 939 caede
1583 882 1740 950 longe
1784 878 2029 947 graviora

444 956 751 1055 perpetr'as,
778 984 903 1037 dum
932 984 1167 1054 precaris
1199 989 1255 1034 ut
1287 979 1451 1033 frater
1493 974 1784 1043 ignominia
1816 970 2021 1024 afﬁcia-

447 1086 562 1140 tur,
597 1075 723 1129 dum
755 1074 973 1145 laqueos
1002 1074 1099 1143 ipsi
1132 1071 1305 1126 tendis
1343 1066 1578 1136 undique
1599 1105 1612 1129 ,
1642 1063 1768 1118 dum
1801 1077 1901 1133 pro
1922 1062 2031 1115 vir-

446 1176 556 1222 tute
584 1178 863 1237 susceptos
893 1167 1103 1221 labores
1133 1163 1359 1219 resolvis
1380 1202 1395 1225 ,
1426 1174 1547 1215 cum
1578 1172 1719 1227 aegre
1749 1156 1857 1210 fers
1884 1154 2027 1224 quod

443 1259 589 1314 orbis
612 1261 837 1314 Domino
868 1260 1091 1328 placeat.
1117 1256 1231 1311 Non
1264 1256 1411 1309 illum
1434 1266 1583 1322 ergo.
1606 1248 1699 1303 sed
1723 1263 1842 1301 eum
1865 1262 2024 1317 quem

445 1351 558 1420 ipse
582 1351 711 1405 colit
740 1352 1019 1421 impugnas
1047 1367 1060 1403 :
1102 1349 1252 1402 illum
1296 1342 1617 1401 contumelia
1660 1339 1830 1394 afﬁcis
1853 1380 1868 1405 ,
1900 1339 2027 1393 dum

446 1442 706 1498 honorem
735 1453 883 1498 tuum
906 1443 1045 1497 illius
1070 1440 1257 1495 honori
1286 1435 1569 1507 anteponis
1595 1453 1607 1489 :
1636 1432 1887 1503 quodque
1907 1446 2029 1501 gra-

445 1537 718 1591 vissimum
752 1549 863 1601 est,
899 1537 1066 1590 levem
1108 1543 1263 1604 putas
1291 1546 1412 1587 esse
1441 1529 1651 1596 culpam
1674 1566 1689 1592 ,
1740 1525 1865 1578 licet
1907 1538 2026 1577 om-

444 1628 589 1683 nium
617 1627 906 1683 deterrima
939 1628 1023 1682 sit.
1058 1625 1191 1682 Nam
1213 1625 1258 1680 si
1288 1623 1383 1678 des
1411 1622 1837 1690 eleemosynam,
1870 1615 1915 1669 si
1942 1617 2026 1669 vi-

443 1720 607 1791 giles,
648 1720 691 1776 si
732 1720 975 1789 jejunes,
1024 1718 1261 1772 omnium
1308 1711 1751 1771 sceleratissimus
1778 1723 1866 1774 es,
1900 1707 2027 1761 dum

447 1811 594 1865 fratri
624 1810 847 1865 invides.
876 1810 930 1864 Id
956 1809 1040 1864 vel
1071 1810 1194 1863 inde
1216 1815 1444 1861 constat.
1472 1804 1749 1860 Scortatus
1773 1809 1856 1855 est
1879 1800 2027 1869 quis-

444 1905 587 1975 piam
611 1903 750 1972 apud
792 1902 1135 1967 Corinthios;
1178 1900 1272 1956 sed
1314 1907 1599 1954 accusatus
1638 1896 1745 1950 cito
1775 1893 2025 1963 resipuit.

445 1995 595 2049 Aheli
622 1993 748 2049 Cain
777 1994 965 2048 invidit
993 2009 1008 2059 ;
1043 2002 1100 2049 et
1123 2006 1411 2061 numquam
1439 1988 1752 2045 emendatus
1780 1993 1898 2050 est;
1931 1982 2026 2037 sed

447 2086 570 2139 licet
599 2085 737 2139 Deus
767 2084 865 2153 ipsi
897 2083 1206 2153 frequenter
1236 2082 1338 2137 hoc
1362 2081 1514 2135 ulcus
1539 2084 1895 2140 memoraret,
1930 2073 2022 2127 ille

1211 408 1269 462 S.
1308 400 1583 461 JOANNIS
1618 395 2087 455 CHRYSOSTOMI
2127 395 2441 452 ARCHIEP.
2480 395 3006 456 CONSTANTINOP.

3602 402 3709 458 2|!

2135 511 2304 582 magis
2334 511 2749 577 intumescebat,
2793 523 2847 569 et
2891 513 2956 568 ad
3003 510 3202 571 caedem
3246 514 3601 585 properabat:
3633 517 3707 574 ita

2134 602 2237 659 hoc
2260 603 2443 658 vitium
2468 603 2561 657 illo
2589 602 2776 659 fortius
2801 615 2882 661 est
2900 647 2916 671 ,
2947 621 3119 676 neque
3148 604 3306 662 facile
3329 616 3575 676 curatur,
3603 610 3708 665 nisi

2131 696 2486 752 attendamus.
2531 696 2803 753 Radicitus
2845 713 2971 768 ergo
3011 700 3185 768 ipsum
3220 699 3544 766 evellamus,
3575 701 3707 756 illud

2131 789 2461 858 cogitantes,
2504 802 2602 842 nos
2633 798 2689 843 ut
2720 790 2884 844 Deum
2931 788 3251 847 offendimus
3274 830 3289 855 .
3317 790 3441 846 dum
3471 792 3700 849 aliorum

2132 878 2287 933 bOIIiS
2318 877 2617 933 invidemus
2637 920 2653 946 ,
2685 878 2757 933 ita
2801 880 3068 948 placemus
3098 881 3198 951 ipsi
3223 923 3238 949 ,
3270 896 3391 937 cum
3417 894 3703 955 congratu-

2133 974 2306 1029 lamur
2325 1014 2340 1038 ,
2367 982 2422 1028 et
2446 974 2519 1028 ita
2549 982 2829 1028 consortes
2854 973 3117 1029 efﬁcimur
3138 975 3399 1030 bonorum
3419 992 3538 1047 quae
3564 987 3708 1033 recte

2131 1067 2372 1136 operanti
2400 1076 2584 1135 parata
2614 1074 2759 1122 sunt.
2792 1066 2918 1122 Ideo
2942 1067 3141 1123 Paulus
3168 1068 3441 1136 hortatur,
3475 1069 3711 1126 Gaudere

2130 1174 2243 1210 cum
2264 1157 2613 1227 gaudentibus,
2633 1169 2679 1213 et
2700 1160 2825 1227 ﬂere
2845 1176 2959 1212 cum
2977 1160 3211 1229 ﬂentibus
3237 1160 3257 1229 (
3278 1161 3427 1216 Rom.
3457 1161 3543 1216 12.
3569 1163 3667 1233 15)
3689 1180 3705 1227 ;

2131 1257 2187 1303 ut
2220 1264 2469 1318 magnum
2505 1250 2751 1319 utrinque
2780 1250 2982 1305 lucrum
3015 1261 3368 1320 reportemus.
3398 1250 3707 1322 Cogitantes

2132 1340 2290 1409 igitur
2310 1383 2323 1405 ,
2356 1341 2457 1395 etsi
2494 1356 2600 1396 non
2622 1342 2954 1407 laboremus,
2986 1343 3029 1397 si
3056 1358 3180 1413 erga
3204 1343 3533 1399 laborantem
3557 1354 3703 1399 recte

2131 1432 2464 1498 afficiamur,
2498 1434 2639 1488 illius
2681 1448 2780 1487 nos
2829 1449 3148 1489 coronarum
3191 1436 3474 1506 participes
3523 1433 3700 1501 efﬁci,

2132 1524 2355 1578 livorem
2401 1540 2615 1580 omnem
2661 1526 2972 1595 cjicianlus,
3016 1536 3070 1581 et
3104 1507 3377 1581 caritatem
3408 1527 3461 1581 in
3502 1527 3697 1583 animis

2131 1614 2329 1668 nostris
2374 1614 2701 1681 inseramus;
2737 1626 2792 1670 ut
2821 1616 2945 1670 dum
2978 1616 3229 1672 fratribus
3260 1618 3513 1688 praeclare
3545 1634 3713 1690 agen-

2133 1705 2273 1759 tibus
2300 1706 2621 1775 plaudimus,
2654 1717 2709 1763 et
2738 1710 3021 1777 praesentia
3044 1719 3097 1764 et
3122 1711 3296 1763 futura
3320 1726 3711 1781 consequamur

2130 1797 2270 1853 bona
2290 1840 2306 1865 ,
2334 1800 2501 1869 gratia
2526 1809 2581 1855 et
2609 1801 2935 1871 benignitate
2964 1803 3174 1858 Domini
3206 1805 3375 1859 nostri
3400 1804 3525 1860 Jesu
3550 1804 3708 1860 Chri-

2129 1892 2231 1956 sti,
2264 1907 2356 1961 per
2384 1907 2543 1961 quem
2568 1903 2623 1947 et
2649 1908 2771 1948 cum
2813 1909 2919 1964 quo
2948 1895 3089 1951 Patri
3107 1896 3307 1966 gloria,
3336 1913 3543 1968 unaque
3570 1897 3693 1966 Spi-

2132 1981 2253 2035 ritui
2294 1991 2481 2036 sancto
2501 2024 2516 2050 ,
2550 1998 2691 2040 nunc
2720 1993 2774 2039 et
2803 2000 3015 2056 semper
3036 2026 3053 2052 ,
3085 1998 3138 2042 et
3168 1987 3219 2041 in
3250 1988 3443 2043 szecula
3484 1990 3710 2045 saculo-

2133 2088 2271 2126 rum.
2301 2075 2493 2129 Amen.

1720 2283 2062 2347 HOMILIA
2112 2280 2473 2343 XXXVIII.

450 2437 535 2493 14.
571 2436 759 2495 Postea
797 2437 983 2492 invenit
1015 2453 1131 2491 eum
1172 2434 1325 2491 Iesus
1351 2435 1403 2488 in
1456 2431 1674 2502 templo,
1706 2441 1753 2485 et
1784 2431 1913 2485 dixit
1940 2428 1987 2482 ei
2011 2442 2031 2481 :

520 2527 652 2581 Ecce
690 2544 843 2581 sanus
887 2529 1051 2597 factus
1096 2543 1182 2591 es;
1205 2527 1321 2598 jam
1349 2523 1456 2579 noli
1506 2538 1745 2594 peccare,
1792 2537 1855 2575 ne
1894 2519 2034 2573 dete-

518 2622 626 2674 rius
657 2620 850 2691 aliquid
886 2619 972 2674 tibi
1019 2620 1297 2687 contingat.

520 2715 573 2768 1.
610 2711 742 2768 Deus
774 2730 955 2784 corpus
984 2713 1198 2783 castigat
1227 2712 1287 2764 ob
1319 2710 1504 2764 anima:
1531 2716 1753 2779 peccata.
1781 2704 2034 2760 Cebenna:

451 2808 702 2878 supplicia
746 2817 934 2862 (eterna
962 2816 1077 2861 sunt
1106 2816 1151 2861 et
1174 2808 1334 2876 justa.
1394 2805 1492 2872 Qui
1531 2806 1648 2874 jam
1695 2818 1787 2873 pro
1817 2800 2035 2872 peccatis

453 2901 588 2972 νιεπὶ
611 2901 661 2954 in
683 2900 857 2955 eadem
880 2901 1145 2966 recidunt,
1170 2900 1386 2970 majores
1406 2898 1598 2951 dabunt
1624 2912 1814 2967 poenas.
1857 2892 2026 2947 Morbi

457 2991 664 3061 plurimi
696 3008 756 3045 ea:
802 3001 1003 3061 peccato
1032 2991 1283 3045 oriuntur.
1314 3019 1385 3029 —
1414 2987 1521 3043 Res
1549 2986 1726 3057 gravis
1757 2992 2032 3055 peccatum

455 3091 536 3137 est
560 3122 576 3148 ,
602 3096 690 3136 res
732 3089 885 3136 certe
921 3080 1096 3151 gravis
1126 3089 1180 3134 et
1220 3080 1412 3134 anima:
1453 3078 1747 3148 pernicies;
1782 3075 1853 3129 ita
1883 3083 1939 3127 ut
1966 3088 2031 3127 ex

455 3173 804 3228 redundantia
826 3188 967 3243 saepe
992 3174 1152 3227 etiam
1180 3186 1402 3242 corpora
1435 3169 1611 3224 laedat.
1639 3168 1775 3235 Quia
1804 3167 1948 3221 enim
1979 3173 2036 3219 ut

458 3266 743 3338 plurimum
787 3275 1077 3336 mgrotante
1106 3266 1316 3328 anima,
1347 3262 1495 3316 nullo
1520 3260 1782 3315 afﬁcimur
1808 3258 1992 3312 dolore
2016 3273 2031 3319 ;

456 3363 505 3418 si
527 3377 652 3417 vero
680 3375 876 3431 corpus
906 3360 1170 3414 tantillum
1202 3358 1409 3412 laboret
1436 3396 1451 3421 ,
1480 3369 1691 3409 omnem
1720 3352 2036 3407 adhibemus

457 3469 677 3523 operam
706 3463 764 3507 ut
790 3454 962 3522 ipsum
991 3451 1060 3506 ab
1099 3449 1406 3505 infirmitate
1450 3447 1737 3502 liberemus
1758 3484 1773 3509 ,
1799 3458 1866 3498 eo
1894 3441 2034 3512 quod

458 3548 601 3601 illam
624 3546 913 3601 sentiamus
935 3560 948 3608 ;
982 3544 1102 3598 ideo
1128 3542 1266 3597 Deus
1287 3556 1484 3610 corpus
1504 3541 1729 3609 castigat
1751 3537 1821 3593 ob
1846 3537 2036 3590 animae

459 3644 673 3708 peccata
715 3675 731 3702 ,
762 3644 820 3689 ut
861 3633 1130 3689 inferioris
1170 3632 1335 3701 partis
1359 3630 1747 3699 castigatione,
1773 3625 2037 3695 superiori

461 3727 817 3782 valetudinem
861 3725 1049 3796 pariat.
1103 3723 1192 3777 Sic
1218 3733 1269 3775 et
1300 3722 1439 3791 apud
1492 3719 1803 3775 Corinthios
1872 3714 2040 3770 forni-

459 3829 694 3874 calorem
751 3818 946 3873 Paulus
999 3815 1336 3876 emendavit,
1394 3830 1489 3884 per
1537 3813 1715 3866 carnis
1764 3811 2034 3865 interitum

461 3912 657 3965 anima:
684 3910 927 3963 morbum
952 3908 1229 3962 cohibens.
1257 3906 1390 3961 Nam
1418 3907 1623 3959 invecta
1650 3906 1702 3958 in
1730 3919 1925 3972 corpus
1950 3917 2039 3957 se-

459 4002 638 4057 ctione
658 4042 674 4068 ,
696 4002 773 4055 sic
795 3999 990 4054 malum
1014 4001 1326 4068 compressit
1359 4017 1372 4052 :
1408 3997 1544 4051 haud
1567 4012 1723 4051 secus
1744 4012 1904 4065 quam
1928 4010 2039 4049 me-

461 4095 615 4149 dicus
644 4093 897 4162 optimus,
926 4091 1015 4161 qui
1037 4106 1157 4146 eum
1187 4089 1496 4161 hydropisin
1524 4097 1614 4142 aut
1636 4089 1876 4157 splenem
1906 4087 2044 4140 inte-

462 4186 696 4241 rioribus
737 4184 1037 4254 pharmacis
1063 4199 1168 4237 non
1200 4182 1396 4237 cedere
1434 4180 1617 4247 videt,
1648 4180 1885 4236 exterius
1913 4181 2038 4233 urit.

467 4278 559 4333 Sic
587 4292 711 4347 erga
741 4274 1087 4347 paralyticum
1127 4277 1234 4342 egit
1257 4272 1518 4327 Christus.
1544 4273 1621 4325 Ac
1645 4270 1766 4325 vide
1811 4284 2042 4340 quomo-

468 4368 541 4423 do
570 4366 622 4422 id
669 4366 938 4421 declaret:
972 4364 1101 4419 Ecce
1122 4380 1277 4418 sanus
1307 4364 1470 4433 factus
1488 4378 1579 4426 es;
1595 4364 1710 4431 jam
1737 4362 1840 4415 noli
1863 4377 2042 4430 pecca-

464 4476 553 4523 re,
585 4475 646 4512 ne
674 4459 891 4512 deterius
918 4457 1006 4510 tibi
1034 4455 1227 4525 aliquid
1255 4455 1534 4524 contingat.
1566 4452 1703 4521 Quid
1731 4453 1890 4523 igitur
1918 4451 2043 4506 inde

464 4551 741 4608 discimus.
771 4551 1007 4605 Primum
1029 4590 1044 4615 ,
1075 4564 1139 4604 ex
1170 4556 1389 4617 peccato
1419 4547 1519 4616 ipsi
1547 4555 1728 4600 natum
1758 4544 2039 4609 morbum;

466 4641 737 4706 secundo,
769 4657 894 4696 vere
945 4639 1271 4695 credendam
1306 4652 1426 4693 esse
1468 4638 1799 4708 gehennam;
1849 4637 2042 4700 tertio,

466 4732 771 4788 diuturnum
793 4741 953 4801 atque
973 4740 1284 4801 perpetuum
1304 4744 1424 4783 esse
1453 4730 1791 4799 supplicium.
1812 4728 2039 4784 Ubinam

466 4836 596 4891 ergo
624 4831 747 4875 sunt
776 4822 848 4876 illi
878 4823 965 4893 qui
996 4822 1177 4876 dicunt
1196 4863 1211 4884 .
1245 4821 1400 4876 Hora;
1430 4821 1587 4874 unius
1614 4822 1788 4890 spatio
1828 4821 2001 4875 occidi
2026 4862 2041 4885 ,

468 4915 616 4970 brevi
660 4924 900 4984 tempore
944 4913 1265 4969 adulterium
1310 4913 1590 4979 commisi,
1620 4921 1675 4967 et
1717 4912 2045 4967 immortales

466 5007 609 5062 dabo
637 5008 851 5076 poenas?
883 5006 1020 5062 Ecce
1049 5008 1135 5061 hic
1164 5022 1270 5061 non
1309 5016 1385 5061 tot
1416 5008 1656 5077 peccavit
1684 5017 1812 5077 quot
1858 5008 2045 5077 plcxus

382 5126 386 5135 ο
467 5110 551 5154 est
578 5100 733 5154 annis
756 5140 770 5163 ,
802 5110 857 5154 et
886 5102 939 5151 in
987 5098 1336 5154 diuturnitate
1384 5114 1557 5169 pinnae
1608 5107 1772 5152 totam
1804 5098 1917 5153 fere
1948 5098 2046 5153 ho-

465 5193 626 5246 minis
667 5193 830 5245 vitam
876 5190 1193 5258 absumpsit.
1237 5189 1351 5244 Non
1382 5190 1523 5245 enim
1555 5207 1617 5244 ex
1653 5199 1891 5259 tempore
1924 5206 2045 5259 pec-

465 5295 584 5338 cata
612 5284 827 5338 metitur
863 5282 1000 5336 Deus
1020 5324 1034 5348 ,
1062 5281 1157 5336 sed
1191 5298 1257 5336 ex
1294 5283 1406 5351 ipsa
1433 5283 1697 5338 scelerum
1726 5294 1931 5337 natura.
1962 5284 2044 5337 Ad

467 5376 583 5430 hare
622 5374 751 5429 illud
790 5389 1001 5443 quoque
1045 5372 1521 5435 considerandum,
1551 5374 1651 5427 etsi
1681 5390 1870 5443 graves
1896 5376 2044 5442 prio-

467 5484 585 5521 rum
618 5468 879 5523 scelerum
911 5480 1095 5535 pinnas
1121 5464 1312 5520 demus
1333 5505 1348 5530 ,
1377 5465 1421 5519 si
1452 5466 1504 5518 in
1533 5465 1718 5519 eadem
1753 5476 1933 5535 postea
1966 5469 2045 5520 in-

470 5551 709 5611 cidamus
734 5599 749 5621 ,
783 5558 940 5627 longe
982 5557 1225 5627 graviora
1256 5570 1355 5609 nos
1383 5555 1636 5627 deinceps
1662 5572 1948 5627 passuros;
1981 5573 2045 5613 ac

462 5648 585 5718 jure
614 5651 823 5705 merito.
857 5650 906 5704 ls
934 5650 1076 5705 enim
1107 5649 1197 5718 qui
1227 5664 1295 5704 ne
1320 5649 1582 5719 supplicio
1607 5650 1820 5719 quidem
1853 5651 2044 5707 melior

466 5739 730 5808 efﬁcitur,
778 5741 929 5810 quasi
978 5740 1222 5809 stupidus
1268 5739 1481 5794 demum
1527 5751 1580 5794 et
1624 5752 1958 5811 contemptor
1989 5745 2040 5798 in

469 5831 726 5902 majorem
756 5833 981 5888 ducetur
1002 5832 1317 5889 cruciatum.
1347 5831 1523 5888 Semel
1548 5834 1688 5888 enim
1720 5834 1925 5907 lapsum
1949 5836 2042 5892 ἀρε

2144 2424 2305 2481 bebat
2343 2429 2664 2499 supplicium
2703 2434 2955 2492 cohibere
2992 2447 3047 2493 et
3073 2437 3140 2492 ad
3188 2440 3465 2495 meliorem
3513 2441 3719 2511 frugem

2139 2517 2430 2575 reducere:
2455 2523 2579 2591 quia
2602 2539 2730 2579 vero
2752 2538 2872 2596 post
2892 2529 3095 2583 illatum
3118 2532 3431 2601 supplicium
3456 2548 3559 2586 non
3578 2543 3714 2588 tem-

2140 2612 2414 2678 perantior
2456 2613 2721 2681 efﬁcitur,
2756 2617 2849 2672 sed
2895 2618 3080 2674 eadem
3123 2621 3236 2691 ipsa
3263 2622 3423 2677 audet
3466 2623 3715 2693 aggredi,

2135 2701 2257 2771 jure
2280 2704 2429 2759 dabit
2458 2720 2643 2774 poenas
2669 2708 2735 2762 ad
2756 2725 2890 2779 quas
2918 2711 3219 2768 inferendas
3244 2714 3359 2783 ipse
3386 2717 3719 2785 provocavit.

2139 2791 2196 2849 Si
2250 2809 2379 2850 vero
2430 2807 2646 2866 peccata
2702 2800 2789 2855 hic
2846 2803 3069 2870 repetita
3122 2805 3335 2874 gravius
3388 2807 3716 2876 puniuntur,

2140 2886 2354 2955 quando
2382 2887 2467 2944 hic
2492 2891 2667 2945 nullas
2692 2902 3029 2961 peccatorum
3060 2911 3246 2966 ptenas
3274 2897 3466 2953 damus
3486 2940 3501 2963 ,
3533 2914 3714 2953 annon

2140 2994 2465 3050 magnopere
2504 2984 2801 3039 timendum
2832 2987 3269 3059 tremendumque
3295 2990 3451 3044 nobis
3479 2998 3595 3057 est,
3625 2997 3717 3045 ut-

2141 3081 2267 3140 pote
2287 3071 2641 3129 intolerabilia
2669 3078 2938 3146 passuris?
2960 3078 3028 3134 Et
3048 3093 3145 3136 cur
3163 3121 3179 3147 ,
3210 3080 3413 3148 inquies
3433 3122 3448 3145 ,
3473 3096 3576 3135 non
3600 3096 3719 3135 om-

2143 3178 2240 3218 nes
2278 3164 2357 3219 sic
2401 3168 2728 3234 puniuntur?
2770 3169 2963 3226 Multos
3003 3171 3145 3227 enim
3190 3172 3446 3227 scelestos
3475 3174 3717 3229 videmus

2141 3256 2323 3325 pingui
2376 3257 2679 3315 valetudine
2737 3260 3013 3328 fruentes,
3064 3278 3426 3333 prosperaque
3480 3266 3718 3319 fruentes

2142 3345 2374 3404 fortuna.
2406 3350 2605 3405 Verum
2635 3367 2702 3406 ne
2730 3352 2981 3421 ﬁdamus,
3013 3356 3106 3410 sed
3138 3356 3441 3425 hujusmodi
3471 3356 3717 3412 homines

2142 3442 2381 3495 omnium
2427 3444 2657 3499 maxime
2700 3444 3061 3513 tleploremus.
3089 3447 3143 3502 Si
3170 3448 3314 3502 enim
3345 3447 3433 3503 hic
3460 3448 3590 3503 nihil
3620 3465 3717 3518 pa-

2143 3532 2376 3598 tiantur,
2406 3533 2507 3588 hoc
2534 3534 2639 3588 illis
2665 3536 2917 3591 viaticum
2948 3546 3031 3592 est
3056 3537 3123 3592 ad
3162 3539 3336 3606 majus
3373 3539 3714 3610 supplicium.

2143 3622 2258 3677 Hoc
2285 3624 2479 3679 Paulus
2507 3624 2589 3679 his
2624 3627 2803 3682 verbis
2834 3629 3152 3699 signiﬁcavit
3177 3647 3191 3685 :
3226 3629 3381 3685 Nunc
3408 3642 3573 3685 autem
3601 3648 3717 3685 cum

2142 3716 2464 3783 iudicamur,
2492 3735 2523 3769 a
2561 3716 2783 3773 Domino
2832 3721 3166 3791 corripimur,
3217 3732 3272 3776 ut
3320 3739 3422 3777 non
3463 3740 3578 3776 cum
3626 3724 3721 3776 hoc

2146 3809 2332 3861 mundo
2370 3809 2670 3863 damnemur
2696 3811 2780 3882 (1.
2815 3810 2933 3866 Cor.
2972 3815 3057 3869 11.
3087 3813 3211 3886 52).
3242 3814 3338 3870 Hic
3381 3816 3675 3870 admonitio
3698 3859 3714 3879 ,

2146 3898 2253 3951 illic
2272 3892 2613 3968 supplicium.
2640 3901 2777 3967 Quid
2804 3902 3005 3973 igitur?
3035 3904 3277 3974 inquies;
3310 3921 3377 3960 an
3407 3906 3575 3961 morbi
3604 3922 3721 3959 om-

2146 4004 2241 4044 nes
2271 4004 2335 4043 ex
2380 3992 2610 4059 peccatis
2647 3994 2932 4049 oriuntur?
2957 3994 3071 4049 Non
3099 4010 3287 4052 omnes
3307 4040 3322 4061 ,
3351 3998 3443 4052 sed
3479 3998 3715 4067 plurimi.

2146 4078 2369 4147 Quidam
2410 4082 2551 4136 enim
2577 4098 2647 4137 ex
2678 4086 2902 4153 segnitie
2937 4097 3109 4141 ortum
3140 4088 3354 4143 habent.
3392 4088 3523 4143 Nam
3550 4091 3669 4160 gula
3694 4132 3712 4156 ,

2145 4172 2396 4238 ebrietas,
2419 4175 2693 4244 segnities,
2721 4176 3022 4246 hujusmodi
3044 4181 3258 4234 morbos
3281 4182 3515 4250 pariunt.
3540 4181 3719 4237 Unum

2147 4278 2308 4333 porro
2335 4263 2531 4334 ubique
2572 4266 2962 4322 observandmn
2992 4278 3110 4336 est,
3141 4281 3200 4324 ιιι
3243 4274 3453 4341 plagam
3503 4287 3719 4327 omnem

2146 4371 2267 4409 cum
2285 4356 2571 4426 gratiarum
2590 4358 2800 4414 actione
2817 4360 3065 4415 feramus.
3088 4361 3311 4431 Propter
3325 4373 3538 4432 peccata
3555 4364 3719 4418 etiam

2148 4446 2447 4502 inferuntur
2488 4449 2706 4505 morbi:
2747 4466 2869 4504 nam
2908 4452 2959 4506 in
3001 4452 3153 4507 libris
3196 4453 3403 4523 Regum
3435 4455 3719 4523 quemdam

2147 4540 2390 4596 videmus
2421 4540 2540 4596 ideo
2570 4541 2803 4613 podagra
2831 4544 3164 4600 laborantem
3192 4547 3281 4614 (5.
3313 4545 3440 4618 Reg.
3472 4548 3560 4607 15.
3591 4548 3718 4613 9.5).

2151 4632 2380 4687 Veniunt
2417 4634 2577 4686 etiam
2609 4645 2667 4687 ut
2715 4637 3045 4703 probatiores
3086 4637 3404 4704 reddamur;
3436 4638 3557 4693 hinc
3584 4639 3722 4695 Jobo

2148 4723 2276 4777 dicit
2315 4724 2454 4778 Deus
2479 4741 2491 4776 :
2527 4722 2611 4777 Ne
2634 4742 2713 4777 me
2741 4737 2885 4795 putes
2914 4728 3065 4780 aliter
3107 4729 3177 4781 sic
3202 4738 3362 4781 tecum
3403 4730 3561 4800 egisse
3581 4772 3595 4793 ,
3626 4732 3722 4783 nisi

2149 4826 2202 4869 ut
2231 4817 2403 4887 justus
2439 4834 2688 4886 appareas
2710 4818 2870 4887 (Job.
2901 4820 2992 4875 40.
3014 4818 3123 4893 5)?
3148 4820 3251 4877 Sed
3280 4838 3377 4877 cur
3400 4839 3520 4878 cum
3546 4824 3614 4878 de
3644 4824 3724 4879 his

2150 4911 2451 4981 paralyticis
2498 4912 2669 4979 agitur
2693 4955 2708 4976 ,
2740 4922 2955 4981 peccata
2988 4914 3040 4968 in
3073 4915 3302 4970 medium
3351 4914 3595 4993 Christus
3623 4918 3723 4970 ad-

2148 4999 2476 5055 ducit?Nam
2506 5012 2563 5055 et
2583 5002 2653 5056 illi
2676 5004 2827 5070 cujus
2863 5004 3136 5059 Matthazus
3164 5006 3403 5061 meminit
3427 5008 3500 5061 ait
3527 5025 3541 5063 :
3574 5008 3709 5062 Con—

2149 5093 2279 5159 ﬁdc,
2310 5092 2386 5159 [ili
2406 5134 2421 5158 ,
2449 5096 2769 5147 remittuntur
2796 5096 2883 5149 tibi
2905 5107 3145 5167 peccata;
3175 5111 3229 5153 et
3254 5099 3377 5153 huic
3396 5140 3411 5164 ,
3454 5099 3610 5166 Vide,
3640 5119 3725 5154 sa-

2150 5202 2245 5238 nus
2266 5188 2430 5256 factus
2450 5203 2529 5251 es,
2555 5187 2659 5241 noli
2680 5189 2899 5258 amplius
2922 5206 3128 5260 peccare
3156 5190 3380 5263 (Matth.
3403 5193 3458 5248 9.
3480 5195 3514 5246 2
3530 5194 3573 5262 ).
3600 5193 3724 5249 Scio

2149 5279 2405 5346 quosdam
2432 5279 2572 5333 hunc
2593 5282 2944 5352 paralyticum
2966 5284 3261 5348 criminari,
3286 5285 3426 5355 quod
3450 5285 3724 5341 Christum

2149 5372 2479 5425 accnsavcrit
2498 5413 2512 5434 ,
2537 5381 2591 5426 et
2615 5371 2735 5427 ideo
2760 5373 2850 5427 illa
2873 5373 3087 5430 audisse
3108 5374 3310 5429 dicunt.
3342 5376 3477 5445 Quid
3506 5394 3633 5448 ergo
3656 5378 3723 5432 de

2150 5465 2439 5534 paralytico
2464 5466 2555 5518 illo
2577 5465 2836 5531 dicemus,
2868 5465 2935 5521 de
2959 5482 3066 5537 quo
3091 5467 3385 5534 Matthmus,
3414 5470 3501 5539 qui
3529 5469 3717 5525 eadem

2149 5572 2287 5627 pene
2311 5557 2549 5611 audivit?
2577 5557 2709 5612 Nam
2740 5558 2812 5612 illi
2839 5574 3053 5629 quoque
3077 5559 3244 5624 dixit,
3278 5558 3619 5614 Remittuntur
3639 5561 3726 5614 tibi

2150 5660 2371 5721 peccata.
2401 5649 2555 5707 Unde
2594 5652 2768 5720 palam
2795 5662 2879 5706 est
2906 5667 3027 5706 eum
3072 5667 3177 5705 non
3207 5651 3294 5705 illa
3318 5651 3387 5707 de
3422 5668 3582 5706 causa
3613 5652 3728 5708 ha‘c

2147 5743 2411 5801 audivisse
2434 5762 2445 5797 :
2474 5743 2613 5813 quod
2636 5759 2699 5798 ex
2727 5745 3074 5817 sequentibus
3095 5743 3292 5799 clarius
3313 5744 3551 5799 ediscere
3578 5745 3722 5799 licet.

2154 5834 2339 5890 Postea
2379 5836 2553 5903 enim,
2600 5836 2802 5906 inquit,
2848 5837 3033 5891 inuenit
3068 5851 3180 5892 eum
3216 5834 3272 5890 in
3309 5838 3496 5906 tempto
3530 5834 3686 5890 Iesus
3709 5850 3729 5888 :
