4100 6364
274 538 359 583 τος
386 520 621 583 ἵσταται,
652 522 749 591 τῆς
771 519 826 573 δὲ
857 521 1155 590 βασκανίας
1176 526 1206 594 ἡ
1230 526 1482 595 τυραννὶς
1520 528 1842 600 Ἐκκλησίας

274 603 595 673 ὁλοκλήρους
646 604 904 675 ἀνέτρεψε
932 646 947 668 ,
1005 621 1099 659 και
1140 607 1237 678 τὴν
1264 610 1587 680 οἰκουμένην
1626 612 1843 665 ἃπασαν

275 687 595 757 ἐλυμήνατο.
617 688 764 759 Δῦτη
787 690 948 757 φόνου
969 692 1150 763 μήτηρ
1167 693 1313 745 ἐστίν
1334 712 1346 723 ·
1373 695 1542 759 οὓτως
1558 697 1842 751 ἀπέκτεινε

273 771 361 825 τὸν
388 772 614 840 ἀδελφὸν
637 775 665 825 6
693 774 861 838 Κάῖν,
888 773 1028 827 οὓτω
1055 776 1146 828 τὸν
1189 776 1381 830 Ἰακὼό
1413 781 1441 832 6
1479 780 1667 845 Ἡσαῦ,
1702 780 1843 834 οὕτω

272 856 358 909 τὸν
393 857 590 928 Ἰωσὴφ
622 858 671 910 οἱ
694 858 929 927 ἀδελφοὶ,
951 858 1093 912 οὕτω
1118 863 1242 925 τοὺς
1264 862 1578 934 ἀνθρώπους
1598 864 1843 929 ἅπαντας

271 944 300 994 6
334 940 598 1004 διάὸολος.
644 941 801 994 Ἀλλά
850 944 913 995 σὺ
961 943 1054 995 νῦν
1087 945 1184 996 οὐκ
1213 945 1475 1016 ἀναιρεῖς,
1503 947 1635 1000 ἀλλά
1674 948 1842 1003 πολλά

272 1023 363 1076 τοῦ
393 1024 551 1091 φόνου
582 1028 754 1088 ποιεῖς
780 1026 1155 1099 χαλεπώτερα,
1191 1030 1477 1098 εὐχόμενος
1503 1032 1594 1083 τὸν
1617 1032 1842 1100 ἀδελφὸν

272 1109 617 1177 ἀσχημονεῖν,
651 1111 832 1177 πάγας
871 1112 1203 1182 πανταχόθεν
1255 1111 1443 1176 τιθεὶς,
1476 1113 1681 1167 ἐκλύων
1718 1115 1842 1179 τοὺς

272 1189 409 1260 ὑπὲρ
429 1191 631 1262 ἀρετῆς
660 1192 853 1256 πόνους
872 1236 887 1257 ,
917 1193 1097 1260 ἀλγῶν
1138 1195 1219 1247 ὅτι
1268 1195 1346 1265 τῷ
1375 1196 1473 1265 τῆς
1520 1197 1841 1267 οἰκουμένης

268 1273 489 1343 ἀρέσκει
512 1275 780 1347 Δεσπότῃ.
811 1277 926 1329 Οὐκ
963 1278 1153 1348 ἐκείνῳ
1175 1277 1302 1348 ἄρα,
1330 1279 1467 1332 ἀλλά
1493 1279 1571 1349 τῷ
1600 1279 1667 1333 δι’
1700 1281 1843 1332 ἐκεί-

266 1373 355 1408 νου
388 1356 810 1434 θεραπευομένῳ
843 1360 1124 1430 πολεμεῖς,
1183 1362 1389 1413 ἐκεῖνον
1435 1361 1694 1433 ὑϐρίζεις,
1742 1362 1840 1434 τὴν

268 1439 467 1493 σαυτοῦ
496 1440 663 1510 τιμὴν
692 1442 791 1512 τῆς
816 1442 1024 1497 ἐκείνου
1059 1443 1354 1514 προτιθείς.
1390 1444 1500 1497 Kal
1523 1445 1584 1497 τὸ
1615 1445 1678 1516 δὴ
1703 1446 1840 1499 πάν-

264 1540 367 1575 των
396 1523 801 1592 χαλεπώτερον,
831 1527 913 1578 ὅτι
953 1526 1047 1579 καὶ
1072 1527 1361 1595 ἀδιάφορον
1394 1527 1540 1580 δοκεῖ
1562 1527 1623 1580 τὸ
1661 1529 1841 1600 ἀμάρ-

264 1622 409 1674 τημα
432 1602 599 1669 εἶναι,
628 1609 805 1661 καίτοι
834 1626 895 1676 γε
925 1610 1032 1662 τῶν
1079 1610 1251 1665 ἄλλων
1289 1611 1406 1662 ἐστὶ
1442 1609 1836 1683 χαλεπώτερον.

262 1688 378 1742 Κᾶν
405 1690 517 1761 γὰρ
545 1692 722 1761 ἐλεῇς,
755 1690 856 1744 κᾶν
884 1694 1190 1763 ἀγρυπνῇς,
1218 1691 1320 1745 κᾶν
1356 1693 1640 1765 νηστεύῃς,
1668 1694 1839 1748 ἀπάν-

260 1789 365 1824 των
406 1774 765 1844 ἐναγέστερος
814 1774 1046 1843 γέγονας
1093 1775 1303 1843 φθονῶν
1327 1776 1406 1846 τῷ
1449 1775 1681 1847 ἀδελφῷ.
1728 1778 1838 1831 Καὶ

260 1854 416 1907 τοῦτο
447 1856 606 1925 δῆλον
631 1856 864 1910 ἐκεῖθεν·
908 1858 1230 1928 Ἐπὸρνευσέ
1251 1876 1334 1923 τις
1355 1859 1504 1931 παρά
1533 1858 1838 1930 Κορινθίοις

262 1939 426 1992 ποτέ’
463 1939 580 1993 ἀλλ’
612 1940 873 2012 ἐνεκλήθη
907 1943 1001 1994 καὶ
1032 1941 1312 2014 διωρθώθη
1362 1943 1591 2012 ταχέως.
1650 1943 1833 2011 Ἐφθό-

261 2040 386 2091 νησε
406 2022 488 2092 τῷ
516 2023 683 2075 Ἀὗελ
704 2024 733 2075 6
756 2024 914 2087 Κάῖν,
940 2023 1054 2077 ἀλλ’
1077 2024 1176 2077 οὐκ
1196 2024 1559 2095 ἐθεραπεύθη.
1587 2024 1721 2078 ἀλλά
1742 2025 1836 2078 καὶ

262 2106 350 2158 τοῦ
382 2105 522 2159 Θεοῦ
550 2106 785 2177 συνεχῶς
809 2107 1097 2177 ἐπᾴδοντος
1128 2107 1292 2160 αὑτοῦ
1317 2107 1395 2177 τῷ
1425 2107 1590 2172 ἓλκει,
1637 2108 1833 2178 μᾶλλον

260 2188 412 2243 ὣδινε
442 2190 539 2242 καὶ
573 2189 929 2259 ἐκυματοῦτο,
962 2191 1058 2244 καὶ
1088 2190 1224 2262 πρὸς
1255 2191 1346 2244 τὸν
1369 2191 1526 2260 φόνον
1551 2192 1827 2261 ἠπείγετο.

1201 410 1264 463 IN
1304 411 1616 467 JOANNEM
1660 415 1890 472 HOMIL.
1933 417 2227 474 XXXVIII.
2269 421 2340 475 aI.
2370 420 2631 477 XXXVII.

3420 426 3523 479 219.

1950 531 2104 586 Οὕτω
2134 532 2290 587 τοῦτο
2311 534 2516 588 ἐκείνου
2544 536 2637 589 τοῦ
2662 538 2865 599 πάθους
2889 536 3284 607 χαλεπώτερον,
3311 539 3406 592 καὶ
3422 541 3526 594 οὐκ

1948 616 2185 681 εὐκόλως
2232 619 2369 671 εἴκει
2422 623 2488 690 τῇ
2546 620 2830 692 θεραπείᾳ,
2881 622 2976 675 ἐὰν
3015 623 3089 693 μὴ
3142 624 3522 694 προσέχωμεν.

1949 700 1995 751 Π
2004 700 2249 770 ρόρῤιζον
2274 703 2453 756 τοίνυν
2473 703 2606 755 αὐτὸ
2630 704 2892 757 πάντοθεν
2911 705 3331 775 ἀνασπάσωμεν,
3350 708 3537 760 ἐκεῖνο-

1948 782 2276 848 ἐννοοῦντες,
2320 785 2402 837 ὅτι
2428 784 2615 857 ὥσπερ
2645 786 3055 858 προσκρούομεν
3093 787 3171 857 τῷ
3194 788 3331 858 Θεῷ,
3363 789 3523 860 τηκό-

1952 884 2101 936 μενοι
2133 870 2245 931 τοῖς
2299 868 2602 942 ἀλλοτρίοις
2651 870 2833 934 καλοῖς
2869 889 2883 902 ο
2916 870 3087 935 οὕτως
3135 873 3525 943 εύδοκιμοῦμεν

1951 951 2351 1021 συγχαίροντες,
2390 955 2482 1006 καὶ
2516 955 2805 1017 κοινωνοὺς
2846 956 3068 1018 ἑαυτοὺς
3105 955 3365 1025 ποιοῦμεν
3416 955 3525 1009 τῶν

1949 1032 2326 1103 ἀποκειμένων
2368 1035 2447 1105 τῷ
2484 1036 2833 1107 κατορθοῦντι
2876 1036 3075 1090 καλῶν.
3124 1037 3222 1089 Διά
3252 1037 3407 1091 τοῦτο
3431 1041 3525 1093 καὶ

1948 1114 2160 1179 Παῦλος
2209 1121 2482 1185 παραινεῖ,
2532 1120 2769 1187 Χαίρειν
2797 1132 2825 1161 ι
2866 1120 3016 1189 μετὰ
3044 1122 3392 1189 χαιρόντων,
3424 1122 3525 1176 καὶ

1948 1199 2180 1252 κλαίειν
2193 1200 2343 1269 μετὰ
2361 1202 2711 1265 κλαιόντων,
2739 1203 2823 1255 ἵνα
2844 1203 3180 1273 ἑκατέρωθεν
3215 1204 3357 1275 μέγα
3384 1222 3521 1275 καρ-

1948 1281 2257 1353 πωσὼμεθα
2287 1284 2493 1355 κέρδος.
2538 1287 2920 1356 Ἐννοήσαντες
2942 1287 3139 1351 τοίνυν,
3179 1288 3262 1341 ὅτι
3294 1286 3395 1341 κᾶν
3446 1289 3535 1359 μὴ⁶

1948 1364 2218 1435 πονῶμεν,
2244 1366 2322 1435 τῷ
2353 1367 2602 1420 πονοῦντι
2655 1369 3023 1439 συνηδόμενοι,
3077 1372 3328 1439 μεριστά).
3372 1372 3519 1438 γινό-

1949 1446 2089 1517 μεθα
2113 1448 2222 1502 τῶν
2267 1449 2473 1503 ἐκείνου
2506 1452 2802 1521 στεφάνων,
2852 1454 3030 1507 πᾶσαν
3060 1453 3376 1523 ἐκϐάλωμεν
3423 1454 3521 1523 βαι

1948 1532 2193 1597 σκανίαν,
2223 1533 2317 1585 καὶ
2341 1533 2439 1604 τὴν
2464 1533 2683 1606 ἀγάπην
2711 1538 2768 1589 ἐν
2790 1538 2909 1598 ταῖς
2932 1537 3140 1590 ἑαυτῶν
3166 1538 3529 1607 φυτεύσωμεν.

1944 1613 2163 1683 ψυχαῖς,
2190 1614 2276 1668 ἵνα
2305 1616 2731 1686 συγκροτοῦντες
2756 1617 2783 1657 δ
2814 1620 2940 1681 τοὺς
2966 1619 3383 1689 εὐδοκιμοῦντας
3410 1620 3533 1673 τῶν.

1944 1695 2205 1764 ἀδελφῶν,
2231 1697 2456 1750 καὶτῶν
2488 1699 2770 1768 παρόντων
2800 1701 2893 1753 καὶ
2923 1700 3032 1753 τῶν
3061 1700 3359 1772 μελλόντων
3394 1702 3531 1753 ἐπι-υ

1943 1777 2195 1849 τύχωμεν
2224 1779 2474 1848 ἀγαθῶν,
2510 1783 2692 1851 χάριτι
2737 1783 2831 1835 καὶ
2875 1782 3252 1854 φιλανθρωπίᾳ
3279 1783 3371 1837 τοῦ
3406 1786 3517 1836 Κυ-

1948 1861 2061 1928 ρίου
2107 1862 2264 1932 ήμῶν
2316 1862 2489 1934 Ἰησοῦ
2535 1863 2794 1934 Χριστοῦ,
2829 1864 2897 1918 δι’
2941 1860 3001 1919 οὗ
3034 1866 3129 1918 xal
3164 1866 3281 1936 μεθ’
3336 1861 3395 1920 οῦ
3438 1868 3516 1935 τῷ

1942 1943 2116 2014 Πατρί
2144 1946 2176 2014 ἡ
2206 1944 2354 2010 δόξα,
2387 1946 2505 2016 ἅμα
2529 1945 2606 2017 τῷ
2630 1947 2769 2018 ἀγίῳ
2799 1946 3074 2017 Πνεύματι
3097 1988 3112 2012 ,
3150 1948 3245 2002 νῦν
3275 1951 3368 2003 καὶ
3403 1950 3513 2014 ἀεὶ,

1938 2025 2035 2077 καὶ
2068 2027 2146 2089 εἰς
2169 2027 2295 2090 τοὺς
2322 2027 2525 2093 αἰῶνας
2552 2028 2660 2082 τῶν
2686 2028 2918 2084 αἰώνων.
2967 2031 3161 2102 Ἀμήν.

1996 2202 2023 2230 ⁸
2047 2202 2142 2251 Alii
2165 2202 2355 2260 Παῦλος
2378 2205 2501 2265 λέγει
2523 2206 2717 2269 χαίρειν.
2785 2207 2813 2247 Ι)
2836 2208 3037 2268 Quidam
3059 2210 3442 2272 συγκρατοῦντες.

1576 2362 1727 2435 [216]
1774 2365 2016 2417 unum
2067 2366 2196 2419 AH'.

260 2465 420 2538 Μετὰ
445 2465 640 2538 ταῦτα
665 2467 928 2538 εὐρίεγκει
956 2469 1143 2522 αὐτὸν
1175 2473 1207 2523 ό
1236 2469 1465 2537 Ἰησοῦς
1487 2470 1557 2523 ἐν
1580 2470 1658 2535 τῷ
1684 2470 1835 2538 ίερῷ,

328 2533 624 2610 καί-εἷπεν
655 2536 899 2610 αὐτῷ’-ε
941 2539 1063 2610 Ἴδε
1101 2533 1588 2609 ὑγιὴςγέγονας·
1625 2533 1839 2610 μηκέτι

328 2605 651 2673 ἁμάρτανε,
681 2608 780 2660 ἵνα
796 2608 882 2677 μὴ
917 2608 1118 2677 χεῖρόν
1146 2605 1201 2663 τί
1229 2605 1327 2663 σοι
1356 2605 1664 2679 γένηταιξ)

325 2723 396 2766 α’.
414 2712 598 2765 Δεινὸν
624 2713 939 2784 ήάμαρτία,
962 2714 1133 2768 δεινὸν
1161 2716 1255 2769 καὶ
1289 2715 1465 2786 ψυχῆς
1506 2717 1650 2789 λύμη
1670 2733 1683 2747 ⁸
1711 2718 1834 2771 πολ-

259 2790 410 2853 λάκις
438 2792 499 2844 δὲ
528 2794 595 2845 ἐκ
624 2794 941 2861 περιουσίας
967 2795 1062 2847 καὶ
1088 2795 1354 2865 σωμάτων
1379 2795 1555 2864 ἥψατο
1578 2797 1637 2851 τὸ
1666 2797 1835 2851 κακὸν

260 2870 624 2940 ὑπερϐλύσαν.
681 2872 894 2943 Ἐπειδὴ
927 2871 1033 2943 γάρ
1066 2872 1135 2925 τά
1180 2874 1348 2927 πολλά
1390 2875 1488 2946 τῆς
1521 2875 1620 2945 μὲν
1657 2876 1836 2946 ψυχῆς

258 2950 385 3017 ἡμῖν
436 2948 775 3020 καμνούσης,
816 2951 1136 3021 ἀναλγήτως
1184 2952 1379 3024 ἔχομεν
1408 2971 1421 2986 ·
1467 2954 1528 3007 τὸ
1573 2954 1629 3007 δὲ
1676 2955 1835 3025 σῶμα

257 3028 358 3079 κᾶν
385 3028 592 3098 μικρὰν
621 3028 836 3097 δέξηται
868 3029 1090 3100 βλάϐην,
1121 3032 1299 3084 πᾶσαν
1343 3031 1643 3102 ποιούμεθα
1669 3050 1835 3086 σπου-

254 3106 368 3176 δὴν,
395 3106 538 3159 ὥστε
570 3107 932 3178 ἐλευθερῶσαι
965 3109 1065 3177 τῆς
1102 3111 1411 3181 ἀρρωστίας
1441 3111 1571 3165 αὐτὸ
1600 3151 1617 3174 ,
1655 3110 1740 3164 διὰ
1771 3113 1832 3165 τὸ

254 3185 352 3253 τῆς
383 3187 697 3259 ἀρρωστίας
728 3187 1108 3241 αἰσθάνεσθαιο
1145 3189 1233 3242 διὰ
1274 3190 1430 3243 τοῦτο
1459 3190 1552 3243 καὶ
1586 3202 1612 3231 ιι
1643 3192 1671 3243 6
1701 3190 1832 3255 Θεὸς

254 3265 411 3319 τοῦτο
446 3266 667 3329 κολάζει
710 3267 965 3331 πολλάκις
990 3269 1130 3339 ὑπὲρ
1156 3267 1266 3322 τῶν
1291 3269 1473 3342 ἐκείνῃ
1502 3269 1827 3340 πεπλημμε-

252 3343 317 3415 λη
327 3346 529 3414 μένων,
554 3347 694 3400 ὥστε
716 3346 802 3400 διὰ
826 3348 924 3416 τῆς
944 3347 1038 3400 τοῦ
1063 3348 1339 3411 ἐλάττονος
1368 3350 1630 3418 μάστιγος
1654 3348 1827 3402 καὶτὸ

252 3428 501 3496 κρεῖττον
526 3430 709 3496 τυχεῖν
741 3428 1036 3498 θεραπείας
1054 3429 1218 3490 τινός.
1251 3428 1407 3480 Οῦτω
1429 3430 1521 3482 καὶ
1544 3429 1694 3499 παρά
1719 3431 1828 3482 K0-

256 3506 481 3575 ρινθίοις
505 3508 597 3559 τὸν
617 3508 986 3578 πορνεύσαντα
1008 3510 1035 3561 6
1061 3508 1273 3570 Παῦλος
1298 3507 1594 3574 διῶρθωσε,
1624 3507 1702 3578 τῷ
1726 3509 1825 3578 τῆς

254 3585 457 3654 σαρκὸς
493 3585 699 3656 ὀλέθρῳ
738 3585 925 3656 τὸτῆς
964 3586 1139 3656 ψυχῆς
1182 3587 1391 3657 νόσημα
1422 3586 1679 3655 ἐπισχών.
1716 3587 1825 3639 Kal

252 3663 357 3733 γάρ
403 3663 487 3733 τῷ
531 3664 742 3733 σώματι
790 3664 887 3735 τὴν
928 3664 1098 3733 τομὴν
1152 3663 1474 3731 ἐπαγαγὼν,
1521 3663 1661 3715 οὕτω
1703 3680 1832 3715 κατ-

255 3742 460 3793 έστειλε
488 3742 549 3794 τὸ
580 3744 766 3796 κακόν’
797 3743 1046 3812 καθάπερ
1070 3759 1153 3805 τις
1179 3742 1357 3812 ἰατρὸς
1378 3742 1613 3813 ἀριστος,
1645 3741 1830 3812 ὕδερον

252 3821 285 3889 ἢ
329 3822 563 3891 σπλῆνα,
600 3825 712 3885 τοῖς
745 3822 954 3876 ἔνδοθεν
994 3821 1305 3891 φαρμάκοις
1335 3821 1434 3873 οὐκ
1460 3820 1695 3882 εἴκοντα,
1731 3826 1845 3873 κα-“

252 3901 496 3953 τακαίων
540 3900 759 3965 ἔξωθεν.
794 3901 965 3954 Τοῦτο
1000 3902 1095 3953 καὶ
1128 3903 1156 3953 6
1186 3900 1419 3970 Χριστὸς
1449 3899 1704 3970 ἐποίησεν
1738 3900 1831 3952 ἐπὶ

250 3979 343 4030 τοῦ
389 3980 726 4049 παραλύτου.
772 3982 877 4033 Kal
910 3980 1011 4049 ὅρα
1042 3978 1158 4043 πῶς
1200 3977 1374 4049 δηλῶν
1410 3978 1569 4041 αὐτὸς
1601 3977 1785 4047 ἔλεγεν
1813 3996 1827 4011 ο

254 4057 367 4110 Ἴδε
394 4056 574 4125 ὑγιὴς
603 4059 851 4127 γέγονας
870 4076 883 4089 ’
910 4057 1119 4125 μηκέτι
1145 4056 1464 4123 ἁμάρτανε,
1488 4055 1687 4125 ἵναμὴ
1712 4056 1831 4125 χεῖ-

241 4135 360 4201 ρόν
386 4137 443 4188 τί
464 4149 564 4188 σοι
593 4136 854 4205 γένηται.
877 4136 941 4187 Τί
962 4134 1142 4187 τοίνυν
1174 4134 1422 4186 ἐντεῦθεν
1448 4134 1825 4205 μανθάνομεν;

248 4215 476 4285 Πρῶτον
497 4216 615 4285 μὲν,
640 4216 723 4268 ὅτι
751 4213 899 4283 αύτῷ
924 4214 980 4281 ἐξ
994 4213 1278 4285 ἁμαρτιῶν
1304 4213 1496 4284 ἐτέχθη
1520 4214 1580 4266 τὸ
1595 4214 1825 4285 νόσημαο

244 4294 505 4365 δεύτερον
535 4297 612 4356 δὲ,
637 4297 719 4348 ὅτι
749 4295 937 4357 πιστὸς
961 4296 989 4346 6
1008 4293 1109 4364 τῆς
1131 4294 1354 4363 γεέννης
1381 4294 1537 4360 λόγος
1557 4310 1569 4323 ·
1595 4295 1688 4347 καὶ
1711 4295 1830 4365 τρί-

244 4393 362 4436 τον,
389 4377 451 4428 τὸ
483 4375 700 4445 μακρὰν
726 4371 865 4427 εἶναι
896 4375 989 4426 καὶ
1022 4373 1246 4441 ἄπειρον
1266 4375 1365 4443 τὴν
1401 4372 1691 4443 τιμωρίαν.
1716 4372 1827 4426 Ποῦ

244 4455 427 4507 τοίνυν
472 4457 610 4507 εἰσὶν
640 4456 689 4506 οἰ
714 4454 980 4522 λέγοντες,
1016 4454 1099 4506 ὅτι
1145 4451 1233 4504 Ἐν
1263 4452 1382 4522 ὥρᾳ
1414 4454 1509 4523 μιᾷ
1544 4453 1825 4520 ἐφόνευσα,

248 4537 347 4587 καὶ
378 4538 432 4587 ἐν
470 4534 700 4604 βραχείᾳ
722 4534 914 4604 καιροῦ
945 4536 1084 4604 ῥοπῇ
1115 4532 1428 4603 ἐμοίχευσα,
1464 4532 1556 4585 καὶ
1583 4532 1827 4588 ἀθάνατα

249 4613 596 4683 κολάζομαι;
640 4614 772 4666 Ἰδοὺ
820 4612 927 4681 γὰρ
966 4614 1060 4664 καὶ
1112 4608 1264 4674 οὗτος
1312 4611 1412 4663 οὐκ
1455 4612 1513 4663 ἐν
1555 4610 1827 4673 τοσούτοις

248 4694 500 4761 ἥμαρτεν
529 4692 727 4753 ἔτεσιν,
765 4692 820 4743 ἐν
855 4692 998 4753 ὅσοις
1023 4689 1117 4743 καὶ
1150 4689 1457 4753 ἐκολάζετο,
1489 4690 1580 4742 καὶ
1606 4688 1826 4760 ὁλόκλη-

252 4788 348 4840 ρον
382 4771 531 4839 ὅμως
556 4769 843 4840 ἀνθρώπου
889 4770 1000 4839 βίον
1034 4770 1307 4823 ἀνάλωσεν
1341 4773 1397 4823 ἐν
1423 4770 1500 4839 τῷ
1534 4770 1697 4839 μήκει
1730 4770 1826 4839 τῆς

245 4851 541 4919 τιμωρίας.
567 4850 700 4902 Οὐδὲ
725 4850 832 4919 γάρ
857 4851 914 4901 ἐν
944 4848 1118 4919 χρόνῳ
1141 4848 1209 4901 τὰ
1239 4850 1608 4919 ἁμαρτήματα
1640 4849 1822 4919 κρίνε-

245 4946 362 4989 ται,
407 4927 523 4981 ἀλλ’
560 4930 617 4981 ἐν
650 4929 787 4998 αὐτῇ
820 4931 886 4998 τῇ
921 4927 1079 4995 φύσει
1109 4926 1218 4980 τῶν
1249 4927 1820 4998 πεπλημμελημένων.

244 5009 407 5061 Μετά
430 5006 637 5060 τούτων
667 5010 887 5061 κάκεῖνο
913 5006 1057 5059 ἐστιν
1087 5006 1214 5059 ἰδεῖν
1244 5004 1295 5068 δ,
1323 5009 1425 5069 ὅτι,
1461 5008 1562 5061 κᾶν
1583 5006 1824 5077 χαλεπὴν

243 5088 428 5156 δῶμεν
453 5088 609 5155 δίκην
640 5088 778 5156 ὑπὲρ
799 5087 906 5138 τῶν
935 5086 1210 5155 προτέρων
1240 5086 1670 5156 ἁμαρτημάτων,
1705 5082 1823 5138 εἶτα

244 5170 362 5228 τοῖς
392 5167 575 5228 αὐτοῖς
610 5167 1020 5235 περιπέσωμεν,
1045 5164 1399 5234 χαλεπώτερα
1421 5166 1599 5235 πολλῷ
1624 5165 1823 5234 μᾶλλον

244 5245 553 5312 πεισόμεθα
579 5244 738 5298 πάλιν
764 5262 779 5276 ·
808 5246 900 5296 καὶ
936 5243 1077 5312 μάλα
1107 5244 1348 5307 εἰκότως.
1388 5246 1444 5298 '0
1466 5245 1573 5314 γὰρ
1602 5245 1735 5315 μηδὲ
1754 5247 1819 5315 τῇ

242 5322 492 5392 τιμωρίᾳ
512 5324 801 5391 γενόμενος
826 5322 1069 5391 βελτίων,
1084 5322 1160 5385 ὼς
1182 5322 1504 5393 ἀναίσθητος
1526 5325 1706 5377 λοιπὸν
1728 5326 1822 5379 καὶ

242 5402 671 5472 καταφρονητὴς
717 5402 810 5453 ἐπὶ
852 5402 1073 5469 μείζονα
1117 5402 1307 5470 ἄγεται
1346 5403 1586 5455 κόλασιν.
1625 5404 1821 5474 Ἤρκει

243 5482 352 5553 μὲν
379 5482 490 5550 γὰρ
527 5482 621 5533 καὶ
652 5480 774 5534 καθ’
806 5481 1003 5550 ἑαυτὴν
1050 5483 1083 5550 ή
1127 5481 1346 5543 κόλασις
1394 5480 1687 5544 συστεῖλαι,
1729 5483 1821 5535 καί⁵

238 5560 474 5623 ποιῆσαι
508 5559 942 5628 σωφρονέστερον
968 5559 1057 5611 τὸν
1093 5559 1454 5629 ὀλισθήσαντα
1488 5558 1668 5623 ἅπαξ·
1699 5560 1820 5611 ἐπεὶ

235 5642 299 5693 δὲ
321 5642 391 5708 τῇ
424 5638 774 5708 ἐπενεχθείσῃ
797 5639 1035 5708 τιμωρίᾳ
1068 5638 1140 5708 μὴ
1172 5637 1577 5709 σωφρονισθεὶς,
1594 5638 1664 5691 τά
1685 5638 1820 5691 αύτά

232 5718 412 5772 πάλιν
430 5718 623 5788 τολμᾷ,
648 5719 871 5780 εἰκότως
896 5719 961 5771 ἄν
984 5735 1102 5769 τινα
1125 5717 1279 5788 δίκην
1296 5719 1324 5769 6
1350 5715 1587 5779 τοιοῦτος
1613 5715 1817 5785 ὑφέξει,

232 5797 452 5865 ταύτην
480 5798 641 5859 αὐτὸς
680 5798 764 5866 ἐφ’
799 5797 989 5849 ἑαυτὸν
1026 5796 1487 5867 προκαλούμενος.
1524 5796 1587 5849 Εἰ
1627 5797 1683 5850 δὲ
1728 5797 1819 5849 καὶ

303 5997 341 6061 ‘7
362 5998 511 6047 Savil.
538 5999 671 6047 αὐτό.
693 6000 782 6049 Διὰ
802 5998 943 6047 τοῦτο
963 6000 1061 6048 καί.
1084 5999 1206 6049 IbId.
1230 5998 1401 6049 Morel.
1420 5997 1605 6056 κολάζει
1623 5999 1813 6061 μᾶλλον.

236 6060 270 6101 Β
294 6060 474 6111 Morel.
511 6064 613 6110 ἐστι
637 6062 817 6124 μαθείν.
857 6062 1006 6113 Savil.
1034 6063 1159 6111 ἐστιν
1180 6061 1313 6110 ἰδεῖν.

1940 2460 2173 2542 ἐνταῦθα
2224 2464 2628 2535 τιμωρηθέντες
2659 2476 2706 2528 ο,
2756 2466 2919 2520 πάλιν
2964 2471 3076 2532 τοῖς
3128 2470 3307 2533 αὐτοῖς
3359 2488 3515 2542 περι-

1943 2537 2249 2619 πίπτοντες,
2282 2542 2654 2615 χαλεπώτερον
2676 2544 3016 2616 κολαζόμεθά
3035 2563 3050 2578 ’
3078 2548 3205 2601 ὅταν
3237 2548 3357 2619 μηδ’
3375 2537 3511 2611 ὅλως

1942 2616 2273 2699 ἁμαρτόντες
2301 2622 2571 2699 τιμωρίαν
2600 2623 2944 2694 ὑπόσχωμεν,
2962 2624 3080 2689 πῶς
3096 2627 3157 2678 ού
3182 2616 3381 2699 σφόδρα
3404 2628 3511 2698 χρὴ

1939 2694 2095 2775 τοῦτο
2145 2696 2375 2765 μάλιστα
2400 2698 2693 2753 δεδοικέναι
2718 2702 2812 2753 καὶ
2844 2701 3086 2773 τρέμειν,
3115 2703 3210 2756 άτε
3241 2694 3509 2775 ἀνήκεστα

1943 2772 2234 2855 μέλλοντας
2272 2775 2594 2855 ὑπομένειν;
2647 2777 2757 2832 Kal
2803 2772 2955 2844 τίνος
2982 2782 3187 2846 ἕνεκεν,
3223 2772 3377 2853 φησὶ,
3432 2785 3509 2855 μὴ

1940 2851 2139 2932 πάντες
2169 2851 2310 2932 οὕτω
2352 2853 2703 2923 κολάζονται;
2735 2858 2844 2912 Καὶ
2873 2858 2982 2929 γὰρ
3013 2851 3241 2923 πολλοὺς
3262 2851 3507 2932 δρῶμεν,

1938 2926 2088 3001 [217]
2124 2930 2232 2984 τῶν
2263 2932 2480 3001 φαύλων
2520 2926 2973 3007 εὐσωματοῦντας
3003 2940 3096 2991 καὶ
3138 2926 3505 3009 σφριγῶντας,

1935 3009 2028 3090 καὶ
2063 3009 2262 3090 πολλῇς
2305 3011 2674 3078 ἀπολαύοντας
2711 3017 3033 3087 εὐημερίας.
3074 3017 3237 3072 Ἀλλά
3272 3018 3344 3089 μὴ
3373 3017 3508 3090 θαρ-

1935 3086 2137 3156 ρῶμεν,
2168 3088 2280 3140 ἀλλ’
2309 3090 2401 3142 ἐπὶ
2431 3092 2639 3157 τούτοις
2669 3086 2904 3164 μάλιστα
2932 3096 3150 3151 πάντων
3180 3086 3378 3160 αὐτούς
3409 3086 3506 3150 δά-

1933 3164 2207 3245 κρύωμεν.
2239 3168 2311 3220 Τὸ
2333 3170 2441 3240 γάρ
2470 3170 2635 3241 μηδὲν
2664 3173 2861 3237 αὐτοὺς
2893 3172 3129 3228 ἐνταῦθα
3161 3175 3375 3240 παθεῖν,
3405 3176 3505 3245 ἐφ-

1933 3243 2070 3325 όδιον
2109 3244 2314 3325 γίνεται
2351 3246 2592 3317 μείζονος
2627 3251 2726 3321 τῆς
2751 3254 2869 3306 ἐκεῖ
2891 3255 3179 3325 τιμωρίας.
3210 3255 3318 3308 Καὶ
3347 3243 3513 3309 τοῦτο

1931 3320 2106 3402 δηλῶν
2135 3323 2163 3374 6
2197 3323 2409 3402 Παῦλος
2438 3326 2589 3395 ἔλεγε
2610 3346 2622 3359 ·
2644 3320 2778 3383 Νῦν
2802 3331 2870 3384 δὲ
2889 3320 3222 3402 κρινόμενοι
3239 3333 3357 3388 ὐπὸ
3383 3336 3497 3387 Κυο

1923 3398 2084 3479 ρίρυ,
2108 3401 2521 3472 παιδευόμεθα,
2543 3406 2642 3458 ἵνα
2663 3405 2748 3475 μὴ
2772 3407 2893 3461 σὺν
2911 3398 2991 3472 τῷ
3012 3398 3217 3477 κόσμῳ
3231 3426 3505 3479 κατακρι-

1931 3476 2142 3548 θῶμεν.
2175 3481 2255 3535 Τά
2290 3483 2386 3551 μὲν
2418 3482 2528 3554 γὰρ
2558 3484 2813 3550 ἐνταῦθα,
2850 3476 3158 3550 νουθεσίας·
3188 3487 3254 3540 τά
3276 3487 3333 3539 δὲ
3365 3476 3501 3553 ἐκεῖ,

1930 3557 2202 3627 τιμωρίας
2231 3560 2367 3613 ἐστί.
2402 3560 2466 3613 Τί
2495 3558 2623 3625 οὗν;
2654 3564 2852 3624 πάντα,
2877 3568 3033 3634 φησί.
3057 3566 3125 3618 τὰ
3145 3568 3425 3635 νοσήματα
3442 3567 3501 3632 ἐξ

1933 3637 2374 3710 ἀμαρτημάτωνς
2408 3641 2483 3691 Ού
2514 3642 2688 3695 πάντα
2718 3643 2836 3711 μὲν,
2861 3642 2996 3696 ἀλλὰ
3014 3643 3082 3695 τά
3110 3643 3360 3697 πλείονα·
3385 3646 3502 3700 ἔνια

1930 3716 1987 3768 δὲ
2018 3718 2110 3771 καὶ
2145 3718 2252 3771 ἀπὸ
2293 3719 2563 3789 ῥᾳθυμίας
2587 3721 2850 3788 γίγνεται.
2881 3722 2993 3775 Kal
3023 3721 3130 3792 γάρ
3159 3724 3252 3776 κοιί⁵
3269 3740 3497 3795 γαστρι-

1935 3798 2144 3869 μαργία
2170 3800 2265 3851 καὶ
2287 3800 2422 3870 μέθη
2438 3802 2532 3853 καὶ
2550 3800 2715 3871 ἀργία
2733 3800 2797 3853 τὰ
2826 3800 3049 3853 τοιαῦτα
3065 3802 3305 3855 τίκτουσι
3327 3804 3494 3874 πάθη.

1930 3878 2020 3928 Δεῖ
2040 3877 2095 3928 δὲ
2128 3878 2402 3948 πανταχοῦ
2430 3879 2702 3950 διατηρεῖν
2720 3878 2778 3931 ἓν
2801 3879 2981 3950 μόνον,
3003 3878 3143 3932 ὥστε
3160 3881 3497 3952 εὐχαρίστως

1930 3955 2118 4026 φέρειν
2159 3960 2337 4012 πᾶσαν
2385 3959 2619 4030 πληγήν.
2655 3959 2907 4027 Γίγνεται
2936 3958 2993 4011 δὲ
3026 3959 3118 4011 καὶ
3146 3960 3210 4012 δι’
3246 3962 3497 4032 ἁμαρτῆ-

1934 4051 2098 4104 ματα,
2150 4035 2337 4105 ῶσπερ
2371 4040 2465 4091 καὶ
2498 4040 2555 4092 ἐν
2604 4041 2725 4101 ταῖς
2758 4038 3067 4102 Βασιλείαις
3115 4040 3331 4111 ὁρῶμέν
3376 4059 3497 4094 τινα

1930 4113 2194 4186 ποδαλγίᾳ
2224 4117 2629 4187 κατασχεθέντα
2656 4118 2742 4171 διά
2780 4118 2957 4175 τοῦτο.
2983 4119 3228 4186 Γίγνεται
3259 4119 3314 4171 δὲ
3342 4117 3368 4157 ἀ
3404 4122 3504 4174 καὶ.

1928 4192 1993 4245 δι’
2024 4195 2395 4265 εὐδοκίμησιν.
2440 4196 2625 4268 ὥσπερ
2663 4196 2740 4266 τῷ
2780 4198 2896 4249 ’1ῶὸ
2939 4213 3102 4266 φησιν
3137 4201 3164 4251 ὁ
3202 4198 3365 4262 θεός’
3398 4200 3495 4267 Μὴ

1929 4271 2128 4338 ἄλλως
2146 4288 2245 4326 σοι
2262 4274 2370 4327 οἴει
2388 4292 2463 4341 με
2477 4275 2994 4344 κεχρηματικέναι,
3011 4275 3048 4342 ἢ
3066 4276 3165 4329 ἵνα
3182 4276 3507 4344 ἀναφανῇς-

1928 4347 2191 4415 δι¹καιος;
2239 4351 2395 4404 Ἀλλὰ
2418 4353 2468 4405 τί
2499 4353 2697 4423 δήποτε
2720 4353 2811 4405 ἐπὶ
2838 4355 2945 4407 τῶν
2976 4353 3355 4422 παραλυτικῶν
3373 4354 3496 4406 τού-

1927 4445 2034 4480 των
2065 4429 2161 4492 1a;
2211 4430 2483 4500 ἁμαρτίας
2516 4433 2595 4494 εἰς
2646 4432 2809 4503 μέσον
2844 4431 2998 4502 φέρει
3034 4432 3343 4502 ὁΧριστός;
3387 4432 3502 4485 Kal

1926 4504 2033 4574 γάρ
2060 4507 2153 4558 καὶ
2173 4507 2366 4577 ἐκείνῳ
2392 4506 2469 4577 τῷ
2495 4508 2643 4576 παρὰ
2668 4508 2746 4578 τῷ
2767 4508 3026 4578 Ματθαίῳ
3053 4508 3287 4579 κειμένῳ
3310 4508 3491 4577 λέγει·

1929 4583 2163 4649 Θάρσει,
2196 4585 2430 4647 τέκνον,
2476 4586 2771 4655 ἀφέωνταί
2806 4603 2920 4641 σου
2965 4590 3024 4641 αἰ
3051 4587 3325 4655 ἁμαρτίαι
3350 4603 3363 4617 ο
3399 4588 3502 4640 καὶ

1925 4663 2119 4733 τούτῳ,
2155 4664 2278 4719 Ἴδε
2302 4664 2478 4734 ὑγιὴς
2502 4667 2768 4734 γέγονας,
2804 4664 3017 4733 μηκέτι
3039 4664 3357 4734 ἁμάρτανε.
3384 4668 3496 4719 Kal

1926 4738 2040 4795 οῖδα
2065 4744 2161 4813 μὲν
2186 4745 2267 4797 ὃτι
2286 4746 2429 4808 τινὲς
2459 4745 2550 4798 τὸν
2579 4745 2885 4817 παράλυτον
2905 4744 3089 4797 τοῦτον
3116 4744 3495 4809 διαϐάλλοντές

1927 4840 2088 4890 φασιν
2112 4824 2272 4877 αὑτὸν
2298 4823 2391 4877 τοῦ
2418 4824 2655 4895 Χριστοῦ
2675 4824 2925 4892 γενέσθαι
2947 4825 3267 4895 κατήγορον,
3294 4827 3386 4878 καὶ
3406 4826 3496 4880 διὰ

1922 4902 2080 4955 τοῦτο
2103 4904 2276 4957 ταῦτα
2302 4905 2618 4974 ἀκηκοέναι.
2645 4906 2709 4957 Τί
2733 4900 2825 4957 οῦν
2856 4905 2981 4975 περί
2995 4904 3207 4956 ἐκείνου
3225 4904 3317 4957 τοῦ
3344 4907 3493 4976 παρὰ

1922 4982 2000 5051 τῷ
2031 4982 2294 5052 Ματθαίῳ
2326 4982 2394 5035 τά
2428 4983 2568 5037 αὐτά
2617 4983 2800 5053 σχεδὸν
2848 4980 3181 5044 ἀκούσαντος
3225 4984 3491 5054 ἐροῦμεν;

1923 5060 2033 5112 Καὶ
2052 5061 2157 5129 γὰρ
2184 5062 2277 5114 καὶ
2307 5061 2501 5129 ἐκείνῳ
2526 5057 2708 5114 εἶπενο
2753 5059 3075 5128 Ἀφέωνταί
3099 5076 3216 5115 σου
3238 5064 3297 5115 αἰ
3318 5062 3495 5131 ἁμαρ-

1922 5140 2059 5193 τίαι.
2087 5138 2250 5195 Ὅθεν
2279 5140 2437 5211 δῆλον
2474 5142 2556 5194 ὅτι
2594 5139 2714 5193 οὐδὲ
2740 5134 2894 5203 οὗτος
2934 5139 3138 5211 ταύτης
3184 5140 3366 5194 ἐνεκεν
3394 5145 3493 5208 τῆς

1925 5218 2230 5281 ὑποθέσεως
2253 5220 2425 5272 ταῦτα
2448 5220 2632 5288 ἤκουε.
2667 5219 2777 5270 Kal
2800 5216 2955 5269 τοῦτο
2998 5218 3088 5269 καὶ
3112 5218 3177 5269 ἐκ
3200 5216 3308 5269 τῶν
3341 5229 3363 5255 ο
3397 5219 3495 5270 ἐπ-

1924 5298 2205 5367 αγομένων
2227 5299 2556 5369 σαφέστερον
2585 5298 2699 5351 ἐστι
2728 5298 2939 5366 μαθεῖν.
2967 5298 3127 5352 Μετὰ
3148 5297 3332 5351 ταῦτα
3361 5298 3491 5367 γάρ,

1924 5379 2106 5446 φησὶν,
2137 5381 2403 5445 εὑρίσκει
2428 5378 2617 5431 αὑτὸν
2639 5378 2708 5431 ἐν
2729 5375 2809 5441 τῷ
2838 5376 2971 5445 ἱερῷ
3001 5379 3034 5430 ὁ
3068 5378 3326 5445 Ἰησοῦψ
3357 5377 3492 5446 ὅπερ

1925 5459 2186 5526 μεγίστης
2217 5457 2501 5520 εύλαὸείας
2526 5456 2751 5527 σημεῖόν
2773 5459 2938 5513 ἐστιν.
2970 5457 3043 5511 Ού
3071 5455 3177 5526 γάρ
3215 5457 3492 5527 ἐχώρησεν

1921 5539 2000 5598 εἰς
2044 5536 2250 5606 ἀγορὰς
2280 5537 2375 5588 καὶ
2406 5537 2762 5606 περιπάτους,
2807 5534 2927 5587 ούδὲ
2960 5538 3137 5605 τρυφῇ
3184 5534 3278 5587 καὶ
3310 5533 3492 5588 ἀνέσει

1922 5613 2117 5666 ἔδωκεν
2147 5615 2338 5667 ὲαυτόν
2358 5631 2370 5643 ·
2399 5613 2510 5665 ἀλλ’
2536 5617 2592 5666 ἐν
2611 5613 2689 5683 τῷ
2712 5612 2840 5684 ῖερῷ
2868 5613 3019 5683 διῆγε
3039 5630 3052 5643 ο
3079 5611 3255 5665 καίτοι
3287 5628 3347 5679 γε
3365 5628 3491 5663 τοσ-

1920 5693 2088 5762 αύτην
2124 5692 2333 5763 μέλλων
2366 5693 2657 5763 ὑπομένειν
2704 5692 2909 5764 ἔφοδον,
2955 5692 3051 5745 καὶ
3093 5690 3243 5762 παρὰ
3273 5691 3510 5745 πάντων.

1920 5772 2240 5826 ἐλαύνεσθαι
2270 5773 2479 5825 ἐκεῖθεν
2520 5771 2564 5827 ί.
2598 5771 2712 5826 ἀλλ’
2741 5772 2890 5824 οὐδὲν
2918 5771 3123 5824 τούτων
3147 5770 3365 5823 ἔπεισεν
3390 5771 3489 5829 αὐτ

1982 5933 2005 5963 ο
2044 5929 2193 5980 Savil.
2217 5931 2263 5978 εἰ
2286 5931 2337 5979 δέ
2361 5930 2493 5988 δίκην
2519 5930 2691 5984 δόντες,
2719 5933 2771 5976 et
2805 5929 2948 5989 paulo
2972 5931 3081 5989 post
3102 5927 3214 5975 ὅταν
3237 5929 3345 5987 μηδ’
3367 5929 3503 5991 ὅλως,

1982 5994 2255 6038 ιωοηθῶιιεν
2294 5993 2593 6038 ἁιιαοτόντεε.
2660 5990 2688 6029 ἀ
2731 5990 2879 6038 Savil.
2918 5990 3282 6038 κατασγεθένται
3308 5991 3501 6038 Γίνεται-

1917 5994 2255 6061 τιμωρηθῶμεν
2294 5993 2593 6063 ἁμιαρτόντες.
2660 5990 2688 6029 ἀ
2731 5990 2893 6062 διινὶιζ
2918 5990 3502 6065 κατασχεθένταινΓίνετᾳι,

1919 6056 1987 6104 δέ.
2022 6056 2046 6084 ⁸
2066 6056 2161 6105 Αιη
2191 6055 2270 6103 καὶ
2294 6070 2437 6104 τουτο
2459 6054 2541 6102 καὶ
2565 6054 2786 6116 ἑτέρωθεν
2806 6054 2920 6114 ἡμιν
2936 6068 2989 6100 εκ
3010 6067 3120 6101 των.
3152 6047 3181 6093 ί
3195 6052 3345 6103 Savu.
3360 6052 3496 6107 ὰειι,
