4100 6364
527 412 636 469 215

527 530 619 585 τὸν
643 530 945 599 ἀποστῆναι
972 526 1067 581 τοῦ
1097 526 1266 598 ἱεροῦ.
1301 526 1490 599 Εὑρὼν
1514 528 1693 582 τοίνυν
1721 532 1881 585 αὑτὸν
1915 534 1943 587 6
1972 534 2106 602 Χρι-

531 613 656 676 στὸς
688 613 784 666 καὶ⁵
832 610 969 682 μετὰ
994 611 1056 663 τὸ
1098 609 1448 683 διαλεχθῆναι
1477 617 1590 675 τοῖς
1626 612 1921 680 Ἰουδαίοις,
1956 615 2107 667 οὐδὲν

530 696 773 751 τοιοῦτον
801 695 1041 767 ᾐνίξατο.
1076 694 1139 746 El
1164 693 1221 747 δὲ
1249 692 1406 746 τοῦτο
1434 694 1684 761 ἐγκαλεῖν
1715 697 1927 768 ἤθελεν,
1956 695 2107 751 εἶπεν

531 779 601 837 ἂν
617 778 752 851 πρὸς
772 778 933 830 αὐτόν
955 793 968 806 ·
994 776 1161 830 Πάλιν
1190 778 1302 839 τοῖς
1328 777 1512 841 αὐτοῖς
1534 778 1853 849 ἐπιχειρεῖς,
1873 780 1968 832 καὶ
1985 779 2109 832 οὔτε

530 864 598 933 τῇ
647 861 913 932 θεραπείᾳ
946 859 1180 928 γέγονας
1227 858 1485 929 βελτίων;
1535 861 1675 913 Ἀλλ’
1722 862 1872 916 οὐδὲν
1905 861 2109 914 τούτων

532 943 706 1010 εἶπεν,
735 943 870 999 ἀλλά
895 942 1028 1013 πρὸς
1058 942 1119 995 τὸ
1144 942 1335 1013 μέλλον
1361 943 1524 996 αὐτὸν
1552 944 1903 1012 ἀσφαλίζεται
1929 945 2109 1013 μόνον.

606 1030 673 1101 β’.
690 1027 755 1080 Τί
778 1028 838 1094 δή
850 1044 973 1079 ποτε
1001 1022 1093 1079 οὖν
1119 1026 1213 1080 καὶ
1237 1025 1441 1095 χωλοὺς
1465 1028 1557 1080 καὶ¹
1589 1028 1815 1093 κυλλούς
1841 1028 2109 1099 θεραπεύ-

535 1129 656 1177 σας,
684 1108 921 1180 οὐδαμοῦ
950 1109 1155 1161 τούτων
1178 1109 1616 1179 ἐμνημόνευσεν;
1653 1111 1709 1163 Ἐ
1717 1112 1805 1181 μοὶ
1823 1111 1970 1164 δοκεί
1996 1110 2111 1164 τού-

531 1212 645 1263 τοις
680 1196 777 1267 μὲν
818 1194 877 1259 ἐξ
922 1194 1342 1265 ἁμαρτημάτων
1379 1193 1448 1246 τὰ
1493 1196 1778 1265 νοσήματα
1831 1195 2106 1263 γενέσθαι,

531 1284 645 1344 τοῖς
669 1280 726 1332 δὲ
752 1278 930 1341 ἄλλοις
965 1278 1021 1343 ἐξ
1048 1277 1333 1342 ἀσθενείας
1356 1279 1608 1347 φυσικῆς.
1646 1280 1706 1331 EE
1740 1280 1797 1333 δὲ
1831 1280 1904 1351 μὴ
1930 1279 2105 1343 τοῦτο,

534 1365 626 1418 καὶ
653 1365 766 1424 τοῖς
793 1361 974 1424 ἄλλοις
1012 1360 1101 1413 διὰ
1129 1361 1331 1413 τούτων
1361 1363 1455 1416 καὶ
1482 1362 1592 1417 τῶν
1635 1362 1771 1432 πρὸς
1802 1362 2010 1428 τούτοις
2037 1365 2112 1416 εί-

536 1466 604 1521 ρη
614 1447 792 1516 μένων
816 1444 1081 1514 διελέχθη.
1115 1445 1334 1516 Ἐπειδὴ
1352 1446 1461 1515 γὰρ
1478 1446 1587 1499 τῶν
1612 1447 1787 1501 ἄλλων
1817 1448 2032 1501 πάντων
2052 1448 2113 1500 τὸ

533 1535 748 1602 νόσημα
772 1529 933 1585 τοῦτο
961 1528 1361 1602 χαλεπώτερον,
1396 1531 1485 1583 διά
1516 1530 1610 1583 τοῦ
1641 1532 1885 1602 μείζονος
1924 1533 2019 1584 καὶ
2043 1532 2113 1584 τά

534 1618 794 1677 ἐλάττονα
835 1611 1158 1684 διορθοῦται.
1193 1613 1405 1684 Ὥσπερ
1451 1613 1558 1683 γὰρ
1603 1614 1944 1682 θεραπεύσας
1989 1614 2113 1667 τινὰ

535 1702 742 1774 ἕτερον,
773 1695 1113 1768 παρήγγειλε
1146 1695 1331 1749 δοῦναι
1351 1696 1508 1763 δόξαν
1537 1696 1614 1765 τῷ
1635 1696 1773 1766 Θεῷ,
1793 1698 1893 1750 οὐκ
1922 1698 2113 1767 ἐκείνῳ

539 1786 684 1861 μόνῳ
710 1782 882 1836 ταῦτα
917 1779 1219 1851 παραινῶν,
1260 1778 1398 1831 ἀλλά
1429 1779 1524 1831 καὶ
1565 1780 1633 1831 δι’
1666 1781 1875 1832 ἐκείνου
1912 1782 2110 1833 πᾶσινο

535 1869 677 1927 οὑτω
692 1867 786 1920 καὶ
803 1864 1014 1926 τούτοις
1040 1862 1336 1917 διάτούτων
1356 1864 1491 1915 πᾶσι
1510 1863 1604 1917 καὶ
1621 1866 1731 1927 τοῖς
1744 1865 1949 1927 λοιποῖς
1971 1880 2048 1916 πα
2060 1879 2116 1933 9-

536 1956 677 2008 αινεί
700 1952 795 2004 καὶ
825 1946 1185 2019 συμϐουλεύει
1234 1946 1430 2010 ταῦτα,
1455 1947 1491 2000 ἀ
1514 1948 1607 2000 καὶ
1640 1947 1774 2018 πρὸς
1797 1947 2016 2009 τούτους
2039 1945 2114 1998 εί-

544 2052 702 2113 ρηκε.
732 2032 881 2105 [2181
901 2030 1044 2101 Πρὸς
1058 2030 1115 2083 δὲ
1138 2028 1370 2092 τούτοις,
1395 2031 1614 2083 κάκεῖνο
1642 2031 1788 2082 ἐστιν
1809 2031 2004 2095 είπεῖν,
2034 2031 2115 2082 ὅτι

541 2120 742 2190 πολλὴν
776 2117 972 2171 ἐνεῖδεν
1004 2113 1167 2167 αὐτοῦ
1188 2115 1253 2184 τῇ
1275 2114 1420 2184 ψυχῇ
1448 2114 1545 2185 τὴν
1577 2116 1889 2186 καρτερίαν,
1920 2117 2014 2168 καὶ
2042 2115 2117 2180 ὡς

540 2202 825 2273 δυναμένῳ
865 2199 926 2252 τὸ
970 2196 1338 2268 παράγγελμα
1371 2197 1625 2263 δέξασθαι
1655 2202 1929 2270 παραινεῖ,
1956 2202 2021 2270 τῇ
2058 2216 2115 2251 τε

539 2286 831 2358 εὐεργεσίᾳ
861 2283 955 2337 καὶ
989 2282 1066 2352 τῷ
1102 2280 1252 2351 φόϐῳ
1288 2281 1395 2333 τῶν
1436 2280 1735 2351 μελλόντων
1770 2283 1955 2336 κακῶν
1988 2300 2117 2335 κατ-

539 2373 678 2443 έχων
702 2369 863 2424 αὑτὸν
889 2369 983 2419 ἐπὶ
1008 2367 1106 2436 τῆς
1131 2365 1356 2433 ὑγιείας.
1390 2367 1498 2420 Καὶ
1529 2366 1630 2437 ὅρα
1653 2367 1713 2418 16
1744 2367 2115 2435 ἀκόμπαστον.

538 2457 617 2509 Οὐ
652 2454 761 2522 7&9
791 2448 963 2513 εἶπεν,
986 2450 1091 2503 Ἴδε
1111 2449 1236 2520 ὑγιῆ
1262 2466 1321 2500 σε
1348 2450 1599 2519 ἐποίησα,
1628 2450 1761 2511 ἀλλ’,
1808 2449 2011 2518 ’Υγιής
2033 2450 2122 2519 γέ-

537 2555 743 2617 τονας·
766 2534 980 2606 μηκέτι
1005 2531 1322 2601 ἁμάρτανε.
1349 2534 1458 2617 Καὶ
1487 2533 1651 2586 πάλιν
1679 2535 1779 2586 οὑκ
1811 2528 1983 2595 εἶπεν,
2002 2534 2119 2587 Ἵνα

543 2624 619 2700 μή
647 2639 707 2675 σε
738 2621 955 2674 κολάσω
978 2658 992 2681 ,
1023 2617 1161 2683 ἀλλ’,
1181 2617 1307 2670 Ἵνα
1322 2616 1407 2685 μὴ
1438 2616 1641 2685 χεῖρόν
1656 2618 1712 2669 τί
1730 2633 1828 2671 σοι
1853 2617 2115 2686 γένηται,

540 2704 887 2778 ἀπροσώπως
930 2701 1214 2773 ἀμφότερα
1264 2700 1455 2764 τιθεὶς,
1508 2702 1603 2754 καὶ
1646 2701 1861 2763 δεικνὺς
1900 2702 2121 2771 χάριτος

547 2791 749 2873 μᾶλλον
782 2785 948 2873 οὖσαν
1132 2785 1362 2873 ὑγίειαν,
1588 2785 1762 2873 ἀξίας.
1795 2786 1869 2837 Οὐ
2038 2785 2124 2873 ἐν·

546 2866 743 2946 ἔφηνεν
774 2874 854 2926 ὃτι
882 2870 980 2941 τὴν
1010 2869 1164 2934 ἀξίαν
1186 2867 1308 2930 δοὺς
1336 2866 1624 2938 ἀπηλλάγη
1650 2867 1805 2936 δίκης
1825 2878 1874 2946 α,
1897 2867 2011 2946 ἀλλξ
2042 2866 2122 2918 ὃτι

547 2945 928 3026 ᾳιλανθρωπίᾳ
975 2950 1229 3014 ἐσώζετο.
1276 2950 1428 3001 Ἐπεὶ
1477 2952 1525 3001 εί
1558 2949 1633 3021 μὴ
1671 2950 1829 3002 τοῦτο
1852 2945 1939 3019 ἦν,
1974 2945 2123 3002 εἶπεν

547 3044 642 3101 ἄν·
688 3041 820 3095 Ἰδοὺ
854 3038 1094 3099 δέδωκας
1118 3036 1227 3088 τῶν
1262 3035 1667 3107 ἡμαρτημένων
1710 3034 1866 3103 δίκην
1901 3035 2118 3103 ίκανήν·

548 3123 848 3195 ἀσφαλίζου
873 3120 1080 3174 λοιπόν.
1103 3118 1217 3175 Νῦν
1234 3118 1289 3170 δὲ
1312 3118 1410 3187 οὐχ
1434 3116 1603 3179 οὑτως
1620 3112 1795 3180 εἶπεν,
1821 3116 1956 3170 ἀλλά
1979 3117 2122 3181 πῶς;

552 3208 665 3263 Ἵδε
692 3204 868 3275 ὑγιὴς
894 3202 1145 3275 γέγονας
1165 3219 1179 3231 ο
1208 3200 1419 3270 μηκέτι
1450 3200 1774 3269 ἁμάρτανε.
1805 3200 1989 3253 Ταῦτα
2032 3200 2127 3253 καὶ

549 3294 679 3363 ἡμῖν
710 3290 893 3351 αὐτοῖς
920 3284 1159 3356 συνεχῶς
1189 3285 1553 3354 ἐπιλέγωμεν,
1582 3285 1685 3335 κᾶν
1716 3284 1813 3353 μὲν
1834 3283 2126 3337 κολασθέν-

547 3392 640 3438 τες
656 3371 1083 3440 ἀπαλλαγῶμεν,
1102 3368 1261 3421 τοῦτο
1281 3368 1511 3429 ἕκαστος
1527 3367 1663 3436 πρὸς
1685 3366 1876 3418 ἑαυτὸν
1900 3366 2123 3434 λεγέτω·

553 3461 667 3515 Ἴδε
694 3457 870 3529 ὑγιὴς
907 3455 1156 3526 γέγονας
1180 3470 1195 3486 ο
1233 3451 1446 3522 μηκέτι
1483 3452 1800 3519 ἁμάρτανε.
1836 3452 1933 3503 Ἂν
1966 3450 2022 3503 δὲ
2054 3450 2128 3522 μὴ

548 3545 729 3615 δῶμεν
756 3542 935 3610 δίκην,
969 3540 1080 3601 τοῖς
1100 3537 1284 3599 αὐτοῖς
1305 3535 1676 3604 ἐπιμένοντες,
1710 3537 1885 3588 ἐκεῖνο
1908 3536 1968 3588 16
1996 3537 2129 3588 ἀπο-

552 3626 797 3682 στολικὸν
830 3624 1142 3695 ἐπᾴδωμεν,
1182 3620 1264 3672 ὅτι
1298 3617 1371 3672 T6
1412 3618 1681 3687 χρηστὸν
1719 3619 1826 3672 τοῦ
1858 3619 2006 3673 Θεοῦ
2042 3622 2129 3686 εὶς

547 3711 869 3784 μετάνοιαν
901 3705 1059 3781 ημᾶς
1091 3705 1221 3773 ἄγει
1241 3719 1254 3733 ο
1300 3701 1450 3755 κατά
1486 3700 1554 3754 δὲ
1586 3700 1700 3769 τὴν
1746 3703 2132 3770 σκληρότητα

553 3796 651 3859 καὶ
675 3792 1083 3863 ἀμετανόητον
1098 3789 1135 3854 η
1137 3784 1268 3856 μῶν
1283 3784 1532 3851 καρδίαν
1547 3784 1965 3852 θησαυρίζομεν
1990 3786 2129 3839 ἑαυ-

553 3878 678 3944 τοῖς
710 3875 917 3945 ὀργήν.
951 3872 1026 3928 Οὐ
1057 3870 1135 3941 τῷ
1169 3867 1391 3937 σφίγξαι
1422 3867 1478 3918 δὲ
1518 3866 1576 3918 16
1604 3866 1764 3936 σῶμα
1789 3868 1969 3936 μόνον,
1995 3867 2132 3921 ἀλλά

555 3963 649 4023 καὶ
677 3959 942 4030 ἑτέρωθεν
977 3955 1120 4027 μέγα
1144 3951 1295 4022 αὐτῷ
1332 3949 1635 4020 παρέσχετο
1662 3950 1761 4018 τῆς
1790 3949 1994 4014 οἰκείας
2012 3950 2129 4003 Θεό-

553 4061 713 4115 τητος
752 4042 996 4112 σημεῖον.
1040 4036 1130 4109 Τῷ
1178 4033 1287 4105 γὰρ
1321 4035 1519 4094 εἰπεῖν,
1554 4032 1777 4097 Μηκέτι
1812 4033 2129 4102 ἁμάρτανε,

554 4114 823 4200 ἐδήλωσεν
857 4122 1036 4175 εἰδότα
1059 4120 1239 4171 πάντα
1278 4117 1348 4168 τὰ
1379 4114 1688 4195 ἔμπροσθεν
1728 4116 1874 4186 αὐτῷ
1905 4133 2133 4185 γεγενη-

557 4190 695 4284 μένα
745 4205 1219 4284 πλημμελήματα·
1266 4201 1389 4254 ὅθεν
1424 4202 1516 4284 καί
1558 4190 1708 4284 πρὸς.
1755 4200 1823 4253 τά
1876 4200 2133 4270 μέλλοντα

556 4280 580 4348 ἓ
588 4292 776 4366 μέλλεν
803 4292 1111 4355 ἀξιόπιστος
1128 4282 1288 4339 εἶναι.
1319 4282 1619 4350 Ἀπῆλθεν
1641 4280 1755 4337 οὖν
1773 4286 1805 4336 ὀ
1823 4283 2134 4351 ἄνθρωπος

556 4379 657 4433 καί
686 4376 1009 4444 ἀπήγγειλε
1045 4370 1169 4434 τοῖς
1208 4367 1538 4431 Ἰουδαίοις,
1567 4367 1655 4419 ὅτι
1702 4366 1939 4433 Ἰησοῦς
1965 4367 2136 4420 ἐστιν

556 4469 589 4519 o'
615 4461 877 4528 ποιήσας
898 4456 1085 4511 αὑτὸν
1103 4451 1266 4525 ὺγιῆ.
1295 4452 1405 4505 Καὶ
1425 4453 1525 4525 ὅρα
1548 4450 1708 4503 αὐτὸν
1739 4451 1899 4503 πάλιν
1921 4451 2011 4504 ἐπὶ
2034 4451 2135 4521 τῆς

557 4546 729 4613 αὐτῆς
762 4542 988 4613 μένοντα
1022 4534 1462 4605 εὐγνωμοσύνης.
1493 4532 1566 4584 Οὐ
1585 4530 1694 4602 7&9
1726 4528 1897 4596 εἶπεν,
1928 4532 2008 4584 ὅτι
2038 4533 2135 4585 αὐ-

556 4628 649 4691 τός
665 4629 814 4695 ἐστιν
836 4627 863 4677 ὁ
880 4621 1072 4684 εἰπὼν,
1085 4616 1270 4687 τΑρον
1286 4617 1391 4670 τὸν
1414 4614 1746 4683 κρὰϐϐατόν
1762 4630 1898 4668 σου.
1918 4614 2134 4685 Ἐπειδὴ

559 4696 669 4782 7&9
699 4713 895 4764 ἐκεῖνοι
923 4707 985 4760 τὸ
1016 4702 1207 4759 δοκοῦν
1240 4700 1495 4769 ἔγκλημα
1529 4697 1685 4782 τοῦτο
1720 4698 1747 4736 b
1778 4699 1865 4751 ἀεὶ
1898 4699 2135 4770 προέφε-

563 4780 675 4865 ρον,
708 4792 869 4853 αὐτὸς
894 4791 995 4860 τὴν
1025 4784 1322 4854 ἀπολογίαν
1349 4784 1435 4836 ἀεὶ
1458 4780 1841 4853 προϐάλλεται,
1870 4782 2031 4834 πάλιν
2046 4782 2137 4836 τὸν

565 4878 751 4949 ἰατρὸν
785 4876 945 4946 δῆλον
984 4872 1174 4941 ποιῶν,
1220 4870 1316 4925 καὶ
1342 4870 1470 4932 τοὺς
1506 4867 1699 4930 ἄλλους
1738 4866 2137 4933 ἐφελκύσασθαι

563 4961 809 5031 σπεύδων
837 4961 932 5019 καὶ
958 4954 1345 5011 οἰκειώσασθαι
1377 4964 1425 5006 ο.
1459 4951 1535 5004 Οὐ
1556 4950 1664 5021 7&9
1684 4950 1854 5013 οὑτως
1879 4952 2139 5023 ἀναίσθη-

560 5064 652 5110 τος
684 5041 773 5118 ἦν,
798 5043 874 5106 ὡς
903 5042 1040 5111 μετά
1064 5038 1334 5109 τοσαύτην
1364 5035 1686 5105 εὐεργεσίαν
1705 5035 1797 5086 καὶ
1815 5035 2138 5103 παραίνεσιν

562 5116 861 5195 προδοῦναι
878 5124 969 5177 16v
991 5123 1311 5193 εὐεργέτην,
1332 5119 1429 5172 καὶ
1445 5116 1739 5187 κακούργῳ
1762 5116 1970 5187 διανοίᾳ
1985 5116 2139 5171 τοῦτο

564 5215 760 5273 εἰπεῖν.
790 5210 853 5263 Εί
876 5207 985 5278 7&9
1012 5207 1104 5259 καὶ
1126 5206 1314 5275 θηρίον
1334 5199 1424 5274 ἦν,
1457 5202 1506 5254 εἰ
1539 5200 1649 5271 γὰρ
1673 5201 2034 5272 ἀπάνθρωπος
2056 5219 2140 5263 τις

565 5298 660 5351 καὶ
684 5294 907 5357 λίθινος,
938 5289 1100 5359 ἱκανὴ
1122 5289 1217 5341 καὶ⁹
1246 5289 1281 5357 ἡ
1310 5285 1602 5355 εὐεργεσία
1628 5284 1722 5336 καὶ
1747 5284 1775 5333 ὁ
1797 5284 1959 5352 φόϐος
1976 5285 2139 5337 αὐτὸν

563 5363 631 5450 ἦν
661 5377 973 5447 κατασχεῖν.
1015 5375 1126 5425 Καὶ
1163 5371 1272 5440 γάρ
1317 5368 1541 5421 ἔναυλον
1584 5366 1724 5435 ἔχων
1752 5368 1850 5436 τὴν
1888 5368 2140 5439 ἀπειλὴν,

565 5448 766 5517 ἔδεισεν
784 5460 848 5514 ἂν
876 5458 952 5529 μὴ
982 5455 1163 5527 χεῖρόν
1191 5471 1244 5505 τι
1267 5451 1435 5521 πάθῃ,
1460 5451 1692 5519 μέγιστα
1722 5448 1901 5502 λαϐὼν
1925 5452 2024 5520 τῆς
2046 5451 2139 5504 τοῦ

572 5547 752 5617 ἰατροῦ
783 5542 1065 5612 δυνάμεως
1094 5540 1363 5606 δείγματα
1387 5534 1413 5572 ἀ
1436 5549 1448 5562 ·
1476 5533 1651 5617 άλλως
1677 5550 1734 5585 τε
1759 5536 1805 5585 εί
1838 5535 2142 5617 διαϐάλλειν

568 5614 842 5691 ἐϐούλετο,
871 5627 968 5697 τὴν
1005 5623 1217 5692 ὑγίειαν
1245 5618 1497 5687 σιγήσας,
1526 5615 1624 5685 τὴν
1650 5617 1959 5685 παράϐασιν
1991 5614 2143 5671 εἶπεν

570 5714 637 5767 ἂν
666 5712 761 5765 καὶ
782 5710 1179 5781 κατηγόρησεν.
1209 5703 1350 5757 Ἀλλ’
1380 5702 1480 5753 οὐκ
1519 5700 1637 5752 ἐστι
1668 5699 1845 5758 τοῦτο.
1874 5703 1973 5754 οὐκ
1994 5701 2139 5754 ἐστι’

572 5795 707 5865 ἀλλά
736 5795 939 5864 πολλῆς
974 5791 1285 5863 παρρησίας
1316 5787 1385 5841 τὰ
1419 5788 1639 5857 ῥήματα
1670 5786 1763 5837 καὶ
1792 5787 2139 5855 εὐγνωμοσύο

639 5968 666 5996 ⁸
688 5964 836 6017 Codd.
872 5963 1054 6012 laudati
1076 5966 1125 6008 et
1153 5957 1303 6008 Savil.
1329 5956 1480 6010 δίκην.
1533 5951 1577 6017 _b
1604 5951 1758 6017 Τοῦτο
1800 5953 1939 6017 deos}
1963 5953 2007 6017 iu
2034 5954 2144 6017 qni-

574 6013 795 6085 busém.
862 6028 883 6054 ο
908 6025 1002 6071 Alii
1027 6023 1241 6070 σπεύδων
1263 6019 1379 6083 πρὸς
1400 6018 1484 6075 τήν
1503 6013 1759 6064 οἱκείωσιν.
1842 6014 1868 6050 ιί
1895 6015 2040 6063 Sasil.
2064 6016 2146 6061 60-

580 6090 764 6157 νάμεως
782 6088 840 6134 τὰ.
862 6087 1071 6155 ἐνέχυρα,

1212 409 1271 464 S.
1310 407 1597 464 JOANNIS
1634 407 2127 468 CHRYSOSTOMI
2164 413 2487 473 ARCHIEP.
2522 414 3070 473 CONSTANTINOP.

3673 418 3781 473 ΞΗ

2211 554 2273 605 νη
2283 554 2328 600 ς,
2360 538 2453 588 καὶ
2484 534 2850 604 ἀνακηρύττει
2873 533 2963 586 τὸν
2984 531 3277 603 εὐεργέτην
3291 530 3439 583 οὐδὲν
3455 529 3666 584 ἔλαττον
3683 530 3780 586 τοῦ

2210 618 2432 685 τυφλοῦ.
2468 619 2532 671 Τί
2564 619 2670 689 γὰρ
2686 616 2892 678 ἐκεῖνός
2916 632 3100 685 (gmw;
3136 615 3420 680 Ἐποίησε
3442 613 3658 677 πηλὸν,
3676 616 3776 668 καί

2211 702 2418 770 ἓχρισέ
2440 720 2561 771 μου
2586 701 2727 767 τοὺς
2756 701 3099 769 ὀφθαλμούς
3119 714 3133 727 °
3165 698 3305 750 οὑτω
3334 698 3426 750 καὶ
3451 690 3635 760 οὐτοςο
3676 699 3781 768 ’1η-

2213 785 2338 849 σοῦς
2367 789 2513 839 ἐστιν
2541 788 2569 839 6
2601 789 2831 855 ποιήσας
2864 801 2929 853 με
2960 784 3109 851 ὑγιῆ.
3157 781 3438 837 Ἑδίωκον
3470 778 3563 833 οὖν
3591 783 3778 835 αὐτὸν

2205 872 2259 924 οί
2294 868 2592 934 Ἰουδαῖοι,
2634 872 2732 924 καί
2774 868 3021 936 ἐζήτουν
3065 865 3250 920 αὑτὸν
3287 865 3650 927 ἀποκτεῖναι,
3688 866 3780 919 ὅτι

2204 954 2392 1007 ταῦτα
2438 954 2625 1006 ἐποίει
2672 954 2741 1006 ἐν
2774 952 3064 1017 Σαϐϐάτῳ.
3109 949 3173 1001 Τί
3218 944 3309 1001 οὖν
3336 950 3363 1001 6
3402 949 3665 1018 X9L016;;
3717 948 3780 1000 '0

2210 1035 2411 1103 Πατήρ
2439 1052 2559 1106 μου
2591 1035 2702 1103 ἕως
2743 1035 2874 1103 ἄρτι
2903 1032 3218 1103 ἐργάζεται,
3254 1031 3414 1101 κάγὼ
3449 1030 3778 1101 ἐργάζομαι.

2214 1118 2343 1171 Ὅτε
2372 1119 2469 1190 μὲν
2494 1119 2601 1190 γάρ
2626 1118 2767 1188 ὑπὲρ
2784 1117 2889 1171 τῶν
2916 1116 3172 1187 μαθητῶν
3189 1114 3627 1184 ἀπολογήσασθαι
3650 1114 3779 1176 ἔδει,

2212 1203 2304 1256 τὸν
2335 1202 2498 1256 Δαυῖδ
2526 1202 2616 1254 16v
2647 1202 2934 1273 ὁμόδουλον
2970 1199 3117 1273 [219]
3146 1198 3323 1252 αὐτῶν
3358 1200 3436 1261 είς
3474 1199 3634 1267 μέσον
3658 1198 3784 1265 ἐφε-

2220 1304 2328 1356 ρεν,
2358 1288 2479 1339 Οὐκ
2512 1285 2827 1353 ἀνέγνωτε,
2868 1284 3062 1351 λέγων,
3096 1283 3155 1335 τι
3190 1282 3440 1348 ἐποίησε
3463 1279 3659 1344 Δαυῒδ,
3686 1280 3785 1332 ὅτε

2216 1368 2533 1422 ἐπείνασεν
2561 1370 2741 1433 αὑτός
2753 1385 2773 1432 ;
2796 1368 2921 1420 Ὅτε
2946 1366 3003 1418 δὲ
3034 1365 3161 1433 περὶ
3196 1362 3412 1425 ἑαυτοῦ,
3443 1364 3533 1416 ἐπὶ
3553 1363 3643 1416 τὸν
3670 1364 3785 1415 Πα-

2215 1455 2348 1524 τέρα
2379 1454 2704 1521 κατέφυγεν,
2725 1450 3061 1520 ἐκατέρωθεν
3086 1449 3147 1501 τὸ
3167 1448 3425 1517 ὁμότιμον
3448 1448 3680 1509 δεικνὺς,
3705 1446 3785 1517 τῷ

2215 1554 2274 1589 τε
2304 1536 2521 1607 Πατέρα
2548 1537 2721 1587 εἰπεῖν
2757 1535 3082 1598 ἰδιαζόντως,
3118 1533 3213 1587 καὶ
3240 1532 3317 1601 τῷ
3343 1533 3411 1584 τά
3438 1530 3576 1584 αὐτά
3608 1534 3784 1602 πράτ-

2216 1637 2327 1673 τειν
2367 1620 2579 1690 ἐκείνῳ.
2613 1619 2722 1672 Καὶ
2751 1618 2890 1671 διατί
2929 1619 3003 1687 μὴ
3039 1612 3158 1668 εἷπε
3188 1616 3255 1668 τά
3282 1616 3409 1685 περὶ
3446 1615 3543 1685 τὴν
3576 1614 3784 1685 Ἰεριχὼ

2217 1704 2514 1775 γενόμενα;
2556 1702 2875 1769 Ἀναγαγεῖν
2904 1701 3099 1762 αὐτοὺς
3130 1698 3392 1768 ἠθέλησεν
3410 1698 3518 1751 ἀπὸ
3536 1700 3634 1769 τῆς
3659 1699 3785 1768 γῆς,

2220 1788 2305 1841 ἵνα
2342 1789 2537 1858 μηκέτι
2567 1786 2643 1849 ὼς
2680 1784 2952 1855 ἀνθρώπῳ
2998 1783 3357 1854 προσέχωσιν,
3405 1782 3519 1835 ἀλλ’
3546 1783 3621 1846 ὡς
3665 1784 3786 1853 Θεῷ

2218 1872 2313 1924 καὶ
2351 1868 2660 1939 νομοθετεῖν
2689 1865 2977 1936 ὀφείλοντι.
3010 1866 3072 1917 Εἰ
3102 1865 3157 1917 δέ
3190 1864 3262 1935 μὴ
3311 1865 3529 1935 γνήσιος
3554 1862 3621 1935 ἦν
3658 1865 3786 1927 Υίδς

2219 1956 2312 2008 καὶ
2341 1954 2439 2024 τῆς
2469 1952 2636 2022 αὐτῆς
2661 1951 2868 2014 οὐσίας,
2893 1950 2925 2019 ἡ
2946 1948 3210 2017 ἀπολογία
3230 1951 3559 2020 κατηγορίας
3587 1950 3786 2019 μείζων

2219 2038 2384 2091 ἐστίν.
2413 2036 2545 2090 υὺδέ
2576 2035 2684 2105 γὰρ
2719 2034 2875 2095 εἴτις
2911 2034 3156 2104 ὕπαρχος
3182 2034 3345 2103 νόμον
3379 2034 3650 2103 βασιλικὸν
3686 2051 3788 2103 με-

2217 2122 2422 2185 ταθεὶς,
2446 2116 2564 2172 εἶτα
2588 2117 2984 2186 ἐγκαλούμενος
3003 2117 3319 2184 ἀπολογοῖτο
3334 2115 3494 2181 οὑτω,
3511 2117 3598 2170 καὶ
3616 2117 3787 2185 λέγοι,

2218 2208 2299 2259 ὅτι
2338 2204 2447 2257 Καὶ
2482 2202 2591 2272 7&9
2616 2205 2643 2255 6
2675 2201 2925 2271 βασιλεὺς
2953 2202 3131 2263 ἔλυσε,
3174 2201 3458 2270 δυνήσεται
3483 2201 3787 2269 διαφυγεῖν,

2220 2287 2355 2343 ἀλλά
2381 2286 2475 2341 καὶ
2511 2284 2693 2356 μεῖζον
2726 2284 2785 2337 τὸ
2817 2283 3067 2353 ἔγκλημα
3093 2283 3263 2347 οὑτως
3297 2283 3607 2354 ἐργάσεται.
3647 2283 3790 2335 Ἀλλ’

2221 2370 2454 2425 ἐνταῦθα
2482 2368 2667 2439 ἐπειδὴ
2692 2369 2780 2421 ἴσα
2795 2367 2865 2419 τά
2887 2367 2987 2436 τῆς
3013 2366 3288 2433 ἀξίας,διά
3313 2366 3469 2419 τοῦτο
3490 2368 3581 2419 καὶ
3606 2368 3671 2420 τὰ
3691 2368 3792 2434 τῆς

2220 2454 2516 2523 ἀπολογίας
2544 2455 2875 2526 ἀπήρτισται
2906 2452 3040 2521 μετά
3062 2450 3361 2518 ἀσφαλείας
3388 2452 3621 2519 ἀπάσης.
3670 2452 3792 2520 Ἀφ’

2221 2536 2296 2594 ὧν
2319 2539 2449 2610 γάρ,
2484 2539 2669 2608 φησὶν,
2693 2535 2961 2589 ἀπολύετε
2988 2535 3079 2586 τὸν
3112 2534 3244 2587 Θεὸν
3276 2535 3653 2604 ἐγκλημάτων,
3683 2535 3794 2587 ἀπὸ

2220 2623 2330 2676 τῶν
2364 2620 2541 2673 αὐτῶν
2572 2621 2665 2673 καὶ
2686 2619 2808 2688 ἐμέ.
2834 2617 2933 2671 Διά
2950 2617 3107 2671 τοῦτο
3129 2618 3220 2671 καὶ
3245 2618 3526 2688 προλαϐὼν
3549 2622 3791 2689 εἴρηκεν,

2237 2707 2300 2759 '0
2323 2704 2523 2771 Πατήρ
2538 2721 2680 2773 μου,
2706 2704 2793 2754 ἴνα
2816 2702 2909 2755 καὶ
2930 2703 3160 2764 ἄκοντας
3194 2702 3356 2772 πείσῃ
3382 2702 3449 2754 τὰ
3478 2702 3615 2754 αὐτά
3645 2701 3797 2771 αὐτῷ

2226 2793 2549 2861 συγχωρεῖν,
2582 2788 2679 2858 τὴν
2718 2786 2919 2856 ἀκριϐῆ
2948 2786 3277 2856 γνησιότητα
3321 2786 3680 2848 αἰδεσθέντας.
3732 2787 3797 2837 Et

2223 2874 2279 2926 δέ
2310 2874 2457 2939 λέγοι
2484 2887 2589 2935 τις’
2615 2871 2722 2924 Καὶ
2744 2870 2847 2922 ποῦ
2868 2872 2895 2923 6
2914 2871 3103 2939 Πατὴρ
3125 2868 3435 2941 ἐργάζεται,
3454 2872 3508 2921 ἐν
3526 2873 3591 2939 τῇ
3612 2869 3799 2939 ἡμέρᾳ.

2224 2955 2289 3021 τῇ
2331 2952 2533 3021 ἐϐδόμῃ
2564 2950 2926 3012 καταπαύσας
2959 2950 3067 3002 ἀπὸ
3097 2950 3314 3002 πάντων
3346 2948 3453 3000 τῶν
3491 2948 3665 3019 ἔργων
3696 2950 3765 3000 αὐ
3784 2979 3796 2987 -

2224 3036 2355 3104 τοῦ;
2383 3036 2476 3089 τὸν
2505 3036 2703 3106 τρόπον
2745 3036 2961 3105 μαθέτω
2990 3033 3111 3087 καθ’
3142 3034 3201 3086 δν
3228 3034 3539 3105 ἐργάζεται.
3578 3032 3673 3094 Τίς
3706 3028 3801 3083 οὖν

2228 3124 2255 3174 6
2282 3120 2481 3190 τρόπος
2505 3119 2605 3188 τῆς
2643 3118 2935 3190 ἐργασίας;
2968 3118 3211 3184 Προνοεῖ,
3240 3118 3526 3189 συγκροτεῖ
3559 3125 3582 3153 θ
3606 3115 3673 3167 τά
3701 3132 3800 3183 γε-

2227 3205 2428 3275 νόμενα
2455 3202 2652 3255 πάντα.
2702 3201 2875 3273 Ὀρῶν
2897 3201 3078 3253 τοίνυν
3120 3200 3268 3270 ἥλιον
3295 3198 3671 3261 ἀνατέλλοντα,
3704 3197 3801 3251 καὶ

2231 3286 2460 3357 σελήνην
2488 3286 2810 3357 τρέχουσαν,
2841 3284 2934 3336 καὶ
2977 3282 3191 3353 λίμνας,
3224 3283 3317 3335 καὶ⁵
3354 3282 3553 3351 πηγὰς,
3584 3282 3677 3335 καὶ
3704 3298 3800 3333 πο-

2228 3370 2457 3439 ταμοὺς,
2492 3368 2583 3420 καὶ
2613 3368 2819 3431 ὑετοὺς,
2852 3368 2944 3420 καὶ
2978 3366 3191 3435 φύσεως
3223 3365 3441 3435 δρόμον,
3467 3364 3558 3417 τὸν
3590 3367 3647 3417 ἐν
3687 3367 3801 3425 τοῖς

2233 3454 2530 3523 σπέρμασι,
2560 3452 2648 3505 16v
2669 3454 2727 3504 ἐν
2748 3455 2861 3515 τοῖς
2884 3449 3097 3520 σώμασι
3118 3453 3229 3513 τοῖς
3258 3450 3542 3519 ἡμετέροις
3571 3449 3665 3500 καὶ
3689 3451 3802 3512 τοῖς

2230 3536 2337 3590 τῶν
2373 3536 2602 3605 ἀλόγων,
2638 3536 2706 3588 τὰ
2727 3534 2861 3589 ἄλλα
2893 3537 3068 3587 πάντα
3093 3535 3159 3587 δι’
3188 3526 3262 3585 ὧν
3288 3534 3406 3585 τόδε
3436 3532 3497 3584 τὸ
3532 3534 3639 3585 πᾶν
3676 3549 3802 3584 συν-

2232 3620 2449 3691 έστηκε,
2482 3618 2719 3687 μάνθανε
2762 3619 2857 3689 τὴν
2895 3620 3114 3689 διηνεκῆ
3144 3616 3238 3671 τοῦ
3275 3616 3485 3687 Πατρὸς
3523 3616 3803 3686 ἐργασίαν.

2244 3701 2575 3756 Ἀνατέλλει
2599 3701 2726 3772 γὰρ,
2761 3701 2914 3770 φησὶ,
2939 3700 3045 3754 τὸν
3066 3701 3241 3768 ἥλιον
3276 3698 3461 3753 αὐτοῦ
3488 3698 3583 3751 ἐπὶ
3614 3716 3771 3763 ποι-η
3790 3728 3803 3737 -

2224 3786 2375 3856 ροὺς
2398 3786 2493 3839 καὶ
2514 3785 2791 3853 ἀγαθοὺς,
2815 3786 2909 3838 καί
2930 3784 3136 3854 βρέχει
3150 3785 3248 3837 ἐπὶ
3270 3785 3537 3847 δικαίους
3560 3784 3655 3835 καὶ
3674 3783 3748 3836 ἁδ
3754 3785 3774 3833 ί
3782 3813 3804 3825 -

2234 3888 2400 3935 κους.
2432 3870 2541 3922 Καὶ
2569 3868 2730 3922 πάλιν
2748 3885 2761 3898 υ
2792 3871 2859 3922 El
2888 3868 2956 3921 δὲ
2976 3868 3083 3921 τὸν
3111 3871 3327 3936 χόρτον
3352 3867 3454 3920 τοῦ
3473 3865 3657 3935 ἀγροῦ
3687 3865 3805 3931 σιξ-

2229 3970 2416 4023 μερον
2438 3953 2584 4005 ὄντα
2600 3952 2695 4005 καὶ
2717 3952 2925 4019 αὔριον
2944 3953 3032 4015 είς
3055 3951 3173 4018 πῦρ
3189 3950 3594 4018 βαλλόμενον,
3618 3950 3805 4014 οὕτως

2236 4042 2267 4091 ὀ
2300 4038 2444 4102 Θεὸς
2472 4036 2856 4105 ἁμφιέννυσι·
2887 4036 2981 4088 καὶ
3002 4035 3254 4104 περὶτῶν
3275 4033 3535 4087 πετεινῶν
3555 4033 3807 4098 διαλεγό-

2239 4138 2398 4192 μενος
2414 4121 2594 4173 πάλιν·
2626 4120 2679 4171 Ὀ
2694 4117 2893 4185 Πατὴρ
2905 4117 3070 4186 ὑμῶν
3084 4122 3115 4171 ὀ
3131 4117 3407 4185 οὐράνιος
3420 4117 3612 4185 τρέφει
3630 4117 3805 4170 αὐτά.

2304 4210 2375 4273 γ’.
2412 4202 2673 4256 Ἐνταῦθα
2707 4202 2805 4272 μὲν
2826 4197 2918 4254 οὖν
2938 4201 3025 4253 διὰ
3050 4203 3307 4271 ῥημάτων
3335 4201 3395 4253 16
3425 4200 3809 4271 πᾶνέποίησεν

2236 4289 2293 4341 ἐν
2326 4286 2611 4355 Σαϐϐάτῳ,
2661 4287 2755 4339 καὶ
2786 4285 2938 4338 οὐδὲν
2965 4284 3126 4338 πλέον
3161 4284 3520 4355 προσέθηκεν,
3553 4282 3667 4335 ἀλλ’
3701 4284 3810 4337 ἀπδ

2235 4371 2343 4424 τῶν
2371 4373 2428 4423 ἐν
2457 4370 2536 4439 τῷ
2567 4370 2695 4441 ἱερῷ
2724 4369 3048 4439 γινομένων,
3073 4369 3167 4421 καὶ
3210 4369 3304 4436 ἀφ’
3335 4361 3410 4422 ὧν
3436 4370 3590 4421 αὐτοὶ
3630 4371 3808 4438 πράτ-

2236 4470 2412 4517 τουσι,
2446 4452 2562 4505 λύει
2601 4452 2669 4506 τά
2707 4452 3061 4522 ἐγκλήματα·
3097 4451 3224 4504 ἔνθα
3260 4451 3317 4506 δὲ
3347 4452 3441 4503 καὶ
3470 4451 3629 4522 ἔργον
3658 4452 3811 4518 γενέ-

2239 4537 2363 4590 σθαι
2391 4536 2693 4597 ἐκέλευσεν,
2721 4530 2834 4588 οἷον
2873 4536 2933 4587 16
2958 4536 3055 4604 τὴν
3090 4535 3276 4605 κλίνην
3300 4530 3450 4604 ἆραι,
3485 4534 3634 4586 οὐδὲν
3667 4536 3810 4603 μέγα

2238 4619 2375 4689 πρὸς
2404 4619 2463 4672 16
2498 4621 2727 4689 πρᾶγμα
2759 4617 3064 4683 συντελοῦν,
3087 4617 3200 4669 ἀλλ’
3226 4618 3283 4670 ἒν
3308 4619 3464 4669 τοῦτο
3499 4618 3677 4687 μόνον,
3702 4617 3811 4669 δει-

2238 4702 2415 4756 κνύων
2455 4702 2599 4771 σαφῆ
2634 4700 2727 4753 τοῦ
2763 4700 3040 4753 Σαϐϐἀτου
3070 4702 3168 4768 τὴν
3210 4699 3381 4762 λύσιν,
3415 4700 3506 4751 ἐπὶ
3534 4700 3593 4751 16
3627 4701 3812 4769 μεῖζον

2238 4787 2429 4855 ἀνάγει
2450 4785 2541 4837 16v
2570 4784 2745 4852 λόγον,
2788 4783 2985 4854 μᾶλλον
3019 4785 3213 4849 αὐτοὺς
3244 4784 3584 4853 καταπλῆξαι
3620 4784 3809 4853 βουλό·

2242 4886 2400 4940 μενος
2427 4867 2534 4921 ἀπὸ
2556 4868 2652 4936 τῆς
2680 4865 2774 4919 τοῦ
2806 4867 3017 4937 Πατρὸς
3042 4868 3219 4933 ἀξίας,
3248 4868 3343 4921 καὶ
3374 4869 3671 4934 ἀναγαγεῖν
3717 4869 3814 4923 ἐπὶ

2238 4951 2299 5003 τὸ
2328 4950 2676 5022 ὑψηλότερον.
2712 4950 2810 5004 Διά
2854 4950 3012 5003 τοῦτο
3040 4952 3168 5004 ὅταν
3201 4953 3329 5021 περὶ
3374 4952 3653 5005 Σαϐϐἀτου
3785 4955 3814 5005 6

2238 5039 2416 5107 λόγος,
2456 5038 2577 5092 οὐτε
2612 5040 2685 5103 ὼς
2743 5039 3027 5111 ἄνθρωπος
3084 5040 3242 5109 μόνον
3273 5040 3641 5106 ἀπολογεῖται,
3686 5040 3810 5094 οὔτε

2239 5124 2313 5187 ὡς
2337 5124 2466 5187 Θεὸς
2496 5124 2673 5193 μόνον,
2707 5122 2843 5175 ἀλλά
2866 5123 2993 5176 ποτέ
3030 5125 3125 5191 μὲν
3164 5122 3355 5186 οὕτως,
3402 5124 3530 5175 ποτέ
3574 5124 3629 5174 δέ
3670 5124 3817 5175 ἐκεί-

2240 5225 2365 5269 νως.
2408 5206 2693 5259 Ἰιϐούλετο
2726 5207 2834 5276 γάρ
2865 5206 3149 5276 ἀμφότερα
3187 5206 3554 5271 πιστεύεσθαι,
3594 5208 3687 5259 καὶ
3716 5209 3817 5277 τῆς

2241 5291 2550 5360 οἰκονομίας
2576 5291 2674 5361 τὴν
2705 5290 3133 5358 συγκατάϐασιν,
3182 5290 3276 5342 καὶ
3319 5293 3418 5361 τῆς
3462 5291 3716 5359 θεότητος
3753 5292 3817 5343 τὸ

2241 5374 2477 5442 ἀξίωμα.
2503 5374 2600 5425 Διά
2626 5374 2779 5427 τοῦτο
2810 5373 2904 5425 νῦν
2934 5374 3007 5435 ὡς
3037 5372 3168 5436 Θεὸς
3198 5373 3566 5441 ἀπολογεῖται.
3604 5373 3666 5425 Εἰ
3700 5372 3816 5442 γάρ

2244 5456 2464 5527 ἔμελλεν
2490 5456 2596 5511 ἀπὸ
2621 5457 2728 5509 τῶν
2760 5456 3110 5526 ἀνθρωπίνων
3134 5457 3316 5519 αὑτοῖς
3346 5459 3432 5510 ἀεὶ
3458 5456 3812 5522 διαλέγεσθαι

2250 5542 2429 5612 μόνον,
2458 5540 2668 5610 ἔμεινεν
2693 5540 2757 5593 ἂν
2791 5542 2882 5592 ἐπὶ
2908 5542 3004 5607 τῆς
3037 5540 3207 5609 αὐτῆς
3228 5541 3639 5611 ταπεινότητος.
3689 5542 3819 5593 Διό-

2245 5642 2350 5695 περ
2384 5625 2470 5677 ἴνα
2504 5623 2577 5696 μὴ
2627 5622 2784 5675 τοῦτο
2827 5623 3074 5693 γένηται,
3125 5625 3216 5676 τὸν
3265 5624 3481 5696 Πατέρα
3511 5626 3591 5687 εἰς
3648 5626 3820 5694 μέσον

2245 5707 2386 5773 ἄγει.
2420 5707 2608 5759 Καίτοι
2632 5706 2725 5757 καὶ
2759 5706 2894 5775 αὐτὴ
2936 5704 3086 5778 [220]
3126 5708 3366 5777 ὴκτίσις
3406 5708 3705 5777 ἐργάζεται
3761 5713 3821 5762 ὲν

2245 5792 2528 5860 Σαϐϐάτῳ.
2570 5789 2680 5842 Καὶ
2728 5790 2836 5858 γὰρ
2885 5791 2915 5841 ὁ
2967 5791 3117 5859 ἦλιος
3175 5792 3379 5861 τρέχει,
3440 5794 3533 5844 καὶ
3581 5796 3820 5861 ποταμοὶ

2249 5880 2448 5947 ῥέουσι,
2482 5878 2574 5931 καὶ
2601 5878 2768 5946 πηγαὶ
2793 5875 3014 5947 βρύουσι
3043 5878 3085 5942 ί,
3120 5879 3211 5931 καὶ
3241 5883 3496 5946 γυναῖκες
3516 5879 3819 5931 τίκτουσιν.

2238 6036 2242 6041 ·
2296 6018 2324 6087 ξ
2345 6013 2609 6114 Συγκροτεῖ.
2638 6012 2832 6084 Ρι-ιιςιτιι
2861 6015 3131 6077 suspicatur
3151 6014 3299 6065 Savil.
3326 6017 3593 6078 legendum
3616 6033 3799 6075 συγκοα
3819 6049 3833 6058 .

2247 6095 2330 6114 1:0
2467 6078 2617 6114 Sunt
2642 6076 2860 6114 Βλυζηυσι

2247 6078 2334 6126 τεῐ.
2410 6076 2427 6114 ί
2467 6076 2876 6130 8ον11.ϐλύζουσι.
