4100 6364
330 400 431 457 ila

330 514 465 586 quod
503 529 633 570 sane
664 514 875 586 pietatis
921 514 1129 584 signum
1160 526 1293 569 erat.
1321 513 1435 569 Non
1469 515 1612 569 enim
1657 514 1827 569 forum
1856 525 1912 570 et

327 611 629 666 ambulacra
659 610 891 679 petebat,
916 624 1089 678 neque
1114 609 1234 663 cibo
1256 618 1309 663 et
1325 608 1545 662 desidia:
1567 624 1626 662 se
1648 608 1903 674 dedcbat,

327 703 417 758 sed
446 705 497 757 in
526 703 727 771 templo
762 704 984 772 degebat
1016 722 1028 756 :
1061 702 1270 755 etiamsi
1302 702 1449 755 illinc
1479 716 1537 755 se
1566 702 1633 756 ab
1655 701 1905 754 omnibus

324 796 625 867 pellendum
651 803 1017 863 exspectaret,
1046 794 1180 847 nihil
1211 794 1309 863 ipsi
1337 794 1536 859 suasit,
1566 803 1621 845 nt
1648 808 1677 846 a
1706 793 1906 862 templo

324 886 639 941 discederet.
670 884 801 939 Cum
834 901 961 955 ergo
991 884 1234 940 Christus
1264 885 1413 938 illum
1445 885 1735 938 invenisset
1765 894 1907 952 post-

323 997 475 1051 quam
501 990 624 1035 cum
661 979 861 1036 «Iudaeis
889 981 1139 1049 loquutus
1182 978 1386 1040 fuerat,
1434 978 1562 1032 nihil
1596 977 1903 1047 hujusmodi

322 1073 701 1131 subindicavit.
752 1073 900 1142 Quod
932 1074 977 1127 si
1007 1072 1107 1126 hac
1134 1072 1202 1127 de
1241 1089 1300 1126 re
1332 1071 1477 1125 illum
1520 1088 1775 1126 accusare
1817 1088 1910 1125 vo-

323 1166 507 1221 luisset
528 1208 543 1231 ,
571 1169 787 1221 dixisset
820 1166 891 1218 illi
920 1184 932 1219 :
968 1166 1171 1220 Rursus
1194 1167 1246 1218 in
1279 1164 1465 1219 iisdem
1495 1167 1773 1234 persistis,
1804 1180 1903 1218 nec

319 1276 385 1312 ex
438 1268 749 1328 recuperata
797 1252 1113 1310 valetudine
1147 1256 1316 1310 factus
1354 1272 1415 1309 es
1440 1256 1676 1310 melior?
1708 1255 1901 1310 Verum

323 1348 446 1402 nihil
480 1349 608 1403 dicit
656 1348 999 1416 limitsriiodi,
1046 1348 1140 1402 sed
1184 1349 1236 1401 in
1289 1360 1562 1417 posterum
1607 1350 1901 1403 cautiorem

320 1440 508 1496 reddit.

387 1532 441 1586 2,
469 1534 577 1587 Cur
598 1541 773 1586 autem
801 1548 919 1587 eum
950 1532 1169 1586 claudos
1196 1542 1251 1586 et
1281 1533 1493 1586 mutilos
1540 1541 1725 1595 curat,
1769 1532 1900 1585 nihil

321 1626 617 1695 hujnsmodi
647 1627 914 1696 loquitur?
942 1627 1063 1680 Mihi
1096 1626 1309 1696 quidem
1343 1626 1552 1680 videtur
1584 1626 1664 1679 his
1685 1626 1898 1693 quidem

320 1720 557 1773 inorbum
588 1718 641 1773 in
670 1728 1003 1788 peccatorum
1028 1733 1237 1789 poenam
1265 1720 1496 1782 venisse,
1526 1718 1645 1771 aliis
1674 1732 1803 1771 vero
1832 1733 1898 1771 ex

318 1828 571 1880 corporea
616 1812 937 1865 infirmitate.
994 1811 1103 1865 Nisi
1158 1808 1261 1864 huc
1308 1820 1470 1877 esset,
1501 1811 1633 1864 alios
1688 1824 1899 1880 queque

317 1905 498 1960 eadem
526 1904 593 1959 de
621 1920 777 1959 causa
822 1904 1123 1974 alloquutus
1172 1904 1377 1959 fuisset.
1429 1902 1563 1958 Cum
1613 1907 1753 1958 enim
1812 1904 1899 1957 hic

318 1997 532 2050 morbus
554 2006 866 2050 creterorum
895 1997 1130 2049 omnium
1160 1997 1226 2049 sit
1253 1996 1617 2065 gravissimus,
1650 2012 1742 2065 per
1773 2012 1895 2050 eum

315 2091 473 2144 etiam
531 2089 826 2143 minoribus
890 2090 1181 2144 remedium
1254 2087 1473 2157 praebet.
1551 2084 1698 2143 Sicut
1753 2090 1896 2143 eriim

315 2198 430 2236 cum
486 2180 650 2234 alium
675 2178 958 2250 quemdam
1008 2181 1332 2243 curavisset,
1365 2181 1617 2249 prrecepit
1640 2180 1689 2234 ei
1722 2190 1775 2232 ut
1798 2178 1894 2232 da-

314 2284 392 2328 ret
441 2274 670 2343 gloriam
718 2272 862 2338 Deo;
896 2289 1000 2326 non
1031 2273 1103 2325 illi
1134 2272 1232 2326 soli
1285 2272 1388 2327 hoc
1427 2273 1684 2326 monitum
1724 2272 1893 2336 dans,

313 2365 400 2418 sed
434 2381 532 2433 per
563 2364 709 2418 illum
752 2364 1035 2418 omnibus:
1062 2366 1139 2418 sic
1183 2380 1278 2434 per
1316 2366 1415 2420 hos
1464 2366 1623 2419 etiam
1672 2376 1895 2419 caeteros

312 2473 497 2510 "tlIllCS
525 2456 769 2511 hortatur
788 2499 803 2524 ,
835 2467 886 2511 et
912 2457 1027 2511 hmc
1056 2460 1254 2512 monita
1281 2458 1373 2512 dat
1396 2459 1640 2528 singulis.
1673 2458 1753 2511 Ad
1782 2459 1896 2512 haec

314 2544 409 2601 hoc
430 2550 593 2602 etiam
615 2548 937 2613 addendum,
963 2550 1131 2618 ipsum
1158 2565 1350 2619 nempe
1373 2566 1613 2619 magnam
1639 2550 1754 2616 ejus
1778 2566 1896 2618 per-

314 2641 667 2693 severantiam
691 2642 885 2696 vidisse
910 2660 924 2696 :
950 2640 1174 2710 ideoque
1200 2640 1344 2694 illum
1373 2650 1554 2694 monet
1580 2650 1635 2693 ut
1656 2642 1743 2709 qui
1776 2656 1896 2708 pos-

314 2731 380 2783 sit
408 2732 715 2786 mandatum
742 2749 957 2789 servare
976 2776 991 2800 ,
1022 2743 1178 2804 atque
1210 2733 1355 2787 illum
1386 2735 1642 2788 beneficio
1670 2744 1725 2788 et
1753 2734 1894 2787 futu-

315 2840 488 2878 rorum
540 2827 732 2882 timore
776 2828 1035 2881 malorum
1068 2828 1120 2881 in
1148 2844 1275 2882 sana
1304 2837 1482 2882 mente
1522 2828 1780 2880 continet.
1828 2826 1897 2881 Et

315 2918 430 2972 vide
455 2936 619 2988 quam
648 2921 716 2972 sit
744 2920 949 2974 alienus
977 2936 1005 2974 a
1035 2921 1196 2975 fastu.
1238 2920 1354 2975 Non
1383 2921 1528 2975 enim
1558 2920 1723 2985 dixit,
1756 2920 1897 2973 Ecce

316 3024 497 3063 sanum
528 3021 582 3063 te
610 3010 707 3064 feci
730 3029 744 3074 ;
770 3010 884 3074 sed,
915 3012 1086 3065 Sanus
1108 3013 1271 3082 [actus
1295 3029 1383 3077 es;
1411 3013 1515 3065 noli
1540 3012 1758 3081 amplius
1784 3028 1898 3081 pec-

314 3118 442 3155 care.
470 3100 658 3170 Neque
682 3102 833 3166 dixit,
861 3102 938 3159 Ne
964 3115 1013 3158 te
1042 3105 1285 3173 puniant;
1319 3103 1433 3164 sed,
1466 3101 1549 3156 Ne
1579 3102 1664 3155 tibi
1702 3101 1897 3170 aliquid

316 3192 531 3247 deterius
585 3204 863 3263 contingat.
922 3195 975 3248 ln
1026 3205 1215 3248 neutro
1267 3210 1550 3264 personam
1600 3201 1894 3256 memorat,

314 3286 653 3353 ostenditque
699 3284 1053 3340 valetudinem
1101 3303 1164 3340 ex
1216 3288 1383 3356 gratia
1427 3285 1602 3355 potius
1645 3300 1801 3354 quam
1831 3299 1896 3336 ex

315 3378 500 3431 tncrito
526 3379 848 3432 restitutam.
877 3375 1058 3448 Neque
1082 3381 1221 3433 enim
1268 3379 1407 3434 dixit
1434 3380 1580 3433 illum
1611 3394 1677 3432 ex
1708 3378 1898 3431 merito

315 3473 548 3523 evasisse
598 3485 813 3538 pennas,
846 3472 939 3525 sed
982 3488 1046 3527 ex
1091 3472 1412 3541 benignitate
1450 3481 1716 3526 servatum
1755 3484 1896 3525 esse.

314 3558 415 3613 Nisi
447 3563 596 3616 enirn
630 3563 697 3615 ita
730 3579 818 3617 res
846 3574 1005 3628 esset,
1030 3564 1271 3628 dixisset,
1294 3565 1428 3618 Ecce
1468 3565 1670 3618 debitas
1715 3578 1899 3632 pecca-

316 3664 483 3708 torum
532 3671 726 3725 poenas
774 3657 1000 3722 dedisti;
1033 3673 1163 3711 cave
1210 3659 1299 3711 tibi
1326 3659 1596 3729 deinceps.
1626 3657 1740 3712 Jam
1772 3674 1898 3710 vero

316 3764 415 3801 non
447 3749 517 3802 ita
549 3750 716 3817 dicit,
747 3751 839 3803 sed
885 3751 1190 3820 quomodo?
1234 3750 1366 3804 Ecce
1412 3768 1564 3804 sanus
1621 3755 1780 3820 factus
1810 3766 1897 3813 es;

310 3841 413 3910 jam
435 3842 542 3894 noli
564 3858 797 3911 peccare.
826 3842 946 3895 ll:ec
973 3842 1124 3896 nobis
1151 3843 1279 3910 ipsis
1305 3842 1612 3911 frequenter
1636 3843 1896 3904 dicainus,

314 3935 426 3986 etsi
448 3936 699 4004 casrigati
729 3934 1038 3995 evadamus,
1064 3934 1177 3987 haec
1203 3934 1338 3987 intra
1369 3948 1466 3987 nos
1493 3935 1770 4002 loquamur
1791 3933 1901 3985 sin—

314 4026 413 4093 guli
444 4045 458 4080 :
494 4025 634 4080 Ecce
653 4043 807 4079 sanus
832 4029 994 4098 [actus
1024 4043 1108 4092 es;
1126 4027 1240 4096 jam
1280 4027 1383 4080 noli
1412 4042 1639 4094 peccare.
1672 4024 1821 4089 Quod
1854 4025 1897 4077 si

315 4117 365 4169 in
410 4118 604 4171 iisdem
660 4128 1097 4186 perseverantes,
1133 4133 1318 4185 pmnas
1361 4133 1466 4171 non
1511 4116 1734 4181 demus,
1773 4116 1899 4170 illud

312 4208 675 4275 apostolicum
724 4207 1010 4261 recitemus
1057 4227 1068 4261 :
1116 4207 1409 4279 Benignitas
1436 4204 1533 4260 Dei
1559 4207 1626 4259 ad
1656 4208 1899 4276 paeniten-

312 4301 429 4351 tiam
451 4315 543 4352 nos
564 4298 777 4352 adducit
804 4314 822 4352 :
846 4300 1114 4352 secundum
1142 4300 1380 4352 duritiam
1403 4309 1572 4351 autent
1602 4310 1646 4351 et
1672 4299 1905 4368 improui-

312 4400 415 4443 iens
441 4406 530 4443 cor
558 4399 795 4443 nostrum
817 4391 1210 4444 thesaurizamus
1231 4392 1371 4444 nobis
1396 4392 1525 4443 iram
1554 4390 1742 4463 (Rom.
1766 4392 1819 4443 2.
1846 4399 1898 4445 4.

314 4485 394 4551 5).
428 4484 624 4554 Neque
676 4482 938 4537 firmando
984 4499 1176 4553 corpus
1202 4484 1513 4550 dumtaxat,
1546 4484 1637 4538 sed
1691 4485 1903 4539 aliunde

314 4576 466 4628 etiam
522 4590 785 4643 magnum
828 4574 1116 4628 divinitatis
1143 4591 1252 4629 sua:
1282 4576 1489 4645 signum
1526 4576 1622 4644 ipsi
1658 4577 1899 4644 praebuit.

313 4666 438 4720 Cum
465 4668 617 4721 enim
650 4667 813 4732 dixit,
841 4665 962 4718 Jam
1000 4666 1103 4719 noli
1134 4683 1339 4736 peccare
1358 4709 1372 4733 ,
1401 4668 1663 4737 significat
1689 4682 1746 4721 se
1779 4683 1900 4736 pec-

313 4770 423 4813 cata
450 4758 543 4813 illa
572 4759 759 4813 omnia
789 4773 974 4823 nosse,
1005 4773 1123 4827 quae
1153 4758 1241 4813 ille
1268 4769 1392 4813 ante
1425 4759 1653 4824 fecerat;
1686 4758 1823 4813 unde
1853 4759 1901 4813 in

317 4861 588 4920 posterum
614 4851 723 4905 fide
741 4850 929 4920 dignus
950 4848 1134 4905 haberi
1155 4850 1402 4907 debebat.
1427 4851 1514 4906 15.
1534 4851 1664 4905 Abiit
1683 4852 1799 4922 ergo
1820 4851 1907 4906 ille

315 4947 483 5012 homo,
508 4956 557 5000 et
580 4944 835 4998 nuntiavit
854 4943 1070 5011 ludatis,
1095 4946 1213 5015 quia
1234 4942 1268 4996 J
1274 4961 1382 4998 esus
1404 4954 1527 4998 esset
1548 4947 1629 5013 qui
1652 4946 1769 5014 fecit
1794 4963 1906 4998 eum

315 5055 511 5092 sanum.
547 5036 689 5093 Vide
711 5037 905 5091 iterum
933 5039 1103 5106 ipsum
1128 5047 1281 5106 grato
1312 5039 1490 5092 animo
1512 5054 1631 5093 esse
1657 5054 1906 5107 perseve-

318 5142 553 5188 ιτιιιιιξιιι.Δ
580 5130 704 5185 Non
728 5128 871 5184 enim
901 5130 1031 5185 dixit
1056 5148 1068 5183 :
1091 5130 1185 5185 Ille
1211 5139 1294 5186 est
1318 5131 1404 5201 qui
1430 5131 1562 5185 dixit
1585 5132 1732 5194 mihi,
1767 5128 1909 5184 Tolle

316 5226 618 5293 grabbatum
664 5234 826 5276 tuum.
870 5222 1002 5289 Quia
1046 5223 1188 5277 enim
1230 5223 1305 5277 illi
1335 5223 1386 5276 id
1410 5223 1547 5292 quod
1587 5223 1905 5292 culpandum

320 5319 604 5373 videbatur
664 5331 879 5386 semper
933 5317 1289 5387 objiciebant,
1334 5317 1447 5386 ipse
1506 5318 1905 5385 responsionem

318 5428 529 5481 semper
557 5410 755 5473 affert,
785 5419 843 5464 ut
869 5410 1132 5465 medicum
1174 5411 1443 5473 celebret,
1472 5419 1526 5465 et
1553 5410 1687 5464 alios
1713 5410 1908 5463 alliciat

319 5515 369 5557 et
400 5504 599 5558 trahat.
631 5500 753 5557 Non
782 5502 923 5555 enim
956 5511 1062 5556 tam
1090 5502 1331 5571 stupidus
1358 5511 1411 5554 et
1433 5501 1668 5570 ingratus
1690 5510 1824 5562 erat,
1851 5509 1910 5554 ut

325 5608 438 5664 post
454 5607 669 5651 tantum
690 5593 1001 5650 beneﬁcium
1022 5611 1142 5649 cum
1164 5592 1524 5647 admonitione
1546 5592 1907 5661 conjunctum,

326 5678 630 5745 licueficurn
684 5689 955 5759 proderet,
983 5697 1036 5743 et
1083 5688 1315 5757 maligno
1358 5687 1537 5740 animo
1561 5686 1636 5739 sic
1662 5686 1908 5756 loquere-

333 5793 435 5836 tur.
466 5783 603 5837 Nam
653 5782 753 5835 etsi
790 5780 902 5835 fera
923 5780 1044 5844 ,etsi
1068 5778 1392 5833 inhumanus
1423 5786 1477 5833 et
1498 5777 1734 5847 lapideus
1778 5776 1909 5832 fuis-

332 5886 435 5945 set,
460 5887 517 5933 et
543 5876 863 5935 beneficium
893 5884 950 5933 et
975 5882 1145 5931 metus
1170 5873 1341 5947 ipsum
1372 5880 1618 5946 poterant
1636 5871 1907 5928 cohibere.

1234 400 1299 457 1N
1335 398 1649 457 JOANNEM
1687 399 1924 457 HOMIL.
1965 399 2252 459 XXXVIII.
2294 405 2368 459 al.
2409 406 2671 463 XXXVII.

3494 411 3604 472 9M

2027 516 2102 571 Ex
2140 519 2554 575 comminatione
2598 522 2793 593 quippe
2839 522 3059 578 timebat
3084 539 3150 579 ne
3175 524 3303 594 quid
3328 526 3429 582 sibi
3453 528 3607 586 dete-

2020 612 2132 663 rius
2152 612 2503 681 contingeret,
2527 627 2649 667 cum
2673 615 2900 668 maxima
2926 614 3148 671 haberet
3169 620 3450 687 petestatis
3475 623 3607 679 tanti

2020 699 2214 755 medici
2244 713 2576 771 argumenta.
2629 706 2878 776 Alioquin
2910 709 2955 761 si
2981 709 3295 764 calumniari
3325 712 3603 779 voluisset,

2020 810 2123 848 non
2153 809 2441 849 memorata
2472 798 2716 863 sanitate,
2768 803 3249 870 transgressionem
3288 813 3490 859 tantum
3518 808 3606 860 in-

2017 900 2278 943 cusassct.
2336 893 2402 943 At
2427 901 2613 944 contra
2644 891 2731 945 ille
2760 908 2948 963 magna
2991 910 3111 947 cum
3169 894 3359 951 fiducia
3386 905 3441 951 et
3466 899 3605 967 grati

2015 982 2175 1034 animi
2209 982 2595 1051 significatione
2636 984 2955 1038 beneficium
3004 987 3258 1052 celebrat,
3291 1005 3395 1041 non
3428 991 3605 1045 minus

2014 1087 2169 1139 quam
2200 1087 2373 1125 Caecus
2402 1073 2511 1138 ille,
2539 1074 2627 1143 qui
2654 1074 2884 1140 dicebat,
2918 1073 3102 1128 Lutum
3128 1078 3241 1145 fecit
3262 1078 3325 1131 de
3348 1090 3521 1149 sputo,
3553 1092 3603 1136 et

2013 1164 2157 1215 unxit
2180 1164 2350 1217 oculos
2376 1181 2509 1218 meos
2535 1164 2722 1235 (Joan.
2757 1166 2809 1221 9.
2845 1167 2914 1235 6)
2946 1184 2960 1231 ;
2992 1169 3059 1221 ita
3090 1179 3143 1222 et
3169 1169 3255 1223 hic
3283 1189 3294 1224 :
3324 1170 3480 1227 Iesus
3518 1182 3604 1229 est

2012 1257 2099 1323 qui
2123 1255 2247 1308 fecit
2265 1272 2349 1309 me
2374 1272 2582 1311 sanum.
2620 1258 2705 1312 I6.
2741 1257 3020 1328 PrOpterea
3046 1265 3471 1332 persequebantur
3496 1266 3597 1319 Ju-

2010 1346 2106 1398 dwi
2129 1345 2309 1399 Jesum
2332 1357 2374 1399 et
2406 1348 2632 1401 volebant
2678 1350 2823 1403 illum
2864 1352 3145 1418 inter/icere
3168 1394 3183 1417 ,
3228 1356 3348 1423 quia
3378 1357 3484 1409 huic
3509 1357 3597 1426 [a-

2009 1436 2164 1489 ciebat
2186 1440 2237 1491 in
2256 1438 2481 1491 sabbato.
2513 1438 2647 1505 Quid
2678 1457 2805 1510 ergo
2834 1442 3123 1497 Christus?
3156 1446 3241 1498 l7.
3269 1444 3425 1499 Pater
3450 1465 3593 1503 meus

2008 1544 2165 1597 usque
2191 1530 2339 1583 modo
2365 1543 2622 1599 operatur,
2648 1544 2693 1586 et
2724 1550 2813 1604 ego
2835 1552 3030 1604 operor.
3064 1537 3284 1602 Quando
3307 1539 3597 1609 discipulos

2008 1618 2295 1675 defendere
2345 1623 2654 1690 oportebat,
2700 1625 2950 1679 Davidem
3006 1628 3214 1681 illorum
3270 1645 3593 1687 conservum

2007 1710 2058 1763 in
2088 1711 2319 1765 medium
2346 1712 2637 1767 afferebat:
2667 1714 2785 1768 Non
2814 1716 3021 1787 legistis,
3053 1719 3241 1787 inquit,
3273 1722 3394 1790 quid
3422 1725 3596 1793 fecerit

2006 1798 2190 1867 David,
2216 1806 2416 1872 quando
2437 1806 2678 1859 esuriebat
2698 1808 2917 1877 (Matth.
2944 1809 3030 1864 12.
3053 1812 3149 1881 5)?
3170 1812 3394 1880 Quando
3415 1826 3594 1870 autem

2006 1911 2102 1964 pro
2131 1898 2307 1967 seipso
2336 1900 2586 1969 loquitur,
2617 1902 2683 1955 ad
2716 1903 2925 1958 Patrem
2957 1904 3229 1976 confugit,
3258 1910 3504 1978 utrinque
3532 1925 3592 1964 se

2004 1984 2146 2040 Patri
2186 1989 2444 2057 inqualem
2477 1991 2780 2060 significans
2805 2037 2819 2061 ,
2851 2003 3049 2049 etcum
3084 1997 3328 2066 privatim
3380 2000 3593 2055 Patrem

2004 2081 2260 2141 nominat,
2287 2093 2339 2135 et
2363 2099 2481 2135 cum
2510 2099 2569 2137 se
2595 2085 2780 2139 eadem
2823 2104 2941 2157 quae
2986 2089 3141 2143 Pater
3170 2092 3380 2159 operari
3408 2102 3591 2146 osten-

2000 2171 2095 2225 dit.
2134 2170 2197 2225 Et
2224 2189 2319 2226 cur
2350 2189 2454 2227 non
2504 2189 2762 2229 memorat
2807 2194 2869 2233 ea
2917 2196 3036 2249 qum
3081 2182 3133 2233 in
3182 2181 3398 2237 .lericlio
3450 2183 3589 2238 facta

2002 2265 2161 2318 sunt?
2193 2267 2408 2321 \‘olebat
2436 2269 2555 2323 illos
2577 2287 2605 2323 a
2635 2281 2772 2325 terra
2816 2274 3100 2340 abducere,
3135 2285 3193 2329 ut
3220 2293 3324 2329 non
3354 2278 3587 2348 amplius

2001 2360 2066 2413 ad
2108 2361 2252 2414 illum
2298 2373 2563 2431 tamquam
2610 2365 2878 2419 hominem
2916 2368 3278 2435 respicerent,
3320 2370 3414 2423 sed
3454 2382 3588 2425 tam-

2000 2468 2156 2521 quam
2178 2454 2243 2507 ad
2269 2455 2429 2509 Deum
2449 2465 2502 2509 ct
2519 2456 2894 2525 legislaturem.
2916 2458 3026 2513 Nisi
3044 2470 3219 2513 autent
3239 2461 3328 2515 Dei
3357 2462 3517 2516 Filius
3535 2474 3590 2518 ct

2000 2561 2063 2599 ex
2092 2548 2277 2600 eadem
2300 2548 2593 2601 substantia
2620 2559 2781 2615 esset,
2815 2550 3055 2605 defensio
3080 2552 3217 2606 foret
3245 2555 3587 2609 accusatione

2001 2637 2254 2692 deterior.
2304 2639 2357 2693 Si
2390 2641 2507 2708 quis
2533 2642 2675 2694 enim
2717 2641 3030 2710 prmfectus,
3059 2644 3146 2713 qui
3178 2645 3373 2711 regiam
3418 2647 3586 2714 legem

2004 2731 2483 2800 transgrederetur,
2518 2743 2794 2787 accusatus
2826 2735 3173 2804 respoaderet
3202 2737 3373 2805 ipsum
3408 2753 3587 2808 regem

2002 2823 2143 2876 illam
2175 2835 2561 2891 transgressum
2608 2839 2743 2889 esse,
2796 2842 2900 2879 non
2949 2828 3131 2896 utique
3178 2829 3583 2893 absolveretur;

2003 2915 2110 2969 imo
2141 2916 2328 2983 majori
2357 2927 2499 2970 esset
2528 2918 2735 2970 crimini
2767 2919 3054 2972 obnoxius.
3086 2918 3284 2973 Verum
3327 2920 3412 2974 hic
3451 2904 3619 2991 quo?

2003 3009 2143 3061 niam
2173 3024 2268 3077 par
2292 3016 2376 3063 est
2407 3008 2641 3077 dignitas
2666 3051 2680 3073 ,
2711 3008 2952 3064 defensio
2979 3010 3212 3080 legitima
3239 3012 3457 3066 omnino
3484 3022 3584 3066 est.

2002 3098 2203 3153 Eadem
2235 3102 2440 3155 ratione
2478 3117 2581 3171 qua
2626 3102 2791 3156 Deum
2835 3104 3058 3158 crimine
3105 3103 3363 3167 liberatis,
3405 3115 3459 3160 et
3502 3123 3589 3160 me

2004 3192 2241 3246 liberate.
2278 3192 2400 3247 Ideo
2427 3194 2656 3263 primum
2681 3195 2828 3261 dicit,
2858 3194 3009 3249 Pater
3031 3211 3204 3261 meus;
3228 3209 3281 3251 ut
3308 3200 3387 3252 vel
3412 3200 3589 3256 invitis

2002 3284 2221 3338 suadeat
2245 3285 2430 3340 eadem
2454 3287 2553 3340 sibi
2577 3287 2919 3342 concedenda
2946 3303 3085 3353 esse,
3115 3290 3159 3344 si
3188 3306 3372 3345 verum
3397 3292 3586 3347 Filium

2002 3384 2370 3430 revereantur.
2417 3377 2568 3446 Quod
2601 3380 2644 3431 si
2677 3379 2795 3448 quis
2819 3379 3054 3447 dixerit,
3084 3391 3137 3434 ct
3168 3382 3380 3435 ubinam
3432 3384 3589 3437 Pater

2002 3474 2273 3534 operatur,
2305 3466 2394 3536 qui
2423 3469 2651 3537 septimo
2681 3470 2768 3523 die
2799 3471 3060 3537 requievit
3086 3471 3153 3524 ab
3184 3474 3430 3527 omnibus
3457 3489 3589 3543 ope-

2003 3560 2150 3614 ribus
2179 3561 2333 3614 suis?
2365 3561 2408 3613 is
2436 3561 2652 3615 modum
2684 3577 2790 3630 quo
2816 3572 3069 3631 operatur
3111 3565 3303 3622 discat.
3348 3565 3477 3631 Quis
3500 3568 3591 3622 ille

2002 3652 2192 3706 modus
2218 3653 2332 3707 θειῖ
2352 3652 2586 3721 Opificiis
2613 3655 2723 3707 suis
2746 3655 3007 3723 providet,
3039 3657 3234 3725 illaque
3255 3657 3416 3712 fovet.
3444 3660 3576 3712 Cum

2004 3744 2150 3797 vides
2177 3760 2304 3812 ergo
2330 3746 2496 3798 solem
2542 3746 2800 3800 orientem
2824 3787 2839 3809 ,
2884 3747 3022 3805 lunae
3065 3764 3281 3801 cursum
3305 3790 3320 3814 ,
3368 3759 3587 3820 stagna,

2006 3836 2201 3899 fontes,
2226 3834 2446 3896 ﬂuvios,
2474 3835 2677 3903 pluvias
2698 3846 2752 3891 et
2784 3846 2983 3890 naturae
3013 3853 3250 3903 cursum,
3278 3843 3391 3893 sive
3419 3841 3467 3894 in
3498 3857 3589 3896 se-

2007 3929 2257 3989 minibus.
2280 3928 2391 3983 sive
2416 3929 2466 3981 in
2491 3930 2688 3983 nostris
2714 3938 2769 3983 et
2790 3929 3069 3984 brutorum
3094 3932 3427 3999 corporibus,
3458 3933 3590 3986 alia-

2004 4034 2108 4087 que
2147 4019 2323 4072 (inniia
2368 4035 2463 4089 per
2491 4035 2611 4089 qua:
2641 4020 2741 4073 hoc
2782 4020 3092 4075 universum
3128 4023 3401 4089 consistit,
3443 4023 3590 4079 disce

2007 4126 2298 4179 perennem
2346 4111 2517 4164 Patris
2565 4111 2956 4179 operationem,
2990 4112 3090 4179 Qui
3115 4114 3271 4167 solem
3305 4131 3471 4179 suum,
3503 4116 3589 4168 in-

2005 4203 2139 4271 quit,
2172 4203 2295 4255 oriri
2318 4199 2439 4271 facit
2466 4218 2616 4272 super
2659 4203 2817 4257 malos
2867 4214 2915 4257 et
2955 4205 3128 4271 bonos,
3177 4218 3222 4261 et
3262 4207 3392 4278 pluit
3440 4225 3593 4277 super

1997 4296 2162 4365 justas
2186 4306 2231 4348 et
2256 4296 2469 4364 injustas
2497 4293 2724 4363 (Matth.
2778 4297 2830 4350 5.
2878 4296 3008 4367 45).
3042 4298 3110 4352 Et
3142 4314 3371 4363 rursum,
3403 4301 3463 4355 Si
3498 4319 3592 4355 au-

2009 4399 2105 4441 tem
2129 4393 2315 4459 frenum
2336 4389 2445 4458 agri
2466 4389 2600 4457 quod
2618 4389 2767 4443 hodie
2789 4398 2879 4457 est,
2905 4404 2948 4444 et
2969 4408 3082 4446 cras
3103 4393 3155 4447 in
3174 4395 3336 4465 ignem
3354 4398 3592 4463 mittitur,

2012 4481 2147 4534 Deus
2174 4482 2246 4534 sic
2272 4483 2420 4535 vestit
2444 4488 2461 4550 (
2484 4481 2673 4535 Matth.
2707 4482 2759 4537 6.
2790 4484 2929 4555 '50);
2963 4495 3016 4539 et
3042 4485 3110 4540 de
3134 4487 3435 4541 volatilibus
3460 4506 3592 4559 quo.

2008 4590 2110 4642 que
2127 4615 2141 4639 ,
2172 4572 2329 4625 Pater
2354 4583 2512 4626 vester
2532 4574 2741 4627 ccclesiis
2767 4576 2925 4644 pascit
2954 4576 3043 4629 illa
3069 4576 3129 4647 (Ι
3138 4578 3239 4630 bid.
3270 4595 3316 4630 v.
3348 4579 3417 4634 9.6
3438 4579 3482 4651 ).

2080 4665 2132 4718 5.
2161 4664 2257 4717 llic
2285 4680 2411 4733 ergo
2437 4664 2613 4719 verbis
2640 4674 2804 4718 totum
2836 4666 3053 4734 perfecit
3085 4667 3136 4720 in
3162 4668 3402 4735 sabbato,
3432 4670 3591 4725 nihil-

2009 4772 2113 4825 que
2134 4756 2358 4823 amplius
2384 4755 2607 4821 addidit,
2630 4756 2724 4811 sed
2751 4773 2817 4810 ex
2842 4758 2905 4812 iis
2934 4774 3051 4827 quas
3072 4757 3124 4812 in
3150 4759 3346 4828 templo
3369 4760 3589 4830 fiebant,

2009 4858 2166 4916 atque
2194 4863 2258 4903 ex
2286 4849 2519 4917 ipsorum
2564 4849 2814 4917 operibus
2834 4890 2848 4912 ,
2876 4848 3084 4919 objecta
3135 4851 3356 4906 crimina
3411 4854 3589 4908 solvit.

2013 4941 2028 4970 ¹
2046 4939 2165 5011 [Ubi
2186 4955 2310 4993 vero
2327 4941 2534 5007 operari
2556 4939 2812 5008 praecipit,
2827 4940 3054 5011 exempli
3068 4956 3247 5009 causa,
3271 4943 3465 4998 lectum
3488 4946 3590 5000 tol~

2011 5031 2142 5097 lere,
2158 5046 2266 5085 rem
2286 5045 2415 5084 sane
2432 5047 2536 5084 non
2556 5031 2729 5099 magni
2748 5033 3022 5098 momenti,
3038 5033 3133 5088 sed
3150 5051 3267 5102 qua:
3286 5046 3460 5089 tamen
3477 5035 3591 5089 sab-

2012 5124 2117 5177 bati
2139 5124 2455 5177 Solutionem
2477 5124 2619 5178 clare
2636 5124 2913 5193 signiticet,
2935 5134 3060 5179 tunc
3075 5127 3265 5181 altiora
3286 5128 3520 5197 loquitur
3537 5138 3592 5184 ut

2014 5216 2135 5269 illos
2155 5232 2220 5269 ex
2243 5215 2417 5269 Patris
2438 5215 2693 5284 dignitate
2715 5217 2983 5285 percellat,
3005 5226 3059 5273 et
3080 5218 3145 5271 ad
3167 5218 3474 5273 sublimiora
3495 5218 3592 5273 du-

2012 5321 2115 5366 cat.
2130 5308 2482 5382 Quapropter]
2501 5327 2619 5364 cum
2638 5312 2703 5367 de
2720 5312 2940 5367 sabbato
2958 5314 3151 5383 agitur,
3171 5328 3344 5383 neque
3360 5323 3418 5368 ut
3430 5313 3592 5368 homo

2079 5451 2099 5509 ξ
2133 5451 2279 5509 Totus
2299 5442 2435 5509 locus
2454 5445 2651 5509 uncinis
2670 5444 2861 5509 clausus
2881 5447 2952 5496 sic
2975 5447 3453 5509 inginterpretatione
3476 5456 3592 5499 Are.

2014 5506 2113 5571 tini
2128 5506 2329 5571 effertur
2354 5521 2368 5555 :
2398 5506 2468 5571 tbi
2488 5520 2599 5556 vero
2619 5508 2811 5571 aper-ari
2833 5506 3071 5570 prtecipit,
3097 5506 3205 5557 cum
3222 5547 3235 5571 ,
3260 5509 3392 5558 verbi
3412 5511 3591 5571 gratia,

2015 5566 2136 5632 dicit
2154 5568 2244 5628 (sic
2264 5569 2419 5632 quoad
2439 5564 2657 5632 sensum,
2680 5585 2791 5632 qum
2811 5564 3081 5631 sequuntur
3105 5571 3210 5632 ipsa
3223 5564 3592 5624 'Aretini'verba

2015 5582 2132 5617 arcu
2154 5582 2244 5628 isne
2298 5582 2419 5618 uoau
2441 5582 2657 5629 sensum,
2680 5585 2791 5632 quae
2811 5582 3081 5631 sequuntur
3105 5583 3210 5632 ipsa
3232 5582 3421 5619 Areum
3445 5582 3592 5624 verba

2013 5582 2321 5701 sunt),_.T0lle
2342 5629 2594 5701 grabatum
2627 5640 2799 5681 tuum:
2826 5638 2876 5701 ut
2900 5643 3001 5701 non
3030 5644 3188 5701 grave
3218 5633 3453 5701 quiddam
3490 5647 3593 5685 esse

2013 5691 2197 5741 sabbati
2218 5691 2661 5759 prwvaricationem
2697 5695 2928 5752 ostendat,
2952 5691 3129 5759 altiora
3171 5691 3396 5759 loquitur,
3422 5702 3473 5745 ut
3506 5710 3595 5759 pa-

2014 5753 2447 5817 ternaauctoritate
2484 5753 2592 5804 illos
2615 5764 2808 5815 terreat,
2846 5761 2891 5804 et
2914 5755 2979 5804 ad
3003 5753 3261 5817 supernam
3283 5756 3443 5806 trahat
3482 5753 3595 5808 cim-

2015 5814 2380 5884 templatianem.
2427 5824 2527 5877 Qua
2550 5817 2612 5884 de
2635 5831 2779 5884 causa
2796 5814 2818 5876 ⁷,
2854 5826 2949 5865 etc.
2975 5814 3210 5868 Aretinus
3232 5818 3381 5884 longe
3403 5818 3593 5871 brevio-

2015 5890 2141 5941 rem,
2164 5886 2219 5929 ut
2241 5878 2413 5931 videre
2435 5888 2543 5940 est,
2569 5879 2826 5931 lectionem
2848 5887 3047 5930 secutus
3071 5887 3163 5932 est.

3598 5970 3624 6007 χ
