4100 6364
433 306 542 364 915

435 428 662 483 tantum,
686 431 859 486 neque
878 423 937 470 ut
957 414 1095 469 Deus
1122 420 1326 466 tantum
1357 426 1478 466 sese
1502 420 1720 480 purgat;
1743 410 1836 464 sed
1859 408 2017 463 modo

434 513 557 577 hac,
581 511 739 565 modo
761 510 846 565 illa
870 509 1097 562 ratione.
1129 504 1360 561 Volebat
1377 504 1519 560 enim
1540 514 1826 572 utrumque
1848 502 2015 567 credi,

433 616 487 661 et
516 603 895 661 incarnationis
925 600 1272 655 humilitatem
1295 638 1311 664 ,
1346 607 1399 653 et
1436 596 1657 652 Deitatis
1684 595 2014 665 dignitatem.

434 698 559 753 Ideo
586 713 727 752 nunc
748 704 808 751 ut
834 695 975 749 Deus
1004 708 1125 748 sese
1151 701 1355 761 purgat.
1378 690 1509 745 Nam
1537 691 1582 745 si
1611 689 1846 744 humano
1874 704 2017 743 sem—

435 804 531 858 per
552 804 700 843 more
731 789 874 856 ipsos
900 786 1202 854 alloquetus
1231 783 1435 845 fuisset,
1465 782 1519 836 in
1546 782 1728 837 eadem
1755 781 2014 849 perstitis-

434 891 554 936 sent
575 879 889 934 humilitate.
920 876 1277 943 Quamobrem
1306 890 1374 929 ne
1414 873 1465 928 id
1506 874 1678 939 fieret,
1716 873 1925 927 Patrem
1964 872 2015 925 in

435 972 667 1027 medium
689 970 924 1024 adducit.
950 968 1107 1038 Atqui
1137 967 1263 1035 ipsa:
1284 975 1543 1019 creaturae
1567 964 1618 1017 in
1647 963 1868 1017 sabbato
1888 977 2015 1030 ope-

434 1072 638 1118 rantur.
682 1062 775 1118 Sol
802 1075 1014 1115 cursum
1045 1057 1249 1128 perficit
1272 1099 1287 1121 ,
1315 1056 1530 1110 flumina
1558 1061 1813 1119 manant,
1843 1052 2017 1107 fontes

433 1156 726 1209 scaturiunt
743 1194 759 1219 ,
785 1153 1034 1206 mulieres
1059 1151 1291 1220 pariunt.
1327 1148 1524 1202 Verum
1548 1156 1604 1199 ut
1629 1146 1805 1199 discas
1845 1145 2016 1212 ipsum

436 1263 540 1301 non
568 1262 631 1301 ex
659 1260 882 1301 numero
910 1254 1275 1298 creaturarum
1303 1256 1422 1296 esse
1442 1283 1456 1305 ,
1480 1255 1586 1293 non
1612 1238 1777 1301 dixit,
1804 1237 1976 1291 Etiam
1997 1278 2013 1303 ,

432 1354 627 1407 cperor
655 1356 668 1392 :
698 1354 819 1392 nam
860 1347 1118 1392 creatura:
1145 1350 1357 1405 quoque
1386 1342 1700 1402 operantur;
1732 1330 1823 1385 sed
1853 1329 2017 1401 quid"

436 1429 605 1483 Etiam
633 1470 649 1493 ,
680 1442 877 1497 operor
905 1444 918 1481 :
953 1442 1073 1480 nam
1105 1426 1263 1479 Pater
1290 1438 1442 1478 meus
1467 1431 1736 1492 operatur.
1765 1420 1853 1475 18.
1886 1418 2019 1472 Pro-

434 1531 605 1590 pterea
631 1534 749 1589 ergo
770 1519 930 1588 magis
958 1517 1247 1587 quaerebant
1274 1531 1389 1568 eum
1408 1513 1582 1567 Judaei
1607 1511 1907 1581 interﬁcere,
1932 1511 2014 1564 in-

435 1612 581 1679 quit,
608 1611 728 1681 quia
774 1626 874 1663 non
912 1609 1077 1662 solum
1124 1605 1345 1661 solvebat
1390 1604 1674 1667 sabbatum,
1703 1601 1790 1655 sed
1826 1601 1944 1672 quia
1970 1609 2019 1655 et

439 1707 645 1762 Patrem
685 1722 832 1759 suum
872 1703 1066 1758 dicebat
1111 1700 1306 1765 Deum,
1334 1699 1576 1769 oequalem
1595 1714 1648 1751 se
1667 1697 1855 1769 faciens
1891 1694 2013 1749 Deo.

435 1798 614 1868 Neque
634 1798 810 1851 verbis
828 1806 1030 1850 tantum
1050 1793 1099 1847 id
1118 1791 1522 1855 demonstravit,
1544 1789 1640 1843 sed
1667 1790 1822 1859 longe
1851 1787 2019 1857 magis

433 1889 705 1960 operibus.
733 1888 840 1944 Cur
866 1887 981 1942 ita?
1006 1886 1138 1954 Quia
1167 1885 1221 1939 in
1248 1884 1424 1939 verbis
1452 1882 1687 1937 cavillari
1733 1890 2015 1951 poterant,

435 2000 497 2039 ac
526 1984 591 2037 de
616 1982 754 2037 fastu
783 1995 1064 2044 accusare;
1106 1994 1226 2033 cum
1270 1987 1446 2031 autem
1489 1990 1669 2031 rerum
1710 1984 1763 2030 et
1796 1988 2018 2044 operum

438 2075 735 2138 veritatem,
755 2087 874 2142 quae
896 2071 1184 2140 potentiam
1209 2067 1544 2137 praedicaret,
1563 2065 1871 2132 cernebant,
1896 2073 2021 2119 tunc

439 2183 505 2222 ne
534 2167 741 2221 hiscere
769 2164 980 2235 quidem
1026 2171 1212 2218 contra
1270 2161 1556 2216 audebant.

508 2258 760 2312 Christum
792 2256 1034 2325 aequalem
1077 2270 1183 2307 esse
1231 2251 1378 2307 Patri
1434 2251 1717 2322 probatur;
1754 2250 2022 2320 objectioui

438 2349 785 2420 respondetur.
811 2377 876 2387 --
909 2346 1106 2400 Verum
1138 2345 1286 2398 aiunt
1307 2344 1416 2407 illi,
1462 2345 1550 2413 qui
1582 2343 1768 2397 nolunt
1800 2344 1913 2396 lucc
1938 2343 2021 2408 pia

440 2452 617 2496 mente
644 2441 905 2506 accipere,
936 2437 1049 2492 Non
1081 2436 1326 2491 Christus
1356 2450 1413 2490 se
1437 2435 1695 2505 aequalem
1725 2434 1835 2489 Deo
1862 2432 2017 2498 fecit;

439 2536 531 2591 sed
556 2537 655 2589 hoc
674 2534 840 2589 Judaei
871 2531 1297 2601 suSpicabantur.
1339 2528 1696 2598 Quamobrem
1728 2527 1843 2581 haec
1873 2526 2016 2581 dicta

440 2630 598 2682 altius
641 2641 993 2681 resumamus.
1035 2624 1127 2678 Dic
1176 2622 1307 2677 mihi
1335 2664 1349 2688 ,
1381 2621 1648 2675 Christum
1699 2620 1867 2675 Judzri
1897 2635 2021 2688 per-

440 2719 817 2789 sequebantur,
841 2731 1011 2770 nocne
1033 2715 1056 2768 ?
1082 2713 1550 2783 Persequebantur
1580 2712 1763 2780 utique
1789 2727 1804 2775 ;
1844 2710 1894 2763 id
1926 2724 2021 2764 ne-

445 2811 572 2863 mini
622 2825 726 2863 non
758 2817 960 2861 notum.
992 2806 1156 2860 lllane
1181 2820 1248 2858 an
1280 2803 1381 2857 alia
1425 2803 1493 2857 de
1516 2817 1673 2857 causa
1706 2803 1875 2870 ipsum
1905 2816 2022 2870 per-

444 2901 844 2973 sequebantur?
877 2900 963 2955 llla
996 2908 1142 2955 certe
1168 2898 1236 2953 de
1262 2912 1442 2963 causa,
1470 2905 1527 2950 ut
1552 2894 1787 2950 fatentur
1814 2909 2018 2949 omnes.

443 2994 730 3049 Sahhatum
757 2992 1028 3055 solvebat,
1062 2989 1272 3044 necne?
1297 2987 1566 3053 Solvebat,
1601 2987 1650 3040 id
1678 3001 1833 3040 nemo
1864 3001 2024 3055 nega-

447 3087 604 3139 verit.
658 3085 820 3137 Deum
868 3083 1076 3136 Patrem
1122 3095 1273 3135 suum
1322 3078 1564 3143 dicebat,
1621 3078 1829 3131 necne?
1863 3077 2014 3131 Dice-

445 3176 534 3231 bat
566 3176 764 3245 utique.
801 3175 937 3241 Ergo
963 3172 1147 3226 eadem
1192 3171 1333 3225 serie
1378 3178 1572 3223 etetera
1606 3169 2019 3237 subsequuntur.

445 3268 594 3321 Sicut
621 3267 763 3321 enim
815 3266 1024 3319 Patrem
1066 3265 1245 3317 dicere
1270 3261 1457 3326 Deum,
1491 3260 1695 3313 solvere
1724 3258 2021 3323 sobbatum,

446 3377 509 3414 ac
568 3368 782 3429 pr0ptor
839 3358 939 3411 hoc
984 3357 1256 3427 magisque
1309 3362 1525 3424 propter
1570 3352 1699 3407 illud
1744 3367 1776 3406 a
1827 3351 2026 3405 Judaeis

448 3453 915 3523 persequutionem
956 3450 1088 3518 pati,
1122 3464 1227 3502 non
1260 3446 1388 3500 falsa
1416 3445 1620 3515 opinio,
1644 3444 1736 3498 sed
1780 3444 1978 3497 veritas
2009 3463 2022 3498 :

451 3548 521 3601 ita
550 3549 785 3615 seipsum
832 3543 1092 3611 aequalem
1121 3541 1231 3595 Deo
1256 3541 1453 3598 facere.
1503 3537 1688 3592 eadem
1730 3546 1907 3590 mente
1934 3535 2027 3587 de-

445 3638 747 3692 clarabatur
768 3653 780 3687 :
805 3634 946 3703 quod
970 3649 1035 3687 ex
1067 3629 1389 3701 supradictis
1415 3626 1749 3681 manifestius
1773 3636 1873 3680 est.
1896 3624 2026 3678 Illud

445 3730 586 3784 enim
620 3726 775 3780 Pater
803 3742 941 3779 meus
969 3733 1229 3794 operatur,
1258 3730 1305 3775 et
1325 3737 1417 3790 ego
1452 3735 1655 3789 operor,
1680 3718 1907 3787 idipsum
1941 3724 2023 3769 est

448 3839 511 3876 ac
536 3822 578 3874 si
608 3837 667 3875 se
691 3820 804 3874 Deo
834 3818 1087 3884 :cqnalem
1117 3815 1332 3871 faceret.
1357 3812 1567 3868 Nullam
1618 3812 1758 3866 enim
1788 3809 2030 3880 perhibet

450 3914 502 3967 in
536 3912 618 3966 his
665 3910 841 3965 verbis
878 3908 1252 3962 differentiam.
1285 3905 1467 3975 Neque
1514 3903 1655 3957 enim
1696 3902 1873 3957 dixit:
1929 3900 2023 3954 Ille

450 4013 723 4074 operatur,
752 4012 807 4057 et
833 4014 932 4070 ego
976 4000 1361 4063 subministro;
1393 3996 1508 4063 sed,
1537 3996 1686 4050 Sicut
1721 3995 1812 4049 ille
1839 4007 2032 4062 opera-

453 4107 571 4157 tur,
606 4096 675 4147 ita
709 4103 761 4146 et
792 4108 925 4160 ego;
965 4104 1316 4159 magnamque
1370 4086 1604 4142 ostendit
1652 4085 2028 4155 aequalitatem.

458 4186 607 4256 Quod
638 4187 678 4238 si
708 4184 757 4238 id
781 4200 885 4237 non
911 4183 1001 4236 ille
1030 4182 1397 4235 demonstrare
1421 4179 1675 4232 voluisset
1695 4220 1709 4243 ,
1740 4175 1833 4230 sed
1862 4175 1912 4229 id
1940 4175 2033 4230 Ju-

453 4278 556 4331 dzei
587 4277 779 4331 frustra
822 4273 1073 4343 suSpicati
1105 4280 1285 4325 essent
1320 4288 1332 4324 :
1378 4286 1482 4322 non
1515 4270 1726 4323 sivisset
1769 4267 1890 4321 illos
1918 4266 2032 4321 inec

454 4370 590 4424 falso
615 4368 940 4431 existimare,
987 4363 1079 4417 sed
1116 4362 1527 4417 etutendavisset.
1547 4361 1727 4430 Neque
1745 4360 1847 4415 hoc
1867 4375 2032 4414 evan-

458 4461 646 4530 gelista
698 4458 929 4511 siluisset
957 4498 971 4521 ,
995 4470 1180 4508 verum
1211 4453 1386 4524 palam
1420 4452 1676 4517 dixisset,
1708 4453 1785 4506 sic
1814 4451 2032 4505 Judmos

457 4552 753 4621 auspicatos
799 4548 959 4601 fuisse
985 4589 998 4610 ,
1044 4546 1138 4600 sed
1171 4547 1341 4614 ipsum
1384 4560 1489 4598 non
1534 4559 1593 4597 se
1639 4544 1748 4597 Deo
1777 4544 2032 4612 :equalem

459 4644 649 4699 fecisse
683 4660 695 4694 :
730 4651 787 4694 ut
818 4640 943 4695 alibi
971 4639 1131 4703 facit,
1159 4654 1278 4693 cum
1310 4636 1454 4691 videt
1479 4653 1592 4690 rem
1615 4637 1713 4689 alia
1746 4644 1924 4690 mente
1952 4636 2035 4688 di-

458 4744 622 4793 ctam,
654 4732 758 4784 alio
797 4746 959 4784 sensu
985 4730 1190 4798 accipi;
1224 4738 1283 4782 ut
1308 4743 1428 4781 cum
1465 4727 1712 4781 Christus
1735 4726 1882 4792 dicit,
1910 4726 2034 4781 Sol-

460 4826 559 4879 vite
586 4821 826 4889 templum
846 4826 960 4886 hoc,
992 4830 1037 4874 et
1068 4822 1121 4875 in
1143 4820 1300 4875 tribus
1331 4819 1504 4873 diebus
1534 4819 1757 4873 excitabo
1784 4819 1933 4884 illud,
1967 4819 2037 4874 de

462 4932 623 4972 carne
639 4930 735 4969 sua
763 4914 1003 4983 loquens.
1029 4913 1225 4969 Verum
1256 4912 1424 4968 Judaei
1445 4912 1496 4966 id
1518 4928 1623 4965 non
1653 4912 2027 4982 intelligentes,

462 5009 555 5064 sed
580 5007 984 5078 putantesillum
1006 5006 1073 5060 de
1092 5006 1310 5061 Judaico
1333 5006 1533 5075 templo
1562 5005 1724 5075 loqui,
1749 5005 1994 5059 dicebant
2020 5025 2032 5060 :

465 5097 817 5168 Quadraginta
835 5111 923 5149 sea:
951 5096 1097 5149 annis
1124 5096 1429 5163 ludiﬁcatum
1455 5104 1526 5148 est
1571 5096 1811 5165 templum
1834 5096 1927 5151 hoc
1952 5137 1964 5156 .
1995 5105 2040 5150 et

466 5203 518 5244 tu
534 5193 585 5244 in
604 5190 764 5243 tribus
781 5188 955 5241 diebus
978 5188 1217 5241 excitabit:
1238 5188 1406 5241 illud?
1432 5187 1564 5253 Quia
1591 5187 1749 5256 igitur
1772 5187 1911 5240 aliud
1928 5191 2041 5255 ipse

466 5284 695 5345 dixerat,
727 5278 871 5333 aliud
891 5280 964 5333 illi
987 5279 1239 5348 suspicati
1271 5277 1513 5343 fuerant,
1543 5277 1739 5346 illeque
1778 5277 1844 5331 de
1870 5292 2032 5332 carne

466 5389 583 5438 sua,
637 5372 692 5426 hi
744 5370 813 5426 de
855 5372 1054 5439 templo
1104 5385 1201 5423 suo
1254 5369 1652 5439 intelligebant;
1708 5368 1760 5423 id
1804 5369 2043 5423 indicans

467 5469 819 5538 evangelista,
851 5468 958 5521 imo
986 5467 1195 5520 illorum
1227 5465 1500 5534 corrigens
1545 5465 1849 5533 opinionem
1872 5505 1888 5529 ,
1921 5464 2045 5518 sub-

472 5561 647 5629 junxit
675 5578 689 5614 :
710 5560 808 5615 Ille
823 5572 990 5614 autem
1009 5559 1202 5613 dicebat
1222 5558 1286 5612 de
1303 5558 1485 5627 templo
1502 5558 1725 5625 corporis
1750 5557 1847 5608 sui.
1868 5557 2048 5624 itaque

470 5653 516 5705 si
548 5651 648 5706 hoc
695 5653 813 5706 loco
858 5650 1100 5707 Christus
1143 5667 1249 5705 non
1279 5668 1337 5706 se
1358 5651 1616 5720 :equalem
1650 5650 1790 5703 Patri
1813 5649 2043 5712 fecisset,

472 5744 782 5801 Iudaeorum
818 5757 963 5802 certe
992 5744 1043 5801 id
1072 5744 1403 5817 opinantium
1445 5743 1764 5799 sententiam
1794 5740 2050 5797 emcnda-

1214 299 1273 354 S.
1311 295 1588 352 JOANNIS
1621 293 2089 351 CIIRYSOSTOMI
2128 294 2447 351 ARCHIEP.
2484 294 3012 353 CONSTANTINOP.

3587 299 3692 355 9.16

2126 410 2295 465 visset
2317 450 2333 477 ,
2364 410 2692 482 dixissetque
2724 430 2738 466 :
2778 412 2945 467 Judzei
2993 412 3247 483 putabant
3276 414 3445 485 ipsum
3474 428 3533 470 se
3587 417 3695 471 Deo

2122 502 2382 572 aequalem
2425 501 2633 568 facere,
2674 503 2788 574 ipse
2828 519 2957 558 vero
3004 520 3109 559 non
3153 505 3221 585 de
3262 508 3559 574 aequalitate
3606 509 3695 561 illa

2124 593 2461 662 loquebatur.
2492 594 2674 666 Neque
2705 596 2844 650 enim
2875 596 2961 651 hic
2981 597 3152 651 solun]
3176 599 3498 669 evangelista
3522 600 3570 653 id
3595 600 3697 655 hoc

2122 687 2243 741 loco
2273 688 2431 753 facit,
2474 688 2569 743 sed
2622 690 2781 745 etiam
2831 690 2967 745 alius
3006 692 3328 760 evangelista
3367 693 3508 747 alibi.
3562 692 3695 748 Cum

2122 779 2262 835 enim
2294 780 2638 849 praecepisset
2670 781 2943 850 disoipulis
2966 782 3120 837 Jesus
3147 801 3159 835 :
3186 783 3365 838 Cavete
3391 801 3423 837 a
3454 788 3696 855 fenuento

2130 872 2505 926 Pharisworum
2554 883 2602 926 et
2631 873 3031 929 Sadducteorum
3080 873 3309 946 (Matth.
3343 875 3432 931 16.
3464 876 3538 948 6)
3574 895 3587 931 :
3622 878 3694 931 illi

2121 979 2249 1018 vero
2278 964 2594 1030 cogitarent,
2625 963 2995 1036 dicerentque,
3028 967 3198 1021 Panes
3226 984 3327 1021 non
3350 969 3693 1037 accepimus;

2121 1072 2240 1111 cum
2268 1058 2412 1112 aliud
2440 1060 2528 1113 ille
2570 1059 2794 1127 diceret,
2821 1060 3139 1116 fermentum
3164 1061 3462 1117 doctrinam
3508 1063 3694 1133 appel-

2121 1149 2259 1214 lans,
2291 1149 2432 1204 aliud
2483 1150 2560 1205 illi
2592 1152 2984 1222 intelligerent,
3011 1154 3077 1208 de
3114 1153 3334 1222 panibus
3357 1154 3556 1209 dictum
3600 1171 3699 1225 pu-

2125 1251 2316 1306 tantes,
2361 1241 2489 1297 illud
2514 1244 2756 1314 corrigit,
2791 1259 2895 1298 non
2920 1244 3028 1314 jam
3077 1246 3426 1314 evangelista,
3459 1246 3552 1301 sed
3583 1249 3696 1314 ipse

2121 1333 2363 1389 Christus
2382 1334 2460 1389 sic
2489 1334 2712 1404 loquens
2738 1353 2751 1388 :
2780 1335 3044 1402 Quomodo
3068 1353 3167 1390 non
3195 1336 3471 1407 iutelligitis
3496 1353 3573 1390 me
3595 1354 3693 1390 non

2121 1427 2308 1482 dixisse
2336 1427 2469 1483 vobis
2497 1445 2528 1480 a
2555 1428 2767 1497 panibus
2796 1444 2969 1482 cavere
2998 1426 3157 1499 (Ibid.
3190 1444 3238 1481 υ.
3263 1429 3321 1484 11
3347 1428 3364 1497 )
3388 1430 3411 1482 ?
3438 1428 3533 1483 llic
3564 1444 3695 1484 vero

2122 1517 2254 1571 nihil
2273 1518 2468 1573 simile.
2500 1519 2658 1588 Atqui
2684 1517 2825 1573 dicet
2852 1519 3061 1589 aliquis,
3096 1519 3198 1573 hoc
3228 1520 3401 1589 ipsum
3427 1520 3494 1575 de
3519 1521 3695 1575 medio

2128 1607 2269 1661 tollit
2304 1606 2552 1662 Christus
2579 1609 2704 1664 dum
2730 1609 2876 1663 addit
2902 1626 2915 1662 :
2950 1608 3069 1664 Non
3106 1619 3261 1679 potest
3290 1610 3339 1663 F
3341 1611 3457 1665 ilius
3481 1629 3512 1665 a
3535 1612 3697 1680 seipse

2120 1698 2394 1770 quidquam
2438 1701 2622 1769 facere.
2678 1699 2789 1753 lmo
2815 1711 3002 1754 contra
3026 1742 3041 1766 ,
3074 1701 3143 1755 mi
3173 1701 3364 1765 homo:
3401 1717 3507 1756 non
3553 1704 3696 1757 enim

2124 1790 2259 1844 tollit
2282 1791 2659 1860 aequalitatem,
2697 1791 2793 1847 sed
2835 1792 3006 1847 firmat
3053 1809 3170 1848 eam
3227 1794 3354 1849 dum
3386 1794 3500 1850 hzec
3545 1794 3697 1852 dicit.

2122 1880 2320 1937 Verum
2346 1882 2631 1954 diligenter
2673 1884 2975 1940 attendite:
3027 1901 3199 1953 neque
3227 1886 3369 1940 enim
3410 1886 3476 1940 de
3500 1885 3603 1941 levi
3637 1904 3698 1942 re

2121 1975 2345 2043 quaestio
2362 1983 2464 2030 est.
2486 1975 2617 2030 Nam
2636 1976 2787 2037 illud.
2810 1976 2855 2030 Α
2879 1978 3163 2047 semetipso.
3188 1992 3330 2047 saepe
3350 1977 3399 2030 in
3423 1977 3697 2047 Scriptura

2122 2067 2383 2135 habetur,
2414 2076 2467 2122 et
2497 2067 2565 2122 de
2593 2068 2808 2124 Christo
2841 2078 2896 2123 et
2924 2069 2992 2124 de
3020 2068 3221 2137 Spiritu
3266 2077 3454 2123 sancto
3494 2068 3696 2123 dictum

2122 2169 2239 2226 est;
2266 2161 2453 2230 visque
2478 2160 2726 2216 dictionis
2747 2171 2831 2214 est
2850 2160 3158 2225 ediscenda,
3182 2176 3251 2216 ne
3281 2161 3332 2215 in
3355 2161 3701 2231 gravissimos

2124 2268 2338 2308 errores
2383 2252 2697 2309 incidamus.
2743 2252 2873 2307 Nam
2910 2254 2953 2308 si
2985 2254 3129 2308 illaut
3161 2254 3393 2323 excipias
3420 2264 3477 2307 ut
3518 2254 3700 2308 statim

2123 2345 2360 2409 offertur,
2409 2345 2532 2399 vide
2568 2354 2762 2415 quanta
2807 2346 2931 2400 hinc
2981 2344 3280 2399 absurditas
3323 2355 3700 2415 consequatur.

2125 2437 2307 2506 Neque
2351 2438 2494 2492 enim
2539 2436 2694 2504 dixit,
2737 2452 2797 2492 se
2844 2437 2944 2491 alia
3003 2452 3160 2505 posse
3208 2452 3302 2507 per
3357 2438 3699 2506 semetipsum

2124 2529 2373 2596 operari;
2421 2528 2522 2581 alia
2565 2543 2759 2593 secus;
2802 2528 2896 2582 sed
2939 2529 3229 2597 generatim
3274 2528 3437 2582 dicit:
3466 2528 3534 2584 19
3578 2526 3699 2581 Non

2126 2629 2319 2689 potest,
2347 2618 2515 2673 Filius
2558 2637 2588 2671 a
2618 2620 2886 2688 semetipso
2923 2620 3200 2690 quidquam
3230 2623 3412 2690 facere.

2196 2715 2248 2767 4.
2293 2714 2738 2783 lnterrogabimus
2787 2728 2914 2782 ergo
2959 2714 3432 2779 contradicentem,
3487 2712 3701 2767 Nihilne

2126 2813 2301 2873 potest
2322 2820 2352 2859 a
2377 2805 2664 2874 semetipso
2697 2806 2869 2859 facere
2907 2804 3112 2858 Filius?
3139 2804 3193 2857 Si
3223 2804 3573 2873 responderit,
3604 2803 3700 2857 Ni-

2127 2896 2249 2961 hil;
2300 2910 2621 2963 reponemus
2668 2912 2682 2947 :
2726 2894 2882 2964 Atqui
2943 2896 3230 2948 maximum
3286 2894 3542 2949 bonorqu
3606 2909 3703 2962 per

2125 2988 2469 3056 semetipsum
2511 2985 2653 3050 fecit,
2685 2986 2735 3041 id
2762 2987 2902 3057 quod
2929 2987 3123 3041 Paulus
3148 2986 3358 3049 clamat,
3391 2985 3487 3052 Qui
3511 3003 3624 3040 cum
3648 2986 3703 3038 in

2127 3082 2292 3147 forma
2337 3077 2432 3130 Dei
2472 3087 2617 3144 esset,
2656 3095 2755 3131 non
2795 3079 3029 3147 rapinam
3071 3079 3339 3133 arbitratus
3383 3089 3454 3133 est
3500 3095 3605 3133 esse
3649 3096 3706 3133 se

2125 3170 2367 3235 azqualem
2389 3168 2517 3234 Deo,
2546 3170 2633 3223 sed
2658 3172 2977 3240 semetipsum
3007 3172 3300 3235 exinanivit,
3328 3172 3541 3241 formam
3574 3172 3705 3224 servi

2126 3261 2373 3331 accipiens
2396 3260 2651 3331 (Philipp.
2675 3261 2729 3315 2.
2761 3262 2835 3331 6).
2862 3263 2927 3317 Et
2947 3279 3130 3317 rursus
3152 3264 3263 3333 ipse
3277 3262 3519 3318 Christus
3539 3264 3701 3317 alibi:

2129 3350 2434 3406 Potestatem
2467 3353 2623 3407 habeo
2667 3355 2888 3421 ponendi
2916 3356 3137 3408 animam
3182 3372 3363 3421 meam,
3404 3366 3451 3410 et
3480 3365 3704 3425 potesta-

2129 3452 2226 3495 tem
2250 3445 2405 3498 habeo
2432 3446 2660 3499 sumendi
2685 3462 2816 3511 eam,
2858 3455 2904 3500 et
2934 3463 3075 3500 nemo
3106 3447 3235 3500 tollit
3259 3464 3369 3500 eam
3402 3463 3435 3499 a
3470 3464 3546 3500 nte
3572 3463 3592 3501 :
3613 3464 3707 3517 ego

2130 3551 2261 3604 pono
2285 3551 2395 3589 eam
2424 3552 2455 3589 a
2493 3537 2681 3607 meipso
2719 3537 2895 3608 (Joan.
2928 3537 3016 3592 10.
3062 3538 3172 3607 18).
3220 3538 3400 3593 Viden‘
3429 3548 3484 3592 et
3519 3542 3707 3592 mortis

2129 3638 2182 3682 et
2202 3628 2321 3682 vita:
2345 3638 2656 3697 potestatem
2685 3629 2992 3698 habentem,
3014 3631 3103 3701 qui
3125 3639 3324 3685 tantam
3352 3631 3704 3686 (economiam

2129 3735 2159 3773 a
2204 3722 2495 3790 semetipso
2538 3720 2682 3776 fecit.
2730 3721 2935 3793 Ecquid
2987 3724 3159 3778 dicam
3203 3724 3270 3779 de
3310 3723 3561 3778 Christo?
3598 3724 3709 3779 Nos

2131 3812 2292 3875 enim,
2321 3813 2512 3882 quibus
2533 3812 2664 3867 nihil
2690 3814 2862 3879 vilius,
2887 3814 3048 3867 multa
3072 3830 3099 3867 a
3130 3814 3282 3868 nobis
3306 3815 3433 3883 ipsis
3459 3814 3706 3878 faciams,

2131 3918 2159 3955 a
2191 3903 2342 3957 nobis
2388 3904 2518 3972 ipsis
2553 3906 2861 3973 nequitiam,
2903 3920 2933 3958 a
2965 3906 3117 3960 nobis
3148 3905 3274 3975 ipsis
3303 3907 3548 3959 virtutem
3578 3905 3710 3958 doli-

2132 3996 2322 4064 gimus.
2350 3994 2501 4061 Quod
2538 3995 2582 4048 si
2611 4011 2716 4049 non
2752 4011 2782 4050 a
2826 3996 2981 4050 nobis
3015 3996 3163 4065 ipsis,
3196 4011 3368 4066 neque
3398 4006 3709 4065 potestatem

2137 4087 2467 4141 habeamus:
2503 4102 2696 4156 neque,
2748 4087 2793 4141 si
2845 4090 3257 4157 peccaverimus,
3306 4089 3357 4143 in
3408 4088 3711 4158 gehennam

2135 4179 2443 4243 incidemus,
2478 4194 2670 4247 neque,
2702 4179 2746 4233 si
2773 4179 2909 4233 bona
2946 4194 3107 4249 opera
3155 4179 3455 4244 fecerimus,
3490 4195 3709 4248 regnum

2135 4270 2384 4323 malorum
2408 4284 2818 4339 consequemur.
2863 4269 3003 4324 Nihil
3045 4269 3188 4322 aliud
3215 4284 3343 4338 ergo
3381 4280 3462 4324 est
3490 4269 3637 4329 illud,
3670 4269 3712 4321 Α

2135 4363 2399 4432 semetipso
2426 4378 2526 4415 non
2553 4372 2713 4431 potest
2737 4366 2903 4431 facere
2935 4362 3223 4432 quidquam,
3243 4378 3399 4431 quam
3417 4362 3553 4431 quod
3582 4361 3714 4415 nihil

2137 4458 2303 4527 possit
2348 4457 2489 4511 Patri
2518 4459 2841 4512 contrarium
2883 4457 3077 4522 facere,
3112 4458 3242 4511 nihil
3283 4459 3533 4521 alienum,
3584 4457 3712 4511 nihil

2138 4550 2494 4621 peregrinum,
2526 4552 2575 4605 id
2604 4551 2744 4620 quod
2782 4554 3011 4606 maxime
3036 4551 3391 4620 aequalitatem
3416 4560 3469 4605 et
3493 4565 3717 4605 concor-

2137 4642 2276 4696 diam
2307 4657 2550 4711 magnam
2591 4641 2844 4697 ostendit.
2895 4643 2962 4696 Et
2986 4658 3081 4696 cur
3104 4658 3211 4696 non
3240 4642 3391 4707 dixit,
3423 4641 3563 4696 Nihil
3588 4658 3718 4696 con-

2140 4736 2358 4802 trarium
2383 4735 2526 4801 facit,
2550 4734 2664 4801 sed,
2691 4734 2811 4789 Non
2842 4745 2999 4805 potest
3020 4736 3045 4789 ξ)
3069 4735 3138 4791 Ut
3159 4735 3283 4791 hinc
3308 4752 3515 4789 rursum
3545 4745 3718 4790 osten-

2139 4825 2231 4880 dat
2255 4826 2616 4880 omnimodam
2646 4827 3023 4895 aequalitatem.
3054 4826 3168 4880 Non
3207 4828 3349 4881 enim
3379 4827 3718 4881 imbecillita-

2142 4929 2267 4983 tem,
2299 4919 2391 4973 sed
2431 4933 2674 4988 magnam
2715 4918 2831 4988 ejus
2861 4920 3148 4988 potentiam
3181 4918 3395 4974 indicat.
3423 4920 3553 4974 Nam
3591 4920 3716 4973 alibi

2144 5024 2355 5079 quoque
2381 5009 2447 5063 de
2469 5010 2625 5064 Patre
2650 5010 2780 5065 dicit
2806 5010 3001 5065 Paulus
3030 5028 3043 5066 :
3073 5008 3140 5066 Ut
3170 5028 3257 5080 per
3281 5012 3409 5066 duas
3437 5030 3515 5065 res
3542 5012 3723 5065 inuno-

2144 5100 2283 5166 biles,
2308 5102 2360 5154 in
2384 5101 2562 5163 quibus
2586 5102 2893 5170 impossibile
2922 5111 2992 5155 est
3019 5103 3215 5156 mentiri
3248 5101 3410 5156 Deum
3451 5102 3633 5173 (Hebr.
3665 5105 3719 5157 6.

2146 5189 2271 5261 i8);
2305 5200 2359 5243 et
2384 5207 2595 5244 rursum
2631 5209 2645 5245 :
2680 5192 2739 5245 Si
2785 5193 3146 5262 negaverimus,
3188 5192 3273 5245 ille
3310 5192 3473 5259 ﬁdelis
3515 5184 3725 5254 manet;

2146 5298 2328 5352 negare
2352 5283 2569 5349 seipsum
2599 5298 2699 5334 non
2729 5293 2888 5351 potest
2927 5280 3001 5353 (Ξ.
3034 5280 3166 5334 Tim.
3194 5281 3247 5335 2.
3284 5282 3396 5350 12).
3429 5282 3579 5347 lllttd,
3608 5280 3723 5333 Im-

2148 5374 2383 5442 possibile
2420 5383 2512 5436 est,
2547 5390 2802 5441 nusquam
2849 5373 3263 5428 imbecillitatem
3308 5375 3588 5442 significat,
3629 5374 3723 5427 sed

2150 5466 2460 5534 potentiam,
2508 5474 2563 5519 et
2601 5465 2887 5533 potentiam
2920 5465 3261 5520 ineffabilem.
3294 5466 3404 5520 Hoc
3431 5476 3610 5520 autem
3653 5466 3723 5519 si-

2150 5558 2362 5625 gnificat
2393 5575 2406 5611 :
2440 5558 2525 5610 illa
2555 5558 2845 5611 substantia
2875 5572 2960 5611 res
2991 5557 3289 5627 hujusmodi
3330 5558 3502 5612 nullas
3529 5558 3723 5619 admit-

2153 5651 2230 5704 tit.
2275 5650 2732 5708 Quemadmodum
2772 5652 2912 5704 enim
2944 5666 3064 5705 cum
3109 5652 3355 5718 dicimus,
3399 5651 3730 5721 impossibile

2153 5753 2235 5797 est
2263 5749 2423 5797 Deum
2455 5757 2694 5812 peccare,
2724 5756 2830 5796 non
2859 5743 3273 5799 imbecillitatem
3296 5744 3393 5813 ipsi
3420 5744 3725 5802 tribuimaS,
