4100 6364
256 391 339 447 315
1128 382 1196 437 ιΝ
1228 378 1542 438 ,ΙΟΑΝΝΕΜ
1577 376 1805 434 HOMIL.
1846 374 2134 432 XXXVIII.
2177 376 2250 431 al.
2294 373 2560 430 XXXVII.

268 504 384 558 Ἀλλ’
418 503 506 556 ἵνα
533 501 731 574 μάθῃς,
761 502 842 556 ὅτι
865 502 925 555 οὑ
946 503 1045 573 τῆς
1066 501 1299 566 κτίσεώς
1332 503 1502 565 ἐστιν,
1531 500 1631 553 οὑκ
1658 495 1801 560 εἷπε,

258 591 364 654 Nal,
391 588 697 659 ἐργάζομαι
730 602 742 614 ·
775 587 1000 658 καὶγὰρ
1030 590 1064 656 ὴ
1105 585 1282 648 κτίσις
1306 585 1634 655 ἐργάζεται·
1665 582 1803 636 ἀλλά

257 673 329 739 τίς
355 673 482 735 Ναὶ,
517 670 845 741 ἐργάζομαι,
881 672 973 723 καὶ
1006 671 1113 739 γὰρ
1141 672 1167 722 0
1191 670 1383 739 Πατήρ
1433 685 1533 738 μου
1578 665 1809 737 ἐργάζε⁸

259 782 348 822 ται.
395 761 501 815 Διὰ
544 760 720 815 τοῦτο
760 754 874 813 οὖν
920 756 1163 827 μᾶλλον
1214 756 1467 824 ἐζήτουν
1529 755 1716 809 αὑτὸν
1757 754 1811 806 οί

270 847 544 909 Ἰουδαῖοι,
572 844 758 915 φησὶν,
790 841 1160 902 ἀποκτεῖναι,
1185 839 1275 893 ὅτι
1328 840 1399 892 οὐ
1442 839 1636 907 μόνον
1666 837 1811 891 ἔλυε

261 934 315 989 τὸ
339 930 649 991 σάϐϐατον,
678 929 815 982 ἀλλ’
846 926 934 979 ὅτι
964 924 1064 978 καί
1089 923 1321 991 Πατέρα
1342 922 1497 975 ἴδιον
1517 922 1687 990 ἔλεγε
1707 919 1814 974 τὸν

264 1018 408 1082 Θεὸν,
470 1015 608 1069 ἴσον
650 1012 870 1066 ἑαυτὸν
902 1009 1088 1064 ποιῶν
1115 1007 1195 1073 τῷ
1243 1007 1383 1072 Θεῷ.
1422 1008 1532 1061 Καὶ
1578 1006 1685 1077 μὴν
1714 1006 1814 1059 οὑκ

263 1103 461 1170 ἐνέφηνε
496 1095 655 1149 τοῦτο
688 1095 849 1166 μόνον
876 1110 889 1125 ⁸
934 1094 994 1145 ού
1023 1094 1132 1165 γάρ
1174 1092 1232 1144 ἐν
1259 1093 1370 1154 τοῖς
1407 1090 1613 1159 ῥήμασι
1658 1087 1816 1141 τοῦτο

262 1184 444 1238 ἐδείκνυ
510 1180 711 1250 μόνοις,
758 1177 894 1230 ἀλλά
927 1176 1106 1245 πολλῴ
1152 1174 1381 1246 μάλιστα
1422 1175 1479 1226 ἐν
1518 1175 1630 1236 τοῖς
1672 1172 1815 1242 πρά-

264 1278 479 1339 γμασιο.
511 1264 577 1317 Τί
616 1263 847 1334 δήποτε;
877 1261 1001 1313 Ὅτι
1040 1261 1153 1322 τοῖς
1190 1258 1288 1329 μὲν
1319 1257 1497 1325 λόγοις
1524 1250 1667 1325 είχον
1694 1256 1817 1308 ἐπι-

267 1355 526 1422 σκήπτειν,
554 1348 647 1401 καὶ
674 1343 991 1408 ἀλαζονείαν
1015 1342 1288 1410 ἐγκαλεῖν⁹
1313 1342 1413 1411 τὴν
1446 1340 1504 1392 δέ
1541 1339 1650 1392 τῶν
1676 1353 1811 1411 πρα-

265 1421 467 1506 γμάτων
496 1431 730 1504 δρῶντες
763 1426 1017 1499 ἀλήθειαν
1048 1425 1426 1487 ἐκϐαίνουσαν,
1457 1424 1551 1477 καὶ
1581 1422 1674 1475 ἐπὶ
1708 1421 1817 1474 τῶν

266 1524 418 1591 ἔργων
475 1511 992 1585 ἀνακηρυττομένην
1041 1512 1143 1582 τὴν
1176 1508 1427 1580 δύναμιν,
1455 1507 1607 1560 οὐδὲν
1646 1509 1819 1560 ἀντει-

265 1607 367 1659 πεῖν
397 1600 659 1669 ἠδύναντο
687 1595 893 1649 λοιπόν.

333 1668 461 1739 Ἀλλ’
498 1683 549 1736 οἱ
587 1681 661 1752 μὴ
690 1678 1003 1750 βουλόμενοι
1050 1677 1167 1743 μετ’
1193 1671 1615 1743 εὐγνωμοσύνης
1641 1668 1819 1723 ταῦτα

263 1768 509 1841 δέχεσθαι,
541 1766 722 1835 φασὶν,
750 1763 830 1815 ὅτι
857 1762 954 1831 οὑχ
990 1758 1266 1841 ὁΧριστὸς
1290 1757 1462 1841 ἐποίει
1484 1754 1672 1809 ἐαυτὸν
1703 1755 1817 1806 ἴσον

265 1854 331 1923 τῷ
348 1851 477 1921 Θεῷ,
526 1847 716 1905 ἀλλήοί
762 1844 1005 1897 Ἰουδαῖοι
1033 1840 1190 1895 τοῦτο
1227 1838 1568 1892 ὑπώπτευον.
1610 1835 1817 1890 Οὐκοῦν

265 1921 445 1992 ἄνωθεν
498 1933 632 2002 φέρε
657 1928 726 1984 τὰ
759 1926 1025 2000 εἰρημένα
1064 1923 1398 1992 ἐπέλθωμεν.
1426 1921 1560 1974 Είπέ
1590 1921 1653 1991 δή
1705 1936 1816 1987 μοι,

265 2021 460 2074 ἐδίωκον
518 2015 681 2069 αὑτὸν
723 2012 772 2065 οί
828 2009 1090 2071 Ἰουδαῖοι,
1126 2007 1159 2078 ἢ
1190 2007 1289 2059 οὐκ
1338 2005 1593 2070 ἐδίωκον;
1650 2003 1821 2057 Παντί

269 2122 352 2157 που
381 2102 533 2172 δῆλον
557 2100 636 2153 ’ότι
666 2098 909 2151 ἐδίωκον.
950 2091 1055 2145 Kal
1074 2092 1161 2145 διὰ
1193 2089 1353 2143 τοῦτο
1382 2089 1625 2150 ἐδίωκον,
1670 2087 1703 2159 ἢ
1753 2087 1820 2139 δι’

265 2171 535 2262 ἐτερόντι;
577 2184 686 2237 Kal
717 2180 877 2234 10610
923 2176 1385 2248 συνομολογεῖται,
1413 2175 1496 2226 ὅτι
1525 2172 1613 2225 διὰ
1638 2171 1819 2226 τοῦτο.

270 2255 440 2327 Ἐλυεν
465 2266 561 2324 οῦν
602 2268 664 2321 τὸ
714 2264 1000 2323 σάϐϐατον,
1030 2262 1064 2332 ἢ
1103 2261 1202 2313 οὐκ
1255 2259 1447 2323 ἐλυεν;
1496 2256 1629 2311 Οὑδέ
1686 2255 1823 2325 πρὸς

263 2358 399 2412 τοῦτο
421 2356 534 2425 ἔχοι
570 2369 653 2415 τις
680 2350 745 2404 ἂν
785 2349 1083 2402 ἀντειπεῖν.
1132 2344 1352 2415 Πατέρα
1385 2342 1514 2395 ἴδιον
1554 2341 1707 2407 ἔλεγε
1732 2338 1823 2391 τὸν

264 2443 397 2505 Θεὸν,
425 2424 589 2511 ἦοὺγ
624 2437 811 2504 ἐλεγε;
856 2432 965 2486 Kal
1007 2430 1165 2483 10610
1200 2426 1422 2498 ἀληθές.
1472 2424 1680 2479 Οὐκοῦν
1729 2424 1825 2476 καὶ

262 2528 323 2581 τά
346 2507 463 2594 ἑξῆς
484 2526 587 2592 τῆς
623 2520 794 2588 αὐτῆς
839 2512 1157 2575 ἀκολουθίας
1205 2511 1426 2594 ἔχεται.
1458 2510 1668 2594 ’Ὠσπερ
1713 2507 1825 2577 γὰρ

263 2611 317 2664 τὸ
358 2589 571 2677 Πατέρα
619 2605 799 2670 λέγειν
837 2601 968 2653 ἴδιον
1011 2597 1101 2650 τὸν
1142 2594 1296 2658 Θεὸν,
1339 2593 1442 2677 καὶ
1484 2591 1546 2644 τὸ
1578 2591 1726 2643 λύειν
1762 2589 1827 2642 τὸ

266 2673 542 2752 σάϐϐατον,
569 2688 661 2742 καὶ
688 2686 749 2738 τὸ
773 2680 1065 2738 διώκεσθαι
1098 2679 1251 2750 παρά
1277 2676 1389 2730 τῶν
1434 2675 1704 2729 Ἰουδαίων
1739 2673 1828 2727 διά

262 2795 313 2830 τε
336 2780 524 2838 ἐκεῖνο,
570 2773 665 2827 καὶ
713 2770 801 2823 διὰ
854 2766 1011 2820 τοῦτο
1053 2763 1275 2835 μᾶλλον,
1330 2760 1428 2830 οὑχ
1469 2757 1725 2819 ὑπονοίας
1758 2752 1827 2826 ἦν

264 2859 614 2931 ἐψευσμένης,
637 2854 771 2909 ἀλλά
804 2852 1127 2921 πράγματος
1157 2842 1391 2914 ἀληθοῦς
1411 2858 1424 2872 ·
1471 2840 1614 2894 οὑτω
1638 2839 1733 2893 καὶ
1764 2838 1826 2891 τὸ

264 2926 365 3002 ἴσον
397 2926 594 3000 ἐναυτδν
630 2942 802 2995 ποιεῖν
833 2936 910 3008 τῷ
940 2933 1079 3005 Θεῷ,
1108 2933 1209 3002 τῆς
1233 2931 1403 3001 αὐτῆς
1436 2928 1663 2999 γνώμης
1687 2926 1826 2979 ἀπό-

263 3048 410 3099 φασις
444 3026 537 3099 ἦν.
588 3026 700 3080 Kal
747 3022 855 3076 ἀπὸ
900 3020 1008 3073 τῶν
1048 3014 1361 3099 ἔμπροσθεν
1411 3012 1473 3099 δὲ
1521 3010 1827 3099 εἰρημένων

258 3091 404 3167 τοῦτο
465 3091 803 3178 σαφέστερον
853 3104 998 3156 ἐστιν
1056 3101 1204 3153 ἰδεῖν.
1257 3097 1329 3150 Τὸ
1363 3095 1492 3166 γὰρ,
1543 3094 1605 3146 '0
1627 3091 1828 3178 Πατήρ

256 3215 365 3266 μου
388 3176 723 3265 ἐργάζεται,
741 3186 903 3258 κάγὼ
938 3182 1267 3255 ἐργάζομαι,
1302 3181 1420 3266 ἴσον
1456 3178 1604 3266 ἐστίν
1638 3176 1828 3266 ἐαυτδν

257 3280 557 3341 δεικνύντος
583 3275 662 3345 τῷ
702 3273 841 3342 Θεῷ.
891 3271 965 3323 Οὑ
1004 3270 1112 3339 γὰρ
1139 3267 1320 3320 δείκνυ
1348 3265 1377 3304 b
1406 3264 1463 3316 ἐν
1487 3260 1696 3323 τούτοις
1735 3259 1829 3312 οὑ-

258 3342 742 3436 δεμίανδιαφοράν.
766 3357 840 3411 Οὑ
867 3356 971 3425 γὰρ
994 3349 1169 3417 εἶπεν,
1209 3350 1445 3436 Ἐκεῖνος
1471 3346 1569 3417 μὲν
1598 3342 1829 3436 ἐργάζε-

258 3428 359 3513 ται,
383 3447 490 3518 ἐγὼ
510 3428 569 3499 δέ
592 3428 873 3513 ὑπουργῶο
898 3437 1033 3501 ἀλλ’,
1060 3437 1271 3518 ’Ὥσπερ
1292 3428 1827 3518 ἐκεῖνοςᾼέργάζεται,

256 3510 391 3586 οὕτω
421 3510 523 3585 καὶ
552 3526 689 3596 ἐγώ.
729 3510 838 3579 Kal
873 3521 1093 3590 ἰσότητα
1143 3516 1342 3587 πολλὴν
1393 3511 1743 3596 ἐπεδείξατο.
1765 3510 1831 3561 Εἰ

257 3617 309 3670 δέ
338 3620 434 3669 οὑκ
457 3614 624 3676 αὐτὸς
654 3609 814 3663 τοῦτο
852 3605 1099 3660 ἐϐούλετο
1156 3598 1583 3660 κατασκευάσαι,
1634 3593 1746 3647 ἀλλ’
1773 3594 1825 3645 οί

268 3701 501 3754 Ἰουδαῖοι
550 3695 715 3749 τοῦτο
748 3692 924 3763 μάτην
980 3685 1335 3742 ὑπώπτευονο
1384 3681 1481 3735 οὑκ
1514 3681 1581 3732 ἂν
1621 3677 1831 3747 ἀφῆκεν

257 3784 424 3837 αὑτῶν
447 3778 590 3834 εἶναι
618 3778 717 3847 τὴν
740 3759 976 3828 διάνοιαν
1005 3767 1373 3838 ἐσφαλμένην,
1396 3762 1531 3817 ἀλλὰ
1555 3761 1649 3847 καλ
1673 3759 1833 3847 διώρ-

256 3868 416 3920 θωσεν
449 3866 515 3918 ἂν
546 3843 709 3916 τοῦτό
744 3870 789 3911 ε.
820 3857 929 3909 Kal
950 3858 977 3908 0
999 3849 1387 3920 εὑαγγελιστὴς
1414 3848 1469 3900 δέ
1492 3847 1587 3898 οὑκ
1613 3844 1677 3898 ἂν
1703 3843 1833 3895 αὑτὸ

256 3947 701 4012 παρεσιώπησεν,
732 3937 844 3990 ἀλλ’
880 3931 1032 3986 εἶπεν
1060 3932 1124 3986 ἂν
1170 3927 1438 3998 φανερῶς,
1469 3927 1551 3978 ὅτι
1590 3922 1832 3976 Ἰουδαῖοι

257 4032 349 4101 μὲν
407 4028 586 4089 οὕτως
648 4021 984 4081 ὑπώπτευον,
1016 4014 1176 4077 αὑτὸς
1210 4014 1269 4066 δέ
1293 4013 1396 4065 οὑκ
1431 4010 1605 4063 ἐποίει
1642 4006 1834 4060 ἑαυτὸν

256 4090 361 4166 ίσον
400 4112 482 4182 τῷ
518 4108 674 4176 Θεῷ·
729 4105 917 4171 ὥσπερ
968 4100 1063 4153 καλ⁸
1105 4095 1337 4166 ἀλλαχοῦ
1391 4094 1451 4146 10
1501 4093 1631 4145 a610
1678 4090 1835 4143 10610

254 4199 408 4259 ποιεῖ,
437 4176 571 4248 όταν
611 4192 698 4259 ἴδῃ
721 4188 893 4249 ἄλλως
924 4184 1021 4255 μέν
1064 4181 1377 4250 λεγόμενον,
1408 4178 1581 4239 ἄλλως
1608 4176 1664 4228 δὲ
1702 4176 1837 4226 ὑπο-

250 4281 584 4348 πτευόμενον
618 4274 681 4327 τὸ
709 4272 896 4343 λεχθέν
923 4282 937 4297 ⁸
961 4261 1092 4329 οἷον,
1122 4266 1361 4319 Λύσατε
1390 4263 1495 4316 τὸν
1530 4261 1681 4315 ναὸν
1701 4259 1837 4312 τοῦ-

249 4381 369 4427 τον,
394 4342 587 4430 ἔλεγεν
616 4362 649 4411 ὁ
680 4355 933 4425 Χριστὸς,
971 4354 1067 4405 καὶ
1091 4348 1206 4417 ἐγὼ
1254 4349 1324 4401 ἐν
1360 4346 1557 4430 τρισὶν·
1588 4342 1836 4413 ἡμέραις
1898 4365 1907 4376 ·

249 4424 422 4514 ἐγερῶ
453 4424 676 4504 αῦτύν,
708 4424 836 4510 περὶ
865 4436 967 4504 τῆς
1003 4433 1207 4505 σαρκὸς
1234 4429 1399 4484 αὑτοῦ
1442 4428 1633 4495 λέγων.
1695 4424 1834 4478 Ἀλλ’

250 4531 297 4581 οἱ
354 4528 609 4581 Ἰουδαῖοι
676 4509 835 4575 τοῦτο
885 4520 958 4589 μὴ
1011 4516 1301 4577 συνιέντες,
1354 4512 1446 4566 καὶ
1515 4509 1837 4578 νομίσαντες

252 4615 371 4685 περὶ
401 4613 501 4665 τοῦ
554 4605 859 4662 Ἰουδαϊκοῦ
918 4600 1043 4655 ναοῦ
1084 4598 1357 4667 λέγεσθαι,
1403 4597 1506 4649 Ἐν
1538 4590 1835 4659 τεσσαρά-

253 4668 430 4750 κοὶιτα
446 4695 548 4748 καὶ
577 4692 652 4754 ἓξ
676 4690 889 4751 ἐτεσιν,
912 4686 1116 4753 ἔλεγον,
1143 4678 1491 4749 ᾠκοδομήθη
1517 4680 1547 4730 ὀ
1568 4676 1712 4741 ναὸς
1738 4668 1837 4728 οὗ-

252 4798 367 4847 τος,
406 4780 508 4833 καὶ
555 4777 644 4831 σὺ
692 4775 761 4827 ἐν
805 4768 1003 4839 τρισὶν
1049 4765 1293 4835 ἡμέραις
1346 4759 1567 4831 ἐγερεῖς
1611 4759 1836 4818 αὐτόν;

263 4866 409 4916 Ἐπεὶ
444 4860 542 4916 οὖν
583 4859 720 4913 ἄλλο
756 4854 852 4925 μὲν
905 4848 1056 4905 εἶπεν
1087 4849 1269 4909 αὐτὸς,
1309 4846 1434 4900 ἄλλο
1472 4844 1526 4896 δὲ
1555 4841 1841 4895 ὑπώπτευ-

254 4963 344 4997 σαν
375 4948 581 4998 ἐκεῖνοι
630 4939 818 5008 (αὑτὸς
853 4935 950 5006 μέν
973 4933 1082 5002 γὰρ
1131 4929 1259 5001 περὶ
1291 4929 1389 4992 τῆς
1438 4924 1637 4995 σαρκὸς
1670 4920 1835 4975 αὑτοῦ

250 5032 449 5098 ἔλεγεν,
480 5029 695 5081 ἐκεῖνοι
721 5022 778 5074 δέ
805 5020 930 5090 περὶ
954 5016 1047 5069 τοῦ
1070 5013 1197 5069 ναοῦ
1231 5010 1325 5064 τοῦ
1359 5007 1567 5062 ἐαυτῶν
1592 5004 1839 5076 ἐνόμιζον

253 5090 402 5165 τοῦτο
450 5108 768 5182 εἰρῆσθαι),
826 5100 1318 5170 ἐπισημαινόμενος
1368 5090 1575 5145 τοῦτοὸ
1611 5091 1840 5157 εὐαγγε-

253 5196 455 5267 λιστὴς,
490 5175 707 5265 μᾶλλον
736 5188 793 5241 δὲ
827 5182 1206 5256 διορθούμενος
1231 5175 1408 5230 αὑτῶν
1437 5176 1537 5245 τὴν
1563 5176 1837 5234 ὑπόνοιαν,

530 5277 720 5342 λέγων
743 5289 755 5299 ·
797 5268 1060 5331 Ἐκεῖνος
1096 5264 1163 5317 δὲ
1198 5261 1345 5335 [εει]
1373 5261 1543 5327 ἔλεγε
1576 5260 1705 5326 περὶ
1736 5257 1840 5311 τοῦ

251 5362 394 5416 ναοῦ
426 5361 540 5415 τοῦ
569 5356 856 5425 σώματος
904 5350 1109 5406 αὐτοῦ.
1138 5349 1303 5399 Ὥστε
1333 5347 1381 5397 εἰ
1415 5346 1507 5396 καὶ
1560 5342 1791 5396 ἐνταῦθα
1814 5343 1843 5394 ὁ

254 5448 348 5514 μὲν
385 5443 642 5513 Χριστὸς
684 5440 785 5492 οὑκ
838 5436 1010 5489 ἐποίει
1050 5430 1240 5485 ἑαυτὸν
1284 5429 1418 5490 ἴσον,
1444 5426 1563 5479 ούδέ
1595 5425 1843 5478 ἐϐούλετο

251 5529 407 5584 τοῦτο
436 5524 832 5599 παραστῆσαι,
860 5523 908 5573 οί
926 5519 981 5572 δέ
1022 5515 1258 5570 Ἰουδαῖοι
1278 5512 1433 5565 τοῦτο
1457 5509 1839 5568 ὑπώπτευσαν,

250 5591 565 5682 διωρθωσέν
630 5591 718 5660 ἂν*
762 5602 1036 5658 κάνταῦθα
1076 5599 1173 5669 τὴν
1205 5596 1459 5650 ὑπόνοιαν
1512 5592 1713 5653 αὑτῶν,
1750 5591 1844 5645 καὶ

251 5693 433 5748 εἶπεν·
484 5692 750 5747 Ἰουδαῖοι
786 5690 880 5758 μὲν
915 5684 1161 5755 ἐνόμιζον
1196 5680 1386 5735 ἐαυτὸν
1416 5677 1528 5729 ἴσον
1570 5679 1741 5729 ποιεῖν
1768 5674 1845 5745 τῷ

249 5782 390 5851 Θεῷ,
420 5781 642 5838 ἐκεῖνος
674 5774 733 5826 δέ
757 5773 816 5825 οὑ
840 5771 966 5841 περὶ
984 5770 1080 5840 τῆς
1108 5767 1355 5836 ἰσότητος
1400 5763 1573 5830 ἔλεγε.
1608 5761 1717 5813 Kal
1739 5759 1846 5829 γὰρ

313 5912 339 5969 ε
362 5895 517 5945 Savil.
547 5898 606 5969 el
629 5888 743 5969 cod:
770 5887 863 5935 706
921 5887 1020 5969 Kal
1042 5886 1128 5933 οὑκ
1149 5880 1418 5969 λέγων
1437 5877 1603 5969 μόνον,
1627 5874 1847 5969 ἔτι

252 5962 489 6031 agit-mw
531 5956 655 6001 οὐ...
684 5951 860 6031 μόνοις,
888 5950 1009 6031 ἀλλὰ
1030 5936 1392 6031 πυκνότεροᾍέ
1437 5936 1484 5997 τ,
1516 5955 1581 6031 πἑι
1610 5936 1664 6031 gb
1692 5938 1847 6031 sini}.

314 6024 351 6031 ι.
441 6021 449 6031 .
546 6018 595 6030 ς-
632 6014 644 6025 ι
702 6030 735 6031 ,,,
852 6024 931 6031 Α..-
1018 6009 1067 6031 μ’,
1103 6009 1120 6031 ‘.
1167 6007 1253 6031 μὲ.-
1351 6018 1471 6031 .-ιυευ
1630 6001 1721 6031 ’τινι
1789 6006 1847 6031 ην

253 5998 495 6089 ’ἧς
533 5998 756 6089 ἐδείκνυ.
803 5998 971 6061 ιὶὸτρι.
1015 6009 1124 6057 οὑδὲ
1167 5998 1255 6069 γὰρ
1297 6004 1487 6052 εδωκεν.
1557 6001 1581 6031 ο
1610 6000 1760 6048 Savil.
1789 5998 1847 6044 ἀν

270 6073 423 6145 ’τῦςεοξ
443 6073 628 6131 Βοτει.
657 6073 832 6135 τούτῳ.

3374 366 3484 427 216

1912 496 2034 550 οὑδέ
2062 495 2297 550 ἐνταῦθα
2334 496 2492 567 μόνον
2524 488 2680 559 οὗτος
2720 494 2897 566 μόνος,
2934 491 3069 546 ἀλλά
3106 492 3202 546 καὶ
3250 490 3484 562 ἀλλαχοῦ

1913 581 2074 634 πάλιν
2103 580 2164 633 τὸ
2193 581 2324 634 αὑτὸ
2348 580 2507 634 τοῦτο
2527 581 2775 649 φαίνεται
2806 577 2974 632 ποιῶν
2997 578 3093 631 καὶ
3114 577 3304 648 ἕτερος
3323 578 3487 647 εὑαγ-

1912 665 2187 735 γελιστής.
2220 665 2348 718 ’Ότε
2400 664 2509 733 γὰρ
2553 663 2891 735 παρήγγειλε
2931 665 3042 726 τοῖς
3096 662 3365 733 μαθηταῖς
3400 660 3490 715 λέ-

1911 765 2054 816 γων’
2090 747 2424 817 Προσέχετε
2462 748 2579 802 ἀπὸ
2630 746 2737 815 τῆς
2774 746 2960 815 ζύμης
3002 744 3121 799 τῶν
3151 745 3492 812 Φαρισαίων

1912 831 2013 885 καὶ
2039 831 2479 895 Σαδδουκαίων,
2503 832 2699 884 ἐκεῖνοι
2728 831 2784 883 δὲ
2811 828 3186 897 διελογίζοντο,
3218 829 3487 895 λέγοντες,

1914 915 1995 968 ὅτι
2030 914 2225 985 ἄρτους
2259 918 2360 968 οὐκ
2381 914 2673 984 ἐλάϐομεν⁶
2707 916 2800 967 καὶ
2842 912 2971 966 ἄλλο
3005 912 3100 983 μὲν
3142 912 3304 975 αὑτὸς
3344 907 3489 977 εἷπε,

1916 998 2094 1070 ζύμην
2125 1000 2224 1071 τὴν
2250 997 2597 1051 διδασκαλίαν
2630 997 2832 1061 καλῶν,
2872 995 2999 1049 ἄλλο
3030 996 3085 1048 δὲ
3128 993 3492 1048 ὑπώπτευσαν

1914 1083 1965 1135 οἱ
2012 1081 2267 1152 μαθηταὶ,
2307 1083 2435 1152 περὶ
2474 1082 2655 1152 ἀρτων
2699 1079 2950 1150 είρῆσθαι
2981 1077 3315 1147 νομίζοντες,
3351 1079 3495 1148 διορ-

1916 1166 2102 1220 θοῦται
2130 1166 2263 1221 αὑτὸ
2291 1167 2475 1228 πάλιν,
2506 1167 2603 1219 οὑκ
2627 1166 2706 1218 ἔτι
2738 1169 2766 1219 0
2796 1165 3209 1235 εὑαγγελιστὴς,
3250 1163 3363 1215 ἀλλ’
3396 1164 3495 1217 αὑ-

1914 1251 2006 1312 τὸς
2036 1253 2063 1303 ὁ
2111 1249 2366 1320 Χριστὸς,
2423 1250 2564 1304 οὕτω
2603 1250 2810 1318 λέγων·
2863 1248 2996 1313 Πῶς
3029 1250 3100 1301 οὐ
3151 1247 3344 1300 ’νοεῖτε
3405 1245 3495 1299 ὅτι

1916 1335 2241 1404 προσέχειν
2273 1338 2345 1389 οὐ
2375 1335 2509 1403 περὶ
2536 1336 2562 1374 ά
2590 1334 2784 1403 ἄρτων
2824 1329 2998 1387 εἷπον
3012 1330 3155 1401 ὑμῖν
3172 1347 3190 1395 ;
3229 1328 3494 1383 Ἐνταῦθα

1917 1418 1972 1471 δὲ
1993 1418 2145 1471 οὐδὲν
2172 1419 2431 1472 τοιοῦτον.
2466 1420 2575 1471 Kal
2604 1419 2730 1489 μὴν,
2773 1417 2956 1488 φησὶν,
2987 1414 3118 1468 αὑτὸ
3152 1413 3311 1465 τοῦτο
3341 1414 3496 1466 ἀναι-

1921 1501 2051 1574 ρῶν,
2128 1504 2404 1573 ἐπήγαγεν
2433 1505 2461 1555 0
2492 1502 2756 1573 Χριστός·
2814 1504 2896 1554 Οὐ
2960 1499 3209 1553 δύναται
3261 1500 3294 1551 ό
3361 1495 3497 1562 Υἱὸς

1918 1584 2112 1649 ποιεῖν
2148 1586 2250 1654 ἀφ’
2278 1584 2498 1640 ἑαυτοῦ
2537 1583 2734 1639 οὐδέν.
2771 1582 3093 1637 Τοὺναντίον
3128 1582 3225 1651 μὲν
3254 1576 3366 1645 οὖν,
3399 1579 3497 1632 άν-

1919 1668 2126 1739 θρωπε,
2156 1670 2457 1739 πεποίηκεν
2483 1684 2496 1698 ·
2527 1669 2647 1721 οὑδέ
2672 1668 2780 1738 γὰρ
2805 1665 3061 1738 ἀναιρῶν.
3099 1664 3234 1718 ἀλλά
3259 1664 3350 1716 καὶ
3370 1664 3496 1715 ἐπι-

1922 1752 2165 1821 σφίγγων
2186 1753 2287 1824 τὴν
2326 1753 2544 1823 ἰσότητα
2570 1752 2727 1804 τοῦτο
2766 1750 2932 1819 λέγει.
2997 1749 3159 1801 Ἀλλά
3186 1747 3497 1817 ⁸προσέχετε

1924 1836 2061 1908 μετὰ
2101 1837 2384 1906 ἀκριϐείας
2409 1854 2422 1866 ·
2448 1836 2564 1889 οὑδὲ
2588 1836 2696 1906 γὰρ
2746 1835 2808 1888 τὸ
2844 1832 3007 1903 τυχόν
3051 1834 3167 1884 ἐστι
3201 1831 3262 1884 τὸ
3300 1829 3498 1900 ζητού-

1925 1937 2103 1990 μενον.
2165 1920 2238 1973 Τὸ
2263 1921 2391 1990 γὰρ,
2456 1918 2576 1989 Ἀφ’
2617 1917 2855 1981 ἑαυτοῦ,
2898 1916 3057 1969 τοῦτο
3096 1912 3365 1983 πολλαχοῦ
3399 1912 3500 1981 τῆς

1921 2004 2143 2076 Γραφῆς
2164 2006 2358 2067 κεῖται,
2391 2004 2484 2056 καὶ
2502 2005 2587 2055 ἐπ’
2616 2000 2780 2055 αὑτοῦ
2811 2000 2902 2054 καὶ
2938 2000 3031 2052 ἐπὶ
3054 1997 3150 2050 τοῦ
3179 1996 3499 2066 Πνεύματος

1920 2089 2012 2143 τοῦ
2039 2090 2218 2158 ἁγίου.
2251 2089 2361 2143 Kal
2393 2090 2476 2141 δεῖ
2506 2087 2696 2158 μαθεῖν
2734 2087 2834 2157 τῆς
2874 2084 3071 2147 λέξεως
3102 2086 3201 2152 την
3243 2080 3499 2149 δύναμιν,

1924 2172 2010 2226 ἵνα
2058 2172 2132 2242 μὴ
2171 2172 2241 2224 τά
2283 2171 2514 2243 μέγιστα
2570 2169 2997 2243 ἀμαρτάνωμεν.
3048 2168 3111 2220 El
3159 2165 3268 2236 γάρ
3330 2162 3501 2233 αὐτὴν

1922 2256 2043 2309 καθ’
2069 2256 2267 2326 ἑαυτὴν
2292 2256 2463 2319 οὕτως
2495 2255 2716 2309 ἐκλάϐοι
2754 2272 2861 2319 τις,
2899 2254 3088 2323 ὥσπερ
3131 2252 3249 2304 ἐστὶ
3287 2249 3505 2321 πρόχει-

1928 2358 2018 2410 ρον
2054 2340 2324 2406 ἐκλαϐεῖν,
2379 2341 2653 2411 σκόπησον
2709 2339 2897 2410 ἡλίκον
2938 2339 3129 2406 ἕψεται
3174 2337 3236 2388 τὸ
3277 2336 3501 2389 ἄτοπον.

1924 2424 2057 2477 Οὑδέ
2076 2424 2184 2496 γὰρ
2204 2421 2373 2487 εἶπεν,
2399 2426 2481 2478 ὅτι
2505 2426 2574 2477 τά
2601 2424 2699 2495 μὲν
2723 2423 2944 2476 δύναται
2976 2423 3067 2489 ἀφ’
3089 2419 3280 2473 ἐαυτοῦ
3305 2420 3500 2481 ποιεῖν,

1923 2508 1993 2560 τὰ
2020 2508 2076 2560 δὲ
2102 2509 2162 2561 οὐ
2192 2507 2434 2571 δύναται,
2470 2508 2608 2561 ἀλλά
2636 2506 2865 2561 καθόλου
2904 2502 3056 2558 εἶπεν
3077 2521 3091 2535 ’
3139 2506 3221 2558 Οὐ
3252 2502 3505 2556 δύναται

1926 2594 1959 2645 ὁ
1988 2590 2128 2657 Υἱὸς
2169 2591 2363 2645 ποιεῖν
2399 2592 2497 2661 ἀφ’
2519 2590 2736 2645 ἑαυτοῦ
2760 2590 2960 2645 οὐδέν.

1996 2675 2059 2728 δ’.
2087 2674 2371 2746 Ἐρώμεθα
2391 2675 2570 2728 τοίνυν
2596 2675 2685 2728 τὸν
2711 2674 3057 2742 ἀντιλέγοντα
3077 2671 3307 2733 τούτοις·
3340 2668 3505 2723 Οὐδὲν

1926 2754 2018 2812 οὖν
2043 2761 2134 2828 ἀφ’
2165 2760 2357 2813 ἐαυτοῦ
2387 2760 2610 2813 δύναται
2639 2761 2809 2812 ποιεῖν
2838 2760 2866 2811 0
2901 2757 3049 2821 Υἱὸς,
3086 2757 3207 2809 εἰπέ
3236 2773 3326 2826 μοι
3348 2772 3363 2820 ;
3385 2753 3504 2808 Κᾶν

1928 2844 2080 2914 εἴπῃ,
2108 2845 2189 2897 ὅτι
2213 2844 2400 2909 Οὑδέν,
2433 2843 2688 2915 ἐροῦμεν,
2720 2843 2803 2895 ὃτι
2846 2841 2960 2894 Kal
2998 2841 3104 2912 μὴν
3147 2840 3206 2893 τὸ
3248 2838 3505 2909 μέγιστον

1926 2928 2035 2981 τῶν
2059 2928 2280 2997 ἀγαθῶν
2337 2930 2427 2997 ἀφ’
2456 2928 2648 2982 ἐαυτοῦ
2677 2928 2975 2997 πεποίηκε’
3015 2926 3110 2979 καὶ
3143 2924 3240 2995 βοᾷ
3269 2923 3504 2987 Παῦλος,

1927 3012 2134 3082 λέγων·
2174 3016 2279 3080 Ὃς
2315 3014 2384 3067 ἐν
2422 3012 2621 3083 μορφῇ
2640 3013 2787 3067 Θεοῦ
2828 3010 3134 3080 ὑπάρχων,
3171 3012 3282 3079 οὐχ
3321 3009 3509 3076 ἁρπα-

1928 3098 2080 3167 nul?
2132 3098 2401 3168 ἡγήσατο
2455 3100 2518 3152 τὸ
2570 3094 2723 3151 εἶναι
2778 3099 2885 3151 Ζσα
2925 3094 3067 3160 Θεῷ,
3108 3094 3247 3148 ἀλλ’
3292 3092 3510 3147 ἑαυτὸν

1928 3181 2207 3240 ἑλιένιιισε,
2239 3181 2482 3252 μορφὴν
2516 3182 2740 3236 δούλου
2767 3179 2986 3235 λαϐὼν.
3018 3178 3128 3231 Καὶ
3149 3177 3311 3231 πάλιν
3348 3175 3510 3238 αὑτὸς

1929 3268 1956 3320 ὁ
1967 3267 2198 3340 Χριστὸς
2211 3267 2464 3336 ἀλλαχοῦ·
2492 3266 2592 3331 Ἐξ
2597 3267 2816 3320 ουσίαν
2830 3265 2947 3333 έχω
2966 3264 3151 3317 θεῖναι
3175 3262 3287 3330 τὴν
3299 3259 3512 3330 Ψυχὴν

1925 3367 2074 3419 μου,
2103 3350 2201 3404 καὶ
2232 3351 2521 3414 ἐξουσίαν
2543 3350 2661 3418 ἔχω
2685 3348 2895 3403 λαϐεῖν
2912 3347 3126 3414 αὐτὴν,
3162 3348 3261 3399 καὶ
3310 3344 3508 3409 οὐδεὶς

1930 3435 2079 3503 αἴρει
2098 3434 2290 3503 αὐτὴν
2305 3435 2403 3488 ἀπ’
2439 3432 2586 3502 ἐμοῦ
2604 3452 2615 3465 ο
2648 3432 2761 3503 ἐγὼ
2779 3434 2977 3500 τίθημι
3000 3432 3196 3499 αὐτὴν
3216 3431 3317 3484 ἀπ’
3332 3430 3513 3498 ἐμαυ-

1931 3519 2059 3573 τοῦ.
2106 3520 2266 3590 Ὁρᾷς
2297 3520 2389 3571 καὶ
2436 3517 2666 3571 θανάτου
2696 3517 2790 3569 καὶ
2843 3515 2987 3585 ζωῆς
3013 3514 3259 3580 ἐξουσίαν
3294 3513 3509 3582 ἔχοντα,

1933 3607 2027 3657 καὶ
2052 3602 2151 3671 τὴν
2182 3601 2452 3671 τοσαύτην
2490 3599 2802 3669 οἰκονομίαν
2830 3599 2923 3667 ἀφ’
2954 3598 3151 3650 ἐαυτοῦ
3196 3597 3510 3669 ἐργασάμε-

1932 3705 2056 3754 νον;
2091 3687 2201 3740 Kal
2224 3686 2277 3737 τί
2307 3685 2448 3751 λέγω
2469 3685 2596 3752 περὶ
2633 3682 2725 3735 106
2751 3681 2988 3751 Χριστοῦ
3011 3699 3026 3744 ;
3073 3682 3266 3753 Ἡμεῖς
3285 3683 3413 3750 γὰρ,
3437 3674 3513 3733 ὧν

1933 3772 2084 3826 οὑδέν
2134 3770 2511 3840 εὐτελέστερον
2570 3766 2766 3835 γένοιτ’
2806 3768 2893 3830 ἂν,
2948 3765 3118 3818 πολλά
3161 3766 3254 3835 ἀφ’
3300 3766 3511 3819 ἑαυτῶν

1936 3857 2270 3929 πράττομεν,
2297 3854 2390 3906 καὶ
2424 3852 2619 3904 κακίαν
2649 3852 2740 3919 ἀφ’
2776 3849 2983 3903 ἐαυτῶν
3031 3848 3368 3920 αἱρούμενοι,
3415 3850 3513 3902 καὶ

1936 3942 2131 4015 ἀρετὴν
2163 3940 2254 4010 ἀφ’
2298 3937 2505 3992 ἑαυτῶν
2535 3935 2944 4007 μετερχόμενοι.
2978 3934 3123 3989 Εἰδέ
3152 3935 3227 4004 μὴ
3266 3935 3359 4002 ἀφ’
3386 3937 3514 3989 ἐαυ-

1935 4028 2063 4091 τῶν,
2099 4025 2230 4095 μηδέ
2265 4021 2509 4089 ἐξουσίαν
2543 4021 2780 4090 ἔχοντες,
2816 4018 2928 4071 061’
2960 4020 3041 4081 είς
3068 4018 3292 4087 γέενναν
3326 4019 3512 4090 ἀμαρ-⁵

1935 4114 2184 4173 τάνοντες
2211 4105 2615 4177 ἐμπεσούμεθα,
2652 4102 2775 4156 οῦτε
2806 4102 3084 4173 βασιλείας
3121 4102 3513 4171 κατορθοῦντες

1936 4192 2347 4262 ἐπιτευξόμεθα.
2384 4188 2553 4244 Οὐδὲν
2582 4183 2674 4240 οὖν
2709 4187 2837 4240 ἄλλο
2868 4188 2987 4239 ἐστὶ
3016 4186 3095 4250 τὸ,
3145 4186 3260 4254 Ἀφ’
3293 4185 3512 4239 ἑαυτοῦ

1937 4286 2008 4339 οὐ
2041 4284 2289 4336 δύναται
2322 4278 2515 4332 ποιεῖν
2559 4276 2758 4339 οὐδὲν,
2789 4275 2821 4345 ἢ
2866 4276 2947 4328 ὅτι
2978 4273 3131 4327 οὐδὲν
3167 4274 3410 4326 ἐναντίον
3439 4273 3515 4344 τῷ

1937 4368 2133 4438 Πατρὶ,
2156 4366 2306 4418 οὐδὲν
2346 4363 2643 4433 ἀλλότριον,
2687 4360 2838 4413 οὑδέν
2868 4358 3037 4425 ξένον,
3069 4358 3097 4409 ὃ
3143 4357 3378 4427 μάλιστα
3416 4356 3514 4429 τὴν

1941 4456 2162 4523 ἰσότητα
2206 4448 2613 4517 ἐνδεικνυμένου
2665 4446 2760 4498 καὶ
2806 4444 2905 4513 τὴν
2960 4442 3157 4512 πολλὴν
3192 4442 3514 4512 συμφωνίαν

1940 4538 2074 4591 ἐστί.
2114 4537 2221 4589 Kal
2257 4534 2402 4595 τίνος
2428 4532 2617 4584 ἕνεκεν
2644 4531 2745 4583 οὑκ
2769 4523 2943 4592 εἶπεν,
2978 4528 3057 4579 ὅτι
3082 4526 3231 4578 οὐδὲν
3270 4526 3514 4579 ἐναντίον

1940 4623 2104 4682 ποιεῖ,
2141 4618 2256 4671 ἀλλ’
2288 4618 2369 4670 ὅτι
2420 4616 2500 4667 Οὐ
2540 4613 2825 4673 δύναται;
2857 4610 2974 4663 Ἵνα
3007 4608 3303 4663 κάντεῦθεν
3363 4608 3516 4683 δείξῃ

1940 4706 2103 4759 πάλιν
2133 4703 2193 4755 τὸ
2220 4698 2635 4771 ἀπαράλλακτον
2660 4697 2751 4749 καὶ
2781 4695 2877 4766 τὴν
2900 4693 3185 4763 ἀκρίϐειαν
3213 4692 3313 4763 τῆς
3339 4694 3517 4765 ἰσότη-

1939 4806 2046 4852 τος.
2084 4787 2159 4840 Οὑ
2198 4785 2306 4854 γὰρ
2337 4782 2619 4835 ἀσθένειαν
2668 4778 2832 4833 αὑτοῦ
2892 4778 3189 4847 κατηγορεῖ
3230 4778 3288 4829 τδ
3343 4778 3514 4847 ῥῆμα,

1940 4874 2077 4930 ἀλλά
2096 4874 2190 4927 καὶ
2219 4869 2417 4940 πολλὴν
2448 4866 2615 4923 αὑτοῦ
2643 4866 2744 4936 τὴν
2770 4863 2997 4932 δύναμιν
3027 4860 3183 4933 [222]
3222 4865 3510 4933 μαρτυρεῖ.

1954 4962 2105 5015 Ἐπεὶ
2126 4958 2219 5013 καὶ
2243 4955 2474 5026 ἀλλαχοῦ
2504 4948 2743 5022 περὶτοῦ
2776 4947 2989 5017 Πατρός
3017 4963 3181 5016 φησιν
3218 4948 3252 5011 ὁ,
3270 4944 3478 5026 Παῦλος
3498 4961 3512 4975 ·

1943 5047 2078 5101 Ἵνα
2112 5042 2210 5097 διὰ
2231 5041 2339 5095 δύο
2373 5025 2726 5107 πραγμάτων
2744 5030 3137 5101 ἀμεταθέτων,
3164 5029 3234 5082 ἐν
3252 5025 3345 5093 οἷς
3369 5029 3515 5084 ἀδύ-

1941 5145 2126 5184 νατον
2149 5125 2497 5194 ψεύσασθαι
2548 5120 2696 5174 Θεόν
2724 5134 2738 5147 ⁸
2775 5116 2869 5169 καὶ
2909 5113 3092 5176 πάλιν,
3140 5114 3210 5166 El
3256 5113 3518 5194 ἀρνησῤ-

1937 5216 2109 5284 μεθα,
2139 5192 2369 5274 ἐκεῖνος
2408 5202 2623 5267 πιστὸς
2639 5199 2807 5267 μένει
2829 5213 2842 5226 ·
2889 5196 3263 5266 ἀρνήσασθαι
3296 5192 3519 5247 ἑαυτὸν

1942 5302 2014 5353 οὐ
2038 5298 2307 5352 δύναται.
2350 5292 2458 5344 Kal
2494 5290 2555 5342 οὑ
2585 5289 2755 5357 δήπου
2789 5282 2947 5336 τοῦτο
2973 5282 3054 5344 τὸ,
3115 5280 3431 5334 Ἀδύνατον
3468 5290 3514 5343 θ,

1942 5380 2237 5453 δηλωτικὸν
2270 5375 2571 5435 ἀσθενείας,
2604 5370 2739 5424 ἀλλά
2770 5365 3054 5438 δυνάμεώς
3084 5366 3221 5429 ἐστι,
3244 5364 3340 5415 καὶ
3360 5362 3519 5415 δυνά-

1947 5445 2091 5535 μεως
2139 5464 2363 5532 ἀφάτου.
2413 5461 2477 5510 ’⁸0
2530 5452 2622 5511 οὖν
2672 5454 2841 5522 λέγει,
2894 5450 3052 5503 τοῦτό
3096 5450 3246 5500 ἐστι·
3293 5445 3519 5499 Πάντων

1945 5547 2290 5608 ἀνεπίδεκτος
2339 5546 2372 5613 ὴ
2429 5542 2583 5595 οὐσία
2638 5539 2821 5607 ἐκείνη
2877 5534 2985 5587 τῶν
3031 5531 3288 5585 τοιούτων
3347 5530 3515 5583 ἐστίν.

1948 5636 2155 5704 Ὥσπερ
2187 5629 2296 5699 γὰρ
2337 5628 2463 5681 ὅταν
2492 5625 2739 5694 λέγωμεν
2789 5622 2883 5675 καὶ
2917 5620 3099 5704 ἡμεῖς,
3134 5614 3393 5704 ἀδύνατον
3428 5613 3520 5665 τὸν

1945 5718 2076 5772 Θεὸν
2106 5696 2393 5785 ἀμαρτεῖν,
2428 5709 2529 5762 οὐκ
2561 5707 2845 5761 ἀσθένειαν
2882 5700 3046 5757 αὑτοῦ
3079 5696 3516 5771 κατηγοροῦμεν,

1947 5802 2081 5857 ἀλλά
2137 5782 2373 5871 ἀρρητόν
2417 5812 2541 5848 τινα
2587 5792 2817 5861 δύναμιν
2865 5786 3032 5841 αὑτοῦ
3095 5782 3517 5857 μαρτυροῦμεν⁸

2010 5918 2035 5957 d
2059 5916 2223 5976 Aliqui
2243 5916 2413 5974 λέγων’
2445 5911 2579 5976 ρῦπῳ
2624 5906 2791 5976 νοεῖτε,
2819 5904 2929 5951 οῦδέ
2950 5900 3259 5976 συνίετεηότιι
3304 5896 3359 5973 οῦ
3394 5896 3518 5976 περί.

1953 5986 1976 6013 ⁸
2395 5974 2465 6023 Οὐ
2501 5971 2707 6020 δύναται.
2740 5959 2889 6017 Ρὲυὶο
2911 5974 3022 6028 post
3048 5961 3199 6013 Savil.
3223 5961 3251 6010 ὃ
3280 5960 3370 6023 γὰρ
3397 5959 3522 6020 λέγει

1947 6042 2161 6093 τοιοῦτόν
2186 6041 2329 6096 ἐστιν,
2358 6039 2429 6084 ὅτι
2471 6033 2784 6086 ἀνεπίδεκτος.
