4100 6364
251 403 345 459 217

254 516 336 573 sed
383 509 707 567 ineﬂ‘abilem
754 504 1034 577 quamdam
1085 500 1375 573 potentiam
1422 496 1811 551 testiﬁcamur:

254 612 322 665 sic
348 607 511 662 etiam
536 618 655 659 cum
681 601 812 657 dicit
840 601 975 671 ipse,
1005 595 1127 651 Non
1158 609 1362 667 possum
1386 608 1418 645 a
1440 590 1630 660 meipso
1657 588 1823 659 facere

256 699 543 769 quidquam,
582 695 687 748 hoc
714 692 815 748 sibi
841 691 955 744 volt
985 706 998 742 :
1033 689 1259 744 Prorsus
1296 682 1623 753 impossibile
1664 690 1747 735 est
1773 688 1828 733 ut

259 792 391 848 Patri
418 788 747 845 contrarium
796 784 1066 853 quidpiam
1114 780 1325 835 faciam.
1374 776 1445 832 Ut
1485 789 1615 829 vero
1656 774 1829 827 discas

260 882 378 939 illud
416 882 495 937 sie
540 875 938 947 intelligendum
969 887 1107 935 esse,
1140 868 1419 939 sequentia
1466 866 1826 933 explorantes,

261 975 524 1030 videamus
566 988 633 1027 an
672 969 968 1028 nobiscum,
1002 980 1067 1018 an
1110 962 1386 1017 vobiscum
1434 957 1675 1013 Christus
1704 970 1833 1009 con-

264 1066 465 1120 sentiat.
514 1062 594 1118 Tu
637 1061 788 1118 dicis.
837 1058 1036 1113 dictum
1075 1054 1202 1109 illud
1254 1052 1544 1122 potentiam
1591 1048 1826 1110 auferre,

266 1171 463 1211 necnon
512 1153 883 1208 auctoritatem
936 1148 1034 1217 ipsi
1086 1153 1497 1214 competentem,
1549 1142 1833 1209 ipsumque

268 1248 578 1304 imbecillum
617 1242 1013 1312 comprobare':
1045 1254 1145 1308 ego
1186 1245 1369 1291 contra
1416 1233 1554 1295 dico,
1610 1231 1692 1283 his
1737 1229 1835 1281 de-

269 1340 546 1396 monstrari
590 1338 966 1407 aequalitatem,
1014 1328 1373 1387 omnimodam
1424 1325 1738 1393 paritatem,
1784 1326 1838 1373 et

269 1432 434 1487 omnia
464 1448 526 1485 ex
573 1429 756 1483 eadem
787 1427 1058 1481 voluntate
1099 1431 1155 1474 et
1200 1419 1434 1488 potentia
1483 1415 1616 1468 fieri.
1663 1412 1837 1481 Ipsum

271 1532 634 1593 percontemur
654 1518 946 1580 Christum,
970 1526 1023 1569 et
1046 1528 1139 1583 per
1161 1526 1223 1565 ea
1253 1525 1371 1579 qum
1391 1516 1571 1578 postea
1597 1505 1840 1557 dicturus

271 1622 346 1670 est
369 1612 662 1672 videamus,
685 1625 753 1663 an
791 1606 1079 1662 secundum
1108 1612 1271 1666 tuam,
1310 1616 1376 1653 an
1417 1595 1706 1652 secundum
1749 1608 1845 1646 no-

273 1717 425 1759 stram
448 1702 750 1772 opinionem
773 1699 909 1751 dicta
942 1697 1339 1762 interpretetur.
1370 1689 1505 1757 Quid
1528 1701 1655 1755 ergo
1680 1683 1843 1737 dicit?

276 1798 604 1864 Quacumque
632 1791 790 1845 Pater
820 1789 1013 1859 fecerit,
1043 1787 1150 1840 [nec
1179 1795 1223 1838 et
1250 1782 1418 1836 Filius
1442 1780 1674 1836 similiter
1701 1777 1844 1847 facit.

277 1889 456 1944 Viden‘
493 1884 761 1953 quomodo
788 1880 1105 1936 sententiam
1147 1889 1379 1929 vestram
1412 1871 1663 1926 radicitus
1693 1867 1845 1924 evel-

274 1982 359 2047 lat,
404 1988 751 2044 nostramque
800 1970 1122 2026 confirmet?
1151 1968 1282 2022 Nam
1313 1968 1357 2021 si
1406 1981 1438 2018 a
1485 1962 1665 2032 scipso
1716 1960 1848 2015 nihil

276 2074 410 2134 facit,
447 2084 622 2138 neque
651 2067 809 2121 Pater
838 2081 867 2118 a
912 2064 1090 2130 seipso
1135 2058 1333 2128 aliquid
1381 2057 1558 2119 faciet,
1610 2054 1654 2107 si
1696 2068 1847 2122 qua:—

275 2178 495 2231 cumque
515 2160 642 2214 facit
667 2158 826 2212 Pater
850 2165 901 2209 et
933 2156 1045 2223 ipse
1093 2152 1267 2206 faciat.
1302 2149 1431 2203 Nam
1464 2165 1507 2202 st
1533 2161 1619 2200 res
1648 2161 1751 2199 non
1780 2145 1849 2197 ita

277 2264 427 2318 esset,
462 2252 603 2306 aliud
629 2249 915 2304 absurdum
942 2254 1274 2316 sequeretur.
1304 2242 1484 2309 Neque
1516 2241 1658 2294 enim
1696 2238 1849 2299 distt,

276 2348 396 2412 Quze
420 2346 556 2399 vidit
587 2343 794 2398 Patrem
826 2339 1125 2399 facientem,
1159 2338 1271 2389 haec
1301 2334 1458 2397 facit;
1485 2330 1601 2397 sed,
1632 2330 1747 2384 Nisi
1776 2329 1852 2381 ei-

280 2437 399 2489 derit
426 2433 639 2487 Patrem
662 2433 946 2501 facientem,
972 2444 1075 2481 non
1100 2427 1243 2492 facit,
1270 2438 1574 2478 sermonem
1601 2421 1666 2475 ad
1694 2435 1854 2473 omne

280 2539 483 2597 tempus
509 2525 804 2580 extendens
834 2539 846 2574 :
874 2519 1163 2575 secundum
1189 2533 1284 2571 vos
1305 2525 1478 2569 autem
1504 2512 1689 2568 eadem
1713 2526 1855 2565 sem-

281 2638 369 2690 per
410 2620 604 2673 discet.
641 2614 821 2669 V'ideu’
851 2613 1127 2667 sententiae
1169 2610 1572 2671 sublimitatem,
1615 2614 1668 2658 et
1707 2601 1855 2656 verbi

281 2712 633 2766 humilitatem
666 2707 746 2761 vel
781 2706 1199 2774 itnpudentiores
1220 2701 1285 2753 ad
1319 2698 1449 2752 illud
1478 2698 1672 2750 invitos
1698 2695 1857 2747 etiam

281 2805 627 2875 compellere,
672 2812 729 2855 ut
779 2819 805 2851 a
853 2799 942 2852 vili
996 2813 1177 2861 sensu,
1226 2795 1371 2863 quia
1419 2801 1560 2845 tanta
1605 2790 1861 2858 dignitate

278 2895 553 2959 abhorret,
603 2891 838 2962 fugiant?
876 2889 1003 2956 Quis
1048 2887 1188 2940 enim
1215 2884 1350 2938 adeo
1389 2882 1550 2936 miser
1588 2888 1642 2934 et
1682 2878 1861 2931 infelix

281 2987 453 3052 fuerit,
488 2995 550 3039 ut
576 2984 717 3037 dit-at
739 2981 928 3035 Filium
959 2979 1195 3048 quotidie
1221 2977 1305 3028 illa
1336 2975 1595 3033 ediscure,
1628 2986 1745 3039 quze
1784 2971 1862 3020 fa-

279 3093 397 3133 cere
426 3076 683 3146 oportet?
720 3072 995 3140 Quomodo
1041 3086 1225 3124 verum
1252 3069 1355 3122 erit
1400 3065 1526 3118 illttd
1555 3082 1566 3116 :
1596 3063 1675 3116 Tu
1702 3071 1865 3114 autem

278 3170 406 3221 idem
430 3171 547 3237 ipse
572 3184 644 3230 es,
673 3176 718 3219 et
740 3166 861 3217 anni
888 3163 959 3216 tui
990 3179 1089 3215 non
1113 3161 1345 3227 deﬁcient
1376 3158 1544 3230 (Psal.
1576 3156 1698 3210 101.
1730 3152 1867 3221 ‘28)?

280 3261 576 3330 quomodo,
617 3258 802 3311 Omnia
833 3272 920 3325 per
957 3255 1123 3321 ipsum
1164 3256 1297 3322 facta
1339 3260 1473 3315 sunt,
1517 3259 1560 3301 et
1606 3250 1712 3300 sine
1759 3248 1868 3317 ipso

279 3358 468 3422 factum
496 3360 578 3404 est
608 3350 754 3425 nihil,
788 3350 829 3401 si
863 3349 950 3401 illa
978 3364 1094 3414 qua:
1127 3347 1282 3399 Pater
1318 3344 1461 3407 facit,
1494 3342 1607 3395 hcce
1648 3342 1759 3410 ipse
1790 3341 1868 3391 vi-

279 3444 410 3497 dens
452 3442 736 3496 imitatur?
778 3439 940 3493 Vides
967 3436 1234 3507 quomodo
1264 3445 1317 3489 et
1346 3450 1411 3487 ex
1458 3434 1521 3486 iis
1552 3448 1670 3501 quae
1711 3446 1869 3499 supra

277 3536 415 3589 dicta
446 3542 602 3595 sint,
636 3542 689 3586 et
718 3548 784 3585 ex
813 3532 876 3584 iis
902 3545 1019 3598 qua:
1047 3539 1227 3597 postea
1247 3526 1507 3589 dicentur,
1540 3526 1655 3593 ejus
1685 3534 1870 3577 aucto-

276 3630 406 3684 ritas
442 3626 888 3683 demonstretur?
928 3622 1078 3689 Quod
1120 3623 1164 3675 si
1195 3621 1444 3675 humilius
1479 3619 1716 3688 qumdam
1746 3633 1872 3686 pro-

278 3721 433 3784 ferat,
460 3736 531 3774 ne
559 3718 793 3771 mireris.
819 3717 948 3783 Quia
970 3717 1111 3769 enim
1143 3712 1537 3774 sublimioribus
1559 3709 1870 3780 quihusdam

278 3812 497 3875 auditis,
552 3809 1011 3878 persequebantur
1056 3821 1197 3869 eum,
1248 3812 1302 3857 et
1358 3804 1465 3857 Deo
1510 3801 1869 3854 adversarium

278 3918 397 3959 esse
431 3903 720 3971 putabant,
746 3899 900 3968 paulo
934 3897 1214 3953 demissius
1249 3895 1529 3949 verborum
1555 3903 1754 3945 tantum
1792 3902 1872 3943 te-

278 4011 375 4048 nus
410 3995 699 4064 loquutus,
740 3990 804 4044 ad
836 3990 1141 4043 sublimiora
1180 4002 1363 4040 rursus
1390 3984 1650 4047 evehitur,
1683 3983 1875 4036 deinde

186 4076 193 4081 ’
274 4089 339 4142 ad
372 4088 603 4140 humilia
635 4084 871 4138 deﬂectit
904 4100 917 4134 :
949 4084 1025 4136 sic
1049 4082 1345 4135 doctrinam
1383 4079 1615 4141 varians,
1654 4086 1710 4129 ut
1743 4075 1874 4128 faci-

276 4181 378 4233 lius
395 4181 480 4235 vel
501 4179 578 4233 ab
606 4175 864 4244 improbis
883 4174 1207 4227 admittatur.
1230 4169 1630 4229 Animadverte,
1654 4180 1867 4235 quteso:

275 4284 567 4341 postquam
600 4269 833 4331 dixerat,
862 4265 1014 4320 Pater
1040 4281 1177 4317 meus
1203 4272 1459 4331 operatur,
1486 4272 1531 4314 et
1560 4278 1648 4331 ego
1675 4276 1874 4329 operor,

276 4372 328 4416 et
357 4379 417 4417 se
464 4362 584 4414 Deo
633 4358 891 4426 mtlttalCtll
943 4355 1269 4416 ostenderat,
1324 4367 1506 4405 rursus
1548 4352 1721 4404 dicit:
1758 4348 1878 4402 Non

274 4465 437 4525 potest
470 4452 657 4506 Filius
688 4468 717 4501 a
746 4451 909 4516 seipso
942 4452 1105 4519 facere
1135 4447 1425 4515 quidquam.
1458 4445 1554 4497 nisi
1581 4443 1716 4513 quod
1744 4444 1883 4495 vide-

275 4549 339 4600 rit
372 4547 593 4599 Patrem
626 4542 916 4613 facientem.
953 4538 1147 4592 Deinde
1179 4537 1335 4589 altius
1373 4554 1386 4589 :
1429 4535 1763 4602 Qutvcnmqtte
1803 4536 1878 4601 fe-

272 4640 394 4692 cerit
436 4639 554 4703 ille,
616 4636 731 4686 lucc
780 4642 824 4685 et
876 4629 1040 4683 Filius
1086 4629 1314 4681 similiter
1356 4627 1514 4698 facit;
1564 4638 1880 4692 rursumque

274 4732 539 4786 humilius
572 4746 586 4783 :
625 4725 724 4780 20.
769 4722 926 4776 Pater
952 4721 1117 4791 diligit
1158 4718 1371 4781 Filium,
1405 4726 1449 4770 et
1481 4716 1647 4769 Omnia
1676 4714 1885 4767 demon-

271 4832 397 4877 strat
424 4823 475 4875 ei
522 4833 657 4887 qua:
688 4818 793 4884 ipse
822 4813 941 4879 facit
974 4828 991 4865 :
1020 4822 1065 4864 et
1095 4811 1293 4874 maiora
1333 4808 1410 4860 Itis
1443 4805 1799 4859 demonstrabit
1839 4803 1883 4856 ei

271 4931 449 4983 apem.
501 4906 774 4963 Vidistiu‘
814 4913 1017 4957 tantam
1062 4897 1445 4954 humilitatem?
1474 4896 1600 4950 Jure
1642 4894 1880 4964 quidem.

268 5003 400 5057 Nam
432 4999 587 5072 quod
621 4998 740 5066 jam
766 4993 894 5054 dixi,
923 4990 1194 5045 neeflttem
1213 4988 1421 5043 dicendi
1446 4987 1652 5046 faciam,
1677 4984 1726 5037 id
1746 4998 1883 5037 nunc

270 5105 543 5163 repetant.
583 5086 824 5157 Quando
853 5083 1046 5151 aliquid
1077 5082 1363 5135 demissum
1395 5079 1523 5131 dicit
1570 5084 1625 5129 et
1662 5074 1880 5138 humile,

272 5186 321 5240 id
349 5201 480 5239 cum
518 5177 835 5252 hyperbole
866 5173 1087 5243 profert,
1121 5182 1178 5225 ιιι
1205 5172 1288 5225 vel
1318 5170 1574 5238 improbis
1601 5167 1881 5219 verborum

270 5280 452 5333 vilitas
484 5272 750 5331 suadeat,
783 5276 838 5320 ιιι
877 5266 961 5333 pia
1002 5273 1181 5318 mente
1222 5276 1376 5315 sensa
1416 5258 1727 5335 percipiant.
1772 5255 1882 5309 Nisi

270 5377 414 5426 enim
440 5370 553 5424 hoc
583 5370 766 5428 esset,
791 5360 964 5429 cogita
994 5374 1150 5427 quam
1173 5355 1455 5410 absurdum
1489 5362 1631 5406 esset
1658 5352 1707 5404 id
1744 5350 1882 5417 quod

271 5465 495 5525 dicitur,
540 5455 705 5528 quod
761 5452 922 5507 verba
966 5448 1289 5520 explorando
1339 5446 1616 5517 percipies.
1664 5442 1885 5510 Quando

272 5559 420 5615 enim
449 5554 619 5617 dicit,
656 5547 869 5619 Majora
911 5546 991 5598 his
1034 5543 1259 5598 ostendet
1296 5542 1341 5593 ei
1383 5554 1554 5608 opera,
1589 5536 1885 5590 invenietur

269 5649 444 5702 multa
477 5642 742 5700 nondum
770 5637 1023 5692 didicisse
1060 5653 1073 5688 :
1105 5633 1244 5704 quod
1274 5646 1343 5687 ne
1372 5629 1439 5685 de
1476 5628 1733 5697 apostolis
1762 5624 1886 5695 qui-

270 5738 399 5794 dem
426 5732 763 5792 dicendum.
802 5727 936 5784 Nam
975 5741 1093 5782 cum
1125 5724 1350 5796 Spiritus
1393 5720 1611 5791 gratiam
1642 5716 1884 5784 accepis-

275 5841 423 5901 sent,
450 5824 762 5885 confertim
800 5822 979 5877 omnia
1030 5825 1313 5883 noverunt,
1354 5813 1532 5870 omnia
1573 5817 1879 5880 potuerunt,
1971 5870 1978 5877 ,

1130 389 1198 444 IN
1233 384 1547 444 JOANNEM
1585 381 1817 439 HOMIL.
1857 378 2148 437 XXXVIII.
2188 379 2259 434 al.
2298 377 2564 435 XXXV".

3405 375 3514 432 218

1935 507 2054 562 qua:
2093 493 2237 561 ipsos
2280 501 2335 546 et
2385 492 2523 546 seire
2564 498 2619 544 et
2665 503 2822 559 posse
2850 487 3162 558 oportebat:
3202 486 3289 542 hic
3334 498 3514 542 autem

1932 583 2095 637 multa
2124 582 2258 636 scitu
2304 581 2604 636 necessaria
2644 579 2882 633 nondum
2919 578 3172 633 didicisse
3211 578 3517 647 depreheuo

1932 676 2090 730 detur
2123 692 2135 728 :
2168 689 2274 744 quo
2311 673 2435 742 quid
2480 672 2762 726 absurdius
2804 687 2924 726 esse
2966 670 3164 739 queat?
3208 669 3347 736 Quid
3386 685 3517 740 ergo

1932 766 2031 820 sibi
2081 766 2193 819 vult
2228 766 2426 819 dictum
2477 763 2643 817 illud?
2685 763 2818 828 Quia
2863 763 3153 833 paralytico
3191 763 3270 817 sic
3303 772 3513 829 curato,

1933 868 2201 912 mortuum
2230 858 2580 911 suscitaturus
2610 863 2757 916 erat;
2790 854 2910 908 ideo
2933 854 3011 907 sic
3043 853 3293 923 loquutus
3318 861 3421 917 est,
3453 866 3517 905 ac

1936 952 1977 1005 si
2021 951 2223 1005 diceret
2252 967 2267 1003 :
2300 948 2563 1003 Miramini
2608 961 2694 1001 me
2740 946 3084 1015 paralyticum
3136 944 3395 998 sanasse?
3432 944 3517 997 his

1936 1043 2136 1110 majora
2164 1041 2428 1096 videbitis.
2460 1039 2643 1107 Neque
2684 1047 2863 1092 tamen
2897 1038 2965 1090 ita
2998 1037 3249 1105 loquutus
3278 1046 3376 1099 est,
3422 1035 3517 1089 sed

1936 1134 2221 1189 humiliore
2250 1147 2379 1188 usus
2401 1142 2483 1186 est
2507 1146 2775 1192 sermone,
2802 1138 2856 1182 ut
2879 1130 3087 1182 illorum
3116 1128 3346 1181 furorem
3370 1142 3518 1180 com-

1939 1226 2235 1297 pesceret‘.
2275 1223 2345 1280 Ut
2390 1239 2517 1277 vero
2566 1222 2741 1277 discas
2795 1220 2943 1281 illud,
2981 1218 3377 1283 Demonstrabit,
3413 1233 3518 1271 non

1940 1319 2153 1386 proprie
2194 1316 2395 1370 dictum
2448 1329 2586 1377 esse,
2626 1313 2750 1367 attdi
2794 1327 2854 1365 ea
2902 1326 3020 1380 quae
3067 1320 3380 1380 sequuntur.
3427 1310 3518 1364 2i.

1944 1407 2089 1461 Sicut
2114 1408 2246 1460 enim
2272 1405 2426 1458 Pater
2454 1405 2659 1459 suscitat
2681 1413 2904 1455 mortuos
2928 1412 2973 1455 et
3000 1402 3235 1469 viviﬁcat.
3258 1401 3330 1454 sic
3358 1410 3405 1454 et
3434 1399 3525 1453 Fi-

1944 1500 2042 1552 lius
2088 1514 2211 1567 quos
2253 1497 2355 1551 vult
2397 1498 2639 1563 uiviﬁcat.
2683 1495 2842 1565 Atqui
2891 1495 3043 1555 illtttl,
3100 1492 3244 1546 Nihil
3293 1503 3452 1563 potest
3494 1510 3525 1544 a

1944 1590 2209 1657 semetipso
2238 1589 2424 1657 facere,
2454 1587 2781 1642 contrarium
2809 1597 2891 1640 est
2922 1585 2996 1638 illi
3023 1584 3186 1647 dicto,
3224 1584 3362 1650 Quos
3399 1584 3523 1637 vult.

1946 1680 2001 1737 Si
2029 1681 2170 1735 enim
2200 1695 2331 1748 quos
2351 1680 2465 1732 vult
2486 1677 2737 1740 vivificat,
2766 1691 2793 1728 a
2816 1675 3106 1744 semetipso
3129 1674 3327 1742 aliquid
3353 1673 3529 1727 facere

1951 1784 2125 1845 potest
2155 1774 2312 1843 (velle
2337 1772 2479 1826 enim
2513 1772 2789 1839 potestatis
2827 1768 2940 1837 est)
2977 1788 2991 1822 :
3038 1765 3177 1833 quod
3207 1766 3253 1820 si
3296 1781 3399 1819 non
3435 1782 3531 1833 po-

1953 1874 2055 1919 test
2082 1880 2110 1917 a
2142 1866 2338 1931 seipso.
2367 1862 2478 1931 jam
2509 1876 2613 1914 non
2641 1873 2774 1929 quos
2796 1857 2906 1910 vult
2935 1855 3184 1909 viviﬁcat.
3209 1855 3338 1909 lllud
3365 1856 3530 1920 enim,

1953 1958 2100 2011 Sicut
2132 1955 2288 2008 Pater
2307 1956 2534 2016 suscitat,
2568 1952 2826 2023 aequalem
2855 1951 3045 2020 probat
3070 1951 3352 2013 virtutem;
3379 1950 3534 2002 illud-

1951 2065 2075 2119 que,
2122 2050 2259 2116 Quos
2301 2048 2426 2112 vult,
2476 2048 2752 2117 potestatis
2792 2048 3096 2114 paritatem.
3152 2044 3335 2098 Viden‘
3383 2044 3531 2106 illud,

1956 2142 2077 2197 Non
2112 2152 2269 2212 potest
2297 2159 2328 2195 a
2366 2143 2530 2211 seipso
2568 2142 2753 2211 facere,
2802 2149 3118 2209 potestatem
3168 2154 3274 2191 non
3324 2139 3530 2202 tollere,

1955 2238 2047 2292 sed
2078 2252 2258 2307 parent
2291 2236 2576 2303 potentiam
2616 2243 2670 2289 et
2708 2234 3031 2287 voluntatem
3070 2230 3410 2301 significare?
3448 2230 3537 2284 Sic

1957 2333 2218 2401 intelligas
2252 2330 2401 2394 illud,
2448 2327 2824 2382 Demonstrabit
2853 2327 2916 2379 ei.
2964 2325 3175 2379 Etenim
3219 2324 3341 2377 alibi
3386 2322 3533 2387 dicit,

1958 2425 2071 2496 Ego
2096 2425 2403 2478 resuscitabo
2446 2439 2559 2475 eum
2600 2421 2653 2473 in
2682 2420 2950 2473 novissimo
2979 2418 3060 2471 die
3091 2416 3270 2483 (Joan.
3321 2416 3375 2469 6.
3416 2415 3531 2483 59).

1959 2521 2037 2570 Ac
2063 2530 2292 2576 rursum,
2323 2514 2609 2566 ostendens
2636 2525 2694 2564 se
2715 2509 2819 2563 vim
2841 2507 3095 2576 operandi
3117 2522 3220 2559 non
3243 2506 3534 2573 accepisse,

1961 2606 2072 2678 Ego
2098 2623 2229 2669 sum,
2286 2606 2475 2673 inquit,
2521 2602 2818 2655 resurrectio
2864 2610 2912 2653 et
2942 2602 3042 2651 vita
3076 2598 3253 2669 (Joan.
3308 2598 3392 2651 Η.
3422 2596 3538 2665 95).

1966 2698 2165 2753 Deinde
2200 2712 2267 2750 ne
2292 2697 2438 2750 dicas
2471 2697 2639 2763 ipsum
2672 2707 2805 2762 quos
2845 2692 2955 2744 vult
2998 2699 3235 2743 mortuos
3282 2689 3542 2742 suscitare

1963 2803 2017 2848 et
2051 2790 2336 2850 vivificare,
2381 2789 2472 2841 sed
2521 2788 2620 2841 alia
2666 2801 2769 2839 non
2818 2784 3035 2852 perinde
3083 2783 3279 2844 facere,
3324 2792 3373 2835 et
3408 2781 3543 2834 hanc

1966 2884 2319 2953 ohjectionent
2350 2880 2621 2950 depellere
2650 2885 2875 2944 occupat
2908 2876 2988 2928 his
3016 2875 3192 2928 verbis
3228 2893 3241 2927 :
3279 2874 3546 2939 Quaecum—

1966 2992 2061 3044 que
2090 2975 2177 3027 ille
2200 2974 2393 3043 fecerit,
2424 2972 2529 3023 Ita'c
2559 2979 2603 3022 et
2635 2966 2797 3020 Filius
2823 2966 3054 3019 similiter
3082 2966 3241 3035 facit;
3267 2964 3547 3018 declarans

1969 3082 2025 3119 se
2071 3064 2246 3117 omnia
2295 3077 2411 3129 quae
2461 3061 2548 3113 ille
2595 3059 2718 3112 facit
2762 3058 3008 3111 similiter
3050 3055 3259 3117 facere;
3308 3063 3549 3107 mortuos

1970 3171 2162 3225 nempe
2205 3155 2485 3217 suscitare,
2527 3166 2751 3219 corpora
2800 3148 3055 3213 formare,
3110 3155 3326 3216 peccata
3360 3146 3550 3199 remit-

1974 3258 2106 3313 tere,
2137 3256 2191 3300 et
2221 3245 2428 3315 quidvis
2457 3243 2617 3305 aliud,
2653 3241 2872 3313 perinde
2896 3250 3056 3310 atque
3084 3240 3240 3293 Pater
3272 3248 3549 3308 operatur,

1972 3340 2169 3394 facere.

2044 3431 2095 3485 5.
2128 3429 2321 3483 Verum
2366 3427 2449 3481 his
2495 3428 2730 3481 animum
2760 3440 2864 3478 non
2894 3422 3148 3477 adhibent
3192 3422 3226 3476 ii
3270 3421 3360 3491 qui
3400 3435 3551 3475 suam

1975 3523 2246 3592 negligunt
2277 3521 2499 3573 salutem
2535 3539 2546 3572 :
2584 3528 2786 3571 tantum
2827 3517 3022 3570 malum
3053 3524 3154 3581 est,
3180 3513 3555 3584 praecellentia:

1975 3634 2141 3671 amor.
2174 3616 2285 3669 Hoc
2317 3615 2545 3667 hatreses
2575 3612 2796 3682 peperit,
2843 3610 2942 3663 hoc
2984 3608 3257 3679 gentilium
3297 3607 3555 3674 impieta-

1979 3720 2082 3763 tem
2112 3709 2362 3761 lirmavit.
2391 3706 2529 3759 Deus
2556 3702 2769 3772 quidem
2792 3700 3005 3754 volebat
3027 3697 3309 3752 invisibilia
3337 3712 3431 3751 sua
3456 3711 3554 3765 per

1978 3800 2157 3855 tnundi
2197 3799 2521 3854 creationem
2565 3792 2784 3862 intelligi
2816 3811 2831 3848 :
2862 3791 2935 3844 illi
2965 3804 3092 3844 vero
3124 3789 3206 3841 his
3236 3788 3468 3849 omissis,
3501 3795 3557 3840 et

1979 3898 2115 3950 hanc
2153 3894 2500 3963 dedignantes
2544 3888 2860 3950 doctrinam,
2891 3884 3111 3936 alteram
3156 3880 3257 3934 sibi
3300 3894 3556 3948 paravere

1980 3990 2115 4041 viam
2143 4003 2157 4046 ;
2190 3992 2509 4055 quapropter
2538 3996 2568 4035 a
2598 3994 2725 4032 vera
2752 3978 2833 4030 via
2865 3976 3199 4029 aberrarunt.
3225 3971 3349 4025 Ideo
3387 3969 3555 4023 Judmi

1981 4097 2085 4134 non
2118 4078 2474 4136 crediderunt,
2508 4073 2691 4143 gloriae
2721 4071 2964 4123 humana:
2992 4066 3166 4135 cupidi
3191 4082 3206 4130 ;
3236 4065 3377 4119 illam
3405 4079 3554 4130 vero,

1980 4187 2097 4242 qum
2126 4185 2154 4223 a
2184 4170 2293 4223 Deo
2323 4177 2423 4229 est,
2454 4165 2675 4235 gloriam
2706 4177 2811 4215 non
2843 4169 3164 4228 quarrentes.

2052 4264 2231 4317 Inanis
2257 4262 2419 4331 gloria
2450 4255 2709 4328 fugienda.
2732 4283 2805 4292 —
2826 4254 3019 4306 Verum
3047 4264 3165 4313 nos,
3189 4247 3387 4312 dilecti,
3416 4245 3561 4298 hunc

1983 4358 2225 4411 morbum
2258 4352 2401 4407 omni
2447 4349 2625 4402 studio
2663 4356 2714 4401 et
2769 4343 3037 4413 diligentia
3084 4340 3364 4411 fugiamus.
3413 4338 3560 4392 Licet

1984 4452 2123 4503 enim
2164 4448 2436 4500 innumera
2469 4441 2633 4511 probe
2675 4438 3018 4508 gesserimus,
3047 4435 3161 4488 haec
3201 4433 3379 4486 omnia
3414 4446 3562 4484 vana:

1983 4543 2166 4613 gloria:
2188 4538 2449 4610 pernicies
2473 4531 2827 4589 lahefactabit;
2856 4530 2910 4584 Si
2941 4544 3068 4598 ergo
3094 4527 3157 4580 ad
3180 4525 3364 4579 laudes
3392 4525 3562 4594 respi-

1985 4637 2206 4695 ciamus,
2233 4632 2348 4685 illas
2387 4640 2690 4698 quaeramus
2728 4639 2845 4693 qum
2872 4637 2901 4675 a
2933 4623 3041 4675 Deo
3068 4628 3212 4673 sunt.
3245 4618 3386 4672 Laus
3415 4618 3559 4671 enim

1987 4726 2285 4787 hominum,
2314 4721 2713 4791 qualiscumque
2743 4714 2924 4781 fuerit,
2954 4712 3127 4765 statim
3156 4719 3314 4778 atque
3342 4718 3563 4778 apparet

1987 4818 2274 4875 evanescit.
2308 4815 2415 4869 Etsi
2442 4824 2617 4866 autem
2662 4824 2764 4863 non
2812 4809 3030 4877 periret,
3078 4803 3209 4857 nihil
3236 4806 3398 4857 certe'
3430 4801 3563 4855 lucri

1989 4909 2141 4965 nobis
2171 4909 2403 4969 afferret,
2433 4916 2486 4959 et
2508 4920 2574 4958 ex
2599 4910 2854 4968 corrupto
2897 4913 3039 4967 saepe
3063 4896 3265 4967 judicio
3294 4896 3559 4964 provenit.

1988 5001 2121 5068 Quid
2166 4999 2307 5054 enim
2360 5006 2463 5050 tam
2501 4991 2813 5047 admirabile
2861 4989 3086 5041 humana
3136 4986 3301 5053 gloria
3348 4984 3562 5049 habeat,

1990 5109 2090 5161 qua
2123 5090 2367 5144 fruuntur
2409 5094 2461 5139 et
2486 5085 2738 5139 saltantes
2764 5082 3008 5148 juvenes,
3038 5088 3093 5133 et
3120 5077 3404 5146 impudica:
3433 5092 3556 5129 mu-

1990 5184 2169 5245 lieres,
2214 5188 2266 5233 ct
2295 5178 2435 5230 avari
2487 5190 2646 5244 atque
2692 5171 2970 5241 raptores?
3015 5170 3113 5237 Qui
3161 5179 3336 5223 autem
3384 5184 3412 5221 a
3458 5168 3567 5221 Deo

1990 5274 2257 5338 laudatur,
2285 5287 2389 5324 non
2428 5283 2547 5323 cum
2579 5266 2680 5329 his,
2709 5264 2799 5319 sed
2827 5280 2948 5319 cum
2978 5263 3176 5316 sanctis
3206 5260 3307 5314 illis
3330 5258 3564 5312 admira-

1992 5365 2118 5419 tioni
2147 5363 2389 5420 habetur.
2422 5375 2542 5413 cum
2568 5357 2841 5425 prophetis
2869 5369 3061 5423 nempe
3090 5361 3145 5407 et
3169 5349 3443 5419 apostolis,
3475 5349 3567 5418 qui

1990 5458 2279 5525 angelicam
2323 5454 2521 5507 duxere
2573 5452 2755 5505 vitam.
2797 5449 2947 5515 Quod
2999 5449 3041 5501 si
3089 5445 3294 5499 turbam
3333 5444 3566 5497 circum.

1991 5548 2185 5602 dueere
2214 5555 2267 5599 et
2293 5544 2489 5613 suspici
2518 5552 2784 5611 Optamus,
2808 5539 2937 5593 illttd
2959 5536 3083 5608 quid
3106 5537 3174 5591 sit
3199 5535 3563 5606 exploremus,

1991 5653 2054 5694 ac
2082 5636 2277 5691 nullius
2304 5636 2456 5707 pretii
2484 5649 2604 5690 esse
2627 5628 3113 5701 deprehendetnus.
3150 5626 3267 5682 Uno
3296 5625 3484 5693 verbo,
3516 5624 3564 5682 si

2055 5816 2074 5848 ³
2109 5813 2198 5863 Alii
2220 5812 2409 5878 legunt,
2450 5816 2658 5872 curaret,
2682 5823 2785 5874 pro,
2807 5812 3137 5871 compesceret.
