  <div class='ocr_page' id='page_1' title='image "/cluster/home/n/w/nwhite01/storage/ocr_20150623/59/nnc1.0046979891/215.png"; bbox 0 0 4100 6364; ppageno 0'>
   <div class='ocr_carea' id='block_1_1' title="bbox 548 311 652 372">
    <p class='ocr_par' dir='ltr' id='par_1_1' title="bbox 548 311 652 372">
     <span class='ocr_line' id='line_1_1' title="bbox 548 311 652 372; baseline 0.048 -5"><span class='ocrx_word' id='word_1_1' title='bbox 548 311 652 372; x_wconf 78' lang='grc'><strong>219</strong></span> 
     </span>
    </p>
   </div>
   <div class='ocr_carea' id='block_1_2' title="bbox 548 425 2121 503">
    <p class='ocr_par' dir='ltr' id='par_1_2' title="bbox 548 425 2121 503">
     <span class='ocr_line' id='line_1_2' title="bbox 548 425 2121 503; baseline 0.007 -22"><span class='ocrx_word' id='word_1_2' title='bbox 548 425 755 482; x_wconf 98' lang='lat' dir='ltr'><strong>turbam</strong></span> <span class='ocrx_word' id='word_1_3' title='bbox 782 444 951 496; x_wconf 87' lang='lat' dir='ltr'><strong>amas,</strong></span> <span class='ocrx_word' id='word_1_4' title='bbox 993 432 1304 503; x_wconf 82' lang='lat' dir='ltr'><strong>angelorum</strong></span> <span class='ocrx_word' id='word_1_5' title='bbox 1351 434 1742 490; x_wconf 75' lang='lat' dir='ltr'><strong>multitudinem</strong></span> <span class='ocrx_word' id='word_1_6' title='bbox 1772 436 1866 491; x_wconf 89' lang='lat' dir='ltr'><strong>tibi</strong></span> <span class='ocrx_word' id='word_1_7' title='bbox 1891 437 2121 501; x_wconf 81' lang='lat' dir='ltr'><strong>attrahe,</strong></span> 
     </span>
    </p>
   </div>
   <div class='ocr_carea' id='block_1_3' title="bbox 545 517 2126 588">
    <p class='ocr_par' dir='ltr' id='par_1_3' title="bbox 545 517 2126 588">
     <span class='ocr_line' id='line_1_3' title="bbox 545 517 2126 588; baseline 0.007 -16"><span class='ocrx_word' id='word_1_8' title='bbox 545 526 603 572; x_wconf 90' lang='lat' dir='ltr'><strong>et</strong></span> <span class='ocrx_word' id='word_1_9' title='bbox 629 517 965 576; x_wconf 72' lang='lat' dir='ltr'><strong>dtemonibus</strong></span> <span class='ocrx_word' id='word_1_10' title='bbox 990 525 1239 579; x_wconf 82' lang='lat' dir='ltr'><strong>terribilis</strong></span> <span class='ocrx_word' id='word_1_11' title='bbox 1266 534 1402 588; x_wconf 90' lang='lat' dir='ltr'><strong>esto,</strong></span> <span class='ocrx_word' id='word_1_12' title='bbox 1435 536 1488 579; x_wconf 91' lang='lat' dir='ltr'><strong>et</strong></span> <span class='ocrx_word' id='word_1_13' title='bbox 1508 527 1584 580; x_wconf 91' lang='lat' dir='ltr'><strong>sic</strong></span> <span class='ocrx_word' id='word_1_14' title='bbox 1615 527 1888 581; x_wconf 85' lang='lat' dir='ltr'><strong>hominum</strong></span> <span class='ocrx_word' id='word_1_15' title='bbox 1927 530 2126 584; x_wconf 89' lang='lat' dir='ltr'><strong>nullam</strong></span> 
     </span>
    </p>
   </div>
   <div class='ocr_carea' id='block_1_4' title="bbox 546 605 2126 687">
    <p class='ocr_par' dir='ltr' id='par_1_4' title="bbox 546 605 2126 687">
     <span class='ocr_line' id='line_1_4' title="bbox 546 605 2126 687; baseline 0.009 -28"><span class='ocrx_word' id='word_1_16' title='bbox 546 605 767 663; x_wconf 78' lang='lat' dir='ltr'><strong>habebis</strong></span> <span class='ocrx_word' id='word_1_17' title='bbox 800 611 1097 676; x_wconf 86' lang='lat' dir='ltr'><strong>rationem;</strong></span> <span class='ocrx_word' id='word_1_18' title='bbox 1144 614 1238 669; x_wconf 91' lang='lat' dir='ltr'><strong>sed</strong></span> <span class='ocrx_word' id='word_1_19' title='bbox 1285 616 1461 669; x_wconf 85' lang='lat' dir='ltr'><strong>omnia</strong></span> <span class='ocrx_word' id='word_1_20' title='bbox 1505 617 1663 670; x_wconf 89' lang='lat' dir='ltr'><strong>etiam</strong></span> <span class='ocrx_word' id='word_1_21' title='bbox 1694 633 1813 687; x_wconf 70' lang='lat' dir='ltr'><strong>quae</strong></span> <span class='ocrx_word' id='word_1_22' title='bbox 1851 619 2126 683; x_wconf 87' lang='lat' dir='ltr'><strong>splendida</strong></span> 
     </span>
    </p>
   </div>
   <div class='ocr_carea' id='block_1_5' title="bbox 542 700 2127 779">
    <p class='ocr_par' dir='ltr' id='par_1_5' title="bbox 542 700 2127 779">
     <span class='ocr_line' id='line_1_5' title="bbox 542 700 2127 779; baseline 0.008 -27"><span class='ocrx_word' id='word_1_23' title='bbox 542 700 816 769; x_wconf 90' lang='lat' dir='ltr'><strong>videntur,</strong></span> <span class='ocrx_word' id='word_1_24' title='bbox 867 705 936 758; x_wconf 87' lang='lat' dir='ltr'><strong>ita</strong></span> <span class='ocrx_word' id='word_1_25' title='bbox 985 706 1217 761; x_wconf 82' lang='lat' dir='ltr'><strong>calcabis</strong></span> <span class='ocrx_word' id='word_1_26' title='bbox 1257 718 1317 761; x_wconf 92' lang='lat' dir='ltr'><strong>ut</strong></span> <span class='ocrx_word' id='word_1_27' title='bbox 1365 723 1577 763; x_wconf 77' lang='lat' dir='ltr'><strong>etenum</strong></span> <span class='ocrx_word' id='word_1_28' title='bbox 1625 718 1784 779; x_wconf 89' lang='lat' dir='ltr'><strong>atque</strong></span> <span class='ocrx_word' id='word_1_29' title='bbox 1827 710 1993 764; x_wconf 91' lang='lat' dir='ltr'><strong>lutum</strong></span> <span class='ocrx_word' id='word_1_30' title='bbox 2029 730 2042 765; x_wconf 94' lang='lat'><strong>:</strong></span> <span class='ocrx_word' id='word_1_31' title='bbox 2073 721 2127 766; x_wconf 86' lang='lat' dir='ltr'><strong>et</strong></span> 
     </span>
    </p>
   </div>
   <div class='ocr_carea' id='block_1_6' title="bbox 544 795 2127 870">
    <p class='ocr_par' dir='ltr' id='par_1_6' title="bbox 544 795 2127 870">
     <span class='ocr_line' id='line_1_6' title="bbox 544 795 2127 870; baseline 0.007 -25"><span class='ocrx_word' id='word_1_32' title='bbox 544 800 670 847; x_wconf 92' lang='lat' dir='ltr'><strong>tunc</strong></span> <span class='ocrx_word' id='word_1_33' title='bbox 698 795 843 849; x_wconf 89' lang='lat' dir='ltr'><strong>clare</strong></span> <span class='ocrx_word' id='word_1_34' title='bbox 890 796 1100 851; x_wconf 84' lang='lat' dir='ltr'><strong>videbis</strong></span> <span class='ocrx_word' id='word_1_35' title='bbox 1148 798 1280 853; x_wconf 89' lang='lat' dir='ltr'><strong>nihil</strong></span> <span class='ocrx_word' id='word_1_36' title='bbox 1326 800 1558 853; x_wconf 88' lang='lat' dir='ltr'><strong>animam</strong></span> <span class='ocrx_word' id='word_1_37' title='bbox 1591 803 1661 854; x_wconf 92' lang='lat' dir='ltr'><strong>ita</strong></span> <span class='ocrx_word' id='word_1_38' title='bbox 1711 801 2018 870; x_wconf 89' lang='lat' dir='ltr'><strong>deturpare,</strong></span> <span class='ocrx_word' id='word_1_39' title='bbox 2066 810 2127 856; x_wconf 91' lang='lat' dir='ltr'><strong>ut</strong></span> 
     </span>
    </p>
   </div>
   <div class='ocr_carea' id='block_1_7' title="bbox 539 884 2125 963">
    <p class='ocr_par' dir='ltr' id='par_1_7' title="bbox 539 884 2125 963">
     <span class='ocr_line' id='line_1_7' title="bbox 539 884 2125 963; baseline 0.008 -26"><span class='ocrx_word' id='word_1_40' title='bbox 539 884 724 953; x_wconf 62' lang='lat' dir='ltr'><strong>gloriae</strong></span> <span class='ocrx_word' id='word_1_41' title='bbox 752 902 1010 943; x_wconf 83' lang='lat' dir='ltr'><strong>amorem.</strong></span> <span class='ocrx_word' id='word_1_42' title='bbox 1044 889 1159 944; x_wconf 84' lang='lat' dir='ltr'><strong>Non</strong></span> <span class='ocrx_word' id='word_1_43' title='bbox 1209 900 1382 959; x_wconf 88' lang='lat' dir='ltr'><strong>potest</strong></span> <span class='ocrx_word' id='word_1_44' title='bbox 1404 893 1566 955; x_wconf 90' lang='lat' dir='ltr'><strong>enim,</strong></span> <span class='ocrx_word' id='word_1_45' title='bbox 1603 908 1706 946; x_wconf 91' lang='lat' dir='ltr'><strong>non</strong></span> <span class='ocrx_word' id='word_1_46' title='bbox 1738 902 1913 963; x_wconf 79' lang='lat' dir='ltr'><strong>potest</strong></span> <span class='ocrx_word' id='word_1_47' title='bbox 1943 895 2125 963; x_wconf 92' lang='lat' dir='ltr'><strong>utique</strong></span> 
     </span>
    </p>
   </div>
   <div class='ocr_carea' id='block_1_8' title="bbox 540 980 2121 1054">
    <p class='ocr_par' dir='ltr' id='par_1_8' title="bbox 540 980 2121 1054">
     <span class='ocr_line' id='line_1_8' title="bbox 540 980 2121 1054; baseline 0.009 -27"><span class='ocrx_word' id='word_1_48' title='bbox 540 992 691 1033; x_wconf 71' lang='lat' dir='ltr'><strong>vana:</strong></span> <span class='ocrx_word' id='word_1_49' title='bbox 719 980 901 1049; x_wconf 63' lang='lat' dir='ltr'><strong>gloria:</strong></span> <span class='ocrx_word' id='word_1_50' title='bbox 931 992 1138 1037; x_wconf 89' lang='lat' dir='ltr'><strong>amator</strong></span> <span class='ocrx_word' id='word_1_51' title='bbox 1166 985 1326 1037; x_wconf 88' lang='lat' dir='ltr'><strong>vitam</strong></span> <span class='ocrx_word' id='word_1_52' title='bbox 1371 986 1608 1039; x_wconf 88' lang='lat' dir='ltr'><strong>cruciatu</strong></span> <span class='ocrx_word' id='word_1_53' title='bbox 1642 986 1848 1054; x_wconf 88' lang='lat' dir='ltr'><strong>plenam</strong></span> <span class='ocrx_word' id='word_1_54' title='bbox 1877 1003 1984 1041; x_wconf 90' lang='lat' dir='ltr'><strong>non</strong></span> <span class='ocrx_word' id='word_1_55' title='bbox 2013 987 2121 1041; x_wconf 91' lang='lat' dir='ltr'><strong>du-</strong></span> 
     </span>
    </p>
   </div>
   <div class='ocr_carea' id='block_1_9' title="bbox 538 1071 2121 1146">
    <p class='ocr_par' dir='ltr' id='par_1_9' title="bbox 538 1071 2121 1146">
     <span class='ocr_line' id='line_1_9' title="bbox 538 1071 2121 1146; baseline 0.006 -25"><span class='ocrx_word' id='word_1_56' title='bbox 538 1083 663 1124; x_wconf 90' lang='lat' dir='ltr'><strong>cere</strong></span> <span class='ocrx_word' id='word_1_57' title='bbox 683 1071 700 1101; x_wconf 76' lang='grc'>⁸</span> <span class='ocrx_word' id='word_1_58' title='bbox 726 1087 740 1135; x_wconf 90' lang='lat'><strong>;</strong></span> <span class='ocrx_word' id='word_1_59' title='bbox 770 1072 902 1125; x_wconf 89' lang='lat' dir='ltr'><strong>sicut</strong></span> <span class='ocrx_word' id='word_1_60' title='bbox 931 1076 1090 1128; x_wconf 90' lang='lat' dir='ltr'><strong>etiam</strong></span> <span class='ocrx_word' id='word_1_61' title='bbox 1118 1075 1206 1143; x_wconf 92' lang='lat' dir='ltr'><strong>qui</strong></span> <span class='ocrx_word' id='word_1_62' title='bbox 1238 1075 1380 1129; x_wconf 89' lang='lat' dir='ltr'><strong>illam</strong></span> <span class='ocrx_word' id='word_1_63' title='bbox 1407 1076 1598 1141; x_wconf 89' lang='lat' dir='ltr'><strong>calcat,</strong></span> <span class='ocrx_word' id='word_1_64' title='bbox 1632 1092 1737 1131; x_wconf 92' lang='lat' dir='ltr'><strong>non</strong></span> <span class='ocrx_word' id='word_1_65' title='bbox 1784 1086 1957 1146; x_wconf 86' lang='lat' dir='ltr'><strong>potest</strong></span> <span class='ocrx_word' id='word_1_66' title='bbox 1992 1078 2121 1131; x_wconf 90' lang='lat' dir='ltr'><strong>.vitia</strong></span> 
     </span>
    </p>
   </div>
   <div class='ocr_carea' id='block_1_10' title="bbox 537 1159 2120 1237">
    <p class='ocr_par' dir='ltr' id='par_1_10' title="bbox 537 1159 2120 1237">
     <span class='ocr_line' id='line_1_10' title="bbox 537 1159 2120 1237; baseline 0.006 -26"><span class='ocrx_word' id='word_1_67' title='bbox 537 1159 701 1213; x_wconf 89' lang='lat' dir='ltr'><strong>multa</strong></span> <span class='ocrx_word' id='word_1_68' title='bbox 730 1176 835 1215; x_wconf 94' lang='lat' dir='ltr'><strong>non</strong></span> <span class='ocrx_word' id='word_1_69' title='bbox 881 1164 1211 1218; x_wconf 84' lang='lat' dir='ltr'><strong>conculcare.</strong></span> <span class='ocrx_word' id='word_1_70' title='bbox 1248 1164 1377 1219; x_wconf 85' lang='lat' dir='ltr'><strong>Nam</strong></span> <span class='ocrx_word' id='word_1_71' title='bbox 1406 1166 1496 1235; x_wconf 88' lang='lat' dir='ltr'><strong>qui</strong></span> <span class='ocrx_word' id='word_1_72' title='bbox 1537 1183 1727 1219; x_wconf 87' lang='lat' dir='ltr'><strong>vanam</strong></span> <span class='ocrx_word' id='word_1_73' title='bbox 1759 1168 1983 1237; x_wconf 77' lang='lat' dir='ltr'><strong>gloriam</strong></span> <span class='ocrx_word' id='word_1_74' title='bbox 2024 1183 2120 1221; x_wconf 90' lang='lat' dir='ltr'><strong>su-</strong></span> 
     </span>
    </p>
   </div>
   <div class='ocr_carea' id='block_1_11' title="bbox 536 1254 2121 1329">
    <p class='ocr_par' dir='ltr' id='par_1_11' title="bbox 536 1254 2121 1329">
     <span class='ocr_line' id='line_1_11' title="bbox 536 1254 2121 1329; baseline 0.007 -26"><span class='ocrx_word' id='word_1_75' title='bbox 536 1254 761 1320; x_wconf 83' lang='lat' dir='ltr'><strong>peravit,</strong></span> <span class='ocrx_word' id='word_1_76' title='bbox 794 1255 1063 1320; x_wconf 82' lang='lat' dir='ltr'><strong>invidiam,</strong></span> <span class='ocrx_word' id='word_1_77' title='bbox 1115 1257 1455 1326; x_wconf 85' lang='lat' dir='ltr'><strong>pecuniarum</strong></span> <span class='ocrx_word' id='word_1_78' title='bbox 1494 1273 1753 1323; x_wconf 87' lang='lat' dir='ltr'><strong>amorem,</strong></span> <span class='ocrx_word' id='word_1_79' title='bbox 1793 1268 2121 1329; x_wconf 66' lang='lat' dir='ltr'><strong>carterosque</strong></span> 
     </span>
    </p>
   </div>
   <div class='ocr_carea' id='block_1_12' title="bbox 535 1345 2120 1418">
    <p class='ocr_par' dir='ltr' id='par_1_12' title="bbox 535 1345 2120 1418">
     <span class='ocr_line' id='line_1_12' title="bbox 535 1345 2120 1418; baseline 0.005 -23"><span class='ocrx_word' id='word_1_80' title='bbox 535 1345 877 1412; x_wconf 83' lang='lat' dir='ltr'><strong>gravissimos</strong></span> <span class='ocrx_word' id='word_1_81' title='bbox 907 1349 1121 1401; x_wconf 87' lang='lat' dir='ltr'><strong>morbos</strong></span> <span class='ocrx_word' id='word_1_82' title='bbox 1158 1348 1467 1402; x_wconf 89' lang='lat' dir='ltr'><strong>devicturns</strong></span> <span class='ocrx_word' id='word_1_83' title='bbox 1493 1361 1591 1403; x_wconf 89' lang='lat' dir='ltr'><strong>est.</strong></span> <span class='ocrx_word' id='word_1_84' title='bbox 1618 1349 1684 1403; x_wconf 86' lang='lat' dir='ltr'><strong>Et</strong></span> <span class='ocrx_word' id='word_1_85' title='bbox 1721 1352 2006 1418; x_wconf 88' lang='lat' dir='ltr'><strong>quomodo,</strong></span> <span class='ocrx_word' id='word_1_86' title='bbox 2038 1351 2120 1403; x_wconf 88' lang='lat' dir='ltr'><strong>iu-</strong></span> 
     </span>
    </p>
   </div>
   <div class='ocr_carea' id='block_1_13' title="bbox 534 1435 2118 1512">
    <p class='ocr_par' dir='ltr' id='par_1_13' title="bbox 534 1435 2118 1512">
     <span class='ocr_line' id='line_1_13' title="bbox 534 1435 2118 1512; baseline 0.005 -27"><span class='ocrx_word' id='word_1_87' title='bbox 534 1435 706 1503; x_wconf 82' lang='lat' dir='ltr'><strong>quies,</strong></span> <span class='ocrx_word' id='word_1_88' title='bbox 754 1437 896 1490; x_wconf 89' lang='lat' dir='ltr'><strong>illam</strong></span> <span class='ocrx_word' id='word_1_89' title='bbox 931 1440 1336 1507; x_wconf 87' lang='lat' dir='ltr'><strong>superabitnus?</strong></span> <span class='ocrx_word' id='word_1_90' title='bbox 1370 1440 1423 1495; x_wconf 89' lang='lat' dir='ltr'><strong>Si</strong></span> <span class='ocrx_word' id='word_1_91' title='bbox 1469 1442 1623 1494; x_wconf 90' lang='lat' dir='ltr'><strong>aliam</strong></span> <span class='ocrx_word' id='word_1_92' title='bbox 1672 1450 1971 1507; x_wconf 83' lang='lat' dir='ltr'><strong>spectemus</strong></span> <span class='ocrx_word' id='word_1_93' title='bbox 2000 1442 2118 1512; x_wconf 85' lang='lat' dir='ltr'><strong>glo-</strong></span> 
     </span>
    </p>
   </div>
   <div class='ocr_carea' id='block_1_14' title="bbox 532 1526 2117 1601">
    <p class='ocr_par' dir='ltr' id='par_1_14' title="bbox 532 1526 2117 1601">
     <span class='ocr_line' id='line_1_14' title="bbox 532 1526 2117 1601; baseline 0.005 -24"><span class='ocrx_word' id='word_1_94' title='bbox 532 1526 695 1591; x_wconf 85' lang='lat' dir='ltr'><strong>riam;</strong></span> <span class='ocrx_word' id='word_1_95' title='bbox 721 1527 820 1582; x_wconf 93' lang='lat' dir='ltr'><strong>hoc</strong></span> <span class='ocrx_word' id='word_1_96' title='bbox 848 1539 930 1582; x_wconf 83' lang='lat' dir='ltr'><strong>est</strong></span> <span class='ocrx_word' id='word_1_97' title='bbox 954 1532 1241 1595; x_wconf 70' lang='lat' dir='ltr'><strong>cadestem,</strong></span> <span class='ocrx_word' id='word_1_98' title='bbox 1275 1548 1303 1584; x_wconf 89' lang='lat' dir='ltr'><strong>a</strong></span> <span class='ocrx_word' id='word_1_99' title='bbox 1333 1548 1432 1601; x_wconf 91' lang='lat' dir='ltr'><strong>qua</strong></span> <span class='ocrx_word' id='word_1_100' title='bbox 1464 1548 1560 1587; x_wconf 90' lang='lat' dir='ltr'><strong>nos</strong></span> <span class='ocrx_word' id='word_1_101' title='bbox 1592 1532 1706 1586; x_wconf 71' lang='lat' dir='ltr'><strong>lucc</strong></span> <span class='ocrx_word' id='word_1_102' title='bbox 1735 1533 1929 1595; x_wconf 77' lang='lat' dir='ltr'><strong>eiicere</strong></span> <span class='ocrx_word' id='word_1_103' title='bbox 1957 1548 2117 1586; x_wconf 87' lang='lat' dir='ltr'><strong>cona-</strong></span> 
     </span>
    </p>
   </div>
   <div class='ocr_carea' id='block_1_15' title="bbox 534 1619 2110 1691">
    <p class='ocr_par' dir='ltr' id='par_1_15' title="bbox 534 1619 2110 1691">
     <span class='ocr_line' id='line_1_15' title="bbox 534 1619 2110 1691; baseline 0.004 -21"><span class='ocrx_word' id='word_1_104' title='bbox 534 1626 638 1671; x_wconf 89' lang='lat' dir='ltr'><strong>tur.</strong></span> <span class='ocrx_word' id='word_1_105' title='bbox 667 1619 761 1673; x_wconf 91' lang='lat' dir='ltr'><strong>llla</strong></span> <span class='ocrx_word' id='word_1_106' title='bbox 798 1622 938 1674; x_wconf 91' lang='lat' dir='ltr'><strong>enim</strong></span> <span class='ocrx_word' id='word_1_107' title='bbox 981 1638 1078 1676; x_wconf 92' lang='lat' dir='ltr'><strong>nos</strong></span> <span class='ocrx_word' id='word_1_108' title='bbox 1119 1632 1172 1676; x_wconf 91' lang='lat' dir='ltr'><strong>et</strong></span> <span class='ocrx_word' id='word_1_109' title='bbox 1205 1624 1255 1676; x_wconf 91' lang='lat' dir='ltr'><strong>in</strong></span> <span class='ocrx_word' id='word_1_110' title='bbox 1291 1622 1389 1677; x_wconf 87' lang='lat' dir='ltr'><strong>hac</strong></span> <span class='ocrx_word' id='word_1_111' title='bbox 1432 1624 1537 1676; x_wconf 92' lang='lat' dir='ltr'><strong>vita</strong></span> <span class='ocrx_word' id='word_1_112' title='bbox 1575 1623 1892 1691; x_wconf 89' lang='lat' dir='ltr'><strong>conspicuos</strong></span> <span class='ocrx_word' id='word_1_113' title='bbox 1930 1623 2110 1687; x_wconf 81' lang='lat' dir='ltr'><strong>efficit,</strong></span> 
     </span>
    </p>
   </div>
   <div class='ocr_carea' id='block_1_16' title="bbox 532 1712 2113 1783">
    <p class='ocr_par' dir='ltr' id='par_1_16' title="bbox 532 1712 2113 1783">
     <span class='ocr_line' id='line_1_16' title="bbox 532 1712 2113 1783; baseline 0.004 -20"><span class='ocrx_word' id='word_1_114' title='bbox 532 1722 587 1764; x_wconf 90' lang='lat' dir='ltr'><strong>et</strong></span> <span class='ocrx_word' id='word_1_115' title='bbox 611 1712 675 1765; x_wconf 89' lang='lat' dir='ltr'><strong>ad</strong></span> <span class='ocrx_word' id='word_1_116' title='bbox 700 1712 927 1767; x_wconf 90' lang='lat' dir='ltr'><strong>futuram</strong></span> <span class='ocrx_word' id='word_1_117' title='bbox 954 1714 1112 1769; x_wconf 85' lang='lat' dir='ltr'><strong>vitam</strong></span> <span class='ocrx_word' id='word_1_118' title='bbox 1144 1716 1419 1770; x_wconf 85' lang='lat' dir='ltr'><strong>nobiscum</strong></span> <span class='ocrx_word' id='word_1_119' title='bbox 1449 1716 1637 1783; x_wconf 77' lang='lat' dir='ltr'><strong>pergit,</strong></span> <span class='ocrx_word' id='word_1_120' title='bbox 1677 1724 1835 1783; x_wconf 85' lang='lat' dir='ltr'><strong>atque</strong></span> <span class='ocrx_word' id='word_1_121' title='bbox 1874 1715 1940 1769; x_wconf 88' lang='lat' dir='ltr'><strong>ab</strong></span> <span class='ocrx_word' id='word_1_122' title='bbox 1966 1716 2113 1769; x_wconf 88' lang='lat' dir='ltr'><strong>omni</strong></span> 
     </span>
    </p>
   </div>
   <div class='ocr_carea' id='block_1_17' title="bbox 531 1804 2113 1861">
    <p class='ocr_par' dir='ltr' id='par_1_17' title="bbox 531 1804 2113 1861">
     <span class='ocr_line' id='line_1_17' title="bbox 531 1804 2113 1861; baseline 0.004 -7"><span class='ocrx_word' id='word_1_123' title='bbox 531 1805 785 1856; x_wconf 90' lang='lat' dir='ltr'><strong>servitute</strong></span> <span class='ocrx_word' id='word_1_124' title='bbox 814 1805 1011 1857; x_wconf 79' lang='lat' dir='ltr'><strong>carnali</strong></span> <span class='ocrx_word' id='word_1_125' title='bbox 1045 1821 1142 1859; x_wconf 90' lang='lat' dir='ltr'><strong>nos</strong></span> <span class='ocrx_word' id='word_1_126' title='bbox 1176 1805 1381 1859; x_wconf 84' lang='lat' dir='ltr'><strong>liberat.</strong></span> <span class='ocrx_word' id='word_1_127' title='bbox 1418 1804 1575 1860; x_wconf 91' lang='lat' dir='ltr'><strong>Carni</strong></span> <span class='ocrx_word' id='word_1_128' title='bbox 1607 1806 1800 1860; x_wconf 87' lang='lat' dir='ltr'><strong>misere</strong></span> <span class='ocrx_word' id='word_1_129' title='bbox 1827 1821 1967 1861; x_wconf 90' lang='lat' dir='ltr'><strong>nunc</strong></span> <span class='ocrx_word' id='word_1_130' title='bbox 1994 1821 2113 1861; x_wconf 89' lang='lat' dir='ltr'><strong>ser-</strong></span> 
     </span>
    </p>
   </div>
   <div class='ocr_carea' id='block_1_18' title="bbox 531 1893 2109 1965">
    <p class='ocr_par' dir='ltr' id='par_1_18' title="bbox 531 1893 2109 1965">
     <span class='ocr_line' id='line_1_18' title="bbox 531 1893 2109 1965; baseline 0.004 -22"><span class='ocrx_word' id='word_1_131' title='bbox 531 1893 723 1954; x_wconf 82' lang='lat' dir='ltr'><strong>vimus,</strong></span> <span class='ocrx_word' id='word_1_132' title='bbox 755 1904 909 1948; x_wconf 74' lang='lat' dir='ltr'><strong>terrte</strong></span> <span class='ocrx_word' id='word_1_133' title='bbox 943 1898 1271 1965; x_wconf 86' lang='lat' dir='ltr'><strong>terrenisque</strong></span> <span class='ocrx_word' id='word_1_134' title='bbox 1292 1897 1452 1951; x_wconf 84' lang='lat' dir='ltr'><strong>rebus</strong></span> <span class='ocrx_word' id='word_1_135' title='bbox 1478 1896 1692 1949; x_wconf 86' lang='lat' dir='ltr'><strong>addicti.</strong></span> <span class='ocrx_word' id='word_1_136' title='bbox 1718 1896 1839 1951; x_wconf 83' lang='lat' dir='ltr'><strong>Sive</strong></span> <span class='ocrx_word' id='word_1_137' title='bbox 1867 1897 1915 1949; x_wconf 92' lang='lat' dir='ltr'><strong>in</strong></span> <span class='ocrx_word' id='word_1_138' title='bbox 1940 1896 2109 1950; x_wconf 87' lang='lat' dir='ltr'><strong>forum</strong></span> 
     </span>
    </p>
   </div>
   <div class='ocr_carea' id='block_1_19' title="bbox 531 1985 2106 2054">
    <p class='ocr_par' dir='ltr' id='par_1_19' title="bbox 531 1985 2106 2054">
     <span class='ocr_line' id='line_1_19' title="bbox 531 1985 2106 2054; baseline 0.003 -16"><span class='ocrx_word' id='word_1_139' title='bbox 531 1992 582 2040; x_wconf 89' lang='lat' dir='ltr'><strong>te</strong></span> <span class='ocrx_word' id='word_1_140' title='bbox 610 1985 873 2051; x_wconf 84' lang='lat' dir='ltr'><strong>conferas,</strong></span> <span class='ocrx_word' id='word_1_141' title='bbox 910 1988 1022 2042; x_wconf 87' lang='lat' dir='ltr'><strong>sive</strong></span> <span class='ocrx_word' id='word_1_142' title='bbox 1055 1987 1269 2043; x_wconf 89' lang='lat' dir='ltr'><strong>domum</strong></span> <span class='ocrx_word' id='word_1_143' title='bbox 1302 1989 1482 2053; x_wconf 90' lang='lat' dir='ltr'><strong>intres,</strong></span> <span class='ocrx_word' id='word_1_144' title='bbox 1519 1988 1630 2043; x_wconf 88' lang='lat' dir='ltr'><strong>sive</strong></span> <span class='ocrx_word' id='word_1_145' title='bbox 1671 1990 1802 2051; x_wconf 85' lang='lat' dir='ltr'><strong>vias,</strong></span> <span class='ocrx_word' id='word_1_146' title='bbox 1832 1990 2106 2054; x_wconf 82' lang='lat' dir='ltr'><strong>stationes,</strong></span> 
     </span>
    </p>
   </div>
   <div class='ocr_carea' id='block_1_20' title="bbox 590 2159 2109 2223">
    <p class='ocr_par' dir='ltr' id='par_1_20' title="bbox 590 2159 2109 2223">
     <span class='ocr_line' id='line_1_20' title="bbox 590 2159 2109 2223; baseline 0.001 -16"><span class='ocrx_word' id='word_1_147' title='bbox 590 2160 605 2190; x_wconf 76' lang='grc'>⁸</span> <span class='ocrx_word' id='word_1_148' title='bbox 638 2166 785 2223; x_wconf 73' lang='lat' dir='ltr'><strong>.tuxta</strong></span> <span class='ocrx_word' id='word_1_149' title='bbox 810 2160 952 2210; x_wconf 87' lang='lat' dir='ltr'><strong>Savil.</strong></span> <span class='ocrx_word' id='word_1_150' title='bbox 980 2161 1244 2223; x_wconf 82' lang='lat' dir='ltr'><strong>legendum</strong></span> <span class='ocrx_word' id='word_1_151' title='bbox 1269 2168 1348 2210; x_wconf 86' lang='lat' dir='ltr'><strong>est</strong></span> <span class='ocrx_word' id='word_1_152' title='bbox 1374 2175 1386 2209; x_wconf 90' lang='lat'><strong>:</strong></span> <span class='ocrx_word' id='word_1_153' title='bbox 1409 2169 1511 2210; x_wconf 78' lang='lat' dir='ltr'><strong>Non</strong></span> <span class='ocrx_word' id='word_1_154' title='bbox 1547 2167 1698 2222; x_wconf 78' lang='lat' dir='ltr'><strong>potest</strong></span> <span class='ocrx_word' id='word_1_155' title='bbox 1738 2159 1944 2210; x_wconf 75' lang='lat' dir='ltr'><strong>enim...</strong></span> <span class='ocrx_word' id='word_1_156' title='bbox 1971 2172 2109 2223; x_wconf 74' lang='lat' dir='ltr'><strong>name</strong></span> 
     </span>
    </p>
   </div>
   <div class='ocr_carea' id='block_1_21' title="bbox 522 2220 2109 2334">
    <p class='ocr_par' dir='ltr' id='par_1_21' title="bbox 522 2220 2109 2334">
     <span class='ocr_line' id='line_1_21' title="bbox 522 2220 2109 2291; baseline 0.001 -21"><span class='ocrx_word' id='word_1_157' title='bbox 522 2220 692 2284; x_wconf 77' lang='lat' dir='ltr'><strong>gloria:</strong></span> <span class='ocrx_word' id='word_1_158' title='bbox 705 2230 889 2291; x_wconf 80' lang='lat' dir='ltr'><strong>amator</strong></span> <span class='ocrx_word' id='word_1_159' title='bbox 904 2220 1054 2272; x_wconf 74' lang='lat' dir='ltr'><strong>uitaui</strong></span> <span class='ocrx_word' id='word_1_160' title='bbox 1061 2222 1351 2286; x_wconf 69' lang='lat' dir='ltr'><strong>cruciﬁxum</strong></span> <span class='ocrx_word' id='word_1_161' title='bbox 1372 2220 1569 2284; x_wconf 86' lang='lat' dir='ltr'><strong>ducere,</strong></span> <span class='ocrx_word' id='word_1_162' title='bbox 1592 2225 1728 2287; x_wconf 88' lang='lat' dir='ltr'><strong>quasi</strong></span> <span class='ocrx_word' id='word_1_163' title='bbox 1751 2223 2017 2284; x_wconf 87' lang='lat' dir='ltr'><strong>diceretur,</strong></span> <span class='ocrx_word' id='word_1_164' title='bbox 2044 2220 2109 2272; x_wconf 71' lang='lat' dir='ltr'><strong>ri-</strong></span> 
     </span>
     <span class='ocr_line' id='line_1_22' title="bbox 525 2282 1985 2334; baseline 0.003 -1"><span class='ocrx_word' id='word_1_165' title='bbox 525 2290 624 2333; x_wconf 85' lang='lat' dir='ltr'><strong>tam</strong></span> <span class='ocrx_word' id='word_1_166' title='bbox 647 2282 973 2334; x_wconf 73' lang='lat' dir='ltr'><strong>christianum.</strong></span> <span class='ocrx_word' id='word_1_167' title='bbox 1984 2304 1985 2307; x_wconf 43' lang='grc' dir='ltr'><strong>η</strong></span> 
     </span>
    </p>
   </div>
   <div class='ocr_carea' id='block_1_22' title="bbox 1220 318 3011 396">
    <p class='ocr_par' dir='ltr' id='par_1_22' title="bbox 1220 318 3011 396">
     <span class='ocr_line' id='line_1_23' title="bbox 1220 318 3011 396; baseline 0.011 -20"><span class='ocrx_word' id='word_1_168' title='bbox 1220 318 1276 376; x_wconf 92' lang='lat' dir='ltr'><strong>S.</strong></span> <span class='ocrx_word' id='word_1_169' title='bbox 1314 320 1589 378; x_wconf 78' lang='lat' dir='ltr'><strong>JOANMS</strong></span> <span class='ocrx_word' id='word_1_170' title='bbox 1614 321 2090 380; x_wconf 77' lang='lat' dir='ltr'><strong>CHRYSOSTOMI</strong></span> <span class='ocrx_word' id='word_1_171' title='bbox 2128 327 2442 385; x_wconf 74' lang='lat' dir='ltr'><strong>ARCHIEP.</strong></span> <span class='ocrx_word' id='word_1_172' title='bbox 2482 332 3011 396; x_wconf 79' lang='lat' dir='ltr'><strong>CONSTANTINOP.</strong></span> 
     </span>
    </p>
   </div>
   <div class='ocr_carea' id='block_1_23' title="bbox 3705 350 3811 406">
    <p class='ocr_par' dir='ltr' id='par_1_23' title="bbox 3705 350 3811 406">
     <span class='ocr_line' id='line_1_24' title="bbox 3705 350 3811 406; baseline 0 -2"><span class='ocrx_word' id='word_1_173' title='bbox 3705 350 3811 406; x_wconf 73' lang='lat'><strong>2‘20</strong></span> 
     </span>
    </p>
   </div>
   <div class='ocr_carea' id='block_1_24' title="bbox 2234 441 3804 525">
    <p class='ocr_par' dir='ltr' id='par_1_24' title="bbox 2234 441 3804 525">
     <span class='ocr_line' id='line_1_25' title="bbox 2234 441 3804 525; baseline 0.015 -31"><span class='ocrx_word' id='word_1_174' title='bbox 2234 441 2529 500; x_wconf 90' lang='lat' dir='ltr'><strong>diversoria</strong></span> <span class='ocrx_word' id='word_1_175' title='bbox 2566 448 2892 519; x_wconf 77' lang='lat' dir='ltr'><strong>frequentes,</strong></span> <span class='ocrx_word' id='word_1_176' title='bbox 2923 454 2967 507; x_wconf 94' lang='lat' dir='ltr'><strong>si</strong></span> <span class='ocrx_word' id='word_1_177' title='bbox 3003 452 3177 509; x_wconf 83' lang='lat' dir='ltr'><strong>navim</strong></span> <span class='ocrx_word' id='word_1_178' title='bbox 3199 458 3547 525; x_wconf 86' lang='lat' dir='ltr'><strong>conscendas,</strong></span> <span class='ocrx_word' id='word_1_179' title='bbox 3577 461 3804 517; x_wconf 83' lang='lat' dir='ltr'><strong>insulam</strong></span> 
     </span>
    </p>
   </div>
   <div class='ocr_carea' id='block_1_25' title="bbox 2233 532 3805 613">
    <p class='ocr_par' dir='ltr' id='par_1_25' title="bbox 2233 532 3805 613">
     <span class='ocr_line' id='line_1_26' title="bbox 2233 532 3805 613; baseline 0.014 -28"><span class='ocrx_word' id='word_1_180' title='bbox 2233 532 2398 589; x_wconf 88' lang='lat' dir='ltr'><strong>adeas</strong></span> <span class='ocrx_word' id='word_1_181' title='bbox 2427 537 2508 591; x_wconf 89' lang='lat' dir='ltr'><strong>vel</strong></span> <span class='ocrx_word' id='word_1_182' title='bbox 2535 538 2709 606; x_wconf 86' lang='lat' dir='ltr'><strong>regias</strong></span> <span class='ocrx_word' id='word_1_183' title='bbox 2725 542 2885 606; x_wconf 67' lang='lat' dir='ltr'><strong>aedes,</strong></span> <span class='ocrx_word' id='word_1_184' title='bbox 2910 544 2953 598; x_wconf 90' lang='lat' dir='ltr'><strong>si</strong></span> <span class='ocrx_word' id='word_1_185' title='bbox 2978 544 3229 613; x_wconf 89' lang='lat' dir='ltr'><strong>judiciale</strong></span> <span class='ocrx_word' id='word_1_186' title='bbox 3254 545 3429 601; x_wconf 84' lang='lat' dir='ltr'><strong>forum</strong></span> <span class='ocrx_word' id='word_1_187' title='bbox 3461 550 3539 603; x_wconf 88' lang='lat' dir='ltr'><strong>vel</strong></span> <span class='ocrx_word' id='word_1_188' title='bbox 3564 562 3805 608; x_wconf 88' lang='lat' dir='ltr'><strong>senatum</strong></span> 
     </span>
    </p>
   </div>
   <div class='ocr_carea' id='block_1_26' title="bbox 2230 623 3807 704">
    <p class='ocr_par' dir='ltr' id='par_1_26' title="bbox 2230 623 3807 704">
     <span class='ocr_line' id='line_1_27' title="bbox 2230 623 3807 704; baseline 0.013 -28"><span class='ocrx_word' id='word_1_189' title='bbox 2230 623 2414 689; x_wconf 88' lang='lat' dir='ltr'><strong>adeas,</strong></span> <span class='ocrx_word' id='word_1_190' title='bbox 2447 629 2780 685; x_wconf 73' lang='lat' dir='ltr'><strong>smcularium</strong></span> <span class='ocrx_word' id='word_1_191' title='bbox 2825 632 3017 704; x_wconf 90' lang='lat' dir='ltr'><strong>ubique</strong></span> <span class='ocrx_word' id='word_1_192' title='bbox 3054 652 3232 692; x_wconf 88' lang='lat' dir='ltr'><strong>rerum</strong></span> <span class='ocrx_word' id='word_1_193' title='bbox 3267 639 3671 697; x_wconf 90' lang='lat' dir='ltr'><strong>sollicitudinem</strong></span> <span class='ocrx_word' id='word_1_194' title='bbox 3708 653 3807 699; x_wconf 82' lang='lat' dir='ltr'><strong>oo-</strong></span> 
     </span>
    </p>
   </div>
   <div class='ocr_carea' id='block_1_27' title="bbox 2230 717 3807 797">
    <p class='ocr_par' dir='ltr' id='par_1_27' title="bbox 2230 717 3807 797">
     <span class='ocr_line' id='line_1_28' title="bbox 2230 717 3807 797; baseline 0.013 -30"><span class='ocrx_word' id='word_1_195' title='bbox 2230 717 2494 783; x_wconf 89' lang='lat' dir='ltr'><strong>servabis,</strong></span> <span class='ocrx_word' id='word_1_196' title='bbox 2519 721 2861 792; x_wconf 86' lang='lat' dir='ltr'><strong>singulosque</strong></span> <span class='ocrx_word' id='word_1_197' title='bbox 2891 724 2973 779; x_wconf 91' lang='lat' dir='ltr'><strong>his</strong></span> <span class='ocrx_word' id='word_1_198' title='bbox 3001 727 3056 781; x_wconf 92' lang='lat' dir='ltr'><strong>in</strong></span> <span class='ocrx_word' id='word_1_199' title='bbox 3081 728 3241 784; x_wconf 90' lang='lat' dir='ltr'><strong>rebus</strong></span> <span class='ocrx_word' id='word_1_200' title='bbox 3269 729 3589 797; x_wconf 87' lang='lat' dir='ltr'><strong>laborantes,</strong></span> <span class='ocrx_word' id='word_1_201' title='bbox 3615 733 3807 789; x_wconf 84' lang='lat' dir='ltr'><strong>abeun-</strong></span> 
     </span>
    </p>
   </div>
   <div class='ocr_carea' id='block_1_28' title="bbox 2230 814 3801 891">
    <p class='ocr_par' dir='ltr' id='par_1_28' title="bbox 2230 814 3801 891">
     <span class='ocr_line' id='line_1_29' title="bbox 2230 814 3801 891; baseline 0.01 -30"><span class='ocrx_word' id='word_1_202' title='bbox 2230 816 2332 872; x_wconf 91' lang='lat' dir='ltr'><strong>tes,</strong></span> <span class='ocrx_word' id='word_1_203' title='bbox 2362 819 2661 875; x_wconf 87' lang='lat' dir='ltr'><strong>manentes,</strong></span> <span class='ocrx_word' id='word_1_204' title='bbox 2688 814 3011 881; x_wconf 73' lang='lat' dir='ltr'><strong>navigantes,</strong></span> <span class='ocrx_word' id='word_1_205' title='bbox 3043 820 3321 888; x_wconf 84' lang='lat' dir='ltr'><strong>agricolas,</strong></span> <span class='ocrx_word' id='word_1_206' title='bbox 3353 836 3446 875; x_wconf 91' lang='lat' dir='ltr'><strong>eos</strong></span> <span class='ocrx_word' id='word_1_207' title='bbox 3473 822 3630 890; x_wconf 92' lang='lat' dir='ltr'><strong>quiin</strong></span> <span class='ocrx_word' id='word_1_208' title='bbox 3651 839 3801 891; x_wconf 84' lang='lat' dir='ltr'><strong>agro,</strong></span> 
     </span>
    </p>
   </div>
   <div class='ocr_carea' id='block_1_29' title="bbox 2229 900 3802 981">
    <p class='ocr_par' dir='ltr' id='par_1_29' title="bbox 2229 900 3802 981">
     <span class='ocr_line' id='line_1_30' title="bbox 2229 900 3802 981; baseline 0.013 -32"><span class='ocrx_word' id='word_1_209' title='bbox 2229 910 2323 951; x_wconf 90' lang='lat' dir='ltr'><strong>eos</strong></span> <span class='ocrx_word' id='word_1_210' title='bbox 2346 900 2436 968; x_wconf 89' lang='lat' dir='ltr'><strong>qui</strong></span> <span class='ocrx_word' id='word_1_211' title='bbox 2477 900 2530 955; x_wconf 90' lang='lat' dir='ltr'><strong>in</strong></span> <span class='ocrx_word' id='word_1_212' title='bbox 2565 903 2699 957; x_wconf 86' lang='lat' dir='ltr'><strong>urbe</strong></span> <span class='ocrx_word' id='word_1_213' title='bbox 2741 904 3000 970; x_wconf 89' lang='lat' dir='ltr'><strong>habitant,</strong></span> <span class='ocrx_word' id='word_1_214' title='bbox 3044 923 3149 961; x_wconf 92' lang='lat' dir='ltr'><strong>uno</strong></span> <span class='ocrx_word' id='word_1_215' title='bbox 3192 910 3377 976; x_wconf 88' lang='lat' dir='ltr'><strong>verbo,</strong></span> <span class='ocrx_word' id='word_1_216' title='bbox 3419 925 3627 966; x_wconf 91' lang='lat' dir='ltr'><strong>omnes.</strong></span> <span class='ocrx_word' id='word_1_217' title='bbox 3673 914 3802 981; x_wconf 80' lang='lat' dir='ltr'><strong>Qtue</strong></span> 
     </span>
    </p>
   </div>
   <div class='ocr_carea' id='block_1_30' title="bbox 2228 987 3799 1070">
    <p class='ocr_par' dir='ltr' id='par_1_30' title="bbox 2228 987 3799 1070">
     <span class='ocr_line' id='line_1_31' title="bbox 2228 987 3799 1070; baseline 0.015 -31"><span class='ocrx_word' id='word_1_218' title='bbox 2228 987 2381 1042; x_wconf 90' lang='lat' dir='ltr'><strong>nobis</strong></span> <span class='ocrx_word' id='word_1_219' title='bbox 2406 1006 2529 1060; x_wconf 88' lang='lat' dir='ltr'><strong>spes</strong></span> <span class='ocrx_word' id='word_1_220' title='bbox 2553 992 2736 1048; x_wconf 89' lang='lat' dir='ltr'><strong>salutis</strong></span> <span class='ocrx_word' id='word_1_221' title='bbox 2758 996 2879 1059; x_wconf 87' lang='lat' dir='ltr'><strong>erit,</strong></span> <span class='ocrx_word' id='word_1_222' title='bbox 2907 998 3118 1066; x_wconf 88' lang='lat' dir='ltr'><strong>quando</strong></span> <span class='ocrx_word' id='word_1_223' title='bbox 3149 1000 3239 1053; x_wconf 92' lang='lat' dir='ltr'><strong>Dei</strong></span> <span class='ocrx_word' id='word_1_224' title='bbox 3266 1011 3458 1055; x_wconf 91' lang='lat' dir='ltr'><strong>terram</strong></span> <span class='ocrx_word' id='word_1_225' title='bbox 3487 1004 3799 1070; x_wconf 89' lang='lat' dir='ltr'><strong>incolentes,</strong></span> 
     </span>
    </p>
   </div>
   <div class='ocr_carea' id='block_1_31' title="bbox 2227 1078 3804 1163">
    <p class='ocr_par' dir='ltr' id='par_1_31' title="bbox 2227 1078 3804 1163">
     <span class='ocr_line' id='line_1_32' title="bbox 2227 1078 3804 1163; baseline 0.011 -32"><span class='ocrx_word' id='word_1_226' title='bbox 2227 1078 2359 1159; x_wconf 68' lang='lat' dir='ltr'><strong>piliil</strong></span> <span class='ocrx_word' id='word_1_227' title='bbox 2397 1095 2460 1134; x_wconf 89' lang='lat' dir='ltr'><strong>ea</strong></span> <span class='ocrx_word' id='word_1_228' title='bbox 2490 1098 2609 1151; x_wconf 62' lang='lat' dir='ltr'><strong>qua!</strong></span> <span class='ocrx_word' id='word_1_229' title='bbox 2642 1084 2733 1139; x_wconf 91' lang='lat' dir='ltr'><strong>Dei</strong></span> <span class='ocrx_word' id='word_1_230' title='bbox 2776 1094 2902 1140; x_wconf 91' lang='lat' dir='ltr'><strong>sunt</strong></span> <span class='ocrx_word' id='word_1_231' title='bbox 2925 1103 3192 1148; x_wconf 85' lang='lat' dir='ltr'><strong>curamus,</strong></span> <span class='ocrx_word' id='word_1_232' title='bbox 3243 1090 3337 1144; x_wconf 89' lang='lat' dir='ltr'><strong>sed</strong></span> <span class='ocrx_word' id='word_1_233' title='bbox 3368 1108 3488 1146; x_wconf 91' lang='lat' dir='ltr'><strong>cum</strong></span> <span class='ocrx_word' id='word_1_234' title='bbox 3521 1094 3804 1163; x_wconf 89' lang='lat' dir='ltr'><strong>jubeamur</strong></span> 
     </span>
    </p>
   </div>
   <div class='ocr_carea' id='block_1_32' title="bbox 2228 1170 3803 1247">
    <p class='ocr_par' dir='ltr' id='par_1_32' title="bbox 2228 1170 3803 1247">
     <span class='ocr_line' id='line_1_33' title="bbox 2228 1170 3803 1247; baseline 0.012 -26"><span class='ocrx_word' id='word_1_235' title='bbox 2228 1170 2314 1223; x_wconf 90' lang='lat' dir='ltr'><strong>hic</strong></span> <span class='ocrx_word' id='word_1_236' title='bbox 2341 1174 2602 1241; x_wconf 81' lang='lat' dir='ltr'><strong>peregrini</strong></span> <span class='ocrx_word' id='word_1_237' title='bbox 2626 1190 2766 1241; x_wconf 87' lang='lat' dir='ltr'><strong>esse,</strong></span> <span class='ocrx_word' id='word_1_238' title='bbox 2790 1178 3057 1247; x_wconf 82' lang='lat' dir='ltr'><strong>peregrini</strong></span> <span class='ocrx_word' id='word_1_239' title='bbox 3090 1184 3140 1233; x_wconf 91' lang='lat' dir='ltr'><strong>in</strong></span> <span class='ocrx_word' id='word_1_240' title='bbox 3165 1181 3297 1235; x_wconf 56' lang='lat' dir='ltr'><strong>caelo</strong></span> <span class='ocrx_word' id='word_1_241' title='bbox 3318 1198 3517 1245; x_wconf 88' lang='lat' dir='ltr'><strong>sumus,</strong></span> <span class='ocrx_word' id='word_1_242' title='bbox 3547 1194 3601 1238; x_wconf 93' lang='lat' dir='ltr'><strong>et</strong></span> <span class='ocrx_word' id='word_1_243' title='bbox 3622 1188 3803 1242; x_wconf 91' lang='lat' dir='ltr'><strong>mundi</strong></span> 
     </span>
    </p>
   </div>
   <div class='ocr_carea' id='block_1_33' title="bbox 2225 1262 3800 1345">
    <p class='ocr_par' dir='ltr' id='par_1_33' title="bbox 2225 1262 3800 1345">
     <span class='ocr_line' id='line_1_34' title="bbox 2225 1262 3800 1345; baseline 0.01 -30"><span class='ocrx_word' id='word_1_244' title='bbox 2225 1262 2406 1317; x_wconf 85' lang='lat' dir='ltr'><strong>cives?</strong></span> <span class='ocrx_word' id='word_1_245' title='bbox 2447 1263 2583 1331; x_wconf 86' lang='lat' dir='ltr'><strong>Quid</strong></span> <span class='ocrx_word' id='word_1_246' title='bbox 2623 1266 2721 1321; x_wconf 92' lang='lat' dir='ltr'><strong>hac</strong></span> <span class='ocrx_word' id='word_1_247' title='bbox 2748 1268 3050 1336; x_wconf 89' lang='lat' dir='ltr'><strong>stupiditate</strong></span> <span class='ocrx_word' id='word_1_248' title='bbox 3075 1270 3348 1326; x_wconf 86' lang='lat' dir='ltr'><strong>deterius?</strong></span> <span class='ocrx_word' id='word_1_249' title='bbox 3381 1274 3628 1339; x_wconf 89' lang='lat' dir='ltr'><strong>Quotidie</strong></span> <span class='ocrx_word' id='word_1_250' title='bbox 3652 1275 3800 1345; x_wconf 84' lang='lat' dir='ltr'><strong>judi-</strong></span> 
     </span>
    </p>
   </div>
   <div class='ocr_carea' id='block_1_34' title="bbox 2224 1351 3801 1432">
    <p class='ocr_par' dir='ltr' id='par_1_34' title="bbox 2224 1351 3801 1432">
     <span class='ocr_line' id='line_1_35' title="bbox 2224 1351 3801 1432; baseline 0.011 -25"><span class='ocrx_word' id='word_1_251' title='bbox 2224 1351 2364 1408; x_wconf 91' lang='lat' dir='ltr'><strong>cium</strong></span> <span class='ocrx_word' id='word_1_252' title='bbox 2395 1362 2450 1409; x_wconf 87' lang='lat' dir='ltr'><strong>et</strong></span> <span class='ocrx_word' id='word_1_253' title='bbox 2477 1371 2695 1426; x_wconf 79' lang='lat' dir='ltr'><strong>regnum</strong></span> <span class='ocrx_word' id='word_1_254' title='bbox 2724 1360 2989 1427; x_wconf 86' lang='lat' dir='ltr'><strong>audimus,</strong></span> <span class='ocrx_word' id='word_1_255' title='bbox 3019 1370 3072 1415; x_wconf 93' lang='lat' dir='ltr'><strong>et</strong></span> <span class='ocrx_word' id='word_1_256' title='bbox 3109 1378 3201 1416; x_wconf 93' lang='lat' dir='ltr'><strong>eos</strong></span> <span class='ocrx_word' id='word_1_257' title='bbox 3230 1364 3318 1432; x_wconf 91' lang='lat' dir='ltr'><strong>qui</strong></span> <span class='ocrx_word' id='word_1_258' title='bbox 3357 1365 3407 1419; x_wconf 94' lang='lat' dir='ltr'><strong>in</strong></span> <span class='ocrx_word' id='word_1_259' title='bbox 3460 1367 3646 1421; x_wconf 89' lang='lat' dir='ltr'><strong>diebus</strong></span> <span class='ocrx_word' id='word_1_260' title='bbox 3686 1368 3801 1424; x_wconf 80' lang='lat' dir='ltr'><strong>Noe</strong></span> 
     </span>
    </p>
   </div>
   <div class='ocr_carea' id='block_1_35' title="bbox 2223 1449 3801 1526">
    <p class='ocr_par' dir='ltr' id='par_1_35' title="bbox 2223 1449 3801 1526">
     <span class='ocr_line' id='line_1_36' title="bbox 2223 1449 3801 1526; baseline 0.007 -27"><span class='ocrx_word' id='word_1_261' title='bbox 2223 1456 2378 1501; x_wconf 88' lang='lat' dir='ltr'><strong>erant</strong></span> <span class='ocrx_word' id='word_1_262' title='bbox 2422 1463 2631 1503; x_wconf 89' lang='lat' dir='ltr'><strong>necnon</strong></span> <span class='ocrx_word' id='word_1_263' title='bbox 2670 1449 2970 1507; x_wconf 88' lang='lat' dir='ltr'><strong>Sodomitas</strong></span> <span class='ocrx_word' id='word_1_264' title='bbox 3018 1453 3304 1517; x_wconf 84' lang='lat' dir='ltr'><strong>imitamur,</strong></span> <span class='ocrx_word' id='word_1_265' title='bbox 3352 1465 3406 1510; x_wconf 93' lang='lat' dir='ltr'><strong>et</strong></span> <span class='ocrx_word' id='word_1_266' title='bbox 3434 1460 3801 1526; x_wconf 81' lang='lat' dir='ltr'><strong>experimento</strong></span> 
     </span>
    </p>
   </div>
   <div class='ocr_carea' id='block_1_36' title="bbox 2222 1539 3802 1613">
    <p class='ocr_par' dir='ltr' id='par_1_36' title="bbox 2222 1539 3802 1613">
     <span class='ocr_line' id='line_1_37' title="bbox 2222 1539 3802 1613; baseline 0.008 -22"><span class='ocrx_word' id='word_1_267' title='bbox 2222 1539 2399 1593; x_wconf 91' lang='lat' dir='ltr'><strong>omnia</strong></span> <span class='ocrx_word' id='word_1_268' title='bbox 2437 1539 2679 1597; x_wconf 89' lang='lat' dir='ltr'><strong>ediscere</strong></span> <span class='ocrx_word' id='word_1_269' title='bbox 2702 1543 2966 1597; x_wconf 91' lang='lat' dir='ltr'><strong>volumus.</strong></span> <span class='ocrx_word' id='word_1_270' title='bbox 2998 1546 3153 1613; x_wconf 86' lang='lat' dir='ltr'><strong>Atqui</strong></span> <span class='ocrx_word' id='word_1_271' title='bbox 3183 1545 3300 1600; x_wconf 90' lang='lat' dir='ltr'><strong>ideo</strong></span> <span class='ocrx_word' id='word_1_272' title='bbox 3339 1547 3424 1601; x_wconf 85' lang='lat' dir='ltr'><strong>illa</strong></span> <span class='ocrx_word' id='word_1_273' title='bbox 3451 1549 3626 1601; x_wconf 89' lang='lat' dir='ltr'><strong>omnia</strong></span> <span class='ocrx_word' id='word_1_274' title='bbox 3668 1551 3802 1603; x_wconf 87' lang='lat' dir='ltr'><strong>scri-</strong></span> 
     </span>
    </p>
   </div>
   <div class='ocr_carea' id='block_1_37' title="bbox 2221 1632 3800 1707">
    <p class='ocr_par' dir='ltr' id='par_1_37' title="bbox 2221 1632 3800 1707">
     <span class='ocr_line' id='line_1_38' title="bbox 2221 1632 3800 1707; baseline 0.008 -27"><span class='ocrx_word' id='word_1_275' title='bbox 2221 1642 2309 1698; x_wconf 82' lang='lat' dir='ltr'><strong>pta</strong></span> <span class='ocrx_word' id='word_1_276' title='bbox 2341 1639 2486 1697; x_wconf 92' lang='lat' dir='ltr'><strong>sunt,</strong></span> <span class='ocrx_word' id='word_1_277' title='bbox 2514 1640 2572 1684; x_wconf 91' lang='lat' dir='ltr'><strong>ut</strong></span> <span class='ocrx_word' id='word_1_278' title='bbox 2598 1632 2642 1685; x_wconf 90' lang='lat' dir='ltr'><strong>si</strong></span> <span class='ocrx_word' id='word_1_279' title='bbox 2668 1633 2786 1702; x_wconf 93' lang='lat' dir='ltr'><strong>quis</strong></span> <span class='ocrx_word' id='word_1_280' title='bbox 2815 1633 2988 1687; x_wconf 85' lang='lat' dir='ltr'><strong>futura</strong></span> <span class='ocrx_word' id='word_1_281' title='bbox 3030 1649 3135 1688; x_wconf 93' lang='lat' dir='ltr'><strong>non</strong></span> <span class='ocrx_word' id='word_1_282' title='bbox 3179 1636 3377 1700; x_wconf 88' lang='lat' dir='ltr'><strong>credat,</strong></span> <span class='ocrx_word' id='word_1_283' title='bbox 3412 1652 3476 1691; x_wconf 81' lang='lat' dir='ltr'><strong>ex</strong></span> <span class='ocrx_word' id='word_1_284' title='bbox 3514 1640 3800 1707; x_wconf 71' lang='lat' dir='ltr'><strong>prmteritis</strong></span> 
     </span>
    </p>
   </div>
   <div class='ocr_carea' id='block_1_38' title="bbox 2220 1723 3799 1797">
    <p class='ocr_par' dir='ltr' id='par_1_38' title="bbox 2220 1723 3799 1797">
     <span class='ocr_line' id='line_1_39' title="bbox 2220 1723 3799 1797; baseline 0.006 -22"><span class='ocrx_word' id='word_1_285' title='bbox 2220 1723 2420 1776; x_wconf 89' lang='lat' dir='ltr'><strong>claram</strong></span> <span class='ocrx_word' id='word_1_286' title='bbox 2449 1723 2672 1793; x_wconf 89' lang='lat' dir='ltr'><strong>accipiat</strong></span> <span class='ocrx_word' id='word_1_287' title='bbox 2713 1724 3007 1779; x_wconf 88' lang='lat' dir='ltr'><strong>futurorum</strong></span> <span class='ocrx_word' id='word_1_288' title='bbox 3053 1727 3315 1780; x_wconf 86' lang='lat' dir='ltr'><strong>notitiam.</strong></span> <span class='ocrx_word' id='word_1_289' title='bbox 3360 1727 3483 1781; x_wconf 59' lang='lat' dir='ltr'><strong>Haec</strong></span> <span class='ocrx_word' id='word_1_290' title='bbox 3512 1729 3685 1797; x_wconf 90' lang='lat' dir='ltr'><strong>itaque</strong></span> <span class='ocrx_word' id='word_1_291' title='bbox 3706 1746 3799 1784; x_wconf 89' lang='lat' dir='ltr'><strong>co-</strong></span> 
     </span>
    </p>
   </div>
   <div class='ocr_carea' id='block_1_39' title="bbox 2217 1816 3795 1888">
    <p class='ocr_par' dir='ltr' id='par_1_39' title="bbox 2217 1816 3795 1888">
     <span class='ocr_line' id='line_1_40' title="bbox 2217 1816 3795 1888; baseline 0.005 -21"><span class='ocrx_word' id='word_1_292' title='bbox 2217 1816 2467 1885; x_wconf 86' lang='lat' dir='ltr'><strong>gitantes,</strong></span> <span class='ocrx_word' id='word_1_293' title='bbox 2518 1825 2623 1869; x_wconf 90' lang='lat' dir='ltr'><strong>tam</strong></span> <span class='ocrx_word' id='word_1_294' title='bbox 2669 1818 2959 1885; x_wconf 58' lang='lat' dir='ltr'><strong>praeterita,</strong></span> <span class='ocrx_word' id='word_1_295' title='bbox 3012 1833 3169 1887; x_wconf 90' lang='lat' dir='ltr'><strong>quam</strong></span> <span class='ocrx_word' id='word_1_296' title='bbox 3219 1817 3415 1882; x_wconf 86' lang='lat' dir='ltr'><strong>futura,</strong></span> <span class='ocrx_word' id='word_1_297' title='bbox 3470 1819 3680 1888; x_wconf 88' lang='lat' dir='ltr'><strong>paulum</strong></span> <span class='ocrx_word' id='word_1_298' title='bbox 3726 1837 3795 1875; x_wconf 74' lang='lat' dir='ltr'><strong>ex</strong></span> 
     </span>
    </p>
   </div>
   <div class='ocr_carea' id='block_1_40' title="bbox 2218 1908 3791 1979">
    <p class='ocr_par' dir='ltr' id='par_1_40' title="bbox 2218 1908 3791 1979">
     <span class='ocr_line' id='line_1_41' title="bbox 2218 1908 3791 1979; baseline 0.003 -19"><span class='ocrx_word' id='word_1_299' title='bbox 2218 1908 2317 1962; x_wconf 88' lang='lat' dir='ltr'><strong>hac</strong></span> <span class='ocrx_word' id='word_1_300' title='bbox 2343 1909 2599 1963; x_wconf 88' lang='lat' dir='ltr'><strong>servitute</strong></span> <span class='ocrx_word' id='word_1_301' title='bbox 2620 1910 2964 1978; x_wconf 88' lang='lat' dir='ltr'><strong>respiremus,</strong></span> <span class='ocrx_word' id='word_1_302' title='bbox 2987 1910 3286 1979; x_wconf 84' lang='lat' dir='ltr'><strong>etaliquatn</strong></span> <span class='ocrx_word' id='word_1_303' title='bbox 3314 1911 3505 1965; x_wconf 73' lang='lat' dir='ltr'><strong>anima:</strong></span> <span class='ocrx_word' id='word_1_304' title='bbox 3534 1913 3791 1967; x_wconf 89' lang='lat' dir='ltr'><strong>rationem</strong></span> 
     </span>
    </p>
   </div>
   <div class='ocr_carea' id='block_1_41' title="bbox 2218 1998 3796 2073">
    <p class='ocr_par' dir='ltr' id='par_1_41' title="bbox 2218 1998 3796 2073">
     <span class='ocr_line' id='line_1_42' title="bbox 2218 1998 3796 2073; baseline 0.004 -22"><span class='ocrx_word' id='word_1_305' title='bbox 2218 1998 2534 2064; x_wconf 90' lang='lat' dir='ltr'><strong>habeamus,</strong></span> <span class='ocrx_word' id='word_1_306' title='bbox 2567 2012 2624 2054; x_wconf 92' lang='lat' dir='ltr'><strong>ut</strong></span> <span class='ocrx_word' id='word_1_307' title='bbox 2652 2009 2707 2054; x_wconf 90' lang='lat' dir='ltr'><strong>et</strong></span> <span class='ocrx_word' id='word_1_308' title='bbox 2756 2001 3036 2069; x_wconf 63' lang='lat' dir='ltr'><strong>praesentia</strong></span> <span class='ocrx_word' id='word_1_309' title='bbox 3082 2009 3137 2055; x_wconf 90' lang='lat' dir='ltr'><strong>et</strong></span> <span class='ocrx_word' id='word_1_310' title='bbox 3189 2001 3362 2055; x_wconf 89' lang='lat' dir='ltr'><strong>futura</strong></span> <span class='ocrx_word' id='word_1_311' title='bbox 3405 2017 3796 2073; x_wconf 89' lang='lat' dir='ltr'><strong>consequamur</strong></span> 
     </span>
    </p>
   </div>
   <div class='ocr_carea' id='block_1_42' title="bbox 2216 2090 3793 2159">
    <p class='ocr_par' dir='ltr' id='par_1_42' title="bbox 2216 2090 3793 2159">
     <span class='ocr_line' id='line_1_43' title="bbox 2216 2090 3793 2159; baseline 0.005 -16"><span class='ocrx_word' id='word_1_312' title='bbox 2216 2090 2375 2154; x_wconf 88' lang='lat' dir='ltr'><strong>bona,</strong></span> <span class='ocrx_word' id='word_1_313' title='bbox 2405 2092 2573 2159; x_wconf 85' lang='lat' dir='ltr'><strong>gratia</strong></span> <span class='ocrx_word' id='word_1_314' title='bbox 2604 2101 2658 2146; x_wconf 92' lang='lat' dir='ltr'><strong>ct</strong></span> <span class='ocrx_word' id='word_1_315' title='bbox 2692 2091 3017 2159; x_wconf 82' lang='lat' dir='ltr'><strong>benignitate</strong></span> <span class='ocrx_word' id='word_1_316' title='bbox 3059 2094 3264 2147; x_wconf 91' lang='lat' dir='ltr'><strong>Domini</strong></span> <span class='ocrx_word' id='word_1_317' title='bbox 3299 2096 3461 2150; x_wconf 88' lang='lat' dir='ltr'><strong>nostri</strong></span> <span class='ocrx_word' id='word_1_318' title='bbox 3488 2095 3613 2151; x_wconf 86' lang='lat' dir='ltr'><strong>Jesu</strong></span> <span class='ocrx_word' id='word_1_319' title='bbox 3637 2097 3793 2152; x_wconf 88' lang='lat' dir='ltr'><strong>Chri-</strong></span> 
     </span>
    </p>
   </div>
   <div class='ocr_carea' id='block_1_43' title="bbox 2214 2183 3790 2253">
    <p class='ocr_par' dir='ltr' id='par_1_43' title="bbox 2214 2183 3790 2253">
     <span class='ocr_line' id='line_1_44' title="bbox 2214 2183 3790 2253; baseline 0.005 -18"><span class='ocrx_word' id='word_1_320' title='bbox 2214 2183 2301 2246; x_wconf 87' lang='lat' dir='ltr'><strong>sti,</strong></span> <span class='ocrx_word' id='word_1_321' title='bbox 2331 2184 2415 2237; x_wconf 93' lang='lat' dir='ltr'><strong>cui</strong></span> <span class='ocrx_word' id='word_1_322' title='bbox 2460 2184 2629 2253; x_wconf 82' lang='lat' dir='ltr'><strong>gloria</strong></span> <span class='ocrx_word' id='word_1_323' title='bbox 2677 2191 2733 2241; x_wconf 86' lang='lat' dir='ltr'><strong>et</strong></span> <span class='ocrx_word' id='word_1_324' title='bbox 2774 2184 3055 2253; x_wconf 87' lang='lat' dir='ltr'><strong>imperium</strong></span> <span class='ocrx_word' id='word_1_325' title='bbox 3106 2186 3159 2239; x_wconf 89' lang='lat' dir='ltr'><strong>in</strong></span> <span class='ocrx_word' id='word_1_326' title='bbox 3210 2186 3404 2240; x_wconf 68' lang='lat' dir='ltr'><strong>smcula</strong></span> <span class='ocrx_word' id='word_1_327' title='bbox 3447 2187 3790 2243; x_wconf 62' lang='lat' dir='ltr'><strong>seculorum.</strong></span> 
     </span>
    </p>
   </div>
   <div class='ocr_carea' id='block_1_44' title="bbox 2215 2276 2408 2329">
    <p class='ocr_par' dir='ltr' id='par_1_44' title="bbox 2215 2276 2408 2329">
     <span class='ocr_line' id='line_1_45' title="bbox 2215 2276 2408 2329; baseline 0.01 -2"><span class='ocrx_word' id='word_1_328' title='bbox 2215 2276 2408 2329; x_wconf 84' lang='lat' dir='ltr'><strong>Amen.</strong></span> 
     </span>
    </p>
   </div>
   <div class='ocr_carea' id='block_1_45' title="bbox 1810 2479 2504 2543">
    <p class='ocr_par' dir='ltr' id='par_1_45' title="bbox 1810 2479 2504 2543">
     <span class='ocr_line' id='line_1_46' title="bbox 1810 2479 2504 2543; baseline -0.001 -2"><span class='ocrx_word' id='word_1_329' title='bbox 1810 2480 2156 2543; x_wconf 78' lang='lat' dir='ltr'><strong>HOMILIA</strong></span> <span class='ocrx_word' id='word_1_330' title='bbox 2195 2479 2504 2541; x_wconf 79' lang='lat' dir='ltr'><strong>XXXIX.</strong></span> 
     </span>
    </p>
   </div>
   <div class='ocr_carea' id='block_1_46' title="bbox 514 2627 2106 2700">
    <p class='ocr_par' dir='ltr' id='par_1_46' title="bbox 514 2627 2106 2700">
     <span class='ocr_line' id='line_1_47' title="bbox 514 2627 2106 2700; baseline -0.002 -17"><span class='ocrx_word' id='word_1_331' title='bbox 514 2629 605 2684; x_wconf 69' lang='lat'><strong>22.</strong></span> <span class='ocrx_word' id='word_1_332' title='bbox 655 2628 812 2685; x_wconf 83' lang='lat' dir='ltr'><strong>Pater</strong></span> <span class='ocrx_word' id='word_1_333' title='bbox 830 2647 969 2685; x_wconf 86' lang='lat' dir='ltr'><strong>meus</strong></span> <span class='ocrx_word' id='word_1_334' title='bbox 993 2646 1093 2684; x_wconf 83' lang='lat' dir='ltr'><strong>non</strong></span> <span class='ocrx_word' id='word_1_335' title='bbox 1114 2630 1313 2699; x_wconf 88' lang='lat' dir='ltr'><strong>judicat</strong></span> <span class='ocrx_word' id='word_1_336' title='bbox 1339 2645 1654 2700; x_wconf 84' lang='lat' dir='ltr'><strong>quemquam,</strong></span> <span class='ocrx_word' id='word_1_337' title='bbox 1685 2628 1772 2682; x_wconf 87' lang='lat' dir='ltr'><strong>sed</strong></span> <span class='ocrx_word' id='word_1_338' title='bbox 1797 2645 1942 2681; x_wconf 89' lang='lat' dir='ltr'><strong>omne</strong></span> <span class='ocrx_word' id='word_1_339' title='bbox 1960 2627 2106 2697; x_wconf 83' lang='lat' dir='ltr'><strong>judi—</strong></span> 
     </span>
    </p>
   </div>
   <div class='ocr_carea' id='block_1_47' title="bbox 586 2718 2094 2790">
    <p class='ocr_par' dir='ltr' id='par_1_47' title="bbox 586 2718 2094 2790">
     <span class='ocr_line' id='line_1_48' title="bbox 586 2718 2094 2790; baseline -0.003 -15"><span class='ocrx_word' id='word_1_340' title='bbox 586 2723 720 2775; x_wconf 88' lang='lat' dir='ltr'><strong>cium</strong></span> <span class='ocrx_word' id='word_1_341' title='bbox 749 2722 886 2776; x_wconf 82' lang='lat' dir='ltr'><strong>dedit</strong></span> <span class='ocrx_word' id='word_1_342' title='bbox 931 2721 1091 2788; x_wconf 83' lang='lat' dir='ltr'><strong>Filio,</strong></span> <span class='ocrx_word' id='word_1_343' title='bbox 1120 2721 1209 2776; x_wconf 73' lang='lat'><strong>25.</strong></span> <span class='ocrx_word' id='word_1_344' title='bbox 1238 2732 1292 2774; x_wconf 91' lang='lat' dir='ltr'><strong>ut</strong></span> <span class='ocrx_word' id='word_1_345' title='bbox 1317 2738 1488 2775; x_wconf 86' lang='lat' dir='ltr'><strong>omnes</strong></span> <span class='ocrx_word' id='word_1_346' title='bbox 1518 2721 1850 2790; x_wconf 82' lang='lat' dir='ltr'><strong>honori/icent</strong></span> <span class='ocrx_word' id='word_1_347' title='bbox 1877 2718 2094 2787; x_wconf 80' lang='lat' dir='ltr'><strong>Filium,</strong></span> 
     </span>
    </p>
   </div>
   <div class='ocr_carea' id='block_1_48' title="bbox 586 2811 1248 2880">
    <p class='ocr_par' dir='ltr' id='par_1_48' title="bbox 586 2811 1248 2880">
     <span class='ocr_line' id='line_1_49' title="bbox 586 2811 1248 2880; baseline -0.002 -15"><span class='ocrx_word' id='word_1_348' title='bbox 586 2822 641 2866; x_wconf 90' lang='lat' dir='ltr'><strong>ut</strong></span> <span class='ocrx_word' id='word_1_349' title='bbox 666 2813 999 2880; x_wconf 79' lang='lat' dir='ltr'><strong>honoriﬁcam</strong></span> <span class='ocrx_word' id='word_1_350' title='bbox 1019 2811 1248 2866; x_wconf 86' lang='lat' dir='ltr'><strong>Patrem.</strong></span> 
     </span>
    </p>
   </div>
   <div class='ocr_carea' id='block_1_49' title="bbox 584 2899 2093 2973">
    <p class='ocr_par' dir='ltr' id='par_1_49' title="bbox 584 2899 2093 2973">
     <span class='ocr_line' id='line_1_50' title="bbox 584 2899 2093 2973; baseline -0.001 -17"><span class='ocrx_word' id='word_1_351' title='bbox 584 2904 635 2956; x_wconf 80' lang='grc'><strong>1.</strong></span> <span class='ocrx_word' id='word_1_352' title='bbox 678 2901 941 2955; x_wconf 75' lang='lat' dir='ltr'><strong>Iudicium</strong></span> <span class='ocrx_word' id='word_1_353' title='bbox 966 2906 1196 2973; x_wconf 76' lang='lat' dir='ltr'><strong>futurum</strong></span> <span class='ocrx_word' id='word_1_354' title='bbox 1231 2902 1529 2956; x_wconf 87' lang='lat' dir='ltr'><strong>timendum.</strong></span> <span class='ocrx_word' id='word_1_355' title='bbox 1560 2899 1725 2954; x_wconf 82' lang='lat' dir='ltr'><strong>Filius</strong></span> <span class='ocrx_word' id='word_1_356' title='bbox 1763 2918 1862 2953; x_wconf 83' lang='lat' dir='ltr'><strong>non</strong></span> <span class='ocrx_word' id='word_1_357' title='bbox 1908 2904 2093 2969; x_wconf 81' lang='lat' dir='ltr'><strong>factus,</strong></span> 
     </span>
    </p>
   </div>
   <div class='ocr_carea' id='block_1_50' title="bbox 510 2994 2096 3065">
    <p class='ocr_par' dir='ltr' id='par_1_50' title="bbox 510 2994 2096 3065">
     <span class='ocr_line' id='line_1_51' title="bbox 510 2994 2096 3065; baseline -0.001 -16"><span class='ocrx_word' id='word_1_358' title='bbox 510 2996 599 3049; x_wconf 81' lang='lat' dir='ltr'><strong>sed</strong></span> <span class='ocrx_word' id='word_1_359' title='bbox 625 2995 687 3048; x_wconf 88' lang='lat' dir='ltr'><strong>ab</strong></span> <span class='ocrx_word' id='word_1_360' title='bbox 706 3004 893 3050; x_wconf 75' lang='lat' dir='ltr'><strong>ceterae</strong></span> <span class='ocrx_word' id='word_1_361' title='bbox 926 2996 1142 3065; x_wconf 81' lang='lat' dir='ltr'><strong>genitus.</strong></span> <span class='ocrx_word' id='word_1_362' title='bbox 1170 2995 1402 3049; x_wconf 73' lang='lat' dir='ltr'><strong>Chrisrus</strong></span> <span class='ocrx_word' id='word_1_363' title='bbox 1441 2994 1690 3065; x_wconf 89' lang='lat' dir='ltr'><strong>quomodo</strong></span> <span class='ocrx_word' id='word_1_364' title='bbox 1715 3004 1759 3047; x_wconf 86' lang='lat' dir='ltr'><strong>et</strong></span> <span class='ocrx_word' id='word_1_365' title='bbox 1785 3011 1886 3065; x_wconf 90' lang='lat' dir='ltr'><strong>qua</strong></span> <span class='ocrx_word' id='word_1_366' title='bbox 1933 3005 2096 3048; x_wconf 82' lang='lat' dir='ltr'><strong>mente</strong></span> 
     </span>
    </p>
   </div>
   <div class='ocr_carea' id='block_1_51' title="bbox 511 3086 2094 3157">
    <p class='ocr_par' dir='ltr' id='par_1_51' title="bbox 511 3086 2094 3157">
     <span class='ocr_line' id='line_1_52' title="bbox 511 3086 2094 3157; baseline 0.003 -19"><span class='ocrx_word' id='word_1_367' title='bbox 511 3088 573 3140; x_wconf 82' lang='lat' dir='ltr'><strong>de</strong></span> <span class='ocrx_word' id='word_1_368' title='bbox 596 3104 649 3141; x_wconf 81' lang='lat' dir='ltr'><strong>se</strong></span> <span class='ocrx_word' id='word_1_369' title='bbox 673 3088 879 3157; x_wconf 85' lang='lat' dir='ltr'><strong>loquens</strong></span> <span class='ocrx_word' id='word_1_370' title='bbox 904 3087 1117 3140; x_wconf 79' lang='lat' dir='ltr'><strong>humilia</strong></span> <span class='ocrx_word' id='word_1_371' title='bbox 1147 3088 1442 3156; x_wconf 80' lang='lat' dir='ltr'><strong>permisceat</strong></span> <span class='ocrx_word' id='word_1_372' title='bbox 1482 3086 1797 3141; x_wconf 77' lang='lat' dir='ltr'><strong>sublimibus.</strong></span> <span class='ocrx_word' id='word_1_373' title='bbox 1833 3117 1904 3127; x_wconf 93' lang='lat'><strong>——</strong></span> <span class='ocrx_word' id='word_1_374' title='bbox 1932 3086 2094 3143; x_wconf 88' lang='lat' dir='ltr'><strong>Multa</strong></span> 
     </span>
    </p>
   </div>
   <div class='ocr_carea' id='block_1_52' title="bbox 512 3179 2091 3249">
    <p class='ocr_par' dir='ltr' id='par_1_52' title="bbox 512 3179 2091 3249">
     <span class='ocr_line' id='line_1_53' title="bbox 512 3179 2091 3249; baseline 0.002 -18"><span class='ocrx_word' id='word_1_375' title='bbox 512 3180 665 3233; x_wconf 89' lang='lat' dir='ltr'><strong>nobis</strong></span> <span class='ocrx_word' id='word_1_376' title='bbox 684 3194 818 3248; x_wconf 92' lang='lat' dir='ltr'><strong>opus</strong></span> <span class='ocrx_word' id='word_1_377' title='bbox 841 3190 923 3235; x_wconf 89' lang='lat' dir='ltr'><strong>est</strong></span> <span class='ocrx_word' id='word_1_378' title='bbox 949 3181 999 3234; x_wconf 93' lang='lat' dir='ltr'><strong>in</strong></span> <span class='ocrx_word' id='word_1_379' title='bbox 1021 3180 1269 3235; x_wconf 89' lang='lat' dir='ltr'><strong>omnibus</strong></span> <span class='ocrx_word' id='word_1_380' title='bbox 1300 3180 1596 3249; x_wconf 82' lang='lat' dir='ltr'><strong>diligentia,</strong></span> <span class='ocrx_word' id='word_1_381' title='bbox 1630 3179 1836 3242; x_wconf 83' lang='lat' dir='ltr'><strong>dilecti;</strong></span> <span class='ocrx_word' id='word_1_382' title='bbox 1869 3194 2091 3234; x_wconf 90' lang='lat' dir='ltr'><strong>accura-</strong></span> 
     </span>
    </p>
   </div>
   <div class='ocr_carea' id='block_1_53' title="bbox 509 3269 2086 3340">
    <p class='ocr_par' dir='ltr' id='par_1_53' title="bbox 509 3269 2086 3340">
     <span class='ocr_line' id='line_1_54' title="bbox 509 3269 2086 3340; baseline 0.001 -18"><span class='ocrx_word' id='word_1_383' title='bbox 509 3280 616 3323; x_wconf 86' lang='lat' dir='ltr'><strong>tam</strong></span> <span class='ocrx_word' id='word_1_384' title='bbox 638 3270 832 3340; x_wconf 88' lang='lat' dir='ltr'><strong>quippe</strong></span> <span class='ocrx_word' id='word_1_385' title='bbox 859 3271 1115 3324; x_wconf 90' lang='lat' dir='ltr'><strong>rationem</strong></span> <span class='ocrx_word' id='word_1_386' title='bbox 1137 3269 1378 3325; x_wconf 86' lang='lat' dir='ltr'><strong>dabimus</strong></span> <span class='ocrx_word' id='word_1_387' title='bbox 1398 3279 1451 3324; x_wconf 90' lang='lat' dir='ltr'><strong>et</strong></span> <span class='ocrx_word' id='word_1_388' title='bbox 1473 3271 1753 3323; x_wconf 88' lang='lat' dir='ltr'><strong>verborum</strong></span> <span class='ocrx_word' id='word_1_389' title='bbox 1772 3279 1825 3323; x_wconf 90' lang='lat' dir='ltr'><strong>et</strong></span> <span class='ocrx_word' id='word_1_390' title='bbox 1845 3286 2086 3338; x_wconf 87' lang='lat' dir='ltr'><strong>operum.</strong></span> 
     </span>
    </p>
   </div>
   <div class='ocr_carea' id='block_1_54' title="bbox 507 3360 2092 3430">
    <p class='ocr_par' dir='ltr' id='par_1_54' title="bbox 507 3360 2092 3430">
     <span class='ocr_line' id='line_1_55' title="bbox 507 3360 2092 3430; baseline 0.001 -16"><span class='ocrx_word' id='word_1_391' title='bbox 507 3360 618 3414; x_wconf 80' lang='lat' dir='ltr'><strong>Res</strong></span> <span class='ocrx_word' id='word_1_392' title='bbox 643 3361 785 3416; x_wconf 91' lang='lat' dir='ltr'><strong>enim</strong></span> <span class='ocrx_word' id='word_1_393' title='bbox 827 3370 1024 3416; x_wconf 66' lang='lat' dir='ltr'><strong>nostra:</strong></span> <span class='ocrx_word' id='word_1_394' title='bbox 1065 3376 1168 3415; x_wconf 93' lang='lat' dir='ltr'><strong>non</strong></span> <span class='ocrx_word' id='word_1_395' title='bbox 1209 3369 1335 3415; x_wconf 91' lang='lat' dir='ltr'><strong>sunt</strong></span> <span class='ocrx_word' id='word_1_396' title='bbox 1380 3364 1657 3430; x_wconf 68' lang='lat' dir='ltr'><strong>pra-sentis</strong></span> <span class='ocrx_word' id='word_1_397' title='bbox 1687 3361 1807 3415; x_wconf 69' lang='lat' dir='ltr'><strong>vita:</strong></span> <span class='ocrx_word' id='word_1_398' title='bbox 1837 3361 2092 3416; x_wconf 90' lang='lat' dir='ltr'><strong>limitibus</strong></span> 
     </span>
    </p>
   </div>
   <div class='ocr_carea' id='block_1_55' title="bbox 507 3453 2092 3523">
    <p class='ocr_par' dir='ltr' id='par_1_55' title="bbox 507 3453 2092 3523">
     <span class='ocr_line' id='line_1_56' title="bbox 507 3453 2092 3523; baseline 0.001 -16"><span class='ocrx_word' id='word_1_399' title='bbox 507 3453 944 3522; x_wconf 71' lang='lat' dir='ltr'><strong>circumscriptm,</strong></span> <span class='ocrx_word' id='word_1_400' title='bbox 978 3453 1071 3509; x_wconf 89' lang='lat' dir='ltr'><strong>sed</strong></span> <span class='ocrx_word' id='word_1_401' title='bbox 1102 3454 1203 3509; x_wconf 90' lang='lat' dir='ltr'><strong>alla</strong></span> <span class='ocrx_word' id='word_1_402' title='bbox 1253 3468 1351 3508; x_wconf 92' lang='lat' dir='ltr'><strong>nos</strong></span> <span class='ocrx_word' id='word_1_403' title='bbox 1390 3463 1678 3523; x_wconf 80' lang='lat' dir='ltr'><strong>exceptura</strong></span> <span class='ocrx_word' id='word_1_404' title='bbox 1707 3454 1934 3508; x_wconf 76' lang='lat' dir='ltr'><strong>estvita:</strong></span> <span class='ocrx_word' id='word_1_405' title='bbox 1962 3468 2092 3508; x_wconf 91' lang='lat' dir='ltr'><strong>con-</strong></span> 
     </span>
    </p>
   </div>
   <div class='ocr_carea' id='block_1_56' title="bbox 506 3544 2085 3616">
    <p class='ocr_par' dir='ltr' id='par_1_56' title="bbox 506 3544 2085 3616">
     <span class='ocr_line' id='line_1_57' title="bbox 506 3544 2085 3616; baseline 0.001 -18"><span class='ocrx_word' id='word_1_406' title='bbox 506 3545 657 3607; x_wconf 89' lang='lat' dir='ltr'><strong>ditio,</strong></span> <span class='ocrx_word' id='word_1_407' title='bbox 690 3546 1285 3616; x_wconf 87' lang='lat' dir='ltr'><strong>tremendoquejudicio</strong></span> <span class='ocrx_word' id='word_1_408' title='bbox 1313 3546 1583 3600; x_wconf 90' lang='lat' dir='ltr'><strong>sistemur.</strong></span> <span class='ocrx_word' id='word_1_409' title='bbox 1611 3544 1798 3599; x_wconf 78' lang='lat' dir='ltr'><strong>Omnes</strong></span> <span class='ocrx_word' id='word_1_410' title='bbox 1822 3546 1952 3598; x_wconf 89' lang='lat' dir='ltr'><strong>enim</strong></span> <span class='ocrx_word' id='word_1_411' title='bbox 1974 3561 2085 3609; x_wconf 81' lang='lat' dir='ltr'><strong>nos,</strong></span> 
     </span>
    </p>
   </div>
   <div class='ocr_carea' id='block_1_57' title="bbox 506 3634 2085 3707">
    <p class='ocr_par' dir='ltr' id='par_1_57' title="bbox 506 3634 2085 3707">
     <span class='ocr_line' id='line_1_58' title="bbox 506 3634 2085 3707; baseline 0.001 -19"><span class='ocrx_word' id='word_1_412' title='bbox 506 3636 676 3707; x_wconf 86' lang='lat' dir='ltr'><strong>inquit</strong></span> <span class='ocrx_word' id='word_1_413' title='bbox 700 3637 916 3703; x_wconf 82' lang='lat' dir='ltr'><strong>Paulus,</strong></span> <span class='ocrx_word' id='word_1_414' title='bbox 943 3638 1255 3706; x_wconf 77' lang='lat' dir='ltr'><strong>manifestari</strong></span> <span class='ocrx_word' id='word_1_415' title='bbox 1285 3646 1479 3707; x_wconf 83' lang='lat' dir='ltr'><strong>oportet</strong></span> <span class='ocrx_word' id='word_1_416' title='bbox 1501 3646 1616 3689; x_wconf 85' lang='lat' dir='ltr'><strong>ante</strong></span> <span class='ocrx_word' id='word_1_417' title='bbox 1637 3635 1858 3689; x_wconf 82' lang='lat' dir='ltr'><strong>tribunal</strong></span> <span class='ocrx_word' id='word_1_418' title='bbox 1877 3634 2085 3702; x_wconf 83' lang='lat' dir='ltr'><strong>Christi,</strong></span> 
     </span>
    </p>
   </div>
   <div class='ocr_carea' id='block_1_58' title="bbox 504 3729 2088 3801">
    <p class='ocr_par' dir='ltr' id='par_1_58' title="bbox 504 3729 2088 3801">
     <span class='ocr_line' id='line_1_59' title="bbox 504 3729 2088 3801; baseline 0.001 -20"><span class='ocrx_word' id='word_1_419' title='bbox 504 3739 560 3781; x_wconf 90' lang='lat' dir='ltr'><strong>ut</strong></span> <span class='ocrx_word' id='word_1_420' title='bbox 590 3733 776 3801; x_wconf 79' lang='lat' dir='ltr'><strong>referat</strong></span> <span class='ocrx_word' id='word_1_421' title='bbox 802 3730 1160 3800; x_wconf 85' lang='lat' dir='ltr'><strong>unusquisque,</strong></span> <span class='ocrx_word' id='word_1_422' title='bbox 1189 3746 1303 3800; x_wconf 73' lang='lat' dir='ltr'><strong>qua:</strong></span> <span class='ocrx_word' id='word_1_423' title='bbox 1332 3746 1420 3798; x_wconf 88' lang='lat' dir='ltr'><strong>per</strong></span> <span class='ocrx_word' id='word_1_424' title='bbox 1447 3745 1629 3799; x_wconf 88' lang='lat' dir='ltr'><strong>corpus</strong></span> <span class='ocrx_word' id='word_1_425' title='bbox 1654 3729 1774 3798; x_wconf 84' lang='lat' dir='ltr'><strong>egit,</strong></span> <span class='ocrx_word' id='word_1_426' title='bbox 1808 3739 1957 3797; x_wconf 82' lang='lat' dir='ltr'><strong>prout</strong></span> <span class='ocrx_word' id='word_1_427' title='bbox 1976 3745 2088 3799; x_wconf 82' lang='lat' dir='ltr'><strong>ges-</strong></span> 
     </span>
    </p>
   </div>
   <div class='ocr_carea' id='block_1_59' title="bbox 502 3821 2087 3891">
    <p class='ocr_par' dir='ltr' id='par_1_59' title="bbox 502 3821 2087 3891">
     <span class='ocr_line' id='line_1_60' title="bbox 502 3821 2087 3891; baseline 0.001 -16"><span class='ocrx_word' id='word_1_428' title='bbox 502 3823 587 3888; x_wconf 87' lang='lat' dir='ltr'><strong>sit,</strong></span> <span class='ocrx_word' id='word_1_429' title='bbox 611 3822 711 3875; x_wconf 82' lang='lat' dir='ltr'><strong>sive</strong></span> <span class='ocrx_word' id='word_1_430' title='bbox 740 3822 943 3886; x_wconf 87' lang='lat' dir='ltr'><strong>bonum,</strong></span> <span class='ocrx_word' id='word_1_431' title='bbox 968 3823 1069 3875; x_wconf 82' lang='lat' dir='ltr'><strong>sive</strong></span> <span class='ocrx_word' id='word_1_432' title='bbox 1092 3821 1282 3875; x_wconf 80' lang='lat' dir='ltr'><strong>malum</strong></span> <span class='ocrx_word' id='word_1_433' title='bbox 1308 3821 1384 3891; x_wconf 76' lang='grc'><strong>(2.</strong></span> <span class='ocrx_word' id='word_1_434' title='bbox 1418 3821 1534 3875; x_wconf 88' lang='lat' dir='ltr'><strong>Cor.</strong></span> <span class='ocrx_word' id='word_1_435' title='bbox 1565 3822 1618 3877; x_wconf 85' lang='lat'><strong>5.</strong></span> <span class='ocrx_word' id='word_1_436' title='bbox 1648 3822 1759 3891; x_wconf 75' lang='grc'><strong>10).</strong></span> <span class='ocrx_word' id='word_1_437' title='bbox 1789 3821 1899 3877; x_wconf 88' lang='lat' dir='ltr'><strong>Hoc</strong></span> <span class='ocrx_word' id='word_1_438' title='bbox 1920 3822 2087 3877; x_wconf 91' lang='lat' dir='ltr'><strong>tribu-</strong></span> 
     </span>
    </p>
   </div>
   <div class='ocr_carea' id='block_1_60' title="bbox 502 3911 2085 3981">
    <p class='ocr_par' dir='ltr' id='par_1_60' title="bbox 502 3911 2085 3981">
     <span class='ocr_line' id='line_1_61' title="bbox 502 3911 2085 3981; baseline 0.001 -17"><span class='ocrx_word' id='word_1_439' title='bbox 502 3911 592 3965; x_wconf 90' lang='lat' dir='ltr'><strong>nal</strong></span> <span class='ocrx_word' id='word_1_440' title='bbox 632 3926 847 3980; x_wconf 88' lang='lat' dir='ltr'><strong>semper</strong></span> <span class='ocrx_word' id='word_1_441' title='bbox 874 3913 1187 3981; x_wconf 80' lang='lat' dir='ltr'><strong>cegitemus,</strong></span> <span class='ocrx_word' id='word_1_442' title='bbox 1220 3919 1271 3965; x_wconf 92' lang='lat' dir='ltr'><strong>et</strong></span> <span class='ocrx_word' id='word_1_443' title='bbox 1316 3911 1394 3964; x_wconf 90' lang='lat' dir='ltr'><strong>sic</strong></span> <span class='ocrx_word' id='word_1_444' title='bbox 1418 3925 1631 3980; x_wconf 87' lang='lat' dir='ltr'><strong>semper</strong></span> <span class='ocrx_word' id='word_1_445' title='bbox 1658 3912 1838 3965; x_wconf 88' lang='lat' dir='ltr'><strong>virtuti</strong></span> <span class='ocrx_word' id='word_1_446' title='bbox 1879 3912 2085 3966; x_wconf 90' lang='lat' dir='ltr'><strong>incum-</strong></span> 
     </span>
    </p>
   </div>
   <div class='ocr_carea' id='block_1_61' title="bbox 502 4002 2082 4073">
    <p class='ocr_par' dir='ltr' id='par_1_61' title="bbox 502 4002 2082 4073">
     <span class='ocr_line' id='line_1_62' title="bbox 502 4002 2082 4073; baseline 0.001 -15"><span class='ocrx_word' id='word_1_447' title='bbox 502 4004 631 4058; x_wconf 87' lang='lat' dir='ltr'><strong>bere</strong></span> <span class='ocrx_word' id='word_1_448' title='bbox 654 4005 963 4073; x_wconf 88' lang='lat' dir='ltr'><strong>poterimus.</strong></span> <span class='ocrx_word' id='word_1_449' title='bbox 993 4003 1121 4057; x_wconf 86' lang='lat' dir='ltr'><strong>Nam</strong></span> <span class='ocrx_word' id='word_1_450' title='bbox 1146 4003 1283 4057; x_wconf 90' lang='lat' dir='ltr'><strong>sicut</strong></span> <span class='ocrx_word' id='word_1_451' title='bbox 1304 4002 1347 4056; x_wconf 94' lang='lat' dir='ltr'><strong>is</strong></span> <span class='ocrx_word' id='word_1_452' title='bbox 1372 4003 1461 4072; x_wconf 90' lang='lat' dir='ltr'><strong>qui</strong></span> <span class='ocrx_word' id='word_1_453' title='bbox 1487 4003 1630 4057; x_wconf 89' lang='lat' dir='ltr'><strong>illam</strong></span> <span class='ocrx_word' id='word_1_454' title='bbox 1652 4004 1793 4059; x_wconf 91' lang='lat' dir='ltr'><strong>diem</strong></span> <span class='ocrx_word' id='word_1_455' title='bbox 1816 4003 1885 4058; x_wconf 90' lang='lat' dir='ltr'><strong>ab</strong></span> <span class='ocrx_word' id='word_1_456' title='bbox 1904 4006 2082 4059; x_wconf 90' lang='lat' dir='ltr'><strong>animo</strong></span> 
     </span>
    </p>
   </div>
   <div class='ocr_carea' id='block_1_62' title="bbox 502 4092 2083 4165">
    <p class='ocr_par' dir='ltr' id='par_1_62' title="bbox 502 4092 2083 4165">
     <span class='ocr_line' id='line_1_63' title="bbox 502 4092 2083 4165; baseline 0.001 -17"><span class='ocrx_word' id='word_1_457' title='bbox 502 4096 667 4162; x_wconf 77' lang='lat' dir='ltr'><strong>ejicit,</strong></span> <span class='ocrx_word' id='word_1_458' title='bbox 696 4096 842 4165; x_wconf 89' lang='lat' dir='ltr'><strong>quasi</strong></span> <span class='ocrx_word' id='word_1_459' title='bbox 873 4110 1041 4165; x_wconf 91' lang='lat' dir='ltr'><strong>equus</strong></span> <span class='ocrx_word' id='word_1_460' title='bbox 1073 4108 1306 4149; x_wconf 80' lang='lat' dir='ltr'><strong>excusso</strong></span> <span class='ocrx_word' id='word_1_461' title='bbox 1346 4092 1499 4148; x_wconf 82' lang='lat' dir='ltr'><strong>freno</strong></span> <span class='ocrx_word' id='word_1_462' title='bbox 1543 4095 1594 4148; x_wconf 92' lang='lat' dir='ltr'><strong>in</strong></span> <span class='ocrx_word' id='word_1_463' title='bbox 1642 4096 1931 4164; x_wconf 73' lang='lat' dir='ltr'><strong>przecipitia</strong></span> <span class='ocrx_word' id='word_1_464' title='bbox 1976 4097 2083 4151; x_wconf 91' lang='lat' dir='ltr'><strong>ruit</strong></span> 
     </span>
    </p>
   </div>
   <div class='ocr_carea' id='block_1_63' title="bbox 501 4184 2081 4256">
    <p class='ocr_par' dir='ltr' id='par_1_63' title="bbox 501 4184 2081 4256">
     <span class='ocr_line' id='line_1_64' title="bbox 501 4184 2081 4256; baseline 0.001 -18"><span class='ocrx_word' id='word_1_465' title='bbox 501 4184 877 4255; x_wconf 81' lang='lat' dir='ltr'><strong>(Prafanantur</strong></span> <span class='ocrx_word' id='word_1_466' title='bbox 901 4185 1065 4250; x_wconf 89' lang='lat' dir='ltr'><strong>enim,</strong></span> <span class='ocrx_word' id='word_1_467' title='bbox 1100 4186 1287 4256; x_wconf 91' lang='lat' dir='ltr'><strong>inquit,</strong></span> <span class='ocrx_word' id='word_1_468' title='bbox 1317 4186 1410 4239; x_wconf 68' lang='lat' dir='ltr'><strong>vita</strong></span> <span class='ocrx_word' id='word_1_469' title='bbox 1446 4187 1555 4254; x_wconf 85' lang='lat' dir='ltr'><strong>ejus</strong></span> <span class='ocrx_word' id='word_1_470' title='bbox 1579 4185 1630 4238; x_wconf 88' lang='lat' dir='ltr'><strong>in</strong></span> <span class='ocrx_word' id='word_1_471' title='bbox 1657 4188 1793 4239; x_wconf 87' lang='lat' dir='ltr'><strong>omni</strong></span> <span class='ocrx_word' id='word_1_472' title='bbox 1827 4196 2081 4256; x_wconf 88' lang='lat' dir='ltr'><strong>tempore;</strong></span> 
     </span>
    </p>
   </div>
   <div class='ocr_carea' id='block_1_64' title="bbox 501 4278 2083 4351">
    <p class='ocr_par' dir='ltr' id='par_1_64' title="bbox 501 4278 2083 4351">
     <span class='ocr_line' id='line_1_65' title="bbox 501 4278 2083 4351; baseline 0.001 -18"><span class='ocrx_word' id='word_1_473' title='bbox 501 4289 555 4333; x_wconf 90' lang='lat' dir='ltr'><strong>et</strong></span> <span class='ocrx_word' id='word_1_474' title='bbox 581 4294 795 4333; x_wconf 89' lang='lat' dir='ltr'><strong>causam</strong></span> <span class='ocrx_word' id='word_1_475' title='bbox 827 4278 1058 4333; x_wconf 79' lang='lat' dir='ltr'><strong>aﬂ&#39;erens</strong></span> <span class='ocrx_word' id='word_1_476' title='bbox 1088 4280 1183 4343; x_wconf 88' lang='lat' dir='ltr'><strong>ait,</strong></span> <span class='ocrx_word' id='word_1_477' title='bbox 1218 4280 1529 4350; x_wconf 76' lang='lat' dir='ltr'><strong>Auferuntur</strong></span> <span class='ocrx_word' id='word_1_478' title='bbox 1547 4280 1749 4350; x_wconf 87' lang='lat' dir='ltr'><strong>judicia</strong></span> <span class='ocrx_word' id='word_1_479' title='bbox 1778 4289 1863 4332; x_wconf 91' lang='lat' dir='ltr'><strong>tua</strong></span> <span class='ocrx_word' id='word_1_480' title='bbox 1891 4296 1922 4333; x_wconf 91' lang='lat' dir='ltr'><strong>a</strong></span> <span class='ocrx_word' id='word_1_481' title='bbox 1952 4281 2083 4351; x_wconf 79' lang='lat' dir='ltr'><strong>facie</strong></span> 
     </span>
    </p>
   </div>
   <div class='ocr_carea' id='block_1_65' title="bbox 500 4370 2078 4446">
    <p class='ocr_par' dir='ltr' id='par_1_65' title="bbox 500 4370 2078 4446">
     <span class='ocr_line' id='line_1_66' title="bbox 500 4370 2078 4446; baseline -0.001 -20"><span class='ocrx_word' id='word_1_482' title='bbox 500 4375 608 4443; x_wconf 86' lang='lat' dir='ltr'><strong>ejus</strong></span> <span class='ocrx_word' id='word_1_483' title='bbox 631 4373 799 4446; x_wconf 80' lang='lat' dir='ltr'><strong>[PsaL</strong></span> <span class='ocrx_word' id='word_1_484' title='bbox 831 4373 883 4428; x_wconf 91' lang='lat'><strong>9.</strong></span> <span class='ocrx_word' id='word_1_485' title='bbox 910 4371 1022 4444; x_wconf 74' lang='lat'><strong>27])</strong></span> <span class='ocrx_word' id='word_1_486' title='bbox 1052 4390 1064 4425; x_wconf 92' lang='lat'><strong>:</strong></span> <span class='ocrx_word' id='word_1_487' title='bbox 1100 4373 1169 4425; x_wconf 91' lang='lat' dir='ltr'><strong>ita</strong></span> <span class='ocrx_word' id='word_1_488' title='bbox 1198 4371 1286 4441; x_wconf 91' lang='lat' dir='ltr'><strong>qui</strong></span> <span class='ocrx_word' id='word_1_489' title='bbox 1325 4385 1539 4440; x_wconf 86' lang='lat' dir='ltr'><strong>semper</strong></span> <span class='ocrx_word' id='word_1_490' title='bbox 1582 4370 1683 4425; x_wconf 90' lang='lat' dir='ltr'><strong>hoc</strong></span> <span class='ocrx_word' id='word_1_491' title='bbox 1710 4372 1899 4427; x_wconf 89' lang='lat' dir='ltr'><strong>timore</strong></span> <span class='ocrx_word' id='word_1_492' title='bbox 1928 4381 2078 4426; x_wconf 86' lang='lat' dir='ltr'><strong>tene-</strong></span> 
     </span>
    </p>
   </div>
   <div class='ocr_carea' id='block_1_66' title="bbox 501 4462 2076 4535">
    <p class='ocr_par' dir='ltr' id='par_1_66' title="bbox 501 4462 2076 4535">
     <span class='ocr_line' id='line_1_67' title="bbox 501 4462 2076 4535; baseline -0.004 -15"><span class='ocrx_word' id='word_1_493' title='bbox 501 4476 606 4528; x_wconf 93' lang='lat' dir='ltr'><strong>tur,</strong></span> <span class='ocrx_word' id='word_1_494' title='bbox 662 4476 1021 4535; x_wconf 83' lang='lat' dir='ltr'><strong>temperanter</strong></span> <span class='ocrx_word' id='word_1_495' title='bbox 1068 4465 1296 4519; x_wconf 88' lang='lat' dir='ltr'><strong>incedet.</strong></span> <span class='ocrx_word' id='word_1_496' title='bbox 1348 4464 1501 4525; x_wconf 88' lang='lat' dir='ltr'><strong>Nam,</strong></span> <span class='ocrx_word' id='word_1_497' title='bbox 1550 4462 1857 4527; x_wconf 84' lang='lat' dir='ltr'><strong>Recordare,</strong></span> <span class='ocrx_word' id='word_1_498' title='bbox 1888 4463 2076 4532; x_wconf 85' lang='lat' dir='ltr'><strong>inquit,</strong></span> 
     </span>
    </p>
   </div>
   <div class='ocr_carea' id='block_1_67' title="bbox 500 4554 2076 4627">
    <p class='ocr_par' dir='ltr' id='par_1_67' title="bbox 500 4554 2076 4627">
     <span class='ocr_line' id='line_1_68' title="bbox 500 4554 2076 4627; baseline 0.001 -16"><span class='ocrx_word' id='word_1_499' title='bbox 500 4560 771 4613; x_wconf 81' lang='lat' dir='ltr'><strong>novissima</strong></span> <span class='ocrx_word' id='word_1_500' title='bbox 812 4568 918 4621; x_wconf 89' lang='lat' dir='ltr'><strong>tua,</strong></span> <span class='ocrx_word' id='word_1_501' title='bbox 961 4566 1006 4613; x_wconf 92' lang='lat' dir='ltr'><strong>et</strong></span> <span class='ocrx_word' id='word_1_502' title='bbox 1052 4559 1103 4611; x_wconf 88' lang='lat' dir='ltr'><strong>iu</strong></span> <span class='ocrx_word' id='word_1_503' title='bbox 1140 4567 1384 4611; x_wconf 77' lang='lat' dir='ltr'><strong>teternum</strong></span> <span class='ocrx_word' id='word_1_504' title='bbox 1414 4573 1515 4609; x_wconf 86' lang='lat' dir='ltr'><strong>non</strong></span> <span class='ocrx_word' id='word_1_505' title='bbox 1542 4556 1769 4624; x_wconf 84' lang='lat' dir='ltr'><strong>peccabis</strong></span> <span class='ocrx_word' id='word_1_506' title='bbox 1809 4554 1996 4627; x_wconf 88' lang='lat' dir='ltr'><strong>(Eccli.</strong></span> <span class='ocrx_word' id='word_1_507' title='bbox 2023 4557 2076 4611; x_wconf 91' lang='lat'><strong>7.</strong></span> 
     </span>
    </p>
   </div>
   <div class='ocr_carea' id='block_1_68' title="bbox 499 4648 2082 4717">
    <p class='ocr_par' dir='ltr' id='par_1_68' title="bbox 499 4648 2082 4717">
     <span class='ocr_line' id='line_1_69' title="bbox 499 4648 2082 4717; baseline -0.001 -13"><span class='ocrx_word' id='word_1_508' title='bbox 499 4650 610 4715; x_wconf 67' lang='lat'><strong>£0).</strong></span> <span class='ocrx_word' id='word_1_509' title='bbox 637 4650 736 4717; x_wconf 87' lang='lat' dir='ltr'><strong>Qui</strong></span> <span class='ocrx_word' id='word_1_510' title='bbox 766 4650 907 4703; x_wconf 89' lang='lat' dir='ltr'><strong>enim</strong></span> <span class='ocrx_word' id='word_1_511' title='bbox 936 4665 1075 4704; x_wconf 90' lang='lat' dir='ltr'><strong>nunc</strong></span> <span class='ocrx_word' id='word_1_512' title='bbox 1095 4649 1313 4703; x_wconf 91' lang='lat' dir='ltr'><strong>dimittit</strong></span> <span class='ocrx_word' id='word_1_513' title='bbox 1340 4648 1493 4702; x_wconf 88' lang='lat' dir='ltr'><strong>nobis</strong></span> <span class='ocrx_word' id='word_1_514' title='bbox 1516 4658 1747 4717; x_wconf 90' lang='lat' dir='ltr'><strong>peccata,</strong></span> <span class='ocrx_word' id='word_1_515' title='bbox 1779 4648 1824 4701; x_wconf 82' lang='lat' dir='ltr'><strong>is</strong></span> <span class='ocrx_word' id='word_1_516' title='bbox 1857 4657 1981 4702; x_wconf 87' lang='lat' dir='ltr'><strong>tunc</strong></span> <span class='ocrx_word' id='word_1_517' title='bbox 1995 4648 2082 4716; x_wconf 92' lang='lat' dir='ltr'><strong>ju-</strong></span> 
     </span>
    </p>
   </div>
   <div class='ocr_carea' id='block_1_69' title="bbox 498 4739 2082 4811">
    <p class='ocr_par' dir='ltr' id='par_1_69' title="bbox 498 4739 2082 4811">
     <span class='ocr_line' id='line_1_70' title="bbox 498 4739 2082 4811; baseline -0.001 -14"><span class='ocrx_word' id='word_1_518' title='bbox 498 4742 602 4797; x_wconf 80' lang='lat' dir='ltr'><strong>dex</strong></span> <span class='ocrx_word' id='word_1_519' title='bbox 634 4742 871 4802; x_wconf 76' lang='lat' dir='ltr'><strong>sedebit;</strong></span> <span class='ocrx_word' id='word_1_520' title='bbox 903 4742 991 4811; x_wconf 90' lang='lat' dir='ltr'><strong>qui</strong></span> <span class='ocrx_word' id='word_1_521' title='bbox 1020 4751 1261 4797; x_wconf 90' lang='lat' dir='ltr'><strong>mortuus</strong></span> <span class='ocrx_word' id='word_1_522' title='bbox 1296 4750 1377 4795; x_wconf 93' lang='lat' dir='ltr'><strong>est</strong></span> <span class='ocrx_word' id='word_1_523' title='bbox 1412 4756 1509 4809; x_wconf 91' lang='lat' dir='ltr'><strong>pro</strong></span> <span class='ocrx_word' id='word_1_524' title='bbox 1551 4740 1725 4807; x_wconf 92' lang='lat' dir='ltr'><strong>nobis,</strong></span> <span class='ocrx_word' id='word_1_525' title='bbox 1756 4739 1843 4796; x_wconf 92' lang='lat' dir='ltr'><strong>hic</strong></span> <span class='ocrx_word' id='word_1_526' title='bbox 1868 4740 2082 4796; x_wconf 89' lang='lat' dir='ltr'><strong>univer-</strong></span> 
     </span>
    </p>
   </div>
   <div class='ocr_carea' id='block_1_70' title="bbox 498 4829 2077 4901">
    <p class='ocr_par' dir='ltr' id='par_1_70' title="bbox 498 4829 2077 4901">
     <span class='ocr_line' id='line_1_71' title="bbox 498 4829 2077 4901; baseline -0.002 -14"><span class='ocrx_word' id='word_1_527' title='bbox 498 4847 611 4887; x_wconf 87' lang='lat' dir='ltr'><strong>sam</strong></span> <span class='ocrx_word' id='word_1_528' title='bbox 639 4842 879 4887; x_wconf 90' lang='lat' dir='ltr'><strong>naturam</strong></span> <span class='ocrx_word' id='word_1_529' title='bbox 895 4832 1141 4901; x_wconf 84' lang='lat' dir='ltr'><strong>judicans</strong></span> <span class='ocrx_word' id='word_1_530' title='bbox 1160 4831 1458 4900; x_wconf 87' lang='lat' dir='ltr'><strong>apparebit.</strong></span> <span class='ocrx_word' id='word_1_531' title='bbox 1484 4829 1678 4885; x_wconf 88' lang='lat' dir='ltr'><strong>Iterum</strong></span> <span class='ocrx_word' id='word_1_532' title='bbox 1697 4831 1861 4897; x_wconf 90' lang='lat' dir='ltr'><strong>enim,</strong></span> <span class='ocrx_word' id='word_1_533' title='bbox 1886 4832 2077 4901; x_wconf 86' lang='lat' dir='ltr'><strong>inquit,</strong></span> 
     </span>
    </p>
   </div>
   <div class='ocr_carea' id='block_1_71' title="bbox 498 4922 2077 4994">
    <p class='ocr_par' dir='ltr' id='par_1_71' title="bbox 498 4922 2077 4994">
     <span class='ocr_line' id='line_1_72' title="bbox 498 4922 2077 4994; baseline -0.001 -16"><span class='ocrx_word' id='word_1_534' title='bbox 498 4926 608 4978; x_wconf 85' lang='lat' dir='ltr'><strong>sine</strong></span> <span class='ocrx_word' id='word_1_535' title='bbox 632 4934 836 4993; x_wconf 83' lang='lat' dir='ltr'><strong>peccato</strong></span> <span class='ocrx_word' id='word_1_536' title='bbox 863 4924 1112 4977; x_wconf 84' lang='lat' dir='ltr'><strong>uidebitur</strong></span> <span class='ocrx_word' id='word_1_537' title='bbox 1154 4922 1536 4994; x_wconf 84' lang='lat' dir='ltr'><strong>suscipientibus</strong></span> <span class='ocrx_word' id='word_1_538' title='bbox 1573 4923 1738 4992; x_wconf 89' lang='lat' dir='ltr'><strong>ipsum</strong></span> <span class='ocrx_word' id='word_1_539' title='bbox 1772 4924 1841 4976; x_wconf 90' lang='lat' dir='ltr'><strong>ad</strong></span> <span class='ocrx_word' id='word_1_540' title='bbox 1864 4924 2077 4978; x_wconf 87' lang='lat' dir='ltr'><strong>salutem</strong></span> 
     </span>
    </p>
   </div>
   <div class='ocr_carea' id='block_1_72' title="bbox 498 5012 2078 5082">
    <p class='ocr_par' dir='ltr' id='par_1_72' title="bbox 498 5012 2078 5082">
     <span class='ocr_line' id='line_1_73' title="bbox 498 5012 2078 5082; baseline 0 -14"><span class='ocrx_word' id='word_1_541' title='bbox 498 5017 518 5078; x_wconf 85' lang='lat'><strong><em>(</em></strong></span> <span class='ocrx_word' id='word_1_542' title='bbox 532 5014 686 5069; x_wconf 79' lang='lat' dir='ltr'><strong>Ilrbr.</strong></span> <span class='ocrx_word' id='word_1_543' title='bbox 716 5014 766 5068; x_wconf 87' lang='lat'><strong>9.</strong></span> <span class='ocrx_word' id='word_1_544' title='bbox 792 5014 904 5082; x_wconf 74' lang='lat'><strong>28).</strong></span> <span class='ocrx_word' id='word_1_545' title='bbox 934 5014 1288 5081; x_wconf 84' lang='lat' dir='ltr'><strong>Quamobrem</strong></span> <span class='ocrx_word' id='word_1_546' title='bbox 1318 5013 1419 5069; x_wconf 89' lang='lat' dir='ltr'><strong>hoc</strong></span> <span class='ocrx_word' id='word_1_547' title='bbox 1438 5015 1555 5068; x_wconf 90' lang='lat' dir='ltr'><strong>loco</strong></span> <span class='ocrx_word' id='word_1_548' title='bbox 1581 5013 1740 5067; x_wconf 90' lang='lat' dir='ltr'><strong>dicit:</strong></span> <span class='ocrx_word' id='word_1_549' title='bbox 1766 5012 1923 5068; x_wconf 91' lang='lat' dir='ltr'><strong>Pater</strong></span> <span class='ocrx_word' id='word_1_550' title='bbox 1938 5032 2078 5068; x_wconf 81' lang='lat' dir='ltr'><strong>mens</strong></span> 
     </span>
    </p>
   </div>
   <div class='ocr_carea' id='block_1_73' title="bbox 496 5105 2073 5177">
    <p class='ocr_par' dir='ltr' id='par_1_73' title="bbox 496 5105 2073 5177">
     <span class='ocr_line' id='line_1_74' title="bbox 496 5105 2073 5177; baseline 0 -17"><span class='ocrx_word' id='word_1_551' title='bbox 496 5123 597 5160; x_wconf 82' lang='lat' dir='ltr'><strong>non</strong></span> <span class='ocrx_word' id='word_1_552' title='bbox 604 5107 807 5177; x_wconf 86' lang='lat' dir='ltr'><strong>judicat</strong></span> <span class='ocrx_word' id='word_1_553' title='bbox 830 5123 1148 5176; x_wconf 84' lang='lat' dir='ltr'><strong>quemquam,</strong></span> <span class='ocrx_word' id='word_1_554' title='bbox 1168 5123 1255 5159; x_wconf 87' lang='lat' dir='ltr'><strong>sea</strong></span> <span class='ocrx_word' id='word_1_555' title='bbox 1283 5123 1429 5159; x_wconf 86' lang='lat' dir='ltr'><strong>omne</strong></span> <span class='ocrx_word' id='word_1_556' title='bbox 1444 5107 1701 5175; x_wconf 89' lang='lat' dir='ltr'><strong>judicium</strong></span> <span class='ocrx_word' id='word_1_557' title='bbox 1746 5106 1884 5159; x_wconf 86' lang='lat' dir='ltr'><strong>dedit</strong></span> <span class='ocrx_word' id='word_1_558' title='bbox 1918 5105 2073 5170; x_wconf 84' lang='lat' dir='ltr'><strong>Filio,</strong></span> 
     </span>
    </p>
   </div>
   <div class='ocr_carea' id='block_1_74' title="bbox 496 5197 2073 5267">
    <p class='ocr_par' dir='ltr' id='par_1_74' title="bbox 496 5197 2073 5267">
     <span class='ocr_line' id='line_1_75' title="bbox 496 5197 2073 5267; baseline 0.001 -16"><span class='ocrx_word' id='word_1_559' title='bbox 496 5209 553 5253; x_wconf 74' lang='lat' dir='ltr'><strong>ut</strong></span> <span class='ocrx_word' id='word_1_560' title='bbox 581 5216 751 5253; x_wconf 86' lang='lat' dir='ltr'><strong>omnes</strong></span> <span class='ocrx_word' id='word_1_561' title='bbox 780 5199 1111 5267; x_wconf 81' lang='lat' dir='ltr'><strong>honeri/icent</strong></span> <span class='ocrx_word' id='word_1_562' title='bbox 1142 5197 1353 5261; x_wconf 86' lang='lat' dir='ltr'><strong>Filium,</strong></span> <span class='ocrx_word' id='word_1_563' title='bbox 1385 5209 1439 5252; x_wconf 91' lang='lat' dir='ltr'><strong>ut</strong></span> <span class='ocrx_word' id='word_1_564' title='bbox 1468 5198 1804 5265; x_wconf 78' lang='lat' dir='ltr'><strong>honoriﬁcam</strong></span> <span class='ocrx_word' id='word_1_565' title='bbox 1846 5199 2073 5253; x_wconf 87' lang='lat' dir='ltr'><strong>Patrem.</strong></span> 
     </span>
    </p>
   </div>
   <div class='ocr_carea' id='block_1_75' title="bbox 497 5288 2076 5358">
    <p class='ocr_par' dir='ltr' id='par_1_75' title="bbox 497 5288 2076 5358">
     <span class='ocr_line' id='line_1_76' title="bbox 497 5288 2076 5358; baseline 0.001 -15"><span class='ocrx_word' id='word_1_566' title='bbox 497 5289 709 5357; x_wconf 76' lang='lat' dir='ltr'><strong>Ergone</strong></span> <span class='ocrx_word' id='word_1_567' title='bbox 740 5290 969 5348; x_wconf 87' lang='lat' dir='ltr'><strong>Patrem,</strong></span> <span class='ocrx_word' id='word_1_568' title='bbox 1015 5288 1241 5358; x_wconf 79' lang='lat' dir='ltr'><strong>inquies,</strong></span> <span class='ocrx_word' id='word_1_569' title='bbox 1275 5289 1417 5341; x_wconf 92' lang='lat' dir='ltr'><strong>illum</strong></span> <span class='ocrx_word' id='word_1_570' title='bbox 1449 5288 1719 5343; x_wconf 89' lang='lat' dir='ltr'><strong>dicemus?</strong></span> <span class='ocrx_word' id='word_1_571' title='bbox 1749 5288 1918 5344; x_wconf 82' lang='lat' dir='ltr'><strong>Absit.</strong></span> <span class='ocrx_word' id='word_1_572' title='bbox 1950 5288 2076 5344; x_wconf 87' lang='lat' dir='ltr'><strong>Ideo</strong></span> 
     </span>
    </p>
   </div>
   <div class='ocr_carea' id='block_1_76' title="bbox 495 5380 2075 5451">
    <p class='ocr_par' dir='ltr' id='par_1_76' title="bbox 495 5380 2075 5451">
     <span class='ocr_line' id='line_1_77' title="bbox 495 5380 2075 5451; baseline -0.001 -17"><span class='ocrx_word' id='word_1_573' title='bbox 495 5397 725 5451; x_wconf 88' lang='lat' dir='ltr'><strong>namque</strong></span> <span class='ocrx_word' id='word_1_574' title='bbox 767 5381 897 5436; x_wconf 92' lang='lat' dir='ltr'><strong>dicit</strong></span> <span class='ocrx_word' id='word_1_575' title='bbox 947 5380 1162 5446; x_wconf 85' lang='lat' dir='ltr'><strong>Filium,</strong></span> <span class='ocrx_word' id='word_1_576' title='bbox 1209 5388 1267 5434; x_wconf 92' lang='lat' dir='ltr'><strong>ut</strong></span> <span class='ocrx_word' id='word_1_577' title='bbox 1290 5380 1483 5435; x_wconf 88' lang='lat' dir='ltr'><strong>Filitnn</strong></span> <span class='ocrx_word' id='word_1_578' title='bbox 1518 5390 1817 5434; x_wconf 90' lang='lat' dir='ltr'><strong>manentem</strong></span> <span class='ocrx_word' id='word_1_579' title='bbox 1848 5381 2075 5435; x_wconf 87' lang='lat' dir='ltr'><strong>honore-</strong></span> 
     </span>
    </p>
   </div>
   <div class='ocr_carea' id='block_1_77' title="bbox 493 5471 2071 5543">
    <p class='ocr_par' dir='ltr' id='par_1_77' title="bbox 493 5471 2071 5543">
     <span class='ocr_line' id='line_1_78' title="bbox 493 5471 2071 5543; baseline -0.001 -15"><span class='ocrx_word' id='word_1_580' title='bbox 493 5491 613 5530; x_wconf 86' lang='lat' dir='ltr'><strong>mus</strong></span> <span class='ocrx_word' id='word_1_581' title='bbox 638 5476 775 5530; x_wconf 86' lang='lat' dir='ltr'><strong>sicut</strong></span> <span class='ocrx_word' id='word_1_582' title='bbox 803 5476 1037 5530; x_wconf 88' lang='lat' dir='ltr'><strong>Patrem.</strong></span> <span class='ocrx_word' id='word_1_583' title='bbox 1069 5471 1167 5542; x_wconf 82' lang='lat' dir='ltr'><strong>Qui</strong></span> <span class='ocrx_word' id='word_1_584' title='bbox 1196 5488 1323 5528; x_wconf 89' lang='lat' dir='ltr'><strong>vero</strong></span> <span class='ocrx_word' id='word_1_585' title='bbox 1345 5474 1514 5543; x_wconf 89' lang='lat' dir='ltr'><strong>ipsum</strong></span> <span class='ocrx_word' id='word_1_586' title='bbox 1541 5482 1693 5527; x_wconf 87' lang='lat' dir='ltr'><strong>vocat</strong></span> <span class='ocrx_word' id='word_1_587' title='bbox 1713 5474 1947 5539; x_wconf 85' lang='lat' dir='ltr'><strong>Patrem,</strong></span> <span class='ocrx_word' id='word_1_588' title='bbox 1968 5490 2071 5527; x_wconf 90' lang='lat' dir='ltr'><strong>non</strong></span> 
     </span>
    </p>
   </div>
   <div class='ocr_carea' id='block_1_78' title="bbox 493 5564 2068 5630">
    <p class='ocr_par' dir='ltr' id='par_1_78' title="bbox 493 5564 2068 5630">
     <span class='ocr_line' id='line_1_79' title="bbox 493 5564 2068 5630; baseline 0 -12"><span class='ocrx_word' id='word_1_589' title='bbox 493 5566 630 5619; x_wconf 90' lang='lat' dir='ltr'><strong>ultra</strong></span> <span class='ocrx_word' id='word_1_590' title='bbox 677 5566 869 5621; x_wconf 83' lang='lat' dir='ltr'><strong>Filium</strong></span> <span class='ocrx_word' id='word_1_591' title='bbox 916 5576 973 5621; x_wconf 91' lang='lat' dir='ltr'><strong>ut</strong></span> <span class='ocrx_word' id='word_1_592' title='bbox 998 5567 1210 5621; x_wconf 85' lang='lat' dir='ltr'><strong>Patrem</strong></span> <span class='ocrx_word' id='word_1_593' title='bbox 1255 5564 1501 5630; x_wconf 81' lang='lat' dir='ltr'><strong>honorat,</strong></span> <span class='ocrx_word' id='word_1_594' title='bbox 1536 5566 1628 5620; x_wconf 90' lang='lat' dir='ltr'><strong>sed</strong></span> <span class='ocrx_word' id='word_1_595' title='bbox 1659 5567 1833 5620; x_wconf 88' lang='lat' dir='ltr'><strong>omnia</strong></span> <span class='ocrx_word' id='word_1_596' title='bbox 1864 5566 2068 5619; x_wconf 90' lang='lat' dir='ltr'><strong>miscet.</strong></span> 
     </span>
    </p>
   </div>
   <div class='ocr_carea' id='block_1_79' title="bbox 491 5656 2075 5729">
    <p class='ocr_par' dir='ltr' id='par_1_79' title="bbox 491 5656 2075 5729">
     <span class='ocr_line' id='line_1_80' title="bbox 491 5656 2075 5729; baseline 0.001 -19"><span class='ocrx_word' id='word_1_597' title='bbox 491 5656 624 5724; x_wconf 80' lang='lat' dir='ltr'><strong>Quia</strong></span> <span class='ocrx_word' id='word_1_598' title='bbox 652 5673 783 5729; x_wconf 80' lang='lat' dir='ltr'><strong>ergo</strong></span> <span class='ocrx_word' id='word_1_599' title='bbox 812 5659 1072 5714; x_wconf 79' lang='lat' dir='ltr'><strong>beneﬁcio</strong></span> <span class='ocrx_word' id='word_1_600' title='bbox 1101 5658 1275 5713; x_wconf 80' lang='lat' dir='ltr'><strong>aﬂ‘ecti</strong></span> <span class='ocrx_word' id='word_1_601' title='bbox 1303 5657 1549 5713; x_wconf 91' lang='lat' dir='ltr'><strong>homines</strong></span> <span class='ocrx_word' id='word_1_602' title='bbox 1592 5674 1695 5712; x_wconf 93' lang='lat' dir='ltr'><strong>non</strong></span> <span class='ocrx_word' id='word_1_603' title='bbox 1740 5661 1807 5713; x_wconf 83' lang='lat' dir='ltr'><strong>ita</strong></span> <span class='ocrx_word' id='word_1_604' title='bbox 1853 5659 1918 5712; x_wconf 90' lang='lat' dir='ltr'><strong>ad</strong></span> <span class='ocrx_word' id='word_1_605' title='bbox 1959 5657 2075 5712; x_wconf 71' lang='lat' dir='ltr'><strong>olli-</strong></span> 
     </span>
    </p>
   </div>
   <div class='ocr_carea' id='block_1_80' title="bbox 492 5748 2075 5820">
    <p class='ocr_par' dir='ltr' id='par_1_80' title="bbox 492 5748 2075 5820">
     <span class='ocr_line' id='line_1_81' title="bbox 492 5748 2075 5820; baseline 0 -17"><span class='ocrx_word' id='word_1_606' title='bbox 492 5750 634 5804; x_wconf 85' lang='lat' dir='ltr'><strong>cium</strong></span> <span class='ocrx_word' id='word_1_607' title='bbox 658 5752 904 5819; x_wconf 86' lang='lat' dir='ltr'><strong>redeunt,</strong></span> <span class='ocrx_word' id='word_1_608' title='bbox 948 5761 1005 5805; x_wconf 91' lang='lat' dir='ltr'><strong>ut</strong></span> <span class='ocrx_word' id='word_1_609' title='bbox 1056 5749 1329 5820; x_wconf 77' lang='lat' dir='ltr'><strong>castigati;</strong></span> <span class='ocrx_word' id='word_1_610' title='bbox 1364 5748 1485 5806; x_wconf 90' lang='lat' dir='ltr'><strong>ideo</strong></span> <span class='ocrx_word' id='word_1_611' title='bbox 1518 5751 1772 5807; x_wconf 81' lang='lat' dir='ltr'><strong>terribilia</strong></span> <span class='ocrx_word' id='word_1_612' title='bbox 1816 5752 1969 5818; x_wconf 77' lang='lat' dir='ltr'><strong>dixit,</strong></span> <span class='ocrx_word' id='word_1_613' title='bbox 2017 5758 2075 5804; x_wconf 88' lang='lat' dir='ltr'><strong>ut</strong></span> 
     </span>
    </p>
   </div>
   <div class='ocr_carea' id='block_1_81' title="bbox 2213 2627 3782 2685">
    <p class='ocr_par' dir='ltr' id='par_1_81' title="bbox 2213 2627 3782 2685">
     <span class='ocr_line' id='line_1_82' title="bbox 2213 2627 3782 2685; baseline 0.003 -5"><span class='ocrx_word' id='word_1_614' title='bbox 2213 2637 2386 2681; x_wconf 91' lang='lat' dir='ltr'><strong>metus</strong></span> <span class='ocrx_word' id='word_1_615' title='bbox 2417 2628 2603 2682; x_wconf 88' lang='lat' dir='ltr'><strong>saltem</strong></span> <span class='ocrx_word' id='word_1_616' title='bbox 2634 2627 2699 2681; x_wconf 90' lang='lat' dir='ltr'><strong>ad</strong></span> <span class='ocrx_word' id='word_1_617' title='bbox 2732 2627 2987 2682; x_wconf 89' lang='lat' dir='ltr'><strong>honorem</strong></span> <span class='ocrx_word' id='word_1_618' title='bbox 3014 2628 3111 2682; x_wconf 86' lang='lat' dir='ltr'><strong>sibi</strong></span> <span class='ocrx_word' id='word_1_619' title='bbox 3159 2629 3432 2684; x_wconf 89' lang='lat' dir='ltr'><strong>ferendum</strong></span> <span class='ocrx_word' id='word_1_620' title='bbox 3479 2629 3712 2685; x_wconf 83' lang='lat' dir='ltr'><strong>traheret</strong></span> <span class='ocrx_word' id='word_1_621' title='bbox 3740 2632 3782 2684; x_wconf 82' lang='lat'><strong>&#39;.</strong></span> 
     </span>
    </p>
   </div>
   <div class='ocr_carea' id='block_1_82' title="bbox 2208 2717 3783 2790">
    <p class='ocr_par' dir='ltr' id='par_1_82' title="bbox 2208 2717 3783 2790">
     <span class='ocr_line' id='line_1_83' title="bbox 2208 2717 3783 2790; baseline 0.001 -18"><span class='ocrx_word' id='word_1_622' title='bbox 2208 2717 2339 2773; x_wconf 91' lang='lat' dir='ltr'><strong>Cum</strong></span> <span class='ocrx_word' id='word_1_623' title='bbox 2363 2718 2507 2782; x_wconf 91' lang='lat' dir='ltr'><strong>dicit,</strong></span> <span class='ocrx_word' id='word_1_624' title='bbox 2551 2718 2729 2781; x_wconf 83' lang='lat' dir='ltr'><strong>Omne,</strong></span> <span class='ocrx_word' id='word_1_625' title='bbox 2761 2720 2810 2773; x_wconf 91' lang='lat' dir='ltr'><strong>id</strong></span> <span class='ocrx_word' id='word_1_626' title='bbox 2840 2730 2940 2785; x_wconf 88' lang='lat' dir='ltr'><strong>est,</strong></span> <span class='ocrx_word' id='word_1_627' title='bbox 2990 2721 3238 2788; x_wconf 90' lang='lat' dir='ltr'><strong>puniendi</strong></span> <span class='ocrx_word' id='word_1_628' title='bbox 3276 2730 3332 2775; x_wconf 90' lang='lat' dir='ltr'><strong>et</strong></span> <span class='ocrx_word' id='word_1_629' title='bbox 3362 2721 3649 2775; x_wconf 88' lang='lat' dir='ltr'><strong>honorandi</strong></span> <span class='ocrx_word' id='word_1_630' title='bbox 3683 2738 3783 2790; x_wconf 87' lang='lat' dir='ltr'><strong>po-</strong></span> 
     </span>
    </p>
   </div>
   <div class='ocr_carea' id='block_1_83' title="bbox 2209 2809 3781 2880">
    <p class='ocr_par' dir='ltr' id='par_1_83' title="bbox 2209 2809 3781 2880">
     <span class='ocr_line' id='line_1_84' title="bbox 2209 2809 3781 2880; baseline 0.003 -18"><span class='ocrx_word' id='word_1_631' title='bbox 2209 2817 2452 2862; x_wconf 89' lang='lat' dir='ltr'><strong>testatem</strong></span> <span class='ocrx_word' id='word_1_632' title='bbox 2482 2809 2661 2872; x_wconf 92' lang='lat' dir='ltr'><strong>habet,</strong></span> <span class='ocrx_word' id='word_1_633' title='bbox 2693 2819 2851 2880; x_wconf 89' lang='lat' dir='ltr'><strong>atque</strong></span> <span class='ocrx_word' id='word_1_634' title='bbox 2881 2820 3163 2880; x_wconf 87' lang='lat' dir='ltr'><strong>utrumque</strong></span> <span class='ocrx_word' id='word_1_635' title='bbox 3196 2828 3289 2879; x_wconf 91' lang='lat' dir='ltr'><strong>pro</strong></span> <span class='ocrx_word' id='word_1_636' title='bbox 3326 2812 3491 2866; x_wconf 91' lang='lat' dir='ltr'><strong>lubito</strong></span> <span class='ocrx_word' id='word_1_637' title='bbox 3531 2811 3781 2866; x_wconf 76' lang='lat' dir='ltr'><strong>faciendi.</strong></span> 
     </span>
    </p>
   </div>
   <div class='ocr_carea' id='block_1_84' title="bbox 2206 2900 3781 2975">
    <p class='ocr_par' dir='ltr' id='par_1_84' title="bbox 2206 2900 3781 2975">
     <span class='ocr_line' id='line_1_85' title="bbox 2206 2900 3781 2975; baseline 0.001 -20"><span class='ocrx_word' id='word_1_638' title='bbox 2206 2900 2340 2956; x_wconf 90' lang='lat' dir='ltr'><strong>Illud</strong></span> <span class='ocrx_word' id='word_1_639' title='bbox 2368 2918 2513 2965; x_wconf 90' lang='lat' dir='ltr'><strong>vero,</strong></span> <span class='ocrx_word' id='word_1_640' title='bbox 2544 2901 2717 2968; x_wconf 88' lang='lat' dir='ltr'><strong>Dedit,</strong></span> <span class='ocrx_word' id='word_1_641' title='bbox 2766 2904 2962 2957; x_wconf 91' lang='lat' dir='ltr'><strong>dictum</strong></span> <span class='ocrx_word' id='word_1_642' title='bbox 2991 2913 3095 2965; x_wconf 89' lang='lat' dir='ltr'><strong>est,</strong></span> <span class='ocrx_word' id='word_1_643' title='bbox 3128 2921 3195 2959; x_wconf 88' lang='lat' dir='ltr'><strong>ne</strong></span> <span class='ocrx_word' id='word_1_644' title='bbox 3218 2904 3387 2974; x_wconf 92' lang='lat' dir='ltr'><strong>ipsum</strong></span> <span class='ocrx_word' id='word_1_645' title='bbox 3414 2920 3516 2958; x_wconf 91' lang='lat' dir='ltr'><strong>non</strong></span> <span class='ocrx_word' id='word_1_646' title='bbox 3544 2908 3781 2975; x_wconf 84' lang='lat' dir='ltr'><strong>genitum</strong></span> 
     </span>
    </p>
   </div>
   <div class='ocr_carea' id='block_1_85' title="bbox 2203 2994 3780 3064">
    <p class='ocr_par' dir='ltr' id='par_1_85' title="bbox 2203 2994 3780 3064">
     <span class='ocr_line' id='line_1_86' title="bbox 2203 2994 3780 3064; baseline 0.002 -17"><span class='ocrx_word' id='word_1_647' title='bbox 2203 3007 2325 3047; x_wconf 90' lang='lat' dir='ltr'><strong>esse</strong></span> <span class='ocrx_word' id='word_1_648' title='bbox 2350 2994 2659 3062; x_wconf 84' lang='lat' dir='ltr'><strong>suSpiceris,</strong></span> <span class='ocrx_word' id='word_1_649' title='bbox 2691 3010 2865 3063; x_wconf 91' lang='lat' dir='ltr'><strong>neque</strong></span> <span class='ocrx_word' id='word_1_650' title='bbox 2902 3006 3052 3064; x_wconf 87' lang='lat' dir='ltr'><strong>putes</strong></span> <span class='ocrx_word' id='word_1_651' title='bbox 3081 2995 3214 3049; x_wconf 92' lang='lat' dir='ltr'><strong>duos</strong></span> <span class='ocrx_word' id='word_1_652' title='bbox 3258 3011 3377 3049; x_wconf 84' lang='lat' dir='ltr'><strong>esse</strong></span> <span class='ocrx_word' id='word_1_653' title='bbox 3408 2997 3622 3050; x_wconf 80' lang='lat' dir='ltr'><strong>Patres:</strong></span> <span class='ocrx_word' id='word_1_654' title='bbox 3654 3011 3780 3050; x_wconf 86' lang='lat' dir='ltr'><strong>nam</strong></span> 
     </span>
    </p>
   </div>
   <div class='ocr_carea' id='block_1_86' title="bbox 2203 3084 3783 3157">
    <p class='ocr_par' dir='ltr' id='par_1_86' title="bbox 2203 3084 3783 3157">
     <span class='ocr_line' id='line_1_87' title="bbox 2203 3084 3783 3157; baseline 0.003 -19"><span class='ocrx_word' id='word_1_655' title='bbox 2203 3085 2457 3155; x_wconf 88' lang='lat' dir='ltr'><strong>quidquid</strong></span> <span class='ocrx_word' id='word_1_656' title='bbox 2488 3095 2571 3138; x_wconf 88' lang='lat' dir='ltr'><strong>est</strong></span> <span class='ocrx_word' id='word_1_657' title='bbox 2600 3084 2777 3150; x_wconf 85' lang='lat' dir='ltr'><strong>Pater,</strong></span> <span class='ocrx_word' id='word_1_658' title='bbox 2804 3094 2885 3139; x_wconf 86' lang='lat' dir='ltr'><strong>est</strong></span> <span class='ocrx_word' id='word_1_659' title='bbox 2913 3094 2966 3139; x_wconf 87' lang='lat' dir='ltr'><strong>et</strong></span> <span class='ocrx_word' id='word_1_660' title='bbox 2992 3086 3159 3140; x_wconf 84' lang='lat' dir='ltr'><strong>Filius</strong></span> <span class='ocrx_word' id='word_1_661' title='bbox 3180 3088 3223 3151; x_wconf 76' lang='grc'><strong>³,</strong></span> <span class='ocrx_word' id='word_1_662' title='bbox 3255 3088 3463 3157; x_wconf 90' lang='lat' dir='ltr'><strong>genitus</strong></span> <span class='ocrx_word' id='word_1_663' title='bbox 3511 3097 3564 3141; x_wconf 91' lang='lat' dir='ltr'><strong>et</strong></span> <span class='ocrx_word' id='word_1_664' title='bbox 3615 3087 3783 3142; x_wconf 85' lang='lat' dir='ltr'><strong>Filius</strong></span> 
     </span>
    </p>
   </div>
   <div class='ocr_carea' id='block_1_87' title="bbox 2204 3177 3779 3250">
    <p class='ocr_par' dir='ltr' id='par_1_87' title="bbox 2204 3177 3779 3250">
     <span class='ocr_line' id='line_1_88' title="bbox 2204 3177 3779 3250; baseline 0.001 -19"><span class='ocrx_word' id='word_1_665' title='bbox 2204 3193 2445 3231; x_wconf 88' lang='lat' dir='ltr'><strong>manens.</strong></span> <span class='ocrx_word' id='word_1_666' title='bbox 2476 3177 2543 3233; x_wconf 89' lang='lat' dir='ltr'><strong>Ut</strong></span> <span class='ocrx_word' id='word_1_667' title='bbox 2564 3193 2695 3232; x_wconf 84' lang='lat' dir='ltr'><strong>vero</strong></span> <span class='ocrx_word' id='word_1_668' title='bbox 2714 3177 2889 3232; x_wconf 88' lang='lat' dir='ltr'><strong>discas</strong></span> <span class='ocrx_word' id='word_1_669' title='bbox 2911 3178 3061 3245; x_wconf 93' lang='lat' dir='ltr'><strong>illud,</strong></span> <span class='ocrx_word' id='word_1_670' title='bbox 3094 3178 3266 3243; x_wconf 85' lang='lat' dir='ltr'><strong>Dedit,</strong></span> <span class='ocrx_word' id='word_1_671' title='bbox 3315 3178 3542 3248; x_wconf 91' lang='lat' dir='ltr'><strong>idipsum</strong></span> <span class='ocrx_word' id='word_1_672' title='bbox 3570 3180 3779 3250; x_wconf 79' lang='lat' dir='ltr'><strong>signiti-</strong></span> 
     </span>
    </p>
   </div>
   <div class='ocr_carea' id='block_1_88' title="bbox 2199 3270 3775 3339">
    <p class='ocr_par' dir='ltr' id='par_1_88' title="bbox 2199 3270 3775 3339">
     <span class='ocr_line' id='line_1_89' title="bbox 2199 3270 3775 3339; baseline 0.001 -15"><span class='ocrx_word' id='word_1_673' title='bbox 2199 3285 2323 3324; x_wconf 89' lang='lat' dir='ltr'><strong>care</strong></span> <span class='ocrx_word' id='word_1_674' title='bbox 2365 3270 2526 3338; x_wconf 88' lang='lat' dir='ltr'><strong>quod,</strong></span> <span class='ocrx_word' id='word_1_675' title='bbox 2559 3272 2761 3339; x_wconf 88' lang='lat' dir='ltr'><strong>genuit,</strong></span> <span class='ocrx_word' id='word_1_676' title='bbox 2802 3270 2923 3325; x_wconf 85' lang='lat' dir='ltr'><strong>audi</strong></span> <span class='ocrx_word' id='word_1_677' title='bbox 2951 3271 3075 3325; x_wconf 91' lang='lat' dir='ltr'><strong>illud</strong></span> <span class='ocrx_word' id='word_1_678' title='bbox 3103 3271 3209 3324; x_wconf 91' lang='lat' dir='ltr'><strong>alio</strong></span> <span class='ocrx_word' id='word_1_679' title='bbox 3249 3271 3365 3325; x_wconf 92' lang='lat' dir='ltr'><strong>loco</strong></span> <span class='ocrx_word' id='word_1_680' title='bbox 3407 3271 3775 3326; x_wconf 85' lang='lat' dir='ltr'><strong>declaratum:</strong></span> 
     </span>
    </p>
   </div>
   <div class='ocr_carea' id='block_1_89' title="bbox 2201 3361 3777 3431">
    <p class='ocr_par' dir='ltr' id='par_1_89' title="bbox 2201 3361 3777 3431">
     <span class='ocr_line' id='line_1_90' title="bbox 2201 3361 3777 3431; baseline 0 -14"><span class='ocrx_word' id='word_1_681' title='bbox 2201 3362 2346 3417; x_wconf 85' lang='lat' dir='ltr'><strong>Sicut</strong></span> <span class='ocrx_word' id='word_1_682' title='bbox 2371 3361 2528 3416; x_wconf 88' lang='lat' dir='ltr'><strong>Pater</strong></span> <span class='ocrx_word' id='word_1_683' title='bbox 2557 3363 2701 3416; x_wconf 85' lang='lat' dir='ltr'><strong>habet</strong></span> <span class='ocrx_word' id='word_1_684' title='bbox 2726 3364 2874 3415; x_wconf 88' lang='lat' dir='ltr'><strong>vitam</strong></span> <span class='ocrx_word' id='word_1_685' title='bbox 2912 3363 2967 3417; x_wconf 88' lang='lat' dir='ltr'><strong>in</strong></span> <span class='ocrx_word' id='word_1_686' title='bbox 2990 3364 3275 3431; x_wconf 86' lang='lat' dir='ltr'><strong>semetipso,</strong></span> <span class='ocrx_word' id='word_1_687' title='bbox 3306 3365 3377 3418; x_wconf 88' lang='lat' dir='ltr'><strong>ita</strong></span> <span class='ocrx_word' id='word_1_688' title='bbox 3397 3364 3532 3417; x_wconf 85' lang='lat' dir='ltr'><strong>dedit</strong></span> <span class='ocrx_word' id='word_1_689' title='bbox 3556 3373 3604 3418; x_wconf 91' lang='lat' dir='ltr'><strong>et</strong></span> <span class='ocrx_word' id='word_1_690' title='bbox 3636 3363 3777 3417; x_wconf 84' lang='lat' dir='ltr'><strong>Filio</strong></span> 
     </span>
    </p>
   </div>
   <div class='ocr_carea' id='block_1_90' title="bbox 2197 3454 3775 3525">
    <p class='ocr_par' dir='ltr' id='par_1_90' title="bbox 2197 3454 3775 3525">
     <span class='ocr_line' id='line_1_91' title="bbox 2197 3454 3775 3525; baseline 0.001 -18"><span class='ocrx_word' id='word_1_691' title='bbox 2197 3455 2349 3507; x_wconf 84' lang='lat' dir='ltr'><strong>vitam</strong></span> <span class='ocrx_word' id='word_1_692' title='bbox 2378 3454 2558 3507; x_wconf 88' lang='lat' dir='ltr'><strong>habere</strong></span> <span class='ocrx_word' id='word_1_693' title='bbox 2583 3455 2633 3508; x_wconf 89' lang='lat' dir='ltr'><strong>in</strong></span> <span class='ocrx_word' id='word_1_694' title='bbox 2662 3456 2927 3525; x_wconf 84' lang='lat' dir='ltr'><strong>semetipso</strong></span> <span class='ocrx_word' id='word_1_695' title='bbox 2972 3454 3043 3524; x_wconf 88' lang='grc' dir='ltr'><strong>(υ.</strong></span> <span class='ocrx_word' id='word_1_696' title='bbox 3077 3454 3152 3524; x_wconf 91' lang='lat'><strong>7).</strong></span> <span class='ocrx_word' id='word_1_697' title='bbox 3180 3454 3314 3519; x_wconf 88' lang='lat' dir='ltr'><strong>Quid</strong></span> <span class='ocrx_word' id='word_1_698' title='bbox 3354 3456 3515 3525; x_wconf 86' lang='lat' dir='ltr'><strong>ergo?</strong></span> <span class='ocrx_word' id='word_1_699' title='bbox 3560 3456 3775 3525; x_wconf 86' lang='lat' dir='ltr'><strong>prinsne</strong></span> 
     </span>
    </p>
   </div>
   <div class='ocr_carea' id='block_1_91' title="bbox 2197 3544 3769 3613">
    <p class='ocr_par' dir='ltr' id='par_1_91' title="bbox 2197 3544 3769 3613">
     <span class='ocr_line' id='line_1_92' title="bbox 2197 3544 3769 3613; baseline 0.002 -17"><span class='ocrx_word' id='word_1_700' title='bbox 2197 3544 2368 3611; x_wconf 87' lang='lat' dir='ltr'><strong>ipsmn</strong></span> <span class='ocrx_word' id='word_1_701' title='bbox 2395 3546 2593 3613; x_wconf 80' lang='lat' dir='ltr'><strong>genuit,</strong></span> <span class='ocrx_word' id='word_1_702' title='bbox 2637 3560 2699 3598; x_wconf 91' lang='lat' dir='ltr'><strong>ac</strong></span> <span class='ocrx_word' id='word_1_703' title='bbox 2728 3544 2921 3598; x_wconf 90' lang='lat' dir='ltr'><strong>deinde</strong></span> <span class='ocrx_word' id='word_1_704' title='bbox 2963 3545 3121 3598; x_wconf 90' lang='lat' dir='ltr'><strong>vitam</strong></span> <span class='ocrx_word' id='word_1_705' title='bbox 3145 3544 3323 3599; x_wconf 89' lang='lat' dir='ltr'><strong>dedit?</strong></span> <span class='ocrx_word' id='word_1_706' title='bbox 3362 3545 3458 3611; x_wconf 89' lang='lat' dir='ltr'><strong>Qui</strong></span> <span class='ocrx_word' id='word_1_707' title='bbox 3488 3545 3579 3599; x_wconf 88' lang='lat' dir='ltr'><strong>dat</strong></span> <span class='ocrx_word' id='word_1_708' title='bbox 3602 3562 3769 3610; x_wconf 83' lang='lat' dir='ltr'><strong>enim,</strong></span> 
     </span>
    </p>
   </div>
   <div class='ocr_carea' id='block_1_92' title="bbox 2194 3635 3773 3705">
    <p class='ocr_par' dir='ltr' id='par_1_92' title="bbox 2194 3635 3773 3705">
     <span class='ocr_line' id='line_1_93' title="bbox 2194 3635 3773 3705; baseline 0.001 -17"><span class='ocrx_word' id='word_1_709' title='bbox 2194 3635 2402 3688; x_wconf 89' lang='lat' dir='ltr'><strong>cuidam</strong></span> <span class='ocrx_word' id='word_1_710' title='bbox 2425 3636 2699 3690; x_wconf 80' lang='lat' dir='ltr'><strong>exsistenti</strong></span> <span class='ocrx_word' id='word_1_711' title='bbox 2729 3635 2837 3689; x_wconf 90' lang='lat' dir='ltr'><strong>dat.</strong></span> <span class='ocrx_word' id='word_1_712' title='bbox 2867 3635 3079 3705; x_wconf 87' lang='lat' dir='ltr'><strong>Ergone</strong></span> <span class='ocrx_word' id='word_1_713' title='bbox 3107 3636 3315 3705; x_wconf 83' lang='lat' dir='ltr'><strong>genitus</strong></span> <span class='ocrx_word' id='word_1_714' title='bbox 3335 3646 3449 3689; x_wconf 89' lang='lat' dir='ltr'><strong>erat</strong></span> <span class='ocrx_word' id='word_1_715' title='bbox 3482 3635 3597 3690; x_wconf 90' lang='lat' dir='ltr'><strong>sine</strong></span> <span class='ocrx_word' id='word_1_716' title='bbox 3622 3637 3726 3689; x_wconf 90' lang='lat' dir='ltr'><strong>vita</strong></span> <span class='ocrx_word' id='word_1_717' title='bbox 3746 3637 3773 3690; x_wconf 84' lang='lat'><strong>?</strong></span> 
     </span>
    </p>
   </div>
   <div class='ocr_carea' id='block_1_93' title="bbox 2195 3724 3771 3796">
    <p class='ocr_par' dir='ltr' id='par_1_93' title="bbox 2195 3724 3771 3796">
     <span class='ocr_line' id='line_1_94' title="bbox 2195 3724 3771 3796; baseline 0.001 -18"><span class='ocrx_word' id='word_1_718' title='bbox 2195 3724 2389 3779; x_wconf 86' lang='lat' dir='ltr'><strong>Verum</strong></span> <span class='ocrx_word' id='word_1_719' title='bbox 2423 3725 2524 3780; x_wconf 91' lang='lat' dir='ltr'><strong>hoc</strong></span> <span class='ocrx_word' id='word_1_720' title='bbox 2569 3742 2633 3780; x_wconf 90' lang='lat' dir='ltr'><strong>ne</strong></span> <span class='ocrx_word' id='word_1_721' title='bbox 2663 3726 2953 3788; x_wconf 73' lang='lat' dir='ltr'><strong>dtcmones</strong></span> <span class='ocrx_word' id='word_1_722' title='bbox 2981 3726 3194 3796; x_wconf 88' lang='lat' dir='ltr'><strong>quidem</strong></span> <span class='ocrx_word' id='word_1_723' title='bbox 3222 3727 3556 3796; x_wconf 90' lang='lat' dir='ltr'><strong>suspicentur</strong></span> <span class='ocrx_word' id='word_1_724' title='bbox 3582 3744 3595 3780; x_wconf 91' lang='lat'>:</span> <span class='ocrx_word' id='word_1_725' title='bbox 3626 3727 3771 3779; x_wconf 84' lang='lat' dir='ltr'><strong>mul-</strong></span> 
     </span>
    </p>
   </div>
   <div class='ocr_carea' id='block_1_94' title="bbox 2194 3819 3772 3889">
    <p class='ocr_par' dir='ltr' id='par_1_94' title="bbox 2194 3819 3772 3889">
     <span class='ocr_line' id='line_1_95' title="bbox 2194 3819 3772 3889; baseline -0.001 -16"><span class='ocrx_word' id='word_1_726' title='bbox 2194 3828 2301 3873; x_wconf 92' lang='lat' dir='ltr'><strong>tam</strong></span> <span class='ocrx_word' id='word_1_727' title='bbox 2330 3820 2527 3889; x_wconf 91' lang='lat' dir='ltr'><strong>quippe</strong></span> <span class='ocrx_word' id='word_1_728' title='bbox 2570 3819 2728 3874; x_wconf 88' lang='lat' dir='ltr'><strong>habet</strong></span> <span class='ocrx_word' id='word_1_729' title='bbox 2778 3819 3034 3874; x_wconf 90' lang='lat' dir='ltr'><strong>insaniam</strong></span> <span class='ocrx_word' id='word_1_730' title='bbox 3086 3835 3205 3874; x_wconf 91' lang='lat' dir='ltr'><strong>cum</strong></span> <span class='ocrx_word' id='word_1_731' title='bbox 3249 3820 3517 3888; x_wconf 89' lang='lat' dir='ltr'><strong>impietate</strong></span> <span class='ocrx_word' id='word_1_732' title='bbox 3543 3820 3772 3888; x_wconf 85' lang='lat' dir='ltr'><strong>conjun-_-</strong></span> 
     </span>
    </p>
   </div>
   <div class='ocr_carea' id='block_1_95' title="bbox 2191 3909 3766 3979">
    <p class='ocr_par' dir='ltr' id='par_1_95' title="bbox 2191 3909 3766 3979">
     <span class='ocr_line' id='line_1_96' title="bbox 2191 3909 3766 3979; baseline 0 -15"><span class='ocrx_word' id='word_1_733' title='bbox 2191 3920 2352 3964; x_wconf 88' lang='lat' dir='ltr'><strong>ctam.</strong></span> <span class='ocrx_word' id='word_1_734' title='bbox 2382 3910 2839 3977; x_wconf 88' lang='lat' dir='ltr'><strong>Quemadmodum</strong></span> <span class='ocrx_word' id='word_1_735' title='bbox 2872 3926 2999 3979; x_wconf 88' lang='lat' dir='ltr'><strong>ergo</strong></span> <span class='ocrx_word' id='word_1_736' title='bbox 3030 3910 3180 3976; x_wconf 90' lang='lat' dir='ltr'><strong>illud,</strong></span> <span class='ocrx_word' id='word_1_737' title='bbox 3230 3909 3381 3964; x_wconf 87' lang='lat' dir='ltr'><strong>Dedit</strong></span> <span class='ocrx_word' id='word_1_738' title='bbox 3420 3912 3592 3973; x_wconf 84' lang='lat' dir='ltr'><strong>vitam,</strong></span> <span class='ocrx_word' id='word_1_739' title='bbox 3624 3910 3766 3965; x_wconf 90' lang='lat' dir='ltr'><strong>idem</strong></span> 
     </span>
    </p>
   </div>
   <div class='ocr_carea' id='block_1_96' title="bbox 2189 3998 3762 4081">
    <p class='ocr_par' dir='ltr' id='par_1_96' title="bbox 2189 3998 3762 4081">
     <span class='ocr_line' id='line_1_97' title="bbox 2189 3998 3762 4081; baseline 0 -26"><span class='ocrx_word' id='word_1_740' title='bbox 2189 4009 2272 4055; x_wconf 90' lang='lat' dir='ltr'><strong>est</strong></span> <span class='ocrx_word' id='word_1_741' title='bbox 2291 3999 2453 4069; x_wconf 89' lang='lat' dir='ltr'><strong>quod,</strong></span> <span class='ocrx_word' id='word_1_742' title='bbox 2482 3999 2676 4081; x_wconf 75' lang='lat' dir='ltr'><strong>Genuit</strong></span> <span class='ocrx_word' id='word_1_743' title='bbox 2701 4001 2873 4068; x_wconf 88' lang='lat' dir='ltr'><strong>ipsum</strong></span> <span class='ocrx_word' id='word_1_744' title='bbox 2899 4001 3091 4054; x_wconf 90' lang='lat' dir='ltr'><strong>vitam:</strong></span> <span class='ocrx_word' id='word_1_745' title='bbox 3116 4001 3213 4063; x_wconf 91' lang='lat' dir='ltr'><strong>sic,</strong></span> <span class='ocrx_word' id='word_1_746' title='bbox 3244 3998 3685 4071; x_wconf 73' lang='lat' dir='ltr'><strong>Deditjudirium,</strong></span> <span class='ocrx_word' id='word_1_747' title='bbox 3709 4003 3762 4055; x_wconf 86' lang='lat' dir='ltr'><strong>id</strong></span> 
     </span>
    </p>
   </div>
   <div class='ocr_carea' id='block_1_97' title="bbox 2188 4090 3766 4162">
    <p class='ocr_par' dir='ltr' id='par_1_97' title="bbox 2188 4090 3766 4162">
     <span class='ocr_line' id='line_1_98' title="bbox 2188 4090 3766 4162; baseline 0.001 -16"><span class='ocrx_word' id='word_1_748' title='bbox 2188 4102 2289 4157; x_wconf 85' lang='lat' dir='ltr'><strong>est,</strong></span> <span class='ocrx_word' id='word_1_749' title='bbox 2336 4092 2509 4162; x_wconf 86' lang='lat' dir='ltr'><strong>Ipsum</strong></span> <span class='ocrx_word' id='word_1_750' title='bbox 2534 4090 2768 4160; x_wconf 89' lang='lat' dir='ltr'><strong>judicem</strong></span> <span class='ocrx_word' id='word_1_751' title='bbox 2798 4092 2997 4162; x_wconf 89' lang='lat' dir='ltr'><strong>genuit.</strong></span> <span class='ocrx_word' id='word_1_752' title='bbox 3029 4092 3241 4147; x_wconf 86' lang='lat' dir='ltr'><strong>Etenim</strong></span> <span class='ocrx_word' id='word_1_753' title='bbox 3282 4108 3350 4147; x_wconf 89' lang='lat' dir='ltr'><strong>ne</strong></span> <span class='ocrx_word' id='word_1_754' title='bbox 3373 4092 3594 4148; x_wconf 89' lang='lat' dir='ltr'><strong>audiens</strong></span> <span class='ocrx_word' id='word_1_755' title='bbox 3622 4093 3766 4162; x_wconf 86' lang='lat' dir='ltr'><strong>quod</strong></span> 
     </span>
    </p>
   </div>
   <div class='ocr_carea' id='block_1_98' title="bbox 2188 4183 3853 4251">
    <p class='ocr_par' dir='ltr' id='par_1_98' title="bbox 2188 4183 3853 4251">
     <span class='ocr_line' id='line_1_99' title="bbox 2188 4183 3853 4251; baseline 0.001 -13"><span class='ocrx_word' id='word_1_756' title='bbox 2188 4184 2300 4251; x_wconf 87' lang='lat' dir='ltr'><strong>ipse</strong></span> <span class='ocrx_word' id='word_1_757' title='bbox 2322 4184 2530 4238; x_wconf 88' lang='lat' dir='ltr'><strong>Patrem</strong></span> <span class='ocrx_word' id='word_1_758' title='bbox 2553 4199 2766 4237; x_wconf 90' lang='lat' dir='ltr'><strong>causam</strong></span> <span class='ocrx_word' id='word_1_759' title='bbox 2786 4183 3053 4250; x_wconf 87' lang='lat' dir='ltr'><strong>habuerit,</strong></span> <span class='ocrx_word' id='word_1_760' title='bbox 3077 4184 3434 4239; x_wconf 91' lang='lat' dir='ltr'><strong>diversitatem</strong></span> <span class='ocrx_word' id='word_1_761' title='bbox 3452 4184 3767 4239; x_wconf 68' lang='lat' dir='ltr'><strong>substantias</strong></span> <span class='ocrx_word' id='word_1_762' title='bbox 3849 4192 3853 4196; x_wconf 77' lang='grc'><em>’</em></span> 
     </span>
    </p>
   </div>
   <div class='ocr_carea' id='block_1_99' title="bbox 2185 4276 3762 4349">
    <p class='ocr_par' dir='ltr' id='par_1_99' title="bbox 2185 4276 3762 4349">
     <span class='ocr_line' id='line_1_100' title="bbox 2185 4276 3762 4349; baseline 0 -19"><span class='ocrx_word' id='word_1_763' title='bbox 2185 4289 2359 4349; x_wconf 89' lang='lat' dir='ltr'><strong>putes,</strong></span> <span class='ocrx_word' id='word_1_764' title='bbox 2385 4278 2746 4346; x_wconf 89' lang='lat' dir='ltr'><strong>honoremque</strong></span> <span class='ocrx_word' id='word_1_765' title='bbox 2768 4278 3050 4343; x_wconf 91' lang='lat' dir='ltr'><strong>minorem,</strong></span> <span class='ocrx_word' id='word_1_766' title='bbox 3080 4277 3191 4345; x_wconf 92' lang='lat' dir='ltr'><strong>ipse</strong></span> <span class='ocrx_word' id='word_1_767' title='bbox 3211 4278 3353 4331; x_wconf 90' lang='lat' dir='ltr'><strong>venit</strong></span> <span class='ocrx_word' id='word_1_768' title='bbox 3374 4284 3425 4331; x_wconf 89' lang='lat' dir='ltr'><strong>te</strong></span> <span class='ocrx_word' id='word_1_769' title='bbox 3445 4276 3762 4345; x_wconf 76' lang='lat' dir='ltr'><strong>judicatum,</strong></span> 
     </span>
    </p>
   </div>
   <div class='ocr_carea' id='block_1_100' title="bbox 2187 4366 3766 4437">
    <p class='ocr_par' dir='ltr' id='par_1_100' title="bbox 2187 4366 3766 4437">
     <span class='ocr_line' id='line_1_101' title="bbox 2187 4366 3766 4437; baseline -0.001 -16"><span class='ocrx_word' id='word_1_770' title='bbox 2187 4370 2309 4423; x_wconf 90' lang='lat' dir='ltr'><strong>hinc</strong></span> <span class='ocrx_word' id='word_1_771' title='bbox 2336 4368 2691 4437; x_wconf 62' lang='lat' dir='ltr'><strong>aequalitatem</strong></span> <span class='ocrx_word' id='word_1_772' title='bbox 2712 4366 2733 4398; x_wconf 85' lang='grc'><strong><em>³</em></strong></span> <span class='ocrx_word' id='word_1_773' title='bbox 2758 4368 3063 4421; x_wconf 89' lang='lat' dir='ltr'><strong>ostendens.</strong></span> <span class='ocrx_word' id='word_1_774' title='bbox 3088 4366 3188 4434; x_wconf 87' lang='lat' dir='ltr'><strong>Qui</strong></span> <span class='ocrx_word' id='word_1_775' title='bbox 3210 4367 3349 4421; x_wconf 90' lang='lat' dir='ltr'><strong>enim</strong></span> <span class='ocrx_word' id='word_1_776' title='bbox 3377 4381 3511 4436; x_wconf 90' lang='lat' dir='ltr'><strong>quos</strong></span> <span class='ocrx_word' id='word_1_777' title='bbox 3531 4368 3641 4420; x_wconf 89' lang='lat' dir='ltr'><strong>vult</strong></span> <span class='ocrx_word' id='word_1_778' title='bbox 3667 4383 3766 4436; x_wconf 82' lang='lat' dir='ltr'><strong>pn-</strong></span> 
     </span>
    </p>
   </div>
   <div class='ocr_carea' id='block_1_101' title="bbox 2186 4458 3764 4528">
    <p class='ocr_par' dir='ltr' id='par_1_101' title="bbox 2186 4458 3764 4528">
     <span class='ocr_line' id='line_1_102' title="bbox 2186 4458 3764 4528; baseline -0.003 -13"><span class='ocrx_word' id='word_1_779' title='bbox 2186 4461 2365 4516; x_wconf 89' lang='lat' dir='ltr'><strong>niendi</strong></span> <span class='ocrx_word' id='word_1_780' title='bbox 2396 4470 2449 4515; x_wconf 91' lang='lat' dir='ltr'><strong>et</strong></span> <span class='ocrx_word' id='word_1_781' title='bbox 2478 4459 2773 4514; x_wconf 88' lang='lat' dir='ltr'><strong>honorandi</strong></span> <span class='ocrx_word' id='word_1_782' title='bbox 2822 4467 3136 4528; x_wconf 85' lang='lat' dir='ltr'><strong>potestatem</strong></span> <span class='ocrx_word' id='word_1_783' title='bbox 3184 4458 3359 4520; x_wconf 89' lang='lat' dir='ltr'><strong>habet,</strong></span> <span class='ocrx_word' id='word_1_784' title='bbox 3410 4458 3596 4512; x_wconf 86' lang='lat' dir='ltr'><strong>eadem</strong></span> <span class='ocrx_word' id='word_1_785' title='bbox 3641 4475 3764 4525; x_wconf 77' lang='lat' dir='ltr'><strong>quzc</strong></span> 
     </span>
    </p>
   </div>
   <div class='ocr_carea' id='block_1_102' title="bbox 2186 4549 3762 4620">
    <p class='ocr_par' dir='ltr' id='par_1_102' title="bbox 2186 4549 3762 4620">
     <span class='ocr_line' id='line_1_103' title="bbox 2186 4549 3762 4620; baseline -0.001 -15"><span class='ocrx_word' id='word_1_786' title='bbox 2186 4552 2344 4606; x_wconf 87' lang='lat' dir='ltr'><strong>Pater</strong></span> <span class='ocrx_word' id='word_1_787' title='bbox 2371 4561 2563 4620; x_wconf 73' lang='lat' dir='ltr'><strong>potest.</strong></span> <span class='ocrx_word' id='word_1_788' title='bbox 2597 4550 2705 4605; x_wconf 85' lang='lat' dir='ltr'><strong>Nisi</strong></span> <span class='ocrx_word' id='word_1_789' title='bbox 2754 4551 2895 4606; x_wconf 91' lang='lat' dir='ltr'><strong>enim</strong></span> <span class='ocrx_word' id='word_1_790' title='bbox 2944 4549 3045 4603; x_wconf 91' lang='lat' dir='ltr'><strong>hoc</strong></span> <span class='ocrx_word' id='word_1_791' title='bbox 3071 4558 3231 4613; x_wconf 89' lang='lat' dir='ltr'><strong>esset,</strong></span> <span class='ocrx_word' id='word_1_792' title='bbox 3266 4549 3359 4603; x_wconf 89' lang='lat' dir='ltr'><strong>sed</strong></span> <span class='ocrx_word' id='word_1_793' title='bbox 3389 4559 3568 4618; x_wconf 89' lang='lat' dir='ltr'><strong>postea</strong></span> <span class='ocrx_word' id='word_1_794' title='bbox 3599 4564 3762 4617; x_wconf 88' lang='lat' dir='ltr'><strong>quam</strong></span> 
     </span>
    </p>
   </div>
   <div class='ocr_carea' id='block_1_103' title="bbox 2183 4638 3761 4713">
    <p class='ocr_par' dir='ltr' id='par_1_103' title="bbox 2183 4638 3761 4713">
     <span class='ocr_line' id='line_1_104' title="bbox 2183 4638 3761 4713; baseline -0.005 -15"><span class='ocrx_word' id='word_1_795' title='bbox 2183 4648 2393 4713; x_wconf 89' lang='lat' dir='ltr'><strong>genitus</strong></span> <span class='ocrx_word' id='word_1_796' title='bbox 2422 4643 2593 4697; x_wconf 84' lang='lat' dir='ltr'><strong>fuerat</strong></span> <span class='ocrx_word' id='word_1_797' title='bbox 2623 4643 2876 4696; x_wconf 91' lang='lat' dir='ltr'><strong>honorem</strong></span> <span class='ocrx_word' id='word_1_798' title='bbox 2907 4642 3215 4709; x_wconf 89' lang='lat' dir='ltr'><strong>accepisset,</strong></span> <span class='ocrx_word' id='word_1_799' title='bbox 3245 4656 3361 4709; x_wconf 68' lang='lat' dir='ltr'><strong>qua:</strong></span> <span class='ocrx_word' id='word_1_800' title='bbox 3387 4654 3543 4693; x_wconf 87' lang='lat' dir='ltr'><strong>causa</strong></span> <span class='ocrx_word' id='word_1_801' title='bbox 3578 4638 3674 4692; x_wconf 89' lang='lat' dir='ltr'><strong>fuit</strong></span> <span class='ocrx_word' id='word_1_802' title='bbox 3705 4648 3761 4691; x_wconf 65' lang='lat' dir='ltr'><strong>ut</strong></span> 
     </span>
    </p>
   </div>
   <div class='ocr_carea' id='block_1_104' title="bbox 2182 4729 3764 4805">
    <p class='ocr_par' dir='ltr' id='par_1_104' title="bbox 2182 4729 3764 4805">
     <span class='ocr_line' id='line_1_105' title="bbox 2182 4729 3764 4805; baseline -0.004 -15"><span class='ocrx_word' id='word_1_803' title='bbox 2182 4736 2295 4805; x_wconf 91' lang='lat' dir='ltr'><strong>ipse</strong></span> <span class='ocrx_word' id='word_1_804' title='bbox 2321 4736 2584 4805; x_wconf 84' lang='lat' dir='ltr'><strong>posterior</strong></span> <span class='ocrx_word' id='word_1_805' title='bbox 2612 4733 2998 4788; x_wconf 89' lang='lat' dir='ltr'><strong>honoraretur?</strong></span> <span class='ocrx_word' id='word_1_806' title='bbox 3023 4748 3127 4802; x_wconf 92' lang='lat' dir='ltr'><strong>quo</strong></span> <span class='ocrx_word' id='word_1_807' title='bbox 3157 4740 3309 4801; x_wconf 90' lang='lat' dir='ltr'><strong>pacto</strong></span> <span class='ocrx_word' id='word_1_808' title='bbox 3337 4732 3403 4783; x_wconf 90' lang='lat' dir='ltr'><strong>ita</strong></span> <span class='ocrx_word' id='word_1_809' title='bbox 3436 4729 3677 4797; x_wconf 71' lang='lat' dir='ltr'><strong>profecit,</strong></span> <span class='ocrx_word' id='word_1_810' title='bbox 3702 4739 3764 4783; x_wconf 88' lang='lat' dir='ltr'><strong>ut</strong></span> 
     </span>
    </p>
   </div>
   <div class='ocr_carea' id='block_1_105' title="bbox 2184 4820 3764 4897">
    <p class='ocr_par' dir='ltr' id='par_1_105' title="bbox 2184 4820 3764 4897">
     <span class='ocr_line' id='line_1_106' title="bbox 2184 4820 3764 4897; baseline -0.007 -15"><span class='ocrx_word' id='word_1_811' title='bbox 2184 4829 2321 4883; x_wconf 90' lang='lat' dir='ltr'><strong>hanc</strong></span> <span class='ocrx_word' id='word_1_812' title='bbox 2344 4827 2649 4897; x_wconf 82' lang='lat' dir='ltr'><strong>dignitatem</strong></span> <span class='ocrx_word' id='word_1_813' title='bbox 2679 4824 2977 4892; x_wconf 88' lang='lat' dir='ltr'><strong>acciperet?</strong></span> <span class='ocrx_word' id='word_1_814' title='bbox 3001 4822 3114 4876; x_wconf 88' lang='lat' dir='ltr'><strong>Non</strong></span> <span class='ocrx_word' id='word_1_815' title='bbox 3154 4821 3463 4877; x_wconf 83' lang='lat' dir='ltr'><strong>erubescitis</strong></span> <span class='ocrx_word' id='word_1_816' title='bbox 3506 4820 3632 4873; x_wconf 91' lang='lat' dir='ltr'><strong>dum</strong></span> <span class='ocrx_word' id='word_1_817' title='bbox 3661 4820 3764 4872; x_wconf 81' lang='lat' dir='ltr'><strong>im-</strong></span> 
     </span>
    </p>
   </div>
   <div class='ocr_carea' id='block_1_106' title="bbox 2184 4914 3763 4987">
    <p class='ocr_par' dir='ltr' id='par_1_106' title="bbox 2184 4914 3763 4987">
     <span class='ocr_line' id='line_1_107' title="bbox 2184 4914 3763 4987; baseline -0.005 -13"><span class='ocrx_word' id='word_1_818' title='bbox 2184 4921 2394 4975; x_wconf 88' lang='lat' dir='ltr'><strong>mortali</strong></span> <span class='ocrx_word' id='word_1_819' title='bbox 2424 4920 2733 4986; x_wconf 88' lang='lat' dir='ltr'><strong>nullumque</strong></span> <span class='ocrx_word' id='word_1_820' title='bbox 2758 4926 3097 4987; x_wconf 79' lang='lat' dir='ltr'><strong>augmentum</strong></span> <span class='ocrx_word' id='word_1_821' title='bbox 3128 4914 3404 4985; x_wconf 88' lang='lat' dir='ltr'><strong>accipienti</strong></span> <span class='ocrx_word' id='word_1_822' title='bbox 3431 4923 3633 4967; x_wconf 76' lang='lat' dir='ltr'><strong>natura:</strong></span> <span class='ocrx_word' id='word_1_823' title='bbox 3661 4914 3763 4966; x_wconf 84' lang='lat' dir='ltr'><strong>lni-</strong></span> 
     </span>
    </p>
   </div>
   <div class='ocr_carea' id='block_1_107' title="bbox 2182 5006 3757 5077">
    <p class='ocr_par' dir='ltr' id='par_1_107' title="bbox 2182 5006 3757 5077">
     <span class='ocr_line' id='line_1_108' title="bbox 2182 5006 3757 5077; baseline -0.004 -10"><span class='ocrx_word' id='word_1_824' title='bbox 2182 5029 2337 5067; x_wconf 90' lang='lat' dir='ltr'><strong>mana</strong></span> <span class='ocrx_word' id='word_1_825' title='bbox 2367 5020 2420 5067; x_wconf 88' lang='lat' dir='ltr'><strong>et</strong></span> <span class='ocrx_word' id='word_1_826' title='bbox 2448 5022 2552 5064; x_wconf 87' lang='lat' dir='ltr'><strong>tam</strong></span> <span class='ocrx_word' id='word_1_827' title='bbox 2586 5010 2705 5063; x_wconf 90' lang='lat' dir='ltr'><strong>vilia</strong></span> <span class='ocrx_word' id='word_1_828' title='bbox 2739 5008 3079 5063; x_wconf 76' lang='lat' dir='ltr'><strong>adscribitis?</strong></span> <span class='ocrx_word' id='word_1_829' title='bbox 3108 5008 3212 5062; x_wconf 88' lang='lat' dir='ltr'><strong>Cur</strong></span> <span class='ocrx_word' id='word_1_830' title='bbox 3241 5023 3386 5077; x_wconf 85' lang='lat' dir='ltr'><strong>ergo,</strong></span> <span class='ocrx_word' id='word_1_831' title='bbox 3428 5007 3656 5074; x_wconf 90' lang='lat' dir='ltr'><strong>inquies,</strong></span> <span class='ocrx_word' id='word_1_832' title='bbox 3685 5006 3757 5060; x_wconf 82' lang='lat' dir='ltr'><strong>ita</strong></span> 
     </span>
    </p>
   </div>
   <div class='ocr_carea' id='block_1_108' title="bbox 2182 5097 3756 5173">
    <p class='ocr_par' dir='ltr' id='par_1_108' title="bbox 2182 5097 3756 5173">
     <span class='ocr_line' id='line_1_109' title="bbox 2182 5097 3756 5173; baseline -0.007 -14"><span class='ocrx_word' id='word_1_833' title='bbox 2182 5104 2447 5173; x_wconf 86' lang='lat' dir='ltr'><strong>loquitur?</strong></span> <span class='ocrx_word' id='word_1_834' title='bbox 2476 5102 2543 5158; x_wconf 91' lang='lat' dir='ltr'><strong>Ut</strong></span> <span class='ocrx_word' id='word_1_835' title='bbox 2567 5102 2705 5156; x_wconf 90' lang='lat' dir='ltr'><strong>dicta</strong></span> <span class='ocrx_word' id='word_1_836' title='bbox 2731 5100 2932 5154; x_wconf 70' lang='lat' dir='ltr'><strong>facilius</strong></span> <span class='ocrx_word' id='word_1_837' title='bbox 2955 5099 3258 5163; x_wconf 86' lang='lat' dir='ltr'><strong>credantur,</strong></span> <span class='ocrx_word' id='word_1_838' title='bbox 3282 5108 3334 5151; x_wconf 92' lang='lat' dir='ltr'><strong>et</strong></span> <span class='ocrx_word' id='word_1_839' title='bbox 3358 5097 3423 5150; x_wconf 91' lang='lat' dir='ltr'><strong>ad</strong></span> <span class='ocrx_word' id='word_1_840' title='bbox 3447 5097 3756 5151; x_wconf 90' lang='lat' dir='ltr'><strong>sublimiora</strong></span> 
     </span>
    </p>
   </div>
   <div class='ocr_carea' id='block_1_109' title="bbox 2181 5187 3758 5262">
    <p class='ocr_par' dir='ltr' id='par_1_109' title="bbox 2181 5187 3758 5262">
     <span class='ocr_line' id='line_1_110' title="bbox 2181 5187 3758 5262; baseline -0.004 -15"><span class='ocrx_word' id='word_1_841' title='bbox 2181 5194 2319 5247; x_wconf 87' lang='lat' dir='ltr'><strong>viam</strong></span> <span class='ocrx_word' id='word_1_842' title='bbox 2350 5204 2526 5262; x_wconf 91' lang='lat' dir='ltr'><strong>paret;</strong></span> <span class='ocrx_word' id='word_1_843' title='bbox 2557 5193 2675 5246; x_wconf 88' lang='lat' dir='ltr'><strong>ideo</strong></span> <span class='ocrx_word' id='word_1_844' title='bbox 2702 5200 2927 5260; x_wconf 89' lang='lat' dir='ltr'><strong>utraque</strong></span> <span class='ocrx_word' id='word_1_845' title='bbox 2943 5190 3266 5244; x_wconf 91' lang='lat' dir='ltr'><strong>commiscet.</strong></span> <span class='ocrx_word' id='word_1_846' title='bbox 3290 5187 3758 5256; x_wconf 84' lang='lat' dir='ltr'><strong>Videantemquo—</strong></span> 
     </span>
    </p>
   </div>
   <div class='ocr_carea' id='block_1_110' title="bbox 2166 5280 3751 5350">
    <p class='ocr_par' dir='ltr' id='par_1_110' title="bbox 2166 5280 3751 5350">
     <span class='ocr_line' id='line_1_111' title="bbox 2166 5280 3751 5350; baseline -0.007 -6"><span class='ocrx_word' id='word_1_847' title='bbox 2166 5286 2377 5346; x_wconf 82' lang='lat' dir='ltr'><strong>modo:</strong></span> <span class='ocrx_word' id='word_1_848' title='bbox 2410 5302 2527 5339; x_wconf 91' lang='lat' dir='ltr'><strong>nam</strong></span> <span class='ocrx_word' id='word_1_849' title='bbox 2559 5301 2588 5338; x_wconf 91' lang='lat' dir='ltr'><strong>e</strong></span> <span class='ocrx_word' id='word_1_850' title='bbox 2616 5300 2674 5338; x_wconf 87' lang='lat' dir='ltr'><strong>re</strong></span> <span class='ocrx_word' id='word_1_851' title='bbox 2718 5284 2877 5337; x_wconf 90' lang='lat' dir='ltr'><strong>fuerit</strong></span> <span class='ocrx_word' id='word_1_852' title='bbox 2921 5281 3035 5335; x_wconf 64' lang='lat' dir='ltr'><strong>haec</strong></span> <span class='ocrx_word' id='word_1_853' title='bbox 3063 5296 3092 5333; x_wconf 89' lang='lat' dir='ltr'><strong>a</strong></span> <span class='ocrx_word' id='word_1_854' title='bbox 3139 5280 3394 5350; x_wconf 91' lang='lat' dir='ltr'><strong>principio</strong></span> <span class='ocrx_word' id='word_1_855' title='bbox 3441 5281 3751 5335; x_wconf 89' lang='lat' dir='ltr'><strong>observare.</strong></span> 
     </span>
    </p>
   </div>
   <div class='ocr_carea' id='block_1_111' title="bbox 2244 5435 3756 5509">
    <p class='ocr_par' dir='ltr' id='par_1_111' title="bbox 2244 5435 3756 5509">
     <span class='ocr_line' id='line_1_112' title="bbox 2244 5435 3756 5509; baseline -0.004 -17"><span class='ocrx_word' id='word_1_856' title='bbox 2244 5448 2258 5477; x_wconf 77' lang='grc' dir='ltr'><strong><em>ι</em></strong></span> <span class='ocrx_word' id='word_1_857' title='bbox 2291 5442 2580 5509; x_wconf 18' lang='lat' dir='ltr'><strong>gAlii‘legunt</strong></span> <span class='ocrx_word' id='word_1_858' title='bbox 2604 5456 2616 5491; x_wconf 92' lang='lat'>:</span> <span class='ocrx_word' id='word_1_859' title='bbox 2641 5440 2759 5509; x_wconf 65' lang='lat' dir='ltr'><strong>Quia</strong></span> <span class='ocrx_word' id='word_1_860' title='bbox 2775 5437 2901 5501; x_wconf 63' lang='lat' dir='ltr'><strong>enim</strong></span> <span class='ocrx_word' id='word_1_861' title='bbox 2922 5435 3329 5509; x_wconf 62' lang='lat' dir='ltr'><strong>beneﬁciqaﬂecti</strong></span> <span class='ocrx_word' id='word_1_862' title='bbox 3346 5436 3615 5509; x_wconf 57' lang='lat' dir='ltr'><strong>nauticas...</strong></span> <span class='ocrx_word' id='word_1_863' title='bbox 3645 5443 3756 5509; x_wconf 76' lang='lat' dir='ltr'><strong>.._ut</strong></span> 
     </span>
    </p>
   </div>
   <div class='ocr_carea' id='block_1_112' title="bbox 2179 5498 3756 5568">
    <p class='ocr_par' dir='ltr' id='par_1_112' title="bbox 2179 5498 3756 5568">
     <span class='ocr_line' id='line_1_113' title="bbox 2179 5498 3756 5568; baseline -0.005 -11"><span class='ocrx_word' id='word_1_864' title='bbox 2179 5506 2433 5568; x_wconf 70' lang='lat' dir='ltr'><strong>castigati;</strong></span> <span class='ocrx_word' id='word_1_865' title='bbox 2498 5517 2631 5554; x_wconf 85' lang='lat' dir='ltr'><strong>omne</strong></span> <span class='ocrx_word' id='word_1_866' title='bbox 2645 5498 2887 5568; x_wconf 57' lang='lat' dir='ltr'><strong>judicium</strong></span> <span class='ocrx_word' id='word_1_867' title='bbox 2924 5498 3058 5568; x_wconf 75' lang='lat' dir='ltr'><strong>dedit</strong></span> <span class='ocrx_word' id='word_1_868' title='bbox 3082 5498 3223 5568; x_wconf 69' lang='lat' dir='ltr'><strong>Filio,</strong></span> <span class='ocrx_word' id='word_1_869' title='bbox 3247 5516 3269 5543; x_wconf 65' lang='grc' dir='ltr'>ι</span> <span class='ocrx_word' id='word_1_870' title='bbox 3300 5501 3457 5559; x_wconf 80' lang='lat' dir='ltr'><strong>inquit</strong></span> <span class='ocrx_word' id='word_1_871' title='bbox 3480 5533 3495 5555; x_wconf 87' lang='lat'>.</span> <span class='ocrx_word' id='word_1_872' title='bbox 3519 5507 3570 5548; x_wconf 89' lang='lat' dir='ltr'><strong>ut</strong></span> <span class='ocrx_word' id='word_1_873' title='bbox 3603 5506 3756 5549; x_wconf 78' lang='lat' dir='ltr'><strong>metus</strong></span> 
     </span>
    </p>
   </div>
   <div class='ocr_carea' id='block_1_113' title="bbox 2178 5559 3388 5628">
    <p class='ocr_par' dir='ltr' id='par_1_113' title="bbox 2178 5559 3388 5628">
     <span class='ocr_line' id='line_1_114' title="bbox 2178 5559 3388 5628; baseline -0.012 -9"><span class='ocrx_word' id='word_1_874' title='bbox 2178 5559 2347 5619; x_wconf 72' lang='lat' dir='ltr'><strong>saltem</strong></span> <span class='ocrx_word' id='word_1_875' title='bbox 2371 5559 2433 5615; x_wconf 82' lang='lat' dir='ltr'><strong>ad</strong></span> <span class='ocrx_word' id='word_1_876' title='bbox 2460 5559 2683 5615; x_wconf 77' lang='lat' dir='ltr'><strong>honorem</strong></span> <span class='ocrx_word' id='word_1_877' title='bbox 2706 5562 2797 5614; x_wconf 76' lang='lat' dir='ltr'><strong>sibi</strong></span> <span class='ocrx_word' id='word_1_878' title='bbox 2818 5563 3071 5628; x_wconf 78' lang='lat' dir='ltr'><strong>ferendum</strong></span> <span class='ocrx_word' id='word_1_879' title='bbox 3085 5559 3340 5628; x_wconf 75' lang='lat' dir='ltr'><strong>_tt_&#39;ahcret._</strong></span> <span class='ocrx_word' id='word_1_880' title='bbox 3377 5619 3388 5628; x_wconf 43' lang='lat'>.</span> 
     </span>
    </p>
   </div>
   <div class='ocr_carea' id='block_1_114' title="bbox 2244 5619 3765 5690">
    <p class='ocr_par' dir='ltr' id='par_1_114' title="bbox 2244 5619 3765 5690">
     <span class='ocr_line' id='line_1_115' title="bbox 2244 5619 3765 5690; baseline -0.006 -13"><span class='ocrx_word' id='word_1_881' title='bbox 2244 5634 2263 5661; x_wconf 73' lang='grc' dir='ltr'>ί</span> <span class='ocrx_word' id='word_1_882' title='bbox 2297 5629 2493 5688; x_wconf 87' lang='lat' dir='ltr'><strong>Quidam</strong></span> <span class='ocrx_word' id='word_1_883' title='bbox 2526 5628 2698 5690; x_wconf 81' lang='lat' dir='ltr'><strong>legunt</strong></span> <span class='ocrx_word' id='word_1_884' title='bbox 2715 5660 2731 5683; x_wconf 86' lang='lat'><strong>,</strong></span> <span class='ocrx_word' id='word_1_885' title='bbox 2754 5619 2865 5673; x_wconf 76' lang='lat' dir='ltr'><strong>nam</strong></span> <span class='ocrx_word' id='word_1_886' title='bbox 2897 5622 3131 5686; x_wconf 85' lang='lat' dir='ltr'><strong>quidquid</strong></span> <span class='ocrx_word' id='word_1_887' title='bbox 3163 5629 3234 5671; x_wconf 85' lang='lat' dir='ltr'><strong>est</strong></span> <span class='ocrx_word' id='word_1_888' title='bbox 3258 5619 3441 5675; x_wconf 87' lang='lat' dir='ltr'><strong>Patris.</strong></span> <span class='ocrx_word' id='word_1_889' title='bbox 3466 5619 3555 5670; x_wconf 85' lang='lat' dir='ltr'><strong>hoc</strong></span> <span class='ocrx_word' id='word_1_890' title='bbox 3576 5627 3621 5670; x_wconf 85' lang='lat' dir='ltr'><strong>et</strong></span> <span class='ocrx_word' id='word_1_891' title='bbox 3648 5622 3765 5675; x_wconf 69' lang='grc' dir='ltr'><strong>Γειὶὲ</strong></span> 
     </span>
    </p>
   </div>
   <div class='ocr_carea' id='block_1_115' title="bbox 2178 5700 3412 5815">
    <p class='ocr_par' dir='ltr' id='par_1_115' title="bbox 2178 5700 3412 5815">
     <span class='ocr_line' id='line_1_116' title="bbox 2178 5700 3412 5815; baseline -0.009 -11"><span class='ocrx_word' id='word_1_892' title='bbox 2178 5700 2264 5785; x_wconf 39' lang='lat' dir='ltr'><strong>es&quot;.</strong></span> <span class='ocrx_word' id='word_1_893' title='bbox 2289 5752 2372 5803; x_wconf 80' lang='lat' dir='ltr'><strong>Alii</strong></span> <span class='ocrx_word' id='word_1_894' title='bbox 2406 5751 2596 5815; x_wconf 84' lang='lat' dir='ltr'><strong>legunt,</strong></span> <span class='ocrx_word' id='word_1_895' title='bbox 2619 5746 2926 5809; x_wconf 85' lang='lat' dir='ltr'><strong>nobilitatem,</strong></span> <span class='ocrx_word' id='word_1_896' title='bbox 2945 5759 3050 5811; x_wconf 85' lang='lat' dir='ltr'><strong>pro,</strong></span> <span class='ocrx_word' id='word_1_897' title='bbox 3073 5742 3412 5810; x_wconf 78' lang='lat' dir='ltr'><strong>wqualitatem.</strong></span> 
     </span>
    </p>
   </div>
  </div>
