4100 6364
288 356 387 411 219

289 471 484 541 ποιήσῃ
530 469 716 537 λόγον·
765 467 903 522 ἀλλά
949 465 1124 518 πάντα
1166 464 1309 517 οὕτω
1353 467 1756 535 καταπατήσεις
1797 464 1865 518 τὰ

287 552 533 624 λαμπρὰ,
572 553 647 616 ὡς
680 551 936 623 βόρϐορον
965 550 1057 602 καὶ
1091 548 1262 619 πηλόν
1286 565 1299 579 ο
1329 548 1422 601 καὶ
1465 548 1586 617 ὄψει
1617 550 1735 602 τότε
1768 566 1864 601 σα-

288 637 434 706 φῶς,
477 636 559 688 ὅτι
606 634 756 688 οὐδὲν
785 634 926 686 οὕτω
973 632 1376 703 παρασκευάζει
1405 631 1580 703 ψυχὴν
1628 634 1866 703 ἀσχημο-

288 722 414 784 νεῖν,
441 720 518 782 ὡς
543 718 605 771 τὸ
633 717 791 789 δόξης
830 718 981 787 ἐρᾷν.
1030 716 1104 768 Οὐ
1138 714 1247 786 γάρ
1280 714 1445 778 ἐστιν,
1474 714 1574 767 οὐκ
1620 714 1733 767 ἔστι
1774 715 1863 767 τὸν

286 803 485 873 ταύτης
505 802 713 872 ἐρῶντα
742 800 815 872 μὴ
841 800 1001 869 ζῆσαι
1029 798 1141 868 βίον
1164 798 1573 867 ἐσταυρωμένον
1591 810 1616 837 α
1633 815 1648 829 ·
1676 797 1863 869 ὥσπερ

286 882 377 939 οὖν
405 886 505 939 οὐκ
538 885 648 938 ἐστι
683 885 997 955 πατήσαντα
1026 881 1250 951 ταύτην,
1293 882 1367 953 μὴ
1392 883 1459 935 τά
1493 881 1710 935 πλείονα
1753 882 1862 935 τῶν

288 968 474 1021 παθῶν
515 968 915 1037 καταπατῆσαι.
956 967 1015 1018 '0
1043 965 1152 1035 γάρ
1176 964 1381 1035 ταύτης
1414 964 1859 1035 περιγενόμενος,

290 1052 381 1103 καὶ
408 1049 602 1119 φθόνου
629 1052 723 1103 καὶ
745 1049 1195 1120 φιλοχρηματίας,
1218 1049 1313 1102 καὶ
1333 1048 1547 1101 πάντων
1579 1048 1860 1118 περιέσται

288 1134 391 1187 τῶν
412 1132 663 1203 χαλεπῶν
675 1150 802 1203 νοση
812 1133 1012 1203 μάτων.
1032 1132 1141 1185 Καὶ
1160 1131 1275 1194 πῶς
1290 1131 1458 1200 αὐτῆς
1472 1131 1857 1200 περιεσόμεθα,

290 1219 477 1287 (msh;
508 1219 604 1270 “Av
637 1216 775 1288 πρὸς
801 1216 899 1285 τὴν
926 1216 1091 1285 ἀλλην
1125 1215 1321 1284 ἴδωμεν
1346 1215 1503 1277 δόξαν
1530 1214 1629 1284 τὴν
1658 1216 1722 1266 ἐκ
1752 1213 1861 1266 τῶν

289 1301 556 1371 οὐρανῶν,
583 1296 651 1372 ἧς
681 1299 961 1353 ἐκϐάλλειν
989 1300 1136 1369 ἡμᾶς
1173 1298 1310 1366 αῦτη
1346 1295 1609 1365 βιάζεται.
1649 1297 1856 1367 Ἐκείνη

288 1384 391 1455 γὰρ
415 1385 507 1438 καί
535 1383 765 1437 ἐνταῦθα
786 1385 929 1436 ποιεῖ
952 1382 1255 1452 λαμπροὺς,
1285 1382 1378 1434 καὶ
1408 1381 1522 1450 μεθ’
1543 1382 1700 1450 ἡμῶν
1725 1382 1860 1452 πρὸς

288 1467 377 1538 τὴν
428 1467 725 1535 μέλλουσαν
756 1465 1125 1535 συναποδημεῖ
1170 1465 1335 1535 ζωὴν,
1366 1466 1458 1518 καὶ
1504 1466 1683 1533 πάσης
1713 1467 1859 1535 ἡμᾶς

289 1550 558 1621 ἐλευθεροῖ
597 1550 837 1612 δουλείας
874 1548 1163 1620 σαρκικῆς,
1268 1548 1405 1618 μετά
1450 1548 1650 1618 πολλῆς
1679 1548 1857 1601 ἀθλιό-

288 1650 440 1703 τητος
467 1632 788 1702 δουλεύομεν
819 1631 934 1693 νῦν,
974 1632 1127 1692 ὅλους
1163 1632 1388 1693 ἐαυτοὺς
1414 1634 1479 1701 τῇ
1519 1633 1588 1701 γῇ
1622 1632 1713 1683 καὶ
1747 1634 1858 1695 τοῖς

288 1716 483 1786 ταύτης
509 1717 753 1778 ἐκδόντες
784 1716 1089 1785 πράγμασι.
1113 1714 1231 1767 Κᾶν
1256 1716 1334 1776 εἰς
1359 1713 1565 1784 ἀγοράν
1592 1713 1855 1785 ἐμϐάλῃς,

290 1799 383 1851 κᾶν
420 1802 499 1862 εἰς
530 1799 705 1852 οἰκίαν
734 1798 1003 1869 εἰσέλθῃς,
1034 1797 1136 1851 κᾶν
1165 1797 1243 1860 εἰς
1290 1796 1388 1858 τὰς
1429 1796 1606 1859 ὁδοὺς,
1646 1795 1747 1848 κᾶν
1780 1798 1861 1859 είς

289 1884 405 1945 τοὺς
444 1880 752 1952 σταθμοὺς,
803 1880 907 1933 κᾶν
937 1882 1015 1942 εἰς
1060 1879 1127 1932 τά
1160 1879 1500 1947 καταγώγια,
1542 1879 1644 1931 κᾶν
1683 1881 1759 1942 εἰς
1790 1879 1859 1932 τά

291 1966 604 2036 πανδοκεῖα,
655 1966 759 2036 κᾶν
801 1967 881 2027 είς
913 1963 1116 2036 πλοῖον,
1162 1964 1265 2036 κᾶν
1312 1963 1392 2025 εἰς
1424 1962 1604 2036 νῆσον,
1637 1962 1750 2036 κᾶν,
1779 1964 1859 2025 εἰς

288 2038 352 2091 τὰ
393 2032 658 2106 βασίλεια,
691 2034 793 2106 κᾶν
821 2037 901 2106 εἰς
928 2034 996 2086 τά
1026 2034 1378 2106 δικαστήρια,
1402 2032 1503 2106 κᾶν
1533 2036 1612 2106 εἰς
1643 2032 1859 2106 βουλεύ-

289 2102 463 2178 τήρία,
510 2104 785 2175 πανταχοῦ
830 2104 939 2158 τῶν
974 2102 1268 2175 παρόντων
1299 2103 1392 2157 καὶ
1437 2102 1542 2155 τῶν
1589 2102 1857 2172 βιωτικῶν

342 2243 368 2272 ⁸
397 2242 553 2291 Savil.
602 2248 656 2290 et
696 2240 835 2290 codd.
886 2240 998 2297 705,
1042 2239 1135 2288 706
1172 2245 1307 2288 recte
1351 2237 1609 2288 omittitur.
1662 2236 1856 2288 Videsis

286 2302 629 2353 adnotationem
647 2299 1026 2365 interpretationi
1050 2301 1228 2351 Latinae
1243 2301 1514 2365 subjectum.
1551 2301 1686 2349 Enn.

1165 349 1230 403 IN
1268 348 1579 405 JOANNEM
1615 349 1847 405 HOMIL.
1888 348 2132 431 XXXIX.
2173 350 2246 404 al.
2286 349 2573 407 XXXVIII.

3426 353 3535 408 9.20

1966 464 2304 535 πραγμάτων
2355 463 2475 533 ὄψει
2520 463 2619 534 τὴν
2650 464 2935 535 φροντίδα,
2986 462 3078 517 καὶ
3135 463 3361 517 ἕκαστον
3394 467 3536 539 ὑπὲρ

1962 546 2179 599 τούτων
2200 547 2552 616 κοπτόμενον,
2586 546 2712 610 τούς
2743 563 2801 599 τε
2836 546 3075 609 ἀπόντας
3102 544 3229 609 τούς
3264 563 3323 598 τε
3369 549 3543 602 ἐπιόν-

1962 646 2088 691 τας,
2141 630 2267 692 τοὺς
2316 628 2731 699 ἀποδημοῦντας
2792 628 2917 693 τούς
2963 646 3023 681 τε
3078 630 3363 699 μένοντας,
3413 634 3541 697 τοὺς

1964 713 2255 776 πλέοντας,
2297 714 2421 775 τοὺς
2452 713 2857 783 γεωργοῦντας,
2902 713 3028 776 τοὺς
3057 714 3116 764 ἐν
3158 715 3270 776 τοῖς
3318 716 3538 783 ἀγροῖς,

1962 797 2087 858 τούς
2123 797 2179 848 ἐν
2220 797 2340 859 ταῖς
2383 795 2600 857 πόλεσι,
2641 796 2848 857 πάντας
2888 794 3091 857 ἁπλῶς.
3136 795 3231 857 Τίς
3275 790 3367 848 οὖν
3410 797 3543 867 ἡμῖν

1963 879 2116 941 ἐλπὶς
2160 878 2431 948 σωτηρίας
2472 878 2654 941 ἐσται,
2696 878 2823 931 ὅταν
2865 878 2962 948 τὴν
3002 878 3105 947 γῆν
3138 878 3410 943 οἰκοῦντες
3447 880 3541 933 τοῦ

1962 960 2119 1023 Θεοῦ,
2155 962 2229 1032 μὴ
2275 962 2341 1014 τά
2380 960 2472 1013 τοῦ
2508 960 2660 1032 [225]
2690 959 2824 1013 Θεοῦ
2858 961 3163 1032 φρονῶμεν,
3196 960 3331 1014 ἀλλά
3363 963 3543 1016 κελευ-

1964 1044 2183 1105 σθέντες
2218 1040 2357 1097 εἶναι
2397 1044 2537 1110 ξένοι
2566 1044 2672 1095 τῶν
2706 1043 2956 1103 ἐνταῦθα.
2988 1045 3127 1108 ξένοι
3166 1044 3272 1096 τῶν
3296 1045 3543 1115 οὐρανῶν

1961 1121 2131 1196 ὦμεν,
2159 1128 2252 1179 καὶ
2277 1127 2385 1179 τῶν
2413 1127 2646 1183 ἐνταῦθα
2678 1126 2887 1179 πολῖται
2909 1144 2922 1191 ;
2950 1128 3013 1178 Τί
3040 1125 3241 1197 ταύτης
3265 1127 3366 1196 τῆς
3390 1129 3542 1181 ἀναι-

1964 1210 2191 1281 σθησίας
2218 1214 2397 1280 χεῖρον
2423 1210 2617 1278 γένοιτ’
2646 1209 2733 1273 ἂν,
2762 1211 2887 1262 ὅταν
2917 1210 3037 1262 καθ’
3066 1211 3303 1279 ἑκάστην
3328 1211 3541 1282 ἡμέραν

1960 1294 2027 1346 τά
2058 1295 2155 1364 τῆς
2198 1294 2465 1364 κρίσεως,
2510 1293 2578 1346 τὰ
2607 1295 2707 1362 τῆς
2742 1293 3013 1364 βασιλείας
3060 1294 3370 1358 ἀκούοντες,
3414 1299 3542 1358 τους

1960 1379 2053 1429 ἐπὶ
2095 1376 2187 1429 τοῦ
2222 1376 2343 1429 Νῶε
2400 1376 2697 1446 μιμώμεθα
2741 1377 2833 1429 καὶ
2882 1376 3007 1439 τοὺς
3055 1377 3111 1429 ἐν
3155 1378 3437 1447 Σοδόμοις,
3469 1381 3538 1449 τῇ

1961 1460 2125 1529 πείρᾳ
2150 1459 2256 1511 τῶν
2288 1464 2626 1530 πραγμάτων
2656 1461 2905 1529 μένοντες
2936 1460 3113 1513 πάντα
3147 1460 3367 1529 μαθεῖν;
3409 1462 3541 1514 Καί-

1959 1560 2039 1595 τοι
2067 1560 2129 1610 γε
2158 1543 2245 1594 διά
2280 1543 2435 1595 τοῦτο
2465 1543 2644 1595 πάντα
2672 1545 2848 1594 ἐκεῖνα
2887 1544 3216 1614 γέγραπται,
3251 1544 3335 1596 ἵνα
3376 1545 3428 1596 εί
3456 1561 3539 1606 τις

1960 1628 2068 1688 τοῖς
2109 1625 2390 1694 μέλλουσιν
2437 1628 2686 1689 ἀπιστεῖ,
2732 1625 2837 1677 ἀπὸ
2875 1626 2983 1679 τῶν
3017 1627 3116 1697 ἤδη
3160 1626 3540 1695 γεγενημένων

1962 1710 2102 1780 σαφῆ
2135 1709 2273 1782 λάϐῃ
2317 1710 2410 1761 καὶ
2450 1710 2577 1779 περὶ
2609 1708 2716 1761 τῶν
2758 1709 3058 1779 μελλόντων
3105 1710 3203 1781 τὴν
3235 1711 3533 1776 ἀπόδειξιν.

1960 1791 2145 1846 Ταῦτα
2185 1790 2276 1846 οὖν
2309 1792 2635 1857 ἐννοοῦντες,
2676 1793 2769 1845 καὶ
2803 1793 2872 1845 τά
2903 1793 3307 1863 παρεληλυθότα
3341 1794 3433 1846 καὶ
3471 1794 3541 1847 τά

1963 1875 2239 1946 μέλλοντα,
2276 1876 2471 1945 μικρὸν
2508 1874 2637 1942 γοῦν
2686 1874 3110 1945 ἁναπνεύσωμεν
3149 1877 3249 1946 τῆς
3292 1877 3538 1947 χαλεπῆς

1958 1958 2161 2028 ταύτης
2198 1958 2474 2021 δουλείας,
2510 1959 2603 2010 καί
2647 1975 2768 2009 τινα
2806 1959 2899 2010 καὶ
2931 1959 3031 2027 τῆς
3073 1959 3251 2029 ψυχῆς
3298 1962 3539 2029 ποιησώ-

1961 2041 2101 2111 μεθα
2138 2041 2314 2109 λόγον,
2345 2042 2432 2093 ἴνα
2461 2041 2555 2093 καὶ
2585 2040 2693 2092 τῶν
2724 2043 3003 2111 παρόντων
3047 2044 3142 2096 καὶ
3176 2044 3282 2095 τῶν
3317 2043 3536 2112 μελλόν-

1956 2142 2063 2177 των
2113 2126 2459 2195 ἐπιτύχωμεν
2510 2124 2751 2190 ἀγαθῶν,
2802 2128 2986 2195 χάριτι
3033 2128 3123 2179 καὶ
3160 2126 3538 2197 φιλανθρωπία

1954 2208 2048 2260 τοῦ
2090 2208 2292 2267 Κυρίου
2336 2207 2491 2279 ἡμῶν
2527 2207 2698 2276 Ἰησοῦ
2738 2209 2995 2279 Χριστοῦ,
3040 2203 3085 2277 ᾧ
3126 2212 3159 2280 ἡ
3194 2209 3318 2275 δόξα
3352 2209 3445 2261 καὶ
3473 2209 3538 2261 τὸ

1956 2291 2151 2361 κράτος
2178 2294 2255 2355 εἰς
2286 2293 2409 2353 τοὺς
2436 2290 2639 2354 αἰῶνας
2667 2290 2775 2343 τῶν
2807 2290 3037 2346 αἰώνων.
3079 2294 3265 2364 Ἀμήν.

1706 2465 1950 2517 ΟΜΙΛῙΛ
1988 2463 2111 2517 ΛΘ’.

294 2557 345 2611 Ὁ
375 2560 577 2629 Πατήρ
602 2578 721 2629 μου
748 2561 821 2613 οὐ
848 2560 1035 2627 κρίνει
1060 2556 1300 2629 οὐδένα,
1325 2556 1488 2629 ἀλλὰ
1513 2554 1641 2629 τὴνΔ
1653 2558 1855 2629 κρίσιν

347 2624 556 2684 πᾶσαν
603 2624 823 2683 δέδωκε
850 2624 929 2694 τῷ
975 2628 1104 2693 Υίῷ,
1128 2629 1227 2680 ἵνα
1256 2626 1478 2692 πάντες
1507 2624 1717 2696 τιμῶσι
1749 2627 1856 2680 τὸν

358 2701 516 2763 Υίὸν,
546 2699 738 2765 καθὼς
761 2698 971 2769 τιμῶσι
1003 2699 1110 2751 τὸν
1141 2696 1390 2764 Πατέρα.

346 2799 412 2847 a'.
433 2793 645 2862 Πολλῆς
661 2794 791 2863 ἡμῖν
822 2792 902 2844 δεῖ
917 2789 1014 2860 τῆς
1046 2790 1278 2859 σπουδῆς
1308 2792 1365 2842 ἐν
1390 2789 1610 2849 ἆπασιν,
1641 2789 1855 2858 ἀγαπη-

284 2877 375 2929 τοί.
402 2878 515 2929 Καὶ
553 2878 660 2947 γάρ
698 2877 855 2944 λόγον
885 2873 1146 2945 δώσομεν,
1180 2874 1274 2927 καὶ
1319 2871 1549 2934 εὐθύνας
1582 2872 1854 2942 ὑφέξομεν

282 2959 547 3031 ἀκριϐεῖς,
578 2960 672 3013 καὶ
706 2960 965 3030 ῥημάτων
990 2958 1083 3012 καὶ
1114 2957 1476 3027 πραγμάτων.
1504 2956 1577 3009 Οὐ
1614 2956 1723 3026 γὰρ
1756 2955 1855 3025 μέ-

284 3061 367 3113 χρι
408 3044 505 3097 τοῦ
552 3044 817 3114 παρόντος
854 3043 922 3097 τὰ
957 3041 1199 3113 ἡμέτερα
1233 3040 1462 3111 ἕστηκεν
1488 3052 1535 3102 δ,
1579 3039 1715 3093 ἀλλὰ
1760 3040 1854 3093 καὶ

282 3127 435 3197 ἑτέρα
464 3144 555 3190 τις
582 3128 728 3196 ἡμᾶς
754 3125 1000 3178 ἐντεῦθεν
1025 3124 1299 3187 ἐκδέξεται
1326 3122 1470 3190 ζωῆς
1499 3123 1849 3184 κατάστασις,

282 3210 369 3261 καὶ
421 3208 757 3279 δικαστηρίῳ
798 3206 1262 3279 παραστησόμεθα
1324 3204 1558 3275 φοϐερῷ.
1603 3204 1700 3258 Δεῖ
1745 3205 1854 3273 γὰρ

280 3290 430 3358 ἡμᾶς
470 3288 853 3360 παραστῆναι
886 3291 1220 3358 ἔμπροσθεν
1274 3288 1381 3343 τοῦ
1432 3286 1704 3356 ,ϐήματος
1748 3288 1853 3339 τοῦ

281 3375 556 3441 Χριστοῦ,
591 3374 724 3444 φησὶ
753 3374 982 3437 Παῦλος,
1011 3374 1112 3426 ἵνα
1137 3373 1453 3441 κομίσηται
1492 3371 1744 3435 ἕκαστος
1784 3368 1856 3421 τὰ

278 3458 370 3513 διὰ
401 3460 508 3514 τσῦ
553 3459 843 3528 σώματος,
879 3458 1029 3526 πρὸς
1065 3456 1103 3510 ἁ
1140 3455 1420 3524 ἔπραξεν,
1459 3455 1578 3508 εἴτε
1608 3454 1852 3522 ἀγαθὸν,

278 3542 389 3597 εἶτε
436 3544 657 3597 κακόν.
690 3542 857 3595 Τοῦτο
887 3542 1063 3595 τοίνυν
1093 3540 1152 3593 τὸ
1197 3540 1545 3609 δικαστήριον
1589 3538 1855 3606 ἐννοῶμεν

278 3627 387 3691 ἀεὶ,
430 3629 532 3680 καὶ
576 3626 718 3679 οὕτω
748 3626 835 3679 διὰ
883 3627 1081 3687 παντὸς
1137 3624 1229 3676 τοῦ
1278 3624 1469 3694 χρόνου
1517 3621 1857 3691 δυνησόμεθα

278 3708 407 3765 εἶναι
436 3715 494 3765 ἐν
519 3711 717 3781 ἀρετῇ.
745 3712 951 3780 Ὠσπερ
976 3709 1083 3780 γάρ
1108 3709 1135 3761 ό
1159 3709 1256 3778 τῆς
1280 3707 1457 3777 ψυχῆς
1484 3705 1727 3759 ἐκϐαλὼν
1758 3705 1856 3775 τὴν

276 3795 482 3866 ἡμέραν
526 3795 769 3862 ἐκείνην,
816 3793 1063 3863 καθάπερ
1108 3793 1273 3855 ἵππος
1302 3792 1393 3843 τὸν
1431 3790 1645 3859 χαλινὸν
1685 3790 1857 3861 ἀπορ-

278 3879 474 3950 ρήξας,
520 3880 605 3942 εἰς
638 3878 929 3947 ’κρημνοὺς
979 3877 1201 3947 φέρεται
1249 3874 1680 3946 (Βεϐηλοῦνται
1722 3877 1851 3944 γάρ,

276 3964 455 4031 φησὶν,
483 3966 543 4016 αὶ
576 3960 704 4015 ὁδοὶ
734 3959 919 4013 αὑτοῦ
957 3959 1028 4011 ἐν
1059 3958 1235 4011 παντὶ
1264 3957 1445 4025 καιρῷ
1465 3975 1478 3988 ·
1511 3957 1591 4009 διὸ
1620 3957 1714 4010 καὶ
1754 3958 1854 4026 τὴν

273 4048 447 4101 αἰτίαν
491 4045 700 4111 τιθεὶς,
745 4046 1057 4114 ἐπήγαγενο
1108 4041 1557 4117 Ἀνταναιρεςῖται
1604 4041 1677 4094 τὰ
1726 4042 1852 4108 κρί-

268 4133 421 4200 pani
451 4148 575 4186 σου
605 4130 726 4184 ἀπὸ
755 4126 1078 4196 προσώπου
1104 4125 1342 4193 αὐτοῦ)“
1375 4123 1545 4187 οὓτως
1576 4126 1603 4177 ὁ
1630 4125 1855 4177 διαπαν-

271 4213 359 4277 τὸς
405 4214 605 4268 τοῦτον
654 4212 791 4282 ἔχων
836 4211 927 4263 τὸν
978 4209 1162 4279 φόϐον,
1215 4208 1503 4278 σωφρόνως
1565 4206 1850 4276 βαδιεῖται.

282 4296 768 4366 Ἀναμιμνήσκου
814 4295 945 4365 γὰρ,
989 4293 1149 4362 φησὶ,
1196 4292 1268 4345 τὰ
1312 4290 1544 4359 ἕσχατά
1585 4306 1719 4345 σου.
1755 4289 1853 4343 καὶ

270 4381 352 4446 εἰς
386 4381 495 4434 τὸν
539 4377 733 4433 αἰῶνα
770 4380 841 4431 οὺ
868 4376 953 4446 μὴ
996 4376 1379 4445 ἀμαρτήσεις.
1416 4375 1474 4426 'O
1508 4372 1615 4444 γὰρ
1644 4373 1800 4442 ἀφεὶς
1825 4373 1854 4411 b

270 4464 395 4532 ἡμῖν
424 4463 495 4515 τά
533 4462 915 4532 ἁμαρτήματα
946 4459 1060 4517 νῦν.
1085 4454 1240 4520 οῦτος
1277 4457 1581 4509 καθεδεῖται
1619 4455 1855 4519 δικάζων

270 4544 423 4597 τότεο
459 4548 490 4599 ὁ
533 4543 828 4598 ἀποθανὼν
868 4541 934 4594 δι’
974 4543 1155 4612 ἡμᾶς,
1207 4535 1359 4602 οὗτος
1404 4543 1649 4608 φανεῖται
1694 4540 1854 4592 πάλιν

268 4630 463 4697 κρίνων
500 4627 607 4698 τὴν
641 4625 800 4694 φύσιν
832 4626 1070 4679 ἃπασαν.
1106 4624 1199 4677 Ἐκ
1229 4622 1508 4688 δευτέρου
1538 4623 1665 4691 γὰρ,
1699 4622 1852 4692 φησὶ,

269 4710 442 4777 χωρὶς
473 4709 778 4779 ἁμαρτίας
818 4707 1141 4778 ὀφθήσεται
1169 4706 1293 4772 τοῖς
1320 4706 1506 4759 αὑτὸν
1533 4706 1856 4775 ἀπεκδεχο-

262 4794 465 4862 μένοις
502 4797 597 4859 είς
652 4792 969 4858 σωτηρίαν.
1018 4790 1108 4843 Διὸ
1142 4791 1235 4843 καὶ
1281 4788 1509 4842 ἐνταῦθα
1542 4788 1756 4857 ἔλεγεν·
1802 4791 1854 4842 '0

267 4878 465 4947 Πατήρ
499 4894 632 4947 μου
675 4878 750 4929 οὐ
795 4877 983 4943 κρίνει
1023 4872 1260 4938 οὐδένα,
1290 4871 1448 4927 ἀλλά
1493 4871 1606 4940 τὴν
1655 4873 1856 4939 κρίσιν

268 4959 471 5016 πᾶσαν
520 4960 752 5015 δέδωκε
798 4957 879 5024 τῷ
917 4957 1046 5023 Υἰῷ,
1095 4959 1194 5010 ἵνα
1231 4955 1450 5021 πάντες
1499 4955 1707 5025 τιμῶσι
1749 4955 1858 5009 τὸν

274 5046 424 5111 Υὶόν,
457 5044 669 5110 καθὼς
699 5042 910 5111 τιμῶσι
942 5042 1050 5094 τὸν
1088 5039 1334 5107 Πατέρα.
1366 5038 1577 5094 Οὐκοῦν
1609 5039 1704 5091 καὶ
1745 5040 1855 5090 Πα-

265 5127 392 5196 τέρα
438 5128 612 5180 αὑτδν
670 5124 1066 5197 προσεροῦμεν,
1114 5123 1306 5192 φησίν;
1337 5124 1570 5190 Ἀπαγε.
1602 5122 1702 5174 Διά
1744 5122 1852 5191 γάρ

265 5210 415 5265 τοῦτο
446 5209 596 5274 εἷπε,
636 5208 751 5263 Τὸν
786 5209 942 5271 Υιόν,
976 5207 1062 5261 ἵνα
1093 5206 1321 5277 μένοντα
1351 5204 1476 5256 Υίὸν
1504 5204 1748 5274 τιμῶμεν
1777 5204 1851 5267 ὡς

265 5294 351 5346 τὸν
380 5295 633 5364 Πατέρα.
677 5293 736 5347 '0
761 5294 816 5346 δέ
849 5292 1066 5363 Πατέρα
1098 5291 1258 5343 αὐτὸν
1300 5288 1474 5356 λέγων
1506 5289 1605 5341 οὐκ
1652 5288 1730 5340 ἐτι
1763 5288 1853 5343 τὸν

266 5376 390 5431 Υἱδν
420 5378 497 5442 ὡς
540 5376 772 5446 Πατέρα
812 5377 1088 5445 ἐτίμησεν,
1133 5370 1284 5444 {226]
1313 5371 1444 5426 ἀλλά
1483 5372 1544 5423 τὸ
1590 5373 1696 5424 πᾶν
1731 5388 1853 5422 συν-

267 5461 434 5530 έχεεν.
472 5462 636 5515 Ἐπεὶ
666 5460 843 5511 τοίνυν
871 5456 1310 5528 εὐεργετούμενοι
1343 5456 1392 5508 οἱ
1432 5456 1725 5525 ἄνθρωποι,
1757 5454 1853 5524 οὐχ

267 5544 404 5598 οὕτω
433 5544 814 5615 προσάγονται
836 5541 910 5605 ὡς
938 5541 1354 5612 τιμωρούμενοι,
1388 5538 1474 5591 διὰ
1501 5537 1657 5590 τοῦτο
1681 5535 1850 5597 οὔτως

267 5623 385 5679 εἷπε
430 5625 723 5697 φοϐερῶς,
768 5626 896 5678 ἴναο
936 5625 1040 5678 κᾶν
1085 5627 1113 5676 ό
1146 5624 1305 5693 φόϐος
1347 5625 1425 5686 εἰς
1456 5621 1615 5691 τιμὴν
1660 5619 1851 5672 ἐαυτοῦ

267 5713 672 5783 ἐπισπάσηται.
705 5712 915 5767 Πᾶσαν
958 5712 1015 5765 δέ
1052 5713 1178 5764 ὅταν
1215 5712 1364 5780 εἴπῃ,
1390 5708 1547 5761 τοῦτο
1575 5707 1739 5773 λέγει.
1773 5706 1852 5757 ὅτι

269 5800 357 5849 καὶ
384 5798 479 5849 τοῦ
515 5795 776 5859 κολάζειν
809 5796 900 5848 καὶ
920 5794 1013 5847 τοῦ
1047 5796 1210 5864 τιμᾷν
1237 5792 1419 5862 κύριός
1448 5794 1584 5854 ἐστι,
1611 5791 1701 5842 καὶ
1734 5790 1854 5841 ἐκά-

345 5893 374 5921 ι
429 5881 516 5929 Sic
563 5880 722 5929 Savil.
766 5880 939 5929 Morel.
988 5880 1048 5926 τὰ
1102 5878 1307 5939 ἡμέτερά
1347 5878 1463 5923 ἐστι.
1551 5873 1579 5913 b
1617 5873 1787 5939 MorP].
1830 5875 1856 5921 ὁ

270 5944 423 5989 τοίνυν
446 5943 605 5997 ἀφείς,
680 5944 701 5969 ⁸³
729 5941 821 5988 Alii
850 5942 1011 5996 ἐπειδὴ
1051 5937 1146 6001 γὰο
1182 5937 1332 6000 εὐεργ.
1356 5942 1399 5985 οἱ
1420 5940 1547 5998 ἀνθρ.
1581 5937 1668 5997 οὐχ
1708 5938 1859 5989 οὕτως

276 6004 606 6051 αἰσθάνονται.
632 6007 793 6050 πᾶσαν
812 6011 895 6055 τήν
920 6010 1073 6051 κοίσιν
1096 6010 1297 6051 decu,st
1319 6001 1468 6061 αυτῳξ
1492 6012 1644 6059 anew,
1670 6010 1760 6055 ἱνα.

1955 2574 2086 2629 τερα
2120 2560 2294 2611 ποιεῖν
2322 2558 2398 2621 ὠς
2445 2557 2511 2611 ἂν
2545 2558 2725 2629 ἐθέλῃ.
2757 2560 2831 2612 Τὸ
2877 2560 2952 2617 δέ.
2981 2560 3257 2626 Ἔδωκεν,
3293 2562 3528 2635 εἴρηται,

1956 2641 2043 2693 ῖνα
2076 2642 2149 2712 μὴ
2198 2640 2491 2709 ἀγέννητον
2524 2641 2684 2693 αὐτὸν
2713 2642 3084 2716 ὑποπτεύσῃς,
3120 2645 3253 2713 μηδὲ
3294 2647 3386 2699 δύο
3419 2649 3533 2700 Πα-

1952 2724 2118 2793 τέρας
2158 2720 2296 2775 εἶναι
2326 2723 2572 2797 νομίσῃς.
2615 2725 2796 2778 Πάντα
2826 2726 2931 2795 γὰρ
2959 2727 3057 2778 ὅσα
3099 2728 3243 2780 ἐστὶν
3270 2730 3297 2779 ὁ
3324 2730 3529 2800 Πατὴρ,

1953 2806 2127 2859 ταῦτά
2163 2807 2278 2859 ἐστι
2305 2807 2397 2859 καὶ
2423 2809 2451 2859 ὁ
2476 2807 2601 2869 Υἱὸς
2622 2806 2671 2869 τι,
2703 2807 3004 2877 γεννηθεὶς,
3038 2810 3132 2861 καὶ
3164 2811 3339 2879 μένων
3372 2813 3428 2865 ἐν
3454 2813 3535 2883 τῷ

1954 2884 2093 2941 εἶναι
2120 2888 2262 2952 Υἱός.
2293 2890 2400 2942 Καὶ
2429 2890 2515 2942 ἴνα
2551 2889 2728 2962 μάθῃς
2765 2892 2845 2943 ὅτι
2885 2890 2965 2953 τὸ,
2997 2892 3281 2956 Ἔδωκεν,
3314 2894 3425 2947 ἴσον
3456 2896 3535 2966 τῷ

1955 2971 2261 3041 ἐγέννησεν,
2303 2974 2469 3035 ἐστὶν,
2514 2973 2743 3027 ἄκουσον
2771 2974 2829 3040 ἐξ
2868 2974 3054 3044 ἐτέρου
3082 2974 3239 3028 τοῦτο
3285 2977 3416 3030 αὐτὸ
3442 2977 3535 3048 δη-

1954 3052 2232 3123 λούμενον.
2279 3056 2507 3122 Ὥσπερ
2562 3057 2672 3126 γὰρ
2717 3060 2750 3110 ὁ
2799 3056 3004 3124 Πατὴρ
3058 3057 3181 3124 ἔχει
3256 3058 3409 3127 ζωὴν
3464 3062 3538 3114 ἐν

1956 3136 2164 3201 ἑαυτῷ,
2195 3139 2376 3206 φησὶν,
2401 3139 2589 3205 οὕτως
2616 3139 2798 3193 ἔδωκε
2821 3139 2917 3193 καὶ
2941 3138 3021 3205 τῷ
3055 3139 3165 3204 Υἱῷ
3193 3140 3349 3209 ζωὴν
3370 3145 3537 3212 ἐχειν

1954 3219 2024 3271 ἐν
2058 3219 2265 3285 ἐαυτῷ.
2312 3222 2377 3272 Τί
2410 3218 2535 3281 οὗνς
2585 3222 2851 3293 πρότερον
2893 3223 3054 3276 αὐτὸν
3109 3224 3391 3294 ἐγέννησε,
3440 3228 3536 3279 καὶ

1957 3302 2077 3355 τότε
2125 3302 2290 3355 ἔδωκε
2326 3305 2424 3373 τὴν
2457 3304 2637 3375 ζωήν;
2676 3307 2733 3357 ὐ
2766 3305 2875 3376 γὰρ
2912 3306 3106 3368 διδοὺς,
3154 3307 3267 3359 ὄντι
3309 3307 3416 3360 τινὶ
3452 3308 3533 3361 δί-

1956 3386 2137 3439 δωσιν.
2177 3386 2383 3439 Οὐκοῦν
2417 3383 2486 3456 ἦν
2516 3392 2612 3458 τῆς
2648 3388 2792 3458 ζωῆς
2822 3389 2987 3457 χωρὶς
3020 3389 3330 3458 γεννηθείς;
3376 3390 3536 3444 Ἀλλά

1955 3470 2112 3521 τοῦτο
2149 3470 2255 3522 οὐδ’
2286 3471 2351 3522 ἂν
2382 3470 2631 3539 δαίμονες
2666 3471 3088 3523 ὐποπτεύσαιενο
3125 3472 3260 3541 μετά
3290 3473 3397 3543 γὰρ
3436 3475 3536 3543 τῆς

1957 3550 2210 3614 ἀσεϐείας
2250 3552 2382 3605 πολὺ
2419 3554 2511 3605 καὶ
2544 3554 2603 3604 τὸ
2648 3553 2872 3622 ἀνόητον
2908 3553 3038 3621 ἔχει.
3070 3553 3284 3623 Ὥσπερ
3318 3550 3409 3607 οὖν
3443 3556 3527 3616 τὸ,

1960 3634 2183 3687 Ἔδωκε
2222 3632 2391 3702 ζωὴν,
2440 3636 2726 3704 ἐγέννησεν
2777 3635 2939 3687 αὐτὸν
2972 3636 3116 3705 ζωήν
3164 3638 3343 3688 ἐστιν·
3391 3635 3535 3689 οὕτω

1957 3718 2051 3768 καὶ
2086 3717 2163 3773 τὸν
2196 3717 2418 3770 Ἔδωκε
2459 3718 2681 3783 κρίσιν,
2715 3719 2907 3787 κριτὴν
2941 3719 3103 3770 αὐτόν
3132 3720 3282 3770 ἐστιν
3312 3719 3535 3789 ἐγέννη-

1959 3816 2069 3853 σεν.
2091 3800 2207 3852 "Iva
2229 3800 2338 3869 γὰρ
2370 3799 2466 3869 μὴ,
2493 3799 2702 3852 ἀκούων
2732 3802 2811 3853 ὃτι
2842 3801 3012 3852 αἴτιον
3038 3800 3149 3870 ἔχει
3174 3800 3262 3853 τὸν
3293 3802 3531 3872 Πατέρα,

1957 3881 2308 3952 παραλλαγὴν
2360 3883 2547 3946 οὐσίας
2591 3884 2819 3954 νομίσῃς
2867 3885 2959 3937 καὶ
3001 3884 3167 3953 τιμῆς
3214 3885 3529 3950 ἐλάττωσιν,

1956 3965 2116 4027 αὐτὸς
2146 3964 2362 4036 ἔρχεταί
2391 3982 2450 4018 σε
2488 3965 2706 4039 κρίνων,
2733 3966 2829 4036 τὴν
2862 3967 3080 4035 ἰσότητα
3106 3979 3129 4006 ο
3162 3969 3252 4020 καὶ
3286 3968 3535 4022 ἐντεῦθεν

1955 4048 2188 4111 δεικνύς.
2226 4050 2283 4101 '0
2325 4049 2431 4120 γάρ
2470 4048 2607 4118 ἔχων
2652 4049 2897 4113 ἐξουσίαν
2941 4050 3185 4115 κολάζειν
3229 4053 3322 4105 καί
3365 4055 3532 4123 τιμᾷν

1955 4132 2049 4195 οὒς
2081 4132 2347 4202 βούλεται,
2377 4133 2444 4185 τά
2473 4132 2612 4185 αὐτὰ
2661 4133 2884 4186 δύναται
2932 4133 3009 4202 τῷ
3052 4135 3244 4204 Πατρί.
3287 4136 3436 4189 Ἐπεὶ
3483 4140 3533 4190 εί

1960 4214 2033 4285 μὴ
2077 4215 2232 4268 τοῦτό
2286 4219 2452 4279 ἐστιν,
2496 4215 2610 4268 ἀλλ’
2654 4215 2877 4287 ὕστερον
2915 4217 3194 4287 γεννηθεὶς
3229 4217 3384 4271 ἔλαϐε
3434 4218 3531 4289 τὴν

1956 4299 2139 4368 τιμὴν,
2165 4299 2219 4350 τί
2252 4299 2472 4366 γέγονεν
2502 4298 2639 4351 ὥστε
2669 4300 2830 4353 αὐτὸν
2861 4298 3083 4369 ὕστερον
3113 4299 3436 4369 τιμηθῆναι;
3467 4303 3532 4354 ἐκ

1957 4380 2114 4443 ποίας
2146 4381 2237 4433 ἐπὶ
2266 4381 2422 4433 τοῦτο
2451 4376 2581 4452 ἦλθε
2611 4385 2897 4453 προκοπῆς
2925 4381 3064 4435 ὥστε
3097 4384 3194 4451 τὴν
3224 4382 3377 4445 ἀξίαν
3404 4383 3533 4435 ταύ-

1953 4480 2052 4533 την
2083 4463 2265 4515 λαϐεῖν
2314 4464 2407 4516 καὶ
2442 4465 2910 4535 χειροτονηθῆναι;
2958 4468 3069 4519 Οὐκ
3121 4465 3435 4535 αἰσχύνεσθε
3464 4467 3532 4520 τὰ

1956 4546 2267 4617 ἀνθρώπινα
2304 4547 2477 4600 ταῦτα
2511 4548 2602 4600 καλ⁹
2636 4549 2823 4619 εὐτελῆ
2874 4551 3121 4618 νοήματα
3153 4552 3217 4619 τῇ
3268 4550 3532 4620 ἀκηράτῳ

1955 4629 2113 4698 φύσει
2141 4631 2231 4683 καὶ
2260 4630 2413 4682 οὐδὲν
2442 4632 2762 4684 ἐπείσακτον
2794 4632 2989 4702 ἐχούσῃ
3036 4631 3409 4702 ἀναισχύντως
3437 4633 3532 4685 οὐ-

1954 4730 2061 4775 τως
2101 4714 2517 4781 ἐπεισάγοντες;
2560 4714 2716 4776 Τίνος
2756 4709 2848 4766 οὖν
2886 4714 3069 4767 ἕνεκεν
3109 4714 3250 4767 οὕτω
3292 4716 3531 4784 φθέγγε-

1955 4814 2064 4860 ται,
2105 4798 2301 4865 φησίν;
2329 4798 2491 4849 Ὥστε
2519 4798 2922 4868 εὐπαράδεκτον
2951 4798 3203 4863 γενέσθαι
3234 4798 3324 4851 τὸν
3353 4800 3528 4868 λόγον,

1956 4881 2051 4933 καὶ
2092 4883 2203 4943 τοῖς
2238 4882 2459 4949 ὑψηλοῖς
2509 4882 2924 4951 προοδοποιῆσαι
2964 4883 3193 4951 ῥήμασι.
3234 4884 3332 4936 Διά
3372 4884 3533 4937 τοῦτο

1957 4963 2281 5033 ἀναμίγνυσι
2308 4964 2475 5017 ταῦτα
2504 4965 2747 5027 ἐκείνοις,
2777 4966 3002 5017 κάκεῖνα
3028 4952 3257 5028 τούτοις.
3291 4967 3399 5019 Καὶ
3430 4969 3531 5037 ὅρα

1961 5046 2107 5107 πῶς·
2158 5046 2318 5098 καλὸν
2366 5046 2473 5117 γάρ
2519 5047 2575 5112 ἐξ
2612 5047 2785 5116 ἀρχῆς
2827 5047 3034 5101 ίταῦτα
3064 5049 3210 5103 ἰδεῖν.
3256 5045 3440 5111 Εἶπεν,
3478 5051 3531 5100 ’0

1958 5127 2159 5195 Πατήρ
2182 5147 2300 5197 μου
2330 5129 2645 5199 ἐργάζεται,
2674 5129 2833 5196 κάγὼ
2862 5131 3196 5201 ἐργάζομαιο
3229 5133 3439 5194 δεικνὺς
3468 5133 3532 5186 ἐκ

1958 5211 2145 5264 τούτου
2176 5211 2235 5263 τὸ
2267 5212 2377 5264 ἴσον
2412 5213 2505 5265 καὶ
2527 5213 2585 5264 τὸ
2612 5214 2903 5283 ὁμότιμον’
2934 5215 3044 5267 Καὶ
3073 5214 3320 5282 ἐζήτουν
3346 5215 3532 5266 αὐτὸν

1959 5294 2320 5349 ἀποκτεῖναι.
2381 5295 2445 5347 Τί
2499 5295 2680 5347 λοιπὸν
2728 5300 2906 5362 ποιεῖ;
2959 5297 3036 5367 Τῇ
3073 5298 3216 5361 λέξει
3255 5298 3351 5367 μὲν
3393 5296 3529 5348 καθ-

1960 5379 2168 5447 υφίησι,
2199 5378 2267 5429 τὰ
2296 5379 2538 5446 νοήματα
2565 5378 2621 5430 δέ
2650 5378 2719 5431 τὰ
2744 5380 2881 5432 αὐτὰ
2907 5379 3136 5449 τίθησιν,
3160 5379 3300 5432 οὕτω
3330 5378 3526 5446 λέγων’

1964 5462 2044 5513 Οὐ
2076 5460 2322 5513 δύναται
2351 5464 2381 5514 ό
2420 5460 2547 5525 Υἱὸς
2577 5464 2768 5515 ποιεῖν
2793 5465 2891 5531 ἀφ’
2920 5464 3138 5517 ἑαυτοῦ
3166 5463 3364 5517 οὐδέν.
3399 5458 3530 5515 Εἶτα

1958 5544 2118 5596 πάλιν
2160 5544 2250 5594 ἐπὶ
2294 5544 2359 5595 τὰ
2403 5543 2579 5614 ὑψηλά
2628 5548 2815 5613 ἀνάγει
2866 5545 2955 5597 τὸν
2997 5546 3174 5612 λόγον’
3203 5548 3260 5598 Ἃ
3306 5544 3416 5616 τὰρ
3455 5545 3532 5597 ἂν

1955 5627 2180 5691 ἐκεῖνος
2222 5626 2384 5692 ποιῇ.
2413 5629 2597 5679 ταῦτα
2625 5630 2721 5681 καὶ
2751 5633 2781 5681 ό
2819 5630 2947 5693 Υἱὸς
2983 5629 3194 5697 ὁμοίως
3235 5629 3408 5690 ποιεῖ,
3445 5629 3532 5683 λέ-

1959 5728 2085 5777 γων.
2119 5708 2250 5764 Εἶτα
2278 5712 2434 5764 πάλιν
2459 5712 2549 5763 ἐπὶ
2578 5714 2638 5762 τὸ
2669 5708 3048 5780 ταπεινότερον
3072 5728 3083 5738 °
3124 5714 3177 5765 Ὀ
3200 5713 3308 5782 γὰρ
3331 5716 3532 5782 Πατὴρ

1959 5792 2157 5862 ἀγαπᾷ
2204 5795 2310 5846 τὸν
2362 5795 2515 5857 Υἱὸν,
2559 5796 2650 5847 καὶ
2706 5796 2899 5847 πάντα
2945 5795 3256 5850 δείκνυσιν
3297 5795 3455 5862 αὐτῷ
3494 5795 3534 5849 ιῖ

2021 5874 2046 5912 (ι
2071 5877 2270 5942 Quide
2314 5879 2409 5925 ἐστὶ
2430 5881 2495 5935 τῷ
2520 5880 2682 5942 “arpi,
2707 5878 2856 5926 ταῦτά
2880 5880 2985 5942 ἐστι
3002 5881 3081 5926 καὶ
3105 5882 3171 5941 τῷ
3210 5882 3325 5941 Υἱῷ.
3449 5881 3531 5928 Sic

1959 5930 2198 6009 δθγὶιίιεξι.
2212 5940 2381 5986 Morel.
2410 5930 2503 5990 Alii
2528 5930 2893 6002 Thv'e'iyévatav.
2967 5940 2987 5982 Ῑ
3014 5931 3157 5991 Alius;
3180 5931 3374 5997 τούτοις.
3400 5941 3532 6007 ’Όρα

1967 6001 2077 6058 γοῦν
2105 6001 2153 6050 ἐξ
2178 6002 2341 6066 ἀρχῆς.
2352 6040 2361 6048 .
2375 6038 2384 6045 .
2394 6038 2405 6049 .
