4100 6364
497 265 595 319 221

497 379 680 443 αὐτὸς
701 376 880 431 ποιεῖ’
904 378 997 431 καὶ
1018 378 1256 445 μείζονα
1276 378 1502 430 τούτων
1520 378 1702 443 δείξει
1730 375 1905 441 αὐτῷ,
1932 371 2064 427 Εἶτα

502 463 662 517 πάλιν
681 463 772 514 ἐπὶ
798 462 857 514 τὸ
883 462 1207 532 ὑψηλότερον
1223 479 1236 495 ·
1257 462 1481 529 Ὥσπερ
1511 462 1622 531 γὰρ
1644 466 1676 515 ό
1703 460 1911 527 Πατὴρ
1925 459 2067 527 ἐγεί-

490 562 588 613 ρει
615 544 755 609 τοὺς
787 545 1035 613 νεκροὺς
1081 544 1181 597 καὶ
1214 542 1500 609 ζωοποιεῖ,
1531 545 1683 598 οὕτω
1725 543 1823 596 καὶ
1854 546 1887 596 ό
1934 541 2066 607 Υἱὸς

500 630 609 696 οὓς
647 628 805 683 θέλει
837 627 1115 688 ζωοποιεῖ.
1154 630 1263 682 Καὶ
1308 629 1444 699 μετά
1482 628 1638 681 τοῦτο
1666 627 1828 680 πάλιν
1871 626 1964 679 ἐπὶ
2009 627 2071 677 τὸ

499 714 748 767 ταπεινὸν
772 713 905 783 όμοῦ
932 713 1024 766 καὶ
1045 712 1243 783 ὑψηλόν
1262 731 1277 745 ·
1301 712 1451 766 Οὐδὲ
1466 712 1580 782 γὰρ
1603 716 1634 766 ό
1659 712 1859 779 Πατὴρ
1883 711 2072 779 κρίνει

502 799 748 859 οὐδένα,
790 797 949 850 ἀλλὰ
980 795 1093 862 τὴν
1140 798 1343 863 κρίσιν
1376 794 1582 850 πᾶσαν
1617 794 1801 847 ἔδωκε
1828 792 1906 858 τῷ
1939 792 2068 858 Υιῷ.

503 879 636 934 Εἶτα
669 882 761 933 ἐπὶ
796 880 857 932 τὸ
891 879 1217 949 ὑψηλότερον
1237 896 1251 909 ο
1284 880 1416 932 Ἵνα
1459 878 1681 941 πάντες
1719 877 1927 947 τιμῶσι
1964 878 2073 930 τόν

511 963 667 1025 Υἱὸν,
712 960 906 1025 καθὼς
951 960 1161 1029 τιμῶσι
1197 961 1303 1014 τὸν
1342 962 1591 1027 Πατέρα.
1625 957 1778 1021 Εἶδες
1816 959 1933 1021 πῶς
1981 958 2072 1012 τὸν

502 1047 658 1113 λόγον
690 1044 983 1104 ποικίλλει,
1025 1045 1091 1096 δι’
1124 1044 1342 1114 ὑψηλῶν
1378 1061 1437 1096 τε
1472 1042 1621 1115 [2’27]
1666 1043 1760 1097 καὶ
1798 1042 2071 1096 ταπεινῶν

502 1130 661 1182 αὑτὸν
682 1129 919 1197 ὑφαίνων
964 1129 1238 1198 ὀνομάτων
1268 1146 1327 1181 τε
1359 1129 1453 1181 καὶ
1501 1127 1780 1197 ῥημάτων,
1813 1126 1953 1180 ὥστε
1979 1126 2072 1178 καὶ

498 1216 609 1273 τοῖς
628 1212 749 1264 τότε
774 1211 1021 1279 γενέσθαι
1039 1210 1458 1278 εὑπαράδεκτον,
1482 1211 1719 1271 καὶτοὺς
1746 1210 1881 1279 μετά
1903 1208 2073 1262 ταῦτα

503 1295 666 1366 μηδὲν
698 1295 977 1364 βλαϐῆναι,
1011 1294 1117 1345 ἀπὸ
1146 1294 1252 1346 τῶν
1282 1293 1497 1362 ὑψηλῶν
1536 1294 1629 1346 καί¹
1664 1294 1791 1362 περὶ
1819 1293 1926 1343 τῶν
1958 1292 2073 1344 ἐτέ-

502 1396 610 1450 ρων
651 1379 749 1449 τὴν
783 1379 1161 1447 προσήκουσαν
1192 1376 1452 1438 λαϐόντας
1491 1375 1723 1440 ἔννοιαν;
1758 1376 1818 1427 Εἰ
1854 1374 1962 1444 γάρ
1997 1374 2071 1445 μὴ

497 1462 653 1514 τοῦτό
685 1464 819 1522 ἐστι,
852 1461 983 1530 μηδὲ
1028 1459 1483 1526 συγκαταϐάσεως
1531 1459 1713 1510 ἕνεκεν
1748 1457 1961 1526 εἴρηται
2003 1456 2072 1509 τὰ

498 1546 781 1616 εἰρημένα,
810 1545 952 1606 τίνος
980 1543 1163 1595 ἐνεκεν
1192 1541 1260 1594 τά
1286 1541 1463 1611 ὑψηλά
1489 1540 1837 1612 προσέκειτο;
1875 1540 1935 1592 '0
1973 1539 2071 1608 μὲν

497 1629 605 1697 γὰρ
631 1630 854 1698 ὀφείλων
885 1627 1093 1697 μεγάλα
1119 1638 1145 1666 ει
1175 1627 1301 1695 περί
1329 1625 1522 1678 ἐαυτοῦ
1557 1624 1910 1695 φθέγγεσθαι,
1938 1625 2071 1677 ὃταν

394 1724 397 1727 ·
501 1712 694 1781 μικρόν
723 1728 776 1763 τι
803 1710 929 1779 εἴπῃ
971 1710 1065 1763 καὶ
1100 1708 1374 1773 ταπεινὸν,
1403 1708 1675 1777 πρόφασιν
1718 1707 2071 1777 εὐπρόσωπον

496 1795 629 1865 ἔχει,
668 1793 975 1863 οἰκονομίας
1007 1791 1147 1853 τινὸς
1176 1792 1359 1844 ἕνεκεν
1400 1790 1559 1842 τοῦτο
1605 1790 1800 1843 ποιῶν·
1829 1792 1857 1842 ὀ
1885 1789 1941 1842 δὲ
1983 1788 2072 1840 εὑ-

495 1878 624 1946 τελῆ
658 1878 832 1945 λέγειν
863 1876 1089 1943 ὀφείλων
1123 1876 1249 1945 περί
1290 1874 1503 1935 ἐαυτοῦ,
1546 1872 1612 1926 ἂν
1643 1873 1785 1941 μέγα
1824 1889 1878 1925 τι
1907 1871 2066 1941 εῐπῃ,

496 1960 637 2023 τίνος
663 1962 845 2015 ’ἐνεκεν
874 1959 944 2012 τά
975 1957 1367 2029 ὑπερϐαίνοντα
1396 1956 1557 2009 αὑτοῦ
1584 1956 1681 2027 τὴν
1713 1955 1871 2024 φύσιν
1907 1955 2070 2023 φθέγ-

496 2045 734 2111 γεταιι);
771 2041 939 2096 Τοῦτο
971 2040 1080 2110 γὰρ
1124 2042 1223 2093 ούκ
1271 2039 1349 2091 ἐτι
1395 2040 1701 2109 οἰκονομίας
1745 2039 1914 2102 τινὸς,
1952 2037 2068 2091 ἀλλ’

497 2128 726 2197 ἐσχάτης
763 2123 1015 2187 ἀσεϐείας
1044 2123 1223 2177 ὲστίνω

569 2212 635 2282 β’.
659 2212 823 2263 Ὥστε
851 2212 1010 2281 ἡμεῖς
1037 2208 1134 2278 μὲν
1153 2207 1366 2261 δικαίαν
1386 2208 1480 2260 καί
1501 2206 1577 2277 τῷ
1606 2205 1724 2276 Θεῷ
1756 2207 2069 2277 πρέπουσαν

495 2295 669 2351 αἰτίαν
693 2295 884 2365 ἔχομεν
907 2295 1074 2345 εἰπεῖν
1096 2292 1201 2344 τῶν
1224 2290 1492 2343 ταπεινῶν
1521 2291 1798 2359 ῥημάτων,
1824 2289 1921 2359 τὴν
1947 2285 2071 2356 συγο

495 2379 814 2440 κατάϐασιν,
843 2378 933 2429 καὶ
964 2376 1024 2428 τὸ
1063 2375 1335 2428 παιδεύειν
1373 2374 1699 2444 μετριάζειν,
1738 2374 1829 2426 καὶ
1857 2373 1953 2443 τὴν
1981 2373 2069 2427 διὰ

492 2461 695 2529 ταύτης
728 2462 856 2530 ἡμῖν
895 2459 1351 2529 οἰκονομουμένην
1384 2459 1679 2527 σωτηρίαψ
1712 2458 1740 2510 ὃ
1772 2457 1866 2510 καὶ
1905 2458 2069 2520 αὐτὸς

492 2549 666 2619 δηλῶν
704 2545 934 2617 ἀλλαχοῦ
979 2546 1128 2612 ἔλεγε
1155 2561 1168 2574 ·
1219 2544 1408 2597 Ταῦτα
1450 2542 1517 2595 δὲ
1548 2543 1722 2611 λέγω,
1764 2544 1863 2595 ἵνα
1902 2545 2068 2610 ὑμεῖς

493 2631 745 2699 σωθῆτε.
796 2629 1015 2697 Ἐπειδὴ
1068 2627 1176 2697 γάρ
1228 2628 1306 2691 εἰς
1355 2626 1454 2696 τὴν
1500 2626 1744 2677 Ἰωάννου
1794 2624 2066 2691 κατέφυγε

498 2714 818 2785 μαρτυρίαν,
858 2712 955 2782 τὴν
998 2710 1189 2763 ἐαυτοῦ
1232 2709 1389 2777 ἀφεὶς
1441 2709 1596 2778 (ὅπερ
1638 2707 1854 2771 ἀνάξιον
1901 2706 2065 2759 αὑτοῦ

492 2799 590 2867 τῆς
625 2798 1008 2867 μεγαλωσύνης
1041 2790 1165 2864 ἦν)’
1216 2793 1313 2862 τῆς
1359 2791 1633 2853 εὐτελείας
1660 2794 1757 2863 τῆς
1802 2791 2066 2855 τοσαύτης

492 2881 600 2934 τῶν
633 2881 891 2950 ῥημάτων
937 2877 1104 2940 τιθεὶς
1132 2876 1229 2941 τὴν
1261 2875 1461 2938 αἰτίαν,
1498 2872 1618 2927 εἷπε
1654 2875 1735 2937 τὸ,
1774 2875 1963 2928 Ταῦτα
1999 2874 2067 2927 δὲ

493 2964 668 3031 λέγω,
694 2964 793 3017 ἵνα
825 2961 994 3032 ὑμεῖς
1031 2956 1281 3025 σωθῆτε.
1320 2959 1507 3027 Ὑμεῖς
1540 2958 1596 3010 δὲ
1631 2959 1678 3039 οἰ
1710 2958 1955 3023 λέγοντες
1990 2959 2066 3028 μὴ

495 3049 637 3117 ἔχειν
678 3046 838 3099 αὐτὸν
867 3045 965 3115 τὴν
1010 3043 1174 3112 αὐτὴν
1204 3041 1448 3107 ἐξουσίαν
1481 3042 1572 3093 καὶ
1601 3041 1697 3111 τὴν
1734 3042 1958 3110 δύναμιν
1987 3042 2066 3110 τῷ

494 3131 863 3200 γεγεννηκότι,
890 3128 942 3179 τί
968 3127 1033 3179 ἂν
1060 3126 1251 3194 εἴπητε
1272 3127 1398 3177 ὅταν
1421 3124 1689 3195 ἀκούσητε
1715 3125 1877 3177 αὑτοῦ
1905 3125 2068 3193 φθεγ-

493 3216 745 3285 γομένου,
774 3214 840 3265 δι’
866 3205 939 3264 ὧν
984 3210 1103 3278 ίσην
1133 3209 1369 3262 δείκνυσι
1413 3208 1510 3278 τὴν
1549 3209 1687 3278 πρὸς
1720 3208 1810 3260 τὸν
1849 3208 2066 3277 Πατέρα

494 3299 586 3351 καί
615 3296 839 3366 δύναμιν
866 3294 959 3346 καὶ
991 3292 1235 3357 ἐξουσίαν
1274 3291 1367 3343 καί.
1396 3288 1584 3356 δόξαν;
1618 3289 1770 3352 Τίνος
1799 3290 1853 3342 δὲ
1881 3290 2065 3343 ἕνεκεν

494 3382 589 3434 καὶ
623 3379 719 3449 τὴν
749 3378 915 3446 αὐτὴν
950 3376 1115 3447 τιμὴν
1147 3375 1386 3433 ἀπαιτεῖ,
1417 3374 1620 3444 σφόδρα
1648 3373 2064 3443 καταδεέστερος

493 3462 588 3520 ὢν,
629 3461 703 3524 ῶς
746 3478 912 3530 φατες
955 3460 1063 3512 Καὶ
1108 3457 1228 3510 οὑδὲ
1259 3456 1489 3510 ἐνταῦθα
1524 3457 1753 3520 ἵσταται,
1787 3454 1957 3517 οὕτως
1990 3457 2066 3507 εἰ-

493 3545 632 3609 πὼν,
656 3546 791 3598 ἀλλά
814 3544 908 3598 καὶ
931 3543 1123 3610 ἐπάγει
1145 3541 1346 3609 λέγων’
1383 3541 1437 3591 Ὀ
1454 3540 1539 3608 μὴ
1566 3540 1749 3609 τιμῶν
1770 3539 1876 3593 τὸν
1906 3540 2062 3603 Υἱὸν,

492 3632 565 3684 οὐ
598 3631 733 3699 τιμᾷ
777 3629 883 3681 τὸν
916 3626 1146 3693 Πατέρα
1177 3624 1285 3677 τὸν
1316 3624 1637 3691 πέμψαντα
1666 3626 1869 3678 αὐτόν.
1905 3623 2066 3694 Ὁρᾷς

494 3713 611 3777 πῶς
662 3711 1073 3781 συμπέπλεκται
1119 3710 1151 3777 ὴ
1193 3708 1326 3778 τιμὴ
1359 3707 1452 3760 τοῦ
1493 3707 1621 3760 Υἱοῦ
1671 3710 1736 3777 τῇ
1790 3709 1920 3778 τιμῇ
1970 3706 2063 3759 τοῦ

492 3796 740 3866 Πατρός;
774 3796 881 3848 Καὶ
905 3793 957 3845 τί
987 3790 1162 3855 τοῦτο,
1194 3792 1359 3861 φησί;
1392 3790 1560 3842 Τοῦτο
1588 3789 1695 3860 γάρ
1723 3790 1815 3842 καὶ
1841 3790 1931 3842 ἐπὶ
1956 3790 2063 3842 τῶν

491 3879 803 3931 ἀποστόλων
836 3877 981 3928 ἐστιν
1033 3875 1190 3927 ἰδεῖν·
1233 3874 1285 3923 '0
1331 3874 1437 3943 γάρ
1490 3873 1832 3943 δεχόμενος,
1877 3874 2061 3944 φησὶν,

492 3961 668 4030 ὑμᾶς,
709 3960 811 4028 ἐμὲ
844 3958 1094 4026 δέχεται.
1132 3957 1269 4009 Ἀλλ’
1299 3957 1414 4009 ἐκεῖ
1460 3956 1578 4026 μὲν,
1628 3957 1811 4024 ἐπειδὴ
1852 3956 1921 4009 τά
1957 3957 2064 4009 τῶν

490 4044 691 4099 δούλων
720 4042 1012 4096 οἰκειοῦται
1054 4039 1159 4092 τῶν
1206 4039 1417 4098 ἑαυτοῦ,
1449 4040 1535 4093 διὰ
1574 4040 1730 4093 τοῦτο
1772 4041 1943 4103 οὕτως
1988 4036 2066 4093 εἷ-

493 4146 622 4182 πεν·
644 4127 874 4182 ἐνταῦθα
902 4126 978 4187 δὲ,
1006 4123 1194 4194 ἐπειδὴ
1224 4124 1319 4191 μία
1343 4125 1486 4175 ἐστὶν
1510 4126 1540 4194 ἡ
1563 4125 1717 4177 οὐσία
1745 4126 1838 4177 καὶ
1860 4128 1892 4194 ἡ
1915 4125 2060 4191 δόξα.

496 4212 704 4273 ’Ἄλλως
731 4210 787 4262 δὲ
831 4210 922 4261 καὶ
966 4209 1057 4259 ἐπί
1100 4206 1207 4258 τῶν
1242 4206 1552 4259 ἀποστόλων
1579 4208 1678 4261 οὐκ
1710 4208 1945 4278 εἴρηται,
1979 4208 2064 4260 ἵνα

491 4295 711 4365 τιμῶσι.
741 4292 935 4354 Καλῶς
956 4293 1011 4344 δὲ
1041 4287 1209 4354 εἶπεν,
1243 4292 1305 4343 '0
1324 4291 1408 4360 μὴ
1450 4292 1633 4360 τιμῶν
1657 4292 1761 4345 τὸν
1804 4293 1959 4355 Υἱὸν,
1992 4295 2063 4346 οὺ

492 4377 629 4447 τιμᾷ
657 4379 761 4431 τὸν
797 4376 1039 4444 Πατέρα.
1070 4377 1177 4429 Καὶ
1210 4376 1317 4446 γὰρ
1351 4378 1398 4428 εί
1425 4376 1518 4429 δύο
1549 4377 1811 4445 βασιλέων
1841 4379 2006 4430 ὄντων
2034 4381 2062 4431 ὁ

493 4458 572 4527 εἷς
614 4463 912 4533 ὑϐρίζοιτο,
961 4460 1335 4531 συνυϐρίζεται
1382 4461 1473 4512 καὶ
1508 4463 1535 4512 ὁ
1568 4462 1777 4531 ἕτερος,
1814 4463 1907 4514 καί.
1956 4462 2061 4531 μά-

492 4547 647 4599 λιστα
668 4547 795 4598 ὅταν
821 4547 848 4598 ὁ
882 4544 1230 4613 ὑϐριζόμενος
1254 4545 1364 4605 υἰὶς
1489 4542 1797 4614 ’Υϐρίζεται
1829 4547 1926 4614 μὲν
1954 4546 2061 4616 γὰρ

493 4629 585 4681 καὶ
614 4628 829 4682 ὁπλίτου
862 4626 1275 4696 παροινηθέντος
1296 4642 1307 4653 ·
1339 4625 1451 4679 ἀλλ’
1474 4626 1571 4695 οὐχ
1608 4628 1823 4695 ὁμοίως,
1851 4628 1965 4680 ἀλλ’
1987 4629 2062 4694 ὼς

491 4712 580 4764 διὰ
609 4711 847 4780 μεσίτου.
888 4708 1147 4761 Ἐνταῦθα
1173 4708 1229 4761 δὲ
1256 4709 1353 4776 οὑχ
1381 4706 1573 4769 οὕτως,
1603 4708 1713 4761 ἀλλ’
1742 4710 1817 4772 ὼς
1848 4711 1914 4763 δι’
1943 4714 2063 4766 ἐαυ-

492 4792 606 4847 τοῦ.
639 4793 736 4846 Διά
782 4792 939 4847 τοῦτο
984 4789 1269 4861 προλαϐὼν
1316 4788 1486 4854 εἶπεν,
1525 4792 1656 4845 Ἵνα
1700 4793 1907 4860 τιμῶσι
1955 4797 2063 4849 τὸν

501 4877 657 4938 mw,
699 4876 891 4941 καθὼς
931 4874 1135 4943 τιμῶοζι
1176 4874 1283 4927 τὸν
1310 4871 1569 4940 Πατέρα·
1614 4874 1718 4933 ἵνα,
1753 4876 1879 4928 ὅταν
1911 4878 2058 4950 εἴπῃ,

503 4961 565 5013 Ὀ
604 4959 684 5029 μὴ
715 4959 896 5028 τιμῶν
930 4961 1037 5010 τὸν
1070 4958 1224 5019 Υἱὸν,
1257 4961 1327 5010 οὐ
1365 4956 1502 5025 τιμᾷ
1536 4956 1641 5009 τὸν
1684 4957 1931 5024 Πατέρα,
1962 4961 2061 5030 τὴν

490 5045 663 5114 αὑτὴν
686 5044 940 5115 ἐννοήσῃς
963 5044 1145 5112 τιμήν.
1171 5044 1242 5096 Ού
1269 5042 1375 5112 γὰρ
1394 5053 1414 5080 ε
1441 5041 1644 5101 ἁπλῶς,
1673 5042 1733 5093 '0
1749 5041 1833 5109 μὴ
1857 5042 2057 5110 τιμῶν,

490 5124 628 5185 ἀλλ’,
671 5125 732 5174 '0
756 5121 841 5191 μὴ
886 5122 1065 5189 τιμῶν
1092 5120 1262 5182 οὕτως
1294 5121 1367 5183 ῶς
1398 5119 1545 5191 [9,-3.8]
1578 5118 1749 5181 εἷπον,
1782 5120 1963 5190 φησὶν,
1989 5123 2060 5175 οὐ

488 5203 626 5272 τιμᾶ
654 5203 761 5255 τὸν
787 5202 1038 5267 Πατέρα.
1066 5200 1175 5252 Καὶ
1203 5198 1337 5263 πῶς,
1373 5199 1524 5265 φησί.
1561 5197 1660 5265 τῆς
1684 5198 1851 5267 αὐτῆς
1875 5199 2061 5262 οὐσίας

487 5286 516 5337 ὁ
551 5285 780 5351 πέμπων
820 5280 913 5332 καὶ
951 5281 977 5331 ὁ
1013 5277 1389 5347 πεμπόμενος;
1428 5276 1593 5330 Πάλιν
1633 5276 1724 5329 ἐπὶ
1757 5277 1825 5329 τά
1859 5277 2061 5349 ἀνθρώ-

487 5380 618 5416 πινα
647 5359 974 5429 καταφέρεις
1002 5357 1091 5410 τὸν
1115 5357 1291 5425 λόγον,
1323 5357 1413 5410 καί
1434 5357 1532 5408 οὐκ
1564 5358 1757 5419 ἐννοεῖς
1786 5357 1866 5408 ὅτι
1890 5358 2060 5410 ταῦτα

488 5443 665 5494 πάντα
697 5440 764 5492 δι’
807 5439 959 5493 οὐδὲν
1008 5437 1193 5506 ἕτερον
1237 5436 1480 5505 εἴρηται,
1525 5435 1635 5487 ἀλλ’
1688 5436 1774 5488 ἵνα
1827 5437 1919 5489 καὶ
1966 5438 2059 5490 τὸν

485 5520 657 5572 αἴτιον
700 5518 953 5587 εἰδῶμεν,
984 5517 1077 5568 καὶ
1114 5516 1193 5576 εἰς
1236 5515 1335 5584 τὴν
1373 5513 1661 5566 Σαϐελλίου
1702 5514 1776 5584 μὴ
1827 5517 2059 5585 περιπέ-

551 5603 577 5630 ⁸
603 5601 772 5650 Morel.
816 5602 897 5661 μὲν
924 5600 1017 5662 γὰρ
1038 5598 1291 5661 προσήκων
1310 5596 1443 5662 αύτῷ
1469 5613 1573 5662 μεγζ
1698 5595 1843 5662 S_avil_.
1868 5598 2058 5662 φθέγγε-

486 5679 586 5719 ται,
612 5663 779 5710 Morel.
805 5656 1104 5724 φθέγγεσθαι’;
1139 5666 1192 5708 et
1213 5659 1357 5724 paplo
1383 5656 1503 5724 gost
1543 5656 1921 5724 quil._éaxérﬁc
1944 5656 2056 5724 ἀσε-

490 5718 636 5785 εείάς,
663 5718 836 5785 Morel}
859 5718 1061 5785 ἐσχάτης
1082 5718 1355 5785 παρανοίας.
1376 5718 1569 5785 ,Νευιτε
1598 5720 1746 5767 lectio
1770 5718 1946 5785 placet.
1975 5720 2057 5785 l_.i_-

488 5783 669 5833 benler
687 5780 1013 5831 scribereiﬁus
1033 5780 1273 5839 ἀπονοίας,
1296 5782 1388 5829 nisi
1413 5780 1632 5829 obslaret
1656 5784 1872 5828 omnium
1915 5781 2054 5829 codd.
2088 5818 2099 5830 ,

493 5847 545 5915 gn
582 5844 800 5915 ἀσεϐείας
840 5857 1126 5893 consensus.
1193 5845 1215 5872 °
1238 5843 1386 5892 Savil.
1420 5848 1474 5891 et
1498 5842 1665 5891 Morel.
1695 5842 1933 5904 ἐννοήσῃς.
1957 5843 2055 5892 Alii

490 5908 801 5967 ὑποπτεύσῃς.

1171 262 1226 317 S.
1267 263 1548 319 JOANNIS
1585 259 2080 318 CIIRYSOSTOMI
2114 260 2435 319 ARCHIEP.
2475 262 3028 320 CONSTANTINOP.

3627 266 3734 320 222

2173 391 2354 444 σωμεν
2394 376 2567 439 νόσον,
2606 378 2700 432 καὶ
2738 379 2846 431 τῶν
2880 376 3148 432 Ἰουδαίων
3186 376 3220 448 ή
3262 376 3513 430 ἀσθένεια
3545 378 3733 435 τοῦτον

2172 456 2477 530 θεραπευθῇ
2526 462 2616 515 τὸν
2659 462 2877 533 τρόπον,
2920 462 3061 514 ὥστε
3095 460 3168 531 μὴ
3216 460 3535 529 νομισθῆναι
3573 463 3733 516 αὑτὸν

2171 539 2414 593 ἀντίθεον
2438 539 2575 595 εἶναι
2615 546 2742 616 παρ’
2768 546 2947 607 αὐτοῖς
2969 544 3019 598 ἀ.
3050 545 3160 599 Καὶ
3187 546 3293 615 γὰρ
3320 546 3520 614 ἔλεγον,
3547 546 3733 617 Οὗτος

2168 622 2280 675 οὐκ
2327 623 2496 679 ἐστιν
2538 626 2606 680 ἐκ
2659 629 2762 682 τοῦ
2815 628 2999 681 Θεοῦο
3042 626 3217 695 οὗτος
3260 630 3378 684 ἀπὸ
3423 634 3572 688 Θεοῦ
3619 637 3731 689 οὐκ

2169 704 2445 773 ἐλήλυθε.
2488 710 2629 781 Πρὸς
2671 709 2725 762 δὲ
2766 710 2827 762 τὸ
2864 709 2961 780 τὴν
2993 711 3224 779 ὑποψίαν
3259 713 3461 784 ταύτην
3503 716 3729 781 ἀνελεῖν,

2168 787 2263 857 οὐχ
2289 788 2429 843 οὕτω
2452 793 2520 844 τὰ
2546 792 2744 862 ὑψηλά,
2769 794 2844 857 ὡς
2876 795 2945 849 τὰ
2976 795 3205 849 ταπεινά
3237 798 3603 853 συνεϐάλλετο.
3635 803 3733 856 Διά

2167 870 2326 955 τοῦτο
2355 874 2589 943 συνεχῶς
2618 875 2731 929 ἄνω
2756 877 2848 929 καί
2875 878 3024 932 κάτω
3044 878 3228 946 ἔλεγεν
3257 881 3607 947 ἀπεστάλθαι,
3635 886 3733 955 οὑχ

2171 953 2257 1038 ἵνα
2300 956 2591 1011 ἐλά-ττωσίν
2633 976 2752 1012 τινα
2800 960 2964 1014 αὑτοῦ
3006 963 3231 1034 νομίσῃς
3268 960 3405 1018 εἶναι
3443 966 3503 1019 τὸ
3547 953 3731 1038 ῥῆμα,

2170 1035 2284 1088 ἀλλ’
2314 1048 2336 1074 θ
2379 1038 2465 1091 ἵνα
2498 1041 2750 1114 ἐμφράξῃ
2788 1044 2854 1097 τὰ
2896 1044 3116 1099 ἐκείνων
3160 1048 3417 1116 στόματα.
3450 1035 3559 1104 Διά*
3578 1035 3735 1103 τοῦτο

2170 1119 2264 1203 καί
2301 1121 2633 1190 καταφεύγει
2664 1124 2898 1195 συνεχῶς
2934 1127 3025 1179 ἐπὶ
3060 1128 3148 1180 τὸν
3184 1130 3420 1200 Πατέρα,
3450 1131 3616 1195 τιθεὶς
3647 1151 3737 1203 με·

2168 1202 2300 1266 ταξὺ
2356 1205 2448 1256 καὶ
2481 1205 2577 1276 τὴν
2621 1208 2824 1261 οἰκείαν
2853 1209 3138 1263 αὑθεντίαν
3170 1212 3213 1267 ἲ.
3249 1212 3368 1267 Εἴτε
3414 1215 3519 1285 γὰρ
3559 1202 3736 1271 πάντα

2170 1286 2304 1355 πρὸς
2342 1288 2441 1357 τὴν
2483 1288 2640 1353 ἀξίαν
2686 1291 2835 1358 ἔλεγε
2873 1293 2972 1362 τὴν
3009 1294 3223 1357 ἑαυτοῦ,
3254 1298 3353 1349 οὐκ
3384 1296 3449 1349 ἂν
3490 1298 3736 1362 ἐδέξαντο

2167 1370 2236 1421 τά
2264 1369 2526 1439 λεγόμενα
2565 1374 2779 1437 ἐκεῖνοι,
2810 1375 2945 1427 ὅπου
2978 1392 3039 1443 γε
3075 1378 3167 1433 καὶ
3208 1378 3312 1435 ἀπὸ
3341 1380 3533 1448 ὀλίγων
3565 1382 3737 1441 τοιού-

2168 1468 2276 1505 των
2295 1455 2550 1524 ῥημάτων
2574 1457 2793 1521 ἐδίωξάν
2812 1476 2871 1510 τε
2889 1460 3047 1512 αὑτὸν
3065 1462 3157 1514 καί
3177 1462 3425 1516 ἐλίθασαν
3456 1464 3730 1529 πολλάκις·

2169 1536 2276 1589 εἴτε
2300 1538 2435 1609 πρὸς
2456 1539 2693 1600 ἐκείνους
2715 1541 2931 1611 ἀφορῶν
2957 1543 3130 1596 πάντα
3160 1544 3454 1613 ἐφθέγγετο
3484 1550 3732 1616 ταπεινὰ,

2172 1619 2310 1689 μετὰ
2336 1621 2507 1675 ταῦτα
2533 1622 2713 1676 πολλοὶ
2734 1623 3038 1696 ἐϐλάϐησαν
3066 1628 3149 1680 ἄν.
3184 1630 3381 1701 Διόπερ
3410 1632 3735 1701 ἀναμίγνυσι

2169 1703 2265 1788 καὶ
2319 1706 2479 1788 κιρνᾷ
2518 1705 2619 1776 τὴν
2665 1706 3040 1773 διδασκαλίαν,
3082 1711 3176 1764 καὶ
3215 1712 3303 1765 διὰ
3340 1713 3559 1778 τούτων,
3600 1717 3736 1788 ὅπερ

2169 1784 2326 1855 ἔφην.
2350 1786 2456 1841 τῶν
2482 1789 2750 1841 ταπεινῶν
2776 1792 3098 1862 ἐμφράττων
3123 1793 3191 1847 τά
3214 1795 3434 1849 ἐκείνων
3472 1784 3731 1867 στόματα,

2170 1869 2264 1952 καὶ
2307 1868 2394 1922 διὰ
2415 1870 2521 1923 τῶν
2574 1872 2709 1941 πρὸς
2754 1872 2852 1942 τὴν
2883 1874 3037 1937 ἀξίαν
3083 1875 3375 1948 λεχθέντων
3403 1880 3498 1949 τὴν
3541 1882 3733 1952 εύτελῆ

2168 1950 2275 2003 τῶν
2292 1953 2593 2022 εἰρημένων
2612 1955 3044 2026 ἀποκρουόμενος
3063 1960 3087 1998 ε
3103 1959 3306 2012 ἔννοιαν
3325 1962 3472 2032 παρὰ
3490 1966 3597 2028 τοῖς
3611 1950 3736 2020 νοῦν

2167 2035 2367 2103 έχουσι.
2411 2037 2503 2090 καί
2536 2037 2748 2101 δεικνὺς
2784 2039 2934 2092 οὐδὲν
2968 2041 3113 2111 αύτῷ
3159 2046 3534 2115 προσήκουσαν
3576 2048 3729 2113 ὅλως.

2168 2118 2241 2171 Τὸ
2288 2120 2395 2189 γάρ
2447 2121 2788 2190 πεμφθῆναι,
2840 2124 3187 2192 μεταϐάσεως
3227 2128 3398 2180 ἐστιν·
3426 2130 3454 2180 ὁ
3500 2129 3555 2182 δὲ
3602 2131 3735 2197 Θεὸς

2167 2202 2442 2271 πανταχοῦ
2471 2204 2720 2273 πάρεστι.
2749 2205 2903 2269 Τίνος
2929 2203 3020 2259 οῦν
3045 2207 3228 2261 ἕνεκέν
3258 2227 3441 2280 φησιν,
3472 2212 3736 2270 ἀπεστάλη-

2168 2284 2289 2350 θαι;
2334 2285 2625 2369 Παχύτερα
2658 2285 2824 2355 λέγει.
2868 2288 2965 2359 τὴν
3005 2290 3140 2361 πρὸς
3182 2291 3321 2344 τὸνιι
3352 2295 3565 2367 Πατέρα
3603 2299 3735 2369 ὁμό-

2165 2385 2315 2422 νοιαν
2349 2368 2521 2438 δηλῶν
2541 2386 2553 2399 ·
2584 2369 2724 2423 οὕτω
2753 2371 2882 2439 γοῦν
2911 2373 3002 2425 καὶ
3029 2374 3097 2426 τὰ
3128 2374 3253 2443 ἑξῆς
3287 2379 3607 2447 σχηματίζει
3636 2384 3735 2452 ῥή-

2168 2469 2334 2522 ματα,
2363 2452 2519 2505 τοῦτο
2552 2454 2951 2509 κατασκευάσαι
2978 2454 3164 2511 θέλων.
3206 2460 3383 2528 Ἀμὴν
3413 2464 3538 2532 γάρο
3570 2464 3735 2534 ἀμὴν

2162 2535 2319 2602 λέγω
2341 2534 2502 2603 ὑμῖν,
2531 2537 2713 2604 φησὶν,
2744 2537 2831 2589 ὅτι
2858 2541 2890 2591 ό
2917 2539 3151 2593 ἀκούων
3181 2559 3294 2610 μου
3323 2544 3461 2609 τοὺς
3486 2548 3731 2613 λόγους,

2164 2618 2262 2669 καί
2286 2619 2585 2671 πιστεύων
2608 2619 2687 2684 τῷ
2709 2620 3011 2689 πέμψαντί
3033 2640 3130 2691 με,
3152 2624 3274 2692 ἔχει
3298 2624 3447 2693 ζωὴν
3468 2628 3728 2683 αἰώνιον.

2178 2700 2339 2771 Ὁρᾷς
2368 2700 2483 2779 πῶς
2515 2701 2750 2773 συνεχῶς
2779 2703 2837 2756 τὸ
2869 2704 3000 2757 αὐτὸ
3024 2706 3221 2776 τίθησι,
3253 2709 3564 2780 θεραπεύων
3589 2712 3733 2765 ἐκεί-

2164 2802 2262 2855 νην
2290 2788 2387 2855 τὴν
2421 2785 2675 2854 ὑποψίαν,
2706 2788 2798 2839 καὶ
2824 2788 3069 2842 ἐντεῦθεν
3095 2792 3187 2843 καί⁵
3215 2791 3301 2845 διὰ
3325 2793 3432 2846 τῶν
3457 2794 3602 2865 ἑξῆς,
3636 2797 3730 2849 καὶ

2167 2868 2316 2938 φόϐῳ
2349 2869 2441 2920 καί¹
2472 2868 2788 2939 εὐεργεσίας
2816 2872 3116 2946 ἐπαγγελίᾳ
3146 2875 3244 2944 τὴν
3276 2876 3411 2946 πρὸς
3444 2877 3604 2931 αὑτὸν
3639 2896 3731 2947 φι-

2165 2950 2432 3005 λονεικίαν
2463 2952 2763 3016 καταλύων,
2788 2954 3060 3008 κάνταῦθα
3092 2957 3249 3011 πάλιν
3282 2961 3731 3027 συγκαταϐαίνων

2167 3035 2301 3087 πολὺ
2336 3038 2447 3097 τοῖς
2482 3037 2754 3107 ῥήμασιν;
2784 3038 2916 3090 Οὑδὲ
2954 3039 3061 3109 γάρ
3089 3035 3261 3105 εἶπεν,
3302 3042 3359 3097 Ὀ
3387 3045 3595 3098 ἀκούων
3627 3063 3731 3117 μου

2164 3120 2287 3180 τοὺς
2319 3117 2536 3185 λόγους,
2589 3120 2684 3172 καὶ
2730 3120 2999 3175 πιστεύων
3032 3125 3174 3193 ἐμοί.
3203 3121 3279 3178 Ἦ
3323 3127 3429 3197 γὰρ
3456 3128 3522 3182 ἂν
3563 3128 3731 3198 τῦφον

2162 3200 2224 3252 τὸ
2274 3203 2501 3271 πρᾶγμα
2549 3202 2804 3273 ἐνόμισαν
2868 3200 3026 3270 εἶναι,
3074 3208 3164 3259 καὶ
3210 3208 3417 3278 κόμπον
3472 3212 3737 3283 ῥημάτων

2166 3284 2435 3353 περιττόν.
2484 3285 2547 3337 Εἰ
2591 3285 2699 3357 γάρ
2742 3287 2878 3356 μετά
2914 3288 3164 3343 τοσοῦτον
3196 3293 3382 3361 χρόνον
3428 3295 3518 3346 καὶ
3564 3296 3731 3367 μυρία

2166 3367 2419 3437 θαύματα
2484 3368 2641 3422 τοῦτο
2692 3370 3080 3437 ὑπώπτευσαν,
3148 3375 3515 3446 φθεγξαμένου
3563 3379 3728 3433 αὑτοῦ

2164 3451 2326 3515 οὑτω,
2358 3452 2534 3523 πολλῷ
2573 3454 2770 3523 μᾶλλον
2791 3456 2932 3510 τότε.
2961 3457 3051 3511 Διὺ
3076 3459 3169 3510 καὶ
3200 3457 3380 3528 ἔλεγον
3406 3461 3554 3533 αὑτῷ
3577 3463 3727 3516 τότεο

2176 3535 2419 3605 Ἀϐραὰμ
2450 3538 2728 3599 ἀπέθανε,
2756 3539 2855 3592 καὶ
2886 3542 2937 3593 οἱ
2964 3541 3259 3610 προφῆται
3284 3544 3601 3608 ἀπέθανον,
3627 3549 3730 3603 καὶ

2164 3618 2289 3685 πῶς
2319 3620 2399 3673 σὺ
2423 3620 2637 3687 λέγεις,
2674 3620 2809 3674 Ἐάν
2838 3639 2926 3688 τις
2965 3624 3070 3676 τόν
3101 3626 3286 3692 λόγον
3321 3644 3440 3696 μου
3469 3628 3725 3698 τηρήσῃ,

2162 3706 2250 3769 εἰς
2294 3704 2399 3758 τὸν
2423 3704 2607 3758 αἰῶνα
2643 3707 2713 3759 οὐ
2751 3704 2836 3774 μὴ
2874 3708 3145 3775 γεύσεται
3190 3710 3479 3775 θανάτου;
3511 3712 3605 3764 'Iv‘
3634 3709 3729 3767 οὖν

2167 3788 2240 3858 μὴ
2271 3789 2363 3841 καί
2393 3787 2624 3841 ἐνταῦθα
2652 3789 3073 3861 ἐκθηριωθῶσιν,
3100 3793 3200 3862 ὅρα
3224 3793 3276 3847 τί
3314 3810 3503 3863 φησιν·
3544 3796 3595 3847 '0
3621 3795 3732 3849 τὸν

2163 3872 2349 3941 ,λόγον
2386 3891 2505 3941 μου
2538 3874 2791 3936 ἀκούων,
2835 3874 2933 3928 καὶ
2970 3878 3263 3929 πιστεύων
3302 3876 3383 3942 τῷ
3426 3879 3732 3947 πέμψαντί

2161 3972 2257 4024 με,
2286 3958 2409 4023 ἕχει
2459 3955 2609 4022 ζωὴν
2648 3958 2903 4010 αἰώνιον.
2934 3958 3101 4012 Τοῦτο
3130 3960 3187 4012 δὲ
3215 3961 3273 4012 οὑ
3318 3961 3526 4032 μικρῶς
3554 3963 3731 4017 εὑπαο

2169 4040 2420 4107 ράδεκτον
2452 4041 2622 4093 ἐποίει
2661 4041 2752 4093 τὸν
2790 4039 2967 4109 λόγον,
3003 4042 3063 4095 τὸ
3099 4043 3287 4113 μαθεῖν
3319 4044 3480 4114 λέγω,
3524 4046 3605 4098 ὃτι
3647 4046 3731 4116 τῷ

2164 4124 2338 4193 Πατρὶ
2374 4124 2715 4177 πιστεύουσιν
2758 4124 2807 4177 οἱ
2848 4124 3009 4199 αὑτοῦ
3050 4126 3353 4190 ἀκούοντες.
3404 4128 3571 4182 Τοῦτο
3618 4130 3730 4200 γάρ

2162 4206 2444 4277 δεξάμενοι
2476 4210 2612 4277 μετά
2641 4208 2964 4279 προθυμίας,
2992 4210 3086 4261 καὶ
3113 4210 3182 4262 τὰ
3208 4210 3365 4264 λοιπά
3393 4211 3611 4280 ἔμελλον
3638 4215 3733 4265 εύ-

2164 4293 2438 4363 κολώτερα
2474 4292 2738 4363 δέχεσθαι.
2764 4294 2925 4346 Ὥστε
2969 4295 3060 4347 καὶ
3085 4294 3161 4362 τῷ
3189 4296 3438 4349 ταπεινόν
3475 4312 3527 4349 τι
3556 4297 3732 4350 εἰπεῖν

2161 4380 2272 4439 τοῖς
2302 4376 2522 4445 ὑψηλοῖς
2550 4375 2816 4428 συνετέλει
2856 4377 2947 4429 καὶ
2978 4377 3327 4447 προωδοποίει
3356 4379 3398 4432 ί.
3439 4378 3617 4431 Εἰπὼν
3646 4380 3726 4443 δὲ,

2166 4460 2326 4527 Ἔχει
2367 4458 2518 4525 ζωὴν
2548 4460 2802 4524 αἰώνιον,
2844 4460 3065 4527 ἐπάγει·
3102 4460 3212 4513 Καὶ
3256 4463 3341 4526 εἰς
3380 4463 3581 4528 κρίσιν
3613 4463 3729 4516 οὐκ

2160 4542 2412 4609 ἔρχεται,
2448 4541 2591 4613 [299}
2621 4543 2779 4595 ἀλλὰ
2809 4543 3206 4610 μεταϐέϐηκεν
3230 4543 3297 4596 ἐκ
3323 4543 3429 4597 τοῦ
3467 4543 3728 4598 θανάτου

2162 4627 2249 4690 εἰς
2285 4624 2400 4693 τὴν
2429 4623 2577 4690 ζωήν
2597 4642 2610 4654 ’
2646 4625 2739 4677 δύο
2765 4626 2971 4688 τούτοις
3009 4625 3403 4696 εύπαράδεκτον
3436 4626 3601 4679 ποιῶν
3634 4628 3728 4679 τὸν

2160 4702 2335 4776 λόγον,
2380 4709 2473 4761 καί
2503 4708 2581 4777 τῷ
2616 4708 2706 4761 τὸν
2744 4708 2962 4776 Πατέρα
3010 4703 3147 4761 εἶναι
3194 4708 3596 4778 πιστευόμενον,
3632 4711 3729 4764 καὶ

2161 4793 2239 4863 τῷ
2267 4792 2477 4846 πολλῶν
2502 4790 2789 4845 ἀπολαύειν
2820 4790 3036 4860 ἀγαθῶν
3060 4792 3151 4844 τὸν
3178 4792 3513 4867 πειθόμενον.
3541 4795 3613 4847 Τὸ
3642 4795 3725 4859 δὲ,

2160 4878 2266 4940 Εἰς
2305 4877 2509 4945 κρίσιν
2529 4878 2639 4930 οὐκ
2671 4875 2920 4943 ἔρχεται,
2950 4874 3105 4927 τοῦτό
3136 4876 3302 4937 ἐστιν,
3328 4876 3387 4927 οὑ
3416 4876 3725 4940 κολάζεται.

2160 4958 2399 5012 Θάνατον
2427 4959 2534 5029 γάρ
2571 4958 2632 5010 οὐ
2674 4957 2860 5010 τοῦτόν
2886 4974 3015 5026 φησι
3044 4957 3135 5011 τὸν
3177 4958 3427 5021 ἐνταῦθα,
3467 4960 3603 5013 ἀλλά
3632 4961 3727 5013 τὸν

2160 5040 2394 5107 αἰώνιον,
2426 5042 2612 5112 ῶσπερ
2644 5037 2735 5095 οὖν
2768 5040 2860 5094 καί.
2893 5040 3034 5112 ζωὴν
3064 5040 3274 5110 ἐκείνην
3312 5042 3409 5111 τὴν
3435 5042 3724 5098 ἀθάνατον.

2172 5126 2368 5195 Ἀμὴν,
2406 5126 2568 5196 ἀμὴν
2610 5124 2763 5195 λέγω
2799 5125 2959 5195 ὑμῖν,
3009 5126 3240 5194 ἔρχεται
3270 5124 3417 5194 ὥρα,
3467 5127 3564 5179 καὶ
3608 5127 3729 5181 νῦν

2158 5208 2347 5273 ἐστιν,
2379 5210 2477 5262 ὅτε
2511 5211 2565 5261 οὶ
2607 5208 2804 5277 νεκροὶ
2840 5208 3174 5261 ἀκούσουσι
3212 5206 3317 5274 τῆς
3359 5208 3561 5277 φωνῆς
3616 5210 3725 5265 τοῦ

2169 5294 2303 5347 Υἱοῦ
2336 5293 2441 5346 τοῦ
2467 5293 2797 5359 ἀνθρώπου,
2821 5291 2917 5344 καὶ
2943 5295 2995 5344 οὶ
3026 5292 3394 5357 ἀκούσαντες
3422 5290 3723 5357 ὥὶσονται.

2158 5376 2341 5429 Εἰπὼν
2369 5376 2437 5431 τὰ
2463 5377 2699 5447 ῥήματα,
2726 5375 2872 5443 λέγει
2902 5374 2994 5428 καὶ
3024 5376 3122 5444 τὴν
3146 5376 3231 5429 διὰ
3255 5377 3362 5431 τῶν
3391 5376 3563 5447 ἔργων
3588 5379 3727 5432 ἀπό-

2221 5532 2246 5570 d
2272 5531 2441 5594 More}.
2475 5531 2555 5594 τόν
2577 5530 2764 5592 τρόπον.
2807 5531 2897 5578 Καὶ
2936 5533 3025 5594 γὰρ
3065 5533 3111 5585 ἐξ
3151 5532 3353 5594 ἐσχάτης
3389 5535 3726 5594 ἀγνωμοσύνης

2156 5594 2372 5662 ἀντίθεος
2397 5593 2764 5662 ἐνομίζετο-παρ’
2786 5593 2975 5662 Δαὑτοῖς2
3003 5593 3239 5662 Ξεγίίἱυῐιι
3263 5601 3315 5641 et
3337 5593 3535 5662 9001095;
3552 5599 3726 5662 sgqui-

2154 5669 2280 5704 mur.
2352 5658 2375 5686 ε
2405 5654 2573 5702 Morel.
2599 5654 2743 5701 αὑτοῦ
2782 5655 2859 5701 διὰ
2895 5654 3065 5702 τούτου
3098 5655 3298 5753 ἐμφήνῃ,
3328 5655 3447 5704 ἀλλ’.
3518 5655 3535 5692 τ
3564 5654 3719 5707 δεινὶι.

2156 5718 2386 5753 ενίνὲνειηυ
2474 5716 2499 5753 Β
2523 5713 2672 5753 Μητρὶ
2721 5716 3041 5753 διῆῆθηύηςνηρ
3180 5716 3329 5753 Mnml
3387 5717 3603 5753 qm'unn-n,
3632 5718 3719 5753 Ληῦ

2156 5718 2403 5780 εὐγένειαν.
2472 5716 2499 5780 β
2523 5713 2693 5780 Mqrel.
2713 5716 3057 5780 διορθούμενος.
3075 5777 3095 5780 __
3123 5713 3151 5753 δ
3169 5713 3605 5780 ’Μοτειηπάρεστμ
3629 5718 3724 5766 Διά

2152 5776 2386 5855 τοιςτοῦτο
2407 5778 2488 5855 καὶ
2515 5777 2779 5855 χρήσασθαι
2796 5776 2859 5855 ξύ
2879 5776 3171 5855 παραιτεῖται
3194 5778 3434 5855 παχυτέρα
3454 5776 3608 5855 ξλέεει,
3635 5782 3724 5835 τήν

2152 5840 2266 5902 πρὸς
2293 5840 2389 5887 τόν.
2461 5837 2477 5875 ί
2518 5837 2616 5902 Alii
2656 5837 2989 5902 προωδοποίεἰ.
3028 5838 3180 5895 Οὗτος
3218 5837 3319 5901 οὖν,
3357 5837 3513 5901 φησὶν,
3552 5840 3723 5902 ὄψεται

2154 5899 2277 5960 ζωὴν
2300 5902 2507 5962 αἰώνιον,
2532 5900 2611 5947 καὶ
2635 5899 2705 5957 εἰς’
2721 5899 2894 5964 κρίσιν.
