4100 6364
266 390 349 449 Hi
1170 375 1234 432 ΙΝ
1268 372 1581 431 ιοΑΝΝΕΜ
1618 369 1851 429 HOMIL.

270 498 421 556 Dixit:
441 492 601 549 Pater
624 507 767 547 meus
786 498 1040 562 aperatur,
1063 497 1111 544 et
1129 503 1220 559 ego
1243 503 1455 558 operor;
1470 495 1524 541 et
1543 484 1629 540 his
1655 482 1832 539 verbis

270 590 609 662 aequalitatem
653 595 709 642 et
755 598 936 655 parem
967 582 1224 637 honorem
1254 579 1517 634 ostendit:
1549 575 1614 631 Et
1639 591 1834 646 quiera-

270 683 371 737 bant
389 696 502 735 eum
528 678 828 746 interﬁcere.
846 673 982 742 Quid
1003 673 1257 742 deinceps
1281 671 1424 741 agit?
1455 668 1625 724 Verba
1643 678 1836 720 attem-

274 782 425 844 perat,
453 771 700 827 eumdem
732 784 947 825 sensum
976 766 1233 829 retinens,
1252 764 1378 818 dum
1398 762 1511 817 ait:
1534 760 1653 815 Non
1675 766 1836 828 potest

273 865 313 920 F
315 866 422 919 ilius
449 880 481 917 a
506 863 669 932 seipse
694 864 861 933 facere
883 858 1177 931 quidquam.
1208 855 1410 911 Deinde
1434 869 1644 910 rursum
1666 852 1731 906 ad
1748 866 1839 906 su—

273 956 439 1012 blimia
469 955 639 1010 redit:
668 955 796 1019 Qua:
818 952 950 1006 enim
970 951 1056 1005 ille
1079 950 1272 1020 fecerit,
1305 952 1412 1002 lucc
1436 957 1483 1001 et
1509 945 1557 1000 F
1559 945 1678 1000 ilius
1696 944 1839 999 simi-

275 1051 368 1105 liter
393 1048 537 1120 facit.
569 1047 697 1102 Post
724 1045 837 1099 haec
858 1057 1044 1098 rursus
1064 1041 1131 1096 ad
1157 1039 1376 1095 humilia
1396 1037 1704 1094 descendit:
1725 1036 1835 1091 Pa-

276 1153 336 1197 ter
355 1142 484 1195 enim
511 1140 679 1210 diligit
711 1136 926 1202 Filium,
976 1145 1023 1190 et
1060 1134 1231 1189 omnia
1258 1133 1569 1188 demonstrat
1602 1131 1649 1185 ei
1691 1146 1834 1201 quaa-

274 1250 463 1304 eumque
487 1233 645 1303 facit;
673 1239 719 1286 et
743 1231 943 1300 majora
973 1228 1051 1282 his
1074 1226 1434 1282 demonstrabit
1460 1225 1525 1278 ei.
1558 1223 1692 1279 Hinc
1719 1238 1836 1278 rur-

275 1341 371 1381 sum
396 1324 709 1379 sublimiora
728 1320 891 1377 dicit:
923 1319 1069 1376 Sicut
1106 1319 1239 1373 enim
1266 1316 1425 1371 Pater
1447 1318 1656 1370 suscitat
1693 1332 1833 1369 mor-

274 1430 367 1473 tuos
413 1427 461 1472 et
506 1417 741 1486 uiviﬁcat,
776 1414 849 1469 sic
876 1424 925 1468 et
962 1412 1130 1467 Filius
1159 1428 1283 1481 quos
1311 1411 1416 1464 vult
1452 1410 1687 1477 viviﬁcat.
1721 1408 1833 1464 Sub

277 1510 370 1563 bzec
392 1509 587 1563 iterum
613 1506 831 1561 humilia
862 1505 1021 1560 simul
1042 1512 1097 1559 et
1116 1502 1363 1558 sublimia
1379 1502 1622 1570 attingit:
1655 1500 1833 1571 Neque

273 1601 384 1654 enim
407 1598 567 1654 Pater
578 1599 785 1669 judicat
802 1613 1126 1667 quemquam,
1150 1595 1239 1649 sed
1261 1610 1406 1649 omne
1412 1594 1669 1665 judicium
1691 1593 1831 1648 dedit

279 1692 408 1747 Filio.
442 1691 579 1747 Hinc
603 1690 669 1745 ad
696 1689 1006 1745 sublimiora
1034 1688 1240 1759 pergit:
1272 1686 1341 1742 Ut
1370 1703 1545 1741 omnes
1583 1686 1833 1757 honoriﬁ—

274 1796 364 1840 cent
391 1785 603 1851 Filium,
633 1793 690 1838 ut
722 1782 1059 1852 honorificam
1083 1780 1313 1835 Patrem.
1348 1779 1535 1834 Viden‘
1560 1778 1829 1849 quomodo

273 1893 554 1934 temonem
575 1878 763 1944 variet,
792 1877 918 1932 dum
944 1874 1189 1930 sublimia
1214 1874 1375 1930 verba
1405 1882 1461 1929 et
1489 1874 1703 1928 nomina
1730 1872 1831 1927 hu-

274 1970 459 2025 milibus
488 1969 769 2033 admiscet,
800 1977 856 2022 ut
874 1976 978 2022 eta
1010 1964 1365 2036 praesentibus
1394 1962 1603 2018 facilius
1627 1963 1827 2018 admit-

275 2070 506 2125 terentur,
536 2070 589 2116 et
613 2077 643 2114 a
670 2060 861 2114 futuris
893 2057 1026 2113 nihil
1055 2057 1235 2113 damni
1265 2056 1619 2127 acciperetur,
1652 2055 1746 2111 sed
1774 2055 1827 2111 hi

271 2171 294 2207 a
326 2153 650 2218 sublimibus,
680 2153 748 2207 de
785 2153 905 2207 aliis
931 2165 1144 2222 quoque
1173 2158 1587 2205 consentaneum
1615 2148 1827 2219 opinio-

273 2263 372 2299 nem
397 2246 686 2302 haberent?
712 2244 842 2299 Nam
868 2244 914 2299 si
943 2260 1031 2301 res
1064 2258 1168 2298 non
1220 2242 1292 2297 ita
1340 2256 1398 2297 se
1448 2241 1661 2308 habeat,
1692 2249 1747 2296 et
1781 2240 1827 2295 si

269 2342 408 2392 verba
429 2354 536 2391 non
563 2352 660 2408 per
682 2336 1182 2405 attemperationem
1209 2333 1493 2405 quamdam
1521 2332 1662 2388 dicta
1680 2341 1823 2399 sunt,

266 2446 346 2484 cur
369 2430 607 2485 sublimia
634 2428 953 2484 admiscuit?
989 2427 1123 2482 Nam
1149 2427 1241 2497 qui
1287 2441 1475 2496 magna
1501 2425 1570 2481 de
1594 2440 1655 2481 se
1681 2425 1827 2493 loqui

264 2523 420 2588 debet,
465 2523 514 2577 si
561 2521 812 2577 humilius
838 2519 1108 2591 quidpiam
1148 2519 1452 2590 protulerit,
1483 2516 1825 2573 occasionem

265 2616 343 2669 dat
365 2613 573 2685 putandi
597 2629 654 2667 se
678 2621 771 2683 per
796 2612 1249 2682 dispensationem
1272 2609 1555 2681 quamdam
1584 2609 1686 2664 hoc
1703 2623 1827 2680 age-

264 2724 345 2763 re:
370 2706 455 2778 qui
489 2718 670 2761 autem
712 2704 834 2760 vilia
880 2705 948 2760 de
997 2718 1056 2759 se
1109 2702 1255 2773 loqui
1285 2702 1467 2768 debet,
1497 2701 1544 2756 si
1571 2716 1823 2771 magnum

262 2802 504 2872 quidpiam
540 2801 755 2867 dixerit,
785 2815 881 2855 cur
906 2814 967 2854 ea
1000 2798 1233 2868 loquitur
1254 2812 1372 2867 qua:
1401 2810 1551 2850 suam
1576 2807 1822 2851 naturam

259 2896 525 2964 superant?
552 2893 666 2948 Iloc
692 2893 836 2947 enim
876 2906 980 2946 non
1012 2907 1081 2946 ex
1111 2888 1411 2946 mconomia
1448 2887 1698 2959 quadam,
1725 2885 1822 2943 sed

258 3002 314 3043 ex
339 3004 535 3043 summa
564 2986 841 3056 impietate
869 2986 949 3055 (α)
982 2983 1176 3055 prodit.

331 3077 379 3133 2.
419 3076 519 3133 Cur
566 3076 803 3131 Christus
856 3076 1016 3130 verbis
1064 3083 1239 3128 utatur
1280 3071 1574 3126 humilibus.
1622 3068 1821 3125 Eadem

256 3170 341 3239 ipsi
370 3169 608 3240 Patrique
646 3175 886 3240 potestas.
917 3196 988 3209 -—
1009 3166 1192 3237 Itaque
1226 3180 1326 3221 nos
1365 3164 1563 3234 justam
1604 3163 1821 3233 Deoque

255 3275 615 3334 Congruentem
646 3277 883 3328 causam,
909 3276 1007 3316 cur
1026 3275 1218 3330 nempe
1234 3257 1409 3314 verbis
1438 3266 1617 3312 utatur
1645 3255 1822 3310 humi-

253 3355 396 3422 libus,
438 3357 625 3413 dicere
657 3370 960 3426 possumus,
1006 3368 1201 3423 nempe
1228 3353 1372 3424 quod
1399 3365 1519 3407 sese
1548 3350 1817 3418 demittat,

252 3461 438 3517 nosque
462 3448 658 3504 doceat
684 3456 742 3502 ut
765 3445 1006 3501 modeste
1029 3458 1269 3515 agamus,
1300 3445 1481 3513 sicque
1510 3452 1705 3497 nostrae
1726 3457 1817 3496 sa-

252 3541 333 3595 luti
359 3544 633 3609 provideat
655 3559 670 3599 :
689 3539 829 3611 quod
852 3549 906 3595 et
934 3541 1048 3610 ipse
1074 3539 1197 3593 alibi
1225 3537 1461 3592 declarat
1488 3536 1570 3591 his
1598 3536 1810 3591 verbis:

253 3633 367 3689 Hac
391 3651 555 3690 autem
585 3636 704 3689 dico
733 3645 785 3689 ut
825 3650 912 3688 vos
953 3633 1083 3688 salvi
1127 3633 1234 3686 sitis
1263 3631 1335 3703 (υ.
1365 3631 1480 3702 54).
1513 3630 1646 3699 Quia
1675 3632 1820 3686 enim

248 3730 305 3783 ad
331 3728 549 3785 Joannis
581 3728 950 3785 testimonium
994 3726 1252 3796 confugit,
1285 3740 1383 3780 suo
1408 3725 1644 3780 omisso:
1675 3723 1820 3796 quod

249 3821 597 3892 magnitudine
628 3835 724 3875 sua
772 3818 1048 3887 indignum
1096 3827 1241 3883 erat;
1286 3831 1504 3872 causam
1549 3832 1645 3870 cur
1694 3816 1818 3869 vilia

246 3913 389 3966 verba
434 3910 742 3982 protulerit,
774 3910 984 3980 adjicit;
1019 3923 1231 3979 nempe,
1263 3906 1390 3962 Hazc
1418 3915 1585 3960 autem
1606 3905 1740 3972 dico,
1762 3913 1819 3959 ut

245 4019 321 4057 ros
339 4006 461 4059 salui
473 4006 610 4061 sitis.
642 4003 747 4058 Vos
772 4011 947 4058 autem
968 4002 1059 4072 qui
1085 4000 1266 4055 dicitis
1292 4000 1465 4069 ipsum
1493 4013 1598 4052 non
1620 3998 1819 4052 habere

241 4097 469 4151 eamdem
497 4111 666 4167 quam
689 4095 846 4150 Pater
864 4100 1201 4164 potestatem,
1228 4090 1353 4161 quid
1377 4089 1565 4145 dicetis
1587 4104 1708 4143 cum
1725 4104 1821 4142 au-

242 4186 434 4243 dieritis
466 4189 622 4242 illum
672 4186 960 4250 dicentem,
1010 4199 1069 4238 se
1110 4197 1289 4252 parem
1334 4179 1536 4235 habere
1586 4189 1820 4250 paternae

239 4278 501 4347 virtutem,
546 4285 895 4348 powstatem,
934 4274 1190 4345 gloriam?
1236 4271 1343 4329 Cur
1379 4271 1627 4326 eumdem
1658 4270 1822 4340 exigit

243 4368 508 4436 honorem,
552 4370 625 4437 si,
657 4379 721 4424 ut
746 4383 841 4424 vos
868 4367 1067 4432 dicitis,
1100 4366 1255 4435 longe
1282 4364 1501 4419 interior
1535 4361 1653 4419 est?
1695 4360 1822 4417 H1120

240 4464 370 4519 enim
392 4465 598 4520 dixisse
639 4479 752 4519 non
779 4469 1084 4524 contentus,
1113 4458 1328 4528 adjicit:
1354 4456 1454 4523 Qui
1482 4472 1584 4510 non
1614 4455 1822 4510 honori-

242 4554 350 4621 μοι
376 4552 599 4621 Filium,
628 4570 739 4609 non
767 4552 1068 4621 honoriﬁcat
1097 4549 1327 4615 Patrem,
1374 4549 1460 4619 qui
1490 4548 1625 4602 misit
1651 4546 1816 4601 illum.

243 4642 417 4702 Viden'
437 4642 910 4717 quomodo'bonor
931 4641 1052 4698 Filii
1077 4656 1199 4697 cum
1224 4640 1429 4695 honore
1455 4639 1629 4694 Patris
1653 4652 1821 4708 copu-

243 4734 401 4791 letur?
439 4736 509 4792 Et
538 4735 677 4808 quid
710 4734 846 4789 hoc?
891 4732 1032 4787 dicet
1072 4732 1282 4801 aliquis.
1316 4729 1371 4785 Id
1402 4738 1456 4784 et
1486 4730 1536 4783 in
1568 4729 1824 4799 apostolis

241 4828 507 4885 videmus:
544 4828 653 4900 Qui
686 4843 777 4883 vos
800 4826 1031 4896 suscipit,
1060 4825 1249 4894 inquit,
1281 4838 1359 4876 me
1383 4821 1611 4892 suscipit.
1641 4819 1746 4876 Sed
1770 4820 1825 4874 il-

242 4920 303 4975 lic
321 4936 600 4977 servorum
633 4933 729 4975 res
758 4928 814 4973 ut
840 4916 940 4972 sibi
978 4915 1222 4986 proprias
1250 4921 1458 4980 tractat,
1502 4922 1557 4968 et
1598 4912 1718 4967 ideo
1746 4911 1825 4967 sic

240 5010 489 5082 loquitur;
524 5011 619 5065 hic
647 5024 785 5064 vero
810 5008 887 5062 sic
908 5006 1059 5073 dicit,
1090 5006 1217 5077 quia
1240 5012 1323 5060 est
1356 5019 1460 5059 una
1504 5003 1821 5069 substantia,

242 5116 333 5155 una
354 5103 550 5172 gloria.
581 5099 845 5170 Alioquin
876 5114 1004 5154 vero
1030 5097 1289 5167 apostolis
1318 5111 1426 5151 non
1452 5096 1605 5161 dixit,
1638 5104 1697 5150 ut
1724 5094 1824 5148 ho-

241 5196 529 5250 noriﬁcent.
585 5194 632 5249 E
661 5207 728 5248 re
755 5201 931 5246 autem
960 5190 1110 5255 dixit,
1148 5190 1244 5256 Qui
1270 5206 1371 5243 non
1397 5189 1702 5257 honoriﬁcat
1732 5186 1827 5241 Fi-

240 5291 372 5360 lium,
396 5310 500 5348 non
529 5287 848 5357 honorificat
871 5283 1101 5340 Patrem.
1129 5283 1265 5338 Nam
1290 5282 1337 5337 si
1365 5297 1431 5338 ex
1450 5282 1659 5337 duobus
1689 5280 1826 5350 regi-

240 5381 329 5438 bus
356 5386 493 5440 alter
516 5378 859 5438 contumelia
880 5376 1162 5442 afliciatur,
1186 5375 1239 5428 in
1260 5374 1483 5430 alterum
1505 5372 1665 5427 etiam
1685 5370 1829 5425 cadit

238 5476 580 5542 wntumelia,
612 5470 962 5539 maximeque
1000 5468 1047 5522 si
1078 5466 1126 5522 is
1164 5466 1253 5536 qui
1297 5462 1508 5519 laeditur
1550 5462 1688 5516 filius
1716 5460 1823 5515 sit:

272 5652 367 5726 ,ω
390 5654 562 5704 «eum
601 5650 894 5726 ιεεεερωευ
927 5658 992 5696 εκ
1034 5656 1221 5726 sum?
1241 5630 1829 5726 assiste-.1232}?

537 5707 826 5780 generatim
850 5707 1101 5780 loquendo.
1128 5712 1365 5780 extremae
1407 5707 1826 5780 itupietatisres‘s‘e3

687 5761 1205 5848 4°.%°._!93123_‘l*?*?£&.
1214 5761 1487 5848 me;
1496 5776 1554 5813 se
1577 5761 1831 5826 vetem?

244 5839 331 5888 sed
351 5829 457 5890 sine
479 5834 803 5895 Ianuscripti
826 5829 1082 5882 autoritate
1106 5829 1227 5876 nihil
1250 5833 1505 5877 mutamus.

576 5928 859 5989 PATROL.
906 5922 1025 5983 (iu.
1076 5921 1235 5982 LIX.

1890 368 2111 426 XXXIX
2179 372 2253 427 al.
2292 370 2581 432 XXXVIII.

1943 481 2054 537 imo
2076 481 2238 539 etiam
2264 484 2431 541 milite
2459 485 2609 554 laeso,
2652 490 2971 546 contumelia
3015 486 3243 547 afficitur
3272 510 3398 561 rex;
3435 514 3529 554 ve-

1942 589 2062 629 rum
2080 589 2186 630 non
2212 576 2400 632 eodem
2426 578 2603 645 modo,
2634 579 2729 636 sed
2756 596 2851 651 per
2874 582 3244 639 intermedium
3272 586 3528 657 aliquem.

1944 666 2041 722 Hic
2072 683 2203 724 vero
2234 685 2339 725 non
2367 672 2637 738 similiter,
2665 675 2763 730 sed
2794 693 2887 745 per
2915 678 3170 747 seipsum.
3199 679 3323 737 Ideo
3348 682 3532 739 dicere

1942 764 2243 833 occupavit,
2278 762 2345 818 Ut
2372 764 2707 835 honoriﬁcent
2732 766 2945 830 Filium,
2978 778 3033 824 ut
3062 771 3399 841 honoriﬁcam
3422 774 3532 827 Pa-

1943 860 2100 919 trem;
2123 862 2317 908 utcqu
2339 855 2562 923 dixerit,
2599 858 2699 924 Qui
2729 876 2828 914 non
2854 861 3156 931 honoriﬁcat
3186 863 3401 934 Filium,
3425 884 3530 925 non

1942 942 2245 1014 honori/icat
2275 946 2504 1016 Patrem,
2537 952 2787 1007 eumdem
2820 954 3085 1025 intelligas
3113 956 3392 1014 honorem.
3422 960 3532 1016 Nc-

1941 1051 2048 1106 quc
2076 1038 2219 1092 enim
2245 1040 2581 1110 simpliciter,
2619 1043 2721 1111 Qui
2755 1061 2859 1100 non
2904 1046 3239 1116 honorilicat,
3273 1052 3389 1117 sed,
3422 1054 3525 1121 Qui

1941 1142 2050 1182 non
2080 1127 2398 1188 honorificat
2444 1143 2502 1188 ut
2540 1135 2672 1202 dixi,
2706 1152 2811 1192 non
2845 1138 3165 1195 honorificat
3190 1142 3422 1199 Patrem.
3458 1146 3526 1201 Et

1940 1219 2232 1289 quomodo,
2266 1222 2495 1293 inquies,
2522 1226 2759 1295 ejusdem
2792 1230 3106 1287 substantia:
3126 1245 3251 1290 sunt
3275 1237 3364 1308 qui
3393 1239 3522 1294 mit-

1942 1312 2005 1364 tit
2033 1322 2087 1366 et
2111 1313 2201 1382 qui
2232 1315 2493 1371 mittitur?
2523 1319 2728 1374 Ilursus
2754 1323 2820 1376 ad
2847 1324 3073 1379 humana
3105 1342 3408 1385 sermonem
3435 1334 3524 1387 dc-

1938 1402 2127 1469 mittis,
2154 1420 2253 1459 nec
2276 1407 2478 1479 cogitas
2504 1410 2619 1465 haec
2646 1414 2825 1467 omnia
2852 1431 2957 1470 non
2984 1416 3087 1473 alia
3114 1418 3181 1473 de
3200 1434 3358 1475 causa
3380 1423 3521 1480 dicta

1936 1495 2121 1564 fuisse,
2149 1499 2250 1553 nisi
2277 1508 2335 1555 ut
2352 1516 2565 1558 causam
2592 1520 3000 1575 cognoscamus,
3025 1526 3088 1565 ac
3110 1527 3175 1567 ne
3205 1513 3258 1568 in
3302 1514 3520 1574 Sabellii

1935 1589 2179 1645 morbum
2194 1591 2488 1651 incidamus
2501 1596 2598 1671 (α),
2614 1608 2665 1653 et
2679 1599 2984 1658 Judaeorum
3003 1604 3282 1664 infirmitas
3295 1609 3396 1665 hoc
3408 1628 3521 1669 mo-

1935 1680 2005 1736 do
2035 1693 2271 1752 curetur,
2323 1696 2381 1740 ut
2428 1704 2534 1743 non
2583 1692 2692 1747 Deo
2734 1693 3072 1752 adversarius
3103 1699 3242 1770 apud
3271 1716 3365 1758 eos
3400 1720 3520 1761 esse

1934 1775 2270 1833 existimetur
2297 1781 2335 1830 ί.
2364 1780 2494 1835 Nam
2523 1783 2795 1851 dicebant,
2832 1787 2930 1842 Hic
2956 1806 3057 1843 non
3086 1801 3158 1845 est
3185 1809 3250 1847 ea:
3278 1794 3384 1850 Deo
3401 1799 3521 1864 ;Itic

1933 1883 1966 1920 a
1995 1867 2102 1922 Deo
2128 1886 2228 1924 non
2261 1873 2415 1925 venit.
2442 1872 2513 1929 Ut
2540 1891 2670 1932 vero
2696 1878 2834 1935 hanc
2878 1883 3237 1952 suspicionem
3259 1887 3516 1958 auferret,

1932 1974 2039 2015 non
2073 1968 2178 2015 tam
2208 1962 2456 2018 sublimia
2496 1981 2656 2035 quam
2699 1968 2919 2026 humilia
2964 1973 3272 2031 adhibebat.
3318 1979 3521 2036 Idcirco

1932 2050 2361 2121 frequentissime
2386 2056 2597 2113 dicebat
2622 2074 2681 2115 se
2709 2064 2932 2118 missum
2963 2064 3148 2135 fuisse,
3181 2085 3286 2124 non
3317 2082 3374 2126 ut
3397 2073 3520 2131 hinc

1933 2153 2149 2213 putares
2168 2145 2473 2203 inferiorem
2492 2149 2620 2218 dici,
2645 2151 2739 2206 sed
2761 2161 2818 2207 ut
2843 2154 3055 2211 illorum
3073 2173 3169 2214 ora
3188 2159 3517 2223 Obstrueret.

1932 2235 2058 2291 Ideo
2083 2251 2228 2308 saepe
2255 2240 2320 2293 ad
2346 2240 2556 2297 Patrem
2594 2246 2853 2317 confugit,
2888 2262 3037 2304 suam
3078 2260 3253 2308 tamen
3283 2259 3519 2313 auctori-

1932 2336 2094 2383 tatem
2120 2329 2471 2386 interserens.
2494 2333 2627 2387 Nam
2674 2336 2718 2390 si
2748 2339 2926 2393 omnia
2957 2343 3251 2404 secundum
3283 2346 3518 2419 dignitav

1932 2426 2036 2473 tem
2066 2432 2217 2474 suam
2246 2421 2490 2491 dixisset,
2521 2424 2660 2480 dicta
2690 2442 2797 2483 non
2825 2429 3171 2490 admisissent
3192 2436 3267 2492 illi
3300 2456 3315 2492 :
3342 2457 3517 2509 quau-
3546 2436 3549 2437 ⁷

1928 2510 2216 2582 doquidem
2243 2516 2329 2571 vel
2358 2531 2428 2571 ex
2459 2518 2642 2587 paucis
2674 2520 2822 2578 hisce
2853 2525 3036 2580 verbis
3063 2510 3517 2602 persequebantur

1926 2602 2075 2659 illum
2104 2619 2267 2676 saepe,
2293 2618 2347 2663 et
2375 2609 2698 2677 Iapidabant.
2732 2613 2884 2680 Quod
2912 2616 2956 2671 si
2981 2617 3047 2673 ad
3080 2619 3203 2676 illos
3224 2626 3517 2695 respiciens

1928 2710 2145 2769 semper
2171 2699 2391 2756 humilia
2412 2700 2656 2767 dixisset,
2690 2705 2843 2761 multi
2871 2718 3054 2778 postea
3087 2709 3212 2769 hinc
3246 2713 3358 2770 laesi
3381 2717 3515 2773 fuis-

1925 2798 2065 2843 sent.
2096 2788 2434 2862 Quapropter
2474 2792 2772 2851 doctrinam
2819 2799 3027 2866 miscet,
3059 2818 3159 2875 per
3183 2804 3428 2875 humilia,
3459 2822 3515 2866 ut

1924 2878 2057 2945 dixi,
2090 2880 2196 2937 illis
2222 2882 2495 2938 silentium
2526 2886 2826 2955 imponens,
2852 2903 2907 2945 et
2924 2906 3021 2962 per
3046 2909 3108 2949 ea
3137 2912 3256 2966 qua:
3281 2898 3512 2969 dignita—

1928 2980 2033 3025 tem
2082 2974 2479 3042 exprimebant,
2527 2976 2687 3032 vilem
2732 2978 3009 3051 depellens
3055 2986 3512 3051 existimationem

1924 3060 2067 3131 apud
2096 3078 2191 3119 eos
2220 3064 2310 3135 qui
2337 3076 2517 3122 mente
2547 3068 2809 3135 valerent,
2856 3080 2917 3126 ut
2962 3076 3271 3133 ostenderet
3315 3081 3364 3134 id
3406 3097 3512 3139 non

1924 3153 2025 3209 sibi
2057 3169 2275 3224 prorsus
2311 3168 2637 3227 competere.
2683 3160 2817 3215 Nam
2866 3163 3083 3219 missum
3116 3182 3254 3234 esse,
3289 3173 3514 3228 transla-

1928 3246 2127 3300 tionem
2159 3247 2393 3303 indieat:
2422 3249 2561 3305 Deus
2587 3262 2765 3306 autem
2793 3253 2985 3324 ubique
3008 3267 3113 3311 est.
3138 3259 3247 3313 Cur
3276 3278 3405 3334 ergo
3434 3268 3515 3320 di-

1922 3338 1997 3394 cit
2024 3340 2242 3395 missum
2271 3340 2472 3397 fuisse?
2502 3342 2764 3399 Crassiori
2795 3347 2959 3401 verbo
2990 3349 3176 3417 utitur,
3202 3352 3326 3407 dum
3358 3371 3511 3412 suum

1924 3446 2046 3485 cum
2076 3432 2236 3486 Patre
2263 3447 2588 3489 consensum
2614 3436 2887 3493 declarat:
2919 3449 2975 3495 et
3001 3441 3078 3495 sic
3106 3448 3386 3515 sequentia
3424 3466 3516 3506 eu-

1924 3521 2048 3576 dem
2078 3522 2149 3577 de
2176 3539 2335 3579 causa
2366 3533 2650 3596 temperat.
2692 3527 2783 3585 24.
2826 3529 3006 3595 Amen,
3039 3550 3184 3589 amen
3212 3537 3324 3591 dico
3352 3542 3511 3607 vobis,

1922 3614 2042 3680 quia
2065 3615 2154 3684 qui
2177 3616 2322 3669 audit
2346 3632 2601 3672 sermones
2627 3635 2785 3685 meos,
2814 3630 2861 3674 et
2885 3624 3045 3677 credit
3067 3626 3112 3679 ei
3140 3628 3227 3698 qui
3252 3630 3388 3684 misit
3411 3649 3509 3699 me,

1924 3704 2070 3759 habet
2098 3706 2252 3760 vitam
2277 3718 2538 3762 teternam.
2572 3708 2927 3783 Viden‘quam
2948 3713 3257 3786 frequenter
3283 3722 3511 3791 idipsum

1924 3806 2151 3868 repetat,
2184 3808 2242 3853 ut
2263 3800 2407 3855 illam
2434 3802 2795 3872 suspicionem
2831 3805 3002 3872 tollat,
3045 3818 3097 3863 et
3127 3809 3214 3867 hic
3250 3823 3305 3867 et
3336 3814 3388 3868 in
3417 3832 3503 3872 se.

1922 3892 2232 3963 quentibus,
2268 3902 2414 3948 metu
2443 3902 2500 3948 et
2547 3894 2826 3963 promissis
2873 3912 2903 3951 a
2944 3903 3288 3959 contentione
3332 3922 3512 3962 remo-

1922 3998 2075 4051 vens,
2105 3994 2266 4054 atque
2294 3984 2380 4039 hic
2409 4000 2595 4041 rursus
2620 3987 2686 4041 ad
2716 3986 2936 4044 humilia
2969 3992 3259 4051 admodum
3287 3997 3513 4056 descen-

1923 4074 2055 4131 dat?
2082 4075 2267 4146 Neque
2297 4076 2439 4132 enim
2467 4076 2624 4144 dixit,
2650 4079 2752 4145 Qui
2780 4080 2931 4136 audit
2956 4098 3236 4142 sermones
3262 4104 3430 4156 meos,
3456 4101 3513 4146 et

1925 4167 2098 4223 credit
2120 4169 2173 4222 in
2196 4183 2314 4232 me;
2348 4184 2470 4222 nam
2496 4168 2547 4223 id
2573 4170 2805 4239 superbe
2826 4171 3026 4227 dictum
3049 4184 3104 4229 et
3130 4178 3414 4234 verborum
3441 4183 3511 4236 fa-

1924 4267 2065 4315 stum
2103 4268 2399 4330 putassent.
2447 4260 2661 4317 Etenim
2705 4262 2750 4317 si
2791 4274 2911 4333 post
2942 4273 3147 4322 tantum
3177 4273 3432 4340 temporis
3456 4286 3514 4329 et

1925 4360 2003 4408 tot
2029 4352 2250 4422 patratis
2279 4352 2577 4420 miraculis,
2612 4369 2736 4409 cum
2775 4356 2853 4410 sic
2894 4357 2986 4413 ille
3034 4360 3360 4430 loqueretur,
3409 4364 3511 4421 hoc

1925 4445 2181 4517 suspicati
2202 4457 2358 4513 sunt;
2394 4446 2565 4502 multo
2588 4448 2759 4517 magis
2795 4456 2923 4504 tunc
2964 4450 3016 4505 id
3059 4457 3290 4522 putaturi
3334 4471 3507 4514 erant.

1925 4538 2155 4610 Ideoque
2183 4538 2431 4594 dicebant
2452 4539 2527 4594 illi
2554 4554 2568 4591 :
2595 4539 2853 4593 Abraham
2873 4551 3099 4596 mortuus
3119 4554 3209 4609 est,
3233 4556 3280 4599 et
3301 4550 3513 4619 prophe-

1926 4641 1992 4687 ιω
2015 4632 2201 4685 mortui
2221 4641 2358 4697 sunt,
2379 4639 2425 4684 et
2443 4632 2694 4699 quomodo
2715 4639 2769 4683 tu
2796 4631 2923 4686 dicis
2949 4648 2968 4687 :
2998 4631 3060 4688 Si
3091 4636 3205 4705 quis
3230 4653 3521 4696 semwnem‘

1926 4741 2092 4778 meum
2134 4725 2434 4790 monuerit,
2490 4724 2545 4777 iu
2594 4734 2841 4778 (sternam
2883 4742 2986 4780 non
3025 4728 3245 4798 gustabit
3300 4742 3512 4787 mortem

1928 4815 2109 4885 (Joan.
2140 4814 2192 4869 8.
2224 4814 2354 4884 52)?
2381 4813 2459 4869 Ne
2485 4814 2759 4894 igiturqhic
2796 4832 3007 4887 quoque
3033 4817 3407 4890 efferarentur,
3431 4821 3514 4876 vi-

1928 4909 1996 4966 de
2023 4909 2151 4980 quid
2182 4909 2355 4964 dicat:
2388 4908 2489 4974 Qui
2534 4910 2739 4963 verbum
2782 4927 2947 4964 meum
2993 4912 3160 4979 audit,
3199 4923 3245 4967 et
3281 4916 3439 4974 credit
3466 4920 3516 4972 ei

1927 5004 2014 5074 qui
2042 5019 2121 5056 me
2149 5004 2300 5063 misit,
2330 5001 2476 5056 habet
2501 5002 2655 5055 vitam
2681 5012 2940 5055 cateruam.
2973 5001 3121 5058 Hanc
3147 5003 3393 5074 loquendi
3426 5020 3514 5061 ra-

1928 5099 2131 5153 tionem
2170 5097 2324 5153 facile
2372 5096 2655 5152 admittere
2679 5103 2943 5166 poterant,
2985 5112 3105 5151 cum
3135 5097 3403 5155 discerent
3420 5115 3518 5157 eos

1929 5192 2021 5262 qui
2048 5191 2231 5247 Jesum
2279 5188 2525 5245 audirent
2564 5189 2709 5244 Patri
2759 5188 3001 5244 credere.
3049 5189 3180 5244 Cum
3222 5192 3363 5246 enim
3415 5189 3519 5247 hoc

1930 5283 2157 5340 libenter
2181 5282 2546 5347 admitterent,
2586 5289 2777 5335 cmtera
2803 5280 3010 5336 facilius
3038 5282 3308 5352 accepturi
3336 5294 3512 5337 erant.

1936 5378 2115 5448 Itaque
2141 5392 2263 5432 cum
2294 5374 2495 5430 humile
2532 5372 2802 5444 quidpiam
2846 5372 3069 5440 diceret,
3118 5373 3517 5429 sublimioribus

1936 5473 2077 5527 viam
2117 5470 2358 5541 parabat.
2399 5468 2685 5537 Postquam
2723 5475 2901 5521 autem
2945 5466 3103 5531 dicit,
3153 5464 3319 5519 Habet
3363 5466 3518 5521 vitam

1998 5633 2014 5663 ι
2048 5629 2193 5680 Hunc
2214 5628 2372 5677 locum
2394 5626 2467 5676 sic
2489 5623 2638 5693 effert
2647 5620 2925 5693 _.\.torel.:...,
2946 5619 3229 5693 Judtaorum
3259 5617 3519 5693 infirmitas

1933 5693 2020 5743 hoc
2043 5694 2185 5742 modo
2206 5696 2401 5756 curetur
2423 5689 2596 5756 {apud
2620 5683 2727 5756 illos
2937 5688 3158 5756 egrtrema
3178 5681 3367 5733 ittsania
3386 5681 3517 5738 lalla-

1935 5762 2114 5815 rantes,
2140 5753 2278 5815 quasi
2296 5752 2383 5801 Dei
2402 5745 2708 5815 aduersarius
2730 5745 3059 5815 reputabatur.

2001 5804 2332 5880 (a)7"sabellius
2356 5814 2551 5877 putabat
2583 5821 2727 5861 unam
2751 5804 2864 5859 ease
2887 5807 2937 5857 in
2960 5804 3066 5856 Deo
3088 5818 3363 5869 personam,

3117 5903 3190 5967 Ili
