4100 6364
516 350 624 409 2‘23

516 464 776 531 ceter’nam,
814 461 1128 535 subjungit:
1164 458 1227 513 Et
1271 461 1323 511 in
1366 457 1621 530 judicium
1671 469 1773 507 non
1810 451 1959 514 venit,
2012 447 2100 501 sed

518 558 718 611 n-ansiit
744 574 774 609 a
796 565 955 609 morte
977 555 1030 607 in
1054 553 1225 607 vitam.
1257 550 1350 604 liis
1376 548 1581 603 duobus
1603 545 1701 601 sibi
1730 543 1888 598 tidem
1918 541 2101 595 conci-

515 652 631 716 liat,
663 660 717 704 et
746 648 887 717 quod
917 646 1062 702 Patri
1085 642 1408 699 credendum
1439 641 1662 705 diceret,
1695 648 1749 693 et
1774 636 1914 708 quod
1946 636 2099 690 obse-

514 742 698 812 quenti
726 741 890 795 multa
916 738 1052 793 bona
1093 736 1450 806 polliceretur.
1483 731 1615 785 lllud
1645 738 1844 796 autem,
1872 727 1938 781 In
1956 727 2102 798 judi-

515 836 649 887 cium
688 850 789 887 non
818 832 967 897 venit,
1010 829 1061 883 id
1106 836 1208 892 est,
1250 842 1355 881 non
1388 825 1620 895 punitur.
1661 823 1881 877 Mortem
1924 830 2098 874 autem

517 942 621 979 non
655 925 809 988 hanc,
841 923 936 977 sed
974 932 1228 976 mternam
1259 919 1420 981 dicit;
1451 925 1507 971 ut
1551 926 1604 970 et
1639 917 1802 968 vitam
1841 914 1969 967 dicit
1996 912 2099 965 im-

516 1016 817 1069 mortalem.
846 1013 936 1068 25.
972 1013 1152 1075 Amen,
1186 1027 1329 1063 auten
1368 1009 1481 1061 dico
1508 1007 1663 1068 vobis,
1697 1006 1830 1059 venit
1875 1004 2020 1064 hora,
2054 1012 2100 1056 et

513 1123 647 1159 nunc
674 1115 763 1169 est,
802 1120 914 1157 cum
959 1102 1147 1156 mortui
1194 1100 1397 1153 audient
1428 1114 1597 1151 vocem
1626 1096 1752 1149 Filii
1784 1094 2019 1157 hominis,
2054 1103 2101 1146 et

512 1200 597 1267 qui
627 1197 896 1261 audierint,
925 1195 1105 1247 vivent.
1133 1192 1394 1261 Operibus
1422 1191 1547 1258 ipsis
1576 1189 1736 1241 verba
1764 1185 2095 1254 comprobat.

511 1290 642 1343 Nam
671 1304 789 1341 cum
819 1287 1058 1347 dixisset,
1081 1284 1225 1339 Sicut
1248 1282 1400 1335 Pater
1423 1282 1630 1334 suscitat
1660 1290 1881 1333 mortuos
1911 1288 1957 1331 et
1980 1277 2102 1330 vivi-

514 1381 648 1446 ﬁcat,
693 1380 764 1431 sic
797 1386 843 1430 et
886 1376 1054 1429 Filius
1096 1392 1220 1446 quos
1260 1374 1363 1427 vult
1399 1373 1635 1442 viviﬁcat,
1682 1388 1747 1425 ne
1791 1371 2099 1425 viderentur

513 1474 628 1526 haec
654 1488 717 1525 ex
762 1471 1011 1540 jactantia
1053 1479 1107 1524 et
1146 1467 1283 1522 fastu
1334 1467 1473 1521 dicta
1520 1467 1701 1530 fuisse,
1745 1480 1808 1520 ex
1850 1464 2101 1533 operibus

514 1582 625 1621 rem
656 1565 1002 1627 demonstrat,
1046 1579 1164 1617 cum
1203 1561 1351 1626 dicit,
1405 1559 1551 1613 Venit
1586 1560 1731 1612 hora.
1788 1558 1989 1611 Deinde
2031 1572 2099 1611 ne

513 1671 666 1729 putes
697 1659 785 1712 diu
830 1655 1245 1727 exspectandum
1290 1669 1429 1717 esse,
1472 1652 1670 1721 adjicit,
1728 1650 1793 1703 Et
1840 1666 1975 1702 nunc
2002 1660 2095 1714 est,

512 1767 628 1803 cum
656 1750 843 1803 mortui
882 1750 1088 1802 audient
1128 1762 1295 1799 vocem
1327 1743 1452 1796 Filii
1488 1743 1601 1809 Dei,
1631 1754 1675 1795 et
1701 1743 1785 1812 qui
1822 1741 2097 1807 audierint,

511 1847 692 1895 vivent.
735 1840 921 1894 Viden’
958 1840 1044 1893 hic
1087 1837 1454 1891 auctoritatem
1495 1844 1548 1888 et
1578 1833 1866 1903 potentiam
1914 1832 2099 1886 inell'a-

512 1933 711 1989 bilem?
738 1930 1194 2001 Quemadmodum
1226 1930 1367 1983 enim
1405 1928 1456 1981 in
1488 1927 1903 2000 resurrectione,
1934 1925 2011 1978 sic
2045 1931 2100 1978 et

513 2039 654 2079 nunc
675 2026 797 2088 erit,
827 2022 1014 2091 inquit.
1062 2020 1193 2074 Nam
1236 2028 1360 2073 tunc
1389 2016 1566 2072 audita
1600 2017 1910 2085 imperantis
1946 2026 2095 2079 voce,

512 2130 883 2186 resurgemus;
916 2113 983 2167 In
1007 2114 1158 2184 jussu
1181 2110 1279 2165 Dei
1305 2112 1323 2142 ⁸
1345 2151 1358 2175 ,
1390 2109 1581 2180 inquit,
1613 2108 1800 2161 mortui
1840 2115 2099 2176 resurgent

511 2212 589 2278 (1.
613 2207 791 2261 Thess.
814 2206 869 2261 4.
901 2204 1011 2278 16).
1040 2206 1109 2260 Et
1143 2202 1304 2268 unde,
1338 2202 1564 2272 inquies,
1592 2207 1802 2254 constat
1831 2197 1959 2252 illud
1992 2212 2097 2250 non

510 2315 577 2356 ex
622 2300 759 2353 fastu
802 2299 1000 2354 dictum
1051 2296 1208 2352 esse?
1236 2294 1313 2349 Ex
1338 2309 1404 2348 eo
1430 2291 1571 2362 quod
1599 2290 1829 2353 additur,
1866 2288 1930 2341 Et
1966 2304 2099 2341 nunc

510 2404 603 2448 est.
624 2392 755 2446 Nam
777 2390 821 2446 si
843 2391 1017 2445 futura
1041 2398 1241 2443 tantum
1265 2388 1554 2451 nuntiaret,
1574 2383 1699 2438 hinc
1720 2383 1848 2452 ipsis
1864 2381 2098 2449 suspicio

509 2494 631 2540 orta
670 2492 832 2539 esset.
871 2482 987 2538 Jam
1028 2496 1157 2536 vero
1193 2479 1271 2535 rei
1310 2476 1824 2533 demonstrationem
1870 2471 2093 2543 praebet.

508 2578 614 2645 Me,
644 2577 836 2647 inquit,
888 2576 1162 2631 vobiscum
1213 2582 1459 2628 versante
1506 2570 1608 2624 hoc
1650 2569 1880 2624 eveniet.
1916 2567 2101 2636 Neque

508 2671 674 2737 enim,
731 2671 831 2724 nisi
873 2677 1191 2740 potestatem
1239 2666 1533 2728 habuisset,
1585 2664 1688 2717 hoc
1740 2661 2098 2731 promissurus

510 2773 643 2827 erat,
698 2778 765 2817 ne
808 2761 1064 2817 ridiculus
1094 2760 1343 2815 omnibus
1370 2765 1535 2812 esset.
1583 2754 1785 2809 Deinde
1820 2754 1959 2807 dicta
2001 2766 2096 2805 sua

509 2855 742 2924 explicnt
758 2854 843 2909 his
865 2853 1041 2908 verbis
1057 2870 1069 2904 ε
1084 2851 1175 2905 26.
1206 2852 1352 2905 Sicut
1374 2850 1505 2903 enim
1530 2846 1685 2900 Pater
1711 2847 1856 2899 habet
1876 2849 2027 2898 vitam
2043 2845 2097 2898 in

510 2946 797 3014 semetipso,
822 2945 893 2997 sic
923 2944 1059 2996 dedit
1095 2952 1141 2996 et
1168 2940 1305 2995 Filio
1333 2941 1484 2993 vitam
1516 2940 1697 2993 habere
1725 2939 1778 2991 in
1805 2938 2092 3007 semetipso.

583 3041 635 3094 5.
655 3039 827 3092 Patris
852 3050 899 3092 et
932 3036 1057 3090 Filii
1081 3035 1361 3105 wqualitas.
1376 3032 1413 3087 Ι
1418 3033 1659 3097 udicium,
1678 3032 1847 3096 vitam,
1870 3046 2094 3084 resurre-

509 3135 724 3186 ctionem
740 3149 830 3185 cur
843 3130 1073 3186 Christus
1091 3144 1222 3198 stupe
1242 3135 1499 3180 memoret.
1523 3124 1717 3178 Paulus
1734 3123 2096 3178 Samosatcnus

509 3226 757 3294 quomodo
780 3226 932 3295 legat.
966 3222 1093 3290 Quis
1121 3222 1182 3275 sit
1205 3237 1348 3275 verus
1375 3218 1573 3290 legendi
1600 3217 1889 3270 modus.—
1908 3215 2094 3269 Viden’

508 3317 775 3388 quomodo
805 3316 1165 3386 aequalitatem
1203 3313 1466 3374 stabiliat,
1494 3321 1547 3365 et
1572 3310 1711 3365 hanc
1739 3310 1906 3363 solam
1936 3307 2093 3362 diffe-

507 3412 737 3467 rentiam
780 3418 1012 3475 statuat,
1040 3405 1180 3477 quod
1212 3420 1349 3460 unus
1390 3404 1458 3458 sit
1508 3403 1663 3456 Pater
1684 3444 1698 3466 ,
1728 3401 1862 3454 alter
1888 3400 2095 3454 Filius?

506 3505 637 3560 Nam
669 3520 767 3558 vox
793 3503 902 3568 illa,
935 3500 1111 3566 Dedit,
1142 3499 1279 3552 hanc
1308 3496 1478 3551 solum
1508 3496 1909 3550 distinctionem
1937 3491 2091 3546 indu-

504 3598 614 3651 cit:
640 3608 832 3649 caetera
862 3609 990 3648 vero
1030 3591 1208 3647 omnia
1253 3589 1474 3657 aequalia
1505 3596 1560 3642 et
1587 3588 1732 3657 paria
1760 3600 1880 3640 esse
1907 3595 2089 3639 ostenv

505 3688 601 3742 dit.
634 3686 786 3742 Unde
814 3686 977 3754 liquet
1005 3698 1127 3738 eum
1158 3696 1279 3737 eum
1309 3679 1495 3734 eadem
1526 3686 1785 3748 potestate
1812 3686 1865 3730 et
1896 3676 2091 3729 virtute

505 3779 681 3832 omnia
710 3776 901 3839 facere,
933 3790 1033 3845 qua
1060 3774 1236 3834 Pater,
1270 3787 1369 3826 nec
1398 3769 1611 3825 aliunde
1640 3770 1745 3823 vim
1775 3768 1915 3822 illam
1973 3783 2091 3821 mu-

504 3879 702 3924 tuatus.
732 3868 805 3921 lta
833 3868 973 3921 enim
998 3866 1157 3920 vitam
1188 3864 1367 3929 habet,
1400 3872 1457 3916 ut
1501 3862 1675 3916 Pater.
1712 3860 1942 3929 ideoque
1968 3875 2091 3912 rur-

505 3977 597 4016 sus
626 3960 808 4029 adjicit
837 3958 887 4011 id
916 3956 1055 4026 quod
1087 3956 1325 4026 sequitur
1351 3996 1365 4018 ,
1399 3964 1457 4008 ut
1495 3969 1560 4008 ex
1601 3953 1702 4006 hoc
1733 3952 1860 4005 illud
1893 3951 2092 4004 intelli-

504 4068 711 4125 gamus.
739 4050 875 4118 Quid
899 4048 1027 4104 illud
1050 4048 1164 4104 eSt?
1199 4046 1261 4099 Et
1294 4054 1586 4115 potestatem
1609 4044 1745 4097 dedit
1768 4045 1812 4098 ei
1832 4043 2089 4112 judicium

504 4148 689 4216 facere.
723 4144 789 4198 Et
816 4158 911 4198 cur
952 4142 1398 4195 resurrectionem
1441 4146 1494 4191 et
1530 4136 1790 4206 judicium
1832 4144 1938 4188 tam
1982 4133 2091 4188 fre-

505 4247 730 4308 quenter
757 4231 1050 4287 memorat?
1079 4229 1226 4285 Sicut
1264 4231 1397 4282 enim
1433 4228 1594 4282 Pater
1631 4221 1838 4281 suscitat
1868 4234 2093 4279 mortuos

509 4341 556 4381 et
578 4310 818 4397 vivificat,
846 4326 918 4379 sic
949 4334 995 4378 et
1023 4322 1191 4377 Filius
1212 4339 1336 4392 quos
1364 4322 1464 4375 vult
1494 4321 1735 4388 vivi/icat;
1765 4327 1819 4373 et
1844 4333 2053 4371 rursum
2076 4358 2090 4381 ,

508 4419 687 4491 Neque
709 4419 864 4473 Pater
880 4418 1082 4489 judicat
1104 4432 1423 4487 quamquam,
1447 4413 1535 4467 sed
1564 4429 1710 4467 omne
1728 4411 1986 4482 judicium
2014 4410 2094 4462 de-

507 4514 583 4567 dit
617 4512 787 4578 Filio;
816 4513 1141 4580 iterumque,
1172 4508 1315 4563 Sicut
1354 4506 1510 4560 Pater
1547 4506 1693 4559 habet
1744 4505 1894 4557 vitam
1932 4505 1985 4556 in
2018 4520 2095 4556 se-

507 4608 740 4678 metipso,
764 4605 835 4658 ita
855 4604 991 4657 dedit
1016 4613 1059 4656 et
1082 4600 1219 4654 Filio
1240 4601 1393 4653 vitam
1421 4599 1600 4651 habere
1626 4600 1678 4649 in
1704 4596 1990 4665 semetipso;
2018 4604 2091 4661 et,

512 4698 614 4766 Qui
642 4698 847 4750 audient
877 4711 1046 4749 vocem
1076 4692 1201 4746 Filii
1234 4691 1346 4756 Dei,
1377 4691 1572 4751 vivent;
1600 4700 1652 4741 et
1681 4690 1781 4741 hoc
1812 4688 1958 4750 loco,
1992 4685 2096 4740 Po-

509 4802 736 4847 testatem
759 4790 802 4843 ei
835 4789 972 4841 dedit
997 4795 1041 4841 et
1061 4785 1315 4855 judicium
1343 4788 1528 4853 facere.
1558 4780 1666 4836 Cur
1686 4796 1813 4849 ergo
1848 4779 1962 4832 ιιωο
1982 4778 2097 4832 fre-

508 4884 757 4954 quentius
784 4888 986 4945 versat,
1016 4893 1207 4947 nempe
1230 4875 1507 4944 judicium,
1536 4875 1720 4937 vitam,
1752 4872 2095 4926 resurreCtio-

508 4976 672 5033 nem?
701 4972 961 5040 Quoniam
992 4970 1106 5023 haec
1127 4968 1355 5022 maxime
1376 4975 1499 5019 sunt
1519 4980 1639 5034 quae
1660 4964 1739 5017 vel
1768 4963 2095 5017 obstinatum

508 5067 805 5122 auditorem
835 5061 1051 5116 ﬂectere
1082 5060 1303 5129 possint.
1332 5058 1436 5123 Qui
1463 5056 1602 5110 enim
1631 5054 1802 5109 credit
1831 5069 1889 5107 se
1917 5068 2097 5106 resur-

509 5171 779 5214 recturum
806 5169 946 5218 esse,
970 5161 1025 5208 et
1050 5151 1311 5206 scelerum
1343 5164 1527 5220 poenas
1543 5148 1789 5201 daturum
1816 5163 1829 5211 ;
1855 5145 1955 5198 etsi
1992 5159 2095 5197 non

507 5249 652 5304 aliud
674 5246 868 5302 viderit
894 5246 1129 5315 signum,
1163 5241 1264 5296 hoc
1295 5251 1515 5309 accepto
1545 5246 1789 5293 accurret
1813 5235 1953 5289 haud
1999 5235 2100 5289 du-

508 5343 619 5407 bie,
650 5348 708 5393 ut
737 5337 1025 5408 propitium
1056 5333 1157 5389 sibi
1184 5333 1417 5402 judieem
1452 5332 1658 5386 reddat.
1701 5330 1790 5382 27.
1824 5328 1957 5393 Quia
1999 5327 2097 5379 Fi-

510 5433 609 5501 lius
635 5431 853 5485 hominis
877 5438 971 5486 est.
996 5426 1088 5482 28.
1110 5425 1266 5479 nolite
1290 5424 1382 5477 hoc
1407 5422 1671 5476 admirari.
1701 5421 1893 5475 Paulus
1913 5419 2101 5474 Samo-

512 5532 730 5577 satenus
749 5536 854 5576 non
872 5520 949 5574 sic
968 5517 1122 5586 legit;
1148 5515 1242 5572 sed
1258 5513 1724 5585 quoutodoibedit
1742 5514 1786 5566 ei
1807 5521 2100 5582 potestatem

509 5615 765 5682 judicium
807 5614 971 5682 facere
990 5655 1005 5677 ,
1036 5612 1156 5682 quia
1185 5608 1355 5663 Filius
1384 5608 1600 5662 hominis
1629 5616 1719 5660 est.
1760 5604 1956 5659 Verum
1999 5604 2102 5657 hoc

516 5704 589 5757 ita
630 5706 824 5759 lectum
854 5707 1051 5759 nullam
1092 5704 1250 5758 habet
1275 5701 1774 5771 eonsequutionem.
1803 5698 1920 5754 Non
1957 5700 2100 5753 enim

584 5818 600 5847 ι
637 5816 723 5869 Alii
744 5816 917 5881 legunt
943 5831 955 5867 :
982 5825 1037 5867 tn
1048 5814 1194 5878 jussu
1210 5814 1317 5877 Dei,
1361 5814 1413 5865 in
1435 5813 1686 5865 nat-issine
1709 5812 1838 5863 tuba.

1242 341 1298 400 S.
1336 339 1615 401 JOANNIS
1637 333 2108 393 CHRYSOSTOMI
2149 329 2461 387 ABCHIEP.
2503 325 3031 385 CONSTANTINOP.

3679 322 3782 378 224

2208 465 2327 520 ideo
2340 462 2596 533 judicium
2612 462 2837 531 accepit,
2856 461 2977 531 quia
2992 458 3153 515 homo
3169 469 3247 514 est
3270 459 3527 529 :ahoquin
3548 458 3672 529 quid
3691 459 3784 513 im-

2209 556 2414 626 pediret
2440 555 2723 624 quominus
2744 568 2929 607 omnes
2956 551 3195 607 homines
3214 551 3418 618 judices
3440 552 3659 605 essent?
3687 551 3782 604 sed

2207 649 2329 718 quia
2360 646 2638 701 ineii‘abilis
2666 646 2805 699 illius
2829 645 3137 698 subsmntire
3165 644 3327 698 Filius
3350 654 3452 705 est,
3479 644 3596 698 ideo
3618 643 3780 712 judex

2206 748 2310 792 est.
2339 737 2413 791 Ita
2442 739 2600 807 igitur
2629 737 2927 807 legendum,
2962 737 3092 803 Quia
3123 736 3289 790 Filius
3319 738 3533 791 hominis
3560 749 3650 800 est,
3682 754 3782 789 no-

2208 829 2292 883 lite
2312 830 2404 883 ItOC
2424 830 2683 882 admirari.
2720 831 2849 883 Cum
2888 830 3154 884 videretur
3184 830 3510 883 auditoribus
3541 845 3782 899 pugnan-

2209 922 2279 974 tia
2322 921 2462 991 loqui
2490 963 2503 985 ,
2537 930 2588 974 et
2619 920 2745 974 nihil
2778 921 2918 975 aliud
2960 936 3114 990 quam
3150 937 3337 989 purum
3365 922 3630 974 hominem
3661 936 3782 975 esse

2206 1012 2351 1067 illum
2381 1022 2644 1082 putarent,
2675 1015 2831 1065 verba
2855 1021 3031 1067 autem
3058 1027 3212 1081 supra
3239 1014 3527 1077 hominem,
3558 1013 3664 1068 imo
3691 1029 3785 1067 su-

2206 1121 2298 1175 pra
2323 1107 2540 1175 angelos
2566 1115 2764 1169 essent,
2793 1116 2845 1159 et
2876 1105 3040 1158 solius
3073 1106 3163 1159 Dei
3188 1124 3199 1163 ς
3228 1106 3361 1159 hanc
3400 1107 3610 1159 Solvens
3634 1106 3784 1170 obje-

2205 1197 2436 1250 ctiOnem
2486 1196 2806 1265 subjunxit:
2852 1195 3023 1249 Nolite
3063 1197 3234 1248 mirari
3283 1196 3375 1249 hoc
3403 1239 3417 1262 ,
3459 1198 3575 1262 quia
3614 1196 3786 1249 Filius

2205 1288 2422 1339 hominis
2452 1297 2521 1341 est
2552 1305 2570 1341 :
2595 1288 2712 1356 quia
2734 1290 2863 1362 venit
2892 1289 3034 1351 hora,
3064 1290 3115 1341 in
3140 1306 3239 1358 qua
3266 1306 3453 1354 omnes,
3481 1291 3568 1359 qui
3596 1290 3647 1342 in
3674 1306 3785 1341 mo-

2205 1381 2451 1433 numentis
2476 1390 2610 1445 sunt,
2644 1382 2846 1435 audient
2870 1397 3036 1434 vocem
3068 1384 3197 1452 ejus;
3227 1382 3314 1437 29.
3341 1392 3385 1435 et
3413 1383 3677 1451 precedent
3698 1385 3788 1453 qui

2206 1472 2335 1524 bona
2363 1475 2621 1542 fecerunt,
2650 1474 2702 1526 iu
2731 1476 3141 1528 resurrectionem
3186 1477 3295 1529 vita:
3322 1492 3340 1529 :
3368 1477 3453 1546 qui
3494 1494 3610 1530 vero
3648 1478 3786 1531 mala

2203 1574 2447 1632 egerunt,
2477 1567 2530 1619 in
2554 1569 2967 1621 resurrectionem
2997 1568 3189 1632 iudicii.
3224 1569 3293 1621 Et
3346 1584 3441 1623 cur
3468 1584 3571 1622 non
3602 1569 3736 1623 dixit
3761 1611 3779 1636 ,

2204 1655 2374 1710 Nolite
2398 1657 2599 1721 mirari,
2629 1659 2747 1725 quia
2778 1657 2943 1711 Filius
2973 1657 3203 1713 hominis
3229 1659 3483 1713 est?nam
3509 1661 3664 1713 etiam
3698 1659 3786 1713 Fi-

2204 1750 2307 1803 lius
2348 1751 2438 1804 Dei
2482 1762 2601 1815 est;
2646 1752 2740 1805 sed
2784 1754 3230 1807 resurrectionem
3269 1756 3621 1807 memoravit?
3660 1752 3779 1808 Jam

2204 1842 2331 1896 illud
2376 1858 2534 1913 supra
2577 1855 2863 1913 posuerat,
2896 1843 3078 1898 dicens
3130 1863 3142 1899 :
3186 1845 3406 1898 Audierit
3446 1860 3611 1899 vocem
3656 1842 3785 1899 Filii

2204 1933 2321 1988 Dei.
2358 1935 2509 2000 Quod
2541 1936 2585 1989 si
2618 1935 2703 1989 hic
2741 1935 2870 1990 illud
2899 1935 3095 1999 tacuit,
3142 1951 3207 1990 ne
3247 1936 3475 1989 mireris.
3502 1935 3630 1989 Nam
3660 1950 3784 2001 cum

2203 2040 2337 2095 Opus
2366 2026 2560 2080 dixerit
2602 2026 2741 2096 quod
2770 2027 2878 2081 Deo
2902 2027 3170 2096 proprium
3198 2035 3346 2093 erat,
3378 2025 3502 2079 hinc
3544 2025 3780 2080 inferen-

2203 2117 2328 2171 dum
2371 2117 2702 2171 auditoribus
2742 2117 3028 2188 relinquit,
3060 2118 3228 2186 ipsum
3269 2131 3393 2170 esse
3440 2124 3493 2170 et
3528 2115 3696 2169 Deum
3722 2124 3784 2171 et

2205 2211 2297 2265 Dei
2327 2211 2539 2266 Filium.
2572 2211 2700 2264 Nam
2728 2211 2771 2264 si
2799 2210 2849 2264 id
2872 2210 3175 2280 frequenter
3195 2209 3431 2274 dixisset,
3463 2209 3578 2263 illos
3605 2207 3672 2262 ad
3698 2224 3786 2263 re-

2204 2302 2543 2371 pugnandum
2569 2304 2909 2367 concitasset;
2932 2317 2997 2355 ex
3020 2300 3287 2356 miraculis
3316 2298 3442 2355 vero
3467 2298 3785 2369 comproba-

2204 2407 2312 2451 tum
2360 2398 2534 2451 minus
2578 2396 2815 2450 odiosam
2855 2395 3149 2448 doctrinam
3188 2392 3464 2447 reddebat.
3514 2391 3645 2446 Nam
3689 2393 3781 2461 qui

2203 2490 2542 2560 syllogismos
2564 2495 2813 2551 nectunt,
2838 2487 3020 2556 positis
3053 2484 3497 2555 propositionibus
3524 2498 3644 2552 quae
3665 2497 3779 2536 rem

2201 2580 2447 2650 probent,
2479 2594 2619 2648 saspe
2648 2578 3042 2632 conclusionem
3074 2592 3182 2629 non
3207 2562 3454 2637 atterunt;
3491 2573 3583 2627 Sed
3613 2575 3778 2627 bene-

2202 2670 2551 2724 volentiorem
2598 2670 2721 2723 hinc
2749 2668 2848 2723 sibi
2877 2668 3176 2721 auditorem
3212 2665 3473 2724 reddunt,
3506 2673 3561 2717 et
3600 2663 3781 2733 splen-

2200 2761 2461 2816 didiorem
2484 2761 2720 2815 referunt
2746 2761 3040 2824 victoriam,
3066 2760 3189 2812 dum
3217 2757 3574 2812 adversarium
3605 2757 3779 2824 ipsum

2200 2863 2398 2923 cogunt
2438 2855 2753 2907 sententiam
2795 2852 2935 2907 ferre
2982 2866 3137 2920 quam
3192 2850 3425 2904 volunt:
3461 2850 3530 2901 ita
3582 2858 3636 2901 ut
3684 2848 3777 2916 qui

2202 2958 2493 3017 praesentes
2520 2956 2643 3000 sunt
2669 2947 2833 3016 ipsam
2865 2945 2985 2999 ideo
3010 2945 3189 2998 statim
3214 2942 3620 3012 amplectantur.
3642 2940 3777 2994 Cum

2200 3054 2359 3108 porro
2403 3038 2587 3092 Lazari
2634 3028 3089 3092 resurrectionem
3126 3033 3478 3098 memoravit,
3518 3032 3775 3101 judicium

2199 3132 2381 3196 tacuit;
2413 3146 2518 3183 non
2540 3129 2680 3183 enim
2710 3127 2808 3181 hac
2826 3126 2894 3181 de
2914 3140 3072 3181 causa
3104 3126 3386 3180 suscitatus
3402 3138 3481 3177 εει
3505 3121 3772 3177 Lazarus:

2198 3239 2318 3278 cum
2336 3230 2512 3276 autem
2530 3220 2597 3275 de
2622 3219 2906 3274 universali
2932 3219 3344 3279 resurrectione,
3371 3216 3419 3270 id
3442 3215 3652 3284 adjecit,
3677 3229 3775 3268 eos

2197 3317 2286 3387 qui
2309 3317 2445 3371 bona
2475 3323 2694 3385 egerunt
2721 3315 2886 3367 ituros
2914 3313 2966 3367 in
2997 3310 3445 3366 resurrectionem
3486 3308 3609 3361 vita:
3637 3325 3649 3373 ;
3682 3309 3771 3377 qui

2198 3425 2325 3462 vero
2352 3407 2484 3461 mala
2509 3447 2523 3472 ,
2554 3408 2604 3459 in
2636 3405 3083 3460 resurrectionem
3103 3403 3307 3470 judicii.
3341 3402 3429 3455 Sic
3453 3411 3507 3454 et
3533 3399 3774 3455 Jo:nnnes

2197 3502 2491 3555 auditorem
2521 3498 2764 3553 excitavit
2788 3539 2801 3563 ,
2830 3497 3082 3565 judicium
3116 3510 3419 3550 memorans
3439 3536 3452 3559 ,
3494 3503 3549 3548 et
3588 3493 3773 3547 dicens

2197 3609 2316 3648 eum
2346 3594 2432 3663 qui
2464 3609 2568 3647 non
2596 3591 2765 3646 credit
2793 3592 2843 3645 in
2872 3590 3098 3652 Filium,
3133 3603 3238 3642 non
3270 3589 3501 3640 visurum
3545 3600 3662 3640 esse
3693 3586 3773 3638 vi-

2199 3698 2302 3741 tam
2326 3728 2339 3749 ,
2365 3686 2458 3741 sed
2491 3687 2620 3739 iram
2646 3686 2735 3738 Dei
2764 3699 3067 3738 mansuram
3096 3698 3216 3737 esse
3245 3698 3405 3750 super
3432 3697 3549 3735 eum
3576 3679 3768 3751 (Joan.

2197 3780 2249 3835 5.
2281 3777 2392 3849 56).
2418 3780 2506 3832 Sic
2542 3787 2595 3832 et
2627 3777 2914 3831 Nicodemo
2941 3774 3072 3829 dixit
3104 3793 3117 3829 :
3147 3774 3247 3840 Qui
3275 3774 3430 3827 credit
3457 3774 3509 3826 in
3536 3772 3729 3826 Filium
3753 3814 3770 3838 ,

2197 3888 2297 3924 non
2331 3870 2598 3940 judicatur
2626 3885 2643 3923 :
2672 3870 2756 3939 qui
2786 3880 2953 3921 autent
2995 3884 3094 3920 non
3143 3866 3299 3919 credit
3326 3908 3341 3932 ,
3363 3867 3474 3935 jam
3509 3866 3775 3934 judicatus

2199 3973 2271 4016 est
2297 3960 2458 4030 (Ibid.
2494 3963 2546 4017 ’5.
2574 3960 2691 4031 18).
2721 3962 2811 4015 Sic
2830 3970 2883 4015 et
2909 3960 3008 4013 hoc
3032 3959 3149 4014 loco
3178 3958 3429 4028 etjudicii
3456 3967 3508 4011 et
3531 3958 3777 4025 supplicii

2198 4053 2473 4116 meminit,
2515 4053 2670 4106 malis
2706 4053 2911 4106 actibus
2951 4052 3210 4120 deputati.
3255 4051 3386 4115 Quia
3429 4050 3569 4103 enim
3613 4064 3775 4117 supra

2197 4144 2424 4205 dixerat,
2455 4144 2554 4210 Qui
2580 4144 2721 4196 audit
2750 4143 2895 4196 verba
2917 4159 3043 4205 mea,
3069 4151 3115 4195 et
3135 4142 3292 4194 credit
3320 4142 3365 4194 ei
3388 4141 3473 4211 qui
3495 4156 3571 4192 me
3597 4140 3772 4203 misit,

2198 4236 2573 4307 noujudicatur
2597 4254 2613 4288 :
2638 4254 2701 4290 ne
2724 4238 2840 4305 quis
2869 4227 3013 4304 putet
3035 4237 3132 4289 hoc
3150 4235 3215 4289 ad
3238 4234 3460 4289 salutem
3482 4235 3610 4288 satis
3632 4248 3771 4296 esse,

2198 4331 2321 4384 vita!
2346 4329 2606 4383 rationem
2633 4329 2797 4391 addit,
2835 4327 2931 4394 Qui
2959 4327 3089 4380 bona
3117 4336 3339 4396 egerunt,
3372 4327 3423 4378 in
3450 4319 3779 4379 resurrectio-

2200 4437 2311 4474 nem
2340 4420 2485 4483 vitaz;
2507 4420 2589 4488 qui
2611 4417 2764 4485 uiola,
2788 4420 2838 4471 in
2868 4419 3281 4471 resurrectionem
3292 4419 3493 4487 judicii.
3513 4419 3775 4483 Quoniam

2201 4518 2361 4587 igitur
2389 4516 2597 4569 dixerat
2619 4525 2785 4568 totum
2817 4515 2999 4567 orbem
3031 4513 3126 4582 ipsi
3156 4515 3413 4567 rationem
3444 4512 3775 4567 redditurum

2201 4623 2320 4663 esse
2341 4648 2356 4673 ,
2394 4616 2449 4661 et
2474 4621 2660 4660 omnes
2682 4624 2709 4659 a
2740 4621 2868 4660 voce
2891 4606 3007 4673 ejus
3034 4619 3151 4659 esse
3192 4614 3581 4660 resurrecturus
3604 4647 3617 4669 ,
3660 4623 3775 4661 rem

2201 4711 2346 4754 certe
2390 4714 2620 4762 novam,
2666 4699 3114 4766 inexspectatum,
3160 4706 3215 4751 et
3258 4713 3287 4749 a
3334 4698 3512 4751 multis
3540 4698 3776 4752 nondum

2203 4791 2458 4845 creditam
2486 4833 2500 4857 ,
2536 4791 2602 4843 ab
2637 4790 2700 4843 iis
2736 4790 2895 4844 etiam
2933 4790 3021 4860 qui
3064 4790 3353 4843 credidisse
3377 4789 3653 4853 videntur,
3685 4805 3780 4843 ne-

2203 4882 2327 4936 dum
2356 4898 2386 4935 a
2412 4882 2609 4936 Judazis
2638 4900 2650 4945 ;
2680 4881 2800 4935 audi
2831 4897 2934 4950 quo
2961 4891 3112 4949 pacto
3158 4882 3272 4935 h:ec
3305 4880 3538 4947 proterat
3564 4881 3781 4933 audito-

2204 4988 2321 5026 rum
2354 4972 2643 5026 inlirmitati
2668 4987 2726 5025 se
2756 4981 3138 5040 attemperans.
3162 4972 3250 5026 '50.
3288 4971 3406 5024 Non
3449 4988 3653 5041 possum
3688 4990 3781 5043 ego

2205 5081 2237 5116 a
2274 5063 2461 5133 meipso
2487 5068 2650 5133 facere
2678 5064 2967 5132 quidquam.
2999 5064 3141 5117 Sicut
3163 5066 3336 5130 audio,
3361 5066 3559 5133 judico,
3611 5077 3658 5120 et
3690 5069 3783 5135 ju-

2207 5156 2392 5209 dicium
2424 5171 2587 5208 meum
2619 5156 2817 5223 justum
2846 5164 2919 5208 est
2942 5197 2956 5219 ,
2995 5155 3111 5222 quia
3138 5171 3239 5207 nou
3261 5172 3429 5225 quwro
3472 5156 3784 5210 voluntatem

2206 5265 2388 5315 meam,
2409 5249 2496 5302 sed
2512 5246 2815 5300 voluntatem
2836 5249 2943 5317 ejus
2965 5248 3048 5317 qui
3070 5248 3201 5301 misit
3222 5265 3320 5301 me.
3344 5250 3501 5316 Atqui
3531 5265 3639 5303 non
3665 5266 3787 5319 par-

2208 5357 2329 5394 vum
2358 5340 2465 5409 jam
2512 5340 2731 5393 dederat
2777 5339 3187 5409 resurrectionis
3218 5349 3590 5408 argumentum
3617 5383 3630 5404 ,
3660 5357 3783 5395 cuin

2210 5433 2553 5503 paralyticum
2605 5432 2829 5485 sanavit.
2887 5406 3117 5499 Ideoque
3159 5446 3261 5483 non
3303 5441 3426 5485 ante
3450 5432 3516 5486 de
3544 5448 3803 5487 resurre-

2209 5525 2389 5579 Ctione
2414 5524 2663 5592 loquutus
2692 5532 2792 5586 est,
2821 5538 2977 5592 quam
3006 5522 3109 5577 hoc
3130 5521 3367 5587 fecisset,
3392 5523 3532 5593 quod
3556 5539 3586 5577 a
3612 5538 3785 5578 resur-

2213 5618 2451 5670 rectione
2481 5631 2585 5669 non
2613 5616 2839 5668 multum
2862 5615 3043 5668 aberat
3067 5633 3081 5671 :
3106 5614 3363 5684 judicium
3391 5630 3519 5668 vero
3552 5625 3671 5684 post
3694 5634 3786 5669 cu-

2213 5718 2387 5761 ratum
2410 5720 2603 5776 corpus
2632 5705 2990 5760 subindicavit
3017 5706 3097 5759 his
3127 5707 3306 5760 verbis
3333 5724 3348 5760 :
3380 5705 3511 5760 Ecce
3530 5723 3690 5760 sanus
3704 5710 3786 5777 [α-

2212 5814 2319 5856 ctus
2346 5818 2429 5869 es;
2445 5800 2561 5871 jam
2596 5800 2700 5855 noli
2724 5816 2931 5872 peccare
2951 5841 2967 5867 ,
2994 5816 3055 5853 ne
3075 5800 3294 5855 deterius
3329 5798 3414 5853 tibi
3438 5800 3634 5867 aliquid
3660 5816 3785 5853 con-
