4100 6364
223 391 314 447 ἥδ

222 505 387 569 δειξιν.
422 503 645 578 Ἐπειδὴ
664 516 687 537 ⁸
722 508 829 581 γάρ
859 507 1061 577 ἔλεγεν,
1091 509 1315 577 Ὠσπερ
1342 513 1375 563 ὁ
1408 509 1611 578 Πατὴρ
1639 508 1787 577 ἐτεί-

216 606 295 659 pec
326 587 467 654 τοὺς
496 590 749 657 νεκροὺς
782 592 879 646 καὶ
917 590 1197 656 ζωοποιεῖ,
1234 595 1388 648 οὕτω
1437 595 1534 647 καὶ
1576 596 1609 646 ό
1655 592 1787 658 Υἱὸς

224 673 313 737 οὓς
350 672 513 726 θέλει
560 672 851 732 ζωοποιεῐο
886 675 974 729 ἵνα
1024 676 1098 747 μὴ
1137 676 1262 748 δόξῃ
1303 676 1514 747 κόμπος
1545 673 1682 729 εἶναι
1726 675 1787 728 τὸ

225 756 439 826 πρᾶγμα
476 758 568 808 καὶ
611 756 797 826 τῦφος,
837 759 1134 829 παρέχεται
1177 762 1271 813 καὶ
1308 760 1405 830 τὴν
1445 759 1532 811 διὰ
1559 760 1670 811 τῶν
1699 758 1789 830 ἐρ-

225 856 319 905 γων
363 839 634 904 ἀπόδειξιν
674 840 882 909 λέγων’
915 843 1185 911 Ἔρχεται
1218 842 1358 911 ὥρα.
1409 837 1541 895 Εἶτα
1588 843 1674 894 ἵνα
1716 843 1790 912 μὴ

228 921 420 992 μακρὸν
449 923 794 994 ὑποπτεύσῃς
827 924 1038 995 χρόνον,
1069 927 1294 992 ἐπάγει·
1325 926 1431 980 Καὶ
1460 927 1577 979 νῦν
1600 926 1789 989 ἐστιν,

227 1005 312 1057 ὅτε
330 1008 383 1057 οἱ
417 1006 617 1074 νεκροὶ
646 1007 983 1061 άκούσουσι
1015 1008 1123 1074 τῆς
1148 1008 1351 1077 φωνῆς
1377 1009 1482 1062 τοῦ
1516 1008 1651 1063 Υἱοῦ
1685 1007 1793 1061 τοῦ

227 1088 379 1150 Θεοῦ,
422 1090 519 1142 καὶ
551 1093 605 1143 οἱ
637 1090 1010 1158 ἀκούσαντες
1058 1092 1356 1161 ζήσονται.
1403 1089 1555 1156 Εἶδες
1598 1093 1791 1146 αὐθεν-

229 1173 332 1225 τίαν
372 1174 604 1227 ἐνταῦθα
644 1175 741 1227 καὶ
788 1175 1035 1241 ἐξουσίαν
1080 1176 1316 1245 ἀφατον;
1350 1177 1561 1248 Ὥσπερ
1594 1178 1700 1249 γὰρ
1734 1179 1792 1231 ἐν

229 1260 285 1326 τῇ
320 1258 628 1320 ἀναστάσει,
662 1257 805 1311 οὕτω
850 1260 943 1311 καὶ
980 1259 1074 1312 νῦν
1116 1260 1299 1325 ἔσται,
1335 1262 1486 1332 φησί.
1531 1262 1641 1314 Καὶ
1685 1260 1793 1332 γὰρ

229 1340 334 1392 τότε
374 1340 559 1410 φωνῆς
606 1341 938 1405 ἀκούσαντες
984 1343 1378 1415 ἐπιταττούσης
1426 1343 1788 1415 ἐγειρόμεθαο

240 1421 323 1475 Ἐν
356 1424 713 1487 κελεύσματι
733 1425 762 1464 δ
787 1425 916 1494 γὰρ,
955 1426 1105 1494 φησὶ,
1146 1427 1294 1480 Θεοῦ
1331 1430 1385 1480 οι
1420 1429 1619 1495 νεκροὶ
1648 1427 1791 1481 ἀνα-

227 1508 561 1576 στήσονται.
597 1510 707 1562 Καὶ
752 1510 913 1563 πόθεν
941 1510 1115 1581 δῆλον,
1166 1511 1295 1575 ἴσως
1328 1513 1444 1583 ἐρεῖ
1469 1529 1584 1575 τις,
1615 1512 1696 1563 ὅτι
1728 1511 1789 1563 οὐ

230 1592 420 1663 κόμπος
446 1592 514 1645 τά
540 1594 841 1664 εἰρημένα;
886 1593 977 1657 Ἐξ
1004 1588 1078 1647 ὧν
1106 1596 1405 1665 ἐπήγαγεν,
1437 1596 1518 1648 ὅτι
1545 1594 1652 1649 Καὶ
1676 1595 1793 1648 νῦν

226 1677 397 1730 ἐστιν.
423 1677 484 1729 Εί
516 1677 616 1747 μὲν
640 1676 748 1747 γάρ
772 1680 851 1740 είς
878 1678 972 1729 τὸν
1006 1677 1266 1747 μέλλοντα
1299 1679 1457 1749 μόνον
1485 1677 1791 1748 ἐπήγγελτο

228 1759 418 1831 χρόνον,
460 1759 684 1829 ἔμελλεν
712 1761 740 1811 6
772 1759 928 1828 λόγος
965 1758 1206 1825 ὕποπτος
1236 1758 1375 1814 εἶναι
1417 1760 1546 1832 παρ’
1580 1761 1786 1823 αὐτοῖς.

228 1843 349 1897 Νυνὶ
387 1843 443 1897 δὲ
489 1845 719 1914 παρέχει
762 1845 860 1915 τὴν
904 1845 1200 1913 ἀπόδειξιν.
1241 1846 1405 1916 Ἐμοῦ
1443 1847 1572 1918 γὰρ,
1619 1846 1786 1915 φησὶ,

227 1926 568 1997 διατρίϐοντος
605 1927 721 1998 μεθ’
749 1928 922 1997 ὑμῶν,
951 1928 1109 1983 τοῦτο
1139 1930 1450 1998 γενήσεται.
1486 1931 1598 1984 Οὐκ
1642 1930 1708 1982 ἂν
1733 1929 1789 1981 δὲ

230 2010 297 2078 μὴ
318 2010 605 2080 δυνάμενος
636 2011 1000 2081 ἐπηγγείλατο
1032 2013 1174 2066 κατά
1200 2013 1290 2065 τὸν
1330 2013 1520 2084 καιρὸν
1557 2014 1785 2077 ἐκεῖνον,

227 2091 352 2144 ὥστε
382 2094 451 2163 μὴ
486 2093 709 2148 πλείονα
741 2095 952 2162 γέλωτα
979 2096 1161 2163 ὀφλεῖν
1200 2097 1265 2149 ἐκ
1293 2096 1389 2165 τῆς
1418 2095 1783 2165 ὑποσχέσεως.

230 2171 346 2227 εἶτα
374 2177 467 2229 καὶ
499 2176 757 2247 λογισμὸν
781 2178 974 2246 ἐπάγει
1006 2179 1116 2231 τῶν
1153 2178 1456 2248 εἰρημένων
1483 2178 1788 2231 ἀποδεικτι-

228 2258 330 2320 κὸν,
361 2258 561 2329 λέγων·
603 2262 829 2329 Ὠσπερ
864 2262 974 2331 γὰρ
1014 2265 1047 2316 ὁ
1098 2263 1303 2330 Πατὴρ
1350 2262 1477 2330 ἔχει
1528 2261 1681 2327 ζωὴν
1721 2261 1790 2311 ὲν

225 2339 417 2406 ἑαυτῷ,
455 2343 646 2408 οὕτως
682 2343 868 2399 ἔδωκε
901 2344 1000 2399 καὶ
1036 2343 1117 2411 τῷ
1170 2345 1280 2411 Υἱῴ
1320 2343 1475 2413 ζωὴν
1511 2344 1675 2414 ἔχειν
1718 2343 1788 2394 ἐν

222 2423 417 2490 ἑαυτῷ.

296 2506 358 2575 γ’.
394 2509 556 2580 Ὁρᾷς
589 2508 706 2572 πῶς
732 2508 793 2561 τδ
825 2510 1264 2582 ἀπαράλλακτον,
1306 2511 1399 2563 καὶ
1422 2512 1501 2564 ἐνὶ
1528 2512 1671 2583 μόνῳ
1690 2513 1789 2581 τὴν

222 2592 467 2663 διαφοράν
507 2594 791 2662 ἐμφαῖνον,
822 2593 898 2664 τῷ
928 2595 1017 2647 τὸν
1050 2595 1149 2665 μέν
1173 2594 1395 2666 Πατέρα
1426 2590 1586 2656 εἶναι,
1614 2598 1704 2650 τὸν
1731 2598 1789 2650 δὲ

227 2675 367 2739 Υἱόνς
405 2677 468 2729 Ἠ
516 2676 645 2747 γάρ,
673 2676 922 2740 Ἔδωκε,
971 2678 1147 2743 λέξις,
1181 2678 1385 2749 ταύτην
1435 2679 1645 2748 εἰσάγει
1691 2682 1788 2749 τὴν

224 2758 468 2829 διαίρεσιν
519 2760 709 2829 μόνην,
752 2760 822 2812 τά
862 2761 919 2814 δὲ
964 2762 1098 2815 ἀλλα
1133 2764 1309 2816 πάντα
1364 2762 1453 2816 ἴσα
1484 2765 1576 2816 καὶ
1613 2764 1790 2834 ἀπαρ-

222 2840 443 2893 άλλακτα
489 2842 782 2897 δείκνυσιν.
814 2843 973 2896 Ὅθεν
1012 2845 1187 2915 δῆλον,
1216 2846 1299 2899 ὅτι
1334 2845 1474 2916 μετὰ
1524 2847 1789 2917 τοσαύτης

221 2924 450 2987 ἐξουσίας
483 2926 663 2979 πάντα
693 2929 835 2978 ποιεῖ
864 2928 957 2979 καὶ
990 2928 1291 2998 δυνάμεως,
1326 2928 1442 2999 μεθ’
1464 2929 1596 3000 ὅσης
1621 2933 1648 2983 6
1680 2932 1790 2983 Πα-

221 3007 332 3077 τὴρ,
358 3009 450 3059 καὶ
474 3009 576 3077 οὐχ
612 3010 878 3080 ἑτέρωθεν
902 3011 1326 3083 δυναμούμενος.
1351 3010 1507 3066 Οὕτω
1540 3014 1648 3085 γὰρ
1677 3013 1789 3083 ἔχει

221 3088 370 3160 ζωὴν,
394 3092 585 3163 ὥσπερ
609 3095 637 3147 6
667 3095 878 3165 Πατήρ.
920 3096 1017 3148 Διά
1051 3097 1119 3165 δὴ
1160 3098 1318 3150 τοῦτο
1361 3097 1455 3149 καὶ
1494 3097 1555 3151 τὸ
1593 3098 1789 3168 ἐφεξῆς

154 3235 162 3243 _
218 3174 404 3239 εὐθέως
430 3179 682 3247 ἐπήγαγε
704 3189 727 3216 θ
756 3179 936 3241 πάλιν,
966 3179 1050 3232 ἵνα
1075 3180 1181 3233 ἀπὸ
1206 3180 1398 3235 τούτου
1430 3176 1648 3237 κάκεῖνο
1673 3187 1791 3251 νοή-

221 3273 407 3327 σωμεν.
428 3262 593 3314 Ποῖον
613 3259 676 3331 δὴ
706 3261 892 3326 τοῦτο;
915 3262 1006 3325 T6,
1030 3262 1286 3316 Ἔδωκεν
1313 3265 1473 3335 αὐτῷ
1499 3266 1791 3330 ἐξουσίαν

214 3346 305 3393 καὶ
335 3343 541 3409 κρίσιν
568 3344 783 3397 ποιεῖν.
822 3345 930 3397 Καὶ
968 3345 1110 3409 τίνος
1142 3346 1324 3399 ἕνεκεν
1362 3348 1655 3401 ἀνάστασιν
1697 3349 1790 3401 καὶ

216 3424 383 3492 κρίσιν
406 3427 519 3479 ἄνω
548 3426 647 3480 καὶ
674 3427 826 3481 κάτω
852 3428 1107 3499 στρέφει;
1132 3429 1357 3497 ’Ὠσπερ
1382 3431 1493 3500 γὰρ
1521 3432 1555 3485 ὁ
1588 3432 1790 3501 Πατὴρ

211 3507 412 3577 ἐγείρει
450 3512 598 3577 τοὺς
650 3512 903 3581 νεκροὺς
950 3513 1048 3567 καὶ
1094 3512 1383 3579 ζωοποιεῖ,
1428 3516 1583 3569 οὕτω
1627 3517 1721 3569 καὶ
1756 3518 1789 3569 ὀ

220 3593 343 3659 Υιὸς
390 3595 498 3663 οὓς
548 3596 711 3651 θέλει
760 3597 1056 3659 ζωοποιεῐ’
1103 3602 1197 3652 καὶ
1246 3602 1429 3664 πάλιν,
1481 3603 1533 3654 Ὀ
1586 3603 1790 3668 Πατὴρ

211 3679 382 3745 κρίνει
424 3680 678 3741 οὐδένα,
719 3683 880 3734 ἀλλὰ
921 3680 1128 3737 πᾶσαν
1170 3682 1284 3750 τῆν
1320 3686 1523 3752 κρίσιν
1571 3685 1791 3740 δέδωκε

209 3762 282 3825 τῷ
324 3763 465 3829 m3-
494 3765 595 3818 καὶ
626 3765 807 3827 πάλιν,
835 3766 1058 3836 Ὠσπερ
1092 3768 1124 3819 6
1160 3768 1362 3835 Πατὴρ
1387 3768 1509 3837 ἔχει
1533 3768 1688 3836 ζωὴν
1723 3770 1794 3822 ἐν

209 3844 401 3910 ἐαυτῷ,
446 3847 647 3912 οὕτως
688 3848 870 3901 ἔδωκε
913 3849 1011 3901 καὶ
1048 3848 1126 3914 τῷ
1182 3849 1289 3915 Υἱῷ
1333 3849 1486 3918 ζωὴν
1517 3851 1684 3919 ἔχειν
1722 3853 1793 3904 ἐν

205 3932 384 3998 ἑαυτῷ
404 3951 418 3963 ’
452 3935 552 3989 καὶ
595 3934 781 3998 πάλιν,
808 3938 870 3987 Ol
902 3936 1276 4000 ἀκούσαντες
1304 3936 1413 4003 τῆς
1451 3937 1658 4007 φωνῆς
1687 3939 1792 3992 τοῦ

215 4017 343 4071 Υἱοῦ
378 4019 489 4073 τοῦ
534 4019 692 4073 Θεοῦ
734 4017 1046 4086 ζῆσονται·
1090 4022 1181 4073 καὶ
1226 4020 1459 4075 ἐνταῦθα
1494 4021 1557 4092 δὴ
1608 4024 1790 4089 πάλιν,

206 4101 462 4156 Ἔδωκεν
496 4101 672 4168 αὺτῷ
704 4102 993 4166 ἐξουσίαν
1033 4104 1130 4156 καὶ
1160 4106 1360 4172 κρίσιν
1398 4106 1589 4158 ποιεῖν
1612 4106 1660 4158 ἀ.
1699 4108 1794 4159 Ti-

202 4205 285 4250 νος
315 4186 407 4243 οὖν
449 4191 653 4244 ἕνεκεν
686 4190 857 4243 ταῦτα
888 4191 1105 4261 στρέφει
1148 4191 1404 4261 συνεχῶς,
1439 4192 1617 4262 κρίσιν
1650 4192 1793 4259 λέγω

199 4274 287 4325 καὶ
320 4274 466 4343 ζωὴν
498 4276 603 4327 καὶ
653 4275 976 4338 ἀνάστασιν;
1008 4274 1131 4326 Ὅτι
1163 4275 1335 4326 ταῦτα
1384 4275 1619 4344 μάλιστα
1656 4277 1792 4329 πάν-

198 4372 298 4407 των
333 4360 452 4410 ἐστὶ
480 4359 556 4412 τὰ
585 4360 691 4411 καί
721 4358 1096 4425 ἐπαγαγέσθαι
1123 4357 1395 4426 δυνάμενα
1420 4358 1510 4410 καὶ
1530 4358 1620 4411 τὸν
1643 4359 1794 4413 ἀνέν-

198 4439 337 4494 δοτον
370 4444 691 4514 ἀκροατήν.
728 4442 785 4494 Ὀ
818 4440 925 4511 γὰρ
955 4438 1105 4512 [250]
1137 4441 1380 4504 πεισθεὶς
1415 4442 1498 4494 ὅτι
1535 4443 1629 4494 καὶ
1664 4442 1794 4497 ἀνα-

200 4526 471 4595 στήσεται,
496 4528 601 4581 καὶ
638 4526 815 4594 τούτῳ
843 4524 1004 4579 δώσει
1032 4525 1128 4589 τὰς
1155 4525 1383 4590 εὐθύνας
1411 4526 1520 4581 τῶν
1540 4528 1795 4598 πεπλημ-

200 4607 547 4679 μελημένωνο
582 4613 637 4663 εί
673 4608 770 4661 καὶ
814 4608 976 4679 μηδὲν
1010 4608 1196 4680 ἓτερον
1227 4605 1333 4663 εἶδε
1367 4613 1610 4682 σημεῖον,
1636 4611 1795 4665 τοῦτο

198 4694 640 4765 καταδεξάμενος
684 4692 1117 4764 προσδραμεῖται
1163 4694 1408 4759 πάντως,
1446 4695 1651 4767 ἥμερον
1696 4713 1795 4749 κα-

197 4778 545 4843 τασκευάζων
590 4775 783 4846 ἐαυτῷ
820 4776 910 4828 τὸν
953 4776 1227 4847 δικαστήν.
1256 4777 1377 4831 Ὅτι
1420 4779 1548 4843 Υἱὸς
1581 4778 1794 4847 ἀνθρὼ-

197 4874 303 4911 nov
333 4862 492 4925 ἐστὶ,
531 4860 629 4930 μὴ
671 4858 992 4928 θαυμάζετε
1024 4860 1218 4913 τοῦτο.
1257 4860 1467 4923 Παῦλος
1505 4863 1602 4931 μὲν
1631 4865 1658 4915 6
1692 4864 1795 4915 Σα-

201 4948 457 5011 μοσατεὺς
505 4946 616 5015 οὐχ
660 4941 809 4996 οὕτω
862 4944 1046 5014 φησὶν,
1090 4943 1226 4995 ἀλλά
1270 4943 1423 5008 πῶς;
1474 4945 1795 5008 Ἕξουσίαν

194 5026 403 5083 ἔδωκεν
435 5027 615 5094 αὐτῷ
663 5029 871 5096 κρίσιν
910 5027 1125 5093 ποιεῖν,
1161 5028 1248 5081 ὅτι
1298 5030 1431 5092 Υίὸς
1481 5029 1794 5096 ἀνθρώπου

194 5110 371 5163 ἐστίν.
421 5112 574 5165 Ἀλλ’
623 5110 892 5179 οὐδεμίαν
942 5111 1261 5165 ἀκολουθίαν
1303 5111 1415 5182 ἔχει
1456 5112 1615 5164 τοῦτο
1652 5112 1795 5165 οὕτω

194 5193 473 5266 λεγόμενον
539 5197 624 5250 Ub
670 5195 784 5264 γὰρ
830 5194 916 5248 διά
960 5193 1118 5248 τοῦτο
1160 5195 1317 5249 ἔλαϐε
1356 5196 1536 5268 κρίσιν
1576 5199 1656 5251 ὅτι
1698 5200 1793 5252 ἄν-

195 5275 398 5348 θρωπός
440 5284 627 5345 ἐστιν,
676 5278 851 5347 (ἐπεὶ
889 5280 943 5331 τί
984 5279 1187 5332 ἐκώλυε
1232 5282 1441 5343 πάντας
1475 5281 1796 5352 ἀνθρώπους

192 5358 318 5419 εἶναι
347 5367 551 5437 κριτάς
572 5365 616 5435 ς)
656 5361 781 5417 ἀλλ’
806 5364 989 5433 ἐπειδὴ
1022 5364 1120 5434 τῆς
1154 5364 1393 5435 ἀρρήτου
1430 5365 1616 5425 οὐσίας
1654 5366 1795 5419 ἐκεί-

190 5464 281 5517 νης
308 5452 456 5503 ἐστὶν
486 5450 667 5510 Υἱὸς,
715 5447 805 5499 διά
836 5446 989 5500 τοῦτό
1017 5450 1131 5500 ἐστι
1180 5448 1391 5517 κριτής.
1424 5446 1580 5501 Οὕτω
1617 5450 1795 5503 τοίνυν

189 5532 591 5599 ἀναγνωστέον,
627 5531 763 5581 Ὅτι
801 5530 934 5595 Υίὸς
977 5531 1290 5599 ἀνθρώπου
1322 5528 1485 5593 ἐστὶ,
1521 5529 1607 5598 μὴ
1651 5534 1795 5585 θαυ-

186 5615 389 5683 μάζετε
422 5616 640 5669 τοῦτο.
685 5612 909 5683 Ἐπειδὴ
957 5612 1129 5666 ἐδόκει
1162 5614 1276 5675 τοῖς
1327 5610 1583 5664 ἀκούουσι
1630 5629 1796 5683 προσ-

191 5696 434 5752 ίστασθαι
459 5699 529 5751 τὸ
557 5695 894 5765 λεγόμενον,
915 5696 1008 5750 καὶ
1028 5697 1189 5751 πλέον
1212 5696 1365 5750 οὐδὲν
1386 5695 1635 5765 ἐνόμιζον
1660 5693 1795 5749 εἶναι

244 5826 270 5853 ⁸
296 5825 471 5899 κοῖος.
502 5822 917 5899 ζήσανταιζΕἷπε
950 5822 1104 5899 λόγοις
1118 5824 1185 5899 τὰ
1226 5823 1420 5899 μεγάλοι
1437 5822 1610 5899 ἐξεῖναι,
1652 5823 1795 5895 δεῖξαι

188 5885 343 5951 λοιπὸν
365 5882 601 5951 βούὶεται
629 5886 724 5951 καί
766 5883 914 5951 ἑργος
946 5885 1088 5951 οιῦτιιὶἱ
1118 5882 1327 5942 Ἐπειδή.
1396 5882 1621 5951 ξῦίοιδει.
1715 5901 1795 5951 κε-

190 5944 411 6013 λεύσματι
435 5952 522 5998 καὶ
546 5950 607 6013 ἐν⁸
624 5944 1061 6013 σᾴᾉςιξιγιηδςινιιξρ
1078 5947 1339 6013 hasfgmus.
1408 5946 1604 6013 c__Sa_IViL
1625 5948 1798 6013 negabit»;

191 6007 484 6081 πρόσκειται,
581 6009 611 6050 d
649 6007 766 6058 Alii
797 6007 873 6054 καὶ
906 6007 1103 6057 ἐνταῦθα
1149 6008 1199 6057 δέ
1246 6025 1379 6070 φησι,
1419 6008 1588 6070 Κρίσιν
1621 6010 1797 6061 ἔδωκεν

190 6074 311 6134 αὐτῷ
329 6074 505 6121 ποιεῖν.

1100 389 1163 448 ΙΝ
1205 392 1519 449 ιοΑΝΝΕΜ
1556 391 1789 449 HOMIL.
1829 389 2074 447 XXXIX.
2109 392 2179 447 al.
2227 392 2514 449 XXXVI“.

3355 389 3463 444 22.1

1893 507 1927 576 ἢ
1966 506 2120 577 ψιλὸν
2151 508 2455 578 ἄνθρωπον,
2486 508 2554 561 τὰ
2585 508 2642 562 δὲ
2688 507 2953 577 λεγόμενα
3000 503 3218 575 μείζονα
3257 502 3291 575 ἢ
3330 500 3473 555 κατὰ

1893 592 2180 663 ἄνθρωπον
2221 589 2309 663 ἦν,
2364 594 2561 665 μᾶλλον
2608 592 2665 645 δὲ
2715 591 2936 663 μείζονα
2980 588 3014 659 ἢ
3047 587 3189 641 κατά
3219 584 3471 653 ἄγγελον,

1894 676 1988 728 καὶ
2008 675 2142 729 Θεοῦ
2168 677 2328 747 μόνου
2344 691 2357 704 °
2381 678 2580 748 ταύτην
2603 675 2744 728 λύων
2762 674 2858 745 τὴν
2879 672 3169 733 ἀντίθεσιν,
3192 672 3467 738 ἐπήγαγε*

1892 759 1990 827 Μὴ
2048 759 2396 827 θαυμάζετε,
2447 760 2535 813 ὅτι
2587 760 2719 825 mc
2765 756 3077 825 ἀνθρώπου
3132 754 3336 808 ἐστίν·
3383 752 3474 805 ὅτι

1891 843 2127 911 ἔρχεται
2157 842 2296 913 ὥρα,
2322 846 2393 897 ἐν
2421 839 2460 915 ᾗ
2492 848 2545 897 οἱ
2573 845 2643 897 ἑν
2680 843 2805 909 τοῖς
2838 842 3150 911 μνημείοις
3183 838 3475 893 ἀκούσον-

1892 944 1983 982 ται
2017 926 2122 996 τῆς
2175 928 2380 996 φωνῆς
2420 929 2628 990 αὑτοῦ,
2661 928 2758 983 καὶ
2795 926 3262 992 ἐκπορεύσονται
3311 924 3365 975 οὶ
3400 920 3475 974 τὰ

1893 1011 2083 1078 ἀγαθὰ
2111 1010 2494 1077 ποιήσαντες,
2524 1014 2610 1076 εὶς
2638 1010 2978 1065 ἀνάστασιν
3005 1006 3183 1074 ζωῆς·
3216 1008 3269 1059 οὶ
3301 1004 3369 1057 δὲ
3401 1008 3474 1058 τὰ

1892 1093 2099 1162 φαῦλα
2147 1096 2502 1162 πράξαντες.
2548 1097 2636 1160 εὶς
2676 1092 3017 1149 ἀνάστασιν
3052 1091 3323 1157 κρίσεως.
3362 1088 3474 1140 Καὶ

1892 1177 2037 1240 τίνος
2060 1179 2244 1231 ἐνεκεν
2276 1180 2376 1232 οὐκ
2405 1175 2560 1231 εἶπεν
2578 1195 2591 1208 ⁸
2623 1177 2716 1248 Μὴ
2743 1175 3067 1246 θαυμάζετε.
3096 1176 3178 1227 ὅτι
3218 1173 3345 1235 Υἱὸς
3378 1174 3474 1225 ἀν-

1894 1260 2113 1328 θρώπου
2156 1264 2303 1328 ἐστί;
2354 1264 2448 1318 καὶ
2490 1263 2599 1332 γάρ
2627 1263 2721 1315 καὶ
2767 1261 2893 1323 Υἱὸς
2942 1258 3077 1312 Θεοῦ
3128 1258 3305 1309 ἐστιν’
3334 1255 3472 1310 ἀλλά

1892 1347 1991 1417 τῆς
2034 1347 2384 1411 ἀναστάσεως
2441 1345 2884 1418 ἐμνημόνευσενς
2926 1342 3129 1412 Ἔθηκε
3192 1340 3293 1409 μὲν
3338 1338 3471 1391 αὐτὸ

1892 1432 2172 1502 ἀνωτέρω,
2202 1431 2395 1500 λέγων,
2433 1432 2785 1484 Ἀκούσουσι
2816 1426 2927 1496 τῆς
2961 1424 3166 1496 φωνῆς
3190 1421 3298 1477 τοῦ
3330 1423 3471 1477 Υίοῦ

1896 1516 2064 1571 Θεοῦ.
2106 1517 2169 1569 Et
2208 1516 2265 1569 δέ
2318 1514 2549 1568 ἐνταῦθα
2601 1512 2983 1580 ἀπεσιώπησε,
3035 1510 3108 1579 μὴ
3159 1506 3470 1578 θαυμάσῃς.

1892 1599 1966 1651 Τὸ
2009 1599 2116 1671 γάρ
2154 1598 2314 1670 ἔργον
2358 1598 2546 1662 εἰπὼν,
2578 1598 2607 1650 ὃ
2648 1596 2782 1650 Θεοῦ
2832 1595 2958 1648 ἴδιον
2998 1588 3089 1663 ἦν,
3129 1591 3311 1644 δίδωσι
3358 1591 3472 1652 τοῖς

1890 1681 2261 1751 ἀκροωμένοις
2321 1681 2380 1748 ἐξ
2444 1679 2606 1735 αὑτοῦ
2674 1675 3085 1745 συλλογίσασθαι
3141 1673 3345 1739 λοιπὸν,
3388 1673 3469 1725 ὅτι

1892 1765 1987 1819 καὶ
2030 1765 2161 1829 Θεὸς
2202 1761 2290 1836 ἦν,
2332 1765 2425 1818 καὶ
2469 1764 2603 1817 Θεοῦ
2638 1764 2795 1825 Παῖς.
2829 1761 2965 1831 Παρ’
3003 1758 3169 1813 αὑτοῦ
3219 1756 3316 1828 μὲν
3362 1755 3471 1825 γὰρ

1888 1848 2180 1919 λεγόμενον
2230 1848 2466 1919 συνεχῶς
2505 1850 2777 1920 προσέστη
2808 1846 2874 1900 ἂν
2898 1845 3020 1898 τότε
3071 1843 3297 1905 ἐκείνοις
3317 1858 3330 1870 ·
3363 1841 3470 1894 ἀπὸ

1890 1930 1948 1984 δὲ
1994 1931 2089 1984 τοῦ
2132 1932 2490 2002 συλλογισμοῦ
2532 1932 2643 1986 τῶν
2676 1930 2968 2000 θαυμάτων
3007 1928 3353 1996 δεικνύμενον
3384 1926 3473 1977 ἀν-

1892 2018 2296 2088 επαχθεστέραν
2348 2016 2445 2088 τὴν
2493 2016 2841 2070 διδασκαλίαν
2893 2013 3087 2067 ἐποίει.
3136 2011 3246 2064 Καὶ
3278 2010 3387 2079 γὰρ
3418 2010 3469 2061 οί

1891 2102 2017 2164 τοὺς
2056 2100 2446 2169 συλλογισμοὺς
2474 2098 2786 2161 πλέκοντες,
2819 2098 2949 2150 ὅταν
2981 2095 3050 2148 τὰ
3084 2093 3223 2165 μέρη
3263 2090 3467 2153 θέντες,

1891 2184 2151 2252 γενναίως
2178 2184 2499 2249 ἀποδείξωσι
2524 2182 2586 2236 τὸ
2618 2182 2970 2251 ζητούμενον,
2998 2180 3097 2232 οὐκ
3126 2178 3419 2245 ἐπάγουσιν
3443 2186 3468 2214 ο

1890 2268 2043 2321 αὐτοὶ
2072 2267 2132 2321 τὸ
2172 2267 2543 2338 συμπέρασμα
2584 2266 2866 2331 πολλάκις,
2894 2263 3007 2317 ἀλλ’
3033 2260 3471 2330 εὐγνωμονέστε-

1895 2367 1984 2421 ρον
2031 2349 2534 2413 κατασκευάζοντες
2564 2349 2655 2403 τὸν
2697 2348 2990 2419 ἀκροατὴν,
3027 2346 3123 2400 καὶ
3170 2345 3270 2415 τὴν
3312 2342 3470 2413 νίκην

1890 2434 2275 2507 λαμπροτέραν
2321 2433 2635 2497 ποιοῦντες,
2665 2432 2829 2486 αὑτὸν
2867 2434 3073 2484 ἐκεῖνον
3114 2429 3468 2500 παρασκευά-

1890 2518 2044 2582 ζουσι
2093 2518 2182 2571 τὸν
2236 2517 2587 2586 ἀντιλέγοντα
2647 2518 2747 2586 τὴν
2806 2514 3082 2584 ἀπόφασιν
3141 2512 3467 2580 ἐξενεγκεῖν,

1890 2602 2030 2655 ὥστε
2081 2601 2279 2672 μᾶλλον
2320 2601 2503 2665 αὐτοῖς
2530 2598 2868 2671 ψηφίσασθαι
2899 2598 3023 2660 τοὺς
3060 2595 3328 2666 παρόντας
3362 2592 3470 2646 τῶν

1890 2685 2172 2739 ἀντιδίκων
2200 2684 2298 2755 τὴν
2333 2686 2472 2755 ὑπὲρ
2497 2684 2675 2738 αὐτῶν
2703 2684 2976 2756 φερόντων
3002 2680 3202 2751 ψῆφον.
3228 2679 3339 2748 Τῆς
3372 2677 3471 2747 μὲν

1889 2766 1982 2824 οὖν
2037 2769 2180 2823 κατά
2212 2769 2302 2822 τὸν
2350 2768 2599 2840 Λάζαρον
2660 2766 3038 2839 μνημονεύσας
3085 2761 3468 2823 ἀναστάσεως,

1888 2855 1988 2925 τὴν
2031 2855 2213 2926 κρίσιν
2247 2854 2534 2924 ἐσίγησεν·
2565 2853 2626 2907 ού
2661 2853 2769 2922 γάρ
2806 2851 2894 2906 διά
2927 2851 3085 2904 τοῦτο
3122 2847 3319 2917 ἀνέστη
3363 2845 3471 2899 Λά-

1891 2940 2054 3011 ζαρος
2076 2955 2091 2971 ο
2132 2940 2232 3007 τὴν
2274 2938 2332 2991 δέ
2372 2936 2601 2991 καθόλου
2652 2934 2843 3000 εἰπὼν,
2878 2935 2972 2987 καὶ
3005 2933 3161 2987 τοῦτο
3199 2929 3469 3002 προσέθη-

1890 3042 2005 3090 κεν,
2043 3026 2125 3077 δτι
2165 3025 2229 3076 Οἱ
2260 3022 2333 3076 τὰ
2367 3022 2557 3091 ἀγαθὰ
2600 3020 2965 3087 ποιήσαντες
3004 3017 3472 3084 ἐκπορεύσονται

1888 3110 1976 3172 είς
1997 3105 2340 3161 ἀνάστασιν
2363 3104 2538 3173 ζωῆς·
2573 3108 2636 3158 Ol
2668 3103 2737 3157 δὲ
2771 3103 2845 3157 τὰ
2881 3100 3085 3172 φαῦλα
3112 3098 3467 3168 πράξαντες,

1890 3192 1978 3255 είς
1998 3188 2339 3244 ἀνάστασιν
2363 3189 2633 3257 κρίσεως.
2658 3185 2816 3241 Οὕτω
2840 3186 2936 3240 καὶ
2969 3184 3216 3252 Ἰωάννης
3238 3182 3473 3250 ἐπήγετο

1889 3275 1981 3328 τὸν
2018 3272 2310 3346 ἀκροατὴν,
2344 3271 2578 3344 κρίσεως
2619 3270 2898 3342 μνησθεὶς,
2940 3268 3034 3322 καὶ
3062 3268 3143 3321 ὅτι
3176 3267 3229 3318 '0
3256 3263 3341 3334 μὴ
3375 3277 3472 3316 πι-

1891 3358 2123 3411 στεύων
2149 3358 2236 3421 εὶς
2273 3354 2379 3409 τὸν
2417 3354 2575 3417 Υίὸν,
2605 3356 2717 3408 οὐκ
2745 3354 2957 3422 ὄψεται
2987 3351 3102 3417 τὴν
3122 3349 3297 3416 ζωὴν,
3333 3348 3470 3401 ἀλλ’

1891 3442 1931 3508 ἡ
1963 3440 2107 3509 ὀργὴ
2140 3438 2246 3492 τοῦ
2276 3438 2424 3493 Θεοῦ
2452 3438 2620 3507 μένει
2645 3437 2739 3491 ἐπ’
2759 3438 2962 3491 αὐτόν.
2996 3433 3151 3487 Οὕτω
3178 3432 3273 3485 καὶ
3310 3430 3473 3492 αὐτὸς

1892 3523 1982 3577 τὸν
2022 3524 2365 3593 Νικόδημον
2416 3522 2479 3575 '0
2527 3522 2639 3590 γὰρ
2682 3520 2983 3573 πιστεύων
3023 3519 3109 3581 εἰς
3156 3516 3263 3568 τὸν
3312 3514 3467 3578 Υίόν,

1894 3606 2047 3675 ἔλεγε
2077 3607 2211 3679 πρὸς
2243 3606 2423 3670 αὑτὸν,
2452 3606 2524 3658 οὐ
2550 3604 2840 3673 κρίνεται·
2874 3605 2906 3656 ὀ
2935 3600 3003 3654 δὲ
3032 3601 3118 3670 μὴ
3149 3598 3469 3659 πιστεύων.

1893 3689 2012 3758 ἤδη
2052 3690 2332 3759 κέκριται.
2374 3687 2531 3742 Οὕτω
2580 3688 2674 3741 καὶ
2716 3685 2947 3739 ἐνταῦθα
2985 3687 3079 3738 καὶ
3122 3680 3470 3751 δικαστηρίου

1894 3774 1990 3827 καὶ
2020 3774 2294 3838 κολάσεως
2325 3772 2597 3843 μέμνηται
2634 3771 2733 3841 τῆς
2764 3770 2855 3823 ἐπὶ
2882 3773 3001 3833 ταῖς
3030 3769 3293 3837 πονηραῖς
3329 3764 3473 3835 πρά-

1897 3857 2058 3922 ξεσιν.
2101 3857 2319 3927 Ἐπειδὴ
2362 3858 2470 3927 γάρ
2513 3852 2665 3910 εἶπεν
2716 3856 2993 3925 ἀνωτέρω,
3025 3854 3106 3905 ὅτι
3143 3851 3204 3903 '0
3237 3851 3472 3904 ἀκούων

1889 3959 2008 4009 μου
2049 3939 2155 3993 τὸν
2194 3941 2401 4010 λόγον,
2438 3939 2539 3993 καὶ
2583 3940 2882 3993 πιστεύων
2919 3937 2997 4002 τῷ
3042 3935 3344 4003 πέμψαντί
3372 3949 3469 4001 με,

1895 4026 1965 4077 οὐ
2000 4025 2289 4091 κρίνεταν
2322 4024 2409 4077 ἵνα
2438 4024 2511 4095 μὴ
2543 4023 2738 4095 νομίσῃ
2761 4040 2842 4084 τις
2861 4023 2941 4074 ὅτι
2968 4021 3123 4073 τοῦτο
3152 4020 3311 4080 ἀρκεῖ
3338 4017 3473 4087 πρὸς

1900 4109 2174 4178 σωτηρίαν
2222 4108 2401 4178 μόνον,
2444 4108 2537 4160 καὶ
2576 4107 2646 4159 τά
2684 4110 2748 4159 ἐκ
2787 4106 2882 4159 τοῦ
2930 4105 3047 4173 βίου
3109 4102 3471 4176 προσέθηκεν,

1895 4192 2083 4255 εἰπὼν,
2115 4193 2196 4245 ὅτι
2229 4195 2293 4246 Οἱ
2320 4193 2393 4247 τὰ
2418 4192 2609 4261 ἀγαθὰ
2637 4188 2786 4262 [251]
2818 4189 3200 4253 ποιήσαντες,
3225 4188 3311 4249 είς
3338 4184 3476 4239 ἀνά-

1895 4292 2117 4329 στασιν
2172 4273 2351 4343 ζωῆς·
2397 4278 2450 4328 οί
2492 4274 2561 4327 δὲ
2612 4275 2683 4327 τὰ
2731 4272 2934 4342 φαῦλα
2983 4270 3338 4337 πράξαντες,
3386 4270 3475 4333 εὶς

1896 4360 2239 4414 ἀνάστασιν
2292 4359 2562 4429 κρίσεως.
2606 4358 2757 4410 Ἐπεὶ
2796 4353 2889 4410 οὖν
2936 4355 3134 4425 ἔφησεν
3182 4352 3331 4423 αὐτῷ
3375 4353 3475 4423 τὴν

1896 4443 2221 4513 οἰκουμένην
2270 4443 2488 4497 ἃπασαν
2528 4442 2720 4495 δώσειν
2767 4440 2944 4508 λόγον,
2976 4438 3072 4492 κα)⁵
3107 4439 3315 4499 πάντας
3363 4435 3476 4489 ἀπὸ

1896 4528 1993 4598 τῆς
2034 4527 2217 4596 φωνῆς
2243 4525 2646 4596 ἀναστήσεσθαι
2673 4525 2774 4595 τῆς
2805 4523 2993 4589 αὑτοῦ,
3026 4524 3258 4593 πρᾶγμα
3286 4520 3473 4574 καινὸν

1897 4611 1993 4664 καὶ
2025 4610 2344 4680 παράδοξον,
2383 4610 2478 4663 καὶ
2506 4609 2584 4662 ἔτι
2615 4610 2709 4662 καὶ
2741 4607 2834 4662 νῦν
2878 4605 3275 4676 ἀπιστούμενον
3320 4603 3474 4674 παρὰ

1898 4694 2133 4759 πολλοῖς,
2164 4695 2257 4747 καὶ
2293 4695 2400 4747 τῶν
2428 4693 2723 4747 δοκούντων
2759 4690 3198 4755 πεπιστευκέναι,
3243 4691 3374 4761 μήτι
3407 4707 3473 4758 γε

1896 4777 2017 4832 τότε
2055 4778 2204 4849 παρά
2238 4777 2528 4841 Ἰουδαίοις
2559 4777 2787 4830 ἄκουσον
2829 4774 2945 4837 πῶς
2977 4773 3106 4826 αὐτὸ
3133 4772 3475 4826 κατασκευά-

1898 4861 1999 4926 ζει,
2039 4862 2201 4914 πάλιν
2246 4864 2311 4931 τῇ
2352 4860 2605 4930 ἀσθενείᾳ
2638 4858 3085 4927 συγκαταϐαίνων
3120 4857 3227 4909 τῶν
3259 4856 3473 4926 ἀκροω-

1900 4946 2098 5014 μένωνο
2143 4947 2224 4998 Οὐ
2265 4945 2525 5014 δύναμαι
2562 4944 2675 5012 ἐγὼ
2718 4942 2910 4995 ποιεῖν
2951 4942 3051 4995 ἀπ’
3082 4939 3340 5008 ἐμαυτοῦ
3373 4942 3473 4992 ού-

1896 5028 2022 5082 δέν.
2065 5028 2269 5094 Καθὼς
2317 5029 2542 5094 ἀκούω,
2588 5027 2787 5095 κρίνω,
2830 5026 2926 5078 καὶ
2974 5027 3012 5093 ὴ
3048 5025 3247 5091 κρίσις
3286 5024 3322 5090 ﬂ
3358 5022 3471 5091 ἐμὴ

1896 5112 2099 5165 δικαία
2143 5111 2338 5176 ἐστὶν,
2382 5111 2473 5164 ὅτι
2514 5112 2585 5164 οὐ
2619 5108 2765 5175 ζητῶ
2812 5108 2878 5161 τὸ
2918 5106 3147 5174 θέλημα
3188 5106 3253 5159 τὸ
3303 5105 3469 5174 ἐμὸν,

1895 5194 2057 5249 ἀνιλά
2102 5195 2169 5248 τὸ
2222 5193 2448 5264 θέλημα
2494 5194 2601 5249 τοῦ
2639 5192 2986 5262 πέμψαντός
3022 5208 3117 5260 με.
3176 5189 3364 5243 Καίτοι
3409 5188 3471 5239 οὐ

1900 5278 2103 5351 μικρὰν
2135 5280 2271 5342 τέως
2299 5277 2647 5339 ἀναστάσεως
2674 5272 2742 5347 ἦν
2775 5274 3019 5337 δεδωκὼς
3054 5273 3347 5340 ἀπόδειξιν,
3378 5271 3472 5324 τὸν

1897 5362 2209 5432 παράλυτον
2277 5361 2526 5431 σφίγξας.
2578 5361 2778 5431 Διόπερ
2830 5359 2950 5413 ούδέ
3008 5360 3272 5436 πρότερον
3345 5357 3472 5427 περὶ

1896 5447 2244 5508 ἀναστάσεως
2289 5446 2565 5515 διελέχθη,
2601 5444 2708 5507 ἓως
2755 5448 2929 5498 ἐκεῖνο
2978 5443 3249 5513 ἐποίησεν,
3296 5440 3325 5493 δ
3372 5441 3471 5508 τῆς

1896 5532 2245 5592 ἀναστάσεως
2275 5530 2335 5581 οὐ
2368 5528 2569 5599 σφόδρα
2593 5528 2819 5581 ἀποδέον
2838 5525 2927 5598 ἦν.
2955 5528 3063 5579 Καὶ
3089 5527 3188 5595 τὴν
3214 5523 3395 5595 κρίσιν
3413 5522 3473 5576 δέ

1895 5615 2115 5685 ⁴ᾐνίξατο
2143 5614 2282 5678 τότε,
2314 5611 2452 5681 μετά
2485 5611 2582 5678 τὴν
2610 5610 2704 5664 τοῦ
2736 5610 2984 5681 σώματος
3027 5607 3239 5676 σφίγξιν
3277 5605 3469 5671 εἰπὼν,

1899 5700 2010 5752 Ἴδε
2027 5698 2197 5767 ὑγιὴς
2215 5697 2482 5767 γέγονας⁸
2498 5695 2707 5762 μηκέτι
2723 5695 3039 5765 ἁμάρτανε,
3057 5695 3156 5746 ἵνα
3168 5692 3253 5761 μὴ
3271 5690 3475 5761 χεῖρόν

1897 5785 1954 5836 τί
1991 5797 2090 5836 σοι
2122 5783 2397 5852 γένηταν
2429 5780 2544 5833 ἀλλ’
2583 5781 2733 5849 ὅμως
2769 5780 2863 5833 καὶ
2902 5778 2997 5849 τὴν
3038 5776 3287 5848 Λαζάρου
3330 5791 3471 5846 προ-

1897 5871 2191 5937 αναφωνεῖ,
2238 5869 2332 5921 καὶ
2362 5866 2459 5937 τὴν
2487 5866 2581 5936 τῆς
2615 5866 2954 5936 οἰκουμένης.
2994 5863 3102 5917 Καὶ
3152 5861 3336 5932 ἐπειδὴ
3378 5860 3471 5913 δύο

1896 5952 2100 6014 ταύτας
2124 5951 2451 6013 ἀναστάσεις
2481 5953 2729 6020 προεῖπε,
2752 5951 2849 6020 τήν
2879 5967 2935 6002 τε
2963 5949 3054 6002 τοῦ
3096 5948 3347 6021 Λαζάρου
3371 5950 3472 6021 τὴν

1966 6080 1990 6107 ο
2018 6066 2222 6127 Quidam
2250 6068 2348 6118 οὐδ’
2392 6066 2666 6131 ἐπάγουσιν.
