4100 6364
259 457 440 527 tingat.
476 454 725 507 Attamen
753 461 807 506 et
845 448 1030 505 Lazari
1068 458 1124 503 ct
1163 449 1307 503 orbis
1351 458 1608 509 terrarum
1640 465 1823 503 resur-

258 548 550 602 rectionem
581 542 840 614 praedicit.
870 540 937 595 Et
963 540 1085 610 quia
1118 540 1277 595 hasce
1306 539 1438 596 duas
1481 543 1830 594 resurrectio-

260 658 356 696 nes
387 639 638 711 praedixit
663 679 677 703 ,
709 637 892 692 Lazari
917 652 1036 706 qum
1065 650 1186 689 mox
1234 634 1405 688 futura
1433 643 1547 689 erat
1566 675 1581 699 ,
1608 644 1657 687 et
1686 634 1830 687 orbis

253 745 518 788 terrarum
534 730 625 784 diu
655 739 836 798 postea
864 727 1094 782 futuram
1121 744 1135 791 ;
1165 725 1348 780 Lazari
1377 725 1824 780 resurrectionem

250 840 350 893 per
369 821 714 892 paralyticum
743 819 956 882 indicat,
980 817 1367 886 quamprimum
1398 816 1645 877 futuram,
1684 813 1828 867 Venit

250 918 379 969 hora
400 925 448 968 et
468 930 601 967 nunc
622 921 734 977 est;
762 911 1113 965 universzilem
1143 916 1320 961 autem
1341 922 1404 960 cx
1438 907 1619 959 Lazari
1652 921 1828 959 resur-

250 1010 517 1074 rectione,
539 1022 634 1075 per
650 1022 711 1060 ea
738 1020 855 1074 qua:
883 1002 1019 1056 facta
1046 1001 1274 1065 fuerant,
1293 999 1526 1053 nondum
1557 1009 1704 1068 gesta
1728 998 1827 1051 sub

246 1104 436 1157 oculos
461 1101 750 1156 adducens.
768 1097 918 1164 Quod
942 1097 1111 1165 ipsum
1140 1094 1329 1163 ubique
1356 1092 1531 1148 facere
1553 1091 1821 1146 videmus:

240 1194 375 1249 dum
416 1193 552 1247 duas
576 1190 660 1245 vel
693 1200 801 1243 tres
829 1187 1201 1257 prtedictiones
1242 1183 1521 1254 pr0ponit,
1551 1192 1608 1237 et
1650 1181 1825 1234 futura

241 1301 308 1339 ex
338 1283 502 1353 gestis
528 1279 801 1335 credibilia
834 1276 1028 1332 reddit.

314 1397 368 1451 ι.
402 1397 650 1449 Attamen
681 1391 764 1446 his
790 1390 945 1445 dictis
970 1398 1128 1459 atque
1164 1387 1327 1458 gestis
1347 1428 1363 1452 ,
1392 1387 1515 1456 quia
1543 1385 1620 1439 illi
1650 1385 1822 1439 imbe-

239 1489 519 1545 cilliores‘
583 1494 766 1547 erant,
831 1483 945 1537 haec
988 1497 1091 1535 non
1134 1480 1262 1534 satis
1308 1478 1524 1542 habuit,
1565 1476 1658 1531 sed
1704 1476 1824 1529 aliis

240 1594 455 1649 qtloque
478 1578 651 1631 allatis
675 1577 885 1630 illorum
907 1572 1247 1643 pertinaciam
1270 1572 1291 1601 ²
1312 1571 1570 1638 reprimit,
1599 1569 1817 1622 dicens:

244 1670 365 1724 Non
394 1685 599 1739 possunt
629 1684 660 1719 a
686 1668 875 1732 meipso
913 1669 1077 1735 facere
1114 1663 1408 1733 quidquam.
1456 1660 1599 1715 Sicut
1634 1659 1818 1724 audio,

240 1763 433 1835 judico,
466 1770 512 1814 et
546 1760 795 1829 judicium
836 1774 996 1812 meum
1014 1757 1208 1825 justum
1246 1763 1340 1814 est,
1370 1756 1487 1821 quia
1516 1768 1613 1805 non
1652 1768 1822 1821 quwro

240 1854 546 1907 voluntatem
588 1868 783 1915 meam,
824 1852 911 1904 sed
940 1850 1244 1905 voluntatem
1277 1848 1384 1920 ejus
1422 1846 1507 1917 qui
1545 1846 1676 1897 misit
1722 1860 1818 1897 me.

241 1944 371 2010 Quia
398 1944 542 1998 enim
570 1945 743 1997 aliena
768 1934 1087 2011 quzedam'et
1129 1955 1157 1993 a
1202 1940 1474 2009 prophetis
1504 1938 1708 1992 diversa
1734 1935 1820 1988 di-

239 2050 361 2090 cere
389 2034 669 2089 videbatur
709 2034 824 2103 (illi
865 2034 1057 2102 quippe
1086 2032 1332 2085 dicebant
1374 2031 1537 2085 Deum
1577 2044 1694 2084 esse
1731 2028 1817 2098 qui

239 2127 436 2196 iudicat
462 2138 657 2182 terram
684 2142 918 2190 omnem,
948 2125 1049 2179 huc
1074 2133 1174 2186 est,
1203 2139 1368 2193 genus
1408 2123 1712 2176 lmmanum.
1754 2123 1819 2176 Et

241 2218 340 2273 hoc
369 2220 531 2273 David
563 2219 757 2288 ubique
786 2217 1054 2286 prtedicat,
1082 2216 1337 2269 Judicabit
1362 2221 1572 2284 populos
1592 2217 1644 2268 in
1662 2217 1818 2285 tequi-

238 2322 339 2365 tate
363 2310 381 2384 [
403 2310 547 2364 Psal.
577 2313 669 2366 95.
701 2310 785 2382 10]
811 2327 825 2375 ;
854 2318 910 2365 et
932 2350 948 2374 ,
978 2308 1112 2362 Deus
1147 2310 1309 2379 judea:
1338 2310 1507 2377 justus
1526 2349 1543 2373 ,
1584 2309 1728 2377 fortis
1770 2318 1817 2362 et

239 2404 431 2471 patiens
463 2401 640 2475 [PsaL
675 2403 725 2455 7.
764 2400 898 2472 l2];
945 2399 1295 2467 similiterque
1328 2413 1515 2451 omnes
1544 2397 1816 2467 propheta:

235 2505 289 2548 et
317 2495 524 2565 bloy~es
559 2512 571 2548 :
602 2494 842 2548 Christus
871 2508 995 2547 vero
1023 2492 1251 2555 dicebat,
1284 2489 1441 2543 Pater
1465 2490 1709 2543 nentinem
1725 2490 1816 2559 ju-

236 2588 405 2645 dicat.
432 2587 519 2640 sed
537 2588 786 2656 judicium
815 2586 950 2639 dedit
985 2584 1155 2648 Filio;
1196 2584 1323 2636 illud
1365 2598 1491 2636 vero
1520 2581 1813 2635 auditorem

236 2679 476 2734 Judaeum
533 2680 745 2733 turbare
794 2687 1036 2747 poterat,
1102 2676 1460 2744 inducereque
1521 2683 1575 2727 ut
1631 2671 1811 2727 Iesum

240 2775 347 2825 Deo
372 2764 734 2825 adversarium
773 2768 1170 2838 suspicaretur)
1202 2784 1219 2821 :
1262 2766 1346 2820 hic
1370 2764 1654 2819 admodum
1693 2778 1814 2819 sese

233 2863 471 2925 dimittit,
494 2870 748 2931 quantum
772 2860 975 2914 scilicet
1002 2857 1335 2913 imbecillitas
1374 2870 1557 2910 eorum
1583 2853 1813 2923 postula-

237 2953 345 3019 bat,
378 2964 436 3006 ut
462 2953 813 3021 perniciosam
846 2951 981 3005 hanc
1007 2950 1361 3019 susliicionem
1392 2947 1638 3002 radicitus
1663 2946 1810 3001 avel—

235 3045 389 3109 leret,
417 3045 594 3114 aitque
613 3084 629 3107 ,
670 3042 781 3113 Ego
808 3059 907 3095 non
938 3058 1143 3110 possunt
1183 3058 1214 3093 a
1244 3040 1432 3108 meipso
1473 3040 1638 3107 facere
1665 3038 1813 3108 quid-

232 3152 418 3203 quam;
447 3135 495 3187 id
528 3143 610 3188 est
633 3175 647 3199 ,
680 3132 821 3187 Nihil
850 3132 1077 3186 alienum
1098 3172 1114 3197 ,
1143 3131 1409 3185 diversum
1428 3170 1444 3195 ,
1485 3127 1625 3198 quod
1656 3127 1812 3182 Pater

233 3226 388 3290 nolit,
428 3240 460 3279 a
486 3240 573 3279 me
597 3223 791 3278 factum
818 3222 1063 3277 videbitis
1085 3264 1099 3288 ,
1132 3223 1214 3275 vel
1244 3221 1441 3275 dictum
1468 3220 1713 3273 audietis.
1745 3218 1811 3272 Et

229 3333 349 3369 cum
378 3316 525 3386 prius
549 3314 760 3378 dixerit,
789 3312 955 3367 Filius
980 3312 1213 3365 hominis
1242 3322 1319 3365 est
1345 3352 1359 3376 ,
1404 3311 1525 3381 quia
1569 3310 1640 3363 illi
1686 3324 1808 3363 eum

230 3422 422 3476 purum
450 3406 716 3459 hominem
745 3418 862 3458 esse
890 3402 1299 3466 arbitrabantur,
1333 3402 1451 3455 ideo
1479 3401 1567 3454 illa
1593 3398 1805 3467 adjecit.

231 3499 298 3555 lit
326 3514 458 3567 ergo
486 3513 647 3567 supra
671 3511 793 3551 cum
826 3495 1060 3561 diceret,
1106 3495 1254 3558 Quod
1291 3495 1604 3557 audivimus,
1650 3492 1809 3562 loqui-

227 3608 365 3655 mur,
397 3589 603 3659 etquod
630 3589 865 3651 vidimus,
899 3598 1173 3649 testamur;
1201 3596 1255 3641 et
1285 3585 1536 3650 Joannes,
1569 3585 1716 3651 Quod
1737 3584 1809 3637 vi-

226 3685 333 3748 dit,
364 3692 591 3747 testatur,
619 3692 664 3735 et
692 3681 1024 3734 testimonium
1048 3681 1158 3749 ejus
1178 3695 1321 3732 nemo
1341 3678 1555 3755 accipit;
1576 3678 1643 3732 de
1664 3685 1806 3730 certa

226 3776 461 3846 loquitur
486 3775 787 3844 cognitione
816 3772 883 3827 ad
915 3783 1230 3841 utrumque,
1264 3786 1368 3823 non
1399 3784 1523 3823 vero
1553 3767 1807 3837 simplicis

228 3879 309 3925 ter
333 3870 400 3923 de
427 3867 610 3922 auditu
639 3865 784 3921 etde
810 3866 926 3919 visu
954 3882 967 3917 :
998 3866 1066 3918 ita
1096 3872 1150 3919 et
1174 3862 1259 3917 hic
1288 3878 1383 3933 per
1412 3861 1648 3938 auditum
1676 3859 1806 3914 nihil

222 3962 366 4016 aliud
391 3961 671 4030 signiﬁcat,
700 3974 858 4029 quam
887 3973 990 4013 non
1020 3971 1176 4027 posse
1204 3971 1262 4011 se
1291 3954 1433 4009 aliud
1462 3954 1618 4020 velle,
1648 3969 1805 4022 quam

222 4053 365 4123 quod
395 4053 507 4105 vult
546 4050 723 4103 Pater.
764 4048 871 4103 Sed
901 4047 952 4101 id
994 4061 1098 4101 non
1141 4047 1210 4099 ita
1251 4045 1393 4100 clare
1432 4044 1564 4099 dixit
1603 4043 1808 4114 (neque

220 4145 365 4199 enim
399 4142 538 4196 ferre
569 4141 861 4210 potuissent
888 4138 930 4193 si
959 4145 1141 4206 aperte
1164 4136 1459 4206 dixisset);
1490 4151 1674 4191 verum
1702 4150 1807 4204 quo

221 4234 418 4306 pacto?
451 4233 748 4288 Admodum
783 4231 1015 4287 demisso
1057 4240 1111 4286 et
1151 4229 1384 4284 humano
1425 4244 1573 4283 more
1612 4246 1624 4282 :
1665 4227 1807 4283 Sicut

220 4326 399 4388 audio,
418 4324 623 4394 judico.
655 4322 769 4377 Non
795 4322 862 4378 de
882 4322 1120 4377 doctrina
1141 4320 1227 4375 hic
1248 4322 1451 4389 agitur;
1476 4335 1645 4389 neque
1665 4320 1804 4373 enim

220 4417 386 4482 dicit,
435 4415 584 4471 Sicut
606 4414 830 4481 doceor,
859 4413 952 4469 sed
972 4453 988 4478 ,
1018 4412 1164 4468 Sicut
1191 4412 1344 4465 audio
1373 4426 1393 4464 :
1424 4424 1526 4464 non
1554 4408 1692 4478 quod
1721 4424 1807 4463 au-

223 4509 339 4563 ditu
370 4516 527 4578 egeat
554 4526 568 4562 :
599 4523 705 4562 non
733 4507 893 4561 modo
919 4520 1024 4560 non
1068 4504 1312 4559 doctrina
1334 4544 1349 4568 ,
1378 4503 1469 4559 sed
1516 4518 1583 4557 ne
1626 4502 1806 4556 auditu

223 4603 441 4671 quidem
469 4600 773 4671 indigebat;
802 4600 895 4654 sed
922 4598 1260 4653 concordiam
1301 4597 1531 4662 indicat,
1573 4606 1628 4650 et
1667 4595 1804 4649 idem

225 4694 397 4761 ipsum
424 4691 718 4761 judicium,
749 4705 811 4744 ac
840 4691 883 4743 si
912 4689 1113 4743 diceret
1142 4704 1155 4738 :
1188 4687 1259 4740 Ita
1286 4687 1466 4756 judico
1491 4701 1553 4739 ac
1580 4686 1622 4738 si
1650 4685 1808 4739 Pater

227 4787 339 4855 ipse
362 4783 647 4855 iudicaret.
679 4785 868 4837 Postea
897 4781 1077 4850 adjicit
1110 4798 1123 4834 :
1157 4778 1221 4832 Et
1252 4780 1364 4832 novi
1391 4778 1525 4848 quod
1551 4778 1805 4847 judicium

227 4894 391 4930 meum
407 4877 608 4945 justum
634 4884 735 4941 est,
775 4875 894 4944 quia
938 4890 1037 4925 non
1075 4887 1243 4942 quaero
1272 4871 1571 4924 voluntatem
1609 4886 1803 4934 meam,

224 4968 313 5021 sed
338 4966 646 5021 voluntatem
674 4965 780 5035 ejus
808 4964 892 5034 qui
927 4964 1058 5016 misit
1090 4979 1183 5015 me.
1217 4961 1350 5028 Quid
1379 4961 1542 5015 dicis?
1574 4959 1805 5014 habcsne

225 5061 453 5113 alteram
480 5072 639 5128 quam
664 5055 824 5111 Pater
851 5053 1214 5109 voluntatem?
1248 5052 1403 5119 Atqui
1431 5051 1551 5105 alibi
1579 5050 1755 5104 dixisti
1791 5068 1803 5104 :

226 5152 372 5205 Sicut
411 5165 502 5219 ego
529 5158 576 5202 et
604 5159 658 5199 tu
683 5163 839 5200 unum
866 5163 1074 5208 sumus;
1103 5154 1156 5198 et
1184 5159 1411 5205 rursum,
1443 5142 1510 5196 de
1536 5143 1806 5196 voluntate

224 5252 278 5295 et
306 5238 592 5294 concordia
621 5237 841 5306 loquens
871 5253 884 5287 :
914 5234 995 5288 Da
1019 5236 1089 5287 eis
1118 5244 1171 5286 ut
1201 5243 1246 5285 et
1273 5233 1370 5301 ipsi
1394 5232 1446 5284 in
1485 5231 1624 5283 nobis
1652 5248 1806 5284 unum

220 5333 353 5390 sint,
402 5329 507 5383 hoc
548 5337 663 5391 est,
710 5326 761 5380 in
807 5325 911 5379 ﬁde
948 5335 1148 5378 nostra.
1183 5320 1363 5376 Viden’
1402 5337 1463 5375 ea
1492 5336 1611 5386 qua:
1639 5321 1806 5388 magis

223 5420 443 5474 humilia
464 5418 734 5483 videntur,
758 5416 1039 5472 sublimem
1064 5428 1277 5468 sensum
1298 5412 1563 5467 occultum
1587 5410 1803 5465 habere?

220 5511 374 5579 Quod
405 5525 538 5580 ergo
564 5508 893 5575 subindicat,
927 5506 1028 5561 hoc
1056 5515 1138 5560 est
1180 5523 1194 5559 :
1236 5502 1470 5558 ostendit
1506 5517 1611 5555 non
1649 5501 1804 5554 aliam

220 5618 342 5657 esse
371 5601 549 5657 Patris
574 5600 899 5654 voluntatem
921 5640 934 5659 .
962 5613 1118 5665 quam
1146 5610 1331 5660 suam;
1362 5593 1455 5648 sed
1488 5591 1583 5659 Ita,
1615 5590 1804 5662 inquit,

284 5715 302 5745 ι
340 5711 512 5774 ator-el.
534 5710 673 5774 legit,
697 5711 977 5774 crassiores.

281 5777 305 5806 '
337 5770 478 5825 Idem
502 5768 669 5833 hab'et,
692 5771 1035 5835 impudentimn
1056 5808 1068 5832 ,
1094 5782 1198 5834 pro,
1225 5768 1552 5833 pertinaciam.

1178 335 1242 391 IN
1279 335 1591 413 JOANNEM
1630 336 1853 393 liOMlL.
1899 336 2140 393 XXXIX.
2181 340 2250 394 al.
2292 340 2577 421 XXXVI“.

3404 350 3513 406 9'26

1941 467 2041 505 una
2072 461 2153 506 cst
2184 468 2298 507 mea
2326 462 2381 508 et
2410 453 2600 515 Patris,
2639 464 2696 509 ut
2737 455 2891 511 unius
2923 458 3081 511 animi
3124 460 3365 517 voluntas
3405 480 3507 518 una

1938 550 2037 594 est.
2064 540 2172 595 Nec
2201 542 2407 596 mireris
2435 543 2481 597 si
2509 553 2701 597 tantam
2739 544 2876 599 dicat
2902 549 3343 615 conjunctimlem.
3378 553 3511 609 bram

1936 622 2003 685 de
2031 631 2218 700 spiritu
2256 648 2463 702 quoque
2499 633 2685 688 eodem
2728 637 2917 691 Paulus
2955 642 3198 708 exemplo
3237 643 3399 697 utitur
3426 646 3509 700 di-

1935 737 2063 777 cens
2094 740 2105 775 :
2143 723 2268 790 Quis
2293 725 2385 777 scit
2414 725 2668 779 hominum
2698 743 2810 795 qum
2837 740 2952 782 sunt
2991 731 3203 786 hominis
3222 774 3238 800 ,
3280 736 3377 788 nisi
3401 738 3509 805 spi-

1932 814 2058 865 ritus
2085 814 2299 868 hominis
2324 815 2408 884 qui
2433 817 2483 868 in
2511 817 2619 885 ipso
2645 820 2757 872 est?
2783 819 2867 871 Ita
2892 830 2939 874 et
2966 839 3076 886 qua:
3105 822 3194 876 Dei
3222 836 3337 879 sunt
3365 845 3510 883 nemo

1933 905 2087 966 novit,
2115 905 2210 957 nisi
2234 905 2455 973 Spiritus
2476 906 2571 960 Dei
2596 908 2669 975 (1.
2695 908 2811 964 Cor.
2839 911 2892 963 2.
2926 913 3033 976 Η).
3058 913 3196 968 Nihil
3220 931 3345 986 ergo
3365 919 3506 973 aliud

1931 1009 2088 1062 quam
2118 994 2216 1048 hoc
2241 996 2370 1050 dicit
2401 1015 2414 1050 :
2450 997 2560 1051 Non
2602 1009 2679 1052 est
2721 1001 2846 1053 mihi
2890 1003 3131 1057 voluntas
3168 1006 3268 1060 alia
3298 1018 3350 1061 et
3379 1023 3506 1079 pro-

1932 1084 2042 1151 pria
2072 1100 2230 1152 quam
2259 1102 2377 1154 qua:
2403 1087 2575 1142 Patris
2598 1097 2679 1142 est
2709 1106 2722 1142 :
2750 1090 2843 1143 sed
2874 1092 2915 1143 si
2947 1094 3068 1159 quid
3108 1095 3194 1149 ille
3226 1097 3363 1161 vult,
3405 1098 3507 1155 hoc

1929 1182 1984 1226 et
2006 1187 2105 1241 ego
2126 1175 2273 1238 volo;
2296 1185 2351 1229 et
2369 1176 2411 1229 si
2438 1176 2559 1245 quid
2585 1192 2704 1246 ego,
2728 1178 2828 1233 hoc
2851 1190 2905 1232 et
2924 1180 3027 1233 ille.
3052 1181 3505 1248 Quemadmodum

1929 1279 2057 1334 ergo
2082 1264 2294 1320 Patrem
2325 1282 2481 1321 nemo
2509 1268 2861 1337 reprehendet
2895 1270 3253 1340 judicantem,
3294 1276 3364 1330 ita
3405 1294 3506 1333 nec

1930 1368 2017 1409 me
2044 1372 2058 1407 :
2090 1371 2156 1409 ex
2186 1356 2370 1411 eadem
2397 1357 2591 1426 quippe
2617 1361 2875 1414 sententia
2903 1371 3122 1433 uterque
3149 1366 3380 1421 calculus
3402 1368 3507 1423 fer-

1929 1452 2032 1499 tur.
2065 1444 2215 1513 Quod
2243 1446 2287 1499 si
2319 1446 2431 1501 hazc
2456 1448 2542 1502 ille
2571 1450 2800 1505 lmmano
2840 1467 2988 1507 more
3017 1455 3276 1524 loquatur,
3307 1473 3374 1512 ne
3401 1461 3501 1513 mi-

1927 1536 2062 1589 reris
2108 1555 2122 1592 :
2170 1552 2290 1590 nam
2336 1537 2481 1592 illum
2527 1537 2794 1594 hominem
2837 1557 3024 1611 purum
3070 1559 3189 1599 esse
3229 1547 3500 1614 putabant.

1926 1626 2279 1692 Quamobrem
2302 1629 2352 1681 in
2375 1629 2637 1683 similibus
2657 1642 2866 1700 Oportet
2895 1648 2996 1685 non
3023 1633 3160 1689 dicta
3187 1637 3378 1701 solum,
3409 1638 3502 1692 sed

1925 1726 1979 1771 et
2008 1720 2277 1772 hominum
2307 1719 2610 1790 opinionem
2639 1723 2988 1791 perpendere,
3021 1734 3071 1777 et
3102 1727 3501 1795 responsionem

1923 1812 2071 1880 quasi
2115 1812 2403 1866 secundum
2453 1814 2592 1867 illam
2630 1815 2934 1882 Opinionem
2980 1816 3154 1871 datam
3206 1820 3446 1890 accipere
3485 1840 3497 1874 :

1922 1904 2154 1972 alioquin
2186 1905 2347 1958 multa
2374 1915 2726 1974 sequerentur
2749 1906 2998 1961 absurda.

1994 1992 2060 2046 In
2109 1993 2306 2048 Christo
2346 1997 2461 2049 duae
2488 1995 2766 2051 voluntates
2787 2039 2801 2061 ,
2854 1999 3125 2066 quomodo.
3149 2030 3221 2040 —
3243 2004 3499 2057 Animad-

1921 2095 2071 2141 verte
2094 2127 2109 2151 ,
2141 2101 2358 2154 quaeso;
2388 2086 2561 2151 dixit,
2596 2085 2717 2140 Non
2762 2103 2933 2158 qutero
2969 2087 3278 2143 voluntatem
3307 2110 3491 2148 meam.

1921 2179 2061 2248 Ergo
2091 2178 2190 2231 alia
2221 2186 2302 2230 est
2344 2176 2459 2245 ejus
2488 2177 2733 2231 voluntas
2757 2217 2771 2241 ,
2822 2188 2877 2232 et
2906 2179 3063 2249 longe
3102 2179 3358 2246 inferior;
3403 2199 3498 2237 nec

1920 2269 2079 2324 modo
2110 2266 2345 2338 inferior,
2378 2267 2473 2327 sed
2504 2269 2665 2322 etiam
2698 2284 2804 2323 non
2835 2279 2938 2324 tam
2968 2273 3132 2325 utilis.
3161 2272 3292 2327 Nam
3336 2275 3378 2326 si
3407 2289 3494 2328 sa-

1918 2362 2101 2416 lutaris
2133 2372 2307 2430 esset,
2331 2372 2384 2418 et
2409 2364 2451 2418 si
2478 2371 2797 2419 consonaret
2823 2377 2942 2415 cum
2975 2366 3249 2420 voluntate
3288 2366 3458 2421 Patris
3478 2410 3490 2430 ,

1917 2470 2012 2508 cur
2030 2455 2172 2508 illam
2195 2472 2298 2509 non
2318 2456 2551 2525 quaeris?
2575 2456 2827 2512 Homines
2843 2455 3038 2528 quippe
3060 2457 3175 2524 jure
3199 2458 3297 2512 hoc
3322 2460 3493 2528 ipsum

1918 2548 2166 2612 dixerint,
2197 2558 2252 2601 ut
2278 2549 2365 2619 qui
2389 2550 2584 2605 multas
2612 2551 2840 2606 habeant
2864 2555 3159 2606 voluntates
3187 2562 3375 2618 praeter
3402 2552 3492 2605 Dei

1916 2638 2185 2707 placitum.
2216 2638 2293 2693 Tu
2322 2654 2449 2693 vero
2478 2654 2579 2708 qua
2607 2640 2674 2695 de
2698 2657 2854 2695 causa
2891 2642 2968 2696 sic
2997 2644 3246 2711 loqueris,
3279 2642 3366 2713 qui
3401 2658 3492 2713 per

1916 2730 2093 2783 omnia
2141 2730 2281 2783 Patri
2325 2730 2515 2784 similis
2564 2732 2667 2785 es?
2721 2732 2831 2786 Hoc
2877 2734 3018 2787 enim
3074 2735 3294 2789 verbum
3334 2753 3490 2789 nemo

1915 2818 2110 2876 dixerit
2137 2835 2257 2875 esse
2308 2821 2406 2875 viri
2442 2821 2707 2887 accurati,
2736 2830 2789 2876 et
2828 2824 2917 2892 qui
2960 2824 3243 2880 cruciﬁxus
3295 2826 3382 2879 sit.
3434 2828 3488 2882 Si

1914 2928 2143 2983 namque
2171 2913 2365 2967 Paulus
2391 2915 2461 2967 ita
2501 2928 2559 2968 se
2581 2915 2835 2969 voluntati
2867 2916 2959 2971 Dei
2985 2919 3211 2987 copulat,
3244 2930 3299 2972 ut
3327 2920 3487 2987 dicat,

1921 3003 2044 3058 Vivo
2071 3015 2237 3059 autem
2275 3007 2389 3075 jam
2426 3022 2526 3059 non
2549 3023 2659 3076 ego,
2713 3008 2828 3060 vivit
2871 3023 2984 3061 vero
3036 3009 3088 3060 in
3140 3025 3218 3062 me
3264 3009 3489 3065 Christus

1912 3093 2056 3163 (Gal.
2094 3094 2150 3148 2.
2196 3094 2312 3166 20),
2339 3096 2612 3164 quomodo
2654 3097 2891 3150 onmium
2952 3098 3205 3152 Dominus
3258 3099 3486 3164 dixerit,

1913 3184 2037 3239 Non
2072 3200 2242 3254 quwro
2287 3187 2593 3239 voluntatem
2627 3203 2807 3251 meant,
2835 3187 2923 3240 sed
2962 3189 3072 3257 ejus
3099 3189 3185 3257 qui
3212 3190 3346 3243 misit
3389 3207 3485 3253 me,

1910 3291 1974 3331 ac
1992 3278 2037 3332 si
2058 3279 2158 3331 alia
2183 3278 2272 3331 sit.
2291 3277 2427 3345 Quid
2449 3292 2578 3347 ergo
2597 3278 2698 3332 sibi
2720 3278 2864 3332 vult?
2880 3279 3037 3345 Quasi
3056 3279 3217 3333 homo
3236 3281 3484 3350 loquitur,

1911 3378 1965 3421 et
1989 3367 2276 3421 secundum
2306 3367 2611 3421 auditorum
2636 3367 2965 3436 opinionem.
2988 3370 3118 3423 Cum
3149 3373 3290 3424 enim
3329 3388 3487 3440 supc-

1912 3460 2021 3511 rius
2049 3459 2150 3511 alia
2180 3468 2237 3512 ut
2264 3457 2421 3521 Deus,
2451 3458 2554 3513 alia
2585 3468 2640 3512 ut
2666 3458 2827 3512 homo
2846 3458 3042 3513 dixisse
3070 3459 3484 3525 demonstretur,

1911 3563 2093 3605 rursus
2141 3558 2199 3602 ut
2249 3548 2410 3604 homo
2450 3549 2562 3603 huic
2589 3546 2790 3618 profert
2829 3557 2883 3602 et
2908 3549 3000 3614 ait,
3028 3549 3288 3602 Iudicium
3326 3567 3489 3605 meum

1901 3646 2099 3713 justum
2144 3654 2232 3695 est.
2264 3642 2329 3695 Et
2356 3641 2497 3695 unde
2524 3640 2625 3695 hoc
2654 3641 2860 3710 liquet?
2890 3640 3023 3706 Quia
3057 3656 3155 3694 non
3202 3658 3371 3711 quer
3399 3661 3488 3696 vo-

1912 3736 2155 3788 luntatem
2180 3749 2342 3786 meam
2360 3770 2375 3799 ,
2402 3732 2491 3786 sed
2514 3732 2823 3786 voluntatem
2861 3732 2969 3799 ejus
2997 3731 3082 3801 qui
3110 3732 3245 3789 misit
3273 3749 3369 3785 me.
3399 3733 3455 3788 Si
3472 3763 3488 3774 -

1911 3835 2003 3881 cut
2029 3826 2171 3881 enim
2204 3827 2383 3888 homo,
2413 3822 2504 3894 qui
2529 3824 2595 3879 ab
2631 3821 2822 3877 affectu
2850 3822 2985 3876 liber
3012 3830 3128 3889 est,
3168 3838 3274 3878 non
3305 3832 3484 3892 potest

1904 3918 2050 3989 juste
2078 3916 2315 3971 accusari
2356 3914 2499 3985 quod
2546 3925 2741 3984 printer
2766 3914 2844 3969 fas
2876 3913 3192 3984 judicaverit
3224 3931 3239 3969 :
3269 3918 3348 3969 sic
3393 3932 3492 3971 nec

1911 4026 1996 4065 me
2015 4010 2127 4079 jam
2155 4008 2395 4079 poteritis
2417 4007 2834 4078 reprehendere.
2857 4006 2990 4062 Nam
3011 4007 3101 4078 qui
3126 4008 3238 4062 vult
3262 4023 3354 4061 sua
3382 4017 3491 4063 sta-

1910 4100 2095 4167 bilire,
2121 4099 2241 4169 jure
2265 4098 2511 4154 fortassis
2539 4099 2593 4154 in
2618 4099 2974 4167 suspicionem
3001 4099 3195 4159 veniat.
3223 4100 3361 4169 quod
3393 4102 3490 4155 bac

1910 4193 1977 4246 de
2004 4206 2161 4245 causa
2188 4191 2448 4260 justitiam
2501 4190 2948 4261 pessumdederit.
2981 4192 3081 4259 Qui
3105 4208 3232 4246 vero
3259 4209 3351 4245 sua
3384 4209 3487 4245 non

1910 4284 2141 4353 respicit,
2174 4298 2277 4353 qua
2299 4283 2365 4337 de
2393 4298 2553 4336 causa
2586 4297 2692 4336 non
2719 4282 2863 4351 juste
2889 4283 3150 4337 calculum
3176 4284 3347 4337 ferat?
3378 4283 3489 4338 Hoc

1911 4376 2086 4443 itaque
2111 4374 2389 4427 ratiocinio
2414 4388 2533 4442 qua:
2558 4372 2624 4426 ad
2655 4388 2741 4427 me
2766 4380 3009 4442 spectant
3032 4373 3329 4441 explorate.
3355 4372 3487 4427 Nam

1910 4468 1953 4520 si
1980 4466 2213 4520 dicerem
2240 4479 2326 4519 me
2353 4478 2460 4517 non
2488 4478 2518 4515 a
2544 4463 2703 4518 Patre
2730 4464 2951 4517 missum
2977 4477 3097 4518 esse
3120 4504 3134 4526 ,
3182 4477 3282 4517 nec
3309 4472 3491 4533 gesto-

1911 4574 2027 4613 rum
2068 4557 2290 4628 gloriam
2335 4554 2402 4609 ad
2430 4555 2579 4609 illum
2628 4554 2918 4617 referrem,
2980 4563 3214 4609 vestrum
3263 4554 3489 4611 fortasse

1909 4655 2171 4725 quispiam
2198 4654 2576 4723 suspicaretur,
2606 4668 2693 4707 me
2714 4651 3095 4722 jactabundum
3127 4666 3251 4706 vera
3276 4667 3381 4705 non
3403 4652 3487 4705 di-

1909 4760 2033 4800 cere
2064 4764 2077 4801 :
2104 4745 2151 4801 si
2194 4754 2373 4799 autem
2423 4744 2579 4798 alteri
2607 4751 2663 4798 et
2692 4758 2807 4813 quae
2835 4742 2971 4799 facta
3002 4752 3123 4796 sunt
3154 4742 3348 4809 refero,
3393 4760 3489 4798 cur

1910 4839 2048 4893 dicta
2078 4837 2165 4892 illa
2209 4846 2455 4907 suspecta
2506 4836 2785 4891 habeatis?
2810 4834 2995 4890 Viden’
3034 4851 3138 4905 quo
3182 4852 3486 4891 sermonem

1910 4929 2221 4994 deduxerit,
2262 4938 2317 4984 et
2341 4930 2481 4985 unde
2501 4929 2758 4999 judicium
2788 4944 2944 4985 suum
2967 4929 3167 4999 justum
3195 4945 3315 4984 esse
3343 4946 3487 4984 assc-
3514 4993 3517 4996 ν

1912 5021 2034 5075 rat?
2061 5020 2214 5076 Unde
2240 5020 2489 5076 videlicet
2514 5021 2685 5091 quivis
2710 5036 2740 5075 e
2758 5021 2918 5091 vulgo
2942 5020 3302 5076 defensionem
3330 5035 3486 5089 para-

1913 5124 2012 5167 ret.
2037 5112 2223 5167 Viden‘
2250 5112 2389 5182 quod
2419 5128 2562 5181 saepe
2590 5113 2732 5177 dixi,
2761 5113 3030 5183 quomodo
3071 5113 3213 5168 clare
3242 5113 3485 5182 resplen-

1912 5205 2073 5257 deat?
2128 5203 2265 5272 Quid
2346 5203 2474 5257 illud
2529 5213 2610 5259 est
2675 5203 2819 5274 quod
2873 5205 3022 5259 dixi?
3082 5205 3228 5259 Illam
3284 5213 3483 5258 tantam
3534 5218 3543 5239 η’

1910 5296 2192 5349 verborum
2240 5295 2592 5349 humilitatem
2636 5309 2779 5348 sana:
2810 5296 3004 5350 mentis
3030 5294 3333 5350 hominibus
3359 5309 3485 5348 sua-
3540 5292 3541 5295 “

1900 5385 2061 5449 ⁴¹(ἰαί-(ξ,
2094 5401 2160 5440 ne
2177 5385 2318 5440 dicta
2343 5388 2519 5441 statim
2539 5386 2605 5439 ad
2632 5386 2812 5439 inﬁma
2839 5386 3157 5457 deprimant,
3187 5385 3280 5439 sed
3311 5386 3485 5454 potius

1914 5479 1966 5531 in
1999 5477 2360 5532 sublimiorem
2404 5492 2617 5531 sensum
2650 5476 2887 5542 ducant;
2918 5477 3027 5531 imo
3055 5476 3143 5545 qui
3182 5475 3292 5544 jam
3338 5474 3483 5528 humi

1913 5578 2137 5641 repunt,
2168 5569 2293 5625 hinc
2320 5570 2572 5639 paulatim
2604 5569 2671 5623 ad
2696 5570 2884 5623 altiora
2916 5567 3073 5623 facile
3094 5566 3478 5637 provehantur.

1986 5664 2198 5719 Moralis
2227 5662 2508 5717 exhortatio
2526 5663 2594 5715 ad
2615 5661 2883 5733 prudentia
2909 5660 3062 5713 simul
3086 5668 3131 5713 et
3156 5659 3481 5728 simplicitate

1915 5760 2171 5813 utendum.
2196 5757 2408 5825 Quando
2425 5757 2538 5811 aliis
2550 5765 2753 5821 peccata
2765 5770 2863 5808 non
2879 5754 2930 5807 di
2936 5748 3344 5818 mittimusatobis
3360 5745 3493 5815 ipsis
