4100 6364
591 252 643 265 ...-

531 369 640 426 ειη

526 506 623 539 non
644 482 965 540 dimittimus.
995 482 1309 538 Coudonatio
1335 480 1641 553 injuriarum
1662 520 1679 543 ,
1709 478 1952 539 charitas.
1983 475 2115 531 elec-

527 592 836 649 utosynaque
864 575 1299 631 commendantur.
1323 603 1397 616 ——
1420 573 1546 628 Hrcc
1582 571 1760 626 omnia
1785 570 2077 639 cogitantes
2100 609 2115 632 ,

523 683 729 738 qttteso,
763 683 831 724 ne
857 668 996 723 dicta
1020 676 1519 737 praetercurramus,
1548 663 1643 719 sed
1664 671 1915 717 accurate
1933 660 2116 715 omnia

526 762 867 831 exploremus
887 801 903 824 ,
931 768 986 814 et
1009 773 1227 812 causam
1253 756 1330 811 sic
1357 755 1607 825 loquendi
1634 754 1831 825 ubique
1861 752 2115 807 conside-

526 866 708 907 remus
738 869 753 905 :
782 866 954 921 neque
998 857 1245 919 putemus
1284 858 1367 902 sat
1412 846 1566 901 nobis
1611 845 1678 900 ad
1717 844 2115 900 excusationem

525 961 646 1002 esse
679 944 1035 1015 ignorantiam
1076 955 1130 997 et
1159 942 1574 1012 simplicitatem.
1605 939 1787 1011 Neque
1811 940 1953 994 enim
1988 938 2118 992 sim-

528 1040 692 1106 plices
715 1046 917 1091 tantum
943 1036 1101 1105 jussit
1122 1050 1262 1101 esse,
1288 1034 1381 1088 sed
1403 1035 1562 1087 etiam
1592 1032 1880 1101 prudentes
1902 1030 2115 1103 (Matth.

532 1131 613 1185 l0.
646 1130 775 1201 16).
802 1128 1025 1184 Utamur
1051 1143 1178 1198 ergo
1208 1127 1571 1197 simplicitate,
1605 1126 1698 1181 sed
1729 1141 1850 1181 cum
1880 1124 2117 1193 pruden-

525 1224 616 1287 tia,
654 1233 758 1276 tam
782 1222 837 1277 in
857 1221 1122 1287 doctrina,
1150 1236 1305 1291 quam
1335 1220 1387 1274 in
1415 1220 1665 1289 operibus
1692 1237 1705 1282 ;
1736 1229 1790 1273 et
1811 1219 1964 1272 nobis
1989 1219 2119 1288 ipsis

521 1316 611 1386 jus
638 1315 898 1379 dicamus,
928 1324 987 1370 ut
1010 1330 1114 1368 non
1143 1321 1268 1368 tunc
1289 1330 1408 1369 cum
1438 1313 1539 1367 hoc
1562 1313 1761 1367 mundo
1780 1311 2117 1367 damnemur.

526 1407 687 1463 Tales
718 1422 817 1461 nos
857 1422 981 1477 erga
1012 1421 1199 1461 servos
1225 1415 1438 1460 nostros
1484 1404 1835 1459 exhibeamus
1860 1446 1876 1470 ,
1905 1403 2115 1473 qualem

524 1500 775 1555 volumus
804 1514 927 1570 erga
970 1514 1067 1554 nos
1104 1513 1225 1553 esse
1255 1497 1536 1551 Dominum
1568 1506 1833 1550 nostrum.
1868 1494 2077 1548 Dimitte
2099 1534 2115 1558 ,

531 1593 723 1662 inquit,
753 1591 895 1646 nobis
921 1591 1087 1646 debita
1112 1600 1306 1657 nostra,
1335 1591 1463 1643 sicut
1506 1596 1554 1643 et
1592 1605 1684 1643 nos
1709 1588 2004 1642 dimittimus
2030 1587 2118 1641 de-

529 1687 769 1740 bitoribus
795 1687 978 1740 nostris
1007 1682 1216 1749 (Matth.
1247 1684 1297 1739 6.
1332 1682 1399 1738 12
1422 1681 1460 1753 ).
1488 1682 1611 1738 Scio
1640 1681 1853 1752 quidem
1882 1682 2116 1736 animam

529 1778 751 1847 injurias
779 1793 884 1832 non
912 1792 1064 1847 mque
1084 1777 1263 1830 animo
1293 1775 1433 1830 ferre
1459 1792 1472 1839 ;
1506 1774 1599 1828 sed
1626 1774 1669 1828 si
1696 1775 1990 1843 cogitemus
2019 1787 2119 1827 nos

529 1884 634 1923 non
667 1869 875 1924 laedenti
902 1909 917 1934 ,
950 1868 1045 1923 sed
1084 1866 1237 1922 nobis
1265 1866 1393 1935 ipsis
1437 1866 1507 1919 ita
1542 1866 1820 1921 consulere
1843 1906 1858 1931 ,
1887 1864 1995 1919 cito
2024 1865 2117 1918 iras

532 1979 795 2018 venenum
817 1963 1150 2032 abjiciemus.
1183 1960 1315 2015 Nam
1343 1960 1431 2030 qui
1457 1969 1673 2014 centum
1699 1958 1947 2013 denarios
1969 1957 2119 2012 debi-

529 2055 633 2108 tori
660 2070 767 2108 non
796 2052 1044 2119 remisit,
1083 2068 1189 2107 non
1220 2066 1535 2107 conservum
1561 2051 1697 2106 lmsit
1719 2093 1733 2117 ,
1762 2049 1855 2105 sed
1882 2050 2118 2118 seipsum

535 2155 753 2202 centum
785 2146 1014 2201 millium
1046 2145 1366 2200 talentorum
1390 2186 1407 2211 ,
1434 2160 1551 2211 quae
1591 2142 1691 2198 sibi
1723 2143 1868 2212 prius
1893 2141 2118 2197 remissa

530 2239 742 2294 fuerant
766 2280 781 2305 ,
812 2238 1113 2293 debitorem
1152 2237 1404 2292 reddidit.
1433 2236 1566 2291 Cum
1595 2249 1724 2304 ergo
1750 2234 1871 2288 aliis
1893 2249 1998 2287 non
2037 2234 2119 2288 di-

527 2332 815 2398 mittimus,
844 2331 999 2385 nobis
1026 2345 1131 2385 non
1154 2330 1495 2384 dimittimus.
1517 2327 1595 2383 Ne
1617 2342 1746 2398 ergo
1774 2336 1977 2382 tantum
2010 2326 2118 2379 Deo

534 2424 778 2481 dicamus
803 2466 819 2489 ,
846 2424 926 2479 Ne
957 2424 1266 2479 memineris
1310 2431 1527 2492 peccata
1573 2430 1787 2483 nostra;
1833 2418 1929 2473 sed
1955 2418 2116 2473 etiam

531 2517 687 2573 nobis
727 2517 863 2586 ipsis
909 2516 1099 2585 singuli
1130 2516 1373 2570 dicamus
1397 2557 1411 2577 ,
1444 2513 1520 2569 Ne
1563 2514 1961 2568 meminerimus
1990 2526 2120 2565 con-

529 2622 807 2664 servorum
840 2616 1079 2677 peccata.
1103 2606 1233 2660 Nam
1268 2615 1323 2659 tu
1355 2606 1500 2674 prior
1528 2606 1579 2659 in
1612 2614 1663 2659 te
1686 2604 1943 2672 justitiam
1965 2619 2118 2658 exer-

530 2714 621 2755 ces
643 2740 661 2765 ,
692 2699 817 2755 hinc
842 2699 1085 2768 sequitur
1126 2697 1286 2752 Deus.
1322 2697 1401 2751 Tu
1449 2696 1618 2767 legem
1649 2696 1840 2751 scribis
1868 2695 1936 2749 de
1964 2694 2118 2749 venia

531 2801 590 2848 ct
614 2808 795 2863 pmna,
821 2802 874 2847 et
901 2792 967 2847 de
994 2791 1078 2845 his
1107 2789 1215 2846 fers
1244 2791 1585 2845 sententiam.
1610 2790 1749 2861 Ergo
1776 2804 1937 2859 penes
1964 2797 2017 2845 te
2036 2796 2120 2844 est

533 2895 596 2939 ut
640 2884 783 2939 Deus
809 2893 1148 2953 peccatorum
1199 2891 1408 2937 tuorum
1442 2881 1525 2936 vel
1554 2880 1865 2936 recordetur
1891 2880 1975 2935 vel
2010 2896 2118 2936 non

528 2975 862 3032 recordetur.
896 2974 1023 3029 [dco
1046 2974 1240 3028 Paulus
1266 2972 1536 3027 dimittere
1559 2971 1731 3041 jubet,
1764 2972 1808 3026 si
1830 2972 1950 3042 quis
1976 2972 2122 3042 quid-

533 3071 675 3141 piam
710 3067 967 3124 adversus
1008 3066 1170 3121 alium
1219 3064 1413 3121 habeat
1436 3105 1451 3129 ,
1484 3079 1583 3119 nec
1611 3062 1773 3119 modo
1810 3063 2077 3117 dimittere
2099 3104 2119 3129 ,

531 3161 629 3216 sed
662 3161 733 3216 ita
762 3169 819 3215 ut
848 3174 952 3213 nec
982 3157 1221 3227 reliquiae
1248 3164 1499 3211 maneant
1531 3152 1756 3226 (Coloss.
1794 3154 1848 3210 5.
1877 3153 2003 3223 15).
2033 3154 2118 3209 Si-

530 3250 747 3322 quidem
773 3249 1021 3304 Christus
1049 3261 1152 3302 non
1174 3246 1336 3302 modo
1360 3256 1575 3316 peccata
1604 3254 1785 3300 nostra
1808 3246 1861 3299 in
1884 3244 2119 3300 medium

529 3357 639 3396 nun
660 3341 869 3405 attulit;
892 3339 984 3394 sed
1011 3353 1183 3409 neque
1207 3352 1305 3393 nos
1328 3338 1634 3405 peccavisse
1657 3337 2116 3403 commemoravit,

530 3448 705 3505 neque
729 3432 881 3497 dixit,
912 3432 1026 3487 llac
1052 3439 1107 3487 et
1128 3430 1304 3486 hacin
1333 3445 1393 3485 re
1421 3430 1653 3500 peccasti
1676 3445 1692 3495 ;
1714 3428 1807 3483 sed
1837 3428 2039 3484 dimisit
2066 3436 2120 3484 et

530 3526 729 3581 delevit
774 3522 1234 3592 chirographum,
1287 3536 1387 3577 nec
1436 3530 1651 3592 peccata
1705 3522 2011 3587 recensuit,
2061 3529 2120 3574 ut

532 3617 729 3672 Paulus
773 3613 1058 3685 significat.
1112 3613 1225 3669 Hoc
1271 3621 1326 3667 et
1372 3627 1470 3666 nos
1514 3610 1813 3666 faciamus:
1843 3610 2021 3666 omnia
2050 3625 2119 3665 ex

528 3718 712 3767 mente
752 3709 1030 3764 deleamus
1061 3706 1242 3779 (Ibid.
1274 3706 1329 3761 2.
1374 3704 1499 3778 14).
1532 3705 1589 3761 Si
1633 3705 1762 3776 quid
1790 3704 1916 3760 boni
1960 3705 2027 3760 ab
2052 3716 2119 3758 eo

528 3806 617 3873 qui
649 3818 746 3858 nos
771 3802 905 3857 laesit
934 3801 1225 3855 admissum
1252 3798 1433 3865 fuerit,
1456 3798 1557 3852 hoc
1574 3798 1746 3852 solum
1776 3806 2114 3868 reputemus;

526 3899 573 3951 si
614 3896 898 3950 molestum
926 3904 980 3948 et
1020 3892 1267 3948 odiosum
1296 3891 1569 3961 quidpiam
1590 3931 1606 3957 ,
1638 3889 1914 3960 ejiciamus
1940 3897 1995 3944 et
2019 3888 2118 3943 de-

528 3987 740 4044 leamus
760 4028 775 4052 ,
816 3995 876 4042 ut
902 4001 972 4041 ne
998 3985 1283 4056 vestigium
1314 3982 1528 4054 quidem
1560 3990 1852 4037 remaneat.
1892 3980 2041 4048 Quod
2072 3979 2119 4037 si

526 4081 662 4136 nihil
690 4080 815 4135 boni
845 4094 973 4149 erga
1002 4093 1102 4133 nos
1132 4078 1324 4147 egerit,
1356 4084 1504 4129 tanto
1534 4074 1707 4144 major
1733 4073 1887 4128 nobis
1914 4072 2119 4127 condo-

525 4172 782 4229 nantibus
807 4184 1016 4225 merces
1054 4177 1109 4224 et
1133 4169 1250 4224 laus
1274 4167 1400 4223 erit.
1427 4166 1530 4221 Alii
1558 4166 1750 4236 vigiliis
1770 4174 1825 4220 et
1851 4163 1997 4218 humi
2027 4178 2120 4219 cu.

527 4263 738 4329 Laudo,
758 4262 1012 4332 milleque
1038 4258 1490 4315 macerationibus
1513 4265 1731 4326 peccata
1755 4257 1992 4326 expiant;
2021 4254 2119 4309 tibi

527 4354 768 4411 faciliore
795 4353 904 4419 via,
929 4352 1247 4422 injuriarum
1270 4366 1467 4418 nempe
1495 4349 1765 4405 oblivione
1787 4349 1915 4403 licet
1933 4347 2118 4402 omnia

527 4446 839 4515 abstergere
867 4444 1094 4499 scelera.
1126 4442 1236 4497 Cur
1261 4450 1446 4496 contra
1476 4450 1532 4496 te
1557 4439 1789 4511 gladium
1816 4448 1875 4494 ut
1901 4443 2119 4494 insanus

527 4546 584 4591 et
606 4535 790 4591 furens
819 4535 1093 4599 admoves,
1129 4544 1289 4603 teque
1323 4547 1353 4586 a
1380 4532 1556 4586 futura
1587 4531 1692 4585 vita
1716 4531 1964 4600 expellis,
1995 4545 2117 4585 cum

527 4627 665 4682 nihil
686 4641 795 4681 non
821 4625 997 4682 facere
1020 4633 1311 4696 oporteret,
1338 4631 1395 4678 ut
1417 4624 1562 4678 illam
1582 4622 1967 4692 consequaris?
1984 4622 2119 4677 Nam

525 4719 572 4772 si
603 4733 840 4789 praesens
865 4716 974 4771 vita
996 4717 1069 4771 ita
1095 4715 1474 4771 desiderabilis
1506 4724 1591 4770 est
1614 4756 1629 4782 ,
1658 4714 1784 4785 quid
1811 4713 1879 4769 de
1903 4714 1993 4769 illa
2038 4714 2120 4770 di-

526 4814 673 4867 xeris
696 4852 715 4878 ,
745 4811 888 4865 unde
919 4811 1120 4880 aufugit
1149 4809 1325 4865 omnis
1351 4807 1506 4862 dolor
1532 4850 1546 4873 ,
1578 4822 1777 4862 mteror
1798 4848 1815 4876 ,
1845 4809 2077 4877 gemitus
2097 4849 2114 4874 ,

529 4905 617 4958 ubi
655 4918 756 4958 nec
787 4903 975 4957 mortis
1004 4903 1164 4955 timor
1187 4942 1203 4968 ,
1250 4915 1350 4955 nec
1379 4900 1517 4954 ullus
1546 4900 1808 4954 bonorum
1838 4900 1958 4954 finis
2004 4914 2120 4954 me-

528 4997 798 5052 tuendus?
823 4996 994 5063 Beati,
1019 5004 1101 5049 ter
1130 4994 1430 5064 smpiusquc
1455 4993 1614 5058 beati,
1642 4993 1727 5063 qui
1756 4993 1843 5047 illa
1869 4992 2118 5048 fruuntur

533 5099 703 5154 sorte,
734 5097 792 5142 ut
821 5087 1005 5142 miseri
1034 5096 1219 5157 terque
1241 5096 1296 5141 et
1320 5086 1515 5155 smpius
1542 5087 1743 5150 miseri,
1772 5087 1860 5155 qui
1883 5086 1970 5141 illa
1996 5102 2117 5142 sese

528 5182 744 5250 privaut
795 5177 1149 5233 beatitudine.
1184 5177 1393 5247 Ecquid
1416 5220 1432 5245 ,
1484 5178 1693 5247 inquies
1718 5219 1732 5241 ,
1783 5179 1929 5231 illam
1960 5180 2114 5234 nobis

1264 364 1323 422 S.
1362 361 1640 421 JOANNIS
1675 357 2155 417 CHRYSOSTOMI
2194 357 2513 417 ARCHIEP.
2550 361 3078 422 CONSTANTINOP.

3699 368 3808 428 228

2231 477 2375 546 piam
2419 475 2522 533 hac
2558 477 2626 534 de
2654 495 2716 536 re
2758 480 3086 551 loquentem.
3120 481 3242 553 ipso
3280 499 3510 555 namque
3538 500 3758 558 rogante
3782 532 3803 551 .

2232 567 2369 634 Quid
2389 569 2622 636 faciendo
2638 572 2789 625 vitam
2808 583 3048 627 teternam
3071 577 3330 645 possidebo
3348 577 3560 651 (Matth.
3583 582 3668 637 19.
3687 581 3810 651 l6)?

2228 660 2438 714 exteris
2484 662 2773 730 praemissis
2821 663 3065 720 Christus
3094 670 3414 738 praeceptis,
3469 671 3522 725 in
3565 686 3803 728 amorem

2226 752 2461 821 proximi
2504 753 2682 809 desiit.
2711 756 2781 810 At
2809 758 3034 813 fortasse
3071 760 3372 816 auditorum
3400 761 3660 834 quispiam
3686 807 3701 830 ,
3747 774 3807 820 ut

2223 841 2374 896 dives
2399 841 2490 897 ille
2516 886 2531 909 ,
2568 843 2764 899 dixerit
2792 886 2808 912 ,
2843 847 2969 903 Haec
3004 864 3103 903 nos
3126 851 3488 918 servavimus;
3516 870 3618 908 non
3646 853 3807 910 furati

2224 950 2443 996 sumus.
2475 952 2580 992 non
2612 940 2927 1008 occidimus,
2955 957 3063 997 non
3091 944 3340 999 mtechati
3370 962 3571 1002 sumus.
3605 947 3807 1004 Verum

2224 1029 2326 1085 hoc
2349 1030 2529 1086 dicere
2556 1048 2660 1087 non
2694 1035 2911 1103 poteris,
2941 1044 2991 1090 te
3017 1038 3315 1106 proximum
3347 1046 3403 1092 ut
3426 1040 3703 1109 oportebat
3726 1042 3808 1095 di-

2224 1124 2441 1179 lexisse.
2476 1125 2605 1179 Nam
2636 1129 2719 1182 vel
2752 1128 2960 1183 invidus
2990 1128 3157 1195 fuisti,
3191 1131 3280 1186 vel
3320 1132 3603 1187 maledicta
3630 1143 3806 1204 protu-

2224 1216 2354 1283 listi,
2388 1218 2468 1271 vel
2501 1217 2629 1273 lzcso
2654 1234 2809 1288 opem
2842 1236 2946 1275 non
2975 1222 3164 1288 tulisti,
3188 1225 3269 1278 vel
3294 1224 3358 1279 de
3385 1225 3538 1280 bonis
3569 1242 3671 1280 non
3696 1227 3803 1281 lar-

2225 1307 2365 1375 gitus
2396 1323 2453 1363 es
2474 1349 2488 1371 ,
2522 1324 2626 1363 non
2655 1310 2911 1367 dilexisti.
2946 1313 3142 1368 Verum
3176 1331 3281 1369 non
3327 1318 3425 1370 hoc
3453 1316 3623 1371 solum
3646 1320 3807 1387 jussit

2222 1399 2492 1466 Christus,
2519 1402 2611 1456 sed
2639 1413 2694 1458 et
2718 1404 2881 1457 aliud.
2909 1404 3045 1472 Qttid
3075 1407 3245 1459 illud?
3286 1406 3454 1461 Vende
3485 1410 3653 1461 omnia
3691 1426 3809 1479 quae

2224 1494 2374 1549 habes
2393 1536 2407 1558 ,
2447 1505 2495 1548 et
2524 1496 2591 1549 da
2628 1497 2931 1567 pauperibus
2951 1539 2964 1565 ,
3006 1508 3051 1552 et
3090 1504 3201 1554 rem'
3216 1541 3231 1563 ,
3260 1516 3461 1569 sequere
3484 1518 3561 1554 me
3589 1501 3801 1569 (Matth.

2224 1584 2313 1639 19.
2346 1584 2409 1639 21
2438 1584 2482 1657 ).
2513 1587 2673 1655 Sequi
2696 1587 2989 1650 Christum,
3025 1590 3218 1644 imitari
3239 1590 3509 1645 Christum
3536 1592 3620 1646 hic
3644 1592 3810 1662 signi-

2225 1679 2366 1731 ficat.
2389 1677 2525 1745 Quid
2547 1679 2671 1734 hinc
2695 1680 2987 1735 discimus?
3008 1681 3205 1749 Primo,
3232 1698 3353 1739 eum
3376 1684 3463 1752 qui
3492 1682 3605 1738 haec
3626 1686 3807 1739 omnia

2223 1785 2329 1825 non
2362 1772 2554 1836 habet,
2585 1784 2784 1827 sortem
2812 1774 2959 1828 illam
2988 1790 3091 1827 non
3124 1790 3284 1845 posse
3309 1791 3429 1830 cum
3462 1778 3649 1847 primis
3675 1792 3809 1832 con-

2223 1862 2393 1930 sequi.
2427 1861 2557 1918 Cum
2588 1862 2814 1919 dixisset
2842 1865 2983 1919 enim
3015 1866 3123 1930 ille,
3157 1866 3344 1921 Omnia
3373 1866 3505 1934 feci,
3534 1882 3597 1921 ac
3620 1868 3663 1923 si
3692 1883 3810 1921 ma-

2222 1969 2381 2022 gnum
2413 1956 2685 2025 quidpiam
2715 1955 2927 2011 deesset
2956 1957 3020 2012 ad
3046 1959 3421 2028 perfectionem
3443 2002 3457 2025 ,
3488 1963 3560 2015 ait
3591 1980 3605 2016 :
3640 1961 3702 2017 Si
3728 1965 3807 2018 vis

2223 2049 2475 2117 perfectus
2496 2063 2620 2112 esse,
2641 2048 2794 2102 vende
2813 2050 2983 2101 omnia
3002 2066 3114 2118 quae
3134 2050 3303 2113 habes,
3327 2061 3373 2105 et
3393 2052 3459 2104 da
3481 2053 3806 2122 pauperibus,

2222 2146 2272 2190 et
2296 2139 2423 2201 veni,
2446 2155 2649 2208 sequere
2678 2157 2775 2193 me.
2808 2141 2921 2195 Huc
2951 2143 3127 2212 itaque
3154 2144 3324 2212 primo
3350 2145 3659 2200 discendum
3687 2157 3803 2211 est;

2223 2232 2480 2299 secundo,
2515 2235 2657 2303 quod
2690 2236 2835 2290 illum
2866 2235 3059 2289 frustra
3086 2236 3452 2294 venditantem
3476 2256 3534 2294 se
3559 2254 3809 2309 coargue-

2222 2324 2310 2377 rit.
2345 2325 2445 2392 Qui
2477 2327 2620 2379 enim
2649 2327 2700 2381 in
2727 2336 2867 2381 tanta
2893 2328 3047 2397 cepia
3080 2344 3260 2382 rerum
3288 2338 3425 2395 erat,
3459 2341 3513 2385 et
3538 2346 3807 2401 pauperes

2222 2419 2636 2485 contemnebat,
2686 2436 2792 2490 quo
2826 2431 2983 2491 pacto
3026 2423 3325 2491 proximum
3358 2423 3645 2478 dilexerit?
3686 2423 3807 2478 Non

2221 2525 2345 2564 vera
2376 2526 2506 2581 ergo
2542 2512 2771 2566 diccbat.
2817 2516 2885 2566 At
2912 2528 3010 2568 nos
3039 2524 3093 2568 et
3121 2513 3222 2568 hoc
3260 2526 3315 2569 et
3354 2515 3481 2569 illud
3512 2515 3806 2582 faciamus,

2222 2603 2507 2674 omniaque
2526 2614 2706 2658 nostra
2728 2605 3007 2674 diligenter
3020 2604 3353 2661 eﬂ'undamus
3375 2617 3430 2661 ut
3450 2608 3637 2661 caelum
3658 2623 3809 2663 com-

2226 2709 2495 2763 paremus.
2554 2695 2685 2749 Nam
2739 2696 2785 2749 si
2830 2696 3046 2764 quidam
3104 2711 3203 2767 pro
3252 2698 3490 2753 seaculari
3549 2699 3809 2769 dignitate

2227 2786 2405 2840 omnia
2424 2801 2516 2841 sua
2538 2786 2744 2852 effudit;
2770 2786 3045 2857 dignitate,
3063 2788 3297 2859 inquam,
3320 2805 3477 2859 quam
3496 2793 3545 2844 in
3572 2789 3669 2845 hac
3696 2793 3806 2847 vita

2222 2878 2419 2944 solum,
2444 2894 2619 2948 neque
2637 2878 2887 2934 diuturno
2910 2887 3151 2947 tempore
3174 2882 3407 2936 retinere
3432 2891 3604 2951 potest
3624 2883 3807 2949 (multi

2223 2986 2453 3042 namque
2481 2970 2570 3026 diu
2596 2980 2878 3042 antequam
2906 2982 3240 3028 morerentur
3267 2972 3631 3043 praefecturam
3664 2975 3809 3028 ami-

2223 3078 2373 3128 sere;
2421 3062 2511 3117 alii
2559 3078 2688 3118 vero
2718 3078 2814 3132 pro
2865 3062 2955 3117 illa
3008 3064 3114 3118 vita
3152 3066 3311 3119 etiam
3358 3066 3593 3120 mulctati
3637 3074 3803 3130 sunt;

2224 3164 2457 3210 attamen
2486 3156 2609 3211 licet
2630 3154 2731 3210 hoc
2752 3156 2943 3223 sciant,
2972 3156 3148 3211 omnia
3172 3171 3267 3227 pro
3297 3156 3383 3211 illa
3405 3157 3764 3228 profundunt)
3788 3176 3804 3213 :

2224 3248 2269 3303 si
2300 3247 2459 3317 igitur
2487 3264 2582 3317 pro
2606 3246 2907 3316 huiusmodi
2929 3247 3183 3317 dignitate
3206 3257 3282 3303 tot
3301 3255 3550 3319 cautaque
3575 3248 3805 3305 faciunt:

2224 3339 2349 3409 quid
2396 3338 2751 3394 miserabilius
2794 3338 2947 3393 nobis
2979 3337 3177 3404 fuerit,
3210 3340 3300 3409 qui
3346 3354 3441 3409 pro
3481 3340 3565 3393 illa
3591 3354 3807 3410 semper

2224 3440 2510 3495 manente,
2543 3446 2661 3500 qua:
2687 3430 2799 3484 tolli
2830 3446 3121 3498 numquam
3148 3439 3354 3500 potest,
3390 3446 3457 3487 ne
3483 3448 3647 3501 pauca
3685 3433 3808 3502 qui-

2222 3521 2343 3575 dem
2375 3520 2764 3591 profundimus,
2786 3536 2957 3591 neque
2977 3536 3039 3575 ea
3061 3534 3342 3590 erogamus
3364 3537 3481 3592 quae
3510 3522 3665 3591 paulo
3686 3532 3806 3592 post

2224 3612 2311 3668 hic
2339 3612 2587 3668 amissuri
2615 3613 2840 3668 sumus?
2867 3612 2996 3679 Quis
3028 3611 3176 3667 furor
3203 3613 3314 3679 ille,
3346 3628 3462 3682 quae
3494 3613 3670 3668 invitis
3694 3614 3807 3669 eri-

2222 3708 2435 3777 pientur
2455 3747 2469 3771 ,
2496 3721 2559 3762 ea
2586 3706 2730 3762 nolle
2768 3716 2959 3777 sponte
2985 3706 3115 3761 dare
3154 3714 3210 3762 et
3239 3706 3514 3761 nobiscum
3549 3706 3761 3763 auferre
3781 3707 3809 3761 τ

2226 3800 2281 3855 Si
2312 3800 2433 3871 quis
2464 3814 2561 3854 nos
2585 3799 2653 3854 ad
2680 3809 2908 3855 mortem
2938 3798 3190 3866 duceret,
3223 3800 3416 3855 deinde
3446 3808 3767 3871 proponeret
3786 3844 3808 3868 ,

2224 3907 2349 3945 num
2375 3893 2536 3947 vitam
2567 3892 2721 3946 bonis
2742 3891 2989 3947 omnibus
3009 3891 3276 3947 redimere
3302 3892 3579 3958 vellemus,
3606 3893 3810 3963 gratias

2223 3992 2369 4040 certe
2393 3983 2466 4039 illi
2498 3979 2837 4039 haberemus.
2869 3982 3021 4039 Nunc
3058 3998 3188 4039 vero
3216 3999 3339 4038 cum
3369 3986 3684 4053 proponitur
3705 3982 3811 4039 dc-

2224 4077 2401 4132 ductis
2460 4076 2528 4132 ad
2577 4077 2921 4148 gehennam,
2990 4086 3047 4132 ut
3103 4078 3443 4133 dimidiarum
3490 4078 3806 4133 facultatum

2226 4170 2374 4225 dono
2402 4169 2719 4239 eripiamur,
2748 4169 3019 4223 malumus
3045 4168 3111 4223 ad
3142 4169 3458 4239 supplicium
3484 4168 3627 4234 duci,
3657 4180 3709 4223 et
3734 4184 3803 4224 ea

2224 4262 2418 4318 frustra
2453 4277 2669 4319 scrvare
2692 4304 2707 4328 ,
2736 4278 2854 4334 quae
2882 4272 3062 4316 nostra
3093 4276 3199 4315 non
3237 4270 3389 4327 sunt,
3424 4262 3494 4315 ita
3537 4270 3594 4316 ut
3622 4271 3808 4316 nostra

2224 4355 2529 4425 perdamus.
2573 4354 2745 4423 Quam
2796 4354 3194 4409 excusationem
3253 4353 3606 4408 habebimus?
3646 4370 3809 4423 quam

2226 4447 2438 4502 veniam
2487 4446 2850 4513 merebimur,
2891 4446 2976 4511 si,
3022 4460 3143 4499 eum
3177 4454 3281 4499 tam
3326 4443 3493 4500 facilis
3538 4445 3691 4499 nobis
3720 4446 3811 4501 via

2223 4552 2406 4610 aperta
2434 4540 2503 4594 sit
2525 4582 2540 4604 ,
2572 4555 2668 4611 per
2693 4540 2980 4610 prmcipitia
3009 4539 3241 4594 feramur
3263 4579 3278 4605 ,
3318 4548 3370 4594 et
3418 4538 3809 4593 infructuosum

2223 4636 2579 4705 suscipiamus
2606 4636 2706 4689 iter
2724 4676 2738 4701 ,
2768 4643 2927 4705 atque
2968 4634 3052 4689 his
3076 4645 3129 4689 et
3155 4635 3261 4689 illis
3288 4635 3536 4689 omnibus
3564 4651 3661 4689 nos
3692 4638 3814 4704 pri-

2224 4744 2408 4783 vemus
2431 4769 2445 4789 ,
2479 4742 2597 4781 cum
2628 4728 2795 4782 libere
2826 4728 3092 4796 possimus
3121 4728 3201 4781 his
3222 4736 3275 4782 et
3301 4727 3405 4781 illis
3433 4726 3673 4797 perfrui?
3700 4728 3809 4784 Sed

2224 4821 2325 4875 etsi
2354 4836 2459 4874 non
2491 4828 2637 4886 ante,
2666 4821 2855 4874 saltem
2878 4835 3018 4873 nunc
3046 4819 3110 4872 ad
3142 4834 3238 4873 nos
3265 4820 3565 4884 redeamus,
3596 4829 3650 4873 et
3677 4836 3811 4877 sana

2224 4920 2407 4967 mente
2437 4912 2729 4980 praesentia
2758 4912 2895 4967 bona
2916 4954 2932 4979 ,
2964 4923 3021 4966 ut
3048 4928 3143 4981 par
3170 4922 3250 4966 est
3272 4952 3287 4973 ,
3318 4912 3718 4981 dispensemus,
3755 4930 3813 4970 υς

2223 5002 2399 5059 futura
2446 5003 2600 5058 facile
2627 5018 3044 5074 consequamur,
3074 5007 3238 5075 gratia
3267 5014 3321 5060 et
3349 5005 3672 5075 benignitate
3705 5006 3809 5060 Do-

2223 5098 2351 5151 mini
2382 5098 2547 5150 nostri
2572 5096 2699 5151 Jesu
2723 5096 2946 5164 ChriSIi,
2978 5098 3189 5167 quicum
3215 5097 3357 5151 Patri
3380 5097 3569 5167 gloria,
3597 5112 3815 5168 unaque

2222 5198 2408 5243 sancto
2433 5188 2677 5258 Spiritui,
2705 5189 2757 5243 in
2784 5190 2981 5243 stecula
3009 5189 3347 5243 sareulorum.
3382 5190 3577 5243 Amen.

524 5274 689 5328 vitam
717 5270 989 5342 acquirit?
1018 5269 1157 5324 Audi
1185 5270 1357 5338 ipsum
1386 5270 1616 5337 judicem
1640 5270 1968 5325 adolescenti
1995 5272 2108 5327 cui-

1886 5419 2227 5485 HOMILIA
2261 5426 2396 5486 XL.

532 5550 616 5607 51.
660 5549 723 5606 Si
759 5565 849 5621 ego
888 5549 1221 5603 testimonium
1264 5546 1497 5617 per/tibia
1539 5547 1602 5600 de
1634 5546 1857 5616 meipso,
1891 5550 2114 5602 testimo-

601 5644 743 5695 nium
796 5657 958 5695 meum
1011 5657 1113 5695 non
1165 5649 1238 5693 est
1297 5654 1485 5693 verum.
1540 5638 1631 5693 52.
1697 5639 1840 5693 Alius
1904 5650 1977 5694 est
2029 5642 2115 5703 qui

598 5732 937 5787 testimonium
976 5731 1199 5801 perhibet
1226 5732 1286 5786 de
1317 5747 1394 5785 me
1416 5771 1432 5797 ,
1465 5740 1511 5785 et
1548 5732 1651 5785 scio
1678 5732 1796 5802 quia
1823 5747 1995 5786 verum
2041 5744 2116 5788 est

604 5823 942 5878 testimonium
965 5823 1097 5893 ejus.

2294 5553 2346 5605 1.
2388 5548 2559 5603 Lectio
2586 5548 2969 5618 Scripturarum
2993 5536 3237 5616 quantam.
3253 5546 3597 5601 discretionem
3612 5547 3811 5623 exigat.

2220 5638 2507 5696 Discutitur
2531 5648 2988 5707 commentaturque
3018 5639 3145 5691 illud
3167 5654 3183 5691 :
3208 5638 3263 5693 Si
3292 5638 3653 5691 testimonium
3683 5653 3809 5705 pera

2223 5733 2385 5787 hibeo
2405 5731 2471 5785 de
2494 5730 2721 5799 meipso,
2746 5746 2931 5783 verum
2956 5746 3060 5783 non
3085 5730 3322 5784 8.5L—Sl
3342 5732 3461 5799 quis
3482 5728 3809 5784 mctallicatn

2230 5832 2429 5877 terram
2454 5821 2637 5876 fodere
2675 5821 3012 5891 aggrediatur
3033 5863 3046 5889 ,
3075 5837 3194 5877 cum
3228 5821 3297 5877 sit
3319 5820 3453 5877 artis
3485 5819 3767 5890 imperitus
3789 5862 3812 5885 ,
