4100 6364
213 319 360 408 ,227

216 411 246 523 ἢ
337 440 521 497 Ταῦτα
566 435 662 497 οῦν
719 441 934 500 ἅπαντα
985 449 1310 518 ἐννοοῦντες,
1376 451 1708 523 παρακαλῶ,
1767 453 1843 523 μὴ

229 518 236 592 ί
267 526 704 598 παρατρέχωμεν
729 529 916 594 ἁπλῶς
942 531 1011 585 τὰ
1040 534 1329 606 εἰρημένα,
1360 518 1495 590 ἀλλά
1528 535 1666 607 μετὰ
1693 518 1851 606 ἀκριξ

266 609 422 671 Beia;
455 610 800 682 ἐξετάζωμεν
829 613 1064 681 ἅπαντα,
1103 619 1199 671 καὶ
1229 619 1327 688 τὴν
1357 619 1536 672 αἰτίαν
1565 620 1672 672 τῶν
1696 619 1850 685 λεγο-

271 693 451 758 μένων
480 695 757 764 πανταχοῦ
783 698 1072 768 σκοπῶμεν
1091 712 1116 739 α
1141 717 1154 730 °
1182 701 1316 772 μηδέ
1333 702 1642 772 νομίζωμεν
1665 704 1853 773 ἀρκεῖν

267 775 404 843 ἡμῖν
437 778 518 839 εἰς
563 778 859 848 ἀπολογίαν
890 781 987 853 τὴν
1019 784 1241 851 ἀγνοιαν
1276 787 1370 838 καὶ
1418 786 1516 856 τὴν
1551 786 1852 856 ἁπλότητα.

269 858 352 910 Οὐ
401 858 512 930 γὰρ
567 861 862 932 ἀκεραίους
885 865 1137 918 ἐκέλευσε
1187 869 1346 937 μόνον
1386 865 1546 930 εἷναι,
1591 869 1726 922 ἀλλὰ
1761 869 1856 920 καὶ

272 943 598 1012 φρονίμους.
629 944 912 1014 Ἀσκῶμεν
932 947 1110 1000 τοίνυν
1143 951 1281 1019 μετὰ
1307 952 1404 1021 τῆς
1432 953 1735 1022 ἁπλότητος
1763 951 1858 1004 καὶ

273 1025 378 1095 τὴν
410 1027 692 1097 φρόνησιν,
721 1029 814 1082 καὶ
842 1031 934 1082 ἐπὶ
963 1032 1072 1083 τῶν
1091 1033 1376 1104 δογμάτων
1403 1036 1494 1088 καὶ
1520 1037 1611 1088 ἐπὶ
1633 1035 1740 1088 τῶν
1763 1035 1858 1088 τοῦ

276 1106 399 1175 βίου
423 1109 864 1180 κατορθωμάτων
887 1129 899 1140 ·
926 1114 1019 1166 καὶ
1039 1115 1350 1186 δικάζωμεν
1367 1119 1579 1181 ἑαυτοῖς
1602 1116 1857 1181 ἐνταῦθα,

277 1189 374 1244 ῐνα
399 1192 474 1262 μὴ
506 1193 604 1246 σὺν
635 1193 712 1265 τῷ
737 1193 926 1265 κόσμῳ
950 1199 1367 1271 κατακριθῶμεν
1397 1201 1538 1265 τότε,
1570 1202 1662 1254 καὶ
1689 1200 1864 1254 τοιοῦ-

277 1290 368 1326 τοι
393 1275 671 1345 γινώμεθα
701 1278 830 1349 περὶ
859 1281 982 1342 τοὺς
1007 1279 1247 1347 δούλους,
1276 1276 1386 1335 οἷον
1411 1282 1711 1353 βουλόμεθα
1734 1282 1864 1352 περὶ

277 1358 431 1427 ἡμᾶς
463 1358 714 1426 γενέσθαι
740 1361 833 1415 τὸν
855 1363 1134 1434 Δεσπότην
1156 1365 1332 1434 ἡμῶν.
1367 1368 1550 1435 Ἀεςες
1582 1367 1690 1437 γὰρ
1721 1366 1866 1434 ἡμῖν

279 1441 358 1494 τὰ
384 1443 756 1513 ὀφειλήματα
782 1445 972 1515 ἡμῶν,
1010 1448 1091 1513 ὠς
1123 1450 1220 1502 καὶ
1262 1450 1433 1518 ἡμεῖς
1464 1451 1715 1520 ἀφίεμεν
1742 1450 1866 1516 τοῖς

282 1529 617 1597 ὀφειλέταις
655 1532 840 1601 ἡμῶν.
871 1534 979 1586 Kal
1003 1531 1118 1587 οῖδα
1151 1536 1268 1605 μὲν,
1292 1537 1374 1590 ὅτι
1404 1538 1464 1589 ού
1499 1537 1652 1608 φέρει
1679 1539 1867 1608 πράως

286 1611 636 1683 πληττομένη
656 1616 689 1684 ή
715 1617 857 1686 ψυχή
879 1635 889 1645 ·
916 1617 1030 1669 ἀλλ’
1055 1617 1150 1670 ἐὰν
1179 1621 1517 1690 ἐννοήσωμεν
1545 1620 1625 1672 ὅτι
1644 1620 1763 1689 οὐχὶ
1791 1619 1868 1688 τῷ

283 1693 634 1765 λελυπηκότι,
679 1697 793 1750 ἀλλ’
837 1701 1048 1763 ἑαυτοῖς
1096 1701 1429 1772 χαριζόμεθα
1456 1743 1470 1767 ,
1513 1703 1721 1772 ταχέως
1764 1703 1865 1770 ἀφ’

288 1778 499 1848 ήσομεν
527 1779 618 1832 τὸν
645 1780 720 1833 ίδν
741 1782 838 1852 τῆς
865 1784 1053 1854 ὀργῆς.
1092 1786 1201 1838 Καὶ
1224 1787 1332 1856 γὰρ
1350 1787 1378 1837 ὁ
1405 1785 1472 1838 τά
1497 1785 1689 1839 ἑκατὸν
1712 1785 1872 1855 δηνά-

292 1876 385 1931 ρια
423 1859 578 1933 [254]
613 1861 687 1933 μὴ
722 1867 1081 1936 συγχωρήσας
1120 1865 1199 1937 τῷ
1243 1866 1758 1938 πεπλημμεληκότι,
1810 1867 1901 1930 ού,

292 1943 385 1994 τὸν
419 1943 706 2013 ὁμόδουλον
731 1947 1011 2017 ἠδίκησεν,
1044 1947 1158 2001 ἀλλ’
1184 1950 1376 2003 ἑαυτὸν
1397 1952 1512 2012 τοῖς
1546 1949 1760 2021 μυρίοις
1786 1964 1879 2001 τα-

294 2023 508 2088 λάντοις
529 2026 832 2081 ὑπεύθυνον
859 2031 1136 2099 ἐποίησεν,
1164 2025 1238 2084 ὧν
1265 2032 1529 2103 πρότερον
1558 2033 1654 2104 τὴν
1683 2033 1877 2100 ἄφεσιν

295 2108 508 2162 ἐλαϐεν.
553 2109 721 2164 Ὅταν
764 2108 857 2165 οῦν
884 2113 1091 2182 ἑτέροις
1125 2115 1200 2185 μὴ
1245 2115 1495 2186 ἀφῶμεν,
1533 2117 1747 2178 ἑαυτοῖς
1777 2115 1878 2168 οὐκ

293 2191 547 2262 ἀφίεμεν.
571 2193 663 2264 Μὴ
691 2196 871 2249 τοίνυν
897 2196 974 2266 τῷ
997 2198 1114 2268 Θεῷ
1136 2197 1383 2268 λέγωμεν
1411 2198 1592 2269 μόνον,
1620 2198 1712 2270 Μὴ
1740 2215 1868 2269 μνη-

295 2275 430 2344 σθῇς
463 2274 574 2328 τῶν
621 2277 1040 2350 ἁμαρτημάτων
1072 2281 1231 2352 ήμῶν
1251 2300 1264 2313 ·
1304 2280 1442 2334 ἀλλὰ
1468 2283 1560 2334 καὶ
1586 2281 1722 2352 πρὸς
1755 2283 1880 2334 ἐαυ-

294 2359 420 2422 τοὺς
439 2359 662 2413 ἕκαστοι
683 2360 955 2430 λέγοντες,
975 2364 1050 2435 μὴ
1073 2363 1401 2435 μνησθῶμεν
1419 2365 1527 2419 τῶν
1548 2366 1766 2436 ἀμαρτη
1776 2364 1880 2433 μά-

295 2457 406 2494 των
435 2440 545 2496 τῶν
574 2444 872 2498 συνδούλων
904 2447 1013 2499 τῶν
1045 2449 1126 2511 είς
1153 2449 1300 2518 ἡμᾶς
1332 2448 1738 2521 γεγενημένων.
1769 2447 1881 2501 Kal

297 2523 408 2595 γὰρ
448 2526 512 2579 σὺ
544 2528 809 2599 πρότερον
840 2529 1081 2595 δικάζεις
1102 2534 1213 2594 τοῖς
1242 2533 1376 2598 σοῖς,
1410 2535 1504 2585 καὶ
1527 2533 1650 2585 τότε
1685 2531 1879 2584 ἐπεται

295 2610 329 2660 6
363 2609 497 2672 Θεός
519 2627 536 2640 ο
569 2611 634 2664 σὺ
661 2611 751 2664 τὸν
777 2613 940 2684 νόμον
973 2614 1207 2686 γράφεις
1240 2615 1329 2668 τὸν
1357 2616 1486 2686 περὶ
1513 2615 1758 2685 ἀφέσεως
1786 2613 1880 2666 καὶ

296 2693 592 2762 τιμωρίας,
619 2694 715 2748 καὶ
737 2694 836 2767 τὴν
855 2698 1110 2768 περὶτῶν
1133 2697 1387 2752 τοιούτων
1404 2698 1657 2768 ἐκφέρεις
1678 2697 1878 2769 ψῆφον.

300 2775 512 2829 Οὐκοῦν
543 2777 638 2830 καὶ
661 2777 757 2831 τοῦ
785 2781 1088 2850 μνησθῖῖναι
1111 2782 1204 2834 καὶ
1230 2780 1322 2834 τοῦ
1355 2782 1428 2852 μὴ
1461 2781 1768 2852 μνησθῆναι
1789 2779 1884 2832 τὸν

297 2859 432 2910 Θεὸν
463 2861 530 2912 σὺ
565 2857 753 2930 κύριος
784 2857 852 2916 εἴ.
889 2861 990 2914 Δια
1020 2864 1179 2917 τοῦτο
1216 2865 1310 2919 καὶ
1339 2867 1367 2918 ὁ
1412 2864 1620 2927 Παῦλος
1665 2864 1884 2932 ἀφεῖναι

302 2939 535 3002 κελεύει,
567 2942 664 2995 ἐάν
705 2961 790 3007 τις
840 2945 975 3014 πρός
1027 2963 1147 2999 τινα
1192 2946 1292 3019 ἔχῃ
1347 2948 1602 3018 μομφήν·
1639 2947 1735 3000 καὶ
1785 2947 1884 3014 οὑχ

301 3024 490 3088 ἅπλῶς
512 3027 752 3094 ἀφεῖναι,
784 3026 898 3079 ἀλλ’
920 3027 1060 3081 ὥστε
1085 3030 1220 3101 μηδὲ
1242 3030 1466 3102 λείψανα
1492 3033 1694 3102 μένειν.
1732 3032 1884 3086 Ἐπεὶ

215 3178 224 3188 ⁸
302 3109 396 3160 καῖ⁵
419 3109 449 3159 6
483 3109 720 3178 Χριστὸς
743 3111 804 3162 ού
850 3110 1008 3181 μόνον
1032 3113 1132 3166 ούκ
1157 3114 1387 3183 ἤνεγκεν
1410 3115 1489 3178 είς
1522 3115 1688 3185 μέσον
1729 3115 1885 3187 ὴμῶν

300 3190 370 3243 τά
408 3191 808 3262 ἁμαρτήματα,
840 3193 954 3246 ἀλλ’
988 3195 1110 3248 οὐδέ
1147 3197 1292 3266 ἡμᾶς
1324 3197 1524 3260 αὐτοὺς
1552 3197 1883 3269 πεπλημμε-

301 3272 539 3343 ληκότας
579 3276 905 3347 ἀνέμνησεν,
946 3277 1068 3331 ούδέ
1100 3275 1241 3344 εἶπε,
1267 3279 1348 3333 Τὰ
1377 3280 1472 3334 καλ⁵
1499 3280 1566 3333 τά
1591 3281 1838 3352 ἥμαρτες
1862 3297 1876 3311 ·

301 3358 440 3413 ἀλλὰ
467 3360 563 3412 καὶ
606 3361 787 3430 ἀφῆκε
821 3362 917 3415 καὶ
950 3362 1197 3433 ἐξήλειψε
1225 3364 1286 3417 τὸ
1330 3367 1714 3436 χειρόγραφον,
1752 3363 1887 3434 μηδὲ

302 3441 665 3513 λογισάμενος
685 3443 754 3496 τὰ
785 3444 1230 3516 παραπτώματα,
1250 3446 1432 3510 καθὼς
1450 3447 1540 3500 καὶ
1560 3447 1716 3500 τοῦτο
1734 3446 1886 3500 Παῦ-

304 3519 395 3584 λος
430 3522 688 3594 ἐδήλωσε.
724 3523 896 3576 Τοῦτο
925 3525 991 3595 δὴ
1023 3525 1267 3596 ποιῶμεν
1300 3525 1394 3578 καὶ
1428 3527 1608 3597 ἡμεῖς,
1647 3526 1739 3579 καὶ
1781 3524 1889 3579 ἀπὸ

304 3603 408 3672 τῆς
435 3602 676 3668 διανοίας
699 3604 1068 3677 ἐξαλείφωμεν
1091 3608 1327 3662 ἅπαντα.
1345 3606 1463 3662 Κᾶν
1495 3608 1594 3679 μὲν
1616 3608 1817 3677 ἀγαθόν
1835 3625 1889 3661 τι

306 3690 682 3761 γεγενημένον
810 3692 962 3760 παρὰ
992 3690 1085 3745 τοῦ
1131 3691 1516 3763 λελυπηκότος,
1547 3691 1706 3745 τοῦτο
1746 3692 1890 3760 λογι-

311 3771 536 3844 σώμεθα
564 3774 756 3845 μόνον’
785 3773 852 3828 ἂν
872 3774 929 3828 δέ
953 3774 1196 3848 λυπηρὸν
1230 3777 1326 3830 xal
1355 3775 1610 3847 ἐπαχθὲς,
1643 3775 1889 3829 ἐκϐάλω-

314 3868 414 3922 μεν
445 3852 591 3906 οῦτω
637 3852 736 3930 καὶ,
764 3853 1156 3926 ἐξαλείψωμεν,
1184 3854 1325 3909 ὥστε
1356 3854 1491 3926 μηδέ
1524 3853 1668 3924 ἴχνος
1693 3855 1890 3908 ἐναπο-

315 3932 517 4000 μένειν.
550 3931 615 3986 El
639 3931 695 3985 δέ
724 3933 889 4003 μηδὲν
914 3934 1118 4003 ἀγαθὸν
1140 3936 1270 4006 ἡμῖν
1295 3936 1486 4004 γέγονε
1505 3934 1653 4003 παρὰ
1678 3933 1889 3998 τούτου,

313 4015 476 4069 πάλιν
493 4018 524 4068 6
555 4016 743 4086 μισθὸς
768 4015 968 4087 μείζων
998 4017 1373 4090 συγχωροῦσιν
1397 4020 1548 4089 ἡμῖν,
1571 4017 1666 4069 xal
1691 4016 1892 4070 πλείων

312 4100 347 4169 ἡ
380 4099 759 4171 εὐδοκίμησις.
797 4101 980 4155 Ἀλλοι
1015 4102 1082 4155 δι’
1117 4103 1422 4172 ἀγρυπνίας
1467 4101 1558 4155 καὶ
1595 4101 1892 4171 χαμευνίας

316 4184 413 4236 καὶ
437 4183 639 4253 μυρίας
657 4182 1030 4255 ταλαιπωρίας
1056 4183 1400 4255 ἐξαλείφουσι
1418 4185 1485 4239 τὰ
1497 4186 1888 4255 ἁμαρτήματαο

314 4267 399 4318 συὶ
435 4266 527 4318 διά
567 4265 668 4334 τῆς
709 4266 1080 4338 εύκολωτέρας
1111 4269 1254 4334 ὁδοῦ,
1291 4268 1384 4322 τοῦ
1419 4268 1492 4339 μὴ
1533 4269 1890 4338 μνησικακεῖν

310 4348 475 4416 λέγω,
518 4347 696 4401 πάντα
729 4349 933 4413 ἔξεστιν
982 4351 1245 4420 ἀφανίσαι.
1290 4352 1358 4404 τά
1405 4349 1887 4420 πλημμεληθέντα.

314 4433 381 4486 Τί
401 4431 584 4484 τοίνυν
609 4433 749 4486 κατά
782 4433 979 4486 σαυτοῦ
1008 4435 1068 4487 τὸ
1103 4435 1253 4504 ξίφος
1284 4434 1468 4498 ὠθεῖς,
1502 4434 1576 4496 ώς
1624 4435 1672 4486 οί
1705 4434 1890 4503 μαινό-

317 4531 468 4584 μενοι
498 4516 595 4568 καὶ
624 4517 1046 4586 παραπαίοντες,
1075 4519 1169 4571 καὶ
1199 4518 1298 4585 τῆς
1328 4515 1624 4588 μελλούσης
1663 4517 1886 4568 σεαυτὸν

315 4598 600 4661 ἐκϐάλλεις
636 4599 802 4669 ζωῆς.
834 4601 951 4654 δέον
993 4602 1170 4653 πάντα
1221 4600 1502 4671 πράττειν,
1539 4599 1678 4652 ὥστε
1725 4600 1892 4670 αὐτῆς

315 4683 632 4752 ἐπιτυχεῖν;
664 4682 722 4735 El
756 4685 863 4754 γὰρ
901 4686 933 4754 ἡ
969 4685 1218 4754 παροῦσα
1266 4684 1406 4737 οὕτω
1451 4682 1692 4753 ποθεινὴ,
1729 4683 1780 4735 τί
1826 4682 1893 4736 ἂν

318 4763 461 4814 εἴποι
481 4780 568 4826 τις
597 4764 724 4834 περὶ
752 4764 983 4835 ἐκείνης,
1014 4764 1141 4816 ἔνθα
1179 4763 1388 4832 ἀπέδρα
1413 4763 1571 4833 ὀδύνη
1611 4764 1706 4816 καὶ
1745 4761 1890 4832 λύπη

318 4846 411 4899 καὶ
447 4846 790 4916 στεναγμόςς
826 4847 972 4901 Ἐκεῖ
993 4849 1165 4900 δεῖσαι
1196 4847 1422 4901 θάνατον
1453 4848 1550 4899 οὐκ
1573 4845 1741 4908 ἐστιν,
1773 4845 1892 4897 οὐδὲ

323 4929 494 5000 πέρας
514 4930 739 4982 ἐκείνων
761 4930 1096 4986 ὑποπτεῦσαι
1111 4930 1218 4984 τῶν
1237 4931 1476 4996 ἀγαθῶν.
1501 4930 1776 5000 Μακάριοι
1798 4930 1892 4982 καὶ

317 5014 710 5085 τρισμακάριοι
726 5015 818 5067 καὶ
831 5014 1087 5077 πολλάκις
1099 5015 1274 5080 τοῦτο,
1292 5017 1337 5068 οἱ
1355 5015 1450 5084 τῆς
1466 5013 1739 5084 μακαρίας
1751 5012 1886 5064 ἐκεί-

319 5115 418 5165 νης
440 5097 803 5162 ἀπολαύοντες
830 5098 1035 5170 λήξεως
1056 5115 1070 5128 ⁶
1088 5099 1277 5172 ὥσπερ
1301 5094 1395 5151 οῦν
1413 5098 1588 5152 ἄθλιοι
1611 5097 1705 5151 καὶ
1729 5113 1893 5167 τρισ-

321 5183 494 5236 άθλιοι
511 5184 606 5236 καὶ
626 5184 884 5255 μυριάκις
897 5183 1127 5250 τοῦτο,οἱ
1143 5185 1242 5254 τῆς
1262 5183 1659 5254 μακαριότητος
1679 5181 1893 5248 ἐκείνης

321 5266 549 5329 ἑαυτοὺς
565 5267 935 5331 ἐκϐάλλοντες.
949 5268 1059 5320 Kal
1078 5267 1128 5320 τί
1149 5269 1279 5319 ποτέ
1302 5269 1437 5331 ἐστι,
1460 5267 1614 5335 φησὶ,
1630 5265 1690 5317 τὸ
1707 5261 1893 5315 ποιοῦν

321 5349 472 5417 ἡμᾶς
484 5350 789 5402 ἀπολαῦσαι
807 5352 904 5420 τῆς
919 5350 1063 5421 ζωῆς
1085 5352 1297 5422 ἐκείνης
1313 5353 1502 5414 ;Ἀκου
1511 5367 1599 5401 σον
1617 5347 1780 5401 αὐτοῦ
1798 5346 1891 5399 τοῦ

318 5431 654 5495 δικάζοντος,
688 5433 953 5504 νεανίσκῳ
979 5434 1086 5485 τινὶ
1105 5433 1488 5503 διαλεγομένου
1513 5449 1580 5484 πε
1591 5431 1639 5499 pl
1665 5429 1888 5482 τούτων.

335 5513 553 5586 Ἐπειδὴ
591 5515 701 5587 γάρ
743 5515 1024 5587 ἠρώτησεν
1065 5519 1290 5582 ἐκεῖνος,
1339 5518 1400 5570 Τί
1438 5515 1697 5580 ποιήσας
1743 5511 1895 5578 ζωὴν

385 5598 414 5625 ⁸
447 5597 621 5648 Morel.
644 5600 727 5647 καὶ
758 5601 844 5656 τήν
885 5601 1097 5649 αἰτίαν...
1132 5616 1279 5648 σκοπ.
1311 5600 1410 5649 Alii
1446 5599 1647 5659 paulum
1685 5597 1892 5644 variant.

1288 329 1354 383 IN
1392 329 1708 386 JOANNEM
1745 329 1978 389 HOMIL.
2021 335 2130 391 XL.
2176 339 2246 393 al.
2283 339 2524 396 XXXIX.

3416 341 3522 396 2‘28

1954 458 2195 512 αίώνιον
2220 460 2656 530 κληρονομήσω
2673 477 2692 524 ;
2725 458 2898 514 εἰπὼν
2928 461 2957 511 6
2983 457 3220 530 Χριστὸς
3252 457 3400 528 αύτῷ
3428 458 3526 522 τὰς

1953 539 2119 606 ἄλλας
2153 543 2394 606 ἐντολὰς,
2431 544 2729 613 κατέληξεν
2761 545 2842 606 εἱς
2875 545 2975 614 τὴν
3003 542 3097 595 τοῦ
3126 541 3352 610 πλησίον
3387 541 3525 608 ἀγά-

1956 636 2085 690 πην.
2127 622 2237 674 Kal
2269 623 2566 695 τάχαέρεῖ
2611 641 2695 686 τις
2740 623 2850 675 τῶν
2883 621 3212 683 ἀκουόντων,
3264 617 3405 673 κατὰ
3437 618 3529 671 τὸν

1957 702 2210 756 πλούσιον
2234 705 2459 769 ἐκεῖνον,
2491 706 2573 758 ὅτι
2597 707 2707 760 Kal
2737 707 2896 777 ἡμεῖς
2917 703 3092 758 ταῦτα
3115 702 3496 772 ἐφυλαξάμεθα
3512 719 3525 732 ·

1957 787 2076 839 ούδέ
2105 787 2215 858 γὰρ
2247 788 2574 859 ἐκλέψαμεν,
2605 790 2704 843 ούκ
2730 789 3118 860 ἐφονεύσαμεν,
3145 788 3243 840 οὐκ
3283 786 3532 857 ἐμοιχεύ-

1962 887 2153 940 σαμεν.
2193 872 2331 924 Ἀλλ’
2357 873 2417 925 ού
2459 873 2634 942 δήπου
2671 874 2766 926 καὶ
2796 872 2955 926 τοῦτο
2987 873 3161 924 εἰπεῖν
3196 871 3419 940 δυνήσῃ,
3448 870 3531 922 ὅτι

1959 955 2253 1026 ἠγάπησας
2283 957 2376 1010 τὸν
2425 956 2672 1028 πλησίον,
2717 957 2793 1020 ὡς
2837 955 3284 1025 ἁγαπῆσαιέδει.
3325 956 3398 1007 Ἢ
3425 954 3533 1024 γάρ

1961 1037 2232 1109 ἐϐάσκηνέ
2271 1057 2374 1104 τις,
2414 1040 2448 1111 ἢ
2480 1040 2914 1110 ἐκακηγόρησεν,
2955 1037 3102 1109 [235]
3134 1037 3167 1106 ἢ
3201 1037 3301 1090 οὑκ
3329 1037 3534 1106 ἤμυνεν

1962 1121 2322 1192 ἀδικουμένῳ,
2370 1123 2402 1193 ἢ
2457 1123 2518 1176 ού
2555 1124 2828 1193 μετέδωκε
2876 1121 2986 1174 τῶν
3015 1120 3204 1182 ὄντων,
3251 1120 3358 1172 οὐδ’
3401 1119 3538 1187 ἠγά-

1964 1221 2104 1272 πησε
2138 1206 2187 1260 b.
2223 1206 2337 1258 Νῦν
2361 1206 2418 1258 δὲ
2444 1206 2503 1259 ού
2536 1205 2694 1258 τοῦτο
2737 1206 2898 1275 μόνον
2924 1203 3184 1269 ἐπέταξεν
3214 1204 3243 1255 ὁ
3277 1201 3535 1272 Χριστὸς,
3612 1246 3615 1248 .

1966 1287 2102 1341 ἀλλὰ
2129 1288 2225 1342 καὶ
2258 1289 2464 1360 ἓτερον.
2493 1290 2652 1342 Ποῖον
2677 1287 2741 1359 δὴ
2770 1287 2956 1351 τοῦτο;
2989 1287 3288 1357 Πώλῃσόν
3311 1299 3429 1339 σου
3467 1284 3540 1337 τὰ

1966 1369 2338 1439 ὑπάρχοντα,
2391 1371 2545 1443 φησὶ,
2593 1371 2691 1424 καὶ
2731 1371 2838 1436 δὸς
2877 1368 3158 1437 πτωχοῖς,
3204 1368 3302 1421 καὶ
3363 1366 3540 1434 δεῦρο

1969 1458 2287 1512 ἀκολούθει
2320 1473 2457 1526 μοι’
2486 1457 2585 1528 τὴν
2617 1457 2705 1510 διὰ
2740 1459 2847 1509 τῶν
2880 1456 3060 1528 ἔργων
3108 1455 3339 1525 μίμησιν
3366 1454 3541 1520 λέγων

1968 1543 2344 1613 ἁκολούθησιν.
2370 1542 2435 1595 Τί
2457 1543 2636 1596 τοίνυν
2657 1541 2904 1594 ἐντεῦθεν
2925 1539 3267 1610 μανθάνομεν
3289 1536 3543 1608 ;Πρῶτον

1975 1627 2097 1698 μὲν,
2129 1627 2211 1679 ὅτι
2251 1629 2344 1680 τὸν
2384 1627 2456 1698 μὴ
2489 1627 2666 1680 πάντα
2714 1625 2906 1695 ἔχοντα
2944 1622 3119 1676 ταῦτα
3161 1621 3261 1674 οὐκ
3313 1620 3391 1673 ἑνι
3437 1619 3546 1670 τῶν

1975 1711 2258 1782 πρωτείων
2297 1713 2572 1779 ἐπιτυχεῖν
2621 1708 2730 1762 τῶν
2769 1710 2827 1760 ἐν
2853 1710 2917 1778 τῇ
2958 1705 3110 1777 λήξει
3138 1705 3342 1777 ἐκείνῃ.
3388 1703 3546 1756 Μετὰ

1973 1799 2082 1864 γὰρ
2121 1793 2183 1846 τὸ
2221 1796 2395 1848 εἰπεῖν
2428 1793 2610 1855 αὑτὸν,
2646 1793 2727 1845 ὅτι
2757 1791 2940 1845 Πάντα
2971 1789 3221 1860 ἐποίησα,
3252 1788 3328 1851 ώς
3374 1803 3548 1840 κατα-

1974 1875 2326 1948 λελειμμένου
2359 1875 2598 1948 μεγάλου
2641 1875 2785 1938 τινὸς
2817 1875 2901 1936 είς
2924 1873 3136 1926 τελείαν
3173 1870 3548 1939 εὐδοκίμησιν,

1975 1961 2152 2028 λέγει’
2189 1962 2260 2014 Et
2301 1960 2497 2025 θέλεις
2536 1958 2764 2023 τέλειος
2786 1952 2961 2020 εἶναι,
2989 1953 3280 2020 πώλησόν
3314 1967 3430 2005 σου
3475 1951 3550 2004 τὰ

1974 2039 2344 2108 ὑπάρχοντα,
2367 2039 2465 2093 καὶ
2483 2038 2590 2102 δὸς
2618 2035 2894 2106 πτωχοῖς,
2915 2035 3012 2088 καί
3036 2033 3212 2102 δεῦρο
3233 2031 3552 2086 ἀκολούθει

1971 2139 2093 2192 μοι.
2120 2122 2343 2192 Πρῶτον
2381 2122 2478 2192 μὲν
2499 2117 2592 2174 οῦν
2617 2120 2774 2172 τοῦτο
2798 2118 2912 2171 ἐστι
2944 2116 3133 2188 μαθεῖν
3156 2134 3169 2148 ·
3201 2115 3448 2183 δεύτερον
3469 2113 3547 2176 δέ,

1976 2207 2058 2260 ὅτι
2092 2207 2186 2260 καὶ
2229 2204 2390 2259 αὐτὸν
2430 2207 2636 2258 ἐκεῖνον
2681 2202 2960 2273 διήλεγξεν
3004 2201 3124 2270 εἰκῆ
3178 2196 3550 2269 κομπάζοντα.

1990 2289 2048 2344 '0
2079 2290 2186 2360 γὰρ
2218 2289 2276 2341 ἐν
2304 2287 2594 2359 περιουσία
2623 2285 2856 2356 τοσαύτῃ
2903 2284 3032 2349 ζῶν,
3083 2283 3176 2337 καὶ
3207 2283 3332 2344 τοὺς
3361 2279 3556 2342 ἀλλους

1978 2371 2256 2444 περιορῶν
2281 2372 2339 2424 ἐν
2377 2370 2560 2441 πενίᾳ,
2596 2369 2714 2432 πῶς
2741 2367 2806 2422 ἂν
2839 2367 2930 2421 τὸν
2964 2365 3192 2438 πλησίον
3231 2363 3552 2433 ήγάπησενς

1979 2457 2054 2510 Ού
2082 2456 2260 2510 τοίνυν
2289 2454 2411 2508 ούδέ
2445 2456 2620 2507 ἐκεῖνο
2653 2451 2868 2522 άληθῶς
2899 2447 3072 2504 εἶπεν.
3107 2449 3246 2502 Ἀλλ’
3273 2450 3436 2518 ἡμεῖς
3462 2445 3557 2498 κά-

1980 2539 2128 2590 κεῖνο
2153 2537 2247 2589 καὶ
2287 2534 2463 2588 ταῦτα
2490 2533 2754 2604 ποιῶμεν,
2788 2532 2881 2586 καὶ
2911 2529 3302 2598 σπουδάζωμεν
3330 2527 3399 2580 τὰ
3427 2526 3558 2579 ὅντα

1981 2619 2238 2682 κενῶσαι,
2287 2616 2504 2672 καὶτὸν
2550 2615 2778 2687 οὐρανὸν
2825 2612 3112 2685 πρίασθαι.
3159 2613 3219 2664 Εἰ
3252 2611 3362 2680 γὰρ
3411 2607 3556 2678 ύπέρ

1982 2701 2294 2773 ἀξιώματός
2345 2718 2431 2762 τις
2483 2697 2736 2770 βιωτικοῦ
2769 2698 2896 2768 ὃλην
2925 2695 3185 2758 πολλάκις
3219 2694 3316 2764 τὴν
3366 2690 3556 2744 οὐσίαν

1983 2787 2278 2850 ἐπέδωκεν,
2312 2783 2619 2856 ἀξιώματος
2650 2781 2744 2835 τοῦ
2778 2781 3061 2852 μέλλοντος
3088 2778 3321 2833 ἐνταῦθα
3352 2778 3554 2846 μένειν.

1983 2871 2105 2925 οὐδὲ
2149 2869 2316 2923 πολὺν
2351 2879 2373 2908 ο
2415 2867 2823 2940 παραμένοντος
2849 2865 3041 2936 χρόνον
3074 2862 3281 2931 (πολλοὶ
3326 2860 3434 2931 γὰρ
3463 2869 3559 2912 και

1987 2954 2095 3025 πρὸ
2144 2951 2340 3006 πολλοῦ
2375 2952 2476 3019 τῆς
2525 2951 2782 3020 τελευτῆς
2834 2949 3039 3018 ταύτην
3086 2945 3424 3000 ἀπεδύσαντο
3454 2940 3558 3012 ’τὴν

1986 3037 2179 3110 ἀρχὴν,
2211 3037 2388 3107 ἐτεροι
2413 3035 2469 3088 δέ
2518 3034 2606 3088 διὰ
2641 3032 2844 3104 ταύτην
2890 3030 3280 3102 ἐζημιώθησαν
3323 3028 3419 3081 καὶ
3458 3025 3560 3097 τὴν

1987 3123 2133 3192 ζωὴν
2159 3120 2330 3192 αὐτὴν
2360 3117 2648 3182 πολλάκις·
2680 3117 2795 3171 ἀλλ’
2823 3118 2972 3188 ὅμως
3005 3115 3100 3168 καὶ
3124 3116 3298 3168 ταῦτα
3335 3110 3557 3174 εἰδότες.

1987 3205 2173 3260 πάντα
2205 3203 2454 3258 κενοῦσιν
2483 3202 2622 3272 ὑπὲρ
2649 3201 2871 3272 αὐτῆς)ο
2901 3202 2950 3253 εἰ
2974 3199 3154 3252 τοίνυν
3179 3197 3320 3267 ὑπὲρ
3356 3194 3560 3264 ταύτης

1985 3288 2224 3342 τοσαῦτα
2258 3286 2522 3348 ποιοῦσιν,
2566 3286 2704 3356 ὑπὲρ
2724 3285 2824 3355 τῆς
2876 3283 3142 3354 μενούσης
3181 3282 3416 3350 ἐκείνης,
3467 3278 3563 3332 καὶ

1987 3369 2370 3439 ἀναφαιρέτου,
2411 3368 2463 3422 τί
2496 3369 2690 3438 γένοιτ’
2735 3368 2800 3422 ἂν
2845 3367 3002 3438 ήμῶν
3031 3364 3380 3435 ἀθλιώτερον,
3425 3361 3562 3434 μηδέ

1988 3453 2146 3520 ὀλίγα
2191 3450 2555 3522 προϊεμένων,
2599 3448 2734 3520 μηδέ
2783 3447 2956 3501 ταῦτα
2994 3445 3344 3516 παρεχόντων
3381 3444 3419 3498 ἃ
3466 3443 3563 3497 καὶ

1993 3534 2191 3606 μικρὸν
2220 3532 2442 3604 ὓστερον
2459 3533 2613 3593 ὄντες
2637 3529 2872 3586 ἐνταῦθα
2891 3529 2919 3570 ἀ
2935 3529 3221 3600 ἀφήσομεν
3242 3545 3257 3594 ;
3285 3526 3452 3590 Ποίας
3467 3523 3562 3579 οῦν

1988 3617 2159 3672 ταῦτα
2179 3618 2279 3670 οὐκ
2298 3618 2364 3671 ἂν
2383 3615 2469 3687 εἴη
2503 3615 2720 3686 μανίας,
2745 3612 2888 3683 ἅπερ
2913 3614 3136 3674 ἄκοντες
3155 3609 3389 3682 ἁφαιρού
3399 3608 3560 3678 μεθα,

1987 3703 2165 3758 ταῦτα
2188 3700 2364 3772 παρὸν
2391 3700 2615 3762 ἑκόντας
2652 3695 2835 3751 δοῦναι
2860 3697 2955 3749 καὶ
2983 3694 3101 3766 μεθ’
3132 3694 3341 3747 ἑαυτῶν
3377 3693 3562 3746 λαϐεῖν

1995 3786 2070 3858 μὴ
2106 3783 2469 3856 βουληθῆναι;
2517 3780 2655 3834 Ἀλλ’
2688 3782 2736 3834 εί
2767 3779 2867 3850 μὲν
2893 3780 2984 3833 ἐπὶ
3013 3777 3242 3832 θάνατόν
3271 3794 3354 3840 τις
3379 3777 3562 3846 ἤγετο,

1992 3867 2111 3925 εἶτα
2135 3868 2425 3941 προύκειτο
2457 3866 2635 3920 πάντα
2665 3864 2735 3918 τά
2761 3864 2890 3918 ὅντα
2919 3863 3217 3935 προέμενον
3245 3860 3566 3929 ἀπαλλαγῆ-

1993 3973 2102 4012 ναι,
2142 3953 2235 4007 καὶ
2280 3954 2439 4023 χάριν
2485 3949 2552 4002 ἂν
2593 3949 2654 4000 τὸ
2704 3949 2936 4018 πρᾶγμα
2965 3946 3327 4016 ἐνομίσαμενο
3368 3944 3463 3997 νῦν
3507 3945 3565 3996 δέ

1995 4038 2168 4109 παρὸν
2216 4036 2315 4108 τὴν
2353 4035 2446 4088 ἐπὶ⁵
2495 4033 2716 4100 γέενναν
2759 4029 3061 4100 ἀγομένους
3100 4028 3238 4090 ὁδὸν,
3273 4027 3340 4080 τά
3387 4027 3564 4097 ἡμίση

1995 4121 2187 4185 δόντας
2211 4117 2662 4190 ἐλευθερωθῆναι,
2681 4111 3100 4185 αἱρούμεθακαὶ
3126 4109 3450 4173 κολάζεσθαι
3472 4113 3566 4162 καὶ

1995 4205 2245 4273 κατέχειν
2283 4203 2405 4271 είκῆ
2449 4201 2517 4253 τὰ
2571 4200 2646 4271 μὴ
2694 4198 2968 4270 ἡμέτερα,
3017 4195 3159 4249 ὥστε
3203 4195 3273 4250 τὰ
3324 4195 3567 4266 ἡμέτερα

1992 4287 2275 4358 προέσθαι.
2306 4287 2439 4339 Τίνα
2463 4281 2556 4338 οῦν
2576 4283 2768 4353 ἐξομεν
2787 4281 3080 4349 ἀπολογίαν
3104 4297 3118 4345 ;
3146 4280 3304 4334 ποίαν
3324 4277 3568 4346 συγγνώ-

1996 4388 2124 4441 μην,
2145 4369 2316 4434 οῦτως
2333 4368 2556 4422 εὐκόλου
2580 4365 2931 4437 τετμημένης
2944 4368 3073 4436 ἡμῖν
3097 4362 3218 4418 ὁδοῦ
3245 4364 3382 4432 πρὸς
3398 4362 3566 4432 ζωὴν,

1994 4454 2137 4509 κατά
2166 4453 2429 4526 κρημνῶν
2458 4452 2770 4522 φερόμενοι,
2796 4451 2892 4502 καὶ
2922 4448 3020 4519 τὴν
3052 4448 3298 4518 ἄκαρπον
3324 4445 3567 4515 βαδίζον-

1991 4557 2083 4603 τες
2116 4537 2255 4599 όδὺν,
2291 4536 2513 4590 καὶτῶν
2537 4533 2770 4589 ἐνταῦθα
2791 4534 2883 4587 καὶ
2914 4532 3022 4586 τῶν
3056 4533 3172 4584 ἐκεῖ
3201 4531 3418 4583 πάντων
3441 4530 3569 4580 ἐαυ-

1992 4625 2120 4688 τοὺς
2148 4619 2600 4694 ἀποστεροῦντες,
2633 4617 2804 4688 παρὸν
2845 4617 3130 4686 ἀμφότερα
3169 4612 3568 4685 καρπώσασθαι

1997 4707 2134 4780 μετὰ
2155 4706 2368 4770 ἀδείας;
2410 4703 2550 4757 Ἀλλ’
2575 4704 2623 4755 εί
2652 4703 2745 4755 καὶ
2775 4701 2848 4772 μὴ
2874 4700 3162 4772 πρότερον,
3191 4699 3293 4752 κᾶν
3317 4696 3411 4750 νῦν
3438 4696 3568 4763 γοῦν
3643 4754 3653 4766 ο

1993 4792 2397 4860 ἀνενέγκωμεν,
2420 4787 2513 4840 καὶ
2535 4785 2691 4856 ἡμῶν
2721 4784 2901 4838 αὐτῶν
2927 4783 3205 4852 γενόμενοι
3234 4780 3302 4834 τὰ
3326 4781 3569 4851 παρόντα

1994 4875 2266 4946 διαθῶμεν
2289 4874 2368 4936 είς
2390 4871 2528 4936 δέον,
2562 4871 2649 4922 ἵνα
2671 4871 2764 4922 καὶ
2794 4869 2860 4921 τὰ
2888 4868 3149 4937 μέλλοντα
3177 4866 3292 4936 μετ’
3319 4865 3568 4928 εὐκολίας

1993 4959 2271 5027 λάὸωμεν,
2303 4956 2489 5027 χάριτι
2521 4956 2616 5008 καὶ
2647 4951 3027 5022 φιλανθρωπίᾳ
3053 4948 3147 5002 τοῦ
3170 4948 3378 5019 Κυρίου
3410 4948 3567 5018 ἡμῶν

2008 5043 2181 5113 Ἰησοῦ
2211 5041 2469 5113 Χριστοῦ,
2513 5039 2630 5111 μεθ’
2674 5032 2734 5091 οῦ
2772 5037 2849 5106 τῷ
2884 5037 3058 5108 Πατρὶ
3101 5037 3135 5106 ἠ
3167 5035 3315 5101 δόξα,
3343 5032 3460 5102 ἅμα
3491 5031 3569 5102 τῷ

1997 5128 2134 5199 ἁγίῳ
2157 5127 2458 5199 Πνεύματι,
2483 5127 2565 5188 είς
2584 5125 2712 5186 τοὺς
2733 5123 2934 5184 αἰῶνας
2961 5121 3069 5174 τῶν
3093 5118 3325 5173 αἰώνων.
3369 5117 3563 5186 Ἀμήν.

2057 5279 2085 5318 ι)
2110 5281 2206 5328 Alii
2231 5277 2597 5340 έκακηγόρησεν.
2743 5272 3012 5340 μήιῆμυνεν
3049 5267 3370 5340 ἀδικουμένῳ,

1996 5343 2235 5418 μετέδωκε
2275 5326 2570 5391 τῶνηόντων,
2619 5335 2708 5382 οὐκ
2746 5326 2984 5402 ἠγάπησε.
3070 5334 3093 5360 ο
3137 5326 3288 5376 Saﬁl.
3320 5326 3378 5373 Vel
3421 5326 3561 5394 (ξορα.

2027 5402 2086 5418 mu
2127 5403 2216 5418 ..ηρ
2312 5399 2334 5408 -·
2394 5401 2480 5418 ,A‘
2519 5413 2622 5418 __-_-
2667 5396 2861 5418 2-._-_..n._
2903 5394 3053 5418 ...’......
3113 5392 3190 5418 ..ι-ξ
3235 5389 3340 5418 ...διὲξ
3371 5389 3561 5418 Sua-nullm

2003 5389 2219 5456 705.7706
2254 5399 2340 5448 τοῦ
2376 5389 2624 5461 μέλλοντος
2666 5389 2864 5461 ἐνταῦθα
2903 5394 3071 5461 μένειν..
3113 5392 3194 5461 καί
3235 5389 3342 5436 οὐδὲ
3369 5389 3568 5461 ἐνταῦθα

1995 5449 2178 5512 πολύνί
2196 5449 2386 5511 ναίω-ΘΠ
2406 5458 2490 5507 τοῦ
2522 5461 2586 5514 μή
2613 5449 2866 5518 μέλλοντος
2906 5449 3102 5518 ἐνταῦθα
3132 5452 3308 5518 μένεινἱ
3355 5449 3464 5496 ούδέ
3495 5452 3565 5518 τῷ

2289 5523 2450 5588 πολύν.
2518 5510 2546 5558 ἆ
2570 5510 2856 5588 Ῐ.ὁςθιιόιιῐη
2889 5521 3030 5576 putat,
3052 5510 3262 5588 ZSafilius
3281 5511 3472 5565 ἄκοντες
3493 5510 3568 5557 ἐν·
3627 5530 3636 5556 π

2003 5574 2179 5649 milia;
2201 5574 2254 5636 ἦθ’
2269 5586 2388 5633 mihi
2413 5595 2510 5630 non
2533 5574 2733 5632 omnino
2757 5574 2987 5640 probélur
3021 5574 3082 5623 ob
3105 5575 3297 5629 ἄκοντες
3330 5584 3566 5633 sequens.

3383 5676 3568 5690 ν--σ-οα

1577 5767 1584 5773 ·
1697 5753 1857 5827 [2'56]
1898 5751 2142 5809 OMIAIA
2180 5749 2270 5802 M'.

336 5851 482 5906 ἐὰν
509 5851 624 5920 ἐγὼ
652 5851 926 5920 μαρτιιοῶ
962 5864 989 5892 ιι
1034 5853 1160 5921 περὶ
1207 5851 1483 5920 ἐμαυτοῦ,
1522 5849 1560 5917 ἡ
1599 5849 1891 5918 μαρτυρία

396 5939 519 5989 μου
554 5923 664 5975 οὐκ
687 5922 861 5975 ἐστιν
886 5921 1140 5988 ἀληθής.
1177 5924 1391 5986 Ἄλλος
1419 5921 1588 5974 ἐστὶν
1627 5923 1658 5972 ό
1681 5936 1890 5986 μαρτυι

403 6010 434 6042 ⁸
457 6009 631 6059 Morel.
649 6009 733 6058 ἀπ’
755 6008 984 6070 ἐμαυτοῦ,
1018 6016 1069 6059 ει
1092 6023 1200 6058 mox
1228 6010 1298 6057 ἐπ’
1323 6007 1454 6070 ἐμοῦ,
1481 6009 1557 6057 καὶ
1578 6007 1698 6055 οἶδα.
1717 6049 1719 6052 ι

1985 5856 1992 5862 ·
2058 5841 2184 5912 ρῶν
2227 5840 2359 5912 περὶ
2397 5837 2565 5912 ἐμοῦ)
2605 5837 2704 5889 καὶ
2741 5830 2873 5888 οἶδα
2910 5833 2999 5886 ὅτι
3049 5832 3284 5901 ἀληθής
3325 5831 3496 5886 ἐστιν
3529 5831 3567 5898 ἡ

2065 5907 2355 5982 μαρτυρία
2374 5907 2580 5962 αὑτοῦ.

2073 6007 2140 6055 α’.
2161 5999 2225 6050 Εἴ
2251 6015 2333 6060 τις
2359 5996 2542 6067 χώραν
2568 5994 2891 6066 μεταλλικὴν
2908 5993 3220 6065 ἀνορύττειν
3241 5987 3566 6066 ἐπιχειροίη,
