4100 6364
327 477 521 521 nurum
541 477 647 518 non
664 463 881 527 el'llcict,
903 463 1081 518 omnia
1103 471 1305 517 temere
1326 461 1590 527 miscebit,
1608 461 1814 530 eritque
1835 459 1916 511 la-

330 556 432 612 bor
446 555 562 626 ejus
580 556 803 622 inutilis,
824 556 930 608 imo
946 554 1154 609 noxius.
1174 551 1247 606 Ita
1263 554 1352 623 qtti
1369 553 1665 607 divinarum
1680 550 1919 621 Scriptu-

329 660 513 701 rarum
540 647 974 717 consequentiam
1002 661 1106 699 non
1130 652 1346 711 norunt,
1374 659 1546 714 neque
1568 645 1920 714 proprietates

328 748 384 792 et
416 738 569 809 leges
596 739 712 807 ejus
738 739 1019 807 explorant
1039 778 1053 800 ,
1084 736 1177 792 sed
1206 737 1521 806 simpliciter
1550 745 1605 791 et
1628 753 1733 790 uno
1761 734 1920 789 modo

329 833 515 886 omnia
541 840 880 901 percurrunt,
904 846 1090 884 aurum
1116 845 1235 884 cum
1268 839 1408 883 terra
1432 829 1738 893 miscentes,
1769 842 1922 881 num-

331 938 495 993 quam
541 923 830 992 repositum
878 923 932 977 in
979 922 1067 977 illa
1110 921 1418 978 thesaurum
1455 920 1749 974 invenient.
1797 916 1924 973 Haec

332 1030 499 1085 porro
520 1031 660 1071 nunc
674 1016 803 1080 dixi,
828 1015 946 1085 quia
969 1016 1013 1071 is
1032 1017 1117 1086 qui
1136 1016 1244 1085 jam
1271 1014 1583 1084 proponitur
1599 1012 1766 1076 locus,
1791 1012 1926 1065 mul-

342 1119 452 1161 tum
482 1108 701 1177 quidem
731 1123 921 1162 aurum
950 1106 1127 1170 habet.
1156 1122 1263 1162 non
1290 1105 1505 1176 quidem
1535 1105 1879 1174 conspicuum
1906 1145 1922 1171 ,

338 1199 431 1253 sed
455 1200 780 1254 obscuritate
801 1200 965 1254 multa
988 1199 1315 1254 obvolutum.
1338 1198 1693 1265 Quamobrem
1716 1206 1928 1266 Oportet

341 1288 593 1347 fodiendo
613 1302 667 1346 et
693 1308 755 1347 ex
764 1292 1040 1363 purgando
1066 1292 1132 1347 ad
1154 1309 1337 1348 verum
1360 1307 1578 1347 sensum
1603 1293 1924 1361 pertingere.

341 1382 470 1449 Quis
500 1383 645 1436 enim
687 1399 792 1436 non
824 1384 1002 1437 statim
1028 1382 1271 1437 turbetur
1303 1382 1526 1437 audiens
1552 1382 1823 1436 Christum
1849 1380 1930 1434 di-

342 1483 579 1539 centem,
614 1474 675 1528 Si
699 1491 791 1544 ego
830 1475 1168 1529 testimonium
1193 1475 1428 1545 perhibeo
1454 1474 1516 1527 de
1534 1474 1724 1545 nteipso
1746 1510 1775 1539 ,.
1792 1473 1928 1526 testi-

344 1568 571 1619 monium
630 1584 796 1620 meum
844 1584 1013 1621 verum
1054 1584 1155 1621 non
1194 1568 1315 1622 est.’
1358 1567 1486 1621 Nam
1514 1582 1657 1635 Stepe
1687 1566 1930 1621 videmus

346 1657 490 1712 illum
520 1658 589 1713 de
631 1659 809 1726 seipso
841 1660 1204 1713 testimonium
1233 1660 1548 1729 perhibere;
1580 1659 1928 1715 Samaritana:

346 1752 543 1820 quippe
572 1751 782 1805 dicebat
807 1793 823 1814 ,
858 1749 967 1822 Ego
991 1769 1102 1806 sum
1141 1754 1227 1822 qui
1258 1754 1433 1823 loquor
1463 1762 1621 1805 tecum
1647 1750 1841 1821 (Joan.
1873 1751 1924 1804 4.

346 1842 415 1897 26
440 1843 496 1911 );
532 1852 588 1897 et
612 1858 758 1897 ςπερο
798 1844 1067 1908 similiter,
1100 1844 1197 1910 Qui
1229 1844 1449 1914 loquitur
1475 1854 1634 1897 tecum
1654 1886 1667 1908 ,
1699 1842 1787 1896 ille
1813 1852 1884 1897 est
1912 1857 1931 1906 ,-

348 1943 401 1988 et
423 1934 639 1988 Judazos
673 1935 974 2002 increpans,
1013 1934 1108 1988 Vos
1134 1935 1320 1999 dicitis,
1356 1934 1431 1990 Tu
1453 1936 1789 2005 blasphemas,
1814 1935 1932 2004 quia

350 2024 478 2089 diri,
506 2023 673 2077 Filius
699 2023 795 2077 Dei
815 2042 924 2077 sunt
950 2023 1146 2096 (Joan.
1170 2025 1225 2080 9.
1257 2025 1345 2079 57.
1370 2034 1419 2079 et
1440 2024 1527 2079 10.
1562 2024 1685 2096 56).
1722 2024 1931 2079 Etalihi

351 2130 492 2184 saepe
519 2115 788 2169 similiter.
816 2114 872 2170 Si
902 2131 1029 2186 ergo
1059 2115 1177 2170 hmc
1215 2118 1391 2170 omnia
1419 2116 1690 2171 mendacia
1716 2124 1928 2180 essent,

353 2224 472 2278 qua:
498 2208 654 2263 nobis
694 2216 842 2262 esset
883 2222 1010 2277 spes
1050 2207 1270 2262 salutis?
1298 2206 1450 2263 Unde
1488 2224 1618 2278 ergo
1656 2208 1932 2261 veritatem

354 2302 724 2370 reperiemus,
769 2315 889 2354 cum
937 2300 1051 2369 ipsa
1095 2301 1294 2354 veritas
1344 2300 1524 2366 dicat,
1576 2298 1937 2353 Testimonium

356 2408 523 2445 meum
547 2408 718 2445 verum
745 2407 846 2444 non
871 2393 986 2446 est?
1012 2390 1195 2461 Neque
1234 2391 1338 2446 hoc
1377 2399 1583 2445 tantum
1612 2390 1936 2446 contrarium

356 2485 588 2549 videtur,
605 2483 697 2537 sed
723 2482 864 2537 aliud
894 2498 1107 2553 quoque
1128 2499 1235 2537 non
1260 2483 1463 2546 minus;
1490 2497 1609 2535 nam
1632 2482 1685 2535 in
1706 2496 1938 2550 sequen—

359 2577 502 2631 tibus
530 2576 606 2629 ait
634 2592 648 2628 :
688 2573 755 2629 Et
781 2578 824 2629 si
853 2592 946 2646 ego
974 2578 1314 2629 testimonium
1343 2575 1578 2646 perhibeo
1621 2574 1686 2629 de
1712 2574 1902 2643 meipso
1921 2614 1937 2639 ,

361 2667 699 2720 testimonium
736 2682 903 2719 meum
943 2682 1114 2719 verum
1155 2676 1225 2721 est
1272 2664 1290 2736 (
1317 2664 1475 2719 Joan.
1504 2666 1558 2720 8.
1591 2664 1723 2735 14).
1755 2662 1941 2719 Utrum

359 2772 488 2827 ergo
518 2756 709 2811 horum
733 2756 1025 2828 accipiam?
1054 2766 1229 2812 utrum
1259 2756 1446 2811 falsum
1474 2755 1707 2827 putabo?
1731 2754 1865 2810 Nam
1895 2754 1941 2810 si

362 2846 477 2902 haec
496 2848 568 2901 ita
590 2850 977 2917 acceperimus,
997 2850 1138 2903 nulla
1162 2848 1295 2904 facta
1320 2864 1580 2919 personae,
1603 2848 1744 2903 nulla
1766 2863 1944 2904 causae

362 2949 415 2995 et
456 2948 777 2994 ceterorum
809 2940 1064 2995 similium
1105 2940 1489 3010 perquisitione
1516 2981 1531 3007 ,
1560 2950 1785 3010 utraque
1810 2939 1942 2994 falsa

364 3041 538 3085 erunt.
569 3030 624 3086 Si
656 3033 798 3085 enim
830 3031 1192 3086 testimonium
1220 3033 1337 3101 ejns
1366 3048 1548 3087 verum
1577 3049 1680 3085 non
1713 3040 1817 3090 est.
1851 3049 1946 3087 ne-

363 3137 467 3192 que
510 3121 615 3176 hoc
641 3122 811 3190 ipsum
844 3138 1026 3176 verum
1071 3134 1197 3189 est,
1229 3138 1400 3192 neque
1430 3122 1725 3192 posterius,
1773 3137 1945 3192 neque

365 3215 533 3284 prius.
563 3214 698 3281 Quid
726 3230 855 3284 ergo
880 3215 979 3269 sibi
1011 3216 1159 3269 vult?
1183 3215 1340 3269 Multa
1368 3216 1520 3269 nobis
1545 3230 1682 3284 Opus
1706 3224 1788 3269 est
1809 3214 1943 3283 vigi-

368 3307 553 3370 lantia,
582 3310 688 3361 imo
714 3308 894 3375 potius
923 3307 1018 3361 Dei
1040 3308 1231 3377 gratia,
1263 3324 1330 3361 ne
1352 3307 1507 3361 nudis
1532 3308 1708 3362 verbis
1735 3308 1946 3362 insista-

368 3415 506 3454 tntis.
536 3399 609 3453 Ita
656 3400 797 3453 enim
833 3398 1071 3453 hmretici
1117 3410 1335 3466 errant,
1367 3400 1493 3453 dum
1521 3416 1693 3469 neque
1724 3416 1943 3468 scopum

366 3490 626 3555 dicentis,
660 3491 1193 3559 neqne‘audientium
1224 3491 1471 3545 allectum
1502 3492 1801 3560 explorant.
1836 3490 1945 3545 Nisi

369 3596 496 3651 ergo
525 3581 639 3636 hare
669 3582 979 3649 adjiciamus
1005 3623 1018 3646 ,
1051 3582 1158 3635 imo
1176 3583 1278 3637 alia
1305 3599 1515 3653 quoque
1537 3626 1552 3648 ,
1586 3596 1641 3637 ut
1672 3592 1908 3652 tempora
1929 3626 1945 3651 ,

370 3673 513 3735 loca,
558 3671 861 3725 auditurum
887 3674 1166 3738 animum;
1201 3674 1364 3727 multa
1411 3684 1806 3743 consequentur
1844 3676 1943 3730 ab-

368 3762 547 3817 surda.
576 3762 714 3829 Quid
743 3764 841 3817 sibi
888 3765 999 3820 Vult
1028 3779 1157 3833 ergo
1186 3763 1236 3819 id
1263 3764 1403 3834 quod
1443 3766 1555 3834 jam
1582 3765 1779 3820 dictum
1821 3775 1905 3820 est
1924 3764 1950 3818 ν

370 3852 570 3907 Dieturi
618 3863 773 3907 erant
800 3853 966 3909 Judzci
992 3870 1006 3908 :
1036 3853 1097 3909 Si
1143 3865 1197 3908 tu
1240 3856 1572 3909 testimonium
1617 3856 1844 3928 perhibes
1887 3856 1950 3909 de

371 3946 568 4016 teipse,
600 3948 929 4000 testimonium
982 3958 1123 4000 tuum
1170 3964 1271 4002 non
1318 3959 1391 4002 est
1430 3966 1620 4002 verum.
1675 3949 1796 4003 Ideo
1836 3948 1949 4003 hare

371 4047 706 4106 prmoccupat
734 4052 796 4091 ac
810 4039 854 4091 si
876 4039 1074 4093 diceret
1098 4057 1109 4091 :
1132 4039 1326 4094 Dicetis
1353 4041 1535 4111 utique
1556 4040 1706 4106 mihi,
1730 4040 1819 4094 tibi
1840 4056 1946 4096 non

370 4127 637 4181 credimus
667 4146 680 4183 :
707 4144 863 4181 nemo
902 4130 1041 4183 enim
1074 4132 1162 4200 qui
1192 4132 1371 4186 statim
1398 4132 1466 4187 de
1495 4146 1553 4186 se
1587 4133 1948 4187 testimonium

373 4217 679 4286 perhibent.
697 4219 834 4287 apud
856 4219 1097 4274 homines
1118 4221 1381 4275 credetur.
1406 4222 1532 4277 Illud
1557 4238 1684 4292 ergo
1702 4264 1715 4286 ,
1742 4221 1861 4276 Non
1879 4232 1950 4277 est

369 4324 540 4362 verum
562 4347 578 4374 ,
626 4325 731 4362 non
761 4320 959 4365 temere
988 4312 1263 4381 legendum
1290 4354 1304 4379 ,
1334 4313 1425 4367 sed
1450 4314 1949 4383 subintelligendnm

370 4409 454 4453 est
481 4400 778 4454 secundum
804 4402 1011 4456 illorum
1033 4404 1360 4473 opinionem,
1384 4420 1445 4457 ac
1470 4405 1513 4458 si
1540 4405 1760 4469 diceret,
1788 4405 1949 4461 Vobis

373 4505 480 4543 non
516 4500 599 4545 est
630 4507 836 4547 verum.
882 4492 997 4548 Non
1040 4510 1167 4565 ergo
1192 4505 1375 4549 contra
1419 4498 1728 4567 dignitatem
1758 4512 1907 4549 suam
1930 4537 1946 4562 ,

372 4579 469 4634 sed
495 4591 683 4635 contra
730 4583 939 4637 illorum
966 4586 1272 4654 opinionem
1318 4587 1396 4641 sic
1424 4587 1678 4656 loquitur.
1712 4589 1790 4643 Ac
1828 4604 1948 4641 cum

372 4672 518 4739 dicit,
549 4673 907 4729 Testimonium
935 4694 1099 4730 meum
1124 4695 1293 4731 verum
1325 4696 1423 4732 non
1453 4690 1556 4746 est,
1588 4680 1798 4737 illorum
1826 4696 1951 4735 sen-

375 4768 593 4817 tentiam
643 4766 923 4834 coarguit,
965 4781 1172 4822 necnon
1203 4768 1555 4836 objectionem
1582 4811 1597 4836 ,
1646 4786 1803 4840 quam
1849 4771 1948 4840 ipsi

373 4856 603 4909 ohlaturi
630 4867 805 4910 erant.
836 4858 969 4911 Cum
999 4874 1127 4914 vero
1160 4859 1309 4927 dicit,
1342 4859 1405 4913 Et
1426 4862 1470 4913 si
1492 4878 1581 4931 ego
1610 4864 1949 4917 testimonium

374 4948 608 5013 perhibeo
656 4949 718 5000 de
764 4950 955 5019 meipso
976 4991 991 5015 ,
1042 4966 1211 5005 verum
1255 4960 1326 5005 est
1366 4953 1703 5006 testimonium
1744 4971 1909 5008 meum
1931 4995 1948 5022 ,

375 5039 542 5107 ipsam
572 5041 649 5095 rei
680 5054 920 5096 naturam
948 5044 1202 5108 ostendit,
1231 5046 1371 5114 quod
1403 5046 1605 5099 scilicet
1634 5047 1828 5115 ipsum,
1867 5057 1951 5102 ut-

376 5143 498 5199 pote
523 5132 689 5186 Deum
716 5176 730 5198 ,
762 5134 866 5188 [ide
887 5134 1104 5205 dignum
1129 5136 1277 5190 credi
1305 5147 1597 5206 oporteret,
1638 5139 1798 5191 etiam
1828 5154 1950 5194 eum

373 5224 443 5278 de
471 5227 649 5294 seipso
676 5227 1001 5295 l0qneretur.
1030 5229 1163 5295 Quia
1193 5230 1335 5283 enim
1363 5229 1571 5283 dixerat
1598 5230 1949 5285 resurrectio-

373 5333 495 5371 nem
523 5328 856 5374 mortuorum
885 5330 938 5375 et
974 5321 1232 5390 judicium
1256 5364 1271 5386 ,
1305 5332 1360 5376 et
1397 5322 1537 5392 quod
1566 5324 1653 5392 qui
1680 5323 1854 5377 credit
1897 5324 1949 5378 in

374 5408 546 5478 ipsum
573 5426 679 5464 non
700 5411 992 5478 judicatur,
1025 5412 1117 5466 sed
1143 5413 1211 5466 ad
1242 5414 1404 5467 vitam
1433 5414 1595 5479 venit,
1623 5423 1677 5468 et
1705 5415 1848 5484 quod
1874 5430 1954 5469 se-

371 5495 507 5553 dens
535 5501 773 5555 omnium
804 5502 1038 5557 rationes
1067 5502 1422 5572 expetiturus,
1448 5512 1501 5556 et
1526 5504 1665 5573 quod
1707 5505 1949 5560 eamdem

372 5587 567 5643 habeat
590 5630 607 5656 ,
656 5605 811 5658 quam
862 5591 1017 5645 Pater
1047 5634 1061 5657 ,
1091 5603 1407 5662 potestatem
1434 5603 1489 5648 et
1512 5598 1797 5659 virtutem;
1827 5612 1949 5651 cum

371 5679 490 5733 haec
517 5680 693 5734 omnia
720 5681 1133 5737 confirmaturus
1158 5694 1331 5750 esset,
1356 5686 1468 5740 alio
1496 5686 1655 5741 modo
1686 5686 1820 5743 hanc
1848 5688 1952 5743 ob-

357 5766 656 5833 Jcctionem
698 5772 1003 5828 necessario
1049 5774 1272 5845 primam
1326 5776 1492 5847 ponit.
1546 5777 1702 5848 Dixi,
1746 5781 1948 5851 mquit,

1329 346 1392 403 lN
1430 345 1739 403 JOANNEM
1778 339 2007 399 llOMlL.
2050 339 2161 397 XL.
2203 343 2278 399 al.
2318 342 2560 400 XXXIX.

3495 353 3603 412 250

2027 457 2175 511 Sicut
2215 455 2377 513 Pater
2402 461 2610 513 suscitat
2636 470 2862 513 mortuos
2890 472 2936 515 et
2972 462 3187 527 vini/ictu
3206 500 3223 527 ,
3251 463 3324 515 sic
3347 473 3396 517 et
3435 462 3600 519 Filius

2024 563 2149 616 quos
2198 550 2305 602 vult
2344 552 2568 619 viviﬁcat
2594 570 2611 615 ;
2639 553 2773 615 dixi,
2806 551 2983 619 Neque
3017 553 3171 607 Pater
3191 556 3392 623 judico!
3427 572 3605 626 quem-

2024 655 2196 709 quam,
2219 642 2308 695 sed
2328 658 2473 696 omne
2483 644 2735 712 judicium
2755 646 2890 697 dedit
2914 644 3085 711 Filio;
3106 646 3211 701 dixi
3237 646 3604 704 honorandum

2026 746 2148 786 esse
2176 732 2369 786 Filium
2401 736 2537 789 sicut
2567 735 2777 789 Patrem
2804 753 2819 796 :
2848 736 2955 790 dixi
2984 777 2998 797 .
3031 738 3132 803 Qui
3159 756 3259 792 non
3299 740 3602 808 honori/ient

2029 820 2259 887 Filium,
2300 840 2457 891 neque
2505 823 2713 878 Patrem
2765 826 3101 894 honori/ient;
3130 828 3236 882 dixi
3263 871 3277 889 ,
3326 828 3427 894 Qui
3468 833 3610 884 audit

2029 915 2176 966 verba
2201 930 2310 967 mea
2337 924 2384 967 et
2408 916 2564 968 credit
2590 933 2671 980 ea,
2702 934 2800 969 non
2831 918 3011 971 videbit
3034 931 3242 971 mortem
3268 922 3307 983 ¹,
3328 921 3415 974 sed
3440 936 3611 974 trans-

2029 1004 2163 1058 latus
2184 1015 2256 1059 est
2285 1022 2317 1059 a
2338 1016 2493 1060 morte
2521 1007 2587 1059 ad
2620 1009 2794 1071 vitam;
2818 1008 2949 1074 dixi,
2971 1025 3156 1064 vocem
3178 1025 3351 1065 meam
3379 1021 3612 1071 mortuos

2032 1097 2407 1151 suscitaturam
2430 1112 2568 1159 esse,
2597 1107 2650 1151 et
2675 1113 2812 1152 nunc
2838 1109 2891 1153 et
2921 1109 3100 1167 postea
3128 1117 3142 1164 ;
3170 1101 3301 1168 dixi,
3333 1118 3418 1155 me
3445 1103 3610 1157 ratio.

2033 1201 2155 1240 nent
2177 1188 2415 1241 omnium
2444 1197 2779 1257 peccatorum
2812 1191 3158 1258 repetiturum
3186 1206 3337 1255 esse;
3361 1193 3491 1258 dixi,
3522 1212 3609 1251 me

2032 1295 2153 1334 esse
2176 1281 2318 1348 juste
2340 1281 2725 1349 judicatnrum.
2756 1297 2821 1337 ac
2847 1283 3147 1338 mercedem
3181 1284 3314 1340 bene
3338 1290 3611 1354 operanti-

2032 1370 2131 1426 bus
2177 1372 2444 1426 datnrum.
2489 1372 2621 1439 Quia
2651 1389 2779 1443 ergo
2821 1374 2908 1428 illa
2934 1376 3110 1429 omnia
3142 1378 3339 1444 prolata
3382 1377 3611 1444 fuerant,

2035 1473 2091 1517 et
2116 1478 2305 1533 magna
2350 1464 2564 1534 quidem
2591 1476 2745 1520 erant
2770 1506 2785 1530 ,
2820 1467 3051 1521 necdum
3083 1478 3259 1521 tamen
3303 1452 3420 1523 data
3446 1471 3616 1526 fuerat

2035 1552 2225 1608 horum
2248 1555 2392 1609 clara
2419 1556 2825 1626 demonstratio,
2858 1558 2952 1613 sed
2977 1560 3203 1614 obscura
3228 1560 3417 1630 plane:
3444 1563 3616 1630 primo

2033 1644 2173 1712 quod
2202 1645 2553 1714 objiciebatur
2574 1649 2737 1717 ponit,
2766 1650 2832 1702 ad
2860 1650 3120 1704 dictorum
3148 1666 3325 1705 veram
3358 1652 3617 1708 rationem

2033 1746 2321 1801 venturus;
2350 1754 2414 1792 ac
2438 1739 2482 1794 si
2512 1740 2579 1793 ita
2604 1740 2925 1810 loqueretur,
2956 1745 3052 1797 etsi
3079 1760 3181 1797 non
3209 1745 3395 1799 iisdem
3418 1747 3617 1801 verbis.

2036 1829 2143 1885 Sed
2169 1830 2394 1886 fortasse
2421 1832 2609 1888 dicetis
2635 1851 2647 1886 :
2672 1834 2794 1888 Hmc
2820 1837 2995 1889 omnia
3022 1848 3074 1890 ttt
3100 1838 3253 1900 dicis,
3284 1855 3381 1892 nec
3413 1856 3473 1895 es
3517 1841 3621 1896 [ide

2035 1922 2228 1992 dignus
2254 1926 2419 1988 testis,
2446 1926 2533 1996 qui
2559 1926 2649 1980 tibi
2674 1926 2772 1997 ipsi
2800 1929 3158 1983 testimonium
3182 1931 3484 2001 perltiheas.
3510 1932 3619 1989 llac

2039 2012 2216 2083 itaque
2253 2015 2459 2069 ratione
2507 2017 2679 2086 primo
2716 2019 2929 2073 solvens
2961 2020 3169 2075 illorum
3201 2025 3617 2087 contentionem,

2039 2107 2179 2177 quod
2210 2122 2271 2162 ea
2301 2124 2421 2178 qua;
2459 2109 2652 2164 dicturi
2685 2122 2839 2166 erant
2877 2112 3142 2181 proferret
3166 2156 3182 2179 ,
3212 2116 3623 2188 ostenderetque

2043 2214 2103 2254 se
2129 2214 2320 2254 arcana
2349 2201 2529 2255 cordis
2567 2217 2751 2257 eorum
2784 2219 2943 2259 nosse
2962 2245 2979 2271 ,
3008 2215 3061 2259 et
3089 2206 3226 2261 hanc
3253 2208 3477 2277 primam
3508 2211 3622 2265 vir-

2043 2292 2171 2346 tutis
2210 2308 2321 2346 sutc
2367 2292 2880 2350 demonstrationem
2913 2296 3171 2352 exhibens
3195 2340 3210 2362 ,
3242 2299 3455 2355 demum
3506 2312 3627 2372 post

2043 2384 2396 2453 objectionem
2446 2386 2742 2454 prolatam,
2776 2388 2908 2441 alias
2950 2388 3120 2443 adfert
3144 2390 3627 2450 demonstrationes

2045 2476 2216 2531 claras
2244 2486 2299 2532 et
2322 2478 2788 2548 inexpugnabiles;
2819 2489 2927 2533 tres
2950 2480 3223 2536 adducens
3245 2493 3429 2548 testes,
3460 2499 3623 2554 Opera

2046 2582 2141 2622 sua
2169 2608 2183 2633 ,
2208 2568 2380 2625 Patris
2413 2570 2802 2636 testimonium,
2827 2581 2881 2625 et
2910 2570 3131 2626 Joannis
3161 2574 3622 2641 prmdicationem.

2048 2659 2394 2729 Primumque
2424 2662 2784 2715 testimonium
2816 2664 2993 2732 ponit,
3024 2663 3075 2717 id
3102 2664 3242 2731 quod
3272 2666 3446 2721 minus
3474 2676 3589 2721 erat
3609 2709 3624 2735 ,

2048 2767 2241 2823 nempe
2264 2751 2505 2808 Joannis.
2539 2752 2668 2807 Cum
2688 2752 2828 2808 enim
2848 2752 3088 2821 dixisset,
3120 2754 3262 2810 Alius
3289 2768 3360 2810 est
3380 2758 3465 2822 qui
3494 2759 3631 2812 testi-

2048 2844 2274 2896 monium
2304 2843 2526 2912 perhibet
2564 2844 2625 2896 de
2651 2860 2748 2910 me,
2778 2855 2825 2898 et
2849 2845 2953 2899 scio
2972 2846 3089 2915 quia
3113 2862 3282 2899 verum
3310 2858 3380 2902 est
3408 2850 3630 2903 testimo-

2049 2934 2192 2987 nium
2217 2935 2327 3003 ejus
2350 2948 2367 2996 ;
2394 2933 2631 2988 subdidit
2654 2952 2668 2988 :
2698 2936 2789 2990 33.
2830 2933 2927 2988 Vos
2953 2936 3159 2989 misistis
3185 2938 3253 2990 ad
3277 2937 3551 3004 Joannem,
3581 2949 3628 2994 ct

2049 3025 2387 3077 testimonium
2421 3024 2669 3093 perhibuit
2694 3026 2906 3078 veritati.
2941 3029 3095 3096 Atqui
3118 3028 3162 3081 si
3195 3043 3298 3081 non
3330 3040 3413 3084 est
3442 3046 3628 3085 verum

2052 3115 2413 3170 teSIimonium
2446 3125 2591 3169 tuum
2616 3157 2631 3179 ,
2659 3117 2926 3187 quomodo
2950 3118 3083 3173 dicis
3101 3159 3115 3182 ,
3147 3119 3341 3175 Verum
3369 3132 3452 3177 est
3480 3123 3631 3178 testio

2051 3208 2286 3262 monium
2312 3207 2568 3272 Joannis;
2600 3219 2674 3269 et,
2719 3208 3080 3264 Testimonium
3114 3213 3361 3282 perhibuit
3384 3217 3581 3270 veritati
3603 3217 3631 3270 .’

2052 3298 2237 3353 Viden’
2270 3314 2429 3367 quam
2460 3300 2663 3353 clarum
2693 3301 2775 3354 vel
2800 3300 2922 3355 inde
2951 3305 3042 3366 sit,
3072 3304 3200 3357 illud
3223 3346 3237 3367 ,
3267 3302 3632 3360 Testimonium

2051 3408 2215 3444 meum
2256 3408 2356 3444 non
2385 3402 2457 3444 est
2496 3407 2665 3445 verum
2690 3434 2706 3459 ,
2744 3393 3005 3450 adversus
3031 3411 3215 3450 eorum
3260 3401 3619 3468 suspicionem

2051 3482 2251 3537 dictum
2283 3481 2491 3536 fuisse?

2113 3574 2166 3629 2.
2181 3573 2396 3628 Joannis
2412 3573 2656 3645 Baptista
2672 3576 2934 3629 testimonii
2954 3579 3219 3643 certiludo;
3234 3581 3389 3648 ipsius
3412 3566 3508 3634 Dei
3528 3594 3635 3637 erat

2051 3666 2404 3719 testimonium.
2423 3665 2644 3735 Operam
2669 3664 2854 3721 Christi
2872 3670 3205 3722 testimonium
3226 3672 3636 3728 ineluctabile.—

2052 3757 2186 3824 Quid
2231 3756 2275 3811 si
2320 3758 2430 3820 ille,
2464 3757 2689 3827 inquies,
2730 3759 3084 3813 testimonium
3112 3760 3177 3815 ad
3206 3764 3428 3830 gratiam
3456 3767 3637 3833 perhi-

2054 3849 2200 3904 buit?
2238 3848 2315 3903 Ne
2350 3848 2453 3903 hoc
2486 3850 2728 3904 dicerent
2751 3889 2767 3913 ,
2797 3850 2916 3904 vide
2955 3854 3222 3920 quomodo
3261 3853 3400 3910 hanc
3438 3860 3637 3912 amovit

2056 3939 2436 4009 suspicionem.
2481 3939 2597 3995 Non
2631 3940 2772 3995 enim
2815 3941 2965 4005 dixit,
2995 3941 3229 3998 Joannes
3274 3948 3635 4003 testimonium

2056 4033 2320 4102 perhibuit
2345 4032 2413 4088 de
2442 4048 2556 4096 me;
2589 4034 2681 4087 sed
2702 4034 2869 4104 prius,
2901 4034 2997 4088 Vos
3025 4036 3230 4092 misistis
3249 4039 3317 4091 ad
3344 4040 3636 4105 Joannem;

2057 4141 2160 4179 non
2209 4125 2486 4180 misissetis
2528 4134 2741 4191 autem,
2788 4127 2887 4180 nisi
2922 4126 3027 4180 title
3067 4128 3282 4197 dignum
3329 4133 3635 4185 existimas-

2056 4216 2203 4271 setis.
2260 4215 2520 4286 Quodque
2576 4216 2747 4283 majus
2795 4226 2897 4281 est,
2941 4234 3046 4272 non
3093 4225 3353 4276 miserunt
3399 4223 3631 4278 interro-

2055 4316 2233 4379 gatum
2276 4309 2423 4363 illttm
2460 4307 2530 4363 de
2567 4306 2805 4372 Christo,
2847 4308 2939 4362 sed
2978 4308 3046 4363 de
3084 4312 3290 4379 seipso;
3331 4328 3488 4381 quem
3532 4317 3634 4371 lide

2055 4401 2271 4466 dignum
2311 4397 2567 4470 putabant
2609 4399 2677 4454 de
2722 4401 2898 4470 seipso
2948 4402 3307 4457 testimonium
3355 4406 3633 4473 terentem,

2058 4493 2223 4545 multo
2257 4493 2424 4561 magis
2455 4492 2523 4545 de
2555 4492 2660 4547 alio
2699 4493 3023 4562 loquentem.
3065 4495 3313 4551 Solemus
3353 4502 3495 4552 enim
3539 4516 3641 4555 nos

2058 4582 2301 4636 homines
2329 4598 2433 4636 non
2464 4582 2681 4651 perinde
2701 4584 2922 4639 credere
2947 4586 3011 4638 iis
3032 4590 3123 4656 qtti
3152 4587 3217 4641 de
3247 4604 3307 4643 se
3326 4590 3638 4659 loquuntur,

2055 4690 2213 4743 quam
2259 4674 2324 4728 iis
2357 4674 2444 4744 qni
2486 4674 2553 4728 de
2592 4674 2731 4730 aliis.
2778 4675 2927 4729 Hunc
2949 4692 3075 4730 vero
3101 4678 3172 4731 ita
3203 4694 3446 4735 veracetn
3481 4693 3634 4750 puta-

2057 4769 2204 4833 haut,
2234 4768 2471 4822 utetiam
2499 4767 2566 4821 de
2594 4782 2654 4821 se
2675 4768 2918 4837 loquens,
2947 4770 3167 4824 alterius
3196 4773 3503 4827 testimonio
3529 4791 3641 4829 non

2055 4870 2257 4929 egeret.
2303 4859 2435 4913 Nam
2476 4859 2564 4928 qui
2594 4858 2743 4913 missi
2774 4859 3018 4925 fuerant,
3048 4876 3152 4915 non
3182 4862 3467 4928 dixerunt,
3497 4866 3639 4932 Quid

2055 4951 2189 5004 dicis
2216 4950 2283 5003 de
2308 4949 2559 5003 Christo?
2587 4950 2703 5014 sed,
2724 4949 2802 5003 Tu
2823 4951 2937 5019 quis
2956 4951 3043 5005 es?
3067 4953 3188 5022 quid
3212 4954 3338 5009 dicis
3356 4955 3420 5010 de
3444 4958 3646 5026 teipso?

2056 5042 2189 5095 Tam
2234 5041 2527 5094 mirabilem
2565 5042 2817 5109 putabant
2859 5041 3151 5098 hominem.
3185 5044 3296 5100 Hoc
3320 5062 3448 5116 ergo
3475 5057 3645 5101 totum

2056 5133 2426 5197 snbindicavit,
2451 5146 2570 5185 cum
2596 5131 2750 5196 dixit,
2786 5130 2883 5185 Vos
2912 5135 3115 5188 misistis
3134 5135 3202 5189 ad
3220 5136 3488 5191 Joannem.
3518 5139 3645 5193 Ideo

2057 5226 2379 5291 evangelista
2414 5240 2517 5278 non
2548 5224 2719 5278 solum
2750 5225 2897 5289 dicit,
2923 5242 3016 5279 eos
3044 5228 3271 5294 misisse,
3295 5232 3385 5283 sed
3412 5232 3479 5285 de
3507 5235 3637 5284 mis-

2056 5317 2132 5373 sis
2162 5331 2413 5383 expresse
2433 5316 2584 5377 dicit,
2606 5314 2768 5368 fuisse
2799 5333 2863 5370 ex
2893 5320 3259 5373 sacerdotibus
3282 5332 3331 5372 et
3359 5337 3421 5375 ex
3459 5320 3642 5376 Phari-

2058 5408 2200 5473 satis,
2213 5422 2319 5462 non
2340 5422 2371 5464 e
2389 5407 2566 5478 vulgo,
2587 5422 2686 5463 nec
2705 5409 2793 5478 qui
2817 5410 3085 5479 corrumpi
3103 5410 3183 5465 vel
3203 5408 3375 5479 decipi
3399 5421 3643 5481 possent,

2059 5498 2153 5553 sed
2184 5499 2274 5569 qui
2302 5499 2419 5567 ejus
2449 5499 2585 5552 dicta
2617 5508 2866 5555 accurate
2891 5500 3246 5571 perciperent.
3276 5503 3367 5559 54.
3410 5502 3521 5574 Ego
3544 5523 3638 5559 au-

2056 5598 2154 5645 tem
2181 5606 2281 5644 non
2302 5588 2364 5642 ab
2390 5589 2588 5642 homine
2608 5590 2946 5644 testimonium
2970 5593 3185 5659 accipio.
3209 5592 3313 5649 Cur
3339 5610 3466 5665 etgo
3484 5593 3655 5652 Joan-

2131 5797 2142 5824 '
2184 5792 2310 5842 Alius
2330 5791 2500 5854 habet,
2523 5804 2614 5842 non
2638 5791 2810 5844 ridebit
2825 5791 3090 5850 judicium.
