4100 6364
480 333 576 388 951

481 451 562 502 nis
609 441 972 499 testimonium
1017 435 1248 506 accipis?
1297 433 1441 488 lllius
1484 439 1630 485 certe
1672 424 2055 489 testimonium,

481 536 714 593 hominis
752 549 856 587 non
899 539 1033 586 erat.
1078 528 1177 595 Qui
1213 526 1345 579 misit
1380 540 1476 585 me,
1511 522 1699 590 inquit,
1730 521 1985 586 baptizare
2007 518 2062 570 in

478 645 631 698 aqua,
658 624 747 679 ille
767 623 889 677 mihi
912 621 1060 675 dixit.
1095 620 1275 687 Itaque
1303 614 1523 669 Joannis
1556 611 1941 675 testimonium,
1969 609 2062 662 Dei

478 731 595 777 erat
622 717 980 775 testimonium
1007 729 1024 768 :
1053 712 1120 766 ab
1150 710 1240 764 illo
1274 709 1417 763 enim
1454 706 1713 759 didicerat
1743 718 1804 757 ea
1832 716 1951 771 qua:
1976 702 2055 755 di-

478 814 650 868 cehat.
682 810 788 865 Sed
820 825 885 862 ne
913 808 1173 867 dicerent,
1200 801 1356 857 Unde
1378 807 1585 853 constat
1617 797 1760 849 illtttn
1791 812 1821 849 a
1856 796 1962 849 Deo
1983 794 2065 846 di-

479 906 673 958 divisse
714 913 767 957 et
813 901 935 953 hinc
974 898 1257 950 adversum
1287 901 1511 952 starent,
1543 890 1748 943 illorum
1777 904 1867 940 ora
1896 886 2060 939 vehe-

480 1004 687 1049 menter
716 991 994 1061 reprimit,
1028 998 1082 1043 et
1110 988 1281 1040 adhuc
1306 994 1491 1038 contra
1521 982 1728 1034 illorum
1756 980 2061 1048 opinionem

480 1086 744 1143 edisserit.
778 1084 957 1152 Neque
982 1081 1124 1136 enim
1150 1076 1437 1133 verisimile
1461 1085 1575 1129 erat
1597 1074 1791 1126 tmtltos
1819 1072 1932 1125 han
1959 1071 2063 1124 sci-

481 1179 639 1241 visse,
671 1175 763 1230 sed
786 1173 977 1229 Joanni
1004 1169 1366 1232 attendebant,
1390 1176 1445 1220 ut
1471 1182 1534 1220 ex
1564 1180 1621 1219 se
1653 1163 1906 1233 loquenti.
1940 1162 2062 1215 Ideo

479 1272 554 1323 ait
585 1287 597 1321 :
624 1268 734 1339 Ego
762 1266 823 1319 ab
848 1267 1049 1319 homine
1069 1261 1405 1317 testimonium
1426 1275 1527 1312 non
1551 1256 1764 1326 accipio.
1792 1257 1845 1309 Si
1875 1254 1942 1307 ab
1967 1253 2063 1308 lto-

482 1362 622 1413 mine
650 1359 1014 1413 testimonium
1044 1371 1148 1408 non
1175 1360 1512 1420 accepturus,
1546 1363 1717 1416 neque
1748 1348 1837 1400 illo
1867 1360 2062 1399 usurus

480 1466 599 1505 eras
623 1491 637 1516 ,
669 1465 765 1502 cur
793 1449 908 1518 ejus
936 1445 1300 1501 testimonium
1326 1440 1630 1495 adduxisti?
1656 1438 1731 1493 Nc
1762 1439 1919 1508 igitur
1948 1436 2063 1491 lucc

480 1544 738 1607 dicerent,
761 1541 884 1595 audi
911 1538 1178 1610 quomodo
1205 1537 1294 1589 tali
1321 1534 1608 1604 objectioui
1635 1539 1897 1585 occurrat.
1927 1529 2059 1585 Cttm

481 1635 703 1687 dixisset
743 1634 907 1693 enim.
951 1633 1027 1684 Ab
1068 1630 1269 1683 homine
1309 1627 1643 1680 testimonium
1687 1641 1789 1678 non
1827 1624 2061 1692 accipio;

480 1724 753 1794 subjunxit
785 1742 797 1778 :
832 1722 937 1778 Sed
970 1723 1077 1776 hac
1115 1722 1247 1782 dico,
1279 1729 1330 1771 ut
1358 1735 1443 1771 vos
1471 1719 1598 1771 salvi
1627 1717 1755 1769 sitis.
1790 1716 1899 1770 lloc
1931 1725 2013 1769 est
2043 1730 2058 1769 :

482 1817 593 1887 ligo
638 1816 793 1885 hujus
831 1814 1135 1869 testimonio
1179 1814 1413 1865 humano
1458 1825 1561 1863 non
1604 1824 1736 1877 opus
1776 1808 2058 1873 habebam,

480 1923 601 1965 cum
639 1908 776 1962 Deus
813 1907 949 1971 sim;
990 1906 1084 1960 sed
1113 1905 1235 1974 quia
1266 1904 1412 1956 illum
1440 1903 1709 1971 suspicitis
1734 1911 1787 1955 et
1813 1901 2061 1954 omnibus

480 1999 587 2055 ﬁde
604 1999 898 2069 digniorem
929 1999 1157 2067 putatis;
1188 2006 1241 2051 et
1268 1996 1332 2050 ad
1364 1997 1512 2049 illum
1537 1994 1749 2064 quidem
1774 2004 1828 2047 ut
1849 1993 1915 2047 ad
1940 2008 2062 2061 pro-

481 2091 693 2160 phetam
720 2090 1081 2144 accurrebatis
1108 2090 1315 2159 (civitas
1335 2087 1475 2141 enim
1498 2086 1562 2139 ad
1584 2085 1868 2139 Jordanem
1893 2083 2061 2137 etl'un-

477 2181 744 2251 debatur),
773 2182 901 2235 mihi
927 2196 1055 2236 vero
1084 2196 1151 2234 ne
1174 2178 1387 2249 quidem
1415 2177 1666 2231 miracula
1691 2177 1918 2246 patranti
1942 2192 2060 2230 crc-

477 2272 684 2326 didistis
717 2289 731 2326 :
762 2271 881 2326 ideo
925 2270 1028 2325 hoc
1072 2271 1222 2324 vobis
1265 2271 1625 2323 testimonium
1670 2283 2055 2323 commemoro.

480 2363 571 2417 55.
601 2360 703 2417 Ille
721 2372 828 2415 erat
848 2360 1055 2416 lucerna
1083 2362 1266 2414 ardens
1289 2371 1335 2414 et
1360 2362 1530 2414 lucens
1551 2376 1570 2413 :
1590 2377 1676 2413 vos
1699 2372 1865 2413 autem
1894 2361 2057 2413 volui-

474 2455 565 2507 stis
589 2454 841 2508 exsultare
859 2454 927 2507 ad
948 2457 1125 2507 horam
1146 2456 1199 2507 in
1226 2455 1338 2507 luce
1360 2456 1491 2525 ejus.
1522 2453 1600 2508 Ne
1625 2454 1863 2508 dicerent
1890 2455 2052 2518 enim,

475 2545 632 2613 Quid,
657 2546 701 2598 si
734 2546 824 2600 ille
850 2547 1003 2609 dixit,
1032 2557 1087 2601 et
1115 2561 1212 2598 nos
1240 2561 1343 2599 non
1373 2546 1710 2614 recepimus?
1737 2546 1874 2598 dicta
1906 2561 2056 2599 recc-

474 2640 616 2707 pisse
652 2638 771 2693 illos
815 2638 1071 2693 ostendit.
1116 2636 1297 2707 Neque
1341 2638 1483 2691 enim
1522 2638 1767 2707 vulgares
1816 2638 2058 2689 homines

474 2731 753 2795 miserunt,
787 2731 880 2784 sed
907 2729 1215 2784 sacerdotes
1245 2738 1298 2784 et
1322 2728 1639 2782 Pharisaaos.
1671 2729 1757 2782 Sic
1783 2729 2054 2780 hominem

473 2822 802 2876 mirabantur
822 2864 835 2886 ,
873 2838 972 2877 nec
1002 2830 1248 2891 poterant
1277 2822 1433 2876 dictis
1454 2822 1568 2890 ejus
1600 2823 1882 2875 obsistere.
1921 2820 2055 2874 Illud

472 2923 670 2980 autem,
698 2915 778 2969 Ad
796 2916 994 2983 horam,
1025 2915 1241 2969 nimiam
1266 2915 1475 2969 illorum
1502 2914 1805 2968 facilitatem
1836 2914 2049 2979 indicat,

473 3007 617 3076 quod
647 3007 854 3063 scilicet
894 3009 1003 3062 cito
1046 3008 1115 3061 ab
1144 3007 1236 3061 illo
1262 3006 1568 3061 resilierint.
1612 3006 1702 3061 56.
1748 3004 1859 3076 Ego
1888 3015 2056 3058 autem

474 3098 631 3152 habeo
654 3101 821 3165 majus
846 3098 1182 3152 testimonium
1214 3095 1438 3151 Joanne.
1471 3096 1528 3151 Si
1557 3097 1767 3151 velletis
1792 3098 1932 3151 enim
1966 3112 2056 3152 se-

472 3191 703 3243 cundum
725 3204 904 3244 veram
934 3205 1112 3244 rerum
1134 3191 1327 3244 seriem
1356 3189 1515 3244 ﬁdem
1540 3190 1804 3258 aeeipere,
1835 3190 1903 3243 ab
1929 3204 2057 3259 ope-

476 3281 621 3335 ribus
647 3296 744 3334 vos
771 3281 937 3351 magis
966 3280 1316 3335 induxissem.
1350 3281 1481 3347 Quia
1506 3295 1634 3335 vero
1659 3297 1763 3333 non
1786 3281 1965 3347 vultis,
1988 3280 2053 3334 ad

472 3371 729 3424 Joannem
753 3385 846 3425 vos
867 3374 1034 3436 duco;
1071 3387 1175 3425 non
1204 3371 1343 3441 quod
1374 3373 1488 3440 ejus
1512 3387 1693 3441 egeam
1723 3373 2052 3437 testimonio;

472 3462 566 3516 sed
596 3465 718 3531 quia
748 3463 865 3516 ideo
890 3464 1067 3516 omnia
1110 3461 1247 3516 facio
1286 3472 1343 3516 ut
1381 3463 1533 3516 vobis
1572 3465 1796 3517 salutem
1829 3464 2051 3532 pariam.

473 3554 859 3609 Testimonium
902 3556 1046 3609 enim
1087 3556 1257 3624 majus
1292 3555 1463 3610 habeo
1498 3571 1655 3625 quam
1691 3557 1943 3612 Joannis:
1988 3559 2056 3613 ab

472 3647 740 3714 operibus.
789 3644 979 3700 Verum
1021 3661 1126 3699 non
1158 3646 1224 3700 ad
1266 3647 1316 3701 id
1360 3656 1547 3716 specto
1575 3650 1769 3713 solum,
1805 3660 1915 3703 uta
1946 3649 2055 3705 ﬁde

473 3738 646 3807 dignis
673 3737 835 3791 viris‘
862 3738 1001 3807 apud
1029 3753 1127 3792 vos
1168 3739 1545 3804 comtnender;
1589 3742 1681 3793 sed
1734 3748 1791 3793 ut
1832 3755 1861 3793 a
1905 3741 2057 3797 vobis

474 3831 635 3896 notis,
673 3830 763 3900 qui
797 3834 936 3900 apud
976 3844 1072 3885 vos
1116 3831 1386 3885 mirabiles
1426 3831 1739 3887 habeantur.
1784 3832 1873 3887 Sic
1914 3844 2061 3902 post-

474 3936 632 3990 quam
663 3921 783 3974 illos
810 3920 1102 3975 incesserat
1131 3920 1212 3975 his
1237 3922 1435 3987 verbis,
1467 3922 1700 3977 Voluistis
1721 3926 1974 3978 exsultare
1991 3925 2059 3978 ad

475 4016 652 4067 horam
694 4014 747 4067 in
790 4013 901 4067 luce
938 4014 1070 4083 ejus,
1099 4012 1663 4084 demonstraveratque
1703 4017 1829 4069 illud
1872 4032 2057 4071 eorum

475 4106 709 4160 studimn
734 4115 1130 4175 temporaueum
1152 4121 1214 4159 ac
1236 4105 1454 4160 minime
1477 4110 1686 4160 ﬁrmum
1710 4107 1904 4174 fuisse;
1937 4125 2059 4164 cum

484 4202 746 4259 lucernam
777 4200 947 4267 ipsum
980 4199 1219 4262 vocavit,
1253 4200 1487 4253 ostendit
1518 4201 1687 4268 ipsum
1715 4217 1745 4255 a
1772 4204 2060 4273 semetipso

478 4295 651 4348 lucem
682 4309 786 4346 non
818 4292 1034 4357 habere,
1064 4292 1157 4344 sed
1186 4307 1215 4344 a
1245 4294 1415 4361 gratia
1441 4292 1688 4361 Spiritus.
1717 4292 1953 4347 Necdum
1981 4302 2061 4348 ta-

480 4402 600 4441 men
631 4386 761 4439 dixit
792 4385 843 4438 in
870 4401 975 4454 quo
1003 4384 1240 4438 diiTcrret
1267 4384 1334 4436 ab
1364 4385 1478 4453 ipso
1503 4427 1516 4446 ,
1548 4385 1687 4454 quod
1715 4387 1920 4441 scilicet
1947 4387 2060 4457 ipse

478 4479 557 4532 sol
576 4478 790 4544 justitia:
812 4486 987 4539 esset;
1016 4476 1108 4529 sed
1130 4491 1249 4530 cum
1273 4476 1398 4529 illud
1424 4477 1811 4533 subiudicasset
1835 4488 2057 4546 tantum,

481 4570 534 4623 in
578 4570 697 4623 illos
736 4569 1084 4624 vehementer
1126 4570 1389 4625 invehitur
1408 4610 1424 4635 ,
1453 4572 1790 4641 ostenditque
1820 4573 1938 4627 illos
1966 4590 2060 4628 eo-

480 4662 602 4716 dem
649 4661 812 4715 animi
866 4663 1177 4732 proposito,
1231 4679 1336 4733 quo
1387 4664 1534 4716 illum
1590 4675 2059 4736 contempserant,

482 4755 694 4808 (Lhrisw
732 4754 952 4809 credere
994 4755 1248 4809 noluisse.
1297 4754 1427 4808 Natn
1473 4755 1731 4809 Joannem
1770 4759 1848 4809 Ad
1886 4759 2064 4811 horam

484 4845 656 4898 solum
684 4844 928 4898 admirati
969 4855 1093 4898 sunt
1117 4862 1130 4898 :
1158 4846 1301 4914 quod
1347 4847 1446 4899 nisi
1492 4846 1762 4912 fecissent,
1795 4852 1901 4903 cito
1942 4850 2063 4905 illos

484 4937 549 4991 ad
580 4937 759 4991 Jesum
787 4936 1041 4991 ducturus
1070 4949 1205 4992 erat.
1251 4939 1535 5007 Postquam
1580 4941 1739 5011 igitur
1773 4943 1891 4995 illos
1919 4947 2063 4997 omni

482 5043 549 5082 ex
582 5037 729 5098 parte
759 5026 1002 5096 indignos
1027 5030 1179 5083 venia
1210 5032 1534 5096 ostenderat,
1561 5031 1761 5085 addidit
1791 5050 1803 5084 :
1842 5032 1948 5102 Ego
1973 5050 2066 5086 au-

484 5133 585 5175 tem
604 5120 760 5174 habeo
780 5120 1116 5173 testimonium
1143 5122 1308 5191 majus
1331 5121 1548 5176 Joanne.
1573 5123 1779 5189 Quale?
1807 5125 2064 5194 Operam.

487 5214 659 5281 Opera
684 5212 834 5274 enim,
859 5212 1049 5278 inqmt,
1076 5227 1189 5278 qua:
1211 5214 1347 5265 dedit
1375 5216 1497 5267 mihi
1518 5214 1698 5279 Pater,
1724 5226 1778 5268 ut
1806 5218 2065 5286 perﬁciam

485 5322 562 5367 ea,
588 5305 701 5375 ipsa
729 5319 883 5373 opera
909 5304 1243 5357 testimonium
1267 5306 1524 5372 perhibent
1553 5306 1615 5359 de
1645 5309 1888 5377 me,‘quia
1914 5307 2068 5362 Pater

487 5413 564 5449 me
600 5396 754 5451 misit.
802 5395 899 5450 llic
942 5396 1293 5468 paralyticum
1331 5410 1573 5451 sanatum
1614 5410 1668 5453 et
1699 5401 1829 5455 alios
1871 5403 2069 5457 multos

486 5497 888 5542 commemorat.
916 5487 1086 5542 Verba
1109 5488 1321 5557 quidem
1341 5530 1355 5553 ,
1388 5489 1608 5545 dixisset
1636 5490 1770 5546 forte
1806 5493 2066 5563 quispiam

486 5588 707 5637 eorum,
741 5574 825 5628 illa
871 5573 1146 5643 magniﬁca
1191 5573 1423 5627 Joannes
1463 5575 1528 5627 ad
1574 5577 1797 5645 gratiam
1842 5577 2067 5644 dixerit;

490 5655 613 5709 licet
639 5665 811 5711 tamen
835 5657 935 5712 hoc
954 5659 1131 5712 dicere
1162 5674 1264 5711 nou
1296 5670 1511 5727 possent
1535 5660 1601 5714 dc
1624 5660 1829 5716 Joanne
1856 5663 1925 5718 ita
1955 5665 2071 5734 phi-

556 5759 572 5789 ι
612 5758 697 5807 Alii
717 5760 917 5821 habent,
939 5769 987 5811 ut
1010 5776 1037 5814 a
1065 5761 1345 5827 propinquis
1368 5762 1555 5815 vestris.

1226 322 1280 377 S.
1322 316 1598 375 JOANNIS
1634 308 2106 371 CHRYSOSTOMI
2141 308 2461 367 ARCHIEP.
2503 309 3037 368 CONSTANTINOP.

3644 312 3749 367 252

2169 422 2424 491 losOphiae
2444 422 2706 488 studioso,
2728 437 2885 493 quem
2907 420 3305 476 admirabantur
3330 440 3343 475 :
3367 437 3525 491 opera
3547 433 3746 489 autem,

2168 515 2250 569 vel
2275 514 2412 583 apud
2437 515 2672 578 insanos,
2698 515 2827 569 nulli
2853 523 3006 569 erant
3032 513 3317 583 suspicioni
3346 514 3593 567 obnoxia.
3626 514 3748 569 Ideo

2169 609 2393 662 alterum
2425 607 2645 661 adduxit
2677 607 3036 662 testimonium
3066 606 3250 660 dicens
3279 624 3291 657 :
3325 604 3494 675 Opera
3521 622 3631 674 qua!
3652 608 3745 659 de-

2169 698 2242 751 dit
2269 699 2391 751 mihi
2422 698 2594 760 Pater,
2625 708 2677 750 ut
2706 699 2963 767 perﬁciam
2988 714 3066 761 ea,
3098 698 3210 765 ipsa
3236 714 3388 767 Opera
3414 713 3527 769 qua:
3549 714 3637 768 ego
3664 698 3745 766 fa-

2167 791 2248 841 cio
2267 799 2508 842 testantur
2536 791 2596 842 de
2619 806 2712 851 me,
2733 790 2968 856 quoniam
3002 790 3134 842 misit
3160 805 3237 841 me
3263 787 3434 842 Pater.
3463 788 3559 842 llic
3589 803 3745 842 accu-

2168 882 2426 933 sationem
2459 881 2523 933 de
2557 883 2750 934 violato
2779 881 2997 935 sabbato
3021 880 3253 949 depellit.
3284 880 3413 947 Quia
3437 880 3577 934 enim
3603 880 3741 934 dice-

2167 970 2294 1025 bant
2326 973 2396 1025 illi
2419 1013 2432 1031 ,
2464 972 2742 1039 Quomodo
2770 980 2945 1042 potest
2972 987 2999 1024 a
3036 973 3141 1025 Deo
3169 987 3286 1026 esse
3306 1013 3319 1034 ,
3350 972 3435 1041 qui
3468 971 3743 1026 sabbatum

2168 1078 2272 1115 non
2324 1065 2589 1118 custodit?
2643 1065 2761 1117 ideo
2809 1064 2981 1123 dixit,
3040 1064 3165 1128 Qum
3212 1065 3347 1117 dedit
3396 1066 3516 1116 mihi
3568 1063 3741 1117 Pater.

2168 1152 2388 1207 Etiamsi
2440 1155 2523 1207 ille
2566 1155 2878 1209 auctoritate
2922 1170 3012 1207 sua
3059 1164 3271 1224 ageret;
3313 1154 3406 1208 sed
3442 1165 3499 1208 ut
3523 1156 3743 1209 validius

2169 1249 2417 1315 probaret
2443 1263 2500 1301 se
2526 1248 2667 1301 Patri
2696 1247 2827 1301 nihil
2860 1248 3185 1302 contrarium
3216 1248 3390 1303 facere
3410 1289 3424 1313 ,
3455 1248 3573 1302 ideo
3603 1248 3743 1316 quod

2167 1337 2322 1406 longe
2350 1339 2521 1391 minus
2548 1348 2665 1392 erat
2691 1340 2883 1407 posuit.

2238 1429 2290 1481 5.
2315 1428 2481 1495 Quare
2500 1428 2728 1483 Christus
2751 1431 2829 1481 hic
2850 1446 2912 1483 ea;
2931 1429 3161 1495 operibus
3180 1430 3283 1484 suis
3303 1430 3604 1483 divinitatem
3626 1432 3740 1484 mis-

2165 1519 2319 1571 sionis
2335 1536 2440 1573 sua:
2459 1530 2670 1583 tantum,
2692 1522 2829 1574 nulla
2851 1522 2913 1575 de
2930 1538 3020 1575 sua
3042 1522 3297 1575 divinitate
3320 1524 3566 1575 mentione
3585 1526 3740 1594 ίιιεία,

2166 1610 2413 1662 adstruat.
2462 1609 2617 1665 Pater
2654 1613 2901 1681 quomodo
2941 1614 3177 1666 audiatur
3214 1622 3259 1666 et
3293 1614 3538 1668 videatur.
3578 1616 3744 1680 Quare

2164 1697 2375 1753 Juda‘os
2399 1701 2626 1756 Christus
2648 1703 2715 1754 ad
2742 1704 3036 1772 Scripturas
3056 1705 3320 1758 remiserit.
3344 1734 3417 1743 —-
3437 1704 3501 1757 Et
3524 1719 3639 1771 Cur,
3664 1706 3742 1758 in-

2166 1793 2317 1858 quies
2342 1833 2354 1851 ,
2388 1808 2491 1845 non
2522 1792 2671 1855 dixit,
2705 1792 2877 1863 Opera
2908 1810 3024 1864 qua:
3050 1794 3197 1848 dedit
3227 1794 3354 1848 mihi
3386 1796 3559 1861 Pater,
3589 1799 3741 1851 testi-

2167 1880 2393 1936 ﬁcantur
2420 1899 2503 1937 me
2533 1883 2673 1938 Patri
2703 1886 2957 1953 :rqualem
2989 1887 3147 1940 esse?
3185 1886 3343 1940 Certe
3371 1895 3654 1956 utrumque
3676 1905 3741 1943 ex

2165 1974 2416 2041 operibus
2462 1975 2625 2028 edisci
2673 1984 2897 2044 poterat,
2928 1986 2981 2031 et
3025 1978 3196 2045 ipsum
3239 1978 3369 2031 nihil
3414 1981 3740 2035 coiitrarium

2165 2065 2310 2120 Patri
2360 2067 2558 2133 facere,
2597 2077 2651 2122 et
2696 2071 2954 2138 aequalem
2995 2071 3221 2139 genitori
3265 2086 3414 2138 esse,
3445 2072 3492 2125 id
3524 2073 3660 2143 quod
3689 2085 3743 2129 et

2164 2157 2289 2211 alibi
2320 2160 2509 2228 probat
2533 2175 2652 2213 cum
2684 2160 2810 2214 dicit
2840 2178 2853 2213 :
2887 2161 2948 2215 Si
2980 2162 3103 2214 mihi
3132 2178 3232 2215 non
3262 2163 3483 2227 creditis,
3513 2166 3743 2232 operibus

2163 2250 2287 2303 meis
2324 2251 2508 2303 credite
2532 2292 2546 2317 ,
2582 2262 2635 2304 ut
2661 2254 2829 2305 sciatis
2855 2264 2901 2306 et
2922 2253 3134 2307 credatis
3159 2255 3277 2323 quia
3303 2270 3392 2325 ego
3417 2256 3470 2308 in
3501 2253 3676 2323 Patre,
3698 2269 3743 2312 et

2166 2339 2326 2393 Pater
2356 2342 2405 2394 in
2433 2359 2511 2395 me
2536 2354 2607 2395 est
2643 2343 2819 2414 (Joan.
2845 2344 2929 2397 10.
2965 2344 3079 2413 58).
3129 2344 3418 2415 Utrumque
3442 2388 3457 2412 ,
3488 2348 3698 2417 inquam
3724 2391 3739 2412 ,

2166 2433 2478 2488 testiﬁcatus
2501 2444 2663 2495 esset,
2688 2444 2741 2489 ct
2767 2451 2824 2489 se
2851 2437 3105 2504 :L-qualem
3129 2451 3249 2491 esse
3274 2437 3435 2505 Patri,
3457 2450 3511 2493 et
3531 2455 3590 2495 se
3612 2442 3741 2494 nihil

2164 2526 2339 2582 facere
2366 2529 2502 2581 Patri
2535 2530 2877 2583 contrarium.
2924 2528 3030 2584 Cur
3068 2546 3197 2601 ergo
3235 2548 3339 2587 non
3377 2534 3455 2588 sic
3497 2535 3741 2605 loquutus

2162 2628 2269 2683 est,
2303 2620 2394 2673 sed
2425 2621 2627 2690 majore
2658 2631 2807 2691 parte
2834 2623 3039 2689 relicta,
3074 2625 3334 2679 minorem
3366 2628 3578 2695 posuit?
3607 2629 3739 2696 Quia

2161 2709 2264 2764 hoc
2286 2712 2513 2779 primum
2534 2724 2667 2776 erat,
2691 2712 2759 2767 de
2781 2730 2885 2783 quo
2907 2723 3023 2768 erat
3043 2715 3285 2783 quaistio.
3312 2715 3443 2770 Nam
3468 2719 3565 2773 etsi
3588 2719 3741 2788 longe

2161 2803 2338 2857 minus
2368 2813 2448 2857 est
2474 2805 2618 2858 credi
2650 2806 2819 2873 ipsum
2848 2821 2877 2859 a
2906 2806 3015 2860 Deo
3034 2807 3262 2872 venisse,
3281 2822 3437 2877 quam
3462 2811 3605 2864 credi
3632 2811 3738 2865 Deo

2160 2898 2419 2967 aequalem
2439 2912 2586 2962 esse;
2612 2897 2739 2952 illttd
2756 2900 2895 2953 enim
2920 2898 3191 2969 propheta:
3212 2900 3476 2967 dixerant,
3499 2900 3599 2957 hoc
3615 2918 3740 2958 vero

2160 2989 2411 3053 minime;
2437 2999 2665 3044 attamen
2690 2990 2801 3059 ipse
2822 2990 2888 3045 de
2906 2991 3112 3046 minore
3130 3001 3281 3060 parte
3300 3007 3543 3062 magnam
3557 3008 3736 3049 curam

2160 3082 2343 3148 habet,
2372 3098 2567 3153 gnarus
2599 3083 2644 3137 si
2690 3083 2789 3137 hoc
2832 3084 3204 3151 admittatur‘,
3236 3084 3363 3138 illud
3396 3085 3555 3139 etiam
3589 3087 3738 3141 facile

2160 3172 2451 3228 admissum
2479 3174 2539 3228 iri
2563 3213 2578 3240 ,
2608 3183 2661 3228 et
2686 3174 2886 3244 majore
2913 3176 3271 3244 praetermissa
3292 3217 3307 3243 ,
3337 3176 3595 3231 minorem
3622 3194 3737 3232 me-

2160 3274 2369 3329 morat,
2395 3275 2451 3318 ut
2480 3280 2573 3332 per
2605 3265 2743 3321 hanc
2767 3276 2821 3321 et
2856 3267 2997 3320 illam
3024 3267 3343 3337 reciperent.
3373 3268 3485 3324 Hoc
3526 3280 3739 3336 peracto

2160 3370 2371 3409 rursum
2404 3356 2585 3423 adjicit
2612 3373 2625 3408 :
2655 3357 2745 3410 57.
2778 3358 2877 3423 Qui
2902 3357 3036 3411 misit
3056 3374 3134 3411 me
3161 3357 3347 3423 I’ater,
3374 3360 3485 3429 ipse
3520 3361 3739 3414 testimo-

2160 3447 2301 3499 nium
2332 3447 2581 3515 perhibuit
2612 3448 2674 3500 de
2704 3448 2822 3502 me.’
2846 3448 2912 3502 Et
2947 3449 3033 3509 ubi
3075 3449 3435 3504 testimonium
3470 3450 3741 3519 perhibuit

2160 3538 2227 3593 de
2258 3538 2346 3593 illo
2364 3540 2385 3590 τ’
2418 3538 2469 3593 lu
2495 3539 2746 3600 Jordane.
2766 3557 2886 3596 cum
2916 3542 3046 3596 dixit
3068 3560 3081 3596 :
3101 3541 3199 3595 Hic
3218 3555 3289 3597 est
3310 3542 3476 3596 Filius
3506 3561 3642 3599 meus
3664 3545 3741 3597 di-

2162 3632 2318 3685 lectus
2346 3649 2363 3686 :
2392 3636 2556 3701 ipsum
2594 3635 2782 3687 audite.
2836 3634 3026 3689 Verum
3076 3634 3177 3689 hoc
3215 3643 3473 3705 apparatu
3510 3636 3738 3705 quodam

2162 3723 2370 3793 egebat.
2417 3726 2567 3790 Quod
2615 3725 2680 3779 ad
2722 3725 2985 3780 JOanncm
3023 3727 3353 3795 pertinebat,
3394 3726 3736 3782 manifestum

2162 3825 2279 3870 erat
2308 3833 2323 3870 :
2353 3816 2452 3885 ipsi
2482 3833 2711 3887 namque
2747 3818 3036 3883 miserant,
3070 3833 3243 3889 neque
3270 3819 3322 3873 id
3353 3835 3550 3889 negare
3585 3830 3740 3890 pote-

2163 3916 2302 3963 rant.
2335 3908 2495 3978 Signa
2523 3925 2735 3979 quoque
2763 3910 2906 3964 clara
2945 3920 3119 3965 erant.
3149 3911 3258 3981 'lpsi
3289 3910 3426 3968 facta
3456 3912 3738 3979 viderant,

2163 4010 2322 4068 atque
2341 4009 2585 4055 sanatum
2604 4001 2898 4062 audierant.
2925 4013 2980 4056 et
2998 4002 3354 4071 crediderant,
3376 4020 3437 4059 ac
3459 4016 3743 4074 pr0pterea

2164 4092 2312 4147 illum
2340 4094 2678 4148 accusabant.
2706 4095 2960 4149 Restabat
2984 4095 3197 4150 demum
3220 4106 3277 4149 ut
3306 4096 3475 4151 Patris
3504 4098 3744 4152 testimo-

2165 4187 2310 4240 nium
2339 4187 2636 4252 aﬁ'erretur,
2660 4190 2798 4259 quod
2831 4191 3139 4245 inducturus
3158 4191 3389 4246 subdidit
3409 4210 3424 4247 :
3444 4192 3554 4246 Nec
3576 4210 3744 4247 vocem

2170 4278 2278 4346 eius
2304 4294 2539 4345 umquam
2564 4281 2794 4333 audistis.
2827 4281 2891 4333 Et
2913 4282 3179 4350 quomodo
3206 4282 3413 4352 Moyses
3440 4284 3585 4347 dicit,
3603 4284 3744 4338 Deus

2170 4370 2478 4438 loquebatur,
2503 4371 2704 4441 Moyses
2724 4374 2981 4441 respondit
3010 4372 3199 4437 (Exod.
3220 4375 3305 4427 19.
3332 4374 3441 4443 19).
3466 4375 3746 4442 Quomodo

2169 4462 2354 4527 David,
2372 4461 2619 4532 Linguam
2632 4480 2780 4531 quam
2797 4480 2895 4516 non
2916 4474 3139 4530 noverat,
3157 4465 3346 4517 audivit
3368 4463 3537 4535 (Psal.
3552 4466 3639 4521 80.
3660 4467 3745 4528 6)?

2166 4554 2397 4609 Rursum
2429 4554 2653 4624 Moyses,
2684 4554 2740 4609 Si
2766 4565 2847 4609 est
2872 4570 3001 4624 gens
3029 4556 3166 4619 talis,
3194 4572 3311 4625 quas
3340 4557 3540 4610 audivit
3562 4572 3747 4611 vocem

2168 4647 2303 4702 Dei?
2334 4645 2513 4716 Neque
2543 4648 2758 4712 speciem
2783 4647 2889 4716 ejus
2916 4647 3106 4700 vidistis
3132 4646 3307 4713 (Deut.
3338 4648 3391 4701 4.
3422 4649 3491 4701 55
3510 4650 3547 4714 ).
3588 4649 3747 4717 Atqui

2169 4740 2314 4793 illum
2337 4738 2531 4792 vidisse
2552 4737 2799 4792 dicuntur
2824 4738 3001 4797 Isaias,
3021 4739 3298 4802 .lercmias,
3322 4738 3563 4793 Ezechiel
3588 4751 3635 4792 et
3659 4739 3749 4793 alii

2170 4832 2405 4902 plurimi.
2444 4830 2578 4897 Quid
2606 4846 2732 4899 ergo
2760 4846 2897 4884 nunc
2922 4832 3019 4884 sibi
3047 4833 3158 4884 vult
3183 4830 3463 4885 Christus?
3495 4832 3548 4884 In
3571 4832 3750 4900 philo-

2170 4927 2442 4995 SOphicam
2480 4923 2599 4977 illos
2642 4923 2841 4976 indurit
2883 4924 3211 4991 disciplinam
3236 4965 3251 4988 ,
3286 4924 3534 4992 paulatim
3567 4934 3752 4977 osten-

2171 5016 2324 5082 dens,
2356 5015 2407 5068 in
2442 5014 2551 5068 Deo
2581 5030 2678 5066 nec
2710 5030 2888 5067 vocem
2920 5030 3017 5067 ncc
3044 5017 3272 5081 Speciem
3300 5029 3438 5078 esse,
3472 5014 3565 5068 sed
3595 5030 3749 5083 supe~

2172 5107 2367 5161 riorem
2395 5104 2544 5157 illtttn
2575 5100 2694 5157 che
2719 5112 2772 5157 et
2795 5103 2938 5155 sonis
2969 5115 3021 5156 et
3052 5104 3231 5171 tigni-is
3262 5103 3584 5172 hujusmodi.
3617 5102 3751 5160 Nam

2175 5206 2234 5251 ut
2251 5196 2496 5262 dicendo,
2531 5193 2707 5263 Neque
2730 5209 2899 5247 vocem
2923 5194 3031 5261 ejus
3058 5193 3268 5246 audistis
3288 5234 3300 5253 ,
3336 5208 3438 5247 non
3468 5191 3751 5259 signiﬁcat,

2175 5289 2324 5343 illum
2356 5303 2539 5343 vocem
2568 5286 2832 5347 emittere,
2866 5300 2963 5339 nec
2983 5284 3150 5337 audiri
3176 5302 3189 5336 :
3219 5285 3296 5337 sic
3323 5299 3442 5338 eum
3472 5283 3616 5348 dicit,
3645 5282 3753 5338 Ne-

2175 5397 2270 5450 que
2292 5378 2505 5449 speciem
2533 5380 2644 5449 ejus
2670 5377 2883 5439 vidistis,
2915 5390 3019 5429 non
3045 5375 3172 5428 dicit
3194 5375 3361 5442 ipsmu
3392 5374 3619 5441 speciem
3651 5374 3754 5427 ha—

2176 5472 2303 5527 bere
2325 5511 2340 5535 ,
2371 5485 2473 5525 nec
2511 5481 2683 5523 tumcn
2715 5468 2914 5531 videri;
2948 5482 3128 5519 verum
3160 5476 3403 5518 neutrum
3434 5465 3623 5518 horum
3654 5463 3755 5519 ha-

2177 5562 2307 5616 bere
2332 5561 2499 5615 Deum
2526 5558 2789 5629 intelligit.
2827 5557 2938 5611 Nec
2974 5556 3211 5610 dicereut
3242 5554 3383 5607 enim
3411 5596 3423 5616 ,
3460 5553 3675 5608 Frustra
3702 5562 3757 5607 te

2174 5655 2364 5724 jactas,
2406 5652 2574 5722 Moysi
2624 5661 2823 5703 tantum
2871 5649 3118 5717 loquutus
3160 5656 3240 5701 est
3287 5645 3462 5710 Deus;
3510 5643 3759 5700 dicebant

2252 5770 2266 5797 ¹
2304 5763 2398 5814 Alii
2424 5765 2609 5828 legunt,
2627 5775 2802 5827 gnarus
2820 5760 2861 5812 si
2878 5758 2965 5810 hoc
2990 5759 3197 5811 dicatur.
