4100 6364
353 341 445 399 ﬁl

354 477 452 513 ⁴που
482 458 758 531 μαρτυρία
789 453 878 529 ἦν.
921 459 974 513 '0
1009 461 1118 531 γὰρ
1150 460 1392 529 πέμψας
1408 478 1485 531 με
1512 460 1824 526 βαπτίζειν
1852 460 1923 512 ἐν

354 543 540 606 ὕδατι,
590 545 775 615 φησὶν,
808 542 1041 611 ἐκεῖνός
1078 562 1180 613 μοι
1225 542 1414 601 εἶπεν.
1448 547 1609 602 Ὥστε
1636 548 1730 600 καὶ
1756 548 1789 615 ὴ
1823 543 1919 597 τοῦ

366 629 605 683 Ἰωάννου
636 628 911 698 μαρτυρία
938 628 1031 682 τοῦ
1054 628 1187 682 Θεοῦ
1217 633 1489 701 μαρτυρία
1510 626 1577 701 ἦν
1596 647 1610 661 ·
1635 630 1788 703 παρὰ
1810 629 1918 698 γὰρ

355 712 560 765 ἐκείνου
590 710 777 781 μαθὼν
801 712 985 781 ἔλεγεν
1013 712 1156 784 άπερ
1185 712 1391 781 ἔλεγεν.
1440 713 1577 765 Ἀλλ’
1609 715 1695 767 ἵνα
1722 714 1796 784 μὴ
1831 713 1921 765 λέ-

358 810 512 861 γωσι,
544 796 712 848 Πόθεν
744 796 902 849 τοῦτο
928 797 1105 866 δῆλον,
1144 799 1227 851 ὅτι
1254 797 1408 868 παρά
1433 797 1526 851 τοῦ
1554 797 1688 851 Θεοῦ
1718 798 1921 868 ἕμαθε;

358 880 447 931 καὶ
476 880 605 949 περὶ
635 879 809 933 ταῦτα
841 881 1259 949 καταγίνωνται,
1292 884 1356 936 ἐκ
1387 882 1479 936 τοῦ
1515 884 1797 955 περιόντος
1828 885 1925 936 αῦ-

357 965 475 1026 τοὺς
499 965 857 1034 ἐπιστομίζει,
883 966 962 1018 ἔτι
988 968 1125 1036 πρὸς
1151 968 1248 1037 τὴν
1274 968 1527 1021 ὑπόνοιαν
1550 967 1727 1021 αὐτῶν
1756 968 1925 1020 διαλε-

357 1047 599 1116 γόμενος.
632 1048 766 1099 Οὐδὲ
805 1049 912 1118 γὰρ
936 1045 1003 1120 ἦν
1033 1050 1177 1113 εἰκὸς
1210 1051 1382 1104 ταῦτα
1432 1050 1658 1114 πολλοὺς
1703 1051 1921 1115 εἰδέναι,

356 1129 465 1182 ἀλλ’
494 1130 569 1193 ὼς
591 1131 798 1183 οἴκοθεν
832 1131 1061 1199 λέγοντι,
1085 1132 1223 1197 τέως
1250 1137 1536 1204 προσεῖχον
1556 1133 1635 1203 τῷ
1679 1133 1920 1203 Ἰωάννῃ.

358 1214 452 1266 Διά
465 1214 623 1267 τοῦτό
650 1231 813 1284 φησιν
837 1230 850 1242 ·
896 1214 1037 1283 Ἐγὼ
1055 1217 1214 1284 παρὰ
1234 1215 1549 1283 ἀνθρώπον
1572 1216 1688 1285 τὴν
1703 1234 1928 1286 μαρτυ-

350 1299 489 1367 ρίαν
516 1300 588 1353 οὐ
614 1298 914 1368 λαμϐάνω.
937 1301 1109 1354 Καὶεί
1133 1301 1206 1370 μὴ
1230 1301 1452 1371 ἔμελλες
1473 1302 1621 1372 παρά
1639 1300 1925 1372 ἀνθρώπου

357 1381 451 1451 τὴν
480 1383 783 1453 μαρτυρίαν
796 1383 1112 1454 λαμϐάνειν,
1135 1385 1229 1438 καὶ
1258 1384 1505 1438 ἐντεῦθεν
1534 1384 1923 1456 ἰσχυρίζεσθαι,

360 1464 502 1529 τίνος
520 1466 711 1520 ἕνεκεν
742 1471 989 1539 παρῆγες
1015 1468 1179 1522 αὑτοῦ
1198 1471 1297 1541 τὴν
1333 1470 1636 1541 μαρτυρίαν
1659 1486 1673 1535 ;
1699 1470 1817 1522 Ἵνα
1832 1466 1928 1523 οὖν

362 1548 433 1620 μὴ
464 1549 637 1605 ταῦτα
668 1551 919 1619 λέγωσιν,
969 1554 1201 1607 ἄκουσον
1249 1554 1367 1617 πῶς
1408 1556 1502 1607 καὶ
1546 1553 1645 1624 τὴν
1672 1554 1928 1625 τοιαύτην

358 1633 623 1686 ἀντίθεσιν
658 1637 723 1705 τῇ
763 1636 1025 1707 ἐπαγωγῇ
1054 1636 1420 1707 διωρθώσατο.
1462 1635 1644 1690 Εἰπὼν
1686 1637 1813 1707 γὰρ,
1846 1638 1928 1690 ὃτι

358 1716 521 1784 Παρὰ
544 1719 858 1785 ἀνθρώπου
886 1719 1002 1787 τὴν
1025 1722 1358 1789 μαρτυρίαν
1397 1723 1470 1774 οὺ
1490 1720 1793 1789 λαμϐάνω,
1832 1722 1931 1773 ἐπ-

360 1803 561 1871 ήγαγεν
579 1820 592 1832 ·
625 1804 807 1858 Ἀλλὰ
822 1806 1008 1859 ταῦτα
1032 1805 1205 1875 λέγω,
1230 1807 1330 1859 ἵνα
1343 1805 1513 1873 ὑμεῖς
1528 1805 1776 1872 σωθῆτε.
1788 1808 1851 1858 '0
1873 1805 1931 1858 δὲ

361 1886 479 1955 λέγε
490 1905 527 1951 ι,
542 1886 781 1941 τοιοῦτόν
800 1892 968 1941 ἐστιν’
999 1891 1139 1958 Ἐγὼ
1160 1891 1255 1959 μὲν
1269 1891 1370 1943 οὐκ
1386 1891 1613 1960 ἐδεόμην
1630 1891 1727 1957 τῆς
1741 1891 1930 1942 τούτου

365 1970 685 2040 μαρτυρίας,
717 1971 848 2035 Θεὸς
872 1972 969 2037 ὢν,
987 1973 1085 2044 τῆς
1100 1973 1446 2044 ἀνθρωπίνης
1464 1986 1481 2002 ⁸
1507 1973 1692 2044 ἐπειδὴ
1711 1972 1766 2025 δὲ
1791 1973 1930 2043 μᾶλ-

360 2052 451 2107 λον
506 2052 656 2124 αὐτῷ
698 2053 1041 2125 προσείχετε,
1090 2057 1186 2108 καὶ
1233 2056 1452 2110 πάντων
1493 2056 1929 2127 ἀξιοπιστότερον

359 2138 602 2208 ἡγεῖσθε,
639 2140 730 2192 καὶ
767 2139 960 2211 ἐκείνῳ
988 2141 1085 2212 μὲν
1132 2142 1206 2205 ὼς
1240 2143 1493 2213 προφήτῃ
1524 2141 1931 2212 προσεδράμετε

361 2223 476 2289 (καὶ
503 2224 612 2294 γάρ
637 2225 669 2294 ἠ
696 2224 847 2288 πόλις
871 2227 964 2278 ἐπὶ
994 2226 1086 2279 τὸν
1124 2226 1394 2295 Ἰορδάνην
1426 2225 1700 2295 ἐξεχύθη),
1726 2226 1849 2295 ἐμοὶ
1875 2224 1933 2278 δέ

360 2306 480 2358 οὐδὲ
514 2306 1022 2379 θαυματουργοῦντι
1056 2310 1445 2363 ἐπιστεύσατε’
1474 2311 1562 2364 διά
1604 2309 1762 2362 τοῦτο
1791 2311 1936 2380 ὑμᾶς

362 2390 768 2462 ἀναμιμνήσκω
780 2394 881 2464 τῆς
914 2395 1218 2465 μαρτυρίας
1245 2394 1480 2464 ἐκείνης.
1510 2394 1775 2457 Ἐκεῖνος
1801 2391 1881 2463 ἦν
1904 2398 1936 2448 ό

359 2477 589 2545 λύχνος
606 2481 640 2531 ό
650 2480 984 2547 καιόμενος,
1001 2498 1073 2550 φη
1083 2481 1153 2542 σί,
1173 2479 1272 2533 καί
1292 2480 1541 2549 φαίνων·
1558 2479 1725 2549 ὑμεῖς
1737 2479 1804 2532 δὲ
1815 2481 1941 2534 ἐθε-

361 2564 592 2629 λήσατε
609 2561 753 2642 [259]
772 2562 921 2629 πρὸς
933 2562 1093 2631 ὥραν
1103 2561 1482 2631 ἀγαλλιάσθῆ
1488 2580 1584 2616 ναι
1603 2563 1672 2616 ἐν
1682 2563 1826 2631 φωτί
1841 2564 1943 2617 αὐ-

363 2650 493 2704 τοῦ.
509 2650 628 2702 Ἱνα
647 2649 754 2716 γὰρ
774 2647 847 2718 μὴ
876 2648 1096 2716 λέγωσι,
1120 2648 1184 2700 Τί
1203 2644 1317 2709 οὖν,
1347 2650 1395 2700 εί
1412 2649 1620 2709 ἐκεῖνος
1644 2647 1743 2717 μὲν
1763 2642 1939 2711 εἶπεν,

362 2735 523 2805 ἡμεῖς
537 2733 593 2785 δὲ
606 2733 706 2785 οὑκ
718 2731 1036 2800 ἐδεξάμεθα;
1050 2732 1317 2784 δείκνυσιν
1334 2732 1414 2783 ὅτι
1428 2732 1519 2783 καὶ
1532 2732 1859 2796 ἀπεδέξαντο
1875 2731 1945 2785 τὰ

364 2816 629 2890 εἰρημένα
638 2855 652 2869 .
666 2816 775 2867 Καὶ
787 2815 895 2884 γὰρ
906 2814 1025 2867 οὐδὲ
1041 2815 1166 2877 τοὺς
1178 2815 1437 2885 τυχόντας
1457 2815 1553 2867 ἐπε
1561 2815 1726 2885 μψαν.
1747 2815 1860 2868 ἀλλ’
1878 2816 1944 2867 ἱεο

368 2905 479 2973 ρείς
505 2902 601 2954 καὶ
629 2899 973 2970 Φαρισαίους.
998 2898 1155 2951 Οὕτω
1183 2899 1273 2951 τὸν
1302 2900 1471 2968 ἄνδρα
1490 2898 1820 2967 ἐθαύμαζον,
1850 2900 1945 2953 καὶ

365 2989 477 3048 τοῖς
507 2983 821 3053 λεγομένοις
840 2984 1108 3036 ἀντειπεῖν
1129 2983 1228 3034 οὐκ
1248 2977 1391 3051 εἶχον
1420 2981 1560 3035 τότε.
1583 2983 1654 3034 Τὸ
1683 2982 1758 3046 δὲ,
1790 2983 1947 3050 Πρὸς

367 3070 547 3138 ὥραν,
585 3069 683 3138 τὴν
728 3066 976 3120 εὐκολίαν
1006 3065 1189 3119 αὐτῶν
1216 3064 1520 3128 δεικνύντος
1560 3066 1694 3128 ἐστὶ,
1730 3066 1823 3119 καί¹
1865 3066 1945 3117 ὅτι

369 3154 579 3224 ταχέως
616 3151 778 3205 αὑτοῦ
804 3150 1179 3218 ἀπεπήδησαν.
1223 3148 1371 3216 Ἐγὼ
1402 3147 1469 3201 δὲ
1513 3148 1631 3216 ἔχω
1663 3148 1778 3216 τὴν
1796 3167 1946 3218 μαρ-

370 3241 585 3308 τυρίαν
606 3235 845 3306 μείζονα
868 3233 974 3288 τοῦ
1003 3232 1294 3287 Ἰωάννου.
1326 3233 1387 3285 Εἰ
1416 3232 1515 3302 μὲν
1533 3233 1640 3303 γὰρ
1665 3231 1949 3285 ἐϐούλεσθε

371 3323 515 3378 κατά
544 3322 644 3392 τὴν
668 3317 984 3373 ἀκολουθίαν
1026 3316 1134 3369 τῶν
1178 3316 1519 3387 πραγμάτων
1550 3315 1949 3387 παραδέχεσθαι

371 3412 469 3482 τὴν
495 3409 701 3471 πίστιν,
740 3405 848 3459 ἀπὸ
879 3404 988 3457 τῶν
1019 3404 1194 3473 ἔργων
1232 3402 1430 3473 μᾶλλον
1478 3403 1622 3472 ὑμᾶς
1658 3402 1724 3455 ἂν
1753 3406 1955 3472 ἐπηγα-

372 3494 572 3563 γόμην.
631 3488 844 3559 Ἐπειδὴ
883 3488 940 3541 δὲ
976 3487 1037 3539 οὺ
1088 3485 1362 3555 βούλεσθε,
1406 3486 1497 3539 ἐπὶ
1546 3485 1639 3538 τὸν
1704 3486 1953 3557 Ἰωάννην

376 3579 521 3647 ὑμᾶς
546 3578 684 3643 ἄγω,
719 3574 817 3641 οὐχ
850 3572 925 3634 ὡς
955 3571 1056 3639 τῆς
1093 3570 1300 3623 ἐκείνου
1338 3569 1587 3639 δεόμενος
1629 3570 1955 3640 μαρτυρίας,

376 3663 491 3717 ἀλλ’
520 3658 707 3728 ἐπειδὴ
734 3656 821 3710 διὰ
843 3654 1002 3708 τοῦτο
1023 3653 1203 3707 πάντα
1235 3652 1395 3715 ποιῶ,
1437 3652 1577 3705 ὥστε
1604 3654 1747 3723 ὑμᾶς
1780 3653 1957 3721 σωθῆ-

377 3763 486 3799 ναι.
522 3746 673 3812 Ἕχω
699 3740 796 3810 μὲν
839 3738 947 3808 γὰρ
989 3736 1325 3806 μαρτυρίαν
1368 3734 1649 3790 Ἰωάννου
1691 3735 1953 3804 μείζονα,

376 3832 477 3904 τὴν
522 3828 632 3882 ἀπὸ
671 3825 780 3879 τῶν
818 3823 1013 3895 ἔργων.
1060 3820 1196 3874 Ἀλλ’
1251 3821 1310 3872 ού
1347 3817 1508 3872 τοῦτο
1555 3820 1741 3873 σκοπῶ
1776 3821 1956 3889 μόνον,

379 3901 528 3975 ὅπως
550 3908 660 3963 ἀπὸ
687 3909 797 3960 τῶν
826 3904 1153 3970 ἀξιοπίστων
1188 3901 1591 3973 εὐπαράδεκτος
1623 3903 1751 3974 ὑμῖν
1788 3904 1961 3972 γενοί-

386 4019 493 4072 μην
515 4041 530 4066 ,
564 3996 680 4052 ἀλλ’
711 3996 858 4056 ὅπως
889 3991 983 4045 καὶ
1013 3989 1120 4043 ἀπὸ
1162 3988 1268 4042 τῶν
1302 3988 1431 4058 ὑμῖν
1456 3988 1745 4057 γνωρίμων
1776 4000 1825 4051 ε,
1865 3987 1961 4041 καὶ

384 4070 515 4156 παρ’
539 4082 694 4153 ὑμῶν
726 4075 1169 4146 θαυμαζομένων.
1201 4072 1357 4126 Οῦτω
1382 4072 1760 4143 καθαψάμενος
1782 4070 1963 4126 αὐτῶν

384 4170 463 4240 τῷ
502 4169 709 4224 εἰπεῖν,
754 4163 835 4215 ὅτι
881 4159 1037 4227 Πρὸς
1088 4157 1247 4225 ὥραν
1286 4156 1623 4223 ἠθελήσατε
1678 4157 1966 4227 dmum-

386 4250 695 4320 σθῆναιὲν
715 4245 795 4311 τῷ
817 4244 963 4314 φωτί
987 4241 1192 4303 αὐτοῦ,
1221 4240 1371 4292 ἐτιτε
1395 4240 1725 4311 πρόσκαιρον
1750 4240 1965 4309 ἐκείνην

387 4337 565 4401 δείξας
595 4333 696 4402 τὴν
730 4326 964 4397 σπουδὴν
1003 4325 1098 4379 καὶ
1130 4324 1400 4388 ἀϐέϐαιον,
1457 4324 1535 4394 τῷ
1574 4323 1763 4393 λύχνον
1807 4323 1967 4375 αὑτὸν

390 4421 637 4477 καλέσαι,
668 4414 921 4482 ἐνέφηνεν
949 4412 1030 4463 ὅτι
1052 4410 1151 4462 οὐκ
1182 4408 1390 4461 οἴκοθεν
1438 4402 1550 4477 εἶχε
1588 4407 1648 4459 τὸ
1678 4407 1812 4475 φῶς,
1852 4406 1967 4459 ἀλλ’

391 4506 499 4560 ἀπὸ
519 4504 619 4573 τῆς
652 4499 746 4553 τοῦ
779 4495 1095 4565 Πνεύματος
1118 4493 1362 4562 χάριτος.
1393 4491 1466 4544 Τὸ
1485 4492 1541 4544 δὲ
1562 4492 1699 4562 πρὸς
1731 4492 1970 4544 ἀντιδια-

396 4588 586 4658 στολὴν
621 4582 806 4647 αὐτοῦ,
835 4579 994 4633 τοῦτο
1011 4578 1111 4632 οὐκ
1138 4580 1219 4629 ἑτι
1245 4576 1606 4638 τέθεικεν,ὅτι
1633 4575 1792 4638 αὑτός
1822 4579 1971 4629 ἐστιν

394 4677 424 4729 ὁ
446 4677 598 4747 ἣλιος
624 4671 725 4740 τῆς
745 4661 1264 4747 δικαιοσύνης,ᾉάλλά
1282 4659 1418 4747 τέως
1432 4660 1772 4730 αἰνιξάμενος
1791 4660 1971 4729 μόνον,

396 4743 679 4827 καθήψατο
696 4754 723 4792 b
746 4750 950 4819 σφόδρα
982 4745 1180 4803 αὐτῶν,
1214 4746 1306 4797 καὶ
1319 4743 1609 4804 δείκνυσιν,
1632 4744 1712 4796 ὅτι
1742 4744 1850 4796 άπὸ
1873 4743 1974 4813 τῆς

398 4843 562 4913 αὐτῆς
601 4837 845 4908 γνώμης,
878 4835 968 4900 ἀφ’
1007 4828 1075 4903 ἧς
1120 4829 1327 4883 ἐκείνου
1382 4828 1814 4913 κατεφρόνησαν,
1853 4827 1974 4880 οὐδὲ

396 4928 473 4998 τῷ
508 4911 732 4996 Χριστῷ
757 4918 1042 4973 πιστεῦσαι
1067 4914 1427 4984 ἠδυνήθησαν.
1453 4913 1564 4965 Καὶ
1589 4912 1698 4981 γὰρ
1726 4911 1815 4964 τὸν
1846 4911 1976 4963 θαυ-

401 4996 704 5081 μαζόμενον
738 5006 863 5076 παρ’
888 5003 1066 5063 αὐτοῖς
1087 4999 1233 5067 πρὸς
1247 4996 1406 5066 ὤραν
1433 4996 1750 5063 ἐθαύμασαν
1784 4996 1941 5066 μόνον
1958 5009 1972 5025 ⁸

400 5098 473 5160 ὡς
518 5097 565 5148 εἰ
611 5094 685 5164 μὴ
723 5089 879 5144 τοῦτο
917 5086 1196 5152 ἐποίησαν,
1249 5081 1455 5152 ταχέως
1506 5081 1570 5133 ἂν
1602 5080 1797 5142 αὐτοὺς
1843 5079 1979 5150 πρὸς

400 5182 489 5233 τὸν
515 5163 728 5248 Ἰησοῦν
751 5170 1178 5244 ἐχειραγώγησε.
1208 5166 1397 5248 Δείξας
1413 5164 1591 5217 τοίνυν
1620 5164 1816 5226 αὐτοὺς
1842 5163 1979 5216 πάν-

402 5263 553 5316 τοθεν
583 5247 850 5322 ἀναξίους
900 5253 1058 5315 ὄντας
1109 5247 1454 5318 συγγνώμης.
1496 5248 1742 5317 ἐπήγαγε
1768 5247 1981 5314 λέγων’

417 5345 560 5413 Ἐγὼ
587 5342 656 5396 δὲ
678 5342 794 5410 ἔχω
815 5337 929 5405 τὴν
942 5335 1272 5405 μαρτυρίαν
1284 5329 1522 5399 μείζονα
1550 5330 1653 5383 τοῦ
1683 5328 1981 5383 Ἰωάννου.

406 5430 570 5483 Ποίαν
595 5428 659 5496 δὴ
689 5425 890 5493 ταύτην
913 5439 927 5487 ;
962 5422 1073 5491 Τὴν
1091 5418 1197 5471 ἀπὸ
1217 5417 1324 5469 τῶν
1354 5416 1549 5486 ἔργων.
1591 5414 1664 5469 Τὰ
1684 5415 1792 5483 γὰρ
1818 5415 1981 5484 ἔργα,

408 5516 591 5583 φησιν,
630 5509 668 5565 ἃ
694 5507 879 5563 ἔδωκέ
905 5523 1004 5574 μοι
1038 5507 1070 5557 ό
1099 5500 1320 5569 Πατὴρ,
1352 5501 1452 5553 ἵνα
1480 5497 1775 5583 τελειώσω
1812 5496 1985 5562 αὐτὰ,

408 5581 558 5651 αὐτὰ
580 5596 654 5648 τὰ
678 5593 823 5662 ἔργα
853 5590 983 5656 περὶ
1009 5585 1154 5655 ἐμοῦ
1181 5583 1482 5654 μαρτιψεῖ,
1507 5582 1591 5634 ὅτι
1626 5585 1659 5635 ό
1687 5581 1885 5650 Πατήρ
1912 5597 1989 5650 με

410 5680 789 5747 ἀπέστειλεν.
836 5671 1101 5726 Ἐνταῦθα
1123 5668 1216 5721 τοῦ
1252 5665 1654 5735 παραλυθέντος
1693 5666 1786 5717 καὶ(¹
1813 5663 1989 5735 όρθω-

414 5767 594 5828 θέντος
628 5762 922 5832 ἀνέμνησε,
952 5757 1047 5811 καλ⁵
1082 5755 1281 5824 ἐτέρων
1311 5750 1570 5804 πλειόνων
1591 5765 1606 5781 °
1646 5750 1715 5821 τὰ
1752 5751 1851 5832 μὲν
1894 5752 1991 5821 ρή-

419 5867 560 5919 ματα
599 5859 648 5910 ε,
677 5843 830 5899 εἶπεν
859 5845 989 5904 ἴσως
1022 5842 1089 5894 ἂν
1123 5856 1206 5900 τις
1245 5836 1445 5901 αὐτῶν,
1474 5836 1682 5905 κόμπον
1728 5830 1867 5887 εἶναι
1900 5836 1993 5889 καὶ

480 5959 505 5986 ⁸
534 5956 631 6003 Alii
653 5952 763 6013 ὑμῖν
784 5949 1068 6013 ἐγγυτέρωνπ
1185 5943 1355 5991 Morel.
1395 5941 1696 5992 καθικνεῖται.
1763 5943 1785 5972 ⁸
1819 5940 1988 5991 Morel.

424 6019 662 6068 πλειόνων.
689 6008 893 6069 ’Ἐπειδὴ
913 6011 999 6072 γὰρ
1024 6008 1081 6057 τὰ
1105 6008 1304 6072 ῥήματα.

1323 341 1391 397 IN
1426 340 1741 397 JOANNEM
1778 341 2009 400 HOMIL.
2058 342 2166 398 XL.
2203 345 2274 400 al.
2315 328 2553 400 xxxux‘.
3491 338 3601 393 εστ

2036 460 2216 530 φιλίας
2245 462 2342 531 τῆς
2392 462 2634 513 Ἰωάννου
2665 460 2853 529 χάριν’
2905 458 3079 512 καίτοι
3108 455 3227 510 οὐδὲ
3271 453 3428 508 τοῦτο
3473 456 3601 525 ἐνῆν

2027 544 2207 607 αὐτοῖς
2232 546 2404 597 εἰπεῖν
2429 545 2557 614 περὶ
2607 543 2873 605 Ἰωάννου,
2922 542 3113 613 ἀνδρὸς
3158 537 3296 609 μετά
3318 538 3600 607 ἀκριϐείας

2029 628 2338 698 φιλοσοφεῖν
2364 627 2583 689 εἰδότος,
2610 626 2705 678 καὶ
2730 624 2872 679 οὕτω
2894 625 3022 695 παρ’
3049 625 3230 686 αὐτοῖς
3266 621 3601 690 θαυμασθέν-

2024 727 2143 773 τος·
2173 711 2316 763 τάδέ
2346 711 2647 780 πράγματα
2678 708 2778 761 οὐκ
2811 708 2889 761 ἔτι
2927 707 3049 760 οὐδὲ
3084 706 3234 776 παρά
3267 707 3379 767 τοῖς
3413 721 3597 773 μαινο-

2029 795 2210 864 μένοις
2245 794 2448 865 σφόδρα
2484 794 2682 864 ταύτην
2730 792 2955 863 ἠδύνατο
2994 790 3090 861 τὴν
3136 790 3388 842 ὑπόνοιαν
3433 786 3596 856 ἔχειν.

2024 879 2124 931 Διὰ
2168 879 2325 931 τοῦτο
2373 879 2627 948 δευτέραν
2691 879 2893 947 ταύτην
2956 878 3197 944 ἐπήγαγε
3274 872 3597 942 μαρτυρίαν,

2026 963 2194 1016 εἰπών
2215 981 2228 993 ·
2265 964 2340 1017 Τὰ
2367 964 2511 1031 ἔργα
2535 962 2574 1017 ἄ
2591 962 2773 1016 ἐδωκέ
2788 980 2890 1031 μοι
2914 964 2944 1014 ό
2962 959 3163 1027 Πατὴρ
3185 959 3283 1011 ἵνα
3310 955 3602 1009 τελειώσω

2025 1047 2195 1111 αὐτὰ,
2229 1047 2381 1101 αὐτὰ
2404 1049 2476 1102 τὰ
2505 1047 2666 1116 ἔργα,
2703 1046 2741 1099 ιῖ
2787 1044 2900 1114 ἐγὼ
2945 1042 3108 1098 ποιῶ.
3144 1040 3431 1110 μαρτυρεῖ
3469 1040 3599 1106 περί

2025 1132 2190 1203 ἐμοῦ,
2222 1132 2310 1185 ὅτι
2339 1130 2657 1186 ἀπέστειλέ
2673 1147 2749 1199 με
2769 1133 2800 1183 ό
2825 1127 3044 1194 Πατήρ.
3073 1124 3331 1179 Ἐνταῦθα
3355 1124 3446 1176 καὶ
3468 1122 3604 1191 πρὸς

2025 1217 2125 1286 τὴν
2172 1217 2505 1289 κατηγορίαν
2542 1218 2641 1286 τῆς
2678 1215 2769 1267 τοῦ
2807 1212 3077 1267 σαϐϐάτου
3116 1210 3318 1271 λύσεως
3366 1208 3599 1260 ἵσταται.

2038 1285 2255 1370 Ἐπειδὴ
2429 1285 2612 1368 ἔλεγον
2640 1299 2857 1351 ἐκεῖνον
2901 1294 3026 1356 Πῶς
3068 1293 3288 1345 δύναται
3326 1285 3464 1370 εἶναι
3495 1289 3606 1341 άπὸ

2026 1384 2118 1437 τοῦ
2140 1383 2298 1449 Θεοῦ,
2315 1383 2470 1437 ὅτιτὸ
2500 1382 2769 1436 σάϐϐατον
2793 1380 2852 1433 οὑ
2890 1396 2953 1447 τη
2965 1381 3080 1448 ρεί;
3111 1376 3198 1429 διὰ
3225 1374 3381 1427 τοῦτο
3409 1369 3529 1425 εἶπε
3551 1372 3604 1434 ά,

2033 1471 2100 1525 Ἃ
2136 1469 2319 1523 ἔδωκέ
2339 1487 2441 1538 μοι
2473 1472 2505 1523 ό
2542 1467 2765 1533 Πατήρ.
2800 1465 2989 1520 Καίτοι
3022 1481 3084 1532 γε
3113 1461 3367 1531 αὑθεντίᾳ
3397 1458 3601 1512 ἐποίει·

2029 1554 2166 1606 ἀλλά
2194 1554 2407 1615 δεικνὺς
2445 1552 2582 1622 μετά
2612 1551 2813 1620 πολλῆς
2844 1550 2940 1618 τῆς
2976 1545 3311 1619 περιουσίας,
3345 1546 3425 1597 ὅτι
3455 1543 3608 1595 οὐδὲν

2030 1637 2269 1690 ἐναντίον
2289 1636 2367 1704 τῷ
2400 1636 2573 1704 Πατρὶ
2610 1634 2870 1705 πράττει,
2915 1632 3003 1684 διὰ
3025 1630 3180 1682 τοῦτο
3215 1628 3391 1682 καὶτὸ
3427 1624 3608 1695 πολλῷ

2030 1719 2246 1771 ἔλαττον
2268 1719 2500 1772 τέθεικε.

2101 1808 2170 1871 γ’.
2194 1803 2301 1855 Καὶ
2324 1801 2487 1864 διατί,
2508 1800 2693 1870 φησὶν,
2708 1801 2807 1852 οὐκ
2827 1795 2996 1855 εἶπεν.
3016 1798 3095 1849 ὅτι
3116 1795 3195 1846 Τά
3212 1792 3416 1863 ἕργα,ὃ.
3441 1789 3608 1843 ἔδωκέ

2034 1902 2123 1955 μοι
2156 1885 2184 1936 ὁ
2222 1884 2428 1955 Πατὴρ,
2464 1886 2727 1954 μαρτυρεῖ
2779 1885 2858 1935 ὅτι
2906 1882 3017 1941 ίσος
3050 1878 3166 1948 είμὶ
3218 1875 3312 1927 τοῦ
3359 1873 3606 1944 Πατρός;

2044 1969 2348 2038 Ἀμφότεροι
2375 1968 2481 2037 γάρ
2509 1963 2576 2037 ἦν
2610 1966 2716 2019 ἀπὸ
2758 1965 2866 2018 τῶν
2901 1964 3076 2033 ἔργων
3136 1959 3346 2029 μαθεῖν,
3392 1957 3486 2010 καὶ
3527 1957 3609 2007 ὅτι

2031 2051 2183 2104 οὐδὲν
2232 2050 2406 2122 [240]
2454 2049 2693 2102 ἐναντίον
2744 2049 2906 2108 ποιεῖ,
2966 2045 3060 2098 καὶ
3099 2044 3183 2095 ὅτι
3230 2042 3341 2103 ἴσος
3374 2041 3491 2092 ἐστὶ
3516 2038 3610 2091 τοῦ

2034 2134 2440 2204 γεγεννηκότος.
2459 2133 2638 2202 Ὅπερ
2655 2129 2886 2199 ἀλλαχοῦ
2920 2122 3342 2186 κατασκευάζων
3360 2122 3539 2190 ἔλεγεν
3562 2133 3607 2158 θ’

2036 2220 2248 2288 Εὶὲμοί
2274 2220 2344 2271 οὐ
2374 2218 2703 2279 πιστεύετε,
2747 2214 2871 2278 τοῖς
2910 2213 3101 2281 ἔργοις
3127 2226 3244 2278 μου
3277 2207 3609 2267 πιστεύετε,

2035 2308 2137 2361 ἵνα
2162 2305 2345 2375 γνῶτε
2378 2303 2475 2357 καὶ
2506 2303 2891 2367 πιστεύσητε,
2943 2299 3030 2350 ὅτι
3056 2298 3169 2365 ἐγὼ
3203 2295 3271 2347 ἐν
3300 2293 3381 2358 τῷ
3408 2291 3612 2357 Πατρί,

2037 2392 2135 2446 καὶ
2168 2374 2201 2444 ό
2235 2389 2437 2455 Πατὴρ
2457 2389 2526 2441 ἐν
2549 2387 2696 2455 ἐμοί.
2734 2384 3039 2453 Ἀμφότερα
3071 2377 3164 2433 οὖν
3195 2377 3343 2445 αὑτῴ
3373 2374 3611 2444 ἐμαρτύ-

2042 2493 2144 2545 ρει,
2172 2475 2265 2526 καὶ
2294 2474 2377 2525 ὅτι
2406 2472 2517 2533 ἴσος
2541 2466 2609 2541 ἦν
2637 2468 2731 2522 τοῦ
2769 2466 3000 2537 Πατρὸς,
3037 2465 3130 2516 καὶ
3163 2464 3242 2515 ὃτι
3273 2460 3424 2512 οὐδὲν
3462 2460 3616 2509 ἐναν-

2036 2558 2151 2611 τίον
2189 2558 2451 2626 ἔπραττεν
2483 2539 2695 2622 ἐκείνῳ.
2753 2550 2909 2612 Τίνος
2950 2544 3042 2601 οὖν
3077 2546 3261 2597 ἕνεκεν
3307 2543 3404 2610 οὐχ
3444 2539 3617 2600 οὕτως

2042 2637 2213 2698 εἶπεν,
2250 2620 2384 2692 ἀλλά
2415 2638 2473 2691 τὸ
2507 2620 2689 2708 μεῖζον
2718 2632 2895 2701 ἀφεὶς,
2935 2630 3094 2682 τοῦτο
3114 2628 3381 2689 τέθεικεν;
3416 2625 3536 2675 ’Ότι
3558 2620 3621 2673 τὸ

2045 2724 2473 2794 σπουδαζόμενον
2495 2704 2652 2774 τοῦτο
2688 2717 2904 2788 πρῶτον
2940 2710 3027 2784 ἦν.
3078 2712 3139 2764 Εἰ
3182 2708 3413 2794 γὰρκαὶ
3441 2704 3621 2794 πολλρἒ

2044 2809 2262 2862 ἔλαττον
2288 2807 2347 2860 τὸ
2375 2787 2834 2873 πιπευθῆναιγὸτι
2868 2797 3017 2866 παρά
3046 2796 3140 2848 τοῦ
3180 2793 3314 2845 Θεοῦ
3344 2789 3493 2863 ἦλθε,
3524 2787 3620 2841 τοῦ

2044 2891 2394 2963 πιστευθῆναι
2417 2891 2498 2942 ὅτι
2526 2871 2659 2947 Θεό-ς
2687 2888 2832 2938 ἐστιν
2858 2885 2971 2944 ίσος
2990 2878 3137 2963 αὐτῷ
3156 2896 3169 2909 ο
3195 2879 3369 2930 ἐκεῖνο
3395 2875 3490 2945 μὲν
3512 2871 3623 2941 γὰρ

2046 2979 2140 3030 καὶ
2171 2977 2444 3047 προφῆται
2498 2967 2672 3037 εἷπον,
2725 2967 2881 3022 τοῦτο
2907 2967 2964 3019 δὲ
2991 2962 3174 3017 οὐκέτι
3199 2980 3212 2993 ·
3266 2962 3413 3030 ὅμως
3463 2957 3624 3019 αὐτὸς

2047 3059 2187 3132 ὑπὲρ
2217 3040 2313 3112 τοῦ
2342 3040 2631 3118 ’ἐλάττονος
2689 3051 2888 3121 πολλὴν
2930 3049 3135 3102 τίθεται
3175 3043 3428 3132 σπουδῂν,
3471 3040 3624 3102 εἰδὼς

2047 3146 2127 3197 ὅτι
2156 3123 2362 3196 ’τούτου
2414 3139 2687 3209 δεχθέντος
2714 3136 2733 3173 ί
2768 3135 2860 3187 καὶ
2891 3134 3067 3185 ἐκεῖνο
3097 3128 3291 3197 γένοιτ’
3330 3125 3396 3178 ἂν
3442 3123 3628 3176 λοιπὸν

2049 3205 2617 3296 εύπαράδεκτονξΚαὶ
2648 3220 2746 3289 τῆς
2775 3216 3016 3287 μείζονος
3054 3213 3206 3267 οὐδὲν
3249 3205 3627 3281 μνημονεύσας

2012 3300 2015 3304 ἐ
2052 3289 2372 3382 μαρτυρίας,
2410 3306 2468 3359 τὸ
2498 3305 2713 3357 ἔλαττον
2754 3301 2922 3369 αὐτῆς
2962 3298 3118 3369 ἔργον
3141 3295 3339 3363 τίθησι,
3371 3292 3459 3382 ίνα
3490 3292 3514 3330 Β
3541 3289 3631 3382 διὰ

2048 3393 2238 3446 τούτου
2271 3389 2530 3458 κάκείνην
2552 3386 2831 3452 δέξωνται.
2880 3382 3051 3435 Τοῦτο
3082 3374 3495 3435 κατασκευάσας
3528 3372 3630 3424 πά-

2050 3477 2133 3530 λιν
2163 3474 2392 3542 ἐπάγειο
2445 3472 2500 3523 Ὀ
2534 3468 2778 3537 πέμψας
2807 3483 2885 3535 με
2934 3462 3158 3530 Πατὴρ,
3190 3458 3372 3523 αὐτὸς
3409 3471 3632 3542 μεμαρ-

2052 3539 2623 3626 τύρηκενπερὶέμοῦ.
2656 3550 2765 3604 Καὶ
2805 3547 2906 3600 ποῦ
2945 3544 3335 3626 μεμαρτύρηκε
3383 3541 3510 3608 περὶ
3535 3539 3633 3626 αύ-

2052 3620 2146 3697 τοῦ
2171 3620 2193 3706 ς’
2230 3642 2318 3693 Ἐν
2367 3620 2444 3708 τῷ
2484 3620 2743 3705 Ἰορδάνῃ.
2781 3626 2970 3695 Οὗτός
3013 3629 3163 3685 ἐστι,
3199 3625 3460 3708 λέγων,ᾼό
3502 3620 3635 3683 Υἱός

2050 3704 2180 3797 μου
2198 3704 2499 3793 ἀγαπητός
2522 3734 2534 3747 ·
2570 3704 2755 3770 αὺτοῦ
2784 3714 3061 3797 ἀκούετε.
3130 3708 3289 3762 Ἀλλά
3340 3706 3434 3759 καὶ
3480 3704 3639 3797 τοῦτο

2056 3781 2402 3874 κατασκευῆς
2434 3781 2622 3856 ἐδεῖτο.
2655 3797 2728 3851 Τὸ
2760 3797 2858 3868 μὲν
2900 3790 2995 3848 οῦν
3038 3791 3285 3846 Ἰωάννου
3323 3788 3483 3874 δῆλον
3496 3781 3594 3874 ’ἦν
3618 3798 3632 3815 ο

2058 3890 2213 3947 αὐτοὶ
2249 3865 2773 3960 γάρ’-ἀπέστειλαν(
2814 3879 2908 3932 καὶ
2953 3875 3290 3960 ἀρνήσασθαι
3325 3872 3426 3925 οὐκ
3471 3865 3634 3941 εἶχον.

2060 3976 2169 4030 Καὶ
2189 3975 2250 4026 τὸ
2263 3954 2457 4025 ἐκτῶν
2481 3966 2719 4038 σημείων
2734 3964 2790 4017 δέ
2813 3963 3030 4032 ὁμοίως.
3056 3956 3207 4013 Εἶδον
3228 3958 3335 4027 γὰρ
3357 3954 3641 4024 γινόμενα,

2061 4060 2154 4113 καὶ
2194 4054 2345 4129 παρά
2379 4051 2473 4106 τοῦ
2510 4046 2937 4121 θεραπευθέντος
2965 4047 3224 4115 ἥκουσαν,
3256 4041 3351 4094 καὶ
3393 4040 3643 4091 ἐπίστευ-

2065 4160 2185 4205 σαν,
2214 4119 2336 4193 ὅθεν
2361 4137 2455 4190 καὶ
2482 4119 2793 4187 ἐνεκάλουν.
2827 4129 3099 4182 Ἐλείπετο
3121 4127 3175 4179 δὲ
3208 4124 3395 4179 λοιπὸν
3422 4122 3495 4205 τὸν
3515 4119 3644 4205 περὶ

2064 4204 2284 4297 τῆςτοῦ
2337 4219 2549 4290 Πατρὸς
2586 4214 2888 4289 μαρτυρίας
2939 4210 3240 4277 ἀποδεῖξαι.
3267 4206 3402 4260 Εἶτα·
3436 4204 3643 4295 μέλλων

2066 4285 2197 4365 αύτό
2226 4285 2678 4365 κατασκευάζειν,
2701 4285 2998 4369 ἐπήγαγεν.
3036 4296 3184 4348 Οὔτε
3212 4290 3422 4361 φωνὴν
3455 4285 3644 4342 αὑτοῦ

2067 4394 2361 4461 ἀκηκόατε
2406 4387 2661 4441 πώποτε.
2703 4383 2815 4435 Καὶ
2879 4380 2994 4444 πῶς
3055 4377 3296 4447 Μωῦσῆς
3354 4375 3519 4440 λέγει,
3584 4373 3646 4423 Ὀ

2072 4455 2215 4542 Θεός
2249 4472 2475 4535 ἐλάλει,
2509 4464 2770 4534 Μωϋσῆς
2813 4463 2881 4517 δὲ
2926 4462 3327 4529 ἁπεκρίνατο;
3384 4458 3499 4519 πῶς
3526 4455 3581 4507 δὲ
3618 4455 3649 4505 ὁ

2070 4538 2231 4615 Δαυῖδ
2271 4574 2422 4627 φησι,
2449 4551 2754 4607 Γλῶσσαν
2782 4547 2862 4616 ἣν
2896 4551 3008 4601 οὐκ
3037 4546 3189 4615 ἔγνω
3231 4543 3491 4627 ἢκουσες
3538 4538 3649 4589 Καὶ

2074 4643 2238 4697 πάλιν
2284 4623 2561 4705 Μωῦσῆς,
2600 4633 2663 4687 Εἰ
2701 4632 2847 4685 ἐστιν
2890 4629 3042 4692 ἔθνος
3074 4626 3334 4688 τοιοῦτον,
3379 4623 3408 4676 ὃ
3448 4624 3649 4693 ἢκουσε

2074 4728 2257 4798 φωνὴν
2282 4722 2448 4787 Θεοῦ;
2480 4720 2627 4774 Οὔτε
2665 4713 2826 4782 εἶδος
2862 4713 3047 4768 αὐτοῦ
3093 4709 3406 4778 ἑωράκατε.
3460 4706 3655 4759 Καίτοι

2076 4790 2169 4867 καὶ
2198 4790 2499 4879 ἐωρακέναι
2525 4800 2688 4856 αὐτὸν
2707 4794 3064 4868 λέγονταικαὶ
3100 4794 3342 4853 Ἡσαΐας,
3367 4790 3461 4879 καὶ
3488 4790 3654 4856 Ἱερε-

2080 4896 2229 4963 μίας,
2268 4870 2363 4944 καὶ
2399 4885 2678 4956 Ἰεζεκιὴλ,
2702 4883 2796 4937 καὶ
2825 4883 3011 4963 ἕτεροι
3030 4877 3264 4938 πλείους.
3298 4875 3362 4926 Τί
3389 4870 3480 4925 οῦν
3508 4873 3655 4923 ἐστιν

2078 4955 2106 5032 δ
2140 4955 2301 5047 φησιν
2329 4976 2356 5027 ό
2385 4970 2617 5042 Χριστὸς
2646 4967 2739 5021 νῦν
2768 4983 2781 5030 ;
2811 4965 2905 5027 Εἰς
2940 4962 3225 5033 φιλόσοφον
3258 4958 3454 5018 αὐτοὺς
3473 4955 3654 5047 ἐνάγει

2078 5037 2274 5132 δόγμα,
2319 5037 2459 5112 κατά
2515 5052 2707 5125 μικρὸν
2751 5049 2984 5112 δεικνὺς,
3034 5047 3115 5099 ὅτι
3169 5044 3292 5098 οὔτε
3332 5040 3484 5110 φωνὴ
3529 5037 3658 5105 περὶ

2081 5121 2233 5209 θεὸν,
2268 5141 2393 5196 οῦτε
2423 5121 2583 5202 εἶδος,
2620 5121 2733 5189 ἀλλ’
2765 5132 3035 5201 ἀνώτερος
3074 5131 3169 5184 κα.)⁴
3212 5126 3505 5197 σχημάτων
3522 5121 3658 5209 Δἐστὶ

2082 5229 2177 5283 καὶ
2210 5204 2462 5295 φθόγγων
2493 5219 2766 5273 τοιούτων.
2803 5217 3014 5285 Ὥσπερ
3044 5213 3150 5283 γὰρ
3175 5210 3366 5270 εἰπὼν,
3394 5209 3475 5260 ὅτι
3508 5204 3659 5259 Οῠτε

2084 5309 2294 5381 φωνὴν
2327 5302 2514 5360 αὑτοῦ
2548 5301 2863 5369 ἀκηκόατε,
2896 5298 2956 5351 οὐ
2990 5296 3147 5349 τοῦτο
3173 5295 3339 5360 λέγει,
3370 5292 3451 5343 ὃτι
3479 5288 3661 5357 φωνὴν

2089 5397 2186 5467 μὲν
2214 5392 2482 5464 προΐεται,
2518 5387 2618 5439 οὐκ
2642 5384 2912 5455 ἀκουστὴν
2938 5380 2995 5434 δέ
3024 5399 3036 5411 ·
3080 5379 3249 5439 οὕτως
3286 5374 3476 5434 εἰπὼν,
3514 5374 3662 5425 Οὔτε

2085 5452 2244 5544 εἶδος
2288 5471 2473 5529 αὑτοῦ
2528 5467 2841 5536 ἑωράκατε,
2869 5452 2940 5517 ὀὐ
2984 5463 3139 5515 τοῦτο
3182 5460 3348 5526 λέγει,
3398 5458 3477 5509 ὅτι
3525 5452 3664 5516 εἶδος

2093 5563 2190 5634 μὲν
2217 5536 2348 5630 ἐχει,
2389 5556 2449 5608 ού
2498 5552 2687 5634 θεατὸν
2726 5550 2813 5603 δέ·
2851 5547 2963 5600 ἀλλ’
3008 5546 3089 5597 ὄτι
3118 5542 3266 5595 οὐδὲν
3298 5539 3500 5634 τούτων
3535 5536 3665 5607 περὶ

2090 5622 2392 5698 δεόν.“”1να
2423 5635 2531 5706 γὰρ
2570 5633 2643 5703 μὴ
2667 5632 2914 5699 λέγωσιν,
2948 5628 3083 5697 Εἰκῆ
3102 5623 3426 5694 κομπάζεις.
3452 5622 3477 5706 ἓ
3503 5622 3667 5673 Μωῦ-

2096 5731 2179 5781 σεῖ
2215 5724 2508 5792 λελάληκεν
2532 5720 2560 5770 ὁ
2592 5715 2723 5777 Θεὸς
2763 5712 2905 5782 μόνῳ
2943 5709 3131 5780 (τοῦτο
3159 5707 3287 5776 γοῦν
3325 5707 3419 5759 καὶ
3452 5705 3663 5772 ἔλεγον·

2156 5867 2183 5906 d
2207 5864 2379 5914 Morel.
2423 5863 2524 5910 εἶπε
2559 5858 2636 5905 καὶ
2683 5853 2840 5907 αὐτός.
2914 5847 3339 5914 οΜῡι“(ιΙ.-ξ-κσιὶ⁵
3363 5845 3541 5914 προ-ἰὼν
3580 5858 3669 5914 κα·-

2092 5904 2379 5979 τασιίέυάξεϊ
2634 5915 2654 5955 ί
2666 5980 2674 5983 Α
2692 5916 2788 5983 Alii
2813 5904 3070 5983 λεχθέντος.
3138 5911 3161 5947 Β
3190 5908 3361 5983 Morel.
3404 5904 3553 5961 ἀὐτῆς
3586 5904 3668 5950 λό-

2097 6009 2180 6054 γου
2204 5971 2439 6043 ἀξιοῖἴνα.
2463 5971 2471 5983 ’
2506 5980 2695 6032 “Sani.
2724 5971 2922 6039 λέγωσιν
2947 5974 3016 6022 ὅτι
3046 5971 3315 6034 κομπάζεις.
