4100 6364
435 384 599 442 enim,
631 377 742 433 Nos
765 378 948 431 scimus
975 377 1093 445 quia
1127 374 1293 445 Moysi
1316 374 1550 442 loquutus
1578 384 1650 427 est
1672 373 1809 427 Deus
1835 388 1855 427 :
1882 374 2015 425 hunc

435 485 549 524 vero
571 471 815 524 nescimus
845 468 976 521 unde
995 469 1056 520 sit
1084 465 1244 543 (Joan
1289 466 1339 520 9.
1363 464 1485 531 39):
1520 465 1640 519 idco
1663 465 1739 519 sic
1768 465 2017 535 loquutus

435 572 518 619 est
540 604 553 625 ,
585 562 871 616 ostendens
902 562 953 614 in
989 562 1096 613 Deo
1123 575 1218 614 nec
1249 574 1431 613 vocem
1470 573 1569 613 nec
1609 558 1842 628 Speciem
1875 572 2013 612 esse.

438 654 506 708 Et
529 655 653 724 quid
686 656 784 706 hoc
807 652 959 706 dico?
988 652 1102 706 Non
1126 652 1286 705 tnodo
1301 666 1486 705 vocem
1506 650 1619 721 ejus
1641 665 1744 704 non
1764 651 2007 716 audistis,

435 762 535 800 nec
573 746 805 814 speciem
846 744 1052 797 vidistis
1075 785 1090 806 ,
1123 743 1217 798 sed
1249 743 1301 796 id
1329 743 1397 797 dc
1423 759 1528 812 quo
1557 741 1787 797 maxime
1811 742 2007 810 gloria-

435 839 583 898 mini.
614 838 681 891 de
707 853 812 907 quo
836 838 1065 890 maxime
1092 822 1252 889 inflati
1277 837 1406 890 estis
1431 850 1615 889 omnes
1639 877 1653 901 ,
1686 835 1825 905 quod
1855 850 2010 889 man-

433 929 552 983 data
581 929 697 997 ejus
726 929 1040 996 acceperitis
1064 939 1117 982 et
1141 927 1410 991 habeatis;
1447 943 1512 981 ne
1542 927 1668 981 illud
1694 927 1906 997 quidem
1936 928 2017 981 di-

432 1034 557 1074 cere
585 1022 826 1088 potestis.
858 1019 981 1074 ldeo
1011 1019 1282 1089 subjungit
1314 1036 1329 1072 :
1360 1019 1446 1073 58.
1488 1018 1664 1087 Neque
1684 1021 1883 1073 verbum
1907 1020 2015 1088 ejus

434 1111 622 1165 habetis
650 1114 699 1164 in
730 1112 867 1165 vobis
895 1127 1136 1175 manens;
1168 1112 1220 1165 id
1247 1122 1329 1165 est
1347 1152 1363 1176 ,
1391 1111 1635 1165 mandata
1657 1154 1671 1177 ,
1704 1122 1965 1181 prmcepta
1994 1153 2010 1176 ,

434 1206 604 1276 legem
629 1249 644 1273 ,
677 1212 980 1275 prophetas.
1014 1207 1232 1261 Etiamsi
1257 1205 1398 1261 enim
1432 1207 1571 1260 Deus
1600 1205 1717 1261 haec
1742 1222 2012 1276 praecepe-

431 1298 520 1362 rit,
545 1308 775 1351 attamen
822 1297 936 1352 hinc
971 1297 1110 1367 apud
1151 1314 1244 1353 vos
1281 1314 1387 1352 non
1422 1308 1566 1362 sunt,
1598 1299 1719 1367 quia
1750 1298 1876 1352 mihi
1906 1316 2010 1353 non

431 1387 666 1442 creditis.
699 1387 807 1441 Etsi
831 1389 972 1441 enim
997 1388 1190 1457 passim
1213 1396 1267 1442 et
1285 1388 1476 1457 ubique
1503 1387 1679 1442 dicant
1703 1388 2007 1457 Scriptnrtu,

430 1476 557 1530 mihi
584 1492 703 1531 esse
727 1478 1072 1542 credendum,
1099 1492 1196 1531 vos
1219 1486 1393 1531 tamen
1420 1494 1524 1530 non
1546 1477 1785 1541 creditis,
1813 1478 2012 1545 palant-

431 1586 534 1640 que
563 1580 644 1624 est
671 1572 890 1625 verbum
921 1571 1039 1641 ejus
1064 1586 1092 1623 a
1121 1570 1270 1624 vobis
1309 1570 1653 1624 abscessisse.
1700 1570 1823 1624 Ideo
1865 1570 2012 1624 addit

430 1663 618 1717 iterum
647 1680 661 1716 :
690 1662 822 1727 Quia
857 1663 903 1717 ei
941 1678 1087 1732 quem
1127 1662 1260 1714 misit
1286 1662 1372 1714 ille
1397 1676 1480 1713 vos
1509 1677 1610 1714 non
1642 1660 1861 1713 creditis.
1913 1661 2007 1714 De-

428 1753 549 1807 inde
569 1770 636 1807 ne
657 1754 914 1815 dicerent,
945 1752 1225 1820 Quomodo
1251 1752 1293 1804 si
1326 1766 1510 1805 vocem
1533 1754 1648 1819 ejus
1675 1767 1780 1804 non
1803 1751 2008 1806 audivi-

429 1862 564 1912 mus,
599 1846 693 1899 tibi
723 1847 1083 1900 testimonium
1114 1844 1418 1914 perhibuit?
1442 1846 1516 1897 ait
1544 1845 1634 1898 ille
1660 1863 1672 1899 :
1697 1845 2009 1899 Scrutamini

428 1939 753 2006 Scripturas;
782 1937 883 1991 illa:
906 1938 1033 1990 enim
1055 1946 1168 1990 sunt
1188 1952 1298 2006 qua:
1313 1936 1649 1989 testimonium
1669 1937 1924 2005 perhibent
1947 1937 2010 1991 de

425 2046 501 2080 me
526 2028 705 2098 (Joan.
728 2029 782 2083 5.
814 2025 929 2099 59);
951 2028 1189 2081 indicans
1216 2042 1310 2095 per
1337 2027 1431 2080 has
1460 2028 1619 2080 Deum
1646 2027 2004 2081 testimonium

424 2118 777 2185 perhibtnsse.
810 2118 939 2171 Nam
972 2127 1022 2171 et
1050 2118 1100 2169 in
1123 2115 1355 2171 Jordane
1387 2125 1439 2169 et
1469 2117 1518 2168 in
1561 2125 1742 2170 monte
1770 2117 2007 2171 testimo-

423 2212 565 2263 nium
589 2210 872 2277 pcrbilmit.
901 2209 1005 2263 Sed
1036 2208 1177 2261 illam
1208 2221 1390 2261 vocem
1415 2222 1518 2260 non
1542 2205 1643 2261 fert
1669 2207 1719 2260 in
1747 2208 1998 2265 medium.

422 2301 685 2356 Fortassis
709 2302 849 2355 enim
874 2317 979 2355 non
1005 2299 1240 2355 creditus
1263 2299 1462 2353 fuisset.
1486 2298 1618 2353 Nam
1639 2299 1797 2353 aliam
1818 2315 2001 2355 vocem

424 2410 526 2446 non
552 2395 851 2459 audierant,
876 2408 1068 2463 nempe
1089 2394 1140 2446 in
1164 2402 1372 2458 monte;
1398 2393 1557 2447 aliam
1578 2409 1703 2448 vero
1725 2394 2005 2450 audierant

421 2484 669 2554 quidem,
705 2484 796 2538 sed
831 2501 933 2538 non
960 2484 1317 2538 attenderant.
1373 2482 1569 2537 Idcirco
1600 2484 1762 2538 mittit
1789 2485 1907 2538 illos
1931 2484 2001 2538 ad

421 2577 753 2645 Scripturas,
785 2575 1072 2630 ostendens
1104 2574 1274 2629 Patris
1293 2576 1309 2606 ยน
1343 2574 1703 2629 testimonium
1731 2576 1854 2630 inde
1879 2591 1999 2631 esse

421 2667 737 2721 sumendum
761 2707 776 2731 ,
815 2667 1034 2720 sublatis
1066 2666 1211 2735 prius
1240 2665 1471 2735 antiquis
1498 2665 1550 2719 in
1577 2666 1767 2736 quibus
1795 2667 1997 2736 gloria-

421 2758 611 2811 bantur
633 2800 646 2823 ,
690 2758 773 2812 vel
818 2759 966 2827 quasi
998 2757 1256 2811 vidissent
1287 2757 1454 2811 Deum
1476 2797 1490 2821 ,
1523 2756 1604 2811 vel
1631 2758 1780 2828 quasi
1810 2773 1997 2813 vocem

422 2850 537 2926 ejus
558 2850 849 2903 audissent.
892 2850 1023 2917 Quia
1055 2864 1183 2904 vero
1208 2848 1460 2903 credibile
1478 2857 1591 2903 erat
1615 2851 1731 2920 ejus
1750 2850 1865 2905 voci
1889 2865 1994 2906 non

417 2941 712 2996 credituros
761 2957 913 3005 esse,
973 2957 1141 3011 eaque
1188 2942 1567 3011 imaginaturos
1609 2956 1735 2999 esse
1778 2959 1897 3013 quin
1940 2944 1993 2999 in

417 3045 595 3088 monte
635 3033 760 3088 Sina
804 3033 1148 3097 acciderunt,
1188 3043 1427 3087 correcta
1456 3034 1601 3102 prius
1629 3049 1690 3088 ea
1719 3050 1836 3103 qua:
1861 3034 1991 3089 sub-

414 3124 537 3177 oriri
580 3133 783 3192 poterat
820 3138 881 3177 ea
922 3122 989 3176 de
1030 3136 1089 3176 re
1132 3122 1455 3190 suspicione,
1484 3130 1539 3175 et
1575 3122 1863 3177 ostendens
1905 3123 1990 3179 illa

414 3229 508 3283 per
532 3214 910 3268 detnissionem
937 3212 1220 3282 quamdam
1242 3212 1378 3268 facta
1408 3227 1547 3278 esse,
1590 3212 1732 3283 ipsos
1754 3214 1820 3268 ad
1844 3214 1987 3270 Scri-

414 3316 680 3373 pturaruut
710 3304 1066 3359 testimOnium
1095 3305 1272 3358 mittit.

481 3399 534 3450 4.
556 3396 741 3450 Contra
768 3398 1023 3450 haereticos
1051 3412 1078 3449 e
1119 3395 1397 3465 Scripturis
1425 3397 1774 3466 pugnandum.
1810 3396 1980 3465 Quas-

408 3487 525 3540 dam
554 3497 749 3540 tantum
771 3488 996 3551 virtutes,
1030 3485 1147 3541 aliis
1183 3488 1439 3557 neglectis,
1466 3504 1694 3541 exercere
1726 3504 1826 3541 non
1846 3488 1986 3558 su๏ฌ-

406 3582 491 3634 rit.
521 3578 801 3633 Hominum
825 3595 1091 3632 avarorum
1134 3580 1531 3648 injustorumque
1548 3580 1749 3633 insania
1776 3589 1823 3634 et
1854 3596 1980 3649 sup-

404 3672 612 3744 plicium
656 3676 907 3742 futurum.
954 3702 1023 3710 โ
1066 3672 1133 3726 Et
1162 3687 1261 3727 nos
1301 3688 1512 3743 quoque
1553 3671 1767 3743 quando
1795 3682 1982 3728 contra

405 3762 687 3815 luere-ticos
715 3777 1011 3832 pugnamus
1046 3771 1098 3816 et
1127 3777 1399 3816 armantur
1419 3803 1435 3826 ,
1468 3761 1591 3817 hinc
1620 3777 1719 3816 nos
1748 3763 1980 3818 instrua-

404 3868 541 3911 mus.
563 3852 742 3909 Omnis
760 3857 889 3907 enim
917 3854 1206 3925 Scriptura,
1238 3855 1428 3924 inquit,
1455 3855 1693 3909 divinitus
1712 3856 1978 3925 inspirata,

403 3950 537 4002 utilis
562 3963 634 4003 est
650 3949 717 4002 ad
740 3949 1039 4013 docendum,
1064 3949 1130 4001 ad
1151 3949 1484 4019 urguendum,
1506 3949 1574 4002 ad
1602 3950 1976 4021 corrigendum,

400 4040 466 4093 ad
485 4041 851 4093 instituendum
878 4041 930 4091 in
951 4040 1153 4107 justitia
1180 4081 1196 4106 ,
1226 4049 1278 4092 ut
1307 4040 1558 4110 perfectus
1582 4041 1647 4093 sit
1668 4038 1766 4094 Dei
1805 4041 1975 4109 homo,

403 4131 469 4183 ad
490 4147 635 4184 omne
657 4147 784 4201 Opus
811 4131 995 4184 bonum
1018 4131 1287 4185 instructus
1320 4130 1394 4200 (2.
1425 4130 1556 4183 Tim.
1580 4132 1633 4185 โ5.
1662 4130 1750 4186 16.
1775 4142 1822 4186 et
1849 4133 1912 4186 l7
1932 4132 1975 4204 ).

398 4222 513 4276 Non
540 4232 595 4277 ut
615 4222 719 4276 alia
752 4223 963 4287 habeat,
982 4222 1097 4276 aliis
1117 4233 1298 4277 careat
1326 4243 1339 4279 :
1369 4239 1489 4277 nam
1519 4224 1638 4277 talis
1666 4224 1826 4278 homo
1855 4240 1977 4295 pcr-

399 4315 564 4368 fectus
604 4328 711 4366 non
755 4323 914 4367 esset.
958 4316 1089 4379 Quae
1130 4312 1350 4379 utilitas,
1404 4329 1623 4384 quasso,
1670 4314 1716 4369 si
1763 4316 1975 4371 assidue

401 4412 662 4473 precetur,
721 4418 820 4457 nec
858 4404 1250 4475 eleemosyuam
1281 4404 1501 4474 largiter
1542 4406 1764 4476 eroget?
1810 4408 1892 4461 vel
1923 4408 1969 4462 si

400 4492 614 4564 largiter
639 4504 861 4564 eroget,
894 4495 987 4549 sed
1017 4511 1181 4565 rapax
1228 4505 1283 4550 et
1313 4497 1573 4551 violentus
1611 4497 1722 4551 sit?
1743 4495 1826 4551 vel
1851 4497 1897 4550 si
1926 4496 1977 4551 id

401 4585 554 4641 faciat
590 4586 657 4640 ad
705 4588 1116 4641 ostentationem
1158 4596 1213 4642 et
1264 4603 1450 4641 vanam
1493 4587 1760 4656 gloriam?
1803 4589 1888 4643 vel
1932 4590 1974 4643 si

405 4690 586 4748 eroget
627 4677 840 4747 quidem
880 4686 1128 4732 accurate
1153 4720 1167 4742 ,
1214 4687 1268 4733 et
1305 4681 1371 4731 ad
1421 4680 1667 4748 placitum
1713 4678 1845 4744 Dei,
1882 4677 1975 4732 sed

402 4769 518 4822 inde
565 4784 686 4823 sese
725 4769 947 4823 extollat
992 4779 1045 4823 et
1092 4769 1255 4822 altum
1300 4770 1513 4838 sapiat?
1550 4770 1633 4825 vel
1679 4770 1724 4825 si
1764 4770 1977 4825 humilis

464 4910 473 4938 ฮน
511 4905 708 4964 quidam
730 4906 930 4965 habent,
960 4905 1179 4968 Spiritus,
1205 4920 1305 4968 pro,
1334 4906 1506 4955 Putris.

1452 258 1515 315 IN
1550 258 1859 316 JOANNEM
1902 257 2129 313 IlOlllL.
2170 258 2418 315 Xl.l.โal.
2462 262 2566 317 XL.

3637 274 3704 333 34

2122 374 2335 451 quidem
2376 378 2446 428 sit
2473 386 2525 429 et
2546 376 2763 445 jejuuiis
2806 392 2866 432 se
2890 387 3173 443 exerceat,
3202 395 3394 437 avarus
3442 392 3615 439 tanien
3645 396 3704 441 et

2124 470 2395 521 usurarius
2429 478 2482 522 et
2517 472 2742 525 terrenis
2770 470 3034 537 addictus,
3067 482 3398 546 matremque
3426 477 3692 535 malorum

2121 560 2359 615 omnium
2391 562 2441 615 in
2474 563 2706 617 animam
2748 580 2899 620 suam
2931 567 3186 621 inducat?
3209 570 3443 624 Avaritia
3471 586 3703 642 namque

2121 649 2271 704 radix
2316 652 2551 706 omnium
2593 654 2852 709 malorum
2880 666 2981 711 est.
3030 658 3173 714 Hanc
3203 659 3570 729 fortnidetnus,
3601 665 3700 722 hoc

2122 738 2383 809 fugiamus
2423 753 2720 812 peccatum.
2755 744 2878 800 Htrc
2908 747 3090 802 orbem
3134 760 3392 807 terrarum
3417 754 3698 822 subvertit,

2122 829 2235 884 baro
2259 832 2436 886 omnia
2483 835 2694 887 miscuit
2715 876 2729 897 ,
2763 836 2878 891 haec
2904 851 2934 889 a
2967 838 3271 892 beatissima
3300 842 3495 897 ChriSti
3526 846 3698 899 servi-

2122 930 2232 975 tute
2257 937 2354 976 nos
2380 923 2596 978 abducit
2625 942 2638 977 :
2674 924 2794 979 Non
2820 928 3024 995 potestis
3049 970 3060 991 ,
3092 930 3279 998 inquit.
3318 932 3421 986 Deo
3450 937 3633 988 servire
3652 946 3699 990 et

2119 1028 2386 1079 mamonae,
2434 1015 2522 1083 qui
2569 1014 2783 1071 Christo
2820 1020 3086 1073 contraria
3145 1024 3401 1092 prmcipit.
3452 1026 3695 1082 Christus

2118 1102 2312 1170 quippe
2341 1105 2487 1167 dicit,
2516 1105 2586 1158 Da
2617 1106 2975 1177 indigentibus
3000 1126 3015 1175 ;
3046 1110 3154 1170 ille.
3184 1113 3330 1182 Rape
3360 1115 3427 1169 ab
3455 1116 3697 1187 indigen-

2120 1194 2278 1249 tibus.
2308 1195 2554 1252 Christus
2584 1199 2730 1263 dicit,
2762 1199 3141 1257 lnsidiantibus
3163 1204 3276 1271 tibi,
3301 1216 3356 1261 et
3380 1207 3698 1265 lazdentibus

2119 1292 2170 1337 te
2196 1284 2263 1338 da
2291 1287 2496 1340 veniam
2524 1307 2536 1340 :
2566 1290 2650 1343 hic
2669 1300 2875 1355 contra,
2909 1294 3147 1361 Laqueus
3180 1310 3303 1363 para
3323 1296 3579 1352 adversus
3602 1316 3697 1353 eos

2116 1376 2204 1445 qui
2238 1385 2287 1430 te
2327 1378 2459 1433 nihil
2509 1379 2780 1435 laeserunt.
2837 1383 3083 1437 Christus
3127 1384 3273 1450 dicit,
3327 1386 3592 1458 Bcnignus
3639 1400 3694 1445 et

2116 1479 2422 1522 mansuetus
2473 1481 2622 1535 esto;
2676 1472 2761 1527 hic
2806 1490 2836 1528 e
2878 1477 3183 1538 contrario,
3216 1477 3456 1534 Crudelis
3498 1492 3614 1535 esto
3642 1492 3697 1536 et

2116 1558 2457 1623 inhumanus,
2482 1570 2536 1615 et
2561 1562 2689 1616 nihil
2721 1579 2841 1618 esse
2885 1565 3186 1620 existimato
3214 1567 3474 1639 lacrymas
3497 1587 3697 1641 paupe-

2114 1664 2267 1715 rum;
2298 1660 2354 1704 ut
2380 1654 2431 1705 in
2460 1651 2547 1705 illa
2575 1650 2663 1707 die
2679 1670 2924 1709 severum
2953 1657 3105 1711 nobis
3127 1662 3416 1713 constituat
3430 1662 3693 1729 judicem.

2110 1739 2264 1794 Tunc
2292 1741 2433 1795 enim
2462 1742 2613 1797 nobis
2639 1746 2817 1799 omnia
2844 1787 2860 1812 ,
2911 1762 3030 1816 quae
3072 1748 3295 1804 fecimus
3314 1792 3328 1814 ,
3361 1763 3483 1808 ante
3510 1757 3694 1809 oculos

2111 1831 2496 1897 versabuntur,
2529 1833 2747 1905 ltesique
2790 1836 2865 1890 illi
2916 1848 2969 1891 et
3012 1839 3194 1892 nudati
3232 1857 3259 1891 a
3294 1843 3446 1897 nobis
3475 1860 3689 1900 onmem

2110 1921 2266 1976 nobis
2293 1922 2657 1979 defensionem
2687 1928 3060 1983 intercludent.
3088 1929 3144 1984 Si
3168 1932 3309 1985 enim
3341 1932 3575 1989 Lazarus
3598 1938 3690 2007 qui

2110 2011 2242 2067 nihil
2290 2014 2448 2069 laesus
2484 2015 2653 2070 fuerat
2682 2032 2710 2071 a
2739 2018 2901 2074 divite
2922 2062 2936 2085 ,
2974 2021 3067 2075 sed
3101 2023 3299 2078 nullam
3344 2027 3412 2080 ab
3441 2045 3506 2082 eo
3535 2046 3690 2097 opem

2108 2115 2409 2175 acceperat,
2435 2107 2656 2161 acerbus
2678 2110 2794 2177 ejus
2820 2122 3098 2167 accusator
3124 2116 3348 2181 exstitit,
3378 2134 3476 2173 nec
3500 2124 3694 2187 permi-

2108 2195 2176 2249 sit
2207 2206 2263 2250 ut
2291 2199 2501 2252 veniam
2546 2200 2708 2253 ullam
2754 2216 3169 2275 consequeretur
3211 2225 3223 2260 :
3257 2225 3439 2278 quam,
3468 2206 3689 2283 quieso,

2107 2287 2471 2344 defensionem
2503 2290 2811 2359 habebunt,
2862 2295 2950 2365 qui
2994 2296 3167 2351 aliena
3218 2300 3448 2368 rapiunt,
3492 2306 3689 2363 nedum

2106 2377 2503 2449 eleetnosynam
2548 2393 2800 2451 erogent,
2850 2386 3276 2457 pupillorumque
3314 2390 3501 2445 domos
3527 2410 3689 2450 ever.

2106 2467 2262 2521 lunt?
2315 2467 2371 2523 Si
2410 2469 2485 2524 illi
2512 2472 2600 2540 qui
2647 2470 2912 2528 Christum
2958 2477 3276 2532 esurientem
3330 2495 3433 2534 non
3481 2486 3689 2540 nutrie-

2102 2567 2252 2622 runt,
2291 2568 2491 2613 tantum
2538 2564 2710 2633 ignem
2739 2565 2792 2617 in
2827 2576 2983 2635 caput
3008 2581 3159 2623 suum
3188 2580 3522 2629 attraxerant
3548 2594 3561 2627 :
3590 2579 3682 2647 qui

2100 2647 2273 2703 aliena
2298 2650 2530 2718 rapiunt,
2562 2654 2709 2708 mille
2734 2654 2852 2709 lites
2891 2666 3105 2711 movent
3127 2699 3141 2721 ,
3171 2663 3516 2734 omniumque
3546 2666 3682 2723 bona

2100 2739 2201 2793 sibi
2218 2741 2547 2810 adscribunt,
2576 2760 2681 2813 qua
2698 2749 3066 2805 consolatione
3087 2751 3367 2809 fruentur?
3384 2756 3529 2812 lianc
3551 2742 3683 2830 ergo

2097 2833 2440 2903 cupiditatem
2470 2836 2767 2905 ejiciamus.
2815 2840 3101 2909 Ejiciemus
3132 2855 3309 2907 autem
3334 2888 3351 2915 ,
3384 2851 3428 2904 si
3474 2854 3673 2921 cogite-

2097 2939 2216 2978 mus
2239 2925 2462 2995 injustos
2488 2926 2733 2982 homines
2761 2939 2814 2983 et
2852 2946 3045 2987 avaros
3069 2935 3162 3004 qui
3186 2947 3308 2992 ante
3333 2954 3433 2995 nos
3463 2942 3676 3000 fuerunt

2096 3022 2152 3067 et
2175 3015 2441 3070 obierunt.
2475 3020 2667 3072 Annon
2717 3022 2805 3074 alii
2835 3037 3018 3078 eorum
3052 3030 3289 3095 pecuniis
3319 3040 3374 3085 et
3405 3033 3681 3091 laboribus

2094 3104 2358 3171 fruuntur,
2384 3108 2481 3177 ipsi
2510 3110 2770 3179 supplicio
2793 3154 2807 3175 ,
2836 3115 3071 3169 cruciatu
3116 3125 3170 3170 et
3195 3121 3344 3173 malis
3373 3121 3676 3180 intolerabi-

2094 3194 2236 3250 libus
2268 3197 2569 3265 plectuntur
2589 3200 2613 3231 โฮด
2638 3203 2828 3255 Annon
2869 3216 3125 3260 extrema:
3165 3208 3450 3266 dementi-.u
3479 3215 3632 3269 fuerit
3658 3260 3674 3283 ,

2094 3284 2145 3339 in
2172 3286 2530 3341 sollicitudine
2557 3298 2611 3343 et
2644 3292 2897 3347 mrutnnis
2927 3298 3147 3361 versari,
3181 3309 3236 3351 ut
3275 3310 3328 3354 et
3358 3303 3408 3356 in
3444 3303 3539 3359 hac
3570 3308 3677 3362 vita

2092 3374 2363 3431 laboribus
2390 3386 2712 3446 atteratnur,
2747 3390 2801 3435 et
2853 3382 2976 3439 hinc
3005 3386 3291 3456 migrantes
3321 3394 3673 3455 intolerabili-

2091 3465 2192 3522 bus
2248 3477 2591 3538 torqueamur
2641 3474 2917 3543 suppliciis
2977 3485 3135 3546 atque
3183 3480 3491 3553 laboribus,
3550 3505 3675 3545 cum

2089 3566 2363 3627 oporteret
2388 3569 2443 3614 et
2469 3560 2554 3615 hic
2580 3562 2631 3615 in
2663 3564 2867 3619 deliciis
2904 3566 3081 3622 vivere
3108 3570 3261 3635 (nihil
3293 3576 3435 3630 enim
3468 3587 3668 3635 tantam

2088 3648 2415 3718 voluptatem
2449 3654 2620 3720 parit,
2650 3667 2901 3723 quantam
2933 3660 3267 3734 eleemosyna
3293 3707 3307 3729 ,
3336 3672 3658 3728 conscientia

2088 3754 2216 3808 pura
2240 3740 2257 3772 ยน
2283 3738 2328 3813 ),
2352 3750 2406 3796 et
2430 3741 2709 3799 defunctos
2734 3746 2802 3801 ab
2821 3749 3065 3804 omnibus
3083 3755 3198 3807 erui
3228 3757 3398 3823 malis,
3424 3771 3476 3816 et
3508 3765 3666 3820 innu-

2085 3848 2231 3888 mera
2260 3836 2512 3905 consequi
2534 3837 2671 3891 bona
2694 3839 2717 3893 ?
2743 3838 2889 3895 Sicut
2908 3843 3050 3897 enim
3076 3848 3329 3915 nequitia.
3354 3852 3516 3908 etiam
3539 3870 3664 3913 ante

2082 3924 2382 3994 gehennam
2404 3968 2418 3992 ,
2451 3943 2545 3983 eos
2575 3931 2664 3999 qui
2697 3931 2840 3986 illam
2884 3946 3137 3991 exercent
3165 3942 3425 4011 supplicio
3455 3947 3671 4006 af๏ฌcere

2082 4017 2221 4072 solet
2250 4035 2263 4070 :
2290 4018 2367 4073 sic
2395 4029 2446 4073 et
2477 4021 2681 4087 virtus,
2702 4023 2861 4078 etiam
2893 4035 3018 4081 ante
3038 4042 3258 4099 regnum
3284 4074 3298 4097 ,
3333 4034 3474 4090 illam
3504 4055 3664 4094 exer-

2081 4108 2328 4163 centibus
2346 4109 2570 4199 delicias
2593 4123 2765 4181 parat,
2810 4114 2951 4170 bona
2981 4132 3075 4187 spe
3101 4160 3116 4183 ,
3147 4125 3365 4189 perenni
3398 4127 3667 4199 voluptate

2085 4200 2240 4251 vitam
2270 4198 2533 4255 af๏ฌciens.
2558 4201 2626 4257 Ut
2647 4202 2783 4258 hanc
2803 4205 2980 4276 itaque
3010 4219 3063 4264 et
3093 4208 3179 4266 hic
3201 4221 3254 4265 et
3281 4214 3332 4268 in
3358 4198 3533 4273 futura
3557 4221 3664 4278 vita

2081 4304 2487 4358 consequamur,
2519 4292 2669 4346 bonis
2700 4295 3066 4352 incumbamus
3094 4303 3366 4369 operibus.
3395 4304 3484 4361 Sic
3513 4312 3663 4367 enim

2081 4389 2135 4433 et
2158 4379 2361 4437 futuras
2385 4382 2743 4452 adipiscemur
2778 4400 3038 4453 coronas;
3065 4406 3197 4459 quas
3227 4396 3427 4451 utinam
3455 4417 3655 4457 conse-

2081 4489 2307 4543 quamur
2350 4489 2539 4531 omnes
2578 4479 2750 4546 gratia
2788 4490 2843 4535 et
2889 4481 3215 4554 benignitate
3255 4489 3463 4547 Domini
3495 4498 3666 4553 nostri

2080 4564 2207 4619 Jesu
2236 4563 2457 4632 ChriSti,
2482 4582 2576 4636 per
2599 4585 2756 4639 quem
2783 4581 2837 4626 et
2860 4587 2980 4627 cum
3008 4590 3114 4645 quo
3138 4577 3281 4634 Patri
3312 4582 3499 4652 gloria,
3533 4603 3667 4642 Ima-

2081 4672 2185 4727 que
2214 4656 2439 4727 Spiritui
2460 4669 2665 4726 sancto,
2688 4678 2829 4719 nunc
2853 4674 2908 4720 et
2931 4681 3162 4738 semper,
3186 4680 3240 4727 et
3259 4673 3312 4728 in
3335 4680 3530 4734 uacula
3554 4697 3661 4737 sa:-

2082 4751 2344 4804 cnlorum.
2378 4748 2568 4805 Amen.

2145 4844 2169 4919 ฮนฮฝ
2196 4841 2466 4919 ฮพฮธฮณแฝทฯฮฟฯฮฟ
2490 4842 2683 4919 illorum
2697 4881 2719 4919 I,
2734 4854 2961 4907 quantum
3002 4849 3301 4919 elemosyna
3321 4892 3335 4916 ,
3370 4861 3665 4918 conscientia

2080 4918 2223 4967 pura,
2253 4904 2389 4965 legit.
2413 4914 2641 4966 quantum
2662 4904 2976 4972 eleemosyme
2994 4904 3533 4976 ฮตฮฝฮฟแฟฯฯฯฮตแฝธแฝดแฝณฮฟแผทแฝณแฝทฮนแพถฮพฮนแฝท

2417 5006 3649 5049 _____________

1738 5082 2080 5143 HOMILIA
2150 5081 2316 5141 XLI.

400 5208 485 5262 39.
535 5207 850 5263 Scrutamini
882 5207 1208 5271 Scripturas,
1245 5207 1361 5275 quia
1401 5221 1487 5259 vos
1530 5207 1714 5277 putatis
1756 5207 1810 5259 in
1847 5205 1971 5273 ipsis

466 5302 615 5354 vitam
645 5312 885 5353 aeternam
912 5297 1093 5352 habere
1123 5312 1141 5350 :
1167 5307 1211 5351 et
1236 5298 1339 5351 illa:
1358 5308 1473 5351 sunt
1498 5313 1609 5366 quae
1637 5297 1972 5351 testimonium

466 5392 724 5459 perhibent
753 5390 818 5443 de
845 5406 923 5443 me
951 5405 969 5445 :
996 5388 1083 5443 40.
1109 5397 1154 5441 et
1175 5403 1274 5441 non
1297 5387 1445 5441 vultis
1475 5388 1641 5441 venire
1689 5386 1755 5440 ad
1781 5403 1879 5453 me,
1918 5397 1972 5440 ut

464 5484 615 5535 vitam
643 5492 891 5535 interm-tm
916 5481 1161 5534 habeatis.

470 5574 522 5627 1.
546 5573 647 5626 Res
658 5572 949 5641 spirituales
971 5572 1115 5625 multi
1132 5570 1394 5639 facienda.
1427 5570 1716 5639 Scripturas
1738 5585 1838 5623 non
1855 5586 1966 5639 per-

402 5668 644 5736 functorie
695 5666 979 5737 legendum,
1037 5665 1313 5735 prasertim
1352 5664 1405 5718 in
1442 5662 1564 5718 locis
1612 5662 1680 5717 ad
1712 5660 1967 5717 Christum

2075 5202 2448 5273 pertinentibus.
2492 5206 2719 5263 Christus
2762 5215 3097 5282 pertinaciam
3142 5219 3448 5276 Judteorum
3484 5228 3660 5281 ฯฯแฝฑฯฮฝ.

2075 5297 2200 5368 guit,
2229 5301 2500 5353 maximam
2531 5301 2775 5359 adhibens
2813 5311 3135 5375 prudentiam
3172 5315 3547 5387 maximamque
3568 5337 3655 5374 aro

2076 5398 2423 5459 gumentorum
2452 5392 2549 5445 vim
2570 5407 2592 5456 ;
2618 5396 2845 5462 prtedicit
2866 5401 3002 5470 ipsos
3026 5404 3393 5458 Amic/cristam
3422 5420 3657 5479 receptu-

2076 5480 2518 5553 ros.โMaguam,
2552 5484 2754 5551 dilecti,
2785 5486 2855 5542 de
2878 5490 3242 5558 Spiritualibus
3270 5496 3533 5552 rationem
3566 5499 3657 5554 ha.

2089 5574 2343 5641 beamus,
2382 5590 2551 5644 neque
2579 5586 2754 5631 tamen
2807 5580 2959 5634 nobis
3008 5582 3074 5637 ad
3104 5582 3327 5640 salutem
3379 5590 3508 5643 satis
3539 5605 3657 5650 esse

2083 5675 2346 5735 putemus,
2369 5666 2411 5721 si
2442 5681 2505 5721 ea
2528 5676 2814 5738 utcumque
2843 5675 3153 5729 tractemus.
3174 5673 3314 5732 Nam
3335 5678 3381 5733 si
3412 5678 3464 5733 in
3491 5695 3658 5738 ฮดฯฯฮท-
