4100 6364
362 299 472 357 235

367 434 572 492 laribus
604 432 769 487 rebus
814 442 973 485 nemo
1017 440 1269 497 magnum
1312 421 1582 493 quidpiam
1611 418 1809 474 lucrari
1854 415 1952 471 de-

373 524 726 597 prehenditur
752 564 769 589 ,
818 521 863 575 si
910 519 1084 575 obiter
1127 525 1181 572 et
1210 513 1568 587 perfunctorie
1595 519 1746 581 agat,
1787 508 1956 562 multo

377 615 545 686 magis
573 615 624 668 in
654 610 1013 682 spiritualibus
1048 606 1209 661 rebus
1236 604 1287 659 id
1315 602 1543 666 eveniet,
1574 601 1697 670 quia
1728 599 1810 650 hie
1840 610 1955 686 ma-_

370 684 487 777 jori—
514 719 649 776 Opus
684 703 881 757 habent
908 698 1198 770 diligentia.
1234 696 1359 751 Ideo
1375 692 1619 749 Christus
1644 689 1860 745 Judtcos
1890 684 1956 739 ad

370 798 673 865 Scripturas
717 791 1026 857 remittens,
1076 804 1180 842 non
1211 786 1278 840 ad
1325 784 1619 853 simplicem
1650 780 1955 842 lectionem,

377 889 473 943 sed
500 888 566 942 ad
597 893 904 939 accuratum
933 896 1154 936 examen
1184 879 1307 933 illos
1329 876 1575 931 remittit.
1605 873 1789 940 Neque
1813 870 1959 925 enim

375 980 529 1044 dixit,
563 977 744 1044 Legite
763 972 1068 1042 Scripturas
1093 989 1106 1034 ;
1142 970 1235 1024 sed
1262 1012 1275 1033 ,
1304 965 1616 1022 Scrutamini
1643 962 1957 1031 Scripturas.
1996 950 2007 965 ’

374 1072 507 1138 Quia
536 1085 596 1124 ea
623 1109 637 1133 ,
667 1084 785 1137 qua:
813 1066 881 1119 de
926 1065 1041 1134 ipso
1073 1063 1145 1117 ibi
1175 1061 1424 1116 dicuntur
1446 1100 1461 1123 ,
1506 1056 1669 1110 multa
1703 1067 1838 1122 opus
1868 1051 1964 1103 ha-

375 1165 504 1218 bent
529 1158 937 1229 investigatione
963 1156 1086 1224 (sub
1114 1154 1303 1207 umbra
1326 1151 1470 1205 enim
1500 1146 1727 1217 quadam
1757 1142 1961 1197 occulta

374 1254 645 1309 veteribus
671 1248 900 1321 erant),
943 1247 1063 1301 ideo
1116 1245 1236 1299 illos
1280 1248 1533 1296 accurate
1582 1236 1765 1291 fodere
1792 1234 1961 1305 jubet,

376 1355 435 1398 ut
464 1347 515 1397 iu
548 1340 809 1412 profundo
867 1339 1034 1407 posita
1076 1335 1313 1404 reperire
1365 1331 1587 1400 possint.
1619 1328 1798 1395 Neque
1822 1325 1964 1378 enim

376 1440 430 1494 in
459 1434 745 1506 superficie
777 1431 859 1484 vel
894 1430 945 1483 in
986 1438 1277 1497 conspectu
1304 1425 1487 1493 jacent
1508 1464 1522 1486 ,
1552 1421 1646 1474 sed
1679 1419 1829 1489 quasi
1860 1416 1968 1471 the-

377 1542 570 1582 saurus
598 1523 858 1593 quispiam
891 1518 1153 1589 profunde
1198 1515 1485 1569 admodum
1514 1509 1786 1565 recondita
1821 1514 1965 1561 sunt.

380 1621 484 1689 Qui
530 1632 660 1672 vero
692 1613 955 1685 profunde
987 1611 1155 1679 posita
1197 1608 1389 1679 quatrit
1418 1647 1431 1669 ,
1465 1604 1566 1658 nisi
1597 1618 1716 1655 cum
1745 1599 1971 1668 diligen-

381 1713 453 1765 tia
474 1721 526 1765 et
558 1709 739 1762 labore
765 1715 989 1775 qumrat,
1016 1716 1305 1771 numquam
1333 1697 1476 1768 quod
1494 1694 1686 1765 quzerit
1712 1693 1965 1748 inveniet.

378 1804 506 1858 Ideo
558 1808 836 1870 postquam
866 1795 1024 1859 dixit,
1058 1790 1371 1847 Scrutamini
1413 1787 1732 1854 Scripturas,
1767 1783 1965 1848 intulit,

383 1893 517 1960 Quia
543 1908 628 1945 vos
658 1888 849 1959 putatis
889 1886 943 1939 in
991 1885 1117 1953 ipsis
1144 1884 1296 1936 vitam
1334 1888 1578 1934 teternam
1623 1877 1824 1931 habere.
1853 1874 1970 1929 Non

379 1984 535 2046 dixit,
567 1980 787 2035 Habetis
813 2019 829 2045 ,
862 1976 956 2032 sed
1010 1975 1212 2029 Putatis
1250 1972 1467 2038 habere,
1499 1969 1792 2024 ostendens
1827 1968 1973 2037 ipsos

385 2076 521 2130 nihil
569 2087 818 2144 magnum
847 2068 1042 2124 lucrari
1067 2108 1082 2133 ,
1119 2065 1246 2121 dum
1276 2072 1526 2134 putarent
1556 2076 1615 2117 se
1641 2077 1706 2115 ex
1736 2059 1851 2115 sola
1892 2060 1971 2113 le-

379 2170 556 2224 ctione
576 2167 691 2220 sine
719 2162 822 2217 ﬁde
847 2175 1005 2233 posse
1020 2160 1245 2213 salutem
1266 2154 1543 2224 consequi.
1573 2153 1652 2208 Ac
1672 2152 1717 2209 si
1749 2151 1972 2214 diceret,

382 2262 575 2313 Annon
608 2253 876 2309 miramini
907 2250 1256 2321 Scripturas?
1280 2261 1461 2301 annon
1492 2245 1616 2299 vitae
1639 2243 1819 2299 fontes
1855 2256 1977 2298 esse

382 2345 755 2403 arbitramini?
786 2343 881 2398 His
906 2342 1016 2413 jam
1048 2341 1193 2395 nitor
1222 2346 1276 2393 et
1317 2352 1438 2409 ego.
1466 2336 1559 2391 Has
1586 2349 1816 2405 namque
1854 2340 1979 2388 sunt

385 2458 507 2512 quae
535 2435 901 2494 testimonium
931 2432 1221 2505 perhibent
1254 2428 1323 2485 de
1348 2444 1433 2484 me
1454 2469 1469 2494 ,
1502 2436 1557 2482 et
1595 2441 1703 2481 non
1729 2424 1885 2479 vultis
1911 2424 1979 2479 ad

387 2550 476 2590 me
491 2532 675 2587 venire
693 2572 708 2597 ,
737 2541 795 2583 ut
810 2528 970 2583 vitam
995 2533 1251 2580 aeternam
1273 2521 1532 2576 habeatis.
1548 2518 1814 2588 Jureergo
1834 2517 1982 2572 dice-

387 2626 501 2690 bat,
534 2620 633 2676 Vos
662 2620 849 2692 putatis
872 2660 887 2686 ,
919 2615 1064 2688 quod
1090 2614 1293 2668 nollent
1319 2612 1421 2681 ipsi
1458 2610 1829 2681 obtemperare
1848 2649 1863 2675 ,
1888 2608 1983 2663 sed

392 2718 460 2774 de
486 2714 713 2786 simplici
744 2712 972 2767 lectione
1001 2708 1377 2779 gloriarentur.
1404 2703 1606 2759 Deinde
1638 2716 1705 2756 ne
1724 2717 1790 2756 ex
1821 2700 1983 2756 nimia

393 2826 521 2866 cura
549 2810 601 2863 in
629 2822 779 2862 vana:
803 2805 986 2877 gloria:
1012 2798 1372 2871 suspicionem
1410 2796 1656 2861 veniret,
1686 2810 1821 2850 neve
1843 2792 1985 2864 quod

395 2903 606 2967 illorum
658 2897 815 2952 [idem
867 2894 1152 2964 exigeret,
1197 2897 1472 2960 putaretur
1509 2901 1631 2957 quas
1679 2901 1775 2940 sua
1832 2892 1987 2939 erant

396 3004 587 3045 curare
609 2985 767 3058 (nam
792 2982 1080 3042 etJoanuis
1096 2994 1303 3046 vocem,
1327 2989 1381 3032 et
1405 2977 1499 3032 Dei
1523 2975 1907 3041 testimonium,
1934 2984 1989 3030 et

401 3096 563 3151 opera
612 3094 705 3133 sua
747 3078 1283 3137 commemoraverat,
1327 3070 1597 3138 vitamque
1635 3066 1986 3137 promiserat;

403 3173 510 3227 illis
526 3170 774 3225 omnibus
789 3181 935 3235 usus,
952 3173 1009 3219 ut
1023 3178 1117 3219 eos
1128 3162 1195 3218 ad
1211 3177 1268 3217 se
1284 3159 1568 3229 alliceret):
1590 3163 1734 3229 quia,
1753 3158 1987 3227 inquam,

403 3260 663 3317 credibile
692 3267 809 3313 erat
829 3256 1028 3310 multos
1057 3254 1423 3322 suiSpicaturos
1444 3263 1566 3305 esse
1595 3247 1735 3317 quod
1767 3248 1992 3317 gloriam

404 3361 684 3425 captaret,
715 3349 837 3404 audi
860 3346 987 3418 quid
1022 3345 1238 3415 adjiciat
1266 3362 1281 3398 :
1309 3344 1399 3397 M.
1435 3341 1663 3396 Gloriam
1691 3340 1753 3393 ab
1796 3339 1994 3393 homine

406 3465 507 3503 non
533 3445 727 3514 accipio
750 3460 767 3509 ;
802 3442 901 3494 hoc
927 3446 1030 3503 est,
1060 3437 1153 3491 llla
1172 3450 1277 3489 non
1305 3448 1455 3503 egeo.
1490 3431 1606 3486 Non
1633 3445 1772 3495 sum,
1802 3429 1990 3499 inquit,

417 3540 538 3595 talis
568 3548 794 3597 naturae,
825 3543 883 3588 ut
912 3532 1185 3586 hominum
1217 3528 1387 3598 gloria
1417 3540 1551 3596 opus
1575 3525 1800 3579 habeam
1824 3564 1838 3587 ,
1861 3522 1995 3577 Nam

415 3630 462 3685 si
490 3629 573 3684 sol
619 3643 650 3681 a
696 3626 911 3679 lucerna
959 3621 1098 3675 lucis
1142 3619 1563 3673 additamentum
1610 3630 1715 3669 non
1766 3612 1995 3683 accipit,

422 3721 592 3775 multo
634 3718 810 3772 minus
847 3729 946 3785 ego
976 3712 1206 3765 humana
1235 3709 1403 3779 egcbo
1453 3708 1641 3775 gloria.
1673 3707 1737 3760 Et
1765 3721 1861 3759 cur
1886 3704 2000 3758 haec

414 3815 567 3874 dicis,
593 3813 636 3866 si
666 3826 772 3865 non
802 3807 1002 3879 egeas?
1032 3804 1101 3860 Ut
1140 3818 1236 3858 vos
1264 3803 1399 3856 salvi
1429 3800 1565 3854 sitis.
1596 3799 1730 3854 Illud
1762 3814 1888 3853 vero
1915 3813 2003 3852 su-

416 3920 512 3976 pra
542 3904 771 3963 dixerat,
799 3910 853 3952 et
877 3899 962 3951 hic
995 3894 1357 3951 subindicavit
1386 3893 1469 3945 his
1499 3890 1696 3955 verbis,
1745 3889 1811 3945 Ut
1850 3892 2004 3943 vitam

419 3996 665 4052 habeatis.
711 3990 882 4046 AlI'ert
923 3999 978 4043 et
1019 3988 1177 4041 aliam
1215 4002 1452 4041 causam.
1499 3984 1712 4051 Quam?
1761 3984 1850 4039 42.
1899 3983 2005 4039 Sed

418 4086 628 4159 cognovi
654 4100 762 4149 vos,
794 4081 915 4152 quia
941 4078 1265 4145 dilectionem
1292 4076 1389 4130 Dei
1424 4092 1527 4130 non
1557 4074 1749 4129 habetis
1773 4074 1827 4127 in
1846 4074 2004 4128 vobis.

424 4183 559 4249 Quia
590 4193 753 4249 saepe,
785 4173 937 4245 quasi
992 4173 1155 4227 Deum
1200 4170 1520 4241 diligerent,
1553 4167 2009 4238 persequebantur

423 4289 562 4337 eunt,
591 4270 713 4340 quia
742 4267 998 4336 aequalem
1027 4278 1086 4317 se
1112 4261 1340 4316 faciebat
1367 4261 1497 4327 Deo,
1527 4261 1837 4329 sciebatque
1861 4260 2008 4329 ipsos

428 4378 534 4417 non
571 4361 671 4415 sibi
706 4359 1003 4413 credituros
1038 4369 1190 4413 esse:
1243 4368 1311 4408 ne
1351 4352 1471 4423 quis
1522 4352 1741 4417 diceret,
1781 4351 1889 4407 Cur
1940 4350 2012 4404 ita

432 4451 702 4523 loqueris?
755 4448 826 4505 Ut
868 4462 963 4502 vos
1015 4443 1439 4515 reprehendam,
1485 4443 1676 4513 inquit,
1728 4443 1848 4512 quia
1905 4456 2013 4497 non

434 4557 648 4617 prOpter
677 4532 1016 4597 dilectionem
1048 4538 1140 4593 Dei
1170 4551 1256 4592 me
1288 4536 1690 4606 persequimini.
1736 4534 2011 4605 Siquidem

434 4642 550 4709 ipse
596 4637 727 4692 mihi
774 4632 1134 4688 testimonium
1171 4630 1413 4700 perbibet
1439 4637 1493 4683 et
1522 4643 1618 4698 per
1653 4642 1815 4698 opera
1840 4635 1894 4682 et
1919 4642 2016 4697 per

433 4730 755 4798 Scripturas.
806 4726 955 4779 Sicut
996 4738 1094 4792 ego
1146 4720 1374 4776 antehac
1432 4734 1551 4775 cum
1606 4718 1865 4789 putaretis
1930 4731 2018 4772 me

437 4820 549 4876 Deo
605 4815 967 4869 adversarium
1007 4827 1146 4880 esse,
1203 4826 1290 4865 me
1333 4809 1680 4880 expellebatis
1716 4826 1729 4862 :
1759 4809 1831 4863 ita
1877 4823 2019 4863 nunc

437 4929 506 4968 ex
556 4927 663 4981 quo
725 4909 838 4962 haec
890 4904 1301 4970 demonstravi,
1354 4917 1637 4958 accurrere
1704 4917 1802 4956 vos
1854 4916 2019 4971 opor-

437 5010 623 5072 tebat,
681 5005 726 5059 si
786 5003 950 5056 Deum
1001 4998 1332 5068 diligeretis;
1386 4996 1480 5052 sed
1530 5009 1635 5050 non
1672 5010 1799 5049 vere
1847 4993 2021 5063 diligi-

439 5103 528 5156 tis.
577 5098 704 5153 ldeo
761 5097 874 5149 haec
915 5094 1043 5153 dixi,
1100 5102 1157 5145 ut
1195 5090 1601 5159 comprobarem
1653 5102 1748 5141 vos
1788 5086 1927 5141 fastu
1968 5094 2023 5141 et

436 5190 689 5264 jactantia
734 5186 877 5253 duci,
924 5194 978 5239 et
1017 5183 1265 5236 invidiam
1320 5188 1548 5235 vestram
1592 5179 1860 5248 obtegere.
1912 5175 2020 5232 Ne-

440 5299 545 5353 que
571 5297 636 5335 ex
666 5280 749 5333 his
797 5288 999 5331 tantmn
1023 5318 1037 5339 ,
1072 5274 1163 5328 sed
1192 5290 1254 5327 ex
1293 5272 1485 5327 futuris
1529 5286 1740 5341 quoque
1783 5269 1886 5324 hoc
1924 5268 2024 5323 ad-

443 5376 631 5438 struit;
662 5387 783 5426 nam
815 5372 889 5424 ait
918 5388 932 5424 :
957 5370 1045 5423 45.
1091 5367 1200 5438 Ego
1241 5368 1351 5420 veni
1382 5367 1434 5418 in
1470 5365 1670 5418 nomine
1703 5362 1873 5417 Patris
1900 5363 2018 5429 mei,

445 5474 492 5517 et
533 5480 632 5517 non
667 5462 924 5530 recepistis
952 5476 1029 5512 me
1055 5475 1073 5511 :
1120 5460 1163 5511 si
1202 5458 1330 5511 alius
1370 5458 1553 5509 venerit
1592 5457 1647 5509 in
1688 5457 1887 5508 nomine
1910 5472 2022 5523 suo,

451 5552 600 5605 illum
629 5553 900 5622 recipietis.
944 5551 1127 5605 Viden’
1155 5551 1300 5604 illum
1334 5549 1527 5617 ubique
1546 5548 1724 5602 dicere
1745 5562 1803 5601 se
1831 5546 1899 5601 ad
1924 5548 2027 5603 hoc

451 5657 670 5695 nussum
692 5656 832 5707 esse,
856 5652 913 5695 et
934 5658 995 5695 ex
1026 5643 1176 5695 l'atre
1194 5640 1448 5711 judicium
1471 5639 1759 5707 accepisse,
1782 5652 1880 5691 nec
1900 5636 2024 5706 quid

453 5746 610 5801 posse
661 5747 692 5786 a
735 5733 1047 5802 setnetispso
1086 5733 1291 5797 facere,
1324 5741 1380 5786 ut
1412 5745 1625 5786 onmem
1675 5728 2023 5799 improbitatis

1070 288 1121 346 s.
1161 283 1439 343 JOANNIS
1473 260 1945 340 cumsosrout
1985 278 2299 336 ARCHIEP.
2339 278 2871 336 consumma.

3535 280 3639 337 256

2066 432 2254 473 ansam
2296 418 2542 474 resecet?
2590 416 2699 475 Sed
2724 432 3011 488 quemnam
3039 415 3169 472 dicit
3215 418 3267 471 in
3299 432 3396 472 suo
3423 418 3641 487 praprio

2065 509 2284 564 nomine
2311 519 2600 565 venturum
2643 511 2808 567 esse?
2851 511 3239 565 Antichristum
3271 509 3359 564 hic
3401 510 3642 564 subindt-

2065 610 2186 667 cat,
2241 615 2537 670 eorumque
2588 602 2882 673 nequitiam
2937 602 3266 657 ineluctabili
3328 611 3644 670 argmnento

2067 693 2419 748 demonstrat.
2448 693 2583 749 Nam
2610 696 2655 751 si
2686 704 2955 765 tamquam
2986 695 3078 749 Dei
3110 704 3378 749 amatores
3407 711 3492 748 me
3522 710 3644 763 pcr-

2067 787 2369 856 sequimini,
2400 789 2569 843 multo
2599 788 2764 857 magis
2792 787 3180 842 Antichristum
3213 786 3457 856 persequi
3484 800 3646 854 opor-

2070 872 2246 926 tuerit.
2298 872 2391 927 llle
2439 888 2667 943 namque
2698 872 2830 926 nihil
2876 873 3052 927 simile
3090 873 3343 942 proferet,
3394 886 3563 940 neque
3616 888 3645 927 a

2068 962 2227 1018 Patre
2254 978 2313 1018 se
2354 965 2609 1032 missum,
2656 979 2833 1033 neque
2878 980 2944 1019 ex
2988 964 3104 1031 ejus
3148 967 3417 1019 voluntate
3466 966 3644 1020 venire

2070 1054 2210 1108 dicet
2232 1068 2254 1106 τε
2276 1053 2370 1109 sed
2401 1063 2611 1120 contra,
2646 1070 2707 1107 ea
2733 1054 3009 1125 tyranuice
3047 1055 3216 1123 rapiet
3237 1072 3354 1124 quae
3375 1072 3479 1110 non
3502 1056 3564 1107 ad
3592 1070 3650 1110 se

2070 1145 2375 1215 pertinent,
2409 1160 2572 1215 seque
2600 1144 2759 1200 deum
2793 1145 3159 1199 universorum
3193 1147 3545 1215 protitcbitur,
3595 1158 3652 1200 ut

2071 1237 2266 1291 Paulus
2291 1238 2366 1291 ait
2396 1253 2411 1293 :
2437 1236 2611 1306 Supra
2631 1253 2825 1290 omnem
2847 1238 2931 1304 qui
2959 1238 3141 1289 dicitur
3166 1236 3306 1291 Deus
3336 1249 3422 1290 aut
3443 1240 3646 1299 colitur,

2072 1328 2336 1381 ostendens
2375 1344 2428 1381 se
2457 1340 2713 1397 tamquam
2735 1328 2798 1380 sit
2834 1326 2976 1381 Deus
2999 1326 3071 1398 (2.
3110 1327 3285 1381 Thess.
3314 1329 3369 1382 2.
3420 1330 3507 1398 4).
3539 1329 3651 1383 Hoc

2072 1419 2216 1473 enim
2246 1427 2329 1474 est
2358 1419 2410 1473 in
2430 1419 2644 1489 pr0prio
2667 1418 2882 1473 nomine
2910 1420 3109 1478 Venire.
3135 1420 3246 1489 Ego
3274 1436 3401 1475 vero
3424 1438 3526 1475 non
3551 1424 3649 1487 sic,

2072 1508 2168 1563 sed
2198 1509 2249 1562 in
2298 1510 2516 1564 nomine
2545 1510 2717 1563 Patris
2744 1509 2847 1563 mei
2879 1508 3090 1563 adveni.
3144 1509 3239 1564 Vel
3272 1509 3396 1565 hinc
3441 1510 3649 1565 ostendi

2073 1608 2283 1670 poterat
2308 1601 2453 1670 ipsos
2480 1618 2586 1656 non
2629 1618 2811 1657 amare
2847 1602 3012 1656 Deum
3038 1644 3053 1669 ,
3084 1603 3227 1672 quod
3259 1604 3429 1669 illum,
3472 1602 3562 1673 qui
3591 1620 3652 1658 se

2073 1694 2355 1750 diceretab
2376 1695 2466 1749 illo
2500 1695 2743 1761 missum,
2783 1710 2888 1749 non
2933 1697 3231 1766 reciperent
3263 1714 3275 1749 :
3303 1697 3410 1765 jam
3438 1712 3563 1750 vero
3587 1711 3654 1750 ex

2075 1788 2348 1843 contrario
2396 1786 2634 1842 ostendit
2683 1787 2897 1841 illorum
2950 1787 3333 1857 impudentiam
3388 1788 3535 1853 ‘,ex
3588 1803 3656 1843 eo

2075 1881 2220 1953 quod
2250 1881 2633 1937 Antichristum
2660 1882 2925 1951 recepturi
2950 1890 3153 1937 essent.
3177 1881 3311 1937 Cum
3338 1881 3479 1936 enim
3508 1897 3653 1946 eum,

2076 1973 2168 2044 qui
2196 1987 2227 2027 a
2257 1973 2369 2029 Deo
2404 1988 2463 2029 se
2482 1972 2707 2028 missum
2729 1972 2961 2040 dicebat,
2998 1989 3103 2028 non
3147 1974 3482 2044 reciperent;
3511 1990 3659 2029 eum-

2078 2077 2183 2132 que
2203 2062 2297 2133 qui
2328 2063 2496 2119 Deum
2523 2079 2629 2118 non
2660 2072 2901 2129 noverat,
2932 2064 3026 2119 sed
3061 2064 3413 2134 jactabuudus
3437 2081 3495 2120 se
3538 2066 3659 2119 uni-

2080 2171 2354 2212 versorum
2384 2156 2540 2212 deum
2554 2156 2793 2224 dicebat,
2820 2156 3088 2211 adoraturi
3110 2168 3288 2212 essent
3320 2159 3521 2228 :palam
3548 2168 3663 2213 erat

2080 2265 2148 2305 ex
2173 2250 2368 2305 invidia
2396 2261 2450 2305 et
2478 2266 2545 2305 ex
2564 2251 2656 2305 Dci
2688 2250 2811 2305 odio
2835 2252 3302 2321 persequutionem
3323 2262 3493 2306 ortam
3517 2267 3659 2308 esse.

2081 2341 2207 2398 Ideo
2248 2342 2382 2397 duas
2432 2343 2584 2412 ponit
2620 2342 2887 2397 dictorum
2932 2358 3159 2409 causas,
3209 2344 3442 2413 priorem
3474 2358 3665 2414 nempe

2084 2436 2231 2491 illam
2259 2451 2381 2507 qua:
2408 2435 2593 2490 utilior
2622 2445 2770 2502 erat,
2804 2434 2872 2489 Ut
2896 2436 3024 2489 salvi
3048 2435 3158 2491 sitis
3187 2478 3203 2504 ,
3234 2445 3290 2491 et
3314 2435 3382 2491 Ut
3404 2437 3550 2489 vitam
3570 2436 3664 2488 Ita-

2087 2528 2261 2582 beatis.
2285 2528 2416 2595 Quia
2437 2543 2565 2583 vero
2587 2528 2759 2597 ipsum
2782 2526 2988 2582 irrisuri
3008 2537 3183 2595 erant,
3212 2526 3666 2583 vehementiorem

2087 2622 2254 2691 ponit,
2286 2621 2589 2687 declarans,
2623 2621 2666 2675 si
2692 2620 2973 2675 audientes
3014 2637 3121 2675 non
3149 2621 3541 2691 obtemperent,
3574 2635 3668 2690 pro

2087 2729 2239 2770 more
2261 2728 2359 2768 suo
2390 2712 2555 2767 Deum
2584 2711 2779 2781 ubique
2806 2710 3067 2765 facturum
3087 2726 3230 2766 esse.

2159 2807 2214 2861 2.
2256 2805 2451 2859 Paulus
2477 2811 2624 2875 certe
2652 2802 2721 2857 de
2750 2802 3075 2857 Antichristo
3114 2801 3337 2872 loquens
3365 2800 3671 2871 prophetico

2089 2899 2219 2953 dicit
2247 2914 2261 2952 :
2295 2895 2347 2949 Μ
2354 2897 2460 2949 ittet
2487 2895 2590 2949 illis
2610 2893 2749 2949 Deus
2773 2895 3111 2964 Operationem
3132 2893 3337 2957 erroris,
3372 2902 3425 2945 ut
3448 2892 3672 2958 iudicen-

2092 3004 2174 3046 tur
2204 3006 2373 3045 omnes
2398 2990 2483 3058 qui
2512 3005 2612 3042 non
2641 2987 2956 3041 crediderunt
2980 2986 3191 3053 veritati,
3214 2985 3301 3039 sed
3319 2992 3671 3039 consenserunt

2095 3083 2347 3153 iniquitati
2377 3080 2553 3151 (Ibid.
2583 3096 2631 3133 υ.
2662 3080 2729 3133 10
2754 3087 2797 3133 et
2831 3079 2956 3149 11).
2986 3078 3230 3133 Christus
3258 3086 3431 3132 autem
3460 3094 3561 3131 non
3591 3075 3673 3130 di-

2094 3175 2168 3229 cit
2194 3186 2314 3228 esse
2339 3182 2657 3236 venturum;
2686 3168 2782 3225 sed
2803 3209 2818 3234 ,
2845 3168 2908 3224 Si
2932 3170 3149 3235 venerit,
3178 3167 3505 3222 auditoribus
3528 3183 3584 3221 se
3604 3176 3675 3220 at-

2098 3274 2400 3333 temperans
2419 3303 2434 3328 ,
2466 3262 2585 3331 quia
2615 3260 2850 3315 nondum
2890 3260 3151 3328 completa
3181 3267 3297 3314 erat
3325 3268 3432 3312 tota
3464 3258 3675 3313 illorum

2098 3355 2329 3425 nequitia
2355 3373 2367 3408 :
2398 3353 2623 3422 ideoque
2650 3352 2791 3406 illius
2814 3350 3072 3405 adventus
3098 3365 3308 3404 causam
3338 3350 3517 3404 tacuit.
3542 3348 3677 3403 Pau-

2101 3447 2184 3501 lus
2214 3461 2343 3500 vcro
2386 3442 2799 3513 intelligentibus
2836 3452 3017 3511 aperte
3056 3443 3194 3495 illam
3233 3442 3552 3504 declaravit;
3591 3441 3680 3495 ille

2100 3555 2327 3609 namque
2370 3547 2451 3593 est
2498 3538 2587 3607 qui
2624 3552 2837 3590 omnem
2881 3536 3009 3605 ipsis
3052 3534 3221 3589 aufert
3263 3534 3678 3590 excusationem.

2108 3632 2307 3687 Deinde
2328 3628 2711 3686 incredulitatis
2732 3642 2915 3683 eorum
2938 3643 3150 3681 causam
3174 3626 3255 3679 his
3280 3627 3454 3681 verbis
3479 3626 3679 3694 aperit:

2102 3726 2191 3780 44.
2228 3720 2489 3790 Quomodo
2518 3722 2721 3791 potestis
2757 3735 2843 3772 vos
2872 3717 3072 3771 credere
3090 3759 3103 3779 ,
3130 3718 3213 3787 qui
3237 3718 3450 3787 gloriam
3479 3717 3684 3771 invicem

2104 3815 2334 3884 accipitis
2351 3856 2366 3881 ,
2397 3823 2444 3867 et
2473 3813 2686 3884 gloriam
2711 3826 2824 3879 qua:
2848 3827 2881 3864 a
2906 3813 3012 3864 solo
3041 3810 3150 3864 Deo
3178 3819 3250 3863 est
3290 3827 3389 3863 non
3426 3810 3686 3879 quwritis?

2108 3910 2232 3964 hinc
2270 3908 2459 3963 iterum
2500 3904 2787 3960 ostendens
2826 3918 2923 3959 eos
2964 3920 3068 3958 non
3112 3904 3196 3957 illa
3233 3919 3350 3972 qua:
3392 3903 3553 3957 solius
3594 3903 3686 3956 Dei

2108 4009 2262 4055 erant
2289 4007 2531 4068 spectare
2550 4038 2566 4062 ,
2598 3996 2690 4051 sed
2719 3997 2818 4050 hoc
2846 3995 3064 4050 obtentu
3090 3993 3332 4049 effectum
3372 4009 3523 4048 suum
3554 3994 3690 4048 velle

2110 4094 2269 4148 tueri.
2301 4092 2527 4145 Tantum
2559 4091 2697 4144 enim
2730 4089 2913 4143 aberat
2941 4089 3065 4157 quin
3097 4086 3211 4142 haec
3236 4087 3301 4142 ad
3343 4088 3434 4141 Dei
3469 4088 3688 4157 gloriam

2112 4186 2376 4249 facerent,
2408 4192 2465 4237 ut
2494 4182 2779 4237 humanam
2817 4181 2916 4236 sibi
2944 4182 3118 4251 potius
3144 4196 3300 4250 quam
3331 4180 3567 4234 divinam
3593 4197 3691 4247 op-

2114 4284 2308 4331 tarent.
2337 4273 2616 4343 Quomodo
2640 4288 2766 4343 ergo
2797 4281 3000 4326 tantum
3029 4272 3133 4327 odii
3167 4288 3260 4341 pro
3290 4272 3381 4327 Dei
3407 4274 3572 4342 gloria
3605 4290 3693 4324 su-

2116 4369 2413 4437 sciperent,
2448 4381 2605 4436 quam
2649 4379 2813 4432 usque
2851 4364 2985 4419 adeo
3024 4363 3464 4429 contemnebant,
3504 4373 3562 4416 ut
3592 4362 3693 4415 in.-

2117 4475 2328 4515 manam
2373 4458 2471 4527 ipsi
2513 4454 2876 4511 anteferrent?
2928 4454 3213 4524 PoSIquam
3264 4464 3439 4510 autem
3489 4453 3697 4507 dixerat

2119 4552 2264 4621 ipsos
2291 4549 2627 4605 dilectionem
2658 4546 2753 4601 Dei
2784 4562 2887 4601 non
2916 4545 3111 4601 habere
3130 4586 3145 4613 ,
3176 4556 3231 4601 et
3258 4546 3452 4616 duplici
3492 4545 3695 4599 ratione

2120 4644 2173 4698 id
2200 4642 2546 4713 probaverat,
2579 4651 2688 4694 tum
2718 4653 2810 4709 per
2838 4653 2899 4693 ea
2928 4654 3046 4709 quae
3077 4639 3131 4691 in
3162 4653 3220 4693 se
3250 4637 3384 4691 facta
3404 4678 3420 4703 ,
3464 4647 3571 4691 tum
3603 4652 3696 4705 per

2120 4750 2181 4791 ea
2212 4750 2328 4804 qua:
2359 4732 2412 4787 in
2438 4730 2763 4786 Anticltristo
2790 4728 2962 4783 futura
3002 4738 3185 4795 erant,
3227 4728 3546 4797 insuperque
3588 4726 3698 4781 cla-

2122 4826 2233 4880 rius
2259 4823 2743 4887 demonstraverat,
2775 4834 2894 4875 esse
2922 4820 3040 4874 illos
3061 4819 3205 4874 omni
3231 4820 3383 4873 venia
3414 4819 3655 4888 indignos
3681 4835 3694 4871 :

2125 4917 2201 4973 sic
2230 4916 2349 4970 illos
2386 4912 2684 4989 redarguit,
2731 4910 2945 4982 Moysen
2985 4922 3346 4965 accusatorem
3387 4909 3695 4963 adducens:

2124 5008 2213 5063 45.
2248 5005 2423 5061 Nolite
2451 5016 2625 5075 putare
2653 5002 2788 5073 quod
2827 5018 2917 5073 ego
2953 5012 3277 5056 accusaturus
3313 5003 3407 5054 sim
3450 5016 3535 5055 vos
3563 5001 3701 5071 apud

2127 5100 2335 5155 Patrem
2364 5115 2384 5154 :
2413 5107 2485 5153 est
2508 5098 2593 5166 qui
2618 5105 2821 5151 accusat
2848 5112 2934 5149 vos
2963 5094 3197 5164 Moyses,
3240 5096 3293 5147 in
3330 5111 3429 5163 quo
3467 5111 3551 5147 v:s
3585 5110 3699 5161 spr-

2126 5195 2297 5249 rastis.
2327 5192 2414 5248 46.
2444 5192 2507 5247 Si
2534 5190 2664 5244 enim
2689 5190 2953 5243 crederetis
2983 5186 3170 5257 Moysi,
3199 5187 3463 5240 crederetis
3492 5188 3703 5258 forsitan

2128 5296 2173 5341 et
2199 5285 2323 5339 ntihi
2352 5301 2371 5338 :
2400 5285 2461 5337 de
2486 5299 2563 5336 me
2591 5282 2720 5337 enim
2751 5281 2837 5334 ille
2864 5281 3084 5349 scripsit.
3125 5280 3214 5334 47.
3262 5279 3323 5333 Si
3365 5288 3530 5331 autem
3568 5279 3706 5332 illius

2130 5378 2288 5431 literis
2317 5392 2417 5428 non
2443 5374 2673 5440 creditis,
2703 5370 2952 5443 quomodo
2980 5371 3101 5423 meis
3130 5370 3340 5425 credetis
3373 5370 3572 5424 verbis?
3595 5370 3707 5426 lloc

2130 5476 2241 5536 est,
2271 5469 2409 5522 Ante
2438 5479 2524 5521 me
2549 5463 2635 5519 ille
2663 5463 2982 5519 contumelia
3011 5462 3239 5515 afﬁcitur
3267 5464 3319 5515 in
3348 5461 3412 5517 iis
3438 5478 3555 5532 qua:
3574 5476 3706 5516 cou-

2132 5570 2210 5615 tra
2232 5574 2317 5616 me
2339 5557 2530 5614 facitis.
2558 5556 2724 5627 Moysi
2747 5555 2888 5610 enim
2910 5555 3079 5625 magis
3097 5553 3257 5610 ﬁdem
3276 5556 3527 5625 negastis,
3549 5570 3706 5628 quam

2204 5715 2219 5746 ι
2257 5712 2418 5765 uorel.
2443 5713 2610 5775 habet,
2628 5709 2884 5776 invidiam,
2909 5724 3014 5777 pro,
3036 5710 3399 5778 impudentiae.
