4100 6364
403 319 509 376 9.35

404 438 494 489 θεν
527 439 912 508 συμφερόντως
931 445 1044 507 τοῖς
1084 444 1203 497 τότε
1226 444 1268 513 ),
1306 443 1396 496 διὰ
1438 442 1596 495 τοῦτο
1634 438 1727 492 καὶ
1758 431 1982 489 διασκάο

402 538 557 573 πτειν
582 523 777 586 αὐτοὺς
820 526 956 594 μετά
977 528 1262 598 ἀκριϐείας
1300 526 1509 579 κελεύει
1552 522 1671 586 νῦν,
1721 522 1807 574 ἵνα
1830 518 1899 572 τά
1921 518 1980 568 ἐν

400 604 481 671 τῷ
506 605 659 673 βάθει
690 608 914 676 κείμενα
946 609 1212 680 δυνηθῶσι
1243 612 1445 681 εὑρεῖν.
1488 608 1621 661 Οὑδέ
1642 605 1752 675 γὰρ
1776 602 1835 669 ἐξ
1857 604 1979 654 ἐπι-

403 687 573 757 ’πολῆς
603 690 804 759 εἴρητο,
833 692 955 745 οὑδὲ
1003 694 1140 765 ὑπὲρ
1168 694 1265 764 τὴν
1298 694 1618 762 ἐπιφάνειαν
1645 702 1670 729 ι
1716 690 1941 760 ἔρριπτο
1964 700 1977 712 ·

402 771 521 823 ἀλλ’
565 771 753 845 ὥσπερ
790 794 874 838 τις
909 777 1180 847 θησαυρὸς
1227 781 1283 831 ἐν
1325 776 1504 847 πολλῷ
1536 774 1614 846 τῷ
1651 773 1803 843 βάθει
1845 786 1979 823 κατ-

404 856 602 909 έκειτο.
661 858 718 910 Ὀ
755 860 811 911 δὲ
852 860 917 913 τὰ
964 862 1113 914 κάτω
1144 862 1371 930 κείμενα
1418 862 1597 933 ζητῶν
1629 859 1693 913 ἂν
1733 858 1806 927 μὴ
1842 851 1981 925 μετὰ

401 938 691 1006 ἀκριϐείας
720 940 853 1012 ζητῇ
882 944 975 995 καὶ
997 944 1180 1008 πόνου,
1206 945 1461 998 οὐδέποτε
1488 944 1771 1013 δυνήσεται
1802 940 1980 1009 εὑρεῖν

400 1021 462 1073 τὸ
490 1021 837 1092 ζητούμενον.
890 1026 988 1078 Διά
1011 1043 1091 1078 τοι
1113 1027 1269 1080 τοῦτο
1305 1029 1398 1080 καὶ
1437 1026 1623 1087 εἰπὼν,
1670 1021 1981 1091 Ἐρευνᾶτε

398 1103 507 1166 τὰς
538 1107 587 1156 Γ
581 1108 797 1173 βαφὰς,
834 1110 1109 1177 ἐπήγαγεν
1135 1128 1146 1139 ·
1182 1112 1307 1163 Ὅτι
1335 1109 1503 1179 ὑμεῖς
1527 1107 1753 1161 δοκεῖτε
1780 1108 1847 1158 ἐν
1875 1105 1980 1156 αὑ·-

398 1186 531 1251 ταῖς
558 1186 711 1255 ζωὴν
737 1190 974 1243 αἰώνιον
1002 1192 1184 1260 ἔχειν.
1212 1193 1324 1245 Οὑκ
1354 1193 1526 1255 εἶπεν,
1557 1191 1747 1260 Ἔχετε
1771 1204 1786 1219 ·
1820 1187 1975 1242 ἀλλά.
2001 1210 2011 1220 ·

397 1270 654 1335 Δοκεῖτε,
681 1273 891 1335 δεικνὺς
928 1275 1007 1327 ὃτι
1050 1276 1200 1328 οὐδὲν
1231 1275 1562 1347 ἐκαρποῦντο
1611 1274 1755 1343 μέγα
1800 1288 1851 1323 τι
1883 1270 1977 1323 καὶ

397 1356 666 1418 γενναῖον,
701 1356 807 1408 ἀπὸ
846 1358 940 1427 τῆς
978 1357 1336 1427 ἀναγνώσεως
1371 1356 1713 1428 σωθήσεσθαι
1747 1352 1975 1425 προσδο-

397 1434 606 1500 κῶντες
653 1438 841 1507 μόνης,
892 1440 1127 1505 πίστεως
1183 1442 1375 1512 ἔρημοι
1407 1440 1556 1503 ὄντες
1584 1441 1637 1493 δ.
1687 1440 1751 1490 Ὃ
1797 1436 1976 1507 τοίνρν

396 1515 567 1583 λέγει,
602 1520 842 1573 τοιοῦτόν
873 1524 1021 1575 ἐστιν
1045 1539 1058 1551 ·
1088 1524 1223 1594 Οὐχὶ
1255 1523 1560 1594 θαυμάζετε
1587 1521 1685 1585 τάς
1710 1518 1933 1591 Γραφάς
1958 1533 1973 1582 ἶ

394 1600 517 1670 οὐχὶ
538 1602 720 1672 πάσης
752 1604 897 1674 ζωῆς
932 1606 1179 1676 νομίζετε
1208 1608 1391 1671 αἰτίας
1417 1603 1580 1672 εἰναι;
1622 1605 1753 1658 Ἀπὸ
1770 1603 1974 1656 τούτων

394 1684 489 1735 καὶ
522 1686 683 1749 αὑτὸς
711 1688 1057 1759 ἰσχυρίζομαι
1086 1690 1200 1745 νῦν.
1235 1686 1405 1745 Αῦται
1440 1693 1547 1762 γάρ
1587 1692 1720 1742 εἰσιν
1746 1689 1800 1743 αἰ
1835 1704 1974 1757 μαρ-

391 1768 655 1838 τυροῦσαι
690 1772 817 1841 περὶ
851 1774 1006 1843 ἐμοῦ,
1049 1775 1141 1827 καὶ
1180 1776 1241 1827 οὑ
1277 1775 1456 1828 θέλετε
1497 1774 1670 1827 ἐλθεῖν
1713 1773 1847 1845 πρός
1882 1787 1970 1840 με,

393 1850 482 1901 ῖνα
508 1852 652 1922 ζωὴν
689 1854 904 1909 αἰώνιον
945 1855 1123 1926 ἔχητε.
1162 1857 1400 1921 Εἰκότως
1435 1857 1612 1910 τοίνυν
1653 1855 1856 1923 ἔλεγεν,
1889 1853 1971 1905 ὅτι

391 1935 648 2001 Δοκεῖτε,
669 1937 755 1990 διά
787 1939 849 1991 τὸ
882 1941 956 2011 μὴ
988 1939 1269 2008 βούλεσθαι
1296 1941 1493 2002 αὑτοὺς
1522 1938 1824 2002 πείθεσθαι,
1854 1935 1970 1989 ἀλλ’

390 2020 484 2069 ἐπὶ
514 2022 580 2089 τῇ
607 2021 733 2093 ψιλῇ
760 2024 1061 2091 ἀναγνώσει
1096 2028 1253 2094 μόνον
1285 2026 1490 2095 αὐχεῖν.
1531 2022 1664 2077 Εἶτα
1690 2024 1773 2075 ἵνα
1805 2022 1878 2093 μὴ
1906 2022 1970 2072 ἐκ

389 2102 595 2173 πολλῆς
620 2106 944 2175 κηδεμονίας
965 2110 1261 2177 φιλοδοξίας
1286 2110 1426 2181 λάϐῃ
1467 2110 1596 2179 παρ’
1628 2110 1809 2169 αὑτοῖς
1834 2107 1969 2160 ὑπό-

388 2200 557 2246 νοιαν,
588 2188 679 2239 καὶ
699 2189 784 2241 διὰ
811 2200 834 2227 ε
872 2190 931 2242 τὸ
954 2191 1238 2260 βούλεσθαι
1260 2190 1612 2261 πιστευθῆναι
1642 2194 1771 2260 παρ’
1792 2190 1968 2241 αὑτῶν

385 2267 449 2319 τὸ
481 2270 677 2322 ἐαυτοῦ
713 2276 934 2327 σκοπεῖν
965 2277 1252 2347 νομίζηται
1293 2277 1407 2348 (καὶ
1442 2276 1551 2345 γὰρ
1580 2275 1679 2345 τῆς
1722 2275 1965 2328 Ἰωάννου

388 2354 574 2423 φωνῆς
614 2356 904 2427 ἀνέμνησε,
937 2360 1031 2413 καὶ
1062 2360 1161 2430 τῆς
1193 2360 1497 2433 μαρτυρίας
1524 2360 1616 2412 τοῦ
1659 2359 1812 2425 Θεοῦ,
1874 2364 1966 2415 καὶ

384 2434 494 2487 τῶν
517 2436 693 2506 ἔργων
729 2439 837 2492 τῶν
865 2440 1050 2505 αὑτοῦ,
1079 2444 1171 2496 καὶ
1199 2446 1374 2498 πάντα
1400 2444 1582 2513 ἔλεγεν
1608 2444 1747 2497 ὥστε
1771 2443 1966 2507 αὑτοὺς

385 2520 818 2587 ἐπισπάσασθαι,
875 2526 967 2578 καὶ
1011 2527 1156 2597 ζωὴν
1200 2528 1594 2599 ἐπηγγείλατο)
1622 2546 1636 2560 ·
1707 2530 1828 2580 ἐπεὶ
1874 2524 1967 2581 οὖν

386 2603 617 2668 πολλοὺς
654 2606 798 2669 εἰκὸς
838 2604 906 2678 ἦν
948 2609 1271 2665 ὑποπτεύειν
1312 2614 1394 2666 ὅτι
1425 2614 1583 2681 δόξης
1622 2612 1761 2684 ἐρῶν
1793 2613 1967 2666 ταῦτα

385 2686 591 2756 ἔλεγεν,
622 2690 852 2745 ἄκουσον
894 2695 947 2747 τί
979 2696 1205 2765 ἐπάγει·
1238 2699 1433 2761 Δόξαν
1465 2698 1625 2767 παρὰ
1651 2698 1965 2766 ἀνθρώπου

385 2772 460 2825 οὐ
481 2774 761 2842 λαμϐάνω
783 2796 797 2809 ·
828 2778 1121 2843 τουτέστιν,
1151 2781 1226 2834 Οὑ
1247 2782 1452 2852 δέομαι.
1478 2783 1592 2835 Οὑκ
1615 2782 1751 2846 ἔστι,
1779 2784 1961 2852 φησὶν,

382 2857 419 2926 ἡ
446 2857 605 2923 φύσις
631 2860 664 2929 ὴ
688 2861 793 2933 ἐμὴ
816 2864 1062 2934 τοιαύτη,
1091 2863 1229 2917 ὥστε
1249 2866 1452 2920 δεῖσθαι
1476 2867 1573 2938 τῆς
1595 2866 1746 2939 παρά
1763 2867 1965 2939 ἀνθρώ-

383 2959 503 2994 πων
526 2943 703 3013 δόξης.
737 2948 799 2999 Εἰ
820 2948 927 3020 γὰρ
957 2949 1107 3019 ἦλιος
1141 2950 1248 3003 ἀπὸ
1273 2950 1299 2990 ά
1340 2951 1611 3022 λυχνιαίου
1660 2952 1835 3021 φωτὸς
1863 2954 1964 3007 οὑκ

384 3025 453 3075 ἂν
482 3024 632 3079 λάϐοι
664 3031 1010 3101 προσθήκην·
1044 3033 1221 3104 πολλῷ
1258 3035 1453 3104 μᾶλλον
1481 3035 1591 3105 ἐγὼ
1629 3036 1728 3107 τῆς
1756 3037 1964 3106 ἀνθρω-

384 3108 546 3180 πίνης
567 3112 752 3179 ἀφέξω
781 3115 1036 3186 δεηθῆναι
1068 3117 1243 3188 δόξης.
1285 3120 1394 3171 Καὶ
1433 3119 1594 3182 τίνος,
1631 3122 1813 3192 φησὶν,
1842 3121 1962 3173 ἐνε-

384 3209 479 3244 κεν
503 3194 675 3248 ταῦτα
710 3197 904 3267 λέγεις,
948 3200 1042 3254 ἐάν
1080 3202 1141 3254 οὑ
1176 3202 1307 3274 δέῃ;
1345 3203 1470 3255 Ἵνα
1517 3205 1680 3272 ὑμεῖς
1708 3201 1958 3271 σωθῆτε.

396 3276 559 3329 Ἀλλά
585 3278 742 3331 τοῦτο
782 3282 879 3350 μὲν
907 3283 1162 3353 ἀνωτέρω
1193 3286 1409 3354 εῖρηκεν
1430 3301 1443 3314 ·
1485 3287 1702 3357 ᾐνίξατο
1743 3287 1799 3339 δὲ
1829 3288 1961 3340 αὑτὸ

383 3360 479 3411 καὶ
499 3360 748 3425 ἐνταῦθα,
784 3364 971 3428 εἰπὼν,
1012 3365 1141 3419 Ἵνα
1172 3364 1327 3434 ζωὴν
1352 3369 1547 3435 ἔχητε.
1579 3370 1773 3441 Τίθησι
1793 3370 1848 3422 δέ
1865 3369 1960 3422 καὶ

381 3443 578 3511 ἑτέραν
623 3446 819 3498 αἰτίαν.
885 3448 1053 3501 Ποίαν
1105 3449 1168 3519 δὴ
1200 3450 1436 3520 ταύτην;
1510 3452 1671 3505 Ἀλλ’
1726 3452 1959 3521 ἔγνωκα

378 3525 559 3595 ὑμᾶς,
578 3527 665 3581 ὅτι
692 3528 805 3596 τὴν
829 3530 1069 3599 ἀγάπην
1092 3532 1198 3585 τοῦ
1230 3533 1375 3587 Θεοῦ
1399 3536 1508 3586 οὐκ
1531 3534 1699 3603 ἔχετε
1725 3536 1796 3589 ἑν
1817 3536 1957 3588 ἐαυ-

378 3610 526 3676 τοῒς.
576 3613 792 3683 Ἐπειδὴ
823 3614 1101 3682 πολλάκις,
1148 3615 1222 3678 ὼς
1261 3628 1284 3654 θ
1316 3616 1474 3687 δῆθεν
1513 3619 1603 3671 τὸν
1653 3619 1784 3672 Θεὸν
1821 3621 1957 3687 ἀγα-

378 3694 612 3756 πῶντες,
660 3696 879 3748 ἐδίωκον
925 3698 1105 3762 αὑτὸν,
1151 3700 1232 3751 ὅτι
1282 3700 1394 3751 ἴσον
1434 3701 1623 3753 ἐαυτὸν
1671 3704 1842 3754 ἐποίει
1879 3703 1957 3773 τῷ

378 3776 521 3845 Θεῷ.
554 3778 670 3846 ᾔδει
692 3779 747 3830 δὲ
772 3780 851 3831 ὅτι
878 3781 975 3832 οὑκ
996 3781 1217 3851 ἔμελλον
1240 3782 1387 3853 αὑτῷ
1422 3782 1733 3836 πείθεσθαι·
1765 3786 1851 3838 ἵνα
1880 3788 1953 3857 μή

376 3876 464 3922 τις
490 3862 640 3931 εἴπῃ,
674 3862 827 3924 Τίνος
848 3859 936 3915 οὖν
961 3864 1145 3917 ἐνεκεν
1163 3864 1335 3917 ταῦτα
1362 3864 1540 3933 λέγεις
1564 3883 1577 3931 ;
1601 3866 1755 3920 τοῦτο
1782 3864 1953 3931 εἶπεν,

377 3943 501 3995 Ἵνα
533 3943 736 4011 ἐλέγξω
771 3946 931 4015 ὑμᾶς,
977 3948 1058 4000 ὅτι
1087 3950 1147 4001 οὑ
1192 3949 1279 4003 διά
1312 3951 1528 4019 ἀγάπην
1556 3951 1653 4021 τὴν
1682 3951 1775 4003 τοῦ
1819 3952 1954 4005 Θεοῦ

378 4042 473 4095 με,
502 4028 655 4096 φησὶ,
684 4028 922 4081 διώκετε.
950 4031 1057 4083 Καὶ
1082 4032 1188 4104 γὰρ
1224 4034 1315 4085 καὶ
1345 4033 1504 4095 αὐτὸς
1523 4038 1791 4106 μαρτυρεῖ
1815 4053 1902 4105 μοι
1930 4034 1951 4074 ί

374 4110 472 4161 καὶ
495 4109 582 4161 διά
602 4109 711 4163 τῶν
738 4111 911 4181 ἔργων
941 4116 1033 4166 καὶ
1068 4114 1156 4166 διὰ
1194 4115 1302 4167 τῶν
1338 4116 1587 4186 Γραφῶν.
1622 4119 1829 4189 Ὥσπερ
1861 4115 1954 4172 οὖν

374 4193 485 4261 πρὸ
518 4193 709 4244 τούτου
739 4194 1047 4264 νομίζοντες
1076 4197 1320 4251 ἀντίθεον
1362 4196 1501 4252 εἷναί
1547 4218 1611 4271 με
1653 4202 1909 4271 ὴλαύνετε
1936 4220 1951 4235 ·

371 4274 520 4327 οὕτω
571 4274 721 4347 [244]
770 4276 862 4328 νῦν
895 4278 953 4341 ἐξ
986 4276 1047 4331 οὑ
1081 4281 1253 4333 ταῦτα
1283 4284 1539 4348 ἀπέδειξα
1584 4286 1953 4355 προσδραμεῖν

374 4358 522 4426 ὑμᾶς
554 4358 678 4421 ἔδει,
704 4360 757 4410 εἴ
781 4375 845 4427 γε
868 4360 1112 4428 ἠγαπᾶτε
1130 4364 1219 4416 τὸν
1247 4365 1396 4417 Θεόν·
1420 4366 1535 4418 ἀλλ’
1561 4369 1658 4419 οὑκ
1680 4369 1948 4437 ἀγαπᾶτε.

371 4441 477 4493 Διά
508 4440 571 4510 δὴ
603 4441 759 4493 τοῦτο
782 4444 875 4494 καὶ
903 4444 1074 4496 ταῦτα
1104 4442 1275 4508 εἷπον,
1303 4449 1387 4500 ἵνα
1412 4449 1567 4512 δείξω
1597 4452 1738 4520 ὑμᾶς
1773 4470 1953 4523 περιτ-

370 4523 469 4574 τὸν
498 4523 721 4593 ἔχοντας
748 4524 933 4592 τῦφον,
980 4529 1072 4579 καὶ
1110 4530 1489 4598 κομπάζοντας
1534 4534 1676 4604 εἰκῆ,
1722 4537 1813 4587 καὶ
1851 4537 1949 4607 τὴν

370 4608 582 4661 οἰκείαν
629 4610 928 4677 βασκανίαν
963 4613 1353 4679 συσκιάζοντας
1382 4625 1427 4670 8.
1454 4618 1568 4670 υὺκ
1600 4619 1704 4671 ἀπὸ
1744 4620 1949 4673 τούτων

372 4690 436 4743 δὲ
476 4692 656 4760 μόνον,
696 4693 833 4745 ἀλλά
874 4695 965 4746 καὶ
997 4696 1103 4747 ἀπὸ
1138 4697 1244 4749 τῶν
1282 4698 1580 4768 μελλόντων
1613 4701 1749 4753 αὑτά
1781 4720 1949 4755 κατα-

374 4776 652 4838 σκευάζει.
714 4777 861 4844 Ἐγὼ
890 4777 997 4848 γὰρ
1027 4775 1235 4847 ἦλθον,
1272 4782 1456 4852 φησὶν.
1504 4782 1573 4835 ἐν
1601 4784 1679 4849 τῷ
1710 4786 1949 4853 ὀνόματι

368 4859 480 4911 τοῦ
512 4862 746 4926 Πατρός
770 4879 913 4930 μου,
963 4864 1061 4915 καὶ
1102 4866 1211 4917 οὐκ
1244 4865 1532 4931 ἐδέξασθέ
1561 4885 1670 4936 με·
1701 4869 1809 4922 ἐὰν
1842 4871 1948 4923 άλ-

366 4946 482 5008 λος
501 4944 653 5010 ἔλθῃ
678 4945 747 4997 ἐν
768 4945 848 5011 τῷ
864 4948 1104 5016 ὀνόματι
1124 4950 1201 5011 τῷ
1226 4950 1369 5012 ἰδίῳ,
1394 4952 1628 5005 ἐκεῖνον
1648 4955 1942 5020 λήψεσθε.

380 5029 547 5099 Ὁρᾷς
578 5031 661 5081 ὅτι
685 5030 796 5084 ἀνω
821 5034 911 5084 καὶ
934 5034 1083 5085 κάτω
1111 5033 1199 5085 διά
1225 5034 1381 5088 τοῦτο
1408 5035 1553 5103 λέγει
1588 5038 1942 5099 ἀπεστάλθαι,

366 5114 468 5165 καὶ
529 5113 683 5185 παρά
730 5114 824 5167 τοῦ
869 5116 1079 5186 Πατρὸς
1135 5116 1410 5187 εἰληφέναι
1457 5119 1554 5190 τὴν
1603 5121 1801 5191 κρίσιν,
1854 5123 1947 5175 καὶ

364 5196 522 5249 οὐδὲν
604 5197 857 5250 δύνασθαι
931 5202 1103 5251 ποιεῖν
1168 5201 1259 5268 ἀφ’
1323 5201 1549 5265 ἑαυτοῦ,
1610 5204 1696 5256 ῖνα
1766 5206 1945 5259 πᾶσαν

366 5281 580 5353 ἐκκόψῃ
607 5282 880 5349 πρόφασιν
903 5282 1319 5354 ἀγνωμοσύνηςς
1366 5285 1499 5337 Τίνα
1527 5286 1582 5337 δέ
1605 5304 1767 5357 φησιν
1797 5288 1945 5358 ἥξειν

367 5364 431 5415 ἐν
467 5362 547 5431 τῷ
590 5365 813 5433 ὀνόματι
859 5365 937 5436 τῷ
989 5366 1143 5436 ἰδίως
1194 5368 1295 5419 Τὸν
1342 5368 1679 5439 ἀντίχριστον
1713 5373 1945 5425 ἐνταῦθα

368 5444 691 5511 αἰνίττεται,
720 5449 813 5499 καὶ
833 5449 1220 5521 ἀναντίρρητον
1244 5450 1272 5489 ¹ι
1306 5452 1406 5521 τῆς
1437 5453 1824 5525 ἀγνωμοσύνης
1848 5457 1945 5508 αὑ-

365 5526 481 5581 τῶν
505 5528 719 5598 τίθησιν
738 5531 1027 5598 ἀπόδειξιν.
1056 5534 1118 5587 Εἰ
1138 5534 1244 5605 γὰρ
1260 5534 1334 5597 ώς
1363 5536 1682 5603 ἀγαπῶντες
1702 5536 1792 5591 τὸν
1814 5540 1944 5594 Θεόν

435 5648 461 5675 ⁸
482 5647 581 5719 Διῇ
599 5650 719 5719 ὑπὲρ
737 5656 833 5719 ,τῆς
856 5650 1138 5719 ἐπιφανείας.
1203 5652 1231 5692 1)
1254 5654 1401 5719 SaVll‘.
1424 5654 1629 5719 πίστεως
1649 5657 1711 5716 μή
1734 5659 1941 5719 προσού-

372 5723 481 5781 φης.
552 5714 585 5781 ⁸-
597 5710 767 5781 Mor'el:
792 5710 1021 5781 μηδὲδιά,
1040 5721 1213 5781 είηιοσ
1235 5716 1447 5781 νομισθῇς
1475 5722 1527 5763 el
1549 5710 1670 5781 ίιὶίτέι
1690 5710 1941 5769 καῖ’-πάντα

377 5774 531 5840 Enim
554 5775 681 5840 ῶστε
713 5774 881 5840 αὐτοὺς
905 5775 1253 5840 ἐπισπάσασθαι
1284 5774 1594 5840 πρὸςςέαυτὸν
1617 5779 1938 5840 ἐπηγγείλατο.

368 5835 404 5911 ς
440 5833 615 5911 ξοςει.
646 5835 772 5911 ᾏὺπό.
812 5848 938 5911 ωοιι⁹
965 5836 1050 5884 alii
1081 5837 1263 5911 ἀπέχω.
1323 5833 1358 5878 ’θ
1391 5838 1445 5886 In
1472 5837 1661 5909 .Morel.
1695 5833 1938 5911 Εἰς-ῥοθεῖ.

376 5890 402 5962 ξ
448 5894 601 5962 Sam.
642 5897 858 5962 διώκετε,
900 5897 1029 5958 εἰπερ
1090 5890 1230 5962 αὐτὸς
1275 5900 1495 5962 μαρτυρεῖ
1532 5917 1629 5961 μοι.
1696 5904 1722 5942 8
1746 5890 1941 5961 ἰιοέέῇ

378 5956 639 6017 βασκανίαν
659 5956 1045 6020 ἐγκαλύπτοντας.
1110 5958 1139 5997 δ
1162 5956 1408 6010 Μοῐὸ1.’ὃν
1428 5956 1507 6010 καὶ
1532 5956 1689 6014 ἀναντ.

1481 323 1546 379 ΙΝ
1580 314 1895 377 JOANNEM
1929 307 2163 365 HOMIL.
2208 306 2339 361 XLI.
2382 315 2451 363 al.
2494 306 2603 362 XL.

3568 305 3674 359 2⁸56

2092 443 2160 497 με
2184 425 2429 489 διώκετε,
2459 422 2639 495 πολλῷ
2668 423 2868 495 μᾶλλον
2896 424 2990 477 ἐπὶ
3024 423 3119 478 τοῦ
3150 421 3494 494 ἀντιχρίστου
3516 420 3675 475 τοῦτο

2086 511 2339 578 γενέσθαι
2359 510 2462 563 ἔδει
2487 511 2531 564 ί.
2552 510 2785 571 Ἐκεῖνος
2812 508 2921 580 γάρ
2953 507 3105 561 οὑδὲν
3136 507 3375 560 τοιοῦτον
3399 508 3531 577 ἐρεῖ,
3549 506 3674 557 οὔτε

2086 594 2421 647 ἀπεστάλθαι
2449 593 2599 664 παρά
2616 592 2708 644 τοῦ
2736 592 2967 663 Πατρὸς,
2987 591 3109 644 οὗτε
3142 591 3284 643 κατά
3315 590 3412 661 τὴν
3444 586 3673 659 γνώμην

2082 676 2237 747 ἥκειν
2264 678 2362 745 τὴν
2390 676 2618 729 ἐκείνου·
2641 675 2774 728 ἀλλά
2796 675 3105 727 τούναντίον
3136 673 3305 734 ἅπαν,
3332 671 3672 742 τυραννικῶς

2080 762 2148 812 τά
2196 761 2357 830 μηδὲν
2392 760 2538 829 αὑτῷ
2596 766 2942 829 προσήκοντα
2991 755 3273 827 ἁρπάζων,
3309 758 3403 809 καὶ
3428 756 3519 807 τὸν
3576 756 3669 806 ἐπὶ

2081 842 2298 895 πάντων
2333 841 2453 894 θεὸν
2479 841 2669 894 ἑαυτὸν
2696 836 2834 893 εἶναι
2869 841 3064 908 λέγων,
3099 840 3278 903 καθὼς
3326 840 3419 893 καὶ
3459 837 3667 899 Παῦλὸς

2081 942 2275 995 φησιν·
2322 925 2446 976 Ἐπὶ
2508 923 2703 975 πάντα
2752 925 3080 991 λεγόμενον
3129 923 3276 976 Θεὸν
3304 924 3340 989 ἢ
3367 923 3664 989 σέϐασμα,

2080 1009 2516 1061 ἀποδεικνύντα
2533 1007 2751 1059 ἑαυτὸν
2770 1008 2857 1059 ὅτι
2881 1008 3061 1071 αὑτός
3076 1008 3247 1058 ἐστιν
3263 1009 3294 1058 ό
3327 1004 3667 1070 θεός.Τοῦτο

2078 1093 2187 1162 γάρ
2221 1094 2368 1143 ἐστιν
2397 1094 2453 1143 ἐν
2486 1092 2564 1161 τῷ
2597 1090 2818 1159 ὀνόματι
2848 1090 2925 1160 τῷ
2962 1090 3074 1159 ἰδίῳ
3104 1090 3298 1143 ἐλθεῖν.
3334 1088 3473 1157 Ἐγὼ
3496 1090 3550 1141 δὲ
3569 1090 3667 1158 οὑχ

2078 1173 2272 1237 οὕτως,
2309 1174 2423 1226 ἀλλ’
2464 1175 2522 1226 ἐν
2560 1173 2636 1243 τῷ
2670 1173 2893 1241 ὀνόματι
2929 1172 3022 1225 τοῦ
3056 1173 3266 1236 Πατρός
3324 1190 3424 1242 μου
3484 1187 3665 1242 παρα-

2078 1259 2298 1327 γέγονα.
2328 1257 2535 1311 Ἱκανὸν
2562 1258 2660 1327 μὲν
2685 1253 2777 1310 οὖν
2794 1255 2859 1328 ἦν
2874 1258 2966 1309 καὶ
2986 1256 3144 1309 τοῦτο
3160 1255 3330 1319 δεῖξαι
3349 1256 3543 1317 αὐτοὺς
3565 1255 3665 1306 οὑκ

2077 1342 2408 1411 ἀγαπῶντας
2422 1341 2513 1393 τὸν
2529 1341 2681 1405 Θεὸν,
2706 1342 2787 1395 ὅτι
2811 1341 2901 1393 τὸν
2923 1340 3147 1407 λέγοντα
3177 1337 3508 1392 ἀπεστάλθαι
3531 1338 3663 1407 παρ’

2076 1426 2286 1478 ἐκείνου
2320 1426 2418 1478 οὑκ
2439 1425 2715 1494 ἐδέχοντο·
2752 1425 2846 1477 νῦν
2874 1424 2931 1477 δὲ
2966 1425 3060 1476 καὶ
3085 1426 3145 1475 ἐκ
3168 1422 3260 1475 τοῦ
3288 1421 3528 1475 ἐναντίου
3550 1421 3660 1473 δεί-

2074 1524 2262 1559 κνυσιν
2286 1507 2463 1559 αὑτῶν
2483 1507 2581 1576 τὴν
2611 1507 2992 1576 ἀναισχυντίαν
3011 1506 3026 1557 i
3045 1547 3058 1570 ,
3085 1508 3148 1558 ἐκ
3176 1505 3269 1557 τοῦ
3306 1504 3397 1557 τὸν
3421 1503 3661 1573 ἀντίχρι-

2076 1606 2199 1642 στον
2236 1590 2453 1658 μέλλειν
2480 1589 2925 1660 δέχεσθαι.’¹οταν
2946 1588 3053 1660 γὰρ
3079 1589 3169 1641 τὸν
3212 1589 3308 1657 μέν
3331 1587 3424 1640 ἀπ’
3450 1588 3658 1639 ἐκείνου

2073 1673 2300 1741 λέγοντα
2348 1673 2685 1727 ἀπεστάλθαι
2736 1674 2811 1743 μὴ
2866 1673 3143 1741 δέχωνται,
3172 1671 3265 1723 τὸν
3297 1671 3352 1723 δέ
3388 1670 3461 1741 μὴ
3482 1671 3660 1723 εἰδότα

2074 1758 2298 1821 ἐκεῖνον,
2334 1755 2686 1825 κομπάζοντα
2720 1756 2777 1808 δὲ
2818 1756 2911 1807 καὶ
2940 1755 3168 1822 λέγοντα
3198 1754 3385 1805 ἐαυτὸν
3408 1749 3545 1805 εἶναι
3566 1752 3659 1805 τὸν

2073 1840 2165 1891 ἐπὶ
2191 1841 2410 1892 πάντων
2437 1839 2556 1892 θεὸν
2591 1839 2825 1909 μέλλωσι
2847 1841 3193 1909 προσκυνεῖν·
3215 1837 3433 1906 εὔδηλον
3456 1839 3537 1890 ὅτι
3561 1838 3653 1907 βα-

2075 1924 2302 1985 σκανίας
2331 1926 2364 1992 ἡ
2395 1922 2580 1988 δίωξις
2606 1918 2695 1991 ἦν,
2727 1922 2821 1976 καὶ
2847 1923 2941 1975 τοῦ
2968 1926 3144 1993 μισεῖν
3165 1923 3256 1975 τὸν
3292 1921 3442 1975 Θεόν.
3471 1920 3565 1973 Διά
3591 1921 3656 1992 δὴ

2071 2004 2229 2058 τοῦτο
2258 2005 2351 2058 δύο
2378 2004 2591 2076 τίθησιν
2618 2006 2801 2067 αἰτίας
2823 2004 2931 2057 τῶν
2956 2005 3285 2076 εἰρημένων,
3315 2005 3409 2057 καὶ
3439 2004 3657 2075 πρῶτον

2075 2088 2172 2157 μὲν
2208 2088 2307 2158 τὴν
2354 2089 2747 2159 χρηστοτέραν,
2778 2088 2951 2155 λέγων
2972 2088 3021 2149 Ιί,
3078 2088 3212 2141 Ἵνα
3237 2085 3492 2155 σωθῆτε,
3538 2088 3654 2152 καὶ,

2074 2169 2206 2225 Ἵνα
2224 2169 2376 2239 ζωὴν
2394 2170 2593 2239 ἔχητε·
2614 2170 2801 2241 ἐπειδὴ
2823 2170 2878 2222 δέ
2905 2170 3128 2239 ἔμελλον
3162 2169 3322 2223 αὑτὸν
3351 2168 3652 2239 χλευάζειν,

2068 2253 2252 2322 τίθησι
2288 2253 2383 2307 καὶ
2416 2254 2515 2325 τὴν
2545 2254 3018 2325 πληκτικωτέραν,
3055 2253 3271 2316 δεικνὺς
3304 2253 3384 2305 ὃτι
3423 2254 3528 2305 κᾶν
3576 2253 3653 2323 μὴ

2069 2338 2359 2391 πείθωνται
2384 2339 2432 2389 οἰ
2483 2338 2791 2403 ἀκούοντες,
2826 2337 2894 2390 τά
2949 2336 3117 2390 αὑτοῦ
3143 2339 3171 2389 6
3213 2337 3345 2400 Θεὸς
3375 2336 3652 2408 πανταχοῦ

2069 2424 2240 2475 ποιεῖν
2276 2421 2489 2475 εἴωθεν.

2139 2502 2207 2576 β’.
2244 2506 2302 2557 '0
2329 2505 2427 2576 μὲν
2449 2501 2541 2559 οὖν
2558 2504 2769 2569 Παῦλος
2791 2506 2919 2576 περὶ
2940 2504 3035 2558 τοῦ
3058 2506 3399 2577 ἀντιχρίστου
3419 2504 3653 2574 διαλεγό-

2070 2607 2249 2660 μενος,
2284 2590 2641 2662 προφητικῶς
2671 2587 2841 2652 εἶπεν,
2868 2591 2949 2643 ὅτι
2981 2592 3206 2659 Πέμψει
3228 2592 3431 2658 αὐτοῖς
3452 2595 3483 2645 ό
3506 2590 3650 2656 Θεὸς

2063 2672 2367 2743 ἐνέργειαν
2393 2673 2653 2740 πλάνης,
2678 2674 2779 2727 ἵνα
2822 2673 3065 2741 κριθῶσι
3101 2675 3323 2740 πάντες
3356 2678 3410 2728 οἰ
3435 2675 3520 2743 μὴ
3552 2689 3647 2728 πι-

2064 2758 2436 2822 στεύσαντες
2466 2757 2542 2824 τῇ
2575 2757 2859 2824 ἀληθείᾳ,
2912 2758 3049 2811 ἀλλ’
3076 2757 3521 2823 εὐδοκήσαντες
3573 2756 3650 2825 τῇ

2064 2839 2283 2907 ἀδικίᾳ.
2329 2839 2386 2892 '0
2416 2840 2472 2892 δὲ
2505 2841 2734 2911 Χριστὸς
2767 2840 2867 2892 οὑκ
2900 2837 3051 2893 εἶπεν
3082 2842 3163 2893 ὅτι
3190 2842 3336 2911 ἥξει·
3364 2840 3497 2905 ἀλλ’,
3516 2840 3651 2893 Ἐὰν

2062 2922 2232 2991 ἔλθῃ,
2270 2923 2582 2992 φειδόμενος
2632 2922 2742 2974 τῶν
2791 2923 3118 2977 ἀκουόντων.
3160 2923 3461 2993 Ἐπειδὴδέ
3496 2922 3650 2975 οὔπω

2063 3008 2212 3060 πᾶσα
2250 3006 2633 3078 ἀπηρτισμένη
2689 3002 2757 3077 ἦν
2807 3006 3045 3077 αὑτῶνὴ
3095 3007 3474 3076 ἀγνωμοσύνη,
3506 3006 3594 3059 διὰ
3626 3004 3645 3044 ἶ

2060 3089 2219 3143 τοῦτο
2238 3091 2398 3153 αὐτὸς
2425 3090 2525 3160 μὲν
2551 3089 2650 3161 τὴν
2687 3088 2868 3143 αἰτίαν
2899 3089 3155 3157 ἐσίγησεν
3183 3090 3347 3143 αὑτοῦ
3376 3091 3472 3159 τῆς
3503 3107 3646 3161 παρ-

2060 3174 2274 3236 ουσίας·
2300 3176 2328 3227 6
2358 3174 2414 3226 δὲ
2466 3173 2672 3237 Παῦλος
2718 3176 2832 3236 τοῖς
2873 3173 3189 3243 δυναμένοις
3240 3174 3468 3227 συνιδεῖν
3508 3174 3647 3244 μετὰ

2059 3259 2345 3330 ἀκριϐείας
2405 3258 2576 3329 αὑτὴν
2624 3258 2863 3329 ᾐνίξατο.
2917 3259 3028 3311 Καὶ
3062 3258 3171 3329 γάρ
3203 3258 3409 3322 ἐκεῖνός
3446 3260 3592 3311 ἐστιν
3617 3262 3646 3312 6

2060 3344 2240 3395 πᾶσαν
2260 3342 2556 3409 ἀπολογίαν
2579 3344 2761 3404 αὑτοῖς
2792 3341 3212 3412 ἀφαιρούμενος.
3252 3338 3386 3395 Εἶτα
3426 3344 3521 3395 καί
3545 3343 3644 3412 τὴν

2060 3425 2237 3478 αἰτίαν
2281 3427 2381 3496 τῆς
2429 3427 2687 3491 ἀπιστίας
2740 3426 2919 3481 αὑτῶν
2962 3427 3193 3497 τίθησιν,
3233 3427 3481 3493 ἐπάγων·
3512 3426 3645 3492 Πῶς

2059 3508 2326 3561 δύνασθε
2383 3511 2710 3574 πιστεύειν,
2755 3510 2943 3573 δόξαν
2985 3509 3100 3576 τὴν
3142 3509 3301 3576 παρὰ
3355 3510 3643 3575 ἀλλήλων

2058 3591 2482 3660 λαμϐάνοντες,
2508 3593 2603 3645 καὶ
2629 3593 2745 3659 τὴν
2779 3592 2965 3657 δόξαν
2990 3592 3104 3659 τὴν
3126 3595 3285 3659 παρὰ
3311 3592 3415 3645 τοῦ
3449 3593 3641 3661 μόνον

2060 3673 2208 3728 Θεοῦ
2230 3677 2301 3727 οὺ
2326 3673 2673 3741 ζητοῦντες;
2698 3666 2789 3727 καὶ
2814 3675 3060 3728 ἐντεῦθεν
3086 3674 3454 3746 [ἩΞηδεικνὺς
3477 3675 3639 3727 πάλιν

2057 3758 2138 3811 ὅτι
2158 3758 2215 3809 οὑ
2238 3759 2305 3810 τὰ
2327 3758 2419 3809 τοῦ
2435 3757 2567 3810 Θεοῦ
2588 3759 2870 3823 ἐσκόπουν,
2890 3759 3001 3810 ἀλλ’
3026 3762 3080 3811 ἐν
3104 3760 3448 3829 προσχήματι
3469 3758 3642 3809 τοιού-

2055 3857 2133 3911 τῳ
2167 3841 2226 3893 τὸ
2254 3842 2449 3892 οἰκεῖον
2474 3840 2754 3893 ἐϐούλοντο
2778 3840 2947 3904 πάθος
2976 3841 3226 3894 ἐκδικεῖν.
3253 3842 3362 3894 Καὶ
3386 3842 3493 3911 γὰρ
3512 3858 3639 3892 τοσο

2054 3922 2208 3975 οῦτον
2228 3932 2268 3959 ω
2294 3924 2516 3993 ἀπεῖχον
2537 3923 2622 3976 διά
2652 3923 2748 3994 τὴν
2772 3922 2937 3977 αὑτοῦ
2964 3925 3118 3991 δόξαν
3146 3928 3317 3978 ποιεῖν
3338 3924 3529 3985 ταῦτα,
3558 3925 3638 3977 ὅτι

2054 4007 2206 4059 αὑτοὶ
2242 4007 2340 4077 τὴν
2372 4007 2719 4077 ἀνθρωπίνην
2745 4008 2974 4078 ᾑροῦντο
3005 4009 3201 4078 μᾶλλον
3223 4009 3255 4079 ἢ
3278 4008 3375 4079 τὴν
3405 4009 3634 4062 ἐκείνου.

2055 4089 2179 4152 Πῶς
2199 4085 2291 4141 οὖν
2308 4089 2530 4159 ἔμελλον
2547 4085 2691 4143 οῦτοι
2715 4092 2853 4161 ὑπὲρ
2872 4092 3045 4161 αὑτῆς
3062 4092 3417 4162 ἀναδέχεσθαι
3442 4092 3637 4144 τοσαύ-

2053 4190 2151 4242 την
2184 4172 2496 4241 ἀπέχθειαν,
2529 4169 2596 4244 ἦς
2634 4174 2776 4227 οὓτω
2806 4175 3193 4244 κατεφρόνουν,
3223 4176 3362 4228 ὥστε
3406 4176 3501 4228 καὶ
3545 4176 3638 4227 ἀν-

2055 4254 2332 4326 θρωπίνην
2360 4256 2543 4325 αὐτῆς
2563 4259 2835 4327 προτιμᾷν
2862 4274 2875 4321 ;
2911 4257 3094 4311 Εἰπὼν
3110 4258 3166 4311 δὲ
3194 4260 3275 4311 ὅτι
3303 4259 3399 4329 τὴν
3416 4260 3635 4326 ἀγάπην

2052 4338 2146 4391 τοῦ
2169 4338 2302 4391 Θεοῦ
2324 4341 2422 4391 οὑκ
2458 4338 2659 4407 ἔχουσι,
2694 4340 2785 4392 καὶ
2816 4341 3101 4406 ἀποδείξας
3120 4342 3277 4394 τοῦτο
3314 4342 3402 4393 διὰ
3431 4341 3635 4393 τούτων

2055 4423 2351 4492 ἑκατέρων,
2388 4423 2477 4475 διά
2508 4440 2567 4475 τε
2598 4422 2709 4474 τῶν
2740 4424 2820 4484 εἰς
2865 4424 3026 4477 αὑτὸν
3069 4425 3386 4494 γινομένων,
3419 4425 3512 4477 καὶ
3545 4424 3634 4477 διὰ

2053 4505 2163 4558 τῶν
2192 4507 2271 4567 εἰς
2302 4505 2392 4558 τὸν
2422 4506 2764 4575 ἀντίχριστον
2791 4508 3084 4576 ἐσομένων,
3119 4510 3212 4561 καὶ
3236 4508 3510 4575 διελέγξας
3538 4525 3636 4559 σα-

2053 4586 2168 4654 φῶς
2195 4588 2276 4639 ὅτι
2300 4597 2329 4624 ιι
2359 4588 2538 4657 πάσης
2554 4589 2689 4640 εἰσὶν
2710 4590 3143 4659 ἀπεστερημένοι
3171 4590 3516 4661 συγγνώμης,
3540 4590 3632 4642 οὑ-

2051 4686 2157 4734 τως
2189 4672 2370 4735 αὑτοῖς
2393 4672 2645 4743 ἐφίστησι
2674 4674 2765 4724 καὶ
2793 4672 2883 4725 τὸν
2918 4674 3156 4725 Μωῦσέα
3180 4677 3481 4745 κατήγορον
3534 4676 3631 4726 ἐπ-

2052 4754 2220 4822 άγων,
2245 4757 2338 4808 καὶ
2363 4756 2552 4823 λέγων·
2585 4758 2680 4823 Μὴ
2713 4757 2939 4810 δοκεῖτε
2971 4757 3059 4809 ὅτι
3096 4757 3210 4827 ἐγὼ
3242 4758 3631 4826 καττηυρήσω

2049 4836 2215 4907 ὑμῶν
2245 4841 2390 4905 πρὸς
2426 4843 2532 4891 τὸν
2557 4838 2787 4907 Πατέρα
2805 4858 2818 4870 ·
2849 4840 3022 4894 ἔστιν
3049 4843 3081 4893 ὀ
3107 4842 3446 4911 κατηγορῶν
3464 4841 3630 4910 ὑμῶν

2050 4920 2328 4987 Μωϋσῆς,
2353 4925 2437 4987 εἰς
2454 4922 2526 4974 ὃν
2546 4922 2712 4991 ὑμεῖς
2734 4925 3049 4989 ἠλπίκατε.
3070 4926 3138 4976 Εἰ
3161 4925 3267 4993 γὰρ
3287 4926 3629 4978 ἐπιστεύετε

2049 5004 2303 5069 Μωεισεῖ,
2318 5006 2660 5058 ἐπιστεύετε
2683 5005 2760 5058 ἂν
2777 5007 2928 5074 ἐμοί·
2951 5007 3083 5074 περί
3105 5007 3249 5076 ἐμοῦ
3277 5010 3384 5076 γὰρ
3400 5008 3630 5076 ἐκεῖνος

2047 5086 2330 5156 ἔγραψεν.
2365 5092 2434 5141 Εἰ
2489 5088 2556 5140 δὲ
2600 5088 2723 5153 τοῖς
2768 5090 3003 5143 ἐκείνου
3038 5091 3375 5159 γράμμασιν
3425 5094 3496 5145 οὐ
3534 5107 3628 5145 πι-

2046 5172 2309 5232 στεύετε.
2336 5171 2460 5236 πῶς
2486 5172 2610 5235 τοῖς
2634 5172 2796 5240 ἐμοῖς
2815 5174 3049 5242 ῥήμασι
3088 5176 3434 5237 πιστεύετε;
3460 5174 3535 5227 ’Ὃ
3570 5176 3625 5228 δὲ

2046 5253 2215 5321 λέγει,
2240 5254 2477 5308 τοιοῦτόν
2504 5257 2617 5307 ἐστι
2638 5272 2650 5284 ·
2682 5257 2793 5326 Πρὸ
2836 5257 2971 5326 ἐμοῦ
3002 5258 3205 5320 ἐκεῖνός
3234 5261 3379 5311 ἐστιν
3408 5260 3434 5310 6
3470 5258 3626 5328 ὑϐρι-

2048 5337 2243 5407 σμένος
2276 5340 2332 5390 ἐν
2358 5340 2468 5399 τοῖς
2492 5339 2569 5400 εἰς
2598 5339 2716 5407 ἐμέ.
2755 5340 2978 5392 Μωῡσεῖ
3015 5340 3122 5410 γάρ
3154 5340 3353 5411 μᾶλλον
3387 5328 3645 5411 ὴπιστή-’

2048 5438 2175 5473 σατε
2213 5422 2247 5491 ἢ
2295 5421 2435 5491 ἐμοί.
2464 5421 2605 5490 Ὅρα
2640 5420 2757 5484 πῶς
2803 5423 3134 5492 πανταχόθεν
3200 5422 3379 5492 πάσης
3428 5422 3633 5486 αὐτοὺς,

2045 5502 2297 5567 ἐξέϐαλεν
2324 5502 2634 5571 ἀπολογίας.
2660 5505 2791 5557 Θεὸν
2819 5506 3033 5573 ἐλέγετε
3059 5506 3277 5574 ἀγαπᾷν
3311 5506 3368 5559 ἐν
3393 5505 3471 5577 τῷ
3494 5504 3637 5575 διώκη

2043 5601 2159 5641 κειν
2209 5604 2297 5656 με,
2342 5588 2533 5656 φησίν·
2588 5588 2760 5652 ἐδειξα
2800 5589 2880 5641 ὃτι
2937 5588 3218 5658 μισοῦντες
3264 5588 3425 5641 αὑτὸν
3463 5588 3622 5643 τοῦτο

2109 5683 2125 5722 i
2157 5683 2278 5747 Mor.
2314 5684 2610 5747 ἀντιχρίστου
2631 5685 2779 5732 ποιεῖν
2798 5686 2919 5747 ὑμᾶς
2944 5683 3086 5733 τοῦτο
3114 5685 3199 5734 δεῖ.
3274 5686 3289 5737 i
3320 5686 3490 5735 Morel.
3531 5689 3617 5746 τὴν

2109 5700 2125 5722 ι
2157 5700 2278 5731 mor.
2314 5700 2610 5793 αντιχρὶστου
2631 5702 2779 5732 ποιειν
2798 5700 2919 5747 υμας
2944 5701 3086 5733 τουτο
3114 5700 3199 5734 οει.
3274 5700 3289 5737 l
3320 5700 3490 5735 morel.
3531 5700 3617 5746 τήν

2044 5745 2320 5811 βασκανίαν.
2383 5746 2418 5811 ΑΒ
2461 5808 2477 5811 _
2495 5748 2722 5811 orelgﬁv
2738 5747 3042 5811 χρηστότητα
3065 5749 3232 5811 λέγων,
3266 5754 3318 5798 et
3339 5750 3486 5809 paulo
3506 5757 3617 5811 post

2041 5806 2298 5867 χλευάζειν,
2319 5807 2400 5854 καὶ
2424 5808 2549 5855 οὕτω
2572 5806 2786 5864 τίθησιζ“
2812 5808 2829 5847 ι
2862 5808 3010 5857 Savil.
3035 5806 3221 5857 οὐδέπω
3242 5806 3432 5859 πᾶσα...
3458 5806 3613 5858 αὑτῶν

2039 5868 2069 5922 ἡ
2085 5867 2441 5934 ᾐάγνωμοσλύνη,
2465 5869 2563 5934 διά.
2586 5869 2755 5934 More].
2789 5870 2930 5934 οὔπω
2943 5870 3153 5934 πάντῃ...
3180 5873 3335 5920 αὐτῶν
3356 5875 3385 5929 ἡ
3413 5873 3615 5934 πονηρία

2038 5933 2208 5998 πᾶσα..
2254 5938 2292 5960 ιι
2316 5927 2841 5998 83νί1.ῌκαί·τοσοῦτον.
2904 5930 2935 5963 ³⁸
2966 5927 3136 5983 Morél.
3167 5927 3421 5998 ἐσομέιων,
3462 5927 3612 5982 itif:

2043 5989 2272 6051 διελέγξας
2310 5992 2523 6055 σφοδρῶς
2552 5992 2641 6043 ὅτι.
