4100 6364
440 312 546 368 237

445 427 670 481 ποιεῖτε.
696 424 896 493 Λέγετε
925 422 1072 479 λύειν
1104 440 1171 493 με
1199 424 1260 477 τὸ
1289 421 1578 487 σάϐϐατον,
1606 421 1701 475 καὶ
1728 419 2030 491 παραλύειν

443 512 534 563 τὸν
564 510 753 578 νόμον·
788 508 1182 578 ἀπεδυσάμηνι
1214 508 1307 560 καὶ
1322 506 1525 575 ταύτην
1543 506 1642 575 τὴν
1671 504 2027 575 κατηγορίαν.

442 592 847 665 Διισχυρίζεσθε
874 593 1098 645 Μωῦσεῖ
1119 590 1397 643 πιστεύειν
1418 590 1485 643 δι’
1502 583 1577 643 ὧν
1607 591 1726 643 κατ’
1756 588 1889 659 ἐμοῦ
1915 586 2032 640 τολ-

448 681 613 750 μᾶτε·
646 677 893 745 δείκνυμι
925 674 1085 727 πάλιν
1123 674 1204 726 ὅτι
1230 673 1387 726 τοῦτο
1417 674 1514 744 μὲν
1536 669 1629 727 οῦν
1654 675 1770 726 ἐστι
1801 671 2035 742 μάλιστα

448 764 523 833 μὴ
552 760 825 814 πιστεύειν
850 758 927 829 τῷ
964 759 1207 811 Μωῦσεί.
1228 756 1480 828 Τοσούτῳ
1508 756 1617 828 γάρ
1646 758 1751 810 δέω
1794 756 1852 822 ἐξ
1885 758 2039 809 ἐναν-

446 848 567 910 τίας
605 847 761 915 ἣκειν
789 843 867 914 τῷ
889 842 1060 912 νόμῳ,
1096 844 1175 895 ὅτι
1206 842 1328 895 οὐδὲ
1367 841 1515 895 ἐστιν
1542 841 1699 905 ἄλλος
1726 858 1810 904 τις
1846 841 1874 893 ὁ
1907 857 2039 893 κατ-

447 934 735 1002 ηγορήσων
756 927 930 998 ὑμῶν.
958 926 1072 979 ἀλλ’
1103 926 1137 995 ἦ
1162 927 1323 988 αὐτὸς
1354 927 1383 979 ό
1412 927 1504 980 τὸν
1534 927 1696 996 νόμον
1720 926 1846 997 ὑμῖν
1871 925 2036 978 δεδω-

448 1014 577 1078 κώς.
616 1014 825 1081 Ὥσπερ
857 1006 951 1063 οῦν
986 1009 1115 1081 περὶ
1151 1009 1260 1062 τῶν
1284 1010 1514 1080 Γραφῶν
1549 1008 1759 1077 ἔλεγενο
1809 1010 1912 1062 Ἐν
1943 1002 2039 1071 αἷς

447 1096 675 1151 δοκεῖτε
697 1095 850 1161 ζωὴν
864 1092 1107 1147 αἰώνιον
1128 1094 1310 1160 ἔχειν’
1334 1091 1476 1145 οὕτω
1496 1093 1739 1164 καὶ-περὶ
1762 1091 2039 1153 Μωῦσέως

449 1182 632 1252 φησὶν,
650 1182 753 1244 Εις
771 1177 843 1231 ὃν
859 1178 1025 1245 ὑμεῖς
1038 1178 1188 1243 ἡλπί
1192 1193 1353 1237 κατε,
1370 1175 1480 1229 ἀπὸ
1493 1176 1601 1227 τῶν
1617 1175 1832 1228 οἰκείων
1844 1174 2039 1239 αὐτοὺς

449 1264 801 1336 χειρούμενος
835 1262 1133 1331 πανταχοῦ.
1185 1261 1294 1313 Καὶ
1327 1260 1488 1313 πόθεν
1516 1258 1694 1330 δῆλον,
1744 1258 1927 1329 φησὶν,
1957 1258 2040 1310 ὅτι

448 1348 818 1417 κατηγορήσει
846 1346 1107 1415 Μωῦσῆς.
1140 1344 1235 1397 καὶ
1273 1343 1334 1396 οὐ
1365 1342 1704 1414 κομπάζεις;
1739 1341 1792 1393 τί
1822 1341 1929 1411 γὰρ
1959 1340 2041 1394 σοι

451 1432 544 1485 καὶ
568 1431 789 1484 Μωῦσεῖ
815 1427 1011 1492 κοινόνς
1034 1428 1107 1480 Τὸ
1139 1427 1404 1480 σάϐϐατον
1430 1426 1645 1490 ἔλυσας,
1675 1427 1811 1495 ὅπερ
1836 1426 2041 1486 ἐκεῖνος

452 1514 812 1583 ἐνομοθέτησε
845 1514 1095 1583 κρατεῖν·
1128 1511 1245 1574 πῶς
1272 1508 1363 1565 οὖν
1397 1511 1552 1582 ήμῶν
1578 1512 1784 1571 ἐκεῖνος
1810 1524 2045 1578 κατηγο-

455 1603 671 1672 ρήσειε;
709 1596 877 1650 Πόθεν
905 1596 961 1649 δὲ
986 1594 1143 1664 δῆλον
1175 1596 1256 1647 ὅτι
1292 1595 1386 1648 καὶ
1424 1596 1503 1657 είς
1528 1593 1684 1647 ἄλλον
1703 1592 1730 1631 1³
1757 1591 2045 1645 πιστεύσο-

454 1703 556 1755 μεν
579 1683 667 1737 τὸν
700 1682 813 1752 ἰδίῳ
834 1682 1056 1750 ὀνόματι
1083 1680 1283 1747 ἥξοντα
1303 1696 1317 1741 ;
1336 1678 1522 1731 Ταῦτα
1537 1678 1645 1749 γάρ
1663 1677 1840 1730 πάντα
1863 1676 2047 1746 ἀμάρ-

452 1785 591 1839 τυρα
613 1767 810 1833 λέγεις.
837 1766 947 1818 Καὶ
978 1764 1086 1835 μὴν
1118 1764 1334 1817 ἅπαντα
1354 1764 1526 1815 ταῦτα
1560 1763 1767 1816 ἀνωθεν
1805 1760 1919 1831 ἔχει
1946 1760 2045 1830 τήν

454 1852 820 1921 κατασκευήν.
862 1850 1031 1902 Ὅταν
1086 1848 1197 1919 7&9
1252 1847 1583 1917 ὁμολογηθῇ,
1634 1848 1714 1899 ὅτι
1769 1845 1918 1916 παρά
1951 1844 2044 1897 τοῦ

454 1934 588 1989 Θεοῦ
610 1931 770 2004 ἦλθον
800 1932 908 1987 ἀπὸ
935 1931 1043 1984 τῶν
1074 1932 1271 2001 ἔργων,
1305 1932 1412 1983 ἀπὸ
1442 1932 1542 1997 τῆς
1567 1929 1751 1999 φωνῆς
1774 1928 2044 1994 Ἰωάννου,

453 2020 563 2073 ἀπὸ
588 2019 685 2087 τῆς
714 2016 1020 2088 μαρτυρίας
1051 2016 1145 2068 τοῦ
1176 2016 1409 2084 Πατρὸς,
1450 2014 1669 2085 εὔδηλον
1695 2016 1776 2067 ὅτι
1807 2014 2046 2081 Μωῦσῆς

457 2103 637 2156 αὐτῶν
668 2102 1057 2171 κατηγορήσει.
1100 2100 1166 2151 Τί
1218 2100 1327 2169 γάρ
1358 2101 1563 2161 ἐκεῖνος
1595 2093 1779 2161 εἶπεν;
1816 2092 1903 2169 ἆρ’
1949 2097 2047 2165 οὺχ

457 2189 539 2241 ὅτι
565 2187 660 2240 ἐάν
676 2185 804 2258 ἔλθῃ
819 2201 900 2247 τις
920 2186 1123 2253 σημεῖα
1144 2182 1332 2243 ποιῶν,
1348 2182 1438 2234 καὶ
1461 2182 1596 2251 πρὸς
1614 2181 1705 2235 τὸν
1724 2180 1855 2249 Θεὸν
1876 2180 2043 2247 άγων,

458 2271 554 2325 καὶ
576 2270 647 2323 τά
676 2269 936 2340 μέλλοντα
968 2268 1248 2335 προλέγων
1290 2266 1426 2336 μετὰ
1465 2265 1741 2335 ἀληθείας,
1775 2263 1912 2335 μετά
1940 2264 2047 2317 πά-

460 2371 560 2424 σης
592 2351 888 2407 ὑπακούειν
909 2348 1058 2421 αὐτῷ
1089 2349 1195 2420 χρὴ
1218 2350 1316 2419 τῆς
1337 2347 1585 2413 πειθοῦς;
1624 2349 1680 2400 Ὀ
1709 2347 1886 2400 τοίνυν
1913 2348 2051 2417 Χριο

461 2440 586 2502 στὸς
618 2437 693 2509 μὴ
717 2436 778 2490 οὐ
820 2436 997 2489 πάντα
1024 2435 1197 2488 ταῦτα
1226 2434 1520 2505 πεποίηκε;
1551 2432 1660 2486 Καὶ
1690 2431 1800 2503 7&9
1849 2434 2049 2500 σημεῖα

458 2525 754 2595 εἰργάσατο
793 2523 931 2593 μετὰ
982 2519 1243 2593 ἀληθείας
1289 2520 1530 2588 ἀπάσης,
1587 2519 1679 2571 καὶ
1723 2518 1861 2589 πρὸς
1916 2518 2049 2570 Θεὸν

461 2610 706 2671 ἅπαντας
722 2600 888 2668 εἷλκε,
912 2606 1003 2659 καὶ
1020 2615 1042 2643 ο
1071 2606 1191 2667 ταῖς
1215 2604 1553 2675 προρρήσεσι
1582 2602 1644 2653 τὸ
1667 2602 1819 2663 τέλος
1842 2602 2051 2671 ἐπήγα-

459 2711 576 2765 γεν.
624 2691 782 2747 Ἀλλά
813 2689 975 2743 πόθεν
1003 2688 1162 2758 δῆλον
1194 2688 1273 2741 ὅτι
1301 2688 1475 2758 ἐτέρῳ
1513 2685 1923 2749 πιστεύσουσιν;
1957 2685 2052 2738 Ἐκ

460 2777 556 2831 τοῦ
588 2778 679 2829 τὸν
700 2774 935 2845 Χριστὸν
971 2774 1169 2844 μισεῖν.
1187 2771 1374 2841 Οίγάρ
1392 2772 1482 2823 τὸν
1515 2770 1651 2839 μετά
1678 2769 1774 2837 τῆς
1802 2767 1894 2822 τοῦ
1916 2767 2050 2830 Θεοῦ

462 2860 689 2931 γνώμης
726 2860 930 2928 ἥκοντα
962 2855 1453 2923 ἀποστρεφόμενοι,
1491 2852 1712 2922 εῦδηλον
1733 2853 1813 2905 ὃτι
1840 2852 1934 2905 καὶ
1962 2851 2052 2905 τὸν

462 2944 708 3001 ἀντίθεον
729 2942 967 3008 δέξονται
996 2938 1149 3012 [246]
1166 2941 1224 2991 Εἰ
1236 2939 1292 2992 δὲ
1308 2938 1546 2993 Μωῦσέα
1561 2937 1655 2991 νῦν
1668 2936 2050 3002 προϐάλλεται,

466 3028 642 3083 καίτοι
670 3025 861 3089 εἰπὼν,
892 3025 1036 3094 Ἐγὼ
1060 3024 1218 3091 παρὰ
1247 3023 1563 3091 ἀνθρώπου
1584 3022 1700 3092 τὴν
1722 3023 2056 3092 μαρτυρίαν

464 3116 540 3169 οὐ
572 3110 876 3180 λαμϐάνω,
912 3110 985 3180 μὴ
1037 3107 1360 3178 θαυμάσῃςο
1394 3106 1516 3161 ούδέ
1542 3107 1650 3177 7&9
1681 3108 1762 3169 είς
1791 3106 2052 3170 Μωῦσὲα,

467 3197 583 3255 ἀλλ’
624 3198 703 3257 είς
731 3194 799 3246 τά
828 3191 923 3246 τοῦ
950 3191 1084 3245 Θεοῦ
1123 3191 1425 3262 γράμματα
1455 3190 1653 3254 αὐτοὺς
1669 3190 2051 3260 παραπέμπει.

469 3280 616 3351 Πλὴν
644 3278 758 3335 ἀλλ’
791 3275 977 3347 ἐπειδὴ
1008 3276 1065 3329 αἱ
1090 3276 1306 3346 Γραφαὶ
1332 3274 1551 3329 ἔλαττον
1580 3275 1779 3338 αὐτοὺς
1806 3274 2053 3343 ἐφόϐουν,

468 3367 550 3428 είς
583 3365 644 3417 τὸ
669 3363 957 3434 πρόσωπον
986 3359 1119 3413 αὐτὸ
1147 3360 1402 3430 περιάγει
1435 3358 1528 3411 τὸν
1559 3357 1739 3427 λόγον,
1768 3358 1859 3411 τὸν
1892 3374 2056 3426 νομο-

468 3449 632 3518 θέτην
663 3447 824 3502 αὑτὸν
847 3446 1031 3507 αὐτοῖς
1061 3443 1285 3511 ἐφιστάς
1309 3443 1636 3513 κατήγορον,
1661 3442 1753 3496 καὶ
1779 3442 1912 3495 πολὺ
1937 3459 2059 3512 φρι-

471 3532 805 3603 κωδέστερον
820 3527 998 3584 οὕτωά
1016 3528 1076 3581 τὸ
1091 3527 1208 3591 δέος
1232 3526 1418 3588 ποιῶν,
1438 3526 1531 3579 καὶ
1548 3525 1775 3580 ἕκαστον
1794 3525 1904 3579 τῶν
1927 3527 2055 3597 παρ’

470 3615 650 3672 αὐτῶν
677 3613 985 3683 λεγομένων
1008 3611 1238 3682 ἐλέγχει.
1264 3610 1461 3663 Σκόπει
1486 3609 1565 3662 δέ·
1600 3608 1823 3677 Ἔλεγον
1849 3608 1935 3662 διά
1958 3609 2058 3679 τὴν

472 3703 553 3765 είς
583 3701 674 3753 τὸν
699 3698 830 3751 Θεὸν
860 3697 1079 3766 ἀγάπην
1112 3694 1326 3748 διώκειν
1357 3693 1546 3747 αὐτόν·
1569 3692 1840 3746 δείκνυσιν
1862 3693 1943 3751 ὃτι
1971 3691 2059 3745 διὰ

470 3784 533 3837 τὸ
570 3784 747 3853 μισεῖν
805 3780 896 3834 τὸν
944 3778 1077 3832 Θεὸν
1122 3778 1283 3831 τοῦτο
1333 3777 1596 3830 ποιοῦσιν.
1677 3776 1902 3843 Ἔλεγον
1936 3777 2060 3829 ἀντ-

472 3867 693 3938 έχεσθαι
726 3864 1026 3926 Μωῦσέωςυ
1049 3862 1320 3916 δείκνυσιν
1348 3861 1429 3914 δτι
1460 3860 1548 3914 διά
1579 3860 1640 3913 τὸ
1678 3860 1753 3931 μὴ
1786 3859 2059 3915 πιστεύειν

475 3952 701 4009 Μωῦσεῖ
729 3947 905 4002 ταῦτα
944 3946 1232 4018 ἔπραττον.
1268 3947 1331 3999 El
1360 3945 1470 4017 7&9
1492 3945 1584 3998 τὸν
1606 3944 1768 4016 νόμον
1810 3945 2057 4015 ἐζήλουν,

476 4037 583 4095 εδει
635 4033 887 4099 δέξασθαι
945 4031 1037 4084 τὸν
1079 4032 1284 4083 ἐκεῖνον
1332 4028 1674 4099 πληροῦντα’
1713 4030 1763 4083 εί
1791 4029 1884 4084 τὸν
1929 4029 2062 4083 Θεὸν

386 4148 387 4153 η
474 4121 726 4191 ἠγάπων,
761 4116 867 4169 εδει
890 4113 1179 4185 πεισθῆναι
1216 4112 1296 4183 τῷ
1332 4112 1468 4185 πρὸς
1507 4114 1712 4167 ἐκεῖνον
1744 4113 1987 4167 ἕλκοντι·
2014 4114 2063 4167 εί

480 4204 701 4262 Ηωῦσεῖ
716 4201 1023 4262 ἐπίστευον,
1062 4198 1171 4251 εδει
1212 4197 1588 4268 προσκυνῆσαι
1608 4199 1700 4251 τὸν
1735 4200 1826 4252 ὑπ’
1856 4198 2063 4252 ἐκείνου

480 4285 979 4358 προφητευόμενον.
1009 4283 1072 4335 Et
1099 4281 1157 4336 δέ
1194 4282 1399 4345 ἐκεῖνος
1424 4282 1736 4336 ἀπιστεῖται
1768 4282 1875 4352 πρὸ
1906 4280 2062 4353 ἐμοῦ,

481 4370 636 4426 οὐδὲν
671 4369 898 4432 ἀπεικὸς
944 4366 1039 4421 καί⁵
1071 4366 1169 4437 ἐμὲ
1204 4366 1296 4419 τὸν
1341 4366 1434 4419 ὑπ’
1462 4364 1627 4418 αὑτοῦ
1665 4364 2064 4437 κηρυττόμενον
2096 4422 2099 4423 ν

485 4452 804 4507 ἐλαύνεσθαι
837 4450 969 4521 παρ’
1009 4448 1183 4521 ὑμῶν.
1207 4449 1421 4521 Ὥσπερ
1442 4444 1535 4503 οὖν
1562 4451 1656 4502 καὶ
1690 4448 2065 4518 θαυμάζοντας

496 4537 749 4605 Ἰωάννην
781 4534 947 4598 ἔδειξε
975 4533 1447 4603 καταφρονοῦντας
1473 4532 1716 4586 Ἰωάννου
1748 4531 1835 4586 διὰ
1867 4533 2067 4595 τῶνείς

485 4621 647 4676 αὑτὸν
706 4617 1122 4689 γεγενημένωνο
1193 4615 1335 4669 οὕτω
1408 4614 1725 4685 νομίζοντας
1791 4613 2067 4668 πιστεύειν

484 4705 709 4759 Μωῦσεῖ
738 4702 1009 4754 δείκνυσιν
1032 4699 1414 4762 ἀπιστοῦντας,
1449 4698 1543 4751 καὶ
1563 4698 1649 4751 ἀεὶ
1673 4700 1754 4759 είς
1778 4696 1875 4768 τὴν
1894 4714 2067 4766 κεφα-

485 4788 583 4858 λὴν
615 4784 792 4839 αὐτῶν
839 4785 1159 4856 περιτρέπει
1218 4783 1415 4847 πάντα,
1455 4782 1599 4854 ἅπερ
1646 4781 1891 4851 ἐνόμιζον
1926 4781 2066 4853 ὑπὲρ

487 4870 695 4924 ἑαυτῶν
724 4868 1141 4937 προϐάλλεσθαι.
1193 4865 1457 4919 Τοσοῦτον
1490 4866 1598 4936 7&9
1637 4864 1844 4935 ἀπέχω,
1880 4865 2064 4934 φησὶν,

488 4956 799 5021 ἀπαγαγεῖν
835 4953 979 5021 ὑμᾶς
1005 4952 1099 5004 τοῦ
1132 4952 1318 5021 νόμου,
1339 4951 1420 5003 ὅτι
1452 4951 1544 5003 καὶ
1565 4948 1726 5002 αὑτὸν
1750 4948 1900 5001 καλῶ
1939 4965 2070 5001 κατ-

488 5042 685 5110 ήγορον
717 5037 870 5107 ὑμῶν
898 5037 989 5089 τὸν
1018 5036 1332 5107 νομοθέτην.
1367 5035 1486 5088 ’Ὁτι
1528 5034 1625 5104 μὲν
1650 5028 1742 5086 οὖν
1775 5035 1831 5085 αἱ
1860 5032 2070 5103 Γραφαὶ

493 5122 882 5195 μαρτυροῦσιν,
917 5116 1059 5172 εἷπε’
1076 5118 1176 5172 ποῦ
1205 5119 1261 5172 δὲ
1290 5119 1676 5189 μαρτυροῦσιν,
1703 5116 1883 5170 οὐκέτι
1904 5133 2071 5187 προσ-

489 5208 676 5280 έθηκε,
703 5206 795 5259 τὸν
820 5202 983 5273 φόϐον
1008 5201 1229 5273 μείζονα
1253 5202 1434 5265 αὐτοῖς
1464 5201 1691 5254 ἐνθεῖναι
1728 5199 2069 5270 βουλόμενος,

490 5294 585 5346 καὶ
615 5292 695 5348 είς
725 5289 949 5360 ἔρευναν
981 5285 1367 5357 παραπέμψαι,
1399 5285 1493 5337 καὶ
1512 5285 1593 5347 είς
1629 5283 1875 5355 ἀνάγκην
1904 5299 2070 5336 κατα⁶

493 5376 688 5446 στῆσαι
713 5376 1052 5447 ἐρωτήσεως.
1073 5372 1136 5425 Et
1154 5372 1251 5442 μὲν
1275 5370 1385 5442 γὰρ
1404 5366 1557 5423 εἶπεν
1569 5372 1633 5423 ἐκ
1646 5367 1742 5422 τοῦ
1758 5369 2070 5440 προχείρου,

492 5462 586 5516 καὶ
613 5460 748 5531 μηδέ
778 5457 1054 5531 ἐρωτῶσιν
1086 5456 1288 5519 αὐτοῖς,
1324 5453 1591 5508 ἀπέϐαλον
1629 5453 1697 5507 ἂν
1739 5452 1836 5525 τὴν
1870 5470 2075 5523 μαρτυ-

497 5545 621 5621 ρίαν
641 5560 655 5575 ο
687 5544 805 5596 νυνὶ
834 5542 890 5596 δὲ
933 5544 982 5595 εί
1014 5544 1300 5611 προσεῖχον
1321 5540 1431 5601 τοῖς
1468 5538 1797 5609 λεγομένοις,
1828 5538 1935 5591 ἔδει
1971 5536 2076 5609 πρὸ

495 5628 604 5682 τῶν
632 5630 807 5683 ἄλλων
843 5626 1000 5681 τοῦτο
1029 5626 1301 5697 ἐρωτῆσαι
1334 5635 1358 5662 θ
1391 5624 1484 5677 καὶ
1509 5623 1702 5697 μαθεῖν
1726 5622 1857 5691 παρ’
1887 5623 2074 5677 αὑτοῦ.

565 5742 593 5771 ⁸
633 5740 807 5790 Morel.
846 5741 1042 5789 ποιεῖτε.
1090 5738 1410 5802 Κατηγορεῖτε
1443 5737 1569 5802 λύειν
1595 5737 1695 5802 -τὸν
1726 5736 1895 5802 νόμον;
1939 5738 2077 5802 ἀπεδ.

504 5802 616 5865 Mox
662 5815 750 5864 pro
782 5802 1159 5865 διισχυρίζεσθε,
1204 5796 1301 5851 αίὶἶ
1336 5799 1658 5865 ὑπισχνεῖσθεἐ
1726 5796 1973 5865 ξΜοτεξΙ.
2016 5800 2081 5854 είς

506 5859 702 5914 ἐκεῖνον.
770 5864 793 5893 ⁸
840 5859 1013 5911 Μότέι.
1048 5859 1198 5913 εἷλκεν
1234 5864 1362 5911 ὥστε
1392 5859 1493 5909 καί.
1560 5859 1589 5899 ἀ
1626 5860 1778 5911 Savﬂ.
1818 5861 2080 5920 κατήγορον

501 5928 583 5973 καὶ
608 5924 1010 5987 ἐμφαντικώτερον
1042 5924 1186 5972 οὕτω.
1258 5937 1282 5966 ε
1308 5924 1404 5974 Alii
1424 5922 1515 5984 πρὸ
1536 5925 1631 5970 τῶν
1660 5923 1815 5971 ἄλλων
1837 5922 1915 5969 καὶ
1944 5922 2080 5985 σιγή-

503 6000 674 6039 σαντος
693 5990 911 6041 ζητῆσαι.

1190 311 1248 367 S.
1283 307 1569 365 JOANNIS
1604 304 2097 363 CHRYSOSTOMI
2141 306 2458 363 ARCHIEP.
2499 303 3045 363 CONSTANTINOP.

3609 304 3716 365 258

2136 420 2236 473 Διά
2269 422 2378 493 γάρ
2423 422 2580 475 τοῦτο
2633 422 2728 475 καὶ
2758 422 2816 475 ἐν
2852 424 2973 486 ταῖς
3018 424 3346 492 ἀποφάσεσι.
3378 422 3470 476 καὶ
3504 424 3561 477 ἐν
3598 428 3717 490 ταῖς

2137 503 2390 568 ἀπειλαῖς
2435 504 2717 569 πλεονάζει
2768 506 2987 577 μᾶλλον,
3031 507 3130 560 οὐκ
3170 508 3226 559 ἐν
3263 508 3381 569 ταῖς
3413 506 3718 572 ἀποδείξεσι

2143 591 2322 663 μόνον,
2355 590 2442 643 ἵνα
2489 590 2592 644 κᾶν
2646 590 2818 655 οὕτως
2852 592 3050 655 αὐτοὺς
3088 593 3435 662 ἐπαγάγηται
3466 592 3544 662 τῷ
3574 594 3720 662 φόϐῳ

2138 674 2247 727 τῶν
2279 673 2607 745 λεγομένων.
2638 675 2699 728 Ol
2733 674 2788 726 δέ
2815 674 2908 728 καὶ
2932 674 3074 728 οὕτω
3099 675 3309 743 σιγῶσι.
3337 676 3588 729 Τοιοῦτον
3614 677 3720 747 γὰρ

2138 759 2173 827 ἡ
2201 758 2463 829 πονηρία”
2494 759 2593 812 ὅσα
2618 758 2683 812 ἄν
2719 775 2804 821 τις
2844 757 2979 830 λέγῃ
3008 758 3101 811 καὶ
3135 761 3292 828 ποιῇ,
3341 758 3401 811 οὐ
3449 759 3719 814 διανίσταο

2138 860 2251 903 ται,
2282 842 2417 895 ἀλλά
2440 843 2589 914 μένει
2626 842 2716 895 τὸν
2745 843 2943 896 οίκεῖον
2978 844 3055 896 ίὸν
3074 842 3423 915 διατηροῦσα.

2210 934 2277 995 7'.
2296 926 2389 980 Διὸ
2405 928 2510 998 χρὴ
2527 928 2707 980 πᾶσαν
2725 928 2923 981 κακίαν
2939 928 3047 981 ἀπὸ
3067 928 3164 997 τῆς
3182 927 3360 997 ψυχῆς
3378 927 3719 992 ἐκϐαλόντας,

2144 1010 2347 1080 μηδένα
2376 1010 2597 1064 πλέκειν
2623 1010 2889 1081 μηδέποτε
2914 1010 3082 1064 δόλον.
3107 1011 3263 1078 Πρὸς
3287 1012 3395 1081 γὰρ
3420 1010 3559 1076 τοὺς
3583 1026 3725 1064 σκο-

2139 1096 2312 1161 λιοὺς
2334 1096 2586 1162 σκολιὰς
2611 1095 2791 1163 ὀδοὺς
2814 1094 2835 1135 ί
2864 1099 2897 1150 ὁ
2929 1096 3093 1162 Θεὸς,
3122 1096 3306 1166 φησὶν,
3338 1095 3722 1149 ἀποστέλλει.

2102 1234 2107 1237 _
2142 1179 2488 1248 Καὶ,⁹Ἀγιον
2520 1180 2757 1248 πνεῦμα
2794 1182 3015 1248 σοφίας
3052 1181 3337 1249 φεύξεται
3381 1180 3586 1242 δόλον,
3627 1180 3724 1232 καί

2142 1262 2636 1331 ἀπαναστήσεται
2652 1262 2769 1318 ἀπὸ
2783 1264 3088 1333 λογισμῶν
3097 1262 3600 1319 ἀσυνέτων.οὑδέν
3619 1265 3728 1336 γάρ

2142 1344 2285 1399 οὕτω
2325 1349 2470 1399 ποιεῖ
2491 1348 2727 1418 μωροὺς,
2758 1348 2833 1411 ὡς
2859 1346 3113 1420 πονηρία.
3134 1348 3301 1401 Ὅταν
3319 1348 3427 1416 γὰρ
3448 1343 3724 1416 ὓπουλοςῇ

2143 1446 2247 1493 τις.
2280 1430 2407 1482 ὅταν
2428 1430 2720 1501 ἀγνώμων,
2745 1431 2873 1485 ὅταν
2903 1430 3195 1503 ἀχάριστος
3221 1431 3413 1503 (ταῦτα
3428 1432 3483 1484 δὲ
3499 1432 3597 1502 τῆς
3628 1449 3726 1485 πο-

2144 1513 2337 1585 νηρίας
2364 1515 2433 1568 τά
2474 1515 2633 1585 είδη),
2666 1516 2793 1569 ὅταν
2826 1515 2989 1585 μηδὲν
3030 1516 3353 1586 ἠδικημένος
3392 1516 3555 1585 λυπῇ.
3601 1516 3729 1568 ὅταν

2146 1597 2324 1671 πλέκῃ
2344 1598 2544 1663 δόλους.
2569 1599 2684 1662 πῶς
2701 1600 2798 1651 ούκ
2817 1602 3048 1670 ἐσχάτης
3068 1601 3253 1663 ἀνοίας
3274 1599 3467 1664 ἐξοίσει
3493 1600 3689 1669 δεῖγμα
3711 1617 3726 1664 ;

2147 1681 2315 1747 Οὐδὲν
2341 1680 2482 1734 οὕτω
2505 1685 2650 1735 ποιεῖ
2685 1682 2999 1753 φρονίμους,
3018 1684 3092 1746 ώς
3110 1686 3295 1755 ἀρετή.
3318 1683 3427 1738 Καὶ
3448 1683 3552 1756 γάρ
3568 1683 3731 1753 εὐχα-

2149 1765 2366 1834 ρίστους
2398 1767 2491 1819 καὶ
2542 1766 2889 1837 εὐγνώμονας
2942 1768 3253 1838 ἐργάζεται,
3298 1766 3727 1838 φιλανθρώπους.

2146 1849 2409 1919 ἡμέρους,
2445 1852 2672 1919 πράους,
2704 1851 2967 1914 ἐπιεικεῖς
2987 1867 3000 1880 ⁸
3024 1852 3093 1904 τά
3131 1852 3267 1905 ἀλλα
3298 1851 3515 1905 ᾶπαντα
3548 1849 3730 1917 ἀγαθά

2147 1931 2282 2002 αὕτη
2311 1932 2513 1986 τίκτειν
2536 1934 2711 1989 εῐωθε.
2745 1934 2810 1987 Τί
2832 1933 2888 1987 δὲ
2916 1932 3008 1987 τοῦ
3039 1933 3182 1987 οὕτω
3212 1934 3556 2005 διακειμένου
3605 1951 3728 1985 συν-

2148 2016 2448 2088 ετώτερον;
2482 2019 2640 2090 Πηγὴ
2685 2020 2795 2091 γάρ
2848 2020 3016 2083 ὅντως
3052 2021 3145 2074 καὶ
3202 2020 3373 2089 ρίζα⁸
3419 2018 3731 2090 φρονήσεώς

2149 2102 2349 2172 ἐστινὴ
2387 2103 2579 2172 ἀρετὴ,
2598 2102 2786 2172 ῶσπερ
2813 2098 2905 2156 οὖν
2938 2103 3033 2156 καὶ
3062 2105 3211 2156 πᾶσα
3239 2104 3472 2174 πονηρία
3493 2102 3547 2167 ἐξ
3577 2101 3730 2174 [ΜΠ

2148 2187 2331 2250 ἀνοίας
2364 2188 2475 2258 ἔχει
2506 2187 2605 2259 τὴν
2627 2188 2820 2258 ἀρχήν.
2840 2188 2948 2241 Καὶ
2980 2188 3087 2256 7&9
3116 2190 3145 2241 ὁ
3167 2187 3378 2251 ἀλαζὼν
3410 2189 3503 2241 καὶ
3531 2188 3559 2239 ό
3581 2188 3733 2257 697t-

2148 2269 2238 2333 λος
2272 2271 2330 2337 ἐξ
2352 2270 2559 2334 ἐνδείας
2588 2272 2901 2342 φρονήσεως
2923 2271 3029 2324 ὑπὸ
3070 2271 3180 2324 τῶν
3216 2271 3404 2324 παθῶν
3430 2271 3727 2325 ἁλίσκεται.

2150 2354 2248 2407 Διά
2273 2352 2427 2407 τοῦτο
2454 2355 2548 2407 καὶ
2578 2354 2607 2406 ὁ
2631 2356 2915 2426 προφήτης
2941 2354 3112 2422 ἔλεγε·
3141 2357 3262 2408 Οὐκ
3292 2356 3463 2410 ἐστιν
3488 2356 3648 2421 ἴασις
3664 2356 3734 2408 ἐν

2151 2436 2225 2504 τῇ
2245 2438 2424 2505 σαρκί
2439 2456 2575 2507 μου.
2592 2437 2985 2506 Προσώζεσαν
3002 2438 3098 2491 καί
3121 2438 3442 2507 ἐσάπησαν
3460 2440 3514 2491 οί
3527 2437 3703 2507 μὼλω
3716 2468 3732 2477 -

2152 2520 2261 2587 πές
2272 2539 2389 2590 μου
2402 2520 2521 2575 ἀπὸ
2538 2520 2861 2589 προσώπου
2876 2521 3349 2591 τῆςάφροσύνης
3366 2539 3503 2592 μου
3520 2522 3733 2586 δεικνὺς

2151 2605 2233 2658 δτι
2258 2607 2406 2659 πᾶσα
2432 2603 2677 2675 ἁμαρτία
2706 2605 2804 2675 τὴν
2838 2605 3011 2675 ἀρχὴν
3031 2605 3089 2671 ἐξ
3117 2605 3426 2677 ἀφροσύνης
3456 2606 3595 2677 ἔχει·
3625 2603 3731 2659 ῶσ-

2154 2707 2261 2760 περ
2288 2691 2317 2741 ό
2357 2689 2609 2759 ἐνάρετος
2628 2690 2655 2729 ιι
2685 2689 2780 2742 καὶ
2812 2688 2973 2756 φόϐον
2995 2687 3134 2761 ἔχων
3160 2689 3314 2751 Θεοῦ,
3351 2691 3567 2743 πάντων
3616 2691 3732 2743 ἐστὶ

2154 2770 2536 2843 συνετώτερος.
2565 2772 2654 2824 Διὸ
2671 2772 2763 2825 καὶ
2790 2773 2952 2841 σοφός
2983 2789 3065 2834 τις
3097 2770 3459 2842 λέγει,Ἀρχὴ
3491 2773 3730 2842 σοφίας,

2154 2860 2339 2928 φόϐος
2367 2857 2608 2926 Κυρίου.
2639 2858 2702 2911 El
2734 2858 2913 2910 τοίνυν
2937 2856 2999 2909 τὸ
3022 2856 3302 2925 φοϐεῖσθαι
3334 2858 3425 2911 τὸν
3458 2857 3610 2921 Θεὸν,
3646 2873 3733 2909 σο·

2156 2942 2284 3013 φίαν
2316 2944 2462 2997 ἐστὶν
2480 2943 2643 3012 ἔχειν,
2670 2943 2699 2995 ὁ
2728 2941 2783 2995 δὲ
2807 2941 3041 3012 πονηρὸς
3060 2940 3220 2995 τοῦτο
3256 2944 3356 2995 οὐκ
3386 2942 3517 3013 ἔχει,
3539 2944 3635 3012 τῆς
3654 2942 3736 2997 δν-

2156 3045 2261 3091 τως
2284 3028 2473 3095 σοφίας
2497 3026 2784 3098 ἐστέρηται
2801 3043 2817 3057 ·
2838 3027 2936 3096 τῆς
2964 3026 3021 3078 δὲ
3043 3025 3233 3095 σοφίας
3258 3025 3617 3097 ἐστερημένος
3636 3027 3735 3094 τῆς

2155 3110 2344 3174 ὅντως,
2379 3109 2597 3163 πάντων
2634 3110 2781 3162 ἐστὶν
2815 3108 3186 3180 ἀνοητότερος.
3228 3109 3418 3161 Καίτοι
3458 3125 3520 3176 γε
3552 3107 3736 3163 πολλοὶ

2156 3195 2283 3257 τοὺς
2315 3195 2583 3264 πονηροὺς
2604 3190 2995 3262 θαυμάζουσιν,
3016 3191 3092 3254 ώς
3114 3192 3328 3255 ἱκανοὺς
3356 3192 3513 3254 ὄντας
3533 3192 3735 3244 ἀδικεῖν

2158 3278 2254 3331 καὶ
2288 3276 2566 3348 βλάπτειν,
2588 3276 2689 3329 οὐκ
2710 3275 2906 3339 είδότες
2937 3276 3017 3330 ὅτι
3050 3276 3283 3346 μάλιστα
3302 3276 3519 3329 πάντων
3539 3275 3737 3336 αὐτοὺς

2157 3362 2465 3427 ταλανίζειν
2493 3360 2621 3432 χρὴ,
2637 3362 2719 3414 ὅτι
2735 3361 3046 3432 νομίζοντες
3076 3361 3293 3431 ἐτέρους
3314 3359 3589 3430 βλάπτειν,
3612 3359 3735 3413 καθ’

2159 3444 2366 3498 ἐαυτῶν
2391 3445 2451 3497 τὸ
2477 3442 2627 3513 ξίφος
2653 3443 2883 3498 ὠθοῦσιν
2899 3460 2913 3474 ο
2944 3444 3080 3515 ὅπερ
3100 3444 3283 3506 ἀνοίας
3309 3444 3455 3497 ἐστὶν
3479 3444 3736 3512 ἐσχάτης,

2159 3528 2351 3582 ἐαυτὸν
2383 3527 2706 3598 πλήττοντα,
2735 3528 2869 3599 μηδὲ
2890 3527 3022 3582 αὐτὸ
3054 3528 3209 3581 τοῦτο
3237 3527 3453 3588 εἰδέναι,
3481 3526 3593 3579 ἀλλ’
3616 3526 3736 3579 ἐτε-

2162 3629 2254 3682 ρον
2282 3610 2458 3664 δοκεῖν
2488 3610 2711 3675 ἀδικεῖν,
2761 3613 2820 3664 ἐν
2851 3612 2930 3682 τῷ
2965 3610 3364 3679 κατασφάττειν
3398 3610 3607 3663 ἐαυτόν.
3638 3608 3738 3662 Διά

2159 3695 2315 3749 τοῦτο
2340 3698 2433 3749 καὶ
2461 3695 2669 3760 Παῦλος
2708 3694 2880 3759 είδὼς,
2908 3697 2985 3749 ὅτι
3016 3697 3073 3749 ἐν
3105 3695 3183 3767 τῷ
3225 3695 3477 3765 πλήττειν
3520 3695 3739 3763 ἐτέρους

2162 3781 2389 3845 ἑαυτοὺς
2406 3781 2757 3853 ἀναιροῦμεν,
2789 3780 2962 3849 ἔλεγε·
2982 3778 3239 3849 Διατίμὴ
3261 3777 3503 3849 μᾶλλον
3521 3775 3741 3831 ἀδικεῖ-

2161 3872 2309 3931 σθες
2340 3865 2496 3918 διατι
2534 3864 2621 3934 μὴ
2640 3865 2883 3935 μᾶλλον
2911 3863 3372 3933 άποστερεῖσθε;
3411 3861 3483 3915 Τὸ
3529 3861 3636 3931 γὰρ
3664 3860 3741 3933 μὴ

2161 3949 2461 4003 ἀδικεῖσθαι
2483 3949 2541 4001 ἐν
2571 3948 2648 4019 τῷ
2681 3948 2755 4019 μὴ
2788 3948 2991 4001 ἀδικεῖν
3018 3950 3192 4001 κεῖται
3210 3962 3223 3975 °
3258 3946 3445 4017 ὥσπερ
3466 3940 3557 3999 οὖν
3577 3945 3638 3997 τὸ
3664 3944 3740 4015 μὴ

2164 4035 2394 4105 πάσχειν
2420 4034 2605 4097 κακῶς
2629 4036 2686 4087 ἐν
2715 4034 2793 4104 τῷ
2827 4033 2900 4104 μὴ
2935 4035 3109 4086 ποιεῖν
3141 4030 3343 4094 κακῶς
3375 4028 3475 4085 κᾶν
3514 4030 3742 4099 αἴνιγμα

2164 4114 2305 4173 εἶναι
2334 4117 2464 4189 δοκῇ
2497 4117 2558 4170 τὸ
2588 4118 2879 4185 λεγόμενον
2907 4119 3017 4180 τοῖς
3057 4115 3270 4178 πολλοῖς
3303 4116 3397 4167 καὶ
3436 4112 3742 4181 φιλοσοφεῖν

2164 4204 2263 4256 οὐκ
2306 4202 2569 4257 ἐθέλουσι.
2626 4201 2790 4254 Ταῦτ’
2815 4196 2909 4255 οὖν
2940 4200 3161 4264 εἰδότες,
3199 4199 3273 4269 μὴ
3301 4199 3427 4261 τοὺς
3455 4198 3744 4266 ἀδικουμέ-

2165 4304 2287 4349 νους
2351 4285 2484 4356 μηδὲ
2516 4286 2641 4349 τοὺς
2696 4282 3199 4356 ἐπηρεαζομένους,
3234 4282 3372 4336 ἀλλά
3418 4281 3544 4344 τοὺς
3574 4281 3745 4336 ταῦτα

2166 4368 2451 4432 ποιοῦντας
2488 4366 2861 4438 ταλανίζωμεν
2903 4366 2996 4420 καὶ
3043 4365 3386 4437 δακρύωμεν.
3428 4358 3587 4418 Οὗτοι
3635 4363 3743 4437 γάρ

2166 4454 2303 4507 είσιν
2327 4454 2375 4505 οί
2406 4453 2639 4523 μάλιστα
2656 4452 2814 4522 ήδικη
2824 4451 2992 4523 μένοι,
3008 4452 3058 4503 οί
3080 4450 3171 4505 τὸν
3198 4450 3330 4503 Θεὸν
3346 4452 3557 4513 ἑαυτοῖς
3583 4451 3747 4503 ἐκπο-

2165 4536 2478 4609 λεμοῦντες,
2491 4538 2586 4591 καὶ
2601 4536 2805 4609 μυρίων
2822 4535 3141 4607 κατηγόρων
3160 4534 3464 4603 ἀνοίγοντες
3480 4534 3744 4603 στόματα,

2168 4623 2265 4676 καὶ
2277 4621 2521 4701 πονηράν
2537 4620 2806 4691 κτώμενοι
2824 4621 2965 4674 κατά
2990 4620 3081 4673 τὸν
3098 4619 3338 4689 παρόντα
3360 4616 3473 4687 βίον
3489 4617 3743 4701 ὑποψίαν,

2169 4706 2264 4760 καὶ
2308 4698 2548 4775 μεγάλην
2588 4703 2679 4757 τὸν
2706 4702 2847 4756 κατὰ
2879 4703 2969 4757 τὸν
3007 4702 3270 4772 μέλλοντα
3313 4703 3485 4755 αἰῶνα
3503 4698 3747 4754 Emam}:-

2173 4804 2324 4859 μενοι
2354 4786 2575 4840 κόλασιν
2594 4804 2608 4818 ο
2634 4786 2708 4849 ὡς
2736 4787 2790 4838 οῖ
2818 4802 2881 4853 γε
2910 4785 3252 4856 ἀδικούμενοι
3300 4785 3395 4838 καὶ⁵
3442 4784 3620 4838 πάντα
3648 4783 3746 4852 φέ-

2172 4868 2749 4943 ροντεςγενναίωςηόν
2762 4886 2823 4921 τε
2854 4868 2984 4922 Θεὸν
3004 4869 3215 4938 ἔχουσιν
3240 4868 3412 4931 ἵλεων,
3433 4869 3526 4921 καὶ
3541 4869 3748 4932 πάντας

2174 4953 2572 5022 συναλγοῦντας
2599 4953 2799 5017 αὐτοῖς,
2825 4952 2917 5005 καὶ
2957 4951 3333 5014 ἐπαινοῦντας,
3356 4952 3450 5004 καὶ
3487 4952 3749 5021 ἀποδεχο-

2177 5037 2467 5109 μένους.οί
2487 5035 2717 5089 τοιοῦτοι
2745 5035 2998 5089 καὶκατὰ
3022 5036 3113 5088 τὸν
3130 5034 3374 5105 παρόντα
3406 5033 3518 5103 βίον
3551 5034 3749 5103 πολλῆς

2172 5121 2568 5176 ἀπολαύσονται
2619 5120 2714 5189 τῆς
2767 5119 3075 5189 εὐφημίας,
3129 5119 3444 5188 φιλοσοφίας
3497 5112 3772 5189 μέγιστοι.ι

2173 5210 2536 5281 παρεχόμενοι
2573 5209 2792 5276 δεῖγμα,
2837 5209 2931 5261 καὶ
2979 5206 3120 5261 κατά
3149 5207 3247 5277 τὴν
3283 5207 3578 5277 μέλλουσαν
3607 5205 3745 5274 ζωὴν

2172 5294 2280 5349 τῶν
2310 5292 2544 5347 αίωνίων
2578 5291 2890 5361 μεθέξουσιν
2922 5290 3139 5359 ἀγαθῶν
3159 5306 3173 5323 ’
3205 5284 3280 5342 ὧν
3302 5290 3512 5358 γένοιτο
3545 5288 3750 5350 πάντας

2176 5380 2322 5449 ἡμᾶς
2351 5380 2645 5447 ἐπιτυχεῖν,
2675 5376 2857 5446 χάριτι
2886 5374 2978 5427 καὶ
3010 5372 3387 5445 φιλανθρωπίᾳ
3412 5372 3505 5426 τοῦ
3547 5370 3750 5441 Κυρίου

2176 5463 2333 5535 ήμῶν
2367 5462 2540 5533 Ἰησοῦ
2580 5460 2837 5532 Χριστοῦ,
2864 5460 2983 5531 μεθ’
3003 5452 3064 5513 οῦ
3085 5458 3163 5531 τῷ
3193 5461 3365 5531 Πατρὶ
3392 5461 3425 5529 ή
3448 5458 3591 5524 δόξα,
3634 5455 3752 5524 ἅμα

2176 5549 2254 5620 τῷ
2284 5548 2423 5618 ἁγίῳ
2453 5545 2748 5614 Πνεύματι,
2775 5543 2872 5599 νῦν
2903 5545 2999 5599 καὶ
3023 5546 3131 5611 ἀεὶ,
3162 5545 3255 5598 καὶ
3282 5545 3362 5608 είς
3392 5544 3517 5606 τοὺς
3550 5540 3752 5603 αἰῶνας

2177 5632 2285 5687 τῶν
2318 5631 2546 5685 αίώνων.
2574 5629 2762 5700 ’Δμήν.

2251 5860 2271 5901 ῐ
2297 5860 2483 5922 ﬂoret.
2522 5861 2550 5909 ό
2593 5858 2731 5922 Θεὸς,
2775 5857 2935 5922 φησὶν,
2976 5853 3396 5922 ἀποστέλλειηκαὶ
3437 5852 3479 5922 ὁ·
3509 5848 3750 5922 ξολρμῦν,

2180 5920 2381 5980 Πνεῦμα
2400 5922 2533 5980 ἅγιον
2553 5910 2796 5977 πωδεῖἆςί
2829 5910 2880 5961 ’⁸
2904 5910 3050 5969 Savil.
3074 5917 3163 5979 γὰρ
3179 5910 3268 5964 καί
3279 5916 3400 5979 ῥίζα.
3464 5911 3495 5954 ³
3515 5911 3614 5965 Alii
3633 5910 3751 5974 ιχα.

2192 5985 2252 6035 ‘0
2280 5982 2368 6048 γάρ
2394 5982 2622 6047 ἐνάρετος.
2839 6018 2847 6025 .
