4100 6364
294 360 395 416 237

296 470 443 526 mibi.
475 464 607 524 Vide
656 466 925 538 quomodo
973 466 1092 521 illos
1139 461 1563 535 undiqueomni
1613 458 1867 516 interclu—

294 562 385 617 dat
437 559 767 615 defensione.
826 560 959 613 Dum
1013 572 1101 612 me
1164 553 1611 627 persequeremini
1640 595 1655 619 ,
1708 552 1873 606 Deum

294 668 389 705 vos
425 651 647 721 diligere
686 649 945 705 dicebatis
986 666 1001 703 :
1032 647 1241 703 ostendi
1281 663 1375 701 vos
1425 647 1525 700 hoc
1574 645 1714 698 illius
1751 642 1873 697 odio

293 744 492 799 facere.
522 743 602 798 Me
630 742 892 799 accusatis
920 741 1059 812 quod
1089 740 1364 795 sabbatum
1392 739 1595 793 solvam
1624 745 1677 790 et
1702 736 1872 803 legem

295 837 652 904 transgrediar
679 852 694 889 :
723 836 791 891 de
818 835 915 888 hac
941 836 1278 888 accusatione
1316 846 1402 885 me
1442 828 1676 897 purgari.
1710 826 1871 880 Afﬁr-

295 928 453 982 matis
482 942 577 982 vos
620 925 779 981 ﬁdem
822 940 947 994 erga
991 923 1206 994 Moysen
1251 920 1485 992 proﬁteri
1526 935 1623 989 per
1663 933 1727 973 ea
1753 931 1873 985 qua:

295 1027 478 1072 contra
522 1033 609 1072 me
653 1016 860 1070 audetis
900 1033 914 1069 :
954 1013 1179 1068 ostendo
1206 1027 1304 1082 ego
1344 1011 1472 1065 illud
1500 1010 1730 1064 maxime
1755 1022 1873 1062 esse

293 1124 402 1164 non
431 1109 652 1163 credere
680 1107 867 1178 Moysi.
899 1106 1124 1161 Tantum
1153 1105 1297 1159 enim
1326 1102 1475 1156 abest
1503 1110 1561 1155 ut
1586 1100 1686 1170 legi
1716 1115 1873 1166 repu-

293 1216 449 1269 gnem
470 1241 488 1266 ,
522 1208 578 1257 ut
605 1200 651 1253 is
678 1200 765 1269 qui
796 1214 892 1253 vos
916 1206 1259 1252 accusaturus
1288 1205 1369 1250 est
1392 1195 1569 1249 nullus
1605 1195 1739 1246 alius
1768 1193 1868 1255 sit,

294 1307 453 1361 quam
480 1293 526 1345 is
552 1291 643 1361 qui
675 1295 842 1361 legem
873 1289 1024 1345 vobis
1049 1288 1213 1349 dedit.
1241 1287 1312 1342 Ut
1352 1286 1510 1356 igitur
1537 1285 1603 1339 de
1632 1284 1871 1351 Scriptu-

295 1384 370 1437 ris
397 1383 609 1438 dicebat
628 1424 643 1449 ,
672 1381 740 1436 In
773 1382 951 1451 quibus
979 1380 1169 1451 putatis
1201 1380 1356 1433 vitam
1391 1387 1626 1432 (sternam
1653 1374 1872 1439 habere;

297 1472 370 1527 ita
396 1473 466 1528 de
493 1472 674 1543 Moyse
700 1474 774 1526 ait
819 1490 833 1528 :
875 1471 941 1525 In
981 1488 1078 1542 quo
1114 1486 1199 1524 vos
1234 1469 1506 1539 sperastis,
1542 1482 1607 1521 ex
1644 1466 1754 1521 suis
1780 1481 1874 1520 eos

296 1565 633 1619 sermonibus
671 1564 886 1632 capiens
925 1563 1136 1632 ubique.
1170 1562 1235 1617 Et
1274 1560 1414 1615 unde
1442 1560 1709 1613 discemus
1733 1597 1747 1621 ,
1789 1556 1873 1617 in-

295 1657 478 1726 quient
507 1657 699 1723 Judaei,
730 1657 946 1727 Moysen
972 1664 1338 1712 accusaturum
1363 1669 1502 1717 esse,
1526 1669 1588 1707 ac
1614 1662 1664 1708 te
1692 1667 1793 1705 non
1820 1651 1873 1705 id

297 1762 429 1801 vane
452 1747 733 1817 jactitare?
761 1747 884 1817 quid
909 1748 1050 1802 enim
1082 1747 1175 1801 tibi
1203 1761 1323 1800 cum
1353 1745 1533 1815 Moyse
1558 1741 1875 1798 commune?

297 1838 584 1896 Sabbatum
614 1840 848 1905 solvisti,
892 1840 1031 1909 quod
1052 1839 1210 1909 jussit
1237 1839 1328 1894 ille
1354 1836 1672 1894 servandum
1702 1853 1715 1888 :
1741 1846 1876 1904 quo-

300 1934 454 1987 modo
483 1948 612 2003 ergo
641 1934 729 1987 ille
760 1948 857 1988 nos
891 1932 1257 1987 accusaverit?
1286 1930 1354 1985 Et
1387 1929 1653 1999 quomodo
1683 1928 1873 1997 proba-

298 2023 456 2089 bitur,
486 2025 716 2094 inquies,
744 2039 842 2078 nos
868 2024 920 2077 in
947 2023 1109 2077 alium
1142 2022 1231 2091 qui
1258 2022 1310 2075 in
1337 2036 1435 2075 suo
1460 2019 1675 2073 nomine
1700 2019 1877 2072 veniat

300 2131 415 2170 esse
442 2116 777 2170 credituros?
810 2115 933 2170 llaec
958 2116 1152 2183 quippe
1184 2114 1358 2169 omnia
1386 2111 1533 2166 nullo
1559 2120 1692 2165 teste
1719 2110 1872 2165 dicis.

299 2208 455 2277 Atqui
486 2207 603 2261 haec
633 2207 810 2260 omnia
839 2222 905 2261 ex
935 2205 1296 2274 superioribus
1317 2204 1622 2273 probantur.
1652 2200 1875 2268 Quando

298 2298 437 2352 enim
465 2312 531 2351 ex
570 2296 852 2365 operibus,
883 2310 946 2349 ex
986 2294 1205 2351 Joannis
1235 2308 1386 2360 voce,
1416 2308 1480 2348 ex
1511 2291 1680 2346 Patris
1724 2291 1874 2345 testi-

295 2389 478 2443 monio
508 2388 560 2442 in
589 2387 834 2441 confesso
863 2385 1021 2441 fuerit
1058 2401 1143 2440 me
1188 2399 1220 2440 a
1261 2385 1371 2438 Deo
1407 2382 1618 2438 venisse
1642 2424 1657 2449 ,
1703 2382 1875 2450 palam

297 2488 443 2532 certe
481 2486 564 2531 est
591 2476 806 2547 Moysen
836 2477 977 2544 ipsos
1002 2485 1375 2530 accusaturum
1404 2487 1540 2531 esse.
1569 2471 1704 2539 Quid
1732 2473 1874 2529 enim

299 2569 386 2623 ille
411 2568 579 2623 dixit?
608 2584 781 2622 annon
806 2610 819 2632 ,
878 2567 1019 2636 quod
1051 2568 1093 2622 si
1123 2568 1242 2635 quis
1271 2558 1419 2636 signa
1446 2565 1646 2621 faciens
1674 2566 1876 2620 venerit

298 2659 780 2730 (Deut.l5.i),qui
809 2659 875 2711 ad
907 2660 1068 2713 Deum
1084 2658 1260 2719 ducat.
1292 2659 1570 2727 futuraque
1605 2672 1728 2712 vere
1756 2672 1877 2725 pro-

298 2752 506 2805 nuntiet
526 2791 543 2816 ,
590 2750 687 2818 ipsi
717 2749 936 2803 credere
965 2749 1237 2815 oporteat?
1278 2749 1467 2802 Annon
1490 2748 1733 2802 Christus
1763 2749 1877 2803 haec

298 2842 474 2895 onntia
506 2840 661 2895 fecit?
690 2840 848 2910 Signa
876 2855 993 2894 cum
1022 2840 1165 2895 omtti
1209 2840 1429 2893 veritate
1454 2838 1653 2902 edidit,
1688 2851 1876 2892 omnes

302 2932 535 2986 traxitad
559 2933 739 2997 Deum,
759 2931 1127 3001 prtedictiones
1142 2946 1205 2985 ex
1224 2946 1399 2985 rerum
1416 2938 1609 2985 eventu
1625 2930 1872 2985 asseruit.

296 3027 370 3081 At
400 3025 540 3080 unde
570 3024 822 3094 probatur
852 3025 994 3092 ipsns
1022 3023 1172 3077 alteri
1200 3024 1496 3078 credituros
1524 3023 1676 3078 esse?
1710 3025 1784 3076 Ex
1811 3038 1876 3077 eo

297 3116 441 3186 quod
462 3116 730 3170 Christum
752 3115 983 3170 oderint.
1015 3114 1146 3169 Nam
1175 3116 1263 3185 qui
1292 3131 1436 3181 eum,
1462 3117 1551 3186 qui
1576 3131 1642 3170 ex
1670 3116 1761 3171 Dei
1787 3130 1878 3170 vo-

298 3207 502 3262 luntate
532 3206 709 3269 venit,
740 3213 1072 3269 aversantur,
1105 3206 1211 3259 Deo
1240 3205 1599 3260 adversarium
1635 3205 1749 3260 sine
1774 3205 1875 3260 du-

298 3296 390 3351 bio
418 3298 696 3367 recipient.
733 3296 885 3361 Quod
925 3297 969 3350 si
1012 3296 1226 3367 Moysen
1269 3311 1409 3351 nunc
1446 3297 1711 3365 proferat,
1756 3299 1879 3352 licet

298 3378 533 3451 dixerit,
574 3386 687 3457 Ego
714 3388 775 3441 ab
800 3388 1001 3442 homine
1027 3387 1361 3441 testimonium
1395 3404 1496 3441 non
1523 3388 1715 3458 accipio
1755 3404 1774 3441 :
1812 3404 1881 3443 ne

299 3479 514 3534 mireris
546 3495 560 3530 :
592 3493 695 3532 non
724 3478 863 3532 enim
890 3479 957 3531 ad
982 3478 1232 3548 Moysen,
1262 3476 1355 3533 sed
1380 3477 1445 3531 ad
1473 3477 1703 3531 divinam
1736 3479 1879 3533 Scri—

300 3580 511 3639 pturam
536 3569 656 3623 illos
682 3570 920 3624 remittit.
948 3569 1138 3625 Verum
1165 3570 1285 3638 quia
1312 3569 1596 3639 Scriptura:
1619 3571 1877 3626 minorem

302 3661 407 3713 illis
435 3674 689 3714 terrorem
715 3659 1034 3723 ali‘erebant,
1079 3659 1433 3729 legislatorem
1462 3661 1630 3728 ipsum
1659 3675 1878 3715 accusa-

302 3762 474 3805 torem
503 3751 755 3805 inducens
772 3793 786 3816 ,
816 3753 1071 3820 majorem
1094 3752 1195 3805 illis
1216 3760 1412 3806 metum
1438 3752 1676 3817 incussit,
1700 3753 1881 3826 etsin-

299 3843 421 3912 gula
446 3856 630 3895 eorum
652 3841 789 3895 dicta
809 3840 1065 3897 confutat.
1089 3841 1184 3897 Hie
1201 3856 1379 3897 autem
1404 3845 1637 3897 animum
1663 3842 1876 3897 adhibe.

303 3935 563 3990 Dicebant
600 3948 660 3991 se
701 3950 765 3989 ex
810 3934 901 3988 Dei
934 3949 1116 3990 amore
1157 3935 1303 3989 illum
1346 3936 1620 4004 persequi;
1652 3936 1883 3991 ostendit

301 4025 396 4079 ille
422 4026 567 4093 ipsos
595 4040 661 4079 ex
696 4025 788 4080 Dei
816 4025 939 4079 odio
985 4025 1037 4080 id
1076 4024 1272 4080 facere.
1316 4027 1571 4081 Dicebant
1615 4041 1673 4081 se
1715 4027 1882 4099 Moysi

300 4116 509 4170 haerere
536 4157 551 4177 .
586 4116 676 4170 ille
698 4116 886 4185 probat
913 4117 1057 4185 ipsos
1085 4116 1134 4170 id
1161 4131 1349 4186 agere,
1390 4117 1530 4185 quod
1572 4116 1735 4187 Moysi
1777 4133 1880 4170 non

296 4208 607 4263 crederent.
652 4207 783 4262 Nam
822 4208 867 4262 si
910 4208 1042 4278 legis
1078 4208 1248 4262 studio
1292 4208 1622 4273 tenebantur,
1651 4210 1885 4277 oportuit

297 4298 453 4353 illum
484 4298 724 4368 recipere
751 4299 842 4368 qui
873 4299 1040 4369 legem
1080 4300 1333 4367 implebat
1376 4319 1389 4353 :
1432 4301 1475 4355 si
1502 4300 1667 4355 Deum
1696 4300 1883 4370 dilige-

298 4391 431 4443 bant
451 4430 467 4455 ,
502 4390 576 4443 illi
600 4389 818 4445 credere
845 4406 938 4460 par
955 4401 1097 4454 erat,
1126 4392 1213 4461 qui
1244 4392 1308 4446 ad
1334 4392 1499 4446 Deum
1530 4392 1769 4446 trahebat
1798 4411 1811 4447 :
1839 4394 1883 4448 si

299 4481 474 4553 Moysi
501 4481 826 4546 credebant,
856 4484 1088 4553 oportuit
1119 4484 1267 4538 illum
1305 4483 1530 4538 adorare
1572 4500 1729 4554 quem
1774 4486 1885 4555 ipse

298 4573 699 4644 praenuntiavit.
727 4572 880 4639 Quod
901 4575 944 4628 si
972 4574 1045 4627 illi
1080 4574 1383 4643 priusquam
1416 4574 1541 4629 mihi
1570 4575 1700 4630 fides
1727 4569 1886 4646 nega-

300 4674 411 4729 tur,
444 4664 575 4718 nihil
607 4667 799 4719 mirum
831 4665 876 4720 si
901 4680 1000 4735 ego
1025 4666 1091 4719 ab
1120 4665 1213 4719 illo
1242 4668 1623 4735 praenuntiatus
1661 4683 1691 4721 a
1735 4668 1885 4723 vobis

297 4758 573 4826 expellor.
606 4758 756 4811 Sicut
784 4772 909 4827 ergo
938 4758 1073 4824 illos,
1116 4758 1202 4827 qui
1237 4758 1496 4814 Joannem
1538 4760 1882 4825 mirabantur,

299 4848 537 4902 ostendit
560 4850 727 4917 ipsum
749 4848 1005 4904 Joannem
1028 4850 1300 4918 deSpicere
1315 4851 1383 4905 ab
1402 4850 1463 4905 iis
1482 4868 1598 4920 qua:
1620 4862 1801 4907 contra
1828 4868 1888 4909 se

302 4950 681 5007 perpetrarunt
712 4958 727 4994 :
753 4940 831 4994 sic
855 4940 1070 4994 eosdem
1092 4981 1106 5003 ,
1130 4956 1251 4995 cum
1274 4956 1333 4995 se
1357 4941 1521 5012 Moysi
1549 4943 1769 4997 credere
1792 4958 1888 5012 pu-

302 5031 544 5099 tent,ipsi
564 5047 668 5083 non
686 5031 903 5085 credere
920 5034 1289 5103 probat,atque
1305 5034 1480 5088 omnia
1497 5050 1613 5103 qua:
1626 5050 1722 5104 pro
1738 5050 1796 5091 se
1811 5036 1885 5091 illi

296 5125 618 5191 afl’erebant,
646 5126 696 5179 in
717 5136 873 5195 caput
895 5128 1128 5195 ipsorum
1155 5135 1444 5196 retorquet.
1470 5127 1691 5181 Tantum
1714 5129 1883 5195 abest,

300 5217 508 5284 inquit,
541 5225 599 5268 ut
627 5232 718 5270 vos
744 5232 772 5269 a
806 5218 919 5290 lege
939 5218 1226 5280 retraham,
1250 5228 1306 5273 ttt
1332 5219 1501 5287 ipsum
1532 5220 1883 5288 legislatoretn

292 5316 491 5360 contra
519 5322 614 5359 vos
642 5316 828 5361 testem
871 5308 1146 5364 advocem.
1184 5309 1333 5378 Quod
1364 5325 1491 5379 ergo
1518 5310 1803 5378 Scriptum
1834 5310 1887 5365 id

297 5397 665 5451 tcstiﬁcentur
686 5398 846 5462 dicit;
890 5400 975 5454 ubi
1011 5414 1187 5457 autem
1217 5402 1563 5456 testificeutur
1591 5416 1695 5455 non
1737 5401 1885 5470 adje-

288 5490 410 5543 cit:
443 5490 701 5559 majorem
738 5492 838 5548 illis
876 5493 1119 5547 timorem
1160 5494 1397 5548 incutere
1435 5494 1618 5548 volens
1644 5503 1699 5546 ut
1743 5494 1885 5563 ipsos

286 5579 373 5635 and
402 5582 785 5650 explorandum
813 5592 867 5637 et
906 5584 1336 5654 interrogandum
1372 5586 1649 5641 excitaret.
1680 5584 1811 5640 Nam
1840 5586 1884 5639 si

288 5686 411 5725 non
445 5682 661 5743 rogatus
689 5673 943 5741 dixisset,
994 5677 1350 5731 testimonium
1394 5678 1467 5732 illi
1510 5679 1822 5747 rejecissent
1867 5695 1879 5730 :

283 5764 407 5837 iam
435 5779 570 5822 vero
592 5767 637 5820 si
661 5766 816 5821 dictis
842 5769 1190 5822 attendissent
1208 5811 1222 5829 ,
1249 5780 1371 5826 ante
1396 5771 1573 5825 omnia
1602 5769 1879 5841 oportebat

616 5864 885 5925 ΡΑτιιοι.
930 5862 1050 5923 Gn.
1094 5862 1251 5923 LIX.

1702 5934 1743 5942 ,ο

1285 351 1351 407 ῑΝ
1385 348 1693 407 JOANNEM
1735 345 1963 402 llOillL.
2004 345 2136 400 XLI.
2176 350 2246 402 al.
2288 347 2397 403 XL.

3456 350 3557 401 ‘23?

1980 458 2161 515 abillo
2193 475 2433 529 quaerere
2460 472 2514 516 et
2540 462 2799 517 ediscere.
2843 464 2969 519 Ideo
3006 465 3145 518 enim
3191 482 3295 518 non
3336 466 3558 522 demon-

1980 552 2268 607 strationes
2296 561 2499 605 tantum
2517 593 2532 617 ,
2565 553 2657 607 sed
2679 556 2838 608 etiam
2863 556 3153 610 sententias
3178 565 3232 610 et
3260 559 3430 611 minas
3455 559 3561 613 fre-

1979 651 2216 709 quentat,
2241 643 2396 697 utsic
2418 659 2513 699 eos
2531 645 2614 699 vel
2640 656 2781 699 metu
2810 646 3043 700 reducat.
3074 646 3147 700 Illi
3176 656 3350 702 tamen
3374 649 3551 704 silent.

1979 733 2122 788 Talis
2150 735 2293 789 enim
2325 751 2411 791 res
2439 744 2520 790 est
2547 738 2773 803 malitia;
2804 739 3056 808 quidquid
3083 740 3288 801 dicatur
3312 742 3396 795 vel
3428 743 3555 812 fiat,

1980 839 2085 879 non
2110 827 2343 895 exsurgit
2361 868 2375 889 ,
2403 826 2495 881 sed
2527 829 2795 896 proprium
2828 831 2969 883 virus
2993 840 3185 884 servat.

2049 916 2103 970 5.
2132 915 2297 971 Dolus
2325 927 2371 972 et
2397 919 2617 987 nequitia
2646 920 2904 989 fugienda.
2946 918 3187 974 Virtutem
3215 940 3329 976 vera
3357 923 3559 992 sapien-

1980 1007 2051 1061 tia
2073 1048 2089 1072 ,
2118 1009 2390 1077 nequitiam
2419 1008 2638 1063 amentia
2674 1012 2961 1065 comitatur.
3002 1010 3272 1083 lnferentis
3314 1015 3556 1084 injuriam

1981 1100 2123 1168 pejor
2155 1102 2374 1156 conditio
2417 1119 2566 1172 quam
2613 1104 3295 1175 patimtis.-—Quapropter
3340 1124 3435 1177 par
3476 1119 3558 1164 est

1958 1190 2123 1245 'omni
2153 1194 2370 1262 expulsa
2399 1194 2562 1248 animi
2593 1196 2824 1265 nequitia
2846 1238 2859 1259 ,
2885 1197 3082 1250 nullum
3110 1208 3324 1253 nectere
3352 1199 3555 1254 dolum.

1979 1286 2061 1339 Ad
2089 1304 2268 1356 pravos
2292 1288 2432 1340 enim
2449 1329 2463 1352 ,
2490 1287 2688 1357 inquit,
2714 1305 2892 1357 pravas
2915 1290 3018 1341 vias
3041 1290 3187 1341 mittit
3214 1288 3346 1343 Deus
3373 1289 3551 1359 (Prov.

1978 1379 2068 1434 2i.
2100 1379 2204 1445 8);
2235 1390 2321 1448 et,
2353 1381 2577 1447 Spiritus
2602 1392 2805 1435 sanctus
2839 1379 3118 1450 disciplina:
3155 1381 3357 1451 eﬂ‘ugiet
3384 1384 3557 1437 dolum

1976 1480 2026 1525 et
2053 1474 2245 1541 auferet
2272 1489 2325 1525 se
2351 1489 2382 1524 α
2409 1472 2821 1543 cogitationibus,
2864 1489 2975 1538 qua:
3007 1482 3124 1527 sunt
3162 1473 3270 1527 sine
3306 1474 3558 1526 intellectu

1980 1564 2137 1635 (Sap.
2168 1566 2220 1619 1.
2249 1564 2329 1636 5).
2359 1564 2498 1619 Nihil
2526 1568 2668 1620 enim
2695 1568 2762 1619 ita
2790 1567 2978 1621 stultos
3004 1566 3195 1631 reddit,
3224 1578 3277 1621 ut
3301 1567 3553 1636 nequitia.

1981 1656 2247 1712 Subdolus
2276 1657 2416 1711 enim
2436 1698 2451 1722 ,
2485 1657 2776 1727 improbus,
2806 1659 3040 1727 ingratus
3073 1657 3092 1729 (
3110 1659 3189 1712 Ita:
3212 1660 3405 1728 quippe
3433 1668 3558 1713 sunt

1981 1750 2229 1819 nequitiae
2254 1750 2510 1819 genera),
2553 1750 2596 1804 si
2645 1750 2773 1804 nihil
2806 1751 2963 1804 laesus
2989 1750 3306 1812 offendatur.
3334 1752 3378 1806 si
3407 1752 3558 1806 dolos

1982 1850 2180 1907 nectat,
2204 1856 2380 1895 annon
2402 1855 2624 1895 summae
2643 1839 2925 1895 dementiae
2947 1841 3139 1896 indicia
3162 1840 3431 1911 proferat?
3460 1843 3555 1896 Ni-

1982 1934 2053 1988 hil
2068 1934 2137 1987 ila
2156 1932 2439 2003 prudentes
2456 1932 2650 1999 reddit,
2666 1933 2917 1991 utvirtus.
2936 1933 3144 1988 Etenim
3168 1945 3344 2002 gratos
3362 1936 3555 1998 reddit,

1981 2027 2198 2098 probos,
2237 2026 2514 2096 benignos,
2546 2027 2722 2091 mites,
2753 2035 3077 2094 mansuetos,
3110 2025 3380 2080 modestos
3407 2042 3421 2078 :
3450 2041 3558 2079 ca:-

1982 2133 2094 2177 tera
2124 2121 2299 2176 omnia
2331 2121 2468 2176 bona
2500 2120 2611 2175 haec
2652 2134 2840 2188 parere
2875 2120 3030 2174 solet.
3077 2118 3213 2186 Quid
3261 2118 3361 2173 hoc
3400 2118 3559 2171 modo

1981 2213 2184 2269 affectis
2211 2211 2557 2282 prudentius?
2585 2209 2725 2264 Fons
2753 2209 2894 2264 enim
2924 2224 3050 2265 vere
3074 2221 3125 2264 et
3152 2209 3302 2264 radix
3330 2209 3561 2279 pruden-

1983 2307 2069 2362 tius
2096 2308 2260 2361 virtus
2288 2313 2400 2371 est,
2444 2304 2640 2359 malitia
2667 2319 2795 2358 vero
2821 2320 2884 2358 ex
2913 2305 3141 2359 amentia
3171 2314 3344 2359 ortum
3377 2305 3552 2358 habet.

1980 2401 2253 2469 Arrogans
2276 2397 2417 2452 enim
2442 2406 2496 2451 et
2526 2395 2811 2451 iracundus
2840 2394 3121 2450 deﬁciente
3158 2392 3433 2464 prudentia
3475 2395 3557 2450 his

1980 2491 2180 2547 morbis
2200 2489 2425 2559 capitur.
2452 2487 2577 2543 Ideo
2603 2487 2859 2556 propheta
2882 2486 3095 2543 dicebat
3126 2505 3138 2539 :
3173 2485 3294 2540 Non
3321 2496 3393 2541 est
3416 2488 3555 2540 sani-

1981 2592 2057 2637 tas
2081 2584 2134 2636 in
2161 2598 2313 2636 carne
2336 2596 2462 2634 mea.
2494 2578 2805 2632 Putruerunl
2825 2588 2869 2632 et
2892 2591 3140 2640 corruptae
3163 2588 3279 2632 sunt
3302 2579 3557 2632 cicatrices

1980 2690 2104 2728 mete
2130 2689 2162 2725 a
2190 2673 2319 2744 facie
2344 2671 2645 2741 insipientia:
2671 2686 2792 2725 mea:
2825 2668 3004 2739 (Psal.
3031 2670 3118 2724 37.
3148 2670 3202 2724 4.
3238 2669 3345 2740 6);
3375 2681 3556 2724 osten-

1980 2768 2113 2823 dens
2141 2775 2411 2836 peccatum
2441 2763 2664 2835 quodvis
2696 2779 2761 2818 ex
2788 2763 3086 2833 insipientia
3112 2770 3286 2817 ortum
3310 2762 3507 2819 habere
3539 2781 3554 2818 :

1979 2868 2166 2914 contra
2204 2870 2332 2912 vero
2374 2856 2569 2911 virtute
2611 2854 2890 2925 praeditum
2930 2869 2993 2909 ac
3033 2855 3308 2915 timentem
3354 2854 3515 2909 Deum
3538 2895 3555 2919 ,

1980 2953 2215 3007 omnium
2244 2964 2364 3005 esse
2391 2949 2857 3019 sapientissimum.
2884 2947 3085 3005 Idcirco
3110 2949 3321 3017 sapiens
3344 2948 3557 3019 quidam

1981 3044 2142 3109 dicit,
2170 3041 2386 3096 Initium
2411 3042 2700 3107 sapientite,
2729 3042 2879 3095 timor
2903 3039 3109 3095 Domini
3135 3040 3157 3112 (
3178 3040 3331 3095 Prov.
3376 3042 3426 3095 1.
3458 3044 3487 3096 7
3516 3044 3555 3113 ).

1980 3134 2036 3189 Si
2062 3148 2187 3203 ergo
2227 3133 2416 3187 timere
2446 3132 2614 3186 Deutn
2651 3142 2735 3186 est
2772 3132 3084 3201 sapientiam
3116 3132 3349 3197 habere;
3392 3136 3562 3187 malus

1982 3243 2088 3281 non
2120 3226 2188 3281 ita
2217 3225 2470 3291 aﬁ‘ectus,
2499 3241 2623 3279 vere
2648 3226 2905 3294 sapientia
2934 3226 3169 3295 privatur
3193 3245 3206 3280 :
3228 3242 3352 3280 vera
3382 3238 3561 3281 autent

1984 3318 2218 3386 privatus
2244 3316 2521 3385 sapientia,
2547 3315 2783 3370 omnium
2804 3325 2884 3370 est
2905 3316 3385 3385 insipientissiutus.
3408 3318 3562 3383 Atqui

1984 3410 2191 3479 plurimi
2222 3408 2493 3479 improbos
2519 3408 2869 3473 admirantur,
2900 3417 2958 3462 ut
2998 3408 3086 3478 qui
3128 3408 3331 3477 possint
3367 3408 3563 3463 lmtlcre

1984 3517 2046 3557 ac
2075 3516 2301 3565 nocere;
2347 3515 2450 3554 non
2481 3499 2837 3568 intelligentes
2874 3501 3019 3568 ipsos
3050 3501 3284 3554 omnium
3330 3500 3564 3555 miserri-

1984 3610 2100 3648 mos
2138 3591 2433 3649 censendos
2477 3606 2597 3646 esse
2622 3632 2635 3654 ,
2680 3590 2821 3661 quod
2852 3590 2977 3645 dum
3016 3601 3239 3647 caeteros
3273 3605 3332 3644 se
3371 3590 3564 3645 lmdere

1985 3694 2205 3755 putant,
2238 3685 2289 3738 in
2321 3683 2525 3751 seipsos
2553 3682 2783 3753 gladium
2823 3690 3032 3739 vertant
3071 3699 3085 3735 :
3132 3680 3273 3751 quod
3312 3691 3565 3737 extremm

1985 3780 2265 3835 dementia:
2291 3786 2390 3833 est.
2420 3778 2549 3831 Nam
2578 3776 2729 3832 inscii
2755 3776 2960 3843 seipsos
2989 3774 3314 3839 confodiunt,
3347 3785 3401 3830 et
3438 3774 3564 3829 dum

1985 3874 2135 3926 alteri
2161 3888 2220 3926 se
2249 3884 2442 3925 nocere
2471 3877 2685 3938 putant,
2716 3868 3197 3937 seipsosjugulant.
3226 3868 3350 3922 Ideo
3372 3868 3567 3923 Paulus

1984 3980 2180 4035 gnarus
2207 3978 2323 4025 nos,
2356 3977 2475 4017 cum
2502 3971 2725 4019 czeteros
2750 3971 3025 4030 percutere
3048 3962 3308 4025 volumus,
3329 3968 3567 4015 nosmet-
3647 3995 3651 4000 -

1988 4059 2133 4127 ipsos
2171 4054 2491 4120 interﬁcere,
2520 4053 2731 4108 dicebat
2760 4071 2771 4105 :
2812 4053 2983 4119 Quare
3011 4070 3109 4107 non
3136 4054 3301 4121 potius
3325 4053 3567 4123 injuriam

1988 4146 2254 4216 accipitis?
2279 4162 2435 4215 quare
2458 4162 2559 4199 non
2585 4145 2743 4214 magis
2782 4144 3013 4212 fraudem
3044 4145 3272 4213 patimini
3311 4144 3329 4213 (
3353 4144 3403 4199 1.
3445 4148 3565 4198 (Jor.

1989 4241 2040 4295 6.
2073 4240 2181 4310 7)?
2210 4239 2457 4308 lnjuriam
2486 4238 2627 4293 enim
2658 4252 2761 4291 non
2790 4238 2983 4306 accipit
3007 4238 3094 4307 qui
3128 4253 3230 4292 non
3262 4237 3439 4299 infert,
3469 4252 3568 4290 nec

1989 4331 2129 4384 malo
2154 4329 2400 4394 aﬂicitur,
2433 4329 2522 4397 qui
2555 4329 2752 4384 malum
2778 4344 2886 4385 non
2916 4338 3170 4397 operatur
3200 4346 3212 4380 :
3245 4328 3485 4396 quamvis
3515 4325 3571 4380 id

1991 4424 2171 4479 multis
2196 4423 2417 4491 aenigma
2447 4435 2566 4475 esse
2588 4420 2830 4475 videatur
2855 4422 2943 4490 qui
2976 4419 3333 4489 philosophari
3362 4419 3565 4473 nolunt.

1992 4516 2116 4569 lla‘c
2134 4529 2254 4570 cum
2275 4515 2522 4577 sciamus,
2548 4525 2767 4566 noneos
2805 4513 2891 4580 qui
2915 4511 3195 4575 lmduntur,
3221 4512 3300 4565 vel
3325 4511 3567 4577 injuriam

1991 4606 2275 4675 accipiunt,
2305 4604 2399 4659 sed
2424 4604 2545 4657 illos
2559 4603 2645 4672 qui
2670 4602 2913 4671 injuriam
2933 4600 3186 4667 inferunt,
3206 4602 3427 4657 miseros
3443 4615 3577 4671 pra:-

1991 4698 2227 4752 dicemus
2265 4705 2318 4752 et
2357 4696 2719 4764 deploremus.
2758 4693 2818 4747 Hi
2848 4694 2990 4749 enim
3024 4694 3253 4748 maxime
3283 4692 3568 4755 laeduntur,

1992 4789 2080 4858 qui
2098 4790 2203 4843 Deo
2224 4788 2420 4843 bellum
2440 4782 2765 4850 inferunt,'et
2788 4786 2934 4841 mille
2950 4797 3318 4840 accusatorum
3341 4802 3431 4839 ora
3453 4800 3571 4852 ape-

1993 4883 2153 4943 riunt,
2175 4881 2415 4949 malaque
2433 4879 2569 4935 fama
2590 4881 2641 4933 in
2665 4879 2764 4933 hac
2787 4880 2891 4932 vita
2913 4880 3182 4935 laborant:
3204 4889 3365 4947 atque
3386 4879 3572 4947 ingens

1994 4972 2046 5025 in
2072 4971 2250 5025 futuro
2274 4971 2373 5024 sibi
2402 4980 2587 5039 parant
2614 4969 2927 5039 supplicium
2953 4987 2967 5024 :
2993 4979 3048 5024 ut
3074 4979 3259 5023 contra
3282 4969 3317 5022 ii
3344 4968 3432 5038 qui
3460 4968 3570 5022 ltesi

1993 5062 2213 5131 injurias
2241 5060 2451 5116 fortiter
2477 5061 2651 5115 ferunt
2674 5102 2689 5127 ,
2722 5062 2887 5115 Deum
2913 5060 3107 5116 habent
3132 5062 3440 5132 prepitiutn,
3464 5074 3571 5112 om-

1993 5169 2192 5223 nesque
2218 5169 2277 5209 se
2303 5156 2757 5218 commiserantes,
2781 5155 3154 5223 approbantes,
3178 5154 3473 5209 laudantes.
3508 5152 3568 5205 Ili

1993 5244 2045 5299 in
2077 5245 2176 5301 bac
2220 5245 2325 5298 vita
2362 5245 2645 5299 admodum
2687 5244 2927 5298 celebres
2967 5254 3153 5308 erunt,
3194 5244 3281 5314 qui
3323 5258 3569 5312 maguum

1994 5336 2344 5406 philosophiae
2373 5336 2673 5406 exemplum
2704 5335 3012 5405 praebeant,
3059 5345 3112 5390 et
3150 5337 3202 5390 in
3247 5335 3419 5391 futura
3465 5336 3569 5391 vita

1991 5429 2207 5484 aeternis
2232 5426 2479 5483 fruuntur
2505 5429 2659 5482 bonis
2691 5445 2703 5482 :
2736 5443 2858 5498 quae
2885 5445 2980 5483 nos
3006 5441 3192 5485 omnes
3211 5429 3419 5497 assequi
3445 5443 3568 5481 cnn-

1992 5521 2175 5589 tingat,
2198 5521 2365 5588 gratia
2389 5531 2444 5574 et
2468 5520 2791 5590 benignitate
2828 5520 3035 5575 Domini
3074 5520 3241 5575 nostri
3269 5519 3393 5575 Jcsu
3418 5520 3567 5575 Chri-

1992 5612 2083 5677 sti,
2100 5612 2309 5680 quicum
2335 5611 2478 5666 Patri
2501 5620 2558 5666 et
2582 5612 2736 5667 simul
2764 5612 2980 5681 Spiritui
3005 5621 3190 5666 sancto
3214 5612 3402 5681 gloria,
3430 5626 3566 5667 nunc

1995 5712 2049 5759 et
2077 5719 2308 5774 semper,
2339 5713 2393 5759 et
2422 5705 2474 5760 in
2505 5705 2701 5762 sacula
2727 5705 3063 5762 saeculorum.
3094 5705 3286 5761 Amen.

3142 5852 3215 5914 15
