4100 6364
595 337 709 393 πυ

1308 337 1365 393 S.
1403 333 1678 392 JOANMS
1713 324 2180 388 CHRYSOSTOMI
2220 328 2531 389 ARClllEP.
2572 334 3099 394 LONSTANTINOP.

826 483 3642 512 ,Μ

3742 344 3832 398 εκ)

1960 574 2307 638 HOMILIA
2350 582 2543 645 XLII.

598 738 726 793 CAP.
769 737 823 792 6.
854 754 905 790 v.
941 739 989 791 l.
1037 735 1160 789 Post
1207 736 1313 789 lucc
1357 734 1477 788 abiit
1504 730 1655 785 Jesus
1685 740 1823 783 trans
1846 744 1985 780 mare
2020 724 2137 779 Gali
2150 751 2170 764 -

668 830 775 883 lteaz
802 830 853 882 in
886 838 1051 896 partes
1077 826 1354 880 Tiberiadis
1374 841 1390 889 ;
1412 826 1463 879 2.
1488 834 1533 878 et
1560 824 1854 893 sequebatur
1888 835 1999 872 eum
2033 818 2168 870 mul-

664 922 825 974 titudo
847 937 1029 989 magna
1048 962 1061 983 ,
1086 919 1203 989 quia
1227 918 1455 970 videbant
1482 916 1629 987 signa
1649 929 1761 982 qua:
1790 913 2001 982 faciebat
2021 925 2171 977 super

663 1011 725 1064 iis
750 1012 834 1079 qui
858 1010 1265 1077 in/irmabantur.
1295 1008 1347 1062 ’5.
1379 1007 1512 1059 Abiit
1536 1022 1652 1075 ergo
1675 1006 1730 1057 in
1755 1013 1969 1056 montem
1995 1000 2166 1065 Iesus,

661 1114 709 1159 et
733 1104 801 1157 ibi
823 1104 1021 1157 sedebat
1048 1120 1162 1157 cum
1190 1101 1453 1170 discipulis
1472 1101 1596 1153 suis.
1625 1100 1679 1154 4.
1706 1098 1831 1152 Erat
1851 1107 2014 1149 autem
2047 1111 2167 1164 pro-

659 1199 851 1251 ximum
884 1196 1085 1250 Pascha
1108 1195 1429 1249 Iudaeorum.

660 1291 711 1342 l.
756 1288 889 1355 Cum
918 1288 1174 1358 improbis
1205 1287 1482 1354 noxiisque
1507 1285 1636 1338 viris
1660 1300 1727 1338 ne
1755 1298 2049 1347 versemur,
2079 1279 2164 1334 di-

590 1380 746 1444 lecti;
787 1379 879 1434 sed
924 1378 1136 1447 quando
1166 1379 1413 1432 virtutem
1445 1386 1678 1431 nostram
1709 1389 1814 1429 non
1849 1373 2076 1436 laedent,
2110 1372 2161 1426 id

585 1487 852 1537 curemus,
881 1488 946 1526 ne
963 1487 1146 1526 eorum
1168 1469 1373 1525 insidiis
1397 1484 1458 1524 ac
1482 1468 1730 1537 nequitia:
1754 1468 1926 1520 locum
1949 1464 2158 1519 demus.

584 1560 658 1617 Ita
684 1563 824 1616 enim
851 1563 1026 1617 omnis
1044 1562 1270 1629 impetus
1299 1560 1576 1629 frangitur.
1606 1560 1684 1612 Ac
1712 1555 2159 1627 quemadmodum

578 1648 752 1715 jacula
783 1647 993 1715 quando
1032 1646 1084 1700 in
1110 1647 1304 1700 durum
1340 1643 1655 1713 firmumque
1681 1642 1854 1695 locum
1899 1639 2155 1705 incidunt,

582 1753 774 1807 magno
800 1737 996 1807 impetu
1020 1738 1069 1792 in
1092 1752 1185 1791 eos
1208 1736 1297 1807 qui
1321 1735 1621 1806 iaculantur
1644 1734 1917 1795 resiliunt;
1944 1730 2158 1801 quando

580 1836 758 1882 autem
785 1827 1046 1883 violenter
1076 1827 1310 1882 immissa
1340 1825 1472 1880 nihil
1498 1824 1686 1879 durum
1713 1832 1766 1878 et
1794 1837 2038 1893 asperum
2066 1836 2157 1877 re-

579 1920 793 1988 periunt
816 1960 831 1985 ,
863 1921 971 1973 cito
1000 1919 1251 1973 sedantur
1275 1926 1329 1972 et
1354 1917 1603 1972 desinunt
1633 1934 1645 1969 :
1680 1915 1748 1969 ita
1778 1914 1874 1969 feri
1905 1913 2156 1969 audaces-

574 2027 682 2081 que
704 2011 967 2078 homines,
997 2027 1118 2065 cum
1140 2024 1514 2081 repugnamus,
1542 2009 1710 2078 magis
1736 2013 2151 2075 exasperantur;

577 2120 697 2157 cum
734 2119 865 2159 vero
906 2104 1172 2169 cedimus,
1207 2102 1413 2157 illorum
1456 2102 1686 2156 furorem
1730 2100 1835 2154 cito
1880 2098 2149 2153 sedemus.

573 2193 778 2250 Idcirco
804 2194 1065 2261 Christus,
1098 2209 1217 2249 cum
1246 2194 1521 2249 audissent
1549 2191 1802 2246 Phariszei
1834 2193 2003 2261 ipsum
2032 2190 2150 2259 plu-

574 2301 662 2341 res
708 2302 865 2357 quam
908 2285 1165 2341 Joannem
1205 2285 1494 2355 discipulos
1536 2284 1819 2352 colligere,
1870 2282 2152 2349 pluresque

572 2379 862 2448 baptizare,
904 2379 1050 2434 venit
1099 2377 1150 2433 in
1200 2377 1495 2442 Galilaeam,
1542 2385 1599 2429 ut
1642 2374 1893 2429 invidiam
1939 2373 2148 2425 illorum

569 2474 959 2543 exstingueret,
992 2480 1046 2527 et
1082 2471 1315 2526 furorem
1336 2512 1352 2536 ,
1384 2485 1540 2540 quem
1571 2470 1714 2539 ipsos
1743 2482 1811 2522 ex
1840 2480 1903 2521 ea
1935 2480 1993 2519 re
2018 2479 2149 2518 con-

559 2564 773 2630 cepisse
805 2564 1092 2619 verisimile
1119 2572 1255 2627 erat,
1286 2577 1382 2631 per
1408 2575 1679 2616 secessum
1704 2556 1929 2612 sedavit.
1978 2553 2150 2608 Caete-

567 2671 684 2710 rum
730 2657 781 2709 in
831 2657 1101 2711 Galilaeam
1144 2670 1409 2720 reversus,
1446 2668 1550 2707 non
1603 2651 1788 2705 eadem
1828 2648 1937 2702 adit
1982 2646 2139 2702 loca:

567 2761 672 2801 non
701 2747 843 2801 enim
870 2748 921 2801 in
943 2745 1095 2802 'Cana
1126 2746 1269 2800 venit
1288 2786 1304 2807 ,
1339 2746 1431 2799 sed
1461 2755 1606 2798 trans
1633 2758 1799 2797 mare.
1831 2741 2035 2797 Idcirco
2061 2755 2151 2796 se-

566 2837 866 2906 quebantur
906 2836 1053 2890 illum
1095 2836 1262 2891 turbae
1306 2835 1508 2900 multm,
1546 2849 1668 2889 cum
1713 2832 1954 2888 viderent
1995 2832 2144 2903 signa

564 2944 684 2997 qua:
728 2928 971 2984 faciebat.
1016 2928 1152 2997 Qtne
1201 2928 1390 2999 signa?
1435 2943 1531 2983 cur
1578 2928 1663 2981 illa
1708 2942 1811 2981 non
1864 2927 2144 2981 recenset?

557 3019 698 3089 Quia
730 3020 815 3075 hic
836 3022 1157 3092 evangelista
1183 3035 1426 3091 magnam
1453 3020 1571 3074 libri
1595 3019 1673 3072 sui
1703 3028 1904 3088 partem
1930 3020 2145 3073 concio-

566 3115 721 3170 nibus
746 3117 989 3182 replevit.
1020 3116 1151 3171 Vide
1169 3130 1399 3185 namque
1423 3112 1692 3184 quomodo
1716 3128 1810 3182 per
1838 3127 2034 3166 annum
2063 3111 2142 3166 in-

560 3213 804 3275 tegrum,
842 3207 950 3261 imo
984 3207 1036 3261 in
1075 3206 1213 3263 festo
1248 3206 1465 3261 Pasclne
1507 3220 1611 3260 non
1641 3205 1780 3260 aliud
1827 3204 2137 3259 miraculum

559 3307 851 3364 memoret,
875 3316 1033 3371 quam
1064 3301 1411 3371 paralyticum
1439 3310 1493 3356 et
1522 3300 1685 3353 filium
1709 3298 1876 3368 reguli
1903 3306 2134 3353 curatos.

562 3388 745 3461 Neque
764 3393 906 3446 enim
935 3392 1111 3446 omnia
1142 3407 1358 3446 narrare
1389 3391 1574 3455 voluit,
1606 3391 1656 3445 id
1684 3390 1825 3459 quod
1852 3400 1997 3445 certe
2023 3390 2138 3444 lieri

560 3497 669 3536 non
702 3492 942 3552 poterat;
974 3482 1067 3538 sed
1104 3497 1172 3538 ex
1212 3483 1399 3537 multis
1428 3483 1739 3553 magnisque
1775 3497 1936 3551 pauca
1980 3482 2135 3537 dixit.

562 3571 628 3625 Et
652 3574 968 3641 sequebatur,
1002 3574 1173 3644 inquit
1191 3615 1206 3638 ,
1234 3590 1347 3627 eum
1377 3575 1525 3627 turba
1550 3575 1708 3628 multa
1725 3616 1739 3638 ,
1761 3575 1881 3644 quia
1907 3574 2137 3627 videbant

559 3666 704 3735 signa
730 3680 843 3731 qua:
864 3665 1097 3734 faciebat.
1126 3664 1243 3720 Non
1268 3666 1417 3720 lirma
1443 3675 1621 3720 mente
1649 3666 2005 3735 sequebantur
2031 3680 2045 3717 :
2069 3664 2136 3718 ad

558 3766 763 3811 tantam
801 3759 942 3812 enim
986 3758 1280 3812 doctrinam
1310 3775 1372 3813 ex
1404 3758 1568 3828 signis
1601 3759 1774 3827 potius
1813 3757 2138 3812 induceban-

559 3856 675 3914 tur;
704 3848 846 3917 quod
875 3849 1154 3903 crassioris
1181 3858 1298 3903 erat
1321 3848 1505 3902 animi.
1539 3848 1701 3917 Signa
1728 3849 1893 3911 enim,
1927 3847 2132 3914 inquit,

558 3956 661 3994 non
687 3940 944 4009 ﬁdelibus,
973 3941 1062 3993 sed
1090 3940 1364 3994 incredulis
1407 3940 1483 4009 (l.
1518 3938 1636 3994 Cor.
1669 3940 1755 3993 14.
1781 3937 1899 4008 22).
1937 3939 2005 3992 At
2028 3955 2132 3992 non

556 4031 860 4101 huiusmodi
907 4032 1131 4101 p0pulus
1164 4031 1304 4100 apud
1342 4031 1646 4085 Matthaeum
1682 4048 1695 4084 :
1731 4031 1826 4084 sed
1853 4030 1976 4083 audi
2003 4045 2136 4098 quo-

555 4125 717 4180 modo
747 4142 759 4177 :
786 4124 1068 4193 Stupebant
1092 4140 1264 4178 omnes
1290 4124 1352 4177 de
1378 4125 1607 4177 doctrina
1635 4124 1745 4194 ejus
1762 4164 1778 4191 ,
1825 4124 1945 4193 quia
1987 4123 2134 4176 doce-

556 4217 639 4269 bat
668 4232 751 4270 eos
777 4226 1033 4285 tamquam
1054 4223 1342 4284 potestatem
1364 4214 1550 4269 habens
1572 4214 1787 4283 (Matth.
1815 4215 1866 4268 7.
1891 4213 1981 4268 28.
2005 4212 2126 4281 29).

553 4309 661 4363 Cur
712 4318 888 4363 autem
945 4317 1179 4363 montem
1225 4323 1366 4362 nunc
1390 4308 1538 4374 adiit,
1569 4317 1624 4363 et
1656 4308 1726 4362 ibi
1754 4308 1976 4363 sedebat
2011 4324 2132 4363 cum

553 4399 865 4469 discipulis?
899 4398 980 4455 Ob
1019 4400 1251 4454 futurum
1302 4400 1531 4469 signum.
1578 4399 1729 4464 Quod
1759 4408 1935 4454 autem
1967 4399 2131 4454 disci-

554 4490 664 4560 puli
707 4500 911 4545 tantutn
949 4492 1309 4556 ascenderint,
1352 4491 1439 4545 illa
1486 4492 1667 4561 populi
1710 4506 1816 4545 non
1859 4492 2133 4562 sequentis

526 4596 527 4599 ‘
556 4586 711 4655 culpa
733 4596 833 4640 est.
862 4586 1044 4655 Neque
1070 4585 1171 4640 hac
1197 4585 1368 4641 solum
1394 4585 1461 4639 de
1485 4600 1644 4640 causa
1675 4595 1911 4640 montem
1939 4585 2129 4655 petiit,

552 4676 645 4730 sed
676 4678 841 4731 etiam
869 4685 925 4730 ut
953 4692 1050 4732 nos
1076 4676 1322 4743 doceret,
1362 4677 1643 4731 tumultum
1671 4686 1725 4731 et
1768 4678 1971 4731 turbam
2011 4691 2132 4732 esse

552 4766 820 4820 vitandam
843 4808 858 4834 ,
888 4779 1045 4837 atque
1082 4768 1326 4823 idoneam
1366 4768 1717 4837 philosolihia:
1743 4752 1864 4825 esse
1889 4770 2133 4824 solitudi-

552 4870 698 4911 nem.
730 4856 884 4926 Sa'pe
925 4868 1099 4912 autem
1140 4860 1254 4928 ipse
1296 4860 1443 4913 solus
1487 4868 1720 4914 montem
1764 4860 2033 4925 ascendit,
2077 4869 2131 4915 et

552 4957 832 5020 peruoctat
858 4964 1037 5013 orans,
1062 4959 1118 5004 ut
1148 4966 1244 5005 nos
1268 4950 1476 5016 doceat,
1505 4966 1627 5005 eum
1651 4952 1738 5021 qui
1759 4953 1825 5006 ad
1848 4952 2012 5006 Deum
2040 4968 2130 5006 ac-

550 5040 714 5106 cedit,
744 5040 887 5095 omni
917 5041 1139 5095 tumultu
1171 5056 1393 5096 vacuum
1426 5056 1564 5107 esse,
1598 5050 1652 5097 et
1680 5044 2018 5119 tranquillum
2048 5043 2129 5099 lo-

552 5150 674 5189 cum
704 5148 947 5203 quaerere
973 5132 1190 5188 debere.
1224 5135 1350 5188 Erat
1376 5146 1540 5188 autem
1571 5136 1855 5205 proximum
1883 5134 2086 5190 Pascha
2108 5176 2124 5200 ,

553 5227 660 5279 dies
685 5229 843 5295 {estus
875 5223 1194 5278 Judazornm.
1220 5225 1345 5292 Cur,
1378 5226 1604 5295 inquies,
1635 5243 1742 5282 non
1780 5227 2021 5283 ascendit
2061 5227 2129 5282 ad

549 5316 693 5370 diem
739 5314 967 5383 festum,
999 5315 1094 5371 sed
1134 5332 1253 5371 cum
1292 5332 1479 5372 omnes
1516 5318 1901 5390 Jerosolymam
1946 5335 2134 5390 perge-

552 5419 694 5475 rent,
734 5411 847 5480 ipse
884 5412 937 5466 in
977 5410 1248 5467 Galilaeam
1286 5413 1466 5466 venit:
1500 5428 1672 5483 neque
1701 5414 1814 5482 ipse
1842 5413 2005 5477 solus,
2034 5412 2133 5468 sed

551 5515 677 5555 cum
709 5500 1013 5571 discipulis,
1044 5510 1098 5557 et
1128 5502 1251 5558 inde
1279 5502 1331 5555 in
1362 5500 1735 5571 Capernaum?
1760 5502 2018 5557 Paulatim
2052 5501 2128 5556 le-

557 5606 676 5660 gem
708 5594 884 5661 solvit,
930 5610 996 5649 ex
1043 5593 1347 5649 Judaaorum
1392 5595 1623 5665 nequitia
1670 5595 2002 5650 occasionem
2045 5611 2145 5649 can

560 5690 737 5750 ptans.
792 5684 844 5739 5.
899 5683 963 5738 Et
1011 5702 1122 5739 cum
1170 5686 1470 5739 sublevasset
1524 5686 1714 5751 oculos,
1765 5686 1886 5739 vidit
1938 5686 2135 5739 turbam

508 5852 513 5859 .
558 5774 794 5829 multam.
848 5775 944 5831 llic
980 5777 1214 5833 ostendit
1259 5777 1432 5847 ipsum
1477 5793 1763 5848 numquam
1814 5779 1928 5835 sine
1973 5794 2135 5835 causa

2274 725 2477 783 sedisse
2514 746 2633 787 cum
2678 734 2985 807 discipulis;
3030 743 3123 798 sed
3169 744 3407 802 fortassis
3446 759 3502 803 ut
3545 756 3825 810 accuratius

2272 815 2417 883 ipsos
2439 820 2801 891 alloqueretur
2825 838 2880 883 et
2903 830 3133 898 doceret,
3160 850 3358 906 eosque
3382 840 3479 892 sibi
3507 840 3787 899 devinciret
3810 864 3821 898 :

2272 910 2413 964 unde
2445 912 2698 971 discimus
2741 932 2990 987 quantam
3031 925 3242 983 illorum
3276 932 3660 997 providentiam
3690 953 3826 1005 gere-

2273 1008 2381 1095 ret,
2418 1020 2589 1095 quam
2637 1019 2697 1059 se
2734 1011 3057 1082 demitteret,
3104 1027 3161 1072 ut
3207 1034 3265 1074 se
3295 1022 3398 1076 illis
3436 1034 3821 1095 attemperaret.

2272 1092 2539 1186 Sedebant
2568 1113 2695 1153 vero
2720 1102 2896 1166 simul,
2929 1121 3047 1161 sese
3077 1108 3301 1166 fortasse
3331 1124 3511 1169 mutuo
3543 1092 3823 1186 respicien-

2270 1193 2368 1237 tes.
2407 1185 2597 1242 Deinde
2629 1193 2899 1259 respiciens
2936 1198 3068 1252 videt
3100 1204 3471 1256 multitudinem
3501 1185 3821 1263 accedentem.

2340 1273 2674 1347 Evangelistte
2703 1285 3051 1359 conciliantur.
3086 1320 3155 1330 —
3178 1291 3367 1347 Cat-teri
3391 1299 3723 1366 evangelista:
3747 1301 3822 1354 di-

2266 1374 2392 1418 cunt
2433 1366 2718 1437 discipulos
2757 1376 3068 1433 accedentes
3106 1396 3319 1451 rogasse
3349 1393 3403 1438 et
3431 1386 3737 1444 obsecrasse
3762 1391 3823 1444 il—

2266 1454 2374 1549 lum
2421 1473 2488 1512 ne
2526 1459 2815 1517 dimitteret
2856 1481 2948 1521 eos
2986 1468 3233 1537 jejunos;
3268 1472 3352 1528 hic
3379 1491 3506 1530 vero
3534 1478 3819 1549 Philippum

2266 1547 2466 1604 inducit
2507 1566 2535 1605 a
2579 1553 2790 1610 Christo
2820 1558 3222 1629 interrogatum.
3261 1565 3555 1638 Utrumque
3581 1547 3717 1627 mihi
3737 1589 3821 1632 ve-

2270 1653 2387 1692 rum
2419 1641 2642 1708 videtur,
2673 1646 2766 1700 sed
2806 1664 2910 1703 non
2952 1652 3138 1707 eodem
3172 1655 3286 1723 ipso
3325 1666 3561 1728 tempore
3589 1672 3817 1731 gestum;

2262 1733 2357 1788 sed
2405 1736 2546 1791 aliud
2592 1740 2815 1795 alterum
2861 1747 3219 1813 praecessisse,
3260 1749 3330 1802 ita
3376 1760 3431 1804 ut
3481 1768 3567 1807 res
3606 1754 3819 1814 diversa

2260 1835 2565 1884 narrentur.
2595 1830 2701 1885 Cur
2748 1847 2877 1903 ergo
2922 1834 3219 1905 Philippum
3262 1838 3588 1911 interrogat?
3619 1844 3820 1902 Sciebat

2258 1916 2347 1983 qui
2376 1916 2618 1987 discipuli
2654 1920 2771 1989 plus
2795 1922 3035 1979 doctrina
3067 1938 3301 1995 egerent.
3332 1930 3427 1985 llic
3455 1934 3594 2001 enim
3626 1947 3706 1989 est
3735 1938 3818 2006 qui

2260 2019 2438 2077 postea
2468 2009 2637 2066 dicit:
2673 2014 2890 2070 Ostende
2931 2019 3072 2072 nobis
3118 2019 3343 2087 Patrem,
3379 2032 3425 2076 et
3460 2026 3637 2094 stt/[icit
3685 2028 3819 2082 nobis

2261 2098 2436 2168 (Joan.
2496 2103 2583 2155 l4.
2634 2104 2710 2173 8).
2758 2106 2883 2161 ldeo
2926 2109 3071 2177 prius
3112 2109 3257 2164 illum
3304 2112 3552 2167 instituit.
3592 2114 3724 2169 Nam
3776 2119 3815 2170 si

2256 2193 2457 2263 absque
2506 2196 2614 2248 ullo
2651 2207 2906 2267 apparatu
2946 2200 3155 2270 signum
3195 2203 3393 2258 editum
3438 2206 3660 2272 fuisset,
3717 2224 3815 2263 non

2258 2292 2459 2339 tantum
2500 2290 2831 2356 apparuisset
2868 2292 3177 2348 miraculum
3210 2312 3221 2346 :
3252 2294 3359 2363 jam
3402 2312 3530 2350 vero
3561 2300 3707 2367 prius
3731 2314 3815 2354 cu-

2254 2384 2337 2429 rat
2358 2386 2413 2429 ut
2444 2379 2714 2446 penuriam
2743 2381 3076 2451 confiteatur,
3109 2393 3165 2437 ut
3193 2384 3315 2439 hinc
3343 2387 3512 2457 majus
3542 2388 3637 2457 ipsi
3670 2389 3814 2444 vide-

2253 2479 2402 2522 retur
2430 2471 2765 2525 miraculum.
2815 2472 2945 2528 Vide
2991 2475 3114 2544 quid
3149 2475 3288 2531 dicat
3318 2478 3407 2532 ille
3441 2497 3455 2533 :
3499 2477 3645 2533 Unde
3680 2482 3815 2535 nobis

2252 2566 2323 2611 tot
2344 2575 2518 2627 panes,
2564 2573 2619 2616 ut
2654 2561 2955 2617 manducent
2996 2565 3091 2618 hi?
3120 2566 3208 2620 Sic
3239 2568 3289 2621 in
3320 2569 3482 2622 veteri
3514 2570 3625 2639 lege
3651 2569 3813 2641 Moysi

2251 2651 2491 2716 dicebat,
2527 2650 2685 2722 idque
2720 2662 3000 2724 antequam
3030 2656 3337 2711 miraculum
3380 2669 3609 2728 patraret
3637 2680 3651 2715 :
3684 2661 3815 2727 Quid

2249 2753 2322 2797 est
2346 2744 2399 2798 in
2426 2760 2579 2798 manu
2603 2746 2733 2814 tua(
2765 2746 2933 2801 Exod.
2957 2749 3011 2802 4.
3040 2749 3161 2819 2)?
3204 2753 3335 2818 Quia
3376 2754 3519 2806 enim
3561 2755 3809 2807 miracula

2247 2850 2366 2904 quae
2396 2844 2615 2905 repente
2641 2838 2905 2905 accidunt,
2936 2839 3173 2907 priorum
3202 2841 3353 2898 nobis
3383 2842 3698 2919 oblivionem
3736 2846 3819 2897 in-

2247 2927 2443 2980 ducere
2470 2928 2660 2993 solent,
2697 2931 2868 2998 primo
2889 2930 3034 2986 illum
3061 2932 3396 2988 confessione
3424 2949 3517 2988 sua
3539 2934 3808 3005 alligavit,

2246 3028 2303 3071 ut
2332 3034 2435 3073 non
2465 3018 2657 3075 deinde
2681 3031 2897 3090 stupore
2922 3025 3197 3092 perculsus
3222 3025 3478 3080 confessa:
3502 3027 3577 3081 rei
3604 3042 3813 3081 memo—

2244 3110 2376 3163 riam
2416 3110 2691 3181 abjiceret,
2730 3121 2784 3166 et
2827 3114 2949 3168 hinc
2984 3116 3382 3183 comparatione
3410 3115 3545 3170 facta
3573 3117 3810 3171 miraculi

2243 3202 2659 3270 magnitudinem
2713 3203 3009 3270 edisceret;
3064 3206 3203 3276 quod
3258 3206 3343 3260 hic
3389 3207 3546 3261 etiam
3596 3207 3805 3261 accidit.

2244 3293 2628 3365 Interrogatus,
2659 3296 2747 3349 ille
2767 3298 3052 3369 respondet
3082 3316 3095 3351 :
3130 3299 3181 3352 7.
3215 3298 3552 3353 Ducentorum
3573 3300 3807 3373 denariu-

2240 3404 2355 3440 rum
2382 3404 2535 3457 panes
2561 3404 2660 3442 non
2686 3390 2933 3459 suﬁciunt
2960 3391 3083 3455 illis,
3116 3402 3170 3443 ut
3200 3392 3535 3461 unusquisque
3559 3392 3810 3445 modicum

2239 3481 2360 3547 quid
2399 3483 2633 3551 accipiat.
2678 3482 2730 3536 6.
2784 3482 2894 3536 Hoc
2925 3495 3090 3537 autem
3131 3485 3322 3537 dicebat
3369 3493 3565 3538 tentans
3604 3484 3750 3539 illunt
3787 3500 3811 3538 .'

2239 3573 2346 3641 ipse
2382 3574 2513 3625 enim
2550 3574 2731 3627 sciebat
2775 3574 2899 3644 quid
2935 3585 3056 3629 esset
3104 3578 3351 3646 facturus.
3391 3576 3523 3645 Quid
3546 3577 3643 3632 sibi
3673 3578 3809 3642 vult,

2242 3661 2459 3716 Tentans
2496 3664 2676 3717 illum?
2714 3680 2839 3718 num
2879 3666 3155 3735 ignorabat
3193 3666 3318 3736 quid
3354 3666 3592 3722 dicturus
3628 3668 3805 3722 esset?

2240 3753 2352 3807 Hoc
2379 3754 2483 3807 dici
2514 3754 2712 3823 nequit.

2307 3845 2362 3899 2.
2404 3846 2654 3913 Quaenam
2705 3862 2833 3917 ergo
2881 3857 2966 3903 est
3011 3848 3137 3904 dicti
3190 3849 3491 3905 sententia?
3518 3850 3597 3905 Ex
3638 3851 3812 3905 veteri

2240 3938 2355 4007 lege
2383 3953 2664 4007 possumus
2701 3940 2842 3995 illam
2871 3941 3132 3997 ediscere.
3162 3942 3289 3996 Nam
3324 3943 3395 3997 ibi
3434 3958 3644 4013 quoque
3673 3943 3814 3997 dici-

2241 4038 2324 4083 tur
2353 4048 2366 4080 :
2408 4028 2528 4082 Post
2573 4031 2678 4084 lucc
2715 4033 2918 4085 tentavit
2946 4030 3084 4086 Deus
3117 4032 3391 4094 Abraham,
3420 4035 3588 4087 dicens
3617 4050 3635 4087 :
3664 4032 3815 4087 Tolle

2238 4121 2403 4189 ﬁlium
2433 4131 2571 4174 tuum
2597 4122 2926 4191 unigenitum,
2955 4140 3101 4191 quem
3129 4126 3320 4196 diligis,
3354 4124 3503 4178 Isaac
3532 4124 3677 4195 (Gen.
3712 4124 3809 4178 22.

2239 4215 2289 4268 l.
2310 4214 2385 4284 2).
2406 4213 2586 4283 Neque
2616 4216 2756 4268 enim
2776 4213 2825 4268 id
2841 4216 2989 4281 dixit,
3014 4226 3070 4269 ut
3099 4217 3432 4285 experiretur
3451 4232 3516 4270 an
3540 4216 3815 4286 obsequu-

2239 4315 2388 4361 turus
2434 4317 2594 4374 esset,
2640 4323 2836 4372 necne;
2872 4317 3053 4377 utpote
3092 4311 3179 4378 qui
3220 4310 3395 4363 omnia
3436 4310 3612 4363 videat
3655 4317 3815 4364 ante-

2237 4414 2394 4468 quam
2414 4399 2539 4453 liant
2555 4399 2718 4471 (Dan.
2739 4400 2823 4456 l5.
2848 4400 2941 4470 42)
2968 4419 2980 4455 :
3005 4401 3098 4455 sed
3120 4403 3350 4456 humano
3367 4418 3513 4456 more
3528 4411 3815 4470 utrumque

2236 4489 2431 4549 dictum
2463 4500 2563 4544 est.
2590 4490 2658 4546 Ut
2693 4505 2812 4544 cum
2855 4491 3002 4556 dicit,
3048 4490 3316 4546 Scrutatur
3354 4493 3508 4545 corda
3549 4492 3815 4545 hominum

2237 4577 2409 4651 (Rom.
2444 4580 2496 4635 8.
2529 4579 2652 4650 27),
2690 4597 2793 4636 non
2834 4583 3181 4651 ignorantiam
3213 4623 3228 4648 ,
3260 4583 3353 4638 sed
3383 4595 3682 4638 accuratam
3712 4598 3815 4638 co-

2235 4675 2522 4744 gnitionem
2552 4675 2784 4741 indicat;
2811 4678 2889 4729 sic
2912 4690 3030 4729 cum
3054 4676 3200 4740 dicit,
3228 4676 3477 4742 Tentavit,
3507 4676 3634 4730 nihil
3662 4676 3814 4731 aliud

2235 4766 2334 4819 sibi
2380 4766 2511 4830 vult,
2563 4781 2722 4833 quam
2770 4767 2941 4835 ipsum
2987 4778 3233 4821 accurate
3277 4767 3505 4820 novisse.
3535 4765 3633 4820 Vel
3663 4766 3819 4821 aliud

2234 4859 2336 4913 dici
2383 4860 2568 4929 possit,
2619 4860 2789 4928 ipsum
2836 4874 3029 4927 nempe
3065 4859 3415 4928 probatiorem
3460 4875 3581 4912 eum
3628 4858 3820 4913 reddi—

2235 4950 2398 5015 disse,
2427 4951 2551 5005 dum
2581 4961 2631 5004 et
2665 4961 2788 5005 tunc
2814 4950 3197 5013 Abrahamum,
3236 4958 3288 5002 et
3327 4964 3468 5003 nunc
3505 4949 3817 5018 Philippum

2234 5059 2330 5112 per
2359 5043 2823 5113 interrogationem
2857 5043 2908 5096 in
2952 5042 3208 5111 majorem
3254 5042 3389 5110 signi
3436 5041 3678 5094 notitiam
3709 5040 3823 5096 de-

2240 5138 2408 5193 duxit.
2438 5136 2768 5206 Quapropter
2805 5136 3155 5204 evangehsm,
3190 5148 3256 5187 ne
3281 5148 3347 5187 ex
3372 5133 3517 5186 verbi
3550 5133 3821 5202 simplici-

2239 5239 2347 5285 tate
2367 5230 2493 5301 quid
2522 5228 2807 5283 absurdum
2832 5229 3180 5296 suspicareris
3203 5267 3218 5291 ,
3243 5223 3447 5279 addidit
3478 5236 3492 5277 :
3528 5222 3552 5276 l
3560 5241 3647 5293 pse
3675 5225 3822 5277 enim

2239 5324 2422 5378 sciebat
2447 5323 2567 5391 quid
2586 5330 2712 5376 esset
2740 5323 2984 5391 facturus.
3014 5318 3277 5373 Caeterum
3305 5316 3431 5371 illud
3458 5317 3686 5371 maxime
3718 5316 3825 5371 ob-

2244 5414 2594 5478 servandum,
2638 5411 2905 5482 quomodo
2948 5425 3069 5463 cum
3122 5424 3283 5477 prava
3336 5408 3569 5478 suspicio
3622 5407 3820 5470 adest,

2240 5505 2418 5560 statim
2446 5518 2563 5558 eam
2592 5501 2912 5571 evangelista
2941 5499 3219 5570 diligenter
3242 5506 3501 5552 amoveat.
3556 5496 3625 5553 Ut
3654 5498 3827 5565 igitur

2242 5594 2343 5649 hoc
2370 5595 2488 5649 loco
2515 5608 2581 5648 ne
2605 5592 2730 5663 quid
2756 5590 2931 5647 simile
2956 5592 3355 5660 suspicarentur
3374 5588 3665 5650 auditores,
3690 5602 3828 5641 cor-

2241 5686 2531 5741 rectionem
2570 5683 2706 5739 banc
2745 5683 2948 5738 addidit
2981 5699 2996 5736 :
3028 5680 3052 5734 l
3061 5698 3149 5753 pse
3173 5682 3306 5735 enim
3328 5680 3508 5736 sciebat
3537 5679 3658 5749 quid
3685 5686 3833 5733 esset

2245 5782 2512 5852 facturus;
2537 5778 2613 5833 sic
2637 5785 2691 5833 et
2719 5777 2821 5846 ibi,
2849 5791 2968 5833 cum
2998 5777 3070 5835 ait
3103 5794 3115 5828 :
3145 5775 3312 5831 Juduri
3344 5776 3487 5829 illum
3521 5788 3831 5843 perseque-
