4100 6364
244 436 345 493 239

1287 444 1354 499 IN
1389 441 1705 501 JOANNEM
1740 446 1973 505 HOMIL.
2010 451 2165 509 XLII.
2205 456 2275 509 al.
2307 454 2442 508 XLI.

3362 459 3469 512 ΞΜ)

247 574 3438 605 ..__._____.______._____________________________________

1684 662 1925 715 OMIAIA
1963 665 2096 717 MII’.

238 748 395 804 Μετὰ
426 746 919 820 ταῦταᾼάπῆλθεν
948 752 999 803 όκ
1032 751 1259 817 Ἰησοῦς
1304 753 1490 819 πέραν
1539 753 1649 820 τῆς
1695 758 1795 807 θα-

302 824 545 891 λάσσης
570 817 678 891 τῆς
708 821 1031 891 Γαλιλαίας
1061 823 1147 886 εἰς
1176 823 1246 875 τὰ
1261 817 1410 889 μέρὴ
1440 817 1797 891 Τιϐεριάδος·

304 890 403 943 καὶ
454 890 767 960 ὴκοάούθει
796 890 953 953 αὐτῷ
998 889 1181 958 ὄχλος
1220 892 1433 952 πολὺς,
1474 889 1571 945 ὅτι
1608 892 1803 960 ἐώρων

307 962 379 1013 τιί
432 958 650 1025 σημεῖα
707 956 745 1011 ά
798 960 979 1011 ἐποίει
1032 956 1133 1012 ’ἐπὶ
1188 961 1304 1012 τῶν
1362 956 1796 1016 ἀσθενούντων.

317 1027 569 1095 Ὰπῆλϋε
615 1026 683 1096 δὲ
729 1031 815 1094 εις
848 1030 983 1096 ὄρος
1025 1032 1056 1082 ὁ
1098 1030 1346 1095 Ἰησοῦς,
1387 1032 1484 1083 καὶ
1511 1033 1639 1085 ἐκεῖ
1660 1033 1799 1085 ἐκά-

303 1103 446 1173 θητο
482 1095 640 1173 ’μετὰ
690 1096 811 1173 τῶν
826 1095 1119 1173 ᾉμαρητῶν
1145 1101 1350 1156 αὐτοῦ.
1374 1097 1484 1156 Ἦν
1524 1101 1591 1155 δὲ
1623 1102 1801 1173 ἐγγὺς

304 1168 374 1220 τὸ
412 1167 621 1235 πάσχα
646 1167 766 1221 τῶν
798 1168 1118 1222 Ἰουδαίων.

302 1250 372 1306 α’.
400 1253 523 1314 Τοῖς
545 1251 734 1314 δεινοῖς
758 1250 978 1323 ἀνδράσι
1000 1252 1072 1322 μὴ
1095 1254 1256 1322 ὁμόσε
1273 1254 1554 1323 χωρῶμεν,
1587 1256 1802 1325 ἀγαπη-

233 1336 333 1389 τοί·
384 1335 520 1387 ἀλλά
570 1335 925 1405 μανθάνωμεν
959 1348 1007 1396 δ,
1045 1336 1171 1389 ὅταν
1214 1338 1378 1405 μηδὲν
1432 1339 1799 1409 παραϐλάπτῃ

234 1421 330 1489 τὴν
358 1418 630 1488 ἡμετέραν
666 1418 886 1488 ἀρετὴν,
917 1417 1112 1471 διδόναι
1157 1419 1320 1472 τόπον
1348 1420 1525 1472 αὐτῶν
1550 1424 1669 1483 ταῖς
1697 1439 1798 1473 πο-

232 1504 424 1571 νηραῖς
469 1499 795 1562 ἐπιϐουλαῖς.
834 1499 989 1552 Οῦτω
1018 1501 1123 1571 γὰρ
1156 1502 1387 1554 παύεται
1419 1504 1565 1555 πᾶσα
1597 1503 1797 1571 θρασύ-

232 1600 350 1652 της.
387 1584 494 1636 Καὶ
522 1582 669 1653 1248]
701 1582 949 1653 καθάπερ
974 1581 1041 1634 τὰ
1068 1584 1289 1637 ἀκόντια
1316 1585 1443 1637 ὅταν
1473 1588 1552 1647 εἰς
1580 1587 1796 1639 ἐντετα-

235 1667 395 1735 μένον
431 1667 458 1705 δ
496 1666 707 1735 ἐμπέσῃ
738 1683 789 1717 τι
820 1666 911 1717 καὶ
938 1666 1169 1734 σκληρὸν
1194 1667 1287 1718 καὶ
1315 1667 1621 1731 ἀντιτυπές,
1661 1670 1798 1737 μετά

234 1749 431 1819 πολλῆς
470 1750 567 1818 τῆς
621 1748 797 1819 ῥύμης
835 1750 1228 1814 ἐξακοντίζεται
1270 1750 1359 1803 ἐπί
1390 1752 1513 1814 τοὺς
1542 1752 1794 1805 ἀποστεί-

232 1830 427 1894 λαντας
459 1830 637 1883 πάλιν’
671 1832 798 1884 ὅταν
826 1830 881 1882 δέ
908 1830 967 1882 τὸ
1002 1831 1250 1899 ῥαγδαῖον
1293 1834 1392 1902 τῆς
1438 1834 1679 1901 ἀφέσεως
1720 1836 1794 1906 μὴ

234 1915 325 1983 ἔχῃ
356 1914 417 1965 τὸ
453 1914 795 1975 ἀντιπίπτον,
825 1913 1073 1966 ἐκλύεται
1098 1914 1306 1983 ταχέως
1339 1918 1431 1969 καὶ
1454 1918 1628 1987 λήγει’
1654 1919 1795 1973 οὕτω

234 1998 324 2049 καὶ
351 1997 443 2048 ἐπὶ
468 1995 577 2047 τῶν
603 1996 1014 2065 θρασυνομένων
1054 1996 1149 2048 ἀνθ
1159 1998 1375 2068 ρώπων,
1416 2000 1542 2053 ὅταν
1577 2002 1673 2070 μὲν
1699 2004 1796 2054 αύ-

232 2084 339 2143 τοίς
387 2082 555 2151 ὁμόσε
596 2080 883 2151 χωρῶμεν,
922 2080 1259 2151 ἀγριαίνουσι
1308 2082 1526 2152 μᾶλλον
1563 2086 1689 2138 ὃταν
1737 2088 1796 2140 δὲ

232 2166 463 2233 εῖκωμεν
496 2164 591 2216 καὶ
631 2163 1067 2233 παραχωρῶμεν,
1102 2163 1352 2234 χαλῶμεν
1391 2165 1587 2237 ῥᾳδίως
1615 2169 1793 2222 πᾶσαν

232 2247 404 2298 αὐτῶν
430 2246 531 2316 τὴν
560 2246 773 2316 μανίαν.
803 2247 897 2299 Διὰ
914 2246 970 2298 δὲ
998 2246 1153 2299 τοῦτο
1176 2250 1270 2300 καὶ
1291 2249 1319 2300 6
1347 2250 1578 2318 Χριστὸς
1609 2251 1792 2322 ἐπειδὴ

230 2332 477 2401 ἤκουσεν,
516 2332 597 2382 ὅτι
629 2331 867 2401 ἥκουσαν
887 2330 937 2381 οί
967 2331 1249 2399 Φαρισαῖοι
1281 2332 1359 2384 δτι
1389 2332 1595 2402 Ἰησοῦς
1625 2334 1795 2387 πλείο-

229 2431 321 2477 νας
353 2414 599 2483 μαθητὰς
637 2416 781 2466 ποιεῖ
824 2414 919 2466 καὶ
958 2413 1209 2483 βαπτίζει
1248 2416 1280 2485 ἢ
1319 2416 1586 2487 Ἰωάννης,
1632 2414 1793 2490 ἦλθεν

228 2499 304 2559 εἰς
330 2497 429 2566 τὴν
461 2496 767 2561 Γαλιλαίαν,
811 2498 902 2549 τὸν
949 2497 1140 2566 φθόνον
1185 2499 1363 2552 αὐτῶν
1410 2500 1650 2565 σϐεννὺς,
1698 2504 1793 2556 καὶ

226 2578 317 2630 τὸν
349 2580 539 2648 θυμόν,
571 2579 629 2632 ὃν
662 2580 803 2642 εἰκὸς
832 2576 900 2649 ἦν
928 2580 1034 2632 ἀπὸ
1060 2581 1261 2633 τούτων
1289 2582 1543 2652 τεχθῆναι
1568 2584 1674 2637 τῶν
1702 2585 1792 2637 λάε

228 2680 356 2731 γων,
384 2663 472 2716 διὰ
500 2664 601 2731 τῆς
645 2664 1042 2734 ἀναχωρήσεως
1085 2666 1502 2737 καταπραΰνων.
1536 2668 1681 2739 Πλὴν
1714 2670 1793 2733 είς

227 2756 321 2817 τήν
370 2747 654 2801 Γαλιλαίαν
702 2748 862 2801 πάλιν
900 2749 1290 2818 ἀπερχόμενος.
1342 2753 1402 2803 ού
1450 2754 1561 2815 τοῖς
1610 2754 1792 2817 αὐτοῖς

227 2830 489 2883 ἐπιϐαίνει
521 2832 722 2893 τόποις·
762 2831 821 2883 ού
857 2830 965 2901 γὰρ
1002 2834 1081 2895 είς
1116 2833 1269 2886 Κανᾶ
1298 2830 1476 2904 ἦλθεν,
1516 2835 1650 2887 ἀλλά
1695 2836 1791 2889 πέ-

230 2932 328 2984 ραν
353 2916 450 2984 τῆς
478 2915 772 2985 Θαλάσσης.
816 2917 905 2966 Διὸ
944 2917 1039 2968 καὶ
1087 2916 1407 2986 ἠκολούθουν
1454 2917 1601 2988 αὐτῷ
1646 2920 1791 2989 ὄχλοι

226 2999 429 3055 πολλοὶ.
463 2998 792 3071 θεωροῦντες
823 2999 984 3052 αὑτοῦ
1020 2999 1087 3053 τά
1123 3004 1319 3070 σημεῖα
1350 3001 1385 3053 ἂ
1418 3001 1605 3054 ἐποίει.
1657 3004 1791 3056 Ποῖα

228 3085 455 3152 (mpsim
499 3082 640 3135 διατί
676 3082 751 3153 μὴ
792 3083 931 3135 αὑτά
963 3082 1108 3145 λέγει
1142 3095 1164 3121 ο
1216 3087 1335 3136 κατ’
1372 3080 1545 3149 εἷδος;
1571 3086 1692 3139 Ὀτι
1730 3087 1791 3139 τὸ

224 3166 386 3217 πλέον
414 3164 509 3218 τοῦ
544 3165 747 3235 βιϐλίου
772 3158 925 3228 οὗτος
959 3166 1191 3236 μάλιστα
1229 3168 1257 3218 ὁ
1294 3167 1686 3239 εύαγγελιστὴς
1732 3171 1790 3222 ἐν

221 3253 332 3312 τοῖς
348 3250 526 3317 λόγοις
546 3250 638 3303 καὶ
665 3252 784 3311 ταῖς
811 3249 1173 3319 δημηγορίαις
1201 3249 1577 3303 καταναλῶσαι
1601 3250 1792 3303 ἐσπού-

220 3332 402 3386 δασεν.
429 3334 567 3403 Ὅρα
600 3332 730 3400 γοῦν
758 3332 876 3395 πῶς
914 3335 971 3384 ἐν
999 3332 1227 3402 ἐνιαυτῷ
1248 3332 1567 3404 ὁλοκλήρῳ,
1591 3334 1788 3404 μᾶλλον

219 3416 279 3469 δὲ
312 3416 431 3477 πῶς
459 3417 552 3469 καὶ
578 3415 671 3468 νῦν
704 3417 759 3467 ἐν
794 3419 857 3486 τῇ
894 3417 1052 3485 ἑορτῇ
1086 3413 1181 3466 τοῦ
1229 3417 1410 3485 πάσχα
1442 3417 1593 3469 οὐδὲν
1628 3418 1788 3469 πλέον

220 3501 369 3569 ἡμᾶς
406 3498 605 3562 ἐδίδαξε
640 3499 878 3568 σημείων
909 3500 1113 3560 ἕνεκεν,
1154 3498 1185 3569 ἢ
1234 3500 1314 3551 ὅτι
1344 3500 1435 3551 τὸν
1482 3500 1787 3570 παράλυτον

223 3585 381 3652 μόνον
413 3582 765 3651 ἐθεράπευσε,
802 3582 893 3633 καὶ
944 3581 1036 3634 τὸν
1085 3580 1197 3633 υἱὸν
1226 3581 1318 3633 τοῦ
1370 3580 1669 3650 βασιλικοῦ.
1712 3583 1785 3636 Οὐ

219 3665 327 3736 γάρ
374 3665 534 3717 τοῦτο
598 3663 921 3727 ἐσπούδαζεν
970 3663 1109 3716 ὥστε
1164 3664 1375 3717 ἅπαντα
1442 3664 1783 3732 καταλέγειν,

220 3748 405 3819 ἐπιδὴ
434 3749 566 3818 μηδὲ
608 3748 828 3801 δυνατὸν
857 3745 944 3819 ἦν’
984 3748 1099 3801 ἀλλ’
1150 3751 1213 3801 ἐκ
1252 3748 1458 3801 πολλῶν
1492 3750 1584 3801 καὶ
1619 3752 1787 3819 μεγά-

217 3831 325 3885 λων
377 3833 553 3899 ὀλίγα.
608 3832 716 3885 Καὶ
764 3831 1096 3898 ἠκολούθει,
1152 3832 1334 3900 φησὶν,
1382 3832 1543 3896 αὐτῷ
1604 3833 1786 3902 ὄχλος

216 3916 432 3980 πολὺς,
468 3915 559 3967 ὅτι
602 3914 796 3981 ἐώρων
826 3914 897 3967 τὰ
919 3913 1136 3982 σημεῖα
1163 3913 1199 3967 ά
1230 3916 1434 3967 ἐποίει.
1469 3916 1543 3967 Ού
1581 3917 1785 3986 σφόδρα

216 3999 443 4067 βεϐαίας
488 3998 723 4060 διανοίας
762 3999 796 4067 ἠ
845 3997 1197 4067 ἀκολούθησις
1245 3999 1293 4052 ά.
1349 3999 1629 4068 Τοσαύτης
1676 3999 1786 4071 γὰρ

211 4083 565 4145 διδασκαλίας
611 4081 1035 4144 ἀπολαύσαντες,
1085 4082 1193 4133 ἀπὸ
1244 4082 1351 4134 τῶν
1408 4084 1648 4151 σημείων
1694 4085 1778 4135 ἐνο

211 4168 414 4237 ήγοντο
436 4165 653 4235 μᾶλλον·
683 4166 712 4217 ὃ
732 4165 1040 4233 παχυτέρας
1068 4164 1287 4235 γνώμης
1315 4160 1402 4235 ἧν·
1436 4166 1512 4219 TC“
1535 4166 1642 4235 γὰρ
1671 4184 1781 4233 ση-

201 4249 363 4318 μεῖα,
411 4250 564 4318 φησὶ,
597 4248 720 4313 τοῖς
755 4248 1059 4313 ἀπίστοις,
1099 4249 1170 4299 οὺ
1211 4247 1334 4311 τοῖς
1366 4250 1778 4302 πιστεύουσιν.

223 4332 364 4385 Ἀλλ’
394 4333 495 4383 οὐκ
525 4333 726 4393 ἐκεῖνος
759 4332 787 4382 6
825 4329 992 4400 δῆμος
1032 4332 1059 4381 6
1093 4329 1241 4398 παρά
1270 4328 1347 4399 τῷ
1386 4330 1649 4402 Ματθαίῳ
1689 4330 1783 4384 οῦ-

206 4432 337 4479 τως,
368 4414 483 4467 ἀλλ’
512 4415 674 4467 ἄκουε
700 4412 817 4474 πῶς
840 4424 884 4465 θ.
925 4412 1413 4478 Ἔξεπλήσσοντο
1443 4414 1662 4477 πάντες
1682 4413 1781 4466 ἐπὶ

207 4495 286 4563 τῇ
316 4494 538 4565 διδαχῇ
562 4495 767 4555 αὑτοῦ,
788 4496 971 4563 φησὶν,
1002 4494 1091 4546 ὅτι
1118 4494 1436 4547 ἐδίδασκεν
1460 4495 1679 4560 αυτοὺς
1702 4496 1783 4559 ὡς

205 4580 505 4643 ἐξουσίαν
529 4581 702 4648 ἔχων.
728 4579 790 4630 Τί
818 4579 1013 4648 δήποτε
1047 4578 1103 4630 δέ
1139 4577 1200 4630 τὸ
1225 4578 1348 4647 ὅρος
1376 4578 1779 4649 καταλαμϐάνει

207 4662 323 4726 νῦν,
369 4664 467 4715 καὶ
516 4664 631 4713 ἐκεῖ
668 4661 897 4729 κάθηται
944 4661 1082 4730 μετά
1128 4661 1235 4712 τῶν
1267 4662 1559 4731 μαθητῶν;
1593 4662 1690 4715 Διά
1719 4661 1781 4715 τὸ

209 4745 402 4814 μέλλον
432 4744 651 4797 ἔσεσθαι
676 4747 918 4813 σημεῖον.
954 4744 1026 4795 Τὸ
1058 4743 1114 4795 δέ
1144 4744 1268 4805 τοὺς
1300 4744 1544 4814 μαθητάς
1576 4744 1781 4815 ἀναϐῆ-

205 4846 294 4881 ναι
323 4828 541 4897 μόνους,
571 4826 871 4897 κατηγορία
918 4826 1012 4878 τοῦ
1060 4827 1295 4897 πλήθους
1325 4824 1391 4898 ἦν
1420 4830 1519 4881 οὐκ
1554 4828 1780 4881 ἀκολου-

204 4912 474 4980 θήσαντος
509 4909 677 4979 αὐτῷ.
733 4911 808 4963 Οὐ
856 4910 1045 4962 τούτου
1088 4910 1144 4963 δὲ
1188 4910 1372 4964 ἕνεκεν
1423 4912 1579 4980 μόνον
1620 4912 1778 4965 τοῦτο

202 4999 369 5058 ποιεῖ,
421 4995 484 5046 τὸ
527 4995 651 5063 δρος
687 4992 1138 5061 καταλαμϐάνων,
1178 4993 1314 5045 ἀλλά
1365 4995 1459 5046 καὶ
1507 4996 1775 5049 παιδεύων

203 5079 352 5146 ἡμᾶς
388 5079 477 5130 ἀεὶ
512 5076 937 5129 διαναπαύεσθαι
982 5076 1091 5128 ἀπὸ
1133 5076 1239 5128 τῶν
1272 5076 1513 5146 θορύϐων
1556 5079 1776 5147 καὶτῆς

201 5163 264 5213 ἐν
296 5161 445 5230 μέσῳ
490 5159 755 5229 ταραχῆς·
803 5158 1102 5228 ἐπιτήδειον
1135 5159 1241 5229 γάρ
1278 5160 1412 5229 πρὸς
1458 5160 1775 5230 φιλοσοφίαν

198 5245 429 5315 ἐρημία.
464 5244 732 5306 Πολλάκις
758 5243 815 5295 δέ
847 5244 939 5295 καὶ
972 5242 1130 5311 μόνος
1173 5243 1332 5306 αὐτὸς
1359 5244 1418 5295 τὸ
1446 5244 1569 5314 ὅρος
1609 5262 1775 5298 κατα-

195 5328 489 5397 λαμϐάνει,
520 5328 616 5379 καὶ
658 5325 1057 5396 διανυκτερεύει
1100 5326 1192 5378 καὶ
1232 5324 1467 5395 εὔχεται,
1510 5327 1774 5381 διδάσκων

197 5413 349 5480 ἡμᾶς
395 5412 479 5463 ὅτι
527 5409 616 5460 τὸν
658 5408 890 5476 μάλιστα
922 5408 1041 5477 Θεῷ
1072 5410 1361 5477 προσιόντα
1390 5410 1569 5479 πάσης
1602 5411 1776 5480 ἀπηλ-

190 5492 398 5563 λάχθαι
431 5493 513 5544 δεῖ
544 5496 807 5561 ταραχῆς,
855 5492 949 5543 καὶ
998 5494 1186 5561 καιρὸν
1216 5493 1307 5544 καὶ
1343 5492 1505 5544 τόπον
1546 5494 1773 5563 θορύϐου

188 5576 442 5645 καθαρὸν
494 5574 791 5643 ἐπιζητεῖν.
841 5574 951 5626 Καὶ
992 5570 1071 5644 ἦν
1115 5576 1294 5644 ἐγγὺς
1341 5575 1405 5627 τὸ
1448 5575 1683 5645 Πάσχα,
1733 5579 1771 5645 ἡ

182 5658 374 5726 ἐορτὴ
408 5656 529 5709 τῶν
560 5658 882 5712 Ἰουδαίων.
920 5658 1042 5720 Πῶς
1091 5654 1183 5710 οὖν
1228 5660 1327 5711 οὐκ
1374 5659 1651 5713 ἀναϐαίνει
1696 5663 1776 5722 είς

182 5742 296 5811 τὴν
318 5742 539 5811 ἑορτὴν,
567 5742 751 5809 φησὶν,
785 5741 919 5794 ἀλλά
963 5743 1176 5795 πάντων
1205 5743 1572 5813 ἐπειγομένων
1598 5745 1679 5806 εἰς
1706 5745 1776 5798 τά

197 5825 584 5895 Ἱεροσόλυμα,
622 5824 785 5886 αὐτὸς
828 5826 907 5887 είς
958 5824 1055 5894 τὴν
1095 5826 1382 5879 Γαλιλαίαν
1409 5826 1644 5896 ἔρχεται,
1679 5830 1774 5880 καὶ¹

258 5913 288 5936 ⁸
315 5907 627 5956 Ποτειάλλὰ
639 5908 928 5970 ἀγαπῶμενη
962 5907 991 5945 δ
1011 5906 1107 5970 Alii
1131 5911 1194 5963 εἰς
1215 5911 1559 5970 διατεταμένον.
1615 5912 1638 5941 ο
1660 5911 1775 5968 Qui-

182 5973 310 6039 d_atn
328 5971 519 6039 pabepl
540 5971 720 6039 λέγεις.Δ
816 5966 977 6039 ⁷8ῃὶίὶ
997 5969 1059 6039 of)!
1086 5971 1265 6039 σφόδρα
1294 5966 1557 6039 ςιιλοσόφου
1588 5966 1776 6039 γνῴήμῃς

184 6034 281 6109 ηεξ),
304 6032 565 6104 εἰρημένον.
637 6032 662 6060 °
694 6032 794 6079 Alii
829 6032 898 6076 τῶ
931 6032 1159 6094 Ματθαίῳ
1190 6032 1421 6087 τοιοῦτος.
1458 6033 1579 6081 Ibid.
1621 6035 1769 6081 Savil.

346 6108 465 6149 πως.

1910 756 2009 808 οὐκ
2037 756 2198 819 αὐτὸς
2228 758 2405 827 μόνος,
2434 760 2566 812 ἀλλά
2602 761 2695 813 καὶ
2723 761 2848 822 τοὺς
2897 761 3143 830 μαθητάς
3176 761 3343 830 ἄγων.
3380 766 3474 818 καὶ

1910 839 2115 892 ἐκεῖθεν
2164 842 2242 904 είς
2286 842 2688 913 Καπερναούμς
2734 843 2943 913 Ἠρέμα
2990 844 3172 897 λοιπὸν
3211 845 3472 912 ὑπεξέλυε

1909 921 1997 973 τὸν
2040 923 2221 992 νόμον,
2262 926 2512 995 ἀφορμὴν
2557 927 2844 996 λαμϐάνων
2884 927 2990 980 ἀπὸ
3032 931 3128 997 τῆς
3178 928 3473 1001 Ἰουδαϊκῆς

1909 1006 2191 1075 πονηρίας.
2241 1008 2349 1060 Καὶ
2402 1010 2749 1078 ἀναϐλέψας
2802 1010 2926 1076 τοῖς
2974 1012 3318 1080 ὀφθαλμοῖς,
3365 1013 3472 1081 ὁρᾷ

1908 1086 2094 1154 ὄχλον
2144 1091 2358 1143 πολὺν.
2412 1092 2669 1145 Ἐνταῦθα
2742 1092 3011 1145 δείκνυσιν
3073 1094 3154 1145 ὅτι
3218 1094 3470 1148 οὐδέποτε

1906 1171 2092 1233 ἁπλῶς
2121 1172 2355 1243 ἐκάθητο
2386 1176 2523 1244 μετά
2554 1176 2663 1228 τῶν
2697 1175 2972 1246 μαθητῶν,
3013 1174 3160 1246 [249]
3209 1177 3322 1230 ἀλλ’
3344 1179 3474 1241 ῐσως

1905 1254 2427 1326 ἀκριϐολογούμενός
2473 1275 2525 1309 τι
2579 1259 2713 1329 πρὸς
2759 1259 2953 1321 αὐτοὺς
2990 1260 3084 1311 καὶ
3121 1259 3384 1312 διδάσκων
3424 1259 3471 1320 ί,

1907 1336 1999 1389 καὶ
2024 1338 2364 1408 ἐπιστρέφων
2406 1341 2601 1402 αὐτοὺς
2628 1341 2761 1409 πρὸς
2784 1343 2992 1406 ἐαυτὸν,
3026 1334 3085 1394 οῦ
3115 1342 3345 1409 μάλιστα
3376 1341 3472 1394 καὶ

1906 1422 2151 1474 ἐντεῦθεν
2182 1424 2279 1493 τήν
2312 1423 2636 1493 κηδεμονίαν
2667 1425 2778 1477 ἔστι
2815 1426 3025 1494 μαθεῖν,
3058 1426 3150 1479 καὶ
3188 1426 3246 1478 τὸ
3279 1442 3471 1478 ταπει-

1905 1503 1992 1555 νὸν
2017 1505 2112 1556 καὶ
2142 1506 2608 1573 συγκαταϐατικδν
2652 1508 2713 1559 τὸ
2762 1509 2896 1577 πρὸς
2928 1509 3187 1571 ἐκείνους.
3233 1509 3468 1562 Συνεκά-

1905 1585 2065 1654 θηντο
2097 1587 2204 1658 γάρ
2233 1588 2381 1658 αὐτῷ
2411 1590 2550 1659 τάχα
2580 1591 2714 1659 πρὸς
2743 1590 3005 1661 ἀλλήλους
3041 1591 3296 1659 ὁρῶντες.
3324 1587 3471 1643 Εἶτα

1902 1670 2247 1739 ἀναϐλέψας
2293 1670 2401 1739 όρᾷ
2431 1672 2538 1725 τὸν
2566 1672 2754 1740 ὄχλον
2798 1674 3270 1742 παραγινόμενον
3320 1672 3469 1738 πρὸς

1900 1756 2105 1807 αὐτόν.

1971 1838 2033 1890 Οἱ
2062 1838 2161 1907 μὲν
2190 1834 2283 1890 οῦν
2310 1836 2455 1891 ἄλλοι
2482 1836 2863 1905 εύαγγελισταὶ
2887 1838 3012 1899 τοὺς
3041 1835 3287 1907 μαθητάς
3334 1852 3468 1904 φασι

1902 1920 2295 1990 προσελθόντας
2314 1922 2521 1990 ἐρωτᾷν
2544 1921 2636 1973 καὶ
2665 1919 3021 1989 παρακαλεῖν,
3055 1919 3195 1971 ῶστε
3228 1920 3301 1990 μὴ
3329 1920 3468 1972 ἀπο-

1900 2004 2057 2057 λῦσαι
2083 2004 2279 2067 αὐτοὺς
2314 2004 2547 2074 νήστειςο
2584 1997 2740 2064 οὗτος
2776 2003 2832 2055 δέ
2860 2004 3067 2071 εἰσάγει
3093 2001 3183 2054 τὸν
3207 2002 3467 2056 Φίλιππον

1900 2087 2235 2157 ἐρωτηθῆναι
2265 2084 2414 2156 παρὰ
2451 2084 2543 2138 τοῦ
2571 2083 2824 2153 Χριστοῦ.
2853 2084 2959 2137 Καί
2995 2102 3084 2155 μοι
3111 2084 3259 2137 δοκεῖ
3286 2083 3467 2153 ἀμφό-

1898 2187 2032 2240 τερα
2058 2165 2195 2222 εἶναι
2224 2168 2419 2238 ἀληθῆ,
2455 2169 2555 2220 ούκ
2598 2168 2689 2219 ἐπὶ
2723 2166 2828 2219 τῶν
2869 2168 3049 2219 αὐτῶν
3099 2168 3364 2237 γενόμενα
3407 2166 3465 2219 δὲ

1901 2253 2049 2321 ὅμως
2079 2261 2103 2299 8
2134 2251 2360 2322 καιρῶν,
2390 2250 2505 2304 ἀλλ’
2544 2252 2725 2302 ἐκεῖνα
2756 2248 2956 2302 τούτων
2990 2244 3129 2302 εἶναι
3163 2249 3465 2320 πρεσϐύτε-

1905 2352 1992 2404 ρα·
2026 2335 2165 2387 ὥστε
2198 2334 2358 2403 ἕτερα
2396 2333 2494 2403 μὲν
2530 2335 2709 2385 ἐκεῖνα
2750 2331 2952 2397 λοιπὸν,
3002 2332 3163 2401 ἐτερα
3189 2332 3245 2384 δὲ
3292 2331 3467 2384 ταῦτά

1900 2420 2034 2470 ἐστι.
2065 2418 2220 2480 Τίνος
2268 2412 2359 2469 οῦν
2402 2417 2585 2469 ἕνεκεν
2626 2415 2716 2468 τὸν
2756 2416 3018 2467 Φίλιππον
3062 2417 3277 2486 ἐρωτᾷ;
3310 2417 3464 2486 ᾝδει

1897 2499 2004 2552 τῶν
2040 2499 2294 2570 μαθητῶν
2317 2500 2439 2561 τοὺς
2475 2498 2706 2569 μάλιστα
2740 2497 2979 2560 πλείονος
3010 2498 3295 2568 δεομένους
3321 2498 3465 2551 διδα-

1901 2584 2143 2646 σκαλίας.
2172 2579 2337 2646 οὗτος
2365 2582 2472 2652 γάρ
2503 2584 2648 2635 ἐστιν
2682 2583 2709 2634 ὁ
2743 2581 2880 2652 μετὰ
2911 2580 3087 2635 ταῦτα
3112 2582 3304 2649 λέγων·
3336 2581 3462 2634 Δεῖ-

1899 2666 2009 2731 εον
2041 2666 2183 2735 ἡμῖν
2216 2666 2322 2718 τὸν
2350 2664 2599 2732 Πατέρα,
2638 2664 2737 2718 καὶ
2777 2664 2953 2733 ἀρκεῖ
2976 2664 3139 2733 ἡμῖν.
3180 2664 3276 2719 Διά
3304 2664 3464 2718 τοῦτο

1897 2749 2101 2804 ἀνωθεν
2122 2748 2281 2801 αὐτὸν
2306 2746 2650 2820 ἐρρύθμιξεν,
2690 2748 2750 2800 Εἰ
2784 2747 2883 2816 μὲν
2911 2746 3020 2819 γὰρ
3060 2748 3244 2811 ἁπλῶς
3271 2748 3330 2801 τὸ
3362 2765 3461 2818 ση-

1902 2836 2048 2903 μεῖον
2076 2832 2308 2899 ἐγένετο,
2347 2832 2447 2883 ούκ
2474 2830 2539 2883 ἂν
2569 2830 2817 2883 τοσοῦτον
2842 2831 3013 2900 ἐφάνη
3045 2831 3107 2883 τὸ
3134 2830 3333 2901 θαῦμα·
3366 2831 3463 2883 νῦν

1895 2916 1953 2969 δὲ
1979 2915 2239 2985 πρότερον
2266 2915 2428 2967 αὑτὸν
2449 2914 2747 2983 ἀναγκάζει
2780 2915 3110 2986 ὁμολογῆσαι
3155 2916 3255 2985 τὴν
3298 2910 3463 2967 οὖσαν

1900 3001 2112 3059 σπάνιν,
2145 3000 2229 3051 ἵνα
2279 3000 2439 3065 γνοὺς
2483 2999 2541 3051 ἐν
2581 2999 2722 3050 τίσιν
2752 2994 2839 3067 ἦν,
2886 2998 3274 3069 ἀκριϐέστερον
3320 2996 3462 3051 οὕτω

1901 3082 2044 3152 μάθῃ
2070 3080 2164 3133 τοῦ
2213 3080 2491 3150 μέλλοντος
2524 3080 2762 3148 γίνεσθαι
2791 3080 3065 3150 θαύματος
3104 3082 3164 3134 τὸ
3208 3081 3458 3152 μέγεθος.

1896 3167 2003 3219 Καὶ
2031 3166 2132 3235 ὅρα
2167 3165 2217 3217 τί
2244 3181 2402 3234 φησιν
2433 3165 2660 3226 ἐκεῖνος’
2681 3165 2872 3216 Πόθεν
2891 3163 3033 3232 ἡμῖν
3059 3164 3222 3231 ἄρτοι
3252 3164 3462 3221 τοσοῦ-

1895 3266 2002 3310 τοι,
2031 3249 2129 3301 ἵνα
2159 3246 2430 3315 φάγωσιν
2462 3242 2661 3310 οὗτοι;
2711 3246 2866 3299 Οῦτω
2914 3247 3008 3299 καὶ
3051 3249 3108 3299 ἐν
3138 3250 3203 3316 τῇ
3247 3247 3460 3317 Παλαιᾷ

1896 3333 2029 3402 πρὸς
2059 3333 2149 3383 τὸν
2176 3330 2411 3383 Μωῦσέα
2458 3329 2657 3396 ἔλεγεν.
2698 3330 2773 3380 Ού
2807 3328 2913 3399 γάρ
2960 3330 3223 3399 πρότερον
3259 3330 3321 3381 τὸ
3362 3346 3460 3399 ση-

1898 3422 2045 3488 μεῖον
2100 3417 2370 3486 ἐποίησεν,
2416 3414 2520 3478 ἕως
2570 3414 2635 3467 ἂν
2683 3415 2841 3467 αὐτὸν
2894 3415 3167 3485 ἠρώτησε,
3215 3416 3276 3468 Τί
3313 3415 3459 3468 ποτέ

1892 3503 2061 3554 ἐστιν
2091 3501 2159 3553 ἐν
2198 3498 2268 3568 τῇ
2310 3499 2460 3567 χειρί
2498 3514 2649 3561 σου;
2694 3498 2909 3569 Ἐπειδὴ
2940 3499 3046 3570 γὰρ
3074 3500 3142 3552 τὰ
3180 3499 3460 3569 παράδοξα

1894 3585 1985 3637 καὶ
2010 3582 2075 3635 ἀθ
2086 3582 2202 3652 ρόον
2231 3581 2614 3651 συμϐαίνοντα,
2642 3580 2746 3634 τῶν
2777 3580 3053 3651 προτέρων
3080 3583 3227 3651 ἡμᾶς
3256 3584 3335 3645 είς
3362 3581 3458 3653 λή-

1893 3667 1991 3736 θην
2021 3665 2275 3736 ἐμϐαλεῖν
2310 3663 2489 3727 εῐωθε,
2522 3664 2779 3735 πρότερον
2808 3664 2970 3717 αὑτὸν
3001 3665 3059 3716 ἐν
3093 3668 3158 3735 τῇ
3186 3666 3279 3718 τοῦ
3311 3683 3455 3737 παρ-

1892 3751 2042 3811 όντος
2087 3747 2378 3817 κατέδησεν
2420 3746 2695 3817 ὁμολογίᾳ,
2722 3746 2807 3798 ἵνα
2837 3748 2934 3816 τῆς
2968 3747 3278 3817 ἐκπλήξεως
3303 3766 3455 3817 γενο-

1895 3832 2079 3900 μένης,
2111 3831 2209 3899 τὴν
2254 3830 2472 3900 μνήμην
2500 3827 2605 3880 τῶν
2637 3828 3076 3899 ὁμολογηθέντων
3128 3830 3202 3900 μὴ
3248 3831 3450 3903 δυνηθῇ

1890 3914 2072 3967 λοιπὸν
2120 3912 2387 3965 ἐκϐαλεῖνο
2446 3909 2541 3964 εἷθ’
2596 3910 2765 3974 οὕτως
2816 3913 2923 3964 ἀπὸ
2962 3914 3060 3981 τῆς
3113 3915 3452 3985 συγκρίσεως

1894 3998 2036 4068 μάθῃ
2069 3999 2161 4049 καὶ
2190 3995 2283 4048 τοῦ
2311 3995 2533 4065 σημείου
2563 3994 2621 4047 τὸ
2651 3994 2894 4063 μέγεθος·
2922 3995 2950 4047 ὃ
2982 3995 3045 4067 δὴ
3085 3997 3178 4049 καὶ
3219 3998 3454 4052 ἐνταῦθα

1889 4082 2116 4149 γίνεται.
2150 4079 2259 4132 Καὶ
2300 4077 2592 4148 ἐρωτηθεὶς
2619 4077 2969 4147 ἀποκρίνεται
2996 4078 3200 4146 λέγων’
3245 4083 3451 4135 Διακο-

1889 4165 2039 4217 σίων
2065 4161 2359 4229 δηναρίων
2399 4159 2561 4227 άρτοι
2598 4162 2707 4213 οὐκ
2738 4161 3047 4229 ἀρκοῦσιν,
3078 4161 3178 4214 ἵνα
3199 4161 3452 4229 ἕκαστος

1883 4249 2082 4316 βραχύ
2112 4264 2166 4299 τι
2203 4246 2378 4312 λάϐῃ.
2410 4245 2587 4297 Τοῦτο
2617 4244 2684 4297 δὲ
2727 4245 2898 4315 ἔλεγε
2924 4246 3207 4314 πειράζων
3229 4251 3450 4303 αὐτόν’

1886 4330 2067 4395 αὐτὸς
2099 4330 2207 4398 γὰρ
2242 4327 2370 4397 ᾔδει
2407 4327 2466 4379 τί
2508 4328 2723 4396 ἔμελλε
2747 4330 2956 4381 ποιεῖν.
2991 4329 3055 4380 Τί
3084 4331 3219 4392 ἐστι,
3247 4330 3454 4397 Πειρά-

1890 4414 1997 4475 ζων
2024 4414 2243 4475 αὑτόν;
2280 4408 2387 4481 ἆρα
2429 4410 2537 4479 γὰρ
2584 4410 2769 4479 ἠγνόει
2819 4410 2880 4463 τὸ
2938 4410 3127 4480 μέλλον
3159 4412 3248 4465 ὑπ’
3284 4413 3448 4466 αὑτοῦ

1891 4495 2248 4568 ῥηθήσεσθαι;
2284 4494 2396 4546 Οὐκ
2421 4492 2535 4545 ἐστι
2576 4492 2731 4545 τοῦτο
2760 4494 2954 4548 εἰπεῖν.

1961 4578 2024 4649 β’.
2059 4578 2218 4631 Ἀλλὰ
2240 4577 2321 4639 τίς
2347 4593 2474 4628 ποτε
2508 4575 2605 4646 τῆς
2632 4576 2827 4641 λέξεως
2855 4579 2887 4646 ὴ
2909 4576 3142 4639 διάνοια;
3180 4576 3310 4629 Ἀπὸ
3337 4580 3438 4649 τῆς

1859 4694 1867 4701 -
1888 4664 2126 4724 Παλαιᾶς
2145 4659 2365 4713 δυνατὸν
2387 4659 2553 4728 αὐτὴν
2575 4659 2928 4729 καταμαθεῖν.
2956 4660 3064 4711 Καὶ
3086 4659 3191 4730 γὰρ
3218 4660 3309 4712 καὶ
3336 4663 3452 4715 ἐκεῖ

1887 4764 2069 4815 φησιν·
2095 4744 2205 4797 Καὶ
2242 4742 2475 4813 ἐγένετο
2511 4743 2660 4812 μετὰ
2717 4744 2789 4796 τὰ
2830 4742 3068 4811 ῥήματα
3116 4742 3322 4805 ταῦτα,
3352 4744 3451 4796 καὶ

1885 4827 2184 4897 ἐπείραζεν
2223 4830 2256 4880 ό
2307 4827 2448 4891 Θεὸς
2485 4825 2748 4894 Ἀϐραὰμ,
2796 4825 2892 4878 καὶ
2935 4821 3123 4887 εἶπεν,
3156 4825 3310 4879 Λάϐε
3345 4827 3452 4879 τόν

1882 4914 2018 4966 υἱόν
2071 4927 2186 4964 σου
2246 4911 2353 4963 τὸν
2417 4910 2745 4979 ἀγαπητὸν,
2810 4909 2880 4961 ὃν
2944 4911 3285 4978 ἠγάπησας,
3345 4911 3451 4963 τὸν

1897 4994 2110 5047 Ἰσαάκ.
2139 4994 2272 5046 Οὐδὲ
2291 4992 2397 5063 γὰρ
2419 4994 2533 5044 ἐκεῖ
2558 4992 2713 5045 τοῦτο
2741 4992 2910 5058 λέγων
2937 4993 3204 5060 φαίνεται,
3232 4994 3313 5045 ὅτι
3341 4994 3450 5047 ἀπὸ

1882 5080 1979 5146 τῆς
2013 5076 2201 5145 πείρας
2232 5076 2488 5145 ἀνέμενεν
2526 5075 2650 5126 ἰδεῖν
2693 5074 2753 5125 τὸ
2800 5074 2970 5137 τέλος,
3002 5077 3111 5128 εἴτε
3145 5076 3450 5129 ὑπακούσε-

1881 5177 1992 5223 ται,
2027 5159 2135 5210 εῖτε
2167 5159 2262 5227 μήθ
2293 5156 2431 5227 (πῶς
2462 5156 2569 5227 γὰρ
2609 5157 2637 5207 6
2674 5156 2740 5208 τὰ
2762 5158 2937 5211 πάντα
2962 5157 3115 5221 εἰδὼς
3143 5160 3270 5231 πρὶν
3303 5160 3450 5227 γενέ-

1883 5262 2019 5306 σεως
2049 5245 2077 5283 h
2110 5242 2339 5307 αύτῶν;)
2375 5240 2487 5292 ἁλλ’
2514 5239 2867 5312 ἀνθρωπίνως
2897 5242 3180 5311 ἀμφότερα
3208 5242 3444 5311 εἴρηται.

1883 5329 2092 5396 Ὥσπερ
2124 5324 2230 5395 γὰρ
2276 5326 2402 5377 ὅταν
2457 5323 2608 5394 λέγῃ,
2652 5324 2732 5376 ὅτι
2767 5324 3007 5392 Ἐρευνςῖ
3052 5327 3159 5389 τὰς
3200 5325 3447 5391 καρδίας

1881 5411 1999 5462 τῶν
2029 5408 2367 5477 ἀνθρώπων,
2402 5408 2500 5459 οὐκ
2526 5408 2742 5474 ἀγνοίας
2770 5408 2867 5477 τὴν
2897 5407 3118 5477 ἔρευναν
3150 5408 3443 5475 δείκνυσιν,

1881 5493 1995 5546 ἀλλ’
2022 5490 2279 5562 ἀκριϐοῦς
2314 5490 2587 5561 είδήσεως
2641 5489 2783 5542 οὕτω
2813 5490 2876 5561 δὴ
2904 5492 2997 5543 καὶ
3037 5491 3165 5543 ὅταν
3196 5490 3328 5561 λέγῃ
3364 5492 3446 5545 ὅτι

1893 5577 2259 5643 Ἐπείρασεν,
2299 5574 2448 5626 οὐδὲν
2474 5573 2602 5627 ἄλλο
2642 5574 2826 5643 φησὶν,
2858 5573 2969 5626 ἁλλ“
3000 5572 3032 5641 ἦ
3068 5574 3148 5625 ὅτι
3177 5572 3446 5641 ἠπίστατο

1880 5659 2139 5731 ἀκριϐῶς.
2175 5658 2287 5711 Κᾶν
2306 5659 2489 5727 ’ἐτερον
2514 5656 2569 5708 δέ
2593 5656 2739 5709 ἐστιν
2763 5658 2954 5717 εἰπεῖν,
2978 5655 3057 5708 ὃτι
3080 5656 3446 5727 δοκιμώτερον

1881 5744 2041 5797 αὑτὸν
2066 5742 2367 5810 εἰργάζετο,
2395 5740 2582 5810 ὥσπερ
2606 5735 2697 5791 οῦν
2723 5740 2814 5792 τὸν
2850 5738 3096 5809 Ἀϐραὰμ
3128 5738 3271 5805 τότε,
3302 5740 3446 5794 οὕτω

1882 5828 1974 5879 καὶ
2001 5824 2187 5877 τοῦτον
2207 5824 2295 5875 διὰ
2319 5824 2415 5893 τῆς
2448 5823 2701 5893 τοιαύτης
2735 5826 3051 5894 ἐρωτήσεως
3096 5824 3303 5892 ἐνάγων
3349 5825 3445 5878 νῦν

1949 5907 1967 5945 ί
1997 5905 2148 5958 Savil.
2194 5909 2274 5954 καὶ
2312 5909 2578 5969 προσέχων.
2647 5910 2672 5947 Β
2694 5907 2854 5955 Verba
2899 5908 2949 5955 δέ
2990 5908 3137 5969 ὅμως,
3161 5920 3269 5956 cum
3292 5907 3446 5956 Savil.

1880 5968 2393 6031 expungpnda.il£m’r.
2462 5970 2488 6002 ιι
2519 5968 2670 6017 Savil.
2711 5974 2850 6031 puAmt
2890 5970 3156 6031 legendum
3197 5970 3288 6028 πρὸ
3320 5971 3448 6029 γενέ-

1880 6028 2018 6139 σεωιέ
2052 6028 2171 6079 Non
2196 6030 2407 6079 advertit
2429 6040 2609 6090 nempe
2650 6028 3201 6081 inihisloria'Susannae
3221 6043 3292 6079 suc
3325 6028 3445 6091 legi,

1887 6106 1932 6139 ν.
2020 6129 2032 6139 .

1887 6106 1932 6140 ν.
1956 6106 2032 6141 42.
