4100 6364
524 406 647 461 ’Ἧι

544 525 627 587 εἰς
654 524 751 594 τὴν
777 523 979 596 ἀκριϐῆ
1008 522 1103 577 τοῦ
1136 526 1361 595 σημείου
1395 528 1618 595 γνῶσιν.
1645 527 1744 582 Διά
1767 528 2009 600 δήτοῦτο
2030 527 2124 581 καὶ

542 606 575 659 6
602 607 1011 678 εὑαγγελιστὴς,
1043 609 1130 661 ἵνα
1172 609 1249 681 μὴ
1277 613 1341 682 τῇ
1388 612 1644 684 ἀσθενείᾳ
1672 613 1771 681 τῆς
1806 611 2002 677 λέξεως
2036 613 2123 663 ἐν·

540 690 865 760 ηαπομείνας,
896 690 1239 765 ὑποπτεύσῃς
1264 711 1316 747 τι
1344 694 1496 767 [9.50]
1520 697 1721 751 ἄτοπον
1745 696 1874 766 περὶ
1906 694 2015 748 τῶν
2043 695 2121 746 εἰ-

528 774 821 844 -ρημένων,
868 775 1163 845 ἐπήγαγεν·
1214 777 1401 843 Αὐτὸς
1446 781 1558 847 γὰρ
1611 779 1741 849 ῇδει
1789 780 1845 833 τί
1903 778 2123 847 ἔμελλε

546 856 757 911 ποιεῖν.
804 856 951 928 Πλὴν
983 859 1162 911 ἐκεῖνο
1215 864 1553 931 παρατηρεῖν
1605 863 1924 932 ἀναγκαῖον,
1981 862 2120 927 πῶς,

544 942 673 995 ὃταν
769 941 992 995 ὑπόνοια
1020 943 1254 1013 πονηρὰ,
1280 944 1442 1007 εὐθὺς
1469 946 1640 1016 αὑτὴν
1673 948 1700 999 6
1731 944 2124 1014 εὑαγγελιστὴς

547 1024 688 1094 μετὰ
734 1024 932 1095 πολλῆς
977 1025 1375 1097 ἐπιδιορθοῦται
1422 1038 1447 1067 α
1493 1028 1590 1097 τῆς
1632 1028 1889 1098 σπουδῆς.
1909 1028 2121 1098 Ὥσπερ

541 1104 637 1162 οὖν
684 1109 937 1171 ἐνταῦθα,
979 1110 1066 1163 ἵνα
1110 1112 1185 1180 μή
1230 1128 1283 1163 τι
1327 1112 1567 1165 τοιοῦτον
1612 1112 2026 1166 ὑποπτεύσωσιν
2073 1113 2121 1164 οἰ

540 1191 850 1257 ἀκούοντες,
882 1193 1193 1265 προσέθηκε
1224 1194 1322 1265 τὴν
1352 1195 1754 1267 ἐπιδιόρθωσιν,
1788 1194 1975 1248 εἰπών·
2008 1196 2124 1248 Αὐ-

530 1276 646 1342 τὸς
677 1278 789 1345 γὰρ
822 1276 951 1345 ᾔδει
978 1276 1037 1329 τί
1068 1276 1288 1345 ἔμελλε
1323 1277 1535 1331 ποιεῖν’
1574 1278 1718 1330 οὕτω
1762 1278 1861 1331 καὶ
1890 1280 2006 1330 ἐκεῖ
2038 1278 2124 1331 λέι

541 1377 673 1429 γων,
698 1361 779 1413 ὅτι
814 1361 1033 1413 ἐδίωκον
1071 1363 1232 1414 αὑτὸν
1278 1364 1328 1414 οἰ
1371 1363 1636 1428 Ἰουδαῖοι,
1688 1364 1771 1416 Οὐ
1803 1363 1997 1430 μόνον
2035 1362 2125 1413 ὅτι

522 1444 684 1497 Δἔλυες
720 1444 787 1497 τό
839 1444 1161 1508 σάϐϐατον,
1211 1445 1351 1501 ἀλλ’
1399 1445 1487 1499 ὅτι
1537 1447 1633 1499 καί
1691 1447 1923 1515 Πατέρα
1968 1445 2123 1499 ἴδιον

520 1528 710 1597 ἔλεγε
755 1528 862 1581 τὸν
899 1528 1067 1592 Θεὸν,
1096 1530 1236 1582 ἴσον
1272 1529 1484 1582 ἑαυτὸν
1529 1528 1717 1583 ποιῶν
1744 1530 1824 1595 τῷ
1867 1527 2022 1593 Θεῷο
2072 1529 2121 1581 εἰ

544 1612 618 1681 μὴ
660 1612 933 1675 ἀπόφασις
975 1608 1043 1682 ἦν
1073 1611 1238 1664 αὑτοῦ
1272 1613 1367 1665 τοῦ
1420 1612 1653 1683 Χριστοῦ
1683 1612 1774 1666 διὰ
1803 1613 1913 1665 τῶν
1946 1612 2122 1681 ἔργων

542 1694 921 1766 βεϐαιουμένη,
956 1695 1296 1766 προσέθηκεν
1326 1695 1390 1748 ἂν
1421 1697 1582 1749 κάκεῖ
1613 1695 1710 1766 τὴν
1743 1695 2121 1766 ἐπιδιὸρθωσιν

537 1779 762 1848 ταύτην.
794 1781 854 1831 Εἰ
892 1778 1001 1850 γὰρ
1029 1780 1085 1831 ἐν
1111 1773 1191 1841 οἷς
1221 1779 1382 1842 αὐτὸς
1409 1779 1579 1848 λέγει,
1617 1780 1882 1849 ὑφορᾶται
1907 1781 1935 1833 6
1960 1778 2121 1846 εὑαγ-

537 1862 809 1932 γελιστὴς,
865 1863 937 1933 μή
973 1879 1057 1924 τις
1103 1860 1452 1933 ὑποπτεύσῃ’
1490 1860 1671 1932 πολλῷ
1714 1862 1913 1932 μᾶλλον
1948 1865 2005 1915 ἐν
2039 1857 2122 1925 οἷς

536 1947 714 2017 ἕτεροι
741 1946 870 2017 περὶ
909 1944 1073 1998 αὑτοῦ
1115 1944 1274 1998 τοῦτο
1306 1945 1512 2013 ἔλεγον,
1546 1946 1795 1998 ὑπείδετο
1820 1944 1907 2009 ἂν,
1955 1947 2003 1998 εἰ
2043 1946 2118 2017 μὴ

539 2031 920 2101 προσήκουσαν
954 2027 1100 2099 ἐώρα
1132 2028 1260 2098 περὶ
1300 2028 1465 2081 αὑτοῦ
1499 2029 1807 2100 κρατοῦσαν
1838 2028 2116 2086 ὑπόνοιαν.

548 2112 687 2164 Ἀλλ’
720 2112 821 2165 οὐκ
854 2112 1127 2182 ἐποίησενο
1160 2111 1276 2181 ᾔδει
1308 2110 1417 2183 γὰρ
1450 2112 1617 2166 αὐτοῦ
1651 2111 1749 2183 τὴν
1776 2110 2004 2182 γνώμην
2029 2108 2121 2164 οὗ·-

535 2212 637 2249 σαν
659 2194 817 2248 τοῦτο
842 2195 932 2248 καὶ
951 2193 1129 2265 ψῆφον
1152 2193 1428 2265 ἀκίνητον.
1452 2193 1552 2247 Διά
1571 2194 1727 2248 τοῦτο
1748 2194 2121 2255 εἰπὼν,”1σον

518 2277 759 2332 -.ἑαυτὸν
787 2278 973 2333 ποιῶν
994 2276 1080 2342 τῷ
1109 2276 1251 2342 Θεῷ,
1294 2278 1395 2330 οὐκ
1428 2279 1701 2350 ἐχρήσατο
1739 2277 2118 2350 ἐπιδιορθώσει

532 2363 642 2415 ’τινὶ
673 2362 915 2433 τοιαύτῃ·
939 2362 1000 2415 οὑ
1025 2361 1135 2432 γάρ
1158 2361 1381 2417 ἐκείνων
1408 2358 1475 2433 ἦν
1503 2363 1726 2415 ὑπόνοια
1749 2361 2117 2433 διεφθαρμένη

530 2445 596 2499 τὸ
631 2444 944 2515 λεγόμενον,
993 2444 1108 2497 ἀλλ’
1140 2446 1416 2515 ἀπόφασις
1444 2444 1607 2499 αὑτοῦ
1642 2446 2003 2517 κεκυρωμένῃ
2031 2446 2120 2499 διὰ

532 2528 642 2582 τῶν
676 2528 871 2599 ἔργων.
909 2528 1309 2599 Ἐρωτηθέντος
1354 2530 1534 2581 τοίνυν
1563 2529 1655 2582 τοῦ
1685 2529 1970 2589 Φιλίππου,
2001 2532 2119 2598 Φη-

522 2611 643 2665 ισίν
676 2611 945 2681 Ἀνδρέας
968 2615 1000 2666 ό
1032 2612 1296 2682 ἀδελφὸς
1325 2613 1591 2681 Σίμωνος
1619 2611 1877 2679 Πέτρου’
1912 2614 2119 2666 Ἔστιν

532 2689 649 2748 ὦδε
679 2694 995 2763 παιδάριον
1025 2695 1172 2765 ἕχον
1216 2696 1395 2748 πέντε
1424 2694 1643 2763 ἄρτους
1672 2696 1993 2764 κριθίνους,
2020 2694 2120 2750 καί

534 2779 645 2834 δύο
671 2781 911 2849 ὀψάρια·
947 2780 1109 2834 ἀλλὰ
1146 2780 1334 2834 ταῦτα
1361 2782 1419 2834 τί
1447 2781 1618 2834 ἐστιν
1644 2782 1730 2845 εἰς
1754 2782 2117 2845 τοσούτους;

540 2864 910 2935 ’Υψηλότερος
951 2866 1048 2935 μὲν
1093 2865 1187 2917 τοῦ
1218 2865 1486 2918 Φιλίππου
1517 2867 1546 2917 6
1582 2864 1856 2936 Ἀνδρέας,
1895 2864 1955 2917 οὑ
2008 2863 2116 2935 μὴν

534 2952 614 3013 εἰς
642 2950 703 3002 τὸ
739 2951 846 3004 πᾶν
898 2949 1122 3019 ἔφθασε.
1172 2945 1339 3019 Οἶμαι
1378 2949 1434 3002 δέ
1476 2948 1610 3019 μηδὲ
1646 2948 1831 3012 ἁπλῶς
1859 2947 2016 3001 τοῦτο
2042 2949 2117 3000 εἰ·

535 3035 678 3093 πεῖν,
709 3033 825 3086 ἀλλ’
865 3035 1141 3105 ἀκηκοότα
1179 3032 1341 3086 αὑτὸν
1368 3032 1479 3085 τῶν
1505 3032 1799 3103 προφητῶν
1822 3033 1852 3072 b
1885 3034 1954 3086 τὰ
1994 3032 2119 3085 θαύ-

536 3133 706 3186 ματα,
742 3117 835 3169 καὶ
864 3116 980 3177 πῶς
1022 3117 1325 3179 Ἐλισσαῖος
1351 3114 1572 3186 ἐποίησε
1601 3116 1661 3167 τὸ
1691 3115 1783 3168 ἐπὶ
1811 3114 1917 3168 τῶν
1938 3115 2117 3183 ἄρτων

537 3203 781 3271 σημεῖον.
824 3202 921 3254 Διά
963 3201 1026 3271 δὴ
1057 3201 1215 3254 τοῦτο
1244 3200 1411 3272 ἀνέϐη
1445 3202 1542 3271 μὲν
1567 3200 1659 3253 ἐπί
1689 3218 1741 3252 τι
1769 3199 1903 3270 ὕψος
1935 3211 1986 3266 ε,
2017 3201 2117 3254 οὐκ

536 3284 723 3355 ῐσχυσε
761 3284 818 3337 δέ
859 3284 993 3356 πρὸς
1031 3284 1198 3355 αὑτὴν
1226 3283 1427 3354 φθάσαι
1460 3284 1559 3356 τὴν
1583 3285 1849 3355 κορυφήν.

605 3368 883 3439 Μάθωμεν
916 3366 1162 3421 ἐντεῦθεν
1188 3368 1238 3419 οἰ
1281 3370 1347 3438 τῇ
1379 3371 1556 3438 τρυφῇ
1585 3368 1966 3438 προσέχοντες,
1995 3366 2114 3420 τίνα

533 3450 809 3504 ἐσιτοῦντο
850 3452 897 3503 οί
944 3450 1247 3521 θαυμαστοὶ
1277 3452 1468 3521 ἄνδρες
1508 3453 1703 3503 ἐκεῖνοι
1734 3452 1827 3503 καὶ
1865 3450 2112 3519 μεγάλοι,

533 3535 628 3588 καὶ
656 3538 721 3606 τῇ
757 3535 1014 3603 ποσότητι
1040 3533 1065 3571 ά
1090 3535 1195 3587 τῶν
1215 3532 1626 3605 ἐπιφερομένων
1654 3534 1749 3587 καὶ
1777 3536 1843 3604 τῇ
1870 3535 2114 3603 ποιότητι

531 3620 632 3689 τὴν
670 3618 946 3671 εὐτέλειαν
988 3618 1169 3673 αὑτῶν
1217 3620 1316 3690 τῆς
1370 3618 1650 3690 τραπέζης
1701 3619 1897 3688 ἴδωμέν
1928 3636 1987 3672 τε
2019 3619 2115 3673 καὶ

538 3702 927 3774 μιμησώμεθα.
964 3704 1045 3756 Τὰ
1092 3702 1223 3772 γοῦν
1274 3704 1402 3772 ἐξῆς
1442 3703 1647 3757 τούτων
1690 3704 1890 3774 πολλῆς
1956 3703 2116 3757 ἀσθε-

533 3787 701 3850 νείας.
727 3787 881 3840 Μετὰ
906 3786 1014 3858 γάρ
1040 3786 1100 3839 τὸ
1125 3789 1318 3850 εἰπεῖν,
1353 3788 1511 3857 Ἔχει
1540 3786 1719 3841 πέντε
1743 3787 1962 3855 ἄρτους
1992 3805 2115 3855 κρι-

535 3874 762 3937 θίνους,
796 3872 1093 3941 ἐπήγαγεν·
1134 3872 1305 3926 Ἀλλὰ
1363 3872 1549 3926 ταῦτα
1587 3872 1643 3925 τί
1694 3872 1864 3926 ἐστιν
1895 3876 1980 3936 εἰς
2019 3889 2115 3925 το-

534 3954 830 4019 σούτους;
861 3953 1105 4024 Ἐνόμιζε
1124 3954 1232 4026 γάρ
1258 3955 1337 4007 ὅτι
1372 3954 1479 4007 ἀπὸ
1515 3956 1609 4026 μὲν
1636 3956 1934 4009 ἐλαττόνων
1959 3955 2115 4009 ἐλάτ-

533 4054 684 4098 τονα,
709 4038 818 4090 ἀπὸ
847 4036 903 4090 δέ
946 4038 1202 4091 πλειόνων
1240 4038 1459 4091 πλείονα
1490 4038 1680 4109 ἔμελλε
1725 4042 1899 4092 ποιεῖν
1924 4043 1951 4093 6
1984 4040 2114 4093 θαυ-

539 4120 884 4191 ματουργῶν·
919 4121 1054 4191 ὅπερ
1086 4122 1184 4173 οὑκ
1221 4116 1308 4193 ἦν.
1350 4122 1581 4191 Ὀμοίως
1606 4123 1711 4192 γὰρ
1748 4118 1816 4194 ἦν
1842 4122 1990 4193 αὑτῷ
2019 4121 2113 4174 εὕ-

536 4205 691 4258 κολον
728 4204 835 4257 ἀπό
882 4221 943 4257 τε
974 4204 1254 4269 πλειόνων,
1296 4205 1404 4258 ἀπό
1447 4221 1506 4257 τε
1551 4205 1847 4259 ἐλαττόνων
1892 4208 2114 4278 ποιῆσαι

535 4289 782 4359 πηγάσαι
812 4289 919 4341 τῶν
956 4288 1134 4359 ἀρτων
1174 4290 1274 4359 τὴν
1312 4288 1494 4358 φύσιν.
1544 4290 1618 4342 Οὑ
1644 4291 1754 4360 γὰρ
1783 4289 1915 4362 ὕλης
1947 4291 2115 4345 ἐδεῖτο

534 4373 633 4443 τῆς
667 4371 1054 4442 ὑποκειμένης
1088 4371 1201 4424 ἀλλ’
1231 4372 1370 4425 ὥστε
1412 4372 1484 4443 μὴ
1517 4372 1664 4436 δόξαι
1692 4376 1791 4446 τήν
1814 4377 1991 4429 κτίσιν
2024 4377 2116 4430 ἀλ-

536 4454 752 4527 λοτρίαν
781 4451 923 4508 εἶναι
960 4455 1061 4527 τῆς
1109 4454 1273 4509 αὑτοῦ
1320 4456 1528 4525 σοφίας,
1558 4455 1633 4519 ὡς
1679 4458 1726 4508 οἱ
1775 4459 1912 4527 μετὰ
1944 4460 2114 4513 ταῦτα

534 4538 914 4601 διαϐάλλοντες
954 4539 1003 4592 οί
1045 4538 1114 4591 τά
1152 4540 1473 4611 Μαρκίωνος
1525 4542 1854 4611 νοσήσαντες
1908 4542 2112 4609 ἔλεγον,

538 4624 675 4693 αὑτῇ
706 4626 770 4694 τῇ
804 4625 978 4676 κτίσει
1005 4623 1268 4694 κέχρηται
1294 4622 1425 4693 πρὸς
1449 4622 1547 4693 τὴν
1575 4624 1829 4677 ὑπόθεσιν
1861 4624 1969 4678 τῶν
1993 4626 2117 4680 θαυ-

542 4708 746 4779 μάτων.
784 4708 936 4761 Ἐπεὶ
965 4705 1058 4760 οὖν
1084 4706 1407 4774 ἀπέγνωσαν
1442 4706 1741 4777 ἀμφότεροι
1771 4709 1819 4760 οί
1854 4709 2113 4778 μαθηταὶ,

537 4790 658 4842 τότε
693 4790 1100 4860 θαυματουργεῖ
1132 4789 1314 4842 λοιπόν
1335 4808 1347 4819 ·
1386 4788 1527 4842 οὕτω
1558 4789 1668 4861 γάρ
1721 4790 1919 4860 μᾶλλον
1959 4793 2117 4864 ἐκέρ-

538 4873 724 4935 δαναν,
763 4872 1023 4944 πρότερον
1056 4873 1489 4943 ὁμολογήσαντες
1522 4872 1615 4925 τοῦ
1664 4873 1987 4946 πράγματος
2018 4875 2116 4944 τὴν

536 4956 842 5019 δυσκολίαν,
887 4957 973 5008 ἵνα
1008 4957 1135 5009 ὅταν
1171 4957 1415 5026 γένηται,
1457 4956 1667 5026 μάθωσι
1710 4957 1802 5009 τοῦ
1847 4958 1980 5010 Θεοῦ
2018 4959 2117 5028 τὴν

538 5038 785 5109 δύναμιν.
836 5039 1054 5111 Ἐπειδὴ
1101 5038 1209 5109 γὰρ
1252 5038 1492 5111 γίνεσθαι
1546 5042 1769 5109 σημεῖον
1818 5040 2008 5110 ἔμελλε
2056 5042 2117 5095 τὸ

539 5125 634 5178 καὶ
665 5125 969 5195 προφήταις
989 5110 1352 5194 κατορθωθέν,
1376 5110 1423 5174 εί
1449 5124 1542 5174 καὶ
1574 5125 1648 5191 μὴ
1674 5123 1893 5192 ὁμοίως·
1924 5125 2117 5195 ἔμελλε

537 5207 717 5261 δὲκαὶ
761 5207 1163 5277 εὐχαριστήσας
1214 5207 1347 5259 αὑτὸ
1388 5206 1652 5276 πρότερον
1690 5210 1885 5259 ποιεῖν·
1918 5208 2003 5261 ἵνα
2042 5208 2116 5280 μὴ

538 5294 618 5354 εἰς
668 5290 870 5359 ἀσθενῆ
925 5307 1048 5343 τινα
1101 5291 1484 5341 καταπέσωσιν
1532 5288 1807 5351 ὑπόνοιαν,
1859 5290 1960 5360 ὅρα
2000 5292 2116 5354 πῶς

539 5374 670 5427 αὑτὸ
698 5375 792 5427 καὶ
826 5373 905 5444 τῷ
932 5374 1117 5444 τρόπῳ
1157 5373 1244 5425 διὰ
1265 5372 1417 5444 [251]
1446 5371 1662 5425 πάντων
1689 5374 1861 5444 ἐπῆρε
1896 5375 1990 5427 καὶ
2018 5375 2116 5447 τὴν

538 5460 801 5528 διαφορὰν
844 5457 1062 5522 ἔδειξεν.
1104 5454 1272 5509 Οὔπω
1304 5456 1413 5526 γὰρ
1457 5456 1565 5508 τῶν
1595 5457 1773 5522 ἄρτων
1813 5458 2114 5526 φανέντων,

538 5544 599 5593 τὸ
633 5542 816 5612 θαῦμα
859 5544 1021 5605 ποιεῖ,
1056 5541 1144 5594 ἵνα
1180 5538 1357 5611 μάθῃς
1384 5540 1468 5593 ὅτι
1505 5538 1575 5591 τὰ
1612 5540 1686 5609 μὴ
1715 5539 1843 5591 ὅντα
1883 5541 1957 5604 ὡς
1987 5541 2115 5594 ὄντα

541 5626 691 5694 αὐτῷ
740 5626 1032 5696 ὑφέστηκε.
1076 5623 1327 5694 καθάπερ
1360 5625 1387 5676 6
1420 5622 1631 5685 Παῦλός
1672 5639 1855 5693 φησιν’
1896 5625 1961 5676 '0
2013 5643 2119 5678 κα-

539 5710 666 5762 λῶν
714 5710 784 5763 τὰ
823 5710 911 5779 μὴ
961 5709 1105 5762 ὄντα
1140 5709 1221 5774 ὠς
1278 5707 1441 5760 ὄντα.
1481 5707 1568 5769 Ὠς
1624 5707 1840 5776 ἑτοίμου
1883 5711 1992 5778 γὰρ
2024 5712 2116 5763 καὶ

542 5791 1062 5861 παρεσκευασμένης
1105 5790 1203 5860 τῆς
1250 5788 1551 5860 τραπέζης,
1604 5789 1885 5843 ἐκέλευσεν
1919 5792 2116 5857 αὐτοὺς

626 5907 652 5934 ι
686 5904 825 5968 ANJS
860 5903 1207 5968 ἀποκρούεται.
1366 5900 1641 5968 Αξιὶἰῌοῖμαι
1681 5903 1770 5966 γὰρ
1809 5904 1949 5968 αὑτὸν
1993 5908 2118 5955 εἰσε-

541 5967 795 6029 ληλυθέναι
807 5967 901 6013 τῶν
922 5965 1061 6029 προφ.
1129 5968 1150 5995 °
1180 5965 1382 6029 Quidam
1393 5965 1535 6029 ἀνέϐη
1558 5966 1638 6029 μεν
1661 5967 1939 6029 περαιτέρω.
1964 5968 2115 6017 Paulo

543 6034 655 6137 post“.
681 6026 837 6102 §a\’il.
875 6025 1094 6090 μάθωμεν
1128 6028 1281 6075 τοίνυν
1322 6030 1382 6075 οἱ.
1447 6025 1474 6065 d
1497 6025 1645 6075 savii.
1669 6025 1750 6076 καὶ
1794 6025 1866 6088 τῇ
1884 6030 2115 6089 ποσότητι

548 6105 614 6137 κα
651 6104 726 6137 τη.

548 6104 628 6137 και
651 6104 726 6149 τῃ.

1201 408 1258 463 S.
1297 408 1585 465 JOANNIS
1622 408 2109 465 CHRYSOSTOMI
2153 407 2476 467 ARCHIEP.
2516 408 3067 468 CONSTANTINOP.

3706 409 3815 464 242

2230 525 2435 591 εὐθέως
2464 528 2777 583 ἀναπεσεῖν.
2801 527 2957 582 Οὕτω
2990 529 3084 582 καὶ
3106 526 3191 581 διά
3219 527 3410 579 τούτου
3438 526 3534 595 τὴν
3563 524 3800 578 διάνοιαν

2229 610 2335 663 τῶν
2384 611 2642 682 μαθητῶν
2687 611 3003 683 ἀνέστησεν.
3038 612 3157 663 Ὅτι
3198 611 3254 663 δὲ
3306 621 3329 648 θ
3368 609 3461 661 καὶ
3508 610 3801 679 ἐκέρδαναν

2225 695 2334 747 ἀπὸ
2382 696 2481 763 τῆς
2520 697 2861 767 ἐρωτήσεως,
2906 694 3107 758 εὑθέως
3154 696 3489 765 ὑπήκουσαν,
3549 693 3642 745 καὶ
3702 693 3802 745 οὑκ

2224 777 2654 848 ἐθορυϐήθησαν.
2691 778 2812 831 οὑδὲ
2862 777 3033 832 εἷπον·
3066 779 3119 832 τί
3149 796 3280 832 ποτε
3316 778 3477 830 τοῦτό
3499 778 3645 839 ἐστι;
3682 775 3800 837 πῶς

2223 861 2463 924 κελεύεις
2501 864 2814 923 ἀναπεσεῖν,
2842 862 3053 926 οὐδενὸς
3079 864 3136 916 ἐν
3161 861 3240 932 τῷ
3268 862 3415 932 μέσῳ
3441 860 3798 929 φαινομένους

2224 945 2381 997 Οὕτω
2407 945 2502 998 καὶ
2531 946 2636 1015 πρὸ
2660 945 2760 1014 τῆς
2782 946 2959 1014 ὅψεως
2995 944 3089 998 τοῦ
3124 946 3353 1015 σημείου
3386 942 3661 996 πιστεύειν
3701 943 3801 1012 ήρ-

2227 1026 2383 1091 ξαντο
2417 1028 2434 1065 ί
2467 1030 2515 1080 οἰ
2554 1028 2703 1097 παρά
2750 1029 2846 1098 τὴν
2890 1028 3065 1099 ἀρχὴν
3107 1026 3359 1081 τοσοῦτον
3399 1028 3802 1097 ἀπιστήσαντες

2223 1110 2296 1173 ὡς
2324 1112 2514 1174 εἰπεῖν,
2542 1114 2732 1164 Πόθεν
2752 1110 3128 1179 ἀγοράσομεν
3152 1110 3405 1177 ἅρτους;
3440 1112 3522 1162 ὅτι
3549 1110 3639 1161 καὶ
3666 1108 3801 1177 μετά

2223 1192 2532 1263 προθυμίας
2574 1194 2857 1246 ἀνέκλιναν
2895 1194 3021 1257 τοὺς
3071 1193 3280 1263 ὄχλους.
3316 1192 3474 1245 Ἀλλά
3504 1192 3556 1244 τί
3602 1191 3799 1262 δήποτε

2220 1276 2311 1328 τὸν
2339 1275 2705 1346 παραλυτικὸν
2731 1277 2937 1346 μέλλων
2969 1275 3229 1347 ἀνορθοῦν
3266 1277 3365 1329 οὑκ
3408 1274 3647 1345 εὔχεται,
3681 1274 3800 1326 οὑδέ

2220 1360 2311 1411 τὸν
2339 1360 2529 1431 νεκρὸν
2558 1360 2807 1431 ἐγείρων,
2839 1361 2959 1413 οὐδὲ
2983 1361 3082 1432 τὴν
3115 1359 3384 1413 θάλατταν
3422 1359 3670 1429 χαλινῶν⁸
3715 1361 3800 1411 ἐν-

2220 1443 2395 1496 ταῦθα
2427 1444 2616 1495 δέλέπί
2653 1444 2760 1495 τῶν
2803 1444 2981 1513 ἄρτων
3030 1444 3190 1497 τοῦτο
3232 1446 3405 1510 ποιεῖ;
3461 1443 3684 1503 Δεικνὺς
3716 1443 3799 1495 ὅτι

2221 1528 2347 1590 τοὺς
2377 1527 2584 1599 τροφῆς
2609 1528 2943 1598 ἀρχομένους
2967 1529 3304 1598 εὐχαριστεῖν
3325 1528 3406 1580 δεῖ
3424 1527 3501 1597 τῷ
3521 1526 3656 1597 Θεῷ.
3690 1527 3800 1579 Καὶ

2221 1611 2393 1672 ἄλλως
2418 1612 2493 1673 δέ,
2528 1611 2620 1662 ἐπὶ
2652 1610 2759 1662 τῶν
2788 1610 3081 1663 ἐλαττόνων
3115 1611 3245 1664 αὑτὸ
3297 1610 3529 1680 μάλιστα
3572 1610 3800 1679 ἐργάζε-

2220 1712 2329 1758 ται,
2367 1694 2453 1746 ίνα
2484 1693 2663 1766 μάθῃς
2707 1694 2789 1746 ὅτι
2822 1695 2882 1746 οὑ
2918 1694 3170 1763 δεόμενος
3208 1693 3339 1746 αὑτὸ
3388 1696 3551 1746 ποιεῖ.
3597 1688 3661 1745 Εἰ
3692 1693 3801 1763 γάρ

2220 1778 2493 1847 δεόμενος,
2536 1775 2717 1846 πολλῷ
2763 1776 2961 1845 μᾶλλον
2995 1778 3088 1828 ἐπὶ
3116 1776 3223 1829 τῶν
3259 1775 3519 1846 μειζόνων
3560 1776 3625 1829 ἂν
3668 1774 3802 1827 αὑτὸ

2222 1860 2496 1931 ἐποίησεν.
2538 1858 2594 1911 Ὀ
2645 1859 2701 1911 δὲ
2726 1860 2935 1911 ’ἐκεῖνα
2987 1858 3242 1930 αὑθεντίᾳ
3289 1860 3541 1929 ποιήσας,
3578 1858 3799 1929 εὕδηλον

2219 1945 2298 1997 ὅτι
2335 1944 2427 1996 καὶ
2447 1942 2621 1995 ταῦτα
2661 1942 3143 2011 συγκαταϐατικῶς
3170 1942 3456 2013 ἔπραττεν.

2290 2032 2357 2096 γ’.
2370 2028 2488 2080 Ἔτι
2512 2044 2571 2079 τε
2596 2027 2689 2079 καὶ
2704 2027 2786 2079 ὅτι
2810 2026 2964 2095 δχλος
2984 2027 3149 2090 πολὺς
3161 2022 3228 2096 ἦν
3246 2026 3433 2098 παρὼν
3453 2027 3501 2088 ⁸,
3524 2026 3615 2079 καὶ
3633 2027 3801 2098 ἐχρῆν

2219 2110 2415 2172 αὑτοὺς
2466 2110 2774 2179 πεισθῆναι,
2814 2110 2895 2162 ὅτι
2947 2109 3089 2163 κατὰ
3134 2108 3357 2180 γνώμην
3388 2110 3522 2164 Θεοῦ
3564 2110 3798 2181 παρεγέ-

2219 2209 2359 2246 νετο.
2387 2195 2486 2248 Διὰ
2515 2194 2672 2246 τοῦτο
2703 2193 2831 2246 ὅταν
2863 2193 2961 2262 μὲν
2994 2192 3152 2263 μόνος
3177 2196 3301 2263 ποιῇ
3338 2211 3389 2246 τι
3431 2196 3673 2264 σημεῖον,
3708 2192 3800 2245 οὑ·-

2219 2274 2306 2328 δέν
2333 2275 2566 2328 τοιοῦτον
2613 2274 3000 2327 ἐπιδείκνυταιο
3035 2276 3162 2328 ὅταν
3206 2274 3263 2327 δὲ
3293 2277 3386 2328 ἐπὶ
3424 2276 3633 2329 πολλῶν
3665 2276 3798 2329 αὑτὸ

2218 2362 2369 2431 ποιῇ,
2423 2357 2564 2411 ὥστε
2592 2357 2879 2411 πιστεῦσαι
2926 2359 3122 2423 αὐτοὺς
3174 2359 3255 2412 ὅτι
3298 2360 3398 2413 οὐκ
3444 2359 3687 2422 ἀντίθεός
3713 2358 3797 2422 τίς

2218 2444 2386 2507 ἐστιν,
2420 2443 2539 2495 οὑδὲ
2566 2442 2803 2505 ἐναντίος
2825 2442 2902 2513 τῷ
2922 2443 3294 2513 γεγεννηκότι,
3325 2444 3411 2497 διὰ
3450 2448 3549 2515 τῆς
3581 2445 3800 2515 εὐχαρι-

2220 2527 2373 2590 στίας
2399 2528 2615 2598 ἀναιρεῖ
2645 2528 2744 2598 τὴν
2774 2526 3026 2595 ὑποψίαν.
3058 2526 3165 2581 Καὶ
3195 2526 3379 2582 ἔδωκε
3409 2528 3535 2594 τοῖς
3561 2530 3797 2582 ἀνακει-

2214 2611 2445 2680 μένοις,
2495 2610 2593 2663 καί
2638 2610 3131 2677 ἐνεπλήσθησαν.
3191 2610 3344 2674 Εἶδες
3392 2611 3555 2664 πόσον
3610 2611 3797 2664 δούλου

2219 2695 2313 2746 καὶ
2340 2693 2599 2748 δεσπότου
2630 2693 2690 2745 τὸ
2741 2694 2935 2764 μέσον;
2984 2696 3210 2747 Ἐκεῖνοι
3240 2694 3470 2766 μὲνγὰρ
3503 2696 3567 2747 ἐκ
3598 2695 3795 2767 μέτρου

2216 2779 2432 2848 ἔχοντες
2455 2777 2553 2849 τὴν
2576 2777 2755 2848 χάριν,
2790 2777 2963 2841 οὕτως
2996 2777 3495 2851 ἐθαυματούργουν’
3528 2782 3556 2833 6
3579 2780 3637 2832 δέ
3664 2781 3797 2845 Θεὸς

2216 2862 2591 2933 ἀπολελυμένη
2638 2863 2863 2932 δυνάμει
2908 2862 3096 2926 ποιῶν,
3154 2864 3295 2933 μετά
3341 2864 3539 2935 πολλῆς
3582 2864 3798 2920 ἅπαντα

2219 2944 2502 3016 εἰργάζετο
2525 2945 2624 3014 τῆς
2653 2945 2989 3017 περιουσίας.
3028 2946 3136 2999 Καὶ
3162 2941 3292 3000 εἷπε
3322 2947 3446 3013 τοῖς
3481 2949 3791 3017 μαθηταῖς-ο

2218 3030 2593 3100 Συναγάγετε
2634 3031 2706 3083 τὰ
2753 3031 3244 3097 περισσεύσαντα
3276 3032 3592 3101 κλάσματα
3632 3033 3683 3086 h.
3730 3034 3797 3087 υι

2217 3115 2288 3167 δὲ
2338 3115 2709 3184 συνήγαγον,
2753 3114 2851 3167 καὶ
2889 3114 3174 3183 ἐγέμισαν
3215 3114 3444 3170 δώδεκα
3482 3118 3790 3186 κοφίνους.

2220 3200 2334 3251 Οὐκ
2364 3198 2621 3262 ἐπίδειξις
2671 3194 2737 3268 ἦν
2777 3197 2935 3251 τοῦτο
2969 3198 3214 3269 περιττὴ,
3248 3200 3363 3253 ἀλλ’
3383 3201 3525 3254 ὥστε
3558 3203 3632 3273 μὴ
3662 3219 3796 3271 φαν-

2216 3283 2408 3335 τασίαν
2442 3281 2762 3352 νομισθῆναι
2794 3282 2856 3334 τὸ
2886 3283 3140 3353 πρᾶγμα’
3171 3282 3257 3336 διὰ
3306 3284 3370 3354 δὴ
3410 3285 3568 3338 τοῦτο
3611 3287 3704 3339 καὶ
3735 3285 3796 3350 ἐξ

2218 3365 2582 3436 ὑποκειμένης
2642 3364 2773 3435 ὕλης
2818 3365 3160 3436 δημιουργεῖ.
3198 3367 3353 3430 Τίνος
3396 3367 3453 3420 δέ
3493 3369 3677 3421 ἕνεκεν
3730 3370 3792 3422 οὐ

2214 3452 2329 3511 τοῖς
2357 3448 2534 3519 ὄχλοις
2581 3448 2777 3502 ἔδωκεν
2828 3449 3113 3520 βαστάσαι,
3154 3449 3292 3503 ἀλλά
3337 3454 3447 3514 τοῖς
3494 3451 3793 3522 μαθηταῖς;

2219 3535 2341 3588 Ὅτι
2376 3536 2607 3603 μάλιστα
2639 3534 2861 3597 τούτους
2896 3534 3183 3587 παιδεῦσαι
3217 3535 3476 3604 ἠϐούλετο
3500 3538 3625 3599 τοὺς
3668 3536 3797 3607 μέλ-

2215 3618 2407 3682 λοντας
2436 3615 2574 3672 εἶναι
2599 3617 2949 3681 διδασκάλους
2972 3618 3072 3688 τῆς
3100 3619 3444 3689 οἰκουμένης.
3470 3617 3542 3671 Τὸ
3567 3620 3665 3690 μὲν
3686 3620 3794 3691 γὰρ

2217 3704 2422 3774 πλῆθος
2449 3704 2601 3757 οὑδέν
2632 3704 2774 3773 μέγα
2801 3702 2990 3774 ἔμελλε
3015 3702 3412 3771 καρπώσασθαι
3439 3705 3502 3757 ἐκ
3530 3704 3639 3758 τῶν
3665 3706 3795 3759 θαυ-

2220 3788 2403 3857 μάτων
2431 3786 2586 3849 τέως·
2621 3785 2825 3849 εὐθέως
2867 3786 2997 3855 γοῦν
3045 3786 3464 3841 ἐπελανθάνοντο
3490 3788 3665 3852 αὐτοὶ,
3700 3790 3794 3843 καὶ

2217 3872 2379 3943 ᾔτουν
2408 3870 2594 3940 ἕτερον
2628 3869 2831 3941 θαῦμα·
2878 3865 3024 3924 οὑτοι
3048 3872 3105 3924 δέ
3131 3872 3192 3924 οὑ
3221 3872 3288 3925 τὰ
3314 3874 3543 3941 τυχόντα
3575 3874 3812 3942 κερδαί-ε

2216 3971 2327 4007 νειν
2365 3954 2607 4026 ἔμελλον.
2633 3948 2743 4006 Ἦν
2774 3953 2830 4005 δέ
2860 3954 2956 4007 καὶ
2980 3954 3057 4023 τῷ
3088 3954 3256 4027 Ἰούδᾳ⁸
3282 3956 3598 4027 κατάκριμα
3619 3957 3679 4009 τὸ
3706 3960 3812 4027 γι-ς

2217 4040 2438 4109 νόμενον
2465 4039 2525 4091 οὺ
2550 4038 2611 4091 τὸ
2641 4037 2822 4108 τυχὸν,
2853 4038 3173 4108 βαστάζοντι
3204 4040 3294 4092 τὸν
3324 4040 3562 4109 κόφινον.
3584 4042 3705 4095 ’Ότι
3736 4043 3794 4098 δέ

2214 4123 2316 4193 τῆς
2347 4121 2524 4175 αὐτῶν
2555 4122 2891 4183 παιδεύσεως
2928 4122 3115 4175 ἐνεκεν
3143 4122 3319 4177 ταῦτα
3350 4125 3585 4192 ἐγένετο,
3609 4127 3673 4178 ἐκ
3698 4126 3793 4180 τοῦ

2216 4207 2507 4279 εἰρημένου
2553 4205 2777 4278 ὕστερον
2818 4206 2995 4278 δῆλον,
3034 4202 3201 4280 οὕπερ
3246 4208 3549 4280 ἀνέμνησεν
3600 4212 3794 4274 αὐτοὺς

2215 4290 2407 4359 λέγων·
2449 4291 2622 4344 Οὔπω
2664 4288 2855 4345 νοεῖτε
2899 4292 3134 4356 πόσους
3179 4291 3470 4359 κοφίνους
3515 4294 3794 4357 inﬂigere;

2218 4376 2327 4428 Καὶ
2358 4375 2419 4427 τὸ
2469 4374 2785 4446 ἰσαρίθμους
2831 4372 2968 4429 εἶναι
3016 4377 3130 4438 τοῖς
3176 4375 3445 4446 μαθηταῖς
3477 4378 3602 4441 τοὺς
3643 4379 3815 4447 κοφί-ί

2218 4474 2340 4521 νους
2370 4458 2478 4511 τῶν
2496 4458 2786 4529 λειψάνων,
2813 4460 2911 4529 τῆς
2932 4460 3102 4528 αὑτῆς
3131 4458 3315 4511 ’ἐνεκεν
3341 4461 3521 4524 αἰτίας
3548 4461 3789 4529 γέγονεν.
3918 4500 3921 4503 ›

2220 4541 2486 4611 ’Ὕστερον
2513 4543 2568 4595 δέ
2595 4542 2779 4612 ἐπειδὴ
2810 4542 3225 4613 ὲπαιδεύθησαν,
3246 4544 3346 4596 οὑκ
3379 4542 3460 4595 ἔτι
3487 4545 3793 4609 τοσούτους,

2216 4622 2352 4677 ἀλλὰ
2388 4624 2651 4694 σπυρίδας
2680 4624 2839 4677 ἐπτά.
2879 4622 3020 4691 Ἐγὼ
3049 4624 3105 4676 δέ
3134 4627 3194 4678 ού
3222 4626 3283 4679 τὸ
3310 4626 3512 4697 πλῆθος
3536 4626 3798 4698 θαυμάζω

2217 4706 2327 4760 τῶν
2369 4707 2669 4776 γεγονότων
2712 4707 2892 4776 ἄρτων
2924 4706 3077 4778 [252]
3113 4709 3293 4777 μόνον,
3335 4710 3470 4763 ἀλλά
3516 4713 3622 4782 μὴν
3660 4711 3798 4782 μετὰ

2217 4791 2312 4845 τοῦ
2341 4791 2576 4863 πλήθους
2606 4792 2698 4844 κιιί¹
2718 4792 2817 4863 τὴν
2841 4790 3126 4862 ἀκρίϐειαν
3154 4793 3249 4846 τοῦ
3281 4796 3717 4865 περισσεύματος
3747 4791 3819 4861 ί,“

2216 4875 2300 4928 ὅτι
2329 4873 2452 4927 οὕτε
2483 4876 2664 4928 πλεῖον
2690 4874 2812 4928 οὕτε
2848 4876 3068 4931 ἔλαττον
3089 4877 3313 4949 ἐποίησε
3345 4872 3819 4949 περισσευθῆναιν⁸

2218 4958 2351 5011 ἀλλά
2376 4958 2630 5012 τοσοῦτον
2659 4960 2778 5027 ὅσον
2804 4962 3072 5026 ἐϐούλετο,
3111 4962 3375 5033 προειδὼς
3411 4962 3551 5015 πόσα
3581 4961 3795 5014 ἀναλώ-

2222 5059 2424 5095 σουσιν·
2457 5043 2593 5113 ὅπερ
2637 5044 2846 5112 ἀφάτου
2878 5046 3158 5117 δυνάμεως
3189 5043 3273 5117 ἦν.
3324 5046 3642 5100 Ἐπιστοῦτο
3695 5048 3797 5114 μὲν

2220 5123 2313 5179 οὖν
2338 5126 2407 5179 τά
2442 5127 2731 5198 κλάσματα
2759 5128 2821 5181 τὸ
2853 5130 3096 5198 γεγονὸς,
3128 5131 3410 5201 ἀμφότερα
3441 5133 3794 5200 ἐμφαίνοντα.

2220 5211 2314 5263 καὶ
2346 5211 2429 5263 ὅτι
2457 5213 2518 5264 οὑ
2555 5213 2826 5280 φαντασία
2854 5231 2934 5277 τις
2981 5210 3047 5283 ἦν
3095 5213 3164 5265 τὰ
3194 5214 3551 5284 γεγενημένα,
3597 5216 3687 5267 καὶ
3711 5215 3795 5266 ὅτι

2220 5290 2279 5357 ἐξ
2322 5294 2543 5347 ἐκείνων
2572 5292 2640 5364 ῆν
2684 5289 2760 5349 ὧν
2807 5298 3141 5367 ἐτράφησαν.
3199 5296 3273 5349 T6
3316 5296 3372 5349 δέ
3420 5296 3529 5349 τῶν
3576 5296 3795 5366 ἰχθύων,

2217 5377 2340 5429 τότε
2378 5377 2476 5447 μὲν
2501 5379 2874 5449 ὑποκειμένων
2903 5380 3137 5447 ἐγένετο·
3171 5379 3398 5450 ὕστερον
3429 5380 3485 5432 δέ
3527 5382 3663 5450 μετά
3698 5381 3798 5452 τῂν

2218 5456 2534 5520 ἀνάστασιν,
2565 5459 2666 5510 οὑκ
2701 5457 2780 5510 ἔτι
2811 5458 2871 5523 ἐξ
2915 5458 3047 5530 ὕλης
3074 5461 3456 5530 ὑποκειμένης.
3489 5459 3643 5523 Τίνος
3678 5461 3797 5513 ἐνε-

2221 5552 2316 5615 κεν
2339 5553 2354 5601 ;
2382 5535 2510 5589 Ἵνα
2538 5536 2715 5615 μάθῃς
2753 5538 2835 5591 ὃτι
2862 5540 2957 5592 καὶ
2979 5538 3074 5593 νῦν
3096 5543 3161 5611 τῇ
3194 5539 3295 5615 ὕλῃ
3320 5541 3604 5611 ἐκέχρητο,
3632 5542 3691 5592 οὑ
3728 5541 3799 5591 δι’

2218 5612 2447 5675 ἔνδειαν,
2478 5615 2597 5667 οὑδέ
2618 5614 2872 5684 δεόμενος
2906 5616 3245 5687 ὑποϐάθρας,
3268 5612 3392 5671 ἀλλ’
3424 5618 3564 5670 ὥστε
3594 5618 3663 5670 τὰ
3687 5619 3800 5670 τῶν

2218 5691 2509 5762 αἰρετικῶν
2533 5691 2805 5764 ἐμφράξαι
2836 5695 3101 5764 στόματα.
3136 5700 3199 5748 Οἱ
3225 5696 3293 5749 δὲ
3320 5697 3491 5766 ὄχλοι
3512 5699 3723 5766 ἔλεγον
3746 5707 3793 5761 ι,

2219 5769 2309 5823 ὅτι
2335 5766 2523 5836 Οὗτός
2554 5772 2727 5825 ἐστιν
2761 5773 2999 5841 άληθῶς
3038 5778 3070 5828 ὁ
3112 5775 3443 5844 προφήτης.
3481 5778 3544 5829 Ὢ
3575 5793 3798 5847 γάστρις

2260 5866 2309 5925 ,ε
2343 5853 2550 5936 Alii}?
2580 5855 2687 5918 γάρ.
2722 5849 3105 5936 ξιοητειτβτερέ.
3153 5857 3197 5936 ’.ξ
3223 5859 3452 5936 ΑΙὶίὶστρῦ
3480 5862 3681 5932 σημείρυ
3704 5865 3805 5935 ’τῆς

2217 5917 2423 5969 πίστεως
2444 5917 2661 5977 ἤρξαντο.
2729 5919 2755 5956 ε
2781 5919 2930 5967 SaVil.
2965 5920 3120 5975 ἄλλως
3150 5922 3297 5969 δὲκαὶ
3323 5923 3350 5969 6
3376 5923 3515 5983 ὄχλος
3532 5917 3583 5969 π.
3614 5920 3671 5979 ἧν
3694 5921 3723 5968 ὁ
3742 5936 3781 5968 π

2219 5973 2247 6012 h
2270 5976 2473 6053 Quidatln
2493 5978 2693 6053 μερθηε
2700 5980 2985 6053 περιουσίας.
3023 5983 3117 6029 Καὶ
3143 5983 3469 6053 ἐπερίσσευσε,
3494 5981 3813 6053 φησὶ,,κ).ά.σ·³

2219 6054 2359 6104 ματα.
2421 6038 2456 6104 μὶ,
2482 6040 2583 6104 Alii
2613 6038 2699 6087 τοῦ
2740 6038 3155 6104 περισσεύσαντος.
3226 6038 3241 6095 3
3291 6038 3464 6095 Morel;
3504 6038 3556 6094 ὀἱ
3597 6042 3678 6094 οὖν
3716 6043 3805 6091 ἆν-

2220 6100 2397 6163 θρωποι
2420 6101 2595 6158 ἰδόντες
2619 6103 2674 6152 τὸ
2698 6100 2914 6169 σημεῖον,
2940 6106 3116 6171 ἔλεγον.
3190 6118 3193 6119 ⁷
3270 6112 3285 6117 “
3372 6109 3381 6115 ’
3468 6110 3469 6113 “
