4100 6364
366 243 459 300 241

361 358 574 422 lntntur,
608 356 727 412 Non
752 358 914 413 solum
944 361 1060 431 quia
1089 360 1307 416 solvebat
1331 363 1628 429 sabbatum,
1668 364 1755 420 sed
1793 365 1941 418 etiam

361 453 479 517 quia
521 448 731 505 Patrem
763 471 910 507 suum
951 455 1145 509 dicebat
1188 456 1379 524 Deum,
1405 460 1648 527 aequalem
1673 477 1726 515 se
1752 461 1942 532 faciens

362 541 469 595 Deo
509 558 527 597 :
565 544 663 597 nisi
690 561 753 600 ea
782 555 925 601 esset
956 548 1120 615 ipsius
1153 548 1347 604 Christi
1384 553 1647 606 sententia
1688 555 1941 623 operibus

361 634 705 699 confirmata,
760 638 1053 697 addidisset
1108 649 1162 694 et
1215 640 1283 695 ibi
1328 644 1714 699 correctionem
1773 645 1935 699 illam.
1982 630 1987 645 ³

359 724 487 777 Nam
528 727 573 779 si
618 728 667 780 in
703 728 879 783 verbis
911 728 1037 784 Jesu
1069 731 1218 786 timet
1256 734 1578 803 evangelista
1610 751 1678 789 ne
1704 737 1823 805 quis
1848 752 1937 791 su-

357 818 648 883 Spicioncm
681 818 869 875 habeat
898 862 912 887 ,
940 822 1107 876 multo
1139 825 1305 894 magis
1329 825 1379 879 in
1405 826 1468 879 iis
1490 842 1609 896 quae
1631 827 1701 882 de
1726 828 1821 882 illo
1846 828 1938 883 alii

354 909 595 965 dicerent
623 914 922 983 suspicatus
950 917 1165 979 fuisset,
1195 920 1240 972 si
1268 933 1373 973 non
1405 919 1623 975 vidisset
1652 937 1828 975 veram
1865 922 1935 976 de

355 1001 447 1054 illo
473 1002 777 1070 opinionem
808 1005 1010 1062 haberi.
1041 1006 1147 1062 Sed
1183 1010 1309 1063 nihil
1340 1010 1507 1076 dixit,
1549 1012 1751 1067 sciebat
1792 1014 1934 1068 enim

351 1093 549 1147 Clitiin
598 1097 918 1150 sententiam
955 1110 1007 1151 et
1056 1100 1325 1157 immobile
1365 1103 1657 1157 decretum.
1706 1103 1935 1176 Ideoque

352 1201 471 1238 cum
501 1185 744 1252 dixisset,
778 1188 1058 1258 Αῖιιιιαιεηι
1088 1209 1141 1244 se
1168 1194 1363 1263 faciens
1396 1194 1523 1261 Deo,
1560 1213 1663 1250 non
1696 1214 1823 1252 usus
1852 1208 1935 1254 est

352 1276 438 1329 illa
486 1283 854 1346 ent'reetione;
912 1297 1017 1337 non
1069 1286 1208 1339 enim
1255 1300 1503 1357 corrupta
1552 1290 1761 1344 illorum
1817 1302 1933 1347 erat

351 1369 553 1436 opinio,
575 1370 670 1424 sed
698 1386 821 1425 vera
844 1373 910 1427 de
933 1374 1023 1429 illo
1047 1378 1307 1431 sententia
1334 1381 1580 1448 operibus
1596 1382 1931 1438 conﬁrmata.

351 1458 483 1512 Cum
525 1476 651 1530 ergo
679 1461 981 1533 Philippum
1015 1468 1415 1538 interrogasset,
1458 1472 1511 1526 8.
1543 1471 1678 1526 Dicit
1703 1472 1932 1529 Andreas

350 1553 510 1619 frater
531 1554 754 1609 Simonis
789 1556 932 1612 Petri
964 1576 981 1612 :
1011 1560 1064 1615 9.
1099 1560 1193 1614 Est
1224 1580 1348 1633 puer
1367 1583 1499 1619 unus
1525 1568 1627 1628 hic,
1662 1570 1749 1637 qui
1782 1571 1930 1623 habet

348 1649 566 1717 quinque
586 1666 739 1717 panes
765 1654 1085 1717 hordeaceos,
1110 1667 1153 1710 et
1178 1658 1307 1712 duos
1333 1661 1491 1728 pisces
1518 1676 1536 1724 ;
1560 1664 1648 1715 sed
1676 1667 1781 1716 [nec
1808 1665 1931 1734 quid

348 1748 463 1792 sunt
500 1740 631 1793 inter
660 1746 867 1796 tantos?
911 1745 1200 1802 Sublimius
1242 1751 1440 1817 cogitat
1482 1752 1725 1806 Andreas
1769 1771 1926 1823 quam

352 1827 645 1901 Philippus.
675 1849 847 1903 neque
889 1846 1061 1891 tamen
1090 1841 1299 1908 penitus
1330 1858 1443 1897 rem
1474 1843 1759 1899 intellexit.
1792 1847 1927 1900 Puto

349 1930 525 1975 autem
563 1923 711 1977 illum
743 1942 847 1980 non
874 1928 990 1983 sine
1019 1944 1178 1984 causa
1208 1932 1279 1985 ita
1309 1933 1451 2003 loqui
1478 1951 1493 1998 ;
1533 1936 1627 1990 sed
1669 1952 1788 1990 cum
1834 1953 1928 1991 au-

347 2009 512 2066 disset
542 2015 920 2084 prophetarum
952 2020 1224 2089 miracula,
1258 2032 1314 2077 ut
1353 2025 1527 2080 Elisaei
1555 2028 1693 2083 circa
1726 2044 1923 2098 panes;

348 2105 470 2160 hinc
495 2108 729 2163 ascendit
749 2110 963 2179 quidem
981 2112 1049 2166 ad
1076 2115 1362 2183 quamdam
1393 2118 1798 2187 sublimitatem,
1829 2122 1923 2177 sed

346 2210 451 2251 non
474 2197 541 2251 ad
565 2199 775 2255 culmen
808 2206 1068 2271 pervenit.

427 2290 597 2347 Victus
635 2294 903 2366 frugalitas
939 2300 1335 2355 commendatur.
1366 2301 1808 2359 Marcionistarum
1831 2322 1920 2360 er-

342 2401 447 2440 ror.
470 2386 693 2442 —Hinc
725 2388 993 2445 discamus
1023 2392 1111 2461 qui
1149 2393 1355 2449 deliciis
1382 2410 1563 2450 sumus
1584 2396 1766 2464 dediti,
1804 2401 1921 2469 quis

342 2480 491 2535 cibus
533 2491 678 2537 esset
719 2492 826 2537 tam
872 2486 1194 2541 mirabilium
1242 2489 1499 2557 virorum,
1532 2508 1688 2561 quam
1723 2496 1916 2562 tenuis,

340 2570 490 2639 cujus
518 2576 756 2641 generis,
786 2575 1032 2647 ipsosque
1064 2579 1116 2633 in
1147 2595 1344 2635 mensa:
1372 2582 1668 2653 frugalitate
1692 2595 1746 2639 et
1786 2603 1918 2643 con—

340 2663 538 2718 ditione
565 2666 853 2722 imitemur.
882 2668 1166 2740 Sequentia
1197 2674 1414 2727 multam
1443 2674 1717 2731 declarant
1745 2678 1916 2735 imbe-

338 2757 631 2812 cillitatem.
658 2759 790 2814 Nam
820 2772 1096 2832 postquam
1123 2764 1352 2831 dixerat,
1386 2765 1550 2821 Habet
1577 2770 1795 2839 quinque
1819 2789 1916 2841 pa-

338 2863 423 2901 nes
451 2848 771 2914 hordeaceos,
803 2852 1005 2907 addidit
1037 2872 1050 2907 :
1085 2854 1191 2909 Sed
1216 2856 1322 2910 hazc
1345 2859 1469 2927 quid
1496 2870 1613 2914 sunt
1638 2864 1769 2915 inter
1796 2872 1912 2917 tan-

334 2941 446 2993 tos?
484 2941 708 2995 Putabat
735 2944 875 2997 enim
907 2946 1286 3001 miraculorum
1311 2949 1570 3005 editorem
1602 2967 1665 3006 ex
1698 2955 1914 3021 paucio-

336 3033 481 3086 ribus
510 3036 778 3101 pauciora,
812 3052 876 3091 ex
907 3038 1143 3105 pluribus
1166 3040 1314 3110 plura
1347 3040 1608 3099 facturum
1632 3060 1787 3112 esse;
1816 3046 1911 3101 sed

332 3141 439 3180 non
474 3128 543 3180 ita
572 3144 657 3183 res
686 3143 743 3183 se
767 3130 1013 3185 habebat.
1036 3131 1168 3188 Nam
1199 3134 1417 3201 perinde
1450 3136 1523 3190 illi
1550 3149 1663 3191 erat
1698 3152 1761 3192 ex
1790 3139 1909 3208 plu-

331 3219 479 3273 ribus
505 3228 559 3274 et
584 3236 649 3275 ex
693 3224 1032 3292 paucioribus
1062 3226 1328 3296 ingentem
1358 3244 1550 3297 panum
1577 3232 1785 3300 copiam
1816 3250 1909 3301 pa-

330 3329 470 3367 rere.
496 3314 678 3385 Neque
723 3318 863 3370 enim
912 3319 1149 3387 subjecta
1192 3323 1410 3375 materia
1464 3338 1599 3392 opus
1641 3324 1904 3391 habebat;

328 3405 423 3459 scd
473 3420 538 3459 ne
575 3417 817 3461 creatura
860 3408 1129 3463 videretur
1171 3411 1343 3466 aliena
1374 3428 1493 3467 esse
1527 3414 1596 3468 ab
1623 3415 1789 3484 ipsius
1823 3432 1908 3471 sa-

329 3498 544 3565 pientia,
572 3498 625 3554 id
651 3500 791 3569 quod
822 3518 1099 3570 perperam
1122 3502 1472 3560 Marcionistte
1493 3508 1760 3575 dicebant,
1792 3512 1903 3582 ipsa

327 3598 569 3643 creatura
614 3590 679 3644 ad
722 3592 973 3647 miracula
1019 3596 1275 3664 patranda
1317 3614 1443 3652 usus
1482 3611 1582 3655 est.
1614 3602 1745 3655 Cum
1775 3619 1903 3673 ergo

325 3680 482 3733 ambo
511 3679 756 3750 discipuli
787 3698 892 3736 non
922 3697 1219 3753 sperarent,
1254 3697 1381 3743 tunc
1410 3691 1719 3746 miraculum
1745 3694 1856 3748 edit
1883 3711 1898 3750 :

324 3772 400 3827 sic
429 3774 571 3828 enim
601 3777 768 3844 magis
795 3776 870 3830 illi
898 3777 1084 3832 lucrati
1112 3790 1270 3842 sunt,
1305 3796 1425 3835 cum
1460 3786 1601 3852 prius
1642 3786 1717 3841 rei
1763 3787 1900 3841 difﬁ—

323 3867 570 3920 cultatem
600 3867 829 3922 confessi
857 3878 1059 3936 essent,
1092 3882 1151 3925 ut
1180 3888 1235 3925 re
1260 3884 1471 3941 peracta
1517 3877 1604 3930 Dei
1650 3878 1895 3934 virtutem

321 3969 559 4014 nossent.
606 3962 739 4027 Quia
777 3963 918 4017 enim
960 3964 1196 4018 futurum
1228 3966 1435 4034 signum
1481 3981 1627 4028 erat,
1670 3971 1811 4040 quod
1866 3988 1895 4027 a

318 4050 595 4120 prophetis
633 4051 834 4106 editum
865 4054 1073 4115 fuerat,
1106 4057 1313 4110 etiamsi
1345 4073 1447 4110 non
1480 4060 1590 4127 pari
1623 4060 1800 4127 modo,
1843 4071 1897 4116 et

315 4146 591 4214 praemissa
637 4146 926 4215 gratiarum
955 4149 1165 4202 actione
1193 4149 1363 4217 ipsum
1393 4150 1630 4205 editurus
1655 4163 1797 4217 erat,
1829 4170 1894 4208 ne

316 4234 565 4290 imbecilli
612 4236 662 4290 in
702 4237 1056 4305 suspicionem
1105 4239 1428 4303 inciderent;
1479 4241 1597 4296 Vlde
1627 4245 1892 4311 qumnndo

315 4326 609 4393 peremnia
655 4337 858 4381 mentes
902 4329 1070 4397 erigat
1122 4340 1174 4383 et
1225 4329 1573 4384 differentiam
1624 4335 1887 4389 Ostendat.

312 4416 441 4469 Cum
460 4420 600 4471 enim
620 4418 850 4473 nondum
875 4434 1037 4487 panes
1060 4430 1390 4488 apparerent,
1419 4423 1726 4476 miraculum
1750 4425 1886 4491 edit;

314 4522 368 4563 ut
398 4513 657 4578 intelligas
683 4528 744 4567 ea
774 4529 893 4582 quae
926 4528 1029 4567 non
1059 4514 1322 4567 exsistunt
1345 4555 1357 4573 .
1390 4523 1446 4567 ut
1486 4530 1546 4568 ea
1586 4532 1703 4584 quas
1728 4526 1885 4584 sunt,

312 4606 408 4672 ipsi
440 4605 647 4659 subdita
672 4620 812 4673 esse,
845 4616 901 4659 ut
932 4606 1122 4659 Paulus
1150 4606 1224 4659 ait
1255 4623 1269 4659 :
1301 4604 1398 4670 Qui
1418 4617 1556 4661 vocat
1576 4624 1633 4659 ea
1653 4625 1766 4678 qua!
1786 4626 1888 4664 non

309 4708 423 4750 sunt
454 4738 469 4759 ,
512 4713 571 4749 ac
600 4697 643 4749 si
689 4706 848 4750 essent
876 4695 1047 4766 (Rom.
1075 4710 1125 4749 It.
1153 4698 1264 4766 17).
1292 4700 1369 4751 Ac
1397 4698 1441 4751 si
1472 4699 1611 4751 enim
1635 4711 1882 4769 apparata

311 4803 490 4843 niensa
519 4797 680 4853 esset,
731 4788 891 4858 jussit
934 4804 1027 4843 eos
1068 4789 1243 4843 statim
1290 4790 1649 4857 discumbere,
1704 4794 1889 4864 sicque

307 4883 685 4950 discipulorum
714 4890 947 4937 mentem
971 4883 1156 4935 erexit.
1192 4881 1324 4936 Cum
1356 4892 1532 4938 autem
1561 4900 1624 4937 ex
1655 4886 1880 4940 interro-

304 4974 514 5042 gatione
542 4976 726 5028 lucrati
754 4984 953 5039 essent,
986 4976 1161 5028 statim
1190 4985 1511 5043 paruerunt,
1560 4993 1659 5033 nec
1689 4980 1880 5034 turbati

305 5077 445 5131 sunt,
477 5080 650 5133 neque
676 5065 924 5119 dixerunt
951 5082 963 5117 :
993 5065 1129 5133 Quid
1156 5066 1258 5119 hoc
1286 5067 1405 5120 est?
1426 5083 1521 5120 cur
1544 5067 1880 5125 discumbere

300 5155 483 5224 jubes,
527 5172 648 5211 cum
690 5156 821 5211 nihil
859 5158 912 5211 in
942 5157 1116 5212 medio
1148 5158 1438 5226 appareat?
1481 5158 1566 5213 Sic
1595 5171 1876 5230 antequam

300 5248 507 5316 signum
528 5248 793 5314 viderent,
817 5248 1035 5304 credere
1060 5259 1355 5317 coeperunt.
1380 5251 1466 5319 qui
1497 5250 1645 5305 initio
1674 5253 1741 5306 ita
1771 5269 1876 5308 non

300 5340 611 5407 credebant,
663 5351 721 5396 ut
775 5341 1033 5408 dicerent,
1082 5342 1231 5397 Unde
1268 5360 1485 5397 ememus
1529 5347 1728 5412 panes?
1766 5346 1877 5402 lmo

299 5432 549 5485 alacriter
592 5433 774 5486 turbas
815 5433 1148 5489 discumbere
1188 5434 1484 5504 jusserunt.
1518 5435 1624 5491 Sed
1654 5452 1751 5491 cur
1780 5454 1874 5508 pa-

300 5523 578 5593 ralyticum
621 5534 924 5592 sanaturus,
984 5535 1248 5581 mortuum
1291 5526 1671 5590 suscitaturus,
1727 5544 1874 5585 mare

300 5614 576 5669 sectaturus
595 5653 611 5682 ,
644 5631 747 5670 non
777 5626 1062 5687 precatur;
1099 5619 1185 5673 hic
1214 5634 1341 5673 vero
1360 5661 1374 5683 ,
1406 5632 1526 5673 cum
1555 5619 1623 5674 de
1648 5620 1872 5690 panibus

302 5716 489 5775 agitur,
535 5707 584 5762 id
627 5707 785 5764 facit?
818 5708 886 5765 Ut
927 5710 1132 5779 doceat,
1162 5724 1282 5769 ante
1313 5715 1487 5771 cibum
1526 5714 1721 5786 gratias
1748 5726 1870 5769 esse

1424 247 1490 303 ΙΝ
1526 246 1839 304 ,ΙΟΑΝΝΕΜ
1881 248 2111 305 “ORDL.
2155 254 2310 312 XLII.
2353 261 2423 314 al.
2462 264 2599 319 XLI.

3519 277 3637 332 ειε

2051 368 2160 424 Deo
2199 376 2448 444 agendas.
2494 380 2738 451 Alioquin
2778 392 2954 440 autem
2993 385 3046 442 in
3092 387 3325 444 minimis
3355 389 3405 445 id
3451 390 3628 449 facere

2046 466 2216 533 Sulel,
2248 480 2303 523 ut
2332 471 2507 527 discas
2534 474 2680 530 illum
2708 492 2813 532 non
2859 479 2999 549 quod
3030 480 3293 552 indigeat,
3324 482 3394 537 ita
3422 480 3619 540 facere.

2044 558 2101 612 Si
2142 562 2281 615 enim
2326 564 2670 635 indiguisset,
2700 571 2872 638 potius
2901 572 2952 626 id
2982 574 3032 626 in
3064 573 3354 644 majoribus
3385 576 3618 631 fecisset.

2042 647 2141 714 Qui
2178 667 2305 707 vero
2351 654 2440 709 illa
2474 672 2594 710 eum
2626 663 2939 717 auctoritate
2969 664 3120 730 fecit,
3165 665 3279 721 haec
3315 683 3436 723 sese
3478 668 3632 723 haud"

2041 742 2200 799 dubie
2226 746 2554 804 demittendo
2579 757 2805 825 peregit.

2112 836 2163 891 5.
2206 838 2285 893 Ad
2318 840 2431 894 hanc
2463 858 2589 898 vero
2616 846 2767 899 turba
2806 863 2990 917 magna
3022 849 3240 916 aderat,
3275 852 3360 906 cui
3392 867 3612 923 persua-

2039 925 2269 983 dendqu
2301 942 2455 995 erat,
2487 948 2559 999 se,
2582 937 2872 991 secundum
2903 939 2992 993 Dei
3035 941 3356 996 voluntatem
3381 942 3612 1000 venisse.

2038 1021 2373 1090 Quapmpter
2420 1029 2633 1095 quando
2683 1032 2829 1085 solus
2874 1032 3083 1102 signum
3128 1035 3412 1104 quodpiam
3465 1034 3614 1103 edit,

2038 1111 2169 1167 nihil
2196 1113 2497 1183 hujusmodi
2533 1119 2782 1176 exhibet:
2815 1124 3027 1191 quando
3056 1134 3231 1177 autem
3266 1125 3443 1179 multis
3476 1141 3616 1195 prte-

2038 1205 2278 1260 sentibus
2301 1206 2353 1261 id
2391 1210 2534 1276 agit,
2570 1220 2626 1263 ut
2661 1211 2764 1265 illis
2790 1213 3009 1266 suadeat
3030 1230 3087 1267 se
3117 1230 3219 1268 non
3247 1230 3365 1269 esse
3384 1216 3494 1270 Deo
3515 1215 3613 1269 ad-

2040 1298 2333 1351 versarium
2358 1341 2371 1362 ,
2403 1316 2574 1370 neque
2625 1303 2766 1356 Patri
2798 1306 3119 1359 contrarium
3141 1348 3155 1367 ,
3204 1321 3296 1375 per
3320 1307 3613 1377 gratiarum

2035 1390 2301 1440 actionem
2351 1390 2494 1444 illam
2536 1393 2891 1461 suspicionem
2939 1395 3091 1448 tollit.
3124 1396 3210 1450 11.
3241 1394 3310 1448 Ει
3346 1395 3483 1453 dedit
3509 1395 3615 1449 dis-

2032 1481 2389 1543 cumbentibus.
2416 1493 2462 1536 et
2490 1484 2686 1551 impleti
2709 1497 2843 1539 sunt.
2874 1485 3058 1540 Viden‘
3088 1486 3444 1541 differentiam
3474 1486 3612 1541 inter

2032 1587 2244 1627 servum
2268 1585 2322 1629 et
2349 1576 2620 1631 dominum
2652 1578 2674 1630 ?
2706 1578 2781 1632 Illi
2818 1594 3067 1646 namque,
3094 1588 3153 1634 ut
3180 1579 3267 1649 qui
3298 1580 3361 1633 ad
3392 1595 3609 1635 mensu-

2032 1679 2144 1718 ram
2169 1665 2391 1734 gratiam
2426 1669 2698 1735 haberent,
2731 1671 2807 1723 sic
2837 1670 3085 1724 miracula
3115 1671 3391 1739 patrabant
3420 1687 3434 1735 ;
3469 1670 3610 1725 Deus

2029 1768 2206 1814 autem
2261 1761 2501 1816 absoluta
2552 1778 2713 1832 agens
2770 1772 3071 1832 potestate,
3121 1779 3240 1816 cmn
3292 1764 3609 1819 auctoritate

2028 1851 2206 1905 omnia
2266 1852 2597 1920 operabatur.
2636 1855 2721 1907 12.
2770 1852 2835 1906 Et
2864 1854 2999 1907 dixit
3040 1853 3346 1922 discipulis:
3374 1852 3617 1926 Colligite.

2028 1943 2333 2013 fragmenta.
2364 1946 2450 2000 l3.
2499 1942 2587 1998 Illi
2642 1943 2756 1998 véro
2809 1946 3154 2016 collegerunt,
3194 1954 3242 1998 et
3280 1945 3627 2015 impleverunt

2028 2027 2291 2083 duodecim
2316 2030 2580 2098 cophinos.
2616 2030 2739 2083 llaec
2770 2045 2873 2082 non
2915 2038 3031 2084 erat
3072 2028 3342 2097 superﬂua
3371 2038 3607 2084 ostenta-

2026 2120 2101 2173 tio
2125 2136 2140 2184 ;
2168 2119 2259 2175 sed
2291 2121 2412 2175 ideo
2442 2121 2634 2175 factum
2660 2164 2673 2185 ,
2710 2137 2775 2174 ne
2802 2122 3083 2191 praestigias
3107 2122 3416 2177 viderentur
3438 2137 3556 2177 esse
3587 2139 3604 2189 ;

2025 2213 2253 2284 ideoque
2294 2230 2359 2269 ex
2400 2216 2636 2282 subjecta
2668 2215 2887 2269 materia
2930 2227 3094 2270 creat.
3127 2215 3236 2269 Cur
3284 2231 3389 2270 non
3438 2215 3606 2270 turbis

2023 2306 2278 2376 gestanda
2310 2307 2455 2361 dedit
2483 2308 2592 2370 illa,
2624 2306 2717 2361 sed
2746 2306 3018 2377 discipulis
3044 2308 3067 2360 ?
3092 2308 3222 2373 Quia
3255 2306 3353 2360 hns
3376 2308 3609 2361 maxime

2023 2398 2301 2455 instituere
2328 2399 2581 2466 volebat,
2608 2400 2696 2469 qui
2740 2400 2896 2453 futuri
2947 2408 3099 2453 erant
3148 2399 3396 2453 doctores
3433 2399 3598 2452 orbis.

2020 2488 2304 2544 Multitudo
2352 2506 2581 2560 namque
2625 2506 2730 2544 non
2779 2506 3025 2559 magnum
3072 2490 3244 2544 adhuc
3289 2490 3489 2543 lucrum
3534 2504 3612 2543 ex.

2021 2574 2291 2635 miraculis
2313 2590 2644 2650 reportatura
2670 2590 2785 2635 erat
2810 2598 2824 2645 ;
2849 2580 3025 2634 statim
3052 2579 3251 2650 quippe
3273 2588 3397 2634 sunt
3426 2578 3598 2644 obliti,

2018 2670 2268 2740 aliudque
2296 2670 2607 2724 miraculum
2638 2670 2996 2740 requisierunt
3023 2689 3036 2725 :
3067 2670 3311 2739 discipuli
3338 2684 3467 2724 vero
3491 2684 3605 2725 non

2019 2776 2236 2830 parvam
2285 2762 2410 2816 hinc
2456 2763 2732 2817 utilitatem
2781 2761 3050 2831 accepturi
3082 2771 3256 2819 erant.
3292 2760 3403 2817 Nec
3434 2776 3609 2831 parva.

2019 2853 2144 2908 hinc
2175 2854 2446 2908 damnatio
2475 2854 2624 2909 Judze
2652 2854 2780 2919 fuit,
2822 2854 2964 2924 quod
3006 2854 3295 2923 cophinum
3341 2861 3594 2924 gestaret.

2015 2948 2165 3014 Quod
2197 2957 2373 3001 autem
2407 2947 2532 3001 illud
2561 2948 2624 3001 ad
2652 2964 2834 3001 eorum
2865 2948 3249 3002 institutionem
3284 2946 3478 3001 factum
3503 2947 3594 3014 sit,

2014 3041 2180 3111 liquet
2199 3056 2267 3095 ex
2298 3056 2362 3095 eo
2388 3040 2525 3110 quod
2558 3050 2825 3109 postremo
2846 3040 3068 3105 dicitur,
3097 3040 3238 3109 quod
3265 3040 3372 3094 illis
3398 3039 3451 3093 in
3481 3055 3595 3094 me-

2015 3133 2238 3186 moriam
2289 3134 2618 3187 revocaverit
2659 3133 2843 3186 dicens
2874 3151 2887 3186 :
2920 3131 3167 3186 Nondum
3202 3132 3432 3203 cogitatis
3475 3140 3598 3201 quot

2012 3227 2258 3295 cophinos
2301 3227 2562 3297 accepistis
2603 3225 2831 3299 (Matth.
2876 3228 2961 3279 16.
3010 3226 3042 3281 9
3070 3227 3136 3298 )‘l
3177 3226 3481 3299 Eademque
3524 3225 3595 3281 de

2010 3333 2169 3371 causa
2192 3318 2385 3372 factum
2428 3329 2510 3372 est
2558 3328 2616 3371 ut
2641 3318 2855 3387 cephini
2888 3318 3161 3386 discipulis
3185 3332 3411 3373 numero
3436 3332 3609 3386 pares.

2009 3420 2209 3465 essent.
2239 3411 2441 3465 Deinde
2477 3426 2605 3465 vero
2635 3413 2884 3481 quoniam
2919 3411 3140 3464 instituti
3176 3410 3387 3465 fuerant
3420 3450 3435 3475 ,
3481 3426 3589 3465 non

2011 3513 2087 3557 tot
2126 3502 2547 3572 superfuerunt,
2587 3503 2678 3556 sed
2724 3512 2919 3572 sporta:
2958 3511 3162 3571 septem
3204 3501 3314 3570 (ld.
3345 3502 3430 3557 15.
3471 3501 3587 3575 '57).

2007 3596 2123 3665 Ego
2149 3611 2275 3650 vero
2304 3611 2406 3650 non
2442 3595 2598 3647 modo
2629 3594 2794 3648 miror
2834 3609 3028 3664 panum
3068 3594 3273 3664 c0piam
3296 3634 3310 3659 ,
3343 3594 3434 3648 sed
3463 3608 3605 3648 cum.

2004 3688 2154 3757 copia
2200 3687 2610 3756 fragmentorum
2652 3685 2856 3739 numeri
2900 3700 3111 3754 quoque
3152 3684 3540 3739 accurationem
3567 3725 3583 3749 ,

2003 3779 2144 3848 quod
2173 3793 2347 3847 neque
2388 3778 2503 3846 plus
2528 3792 2700 3847 neque
2727 3776 2903 3829 minus
2929 3774 3232 3830 redundare
3270 3775 3537 3829 curaverit
3562 3816 3599 3843 ,7.

2001 3873 2095 3928 sed
2118 3881 2372 3941 quantum
2396 3870 2601 3934 voluit,
2634 3869 2775 3940 quod
2820 3869 3093 3938 prcesciret
3130 3877 3383 3938 quantum
3431 3867 3581 3921 insu—

2002 3963 2251 4017 mendum
2279 3960 2453 4026 t‘oret;
2485 3962 2625 4030 quod
2656 3960 2937 4015 ineffabilis
2963 3970 3079 4016 erat
3109 3961 3407 4029 potestatis.
3432 3959 3579 4013 Con-

2000 4055 2278 4108 firmarunt
2304 4054 2480 4122 itaque
2505 4052 2802 4122 fragmenta
2834 4060 3117 4121 utrumque
3145 4053 3459 4106 miraculum
3481 4094 3495 4119 ,
3525 4062 3590 4108 et-

1996 4147 2287 4217 probarunt
2318 4160 2429 4198 rem
2464 4160 2566 4197 non
2598 4158 2718 4199 esse
2759 4143 3123 4214 imaginariam
3146 4186 3159 4207 ,
3189 4150 3244 4197 et
3274 4159 3338 4198 ex
3366 4143 3429 4197 iis
3459 4159 3577 4213 quae

1995 4238 2338 4292 comederant
2403 4234 2748 4304 superfuisse.
2803 4234 3031 4288 Piscimn
3077 4250 3205 4289 vero
3258 4235 3591 4289 miraculum.

1996 4340 2121 4382 tunc
2143 4345 2205 4383 ex
2245 4328 2496 4398 subjectis
2521 4328 2753 4396 piscibus
2792 4329 2985 4380 factum
3012 4337 3089 4381 est
3120 4344 3135 4378 :
3164 4335 3285 4397 post
3327 4341 3572 4380 resurre-

1993 4422 2224 4475 ctionem
2256 4436 2401 4485 vero,
2434 4436 2537 4472 non
2589 4434 2651 4472 ex
2702 4417 2937 4487 subjecta
2987 4419 3227 4472 materia.
3262 4416 3474 4485 Quare?
3503 4417 3583 4475 Ut

1991 4512 2166 4568 discas
2206 4514 2385 4580 ipsum
2405 4513 2563 4566 etiam
2605 4527 2747 4565 nunc
2789 4510 3005 4564 materia
3044 4524 3199 4563 usum
3232 4507 3429 4572 fuisse;
3462 4525 3568 4564 non

1988 4605 2128 4674 quod
2156 4605 2244 4659 illa
2280 4614 2335 4658 ιιι
2367 4603 2708 4658 fundamento
2734 4615 2952 4674 egeret,
2994 4604 3086 4658 sed
3112 4611 3168 4657 ut
3194 4601 3568 4657 haereticorum

1989 4712 2081 4751 ora
2106 4698 2426 4750 Obstrueret.
2962 4696 2969 4703 '

2059 4790 2227 4843 ,Ιαάωὶ
2268 4806 2367 4842 non
2407 4800 2508 4842 tam
2539 4806 2602 4842 ea:
2646 4788 2893 4842 evidentia
2935 4788 3164 4841 miraculi
3190 4804 3341 4858 quant
3365 4805 3393 4843 e
3418 4798 3564 4843 satu-

1986 4883 2196 4936 rationis
2219 4883 2407 4953 gaudio
2432 4882 2497 4934 ad
2521 4880 2775 4935 Christum
2816 4881 3059 4934 conversi.
3103 4880 3383 4951 Dignitates
3422 4898 3566 4950 sper-

1984 4977 2173 5029 nendas
2198 4976 2338 5029 docet
2359 4974 2605 5029 Christus.
2629 5003 2699 5014 -—
2719 4974 2806 5027 14.
2847 4971 3033 5026 Turbw
3062 4983 3229 5025 autem
3258 4972 3484 5027 dicebant
3517 4976 3567 5040 ‘,

1986 5069 2115 5134 Quia
2135 5069 2216 5122 hic
2226 5080 2295 5122 est
2315 5083 2425 5121 uere
2451 5068 2713 5136 propheta.
2733 5063 2778 5118 Ο
2798 5064 2935 5134 gulae
2956 5064 3257 5118 aviditatem
3279 5064 3293 5118 !
3313 5064 3569 5119 lnnume‘

1982 5176 2039 5215 ra
2074 5160 2313 5215 ediderat
2342 5159 2423 5212 his
2451 5156 2772 5211 mirabiliora
2797 5196 2811 5220 ,
2841 5164 2894 5209 et
2922 5170 3178 5225 nusquam
3198 5154 3299 5209 hoc
3323 5156 3573 5212 confessi.

1981 5261 2137 5319 sunt,
2172 5253 2273 5306 nisi
2315 5267 2435 5306 cum
2475 5258 2657 5306 essent
2694 5250 3007 5303 exsaturati.
3041 5249 3169 5303 Inde
3216 5264 3343 5318 ergo
3390 5249 3572 5318 liquet;

1980 5348 2124 5415 ipsos
2168 5344 2477 5415 pr0phetam
2512 5342 2794 5415 quemdam
2844 5343 3091 5396 eximium
3138 5342 3576 5409 exspectavisse..

1979 5440 2110 5494 Nam
2142 5440 2215 5493 illi
2246 5437 2494 5493 dicebant
2518 5480 2532 5504 ,
2567 5435 2642 5489 Tu
2664 5453 2714 5489 es
2739 5434 3057 5505 propheta“?
3081 5432 3134 5487 hi
3157 5449 3284 5487 vero
3313 5473 3328 5497 ,
3356 5432 3451 5487 llic
3479 5443 3565 5487 est

2042 5598 2059 5628 ί
2095 5594 2265 5660 plorel.
2285 5594 2451 5660 habet,
2473 5592 2625 5643 turba:
2634 5597 2804 5660 autem
2825 5589 3037 5660 uidentes
3060 5589 3516 5660 signunt‘dicebmu.

1977 5658 2229 5774 nitidius?
2254 5656 2375 5721 legit
2400 5670 2410 5704 :
2442 5663 2603 5717 Itaque
2626 5653 2699 5706 illi
2718 5652 2939 5705 dicebam
2973 5663 2993 5704 .'
3024 5672 3048 5701 ι
3066 5661 3228 5704 Nonne
3251 5651 3327 5705 hic
3350 5661 3419 5705 est
3442 5666 3555 5718 pro;
