4100 6364
516 324 623 379 245

518 431 787 502 propheta.
818 428 905 483 15.
937 426 1088 481 Iesus
1115 432 1279 477 autem
1305 462 1320 487 ,
1354 439 1468 475 cum
1494 422 1801 491 cognovisset
1830 420 1949 489 quia
1980 434 2101 471 ven-

519 523 621 577 turi
650 530 790 576 erant
815 530 871 572 ut
894 526 1125 588 raperent
1151 531 1264 568 eum
1288 556 1301 577 ,
1338 524 1382 567 et
1409 514 1757 582 [acerenteum
1785 527 1952 581 regem
1976 551 1990 573 ,
2020 526 2099 562 se-

522 614 670 669 cessit
694 614 876 665 iterum
902 612 953 662 in
974 618 1209 662 montem.
1241 607 1417 674 Papa),
1441 615 1634 675 quanta
1666 603 1800 673 gula:
1823 602 2097 672 tyrannis!

522 715 717 777 quanta
760 702 1058 756 volubilitas
1117 698 1327 752 animi!
1368 697 1483 751 Non
1525 697 1660 751 ultra
1708 696 1876 765 legem
1927 693 2101 747 vindi-

520 804 646 852 cant
676 838 691 859 ,
721 810 825 848 non
870 793 1010 846 ultra
1058 792 1310 844 violatum
1338 790 1353 820 ²
1387 788 1663 842 sabbatum
1711 794 1943 850 curant,
1996 800 2100 837 non

523 889 660 942 ultra
693 887 785 940 Dei
809 885 923 939 zelo
966 891 1247 937 moventur
1276 922 1292 946 ,
1341 880 1433 934 sed
1465 880 1668 949 repleto
1693 888 1880 932 ventre
1926 877 2103 930 omnia

521 982 849 1050 abiecerunt.
878 977 1011 1030 Tum
1055 974 1312 1046 propheta
1339 972 1477 1042 apud
1504 972 1621 1025 illos
1656 979 1804 1034 erat,
1843 978 1898 1023 et
1922 983 2100 1036 regem

522 1080 675 1127 erant
716 1068 1021 1124 coronaturi
1050 1082 1063 1120 ε
1092 1067 1333 1121 Christus
1375 1074 1551 1119 autem
1589 1063 1740 1131 fugit.
1781 1061 1999 1129 Quare?
2039 1059 2104 1114 Ut

524 1180 621 1218 nos
647 1164 839 1217 doceat
880 1161 1205 1232 spernendas
1261 1174 1381 1213 esse
1420 1158 1705 1227 dignitates
1731 1198 1745 1221 ,
1775 1166 1830 1210 et
1858 1154 2106 1209 ostendat

523 1274 583 1313 se
610 1257 754 1311 nulla
796 1272 858 1310 ex
904 1255 1130 1310 terrenis
1183 1252 1342 1307 rebus
1390 1266 1525 1320 opus
1574 1250 1792 1303 habere.
1834 1247 1965 1302 Nam
2014 1248 2102 1317 qui

523 1350 700 1404 omnia
740 1348 864 1401 vilia
890 1346 1089 1417 elegit,
1123 1354 1178 1400 et
1216 1355 1438 1398 matrem
1458 1385 1471 1406 .
1501 1351 1554 1397 et
1584 1342 1799 1395 domum
1828 1383 1843 1404 ,
1874 1340 2061 1393 urbem
2085 1380 2101 1403 ,

524 1439 915 1501 educationem,
946 1437 1282 1500 vestimenta,
1313 1449 1417 1489 non
1438 1450 1502 1489 ex
1528 1433 1757 1488 terrenis
1787 1431 2104 1499 conspicuus

525 1531 733 1586 futurus
771 1540 906 1586 erat.
938 1529 1069 1584 Nam
1116 1528 1348 1582 etelestia
1389 1527 1532 1581 clara
1566 1540 1859 1595 magnaque
1904 1533 2055 1577 erant
2088 1566 2103 1589 ,

524 1623 734 1693 angeli,
762 1621 915 1676 stella
936 1662 949 1686 ,
981 1620 1137 1674 Pater
1183 1620 1422 1673 clamans
1445 1658 1460 1683 ,
1492 1617 1722 1686 Spiritus
1769 1616 2061 1669 testificans
2089 1656 2104 1680 ,

528 1717 801 1788 propheta:
824 1716 932 1785 jam
959 1714 1086 1769 olim
1108 1713 1460 1783 prmdicantes
1484 1729 1498 1764 :
1532 1711 1582 1765 in
1613 1720 1755 1764 terra
1783 1718 1959 1762 autem
1984 1706 2105 1760 vilia

534 1812 713 1866 omnia
744 1819 917 1876 erant,
965 1818 1022 1862 nt
1070 1809 1148 1862 sic
1178 1806 1292 1875 ejus
1331 1814 1567 1875 potestas
1596 1802 1763 1873 magis
1805 1808 2107 1870 appareret.

526 1902 685 1958 Venit
726 1910 871 1957 certe
911 1915 1007 1954 nos
1050 1898 1421 1963 institutores,
1452 1904 1509 1949 ut
1545 1902 1952 1948 contemnamus
1976 1907 2111 1961 prte-

527 1993 723 2059 scntia,
750 2006 924 2061 neque
961 1989 1286 2043 admiremur
1312 2002 1373 2041 ea
1413 2001 1532 2055 qua:
1562 1985 1615 2037 in
1646 1984 1743 2037 bac
1786 1982 1891 2035 vita
1926 1982 2109 2051 splen-

527 2086 651 2140 dida
678 2084 961 2147 videntur;
1002 2080 1097 2135 sed
1139 2095 1199 2134 ea
1239 2079 1417 2132 omnia
1457 2076 1797 2139 irrideamus,
1828 2075 2109 2142 futuraque

528 2193 789 2232 amemus.
812 2176 943 2230 Nam
970 2175 1059 2245 qui
1090 2172 1381 2243 prmsentia
1398 2171 1620 2224 miratur
1645 2210 1659 2231 ,
1684 2184 1790 2222 non
1833 2168 2111 2221 mirabitur

530 2284 592 2322 ea
616 2284 734 2338 qua:
764 2267 816 2320 in
843 2265 986 2320 caelis
1027 2274 1172 2319 sunt.
1211 2263 1333 2317 Ideo
1388 2260 1601 2315 dicebat
1642 2259 1847 2313 Pilato:
1881 2258 2112 2327 Regnum

529 2378 695 2414 meum
720 2370 913 2414 nonest
952 2358 1015 2411 de
1041 2358 1135 2411 hoc
1166 2355 1356 2408 mundo
1386 2353 1564 2424 (Joan.
1594 2352 1681 2406 18.
1710 2349 1822 2421 ’56);
1854 2365 1921 2403 ne
1962 2349 2111 2404 vide-

530 2461 679 2506 retur
717 2452 951 2504 bumano
998 2457 1141 2502 metu
1186 2457 1241 2501 et
1288 2445 1524 2516 potentia
1577 2443 1643 2497 ad
1684 2441 2111 2513 persuadendum

531 2545 629 2598 uti.
655 2543 763 2598 Cur
789 2557 917 2612 ergo
944 2541 1071 2595 dicit
1101 2540 1361 2610 pr0pbeta
1392 2556 1403 2592 :
1443 2536 1572 2590 Ecce
1598 2552 1688 2590 rea:
1714 2546 1830 2588 tuus
1856 2535 1995 2588 xenit
2027 2535 2114 2586 tibi

530 2644 822 2688 mansuetus
842 2633 1054 2699 ,sedens
1079 2648 1229 2701 super
1248 2628 1565 2700 subjugalem
1594 2626 1780 2699 (Zach.
1808 2626 1861 2681 9.
1886 2626 1987 2695 9)?
2019 2626 2116 2680 llic

534 2728 603 2781 de
630 2740 795 2794 regno
824 2724 1056 2793 loquitur
1084 2722 1284 2777 czelesti
1306 2762 1323 2785 ,
1352 2737 1455 2774 non
1485 2720 1551 2774 de
1575 2729 1807 2773 terreno.
1844 2717 1967 2771 Ideo
1997 2733 2116 2771 rur—

532 2832 655 2872 sum
682 2815 891 2870 dicebat
914 2833 927 2865 :
959 2814 1185 2869 Gloriam
1211 2813 1274 2865 ab
1300 2812 1503 2866 homine
1524 2827 1622 2863 non
1644 2808 1860 2879 accipio.

607 2909 661 2962 4.
707 2905 883 2960 Gloria
906 2922 1009 2959 non
1035 2906 1202 2976 ﬂuxa,
1226 2903 1315 2957 sed
1329 2902 1629 2956 immortalis
1652 2902 1895 2955 amanda.
1928 2898 2118 2955 Contra

535 2996 845 3065 spectacula.
867 3024 939 3036 -—
965 2996 1239 3051 Discamus
1264 3009 1421 3062 ergo,
1454 2992 1673 3058 dilecti,
1706 2991 1967 3046 humanos
2020 2991 2119 3045 bo-

537 3104 698 3143 nores
754 3102 1031 3157 spernere,
1082 3102 1187 3140 non
1246 3084 1575 3139 desiderare.
1630 3083 1845 3139 Honore
1888 3098 2119 3152 namque

538 3193 731 3250 magno
775 3177 1057 3241 afficimur,
1109 3178 1196 3232 cui
1243 3186 1583 3245 comparatus
1627 3176 1890 3230 humanus
1946 3177 2121 3229 honor

537 3270 856 3326 contumelia
897 3280 979 3325 est
1001 3312 1018 3335 ,
1046 3270 1187 3324 risus
1212 3278 1267 3324 et
1291 3268 1551 3325 comoedia
1580 3286 1594 3333 ;
1630 3278 1684 3323 ut
1710 3278 1766 3323 et
1790 3269 1987 3323 diviti-.e
2013 3279 2123 3322 ter-

540 3378 685 3418 rena:
734 3362 839 3416 illis
883 3372 1204 3432 comparata:
1248 3370 1534 3431 paupertas
1571 3370 1737 3424 sunt,
1770 3370 1823 3414 et
1864 3362 1969 3414 vita
2009 3360 2123 3415 haec

540 3459 656 3512 siue
693 3456 781 3511 illa
831 3472 978 3512 mors
1018 3466 1101 3511 est
1143 3454 1351 3526 (Sine',
1384 3455 1574 3525 inquit,
1630 3465 1856 3508 mortuos
1901 3455 2122 3523 sepelire

540 3561 765 3604 mortuos
802 3568 919 3604 suos
947 3549 1159 3626 [Matth.
1199 3550 1253 3604 8.
1278 3548 1412 3623 22])
1438 3567 1451 3602 :
1482 3550 1563 3603 sic
1587 3549 1753 3619 gloria
1786 3549 1901 3602 bmc
1925 3590 1939 3612 ,
1981 3549 2025 3603 si
2056 3548 2123 3602 ad

542 3642 685 3695 illam
714 3641 1019 3695 conferatur
1043 3681 1059 3708 ,
1089 3642 1262 3711 pudor
1302 3651 1385 3694 est
1411 3650 1466 3696 et
1505 3641 1664 3695 risus.
1694 3640 1770 3694 Ne
1800 3641 1958 3709 igitur
1986 3638 2125 3694 hanc

543 3748 890 3803 aucupemur.
917 3732 1046 3786 Nam
1075 3733 1119 3787 si
1144 3733 1179 3787 ii
1216 3734 1305 3803 qui
1336 3732 1464 3787 dant
1494 3733 1633 3786 illam
1669 3733 1850 3786 umbra
1882 3742 1936 3786 et
1978 3746 2125 3785 som-

551 3826 657 3879 niis
699 3836 824 3879 sunt
870 3826 1082 3880 viliores
1107 3866 1121 3889 ,
1164 3825 1331 3879 multo
1378 3826 1546 3894 magis
1574 3826 1685 3895 ipsa
1715 3826 1879 3894 gloria
1912 3842 1924 3879 :
1954 3824 2130 3878 Gloria

546 3918 679 3969 enim
698 3917 914 3971 hominis
936 3929 1191 3984 tamquam
1210 3918 1307 3985 [los
1327 3917 1446 3987 {mni
1464 3916 1513 3985 (Ι
1519 3918 1616 3970 sai.
1636 3916 1725 3970 40.
1742 3916 1819 3985 6).
1843 3915 1979 3984 Quid
1998 3914 2129 3969 flore

546 4010 675 4065 faeni
704 4012 859 4065 vilius
887 4012 1044 4066 fuerit
1065 4009 1289 4078 (LPetr.
1322 4011 1373 4063 1.
1395 4008 1512 4081 24)?
1536 4009 1860 4063 Sedctiamsi
1884 4009 2129 4063 diuturna

552 4110 732 4164 esset,
787 4100 911 4170 quid
962 4101 1085 4154 hinc
1134 4101 1324 4154 animre
1366 4102 1538 4155 lucri?
1568 4100 1752 4164 Nihil;
1805 4101 1911 4153 imo
1946 4100 2132 4153 admo—

546 4194 671 4246 dum
699 4204 889 4258 nocet,
916 4203 970 4246 et
995 4208 1180 4248 servos
1200 4193 1394 4258 efficit,
1425 4193 1680 4261 emptitiis
1702 4194 1869 4247 servis
1894 4192 2129 4247 deterio-

548 4300 657 4351 res,
690 4285 779 4355 qui
805 4300 909 4338 non
943 4286 1029 4338 uni
1058 4284 1276 4337 domino
1299 4327 1314 4344 .
1343 4284 1436 4338 sed
1477 4286 1683 4339 duobus
1709 4324 1726 4350 ,
1766 4284 1933 4337 tribus
1959 4326 1974 4349 ,
2006 4284 2127 4337 mil-

549 4379 690 4432 libus
714 4421 728 4442 ,
777 4378 987 4432 diversa
1024 4377 1396 4431 mandantibus
1424 4378 1678 4432 serviant.
1706 4377 1914 4444 Quanto
1936 4377 2127 4431 melius

549 4481 635 4525 cst
666 4470 890 4523 liberum
919 4485 1061 4535 esse,
1094 4485 1250 4540 quam
1279 4485 1490 4523 servum
1517 4487 1531 4525 :
1565 4470 1789 4525 liberum
1816 4471 2029 4539 quidem
2060 4470 2130 4523 ab

551 4562 824 4616 hominum
875 4564 1131 4619 servitute
1156 4603 1171 4629 ,
1200 4578 1413 4617 servum
1444 4563 1726 4633 imperanti
1770 4563 1923 4617 Deo?
1963 4564 2015 4617 Si
2048 4564 2128 4616 vis

550 4654 764 4709 tandem
791 4670 973 4709 amare
999 4656 1221 4725 gloriam
1245 4697 1259 4719 ,
1284 4670 1402 4708 ama
1421 4697 1435 4720 ,
1468 4654 1558 4708 sed
1589 4655 1965 4708 immortalem.
1994 4652 2127 4707 Nam

551 4749 669 4817 ejus
693 4760 743 4803 et
769 4751 1127 4818 spectaculum
1155 4748 1484 4817 splendidius
1521 4758 1603 4801 est
1630 4789 1644 4811 ,
1680 4756 1735 4802 et
1778 4748 1982 4801 lucrum
2011 4761 2127 4800 ma-

551 4838 657 4909 jus.
688 4839 751 4892 Hi
792 4850 842 4893 te
877 4840 1067 4908 jubent
1103 4838 1381 4908 dispendio
1412 4849 1501 4892 tuo
1528 4839 1656 4908 ipsis
1686 4839 1931 4907 placere:
1976 4837 2126 4890 Chri-

556 4942 671 4987 stus
696 4949 822 4987 vero
848 4943 1030 4986 contra
1057 4932 1358 5001 centuplum
1381 4931 1640 4985 donorum
1668 4932 1759 4983 tibi
1784 4930 2048 4993 retribuit,
2078 4941 2132 4982 et

555 5023 639 5078 his
668 5024 828 5077 vitam
856 5034 1108 5076 aeternam
1139 5022 1305 5075 addit.
1333 5021 1466 5088 Quid
1495 5035 1624 5091 ergo
1650 5020 1873 5083 melius,
1906 5021 1956 5072 in
1990 5030 2128 5072 terra

555 5130 623 5168 an
676 5114 727 5168 in
775 5114 920 5168 caalis
946 5155 959 5177 ,
993 5113 1295 5167 hominibus
1338 5126 1405 5165 an
1448 5112 1556 5165 Deo
1602 5110 1937 5165 admirationi
1964 5110 2130 5164 esse?

554 5208 751 5263 damno
773 5222 838 5259 an
864 5206 1011 5259 lucro
1038 5205 1171 5259 tuo?
1199 5203 1446 5258 coronari
1470 5203 1535 5257 ad
1562 5220 1716 5257 unam
1756 5204 1893 5258 diem
1917 5245 1935 5265 ,
1965 5218 2035 5255 an
2062 5200 2129 5255 ad

623 5321 635 5349 ι
677 5317 761 5367 Alii
788 5317 980 5379 legunt,
1004 5314 1224 5378 solutum,
1250 5329 1363 5379 pro,
1382 5314 1624 5366 violatum.

620 5382 643 5413 ⁸
662 5379 802 5429 savii.
822 5377 963 5441 legit,
986 5378 1144 5430 sinite.
1216 5377 1221 5378 ⁷
1250 5377 1264 5379 “
1343 5377 1365 5389 ⁷⁸

1293 307 1348 365 S.
1389 307 1664 363 JOANNIS
1700 302 2179 362 CHRYSOSTOMI
2217 301 2530 358 ARCHIEP.
2572 301 3103 360 CONSTANTINOP.

3678 304 3781 367 2M

2213 419 2413 471 inﬁnita
2441 419 2678 473 smeula?
2711 422 2781 475 Da
2802 422 3010 489 egenti.
3042 438 3145 476 non
3177 421 3483 490 tripudianti
3504 467 3521 489 ,
3565 440 3635 481 ne
3659 443 3781 484 eum

2210 512 2448 579 pecuniis
2494 514 2599 565 tuis
2650 514 2878 567 animam
2926 516 3065 568 illius
3110 516 3322 584 perdas.
3352 516 3432 571 Tu
3457 519 3598 572 enim
3643 520 3784 589 quod

2211 602 2325 655 hu-c
2366 604 2607 658 Studiose
2635 614 2689 658 et
2734 606 3105 675 intempestive
3148 607 3291 662 eolas
3316 650 3331 673 ,
3365 610 3619 677 perniciei
3649 610 3786 665 illius

2209 707 2393 748 auctor
2418 709 2495 748 es.
2548 695 2601 749 Si
2646 696 2845 750 scirent
2881 697 3023 750 enim
3055 697 3153 760 illi,
3187 698 3274 766 qui
3321 698 3611 753 orchestra:
3660 700 3786 754 dant

2209 802 2447 855 operam,
2480 803 2551 842 ex
2596 798 2711 841 arte
2752 787 2882 841 nihil
2914 788 3013 842 sibi
3064 788 3178 842 fore
3224 791 3398 855 lucri,
3442 789 3550 859 jam
3584 792 3781 860 pridem

2209 878 2533 933 destitissent
2557 897 2570 932 :
2599 895 2719 933 cum
2742 891 2917 934 autem
2946 889 2997 934 te
3018 880 3198 934 vident
3219 881 3577 949 plaudentem,
3603 899 3785 939 accur-

2209 982 2439 1038 rentem,
2470 984 2713 1042 sumptus
2741 972 3146 1042 profundentem
3177 1014 3191 1037 ,
3226 982 3311 1026 tua
3343 974 3738 1029 exhaurientem
3762 1018 3777 1039 ,

2209 1064 2422 1117 etiamsi
2451 1064 2655 1117 nollent
2683 1079 2904 1133 pergere
2929 1105 2943 1128 ,
2976 1063 3107 1119 lucri
3138 1064 3385 1132 cupidine
3427 1073 3692 1119 tenentur.
3726 1065 3780 1121 Si

2210 1158 2410 1211 scirent
2439 1199 2454 1222 ,
2499 1157 2763 1211 neminem
2810 1171 2901 1210 sua
2934 1156 3266 1210 laudaturum
3314 1172 3434 1212 esse
3456 1200 3470 1222 ,
3504 1160 3609 1212 cito
3642 1159 3783 1214 desi-

2212 1259 2418 1304 sterent
2466 1265 2494 1302 a
2528 1250 2797 1303 laboribus
2824 1292 2837 1313 ,
2872 1250 3017 1303 lucro
3053 1257 3297 1303 cessante
3327 1267 3340 1305 :
3368 1265 3487 1303 cum
3517 1266 3641 1304 vero
3669 1267 3781 1305 rem

2212 1341 2550 1395 admirationi
2579 1342 2758 1395 multis
2780 1356 2899 1395 esse
2930 1341 3115 1395 vident
3139 1384 3152 1403 ,
3186 1342 3491 1396 inescantur
3519 1342 3779 1397 laudibus.

2209 1433 2492 1489 Cessemus
2518 1435 2770 1488 inutiliter
2792 1434 3130 1504 impendere:
3155 1436 3417 1490 discamus
3444 1451 3543 1504 qua
3569 1436 3620 1489 in
3648 1452 3703 1489 re
3732 1444 3787 1490 et

2211 1525 2423 1594 quando
2470 1525 2779 1593 impendere
2821 1534 3067 1594 Oporteat
3094 1543 3108 1578 :
3136 1542 3203 1579 ne
3245 1527 3495 1595 utrinque
3530 1528 3691 1580 Iteum
3718 1526 3784 1580 ad

2212 1619 2344 1672 iram
2369 1632 2736 1687 provocemus,
2764 1626 2816 1671 et
2842 1618 3212 1687 congregando
3240 1619 3381 1673 unde
3408 1636 3509 1671 non
3540 1619 3661 1672 licet
3689 1660 3703 1684 ,
3730 1629 3786 1673 et

2211 1709 2567 1779 dispergendo
2598 1711 2649 1763 in
2678 1726 2796 1779 qua:
2831 1726 2936 1763 non
2961 1720 3252 1779 oporteret.
3278 1711 3390 1777 Qua
3420 1711 3647 1764 vindicta
3680 1728 3783 1766 non

2212 1804 2402 1874 dignus
2432 1819 2490 1858 es
2524 1846 2538 1869 ,
2568 1818 2687 1857 eum
2734 1818 3019 1873 pauperem
3064 1814 3480 1873 pr:elercurreus
3519 1805 3783 1858 meretrici

2214 1895 2424 1963 largiris
2448 1895 2471 1947 ?
2498 1894 2717 1948 Etiamsi
2746 1895 2885 1948 enim
2918 1909 2982 1948 ex
3009 1893 3172 1963 justis
3204 1894 3467 1949 laboribus
3494 1909 3740 1964 erogares
3768 1936 3785 1962 ,

2215 2004 2392 2043 annon
2413 1990 2564 2055 culpa
2591 1996 2769 2054 esset,
2799 1989 3049 2057 nequitim
3089 1987 3388 2043 mercedem
3416 1988 3543 2043 dare
3567 2030 3580 2053 ,
3610 1999 3664 2042 et
3693 2003 3789 2056 pro

2214 2080 2405 2132 merita
2458 2093 2615 2148 poena
2667 2078 2924 2132 honorem
2969 2079 3277 2149 impendere
3303 2079 3326 2132 ?
3354 2076 3483 2132 Cum
3512 2094 3639 2134 vero
3666 2095 3790 2148 spo-

2214 2171 2355 2225 liatis
2381 2172 2610 2241 pupillis.
2642 2172 2962 2241 senibusque
2988 2171 3222 2235 nudatis,
3253 2171 3478 2226 lascivos
3502 2172 3619 2235 alis,
3648 2173 3791 2241 cogi-

2216 2275 2264 2318 ta
2295 2265 2415 2334 quis
2474 2265 2609 2333 ignis
2663 2273 2811 2317 tanto
2865 2264 3053 2318 sceleri
3081 2263 3150 2317 sit
3190 2273 3425 2333 paratus.
3481 2263 3617 2317 Audi
3664 2263 3789 2331 quid

2215 2359 2356 2412 dicat
2402 2357 2633 2412 Paulus:
2671 2356 2793 2410 Non
2829 2366 3024 2409 tantum
3064 2357 3149 2425 qui
3194 2357 3301 2409 htec
3330 2357 3524 2427 faciunt
3550 2399 3564 2422 ,
3596 2358 3682 2409 sed
3709 2375 3791 2423 qui

2217 2450 2428 2504 laudant
2476 2451 2715 2520 facientes
2751 2448 2926 2521 (Rom.
2959 2450 3009 2503 Ι.
3040 2448 3163 2517 52).
3197 2448 3442 2502 Fortasse
3489 2449 3664 2502 acrius
3694 2461 3789 2500 vos

2218 2543 2573 2608 incessimus;
2608 2542 2699 2597 sed
2739 2544 2781 2597 si
2828 2558 2925 2597 nos
2957 2558 3061 2596 non
3110 2543 3438 2596 incessamus
3463 2583 3477 2604 ,
3532 2541 3790 2611 supplicia

2217 2644 2437 2690 manent
2465 2650 2558 2689 eos
2585 2636 2671 2704 qui
2706 2650 2991 2704 numquam
3012 2634 3392 2689 emendantur.
3422 2634 3559 2699 Quid
3583 2636 3793 2702 juvaret

2217 2742 2314 2781 vos
2347 2728 2579 2798 gratiose
2610 2726 2806 2795 alloqui
2833 2767 2849 2791 ,
2903 2727 3071 2796 reipsa
3095 2727 3355 2796 supplicio
3385 2735 3605 2795 pr0pter
3632 2740 3791 2793 opera

2218 2818 2572 2873 afficiendos?
2610 2818 2817 2873 Laudas
2869 2819 3146 2871 saltantem
3179 2859 3192 2881 ,
3221 2818 3459 2872 celebras
3489 2858 3502 2881 ,
3537 2817 3795 2872 miraris?

2220 2912 2359 2981 Ergo
2386 2910 2479 2965 illo
2510 2910 2677 2964 factus
2705 2926 2763 2965 es
2784 2910 3038 2965 deterior.
3063 2910 3215 2963 illum
3242 2918 3521 2978 paupertas
3542 2924 3796 2963 excusare

2220 3002 2451 3064 videtur.
2504 3003 2713 3057 etiamsi
2763 3018 2867 3055 non
2913 3002 3064 3070 culpa
3119 3003 3187 3055 sit
3230 3001 3517 3064 immunis;
3570 3010 3623 3053 tu
3670 3015 3796 3053 vero

2221 3094 2381 3149 etiam
2422 3093 2523 3148 hac
2562 3093 2872 3147 defensione
2920 3108 3091 3146 cares.
3138 3092 3287 3145 lllum
3339 3092 3382 3144 si
3433 3092 3793 3160 interrogem,

2221 3185 2328 3241 Cur
2378 3187 2495 3240 aliis
2538 3186 2738 3240 relictis
2776 3186 2978 3238 artibus
3002 3225 3018 3249 ,
3079 3182 3216 3236 haue
3247 3184 3503 3252 impuram
3545 3192 3599 3237 et
3639 3196 3797 3236 exse-

2222 3277 2474 3333 crandam
2520 3276 2785 3331 sectaris?
2832 3273 3198 3343 respondebit,
3232 3273 3363 3341 Quia
3396 3289 3607 3341 possum
3636 3287 3797 3342 parvo

2224 3370 2409 3424 labore
2439 3369 2661 3422 multum
2696 3367 2914 3420 lucrari.
2944 3366 3018 3420 Te
3049 3379 3173 3418 vero
3202 3365 3253 3417 si
3287 3366 3606 3432 interrogem
3631 3403 3646 3426 ,
3692 3362 3799 3415 Cur

2224 3463 2482 3518 lascivum
2513 3462 2723 3515 miraris
2751 3502 2766 3525 ,
2795 3460 2884 3529 qui
2912 3458 2976 3512 ad
3005 3458 3288 3511 tnultorum
3312 3456 3597 3527 perniciem
3629 3458 3789 3509 vitam

2226 3555 2418 3610 ducit?
2452 3569 2555 3607 non
2587 3552 2783 3623 poteris
2817 3552 2882 3605 ad
2924 3550 3165 3605 eamdem
3197 3549 3561 3604 defensionem
3608 3546 3799 3602 confu-

2228 3662 2355 3717 gere
2383 3687 2400 3713 ,
2433 3646 2527 3700 sed
2556 3646 2766 3715 cogeris
2790 3643 3024 3697 demisso
3046 3642 3189 3695 vultu
3216 3640 3550 3695 erubescere.
3578 3638 3726 3705 Quod
3755 3638 3800 3691 si

2230 3738 2383 3792 nobis
2410 3738 2668 3791 rationem
2696 3734 3051 3805 exigentibus.
3086 3748 3153 3787 ne
3178 3732 3369 3786 mutire
3386 3731 3597 3801 quidem
3626 3740 3799 3799 potes:

2230 3830 2440 3900 quando
2473 3828 2796 3883 horrendum
2826 3825 2957 3880 illud
2982 3836 3035 3879 et
3060 3824 3367 3879 inevitabile
3390 3822 3612 3876 tribunal
3643 3837 3805 3890 appa-

2232 3924 2368 3979 rebit
2392 3964 2405 3987 ,
2441 3922 2527 3975 ubi
2580 3931 2632 3974 et
2676 3921 3056 3989 cogitationum
3084 3928 3139 3972 et
3176 3928 3386 3972 actuum
3416 3916 3665 3969 reddituri
3715 3930 3806 3968 su-

2233 4032 2350 4070 mus
2381 4016 2686 4078 rationem,
2731 4012 2997 4082 quomodo
3053 4021 3195 4065 stare
3244 4010 3577 4080 poterimus?
3615 4010 3804 4079 quibus

2234 4107 2402 4160 oculis
2441 4105 2674 4174 judicem
2727 4101 3119 4172 respiciemus?
3171 4102 3297 4170 quid
3340 4100 3618 4155 dicemus?
3648 4115 3805 4168 quant

2233 4199 2595 4253 defensionem
2638 4194 3012 4267 proferemus?
3059 4208 3215 4262 quam
3267 4192 3662 4246 excusationem
3710 4205 3806 4258 ap-

2233 4301 2341 4346 tam
2369 4334 2382 4355 ,
2415 4292 2646 4360 ineptam
2676 4287 3032 4342 habebimus?
3074 4302 3140 4339 an
3175 4301 3271 4339 nos
3299 4285 3347 4338 id
3380 4287 3554 4338 facere
3581 4299 3679 4352 pro
3703 4283 3807 4335 im-

2236 4401 2415 4455 pensa,
2448 4400 2543 4454 pro
2576 4384 2869 4453 voluptate,
2900 4396 2995 4449 pro
3022 4380 3244 4432 aliorum
3276 4377 3509 4445 pernicie
3532 4417 3545 4439 ,
3575 4388 3708 4443 quos
3755 4373 3806 4426 in

2235 4478 2323 4531 illa
2350 4486 2463 4529 arte
2494 4475 2667 4544 perire
2714 4475 2952 4542 cogimus
2979 4471 3001 4524 ?
3030 4470 3169 4525 Nihil
3202 4480 3347 4523 certe
3384 4468 3677 4536 poterimus
3723 4466 3809 4519 d‘i-

2234 4584 2395 4631 cere;
2432 4568 2523 4621 sed
2553 4567 2853 4621 necessario
2885 4566 3163 4634 puniemur
3185 4604 3199 4627 ,
3230 4560 3491 4629 supplicio
3522 4574 3806 4628 numquam

2237 4659 2473 4714 finiendo
2500 4700 2514 4723 ,
2548 4673 2835 4727 numquam
2865 4653 3218 4709 terminando.
3251 4650 3401 4719 Quod
3454 4666 3521 4705 ne
3567 4650 3806 4712 accidat,

2239 4753 2325 4807 hic
2350 4752 2458 4822 jam
2487 4764 2697 4803 summo
2739 4747 2913 4802 studio
2937 4758 3220 4800 caveamus
3243 4785 3258 4810 ,
3311 4752 3368 4796 ut
3395 4758 3513 4796 cum
3543 4742 3676 4795 bona
3715 4755 3809 4809 spe

2237 4846 2362 4901 hinc
2414 4844 2746 4913 migrantes,
2793 4849 2989 4894 aeterna
3034 4838 3170 4892 bona
3220 4850 3612 4903 consequamur
3650 4849 3809 4901 :qtt:e

2238 4940 2434 4993 utinam
2466 4951 2654 4990 omnes
2674 4936 3051 5003 adipiscamur,
3076 4930 3241 5000 gratia
3267 4939 3321 4982 et
3348 4928 3675 4997 benignitate
3704 4927 3810 4978 Do-

2236 5031 2363 5085 mini
2386 5030 2551 5083 nostri
2577 5029 2702 5082 Jesu
2731 5026 2927 5081 Christi
2954 5066 2969 5091 ,
3003 5040 3097 5095 per
3121 5040 3276 5093 quem
3307 5031 3361 5077 et
3389 5036 3508 5075 cum
3537 5036 3642 5089 quo
3672 5018 3808 5074 Patri

2237 5124 2401 5193 gloria
2428 5164 2443 5189 ,
2476 5122 2739 5190 simulque
2766 5118 2984 5189 Spiritui
3013 5126 3201 5171 sancto
3225 5156 3241 5183 ,
3268 5130 3413 5169 nunc
3437 5123 3492 5168 et
3520 5126 3732 5181 semper
3757 5119 3812 5164 et

2238 5215 2289 5269 in
2320 5214 2510 5268 saecula
2555 5213 2893 5268 smculorum.
2927 5211 3120 5265 Amen.
3167 5227 3178 5241 ·

2031 5559 2336 5620 @62-
