4100 6364
337 349 439 405 945

342 462 573 535 μαργίας
602 463 897 535 ὑπερϐολή·
944 463 1111 535 μυρία
1141 463 1343 517 τούτων
1374 464 1668 535 εἰργάσατο
1696 462 1905 532 θαυμα-

341 549 584 619 στότερα,
632 551 726 603 καὶ
774 548 1007 619 οὐδαμοῦ
1053 547 1212 602 τοῦτο
1253 547 1632 617 ὡμολόγησαν,
1674 545 1786 599 ἀλλ’
1819 546 1907 597 ὅτε

234 676 235 679 η
340 632 760 703 ἐνεπλήσθησαν.
782 634 925 703 Ἄρα
966 636 1032 685 ἐκ
1074 631 1261 685 τούτου
1298 631 1475 702 δῆλον,
1508 631 1589 684 ὅτι
1623 629 1908 700 προφήτην

337 716 456 770 τινά
492 716 830 787 προσεδόκων
859 715 1153 785 ἐξαίρετον,
1206 713 1312 767 Καὶ
1339 714 1448 785 γὰρ
1476 716 1673 767 ἐκεῖνοι
1702 712 1907 779 ἔλεγον·

338 798 420 854 Σὺ
460 794 520 854 εἴ
558 802 590 852 ό
639 798 988 867 προφήτης;
1034 800 1128 851 καὶ
1177 792 1357 851 οὗτοι·
1416 794 1604 863 Οὗτός
1657 797 1827 850 ἐστιν
1876 798 1909 849 ὀ

338 882 645 951 προφήτης
674 894 722 934 ι.
760 881 811 934 Ὀ
847 881 996 949 γοῦν
1027 881 1279 949 Ἰησοῦς,
1317 881 1501 950 γνοὺς
1540 880 1625 934 ὅτι
1650 880 1911 949 μέλλου-

337 981 441 1018 σιν
470 965 751 1035 ἔρχεσθαι
776 963 873 1018 καὶ
898 961 1181 1031 ἁρπάζειν
1212 964 1419 1028 αὐτὸν,
1443 964 1543 1016 ἵνα
1572 962 1911 1027 ποιήσωσιν

338 1048 521 1101 αὐτὸν
571 1048 858 1112 βασιλέα,
896 1048 1284 1114 ἀνεχώρησεν
1324 1048 1410 1112 είς
1438 1045 1505 1099 τὸ
1545 1046 1701 1113 ὄρος.
1738 1044 1909 1097 Βαϐαῖ

339 1130 478 1201 πόση
502 1130 602 1199 τῆς
626 1128 1067 1201 γαστριμαργίας
1097 1132 1130 1200 ἡ
1159 1130 1412 1201 τυραννίς
1435 1130 1449 1181 ἰ
1476 1130 1615 1201 πόση
1648 1129 1747 1197 τῆς
1770 1126 1911 1195 γνώ-

344 1232 449 1285 μης
487 1215 518 1284 ἡ
562 1214 807 1267 εὐκολίαί
837 1214 935 1266 οὐκ
982 1213 1060 1265 ἔτι
1103 1214 1284 1277 αὐτοῖς
1345 1213 1447 1282 τῆς
1497 1212 1590 1264 τοῦ
1642 1210 1923 1264 σαϐϐάτου”

340 1296 702 1367 παραϐάσεως
746 1298 775 1336 b
814 1296 998 1367 μέλει·
1032 1296 1132 1348 οὐκ
1176 1295 1255 1349 ἔτι
1287 1294 1539 1360 ζηλοῦσιν
1569 1295 1710 1366 ὑπὲρ
1751 1292 1908 1357 Θεοῦ,

339 1379 475 1432 ἀλλά
503 1380 680 1432 πάντα
714 1378 958 1451 ἔρριπτο,
988 1384 1087 1449 τῆς
1113 1379 1348 1449 γαστρὸς
1373 1379 1555 1441 αὐτοῖς
1585 1375 1910 1447 ἐμπλησθεί-

342 1480 465 1532 σης.
491 1463 598 1514 Καὶ
624 1465 908 1533 προφήτης
936 1458 1004 1531 ἦν
1031 1464 1161 1532 παρ’
1186 1462 1387 1526 αὐτοῖς,
1416 1461 1508 1515 καὶ⁵
1544 1460 1766 1530 βασιλέα
1795 1477 1910 1529 χει-

341 1548 577 1618 ροτονεῖν
609 1546 849 1616 ἔμελλον·
892 1550 920 1600 0
965 1546 1022 1599 δὲ
1058 1545 1293 1616 Χριστὸς
1333 1546 1541 1613 φεύγει.
1576 1545 1641 1597 Τί
1682 1545 1907 1614 δήποτες

343 1630 617 1683 Παιδεύων
644 1631 791 1701 ἡμᾶς
818 1628 925 1682 τῶν
958 1630 1237 1699 κοσμικῶν
1277 1632 1635 1699 καταφρονεῖν
1670 1628 1913 1697 ἀξιωμά-

342 1734 470 1778 των,
504 1716 596 1768 καὶ
633 1714 845 1777 δεικνὺς
881 1715 963 1767 ὅτι
994 1713 1208 1777 οὐδενὸς
1233 1713 1401 1765 δεῖται
1432 1712 1539 1764 τῶν
1570 1713 1662 1764 ἐπί
1699 1714 1818 1782 γῆς.
1850 1709 1910 1766 Ὀ

343 1798 452 1870 γὰρ
490 1800 668 1867 πάντα
696 1797 885 1869 εὐτελῆ
914 1796 1299 1867 ἐπιλεξάμενος
1331 1800 1378 1861 ⁸,
1416 1796 1509 1849 καὶ
1554 1795 1782 1865 μητέρα,
1817 1794 1912 1847 καὶ

342 1882 537 1943 οἰκίαν,
567 1883 660 1934 καὶ
695 1881 866 1945 πόλιν,
909 1882 1003 1933 καὶ
1032 1880 1363 1950 ἀνατροφὴν,
1396 1880 1490 1932 καὶ
1524 1879 1753 1948 ἱματίων
1796 1895 1913 1930 στο-

343 1962 461 2032 λὴν,
492 1965 593 2017 οὐκ
633 1964 853 2033 ἔμελλεν
887 1962 1109 2035 ὕστερον
1147 1962 1254 2014 ἀπὸ
1299 1961 1405 2014 τῶν
1445 1962 1501 2015 ἐν
1524 1965 1591 2033 τῇ
1627 1964 1695 2032 γῇ
1730 1961 1914 2027 φαίνε-

346 2047 488 2101 σθαι.
518 2047 597 2099 Τὰ
631 2048 728 2117 μὲν
765 2050 873 2117 γὰρ
901 2046 1010 2100 ἀπὸ
1043 2045 1150 2099 τῶν
1193 2044 1456 2115 οὐρανῶν,
1494 2044 1723 2115 λαμπρά
1759 2062 1817 2097 τε
1844 2040 1913 2115 ἦν

345 2134 439 2185 καὶ
473 2131 702 2200 μεγάλα,
730 2130 949 2198 ἄγγελοί
975 2146 1033 2182 τε
1061 2131 1155 2183 καὶ
1192 2129 1385 2201 ἀστὴρ,
1420 2131 1513 2182 καὶ
1541 2128 1727 2200 Πατὴρ
1754 2128 1909 2198 βοῶν,

349 2215 441 2268 καὶ
466 2215 686 2284 Πνεῦμα
708 2213 1037 2285 μαρτυροῦν,
1068 2214 1163 2265 καὶ
1190 2213 1463 2284 προφῆται
1486 2212 1765 2283 πόρρωθεν
1788 2211 1914 2263 ἀνα-

348 2295 731 2367 κηρύττοντες·
784 2296 853 2350 τὰ
882 2296 936 2348 δὲ
964 2298 1020 2351 ἐν
1045 2298 1109 2366 τῇ
1139 2298 1208 2365 γῇ
1237 2299 1411 2349 πάντα
1450 2296 1661 2363 εὐτελῆ,
1703 2295 1790 2346 ῖνα
1820 2294 1915 2347 καὶ

344 2379 486 2431 οὓτω
516 2379 775 2449 μειζόνως
794 2381 828 2450 ὴ
858 2379 1084 2450 δύναμις
1108 2374 1559 2447 φαίνηται.Ἧλθε
1592 2377 1649 2429 δὲ
1678 2379 1770 2430 καὶ
1794 2394 1911 2429 παι-

346 2462 513 2515 δεύων
536 2463 685 2532 ἡμᾶς
711 2465 1068 2532 καταφρονεῖν
1094 2461 1201 2515 τῶν
1230 2461 1483 2524 ἐνταῦθα,
1534 2461 1625 2513 καὶ
1663 2459 1913 2530 μηδαμοῦ

347 2545 636 2614 τεθηπέναι
678 2545 811 2616 μηδὲ
853 2544 1339 2615 ἐκπλήττεσθαιτά
1377 2543 1470 2596 τοῦ
1506 2543 1620 2612 βίου
1663 2543 1912 2613 λαμπρὰ,

346 2629 480 2681 ἀλλά
507 2629 807 2699 καταγελᾷν
836 2630 1085 2682 ἁπάντων
1107 2627 1331 2691 τούτων,
1359 2628 1452 2681 καὶ
1476 2626 1584 2680 τῶν
1617 2626 1914 2697 μελλόντων

346 2715 497 2783 ἐρᾷν.
528 2713 586 2765 '0
618 2712 726 2782 γὰρ
772 2711 837 2763 τά
877 2710 1110 2765 ἐνταῦθα
1140 2710 1454 2782 θαυμάζων,
1484 2712 1545 2763 οὐ
1576 2710 1914 2779 θαυμάσεται

348 2798 415 2850 τὰ
440 2800 496 2853 ὲν
524 2799 635 2859 τοῖς
666 2798 931 2866 οὐρανοῖς.
957 2796 1054 2847 Διά
1076 2795 1233 2848 τοῦτο
1258 2796 1350 2848 καὶ
1373 2796 1448 2865 τῷ
1476 2795 1691 2866 Πιλάτῳ
1710 2794 1911 2862 ἔλεγεν·

358 2881 422 2934 Ἡ
453 2879 565 2949 ἐμὴ
587 2880 875 2943 βασιλειά
912 2880 1021 2932 οὐκ
1050 2879 1221 2931 ἐστιν
1242 2878 1539 2932 ἐντεῦθεν·
1572 2878 1659 2931 ἵνα
1692 2878 1766 2950 μὴ
1791 2879 1930 2948 δόξῃ.

348 2962 534 3016 λοιπὸν
564 2962 886 3032 ἀνθρωπίνῳ
926 2961 1075 3031 φόϐῳ
1102 2963 1196 3014 καὶ
1224 2962 1508 3034 δυναστείᾳ
1535 2962 1671 3034 πρὸς
1700 2961 1761 3014 τὸ
1798 2962 1916 3014 πεί-

349 3047 463 3099 θειν
507 3047 938 3117 ἀποκεχρῆσθαι.
995 3045 1118 3108 Πῶς
1177 3042 1270 3099 οὖν
1318 3042 1469 3099 εἶπεν
1519 3048 1547 3100 ὁ
1603 3047 1912 3117 προφήτης·

362 3130 508 3183 Ἰδοὺ
549 3134 582 3184 ὀ
618 3130 918 3194 ,βασιλεύς
962 3145 1078 3182 σου
1131 3128 1367 3198 ἔρχεταί
1418 3147 1517 3183 σοι
1557 3130 1770 3198 πραῢς,
1819 3128 1918 3181 καὶ

348 3212 706 3279 ἐπιϐεϐηκὼς
734 3213 832 3266 ἐπὶ
864 3209 1215 3281 ὑποζύγιον;
1249 3214 1368 3265 Ὅτι
1399 3214 1672 3283 βασιλείαν
1704 3213 1918 3282 ἐκείνην

348 3297 516 3365 λέγει,
547 3299 645 3371 τὴν
693 3299 749 3349 ἐν
792 3298 905 3359 τοῖς
947 3297 1216 3366 οὐρανοῖς,
1264 3296 1379 3349 ἀλλ’
1408 3297 1527 3366 οὐχὶ
1562 3298 1782 3367 ταύτην.
1821 3298 1919 3349 Διά

348 3379 596 3449 δήτοῦτο
642 3380 801 3433 πάλιν
848 3380 1020 3448 ἔλεγε·
1065 3380 1259 3443 Δόξαν
1298 3380 1455 3448 παρὰ
1489 3379 1799 3448 ἀνθρώπου
1846 3381 1917 3432 οὺ

350 3464 648 3532 λαμϐάνω.

421 3548 483 3601 δ’.
499 3546 771 3617 Μάθωμεν
794 3546 989 3609 τοίνυν,
1011 3546 1302 3616 ἀγαπητοὶ,
1333 3548 1432 3617 τῆς
1458 3547 1625 3617 τιμῆς
1646 3547 1743 3618 τῆς
1770 3546 1919 3618 παρά

351 3629 655 3700 ἀνθρώποις
683 3632 1036 3701 καταφρονεῖν
1062 3630 1157 3682 καὶ
1182 3629 1255 3700 μὴ
1278 3630 1541 3698 ἐφίεσθαι.
1570 3629 1921 3699 Τετιμήμεθα

354 3714 461 3785 γὰρ
498 3714 659 3784 τιμὴν
692 3714 974 3783 μεγίστην,
1010 3714 1103 3766 καὶ
1142 3712 1277 3783 πρὸς
1304 3714 1369 3782 ἢν
1401 3711 1541 3783 αῦτη
1576 3713 1920 3785 παραϐαλλο-

360 3799 512 3869 μένη,
549 3797 703 3869 ῦϐρις
747 3799 841 3851 καὶ
870 3797 1043 3865 γέλως
1076 3797 1167 3849 καὶ
1191 3796 1451 3866 κωμῳδία
1480 3796 1649 3860 ὅντως
1682 3798 1829 3850 ἐστίν
1850 3796 1875 3835 ἀ
1903 3814 1918 3829 ·

356 3883 544 3953 ῶσπερ
568 3879 659 3936 οὖν
688 3883 777 3936 καὶ
821 3884 849 3935 0
887 3881 1112 3944 πλοῦτος
1150 3877 1303 3943 οὗτος
1328 3880 1462 3951 πρὸς
1506 3883 1707 3934 ἐκεῖνον
1740 3882 1919 3942 πενία,

361 3968 507 4040 [255]
526 3969 617 4021 καὶ
638 3971 668 4038 ὴ
698 3967 810 4038 ζωὴ
833 3967 970 4037 αὕτη
996 3968 1162 4037 χωρὶς
1186 3965 1398 4035 ἐκείνης
1423 3965 1682 4036 νέκρωσις
1700 3966 1919 4033 (Ἄφες,

358 4055 510 4123 φησὶ.
561 4052 703 4117 τοὺς
774 4050 1025 4119 νεκροὺς
1067 4062 1089 4088 θ
1124 4049 1309 4118 θάψαι
1360 4049 1500 4116 τοὺς
1550 4048 1776 4103 ἑαυτῶν
1831 4067 1923 4101 νε-

357 4137 578 4205 κρούς)·
610 4135 752 4188 οὕτω
776 4135 869 4187 καὶ
894 4137 927 4205 ὴ
950 4134 1075 4200 δόξα
1106 4133 1244 4205 αῦτη
1277 4133 1411 4203 πρὸς
1440 4132 1654 4204 ἐκείνην
1694 4133 1922 4202 αἰσχύνη

357 4224 452 4275 καὶ
476 4221 646 4290 γέλως
680 4220 813 4273 ἐστί.
853 4220 942 4290 Μὴ
968 4218 1145 4271 τοίνυν
1171 4217 1341 4288 αὐτὴν
1382 4216 1686 4287 διώκωμεν.
1715 4218 1777 4270 El
1815 4217 1923 4287 γὰρ

358 4306 407 4357 οἱ
435 4306 765 4375 παρέχοντες
794 4302 960 4372 αὐτὴν
988 4304 1143 4364 σκιᾶς
1183 4303 1277 4354 καὶ
1304 4299 1525 4371 ὀνείρων
1551 4301 1685 4353 είσὶν
1716 4301 1925 4353 εὐτελέ-

361 4406 557 4459 στεροι,
599 4387 777 4457 πολλῷ
811 4388 1010 4458 μᾶλλον
1053 4387 1188 4458 αὐτὴ
1223 4388 1256 4458 ἡ
1298 4386 1443 4452 δόξα·
1490 4386 1644 4451 Δόξα
1682 4386 1794 4455 γὰρ
1822 4386 1926 4439 ἀν-

360 4471 593 4539 Θρώπου
619 4473 699 4537 ώς
740 4471 921 4536 ἄνθος
949 4473 1189 4540 χόρτου.
1218 4469 1283 4521 Τί
1309 4469 1365 4521 δὲ
1396 4468 1589 4531 ἄνθους
1616 4469 1805 4539 χόρτου
1835 4469 1924 4520 εὐ-

360 4557 671 4625 τελέστερον
702 4554 898 4621 γένοιτ’
926 4554 1029 4620 ἄν;
1070 4554 1132 4605 Εἰ
1164 4553 1220 4604 δέ
1252 4554 1347 4603 καὶ
1377 4552 1601 4622 μόνιμος
1629 4547 1717 4621 ἦν,
1752 4551 1802 4604 τί
1829 4550 1925 4620 τὴν

360 4640 534 4710 ψυχὴν
558 4638 833 4709 ὠφελῆσαι
862 4640 1078 4709 ἴσχυσεν
1118 4637 1216 4701 ἀν;
1250 4637 1433 4689 Οὐδέν·
1462 4635 1596 4688 ἀλλά
1633 4636 1728 4687 καὶ
1761 4652 1927 4687 κατα-

364 4724 590 4777 ϐλάπτει
621 4722 689 4775 τά
711 4721 961 4791 μέγιστα,
989 4720 1206 4781 δούλους
1230 4718 1704 4780 ποιοῦσα,δούλους
1721 4718 1927 4787 ἀργυρ-

360 4810 579 4877 ωνήτων
630 4807 880 4878 χείρους,
924 4804 1142 4867 δούλους
1182 4803 1279 4872 οὐχ
1328 4803 1407 4855 ἐνὶ
1455 4800 1687 4873 δεσπότῃ
1746 4800 1925 4871 μόνον,

363 4891 495 4943 ἀλλά
527 4895 619 4943 καὶ
647 4890 765 4942 δυσὶ
792 4888 886 4940 καὶ
910 4888 1057 4958 τρισὶ
1091 4887 1184 4940 καὶ
1219 4886 1430 4957 μυρίοις
1457 4884 1684 4955 διάφορα
1717 4885 1930 4937 ἐπιτάτ-

363 4992 542 5027 τουσιν
575 4973 963 5033 ὑπακούοντας.
1015 4972 1171 5040 Πόσῳ
1204 4970 1412 5039 βέλτιον
1456 4964 1735 5040 ἐλεύθερον
1769 4964 1949 5032 εἶναι,’

364 5060 395 5127 ἦ
427 5059 631 5119 δοῦλον,
660 5056 941 5125 ἐλεύθερον
971 5055 1065 5124 μέν
1089 5054 1186 5123 τῆς
1213 5053 1319 5105 τῶν
1341 5052 1638 5123 ἀνθρώπων
1666 5052 1926 5114 δουλείας,

363 5143 545 5195 δοῦλον
577 5141 632 5193 δὲ
664 5145 763 5211 τῆς
793 5138 885 5193 τοῦ
909 5138 1043 5192 Θεοῦ
1073 5136 1423 5202 δεσποτείας;
1450 5137 1626 5198 ’Ὀλως
1645 5136 1701 5188 δὲ
1731 5137 1779 5187 εί
1811 5135 1932 5204 βού-

364 5228 444 5280 λει
477 5227 633 5296 δόξης
665 5228 818 5295 ὲρᾷν,
851 5226 949 5295 ἔρα
977 5224 1152 5293 δόξης,
1186 5221 1319 5275 ἀλλά
1354 5221 1453 5291 τῆς
1486 5220 1772 5275 ἀθανάτου.
1804 5220 1931 5273 Καὶ

364 5314 471 5381 γὰρ
496 5311 876 5383 λαμπρότερον
908 5308 1076 5378 αὐτῆς
1108 5306 1169 5359 10
1222 5305 1467 5374 θέατρον,
1515 5307 1609 5357 καὶ
1656 5305 1838 5375 μεῖζον
1870 5305 1931 5357 τὸ

365 5397 574 5465 κέρδος.
618 5390 775 5448 Οὗτοι
817 5394 914 5463 μὲν
955 5394 1061 5462 γάρ
1088 5390 1195 5444 σεῖ
1240 5389 1517 5442 κελεύουσι
1546 5390 1931 5459 δαπανώμενον

366 5481 619 5552 ἀρέσκειν
650 5480 848 5540 αὐτοῖς·
880 5478 907 5529 0
936 5478 992 5529 δὲ
1027 5476 1257 5545 Χριστὸς
1286 5473 1590 5527 τούναντίον
1620 5475 1783 5529 ἆπαν.
1824 5477 1932 5529 Καὶ

367 5564 475 5633 γὰρ
526 5559 1056 5614 ἐκατονταπλασίονά
1112 5576 1193 5610 σοι
1243 5558 1424 5610 δίδωσι
1488 5557 1596 5610 τῶν
1643 5559 1931 5627 διδομένων

430 5657 457 5684 ιι
480 5644 550 5693 Ila
573 5643 751 5701 Sa\'il.;
779 5644 945 5692 Morel.
966 5643 1129 5689 διὸκαὶ
1148 5641 1302 5697 ἄλλως
1323 5641 1494 5701 ἔλεγον·
1522 5642 1631 5702 μήτι
1654 5641 1788 5695 οὗτός
1806 5644 1931 5691 ἐστιν

366 5712 394 5778 ὀ
432 5724 517 5776 πρ..
607 5707 636 5746 δ
688 5704 1197 5778 S§_vi|.‘7ra9a3\605wc.
1253 5706 1294 5778 ac
1330 5703 1533 5778 QluiQam
1574 5704 1928 5778 ἐπιδειξάμενος.

365 5769 391 5810 d
422 5764 520 5817 Aiii
561 5768 791 5828 κωμῳδία
829 5768 945 5814 εἶναι
987 5766 1132 5813 δοκεῖ.
1205 5777 1227 5803 P-
1252 5765 1400 5813 Savil.
1427 5764 1569 5875 ἄξετε
1599 5766 1687 5829 γὰρ
1715 5764 1823 5819 τοὺς
1858 5784 1933 5813 νε-

365 5830 521 5875 ιοούε.
596 5829 615 5866 ῐ
644 5829 813 5875 Morel.
840 5830 992 5875 μεῖζον
1013 5828 1068 5875 τὸ
1099 5828 1273 5875 κέοδοε·
1300 5828 1426 5875 πῶίς
1492 5843 1536 5875 τι
1566 5827 1694 5875 οὗτοι
1731 5829 1814 5875 μέν
1854 5844 1928 5875 σε.

365 5830 521 5892 κρούς.
596 5829 615 5866 ῐ
644 5827 813 5879 “Orci.
840 5830 992 5891 μεῖζον
1013 5828 1068 5876 τὸ
1099 5828 1273 5891 κέρδος·
1300 5828 1426 5887 πῶς;
1465 5827 1536 5878 ὅτι
1566 5827 1694 5878 οὗτοι
1731 5829 1814 5890 μέν
1854 5844 1928 5890 σε,

367 5893 529 5945 minus
560 5899 714 5942 recte.

1355 348 1422 404 IN
1459 346 1776 406 JOANNEM
1818 343 2049 401 HOMlL.
2080 347 2240 404 XLII.
2278 350 2349 405 al.
2383 348 2517 406 XLI.

3486 353 3609 408 2'14”.

2016 462 2168 530 παρὰ
2198 461 2314 526 σοῦ,
2347 464 2442 516 καὶ
2468 462 2616 534 ζωὴν
2655 462 2871 517 αἰώνιον
2903 464 3110 526 τούτοις
3141 460 3483 535 προστίθησι.
3524 466 3592 521 Τί

2014 544 2192 597 τοίνυν
2224 546 2452 615 βέλτιον,
2476 547 2534 597 ἐν
2560 549 2626 617 τῇ
2657 549 2751 617 γῇ,
2789 545 2823 616 ἢ
2861 548 2919 599 ἐν
2946 548 3057 607 τοῖς
3084 545 3355 619 οὐρανοῖς,
3381 547 3486 600 ὐπὸ
3506 547 3594 603 ἀν·

2016 626 2334 700 θρώπων,ἢ
2386 628 2490 681 ὑπὸ
2538 629 2673 683 Θεοῦ
2727 629 3140 700 θαυμάζεσθαι;
3185 630 3277 682 ἐπὶ
3315 628 3510 701 ζημίᾳ,
3556 629 3590 702 ἢ

2016 711 2109 763 ἐπὶ
2132 711 2347 781 κέρδει;
2383 712 2779 781 στεφανοῦσθαι
2808 714 2943 785 πρὸς
2973 714 3100 784 μίαν
3125 713 3355 784 ἡμέραν,
3385 714 3417 784 ἥ
3458 715 3593 785 πρὸς

2018 794 2280 865 ἀπείρους
2313 795 2549 861 αίῶνας;
2600 796 2697 859 Δὸς
2739 797 2817 867 τῷ
2858 798 3120 867 δεομένῳ,
3158 798 3252 849 καὶ
3280 796 3353 867 μὴ
3384 796 3488 867 δῷς
3512 798 3595 869 τῷ

2016 876 2350 947 ὀρχουμένῳ,
2382 878 2467 930 ἵνα
2497 878 2570 948 μὴ
2601 879 2736 948 μετά
2766 880 2883 932 τῶν
2908 880 3014 932 σῶν
3043 880 3340 950 χρημάτων
3373 880 3466 932 καὶ
3494 880 3593 950 τὴν

2016 958 2191 1029 ψυχὴν
2218 958 2489 1031 ἀπολέσῃς
2522 962 2620 1028 τὴν
2663 961 2896 1017 ἐκείνου.⁴
2937 963 3007 1015 Σὺ
3053 963 3161 1032 γὰρ
3208 964 3379 1025 αἴτιος
3414 958 3464 1015 εἷ
3495 964 3595 1034 τῆς

2019 1043 2295 1105 ἀπωλείας
2341 1044 2437 1113 τῆς
2484 1044 2693 1097 ἐκείνου
2738 1045 2825 1097 διὰ
2862 1045 2961 1115 τῆς
2990 1046 3217 1116 ἀκαίρου
3260 1046 3591 1115 φιλοτιμίας.

2019 1126 2081 1178 Εἰ
2114 1126 2221 1196 γὰρ
2256 1127 2303 1178 οί
2337 1128 2429 1179 ἐπὶ
2476 1128 2573 1197 τῆς
2612 1129 2915 1198 ὀρχήστρας
2947 1129 3142 1199 ᾔδεσαν
3185 1131 3267 1183 ὅτι
3312 1131 3374 1182 τὸ
3408 1132 3597 1201 ἐπιτή-

2018 1209 2189 1278 δευμα
2235 1211 2416 1273 αὐτοῖς
2464 1211 2691 1280 ἀκερδὲς
2746 1211 2970 1278 ἔμελλεν
3020 1213 3257 1275 ἔσεσθαι,
3305 1213 3472 1266 πάλαι
3526 1214 3623 1267 ἀνι

2020 1291 2327 1344 ἐπαύσαντο
2381 1291 2557 1345 ταῦτα
2605 1293 3049 1363 ἐπιτηδεύοντες·
3098 1297 3227 1348 ὅταν
3256 1295 3312 1348 δέ
3363 1313 3421 1348 σε
3463 1314 3595 1367 κροη
3654 1288 3660 1305 ί

2018 1374 2235 1435 τοῦντα,
2261 1376 2641 1446 συντρέχοντα,
2666 1378 3043 1440 ἀναλίσκοντα,
3071 1380 3283 1432 ἅπαντα
3303 1378 3622 1432 τάί-σαυτοῦ,

2019 1457 2340 1511 δαπανῶντα
2362 1458 2682 1523 θεάσωνται,
2711 1459 2812 1513 κᾶν
2849 1461 2923 1530 μὴ
2956 1460 3255 1529 βούλωνται
3278 1462 3434 1515 τοῦτο
3469 1480 3600 1532 μετ-

2023 1540 2179 1602 ιέναι,
2236 1543 2302 1609 τῇ
2335 1540 2436 1592 τοῦ.
2477 1541 2701 1612 κέρδους
2751 1542 3017 1614 ἐπιθυμίᾳ
3062 1544 3401 1613 κατέχονται.
3434 1545 3496 1598 Et
3539 1544 3598 1597 δὲ

2022 1622 2286 1688 ἔγνωσαν,
2309 1624 2388 1675 ὅτι
2410 1623 2583 1686 οὐδεὶς
2606 1624 2671 1677 ἂν
2696 1624 3000 1678 ἐπαινέσειε
3021 1627 3091 1677 τὰ
3116 1628 3359 1692 ἐκείνων,
3385 1628 3611 1697 ταχέως¹

2020 1706 2087 1759 ἂν
2130 1705 2445 1777 ἀπέστησαν
2484 1707 2592 1760 τῶν
2634 1709 2809 1761 πόνων
2861 1709 2947 1762 διὰ
2990 1709 3055 1762 10
3101 1712 3342 1782 ἀκερδές·
3383 1714 3507 1766 ὅταν
3540 1712 3613 1765 δὲ.

2033 1790 2187 1842 ἴδωσι
2220 1790 2279 1841 τὸ
2320 1792 2549 1860 πρᾶγμα
2580 1791 2730 1862 παρὰ
2756 1792 2964 1845 πολλῶν
2994 1792 3422 1866 θαυμαζόμενον,
3446 1796 3597 1864 γίνετ-

2020 1890 2107 1924 ται
2135 1872 2327 1942 δέλεαρ
2356 1875 2537 1936 αὐτοῖς
2571 1876 2597 1926 ὀ
2622 1876 2729 1926 τῶν
2770 1875 2943 1929 ἄλλων
2975 1876 3214 1942 ἔπαινος.
3251 1880 3613 1950 ’Λποστῶμενη

2020 1956 2196 2008 τοίνυν
2241 1957 2339 2027 τῆς
2387 1958 2648 2028 ἀκερδοῦς
2693 1958 2964 2030 δαπάνης·
3018 1961 3276 2034 μάθωμεν
3324 1966 3417 2017 ἐπὶ
3459 1965 3597 2018 τίσιν

2020 2040 2333 2092 ἀναλίσκειν
2358 2041 2451 2092 καὶ
2476 2040 2605 2092 πότε
2637 2043 2765 2111 χρή.
2804 2044 2894 2112 Μὴ
2937 2043 2999 2113 δὴ
3033 2045 3421 2116 ἀμφοτέρωθεν
3453 2062 3596 2117 παρ-

2020 2123 2295 2194 οξύνωμεν
2317 2124 2410 2177 τὸν
2442 2124 2595 2187 Θεὸν,
2625 2126 2717 2178 καὶ
2753 2127 3077 2194 συνάγοντες
3110 2128 3233 2182 ὅθεν
3260 2130 3322 2182 οὐ
3351 2131 3476 2201 χρὴ,
3502 2131 3599 2184 καὶ

2023 2208 2407 2278 σκορπίζοντες
2446 2209 2526 2270 είς
2571 2208 2713 2279 άπερ
2763 2210 2824 2262 οὐ
2866 2210 2964 2262 δεῖ.
3006 2212 3188 2283 Πόσης
3228 2214 3336 2284 γὰρ
3385 2215 3486 2267 οὐκ
3528 2214 3598 2268 ἂν

2021 2291 2168 2357 ἀξιον
2198 2292 2280 2362 εῖη
2313 2292 2501 2362 ὀργῆς,
2543 2292 2668 2344 ὅταν
2711 2295 2776 2364 τῇ
2808 2294 2985 2366 πόρνῃ
3014 2295 3190 2366 διδῷς,
3234 2297 3599 2369 παρατρέχων

2021 2376 2111 2428 τὸν
2140 2375 2382 2445 πένητα;
2414 2376 2475 2427 Εἰ
2500 2375 2607 2445 γάρ
2646 2378 2738 2429 καὶ
2765 2378 2827 2429 ἐκ
2856 2378 3081 2432 δικαίων
3114 2380 3293 2435 πόνων
3316 2385 3596 2451 παρεῖχες,

2022 2457 2141 2527 οὐχὶ
2165 2457 2412 2536 ἔγκλημα
2434 2454 2501 2528 ἦν
2525 2458 2584 2510 τὸ
2610 2461 2858 2530 πρᾶγμα.
2882 2461 3071 2531 μισθόν
3094 2464 3289 2526 κακίας
3313 2464 3595 2536 παρέχειν,

2023 2541 2116 2592 καὶ
2157 2541 2295 2612 ὑπὲρ
2331 2535 2405 2594 ὧν
2434 2540 2682 2606 κολάζειν
2736 2544 2922 2614 ἐχρῆν,
2972 2544 3111 2617 ὑπὲρ
3154 2546 3357 2601 τούτων
3390 2535 3595 2620 τιμᾷν;

2026 2623 2193 2677 Ὅταν
2225 2625 2281 2677 δὲ
2320 2627 2411 2677 καὶ
2437 2625 2704 2694 ὀρφανοὺς
2752 2626 3021 2693 ἀποδύων,
3074 2630 3166 2681 καὶ
3204 2631 3379 2700 χήρας
3427 2632 3452 2670 ε
3482 2631 3597 2684 ἀδι-

2024 2708 2156 2772 κῶν,
2188 2709 2391 2780 τρέφης
2431 2708 2737 2777 ἀσέλγειαν,
2771 2710 3020 2781 ἐννόησον
3048 2712 3232 2781 ἡλίκον
3265 2715 3379 2777 τοῖς
3424 2712 3597 2768 ταῦτα

2022 2791 2292 2862 τολμῶσιν
2324 2792 2476 2847 ἔσται
2510 2792 2573 2843 τὸ
2604 2792 2733 2864 πῦρ.
2783 2794 3048 2845 Ἀκουσον
3089 2795 3142 2846 τί
3196 2812 3359 2865 φησιν
3389 2797 3417 2847 ὀ
3451 2797 3597 2850 Παῦο

2024 2874 2131 2937 λος·
2171 2876 2252 2928 Οὐ
2276 2879 2469 2942 μόνον
2492 2874 2644 2928 αὐτὰ
2669 2876 2967 2941 ποιοῦσιν,
2994 2877 3154 2933 ἀλλὰ
3179 2880 3277 2933 καὶ
3309 2879 3609 2934 συνευδοα

2025 2957 2202 3011 κοῦσι
2236 2956 2361 3022 τοῖς
2399 2956 2767 3025 πράσσουσι.
2823 2961 2975 3029 Τάχα
3010 2960 3253 3032 σφοδρῶς
3292 2963 3444 3032 ὑμῶν
3473 2963 3600 3015 καθ-

2024 3041 2299 3114 ηψάμεθα,
2335 3041 2471 3095 ἀλλὰ
2518 3040 2620 3094 κᾶν
2666 3044 2825 3113 ἡμεῖς
2872 3045 2947 3116 μὴ
2988 3044 3378 3114 καθαψώμεθα,
3415 3047 3470 3100 αί
3508 3046 3605 3100 διὰ

2024 3126 2131 3181 τῶν
2166 3126 2503 3196 πραγμάτων
2552 3126 2770 3195 μένουσι
2819 3129 3081 3198 τιμωρίαι
3128 3130 3250 3191 τοὺς
3297 3129 3614 3201 ἀδιόρθωτα.

2026 3210 2453 3281 ἁμαρτάνοντας.
2487 3209 2550 3261 Τί
2581 3204 2672 3261 οὖν
2703 3210 2893 3278 ὄφελος
2922 3213 2976 3263 ἐν
3014 3214 3128 3275 τοῖς·
3161 3211 3338 3280 λόγοις
3380 3212 3604 3283 χαρίζε-

2028 3294 2152 3348 σθαι
2188 3295 2298 3355 τοῖς
2330 3292 2419 3345 διὰ
2446 3291 2553 3344 τῶν
2587 3291 2765 3362 ἔργων
2795 3293 3118 3356 κολάζεσθαι
3153 3294 3442 3364 μέλλουσι;
3476 3297 3607 3348 Συνι

2028 3377 2262 3438 ευδοκεῖς
2310 3374 2387 3444 τῷ
2436 3375 2769 3445 όρχουμένῳ,
2821 3378 3065 3440 ἐπαινεῖς
3121 3379 3215 3431 καὶ
3259 3376 3563 3449 θαυμάζεις
3580 3398 3612 3446 ;_

2030 3459 2181 3533 [254]
2215 3459 2422 3512 Οὐκοῦν
2456 3458 2662 3512 ἐκείνου
2701 3459 2930 3527 γέγονας
2957 3460 3177 3534 χείρων.
3218 3460 3308 3531 Τῷ
3351 3462 3448 3531 μὲν
3491 3462 3615 3534 γὰρ

2030 3528 2064 3616 ἦ
2097 3528 2257 3597 πενία
2289 3546 2616 3613 συγγνώμην
2643 3544 2886 3605 δίδωσιν,
2933 3528 2987 3595 εί
3013 3528 3107 3596 καὶ
3138 3528 3292 3611 λόγον
3315 3528 3414 3596 οὐκ
3447 3528 3602 3615 ἔχου-

2032 3644 2150 3683 σαν·
2191 3630 2253 3680 σὺ
2286 3627 2342 3678 δὲ
2373 3628 2465 3678 καὶ
2497 3627 2699 3696 ταύτης
2729 3626 3099 3697 ἀπεστέρησαι
3147 3628 3244 3696 τῆς
3282 3629 3598 3696 ἀπολογίας.

2031 3713 2295 3765 Κάκεῖνον
2351 3710 2449 3780 μὲν
2494 3712 2586 3762 ἐὰν
2626 3710 2859 3780 ἔρωμαι,
2916 3710 2968 3763 τί
3030 3711 3227 3780 δήποτε
3280 3712 3377 3775 τὰς
3433 3712 3612 3778 ἄλλας

2030 3795 2221 3863 τέχνας
2249 3794 2425 3861 ἀφεὶς,
2464 3794 2553 3844 ἐπὶ
2590 3793 2790 3862 ταύτην
2830 3790 2993 3864 ἦλθες
3023 3794 3120 3865 τὴν
3147 3795 3313 3864 ἐναγῆ
3346 3796 3438 3848 καὶ
3475 3814 3601 3866 μια-

2036 3879 2171 3951 ράν;
2201 3879 2333 3948 ἐρεῖ,
2360 3877 2440 3929 ὅτι
2476 3876 2683 3940 ἔξεστιν
2712 3876 2866 3945 ὀλίγα
2914 3877 3199 3941 πονοῦντα,
3245 3879 3417 3932 πολλά
3467 3898 3602 3953 καρ-

2031 3961 2280 4015 ποῦσθαι.
2313 3961 2380 4013 Σὲ
2410 3960 2466 4014 δέ
2512 3960 2605 4012 ἐὰν
2649 3961 2673 3999 ιι
2708 3960 2938 4031 ἔρωμαι,
2968 3960 3020 4012 τί
3065 3962 3264 4031 δήποτε
3295 3962 3601 4032 θαυμάζεις

2030 4047 2120 4098 10v
2150 4048 2206 4096 έν
2231 4044 2484 4114 ἀσελγείᾳ
2514 4041 2731 4113 βιοῦντα
2753 4046 2844 4096 καὶ
2873 4044 2964 4095 ἐπὶ
2990 4043 3135 4117 λύμῃ
3162 4044 3338 4109 ζῶντα
3369 4046 3601 4113 πολλῶν;

2033 4130 2133 4181 οὐκ
2154 4128 2299 4198 ἔχεις
2327 4127 2418 4179 ἐπὶ
2444 4128 2541 4197 τὴν
2564 4126 2732 4198 αὐτὴν
2755 4128 3030 4197 πρόφασιν
3052 4128 3433 4198 καταφεύγειν,
3467 4130 3615 4187 ἀλλά.

2032 4211 2246 4280 ἀνάγκη
2301 4210 2452 4262 κάτω
2512 4211 2757 4271 κύπτειν,
2814 4212 2906 4263 καὶ
2945 4211 3295 4280 αἰσχύνεσθαι
3330 4216 3425 4267 καὶ
3476 4216 3603 4285 ἐρυ-

2034 4293 2209 4365 θριᾷν.
2244 4295 2305 4345 Εἰ
2336 4293 2393 4346 δὲ
2424 4294 2551 4364 παρ’
2582 4293 2736 4364 ἡμῶν
2767 4295 2995 4358 εὐθύνας
3023 4294 3423 4365 ἀπαιτούμενος
3451 4298 3615 4352 οὐδὲνς

2030 4379 2097 4432 ἂν
2128 4378 2315 4448 σχοίης
2346 4378 2519 4429 εἰπεῖν
2552 4377 2595 4439 ί,
2629 4378 2755 4430 ὅταν
2776 4377 2838 4430 τὸ
2858 4378 3087 4449 φοϐερὸν
3109 4382 3283 4434 ἐκεῖνο
3310 4383 3402 4434 καὶ
3425 4383 3622 4453 άπαρς

2032 4461 2248 4530 αίτητον
2293 4461 2667 4531 παραγένηται
2704 4461 3071 4531 δικαστήριον,
3107 4461 3234 4515 ἔνθα
3257 4464 3366 4516 τῶν
3400 4465 3604 4535 νοημά-

2035 4561 2163 4608 των,
2192 4543 2285 4596 καὶ
2322 4544 2682 4613 πραγμάτων,
2718 4546 2811 4597 καὶ
2859 4547 3077 4598 πάντων
3103 4546 3321 4616 τίνομεν
3350 4547 3599 4613 εὐθύνας,

2035 4626 2151 4689 πῶς
2198 4624 2535 4694 στησόμεθα;
2570 4627 2745 4689 ποίοις
2792 4628 3088 4697 ὀφθαλμοῖς
3121 4630 3211 4682 τὸν
3246 4631 3438 4702 κριτὴν
3473 4631 3619 4702 ὀψό-.

2038 4709 2210 4779 μεθα;
2244 4708 2298 4759 τί
2339 4708 2608 4778 ἑροῦμεν;
2635 4711 2687 4763 τί
2721 4711 3173 4782 ἀπολογησόμεθα
3208 4730 3222 4777 ;
3269 4713 3427 4767 ποίαν
3458 4714 3628 4768 εὐλο-Δ

2035 4810 2151 4860 γον,
2183 4792 2343 4845 ποίαν
2379 4793 2570 4861 ἄλογον
2606 4795 3021 4865 προϐαλούμεθα
3047 4798 3348 4868 πρόφασιν;
3381 4800 3479 4869 τὴν
3508 4801 3625 4870 τῆς

2034 4877 2309 4944 δαπάνηςς
2354 4876 2451 4945 τὴν
2494 4878 2592 4947 τῆς
2634 4878 2908 4949 τέρψεωςς
2937 4878 2969 4948 ἢ
3001 4878 3099 4950 τὴν
3126 4881 3225 4952 τῆς
3270 4881 3471 4953 ἐτέρων
3501 4885 3609 4937 ἀπ-

2041 4958 2253 5021 ωλείας,
2287 4957 2380 5020 οὓς
2402 4959 2488 5013 διὰ
2526 4959 2624 5029 τῆς
2658 4962 2866 5013 ἐκείνου
2897 4961 3086 5032 τέχνης
3110 4964 3459 5036 ἀπόλλυμεν;
3494 4968 3609 5020 Οὐκ

2038 5042 2184 5095 ἔστιν
2214 5041 2366 5095 οὐδὲν
2394 5045 2593 5105 εἰπεῖν,
2620 5043 2733 5096 ἀλλ’
2768 5045 2987 5116 ἀνάγκη·
3029 5046 3353 5111 κολάζεσθαι
3389 5048 3609 5102 κόλασιν

2035 5125 2187 5188 τέλος
2219 5127 2319 5178 οὐκ
2364 5125 2610 5196 ἔχουσαν,
2654 5127 2820 5196 πέρας
2869 5128 2967 5181 οὐκ
3003 5130 3392 5201 ἐπισταμένην.
3429 5133 3610 5201 Ὅπερ

2038 5208 2125 5260 ἵνα
2171 5209 2245 5277 μὴ
2266 5210 2514 5278 γένηται,
2554 5209 2801 5263 ἐντεῦθεν
2845 5211 2949 5281 ἤδη
2995 5214 3172 5267 πάντα
3220 5214 3605 5285 φυλαξώμεθα,

2038 5294 2126 5345 ἵνα
2159 5292 2295 5361 μετά
2323 5291 2565 5362 χρηστῆς
2593 5292 2806 5356 ἐλπίδος
2835 5294 3180 5360 ἀπελθόντες,
3204 5297 3456 5367 τύχωμεν
3498 5298 3625 5351 τῶν-

2039 5374 2270 5428 αἰωνίων
2306 5376 2544 5443 ἀγαθῶν·
2592 5369 2666 5428 ὧν
2714 5379 2921 5445 γένοιτο
2957 5379 3164 5442 πάντας
3222 5381 3369 5450 ἡμᾶς
3420 5380 3632 5433 ἐπιτυ-Δ

2039 5462 2173 5531 χεῖν,
2207 5460 2388 5529 χάριτι
2424 5461 2516 5512 καὶ
2549 5458 2926 5532 φιλανθρωπίᾳ
2953 5461 3045 5513 τοῦ
3072 5462 3275 5532 Κυρίου
3313 5463 3471 5534 ήμῶν
3506 5465 3608 5535 ’Ῑηα-

2042 5542 2136 5596 σοῦ
2166 5542 2421 5613 Χριστοῦ,
2468 5543 2534 5595 δι’
2570 5537 2627 5595 οῦ
2662 5545 2754 5596 καὶ
2784 5544 2906 5615 μεθ’
2939 5538 2999 5597 οὗ
3048 5544 3126 5615 τῷ
3173 5546 3349 5617 Πατρ“ι
3383 5547 3416 5617 ἡ
3458 5546 3633 5615 δόξα,,,

2040 5625 2158 5696 ἅμα
2197 5625 2275 5696 τῷ
2308 5625 2444 5696 ἁγίῳ
2490 5625 2786 5696 Πνεύματι,
2816 5627 2911 5681 νῦν
2939 5626 3034 5680 καὶ
3080 5628 3170 5682 ἀεὶ
3202 5630 3296 5683 καὶ¹
3351 5631 3433 5696 είς
3479 5632 3611 5696 τοὺς

2040 5708 2241 5772 αἰῶνας
2275 5708 2382 5761 τῶν
2408 5707 2637 5762 αἰώνων.
2676 5711 2866 5780 Ἀμήν.

2107 5826 2132 5864 8
2166 5824 2379 5893 ῆὶολξεν.
2409 5829 2461 5872 el
2484 5806 2989 5893 10d_.__795.-Edlider1_n
3016 5824 3186 5893 _Monlf.
3228 5827 3386 5893 γήρας,
3448 5821 3481 5869 Ιι
3504 5828 3637 5883 Μαι...

2036 5888 2128 5938 rel.
2154 5886 2214 5937 οὐ
2238 5887 2289 5935 δὲ
2310 5886 2405 5937 ἐάν.
2478 5890 2495 5926 ἱ
2525 5888 2631 5940 Alii
2648 5888 2704 5936 ἀν
2729 5885 3081 5950 ἰσχύῃςιίπιῖν.
