4100 6364
393 333 494 392 Ξὲδ

1415 327 1481 384 ΙΝ
1517 327 1822 384 JOANNE.“
1864 327 2091 382 llOMlL.
2139 330 2316 387 XLIII.
2357 333 2428 387 al.
2473 331 2634 389 XLII.

3551 345 3658 403 246

411 476 3651 503 *ΜΨ-..Μ

1712 554 2058 617 HOMILIA
2098 555 2326 618 XLI".

396 706 522 764 CAP.
551 709 606 764 6.
648 724 702 761 ν.
729 708 814 762 16.
849 705 914 762 Ut
942 715 1107 759 autem
1129 721 1238 758 sero
1263 708 1537 775 [at-tumeat
1555 745 1570 767 ,
1607 703 1971 757 descenderunt

466 801 701 870 discipuli
729 801 841 868 ejus
868 797 934 850 ad
959 813 1116 850 mare.
1148 797 1234 850 17.
1272 795 1334 848 Et
1357 811 1468 846 cum
1503 795 1841 848 ascendissent
1879 809 1974 844 na-

466 908 570 945 uem
592 933 606 956 ,
637 899 872 943 venerunt
899 899 1036 942 trans
1075 903 1213 940 mare
1247 887 1300 940 in
1337 884 1674 948 Capernaum.
1723 883 1790 937 Et
1832 894 1970 936 tunc-

469 985 568 1036 brte
604 985 715 1051 jam
759 985 906 1050 facta
945 989 1108 1045 erant,
1138 989 1183 1030 et
1207 995 1304 1031 non
1335 989 1532 1032 venerat
1560 977 1626 1029 ad
1660 977 1776 1029 illos
1801 977 1968 1030 Jesus.

471 1076 553 1128 18.
593 1074 642 1126 Μ
652 1090 736 1126 are
763 1083 930 1125 autem
949 1113 964 1138 ,
994 1083 1138 1124 uento
1165 1087 1346 1139 magno
1373 1071 1529 1140 ﬂante
1556 1111 1571 1134 ,
1600 1068 1916 1139 exaurgebat.

473 1168 520 1219 l.
551 1165 776 1220 Christus
799 1165 947 1216 etiam
969 1163 1142 1216 absens
1164 1179 1366 1215 suorum
1397 1161 1602 1214 utilitati
1625 1162 1808 1214 studet.
1846 1159 1973 1224 Qua:

394 1260 537 1327 signa
559 1256 790 1324 discipuli
815 1255 908 1308 soli
925 1252 1344 1307 uiderint—Non
1373 1268 1608 1322 praesens
1631 1261 1828 1305 tantum
1853 1267 1971 1304 cor-

396 1349 644 1419 poraliter
664 1347 936 1414 discipulis
955 1345 1133 1410 Jesus,
1168 1344 1262 1400 sed
1293 1346 1451 1399 etiam
1479 1345 1672 1398 absens
1699 1353 1753 1397 et
1780 1342 1960 1413 procul

398 1456 616 1495 versans
641 1481 657 1505 ,
687 1454 872 1493 eorum
909 1437 1087 1491 studet.
1112 1437 1345 1490 utilitati.
1366 1433 1498 1489 Cum
1526 1436 1667 1490 enim
1695 1444 1748 1489 et
1778 1443 1967 1504 potens

395 1533 466 1587 sit
508 1541 561 1586 et
607 1547 797 1601 sagax,
846 1545 940 1599 per
991 1528 1256 1584 contraria
1303 1527 1441 1580 idem
1485 1528 1654 1595 ipsum
1695 1535 1965 1594 opt-ratur.

399 1623 776 1679 Animadverte
807 1637 1033 1690 namque
1055 1619 1180 1688 quid
1211 1619 1296 1673 bic
1324 1627 1462 1688 agat.
1489 1617 1709 1671 Relictis
1739 1616 1970 1684 discipu-

395 1717 460 1772 lis
484 1760 498 1779 ,
528 1715 770 1770 ascendit
793 1715 844 1768 in
877 1724 1129 1768 montem.
1161 1709 1238 1765 Illi
1269 1726 1425 1778 vero,
1454 1711 1670 1764 absente
1692 1710 1964 1777 magistro,

395 1821 453 1862 ut
478 1823 600 1862 sero
627 1807 820 1861 factum
850 1815 929 1860 est
949 1847 964 1870 ,
998 1803 1390 1859 descenderunt
1417 1801 1482 1856 ad
1507 1816 1654 1855 mare
1683 1816 1696 1864 ;
1727 1809 1779 1854 et
1802 1814 1967 1868 usque

395 1899 459 1954 ad
504 1915 778 1968 vesperam
821 1905 1130 1952 manserunt
1170 1895 1340 1947 donec
1382 1892 1598 1946 rediret.
1634 1891 1965 1944 Advenieute

393 2007 613 2060 vespera
637 2033 652 2056 ,
682 2005 786 2044 non
821 1989 955 2042 ultra
979 2003 1035 2040 se
1061 1985 1336 2039 continere
1363 1992 1644 2053 potuerunt
1670 2023 1685 2047 ,
1713 1981 1834 2050 quia
1879 1979 1962 2048 ip-

393 2099 508 2137 sum
553 2090 852 2150 quaererent
885 2097 899 2132 :
929 2087 1074 2132 tanto
1119 2075 1233 2144 ejus
1279 2089 1459 2128 amore
1502 2074 1810 2142 ﬂagrabant.
1848 2071 1962 2125 Non

395 2175 576 2228 dicunt
598 2215 612 2238 ,
646 2173 877 2240 VeSpera
901 2171 1008 2239 jam
1039 2179 1121 2223 est
1141 2209 1153 2230 ,
1183 2182 1290 2221 nox
1319 2165 1506 2229 adest,
1538 2181 1642 2234 quo
1685 2178 1823 2217 nunc
1868 2163 1964 2216 ibi-

393 2265 542 2320 mus?
567 2265 736 2328 locus,
763 2262 892 2316 hora
918 2260 1150 2330 perieulo
1177 2273 1285 2312 non
1313 2265 1502 2312 vacant
1539 2272 1550 2308 :
1584 2255 1678 2309 sed
1700 2253 1964 2308 desiderio

393 2357 628 2423 incensi,
662 2371 848 2409 navem
877 2351 1262 2409 conscendunt.
1289 2351 1471 2418 Neque
1498 2350 1638 2402 enim
1666 2348 1778 2400 sine
1804 2361 1963 2400 causa

392 2449 716 2518 evangelista
749 2457 956 2515 tempus
983 2445 1174 2498 indicat
1200 2484 1213 2506 ,
1247 2441 1338 2496 sed
1366 2451 1422 2494 ut
1450 2441 1549 2493 hoc
1579 2449 1730 2508 pacto
1752 2439 1963 2492 ferven-

395 2551 496 2595 tem
521 2541 734 2593 illorum
762 2552 1000 2592 amorem
1028 2535 1282 2589 declaret.
1312 2535 1417 2587 Cur
1445 2547 1570 2602 ergo
1596 2531 1830 2612 dimissis
1862 2529 1964 2582 illis

392 2633 539 2687 abit?
563 2633 668 2684 imo
693 2646 788 2685 cur
817 2630 965 2684 solus
988 2643 1196 2681 rursum
1223 2634 1440 2694 apparet
1469 2640 1624 2691 supra
1660 2637 1805 2676 mare
1843 2636 1961 2674 am-

393 2724 620 2778 bulans?
651 2723 846 2787 Primo,
880 2731 936 2774 ut
962 2719 1351 2782 doceretillos,
1403 2732 1560 2786 quam
1612 2729 1771 2784 grave
1819 2720 1964 2767 esset

392 2817 532 2872 solos
552 2815 799 2884 relinqui,
827 2822 986 2882 atque
1007 2813 1128 2866 hinc
1149 2810 1468 2865 desiderium
1517 2817 1800 2876 augeretur
1833 2825 1846 2859 :
1873 2821 1961 2859 se-

391 2907 564 2964 cundo
588 2947 605 2968 ,
637 2915 692 2958 ut
717 2905 1004 2975 potentiam
1055 2902 1361 2957 ostenderet
1401 2915 1572 2953 suam.
1607 2897 1958 2966 Quemadmo-

391 2997 514 3051 dum
542 2997 683 3051 euim
712 3011 817 3049 non
847 3009 1061 3048 omnem
1092 2992 1386 3047 doctrinam
1425 3007 1544 3044 cum
1583 2989 1734 3043 turba
1776 2988 1958 3042 audie-

394 3089 552 3152 bant,
586 3089 663 3141 sic
688 3104 792 3141 non
823 3087 1000 3141 omnia
1026 3087 1173 3154 signa
1191 3098 1310 3137 eum
1328 3083 1482 3154 plebe
1503 3081 1770 3135 videbant.
1795 3079 1961 3146 Opor-

395 3181 538 3234 tebat
587 3181 726 3232 enim
773 3193 902 3239 eos,
957 3175 1149 3247 quibus
1194 3173 1603 3229 eommitteudus
1641 3173 1783 3225 orbis
1811 3181 1959 3235 erat,

391 3270 586 3341 z'iquid
617 3270 844 3338 amplius
876 3269 1072 3321 habere
1097 3282 1255 3336 quam
1279 3273 1524 3318 ca'teros.
1555 3265 1729 3330 ECqun
1773 3263 1922 3324 signa
1943 3303 1958 3326 ,

395 3365 602 3432 inquies
626 3404 641 3428 ,
683 3361 783 3415 Soli
813 3359 1094 3414 viderunt?
1123 3357 1657 3426 Trausligurationem
1681 3355 1732 3406 in
1762 3362 1958 3416 monte,

395 3456 496 3509 huc
522 3455 832 3508 miraculum
857 3455 909 3505 in
940 3452 1110 3518 mari,
1142 3451 1302 3504 multa
1335 3459 1388 3502 et
1426 3446 1663 3502 miranda
1705 3457 1823 3515 post
1874 3459 1963 3498 re-

392 3545 813 3609 surrectionem;
845 3553 1006 3610 atque
1028 3584 1042 3607 ,
1079 3552 1136 3597 ul.
1159 3541 1420 3606 arbitror,
1453 3539 1613 3592 multa
1641 3537 1762 3590 alia.
1796 3536 1966 3590 Vene-

392 3649 515 3691 runt
535 3647 710 3690 autem
731 3636 1090 3705 Capernaum,
1124 3649 1226 3687 non
1255 3631 1406 3702 gnari
1434 3631 1646 3698 quidem
1665 3671 1680 3695 ,
1709 3629 1800 3683 sed
1834 3645 1956 3699 spe-

391 3737 571 3783 rantes
599 3743 656 3780 se
683 3727 851 3794 ipsum
883 3725 953 3779 ibi
984 3733 1288 3794 reperturos
1336 3737 1455 3776 esse
1499 3722 1585 3776 vel
1637 3721 1776 3775 inter
1819 3722 1966 3773 navi-

393 3818 642 3887 gandum.
674 3817 786 3870 lloc
814 3815 1166 3870 subindicavit
1192 3813 1424 3869 Joannes
1449 3855 1464 3879 ,
1511 3827 1631 3866 cum
1676 3812 1810 3866 dixit
1853 3811 1962 3879 jam

393 3923 669 3978 vesperam
699 3909 891 3970 fuisse,
925 3905 1148 3960 necdum
1195 3907 1402 3960 venisse
1449 3905 1630 3959 .lesum
1656 3945 1672 3970 ,
1720 3913 1774 3958 et
1819 3918 1964 3957 mare

393 4015 584 4069 magno
622 3999 842 4054 reﬂante
877 4007 1033 4052 vento
1081 3998 1413 4051 intumuisse.
1441 3999 1547 4052 Cur
1577 4013 1703 4066 ergo
1735 3998 1963 4050 turban~

396 4092 518 4145 tur?
546 4092 706 4145 multa
735 4101 882 4146 certe
914 4098 1067 4144 erant
1106 4105 1225 4160 quae
1272 4090 1391 4144 illos
1443 4089 1919 4157 perterrefacereut
1949 4106 1960 4140 :

394 4194 633 4252 tempus,
660 4182 896 4237 tenebras
926 4196 1154 4250 namque
1196 4191 1388 4245 erant;
1442 4191 1727 4249 tempestas
1754 4222 1769 4247 ,
1820 4195 1965 4234 mare

394 4293 621 4345 namque
649 4277 1005 4338 intumuerat;
1035 4275 1184 4328 locus
1203 4315 1219 4340 ,
1252 4291 1355 4328 non
1384 4275 1521 4327 enim
1556 4289 1720 4343 prope
1766 4283 1963 4327 terram

391 4380 583 4434 erant,
611 4368 704 4422 sed
725 4409 740 4434 ,
766 4369 854 4423 l9.
884 4364 1009 4422 Cum
1036 4369 1361 4438 remigassent
1407 4368 1548 4433 quasi
1587 4370 1751 4420 stadia
1794 4368 1967 4439 viginti

391 4461 637 4530 quinque;
669 4459 882 4514 tandem
899 4459 1049 4513 adest
1072 4475 1156 4513 res
1187 4461 1546 4528 inexspectata
1575 4477 1588 4513 :
1629 4459 1803 4514 Vident
1822 4463 1963 4515 enim

392 4569 505 4606 eum
533 4553 871 4605 ambulantem
899 4569 1049 4620 super
1086 4568 1254 4617 mare,
1307 4553 1475 4622 iisque
1519 4552 1806 4606 admodum
1855 4569 1969 4623 per-

392 4644 615 4698 turbatis
637 4643 770 4698 dixit
798 4661 810 4696 :
833 4643 922 4697 20.
957 4642 1064 4713 Ego
1089 4659 1201 4694 sum
1226 4684 1245 4709 ,
1267 4644 1418 4695 nolite
1452 4643 1644 4696 timere.
1686 4644 1794 4698 Cur
1838 4660 1968 4713 ergo

391 4735 669 4806 apparuit?
698 4733 770 4790 Ut
797 4735 1104 4789 05tenderet
1144 4750 1203 4788 se
1235 4735 1564 4802 tempestatis
1601 4735 1848 4790 sedandae
1875 4752 1968 4789 au-

391 4836 612 4880 ctorem.
635 4825 744 4878 Hoc
769 4825 1029 4894 signiﬁcat
1057 4826 1378 4895 evangelista
1402 4841 1521 4879 cum
1544 4827 1673 4881 dicit
1700 4844 1714 4881 :
1743 4828 1833 4882 2|.
1868 4827 1968 4881 Vo-

393 4918 593 4969 luerunt
619 4918 846 4981 accipere
868 4931 981 4968 eum
1010 4917 1062 4968 in
1093 4919 1295 4979 navim;
1325 4927 1370 4970 et
1415 4919 1583 4971 statim
1633 4920 1774 4972 navis
1813 4935 1969 4990 prape

391 5018 575 5060 terram
603 5008 714 5078 fuit.
742 5007 854 5062 Non
885 5008 1043 5062 modo
1067 5009 1209 5061 enim
1245 5018 1409 5062 tutam
1431 5051 1446 5072 ,
1474 5009 1570 5064 sed
1595 5011 1754 5066 etiam
1777 5028 1968 5068 secun-

391 5100 512 5152 dam
541 5100 670 5167 ipsis
693 5099 1081 5169 nawgationem
1117 5099 1358 5168 praebuit.
1402 5100 1594 5156 Turba:
1634 5114 1808 5160 autem
1858 5122 1965 5161 non

391 5205 450 5244 se
487 5190 844 5244 ambulantem
895 5206 1056 5259 super
1097 5205 1243 5244 mare
1293 5193 1725 5260 conspiciendum
1770 5196 1963 5250 dedit:

393 5296 515 5334 nam
545 5281 717 5349 majus
755 5281 962 5348 signum
1012 5292 1156 5344 erat,
1205 5297 1362 5350 quam
1404 5298 1587 5336 eorum
1629 5286 1968 5344 imbecillitas

391 5369 576 5426 l‘crret.
605 5369 710 5426 Sed
732 5387 905 5440 neque
927 5371 1202 5442 discipulis
1227 5388 1286 5427 se
1312 5373 1383 5427 ita
1410 5374 1497 5428 diu
1521 5374 1803 5431 videndum
1833 5395 1967 5448 prae-

393 5464 551 5548 buit.:
581 5464 674 5518 sed
720 5464 879 5517 siuml
919 5472 973 5517 et
1019 5465 1165 5517 visus
1207 5475 1326 5530 est,
1369 5474 1424 5520 et
1467 5468 1709 5522 recessit.
1744 5468 1964 5525 Videtur

392 5569 554 5622 porro
576 5554 704 5608 mibi
731 5554 874 5608 aliud
901 5554 968 5608 ab
989 5569 1054 5609 eo
1078 5556 1286 5625 signum
1316 5571 1435 5612 esse
1459 5599 1473 5621 ,
1505 5559 1643 5628 quod
1667 5561 1805 5630 apud
1836 5562 1967 5618 Mat-

395 5647 589 5699 tbaeum
619 5655 868 5700 narratur
895 5661 910 5710 ;
936 5646 1043 5699 imo
1067 5647 1230 5701 multa
1257 5649 1483 5717 probant
1523 5651 1791 5707 diversum
1823 5670 1963 5712 esse.

392 5738 655 5792 ueterum
681 5752 824 5808 saepe
845 5735 1032 5793 eadem
1059 5739 1207 5808 signa
1237 5738 1360 5794 lacit
1384 5781 1398 5806 ,
1429 5750 1488 5796 ut
1514 5757 1581 5798 ne
1628 5744 1846 5801 insolita
1884 5748 1965 5804 vi-

2079 702 2334 758 derentur
2363 709 2748 774 spectantibus.
2778 710 2870 766 sed
2905 713 2990 766 illa
3018 728 3140 768 cum
3167 714 3267 769 [ide
3314 730 3501 785 magna
3538 731 3662 772 sus-

2076 795 2335 863 ciperent.
2364 795 2476 867 Ego
2497 817 2628 865 sum,
2657 803 2810 855 nolite
2837 805 3029 858 timere.
3078 807 3252 861 Verbo
3297 809 3542 864 timorem
3588 825 3657 864 ex

2075 899 2262 939 eorum
2291 889 2470 942 animo
2509 892 2657 959 pellit
2689 910 2701 945 :
2731 909 2836 946 non
2875 895 2945 948 ita
2975 897 3129 960 alibi,
3171 913 3293 951 cum
3331 898 3520 954 Petrus
3571 899 3657 952 di-

2077 976 2231 1030 cebat
2255 994 2269 1031 :
2304 977 2536 1045 Domine,
2565 984 2609 1035 si
2637 994 2689 1035 tu
2717 1002 2787 1044 es,
2809 985 2936 1055 jube
2975 1004 3050 1039 me
3076 991 3239 1041 uenire
3263 991 3331 1041 ad
3357 1000 3403 1042 tc
3427 989 3652 1060 (Matth.

2077 1069 2163 1122 14.
2188 1070 2256 1124 28
2280 1072 2318 1138 ).
2350 1069 2456 1125 Cur
2483 1089 2610 1144 ergo
2640 1085 2761 1130 tituc
2794 1061 2896 1130 non
2925 1081 3102 1132 statim
3147 1079 3250 1134 hoc
3288 1091 3614 1150 acceperunt
3636 1121 3652 1145 ,

2074 1178 2218 1216 nunc
2245 1175 2421 1218 autem
2451 1167 2829 1222 crediderunt?
2877 1171 3136 1237 Quoniam
3189 1182 3315 1227 tunc
3363 1183 3655 1243 tempestas

2075 1259 2453 1325 perseverabat
2489 1262 2826 1332 agitabatque
2863 1280 3096 1328 navem;
3147 1280 3289 1319 nunc
3325 1275 3506 1320 autem
3549 1281 3652 1321 vox

2076 1351 2504 1420 tranquillitatem
2531 1356 2757 1423 peperit.
2781 1356 2832 1410 Si
2865 1371 2950 1411 res
2997 1373 3102 1411 non
3144 1359 3210 1412 ita
3253 1360 3358 1424 sit,
3406 1360 3457 1414 id
3504 1371 3654 1416 certe

2074 1443 2177 1496 erit
2198 1445 2336 1511 quod
2368 1459 2525 1514 supra
2554 1447 2662 1500 dixi
2687 1489 2701 1513 ,
2739 1449 2883 1502 illum
2911 1465 3052 1518 smpe
3077 1451 3260 1506 eadem
3292 1452 3451 1508 edere
3480 1454 3650 1523 signa,

2076 1541 2134 1585 ut
2164 1548 2226 1586 ex
2258 1535 2522 1602 prioribus
2550 1538 2778 1592 secunda
2805 1539 3143 1594 credibiliora
3171 1541 3295 1596 sint.
3333 1543 3440 1596 Cur
3471 1555 3650 1597 autem

2071 1641 2175 1678 non
2195 1627 2434 1682 ascendit
2453 1629 2505 1681 in
2537 1632 2764 1684 navem?
2795 1631 2860 1685 Ut
2882 1632 3088 1701 signum
3116 1632 3286 1701 majus
3312 1646 3648 1703 operaretur,

2070 1718 2335 1786 siumlque
2356 1719 2684 1776 divinitatem
2714 1738 2862 1776 suam
2889 1725 3087 1780 clarius
3116 1727 3457 1790 ostenderet,
3489 1738 3648 1798 atque

2071 1807 2464 1864 detnonstrarct
2483 1854 2497 1876 ,
2528 1828 2586 1866 se
2614 1829 2731 1867 cum
2760 1815 2954 1883 gratias
2985 1819 3120 1887 egit,
3151 1835 3254 1872 non
3283 1820 3422 1888 quod
3452 1821 3652 1875 auxilio

2069 1912 2253 1969 egeret
2275 1901 2323 1955 id
2353 1902 2564 1969 fecisse,
2593 1905 2686 1960 sed
2717 1916 2770 1961 ut
2797 1922 2857 1962 se
2885 1909 2989 1964 illis
3015 1919 3396 1981 attemperanet
3447 1914 3651 1969 Permi-
3685 1949 3688 1952 -

2069 1993 2244 2059 sitque
2276 2005 2641 2063 tempestatem
2669 2002 2925 2066 excitari,
2971 2012 3028 2056 ut
3073 2018 3132 2058 se
3180 2019 3394 2074 semper
3442 2023 3651 2076 quaere-

2070 2095 2224 2150 rent;
2257 2088 2542 2158 statimque
2566 2091 2769 2145 sedavit
2795 2135 2809 2158 ,
2845 2102 2904 2147 ut
2941 2096 3174 2164 potentia
3215 2113 3309 2153 sua
3359 2113 3649 2170 cognosce-

2068 2185 2253 2238 retur;
2289 2195 2392 2231 non
2423 2181 2662 2234 ascendit
2689 2192 2865 2237 autem
2892 2184 2942 2236 in
2973 2186 3148 2239 navim
3175 2229 3190 2252 ,
3225 2197 3282 2240 ut
3324 2190 3497 2258 majus
3545 2191 3648 2244 Illi-

2069 2270 2301 2322 raculnm
2316 2269 2536 2327 faceret.
2568 2273 2657 2328 22.
2683 2274 2856 2329 Altera
2880 2287 3050 2331 autem
3073 2279 3155 2333 die
3175 2281 3322 2334 turba
3343 2299 3456 2352 quae
3480 2287 3652 2338 stabnt

2065 2359 2165 2424 ibi,
2195 2361 2363 2413 uidens
2383 2365 2500 2431 quia
2523 2365 2754 2418 navicula
2775 2367 2878 2420 alia
2903 2386 3002 2422 non
3023 2381 3129 2424 erat
3158 2371 3257 2436 ibi,
3291 2373 3384 2427 nisi
3417 2391 3552 2441 una,
3591 2377 3654 2430 in

2065 2466 2215 2518 quam
2239 2455 2564 2508 ascenderant
2587 2456 2817 2526 discipuli
2842 2461 2951 2529 ejus
2969 2501 2983 2525 ,
3014 2471 3060 2514 et
3083 2463 3206 2531 quia
3230 2462 3382 2517 Jesus
3425 2483 3526 2520 non
3565 2469 3659 2520 in-

2067 2544 2264 2596 troisset
2293 2561 2406 2598 cum
2429 2547 2691 2616 discipulis
2720 2551 2824 2604 suis
2859 2552 2910 2603 in
2940 2553 3106 2606 navim
3139 2570 3158 2607 :
3193 2557 3548 2612 ascenderunt
3593 2567 3642 2612 cI

2067 2635 2163 2702 ipsi
2187 2636 2238 2689 in
2267 2637 2400 2690 alias
2429 2640 2697 2694 naviculas
2745 2658 2864 2711 qua:
2913 2656 3168 2700 venerant
3216 2663 3280 2702 ex
3334 2649 3640 2706 Tiberiade.

2065 2722 2174 2780 Cur
2213 2727 2329 2783 haec
2355 2731 2653 2787 minutatim
2681 2733 2913 2790 Joannes
2935 2749 3212 2804 recenset;
3255 2742 3362 2795 imo
3401 2757 3497 2796 eur
3535 2760 3653 2798 non

2065 2818 2234 2887 dixit,
2268 2821 2432 2876 altera
2463 2823 2548 2878 die
2583 2827 2762 2881 turbas
2792 2831 3194 2887 transfretantes
3217 2835 3455 2890 abiisse?
3486 2836 3644 2892 Aliud

2065 2912 2333 2980 quidpiam
2368 2930 2464 2968 nos
2495 2916 2609 2970 vult
2637 2917 2849 2974 docere.
2874 2921 3010 2987 Quid
3040 2923 3212 2978 illud?
3241 2926 3509 2983 Christum
3545 2930 3652 2983 etsi-

2066 3017 2170 3056 non
2197 3003 2391 3071 palam.
2425 3007 2727 3062 clanculum
2754 3019 2928 3077 tamen
2961 3015 3131 3070 turbis
3173 3017 3223 3070 id
3268 3020 3646 3088 suspicandum

2066 3095 2347 3166 reliquisse
2380 3117 2392 3150 :
2425 3115 2544 3153 nam
2572 3102 2646 3154 ait
2675 3118 2688 3156 :
2731 3102 2862 3157 Vidit
2893 3107 3073 3172 turba,
3100 3111 3220 3176 quia
3265 3114 3500 3167 navicula
3542 3115 3647 3168 alia

2065 3203 2165 3240 non
2195 3199 2299 3241 erat
2327 3189 2392 3241 ibi
2417 3231 2432 3255 ,
2458 3192 2553 3245 nisi
2585 3209 2724 3257 una;
2751 3204 2805 3248 et
2833 3197 2971 3266 quod
3000 3197 3155 3254 Jesus
3183 3217 3288 3256 non
3317 3205 3647 3260 ascendisset

2064 3293 2184 3333 cum
2232 3281 2334 3335 illis
2361 3323 2374 3344 ,
2416 3293 2468 3336 et
2493 3287 2800 3340 conscensis
2828 3290 3083 3344 naviculis
3109 3307 3175 3345 ex
3216 3293 3514 3362 Tiberiade,
3545 3297 3640 3351 24.

2073 3368 2326 3424 Venerunt
2380 3372 2697 3443 Capernaum
2746 3392 3020 3448 querentes
3061 3381 3260 3442 Iesum.
3319 3387 3453 3454 Quid
3501 3391 3643 3444 enim

2065 3461 2210 3516 aliud
2239 3465 2612 3533 suspicandum
2645 3470 3046 3538 relinquebatur
3066 3517 3079 3539 ,
3108 3492 3266 3546 quam
3311 3481 3452 3548 quod
3499 3498 3647 3540 mare

2068 3552 2291 3620 pedibus
2319 3556 2631 3623 trajiciendo
2661 3561 2936 3615 venisset?
2979 3563 3093 3618 Non
3122 3567 3262 3619 enim
3295 3568 3398 3623 dici
3439 3581 3654 3641 poterat

2068 3645 2238 3712 ipsum
2295 3647 2344 3699 in
2393 3647 2494 3700 alia
2539 3650 2657 3702 navi
2709 3651 2979 3719 trajc-cisse
3013 3672 3025 3707 :
3057 3671 3176 3708 nam
3227 3657 3381 3724 Una,
3433 3662 3651 3733 inquit,

2066 3747 2183 3790 erat
2231 3739 2283 3792 in
2325 3755 2482 3807 quam
2537 3741 2760 3811 ingressi
2805 3756 2930 3798 sunt
2959 3746 3360 3820 discipuliejus.
3394 3755 3644 3812 Attamen

2067 3839 2187 3897 post
2209 3839 2409 3885 tantum
2440 3834 2750 3887 miraculum
2785 3852 2890 3890 non
2920 3837 3317 3911 interrogaru-nt
3345 3859 3468 3900 eum
3507 3863 3645 3917 quo-

2069 3921 2227 3977 modo
2257 3925 2594 3992 trajecisset,
2626 3942 2725 3982 nec
2777 3927 2845 3983 de
2893 3938 3042 3986 tanto
3086 3935 3349 3992 miraculo
3397 3940 3652 4010 inquisie-

2067 4023 2193 4066 runt
2222 4027 2236 4066 :
2269 4015 2360 4067 sed
2393 4016 2514 4096 quid
2547 4017 2774 4073 dicunt?
2797 4019 2888 4076 25.
2933 4023 3097 4078 Rabbi
3115 4066 3130 4091 ,
3161 4029 3365 4093 quando
3408 4031 3507 4083 huc
3549 4047 3650 4087 ue-

2069 4105 2186 4157 nisti
2209 4106 2236 4159 .9
2263 4105 2372 4160 Nisi
2399 4109 2515 4176 quis
2543 4111 2769 4168 fortasse
2794 4113 2936 4169 dicat
2979 4117 3065 4173 hic
3113 4118 3330 4186 Quaudo
3378 4124 3504 4191 poni
3551 4141 3655 4194 pro

2067 4199 2355 4267 quomodo.

2138 4292 2192 4346 2.
2222 4291 2408 4362 Operze
2437 4297 2663 4365 pretium
2687 4309 2863 4354 autem
2892 4314 2976 4356 est
2995 4303 3084 4358 hic
3116 4308 3461 4376 perpendere
3493 4313 3647 4366 volu-

2069 4382 2228 4436 bilem
2261 4384 2471 4438 illorum
2506 4387 2849 4444 voluntatem.
2901 4393 3032 4448 Nam
3074 4397 3161 4466 qui
3209 4397 3496 4468 dixerant,
3546 4401 3663 4458 Hie

2069 4485 2138 4525 est
2162 4475 2404 4543 propheta
2429 4493 2447 4540 ;
2473 4478 2562 4546 qui
2593 4479 2908 4536 studuerant
2936 4485 3092 4538 illum
3129 4502 3319 4554 rapere
3366 4501 3419 4546 et
3466 4509 3660 4563 regem»

2069 4582 2220 4618 suum
2248 4568 2575 4624 constituere
2600 4613 2616 4637 ,
2645 4581 2926 4641 postquam
2959 4577 3102 4630 illum
3132 4579 3485 4651 invenerunt,
3516 4587 3660 4641 niltil’

2073 4656 2375 4724 hujusmodi
2402 4662 2639 4730 cogitant
2661 4704 2675 4725 ,
2704 4664 2799 4718 sed
2824 4665 3026 4736 abjecta
3073 4671 3313 4726 miraculi
3353 4679 3610 4730 memoria
3637 4716 3649 4737 ,

2070 4759 2127 4800 ιιι
2173 4758 2340 4818 puto,
2401 4769 2506 4806 non
2552 4754 2703 4808 illum
2757 4757 2824 4809 ita
2869 4758 3094 4813 ulterius
3123 4763 3402 4819 mirantur.
3436 4767 3500 4821 Et
3529 4768 3662 4824 ideo:

2072 4837 2312 4895 fortassis
2360 4842 2508 4897 illum
2557 4847 2972 4914 perquirebant,
3025 4861 3082 4904 ut
3127 4852 3250 4908 cibo
3301 4854 3659 4926 fruerentur,

2071 4929 2208 4984 sicut
2245 4942 2421 4987 antea.
2453 4933 2596 4989 Mare
2620 4935 2858 4992 Rubrum
2888 4940 3208 5007 traiecerunt
3233 4985 3246 5007 ,
3272 4944 3614 5018 Moyse-duce
3632 4994 3661 5018 ,,

2071 5019 2279 5087 Judazi;
2311 5022 2412 5078 sed
2432 5041 2620 5095 magna
2651 5029 2737 5081 bic
2779 5039 2894 5082 erat
2920 5030 3248 5089 dilicrentia.
3291 5036 3381 5092 Ille
3421 5055 3660 5112 namque

2073 5129 2296 5180 precans
2346 5125 2402 5168 ut
2449 5133 2634 5172 servus
2689 5121 2874 5175 omnia.
2919 5121 3179 5191 faciebat;
3230 5127 3316 5184 hic
3361 5147 3489 5188 vero
3531 5151 3662 5190 cum

2072 5206 2216 5257 omni
2249 5215 2535 5274 potestate.
2570 5207 2683 5263 lllic
2710 5209 2871 5266 ﬂaiite
2897 5225 3024 5267 noto
3045 5219 3209 5273 cessit
3253 5235 3392 5289 aqua
3413 5264 3426 5286 ,
3479 5224 3548 5278 ita
3599 5235 3664 5280 ut

2073 5290 2168 5364 per
2197 5297 2395 5351 siccum
2429 5301 2653 5354 transire
2679 5303 2978 5370 potuerint;
3010 5306 3096 5362 hic
3127 5320 3302 5365 autem
3343 5314 3515 5382 majus
3558 5315 3664 5376 fuit;

2073 5389 2412 5443 miraculum.
2445 5393 2590 5459 Aqua
2621 5393 2763 5446 enim
2788 5395 2838 5448 in
2882 5411 2976 5450 sua
3026 5416 3248 5455 manens
3296 5413 3481 5459 natura
3509 5447 3524 5471 ,
3579 5411 3669 5465 sie—

2074 5478 2355 5534 Dominum
2387 5480 2547 5536 dorso
2571 5497 2669 5538 suo
2714 5488 2978 5555 gestavit,
3029 5491 3227 5544 dictum
3283 5492 3405 5548 illud
3451 5501 3669 5554 conlir--

2072 5586 2225 5626 matis
2248 5572 2557 5628 :Ambulans
2583 5592 2741 5644 supra
2765 5595 2904 5633 mare
2926 5590 3178 5647 tamquam
3205 5600 3360 5653 supra
3389 5590 3653 5656 pavimen-

2072 5671 2178 5716 tum
2208 5663 2344 5735 (Job
2371 5664 2423 5718 9.
2467 5665 2560 5736 8.)
2589 5666 2716 5722 Jure
2744 5678 2926 5724 autem
2977 5673 3026 5724 i
3070 5673 3404 5744 Capernaum
3451 5679 3673 5752 ingres‘.

2072 5767 2230 5810 surus
2255 5795 2270 5817 ,
2295 5755 2485 5811 duram
2507 5769 2563 5814 et
2581 5757 2978 5833 immorigcram
3006 5759 3305 5837 civitatem,
3334 5771 3669 5832 miraculum.
