4100 6364
424 354 528 410 217

428 487 625 540 j-anutu
650 469 817 525 edidit
841 485 857 535 ;
887 476 945 521 ut
972 482 1077 521 non
1106 463 1267 519 modo
1294 478 1360 517 ex
1388 460 1657 516 miraculis
1683 473 1803 528 qum
1835 458 1885 510 in
1930 456 2010 511 ci-

426 559 591 616 vitate
614 603 631 629 ,
662 561 755 616 sed
784 560 944 615 etiam
974 574 1041 612 ex
1073 557 1134 611 iis
1163 570 1283 625 quae
1305 564 1459 609 extra
1480 553 1747 607 civitatem
1776 550 2005 613 fecerat,

429 657 545 724 ejus
572 655 765 709 civium
809 650 1209 719 lmmorigerum
1258 649 1494 701 animum
1544 644 1828 716 emolliret.
1879 640 2008 694 Nam

429 747 570 815 quod
603 754 761 799 tanta:
798 744 961 797 turbae
986 743 1038 795 in
1068 741 1336 795 civitatem
1356 738 1498 791 illam
1518 736 2008 790 adventarentcum

430 848 576 891 tanto
601 838 845 901 fervore,
877 850 1035 905 quem
1082 833 1309 903 lapidem
1355 847 1460 885 non
1510 828 1900 883 emollivisset?
1946 829 2010 880 At

429 931 502 984 illi
533 930 663 982 nihil
691 926 989 997 hujusmodi
1031 925 1171 994 passi
1220 933 1383 986 sunt;
1436 921 1528 975 sed
1579 921 1754 975 cibum
1805 920 2009 974 solum-

428 1020 589 1074 modo
615 1033 929 1086 corporeum
958 1017 1271 1085 cupiebant;
1304 1014 1527 1081 ideoque
1565 1027 1592 1064 a
1642 1011 1766 1065 Jesu
1816 1025 2005 1077 repre-

428 1111 751 1166 henduntur.
771 1110 896 1163 Haec
916 1124 1034 1161 cum
1058 1108 1307 1168 sciamus,
1339 1105 1537 1167 dilecti,
1570 1104 1766 1171 gratias
1793 1114 2010 1170 agamus

430 1202 541 1254 Deo
564 1242 577 1264 ,
630 1216 735 1253 non
786 1198 945 1252 modo
982 1212 1078 1267 pro
1117 1196 1491 1255 sensibilibus,
1525 1193 1617 1247 sed
1651 1193 1816 1244 multo
1845 1191 2011 1259 magis

432 1306 528 1361 pro
579 1290 941 1359 spiritualibus
987 1288 1161 1342 donis.
1211 1287 1298 1340 Sic
1350 1300 1490 1337 emm
1542 1291 1599 1337 et
1653 1282 1740 1335 ille
1785 1282 2012 1341 Vult,et

429 1391 649 1451 propter
678 1380 791 1433 haec
822 1380 905 1432 illa
942 1394 1150 1447 quoque
1180 1378 1304 1437 dat,
1332 1374 1774 1438 sensibililntsquc
1818 1373 2009 1439 imper-

431 1474 680 1525 fectiores
701 1472 861 1524 allicit
889 1485 941 1534 et
972 1480 1289 1538 pra-monet,
1326 1476 1505 1535 utpote
1528 1466 1615 1535 qui
1648 1464 1805 1531 hujus
1829 1463 2007 1515 nnmdi

427 1566 587 1618 rebus
612 1562 781 1616 adhuc
811 1563 1033 1616 inhient.
1060 1560 1254 1614 Verum
1280 1561 1321 1613 si
1348 1560 1428 1611 his
1454 1557 1705 1625 acceptis,
1741 1557 1791 1608 in
1820 1554 2008 1609 iisdem

430 1664 807 1724 perseverent,
859 1652 1321 1723 reprehenduntur
1364 1659 1417 1703 et
1458 1651 1823 1716 increpantur.
1874 1645 2007 1700 Nam

430 1749 717 1818 paralytico
749 1747 871 1801 illud
905 1747 1128 1814 primum
1161 1746 1290 1798 dare
1333 1745 1531 1805 voluit;
1584 1740 1677 1795 sed
1726 1742 1813 1809 qui
1868 1754 2006 1808 prie-

425 1851 605 1893 sentes
631 1849 802 1903 erant,
836 1839 884 1891 id
910 1854 1014 1891 non
1049 1838 1397 1906 patiebantur.
1426 1833 1559 1887 Cum
1591 1833 1733 1887 enim
1763 1831 2004 1897 dixisset,

396 1930 753 1985 Jlemittuntm
814 1930 901 1983 tibi
946 1940 1182 1998 peccata,
1235 1928 1525 1981 dicebant:
1560 1924 1659 1977 llic
1695 1924 2008 1992 blasphemat

424 2025 651 2093 (Matth.
681 2026 736 2081 9.
764 2024 816 2077 2.
852 2026 886 2078 5
906 2023 948 2085 ).

500 2120 745 2185 Quaenam
773 2135 803 2170 a
835 2117 939 2171 Deo
970 2117 1181 2185 petenda
1210 2118 1324 2169 sint.
1344 2144 1417 2154 -—
1445 2113 1552 2177 Ne,
1586 2128 1767 2182 qnmso
1788 2154 1801 2173 ,
1835 2114 2007 2167 simile

426 2212 697 2280 quidpiam
751 2212 1050 2279 patiamur;
1102 2207 1453 2276 spiritualium
1506 2206 1658 2259 nobis
1715 2206 1889 2274 potior
1938 2206 2008 2258 sit

426 2306 584 2359 ratio.
611 2303 825 2369 Quare?
854 2302 983 2369 Quia
1014 2302 1056 2354 si
1088 2300 1380 2368 spiritualia
1410 2299 1619 2364 adsint,
1652 2297 1781 2350 nihil
1825 2298 2002 2350 damni

426 2417 490 2453 ex
518 2399 871 2467 corporalium
899 2384 1507 2465 privatione'sequetur;
1538 2393 1580 2445 si
1633 2392 1836 2454 absint,
1886 2405 2005 2458 quae

429 2490 585 2545 nobis
612 2490 714 2543 erit
743 2503 865 2556 spes
885 2488 910 2539 ?
937 2502 1054 2554 quae
1081 2484 1415 2538 consolatio?
1444 2483 1780 2550 Quapropter
1807 2496 1902 2549 pro
1927 2482 2006 2535 his

427 2597 641 2648 semper
668 2581 828 2634 Demn
858 2593 1043 2648 rogare
1068 2585 1313 2645 Oportet,
1337 2585 1390 2628 et
1415 2574 1526 2627 lucc
1552 2574 1838 2644 postulare.
1885 2573 2007 2627 l|:cc

428 2674 653 2745 petenda
686 2688 805 2726 esse
830 2673 1071 2726 Christus
1092 2669 1291 2723 docuit.
1332 2668 1397 2722 Et
1439 2669 1481 2720 si
1522 2669 1665 2720 illam
1707 2667 2003 2720 orationem

427 2767 788 2827 excutiamus,
842 2764 973 2816 nihil
1017 2764 1067 2815 in
1109 2762 1193 2815 illa
1237 2761 1452 2814 carnale
1498 2762 1862 2829 reperiemus,
1910 2759 2003 2811 sed

427 2859 603 2911 omnia
635 2856 948 2926 spiritualia.
979 2855 1109 2908 Illud
1145 2869 1301 2922 porro
1330 2852 1593 2905 modicum
1622 2851 1817 2904 sensile
1863 2850 2004 2919 quod

429 2950 499 3003 ibi
529 2950 758 3021 petitur,
793 2964 857 3001 ex
887 2947 1046 3001 modo
1077 2945 1352 3014 spirituale
1400 2943 1645 2998 efficitur.
1695 2942 1823 2996 Nam
1874 2942 2005 2996 nihil

428 3043 654 3110 amplius
725 3051 907 3110 petere
973 3054 1131 3109 quam
1202 3054 1389 3107 panem
1442 3036 2005 3103 supersubstantialem

429 3140 449 3206 (
481 3136 663 3190 Matth.
701 3134 753 3189 6.
788 3133 889 3203 11)
918 3174 932 3197 ,
965 3132 1065 3186 hoc
1112 3140 1195 3185 est
1217 3173 1231 3196 ,
1271 3129 1668 3199 quotidianum,
1719 3127 2006 3197 spiritualis

443 3265 3482 3292 m

1101 350 1161 407 S.
1197 346 1475 406 JUANNIS
1512 342 1988 402 CHRYSOSTOMI
2027 343 2343 399 AllClllEP.
2382 344 2917 401 CONSTANTINOP.

3591 353 3696 407 218

2118 466 2172 509 et
2212 455 2561 526 philosophici
2605 458 2767 511 animi
2822 457 3002 515 fuerit.
3052 458 3183 526 Quas
3224 476 3352 515 vero
3390 466 3694 533 [incedunt

2118 548 2395 602 considera
2430 568 2443 603 :
2478 549 2833 618 Sanctiﬁcetur
2875 567 3056 606 nomen
3110 562 3249 605 tuum
3270 570 3291 617 ;
3343 555 3574 610 adveniat
3612 575 3695 612 re-

2116 657 2271 711 gnant
2301 649 2479 707 tuum;
2508 644 2597 711 ﬁat
2626 644 2856 699 voluntas
2896 657 2984 700 tua
3007 688 3022 713 ,
3074 649 3202 702 sicut
3240 651 3295 705 in
3340 653 3463 707 calo
3487 695 3503 720 ,
3547 664 3594 708 et
3641 656 3692 710 in

2119 742 2249 783 terra
2289 728 2435 802 (Luc.
2466 735 2551 787 11.
2577 736 2629 788 5.
2661 733 2847 789 Matth.
2878 736 2931 793 6.
2960 736 3013 792 9.
3046 738 3156 810 ιο).
3193 740 3390 797 Deinde
3414 754 3688 814 postquam

2119 821 2245 874 illud
2276 824 2525 877 sensibile
2554 827 2764 893 posuit,
2796 828 2897 883 hoc
2922 832 3190 898 praeterito
3217 835 3393 887 statim
3424 838 3488 889 ad
3536 838 3693 905 spiri-

2117 916 2312 968 tualem
2342 916 2636 971 doctrinam
2667 920 2803 973 redit
2834 938 2847 973 :
2889 921 3099 978 Dimitte
3126 926 3265 979 nobis
3294 927 3460 981 debita
3484 940 3655 983 nostra
3674 973 3688 993 ,

2115 1008 2243 1058 sicut
2272 1018 2315 1059 et
2346 1025 2436 1061 nos
2466 1010 2762 1066 dimittimus
2787 1013 3089 1071 debitoribus
3126 1020 3310 1072 nostris
3362 1020 3589 1092 (Matth.
3634 1024 3687 1077 ϐ.

2117 1099 2187 1152 12
2208 1100 2248 1163 ).
2279 1100 2392 1152 Non
2422 1102 2771 1171 principatum
2799 1148 2812 1170 ,
2844 1123 2947 1159 non
2978 1108 3189 1165 divitias
3212 1152 3228 1177 ,
3274 1129 3377 1166 non
3425 1114 3646 1183 gloriam
3667 1156 3682 1181 ,

2117 1202 2221 1242 non
2253 1193 2542 1257 potentiam
2568 1235 2583 1257 ,
2617 1195 2710 1248 sed
2744 1198 2918 1252 omnia
2950 1214 3068 1269 qtae
3096 1201 3160 1254 ad
3190 1203 3468 1258 utilitatem
3501 1208 3690 1262 animae

2116 1281 2496 1347 conferebant,
2531 1285 2580 1337 in
2609 1289 2849 1340 oratione
2880 1291 3055 1357 posuit
3084 1309 3097 1345 :
3127 1292 3255 1346 nihil
3279 1304 3571 1362 terrenum,
3595 1298 3689 1353 sed

2115 1374 2292 1427 omnia
2324 1376 2575 1430 cmlestia.
2605 1378 2657 1433 Si
2684 1395 2813 1447 ergo
2833 1381 3082 1449 jubemur
3106 1385 3373 1443 abstinere
3400 1405 3425 1442 a
3460 1406 3691 1459 prmsen-

2117 1464 2255 1519 tibns
2286 1466 2438 1535 hujus
2469 1472 2589 1523 vitae
2612 1474 2803 1538 rebus,
2834 1490 2990 1544 quam
3020 1478 3197 1532 miseri
3229 1481 3426 1535 erimus
3448 1524 3463 1546 ,
3510 1500 3551 1537 SI
3599 1485 3687 1539 illa

2114 1568 2358 1627 petamus
2379 1576 2405 1613 a
2434 1562 2561 1629 Deo,
2594 1581 2711 1632 quae
2732 1567 2774 1618 si
2804 1567 3113 1636 habeamus,
3147 1571 3236 1625 ille
3257 1574 3684 1644 jussitabjicere,

2116 1664 2172 1704 nt
2203 1669 2297 1707 nos
2325 1670 2352 1707 a
2384 1659 2525 1712 euris
2554 1662 2779 1726 eximat;
2824 1673 2877 1716 et
2914 1665 2957 1717 si
2990 1680 3108 1734 qua:
3149 1666 3235 1720 ille
3279 1677 3459 1736 petere
3493 1670 3683 1739 jussit,

2115 1747 2262 1798 nullo
2287 1749 2444 1802 modo
2473 1766 2741 1817 curemus,
2772 1758 2876 1809 imo
2897 1772 2965 1811 ne
2984 1759 3257 1827 cupiamus
3282 1760 3494 1830 quidem
3517 1762 3684 1816 ?l|lnd

2113 1848 2258 1893 certe
2284 1850 2364 1894 est
2381 1845 2646 1910 superflue
2664 1846 2826 1917 loqui.
2847 1850 3181 1921 Quapropter
3195 1853 3395 1907 orando
3418 1854 3543 1908 nihil
3566 1870 3685 1925 per-

2114 1931 2339 1985 ticimus.
2363 1935 2642 2001 Quomodo
2672 1955 2818 2007 ergo,
2851 1942 3055 2011 inquies
3080 1985 3093 2007 ,
3129 1944 3352 2013 improbi
3380 1946 3685 2001 ditescant?

2112 2024 2381 2087 quomodo
2404 2026 2565 2096 iniqui
2589 2072 2604 2093 ,
2637 2032 2887 2098 scelesti,
2926 2045 3201 2101 raptores,
3244 2046 3368 2090 sunt
3406 2038 3683 2106 opulenti?

2110 2110 2225 2165 Non
2274 2115 2380 2168 Deo
2408 2119 2677 2185 pra-bente
2702 2164 2716 2185 ,
2746 2124 2901 2176 absit.
2932 2124 2997 2178 Et
3016 2140 3111 2179 cur
3137 2127 3185 2179 id
3220 2128 3359 2182 Deus
3388 2131 3685 2198 permittit?

2112 2201 2357 2259 Permisit
2384 2218 2437 2261 et
2463 2208 2637 2275 diviti,
2676 2222 2730 2265 ut
2750 2214 2814 2267 ad
2845 2216 3011 2283 majus
3034 2217 3179 2271 illum
3211 2232 3511 2274 reservaret
3554 2238 3684 2293 snp-

2113 2295 2347 2360 plieium.
2375 2299 2509 2351 Audi
2539 2302 2662 2369 quid
2692 2302 2900 2358 dicatur
2946 2307 3017 2359 illi
3054 2325 3066 2360 :
3099 2307 3235 2375 Fili,
3278 2313 3514 2381 accepisti
3556 2314 3685 2367 bona

2113 2394 2228 2447 tua,
2258 2397 2301 2439 et
2331 2388 2559 2443 Lazarus
2595 2394 2729 2446 mala
2757 2409 2774 2446 :
2803 2413 2934 2449 nunc
2961 2410 3129 2451 autent
3159 2401 3237 2453 hic
3262 2402 3551 2456 consolatur
3574 2445 3587 2466 ,
3630 2414 3684 2457 tu

2111 2493 2225 2529 vero
2257 2482 2498 2535 cruciaris
2529 2483 2691 2553 (Luc.
2718 2486 2804 2540 16.
2831 2486 2900 2541 25
2998 2489 3071 2543 Ne
3099 2500 3273 2544 autem
3317 2502 3369 2546 et
3411 2508 3507 2546 nos
3549 2492 3685 2548 hanc

2113 2584 2296 2623 vocem
2324 2572 2633 2639 audiamus,
2666 2579 2752 2644 qui
2786 2578 2837 2630 in
2881 2578 3084 2633 deliciis
3128 2582 3317 2637 frustra
3359 2584 3586 2638 vivimus
3631 2594 3686 2639 et

2115 2671 2324 2728 peccata
2356 2665 2588 2732 peccatis
2615 2668 2860 2723 addimus
2881 2713 2896 2736 ,
2927 2687 3080 2726 veras
3105 2673 3315 2730 divitias
3336 2717 3352 2743 ,
3382 2686 3682 2731 accuratam

2113 2752 2501 2823 phil050phiam
2532 2767 2835 2825 sectemur,
2889 2772 2943 2814 ut
2994 2770 3250 2831 promissa
3297 2782 3687 2838 consequamur

2115 2844 2287 2911 bona;
2318 2864 2543 2917 quorum
2575 2850 2772 2904 utinam
2800 2866 3074 2909 consortes
3103 2857 3290 2922 simus,
3319 2860 3485 2928 gratia
3512 2869 3567 2916 et
3596 2861 3689 2917 be-

2115 2942 2370 3010 nignitate
2406 2943 2610 2998 Domini
2644 2950 2809 3000 nostri
2840 2947 2965 3003 Jesu
2996 2950 3189 3005 Christi
3218 2993 3231 3016 ,
3285 2969 3379 3022 per
3422 2970 3580 3025 quem
3632 2966 3686 3012 et

2114 3047 2233 3087 cum
2258 3049 2361 3102 quo
2389 3034 2530 3089 Patri
2557 3036 2723 3107 gloria
2754 3082 2769 3104 ,
2803 3056 3009 3111 unaque
3036 3054 3220 3099 saneto
3247 3044 3499 3114 Spiritui,
3547 3064 3685 3105 nunc

2113 3133 2169 3178 et
2196 3140 2409 3193 semper
2433 3168 2448 3193 ,
2477 3138 2531 3181 et
2557 3130 2607 3181 in
2639 3131 2829 3184 saecula
2859 3134 3195 3189 saeculorum.
3221 3141 3413 3192 Amen.

3491 3276 3687 3291 —

1787 3337 2133 3398 HOMILIA
2177 3335 2398 3397 XLIV.

432 3491 559 3544 CAP.
602 3489 656 3545 6.
700 3506 747 3542 v.
779 3488 867 3542 26.
903 3484 1182 3557 Respondit
1226 3484 1297 3536 eis
1320 3483 1490 3547 Jesus,
1531 3493 1577 3536 et
1617 3484 1741 3535 dixit
1768 3498 1785 3534 :
1812 3482 1965 3532 Amen
1991 3520 2005 3545 ,

503 3596 645 3632 amen
669 3579 779 3631 dico
800 3578 957 3640 vobis,
979 3575 1199 3647 quwritis
1220 3590 1318 3638 mc,
1343 3591 1442 3626 non
1470 3574 1590 3643 quia
1618 3572 1812 3625 vidistis
1842 3572 2007 3639 signa,

504 3674 591 3726 sed
619 3674 735 3741 quia
765 3669 1106 3723 manducastis
1150 3683 1213 3721 ea:
1249 3667 1460 3736 panibus
1480 3708 1493 3730 ,
1541 3675 1588 3717 et
1636 3664 1848 3717 saturati
1872 3664 2009 3716 estis.

503 3771 593 3823 27.
630 3766 919 3836 Operemini
960 3782 1060 3818 non
1092 3762 1257 3816 cibum
1280 3762 1363 3832 qui
1388 3762 1550 3832 perit,
1579 3762 1672 3814 sed
1694 3761 1781 3829 qui
1809 3775 2009 3829 perma-

506 3872 586 3914 net
615 3862 667 3912 in
695 3860 848 3913 vitam
876 3867 1133 3911 aeternam.

512 3955 559 4007 1.
589 3950 878 4005 Clementia
908 3957 963 4001 et
1000 3947 1193 4000 lenitas
1236 3962 1338 3999 non
1378 3946 1571 4015 ubique
1602 3945 1746 3998 utilis
1774 3952 1887 4007 est,
1916 3942 2011 3997 sed

439 4045 703 4101 interdum
736 4041 988 4110 magister
1017 4040 1223 4094 acriore
1252 4054 1385 4107 opus
1409 4039 1564 4093 habet
1586 4052 1853 4094 sermone.
1881 4037 2011 4090 Nam

437 4154 556 4191 enm
607 4137 825 4205 ignavus
877 4133 1211 4200 crassiorque
1254 4141 1333 4185 est
1374 4130 1700 4199 discipulus,
1761 4131 2013 4185 utendum

438 4228 674 4289 stimulo,
704 4226 791 4294 qui
822 4234 1018 4277 tantam
1048 4222 1304 4293 ignaviam
1352 4231 1567 4291 pungat.
1596 4222 1652 4275 ld
1682 4221 1764 4277 hic
1792 4233 1845 4275 et
1890 4223 2013 4277 alibi

440 4336 582 4388 saepe
617 4318 735 4372 fecit
780 4316 942 4370 Filius
994 4315 1107 4369 Dei.
1153 4314 1543 4368 Accedentibus
1569 4315 1709 4369 enim
1738 4315 1803 4368 ad
1831 4314 2012 4369 Jesum

442 4414 609 4466 turbis
631 4454 644 4472 ,
692 4409 1026 4462 adulantibus
1051 4450 1065 4471 ,
1102 4406 1507 4475 dicentibusque
1541 4425 1553 4461 :
1589 4408 1785 4472 Rabbi,
1816 4409 2015 4475 quando

443 4508 539 4557 huc
565 4502 781 4557 venisti?
813 4511 868 4554 ut
894 4500 1140 4554 ostendat
1178 4514 1237 4553 se
1268 4499 1501 4553 honores
1539 4510 1881 4553 contemnere
1913 4500 2011 4551 ho-

441 4599 644 4651 minum
671 4637 684 4656 ,
713 4603 767 4647 et
810 4608 994 4647 eorum
1041 4601 1242 4645 tantum
1276 4591 1502 4644 salutem
1546 4603 1787 4659 spectare
1810 4633 1824 4656 ,
1856 4607 2015 4660 aspe-

441 4690 553 4741 rius
583 4684 868 4753 reSpondet
888 4724 901 4747 ,
932 4698 1038 4735 non
1065 4691 1121 4735 ut
1146 4682 1376 4750 corrigat
1399 4680 1588 4745 modo;
1627 4681 1718 4735 sed
1751 4691 1806 4734 ut
1832 4697 2015 4734 eorum

444 4786 677 4830 mentem
699 4774 896 4829 revelet
928 4783 981 4827 et
1007 4773 1058 4827 in
1087 4773 1317 4826 medium
1343 4771 1554 4826 referat.
1583 4772 1717 4837 Quid
1747 4788 1888 4827 enim
1912 4774 2017 4827 ait?

444 4868 600 4921 Amen
623 4909 634 4927 ,
667 4882 810 4918 amen
833 4865 945 4917 dico
972 4864 1128 4925 vobis,
1162 4863 1461 4917 definientis
1487 4872 1541 4918 et
1566 4864 1876 4917 aflirmantis
1902 4879 2020 4917 Ino-

444 4974 523 5015 re.
553 4958 772 5027 qua’ritis
794 4973 871 5009 me
890 4997 901 5017 ,
932 4973 1031 5008 non
1054 4956 1172 5024 quia
1199 4955 1393 5007 vidistis
1432 4955 1597 5024 signa,
1628 4955 1714 5007 sed
1739 4956 1859 5025 quia
1886 4972 2022 5008 com-

445 5050 617 5101 edistis
660 5050 721 5099 de
760 5048 1006 5116 panibus,
1049 5056 1095 5099 et
1145 5048 1355 5099 saturati
1399 5047 1535 5099 estis.
1585 5045 1699 5099 Non
1761 5046 1829 5099 ila
1864 5048 2024 5102 vehe-

447 5148 687 5201 menter,
720 5138 811 5191 sed
852 5153 972 5191 cum
1022 5137 1345 5205 indulgentia
1377 5137 1502 5205 agit.
1537 5137 1648 5189 Non
1679 5136 1821 5191 enim
1847 5137 1981 5191 dixit
2008 5154 2020 5190 :

447 5233 491 5284 υ
522 5231 767 5283 lnrcones
792 5269 805 5290 ,
839 5244 871 5280 ο
901 5228 1156 5281 voraces!
1200 5237 1276 5281 tot
1319 5226 1569 5281 miracula
1599 5228 1776 5290 edidi,
1810 5242 1907 5282 nec
1936 5243 2024 5307 sej

448 5325 595 5393 qunti
628 5340 713 5376 me
738 5364 753 5385 ,
787 5336 885 5376 nec
924 5321 1159 5389 prodigia
1185 5321 1430 5375 admirati
1475 5321 1633 5385 estis;
1663 5321 1753 5375 sed
1782 5322 2027 5375 modera-

453 5417 555 5467 tins
583 5423 637 5467 et
679 5413 1026 5475 clementius,
1084 5412 1319 5477 Quwritis
1368 5429 1483 5478 me,
1530 5430 1629 5466 non
1667 5414 1786 5482 quia
1834 5414 2026 5467 vidistis

451 5507 620 5574 signa,
647 5505 733 5557 sed
758 5504 877 5573 quia
905 5502 1189 5555 comedistis
1213 5503 1275 5554 de
1303 5503 1534 5570 panibus,
1564 5512 1609 5555 et
1638 5504 1850 5556 saturati
1872 5505 1987 5557 estis
2006 5544 2021 5570 ,

454 5611 559 5647 non
589 5595 653 5648 de
684 5595 965 5662 praeteritis
991 5594 1183 5659 solum,
1209 5592 1301 5647 sed
1325 5593 1484 5647 etiam
1511 5593 1579 5647 de
1603 5595 1847 5662 prmscnti
1876 5594 2028 5663 signo

458 5685 713 5753 loquens;
743 5701 806 5740 ac
833 5686 878 5739 si
905 5685 1106 5741 diceret
1137 5704 1148 5737 :
1181 5684 1296 5740 Non
1318 5699 1412 5739 vos
1439 5685 1752 5738 miraculum
1781 5685 2026 5754 perculit,

462 5775 556 5829 sed
586 5775 707 5844 quia
731 5778 951 5831 saturati
998 5778 1126 5832 estis
1150 5818 1164 5845 ,
1192 5779 1463 5857 acceditis.
1498 5778 1648 5844 Quod
1697 5788 1873 5833 autem
1902 5777 2029 5832 illud

2118 3495 2221 3533 non
2252 3496 2346 3550 per
2372 3483 2730 3553 conjecturam
2761 3489 2982 3559 diceret,
3006 3496 3180 3551 statim
3212 3499 3288 3554 illi
3317 3502 3686 3561 ostenderunt.

2115 3572 2245 3627 Nam
2288 3575 2410 3630 ideo
2438 3595 2645 3634 rursum
2674 3595 3047 3654 accesserunt,
3093 3598 3150 3643 nt
3175 3592 3361 3647 eodem
3395 3595 3690 3654 fruerentur

2117 3664 2276 3718 bono.
2311 3668 2433 3722 Ideo
2459 3686 2686 3742 namque
2720 3673 2969 3731 dicebant
3006 3694 3019 3730 :
3054 3676 3236 3735 Patres
3274 3687 3432 3739 nostri
3466 3690 3689 3743 comede-

2116 3768 2232 3810 runt
2257 3775 2442 3813 manna
2458 3762 2512 3814 in
2539 3763 2733 3818 deserto
2764 3765 2938 3835 (Joan.
2970 3769 3022 3824 6.
3046 3769 3157 3842 51).
3193 3772 3397 3831 Rursus
3424 3780 3686 3835 carnalem

2116 3850 2290 3904 cibum
2322 3864 2594 3922 expetunt,
2628 3874 2739 3912 rem
2773 3874 2902 3915 sane
2950 3864 3114 3919 multa
3157 3869 3574 3937 reprehensione
3602 3874 3688 3928 di-

2117 3956 2294 4010 gnam.
2318 3944 2511 3999 Verum
2536 3949 2624 4002 ille
2646 3967 2748 4005 non
2777 3953 2829 4006 in
2854 3955 3270 4022 reprehensione
3291 3962 3428 4016 sistit
3446 3965 3688 4034 gradum,

2119 4033 2212 4086 sed
2243 4034 2537 4092 doctrinam
2567 4040 2748 4107 adjicit
2792 4043 2875 4098 his
2919 4046 3094 4102 verbis
3126 4062 3139 4097 :
3177 4048 3466 4119 Operemini
3493 4073 3595 4110 non
3620 4033 3693 4112 ci-

2121 4127 2235 4177 bum
2284 4128 2370 4193 qui
2420 4130 2567 4197 perit,
2594 4132 2683 4184 sed
2716 4134 2803 4201 qui
2839 4149 3094 4203 permanet
3126 4140 3179 4192 in
3222 4142 3373 4196 vitam
3416 4156 3688 4215 mternam,

2119 4234 2268 4286 quem
2291 4218 2459 4273 Filius
2484 4223 2699 4275 hominis
2721 4228 2807 4277 dat
2827 4229 2981 4281 vobis.
3012 4227 3164 4284 Hunc
3189 4234 3321 4286 enim
3348 4233 3503 4290 Pater
3524 4240 3692 4310 signa-

2121 4309 2188 4361 vit
2217 4308 2374 4363 Deus.
2419 4310 2473 4364 ld
2503 4322 2623 4376 est,
2668 4313 2745 4368 Ne
2776 4316 2933 4371 talem
2978 4319 3153 4374 cibum
3181 4363 3195 4388 ,
3241 4325 3333 4378 sed
3365 4308 3688 4396 spiritualem

2122 4401 2337 4454 curetis.
2385 4401 2578 4455 Verum
2609 4406 2727 4474 quia
2774 4410 3047 4473 nonnulli,
3079 4422 3137 4465 ut
3165 4414 3332 4469 otiose
3355 4419 3564 4484 vivant,
3594 4421 3691 4477 hoc

2122 4507 2368 4546 sermone
2386 4495 2690 4562 abutuntur,
2714 4515 2775 4553 ac
2802 4500 2845 4554 si
2874 4502 3115 4559 Christus
3136 4521 3267 4575 opus
3294 4526 3544 4567 manuum
3572 4531 3691 4570 sns-

2125 4584 2306 4638 tulerit
2332 4604 2342 4638 :
2366 4597 2665 4656 Opportune
2700 4591 2826 4659 ipsis
2864 4596 3280 4664 respondeatur;
3311 4609 3475 4656 totum
3502 4608 3692 4677 quippe

2123 4675 2586 4731 Christianismum
2624 4681 3047 4749 calumniantur,
3082 4695 3136 4741 et
3165 4688 3217 4741 id
3246 4689 3518 4760 efficiunt,
3553 4675 3692 4751 utex

2124 4766 2324 4821 desidia
2371 4770 2693 4824 traducatur.
2738 4772 2841 4827 Sed
2890 4775 3062 4844 primo
3126 4778 3318 4835 Paulus
3379 4787 3692 4841 audiendus.

2126 4857 2262 4923 Quid
2294 4860 2383 4913 ille
2432 4861 2542 4913 ait?
2588 4862 2946 4919 Recordamini
2973 4866 3183 4924 Domini
3210 4872 3438 4942 dicentis,
3492 4876 3695 4934 Bantius

2127 4960 2197 5004 est
2251 4951 2373 5005 dare
2408 4970 2558 5020 quant
2601 4957 2827 5024 accipere
2855 4958 3013 5029 (Act.
3050 4962 3138 5017 20.
3170 4965 3238 5018 55
3258 4966 3300 5035 ).
3359 4970 3518 5039 Atqui
3559 4973 3697 5027 unde

2128 5045 2219 5099 det
2245 5047 2333 5115 qui
2368 5047 2495 5099 nihil
2530 5048 2726 5103 habet?
2751 5050 3028 5117 Quomodo
3055 5071 3183 5126 ergo
3211 5058 3427 5113 Marthae
3457 5063 3585 5118 dicit
3611 5066 3700 5120 «Ιο-

2129 5153 2220 5192 sus
2245 5155 2257 5191 :
2285 5139 2520 5193 Sollicita
2549 5157 2599 5194 es
2624 5150 2670 5195 et
2693 5145 2906 5197 turbaris
2927 5161 3045 5215 ergo
3072 5148 3291 5215 plurima
3321 5166 3340 5204 :
3368 5169 3521 5221 porro
3547 5172 3699 5211 unum

2131 5241 2201 5282 est
2223 5233 2585 5295 necessarium;
2608 5232 2777 5286 Maria
2794 5237 3033 5303 optimam
3056 5248 3246 5305 partem
3266 5241 3413 5312 elegit
3435 5243 3585 5313 (Luc.
3614 5247 3698 5301 10.

2132 5322 2221 5374 41.
2253 5321 2400 5392 42)?
2428 5333 2480 5376 et
2524 5339 2741 5389 rursus,
2787 5324 2964 5380 Nolite
3007 5328 3212 5381 solliciti
3255 5347 3360 5384 esse
3399 5334 3461 5386 de
3486 5338 3701 5391 crastino

2134 5411 2153 5485 (
2182 5413 2365 5468 Matth.
2402 5414 2454 5469 6.
2483 5416 2608 5487 '54)?
2635 5416 2823 5486 Operae
2853 5419 3075 5487 pretium
3103 5420 3264 5477 fuerit
3290 5424 3354 5477 ad
3385 5425 3499 5482 haec
3527 5430 3702 5482 oninia

2132 5506 2477 5575 reSpondere,
2509 5523 2611 5561 non
2638 5509 2795 5564 modo
2824 5521 2879 5565 ut
2904 5514 3082 5583 pigros
3109 5517 3423 5584 excitemus,
3456 5521 3501 5574 si
3528 5518 3702 5577 talnen

2133 5595 2330 5660 velint;
2355 5597 2447 5651 sed
2474 5600 2631 5652 etiam
2662 5616 2728 5655 ne
2754 5600 3025 5672 Scriptura
3055 5604 3236 5660 divina
3263 5622 3444 5662 secum
3471 5627 3705 5683 pugnare

2135 5685 2396 5740 videatur.
2428 5688 2638 5742 Etenim
2667 5690 2791 5745 alibi
2816 5694 2890 5747 ait
2911 5697 3180 5763 apostolus
3206 5713 3220 5749 :
3250 5696 3512 5768 Rogamus
3537 5712 3703 5755 autem

2137 5795 2223 5834 vos
2256 5790 2310 5834 ut
2333 5785 2596 5839 abundetis
2615 5824 2631 5852 ,
2654 5794 2698 5840 et
2718 5800 2924 5856 cperam
2951 5787 3076 5845 detis
3115 5798 3168 5843 ut
3191 5790 3344 5861 quieti
3377 5791 3518 5860 sitis,
3549 5804 3599 5850 st
3622 5811 3704 5851 ue-
