4100 6364
438 315 544 370 ΞΠ

434 434 550 493 οῖας
599 430 1008 501 καὶπρότερον.
1044 428 1316 495 Διέϐησαν
1350 431 1446 499 μὲν
1488 450 1582 485 ουν
1631 435 1730 504 τὴν
1775 434 2010 506 ἐρυθρὰν

435 515 712 568 Θάλασσαν
735 515 830 567 καὶ
871 513 1136 576 Ἰουδαῖοι,
1179 515 1456 577 Μωύσέως
1499 517 1825 586 ἡγουμένου,
1875 516 2012 570 ἀλλὰ

434 598 568 650 πολύ
614 598 672 649 τὸ
727 596 888 666 μέσον
917 595 1172 648 ἐνταῦθα.
1209 597 1268 648 '0
1319 598 1415 666 μὲν
1448 599 1555 670 γὰρ
1593 599 1882 670 εὐχόμενος
1921 601 2012 652 καὶ

432 682 508 744 ὡς
566 681 749 744 δοῦλος
785 680 962 733 πάντα
996 680 1281 750 εἰργάζετο
1307 697 1320 711 ·
1370 674 1524 745 οὗτος
1567 683 1644 745 δὲ,
1699 683 1837 752 μετὰ
1865 683 2014 749 ἐξου-

436 769 557 829 σίας
594 769 832 837 ἀπάσης.
869 769 1046 820 Κάκεῖ
1085 768 1204 838 μὲν,
1242 769 1395 820 νότου
1433 771 1554 822 τότε
1595 771 1869 834 πνέοντος,
1905 768 2012 836 εἶξε

434 853 494 906 τὸ
520 853 682 922 ὕδωρ,
704 852 844 905 ὥστε
867 853 957 904 ἐπὶ
988 852 1159 922 ξηρᾶς
1181 854 1400 924 ποιῆσαι
1427 854 1713 926 παρελθεῖν
1737 871 1750 884 ·
1780 854 2013 906 ἐνταῦθα

433 937 571 990 δὲτὸ
612 937 796 1006 θαῦμα
827 938 1009 1006 μεῖζον
1051 937 1279 1004 ἐγίνετο.
1337 937 1589 991 Μένουσα
1639 939 1746 1008 γὰρ
1792 938 1883 990 ἐπὶ
1915 939 2014 1007 τῆς

435 1023 642 1085 οἰκείας
667 1024 882 1090 φύσεως
913 1024 946 1092 ἡ
987 1020 1253 1087 θάλασσα,
1276 1021 1447 1084 οὕτως
1481 1022 1642 1094 ἔφερε
1693 1023 1785 1074 τὸν
1816 1022 2015 1074 Δεσπό-

435 1120 536 1174 την
564 1105 656 1157 ἐπὶ
687 1103 795 1156 τῶν
827 1103 1036 1168 νώτων,
1065 1104 1416 1176 μαρτυροῦσα
1449 1106 1631 1175 ἐκείνῃ
1668 1107 1731 1175 τῇ
1766 1107 1921 1174 ρήσει
1944 1106 2011 1174 τῇ

435 1189 705 1260 λεγούσῃ·
773 1190 836 1242 '0
870 1187 1209 1257 περιπατῶν
1269 1189 1367 1241 ἐπὶ
1430 1187 1750 1254 θαλάσσης
1792 1189 1873 1254 ὡς
1913 1188 2012 1240 ἐπὶ

435 1271 718 1339 ἐδάφους.
756 1272 994 1335 Εἰκότως
1021 1273 1077 1324 δέ
1108 1271 1317 1340 μέλλων
1337 1273 1417 1334 εἰς
1445 1273 1820 1340 Καπερναούμ
1842 1272 2014 1339 ἐμϐα-

435 1354 548 1406 λεῖν
571 1362 670 1425 τὴν
698 1355 940 1426 σκληρὰν
972 1354 1312 1423 καὶ”ἀπειθῆ,
1363 1354 1425 1406 τὸ
1455 1357 1677 1424 σημεῖον
1702 1355 1810 1407 τῶν
1834 1356 2012 1422 ἀρτων

437 1441 764 1510 εἰργάσατο·
795 1440 857 1492 οὐ
905 1441 1068 1510 μόνον
1100 1443 1211 1503 τοῖς
1246 1440 1302 1492 ἐν
1335 1440 1470 1510 αὐτῇ
1505 1438 1828 1509 γινομένοις,
1878 1438 2012 1491 ἀλλὰ

436 1522 531 1575 καί
565 1525 675 1584 τοῖς
699 1522 800 1585 ἔξω
824 1522 924 1590 τῆς
954 1523 1160 1585 πόλεως
1187 1521 1811 1593 θαυματουργουμένοις,
1837 1523 2011 1591 μαλά-

437 1604 523 1668 ξαι
548 1604 869 1676 βουλόμενος
889 1605 996 1658 τῶν
1019 1608 1075 1659 ἐν
1100 1607 1235 1676 αὐτῇ
1294 1605 1393 1674 τὴν
1428 1605 1731 1658 ἀπείθειαν.
1795 1606 1866 1657 Τὸ
1902 1607 2011 1676 γὰρ

435 1689 624 1757 ϐχλους
670 1688 1072 1758 παραγενέσθαι
1101 1687 1389 1751 τοσούτους
1419 1691 1499 1750 εἰς
1525 1687 1674 1759 [257]
1712 1687 1811 1758 τὴν
1856 1689 2010 1741 πόλιν

436 1774 671 1843 ἐκείνην,
706 1773 906 1844 πολλὴν
937 1773 1282 1844 τεθειμένους
1334 1774 1586 1844 σπουδὴν,
1620 1772 1780 1828 ποῖον’
1814 1774 1911 1827 οὐκ
1945 1769 2011 1843 ἦν

439 1859 623 1910 ἰκανὸν
675 1856 911 1928 μαλάξαι
963 1857 1146 1922 λίθον;
1190 1857 1328 1909 Ἀλλ’
1372 1858 1472 1910 οὐκ
1521 1857 1721 1910 ἐκεῖνοι
1771 1857 2012 1910 τοιοῦτον

435 1943 585 1996 οὐδὲν
610 1942 831 2004 ἔπαθον,
870 1941 1005 1994 ἀλλά
1035 1942 1197 1994 πάλιν
1234 1941 1440 2012 τροφῆς
1480 1939 1786 2011 ἐπεθύμουν
1823 1958 2013 2012 σωμα-

436 2026 593 2095 τικῆς
613 2043 625 2055 ·
653 2027 733 2079 διὸ
760 2026 855 2078 καὶ
885 2025 1235 2089 ὀνειδίζονται
1277 2027 1429 2094 παρά
1467 2024 1560 2077 τοῦ
1595 2023 1790 2094 Ἰησοῦ.
1829 2025 2015 2078 Ταῦτα

435 2107 529 2164 οῦν
561 2111 782 2176 εἰδότες,
827 2111 1124 2179 ἀγαπητοὶ,
1177 2109 1589 2180 εὐχαριστῶμεν
1628 2109 1706 2180 τῷ
1755 2110 1897 2181 Θεῷ,
1921 2112 2016 2163 καὶ

435 2195 543 2246 τῶν
571 2193 845 2264 αἰσθητῶν
905 2195 1005 2264 μὲν
1059 2193 1265 2257 ἐνεκεν,
1323 2191 1504 2262 πολλῷ
1569 2192 1624 2245 δὲ
1674 2193 1874 2263 μᾶλλον
1906 2193 2015 2247 τῶν

437 2277 842 2348 πνευματικῶν.
870 2277 1026 2331 Οὕτω
1065 2277 1174 2348 γὰρ
1207 2278 1300 2330 καί
1324 2275 1485 2339 αὐτὸς
1519 2277 1786 2346 βούλεται,
1810 2278 1906 2331 καὶ
1927 2277 2016 2331 διὰ

433 2361 606 2414 ταῦτα
638 2363 733 2415 καὶ
765 2363 948 2414 ἐκεῖνα
979 2361 1182 2423 δίδωσι,
1211 2361 1339 2424 τούς
1388 2360 1772 2430 ἀτελεστέρους
1805 2361 2014 2428 ἐνάγων

431 2444 641 2507 τούτοις
655 2446 750 2499 καὶ
773 2443 1172 2515 προπαιδεύων,
1199 2443 1387 2514 ἐπειδὴ
1405 2443 1538 2514 πρὸς
1571 2444 1663 2496 τὸν
1699 2444 1904 2512 κόσμον
1934 2445 2014 2496 ἔτι

434 2533 746 2600 κεχήνασιν.
765 2530 902 2582 Ἀλλ’
918 2531 1046 2582 ὅταν
1059 2529 1198 2580 αὐτά
1225 2528 1500 2591 λαϐόντες,
1537 2530 1595 2580 ἐν
1618 2527 1800 2590 αὐτοῖς
1816 2529 2015 2580 ἐναπο-

437 2615 710 2682 μείνωσιν,
743 2612 1106 2680 ἐγκαλοῦνται
1136 2612 1229 2664 καὶ
1252 2610 1630 2681 ἐπιτιμῶνται.
1651 2611 1804 2664 Ἐπεὶ
1819 2612 1911 2662 καὶ
1925 2612 2016 2664 ἐπὶ

433 2699 525 2749 τοῦ
548 2696 916 2767 παραλυτικοῦ
945 2695 1160 2767 πρῶτον
1176 2697 1352 2748 ἐκεῖνο
1379 2684 1627 2747 ἐϐούλετο
1648 2693 1854 2757 δοῦναι,
1889 2693 1987 2746 ἀλλ
2003 2695 2016 2715 ’

436 2782 539 2833 οὐκ
563 2781 840 2850 ἠνείχοντο
856 2780 904 2832 οί
925 2780 1207 2850 παρόντες.
1232 2778 1487 2839 Εἰπόντος
1506 2777 1633 2848 γὰρ,
1653 2777 1734 2829 ὃτι
1771 2777 2016 2845 Ἀφέων-

432 2865 530 2917 ταί
539 2879 654 2917 σου
689 2865 749 2916 αἱ
791 2863 1066 2931 ἁμαρτίαι
1091 2900 1105 2924 ,
1150 2861 1333 2928 ἐλεγον
1357 2877 1372 2892 ·
1399 2857 1587 2926 Οὗτος
1607 2859 1981 2929 βλασφημεῖ.

504 2947 594 3016 Μὴ
610 2947 696 3017 δὴ.
717 2945 1042 3016 παρακαλῶ,
1075 2945 1315 2997 τοιοῦτον
1341 2943 1601 3013 πάθωμέν
1628 2960 1679 2995 τι
1700 2944 1878 3013 ἡμεῖς,
1901 2943 2016 2996 ἀλλ’

433 3030 655 3083 ἐκείνων
667 3031 794 3099 ἡμῖν
808 3028 905 3081 πλε
915 3029 1006 3081 ίων
1016 3028 1155 3080 ἔστω
1165 3027 1339 3096 λόγος.
1353 3025 1652 3090 Διατί;”Οτι
1665 3025 1772 3078 τῶν
1783 3042 2020 3091 πνευμα-

431 3111 599 3166 τικῶν
611 3113 911 3184 παρόντων,
934 3111 1158 3182 οὐδεμία
1179 3111 1286 3165 ἀπὸ
1299 3110 1399 3180 τῆς
1416 3109 1524 3163 τῶν
1545 3109 1820 3181 σαρκικῶν
1849 3109 2019 3162 ἀπου-

435 3197 556 3259 σίας
578 3197 785 3263 γίνεται
817 3196 1008 3266 βλάϐη·
1038 3195 1262 3248 ἐκείνων
1286 3196 1343 3248 δὲ
1377 3195 1499 3246 οὐκ·
1519 3193 1708 3259 ὄντων,
1739 3193 1822 3256 τίς
1863 3193 2016 3247 ἐσται

433 3283 563 3352 ἡμῖν
577 3281 762 3336 λοιπὸν
779 3283 932 3344 ἐλπίς
952 3298 966 3348 ;
985 3280 1066 3344 τίς
1081 3281 1138 3333 δὲ
1159 3279 1480 3350 παραμυθία
1497 3295 1511 3343 ;
1526 3278 1616 3330 Διὸ
1631 3278 1736 3348 χρὴ
1754 3277 1880 3347 περὶ
1891 3277 2015 3330 τού-

432 3381 542 3419 των
557 3367 643 3418 ἀεὶ
654 3365 744 3419 τὸν
759 3367 889 3418 Θεὸν
902 3365 1261 3436 παρακαλεῖν,
1280 3365 1374 3416 καὶ
1389 3363 1563 3416 ταῦτα
1579 3361 2013 3416 αἰτεῖν.Τοιαῦτα

432 3450 543 3520 γὰρ
559 3451 653 3502 καί.
665 3453 693 3503 6
703 3451 745 3502 Χ
756 3449 934 3520 ριστὸς
948 3450 1095 3519 ἡμᾶς
1111 3447 1235 3518 εῦχε
1243 3447 1364 3500 σθαι
1381 3447 1638 3512 ἐδίδαξεν.
1652 3447 1768 3500 Κᾶν
1782 3446 2012 3499 ἀναπτύ-

436 3534 508 3597 ξω
515 3551 611 3603 μεν
625 3533 723 3604 τὴν
741 3532 905 3604 εὐχὴν
921 3532 1155 3602 ἐκείνην,
1169 3531 1319 3583 οὐδὲν
1337 3531 1469 3600 εὐρή
1478 3547 1640 3600 σομεν
1655 3531 1712 3582 ἐν
1727 3529 1862 3602 αὐτῇ
1884 3547 2008 3600 σαρ-

1449 314 1513 369 IN
1553 314 1863 370 JOANNEM
1909 315 2140 373 IIOHIL.
2183 317 2362 374 XLIV.
2407 324 2480 382 al.
2512 323 2690 383 XLI”.

3582 319 3689 372 9.ίὸ

2110 435 2284 500 κικδν,
2305 435 2441 489 ἀλλά
2456 438 2626 492 πάντα
2655 435 3013 505 πνευματικά.
3031 434 3141 489 Καὶ
3157 434 3288 488 αὐτὸ
3310 434 3368 488 δὲ
3395 434 3455 488 τὸ
3477 436 3691 510 μικρὸνο

2109 520 2286 572 ἐκεῖνο
2320 519 2382 572 τὸ
2403 521 2680 591 αἰσθητον,
2723 519 2800 590 τῷ
2827 520 3015 590 τρόπῳ
3058 519 3344 588 γινόμενον
3390 536 3691 590 πνευματι-

2110 603 2223 654 κόν.
2275 602 2350 654 Τὸ
2400 603 2510 672 γὰρ
2557 607 2843 674 παραινεῖν
2879 603 3044 674 μηδὲν
3081 603 3246 656 πλέον
3286 601 3566 672 ἐπιζητεῖν
3593 602 3689 656 τοῦ

2110 684 2278 754 ἄρτου
2329 683 2422 736 τοῦ
2472 685 2774 749 ἐπιουσίου,
2822 687 3087 750 τουτέστι,
3140 685 3234 739 τοῦ
3295 685 3687 755 καθημερινοῦ,

2112 768 2488 838 πνευματικῆς
2523 768 2588 821 ἂν
2622 769 2706 841 εἴη
2758 770 2851 822 καί
2903 770 3191 838 φιλοσόφου
3215 769 3474 830 διανοίας.
3510 767 3591 821 Τά
3635 768 3693 820 δὲ

2112 849 2218 920 πρὸ
2275 851 2464 902 τούτου
2520 852 2652 922 ὅρα·
2727 852 3089 921 Ἁγιασθήτω
3152 856 3220 905 τὸ
3285 852 3474 920 ὄνομα
3541 865 3690 904 0'01)“

2110 931 2329 986 ἐλθέτω
2363 934 2400 1001 ή
2444 935 2735 997 ,ϐασιλεία
2780 951 2928 988 σου·
2986 936 3290 1005 γενηθήτω
3331 936 3398 988 τὸ
3465 931 3694 1002 θέλημὰ

2111 1031 2250 1081 σου,
2279 1017 2359 1081 ὡς
2389 1018 2458 1070 ἐν
2483 1019 2735 1085 οὐρανῷ,
2785 1020 2881 1073 καὶ
2916 1021 3013 1074 ἐπὶ
3050 1020 3158 1087 τῆς
3185 1019 3319 1088 γῆς.
3356 1016 3491 1073 Εἶτα
3519 1018 3693 1072 εἰπὼν

2110 1101 2172 1154 τὺ
2213 1101 2472 1172 αἰσθητὸν
2528 1103 2723 1166 ἐκεῖνο,
2765 1105 2974 1174 ταχέως
3021 1104 3312 1173 ἀπηλλάγη
3364 1103 3550 1168 αὐτοῦ,
3601 1104 3694 1157 καὶ

2112 1184 2273 1238 πάλιν
2295 1187 2386 1238 ἐπὶ
2414 1185 2509 1256 τὴν
2535 1188 2908 1258 πνευματικὴν
2956 1183 3086 1258 ἦλθε
3122 1187 3487 1250 διδασκαλίαν,
3511 1187 3695 1256 ’Ἄφες

2111 1269 2256 1336 ἡμῖν
2282 1269 2355 1324 τὰ
2391 1269 2762 1339 ὀφειλήματα
2811 1270 2995 1340 ήμῶν,
3042 1271 3234 1338 λέγων,
3265 1271 3346 1336 ὼς
3371 1271 3470 1323 καὶ
3522 1270 3694 1339 ἡμεῖς

2111 1355 2363 1422 ἀφίεμεν
2392 1353 2516 1419 τοῖς
2562 1355 2902 1424 ὀφειλέταις
2945 1355 3134 1424 ήμῶν.
3186 1353 3438 1424 Οὐδαμοῦ
3491 1354 3689 1424 ἀρχὴν,

2112 1434 2350 1503 οὐδαμοῦ
2399 1435 2650 1501 πλοῦτον,
2709 1429 2945 1508 οὐδαμοῦ
3001 1437 3182 1501 δόξαν,
3251 1434 3486 1506 οὐδαμοῦ
3543 1435 3694 1489 δυνα-

2115 1519 2319 1584 στείαν,
2347 1521 2483 1574 ἀλλά
2510 1523 2687 1576 πάντα
2717 1524 2796 1585 εἰς
2816 1522 2995 1592 ψυχῆς
3031 1521 3296 1591 ὠφέλειαν
3337 1519 3694 1573 συντελοῦντα

2113 1603 2338 1673 ἐνέθηκε
2359 1607 2425 1676 τῇ
2455 1606 2587 1676 εὐχῇ
2615 1623 2628 1637 ·
2655 1606 2807 1658 οὐδὲν
2836 1607 3042 1675 γήϊνον,
3078 1605 3214 1658 ἀλλά
3242 1604 3418 1656 πάντα
3444 1605 3688 1674 οὐράνια.

2114 1690 2176 1741 Εἰ
2204 1690 2384 1742 τοίνυν
2415 1689 2749 1760 κελευόμεθα
2776 1689 3078 1759 ἀπέχεσθαι
3128 1689 3236 1741 τῶν
3289 1687 3557 1757 βιωτικῶν
3598 1689 3693 1740 καὶ

2115 1777 2421 1845 παρόντων,
2447 1775 2565 1838 πῶς
2595 1777 2694 1828 οὐκ
2721 1775 2786 1828 ἂν
2813 1776 3005 1844 εἴημεν
3032 1773 3205 1826 ἄθλιοι
3233 1774 3329 1826 καὶ
3355 1773 3693 1842 ταλαίπωροι

2113 1859 2287 1910 ταῦτα
2319 1857 2600 1920 αἰτοῦντες
2629 1858 2781 1928 παρά
2807 1857 2966 1919 Θεοῦ,
3000 1857 3035 1910 ἃ
3067 1857 3318 1910 ἐκέλευσε
3349 1858 3442 1910 καὶ
3474 1856 3695 1926 ἔχοντας

2114 1941 2422 2006 ἐκϐάλλειν,
2465 1942 2747 2014 φροντίδος
2773 1941 3132 1996 ἀπαλλάττων
3157 1943 3325 2012 ἡμᾶς,
3362 1942 3501 2010 ὑπὲρ
3529 1935 3603 1995 ὧν
3635 1941 3694 1993 δὲ

2114 2024 2368 2090 ἐπέταξε,
2431 2024 2698 2096 μηδεμίαν
2755 2025 2999 2078 τίθεσθαι
3056 2024 3326 2091 σπουδήν·
3365 2023 3566 2094 μᾶλλον
3635 2022 3694 2075 δὲ

2119 2110 2257 2180 μήτε
2301 2109 2446 2178 ἐχειν
2504 2111 2642 2178 μήτε
2695 2107 3034 2177 ἐπιθυμεῖν;
3094 2107 3267 2160 Τοῦτο
3309 2109 3418 2178 γάρ
3461 2109 3578 2160 ἐστι
3631 2105 3694 2160 τὸ

2118 2195 2478 2266 βαττολογεῖν.
2509 2197 2607 2249 Διά
2653 2195 2810 2248 τοῦτο
2852 2196 2946 2248 καὶ
2995 2195 3273 2266 εὐχόμενοι
3305 2197 3405 2248 οὐκ
3435 2195 3691 2266 ἀνύομεν.

2117 2279 2242 2343 Πῶς
2263 2275 2356 2334 οὖν
2383 2281 2431 2332 οἰ
2459 2280 2706 2350 πονηροὶ,
2746 2279 2899 2347 φησί,
2934 2278 3222 2331 πλουτοῦσι
3246 2295 3262 2344 ;
3298 2277 3412 2341 πῶς
3437 2280 3486 2331 οἰ
3518 2277 3696 2332 ἄδικοι

2117 2365 2213 2417 καὶ
2264 2367 2472 2435 μιαροὶ,
2524 2363 2883 2434 ἁρπάζοντες,
2941 2361 3426 2426 πλεονεκτοῦντες;
3475 2362 3550 2414 Οὐ
3596 2359 3696 2414 τοῦ

2117 2446 2254 2500 Θεοῦ
2291 2448 2643 2519 παρέχοντες,
2686 2448 2886 2515 ἄπαγε.
2941 2447 3051 2499 Καὶ
3089 2445 3206 2508 πῶς
3243 2448 3270 2498 ὁ
3309 2445 3440 2508 Θεὸς
3480 2462 3696 2515 συγχω-

2119 2534 2236 2601 ρεῖ;
2295 2531 2530 2584 Ὀτικαὶ
2574 2531 2653 2601 τῷ
2713 2530 2950 2600 πλουσίῳ
2996 2529 3118 2582 τότε
3160 2527 3526 2600 συνεχώρησε,
3574 2529 3694 2599 μεί-

2118 2614 2232 2677 ζονι
2258 2614 2438 2686 τηρῶν
2465 2615 2626 2667 αὐτὸν
2650 2615 2886 2669 κολάσει.
2919 2616 3182 2667 Ἀκουσον
3212 2608 3304 2665 οῦν
3343 2613 3436 2664 καὶ
3470 2611 3523 2664 τί
3558 2628 3695 2682 φησι

2119 2697 2253 2767 πρὸς
2274 2699 2434 2751 αὐτόν
2459 2717 2471 2729 ·
2510 2700 2748 2762 Τέκνον,
2773 2697 3071 2764 ἀπέλαϐες
3102 2699 3174 2752 τὰ
3203 2696 3397 2767 ἀγαθά
3428 2712 3566 2758 σου,
3594 2696 3696 2749 καί

2119 2781 2380 2848 Λάζαρος
2409 2781 2480 2834 τὰ
2517 2781 2704 2835 κακά’
2742 2781 2839 2834 καί
2872 2781 2988 2834 νῦν
3024 2776 3202 2846 οὗτος
3241 2778 3695 2849 παρακαλεῖται,

2119 2863 2200 2916 σὺ
2227 2863 2295 2916 δὲ
2321 2863 2636 2919 ὀδυνᾶσαι.
2659 2866 2754 2917 ’Ὶν’
2784 2861 2876 2917 οῦν
2902 2863 2976 2935 μὴ
2999 2863 3092 2916 καί
3113 2865 3272 2934 ἡμεῖς
3292 2863 3500 2932 ταύτης
3525 2859 3695 2914 ἀκού-

2123 2963 2305 3017 σωμεν
2395 2945 2544 3019 [258]
2613 2950 2714 3018 τῆς
2765 2949 2971 3018 φωνῆς,
3046 2947 3360 3017 τρυφῶντες
3421 2945 3548 3015 εἰκῆ
3600 2943 3696 2998 καὶ

2125 3030 2324 3101 μάτην,
2353 3030 2448 3083 καὶ
2476 3030 2647 3084 πολλὰ
2697 3032 3021 3100 συνάγοντες
3058 3032 3269 3092 ἐαυτοῖς
3301 3030 3694 3102 ἁμαρτήματα,

2119 3114 2211 3168 τὸν
2234 3114 2406 3184 ἀληθῆ
2442 3113 2672 3168 πλοῦτον
2694 3113 2943 3184 ἑλώμεθα
2967 3114 3062 3166 καὶ
3096 3113 3194 3185 τὴν
3231 3113 3432 3185 ἀκριϐῆ
3476 3113 3695 3182 φιλοσο-

2119 3197 2269 3265 φίαν,
2295 3194 2436 3248 ὥστε
2479 3199 2662 3267 τυχεῖν
2715 3197 2823 3252 τῶν
2863 3196 3289 3268 ἐπηγγελμένων
3324 3197 3546 3266 ἀγαθῶν
3569 3213 3584 3229 ο
3616 3189 3697 3250 ὧν

2116 3282 2326 3349 γένοιτο
2353 3280 2562 3343 πάντας
2604 3283 2753 3351 ἡμᾶς
2805 3285 3115 3352 μετασχεῖν,
3171 3287 3352 3353 χάριτι
3379 3282 3473 3336 καί
3505 3282 3696 3352 φιλαν-

2118 3363 2334 3436 θρωπίᾳ
2361 3365 2454 3418 τοῦ
2488 3367 2694 3436 Κυρίου
2717 3367 2877 3436 ἡμῶν
2916 3367 3091 3438 Ἰησοῦ
3128 3367 3389 3438 Χριστοῦ,
3417 3369 3486 3422 δι’
3517 3365 3578 3424 οὗ
3599 3371 3694 3424 καὶ

2119 3447 2234 3518 μεθ’
2263 3442 2324 3501 οῦ
2351 3448 2428 3517 τῷ
2455 3449 2685 3520 Πατρίὴ
2727 3450 2874 3516 δόξα,
2905 3450 3021 3520 ἅμα
3067 3451 3146 3521 τῷ
3201 3452 3341 3522 ἁγίῳ
3390 3452 3693 3522 Πνεύματι,

2117 3531 2210 3584 νῦν
2233 3531 2328 3585 καὶ
2347 3531 2455 3593 ἀεὶ,
2491 3533 2584 3584 καὶ
2612 3533 2691 3596 εἰς
2713 3534 2838 3595 τοὺς
2855 3535 3057 3597 αἰῶνας
3078 3533 3186 3586 τῶν
3215 3534 3444 3588 αἰώνων.
3496 3537 3691 3608 Ἀμην,

480 3623 3659 3652 _.____________________________________.

1895 3671 2140 3724 ΟΜΙΛΙᾹ
2177 3672 2307 3724 MA’.

445 3769 750 3838 Ἀπεκρίθη
787 3767 992 3832 αὐτοῖς
1030 3765 1365 3838 όΑ-’Ῑησοῦᾳ
1398 3767 1494 3819 καὶ
1523 3761 1774 3838 alga?!
1808 3763 2034 3836 Ἀμὴν,

504 3833 664 3909 ἀμην
691 3833 846 3908 λέγω
873 3839 1034 3906 ὑμῖν,
1057 3835 1274 3909 ζητεῖτέ
1300 3853 1398 3909 με,
1421 3839 1535 3909 οὐχ
1574 3835 1661 3887 ὅτι
1682 3833 1871 3909 εἴδετε
1893 3850 2006 3898 ση-

498 3903 656 3978 μεῖα,
688 3903 824 3963 ἀλλ’
847 3903 937 3961 ὅτι
969 3908 1216 3975 ἐφάγετε
1331 3906 1688 3978 τῶνᾼᾶρτων,
1715 3903 1812 3978 καὶ
1837 3904 2007 3978 ἐχορ-

503 3973 779 4046 τάσθητε.
814 3973 1148 4046 Ἐργάζεσθε
1180 3975 1269 4046 μὴ
1295 3975 1409 4042 τὴν
1429 3974 1662 4046 ,βρῶσιν
1687 3974 1800 4039 τὴν
1827 3973 2010 4046 ἀπολ-

503 4043 793 4119 λυμένην,
834 4043 992 4104 ἀλλὰ
1019 4047 1134 4116 τὴν
1158 4043 1392 4115 ,ϐρῶσιν
1439 4044 1553 4113 τὴν
1583 4043 1896 4114 μένουσαν
1921 4045 2008 4108 εἰς

505 4121 655 4188 ζωὴν
682 4121 938 4174 αἰώνιον.
967 4137 986 4170 ι

504 4225 573 4272 α’.
601 4218 673 4270 Τὸ
701 4217 968 4287 προσηνὲς
1006 4214 1102 4268 καὶ
1139 4213 1278 4266 λεῖον
1301 4212 1359 4264 οὐ
1403 4209 1676 4280 πανταχοῦ
1716 4210 2003 4280 χρήσιμον,

431 4303 545 4355 ἀλλ’
580 4301 724 4353 ἐστιν
762 4301 849 4352 ὅτε
884 4299 978 4351 καί
1018 4296 1111 4350 τοῦ
1159 4293 1601 4365 πληκτικωτέρου
1636 4293 1717 4344 δεῖ
1749 4291 1825 4362 τῷ
1857 4291 2006 4344 διδα-

435 4385 636 4454 σκάλῳ.
688 4385 854 4435 Ὅταν
892 4383 1000 4453 γὰρ
1033 4379 1208 4449 νωθὴς
1307 4380 1335 4430 6
1386 4376 1631 4447 μαθητὴς
1679 4376 1771 4428 καὶ
1804 4375 2002 4445 παχὺς,

433 4470 642 4538 κέντρῳ
666 4465 900 4537 χρῆσθαι
929 4465 1063 4535 πρὸς
1095 4463 1257 4516 αὐτὸν
1289 4474 1313 4502 α
1347 4461 1531 4513 λοιπὸν
1569 4457 1694 4529 χρῆ,
1743 4456 1881 4510 ὥστε
1907 4459 2005 4526 τῆς

434 4553 630 4623 πολλῆς
683 4548 1000 4604 καθικέσθαι
1031 4547 1279 4608 νωθείας.
1326 4544 1496 4598 Τοῦτο
1535 4545 1628 4596 καὶ
1657 4544 1685 4594 6
1734 4541 1862 4604 Υἱὸς
1909 4540 2002 4593 τοῦ

433 4635 566 4689 Θεοῦ
624 4633 940 4702 πεποίηκεν,
997 4629 1228 4698 ἀλλαχοῦ
1282 4645 1337 4680 τε
1373 4625 1662 4696 πολλαχοῦ,
1695 4625 1789 4678 καὶ
1836 4625 1894 4676 ἐν
1926 4624 2004 4693 τῷ

435 4721 659 4788 παρόντι
689 4718 856 4786 τόπῳ.
899 4714 1188 4768 Ἐλθόντων
1217 4713 1322 4782 γὰρ
1354 4712 1462 4764 τῶν
1493 4711 1664 4781 ὄχλων
1691 4711 1782 4762 καὶ
1815 4709 2002 4780 εὑρόν-

362 4824 369 4829 ·
431 4822 537 4856 των
561 4804 648 4856 τὸν
699 4802 927 4870 Ἰησοῦν,
957 4799 1050 4852 καὶ
1073 4797 1476 4850 κολακευόντων
1503 4793 1683 4856 αὐτὸν,
1711 4793 1804 4846 καὶ
1823 4791 2003 4860 λεγόν-

430 4903 564 4938 των·
609 4885 828 4947 Ῥαὸϐἰ,
878 4885 1021 4935 πότε
1051 4876 1166 4934 ὦδε
1191 4879 1474 4949 τέγονας;
1517 4877 1731 4938 δεικνὺς
1774 4875 1854 4927 ὅτι
1905 4875 2002 4944 τῆς

432 4969 580 5039 παρά
607 4967 908 5038 ἀνθρώπων
931 4966 1029 5018 οὐκ
1051 4965 1259 5032 ἐφίεται
1277 4962 1464 5032 τιμῆς,
1479 4960 1593 5014 ἀλλ’
1617 4959 1672 5010 ἓν
1701 4959 1856 5028 μόνον
1878 4959 1996 5027 ὁρᾷ,

428 5056 526 5124 τὴν
550 5053 820 5122 σωτηρίαν
859 5049 1056 5114 αὐτῶν,
1094 5046 1503 5117 ἐπιπληκτικῶς
1548 5043 1728 5105 αὐτοῖς
1773 5041 2002 5112 ἀποκρί-

430 5155 609 5190 νεται·
646 5137 706 5188 οὐ
736 5134 906 5204 ταύτῃ
959 5134 1116 5204 μόνον
1161 5129 1449 5202 διορθῶσαι
1486 5128 1822 5198 βουλόμενος,
1867 5124 2003 5178 ἀλλὰ

429 5222 523 5274 καὶ
562 5219 639 5290 τῷ
659 5221 756 5290 τὴν
784 5218 1022 5273 διάνοιαν
1052 5216 1229 5269 αὐτῶν
1259 5211 1560 5280 ἐκκαλύψαι
1589 5211 1682 5264 καὶ
1723 5211 1801 5272 εἰς
1841 5211 2004 5279 μέσον

429 5307 674 5372 ἀγαγεῖν.
723 5302 788 5356 Τί
838 5302 947 5371 γάρ
974 5317 1176 5371 φησιν;
1221 5295 1418 5366 Ἀμὴν,
1450 5293 1612 5363 ἀμὴν
1641 5293 1794 5363 λέγω
1823 5291 1964 5362 ὑμῖν
1984 5307 1996 5319 ·

434 5389 569 5457 μετὰ
624 5386 903 5457 διορισμοῦ
954 5385 1046 5438 καὶ
1083 5381 1450 5453 βεϐαιώσεως·
1485 5375 1701 5444 ζητεῖτέ
1743 5393 1838 5444 με,
1887 5379 1999 5444 οὐχ

430 5472 517 5523 ὅτι
545 5471 732 5524 εἴδετε
757 5469 993 5537 σημεῖα.
1021 5467 1156 5521 ἀλλ’
1181 5467 1269 5519 ὅτι
1289 5463 1535 5533 ἐφάγετε
1559 5461 1627 5513 ἐκ
1648 5458 1766 5512 τῶν
1786 5458 1998 5526 ἀρτων,

430 5555 524 5607 καί
547 5553 962 5622 ἐχορτάσθητε.
997 5550 1227 5621 Πλήττει
1259 5549 1356 5618 μὲν
1377 5545 1454 5615 τῷ
1477 5544 1620 5613 λόγῳ
1649 5545 1743 5595 καὶ
1769 5541 1999 5611 ἐλέγχει,

430 5639 541 5691 ἀλλ’
571 5640 669 5692 οὐκ
690 5638 977 5708 ἀποτόμως
993 5636 1086 5689 καὶ
1111 5635 1331 5705 σφόδρα,
1360 5631 1495 5686 ἀλλά
1521 5627 1657 5700 μετά
1681 5626 1878 5695 πολλῆς
1902 5628 2000 5696 τῆς

430 5723 643 5791 φειδοῦς
697 5722 856 5775 τοῦτο
903 5721 1090 5774 ποιῶν.
1148 5720 1222 5772 Οὐ
1249 5720 1356 5788 γὰρ
1384 5711 1536 5768 εἶπεν
1560 5752 1574 5774 ,
1601 5708 1671 5764 Ὦ
1704 5711 1999 5782 λαίμαργοι

430 5808 523 5857 καὶ
547 5804 939 5874 γαστρίδουλοι,
968 5801 1205 5856 τοσαῦτα
1245 5797 1757 5870 ἐθαυματούργησα,
1791 5798 1880 5847 καὶ
1911 5795 2002 5846 οὐ-

428 5889 600 5957 δαμοῦ
627 5888 750 5940 οὐτε
776 5886 1197 5957 ἡκολουθήσατε,
1229 5883 1353 5936 οὔτε
1381 5880 1728 5950 ἐθαυμάσατε
1745 5878 1822 5955 .τά
1844 5894 2001 5946 γεγε-

498 5979 524 6009 ⁸
559 5979 710 6029 Savil.
746 5980 923 6042 κέντρῳ
941 5978 1176 6039 διεγείρειν
1195 5975 1356 6023 αὐτόν.

2114 3764 2321 3834 νημένα
2340 3779 2354 3792 ⁶
2388 3763 2522 3817 ἀλλά
2551 3763 2836 3834 προσηνῶς
2867 3762 3010 3817 οὕτω
3059 3780 3176 3826 πως
3207 3763 3304 3817 καὶ
3351 3765 3554 3835 ἡρέμα,
3583 3769 3694 3834 Ζη-

2113 3849 2266 3902 τεῖτέ
2282 3866 2380 3917 με,
2416 3853 2527 3918 οὐχ
2558 3849 2647 3902 ὅτι
2671 3849 2860 3902 εἴδετε
2884 3849 3102 3917 σημεῖα
3122 3890 3136 3913 ,
3163 3850 3300 3903 ἀλλ’
3329 3851 3417 3902 ὅτι
3443 3851 3695 3922 ἐφάγετε

2111 3932 2181 3984 ἐκ
2235 3930 2353 3983 τῶν
2388 3930 2598 3999 ἄρτων,
2657 3932 2754 3984 καὶ
2815 3931 3248 4001 ἐχορτάσθητε·
3297 3934 3357 3985 οὐ
3413 3935 3540 4004 περί
3580 3935 3692 3989 τῶν

2113 4014 2492 4085 παρελθόντων
2518 4015 2676 4086 μόνον
2700 4055 2714 4079 ,
2740 4015 2875 4068 άλλά
2910 4017 3003 4068 καί
3028 4017 3155 4088 περί
3179 4016 3272 4070 τοῦ
3301 4018 3567 4088 παρόντος
3593 4035 3692 4091 ση-

2116 4099 2267 4170 μείου
2298 4099 2593 4170 ἐμφαίνων.
2649 4101 2945 4170 Μονονουχὶ
2971 4101 3080 4169 γὰρ
3121 4101 3278 4153 τοῦτο
3320 4101 3486 4170 λέγει,
3518 4102 3585 4155 δι’
3614 4095 3688 4156 ὧν

2113 4183 2249 4253 πρὸς
2273 4185 2469 4246 αὐτοὺς
2500 4184 2839 4237 ἀποτείνεται
2862 4201 2877 4214 ·
2900 4185 2974 4238 Οὐ
3007 4185 3065 4236 τὸ
3087 4184 3270 4254 θαῦμα
3299 4186 3441 4255 ὑμᾶς
3469 4186 3691 4258 ἐξέπλη-

2113 4267 2168 4330 ξε
2195 4265 2224 4305 δ
2259 4269 2319 4320 τὸ
2371 4267 2464 4320 ἐττί⁹
2509 4271 2620 4332 τοῖς
2647 4269 2850 4338 ἄρτοις,
2881 4267 3016 4321 ἀλλά
3053 4267 3113 4320 τὸ
3145 4267 3542 4341 ἐμπλησθῆναι.
3579 4273 3690 4326 Καὶ⁹

2111 4351 2191 4404 ὃτι
2221 4352 2280 4403 οὐ
2313 4349 2848 4422 καταστοχαζόμενος
2874 4351 3051 4404 αὐτῶν
3072 4351 3277 4419 ἐλεγεν,
3312 4353 3512 4417 εὐθέως
3550 4354 3686 4408 ἔδειι

2111 4437 2206 4502 ξαν
2235 4438 2452 4489 ἐκεῖνοι.
2487 4438 2596 4489 Καὶ
2630 4435 2739 4505 γὰρ
2759 4435 2844 4488 διὰ
2865 4433 3024 4487 τοῦτο
3057 4435 3218 4487 πάλιν
3244 4431 3427 4506 ἦλθον,
3449 4436 3523 4499 ὼς
3555 4439 3686 4508 μέλ-

2111 4525 2290 4583 λοντες
2322 4522 2428 4573 τῶν
2459 4520 2638 4572 αὐτῶν
2667 4518 3085 4572 ἀπολαύσεσθαι.
3115 4519 3215 4571 Διά
3257 4518 3413 4572 τοῦτο
3443 4522 3539 4574 καὶ
3571 4520 3687 4574 ἐλε-

2110 4617 2238 4671 γον’
2274 4606 2338 4655 Οἱ
2367 4603 2616 4671 πατέρες
2662 4601 2830 4671 ήμῶν
2862 4603 3089 4671 ἔφαγον
3140 4603 3203 4655 τὸ
3236 4600 3438 4671 μάννα
3485 4603 3555 4655 ἐν
3608 4601 3686 4672 τῇ

2108 4686 2339 4755 ἐρήμῳ·
2383 4687 2543 4739 πάλιν
2584 4687 2676 4738 ἐπὶ
2701 4686 2904 4757 τροφὴν
2951 4686 3112 4739 αὐτὸν
3154 4685 3406 4749 ἕλκοντες
3438 4697 3460 4724 ο
3492 4703 3684 4758 σαρκι-

2109 4770 2232 4839 κὴν,
2265 4771 2400 4840 ὅπερ
2421 4766 2488 4840 ἦν
2518 4770 2768 4841 ἔγκλημα
2799 4771 2890 4822 καὶ
2924 4769 3225 4840 κατηγορία
3256 4771 3508 4840 μεγίστη.
3541 4771 3688 4823 Ἀλλ’

2107 4855 2267 4917 αὐτὸς
2293 4855 2389 4924 οὐχ
2419 4856 2630 4908 ἵσταται
2667 4854 2825 4925 μέχρι
2848 4853 2954 4906 τῶν
2986 4853 3222 4924 ἐλέγχων
3241 4893 3256 4916 ,
3305 4854 3440 4908 ἀλλὰ
3483 4854 3575 4907 καὶ
3603 4856 3683 4908 δι-

2106 4939 2399 4992 δασκαλίαν
2437 4939 2643 5002 τούτοις
2687 4937 3028 5008 προστίθησι,
3074 4937 3278 5005 λέγων·
3344 4937 3682 5007 Ἐργάζὲσθε

2103 5021 2188 5093 μὴ
2215 5022 2328 5090 τὴν
2344 5021 2578 5089 ,ϐρῶσιν
2600 5021 2714 5089 τὴν
2741 5021 3192 5090 ἀπολλυμένην,
3216 5021 3377 5076 ἀλλὰ
3397 5022 3510 5088 τὴν
3527 5021 3683 5090 ,ϐρῶ-

2107 5121 2212 5157 σιν
2232 5102 2346 5170 τὴν
2378 5105 2688 5172 μένουσαν
2725 5104 2812 5166 εἰς
2843 5100 2996 5167 ζωὴν
3041 5101 3316 5168 αἰώνιον,
3358 5101 3439 5168 ἣν
3475 5105 3507 5156 ό
3549 5104 3680 5168 Υἱὸς

2105 5187 2212 5240 τοῦ
2239 5187 2551 5254 ἀνθρώπου
2578 5185 2824 5238 δίδωσιν
2870 5185 3030 5254 ὑμῖν.
3075 5186 3294 5239 Τοῦτον
3319 5184 3468 5256 [259]
3506 5185 3619 5253 γὰρ
3646 5188 3681 5239 d

2073 5269 2310 5337 οηατὴρ
2353 5268 2720 5336 ἐσφράγισεν
2763 5271 2794 5320 ό
2826 5271 2988 5333 Θεός.
3028 5270 3092 5321 '0
3119 5269 3175 5321 δὲ
3226 5268 3392 5335 λέγει,
3439 5268 3682 5323 τοιοῦτόν

2104 5355 2222 5405 ἐστι
2246 5369 2259 5380 ·
2288 5351 2488 5422 Μηδεὶς
2527 5353 2652 5421 ὐμῖν
2682 5351 2820 5403 ἔστω
2879 5352 3032 5420 λόγος
3076 5351 3278 5419 ταύτης
3324 5351 3424 5420 τῆς
3447 5351 3676 5421 τροφῆς,

2104 5436 2217 5490 ἀλλ’
2240 5436 2451 5505 ἐκείνης
2472 5436 2570 5505 τῆς
2595 5436 2986 5506 πνευματικῆς.
3031 5435 3168 5488 Ἀλλ’
3196 5435 3378 5506 ἐπειδή
3404 5453 3548 5496 τινες
3571 5436 3684 5490 τῶν

2105 5521 2442 5591 βουλομένων
2475 5519 2661 5590 ἀργῶς
2689 5519 2982 5590 τρέφεσθαι
3005 5563 3020 5583 ,
3058 5520 3462 5591 ἀποκέχρηνται
3503 5519 3684 5593 τούτῳ

2100 5604 2178 5675 τῷ
2209 5601 2373 5672 λόγω,
2404 5604 2478 5667 ὡς
2507 5604 2605 5673 τὴν
2637 5604 2898 5676 ἐργασίαν
2919 5603 3274 5666 ἐκκόπτοντος
3299 5603 3392 5656 τοῦ
3415 5605 3678 5674 Χριστοῦ,

2101 5687 2354 5758 εὐκαιρον
2383 5687 2474 5740 καὶ
2503 5686 2640 5756 πρὸς
2683 5687 2880 5748 αὐτοὺς
2916 5688 3108 5739 εἰπεῖν.
3142 5687 3304 5740 Ὅλον
3345 5687 3472 5758 γὰρ,
3500 5687 3574 5750 ὼς
3600 5689 3679 5740 εἰ·

2104 5775 2242 5834 πεῖν,
2270 5770 2611 5825 διαϐάλλουσι
2657 5770 2746 5824 τὸν
2791 5769 3236 5841 Χριστιανισμδν,
3271 5771 3366 5823 καὶ
3397 5771 3486 5824 ἐπὶ
3512 5771 3682 5842 ἀργίᾳ

2211 5905 2359 6016 ξριίι.
2387 5909 2588 5970 σημείου
2606 5909 2850 5970 λέγων.οὐ
2871 5908 2958 5972 γὰρ
2981 5909 3034 5957 τὸ
3054 5906 3263 5972 θαῦμαύ.
3280 5909 3340 5964 ἐξ.
3367 5908 3496 5970 φησί.
3542 5911 3566 5940 ⁸
3585 5909 3674 5959 Sau-

2141 5981 2152 6016 ι
2183 6003 2190 6014 .
2221 5985 2242 6015 ε
2266 5985 2430 6016 .κουσι.

2105 5981 2190 6018 VII.
2221 5981 2430 6017 ελκουσι.
