4100 6364
426 305 534 362 εις)

421 408 804 482 κωμῳδεῖσθαι
836 409 1334 480 παρασκευάζουσι,
1398 409 1672 481 Πρότερον
1719 410 1778 463 δὲ
1830 414 2004 467 εἰπεῖν

421 501 716 568 ἀναγκαῖον
741 497 803 549 τὸ
829 495 922 549 τοῦ
953 495 1188 550 Παύλου.
1221 497 1284 548 Τί
1313 496 1370 549 δέ
1401 497 1607 558 ἐκεῖνός
1636 513 1805 568 φησι;
1841 500 2005 566 Μνη-

416 579 700 649 μονεύετε
742 575 850 629 τοῦ
881 577 1104 642 Κυρίου
1141 577 1450 642 εἰρηκότος
1471 593 1482 605 ’
1534 576 1842 644 Μακάριόν
1870 577 2001 630 ἐστι

418 657 650 711 διδόναι
681 653 923 724 μᾶλλον
950 653 988 721 ἢ
1019 654 1364 722 λαμϐάνειν.
1391 652 1580 706 Καίτοι
1607 654 1770 707 πόθεν
1804 653 1870 707 ἂν
1903 655 2000 723 γέ-

418 750 563 787 νοιτο
616 732 812 784 διδόναι
848 729 925 801 τῷ
957 732 1056 784 ούκ
1097 732 1306 801 ἔχοντι;
1369 733 1493 795 Πῶς
1521 729 1614 785 οὖν
1648 736 1712 803 τῇ
1743 733 1945 804 Μάρθα
1975 736 2003 786 6

432 813 637 884 Ἰησοῦς
662 809 813 865 εἶπεν
835 826 850 841 ⁸
885 811 1187 881 Μεριμνᾷς
1219 812 1319 868 καί
1341 811 1592 880 τυρϐάζῃ
1625 812 1757 878 περὶ
1779 812 1998 874 πολλὰ,

415 893 557 958 ἐνὸς
578 890 645 944 δέ
669 891 801 944 ἐστι
821 893 994 959 χρεία
1013 907 1026 918 ⁸
1063 893 1260 959 Μαρία
1281 891 1349 944 δὲ
1381 891 1496 959 την
1538 890 1772 960 ἀγαθὴν
1787 890 2004 958 μερίδα

417 971 737 1036 ἐξελέξατο
762 987 776 1000 ·
816 971 910 1023 καὶ
949 971 1137 1032 πάλιν,
1175 971 1273 1038 Μὴ
1319 970 1727 1039 μεριμνήσητε
1773 972 1861 1033 εἰς
1889 971 2004 1036 τὴν

416 1053 646 1121 αὔριον.
685 1052 1003 1118 Ἀναγκαῖον
1021 1053 1129 1122 γὰρ
1146 1054 1321 1104 πάντα
1345 1052 1436 1104 νῦν
1471 1050 1643 1104 ταῦτα
1676 1051 1926 1103 ἐπιλῦσαι
1949 1063 1996 1115 ο,

417 1133 514 1202 οὐχ
541 1132 625 1184 ἵνα
665 1129 822 1201 μόνον
863 1131 1161 1198 παύσωμεν
1213 1132 1410 1193 αὐτοὺς
1441 1130 1766 1200 ἀργοῦντας,
1799 1132 1848 1182 εί
1880 1129 2005 1199 βού-

416 1209 610 1272 λοιντο,
647 1209 760 1262 ἀλλ’
787 1210 874 1262 ἵνα
909 1210 982 1280 μὴ
1013 1212 1191 1279 μάχην
1220 1211 1459 1277 εἰσάγειν
1491 1209 1613 1262 τινὰ
1647 1208 1910 1278 δείξωμεν
1937 1209 2003 1262 τά

417 1290 570 1358 λόγια
597 1288 690 1342 τοῦ
722 1288 878 1342 Θεοῦ.
916 1290 1023 1340 Καὶ
1048 1292 1155 1358 γάρ
1181 1291 1273 1342 καὶ
1301 1288 1534 1358 ἀλλαχοῦ
1582 1305 1745 1358 φησιν
1767 1290 1794 1340 ὁ
1841 1289 2001 1340 ’Λπό-

419 1370 598 1431 στολος
623 1385 636 1398 ο
674 1367 1142 1436 Παρακαλοῦμεν
1180 1369 1248 1420 δὲ
1287 1367 1444 1438 ὑμᾶς
1471 1369 1858 1436 περισσεύειν
1904 1369 2002 1422 καὶ

415 1447 868 1516 φιλοτιμεῖσθαι,
914 1448 1238 1516 ἡσυχάζειν
1283 1450 1379 1501 καὶ
1429 1447 1734 1516 πράσσειν
1757 1449 1830 1500 τὰ
1857 1448 1996 1508 ἴδια.

415 1528 516 1579 ἵνα
537 1527 926 1594 εὐσχημόνως
953 1527 1315 1594 περιπατῆτε
1359 1532 1510 1596 πρὸς
1539 1527 1680 1593 τοὺς
1710 1527 1826 1590 ἔξω
1847 1545 1860 1557 ·
1909 1529 2000 1580 καὶ

417 1606 597 1668 πάλιν,
632 1607 684 1657 Ὀ
714 1604 1007 1668 κλέπτων,
1045 1606 1257 1675 μηκέτι
1299 1608 1603 1661 κλεπτέτω
1627 1623 1641 1636 ⁸
1665 1606 1905 1675 μᾶλλον
1935 1608 2002 1659 δὲ

416 1688 674 1738 κοπιάτω
702 1685 1084 1753 ἐργαζόμενος
1113 1685 1242 1752 ταῖς
1279 1686 1456 1750 ἰδίαις
1482 1688 1716 1755 χερσὶν,
1746 1688 1845 1738 ἵνα
1886 1687 1998 1757 ἔχῃ

410 1762 791 1831 μεταδιδόναι
840 1761 919 1826 τῷ
972 1764 1184 1830 χρείαν
1239 1764 1461 1832 ἔχοντι.
1527 1765 1791 1817 Ἐνταῦθα
1838 1767 2000 1834 γάρο

416 1843 627 1905 Παῦλος
655 1843 774 1894 οὐδὲ
809 1843 994 1904 ἁπλῶς
1023 1842 1352 1912 ἐργάζεσθαι
1375 1846 1681 1909 ἐκέλευσεν,
1717 1847 1830 1897 ἀλλ’
1858 1846 2001 1899 οὕτω

419 1923 556 1994 μετὰ
581 1922 764 1985 πόνου,
789 1922 862 1982 ώς
885 1921 1026 1991 ἔχειν
1055 1922 1302 1975 ἐντεῦθεν
1323 1925 1416 1975 καὶ
1442 1925 1612 1994 ἑτέρῳ
1640 1924 1996 1994 μεταδιδόναι.

416 2003 526 2054 Καὶ
560 2001 784 2070 ἑτέρωθι
826 2001 984 2053 πάλιν
1017 2003 1045 2053 6
1069 2001 1230 2064 αὐτὸς
1273 2002 1440 2070 λέγει,
1475 2003 1607 2068 Ταῖς
1637 2007 1863 2072 χρείαις
1879 2021 1999 2071 μου

415 2081 513 2134 καὶ
543 2080 666 2144 τοῖς
693 2075 833 2134 οὖσι
853 2078 977 2147 μετ’
999 2079 1146 2146 ἐμοῦ
1170 2080 1560 2148 ὑπηρέτησαν
1585 2087 1642 2134 αἱ
1673 2083 1868 2150 χεῖρες
1891 2079 1997 2136 αὗ-

414 2177 528 2212 ται.
567 2159 674 2213 Καὶ
705 2158 1010 2229 Κορινθίοις
1053 2159 1109 2211 δὲ
1153 2159 1481 2212 ἐπιστέλλων
1527 2160 1713 2228 ἔλεγε·
1753 2164 1848 2226 Τίς
1885 2160 1999 2217 οὖν

409 2239 517 2306 μοί
542 2237 712 2290 ἐστιν
741 2241 772 2290 ό
793 2238 1040 2306 μισθός;
1071 2238 1204 2290 Ἵνα
1228 2238 1743 2308 εὐαγγελιζόμενος
1767 2241 1997 2295 ἀδάπα-

414 2334 527 2369 νον
548 2315 713 2382 θήσω
732 2317 796 2369 τὸ
810 2318 851 2367 Ε
858 2317 1187 2385 ὺαγγέλιον.
1233 2319 1339 2369 Καὶ
1372 2321 1429 2369 ἐν
1458 2321 1522 2387 τῇ
1549 2318 1702 2370 πόλει
1734 2321 1790 2372 δέ
1814 2321 1998 2393 ἐκείνῃ

415 2395 723 2464 γενόμενος.
761 2396 966 2462 Ἕμενε
993 2397 1141 2463 πρὸς
1194 2395 1447 2449 Ἀκύλαν
1476 2398 1575 2450 καὶ
1599 2399 1993 2468 Πρίσκιλλαν,

417 2478 513 2529 καί
542 2475 851 2545 εἰργάζετο.
876 2470 1068 2529 Ἦσαν
1091 2475 1201 2544 γὰρ
1229 2477 1579 2544 σκηνοποιοὶ
1606 2478 1720 2546 τὴν
1751 2478 1992 2549 τέχνην.

429 2556 587 2608 Ἀλλά
621 2553 790 2608 ταῦτα
819 2555 915 2624 τὴν
951 2553 1130 2624 μάχην
1175 2556 1412 2608 δείκνυσι
1460 2556 1820 2626 σφοδροτέραν
1855 2559 1997 2612 κατά

415 2635 476 2687 τδ
498 2634 678 2705 ῥητόν.
714 2633 918 2685 Οὐκοῦν
941 2634 1150 2702 ἀνάγκη
1175 2633 1358 2686 λοιπὸν
1386 2635 1480 2704 τὴν
1502 2633 1652 2686 λύσιν
1675 2637 1992 2704 ἐπαγαγεῖν.

487 2713 551 2764 Τί
577 2707 669 2764 οὖν
703 2711 767 2762 ἂν
804 2711 1048 2778 είποιμεν
1082 2711 1217 2779 πρὸς
1264 2709 1473 2775 ταῦτα;
1521 2712 1642 2763 ’Ὁτι
1688 2711 1748 2762 τὸ
1797 2715 1870 2784 μὴ
1903 2731 1997 2783 με-

421 2793 613 2863 ριμνᾷν
637 2792 697 2842 ού
726 2790 786 2840 τὸ
813 2791 886 2858 μὴ
923 2788 1248 2857 ἐργάζεσθαί
1279 2791 1446 2851 ἐστιν,
1466 2789 1600 2842 ἀλλὰ
1613 2791 1672 2842 τὸ
1689 2791 1763 2860 μὴ
1786 2808 1995 2861 προση-

415 2870 619 2924 λῶσθαι
664 2872 771 2931 τοῖς
827 2869 1094 2936 βιωτικοῖς
1143 2869 1466 2938 πράγμασι·
1513 2876 1780 2934 τουτέστι,
1819 2871 1879 2922 τὸ
1921 2871 1996 2943 μὴ

419 2950 685 3004 ποιεῖσθαι
713 2947 963 3018 φροντίδα
995 2948 1121 3019 περὶ
1153 2950 1253 3015 της
1285 2949 1364 3010 εἰς
1392 2947 1578 3017 αὔριον
1607 2949 1994 3016 ἀναπαύσεως,

417 3029 555 3082 ἀλλά
584 3028 855 3097 πάρεργον
910 3025 1076 3096 αὐτὴν
1126 3022 1263 3078 εἶναι
1297 3028 1557 3096 νομίζειν.
1623 3029 1836 3080 Ἔνεστι
1883 3030 1994 3100 γάρ

417 3109 511 3162 καὶ
540 3107 898 3178 ἐργαζόμενον
924 3145 938 3168 ,
973 3104 1137 3175 μηδὲν
1165 3107 1245 3167 εἰς
1273 3106 1371 3174 τὴν
1405 3107 1595 3176 αὔριον
1625 3107 1994 3178 θησαυρίζειν,

417 3188 512 3241 καὶ
557 3189 758 3239 ἐνεστιν
811 3184 1196 3254 ἐργαζόμενον,
1233 3186 1397 3255 μηδὲν
1453 3190 1740 3258 μεριμνᾷν.
1775 3189 1849 3239 Οὐ
1887 3189 1996 3258 γάρ

415 3267 609 3320 ταύτόν
653 3267 768 3316 ἐστι
802 3264 1041 3334 μέριμνα
1075 3264 1168 3316 καὶ
1201 3266 1454 3335 ἐργασία.
1487 3267 1624 3319 Οὐδὲ
1668 3268 1776 3337 γὰρ
1817 3267 1890 3329 ὼς
1920 3267 1997 3337 τῷ

417 3350 562 3418 ἐργῳ
612 3343 828 3414 θαρρῶν
866 3342 1157 3412 ἐργάζεται
1216 3362 1322 3405 τις,
1382 3345 1498 3397 ἀλλ’
1536 3345 1625 3398 ἵνα
1657 3344 1870 3416 μεταδῴ
1919 3346 1996 3416 τῷ

416 3427 602 3498 χρείαν
629 3424 822 3494 ἔχοντι.
871 3423 981 3475 Καὶ
1012 3421 1073 3474 τὸ
1101 3422 1236 3494 πρὸς
1265 3422 1498 3492 Μάρθαν
1530 3423 1586 3476 δὲ
1613 3425 1902 3496 εἰρημένον
1935 3426 1995 3476 οὐ

419 3506 546 3576 περὶ
574 3504 734 3574 ἔργου
767 3502 861 3556 καὶ
908 3501 1167 3574 ἐργασίας
1201 3503 1369 3565 ἐστὶν,
1419 3502 1554 3556 ἀλλὰ
1589 3506 1718 3573 περὶ
1756 3502 1849 3555 τοῦ
1887 3503 1996 3555 δεῖν

418 3583 604 3654 καιρὸν
647 3583 884 3643 εἰδέναι,
923 3584 1018 3634 καὶ
1067 3579 1140 3651 μὴ
1184 3580 1276 3632 τὸν
1307 3581 1409 3650 τῆς
1447 3581 1764 3652 ἀκροάσεως
1806 3582 1996 3652 χρόνον

420 3662 555 3729 πρὸς
587 3660 656 3715 τά
688 3659 1066 3734 σαρκικώτερα
1089 3659 1420 3714 ἀναλίσκειν.
1459 3662 1534 3712 Ού
1566 3663 1744 3714 τοίνυν
1775 3665 1855 3724 εἰς
1895 3662 1996 3732 ἀρ-

417 3743 542 3810 γίαν
562 3741 731 3812 αὐτὴν
755 3740 1056 3811 ἐμϐάλλων,
1081 3739 1254 3792 ταῦτα
1305 3740 1507 3809 ἔλεγεν.
1542 3741 1680 3794 ἀλλὰ
1706 3742 1995 3812 προσηλῶν

417 3826 484 3894 τῇ
507 3822 784 3893 ἀκροάσει.
823 3819 1230 3891 Παρεγενόμην,
1269 3821 1456 3889 φησὶν,
1502 3820 1726 3886 διδάξων
1757 3823 1900 3892 ὑμᾶς
1931 3822 1998 3875 τά

417 3904 604 3956 δέοντα
622 3918 636 3932 ·
671 3902 734 3954 σὺ
757 3901 814 3954 δέ
840 3901 970 3970 περὶ
997 3899 1216 3970 ἄριστον
1265 3900 1604 3964 ἐσπούδακας
1628 3919 1643 3968 ;
1706 3901 1996 3966 ’Υποδέξα-

421 3981 546 4035 σθαί
577 3997 644 4051 με
676 3979 876 4050 βούλει,
901 3978 995 4030 καὶ
1026 3977 1292 4048 πολυτελῆ
1333 3981 1750 4049 παρασκευάσαι
1789 3981 1995 4051 τράπε-

419 4059 551 4123 ζαν;
597 4058 821 4128 Ἑτέραν
846 4057 1266 4128 παρασκεύασον
1297 4060 1559 4124 ἑστίασιν,
1591 4060 1686 4129 τὴν
1707 4063 1844 4129 μετά
1865 4077 1999 4129 προ-

417 4135 617 4206 θυμίας
653 4135 913 4208 ἀκρόασιν
947 4154 1037 4206 μοι
1064 4137 1435 4209 παρεχομένη,
1485 4138 1580 4190 καὶ
1608 4142 1698 4189 τὸν
1721 4138 1818 4207 τῆς
1846 4138 1999 4191 ἀδελ-

418 4217 523 4287 φῆς
553 4216 860 4288 μιμουμένη
895 4216 1076 4271 πόθον.
1129 4217 1264 4270 Ούτε
1300 4214 1392 4271 οὖν
1429 4217 1527 4287 τὴν
1565 4214 1866 4285 φιλοξενίαν
1894 4234 1999 4269 κω-

414 4297 557 4350 λύων
593 4295 768 4349 ταῦτα
791 4295 973 4365 ἔλεγεν
995 4316 1008 4328 ο
1049 4298 1260 4366 ἄπαγε·
1314 4297 1430 4360 πῶς
1461 4298 1607 4367 γάρ;
1643 4295 1778 4348 ἀλλά
1822 4295 1883 4348 τὸ
1918 4298 1993 4369 μὴ

414 4377 522 4429 δεῖν
544 4377 601 4428 ἐν
630 4376 944 4447 ἀκροάσεως
974 4377 1151 4448 καιρῷ
1176 4377 1302 4447 περὶ¹
1335 4378 1496 4444 ἕτερα
1537 4376 1888 4447 ἠσχολῆσοαι.
1919 4376 1993 4428 Τὸ

413 4456 470 4510 δέ
507 4456 710 4523 λέγειν,
739 4455 838 4524 Μὴ
885 4456 1198 4525 ἐργάζεσθε
1227 4456 1342 4521 τὴν
1390 4455 1626 4524 ,ϐρῶσιν
1656 4455 1773 4523 τὴν
1805 4455 1996 4509 ἀπολ-

415 4533 706 4604 λυμένην,
745 4534 894 4608 [260]
942 4537 1004 4588 οὐ
1052 4535 1212 4588 τοῦτό
1245 4537 1389 4588 ἐστιν
1423 4535 1815 4604 αἰνιττομένου,
1852 4533 1994 4585 ὥστε

415 4613 523 4666 δεῖν
551 4615 741 4686 ἀργεῖν
759 4631 775 4647 η
806 4615 902 4669 καὶ
926 4615 1034 4685 γάρ
1063 4617 1158 4667 καὶ
1185 4613 1342 4667 τοῦτο
1370 4614 1605 4685 μάλιστα
1647 4612 1992 4682 ἀπολλυμένη

419 4691 618 4762 βρῶσίς
649 4695 783 4747 ἐστι’
818 4691 1060 4762 (Πᾶσαν
1086 4693 1193 4765 γὰρ
1233 4692 1348 4760 τὴν
1373 4694 1590 4746 κακίαν
1648 4691 1924 4755 ἐδίδαξεν
1953 4691 1993 4758 ἠ

415 4775 611 4842 ἀργία)
629 4792 643 4804 ·
662 4775 774 4828 ἀλλ’
805 4777 943 4830 ὥστε
972 4777 1296 4848 ἐργάζεσθαι
1316 4775 1410 4829 καὶ
1441 4775 1794 4846 μεταδιδόναι.
1824 4772 1995 4826 Τοῦτο

414 4853 524 4922 γάρ
569 4853 668 4906 οὐκ
705 4853 1046 4926 ἀπολλυμένη
1083 4854 1283 4926 βρῶσίς
1314 4857 1430 4907 ἐστι
1477 4852 1680 4905 λοιπόν.
1741 4851 1885 4926 ῌίδέ
1910 4871 1995 4917 τις

415 4929 600 4999 ἀργῶν
625 4923 968 5002 γαστρίζοιτο
1000 4923 1094 4986 καῖ
1119 4923 1333 5003 τρυφῆς
1363 4930 1690 5000 ἐπιμελοῖτο,
1724 4923 1879 4994 οὗτος
1895 4932 1996 5002 τὴν

417 5009 619 5078 βρῶσιν
673 5011 962 5081 ἐργάζεται
1009 5013 1106 5080 τὴν
1159 5010 1572 5082 ἀπολλυμένην·
1607 5009 1794 5081 ῶσπερ
1833 5011 1996 5074 εἴτις

415 5087 780 5156 ἐργαζόμενος
807 5089 897 5141 τὸν
922 5089 1152 5160 Χριστὸν
1169 5092 1376 5160 τρέφοι,
1394 5091 1488 5143 καὶ⁹
1519 5090 1748 5155 ποτίζοι,
1782 5093 1874 5143 καὶ
1907 5094 1994 5144 ἐν-

414 5166 548 5230 δύοι,
581 5166 758 5230 οὐδεὶς
801 5167 972 5231 οὕτως
1018 5169 1342 5240 ἀναίσθητος
1400 5172 1495 5224 καὶ
1544 5170 1761 5240 ἀμαθὴς
1809 5171 1860 5229 1),
1919 5172 1994 5236 ὡς

415 5247 610 5312 εἰπεῖν,
637 5245 1016 5318 ἀπολλυμένην
1045 5247 1244 5318 βρῶσιν
1271 5249 1598 5320 ἐργάζεσθαι
1617 5248 1709 5301 τὸν
1732 5249 1991 5315 τοιοῦτον,

413 5326 482 5376 δι’
508 5326 574 5395 ἣν
593 5325 692 5395 τῆς
728 5325 1005 5394 βασιλείας
1030 5329 1062 5397 ἡ
1111 5328 1406 5396 ἐπαγγελία
1439 5328 1540 5398 τῆς
1573 5327 1871 5398 μελλούσης
1899 5331 1993 5382 καὶ

414 5404 524 5455 τῶν
554 5404 773 5473 ἀγαθῶν
818 5405 1059 5458 ἐκείνων.
1091 5405 1238 5475 Αὓτη
1289 5407 1398 5477 γὰρ
1447 5408 1596 5475 μένει
1642 5407 1905 5476 διηνεκῶς
1955 5411 1988 5480 ή

416 5483 638 5552 βρῶσις.
670 5484 875 5548 Ἀλλως
901 5485 978 5548 δὲ,
1011 5485 1106 5537 καὶ
1147 5485 1266 5537 τότε
1310 5484 1368 5537 δὲ
1406 5485 1593 5554 ἐπειδὴ
1621 5485 1722 5555 τῆς
1758 5487 1857 5554 μέν
1901 5487 1994 5540 πί-

415 5579 585 5627 στεως
636 5564 824 5618 οὐδένα
885 5564 1042 5632 λόγον
1078 5565 1390 5629 ἐποιοῦντο,
1422 5564 1544 5617 οὐδὲ
1594 5564 1859 5618 ἐσκόπουν
1889 5583 1992 5636 μα-

417 5643 546 5704 θεῖν,
577 5643 658 5705 τίς
682 5646 710 5696 6
735 5644 908 5698 ταῦτα
930 5643 1315 5716 ἐργαζόμενος,
1342 5644 1436 5696 καὶ
1466 5644 1594 5712 ποίᾳ
1638 5645 1862 5715 δυνάμει
1886 5686 1899 5708 ,
1933 5645 1991 5698 ἒν

412 5723 467 5771 οὲ
501 5721 660 5788 μόνον
703 5722 1002 5787 ἐϐούλοντο,
1047 5723 1438 5794 γαστρίζεσθαι
1495 5723 1659 5793 μηδὲν
1691 5723 1989 5786 ποιοῦντες,

413 5800 512 5867 τὴν
538 5799 794 5870 τοιαύτην
837 5803 1045 5873 τροφὴν
1100 5803 1324 5862 εἰκότως
1376 5801 1576 5870 βρῶσιν
1614 5801 1990 5871 ἀπολλυμένην

476 5887 501 5915 ⁸
529 5886 680 5960 ξενὶι.
704 5891 766 5950 μή
789 5893 1305 5954 μεριμνᾶτελφησὶνν..
1341 5890 1581 5939 διαλῦσαι.
1653 5891 1680 5931 h
1720 5889 1872 5940 Savil.
1901 5891 1982 5938 καί

418 5961 668 6006 μανιωοης.

999 311 1007 321 ’
1102 297 1159 352 S.
1199 295 1482 353 JOANNIS
1517 294 2001 352 CIIRYSOSTOMI
2041 297 2362 355 ARCHIEP.
2397 240 2950 355 CONSTANT-INOP.

3580 304 3688 364 250

2103 413 2382 466 ἐκάλεσεν.
2419 412 2662 484 Ἐθρεψα
2692 413 2846 482 ὑμῶν
2873 411 2944 465 τά
2977 411 3224 483 σώματα,
3249 413 3434 484 φησὶν,
3470 413 3557 468 ἵνα
3581 417 3689 471 ἀπὸ

2101 492 2291 545 τούτου
2311 493 2409 564 τὴν
2431 492 2622 564 ἑτέραν
2641 492 3006 562 ἐπιζητήσητε
3026 492 3254 563 τροφὴν,
3277 493 3376 563 τὴν
3401 493 3688 564 μένουσαν,

2105 573 2204 640 τὴν
2229 572 2533 642 τρέφουσαν
2563 571 2715 642 ὑμῶν
2740 571 2836 641 τὴν
2867 572 3044 642 ψυχήν
3065 586 3077 599 ·
3113 571 3270 641 ὑμεῖς
3302 572 3360 624 δὲ
3407 573 3567 627 πάλιν
3596 577 3689 628 ἐπὶ

2105 650 2205 720 τὴν
2237 651 2434 720 γηῖνην
2467 650 2706 720 τρέχετε.
2729 649 2828 702 Διά
2854 648 3012 702 τοῦτο
3037 649 3096 702 οὐ
3125 649 3333 702 συνίετε
3358 652 3441 704 ὅτι
3472 653 3571 706 οὐκ
3598 656 3690 708 ἐπὶ

2103 731 2306 800 ταύτην
2340 731 2483 802 ὑμᾶς
2503 731 2621 800 ἄγω
2645 732 2744 802 τὴν
2774 731 2958 803 ἀτελῆ,
2995 731 3109 784 ἀλλ’
3136 733 3222 785 ἐπ’
3253 733 3468 805 ἐκείνην
3499 736 3597 808 τὴν
3627 738 3688 790 οὺ

2104 811 2435 882 πρόσκαιρον
2475 810 2821 882 παρέχουσαν
2853 811 3016 882 ζωὴν,
3057 811 3176 886 ἀλλ’
3231 812 3468 877 αἰώνιον,
3500 816 3599 886 τήν
3627 817 3688 870 ού

2106 890 2286 960 σῶμα,
2311 889 2448 943 ἀλλά
2470 889 2647 960 ψυχὴν
2668 891 2992 961 τρέφουσαν.
3012 885 3142 942 Εἶτα
3171 891 3359 963 ἐπειδὴ
3381 892 3524 946 οὕτω
3548 885 3694 964 μέγα

2104 970 2231 1038 περὶ
2259 970 2450 1022 ἑαυτοῦ
2478 970 2799 1038 ἐφθέγξατο,
2825 971 2920 1023 καὶ
2951 969 3150 1042 ἔφησεν
3180 972 3340 1034 αὐτὸς
3368 973 3559 1026 δώσειν
3590 975 3691 1028 αὑο

2101 1048 2224 1116 τὴν,
2259 1049 2346 1100 ἵνα
2381 1049 2456 1119 μὴ
2491 1048 2646 1101 πάλιν
2671 1048 2855 1111 αὐτοῖς
2881 1051 3087 1119 προστῇ
3116 1049 3175 1100 τὸ
3201 1050 3513 1120 λεγόμενον,
3535 1051 3686 1117 ἀξιό-

2104 1143 2293 1179 πιστον
2315 1129 2406 1180 τὸν
2423 1128 2581 1196 λόγον
2615 1127 2806 1189 ποιῶν,
2835 1131 2924 1180 ἐπὶ
2956 1128 3046 1180 τὸν
3065 1129 3285 1199 Πατέρα
3305 1131 3402 1202 τὴν
3422 1132 3685 1203 χορηγίαν

2103 1206 2273 1276 αὐτῆς
2305 1205 2709 1274 ἀνάγει.Είπὼν
2738 1207 2865 1277 γάρ,
2895 1210 3007 1260 Ἢν
3027 1210 3058 1260 ό
3094 1208 3226 1273 Υἱός
3241 1209 3346 1262 τοῦ
3374 1210 3688 1277 ἀνθρώπου

2104 1285 2283 1338 δώσει
2315 1287 2770 1356 ὑμῖν,ἐπήγαγε,
2799 1286 3018 1340 Τοῦτον
3046 1289 3157 1356 γὰρ
3178 1291 3210 1340 ό
3231 1288 3434 1356 Πατὴρ
3460 1289 3686 1357 ἐσφρά-

2105 1379 2277 1432 γισεν
2305 1367 2336 1416 ό
2369 1365 2511 1430 Θεός
2531 1381 2547 1397 ⁶
2581 1365 2880 1426 τουτέστιν,
2911 1365 3004 1416 ἐπὶ
3035 1364 3209 1436 τούτῳ
3235 1366 3449 1436 ἔπεμψε
3482 1367 3688 1439 ταύτην

2106 1444 2232 1513 ὑμῖν
2264 1444 2555 1513 κομίζοντα
2583 1445 2683 1512 τὴν
2709 1445 2937 1515 τροφήν.
2971 1443 3132 1513 Δηλοῖ
3152 1445 3210 1498 δὲ
3241 1448 3332 1498 καὶ
3363 1446 3557 1515 ἐτέραν
3593 1447 3682 1518 ἐρο-

2107 1522 2330 1593 μηνείαν
2363 1525 2394 1594 ἡ
2423 1523 2586 1590 λέξις.
2620 1525 2729 1576 Καὶ
2767 1525 2876 1594 γὰρ
2905 1526 2998 1576 καὶ
3031 1523 3264 1594 ἀλλαχοῦ
3297 1541 3460 1595 φησιν
3491 1527 3519 1578 6
3558 1525 3688 1597 Χριο

2105 1602 2226 1663 στός
2247 1619 2258 1630 ·
2307 1603 2367 1654 '0
2397 1603 2633 1656 ἀκούων
2645 1620 2765 1671 μου
2790 1602 2932 1668 τοὺς
2962 1603 3203 1672 λόγους,
3226 1604 3442 1658 τοῦτον
3462 1604 3687 1673 ἐσφρά-

2104 1696 2275 1751 γισεν
2298 1684 2330 1734 ὁ
2349 1681 2571 1749 Πατὴρ,
2601 1681 2689 1735 ὅτι
2712 1685 2744 1735 ό
2767 1682 2911 1746 Θεός
2937 1681 3168 1749 ἀληθής
3199 1684 3330 1736 ἐστι
3349 1701 3363 1714 ·
3382 1685 3683 1747 τουτέστιν,

2103 1760 2382 1824 ἀπέδειξεν
2409 1763 2817 1832 ἀναντιρρήτως
2838 1779 2850 1790 ·
2878 1761 2906 1813 6
2942 1761 3006 1832 δή
3046 1779 3136 1831 μοι
3163 1761 3310 1814 δοκεῖ
3337 1764 3427 1815 καὶ
3449 1762 3685 1818 ἐνταῦθα

2103 1840 2136 1908 ἡ
2162 1835 2303 1903 λέξις
2322 1839 2674 1893 αἰνίττεσθαι.
2695 1840 2860 1892 Οὐδὲν
2883 1839 2990 1910 γάρ
3023 1842 3171 1893 ἐστιν
3187 1840 3314 1893 ἄλλο
3333 1842 3413 1905 τὸ,
3430 1842 3688 1910 Ἐσφρά-

2103 1935 2274 1987 γισεν
2303 1923 2334 1973 ό
2358 1920 2583 1988 Πατὴρ,
2612 1918 2726 1973 ἀλλ’
2758 1920 2790 1990 ἢ
2815 1919 3116 1986 ἀπέδειξεν,
3148 1920 3444 1991 ἐξεκάλυψε
3477 1921 3565 1973 διά
3586 1921 3684 1992 τῆς

2101 1998 2265 2051 αὐτοῦ
2303 2000 2628 2069 μαρτυρίας.
2656 1998 2863 2064 Ἐδειξε
2893 1998 2990 2067 μὲν
3020 1997 3132 2068 γὰρ
3154 1999 3246 2051 καὶ
3274 1999 3436 2064 αὐτὸς
3469 2000 3680 2052 ἑαυτόν·

2100 2077 2365 2148 ἐπειδὴδὲ
2391 2079 2526 2148 πρὸς
2561 2077 2843 2140 Ἰουδαίους
2873 2075 3142 2144 διελέγετο
3161 2116 3177 2142 ,
3204 2077 3303 2149 τὴν
3340 2076 3434 2132 τοῦ
3468 2077 3682 2150 Πατρὸς

2103 2159 2410 2227 μαρτυρίαν
2444 2159 2524 2222 εἰς
2565 2158 2728 2228 μέσον
2758 2158 2951 2228 ῆγαγε.

2172 2238 2235 2304 β’.
2271 2236 2542 2305 Μάθωμεν
2585 2237 2764 2288 τοίνυν
2789 2276 2804 2300 ,
2844 2235 3134 2306 ἀγαπητοὶ,
3168 2234 3340 2289 ταῦτα
3365 2237 3538 2290 αίτεῖν
3580 2234 3674 2288 τὸν

2099 2315 2252 2378 Θεὸν,
2283 2315 2318 2368 ἀ
2365 2316 2513 2382 ἀξιῦν
2569 2317 2682 2368 ἐστι
2740 2317 2871 2386 παρ’
2901 2314 3064 2368 αὑτοῦ
3096 2317 3284 2368 αἰτεῖν.
3333 2316 3543 2369 Ἐκεῖνα
3579 2315 3677 2386 μὲν

2099 2394 2229 2464 γάρ,
2263 2395 2411 2457 ὅπως
2439 2395 2504 2447 ἂν
2527 2393 2687 2465 τύχῃ,
2717 2396 2785 2446 τὰ
2821 2394 3049 2464 βιωτικά
3081 2393 3247 2462 λέγω,
3297 2393 3500 2464 βλάϐην
3525 2394 3675 2446 οὐδε-

2102 2475 2231 2544 μίαν
2261 2474 2436 2546 φέρει.
2469 2476 2568 2528 "Av
2598 2493 2656 2527 τε
2688 2474 2795 2546 γὰρ
2819 2474 3232 2546 πλουτήσωμεν,
3265 2474 3496 2529 ἐνταῦθα
3518 2477 3677 2548 μόνον

2096 2554 2515 2624 ἀπολαυσόμεθα
2540 2555 2638 2624 τῆς
2663 2554 2873 2625 τρυφῆς
2894 2570 2908 2584 ’
2934 2554 2998 2607 ἄν
3025 2571 3084 2606 τε
3105 2556 3185 2616 είς
3217 2552 3405 2607 πενίαν
3436 2556 3676 2609 καταπέ-

2100 2651 2300 2703 σωμεν,
2325 2634 2474 2686 οὐδὲν
2504 2633 2806 2703 πεισόμεθα
2836 2633 3025 2686 δεινόν.
3062 2633 3199 2686 Οὔτε
3222 2635 3332 2704 γάρ
3353 2634 3422 2686 τά
3449 2634 3677 2707 λαμπρὰ

2096 2711 2190 2764 τοῦ
2225 2712 2491 2783 παρόντος
2521 2712 2660 2782 βίου,
2693 2711 2816 2765 οὕτε
2844 2712 2914 2765 τά
2955 2712 3173 2784 λυπηρά
3205 2715 3284 2776 εἰς
3316 2713 3555 2785 ἀθυμίας
3584 2717 3677 2767 καὶ

2095 2791 2293 2863 ἡδονῆς
2341 2792 2498 2860 λόγον
2545 2791 2657 2862 ἔχει
2682 2792 2780 2862 τὴν
2814 2793 2984 2863 ἰσχὺν,
3021 2793 3133 2844 ἀλλ’
3159 2793 3395 2864 ἑκάτερα
3446 2795 3679 2847 εὐκατα-

2099 2871 2360 2941 φρόνητα,
2395 2872 2489 2924 καὶ
2516 2872 2654 2941 μετὰ
2695 2869 2894 2940 πολλῆς
2926 2873 3202 2942 παραρρεῖ
3219 2871 3319 2940 τῆς
3351 2873 3676 2942 ταχυτῆτος.

2097 2951 2189 3002 Διὸ
2221 2951 2315 3002 καὶ
2340 2950 2456 3013 ὁδὸς
2486 2950 2749 3020 κέκληται
2794 2951 3016 3013 είκότως
3051 2951 3146 3005 ἀτε
3170 2951 3555 3021 παροδεύοντα,
3583 2957 3676 3006 καὶ

2097 3030 2191 3081 ἐπὶ
2219 3030 2468 3081 πλεῖστον
2506 3029 2686 3100 μένειν
2715 3030 2773 3082 ού
2804 3030 3116 3098 πεφυκότα·
3166 3029 3236 3082 τὰ
3297 3030 3354 3084 δὲ
3417 3031 3677 3102 μέλλοντα

2096 3108 2333 3178 ἑκάτερα
2372 3107 2614 3161 ἀθάνατα
2657 3110 2827 3179 μένει,
2878 3111 2949 3163 τά
2979 3127 3038 3162 τε
3067 3109 3361 3173 κολάσεως,
3397 3112 3467 3165 τά
3496 3128 3555 3163 τε
3580 3113 3679 3180 τῆς

2100 3185 2400 3255 βασιλείας.
2444 3187 2614 3257 Ὑπέρ
2659 3187 2880 3241 ἐκείνων
2928 3188 3111 3241 τοίνυν
3161 3187 3357 3258 πολλὴν
3393 3187 3680 3259 ποιώμεθα

2099 3265 2355 3337 σπουδὴν,
2387 3265 2528 3318 ὥστε
2559 3267 2627 3319 τὰ
2658 3267 2756 3336 μὲν
2789 3269 2999 3337 φυγεῖν,
3032 3267 3172 3321 τὰδὲ
3202 3266 3440 3322 ἑλέσθαι.
3478 3268 3542 3320 Τί
3570 3269 3678 3340 γὰρ

2096 3346 2195 3415 τῆς
2227 3345 2460 3399 ἐνταῦθα
2490 3347 2703 3417 τρυφῆς
2729 3347 2953 3414 δφελοςς
3002 3346 3248 3416 Σήμερόν
3287 3349 3422 3411 ἐστι,
3455 3349 3550 3401 καὶ¹
3582 3348 3680 3402 αὕ-

2097 3440 2214 3493 ριον
2267 3423 2418 3496 [εει]
2453 3426 2550 3479 οὐκ
2601 3427 2746 3479 ἐστι·
2805 3427 3041 3497 σήμερον
3084 3426 3241 3490 ἄνθος
3278 3427 3550 3497 λαμπρὸν,
3584 3429 3679 3480 καὶ

2098 3502 2287 3573 αὔριον
2317 3505 2462 3568 κόνις
2486 3505 2886 3576 σκεδαννυμένη
2909 3523 2922 3535 °
2953 3507 3193 3576 σήμερον
3225 3506 3336 3577 πῦρ
3361 3506 3676 3576 καιόμενον,

2098 3584 2194 3637 καὶ
2218 3583 2406 3655 αὔριον
2443 3586 2616 3656 τέφρα
2639 3585 3135 3656 κατασὸεννυμένη.
3173 3587 3314 3640 Ἀλλ’
3335 3589 3396 3639 οὺ
3419 3589 3486 3640 τά
3517 3585 3680 3639 πνευο

2101 3663 2307 3732 ματικά
2333 3665 2576 3726 τοιαῦτα,
2596 3664 2710 3717 ἀλλ’
2737 3666 2824 3717 ἀεὶ
2855 3665 3006 3735 μένει
3031 3665 3334 3735 λάμποντα,
3352 3667 3445 3719 καὶ
3461 3666 3680 3719 ἀνθοῦν-

2097 3758 2196 3804 τα,
2224 3742 2318 3795 καὶ
2341 3743 2665 3814 φαιδρότερα
2703 3744 2961 3812 γινόμενα
2987 3744 3324 3815 καθημέραν.
3368 3745 3426 3798 Ὀ
3453 3743 3678 3808 πλοῦτος

2098 3821 2306 3884 ἐκεῖνος
2340 3821 2594 3876 οὐδέποτε
2643 3823 2961 3887 ἀπόλλυται,
3015 3823 3270 3877 οὐδέποτε
3327 3823 3672 3893 μεθίσταται,

2096 3899 2349 3952 οὐδέποτε
2373 3900 2548 3970 λήγει,
2577 3901 2831 3954 οὐδέποτε
2859 3902 3057 3970 ἐπάγει
3080 3902 3333 3973 φροντίδα
3364 3903 3456 3955 καὶ
3487 3902 3678 3972 φθόνον

2097 3979 2192 4032 καί
2220 3981 2576 4052 κατηγορίαν,
2619 3982 2680 4034 οὐ
2733 3982 2891 4052 σῶμα
2936 3982 3232 4049 ἐξόλλυσιν,
3262 3982 3322 4034 οὐ
3352 3981 3527 4054 ψυχὴν
3567 3983 3676 4036 δια-

2099 4059 2328 4126 φθείρει,
2354 4060 2414 4112 οὺ
2451 4059 2643 4130 φθόνον
2675 4059 2787 4131 ἔχει
2813 4102 2828 4127 ,
2869 4061 2928 4113 οὐ
2977 4061 3276 4131 βασκανίαν
3328 4061 3674 4131 ἐπισωρεύει,

2099 4137 2242 4209 ἅπερ
2275 4139 2491 4193 ἅπαντα
2517 4139 2691 4193 ταῦτα
2729 4139 2806 4210 τῷ
2837 4139 3050 4211 πλούτῳ
3096 4140 3404 4211 πρόσεστιν.
3459 4140 3521 4193 Ἢ
3549 4141 3678 4207 δόξα

2099 4217 2280 4287 ἐκείνη
2310 4220 2410 4272 οὐκ
2439 4221 2518 4281 εἰς
2537 4220 2792 4274 ἀπόνοιαν
2820 4222 2983 4291 αἴρει,
3017 4221 3076 4273 οὐ
3109 4219 3459 4289 φλεγμαίνειν
3494 4237 3674 4291 παρα-

2101 4296 2377 4361 σκευάζει,
2410 4298 2663 4351 οὺδέποτε
2717 4299 2972 4361 παύεται,
3004 4299 3124 4352 οὐδὲ
3153 4298 3508 4369 ἀμαυροτέρα
3539 4300 3678 4366 γίνε-

2098 4392 2206 4429 ται.
2253 4376 2320 4428 Ἥ
2345 4375 2530 4439 ἄνεσις
2559 4378 2708 4448 καὶὴ
2742 4378 2920 4449 τρυφὴ
2952 4378 3046 4432 ἐπὶ
3085 4379 3198 4440 τοῖς
3229 4379 3478 4448 οὐρανοῖς
3515 4377 3674 4430 πάλιν

2102 4455 2273 4525 μένει,
2315 4457 2410 4509 καὶ
2461 4454 2599 4527 αὕτη
2648 4456 2920 4528 διηνεκὴς,
2957 4458 3044 4510 ἀεὶ
3091 4458 3346 4528 ἀκίνητος
3400 4452 3534 4510 οὖσα
3581 4458 3676 4511 καὶ

2096 4533 2363 4597 ἀθάνατος
2384 4550 2398 4564 ⁸
2417 4535 2516 4588 οὐκ
2535 4535 2650 4588 ἔστι
2675 4537 2784 4609 γάρ
2806 4537 2977 4607 πέρας
3001 4537 3170 4606 αὐτῆς
3188 4535 3281 4590 καὶ
3302 4535 3452 4599 τέλος
3475 4537 3670 4608 εὑρεῖν.

2098 4615 2336 4684 Ταύτην,
2367 4615 2690 4686 παρακαλῶ,
2742 4618 3066 4688 ποθήσωμεν
3098 4617 3197 4685 τὴν
3231 4614 3395 4685 ζωήν.
3433 4617 3528 4668 Ἂν
3566 4616 3671 4687 γὰρ

2097 4695 2424 4765 ποθήσωμεν
2451 4695 2636 4766 αὐτὴν,
2669 4695 2858 4750 οὐδένα
2889 4696 2996 4749 τῶν
3026 4696 3311 4766 παρόντων
3342 4695 3675 4765 ποιησόμεθα

2097 4771 2273 4841 λόγον,
2310 4773 2446 4825 ἀλλὰ
2489 4775 2972 4844 καταφρονήσομεν
3025 4773 3229 4827 τούτων
3285 4773 3538 4826 ἁπάντων
3581 4774 3696 4833 καὶ,

2097 4853 2604 4922 καταγελασόμεθα,
2656 4852 2760 4906 κᾶν
2791 4855 2870 4916 εἰς
2900 4853 3183 4924 βασιλικὰς
3221 4851 3389 4914 αὐλάς
3416 4867 3500 4913 τις
3529 4852 3675 4921 ἡμᾶς

2097 4931 2358 4984 εἰσελθεῖν
2412 4931 2628 5001 κελεύῃ,
2663 4931 2762 5000 οὐχ
2813 4931 3151 5002 αἱρησόμεθα
3198 4929 3414 5000 ἐκείνην
3453 4930 3673 5000 ἔχοντες

2094 5013 2194 5081 τὴν
2221 5010 2408 5062 ἐλπίδα
2429 5029 2442 5042 ·
2477 5011 2653 5063 καίτοι
2682 5012 2868 5065 τούτου
2902 5011 3052 5064 οὐδὲν
3086 5009 3499 5081 μακαριώτερον
3532 5006 3670 5062 εἶναι

2094 5087 2257 5148 δοκεῖ,
2293 5087 2426 5140 άλλά
2451 5089 2561 5150 τοῖς
2594 5087 2982 5159 κατεχομένοις
3003 5086 3081 5156 τῷ
3107 5087 3214 5140 τῶν
3241 5086 3486 5155 οὐρανῶν
3513 5086 3674 5156 ἔρωτι

2096 5169 2189 5219 καὶ
2225 5165 2384 5218 τοῦτο
2423 5166 2611 5235 μικρὸν
2639 5168 2732 5220 καὶ
2761 5165 2976 5229 εὐτελὲς
3023 5167 3118 5218 καὶ
3165 5165 3378 5228 οὐδενὸς
3409 5165 3559 5229 ἄξιον
3584 5165 3675 5216 λό-

2095 5263 2218 5315 γου.
2254 5247 2368 5298 Πᾶν
2401 5245 2509 5316 γὰρ
2540 5245 2568 5295 6
2607 5246 2759 5308 τέλος
2791 5246 2923 5314 ἔχει,
2957 5246 3018 5297 οὐ
3061 5245 3261 5314 σφόδρα
3313 5243 3676 5314 περισπούδα-

2098 5341 2252 5378 στον’
2289 5325 2398 5377 πᾶν
2422 5325 2449 5376 6
2474 5323 2726 5384 παύεται,
2772 5327 2866 5377 καὶ
2919 5324 3154 5395 σήμερόν
3185 5327 3319 5389 ἐστι,
3355 5323 3452 5377 καὶ
3481 5322 3671 5392 αὔριον

2093 5405 2193 5456 οὐκ
2243 5403 2379 5466 ἔστι,
2412 5404 2512 5456 κᾶν
2549 5403 2750 5471 σφόδρα
2895 5403 3055 5471 μέγα,
3094 5402 3298 5473 σφόδρα
3352 5403 3544 5472 μικρὸν
3577 5403 3672 5454 καὶ

2093 5482 2560 5553 εὐκαταφρόνητον
2588 5477 2724 5533 εἶναι
2750 5482 2916 5534 δοκεῖ.
2950 5481 3041 5553 Μὴ
3085 5483 3262 5535 τοίνυν
3301 5481 3409 5534 τῶν
3433 5482 3661 5549 φευγόν·

2091 5579 2200 5614 των
2229 5560 2599 5630 ἀντεχώμεθα,
2628 5560 2760 5630 μηδέ
2799 5560 2906 5614 τῶν
2932 5561 3356 5632 παραρρεόντων
3385 5561 3479 5613 καὶ
3500 5562 3670 5626 ἀπερ-

2092 5639 2356 5709 χομένων,
2380 5637 2518 5690 ἀλλά
2539 5639 2646 5690 τῶν
2679 5638 2946 5707 μενόντων
2979 5643 3074 5693 καὶ
3111 5641 3413 5709 ἀκινήτων,
3463 5640 3545 5691 ἵνα
3575 5639 3671 5692 καὶ

2091 5716 2270 5768 αὐτῶν
2299 5716 2611 5786 δυνηθῶμεν
2637 5716 2932 5786 ἐπιτυχεῖν,
2955 5719 3135 5786 χάριτι
3167 5719 3258 5771 καὶ
3292 5716 3669 5787 φιλανθρωπίᾳ

2091 5794 2184 5846 τοῦ
2214 5794 2419 5864 Κυρίου
2449 5794 2607 5861 ἡμῶν
2650 5793 2821 5862 Ἰησοῦ
2851 5795 3109 5863 Χριστοῦ,
3138 5795 3205 5847 δι’
3238 5791 3299 5849 οὗ
3331 5796 3424 5847 καὶ
3459 5797 3579 5864 μεθ’
3606 5788 3668 5844 οῦ

2090 5871 2166 5939 τῷ
2202 5873 2376 5942 Πατρὶ
2419 5873 2452 5941 ἡ
2479 5871 2626 5935 δόξα,
2660 5872 2778 5943 ἅμα
2811 5873 2886 5943 τῷ
2914 5874 3053 5944 ἁγίῳ
3100 5875 3395 5944 Πνεύματι,
3442 5872 3538 5930 νῦν
3567 5873 3663 5928 καὶ

2094 5953 2200 6017 ἀεὶ,
2228 5952 2319 6006 καὶ
2355 5953 2434 6014 εἰς
2460 5951 2581 6015 τοὺς
2604 5953 2805 6016 αἰῶνας
2827 5953 2932 6008 τῶν
2957 5952 3185 6009 αἰώνων·
3234 5955 3427 6027 Ἀμίινι
