4100 6364
415 424 520 484 τις)

416 540 611 611 gotium
641 542 858 589 vestrum
889 528 1052 599 agatis
1071 569 1085 592 ,
1117 535 1164 581 et
1205 522 1479 594 aperemini
1520 520 1748 573 manibus
1784 517 1957 571 vestris
1976 555 1991 578 ,

422 607 477 685 iu
504 630 707 682 honeste
731 622 993 677 ambuletis
1017 619 1086 672 ad
1111 634 1195 671 eos
1225 615 1307 685 qui
1339 616 1461 685 foris
1490 621 1607 666 sunt
1637 611 1712 681 (1.
1736 607 1910 662 Thess.
1942 607 1995 659 4.

424 720 512 775 10.
546 716 669 788 Η);
696 726 750 771 et
773 728 1006 773 rursum,
1044 710 1141 776 Qui
1172 706 1435 779 furabatur
1458 746 1473 769 ,
1500 706 1610 773 jam
1640 718 1738 755 non
1772 702 2001 770 furetur:

423 813 584 881 magis
612 820 779 863 autem
809 807 1001 860 laboret
1022 802 1280 872 operando
1316 798 1546 850 manibus
1576 796 1701 859 suis,
1734 802 1785 845 ut
1819 792 1999 844 habeat

426 904 560 955 unde
584 901 769 953 tribuat
794 896 1131 950 necessitate»:
1174 890 1381 961 patienti
1406 892 1421 955 (
1451 887 1636 956 Ephes.
1660 885 1713 939 4.
1745 884 1815 937 28
1838 883 1878 953 ).
1911 882 2005 934 llic

429 996 619 1050 Paulus
666 1008 773 1046 non
821 988 1130 1057 simpliciter
1180 982 1417 1052 pra-cipit
1455 978 1698 1048 operari,
1741 975 1834 1030 sed
1883 989 2001 1027 cum

429 1098 577 1142 tanto
607 1086 791 1140 labore
812 1123 826 1145 ,
856 1092 913 1135 ut
939 1078 1282 1135 subveniatur
1311 1072 1582 1142 indigenti.
1630 1070 1695 1123 Et
1721 1068 1843 1121 alibi
1874 1081 2005 1134 quo-

428 1197 530 1251 que
556 1179 669 1243 ait,
721 1172 1111 1229 Necessitatibus
1156 1169 1316 1232 meis,
1353 1174 1397 1219 et
1441 1179 1612 1217 eorum
1660 1160 1747 1229 qui
1804 1173 2002 1210 mecum

428 1249 577 1337 sunt,
601 1272 1005 1325 ministraverunt
1032 1279 1210 1316 manus
1238 1262 1349 1312 ista:
1378 1258 1511 1327 (Act.
1546 1254 1635 1307 ‘20.
1668 1252 1779 1321 54).
1814 1251 1874 1303 Et
1901 1249 2005 1303 Co-

430 1365 642 1421 rinthiis
666 1361 875 1417 dicebat
907 1376 919 1411 :
955 1358 1082 1422 Quae
1106 1363 1174 1408 est
1200 1370 1316 1423 ergo
1344 1365 1530 1413 merces
1574 1340 1729 1399 vitea?
1760 1342 1827 1398 Ut
1855 1359 2007 1395 evan-

431 1457 617 1527 gelium
663 1451 986 1522 prtedicans,
1038 1446 1147 1500 sine
1192 1451 1396 1510 sumptu
1445 1453 1631 1507 ponam
1697 1433 2009 1503 evangelium

434 1521 528 1618 it.
560 1521 677 1598 Cor.
709 1542 760 1595 9.
793 1538 904 1610 t8).
936 1539 996 1591 Et
1030 1537 1080 1590 in
1106 1535 1371 1589 civitatem
1400 1529 1543 1582 illam
1574 1527 1814 1584 veniens,
1854 1521 2008 1575 Μηη.

432 1614 495 1691 sit
525 1634 662 1705 apud
693 1630 925 1696 Aquilam
961 1640 1005 1682 et
1034 1624 1324 1680 Priscillam
1367 1664 1382 1686 ,
1416 1631 1463 1674 et
1495 1618 1816 1689 operabatur.
1849 1614 2011 1668 Erant

432 1727 564 1780 enim
585 1721 959 1793 scenofactoriw
992 1718 1116 1771 artis
1142 1714 1291 1783 (Act.
1324 1712 1412 1768 18.
1441 1711 1476 1764 ξ).
1497 1709 1537 1782 ).
1570 1709 1694 1763 Hmc
1720 1714 1904 1761 contra
1933 1708 2014 1758 di-

435 1830 577 1872 etum
627 1815 753 1869 illud
794 1826 1028 1883 pugnare
1075 1808 1304 1861 tnaxime
1346 1803 1591 1857 videntur
1624 1799 1773 1868 :jani
1817 1798 2013 1850 solutio

436 1916 717 1967 referatur.

513 1998 901 2059 Laborandum,
942 1994 1030 2048 sed
1077 1994 1184 2047 sine
1228 1987 1584 2044 sollicitudine.
1611 1981 1835 2050 —Qnid
1886 1995 2014 2049 ergo

436 2090 917 2163 respondebimus?
942 2086 1057 2143 Non
1098 2099 1219 2141 esse
1257 2082 1544 2136 sollicitum
1577 2094 1681 2132 non
1710 2077 1975 2145 signiﬁcat
1997 2114 2012 2139 ,

438 2199 467 2237 a
500 2184 679 2238 labore
705 2195 953 2242 cessare;
986 2176 1077 2233 sed
1098 2218 1114 2240 ,
1164 2174 1318 2242 hujus
1353 2172 1531 2225 mundi
1578 2170 1738 2224 rebus
1769 2182 1872 2221 non
1904 2167 2016 2219 lue-

437 2288 557 2329 rere
578 2314 592 2338 ,
622 2272 671 2326 id
697 2281 813 2336 est,
844 2284 949 2323 non
980 2281 1099 2321 esse
1129 2263 1413 2318 sollicitum
1453 2259 1520 2314 de
1558 2259 1789 2313 crastina
1816 2257 2014 2326 quiete,

439 2367 533 2420 sed
580 2366 721 2419 illam
752 2377 934 2417 curam
984 2371 1365 2426 supervacuam
1406 2362 1611 2422 putare.
1667 2351 1846 2403 Potest
1874 2349 2015 2402 enim

438 2459 529 2528 qui
558 2466 810 2526 operatur
847 2469 951 2506 non
994 2450 1045 2505 in
1086 2448 1374 2503 crastinmn
1410 2443 1772 2498 thesaurizare
1805 2459 1815 2491 :
1847 2447 2021 2507 potest

442 2552 529 2621 qui
561 2550 768 2604 laborat
798 2561 901 2600 non
954 2543 1211 2596 sollicitus
1240 2554 1402 2593 esse:
1454 2552 1558 2588 non
1601 2534 1743 2587 enim
1791 2531 2019 2600 idipsum

442 2652 525 2696 est
574 2655 701 2696 cura
749 2645 804 2692 et
851 2634 1108 2705 operatio.
1156 2629 1271 2685 Non
1317 2638 1375 2683 ut
1404 2626 1551 2697 operi
1598 2622 1873 2677 conﬁdens
1904 2622 2022 2689 quis

443 2740 714 2802 operetur,
746 2726 837 2781 sed
863 2736 916 2779 ut
943 2724 1031 2778 det
1057 2722 1253 2791 egenti.
1282 2718 1433 2786 Quod
1461 2726 1636 2769 autem
1662 2714 1728 2767 ad
1760 2710 2020 2765 Martham

446 2801 665 2887 dicitur,
714 2835 817 2874 non
861 2818 1098 2871 laborem
1122 2824 1176 2868 et
1230 2811 1595 2881 Operationem
1639 2804 1897 2873 respicit:
1928 2801 2023 2856 sed

449 2930 657 2988 tempus
682 2909 1126 2969 considerandum
1154 2920 1274 2959 esse
1300 2904 1514 2963 statuit,
1552 2915 1724 2969 neque
1753 2894 2026 2951 concionis

449 3021 656 3079 tempus
682 3007 820 3061 circa
848 3003 1081 3059 carnalia
1109 2996 1515 3067 expendendum
1552 3009 1693 3047 esse.
1723 2990 1834 3044 Non
1869 2989 2026 3057 igitur

451 3077 572 3156 haec:
588 3100 717 3154 dicit
738 3139 753 3165 ,
786 3105 841 3150 ut
871 3096 925 3149 in
965 3091 1220 3148 desidiam
1270 3088 1415 3141 illam
1445 3084 1721 3154 conjiciat,
1750 3079 1846 3136 sed
1877 3089 1933 3131 ut
1960 3077 2025 3131 ad

451 3190 771 3248 audiendum
801 3182 1094 3245 convertat.
1126 3179 1297 3244 Veni,
1327 3178 1527 3245 inquit,
1568 3182 1627 3226 ut
1654 3188 1748 3225 vos
1781 3184 2031 3224 necessa-

452 3289 527 3341 ria
557 3286 775 3339 doceam
800 3297 814 3346 ;
846 3290 901 3333 tu
943 3277 1011 3333 de
1040 3273 1264 3345 prandio
1291 3270 1513 3325 sollicita
1547 3266 1645 3320 es?
1672 3265 1751 3319 Me
1779 3266 1859 3316 vis
1888 3262 2030 3315 exci-

453 3394 602 3449 pere,
634 3386 687 3431 et
716 3375 913 3428 lautam
946 3382 1131 3439 parare
1152 3362 1429 3419 mensam?
1456 3360 1631 3414 Alium
1662 3373 1785 3426 para
1816 3356 1991 3408 cibum
2010 3392 2025 3416 ,

458 3470 589 3523 meis
612 3464 826 3520 attende
851 3460 1188 3515 sermonibus
1208 3496 1223 3521 ,
1256 3454 1454 3509 sororis
1491 3448 1811 3504 desiderium
1854 3445 2031 3499 imita—

458 3575 536 3615 re.
581 3556 694 3611 Non
724 3568 853 3623 ergo
881 3548 1238 3619 hospitalitate
1267 3544 1512 3606 cohibet;
1559 3540 1733 3602 absit,
1774 3536 1824 3591 id
1854 3552 1921 3591 ne
1948 3536 2031 3589 di-

458 3662 634 3711 catur;
677 3648 769 3702 sed
800 3647 957 3700 docet
1000 3642 1257 3697 doctrinae
1300 3648 1537 3704 tempore
1568 3643 1760 3688 cretera
1800 3629 2032 3685 curanda

461 3763 564 3801 non
594 3759 733 3798 esse.
760 3741 892 3795 Cum
926 3754 1083 3806 porro
1113 3735 1274 3798 dicit,
1311 3728 1601 3799 Operemini
1632 3744 1732 3779 non
1760 3724 1922 3777 cibum
1950 3722 2035 3787 qui

462 3840 618 3910 perit,
648 3852 752 3889 non
793 3832 1082 3901 significat,
1113 3830 1163 3881 in
1207 3824 1408 3879 desidia
1440 3836 1559 3875 esse
1590 3818 1871 3871 vivendum
1909 3834 1920 3867 :
1952 3815 2038 3867 hic

463 3933 602 3986 enim
649 3927 876 3982 maxime
917 3923 1065 3977 cibus
1090 3928 1171 3973 est
1219 3916 1309 3985 qui
1352 3913 1521 3981 perit,
1556 3910 1574 3982 ί
1605 3910 1813 3962 Omnem
1844 3907 2039 3975 quippe

464 4021 707 4076 malitiam
752 4018 919 4070 docuit
948 4011 1140 4066 desidia
1168 4002 1355 4072 lEccli.
1386 4004 1473 4058 55.
1501 3999 1591 4072 “29]
1615 4000 1631 4070 )
1659 4018 1671 4064 ;
1704 3999 1795 4053 sed
1845 3998 2039 4050 indicat

465 4111 791 4184 operandam
820 4116 875 4161 et
918 4100 1241 4170 erogandum
1274 4111 1410 4149 esse.
1441 4093 1537 4147 llic
1564 4108 1722 4160 porro
1752 4090 1902 4142 cibus
1935 4102 2039 4139 non

470 4182 625 4280 perit.
655 4207 709 4261 Si
736 4204 855 4273 quis
893 4214 1054 4270 porro
1082 4196 1283 4251 otiosus
1312 4192 1482 4245 ventri
1515 4198 1565 4242 et
1595 4186 1797 4241 deliciis
1829 4182 2042 4236 deditus

469 4279 571 4360 sit.
599 4299 645 4353 is
681 4302 933 4365 operatur
958 4291 1134 4345 cibum
1164 4286 1251 4356 qui
1294 4285 1462 4354 perit;
1511 4289 1693 4335 contra
1738 4279 1780 4329 si
1830 4290 1949 4344 quis
1977 4289 2043 4327 cx

476 4390 656 4444 labore
685 4402 783 4440 suo
826 4383 1003 4437 cibum
1025 4423 1040 4446 ,
1082 4388 1263 4448 potum
1284 4418 1298 4441 ,
1339 4385 1537 4427 vestem
1569 4371 1779 4424 Christo
1806 4366 2039 4426 dederit,

476 4482 614 4535 hunc
642 4493 799 4532 nemo
827 4488 969 4527 sana:
1009 4470 1202 4525 mentis
1231 4468 1369 4520 dicat
1398 4463 1605 4532 operari
1636 4461 1810 4515 cibum
1836 4458 1924 4527 qui
1954 4472 2045 4525 pe-

477 4574 576 4634 rit,
604 4568 753 4636 cujus
775 4565 877 4619 cibi
906 4576 1063 4617 causa
1094 4559 1418 4629 promittitur
1445 4568 1664 4622 regnum
1689 4592 1702 4613 ,
1739 4548 2049 4617 promittun-

478 4682 562 4724 tur
593 4670 676 4721 illa
722 4666 878 4720 bona.
908 4661 1005 4715 llic
1032 4660 1180 4713 cibus
1211 4663 1468 4709 teternum
1513 4656 1708 4701 manet.
1737 4645 1885 4699 Tune
1924 4643 2046 4711 quia

480 4763 551 4816 illi
581 4760 775 4814 nullam
801 4754 918 4808 ﬁdei
950 4752 1207 4806 rationem
1239 4745 1491 4807 habuere,
1521 4755 1689 4807 neque
1713 4738 1919 4791 discere
1939 4746 2051 4786 stu-

479 4854 706 4906 duerunt
727 4848 845 4917 quis
871 4846 983 4897 hmc
1004 4842 1234 4899 fecisset,
1259 4852 1360 4905 qua
1393 4840 1669 4902 potestate,
1694 4827 1784 4881 sed
1815 4826 1864 4879 id
1890 4838 2051 4877 unum

480 4915 820 4997 eurabantut
846 4934 974 4989 nihil
1008 4927 1282 5000 operando
1309 4934 1550 4978 ventrem
1597 4918 1909 4987 implerent;
1954 4915 2052 4967 hoc

482 5035 791 5088 alimentum
840 5030 960 5095 jure
1009 5021 1214 5076 vocavit
1256 5016 1430 5071 cibum
1477 5013 1566 5081 qui
1609 5011 1762 5080 perit.
1816 5007 2054 5075 Corpora

485 5135 691 5186 vestra,
741 5118 942 5187 inquit,
987 5111 1245 5173 enutrivi,
1288 5117 1346 5161 ut
1395 5104 1517 5158 hinc
1560 5103 1715 5155 aliain
1746 5097 2056 5169 quaereretis

486 5233 660 5272 escam
691 5222 994 5267 manentem
1020 5251 1036 5274 ,
1080 5221 1196 5273 qu'e
1238 5200 1467 5254 animam
1497 5204 1728 5250 vestram
1759 5191 2016 5245 enutriret
2042 5207 2055 5242 :

485 5324 581 5362 VOS
626 5317 801 5360 autem
849 5314 1059 5356 I‘UI‘SUIII
1104 5295 1169 5348 ad
1214 5305 1476 5347 terrenam
1507 5288 1737 5341 CUl'l‘lllS.
1791 5282 1913 5337 Μθυ
1953 5296 2057 5334 ΙΙΟΙΙ

490 5402 775 5470 intelligitis
807 5413 890 5451 me
922 5411 1025 5449 non
1053 5392 1115 5443 ad
1147 5389 1291 5443 illam
1316 5399 1411 5438 vos
1439 5383 1636 5435 ducere
1668 5377 2056 5447 imperfectam,

490 5497 581 5550 sed
610 5495 675 5546 ad
709 5491 850 5544 illam
883 5503 988 5541 non
1018 5493 1411 5549 temporaneatu
1434 5515 1448 5539 ,
1490 5490 1606 5542 qua:
1634 5473 1793 5524 vitam
1827 5471 2063 5539 praebeat

492 5599 742 5644 aeternam
765 5626 777 5646 ,
808 5597 925 5652 qua:
948 5594 1051 5633 non
1076 5589 1290 5642 corpus,
1322 5569 1416 5622 sed
1444 5568 1673 5620 animam
1704 5563 1830 5615 alat.
1864 5560 2061 5615 Deinde

493 5679 613 5748 quia
642 5674 916 5744 magnilicc
943 5669 1010 5723 de
1040 5682 1098 5720 se
1127 5667 1371 5732 loquutus
1400 5660 1567 5711 fuerat
1588 5696 1600 5716 ,
1629 5669 1749 5708 cum
1778 5652 1977 5705 diceret
2003 5666 2063 5703 se

494 5743 782 5832 daturum;
809 5778 876 5819 ne
901 5763 1089 5816 iterum
1121 5754 1223 5810 hoc
1251 5752 1394 5807 dicto
1420 5747 1814 5803 olfendcrcntur
1832 5785 1846 5811 ,
1880 5752 1936 5798 ut
1964 5743 2060 5812 ipsi

1403 408 1465 463 IN
1502 403 1810 464 JOANNE.“
1854 401 2080 457 "031m.
2125 400 2305 456 XLIV.
2348 403 2417 454 al.
2463 402 2643 457 XLII].

3580 401 3685 455 2⁸ἰο

2106 515 2263 569 tidem
2296 515 2501 570 faceret
2522 557 2536 576 ,
2579 516 2776 570 donum
2801 514 2868 568 ad
2896 514 3105 568 Patrem
3138 512 3319 567 refert.
3355 512 3487 567 Cum
3512 513 3682 568 dixis-

2105 617 2187 661 set
2223 608 2363 661 enim
2389 650 2404 673 ,
2431 608 2591 673 Quem
2620 607 2788 661 Filius
2811 607 3027 660 hominis
3056 606 3191 660 vobis
3217 605 3355 658 dabit
3376 623 3397 672 ;
3428 605 3685 671 subdidit,

2110 698 2259 751 Hunc
2288 700 2420 751 enim
2445 698 2601 752 Pater
2642 700 2857 769 signavit
2887 697 3062 752 Deus:
3094 698 3195 750 hoc
3232 705 3348 761 est,
3396 696 3684 765 Pmpterea

2108 790 2254 843 misit
2282 791 2370 859 qui
2399 789 2540 845 hunc
2563 790 2715 844 vobis
2738 789 2912 843 cibum
2941 788 3124 842 ferret.
3148 788 3297 856 Quod
3326 788 3481 863 aliter
3513 798 3688 856 potest

2110 882 2385 949 explicari.
2419 881 2549 934 Nam
2581 881 2705 935 alibi
2738 896 2949 950 quoque
2978 879 3220 933 Christus
3246 878 3374 932 dicit
3404 897 3416 930 :
3454 878 3552 943 Qui
3593 896 3687 930 au-

2109 975 2182 1026 dit
2224 990 2474 1027 sermones
2514 990 2648 1027 meos
2675 1015 2691 1040 ,
2731 974 2863 1026 hunc
2897 973 3110 1043 signavit
3162 971 3353 1035 Pater,
3386 973 3504 1039 quia
3550 970 3688 1025 Deus

2109 1081 2261 1119 verax
2282 1075 2352 1117 est
2375 1065 2393 1133 (
2416 1065 2572 1116 Joan.
2605 1066 2657 1118 5.
2686 1062 2813 1132 55);
2845 1062 2946 1117 hoc
2974 1073 3049 1116 est
3073 1105 3085 1127 ,
3117 1061 3392 1116 Manifestc
3422 1062 3687 1124 ostendit;

2112 1157 2162 1210 id
2184 1156 2323 1226 quod
2362 1156 2488 1209 mihi
2516 1165 2570 1209 et
2615 1155 2701 1210 hic
2727 1155 2933 1209 videtur
2973 1153 3316 1208 subindicari.
3363 1151 3503 1205 Nihil
3546 1151 3690 1204 enim

2110 1251 2251 1304 aliud
2280 1260 2396 1314 est,
2440 1249 2673 1319 Signavit
2716 1247 2894 1313 Pater,
2923 1262 3080 1317 quam
3126 1245 3396 1309 ostendit,
3430 1244 3692 1298 revelavit

2116 1341 2415 1396 testimonio
2442 1356 2558 1395 suo.
2590 1340 2660 1395 Se
2690 1340 2831 1395 enim
2861 1340 2974 1408 ipse
2996 1337 3229 1391 ostendit
3253 1354 3267 1399 ;
3298 1337 3420 1404 quia
3449 1350 3574 1389 vero
3597 1334 3691 1388 Ju-

2114 1437 2259 1489 dzeos
2290 1435 2697 1504 alloquebatur,
2732 1434 2905 1487 Patris
2952 1430 3315 1485 testimonium
3365 1429 3417 1481 in
3459 1426 3692 1481 medium

2115 1526 2355 1580 adduxﬂ.

2185 1621 2239 1674 2.
2299 1620 2343 1672 Α
2397 1619 2503 1671 Deo
2556 1632 2669 1687 qua:
2723 1626 2885 1687 petere
2947 1623 3337 1667 consentaneum
3378 1620 3471 1675 es',
3526 1617 3698 1676 peten-

2117 1715 2255 1765 dum.
2289 1711 2626 1765 Pt'a’sentittttt
2682 1725 2848 1761 rerum
2885 1709 3098 1759 vanitas.
3149 1703 3352 1757 Futura
3390 1701 3697 1755 immortalia

2117 1813 2268 1865 sunt,
2298 1803 2397 1854 sive
2437 1800 2723 1870 supplicia,
2756 1799 2856 1850 sive
2900 1797 3127 1867 praemia.
3163 1824 3235 1834 —
3279 1794 3556 1847 lliscainus
3604 1792 3699 1843 ita-

2119 1908 2222 1963 que
2247 1933 2262 1953 .
2292 1892 2502 1955 dilecti,
2537 1891 2622 1943 illa
2654 1905 2681 1941 a
2708 1889 2821 1945 Deo
2851 1896 3033 1957 petere
3067 1901 3185 1955 quae
3212 1884 3276 1938 ab
3300 1884 3387 1937 illo
3415 1892 3701 1936 consenta-

2121 2000 2278 2039 neum
2332 1992 2413 2037 est
2456 1991 2658 2051 petere.
2707 1979 2989 2033 Szecularia
3040 1978 3222 2042 enim,
3277 1991 3489 2043 quoquo
3539 1972 3700 2026 modo

2119 2075 2396 2139 accidant,
2432 2072 2564 2126 nihil
2606 2071 2836 2124 afferunt
2881 2068 3209 2123 nocumenti.
3259 2042 3409 2126 Nam,
3434 2066 3478 2117 si
3509 2042 3704 2117 ditabi-

2121 2184 2240 2221 niur
2259 2210 2274 2233 ,
2304 2167 2390 2220 hic
2418 2174 2622 2219 tantum
2648 2164 2851 2218 deliciis
2882 2164 3154 2217 fruemur:
3183 2161 3226 2214 si
3255 2163 3308 2214 in
3336 2168 3704 2229 paupertatem

2122 2260 2465 2315 inciderimus
2487 2300 2500 2323 ,
2533 2258 2665 2312 nihil
2691 2257 2903 2311 molesti
2934 2257 3214 2325 patiemur.
3259 2256 3383 2309 Sive
3413 2269 3665 2323 prospera
3686 2295 3703 2317 ,

2123 2352 2236 2407 sive
2262 2351 2429 2405 tristia
2468 2349 2746 2413 accidant,
2777 2350 2882 2402 vim
2928 2348 3125 2401 nullam
3156 2347 3223 2400 ad
3253 2347 3579 2415 voluptatem
3620 2345 3707 2400 vel

2125 2444 2393 2498 tristitiam
2422 2443 2618 2497 habent
2638 2483 2653 2508 ,
2682 2442 2777 2496 sed
2806 2449 3027 2510 utraque
3053 2439 3442 2494 contemnenda
3463 2481 3478 2503 ,
3505 2449 3557 2491 ut
3586 2452 3707 2506 quas

2125 2552 2285 2607 quam
2311 2535 2590 2590 celerrime
2630 2540 2922 2587 transeant.
2956 2532 3078 2586 Ideo
3108 2532 3221 2585 hinc
3248 2531 3369 2600 jure
3397 2531 3478 2583 via
3508 2545 3709 2583 vocan-

2128 2637 2233 2694 tur,
2262 2626 2401 2697 quod
2426 2635 2764 2696 praetereant,
2791 2639 2887 2679 nec
2908 2623 2997 2677 diu
3023 2634 3293 2676 maneant.
3325 2621 3520 2675 Futura
3546 2621 3708 2675 vero‘

2129 2734 2350 2792 utraque
2378 2718 2698 2776 immortalia
2725 2727 2882 2781 sunt,
2919 2726 3025 2770 tam
3066 2715 3407 2785 supplicium,
3433 2729 3589 2783 quam
3616 2729 3710 2767 re-

2128 2830 2312 2885 gnum.
2345 2813 2498 2867 Circa
2530 2812 2645 2865 hinc
2694 2824 2936 2878 magnam
2979 2822 3224 2876 geramus
3261 2805 3707 2870 sollicitudinem,

2131 2918 2189 2960 ut
2219 2908 2304 2959 illa
2338 2905 2598 2972 fugiamus
2623 2944 2637 2968 ,
2672 2900 2787 2954 htec
2828 2913 3195 2968 assequamur.
3227 2897 3363 2964 Quid
3395 2896 3538 2951 enim
3567 2896 3712 2948 utili-

2134 3000 2255 3053 tatis
2283 3012 2348 3050 ex
2393 2995 2744 3065 praesentibus
2768 2991 3018 3047 deliciis?
3047 2990 3214 3043 Hodie
3245 2998 3369 3042 sunt
3389 3029 3401 3050 ,
3435 3002 3557 3041 cras
3580 3002 3710 3040 avo-

2134 3090 2318 3144 labunt
2351 3106 2363 3141 :
2392 3087 2550 3141 hodie
2580 3085 2679 3140 ﬂos
2705 3094 2826 3138 sunt
2857 3082 3189 3153 splendidus,
3212 3096 3333 3135 cras
3358 3091 3513 3134 erunt
3540 3080 3713 3150 pulvis

2133 3185 2437 3253 dispersus:
2465 3180 2620 3234 hodie
2648 3179 2783 3249 ignis
2802 3190 3079 3240 accensus,
3105 3190 3223 3228 cras
3244 3174 3378 3227 cinis
3399 3174 3713 3227 exstinctus.

2135 3275 2439 3344 Spiritualia
2489 3288 2615 3327 vero
2656 3287 2763 3326 non
2813 3268 3117 3339 hujusmodi
3155 3277 3312 3330 sunt;
3357 3265 3451 3319 sed
3501 3280 3714 3332 semper

2136 3372 2276 3424 clara
2294 3378 2349 3422 et
2370 3367 2575 3431 ﬂorida,
2599 3364 2828 3434 atquein
2850 3363 2965 3418 dies
2985 3359 3344 3430 splendidiora
3361 3358 3611 3412 evadunt.
3641 3357 3716 3408 Di~

2138 3464 2276 3516 vitia:
2296 3462 2398 3515 illa:
2422 3474 2705 3528 numquam
2726 3465 2965 3526 pereunt,
2988 3468 3271 3523 numquam
3298 3449 3711 3514 transferuntur,

2138 3556 2222 3608 vel
2258 3562 2488 3617 cessant,
2511 3564 2796 3618 numquam
2819 3546 3250 3606 sollicitudinem,
3276 3542 3524 3597 invidiam
3551 3553 3603 3595 et
3627 3556 3719 3594 ca-

2142 3644 2395 3700 lumniam
2430 3642 2659 3695 afferunt
2681 3681 2695 3701 ,
2741 3653 2848 3692 non
2874 3651 3068 3704 corpus
3105 3634 3349 3703 perdunt,
3369 3649 3471 3686 non
3489 3632 3721 3686 animam

2140 3744 2510 3803 corrumpunt,
2533 3747 2634 3785 non
2657 3731 2877 3783 livorem
2899 3727 2978 3780 vel
3008 3725 3260 3779 invidiam
3283 3721 3575 3778 attrahunt;
3601 3737 3719 3785 quae

2142 3826 2323 3882 omnia
2353 3827 2404 3879 in
2436 3824 2583 3878 hisce
2613 3821 2951 3888 reperiuntur
2971 3817 3188 3870 divitiis.
3214 3814 3391 3870 Gloria
3423 3813 3509 3865 illa
3537 3829 3639 3864 non
3671 3812 3720 3862 in

2143 3919 2500 3990 arrogantiam
2531 3915 2774 3977 extollit,
2807 3927 2912 3966 non
2938 3919 3202 3963 tumorem
3232 3906 3401 3963 parit.
3432 3918 3719 3972 numquam

2144 4020 2352 4074 cessat,
2383 4009 2468 4063 vel
2499 4008 2835 4061 obscuratur.
2867 4001 3029 4069 Quies
3057 4009 3215 4068 atque
3242 3996 3446 4051 delicim
3493 3994 3546 4047 in
3589 3993 3722 4045 cado

2146 4114 2417 4178 perpetua:
2460 4107 2712 4164 manent,
2760 4110 2974 4165 semper
3018 4094 3255 4146 immotae
3301 4097 3357 4143 et
3398 4086 3726 4141 immortales

2147 4202 2262 4254 sine
2284 4197 2390 4250 ullo
2417 4194 2524 4248 ﬁne
2549 4192 2637 4246 vel
2659 4189 2908 4244 termino.
2940 4186 3088 4239 Hanc
3108 4225 3122 4247 ,
3152 4182 3377 4237 obsecro
3401 4221 3413 4242 ,
3440 4180 3600 4231 vitam
3636 4176 3728 4229 de-

2148 4289 2464 4344 sideremus.
2493 4282 2546 4337 Si
2577 4281 2716 4336 enim
2740 4279 2908 4347 ipsam
2928 4264 3232 4344 cupiamus,
3266 4270 3461 4324 nullam
3487 4280 3729 4337 prcescn-

2153 4381 2283 4433 tium
2312 4376 2572 4431 rationem
2619 4371 2967 4433 habebimus,
3020 4365 3115 4421 sed
3144 4364 3258 4418 haec
3285 4362 3462 4415 omnia
3509 4374 3727 4428 sperne-

2154 4485 2270 4524 mus
2317 4476 2373 4523 et
2417 4464 2800 4521 deridebitnus.
2859 4459 3082 4515 Etiamsi
3113 4458 3233 4527 quis
3277 4471 3373 4509 nos
3426 4455 3479 4507 in
3528 4453 3726 4522 regiam

2153 4568 2359 4625 evocet,
2382 4572 2488 4626 quo
2516 4555 2645 4608 nihil
2671 4553 2874 4608 beatius
2895 4549 3247 4607 existimatur,
3278 4560 3382 4598 non
3408 4557 3729 4605 annuemus,

2155 4651 2246 4705 tali
2290 4663 2479 4716 nempe
2523 4644 2637 4699 fulti
2667 4658 2798 4712 spe;
2830 4657 2950 4694 nam
2983 4640 3046 4693 iis
3067 4681 3080 4699 ,
3109 4638 3197 4707 qui
3229 4636 3515 4690 C:l'lcslillm
3549 4650 3732 4685 amore

2156 4741 2293 4809 capti
2342 4748 2464 4793 sunt
2489 4778 2503 4801 ,
2534 4736 2585 4790 id
2620 4734 2725 4787 vile
2751 4742 2803 4787 et
2830 4731 3028 4784 nullius
3056 4727 3206 4796 pretii
3253 4736 3545 4795 reputatur.
3572 4724 3734 4789 Quid-

2158 4832 2283 4902 quid
2310 4831 2450 4884 euim
2501 4826 2656 4880 ﬁnem
2707 4823 2896 4887 habet,
2927 4835 3031 4874 non
3062 4817 3344 4873 admodum
3374 4816 3732 4885 expetendum

2159 4933 2239 4978 est
2285 4939 2298 4974 :
2350 4918 2489 4988 quod
2539 4925 2747 4980 cessat,
2789 4924 2843 4968 et
2890 4912 3047 4966 hodie
3094 4917 3205 4974 est,
3245 4921 3297 4963 ct
3341 4923 3460 4961 cras
3504 4908 3735 4973 desiuit,

2161 5012 2367 5069 etiamsi
2399 5009 2709 5072 maximum,
2741 5020 2988 5074 perquam
3020 5003 3292 5056 minimum
3321 5012 3374 5055 et
3394 5010 3739 5054 contemnen-

2163 5107 2288 5161 dum
2317 5104 2549 5157 videtur.
2569 5099 2646 5154 Ne
2676 5098 2834 5167 igitur
2859 5111 2919 5149 ea
2946 5110 3065 5165 quae
3095 5094 3299 5163 fugiunt
3325 5103 3376 5147 et
3403 5092 3739 5152 dilabuntur,

2164 5195 2260 5251 sed
2285 5210 2403 5264 qua:
2432 5195 2648 5245 immota
2676 5197 2894 5242 manent
2936 5195 3206 5240 sectemur
3232 5226 3245 5249 ,
3275 5195 3331 5236 ut
3362 5183 3452 5236 illa
3485 5182 3740 5249 consequi

2166 5289 2432 5358 possimus
2458 5326 2471 5347 ,
2502 5283 2669 5354 gratia
2699 5290 2753 5335 et
2799 5278 3124 5348 benignitate
3170 5275 3379 5328 Domini
3419 5272 3587 5325 nostri
3616 5270 3743 5324 .lesu

2164 5382 2394 5446 Christi,
2428 5396 2522 5450 per
2544 5392 2700 5448 quem
2728 5386 2782 5430 et
2808 5389 2928 5429 cum
2953 5387 3059 5443 quo
3086 5370 3226 5426 Patri
3256 5367 3420 5439 gloria
3444 5409 3460 5434 ,
3482 5365 3744 5431 simulque

2167 5477 2383 5547 Spiritui
2410 5482 2593 5529 sancto
2617 5514 2630 5534 ,
2664 5484 2803 5524 nunc
2832 5477 2886 5522 et
2911 5480 3120 5534 semper
3140 5504 3155 5529 ,
3191 5470 3245 5516 et
3271 5462 3320 5513 in
3352 5458 3546 5513 saecula
3571 5472 3677 5511 Sa-t:
3702 5479 3741 5506 l-

2170 5571 2360 5622 lorum.
2397 5568 2588 5619 Amen.

2234 5703 2343 5754 'Aln
2362 5703 2542 5751 habent
2566 5713 2578 5749 ε
2612 5696 2838 5747 tdeolnec
2861 5709 2889 5742 α
2916 5703 3009 5743 nco
3032 5692 3107 5740 via
3128 5694 3379 5747 vocantur,
3404 5686 3478 5737 riu
3504 5685 3621 5746 lata,
3644 5686 3739 5736 riu-

2170 5781 2259 5831 qne
2282 5774 2480 5830 augusta
2500 5770 2544 5813 et
2568 5763 2818 5823 angoribus
2840 5756 2998 5821 plena.
3026 5760 3207 5804 Futura
3224 5762 3350 5800 vero.
