4100 6364
371 378 471 433 251

1123 371 1179 427 8.
1206 370 1483 429 JOANNIS
1511 368 1980 451 CHRYSOSTOMI
2017 370 2334 428 ARCIIIEP.
2364 374 2891 438 CONSTANTINOP.

3534 399 3635 452 952

377 724 513 779 Cn.
560 724 613 779 6.
643 739 695 778 ν.
738 722 830 777 28.
874 720 1121 777 Dixerunt
1164 737 1282 789 ergo
1315 719 1383 772 ad
1434 735 1593 773 eum:
1627 718 1762 784 Quid
1801 719 1961 789 faeie-

451 832 563 868 mus
583 857 597 878 ,
626 824 686 867 ut
708 830 971 883 operemur
990 829 1146 880 opera
1175 811 1304 865 Dei?
1322 810 1413 866 29.
1439 810 1504 864 Et
1528 810 1656 864 dixit
1683 812 1753 863 eis
1772 809 1925 863 Iesus
1944 825 1963 862 :

458 905 566 959 lloc
594 915 665 958 est
694 921 820 974 opus
848 903 972 967 Dei,
1000 912 1053 956 ut
1081 902 1296 955 credatis
1318 903 1369 954 in
1390 918 1504 954 eum
1525 918 1670 967 quem
1695 900 1828 952 misit
1853 900 1959 953 ille.

454 998 543 1053 30.
578 998 827 1050 Dixerunt
856 1013 973 1065 ergo
1004 994 1048 1047 ei
1078 1012 1096 1045 :
1130 993 1279 1059 Quod
1294 1010 1413 1062 ergo
1438 1001 1489 1044 tu
1505 993 1632 1062 facis
1657 992 1874 1061 signant,
1910 999 1962 1042 ut

451 1093 709 1145 videamus
736 1102 781 1143 et
802 1090 1067 1143 credamus
1090 1086 1219 1140 tibi?
1239 1086 1362 1156 quid
1396 1085 1662 1155 operaria?

451 1185 502 1237 ³1.
536 1182 682 1237 Gula:
708 1184 972 1253 pernicies.
1004 1212 1074 1221 —-
1099 1180 1242 1233 Nihil
1264 1180 1384 1247 gula
1410 1178 1665 1242 deterius,
1696 1175 1826 1229 nihil
1850 1184 1963 1230 tur-

374 1277 518 1344 pius.
544 1275 668 1330 llzec
697 1276 946 1329 obtusum
969 1282 1023 1327 et
1047 1286 1283 1327 crassum
1308 1270 1596 1340 ingenium,
1626 1268 1738 1321 hate
1767 1281 1961 1321 carna-

377 1370 480 1422 lem
506 1370 733 1421 :Inimatn
768 1367 960 1431 reddit,
992 1367 1104 1419 haec
1121 1372 1371 1426 excaecat,
1404 1377 1501 1417 nec
1520 1362 1646 1414 sinit
1672 1360 1957 1427 respicere.

376 1460 758 1515 Animadverte
799 1458 1068 1528 quomodo
1110 1457 1223 1510 hinc
1247 1455 1445 1509 ludatis
1487 1452 1796 1507 acciderint.
1824 1451 1958 1505 Cum

376 1552 519 1605 enim
547 1550 683 1619 gulze
715 1549 1001 1609 inhiantes,
1035 1547 1311 1600 smcularia
1339 1546 1507 1598 solum
1537 1543 1772 1611 nihilque
1800 1542 1961 1610 Spiri-

374 1643 519 1695 tuale
540 1642 857 1710 cogitarent,
890 1638 1072 1692 multis
1105 1637 1222 1690 illos
1261 1635 1505 1689 Christus
1524 1634 1701 1686 verbis
1728 1633 1958 1697 excitat,

375 1732 666 1787 acrimonia
694 1740 747 1786 et
772 1729 1097 1800 indulgentia
1128 1728 1320 1797 plenis.
1344 1726 1526 1796 Neque
1552 1736 1728 1778 tamen
1761 1726 1837 1779 sic
1863 1741 1958 1778 ex-

370 1825 631 1891 citantur,
675 1823 769 1878 sed
814 1821 989 1876 adhuc
1036 1820 1180 1873 humi
1225 1820 1425 1887 jaceat.
1458 1818 1704 1870 Animum
1732 1816 1956 1879 adhibe,

374 1930 592 1984 quaeso;
620 1915 826 1968 dixerat
865 1914 944 1968 eis
970 1930 987 1967 :
1014 1911 1253 1977 Quazritis
1300 1925 1377 1961 me
1399 1950 1413 1974 ,
1442 1925 1545 1961 non
1594 1909 1712 1977 quia
1766 1908 1959 1961 vidistis

372 2006 540 2076 signa,
562 2005 649 2059 sed
669 2005 789 2074 quia
804 2003 1146 2056 manducastis
1170 2017 1231 2054 ea:
1254 1999 1483 2069 panibus,
1509 2008 1555 2051 et
1578 1999 1792 2051 saturati
1818 1999 1955 2052 estis.

373 2095 596 2152 Incessit
638 2096 758 2151 illos
799 2095 1106 2165 arguendo:
1133 2091 1367 2147 ostendit
1421 2106 1664 2160 quamam
1722 2090 1791 2151 sit
1835 2105 1958 2143 esca

373 2188 682 2258 qua-renda,
712 2204 832 2242 cum
864 2187 957 2251 ait,
991 2184 1298 2255 Operemiui,
1346 2200 1445 2235 non
1474 2182 1636 2235 cibum
1665 2183 1748 2251 qui
1781 2182 1907 2250 perit
1940 2197 1959 2236 :

377 2280 525 2334 addit
560 2281 833 2349 praemium
860 2279 947 2333 his
975 2278 1171 2341 verbis,
1204 2276 1309 2331 Sed
1332 2276 1415 2344 qui
1446 2285 1699 2345 permanet
1727 2277 1778 2329 in
1807 2276 1959 2329 vitam

375 2382 617 2425 retentam
651 2387 669 2423 :
693 2369 887 2425 deinde
910 2385 1096 2423 eorum
1130 2368 1418 2437 objectioni
1449 2368 1696 2431 occurrit,
1730 2367 1958 2423 dicendo

375 2476 433 2515 se
459 2477 487 2515 a
514 2461 672 2516 Patre
694 2462 914 2515 missum
942 2475 1061 2514 esse
1083 2460 1181 2529 (α).
1215 2459 1351 2526 Quid
1376 2476 1504 2529 ergo
1534 2460 1648 2513 illi?
1676 2459 1834 2525 Quasi
1873 2460 1957 2514 ni-

376 2553 449 2604 hil
473 2552 767 2618 audissent,
800 2551 937 2616 Quid
966 2568 1083 2622 ergo
1123 2552 1383 2620 faciemus,
1411 2552 1673 2621 inquiunt,
1696 2560 1748 2602 ut
1779 2568 1956 2620 opere-

374 2660 488 2695 ntur
517 2660 670 2711 opera
698 2643 829 2697 Dei?
857 2642 978 2695 llzcc
1002 2657 1162 2711 porro
1187 2642 1456 2709 dicebant,
1484 2659 1589 2697 non
1612 2654 1664 2697 ut
1689 2645 1958 2700 discerent

372 2742 428 2787 et
458 2734 712 2799 facerent,
741 2743 799 2787 ut
819 2734 1092 2801 sequentia
1124 2734 1443 2799 ostendunt;
1463 2734 1561 2788 sed
1593 2744 1650 2788 ut
1677 2749 1860 2788 rursus
1889 2735 1954 2789 ad

368 2826 549 2879 cibum
577 2823 914 2895 praebendum
935 2825 1266 2889 inducerent,
1294 2836 1348 2879 et
1371 2825 1546 2879 denuo
1566 2835 1952 2882 saturarentur.

371 2916 507 2983 Quid
535 2932 661 2985 ergo
699 2915 983 2970 Christus?
1012 2914 1122 2968 Hoc
1165 2926 1235 2968 est
1263 2932 1390 2984 opus
1420 2914 1536 2981 Dei,
1564 2926 1615 2969 ut
1640 2918 1857 2971 credatis
1900 2920 1956 2971 in

372 3026 488 3062 eum
516 3025 663 3077 quem
690 3008 823 3059 misit
851 3008 953 3060 ille.
993 3007 1072 3061 Ad
1108 3006 1221 3060 Itmc
1250 3007 1321 3060 illi
1355 3025 1366 3060 :
1401 3006 1547 3072 Quod
1572 3009 1771 3078 signum
1803 3011 1950 3080 facis,

371 3112 426 3155 ut
453 3102 709 3152 videamus
736 3109 781 3152 et
808 3098 1112 3151 credamus?
1133 3100 1220 3151 3|.
1255 3097 1437 3152 Patres
1465 3101 1623 3152 nostri
1669 3101 1951 3155 manduca-

368 3200 544 3245 verunt
566 3207 750 3243 manna
797 3190 851 3242 in
890 3191 1103 3242 deserto.
1136 3190 1274 3244 Nihil
1308 3191 1389 3243 bis
1437 3191 1792 3260 insipientius,
1822 3196 1951 3250 nihil

369 3285 601 3339 stultius.
623 3282 756 3337 Cum
789 3283 997 3352 signum
1020 3282 1192 3337 adhuc
1216 3284 1267 3337 in
1296 3284 1465 3337 oculis
1487 3297 1645 3346 esset.
1675 3303 1737 3340 ac
1757 3289 1801 3342 si
1832 3289 1952 3341 nul-

369 3376 479 3429 lum
504 3374 698 3428 factum
726 3382 888 3437 esset,
907 3372 1172 3439 dicebant,
1202 3373 1350 3439 Quod
1376 3375 1576 3444 signum
1596 3378 1757 3446 facis?
1780 3394 1952 3449 neque

375 3466 478 3536 ipsi
504 3466 775 3534 optionem
819 3463 956 3533 signi
983 3464 1317 3532 relinquunt;
1350 3466 1441 3519 sed
1473 3475 1657 3535 putant
1682 3483 1739 3521 se
1759 3470 1823 3522 ad
1856 3486 1951 3525 ne-

366 3563 668 3617 cessitatem
698 3561 846 3614 illum
878 3558 1194 3613 reducturos
1211 3574 1349 3626 esse,
1378 3570 1433 3613 ut
1459 3562 1722 3616 nonaliud
1743 3564 1950 3634 signum

368 3653 585 3719 faceret,
647 3668 805 3722 quam
856 3651 996 3721 quod
1052 3652 1316 3721 majorum
1370 3668 1587 3708 suorum
1620 3660 1950 3727 temporibus

367 3748 563 3801 factum
586 3757 688 3801 est.
716 3746 840 3799 Ideo
860 3745 1045 3799 dicunt
1073 3763 1085 3798 :
1115 3743 1299 3797 Patres
1342 3746 1499 3799 nostri
1524 3748 1952 3804 manducauerunt

368 3854 555 3890 manna
581 3838 631 3890 in
654 3837 883 3898 deserto;
908 3835 1006 3888 hoc
1031 3835 1189 3888 modo
1216 3850 1275 3889 se
1305 3835 1450 3888 illiilli
1481 3838 1805 3893 excitaturus
1833 3857 1951 3897 θεςθ

367 3939 635 3998 putantes,
683 3938 734 3981 ut
792 3926 1094 3994 hnjusmodi
1145 3928 1351 3996 signum
1386 3928 1602 3996 faceret,
1654 3932 1792 3999 quod
1832 3933 1950 3988 illos

366 4022 652 4075 carnaliter
699 4031 841 4073 atere
870 4028 1069 4087 posset.
1100 4020 1206 4072 Cur
1236 4020 1377 4073 enim
1409 4036 1513 4074 non
1545 4022 1684 4076 aliud
1707 4039 1771 4077 ex
1801 4027 1949 4095 prio-

366 4112 513 4166 ribus
552 4112 716 4179 signis
758 4112 1406 4165 commemoraruntzetsi
1438 4102 1602 4167 multa
1644 4123 1769 4169 tunc
1817 4118 1950 4172 facta

369 4204 589 4257 fuissent
627 4204 679 4255 in
708 4201 961 4271 {Egypto,
994 4203 1045 4254 iu
1078 4202 1234 4267 mari,
1264 4203 1314 4255 in
1346 4202 1591 4271 deserto;
1632 4206 1727 4260 sed
1775 4208 1948 4262 solum

366 4310 557 4347 manna
592 4292 908 4361 proferunt?
938 4306 1111 4344 annon
1140 4292 1261 4360 quia
1288 4291 1489 4348 ventris
1528 4296 1806 4364 tyrannide
1850 4298 1949 4352 ad-

366 4385 579 4439 modum
600 4384 953 4438 tenebautur?
977 4384 1253 4450 Quomodo
1280 4394 1455 4439 autem
1479 4401 1574 4440 vos
1604 4390 1689 4456 qui
1716 4390 1950 4459 prophe-

365 4487 471 4530 tam
503 4477 646 4530 illiilli
676 4477 922 4538 vocastis,
960 4476 1046 4544 qui
1079 4491 1258 4545 regem
1288 4477 1458 4545 ipsum
1504 4481 1833 4535 constituere
1856 4500 1951 4537 vo-

365 4570 557 4633 luistis,
581 4569 700 4637 quia
731 4569 937 4635 signum
969 4567 1239 4633 videratis,
1272 4585 1414 4623 nunc
1434 4585 1496 4623 ac
1524 4572 1568 4624 si
1598 4573 1727 4627 nihil
1753 4574 1947 4631 factum

364 4663 453 4721 sit,
484 4660 670 4729 ingrati
692 4668 746 4714 et
776 4658 957 4727 perﬁdi
983 4660 1130 4723 estis,
1179 4668 1233 4713 et
1278 4661 1485 4729 signum
1514 4664 1712 4729 petitis,
1744 4668 1948 4733 parasi-

365 4760 538 4806 torum
562 4760 615 4803 et
636 4766 824 4803 canunt
853 4751 1212 4804 fatnelicorum
1236 4766 1418 4805 vocem
1445 4753 1788 4809 eminentes?
1810 4774 1950 4813 nunc

362 4843 517 4897 vobis
546 4857 738 4894 manna
762 4841 1101 4894 admirationi
1129 4850 1230 4904 est,
1254 4858 1373 4895 cum
1394 4846 1568 4897 anima
1601 4856 1772 4901 vestra
1809 4848 1944 4902 deti-

365 4936 439 4988 cit
464 4934 519 4986 ‘?
555 4932 621 4986 Et
652 4931 867 4986 adverte
896 4933 1139 4986 ironiam.
1166 4932 1281 4986 Non
1310 4920 1577 5001 dixerunt,
1607 4936 1816 5008 Moyses
1848 4942 1949 4996 hoc

364 5027 487 5081 fecit
514 5026 745 5095 signum,
775 5033 829 5077 tu
860 5025 984 5093 quid
1013 5026 1177 5080 facis?
1199 5042 1266 5080 ne
1294 5027 1439 5080 illtun
1462 5028 1827 5096 concitarent;
1853 5033 1946 5087 sed

362 5119 656 5174 honoriﬁce
693 5116 979 5170 admodum
1035 5118 1380 5187 compellant,
1420 5119 1596 5173 cibum
1637 5132 1949 5191 exspectan-

426 5252 499 5315 (a)
533 5249 914 5323 oii'eudebantur
937 5249 1084 5323 .ludzei
1111 5250 1244 5323 quod.
1264 5258 1494 5323 putarent
1519 5251 1763 5323 Christum
1785 5267 1848 5323 es
1871 5269 1949 5305 se-

363 5312 577 5376 metipso
602 5321 654 5360 et
689 5326 751 5360 ex
772 5312 1275 5376 auctoritatqpropria
1301 5314 1429 5373 loqui
1460 5315 1621 5376 {quod
1648 5315 1838 5364 etiamsi
1868 5332 1947 5366 ve-

365 5390 467 5424 rum
494 5371 643 5429 esset,
666 5381 721 5422 ut
742 5387 875 5433 smpe
898 5372 1013 5420 dicit
1037 5371 1432 5434 Chrysostomus,
1460 5371 1677 5425 Christus
1707 5384 1867 5426 tamen
1892 5380 1950 5427 il-

361 5439 519 5485 lorum
544 5434 869 5483 imbecillitati
892 5447 948 5482 se
978 5441 1333 5501 attemperans,
1361 5451 1469 5501 eum
1508 5436 1717 5485 nondum
1757 5447 1948 5501 tempus

363 5505 500 5546 esset
542 5497 844 5545 divinitatem
881 5508 1015 5544 suam
1062 5494 1418 5551 mauifestandi,
1444 5510 1501 5546 se
1540 5511 1565 5546 a
1606 5507 1705 5547 Deo
1731 5507 1782 5548 et
1807 5494 1946 5550 Patre

365 5562 560 5621 nussum
571 5558 776 5621 dicebat
794 5594 806 5617 ,
832 5558 961 5621 quod
984 5556 1181 5621 quidem
1208 5559 1510 5607 verissimum
1537 5568 1675 5621 erat;
1701 5562 1788 5610 sed
1816 5571 1949 5613 tace-

362 5619 445 5669 bat
467 5618 683 5684 illud,_s_e
702 5633 796 5684 non
832 5618 982 5667 t‘atris
1005 5619 1163 5684 modo,
1198 5621 1286 5669 sed
1311 5634 1396 5669 sua
1421 5635 1618 5684 quoque
1652 5618 1945 5674 auctoritate

361 5682 573 5742 operari.
609 5678 713 5729 Hoc
754 5682 912 5742 ipsum
942 5694 1037 5728 non
1070 5680 1209 5741 facit,
1252 5695 1361 5731 cum
1400 5678 1457 5732 se
1490 5678 1700 5734 a'Patre
1745 5688 1947 5737 missum

364 5738 494 5791 dicit.

430 5805 445 5832 ί
482 5802 621 5869 savii.
650 5800 789 5871 legit.
814 5802 1089 5871 iturtcuobis
1122 5818 1295 5856 manna
1333 5805 1644 5858 admirationi
1674 5815 1743 5859 est
1773 5808 1797 5859 ἴ)
1820 5810 1933 5871 jam

352 5870 454 5910 non
474 5860 639 5911 auium
662 5860 813 5913 vestra
836 5862 1015 5928 der/icit.

2070 727 2169 774 tes.
2202 721 2384 791 Neque
2408 726 2568 781 etiam
2619 728 2888 801 dixerunt,
2922 736 3061 793 Deus
3088 738 3191 795 hoc
3245 744 3384 805 fecit.
3423 757 3475 803 tu
3518 767 3647 806 vero

2066 810 2193 880 quid
2247 814 2419 869 facis?
2473 835 2540 872 ne
2586 821 2895 880 viderentur
2952 829 3099 884 illum
3156 833 3263 890 Deo
3329 853 3643 912 exaequare;

2069 918 2241 971 neque
2267 905 2501 977 Moysem
2529 924 2847 981 memorant,
2893 934 2960 973 ne
3000 921 3283 981 videantur
3310 928 3644 991 humiliorem

2067 992 2241 1049 facere
2263 1014 2276 1060 ;
2302 1000 2393 1052 sed
2425 1001 2479 1054 in
2505 1006 2679 1058 medio
2706 1006 2756 1060 id
2795 1023 3105 1080 posuerunt,
3153 1017 3431 1077 dicentes:
3466 1025 3646 1084 Patres

2066 1090 2226 1141 nostri
2254 1093 2679 1151 manducaverunt
2717 1116 2901 1155 manna
2927 1105 2978 1156 in
3001 1105 3213 1163 deserto.
3261 1112 3476 1170 Poterat
3520 1135 3646 1175 vero

2065 1176 2309 1235 Christus
2336 1184 2536 1250 dicere,
2560 1188 2727 1258 Majus
2770 1209 2909 1248 nunc
2938 1197 3248 1256 miraculum
3295 1206 3458 1275 edidi,
3487 1226 3646 1279 quam

2065 1269 2294 1342 Moyses,
2324 1291 2423 1330 nec
2449 1279 2598 1349 ,virga
2620 1324 2635 1347 ,
2670 1298 2769 1338 nec
2817 1291 3124 1355 precatione
3158 1310 3292 1364 opus
3324 1300 3511 1368 habeo,
3550 1307 3641 1361 sed

2065 1365 2241 1417 omnia
2269 1381 2297 1419 a
2320 1369 2524 1438 meipso
2554 1371 2653 1427 feci
2687 1393 2699 1428 :
2728 1378 2868 1443 quod
2901 1381 2944 1433 si
2974 1398 3163 1438 manna
3192 1398 3642 1465 commemoratis,

2065 1470 2190 1510 ecce
2222 1474 2410 1526 panem
2456 1465 2606 1519 vobis
2638 1469 2855 1535 przebui.
2886 1472 3081 1529 Verum
3118 1495 3221 1533 non
3256 1491 3383 1538 tunc
3438 1497 3645 1557 tempus

2064 1558 2180 1601 erat
2222 1551 2291 1603 ita
2324 1552 2594 1623 loquendi,
2627 1560 2719 1613 sed
2750 1578 2910 1618 unum
2947 1571 3186 1639 curabat,
3220 1582 3276 1627 ut
3302 1576 3420 1631 illos
3448 1580 3513 1634 ad
3540 1551 3646 1651 spi-

2064 1639 2307 1694 ritualem
2348 1645 2522 1699 cibum
2562 1647 2868 1707 deduceret.
2924 1657 2992 1710 Et
3034 1660 3155 1716 vide
3196 1680 3352 1733 quam
3385 1639 3641 1728 imntetisa

2063 1744 2180 1783 cum
2210 1734 2485 1800 prudentia
2517 1744 2830 1809 respondeat
2862 1765 2876 1799 :
2906 1748 2997 1805 32.
3031 1751 3151 1807 Non
3176 1755 3374 1827 Moyses
3400 1761 3537 1814 dedit
3556 1780 3643 1818 vo-

2063 1820 2136 1873 bis
2159 1841 2337 1891 panem
2364 1830 2427 1881 de
2450 1832 2590 1895 caelo,
2638 1835 2727 1887 sed
2748 1835 2907 1891 Pater
2942 1858 3079 1896 meus
3111 1845 3197 1898 dat
3220 1820 3355 1902 vobis
3382 1869 3560 1920 panem
3583 1857 3644 1908 de

2063 1916 2188 1969 creto
2227 1934 2415 1972 verum.
2453 1921 2559 1976 Cur
2591 1942 2695 1979 non
2723 1928 2874 1997 dixit,
2923 1931 3037 1987 Non
3089 1936 3296 2007 Moyses
3347 1916 3513 2010 dedit,
3549 1947 3641 2001 sed

2063 2022 2161 2075 ego
2184 2025 2199 2073 ;
2222 2011 2314 2064 sed
2346 2027 2440 2080 pro
2466 2015 2645 2087 Moyse
2670 2018 2854 2083 Deum,
2898 2039 2994 2092 pro
3042 2043 3230 2081 manna
3263 2033 3496 2101 seipsum
3547 2052 3642 2106 po-

2062 2101 2199 2153 suit?
2225 2102 2357 2167 Quia
2388 2109 2549 2161 multa
2578 2122 2693 2165 erat
2733 2115 3031 2171 auditorum
3081 2122 3448 2191 imbecillitas,
3497 2142 3552 2183 ut
3576 2148 3641 2186 ex

2062 2195 2409 2261 sequentibus
2438 2198 2617 2269 liquet.
2668 2202 2877 2260 Etenim
2908 2225 3007 2263 non
3038 2211 3155 2269 illos
3184 2215 3268 2270 his
3301 2220 3478 2274 verbis
3496 2223 3642 2277 cohi-

2061 2280 2193 2348 buit,
2219 2288 2428 2341 tametsi
2474 2289 2626 2344 initio
2653 2293 2877 2361 dixerat,
2914 2299 3151 2365 Qureritis
3174 2322 3269 2371 me,
3300 2325 3401 2362 non
3426 2312 3545 2379 quia
3568 2314 3642 2366 vi-

2062 2375 2207 2430 distis
2224 2378 2387 2447 signa,
2418 2381 2506 2434 sed
2526 2386 2643 2447 quia
2665 2389 2949 2445 comedistis
2966 2408 3029 2445 ex
3057 2398 3270 2463 panibus
3308 2416 3326 2453 :
3351 2411 3396 2455 et
3424 2408 3640 2458 saturati

2060 2470 2195 2521 estis.
2226 2470 2355 2537 Quia
2385 2489 2509 2528 vero
2538 2476 2587 2530 id
2615 2480 2947 2546 qumrebant.
2980 2484 3031 2538 in
3054 2492 3399 2557 sequentibus
3429 2511 3640 2566 quoque

2061 2559 2206 2629 ipsos
2229 2568 2479 2633 correxit,
2512 2584 2683 2638 neque
2726 2580 2899 2628 tamen
2947 2577 3021 2631 illi
3074 2580 3410 2639 destiterunt.
3444 2588 3637 2646 Verum

2059 2669 2179 2708 cum
2207 2655 2552 2713 Samaritana:
2581 2676 2640 2715 se
2663 2678 2854 2733 aquam
2882 2666 3125 2724 daturum
3156 2675 3509 2747 polliceretur,
3536 2683 3638 2739 Pa-

2060 2756 2193 2802 trem
2223 2767 2326 2804 non
2353 2758 2686 2822 memoravit,
2711 2759 2806 2813 sed
2836 2761 2905 2814 ita
2947 2763 3197 2834 loquutus
3226 2780 3346 2826 est:
3374 2774 3434 2829 Si
3487 2781 3638 2837 scires

2058 2842 2168 2910 quis
2190 2853 2259 2896 est
2284 2844 2370 2911 qui
2390 2845 2509 2899 dicit
2532 2847 2639 2914 tibi,
2668 2848 2752 2903 Da
2778 2853 2901 2907 mihi
2919 2854 3099 2923 bibere,
3126 2870 3179 2913 tu
3201 2862 3413 2930 forsitan
3430 2871 3636 2937 petisses

2057 2935 2119 2986 ab
2147 2951 2226 2998 eo,
2256 2947 2301 2988 et
2331 2938 2545 2993 dedisset
2568 2942 2655 2994 tibi
2694 2960 2878 3015 aquam
2907 2949 3067 3002 vivam
3093 2968 3109 3014 ;
3149 2962 3203 3006 et
3255 2935 3457 3023 rursus,
3492 2962 3638 3032 Aqua

2056 3041 2207 3095 quam
2248 3045 2340 3096 ego
2368 3028 2535 3093 dabo;
2572 3046 2671 3086 nec
2716 3037 2938 3091 remittit
2990 3040 3055 3094 ad
3104 3043 3339 3102 Patrem.
3390 3049 3483 3104 Hic
3512 3028 3638 3108 vero

2057 3118 2267 3173 Patrem
2295 3134 2571 3189 memorat,
2618 3135 2676 3179 ut
2710 3128 2883 3184 discas
2911 3146 3103 3202 quanta
3126 3150 3270 3193 esset
3294 3142 3638 3202 Samaritana:

2057 3210 2224 3275 ﬁdes,
2258 3224 2452 3281 quanta
2504 3216 2807 3274 Judaeorum
2858 3224 3211 3283 imbecillitas.
3238 3231 3353 3286 Non
3397 3252 3525 3305 ergo
3572 3239 3637 3294 de

2055 3302 2186 3354 crelo
2237 3319 2427 3357 manna
2482 3320 2596 3361 erat
2626 3328 2638 3361 :
2668 3314 2939 3380 quomodo
2992 3317 3149 3385 igitur
3196 3321 3263 3376 de
3290 3325 3418 3378 caelo
3448 3302 3637 3384 dicitur

2056 3394 2210 3447 esse?
2242 3393 2698 3458 Quemadmodum
2742 3400 2979 3458 Volucres
3006 3410 3119 3462 «ια’ιί
3147 3410 3325 3480 (Psal.
3350 3416 3401 3470 8.
3432 3417 3525 3484 9),
3558 3420 3637 3473 di-

2054 3485 2127 3536 cit
2147 3484 2451 3552 Scriptura;
2482 3503 2544 3542 ac
2571 3508 2803 3558 rursum,
2832 3495 2899 3548 Et
2924 3498 3140 3553 intonuit
3181 3505 3241 3557 de
3291 3509 3414 3561 caelo
3453 3508 3636 3564 Domi-

2056 3591 2150 3627 nus
2176 3574 2355 3645 (Psul.
2389 3580 2473 3632 i7.
2501 3581 2566 3634 14
2592 3582 2627 3648 ).
2656 3583 2850 3639 Panem
2872 3599 3049 3643 autem
3076 3608 3258 3648 verum
3285 3609 3440 3653 vocat
3468 3600 3633 3668 illum,

2058 3682 2163 3721 non
2191 3670 2331 3739 quod
2355 3669 2543 3725 falsum
2563 3686 2706 3729 esset
2726 3678 3039 3736 miraculum
3059 3684 3124 3739 de
3147 3703 3359 3757 manna,
3378 3694 3469 3746 sed
3500 3711 3635 3763 quo-

2057 3761 2198 3814 niam
2245 3765 2345 3817 hoc
2401 3774 2556 3834 typus
2596 3779 2731 3831 erat,
2780 3787 2883 3825 non
2940 3774 3052 3842 ipsa
3097 3779 3308 3833 veritas.
3352 3781 3481 3836 Cum
3512 3803 3635 3841 vero

2055 3852 2248 3924 Moysis
2271 3858 2618 3922 meminisset,
2646 3875 2749 3913 non
2773 3876 2830 3915 se
2857 3864 2928 3915 illi
2950 3870 3178 3932 praetulit
3201 3888 3214 3935 ;
3240 3874 3471 3927 nondum
3494 3878 3634 3932 enim

2055 3944 2226 4012 ipsum
2261 3945 2429 4017 llloysi
2457 3948 2842 4018 anteierebant,
2878 3956 2982 4008 imo
3006 3958 3239 4028 Moysem
3268 3963 3440 4019 adhuc
3473 3969 3637 4037 majo-

2054 4051 2164 4088 rem
2198 4038 2469 4104 putabant.
2500 4040 2623 4095 ldeo
2653 4058 2771 4096 cum
2801 4046 3040 4115 dixisset,
3079 4049 3203 4105 Non
3249 4053 3451 4125 Moyses
3477 4060 3633 4126 dedit,

2054 4143 2160 4182 nou
2191 4129 2408 4199 adjecit,
2438 4133 2548 4202 Ego
2569 4134 2656 4200 do,
2684 4136 2775 4191 sed
2800 4138 3009 4194 Patrem
3033 4142 3164 4198 dare
3191 4145 3338 4201 dicit.
3372 4149 3504 4203 Tum
3533 4154 3630 4218 illi,

2056 4218 2136 4271 Da
2165 4223 2306 4274 nobis
2322 4240 2502 4291 panem
2532 4226 2662 4279 hunc
2690 4229 2758 4279 ad
2778 4231 3206 4288 manducandum;
3257 4239 3447 4294 Adhuc
3492 4245 3631 4297 enim

2055 4327 2167 4365 rem
2198 4328 2315 4367 esse
2342 4316 2591 4370 seusilcm
2618 4321 2889 4386 putabant.
2922 4324 3094 4379 adhuc
3124 4340 3364 4384 ventrem
3412 4336 3634 4402 implere

2053 4405 2431 4471 exstiectabant
2463 4425 2477 4460 :
2509 4409 2704 4464 idcirco
2729 4415 2883 4469 citius
2904 4432 3270 4475 occurrerunt.
3320 4424 3454 4489 Quid
3506 4445 3634 4497 ergo

2053 4492 2339 4549 Christus?
2366 4496 2489 4550 lllos
2523 4501 2771 4567 paulatim
2795 4506 3006 4575 erigens
3041 4510 3223 4579 adjicit
3275 4532 3288 4567 :
3333 4514 3423 4569 55.
3474 4492 3635 4569 Pariis

2056 4584 2151 4639 Dei
2175 4598 2247 4640 est
2268 4590 2353 4657 qui
2384 4591 2642 4645 descendit
2665 4595 2728 4647 de
2756 4597 2898 4662 creto,
2926 4610 2971 4651 et
2997 4600 3081 4652 dat
3109 4603 3257 4655 vitam
3283 4607 3507 4670 mundo;
3529 4624 3633 4663 non

2052 4676 2253 4731 Judteis
2282 4689 2506 4750 tantum,
2538 4683 2631 4738 sed
2658 4686 2904 4741 universo
2930 4692 3065 4754 orbi,
3096 4694 3283 4762 inquit.
3312 4696 3494 4766 Neque
3516 4700 3633 4752 sim-

2055 4769 2260 4836 pliciter
2288 4773 2486 4841 cibum,
2521 4776 2613 4829 sed
2644 4778 2803 4830 vitam
2826 4779 3194 4838 dicitalteram
3243 4794 3297 4841 et
3344 4788 3631 4846 diversam.

2053 4859 2225 4913 Vitam
2274 4872 2449 4917 autem
2481 4864 2625 4927 dicit.
2685 4869 2807 4936 quia
2856 4885 3043 4927 omnes
3089 4879 3282 4931 mortui
3334 4893 3505 4935 erant.
3553 4882 3628 4937 illi

2050 4967 2179 5005 vero
2203 4953 2374 5007 adlmc
2402 4965 2557 5009 terrze
2607 4958 2883 5015 adluereut
2910 4978 2971 5018 ac
2998 4964 3215 5022 dicunt:
3243 4971 3328 5024 54.
3358 4970 3438 5024 Du
3491 4974 3630 5027 nobis

2052 5044 2185 5096 hunc
2208 5062 2407 5112 panem.
2434 5048 2621 5117 Arguit
2644 5062 2821 5108 autem
2845 5055 2962 5110 illos
2988 5060 3127 5128 quod
3153 5063 3400 5129 quamdiu
3449 5065 3622 5117 sensi-

2051 5133 2157 5188 lem
2204 5138 2605 5204 suspicabantur
2647 5158 2767 5198 esse
2816 5161 3075 5213 mensam,
3100 5154 3454 5218 accurrerint;
3511 5171 3628 5208 cum

2050 5229 2226 5274 autent
2259 5220 2558 5278 didicerunt
2584 5241 2822 5281 mensam
2853 5245 2972 5285 esse
2993 5234 3346 5301 spiritualem,
3387 5238 3493 5305 jam
3528 5254 3628 5291 non

2050 5314 2336 5379 accedant;
2362 5315 2596 5385 dicitque
2619 5335 2633 5370 :
2657 5321 2745 5373 55.
2767 5321 2878 5389 Ego
2906 5341 3017 5377 sum
3044 5328 3189 5393 panis
3216 5330 3328 5382 vitae
3351 5345 3369 5382 :
3398 5331 3483 5398 qui
3502 5333 3630 5384 venit

2049 5404 2117 5456 ad
2146 5422 2240 5470 me,
2271 5423 2370 5459 non
2392 5410 2610 5472 esuriet;
2642 5420 2686 5463 et
2712 5412 2797 5481 qui
2829 5415 2984 5467 credit
3012 5420 3062 5469 in
3091 5434 3168 5469 me
3188 5460 3201 5482 ,
3236 5436 3334 5472 non
3363 5422 3494 5473 sitiet
3516 5440 3628 5474 um-

2049 5512 2221 5562 quam.
2251 5496 2340 5551 56.
2374 5497 2483 5552 Sed
2508 5500 2618 5554 dixi
2645 5502 2799 5570 vobis,
2820 5506 2940 5574 quia
2977 5518 3026 5561 et
3064 5509 3257 5564 vidistis
3304 5529 3409 5577 me,
3460 5524 3508 5566 et
3532 5530 3631 5568 non

2048 5589 2247 5644 creditis
2288 5591 2431 5643 mihi.

2117 5680 2173 5734 2.
2210 5680 2323 5746 Qua
2350 5692 2513 5736 mente
2534 5682 2763 5739 Christus
2804 5704 2951 5743 suum
2986 5691 3319 5747 testimonium
3363 5713 3393 5747 a
3428 5697 3625 5749 nemine

2047 5774 2208 5842 accipi
2253 5772 2450 5828 Judwis
2486 5777 2689 5830 diceret.
2714 5776 2873 5832 Panis
2895 5782 3012 5835 vitae
3047 5786 3170 5853 quid
3212 5788 3293 5839 sit.
3318 5819 3387 5828 —
3417 5788 3525 5841 lloc
3575 5801 3628 5843 et

2048 5864 2281 5921 Joannes
2306 5867 2553 5938 superius
2580 5868 2759 5925 dicere
2803 5883 3150 5940 praeverterat
3175 5897 3186 5932 :
3221 5878 3368 5944 Quod
3395 5888 3525 5934 uouit
3548 5883 3624 5933 to—
