4100 6364
546 427 653 484 155

538 545 704 608 dicis,
734 542 915 614 Ignem
942 542 1051 595 veni
1078 539 1270 593 mittere
1297 541 1350 593 in
1376 549 1581 598 terram,
1609 547 1655 590 et
1680 537 1802 606 quid
1832 536 1941 589 volo
1968 576 1981 599 ,
2033 531 2131 585 nisi

540 648 605 689 ut
636 638 943 691 accendatur
970 630 1122 699 (an.
1155 630 1243 685 12.
1270 631 1401 700 59)?
1427 630 1578 696 Quod
1605 629 1648 682 si
1679 640 1732 682 tu
1764 627 1865 681 hoc
1890 628 1971 679 vis
1991 667 2006 691 ,
2041 640 2132 694 pa-

542 726 655 781 lam
699 734 783 780 est
831 739 989 777 unam
1031 737 1152 777 esse
1186 722 1511 776 voluntatem
1546 737 1560 773 :
1593 735 1715 773 nam
1761 718 1888 772 alibi
1923 730 2134 787 quoque

537 822 673 877 dicit
702 838 715 874 :
746 820 889 874 Sicut
916 817 1075 871 Pater
1117 821 1328 870 suscitat
1373 823 1596 869 mortuos
1622 823 1669 867 et
1695 812 1944 880 viviﬁcat,
1985 812 2058 865 sic
2086 818 2133 862 et

544 910 717 965 Filius
745 923 871 979 quos
898 907 1005 961 vult
1042 907 1280 976 viviﬁcat.
1311 906 1441 974 Quae
1467 914 1550 959 est
1580 918 1708 974 ergo
1745 902 1992 957 voluntas
2034 900 2135 955 Pa-

540 1000 680 1057 tris?
701 1013 884 1054 annon
910 1009 969 1054 ut
994 1013 1063 1053 ne
1089 1006 1274 1068 pereat
1300 1012 1367 1052 ex
1392 997 1471 1051 eis
1499 993 1818 1065 quisquam?
1849 993 1959 1047 Hoc
1982 1002 2037 1046 et
2078 1002 2131 1044 tu

545 1096 651 1150 vis.
682 1092 799 1149 Non
821 1100 905 1147 est
932 1105 1061 1161 ergo
1087 1090 1188 1144 alia
1218 1088 1335 1143 haec
1354 1130 1367 1154 ,
1404 1089 1506 1142 alia
1532 1087 1621 1141 illa
1659 1085 1924 1140 voluntas.
1964 1083 2051 1139 Sic
2080 1093 2135 1137 et

543 1187 671 1241 alibi
698 1200 911 1255 quoque
952 1183 1308 1252 mqualitatem
1337 1196 1459 1236 cum
1488 1181 1645 1236 Patre
1683 1178 1888 1233 ﬁrmius
1913 1177 2129 1241 statuit,

542 1295 666 1334 cum
694 1278 855 1333 dicit:
881 1276 994 1348 Ego
1016 1286 1062 1330 et
1088 1273 1248 1329 Pater
1271 1275 1522 1328 veniemus
1542 1313 1556 1335 ,
1585 1282 1629 1326 et
1653 1271 1961 1326 mansionem
1989 1268 2129 1337 apud

544 1389 659 1428 eum
698 1372 942 1442 faciemus
990 1368 1171 1441 (Joan.
1220 1369 1312 1424 14.
1358 1367 1473 1437 2'5).
1506 1366 1619 1420 lloc
1669 1373 1754 1419 est
1785 1381 1799 1417 :
1830 1362 1947 1417 Non
1990 1360 2131 1414 aliud

547 1465 785 1518 facturus
835 1462 986 1525 veni,
1040 1476 1201 1531 quam
1250 1459 1382 1515 illud
1421 1458 1563 1528 quod
1620 1457 1780 1512 Pater
1831 1455 1979 1519 vult;
2035 1468 2134 1507 nec

544 1556 705 1609 aliam
752 1570 912 1625 quam
943 1554 1115 1608 Patris
1144 1553 1473 1607 voluntatem
1514 1549 1709 1605 habeo.
1754 1545 1943 1603 Omnia
1988 1546 2131 1599 enim

545 1662 663 1715 qua:
696 1646 867 1698 Patris
891 1654 1038 1709 sunt,
1069 1658 1185 1697 mea
1213 1652 1371 1707 sunt,
1419 1649 1476 1695 et
1502 1656 1619 1710 qua:
1647 1654 1762 1693 mea
1795 1646 1954 1701 sunt,
1992 1635 2135 1689 illius

543 1747 668 1790 sunt
691 1735 849 1807 (lbid.
882 1737 968 1789 17.
998 1736 1110 1803 10).
1143 1735 1197 1787 Si
1226 1734 1384 1803 igitur
1412 1733 1581 1785 Patris
1608 1742 1660 1785 et
1691 1731 1806 1785 Filii
1830 1728 2133 1784 communia

543 1831 751 1893 omnia,
804 1830 923 1898 jure
953 1830 1065 1882 ait:
1121 1826 1245 1881 Non
1294 1836 1347 1879 ut
1398 1826 1585 1897 faciam
1612 1826 1921 1878 voluntatem
1947 1839 2131 1876 meam.

554 1922 751 1975 Verum
786 1923 870 1975 hic
900 1937 1006 1974 non
1054 1922 1123 1974 ita
1168 1919 1420 1989 loquitur,
1466 1919 1558 1973 sed
1592 1917 1717 1971 illud
1746 1918 1811 1971 ad
1847 1917 2005 1971 ﬁnem
2049 1932 2136 1971 re-

540 2014 729 2069 mittit.
758 2013 890 2068 Nam
917 2014 1164 2067 sublimia
1186 2053 1202 2078 ,
1234 2022 1293 2067 ut
1332 2012 1462 2077 dixi,
1491 2011 1665 2066 adhuc
1704 2012 1875 2075 celat,
1900 2020 1953 2065 et
1982 2012 2131 2066 velut

545 2105 645 2159 sub
669 2106 854 2158 umbra
889 2105 1056 2174 tegit,
1091 2114 1148 2158 ut
1173 2105 1453 2166 ostendat,
1482 2102 1623 2173 quod
1653 2102 1697 2157 si
1719 2104 1977 2168 dixisset,
2011 2103 2134 2158 lla'c

544 2206 628 2251 est
672 2196 918 2250 voluntas
946 2212 1103 2261 mea,
1149 2196 1601 2265 contempsissent
1648 2194 1741 2248 illi.
1778 2195 1865 2247 Ait
1910 2209 2039 2263 ergo
2076 2210 2136 2248 se

543 2286 694 2340 illius
719 2285 979 2339 voluntati
1007 2286 1308 2354 coeperari,
1342 2294 1400 2337 ut
1426 2284 1592 2353 magis
1616 2283 1735 2337 illos
1761 2292 1978 2347 terreat,
2007 2299 2070 2337 ac
2090 2284 2135 2338 si

539 2376 748 2431 diceret
772 2393 785 2430 :
815 2375 951 2443 Quid
982 2375 1219 2445 putatis?
1244 2390 1313 2428 an
1338 2374 1480 2444 quod
1504 2390 1609 2428 non
1641 2374 1911 2430 credendo
1943 2391 2028 2429 me
2056 2376 2132 2428 ir-

545 2467 757 2522 ritctis?
810 2466 1019 2521 Patrem
1088 2481 1262 2520 meum
1325 2465 1393 2519 ad
1459 2464 1785 2519 iracundiam
1829 2467 2127 2519 concitatis.

554 2557 681 2611 llwc
708 2568 779 2611 est
801 2558 933 2611 enim
961 2558 1187 2611 voluntas
1208 2558 1314 2626 ejus
1340 2558 1426 2627 qui
1456 2557 1591 2610 misit
1616 2574 1725 2625 me,
1757 2568 1812 2611 ut
1839 2575 1985 2612 omne
2004 2560 2137 2627 quod

552 2650 689 2702 dedit
715 2649 878 2714 mihi,
909 2666 1012 2703 non
1036 2651 1245 2719 perdant
1274 2664 1338 2701 ea:
1382 2664 1460 2702 eo.
1510 2648 1609 2703 Hic
1650 2648 1886 2704 ostendit
1924 2664 1982 2704 se
2029 2665 2135 2702 non

555 2756 741 2794 eorum
785 2741 929 2794 cultu
977 2740 1257 2810 indigere,
1308 2754 1483 2809 neque
1510 2740 1573 2795 ad
1602 2756 1735 2795 usus
1780 2742 1865 2796 vel
1904 2740 2138 2795 honores

546 2846 672 2887 suos
691 2871 706 2894 ,
734 2831 827 2885 sed
861 2831 928 2885 ad
952 2832 1162 2885 illorum
1198 2834 1420 2883 salutem
1450 2832 1697 2895 venisse;
1730 2830 1872 2900 quod
1899 2833 2056 2885 etiam
2082 2831 2134 2884 in

547 2924 825 2992 superiore
853 2923 1112 2977 concione
1141 2924 1312 2989 dixit,
1346 2920 1573 2975 Gloriam
1614 2924 1675 2975 ab
1706 2924 1991 2976 hominibus
2036 2941 2136 2977 non

547 3014 777 3079 occipio;
806 3023 861 3067 et
885 3013 1076 3067 iterum
1102 3054 1117 3077 ,
1148 3012 1274 3067 lla'c
1300 3014 1413 3067 dico
1437 3053 1452 3077 ,
1480 3024 1535 3066 ut
1562 3031 1648 3067 vos
1668 3014 1794 3067 salvi
1823 3015 1952 3069 sitis.
1983 3016 2140 3070 Sem-

542 3122 647 3174 per
670 3106 811 3159 enim
843 3114 897 3158 et
926 3105 1120 3174 ubique
1149 3107 1251 3159 hoc
1272 3106 1557 3161 ostendere
1581 3108 1807 3176 satagit,
1839 3122 1897 3161 se
1924 3108 2134 3163 illorum

548 3195 739 3249 salutis
774 3210 941 3250 causa
967 3197 1197 3251 venisse.
1246 3196 1385 3251 Dicit
1412 3207 1590 3251 autem
1629 3212 1687 3252 se
1724 3197 1868 3252 Patri
1908 3198 2135 3267 gloriam

550 3302 772 3356 parare,
796 3296 861 3341 ut
892 3287 1023 3340 nulli
1053 3287 1123 3341 sit
1148 3288 1439 3357 suSpicioni
1467 3288 1747 3343 obnoxius.
1781 3289 1933 3355 Quod
1958 3300 2135 3344 autem

548 3381 670 3434 ideo
711 3380 789 3434 sic
815 3378 1064 3450 loquutus
1095 3381 1193 3445 sit,
1238 3381 1293 3435 in
1330 3382 1676 3450 sequentibus
1704 3382 1938 3437 ostendit
1972 3401 1985 3438 :
2037 3382 2135 3450 Qui

546 3475 853 3527 voluntatem
894 3490 1038 3527 suam
1086 3474 1263 3541 quierit
1288 3515 1303 3541 ,
1353 3473 1563 3544 inquit,
1622 3475 1838 3545 gloriam
1876 3478 2136 3546 prapriam

548 3567 759 3635 qutBril;
777 3568 861 3636 qui
888 3578 1054 3620 autem
1080 3566 1261 3637 quaerit
1306 3566 1522 3635 gloriam
1546 3568 1656 3637 ejus
1700 3567 1784 3638 qui
1812 3569 1949 3622 misit
1990 3569 2136 3622 illum

557 3661 639 3712 hic
668 3674 821 3713 verax
838 3666 932 3722 est,
965 3668 1010 3711 et
1036 3657 1288 3727 injustitia
1332 3658 1385 3710 in
1415 3657 1506 3711 illo
1535 3674 1634 3711 non
1664 3668 1757 3715 est.
1790 3658 1917 3713 Haec
1944 3669 2015 3713 est
2036 3676 2132 3712 au-

546 3764 647 3806 tem
668 3752 897 3805 voluntas
921 3749 1112 3817 Patris,
1138 3761 1190 3804 ut
1208 3751 1370 3805 omnis
1392 3752 1479 3820 qui
1502 3752 1632 3805 videt
1653 3750 1867 3817 Filium,
1910 3763 1956 3806 et
1980 3754 2136 3807 credit

549 3848 602 3900 in
628 3863 761 3911 eum,
795 3846 973 3898 habeat
1002 3845 1153 3897 vitam
1179 3854 1421 3898 wternam
1442 3887 1455 3907 ,
1486 3855 1531 3897 et
1577 3861 1666 3915 ego
1692 3846 1996 3899 resuscitabo
2023 3860 2138 3897 eum

548 3940 604 3991 in
632 3938 900 3992 novissimo
928 3937 1011 3991 die
1063 3935 1242 4008 (Joan.
1272 3938 1325 3990 7.
1378 3936 1492 4004 18).
1523 3935 1630 3991 Cur
1680 3946 1786 3991 tam
1831 3937 2139 4007 frequenter

547 4029 998 4083 resurrectionem
1027 4028 1336 4082 memorat?
1386 4027 1463 4082 Ne
1493 4029 1843 4096 praesentibus
1868 4029 2039 4083 solum
2082 4028 2135 4082 in

550 4120 712 4175 rebus
736 4119 830 4173 Dei
860 4118 1247 4188 providentiam
1274 4127 1509 4172 statuant
1534 4135 1546 4170 :
1578 4127 1637 4171 ut
1660 4118 1707 4172 si
1738 4120 1821 4173 hic
1843 4119 1999 4174 bonis
2028 4136 2135 4175 non

551 4211 815 4274 fruantur,
846 4224 915 4264 ne
944 4208 1064 4263 ideo
1093 4209 1369 4279 segniores
1400 4210 1526 4275 sint,
1559 4209 1653 4263 sed
1675 4208 1850 4264 futura
1872 4220 2091 4280 sperent
2116 4227 2130 4277 ;

551 4312 607 4358 et
629 4305 672 4358 si
695 4303 746 4357 in
770 4302 1016 4372 praesenti
1038 4315 1144 4355 non
1165 4302 1465 4370 puniantur,
1491 4316 1560 4355 ne
1578 4302 1749 4371 ipsum
1767 4311 2130 4369 contemnant,

552 4396 648 4451 sed
688 4396 846 4449 aliam
884 4404 1192 4465 exspectent
1221 4394 1408 4448 vitam.

621 4494 676 4548 4.
709 4492 904 4548 Verum
928 4491 973 4545 si
999 4489 1078 4545 illi
1109 4490 1243 4544 nihil
1268 4490 1456 4544 lucrati
1480 4498 1625 4554 sunt,
1654 4504 1752 4543 nos
1779 4488 1973 4545 lucrari
2020 4500 2135 4544 stu-

544 4586 813 4652 deamus,
864 4583 933 4638 de
972 4582 1384 4638 resurrectione
1416 4595 1559 4651 saepe
1605 4581 1904 4650 loquentes.
1955 4581 2012 4637 Si
2055 4581 2133 4635 di-

553 4677 792 4733 teseendi
811 4717 827 4743 ,
855 4676 1118 4747 rapiendi,
1150 4685 1244 4730 aut
1264 4690 1499 4744 pravum
1528 4673 1655 4743 quid
1680 4673 1913 4729 faciendi
1943 4675 2139 4729 volun-

555 4778 637 4824 tas
662 4770 851 4824 subeat
872 4811 888 4833 ,
921 4770 1100 4823 statim
1131 4768 1272 4822 diem
1304 4766 1459 4820 illam
1488 4765 1804 4836 cogitemus,
1830 4775 1886 4820 et
1907 4765 2139 4820 tribunal

553 4860 682 4915 illud
711 4861 863 4915 nobis
886 4860 1292 4924 describamus;
1325 4858 1548 4927 hiecque
1570 4858 1821 4927 cogitatio
1847 4857 2136 4924 efﬁcacius,

552 4969 711 5023 quam
742 4953 946 5008 frenum
973 4953 1267 5022 quodlibet,
1298 4952 1461 5005 animi
1493 4951 1667 5006 nostri
1696 4950 1951 5021 impetum
1982 4966 2138 5029 coer-

552 5047 715 5101 cebit.
746 5046 813 5101 Et
844 5046 964 5100 aliis
992 5055 1047 5101 et
1074 5046 1228 5099 nobis
1249 5059 1462 5114 semper
1487 5043 1727 5099 dicamus
1756 5062 1770 5098 :
1801 5044 2142 5099 Resurrectio

554 5151 670 5205 εει,
715 5151 771 5194 ει
815 5139 1051 5195 terribile
1079 5137 1308 5192 tribunal
1359 5152 1460 5191 nos
1490 5146 1692 5191 manet.
1734 5136 1792 5191 Si
1837 5137 2140 5206 quempiam

554 5233 735 5287 laetum
763 5242 818 5286 et
840 5230 907 5286 de
933 5230 1283 5301 praesentibus
1308 5230 1463 5284 bonis
1493 5239 1787 5285 tumentem
1822 5229 2098 5285 videamus
2122 5272 2138 5297 ,

555 5326 785 5396 idipsum
813 5324 1052 5379 dicamus
1077 5365 1091 5389 ,
1136 5323 1470 5378 declarantes
1497 5324 1673 5376 omnia
1700 5322 1786 5377 hic
1827 5338 1948 5378 esse
1988 5339 2142 5377 man—

557 5432 719 5481 sura;
752 5419 833 5471 sin
862 5415 1030 5470 alium
1077 5414 1349 5469 dolentem
1380 5414 1738 5483 aerumnisque
1776 5428 2018 5483 pressum
2063 5413 2142 5466 vi-

556 5509 818 5573 deamus,
849 5508 1078 5573 idipsum
1128 5507 1206 5562 illi
1249 5515 1734 5575 repraesentemus,
1786 5521 1979 5574 nempe
2030 5505 2145 5560 haec

563 5601 733 5653 tristia
765 5601 922 5655 ﬁnem
956 5601 1200 5654 habitura
1223 5613 1378 5663 esse;
1410 5600 1490 5652 sin
1522 5599 1767 5667 supinum
1797 5606 1850 5650 et
1877 5598 2101 5652 eﬁ'usum
2125 5637 2141 5662 ,

563 5691 790 5759 idipsum
828 5693 903 5746 illi
932 5693 1235 5746 accinamus
1259 5732 1273 5756 ,
1322 5690 1495 5759 ipsum
1524 5705 1715 5759 nempe
1760 5689 2005 5758 segnitiei
2034 5704 2145 5741 sua:

567 5797 753 5851 poenas
793 5784 1060 5837 daturum.
1121 5784 1231 5838 lloc
1273 5783 1469 5836 dictum
1494 5782 1629 5851 .plus
1679 5797 1836 5851 quam
1888 5781 2146 5835 medicina

564 5873 772 5940 quaevis
802 5875 1033 5928 animam
1061 5884 1296 5929 nostram
1325 5873 1549 5928 curabit.
1584 5873 1678 5928 Est
1704 5872 1845 5927 enim
1876 5886 2147 5928 resurrec-

1256 422 1313 477 S.
1352 420 1626 477 ιοιεληε
1661 417 2139 476 ειιιιγεοετυιιι
2180 416 2494 475 ARCHIEP.
2533 420 3064 485 CONSTANTINOP.

2246 532 2354 597 tio,
2386 545 2440 589 et
2467 540 2790 594 resurrectio
2820 540 2871 595 in
2910 541 3087 611 januis
3113 552 3219 611 est,
3246 560 3351 600 non
3391 547 3574 615 procul
3618 550 3810 619 posita.

2242 627 2419 680 Adhuc
2444 631 2576 682 enim
2602 633 2850 686 modicum
2875 675 2890 700 ,
2923 636 3093 705 inquit
3120 635 3336 701 Paulos,
3369 641 3454 709 qui
3481 652 3713 698 venturus
3740 654 3812 698 est

2241 722 2430 786 veniet,
2464 734 2640 778 etnon
2686 727 2902 780 tardabit
2930 727 3111 798 (Hebr.
3160 731 3248 785 10.
3292 731 3421 805 57);
3454 746 3507 789 et
3556 751 3765 791 rursum
3794 778 3809 800 ,

2244 810 2430 867 Omnes
2466 824 2660 884 Oportet
2706 833 2798 872 nos
2844 820 3158 892 manifestari
3212 832 3327 877 ante
3368 825 3587 879 tribunal
3629 826 3813 882 Christi

2242 904 2317 973 (Ξ.
2366 903 2485 959 Cor.
2515 906 2567 960 5.
2598 906 2709 977 40);
2742 907 2793 961 id
2826 920 2909 963 est
2931 952 2947 975 ,
2976 921 3029 965 et
3056 911 3225 967 malos
3252 922 3305 968 et
3334 912 3541 980 bonos;
3571 916 3687 971 illos
3710 957 3725 981 ,
3756 927 3814 971 ut

2238 1012 2421 1052 coram
2447 999 2691 1053 omnibus
2724 1000 3008 1071 ignominia
3039 1004 3372 1072 afﬁciantur;
3404 1006 3521 1073 hos,
3551 1016 3609 1062 ut
3632 1024 3812 1065 coram

2239 1090 2487 1145 omnibus
2508 1091 2896 1160 Splendidiores
2920 1095 3164 1152 evadant.
3188 1097 3641 1165 Quemadmodum
3670 1100 3811 1155 enim

2235 1180 2445 1250 judices
2475 1182 2559 1237 hic
2588 1184 2758 1238 malos
2796 1186 2966 1253 palam
3001 1188 3260 1255 puniunt,
3307 1188 3474 1243 bonos
3502 1190 3709 1259 publice
3734 1193 3813 1244 al-

2239 1274 2424 1329 ﬁciunt
2469 1275 2709 1331 honore:
2753 1281 2830 1331 sic
2854 1288 2911 1333 et
2940 1279 3047 1333 illic
3096 1279 3223 1345 ﬁet;
3270 1281 3342 1335 ita
3390 1290 3448 1335 ut
3495 1281 3600 1336 illis
3643 1283 3815 1352 pudor

2239 1366 2429 1436 major,
2462 1366 2546 1422 his
2572 1367 2742 1438 gloria
2774 1368 3035 1423 illustrior
3062 1380 3336 1440 appareat.
3371 1370 3495 1426 Haec
3522 1374 3699 1442 itaque
3720 1390 3816 1428 no-

2238 1457 2321 1511 bis
2366 1456 2588 1527 singulis
2635 1459 2820 1514 diebus
2850 1462 3278 1528 praiscribamus.
3328 1463 3455 1519 Haec
3503 1464 3549 1518 si
3601 1480 3815 1534 semper

2238 1564 2528 1615 versemus,
2559 1552 2702 1604 nulla
2741 1567 2919 1608 rerum
2950 1553 3287 1620 praesentium
3314 1563 3367 1609 et
3392 1554 3650 1609 ﬁusarum
3674 1558 3691 1589 ³
3718 1572 3815 1611 nos

2238 1655 2500 1708 occupare
2550 1643 2763 1708 poterit.
2793 1642 2923 1696 Nam
2967 1660 3088 1713 qua:
3134 1645 3381 1700 videntur
3436 1658 3812 1717 temporanea,

2239 1750 2359 1803 qua:
2385 1751 2491 1788 non
2519 1734 2769 1789 videntur
2797 1746 2995 1791 aeterna
3025 1746 3167 1791 sunt.
3198 1739 3323 1794 llaec
3355 1755 3482 1809 ergo
3511 1740 3815 1811 frequenter

2239 1827 2393 1880 nobis
2427 1828 2554 1895 ipsis
2581 1839 2633 1882 et
2664 1838 2847 1882 mutuo
2893 1828 3132 1883 dicamus
3164 1848 3177 1882 :
3224 1830 3565 1887 Resurrectio
3602 1842 3720 1897 est,
3761 1845 3815 1888 et

2236 1918 2529 1988 judicium;
2558 1929 2613 1973 et
2642 1936 2863 1989 operum
2904 1920 3173 1975 reddenda
3201 1923 3357 1976 ratio.
3400 1922 3669 1993 Quotquot
3713 1940 3813 1993 pu-

2241 2023 2353 2065 tant
2376 2027 2493 2065 esse
2519 2010 2703 2076 fatum,
2736 2012 2835 2066 hoc
2858 2011 3056 2078 dicant,
3087 2022 3140 2066 et
3167 2028 3288 2067 mox
3320 2012 3475 2083 hujus
3500 2015 3668 2069 morbi
3694 2017 3817 2071 tabe

2239 2108 2629 2162 liberabuntur.
2660 2107 2790 2161 Nam
2839 2108 2883 2162 si
2931 2108 3251 2162 resurrectio
3292 2118 3375 2162 est
3423 2117 3477 2162 et
3520 2109 3815 2178 judicium,

2241 2217 2345 2253 non
2374 2209 2455 2254 est
2483 2199 2645 2255 fatum
2673 2242 2686 2263 ,
2718 2201 3056 2270 quantumvis
3101 2201 3199 2271 ipsi
3249 2202 3590 2256 contendant.
3627 2202 3814 2257 Verum

2239 2292 2403 2361 pudet
2428 2307 2513 2345 me
2557 2291 2891 2346 Christianos
2920 2292 3116 2347 docere
3168 2293 3635 2347 resurrectionem.
3683 2294 3817 2348 Nam

2238 2385 2327 2455 qui
2356 2384 2626 2439 docendus
2654 2395 2737 2439 est
2783 2401 2903 2441 esse
2942 2386 3423 2451 resurrectionem,
3457 2400 3557 2441 nec
3599 2401 3816 2456 persna-

2240 2494 2357 2533 sum
2387 2476 2546 2532 habet
2571 2477 2767 2531 nullam
2790 2492 2909 2532 esse
2933 2478 3301 2533 necessitatem
3328 2519 3343 2545 ,
3371 2494 3470 2533 nec
3493 2494 3581 2534 res
3608 2495 3733 2535 casu
3755 2496 3817 2537 ac

2241 2582 2442 2627 temere
2486 2571 2648 2636 ferri,
2700 2571 2745 2625 is
2794 2581 2941 2627 certe
2970 2586 3077 2626 non
3125 2581 3208 2626 est
3253 2570 3609 2629 Christianus.
3654 2574 3818 2643 Ideo.

2239 2680 2421 2734 quaeso
2449 2674 2504 2718 et
2531 2665 2753 2718 obsecro
2778 2704 2792 2728 ,
2825 2663 2891 2717 ab
2916 2663 3165 2717 omnibus
3196 2677 3294 2717 nos
3318 2663 3471 2719 malis
3497 2680 3778 2735 purgemus
3798 2705 3817 2733 ,

2242 2757 2478 2827 nihilque
2510 2774 2617 2811 non
2642 2771 2866 2827 agamus
2901 2764 2960 2811 ut
2986 2771 3377 2826 consequamur
3401 2758 3611 2814 veniam
3655 2774 3820 2814 excu-

2241 2850 2612 2918 sationemque
2656 2850 2709 2903 in
2739 2848 2835 2902 illo
2862 2847 2970 2903 die.
3013 2847 3118 2903 Sed
3164 2847 3301 2903 forte
3326 2848 3471 2904 dicet
3508 2850 3768 2919 quispiam
3800 2868 3815 2903 :

2238 2939 2588 3011 Quandonam
2629 2941 3043 3008 consummatio,
3092 2940 3301 3010 quando
3326 2942 3644 2996 resurrectio
3676 2942 3817 2997 erit!

2240 3041 2495 3101 quantum
2525 3030 2781 3100 temporis
2807 3030 3010 3086 el‘ﬁuxit
3030 3073 3044 3097 ,
3082 3040 3137 3087 et
3180 3031 3313 3086 nihil
3339 3032 3527 3087 horum
3554 3034 3817 3105 contigit?

2246 3122 2351 3176 Sed
2377 3123 2501 3184 erit,
2542 3122 2765 3176 credite.
2793 3120 2923 3175 Nam
2955 3132 3077 3177 ante
3101 3121 3362 3177 diluvium
3402 3124 3503 3178 hoc
3542 3123 3815 3190 dicebant,

2240 3228 2294 3272 et
2320 3215 2632 3271 deridebaut
2660 3215 2773 3271 Noe
2796 3235 2810 3271 :
2858 3216 2950 3271 sed
2978 3216 3121 3271 venit
3148 3216 3407 3272 diluvium
3428 3256 3444 3283 ,
3476 3228 3531 3271 et
3571 3218 3668 3273 hos
3693 3234 3816 3272 om-

2242 3325 2336 3364 nes
2367 3324 2472 3363 non
2499 3307 2781 3363 credentes
2801 3307 3108 3374 absorbuit,
3137 3308 3225 3363 ille
3263 3309 3409 3363 solus
3438 3308 3662 3363 credens
3692 3325 3809 3364 ser-

2241 3411 2394 3455 vatus
2414 3408 2513 3455 est.
2549 3400 2613 3454 Et
2646 3409 2887 3470 tempore
2910 3399 3028 3454 Loti
3070 3399 3323 3453 divinitus
3354 3399 3643 3455 immissam
3676 3401 3819 3456 illam

2247 3493 2458 3563 plagam
2484 3506 2593 3546 non
2640 3491 3057 3561 exspectabant,
3097 3490 3267 3545 donec
3313 3492 3463 3561 ignes
3489 3502 3542 3546 et
3581 3492 3814 3547 immissa

2241 3587 2461 3642 fulmina
2491 3601 2678 3640 omnes
2724 3591 3188 3654 consumpserunt.
3221 3583 3403 3653 Neque
3439 3593 3562 3639 tunc
3604 3595 3817 3652 autem,

2244 3694 2418 3749 neque
2444 3687 2685 3747 tempore
2708 3675 2822 3732 Noe
2848 3677 2943 3732 fuit
2964 3675 3155 3745 aliquis
3180 3675 3477 3730 futurorum
3501 3675 3657 3732 iudex
3683 3692 3820 3746 pne-

2242 3772 2392 3835 vius;
2424 3769 2517 3824 sed
2544 3768 2790 3823 omnibus
2827 3766 3249 3830 convivantibus,
3268 3765 3515 3821 ebrietati
3543 3765 3819 3836 indulgen-

2243 3863 2403 3928 tibus,
2427 3859 2777 3915 intolerabilia
2808 3858 2900 3912 illa
2919 3858 3056 3912 mala
3086 3857 3377 3912 irruerunt.
3408 3856 3495 3911 Sic
3516 3858 3619 3911 erit
3641 3872 3819 3912 resur-

2242 3954 2411 4007 rectio
2455 3971 2469 4008 :
2524 3952 2654 4006 nihil
2706 3966 2823 4005 eam
2881 3949 3296 4019 praenuntiabit,
3359 3948 3453 4002 sed
3518 3948 3821 4003 hominibus

2244 4045 2547 4099 laetantibus
2587 4050 2643 4097 et
2669 4043 2828 4097 rebus
2862 4041 3165 4111 prosperis,
3194 4041 3551 4109 superveniet.
3599 4039 3721 4094 Ideo
3748 4040 3821 4094 ait

2247 4138 2442 4193 Paulus
2471 4155 2485 4190 :
2514 4135 2640 4190 Cum
2666 4136 2798 4188 enim
2824 4136 2989 4187 dicent
3028 4149 3201 4203 pacem
3240 4142 3286 4185 et
3323 4134 3635 4186 securitatem
3654 4174 3668 4196 ,
3703 4143 3819 4185 tunc

2242 4230 2533 4299 repentinus
2562 4228 2685 4297 ipsis
2713 4228 3021 4297 superveniet
3052 4226 3281 4278 interitus
3309 4240 3326 4277 :
3356 4226 3483 4278 sicut
3508 4236 3555 4278 et
3597 4226 3740 4278 dolor
3768 4227 3819 4278 in

2244 4334 2384 4377 utero
2414 4323 2651 4385 habenti,
2686 4332 2731 4374 et
2758 4337 2856 4374 non
2896 4317 3134 4388 eﬂ'ugient
3168 4319 3243 4389 (l.
3284 4316 3462 4372 Thess.
3494 4319 3548 4372 5.
3580 4318 3651 4388 3).
3689 4316 3818 4371 Illud

2243 4425 2421 4469 autem
2452 4413 2570 4467 ideo
2597 4413 2666 4466 ita
2702 4409 2933 4481 providit
2957 4409 3124 4475 Deus,
3153 4418 3209 4460 ut
3237 4422 3446 4476 semper
3472 4408 3635 4462 simus
3661 4422 3820 4476 expe-

2242 4508 2336 4561 diti
2368 4506 2434 4560 ad
2461 4504 2753 4559 cavendum
2803 4500 2991 4566 nobis,
3024 4515 3123 4555 nec
3164 4501 3246 4554 vel
3295 4500 3346 4554 in
3380 4501 3493 4569 ipsa
3540 4500 3821 4553 securitate

2247 4598 2493 4652 ﬁdamus.

2317 4687 2573 4742 Probatur
2614 4696 2662 4739 et
2689 4687 3102 4739 resurrectionem
3138 4692 3185 4736 et
3203 4683 3458 4753 judicium
3483 4698 3588 4736 esse
3630 4685 3819 4752 futura.

2243 4812 2316 4823 —
2333 4780 2470 4849 Quid
2496 4778 2671 4834 dicis?
2699 4792 2803 4832 non
2833 4785 3111 4844 exspectas
3136 4774 3583 4830 resurrectionem
3606 4784 3661 4828 et
3681 4774 3824 4843 judi-

2245 4876 2426 4930 cium?
2457 4873 2571 4926 haec
2593 4870 2865 4924 daemones
2893 4868 3235 4932 conﬁtentur,
3261 4877 3316 4921 et
3356 4878 3410 4920 tu
3446 4881 3551 4919 non
3599 4869 3820 4921 conﬁte-

2246 4967 2323 5021 ris
2343 4966 2408 5018 '?
2449 4962 2637 5017 Venisti
2665 4963 2784 5024 huc,
2817 4959 3096 5030 inquiunt,
3128 4968 3244 5011 ante
3268 4967 3461 5025 tempus
3482 4968 3708 5027 torquere
3734 4973 3823 5010 nos

2249 5056 2460 5129 (Matth.
2488 5056 2543 5110 8.
2573 5054 2688 5125 29).
2719 5053 2819 5121 Qui
2857 5066 2986 5106 vero
3010 5050 3298 5105 cruciatum
3345 5050 3577 5104 futurum
3610 5049 3816 5112 dicunt,

2248 5150 2322 5204 illi
2344 5158 2406 5204 et
2440 5147 2694 5217 judicium
2718 5188 2734 5212 ,
2763 5153 2818 5199 et
2842 5143 3078 5197 rationes
3103 5139 3400 5197 reddendas
3419 5182 3435 5208 ,
3476 5148 3532 5195 et
3570 5139 3822 5209 supplicia

2248 5248 2461 5296 norunt.
2503 5238 2579 5293 Ne
2625 5238 2803 5307 itaque
2848 5236 3013 5289 Deum
3059 5248 3435 5302 provocemus,
3487 5232 3612 5286 dum
3662 5229 3823 5285 stulta

2248 5332 2527 5398 audemus,
2558 5339 2613 5385 et
2637 5328 3011 5384 resurrectioni
3046 5341 3154 5380 non
3184 5325 3469 5380 credimus.
3510 5324 3658 5379 Sicut
3682 5324 3822 5378 enim

2251 5427 2304 5480 in
2332 5425 2447 5478 aliis
2481 5421 2634 5476 nobis
2664 5419 2978 5490 principium
3006 5415 3107 5470 fuit
3131 5415 3372 5470 Christus
3396 5456 3411 5480 ,
3461 5415 3532 5468 ita
3555 5424 3611 5468 ει
3641 5414 3692 5468 in
3724 5416 3826 5468 hoc

2252 5536 2485 5592 quoque.
2515 5519 2646 5573 Nam
2678 5517 2797 5572 ideo
2846 5513 3235 5585 primogenitus
3264 5520 3596 5565 mortuorum
3634 5508 3827 5562 dicitur

2254 5615 2387 5686 (Col.
2417 5617 2469 5669 1.
2500 5613 2613 5681 18).
2644 5610 2796 5677 Quod
2824 5611 2868 5663 si
2896 5606 3215 5662 resurreCIio
3238 5619 3340 5657 non
3369 5610 3530 5668 eSset,
3560 5600 3826 5670 quomodo

2317 5754 2335 5785 ι
2366 5750 2445 5801 Ita
2472 5747 2633 5797 Morel.
2673 5744 2732 5813 In
2754 5743 2893 5794 Savil.
2919 5747 3083 5791 autem
3122 5738 3322 5800 legitur,
3346 5734 3478 5787 nulla
3512 5746 3675 5784 rerum
3698 5743 3829 5798 prta-

2253 5815 2457 5869 sentium
2479 5823 2613 5859 cura.
3075 5862 3086 5869 _
3184 5861 3193 5869 _
3235 5844 3242 5852 .

2318 5861 2510 5924 iVSavil.
2534 5872 2703 5933 habet,
2726 5875 2769 5921 et
2793 5873 2844 5918 tu
2865 5879 2957 5917 non
2981 5861 3217 5916 erubescis
3245 5861 3269 5911 .’
