4100 6364
587 427 698 484 ⁸257

585 545 651 599 El
677 543 733 596 δὲ
764 542 838 612 μὴ
867 538 1164 599 ἀνάστασις
1190 530 1280 606 ἦν,
1311 536 1431 600 πῶς
1458 535 1648 607 ἔμελλε
1673 537 2014 608 πρωτότοκος
2045 537 2163 590 ἔσε-

583 627 729 692 σθαι,
775 623 999 696 μηδενὸς
1041 619 1192 688 αὐτῷ
1220 619 1372 672 τῶνει
1405 620 1614 691 νεκρῶν
1649 621 1952 690 ἑπομένους
1987 620 2049 674 Εἰ
2086 619 2162 690 μὴ

582 711 874 770 ἀνάστασις
907 700 997 774 ἦν,
1027 703 1130 756 ποῦ
1173 701 1266 756 τοῦ
1315 703 1450 757 Θεοῦ
1491 704 1552 756 16
1599 703 1800 757 δίκαιον
1835 702 2158 774 σωθήσεται,

581 791 848 847 τοσούτων
898 788 995 857 μὲν
1039 786 1292 856 πονηρῶν
1341 786 1776 858 εὐημερούντων,
1801 785 2072 839 τοσούτων
2105 785 2161 838 δὲ

583 875 804 944 ἀγαθῶν
842 870 1193 940 θλιϐομένων,
1229 869 1324 922 καὶ
1346 873 1403 922 ὲν
1424 873 1489 941 τῇ
1525 870 1700 940 θλίψει
1729 870 1820 924 τὸν
1856 870 1968 939 βίον
1992 886 2163 922 κατα-

582 959 850 1019 λυόντων;
879 954 987 1007 Ποῦ
1018 952 1124 1024 γὰρ
1152 953 1220 1006 τά
1248 955 1366 1006 κατ’
1388 952 1542 1017 ἀξίαν
1565 953 1794 1014 ἕκαστος
1821 951 2162 1021 ἀπολήψεται

583 1042 808 1103 τούτων,
841 1040 894 1091 εἴ
917 1056 981 1106 γε
1009 1038 1302 1098 ἀνάστασις
1333 1036 1408 1106 μὴ
1434 1037 1612 1103 ἔστιν;
1650 1036 1836 1098 Οὐδεὶς
1855 1036 1962 1087 τῶν
1987 1033 2161 1106 ὀρθῶς

587 1124 924 1195 βεϐιωκότων
963 1123 1030 1192 τῇ
1069 1119 1360 1172 ἀναστάσει
1391 1119 1681 1180 διαπιστεῖ,
1714 1118 1849 1172 ἀλλά
1887 1117 2006 1172 καθ’
2041 1117 2164 1170 ἐκά-

589 1225 721 1277 στην
758 1204 1008 1274 εῦχονται
1054 1204 1152 1270 τὴν
1202 1201 1436 1273 ἡμέραν,
1465 1202 1562 1272 τὴν
1618 1203 1776 1273 ῥῆσιν
1810 1202 2024 1270 ἐκείνην
2064 1201 2162 1268 τὴν

583 1292 745 1359 ἁγίαν
769 1290 1015 1356 λέγοντες
1039 1303 1052 1317 ·
1101 1285 1346 1339 Ἐλθέτω
1368 1287 1405 1353 ἡ
1425 1286 1713 1350 ,ϐασιλεία
1734 1302 1870 1339 σου.
1895 1285 2050 1346 Τίνες
2071 1280 2165 1336 οὖν

583 1376 721 1426 εἰσιν
771 1373 820 1424 οἱ
873 1372 938 1440 τῇ
992 1368 1284 1422 ἀναστάσει
1321 1367 1759 1433 διαπιστοῦντες;
1801 1367 1861 1418 υἱ
1903 1366 2164 1436 βεῦήλους

584 1456 799 1524 ἔχοντες
829 1453 929 1518 τὰς
954 1453 1106 1514 όδοῦς
1145 1452 1238 1504 καὶ
1276 1450 1580 1522 ἀκάθαρτον
1611 1451 1702 1504 τὸν
1743 1450 1874 1519 βίον,
1911 1449 2162 1519 καθάπερ

578 1541 614 1592 6
645 1539 935 1609 Προφήτης
964 1535 1133 1607 φησί·
1165 1533 1570 1600 Βεϐηλοῦνται
1607 1536 1663 1587 al
1705 1532 1829 1585 ὁδοί
1872 1532 2058 1586 αὑτοῦ
2093 1533 2164 1584 ἐν

585 1621 763 1675 παντί
803 1620 984 1689 καιρῷ
1005 1636 1020 1651 ο
1051 1618 1481 1684 ἀνταναιρεῖται
1504 1615 1576 1670 τὰ
1607 1615 1860 1686 κρίματά
1886 1629 2003 1668 σου
2045 1614 2164 1669 ἀπὸ

651 1716 675 1742 ⁸
703 1712 854 1762 Savil.
899 1711 1094 1774 μηδενὸς
1121 1712 1175 1758 ἐκ
1199 1711 1316 1758 τῶν.

1301 420 1358 475 S.
1397 419 1682 478 JOANNIS
1720 419 2214 478 CHRYSOSTOMI
2246 418 2572 477 ARCHIEP.
2605 409 3162 476 CONSTANTINOP;

3731 418 3842 479 258

2269 535 2595 605 προσώπου
2631 533 2836 588 αὑτοῦ.
2864 533 2939 586 Οὐ
2971 531 3082 604 γὰρ
3111 529 3277 595 ἔστιν,
3303 533 3403 586 οὐκ
3453 531 3601 586 ἐστιν
3642 531 3851 607 ἀνθρωο

2270 636 2372 672 πον
2411 619 2524 689 βίον
2551 617 2695 688 ἔχειν
2717 615 2976 687 καθαρὸν,
3001 615 3299 669 ἀναστάσει
3328 615 3745 670 διαπιστοῦντα·
3771 620 3847 684 ὡς

2267 704 2321 754 οῖ
2346 717 2409 770 γε
2442 701 2605 772 μηδὲν
2630 699 2929 762 συνειδότες
2959 700 3170 762 ἑαυτοῖς
3203 699 3458 770 πονηρὸν,
3481 700 3575 754 καὶ
3605 700 3845 767 λέγουσι,

2265 787 2359 840 καὶ
2394 786 2693 858 βούλονται,
2719 785 2812 838 καὶ
2835 782 3184 836 πιστεύουσιν
3205 782 3345 836 ὥστε
3369 783 3465 853 τὴν
3495 784 3848 839 ἀνταπόδοσιν

2264 870 2470 924 λαϐεῖν.
2494 869 2586 940 Μὴ
2609 870 2788 922 τοίνυν
2811 867 2972 920 αὐτὸν
2995 865 3407 936 παροξύνωμεν,
3425 865 3537 918 ἀλλ’
3562 868 3848 938 ἀκούωμεν

2263 953 2428 1006 αὐτοῦ
2471 953 2741 1020 λέγοντος,
2773 952 2855 1004 ότι
2890 950 3192 1018 Φοϐήθητε
3229 949 3336 1002 τὸν
3378 947 3714 1017 δυνάμενον
3743 951 3843 1002 καί

2264 1035 2478 1105 ψυχὴν
2503 1035 2599 1088 καὶ
2629 1033 2800 1102 σῶμα
2825 1032 3122 1086 ἀπολέσαι
3144 1032 3214 1084 ἐν
3235 1034 3450 1100 γεέννῃ
3471 1047 3484 1060 ο
3528 1032 3615 1084 ἵνα
3645 1032 3732 1084 διὰ
3750 1030 3846 1085 τοῦ

2265 1119 2430 1188 φόϐου
2462 1117 2748 1186 γενώμεθα
2781 1116 3042 1186 βελτίους,
3072 1115 3166 1168 καὶ
3192 1115 3294 1184 τῆς
3332 1113 3608 1178 ἀπωλείας
3641 1113 3845 1182 ταύτης

2265 1199 2688 1267 ἀπαλλαγέντες,
2716 1197 3146 1267 καταξιωθῶμεν
3173 1198 3272 1266 τῆς
3299 1195 3579 1267 βασιλείας
3621 1195 3728 1249 τῶν
3762 1196 3848 1248 06-

2268 1283 2446 1354 ρανῶν
2471 1297 2483 1310 '
2529 1277 2596 1353 ἦς
2643 1281 2852 1350 γένοιτο
2903 1282 3110 1342 πάντας
3143 1281 3290 1350 ἡμᾶς
3331 1281 3626 1350 ἐπιτυχεῖν,
3662 1280 3846 1350 χάριτι

2266 1366 2361 1419 καὶ
2411 1365 2791 1435 φιλανθρωπίᾳ
2821 1363 2916 1416 τοῦ
2947 1363 3152 1432 Κυρίου
3186 1362 3343 1432 ἡμῶν
3380 1361 3552 1431 Ἰησοῦ
3584 1361 3847 1432 Χριστοῦ,

2267 1448 2336 1501 δι’
2367 1441 2429 1500 06
2464 1447 2558 1502 καὶ
2588 1447 2706 1517 μεθ’
2733 1439 2793 1500 οῦ
2821 1444 2900 1516 τῷ
2930 1446 3104 1515 Πατρὶ
3131 1447 3164 1516 ή
3193 1443 3340 1508 δόξα,
3374 1445 3472 1496 σὺν
3497 1442 3576 1514 τῷ
3603 1459 3846 1514 προσκυ-

2269 1529 2417 1600 νητῷ
2449 1530 2544 1584 καὶ
2569 1528 2819 1598 παναγίῳ
2846 1530 2944 1582 καὶ
2972 1526 3218 1596 ζωοποιῷ
3247 1527 3411 1580 αὑτοῦ
3435 1524 3845 1596 Πνεύματι,νῦν

2271 1615 2365 1668 καὶ
2397 1614 2504 1677 ἀεὶ,
2538 1613 2633 1666 καὶ
2661 1616 2741 1677 είς
2774 1614 2900 1677 τοὺς
2929 1611 3314 1683 ἀτελευτήτους
3339 1610 3540 1674 αἰῶνας
3576 1609 3683 1662 τῶν
3714 1606 3849 1663 ald)-

2271 1714 2400 1752 νων.
2417 1698 2612 1767 Ἀμήν.

1852 1867 1996 1940 ιεδθ]
2048 1865 2295 1920 omum
2333 1867 2486 1934 Μςῑν.

599 1964 951 2036 Ἐγόγγυζον
977 1960 1090 2020 οὖν
1132 1965 1187 2018 οί
1212 1962 1496 2036 ,Ἰουδαῖοι
1543 1963 1676 2036 περὶ
1713 1960 2045 2036 αὑτοῦηὸτι
2085 1959 2166 2012 εἷ-

658 2031 794 2098 πεν,
824 2037 970 2105 Ἐγώ
997 2038 1112 2104 είμι
1142 2037 1174 2088 ό
1198 2033 1432 2105 ὄρτοςῌό
1451 2034 1519 2105 ἐκ
1558 2033 1666 2105 τοῦ
1699 2031 1963 2105 οὐρανοῦ
1986 2045 2164 2105 κατα-

659 2105 786 2172 ϐάς·
811 2099 909 2159 καῖ
930 2099 1158 2172 ἔλεγον·
1195 2099 1316 2170 Οὐχ
1342 2099 1518 2168 οὗτός
1545 2099 1908 2172 ἐστινόίυιὸς
1926 2099 2162 2172 Ἰωσὴφ,

658 2170 934 2245 οὗίήμεῖς
964 2170 1210 2245 οἴδαμεν
1236 2172 1342 2245 τὸν
1379 2173 1604 2245 πατέρα
1641 2172 1739 2226 καὶ
1759 2171 1880 2245 τὴν
1902 2170 2162 2245 μητέρα;

661 2239 939 2313 Πῶςῗοῦν
959 2239 1119 2315 λέγει
1149 2243 1218 2296 ἐκ
1236 2241 1343 2296 τοῦ
1357 2239 1616 2310 οίφανοῦ
1635 2239 2088 2307 καταϐεϐηκέναι
2108 2255 2126 2303 ;

660 2356 726 2408 α’.
751 2349 866 2408 ’Ὧν
886 2357 918 2407 ό
943 2353 1076 2419 θεὸς
1093 2354 1130 2420 ἠ
1150 2352 1364 2412 κοιλία,
1381 2351 1478 2404 καί
1502 2351 1540 2418 ἡ
1570 2350 1794 2415 δόξαὲν
1805 2347 1878 2417 τῇ
1899 2349 2162 2416 αἰσχύνῃ

581 2429 806 2499 αὐτῶν,
843 2436 1069 2507 γράφων
1112 2435 1493 2504 Φιλιππησίοις
1520 2437 1548 2488 6
1580 2433 1788 2495 Παῦλος
1830 2431 1958 2502 περί
2003 2446 2162 2482 τινων

589 2521 923 2588 ἔλεγεν.”οτι
952 2519 1006 2571 66
1036 2519 1130 2572 καὶ
1164 2517 1405 2571 Ἰουδαῖοι
1435 2517 1682 2580 τοιοῦτοι,
1709 2515 1865 2586 δῆλον
1883 2527 1911 2555 ι
1947 2514 2043 2584 μὲν
2067 2512 2162 2565 καὶ

588 2604 696 2657 άπδ
729 2602 833 2655 τῶν
865 2601 1189 2672 ἔμπροσθεν,
1224 2599 1382 2669 δῆλον
1412 2599 1470 2652 δὲ
1495 2600 1589 2654 καὶ
1621 2599 1714 2668 ἀφ’
1743 2592 1817 2652 ὧν
1841 2597 1919 2667 τῷ
1943 2593 2162 2664 Χριστῷ

589 2683 973 2757 προσελθόντες
1016 2681 1465 2750 διελέγοντο.”υτε
1503 2682 1599 2753 μὲν
1627 2682 1734 2752 γὰρ
1771 2682 1932 2750 ἄρτον
1964 2678 2162 2731 ἔδωκεν

589 2771 789 2832 αὐτοῖς,
835 2768 929 2821 καὶ
975 2766 1074 2837 τὴν
1119 2766 1360 2836 γαστέρα
1409 2765 1694 2836 ἐνέπλησε,
1741 2765 1834 2818 καὶ
1879 2764 2162 2834 προφήτην

588 2853 772 2921 ἔλεγον
818 2847 976 2917 εἶναι,
1019 2848 1114 2902 καὶ
1159 2849 1382 2920 βασιλέα
1418 2849 1639 2918 ποιῆσαι
1685 2847 1937 2918 ἐζήτουν·
1971 2847 2057 2898 ὅτε
2105 2843 2163 2896 66

590 2937 783 2999 αὐτοὺς
813 2935 1054 2988 ἐδίδασκε
1087 2934 1214 3004 περὶ
1240 2933 1338 3002 τῆς
1365 2931 1737 3002 πνευματικῆς
1772 2932 1998 3002 τροφῆς,
2035 2927 2163 2999 περὶ

591 3020 736 3085 ζωῆς
767 3017 1003 3078 αἰωνίου,
1038 3017 1126 3069 ὅτε
1175 3017 1458 3084 ἀπήγαγεν
1494 3015 1691 3077 αὐτοὺς
1717 3013 1825 3066 τῶν
1865 3009 2160 3080 αἰσθητῶν,

589 3103 676 3156 ὅτε
742 3102 870 3170 περὶ
928 3097 1273 3159 ἀναστάσεως
1331 3096 1638 3165 διελέγετο,
1685 3096 1779 3148 καὶ
1826 3093 2162 3165 ὑψηλοτέραν

589 3174 762 3238 ’ἐποίει
809 3182 910 3252 τὴν
953 3181 1204 3251 γνώμην·
1252 3182 1339 3233 ὅτε
1391 3180 1622 3249 μάλιστα
1665 3177 1962 3250 θαυμάζειν
2002 3176 2162 3230 αὐτὸν

592 3269 780 3338 ἐχρῆν,
813 3268 932 3319 τότε
960 3266 1288 3334 γογγύζουσι
1322 3264 1416 3317 καὶ
1445 3263 1783 3333 ἀποπηδῶσι.
1815 3263 1925 3316 Kal
1959 3261 2086 3333 μὴν,
2113 3261 2162 3314 εί

590 3347 739 3414 οῦτός
769 3351 915 3402 ἐστιν
937 3351 966 3402 6
997 3350 1301 3418 προφήτης,
1331 3346 1510 3410 καθὼς
1535 3346 1778 3416 ἔφθησαν
1797 3343 1827 3384 ι)
1875 3345 2120 3408 εἰπόντες
2141 3361 2155 3375 ’

595 3429 783 3498 Οὗτός
812 3431 943 3485 ἐστι
980 3430 1114 3498 περὶ
1151 3426 1222 3486 οὗ
1263 3445 1452 3498 φησιν
1485 3432 1518 3483 ό
1551 3427 1834 3495 Μωϋσῆς,
1885 3428 1974 3481 ὅτι
2015 3432 2162 3496 Προ-

590 3516 788 3586 φήτην
828 3515 968 3584 ὑμῖν
1013 3512 1343 3578 ἀναστήσει
1403 3514 1616 3581 Κύριος
1655 3515 1688 3566 ό
1735 3512 1878 3577 Θεὸς
1926 3512 1994 3564 ἐκ
2044 3510 2162 3563 τῶν

590 3596 868 3667 ἀδελφῶν
895 3595 1060 3666 ὑμῶν
1089 3596 1169 3660 ὡς
1207 3595 1339 3664 ἐμέο
1380 3594 1566 3649 αὑτοῦ
1595 3595 1960 3648 ἀκούσεσθε·
1994 3593 2162 3663 ἐχρῆν

592 3682 786 3745 αὐτοὺς
817 3679 1005 3733 τούτου
1047 3677 1262 3732 ἀκούειν
1285 3677 1554 3746 λέγοντος,
1581 3677 1661 3730 ὅτι
1703 3677 1803 3732 Ἐκ
1841 3676 1945 3729 τοῦ
1986 3679 2161 3744 οὐρα-

590 3764 701 3819 νοῦ
731 3764 1118 3829 καταϐέϐηκα.
1136 3762 1293 3814 Ἀλλά
1322 3762 1420 3813 οὐκ
1451 3761 1665 3832 ήκουον,
1698 3759 1812 3813 ἀλλ’
1841 3759 2156 3829 ἐγόγγυζον.

595 3848 715 3900 Ἔτι
761 3848 868 3916 γὰρ
915 3845 1072 3898 αὑτὸν
1116 3843 1338 3915 ¹ᾐδοῦντο
1363 3843 1450 3897 διὰ
1475 3844 1536 3897 16
1566 3843 1758 3914 νεαρὸν
1789 3842 1925 3897 εἶναι
1961 3844 2020 3896 16
2053 3844 2161 3897 τῶν

591 3933 772 4003 ἀρτων
817 3932 1060 3999 σημεῖον.
1093 3927 1189 3980 Διά
1222 3927 1379 3980 τοῦτο
1412 3928 1660 3998 φανερῶς
1703 3926 1800 3996 μὲν
1829 3917 1929 3979 οῦκ
1953 3927 2161 3980 ἀντέλεα

590 4031 706 4080 γον,
736 4012 813 4082 τῷ
843 4013 900 4064 66
929 4011 1215 4081 γογγύςειν
1246 4013 1523 4079 ἐνέφαινον
1568 4011 1643 4074 ὼς
1686 4011 2046 4078 ἠγανάκτουν,
2078 4012 2160 4065 ὅτι

595 4097 670 4168 μὴ
721 4097 918 4149 ἔδωκεν
964 4096 1147 4158 αὐτοῖς
1193 4093 1468 4165 τράπεζαν
1510 4095 1687 4164 ἥνπερ
1714 4093 2014 4148 ἐϐούλοντο.
2051 4096 2160 4148 Καὶ

591 4179 952 4248 γογγύζοντες
987 4178 1202 4246 ἕλεγον’
1242 4179 1363 4230 Οὐκ
1401 4177 1571 4230 ἐστιν
1603 4173 1782 4243 οὗτος
1817 4180 1850 4231 ὀ
1889 4178 2015 4242 υίὸς
2055 4180 2162 4232 Ἰω-

591 4266 719 4334 σήφ
739 4281 758 4330 ;
779 4263 941 4316 Ὅθεν
967 4262 1142 4331 δῆλον,
1166 4263 1248 4314 δτι
1273 4261 1390 4313 0666
1419 4259 1514 4331 τὴν
1539 4260 1850 4332 θαυμαστὴν
1873 4261 2036 4314 αὑτοῦ
2066 4262 2160 4315 καὶ

594 4345 892 4417 παράδοξον
922 4344 1131 4398 οὐδέπω
1160 4345 1376 4414 ᾔδεισαν
1421 4343 1690 4414 γέννησιν.
1725 4343 1823 4396 Διά
1850 4343 2006 4396 τοῦτο
2031 4343 2160 4412 γοῦν

593 4432 706 4483 υἱὸν
745 4430 939 4500 Ἰωσὴφ
987 4427 1068 4481 ἔτι
1111 4428 1358 4496 λέγουσιν
1405 4428 1586 4482 αὐτόν.
1621 4427 1728 4480 Kal
1777 4427 1878 4480 οὐκ
1911 4429 2156 4498 ἐπιτιμᾷ,

593 4515 712 4568 0666
757 4513 902 4582 λέγει
947 4513 1161 4575 αὐτοῖς·
1201 4511 1314 4564 Οὐκ
1362 4511 1480 4581 εἰμὶ
1527 4510 1642 4573 υίὸς
1679 4509 1907 4580 Ἰωσήφ·
1957 4511 2053 4581 οὐχ
2081 4511 2163 4564 ὅτι

595 4597 706 4659 υἱὸς
746 4595 939 4666 Ἰωσὴφ
990 4591 1079 4665 ἦν,
1122 4594 1234 4647 ἀλλ’
1262 4593 1449 4664 ἐπειδὴ
1504 4593 1711 4646 οὐδέπω
1762 4592 2025 4661 ἠδύναντο
2073 4593 2164 4646 τόν

595 4679 902 4748 θαυμαστὸν
957 4679 1162 4730 ἐκεῖνον
1203 4677 1429 4730 ἀκοῦσαι
1475 4677 1652 4729 τόκον.
1686 4677 1749 4728 Εἰ
1789 4676 1844 4729 δέ
1885 4677 1975 4728 τὸν
2025 4676 2165 4730 κατὰ

596 4762 772 4830 σάρκα
819 4762 916 4813 οὑκ
963 4759 1220 4830 ἠδύναντο
1250 4759 1438 4829 σαφῶς
1470 4758 1718 4824 ἀκοῦσαι,
1755 4757 1932 4828 πολλῷ
1965 4758 2164 4828 μᾶλλον

592 4844 683 4895 τὸν
717 4843 953 4915 ἄρρητον
981 4842 1070 4896 τὸν
1095 4842 1224 4895 ἄνω.
1248 4843 1310 4894 El
1340 4844 1400 4894 16
1422 4840 1675 4896 ταπεινὸν
1703 4841 1802 4894 οῦκ
1825 4841 2162 4909 ἀπεκάλυψε,

595 4927 772 4996 πολλῷ
795 4925 991 4996 μᾶλλον
1014 4926 1194 4978 ἐκεῖνα
1222 4925 1321 4977 οὐκ
1352 4924 1416 4977 ἂν
1441 4925 1772 4994 ἐνεχείρησε.
1799 4923 1990 4978 Καίτοι
2008 4924 2164 4978 τοῦτο

591 5011 788 5072 αὐτοὺς
833 5008 1036 5079 σφόδρα
1081 5006 1461 5072 ἐσκανδάλιξε,
1511 5008 1572 5060 16
1624 5007 1684 5072 ἐξ
1739 5006 1985 5072 εὐτελοῦς
2026 5003 2162 5062 εἶναι

591 5092 819 5164 πατρὸς,
856 5093 949 5144 καὶ
977 5091 1071 5143 τοῦ
1101 5091 1349 5161 τυχόντος
1369 5108 1383 5122 ·
1415 5090 1527 5144 ἀλλ’
1555 5092 1702 5161 ὅμως
1742 5092 1840 5144 οὐκ
1884 5091 2162 5145 ἀπεκάλυ-

589 5177 708 5246 ψεν,
729 5177 815 5229 ἵνα
837 5176 932 5246 μὴ,
946 5175 1130 5245 ἕτερον
1153 5175 1440 5228 σκάνδαλον
1459 5174 1715 5244 ἀναιρῶν,
1734 5174 1918 5242 ἕτερον
1939 5177 2159 5246 ποιήσῃ.

591 5261 656 5313 Τί
703 5255 795 5313 οῦν
847 5257 1040 5320 αὐτὸς,
1088 5258 1463 5325 γογγυζόντων
1514 5257 1724 5323 αὐτῶν,
1772 5258 2157 5328 ἀποκρίνεται;

595 5343 803 5408 Οὐδεὶς
823 5341 1071 5395 δύναται
1095 5341 1291 5394 ἐλθεῖν
1313 5343 1462 5409 πρός
1488 5359 1583 5409 με,
1604 5341 1712 5394 ἐὰν
1727 5341 1814 5409 μὴ
1850 5345 1882 5395 ὁ
1905 5342 2162 5411 Πατὴρ-ό

590 5426 832 5495 πέμψας
856 5442 931 5493 με
958 5424 1188 5489 ἐλκύσῃ
1217 5425 1422 5476 αὐτόν.
1455 5423 1678 5494 Τούτῳε
1710 5425 2011 5496 ἐπιπηδῶσι
2042 5429 2162 5480 Μα-

591 5513 784 5578 νιχαῖοι
833 5507 1101 5574 λέγοντες,
1145 5506 1224 5558 ὃτι
1281 5505 1431 5558 οὐδὲν
1480 5508 1564 5575 ἐφ’
1590 5509 1720 5577 ἡμῖν
1767 5511 1975 5560 κεῖταιο
2023 5510 2159 5579 ὅπερ

596 5592 828 5660 μάλιστα
862 5589 1067 5660 βεϐαιοῖ
1111 5588 1332 5658 κυρίους
1363 5589 1520 5650 ὄντας
1551 5588 1652 5658 τῆς
1684 5589 1926 5659 γνώμης.
1959 5589 2021 5642 Ei
2051 5592 2159 5661 γάρ

592 5691 676 5737 τις
703 5674 921 5745 ἔρχεται
947 5674 1083 5742 πρὸς
1107 5672 1289 5733 αὑτὸν,
1321 5675 1472 5742 φησὶ,
1509 5671 1560 5723 τί
1590 5671 1670 5723 δεῖ
1698 5673 1796 5742 τῆς
1823 5673 2054 5740 ἓλξεως;
2092 5678 2158 5727 Ὃ

596 5758 688 5808 καὶ
711 5756 841 5808 αὐτὸ
871 5757 931 5808 06
965 5758 1025 5809 16
1056 5757 1139 5824 ἐφ’
1166 5759 1297 5826 ημῖν
1318 5757 1550 5825 ἀναιρεῖ,
1576 5755 1708 5808 ἀλλά
1735 5756 1930 5826 μᾶλλον
1958 5758 2155 5827 ἐμφαί-

663 5882 688 5948 ξι
717 5880 841 5955 Αιξξε
860 5882 885 5926 ό
912 5881 1222 5955 Ιιαῦλοςπερὶ
1242 5880 1515 5955 ΑἸουδαΙίιων.
1547 5880 1871 5955 διαλεγόμενρς
1906 5881 2051 5954 ἔλεγε,
2083 5885 2162 5955 καὶ

596 5938 921 6004 τοῦτοδῆλον.
987 5939 1014 5977 ὶι
1048 5933 1145 5990 Α]ἰί
1183 5933 1364 6004 ἔφθητε.
1412 5942 1534 5991 Ibid.
1574 5933 1748 5991 Elorél:
1791 5933 1926 5998 οὗτος
1957 5933 2050 6004 γὰρ
2084 5944 2159 6003 ἦν.

600 6000 624 6028 ⁸
644 5999 795 6050 Savil.
817 5999 1017 6053 τούτοις.

2265 1974 2345 2010 νει
2372 1958 2518 2027 ἡμᾶς
2547 1956 2801 2027 βοηθείας
2829 1957 3136 2029 δεομένους,
3165 1961 3246 2014 ὅτι
3292 1959 3560 2014 δείκνυσιν
3585 1955 3842 2024 ἐνταῦθα,

2264 2041 2324 2094 06
2346 2041 2437 2094 16v
2457 2041 2687 2110 τυχόντα
2712 2041 3026 2112 ἐρχόμενον,
3053 2045 3190 2097 ἀλλά
3207 2044 3298 2097 τὸν
3321 2042 3522 2113 πολλῆς
3547 2039 3844 2094 ἀπολαύονο

2211 2177 2216 2182 _
2262 2141 2330 2176 1a
2364 2123 2512 2196 [270]
2547 2126 2882 2195 συμμαχίας.
2928 2122 3061 2179 Εἶτα
3099 2127 3336 2180 δείκνυσι
3377 2125 3472 2178 καὶ
3512 2125 3602 2176 τὸν
3641 2122 3842 2193 τρόπον

2263 2207 2385 2260 καθ’
2413 2207 2473 2261 ὃν
2517 2209 2812 2264 ἓλκει.”Ίνα
2860 2210 2968 2281 γὰρ
3018 2211 3092 2280 μὴ
3138 2209 3300 2264 πάλιν
3333 2209 3588 2277 αἰσθητόν
3617 2225 3670 2260 τι
3713 2206 3841 2277 περὶ

2261 2290 2354 2343 τὸν
2403 2290 2534 2344 Θεὸν
2585 2291 3020 2356 ὖποπτεύσωσιν,
3071 2293 3386 2362 ἐπήγαγεν
3449 2293 3571 2358 Οὐχ
3610 2290 3701 2343 ὅτι
3735 2290 3846 2342 τὸν

2265 2374 2414 2426 Θεόν
2457 2391 2548 2439 τις
2591 2373 2872 2440 ἑώρακεν,
2915 2377 2967 2427 εί
3003 2375 3089 2442 μὴ
3134 2377 3166 2428 ὁ
3217 2372 3302 2428 ὢν
3337 2373 3494 2442 παρὰ
3531 2371 3636 2426 τοῦ
3669 2371 3839 2435 Θεοῦ,

2262 2454 2440 2522 οὗτος
2468 2457 2689 2524 ἑώρακεν
2720 2457 2826 2510 τὸν
2853 2459 3104 2525 Πατέρα.
3152 2457 3275 2522 Πῶς
3315 2453 3409 2512 οῦν
3465 2457 3632 2519 ἕλκει,
3663 2456 3792 2526 φησί
3819 2472 3839 2520 ς

2263 2540 2434 2594 Τοῦτο
2462 2542 2492 2594 6
2521 2542 2807 2612 προφήτης
2841 2541 3046 2595 ἄνωθεν
3089 2541 3274 2605 ἔδειξε,
3302 2539 3702 2612 προαναφωνῶν
3746 2539 3844 2593 καὶ

2262 2624 2434 2691 λέγων
2453 2639 2465 2652 ·
2508 2625 2791 2677 ’Ἔσονται
2819 2624 3040 2689 πάντες
3067 2623 3331 2678 διδακτοὶ
3355 2624 3522 2678 Θεοῦ.
3558 2619 3709 2686 Εἶδες
3741 2623 3841 2692 τῆς

2264 2707 2500 2769 πίστεως
2547 2706 2608 2759 16
2655 2705 2902 2776 ἀξίωμα;
2949 2706 3060 2759 Kal
3102 2707 3219 2769 πῶς
3257 2708 3316 2760 o6
3345 2706 3494 2776 παρά
3538 2704 3840 2776 ἀνθρώπων

2262 2789 2381 2842 0666
2409 2788 2476 2842 δι’
2507 2789 2814 2858 ἀνθρώπου.
2845 2789 2981 2844 ἀλλά
3007 2789 3072 2843 δι’
3102 2789 3267 2843 αὑτοῦ
3297 2788 3389 2842 τοῦ
3418 2787 3550 2842 Θεοῦ
3581 2791 3842 2858 προεῖπεν

2263 2875 2342 2926 ὅτι
2370 2873 2620 2942 μέλλουσι
2638 2872 2666 2912 ἆ
2693 2873 3015 2943 μανθάνειν;
3050 2874 3150 2927 Διά
3171 2872 3233 2944 δὴ
3256 2873 3413 2926 τοῦτο
3445 2872 3538 2926 καὶ
3565 2872 3656 2924 16v
3681 2871 3838 2939 λόγον

2266 2955 2434 3009 ποιῶν
2469 2955 2797 3020 ἀξιόπιστον,
2838 2957 2931 3009 ἐπὶ
2983 2957 3109 3019 τοὺς
3154 2957 3436 3028 προφήτας
3477 2955 3670 3018 αὐτοὺς
3698 2971 3838 3025 παρ-

2265 3037 2528 3108 έπεμψεν.
2561 3039 2670 3091 Kal
2698 3040 2747 3091 εί
2769 3039 3004 3109 εἴρηται,
3039 3041 3225 3109 φησὶν,
3249 3041 3330 3093 ὅτι
3367 3040 3614 3091 Ἔσονται
3639 3037 3838 3101 πάντες

2264 3121 2500 3174 διδακτοὶ
2547 3120 2705 3187 Θεοῦ,
2743 3122 2858 3184 πῶς
2907 3139 3051 3186 τινες
3096 3123 3155 3175 06
3205 3121 3577 3185 πιστεύουσινς
3609 3122 3729 3172 Ὅτι
3775 3119 3838 3172 16

2269 3206 2556 3278 εἰρημένον
2579 3206 2708 3278 περὶ
2737 3205 2844 3260 τῶν
2867 3205 3125 3262 πλειόνων
3147 3205 3432 3279 εἰρημένον
3455 3203 3837 3270 ἐστίν.⁹Αλλως

2267 3290 2325 3342 66
2361 3293 2452 3344 καὶ
2481 3293 2648 3361 χωρὶς
2677 3291 2864 3344 τούτου
2883 3304 2929 3352 ε,
2961 3292 3056 3362 οὐχ
3091 3292 3276 3355 ἁπλῶς
3310 3292 3514 3354 πάντας
3539 3291 3598 3344 τὸ
3627 3307 3838 3361 προφηο

2266 3373 2440 3433 τικδν,
2477 3373 2612 3426 ἀλλά
2660 3375 2885 3437 πάντας·
2910 3375 3059 3444 δηλοῖ
3103 3375 3230 3438 τοὺς
3269 3374 3644 3445 βουλομένους.
3683 3373 3837 3425 Διδά-

2268 3457 2466 3520 σκαλος
2506 3457 2615 3529 γὰρ
2643 3457 2982 3527 προκάθηται
3028 3461 3191 3512 πᾶσιν
3217 3459 3430 3528 ἕτοιμος
3459 3456 3534 3510 ὣν
3565 3457 3634 3509 τά
3673 3455 3838 3510 αὑτοῦ

2268 3543 2592 3610 παρασχεῖν,
2629 3541 2708 3603 είς
2751 3540 2956 3603 πάντας
2985 3540 3187 3609 ἐκχέων
3229 3541 3326 3610 τὴν
3366 3539 3707 3594 διδασκαλίαν
3737 3539 3838 3608 τὴν

2267 3623 2478 3676 ἐαυτοῦ.
2509 3623 2621 3676 Καὶ
2665 3622 2780 3691 ἐγὼ
2820 3623 3146 3690 ἀναστήσω
3191 3623 3378 3676 αὐτὸν
3401 3624 3471 3675 ἐν
3500 3621 3572 3688 τῇ
3610 3622 3836 3691 ἐσχάτῃ

2267 3705 2475 3775 ἡμέρᾳ..
2503 3707 2578 3758 Οὐ
2608 3706 2802 3776 μικρὸν
2831 3705 3062 3759 ἐνταῦθα
3084 3706 3177 3759 τοῦ
3205 3707 3334 3759 Υίοῦ
3359 3706 3417 3758 16
3439 3704 3673 3774 ἀξίωμα,
3703 3704 3756 3757 εῖ
3771 3721 3836 3772 γε

2265 3790 2294 3842 6
2328 3787 2514 3859 Πατὴρ
2544 3789 2826 3858 προσάγει,
2859 3789 2952 3841 καὶ
2981 3784 3134 3852 οὗτος
3175 3788 3452 3858 ἀνίστησιν
3473 3805 3488 3818 ο
3535 3788 3652 3856 οὐχὶ
3696 3787 3836 3839 διαι-

2269 3871 2526 3942 ρούμενος
2557 3875 2691 3944 πρὸς
2721 3871 2812 3923 τὸν
2842 3872 3060 3942 Πατέρα
3088 3873 3156 3924 τὰ
3185 3871 3346 3942 ἔργαο
3376 3872 3492 3934 πῶς
3520 3873 3662 3938 γάρ;
3703 3867 3839 3922 ἀλλά

2265 3954 2478 4017 δεικνὺς
2508 3953 2568 4007 τὸ
2601 3952 2879 4024 ῖσότιμονί
2911 3954 3008 4023 τῆς
3051 3954 3568 4022 δυνάμεως.”Ωσπερ
3602 3948 3692 4006 οῦν
3723 3953 3840 4005 ἐκεῖ

2265 4036 2458 4106 λέγων,
2503 4036 2614 4091 Καὶ
2646 4040 2680 4090 ό
2722 4037 2964 4106 πέμψας
3011 4053 3090 4106 με
3137 4037 3336 4104 Πατὴρ
3375 4036 3664 4105 μαρτυρεῖ
3702 4035 3834 4102 περὶ

2265 4120 2443 4187 ἐμοῦ’
2503 4117 2622 4172 εἷτα
2670 4119 2759 4172 ἵνα
2807 4120 2951 4182 τινὲς
3008 4121 3082 4190 μὴ
3132 4119 3312 4190 φωνὴν
3362 4118 3834 4190 περιεργάζωνται

2267 4203 2625 4275 παρέπεμψεν
2652 4203 2846 4266 αὐτοὺς
2867 4206 2982 4266 ταῖς
3008 4205 3246 4274 Γραφαῖς
3265 4218 3278 4232 ·
3300 4202 3440 4256 οὕτω
3469 4204 3562 4255 καὶ
3581 4201 3830 4263 ἐνταῦθα,

2269 4286 2344 4356 μὴ
2395 4287 2455 4339 16
2505 4286 2633 4339 0.616
2691 4286 3088 4351 ὑποπτεύσωσι,
3121 4288 3477 4356 παραπέμπει
3503 4285 3696 4348 αὐτοὺς
3723 4286 3836 4346 τοῖς

2266 4370 2596 4440 προφήταις,
2625 4369 2843 4432 τούτους
2869 4369 3106 4439 συνεχῶς
3134 4369 3245 4422 ἅνω
3271 4371 3364 4422 καὶ
3391 4369 3539 4422 κάτω
3569 4367 3833 4437 στρέφων,

2265 4452 2478 4516 δεικνὺς
2507 4453 2696 4506 ἐαυτὸν
2727 4453 2826 4506 οῦκ
2859 4452 3093 4506 ἐναντίον
3121 4453 3249 4505 ὄντα
3280 4453 3358 4523 τῷ
3389 4452 3580 4523 Πατρί.
3622 4451 3760 4504 Τίδέ
3781 4453 3833 4504 οῖ

2262 4535 2370 4607 πρὸ
2401 4535 2612 4600 τούτου,
2645 4537 2840 4604 φησίν;
2871 4537 2990 4606 οὐχὶ
3023 4536 3257 4589 διδακτοὶ
3279 4533 3417 4603 ἦσαν
3448 4535 3553 4606 ἄρα
3577 4535 3708 4588 Θεοῦ
3733 4552 3746 4599 ;
3778 4535 3833 4587 τί

2261 4615 2355 4672 οῦν
2383 4618 2618 4674 ἐνταῦθα
2643 4619 2703 4672 16
2740 4620 3046 4690 ὲξαίρετονς
3089 4620 3210 4672 Ὅτι
3241 4620 3360 4672 τότε
3405 4619 3502 4689 μὲν
3528 4620 3595 4672 δι’
3625 4617 3834 4689 ἀνθρώ-

2264 4720 2381 4755 πων
2413 4701 2711 4771 ἐμάνθανον
2741 4703 2810 4754 τά
2839 4701 2930 4755 τοῦ
2967 4701 3133 4755 ,Θεοῦ’
3161 4701 3255 4755 νῦν
3281 4703 3337 4755 δέ
3362 4703 3450 4756 διὰ
3479 4703 3574 4755 τοῦ
3613 4720 3832 4772 μονογε-

2262 4785 2384 4850 νοῦς
2406 4786 2535 4839 Υίοῦ
2564 4786 2657 4839 τοῦ
2679 4786 2834 4847 Θεοῦ,
2865 4786 2959 4839 καὶ
2977 4785 3064 4839 διὰ
3089 4785 3182 4838 τοῦ
3209 4785 3518 4856 Πνεύματος
3539 4786 3631 4839 τοῦ
3653 4787 3826 4854 ἀγίου.

2262 4863 2394 4922 Εἶτα
2421 4869 2613 4938 ἐπάγει
2633 4889 2646 4902 ·
2687 4872 2809 4938 Οὐχ
2841 4869 2930 4922 ὅτι
2959 4869 3064 4923 τὸν
3096 4869 3323 4937 Πατέρα
3346 4887 3433 4936 τις
3472 4869 3745 4938 ἑώρακεν,
3776 4872 3832 4923 εὶ

2255 4951 2342 5019 μὴ
2369 4955 2402 5005 ὁ
2427 4952 2511 5005 ὢν
2536 4952 2605 5006 ἐκ
2633 4952 2736 5006 τοῦ
2762 4952 2936 5006 Θεοῦ·
2967 4951 3026 5004 o6
3053 4952 3192 5006 κατὰ
3215 4952 3304 5006 16v
3345 4952 3442 5022 τῆς
3469 4954 3646 5015 αἰτίας
3673 4952 3830 5020 λόγον

2261 5034 2491 5089 ἐνταῦθα
2538 5035 2693 5089 τοῦτο
2721 5035 2912 5102 λέγων,
2944 5033 3079 5088 ἀλλά
3105 5034 3244 5088 κατά
3275 5034 3363 5087 16v
3389 5035 3588 5105 τρόπον
3615 5035 3710 5104 τῆς
3735 5035 3830 5088 06-

2262 5118 2400 5182 σίας.
2420 5120 2571 5172 Ἐπεὶ
2614 5121 2662 5172 εί
2705 5117 2862 5171 τοῦτο
2907 5117 3086 5186 ἔλεγε,
3118 5118 3319 5180 πάντες
3358 5118 3506 5188 παρά
3549 5117 3642 5170 τοῦ
3691 5117 3827 5171 Θεοῦ

2261 5201 2428 5272 ἐσμέν
2449 5219 2462 5232 ο
2495 5202 2597 5255 ποῦ
2627 5198 2720 5256 οῦν
2759 5203 2820 5254 16
2852 5201 3128 5272 ἐξαίρετον
3161 5201 3256 5255 τοῦ
3282 5200 3412 5254 Υίοῦ
3459 5201 3554 5254 καὶ
3598 5218 3829 5271 κεχωρι-

2261 5283 2455 5354 σμένον
2479 5302 2493 5350 ;
2527 5285 2680 5347 Τίνος
2702 5285 2756 5337 66
2789 5285 2974 5337 ἕνεκεν
3004 5284 3322 5354 τρανότερον
3352 5283 3481 5336 0.616
3508 5285 3567 5336 06
3594 5284 3823 5348 τέθεικε,

2260 5367 2426 5436 φησί;
2460 5367 2557 5420 Διά
2591 5367 2688 5437 τὴν
2715 5369 2933 5421 ἐκείνων
2977 5367 3279 5422 ἀσθένειαν.
3322 5367 3382 5421 EE
3421 5367 3529 5437 γὰρ
3559 5367 3821 5429 εἰπόντος,

2273 5451 2371 5502 Ἐκ
2392 5449 2496 5502 τοῦ
2525 5450 2780 5519 οὐρανοῦ
2801 5453 3182 5517 καταϐέϐηκα,
3214 5450 3382 5512 οὕτως
3409 5450 3824 5518 ἐσκανδαλίσθη-

2261 5547 2387 5582 σαν·
2427 5531 2479 5584 τί
2528 5535 2627 5586 οῦκ
2674 5532 2738 5586 ἂν
2789 5532 3007 5596 ἔπαθον,
3043 5535 3091 5586 εί
3123 5533 3400 5586 καὶτοῦτο
3445 5532 3820 5603 προσέθηκεν;

2263 5615 2458 5684 Ἀρτον
2506 5615 2561 5667 δὲ
2595 5615 2738 5684 ζωῆς
2785 5615 2974 5668 ἑαυτὸν
3009 5616 3182 5678 καλεῖ,
3225 5616 3306 5669 ὅτι
3345 5616 3444 5686 τὴν
3480 5613 3626 5685 ζωὴν
3665 5615 3821 5684 ἡμῶν

2261 5701 2546 5768 συγκροτεῖ
2592 5699 2684 5750 καί⁵
2731 5699 2935 5768 ταύτην
2985 5699 3078 5752 καὶ
3116 5698 3213 5769 τὴν
3259 5699 3585 5768 μέλλουσαν·
3615 5697 3694 5751 διδ
3727 5696 3821 5749 καὶ

2321 5822 2346 5862 d
2360 5823 2515 5888 Savil._
2530 5824 2614 5872 τοῦ
2634 5825 2756 5872 Θεοῦ
2779 5827 3015 5886 μέλλουσι.
3073 5827 3095 5849 ⁸
3114 5826 3264 5874 Savil.
3279 5827 3506 5874 πλειόνων
3527 5827 3722 5888 εῖρηται.
3735 5823 3821 5888 καὶ

2259 5887 2402 5947 χωρὶς
2437 5886 2622 5944 τούτου,
2654 5902 2761 5944 qm-
2781 5883 2876 5935 ειη
2906 5889 3107 5936 Codices
3137 5890 3208 5936 sic
3247 5889 3547 5944 continuant,
3573 5883 3632 5933 ’δὲ
3666 5883 3821 5947 ἐκεῖνο

2261 5947 2394 6016 δηλοῖ
2412 5946 2466 5992 τὸ
2487 5949 2774 6016 προφητικῷ
2797 5950 2868 5996 ὅτι
2889 5953 3062 6016 πάντας
3081 5950 3194 6016 φησί
3217 5949 3340 6016 τούς.
3413 5949 3431 5986 τ
3459 5949 3542 6000 Sic
3561 5946 3731 5998 Morel.
3759 5952 3817 5996 οι

2267 6009 2460 6067 quidam
2487 6008 2600 6056 Mss;
2639 6009 2789 6058 Savil.
2813 6017 2865 6060 el
2899 6012 2984 6060 alii
3013 6012 3068 6058 16
3093 6008 3388 6060 ἰσοστάσιον.
