4100 6364
313 344 415 402 257

314 457 704 531 primogenitus
733 455 938 510 futurus
967 458 1140 516 esset,
1188 448 1337 503 nullo
1360 463 1428 502 ex
1475 445 1697 501 mortuis
1725 444 1899 515 ipsum

314 550 612 621 sequente?
655 547 710 602 Si
741 544 1065 601 resurrectio
1115 556 1221 596 non
1250 549 1351 604 est,
1386 537 1655 610 quomodo
1695 537 1899 607 jttsiitia

314 645 405 698 Dei
435 641 756 705 servabitur,
806 653 927 693 cum
970 644 1048 689 tot
1092 634 1322 703 tmprobi
1374 633 1427 686 in
1482 632 1786 700 prosperis,
1822 636 1900 682 tot

313 736 465 808 probi
522 735 575 789 in
626 730 880 787 aerumnis
926 729 1089 782 vitam
1135 725 1385 795 exigant?
1430 722 1658 778 Ubinam
1708 720 1898 774 horum

312 829 504 900 singuli
535 826 829 882 secundum
854 821 1041 877 merita
1083 821 1344 889 accipient
1364 859 1378 882 ,
1406 818 1449 872 si
1480 831 1584 869 non
1612 815 1681 869 sit
1719 828 1900 867 resur-

312 921 522 978 rectio?
566 920 737 975 Nemo
765 926 910 972 recte
960 913 1250 970 viventium
1300 909 1747 966 resurrectionem
1794 920 1901 959 non

312 1013 523 1078 credit;
573 1011 666 1066 sed
713 1010 861 1080 probi
893 1007 1125 1079 quotidie
1152 1005 1291 1059 diem
1326 1003 1469 1056 illam
1521 1007 1745 1069 optant,
1777 1011 1903 1050 san-

314 1117 452 1160 ctam
486 1106 627 1165 illam
656 1118 841 1158 vocem
868 1100 1223 1171 proferentes,
1249 1096 1495 1151 Adveniet
1528 1108 1736 1164 regnum
1763 1100 1904 1144 tuum

314 1197 526 1266 (Matth.
575 1197 627 1250 6.
663 1194 776 1264 10).
809 1193 1035 1259 Quinam
1066 1205 1195 1262 ergo
1242 1199 1365 1242 sunt
1406 1186 1496 1256 qui
1550 1180 1904 1239 resurrectio-

315 1306 437 1345 nem
471 1304 577 1346 non
606 1287 871 1343 credunt?
913 1285 1011 1353 Qui
1042 1284 1095 1338 in
1143 1283 1243 1337 viis
1275 1279 1563 1349 inquinatis
1593 1274 1901 1338 ambulant,

313 1393 371 1438 et
395 1383 653 1452 impuram
677 1380 839 1433 vitam
865 1378 1085 1439 ducunt,
1115 1385 1173 1431 ut
1196 1375 1269 1428 ait
1294 1372 1552 1444 propheta
1577 1388 1591 1425 :
1619 1368 1908 1439 [nquinatae

315 1484 432 1527 sunt
461 1475 553 1527 via:
579 1474 718 1526 illius
747 1475 799 1524 in
820 1472 958 1525 omni
985 1480 1206 1537 tempore
1230 1483 1251 1521 :
1277 1468 1582 1535 auferuntur
1599 1460 1794 1529 iudicia
1819 1468 1907 1510 tua

317 1584 348 1617 α
375 1565 503 1636 facie
522 1566 631 1635 ejus
665 1561 815 1636 (Psat
869 1563 922 1617 9.
954 1561 1067 1630 Q6).
1096 1559 1210 1613 Non
1242 1566 1325 1613 est
1353 1556 1495 1611 enim
1518 1595 1531 1617 ,
1560 1568 1666 1607 non
1693 1559 1773 1605 est
1798 1548 1904 1603 uti-

1344 336 1411 389 IN
1452 329 1768 389 ΙΟᾹΝΝΕΜ
1806 328 2037 393 ιιοΜιι.
2081 329 2264 385 XLVI.
2308 330 2379 385 al.
2422 328 2584 385 XLV.

3495 338 3607 393 239‘

2006 460 2109 514 que
2140 443 2302 499 homo
2326 444 2491 498 vitam
2520 445 2719 500 ducens
2748 461 2933 515 puram
2955 488 2970 514 ,
3019 448 3107 519 qui
3140 464 3245 504 non
3273 453 3458 508 credat
3503 465 3593 505 rc-

2005 536 2366 591 surrectioni:
2416 551 2481 591 ac
2509 537 2597 607 qui
2628 538 2827 593 nullius
2872 541 2973 595 sibi
3018 544 3218 597 conscii
3258 555 3383 599 sunt
3430 550 3589 603 mali.

2006 628 2220 691 dicunt,
2268 638 2519 696 sperant,
2553 638 2607 684 et
2643 631 2905 697 credunt,
2953 634 3361 690 retributionem
3393 652 3451 692 se
3478 654 3599 692 esse

2007 730 2346 791 accepturos.
2374 721 2452 776 Ne
2479 723 2657 791 itaque
2687 724 2850 779 Deum
2880 726 3173 795 irritcmus,
3203 729 3296 785 sed
3320 732 3598 786 audiamus

2007 828 2128 867 eum
2159 812 2424 868 dicentem
2452 854 2467 879 ,
2521 814 2714 869 Timete
2762 833 2873 870 eum
2902 820 2989 889 qui
3033 831 3190 890 potest
3217 832 3263 874 et
3290 840 3515 877 animam
3545 838 3595 879 et

2007 919 2193 971 corpus
2221 906 2428 974 perdere
2448 905 2501 959 in
2527 908 2806 976 gehennam
2831 909 3041 967 (Matth.
3075 913 3162 967 10.
3194 914 3324 984 28);
3360 927 3414 970 ut
3452 929 3595 972 metu

2008 996 2261 1050 meliores
2316 997 2438 1050 facti
2460 1038 2474 1062 ,
2503 1006 2557 1052 et
2586 998 2685 1053 hac
2710 1001 2945 1069 pernicie
2992 1003 3199 1058 liberati
3243 1022 3410 1077 regno
3438 1010 3600 1063 caelo.

2011 1103 2127 1142 rum
2150 1088 2292 1158 digni
2327 1090 2617 1145 habeamur
2648 1108 2661 1144 :
2691 1094 2831 1162 quod
2862 1096 3061 1151 utinam
3087 1113 3273 1153 omnes
3299 1116 3596 1173 consequa-

2010 1196 2152 1246 mur,
2178 1181 2345 1251 gratia
2366 1193 2420 1237 et
2450 1182 2775 1254 benignitate
2801 1188 3007 1242 Domini
3034 1193 3200 1245 nostri
3227 1192 3354 1248 Jesu
3377 1194 3596 1261 Christi,

2012 1288 2111 1343 per
2138 1290 2296 1344 quem
2329 1284 2383 1329 et
2412 1291 2532 1330 cum
2586 1294 2691 1347 quo
2721 1279 2864 1333 Patri
2911 1281 3078 1351 gloria
3109 1299 3230 1337 cum
3283 1285 3557 1342 adoranda
3582 1331 3605 1355 ,

2011 1369 2353 1423 sanctissimo
2382 1380 2435 1424 et
2463 1372 2671 1427 viviﬁco
2700 1375 2817 1442 ejus
2844 1374 3066 1444 Spiritu,
3100 1393 3239 1433 nunc
3267 1388 3322 1434 et
3356 1395 3594 1450 semper,

2017 1470 2071 1517 et
2100 1463 2156 1516 in
2187 1462 2390 1529 inﬁnita
2418 1464 2612 1518 smcula
2638 1466 2976 1520 saeculorum.
3008 1469 3201 1523 Amen.

316 1677 3597 1710 MM

1659 1754 2009 1819 HOMILIA
2051 1754 2273 1815 XLVI.

320 1918 446 1973 CAP.
477 1917 531 1972 6.
584 1932 637 1968 ν.
680 1916 769 1969 41.
801 1910 1193 1967 Murmurabant
1221 1925 1339 1979 ergo
1365 1907 1537 1960 Iudici
1566 1905 1627 1957 de
1653 1903 1761 1963 illo,
1780 1902 1914 1971 quod

395 2010 621 2070 dixisset,
654 2007 763 2077 Ego
783 2022 893 2059 sum
924 2004 1070 2074 panis
1100 2044 1115 2068 ,
1144 2003 1229 2072 qui
1249 2002 1310 2054 de
1336 2000 1458 2053 cado
1486 1995 1740 2050 descendit
1769 2036 1785 2060 ,
1817 1993 1911 2045 4'2.

395 2110 440 2153 et
464 2100 696 2153 dicebant
730 2114 749 2153 :
775 2096 960 2151 Nonne
982 2096 1063 2148 hic
1081 2104 1153 2148 est
1177 2093 1333 2147 Jesus
1360 2090 1500 2159 ﬁlius
1521 2088 1735 2155 Joseph,
1766 2085 1911 2153 cujus

394 2209 486 2244 nos
516 2191 859 2261 cognoscimus
888 2198 1083 2255 patrem
1120 2197 1167 2239 et
1207 2182 1464 2238 matrem?
1494 2179 1758 2249 Quomodo
1791 2192 1911 2246 ergo

394 2282 515 2335 dicit
541 2299 595 2335 se
632 2298 658 2334 e
681 2281 805 2334 curio
831 2278 1149 2333 descendisse
1175 2276 1201 2328 ?

397 2379 449 2428 1.
481 2374 707 2437 Quorum
736 2372 873 2425 Deus
901 2382 1067 2424 venter
1105 2379 1176 2423 est
1206 2410 1221 2432 ,
1252 2378 1296 2422 et
1339 2366 1502 2435 gloria
1543 2366 1594 2417 in
1629 2363 1911 2434 ignominia

324 2466 773 2536 conth’hilipp.
796 2468 849 2521 5.
872 2465 984 2533 19),
1006 2464 1174 2533 inquit
1210 2463 1276 2517 de
1316 2459 1627 2531 quibusdam
1657 2456 1909 2520 Paulus‘,

331 2560 759 2630 l’hilippensibus
780 2559 1036 2613 scribens.
1065 2555 1216 2623 Quod
1240 2565 1415 2609 autem
1446 2553 1500 2607 hi
1524 2552 1692 2608 ,ιιιόωί
1710 2557 1909 2615 essent,

329 2656 502 2723 palam
532 2662 614 2707 est
640 2669 667 2705 a
695 2649 1137 2721 prmcedentihus,
1173 2648 1342 2717 palam
1371 2647 1497 2700 item
1525 2653 1606 2697 est
1626 2643 1772 2696 abiis
1792 2656 1912 2710 quae

328 2746 597 2799 Christum
638 2744 894 2797 adeuntes
933 2740 1200 2795 dicebant.
1235 2738 1364 2792 Nam
1392 2752 1513 2791 cum
1552 2748 1743 2805 panem
1786 2732 1913 2800 ipsis

333 2838 476 2892 dedit
500 2878 514 2898 ,
549 2839 892 2909 ipsorumque
916 2842 1128 2889 ventres
1155 2831 1436 2901 implevit,
1469 2829 1781 2898 prophetam
1814 2840 1913 2877 vo-

336 2932 529 2983 cabant
552 2970 567 2992 ,
611 2940 663 2982 et
692 2944 868 2997 regem
897 2927 1224 2981 constituere
1252 2923 1498 2977 volebant
1529 2939 1542 2983 ;
1570 2935 1692 2975 cum
1734 2926 1911 2971 autem

332 3022 659 3089 Spiritualem
681 3020 855 3074 cibum
882 3029 935 3073 et
960 3020 1121 3072 vitam
1147 3026 1401 3072 aiternam
1430 3014 1629 3079 docuit,
1652 3027 1769 3065 cum
1794 3011 1914 3065 illos

334 3132 360 3165 a
390 3114 675 3168 sensilibus
701 3112 960 3176 abduxit,
993 3126 1112 3164 cum
1145 3109 1212 3163 de
1242 3106 1635 3162 resurrectione
1665 3103 1912 3172 loquutus

333 3216 450 3270 est,
496 3207 839 3274 ipsorumque
882 3213 1113 3256 mentem
1155 3200 1370 3262 erexit;
1422 3213 1542 3251 cum
1592 3194 1913 3264 oportuisset

334 3298 482 3351 illum
513 3298 745 3350 maxime
790 3295 1004 3360 mirari,
1036 3303 1163 3347 tunc
1203 3299 1531 3345 murmurant
1562 3298 1615 3342 ct
1643 3287 1909 3342 resiliunt.

334 3390 491 3459 Atqui
523 3390 567 3442 si
589 3388 676 3442 hic
704 3397 819 3441 erat
845 3386 1102 3457 propheta
1137 3425 1152 3450 ,
1185 3392 1243 3437 ut
1277 3384 1422 3453 prius
1448 3381 1778 3436 dixerant’:
1817 3377 1915 3432 Hic

332 3492 406 3536 est
436 3484 567 3534 enim
593 3482 654 3534 de
673 3497 771 3550 quo
792 3481 923 3533 dixit
954 3479 1176 3549 Moyses,
1207 3477 1517 3546 Prophelam
1541 3474 1678 3529 vobis
1692 3474 1913 3528 suscita-

333 3574 402 3626 l-it
432 3572 675 3626 Dominus
713 3570 853 3624 Deus
880 3572 943 3624 de
982 3571 1221 3638 fratribus
1258 3571 1434 3623 vestris
1459 3609 1472 3633 ,
1500 3578 1751 3635 tamquam
1799 3581 1877 3617 me
1895 3580 1914 3618 :

333 3667 499 3735 ipsum
526 3665 695 3717 audite
724 3663 745 3737 (
777 3662 931 3716 Deut.
965 3663 1053 3716 18.
1085 3662 1153 3717 15
1179 3660 1198 3732 )
1223 3678 1236 3724 ;
1261 3661 1497 3729 oportuit
1521 3661 1695 3728 ipsum
1725 3657 1913 3711 audire

334 3758 618 3821 dicentem,
654 3755 730 3809 De
769 3756 892 3809 cado
918 3753 1172 3808 descendi.
1209 3752 1406 3807 Verum
1439 3767 1541 3804 non
1579 3749 1907 3813 audiebant,

332 3848 428 3903 sed
471 3846 892 3901 murmurahant.
932 3843 1119 3898 Adhuc
1148 3843 1290 3897 enim
1324 3842 1494 3911 ipsum
1534 3839 1915 3896 reverebantur

335 3940 403 3993 ob
448 3954 635 3993 recens
688 3954 879 4007 panum
930 3937 1266 3991 miraculum.
1319 3934 1444 3989 Ideo
1482 3948 1587 3988 non
1636 3932 1914 3987 manifeste

334 4033 799 4097 contradicebant;
831 4029 1213 4085 murmurando
1269 4038 1446 4083 tamen
1500 4026 1913 4097 indignationem

337 4143 444 4197 pne
488 4126 849 4189 sel'erebant,
907 4125 1028 4194 quia
1081 4139 1185 4177 non
1225 4121 1436 4192 qualem
1487 4120 1736 4174 volebant
1788 4119 1915 4187 ipsis

338 4234 579 4273 mensam
624 4217 862 4287 parabat.
906 4217 971 4269 Et
1010 4222 1404 4270 murmurantes
1428 4210 1695 4273 dicebant,
1730 4210 1918 4263 Nonne

274 4326 277 4327 '
335 4312 416 4363 hic
447 4321 515 4363 cst
542 4310 681 4377 ﬁlius
709 4306 903 4379 Ioseph
925 4308 950 4360 ?
984 4306 1131 4361 Unde
1155 4304 1331 4374 palam
1346 4313 1429 4358 est
1450 4304 1594 4374 ipsos
1614 4301 1914 4356 mirabilem

332 4404 449 4473 ejus
502 4402 900 4471 generationem
943 4399 1177 4452 nonduin
1226 4396 1461 4451 novisse.
1510 4394 1712 4448 Idcirco
1742 4393 1916 4447 adhuc

333 4514 453 4551 eum
474 4494 691 4562 Joscphi
720 4493 883 4547 ﬁlium
913 4489 1319 4559 dicunt.'Nequc
1346 4499 1520 4542 tamen
1549 4486 1769 4554 corripit
1799 4499 1911 4550 eos,

334 4603 505 4657 neque
547 4585 707 4650 dicit,
741 4584 854 4637 Non
891 4599 1009 4637 sum
1043 4582 1183 4635 ﬁlius
1223 4578 1441 4650 Josephi
1471 4598 1482 4633 :
1516 4594 1619 4632 non
1652 4576 1793 4647 quod
1819 4576 1912 4631 Jo-

332 4679 482 4747 sephi
513 4677 651 4731 ﬁlius
678 4683 820 4729 esset
858 4714 873 4740 ,
908 4672 1001 4728 sed
1042 4670 1180 4742 quod
1225 4670 1459 4725 nonduin
1502 4678 1718 4739 possent
1746 4667 1915 4721 admi-

330 4774 556 4828 l'ahiletn
586 4773 732 4825 illum
781 4780 990 4840 partum
1028 4766 1234 4820 audire.
1272 4764 1423 4831 Quod
1451 4764 1496 4818 si
1528 4772 1735 4833 partum
1764 4763 1913 4817 illum

332 4865 626 4920 secundum
671 4877 887 4917 carnem
932 4859 1165 4914 nondum
1198 4867 1443 4927 poterant
1485 4856 1669 4910 audire
1696 4897 1711 4922 ,
1746 4855 1914 4909 multo

331 4959 505 5011 minus
564 4952 881 5009 incﬁ'abilem
940 4951 1086 5005 illum
1157 4960 1211 5005 et
1279 4964 1589 5019 supernum.
1645 4949 1700 5004 Si
1771 4947 1910 5018 quod

335 5050 590 5104 humilius
646 5056 764 5101 erat
830 5062 933 5100 non
992 5042 1293 5108 revelavit,
1345 5041 1515 5095 multo
1584 5041 1757 5094 minus
1821 5040 1910 5093 illa

333 5143 546 5197 dixerit.
602 5142 759 5209 Atqui
822 5143 922 5193 hoc
985 5138 1128 5207 ipsos
1194 5134 1497 5190 oil‘endebat
1557 5132 1698 5203 quod
1771 5141 1913 5186 esset

328 5250 394 5287 es
467 5234 553 5286 vili
612 5243 762 5301 patre
823 5237 1286 5284 natuszattamen
1339 5240 1442 5279 non
1492 5223 1790 5288 revelat-it,
1844 5239 1911 5276 nc

331 5322 479 5378 aliud
511 5322 703 5376 tollens
731 5321 1105 5376 olfendicolum
1139 5360 1153 5383 ,
1198 5316 1341 5371 aliud
1383 5318 1623 5369 inferret.
1654 5314 1757 5368 Sed
1781 5313 1910 5382 quid

330 5414 438 5468 illis
462 5412 917 5469 murmurantibus
963 5408 1249 5479 reSpondet
1271 5408 1294 5460 ?
1320 5407 1409 5461 M.
1445 5404 1609 5458 Nemo
1635 5414 1794 5475 potest
1824 5419 1908 5457 ve-

330 5507 440 5560 nire
459 5507 524 5558 ad
555 5523 651 5571 nte,
676 5506 772 5557 nisi
799 5503 970 5569 Pater,
998 5504 1083 5574 qui
1105 5502 1238 5556 misit
1267 5516 1347 5559 me
1373 5541 1389 5566 ,
1421 5498 1627 5551 traxerit
1649 5513 1781 5551 eum.
1813 5497 1909 5551 llic

329 5598 617 5670 insurgunt
639 5597 915 5654 Manicbazi
941 5597 1201 5662 dicentes,
1231 5594 1361 5648 nihil
1384 5606 1483 5647 nos
1513 5605 1579 5645 ex
1607 5590 1762 5646 nobis
1784 5592 1910 5662 ipsis

388 5752 405 5782 ι
431 5748 529 5813 Alii
557 5752 755 5811 habent,
778 5750 947 5813 inquit.
968 5749 1033 5813 de
1055 5746 1241 5813 Judteis
1264 5746 1457 5810 loquens
1482 5743 1677 5798 Paulus.

394 5818 415 5847 ³
436 5810 531 5865 Alii
553 5810 751 5878 legunt,
768 5810 1021 5875 discretis,
1045 5826 1152 5875 pro,
1173 5810 1415 5862 dixerant.

2021 1901 2355 1969 posse:quia
2388 1902 2437 1956 id
2478 1905 2708 1959 maxime
2745 1908 2935 1976 prohat
2958 1950 2973 1974 ,
3008 1912 3332 1968 voluntatem
3365 1930 3601 1971 nostrain

2018 1991 2069 2043 in
2099 2003 2279 2045 nostra
2310 2008 2429 2047 esse
2460 2006 2743 2063 potestate.
2774 1999 2878 2054 Sed
2908 2002 2951 2054 si
2984 2004 3102 2070 quis
3147 2006 3286 2059 venit
3315 2007 3380 2061 ad
3412 2008 3556 2063 illum
3584 2054 3598 2076 ,

2018 2082 2213 2153 inquit,
2240 2086 2363 2154 quid
2399 2102 2534 2155 opus
2557 2090 2712 2144 habet
2743 2100 2799 2145 ut
2838 2093 3083 2149 trahatur
3107 2100 3131 2148 ἲ
3157 2097 3350 2154 Verum
3379 2101 3483 2157 hoc
3508 2120 3606 2157 no-

2017 2183 2187 2227 strum
2214 2191 2317 2229 non
2361 2178 2498 2231 tollit
2534 2180 2812 2236 arbitrium
2849 2226 2863 2243 ,
2894 2185 2986 2239 sed
3021 2188 3196 2255 potius
3242 2189 3476 2245 declarat
3507 2208 3603 2246 nos

2019 2267 2220 2320 auxilio
2242 2282 2374 2335 opus
2407 2269 2625 2324 habere.
2654 2272 2747 2325 llic
2773 2282 2950 2328 autem
2977 2292 3081 2332 non
3108 2280 3281 2348 agitur
3318 2281 3385 2335 de
3415 2284 3605 2352 quovis

2023 2356 2239 2413 homine
2268 2360 2560 2415 accedente
2590 2405 2606 2427 ,
2638 2364 2731 2418 sed
2765 2365 2832 2420 de
2855 2367 2949 2434 illo
2975 2370 3064 2438 qui
3094 2371 3262 2424 multo
3290 2373 3480 2429 fruitur
3505 2391 3603 2429 au-

2022 2449 2170 2502 xilio.
2206 2450 2413 2507 Deinde
2460 2454 2674 2509 modum
2722 2459 2959 2513 ostendit
3000 2477 3106 2530 quo
3138 2465 3319 2519 trahit.
3354 2466 3430 2521 Ne
3460 2471 3604 2523 enim

2020 2544 2273 2598 sensibile
2294 2546 2564 2616 quidpiam
2592 2549 2660 2604 de
2689 2549 2796 2605 Deo
2818 2557 3216 2622 suspicarentur
3238 2600 3252 2621 ,
3283 2560 3555 2630 subjunxit
3587 2583 3601 2617 :

2020 2636 2109 2691 46.
2141 2637 2264 2692 Non
2293 2641 2411 2709 quia
2432 2640 2599 2696 Deum
2627 2645 2750 2697 vidit
2775 2648 3057 2717 quicquam,
3082 2652 3179 2704 nisi
3202 2653 3289 2721 qui
3315 2665 3387 2707 est
3415 2672 3446 2708 a
3476 2657 3601 2720 Deo,

2021 2728 2103 2781 hic
2141 2730 2264 2783 vidit
2292 2730 2520 2786 Patrem.
2566 2735 2846 2800 Quomodo
2893 2739 3096 2794 trahit?
3140 2742 3312 2813 inquit
3342 2745 3452 2800 ille.
3489 2748 3602 2804 Hoc

2022 2821 2278 2890 propheta
2320 2823 2429 2892 jam
2470 2825 2597 2879 olim
2627 2826 2916 2883 declaravit
2947 2830 3029 2886 his
3071 2833 3250 2889 verbis
3274 2875 3288 2900 ,
3322 2837 3412 2892 45.
3440 2837 3605 2892 Erunt

2022 2928 2193 2965 omnes
2219 2912 2457 2969 docibiles
2482 2914 2593 2969 Dei.
2627 2916 2869 2973 Vidistin’
2892 2920 3013 2975 iidci
3038 2922 3369 2993 dignitatem,
3401 2937 3454 2982 et
3475 2946 3608 2999 quo-

2023 3005 2183 3059 modo
2212 3022 2315 3062 non
2343 3008 2411 3063 ab
2440 3009 2741 3067 hominibus
2766 3054 2780 3078 ,
2810 3029 2910 3069 nec
2940 3031 3032 3083 per
3054 3018 3325 3075 hominem
3382 3024 3476 3077 sed
3513 3041 3607 3092 per

2023 3096 2189 3151 Deum
2222 3098 2395 3167 ipsum
2423 3101 2551 3157 illud
2581 3102 2837 3160 edocendi
2869 3106 2975 3162 sint
3003 3108 3025 3161 ?
3056 3109 3285 3181 ideoque
3315 3122 3372 3166 ut
3400 3130 3609 3171 sermo-

2022 3188 2074 3242 ni
2105 3204 2203 3244 suo
2234 3190 2433 3247 faceret
2460 3192 2617 3247 ﬁdem
2644 3235 2659 3260 ,
2690 3195 2757 3249 ad
2805 3198 3091 3267 pr0phctas
3118 3202 3261 3271 ipsos
3287 3206 3509 3260 remisit.
3539 3206 3609 3263 Et

2021 3282 2066 3335 si
2095 3280 2293 3336 dictum
2320 3292 2401 3338 est
2425 3325 2439 3349 ,
2468 3286 2660 3355 inquit,
2692 3288 2838 3357 ipsos
2884 3289 2999 3345 fore
3028 3291 3291 3350 docibiles
3322 3296 3413 3351 Dei
3448 3339 3463 3363 ,
3511 3314 3608 3354 cur

2021 3374 2182 3444 aliqui
2230 3391 2335 3430 non
2391 3378 2814 3446 credunt?Quia
2847 3381 2978 3436 illud
3020 3384 3088 3438 de
3118 3385 3359 3453 pluribus
3400 3389 3603 3446 dictum

2022 3473 2124 3520 est.
2154 3467 2406 3538 Alioquin
2436 3477 2612 3524 autem
2642 3486 2746 3526 non
2777 3487 2964 3528 omnes
2989 3489 3209 3543 prorsus
3231 3519 3247 3543 ,
3296 3480 3390 3534 sed
3416 3496 3608 3537 oumes

2019 3558 2108 3627 qui
2140 3559 2440 3626 voluerint,
2469 3577 2565 3631 per
2592 3564 2905 3632 prOphetam
2934 3566 3319 3636 signiﬁcantur.
3356 3573 3606 3645 Magister

2022 3653 2167 3708 enim
2193 3654 2442 3710 omnibus
2469 3659 2803 3727 proponitur,
2838 3670 3053 3729 paratus
3079 3663 3145 3717 ad
3176 3679 3270 3718 sua
3304 3667 3558 3723 tradenda
3590 3712 3602 3733 ,

2021 3744 2109 3812 qui
2137 3743 2433 3799 doctrinam
2465 3762 2615 3802 suam
2639 3751 2887 3806 omnibus
2907 3751 3145 3807 etl‘undit.
3185 3754 3251 3808 Et
3278 3772 3368 3826 ego
3387 3761 3605 3813 rcsusci~

2022 3834 2137 3888 tabo
2162 3852 2275 3890 eum
2303 3838 2357 3890 in
2385 3838 2656 3893 novissimo
2678 3842 2778 3894 die.
2813 3842 2928 3897 Non
2960 3860 3119 3913 parva
3151 3844 3254 3900 hoc
3288 3848 3341 3901 in
3367 3849 3484 3905 loco
3516 3851 3604 3905 Fi-

2020 3928 2075 3982 lii
2102 3928 2334 3999 dignitas
2366 3946 2380 3983 :
2411 3932 2670 4001 siquidem
2703 3933 2861 3990 Pater
2882 3935 3042 3991 trahit
3063 3976 3077 4000 ,
3110 3945 3162 3992 et
3190 3938 3277 3993 hic
3297 3944 3598 4008 resuscitat,

2020 4037 2126 4076 non
2159 4022 2405 4079 dividens
2426 4024 2597 4080 Patris
2622 4034 2677 4081 et
2706 4026 2823 4082 Filii
2889 4046 3055 4100 opera
3097 4053 3110 4089 :
3159 4033 3427 4100 quomodo
3459 4035 3604 4090 enim

2019 4126 2203 4186 posset
2221 4117 2244 4169 ?
2262 4118 2353 4171 sed
2371 4119 2661 4175 ostendens
2676 4121 2957 4191 potestatis
2970 4124 3349 4193 aequalitatem.
3383 4128 3513 4183 Nam
3545 4144 3603 4185 ut

2021 4211 2261 4275 illoloco,
2279 4211 2342 4264 Et
2355 4214 2440 4281 qui
2457 4214 2590 4267 misit
2604 4230 2682 4268 me
2710 4212 2883 4283 Pater,
2912 4217 3247 4271 testimonium
3281 4221 3503 4290 perhibet
3540 4227 3604 4278 de

2020 4319 2119 4369 me,
2154 4303 2348 4359 deinde
2368 4321 2437 4360 ne
2464 4306 2674 4375 quidam
2697 4307 2763 4362 de
2780 4323 2909 4363 voce
2937 4311 3200 4366 curiosius
3222 4312 3554 4381 inquirerent
3586 4358 3601 4382 ,

2019 4396 2227 4451 remisit
2266 4397 2384 4451 illos
2412 4398 2476 4452 ad
2501 4399 2805 4468 Scripturas
2833 4416 2848 4453 :
2880 4402 2948 4456 ita
2973 4413 3026 4456 ct
3053 4402 3142 4459 hic
3167 4406 3391 4460 remittit
3418 4423 3512 4463 eos
3534 4410 3603 4463 ad

2021 4488 2445 4557 pr0phetas,hos
2471 4491 2697 4546 subinde
2730 4491 3022 4559 adducens,
3055 4504 3112 4548 ut
3140 4497 3389 4552 ostendat
3409 4515 3468 4554 se
3493 4517 3601 4556 non

2021 4596 2141 4635 esse
2169 4582 2309 4636 Patri
2337 4585 2682 4639 contrarium.
2715 4587 2804 4652 At,
2833 4586 3061 4656 inquies,
3084 4589 3209 4658 quid
3235 4592 3461 4648 antehac
3486 4594 3602 4651 fue-

2020 4675 2178 4727 runt?
2203 4688 2378 4728 annon
2399 4675 2657 4731 docibiles
2674 4676 2767 4731 Dei
2786 4676 2976 4731 erant?
2997 4679 3120 4749 quid
3144 4680 3244 4734 hoc
3271 4682 3464 4737 inloco
3490 4686 3604 4739 exi-

2020 4766 2185 4819 mium
2212 4768 2335 4820 est?
2362 4766 2513 4832 Quod
2543 4778 2666 4823 tunc
2688 4784 2784 4838 per
2810 4770 3053 4824 homines
3083 4787 3170 4827 res
3196 4773 3401 4829 divinas
3426 4776 3604 4833 disce-

2019 4870 2175 4922 rent;
2211 4874 2351 4914 nunc
2380 4873 2555 4914 autem
2586 4876 2683 4930 per
2704 4862 3029 4931 unigenitum
3059 4863 3253 4919 Filium
3288 4866 3379 4921 Dei
3426 4877 3479 4922 et
3511 4885 3604 4938 per

2017 4951 2273 5020 Spiritum
2311 4962 2576 5011 sanctum.
2616 4954 2817 5009 Deinde
2865 4954 3025 5009 infert
3054 4975 3067 5010 :
3094 4955 3215 5010 Non
3235 4959 3371 5027 quod
3399 4961 3602 5015 Patrem

2018 5044 2196 5098 viderit
2227 5044 2524 5115 quisquam,
2556 5045 2654 5099 nisi
2679 5046 2722 5099 is
2742 5046 2880 5115 quia
2909 5045 3013 5100 Deo
3035 5057 3126 5102 est.
3154 5048 3271 5104 Non
3303 5053 3595 5107 secundum

2021 5152 2197 5192 causae
2226 5138 2486 5192 rationem
2523 5137 2610 5191 hic
2642 5138 2876 5207 loquitur
2899 5179 2913 5203 ,
2943 5140 3036 5194 sed
3058 5142 3351 5207 secundum
3379 5144 3596 5199 modum

2019 5229 2348 5286 substantirc.
2380 5228 2512 5284 Nam
2537 5228 2584 5283 si
2610 5228 2901 5283 secundum
2933 5245 3110 5286 causa:
3151 5232 3412 5288 rationem
3441 5233 3591 5289 dice-

2015 5335 2100 5380 ret
2132 5366 2147 5391 ,
2178 5340 2364 5379 omnes
2395 5339 2425 5378 a
2458 5323 2565 5377 Deo
2590 5337 2776 5378 sumus
2803 5340 2817 5388 ;
2847 5324 2900 5378 in
2953 5340 3059 5395 quo
3103 5335 3186 5380 est
3212 5328 3515 5396 priestantia
3547 5336 3600 5381 et

2017 5416 2313 5470 diﬁ‘erentia
2346 5414 2462 5469 Filii
2492 5414 2515 5466 ?
2546 5414 2614 5468 Et
2641 5429 2738 5469 cur
2766 5457 2779 5479 ,
2808 5415 3015 5486 inquies
3047 5458 3062 5483 ,
3109 5432 3216 5470 non
3248 5417 3374 5472 illud
3402 5417 3600 5473 clarius

2017 5510 2282 5579 expressit
2308 5509 2331 5561 ?
2360 5507 2438 5563 Ob
2469 5507 2681 5561 illorum
2708 5507 3099 5563 inﬁrmitatem.
3128 5507 3259 5562 Nam
3292 5509 3339 5563 si
3367 5523 3487 5565 cum
3516 5509 3599 5565 di-

2015 5603 2093 5659 xit
2121 5643 2137 5669 ,
2169 5602 2244 5654 De
2267 5601 2390 5655 cwlo
2416 5600 2671 5665 descendi,
2701 5600 2771 5653 ita
2812 5599 3154 5655 scandalizati
3182 5609 3336 5664 sunt;
3359 5599 3485 5669 quid
3513 5598 3599 5655 fu-

2020 5706 2192 5750 turum
2219 5702 2335 5749 erat
2364 5734 2381 5760 ,
2428 5694 2471 5748 si
2519 5692 2648 5747 illud
2677 5692 2970 5747 addidisset
2995 5691 3017 5745 ?
3043 5690 3242 5746 Panem
3268 5700 3445 5747 autem
3475 5700 3598 5747 vum

2016 5790 2252 5859 scipsum
2288 5797 2459 5855 vocat,
2489 5787 2611 5858 quia
2639 5786 2800 5841 vitam
2836 5783 2987 5840 nobis
3028 5783 3163 5853 parit
3187 5791 3239 5839 et
3262 5781 3400 5838 hanc
3431 5793 3484 5840 et
3512 5782 3597 5839 {u-
