4100 6364
1928 284 1934 288 .
1962 273 1988 287 ο,
2050 282 2055 287 .

539 361 644 435 επὶ)

537 507 710 553 turam
739 511 754 550 :
784 477 906 550 ideo
933 475 1117 563 adjicit
1142 506 1156 545 :
1182 478 1243 543 Si
1266 480 1381 559 quis
1409 488 1785 544 manducauerit
1810 504 1873 543 ea:
1900 486 1994 540 hoc
2023 499 2116 556 pa-

536 608 618 656 ae,
649 590 777 645 vivet
802 591 857 643 in
879 597 1145 643 cternum.
1174 585 1374 640 Panem
1397 598 1526 638 vero
1554 582 1642 639 hic
1672 582 1801 638 dicit
1820 580 2119 636 doctrinam

534 681 823 738 salutarem
852 721 867 745 ,
894 679 1051 734 fidem
1084 678 1137 732 in
1163 692 1242 742 se.
1267 677 1379 731 sive
1399 691 1595 747 corpus
1615 691 1794 730 suum.
1818 673 2118 745 Utrumque

532 775 674 831 enim
696 772 928 828 animam
950 771 1186 825 roborat.
1212 769 1374 839 Atqui
1400 769 1523 823 alibi
1554 768 1707 832 dixit,
1738 768 1800 823 Si
1842 768 1954 839 quis
1996 783 2110 821 ser-

528 881 727 919 monent
754 878 920 917 meum
947 852 1200 927 audierit,
1233 878 1336 915 non
1370 860 1586 931 gustabit
1611 868 1821 913 mortem
1850 857 1905 931 (1
1910 874 2028 911 oan.
2056 856 2111 911 8.

529 954 619 1024 52)
644 997 659 1021 ,
691 964 743 1009 et
768 939 1110 1009 scatidaiizati
1156 961 1281 1007 sunt
1311 970 1325 1006 :
1359 953 1446 1007 hic
1470 966 1600 1007 vero
1625 966 1735 1005 non
1768 950 1897 1005 item
1927 966 1943 1016 ;
1974 948 2112 1004 forte

526 1063 649 1118 quia
661 1045 833 1100 adhuc
849 1044 1229 1101 reirerebantur
1250 1058 1372 1099 eum
1385 1042 1456 1098 ob
1471 1028 1902 1123 subminisiratos
1923 1052 2110 1123 panes.

594 1138 649 1193 9..
684 1124 983 1206 Di/l'eréntia
1012 1140 1142 1192 inter
1157 1154 1345 1191 manna
1374 1120 1625 1220 e‘tlpanem
1645 1122 1817 1191 verum
1845 1138 1899 1215 et
1917 1118 2103 1190 rivum.

538 1215 971 1284 —Animadvei-te
1000 1219 1176 1283 autem
1205 1245 1364 1303 quam
1394 1214 1558 1301 ponat
1582 1214 1723 1285 inter
1752 1214 1893 1283 hunc
1917 1216 2107 1297 panem

518 1314 575 1377 'et
611 1304 804 1377 manna
851 1304 1206 1391 differentiam
1241 1361 1256 1386 ,
1285 1304 1352 1376 ei
1404 1312 1682 1391 utriusque
1731 1334 1922 1389 nempe
1974 1320 2105 1374 line.

520 1403 671 1483 Quod
692 1400 835 1469 enim
866 1384 955 1469 ille
982 1414 1132 1469 cibus
1161 1384 1294 1468 nihil
1318 1427 1514 1468 novum
1537 1384 1776 1469 intulerit
1806 1455 1823 1481 ,
1858 1384 2055 1482 adjicit
2086 1430 2101 1468 :

515 1511 607 1566 49.
638 1508 821 1563 Patres
847 1502 998 1563 vestri
1025 1490 1456 1562 manducaverunt
1480 1523 1669 1561 manna
1697 1507 1751 1560 in
1788 1505 1991 1560 deserto
2010 1545 2027 1573 ,
2055 1513 2104 1560 et

514 1595 704 1681 mortui
727 1612 863 1658 sunt.
891 1600 1093 1681 Deinde
1125 1600 1176 1654 id
1208 1599 1471 1672 pra2cipue
1499 1601 1609 1670 agit
1627 1608 1685 1653 ut
1713 1599 1818 1654 illis
1839 1597 2060 1654 suadeat
2081 1638 2100 1667 ,

512 1679 575 1754 se
602 1696 772 1751 multo
806 1679 1101 1766 majoribus
1126 1694 1375 1765 dignatos
1398 1709 1520 1750 esse
1545 1694 1703 1749 bonis
1730 1708 1890 1763 quam
1918 1700 2099 1763 patres

513 1792 749 1857 ipsorum
778 1829 794 1853 ,
833 1787 902 1843 de
942 1787 1125 1859 Moyse
1169 1786 1505 1842 subobscure
1547 1785 1773 1857 loquens
1796 1795 1852 1840 et
1875 1784 1943 1840 de
1969 1785 2100 1840 viris

512 1882 618 1937 illis
673 1880 1028 1951 mirabilibus.
1077 1878 1201 1934 Ideo
1247 1894 1369 1934 eum
1401 1878 1627 1934 dixisset
1653 1892 1747 1933 eos
1782 1877 1873 1948 qui
1899 1891 2097 1959 manna

508 1974 1126 2056 coniederant‘mortuos
1150 1985 1303 2051 esse,
1346 1970 1567 2026 intulit:
1603 1969 1706 2037 Qui
1731 1969 2002 2023 manduca!
2030 1984 2096 2021 ea:

509 2069 603 2121 hoc
624 2052 789 2141 pane,
820 2048 947 2120 vivet
988 2065 1043 2118 in
1068 2048 1334 2138 aeternum.
1370 2062 1507 2118 illud
1544 2057 1676 2118 vero
1699 2104 1714 2129 ,
1742 2061 1809 2123 In
1847 2063 2044 2143 deserto
2073 2076 2089 2127 ι

508 2177 613 2215 non
642 2162 757 2215 sine
783 2174 942 2216 causa
970 2159 1149 2230 posuit
1180 2199 1195 2223 ,
1223 2157 1319 2213 sed
1368 2156 1613 2220 indicans
1642 2198 1658 2222 ,
1700 2154 1833 2211 illud
1864 2170 1969 2210 non
1999 2156 2091 2209 diu

504 2254 728 2309 durasse
753 2294 768 2319 ,
801 2267 973 2322 neque
1012 2252 1064 2307 in
1095 2260 1291 2307 terram
1320 2250 1687 2320 promissionis
1726 2249 1956 2303 venisse.
1992 2249 2091 2304 Hic

499 2356 680 2402 autem
722 2348 877 2417 panis
905 2361 1009 2401 non
1038 2354 1120 2401 est
1151 2342 1473 2415 liujusmodi.
1520 2342 1609 2397 52.
1650 2340 1721 2395 Et
1762 2343 1915 2412 panis
1930 2349 2088 2413 .quem

496 2456 590 2510 ego
612 2438 762 2505 dabo,
790 2454 909 2492 caro
937 2454 1047 2493 mea
1067 2447 1160 2504 est,
1180 2453 1333 2508 quam
1358 2452 1451 2507 eqo
1474 2434 1628 2500 dabo,
1650 2451 1742 2505 pro
1768 2436 1945 2489 mundi
1962 2435 2082 2489 vita.

500 2532 689 2586 Merito
714 2531 833 2601 quis
871 2530 1118 2586 dubitans
1138 2529 1227 2585 hic
1251 2527 1526 2599 quaesierit
1552 2567 1568 2594 ,
1595 2541 1692 2581 cur
1707 2526 1809 2581 hoc
1839 2536 2084 2597 tempore

497 2610 617 2681 itare
636 2625 886 2695 loquutus
911 2624 1003 2690 sit,
1034 2638 1153 2694 qua:
1180 2622 1310 2679 nihil
1336 2620 1677 2693 proﬁcerent,
1696 2621 1828 2676 nihil
1848 2621 2081 2676 aediﬁca-

496 2724 634 2791 rent,
658 2716 767 2770 imo
789 2716 963 2785 potius
989 2714 1263 2771 :edificatis
1294 2724 1552 2769 nocerent
1580 2716 1619 2767 ³.
1648 2712 1863 2780 Exhoc,
1888 2712 2078 2784 inquit,

494 2807 642 2861 multi
678 2792 740 2861 ea:
766 2807 1029 2877 discipulis
1054 2810 1164 2877 ejus
1204 2816 1339 2862 retro
1362 2804 1594 2860 abierunt
1622 2805 1839 2860 dicentes
1861 2845 1877 2871 ,
1905 2804 2080 2860 Durus

491 2909 566 2953 est
590 2898 672 2952 hic
698 2915 879 2963 sermo,
909 2899 1019 2969 quis
1044 2907 1204 2969 potest
1232 2914 1346 2952 eum
1370 2898 1548 2952 audire
1568 2898 1595 2951 2’
1612 2896 1780 2952 Erant
1800 2898 1941 2951 enim
1964 2895 2079 2952 lucc

490 2990 623 3047 solis
672 2991 947 3061 discipulis
998 2990 1442 3046 communicanda
1474 3031 1490 3056 ,
1524 3000 1583 3045 nt
1627 2989 1910 3045 Matthaeus
1953 2990 2073 3057 ait,

490 3085 716 3140 Seorsim
744 3083 1038 3152 loquebatur
1064 3084 1135 3137 eis
1163 3082 1353 3154 (Marc.
1381 3083 1437 3137 4.
1463 3081 1575 3151 δι).
1605 3081 1744 3150 Quid
1771 3082 1837 3137 ad
1866 3082 1966 3136 hoc
1988 3082 2073 3136 di-

484 3190 677 3253 cemus
704 3176 727 3230 ?
752 3190 993 3246 quamam
1024 3158 1212 3251 borum
1258 3174 1456 3253 utilitas
1485 3176 1509 3229 ?
1547 3174 1732 3244 Magna
1761 3184 1907 3229 certe
1932 3174 2075 3229 utili-

488 3278 569 3323 tas
591 3277 644 3323 et
671 3270 981 3322 necessitas.
1004 3266 1137 3335 Quia
1153 3250 1296 3322 enim
1318 3266 1587 3344 inStabant
1605 3263 1782 3338 cibum
1806 3275 2066 3337 petentes,

482 3346 583 3415 bed
621 3374 941 3429 corporeum
972 3400 988 3424 ,
1021 3368 1077 3414 et
1103 3354 1397 3435 majoribus
1431 3360 1542 3414 suis
1582 3351 1863 3429 prmbitam
1890 3374 2069 3424 escam

485 3462 846 3508 memorantes
869 3488 889 3519 ,-
916 3467 1112 3507 manna
1156 3468 1405 3523 magnum
1450 3452 1721 3524 quidpiam
1752 3468 1873 3508 esse
1914 3452 2070 3508 dice-

486 3544 636 3609 bant,
663 3544 952 3600 ostendens
982 3544 1070 3599 illa
1096 3546 1273 3599 omnia
1304 3544 1524 3621 ﬁguram
1545 3554 1601 3600 et
1630 3546 1870 3600 umbram
1899 3561 2022 3601 esse
2048 3587 2065 3613 ,

490 3635 634 3691 lnmc
658 3652 786 3692 vero
809 3637 984 3692 cibum
1008 3638 1087 3693 rei
1111 3639 1389 3693 veritatem
1408 3680 1423 3703 ,
1451 3652 1630 3714 escam
1663 3648 1927 3694 memorat
1954 3640 2067 3710 spi-

482 3728 751 3785 ritualeln.
785 3729 855 3783 At
881 3759 898 3796 ,
930 3729 1173 3799 inquies,
1204 3727 1492 3783 dicendum
1521 3738 1670 3794 erat,
1702 3728 1887 3785 Patres
1904 3730 2067 3785 vestri

485 3819 947 3895 manducaverunt
976 3836 1168 3875 manna
1220 3821 1273 3875 in
1316 3820 1566 3887 deserto,
1598 3837 1698 3893 ego
1719 3831 1846 3877 vero
1871 3838 2064 3894 panem

480 3914 604 3970 dedi
634 3914 810 3971 vobis.
853 3915 960 3971 Sed
1004 3931 1253 3985 magnum
1282 3927 1398 3971 erat
1426 3916 1716 3974 discrimen
1743 3935 1755 3972 :
1782 3919 1885 3972 hoc
1909 3920 2063 3975 vide-

480 4005 637 4061 batur
677 3988 854 4061 minns
872 4002 998 4061 esse
1021 4048 1035 4071 ,
1062 4006 1204 4076 quod
1236 4007 1365 4062 illud
1391 4008 1457 4062 de
1485 4009 1619 4065 caelo
1671 4012 1929 4075 venisSet,
1960 4012 2061 4065 hoc

479 4110 660 4155 autem
692 4116 886 4169 panum
913 4099 1227 4163 miraculum
1260 4100 1312 4155 in
1340 4110 1480 4156 terra
1520 4102 1717 4157 factum
1740 4110 1902 4158 esset.
1926 4102 2061 4171 Quia

478 4208 608 4261 ergo
646 4190 958 4260 quazrebant
994 4190 1173 4244 cibum
1203 4190 1269 4247 de
1296 4191 1428 4246 cado
1455 4192 1690 4247 delatum
1720 4232 1736 4261 ,
1764 4194 1888 4250 ideo
1913 4210 2061 4266 saepe

478 4281 689 4337 dicebat
715 4320 732 4346 ,
766 4279 844 4335 De
870 4280 995 4346 creto
1024 4280 1280 4350 descendi.
1309 4282 1365 4337 Si
1389 4283 1507 4352 quis
1546 4299 1673 4339 vero
1712 4286 2012 4341 sciscitatur
2037 4326 2054 4351 ,

477 4392 573 4431 cur
592 4376 659 4431 de
684 4374 953 4446 mysteriis
979 4376 1227 4444 quuutus
1243 4376 1332 4442 sit,
1362 4378 1824 4446 respondebimus,
1848 4389 2059 4450 tempus

475 4479 837 4538 opportunum
878 4468 1040 4523 fuisse
1068 4466 1182 4520 hwc
1216 4467 1452 4523 dicendi.
1488 4469 1621 4524 Nam
1649 4472 1931 4528 verborum
1962 4474 2059 4528 ob-

473 4561 705 4615 scuritas
744 4561 1038 4618 auditorem
1078 4575 1296 4639 semper
1331 4562 1529 4618 excitat
1560 4600 1576 4630 ,
1622 4572 1677 4618 et
1714 4564 2055 4618 attentiorem

482 4652 666 4707 efﬁcit.
696 4652 812 4707 Non
844 4669 971 4724 ergo
995 4654 1189 4710 offendi
1217 4652 1471 4728 Oportuit,
1499 4655 1595 4710 sed
1627 4655 1800 4725 potius
1829 4655 2058 4710 interro-

478 4758 626 4813 gare.
651 4742 804 4798 Nunc
824 4754 1002 4800 autem
1031 4746 1107 4801 illi
1131 4746 1348 4801 abeunt.
1388 4745 1522 4808 Nam
1549 4746 1594 4801 si
1625 4747 1941 4817 prophetam
1960 4746 2053 4817 ip-

477 4840 595 4890 Smn
623 4852 743 4891 esse
776 4836 1066 4892 credebant
1093 4878 1110 4905 ,
1139 4836 1295 4893 dictis
1319 4837 1555 4907 credere,
1577 4837 1834 4907 oportuit.
1868 4835 2055 4907 itaque

474 4929 617 5007 quod
647 4928 834 4983 offensi
861 4930 986 4994 sint,
1023 4929 1077 4984 id
1106 4945 1174 4985 ex
1202 4946 1388 4985 eorum
1420 4930 1723 5009 insipientia
1746 4929 1911 4994 venit,
1945 4944 2053 4982 non

473 5004 539 5075 ex
567 5021 893 5076 obscuritate
931 5022 1215 5076 sermonis.
1260 5022 1337 5076 Tu
1385 5038 1514 5077 vero
1546 5004 1867 5098 consideres
1892 5022 2052 5077 velim

472 5109 745 5180 quomodo
767 5110 1059 5181 discipulos
1085 5127 1213 5167 suos
1239 5113 1494 5182 paulatim
1526 5115 1722 5169 alliciat
1750 5115 1853 5185 alii
1905 5117 2050 5170 enim

467 5203 702 5272 suntqui
727 5203 929 5265 dicunt,
946 5202 1105 5259 Verba
1127 5206 1240 5259 vim
1258 5206 1409 5261 habes
1433 5223 1563 5274 :quo
1588 5209 1767 5264 ibimus
1792 5209 1967 5282 (Joan.
1990 5212 2048 5266 6.

468 5293 586 5364 08)?
612 5293 877 5349 Caeterum
894 5293 978 5349 hic
1004 5310 1063 5350 se
1088 5296 1331 5351 datorem
1358 5297 1506 5363 dicit,
1533 5315 1640 5353 non
1665 5300 1874 5356 Patrem
1900 5320 1913 5356 :
1939 5300 2051 5355 Pa-

466 5388 545 5440 nis
561 5390 581 5418 ²
600 5402 747 5457 quem
772 5404 863 5459 ego
893 5388 1040 5453 dabo,
1061 5404 1179 5442 caro
1197 5406 1307 5443 mea
1322 5400 1396 5445 est
1416 5408 1510 5461 pro
1528 5395 1702 5447 mundi
1722 5395 2049 5450 vita.Verum

544 5518 549 5523 ι
582 5504 725 5569 gusta
746 5497 912 5571 more].
940 5497 1206 5571 legendum
1223 5509 1436 5571 esset...”
1477 5512 1597 5571 Haec
1611 5504 1793 5571 lactans
1812 5506 1875 5557 sit
1892 5543 1912 5571 _,
1939 5519 2049 5570 qua:

472 5559 1244 5630 "WWPWdi/im’enbﬂmmi
1261 5565 1557 5626 PTOdessent,
1582 5567 1676 5617 imo
1698 5569 1852 5630 ροιέαδ
1882 5559 2047 5623 ἧδἠο,

471 5622 631 5687 ceij'ent
653 5622 737 5683 'qu'i
764 5622 905 5687 antea
936 5622 1167 5687 aediﬁcati
1186 5622 1342 5676 erant.

536 5683 903 5759 :JustaSaXiL,
930 5683 1044 5755 post
1070 5687 1339 5759 illud,suos
1367 5688 1601 5759 paulatim
1622 5691 1804 5743 alliciat
1828 5732 1841 5754 ,
1874 5694 2046 5759 legen-

595 5753 740 5854 εἰδοὶ
748 5760 759 5795 :
784 5746 875 5797 Hic
895 5740 1021 5798 enun
1039 5761 1088 5800 se
1108 5740 1300 5803 dantem
1320 5740 1525 5812 ut'ducit,
1549 5765 1644 5803 nan
1665 5740 1857 5808 Patrem
1874 5740 2045 5814 Ϊῗῆἆ-

525 5817 564 5862 ὗ,
595 5817 740 5854 θια.»

1277 372 1336 429 s.
1374 342 1651 429 Joannis
1687 313 2161 427 απαξ,οείοΜ
2197 324 2516 433 Ananiae.
2556 348 3089 447 coNsi‘AN'nnor.

3698 394 3803 455 260

2230 503 2335 542 non
2358 491 2435 545 sic
2464 488 2631 583 turbze
2653 539 2671 568 ,
2697 502 2791 556 sed
2820 515 3005 561 contra
3024 548 3042 576 ,
3079 505 3258 563 Durus
3281 502 3361 563 es?
3379 512 3461 566 hic
3485 529 3646 569 sermo
3667 554 3685 584 ,
3718 516 3800 572 in-

2223 584 2433 651 quiunt.
2469 585 2697 662 ideoque
2726 596 3005 653 recedunt.
3025 601 3188 671 Atqui
3219 618 3327 658 non
3356 621 3491 658 nova
3519 616 3634 663 erat
3655 649 3671 675 ,
3699 624 3797 665 ne-

2223 690 2337 771 que
2378 681 2615 771 variabat
2662 685 2901 743 doctrina
2947 710 2961 746 z
3005 707 3127 747 nam
3174 684 3405 752 Jbannés
3436 698 3562 753 illud
3591 701 3608 733 ⁸
3638 716 3797 771 supra

2220 767 2812 841 subindicaverat,cum
2833 776 3045 851 Agnum
3068 784 3241 853 ipsum
3273 790 3503 843 vocavit.
3526 790 3633 846 Sed
3669 833 3683 857 ,
3705 767 3799 846 in-

2220 859 2394 926 quies,
2430 864 2527 933 ipsi
2556 882 2659 920 non
2688 869 3082 929 intellexerant.
3110 870 3223 933 Hoc
3267 890 3321 934 et
3359 892 3459 950 ego
3497 884 3619 937 novi
3651 900 3664 943 :
3699 884 3790 939 sed

2218 966 2393 1023 neque
2427 957 2673 1029 discipuli
2715 964 2765 1017 id
2797 967 3056 1023 sciebant.
3086 969 3215 1025 Nam
3256 974 3301 1027 si
3343 978 3789 1032 resurrectionem

2217 1046 2454 1135 nondum
2480 1053 2607 1138 satis
2633 1054 2779 1138 clare
2811 1058 3198 1131 intelligebant,
3227 1065 3452 1137 ideoque
3475 1068 3791 1138 ignorabant

2214 1130 2347 1235 quid~
2368 1126 2506 1235 illud
2528 1149 2693 1235 esset,
2721 1134 2914 1235 soluite
2942 1126 3318 1224 templunrhoc,
3348 1126 3394 1211 et
3419 1159 3470 1212 in
3492 1126 3651 1215 iribus
3678 1163 3788 1214 die-

2217 1227 2310 1322 bus
2329 1232 2555 1289 excitabo
2581 1227 2713 1293 illud
2738 1239 2759 1313 (
2787 1227 2944 1297 Joan.
2970 1244 3024 1298 2.
3055 1245 3120 1300 l9
3150 1251 3167 1316 )
3191 1263 3205 1312 ;
3237 1248 3407 1305 multo
3428 1250 3602 1306 minus
3627 1269 3786 1322 supra

2210 1320 2351 1377 dicta
2396 1330 2677 1397 capiebant
2705 1374 2721 1397 ,
2752 1350 2870 1403 qua:
2902 1340 3210 1394 obscuriora
3236 1352 3406 1396 erant.
3441 1343 3593 1411 Quod
3634 1320 3783 1401 enim

2209 1418 2483 1489 prOpheta:
2513 1425 2960 1500 surrexissent(a)
2986 1472 3001 1496 ,
3034 1442 3244 1499 norant,
3272 1434 3398 1489 licet
3424 1435 3473 1489 id
3494 1436 3784 1506 Scriptura:

2206 1526 2314 1566 non
2344 1515 2489 1571 clare
2519 1517 2698 1574 dicant
2730 1537 2743 1574 :
2775 1522 2916 1592 quod
2948 1539 3073 1579 vero
3102 1540 3319 1580 carnem
3353 1530 3472 1597 quis
3496 1530 3785 1584 manduca-

2205 1606 2339 1659 verit
2364 1648 2379 1674 ,
2410 1624 2569 1664 nemo
2597 1627 2781 1667 eorum
2808 1614 3033 1669 dixerat.
3068 1618 3317 1672 Attamen
3346 1620 3782 1691 obtemperabant

2203 1706 2257 1751 et
2273 1700 2648 1771 sequebantur,
2677 1715 2836 1775 atque
2854 1708 3242 1765 confitebantur
3262 1711 3435 1781 ipsum
3468 1714 3627 1769 verba
3658 1716 3780 1770 vita!

2201 1798 2419 1845 aeterna:
2459 1792 2677 1849 habere.
2728 1795 2856 1852 Illud
2898 1801 3040 1854 enim
3081 1800 3323 1872 discipuli
3367 1815 3449 1859 est
3478 1846 3492 1869 ,
3539 1808 3778 1876 magistri

2200 1881 2362 1936 verba
2392 1898 2495 1938 non
2514 1888 2776 1943 curiosius
2804 1890 3095 1961 inquirere,
3126 1894 3222 1949 sed
3252 1896 3437 1952 audire
3459 1906 3513 1952 et
3530 1898 3776 1969 obsequi,

2198 1989 2262 2037 ac
2309 1984 2521 2047 tempus
2559 1979 2627 2034 ad
2669 1982 2990 2039 solutionem
3034 1996 3397 2059 opportunum
3443 2001 3772 2060 exspectare.

2195 2064 2306 2120 Cur
2330 2082 2459 2138 ergo
2495 2073 2820 2151 contrarium
2846 2116 2861 2138 ,
2904 2077 3133 2143 accidit,
3182 2078 3422 2153 inquient
3447 2115 3469 2146 ς
3489 2093 3542 2136 et
3570 2091 3773 2138 retror-

2194 2171 2312 2217 sum
2343 2156 2632 2217 abierunt?
2658 2165 2712 2219 id
2741 2182 2804 2221 ex
2832 2165 3041 2223 illorum
3069 2170 3367 2243 insipientia
3385 2173 3577 2227 evenit.
3597 2174 3773 2241 Quan-

2193 2250 2264 2305 do
2290 2253 2431 2307 enim
2463 2254 2604 2308 subit
2626 2257 2862 2311 animum
2896 2260 2980 2314 illa
3020 2263 3244 2330 quaestio
3264 2306 3278 2327 ,
3313 2256 3578 2329 Quomo’do
3598 2302 3617 2331 ,
3645 2276 3771 2321 tunc

2193 2356 2297 2397 una
2322 2342 2617 2427 ingreditur
2646 2348 3011 2413 incredulitas.
3044 2351 3134 2407 Sic
3157 2364 3210 2406 et
3233 2352 3552 2410 Nicodemus
3590 2356 3771 2410 turba-

2188 2432 2347 2489 batur
2368 2436 2586 2492 dicens:
2618 2438 2881 2513 Quomodo
2898 2451 3057 2510 potest
3078 2443 3227 2495 homo
3255 2445 3444 2498 intrare
3466 2446 3519 2498 in
3544 2458 3762 2500 ventrem

2188 2527 2363 2580 matris
2388 2544 2495 2582 sua:
2518 2528 2545 2583 .9
2586 2530 2664 2585 sic
2705 2540 2759 2586 et
2808 2532 2859 2586 lii
2894 2549 3036 2589 nunc
3064 2534 3342 2589 turbantur
3365 2536 3602 2592 dicentes
3630 2556 3642 2592 :
3672 2516 3765 2593 5i.

2189 2618 2453 2684 Quomodo
2481 2631 2642 2692 potest
2678 2624 2761 2677 hic
2802 2626 2945 2703 nobis
2968 2642 3173 2709 carnem
3199 2644 3342 2682 suam
3372 2630 3495 2683 dare
3521 2630 3589 2683 ad
3615 2648 3761 2684 nian-

2184 2712 2474 2789 ducandum
2495 2714 2521 2768 2
2546 2713 2679 2768 Nam
2710 2716 2756 2770 si
2787 2716 2937 2783 illud,
2966 2716 3253 2785 Quomodo,
3278 2720 3501 2790 inquiris
3524 2764 3540 2788 ,
3572 2738 3668 2777 cur
3691 2723 3764 2778 de

2183 2804 2411 2874 panibus
2442 2821 2548 2860 non
2577 2806 2712 2861 dicis
2734 2850 2750 2875 ,
2802 2809 3082 2877 Quomodo
3124 2811 3359 2881 quinque
3404 2828 3570 2883 panes
3601 2816 3652 2869 in
3684 2825 3760 2870 tot

2181 2896 2317 2951 alios
2340 2898 2710 2969 mnltiplicavit
2735 2900 2758 2953 ἶ)
2784 2899 2919 2955 Nam
2956 2910 3082 2956 tunc
3111 2904 3338 2957 saturari
3380 2906 3639 2960 curabant
3662 2922 3754 2961 so-

2179 2986 2456 3044 lummodo
2478 3032 2494 3057 ,
2545 3006 2645 3046 nec
2668 2992 3080 3063 considerabant
3106 2993 3442 3050 miraculum.
3465 2996 3569 3052 Sed
3596 3013 3757 3067 expe-

2177 3080 2388 3146 rientia,
2421 3082 2645 3151 inquies,
2679 3083 3022 3152 tuncdocuit.
3053 3080 3191 3155 Ergo
3216 3085 3285 3140 ob
3307 3086 3449 3141 illam
3477 3089 3755 3157 experien-

2177 3172 2305 3227 tiam
2334 3172 2451 3228 lnec
2475 3174 2685 3231 facilius
2709 3166 2856 3231 credi
2880 3178 3157 3255 oportuit.‘
3178 3176 3303 3255 Ideo
3335 3194 3562 3249 namque
3593 3181 3738 3250 prius

2174 3265 2309 3321 illud
2349 3278 2453 3341 tam
2481 3268 2722 3323 mirabile
2744 3262 2969 3344 patravit
2991 3298 3007 3333 ,
3031 3277 3089 3323 ut
3115 3269 3206 3325 illo
3234 3269 3407 3326 edocti
3434 3311 3449 3336 ,
3477 3285 3583 3326 non
3616 3272 3751 3326 ultra

2173 3359 2331 3416 dictis
2353 3360 2509 3416 fidem
2538 3370 2814 3431 negarent.
2838 3360 2917 3415 llli
2947 3362 3161 3431 quidem
3189 3372 3313 3417 tunc
3336 3363 3592 3431 temporis
3618 3352 3748 3416 nihil

2172 3454 2416 3509 utilitatis
2462 3469 2527 3519 ex
2573 3454 2728 3508 dictis
2755 3443 3098 3521 retulerunt,
3126 3470 3224 3511 nos
3265 3454 3438 3525 reipsa
3486 3454 3747 3510 beneficio

2171 3544 2419 3611 fruimur.
2450 3546 2785 3617 Quapropter
2826 3546 3136 3602 di5cendum
3179 3531 3307 3617 quid
3335 3547 3403 3602 sit
3429 3547 3743 3602 miraculum

2172 3640 2548 3710 mysteriorum
2580 3681 2595 3705 ,
2625 3656 2723 3695 cur
2751 3638 2872 3695 data
2903 3641 3010 3695 sint
3037 3682 3055 3711 ,
3098 3656 3231 3711 qua:
3260 3641 3474 3695 illorum
3522 3641 3743 3695 utilitas.

2174 3730 2345 3797 Unum
2376 3749 2559 3802 corpus
2578 3748 2771 3799 sumus,
2790 3732 2992 3802 inquit,
3021 3741 3067 3786 et
3096 3732 3316 3786 membra
3340 3749 3404 3786 ex
3424 3749 3575 3786 carne
3597 3742 3644 3785 et
3670 3748 3749 3784 os-

2167 3824 2303 3878 sibus
2323 3824 2432 3894 eius
2460 3823 2681 3895 (Ephes.
2706 3824 2759 3879 5.
2787 3824 2855 3879 50
2872 3823 2914 3897 ).
2949 3824 3141 3879 lnitiati
3179 3825 3334 3881 dictis
3360 3825 3743 3895 obsequantur.

2243 3916 2296 3969 5.
2342 3914 2410 3970 Ut
2438 3930 2566 3986 ergo
2590 3932 2694 3969 non
2726 3916 2897 3971 solum
2947 3931 3044 3986 per
3067 3917 3403 3971 dilectionem
3423 3960 3436 3981 ,
3462 3916 3555 3971 sed
3582 3918 3741 3970 etiam

2166 4005 2363 4075 reipsa,
2390 4021 2513 4059 cum
2544 4006 2631 4060 illa
2657 4000 2818 4061 carne
2858 4007 3335 4063 commisceamur:
3380 4007 3429 4061 id
3458 4007 3598 4077 quod
3627 4006 3746 4062 elfi-

2164 4097 2303 4151 citur
2346 4113 2441 4169 per
2465 4098 2640 4153 cibum
2665 4113 2829 4169 quem
2884 4099 2974 4153 ille
3023 4098 3187 4165 dedit,
3219 4108 3277 4152 ut
3319 4098 3565 4153 ostendat
3590 4098 3743 4152 nobis

2164 4198 2363 4259 quanto
2392 4205 2517 4260 erga
2544 4206 2644 4267 nos
2670 4178 2870 4245 ferveat
2895 4206 3096 4245 amore.
3130 4190 3253 4245 Ideo
3297 4205 3357 4245 se
3399 4190 3552 4245 nobis
3595 4205 3741 4244 com-

2163 4281 2395 4345 miscuit,
2419 4291 2474 4335 et
2501 4282 2553 4335 in
2583 4297 2746 4336 unum
2773 4295 2968 4351 corpus
2995 4290 3158 4335 totum
3185 4280 3476 4345 constituit,
3502 4290 3556 4333 ut
3578 4294 3740 4335 unum

2162 4373 2352 4438 simus,
2383 4372 2534 4441 quasi
2565 4362 2763 4449 corpus
2809 4372 3051 4442 junctum
3099 4372 3279 4441 capiti.
3326 4371 3458 4426 Nam
3503 4370 3741 4427 ardentis

2162 4465 2362 4539 amoris
2411 4464 2514 4519 hoc
2554 4475 2642 4535 est,
2686 4464 2963 4520 indicium.
2993 4465 3106 4519 Hoc
3132 4464 3472 4519 subindicans
3502 4464 3624 4529 Job,
3669 4463 3740 4519 de

2161 4545 2334 4621 servis
2378 4558 2493 4612 suis
2521 4557 2756 4624 dicebat,
2784 4574 2814 4613 a
2842 4558 3033 4628 quibus
3083 4558 3161 4613 sic
3200 4558 3497 4622 amabatur,
3529 4566 3586 4612 ut
3624 4548 3739 4626 ejus

2160 4648 2410 4703 carnibus
2453 4648 2737 4704 admisceri
2783 4658 3126 4718 peroptarent
3154 4665 3167 4702 :
3197 4659 3255 4702 ut
3289 4649 3429 4702 enim
3461 4649 3739 4702 ardentem

2159 4756 2400 4807 amorem
2437 4732 2819 4808 ostenderent,
2868 4740 3155 4795 dicebant:
3191 4739 3314 4807 Quis
3364 4739 3447 4793 det
3495 4722 3636 4793 nobis
3675 4739 3738 4792 de

2158 4826 2392 4897 carnibus
2430 4836 2557 4909 suis,
2592 4843 2967 4901 utsaturemur
2998 4832 3117 4906 (Job
3161 4833 3249 4888 51.
3305 4834 3440 4903 5|)?
3480 4819 3632 4901 Quod
3676 4842 3734 4888 ‘et

2157 4928 2404 4985 Christus
2432 4928 2581 4994 fecit,
2613 4928 2679 4983 ad
2707 4927 2964 4997 majorem
3006 4941 3105 4981 nos
3135 4926 3420 4981 amicitiam
3454 4926 3734 4993 inducens,

2158 5030 2213 5075 et
2242 5037 2395 5077 suum
2423 5020 2576 5075 nobis
2597 5019 2972 5074 demonstrans
3000 5031 3274 5081 amorem;
3314 5028 3485 5085 neque
3514 5030 3573 5070 se
3601 5032 3733 5069 con-

2158 5112 2551 5187 cupiscentibus
2581 5110 2867 5166 videndum
2903 5109 3065 5164 modo
3090 5107 3353 5178 praebuit;
3382 5107 3475 5163 sed
3509 5118 3733 5177 tangen-

2156 5206 2306 5271 dum,
2332 5190 2741 5271 comedendum,
2768 5202 3019 5258 dentibus
3058 5201 3358 5266 terendum,
3374 5190 3733 5255 commiscen-

2160 5296 2419 5362 cendum;
2457 5295 2889 5365 desideriumque
2914 5292 3152 5364 implevit
3174 5308 3350 5349 omne.
3375 5294 3457 5348 Ab
3483 5293 3571 5347 illa
3598 5309 3733 5363 ergo

2218 5453 2234 5483 ¹
2270 5451 2328 5500 In
2345 5448 2481 5499 Savfl.
2499 5448 2770 5513 _legitur....
2795 5460 2886 5513 pro
2907 5446 3075 5513 mundi
3108 5447 3217 5497 vita.
3250 5450 3425 5497 Verum
3446 5454 3605 5513 ,_nova
3628 5447 3733 5498 Iiwc

2156 5513 2375 5575 doctrina
2390 5519 2475 5569 est,
2490 5509 2725 5575 inquiunt,
2742 5509 3024 5575 et’inaudita
3038 5523 3055 5558 :
3069 5516 3274 5575 Joannes
3298 5517 3455 5558 tamen
3465 5509 3609 5567 illud,
3630 5516 3729 5559 etc.

2152 5575 2336 5624 Morelli
2360 5572 3060 5634 lectionemsequimur,qu_am
3083 5572 3204 5621 item
3227 5578 3469 5632 sequutus
3493 5580 3571 5621 est
3590 5580 3730 5634 Fran-

2151 5640 2309 5687 ciscus
2323 5638 2560 5685 Aretinus.
2591 5631 2776 5683 Verum
2797 5631 2956 5683 amba}
2979 5632 3231 5695 lectiones,
3258 5631 3431 5695 siquis
3447 5640 3638 5685 attente
3657 5631 3728 5681 le-

2152 5707 2253 5760 gat,
2281 5698 2456 5748 eodem
2476 5699 2707 5746 redeunt.
2734 5756 2744 5760 _
2977 5754 2992 5760 _
3211 5756 3224 5760 _
3250 5755 3285 5760 _‘

2213 5754 2287 5823 (ἁ)
2318 5761 2395 5823 sic
2414 5760 2595 5808 habent
2616 5754 3111 5823 omnlagexemplana.
3136 5756 3228 5809 sed
3244 5755 3403 5809 fatear
3423 5768 3521 5807 non
3544 5756 3728 5818 capere

2150 5819 2232 5873 me
2253 5819 2369 5885 quid
2386 5822 2462 5873 hic
2482 5822 2573 5872 sibi
2605 5819 2729 5872 velit
2747 5819 3130 5883 Chrysostomus.

3708 5912 3755 5935 4'
