4100 6364
301 465 578 538 ἐπήγαγεν
596 480 612 495 ο
648 465 746 530 Ὃς
767 462 847 517 ἂν
874 461 1034 533 φάγῃ
1063 463 1133 516 ἐκ
1167 463 1273 518 τοῦ
1295 464 1485 533 ἄρτου
1513 467 1750 530 τούτου,
1787 464 1884 534 ζὴ-

299 565 468 603 σεται
491 549 578 612 είς
598 547 704 601 τὸν
725 546 1004 600 αἱῶνα.“Α
1014 564 1136 618 ρτον
1154 547 1210 600 δὲ
1231 548 1347 618 ήτοι
1374 549 1442 602 τὰ
1465 549 1711 618 δόγματα
1733 549 1883 618 λέγει

301 631 531 685 ἐνταῦθα
561 630 629 684 τὰ
657 632 921 701 σωτήρια,
949 633 1042 684 καὶ
1072 633 1170 703 τὴν
1205 633 1384 685 πίστιν
1413 632 1509 703 τὴν
1538 636 1618 697 εἰς
1644 632 1877 705 αὑτὸν,ῆ

299 716 361 770 τὺ
396 716 554 788 σῶμα
577 716 638 769 τὸ
659 716 872 769 ἐαυτοῦ.
889 717 1198 786 Ἀμφότερα
1229 717 1336 787 γὰρ
1358 721 1541 789 νευροῖ
1565 719 1663 788 τὴν
1683 717 1878 790 ψυχήν.

301 802 494 855 Καίτοι
528 818 592 870 γε
625 800 859 871 ἀλλαχοῦ
890 801 1166 864 εἰπόντος·
1212 801 1353 854 Ἐάν
1383 802 1475 868 τίς
1501 819 1622 872 μου
1650 801 1757 856 τὸν
1780 802 1884 856 λό-

303 903 413 954 γον
439 886 696 955 ἀκούσῃ,
728 887 802 939 οὐ
825 882 912 954 μὴ
936 885 1212 952 γεύσεται
1245 883 1525 948 θανάτου,
1562 886 1657 940 καὶ
1687 887 1879 940 ἐσκαν-

302 971 665 1043 δαλίσθησανο
701 969 938 1024 ἐνταῦθα
981 970 1037 1022 δὲ
1085 970 1237 1024 οὐδέν
1289 987 1342 1023 τι
1393 969 1632 1024 τοιοῦτον
1657 970 1878 1034 ἐπαθον,

301 1056 443 1125 τάχα
470 1054 558 1108 διὰ
584 1053 645 1106 τὸ
667 1052 751 1106 ἐτι
786 1050 1149 1106 δυσωπεῖσθαι
1177 1052 1340 1106 αὑτὸν
1367 1052 1476 1106 ἀπὸ
1517 1053 1627 1107 τῶν
1651 1069 1882 1125 γεγενη-

306 1139 481 1208 μένων
506 1137 706 1208 ἄρτων.

377 1221 442 1290 β’.
470 1221 613 1292 Ὅρα
655 1218 712 1272 δὲ
739 1211 833 1272 καὶ
863 1217 1027 1272 πόθεν
1052 1220 1282 1272 ποιεῖται
1306 1218 1405 1290 τὴν
1431 1219 1566 1291 πρὸς
1592 1217 1654 1272 τὺ
1709 1218 1883 1288 μάννα

301 1305 584 1375 διαφοράν.
602 1303 736 1356 Ἀπὸ
752 1299 842 1357 τοῦ
866 1298 976 1356 οἷον
1000 1302 1061 1355 τὸ
1077 1303 1226 1365 τέλος
1250 1302 1480 1357 ἀκοῦσαι
1505 1303 1664 1356 ἐκατέ
1673 1320 1769 1373 ρας
1783 1303 1883 1372 τῆς

301 1389 528 1460 τροφῆς.
563 1389 785 1452 Δεικνὺς
818 1388 946 1456 γὰρ,
973 1388 1054 1440 ὅτι
1079 1387 1139 1440 οὐ
1171 1386 1328 1457 ξένην
1355 1387 1476 1441 τινὰ
1521 1387 1702 1458 ἐκείνη
1743 1405 1883 1458 παρ-

302 1477 414 1545 εῖχε
446 1475 548 1544 τὴν
577 1473 786 1544 χρείαν,
822 1475 1101 1542 ἐπήγαγεν
1120 1489 1136 1503 θ
1171 1475 1234 1525 Οἱ
1261 1471 1512 1540 πατέρες
1547 1471 1713 1542 ὑμῶν
1741 1471 1882 1539 ἔφα-

301 1575 414 1626 γον
449 1557 526 1611 ἐν
560 1555 635 1624 τῇ
671 1556 865 1625 ἐρήμῳ
911 1556 978 1608 τὸ
1020 1553 1236 1623 μάννα,
1270 1555 1368 1609 καί
1395 1555 1716 1610 ἀπέθανον.
1751 1549 1882 1607 Εἶτα

305 1641 702 1704 κατασκευάζει
755 1637 908 1710 [271]
951 1638 1012 1691 τὸ
1061 1639 1294 1709 μάλιστα
1338 1637 1524 1691 πεῖθον
1553 1637 1770 1700 αὐτοὺς,
1802 1638 1882 1690 ὅτι

305 1724 483 1795 πολλῷ
507 1724 618 1777 τῶν
644 1723 892 1794 πατέρων
917 1723 1096 1775 αὐτῶν
1127 1723 1388 1794 μειζόνων
1416 1721 1570 1776 αὐτοὶ
1603 1721 1879 1791 ἠξίωνται,

301 1811 428 1873 τοὺς
456 1808 583 1880 περί
611 1807 848 1862 Μωῦσέα
883 1807 1250 1877 αἰνιττόμενος
1295 1805 1641 1876 θαυμαστοὺς
1684 1805 1883 1874 ἄνδρας

303 1895 564 1957 ἐκείνους.
597 1892 696 1944 Διά
727 1889 883 1944 τοῦτο
909 1889 1096 1961 ἐπειδὴ
1131 1888 1304 1953 εἶπεν,
1334 1891 1415 1944 ὅτι
1452 1889 1719 1942 ἀπέθανον
1746 1891 1795 1941 οἰ
1822 1887 1884 1940 τὸ

308 1979 482 2048 μάννα
507 1978 790 2046 φαγόντες,
827 1976 1104 2045 ἐπήγαγεν
1127 1991 1140 2003 ·
1189 1974 1250 2027 '0
1279 1973 1513 2043 τρώγων
1541 1973 1609 2027 ἐκ
1635 1971 1742 2026 τοῦ
1782 1973 1883 2041 ἀρ-

301 2079 410 2115 του
436 2061 672 2122 τούτου,
705 2056 942 2122 ζήσεται
967 2061 1056 2122 εἰς
1077 2057 1186 2111 τὸν
1203 2055 1410 2112 αἰῶνα.
1441 2057 1550 2110 Καὶ
1577 2056 1639 2110 τὸ
1678 2057 1774 2110 Ἐν
1803 2054 1883 2125 τῇ

184 2182 199 2201 ι
290 2143 497 2213 ἐρήμῳ
533 2144 591 2196 δέ
631 2142 726 2212 οὐχ
755 2141 937 2204 ἁπλῶς
977 2142 1237 2206 τέθεικεν,
1267 2141 1379 2195 ἀλλ’
1410 2140 1774 2211 αἰνιττόμενος
1800 2141 1882 2194 ὅτι

301 2227 422 2281 οὺδέ
465 2225 690 2295 ἐξετάθη
716 2225 808 2277 ἐπὶ
834 2223 1022 2294 χρόνον
1049 2223 1384 2287 «olim-056E:
1427 2223 1773 2292 συνεισῆλθεν
1803 2225 1882 2287 εἰς

300 2313 402 2382 τὴν
425 2310 523 2380 τῆς
550 2307 880 2376 ἐπαγγελίας
911 2307 1032 2376 γῆν.
1070 2300 1238 2370 Οὗτος
1259 2307 1318 2360 δὲ
1363 2309 1390 2360 ό
1421 2308 1580 2379 ἄρτος
1606 2308 1665 2359 οὐ
1702 2306 1880 2360 τοιοῦ-

301 2414 412 2460 τος.
444 2395 553 2448 Καὶ
593 2396 626 2447 ό
663 2392 841 2460 ἄρτος
869 2391 954 2455 δὲ,
990 2390 1062 2443 ὃν
1098 2391 1214 2460 ἐγὼ
1264 2390 1454 2456 δώσω,
1491 2391 1529 2458 ’ἠ
1570 2391 1726 2458 σάρξ
1763 2409 1882 2460 μου

229 2525 231 2528 .
301 2479 495 2542 ἐστὶν,
522 2476 602 2545 ἢν
635 2475 749 2544 ἐγὼ
775 2474 946 2526 δώσω
974 2475 1126 2542 ὑπὲρ
1150 2473 1260 2542 τῆς
1290 2474 1396 2527 τοῦ
1436 2476 1666 2543 κόσμου
1711 2471 1878 2540 ζωῆς.

303 2561 546 2624 Εἰκότως
575 2558 857 2629 ζητήσειεν
901 2557 966 2611 ἄν
1010 2574 1094 2619 τις
1133 2556 1366 2610 ἐνταῦθα
1406 2555 1700 2628 διαπορῶν,
1732 2558 1884 2618 ποῖος

303 2648 412 2700 τῶν
433 2646 607 2712 λόγων
632 2641 834 2696 τούτων
865 2640 1054 2710 καιρὸς
1083 2635 1172 2711 ἦν,
1209 2639 1630 2710 οἰκοδομούντων
1664 2639 1762 2710 μὲν
1789 2639 1882 2691 οὐ-

271 2731 429 2783 δὲνει
462 2727 583 2781 οὐδὲ
612 2722 1072 2797 χρησιμευόντων,
1109 2721 1308 2792 μᾶλλον
1346 2723 1404 2775 δὲ
1447 2725 1561 2786 τοῖς
1598 2723 1883 2793 οἰκοδομη-

307 2813 443 2865 θεῖσι
486 2811 582 2863 καὶ
627 2807 1056 2878 λυμαινομένων.
1074 2807 1168 2858 Ἐκ
1207 2805 1442 2867 τούτου,
1474 2806 1626 2878 φησί,
1666 2807 1883 2860 πολλοὶ

303 2893 424 2947 τῶν
451 2889 732 2961 μαθητῶν
773 2886 960 2942 αὐτοῦ
1006 2885 1281 2954 ἀπῆλθον
1308 2891 1398 2953 είς
1431 2887 1503 2940 τὰ
1539 2889 1750 2946 ὀπίσω.
1785 2888 1886 2942 λέ-

306 2992 514 3046 γοντες
535 2993 549 3006 ·
586 2972 854 3040 Σκληρός
884 2971 1056 3024 ἐστιν
1084 2973 1116 3023 a'
1137 2971 1321 3037 λόγος
1365 2966 1558 3036 οὗτος,
1598 2972 1688 3036 τίς
1713 2970 1885 3024 δύναρ

299 3079 399 3115 ται
429 3057 615 3113 αὺτοῦ
647 3057 929 3118 ἀκούειν;
976 3054 1133 3123 Ἐνῆν
1159 3053 1266 3124 γὰρ
1306 3054 1476 3106 ταῦτα
1507 3053 1686 3124 μόνοις
1711 3071 1885 3124 παρα-

297 3144 522 3214 δοθῆναι
568 3143 679 3203 τοῖς
725 3137 1014 3208 μαθηταῖς,
1047 3137 1296 3208 καθάπερ
1323 3139 1350 3189 ό
1372 3137 1646 3200 Ματθαῖος
1678 3136 1882 3206 ἔλεγεν,

306 3229 388 3282 ὃτι
428 3225 564 3291 Ἰδίᾳ
591 3221 887 3290 διελέγετο
930 3219 1154 3286 αὐτοῖς.
1188 3221 1252 3272 Τί
1282 3236 1412 3272 ποτε
1449 3215 1540 3273 οὖν
1567 3220 1700 3292 πρὸς
1728 3219 1885 3274 τοῦτο

307 3311 571 3382 ἐροῦμεν;
606 3307 726 3359 Ὀτι
755 3304 849 3357 καὶ
879 3302 972 3356 νῦν
1015 3301 1123 3356 τῶν
1155 3303 1410 3356 τοιούτων
1453 3303 1712 3373 ῥημάτιον
1748 3304 1882 3356 πολὺ

306 3394 400 3447 καί
429 3393 492 3444 τὸ
530 3392 796 3462 χρήσιμον
831 3387 926 3441 καὶ
953 3387 1012 3440 τὺ
1040 3387 1354 3455 ἀναγκαῖον.
1373 3385 1592 3458 Ἐπειδὴ
1636 3387 1746 3458 γάρ
1791 3389 1887 3440 ἐπ-

301 3478 516 3530 έκειντο
537 3473 742 3543 τροφὴν
770 3471 1044 3533 αἰτοῦντες
1076 3470 1195 3540 μὲν,
1221 3470 1357 3522 ἀλλά
1401 3470 1502 3541 τὴν
1549 3473 1884 3542 σωματικὴν,

299 3563 403 3616 καὶ
426 3559 528 3630 τῆς
558 3559 650 3610 ἐπὶ
685 3556 793 3609 τῶν
818 3556 1096 3625 προγόνων
1125 3555 1562 3626 παρασχεθείσης
1583 3557 1891 3627 ἀναμιμνή-

310 3660 530 3706 σκοντες
564 3640 724 3693 αὑτὸν
747 3641 971 3710 τροφῆς,
1000 3638 1059 3690 τὸ
1082 3637 1256 3708 μάννα
1286 3638 1428 3707 μέγα
1453 3639 1659 3708 ἔλεγον,
1679 3640 1892 3702 δεικνὺς

299 3729 391 3781 -ὄτι
423 3726 602 3779 πάντα
622 3725 806 3776 ἐκεῖνα
832 3722 1000 3785 τύπος
1021 3718 1090 3794 ἦν
1117 3723 1210 3776 καὶ
1242 3723 1388 3787 σκιὰ,
1414 3725 1448 3794 ἡ
1473 3723 1528 3776 δὲ
1555 3725 1894 3794 πραγμάτων

311 3810 537 3881 ἀλήθεια
569 3810 602 3879 ἡ
635 3806 882 3879 παροῦσά
911 3809 1046 3868 ἐστι,
1085 3806 1354 3877 μέμνηται
1374 3809 1578 3878 τροφῆς
1604 3825 1898 3878 πνενματι-

305 3895 431 3966 κῆς.
449 3893 588 3946 Ἀλλ’
619 3891 750 3954 ἔδει,
786 3889 973 3961 φησὶν,
1008 3891 1202 3955 εἰπεῖν,
1232 3891 1313 3942 δτι
1362 3891 1409 3942 οί
1459 3891 1690 3961 πατέρες
1742 3891 1897 3962 ὑμῶν

307 3980 514 4048 ἔφαγον
546 3977 604 4029 ἐν
642 3977 708 4045 τῇ
741 3975 932 4046 ἐρήμῳ
962 3973 1024 4026 τὸ
1072 3974 1273 4044 μάνναο
1307 3973 1418 4042 ἐγὼ
1460 3973 1517 4025 δὲ
1562 3973 1723 4044 ἄρτον
1754 3992 1900 4046 παρ..

308 4061 470 4131 έσχον
497 4060 645 4130 ὑμῖν.
665 4057 825 4110 Ἀλλά
849 4055 980 4110 πολὺ
1005 4055 1065 4108 τὸ
1089 4055 1252 4126 μέσον
1275 4051 1362 4126 ἦν.
1382 4056 1585 4110 Ἐδόκει
1615 4058 1723 4129 γάρ
1745 4059 1902 4111 τοῦτο

313 4147 410 4198 καὶ
444 4143 662 4196 ἔλαττον
689 4140 920 4204 ἐκείνου,
951 4138 1028 4208 τῷ
1059 4141 1234 4191 ἐκεῖνο
1263 4140 1362 4208 μὲν
1385 4139 1592 4193 ἄνωθεν
1618 4141 1898 4211 φέρεσθαι,

312 4227 473 4281 τοῦτο
491 4227 546 4279 δέ
573 4225 722 4278 κάτω
744 4221 1069 4293 γεγενῆσθαι
1101 4221 1161 4274 τὸ
1194 4221 1378 4292 θαῦμα
1403 4221 1510 4276 τῶν
1531 4225 1727 4294 ἄρτων.
1749 4224 1901 4277 Ἐπεὶ

315 4307 411 4365 οὖν
445 4311 669 4380 ἐζήτουν
714 4308 778 4360 ἐκ
821 4304 914 4358 τοῦ
949 4303 1179 4374 ούρανοῦ
1211 4305 1519 4377 φερομένην
1555 4307 1780 4376 τροφὴν,
1814 4305 1902 4359 διά

316 4394 474 4447 τοῦτο
496 4391 732 4460 συνεχῶς
754 4390 958 4457 ἔλεγεν,
978 4389 1076 4440 Ἐκ
1099 4386 1204 4440 τοῦ
1229 4389 1488 4454 οὐρανοῦ
1508 4391 1896 4456 καταϐέϐηκα.

318 4483 382 4536 Εἰ
413 4481 469 4533 δὲ
499 4477 739 4545 ἐξετάζοι
763 4492 867 4537 τις,
891 4475 944 4526 τί
965 4473 1162 4544 δήποτε
1189 4473 1283 4526 καί¹
1310 4473 1400 4526 τὸν
1434 4474 1560 4543 περί
1588 4474 1900 4545 μυστηρίων

319 4563 542 4616 ἐνέΰαλε
576 4561 766 4628 λόγον;
801 4560 976 4610 ἐκεῖνο
1018 4557 1083 4611 ἂν
1125 4556 1375 4626 εἴποιμεν
1420 4557 1553 4626 πρὸς
1599 4557 1780 4620 αὑτὸν,
1819 4559 1901 4610 ὅτι

320 4646 640 4702 καὶτούτων
673 4643 876 4714 σφόδρα
924 4640 1032 4694 τῶν
1075 4640 1248 4708 λόγων
1278 4643 1306 4694 ὁ
1329 4641 1517 4711 καιρὸς
1562 4637 1651 4712 ἦν.
1692 4642 1764 4694 Τὸ
1791 4641 1906 4713 γὰρ,

321 4729 534 4795 ἀσαφὲς
575 4727 682 4780 τῶν
712 4726 1015 4796 εἰρημένων
1056 4725 1142 4776 ἀεὶ
1171 4723 1264 4777 τὸν
1295 4724 1567 4796 ἀκροατὴν
1597 4725 1901 4795 διανίστησι

322 4815 418 4867 καὶ
449 4810 948 4883 προσεκτικὼτερον
977 4808 1283 4879 ἐργάζεται.
1309 4809 1383 4861 Οὐ
1411 4809 1588 4862 τοίνυν
1622 4809 1900 4862 σκανδαλί-

323 4897 513 4960 ζεσθαι
561 4895 686 4958 ἔδει,
736 4893 849 4946 ἀλλ’
876 4894 1084 4964 ἐρωτᾷν
1126 4892 1324 4963 μᾶλλον
1373 4893 1466 4944 καὶ
1514 4892 1896 4946 πυνθάνεσθαι.

325 4980 438 5033 Νῦν
461 4979 517 5031 δέ
545 4975 920 5047 ἀναχωροῦσιν
934 4975 983 5030 ι).
1013 4977 1076 5028 Εἰ
1106 4977 1213 5047 γάρ
1244 4978 1526 5047 προφήτην
1554 4978 1716 5031 αὐτὸν
1762 4973 1900 5031 εἶναι

324 5061 592 5132 ἐνόμιζον,
629 5059 797 5130 ἐχρῆν
827 5058 1113 5110 πιστεῦσαι
1143 5060 1256 5122 τοῖς
1284 5058 1785 5129 λεγομένοις.”Ωστε
1803 5061 1902 5131 τῆς

325 5145 549 5197 ἐκείνων
579 5144 762 5204 ἀνοίας
788 5142 847 5193 τὸ
879 5140 1170 5194 σκάνδαλον
1197 5136 1284 5210 ἦν,
1321 5142 1382 5193 οὺ
1409 5143 1506 5211 τῆς
1530 5144 1762 5213 ἀπορίας
1794 5143 1902 5197 τῶν

323 5228 649 5296 λεγομένων.
673 5227 744 5278 Σὺ
767 5225 824 5277 δὲ
849 5227 950 5295 δρα
979 5225 1094 5287 πῶς
1120 5225 1259 5277 κατὰ
1290 5225 1483 5294 μικρὸν
1503 5227 1630 5290 τοὺς
1658 5227 1903 5298 μαθητὰς

327 5312 617 5381 συνέδησεν
662 5309 871 5380 ἐαυτῷο
904 5302 1047 5362 οῦτοι
1082 5309 1187 5379 γάρ
1233 5311 1370 5361 εἰσιν
1398 5311 1447 5360 οἰ
1485 5309 1902 5377 λέγοντες,⁹Ρή-

321 5411 482 5465 ματα
508 5392 656 5461 ζωῆς
685 5393 843 5460 ἔχεις
867 5410 880 5424 ·
926 5391 1043 5445 ποῦ
1089 5392 1570 5461 ἀπελευσόμεθα;
1606 5393 1750 5464 Πλὴν
1779 5396 1902 5447 ἐαυ-

329 5476 420 5531 τὸν
449 5476 682 5530 ἐνταῦθα
707 5477 915 5543 εἰσάγει
943 5475 1172 5542 διδόντα,
1202 5476 1262 5528 οὐ
1292 5476 1380 5528 τὸν
1409 5476 1628 5547 Πατέρα
1647 5488 1694 5538 ο,
1714 5477 1766 5528 '0
1799 5477 1902 5545 ἄρ-

326 5580 454 5629 τος,
486 5562 679 5630 λέγων,
708 5562 780 5614 ὃν
824 5561 939 5630 ἐγὼ
984 5561 1174 5623 δώσω,
1198 5561 1356 5629 σάρξ
1388 5579 1507 5630 μου
1557 5561 1746 5615 ἐστίν.
1766 5563 1903 5616 Ἀλλ’

325 5647 428 5717 οὐχ
463 5649 511 5699 οἰ
542 5646 686 5717 ὄχλοι
715 5645 908 5708 οὕτως,
931 5645 1043 5698 ἀλλ’
1063 5647 1387 5708 άπεναντίας
1405 5662 1419 5676 ⁸
1449 5649 1718 5714 Σκληρός
1737 5649 1906 5700 ἐστιν

328 5733 364 5783 ό
413 5731 594 5799 λόγος
636 5725 834 5794 οὗτος.
885 5729 976 5781 Διὸ
1022 5730 1116 5782 καὶ
1162 5728 1520 5800 ἀναχωροῦσι.
1548 5730 1742 5783 Καίτοι
1787 5731 1906 5785 οὐδὲ

395 5835 421 5862 ι
447 5833 614 5896 Morel.
641 5835 722 5896 μὲν
745 5835 930 5882 οὐδένα.
995 5833 1021 5874 b
1044 5833 1192 5883 Savil.
1215 5835 1533 5896 ἀνεχώρησαν.
1566 5835 1591 5865 ε
1615 5832 1763 5896 SaviL
1783 5833 1907 5880 κατὰ

330 5896 500 6007 μικρὸν
516 5895 686 5950 αὐτοὺς
705 5896 910 5961 ἀνήγαγε
926 5896 1039 6007 argi);
1063 5897 1220 5968 αὐτόν.
1255 5895 1481 5968 ’ῌνταῦθα
1500 5897 1589 5957 γάρ
1609 5895 1773 5942 ἑαυτὸν
1791 5911 1905 5957 φησι
1927 5933 1934 5940 .

365 5957 531 6007 ιδοναι.
555 5957 611 6006 οὐ
631 5957 712 6004 τὸν
734 5958 943 6007 Πατέρα.
1013 5959 1159 6007 orem
1175 5958 1446 6007 lecuouem
1469 5958 1738 6007 sequimur.
1761 5969 1904 6007 unam

365 5957 531 6014 ιδόναι,
555 5957 611 6006 οὐ
631 5957 712 6004 τὸν
734 5958 943 6019 Πατέρα.

1013 5958 1159 6010 orelli
1175 5958 1446 6009 lectionem
1469 5958 1738 6021 sequimur,
1761 5969 1904 6019 quam

319 6025 535 6068 secutus
552 6027 632 6069 est
652 6019 921 6081 lnterpres.

1370 353 1441 408 IN
1478 353 1794 411 JOANNEII
1829 353 2064 412 HOMIL.
2104 358 2290 416 XLVI.
2328 360 2569 418 aLXLV.

3455 355 3580 412 26οε

1990 468 2114 542 ξένη
2149 489 2233 534 τις
2261 469 2327 544 ἦν
2369 475 2402 545 ὴ
2431 475 2766 538 διδασκαλία,
2796 476 2890 528 καὶ
2917 469 3439 545 παρηλλαγμένη.’0
3463 469 3594 542 γάρ.
3625 462 3637 481 ⁴

2002 555 2299 628 Ἰωάννηςά
2329 559 2532 612 ἄνωθεν
2556 559 2713 613 τοῦτο
2745 559 2982 631 ᾐνίξατο,
3016 557 3183 628 ἀμνὸν
3212 553 3373 609 αὐτὸν
3405 570 3575 623 προσ-

1990 638 2180 694 ειπὼν.
2199 641 2336 694 Ἀλλ’
2361 642 2484 695 οὑδέ
2528 642 2699 706 οὕτως
2731 643 2950 712 ᾔδεσαν,
2992 641 3183 711 φησίν..
3203 635 3331 693 Οίδα
3377 636 3532 704 κάγὼ
3553 654 3588 672 '-

1988 722 2102 775 ἀλλ’
2133 723 2253 778 οὐδὲ
2299 727 2347 778 οἰ
2389 726 2626 797 μαθηταὶ
2657 728 2978 797 ήπίσταντο.
3009 727 3072 779 Εἰ
3120 724 3230 795 γάρ
3274 721 3401 792 περὶ
3446 722 3591 774 ἀνα--

1991 806 2232 871 στάσεως
2259 808 2468 863 οὐδέπω
2501 827 2555 863 τι
2589 810 2791 880 ᾔδεσαν
2827 810 3015 877 σαφὲς,
3045 807 3133 862 διὰ
3155 805 3306 879 [2'12]
3336 804 3494 859 τοῦτο
3515 806 3572 858 δέ

1989 889 2082 943 καὶ
2117 891 2388 963 ἠγνόησαν
2435 893 2489 946 τί
2544 893 2676 946 ποτέ
2722 896 2834 946 ἐστι
2884 893 2965 959 τὸ,
3004 894 3238 947 Λύσατε
3279 891 3383 944 τὸν
3421 889 3574 944 ναὸν

1989 971 2242 1040 τοῦτον,
2295 975 2394 1029 καί
2450 976 2521 1027 ἐν
2567 975 2766 1042 τρισὶν
2814 975 3059 1044 ἡμέραις
3113 974 3294 1044 ἐγερῶ
3347 975 3574 1029 αὐτόν“

1987 1055 2168 1126 πολλῷ
2197 1056 2398 1126 μᾶλλον
2431 1059 2559 1128 περί
2588 1056 2696 1110 τῶν
2735 1057 3039 1128 εἰρημένων
3057 1073 3070 1086 ⁸
3100 1057 3273 1110 ταῦτα
3297 1057 3408 1124 γὰρ
3439 1055 3574 1109 ἐκεί-

1988 1155 2094 1191 νων
2120 1138 2470 1212 άσαφέστερα
2495 1136 2713 1211 ἦν.”οτι
2751 1139 2851 1211 μέν
2877 1139 2987 1211 γάρ
3033 1140 3309 1212 προφῆται
3341 1137 3570 1205 ἀνέστη-

1990 1238 2088 1274 σαν
2109 1233 2155 1286 ο,
2193 1223 2407 1294 ᾔδεσαν,
2442 1225 2490 1276 εἰ
2537 1223 2630 1276 καὶ
2676 1224 2750 1295 μὴ
2794 1223 2936 1278 οὓτω
2976 1223 3160 1293 σαφῶς
3199 1224 3484 1293 εἰρήκασιν
3515 1222 3570 1273 αἱ

1988 1304 2201 1374 Γραφαί
2226 1322 2239 1336 ·
2267 1307 2347 1359 ὅτι
2389 1307 2446 1360 δὲ
2495 1307 2670 1376 σάρκα
2711 1324 2793 1370 τις
2839 1306 3060 1376 ἔφαγεν,
3095 1306 3349 1359 οὐδέποτε
3396 1305 3570 1368 οὐδεὶς

1987 1384 2139 1441 εἶπεν
2169 1391 2410 1444 ἐκείνων.
2429 1391 2568 1444 Ἀλλ’
2591 1392 2740 1460 ὅμως
2783 1390 3060 1444 ἐπείθοντο
3101 1391 3195 1444 καὶ
3220 1387 3566 1460 ἠκολούθουν,

1989 1475 2083 1527 καὶ
2127 1475 2436 1544 ὡμολόγουν
2474 1478 2692 1548 ῥήματα
2741 1477 2885 1546 ζωῆς
2931 1475 3149 1528 αἰωνίου
3198 1474 3357 1527 αὐτὸν
3401 1473 3595 1542 ἔχειν..

1988 1559 2158 1613 Τοῦτο
2205 1561 2312 1632 γάρ
2345 1561 2618 1631 μαθητοῦ,
2646 1561 2708 1614 τὸ
2745 1559 2818 1630 μὴ
2859 1556 3319 1631 περιεργάζεσθαι
3363 1555 3431 1608 τὰ
3473 1552 3566 1608 τοῦ

1988 1641 2306 1696 διδασκάλου
2337 1685 2351 1704 ,
2403 1645 2516 1697 ἀλλ’
2548 1644 2765 1698 ἀκούειν
2813 1645 2906 1696 καὶ
2963 1641 3285 1706 πείθεσθαι,
3331 1641 3425 1694 καὶ
3475 1639 3568 1692 τὸν

1990 1728 2334 1797 προσήκοντα
2384 1729 2576 1799 καιρὸν
2622 1727 2910 1797 ἀναμένειν
2960 1726 3060 1797 τῆς
3100 1724 3325 1786 λύσεως.
3358 1723 3421 1775 Τί
3453 1718 3566 1783 οὖν,

1990 1812 2174 1879 φησὶν,
2203 1812 2284 1864 ὅτι
2335 1812 2643 1864 τούναντίον
2686 1811 2902 1879 συνέϐη,
2948 1811 3042 1863 καὶ
3084 1807 3324 1879 ἀπῆλθον
3376 1807 3455 1868 εἰς
3501 1804 3572 1858 τὰ

1989 1895 2196 1960 ὀπίσω.;
2229 1895 2399 1948 Τοῦτο
2430 1895 2579 1965 παρά
2611 1894 2708 1962 τὴν
2747 1894 2969 1946 ἐκείνων
2998 1892 3376 1946 άνοιαν.Ὂταν
3405 1887 3511 1957 γὰρ
3534 1888 3569 1957 ἡ

1989 1980 2214 2050 ζήτησις
2258 1979 2351 2034 τοῦ
2401 1981 2518 2043 πῶς
2555 1979 2790 2050 εἰσέλθῃ,
2823 1978 3136 2046 συνέρχεται
3183 1975 3278 2028 καὶ
3322 1971 3574 2026 ἀπιστία.

1989 2065 2145 2119 Οὕτω
2173 2067 2266 2118 καὶ
2299 2065 2609 2134 Νικόδημος
2641 2063 2950 2134 ἐθορυϐεῖτο
2991 2061 3198 2128 λέγων·
3231 2057 3363 2121 Πῶς
3393 2055 3572 2108 δύνα-

1987 2167 2081 2204 ται
2111 2150 2421 2218 ἅνθρωπος
2453 2148 2752 2204 εἰσελθεῖν
2783 2150 2868 2213 εἰς
2902 2145 3017 2213 τὴν
3050 2145 3288 2198 κοιλίαν
3324 2139 3434 2207 τῆς
3457 2156 3586 2208 μησι

1988 2233 2129 2299 τρὸς
2165 2234 2390 2296 αὑτοῦ;
2422 2232 2562 2286 οὕτω
2590 2232 2684 2284 καὶ
2715 2224 2860 2283 οῦτοι
2903 2230 3255 2300 ταράττονται
3299 2225 3570 2292 λέγοντες,

1988 2316 2121 2382 Πῶς
2140 2315 2384 2369 δύναται
2407 2315 2617 2369 δοῦναι
2638 2314 2782 2383 ἡμῖν
2806 2313 3017 2383 φαγεῖν
3035 2308 3213 2376 οὗτος
3237 2308 3352 2378 τὴν
3373 2307 3578 2375 σάρκα-

1988 2399 2216 2473 αὺτοῦι;
2252 2400 2312 2452 Εἰ
2345 2399 2453 2470 γὰρ
2495 2398 2557 2451 τὺ
2588 2400 2706 2463 πῶς
2734 2401 2934 2470 ζητεῖς,
2963 2396 3102 2449 διατί
3134 2393 3291 2446 τοῦτο
3334 2391 3424 2443 ἐπὶ
3462 2389 3572 2443 τῶν

1989 2485 2168 2555 ἄρτων
2191 2472 2298 2537 οὐκ
2339 2480 2513 2546 εἶπες,
2543 2482 2661 2545 πῶς
2692 2484 2816 2546 τοὺς
2855 2482 3015 2534 πέντε
3048 2480 3128 2542 είς
3156 2475 3441 2536 τοσούτους
3485 2472 3574 2536 ἐξ-

1990 2553 2225 2632 έτεινεν;
2255 2568 2380 2622 Ὅτι
2406 2566 2501 2620 τοῦ
2529 2565 2849 2637 κορεσθῆναι
2879 2565 3036 2636 μόνον
3061 2557 3200 2631 ἦσαν
3224 2559 3366 2618 τότε,
3387 2556 3446 2609 οὐ
3475 2553 3570 2607 τοῦ

1989 2653 2052 2706 τὸ
2083 2652 2266 2723 θαῦμα
2302 2653 2446 2706 ἰδεῖν.
2466 2651 2602 2704 Ἀλλ’
2633 2653 2666 2721 ή
2709 2653 2873 2722 πεῖρα
2913 2648 3055 2707 τότε,
3103 2643 3284 2714 φησὶν,
3321 2639 3566 2723 ἐπαίδευ-

1993 2755 2104 2791 σεν.
2131 2721 2340 2791 Ούκοῦν
2369 2736 2427 2801 ἐξ
2457 2736 2673 2805 ἐκείνης
2706 2721 2814 2787 ἐδει
2838 2733 2931 2786 καὶ
2961 2730 3133 2785 ταῦτα
3175 2725 3428 2796 γενέσθαι
3477 2721 3572 2774 εὑ-

1992 2822 2328 2894 παράδεκτα.
2345 2820 2444 2874 Διὰ
2468 2819 2573 2892 γάρ
2594 2819 2755 2872 τοῦτο
2780 2814 3064 2890 προλαϐὼν
3089 2809 3572 2894 ἐθαυματούργησε

1989 2891 2403 2978 τὸ-παράδοξον
2454 2891 2666 2967 ἐκεῖνο,
2718 2903 2807 2956 ἶνα
2863 2899 2931 2954 δι’
2955 2897 3162 2952 ἐκείνου
3210 2891 3568 2978 διδαχθέντες,

1994 2975 2191 3062 μηκέτι
2207 2988 2531 3043 διαπιστῶσι
2558 2991 2670 3051 τοῖς
2701 2986 2839 3058 μετὰ
2855 2983 3028 3037 ταῦτα
3045 2979 3379 3050 λεγομένοις.
3399 2975 3571 3062 Ἐκεῖ-

1991 3057 2072 3128 νοι
2109 3073 2206 3144 μὲν
2231 3067 2324 3126 οὖν
2359 3073 2510 3126 οὐδὲν
2556 3057 2949 3142 ἐκαρπώσαντο
2976 3065 3098 3119 τότε
3130 3067 3194 3116 ἐκ
3218 3062 3325 3116 τῶν
3354 3057 3576 3130 εἰρημέ-

1991 3174 2098 3210 νων
2116 3176 2131 3199 -·
2167 3158 2329 3226 ἡμεῖς
2374 3155 2431 3208 δὲ
2468 3155 2566 3224 τῆς
2596 3152 2914 3223 εὐεργεσίας
2955 3150 3021 3203 δι’
3054 3147 3232 3202 αὐτῶν
3257 3145 3363 3198 τῶν
3397 3144 3574 3214 ἔργων

1991 3239 2463 3310 ἀπολελαύκαμεν.
2497 3238 2588 3290 Διὸ
2621 3238 2713 3290 καὶ
2746 3237 3039 3303 ἀναγκαῖον
3077 3231 3268 3304 μαθεῖν
3295 3231 3356 3282 τὸ
3389 3228 3576 3298 θαῦμα

1991 3325 2100 3378 τῶν
2132 3324 2465 3396 μυστηρίων,
2491 3323 2542 3375 τί
2565 3323 2696 3374 ποτέ
2723 3323 2858 3384 ἐστι,
2890 3319 2986 3373 καὶ
3011 3317 3152 3372 διατί
3177 3315 3350 3383 ἐδόθη,
3376 3313 3470 3365 καὶ
3490 3310 3576 3396 τίς

1993 3412 2028 3479 ἡ
2059 3393 2414 3478 ὠφέλειατοῦ
2451 3405 2915 3475 πράγματος.Ἒν
2941 3402 3116 3471 σῶμα
3153 3399 3450 3469 γινόμεθα,
3475 3393 3575 3479 καὶ

1993 3475 2170 3562 μέλη,
2205 3493 2386 3560 φησὶν,
2425 3490 2492 3542 ἐκ
2538 3490 2648 3556 τῆς
2677 3486 2906 3555 σαρκὸς
2936 3484 3120 3539 αὐτοῦ
3147 3523 3162 3544 ,
3203 3481 3300 3534 καὶ
3342 3481 3410 3533 ἐκ
3459 3475 3594 3531 τῶν

1999 3578 2227 3631 ὀστέων
2247 3575 2452 3630 αὑτοῦ.
2481 3576 2545 3628 Οἱ
2565 3574 2622 3628 δέ
2647 3591 2714 3646 με
2722 3573 2986 3644 μυημένοι
3007 3564 3588 3641 παρακολουθείτωσαν

1999 3664 2111 3724 τοῖς
2139 3660 2479 3730 λεγομένοις.

2072 3744 2141 3813 γ’.
2174 3729 2392 3797 Ἷνίοῦν
2424 3742 2499 3814 μὴ
2519 3743 2680 3811 μόνον
2702 3740 2842 3794 κατά
2872 3737 2968 3809 τὴν
2986 3735 3204 3804 ἀγάπην
3223 3731 3378 3785 τοῦτο
3405 3729 3578 3799 γενώ-

2008 3827 2166 3898 μεθα,
2206 3825 2342 3880 ἀλλά
2391 3825 2487 3879 καὶ
2515 3827 2639 3878 κατ’
2685 3823 2817 3878 αὐτὸ
2855 3821 2915 3874 τὸ
2946 3821 3196 3891 πρᾶγμα,
3245 3817 3323 3876 εἰς
3364 3814 3596 3898 ἐκείνηνι

2005 3897 2463 3983 ἀνακερασθῶμεν
2516 3909 2615 3980 τὴν
2668 3909 2867 3978 σάρκα.
2915 3906 3014 3958 Διὰ
3053 3903 3155 3972 τῆς
3214 3899 3420 3971 τροφῆς
3469 3897 3578 3968 γὰρ

2005 3996 2163 4049 τοῦτο
2186 3995 2394 4062 γίνεται
2438 3987 2507 4064 ἧς
2558 3993 2869 4064 ἐχαρίσατο,
2906 3987 3222 4058 βουλόμενος
3251 3986 3382 4054 ἡμῖν
3411 3983 3580 4048 δεῖξαι

2006 4080 2097 4132 τὸν
2130 4078 2314 4140 πόθον,
2361 4077 2419 4130 ὃν
2470 4075 2583 4146 ἔχει
2616 4075 2744 4146 περὶ
2788 4073 2957 4142 ἡμᾶς.
2996 4069 3095 4121 Διὰ
3134 4066 3292 4120 τοῦτο
3329 4064 3579 4134 ἀνέμιξεν

2009 4163 2200 4217 ἐαυτὸν
2229 4163 2380 4233 ἡμῖν,
2413 4161 2507 4214 καὶ
2558 4158 2792 4227 ἁνέφυρε
2832 4156 2892 4208 τὸ
2924 4155 3084 4223 σῶμα
3122 4149 3288 4233 αὑτοῦ
3309 4151 3386 4212 εἰς
3405 4150 3582 4217 ἡμᾶς,

2008 4246 2097 4299 ἵνα
2112 4245 2170 4298 έν
2194 4231 2259 4295 τιή
2279 4242 2628 4311 ὑπάρξωμεν,
2658 4239 2908 4308 καθάπερ
2941 4236 3098 4304 σῶμα
3138 4231 3343 4302 κεφαλῇ
3373 4246 3577 4311 συνημ-

2012 4329 2192 4400 μένον.
2257 4310 2408 4378 Τῶν
2445 4310 2554 4393 γάρ
2610 4323 2815 4392 σφόδρα
2881 4318 3202 4400 ποθούντων,
3253 4314 3368 4367 ἐστὶ
3425 4310 3591 4400 τοῦτο-

2005 4395 2225 4483 δεῖγμα.
2251 4409 2422 4463 Τοῦτο
2451 4405 2582 4475 γοῦν
2626 4405 2646 4443 ί
2681 4406 2772 4457 καὶ
2795 4402 2978 4483 διἰῶϐ
3003 4399 3391 4483 αἰνιττόμενος,
3427 4395 3584 4483 ἔλεγε,

2008 4475 2141 4566 περῖ
2161 4488 2270 4546 τῶν
2297 4489 2490 4544 ἐαυτοῦ
2517 4486 2763 4549 οἰκετῶν,
2798 4481 2876 4548 οἷς
2901 4480 2969 4555 ἦν
3007 4483 3149 4539 οῦτω
3185 4480 3301 4550 μεθ’
3343 4475 3579 4548 ὑπερϐο-

2007 4560 2107 4648 λῆς
2135 4575 2400 4637 ποθεινὸς,
2437 4573 2512 4636 ὡς
2547 4569 2851 4642 προσφῦναι
2879 4569 3000 4629 ταῖς
3032 4564 3220 4648 σαρξὶν
3251 4560 3422 4648 Δαὑτοῦ
3463 4561 3580 4613 ἐπι-

2009 4641 2221 4730 θνμεῖν.
2261 4659 2492 4711 Ἐκεῖνοι
2521 4641 2629 4724 γάρ
2662 4655 2754 4706 τὸν
2789 4650 2956 4704 πολὺν
2985 4647 3163 4705 αὐτῶν
3189 4641 3606 4730 ἐνδεικνύμενοι,

2008 4724 2172 4797 πόθον
2192 4742 2250 4796 ὃν
2272 4737 2436 4810 εἶχον,
2469 4739 2563 4802 Τίς
2592 4737 2669 4790 ἂν
2704 4733 2823 4801 δῴη
2853 4732 2997 4801 ἡμῖν
3037 4729 3157 4787 τῶν
3188 4724 3430 4795 σαρκῶν
3477 4729 3584 4810 αύ-

2008 4825 2137 4887 τοῦ,
2195 4808 2402 4892 ἔλεγον,
2443 4817 2908 4891 ἐμπλησθῆναι;
2966 4814 3056 4870 Διὸ
3087 4813 3150 4883 δὴ
3177 4810 3271 4864 καὶ
3295 4811 3323 4862 ὁ
3348 4808 3608 4880 Χριστὸς,

2009 4914 2141 4968 αὐτὸ
2177 4911 2499 4981 πεποίηκεν,
2544 4908 2622 4969 εἰς
2659 4905 2839 4974 φιλίαν
2887 4904 3034 4973 ἡμᾶς
3079 4901 3287 4967 ἐνάγων
3338 4894 3604 4981 μείζονα,,

2010 4999 2104 5051 καὶ
2133 4997 2225 5049 τὸν
2247 4979 2412 5048 αὐτοῦ
2441 4991 2604 5045 πόθον
2627 4987 2935 5050 ἐπιδεικνὺς
2969 4988 2993 5026 ε
3023 4985 3114 5038 τὸν
3137 4983 3264 5054 περὶ
3295 4982 3460 5052 ἡμᾶς,
3481 4979 3583 5032 οὐκ

2013 5080 2139 5132 ίδεῖν
2174 5075 2337 5131 αὐτὸν
2379 5075 2541 5146 μόνον
2590 5072 2834 5143 παρέσχε
2863 5071 2974 5132 τοῖς
3015 5064 3402 5136 ἐπιθυμοῦσινο
3444 5061 3607 5116 ἀλλάι

2010 5163 2104 5216 καὶ
2125 5159 2388 5231 ἅψασθαι,
2427 5158 2522 5212 καὶ
2565 5157 2780 5225 φαγεῖν,
2823 5153 2918 5207 καὶ
2951 5149 3194 5223 ἐμπῆξαι
3215 5148 3342 5211 τοὺς
3365 5146 3582 5231 ὀδόντας

2007 5249 2075 5317 τῇ
2117 5227 2302 5316 σαρκὶ,
2333 5243 2433 5296 καὶ
2464 5238 2871 5312 συμπλακῆναι,
2900 5237 2995 5290 καὶ
3029 5235 3121 5288 τὸν
3161 5231 3321 5317 πόθον
3367 5227 3580 5317 ἐμπλῆέ-

2012 5309 2103 5383 σάι
2131 5309 2328 5382 πάντα.
2377 5328 2466 5391 Ὠς
2503 5309 2720 5385 λέοντες
2738 5322 2918 5376 τοίνυν
2948 5319 3059 5391 πῦρ
3092 5316 3362 5375 πνέοντες,
3409 5309 3580 5370 οὕτως

2009 5413 2116 5465 ἀπὸ
2140 5412 2243 5482 τῆς
2271 5410 2550 5482 τραπέζης
2583 5404 2955 5476 ἀναχωρῶμεν
2985 5401 3230 5482 ἐκείνης,
3265 5393 3483 5482 φοϐεροί
3502 5391 3590 5464 τῷ

2009 5476 2241 5564 διαϐόλίρ
2272 5476 2567 5563 γινόμενοι,
2620 5491 2716 5543 καὶ
2756 5489 2856 5559 τὴν
2902 5483 3142 5555 κεφαλὴν
3182 5480 3281 5564 τὴν
3302 5476 3582 5564 ήῌμετέραν

2011 5559 2339 5641 ἐννοοῦντες,
2367 5559 2468 5630 καὶ
2485 5574 2583 5644 τὴν
2607 5572 2831 5642 ἀγάπην
2857 5570 2927 5640 ἢν
2953 5569 3077 5637 περὶ
3094 5566 3239 5638 ἡμᾶς
3272 5559 3589 5638 [2751:2711-

2073 5705 2099 5744 ά
2127 5706 2274 5754 Savil.
2311 5702 2402 5762 μοῦ
2440 5703 2587 5758 ἐστιν,
2631 5701 2690 5757 ἢν
2723 5699 2816 5762 ἐγῷ
2845 5697 2989 5762 δώσω
3018 5692 3135 5754 ὑπὲρ
3163 5694 3253 5762 τῆς
3289 5683 3376 5762 τοῦ
3397 5684 3586 5762 κόσμου

2013 5773 2150 5824 ζωῆς.
2211 5747 2356 5813 ’.ἀλλὰ
2377 5747 2477 5820 ξένῖη
2499 5747 2707 5819 τιςιῆνὴ
2741 5747 3040 5810 διδασκαλία,
3066 5747 3313 5828 φήσὶ,,καὶ
3343 5747 3587 5822 παρηλλα-

2091 5834 2096 5840 .
2213 5830 2248 5841 υ
2292 5829 2303 5841 ι
2512 5827 2522 5840 ι
2576 5824 2608 5841 σι.
2669 5826 2677 5835 ι
2739 5838 2792 5841 ___
2875 5820 2894 5841 ο
2939 5817 3050 5841 νη,-
3091 5831 3172 5841 ...η
3211 5827 3299 5841 υ-.
3347 5819 3581 5841 πηηωτω

2044 5819 2174 5890 μὲνὴ.
2212 5829 2380 5874 Καίτοι
2422 5819 2529 5886 γεὸ
2576 5824 2809 5877 Ἰωάννης.
2875 5820 2894 5841 ⁸
2939 5819 3172 5882 Ὅτι1μὲν
3211 5819 3299 5873 γὰρ
3331 5819 3586 5878 ,προφῆτα-ι

2043 5893 2294 5938 νέστησαν.
2324 5883 2519 5938 Vides-is
2541 5897 2648 5942 quae
2669 5885 2752 5932 ad
2779 5874 3456 5942 ἱηιετρνειαιιρηειη-μέιιῃαια
3478 5878 3588 5942 ,ηο-

2325 5929 2342 5986 ί
2371 5929 2522 5996 siml:
2665 5929 3002 5994 τοῦτοξίῒόῦτο
3018 5936 3148 6001 γοῦν.
3217 5937 3243 5978 ε
3265 5929 3585 5993 Ἐνδεικνύμν

2015 6029 2092 6070 νος
2135 6009 2286 6068 Smil.
2310 6016 2464 6060 recte.
