2050 3182
165 193 212 220 261

165 248 256 269 niensa
272 240 438 272 recedamus,
455 243 590 273 tamquam
603 238 695 264 leones
709 238 795 271 ignem
811 236 953 270 spirantes,

165 286 273 314 diabolo
283 285 429 318 terribiles,
441 286 589 320 cogitantes
601 284 673 318 quod
689 283 722 310 sit
732 287 811 317 caput
823 287 953 312 nostrum,

165 338 193 360 et
207 336 333 367 quantam
349 331 425 359 nobis
448 331 618 358 dilectionem
642 329 802 356 exhibuerit.
827 328 955 355 Parentes

166 386 237 414 sa-pe
249 379 347 405 liberos
356 384 419 404 suos
427 377 539 412 aliisque
547 375 658 403 alendos
668 375 791 407 tradunt;
804 381 852 408 ego
862 377 955 401 contra

166 426 291 452 carnibus
306 424 365 451 illos
377 424 444 451 meis
459 424 511 454 alo,
527 423 657 458 meipsum
671 429 787 458 appono,
801 428 848 447 vos
861 427 956 447 omnes

166 471 269 498 nobiles
282 477 342 497 esse
354 470 424 502 volo,
437 474 462 497 et
489 468 587 496 bonam
608 468 642 496 de
657 468 751 495 l'utnris
763 475 837 502 spem
851 466 953 494 adiero.

166 517 232 544 Nam
245 516 289 551 qui
312 516 338 542 in
354 515 404 542 hac
419 516 471 542 vita
488 522 518 542 se
531 514 609 541 vobis
629 513 751 545 tradidit,
768 512 850 540 multo
872 511 956 546 magis

166 565 193 591 in
218 564 304 590 futura
328 563 435 590 favebit.
451 561 545 589 Frater
564 568 625 589 esse
647 564 736 587 vester
749 559 831 592 volui,
847 562 957 593 propter

167 618 213 637 vos
225 616 396 638 communem
410 608 488 636 habui
499 615 607 635 carnem
620 611 648 635 et
660 606 832 641 sanguinem:
849 612 956 632 rursum

167 657 243 684 vobis
256 663 365 684 carnem
385 661 413 683 et
427 656 583 691 sanguinem
595 654 673 681 trado
688 660 736 689 per
750 660 809 688 quae
823 658 957 687 congener

166 703 242 730 vobis
256 702 341 729 factus
358 710 427 728 sum.

203 749 342 784 Sanguinis
361 748 453 775 Christi
467 748 590 775 meomia.
601 761 637 767 —
651 746 699 773 llic
711 745 819 780 sanguis
839 744 864 770 in
880 743 957 771 nobis

166 795 277 830 regiam,
292 794 467 828 ﬂoridamque
486 792 595 821 exhibet
608 792 763 826 imaginem,
779 789 955 825 pulchritudi‘

167 850 228 868 nem
244 841 313 876 parit
337 840 530 871 incredibilem,
545 839 641 866 animae
661 839 826 866 nobilitatem
851 845 955 864 marce-

167 896 243 915 scere
264 895 316 915 non
339 888 412 921 sinit,
432 887 495 914 dum
522 886 675 921 frequenter
696 885 788 920 irrigat
810 889 836 912 et
862 885 954 912 nutrit.

168 933 282 968 Sanguis
304 933 374 960 enim
399 940 452 959 non
467 933 555 959 statim
581 933 607 958 in
632 932 709 959 nobis
727 932 755 958 iit
770 938 802 958 ex
825 930 895 963 cibo,
910 930 956 957 sed

168 981 239 1007 aliud
253 980 387 1015 quidpiam
404 989 410 1007 :
428 980 471 1008 hic
493 987 556 1007 vero
578 979 686 1013 sanguis
705 978 844 1006 centestim
865 978 957 1012 irrigat

168 1027 299 1057 animam,
315 1031 342 1053 et
363 1033 484 1061 magnam
506 1026 558 1052 vim
579 1025 655 1052 indit.
671 1024 720 1052 Hic
741 1024 864 1058 sanguis‘
879 1024 958 1059 digne

168 1076 294 1106 acceptus
313 1071 448 1099 daemonas
461 1071 552 1106 procul
566 1071 650 1105 pellit,
665 1070 775 1105 angelos
789 1070 821 1097 ad
839 1077 887 1096 nos
909 1069 957 1097 ad-

170 1122 267 1157 vocat,
298 1118 437 1153 ipsumque
461 1118 615 1153 angelorum
640 1118 791 1145 Dominum.
818 1117 959 1144 Daemones

168 1166 266 1199 quippe
282 1164 399 1200 fugiunt,
416 1165 460 1192 ubi
483 1165 573 1192 vident
595 1164 751 1199 sanguinem
771 1163 957 1196 Dominicum;

167 1216 312 1238 accurrunt
332 1216 421 1239 autem
445 1211 543 1247 angeli.
557 1211 607 1238 Hic
623 1211 731 1246 sanguis
754 1210 854 1238 ell'usus
875 1215 959 1237 totum

168 1257 261 1284 orbem
276 1257 389 1284 abluit'.
407 1257 484 1284 Multa
499 1257 533 1285 de
548 1257 598 1285 hoc
612 1257 740 1292 sanguine
754 1256 848 1284 beatus
862 1256 959 1283 Paulus

169 1303 194 1330 in
218 1304 336 1337 Epistola
352 1304 385 1330 ad
409 1303 535 1331 Hebrtcos
560 1303 746 1339 philosophice
770 1302 890 1330 tradidit.
911 1302 961 1330 Hic

168 1351 277 1385 sanguis
292 1351 369 1386 adyta
383 1355 410 1378 et
424 1354 515 1378 sancta
529 1354 683 1377 sanctorum
696 1349 830 1385 purgavit.
846 1349 922 1383 Quod
937 1349 960 1376 si

169 1396 228 1430 ejus
251 1396 333 1431 ﬁgura
354 1401 455 1423 tantam
471 1397 524 1423 vim
540 1396 632 1423 habuit
647 1396 674 1423 in
696 1395 869 1423 Hebraeorum
891 1399 960 1422 tem-

170 1442 223 1476 pto,
246 1442 271 1468 in
290 1441 375 1468 media
401 1441 526 1477 Egypto,
552 1440 689 1469 liminibus
714 1448 852 1476 aspersus,
877 1440 962 1468 multo

170 1489 298 1523 majorem
314 1488 369 1523 ipsa
381 1489 478 1515 veritas
490 1487 580 1515 habet.
591 1488 639 1515 Hic
650 1488 757 1523 sanguis
765 1494 838 1514 aram
851 1494 961 1515 auream

170 1534 287 1560 sacravit
301 1543 307 1561 2
323 1534 382 1561 sine
398 1533 449 1561 hoc
463 1541 514 1560 non
527 1533 641 1560 audebat
653 1533 777 1568 princeps
790 1532 961 1560 sacerdotum

171 1581 198 1607 in
210 1572 287 1617 adyta
301 1580 414 1616 ingredi.
437 1580 486 1608 llic
507 1581 616 1615 sanguis
631 1580 786 1607 sacerdotes
809 1579 961 1612 ordinabat,

171 1627 216 1654 hic
235 1628 260 1654 in
276 1627 367 1662 ﬁguris
381 1631 487 1661 peccata
511 1626 645 1654 abluebat.
659 1626 687 1654 Si
708 1626 738 1654 in
753 1626 845 1661 ﬁguris
860 1630 962 1653 tantam

171 1675 224 1701 vim
238 1674 341 1706 habuit,
356 1674 378 1701 si
395 1673 515 1701 umbram
537 1673 572 1700 ita
586 1680 661 1700 mors
675 1672 796 1706 horruit;
809 1672 961 1703 veritatem,

171 1728 274 1755 qumso,
288 1725 414 1756 quantum
429 1719 604 1747 formidabit?
628 1719 677 1746 llic
690 1719 798 1754 sanguis
811 1719 883 1747 salus
898 1719 964 1745 ani—

172 1774 275 1793 marum
301 1771 452 1793 nostrarum
472 1770 536 1793 est:
562 1766 613 1793 hoc
632 1765 765 1793 abluitur'
787 1766 892 1797 anima,
913 1764 963 1792 hoc

172 1818 298 1846 ornatur,
324 1813 376 1840 hoc
401 1812 551 1840 incenditur
575 1821 583 1839 τ
610 1810 653 1839 hic
671 1812 731 1847 igne
755 1811 963 1846 splendidiorem

173 1865 289 1888 mentem
304 1865 423 1888 nostram
439 1860 527 1888 reddit
543 1867 550 1886 :
572 1858 617 1886 hic
631 1859 741 1894 sanguis
753 1858 853 1885 ell'usus
868 1857 963 1885 caelum

175 1907 292 1941 pervium
310 1906 381 1934 fecit.

209 1953 235 1979 4.
256 1951 405 1980 Tremenda
422 1959 486 1979 vere
498 1951 624 1986 mysteria
638 1951 782 1983 Ecclesim;
800 1949 963 1977 horrendum

174 2006 238 2026 vere
252 1999 345 2026 altare.
360 1998 399 2026 Ex
412 1998 536 2033 paradiso
551 1999 610 2025 fons
624 1998 745 2025 scaluriit
758 1997 872 2025 sensiles
887 1997 964 2024 emit-

174 2052 235 2072 tens
262 2045 377 2072 ﬂuvios:
393 2052 425 2072 ex
452 2044 502 2072 hac
529 2052 620 2072 mensa
649 2044 708 2071 fons
735 2043 846 2071 scaturit
869 2042 965 2070 ﬂuvios

174 2092 300 2118 emittens
315 2091 477 2127 spirituales.
491 2091 532 2118 Ad
546 2091 616 2118 hunc
630 2090 730 2118 fontem
750 2090 889 2125 eriguntur
911 2096 965 2116 non

175 2137 273 2164 salices
300 2137 488 2169 inlructuosaa,
504 2137 551 2165 sed
575 2137 685 2164 arbores
710 2137 744 2164 ad
770 2137 856 2171 ipsum
871 2136 965 2163 caelum

177 2184 369 2218 pertingentes,
387 2191 447 2218 quae
466 2182 566 2211 fructus
581 2190 686 2218 semper
699 2182 850 2217 producunt
865 2186 967 2216 tempe-

178 2230 274 2261 stivos,
290 2230 334 2264 qui
358 2236 502 2264 numquam
525 2232 703 2256 marcescunt.
725 2228 753 2256 Si
776 2229 836 2263 quis
858 2233 966 2260 mstuat,

178 2275 250 2302 hunc
260 2273 337 2302 adeat
351 2274 463 2308 fontem,
471 2279 498 2302 et
509 2274 632 2302 ardorem
644 2278 785 2309 temperet.
795 2273 861 2301 Nam
872 2277 966 2302 aestum

179 2322 261 2355 fugat,
276 2325 302 2348 et
316 2320 410 2348 adusta
424 2320 512 2348 omnia
527 2321 668 2355 refrigerat
684 2330 690 2347 :
707 2328 761 2348 non
781 2328 841 2355 quae
857 2327 890 2347 ex
903 2320 968 2346 solis

179 2368 276 2395 ardore
291 2371 415 2401 mstuant,
429 2367 475 2394 sed
489 2375 548 2402 qua:
563 2358 648 2401 igneis
671 2367 774 2402 sagittis
788 2371 882 2394 exusta
894 2371 966 2393 sunt.

179 2415 330 2450 Supernum
344 2414 416 2442 enim
435 2414 515 2442 habet
534 2414 694 2450 principium
708 2418 735 2441 et
753 2414 882 2447 radicem,
898 2414 969 2441 unde

211 2493 217 2508 ¹
237 2492 283 2517 Alii
292 2492 386 2523 legunt,
399 2491 438 2517 hic
449 2492 546 2523 sanguis
553 2492 675 2524 mysticus.

206 2525 215 2539 ¹
233 2528 304 2548 Juxta
316 2524 398 2548 Morel.
411 2524 552 2555 legendum,
565 2524 662 2555 eripuit,
676 2530 733 2555 pro,
745 2524 829 2550 abluit.

211 2556 220 2569 ³
240 2556 305 2578 Nam
319 2555 390 2585 lt-gil,
402 2553 548 2585 lu'ﬁﬁt‘utnr.
559 2553 609 2585 pro}
621 2553 736 2579 abluitur.

648 186 681 214 IN
700 180 857 213 JOANNEM
877 179 993 208 ll0MlL.
1015 179 1118 209 XLVII.
1137 183 1173 209 al.
1195 183 1286 213 XLVI.

1747 187 1800 215 26"2

1008 235 1035 258 et
1049 230 1183 265 irrigatur.
1200 231 1238 258 Ex
1260 231 1311 258 hoc
1332 231 1405 259 l‘onte
1428 232 1503 260 multi
1526 232 1576 260 rivi
1597 238 1717 267 manant,
1732 242 1799 269 quos

1008 278 1106 305 emittit
1114 278 1275 309 Paracletns,
1285 278 1420 313 Filiusque
1428 278 1559 306 mediator
1567 284 1622 306 est:
1631 288 1682 307 non
1693 281 1801 310 bidente

1008 323 1079 350 viam
1103 328 1188 356 parat,
1202 323 1248 350 sed
1272 323 1395 350 allectum
1411 329 1533 351 nostrum
1549 325 1644 358 aperit.
1669 325 1718 353 llic
1742 325 1802 353 fons

1010 368 1077 395 lucis
1091 373 1144 401 est,
1159 369 1280 396 veritatis
1293 370 1381 397 radios
1397 370 1556 397 diffundens.
1573 371 1638 398 Iluic
1658 372 1738 398 etiam
1755 373 1803 399 ad-

1008 418 1081 440 stant
1108 422 1231 449 superna:
1254 416 1385 448 virtutes,
1412 416 1549 443 alveorum
1575 417 1800 451 pulchritudinem

1010 459 1145 487 intuentes
1163 469 1169 486 :
1186 460 1247 494 quia
1261 461 1359 487 clarius
1382 462 1526 496 proposita:
1547 462 1584 489 rei
1600 462 1663 494 vim,
1680 468 1706 490 et
1729 463 1802 490 inac-

1009 514 1101 534 ccSSos
1123 507 1213 534 radios
1235 507 1408 541 perspiciunt.
1423 507 1457 534 Ut
1470 507 1541 534 enim
1557 508 1579 534 si
1597 508 1657 542 quis
1673 508 1699 535 in
1715 509 1802 544 lique-

1009 554 1107 581 factum
1121 562 1215 581 aurum
1231 563 1338 581 manum
1359 556 1401 582 vel
1423 556 1538 589 linguam
1553 556 1662 590 injiciat,
1676 558 1696 583 si
1712 562 1801 585 tamen

1009 599 1035 626 id
1048 600 1105 627 iieri
1123 600 1217 634 possit,
1231 601 1320 627 statim
1337 600 1483 627 inauratam
1498 601 1602 633 reddit;
1618 602 1644 628 id
1666 604 1801 637 proposita

1009 646 1134 681 mysteria
1152 646 1229 680 longe
1241 647 1335 673 melius
1350 647 1446 674 animae
1459 652 1593 681 prazslant.
1612 648 1719 675 Fluvios
1729 649 1801 676 enim

1009 692 1069 727 igne
1089 693 1235 719 ferventius
1252 693 1362 725 ebullit;
1388 698 1414 720 at
1429 700 1481 720 non
1504 694 1566 729 urit,
1582 694 1628 721 sed
1645 695 1726 721 abluit
1742 700 1801 722 tan-

1010 743 1076 765 tum.
1098 738 1173 765 Hunc
1191 738 1347 773 sanguinem
1359 738 1423 765 olim
1445 739 1649 774 praziigurabant
1663 740 1688 766 in
1708 741 1801 767 altari-

1009 784 1068 816 bus,
1082 784 1109 811 in
1123 784 1247 819 legitimis
1257 784 1392 811 cmdihus:
1406 784 1457 812 hoc
1470 790 1511 812 est
1524 785 1597 811 orbis
1610 786 1734 819 pretium,
1752 785 1803 813 hoc

1009 835 1051 857 est
1063 837 1116 864 quo
1130 830 1252 856 Christus
1277 830 1422 857 Ecclesiam
1446 831 1526 861 emit,
1549 832 1599 858 hoc
1624 831 1696 858 illam
1720 835 1802 858 totam

1010 876 1125 902 ornavit.
1141 875 1174 903 Ut
1186 876 1257 902 enim
1273 876 1318 910 qui
1332 883 1424 903 servos
1436 877 1510 907 emit,
1525 884 1618 903 aurum
1634 877 1689 906 dat.
1705 882 1731 904 et
1745 876 1805 904 illos

1010 920 1032 947 si
1048 928 1146 947 ornare
1165 920 1239 954 velit,
1255 928 1320 947 auro
1334 925 1411 948 ornat
1424 930 1430 948 :
1446 921 1481 947 ita
1496 926 1522 947 et
1535 921 1656 948 Christus
1676 929 1725 949 nos
1738 930 1802 948 san-

1009 967 1089 1001 guine
1101 974 1149 993 suo
1164 972 1191 993 et
1201 967 1424 993 emitctornavit.
1434 966 1482 1000 Qui
1500 967 1578 1001 hujus
1592 968 1728 1002 sanguinis
1742 975 1804 1002 par-

1010 1013 1104 1047 ticipes
1118 1018 1188 1046 sunt,
1203 1021 1263 1040 cum
1277 1013 1378 1048 angelis
1400 1017 1472 1039 stant
1487 1017 1514 1040 et
1528 1013 1697 1048 archangelis
1711 1019 1738 1041 et
1758 1022 1804 1041 su-

1010 1059 1101 1094 pernis
1116 1059 1301 1093 potestatibus,
1314 1059 1384 1093 regia
1396 1059 1494 1086 Christi
1507 1060 1574 1087 stola
1589 1060 1671 1087 induti
1685 1064 1713 1087 et
1723 1061 1805 1088 armis

1011 1104 1193 1138 spiritualibus
1211 1105 1343 1132 instructi.
1361 1105 1414 1132 Sed
1441 1105 1504 1131 nihil
1530 1113 1653 1140 magnoin
1677 1105 1806 1134 hactenus

1011 1150 1065 1177 dixi
1083 1159 1089 1177 :
1107 1158 1166 1177 nam
1184 1151 1242 1185 ipso
1258 1155 1321 1177 sunt
1343 1151 1428 1178 induti
1452 1159 1525 1186 rege.
1541 1151 1593 1178 Sed
1617 1151 1685 1178 sicut
1706 1159 1750 1179 res
1765 1157 1806 1178 est

1011 1204 1106 1232 magna
1129 1201 1156 1223 et
1178 1197 1325 1224 mirabilis:
1340 1197 1374 1224 ita
1395 1197 1418 1224 si
1438 1206 1497 1224 cum
1512 1198 1627 1232 puritate
1648 1198 1805 1230 accesseris,

1012 1242 1045 1269 ad
1071 1242 1184 1269 salutem
1209 1243 1360 1275 accessisli;
1375 1243 1397 1270 si
1413 1250 1471 1270 cum
1493 1243 1561 1269 mala
1578 1244 1756 1273 conscientia,
1773 1243 1806 1268 ad

1013 1284 1170 1322 supplicium
1185 1293 1212 1315 et
1232 1288 1369 1315 ultionem.
1393 1288 1442 1321 Qui
1460 1288 1526 1315 enim
1547 1288 1693 1319 manducet,
1709 1289 1804 1322 inquit,

1013 1339 1035 1361 et
1056 1334 1115 1361 bibit
1136 1334 1238 1369 indigne
1262 1334 1386 1366 Domino,
1405 1334 1531 1369 judicium
1554 1334 1600 1360 sibi
1624 1333 1759 1360 munducat
1785 1338 1807 1359 ιιι

1014 1380 1074 1407 bibit
1091 1380 1129 1416 (l.
1142 1380 1200 1407 Cor.
1218 1381 1261 1407 Η.
1280 1379 1336 1414 29).
1351 1380 1378 1407 Si
1395 1380 1483 1414 itaque
1497 1379 1514 1406 ii
1527 1380 1571 1414 qui
1589 1379 1686 1412 regiam
1704 1387 1804 1413 purpu-

1014 1434 1071 1454 ram
1092 1426 1241 1461 inqoioant,
1257 1433 1288 1453 ac
1310 1427 1332 1452 si
1356 1425 1548 1457 discinderem,
1564 1425 1727 1459 puniuntur:
1744 1426 1811 1458 quid

1015 1473 1110 1500 mirum
1125 1473 1145 1499 si
1158 1473 1175 1499 ii
1187 1473 1231 1507 qui
1242 1472 1379 1499 immundo
1389 1472 1479 1498 animo
1492 1471 1543 1498 hoc
1551 1478 1648 1504 corpus
1662 1472 1802 1505 accipiunt,

1015 1518 1084 1546 idem
1105 1519 1217 1545 subeant
1239 1518 1408 1552 supplicium,
1424 1516 1495 1551 quod
1519 1516 1536 1543 ii
1558 1516 1602 1549 qui
1626 1516 1689 1542 illud
1710 1523 1810 1549 corpus

1014 1564 1100 1592 clavis
1127 1564 1341 1591 transﬁxorum?
1364 1563 1431 1591 Vide
1453 1571 1532 1598 qnam
1560 1562 1679 1589 terribile
1711 1562 1816 1589 Paulus

1016 1611 1140 1639 exhibeat
1148 1611 1306 1645 supplicium
1317 1619 1323 1637 :
1336 1609 1440 1637 lrrilam
1449 1610 1505 1644 quis
1514 1609 1609 1643 faciens
1621 1609 1699 1644 legem
1711 1608 1815 1644 Moysi,.

1016 1658 1070 1684 sine
1084 1656 1138 1683 ulla
1150 1656 1310 1684 miseratione
1322 1655 1419 1682 duobus
1428 1655 1467 1682 vel
1477 1655 1555 1681 tribus
1566 1655 1668 1682 testibus
1685 1655 1812 1681 moritur:

1015 1709 1109 1741 quanta
1128 1704 1209 1739 magis
1236 1703 1330 1738 putatis
1354 1701 1479 1728 deteriora
1498 1702 1590 1728 mereri
1613 1701 1749 1735 supplicia,
1764 1701 1814 1736 qui

1016 1751 1113 1778 Filium
1127 1749 1176 1777 Dei
1193 1748 1387 1780 consultaverit,
1400 1752 1422 1774 et
1435 1747 1583 1781 sanguinem
1596 1751 1737 1774 testamenti
1752 1747 1808 1781 pol-

1017 1796 1098 1823 lutam
1119 1795 1233 1826 duxerit,
1250 1795 1276 1821 in
1294 1802 1342 1828 quo
1354 1793 1526 1827 sancti/italus
1545 1797 1581 1819 est
1597 1791 1688 1828 (Hebr.
1704 1792 1747 1819 10.
1761 1792 1807 1820 28.

1016 1843 1081 1878 29)?
1094 1842 1270 1868 Attendamus
1281 1840 1360 1875 igitur
1373 1839 1450 1866 nobis
1463 1838 1539 1873 ipsis,
1548 1838 1647 1870 dilecti,
1656 1845 1716 1864 cum
1729 1838 1814 1864 tantis

1016 1889 1135 1917 fruamur
1158 1887 1253 1919 bonis;
1269 1892 1296 1914 et
1317 1893 1379 1913 cum
1393 1890 1470 1920 turpe
1481 1885 1617 1919 quidpiam
1641 1885 1713 1919 loqui
1737 1884 1812 1912 subis

1017 1936 1145 1967 animum,
1161 1934 1202 1961 vel
1225 1932 1331 1968 quando
1346 1932 1396 1965 ira,
1411 1932 1452 1959 vel
1476 1938 1558 1966 pravo
1573 1931 1696 1966 quopiam
1711 1930 1812 1957 alie-ctu.

1017 1990 1067 2009 nos
1092 1981 1190 2015 corripi
1215 1979 1362 2012 cernimus,
1378 1977 1516 2005 nobiscum
1537 1982 1691 2011 reputemus
1713 1976 1811 2011 quibus

1016 2028 1116 2064 dignati
1132 2027 1215 2054 simus
1230 2025 1375 2056 beneficiis,
1385 2031 1463 2059 quem
1475 2023 1602 2057 Spiritum
1616 2022 1813 2056 acceperimus.

1017 2076 1081 2104 Haec
1090 2074 1215 2109 cogitatio
1229 2077 1335 2099 nostros
1346 2070 1519 2105 temperabit‘
1534 2069 1655 2097 allectus.
1667 2069 1814 2103 Quousque

1018 2122 1088 2150 enim
1114 2121 1194 2148 rebus
1206 2118 1382 2154 praesentibus
1396 2116 1576 2144 haerebimus?
1599 2123 1737 2150 quousque
1758 2123 1814 2141 non

1018 2166 1215 2195 excitabimur‘!
1233 2170 1371 2199 quousque
1387 2163 1484 2189 nullam
1499 2161 1593 2189 salutis
1606 2166 1705 2188 nostra:
1719 2168 1815 2187 curant

1020 2211 1195 2241 habebimus?
1211 2210 1363 2245 Cogitemus
1375 2209 1533 2242 quibusnam
1548 2215 1596 2234 nos
1609 2207 1679 2234 Deus
1689 2207 1817 2241 dignatus

1020 2260 1065 2291 sit,
1086 2258 1185 2293 gratias
1207 2262 1327 2291 agamus,
1348 2254 1458 2289 gloriam
1476 2252 1633 2283 referamus,
1658 2260 1710 2279 non
1733 2251 1813 2278 modo

1021 2313 1069 2340 per
1080 2304 1169 2335 ﬁdem,
1183 2303 1229 2330 sed
1246 2302 1325 2329 etiam
1341 2308 1388 2335 per
1400 2307 1480 2334 opera
1492 2308 1499 2325 :
1520 2304 1549 2326 ut
1565 2299 1653 2326 futura
1667 2305 1812 2332 consequa-

1022 2358 1082 2378 mur
1097 2347 1274 2383 bona,'gratia
1290 2351 1317 2374 et
1335 2345 1500 2381 benignitate
1522 2344 1625 2371 Domini
1645 2343 1729 2371 nostri
1750 2343 1820 2370 Iesu.

1022 2396 1132 2427 Christi,
1143 2395 1249 2429 quicum
1265 2392 1335 2420 Patri
1351 2391 1446 2426 gloria,
1456 2398 1509 2417 una
1521 2397 1581 2417 cum
1595 2394 1688 2417 saneto
1701 2389 1816 2422 Spiritu,

1023 2450 1094 2470 nunc
1105 2447 1131 2468 et
1144 2447 1250 2474 semper
1262 2443 1289 2466 et
1303 2439 1330 2465 in
1345 2437 1444 2464 stecula
1457 2435 1631 2463 steculorum.
1647 2436 1745 2462 Amen.

1057 2543 1065 2559 ἰ
1084 2539 1132 2565 Alii
1143 2539 1245 2567 habent,
1258 2537 1381 2566 temperet.

741 2582 1819 2602 _____________________________

852 2624 1027 2656 HOMlLIA
1057 2621 1173 2654 XLVII.

179 2676 243 2703 Car.
264 2674 290 2705 ϐ,
318 2683 342 2702 v.
364 2676 407 2703 55.
429 2675 500 2702 Dixit
522 2683 581 2710 ergo
600 2675 636 2702 eis
657 2674 732 2701 Iesus
751 2683 760 2700 :
782 2675 878 2706 Amen,
901 2683 973 2701 mnen

217 2722 274 2748 dico
287 2721 366 2753 vobis,
379 2721 428 2748 nisi
446 2721 657 2747 manducavert'tis
674 2727 777 2747 carnem
791 2719 853 2746 Filii
866 2720 974 2746 hominis

217 2774 240 2793 et
251 2767 362 2794 biberitis
373 2768 428 2802 ejus
444 2767 601 2802 sanguinem,
617 2774 667 2793 non
678 2765 798 2792 [rubebitis
811 2766 886 2791 vitam
899 2770 974 2791 mter-

219 2821 278 2840 nom
303 2813 328 2840 in
352 2813 430 2839 nobis.
445 2813 489 2840 54.
507 2812 556 2844 Qui
577 2818 660 2839 attlutll
675 2812 810 2838 mandat-at
825 2819 905 2837 meam
918 2819 974 2837 car-

220 2868 293 2892 nem,
318 2865 341 2886 et
365 2859 423 2886 bibit
450 2867 532 2886 meum
556 2859 724 2894 sanguinem,
755 2857 828 2884 habet
850 2857 927 2884 vitam
947 2857 975 2883 in

220 2907 362 2940 sentelipso.

222 2953 247 2978 ~t.
268 2952 334 2980 Cum
350 2952 384 2981 de
407 2953 488 2981 rebus
511 2952 690 2987 spiritualibus
713 2951 884 2984 disserimus,
907 2948 972 2977 nihil

1026 2672 1154 2700 satculal'e
1177 2669 1212 2696 sit
1231 2668 1257 2695 in
1279 2666 1374 2693 animis
1397 2664 1508 2696 nostris,
1526 2663 1591 2690 nihil
1611 2668 1756 2694 terrenum,
1771 2661 1818 2689 sed

1027 2719 1069 2746 his
1082 2715 1205 2744 omnibus
1219 2712 1348 2740 abdicatis
1360 2719 1391 2737 ac
1404 2709 1638 2745 depulsis,divinis
1651 2708 1819 2735 sermonibus

1027 2765 1075 2792 toti
1089 2763 1249 2789 hmreatnus.
1264 2759 1329 2786 Nam
1354 2757 1376 2784 si
1392 2764 1454 2791 rege
1469 2757 1494 2783 in
1517 2755 1607 2782 urbem
1629 2754 1761 2784 veniente.
1780 2759 1820 2780 tu-

1026 2810 1126 2838 multus
1149 2807 1237 2835 omnis
1256 2804 1413 2839 depellitur;
1435 2802 1519 2829 multo
1542 2801 1625 2835 magis
1647 2800 1746 2834 Spiritu
1771 2807 1820 2827 nos

1027 2857 1190 2890 alloquente,
1214 2859 1274 2879 cum
1297 2850 1381 2878 multa
1403 2849 1502 2883 quiete,
1526 2854 1586 2874 cum
1608 2846 1693 2873 multo
1717 2850 1820 2874 terrore

1027 2902 1119 2930 audire
1144 2908 1192 2927 nos
1217 2907 1265 2934 par
1286 2902 1340 2925 cst.
1358 2896 1476 2925 Horrore
1494 2901 1609 2929 namque
1634 2893 1715 2928 digna
1741 2892 1820 2919 hodie

1030 2949 1097 2976 lecta
1112 2952 1182 2975 sunt.
1200 2945 1264 2973 Audi
1287 2944 1369 2971 enim.
1394 2942 1473 2968 Amen
1492 2940 1548 2966 dico
1562 2938 1640 2971 vobis,
1657 2938 1750 2974 inquit,
1768 2937 1819 2964 nisi
