4084 6360
433 377 537 433 ἳϐδ

433 490 546 558 quis
574 484 949 540 manducauerit
975 486 1175 535 carnem
1215 497 1404 545 meam,
1431 488 1479 533 et
1514 476 1689 532 biberit
1716 473 2011 542 sanguinem

434 588 620 642 meum,
635 593 736 630 non
758 574 954 629 habebit
970 573 1126 627 vitam
1149 573 1200 626 in
1217 572 1481 640 semetipso
1495 571 1534 621 ¹.
1548 567 1679 635 Quia
1703 566 1846 636 prius
1861 563 2014 616 dixe-

434 679 558 726 rant
596 667 653 721 id
685 662 1015 736 impossibile
1044 679 1184 727 esse,
1217 661 1453 717 ostendit
1500 659 1553 713 id
1583 674 1689 713 non
1720 655 1880 710 modo
1909 668 2015 707 non

436 757 805 829 impossibile,
870 758 967 812 sed
1018 756 1179 812 etiam
1240 753 1397 807 valde
1452 749 1811 805 necessarium
1873 757 2014 799 esse.

435 850 793 915 Quamobrem
826 848 1003 905 subdit
1032 863 1046 901 :
1081 846 1179 912 Qui
1220 844 1492 897 manducat
1536 856 1698 895 meam
1721 852 1943 901 carnem,
1964 843 2018 888 et

436 944 556 997 bibit
584 958 751 999 meum
776 941 1091 1012 sanguinem.
1115 937 1262 991 habet
1287 937 1441 989 vitam
1466 943 1724 997 veternum,
1753 939 1801 984 et
1828 944 1918 999 ego
1937 943 2019 981 re-

438 1034 691 1091 suscitabo
712 1049 823 1087 eum
862 1034 917 1085 in
955 1030 1222 1084 novissimo
1246 1029 1347 1082 die.
1371 1027 1505 1094 Quia
1534 1026 1674 1081 enim
1701 1023 1925 1083 dixerat,
1957 1019 2020 1076 Si

438 1128 550 1196 quis
579 1124 955 1177 manducauerit
979 1136 1045 1175 ea:
1068 1122 1161 1174 hoc
1207 1135 1357 1189 pane,
1389 1134 1492 1171 non
1518 1117 1755 1170 morietur
1778 1113 1832 1167 in
1874 1122 2020 1167 teter-

440 1231 605 1278 num;
648 1214 1042 1283 verisimileque
1079 1220 1194 1267 erat
1232 1211 1355 1263 hinc
1381 1209 1503 1263 illos
1538 1207 1772 1261 offensos
1797 1203 1930 1269 fore,
1961 1211 2022 1257 ut

437 1309 587 1379 prius
623 1323 744 1363 cum
786 1307 1047 1368 dicerent,
1100 1304 1358 1358 Abraham
1400 1308 1628 1354 mortuus
1667 1306 1762 1363 est,
1806 1305 1852 1351 et
1896 1311 2019 1365 pro-

440 1402 605 1470 ρΙιειιε
639 1399 825 1454 mortui
851 1408 987 1459 sunt,
1021 1406 1067 1450 et
1094 1392 1345 1465 quomodo
1393 1403 1449 1446 tu
1493 1392 1640 1453 dicis,
1673 1406 1773 1443 non
1803 1387 2021 1459 gustabit

442 1492 700 1546 mortem?
750 1489 1193 1545 resurrectionem
1235 1486 1381 1555 ponit
1408 1484 1622 1539 solvens
1646 1480 2017 1551 quaestionem,

442 1592 497 1637 et
536 1582 823 1637 ostendens
853 1596 959 1634 non
990 1579 1306 1633 moriturum
1352 1591 1474 1631 esse
1521 1588 1688 1642 usque
1738 1574 1789 1625 in
1834 1570 2014 1625 ﬁnem.

445 1673 779 1743 Frequenter
818 1681 995 1727 autem
1026 1672 1077 1725 in
1108 1668 1379 1741 mysteriis
1405 1675 1671 1730 versatur,
1694 1673 1753 1718 ut
1777 1661 2020 1716 ostendat

442 1782 598 1835 quam
628 1765 925 1820 necessaria
957 1778 1045 1818 res
1078 1764 1167 1828 sit,
1196 1770 1251 1816 et
1277 1760 1417 1829 quod
1455 1760 1673 1813 omnino
1710 1756 1823 1810 ﬁeri
1863 1769 2023 1824 opor-

444 1866 570 1911 teat.
597 1856 726 1910 Nam
754 1856 843 1910 55.
870 1855 999 1909 Caro
1026 1870 1136 1907 mea
1156 1869 1268 1907 vere
1289 1862 1357 1906 est
1380 1851 1542 1914 cibus,
1567 1860 1611 1902 et
1637 1848 1842 1918 sanguis
1883 1863 2021 1901 meus

442 1961 554 1999 vere
572 1954 653 1999 est
692 1956 860 2015 potus.
889 1945 1023 2012 Quid
1049 1944 1148 1999 sibi
1178 1944 1289 1997 vult
1328 1942 1498 1997 illud?
1546 1942 1654 1994 Aut
1677 1940 1790 1994 vult
1820 1938 2024 2008 signiﬁ-

442 2052 586 2101 care,
619 2038 759 2091 hunc
809 2051 928 2091 esse
958 2051 1137 2090 verum
1170 2034 1380 2099 cibum,
1410 2033 1498 2103 qui
1540 2032 1768 2085 animam
1811 2039 2019 2093 servet;

444 2141 534 2183 aut
564 2130 676 2184 vult
705 2130 861 2183 dictis
906 2130 1021 2184 suis
1068 2128 1223 2183 ﬁdem
1272 2126 1465 2192 facere,
1499 2141 1563 2181 ne
1592 2134 1777 2194 putent
1804 2123 1853 2177 id
1880 2123 2021 2192 quod

444 2223 645 2277 dictum
674 2222 791 2285 fuit,
824 2224 1045 2291 aenigma
1076 2222 1159 2275 vel
1189 2220 1492 2290 parabolam
1520 2234 1640 2274 esse
1660 2260 1674 2282 ,
1717 2216 1810 2271 sed
1853 2217 2024 2271 sciant

443 2325 691 2384 oportere
744 2315 961 2367 omnino
1009 2327 1200 2380 corpus
1249 2310 1552 2365 comedere.
1580 2308 1782 2365 Deinde
1806 2308 1900 2372 ait,
1930 2308 2018 2362 56.

446 2406 545 2470 Qui
576 2406 846 2459 manducat
887 2421 1049 2458 meam
1088 2419 1310 2467 carnem,
1349 2403 1402 2456 in
1434 2419 1512 2456 me
1560 2410 1749 2467 manet,
1781 2409 1836 2453 ut
1862 2400 2025 2469 signi-

445 2498 567 2553 ﬁcet
609 2497 751 2567 quod
798 2513 855 2551 se
884 2511 1002 2551 cum
1037 2497 1151 2565 ipso
1181 2496 1491 2550 admisceat.
1527 2494 1676 2561 Quod
1707 2504 1881 2546 autem
1932 2508 2023 2547 se-

442 2589 642 2659 quitur,
668 2602 771 2641 non
793 2586 1066 2641 cohaerere
1101 2586 1331 2649 videtur,
1357 2586 1466 2639 nisi
1496 2584 1848 2639 attendamus.
1869 2584 2019 2651 Quae,

445 2682 635 2749 inquit,
668 2689 750 2734 est
777 2682 1176 2746 consequentia,
1203 2688 1479 2748 postquam
1503 2678 1729 2743 dixerat,
1752 2678 1859 2745 Qui
1880 2695 2025 2731 man-

444 2775 593 2826 ducet
636 2790 797 2826 meam
850 2789 1072 2834 carnem,
1103 2774 1155 2824 in
1206 2789 1284 2826 me
1326 2782 1513 2837 manet,
1558 2772 1897 2841 subjungere,
1929 2770 2021 2826 57.

445 2866 590 2919 Sicut
630 2866 761 2917 misit
801 2882 879 2918 me
917 2866 1083 2918 vivens
1114 2862 1289 2929 Pater,
1322 2866 1395 2916 ita
1439 2872 1484 2917 et
1529 2880 1618 2934 ego
1667 2864 1774 2916 vivo
1822 2874 2025 2934 prapter

445 2958 700 3013 Patrem?
747 2958 857 3012 lmo
911 2958 1024 3011 hare
1055 2972 1296 3024 magnam
1355 2955 1553 3009 habent
1598 2956 2022 3010 consonantiam.

444 3049 577 3105 Nam
607 3065 726 3103 cum
757 3050 916 3103 vitam
947 3057 1202 3103 :eternam
1235 3063 1376 3117 smpe
1405 3048 1643 3111 dixisset,
1674 3047 1739 3101 ad
1792 3047 1843 3101 id
1892 3063 2023 3102 cono

444 3139 763 3193 ﬁrmandum
811 3139 975 3202 addit,
1022 3137 1086 3191 In
1113 3155 1190 3192 me
1217 3148 1398 3191 manet.
1436 3139 1491 3192 Si
1532 3139 1671 3191 enim
1705 3138 1757 3191 in
1793 3153 1878 3192 me
1908 3154 2023 3191 ma-

445 3241 555 3294 net,
602 3240 655 3284 et
680 3246 779 3299 ego
806 3230 949 3291 vivo.
984 3230 1156 3297 palam
1189 3241 1270 3283 est
1313 3242 1367 3282 et
1411 3230 1557 3283 illum
1589 3245 1707 3285 esse
1737 3231 2020 3284 victurum.

446 3322 649 3377 Deinde
677 3322 796 3376 ait:
843 3322 987 3376 Sicut
1030 3322 1165 3375 misit
1213 3339 1293 3375 me
1341 3323 1504 3376 vivens
1550 3321 1727 3376 Pater.
1776 3322 1901 3377 llaec
1944 3331 2027 3377 est

446 3414 849 3482 comparatioet
878 3413 1192 3475 similitudo,
1213 3428 1274 3467 ac
1301 3415 1343 3467 si
1367 3414 1585 3478 diceret,
1608 3414 1739 3467 Vivo
1766 3429 1867 3482 ego
1890 3415 2027 3468 sicut

446 3516 500 3558 et
543 3505 721 3558 Pater.
770 3503 835 3557 Et
870 3518 939 3558 ne
968 3504 1259 3573 ingenitum
1312 3514 1546 3573 putares,
1575 3504 1753 3557 statim
1800 3504 2024 3569 addidit,

448 3595 669 3663 Propter
719 3593 946 3661 Patrem,
979 3610 1085 3655 non
1133 3594 1273 3663 quod
1320 3596 1628 3663 operatione
1679 3594 1906 3664 quadam
1959 3594 2026 3649 ad

446 3685 730 3739 vivendum
762 3699 897 3753 opus
930 3682 1418 3752 habeat.Superius
1438 3685 1583 3738 enim
1612 3688 1748 3738 hanc
1773 3698 2027 3739 amovens

450 3776 809 3845 suspicionem
860 3775 1071 3829 dicebat
1125 3793 1138 3828 :
1192 3775 1340 3830 Sicut
1387 3774 1543 3828 Pater
1593 3776 1742 3828 habet
1780 3776 1932 3829 vitam
1973 3777 2029 3830 in

448 3868 728 3937 semetipso,
762 3884 833 3921 sic
867 3868 1005 3920 dedit
1032 3877 1078 3920 et
1106 3866 1241 3920 Filio
1274 3868 1427 3919 vitam
1454 3867 1634 3921 habere
1662 3868 1714 3921 in
1739 3869 2023 3934 semetipso.

450 3958 601 4026 Quod
631 3959 673 4012 si
698 3966 851 4027 egeat
876 3957 1209 4028 operatione,
1239 3966 1491 4025 sequetur
1534 3967 1625 4011 aut
1660 3957 1879 4012 Patrem
1921 3974 2025 4012 non

449 4050 680 4113 dedisse,
701 4058 753 4103 et
776 4049 824 4103 id
854 4048 1039 4102 lalsum
1062 4063 1214 4113 esse;
1251 4048 1335 4102 vel
1355 4048 1399 4101 si
1420 4047 1652 4110 dederit,
1674 4048 1820 4101 nullo
1844 4058 2028 4117 postea

448 4142 741 4209 Opitulante
798 4154 932 4208 opus
984 4138 1285 4192 habiturum
1339 4153 1477 4192 esse.
1541 4137 1679 4203 Quid
1729 4139 1830 4193 sibi
1884 4141 2025 4202 vult,

450 4233 670 4302 Propter
697 4232 945 4285 Patrem?
992 4232 1216 4286 Causam
1259 4231 1431 4284 solum
1477 4230 1693 4286 indicat.
1729 4231 1839 4286 lloc
1872 4249 2030 4301 porro

453 4327 559 4379 vult
591 4324 933 4395 signiﬁcare:
977 4325 1125 4379 Sicut
1166 4324 1293 4377 vivit
1339 4323 1517 4387 Pater,
1545 4333 1596 4377 et
1622 4340 1723 4393 ego
1769 4326 1909 4380 vivo.
1962 4326 2030 4380 Et

448 4420 533 4489 qui
579 4418 851 4471 umnducat
896 4434 993 4480 me,
1026 4426 1070 4470 et
1100 4418 1185 4470 ille
1208 4418 1331 4470 vivet
1362 4428 1567 4485 propter
1610 4434 1707 4472 me.
1740 4418 1910 4472 Vitam
1942 4418 2030 4473 hic

449 4512 578 4565 dicit
614 4525 718 4563 non
744 4510 1200 4578 qualemcumque,
1232 4508 1323 4561 sed
1362 4507 1725 4577 conspicuam.
1757 4509 1908 4575 Quod
1934 4526 2031 4563 au-

450 4611 555 4655 tem
598 4600 647 4654 id
682 4615 783 4652 non
813 4600 880 4653 de
908 4599 1132 4667 simpiiei
1155 4599 1259 4651 vita
1301 4598 1462 4660 dicat.
1487 4598 1577 4653 sed
1604 4599 1674 4653 de
1701 4601 1931 4669 gloriosa
1974 4610 2030 4656 et

450 4691 702 4745 ineﬁ‘ahili
744 4690 853 4754 illa,
884 4689 1010 4745 hinc
1046 4690 1215 4758 palam
1243 4698 1345 4755 est,
1378 4690 1519 4758 quod
1549 4697 1736 4744 omnes
1787 4691 2029 4748 inﬁdeles

450 4793 505 4838 et
553 4801 657 4837 non
710 4784 895 4837 initiati
941 4784 1139 4847 vivant,
1170 4783 1293 4836 licet
1317 4783 1384 4836 de
1412 4782 1529 4851 ejus
1553 4797 1716 4837 carne
1744 4798 1849 4837 non
1881 4800 2031 4839 man-

448 4876 666 4930 ducent.
699 4875 886 4928 Vidcn’
926 4876 1199 4943 quodnon
1243 4874 1309 4928 de
1348 4874 1455 4929 hac
1479 4875 1585 4929 vita
1613 4890 1790 4930 sermo
1818 4876 1907 4940 sit,
1932 4877 2029 4932 sed

436 4967 518 5022 de
548 4966 675 5020 illa?
706 4966 857 5033 Quod
886 4977 1061 5020 autem
1090 4967 1237 5030 dicit,
1270 4965 1571 5035 hujusmodi
1618 4977 1718 5021 est.
1744 4968 1842 5034 Qui
1880 4984 2032 5022 man-

448 5060 608 5114 ducat
659 5074 828 5112 meam
881 5073 1117 5125 carnem,
1150 5059 1425 5112 moriendo
1456 5075 1560 5113 non
1610 5062 1820 5129 peribit,
1856 5078 2028 5132 neque

453 5151 720 5219 punietur.
753 5148 863 5203 lmo
896 5166 998 5203 non
1026 5150 1093 5204 de
1136 5151 1405 5204 communi
1436 5152 1823 5206 resurrectione
1854 5154 2027 5223 loqui-

452 5249 573 5305 tur;
627 5255 816 5295 omnes
861 5241 1057 5310 quippe
1110 5252 1422 5311 resurgeut;
1472 5241 1567 5297 sed
1616 5242 1683 5296 de
1730 5244 1922 5297 eximia
1974 5254 2030 5299 et

448 5333 679 5401 gloriosa
730 5332 1141 5397 resurrectione,
1173 5347 1329 5401 quam
1378 5348 1586 5387 merces
1635 5344 1906 5403 sequetur.
1936 5334 2025 5389 59.

451 5422 551 5476 llic
577 5434 648 5478 est
675 5424 822 5493 panis
848 5424 933 5493 qui
958 5430 1021 5477 de
1058 5424 1181 5478 cazlo
1202 5424 1499 5478 descendit:
1528 5442 1630 5479 non
1656 5427 1785 5478 sicut
1809 5430 2029 5481 mandu-

448 5527 683 5569 caverunt
712 5527 878 5585 patres
895 5517 1044 5570 vestri
1064 5533 1271 5579 manna,
1296 5526 1344 5569 et
1369 5518 1556 5570 mortui
1592 5529 1729 5571 sunt.
1764 5518 1865 5585 Qui
1886 5537 2029 5573 man-

448 5608 599 5659 ducat
644 5607 777 5660 hunc
819 5625 1020 5676 panem,
1051 5610 1175 5661 vivet
1209 5609 1265 5661 in
1305 5616 1567 5662 veternum.
1618 5606 1949 5680 Frequenter
1977 5611 2028 5665 id

437 5697 659 5766 repetit,
686 5706 742 5750 ut
766 5698 819 5751 in
846 5709 1080 5753 mentem
1099 5699 1402 5753 auditorum
1430 5699 1614 5769 inﬁgat
1645 5700 1863 5771 (ultima
1884 5702 2026 5757 enim

498 5804 531 5838 δι
566 5806 699 5858 Atiae
719 5807 916 5872 legitur,
935 5824 1026 5862 non
1046 5814 1189 5863 ‘Itabet
1212 5817 1354 5863 vitam
1377 5818 1622 5866 (sternam.

1169 365 1224 421 S.
1260 361 1541 422 JOANNIS
1572 349 2048 416 CHRYSOSTOMI
2089 348 2407 406 ARClllEP.
2446 348 2972 406 CONSTANTINOP.

3591 348 3696 409 Ξϐι

2122 464 2238 520 lucc
2275 474 2388 519 erat
2417 462 2719 535 doctrina),
2762 474 2817 520 et
2859 465 2927 520 de
2975 465 3386 532 resurrectione,
3415 476 3469 522 et
3496 465 3565 525 de
3591 472 3693 523 vita

2121 568 2318 612 aeterna
2349 556 2481 612 ﬁdes
2510 557 2937 611 conﬁrmaretur.
2986 555 3213 625 Ideoque
3252 559 3696 613 resurrectionem

2123 648 2301 713 addit;
2328 658 2436 701 tum
2456 648 2575 717 quia
2602 647 2754 712 dixit,
2780 645 2949 700 Vitam
2969 656 3228 710 (sternam,
3247 657 3354 701 tum
3378 655 3436 701 ut
3454 648 3699 703 ostendat

2123 742 2266 796 illam
2298 742 2457 795 vitam
2488 755 2593 794 non
2620 755 2761 795 nunc
2786 754 2926 803 esse,
2959 738 3054 793 sed
3087 749 3205 808 post
3230 740 3697 796 resurrectionem.

2122 830 2192 889 Et
2220 833 2509 899 undenam,
2539 832 2766 902 inquies,
2799 830 2902 886 hoc
2927 831 3220 901 probatur?
3258 831 3338 885 Ex
3382 830 3697 901 Scripturis.

2122 926 2255 982 Nam
2283 927 2475 995 ubique
2505 925 2624 981 illos
2652 939 2719 980 eo
2744 925 2928 989 mittit,
2948 932 3004 978 ut
3028 923 3152 978 inde
3175 922 3403 979 discant.
3420 923 3553 979 Cum
3576 938 3701 978 vero

2123 1022 2275 1082 dixit,
2310 1021 2407 1085 Qui
2432 1019 2522 1073 dat
2544 1020 2699 1074 vitam
2726 1018 2937 1081 mundo,
2962 1018 3015 1072 in
3044 1016 3436 1071 simulationem
3465 1016 3698 1081 deducit,

2124 1123 2184 1167 ut
2211 1114 2343 1165 alios
2365 1112 2505 1166 dono
2533 1121 2679 1165 tanto
2707 1110 2808 1164 frui
2829 1111 3093 1175 videntes,
3123 1124 3225 1163 non
3256 1120 3405 1163 extra
3427 1119 3710 1170 maneant.,

2126 1204 2459 1273 Frequenter
2485 1212 2660 1255 autem
2684 1217 2877 1255 manna
2900 1210 3309 1266 commemorat,
3329 1209 3440 1254 tum
3471 1212 3528 1254 ut
3553 1199 3702 1255 diﬁc-

2124 1294 2351 1350 rentiam
2376 1293 2592 1357 indicet,
2628 1302 2736 1346 tum
2767 1303 2821 1345 ut
2853 1293 2972 1347 illos
2999 1292 3063 1344 ad
3093 1290 3249 1346 ﬁdem
3292 1292 3526 1347 inducat.
3569 1294 3699 1348 Nam

2125 1386 2171 1440 si
2195 1386 2366 1456 patuit
2397 1384 2537 1438 Deus
2562 1385 2677 1439 sine
2726 1399 2921 1448 messe,
2947 1383 3063 1438 sine
3089 1383 3375 1444 frumento.
3405 1393 3459 1439 et
3499 1385 3705 1453 reliquo

2124 1486 2379 1547 apparatu
2412 1476 2531 1530 illos
2567 1491 2662 1545 per
2695 1476 3044 1546 quadraginta
3091 1491 3258 1529 annos
3303 1478 3483 1542 alere;
3537 1478 3703 1530 multo

2126 1572 2295 1638 tnagis
2326 1585 2488 1637 nunc,
2519 1580 2799 1640 postquam
2840 1570 2911 1623 ad
2934 1570 3143 1639 [majora
3173 1572 3428 1640 patranda
3459 1573 3623 1636 venit,
3648 1572 3700 1626 id

2127 1664 2342 1732 poterit.
2375 1663 2631 1732 Alioquin
2653 1665 2697 1715 si
2736 1662 2824 1716 illa
2864 1662 3045 1731 ﬁgura:
3076 1672 3251 1728 erant,
3278 1674 3332 1718 et
3368 1665 3485 1718 sine
3512 1665 3705 1720 sudore

2125 1752 2413 1820 laboreque
2430 1752 2760 1821 colligebant
2781 1767 2959 1806 eseam
2983 1768 2997 1814 ;
3041 1752 3221 1807 multo
3244 1756 3411 1823 magis
3437 1771 3576 1809 nunc
3606 1756 3709 1809 hoc

2125 1844 2249 1906 erit,
2282 1844 2371 1897 ubi
2403 1853 2546 1897 tanta
2574 1843 2895 1909 diﬁ‘erentia,
2928 1844 3021 1899 ubi
3066 1844 3216 1899 nulla
3255 1861 3383 1900 vere
3418 1862 3583 1912 mors,
3617 1848 3703 1901 ubi

2129 1938 2235 1992 vita
2268 1953 2389 1992 vera
2414 1937 2659 1992 fruimur.

2190 2029 2301 2084 Cur
2334 2029 2564 2084 Christus
2607 2045 2741 2100 swpe
2781 2030 2932 2083 vitam
2978 2040 3242 2083 memorat.
3272 2059 3345 2070 —
3368 2031 3408 2085 E
3439 2047 3497 2085 re
3527 2042 3703 2086 autem

2125 2124 2246 2176 vitae
2277 2138 2419 2191 szepe
2445 2122 2706 2187 meminit,
2738 2122 2856 2191 quia
2882 2120 3009 2175 illud
3034 2121 3174 2190 apud
3207 2121 3449 2176 homines
3479 2122 3528 2174 iu
3558 2134 3706 2189 opta-

2126 2213 2195 2266 tis
2240 2221 2355 2275 est;
2406 2211 2643 2281 nihilque
2687 2213 2923 2278 suavius,
2969 2227 3126 2281 quam
3159 2228 3263 2266 non
3307 2213 3460 2266 mori.
3492 2212 3620 2267 Nam
3652 2215 3704 2268 in

2127 2302 2305 2357 Veteri
2346 2303 2687 2357 Testamento
2730 2304 3050 2358 diuturnitas
3096 2304 3219 2358 vitae
3268 2305 3705 2373 promittebatur;

2125 2396 2219 2450 sed
2246 2410 2392 2449 nunc
2436 2411 2539 2449 non
2580 2395 2901 2449 diuturnitas
2946 2394 3127 2459 modo,
3168 2394 3260 2449 sed
3310 2396 3417 2449 vita
3454 2397 3568 2451 sine
3602 2396 3707 2470 ﬁne

2126 2489 2468 2558 promittitur.
2505 2487 2682 2541 Simul
2721 2488 2881 2541 etiam
2931 2486 3040 2540 vult
3067 2486 3381 2552 ostendere,
3415 2502 3473 2542 se
3499 2488 3704 2558 suppli-

2126 2578 2264 2632 cium
2294 2595 2322 2631 a
2356 2588 2579 2648 peceato
2607 2578 2877 2632 inductum
2907 2594 3048 2632 nunc
3086 2593 3361 2643 revocare,
3387 2581 3703 2634 sententiam

2128 2670 2272 2723 illam
2291 2670 2765 2735 mortissolvendo,
2788 2670 2913 2723 dum
2933 2670 3091 2723 vitam
3116 2686 3219 2723 nou
3242 2670 3699 2741 qualemcumque,

2128 2759 2221 2813 sed
2269 2769 2543 2825 aaternam,
2589 2770 2773 2813 contra
2821 2775 2982 2829 quam
3027 2761 3170 2829 prius
3213 2769 3466 2814 statutum
3515 2761 3705 2829 fuerat,

2128 2849 2419 2903 induceret.
2446 2850 2537 2904 59.
2567 2849 2691 2903 Ilwc
2717 2850 2843 2903 dixit
2867 2851 2919 2903 in
2948 2867 3204 2921 synagoga
3226 2851 3408 2905 docens
3433 2853 3485 2905 in
3515 2853 3711 2919 Caper-

2127 2958 2299 3006 naum,
2346 2941 2433 2995 ubi
2481 2941 2646 2994 multa
2686 2942 2949 2995 mirabilia
2982 2951 3251 3012 patrarat;
3279 2958 3443 3013 quare
3472 2946 3709 3000 maxime

2126 3032 2420 3087 audiendus
2440 3040 2579 3086 erat.

2196 3124 2251 3177 2.
2293 3125 2399 3179 Cur
2430 3139 2588 3193 porro
2619 3125 2671 3179 in
2697 3139 2961 3196 synagoga
2988 3125 3235 3191 docebat,
3282 3135 3337 3181 et
3382 3127 3444 3181 in
3475 3127 3711 3198 templo?

2127 3214 2265 3269 Tum
2296 3223 2353 3269 ut
2376 3215 2768 3270 multitudinem
2796 3216 3050 3283 traheret,
3082 3226 3191 3271 tum
3222 3227 3280 3272 ut
3316 3218 3623 3273 ostenderet
3649 3234 3709 3275 se

2129 3322 2235 3360 non
2263 3307 2587 3361 contrarium
2614 3322 2734 3362 esse
2762 3308 2928 3362 Patri.
2956 3308 3043 3362 60.
3076 3306 3230 3362 Multi
3270 3319 3436 3363 autem
3463 3327 3525 3365 ea:
3552 3311 3709 3365 disci-

2129 3398 2263 3467 pulis
2287 3399 2543 3452 audientes
2571 3398 2817 3460 dicebant,
2847 3397 3021 3451 Durus
3040 3408 3111 3453 est
3134 3399 3214 3452 hic
3236 3416 3415 3453 sermo.
3443 3401 3577 3467 Quid
3608 3401 3717 3456 sibi

2128 3490 2241 3544 vult
2268 3488 2388 3553 hoc,
2420 3488 2593 3544 Durus
2620 3490 2731 3544 est?
2761 3489 2816 3545 Id
2844 3499 2948 3554 est,
2978 3506 3155 3560 asper,
3204 3491 3521 3547 laboriosus.
3552 3495 3713 3562 Atqui

2130 3583 2261 3637 nihil
2292 3584 2394 3637 tale
2420 3582 2669 3637 dicebat:
2704 3597 2877 3653 neque
2915 3584 3057 3639 enim
3089 3583 3157 3638 de
3202 3584 3325 3638 vita;
3362 3584 3604 3639 instituto
3633 3585 3715 3639 lo-

2129 3676 2409 3745 quebatur,
2467 3675 2561 3730 sed
2616 3674 2683 3730 de
2735 3675 3001 3739 doctrina,
3060 3674 3345 3729 identidem
3403 3675 3471 3731 de
3516 3677 3618 3731 ﬁde
3655 3678 3709 3731 in

2129 3769 2398 3823 Christum
2427 3767 2667 3824 habenda
2699 3768 2937 3838 loquens.
2976 3766 3081 3823 Cur
3109 3783 3237 3838 ergo
3275 3767 3441 3823 durus
3494 3780 3573 3824 est
3599 3785 3712 3824 scr-

2131 3861 2358 3914 mo?.An
2383 3860 2520 3930 quod
2551 3862 2709 3915 vitam
2742 3860 3014 3928 promittat
3058 3867 3112 3913 et
3137 3861 3616 3917 resurrectionem?
3643 3879 3715 3919 an

2130 3952 2271 4021 quod
2300 3941 2442 4006 dicat
2473 3966 2532 4007 se
2558 3968 2627 4006 ex
2658 3953 2791 4006 cado
2832 3951 3210 4025 descendisse?
3251 3966 3319 4005 an
3367 3952 3507 4021 quod
3553 3968 3717 4008 nemo

2132 4045 2309 4099 salvus
2331 4060 2460 4100 esse
2488 4045 2675 4114 possit,
2706 4045 2807 4097 nisi
2829 4059 3042 4098 carnem
3071 4043 3185 4113 ejus
3211 4044 3531 4098 manducet?
3558 4043 3712 4098 [lme-

2131 4137 2271 4201 cine,
2302 4151 2504 4208 qumso,
2533 4137 2660 4191 dura
2689 4137 2853 4191 sunt?
2876 4137 3005 4202 Quis
3044 4136 3152 4190 hoc
3181 4137 3410 4191 dixerit?
3434 4138 3567 4206 Quid
3610 4137 3715 4193 sibi

2133 4230 2243 4281 vult
2268 4243 2396 4297 ergo
2438 4227 2586 4292 illud,
2614 4226 2829 4279 Durus?
2866 4226 3030 4296 Caplu
3075 4227 3324 4293 difﬁcilis,
3353 4228 3711 4283 inﬁrmitatem

2132 4322 2339 4375 illorum
2363 4336 2642 4389 superans,
2662 4330 2863 4375 terrore
2875 4322 3081 4390 plenus.
3103 4321 3364 4375 Putabant
3382 4322 3520 4377 enim
3540 4323 3711 4392 ipsum

2132 4430 2191 4467 ea
2210 4414 2361 4484 loqui
2392 4429 2511 4484 qua:
2554 4413 2670 4482 ejus
2714 4406 3022 4483 dignitatem
3048 4426 3098 4468 et
3127 4411 3347 4484 gradum
3374 4427 3709 4486 superarent.

2134 4508 2257 4562 Ideo
2300 4508 2566 4573 dicebant,
2604 4508 2728 4572 Quis
2775 4518 2937 4578 potest
2986 4525 3101 4561 eum
3143 4511 3360 4564 audire?
3389 4510 3547 4579 idque
3575 4510 3714 4565 forte

2133 4601 2199 4653 ad
2243 4601 2323 4654 sui
2368 4602 2793 4664 excusationem,
2826 4600 2966 4671 quod
3021 4612 3201 4656 essent
3252 4604 3560 4658 discessuri.
3617 4604 3706 4658 61.

2134 4692 2312 4746 Sciens
2360 4702 2525 4746 autem
2562 4692 2713 4746 Iesus
2752 4693 2892 4761 apud
2920 4694 3241 4763 semetipsum
3265 4735 3279 4759 ,
3320 4695 3440 4765 quia
3482 4711 3709 4747 murmu-

2131 4783 2312 4835 rabant
2361 4777 2424 4836 de
2460 4784 2554 4837 hoc
2600 4783 2834 4854 discipuli
2876 4784 2984 4853 ejus
3031 4783 3173 4854 (hoc
3220 4784 3360 4839 enim
3415 4784 3705 4840 divinitatis

2132 4874 2271 4928 illius
2298 4882 2427 4936 erat,
2460 4883 2664 4928 secreta
2695 4874 2746 4927 in
2774 4875 3003 4928 medium
3037 4874 3296 4943 proferre)
3326 4876 3516 4929 deinde
3536 4875 3699 4931 dicit:

2136 4965 2249 5019 Hoc
2272 4983 2356 5020 vos
2380 4967 2729 5020 scandalizat?
2767 4968 2852 5021 62.
2889 4967 2949 5019 Si
2988 4984 3104 5039 ergo
3143 4968 3363 5021 videritis
3386 4966 3582 5019 Filium
3609 4968 3703 5020 ho-

2133 5058 2281 5111 minis
2317 5058 2681 5123 ascendentem,
2735 5059 2819 5112 ubi
2864 5069 2967 5112 erat
3000 5061 3159 5126 prius.
3206 5058 3347 5113 Idem
3401 5058 3711 5113 Nathauaeﬁ

2132 5149 2266 5204 dixit
2293 5168 2305 5202 :
2343 5151 2475 5218 Quia
2503 5153 2611 5206 dixi
2636 5152 2744 5218 tibi,
2782 5152 2899 5206 Vidi
2941 5163 2988 5206 te
3016 5154 3106 5206 sub
3133 5155 3252 5221 ﬁcu,
3281 5153 3483 5207 credis?
3516 5155 3714 5219 maiora

2134 5242 2211 5294 his
2234 5242 2417 5296 videbis
2447 5245 2464 5311 (
2483 5243 2641 5299 Joan.
2668 5245 2718 5297 1.
2742 5244 2854 5315 50);
2884 5254 2938 5299 et
2960 5244 3272 5310 Nicodemo,
3305 5243 3470 5297 Nemo
3488 5245 3713 5298 ascendit

2132 5336 2412 5401 incoatum,
2444 5338 2541 5391 nisi
2569 5336 2736 5390 Filius
2760 5339 2995 5403 hominis,
3027 5340 3112 5407 qui
3139 5348 3211 5390 est
3233 5338 3285 5390 in
3315 5337 3436 5391 uelo
3459 5337 3639 5408 (Joan.
3656 5338 3711 5389 5.

2136 5428 2247 5496 15).
2293 5427 2427 5494 Quid
2472 5428 2670 5497 igitur?
2711 5427 3050 5482 difﬁcultates
3093 5427 3493 5482 difﬁcultatibus
3531 5426 3713 5481 addit!

2133 5517 2364 5585 Minime,
2414 5519 2589 5585 absit;
2636 5521 2729 5574 sed
2773 5520 3030 5574 doctrina;
3077 5521 3439 5592 magnitudine
3478 5528 3533 5573 et
3559 5520 3710 5587 copia

2134 5611 2278 5680 ipsos
2326 5612 2541 5667 allicere
2580 5621 2823 5667 conatur.
2875 5611 3007 5666 Nam
3057 5613 3146 5680 qui
3200 5613 3424 5676 dixerat,
3469 5609 3545 5664 De
3590 5610 3712 5664 cato

2134 5704 2400 5770 descendi,
2432 5704 2477 5758 si
2512 5704 2654 5758 nihil
2696 5704 2919 5758 ulterius
2943 5704 3253 5770 addidisset,
3287 5704 3457 5773 majus
3485 5702 3712 5756 offendi-

2136 5798 2313 5856 culum
2337 5796 2652 5854 obtulisset:
2679 5811 2801 5852 cum
2843 5812 2968 5853 vero
2997 5796 3142 5864 dicit,
3176 5795 3371 5865 Corpus
3402 5811 3573 5850 meum
3614 5794 3715 5850 vita
