4084 6360
348 487 669 559 ἃκροάσεως
698 489 884 557 μόνης.
910 467 973 540 Ϊῖί
1003 485 1111 559 γάρ
1146 486 1409 559 βασιλέως
1432 490 1800 554 ἐπιϐαίνοντος
1833 490 1929 543 πό·

350 569 452 635 λει,
482 570 629 634 ἀπας
674 570 1037 623 ἀπελαύνεται
1074 570 1331 643 θόρυϐος·
1372 573 1551 643 πολλῷ
1596 574 1796 644 μᾶλλον
1835 571 1928 625 τοῦ

352 655 671 726 Πνεύματος
732 658 860 728 ἡμῖν
911 654 1328 727 διαλεγομένου,
1376 660 1515 730 μετά
1574 659 1777 730 πολλῆς
1829 654 1931 729 μὲν

350 742 601 810 ἡσυχίας,
630 742 765 811 μετά
796 736 995 812 πολλῆς
1021 738 1076 795 δὲ
1098 744 1197 813 τῆς
1231 744 1433 817 φρίκης
1456 757 1482 785 ι
1512 744 1733 798 ἀκούειν
1783 744 1933 815 ἡμᾶς

350 824 449 878 δεῖ.
494 826 603 877 Καὶ
642 823 748 895 γάρ
774 820 976 895 φρίκης
996 820 1123 889 ἀξια
1146 826 1216 878 τὰ
1236 825 1505 897 λεγόμενα
1529 829 1786 899 σήμερον.
1823 828 1934 880 Καὶ

352 906 490 969 πῶς,
512 906 700 960 ἄκουε.
756 907 934 975 Ἀμὴν
971 908 1101 979 γάρ,
1133 911 1286 981 φησὶ,
1314 909 1470 979 λέγω
1495 909 1657 980 ὑμῖν,
1711 910 1818 963 ἐὰν
1845 906 1931 977 μή

350 990 443 1055 τίς
465 1006 584 1060 μου
619 988 777 1059 εοᾰγῃ
822 986 936 1058 τήν
963 990 1181 1059 σάρκα,
1224 993 1323 1046 καί
1359 994 1465 1063 πίῃ
1510 1009 1630 1063 μου
1662 994 1725 1046 τὸ
1768 982 1932 1061 αἷμα,

352 1072 461 1125 οὐκ
482 1071 606 1140 ἔχει
637 1064 789 1138 ζωὴν
812 1070 881 1123 ὲν
900 1066 1093 1137 ἐαυτῷ
1124 1072 1177 1125 b.
1218 1074 1436 1145 Ἐπειδὴ
1466 1072 1777 1145 ἔμπροσθεν
1810 1071 1931 1124 ἐλε-

352 1159 469 1223 γον,
490 1157 572 1209 ὅτι
605 1154 863 1208 ἀδύνατον
893 1156 1053 1208 τοῦτό
1079 1158 1215 1220 ἐστι,
1241 1156 1512 1210 δείκνυσιν
1536 1154 1699 1220 αὐτὸς
1737 1157 1796 1209 οὐ
1838 1151 1935 1227 μό-

350 1244 441 1292 νον
488 1239 588 1291 οὐκ
617 1238 897 1299 ἀδύνατον,
932 1237 1069 1291 ἀλλά
1106 1241 1203 1292 καὶ
1248 1239 1453 1310 σφόδρα
1492 1238 1809 1308 ἀναγκαῖον.
1842 1232 1934 1291 Διδ

348 1324 447 1376 ’καὶ
476 1323 710 1388 ἐπάγει·
767 1324 829 1375 '0
876 1322 1112 1393 τρώγων
1158 1341 1277 1392 μου
1313 1325 1429 1392 τὴν
1465 1322 1685 1394 σάρκα,
1718 1324 1815 1377 καὶ
1848 1324 1937 1377 πι-

350 1400 472 1461 νων
504 1425 624 1475 μου
657 1406 722 1459 τὸ
762 1401 926 1475 αἷμα,
959 1406 1082 1475 ἔχει
1107 1406 1259 1473 ζωὴν
1280 1408 1540 1472 αἰώνιον,
1590 1406 1753 1477 κάγὼ
1783 1408 1933 1461 ἀνα-

346 1489 560 1555 στήσω
599 1489 785 1562 αὐτὸν
820 1490 889 1543 ἐν
922 1489 997 1559 τῇ
1025 1489 1274 1559 ἐσχάτης
1310 1491 1518 1560 ἡμέρᾳ.
1570 1488 1789 1561 Ἐπειδὴ
1824 1489 1934 1560 γὰρ

352 1574 558 1642 ἔλεγεν,
590 1574 672 1626 ὅτι
707 1573 769 1625 '0
797 1572 1033 1642 τρώγων
1067 1574 1136 1626 ἐκ
1183 1574 1291 1628 τοῦ
1329 1574 1513 1641 ἄρτου
1563 1575 1776 1627 τούτου
1824 1576 1935 1626 οὐκ

352 1656 734 1711 ἀποθανεῖται
780 1658 869 1721 εἰς
907 1655 1014 1709 τὸν
1064 1655 1287 1710 αἰῶναο
1334 1657 1480 1719 εἰκὸς
1524 1653 1582 1709 δὲ
1634 1651 1703 1727 ἦν
1753 1656 1935 1718 αὐτοῖς

352 1740 691 1815 προσστῆναι
748 1737 929 1802 τοῦτο,
993 1738 1173 1802 καθὼς
1240 1739 1337 1792 καὶ
1391 1734 1655 1810 πρότερον
1716 1738 1931 1805 ἔλεγον,

364 1823 618 1891 Ἀϐραὰμ
645 1821 926 1887 ἀπέθανε,
953 1821 1049 1875 καί
1080 1824 1133 1876 οἱ
1155 1820 1454 1891 προφῆται
1490 1818 1816 1885 ἀπέθανον,
1836 1820 1935 1874 καί

350 1907 478 1974 πῶς
524 1908 606 1961 σὺ
652 1906 869 1975 λέγεις,
915 1908 987 1960 οὐ
1033 1902 1121 1976 μὴ
1164 1901 1442 1975 γεύσεται
1479 1904 1777 1970 θανάτου;
1836 1904 1936 1975 τὴν

348 1991 646 2043 ἀνάστασιν
667 1990 852 2059 έθηκε,
879 1989 1021 2043 λύων
1058 1984 1117 2042 τὸ
1147 1988 1500 2060 ζητούμενον,
1533 1990 1627 2043 καὶ
1651 1988 1827 2059 δηλῶν
1852 1988 1935 2040 ὅτι

355 2074 454 2126 οὐκ
487 2073 838 2127 ἀποθανεῖται
869 2074 949 2136 είς
986 2071 1158 2136 τέλος.
1192 2073 1442 2143 Συνεχῶς
1485 2074 1543 2127 δέ
1584 2073 1805 2144 στρέφει
1845 2072 1936 2125 τὸν

356 2158 483 2227 περὶ
511 2156 619 2209 τῶν
671 2156 988 2226 μυστηρίων
1017 2155 1194 2225 λόγον,
1230 2156 1443 2219 δεικνὺς
1488 2156 1583 2209 τοῦ
1614 2154 1938 2226 πράγματος

356 2240 417 2293 τὸ
448 2240 767 2308 ἀναγκαῖον,
821 2239 914 2292 καὶ
956 2239 1038 2291 ὅτι
1080 2231 1212 2292 αὐτὸ
1272 2239 1490 2303 πάντως
1538 2238 1788 2307 γενέσθαι
1834 2237 1935 2290 δεῖ.

368 2325 567 2395 Ἠγάρ
595 2323 750 2392 σάρξ
800 2340 920 2391 μου
969 2318 1205 2391 ἀληθής
1255 2321 1387 2377 ἐστι
1432 2321 1684 2392 βρῶσις,
1733 2320 1833 2377 καί
1870 2320 1938 2374 τὸ

354 2402 499 2475 αἷμά
535 2424 654 2476 μου
693 2405 928 2474 ἀληθής
959 2407 1091 2460 ἐστι
1156 2408 1357 2474 πόσις.
1400 2404 1469 2460 Τί
1504 2410 1654 2461 ἐστιν
1694 2405 1722 2459 ὃ
1759 2400 1941 2473 λέγεις

362 2493 431 2544 Ἣ
472 2490 627 2544 τοῦτο
672 2484 918 2559 βούλεται
951 2485 1159 2554 εἰπεῖν,
1208 2490 1291 2543 ὅτι
1329 2484 1533 2561 ἀληθὴς
1571 2488 1771 2559 βρῶσις
1799 2486 1937 2556 αὕτη

352 2575 501 2627 ἐστὶν
531 2576 563 2644 ἠ
594 2572 768 2644 ψυχὴν
800 2566 1046 2636 σώζουσα
1065 2589 1078 2603 ·
1111 2572 1145 2644 ἢ
1182 2572 1558 2627 πιστώσασθαι
1590 2573 1785 2635 αὐτοὺς
1811 2569 1941 2641 περὶ

352 2660 465 2711 τῶν
496 2657 819 2728 εἰρημένων,
864 2650 1005 2709 ὥστε
1042 2655 1116 2727 μή
1160 2650 1404 2726 νομίζειν
1445 2657 1678 2725 αἴνιγμα
1714 2652 1941 2709 εἶναιτὸ

356 2740 646 2810 εἰρημένον
688 2740 782 2793 καὶ
834 2730 1169 2810 παραϐολὴν,
1206 2739 1320 2792 ἀλλ’
1365 2736 1561 2793 εἰδέναι
1593 2737 1676 2793 ὅτι
1722 2740 1942 2801 πάντως

354 2815 440 2877 δεῖ
466 2825 656 2892 φαγεῖν
687 2823 748 2875 τὸ
781 2820 961 2897 σῶμα.
998 2818 1132 2877 Εἶτά
1180 2840 1344 2894 φησιν
1369 2838 1383 2853 ⁶
1444 2823 1498 2876 '0
1544 2823 1782 2892 τρώγων
1820 2840 1939 2891 μου

356 2905 472 2973 τὴν
494 2904 708 2973 σάρκα.
738 2906 807 2959 έν
833 2896 959 2975 ἐμοὶ
990 2900 1179 2975 μένει.
1223 2896 1393 2961 Τοῢτο
1420 2908 1477 2961 δέ
1532 2908 1685 2978 ἔλεγε
1734 2907 1940 2977 δηλῶν,

350 2980 442 3043 ’ὅτι
480 2992 537 3042 ἐν
585 2989 734 3058 αύτῷ
786 2990 1168 3059 ἀνακιρνᾶται.
1220 2991 1294 3043 Τὸ
1348 2991 1405 3044 δέ
1450 2991 1578 3061 ἐξῆς
1639 2992 1787 3045 δοκεῖ
1841 2990 1941 3060 μέν

359 3074 730 3149 ἀσυνάρτητον
768 3069 906 3125 εἶναί
955 3090 1029 3136 τι,
1080 3072 1145 3127 ἂν
1196 3074 1270 3143 μὴ
1298 3074 1390 3127 τὸν
1412 3073 1536 3127 νοῦν
1566 3075 1938 3144 ἐξετάσωμεν.

356 3154 497 3211 Ποία
536 3156 665 3228 γὰρ,
702 3158 897 3226 φησὶν,
943 3155 1255 3222 ἀκολουθία,
1310 3156 1447 3227 μετὰ
1490 3157 1552 3210 τδ
1604 3154 1801 3221 εἰπεῖν,
1878 3156 1940 3208 '0

356 3240 594 3317 τρώγων
616 3258 735 3309 μου
767 3239 882 3308 τὴν
900 3239 1098 3307 σάρκα
1125 3240 1195 3293 ἐν
1227 3240 1355 3309 ἐμοὶ
1382 3240 1937 3317 μένει,ἓέπαγαγεῖν,

361 3314 567 3388 Καθὼς
622 3320 943 3377 ἀπέστειλέ
969 3340 1045 3391 με
1066 3325 1099 3377 ό
1128 3322 1241 3383 ζῶν
1268 3324 1493 3392 Πατὴρ,
1539 3314 1699 3393 κάγὼ
1739 3321 1811 3383 ζῶ
1842 3322 1941 3375 διὰ

357 3406 470 3459 τὸν
502 3406 767 3472 Πατέρα;
798 3407 951 3475 Ἔχει
981 3405 1038 3459 δέ
1061 3406 1261 3477 πολλὴν
1282 3406 1380 3479 τὴν
1409 3408 1674 3477 ἁρμονίαν
1704 3407 1763 3460 τὸ
1793 3407 1942 3475 λεγό-

358 3508 542 3564 μενον.
578 3491 794 3560 Ἐπειδὴ
824 3490 932 3561 γὰρ
955 3491 1065 3544 ἀνω
1105 3491 1200 3544 καὶ
1243 3490 1394 3544 κάτω
1434 3491 1587 3559 έλεγε
1636 3490 1781 3562 ζωὴν
1810 3489 1941 3544 αἰώ-

356 3588 491 3635 νιον,
523 3574 948 3638 κατασκευάζων
1002 3574 1135 3626 αὐτὸ
1171 3576 1415 3646 ἐπήγαγε
1441 3574 1521 3638 τὸ,
1568 3574 1654 3626 Ἐν
1680 3567 1803 3644 ἐμο)⁷
1841 3574 1938 3643 μέ-

362 3676 460 3711 νει.
499 3658 562 3709 Εί
600 3657 708 3725 γὰρ
763 3658 820 3709 ἐν
862 3657 986 3726 ἐμοὶ
1023 3656 1194 3726 μένει,
1255 3658 1331 3722 ζῶ
1374 3658 1431 3710 δέ
1471 3656 1601 3725 ἐγὼ,
1655 3658 1812 3726 δῆλον
1855 3659 1938 3710 ὅτι

362 3738 609 3798 κάκεῖνος
666 3731 910 3804 ζήσεται.
966 3731 1101 3789 Εἶτά
1146 3754 1316 3807 φησι·
1363 3736 1570 3803 Κὰθὼς
1619 3726 1940 3790 ἀπέστειλέ

365 3820 515 3893 [276]
548 3822 678 3889 μεό
708 3817 818 3879 ζῶν
856 3820 1078 3887 Πατήρ.
1113 3820 1284 3874 Τοῦτο
1330 3818 1388 3874 δέ
1425 3823 1543 3874 ἐστι
1583 3821 1936 3892 συγκριτικὸν

363 3905 458 3958 κα)⁸
497 3896 920 3973 όμοιωματικόν.
959 3906 1024 3957 Ὃ
1061 3903 1118 3957 δέ
1165 3904 1336 3973 λέγει,
1374 3901 1613 3959 τοιοῦτόν
1668 3909 1817 3959 ἐστι·
1850 3906 1939 3960 Ζῶ

366 3987 475 4055 ἐγὼ
499 3986 691 4049 οὕτως,
739 3985 816 4048 ὡς
843 3987 870 4039 6
896 3986 1106 4058 Πατήρ.
1150 3986 1259 4041 Καὶ
1288 3988 1374 4042 ἵνα
1418 3988 1493 4058 μὴ
1524 3988 1819 4058 ἀγέννητον
1852 4005 1940 4041 νο-

368 4070 550 4142 μίσῃς,
587 4063 924 4139 προσέθηκεν
958 4070 1121 4133 εὐθὺς
1159 4070 1239 4136 τὸ,
1294 4073 1396 4126 Διὰ
1432 4072 1536 4126 τόν
1572 4069 1829 4140 Πατέρα,
1874 4068 1936 4123 οὐ

356 4151 519 4204 ’τοῦτο
552 4152 782 4215 δεικνὺς,
811 4154 893 4205 ὅτι
933 4150 1212 4223 ἐνεργείας
1234 4154 1382 4218 ’τινὸς
1429 4155 1617 4227 χρείαν
1645 4153 1758 4224 ἔχει
1802 4154 1940 4226 πρὸς

360 4234 425 4287 τὸ
450 4234 567 4305 ζῇν.
613 4234 894 4305 Ἀνωτέρω
927 4234 1034 4306 γάρ
1068 4236 1228 4288 τοῦτο
1268 4238 1505 4309 ἀναιρῶν
1547 4237 1730 4305 ἔλεγεν
1757 4256 1770 4269 -
1803 4238 1941 4289 Ὥσ-

366 4332 475 4383 περ
519 4317 627 4387 γὰρ
667 4319 699 4370 ό
752 4316 954 4385 Πατὴρ
999 4318 1123 4386 ἕχει
1161 4312 1314 4385 ζωὴν
1359 4321 1429 4372 ἐν
1479 4319 1691 4385 ἐαυτῷ,
1744 4320 1938 4385 οὕτως

367 4396 546 4453 ἔδωκε
582 4400 679 4452 καί
716 4398 796 4464 τῷ
851 4396 962 4465 Υἱῷ
1012 4401 1177 4470 ἔχειν
1232 4400 1384 4469 ζωὴν
1412 4402 1481 4456 ἐν
1505 4402 1717 4468 ἐαυτῷ.
1762 4404 1825 4455 El
1880 4402 1939 4455 δέ

366 4479 533 4536 δεῖται
582 4482 880 4552 ἐνεργείας,
917 4483 1268 4554 εὑρεθήσεται
1302 4478 1335 4556 ἢ
1375 4484 1404 4537 ὁ
1434 4485 1623 4556 Πατὴρ
1655 4484 1729 4557 μὴ
1778 4485 1939 4539 δεδω-

367 4565 477 4628 κὼς
536 4563 697 4627 οὕτω,
730 4566 822 4619 καὶ
843 4564 1042 4636 ψευδὴς
1067 4568 1094 4619 6
1122 4566 1276 4635 λόγος
1303 4583 1317 4597 ·
1367 4566 1400 4638 ἢ
1440 4569 1489 4620 εί
1518 4568 1691 4632 οὕτως
1715 4568 1938 4631 ἔδωκεν,

360 4648 577 4712 ὀὐδενὸς
602 4649 763 4710 αὐτὸς
801 4648 987 4703 λοιπὸν
1013 4642 1333 4721 δεηθήσεται
1358 4644 1552 4722 ἐτέρου
1582 4652 1676 4704 τοῦ
1704 4660 1939 4723 συγκρο-

364 4730 601 4792 τοῦντος.
626 4730 691 4783 Τί
719 4727 811 4785 οὖν
845 4733 982 4795 ἐστι,
1014 4732 1117 4785 Δίἀ
1146 4733 1252 4785 τὸν
1305 4733 1574 4801 Πατέρα;
1622 4734 1732 4804 Τὴν
1756 4735 1939 4787 αἰτίαν

368 4814 599 4867 ἐνταῦθα
622 4814 918 4867 αἰνίττεται
939 4814 1117 4886 μόνον.
1154 4816 1218 4867 '0
1235 4815 1304 4868 δὲ
1329 4815 1494 4884 λέγει,
1527 4815 1767 4869 τοιοῦτόν
1787 4818 1936 4869 ἐστι’

366 4892 564 4960 Καθὼς
608 4898 723 4949 ἐστι
778 4896 884 4959 ζῶν
912 4898 939 4949 6
972 4897 1182 4968 Πατὴρ,
1227 4896 1370 4951 οὕτω
1419 4897 1573 4967 κάγὼ
1618 4897 1716 4963 ζῶ.
1764 4899 1876 4953 Καὶ
1907 4901 1939 4952 ό

367 4980 601 5050 τρώγων
635 4998 731 5050 με,
779 4980 1056 5046 κάκεῖνος
1102 4980 1268 5049 ζήσει
1314 4979 1388 5034 δι’
1412 4981 1536 5049 ἐμέ.
1586 4978 1823 5052 Ζωὴνδέ
1854 4985 1941 5035 ἐνο

368 5062 542 5115 ταῦθα
575 5063 743 5129 λέγει,
791 5063 851 5114 οὐ
911 5063 1006 5133 τὴν
1056 5063 1261 5126 ἁπλῶς,
1318 5064 1453 5117 ἀλλά
1492 5064 1590 5135 τὴν
1631 5065 1936 5135 εὐδόκιμον.

369 5144 471 5199 Καὶ
502 5146 584 5198 ὅτι
616 5146 675 5196 ού
710 5147 838 5215 περὶ
884 5146 981 5215 τῆς
1016 5145 1202 5208 ἁπλῶς
1235 5145 1381 5217 ζωῆς
1419 5142 1592 5209 εἶπεν,
1635 5147 1772 5201 ἀλλά
1812 5149 1941 5218 περὶ

368 5229 465 5297 τῆς
489 5226 698 5291 ἐνδόξου
734 5228 827 5279 καὶ
864 5227 1176 5298 ἀπορρήτου
1221 5229 1455 5298 ἐκείνης,
1499 5229 1654 5298 δῆλον
1704 5231 1935 5285 ἐκεῖθεν.

368 5311 480 5364 Καὶ
496 5311 604 5380 γὰρ
626 5310 845 5373 πάντες,
876 5312 971 5363 καὶ
1000 5312 1050 5363 οἱ
1080 5311 1298 5364 ἄπιστοι
1331 5311 1463 5375 ζῶσι
1490 5314 1584 5365 καὶ
1601 5314 1650 5365 οἱ
1678 5315 1938 5384 ἀμύητοι,

373 5391 447 5460 μὴ
482 5391 743 5458 φαγόντες
776 5388 883 5441 ἀπὸ
908 5390 1006 5460 τῆς
1037 5389 1237 5460 σαρκὸς
1263 5390 1497 5461 ἐκείνης.
1540 5388 1706 5462 Ὂρᾷς
1753 5394 1833 5445 ὃτι
1876 5396 1937 5447 οὐ

369 5471 497 5539 περὶ
528 5462 729 5537 ταύτης
761 5471 789 5521 6
808 5469 965 5536 λόγος
994 5470 1111 5522 ἐστὶ
1144 5471 1241 5539 τῆς
1264 5470 1428 5538 ζωῆς,
1456 5469 1593 5523 ἀλλά
1621 5470 1749 5544 περὶ
1794 5474 1940 5527 ἐκεί-

368 5565 498 5616 νηςς
530 5551 594 5602 Ὃ
618 5548 674 5600 δέ
703 5544 868 5616 λέγει.
892 5549 1132 5603 τοιοῦτόν
1155 5551 1300 5603 ἐστιν
1321 5567 1333 5578 ·
1372 5550 1429 5603 '0
1462 5550 1689 5621 τρώγων
1721 5567 1820 5623 μου
1841 5555 1939 5625 τὴν

374 5632 569 5699 σάρκα,
601 5632 702 5684 οὐκ
740 5633 1019 5684 ἀπολεῖται
1064 5633 1415 5704 τελευτήσας,
1442 5636 1563 5689 οὐδὲ
1606 5636 1940 5709 κολασθήσε-

364 5724 479 5768 ται.
529 5714 669 5767 Ἀλλ’
715 5715 841 5768 οὑδέ
882 5717 1011 5787 περὶ
1062 5717 1163 5786 τῆς
1208 5719 1557 5783 ἀναστάσεως
1605 5718 1703 5789 τῆς
1756 5724 1939 5791 κοινῆς

368 5804 502 5867 φησι
534 5815 548 5828 ·
592 5799 687 5851 καὶ
721 5801 829 5867 γὰρ
884 5800 1084 5865 ὁμοίως
1137 5800 1335 5865 πάντες
1405 5803 1746 5856 ἀνίστανταιο
1804 5805 1939 5858 ἀλλά

367 5878 498 5946 περὶ
525 5877 623 5947 τῆς
648 5878 953 5949 ἐξαιρέτου,
976 5879 1073 5949 τῆς
1096 5880 1329 5945 ἐνδόξου,
1352 5882 1444 5934 καὶ
1470 5883 1658 5958 μισθὸν
1687 5884 1936 5953 ἐχούσης.

430 5970 457 6037 ξ
496 5970 644 6037 Safil.
688 5971 1642 6037 διαλεγομένου,’πολλῆς-μὲνἡσυχίας,
1675 5979 1849 6034 πολλῆς
1881 5979 1936 6027 ῦὲ

368 6030 480 6090 ἡμῖν
505 6031 665 6088 δεῖτῖςς
683 6032 862 6095 φρίκης.
882 6030 888 6032 ⁷
932 6032 959 6069 1⁵
979 6030 1342 6094 C0dd.705,706
1366 6030 1453 6083 οὐκ
1473 6030 1569 6099 ἔχει
1590 6030 1711 6097 ζωὴν
1729 6030 1930 6091 αἰώνιον.

1316 370 1383 424 IN
1418 364 1737 430 JOANNEM
1779 370 2015 429 HOMIL.
2058 374 2265 433 XLVII.
2308 379 2380 435 al.
2415 373 2600 434 XLVI.

3502 382 3610 441 286

2038 487 2226 559 Οὗτός
2257 494 2430 548 ἐστιν
2457 497 2489 549 d
2523 492 2704 562 ἆρτος
2735 496 2769 548 ό
2788 494 2857 548 ἐκ
2888 492 2997 549 τοῦ
3017 490 3277 563 οὐρανοῦ
3314 495 3573 563 καταϐάς
3591 510 3609 528 ο

2034 572 2108 624 οὺ
2129 571 2324 637 καθὼς
2348 574 2579 643 ἔφαγον
2605 576 2659 627 οἱ
2688 574 2940 640 πατέρες
2968 571 3135 643 ὑμῶν
3177 572 3244 627 τὸ
3266 572 3489 642 μάννα,
3511 575 3615 629 και

2033 646 2359 703 ἀπέθανον.
2396 652 2457 704 '0
2502 650 2737 721 τρώγων
2781 652 2998 706 τοῦτον
3055 651 3163 705 τὸν
3198 650 3400 721 ἄρτον,
3446 652 3617 716 ζήσει

2036 729 2124 793 εἰς
2139 728 2247 781 τὸν
2274 728 2480 783 αἰῶνα.
2519 731 2766 800 Συνεχῶς
2803 730 2864 783 τὸ
2893 731 3025 784 αὐτὸ
3062 731 3437 802 περιστρέφει,
3471 731 3616 785 ὥστε

2036 806 2169 861 αὐτὸ
2216 808 2523 862 ἐντυπῶσαι
2551 812 2617 881 τῇ
2652 810 2761 863 τῶν
2808 810 3113 863 ἀκουόντων
3145 809 3353 880 διανοίᾳ
3388 810 3614 883 (ἐσχάτη

2032 885 2142 956 γάρ
2181 904 2266 951 τις
2291 883 2359 958 ῆν
2395 887 2713 941 διδασκαλία
2739 891 2773 958 ἡ
2820 889 2949 960 περὶ
2978 888 3229 957 τούτων),
3263 891 3356 942 καὶ
3387 889 3449 941 τὸ
3484 890 3617 962 περὶ

2032 966 2383 1030 ἀναστάσεως
2409 966 2587 1036 δόγμα
2612 967 2903 1031 πιστῶσαι,
2933 968 3027 1021 καὶ
3063 968 3126 1021 τὸ
3149 984 3215 1019 πε
3227 967 3280 1037 91
3315 966 3463 1038 ζωῆς
3486 970 3617 1021 αίω-

2032 1044 2169 1097 νίου.
2198 1044 2289 1097 Διὸ
2322 1047 2415 1098 καὶ
2446 1047 2544 1115 τὴν
2574 1046 2869 1098 ἀνάστασιν
2920 1046 3298 1117 προστίθησιν,
3345 1044 3481 1116 ὁμοῦ
3518 1048 3616 1116 μὲν

2033 1124 2220 1195 ἐπειδὴ
2254 1122 2395 1190 εἶπε,
2420 1124 2563 1195 ζωῆς
2586 1126 2827 1190 αἰωνίου,
2867 1126 3002 1197 όμοῡ
3024 1126 3081 1178 δέ
3103 1126 3317 1189 δεικνὺς
3339 1126 3423 1179 ὃτι
3440 1127 3503 1179 οὐ
3520 1126 3617 1181 νῦν

2033 1203 2181 1255 ἐστὶν
2210 1202 2371 1273 αὕτη,
2417 1205 2555 1258 ἀλλά
2595 1206 2735 1275 μετά
2786 1204 2886 1276 τὴν
2932 1207 3249 1260 ἀνάστασιν.
3307 1206 3419 1258 Καὶ
3451 1206 3617 1260 πόθεν

2032 1280 2206 1336 ταῦτα
2256 1282 2413 1353 δῆλα,
2459 1284 2660 1352 φησίν;
2701 1284 2834 1337 Ἀπὸ
2877 1283 2986 1338 τῶν
3030 1284 3284 1355 Γραφῶν.
3330 1284 3615 1354 Πανταχοῦ

2033 1362 2141 1433 γὰρ
2168 1364 2363 1426 αὐτοὺς
2399 1366 2517 1417 ἐκεῖ
2559 1365 2943 1436 παραπέμπει,
2983 1368 3115 1436 παρ’
3157 1364 3338 1419 αὐτῶν
3380 1365 3617 1419 κελεύων

2033 1442 2204 1496 ταῦτα
2235 1444 2447 1513 μαθεῖν.
2482 1444 2667 1498 Εἰπὼν
2698 1446 2777 1509 δέ,
2796 1447 2949 1516 Ζωὴν
2971 1446 3145 1510 διδοὺς
3180 1445 3257 1516 τῷ
3288 1446 3498 1517 κόσμῳ,
3522 1448 3619 1501 καὶ

2036 1524 2117 1585 είς
2144 1522 2304 1591 ζῆλον
2334 1525 2531 1587 αὐτοὺς
2564 1526 2770 1593 ἐνάγει,
2818 1525 2960 1577 ὥστε
3008 1524 3113 1578 κάν
3143 1525 3493 1594 ἀλγήσαντας
3524 1525 3619 1578 ἐπὶ

2037 1600 2116 1670 τῷ
2169 1601 2362 1663 ἄλλους
2400 1601 2694 1655 ἀπολαύειν
2720 1602 2820 1671 τῆς
2871 1602 3102 1673 δωρεᾶς,
3142 1603 3216 1673 μὴ
3268 1605 3445 1672 μεῖναι
3490 1602 3615 1666 ἔξω.

2037 1680 2284 1750 Συνεχῶς
2307 1681 2363 1733 δέ
2393 1682 2797 1751 ἀναμιμνήσκει
2829 1680 2921 1733 τοῦ
2951 1681 3145 1751 μάννα,
3185 1682 3278 1735 καὶ
3328 1681 3388 1733 τὸ
3433 1681 3620 1751 διάφο-

2040 1774 2131 1828 ρον
2165 1758 2457 1829 παριστὰς,
2488 1760 2581 1811 καὶ
2608 1759 2803 1821 αὐτοὺς
2852 1759 2931 1821 είς
2958 1759 3138 1811 πίστιν
3170 1759 3397 1828 ἐνάγων,
3422 1761 3484 1812 El
3509 1762 3618 1831 γὰρ

2036 1838 2257 1890 δυνατὸν
2286 1839 2502 1905 ἐγένετο
2541 1838 2949 1908 τεσσαράκοντα
2992 1838 3168 1891 ἐτεσιν
3204 1839 3415 1909 ἀμητοῦ
3447 1841 3619 1911 χωρὶς

2036 1917 2129 1969 καὶ
2159 1916 2306 1967 σίτου
2331 1917 2541 1986 καὶτῆς
2566 1915 2733 1986 ἄλλης
2762 1914 3080 1979 ἀκολουθίας
3127 1916 3494 1988 διακρατῆσαι
3516 1918 3618 1987 τὴν

2037 1995 2261 2047 ἐκείνων
2296 1995 2473 2066 ζωήν
2518 1994 2698 2065 πολλῴ
2735 1994 2933 2064 μᾶλλον
2974 1995 3091 2057 νῦν,
3139 1995 3234 2048 ἀτε
3274 1997 3366 2048 ἐπὶ
3404 1996 3618 2067 μείζοσι

2038 2075 2500 2144 παραγενόμενος,
2539 2075 2828 2145 δυνήσεται
2851 2072 3029 2126 τοῦτο.
3070 2073 3277 2136 Ἀλλως
3323 2074 3400 2136 δὲ,
3443 2075 3536 2127 καὶ
3567 2072 3618 2127 ει

2038 2152 2219 2205 ἐκεῖνα
2241 2152 2399 2205 τύποι
2419 2150 2561 2216 τινές
2579 2149 2740 2223 ἦσαν,
2769 2152 2866 2204 καὶ
2891 2151 3059 2221 χωρὶς
3107 2151 3343 2223 ἱδρώτων
3377 2154 3473 2206 καὶ
3520 2150 3620 2204 πό-

2038 2234 2146 2284 νων
2204 2231 2487 2299 συνέλεγον
2534 2232 2595 2284 τὸ
2648 2231 2978 2301 φερόμενον
3040 2230 3220 2300 πολλῴ
3275 2230 3473 2301 μᾶλλον
3522 2229 3619 2285 νῦν

2037 2308 2197 2362 τοῦτο
2217 2308 2389 2374 ἐσται,
2429 2308 2557 2363 ἔνθα
2586 2308 2756 2380 πολλὴ
2786 2310 2819 2379 ἡ
2847 2308 3104 2379 διαφορὰ,
3129 2310 3223 2362 καὶ
3255 2310 3315 2362 τὸ
3342 2309 3617 2379 μηδέποτε

2038 2387 2314 2457 τελευτᾷν,
2345 2388 2439 2441 καὶ
2461 2389 2521 2441 τὸ
2556 2387 2701 2459 ζωῆς
2740 2386 3033 2441 ἀπολαύειν
3070 2388 3171 2458 τῆς
3211 2388 3465 2457 ἀληθοῦς.

2113 2466 2305 2530 Καλῶς
2325 2466 2381 2519 δέ
2403 2466 2549 2536 ζωῆς
2579 2467 2838 2529 πολλάκις
2881 2467 3155 2537 μέμνηται
3188 2506 3203 2531 ,
3253 2468 3440 2538 ἐπειδὴ
3460 2465 3621 2520 τοῦτο

2041 2547 2288 2600 ποθεινὸν
2322 2547 2649 2617 ἀνθρώποις,
2682 2549 2775 2600 καὶ
2804 2546 2955 2598 οὐδὲν
2974 2544 3149 2609 οὕτως
3192 2546 3311 2616 ήδὺ,
3348 2546 3423 2608 ὼς
3447 2545 3507 2597 τὸ
3540 2546 3615 2617 μὴ

2040 2626 2354 2679 ἀποθανεῖν.
2397 2626 2549 2676 Ἐπεὶ
2572 2625 2667 2677 καὶ
2700 2626 2756 2677 ἐν
2782 2627 2848 2694 τῇ
2878 2622 3092 2693 Παλαιᾷ
3123 2621 3283 2675 τοῦτο
3322 2618 3391 2693 ἦν
3420 2623 3454 2691 ή
3487 2622 3622 2673 ὑπό-

2043 2720 2253 2772 σχεσις,
2295 2704 2466 2774 μῆκος
2516 2702 2652 2772 βίου,
2688 2704 2784 2755 καὶ
2826 2700 3021 2753 πολλαὶ
3059 2700 3301 2771 ἡμέραι*
3344 2699 3481 2753 ἀλλά
3521 2698 3620 2752 νῦν

2041 2782 2140 2831 ούκ
2173 2780 2287 2832 ἔστι
2326 2782 2496 2850 μῆκος
2520 2779 2727 2845 ἁπλῶς,
2764 2778 2903 2833 ἀλλά
2927 2777 3039 2849 ζωὴ
3080 2778 3233 2841 τέλος
3265 2778 3365 2830 οὐκ
3394 2777 3615 2847 ἔχουσα.

2043 2859 2195 2929 Ἂμα
2230 2860 2286 2912 δέ
2314 2862 2407 2913 καὶ
2432 2860 2599 2923 δεῖξαι
2625 2859 2892 2928 βούλεται,
2919 2859 3000 2910 ὅτι
3022 2856 3119 2927 τὴν
3143 2859 3207 2910 ἐκ
3228 2858 3324 2928 τῆς
3346 2856 3619 2926 ἁμαρτίας

2042 2935 2189 3007 [277]
2217 2936 2511 3006 γενομένην
2542 2937 2760 2988 κόλασιν
2788 2934 3138 2989 ἀνακαλεῖται
3174 2934 3288 2997 νῦν,
3323 2935 3419 3005 τὴν
3439 2935 3619 3004 ψῆφον

2042 3016 2182 3068 λύων
2213 3015 2429 3085 ἐκείνην
2452 3016 2550 3085 τὴν
2585 3015 2918 3069 θανατοῦσαν
2938 3032 2951 3044 ·
2984 3014 3077 3065 καὶ
3110 3014 3255 3084 ζωὴν
3279 3014 3376 3084 οὐχ
3409 3013 3617 3079 ἁπλῶς,

2042 3096 2155 3148 ἀλλ’
2200 3094 2415 3147 αἰώνιον
2478 3095 2737 3162 εἰσάγων,
2781 3093 3110 3154 ἀπεναντίας
3154 3096 3266 3156 τοῖς
3308 3092 3617 3164 προτέροις.

2049 3174 2240 3227 Ταῦτα
2268 3170 2438 3227 εἶπεν
2476 3174 2546 3225 ἐν
2582 3171 2905 3241 συναγωγῇ
2945 3170 3249 3225 διδάσκων
3294 3171 3363 3224 ὲν
3393 3175 3621 3239 Καπερ-

2040 3253 2245 3321 ναοὺμ,
2275 3251 2403 3305 ἐνθα
2426 3254 2481 3304 αἱ
2514 3250 2762 3304 πλεῖσται
2796 3253 3122 3320 γεγένηνται
3166 3249 3443 3321 δυνάμεις,
3476 3248 3618 3302 ὥστε

2041 3334 2208 3404 ἐχρῆν
2257 3332 2420 3384 αὑτὸν
2449 3330 2782 3399 ἀκουσθῆναι
2816 3331 3068 3400 μάλιστα.

2113 3431 2178 3502 β’.
2216 3432 2372 3494 Τίνος
2426 3431 2483 3484 δέ
2510 3431 2695 3485 ἕνεκεν
2738 3434 2796 3484 ἐν
2835 3432 3124 3500 συναγωγῇ
3165 3428 3543 3491 ἐδίδασκε,καὶ
3560 3428 3618 3481 ἐν

2043 3511 2207 3583 ίερῷ;
2266 3511 2434 3581 Ὀμοῦ
2467 3512 2566 3581 μὲν
2603 3511 2664 3563 τὸ
2705 3511 2906 3581 πλῆθος
2930 3511 3110 3563 αὐτῶν
3133 3508 3394 3580 θηρεῦσαι
3429 3508 3618 3572 θέλων,

2039 3592 2174 3662 ὁμοῦ
2189 3590 2245 3643 δέ
2262 3590 2433 3654 δεῖξαι
2450 3590 2791 3660 βουλόμενος,
2806 3591 2999 3643 ὅτιούκ
3020 3592 3258 3651 ἐναντίος
3281 3588 3396 3638 ἐστὶ
3412 3588 3486 3655 τῲ
3504 3588 3619 3639 Ila-

2041 3669 2148 3740 τρί.
2166 3672 2391 3723 Πολλοὶ
2408 3671 2475 3722 δὲ
2490 3671 2556 3723 ἐκ
2576 3668 2693 3723 τῶν
2700 3668 2983 3738 μαθητῶν
2995 3670 3369 3730 ἀκούσαντες
3384 3665 3616 3733 ἔλεγον·

2040 3750 2313 3815 Σκληρός
2351 3748 2523 3801 ἐστιν
2567 3750 2601 3800 ὁ
2634 3748 2816 3816 λόγος
2844 3742 3041 3811 οὗτος.
3080 3747 3121 3798 Τ
3128 3747 3142 3798 ί
3178 3746 3315 3809 ἐστι,
3352 3744 3620 3810 Σκληρός

2037 3828 2169 3881 ἐστι
2190 3845 2205 3894 ;
2230 3828 2469 3899 Τραχὺς,
2495 3827 2771 3888 ἐπίπονος,
2794 3826 2990 3895 μόχθον
3022 3824 3178 3895 ἔχων.
3202 3825 3311 3877 Καὶ
3339 3824 3444 3893 μὴν
3470 3823 3620 3877 οὐδὲν

2038 3907 2285 3963 τοιοῦτον
2328 3907 2514 3974 ἐλεγεν
2538 3923 2552 3936 ’
2578 3905 2701 3958 οὐδὲ
2725 3905 2833 3975 γὰρ
2873 3922 2937 3956 πε
2948 3905 3001 3976 91
3026 3904 3299 3965 πολιτείας
3328 3900 3619 3970 διελέγετο,

2042 3987 2177 4041 ἀλλά
2204 3988 2335 4055 περὶ
2380 3984 2691 4055 δογμάτων,
2735 3983 2847 4036 ἀνω
2885 3985 2979 4035 καὶ
3030 3983 3181 4035 κάτω
3226 3981 3471 4051 στρέφων
3518 3982 3620 4053 τὴν

2040 4068 2223 4119 πίστιν
2256 4066 2358 4135 τὴν
2388 4067 2468 4127 είς
2502 4064 2713 4117 ἐαυτόν.
2750 4062 2815 4114 Τί
2860 4058 2952 4114 οὖν
2981 4062 3119 4123 ἐστι,
3144 4060 3391 4130 Σκληρός
3418 4062 3563 4113 ἐστιν
3590 4062 3622 4113 ὁ

2042 4146 2235 4215 λόγος;
2267 4147 2388 4197 Ὂτι
2432 4143 2575 4214 ζωὴν
2616 4141 3009 4210 ἐπαγγέλλεται
3038 4141 3131 4194 καὶ
3173 4140 3502 4203 ἀνάστασιν;
3537 4140 3619 4193 ὅτι

2040 4228 2104 4279 ἐκ
2125 4226 2217 4279 τοῦ
2241 4225 2474 4296 ούρανοῦ
2500 4224 2605 4292 ἐφη
2635 4221 3107 4289 καταϐεϐηκέναις
3136 4219 3247 4272 ἀλλ’
3273 4219 3353 4271 ὅτι
3381 4218 3619 4289 σωθῆναι

2043 4306 2302 4360 ἀδύνατον
2334 4305 2423 4357 τὸν
2454 4305 2527 4375 μὴ
2558 4303 2800 4372 φαγόντα
2833 4300 2998 4354 αὑτοῦ
3039 4300 3137 4369 τὴν
3174 4299 3388 4370 σάρκα;
3436 4298 3618 4352 Ταῦτα

2039 4380 2150 4449 οὖν,
2202 4385 2325 4437 εἰπέ
2369 4401 2477 4454 μοι,
2514 4380 2764 4451 σκληράς
2803 4381 2912 4433 Καὶ
2942 4380 3025 4442 τίς
3050 4379 3121 4431 ἂν
3146 4378 3319 4430 ταῦτα
3352 4378 3523 4442 είποι;
3553 4378 3619 4429 Τί

2039 4459 2131 4516 οὖν
2157 4463 2294 4526 ἐστὶ,
2320 4462 2593 4530 Σκληρός
2613 4478 2632 4526 ς
2656 4458 3126 4531 Δύσπαράδεκτος,
3166 4457 3503 4528 ὑπερϐαίνων
3529 4458 3619 4510 αὐ-

2039 4543 2147 4596 τῶν
2172 4543 2271 4613 τὴν
2294 4541 2595 4603 ἀσθένειαν,
2634 4540 2800 4594 πολὺν
2835 4540 2973 4609 έχων
3004 4537 3094 4591 τὸν
3120 4538 3301 4606 φόϐον.
3340 4536 3617 4607 Ἐνόμιζον

2046 4623 2155 4694 γὰρ
2182 4623 2402 4693 μείζονα
2431 4622 2529 4691 τῆς
2558 4621 2765 4683 οἰκείας
2784 4619 3119 4689 φθέγγεσθαι
3140 4619 3232 4671 καὶ
3263 4620 3402 4688 ὑπὲρ
3429 4618 3614 4673 αὐτόν.

2041 4705 2132 4757 Διὸ
2160 4703 2253 4756 καὶ
2285 4701 2468 4769 ελεγον
2493 4717 2506 4731 ·
2544 4702 2638 4765 Τίς
2662 4698 3125 4753 δύναταισαὺτώ
3164 4699 3409 4751 ἀκούειν
3426 4713 3445 4761 ;
3476 4698 3617 4770 ὑπὲρ

2042 4781 2250 4836 ἐαυτῶν
2279 4778 2709 4849 ἀπολογούμενοι
2736 4778 2899 4848 τάχα,
2921 4777 3108 4847 ἐπειδὴ
3142 4776 3365 4847 ἔμελλον
3395 4778 3616 4847 ἀποπη-

2045 4867 2164 4936 δᾷν.
2195 4864 2379 4930 Εἰδὼς
2408 4863 2477 4916 δὲ
2506 4866 2537 4917 ό
2567 4863 2797 4930 Ἰησοῦς
2827 4863 2897 4915 ἐν
2938 4860 3158 4925 ἐαυτῷ,
3187 4861 3276 4915 ὅτι
3300 4862 3616 4932 γογγύζου-

2045 4966 2150 5004 σιν
2194 4951 2246 5001 οί
2290 4945 2547 5016 μαθηταὶ
2588 4946 2721 5013 περὶ
2764 4947 2981 4999 τούτου
3028 4947 3144 5016 (καὶ
3184 4944 3294 5016 γὰρ
3332 4946 3490 4998 τοῦτο
3517 4946 3616 5017 τῆς

2039 5034 2203 5087 αὐτοῦ
2235 5032 2504 5101 θεότητος,
2534 5030 2596 5083 τὸ
2637 5029 2708 5082 τά
2737 5031 3030 5102 ἀπόρρητα
3075 5030 3260 5101 φέρειν
3289 5031 3369 5093 είς
3403 5030 3612 5100 μέσον),

2039 5112 2161 5171 εἶτα
2204 5116 2383 5183 λέγει·
2425 5113 2604 5167 Τοῦτο
2636 5112 2792 5183 ὑμᾶς
2850 5112 3281 5177 σκανδαλίζειε
3345 5116 3444 5167 Ἂν
3501 5108 3616 5167 οὖν

2041 5200 2204 5267 ἴδητε
2231 5199 2338 5251 τόν
2376 5196 2515 5251 Υίὸν
2532 5198 2639 5251 τοῦ
2664 5195 2977 5264 ἀνθρώπου
3009 5198 3429 5258 ἀναϐαίνοντα,
3462 5196 3613 5249 ὅπου

2037 5278 2117 5351 ἦν
2138 5280 2203 5334 τὸ
2215 5281 2523 5348 πρότερον.
2537 5278 2708 5332 Τοῦτο
2727 5278 2818 5331 καὶ
2835 5278 2927 5331 ἐπὶ
2943 5279 3033 5331 τοῦ
3052 5277 3342 5348 Ναθαναὴλ
3361 5278 3612 5345 ἐποίησε,

2039 5364 2233 5433 λέγων,
2268 5365 2390 5416 Ὅτι
2410 5358 2589 5415 εἶπόν·
2613 5380 2714 5419 σοι
2742 5361 2851 5425 ὅτι,
2882 5359 3065 5416 Εἷδόν
3097 5378 3170 5415 σε
3198 5359 3476 5417 ὑποκάτω
3502 5359 3614 5427 τῆς

2037 5447 2257 5515 συκῆς,
2298 5447 2675 5519 νπιστεύεις;
2724 5444 2967 5515 μείζονα
3009 5446 3234 5498 τούτων
3298 5444 3434 5511 ὄψει
3458 5459 3471 5471 ’
3517 5445 3614 5496 καὶ

2040 5533 2133 5586 ἐπὶ
2162 5532 2497 5601 Νικοδήμου,
2527 5531 2612 5583 ὃτι
2632 5531 2844 5596 Οὐδεὶς
2875 5530 3246 5596 ἀναϐέϐηκεν
3276 5531 3363 5592 είς
3384 5526 3489 5581 τὸν
3520 5530 3615 5581 οὐ·-

2031 5614 2245 5684 ρανὸν,
2270 5618 2320 5669 εί
2338 5613 2423 5683 μὴ
2454 5617 2487 5667 ό
2520 5615 2651 5679 Υἱὸς
2684 5614 2790 5668 τοῦ
2811 5612 3145 5680 ἀνθρώπου,
3179 5611 3209 5662 ὁ
3246 5608 3321 5663 ὣν
3350 5612 3405 5665 ἐν
3425 5610 3502 5680 τῷ
3522 5611 3614 5663 οὑ-

2041 5698 2206 5769 ρανῷ.
2245 5698 2309 5749 Τί
2340 5693 2463 5761 οὖν;
2514 5698 2747 5767 ἀπορίας
2787 5697 3041 5767 ἀπορίαις
3088 5695 3381 5759 συνάπτεις
3433 5694 3566 5764 Οὐχί
3593 5708 3608 5722 °

2042 5783 2116 5852 μὴ
2145 5782 2353 5849 γένοιτο
2372 5796 2385 5810 ·
2416 5780 2552 5834 ἀλλά
2591 5780 2668 5850 τῷ
2701 5780 2921 5848 μεγέθει
2958 5780 3065 5834 τῶν
3098 5778 3386 5849 δογμάτων
3411 5778 3505 5830 καὶ
3532 5774 3612 5848 τῷ

2039 5866 2232 5936 πλήθει
2262 5866 2455 5927 αὐτοὺς
2488 5864 2863 5933 ἐπαγαγέσθαι
2896 5863 3165 5933 βούλεται.
3199 5864 3256 5917 '0
3282 5862 3377 5933 μὲν
3405 5860 3515 5931 γὰρ
3541 5863 3612 5912 εί-

2038 5940 2155 6001 πὼν
2186 5948 2399 6011 ἁπλῶς,
2426 5950 2507 6002 ὅτι
2548 5950 2649 6002 Ἐκ
2676 5949 2784 6001 τοῦ
2809 5947 3069 6015 οὐρανοῦ
3092 5946 3483 6012 καταϐέϐηκα,
3515 5944 3611 5999 καὶ

2043 6034 2205 6105 μηδὲν
2241 6032 2395 6087 πλέον
2427 6032 2703 6104 προσθεὶς,
2730 6031 2934 6102 μᾶλλον
2951 6030 3020 6085 ἂν
3054 6029 3463 6087 ἐσκανδάλισεψ
3495 6030 3525 6083 6
3545 6027 3609 6081 δὲ
