4084 6360
452 317 564 376 2:55

460 436 650 500 εἰπὼν,
687 441 768 493 δτι
801 442 875 495 τὸ
897 441 1065 511 σῶμα
1083 462 1201 511 μου
1231 442 1341 508 ᾇυὴ
1371 441 1475 494 τοῦ
1504 442 1759 507 κόσμου,
1786 438 1878 490 καὶ
1907 439 1935 488 6
1955 438 2030 488 εἰο

459 519 596 577 πῶν.
633 521 715 573 ὅτι
748 521 952 586 Καθὼς
979 521 1294 575 ἀπέστειλέ
1317 538 1392 588 με
1424 523 1456 572 ό
1481 517 1590 580 (ῶν
1619 518 1840 584 Πατὴρ,
1875 514 2035 583 κάγὼ

455 599 528 660 ζῶ
563 603 658 655 διὰ
687 602 792 657 τὸν
826 606 1081 672 Πατέρα·
1113 606 1205 657 καὶ
1234 606 1262 655 6
1296 602 1485 668 εἰπὼν,
1520 604 1602 655 ὅτι
1643 603 1742 655 Ἐκ
1779 600 1885 654 τοῦ
1928 601 2029 652 οὐ·

451 685 640 752 ρανοῦ
668 687 1056 753 καταϐέϐηκα,
1085 689 1184 758 τὴν
1211 689 1442 758 ἀπορίαν
1464 687 1598 738 λύει.
1633 685 1691 736 Ὀ
1722 683 1818 754 μὲν
1840 682 1946 753 γὰρ
1970 681 2032 733 ἓν

455 785 508 820 τι
538 768 679 836 μέγα
708 771 835 838 περὶ
863 771 1058 822 ἑαυτοῦ
1085 771 1474 840 φθεγγόμενος,
1513 768 1614 820 κᾶν
1659 767 1899 829 ὕποπτος
1942 765 2034 833 γέ-

455 867 619 911 νοιτο,
654 852 729 915 ὡς
762 853 1012 908 πλάττων
1034 870 1048 883 ·
1089 857 1118 906 6
1154 854 1209 907 δέ
1237 853 1472 905 τοσαῦτα
1517 851 1778 921 συνείρων
1814 849 2030 919 ἐφεξῆς,

456 935 637 990 πᾶσαν
653 936 868 1005 ἀναιρεῖ
887 936 983 1006 τὴν
1005 936 1259 1004 ὑποψίαν.
1285 937 1469 990 Πάντα
1497 935 1554 986 δέ
1581 937 1724 988 ποιεῖ
1741 934 1834 986 καὶ
1863 932 2032 1000 λέγει,

457 1016 597 1072 ὥστε
628 1019 825 1081 αὐτοὺς
871 1021 1178 1087 ἀπαγαγεῖν
1223 1020 1318 1074 τοῦ
1352 1019 1593 1088 νομίζειν
1621 1017 1784 1071 αὑτοῦ
1821 1017 2035 1085 πατέρα

456 1103 546 1155 τὸν
582 1103 798 1170 Ἰωσήφ.
829 1103 903 1156 Οὐ
935 1104 1116 1156 τοίνυν
1139 1103 1202 1155 16
1229 1102 1524 1156 σκάνδαλον
1555 1103 1817 1154 ἐπιτεῖναι
1845 1100 2032 1158 θέλων.

456 1185 614 1238 τοῦτο
651 1186 856 1252 ἔλεγεν,
903 1187 1037 1238 ἀλλά
1088 1185 1246 1238 λῦσαι
1302 1185 1518 1255 μᾶλλον.
1562 1186 1622 1237 '0
1656 1185 1756 1255 μὲν
1784 1184 1891 1253 γάρ
1925 1183 2035 1236 ἀπὸ

458 1267 552 1320 τοῦ
589 1269 788 1337 Ἰωσὴφ
817 1270 982 1322 αὑτὸν
1015 1265 1155 1322 εἶναι
1185 1269 1443 1339 νομίζων,
1465 1268 1565 1321 οὐκ
1601 1267 1666 1322 ἂν
1701 1267 2033 1338 παρεδέξατο

457 1353 526 1404 τά
546 1351 811 1423 λεγόμενα
831 1369 844 1382 ·
872 1356 899 1406 6
927 1354 985 1406 δέ
1013 1354 1275 1417 πεισθεὶς,
1294 1355 1375 1406 ὅτι
1397 1355 1462 1405 ἐκ
1486 1351 1579 1405 τοῦ
1605 1351 1834 1423 ούρανοῦ
1861 1368 2030 1404 κατα.

455 1436 680 1506 ϐέϐηκε,
718 1438 811 1490 καὶ
842 1439 957 1492 ἐκεῖ
985 1438 1338 1508 ἀναϐήσεται,
1373 1435 1737 1505 εὐκολώτερον
1761 1435 1825 1488 ἂν
1858 1451 2029 1505 προσο

459 1519 581 1588 έτχε
613 1523 724 1584 τοῖς
763 1520 1094 1590 λεγομένοις.
1164 1522 1317 1574 Μετά
1366 1520 1422 1572 δέ
1453 1519 1661 1572 τούτων
1703 1519 1798 1572 καὶ
1839 1519 2033 1589 ἐτέραν

456 1601 610 1656 λύσιν
637 1604 851 1672 ἐπάγει,
869 1604 1064 1672 λέγων’
1085 1603 1160 1656 Τὸ
1183 1602 1424 1672 Πνεῦμὰ
1449 1604 1578 1656 ἐστι
1597 1604 1664 1656 τὸ
1687 1602 2030 1664 ζωοποιοῦν,

458 1687 497 1753 ἢ
534 1687 689 1753 σὰρξ
729 1691 839 1740 οὐκ
872 1687 1090 1756 ὠφελεῖ
1129 1686 1327 1740 οὐδέν.
1383 1689 1448 1738 Ὃ
1481 1686 1536 1738 δέ
1579 1686 1751 1754 λέγει,
1795 1683 2034 1738 τοιοῦτόν

459 1771 574 1822 ἐστι
597 1787 608 1797 ·
641 1771 1032 1840 Πνευματικῶς
1064 1772 1144 1823 δεῖ
1171 1773 1238 1823 τά
1270 1771 1395 1840 περί
1424 1769 1557 1839 ἐμοῦ
1589 1768 1805 1822 ἀκούειν
1829 1785 1843 1799 ⁸
1876 1771 1904 1822 6
1927 1769 2036 1838 γάρ

459 1853 740 1923 σαργικῶς
773 1853 1032 1917 ἀκούσας,
1072 1853 1222 1905 οὐδὲν
1253 1852 1530 1914 ἀπώνατο,
1564 1851 1685 1904 οῦτε
1719 1852 1954 1922 χρηστόν
1981 1869 2034 1903 τι

455 1936 733 1988 ἀπέλαυσε
775 1948 827 1989 α.
861 1936 1130 2005 Σαρκικδν
1172 1933 1412 2005 δέ1278]
1458 1929 1525 2004 ἦν
1560 1936 1620 1985 16
1669 1933 2034 2002 ἀμφισϐητεῖν

463 2018 582 2082 πῶς
611 2019 672 2070 ἐκ
695 2018 788 2071 τοῦ
817 2019 1048 2090 ούρανοῦ
1070 2017 1436 2086 καταϐέϐηκε,
1475 2017 1568 2070 καὶ
1592 2016 1651 2068 16
1671 2017 1930 2086 νομίζειν,
1951 2018 2032 2070 ὅτι

462 2103 575 2162 υἱός
604 2104 750 2155 ἐστιν
806 2105 1025 2174 Ἰωσὴφ,
1062 2104 1154 2156 καὶ
1183 2103 1263 2166 τὸ,
1295 2100 1428 2166 Πῶς
1455 2100 1704 2154 δύναται
1742 2101 1886 2168 ἡμῖν
1920 2099 2036 2167 τὴν

457 2183 658 2254 σάρκα
685 2186 893 2239 δοῦναι
911 2186 1124 2255 φαγεῖν
1138 2204 1158 2250 ;
1177 2185 1361 2238 Ταῦτα
1388 2183 1563 2237 πάντα
1588 2183 1825 2254 σαρκικά
1844 2199 1856 2211 ⁸
1893 2184 2034 2255 ἅπερ

461 2267 572 2320 ἔδει
626 2269 902 2339 μυστικῶς
936 2271 1077 2320 νοεῖν
1127 2269 1222 2321 καὶ
1270 2267 1678 2337 πνευματικῶς.
1710 2267 1820 2320 Καὶ
1849 2267 2033 2331 πόθεν,

463 2353 651 2420 φησὶν,
686 2350 947 2421 ἠδύναντο
978 2352 1168 2421 νοῆσαι
1201 2352 1252 2404 τί
1285 2351 1414 2404 ποτέ
1440 2353 1585 2403 ἐστιν
1623 2350 1684 2403 16
1715 2350 1892 2420 σάρκα
1933 2367 2036 2420 φα-

459 2437 578 2502 γεῖν
607 2436 840 2499 ἐκεῖνοι;
868 2433 1078 2487 Οὐκοῦν
1107 2433 1214 2486 ἔδει
1246 2433 1336 2486 τὸν
1367 2434 1712 2505 προσήκοντα
1748 2435 2034 2502 ἀναμεῖναι

464 2517 677 2586 καιρὸν,
717 2519 810 2569 καὶ
867 2516 1250 2580 πυνθάνεσθαι,
1297 2517 1390 2570 καὶ
1426 2517 1500 2586 μὴ
1534 2515 1934 2586 ἀπαγορεύειν.,
1959 2519 2037 2570 Τὰ

451 2600 713 2667 ῥήματα,
731 2598 770 2653 ἂ
792 2599 906 2668 ἐγὼ
931 2598 1246 2666 λελάληκα
1281 2599 1444 2667 ὑμῖν,
1482 2597 1717 2668 πνεῦμά
1739 2599 1890 2662 ἐστι,
1938 2598 2036 2651 καὶ

461 2682 607 2750 ζωή·
654 2683 953 2748 τουτέστιν,
995 2682 1113 2735 θεῖα
1146 2684 1241 2736 καὶ
1276 2682 1625 2752 πνευματικά
1673 2685 1842 2748 ἐστιν,
1883 2683 2036 2736 οὐδὲν

462 2765 653 2833 ἔχοντα
687 2765 970 2834 σαρκικὸν,
1015 2765 1136 2818 οὐδὲ
1175 2763 1498 2818 ἀκολουθίαν
1551 2766 1814 2836 φυσικήν
1858 2765 1894 2819 ἆ.
1943 2766 2038 2819 καὶ

460 2848 804 2918 ἀπήλλακται
837 2848 864 2889 δ
933 2849 1114 2918 πάσης
1168 2849 1266 2918 μὲν
1306 2849 1563 2920 τοιαύτης
1628 2849 1894 2919 ἀνάγκης,
1943 2851 2038 2902 καὶ

463 2933 789 3002 ὑπέρκειται
833 2932 933 2984 καὶ
969 2932 1078 2984 τῶν
1115 2933 1296 3002 νόμων
1325 2933 1434 2987 τῶν
1470 2933 1704 2986 ἐνταῦθα
1733 2934 2034 3003 κειμένων⁶

461 3017 648 3085 ἓτερον
670 3015 725 3067 δέ
737 3017 849 3085 έχει
872 3014 996 3068 νοῦν
1016 3015 1438 3086 ἐξηλλαγμένον.
1463 3017 1671 3085 Ὥσπερ
1691 3012 1784 3069 οὖν
1804 3016 2037 3070 ἐνταῦθα

460 3101 523 3153 1'0
550 3100 769 3163 πνεῦμα
807 3095 960 3152 εἶπεν
995 3101 1115 3153 ἀντὶ
1142 3103 1234 3153 τοῦ
1285 3101 1647 3171 πνευματικὰ,
1685 3100 1827 3153 οὕτω
1861 3102 2038 3172 σάρκα

461 3184 652 3246 εἰπὼν,
684 3185 742 3236 06
772 3183 1009 3254 σαρκικά
1035 3180 1207 3249 εἶπεν,
1233 3183 1367 3237 ἀλλά
1384 3186 1444 3237 τὸ
1477 3185 1756 3255 σαρκικῶς
1785 3184 2034 3251 ἀκοῦσαι,

463 3269 579 3338 ἃμα
605 3267 699 3320 καὶ
726 3267 923 3330 αὐτοὺς
949 3267 1340 3337 αἰνιττόμενος,
1373 3269 1454 3320 ὅτι
1488 3269 1575 3320 ἀεὶ
1608 3267 1884 3340 σαρκικῶν
1911 3270 2038 3320 ἐπε-

461 3352 689 3423 θύμουν,
713 3351 832 3404 δέον
857 3351 1243 3420 πνευματικῶν
1267 3351 1538 3420 ἐφίεσθαι.
1577 3352 1702 3404 Ἐὰν
1719 3351 1826 3421 γάρ
1851 3361 1873 3390 ε
1909 3352 2039 3404 αὐτὸ

463 3435 740 3506 σαρκικῶς
766 3451 852 3496 τις
887 3433 1125 3499 ἐκλάϐοι,
1157 3435 1309 3488 οὐδὲν
1357 3434 1633 3488 ἀπώνατο.
1683 3435 1748 3486 Τί
1777 3431 1903 3501 οὖν;
1939 3437 2042 3488 οὐκ

462 3519 582 3572 ἐστι
619 3520 652 3589 ή
687 3517 824 3587 σὰρξ
855 3517 1022 3569 αὐτοῦ
1054 3518 1228 3589 σάρξς
1266 3518 1376 3571 Καὶ
1409 3518 1616 3588 σφόδρα
1649 3517 1748 3587 μὲν
1777 3513 1889 3572 οὖν.
1931 3519 2040 3571 Καὶ

465 3600 584 3663 πῶς
613 3597 800 3661 εἷπεν,
861 3600 925 3654 Ἠ
955 3600 1112 3668 σὰρξ
1150 3604 1261 3656 οὐκ
1289 3602 1512 3670 ὠφελεῖ
1555 3601 1765 3663 οὺδέν;
1799 3602 1874 3654 Οὐ
1913 3603 2040 3673 περὶ

461 3684 562 3754 τῆς
583 3683 779 3737 ἐαυτοῦ
811 3684 1012 3754 σαρκὸς
1032 3683 1204 3752 λέγων
1227 3703 1241 3716 σ
1260 3687 1332 3756 μὴ
1361 3685 1573 3752 γένοιτο
1595 3701 1607 3713 ·
1629 3685 1766 3738 ἀλλά
1785 3686 1909 3756 περὶ
1931 3688 2039 3738 τῶν

465 3770 742 3841 σαρκικῶς
763 3769 1214 3840 ἐκλαμϐανόντων
1243 3772 1311 3824 τά
1333 3773 1622 3841 λεγόμενα.
1654 3771 1720 3823 Τί
1753 3771 1810 3824 δέ
1839 3774 1952 3825 ἐστι
1980 3773 2040 3825 16

465 3851 747 3924 σαρκικῶς
776 3853 997 3920 νοῆσαις
1022 3853 1096 3905 Τὸ
1121 3853 1305 3915 ἀπλῶς
1322 3857 1402 3917 εἰς
1430 3856 1496 3906 τά
1523 3854 1859 3925 προκείμενα
1885 3857 2037 3926 ὁρᾷν,

465 3938 560 3992 καὶ
588 3937 662 4007 μὴ
695 3936 855 3989 πλέον
885 3953 937 3988 τι
962 3937 1346 4006 φαντάζεσθαι.
1374 3939 1543 3990 Τοῦτο
1565 3939 1672 4007 γάρ
1703 3941 1818 3990 ἐστι
1850 3956 2040 4008 σαρκι-

464 4021 596 4084 κῶς.
629 4018 750 4090 Χρὴ
787 4019 844 4072 δέ
881 4019 957 4090 μὴ
992 4018 1132 4072 οὕτω
1160 4021 1368 4091 κρίνειν
1395 4025 1507 4084 τοῖς
1549 4022 1868 4092 δρωμένοις,
1905 4020 2042 4074 ἀλλὰ

464 4106 646 4159 πάντα
667 4103 736 4155 τὰ
752 4105 1027 4174 μυστήρια
1046 4106 1157 4167 τοῖς
1179 4104 1324 4157 ἐνδον
1338 4105 1635 4175 ὀφθαλμοῖς
1657 4105 2036 4159 κατοπτεύειν.

465 4187 638 4241 Τοῦτο
666 4189 774 4257 γάρ
806 4187 923 4239 ἐστι
947 4188 1353 4258 πνευματικῶς.
1388 4190 1572 4260 Ἀραό
1603 4190 1676 4258 μὴ
1695 4188 1923 4258 τρώγων
1945 4190 2041 4242 αὐ-

462 4270 558 4324 τοῦ
585 4271 683 4340 τὴν
737 4271 939 4340 σάρκα,
975 4269 1070 4323 καὶ¹
1110 4270 1281 4324 πίνων
1322 4272 1485 4324 αὐτοῦ
1520 4272 1580 4323 τὸ
1605 4267 1767 4341 αἷμα..
1796 4273 1895 4325 οὐκ
1929 4272 2040 4342 ἔχει

467 4354 611 4425 ζωὴν
628 4356 684 4406 ἐν
705 4353 882 4423 ἐαυτῷ
901 4369 914 4383 ·
947 4353 1061 4416 πῶς
1080 4350 1172 4407 οὖν
1201 4355 1352 4407 ούδέν
1381 4354 1626 4425 ώφελεῖή
1655 4355 1812 4424 σάρξ,
1827 4351 1893 4427 ἧς
1912 4356 2039 4409 ἄνευ

468 4440 569 4506 ζῇν
603 4439 702 4490 ούκ
731 4437 840 4501 ἕνι;
885 4437 1046 4507 Ὁρᾷς
1076 4438 1158 4490 ὅτι
1188 4437 1269 4501 τὸ,
1311 4438 1373 4492 Ἥ
1409 4437 1548 4508 σάρξ
1579 4438 1678 4491 οὐκ
1709 4439 1909 4508 ώφελεῖ
1951 4441 2043 4493 o6-

465 4521 574 4584 δέν,
601 4523 661 4573 o6
684 4521 926 4591 περὶτῆς
953 4520 1155 4591 σαρκὸς
1182 4521 1348 4574 αὑτοῦ
1384 4522 1620 4592 εἴρηται,
1645 4521 1781 4575 άλλά
1799 4523 1926 4593 περὶ
1941 4523 2043 4593 τῆς

466 4606 735 4674 σαρκικῆς
765 4605 1082 4676 ἀκροάσεως
1106 4622 1120 4669 ;
1157 4607 1319 4660 Ἀλλ’
1347 4607 1468 4658 εἰσί
1491 4624 1650 4673 τινες
1678 4607 1748 4670 ἐξ
1770 4607 1956 4676 ὑμῶν,
1987 4607 2044 4661 οἳ

467 4691 538 4742 οὐ
567 4691 946 4743 πιστεύουσι.
991 4689 1160 4742 Πάλιν
1193 4689 1334 4742 κατὰ
1369 4689 1431 4742 16
1465 4690 1696 4760 σύνηθες
1729 4691 1897 4744 αὑτοῦ
1929 4695 2042 4756 τοῖς

466 4771 643 4838 λόγοις
667 4771 884 4841 ἀξίωμα
907 4773 1242 4842 περιτίθησι,
1271 4772 1341 4826 τά
1363 4789 1422 4825 τε
1453 4773 1713 4842 μέλλοντα
1738 4774 2040 4845 προλέγων,

467 4854 561 4909 καὶ
590 4855 801 4918 δεικνὺς
820 4856 896 4919 ὡς
925 4858 985 4908 o6
1008 4858 1108 4926 τῆς
1134 4857 1355 4910 ἐκείνων
1380 4857 1539 4927 δόξης
1559 4859 1842 4928 ἐφιέμενος
1869 4859 2043 4912 ταῦτα

467 4942 672 5010 ἔλεγεν,
699 4943 814 4995 ἀλλ’
835 4943 1016 4996 αὐτῶν
1041 4945 1357 5014 κηδόμενος.
1394 4945 1574 4997 Εἰπὼν
1596 4945 1671 5007 δὲ,
1702 4945 1888 5012 Τινὲς,
1919 4948 2044 5009 τοὺς

470 5026 720 5098 μαθητὰς
738 5027 1072 5098 ὑπεξήγαγε.
1097 5030 1251 5095 Παρὰ
1272 5029 1342 5097 γά
1351 5047 1381 5100 ρ
1403 5029 1500 5100 τὴν
1521 5030 1696 5100 ἀρχὴν
1718 5030 1870 5098 ἔλεγε
1893 5048 1906 5061 ο
1935 5030 2044 5084 Καὶ

465 5110 759 5175 ἑωράκατέ
797 5127 892 5178 με,
919 5111 1013 5162 καί
1045 5114 1114 5164 οὺ
1147 5113 1458 5165 πιστεύετέ
1481 5116 1626 5180 μοι(1
1647 5130 1662 5144 ·
1688 5113 1923 5168 ἐνταῦθα
1961 5115 2040 5178 δέ,

467 5197 606 5249 Εἰσί
635 5212 792 5261 τινες
816 5195 885 5257 ἐξ
915 5193 1098 5263 ὑμῶν,
1137 5194 1192 5248 οἲ
1215 5198 1286 5248 οὐ
1305 5198 1717 5250 πιστεύουσιν.
1748 5196 1913 5269 ’ῌδει
1933 5200 2044 5268 γὰρ

465 5278 535 5342 ἐξ
561 5277 774 5348 ἀρχῆς,
807 5279 966 5343 τίνες
989 5278 1148 5330 εἰσὶν
1178 5281 1231 5330 οἱ
1263 5279 1348 5347 μὴ
1380 5281 1788 5347 πιστεύοντες,
1826 5281 1923 5335 καὶ
1951 5282 2044 5346 τίς

465 5363 636 5414 ἐστιν
669 5366 701 5416 ό
729 5361 1099 5430 παραδώσων
1131 5364 1334 5416 αὐτόν.
1371 5363 1478 5416 Καὶ
1509 5364 1700 5434 ἔλεγε,
1732 5364 1833 5418 Διὰ
1869 5365 2044 5418 τοῦτο

465 5443 696 5510 εἴρηκα,
719 5446 930 5510 Οὐδεὶς
951 5445 1200 5498 δύναται
1234 5446 1435 5499 ἐλθεῖν
1463 5448 1614 5515 πρός
1643 5465 1733 5512 με,
1764 5449 1873 5502 ἐὰν
1893 5447 1978 5518 μὴ
2004 5443 2047 5519 ᾗ

466 5527 790 5596 δεδομένον
831 5529 991 5594 αὐτῷ
1025 5529 1254 5583 ἄνωθεν
1285 5531 1354 5584 ἐκ
1404 5532 1509 5584 τοῦ
1539 5533 1769 5600 Πατρός
1795 5551 1936 5602 μου.
1971 5533 2046 5585 T6

469 5609 714 5663 ἐκούσιον
736 5613 968 5666 ἐνταῦθα
988 5614 1087 5682 τῆς
1111 5614 1422 5684 οἰκονομίας
1440 5618 1468 5668 6
1488 5617 1881 5688 εὐαγγελιστὴς
1907 5619 2042 5688 ἡμῖν

469 5692 786 5757 αἰνίττεται,
822 5696 999 5748 καὶτὸ
1034 5698 1373 5760 ἀνεξίκακον.
1412 5700 1520 5752 Καὶ
1545 5700 1605 5752 16
1639 5700 1735 5764 Ἐξ
1764 5700 1958 5770 ἀρχῆς
1983 5701 2042 5754 δὲ

469 5777 568 5845 οὐχ
599 5777 785 5842 ἁπλῶς
812 5778 1046 5832 ἐνταῦθα
1074 5783 1268 5844 κεῖται,
1290 5782 1406 5836 ἀλλ’
1435 5784 1522 5836 ἵνα
1549 5783 1726 5855 μάθῃς
1756 5784 1920 5837 αὑτοῦ
1948 5785 2050 5855 τὴν

480 5936 492 5950 ‘
600 5881 696 5950 {\lii
716 5882 829 5950 9638
857 5881 941 5950 τοῦ
967 5885 1172 5950 ῌκέρδους
1199 5903 1243 5933 τι
1287 5887 1372 5950 ἀπ.
1441 5887 1466 5924 b
1491 5888 1644 5950 Savil:
1683 5891 1901 5949 φυσικήν,
1939 5891 2041 5936 ἀλλ’

471 5940 564 5992 διπῆ
577 5940 649 5989 Αλο
713 5944 736 5973 ε
762 5941 935 5992 Morel.
959 5945 1014 5991 ἀν
1041 5940 1216 5998 Ἀιοίνπιν.
1285 5948 1309 5986 d
1335 5950 1433 5998 Alii
1456 5949 1541 5997 οὐκ
1570 5940 1952 6012 ἐπιστεύετίμοι.

1131 332 1188 386 S.
1223 326 1507 385 JOANNIS
1543 323 2033 382 CIIRYSOSTOMI
2066 321 2385 379 Αιιειιιερ.
2421 319 2963 377 CONSTANTINOP.

3608 323 3715 381 966

2141 434 2348 488 ἀνωθεν
2379 435 2710 504 πρόγνωσιν,
2742 433 2835 486 καὶ
2853 434 2934 486 611
2961 432 3065 504 πρὸ
3085 432 3192 488 τῶν
3213 433 3470 505 ῥημάτων
3488 435 3712 491 τούτων,

2141 523 2237 575 καὶ⁸
2262 523 2322 574 o6
2355 523 2495 592 μετά
2527 523 2587 574 τὸ
2615 522 2901 589 γογγύσαι,
2933 520 3053 573 οὐδὲ
3080 519 3215 589 μετά
3236 521 3295 572 τὸ
3326 522 3716 590 σκανδαλισθῆ-

2143 623 2230 659 ναι
2261 606 2350 658 τὸν
2375 605 2638 678 προδότην
2665 605 2800 676 ᾔδει,
2833 605 2969 657 ἀλλὰ
2999 605 3091 658 καὶ
3127 603 3234 675 πρὸ
3255 604 3464 668 τούτου,
3492 608 3624 680 ὅπερ
3646 606 3714 681 ἦν

2143 689 2414 758 θεότητος.
2443 684 2574 741 Εἶτα
2598 691 2690 742 καὶ
2715 690 3012 759 ἐπήγαγεν,
3053 687 3188 740 Ἐὰν
3217 686 3302 756 μὴ
3331 683 3370 758 ᾖ
3396 689 3715 759 δεδομένον

2140 772 2300 836 αὐτῷ
2331 773 2558 825 ἄνωθεν
2587 772 2655 824 ἐκ
2695 771 2802 824 τοῦ
2850 773 3078 838 Πατρός
3107 787 3246 838 μου,
3283 771 3482 824 πείθων
3521 776 3714 840 αὐτοὺς

2142 855 2364 926 Πατέρα
2380 854 2544 908 αὐτοῦ
2559 854 2799 924 νομίζειν
2827 853 2918 906 τὸν
2935 855 3087 918 Θεὸν,
3107 852 3242 906 ἀλλά
3264 854 3337 922 μὴ
3363 854 3453 906 τὸν
3492 857 3710 930 Ἰωσὴφ,

2142 941 2236 993 καὶ
2267 941 2479 1002 δεικνὺς
2511 940 2592 992 611
2623 940 2722 992 οὑκ
2751 938 2903 1010 [9.79]
2937 939 3051 992 ἔστι
3093 941 3154 992 16
3205 939 3368 1010 τυχὸν
3398 941 3459 993 16
3493 944 3710 996 πιστεῦο

2142 1038 2233 1074 σαι
2276 1023 2356 1084 είς
2386 1022 2570 1075 αὐτόν.
2633 1023 2928 1092 Μονονουχὶ
2967 1023 3076 1092 γάρ
3110 1021 3266 1078 τοῦτὸ
3298 1043 3480 1096 φησιν,
3512 1028 3586 1079 O6
3620 1027 3710 1079 θο-

2142 1105 2400 1177 ρυϐοῦσιν
2425 1117 2471 1169 ε,
2491 1105 2610 1157 ούδέ
2627 1107 3006 1175 ταράττουσιν,
3029 1107 3150 1160 ούδέ
3180 1109 3446 1175 ξενίζουσί
3466 1127 3533 1180 με
3562 1112 3610 1162 οἰ
3637 1112 3710 1182 μὴ

2141 1187 2519 1250 πιστεύοντες·
2568 1182 2684 1239 οἶδα
2729 1187 2886 1240 τοῦτο
2933 1189 3140 1243 ἄνωθεν
3173 1191 3300 1260 πρὶν
3342 1192 3375 1264 ἢ
3429 1193 3708 1260 γενέσθαι·

2141 1266 2260 1323 οἶδα
2287 1271 2427 1322 τίσιν
2450 1269 2648 1322 ἔδωκεν
2683 1273 2710 1323 ὁ
2737 1272 2946 1341 Πατήρ.

2214 1360 2280 1422 γ’.
2305 1354 2473 1406 Ὅταν
2502 1354 2558 1406 δέ
2571 1353 2829 1426 ἀκούσῃς,
2854 1355 2934 1407 611
2954 1355 3198 1422 Δέδωκε,
3229 1357 3303 1430 μὴ
3330 1358 3711 1429 ἀποκλήρωσιν

2147 1435 2332 1500 ἁπλῶς
2369 1436 2580 1506 νόμιζε,
2619 1436 2732 1489 ἀλλ’
2761 1439 2936 1491 ἐκεῖνο
2961 1439 3204 1501 πίστευε,
3235 1440 3315 1493 ὄτι
3344 1443 3372 1494 6
3414 1442 3707 1512 παρασχὼν

2143 1519 2330 1574 ἐαυτὸν
2371 1520 2518 1586 ἀξιον
2555 1518 2648 1571 τοῦ
2685 1520 2889 1580 λαϐεῖν,
2920 1521 3080 1588 αὐτὸς
3119 1522 3325 1575 ἐλαϐεν.
3369 1524 3470 1577 Ἐκ
3499 1527 3708 1579 τούτου

2142 1605 2359 1658 πολλοὶ
2378 1603 2496 1658 τῶν
2517 1605 2798 1674 μαθητῶν
2819 1604 3004 1658 αὐτοῦ
3021 1605 3300 1672 ἀπῆλθον
3313 1608 3398 1672 εις
3415 1608 3487 1659 τὰ
3501 1607 3710 1670 ὀπίσω,

2141 1689 2239 1742 καὶ
2267 1691 2377 1741 οὐκ
2401 1688 2489 1741 ἔτι
2510 1705 2621 1756 μετ
2638 1689 2650 1703 ’
2681 1688 2868 1742 αὐτοῦ
2895 1689 3310 1757 περιεπάτουν.
3343 1690 3538 1754 Καλῶς
3563 1693 3652 1744 καὶ
3685 1694 3714 1746 ὀ

2141 1773 2532 1842 εὐαγγελιστὴς
2565 1773 2664 1824 ούκ
2701 1768 2873 1835 εἶπεν,
2911 1773 3284 1844 ἀνεχώρησαν,
3316 1774 3471 1836 ἀλλά,
3504 1773 3716 1842 Ἀπῆλι

2140 1859 2248 1910 θον
2273 1859 2360 1922 εἰς
2389 1857 2460 1908 τὰ
2489 1857 2701 1921 ὀπίσω,
2733 1855 2904 1924 δηλῶν
2933 1857 3126 1927 ὅτιτῆς
3156 1857 3296 1910 κατὰ
3320 1858 3518 1929 ἀρετὴν
3539 1859 3713 1912 ἐπιδό-

2143 1957 2278 2004 σεως
2301 1940 2656 2009 ὑπετέμοντο,
2686 1939 2782 1990 καὶ
2812 1940 2892 1991 ὅτι
2913 1940 2979 2009 ἣν
3001 1937 3144 2009 εἶχον
3167 1941 3333 1994 πάλαι
3357 1941 3538 1994 πίστιν
3561 1941 3713 1994 ἀπώ-

2141 2022 2322 2085 λεσαν,
2372 2023 2766 2091 ἀποσχίσαντες
2810 2022 3051 2085 ἑαυτούς.
3094 2023 3234 2075 Ἀλλ’
3280 2025 3377 2094 οὺχ
3417 2025 3464 2077 οἱ
3507 2023 3713 2077 δώδεκα

2140 2109 2298 2160 τοῦτο
2331 2106 2549 2158 ἔπαθον.
2598 2106 2688 2158 Διὸ
2738 2106 2831 2159 καί
2877 2124 3009 2176 φησι
3041 2106 3177 2176 πρὸς
3226 2107 3419 2172 αύτούς
3440 2125 3455 2139 ·
3484 2107 3580 2174 Μὴ
3613 2109 3709 2160 καί

2140 2185 2309 2254 ὑμεῖς
2349 2186 2551 2240 θέλετε
2585 2183 2875 2254 ὺπάγειν;
2901 2185 3120 2248 δεικνὺς
3150 2185 3310 2239 πάλιν
3331 2188 3412 2240 ὅτι
3443 2187 3503 2239 06
3545 2187 3712 2239 δεῖται

2139 2270 2239 2339 τῆς
2267 2269 2539 2341 διακονίας
2584 2268 2762 2320 αὐτῶν
2812 2268 2903 2322 καὶ
2943 2269 3041 2338 τῆς
3094 2267 3408 2338 θεραπείας,
3459 2269 3580 2323 οὺδέ
3624 2269 3712 2322 διὰ

2140 2353 2299 2408 τοῦτο
2337 2354 2530 2420 αὐτοὺς
2580 2353 2844 2424 περιῆγεν
2887 2353 3342 2426 ἐπιδεικνύμενος.
3375 2353 3501 2418 Πῶς
3551 2352 3658 2424 γὰρ
3683 2354 3713 2406 6

2142 2439 2236 2490 καὶ
2268 2436 2477 2500 τούτοις
2504 2435 2675 2492 ταῦτα
2701 2436 2905 2503 λέγων;
2937 2435 3088 2489 Διατί
3121 2431 3212 2488 οὖν
3245 2436 3439 2499 αὐτοὺς
3473 2436 3546 2507 μὴ
3576 2435 3698 2506 ἐπῄ⁸

2141 2537 2292 2584 νεσε;
2325 2521 2463 2572 διατί
2500 2519 2574 2590 μὴ
2603 2519 2948 2589 ἐθαύμασεν;
2990 2519 3153 2589 Ὀμοῦ
3185 2520 3283 2590 μὲν
3322 2520 3384 2572 16
3423 2521 3518 2572 τοῦ
3561 2519 3705 2572 διδα-

2143 2599 2344 2653 σκάλου
2376 2600 2584 2670 πρέπον
2611 2599 2827 2669 ἀξίωμα
2865 2599 3068 2668 τηρῶν,
3107 2599 3242 2669 ὁμοῦ
3282 2598 3339 2651 δέ
3367 2600 3598 2661 δεικνὺς,
3631 2600 3712 2652 ὅτι

2141 2685 2229 2738 διὰ
2257 2683 2448 2736 τούτου
2477 2683 2672 2754 μᾶλλον
2691 2681 3014 2749 ἐφέλκεσθαι
3037 2681 3251 2735 ἐδειτοῦ
3275 2683 3492 2754 τρόπου.
3525 2683 3586 2734 Εἰ
3615 2680 3712 2751 μέν

2141 2768 2250 2836 γάρ
2298 2767 2550 2837 ἐπῄνεσε,
2599 2765 2908 2836 νομίζοντες
2946 2765 3094 2832 αὐτῷ
3135 2766 3294 2836 χάριν
3345 2765 3564 2826 διδόναι,
3613 2762 3713 2816 κᾶν

2142 2849 2340 2902 ἔπαθόν
2370 2868 2422 2902 τι
2454 2848 2790 2919 ἀνθρώπινον
2809 2867 2823 2881 ο
2863 2848 2937 2918 τῷ
2965 2848 3022 2900 δέ
3052 2849 3320 2902 δεικνύναι
3359 2847 3432 2918 μὴ
3465 2847 3712 2917 δεόμενον

2144 2932 2306 2984 αὐτὸν
2327 2932 2424 3001 τῆς
2451 2931 2859 3000 ἀκολουθήσεως
2880 2931 3079 2995 αὐτῶν,
3112 2933 3330 3000 κατεῖχε
3358 2929 3575 2999 μᾶλλον.
3606 2929 3714 2981 Καὶ

2143 3014 2244 3085 ὅρα
2265 3014 2379 3078 πῶς
2405 3015 2534 3066 αὐτὸ
2558 3013 2790 3076 συνετῶς
2815 3014 3055 3085 εἴρηκεν.
3093 3015 3166 3066 06
3187 3013 3295 3083 γάρ
3320 3007 3490 3076 εἶπεν,
3529 3011 3715 3064 Ἀπέλ-

2144 3096 2296 3150 θετεο
2353 3098 2508 3150 τοῦτο
2557 3098 2663 3167 γάρ
2712 3097 3102 3167 ἁπωθουμένου
3146 3091 3244 3167 ἦν·
3302 3096 3414 3149 ἀλλ’
3462 3097 3640 3167 ἐρωτᾷ
3689 3092 3708 3132 ί

2144 3181 2338 3247 λέγων,
2361 3181 2457 3247 Μὴ
2487 3182 2583 3234 καὶ
2612 3181 2776 3249 ὑμεῖς
2798 3181 3000 3236 θέλετε
3025 3181 3311 3250 ὐπάγειν;
3337 3181 3513 3251 Ὅπερ
3536 3181 3714 3234 πᾶσαν

2140 3260 2209 3335 ἦν
2237 3265 2598 3334 ἀφαιροῦντος
2619 3265 2738 3334 βίαν
2775 3265 2865 3317 καὶ
2884 3264 3151 3334 ἀνάγκην,
3186 3265 3278 3317 καὶ
3303 3265 3361 3316 06
3393 3264 3712 3334 βουλομένου

2144 3348 2282 3401 αἰδοῖ
2308 3365 2412 3400 τινι
2431 3348 2868 3418 προσηρτῆσθαι,
2889 3347 3022 3399 ἀλλά
3051 3347 3188 3418 μετά
3209 3346 3303 3400 τοῦ
3321 3348 3476 3418 χάριν
3493 3347 3712 3400 εἰδέναι.

2143 3432 2233 3503 Τῷ
2275 3432 2331 3484 δέ
2385 3432 2522 3501 μήτε
2567 3433 2794 3486 ἐκείνων
2837 3431 3212 3500 κατηγορῆσαι
3262 3431 3542 3501 φανερῶς,
3601 3430 3714 3484 ἀλλ’

2143 3516 2326 3586 ἠρέμα
2376 3515 2744 3584 καθάψασθαι,
2778 3514 2978 3580 ’ἔδειξεν
3013 3517 3160 3578 ὅπως
3201 3514 3282 3567 δεῖ
3323 3514 3626 3584 φιλοσοφεῖν
3657 3515 3716 3566 ἐν

2142 3601 2256 3661 τοῖς
2289 3598 2569 3661 τοιούτοις.
2610 3598 2800 3668 Ἡμεῖς
2831 3597 2887 3648 δὲ
2919 3597 3177 3650 τάναντία
3221 3597 3499 3668 πάσχομεν
3520 3614 3534 3628 ·
3575 3598 3716 3650 εἰκό-

2143 3700 2286 3744 τως,
2340 3681 2529 3752 ἐπειδὴ
2579 3681 2677 3750 τῆς
2726 3680 2932 3742 οἰκείας
2979 3681 3227 3750 ἐχόμενοι
3276 3681 3453 3750 δόξης,
3502 3681 3717 3734 ἅπαντα

2147 3765 2476 3835 πράττομεν.
2510 3767 2598 3816 A16
2629 3765 2722 3818 καὶ
2759 3764 3108 3817 ἐλαττοῦσθαι
3137 3764 3430 3835 νομίζομεν
3467 3763 3534 3816 τὰ
3577 3764 3714 3834 ἡμέ-

2144 3867 2278 3919 τερα
2303 3849 2390 3902 διά
2417 3850 2514 3918 τῆς
2535 3850 2935 3919 ἀναχωρήσεως
2957 3848 3066 3900 τῶν
3084 3848 3512 3917 θεραπευόντων.
3530 3848 3716 3912 Οὕτως

2145 3931 2200 3984 δέ
2232 3931 2353 3984 οὕτε
2385 3932 2762 3992 ἐκολάκευσεν,
2799 3929 2922 3983 οὔτε
2953 3931 3320 4002 διεκρούσατο,
3358 3932 3472 3985 ἀλλ’
3504 3931 3716 4004 ἠρώτη-

2148 4032 2259 4067 σεν.
2315 4016 2427 4067 υύκ
2460 4015 2565 4084 ἄρα
2588 4014 3052 4084 καταφρονοῦντος
3077 4011 3164 4086 ἦν,
3199 4015 3334 4069 ἀλλά
3361 4017 3433 4086 μὴ
3465 4015 3717 4086 βουλομέ-

2147 4117 2237 4153 νου
2267 4099 2357 4170 βίᾳ
2391 4100 2485 4152 καὶ
2520 4100 2731 4169 ἀνάγκῃ
2762 4098 3104 4168 κατέχεσθαι.
3129 4100 3171 4153 Τ
3174 4100 3201 4152 6
3226 4099 3334 4170 γὰρ
3365 4098 3505 4153 οὕτω
3539 4100 3717 4169 μένειν

2148 4185 2260 4237 ἴσον
2299 4183 2414 4236 ἐστὶ
2443 4182 2536 4235 τοῦ
2569 4183 2842 4237 ἀπελθεῖν.
2875 4183 2940 4234 Τί
2969 4178 3062 4235 οὖν
3091 4186 3120 4236 6
3146 4185 3378 4254 Πέτρος;
3406 4184 3561 4252 Πρὸς
3584 4185 3719 4236 τίνα

2147 4267 2636 4335 ἁπελευσόμεθα;
2665 4265 2924 4336 Ῥήματα
2952 4265 3099 4334 ζωῆς
3131 4269 3370 4321 αἰωνίου
3393 4269 3578 4336 ἔχεις.
3611 4267 3718 4321 Καὶ

2149 4349 2320 4416 ’ἡμεῖς
2348 4351 2830 4418 πεπιστεύκαμεν
2865 4349 2961 4402 καὶ
2984 4349 3345 4419 ἐγνώκαμεν,
3380 4349 3467 4402 ὅτι
3500 4350 3580 4403 σὺ
3609 4345 3666 4404 εἴ
3685 4352 3719 4404 ό

2149 4434 2454 4502 Χριστὸςό
2503 4436 2632 4500 Υἱὸς
2669 4433 2775 4487 τοῦ
2823 4434 2969 4487 Θεοῦ
3009 4433 3114 4487 τοῦ
3157 4433 3386 4500 ζῶντος.
3436 4435 3595 4505 Ὁρᾷς
3637 4435 3718 4488 ὅτι

2149 4521 2210 4572 06
2244 4520 2310 4572 τὰ
2345 4521 2564 4588 ῥήματα
2603 4513 2669 4586 ἦν
2700 4518 2768 4569 τά
2801 4517 3239 4582 σκανδαλίζονται,
3278 4519 3392 4570 ἀλλ’
3420 4520 3452 4589 ἡ
3481 4519 3718 4589 ἀπροσε-

2153 4601 2240 4666 ξία
2263 4604 2356 4655 καὶ
2386 4605 2418 4670 ἡ
2453 4601 2690 4671 ῥᾳθυμία
2724 4601 2816 4652 καὶ
2849 4600 3208 4670 ἀγνωμοσύνη
3238 4600 3345 4652 τῶν
3376 4601 3716 4668 ἀκουόντωνς

2153 4688 2264 4740 Καὶ
2290 4687 2399 4756 γὰρ
2441 4685 2535 4738 καὶ
2571 4686 2619 4736 εἰ
2669 4687 2742 4755 μὴ
2777 4677 2950 4746 εἶπεν,
2988 4683 3481 4753 ἐσκανδαλίσθησαν
3509 4685 3594 4746 ἂν,
3628 4684 3722 4737 καὶ

2152 4772 2252 4823 οὐκ
2278 4769 2341 4823 ἂν
2374 4769 2697 4831 ἐπαύσαντο,
2728 4770 2900 4838 τροφῇ
2928 4768 3284 4838 προσέχοντες
3307 4769 3392 4819 ἀεὶ
3416 4771 3720 4838 σωματικῇ,

2152 4855 2247 4907 καὶ
2279 4856 2344 4924 τῇ
2379 4856 2448 4923 γῇ
2474 4851 2908 4924 προσηλωμένοι.
2948 4850 3156 4913 Ἀλλως
3186 4851 3262 4914 δέ,
3297 4851 3390 4904 καὶ
3423 4844 3569 4903 οὗτοι
3599 4853 3715 4920 μετ’

2152 4937 2377 4991 ἐκείνων
2408 4938 2603 5006 ἤκουον
2626 4952 2638 4964 ο
2667 4935 2780 4987 ἀλλ’
2816 4935 2965 5004 ὅμως
2992 4933 3251 4986 τάναντία
3274 4933 3493 4986 ἐκείνων
3511 4935 3722 5003 ἀπεφή-

2151 5037 2330 5080 ναντο,
2359 5019 2606 5088 λέγοντες
2628 5035 2641 5048 ο
2670 5018 2822 5085 Πρὸς
2853 5017 2985 5070 τίνα
3011 5016 3467 5084 ἀπελευσόμεθα
3485 5016 3723 5084 ;Πολλῆς

2153 5098 2212 5151 τὸ
2243 5099 2395 5169 ῥῆμα
2425 5097 2805 5168 φιλοστοργίας
2835 5095 3184 5164 ἐμφαντικόν.
3231 5096 3477 5146 Δείκνυσι
3504 5093 3612 5164 γάρ
3642 5095 3722 5145 ὅτι

2153 5184 2355 5246 παντὸς
2390 5182 2571 5243 αὐτοῖς
2605 5183 2751 5233 ἐστιν
2782 5182 2809 5233 6
2835 5178 3160 5241 Διδάσκαλος
3201 5187 3226 5225 ις
3259 5177 3599 5248 τιμιώτερος,
3631 5178 3724 5230 καὶ

2154 5267 2425 5337 πατέρων,
2464 5265 2558 5318 καὶ
2585 5266 2858 5336 μητέρων,
2893 5263 3116 5316 καὶτῶν
3137 5262 3304 5315 ὄντων
3335 5261 3607 5323 ἀπάντων,
3631 5261 3723 5313 καὶ

2154 5349 2494 5411 ἀποστάντας
2540 5349 2702 5402 αὑτοῦ
2731 5349 2830 5400 οὐκ
2874 5347 2950 5400 ένι
2997 5348 3181 5400 λοιπὸν
3225 5344 3326 5398 ποῦ
3369 5346 3721 5412 καταφυγεῖν.

2155 5429 2311 5495 Εἶτα,
2347 5432 2434 5485 ἵνα
2465 5431 2540 5501 μὴ
2564 5433 2692 5502 δοκῇ
2725 5431 2803 5492 τὸ,
2850 5429 3008 5498 Πρὸς
3056 5431 3188 5482 τίνα
3229 5429 3724 5495 ἀπελευσόμεθα;

2153 5517 2243 5568 διά
2274 5515 2430 5568 τοῦτο
2460 5515 2737 5585 εἰρηκέναι
2768 5515 2949 5575 αὑτὸν,
2972 5514 3045 5576 ὡς
3077 5513 3177 5565 οὐκ
3209 5511 3374 5563 ὄντων
3399 5511 3506 5563 τῶν
3539 5509 3726 5562 ὑποδε-

2157 5599 2404 5668 ξαμένων
2455 5600 2672 5662 αὐτοὺς,
2707 5597 2905 5658 εὐθέως
2941 5599 3215 5667 ἐπήγαγε·
3266 5594 3413 5666 [280]
3467 5594 3728 5662 Ῥήματα

2157 5681 2305 5750 ζωῆς
2330 5683 2570 5734 αἰωνίου
2601 5681 2778 5748 ἔχεις.
2811 5682 2873 5733 Οἱ
2905 5681 3002 5750 μὲν
3029 5681 3135 5750 γὰρ
3161 5677 3437 5748 σαρκικῶς
3463 5677 3558 5729 καὶ
3591 5676 3728 5746 μετά

2157 5766 2432 5837 λογισμῶν
2456 5765 2809 5837 ἀνθρωπίνων
2831 5767 3047 5837 ἤκουον,
3077 5756 3137 5818 οῦ
3149 5781 3221 5816 τοι
3241 5763 3297 5816 δὲ
3322 5759 3727 5833 πνευματικῶς,

2225 5896 2248 5923 ε
2288 5879 2434 5932 Ξαιὶι.
2468 5882 2532 5936 εἷς
2550 5880 2690 5928 αὐτόν
2711 5897 2721 5906 ·
2767 5882 2938 5931 ὡσανεὶ
2963 5882 3134 5942 ἔλεγεν,
3163 5879 3232 5928 O6
3269 5880 3365 5940 θορ.
3437 5874 3456 5915 τ
3485 5873 3580 5926 Alii
3607 5871 3732 5936 ἡρώ-

2162 5960 2294 6002 τησε.
2363 5947 2386 5984 ε
2410 5943 2510 5994 Alii
2534 5944 2560 5991 6
2589 5942 2803 6005 Χριστός.
