4084 6360
396 381 500 440 21ί5

395 511 469 554 est
493 496 671 550 mundi
692 511 709 557 ;
735 503 809 561 et,
840 495 984 550 Sicut
1011 495 1142 547 misit
1174 510 1251 546 me
1271 494 1434 547 vivens
1467 492 1637 553 Pater,
1673 500 1721 544 et
1749 507 1837 556 ego
1865 502 1972 540 utro

399 600 602 659 propter
635 589 878 650 Patrem;
920 594 994 645 et.
1029 588 1091 639 de
1131 586 1253 639 cwlo
1285 584 1537 644 descendi,
1570 583 1657 637 ille
1687 580 1971 634 difﬁculta-

396 692 501 737 tem
529 680 707 734 Solvit.
740 679 838 747 Qui
868 679 1008 733 enim
1040 677 1237 747 aliquid
1268 691 1512 745 magnum
1538 674 1606 728 de
1628 690 1685 728 sc
1716 672 1970 740 loquitur,

397 783 675 844 suspectus
721 773 823 826 erit
851 769 1114 825 mendacii
1141 784 1155 833 ;
1186 769 1274 838 qui
1316 782 1445 822 vero
1476 766 1595 819 talia
1624 764 1817 818 deinde
1843 762 1971 815 sub-

397 864 492 929 dit,
544 879 756 918 onmem
803 862 940 916 tollit
980 860 1356 929 suspicionem.
1388 857 1526 911 Nihil
1572 871 1698 909 vero
1726 871 1828 908 non
1868 854 1976 922 agit

396 973 459 1013 ac
486 958 637 1021 dicit,
668 972 734 1010 ne
765 963 947 1025 putent
973 969 1092 1007 eum
1120 966 1237 1005 esse
1256 950 1472 1019 Joseplti
1501 948 1687 1002 ﬁlium.
1710 946 1824 1001 Non
1848 961 1975 1015 ergo

396 1052 513 1105 lucc
562 1050 713 1114 dixit,
775 1057 834 1102 ut
886 1046 1190 1101 scandalum
1242 1051 1479 1113 augeret,
1525 1041 1616 1095 sed
1645 1048 1702 1093 ut
1744 1039 1970 1093 tolleret.

358 1130 361 1133 Δ
396 1140 644 1210 Quisquis
671 1124 813 1193 enim
844 1152 965 1192 eum
992 1136 1157 1190 ﬁlium
1183 1133 1399 1203 Josephi
1421 1141 1677 1201 putasset,
1701 1130 1839 1184 dicta
1869 1146 1973 1183 non

397 1234 692 1301 accepisset
727 1248 740 1283 :
770 1232 860 1300 qui
905 1242 1032 1283 vero
1060 1240 1349 1297 persuasus
1372 1233 1515 1280 esset
1551 1226 1722 1292 ipsum
1751 1222 1817 1277 de
1844 1221 1975 1275 cado

396 1324 761 1388 descendisse,
791 1331 844 1377 et
863 1336 930 1376 eo
954 1333 1300 1374 ascensurum
1323 1330 1440 1371 esse
1462 1316 1667 1369 facilius
1691 1312 1973 1368 libentius-

396 1432 501 1487 que
549 1416 706 1471 dictis
749 1411 1085 1467 attendisset.
1125 1408 1236 1464 Sub
1267 1409 1379 1463 hzec
1403 1408 1560 1460 aliam
1588 1406 1807 1460 adduxit
1829 1404 1974 1458 solu-

400 1512 598 1564 tionem
628 1527 641 1562 :
676 1508 766 1562 6'5.
799 1506 1027 1575 Spiritus
1044 1512 1135 1569 est,
1162 1503 1349 1571 inquit,
1372 1502 1458 1573 qui
1476 1501 1711 1569 viviﬁcat,
1738 1515 1855 1553 caro
1877 1516 1977 1553 non

398 1604 601 1671 prodest
647 1599 965 1670 quidquam:
994 1598 1095 1650 hoc
1146 1603 1247 1658 est,
1296 1593 1426 1660 Qua:
1474 1592 1542 1647 de
1592 1608 1675 1647 nte
1703 1591 1973 1657 dicuntur,

396 1692 743 1761 spiritualiter
764 1700 887 1745 sunt
913 1687 1219 1758 accipienda
1245 1703 1257 1738 :
1292 1701 1412 1739 nam
1444 1686 1531 1755 qui
1562 1685 1848 1738 carnaliter
1883 1698 1978 1735 an-

398 1786 493 1848 dit,
523 1783 653 1837 nihil
684 1783 933 1845 lueratur,
982 1778 1112 1833 nihil
1143 1776 1371 1848 proﬁcit.
1403 1775 1631 1830 Carnalc
1676 1782 1795 1830 erat
1819 1775 1975 1827 dubi-

400 1889 512 1932 tare
538 1873 806 1945 quomodo
829 1874 898 1927 de
920 1872 1052 1925 cado
1073 1870 1455 1934 descendisset,
1484 1877 1777 1937 putareque
1804 1866 1975 1935 ipsum

392 1984 518 2024 esse
562 1968 725 2022 ﬁlium
774 1964 1025 2034 Joseplti;
1072 1977 1280 2017 necnon
1329 1961 1478 2025 illud,
1526 1960 1977 2028 Quomodapotest

397 2061 543 2115 nobis
563 2075 765 2112 carnem
790 2072 932 2111 suam
953 2055 1075 2109 dare
1093 2056 1161 2109 ad
1183 2052 1633 2107 manducandum?
1655 2051 1781 2105 Haac
1800 2050 1977 2104 omnia

398 2152 667 2216 carnalia;
698 2164 817 2219 qum
841 2147 1123 2217 Oportebat
1164 2147 1388 2216 mystice
1430 2154 1486 2198 et
1520 2143 1865 2212 spiritualiter
1893 2143 1970 2197 in-

401 2245 661 2314 telligere.
697 2242 766 2297 Et
810 2240 1082 2312 quomodo
1114 2247 1378 2308 poterant,
1405 2238 1632 2306 inquies,
1683 2236 1980 2305 intelligere

402 2336 524 2407 quid
552 2343 695 2390 esset
719 2348 933 2388 carnem
955 2331 1277 2386 comedere?
1303 2329 1595 2398 Oportebat
1615 2336 1761 2383 certe
1786 2341 1982 2397 oppor-

305 2444 313 2451 ·
402 2439 585 2481 ttutttm
619 2435 828 2491 tempus
874 2432 1182 2491 exSpectare
1209 2429 1263 2476 et
1318 2420 1672 2489 interrogare,
1703 2432 1804 2472 nec
1839 2417 1983 2473 desi-

405 2530 563 2574 stere.
605 2516 767 2571 Verba
814 2531 927 2585 qua:
970 2530 1060 2585 ego
1104 2513 1337 2583 loquutus
1363 2526 1476 2564 sum
1516 2511 1673 2577 vobis,
1699 2510 1910 2579 spiritus
1934 2518 1983 2564 et

407 2613 505 2666 vita
528 2619 680 2674 sunt;
706 2608 761 2663 id
791 2616 894 2673 est,
923 2607 1101 2661 divina
1131 2614 1185 2659 et
1207 2603 1500 2673 spiritualia
1531 2611 1677 2668 sunt,
1725 2601 1857 2657 nihil
1882 2602 1982 2655 lta-

408 2705 531 2759 bent
575 2701 809 2767 carnale,
866 2714 963 2755 nec
1016 2697 1312 2752 naturalem
1366 2694 1840 2765 consequentiam;
1887 2693 1981 2748 sed

409 2797 547 2851 omni
598 2794 900 2867 hujusntodi
943 2794 1281 2856 necessitate,
1332 2800 1386 2846 et
1430 2789 1585 2860 hujus
1629 2789 1750 2842 vita:
1782 2787 1985 2856 legibus

410 2886 573 2943 libera
603 2897 746 2949 sunt,
778 2886 1047 2955 aliumque
1096 2894 1149 2939 et
1198 2882 1465 2937 diversum
1512 2894 1725 2935 sensum
1763 2878 1981 2934 habent.

410 2978 557 3034 Sicut
581 2992 708 3047 ergo
735 2977 837 3031 hoc
862 2977 981 3031 loco
1023 2975 1268 3046 spirituum
1306 2988 1405 3043 pro
1440 2972 1803 3043 spiritualibus
1829 2972 1982 3035 dixit,

409 3073 485 3127 sic
511 3086 630 3124 cum
653 3083 865 3124 carnem
893 3067 1039 3133 dicit,
1062 3082 1164 3121 non
1191 3066 1421 3120 carnalia
1454 3064 1725 3134 intelligit;
1750 3063 1843 3118 sed
1867 3078 1985 3117 car-

410 3162 598 3216 naliter
636 3175 729 3215 eos
771 3159 955 3214 audire
1001 3158 1323 3224 subindicat,
1371 3157 1461 3227 qui
1507 3170 1721 3225 semper
1749 3155 1985 3209 carnalia

408 3252 713 3321 cupiebant,
753 3265 874 3304 eum
923 3250 1248 3319 oportuisset
1289 3248 1582 3318 spiritualia
1625 3256 1898 3318 appetere.
1930 3247 1987 3303 Si

409 3344 525 3414 quis
550 3343 693 3397 enim
714 3342 816 3396 hoc
844 3342 1129 3396 carnaliter
1145 3342 1396 3411 accipiat,
1420 3342 1550 3396 nihil
1573 3341 1826 3396 lucratur.
1848 3339 1985 3407 Quid

409 3435 568 3503 engo?
590 3450 661 3487 an
690 3448 816 3487 caro
845 3433 960 3503 ejus
982 3448 1089 3487 non
1116 3441 1197 3487 est
1214 3433 1380 3487 caro?
1408 3433 1499 3487 Est
1520 3440 1685 3487 certe.
1708 3430 1987 3498 Quomodo

408 3542 535 3595 engn
562 3526 716 3591 dixit,
746 3525 875 3579 Caro
904 3541 1005 3578 non
1030 3524 1578 3595 prodestquidquam?
1602 3524 1716 3577 Non
1742 3522 1809 3577 de
1826 3534 1987 3577 Carne

411 3633 503 3672 sua
534 3618 797 3688 intelligit,
848 3617 1025 3679 absit;
1071 3617 1164 3672 sed
1205 3616 1274 3671 de
1300 3617 1363 3670 iis
1390 3618 1479 3687 qui
1521 3616 1658 3670 dicta
1702 3616 1988 3671 carnaliter

412 3714 733 3780 acciperent.
784 3711 923 3779 Quid
966 3719 1050 3766 est
1095 3720 1275 3765 autem
1320 3711 1611 3766 carnaliter
1648 3711 1987 3781 intelligere?

412 3804 684 3874 Proposita
737 3803 1050 3873 simpliciter
1078 3804 1392 3873 intelligere,
1427 3818 1596 3872 neque
1648 3804 1785 3857 ultra
1829 3803 1986 3873 quid-

412 3901 552 3967 piam
604 3895 927 3967 excogitare.
982 3897 1092 3952 lloc
1140 3904 1223 3951 est
1274 3896 1560 3951 carnaliter
1608 3897 1809 3951 videre.
1869 3896 1985 3950 Non
2030 3931 2037 3937 -

412 3999 620 4058 Oportet
645 4001 821 4044 autem
845 3990 911 4044 de
942 3990 1007 4042 iis
1035 4004 1155 4058 quae
1182 3988 1426 4042 videntur
1457 3989 1526 4041 ita
1546 3988 1799 4056 judicium
1825 3986 1984 4053 ferre,

412 4081 505 4136 sed
553 4082 731 4135 omnia
784 4082 1034 4152 mysteria
1076 4080 1420 4134 interioribus
1449 4080 1617 4134 oculis
1659 4081 1984 4149 perspicere,

412 4173 465 4226 id
492 4180 595 4238 est,
610 4172 990 4241 spiritualiter.
1019 4173 1099 4224 An
1130 4172 1173 4225 is
1203 4172 1290 4240 qui
1318 4186 1423 4225 non
1454 4172 1737 4226 manducat
1769 4187 1985 4227 carnem

412 4265 548 4335 ejus,
579 4280 678 4319 nec
704 4265 837 4320 bibit
878 4264 994 4335 ejus
1035 4265 1367 4335 sanguinem,
1400 4281 1504 4319 non
1536 4264 1700 4320 habet
1740 4268 1900 4319 vitam
1935 4267 1986 4320 itt

413 4357 701 4426 semetipso
730 4375 743 4412 :
770 4356 1038 4427 quomodo
1087 4372 1215 4427 ergo
1261 4373 1387 4412 caro
1438 4372 1541 4412 non
1576 4360 1788 4427 prodest
1830 4359 1985 4426 quid-

412 4462 592 4517 quam,
621 4449 734 4502 sine
760 4465 861 4518 qua
886 4464 989 4502 non
1023 4464 1302 4518 possumus
1332 4448 1548 4503 vivere?
1579 4449 1692 4502 Non
1720 4448 1787 4504 de
1825 4464 1989 4504 carne

416 4540 578 4608 ipsius
606 4540 708 4595 hoc
727 4540 926 4595 dictum
951 4555 1070 4595 esse
1101 4542 1267 4606 vides,
1295 4541 1387 4594 sed
1418 4541 1486 4594 de
1511 4541 1711 4594 carnali
1739 4540 1987 4595 audiendi

415 4631 592 4685 tnodo.
621 4632 712 4687 64.
745 4632 851 4686 Sed
872 4643 987 4686 sunt
1012 4632 1218 4702 quidam
1257 4648 1318 4684 ea;
1342 4630 1475 4685 vobis
1502 4632 1589 4701 qui
1617 4647 1717 4684 non
1754 4633 1983 4685 credunt.

417 4725 642 4774 ttat-sum
693 4737 787 4790 pro
829 4738 975 4776 more
1000 4737 1098 4775 suo
1127 4722 1434 4791 dignitatem
1463 4722 1639 4775 verbis
1658 4722 1863 4789 adjicit,
1903 4722 1987 4775 fu-

416 4822 635 4880 turaque
658 4794 895 4879 praadieit
922 4822 977 4867 et
1002 4810 1252 4879 ostendit,
1284 4826 1343 4865 se
1366 4826 1472 4865 non
1517 4818 1575 4864 ut
1597 4810 1822 4880 gloriam
1848 4810 1986 4880 apud

407 4897 535 4956 illos
567 4908 829 4967 captaret,
869 4900 962 4954 sed
1008 4900 1147 4969 quod
1193 4912 1377 4955 eorum
1420 4900 1581 4956 saluti
1635 4906 1989 4974 prospiceret,

409 4986 513 5044 hoc
532 4988 733 5044 dicere.
759 4993 891 5043 Cum
912 4989 1045 5043 dicit
1065 4998 1267 5055 autem,
1289 4988 1533 5054 Quidam,
1557 4990 1989 5058 discipulossub-

408 5080 580 5133 duxit.
610 5080 765 5135 Initio
813 5096 1043 5148 namque
1088 5080 1320 5145 dixerat,
1354 5078 1422 5131 Et
1450 5080 1647 5134 vidistis
1674 5096 1775 5145 me,
1797 5092 1844 5133 ct
1886 5096 1991 5133 non

407 5171 691 5225 credidistis
718 5170 876 5236 mihi;
905 5171 991 5225 hic
1041 5186 1185 5234 vero,
1222 5169 1356 5225 Sunt
1382 5170 1593 5238 quidam
1622 5187 1684 5224 ex
1728 5172 1865 5225 vobis
1903 5170 1991 5241 qui

408 5277 511 5316 non
537 5265 769 5316 credunt.
801 5263 1163 5318 Sciebatenim
1188 5262 1251 5313 ab
1278 5262 1448 5324 initio,
1475 5262 1683 5328 quinam
1712 5273 1873 5316 essent
1901 5265 1987 5333 qui

408 5373 509 5410 nou
538 5357 813 5421 crederent,
842 5366 889 5411 et
914 5359 1029 5427 quis
1055 5357 1336 5409 traditurus
1359 5366 1483 5409 esset
1511 5371 1645 5409 eum.
1676 5357 1765 5409 65.
1802 5355 1867 5408 Et
1901 5358 1983 5408 di-

406 5450 569 5514 cebat,
601 5448 728 5503 Ideo
764 5451 873 5503 dixi
902 5450 1063 5513 vobis,
1094 5448 1259 5503 Nemo
1292 5459 1453 5517 potest
1481 5450 1651 5502 venite
1670 5450 1738 5501 ad
1767 5466 1861 5509 me,
1884 5450 1982 5502 nisi

411 5543 561 5612 fuerit
605 5545 650 5596 ei
689 5544 867 5596 datum
918 5544 1132 5611 desuper
1170 5560 1202 5596 a
1241 5541 1400 5596 Patre
1445 5559 1573 5597 meo.
1622 5543 1982 5611 Spontaneam

407 5635 522 5703 ejus
547 5636 902 5691 oeconomiam
934 5635 1019 5690 hic
1045 5635 1368 5702 evangelsta
1400 5634 1701 5689 subindicat
1718 5674 1733 5699 ,
1758 5634 1981 5704 ejusque

406 5728 732 5797 patientiam.
766 5728 1029 5797 llludque,
1061 5730 1131 5782 Ab
1174 5730 1340 5797 initio,
1374 5744 1481 5782 non
1532 5728 1647 5781 sine
1693 5742 1851 5781 causa
1896 5727 1982 5782 hic

406 5822 650 5889 ponitur;
691 5823 783 5879 sed
816 5833 872 5879 ut
900 5823 1018 5894 ejus
1064 5824 1453 5893 prtescientiant
1502 5821 1788 5891 intelligas,
1823 5828 1983 5890 atque

1348 380 1410 436 IN
1447 381 1759 438 J0.\NNEM
1801 376 2030 434 IIOMIL.
2076 374 2281 429 XLVII.
2328 375 2396 429 al.
2439 374 2622 430 XLVI.

3553 381 3659 438 266

2084 485 2252 553 ipsum
2284 487 2549 543 antelta-c
2585 490 2765 553 verba,
2812 506 2984 561 neque
3032 504 3307 565 postquam
3354 494 3426 551 illi
3470 499 3661 557 oﬁ‘ensi

2082 590 2568 645 murmuraverant,
2616 581 2941 649 proditorem
2970 585 3216 650 novisse;
3264 586 3313 640 id
3355 587 3497 658 quod
3526 591 3664 645 divi-

2080 667 2259 722 nitatis
2289 680 2421 723 erat.
2454 670 2652 725 Deinde
2677 672 2876 741 adjicit,
2910 672 3025 728 Nisi
3053 677 3203 746 fuerit
3232 679 3274 731 ei
3303 680 3480 733 datum
3508 683 3657 735 desu-

2080 776 2170 830 per
2198 777 2229 812 a
2262 759 2417 815 Patre
2444 780 2571 827 meo,
2605 765 2835 819 suadens
2863 767 2940 821 cis
2968 780 3023 819 ut
3066 768 3275 823 Patrem
3309 786 3462 827 suum
3508 787 3662 843 puta-

2081 861 2200 904 rent
2246 853 2432 919 Deum,
2474 870 2578 907 non
2624 855 2938 924 JOSephllm,
2985 869 3037 914 et
3083 863 3371 917 ostendens
3401 881 3512 919 rent
3556 884 3660 921 ttott

2080 957 2199 997 esse
2246 945 2537 1013 vulgarem,
2584 946 2635 999 itt
2680 962 2801 1001 eum
2832 949 3052 1005 credere
3084 971 3096 1006 :
3131 968 3193 1007 ac
3220 955 3263 1007 si
3289 955 3512 1019 diceret,
3548 959 3662 1014 Non

2083 1033 2317 1098 turbant,
2350 1049 2453 1088 non
2485 1036 2913 1105 obstupefaciunt
2952 1056 3056 1105 me,
3103 1045 3190 1111 qui
3238 1060 3343 1099 non
3386 1048 3658 1106 credunt:

2083 1123 2184 1179 hoc
2207 1125 2315 1192 jam
2346 1126 2473 1180 olim
2501 1127 2624 1182 novi
2645 1138 2928 1200 antequam
2962 1132 3113 1186 ﬁeret
3143 1151 3156 1188 :
3188 1136 3307 1189 novi
3342 1139 3663 1207 quibusnam

2081 1213 2238 1269 Pater
2262 1216 2487 1270 dederit.

2151 1306 2203 1360 ’5.
2245 1307 2377 1361 Cum
2419 1309 2544 1363 illud
2575 1310 2747 1378 audis,
2785 1312 2951 1377 Dedit,
2993 1331 3059 1370 ne
3107 1326 3261 1385 putes
3293 1334 3412 1374 esse
3459 1334 3659 1378 sortem

2081 1400 2399 1468 quamdam;
2430 1403 2519 1455 sed
2549 1404 2707 1458 crede
2736 1420 2858 1478 eum
2884 1408 2972 1475 qui
3011 1423 3069 1462 se
3096 1410 3310 1479 digmnn
3356 1414 3661 1480 prmbuerit,

2082 1491 2133 1544 id
2162 1493 2423 1563 accipere.
2450 1494 2536 1548 66.
2575 1494 2655 1549 Ea:
2681 1497 2773 1550 hoc
2800 1500 2944 1552 multi
2983 1501 3347 1567 discipulorum
3378 1508 3486 1576 ejus
3525 1508 3664 1560 abie-

2078 1592 2197 1634 runt
2244 1594 2396 1648 retro,
2451 1594 2497 1637 et
2530 1586 2645 1655 jam
2690 1604 2790 1639 non
2834 1605 2946 1643 cum
2995 1591 3084 1644 illo
3122 1592 3465 1650 ambulabant.
3503 1597 3666 1652 llecle

2079 1676 2403 1744 evangelista
2432 1694 2535 1730 non
2567 1678 2719 1745 dixit,
2749 1680 3124 1747 Reccsserunt,
3167 1685 3279 1749 scd,
3311 1686 3553 1741 Abierant
3580 1707 3663 1742 re-

2082 1775 2178 1830 tro,
2223 1768 2513 1824 ostendens
2557 1786 2587 1825 a
2633 1773 2845 1828 virtutis
2891 1775 3130 1843 profectu
3176 1778 3405 1847 excisos,
3453 1791 3507 1835 et
3546 1797 3665 1837 eam

2081 1874 2239 1929 quatn
2288 1862 2414 1916 olim
2467 1862 2763 1920 habuerant
2806 1867 2965 1922 ﬁdent
3016 1870 3332 1938 perdidisse,
3378 1889 3499 1928 cunt
3546 1890 3667 1930 sese

2082 1950 2478 2007 abscinderent.
2508 1954 2704 2010 Verum
2750 1956 3031 2013 duodecim
3080 1961 3152 2014 illi
3195 1978 3302 2017 non
3345 1963 3490 2018 item.
3522 1966 3663 2034 Qua-

2088 2055 2305 2111 propter
2332 2045 2463 2099 dixit
2514 2046 2639 2111 illis,
2689 2049 2775 2101 67.
2809 2048 3071 2120 Numquid
3094 2063 3141 2107 et
3170 2069 3254 2108 vos
3300 2057 3450 2111 vultis
3490 2060 3671 2114 abire?

2082 2134 2372 2189 ostendens
2420 2152 2479 2191 se
2528 2138 2733 2193 illorum
2762 2144 3059 2198 ministerio
3090 2154 3144 2199 et
3185 2147 3327 2201 cultu
3356 2163 3459 2203 non
3488 2166 3667 2220 cgere,

2083 2240 2257 2294 neque
2303 2227 2422 2281 ideo
2466 2228 2587 2283 illos
2632 2232 3051 2289 circumducere.
3085 2236 3362 2304 Quomodo
3398 2242 3537 2294 enint
3569 2243 3672 2297 illis

2085 2331 2221 2386 opus
2250 2316 2449 2374 habere
2477 2322 2648 2388 potuit
2676 2323 2763 2392 qui
2806 2323 2919 2378 ha'c
2964 2325 3134 2380 dixit?
3161 2329 3266 2382 Cur
3290 2345 3384 2385 eos
3426 2348 3528 2386 non
3559 2333 3673 2387 lau-

2085 2408 2261 2462 davit?
2290 2425 2386 2464 cur
2414 2427 2518 2465 non
2554 2416 2900 2483 prtedicavit?
2928 2418 3125 2484 Primo,
3154 2429 3210 2473 ut
3238 2423 3475 2492 magistri
3500 2425 3673 2495 digni-

2084 2511 2247 2557 tatem
2273 2515 2534 2572 servaret,
2584 2517 2740 2576 atque
2788 2517 2843 2561 ut
2886 2510 3214 2577 ostenderet,
3248 2514 3327 2567 sic
3372 2516 3495 2569 illos
3534 2518 3670 2572 tralti

2086 2598 2409 2666 oportuisse.
2438 2596 2568 2651 Nam
2598 2600 2640 2652 si
2676 2599 2960 2667 laudasset,
2996 2613 3239 2670 putantes
3266 2621 3324 2660 se
3345 2609 3567 2676 gratiam
3597 2611 3671 2665 illi

2089 2688 2421 2755 pra-stitisse,
2468 2689 2683 2757 aliquid.
2717 2692 3002 2747 humanum
3052 2697 3193 2765 passi
3244 2697 3515 2754 fuissent:
3548 2718 3669 2757 cum

2088 2789 2264 2834 autem
2295 2781 2525 2835 ostendit
2554 2797 2613 2837 se
2636 2783 2844 2837 illorum
2872 2800 2980 2838 non
3010 2801 3171 2856 cgere
3199 2794 3472 2853 comitatu,
3505 2794 3672 2862 magis

2087 2885 2181 2925 eos
2224 2873 2507 2926 continuit.
2558 2874 2620 2927 Et
2668 2876 3032 2932 animadverte
3076 2896 3233 2948 qttam
3286 2884 3675 2950 prndenterlo-

2087 2973 2300 3033 quatur.
2333 2965 2450 3020 Non
2472 2966 2623 3031 dixit,
2657 2968 2850 3024 Abite:
2883 2970 2933 3024 id
2965 2972 3107 3026 cnim
3132 2975 3438 3043 repellentis
3466 2977 3670 3045 luisset;

2088 3057 2181 3111 sed
2210 3057 2521 3129 interrogat,
2552 3060 2692 3115 Num
2720 3073 2764 3117 et
2791 3078 2876 3118 vos
2902 3066 3051 3119 vultis
3075 3066 3252 3121 abire?
3280 3070 3429 3138 Quod
3459 3087 3672 3127 onmem

2089 3153 2363 3209 auferebat
2390 3158 2493 3210 vim
2525 3167 2578 3212 et
2608 3160 3004 3226 necessitatem,
3036 3176 3103 3215 ne
3132 3162 3332 3231 pudore
3369 3164 3673 3221 detineren-

2090 3252 2196 3303 tur.
2229 3245 2322 3298 sed
2352 3254 2406 3299 et
2447 3248 2670 3315 gratiam
2710 3247 2988 3304 baberent.
3038 3250 3172 3305 Cum
3202 3262 3377 3307 autem
3419 3256 3537 3311 illos
3568 3274 3672 3313 non

2092 3326 2267 3405 palan‘t
2297 3341 2585 3403 accusavit,
2618 3340 2709 3394 sed
2761 3342 3001 3397 modeste
3048 3344 3240 3412 tetigit,
3284 3347 3515 3401 ostendit
3544 3366 3675 3419 quo-

2090 3432 2253 3485 modo
2281 3442 2526 3501 Oporteat
2553 3434 2604 3487 in
2632 3434 2894 3488 similibus
2937 3435 3323 3505 philosophari.
3366 3438 3472 3494 Nos
3492 3451 3672 3496 autem

2085 3524 2206 3593 jure
2228 3527 2494 3579 contraria
2522 3526 2773 3596 patimur,
2806 3528 2927 3597 quia
2947 3531 3126 3582 omnia
3143 3529 3327 3598 gloria:
3354 3548 3512 3586 causa
3543 3534 3672 3589 faci-

2091 3630 2227 3680 mus,
2277 3616 2503 3686 ideoque
2548 3632 2614 3671 cx
2658 3618 2979 3673 famulorum
3034 3636 3251 3676 recessu
3300 3634 3478 3679 nostra
3509 3627 3673 3685 minui

2093 3719 2358 3777 putamus.
2411 3710 2500 3764 Sic
2555 3726 2715 3781 porro
2763 3726 2862 3766 nec
2906 3712 3150 3768 adulatus
3193 3725 3293 3779 est,
3328 3732 3426 3771 nec
3454 3721 3667 3788 repulit,

2091 3799 2184 3852 sed
2230 3800 2597 3870 interrogavit.
2626 3800 2741 3855 Non
2785 3818 2912 3870 ergo
2938 3807 3240 3873 spernentis
3286 3808 3385 3861 ltoc
3411 3821 3545 3875 erat,
3578 3815 3672 3869 sed

2091 3892 2322 3945 nolentis
2348 3908 2442 3945 eos
2481 3894 2528 3945 vi
2552 3902 2607 3947 et
2633 3897 2950 3951 necessitate
2980 3898 3257 3962 detinere;
3293 3917 3412 3955 nam
3457 3905 3522 3958 ita
3558 3925 3673 3962 ma-

2091 3999 2241 4049 nere,
2292 3985 2432 4039 idem
2482 3985 2671 4042 fuisset
2719 3999 2878 4054 atque
2904 3991 3071 4047 abire.
3120 3993 3256 4061 Quid
3294 4011 3421 4065 ergo
3450 3999 3675 4057 Petrus?

2092 4075 2180 4130 68.
2214 4076 2295 4129 Ad
2321 4093 2466 4147 quem
2508 4079 2730 4133 ibimus?
2790 4079 2949 4135 Verba
2999 4085 3110 4137 vita:
3150 4097 3354 4140 (uterum
3378 4090 3546 4144 habes.
3582 4094 3673 4148 (s9.

2091 4169 2158 4223 Et
2201 4186 2293 4225 nos
2337 4171 2641 4227 credidimus
2687 4183 2733 4226 et
2775 4176 3114 4244 cognovimus,
3147 4180 3264 4244 quia
3286 4188 3335 4231 tu
3366 4196 3416 4233 es
3447 4181 3675 4237 Christus

2090 4258 2260 4315 Filius
2291 4260 2386 4315 Dei
2433 4264 2546 4316 vivi.
2582 4263 2769 4318 Vidcn’
2796 4281 2899 4317 non
2928 4267 3085 4320 verba
3128 4268 3474 4325 offensionem
3509 4290 3671 4343 pepe—

2089 4354 2247 4418 risse,
2272 4354 2366 4408 sed
2390 4354 2710 4419 socordiam,
2754 4355 3036 4421 desidiam,
3071 4368 3123 4412 et
3161 4361 3550 4427 improbitatem
3576 4384 3671 4419 att-

2091 4444 2359 4497 diturum?
2380 4444 2509 4497 Nam
2540 4445 2745 4499 etiamsi
2782 4445 2881 4499 ltoc
2908 4463 3011 4500 non
3053 4448 3295 4513 dixisset,
3326 4450 3671 4512 nihilominus

2091 4535 2277 4590 offensi
2306 4534 2549 4602 fuissent,
2568 4552 2662 4589 nec
2691 4536 3036 4602 destitissent,
3054 4538 3229 4593 cibum
3248 4555 3461 4610 semper
3481 4560 3672 4614 corpo.

2090 4642 2240 4682 reum
2268 4636 2534 4693 curantes,
2563 4641 2625 4681 ac
2653 4636 2808 4681 terrae
2834 4628 2998 4682 afﬁxi.
3027 4630 3274 4699 Alioquin
3292 4641 3468 4686 autem
3496 4636 3544 4687 lti
3568 4652 3669 4693 ttua

2090 4732 2209 4772 cum
2238 4718 2341 4771 illis
2362 4719 2664 4782 audierunt,
2688 4717 2781 4772 sed
2811 4720 3082 4773 contrarie
3106 4719 3276 4774 affecti
3322 4723 3482 4778 modo
3517 4725 3671 4781 dixe-

2091 4820 2235 4875 runt,
2266 4810 2344 4862 Ad
2371 4826 2514 4879 quem
2542 4810 2768 4864 ibimus?
2792 4809 3027 4866 Verbum
3070 4813 3243 4883 magni
3275 4813 3496 4871 aﬂ'ectns
3537 4820 3675 4873 indi-

2095 4898 2260 4951 cium.
2292 4898 2572 4965 Signiﬁcat
2601 4919 2742 4953 enim
2790 4904 3095 4972 Magisu'uut
3136 4910 3233 4960 sibi
3284 4914 3531 4965 ontntbus
3562 4929 3680 4968 es~a

2095 4991 2384 5052 cariorem,
2432 4995 2690 5058 patribus,
2745 4998 3023 5061 matribus,
3075 5001 3433 5069 facultatibus,
3477 5022 3676 5075 eosque

2096 5079 2186 5146 qui
2217 5080 2285 5133 ab
2317 5082 2433 5150 ipso
2461 5083 2766 5149 discedunt,
2802 5103 2902 5139 non
2948 5090 3144 5145 habere
3171 5110 3275 5159 quo
3306 5111 3366 5150 se
3394 5097 3674 5166 recipiant.

2097 5168 2298 5225 Deinde
2350 5188 2416 5227 ne
2466 5176 2735 5230 videretur
2783 5177 2947 5244 illud,
2990 5183 3069 5235 Ad
3116 5201 3261 5253 quem
3300 5187 3528 5243 ibimus?
3558 5190 3677 5243 ideo

2095 5262 2315 5328 dixisse,
2345 5267 2486 5334 quod
2512 5284 2616 5321 non
2647 5281 2829 5326 essent
2858 5275 2948 5344 qui
2979 5277 3125 5344 ipsos
3153 5281 3470 5346 reciperent,
3495 5292 3601 5336 stat
3624 5299 3674 5336 m

2086 5358 2289 5424 adjicit,
2321 5359 2483 5415 Verba
2510 5364 2626 5417 vita:
2649 5376 2851 5421 (sternte
2875 5372 3049 5427 habes.
3075 5373 3176 5427 Alii
3204 5376 3345 5428 enim
3383 5376 3668 5431 carnaliter

2087 5460 2141 5504 et
2171 5451 2396 5506 humana
2434 5466 2611 5511 mente
2641 5463 2958 5527 audiebant;
2993 5463 3044 5516 hi
3074 5481 3200 5518 vero
3226 5467 3593 5534 spiritualiter,
3617 5478 3672 5525 et

2089 5541 2208 5595 ﬁdei
2230 5552 2831 5607 totumcummittentes.
2850 5555 3449 5614 ldeoChristusdieebat
3471 5579 3483 5614 :
3504 5560 3671 5616 Verba

2087 5654 2203 5707 qua:
2230 5640 2466 5709 loquutus
2496 5660 2608 5697 sum
2636 5648 2806 5714 vobis,
2837 5651 3047 5720 spiritus
3077 5663 3230 5715 sunt;
3261 5654 3310 5707 id
3342 5665 3443 5721 est,
3477 5654 3550 5710 Ne
3580 5672 3671 5713 su-

2088 5730 2312 5799 spiceris
2352 5733 2649 5791 doctrinam
2697 5754 2894 5808 meam,
2939 5758 3117 5797 rerum
3166 5748 3562 5816 consequentia:
3605 5763 3669 5804 ac

2086 5819 2392 5889 necessitati
2415 5825 2712 5897 subjacere.
2738 5831 2851 5889 Non
2886 5832 3187 5906 hujusmodi
3214 5852 3334 5893 sunt
3367 5841 3667 5908 Spiritualia
