4084 6360
498 351 598 407 ἘἸ

500 481 596 523 nec
623 468 852 521 terrenis
883 463 1088 535 legibus
1112 466 1266 521 subdi
1306 470 1600 538 patiuntur.
1629 470 1684 526 ld
1712 471 1908 527 Paulus
1940 487 2073 542 quo-

502 575 598 633 jue
625 559 860 614 declarat
888 559 971 614 bis
1003 560 1181 614 verbis
1209 579 1223 615 :
1257 562 1340 615 Ne
1367 563 1508 617 dicas
1549 564 1603 618 in
1628 562 1778 618 corde
1811 575 1917 631 tuo,
1952 566 2079 629 Quis

492 651 728 704 ascendet
777 650 829 703 in
872 650 1094 704 caelum?
1139 651 1233 704 hoc
1262 661 1354 717 est,
1383 652 1639 707 Christum
1679 654 1958 721 deducere;
1986 664 2077 709 aut

491 742 603 811 quis
630 741 893 794 descendet
919 741 971 793 in
999 742 1273 810 abyssum?
1314 744 1408 795 hoc
1436 753 1528 807 est,
1563 744 1820 798 Christum
1846 763 1909 799 ea:
1934 763 2074 800 mor-

493 832 589 884 tuis
612 846 843 885 revocare
867 830 1038 901 (Rom.
1063 832 1148 886 10.
1185 832 1238 887 6.
1260 833 1337 902 7).
1368 832 1530 887 Verba
1554 836 1879 889 vitteceterme
1900 837 2067 893 habes.

488 922 605 975 Jam
659 922 711 975 bi
759 924 1207 978 resurrectionem
1238 936 1589 995 acceperant,
1632 936 1686 981 et
1728 936 1891 982 totam
1925 928 2071 982 illam

487 1024 709 1069 sortem.
756 1014 907 1079 Vide,
958 1032 1164 1085 quaeso,
1219 1016 1438 1071 fratrum
1469 1028 1756 1083 amantem,
1804 1022 2072 1091 queuiodo

490 1106 649 1159 totius
677 1116 846 1161 cmtus
868 1122 1081 1161 causam
1112 1120 1234 1178 agat
1262 1126 1276 1163 :
1307 1125 1412 1163 non
1440 1110 1574 1164 dixit
1613 1112 1776 1175 enim,
1808 1112 2067 1182 Cognovi,

486 1197 601 1262 sed,
632 1196 965 1266 Cognovimus
991 1215 1009 1251 :
1041 1200 1146 1252 imo
1191 1202 1367 1270 potius
1411 1203 1777 1259 animadverte
1799 1204 2068 1274 quomodo

485 1287 550 1341 ad
579 1290 690 1358 ipsa
718 1288 950 1358 Magistri
980 1292 1139 1345 verba
1166 1292 1405 1357 accedat,
1430 1309 1535 1347 non
1556 1294 1739 1349 eadem
1762 1312 1879 1364 quae
1898 1297 2067 1352 Judaei

486 1378 727 1448 loquens.
762 1379 838 1433 Illi
865 1382 1004 1434 enim
1032 1383 1301 1445 dicebant,
1330 1382 1431 1437 Hic
1459 1394 1529 1437 est
1560 1386 1697 1453 ﬁlius
1724 1384 1951 1457 Ioseph;
1981 1387 2068 1443 hic

482 1480 680 1535 autem,
711 1471 791 1526 Tu
820 1490 871 1526 es
894 1474 1122 1527 Christus
1151 1473 1298 1528 Flius
1329 1475 1426 1529 Dei
1468 1479 1597 1541 vivi;
1628 1487 1700 1542 et,
1757 1478 1919 1533 Verba
1954 1482 2069 1536 vita:

482 1577 685 1620 (eterna:
728 1567 899 1620 habes.
946 1566 1107 1620 Forte
1152 1569 1272 1638 quia
1302 1585 1446 1637 saepe
1477 1570 1650 1639 ipsum
1680 1572 1944 1628 dicentem
1972 1590 2066 1629 au-

482 1660 652 1714 dierat
682 1678 696 1716 :
729 1660 829 1725 Qui
854 1662 1011 1714 credit
1033 1663 1087 1715 iu
1108 1679 1203 1727 me,
1230 1664 1375 1717 habet
1393 1664 1543 1717 vitam
1563 1675 1823 1719 aeternam.
1846 1668 2066 1723 Demon-

480 1759 615 1805 strat
638 1753 783 1806 enim
824 1768 885 1807 se
928 1753 1066 1808 dicta
1095 1756 1272 1807 omnia
1318 1757 1568 1819 retinere,
1601 1772 1723 1811 cum
1756 1760 1866 1829 ipsa
1900 1761 2062 1817 verba

481 1854 717 1914 usurpat.
747 1846 881 1912 Quid
913 1861 1041 1915 ergo
1061 1846 1343 1902 Christus?
1368 1847 1484 1905 Non
1514 1848 1767 1916 laudavit,
1794 1867 1894 1907 nec
1922 1853 2065 1908 cele-

479 1934 651 1990 bravit
677 1936 913 2002 Petrum,
936 1937 1076 2007 quod
1096 1946 1276 1992 tamen
1299 1940 1422 1995 alibi
1453 1938 1596 1994 fecit.
1621 1940 1726 1996 Sed
1748 1943 1873 2011 quid
1895 1943 2064 1999 dicit?

477 2025 567 2080 70.
622 2027 808 2081 Nonne
852 2045 940 2098 ego
988 2044 1073 2083 vos
1102 2031 1365 2083 duodecim
1394 2032 1541 2101 elegi,
1586 2041 1636 2085 et
1677 2050 1807 2087 unus
1833 2051 1898 2089 ea:
1926 2035 2062 2090 vobis

476 2121 706 2175 diabolus
732 2123 848 2176 est?
889 2123 1021 2190 Quia
1062 2125 1203 2178 enim
1236 2125 1327 2179 ille
1361 2125 1592 2189 dixerat,
1624 2126 1691 2181 Et
1718 2145 1809 2183 nos
1838 2132 2059 2185 credidi-

474 2229 606 2277 mus,
637 2215 835 2284 excipit
875 2231 942 2270 ex
972 2232 1195 2271 numero
1236 2217 1449 2274 Judam.
1482 2221 1620 2275 Alibi
1651 2224 1793 2277 enim
1833 2225 1961 2279 nihil
1992 2226 2061 2283 de

473 2304 751 2375 discipulis
776 2306 911 2361 dixit
936 2324 948 2360 :
976 2308 1071 2362 scd
1095 2323 1215 2363 cum
1237 2308 1480 2365 Christus
1500 2312 1743 2378 dixisset,
1776 2313 1875 2369 Vos
1895 2327 2061 2370 autem

472 2414 620 2467 queat
648 2415 727 2452 me
769 2415 875 2453 esse
897 2401 1101 2455 dicitis?
1130 2402 1423 2470 respondit,
1453 2402 1532 2459 Tu
1554 2421 1605 2458 es
1636 2405 1866 2461 Christus
1891 2407 2059 2464 Filius

471 2487 567 2541 Dei
594 2489 839 2557 viventis(
868 2489 1055 2545 Matth.
1085 2492 1173 2547 16.
1203 2494 1270 2548 15
1291 2493 1335 2563 ).
1381 2493 1478 2549 llic
1505 2511 1632 2550 vero
1677 2498 1797 2566 quia
1826 2498 2055 2567 dixerat,

470 2578 539 2632 Et
567 2598 659 2635 nos
688 2582 1013 2649 credidimus,
1044 2585 1235 2638 merito
1256 2585 1445 2639 Judam
1464 2588 1649 2641 eximit
1670 2604 1734 2643 ex
1756 2591 1846 2644 illo
1867 2590 2054 2658 choro;

470 2671 522 2725 id
550 2687 677 2726 vero
703 2671 849 2739 facit,
877 2676 986 2742 jam
1017 2674 1104 2729 diu
1134 2684 1257 2730 ante
1301 2677 1587 2745 proditoris
1631 2680 1905 2749 perﬁdiam
1935 2698 2059 2752 pro-

470 2766 708 2830 pulsans.
740 2763 951 2819 Guarus
995 2780 1054 2821 se
1102 2765 1234 2819 nihil
1267 2767 1547 2836 proﬁcere,
1598 2770 1739 2840 quod
1767 2770 1818 2826 in
1857 2786 1918 2827 se
1943 2782 2059 2828 erat

470 2855 618 2913 fecit.
1600 2854 1603 2859 ﬁ

544 2950 600 3004 4.
641 2951 709 3005 Et
736 2952 945 3007 intuere
986 2952 1300 3021 sapientiam
1334 2970 1477 3009 :non
1523 2955 1671 3012 illum
1716 2957 2055 3015 manifestum

476 3041 729 3108 reddidit,
762 3059 935 3113 neque
974 3044 1142 3100 latere
1170 3050 1389 3101 omnino
1419 3050 1693 3118 permisit;
1728 3060 1837 3105 tum
1864 3066 1931 3106 ne
1955 3052 2055 3107 im-

468 3133 751 3203 pudentior
794 3135 1229 3206 pervicaciorque
1269 3137 1460 3202 ﬁeret;
1516 3150 1625 3194 tum
1669 3155 1736 3196 ne
1783 3157 1842 3197 se
1885 3144 2053 3199 latere

467 3235 679 3293 putans,
724 3226 975 3281 audacius
1004 3228 1137 3283 illud
1188 3228 1391 3283 facinus
1416 3230 1606 3286 adiret.
1636 3232 1836 3287 Idcirco
1866 3234 1917 3288 in
1962 3250 2051 3290 se-

464 3318 749 3386 quentibus
776 3319 1009 3387 apertius
1053 3320 1201 3374 illum
1243 3324 1501 3392 coarguit.
1536 3324 1689 3379 Prius
1715 3335 1861 3381 certe
1901 3327 2048 3382 ίΙιιιιιι

464 3424 585 3463 cum
611 3410 731 3464 aliis
757 3414 1184 3479 cunnumeravit,
1213 3430 1335 3469 cum
1380 3416 1546 3483 dixit,
1594 3418 1729 3473 Sunt
1754 3422 1958 3487 quidam
1987 3439 2050 3477 ea:

465 3500 599 3554 vobis
624 3502 708 3571 qui
738 3518 837 3556 non
861 3504 1107 3573 credunt,
1136 3506 1189 3560 id
1218 3507 1358 3576 quod
1403 3508 1640 3565 declarat
1680 3514 2004 3583 evangelista
2030 3533 2041 3568 :

465 3594 667 3649 Sciebat
713 3596 844 3649 enim
871 3596 933 3650 ab
958 3597 1101 3651 initio
1129 3600 1215 3665 qui
1238 3610 1400 3653 essent
1420 3617 1526 3656 non
1554 3604 1827 3669 credentes,
1862 3615 1906 3661 et
1934 3608 2046 3676 quis

464 3689 740 3742 traditurus
760 3699 885 3746 esset
902 3690 1087 3759 ipsum.
1103 3690 1234 3759 Quia
1258 3708 1386 3746 vero
1410 3694 1497 3749 ille
1519 3696 1856 3765 persistebat,
1870 3699 2045 3754 acrius

461 3781 661 3849 arguit,
695 3780 837 3835 Unus
883 3798 945 3835 ex
985 3783 1121 3837 vobis
1171 3784 1398 3838 diabolus
1449 3796 1560 3853 est,
1601 3802 2046 3862 communemque

460 3873 709 3929 omnibus
738 3882 936 3931 metum
966 3876 1185 3941 incutit,
1216 3888 1271 3931 ut
1312 3879 1455 3932 illum
1484 3880 1776 3950 obtegeret.
1804 3883 1901 3938 llic
1923 3884 2045 3953 jure

460 3975 770 4035 quaeratur:
799 3966 908 4020 Cur
935 3967 1064 4021 nihil
1103 3968 1347 4038 discipuli
1389 3986 1527 4026 nunc
1565 3973 1767 4038 dicunt,
1800 3975 1898 4029 sub
1930 3976 2045 4031 haec

460 4067 635 4111 autem
659 4056 905 4111 dubitant
925 4099 945 4123 ο
981 4059 1205 4123 timent,
1236 4075 1294 4114 se
1322 4071 1506 4116 mutuo
1532 4066 1823 4134 respiciunt
1853 4082 2043 4137 rogan-

462 4158 559 4213 tes,
588 4149 851 4218 Numquid
894 4166 983 4221 ego
1026 4168 1157 4216 sum,
1191 4151 1403 4207 Domine
1434 4152 1661 4226 (Matth.
1690 4156 1781 4211 i6.
1804 4157 1874 4214 22
1897 4158 1949 4228 )?
1976 4159 2044 4213 Et

458 4241 649 4297 Joanni
682 4243 868 4298 Petrus
908 4244 1101 4307 innuit,
1126 4253 1180 4299 ut
1206 4244 1512 4315 Magistrum
1554 4259 1897 4317 percontetur
1923 4251 2043 4321 quis

458 4334 528 4387 sit
554 4334 811 4404 proditor.
839 4335 952 4403 Qua
1002 4350 1129 4406 ergo
1172 4337 1240 4392 de
1280 4340 1485 4393 causa?
1512 4339 1758 4396 Nondum
1802 4343 2043 4399 audierat

457 4428 669 4493 Petrus,
713 4428 851 4483 Vade
893 4440 1005 4501 post
1044 4446 1158 4495 me,
1192 4440 1391 4485 satana.
1444 4432 1568 4489 Ideo
1616 4450 1721 4489 non
1772 4436 2036 4492 timebat:

457 4532 737 4592 postquam
764 4533 940 4577 autem
969 4524 1273 4594 increpatns
1297 4535 1398 4590 est,
1430 4536 1484 4581 et
1510 4528 1678 4581 multo
1702 4544 1821 4583 cum
1846 4529 2037 4585 all‘cctu

456 4614 709 4686 loquutus
734 4656 749 4679 ,
781 4632 884 4671 non
914 4616 1157 4672 laudatus
1184 4630 1266 4673 est
1292 4659 1308 4683 ,
1339 4620 1436 4675 sed
1476 4629 1529 4679 et
1556 4633 1768 4678 satanas
1793 4625 1993 4680 audivit
2021 4644 2037 4692 ;

458 4707 558 4762 hac
588 4717 834 4777 percepta
861 4722 1014 4774 voce,
1042 4708 1189 4764 Unus
1226 4726 1289 4765 ea:
1315 4712 1452 4767 vobis
1493 4715 1655 4769 tradet
1683 4732 1762 4768 me
1785 4756 1798 4777 ,
1826 4716 1947 4786 jure
1974 4719 2040 4772 ti-

455 4798 610 4851 uiuit.
641 4799 926 4869 Alioquin,
960 4815 1063 4854 non
1094 4799 1221 4855 dicit
1248 4817 1388 4856 nunc
1408 4844 1422 4867 ,
1461 4803 1609 4858 Unus
1632 4822 1694 4859 ex
1714 4807 1850 4860 vobis
1877 4811 2038 4863 tradet

456 4906 569 4953 me;
600 4889 717 4957 sed,
752 4890 893 4946 Unus
917 4908 979 4946 ea:
1002 4892 1139 4946 vobis
1162 4901 1235 4947 est
1263 4893 1512 4947 diabolus.
1547 4895 1720 4961 Quare
1745 4913 1850 4952 non
1883 4900 2040 4954 intel-

454 4982 691 5052 ligebant
715 4983 837 5051 quid
864 4984 1131 5039 diceretur
1154 5027 1168 5049 ,
1198 4984 1290 5041 sed
1320 4986 1570 5040 malitiam
1617 4996 1818 5044 tantum
1851 5007 2035 5060 repre-

455 5073 616 5130 hendi
644 5075 918 5144 putabant.
946 5075 1055 5130 Cur
1082 5087 1259 5131 autem
1286 5078 1446 5147 dixit,
1478 5078 1661 5135 Nonne
1689 5098 1779 5152 ego
1804 5099 1889 5135 vos
1909 5084 2036 5137 duo-

451 5167 613 5222 decim
640 5166 786 5237 elegi,
821 5175 866 5220 et
895 5183 1023 5222 unus
1061 5185 1124 5223 ea:
1147 5170 1282 5223 vobis
1322 5171 1552 5227 diabolus
1592 5175 1705 5228 est?
1732 5175 2031 5231 Doctrinam

452 5274 602 5313 suam
630 5258 779 5314 omni
824 5258 1127 5316 adulatione
1172 5276 1389 5317 vacuam
1436 5265 1693 5320 indicans.
1725 5266 1858 5321 Cum
1889 5270 2031 5323 enim

452 5352 860 5410 abscedentibus
882 5352 1162 5419 omnibus,
1196 5353 1294 5422 ipsi
1325 5355 1423 5410 soli
1450 5367 1724 5414 manerent
1746 5401 1762 5425 ,
1791 5369 1847 5415 et
1888 5361 2031 5416 Petri

452 5459 545 5499 ore
565 5444 834 5501 Christum
872 5443 1291 5509 conﬁterentur;
1318 5462 1387 5501 ne
1414 5456 1655 5514 putarent
1677 5466 1735 5505 se
1758 5452 1875 5507 ideo
1904 5454 2031 5521 ipsis

452 5534 791 5591 adulaturum
840 5551 960 5592 esse
984 5576 1003 5604 ,
1036 5536 1172 5591 hanc
1223 5547 1436 5593 amovet
1480 5542 1868 5609 suSpicionem;
1896 5561 1959 5600 ac
1985 5548 2031 5600 si

451 5627 651 5683 diceret
681 5646 693 5681 :
718 5627 858 5681 Nihil
887 5643 973 5683 me
1014 5627 1228 5682 cohibet
1256 5630 1540 5697 quominus
1567 5632 1737 5685 malos
1766 5648 1981 5703 arguam
2012 5655 2026 5691 :

453 5734 521 5773 ne
541 5720 734 5789 putetis
762 5734 849 5775 me
876 5720 1048 5787 vobis,
1079 5721 1196 5790 quia
1229 5722 1477 5787 manetis,
1506 5721 1843 5779 adulaturum
1867 5742 1986 5782 esse
2011 5746 2026 5796 ;

453 5822 541 5867 aut
569 5814 687 5883 quia
733 5830 817 5869 me
866 5816 1185 5886 sequimini,
1214 5817 1483 5889 improbos
1526 5832 1629 5873 non
1668 5819 2027 5907 reprehensu-

1237 351 1294 407 s.
1334 350 1611 409 JOANNIS
1636 350 2110 409 cunvsosrosu
2162 353 2475 419 ancmer.
2514 363 3046 431 CONSTANTINOP.

3667 398 3768 459 ΞΒ

2189 491 2329 531 rum.
2356 478 2487 559 Nam
2514 485 2656 553 quod
2689 491 2854 560 magis
2884 504 3063 561 posset
3100 496 3407 570 Magistrum
3435 509 3679 583 ﬂectere,
3712 520 3764 576 id

2184 584 2290 669 non
2322 586 2408 625 me
2436 574 2620 632 ﬂectit.
2652 579 2750 645 Qui
2781 594 2962 639 manet
2982 626 2996 651 ,
3020 592 3217 647 amoris
3252 595 3336 651 sui
3365 598 3453 655 dat
3486 574 3756 669 indicium.

2183 658 2282 727 Qui
2310 663 2510 720 electus
2547 679 2626 723 est
2656 686 2687 725 a
2714 672 2983 745 Magiswo,
3009 680 3077 735 ab
3108 683 3500 760 insipientibus,

2181 755 2352 808 saniat
2376 796 2391 820 ,
2423 761 2730 829 repelletur.
2763 769 3008 824 Attamen
3061 790 3230 846 neque
3270 779 3371 837 hoc
3410 800 3496 841 me
3522 804 3550 841 a
3579 807 3761 862 repre-

2180 843 2466 902 hendendo
2516 853 2749 910 abducit.
2783 859 2891 913 [lae
2932 862 3000 917 de
3046 881 3105 920 re
3145 843 3312 925 ctiam
3356 891 3495 933 nunc
3531 843 3758 949 genﬁles

2178 936 2448 994 Christum
2498 959 2781 1013 accusant,
2812 952 2906 1007 sed
2950 954 3137 1023 frigide
3173 970 3227 1015 et
3263 968 3441 1023 stulte.
3473 936 3586 1027 Ndn
3614 936 3756 1036 enim

2178 1034 2496 1089 necessitate
2542 1049 2633 1093 aut
2680 1041 2731 1095 vi
2779 1042 2919 1099 Deus
2965 1047 3131 1105 bonos
3160 1052 3335 1112 facere
3383 1062 3552 1131 solet,
3585 1034 3755 1138 neque

2175 1124 2367 1179 electio
2397 1128 2512 1197 ejus
2540 1140 2622 1185 est
2652 1135 2879 1193 violenta
2904 1181 2920 1204 ,
2962 1144 3054 1197 sed
3096 1161 3126 1200 a
3169 1149 3415 1208 suasione
3463 1124 3751 1225 perﬁcitilr.

2176 1216 2245 1271 Ut
2289 1229 2465 1315 autem
2519 1224 2693 1280 discas
2724 1233 3055 1289 vocationem
3093 1254 3198 1294 non
3239 1242 3343 1298 vim
3372 1216 3602 1317 inferre,
3635 1268 3754 1322 per-

2174 1310 2348 1378 pende
2390 1306 2521 1383 quot
2550 1321 2720 1372 vocati
2753 1324 3026 1389 perierint.
3060 1330 3211 1388 Unde
3240 1338 3411 1404 palam
3436 1351 3538 1408 est,
3572 1306 3753 1400 i'n‘no-

2172 1411 2284 1457 stro
2331 1405 2484 1460 sitam
2530 1425 2647 1466 esse
2682 1415 2903 1471 arbitrio
2947 1421 3027 1475 vel
3058 1425 3307 1496 salutem,
3337 1433 3415 1487 vel
3462 1440 3748 1505 perniciem
3799 1422 3808 1433 ’

2171 1503 2430 1556 nostram.

2241 1589 2293 1643 5.
2335 1590 2461 1646 Haec
2506 1593 2681 1663 itaque
2724 1601 3037 1670 audientes,
3066 1609 3405 1671 instituamur
3441 1619 3506 1674 ad
3549 1637 3747 1681 caven-

2169 1678 2294 1779 dum
2322 1684 2749 1758 vigilandumque
2775 1707 3005 1765 semper.
3022 1698 3150 1755 Nam
3183 1705 3227 1759 si
3256 1706 3345 1762 ille
3374 1712 3459 1779 qui
3488 1713 3540 1767 in
3563 1678 3747 1774 sancto

2168 1771 2260 1826 illo
2289 1773 2454 1835 choro
2483 1783 2800 1839 censebatur
2822 1828 2836 1851 ,
2867 1790 2956 1857 qui
3008 1802 3208 1850 tantum
3246 1771 3603 1873 consequutus
3631 1821 3745 1866 erat

2166 1863 2386 1959 donum,
2421 1871 2508 1939 qui
2536 1873 2687 1943 signa
2720 1876 2918 1935 fecerat
2947 1883 2966 1951 (
2994 1888 3192 1942 etenim
3241 1906 3360 1948 cum
3398 1863 3515 1952 aliis
3554 1863 3745 1959 missus

2163 1955 2337 2017 fuerat
2371 1961 2439 2015 ad
2477 1975 2719 2023 mortuos
2749 1973 3085 2032 suscitandas
3115 1979 3461 2056 leprososque
3486 1994 3747 2052 inundan-

2164 2046 2307 2120 dns),
2331 2052 2450 2120 quia
2481 2057 2795 2122 gravissimo
2822 2065 3057 2121 avaritire
3084 2046 3273 2127 morbo
3301 2046 3485 2147 captus
3508 2046 3744 2147 esui);-

2165 2140 2365 2236 minum
2410 2159 2564 2200 suum
2612 2151 2862 2221 prodidit,
2904 2158 3140 2230 nihilque
3170 2164 3243 2219 illi
3275 2140 3518 2236 pro-fuere
3543 2140 3743 2231 beneﬁ-

2162 2230 2242 2285 cia
2267 2273 2282 2297 ,
2310 2233 2446 2288 dona
2470 2278 2484 2301 ,
2533 2254 2638 2295 non
2685 2250 3014 2304 consuetudo
3032 2293 3046 2316 ,
3076 2270 3179 2308 non
3213 2258 3339 2311 lotio
3364 2263 3557 2331 pedum
3577 2308 3593 2331 ,
3636 2285 3739 2324 non

2163 2339 2361 2380 mensae
2392 2330 2641 2398 societas,
2672 2351 2777 2390 non
2807 2338 3098 2399 loculorum
3142 2330 3383 2406 custodia
3412 2370 3426 2415 ;
3478 2330 3585 2411 imo
3628 2360 3742 2415 haec

2161 2512 2374 2578 quando
2393 2514 2579 2570 .ludam
2606 2534 2699 2588 per
2725 2524 3001 2582 avaritiam
3027 2527 3314 2588 imitemur.
3343 2535 3608 2593 Christum
3632 2512 3738 2615 non

2162 2604 2376 2699 prodis?
2401 2605 2503 2670 Sed
2528 2612 2743 2679 quando
2773 2630 3053 2686 pauperem
3078 2620 3216 2676 fame
3238 2624 3619 2699 tabescentem,
3650 2604 3741 2690 aut

2159 2692 2354 2765 frigore
2403 2711 2652 2757 enectum
2720 2711 3058 2775 contemnis,
3116 2714 3291 2770 eidem
3352 2719 3613 2783 obnoxius
3677 2742 3738 2782 es

2158 2786 2508 2847 damnationi.
2543 2794 2608 2849 Et
2635 2811 2755 2851 cum
2789 2799 3001 2869 indigne
3044 2808 3294 2876 mysteria
3323 2814 3697 2883 participamus
3719 2859 3733 2883 ,

2157 2881 2398 2937 eamdem
2426 2884 2480 2940 in
2504 2888 2791 2955 perniciem
2823 2892 2980 2961 imus,
3007 2912 3162 2968 quam
3189 2902 3278 2971 qui
3303 2881 3569 2963 Christum
3596 2913 3737 2966 occi-

2157 2971 2372 3030 derunt.
2406 2975 2536 3033 Cum
2563 2982 2816 3052 rapimus,
2849 3001 2969 3041 cum
2999 3005 3194 3059 egenos
3219 2997 3590 3065 opprimimus,
3617 3019 3732 3058 ma-

2155 3066 2351 3120 ximam
2404 3070 2554 3127 nobis
2600 3075 2853 3132 ultionem
2895 3082 3241 3151 attrahimus;
3273 3103 3335 3142 ac
3367 3089 3489 3159 jure
3518 3096 3729 3151 merito.

2156 3154 2440 3229 Usquequo
2463 3164 2607 3218 enim
2634 3181 2810 3226 rerum
2835 3176 3171 3239 praesentium
3200 3195 3369 3246 amor,
3395 3185 3652 3242 inutilium
3676 3199 3735 3254 et

2153 3265 2599 3320 supervacuarum
2643 3275 2742 3314 nos
2766 3266 3084 3334 occupabit?
3112 3270 3311 3327 Divitiae
3338 3290 3567 3347 namque
3594 3281 3733 3337 inter

2151 3344 2418 3413 superﬂua
2449 3357 2503 3403 et
2547 3350 2749 3409 inutilia
2778 3370 3142 3416 numerantur.
3177 3362 3463 3438 Usquequo
3482 3344 3730 3432 inanibus

2150 3434 2308 3492 rebus
2334 3438 2478 3495 afﬁxi
2518 3446 2755 3500 erimus?
2784 3464 3059 3521 usquequo
3102 3470 3209 3511 non
3250 3434 3595 3532 respiciemus
3618 3483 3726 3529 cte-

2149 3528 2273 3583 los?
2302 3547 2404 3587 non
2432 3536 2788 3607 vigilabimus,
2817 3558 2920 3599 non
2953 3547 3004 3600 in
3035 3547 3302 3607 fastidium
3330 3528 3588 3613 ﬂuxarum
3619 3569 3727 3617 ter-

2147 3637 2500 3697 renarmnque
2546 3646 2723 3687 rerum
2774 3637 3086 3695 veniemus?
3135 3657 3311 3700 annon
3360 3653 3722 3718 experimento

2148 3714 2353 3772 illarum
2381 3720 2638 3777 vilitatem
2665 3725 2993 3785 ediscimus?
3039 3731 3345 3804 Cogitemus
3373 3714 3565 3797 divites
3606 3742 3722 3799 illos

2145 3810 2234 3877 qui
2265 3820 2391 3867 ante
2435 3830 2532 3870 nos
2578 3816 2812 3874 fuerunt.
2845 3824 3035 3880 Annon
3066 3826 3181 3884 haec
3224 3833 3403 3888 omnia
3456 3839 3719 3893 somnium

2145 3901 2309 3953 sunt?
2349 3917 2525 3959 annon
2574 3909 2756 3964 umbra
2806 3921 2859 3966 et
2912 3915 3050 3970 ﬂos?
3087 3933 3264 3975 annon
3313 3924 3451 3979 unda
3500 3938 3721 3996 prmter-

2145 3990 2355 4046 ﬂuens?
2382 4011 2557 4051 annon
2590 4001 2749 4056 verba
2794 4014 2848 4057 et
2892 4004 3124 4062 fabulas?
3152 4009 3244 4066 lile
3271 4012 3419 4070 dives
3460 3990 3593 4088 fuit;
3624 4022 3718 4079 sed

2144 4100 2251 4153 quo
2276 4087 2522 4144 abierunt
2548 4093 2789 4150 divitia)?
2816 4096 3113 4170 Perierunt,
3143 4119 3408 4176 corruptze
3432 4120 3555 4165 sunt
3626 4115 3717 4169 sed

2146 4188 2357 4244 peccata
2387 4195 2480 4249 per
2504 4182 2714 4240 divitias
2740 4198 2889 4256 parta
2921 4202 3158 4262 manent,
3190 4204 3244 4249 et
3264 4207 3479 4269 propter
3506 4214 3717 4271 peccata

2143 4271 2480 4339 Supplicium.
2515 4275 2626 4332 lmo
2655 4295 2781 4334 vero
2816 4282 2914 4337 etsi
2945 4300 3045 4340 nec
3071 4288 3383 4358 supplicium
3415 4301 3574 4358 esset,
3619 4310 3720 4351 nec

2144 4378 2386 4432 regnum,
2419 4370 2767 4439 contribules,
2795 4389 3121 4445 congeneres
3163 4389 3218 4435 et
3259 4393 3535 4439 consortes
3564 4402 3719 4441 reve-

2142 4458 2247 4512 reri
2277 4469 2569 4527 oporteret.
2599 4465 2669 4518 At
2716 4482 2857 4523 nunc
2899 4484 3061 4525 canes
3105 4471 3329 4539 alimus;
3360 4478 3507 4531 multi
3556 4480 3714 4534 etiam

2142 4565 2392 4621 onagros,
2421 4571 2592 4619 ursos,
2623 4560 2901 4630 variasque
2933 4561 3072 4619 feras
3100 4565 3177 4635 (a)
3201 4581 3216 4619 :
3242 4566 3511 4624 hominem
3538 4579 3717 4628 autem

2142 4644 2282 4701 fame
2306 4648 2606 4707 confectum
2649 4653 2983 4724 negligimus,
3010 4672 3073 4712 ac
3103 4658 3268 4727 pluris
3311 4659 3532 4717 facimus
3581 4664 3715 4720 alie-

2142 4752 2267 4791 num
2294 4754 2463 4808 genus
2486 4783 2500 4806 ,
2528 4757 2687 4810 quam
2716 4757 2975 4801 nostrum.
3010 4749 3198 4804 Annon
3226 4751 3446 4820 pulchra
3476 4770 3561 4809 res
3590 4765 3673 4811 est
3692 4798 3709 4823 ,

2140 4829 2271 4895 aies,
2301 4831 2606 4901 splendidas
2637 4836 2779 4892 aedes
2807 4848 3117 4895 construere
3143 4882 3159 4906 ,
3187 4843 3385 4898 multos
3412 4860 3598 4901 servos
3622 4846 3710 4902 ba.

2141 4918 2268 4974 bere
2294 4962 2309 4988 ,
2341 4937 2501 4979 aurea
2546 4925 2809 4994 laquearia
2834 4928 3076 4997 jacentes
3119 4934 3469 5002 con5picere?
3498 4936 3605 4991 Res
3634 4947 3715 4993 est

2140 5026 2529 5080 supervacanea
2554 5026 2608 5071 et
2640 5018 2856 5076 inutilis.
2885 5022 3017 5077 Sunt
3043 5023 3143 5077 alia
3173 5025 3393 5081 aediﬁcia
3425 5026 3509 5081 his
3548 5030 3712 5082 multo

2140 5109 2498 5175 splendidiora
2552 5126 2606 5167 et
2662 5114 2966 5169 honestiora
3012 5135 3025 5171 :
3075 5116 3156 5171 his
3211 5119 3401 5174 oculos
3442 5120 3716 5176 oblectare

2138 5221 2315 5275 opera:
2342 5207 2568 5274 pretium
2597 5205 2752 5260 fuerit
2784 5222 2798 5258 :
2830 5221 2892 5261 ac
2917 5223 3076 5262 nemo
3097 5218 3179 5263 est
3202 5210 3290 5279 qui
3319 5210 3593 5280 impediat.
3623 5212 3715 5266 Vis

2139 5308 2335 5353 tectum
2384 5300 2797 5367 pulcherrimum
2844 5300 3077 5356 intueri?
3130 5304 3430 5373 Appetente
3491 5319 3712 5374 vespera

2137 5392 2257 5446 vide
2305 5393 2493 5445 Caelum
2539 5393 2712 5447 stellis
2764 5402 3028 5447 ornatum.
3078 5393 3183 5449 Sed
3235 5410 3338 5449 non
3385 5403 3468 5449 est
3514 5403 3711 5451 tectum

2139 5499 2313 5537 meum
2342 5526 2356 5549 ,
2381 5486 2605 5555 inquies.
2634 5485 2744 5538 lmo
2787 5486 2954 5554 magis
2995 5496 3171 5549 tuum,
3199 5502 3357 5556 quam
3386 5486 3511 5541 illud
3542 5486 3707 5540 aliud.

2136 5574 2361 5643 Propter
2384 5585 2437 5630 te
2478 5592 2707 5645 namque
2737 5578 2927 5630 factum
2953 5585 3035 5631 est
3057 5618 3072 5643 ,
3102 5585 3156 5632 et
3201 5592 3483 5632 commune
3512 5578 3602 5633 tibi
3630 5586 3712 5633 est

2132 5681 2255 5721 cum
2296 5668 2544 5724 fratribus
2571 5669 2694 5723 tuis.
2723 5668 2836 5725 Hoc
2864 5678 3041 5724 autem
3069 5669 3208 5724 aliud
3246 5685 3349 5725 non
3388 5680 3534 5725 tuum
3585 5679 3700 5735 est,

2198 5829 2273 5892 (a)
2297 5830 2377 5879 uie
2410 5827 2538 5878 feras
2569 5828 2728 5880 alendi
2750 5844 2854 5881 mos
2896 5832 3210 5897 Chrysostomt
3235 5835 3379 5880 inulte
3428 5828 3643 5890 vigebat.
