  <div class='ocr_page' id='page_1' title='image "/cluster/home/n/w/nwhite01/storage/ocr_20150623/59/nnc1.0046979891/264.png"; bbox 0 0 4084 6360; ppageno 0'>
   <div class='ocr_carea' id='block_1_1' title="bbox 413 291 538 363">
    <p class='ocr_par' dir='ltr' id='par_1_1' title="bbox 413 291 538 363">
     <span class='ocr_line' id='line_1_1' title="bbox 413 291 538 363; baseline 0.024 -4"><span class='ocrx_word' id='word_1_1' title='bbox 413 291 538 363; x_wconf 71' lang='lat'>&#39;26?</span> 
     </span>
    </p>
   </div>
   <div class='ocr_carea' id='block_1_2' title="bbox 418 427 2000 503">
    <p class='ocr_par' dir='ltr' id='par_1_2' title="bbox 418 427 2000 503">
     <span class='ocr_line' id='line_1_2' title="bbox 418 427 2000 503; baseline 0.001 -22"><span class='ocrx_word' id='word_1_2' title='bbox 418 427 512 481; x_wconf 76' lang='grc' dir='ltr'>καὶ</span> <span class='ocrx_word' id='word_1_3' title='bbox 536 429 602 497; x_wconf 80' lang='grc' dir='ltr'>τῇ</span> <span class='ocrx_word' id='word_1_4' title='bbox 624 428 803 482; x_wconf 99' lang='grc' dir='ltr'>πίστει</span> <span class='ocrx_word' id='word_1_5' title='bbox 832 429 893 483; x_wconf 81' lang='grc' dir='ltr'>τὸ</span> <span class='ocrx_word' id='word_1_6' title='bbox 920 431 1028 486; x_wconf 81' lang='grc' dir='ltr'>πᾶν</span> <span class='ocrx_word' id='word_1_7' title='bbox 1051 431 1458 503; x_wconf 81' lang='grc' dir='ltr'>ἐπιτρέποντες.</span> <span class='ocrx_word' id='word_1_8' title='bbox 1478 431 1572 484; x_wconf 80' lang='grc' dir='ltr'>Διὸ</span> <span class='ocrx_word' id='word_1_9' title='bbox 1592 430 1686 484; x_wconf 77' lang='grc' dir='ltr'>καὶ</span> <span class='ocrx_word' id='word_1_10' title='bbox 1713 430 1742 482; x_wconf 99' lang='lat'>6</span> <span class='ocrx_word' id='word_1_11' title='bbox 1768 429 2000 501; x_wconf 76' lang='grc' dir='ltr'>Χριστὸς</span> 
     </span>
    </p>
   </div>
   <div class='ocr_carea' id='block_1_3' title="bbox 419 509 1995 584">
    <p class='ocr_par' dir='ltr' id='par_1_3' title="bbox 419 509 1995 584">
     <span class='ocr_line' id='line_1_3' title="bbox 419 509 1995 584; baseline 0.002 -23"><span class='ocrx_word' id='word_1_12' title='bbox 419 509 569 578; x_wconf 84' lang='grc' dir='ltr'>ἐλεγε</span> <span class='ocrx_word' id='word_1_13' title='bbox 594 528 605 539; x_wconf 91' lang='grc'><strong>·</strong></span> <span class='ocrx_word' id='word_1_14' title='bbox 633 512 874 581; x_wconf 78' lang='grc' dir='ltr'>Πνεῦμά</span> <span class='ocrx_word' id='word_1_15' title='bbox 898 513 1027 568; x_wconf 84' lang='grc' dir='ltr'>ἐστι</span> <span class='ocrx_word' id='word_1_16' title='bbox 1047 515 1119 568; x_wconf 84' lang='grc' dir='ltr'>τὰ</span> <span class='ocrx_word' id='word_1_17' title='bbox 1138 514 1398 584; x_wconf 76' lang='grc' dir='ltr'>ῥήματα,</span> <span class='ocrx_word' id='word_1_18' title='bbox 1419 512 1458 567; x_wconf 82' lang='grc' dir='ltr'>ά</span> <span class='ocrx_word' id='word_1_19' title='bbox 1488 513 1805 579; x_wconf 75' lang='grc' dir='ltr'>λελάληκα</span> <span class='ocrx_word' id='word_1_20' title='bbox 1831 511 1995 579; x_wconf 81' lang='grc' dir='ltr'>ὑμῖν·</span> 
     </span>
    </p>
   </div>
   <div class='ocr_carea' id='block_1_4' title="bbox 416 594 1990 668">
    <p class='ocr_par' dir='ltr' id='par_1_4' title="bbox 416 594 1990 668">
     <span class='ocr_line' id='line_1_4' title="bbox 416 594 1990 668; baseline 0.001 -22"><span class='ocrx_word' id='word_1_21' title='bbox 416 594 681 656; x_wconf 78' lang='grc' dir='ltr'>τουτέστι,</span> <span class='ocrx_word' id='word_1_22' title='bbox 719 594 793 665; x_wconf 82' lang='grc' dir='ltr'>μὴ</span> <span class='ocrx_word' id='word_1_23' title='bbox 826 596 1101 668; x_wconf 83' lang='grc' dir='ltr'>ὑπολάϐῃς</span> <span class='ocrx_word' id='word_1_24' title='bbox 1134 600 1200 668; x_wconf 82' lang='grc' dir='ltr'>τῇ</span> <span class='ocrx_word' id='word_1_25' title='bbox 1249 596 1358 649; x_wconf 89' lang='grc' dir='ltr'>τῶν</span> <span class='ocrx_word' id='word_1_26' title='bbox 1391 597 1732 667; x_wconf 74' lang='grc' dir='ltr'>πραγμάτων</span> <span class='ocrx_word' id='word_1_27' title='bbox 1764 595 1990 648; x_wconf 84' lang='grc' dir='ltr'>ἀκολου·</span> 
     </span>
    </p>
   </div>
   <div class='ocr_carea' id='block_1_5' title="bbox 419 677 1997 752">
    <p class='ocr_par' dir='ltr' id='par_1_5' title="bbox 419 677 1997 752">
     <span class='ocr_line' id='line_1_5' title="bbox 419 677 1997 752; baseline 0 -23"><span class='ocrx_word' id='word_1_28' title='bbox 419 677 531 748; x_wconf 79' lang='grc' dir='ltr'>θία,</span> <span class='ocrx_word' id='word_1_29' title='bbox 564 681 657 731; x_wconf 76' lang='grc' dir='ltr'>καὶ</span> <span class='ocrx_word' id='word_1_30' title='bbox 684 682 749 749; x_wconf 79' lang='grc' dir='ltr'>τῇ</span> <span class='ocrx_word' id='word_1_31' title='bbox 768 679 876 733; x_wconf 88' lang='grc' dir='ltr'>τῶν</span> <span class='ocrx_word' id='word_1_32' title='bbox 908 681 1208 751; x_wconf 83' lang='grc' dir='ltr'>γινομένων</span> <span class='ocrx_word' id='word_1_33' title='bbox 1231 680 1446 752; x_wconf 78' lang='grc' dir='ltr'>ἀνάγκη</span> <span class='ocrx_word' id='word_1_34' title='bbox 1468 679 1577 733; x_wconf 88' lang='grc' dir='ltr'>τῶν</span> <span class='ocrx_word' id='word_1_35' title='bbox 1608 679 1867 749; x_wconf 78' lang='grc' dir='ltr'>ῥημάτων</span> <span class='ocrx_word' id='word_1_36' title='bbox 1888 677 1997 730; x_wconf 87' lang='grc' dir='ltr'>τῶν</span> 
     </span>
    </p>
   </div>
   <div class='ocr_carea' id='block_1_6' title="bbox 418 758 1995 831">
    <p class='ocr_par' dir='ltr' id='par_1_6' title="bbox 418 758 1995 831">
     <span class='ocr_line' id='line_1_6' title="bbox 418 758 1995 831; baseline 0.001 -19"><span class='ocrx_word' id='word_1_37' title='bbox 418 760 566 829; x_wconf 82' lang='grc' dir='ltr'>ἐμῶν</span> <span class='ocrx_word' id='word_1_38' title='bbox 598 759 694 831; x_wconf 83' lang='grc' dir='ltr'>τὴν</span> <span class='ocrx_word' id='word_1_39' title='bbox 743 761 1091 816; x_wconf 84' lang='grc' dir='ltr'>διδασκαλίαν</span> <span class='ocrx_word' id='word_1_40' title='bbox 1135 762 1475 816; x_wconf 84' lang='grc' dir='ltr'>ὑποκεῖσθαι.</span> <span class='ocrx_word' id='word_1_41' title='bbox 1530 762 1606 815; x_wconf 89' lang='grc' dir='ltr'>Ού</span> <span class='ocrx_word' id='word_1_42' title='bbox 1655 760 1880 814; x_wconf 88' lang='grc' dir='ltr'>τοιαῦτα</span> <span class='ocrx_word' id='word_1_43' title='bbox 1927 758 1995 813; x_wconf 83' lang='grc' dir='ltr'>τά</span> 
     </span>
    </p>
   </div>
   <div class='ocr_carea' id='block_1_7' title="bbox 365 845 1995 917">
    <p class='ocr_par' dir='ltr' id='par_1_7' title="bbox 365 845 1995 917">
     <span class='ocr_line' id='line_1_7' title="bbox 365 845 1995 917; baseline 0.002 -24"><span class='ocrx_word' id='word_1_44' title='bbox 365 882 374 891; x_wconf 88' lang='grc'>.</span> <span class='ocrx_word' id='word_1_45' title='bbox 418 845 764 913; x_wconf 86' lang='grc' dir='ltr'>πνευματικά</span> <span class='ocrx_word' id='word_1_46' title='bbox 788 859 801 873; x_wconf 86' lang='lat'><strong><em>°</em></strong></span> <span class='ocrx_word' id='word_1_47' title='bbox 852 847 953 899; x_wconf 80' lang='grc' dir='ltr'>οὐκ</span> <span class='ocrx_word' id='word_1_48' title='bbox 984 848 1235 917; x_wconf 81' lang='grc' dir='ltr'>ἀνέχεται</span> <span class='ocrx_word' id='word_1_49' title='bbox 1264 846 1533 899; x_wconf 81' lang='grc' dir='ltr'>δουλεύειν</span> <span class='ocrx_word' id='word_1_50' title='bbox 1564 846 1748 915; x_wconf 85' lang='grc' dir='ltr'>νόμοις</span> <span class='ocrx_word' id='word_1_51' title='bbox 1769 847 1882 907; x_wconf 86' lang='grc' dir='ltr'>τοῖς</span> <span class='ocrx_word' id='word_1_52' title='bbox 1903 845 1995 897; x_wconf 74' lang='grc' dir='ltr'>ἐπὶ</span> 
     </span>
    </p>
   </div>
   <div class='ocr_carea' id='block_1_8' title="bbox 418 926 1994 999">
    <p class='ocr_par' dir='ltr' id='par_1_8' title="bbox 418 926 1994 999">
     <span class='ocr_line' id='line_1_8' title="bbox 418 926 1994 999; baseline -0.001 -19"><span class='ocrx_word' id='word_1_53' title='bbox 418 928 544 996; x_wconf 82' lang='grc' dir='ltr'>γῆς.</span> <span class='ocrx_word' id='word_1_54' title='bbox 572 927 742 981; x_wconf 90' lang='grc' dir='ltr'>Τοῦτο</span> <span class='ocrx_word' id='word_1_55' title='bbox 775 929 871 981; x_wconf 74' lang='grc' dir='ltr'>καὶ</span> <span class='ocrx_word' id='word_1_56' title='bbox 903 929 1114 994; x_wconf 82' lang='grc' dir='ltr'>Παῦλος</span> <span class='ocrx_word' id='word_1_57' title='bbox 1152 929 1323 999; x_wconf 85' lang='grc' dir='ltr'>δηλοῖ,</span> <span class='ocrx_word' id='word_1_58' title='bbox 1363 929 1564 998; x_wconf 79' lang='grc' dir='ltr'>λέγων’</span> <span class='ocrx_word' id='word_1_59' title='bbox 1595 927 1692 996; x_wconf 80' lang='grc' dir='ltr'>Μὴ</span> <span class='ocrx_word' id='word_1_60' title='bbox 1725 928 1899 994; x_wconf 81' lang='grc' dir='ltr'>εἴπῃς</span> <span class='ocrx_word' id='word_1_61' title='bbox 1924 926 1994 979; x_wconf 83' lang='grc' dir='ltr'>ἐν</span> 
     </span>
    </p>
   </div>
   <div class='ocr_carea' id='block_1_9' title="bbox 417 1010 1990 1080">
    <p class='ocr_par' dir='ltr' id='par_1_9' title="bbox 417 1010 1990 1080">
     <span class='ocr_line' id='line_1_9' title="bbox 417 1010 1990 1080; baseline -0.001 -16"><span class='ocrx_word' id='word_1_62' title='bbox 417 1011 492 1080; x_wconf 78' lang='grc' dir='ltr'>τῇ</span> <span class='ocrx_word' id='word_1_63' title='bbox 520 1010 733 1078; x_wconf 80' lang='grc' dir='ltr'>καρδίᾳ</span> <span class='ocrx_word' id='word_1_64' title='bbox 760 1026 897 1077; x_wconf 89' lang='grc' dir='ltr'>σου,</span> <span class='ocrx_word' id='word_1_65' title='bbox 933 1015 1030 1079; x_wconf 83' lang='grc' dir='ltr'>Τίς</span> <span class='ocrx_word' id='word_1_66' title='bbox 1058 1012 1424 1080; x_wconf 77' lang='grc' dir='ltr'>ἀναϐήσεται</span> <span class='ocrx_word' id='word_1_67' title='bbox 1451 1014 1539 1078; x_wconf 88' lang='grc' dir='ltr'>εἰς</span> <span class='ocrx_word' id='word_1_68' title='bbox 1564 1012 1672 1065; x_wconf 86' lang='grc' dir='ltr'>τὸν</span> <span class='ocrx_word' id='word_1_69' title='bbox 1696 1011 1990 1079; x_wconf 85' lang='grc' dir='ltr'>οὐρανόν;</span> 
     </span>
    </p>
   </div>
   <div class='ocr_carea' id='block_1_10' title="bbox 418 1093 1993 1166">
    <p class='ocr_par' dir='ltr' id='par_1_10' title="bbox 418 1093 1993 1166">
     <span class='ocr_line' id='line_1_10' title="bbox 418 1093 1993 1166; baseline -0.003 -18"><span class='ocrx_word' id='word_1_70' title='bbox 418 1094 709 1159; x_wconf 80' lang='grc' dir='ltr'>τουτέστι,</span> <span class='ocrx_word' id='word_1_71' title='bbox 728 1096 988 1163; x_wconf 84' lang='grc' dir='ltr'>Χριστόν</span> <span class='ocrx_word' id='word_1_72' title='bbox 1015 1095 1375 1166; x_wconf 70' lang='grc' dir='ltr'>καταγαγεῖν</span> <span class='ocrx_word' id='word_1_73' title='bbox 1392 1111 1405 1125; x_wconf 88' lang='grc'><strong>·</strong></span> <span class='ocrx_word' id='word_1_74' title='bbox 1424 1096 1464 1164; x_wconf 78' lang='grc' dir='ltr'><strong>ἢ</strong></span> <span class='ocrx_word' id='word_1_75' title='bbox 1484 1096 1578 1160; x_wconf 88' lang='grc' dir='ltr'>τίς</span> <span class='ocrx_word' id='word_1_76' title='bbox 1594 1093 1993 1159; x_wconf 81' lang='grc' dir='ltr'>καταϐήσεται</span> 
     </span>
    </p>
   </div>
   <div class='ocr_carea' id='block_1_11' title="bbox 418 1174 1993 1247">
    <p class='ocr_par' dir='ltr' id='par_1_11' title="bbox 418 1174 1993 1247">
     <span class='ocr_line' id='line_1_11' title="bbox 418 1174 1993 1247; baseline -0.001 -16"><span class='ocrx_word' id='word_1_77' title='bbox 418 1180 504 1244; x_wconf 87' lang='grc' dir='ltr'>εἰς</span> <span class='ocrx_word' id='word_1_78' title='bbox 537 1178 651 1245; x_wconf 84' lang='grc' dir='ltr'>τὴν</span> <span class='ocrx_word' id='word_1_79' title='bbox 692 1179 1000 1242; x_wconf 79' lang='grc' dir='ltr'>άϐυσσον;</span> <span class='ocrx_word' id='word_1_80' title='bbox 1039 1178 1335 1243; x_wconf 83' lang='grc' dir='ltr'>τουτέστι,</span> <span class='ocrx_word' id='word_1_81' title='bbox 1370 1178 1631 1247; x_wconf 80' lang='grc' dir='ltr'>Χριστὸν</span> <span class='ocrx_word' id='word_1_82' title='bbox 1655 1177 1725 1230; x_wconf 83' lang='grc' dir='ltr'>ἐκ</span> <span class='ocrx_word' id='word_1_83' title='bbox 1762 1174 1993 1243; x_wconf 80' lang='grc' dir='ltr'>νεκρῶν</span> 
     </span>
    </p>
   </div>
   <div class='ocr_carea' id='block_1_12' title="bbox 418 1259 1991 1332">
    <p class='ocr_par' dir='ltr' id='par_1_12' title="bbox 418 1259 1991 1332">
     <span class='ocr_line' id='line_1_12' title="bbox 418 1259 1991 1332; baseline -0.003 -17"><span class='ocrx_word' id='word_1_84' title='bbox 418 1261 756 1331; x_wconf 76' lang='grc' dir='ltr'>ἀναγαγεῖν.</span> <span class='ocrx_word' id='word_1_85' title='bbox 798 1263 1059 1332; x_wconf 79' lang='grc' dir='ltr'>Ῥήματα</span> <span class='ocrx_word' id='word_1_86' title='bbox 1083 1261 1232 1331; x_wconf 80' lang='grc' dir='ltr'>ζωῆς</span> <span class='ocrx_word' id='word_1_87' title='bbox 1252 1262 1494 1317; x_wconf 85' lang='grc' dir='ltr'>αἰωνίου</span> <span class='ocrx_word' id='word_1_88' title='bbox 1521 1262 1703 1330; x_wconf 75' lang='grc' dir='ltr'>ἔχεις.</span> <span class='ocrx_word' id='word_1_89' title='bbox 1733 1259 1869 1329; x_wconf 86' lang='grc' dir='ltr'>Ἤδη</span> <span class='ocrx_word' id='word_1_90' title='bbox 1891 1259 1991 1331; x_wconf 86' lang='grc' dir='ltr'>τὴν</span> 
     </span>
    </p>
   </div>
   <div class='ocr_carea' id='block_1_13' title="bbox 417 1336 1989 1418">
    <p class='ocr_par' dir='ltr' id='par_1_13' title="bbox 417 1336 1989 1418">
     <span class='ocr_line' id='line_1_13' title="bbox 417 1336 1989 1418; baseline -0.001 -22"><span class='ocrx_word' id='word_1_91' title='bbox 417 1345 713 1398; x_wconf 78' lang='grc' dir='ltr'>ἀνάστασιν</span> <span class='ocrx_word' id='word_1_92' title='bbox 738 1336 884 1399; x_wconf 71' lang='grc' dir='ltr'>οὗτοι</span> <span class='ocrx_word' id='word_1_93' title='bbox 905 1345 1269 1418; x_wconf 79' lang='grc' dir='ltr'>παρεδέξαντο</span> <span class='ocrx_word' id='word_1_94' title='bbox 1298 1344 1394 1397; x_wconf 77' lang='grc' dir='ltr'>καὶ</span> <span class='ocrx_word' id='word_1_95' title='bbox 1416 1344 1514 1415; x_wconf 85' lang='grc' dir='ltr'>τὴν</span> <span class='ocrx_word' id='word_1_96' title='bbox 1531 1346 1648 1397; x_wconf 83' lang='grc' dir='ltr'>ἐκεῖ</span> <span class='ocrx_word' id='word_1_97' title='bbox 1670 1342 1822 1413; x_wconf 79' lang='grc' dir='ltr'>λῆξιν</span> <span class='ocrx_word' id='word_1_98' title='bbox 1843 1342 1989 1395; x_wconf 76' lang='grc' dir='ltr'>ᾶπα-</span> 
     </span>
    </p>
   </div>
   <div class='ocr_carea' id='block_1_14' title="bbox 418 1424 1989 1498">
    <p class='ocr_par' dir='ltr' id='par_1_14' title="bbox 418 1424 1989 1498">
     <span class='ocr_line' id='line_1_14' title="bbox 418 1424 1989 1498; baseline 0 -20"><span class='ocrx_word' id='word_1_99' title='bbox 418 1444 539 1483; x_wconf 90' lang='grc' dir='ltr'>σαν.</span> <span class='ocrx_word' id='word_1_100' title='bbox 578 1430 720 1498; x_wconf 86' lang='grc' dir='ltr'>Ὅρα</span> <span class='ocrx_word' id='word_1_101' title='bbox 749 1429 806 1481; x_wconf 81' lang='grc' dir='ltr'>δὲ</span> <span class='ocrx_word' id='word_1_102' title='bbox 836 1429 927 1483; x_wconf 77' lang='grc' dir='ltr'>τὸν</span> <span class='ocrx_word' id='word_1_103' title='bbox 969 1428 1309 1497; x_wconf 85' lang='grc' dir='ltr'>φιλάδελφον,</span> <span class='ocrx_word' id='word_1_104' title='bbox 1341 1428 1433 1481; x_wconf 84' lang='grc' dir='ltr'>τὸν</span> <span class='ocrx_word' id='word_1_105' title='bbox 1464 1427 1835 1497; x_wconf 85' lang='grc' dir='ltr'>φιλόστοργον,</span> <span class='ocrx_word' id='word_1_106' title='bbox 1871 1424 1989 1488; x_wconf 88' lang='grc' dir='ltr'>πῶς</span> 
     </span>
    </p>
   </div>
   <div class='ocr_carea' id='block_1_15' title="bbox 416 1504 1989 1582">
    <p class='ocr_par' dir='ltr' id='par_1_15' title="bbox 416 1504 1989 1582">
     <span class='ocr_line' id='line_1_15' title="bbox 416 1504 1989 1582; baseline 0 -21"><span class='ocrx_word' id='word_1_107' title='bbox 416 1510 555 1580; x_wconf 81' lang='grc' dir='ltr'>ὑπὲρ</span> <span class='ocrx_word' id='word_1_108' title='bbox 587 1511 790 1573; x_wconf 82' lang='grc' dir='ltr'>παντὸς</span> <span class='ocrx_word' id='word_1_109' title='bbox 834 1511 1180 1579; x_wconf 82' lang='grc' dir='ltr'>ἀπολογεῖται</span> <span class='ocrx_word' id='word_1_110' title='bbox 1218 1511 1313 1565; x_wconf 89' lang='grc' dir='ltr'>τοῦ</span> <span class='ocrx_word' id='word_1_111' title='bbox 1357 1510 1554 1582; x_wconf 82' lang='grc' dir='ltr'>χοροῦ·</span> <span class='ocrx_word' id='word_1_112' title='bbox 1594 1511 1656 1563; x_wconf 86' lang='grc' dir='ltr'>οὐ</span> <span class='ocrx_word' id='word_1_113' title='bbox 1689 1508 1798 1581; x_wconf 85' lang='grc' dir='ltr'>γὰρ</span> <span class='ocrx_word' id='word_1_114' title='bbox 1834 1504 1989 1562; x_wconf 79' lang='grc' dir='ltr'>εἶπεν</span> 
     </span>
    </p>
   </div>
   <div class='ocr_carea' id='block_1_16' title="bbox 419 1591 1988 1665">
    <p class='ocr_par' dir='ltr' id='par_1_16' title="bbox 419 1591 1988 1665">
     <span class='ocr_line' id='line_1_16' title="bbox 419 1591 1988 1665; baseline 0.001 -22"><span class='ocrx_word' id='word_1_115' title='bbox 419 1593 689 1659; x_wconf 83' lang='grc' dir='ltr'>Ἔγνωκα,</span> <span class='ocrx_word' id='word_1_116' title='bbox 723 1593 838 1646; x_wconf 88' lang='grc' dir='ltr'>ἀλλ’</span> <span class='ocrx_word' id='word_1_117' title='bbox 878 1593 1256 1664; x_wconf 80' lang='grc' dir='ltr'>Ἑγνώκαμεν</span> <span class='ocrx_word' id='word_1_118' title='bbox 1279 1610 1292 1627; x_wconf 67' lang='grc'><strong>⁸</strong></span> <span class='ocrx_word' id='word_1_119' title='bbox 1329 1593 1528 1665; x_wconf 81' lang='grc' dir='ltr'>μᾶλλον</span> <span class='ocrx_word' id='word_1_120' title='bbox 1560 1593 1619 1646; x_wconf 85' lang='grc' dir='ltr'>δέ</span> <span class='ocrx_word' id='word_1_121' title='bbox 1656 1592 1846 1645; x_wconf 90' lang='grc' dir='ltr'>σκόπει</span> <span class='ocrx_word' id='word_1_122' title='bbox 1872 1591 1988 1650; x_wconf 83' lang='grc' dir='ltr'>πῶς</span> 
     </span>
    </p>
   </div>
   <div class='ocr_carea' id='block_1_17' title="bbox 414 1674 1984 1748">
    <p class='ocr_par' dir='ltr' id='par_1_17' title="bbox 414 1674 1984 1748">
     <span class='ocr_line' id='line_1_17' title="bbox 414 1674 1984 1748; baseline 0 -21"><span class='ocrx_word' id='word_1_123' title='bbox 414 1674 501 1727; x_wconf 77' lang='grc' dir='ltr'>ἐπ’</span> <span class='ocrx_word' id='word_1_124' title='bbox 530 1676 708 1729; x_wconf 83' lang='grc' dir='ltr'>αὐτῶν</span> <span class='ocrx_word' id='word_1_125' title='bbox 743 1676 959 1748; x_wconf 77' lang='grc' dir='ltr'>ἔρχεται</span> <span class='ocrx_word' id='word_1_126' title='bbox 998 1676 1105 1730; x_wconf 88' lang='grc' dir='ltr'>τῶν</span> <span class='ocrx_word' id='word_1_127' title='bbox 1136 1676 1395 1747; x_wconf 80' lang='grc' dir='ltr'>ῥημάτων</span> <span class='ocrx_word' id='word_1_128' title='bbox 1428 1675 1523 1729; x_wconf 90' lang='grc' dir='ltr'>τοῦ</span> <span class='ocrx_word' id='word_1_129' title='bbox 1553 1674 1895 1738; x_wconf 78' lang='grc' dir='ltr'>διδασκάλου,</span> <span class='ocrx_word' id='word_1_130' title='bbox 1924 1675 1984 1727; x_wconf 83' lang='grc' dir='ltr'>οὐ</span> 
     </span>
    </p>
   </div>
   <div class='ocr_carea' id='block_1_18' title="bbox 411 1756 1986 1830">
    <p class='ocr_par' dir='ltr' id='par_1_18' title="bbox 411 1756 1986 1830">
     <span class='ocr_line' id='line_1_18' title="bbox 411 1756 1986 1830; baseline 0.001 -20"><span class='ocrx_word' id='word_1_131' title='bbox 411 1758 481 1811; x_wconf 71' lang='grc' dir='ltr'>τὰ</span> <span class='ocrx_word' id='word_1_132' title='bbox 524 1760 663 1812; x_wconf 82' lang='grc' dir='ltr'>αὑτά</span> <span class='ocrx_word' id='word_1_133' title='bbox 700 1763 814 1824; x_wconf 89' lang='grc' dir='ltr'>τοῖς</span> <span class='ocrx_word' id='word_1_134' title='bbox 868 1760 1140 1824; x_wconf 85' lang='grc' dir='ltr'>Ἰουδαίοις</span> <span class='ocrx_word' id='word_1_135' title='bbox 1196 1759 1590 1829; x_wconf 84' lang='grc' dir='ltr'>φθεγγόμενος.</span> <span class='ocrx_word' id='word_1_136' title='bbox 1633 1761 1696 1813; x_wconf 92' lang='grc' dir='ltr'>Οἰ</span> <span class='ocrx_word' id='word_1_137' title='bbox 1739 1758 1838 1829; x_wconf 81' lang='grc' dir='ltr'>μὲν</span> <span class='ocrx_word' id='word_1_138' title='bbox 1877 1756 1986 1830; x_wconf 83' lang='grc' dir='ltr'>γὰρ</span> 
     </span>
    </p>
   </div>
   <div class='ocr_carea' id='block_1_19' title="bbox 412 1834 1985 1912">
    <p class='ocr_par' dir='ltr' id='par_1_19' title="bbox 412 1834 1985 1912">
     <span class='ocr_line' id='line_1_19' title="bbox 412 1834 1985 1912; baseline 0 -18"><span class='ocrx_word' id='word_1_139' title='bbox 412 1842 621 1912; x_wconf 75' lang='grc' dir='ltr'>ελεγον·</span> <span class='ocrx_word' id='word_1_140' title='bbox 670 1839 858 1909; x_wconf 83' lang='grc' dir='ltr'>Οὗτός</span> <span class='ocrx_word' id='word_1_141' title='bbox 888 1844 1061 1898; x_wconf 84' lang='grc' dir='ltr'>ἐστιν</span> <span class='ocrx_word' id='word_1_142' title='bbox 1089 1846 1123 1897; x_wconf 82' lang='grc' dir='ltr'><em>ὁ</em></span> <span class='ocrx_word' id='word_1_143' title='bbox 1161 1842 1291 1909; x_wconf 85' lang='grc' dir='ltr'>υίὸς</span> <span class='ocrx_word' id='word_1_144' title='bbox 1332 1840 1577 1911; x_wconf 73' lang='grc' dir='ltr'>Ἰωσήφο</span> <span class='ocrx_word' id='word_1_145' title='bbox 1610 1834 1767 1906; x_wconf 71' lang='grc' dir='ltr'>οὗτος</span> <span class='ocrx_word' id='word_1_146' title='bbox 1798 1841 1876 1905; x_wconf 86' lang='grc' dir='ltr'>δὲ,</span> <span class='ocrx_word' id='word_1_147' title='bbox 1902 1842 1985 1894; x_wconf 85' lang='grc' dir='ltr'>ὅτι</span> 
     </span>
    </p>
   </div>
   <div class='ocr_carea' id='block_1_20' title="bbox 407 1922 1982 1993">
    <p class='ocr_par' dir='ltr' id='par_1_20' title="bbox 407 1922 1982 1993">
     <span class='ocr_line' id='line_1_20' title="bbox 407 1922 1982 1993; baseline 0 -12"><span class='ocrx_word' id='word_1_148' title='bbox 407 1924 495 1981; x_wconf 81' lang='grc' dir='ltr'>Σὺ</span> <span class='ocrx_word' id='word_1_149' title='bbox 522 1922 579 1979; x_wconf 85' lang='grc' dir='ltr'>εἷ</span> <span class='ocrx_word' id='word_1_150' title='bbox 596 1928 629 1978; x_wconf 87' lang='lat' dir='ltr'>o&#39;</span> <span class='ocrx_word' id='word_1_151' title='bbox 649 1926 902 1993; x_wconf 84' lang='grc' dir='ltr'>Χριστός</span> <span class='ocrx_word' id='word_1_152' title='bbox 922 1930 955 1980; x_wconf 87' lang='grc' dir='ltr'>ό</span> <span class='ocrx_word' id='word_1_153' title='bbox 995 1925 1129 1991; x_wconf 83' lang='grc' dir='ltr'>Υἱὸς</span> <span class='ocrx_word' id='word_1_154' title='bbox 1148 1925 1255 1980; x_wconf 86' lang='grc' dir='ltr'>τοῦ</span> <span class='ocrx_word' id='word_1_155' title='bbox 1291 1925 1437 1979; x_wconf 82' lang='grc' dir='ltr'>Θεοῦ</span> <span class='ocrx_word' id='word_1_156' title='bbox 1463 1923 1568 1979; x_wconf 90' lang='grc' dir='ltr'>τοῦ</span> <span class='ocrx_word' id='word_1_157' title='bbox 1591 1923 1805 1991; x_wconf 75' lang='grc' dir='ltr'>ζῶντος</span> <span class='ocrx_word' id='word_1_158' title='bbox 1821 1942 1837 1957; x_wconf 75' lang='grc' dir='ltr'><strong>ο</strong></span> <span class='ocrx_word' id='word_1_159' title='bbox 1864 1924 1982 1988; x_wconf 74' lang='grc' dir='ltr'>καὶ,</span> 
     </span>
    </p>
   </div>
   <div class='ocr_carea' id='block_1_21' title="bbox 403 2007 1984 2079">
    <p class='ocr_par' dir='ltr' id='par_1_21' title="bbox 403 2007 1984 2079">
     <span class='ocr_line' id='line_1_21' title="bbox 403 2007 1984 2079; baseline -0.001 -17"><span class='ocrx_word' id='word_1_160' title='bbox 403 2010 492 2062; x_wconf 77' lang='grc' dir='ltr'>ὅτι</span> <span class='ocrx_word' id='word_1_161' title='bbox 541 2010 801 2078; x_wconf 80' lang='grc' dir='ltr'>Ῥήματα</span> <span class='ocrx_word' id='word_1_162' title='bbox 833 2008 981 2078; x_wconf 82' lang='grc' dir='ltr'>ζωῆς</span> <span class='ocrx_word' id='word_1_163' title='bbox 1019 2010 1262 2064; x_wconf 77' lang='grc' dir='ltr'>αἰωνίου</span> <span class='ocrx_word' id='word_1_164' title='bbox 1305 2009 1496 2078; x_wconf 76' lang='grc' dir='ltr'>ἔχεις·</span> <span class='ocrx_word' id='word_1_165' title='bbox 1535 2009 1677 2079; x_wconf 84' lang='grc' dir='ltr'>τάχα</span> <span class='ocrx_word' id='word_1_166' title='bbox 1723 2007 1984 2071; x_wconf 80' lang='grc' dir='ltr'>πολλάκις</span> 
     </span>
    </p>
   </div>
   <div class='ocr_carea' id='block_1_22' title="bbox 408 2090 1985 2161">
    <p class='ocr_par' dir='ltr' id='par_1_22' title="bbox 408 2090 1985 2161">
     <span class='ocr_line' id='line_1_22' title="bbox 408 2090 1985 2161; baseline -0.001 -17"><span class='ocrx_word' id='word_1_167' title='bbox 408 2091 645 2156; x_wconf 80' lang='grc' dir='ltr'>ἀκούσας</span> <span class='ocrx_word' id='word_1_168' title='bbox 686 2091 849 2145; x_wconf 84' lang='grc' dir='ltr'>αὑτοῦ</span> <span class='ocrx_word' id='word_1_169' title='bbox 880 2092 1125 2160; x_wconf 85' lang='grc' dir='ltr'>λέγοντος</span> <span class='ocrx_word' id='word_1_170' title='bbox 1152 2105 1201 2158; x_wconf 72' lang='grc' dir='ltr'>δ,</span> <span class='ocrx_word' id='word_1_171' title='bbox 1234 2094 1316 2147; x_wconf 84' lang='grc' dir='ltr'>ὅτι</span> <span class='ocrx_word' id='word_1_172' title='bbox 1354 2094 1406 2145; x_wconf 89' lang='grc' dir='ltr'><strong>Ὁ</strong></span> <span class='ocrx_word' id='word_1_173' title='bbox 1438 2093 1737 2147; x_wconf 82' lang='grc' dir='ltr'>πιστεύων</span> <span class='ocrx_word' id='word_1_174' title='bbox 1761 2094 1849 2157; x_wconf 83' lang='grc' dir='ltr'>εἰς</span> <span class='ocrx_word' id='word_1_175' title='bbox 1879 2090 1985 2161; x_wconf 78' lang='grc' dir='ltr'>ἐμὲ</span> 
     </span>
    </p>
   </div>
   <div class='ocr_carea' id='block_1_23' title="bbox 407 2172 1984 2247">
    <p class='ocr_par' dir='ltr' id='par_1_23' title="bbox 407 2172 1984 2247">
     <span class='ocr_line' id='line_1_23' title="bbox 407 2172 1984 2247; baseline -0.001 -20"><span class='ocrx_word' id='word_1_176' title='bbox 407 2175 531 2243; x_wconf 78' lang='grc' dir='ltr'>ἕχει</span> <span class='ocrx_word' id='word_1_177' title='bbox 562 2172 714 2244; x_wconf 83' lang='grc' dir='ltr'>ζωὴν</span> <span class='ocrx_word' id='word_1_178' title='bbox 756 2172 1018 2229; x_wconf 84' lang='grc' dir='ltr'>αἰώνιον.</span> <span class='ocrx_word' id='word_1_179' title='bbox 1056 2174 1266 2239; x_wconf 81' lang='grc' dir='ltr'>Ἔδειξε</span> <span class='ocrx_word' id='word_1_180' title='bbox 1294 2176 1403 2247; x_wconf 87' lang='grc' dir='ltr'>γὰρ</span> <span class='ocrx_word' id='word_1_181' title='bbox 1434 2176 1514 2229; x_wconf 85' lang='grc' dir='ltr'>ὅτι</span> <span class='ocrx_word' id='word_1_182' title='bbox 1559 2175 1740 2229; x_wconf 88' lang='grc' dir='ltr'>πάντα</span> <span class='ocrx_word' id='word_1_183' title='bbox 1766 2174 1984 2243; x_wconf 82' lang='grc' dir='ltr'>κατέχει</span> 
     </span>
    </p>
   </div>
   <div class='ocr_carea' id='block_1_24' title="bbox 406 2254 1985 2330">
    <p class='ocr_par' dir='ltr' id='par_1_24' title="bbox 406 2254 1985 2330">
     <span class='ocr_line' id='line_1_24' title="bbox 406 2254 1985 2330; baseline 0.001 -19"><span class='ocrx_word' id='word_1_184' title='bbox 406 2258 477 2311; x_wconf 84' lang='grc' dir='ltr'>τὰ</span> <span class='ocrx_word' id='word_1_185' title='bbox 503 2258 787 2330; x_wconf 83' lang='grc' dir='ltr'>εἰρημένα,</span> <span class='ocrx_word' id='word_1_186' title='bbox 816 2259 995 2317; x_wconf 81' lang='grc' dir='ltr'>αὐτῶν</span> <span class='ocrx_word' id='word_1_187' title='bbox 1024 2260 1343 2330; x_wconf 81' lang='grc' dir='ltr'>ἀναμνήσας</span> <span class='ocrx_word' id='word_1_188' title='bbox 1370 2258 1479 2315; x_wconf 87' lang='grc' dir='ltr'>τῶν</span> <span class='ocrx_word' id='word_1_189' title='bbox 1498 2258 1778 2329; x_wconf 76' lang='grc' dir='ltr'>ῥημάτων.</span> <span class='ocrx_word' id='word_1_190' title='bbox 1802 2258 1868 2310; x_wconf 87' lang='grc' dir='ltr'>Τί</span> <span class='ocrx_word' id='word_1_191' title='bbox 1890 2254 1985 2317; x_wconf 82' lang='grc' dir='ltr'>οὖν</span> 
     </span>
    </p>
   </div>
   <div class='ocr_carea' id='block_1_25' title="bbox 407 2340 1981 2414">
    <p class='ocr_par' dir='ltr' id='par_1_25' title="bbox 407 2340 1981 2414">
     <span class='ocr_line' id='line_1_25' title="bbox 407 2340 1981 2414; baseline -0.001 -20"><span class='ocrx_word' id='word_1_192' title='bbox 407 2344 437 2394; x_wconf 88' lang='grc' dir='ltr'>ὁ</span> <span class='ocrx_word' id='word_1_193' title='bbox 462 2343 728 2412; x_wconf 86' lang='grc' dir='ltr'>Χριστός;</span> <span class='ocrx_word' id='word_1_194' title='bbox 754 2343 868 2395; x_wconf 78' lang='grc' dir='ltr'>Οὐκ</span> <span class='ocrx_word' id='word_1_195' title='bbox 889 2343 1119 2414; x_wconf 82' lang='grc' dir='ltr'>ἐπῄνεσε</span> <span class='ocrx_word' id='word_1_196' title='bbox 1143 2340 1237 2396; x_wconf 79' lang='grc' dir='ltr'>τὸν</span> <span class='ocrx_word' id='word_1_197' title='bbox 1266 2342 1493 2413; x_wconf 87' lang='grc' dir='ltr'>Πέτρον,</span> <span class='ocrx_word' id='word_1_198' title='bbox 1523 2341 1645 2394; x_wconf 81' lang='grc' dir='ltr'>οὐδὲ</span> <span class='ocrx_word' id='word_1_199' title='bbox 1682 2341 1981 2411; x_wconf 83' lang='grc' dir='ltr'>ἐθαύμασε,</span> 
     </span>
    </p>
   </div>
   <div class='ocr_carea' id='block_1_26' title="bbox 409 2424 1984 2498">
    <p class='ocr_par' dir='ltr' id='par_1_26' title="bbox 409 2424 1984 2498">
     <span class='ocr_line' id='line_1_26' title="bbox 409 2424 1984 2498; baseline 0.001 -21"><span class='ocrx_word' id='word_1_200' title='bbox 409 2426 584 2478; x_wconf 89' lang='grc' dir='ltr'>καίτοι</span> <span class='ocrx_word' id='word_1_201' title='bbox 618 2425 850 2496; x_wconf 81' lang='grc' dir='ltr'>ἀλλαχοῦ</span> <span class='ocrx_word' id='word_1_202' title='bbox 875 2425 1031 2479; x_wconf 87' lang='grc' dir='ltr'>τοῦτο</span> <span class='ocrx_word' id='word_1_203' title='bbox 1059 2427 1294 2498; x_wconf 83' lang='grc' dir='ltr'>ποιήσας</span> <span class='ocrx_word' id='word_1_204' title='bbox 1314 2440 1327 2454; x_wconf 84' lang='lat'><strong><em>°</em></strong></span> <span class='ocrx_word' id='word_1_205' title='bbox 1357 2424 1492 2478; x_wconf 87' lang='grc' dir='ltr'>ἀλλά</span> <span class='ocrx_word' id='word_1_206' title='bbox 1519 2426 1570 2478; x_wconf 89' lang='grc' dir='ltr'>τί</span> <span class='ocrx_word' id='word_1_207' title='bbox 1600 2442 1762 2495; x_wconf 88' lang='grc' dir='ltr'>φησιν</span> <span class='ocrx_word' id='word_1_208' title='bbox 1786 2442 1800 2490; x_wconf 92' lang='grc'><strong>;</strong></span> <span class='ocrx_word' id='word_1_209' title='bbox 1837 2425 1984 2493; x_wconf 85' lang='grc' dir='ltr'>Οὺχί</span> 
     </span>
    </p>
   </div>
   <div class='ocr_carea' id='block_1_27' title="bbox 408 2504 1984 2579">
    <p class='ocr_par' dir='ltr' id='par_1_27' title="bbox 408 2504 1984 2579">
     <span class='ocr_line' id='line_1_27' title="bbox 408 2504 1984 2579; baseline 0.001 -18"><span class='ocrx_word' id='word_1_210' title='bbox 408 2508 521 2579; x_wconf 84' lang='grc' dir='ltr'>ἐγὼ</span> <span class='ocrx_word' id='word_1_211' title='bbox 559 2509 715 2579; x_wconf 83' lang='grc' dir='ltr'>ὑμᾶς</span> <span class='ocrx_word' id='word_1_212' title='bbox 758 2510 900 2575; x_wconf 88' lang='grc' dir='ltr'>τοὺς</span> <span class='ocrx_word' id='word_1_213' title='bbox 934 2509 1163 2567; x_wconf 84' lang='grc' dir='ltr'>δώδεκα</span> <span class='ocrx_word' id='word_1_214' title='bbox 1212 2508 1605 2579; x_wconf 78' lang='grc' dir='ltr'>ἐξελεξάμην,</span> <span class='ocrx_word' id='word_1_215' title='bbox 1649 2508 1749 2562; x_wconf 86' lang='grc' dir='ltr'>καί</span> <span class='ocrx_word' id='word_1_216' title='bbox 1783 2504 1872 2575; x_wconf 82' lang='grc' dir='ltr'>εἷς</span> <span class='ocrx_word' id='word_1_217' title='bbox 1914 2510 1984 2574; x_wconf 80' lang='grc' dir='ltr'>ἐξ</span> 
     </span>
    </p>
   </div>
   <div class='ocr_carea' id='block_1_28' title="bbox 409 2590 1984 2664">
    <p class='ocr_par' dir='ltr' id='par_1_28' title="bbox 409 2590 1984 2664">
     <span class='ocr_line' id='line_1_28' title="bbox 409 2590 1984 2664; baseline -0.001 -18"><span class='ocrx_word' id='word_1_218' title='bbox 409 2591 573 2661; x_wconf 84' lang='grc' dir='ltr'>ὑμῶν</span> <span class='ocrx_word' id='word_1_219' title='bbox 595 2593 874 2660; x_wconf 80' lang='grc' dir='ltr'>διάϐολός</span> <span class='ocrx_word' id='word_1_220' title='bbox 900 2594 1101 2658; x_wconf 77' lang='grc' dir='ltr'>ἐστιν;</span> <span class='ocrx_word' id='word_1_221' title='bbox 1133 2593 1355 2664; x_wconf 83' lang='grc' dir='ltr'>Ἐπειδὴ</span> <span class='ocrx_word' id='word_1_222' title='bbox 1382 2595 1491 2661; x_wconf 80' lang='grc' dir='ltr'>γὰρ</span> <span class='ocrx_word' id='word_1_223' title='bbox 1515 2590 1655 2656; x_wconf 75' lang='grc' dir='ltr'>εἷπε,</span> <span class='ocrx_word' id='word_1_224' title='bbox 1680 2593 1793 2647; x_wconf 82' lang='grc' dir='ltr'>Καὶ</span> <span class='ocrx_word' id='word_1_225' title='bbox 1814 2593 1984 2662; x_wconf 77' lang='grc' dir='ltr'>ἡμεῖς</span> 
     </span>
    </p>
   </div>
   <div class='ocr_carea' id='block_1_29' title="bbox 409 2674 1986 2747">
    <p class='ocr_par' dir='ltr' id='par_1_29' title="bbox 409 2674 1986 2747">
     <span class='ocr_line' id='line_1_29' title="bbox 409 2674 1986 2747; baseline 0 -18"><span class='ocrx_word' id='word_1_226' title='bbox 409 2678 910 2745; x_wconf 77' lang='grc' dir='ltr'>πεπιστεύκαμεν,</span> <span class='ocrx_word' id='word_1_227' title='bbox 947 2676 1154 2746; x_wconf 81' lang='grc' dir='ltr'>ἐξαιρεῖ</span> <span class='ocrx_word' id='word_1_228' title='bbox 1169 2674 1261 2730; x_wconf 87' lang='grc' dir='ltr'>τοῦ</span> <span class='ocrx_word' id='word_1_229' title='bbox 1284 2675 1443 2747; x_wconf 89' lang='grc' dir='ltr'>χοροῦ</span> <span class='ocrx_word' id='word_1_230' title='bbox 1463 2674 1555 2728; x_wconf 84' lang='grc' dir='ltr'>τὸν</span> <span class='ocrx_word' id='word_1_231' title='bbox 1590 2675 1807 2731; x_wconf 88' lang='grc' dir='ltr'>Ἰούδαν.</span> <span class='ocrx_word' id='word_1_232' title='bbox 1841 2677 1986 2729; x_wconf 86' lang='grc' dir='ltr'>Ἐκεῖ</span> 
     </span>
    </p>
   </div>
   <div class='ocr_carea' id='block_1_30' title="bbox 417 2754 1986 2832">
    <p class='ocr_par' dir='ltr' id='par_1_30' title="bbox 417 2754 1986 2832">
     <span class='ocr_line' id='line_1_30' title="bbox 417 2754 1986 2832; baseline 0.001 -21"><span class='ocrx_word' id='word_1_233' title='bbox 417 2759 512 2828; x_wconf 82' lang='grc' dir='ltr'>μὲν</span> <span class='ocrx_word' id='word_1_234' title='bbox 543 2760 651 2830; x_wconf 84' lang='grc' dir='ltr'>γὰρ</span> <span class='ocrx_word' id='word_1_235' title='bbox 680 2760 709 2800; x_wconf 70' lang='lat' dir='ltr'><strong>b</strong></span> <span class='ocrx_word' id='word_1_236' title='bbox 738 2758 889 2812; x_wconf 81' lang='grc' dir='ltr'>οὐδὲν</span> <span class='ocrx_word' id='word_1_237' title='bbox 915 2760 1170 2832; x_wconf 75' lang='grc' dir='ltr'>περὶτῶν</span> <span class='ocrx_word' id='word_1_238' title='bbox 1205 2759 1462 2830; x_wconf 76' lang='grc' dir='ltr'>μαθητῶν</span> <span class='ocrx_word' id='word_1_239' title='bbox 1491 2758 1653 2821; x_wconf 78' lang='grc' dir='ltr'>αὐτὸς</span> <span class='ocrx_word' id='word_1_240' title='bbox 1683 2754 1824 2823; x_wconf 88' lang='grc' dir='ltr'>εἶπε,</span> <span class='ocrx_word' id='word_1_241' title='bbox 1849 2758 1986 2813; x_wconf 89' lang='grc' dir='ltr'>ἀλλά</span> 
     </span>
    </p>
   </div>
   <div class='ocr_carea' id='block_1_31' title="bbox 413 2840 1982 2913">
    <p class='ocr_par' dir='ltr' id='par_1_31' title="bbox 413 2840 1982 2913">
     <span class='ocr_line' id='line_1_31' title="bbox 413 2840 1982 2913; baseline 0 -18"><span class='ocrx_word' id='word_1_242' title='bbox 413 2842 504 2895; x_wconf 88' lang='grc' dir='ltr'>τοῦ</span> <span class='ocrx_word' id='word_1_243' title='bbox 546 2842 782 2913; x_wconf 78' lang='grc' dir='ltr'>Χριστοῦ</span> <span class='ocrx_word' id='word_1_244' title='bbox 824 2842 1101 2907; x_wconf 77' lang='grc' dir='ltr'>εἰπόντος’</span> <span class='ocrx_word' id='word_1_245' title='bbox 1144 2842 1330 2911; x_wconf 85' lang='grc' dir='ltr'>Ὑμεῖς</span> <span class='ocrx_word' id='word_1_246' title='bbox 1372 2841 1442 2894; x_wconf 81' lang='grc' dir='ltr'>δὲ</span> <span class='ocrx_word' id='word_1_247' title='bbox 1478 2843 1615 2895; x_wconf 90' lang='grc' dir='ltr'>τίνα</span> <span class='ocrx_word' id='word_1_248' title='bbox 1637 2859 1716 2909; x_wconf 89' lang='grc' dir='ltr'>με</span> <span class='ocrx_word' id='word_1_249' title='bbox 1740 2840 1943 2910; x_wconf 77' lang='grc' dir='ltr'>λέγετε</span> <span class='ocrx_word' id='word_1_250' title='bbox 1963 2858 1982 2907; x_wconf 91' lang='grc'><em>;</em></span> 
     </span>
    </p>
   </div>
   <div class='ocr_carea' id='block_1_32' title="bbox 415 2917 1986 2991">
    <p class='ocr_par' dir='ltr' id='par_1_32' title="bbox 415 2917 1986 2991">
     <span class='ocr_line' id='line_1_32' title="bbox 415 2917 1986 2991; baseline -0.001 -18"><span class='ocrx_word' id='word_1_251' title='bbox 415 2921 542 2991; x_wconf 89' lang='grc' dir='ltr'>φησί</span> <span class='ocrx_word' id='word_1_252' title='bbox 562 2938 576 2952; x_wconf 74' lang='grc' dir='ltr'><strong><em>ο</em></strong></span> <span class='ocrx_word' id='word_1_253' title='bbox 608 2921 691 2974; x_wconf 87' lang='grc' dir='ltr'>Σὺ</span> <span class='ocrx_word' id='word_1_254' title='bbox 717 2917 772 2975; x_wconf 77' lang='grc' dir='ltr'>εἰ</span> <span class='ocrx_word' id='word_1_255' title='bbox 793 2923 826 2975; x_wconf 80' lang='grc' dir='ltr'><em>ὁ</em></span> <span class='ocrx_word' id='word_1_256' title='bbox 863 2920 1119 2987; x_wconf 74' lang='grc' dir='ltr'>Χριστὸς</span> <span class='ocrx_word' id='word_1_257' title='bbox 1157 2923 1189 2973; x_wconf 84' lang='grc' dir='ltr'>ό</span> <span class='ocrx_word' id='word_1_258' title='bbox 1228 2920 1364 2986; x_wconf 74' lang='grc' dir='ltr'>Υἱὸς</span> <span class='ocrx_word' id='word_1_259' title='bbox 1394 2920 1501 2975; x_wconf 87' lang='grc' dir='ltr'>τοῦ</span> <span class='ocrx_word' id='word_1_260' title='bbox 1530 2920 1679 2974; x_wconf 87' lang='grc' dir='ltr'>Θεοῦ</span> <span class='ocrx_word' id='word_1_261' title='bbox 1713 2919 1818 2974; x_wconf 84' lang='grc' dir='ltr'>τοῦ</span> <span class='ocrx_word' id='word_1_262' title='bbox 1847 2919 1986 2980; x_wconf 79' lang='grc' dir='ltr'>ζῶν-</span> 
     </span>
    </p>
   </div>
   <div class='ocr_carea' id='block_1_33' title="bbox 415 2998 1987 3073">
    <p class='ocr_par' dir='ltr' id='par_1_33' title="bbox 415 2998 1987 3073">
     <span class='ocr_line' id='line_1_33' title="bbox 415 2998 1987 3073; baseline 0 -16"><span class='ocrx_word' id='word_1_263' title='bbox 415 3021 534 3071; x_wconf 88' lang='grc' dir='ltr'>τος.</span> <span class='ocrx_word' id='word_1_264' title='bbox 576 3003 838 3058; x_wconf 84' lang='grc' dir='ltr'>Ἐνταῦθα</span> <span class='ocrx_word' id='word_1_265' title='bbox 866 3003 923 3056; x_wconf 83' lang='grc' dir='ltr'>δὲ</span> <span class='ocrx_word' id='word_1_266' title='bbox 954 3003 1143 3073; x_wconf 80' lang='grc' dir='ltr'>ἐπειδὴ</span> <span class='ocrx_word' id='word_1_267' title='bbox 1169 2998 1315 3064; x_wconf 81' lang='grc' dir='ltr'>εἷπε.</span> <span class='ocrx_word' id='word_1_268' title='bbox 1343 3003 1452 3057; x_wconf 82' lang='grc' dir='ltr'>Καὶ</span> <span class='ocrx_word' id='word_1_269' title='bbox 1475 3003 1647 3072; x_wconf 78' lang='grc' dir='ltr'>ἡμεῖς</span> <span class='ocrx_word' id='word_1_270' title='bbox 1670 3005 1987 3057; x_wconf 86' lang='grc' dir='ltr'>πεπιστεύ-</span> 
     </span>
    </p>
   </div>
   <div class='ocr_carea' id='block_1_34' title="bbox 417 3085 1986 3156">
    <p class='ocr_par' dir='ltr' id='par_1_34' title="bbox 417 3085 1986 3156">
     <span class='ocr_line' id='line_1_34' title="bbox 417 3085 1986 3156; baseline -0.001 -16"><span class='ocrx_word' id='word_1_271' title='bbox 417 3104 620 3156; x_wconf 88' lang='grc' dir='ltr'>καμεν,</span> <span class='ocrx_word' id='word_1_272' title='bbox 653 3086 875 3149; x_wconf 77' lang='grc' dir='ltr'>εἰκότως</span> <span class='ocrx_word' id='word_1_273' title='bbox 900 3086 1001 3140; x_wconf 78' lang='grc' dir='ltr'>οὐκ</span> <span class='ocrx_word' id='word_1_274' title='bbox 1027 3086 1221 3154; x_wconf 88' lang='grc' dir='ltr'>ἀφίησι</span> <span class='ocrx_word' id='word_1_275' title='bbox 1253 3086 1344 3139; x_wconf 85' lang='grc' dir='ltr'>τὸν</span> <span class='ocrx_word' id='word_1_276' title='bbox 1381 3085 1582 3140; x_wconf 80' lang='grc' dir='ltr'>Ἰούδαν</span> <span class='ocrx_word' id='word_1_277' title='bbox 1618 3088 1699 3149; x_wconf 88' lang='grc' dir='ltr'>εἰς</span> <span class='ocrx_word' id='word_1_278' title='bbox 1725 3086 1816 3139; x_wconf 68' lang='grc' dir='ltr'>τὸν</span> <span class='ocrx_word' id='word_1_279' title='bbox 1844 3085 1986 3139; x_wconf 83' lang='grc' dir='ltr'>ὲκεί-</span> 
     </span>
    </p>
   </div>
   <div class='ocr_carea' id='block_1_35' title="bbox 415 3169 1984 3242">
    <p class='ocr_par' dir='ltr' id='par_1_35' title="bbox 415 3169 1984 3242">
     <span class='ocr_line' id='line_1_35' title="bbox 415 3169 1984 3242; baseline -0.001 -19"><span class='ocrx_word' id='word_1_280' title='bbox 415 3189 518 3224; x_wconf 92' lang='grc' dir='ltr'>νων</span> <span class='ocrx_word' id='word_1_281' title='bbox 534 3170 711 3242; x_wconf 87' lang='grc' dir='ltr'>χορόν.</span> <span class='ocrx_word' id='word_1_282' title='bbox 742 3169 911 3222; x_wconf 86' lang='grc' dir='ltr'>Τοῦτο</span> <span class='ocrx_word' id='word_1_283' title='bbox 938 3170 994 3222; x_wconf 82' lang='grc' dir='ltr'>δὲ</span> <span class='ocrx_word' id='word_1_284' title='bbox 1014 3171 1212 3233; x_wconf 83' lang='grc' dir='ltr'>ἐποίει,</span> <span class='ocrx_word' id='word_1_285' title='bbox 1245 3170 1527 3241; x_wconf 77' lang='grc' dir='ltr'>πόρρωθεν</span> <span class='ocrx_word' id='word_1_286' title='bbox 1556 3171 1650 3223; x_wconf 76' lang='grc' dir='ltr'>καὶ</span> <span class='ocrx_word' id='word_1_287' title='bbox 1670 3169 1875 3224; x_wconf 87' lang='grc' dir='ltr'>ἀνωθεν</span> <span class='ocrx_word' id='word_1_288' title='bbox 1891 3170 1984 3222; x_wconf 90' lang='grc' dir='ltr'>τοῦ</span> 
     </span>
    </p>
   </div>
   <div class='ocr_carea' id='block_1_36' title="bbox 416 3252 1984 3326">
    <p class='ocr_par' dir='ltr' id='par_1_36' title="bbox 416 3252 1984 3326">
     <span class='ocr_line' id='line_1_36' title="bbox 416 3252 1984 3326; baseline -0.001 -19"><span class='ocrx_word' id='word_1_289' title='bbox 416 3255 669 3325; x_wconf 80' lang='grc' dir='ltr'>προδότου</span> <span class='ocrx_word' id='word_1_290' title='bbox 714 3252 809 3324; x_wconf 74' lang='grc' dir='ltr'>τὴν</span> <span class='ocrx_word' id='word_1_291' title='bbox 848 3254 1044 3307; x_wconf 82' lang='grc' dir='ltr'>κακίαν</span> <span class='ocrx_word' id='word_1_292' title='bbox 1079 3254 1536 3324; x_wconf 79' lang='grc' dir='ltr'>ἀνακρουόμενος,</span> <span class='ocrx_word' id='word_1_293' title='bbox 1576 3254 1730 3319; x_wconf 87' lang='grc' dir='ltr'>εἰδὼς</span> <span class='ocrx_word' id='word_1_294' title='bbox 1772 3255 1869 3326; x_wconf 84' lang='grc' dir='ltr'>μὲν</span> <span class='ocrx_word' id='word_1_295' title='bbox 1903 3255 1984 3308; x_wconf 82' lang='grc' dir='ltr'>ὅτι</span> 
     </span>
    </p>
   </div>
   <div class='ocr_carea' id='block_1_37' title="bbox 412 3333 1514 3405">
    <p class='ocr_par' dir='ltr' id='par_1_37' title="bbox 412 3333 1514 3405">
     <span class='ocr_line' id='line_1_37' title="bbox 412 3333 1514 3405; baseline 0.001 -18"><span class='ocrx_word' id='word_1_296' title='bbox 412 3334 561 3387; x_wconf 78' lang='grc' dir='ltr'>οὐδὲν</span> <span class='ocrx_word' id='word_1_297' title='bbox 599 3335 801 3405; x_wconf 85' lang='grc' dir='ltr'>ὀνήσει,</span> <span class='ocrx_word' id='word_1_298' title='bbox 828 3334 888 3386; x_wconf 85' lang='grc' dir='ltr'>τὸ</span> <span class='ocrx_word' id='word_1_299' title='bbox 914 3334 971 3387; x_wconf 81' lang='grc' dir='ltr'>δὲ</span> <span class='ocrx_word' id='word_1_300' title='bbox 1010 3333 1205 3386; x_wconf 81' lang='grc' dir='ltr'>ἑαυτοῦ</span> <span class='ocrx_word' id='word_1_301' title='bbox 1240 3334 1514 3404; x_wconf 88' lang='grc' dir='ltr'>πράττων.</span> 
     </span>
    </p>
   </div>
   <div class='ocr_carea' id='block_1_38' title="bbox 482 3420 1984 3493">
    <p class='ocr_par' dir='ltr' id='par_1_38' title="bbox 482 3420 1984 3493">
     <span class='ocr_line' id='line_1_38' title="bbox 482 3420 1984 3493; baseline 0 -18"><span class='ocrx_word' id='word_1_302' title='bbox 482 3422 543 3475; x_wconf 89' lang='grc' dir='ltr'>δ’.</span> <span class='ocrx_word' id='word_1_303' title='bbox 579 3422 689 3474; x_wconf 75' lang='grc' dir='ltr'>Καὶ</span> <span class='ocrx_word' id='word_1_304' title='bbox 721 3420 817 3473; x_wconf 88' lang='grc' dir='ltr'>θέα</span> <span class='ocrx_word' id='word_1_305' title='bbox 840 3420 936 3491; x_wconf 85' lang='grc' dir='ltr'>τὴν</span> <span class='ocrx_word' id='word_1_306' title='bbox 961 3422 1181 3491; x_wconf 80' lang='grc' dir='ltr'>σοφίαν·</span> <span class='ocrx_word' id='word_1_307' title='bbox 1214 3420 1336 3473; x_wconf 77' lang='grc' dir='ltr'>οὔτε</span> <span class='ocrx_word' id='word_1_308' title='bbox 1366 3420 1525 3474; x_wconf 77' lang='grc' dir='ltr'>αὑτὸν</span> <span class='ocrx_word' id='word_1_309' title='bbox 1546 3422 1776 3493; x_wconf 83' lang='grc' dir='ltr'>φανερὸν</span> <span class='ocrx_word' id='word_1_310' title='bbox 1795 3422 1984 3493; x_wconf 80' lang='grc' dir='ltr'>ἐποίη-</span> 
     </span>
    </p>
   </div>
   <div class='ocr_carea' id='block_1_39' title="bbox 415 3503 1981 3579">
    <p class='ocr_par' dir='ltr' id='par_1_39' title="bbox 415 3503 1981 3579">
     <span class='ocr_line' id='line_1_39' title="bbox 415 3503 1981 3579; baseline 0.001 -21"><span class='ocrx_word' id='word_1_311' title='bbox 415 3521 525 3569; x_wconf 91' lang='grc' dir='ltr'>σεν,</span> <span class='ocrx_word' id='word_1_312' title='bbox 550 3503 671 3557; x_wconf 74' lang='grc' dir='ltr'>οὔτε</span> <span class='ocrx_word' id='word_1_313' title='bbox 683 3503 867 3559; x_wconf 89' lang='grc' dir='ltr'>λαθεῖν</span> <span class='ocrx_word' id='word_1_314' title='bbox 887 3504 1085 3558; x_wconf 72' lang='grc' dir='ltr'>εἴασενο</span> <span class='ocrx_word' id='word_1_315' title='bbox 1101 3505 1276 3557; x_wconf 90' lang='grc' dir='ltr'>ἐκεῖνο</span> <span class='ocrx_word' id='word_1_316' title='bbox 1301 3505 1419 3574; x_wconf 81' lang='grc' dir='ltr'>μὲν,</span> <span class='ocrx_word' id='word_1_317' title='bbox 1445 3504 1532 3557; x_wconf 82' lang='grc' dir='ltr'>ἵνα</span> <span class='ocrx_word' id='word_1_318' title='bbox 1563 3505 1638 3574; x_wconf 86' lang='grc' dir='ltr'>μὴ</span> <span class='ocrx_word' id='word_1_319' title='bbox 1652 3507 1981 3579; x_wconf 83' lang='grc' dir='ltr'>ἀναισχυνθῇ</span> 
     </span>
    </p>
   </div>
   <div class='ocr_carea' id='block_1_40' title="bbox 412 3586 1987 3661">
    <p class='ocr_par' dir='ltr' id='par_1_40' title="bbox 412 3586 1987 3661">
     <span class='ocr_line' id='line_1_40' title="bbox 412 3586 1987 3661; baseline 0.001 -20"><span class='ocrx_word' id='word_1_320' title='bbox 412 3590 507 3642; x_wconf 72' lang='grc' dir='ltr'>καὶ</span> <span class='ocrx_word' id='word_1_321' title='bbox 542 3587 967 3658; x_wconf 87' lang='grc' dir='ltr'>φιλονεικότερος</span> <span class='ocrx_word' id='word_1_322' title='bbox 997 3588 1221 3657; x_wconf 87' lang='grc' dir='ltr'>γένηται</span> <span class='ocrx_word' id='word_1_323' title='bbox 1244 3603 1260 3618; x_wconf 88' lang='grc'><strong>·</strong></span> <span class='ocrx_word' id='word_1_324' title='bbox 1289 3586 1448 3640; x_wconf 86' lang='grc' dir='ltr'>τοῦτο</span> <span class='ocrx_word' id='word_1_325' title='bbox 1488 3587 1566 3651; x_wconf 91' lang='grc' dir='ltr'>δὲ,</span> <span class='ocrx_word' id='word_1_326' title='bbox 1605 3590 1692 3641; x_wconf 86' lang='grc' dir='ltr'>ίνα</span> <span class='ocrx_word' id='word_1_327' title='bbox 1724 3590 1798 3659; x_wconf 87' lang='grc' dir='ltr'>μὴ</span> <span class='ocrx_word' id='word_1_328' title='bbox 1833 3591 1987 3661; x_wconf 90' lang='grc' dir='ltr'>νομί-</span> 
     </span>
    </p>
   </div>
   <div class='ocr_carea' id='block_1_41' title="bbox 412 3668 1987 3743">
    <p class='ocr_par' dir='ltr' id='par_1_41' title="bbox 412 3668 1987 3743">
     <span class='ocr_line' id='line_1_41' title="bbox 412 3668 1987 3743; baseline 0.002 -20"><span class='ocrx_word' id='word_1_329' title='bbox 412 3671 520 3734; x_wconf 82' lang='grc' dir='ltr'>ζων</span> <span class='ocrx_word' id='word_1_330' title='bbox 544 3669 846 3735; x_wconf 84' lang='grc' dir='ltr'>λανθάνειν,</span> <span class='ocrx_word' id='word_1_331' title='bbox 880 3668 1051 3734; x_wconf 85' lang='grc' dir='ltr'>ἀδεῶς</span> <span class='ocrx_word' id='word_1_332' title='bbox 1080 3669 1460 3740; x_wconf 87' lang='grc' dir='ltr'>ἐργάσηταιτὸ</span> <span class='ocrx_word' id='word_1_333' title='bbox 1483 3670 1755 3743; x_wconf 87' lang='grc' dir='ltr'>τόλμημα.</span> <span class='ocrx_word' id='word_1_334' title='bbox 1776 3672 1867 3725; x_wconf 83' lang='grc' dir='ltr'>Διὸ</span> <span class='ocrx_word' id='word_1_335' title='bbox 1891 3672 1987 3729; x_wconf 79' lang='grc' dir='ltr'>καὶ</span> 
     </span>
    </p>
   </div>
   <div class='ocr_carea' id='block_1_42' title="bbox 413 3752 1985 3829">
    <p class='ocr_par' dir='ltr' id='par_1_42' title="bbox 413 3752 1985 3829">
     <span class='ocr_line' id='line_1_42' title="bbox 413 3752 1985 3829; baseline 0.002 -22"><span class='ocrx_word' id='word_1_336' title='bbox 413 3752 617 3825; x_wconf 88' lang='grc' dir='ltr'>προῖὼν</span> <span class='ocrx_word' id='word_1_337' title='bbox 660 3753 1071 3824; x_wconf 89' lang='grc' dir='ltr'>φανερωτέρους</span> <span class='ocrx_word' id='word_1_338' title='bbox 1120 3753 1316 3821; x_wconf 90' lang='grc' dir='ltr'>ἐπάγει</span> <span class='ocrx_word' id='word_1_339' title='bbox 1367 3754 1492 3817; x_wconf 81' lang='grc' dir='ltr'>τοὺς</span> <span class='ocrx_word' id='word_1_340' title='bbox 1519 3754 1794 3826; x_wconf 85' lang='grc' dir='ltr'>ἐλέγχους.</span> <span class='ocrx_word' id='word_1_341' title='bbox 1846 3757 1985 3829; x_wconf 88' lang='grc' dir='ltr'>Πρό-</span> 
     </span>
    </p>
   </div>
   <div class='ocr_carea' id='block_1_43' title="bbox 412 3836 2039 3910">
    <p class='ocr_par' dir='ltr' id='par_1_43' title="bbox 412 3836 2039 3910">
     <span class='ocr_line' id='line_1_43' title="bbox 412 3836 2039 3910; baseline 0.003 -22"><span class='ocrx_word' id='word_1_342' title='bbox 412 3853 567 3907; x_wconf 89' lang='grc' dir='ltr'>τερον</span> <span class='ocrx_word' id='word_1_343' title='bbox 599 3836 696 3907; x_wconf 80' lang='grc' dir='ltr'>μὲν</span> <span class='ocrx_word' id='word_1_344' title='bbox 721 3836 827 3907; x_wconf 81' lang='grc' dir='ltr'>γὰρ</span> <span class='ocrx_word' id='word_1_345' title='bbox 850 3838 944 3889; x_wconf 78' lang='grc' dir='ltr'>καὶ</span> <span class='ocrx_word' id='word_1_346' title='bbox 971 3836 1131 3889; x_wconf 83' lang='grc' dir='ltr'>αὑτὸν</span> <span class='ocrx_word' id='word_1_347' title='bbox 1161 3836 1299 3907; x_wconf 85' lang='grc' dir='ltr'>μετὰ</span> <span class='ocrx_word' id='word_1_348' title='bbox 1324 3837 1432 3890; x_wconf 89' lang='grc' dir='ltr'>τῶν</span> <span class='ocrx_word' id='word_1_349' title='bbox 1457 3838 1630 3897; x_wconf 83' lang='grc' dir='ltr'>ἄλλων</span> <span class='ocrx_word' id='word_1_350' title='bbox 1656 3838 1982 3910; x_wconf 81' lang='grc' dir='ltr'>ἠρίθμησεν,</span> <span class='ocrx_word' id='word_1_351' title='bbox 2022 3880 2039 3897; x_wconf 71' lang='grc' dir='ltr'><strong>ρ</strong></span> 
     </span>
    </p>
   </div>
   <div class='ocr_carea' id='block_1_44' title="bbox 377 3917 1986 3987">
    <p class='ocr_par' dir='ltr' id='par_1_44' title="bbox 377 3917 1986 3987">
     <span class='ocr_line' id='line_1_44' title="bbox 377 3917 1986 3987; baseline 0.002 -15"><span class='ocrx_word' id='word_1_352' title='bbox 377 3948 383 3955; x_wconf 91' lang='grc'><strong><em>-</em></strong></span> <span class='ocrx_word' id='word_1_353' title='bbox 412 3917 599 3984; x_wconf 84' lang='grc' dir='ltr'>εἰπὼν,</span> <span class='ocrx_word' id='word_1_354' title='bbox 626 3921 706 3973; x_wconf 86' lang='grc' dir='ltr'>δτι</span> <span class='ocrx_word' id='word_1_355' title='bbox 738 3920 875 3973; x_wconf 83' lang='grc' dir='ltr'>Εἰσί</span> <span class='ocrx_word' id='word_1_356' title='bbox 894 3937 1053 3986; x_wconf 88' lang='grc' dir='ltr'>τινες</span> <span class='ocrx_word' id='word_1_357' title='bbox 1084 3919 1152 3985; x_wconf 80' lang='grc' dir='ltr'>ἐξ</span> <span class='ocrx_word' id='word_1_358' title='bbox 1181 3919 1368 3987; x_wconf 81' lang='grc' dir='ltr'>ὑμῶν,</span> <span class='ocrx_word' id='word_1_359' title='bbox 1408 3919 1466 3972; x_wconf 81' lang='grc' dir='ltr'>οἳ</span> <span class='ocrx_word' id='word_1_360' title='bbox 1489 3922 1562 3974; x_wconf 85' lang='grc' dir='ltr'>οὐ</span> <span class='ocrx_word' id='word_1_361' title='bbox 1591 3923 1986 3977; x_wconf 85' lang='grc' dir='ltr'>πιστεύουσιν</span> 
     </span>
    </p>
   </div>
   <div class='ocr_carea' id='block_1_45' title="bbox 412 4002 1984 4075">
    <p class='ocr_par' dir='ltr' id='par_1_45' title="bbox 412 4002 1984 4075">
     <span class='ocr_line' id='line_1_45' title="bbox 412 4002 1984 4075; baseline 0.003 -20"><span class='ocrx_word' id='word_1_362' title='bbox 412 4003 515 4072; x_wconf 78' lang='grc' dir='ltr'>(ὅτι</span> <span class='ocrx_word' id='word_1_363' title='bbox 548 4002 604 4056; x_wconf 84' lang='grc' dir='ltr'>δὲ</span> <span class='ocrx_word' id='word_1_364' title='bbox 636 4004 729 4056; x_wconf 72' lang='grc' dir='ltr'>καὶ</span> <span class='ocrx_word' id='word_1_365' title='bbox 753 4002 845 4056; x_wconf 82' lang='grc' dir='ltr'>τὸν</span> <span class='ocrx_word' id='word_1_366' title='bbox 869 4003 1134 4073; x_wconf 87' lang='grc' dir='ltr'>προδότην</span> <span class='ocrx_word' id='word_1_367' title='bbox 1160 4002 1483 4073; x_wconf 74' lang='grc' dir='ltr'>ἠρίθμησεν,</span> <span class='ocrx_word' id='word_1_368' title='bbox 1525 4004 1791 4075; x_wconf 86' lang='grc' dir='ltr'>ἐδήλωσεν</span> <span class='ocrx_word' id='word_1_369' title='bbox 1816 4006 1984 4059; x_wconf 88' lang='grc' dir='ltr'>εἰπὼν</span> 
     </span>
    </p>
   </div>
   <div class='ocr_carea' id='block_1_46' title="bbox 410 4085 1985 4158">
    <p class='ocr_par' dir='ltr' id='par_1_46' title="bbox 410 4085 1985 4158">
     <span class='ocr_line' id='line_1_46' title="bbox 410 4085 1985 4158; baseline 0.003 -19"><span class='ocrx_word' id='word_1_370' title='bbox 410 4088 439 4139; x_wconf 98' lang='lat'>6</span> <span class='ocrx_word' id='word_1_371' title='bbox 471 4088 860 4157; x_wconf 82' lang='grc' dir='ltr'>εὐαγγελιστής</span> <span class='ocrx_word' id='word_1_372' title='bbox 886 4098 907 4126; x_wconf 84' lang='grc' dir='ltr'><strong>ο</strong></span> <span class='ocrx_word' id='word_1_373' title='bbox 934 4104 948 4119; x_wconf 80' lang='grc'><em>’</em></span> <span class='ocrx_word' id='word_1_374' title='bbox 970 4088 1136 4158; x_wconf 82' lang='grc' dir='ltr'>’ᾘδει</span> <span class='ocrx_word' id='word_1_375' title='bbox 1172 4088 1281 4157; x_wconf 80' lang='grc' dir='ltr'>γὰρ</span> <span class='ocrx_word' id='word_1_376' title='bbox 1316 4085 1385 4151; x_wconf 79' lang='grc' dir='ltr'><strong><em>ἐξ</em></strong></span> <span class='ocrx_word' id='word_1_377' title='bbox 1418 4086 1610 4156; x_wconf 78' lang='grc' dir='ltr'>ἀρχῆς</span> <span class='ocrx_word' id='word_1_378' title='bbox 1642 4088 1801 4153; x_wconf 86' lang='grc' dir='ltr'>τίνες</span> <span class='ocrx_word' id='word_1_379' title='bbox 1827 4090 1985 4147; x_wconf 80' lang='grc' dir='ltr'>εἰσὶν</span> 
     </span>
    </p>
   </div>
   <div class='ocr_carea' id='block_1_47' title="bbox 410 4170 1986 4240">
    <p class='ocr_par' dir='ltr' id='par_1_47' title="bbox 410 4170 1986 4240">
     <span class='ocr_line' id='line_1_47' title="bbox 410 4170 1986 4240; baseline 0.002 -17"><span class='ocrx_word' id='word_1_380' title='bbox 410 4174 465 4225; x_wconf 80' lang='grc' dir='ltr'>οἱ</span> <span class='ocrx_word' id='word_1_381' title='bbox 494 4171 578 4240; x_wconf 77' lang='grc' dir='ltr'>μὴ</span> <span class='ocrx_word' id='word_1_382' title='bbox 604 4171 1009 4235; x_wconf 81' lang='grc' dir='ltr'>πιστεύοντες,</span> <span class='ocrx_word' id='word_1_383' title='bbox 1053 4170 1151 4223; x_wconf 81' lang='grc' dir='ltr'>καὶ</span> <span class='ocrx_word' id='word_1_384' title='bbox 1189 4171 1279 4235; x_wconf 87' lang='grc' dir='ltr'>τίς</span> <span class='ocrx_word' id='word_1_385' title='bbox 1326 4170 1496 4223; x_wconf 78' lang='grc' dir='ltr'>ἐστιν</span> <span class='ocrx_word' id='word_1_386' title='bbox 1528 4172 1560 4223; x_wconf 81' lang='grc' dir='ltr'>ό</span> <span class='ocrx_word' id='word_1_387' title='bbox 1617 4170 1986 4240; x_wconf 81' lang='grc' dir='ltr'>παραδώσων</span> 
     </span>
    </p>
   </div>
   <div class='ocr_carea' id='block_1_48' title="bbox 410 4253 1985 4325">
    <p class='ocr_par' dir='ltr' id='par_1_48' title="bbox 410 4253 1985 4325">
     <span class='ocr_line' id='line_1_48' title="bbox 410 4253 1985 4325; baseline 0 -15"><span class='ocrx_word' id='word_1_388' title='bbox 410 4254 618 4325; x_wconf 84' lang='grc' dir='ltr'>αὐτόν)</span> <span class='ocrx_word' id='word_1_389' title='bbox 641 4272 654 4285; x_wconf 89' lang='grc'><strong>·</strong></span> <span class='ocrx_word' id='word_1_390' title='bbox 686 4254 872 4324; x_wconf 78' lang='grc' dir='ltr'>ἐπειδὴ</span> <span class='ocrx_word' id='word_1_391' title='bbox 910 4254 963 4307; x_wconf 76' lang='grc' dir='ltr'>δὲ</span> <span class='ocrx_word' id='word_1_392' title='bbox 991 4253 1257 4324; x_wconf 89' lang='grc' dir='ltr'>ἐνέμεινε,</span> <span class='ocrx_word' id='word_1_393' title='bbox 1288 4253 1644 4325; x_wconf 89' lang='grc' dir='ltr'>σφοδρότερον</span> <span class='ocrx_word' id='word_1_394' title='bbox 1672 4255 1866 4323; x_wconf 78' lang='grc' dir='ltr'>ἐπάγει</span> <span class='ocrx_word' id='word_1_395' title='bbox 1893 4256 1985 4311; x_wconf 84' lang='grc' dir='ltr'>τὸν</span> 
     </span>
    </p>
   </div>
   <div class='ocr_carea' id='block_1_49' title="bbox 410 4333 1982 4409">
    <p class='ocr_par' dir='ltr' id='par_1_49' title="bbox 410 4333 1982 4409">
     <span class='ocr_line' id='line_1_49' title="bbox 410 4333 1982 4409; baseline 0.003 -19"><span class='ocrx_word' id='word_1_396' title='bbox 410 4338 651 4409; x_wconf 69' lang='grc' dir='ltr'>ἔλεγχον,</span> <span class='ocrx_word' id='word_1_397' title='bbox 682 4333 790 4404; x_wconf 80' lang='grc' dir='ltr'>Εἷς</span> <span class='ocrx_word' id='word_1_398' title='bbox 825 4337 894 4401; x_wconf 84' lang='grc' dir='ltr'>ἐξ</span> <span class='ocrx_word' id='word_1_399' title='bbox 923 4338 1089 4406; x_wconf 87' lang='grc' dir='ltr'>ὑμῶν</span> <span class='ocrx_word' id='word_1_400' title='bbox 1119 4338 1395 4402; x_wconf 77' lang='grc' dir='ltr'>διάϐολός</span> <span class='ocrx_word' id='word_1_401' title='bbox 1431 4337 1769 4403; x_wconf 66' lang='grc' dir='ltr'>ἐστιν,³καὶ</span> <span class='ocrx_word' id='word_1_402' title='bbox 1808 4341 1982 4394; x_wconf 86' lang='grc' dir='ltr'>κοινὸν</span> 
     </span>
    </p>
   </div>
   <div class='ocr_carea' id='block_1_50' title="bbox 410 4420 1984 4493">
    <p class='ocr_par' dir='ltr' id='par_1_50' title="bbox 410 4420 1984 4493">
     <span class='ocr_line' id='line_1_50' title="bbox 410 4420 1984 4493; baseline 0.002 -20"><span class='ocrx_word' id='word_1_403' title='bbox 410 4424 545 4475; x_wconf 81' lang='grc' dir='ltr'>πᾶσι</span> <span class='ocrx_word' id='word_1_404' title='bbox 575 4421 665 4474; x_wconf 83' lang='grc' dir='ltr'>τὸν</span> <span class='ocrx_word' id='word_1_405' title='bbox 690 4420 853 4489; x_wconf 91' lang='grc' dir='ltr'>φόϐον</span> <span class='ocrx_word' id='word_1_406' title='bbox 886 4420 1224 4491; x_wconf 77' lang='grc' dir='ltr'>καθίστησιν,</span> <span class='ocrx_word' id='word_1_407' title='bbox 1248 4422 1451 4474; x_wconf 84' lang='grc' dir='ltr'>ἐκεῖνον</span> <span class='ocrx_word' id='word_1_408' title='bbox 1485 4422 1773 4477; x_wconf 89' lang='grc' dir='ltr'>συσκιάσαι</span> <span class='ocrx_word' id='word_1_409' title='bbox 1801 4422 1984 4493; x_wconf 82' lang='grc' dir='ltr'>βουλὸ-</span> 
     </span>
    </p>
   </div>
   <div class='ocr_carea' id='block_1_51' title="bbox 414 4503 1985 4577">
    <p class='ocr_par' dir='ltr' id='par_1_51' title="bbox 414 4503 1985 4577">
     <span class='ocr_line' id='line_1_51' title="bbox 414 4503 1985 4577; baseline 0.002 -20"><span class='ocrx_word' id='word_1_410' title='bbox 414 4521 594 4575; x_wconf 90' lang='grc' dir='ltr'>μενος.</span> <span class='ocrx_word' id='word_1_411' title='bbox 621 4504 806 4568; x_wconf 72' lang='grc' dir='ltr'>’Ἄξιον</span> <span class='ocrx_word' id='word_1_412' title='bbox 827 4503 884 4556; x_wconf 84' lang='grc' dir='ltr'>δὲ</span> <span class='ocrx_word' id='word_1_413' title='bbox 914 4504 1149 4558; x_wconf 85' lang='grc' dir='ltr'>ἐνταῦθα</span> <span class='ocrx_word' id='word_1_414' title='bbox 1176 4504 1541 4574; x_wconf 81' lang='grc' dir='ltr'>διαπορῆσαι,</span> <span class='ocrx_word' id='word_1_415' title='bbox 1574 4505 1627 4558; x_wconf 89' lang='grc' dir='ltr'>τί</span> <span class='ocrx_word' id='word_1_416' title='bbox 1663 4506 1861 4577; x_wconf 86' lang='grc' dir='ltr'>δήποτε</span> <span class='ocrx_word' id='word_1_417' title='bbox 1890 4506 1985 4561; x_wconf 88' lang='grc' dir='ltr'>νῦν</span> 
     </span>
    </p>
   </div>
   <div class='ocr_carea' id='block_1_52' title="bbox 414 4586 1985 4661">
    <p class='ocr_par' dir='ltr' id='par_1_52' title="bbox 414 4586 1985 4661">
     <span class='ocr_line' id='line_1_52' title="bbox 414 4586 1985 4661; baseline 0.004 -21"><span class='ocrx_word' id='word_1_418' title='bbox 414 4589 513 4658; x_wconf 86' lang='grc' dir='ltr'>μὲν</span> <span class='ocrx_word' id='word_1_419' title='bbox 542 4586 692 4642; x_wconf 80' lang='grc' dir='ltr'>οὐδὲν</span> <span class='ocrx_word' id='word_1_420' title='bbox 722 4586 971 4654; x_wconf 84' lang='grc' dir='ltr'>λέγουσιν</span> <span class='ocrx_word' id='word_1_421' title='bbox 1000 4589 1048 4639; x_wconf 87' lang='grc' dir='ltr'>οἰ</span> <span class='ocrx_word' id='word_1_422' title='bbox 1076 4586 1313 4658; x_wconf 76' lang='grc' dir='ltr'>μαθηταὶ</span> <span class='ocrx_word' id='word_1_423' title='bbox 1334 4627 1347 4651; x_wconf 94' lang='grc'>,</span> <span class='ocrx_word' id='word_1_424' title='bbox 1381 4587 1605 4661; x_wconf 80' lang='grc' dir='ltr'>ὕστερον</span> <span class='ocrx_word' id='word_1_425' title='bbox 1636 4589 1693 4642; x_wconf 85' lang='grc' dir='ltr'>δὲ</span> <span class='ocrx_word' id='word_1_426' title='bbox 1717 4590 1985 4647; x_wconf 82' lang='grc' dir='ltr'>δεδοίκασι</span> 
     </span>
    </p>
   </div>
   <div class='ocr_carea' id='block_1_53' title="bbox 411 4669 1986 4743">
    <p class='ocr_par' dir='ltr' id='par_1_53' title="bbox 411 4669 1986 4743">
     <span class='ocr_line' id='line_1_53' title="bbox 411 4669 1986 4743; baseline 0.003 -18"><span class='ocrx_word' id='word_1_427' title='bbox 411 4671 507 4725; x_wconf 73' lang='grc' dir='ltr'>καὶ</span> <span class='ocrx_word' id='word_1_428' title='bbox 533 4669 915 4741; x_wconf 76' lang='grc' dir='ltr'>διαποροῦνται</span> <span class='ocrx_word' id='word_1_429' title='bbox 950 4671 1083 4739; x_wconf 82' lang='grc' dir='ltr'>πρὸς</span> <span class='ocrx_word' id='word_1_430' title='bbox 1116 4671 1375 4740; x_wconf 85' lang='grc' dir='ltr'>ἀλλήλους</span> <span class='ocrx_word' id='word_1_431' title='bbox 1403 4673 1638 4743; x_wconf 87' lang='grc' dir='ltr'>ὁρῶντες</span> <span class='ocrx_word' id='word_1_432' title='bbox 1662 4675 1757 4726; x_wconf 78' lang='grc' dir='ltr'>καὶ</span> <span class='ocrx_word' id='word_1_433' title='bbox 1781 4677 1986 4730; x_wconf 89' lang='grc' dir='ltr'>πυνθα-</span> 
     </span>
    </p>
   </div>
   <div class='ocr_carea' id='block_1_54' title="bbox 410 4752 1984 4830">
    <p class='ocr_par' dir='ltr' id='par_1_54' title="bbox 410 4752 1984 4830">
     <span class='ocr_line' id='line_1_54' title="bbox 410 4752 1984 4830; baseline 0.004 -24"><span class='ocrx_word' id='word_1_434' title='bbox 410 4755 644 4824; x_wconf 85' lang='grc' dir='ltr'>νόμενοι,</span> <span class='ocrx_word' id='word_1_435' title='bbox 680 4752 773 4818; x_wconf 76' lang='grc' dir='ltr'><em>Μή</em></span> <span class='ocrx_word' id='word_1_436' title='bbox 809 4771 865 4805; x_wconf 87' lang='grc' dir='ltr'>τι</span> <span class='ocrx_word' id='word_1_437' title='bbox 891 4752 1004 4822; x_wconf 86' lang='grc' dir='ltr'>ἐγώ</span> <span class='ocrx_word' id='word_1_438' title='bbox 1034 4756 1168 4822; x_wconf 80' lang='grc' dir='ltr'>εἰμι,</span> <span class='ocrx_word' id='word_1_439' title='bbox 1212 4757 1421 4821; x_wconf 82' lang='grc' dir='ltr'>Κύριε;</span> <span class='ocrx_word' id='word_1_440' title='bbox 1455 4757 1563 4809; x_wconf 77' lang='grc' dir='ltr'>Καὶ</span> <span class='ocrx_word' id='word_1_441' title='bbox 1600 4756 1675 4826; x_wconf 85' lang='grc' dir='ltr'>τῷ</span> <span class='ocrx_word' id='word_1_442' title='bbox 1716 4757 1931 4830; x_wconf 81' lang='grc' dir='ltr'>Ἰωάννῃ</span> <span class='ocrx_word' id='word_1_443' title='bbox 1956 4763 1984 4814; x_wconf 98' lang='lat'>6</span> 
     </span>
    </p>
   </div>
   <div class='ocr_carea' id='block_1_55' title="bbox 412 4836 1984 4911">
    <p class='ocr_par' dir='ltr' id='par_1_55' title="bbox 412 4836 1984 4911">
     <span class='ocr_line' id='line_1_55' title="bbox 412 4836 1984 4911; baseline 0.004 -20"><span class='ocrx_word' id='word_1_444' title='bbox 412 4838 616 4906; x_wconf 88' lang='grc' dir='ltr'>Πέτρος</span> <span class='ocrx_word' id='word_1_445' title='bbox 657 4837 860 4890; x_wconf 89' lang='grc' dir='ltr'>ἐννεύει</span> <span class='ocrx_word' id='word_1_446' title='bbox 924 4837 1114 4907; x_wconf 90' lang='grc' dir='ltr'>μαθεῖν</span> <span class='ocrx_word' id='word_1_447' title='bbox 1136 4836 1283 4909; x_wconf 73' lang='grc'>[281]</span> <span class='ocrx_word' id='word_1_448' title='bbox 1311 4839 1401 4891; x_wconf 76' lang='grc' dir='ltr'>τὸν</span> <span class='ocrx_word' id='word_1_449' title='bbox 1432 4840 1715 4911; x_wconf 87' lang='grc' dir='ltr'>προδότην,</span> <span class='ocrx_word' id='word_1_450' title='bbox 1746 4845 1840 4895; x_wconf 77' lang='grc' dir='ltr'>καὶ</span> <span class='ocrx_word' id='word_1_451' title='bbox 1881 4862 1984 4897; x_wconf 91' lang='grc' dir='ltr'>πυ-</span> 
     </span>
    </p>
   </div>
   <div class='ocr_carea' id='block_1_56' title="bbox 412 4917 1984 4983">
    <p class='ocr_par' dir='ltr' id='par_1_56' title="bbox 412 4917 1984 4983">
     <span class='ocr_line' id='line_1_56' title="bbox 412 4917 1984 4983; baseline 0.005 -12"><span class='ocrx_word' id='word_1_452' title='bbox 412 4919 597 4978; x_wconf 84' lang='grc' dir='ltr'>θέσθαι</span> <span class='ocrx_word' id='word_1_453' title='bbox 622 4917 716 4972; x_wconf 90' lang='grc' dir='ltr'>τοῦ</span> <span class='ocrx_word' id='word_1_454' title='bbox 746 4919 1075 4977; x_wconf 85' lang='grc' dir='ltr'>Διδασκάλου</span> <span class='ocrx_word' id='word_1_455' title='bbox 1104 4922 1187 4983; x_wconf 89' lang='grc' dir='ltr'>τίς</span> <span class='ocrx_word' id='word_1_456' title='bbox 1219 4921 1386 4976; x_wconf 84' lang='grc' dir='ltr'>ἐστιν.</span> <span class='ocrx_word' id='word_1_457' title='bbox 1425 4922 1488 4973; x_wconf 89' lang='grc' dir='ltr'>Τί</span> <span class='ocrx_word' id='word_1_458' title='bbox 1511 4940 1640 4975; x_wconf 89' lang='grc' dir='ltr'>ποτε</span> <span class='ocrx_word' id='word_1_459' title='bbox 1666 4920 1760 4977; x_wconf 78' lang='grc' dir='ltr'>οὖν</span> <span class='ocrx_word' id='word_1_460' title='bbox 1788 4924 1813 4964; x_wconf 78' lang='grc' dir='ltr'>ἀ</span> <span class='ocrx_word' id='word_1_461' title='bbox 1867 4928 1984 4983; x_wconf 77' lang='grc' dir='ltr'>ἐστι</span> 
     </span>
    </p>
   </div>
   <div class='ocr_carea' id='block_1_57' title="bbox 409 4998 1984 5079">
    <p class='ocr_par' dir='ltr' id='par_1_57' title="bbox 409 4998 1984 5079">
     <span class='ocr_line' id='line_1_57' title="bbox 409 4998 1984 5079; baseline 0.004 -23"><span class='ocrx_word' id='word_1_462' title='bbox 409 5004 473 5056; x_wconf 78' lang='grc' dir='ltr'>τὸ</span> <span class='ocrx_word' id='word_1_463' title='bbox 508 5004 715 5068; x_wconf 80' lang='grc' dir='ltr'>αἴτιον;</span> <span class='ocrx_word' id='word_1_464' title='bbox 770 5002 935 5056; x_wconf 84' lang='grc' dir='ltr'>Οῦπω</span> <span class='ocrx_word' id='word_1_465' title='bbox 980 4998 1048 5074; x_wconf 81' lang='grc' dir='ltr'>ἦν</span> <span class='ocrx_word' id='word_1_466' title='bbox 1096 5004 1124 5057; x_wconf 93' lang='lat'>6</span> <span class='ocrx_word' id='word_1_467' title='bbox 1180 5004 1384 5074; x_wconf 79' lang='grc' dir='ltr'>Πέτρος</span> <span class='ocrx_word' id='word_1_468' title='bbox 1432 5006 1694 5070; x_wconf 86' lang='grc' dir='ltr'>ἀκούσας,</span> <span class='ocrx_word' id='word_1_469' title='bbox 1755 5008 1984 5079; x_wconf 78' lang='grc' dir='ltr'>’Ὕπαγε</span> 
     </span>
    </p>
   </div>
   <div class='ocr_carea' id='block_1_58' title="bbox 412 5086 1980 5164">
    <p class='ocr_par' dir='ltr' id='par_1_58' title="bbox 412 5086 1980 5164">
     <span class='ocr_line' id='line_1_58' title="bbox 412 5086 1980 5164; baseline 0.006 -25"><span class='ocrx_word' id='word_1_470' title='bbox 412 5086 605 5140; x_wconf 81' lang='grc' dir='ltr'>ὀπίσω</span> <span class='ocrx_word' id='word_1_471' title='bbox 635 5106 775 5156; x_wconf 90' lang='grc' dir='ltr'>μου,</span> <span class='ocrx_word' id='word_1_472' title='bbox 819 5088 1072 5142; x_wconf 85' lang='grc' dir='ltr'>σατανᾶ.</span> <span class='ocrx_word' id='word_1_473' title='bbox 1107 5088 1204 5140; x_wconf 87' lang='grc' dir='ltr'>Διά</span> <span class='ocrx_word' id='word_1_474' title='bbox 1232 5089 1389 5141; x_wconf 85' lang='grc' dir='ltr'>τοῦτο</span> <span class='ocrx_word' id='word_1_475' title='bbox 1415 5090 1535 5142; x_wconf 86' lang='grc' dir='ltr'>ούδέ</span> <span class='ocrx_word' id='word_1_476' title='bbox 1567 5109 1619 5145; x_wconf 90' lang='grc' dir='ltr'>τι</span> <span class='ocrx_word' id='word_1_477' title='bbox 1647 5092 1761 5156; x_wconf 88' lang='grc' dir='ltr'>δέος</span> <span class='ocrx_word' id='word_1_478' title='bbox 1803 5090 1945 5164; x_wconf 79' lang='grc' dir='ltr'>εἶχεν</span> <span class='ocrx_word' id='word_1_479' title='bbox 1964 5112 1980 5127; x_wconf 73' lang='grc'><strong>⁸</strong></span> 
     </span>
    </p>
   </div>
   <div class='ocr_carea' id='block_1_59' title="bbox 415 5169 1983 5244">
    <p class='ocr_par' dir='ltr' id='par_1_59' title="bbox 415 5169 1983 5244">
     <span class='ocr_line' id='line_1_59' title="bbox 415 5169 1983 5244; baseline 0.007 -23"><span class='ocrx_word' id='word_1_480' title='bbox 415 5169 602 5240; x_wconf 79' lang='grc' dir='ltr'>ἐπειδὴ</span> <span class='ocrx_word' id='word_1_481' title='bbox 648 5172 703 5223; x_wconf 87' lang='grc' dir='ltr'>δὲ</span> <span class='ocrx_word' id='word_1_482' title='bbox 768 5171 1094 5243; x_wconf 81' lang='grc' dir='ltr'>ἐπετιμήθη,</span> <span class='ocrx_word' id='word_1_483' title='bbox 1159 5172 1255 5225; x_wconf 78' lang='grc' dir='ltr'>καὶ</span> <span class='ocrx_word' id='word_1_484' title='bbox 1309 5173 1417 5225; x_wconf 83' lang='grc' dir='ltr'>ἀπὸ</span> <span class='ocrx_word' id='word_1_485' title='bbox 1455 5174 1653 5244; x_wconf 85' lang='grc' dir='ltr'>πολλῆς</span> <span class='ocrx_word' id='word_1_486' title='bbox 1695 5176 1983 5243; x_wconf 83' lang='grc' dir='ltr'>διαθέσεως</span> 
     </span>
    </p>
   </div>
   <div class='ocr_carea' id='block_1_60' title="bbox 418 5253 1979 5331">
    <p class='ocr_par' dir='ltr' id='par_1_60' title="bbox 418 5253 1979 5331">
     <span class='ocr_line' id='line_1_60' title="bbox 418 5253 1979 5331; baseline 0.007 -27"><span class='ocrx_word' id='word_1_487' title='bbox 418 5253 605 5316; x_wconf 80' lang='grc' dir='ltr'>εἰπὼν,</span> <span class='ocrx_word' id='word_1_488' title='bbox 627 5255 727 5307; x_wconf 84' lang='grc' dir='ltr'>οὐκ</span> <span class='ocrx_word' id='word_1_489' title='bbox 760 5254 1135 5326; x_wconf 82' lang='grc' dir='ltr'>εὐδοκίμησεν,</span> <span class='ocrx_word' id='word_1_490' title='bbox 1168 5255 1304 5310; x_wconf 86' lang='grc' dir='ltr'>ἀλλά</span> <span class='ocrx_word' id='word_1_491' title='bbox 1328 5258 1421 5310; x_wconf 79' lang='grc' dir='ltr'>καὶ</span> <span class='ocrx_word' id='word_1_492' title='bbox 1454 5261 1687 5321; x_wconf 83' lang='grc' dir='ltr'>σατανᾶς</span> <span class='ocrx_word' id='word_1_493' title='bbox 1716 5260 1979 5331; x_wconf 74' lang='grc' dir='ltr'>ἤκουσεν⁹</span> 
     </span>
    </p>
   </div>
   <div class='ocr_carea' id='block_1_61' title="bbox 412 5333 1983 5409">
    <p class='ocr_par' dir='ltr' id='par_1_61' title="bbox 412 5333 1983 5409">
     <span class='ocr_line' id='line_1_61' title="bbox 412 5333 1983 5409; baseline 0.006 -21"><span class='ocrx_word' id='word_1_494' title='bbox 412 5336 624 5389; x_wconf 87' lang='grc' dir='ltr'>ἀκούων</span> <span class='ocrx_word' id='word_1_495' title='bbox 650 5337 732 5390; x_wconf 84' lang='grc' dir='ltr'>δτι</span> <span class='ocrx_word' id='word_1_496' title='bbox 767 5333 873 5402; x_wconf 81' lang='grc' dir='ltr'>Εἷς</span> <span class='ocrx_word' id='word_1_497' title='bbox 925 5338 995 5403; x_wconf 79' lang='grc' dir='ltr'>ἐξ</span> <span class='ocrx_word' id='word_1_498' title='bbox 1043 5338 1211 5408; x_wconf 85' lang='grc' dir='ltr'>ὑμῶν</span> <span class='ocrx_word' id='word_1_499' title='bbox 1236 5339 1572 5407; x_wconf 85' lang='grc' dir='ltr'>παραδώσει</span> <span class='ocrx_word' id='word_1_500' title='bbox 1607 5359 1717 5409; x_wconf 88' lang='grc' dir='ltr'>με,</span> <span class='ocrx_word' id='word_1_501' title='bbox 1756 5345 1983 5409; x_wconf 78' lang='grc' dir='ltr'>εἰκότως</span> 
     </span>
    </p>
   </div>
   <div class='ocr_carea' id='block_1_62' title="bbox 413 5420 1981 5496">
    <p class='ocr_par' dir='ltr' id='par_1_62' title="bbox 413 5420 1981 5496">
     <span class='ocr_line' id='line_1_62' title="bbox 413 5420 1981 5496; baseline 0.006 -23"><span class='ocrx_word' id='word_1_502' title='bbox 413 5420 596 5473; x_wconf 79' lang='grc' dir='ltr'>λοιπὸν</span> <span class='ocrx_word' id='word_1_503' title='bbox 635 5421 825 5475; x_wconf 77' lang='grc' dir='ltr'>ἔδεισε.</span> <span class='ocrx_word' id='word_1_504' title='bbox 873 5423 1186 5487; x_wconf 82' lang='grc' dir='ltr'>Ἀλλωςδὲ,</span> <span class='ocrx_word' id='word_1_505' title='bbox 1215 5424 1334 5477; x_wconf 81' lang='grc' dir='ltr'>οὐδὲ</span> <span class='ocrx_word' id='word_1_506' title='bbox 1380 5423 1475 5478; x_wconf 91' lang='grc' dir='ltr'>νῦν</span> <span class='ocrx_word' id='word_1_507' title='bbox 1514 5441 1710 5495; x_wconf 86' lang='grc' dir='ltr'>φησιν,</span> <span class='ocrx_word' id='word_1_508' title='bbox 1760 5423 1862 5493; x_wconf 80' lang='grc' dir='ltr'>Εἷς</span> <span class='ocrx_word' id='word_1_509' title='bbox 1911 5431 1981 5496; x_wconf 79' lang='grc' dir='ltr'>ἐξ</span> 
     </span>
    </p>
   </div>
   <div class='ocr_carea' id='block_1_63' title="bbox 412 5502 1981 5582">
    <p class='ocr_par' dir='ltr' id='par_1_63' title="bbox 412 5502 1981 5582">
     <span class='ocr_line' id='line_1_63' title="bbox 412 5502 1981 5582; baseline 0.009 -28"><span class='ocrx_word' id='word_1_510' title='bbox 412 5502 578 5572; x_wconf 83' lang='grc' dir='ltr'>ὑμῶν</span> <span class='ocrx_word' id='word_1_511' title='bbox 606 5505 944 5572; x_wconf 85' lang='grc' dir='ltr'>παραδώσει</span> <span class='ocrx_word' id='word_1_512' title='bbox 963 5524 1058 5575; x_wconf 87' lang='grc' dir='ltr'>με,</span> <span class='ocrx_word' id='word_1_513' title='bbox 1083 5508 1216 5573; x_wconf 80' lang='grc' dir='ltr'>ἀλλ’,</span> <span class='ocrx_word' id='word_1_514' title='bbox 1261 5504 1368 5575; x_wconf 83' lang='grc' dir='ltr'>Εἷς</span> <span class='ocrx_word' id='word_1_515' title='bbox 1391 5508 1461 5573; x_wconf 84' lang='grc' dir='ltr'>ἐξ</span> <span class='ocrx_word' id='word_1_516' title='bbox 1508 5508 1673 5578; x_wconf 82' lang='grc' dir='ltr'>ὑμῶν</span> <span class='ocrx_word' id='word_1_517' title='bbox 1704 5509 1981 5582; x_wconf 81' lang='grc' dir='ltr'>διάϐολός</span> 
     </span>
    </p>
   </div>
   <div class='ocr_carea' id='block_1_64' title="bbox 410 5587 1982 5668">
    <p class='ocr_par' dir='ltr' id='par_1_64' title="bbox 410 5587 1982 5668">
     <span class='ocr_line' id='line_1_64' title="bbox 410 5587 1982 5668; baseline 0.008 -29"><span class='ocrx_word' id='word_1_518' title='bbox 410 5587 560 5641; x_wconf 79' lang='grc' dir='ltr'>ἐστι.</span> <span class='ocrx_word' id='word_1_519' title='bbox 597 5588 795 5658; x_wconf 79' lang='grc' dir='ltr'>Διόπερ</span> <span class='ocrx_word' id='word_1_520' title='bbox 816 5590 937 5642; x_wconf 82' lang='grc' dir='ltr'>οὐδὲ</span> <span class='ocrx_word' id='word_1_521' title='bbox 968 5590 1161 5661; x_wconf 77' lang='grc' dir='ltr'>ᾔδεσαν</span> <span class='ocrx_word' id='word_1_522' title='bbox 1202 5594 1266 5646; x_wconf 80' lang='grc' dir='ltr'>τὸ</span> <span class='ocrx_word' id='word_1_523' title='bbox 1302 5594 1613 5664; x_wconf 87' lang='grc' dir='ltr'>λεγόμενον,</span> <span class='ocrx_word' id='word_1_524' title='bbox 1642 5594 1778 5649; x_wconf 87' lang='grc' dir='ltr'>ἀλλά</span> <span class='ocrx_word' id='word_1_525' title='bbox 1816 5615 1982 5668; x_wconf 88' lang='grc' dir='ltr'>πονη-</span> 
     </span>
    </p>
   </div>
   <div class='ocr_carea' id='block_1_65' title="bbox 419 5670 1980 5749">
    <p class='ocr_par' dir='ltr' id='par_1_65' title="bbox 419 5670 1980 5749">
     <span class='ocr_line' id='line_1_65' title="bbox 419 5670 1980 5749; baseline 0.01 -29"><span class='ocrx_word' id='word_1_526' title='bbox 419 5670 533 5737; x_wconf 85' lang='grc' dir='ltr'>ρίας</span> <span class='ocrx_word' id='word_1_527' title='bbox 552 5670 717 5739; x_wconf 76' lang='grc' dir='ltr'>ᾤοντο</span> <span class='ocrx_word' id='word_1_528' title='bbox 749 5671 1092 5726; x_wconf 84' lang='grc' dir='ltr'>σκώπτεσθαι</span> <span class='ocrx_word' id='word_1_529' title='bbox 1122 5674 1299 5743; x_wconf 87' lang='grc' dir='ltr'>μόνον.</span> <span class='ocrx_word' id='word_1_530' title='bbox 1326 5677 1388 5727; x_wconf 90' lang='grc' dir='ltr'>Τί</span> <span class='ocrx_word' id='word_1_531' title='bbox 1409 5678 1605 5746; x_wconf 80' lang='grc' dir='ltr'>δήποτε</span> <span class='ocrx_word' id='word_1_532' title='bbox 1633 5678 1689 5730; x_wconf 80' lang='grc' dir='ltr'>δὲ</span> <span class='ocrx_word' id='word_1_533' title='bbox 1726 5680 1785 5731; x_wconf 74' lang='grc' dir='ltr'>τὸ</span> <span class='ocrx_word' id='word_1_534' title='bbox 1834 5683 1980 5749; x_wconf 79' lang='grc' dir='ltr'>Οὐχὶ</span> 
     </span>
    </p>
   </div>
   <div class='ocr_carea' id='block_1_66' title="bbox 413 5749 1978 5830">
    <p class='ocr_par' dir='ltr' id='par_1_66' title="bbox 413 5749 1978 5830">
     <span class='ocr_line' id='line_1_66' title="bbox 413 5749 1978 5830; baseline 0.01 -27"><span class='ocrx_word' id='word_1_535' title='bbox 413 5751 527 5819; x_wconf 85' lang='grc' dir='ltr'>ἐγὼ</span> <span class='ocrx_word' id='word_1_536' title='bbox 552 5752 738 5822; x_wconf 80' lang='grc' dir='ltr'>ὑμᾶς,</span> <span class='ocrx_word' id='word_1_537' title='bbox 771 5749 956 5817; x_wconf 82' lang='grc' dir='ltr'>εἶπεν,</span> <span class='ocrx_word' id='word_1_538' title='bbox 1004 5756 1147 5821; x_wconf 85' lang='grc' dir='ltr'>τοὺς</span> <span class='ocrx_word' id='word_1_539' title='bbox 1187 5758 1413 5813; x_wconf 81' lang='grc' dir='ltr'>δώδεκα</span> <span class='ocrx_word' id='word_1_540' title='bbox 1454 5760 1844 5830; x_wconf 79' lang='grc' dir='ltr'>ἐξελεξάμην,</span> <span class='ocrx_word' id='word_1_541' title='bbox 1880 5766 1978 5819; x_wconf 81' lang='grc' dir='ltr'>καὶ</span> 
     </span>
    </p>
   </div>
   <div class='ocr_carea' id='block_1_67' title="bbox 475 5846 1979 5915">
    <p class='ocr_par' dir='ltr' id='par_1_67' title="bbox 475 5846 1979 5915">
     <span class='ocr_line' id='line_1_67' title="bbox 475 5846 1979 5915; baseline 0.011 -21"><span class='ocrx_word' id='word_1_542' title='bbox 475 5846 500 5874; x_wconf 79' lang='grc'><strong><em>⁸</em></strong></span> <span class='ocrx_word' id='word_1_543' title='bbox 528 5847 676 5897; x_wconf 77' lang='lat' dir='ltr'><strong>Savil.</strong></span> <span class='ocrx_word' id='word_1_544' title='bbox 708 5850 955 5915; x_wconf 48' lang='lat' dir='ltr'>etjiorel.</span> <span class='ocrx_word' id='word_1_545' title='bbox 994 5852 1138 5901; x_wconf 86' lang='grc' dir='ltr'>αὐτοῦ</span> <span class='ocrx_word' id='word_1_546' title='bbox 1172 5854 1399 5915; x_wconf 82' lang='grc' dir='ltr'>λέγοντος.</span> <span class='ocrx_word' id='word_1_547' title='bbox 1426 5857 1523 5905; x_wconf 85' lang='lat' dir='ltr'><strong>Alii</strong></span> <span class='ocrx_word' id='word_1_548' title='bbox 1564 5856 1649 5906; x_wconf 87' lang='grc' dir='ltr'>τοῦ</span> <span class='ocrx_word' id='word_1_549' title='bbox 1693 5860 1979 5911; x_wconf 87' lang='grc' dir='ltr'>διδασκάλου</span> 
     </span>
    </p>
   </div>
   <div class='ocr_carea' id='block_1_68' title="bbox 412 5904 1978 5991">
    <p class='ocr_par' dir='ltr' id='par_1_68' title="bbox 412 5904 1978 5991">
     <span class='ocr_line' id='line_1_68' title="bbox 412 5904 1978 5991; baseline -0.011 1"><span class='ocrx_word' id='word_1_550' title='bbox 412 5904 662 5991; x_wconf 32' lang='lat' dir='ltr'>Et???)</span> <span class='ocrx_word' id='word_1_551' title='bbox 693 5911 935 5991; x_wconf 35' lang='lat'>3&amp;9?&quot;</span> <span class='ocrx_word' id='word_1_552' title='bbox 969 5915 1050 5991; x_wconf 54' lang='grc' dir='ltr'>μὲν</span> <span class='ocrx_word' id='word_1_553' title='bbox 1090 5904 1404 5991; x_wconf 43' lang='grc' dir='ltr'>εἶνῖμίῖωίί,</span> <span class='ocrx_word' id='word_1_554' title='bbox 1427 5904 1978 5991; x_wconf 12' lang='grc' dir='ltr'>ἦρίδμηργενξ-δᾸᾶιόὖᾶὖν</span> 
     </span>
    </p>
   </div>
   <div class='ocr_carea' id='block_1_69' title="bbox 413 5966 1664 6038">
    <p class='ocr_par' dir='ltr' id='par_1_69' title="bbox 413 5966 1664 6038">
     <span class='ocr_line' id='line_1_69' title="bbox 413 5966 1664 6038; baseline 0.011 -21"><span class='ocrx_word' id='word_1_555' title='bbox 413 5966 460 6017; x_wconf 73' lang='grc' dir='ltr'>τί</span> <span class='ocrx_word' id='word_1_556' title='bbox 480 5966 618 6032; x_wconf 73' lang='grc' dir='ltr'>φησιν</span> <span class='ocrx_word' id='word_1_557' title='bbox 641 5973 667 6021; x_wconf 90' lang='lat'>6</span> <span class='ocrx_word' id='word_1_558' title='bbox 688 5966 1029 6034; x_wconf 79' lang='grc' dir='ltr'>εὐαγγελιστῆς.</span> <span class='ocrx_word' id='word_1_559' title='bbox 1095 5974 1123 6015; x_wconf 76' lang='lat' dir='ltr'><strong>d</strong></span> <span class='ocrx_word' id='word_1_560' title='bbox 1149 5976 1318 6027; x_wconf 79' lang='lat' dir='ltr'>Morel.</span> <span class='ocrx_word' id='word_1_561' title='bbox 1346 5978 1407 6038; x_wconf 82' lang='grc' dir='ltr'>μή</span> <span class='ocrx_word' id='word_1_562' title='bbox 1432 5966 1548 6029; x_wconf 63' lang='grc' dir='ltr'>ποτέ</span> <span class='ocrx_word' id='word_1_563' title='bbox 1567 5966 1664 6032; x_wconf 47' lang='grc' dir='ltr'>οῦνῖ</span> 
     </span>
    </p>
   </div>
   <div class='ocr_carea' id='block_1_70' title="bbox 1481 311 2751 372">
    <p class='ocr_par' dir='ltr' id='par_1_70' title="bbox 1481 311 2751 372">
     <span class='ocr_line' id='line_1_70' title="bbox 1481 311 2751 372; baseline -0.003 -2"><span class='ocrx_word' id='word_1_564' title='bbox 1481 313 1551 370; x_wconf 83' lang='grc' dir='ltr'>ΙΝ</span> <span class='ocrx_word' id='word_1_565' title='bbox 1583 312 1897 370; x_wconf 79' lang='lat' dir='ltr'>JOANNEM</span> <span class='ocrx_word' id='word_1_566' title='bbox 1937 312 2174 370; x_wconf 77' lang='lat' dir='ltr'>HOMIL.</span> <span class='ocrx_word' id='word_1_567' title='bbox 2216 316 2423 372; x_wconf 75' lang='lat' dir='ltr'>XLVII.</span> <span class='ocrx_word' id='word_1_568' title='bbox 2465 317 2538 372; x_wconf 84' lang='lat' dir='ltr'>al.</span> <span class='ocrx_word' id='word_1_569' title='bbox 2567 311 2751 367; x_wconf 76' lang='lat' dir='ltr'>XLVI.</span> 
     </span>
    </p>
   </div>
   <div class='ocr_carea' id='block_1_71' title="bbox 3573 321 3682 381">
    <p class='ocr_par' dir='ltr' id='par_1_71' title="bbox 3573 321 3682 381">
     <span class='ocr_line' id='line_1_71' title="bbox 3573 321 3682 381; baseline 0.009 -1"><span class='ocrx_word' id='word_1_570' title='bbox 3573 321 3682 381; x_wconf 72' lang='grc'>268</span> 
     </span>
    </p>
   </div>
   <div class='ocr_carea' id='block_1_72' title="bbox 2106 426 3687 505">
    <p class='ocr_par' dir='ltr' id='par_1_72' title="bbox 2106 426 3687 505">
     <span class='ocr_line' id='line_1_72' title="bbox 2106 426 3687 505; baseline 0.003 -23"><span class='ocrx_word' id='word_1_571' title='bbox 2106 426 2194 496; x_wconf 82' lang='grc' dir='ltr'>εἷς</span> <span class='ocrx_word' id='word_1_572' title='bbox 2218 432 2287 496; x_wconf 81' lang='grc' dir='ltr'>ἐξ</span> <span class='ocrx_word' id='word_1_573' title='bbox 2307 432 2474 500; x_wconf 78' lang='grc' dir='ltr'>ὑμῶν</span> <span class='ocrx_word' id='word_1_574' title='bbox 2493 431 2774 498; x_wconf 77' lang='grc' dir='ltr'>διάϐολός</span> <span class='ocrx_word' id='word_1_575' title='bbox 2791 431 2922 486; x_wconf 88' lang='grc' dir='ltr'>ἐστι</span> <span class='ocrx_word' id='word_1_576' title='bbox 2948 447 2970 497; x_wconf 86' lang='grc'><em>;</em></span> <span class='ocrx_word' id='word_1_577' title='bbox 2996 430 3302 495; x_wconf 80' lang='grc' dir='ltr'>Κολακείας</span> <span class='ocrx_word' id='word_1_578' title='bbox 3328 431 3687 505; x_wconf 71' lang='grc' dir='ltr'>ἀπηλλαγμέ-</span> 
     </span>
    </p>
   </div>
   <div class='ocr_carea' id='block_1_73' title="bbox 2107 514 3685 589">
    <p class='ocr_par' dir='ltr' id='par_1_73' title="bbox 2107 514 3685 589">
     <span class='ocr_line' id='line_1_73' title="bbox 2107 514 3685 589; baseline 0.003 -23"><span class='ocrx_word' id='word_1_579' title='bbox 2107 531 2205 583; x_wconf 88' lang='grc' dir='ltr'>νην</span> <span class='ocrx_word' id='word_1_580' title='bbox 2237 515 2403 568; x_wconf 81' lang='grc' dir='ltr'>αὐτοῦ</span> <span class='ocrx_word' id='word_1_581' title='bbox 2445 516 2545 585; x_wconf 77' lang='grc' dir='ltr'>τὴν</span> <span class='ocrx_word' id='word_1_582' title='bbox 2594 514 2940 567; x_wconf 88' lang='grc' dir='ltr'>διδασκαλίαν</span> <span class='ocrx_word' id='word_1_583' title='bbox 2986 514 3201 578; x_wconf 89' lang='grc' dir='ltr'>δεικνύς</span> <span class='ocrx_word' id='word_1_584' title='bbox 3264 515 3485 585; x_wconf 82' lang='grc' dir='ltr'>Ἐπειδὴ</span> <span class='ocrx_word' id='word_1_585' title='bbox 3517 528 3540 555; x_wconf 80' lang='grc' dir='ltr'><strong>ο</strong></span> <span class='ocrx_word' id='word_1_586' title='bbox 3573 518 3685 589; x_wconf 86' lang='grc' dir='ltr'>γὰρ</span> 
     </span>
    </p>
   </div>
   <div class='ocr_carea' id='block_1_74' title="bbox 2105 596 3686 669">
    <p class='ocr_par' dir='ltr' id='par_1_74' title="bbox 2105 596 3686 669">
     <span class='ocr_line' id='line_1_74' title="bbox 2105 596 3686 669; baseline 0.003 -22"><span class='ocrx_word' id='word_1_587' title='bbox 2105 596 2324 649; x_wconf 88' lang='grc' dir='ltr'>πάντων</span> <span class='ocrx_word' id='word_1_588' title='bbox 2375 597 2537 651; x_wconf 78' lang='grc' dir='ltr'>αὐτὸν</span> <span class='ocrx_word' id='word_1_589' title='bbox 2587 596 3095 666; x_wconf 74' lang='grc' dir='ltr'>ἐγκαταλειψάντων</span> <span class='ocrx_word' id='word_1_590' title='bbox 3139 597 3295 650; x_wconf 72' lang='grc' dir='ltr'>αὐτοὶ</span> <span class='ocrx_word' id='word_1_591' title='bbox 3350 598 3686 669; x_wconf 85' lang='grc' dir='ltr'>παρέμειναν</span> 
     </span>
    </p>
   </div>
   <div class='ocr_carea' id='block_1_75' title="bbox 2107 677 3682 752">
    <p class='ocr_par' dir='ltr' id='par_1_75' title="bbox 2107 677 3682 752">
     <span class='ocr_line' id='line_1_75' title="bbox 2107 677 3682 752; baseline 0.003 -22"><span class='ocrx_word' id='word_1_592' title='bbox 2107 679 2276 746; x_wconf 90' lang='grc' dir='ltr'>μόνοι,</span> <span class='ocrx_word' id='word_1_593' title='bbox 2300 680 2396 732; x_wconf 71' lang='grc' dir='ltr'>καὶ</span> <span class='ocrx_word' id='word_1_594' title='bbox 2417 679 2506 733; x_wconf 82' lang='grc' dir='ltr'>διὰ</span> <span class='ocrx_word' id='word_1_595' title='bbox 2526 679 2619 733; x_wconf 88' lang='grc' dir='ltr'>τοῦ</span> <span class='ocrx_word' id='word_1_596' title='bbox 2659 681 2867 752; x_wconf 88' lang='grc' dir='ltr'>Πέτρου</span> <span class='ocrx_word' id='word_1_597' title='bbox 2897 680 3205 750; x_wconf 79' lang='grc' dir='ltr'>ὡμολόγουν</span> <span class='ocrx_word' id='word_1_598' title='bbox 3245 677 3383 734; x_wconf 79' lang='grc' dir='ltr'>εἶναι</span> <span class='ocrx_word' id='word_1_599' title='bbox 3411 683 3645 752; x_wconf 86' lang='grc' dir='ltr'>Χριστὸν</span> <span class='ocrx_word' id='word_1_600' title='bbox 3666 722 3682 745; x_wconf 97' lang='grc'>,</span> 
     </span>
    </p>
   </div>
   <div class='ocr_carea' id='block_1_76' title="bbox 2107 763 3687 834">
    <p class='ocr_par' dir='ltr' id='par_1_76' title="bbox 2107 763 3687 834">
     <span class='ocr_line' id='line_1_76' title="bbox 2107 763 3687 834; baseline 0.003 -20"><span class='ocrx_word' id='word_1_601' title='bbox 2107 763 2193 814; x_wconf 84' lang='grc' dir='ltr'>ἵνα</span> <span class='ocrx_word' id='word_1_602' title='bbox 2218 763 2293 834; x_wconf 86' lang='grc' dir='ltr'>μὴ</span> <span class='ocrx_word' id='word_1_603' title='bbox 2320 763 2617 834; x_wconf 89' lang='grc' dir='ltr'>νομίσωσιν</span> <span class='ocrx_word' id='word_1_604' title='bbox 2662 764 2744 816; x_wconf 80' lang='grc' dir='ltr'>ὅτι</span> <span class='ocrx_word' id='word_1_605' title='bbox 2788 764 2873 817; x_wconf 93' lang='grc' dir='ltr'>διά</span> <span class='ocrx_word' id='word_1_606' title='bbox 2908 764 3066 816; x_wconf 84' lang='grc' dir='ltr'>τοῦτο</span> <span class='ocrx_word' id='word_1_607' title='bbox 3105 764 3328 833; x_wconf 80' lang='grc' dir='ltr'>ἔμελλεν</span> <span class='ocrx_word' id='word_1_608' title='bbox 3371 766 3565 828; x_wconf 84' lang='grc' dir='ltr'>αὐτοὺς</span> <span class='ocrx_word' id='word_1_609' title='bbox 3594 784 3687 818; x_wconf 87' lang='grc' dir='ltr'>κο-</span> 
     </span>
    </p>
   </div>
   <div class='ocr_carea' id='block_1_77' title="bbox 2104 844 3684 916">
    <p class='ocr_par' dir='ltr' id='par_1_77' title="bbox 2104 844 3684 916">
     <span class='ocr_line' id='line_1_77' title="bbox 2104 844 3684 916; baseline 0.002 -19"><span class='ocrx_word' id='word_1_610' title='bbox 2104 844 2377 911; x_wconf 87' lang='grc' dir='ltr'>λακεύειν,</span> <span class='ocrx_word' id='word_1_611' title='bbox 2409 846 2612 914; x_wconf 86' lang='grc' dir='ltr'>ἀπάγει</span> <span class='ocrx_word' id='word_1_612' title='bbox 2646 844 2848 916; x_wconf 83' lang='grc' dir='ltr'>ταύτης</span> <span class='ocrx_word' id='word_1_613' title='bbox 2874 846 2973 915; x_wconf 81' lang='grc' dir='ltr'>τῆς</span> <span class='ocrx_word' id='word_1_614' title='bbox 3020 847 3273 915; x_wconf 77' lang='grc' dir='ltr'>ὑποψίας.</span> <span class='ocrx_word' id='word_1_615' title='bbox 3308 849 3372 901; x_wconf 90' lang='grc' dir='ltr'><em>Ὃ</em></span> <span class='ocrx_word' id='word_1_616' title='bbox 3411 848 3468 901; x_wconf 78' lang='grc' dir='ltr'>δὲ</span> <span class='ocrx_word' id='word_1_617' title='bbox 3499 848 3684 915; x_wconf 85' lang='grc' dir='ltr'>λέγει,</span> 
     </span>
    </p>
   </div>
   <div class='ocr_carea' id='block_1_78' title="bbox 2097 928 3683 998">
    <p class='ocr_par' dir='ltr' id='par_1_78' title="bbox 2097 928 3683 998">
     <span class='ocr_line' id='line_1_78' title="bbox 2097 928 3683 998; baseline 0.003 -20"><span class='ocrx_word' id='word_1_618' title='bbox 2097 928 2337 981; x_wconf 88' lang='grc' dir='ltr'>τοιοῦτόν</span> <span class='ocrx_word' id='word_1_619' title='bbox 2372 930 2549 981; x_wconf 79' lang='grc' dir='ltr'>ἐστιν’</span> <span class='ocrx_word' id='word_1_620' title='bbox 2580 928 2746 980; x_wconf 85' lang='grc' dir='ltr'>Οὐδέν</span> <span class='ocrx_word' id='word_1_621' title='bbox 2785 945 2852 998; x_wconf 91' lang='grc' dir='ltr'>με</span> <span class='ocrx_word' id='word_1_622' title='bbox 2901 928 3137 980; x_wconf 90' lang='grc' dir='ltr'>δυσωπεῖ</span> <span class='ocrx_word' id='word_1_623' title='bbox 3160 929 3295 997; x_wconf 75' lang='grc' dir='ltr'>πρὸς</span> <span class='ocrx_word' id='word_1_624' title='bbox 3330 930 3390 984; x_wconf 87' lang='grc' dir='ltr'>τὸ</span> <span class='ocrx_word' id='word_1_625' title='bbox 3423 930 3550 992; x_wconf 76' lang='grc' dir='ltr'>τοὺς</span> <span class='ocrx_word' id='word_1_626' title='bbox 3584 946 3683 982; x_wconf 85' lang='grc' dir='ltr'>κσ-</span> 
     </span>
    </p>
   </div>
   <div class='ocr_carea' id='block_1_79' title="bbox 2095 1006 3682 1079">
    <p class='ocr_par' dir='ltr' id='par_1_79' title="bbox 2095 1006 3682 1079">
     <span class='ocr_line' id='line_1_79' title="bbox 2095 1006 3682 1079; baseline 0.002 -21"><span class='ocrx_word' id='word_1_627' title='bbox 2095 1007 2227 1069; x_wconf 84' lang='grc' dir='ltr'>κοὺς</span> <span class='ocrx_word' id='word_1_628' title='bbox 2254 1006 2328 1078; x_wconf 84' lang='grc' dir='ltr'>μὴ</span> <span class='ocrx_word' id='word_1_629' title='bbox 2353 1007 2595 1076; x_wconf 81' lang='grc' dir='ltr'>ἐλέγχειν</span> <span class='ocrx_word' id='word_1_630' title='bbox 2621 1024 2637 1040; x_wconf 79' lang='grc' dir='ltr'><strong>ο</strong></span> <span class='ocrx_word' id='word_1_631' title='bbox 2684 1007 2759 1078; x_wconf 84' lang='grc' dir='ltr'>μὴ</span> <span class='ocrx_word' id='word_1_632' title='bbox 2800 1008 3055 1078; x_wconf 86' lang='grc' dir='ltr'>νομίσητε</span> <span class='ocrx_word' id='word_1_633' title='bbox 3106 1010 3187 1061; x_wconf 84' lang='grc' dir='ltr'>ὅτι</span> <span class='ocrx_word' id='word_1_634' title='bbox 3236 1009 3423 1079; x_wconf 83' lang='grc' dir='ltr'>ἐπειδὴ</span> <span class='ocrx_word' id='word_1_635' title='bbox 3459 1010 3682 1079; x_wconf 83' lang='grc' dir='ltr'>ἐπεμεί-</span> 
     </span>
    </p>
   </div>
   <div class='ocr_carea' id='block_1_80' title="bbox 2093 1086 3681 1159">
    <p class='ocr_par' dir='ltr' id='par_1_80' title="bbox 2093 1086 3681 1159">
     <span class='ocr_line' id='line_1_80' title="bbox 2093 1086 3681 1159; baseline 0.001 -22"><span class='ocrx_word' id='word_1_636' title='bbox 2093 1102 2243 1149; x_wconf 89' lang='grc' dir='ltr'>νατε,</span> <span class='ocrx_word' id='word_1_637' title='bbox 2271 1086 2601 1140; x_wconf 88' lang='grc' dir='ltr'>κολακεῦσαι</span> <span class='ocrx_word' id='word_1_638' title='bbox 2630 1088 2773 1157; x_wconf 82' lang='grc' dir='ltr'>ὑμᾶς</span> <span class='ocrx_word' id='word_1_639' title='bbox 2802 1090 3099 1159; x_wconf 83' lang='grc' dir='ltr'>αἱρήσομαι</span> <span class='ocrx_word' id='word_1_640' title='bbox 3121 1105 3134 1117; x_wconf 89' lang='grc'><strong>·</strong></span> <span class='ocrx_word' id='word_1_641' title='bbox 3170 1087 3203 1155; x_wconf 79' lang='grc' dir='ltr'>ἢ</span> <span class='ocrx_word' id='word_1_642' title='bbox 3241 1086 3427 1158; x_wconf 82' lang='grc' dir='ltr'>ἐπειδὴ</span> <span class='ocrx_word' id='word_1_643' title='bbox 3455 1088 3681 1156; x_wconf 71' lang='grc' dir='ltr'>ἠκολουο</span> 
     </span>
    </p>
   </div>
   <div class='ocr_carea' id='block_1_81' title="bbox 2095 1163 3675 1236">
    <p class='ocr_par' dir='ltr' id='par_1_81' title="bbox 2095 1163 3675 1236">
     <span class='ocr_line' id='line_1_81' title="bbox 2095 1163 3675 1236; baseline 0.003 -21"><span class='ocrx_word' id='word_1_644' title='bbox 2095 1163 2318 1234; x_wconf 88' lang='grc' dir='ltr'>θήσατε,</span> <span class='ocrx_word' id='word_1_645' title='bbox 2374 1166 2474 1218; x_wconf 88' lang='grc' dir='ltr'>οὐκ</span> <span class='ocrx_word' id='word_1_646' title='bbox 2522 1165 2730 1236; x_wconf 86' lang='grc' dir='ltr'>ἐλέγχω</span> <span class='ocrx_word' id='word_1_647' title='bbox 2766 1168 2893 1230; x_wconf 83' lang='grc' dir='ltr'>τοὺς</span> <span class='ocrx_word' id='word_1_648' title='bbox 2951 1166 3239 1236; x_wconf 85' lang='grc' dir='ltr'>πονηρούς.</span> <span class='ocrx_word' id='word_1_649' title='bbox 3299 1167 3364 1217; x_wconf 90' lang='grc' dir='ltr'><strong>Ὃ</strong></span> <span class='ocrx_word' id='word_1_650' title='bbox 3399 1164 3505 1235; x_wconf 87' lang='grc' dir='ltr'>γὰρ</span> <span class='ocrx_word' id='word_1_651' title='bbox 3539 1166 3675 1219; x_wconf 87' lang='grc' dir='ltr'>πολὺ</span> 
     </span>
    </p>
   </div>
   <div class='ocr_carea' id='block_1_82' title="bbox 2092 1244 3677 1317">
    <p class='ocr_par' dir='ltr' id='par_1_82' title="bbox 2092 1244 3677 1317">
     <span class='ocr_line' id='line_1_82' title="bbox 2092 1244 3677 1317; baseline 0.003 -22"><span class='ocrx_word' id='word_1_652' title='bbox 2092 1244 2282 1296; x_wconf 84' lang='grc' dir='ltr'>τούτου</span> <span class='ocrx_word' id='word_1_653' title='bbox 2310 1244 2492 1313; x_wconf 75' lang='grc' dir='ltr'>μεῖζόν</span> <span class='ocrx_word' id='word_1_654' title='bbox 2521 1248 2669 1298; x_wconf 87' lang='grc' dir='ltr'>ἐστιν</span> <span class='ocrx_word' id='word_1_655' title='bbox 2691 1248 2771 1309; x_wconf 88' lang='grc' dir='ltr'>εἰς</span> <span class='ocrx_word' id='word_1_656' title='bbox 2795 1245 2857 1298; x_wconf 83' lang='grc' dir='ltr'>τὸ</span> <span class='ocrx_word' id='word_1_657' title='bbox 2881 1247 3197 1317; x_wconf 81' lang='grc' dir='ltr'>δυσωπῆσαι</span> <span class='ocrx_word' id='word_1_658' title='bbox 3225 1246 3318 1298; x_wconf 89' lang='grc' dir='ltr'>τὸν</span> <span class='ocrx_word' id='word_1_659' title='bbox 3339 1245 3677 1311; x_wconf 81' lang='grc' dir='ltr'>διδάσκαλον,</span> 
     </span>
    </p>
   </div>
   <div class='ocr_carea' id='block_1_83' title="bbox 2092 1322 3678 1396">
    <p class='ocr_par' dir='ltr' id='par_1_83' title="bbox 2092 1322 3678 1396">
     <span class='ocr_line' id='line_1_83' title="bbox 2092 1322 3678 1396; baseline 0.002 -22"><span class='ocrx_word' id='word_1_660' title='bbox 2092 1322 2212 1375; x_wconf 73' lang='grc' dir='ltr'>οὐδὲ</span> <span class='ocrx_word' id='word_1_661' title='bbox 2241 1322 2397 1375; x_wconf 89' lang='grc' dir='ltr'>τοῦτό</span> <span class='ocrx_word' id='word_1_662' title='bbox 2433 1342 2499 1393; x_wconf 90' lang='grc' dir='ltr'>με</span> <span class='ocrx_word' id='word_1_663' title='bbox 2540 1324 2793 1379; x_wconf 89' lang='grc' dir='ltr'>δυσωπεῖ.</span> <span class='ocrx_word' id='word_1_664' title='bbox 2846 1325 2907 1381; x_wconf 83' lang='grc' dir='ltr'>Ὀ</span> <span class='ocrx_word' id='word_1_665' title='bbox 2938 1326 3036 1395; x_wconf 83' lang='grc' dir='ltr'>μὲν</span> <span class='ocrx_word' id='word_1_666' title='bbox 3062 1326 3169 1396; x_wconf 82' lang='grc' dir='ltr'>γὰρ</span> <span class='ocrx_word' id='word_1_667' title='bbox 3200 1327 3549 1396; x_wconf 86' lang='grc' dir='ltr'>παραμένων,</span> <span class='ocrx_word' id='word_1_668' title='bbox 3580 1326 3678 1396; x_wconf 83' lang='grc' dir='ltr'>τῆς</span> 
     </span>
    </p>
   </div>
   <div class='ocr_carea' id='block_1_84' title="bbox 2102 1401 3680 1475">
    <p class='ocr_par' dir='ltr' id='par_1_84' title="bbox 2102 1401 3680 1475">
     <span class='ocr_line' id='line_1_84' title="bbox 2102 1401 3680 1475; baseline 0.001 -22"><span class='ocrx_word' id='word_1_669' title='bbox 2102 1401 2267 1455; x_wconf 84' lang='grc' dir='ltr'>αὑτοῦ</span> <span class='ocrx_word' id='word_1_670' title='bbox 2296 1402 2679 1475; x_wconf 84' lang='grc' dir='ltr'>φιλοστοργίας</span> <span class='ocrx_word' id='word_1_671' title='bbox 2702 1404 3002 1475; x_wconf 86' lang='grc' dir='ltr'>παρέχεται</span> <span class='ocrx_word' id='word_1_672' title='bbox 3033 1406 3326 1475; x_wconf 81' lang='grc' dir='ltr'>τεκμήριον</span> <span class='ocrx_word' id='word_1_673' title='bbox 3346 1422 3358 1435; x_wconf 90' lang='grc'><strong>·</strong></span> <span class='ocrx_word' id='word_1_674' title='bbox 3386 1407 3414 1457; x_wconf 93' lang='lat'>6</span> <span class='ocrx_word' id='word_1_675' title='bbox 3442 1404 3497 1456; x_wconf 84' lang='grc' dir='ltr'>δὲ</span> <span class='ocrx_word' id='word_1_676' title='bbox 3526 1403 3680 1458; x_wconf 84' lang='grc' dir='ltr'>ἐκλε-</span> 
     </span>
    </p>
   </div>
   <div class='ocr_carea' id='block_1_85' title="bbox 2100 1480 3676 1556">
    <p class='ocr_par' dir='ltr' id='par_1_85' title="bbox 2100 1480 3676 1556">
     <span class='ocr_line' id='line_1_85' title="bbox 2100 1480 3676 1556; baseline 0.005 -25"><span class='ocrx_word' id='word_1_677' title='bbox 2100 1480 2393 1551; x_wconf 82' lang='grc' dir='ltr'>γε“ις,παρὰ</span> <span class='ocrx_word' id='word_1_678' title='bbox 2423 1481 2515 1534; x_wconf 89' lang='grc' dir='ltr'>τοῦ</span> <span class='ocrx_word' id='word_1_679' title='bbox 2550 1483 2870 1540; x_wconf 87' lang='grc' dir='ltr'>διδασκάλου</span> <span class='ocrx_word' id='word_1_680' title='bbox 2893 1524 2907 1549; x_wconf 96' lang='grc'>,</span> <span class='ocrx_word' id='word_1_681' title='bbox 2951 1485 3239 1556; x_wconf 80' lang='grc' dir='ltr'>περιάπτει</span> <span class='ocrx_word' id='word_1_682' title='bbox 3273 1483 3427 1549; x_wconf 82' lang='grc' dir='ltr'>δόξαν</span> <span class='ocrx_word' id='word_1_683' title='bbox 3450 1482 3636 1546; x_wconf 86' lang='grc' dir='ltr'>ἀνοίας</span> <span class='ocrx_word' id='word_1_684' title='bbox 3658 1521 3676 1546; x_wconf 86' lang='grc'>,</span> 
     </span>
    </p>
   </div>
   <div class='ocr_carea' id='block_1_86' title="bbox 2104 1560 3678 1631">
    <p class='ocr_par' dir='ltr' id='par_1_86' title="bbox 2104 1560 3678 1631">
     <span class='ocr_line' id='line_1_86' title="bbox 2104 1560 3678 1631; baseline 0.002 -20"><span class='ocrx_word' id='word_1_685' title='bbox 2104 1560 2365 1630; x_wconf 86' lang='grc' dir='ltr'>ἐκριπτού</span> <span class='ocrx_word' id='word_1_686' title='bbox 2376 1577 2534 1630; x_wconf 91' lang='grc' dir='ltr'>μενος</span> <span class='ocrx_word' id='word_1_687' title='bbox 2559 1561 2710 1631; x_wconf 86' lang='grc' dir='ltr'>παρὰ</span> <span class='ocrx_word' id='word_1_688' title='bbox 2750 1564 2861 1625; x_wconf 90' lang='grc' dir='ltr'>τοῖς</span> <span class='ocrx_word' id='word_1_689' title='bbox 2898 1563 3162 1631; x_wconf 88' lang='grc' dir='ltr'>ἀνοήτοις.</span> <span class='ocrx_word' id='word_1_690' title='bbox 3213 1562 3352 1613; x_wconf 79' lang='grc' dir='ltr'>Ἀλλ’</span> <span class='ocrx_word' id='word_1_691' title='bbox 3379 1562 3527 1631; x_wconf 83' lang='grc' dir='ltr'>ὅμως</span> <span class='ocrx_word' id='word_1_692' title='bbox 3556 1560 3678 1617; x_wconf 69' lang='grc' dir='ltr'>οὐδὲ</span> 
     </span>
    </p>
   </div>
   <div class='ocr_carea' id='block_1_87' title="bbox 2102 1638 3677 1712">
    <p class='ocr_par' dir='ltr' id='par_1_87' title="bbox 2102 1638 3677 1712">
     <span class='ocr_line' id='line_1_87' title="bbox 2102 1638 3677 1712; baseline 0.003 -22"><span class='ocrx_word' id='word_1_693' title='bbox 2102 1638 2260 1691; x_wconf 90' lang='grc' dir='ltr'>τοῦτό</span> <span class='ocrx_word' id='word_1_694' title='bbox 2310 1656 2376 1708; x_wconf 91' lang='grc' dir='ltr'>με</span> <span class='ocrx_word' id='word_1_695' title='bbox 2404 1639 2605 1699; x_wconf 83' lang='grc' dir='ltr'>ἀπάγει</span> <span class='ocrx_word' id='word_1_696' title='bbox 2631 1639 2738 1693; x_wconf 90' lang='grc' dir='ltr'>τῶν</span> <span class='ocrx_word' id='word_1_697' title='bbox 2779 1641 3034 1712; x_wconf 82' lang='grc' dir='ltr'>ἐλέγχων.</span> <span class='ocrx_word' id='word_1_698' title='bbox 3082 1640 3251 1694; x_wconf 90' lang='grc' dir='ltr'>Τοῦτο</span> <span class='ocrx_word' id='word_1_699' title='bbox 3301 1641 3430 1709; x_wconf 91' lang='grc' dir='ltr'>γοῦν</span> <span class='ocrx_word' id='word_1_700' title='bbox 3451 1641 3546 1695; x_wconf 74' lang='grc' dir='ltr'>καὶ</span> <span class='ocrx_word' id='word_1_701' title='bbox 3579 1640 3677 1695; x_wconf 90' lang='grc' dir='ltr'>νῦν</span> 
     </span>
    </p>
   </div>
   <div class='ocr_carea' id='block_1_88' title="bbox 2096 1718 3672 1792">
    <p class='ocr_par' dir='ltr' id='par_1_88' title="bbox 2096 1718 3672 1792">
     <span class='ocr_line' id='line_1_88' title="bbox 2096 1718 3672 1792; baseline 0.003 -22"><span class='ocrx_word' id='word_1_702' title='bbox 2096 1718 2385 1786; x_wconf 85' lang='grc' dir='ltr'>ἐγκαλοῦσι</span> <span class='ocrx_word' id='word_1_703' title='bbox 2415 1719 2493 1789; x_wconf 86' lang='grc' dir='ltr'>τῷ</span> <span class='ocrx_word' id='word_1_704' title='bbox 2521 1720 2739 1790; x_wconf 86' lang='grc' dir='ltr'>Χριστῷ</span> <span class='ocrx_word' id='word_1_705' title='bbox 2769 1721 3028 1791; x_wconf 88' lang='grc' dir='ltr'>Ἕλληνες</span> <span class='ocrx_word' id='word_1_706' title='bbox 3056 1720 3278 1792; x_wconf 74' lang='grc' dir='ltr'>ψυχρῶς</span> <span class='ocrx_word' id='word_1_707' title='bbox 3299 1721 3392 1774; x_wconf 75' lang='grc' dir='ltr'>καὶ</span> <span class='ocrx_word' id='word_1_708' title='bbox 3412 1721 3672 1791; x_wconf 86' lang='grc' dir='ltr'>ἀνοήτως.</span> 
     </span>
    </p>
   </div>
   <div class='ocr_carea' id='block_1_89' title="bbox 2090 1797 3675 1876">
    <p class='ocr_par' dir='ltr' id='par_1_89' title="bbox 2090 1797 3675 1876">
     <span class='ocr_line' id='line_1_89' title="bbox 2090 1797 3675 1876; baseline 0.001 -26"><span class='ocrx_word' id='word_1_709' title='bbox 2090 1799 2167 1850; x_wconf 83' lang='grc' dir='ltr'><strong>Οὐ</strong></span> <span class='ocrx_word' id='word_1_710' title='bbox 2202 1797 2311 1868; x_wconf 85' lang='grc' dir='ltr'>γὰρ</span> <span class='ocrx_word' id='word_1_711' title='bbox 2358 1798 2576 1873; x_wconf 79' lang='grc' dir='ltr'>ἀνάγκη</span> <span class='ocrx_word' id='word_1_712' title='bbox 2622 1801 2717 1852; x_wconf 77' lang='grc' dir='ltr'>καὶ</span> <span class='ocrx_word' id='word_1_713' title='bbox 2768 1800 2859 1876; x_wconf 78' lang='grc' dir='ltr'>βία</span> <span class='ocrx_word' id='word_1_714' title='bbox 2906 1802 3076 1854; x_wconf 91' lang='grc' dir='ltr'>ποιεῖν</span> <span class='ocrx_word' id='word_1_715' title='bbox 3123 1799 3360 1869; x_wconf 82' lang='grc' dir='ltr'>ἀγαθοὺς</span> <span class='ocrx_word' id='word_1_716' title='bbox 3409 1798 3594 1853; x_wconf 80' lang='grc' dir='ltr'>εἴωθεν</span> <span class='ocrx_word' id='word_1_717' title='bbox 3643 1800 3675 1852; x_wconf 90' lang='lat'>6</span> 
     </span>
    </p>
   </div>
   <div class='ocr_carea' id='block_1_90' title="bbox 2091 1876 3674 1950">
    <p class='ocr_par' dir='ltr' id='par_1_90' title="bbox 2091 1876 3674 1950">
     <span class='ocr_line' id='line_1_90' title="bbox 2091 1876 3674 1950; baseline 0.002 -22"><span class='ocrx_word' id='word_1_718' title='bbox 2091 1877 2244 1941; x_wconf 85' lang='grc' dir='ltr'>Θεὸς,</span> <span class='ocrx_word' id='word_1_719' title='bbox 2291 1876 2413 1939; x_wconf 83' lang='grc' dir='ltr'>οὐδὲ</span> <span class='ocrx_word' id='word_1_720' title='bbox 2446 1879 2480 1948; x_wconf 88' lang='grc' dir='ltr'>ή</span> <span class='ocrx_word' id='word_1_721' title='bbox 2526 1877 2723 1949; x_wconf 83' lang='grc' dir='ltr'>ἐκλογὴ</span> <span class='ocrx_word' id='word_1_722' title='bbox 2759 1879 2924 1931; x_wconf 83' lang='grc' dir='ltr'>αὐτοῦ</span> <span class='ocrx_word' id='word_1_723' title='bbox 2955 1881 3048 1933; x_wconf 80' lang='grc' dir='ltr'>καὶ</span> <span class='ocrx_word' id='word_1_724' title='bbox 3096 1881 3129 1950; x_wconf 86' lang='grc' dir='ltr'><strong>ἡ</strong></span> <span class='ocrx_word' id='word_1_725' title='bbox 3181 1878 3390 1950; x_wconf 80' lang='grc' dir='ltr'>αἵρεσις</span> <span class='ocrx_word' id='word_1_726' title='bbox 3420 1878 3674 1949; x_wconf 83' lang='grc' dir='ltr'>βιαστικὴ</span> 
     </span>
    </p>
   </div>
   <div class='ocr_carea' id='block_1_91' title="bbox 2089 1954 3674 2029">
    <p class='ocr_par' dir='ltr' id='par_1_91' title="bbox 2089 1954 3674 2029">
     <span class='ocr_line' id='line_1_91' title="bbox 2089 1954 3674 2029; baseline 0.004 -23"><span class='ocrx_word' id='word_1_727' title='bbox 2089 1954 2199 2006; x_wconf 91' lang='grc' dir='ltr'>τῶν</span> <span class='ocrx_word' id='word_1_728' title='bbox 2222 1954 2569 2025; x_wconf 84' lang='grc' dir='ltr'>καλουμένων</span> <span class='ocrx_word' id='word_1_729' title='bbox 2601 1957 2749 2009; x_wconf 71' lang='grc' dir='ltr'>ἐστὶν</span> <span class='ocrx_word' id='word_1_730' title='bbox 2780 1955 2823 2022; x_wconf 71' lang='grc' dir='ltr'>τ,</span> <span class='ocrx_word' id='word_1_731' title='bbox 2855 1956 2990 2010; x_wconf 88' lang='grc' dir='ltr'>ἀλλά</span> <span class='ocrx_word' id='word_1_732' title='bbox 3024 1959 3417 2029; x_wconf 85' lang='grc' dir='ltr'>προτρεπτική.</span> <span class='ocrx_word' id='word_1_733' title='bbox 3448 1958 3555 2009; x_wconf 71' lang='grc' dir='ltr'>Καὶ</span> <span class='ocrx_word' id='word_1_734' title='bbox 3587 1958 3674 2012; x_wconf 77' lang='grc' dir='ltr'>ἵνα</span> 
     </span>
    </p>
   </div>
   <div class='ocr_carea' id='block_1_92' title="bbox 2090 2033 3671 2109">
    <p class='ocr_par' dir='ltr' id='par_1_92' title="bbox 2090 2033 3671 2109">
     <span class='ocr_line' id='line_1_92' title="bbox 2090 2033 3671 2109; baseline 0.002 -23"><span class='ocrx_word' id='word_1_735' title='bbox 2090 2033 2286 2105; x_wconf 79' lang='grc' dir='ltr'>μάθῃς.</span> <span class='ocrx_word' id='word_1_736' title='bbox 2317 2034 2398 2086; x_wconf 86' lang='grc' dir='ltr'>ὄτι</span> <span class='ocrx_word' id='word_1_737' title='bbox 2422 2035 2480 2087; x_wconf 85' lang='grc' dir='ltr'>ού</span> <span class='ocrx_word' id='word_1_738' title='bbox 2501 2033 3015 2105; x_wconf 76' lang='grc' dir='ltr'>βιάζεταιήκλῆσις,</span> <span class='ocrx_word' id='word_1_739' title='bbox 3037 2036 3227 2089; x_wconf 86' lang='grc' dir='ltr'>σκόπει</span> <span class='ocrx_word' id='word_1_740' title='bbox 3246 2036 3444 2101; x_wconf 90' lang='grc' dir='ltr'>πόσους</span> <span class='ocrx_word' id='word_1_741' title='bbox 3476 2036 3671 2109; x_wconf 86' lang='grc' dir='ltr'>συνέϐη</span> 
     </span>
    </p>
   </div>
   <div class='ocr_carea' id='block_1_93' title="bbox 2084 2111 3670 2188">
    <p class='ocr_par' dir='ltr' id='par_1_93' title="bbox 2084 2111 3670 2188">
     <span class='ocr_line' id='line_1_93' title="bbox 2084 2111 3670 2188; baseline 0.003 -25"><span class='ocrx_word' id='word_1_742' title='bbox 2084 2112 2193 2163; x_wconf 88' lang='grc' dir='ltr'>τῶν</span> <span class='ocrx_word' id='word_1_743' title='bbox 2210 2111 2514 2180; x_wconf 87' lang='grc' dir='ltr'>κληθέντων</span> <span class='ocrx_word' id='word_1_744' title='bbox 2532 2112 2848 2167; x_wconf 84' lang='grc' dir='ltr'>ἀπολέσθαι.</span> <span class='ocrx_word' id='word_1_745' title='bbox 2868 2113 3029 2166; x_wconf 88' lang='grc' dir='ltr'>Ὅθεν</span> <span class='ocrx_word' id='word_1_746' title='bbox 3050 2117 3301 2186; x_wconf 85' lang='grc' dir='ltr'>φανερὸν,</span> <span class='ocrx_word' id='word_1_747' title='bbox 3316 2117 3396 2169; x_wconf 79' lang='grc' dir='ltr'>ὅτι</span> <span class='ocrx_word' id='word_1_748' title='bbox 3410 2116 3503 2169; x_wconf 80' lang='grc' dir='ltr'>καὶ</span> <span class='ocrx_word' id='word_1_749' title='bbox 3523 2117 3578 2167; x_wconf 90' lang='grc' dir='ltr'>ἐν</span> <span class='ocrx_word' id='word_1_750' title='bbox 3602 2118 3670 2188; x_wconf 78' lang='grc' dir='ltr'>τῇ</span> 
     </span>
    </p>
   </div>
   <div class='ocr_carea' id='block_1_94' title="bbox 2084 2189 3633 2264">
    <p class='ocr_par' dir='ltr' id='par_1_94' title="bbox 2084 2189 3633 2264">
     <span class='ocr_line' id='line_1_94' title="bbox 2084 2189 3633 2264; baseline 0.005 -22"><span class='ocrx_word' id='word_1_751' title='bbox 2084 2189 2278 2261; x_wconf 86' lang='grc' dir='ltr'>γνώμῃ</span> <span class='ocrx_word' id='word_1_752' title='bbox 2309 2193 2485 2244; x_wconf 88' lang='grc' dir='ltr'>κεῖται</span> <span class='ocrx_word' id='word_1_753' title='bbox 2504 2194 2569 2264; x_wconf 77' lang='grc' dir='ltr'>τῇ</span> <span class='ocrx_word' id='word_1_754' title='bbox 2597 2193 2858 2262; x_wconf 72' lang='grc' dir='ltr'>ἡμετέρα,</span> <span class='ocrx_word' id='word_1_755' title='bbox 2876 2192 2935 2244; x_wconf 86' lang='grc' dir='ltr'>τὸ</span> <span class='ocrx_word' id='word_1_756' title='bbox 2948 2193 3187 2263; x_wconf 85' lang='grc' dir='ltr'>σωθῆναι</span> <span class='ocrx_word' id='word_1_757' title='bbox 3203 2196 3297 2248; x_wconf 72' lang='grc' dir='ltr'>καὶ</span> <span class='ocrx_word' id='word_1_758' title='bbox 3317 2194 3633 2250; x_wconf 86' lang='grc' dir='ltr'>ἀπολέσθαι.</span> 
     </span>
    </p>
   </div>
   <div class='ocr_carea' id='block_1_95' title="bbox 2153 2266 3673 2343">
    <p class='ocr_par' dir='ltr' id='par_1_95' title="bbox 2153 2266 3673 2343">
     <span class='ocr_line' id='line_1_95' title="bbox 2153 2266 3673 2343; baseline 0.005 -22"><span class='ocrx_word' id='word_1_759' title='bbox 2153 2276 2213 2322; x_wconf 83' lang='grc' dir='ltr'>ε’.</span> <span class='ocrx_word' id='word_1_760' title='bbox 2247 2269 2431 2321; x_wconf 90' lang='grc' dir='ltr'>Ταῦτα</span> <span class='ocrx_word' id='word_1_761' title='bbox 2458 2266 2552 2325; x_wconf 78' lang='grc' dir='ltr'>οὖν</span> <span class='ocrx_word' id='word_1_762' title='bbox 2601 2269 2910 2334; x_wconf 89' lang='grc' dir='ltr'>ἀκούοντες,</span> <span class='ocrx_word' id='word_1_763' title='bbox 2943 2271 3324 2343; x_wconf 86' lang='grc' dir='ltr'>παιδευώμεθα</span> <span class='ocrx_word' id='word_1_764' title='bbox 3368 2275 3557 2343; x_wconf 88' lang='grc' dir='ltr'>νήφειν</span> <span class='ocrx_word' id='word_1_765' title='bbox 3583 2274 3673 2328; x_wconf 76' lang='grc' dir='ltr'>ἀεὶ</span> 
     </span>
    </p>
   </div>
   <div class='ocr_carea' id='block_1_96' title="bbox 2084 2348 3671 2425">
    <p class='ocr_par' dir='ltr' id='par_1_96' title="bbox 2084 2348 3671 2425">
     <span class='ocr_line' id='line_1_96' title="bbox 2084 2348 3671 2425; baseline 0.005 -26"><span class='ocrx_word' id='word_1_766' title='bbox 2084 2348 2180 2400; x_wconf 76' lang='grc' dir='ltr'>καὶ</span> <span class='ocrx_word' id='word_1_767' title='bbox 2203 2349 2583 2419; x_wconf 87' lang='grc' dir='ltr'>ἐγρηγορέναι.</span> <span class='ocrx_word' id='word_1_768' title='bbox 2605 2350 2667 2402; x_wconf 88' lang='grc' dir='ltr'>Εἰ</span> <span class='ocrx_word' id='word_1_769' title='bbox 2688 2349 2795 2420; x_wconf 87' lang='grc' dir='ltr'>γὰρ</span> <span class='ocrx_word' id='word_1_770' title='bbox 2823 2353 2851 2403; x_wconf 91' lang='grc' dir='ltr'>ὁ</span> <span class='ocrx_word' id='word_1_771' title='bbox 2870 2353 2951 2414; x_wconf 85' lang='grc' dir='ltr'>εἰς</span> <span class='ocrx_word' id='word_1_772' title='bbox 2976 2352 3066 2405; x_wconf 83' lang='grc' dir='ltr'>τὸν</span> <span class='ocrx_word' id='word_1_773' title='bbox 3097 2352 3248 2421; x_wconf 81' lang='grc' dir='ltr'>ἆγιον</span> <span class='ocrx_word' id='word_1_774' title='bbox 3277 2355 3480 2407; x_wconf 83' lang='grc' dir='ltr'>ἐκεῖνον</span> <span class='ocrx_word' id='word_1_775' title='bbox 3510 2353 3671 2425; x_wconf 80' lang='grc' dir='ltr'>χορὸν</span> 
     </span>
    </p>
   </div>
   <div class='ocr_carea' id='block_1_97' title="bbox 2084 2426 3671 2503">
    <p class='ocr_par' dir='ltr' id='par_1_97' title="bbox 2084 2426 3671 2503">
     <span class='ocr_line' id='line_1_97' title="bbox 2084 2426 3671 2503; baseline 0.006 -26"><span class='ocrx_word' id='word_1_776' title='bbox 2084 2426 2276 2486; x_wconf 86' lang='grc' dir='ltr'>τελῶν,</span> <span class='ocrx_word' id='word_1_777' title='bbox 2308 2428 2629 2498; x_wconf 87' lang='grc' dir='ltr'>ὁτοσαύτης</span> <span class='ocrx_word' id='word_1_778' title='bbox 2672 2428 3059 2495; x_wconf 81' lang='grc' dir='ltr'>ἀπολελαυκὼς</span> <span class='ocrx_word' id='word_1_779' title='bbox 3106 2432 3349 2503; x_wconf 85' lang='grc' dir='ltr'>δωρεᾶς,</span> <span class='ocrx_word' id='word_1_780' title='bbox 3389 2433 3418 2484; x_wconf 90' lang='grc' dir='ltr'>ὁ</span> <span class='ocrx_word' id='word_1_781' title='bbox 3469 2436 3671 2503; x_wconf 84' lang='grc' dir='ltr'>σημεῖα</span> 
     </span>
    </p>
   </div>
   <div class='ocr_carea' id='block_1_98' title="bbox 2090 2506 3669 2584">
    <p class='ocr_par' dir='ltr' id='par_1_98' title="bbox 2090 2506 3669 2584">
     <span class='ocr_line' id='line_1_98' title="bbox 2090 2506 3669 2584; baseline 0.006 -28"><span class='ocrx_word' id='word_1_782' title='bbox 2090 2506 2560 2584; x_wconf 58' lang='grc' dir='ltr'>πεποιηκώςμαὶ</span> <span class='ocrx_word' id='word_1_783' title='bbox 2594 2506 2704 2577; x_wconf 85' lang='grc' dir='ltr'>γὰρ</span> <span class='ocrx_word' id='word_1_784' title='bbox 2748 2508 2839 2560; x_wconf 81' lang='grc' dir='ltr'>καὶ</span> <span class='ocrx_word' id='word_1_785' title='bbox 2871 2509 3034 2572; x_wconf 82' lang='grc' dir='ltr'>αὐτὸς</span> <span class='ocrx_word' id='word_1_786' title='bbox 3084 2510 3220 2580; x_wconf 84' lang='grc' dir='ltr'>μετὰ</span> <span class='ocrx_word' id='word_1_787' title='bbox 3255 2512 3363 2563; x_wconf 89' lang='grc' dir='ltr'>τῶν</span> <span class='ocrx_word' id='word_1_788' title='bbox 3397 2510 3569 2565; x_wconf 84' lang='grc' dir='ltr'>ἄλλων</span> <span class='ocrx_word' id='word_1_789' title='bbox 3598 2507 3669 2584; x_wconf 78' lang='grc' dir='ltr'>ἦν</span> 
     </span>
    </p>
   </div>
   <div class='ocr_carea' id='block_1_99' title="bbox 2084 2582 3670 2660">
    <p class='ocr_par' dir='ltr' id='par_1_99' title="bbox 2084 2582 3670 2660">
     <span class='ocr_line' id='line_1_99' title="bbox 2084 2582 3670 2660; baseline 0.006 -26"><span class='ocrx_word' id='word_1_790' title='bbox 2084 2582 2191 2635; x_wconf 88' lang='grc' dir='ltr'>τῶν</span> <span class='ocrx_word' id='word_1_791' title='bbox 2220 2583 2577 2652; x_wconf 89' lang='grc' dir='ltr'>πεμφθέντων</span> <span class='ocrx_word' id='word_1_792' title='bbox 2601 2587 2828 2657; x_wconf 84' lang='grc' dir='ltr'>νεκροὺς</span> <span class='ocrx_word' id='word_1_793' title='bbox 2859 2590 3069 2659; x_wconf 89' lang='grc' dir='ltr'>ἐγεῖραι</span> <span class='ocrx_word' id='word_1_794' title='bbox 3112 2588 3205 2641; x_wconf 78' lang='grc' dir='ltr'>καὶ</span> <span class='ocrx_word' id='word_1_795' title='bbox 3232 2589 3465 2660; x_wconf 81' lang='grc' dir='ltr'>λεπροὺς</span> <span class='ocrx_word' id='word_1_796' title='bbox 3495 2582 3670 2643; x_wconf 81' lang='grc' dir='ltr'>καθα-</span> 
     </span>
    </p>
   </div>
   <div class='ocr_carea' id='block_1_100' title="bbox 2095 2660 3671 2741">
    <p class='ocr_par' dir='ltr' id='par_1_100' title="bbox 2095 2660 3671 2741">
     <span class='ocr_line' id='line_1_100' title="bbox 2095 2660 3671 2741; baseline 0.006 -29"><span class='ocrx_word' id='word_1_797' title='bbox 2095 2660 2286 2741; x_wconf 89' lang='grc' dir='ltr'>ρίσαι),</span> <span class='ocrx_word' id='word_1_798' title='bbox 2322 2662 2509 2733; x_wconf 80' lang='grc' dir='ltr'>ἐπειδὴ</span> <span class='ocrx_word' id='word_1_799' title='bbox 2546 2662 2687 2716; x_wconf 85' lang='grc' dir='ltr'>ἐάλω</span> <span class='ocrx_word' id='word_1_800' title='bbox 2720 2666 2987 2735; x_wconf 87' lang='grc' dir='ltr'>νοσήματι</span> <span class='ocrx_word' id='word_1_801' title='bbox 3014 2666 3171 2736; x_wconf 82' lang='grc' dir='ltr'>δεινῷ</span> <span class='ocrx_word' id='word_1_802' title='bbox 3212 2667 3289 2737; x_wconf 81' lang='grc' dir='ltr'>τῷ</span> <span class='ocrx_word' id='word_1_803' title='bbox 3331 2669 3429 2738; x_wconf 83' lang='grc' dir='ltr'>τῆς</span> <span class='ocrx_word' id='word_1_804' title='bbox 3477 2669 3671 2741; x_wconf 73' lang='grc' dir='ltr'>φιλαρο</span> 
     </span>
    </p>
   </div>
   <div class='ocr_carea' id='block_1_101' title="bbox 2085 2740 3667 2820">
    <p class='ocr_par' dir='ltr' id='par_1_101' title="bbox 2085 2740 3667 2820">
     <span class='ocr_line' id='line_1_101' title="bbox 2085 2740 3667 2820; baseline 0.006 -28"><span class='ocrx_word' id='word_1_805' title='bbox 2085 2740 2281 2810; x_wconf 87' lang='grc' dir='ltr'>γυρίας</span> <span class='ocrx_word' id='word_1_806' title='bbox 2314 2741 2489 2811; x_wconf 83' lang='grc' dir='ltr'>κακῷ,</span> <span class='ocrx_word' id='word_1_807' title='bbox 2514 2744 2607 2798; x_wconf 78' lang='grc' dir='ltr'>καὶ</span> <span class='ocrx_word' id='word_1_808' title='bbox 2634 2743 2725 2796; x_wconf 85' lang='grc' dir='ltr'>τὸν</span> <span class='ocrx_word' id='word_1_809' title='bbox 2757 2746 3033 2816; x_wconf 86' lang='grc' dir='ltr'>Δεσπότην</span> <span class='ocrx_word' id='word_1_810' title='bbox 3071 2747 3162 2799; x_wconf 88' lang='grc' dir='ltr'>τὸν</span> <span class='ocrx_word' id='word_1_811' title='bbox 3187 2746 3380 2800; x_wconf 88' lang='grc' dir='ltr'>ἐαυτοῦ</span> <span class='ocrx_word' id='word_1_812' title='bbox 3417 2740 3667 2820; x_wconf 81' lang='grc' dir='ltr'>προῠδω-</span> 
     </span>
    </p>
   </div>
   <div class='ocr_carea' id='block_1_102' title="bbox 2089 2823 3669 2903">
    <p class='ocr_par' dir='ltr' id='par_1_102' title="bbox 2089 2823 3669 2903">
     <span class='ocr_line' id='line_1_102' title="bbox 2089 2823 3669 2903; baseline 0.007 -29"><span class='ocrx_word' id='word_1_813' title='bbox 2089 2839 2204 2886; x_wconf 89' lang='grc' dir='ltr'>κεν,</span> <span class='ocrx_word' id='word_1_814' title='bbox 2233 2823 2382 2876; x_wconf 84' lang='grc' dir='ltr'>οὐδὲν</span> <span class='ocrx_word' id='word_1_815' title='bbox 2409 2824 2569 2877; x_wconf 83' lang='grc' dir='ltr'>αὐτὸν</span> <span class='ocrx_word' id='word_1_816' title='bbox 2597 2824 2906 2897; x_wconf 83' lang='grc' dir='ltr'>ὠφέλησαν,</span> <span class='ocrx_word' id='word_1_817' title='bbox 2946 2828 3069 2882; x_wconf 76' lang='grc' dir='ltr'>οὔτε</span> <span class='ocrx_word' id='word_1_818' title='bbox 3104 2831 3160 2882; x_wconf 91' lang='grc' dir='ltr'>αἰ</span> <span class='ocrx_word' id='word_1_819' title='bbox 3187 2829 3498 2902; x_wconf 87' lang='grc' dir='ltr'>εὐεργεσίαι</span> <span class='ocrx_word' id='word_1_820' title='bbox 3520 2869 3535 2895; x_wconf 95' lang='grc'>,</span> <span class='ocrx_word' id='word_1_821' title='bbox 3568 2832 3669 2903; x_wconf 82' lang='grc' dir='ltr'>οὐχ</span> 
     </span>
    </p>
   </div>
   <div class='ocr_carea' id='block_1_103' title="bbox 2084 2906 3667 2986">
    <p class='ocr_par' dir='ltr' id='par_1_103' title="bbox 2084 2906 3667 2986">
     <span class='ocr_line' id='line_1_103' title="bbox 2084 2906 3667 2986; baseline 0.007 -29"><span class='ocrx_word' id='word_1_822' title='bbox 2084 2908 2141 2958; x_wconf 87' lang='grc' dir='ltr'>αἱ</span> <span class='ocrx_word' id='word_1_823' title='bbox 2175 2906 2395 2977; x_wconf 77' lang='grc' dir='ltr'>δωρεαὶ,</span> <span class='ocrx_word' id='word_1_824' title='bbox 2426 2908 2485 2960; x_wconf 81' lang='grc' dir='ltr'>οὐ</span> <span class='ocrx_word' id='word_1_825' title='bbox 2514 2908 2576 2961; x_wconf 76' lang='grc' dir='ltr'>τὸ</span> <span class='ocrx_word' id='word_1_826' title='bbox 2605 2911 2723 2979; x_wconf 86' lang='grc' dir='ltr'>μετ’</span> <span class='ocrx_word' id='word_1_827' title='bbox 2744 2911 2906 2965; x_wconf 82' lang='grc' dir='ltr'>αὐτοῦ</span> <span class='ocrx_word' id='word_1_828' title='bbox 2927 2911 3089 2980; x_wconf 88' lang='grc' dir='ltr'>εἶναι,</span> <span class='ocrx_word' id='word_1_829' title='bbox 3117 2914 3176 2967; x_wconf 80' lang='grc' dir='ltr'>ού</span> <span class='ocrx_word' id='word_1_830' title='bbox 3207 2914 3492 2986; x_wconf 87' lang='grc' dir='ltr'>θεραπεία,</span> <span class='ocrx_word' id='word_1_831' title='bbox 3518 2915 3580 2967; x_wconf 84' lang='grc' dir='ltr'>οὐ</span> <span class='ocrx_word' id='word_1_832' title='bbox 3605 2916 3667 2969; x_wconf 85' lang='grc' dir='ltr'>τὸ</span> 
     </span>
    </p>
   </div>
   <div class='ocr_carea' id='block_1_104' title="bbox 2084 2988 3664 3068">
    <p class='ocr_par' dir='ltr' id='par_1_104' title="bbox 2084 2988 3664 3068">
     <span class='ocr_line' id='line_1_104' title="bbox 2084 2988 3664 3068; baseline 0.008 -29"><span class='ocrx_word' id='word_1_833' title='bbox 2084 2988 2211 3051; x_wconf 80' lang='grc' dir='ltr'>τοὺς</span> <span class='ocrx_word' id='word_1_834' title='bbox 2245 2988 2411 3052; x_wconf 81' lang='grc' dir='ltr'>πόδας</span> <span class='ocrx_word' id='word_1_835' title='bbox 2440 2990 2609 3060; x_wconf 75' lang='grc' dir='ltr'>νίψαι,</span> <span class='ocrx_word' id='word_1_836' title='bbox 2656 2992 2717 3044; x_wconf 87' lang='grc' dir='ltr'>ού</span> <span class='ocrx_word' id='word_1_837' title='bbox 2749 2992 2811 3045; x_wconf 87' lang='grc' dir='ltr'>τὸ</span> <span class='ocrx_word' id='word_1_838' title='bbox 2858 2995 2954 3064; x_wconf 86' lang='grc' dir='ltr'>τῆς</span> <span class='ocrx_word' id='word_1_839' title='bbox 2985 2996 3266 3067; x_wconf 79' lang='grc' dir='ltr'>τραπέζης</span> <span class='ocrx_word' id='word_1_840' title='bbox 3316 2998 3664 3068; x_wconf 83' lang='grc' dir='ltr'>κοινωνῆσαι,</span> 
     </span>
    </p>
   </div>
   <div class='ocr_carea' id='block_1_105' title="bbox 2084 3070 3665 3152">
    <p class='ocr_par' dir='ltr' id='par_1_105' title="bbox 2084 3070 3665 3152">
     <span class='ocr_line' id='line_1_105' title="bbox 2084 3070 3665 3152; baseline 0.008 -31"><span class='ocrx_word' id='word_1_841' title='bbox 2084 3070 2144 3122; x_wconf 86' lang='grc' dir='ltr'>οὺ</span> <span class='ocrx_word' id='word_1_842' title='bbox 2178 3070 2240 3123; x_wconf 84' lang='grc' dir='ltr'>τὸ</span> <span class='ocrx_word' id='word_1_843' title='bbox 2267 3071 2650 3144; x_wconf 83' lang='grc' dir='ltr'>γλωσσόκομον</span> <span class='ocrx_word' id='word_1_844' title='bbox 2682 3075 2949 3146; x_wconf 86' lang='grc' dir='ltr'>κατέχειν,</span> <span class='ocrx_word' id='word_1_845' title='bbox 2982 3078 3117 3132; x_wconf 87' lang='grc' dir='ltr'>ἀλλά</span> <span class='ocrx_word' id='word_1_846' title='bbox 3150 3082 3242 3134; x_wconf 77' lang='grc' dir='ltr'>καὶ</span> <span class='ocrx_word' id='word_1_847' title='bbox 3290 3080 3473 3149; x_wconf 85' lang='grc' dir='ltr'>ἐφόδια</span> <span class='ocrx_word' id='word_1_848' title='bbox 3514 3080 3665 3152; x_wconf 80' lang='grc' dir='ltr'>αὐτῷ</span> 
     </span>
    </p>
   </div>
   <div class='ocr_carea' id='block_1_106' title="bbox 2085 3152 3663 3235">
    <p class='ocr_par' dir='ltr' id='par_1_106' title="bbox 2085 3152 3663 3235">
     <span class='ocr_line' id='line_1_106' title="bbox 2085 3152 3663 3235; baseline 0.006 -28"><span class='ocrx_word' id='word_1_849' title='bbox 2085 3152 2260 3207; x_wconf 85' lang='grc' dir='ltr'>ταῦτα</span> <span class='ocrx_word' id='word_1_850' title='bbox 2287 3155 2561 3220; x_wconf 87' lang='grc' dir='ltr'>κολάσεως</span> <span class='ocrx_word' id='word_1_851' title='bbox 2587 3157 2777 3226; x_wconf 87' lang='grc' dir='ltr'>γέγονε</span> <span class='ocrx_word' id='word_1_852' title='bbox 2800 3175 2813 3188; x_wconf 88' lang='grc'><strong>·</strong></span> <span class='ocrx_word' id='word_1_853' title='bbox 2844 3160 3170 3232; x_wconf 88' lang='grc' dir='ltr'>φοϐηθῶμεν</span> <span class='ocrx_word' id='word_1_854' title='bbox 3218 3163 3312 3215; x_wconf 74' lang='grc' dir='ltr'>καὶ</span> <span class='ocrx_word' id='word_1_855' title='bbox 3360 3165 3522 3233; x_wconf 83' lang='grc' dir='ltr'>ἡμεῖς</span> <span class='ocrx_word' id='word_1_856' title='bbox 3542 3202 3557 3227; x_wconf 92' lang='grc'>,</span> <span class='ocrx_word' id='word_1_857' title='bbox 3587 3164 3663 3235; x_wconf 84' lang='grc' dir='ltr'>μή</span> 
     </span>
    </p>
   </div>
   <div class='ocr_carea' id='block_1_107' title="bbox 2085 3238 3663 3317">
    <p class='ocr_par' dir='ltr' id='par_1_107' title="bbox 2085 3238 3663 3317">
     <span class='ocr_line' id='line_1_107' title="bbox 2085 3238 3663 3317; baseline 0.005 -24"><span class='ocrx_word' id='word_1_858' title='bbox 2085 3255 2217 3293; x_wconf 82' lang='grc' dir='ltr'>ποτε</span> <span class='ocrx_word' id='word_1_859' title='bbox 2249 3238 2339 3292; x_wconf 77' lang='grc' dir='ltr'>τὸν</span> <span class='ocrx_word' id='word_1_860' title='bbox 2378 3239 2579 3296; x_wconf 83' lang='grc' dir='ltr'>Ἰούδαν</span> <span class='ocrx_word' id='word_1_861' title='bbox 2610 3241 2982 3313; x_wconf 88' lang='grc' dir='ltr'>μιμησώμεθα</span> <span class='ocrx_word' id='word_1_862' title='bbox 3027 3244 3117 3297; x_wconf 84' lang='grc' dir='ltr'>διὰ</span> <span class='ocrx_word' id='word_1_863' title='bbox 3154 3246 3252 3314; x_wconf 84' lang='grc' dir='ltr'>τῆς</span> <span class='ocrx_word' id='word_1_864' title='bbox 3283 3245 3663 3317; x_wconf 82' lang='grc' dir='ltr'>φιλαργυρίας.</span> 
     </span>
    </p>
   </div>
   <div class='ocr_carea' id='block_1_108' title="bbox 2086 3323 3667 3400">
    <p class='ocr_par' dir='ltr' id='par_1_108' title="bbox 2086 3323 3667 3400">
     <span class='ocr_line' id='line_1_108' title="bbox 2086 3323 3667 3400; baseline 0.006 -24"><span class='ocrx_word' id='word_1_865' title='bbox 2086 3323 2161 3376; x_wconf 81' lang='grc' dir='ltr'>Οὐ</span> <span class='ocrx_word' id='word_1_866' title='bbox 2189 3323 2450 3394; x_wconf 88' lang='grc' dir='ltr'>προδίδως</span> <span class='ocrx_word' id='word_1_867' title='bbox 2472 3324 2563 3377; x_wconf 81' lang='grc' dir='ltr'>τὸν</span> <span class='ocrx_word' id='word_1_868' title='bbox 2584 3326 2851 3395; x_wconf 89' lang='grc' dir='ltr'>Χριστόν;</span> <span class='ocrx_word' id='word_1_869' title='bbox 2884 3326 3023 3379; x_wconf 87' lang='grc' dir='ltr'>Ἀλλ’</span> <span class='ocrx_word' id='word_1_870' title='bbox 3044 3328 3171 3380; x_wconf 83' lang='grc' dir='ltr'>ὅταν</span> <span class='ocrx_word' id='word_1_871' title='bbox 3194 3330 3438 3400; x_wconf 80' lang='grc' dir='ltr'>περιίδῃς</span> <span class='ocrx_word' id='word_1_872' title='bbox 3459 3330 3667 3400; x_wconf 79' lang='grc' dir='ltr'>πένητα</span> 
     </span>
    </p>
   </div>
   <div class='ocr_carea' id='block_1_109' title="bbox 2085 3403 3665 3482">
    <p class='ocr_par' dir='ltr' id='par_1_109' title="bbox 2085 3403 3665 3482">
     <span class='ocr_line' id='line_1_109' title="bbox 2085 3403 3665 3482; baseline 0.008 -26"><span class='ocrx_word' id='word_1_873' title='bbox 2085 3403 2228 3475; x_wconf 88' lang='grc' dir='ltr'>λιμῷ</span> <span class='ocrx_word' id='word_1_874' title='bbox 2255 3405 2579 3475; x_wconf 85' lang='grc' dir='ltr'>τηκόμενον,</span> <span class='ocrx_word' id='word_1_875' title='bbox 2618 3408 2651 3477; x_wconf 79' lang='grc' dir='ltr'><strong>ἢ</strong></span> <span class='ocrx_word' id='word_1_876' title='bbox 2682 3407 2787 3461; x_wconf 83' lang='grc' dir='ltr'>ὑπὸ</span> <span class='ocrx_word' id='word_1_877' title='bbox 2816 3407 3018 3479; x_wconf 84' lang='grc' dir='ltr'>ψύχους</span> <span class='ocrx_word' id='word_1_878' title='bbox 3056 3410 3531 3481; x_wconf 88' lang='grc' dir='ltr'>διαφθειρόμενον,</span> <span class='ocrx_word' id='word_1_879' title='bbox 3566 3411 3665 3482; x_wconf 80' lang='grc' dir='ltr'>τὴν</span> 
     </span>
    </p>
   </div>
   <div class='ocr_carea' id='block_1_110' title="bbox 2086 3486 3667 3563">
    <p class='ocr_par' dir='ltr' id='par_1_110' title="bbox 2086 3486 3667 3563">
     <span class='ocr_line' id='line_1_110' title="bbox 2086 3486 3667 3563; baseline 0.002 -22"><span class='ocrx_word' id='word_1_880' title='bbox 2086 3486 2256 3558; x_wconf 80' lang='grc' dir='ltr'>αὐτὴν</span> <span class='ocrx_word' id='word_1_881' title='bbox 2281 3488 2374 3540; x_wconf 81' lang='grc' dir='ltr'>καὶ</span> <span class='ocrx_word' id='word_1_882' title='bbox 2420 3489 2585 3553; x_wconf 83' lang='grc' dir='ltr'>αὐτὸς</span> <span class='ocrx_word' id='word_1_883' title='bbox 2624 3491 2830 3563; x_wconf 83' lang='grc' dir='ltr'>ἐφέλκῃ</span> <span class='ocrx_word' id='word_1_884' title='bbox 2857 3493 3152 3563; x_wconf 89' lang='grc' dir='ltr'>καταδίκην</span> <span class='ocrx_word' id='word_1_885' title='bbox 3178 3495 3224 3548; x_wconf 73' lang='grc'>⁸.</span> <span class='ocrx_word' id='word_1_886' title='bbox 3254 3495 3364 3547; x_wconf 74' lang='grc' dir='ltr'>Καὶ</span> <span class='ocrx_word' id='word_1_887' title='bbox 3410 3496 3537 3548; x_wconf 81' lang='grc' dir='ltr'>ὅταν</span> <span class='ocrx_word' id='word_1_888' title='bbox 3569 3495 3667 3548; x_wconf 71' lang='grc' dir='ltr'>ἀν.</span> 
     </span>
    </p>
   </div>
   <div class='ocr_carea' id='block_1_111' title="bbox 2085 3568 3665 3649">
    <p class='ocr_par' dir='ltr' id='par_1_111' title="bbox 2085 3568 3665 3649">
     <span class='ocr_line' id='line_1_111' title="bbox 2085 3568 3665 3649; baseline 0.006 -27"><span class='ocrx_word' id='word_1_889' title='bbox 2085 3568 2249 3634; x_wconf 79' lang='grc' dir='ltr'>αξίως</span> <span class='ocrx_word' id='word_1_890' title='bbox 2275 3570 2589 3640; x_wconf 88' lang='grc' dir='ltr'>μετέχωμεν</span> <span class='ocrx_word' id='word_1_891' title='bbox 2607 3572 2716 3627; x_wconf 89' lang='grc' dir='ltr'>τῶν</span> <span class='ocrx_word' id='word_1_892' title='bbox 2739 3574 3289 3646; x_wconf 86' lang='grc' dir='ltr'>μυστηρίων,ὁμοίως</span> <span class='ocrx_word' id='word_1_893' title='bbox 3313 3575 3665 3649; x_wconf 82' lang='grc' dir='ltr'>ἀπολλύμεθα</span> 
     </span>
    </p>
   </div>
   <div class='ocr_carea' id='block_1_112' title="bbox 2083 3653 3664 3730">
    <p class='ocr_par' dir='ltr' id='par_1_112' title="bbox 2083 3653 3664 3730">
     <span class='ocr_line' id='line_1_112' title="bbox 2083 3653 3664 3730; baseline 0.007 -27"><span class='ocrx_word' id='word_1_894' title='bbox 2083 3654 2194 3716; x_wconf 86' lang='grc' dir='ltr'>τοῖς</span> <span class='ocrx_word' id='word_1_895' title='bbox 2222 3653 2640 3722; x_wconf 84' lang='grc' dir='ltr'>χριστοκτόνοις.</span> <span class='ocrx_word' id='word_1_896' title='bbox 2665 3656 2835 3709; x_wconf 80' lang='grc' dir='ltr'>Ὅταν</span> <span class='ocrx_word' id='word_1_897' title='bbox 2876 3656 3231 3729; x_wconf 79' lang='grc' dir='ltr'>ἀρπάζωμεν,</span> <span class='ocrx_word' id='word_1_898' title='bbox 3259 3661 3385 3713; x_wconf 84' lang='grc' dir='ltr'>ὅταν</span> <span class='ocrx_word' id='word_1_899' title='bbox 3404 3661 3664 3730; x_wconf 86' lang='grc' dir='ltr'>άγχωμεν</span> 
     </span>
    </p>
   </div>
   <div class='ocr_carea' id='block_1_113' title="bbox 2084 3736 3662 3815">
    <p class='ocr_par' dir='ltr' id='par_1_113' title="bbox 2084 3736 3662 3815">
     <span class='ocr_line' id='line_1_113' title="bbox 2084 3736 3662 3815; baseline 0.006 -28"><span class='ocrx_word' id='word_1_900' title='bbox 2084 3736 2209 3798; x_wconf 84' lang='grc' dir='ltr'>τοὺς</span> <span class='ocrx_word' id='word_1_901' title='bbox 2241 3736 2719 3808; x_wconf 88' lang='grc' dir='ltr'>καταδεεστέρους,</span> <span class='ocrx_word' id='word_1_902' title='bbox 2777 3740 3040 3810; x_wconf 85' lang='grc' dir='ltr'>μεγίστην</span> <span class='ocrx_word' id='word_1_903' title='bbox 3091 3743 3507 3813; x_wconf 79' lang='grc' dir='ltr'>ἐπισπασάμεθα</span> <span class='ocrx_word' id='word_1_904' title='bbox 3561 3743 3662 3815; x_wconf 79' lang='grc' dir='ltr'>τήν</span> 
     </span>
    </p>
   </div>
   <div class='ocr_carea' id='block_1_114' title="bbox 2083 3819 3664 3898">
    <p class='ocr_par' dir='ltr' id='par_1_114' title="bbox 2083 3819 3664 3898">
     <span class='ocr_line' id='line_1_114' title="bbox 2083 3819 3664 3898; baseline 0.008 -28"><span class='ocrx_word' id='word_1_905' title='bbox 2083 3819 2381 3890; x_wconf 59' lang='grc' dir='ltr'>τιμωρίαν</span> <span class='ocrx_word' id='word_1_906' title='bbox 2417 3822 2511 3875; x_wconf 76' lang='grc' dir='ltr'>καὶ</span> <span class='ocrx_word' id='word_1_907' title='bbox 2533 3822 2677 3892; x_wconf 87' lang='grc' dir='ltr'>μάλα</span> <span class='ocrx_word' id='word_1_908' title='bbox 2701 3824 2946 3887; x_wconf 88' lang='grc' dir='ltr'>εἰκότως.</span> <span class='ocrx_word' id='word_1_909' title='bbox 2971 3826 3150 3896; x_wconf 86' lang='grc' dir='ltr'>Μέχρι</span> <span class='ocrx_word' id='word_1_910' title='bbox 3170 3825 3278 3896; x_wconf 82' lang='grc' dir='ltr'>γὰρ</span> <span class='ocrx_word' id='word_1_911' title='bbox 3299 3827 3440 3890; x_wconf 88' lang='grc' dir='ltr'>τίνος</span> <span class='ocrx_word' id='word_1_912' title='bbox 3472 3828 3500 3880; x_wconf 92' lang='grc' dir='ltr'>ὁ</span> <span class='ocrx_word' id='word_1_913' title='bbox 3523 3829 3664 3898; x_wconf 79' lang='grc' dir='ltr'>ἔρως</span> 
     </span>
    </p>
   </div>
   <div class='ocr_carea' id='block_1_115' title="bbox 2085 3900 3661 3979">
    <p class='ocr_par' dir='ltr' id='par_1_115' title="bbox 2085 3900 3661 3979">
     <span class='ocr_line' id='line_1_115' title="bbox 2085 3900 3661 3979; baseline 0.006 -26"><span class='ocrx_word' id='word_1_914' title='bbox 2085 3901 2231 3971; x_wconf 82' lang='grc' dir='ltr'>ἡμᾶς</span> <span class='ocrx_word' id='word_1_915' title='bbox 2259 3900 2400 3955; x_wconf 81' lang='grc' dir='ltr'>οὕτω</span> <span class='ocrx_word' id='word_1_916' title='bbox 2443 3905 2666 3974; x_wconf 87' lang='grc' dir='ltr'>κατέχει</span> <span class='ocrx_word' id='word_1_917' title='bbox 2706 3905 2813 3958; x_wconf 89' lang='grc' dir='ltr'>τῶν</span> <span class='ocrx_word' id='word_1_918' title='bbox 2846 3907 3129 3977; x_wconf 88' lang='grc' dir='ltr'>παρόντων</span> <span class='ocrx_word' id='word_1_919' title='bbox 3178 3910 3519 3979; x_wconf 87' lang='grc' dir='ltr'>πραγμάτων</span> <span class='ocrx_word' id='word_1_920' title='bbox 3552 3910 3661 3963; x_wconf 86' lang='grc' dir='ltr'>τῶν</span> 
     </span>
    </p>
   </div>
   <div class='ocr_carea' id='block_1_116' title="bbox 2086 3986 3662 4060">
    <p class='ocr_par' dir='ltr' id='par_1_116' title="bbox 2086 3986 3662 4060">
     <span class='ocr_line' id='line_1_116' title="bbox 2086 3986 3662 4060; baseline 0.006 -24"><span class='ocrx_word' id='word_1_921' title='bbox 2086 3986 2354 4055; x_wconf 84' lang='grc' dir='ltr'>περιττῶν</span> <span class='ocrx_word' id='word_1_922' title='bbox 2374 3987 2468 4039; x_wconf 76' lang='grc' dir='ltr'>καὶ</span> <span class='ocrx_word' id='word_1_923' title='bbox 2496 3988 2798 4058; x_wconf 85' lang='grc' dir='ltr'>ἀνονήτων;</span> <span class='ocrx_word' id='word_1_924' title='bbox 2838 3989 2895 4042; x_wconf 85' lang='grc' dir='ltr'><em>Ὀ</em></span> <span class='ocrx_word' id='word_1_925' title='bbox 2921 3991 3029 4060; x_wconf 76' lang='grc' dir='ltr'>γὰρ</span> <span class='ocrx_word' id='word_1_926' title='bbox 3064 3991 3293 4056; x_wconf 86' lang='grc' dir='ltr'>πλοῦτος</span> <span class='ocrx_word' id='word_1_927' title='bbox 3331 3995 3388 4045; x_wconf 86' lang='grc' dir='ltr'>ἐν</span> <span class='ocrx_word' id='word_1_928' title='bbox 3417 3996 3529 4055; x_wconf 76' lang='grc' dir='ltr'>τοῖς</span> <span class='ocrx_word' id='word_1_929' title='bbox 3563 4010 3662 4047; x_wconf 83' lang='grc' dir='ltr'>πε-</span> 
     </span>
    </p>
   </div>
   <div class='ocr_carea' id='block_1_117' title="bbox 2091 4065 3662 4148">
    <p class='ocr_par' dir='ltr' id='par_1_117' title="bbox 2091 4065 3662 4148">
     <span class='ocr_line' id='line_1_117' title="bbox 2091 4065 3662 4148; baseline 0.005 -26"><span class='ocrx_word' id='word_1_930' title='bbox 2091 4072 2322 4139; x_wconf 85' lang='grc' dir='ltr'>ριττοῖς,</span> <span class='ocrx_word' id='word_1_931' title='bbox 2374 4072 2432 4122; x_wconf 76' lang='grc' dir='ltr'>ἐν</span> <span class='ocrx_word' id='word_1_932' title='bbox 2474 4065 2556 4133; x_wconf 75' lang='grc' dir='ltr'>οἷς</span> <span class='ocrx_word' id='word_1_933' title='bbox 2585 4070 2736 4142; x_wconf 70' lang='grc'>[282]</span> <span class='ocrx_word' id='word_1_934' title='bbox 2792 4073 2945 4126; x_wconf 83' lang='grc' dir='ltr'>οὐδὲν</span> <span class='ocrx_word' id='word_1_935' title='bbox 2978 4073 3167 4142; x_wconf 77' lang='grc' dir='ltr'>ὄφελος</span> <span class='ocrx_word' id='word_1_936' title='bbox 3214 4077 3441 4144; x_wconf 83' lang='grc' dir='ltr'>γίνεται.</span> <span class='ocrx_word' id='word_1_937' title='bbox 3482 4077 3662 4148; x_wconf 79' lang='grc' dir='ltr'>Μέχρι</span> 
     </span>
    </p>
   </div>
   <div class='ocr_carea' id='block_1_118' title="bbox 2086 4153 3661 4230">
    <p class='ocr_par' dir='ltr' id='par_1_118' title="bbox 2086 4153 3661 4230">
     <span class='ocr_line' id='line_1_118' title="bbox 2086 4153 3661 4230; baseline 0.004 -25"><span class='ocrx_word' id='word_1_938' title='bbox 2086 4154 2229 4215; x_wconf 88' lang='grc' dir='ltr'>τίνος</span> <span class='ocrx_word' id='word_1_939' title='bbox 2276 4153 2680 4224; x_wconf 88' lang='grc' dir='ltr'>προσηλώμεθα</span> <span class='ocrx_word' id='word_1_940' title='bbox 2723 4158 2836 4218; x_wconf 87' lang='grc' dir='ltr'>τοῖς</span> <span class='ocrx_word' id='word_1_941' title='bbox 2891 4158 3176 4228; x_wconf 88' lang='grc' dir='ltr'>ματαίοις;</span> <span class='ocrx_word' id='word_1_942' title='bbox 3230 4159 3389 4230; x_wconf 88' lang='grc' dir='ltr'>μέχρι</span> <span class='ocrx_word' id='word_1_943' title='bbox 3433 4160 3572 4222; x_wconf 86' lang='grc' dir='ltr'>τίνος</span> <span class='ocrx_word' id='word_1_944' title='bbox 3598 4160 3661 4212; x_wconf 84' lang='grc' dir='ltr'>ού</span> 
     </span>
    </p>
   </div>
   <div class='ocr_carea' id='block_1_119' title="bbox 2085 4236 3662 4313">
    <p class='ocr_par' dir='ltr' id='par_1_119' title="bbox 2085 4236 3662 4313">
     <span class='ocr_line' id='line_1_119' title="bbox 2085 4236 3662 4313; baseline 0.004 -24"><span class='ocrx_word' id='word_1_945' title='bbox 2085 4236 2517 4306; x_wconf 84' lang='grc' dir='ltr'>διαποϐλέπομεν</span> <span class='ocrx_word' id='word_1_946' title='bbox 2536 4241 2593 4291; x_wconf 82' lang='grc' dir='ltr'>ἐν</span> <span class='ocrx_word' id='word_1_947' title='bbox 2629 4240 2743 4302; x_wconf 88' lang='grc' dir='ltr'>τοῖς</span> <span class='ocrx_word' id='word_1_948' title='bbox 2764 4241 3032 4310; x_wconf 86' lang='grc' dir='ltr'>οὐρανοῖς,</span> <span class='ocrx_word' id='word_1_949' title='bbox 3060 4243 3122 4295; x_wconf 85' lang='grc' dir='ltr'>οὺ</span> <span class='ocrx_word' id='word_1_950' title='bbox 3152 4243 3490 4313; x_wconf 80' lang='grc' dir='ltr'>νήφομεν,ού</span> <span class='ocrx_word' id='word_1_951' title='bbox 3523 4242 3662 4313; x_wconf 91' lang='grc' dir='ltr'>λαμ-</span> 
     </span>
    </p>
   </div>
   <div class='ocr_carea' id='block_1_120' title="bbox 2089 4320 3662 4397">
    <p class='ocr_par' dir='ltr' id='par_1_120' title="bbox 2089 4320 3662 4397">
     <span class='ocr_line' id='line_1_120' title="bbox 2089 4320 3662 4397; baseline 0.003 -25"><span class='ocrx_word' id='word_1_952' title='bbox 2089 4320 2320 4389; x_wconf 86' lang='grc' dir='ltr'>ϐάνομεν</span> <span class='ocrx_word' id='word_1_953' title='bbox 2365 4321 2525 4390; x_wconf 87' lang='grc' dir='ltr'>κόρον</span> <span class='ocrx_word' id='word_1_954' title='bbox 2576 4320 2684 4374; x_wconf 89' lang='grc' dir='ltr'>τῶν</span> <span class='ocrx_word' id='word_1_955' title='bbox 2723 4322 2928 4391; x_wconf 75' lang='grc' dir='ltr'>γηίνων</span> <span class='ocrx_word' id='word_1_956' title='bbox 2957 4325 3160 4378; x_wconf 87' lang='grc' dir='ltr'>τούτων</span> <span class='ocrx_word' id='word_1_957' title='bbox 3194 4327 3284 4378; x_wconf 73' lang='grc' dir='ltr'>καὶ</span> <span class='ocrx_word' id='word_1_958' title='bbox 3325 4326 3662 4397; x_wconf 75' lang='grc' dir='ltr'>παραρρεόν-</span> 
     </span>
    </p>
   </div>
   <div class='ocr_carea' id='block_1_121' title="bbox 2086 4402 3662 4480">
    <p class='ocr_par' dir='ltr' id='par_1_121' title="bbox 2086 4402 3662 4480">
     <span class='ocr_line' id='line_1_121' title="bbox 2086 4402 3662 4480; baseline 0.005 -25"><span class='ocrx_word' id='word_1_959' title='bbox 2086 4420 2224 4469; x_wconf 86' lang='grc' dir='ltr'>των;</span> <span class='ocrx_word' id='word_1_960' title='bbox 2256 4405 2315 4456; x_wconf 86' lang='grc' dir='ltr'>ού</span> <span class='ocrx_word' id='word_1_961' title='bbox 2347 4402 2709 4474; x_wconf 89' lang='grc' dir='ltr'>παιδευόμεθα</span> <span class='ocrx_word' id='word_1_962' title='bbox 2739 4404 2825 4458; x_wconf 84' lang='grc' dir='ltr'>διὰ</span> <span class='ocrx_word' id='word_1_963' title='bbox 2847 4407 2946 4477; x_wconf 84' lang='grc' dir='ltr'>τῆς</span> <span class='ocrx_word' id='word_1_964' title='bbox 2972 4407 3163 4479; x_wconf 90' lang='grc' dir='ltr'>πείρας</span> <span class='ocrx_word' id='word_1_965' title='bbox 3192 4409 3369 4461; x_wconf 79' lang='grc' dir='ltr'>αὐτῶν</span> <span class='ocrx_word' id='word_1_966' title='bbox 3390 4410 3486 4480; x_wconf 80' lang='grc' dir='ltr'>τὴν</span> <span class='ocrx_word' id='word_1_967' title='bbox 3509 4410 3662 4463; x_wconf 77' lang='grc' dir='ltr'>εὐτέ-</span> 
     </span>
    </p>
   </div>
   <div class='ocr_carea' id='block_1_122' title="bbox 2086 4487 3653 4563">
    <p class='ocr_par' dir='ltr' id='par_1_122' title="bbox 2086 4487 3653 4563">
     <span class='ocr_line' id='line_1_122' title="bbox 2086 4487 3653 4563; baseline 0.007 -24"><span class='ocrx_word' id='word_1_968' title='bbox 2086 4487 2263 4551; x_wconf 88' lang='grc' dir='ltr'>λειαν;</span> <span class='ocrx_word' id='word_1_969' title='bbox 2311 4487 2683 4558; x_wconf 87' lang='grc' dir='ltr'>Ἐννοήσωμεν</span> <span class='ocrx_word' id='word_1_970' title='bbox 2706 4490 2831 4552; x_wconf 88' lang='grc' dir='ltr'>τοὺς</span> <span class='ocrx_word' id='word_1_971' title='bbox 2883 4490 2988 4561; x_wconf 87' lang='grc' dir='ltr'>πρὸ</span> <span class='ocrx_word' id='word_1_972' title='bbox 3040 4491 3196 4563; x_wconf 79' lang='grc' dir='ltr'>ἡμῶν</span> <span class='ocrx_word' id='word_1_973' title='bbox 3228 4492 3653 4563; x_wconf 83' lang='grc' dir='ltr'>πλουτήσαντας.</span> 
     </span>
    </p>
   </div>
   <div class='ocr_carea' id='block_1_123' title="bbox 2086 4568 3655 4644">
    <p class='ocr_par' dir='ltr' id='par_1_123' title="bbox 2086 4568 3655 4644">
     <span class='ocr_line' id='line_1_123' title="bbox 2086 4568 3655 4644; baseline 0.005 -23"><span class='ocrx_word' id='word_1_974' title='bbox 2086 4569 2223 4639; x_wconf 82' lang='grc' dir='ltr'>Οὐχὶ</span> <span class='ocrx_word' id='word_1_975' title='bbox 2246 4568 2377 4641; x_wconf 78' lang='grc' dir='ltr'>ὄναρ</span> <span class='ocrx_word' id='word_1_976' title='bbox 2418 4571 2595 4623; x_wconf 87' lang='grc' dir='ltr'>πάντα</span> <span class='ocrx_word' id='word_1_977' title='bbox 2632 4572 2849 4638; x_wconf 74' lang='grc' dir='ltr'>ἐκείνας</span> <span class='ocrx_word' id='word_1_978' title='bbox 2888 4575 3010 4644; x_wconf 78' lang='grc' dir='ltr'>οὐχὶ</span> <span class='ocrx_word' id='word_1_979' title='bbox 3067 4574 3193 4629; x_wconf 82' lang='grc' dir='ltr'>σκιὰ</span> <span class='ocrx_word' id='word_1_980' title='bbox 3225 4575 3321 4634; x_wconf 72' lang='grc' dir='ltr'>καὶ</span> <span class='ocrx_word' id='word_1_981' title='bbox 3370 4575 3564 4639; x_wconf 72' lang='grc' dir='ltr'>ἄνθος,</span> <span class='ocrx_word' id='word_1_982' title='bbox 3593 4578 3655 4629; x_wconf 83' lang='grc' dir='ltr'>οὺ</span> 
     </span>
    </p>
   </div>
   <div class='ocr_carea' id='block_1_124' title="bbox 2088 4653 3660 4729">
    <p class='ocr_par' dir='ltr' id='par_1_124' title="bbox 2088 4653 3660 4729">
     <span class='ocr_line' id='line_1_124' title="bbox 2088 4653 3660 4729; baseline 0.004 -22"><span class='ocrx_word' id='word_1_983' title='bbox 2088 4654 2265 4723; x_wconf 79' lang='grc' dir='ltr'>ῥεῦμα</span> <span class='ocrx_word' id='word_1_984' title='bbox 2294 4653 2637 4724; x_wconf 76' lang='grc' dir='ltr'>παραῤῥέον;</span> <span class='ocrx_word' id='word_1_985' title='bbox 2662 4657 2782 4725; x_wconf 80' lang='grc' dir='ltr'>οὐχὶ</span> <span class='ocrx_word' id='word_1_986' title='bbox 2804 4656 3047 4728; x_wconf 83' lang='grc' dir='ltr'>διήγημα</span> <span class='ocrx_word' id='word_1_987' title='bbox 3072 4659 3166 4711; x_wconf 86' lang='grc' dir='ltr'>καὶ</span> <span class='ocrx_word' id='word_1_988' title='bbox 3185 4658 3352 4729; x_wconf 89' lang='grc' dir='ltr'>μῦθος</span> <span class='ocrx_word' id='word_1_989' title='bbox 3374 4676 3388 4723; x_wconf 89' lang='lat'><strong>;</strong></span> <span class='ocrx_word' id='word_1_990' title='bbox 3427 4661 3484 4713; x_wconf 86' lang='grc' dir='ltr'><strong>Ὀ</strong></span> <span class='ocrx_word' id='word_1_991' title='bbox 3513 4660 3660 4714; x_wconf 90' lang='grc' dir='ltr'>δεῖνα</span> 
     </span>
    </p>
   </div>
   <div class='ocr_carea' id='block_1_125' title="bbox 2086 4736 3659 4807">
    <p class='ocr_par' dir='ltr' id='par_1_125' title="bbox 2086 4736 3659 4807">
     <span class='ocr_line' id='line_1_125' title="bbox 2086 4736 3659 4807; baseline 0.006 -19"><span class='ocrx_word' id='word_1_992' title='bbox 2086 4736 2429 4806; x_wconf 83' lang='grc' dir='ltr'>πεπλούτηκε</span> <span class='ocrx_word' id='word_1_993' title='bbox 2448 4753 2461 4766; x_wconf 90' lang='grc'><strong>·</strong></span> <span class='ocrx_word' id='word_1_994' title='bbox 2490 4738 2583 4790; x_wconf 81' lang='grc' dir='ltr'>καὶ</span> <span class='ocrx_word' id='word_1_995' title='bbox 2616 4737 2719 4791; x_wconf 88' lang='grc' dir='ltr'>ποῦ</span> <span class='ocrx_word' id='word_1_996' title='bbox 2758 4739 2853 4792; x_wconf 88' lang='grc' dir='ltr'>νῦν</span> <span class='ocrx_word' id='word_1_997' title='bbox 2881 4743 2910 4793; x_wconf 89' lang='grc' dir='ltr'>ὁ</span> <span class='ocrx_word' id='word_1_998' title='bbox 2952 4741 3217 4807; x_wconf 86' lang='grc' dir='ltr'>πλοῦτος;</span> <span class='ocrx_word' id='word_1_999' title='bbox 3264 4743 3535 4796; x_wconf 78' lang='grc' dir='ltr'>Ἀπώλετο</span> <span class='ocrx_word' id='word_1_1000' title='bbox 3565 4744 3659 4797; x_wconf 72' lang='grc' dir='ltr'>καὶ</span> 
     </span>
    </p>
   </div>
   <div class='ocr_carea' id='block_1_126' title="bbox 2083 4819 3656 4898">
    <p class='ocr_par' dir='ltr' id='par_1_126' title="bbox 2083 4819 3656 4898">
     <span class='ocr_line' id='line_1_126' title="bbox 2083 4819 3656 4898; baseline 0.005 -25"><span class='ocrx_word' id='word_1_1001' title='bbox 2083 4819 2403 4889; x_wconf 86' lang='grc' dir='ltr'>διέφθαρται</span> <span class='ocrx_word' id='word_1_1002' title='bbox 2424 4835 2436 4847; x_wconf 88' lang='grc'><strong>·</strong></span> <span class='ocrx_word' id='word_1_1003' title='bbox 2478 4819 2613 4873; x_wconf 83' lang='grc' dir='ltr'>ἀλλὰ</span> <span class='ocrx_word' id='word_1_1004' title='bbox 2638 4820 2709 4873; x_wconf 87' lang='grc' dir='ltr'>τὰ</span> <span class='ocrx_word' id='word_1_1005' title='bbox 2732 4822 2796 4874; x_wconf 92' lang='grc' dir='ltr'>δι’</span> <span class='ocrx_word' id='word_1_1006' title='bbox 2818 4822 2979 4876; x_wconf 84' lang='grc' dir='ltr'>αὑτὸν</span> <span class='ocrx_word' id='word_1_1007' title='bbox 3001 4825 3371 4898; x_wconf 83' lang='grc' dir='ltr'>ἁμαρτήματα</span> <span class='ocrx_word' id='word_1_1008' title='bbox 3391 4827 3656 4896; x_wconf 84' lang='grc' dir='ltr'>διαμένει.</span> 
     </span>
    </p>
   </div>
   <div class='ocr_carea' id='block_1_127' title="bbox 2083 4901 3659 4982">
    <p class='ocr_par' dir='ltr' id='par_1_127' title="bbox 2083 4901 3659 4982">
     <span class='ocr_line' id='line_1_127' title="bbox 2083 4901 3659 4982; baseline 0.006 -28"><span class='ocrx_word' id='word_1_1009' title='bbox 2083 4902 2177 4955; x_wconf 74' lang='grc' dir='ltr'>καὶ</span> <span class='ocrx_word' id='word_1_1010' title='bbox 2215 4904 2247 4973; x_wconf 83' lang='grc' dir='ltr'>ή</span> <span class='ocrx_word' id='word_1_1011' title='bbox 2274 4901 2456 4982; x_wconf 5' lang='grc' dir='ltr'>διάητὰ</span> <span class='ocrx_word' id='word_1_1012' title='bbox 2485 4904 2859 4974; x_wconf 89' lang='grc' dir='ltr'>ἁμαρτήματα</span> <span class='ocrx_word' id='word_1_1013' title='bbox 2885 4906 3124 4972; x_wconf 91' lang='grc' dir='ltr'>κόλασις.</span> <span class='ocrx_word' id='word_1_1014' title='bbox 3160 4910 3375 4963; x_wconf 84' lang='grc' dir='ltr'>Μᾶλλον</span> <span class='ocrx_word' id='word_1_1015' title='bbox 3404 4911 3480 4972; x_wconf 86' lang='grc' dir='ltr'>δὲ,</span> <span class='ocrx_word' id='word_1_1016' title='bbox 3512 4914 3559 4963; x_wconf 88' lang='grc' dir='ltr'>εἰ</span> <span class='ocrx_word' id='word_1_1017' title='bbox 3583 4909 3659 4982; x_wconf 83' lang='grc' dir='ltr'>μὴ</span> 
     </span>
    </p>
   </div>
   <div class='ocr_carea' id='block_1_128' title="bbox 2082 4980 3659 5063">
    <p class='ocr_par' dir='ltr' id='par_1_128' title="bbox 2082 4980 3659 5063">
     <span class='ocr_line' id='line_1_128' title="bbox 2082 4980 3659 5063; baseline 0.006 -26"><span class='ocrx_word' id='word_1_1018' title='bbox 2082 4986 2303 5049; x_wconf 87' lang='grc' dir='ltr'>κόλασις</span> <span class='ocrx_word' id='word_1_1019' title='bbox 2346 4980 2436 5055; x_wconf 82' lang='grc' dir='ltr'>ἦν,</span> <span class='ocrx_word' id='word_1_1020' title='bbox 2471 4986 2607 5055; x_wconf 82' lang='grc' dir='ltr'>μηδὲ</span> <span class='ocrx_word' id='word_1_1021' title='bbox 2655 4985 2902 5055; x_wconf 86' lang='grc' dir='ltr'>βασιλεία</span> <span class='ocrx_word' id='word_1_1022' title='bbox 2951 4990 3260 5061; x_wconf 71' lang='grc' dir='ltr'>προῦκειτο,</span> <span class='ocrx_word' id='word_1_1023' title='bbox 3289 4994 3347 5045; x_wconf 81' lang='grc' dir='ltr'>τὸ</span> <span class='ocrx_word' id='word_1_1024' title='bbox 3392 4980 3659 5063; x_wconf 83' lang='grc' dir='ltr'>ὁμόφυλον</span> 
     </span>
    </p>
   </div>
   <div class='ocr_carea' id='block_1_129' title="bbox 2082 5063 3660 5141">
    <p class='ocr_par' dir='ltr' id='par_1_129' title="bbox 2082 5063 3660 5141">
     <span class='ocr_line' id='line_1_129' title="bbox 2082 5063 3660 5141; baseline 0.006 -25"><span class='ocrx_word' id='word_1_1025' title='bbox 2082 5065 2175 5117; x_wconf 78' lang='grc' dir='ltr'>κα).</span> <span class='ocrx_word' id='word_1_1026' title='bbox 2200 5063 2261 5115; x_wconf 83' lang='grc' dir='ltr'>τὸ</span> <span class='ocrx_word' id='word_1_1027' title='bbox 2289 5064 2548 5134; x_wconf 88' lang='grc' dir='ltr'>ὁμογενὲς</span> <span class='ocrx_word' id='word_1_1028' title='bbox 2568 5064 2885 5134; x_wconf 85' lang='grc' dir='ltr'>αἰδεσθῆναι</span> <span class='ocrx_word' id='word_1_1029' title='bbox 2909 5069 3096 5141; x_wconf 82' lang='grc' dir='ltr'>ἐχρῆν,</span> <span class='ocrx_word' id='word_1_1030' title='bbox 3114 5071 3171 5123; x_wconf 83' lang='grc' dir='ltr'>τὺ</span> <span class='ocrx_word' id='word_1_1031' title='bbox 3187 5072 3506 5141; x_wconf 77' lang='grc' dir='ltr'>ὁμοιοπαθὲς</span> <span class='ocrx_word' id='word_1_1032' title='bbox 3532 5073 3660 5125; x_wconf 89' lang='grc' dir='ltr'>δυσ-</span> 
     </span>
    </p>
   </div>
   <div class='ocr_carea' id='block_1_130' title="bbox 2079 5142 3659 5221">
    <p class='ocr_par' dir='ltr' id='par_1_130' title="bbox 2079 5142 3659 5221">
     <span class='ocr_line' id='line_1_130' title="bbox 2079 5142 3659 5221; baseline 0.005 -25"><span class='ocrx_word' id='word_1_1033' title='bbox 2079 5143 2384 5212; x_wconf 86' lang='grc' dir='ltr'>ωπηθῆναι.</span> <span class='ocrx_word' id='word_1_1034' title='bbox 2430 5142 2544 5195; x_wconf 83' lang='grc' dir='ltr'>Νῦν</span> <span class='ocrx_word' id='word_1_1035' title='bbox 2602 5144 2658 5196; x_wconf 83' lang='grc' dir='ltr'>δὲ</span> <span class='ocrx_word' id='word_1_1036' title='bbox 2703 5143 2870 5209; x_wconf 87' lang='grc' dir='ltr'>κύνας</span> <span class='ocrx_word' id='word_1_1037' title='bbox 2912 5151 3009 5217; x_wconf 81' lang='grc' dir='ltr'>μὲν</span> <span class='ocrx_word' id='word_1_1038' title='bbox 3043 5150 3338 5221; x_wconf 77' lang='grc' dir='ltr'>τρέφομεν·</span> <span class='ocrx_word' id='word_1_1039' title='bbox 3382 5150 3564 5203; x_wconf 78' lang='grc' dir='ltr'>πολλοὶ</span> <span class='ocrx_word' id='word_1_1040' title='bbox 3602 5151 3659 5205; x_wconf 66' lang='grc' dir='ltr'>δὲ</span> 
     </span>
    </p>
   </div>
   <div class='ocr_carea' id='block_1_131' title="bbox 2082 5223 3659 5304">
    <p class='ocr_par' dir='ltr' id='par_1_131' title="bbox 2082 5223 3659 5304">
     <span class='ocr_line' id='line_1_131' title="bbox 2082 5223 3659 5304; baseline 0.004 -27"><span class='ocrx_word' id='word_1_1041' title='bbox 2082 5226 2175 5278; x_wconf 72' lang='grc' dir='ltr'>καὶ</span> <span class='ocrx_word' id='word_1_1042' title='bbox 2204 5223 2469 5304; x_wconf 85' lang='grc' dir='ltr'>ὁνάγρους</span> <span class='ocrx_word' id='word_1_1043' title='bbox 2499 5225 2592 5278; x_wconf 75' lang='grc' dir='ltr'>καὶ</span> <span class='ocrx_word' id='word_1_1044' title='bbox 2617 5224 2871 5296; x_wconf 77' lang='grc' dir='ltr'>ἄρκτους,</span> <span class='ocrx_word' id='word_1_1045' title='bbox 2914 5232 3006 5283; x_wconf 73' lang='grc' dir='ltr'>καὶ</span> <span class='ocrx_word' id='word_1_1046' title='bbox 3034 5230 3263 5302; x_wconf 86' lang='grc' dir='ltr'>διάφορα</span> <span class='ocrx_word' id='word_1_1047' title='bbox 3303 5231 3466 5303; x_wconf 87' lang='grc' dir='ltr'>θηρία</span> <span class='ocrx_word' id='word_1_1048' title='bbox 3485 5248 3499 5263; x_wconf 75' lang='grc' dir='ltr'><strong><em>ο</em></strong></span> <span class='ocrx_word' id='word_1_1049' title='bbox 3551 5233 3659 5287; x_wconf 84' lang='grc' dir='ltr'>ἄν-</span> 
     </span>
    </p>
   </div>
   <div class='ocr_carea' id='block_1_132' title="bbox 2082 5307 3659 5384">
    <p class='ocr_par' dir='ltr' id='par_1_132' title="bbox 2082 5307 3659 5384">
     <span class='ocr_line' id='line_1_132' title="bbox 2082 5307 3659 5384; baseline 0.004 -23"><span class='ocrx_word' id='word_1_1050' title='bbox 2082 5308 2296 5378; x_wconf 86' lang='grc' dir='ltr'>θρωπον</span> <span class='ocrx_word' id='word_1_1051' title='bbox 2324 5307 2381 5360; x_wconf 85' lang='grc' dir='ltr'>δὲ</span> <span class='ocrx_word' id='word_1_1052' title='bbox 2410 5309 2754 5379; x_wconf 86' lang='grc' dir='ltr'>περιορῶμεν</span> <span class='ocrx_word' id='word_1_1053' title='bbox 2777 5310 2921 5383; x_wconf 87' lang='grc' dir='ltr'>λιμῷ</span> <span class='ocrx_word' id='word_1_1054' title='bbox 2945 5316 3259 5384; x_wconf 80' lang='grc' dir='ltr'>τηκόμενον,</span> <span class='ocrx_word' id='word_1_1055' title='bbox 3284 5316 3378 5367; x_wconf 79' lang='grc' dir='ltr'>καὶ</span> <span class='ocrx_word' id='word_1_1056' title='bbox 3400 5313 3659 5384; x_wconf 84' lang='grc' dir='ltr'>τιμιώτε-</span> 
     </span>
    </p>
   </div>
   <div class='ocr_carea' id='block_1_133' title="bbox 2085 5391 3660 5469">
    <p class='ocr_par' dir='ltr' id='par_1_133' title="bbox 2085 5391 3660 5469">
     <span class='ocr_line' id='line_1_133' title="bbox 2085 5391 3660 5469; baseline 0.004 -25"><span class='ocrx_word' id='word_1_1057' title='bbox 2085 5408 2173 5461; x_wconf 90' lang='grc' dir='ltr'>ρον</span> <span class='ocrx_word' id='word_1_1058' title='bbox 2203 5393 2332 5462; x_wconf 83' lang='grc' dir='ltr'>ἡμῖν</span> <span class='ocrx_word' id='word_1_1059' title='bbox 2359 5392 2420 5445; x_wconf 84' lang='grc' dir='ltr'>τὸ</span> <span class='ocrx_word' id='word_1_1060' title='bbox 2447 5391 2725 5464; x_wconf 86' lang='grc' dir='ltr'>ἀλλότριον</span> <span class='ocrx_word' id='word_1_1061' title='bbox 2748 5394 2843 5448; x_wconf 90' lang='grc' dir='ltr'>τοῦ</span> <span class='ocrx_word' id='word_1_1062' title='bbox 2877 5398 3189 5466; x_wconf 88' lang='grc' dir='ltr'>συγγενοῦς,</span> <span class='ocrx_word' id='word_1_1063' title='bbox 3214 5400 3307 5450; x_wconf 73' lang='grc' dir='ltr'>καὶ</span> <span class='ocrx_word' id='word_1_1064' title='bbox 3336 5397 3660 5469; x_wconf 87' lang='grc' dir='ltr'>ἀτιμότερον</span> 
     </span>
    </p>
   </div>
   <div class='ocr_carea' id='block_1_134' title="bbox 2081 5476 3657 5552">
    <p class='ocr_par' dir='ltr' id='par_1_134' title="bbox 2081 5476 3657 5552">
     <span class='ocr_line' id='line_1_134' title="bbox 2081 5476 3657 5552; baseline 0.006 -26"><span class='ocrx_word' id='word_1_1065' title='bbox 2081 5476 2213 5545; x_wconf 79' lang='grc' dir='ltr'>ἡμῖν</span> <span class='ocrx_word' id='word_1_1066' title='bbox 2244 5477 2305 5531; x_wconf 81' lang='grc' dir='ltr'>τὸ</span> <span class='ocrx_word' id='word_1_1067' title='bbox 2333 5478 2531 5531; x_wconf 89' lang='grc' dir='ltr'>οἰκεῖον</span> <span class='ocrx_word' id='word_1_1068' title='bbox 2560 5477 2655 5530; x_wconf 87' lang='grc' dir='ltr'>τοῦ</span> <span class='ocrx_word' id='word_1_1069' title='bbox 2688 5478 2762 5549; x_wconf 83' lang='grc' dir='ltr'>μὴ</span> <span class='ocrx_word' id='word_1_1070' title='bbox 2789 5479 2941 5544; x_wconf 73' lang='grc' dir='ltr'>ὄντος</span> <span class='ocrx_word' id='word_1_1071' title='bbox 2972 5482 3088 5534; x_wconf 77' lang='grc' dir='ltr'>οὐδὲ</span> <span class='ocrx_word' id='word_1_1072' title='bbox 3112 5484 3497 5552; x_wconf 83' lang='grc' dir='ltr'>προσήκοντος.</span> <span class='ocrx_word' id='word_1_1073' title='bbox 3517 5482 3657 5536; x_wconf 73' lang='grc' dir='ltr'>Ἀλλ’</span> 
     </span>
    </p>
   </div>
   <div class='ocr_carea' id='block_1_135' title="bbox 2080 5558 3658 5638">
    <p class='ocr_par' dir='ltr' id='par_1_135' title="bbox 2080 5558 3658 5638">
     <span class='ocr_line' id='line_1_135' title="bbox 2080 5558 3658 5638; baseline 0.006 -29"><span class='ocrx_word' id='word_1_1074' title='bbox 2080 5558 2474 5629; x_wconf 88' lang='grc' dir='ltr'>οἰκοδομεῖσθαι</span> <span class='ocrx_word' id='word_1_1075' title='bbox 2512 5559 2771 5632; x_wconf 86' lang='grc' dir='ltr'>λαμπρὰς</span> <span class='ocrx_word' id='word_1_1076' title='bbox 2803 5564 2980 5625; x_wconf 86' lang='grc' dir='ltr'>οἰκίας</span> <span class='ocrx_word' id='word_1_1077' title='bbox 3010 5564 3103 5617; x_wconf 79' lang='grc' dir='ltr'>καὶ</span> <span class='ocrx_word' id='word_1_1078' title='bbox 3142 5565 3367 5629; x_wconf 86' lang='grc' dir='ltr'>πολλοὺς</span> <span class='ocrx_word' id='word_1_1079' title='bbox 3405 5566 3548 5638; x_wconf 76' lang='grc' dir='ltr'>ἔχειν</span> <span class='ocrx_word' id='word_1_1080' title='bbox 3578 5568 3658 5620; x_wconf 87' lang='grc' dir='ltr'>οἰ-</span> 
     </span>
    </p>
   </div>
   <div class='ocr_carea' id='block_1_136' title="bbox 2082 5641 3660 5719">
    <p class='ocr_par' dir='ltr' id='par_1_136' title="bbox 2082 5641 3660 5719">
     <span class='ocr_line' id='line_1_136' title="bbox 2082 5641 3660 5719; baseline 0.007 -28"><span class='ocrx_word' id='word_1_1081' title='bbox 2082 5641 2264 5707; x_wconf 86' lang='grc' dir='ltr'>κέτας,</span> <span class='ocrx_word' id='word_1_1082' title='bbox 2299 5642 2391 5695; x_wconf 80' lang='grc' dir='ltr'>καὶ</span> <span class='ocrx_word' id='word_1_1083' title='bbox 2438 5645 2517 5706; x_wconf 90' lang='grc' dir='ltr'>εἰς</span> <span class='ocrx_word' id='word_1_1084' title='bbox 2565 5645 2798 5714; x_wconf 90' lang='grc' dir='ltr'>χρυσοῦν</span> <span class='ocrx_word' id='word_1_1085' title='bbox 2841 5646 3034 5717; x_wconf 76' lang='grc' dir='ltr'>ὄροφον</span> <span class='ocrx_word' id='word_1_1086' title='bbox 3074 5650 3497 5717; x_wconf 87' lang='grc' dir='ltr'>κατακειμένους</span> <span class='ocrx_word' id='word_1_1087' title='bbox 3529 5652 3660 5719; x_wconf 82' lang='grc' dir='ltr'>ὁρᾷν</span> 
     </span>
    </p>
   </div>
   <div class='ocr_carea' id='block_1_137' title="bbox 2082 5722 3661 5803">
    <p class='ocr_par' dir='ltr' id='par_1_137' title="bbox 2082 5722 3661 5803">
     <span class='ocr_line' id='line_1_137' title="bbox 2082 5722 3661 5803; baseline 0.005 -28"><span class='ocrx_word' id='word_1_1088' title='bbox 2082 5722 2275 5790; x_wconf 89' lang='grc' dir='ltr'>καλόν;</span> <span class='ocrx_word' id='word_1_1089' title='bbox 2309 5726 2566 5797; x_wconf 78' lang='grc' dir='ltr'>Περιττὺν</span> <span class='ocrx_word' id='word_1_1090' title='bbox 2615 5728 2711 5797; x_wconf 85' lang='grc' dir='ltr'>μὲν</span> <span class='ocrx_word' id='word_1_1091' title='bbox 2746 5725 2839 5782; x_wconf 78' lang='grc' dir='ltr'>οὖν</span> <span class='ocrx_word' id='word_1_1092' title='bbox 2887 5732 2977 5783; x_wconf 82' lang='grc' dir='ltr'>καὶ</span> <span class='ocrx_word' id='word_1_1093' title='bbox 3027 5732 3500 5803; x_wconf 82' lang='grc' dir='ltr'>ἀνόνητον.”Εστιν</span> <span class='ocrx_word' id='word_1_1094' title='bbox 3528 5732 3661 5785; x_wconf 82' lang='grc' dir='ltr'>ἄλλα</span> 
     </span>
    </p>
   </div>
   <div class='ocr_carea' id='block_1_138' title="bbox 2080 5808 3661 5887">
    <p class='ocr_par' dir='ltr' id='par_1_138' title="bbox 2080 5808 3661 5887">
     <span class='ocr_line' id='line_1_138' title="bbox 2080 5808 3661 5887; baseline 0.006 -28"><span class='ocrx_word' id='word_1_1095' title='bbox 2080 5808 2483 5879; x_wconf 85' lang='grc' dir='ltr'>οἰκοδομήματα</span> <span class='ocrx_word' id='word_1_1096' title='bbox 2512 5850 2526 5876; x_wconf 93' lang='grc'>,</span> <span class='ocrx_word' id='word_1_1097' title='bbox 2580 5809 2935 5885; x_wconf 87' lang='grc' dir='ltr'>λαμπρότερα</span> <span class='ocrx_word' id='word_1_1098' title='bbox 2981 5813 3160 5885; x_wconf 83' lang='grc' dir='ltr'>πολλῷ</span> <span class='ocrx_word' id='word_1_1099' title='bbox 3213 5817 3307 5869; x_wconf 77' lang='grc' dir='ltr'>καὶ</span> <span class='ocrx_word' id='word_1_1100' title='bbox 3361 5815 3661 5887; x_wconf 89' lang='grc' dir='ltr'>σεμνότερα</span> 
     </span>
    </p>
   </div>
   <div class='ocr_carea' id='block_1_139' title="bbox 2146 5916 3664 5988">
    <p class='ocr_par' dir='ltr' id='par_1_139' title="bbox 2146 5916 3664 5988">
     <span class='ocr_line' id='line_1_139' title="bbox 2146 5916 3664 5988; baseline 0.005 -21"><span class='ocrx_word' id='word_1_1101' title='bbox 2146 5920 2295 5988; x_wconf 38' lang='lat' dir='ltr'><strong>{Alii</strong></span> <span class='ocrx_word' id='word_1_1102' title='bbox 2320 5920 2497 5988; x_wconf 63' lang='grc' dir='ltr'>δεικνύς</span> <span class='ocrx_word' id='word_1_1103' title='bbox 2518 5916 2662 5988; x_wconf 63' lang='grc' dir='ltr'>τοῦτό</span> <span class='ocrx_word' id='word_1_1104' title='bbox 2683 5922 3064 5988; x_wconf 17' lang='grc' dir='ltr'>φησιν.νἚπειδή.</span> <span class='ocrx_word' id='word_1_1105' title='bbox 3114 5922 3157 5988; x_wconf 41' lang='grc' dir='ltr'>-τ</span> <span class='ocrx_word' id='word_1_1106' title='bbox 3186 5924 3284 5973; x_wconf 82' lang='lat' dir='ltr'>Alii</span> <span class='ocrx_word' id='word_1_1107' title='bbox 3316 5925 3537 5988; x_wconf 73' lang='grc' dir='ltr'>βιαστικὴ</span> <span class='ocrx_word' id='word_1_1108' title='bbox 3563 5926 3664 5976; x_wconf 83' lang='grc' dir='ltr'>τῶν</span> 
     </span>
    </p>
   </div>
   <div class='ocr_carea' id='block_1_140' title="bbox 2086 5982 3199 6050">
    <p class='ocr_par' dir='ltr' id='par_1_140' title="bbox 2086 5982 3199 6050">
     <span class='ocr_line' id='line_1_140' title="bbox 2086 5982 3199 6050; baseline -0.002 -13"><span class='ocrx_word' id='word_1_1109' title='bbox 2086 5984 2352 6047; x_wconf 76' lang='grc' dir='ltr'>μελλόντων</span> <span class='ocrx_word' id='word_1_1110' title='bbox 2373 5983 2519 6031; x_wconf 83' lang='grc' dir='ltr'>ἐστίν.</span> <span class='ocrx_word' id='word_1_1111' title='bbox 2587 5982 2612 6019; x_wconf 69' lang='grc'><strong>⁸</strong></span> <span class='ocrx_word' id='word_1_1112' title='bbox 2637 5982 2733 6035; x_wconf 63' lang='grc' dir='ltr'>Δι’ἱί</span> <span class='ocrx_word' id='word_1_1113' title='bbox 2759 5986 2928 6048; x_wconf 70' lang='grc' dir='ltr'>ἐφέλκῃ</span> <span class='ocrx_word' id='word_1_1114' title='bbox 2955 5985 3199 6050; x_wconf 85' lang='grc' dir='ltr'>τιμωρίαν.</span> 
     </span>
    </p>
   </div>
  </div>
