4084 6360
346 340 444 395 269

345 456 439 510 sed
476 454 732 509 heredum
782 467 903 526 post
953 466 1178 512 mortem
1211 469 1374 513 tuam.
1407 461 1538 515 Illud
1570 464 1799 516 maxime
1827 462 1919 515 tibi

346 562 466 602 esse
490 548 621 602 utile
654 551 868 617 poterit,
898 565 1018 605 cum
1068 567 1135 605 ex
1174 552 1568 620 pulchritudine
1617 570 1709 605 sua
1759 564 1810 607 te
1862 552 1927 606 ad

348 638 654 695 Creatorem
679 640 941 708 advocet;
974 642 1075 697 hoc
1121 654 1298 698 autem
1327 645 1464 698 aliud
1502 646 1729 699 maxime
1771 661 1930 700 noce-

349 732 464 798 bit,
495 743 652 803 teque
700 736 933 804 graviter
971 736 1023 790 in
1049 736 1134 790 die
1154 737 1338 805 judicii
1383 739 1655 792 accusabit
1679 782 1691 799 ,
1716 738 1929 808 quando

351 823 521 893 ipsum
562 825 777 895 quidem
805 842 935 881 auro
962 828 1195 897 undique
1238 829 1495 899 fulgebit,
1527 829 1768 884 Christus
1799 846 1929 884 vero

349 932 417 970 ne
442 926 592 971 veste
620 918 834 987 quidem
862 919 1160 973 necessaria
1191 929 1467 974 contectus
1493 922 1611 974 erit.
1644 921 1719 975 Ne
1751 923 1928 990 itaque

350 1006 403 1060 in
453 1015 651 1062 tantam
698 1008 957 1063 insaniam
1007 1009 1338 1073 incidamus;
1371 1026 1438 1065 ne
1480 1012 1822 1081 insequamur
1851 1011 1931 1065 fu-

348 1098 568 1167 gientia,
600 1113 669 1153 ne
698 1098 962 1169 fugiamus
982 1101 1270 1168 manentia,
1295 1116 1364 1156 ne
1394 1104 1677 1171 prodamus
1702 1102 1927 1156 salutem

350 1202 610 1256 nostram,
643 1191 735 1246 sed
794 1192 982 1247 futurae
1031 1195 1144 1263 spei
1195 1193 1534 1250 hacreamus:
1580 1211 1757 1260 senes,
1787 1195 1929 1264 quod

351 1281 583 1337 sciamus
628 1297 849 1353 parvum
880 1285 1032 1340 nobis
1060 1287 1182 1341 vitae
1208 1301 1424 1342 cursum
1477 1303 1793 1357 superesse;
1839 1290 1926 1355 ju-

1330 349 1396 403 IN
1432 349 1741 405 JOANNEM
1782 349 2009 404 HOMII..
2045 348 2275 403 XLVIII.
2314 350 2384 404 aI.
2428 350 2635 405 XLVII.

3514 353 3619 407 Ξτο

2034 476 2220 521 venes.
2241 462 2382 531 quod
2412 463 2651 532 persuasi
2681 464 2789 517 sint
2817 478 2921 517 non
2952 464 3177 518 multum
3207 464 3308 519 sibi
3335 481 3617 535 superesse

2035 554 2309 621 temporis.
2346 552 2413 608 Ut
2454 555 2585 607 enim
2608 558 2692 625 fur
2718 556 2770 607 in
2799 566 2943 610 nocte
2966 599 2979 619 ,
3012 558 3084 612 ita
3128 558 3236 612 dies
3276 558 3361 611 ille
3392 560 3619 612 adveniet

2034 644 2053 713 (
2084 645 2135 698 1.
2158 642 2337 697 Thess.
2368 645 2419 699 5.
2447 643 2483 698 2
2502 644 2544 714 ).
2574 643 2697 698 Haec
2724 646 2897 714 itaque
2920 664 3040 702 cum
3068 649 3317 711 sciamus,
3343 658 3397 703 et
3427 665 3619 704 uxores

2035 737 2178 791 viros
2208 737 2503 802 hortentur,
2536 746 2589 791 et
2630 736 2730 789 viri
2762 755 2959 793 uxores
2990 750 3262 805 moneant,
3292 740 3531 809 juniores
3558 757 3621 796 ac

2034 829 2265 898 vlrgincs
2293 827 2597 893 doceamus,
2632 845 2833 899 nosque
2864 847 3048 883 omnes
3071 840 3252 885 mutuo
3281 832 3621 886 instituamus

2035 921 2101 974 ad
2128 922 2412 990 praesentia
2439 923 2853 986 contemnenda,
2885 933 2941 978 et
2972 923 3143 977 futura
3172 925 3620 992 concupiscenda,

2036 1021 2094 1064 ut
2135 1012 2222 1065 illa
2262 1013 2513 1082 consequi
2556 1014 2838 1082 possimus,
2865 1014 3031 1083 gratia
3070 1024 3124 1069 et
3169 1015 3495 1084 benignitate
3519 1017 3622 1070 Doo

2036 1102 2163 1155 mini
2193 1102 2357 1155 nostri
2384 1102 2510 1157 .Icsu
2550 1103 2764 1169 Christi,
2791 1119 2885 1172 per
2923 1119 3079 1173 quem
3108 1115 3161 1159 ct
3199 1119 3319 1165 cum
3349 1121 3454 1175 quo
3481 1106 3620 1161 Patri

2037 1194 2224 1265 gloria,
2252 1210 2460 1263 unaque
2485 1194 2701 1265 Spiritui
2741 1206 2945 1261 sancto,
2972 1211 3111 1251 nunc
3135 1208 3189 1251 et
3214 1210 3430 1268 semper
3452 1239 3467 1260 ,
3489 1207 3545 1255 et
3570 1199 3621 1253 in

2038 1286 2231 1341 saecula
2261 1287 2600 1341 saeculorum.
2632 1289 2823 1341 Amen.

1662 1494 2007 1557 HOMILIA
2051 1495 2337 1555 XLVIII.

353 1633 485 1692 Cn.
545 1637 598 1691 7.
630 1652 683 1692 v.
708 1638 761 1693 l.
792 1636 919 1693 Post
961 1637 1069 1693 haec
1100 1646 1265 1693 autem
1291 1637 1578 1693 ambulabat
1591 1636 1741 1692 Iesus
1761 1637 1811 1691 in
1832 1636 1933 1692 Ga-

427 1726 560 1782 lilaza
580 1745 600 1782 :
630 1746 731 1784 non
757 1731 889 1784 enim
918 1730 1115 1785 uolebat
1150 1731 1205 1784 in
1251 1729 1439 1785 Judtea
1490 1729 1773 1795 ambulare,
1811 1731 1934 1801 quia

425 1819 712 1886 quaerebant
740 1836 852 1873 eum
873 1820 1364 1889 Judan'interﬁcere.
1397 1819 1453 1873 2.
1497 1818 1626 1873 Erat
1674 1831 1843 1874 autem
1881 1821 1936 1874 in

427 1909 655 1978 proximo
702 1909 806 1963 dies
862 1914 1016 1982 festus
1038 1910 1358 1977 Judcorum,
1390 1909 1724 1980 Scenopegia.

428 1999 479 2054 1.
511 1998 714 2054 Invidia
740 2012 982 2071 quantum
1006 2002 1219 2056 malum.
1269 2028 1343 2043 —-
1378 2002 1519 2057 Nihil
1552 2004 1740 2069 livore,
1797 2003 1928 2058 nihil

360 2091 555 2147 invidia
587 2093 861 2160 deterius;
895 2110 988 2163 per
1010 2110 1128 2149 eam
1157 2110 1301 2150 mors
1329 2096 1382 2150 in
1407 2095 1662 2151 mundum
1694 2097 1932 2152 intravit.

357 2184 487 2250 Quia
510 2186 651 2239 cnim
694 2186 826 2241 vidit
850 2187 1095 2242 diabolus
1119 2187 1390 2243 hominem
1421 2188 1472 2243 in
1497 2188 1700 2244 honore
1723 2188 1931 2255 haberi,

357 2278 476 2347 ejus
506 2278 811 2334 felicitatem
843 2295 947 2335 non
978 2280 1173 2346 ferens,
1232 2280 1359 2335 nihil
1400 2297 1508 2337 non
1553 2283 1662 2352 egit
1707 2290 1763 2337 ut
1810 2296 1933 2335 eum

358 2368 606 2439 perderet
632 2369 652 2444 (
683 2370 813 2441 Sap.
845 2371 901 2427 2.
929 2372 1000 2427 21
1028 2374 1123 2444 ).Α
1153 2373 1241 2428 tali
1264 2373 1443 2430 radice
1492 2375 1651 2429 talem
1704 2374 1933 2430 fructum

356 2476 639 2531 erumpere
668 2477 882 2532 semper
926 2464 1191 2520 videmus.
1233 2465 1337 2521 Per
1366 2466 1504 2520 hanc
1550 2466 1681 2521 Abel
1726 2467 1936 2521 occisus

359 2563 475 2618 est;
501 2570 594 2622 per
626 2552 763 2610 hanc
795 2555 960 2610 David
989 2557 1040 2611 in
1066 2558 1257 2612 mortis
1300 2558 1595 2628 periculum
1622 2558 1807 2623 venit;
1841 2574 1935 2628 per

361 2644 499 2699 hanc
520 2646 672 2701 multi
703 2646 791 2701 alii
815 2648 942 2717 justi
973 2650 1114 2718 passi
1147 2658 1305 2716 sunt;
1357 2666 1452 2720 per
1473 2650 1608 2705 hanc
1660 2650 1931 2704 Christum

360 2734 528 2791 Judwi
556 2739 961 2795 interfecerunt.
996 2741 1105 2796 Hoc
1125 2741 1406 2796 declarans
1434 2742 1754 2811 evangelista
1785 2742 1935 2796 dice-

360 2827 486 2882 bat:
510 2828 634 2883 Post
651 2831 758 2885 ham
784 2832 1075 2887 ambulabat
1100 2832 1251 2888 Jesus
1280 2834 1331 2887 in
1359 2832 1573 2887 Galiltza
1597 2849 1616 2887 :
1657 2851 1759 2888 non
1802 2836 1935 2889 enim

362 2929 553 2991 poterat
583 2924 657 2992 (a)
672 2924 723 2976 in
747 2923 931 2979 Judwa
949 2926 1227 2991 ambulare,
1254 2926 1372 2994 quia
1400 2926 1685 2997 (lacerabant
1709 2944 1822 2981 eum
1835 2927 1935 2982 Ju-

358 3012 456 3064 dai
473 3014 769 3082 interﬁcere.
800 3017 934 3084 Quid
950 3017 1104 3081 dicis,
1134 3018 1289 3074 beate
1304 3018 1537 3074 Joannes
1553 3020 1575 3071 ?
1594 3019 1709 3074 Non
1729 3029 1935 3089 poterat

360 3104 449 3173 qui
483 3116 657 3172 potest
682 3111 857 3162 omnia
885 3126 1002 3180 qua:
1026 3111 1270 3180 vult?qui
1298 3112 1452 3177 dixit,
1483 3112 1642 3177 Quem
1687 3114 1930 3183 queritis,

358 3204 413 3251 et
440 3211 532 3251 eos
553 3206 696 3252 retro
726 3202 905 3269 pulsos
936 3204 1254 3269 prostravit?
1276 3204 1362 3273 qui
1393 3220 1625 3273 praesens
1654 3221 1759 3259 non
1783 3205 1933 3261 vide-

361 3294 466 3352 tur,
513 3287 1060 3360 hiccine-pctestatem
1089 3309 1193 3347 non
1226 3294 1447 3348 habuit?
1472 3295 1748 3362 Quomodo
1777 3307 1927 3366 post-

358 3392 420 3434 ea
451 3378 501 3432 in
525 3380 699 3435 medio
732 3397 941 3447 eorum,
975 3384 1025 3436 in
1059 3385 1278 3452 templo,
1302 3386 1351 3440 in
1402 3386 1735 3441 solemnitate
1755 3428 1769 3451 ,
1800 3389 1930 3455 ipsis

357 3473 722 3541 congregatis,
768 3474 1123 3542 praesentibus
1154 3475 1470 3539 homicidis,
1506 3492 1566 3531 ea
1617 3477 1933 3546 loquebatur

357 3580 475 3631 qua:
503 3566 669 3635 magis
699 3566 818 3621 illos
867 3570 1290 3637 exasperarent?
1333 3570 1445 3624 Hoc
1492 3570 1567 3623 illi
1603 3571 1932 3626 mirabantur

355 3651 615 3718 dicentes,
648 3654 835 3709 Nonne
861 3657 942 3710 hic
967 3668 1041 3711 est
1069 3676 1215 3728 quem
1249 3670 1481 3728 quarunt
1507 3662 1787 3729 interﬁcere
1808 3664 1834 3716 ?
1861 3661 1932 3716 Et

356 3762 465 3801 ecce
480 3748 649 3815 palam
679 3749 920 3819 loquitur,
950 3761 995 3805 et
1022 3752 1150 3806 nihil
1175 3753 1253 3806 illi
1268 3755 1459 3806 dicunt.
1492 3754 1618 3821 Quae
1649 3764 1774 3809 sunt
1816 3755 1931 3811 haec

355 3841 679 3911 aenigmata?
706 3843 886 3912 Apage
911 3860 925 3897 :
959 3859 1063 3899 non
1091 3846 1232 3900 enim
1258 3844 1370 3899 haec
1392 3846 1547 3913 dixit,
1576 3847 1932 3916 utaenigmata

355 3944 474 3985 esse
504 3934 973 3999 putarentur;sed
1019 3945 1078 3990 ut
1098 3935 1397 3992 declararet
1444 3947 1498 3992 et
1542 3937 1834 3994 divinitatis
1877 3948 1932 3994 et

359 4019 703 4076 humanitatis
732 4040 895 4094 opera
930 4025 1165 4081 exhibita
1197 4026 1381 4083 fuisse.
1413 4027 1544 4083 Cum
1584 4031 1726 4084 enim
1752 4031 1927 4097 dixit,

355 4110 667 4167 ‘Potestatem
686 4131 786 4168 non
814 4116 1025 4169 habebat
1049 4158 1064 4181 ,
1114 4118 1265 4187 quasi
1296 4118 1362 4173 de
1388 4118 1606 4175 homine
1658 4121 1927 4192 loquitur,

353 4202 516 4256 multa
546 4203 779 4259 humano
805 4222 952 4261 more
977 4218 1202 4279 agente:
1226 4225 1345 4264 cum
1362 4226 1491 4266 vero
1513 4211 1642 4267 dicit
1673 4214 1842 4282 ipsum
1874 4216 1928 4269 in

352 4292 532 4346 medio
562 4309 747 4348 eorum
777 4298 1011 4364 stetisse,
1043 4315 1144 4354 nec
1157 4303 1552 4370 apprehensum
1582 4302 1764 4368 fuisse,
1796 4304 1930 4360 divi—

352 4383 535 4438 nitatis
563 4386 742 4454 utique
791 4398 1106 4457 potestatem
1151 4393 1369 4448 indicat.
1413 4394 1545 4449 Nam
1596 4393 1830 4465 fugiebat
1872 4405 1930 4452 ut

354 4471 539 4541 homo,
571 4480 857 4548 apparebat
882 4490 941 4536 ut
964 4482 1140 4548 Deus;
1175 4492 1457 4555 utrumque
1474 4500 1599 4541 vere
1625 4501 1927 4556 repraesen-

355 4571 492 4616 tans.
524 4565 659 4621 Cum
684 4570 825 4622 enim
863 4571 915 4623 in
954 4573 1146 4627 mediis
1180 4573 1579 4630 insidiatoribus
1607 4590 1713 4630 non
1743 4577 1925 4647 capie-

354 4652 531 4719 batur,
576 4658 827 4712 invictam
858 4671 1177 4727 potestatem
1200 4678 1351 4718 suam
1380 4665 1748 4734 significabat;
1802 4681 1923 4721 curn

352 4759 479 4798 vero
504 4750 801 4817 secederet,
858 4754 1207 4813 incarnationi
1237 4756 1396 4812 fidem
1424 4758 1692 4826 faciebat;
1736 4770 1792 4815 ut
1825 4775 1925 4816 nec

355 4837 548 4894 Paulus
597 4841 996 4908 Samosatenus,
1025 4862 1125 4902 nec
1152 4847 1384 4903 Marcion
1412 4890 1428 4913 ,
1473 4866 1573 4905 nec
1599 4852 1689 4921 qui
1731 4852 1921 4906 eodem

351 4932 539 4987 morbo
564 4934 828 5001 laborant,
854 4939 1220 4995 contradicere
1237 4950 1474 5009 possent.
1502 4940 1593 4997 His
1613 4943 1773 5013 igitur
1802 4943 1923 4997 illo-

350 5036 465 5077 rum
494 5025 730 5083 omnium
755 5029 769 5059 ¹
796 5044 856 5085 os
871 5029 1119 5084 obstruit.
1154 5029 1276 5085 Post
1294 5032 1401 5085 hate
1416 5041 1523 5087 erat
1540 5037 1692 5103 festus
1710 5033 1923 5090 Judco-

348 5132 480 5180 rum,
498 5116 829 5189 Scenopegia.
845 5121 967 5176 Hzec
978 5123 1254 5191 particula,
1278 5122 1400 5177 Post
1416 5126 1545 5192 haec,
1564 5124 1687 5180 nihil
1701 5126 1842 5181 aliud
1856 5128 1921 5181 si-

347 5208 584 5275 gnificat,
606 5226 761 5279 quam
796 5213 1017 5268 multum
1043 5224 1229 5285 postea
1258 5216 1510 5283 temporis
1531 5218 1915 5275 intercessisse.

410 5341 427 5409 ξ
575 5341 771 5409 legunt,
784 5343 1048 5409 utriusque,
1071 5361 1173 5403 pro.
1200 5346 1391 5409 illorum
1412 5349 1639 5401 omnium.

410 5401 482 5465 (a)
515 5403 581 5469 In
595 5401 735 5454 titulo
750 5401 962 5469 legitur,'
979 5401 1288 5463 adnectebat.
1323 5410 1533 5461 lectione
1549 5427 1576 5462 a
1596 5413 1790 5464 librario
1806 5429 1912 5467 mu-

343 5465 469 5539 ρῳ..
494 5466 691 5539 uulgata
710 5465 858 5537 alim',
882 5471 1035 5533 inquit
1056 5478 1153 5520 Jac.
1183 5472 1351 5523 Minius
1387 5473 1443 5539 ad
1469 5473 1594 5524 hunc
1616 5475 1789 5539 locum,
1815 5465 1914 5529 Non

344 5524 558 5607 Ital-sliat.l
580 5524 670 5607 uti.
690 5524 855 5607 visunt.
879 5524 961 5607 est
978 5542 1172 5607 Erastno
1192 5540 1244 5603 et.
1264 5534 1438 5607 Drusio
1452 5572 1464 5594 ,
1484 5548 1578 5607 pro
1600 5524 1908 5607 quoipost-ea:

341 5592 441 5633 Son
488 5588 757 5641 volehaL...
791 5599 1022 5644 mutatum
1044 5600 1205 5644 autem
1226 5593 1275 5644 in
1299 5603 1397 5646 Non
1422 5588 1914 5650 volebat'existimant

341 5652 566 5718 {Erasmus
590 5661 635 5701 et
654 5655 841 5703 Grotius
857 5692 869 5714 ,
898 5668 929 5703 a
951 5656 1203 5716 delicatis,
1230 5658 1367 5718 quasi
1396 5656 1573 5710 Christi
1595 5665 1820 5717 potentia
1838 5661 1912 5712 in-

339 5711 517 5783 Ittrtttm
540 5714 733 5783 faceret.
761 5711 905 5783 nocte
935 5725 1099 5766 autem
1132 5711 1301 5781 probat
1323 5711 1684 5783 Chrj'sostoums
1708 5723 1754 5772 id
1778 5711 1912 5778 Chri-

338 5776 397 5819 ω
424 5776 683 5835 potentiam
702 5789 795 5824 non
819 5777 1017 5829 laedere.

662 5851 929 5917 ΡΑτιιοι..
976 5857 1094 5920 Gn.
1141 5858 1303 5926 LIX.

2039 1636 2166 1692 Inde
2191 1652 2317 1692 vero
2344 1636 2529 1706 liquet,
2559 1636 2698 1706 quod
2718 1651 2838 1691 cum
2870 1636 2921 1690 in
2950 1646 3134 1691 monte
3159 1634 3395 1701 sederet,
3424 1633 3616 1690 festum

2036 1738 2178 1783 esset
2202 1727 2451 1793 Paschae;
2509 1727 2593 1781 hic
2636 1737 2810 1781 autem
2864 1727 3205 1797 Scenopegiae
3255 1727 3529 1791 meminit,
3561 1736 3616 1780 et

2037 1818 2269 1888 quinque
2295 1819 2557 1873 mensium
2582 1819 2752 1887 spatio
2772 1818 2904 1873 nihil
2938 1817 3077 1875 aliud
3111 1818 3347 1872 narravit
3397 1818 3481 1873 vel
3504 1817 3605 1871 do-

2036 1911 2167 1975 cuit,
2196 1927 2354 1980 quam
2382 1926 2575 1979 panum
2608 1911 2922 1964 miraculum
2949 1949 2967 1973 ,
3017 1917 3071 1965 et
3103 1911 3415 1965 concionem
3455 1908 3610 1963 habi-

2040 2011 2147 2056 tam
2170 2001 2234 2055 iis
2259 2002 2349 2071 qui
2380 2001 2759 2064 comederant:
2800 2001 3009 2057 etiamsi
3048 2001 3135 2056 ille
3164 2016 3272 2055 non
3316 2001 3609 2057 cessaverit

2038 2094 2188 2165 signa
2215 2094 2391 2149 facere
2416 2103 2469 2148 et
2493 2094 2821 2156 concionari,
2856 2109 2960 2147 non
3006 2094 3094 2149 die
3118 2104 3319 2148 tantum
3347 2102 3401 2148 et
3434 2108 3616 2163 vespi.

2040 2201 2118 2250 ra,
2147 2186 2241 2241 sed
2262 2187 2421 2241 etiam
2449 2201 2593 2256 saepe
2619 2195 2797 2240 nocte.
2828 2184 2908 2240 Ad
2934 2184 3228 2256 discipulos
3245 2186 3393 2240 enim
3424 2185 3501 2240 sic
3523 2186 3618 2238 atl-

2038 2278 2203 2343 venit,
2232 2287 2290 2332 ut
2313 2292 2503 2332 omnes
2528 2277 2867 2348 evangelista:
2908 2288 3146 2334 narrant.
3188 2276 3295 2334 Cur
3317 2294 3444 2348 ergo
3490 2277 3617 2333 illud

2038 2368 2374 2423 omiserunt?
2393 2368 2524 2435 Quia
2552 2383 2658 2423 non
2684 2368 3120 2438 poterantomnia
3140 2384 3445 2425 recensere.
3476 2368 3616 2424 Alio-

2040 2459 2167 2528 quin
2199 2459 2284 2513 illa
2309 2460 2490 2516 dicere
2545 2460 2888 2527 studuerunt,
2919 2476 2987 2516 ex
3016 2461 3210 2530 quibus
3247 2461 3490 2531 qua-dam
3533 2478 3618 2516 re-

2041 2550 2327 2619 prehensio
2360 2551 2444 2606 vel
2473 2552 2827 2607 contradictio
2880 2568 2948 2609 ex
2993 2551 3190 2608 Iuda-is
3220 2562 3617 2623 consequutura

2041 2652 2176 2697 erat.
2211 2642 2372 2697 Multa
2396 2644 2539 2700 enim
2571 2644 2685 2698 istis
2708 2645 2900 2700 similia
2914 2654 3083 2700 erant.
3108 2645 3256 2712 Quod
3287 2646 3428 2700 enim
3450 2660 3617 2715 aegros

2046 2743 2285 2801 curaret,
2318 2746 2563 2791 mortuos
2588 2738 2889 2804 suscitaret,
2916 2737 3056 2807 quod
3084 2736 3422 2793 admirationi
3450 2747 3616 2805 esset,

2038 2840 2182 2894 saepe
2202 2826 2534 2896 scripserunt
2559 2845 2572 2880 :
2602 2827 2690 2882 ubi
2715 2838 2890 2882 autem
2922 2827 3119 2897 aliquid
3142 2828 3377 2883 insolens
3398 2843 3617 2883 narran-

2039 2916 2164 2971 dum
2191 2919 2460 2987 suppetit,
2518 2918 2603 2972 vel
2655 2918 2940 2988 quamdam
2992 2918 3463 2988 reprehensionem
3518 2919 3617 2988 ipsi

2038 3010 2272 3064 oblatam
2300 3010 2632 3066 referendam
2659 3011 2875 3074 habent,
2905 3012 3017 3065 haec
3047 3020 3318 3082 apponunt
3347 3028 3362 3077 ;
3390 3020 3448 3065 ut
3473 3025 3617 3066 nunc

2038 3112 2280 3167 narrant,
2312 3102 2504 3159 fratres
2552 3104 2670 3174 ejus
2697 3119 2802 3159 non
2835 3104 2931 3174 ipsi
2982 3104 3275 3159 credidisse
3306 3122 3320 3158 :
3363 3120 3481 3174 quae
3527 3120 3616 3160 res

2039 3195 2285 3250 odiosum
2310 3195 2580 3266 quidpiam
2606 3211 2715 3267 pra:
2736 3211 2796 3251 se
2825 3195 2965 3251 ferre
2995 3196 3227 3250 videtur.
3283 3197 3351 3251 Et
3379 3206 3461 3252 est
3483 3211 3612 3252 sane

2039 3302 2128 3342 res
2158 3287 2439 3353 mirabilis,
2471 3303 2627 3357 quam
2676 3303 2893 3343 veraces
2944 3288 3043 3357 ipsi
3073 3288 3306 3351 fuerint;
3337 3288 3609 3359 quomodo

2036 3394 2095 3433 ea
2129 3395 2233 3432 non
2256 3388 2536 3435 vereantur
2574 3380 2795 3444 referre,
2825 3397 2941 3451 qua:
2973 3381 3223 3450 Magistro
3249 3397 3348 3435 suo
3375 3383 3607 3451 ignomi-

2035 3472 2185 3526 niosa
2208 3486 2329 3526 esse
2351 3472 2626 3533 videntur;
2679 3472 2786 3526 imo
2814 3471 2928 3526 haec
2955 3473 3134 3541 potius
3160 3482 3350 3527 curent
3394 3489 3612 3533 enarra-

2034 3579 2112 3628 re,
2140 3579 2298 3634 quam
2331 3573 2545 3619 cmtera.
2600 3564 2666 3618 Et
2718 3578 2861 3618 nunc
2899 3564 3079 3632 itaque
3128 3563 3381 3630 Joannes,
3432 3566 3613 3621 multis

2036 3657 2411 3726 pnetermissis
2436 3657 2625 3725 signis,
2660 3656 2938 3725 prodigiis,
2972 3657 3344 3724 concionibus,
3384 3658 3451 3713 ad
3474 3658 3612 3715 hanc

2034 3766 2148 3805 rem
2176 3749 2497 3805 narrandam
2545 3750 2796 3804 accurrit.
2856 3750 2908 3804 5.
2971 3748 3242 3813 Dixerunt,
3290 3750 3492 3820 inquit,
3543 3752 3611 3805 ad

2033 3857 2147 3894 eum
2163 3841 2346 3909 fratres
2376 3843 2485 3911 ejus
2509 3856 2527 3893 :
2555 3839 2736 3895 Transi
2760 3840 2875 3894 hinc
2889 3846 2943 3894 in
2971 3838 3244 3908 Judazam,
3276 3849 3331 3897 ut
3379 3852 3423 3895 et
3461 3844 3613 3896 disci-

2035 3931 2143 4001 puli
2173 3932 2247 3984 tui
2272 3932 2471 3985 uideant
2499 3947 2653 3995 opera
2674 3946 2785 4002 qua:
2810 3931 2959 4001 facis.
3006 3930 3060 3986 4.
3116 3929 3284 3986 Nemo
3324 3931 3512 4001 quippe
3559 3934 3611 3987 in

2034 4021 2229 4074 occulto
2251 4022 2446 4089 aliquid
2470 4021 2611 4092 facit,
2635 4031 2681 4075 et
2702 4021 2882 4092 quierit
2910 4021 3017 4091 ipse
3069 4022 3241 4092 palam
3278 4038 3405 4076 esse.
3436 4021 3610 4076 Mani-

2034 4116 2157 4184 festa
2178 4113 2391 4181 teipsum
2418 4115 2626 4167 mundo.
2657 4114 2711 4169 5.
2738 4112 2917 4185 Neque
2944 4114 3075 4169 enim
3096 4115 3280 4185 fratres
3307 4116 3417 4185 ejus
3437 4115 3611 4168 crede-

2031 4204 2148 4258 bant
2176 4206 2229 4259 in
2255 4221 2389 4260 eum.
2416 4205 2614 4275 Ecqua,
2648 4206 2878 4274 inquies,
2911 4204 3039 4261 hinc
3086 4205 3450 4272 incredulitas,
3478 4206 3604 4262 dum

2033 4304 2223 4364 rogant
2251 4310 2374 4349 eum
2399 4304 2455 4348 ut
2497 4296 2645 4365 signa
2676 4295 2851 4351 edat?
2896 4296 3079 4367 Magna
3120 4297 3322 4367 utique.
3377 4297 3505 4351 Nam
3554 4307 3607 4353 et

2031 4385 2215 4450 verba,
2246 4392 2301 4438 et
2320 4385 2561 4451 audacia,
2593 4394 2648 4440 et
2670 4386 3038 4455 intempestiva
3056 4386 3295 4455 libertas,
3323 4387 3605 4442 increduli-

2032 4484 2192 4531 tatem
2224 4477 2502 4533 denotant.
2527 4478 2948 4534 Putabantenim
2968 4494 3026 4532 se
3055 4479 3386 4548 cognationis
3434 4495 3594 4535 causa

2031 4569 2260 4625 lidenter
2286 4571 2427 4642 loqui
2448 4586 2623 4640 posse.
2652 4571 2719 4626 Et
2764 4572 2975 4627 videtur
3002 4573 3217 4642 quidem
3262 4575 3606 4646 compellatio

2027 4662 2323 4716 amicorum
2361 4677 2514 4729 esse;
2562 4661 2659 4718 sed
2689 4662 2828 4718 dicta
2882 4664 3174 4719 acerbitate
3220 4674 3348 4719 sunt
3402 4665 3599 4736 plena.

2026 4754 2222 4808 etenim
2256 4754 2355 4823 ipsi
2384 4763 2439 4809 et
2468 4754 2799 4809 timiditatem
2828 4765 2881 4809 et
2920 4771 3108 4809 vanam
3134 4756 3356 4827 gloriam
3401 4770 3597 4827 expro-

2028 4846 2201 4899 brant.
2229 4844 2361 4899 Cum
2393 4848 2534 4901 enim
2562 4847 2747 4901 dicunt
2770 4888 2785 4912 ,
2815 4846 2979 4901 Nemo
3000 4849 3052 4902 in
3075 4849 3273 4904 occulto
3315 4848 3506 4920 aliquitI
3528 4857 3601 4905 Ia-

2025 4940 2112 5004 cit,
2142 4940 2505 4994 accusantium
2530 4950 2705 5009 partes
2731 4950 2914 5013 agunt,
2966 4942 3051 5012 qui
3088 4942 3425 5000 timiditatem
3450 4950 3474 4995 ιτ
3500 4957 3597 5016 ,jt-

2024 5032 2163 5084 ciant
2195 5040 2247 5084 et
2271 5039 2418 5100 gesta
2473 5030 2590 5100 ejus
2634 5042 2883 5100 suspecta
2935 5033 3165 5088 habeant
3201 5050 3215 5097 ξ
3251 5048 3373 5091 cum
3416 5048 3594 5093 autem

2024 5120 2258 5188 addunt,
2312 5121 2505 5185 Quarit
2531 5124 2700 5192 palam
2726 5139 2832 5179 esse
2858 5164 2873 5191 ,
2923 5139 3114 5179 vanam
3155 5125 3380 5197 gloriam
3420 5129 3598 5199 suspi-

2022 5222 2231 5269 cantur.

2089 5306 2144 5362 2.
2171 5307 2250 5362 Tu
2275 5322 2405 5363 vero
2430 5306 2630 5363 Christi
2648 5308 2892 5367 virtutem
2913 5310 3212 5369 considera.
3235 5312 3316 5373 Ex
3339 5312 3425 5377 his
3446 5314 3589 5370 enim

2018 5401 2107 5469 qui
2153 5401 2272 5455 talia
2309 5401 2555 5456 dicebant
2593 5402 2794 5473 primus
2843 5403 2937 5459 fuit
2984 5404 3435 5477 .Ierosolymorum
3474 5408 3593 5478 epi-

2018 5506 2227 5562 scopus,
2251 5492 2436 5546 beatus
2455 5491 2686 5550 Iacobus
2703 5494 2798 5564 (a),
2817 5493 2884 5550 de
2903 5509 3007 5563 quo
3024 5495 3216 5553 Paulus
3234 5496 3364 5552 dicit
3385 5515 3399 5551 :
3423 5499 3595 5557 Alium

2017 5595 2183 5639 autem
2208 5587 2551 5655 apostolorum
2576 5586 2679 5640 ridi
2706 5589 2951 5642 neminem
2975 5590 3074 5643 nisi
3099 5590 3349 5653 Iacobum
3382 5593 3591 5662 fratrem

2017 5675 2222 5730 Domini
2249 5675 2390 5745 (Gal.
2422 5677 2469 5731 I.
2504 5677 2615 5749 l9).
2641 5678 2839 5734 Dicitur
2864 5688 2919 5734 et
2937 5678 3100 5735 ludas
3129 5682 3385 5740 mirabilis
3405 5684 3587 5742 fuisse.

2078 5788 2150 5849 (a)
2172 5787 2371 5838 .tacobus
2395 5787 2540 5839 frater
2557 5787 2749 5840 Domini
2781 5790 3182 5855 Jerosolymarum
3207 5795 3484 5860 episcopus.

3140 5877 3210 5935 17
