4084 6360
499 348 595 407 2‘71
1233 346 1290 398 S.
1319 343 1595 400 JOANN‘IS
1633 338 2102 397 CllRYSOS'l'OMI
2145 337 2457 426 AliCllll'lP.
2487 341 3021 404 CONSTANTINOP.

499 473 657 543 Atqui
691 471 740 524 in
768 467 905 522 Caua
928 466 1168 530 aderant,
1198 481 1317 518 cum
1349 479 1536 534 aquam
1567 464 1618 516 in
1657 461 1834 515 vinum
1856 474 2085 517 conver-

500 566 597 627 tit;
630 563 722 618 sed
756 561 884 615 nihil
910 559 1081 614 adhuc
1101 557 1222 612 inde
1243 557 1431 610 lucrati
1457 565 1601 609 sunt.
1632 553 1784 609 Unde
1813 569 1941 623 ergo
1979 553 2084 607 illis

501 666 645 711 tanta
697 653 1074 709 incredulitas?
1120 652 1197 705 Ex
1244 650 1380 703 mala
1423 649 1692 703 voluntate
1739 654 1795 701 et
1840 661 1904 700 ex
1952 644 2086 699 invi-

501 750 586 804 dia
615 747 688 816 (a)
717 764 729 800 :
754 763 876 802 nam
899 747 1135 814 cognatis
1155 744 1242 814 qui
1267 741 1542 812 conspicui
1567 749 1708 802 sunt,
1732 740 1904 792 solent
1923 738 2080 792 etiam

499 843 707 913 cognati
738 857 841 896 non
874 841 941 894 ita
971 837 1239 907 conspicui
1276 837 1531 890 invidere.
1559 834 1830 931 Quosnam
1867 832 1950 931 hic
1976 830 2085 931 dis-

500 936 705 1004 cipulos
756 933 969 988 dicunt?
1007 930 1242 986 Turbam
1272 936 1609 998 sequentem,
1657 940 1763 978 non
1800 922 2080 978 duodecim

502 1030 640 1084 illos.
671 1026 807 1094 Quid
831 1041 957 1094 ergo
987 1021 1264 1077 Christus?
1307 1020 1439 1074 Vide
1483 1033 1640 1088 quam
1685 1023 1961 1116 mansuete
1993 1028 2079 1067 re-

501 1121 779 1192 spondeat.
817 1118 999 1187 Neque
1036 1116 1178 1169 enim
1218 1113 1348 1167 dixit
1380 1130 1392 1165 :
1423 1113 1522 1177 Qui
1551 1111 1678 1165 estis
1711 1123 1826 1173 vos,
1867 1111 1953 1176 qui
1995 1119 2080 1158 me

500 1212 602 1267 hoc
617 1211 839 1266 consilio
865 1207 1107 1263 docetis?
1133 1204 1226 1259 sed
1249 1204 1414 1274 quid?
1443 1203 1496 1257 6.
1523 1199 1742 1270 Tempus
1766 1215 1930 1251 meum
1953 1213 2082 1248 non-

499 1307 620 1358 dum
649 1305 865 1358 advenit.
897 1303 994 1356 llic
1021 1299 1148 1354 mihi
1186 1298 1326 1353 aliud
1356 1295 1623 1366 quidpiam
1650 1291 1972 1347 subindicari
1999 1291 2078 1343 vi-

499 1399 672 1454 detur.
704 1395 861 1450 Forte
896 1395 1036 1449 enim
1067 1392 1261 1448 invidia
1301 1389 1430 1444 moti
1466 1389 1611 1442 illum
1640 1385 1836 1440 Iudaeis
1870 1382 2079 1437 tradere

499 1490 928 1550 meditabantur;
971 1487 1196 1554 ideoque
1243 1483 1295 1536 id
1336 1482 1616 1536 declarans
1659 1478 1808 1541 dicit,
1860 1474 2078 1546 Tempus

500 1601 662 1637 meum
698 1581 922 1635 nondum
948 1579 1166 1644 advenit,
1209 1577 1258 1631 id
1288 1586 1385 1640 est,
1423 1584 1630 1642 tempus
1655 1571 1827 1626 crucis
1850 1578 1904 1624 et
1937 1583 2079 1623 mor-

498 1677 588 1730 tis.
619 1675 726 1729 Cur
755 1689 840 1728 me
870 1682 993 1726 ante
1038 1681 1246 1740 tempus
1283 1666 1524 1722 occidere
1570 1661 1902 1734 properatis?
1933 1659 2078 1714 Tem-

501 1783 594 1836 pns
619 1776 782 1818 autem
810 1775 1023 1818 vestrum
1048 1777 1242 1831 semper
1271 1769 1505 1830 paratum
1531 1767 1620 1810 est.
1660 1755 1771 1810 Hoc
1808 1761 1890 1807 est
1921 1769 1935 1805 :
1971 1752 2078 1806 Vos

498 1857 688 1921 .ludrei,
736 1857 833 1911 etsi
873 1870 1085 1924 semper
1125 1869 1245 1909 eum
1298 1851 1402 1905 illis
1441 1846 1748 1912 versemini,
1789 1857 2074 1912 numquam

500 1950 763 2013 occident,
805 1956 984 2014 utpote
1022 1946 1208 2000 eadem
1247 1943 1568 2004 sentientes;
1609 1953 1695 1992 me
1732 1951 1860 1990 vero
1897 1935 2074 2013 statim

498 2041 742 2095 occidere
783 2039 1078 2092 tentabant.
1124 2035 1304 2104 ltaque
1349 2032 1501 2085 vobis
1540 2044 1752 2098 semper
1795 2029 1918 2082 licet
1953 2041 2073 2079 cum

499 2134 604 2188 illis
632 2148 750 2188 esse
776 2133 892 2185 sine
922 2129 1154 2200 periculo
1183 2146 1195 2180 :
1225 2125 1354 2180 mihi
1397 2139 1526 2179 vero
1563 2133 1686 2176 tunc
1715 2133 1922 2187 tempus
1951 2119 2072 2182 erit,

498 2242 617 2279 cum
647 2222 878 2294 crucifigi
911 2231 964 2276 et
991 2221 1123 2274 mori
1150 2217 1430 2288 oportebit.
1464 2215 1596 2270 Nam
1625 2212 1764 2284 quod
1790 2211 1890 2265 hoc
1914 2210 2074 2264 intel-

498 2317 626 2386 ligat
651 2332 713 2369 ex
760 2312 1103 2377 sequentibus
1152 2311 1356 2380 liquet:
1389 2307 1443 2361 7.
1493 2304 1614 2359 Non
1657 2310 1815 2373 potest
1860 2300 2074 2354 mundus

498 2410 664 2464 odisse
698 2423 801 2462 vos.
845 2404 1120 2472 Quomodo
1149 2403 1312 2466 enim,
1362 2401 1404 2454 si
1442 2399 1627 2454 eadem
1667 2395 1846 2461 vultis,
1885 2393 2072 2448 eadem

498 2497 918 2570 persequimini?
947 2495 1032 2550 Me
1070 2505 1235 2549 autem
1265 2493 1390 2556 odit,
1436 2493 1555 2560 quia
1598 2487 1909 2560 reprehendo
1930 2501 2071 2589 .enm,

495 2592 632 2662 quod
657 2592 792 2644 mala
814 2590 913 2643 sint
956 2603 1110 2657 opera
1153 2590 1301 2655 eius;
1331 2586 1428 2639 hoc
1458 2591 1559 2645 est,
1592 2581 1721 2650 Quia
1753 2581 2068 2681 perstringo,

497 2685 618 2752 quia
653 2697 837 2752 arguo,
871 2681 990 2735 ideo
1016 2678 1231 2733 odiosus
1259 2692 1396 2730 sum.
1421 2675 1555 2729 Hinc
1581 2674 1898 2735 ediscamus,
1926 2670 2076 2724 cohi-

497 2773 724 2829 bendam
755 2788 872 2828 esse
911 2773 1041 2826 iram
1071 2780 1124 2825 et
1162 2769 1597 2839 indignationem,
1631 2765 1836 2820 etiamsi
1877 2763 2072 2833 abjecti

493 2868 602 2920 sint
628 2867 715 2935 qui
745 2864 872 2919 dant
896 2863 1197 2918 consilium.
1229 2861 1356 2915 Nam
1379 2860 1422 2914 si
1449 2876 1552 2914 non
1579 2857 1910 2913 credentium
1942 2871 2071 2910 con-

495 2959 669 3012 silium
698 2957 944 3012 Christus
979 2954 1248 3008 moderate
1280 2953 1415 3017 tulit,
1457 2951 1664 3006 etiamsi
1703 2949 1789 3004 illa
1820 2949 2070 3004 consule-

494 3061 634 3115 rent,
667 3066 783 3120 qua:
819 3065 922 3102 non
953 3047 1231 3110 decebant,
1270 3046 1429 3113 idque
1452 3059 1557 3098 non
1587 3059 1655 3097 ex
1683 3043 1823 3096 bono
1852 3041 2068 3107 animo;

493 3162 651 3214 quam
681 3159 776 3198 nos
801 3156 1188 3210 consequemur
1223 3139 1452 3203 veniam,
1495 3138 1582 3208 qui
1617 3153 1801 3191 sumus
1841 3145 1977 3191 terra
2019 3143 2074 3190 et

493 3238 648 3299 cinis,
687 3245 749 3288 et.
767 3233 1103 3287 consulentes
1152 3231 1331 3300 iniquo
1358 3231 1535 3284 animo
1579 3229 1815 3291 ferimus,
1862 3228 2072 3282 etiamsi

493 3327 683 3396 abjecti
710 3336 764 3380 et
799 3325 933 3380 viles
963 3324 1174 3394 quidam
1217 3323 1322 3375 sint
1351 3321 1445 3386 illi,
1485 3335 1598 3375 rem
1646 3319 1913 3390 indignam
1953 3335 2072 3374 esse

493 3425 738 3486 putantes
757 3416 783 3457 ν
823 3412 1199 3468 Animadverte
1229 3427 1356 3482 ergo
1384 3428 1502 3468 cum
1531 3420 1722 3482 quanta
1770 3421 2074 3466 mansuetu-

492 3509 616 3562 dine
663 3504 1086 3561 criminationem
1133 3503 1427 3572 propulset.
1482 3503 1611 3556 Nam
1663 3518 1783 3556 cum
1833 3502 2074 3556 dicerent

492 3602 588 3666 illi,
622 3600 896 3668 Manifesta
925 3599 1135 3669 teipsum
1157 3596 1384 3660 mundo;
1413 3596 1699 3664 reSpondet
1727 3613 1740 3650 :
1770 3595 1892 3648 Non
1913 3605 2072 3665 potest

493 3697 710 3749 mundus
737 3693 897 3747 odisse
920 3707 1026 3757 vos,
1055 3708 1132 3744 me
1174 3700 1337 3744 autem
1383 3691 1531 3753 odit;
1574 3705 1757 3744 eorum
1797 3689 2072 3759 depellens

492 3788 906 3842 accusationem.
939 3785 1165 3840 Tantum
1195 3785 1364 3848 abest,
1400 3784 1586 3853 inquit,
1624 3793 1680 3837 ut
1707 3799 1941 3853 quaeram
1968 3783 2069 3837 lto-

492 3883 693 3936 minum
743 3879 986 3950 gloriam,
1037 3887 1095 3931 ut
1143 3894 1247 3931 non
1303 3878 1460 3931 finem
1513 3877 1699 3932 faciam
1748 3877 2069 3947 coarguendi

492 3973 650 4037 illos;
680 3969 886 4026 etiamsi
930 3970 1165 4024 noverim
1197 3970 1323 4024 mihi
1354 3969 1478 4023 hinc
1507 3980 1559 4023 et
1596 3971 1772 4050 odium
1796 3980 1850 4025 et
1885 3986 2067 4026 necem

490 4065 754 4133 apparari.
788 4062 852 4118 Et
888 4062 996 4128 ubi,
1041 4064 1263 4132 inquies,
1311 4064 1547 4133 coarguit
1580 4065 1711 4117 eos?
1748 4063 1860 4119 lmo
1902 4083 2069 4133 quan-

491 4156 684 4209 donant
733 4153 834 4208 hoc
875 4152 1051 4209 facere
1083 4154 1352 4208 cessavit?
1403 4170 1579 4210 nonne
1621 4155 1848 4222 dicebat,
1895 4156 2069 4210 Nolite

491 4257 672 4318 putare
698 4248 815 4316 quia
840 4262 924 4300 vos
951 4257 1279 4300 accusaturus
1305 4263 1414 4298 sum
1434 4248 1573 4316 apud
1602 4246 1809 4300 Patrem
1837 4265 1854 4302 :
1882 4261 1953 4302 est
1983 4252 2069 4320 qui

491 4352 693 4394 accusat
715 4357 800 4394 vos
830 4339 1064 4410 Moyses;
1091 4349 1163 4404 et,
1192 4339 1299 4410 Ego
1328 4342 1534 4409 cognovi
1562 4357 1667 4400 vos.
1691 4343 1809 4410 quia
1838 4343 2067 4396 dilectio-

491 4453 605 4489 nem
634 4433 725 4487 Dei
754 4451 854 4487 non
895 4434 1121 4495 habetis;
1158 4443 1230 4496 et,
1282 4432 1547 4498 Quomodo
1591 4436 1795 4502 potestis
1841 4436 2063 4499 credere,

491 4529 575 4598 qui
619 4526 832 4596 gloriam
859 4526 920 4578 ab
944 4525 1226 4578 hominibus
1273 4526 1517 4594 accipitis,
1550 4536 1595 4578 et
1628 4527 1859 4595 gloriam,
1901 4543 2012 4595 qute
2035 4544 2067 4580 a

491 4616 599 4671 solo
627 4614 734 4669 Deo
763 4623 855 4678 est,
884 4631 984 4668 non
1012 4615 1275 4686 qua’ritis?
1310 4613 1498 4669 Viden’
1527 4617 1794 4684 quomodo
1824 4632 1917 4685 per
1952 4633 2067 4670 om-

492 4709 577 4760 nia
607 4705 921 4768 ostenderit,
966 4705 1146 4760 odium
1189 4705 1468 4758 adversum
1500 4721 1558 4759 se
1597 4720 1896 4777 susceptum
1944 4709 2067 4761 inde

493 4807 667 4854 ortum
699 4813 838 4859 esse,
870 4795 1010 4864 quod
1043 4797 1182 4864 ipsos
1211 4797 1375 4850 libere
1397 4796 1759 4865 redargueret,
1794 4814 1899 4851 non
1923 4799 2064 4867 quod

493 4889 768 4944 sabbatum
796 4887 1070 4942 solveret?
1093 4886 1201 4941 Cur
1237 4899 1410 4941 autem
1445 4886 1559 4940 illus
1589 4888 1651 4941 ad
1687 4888 1873 4942 festum
1907 4889 2066 4943 mittit

492 4981 677 5034 dicens
707 4978 804 5033 :8.
865 4976 961 5031 Vos
1006 4979 1257 5031 ascendite
1289 4977 1374 5029 -ad
1418 4977 1549 5030 diem
1599 4981 1794 5040 festum,
1831 4996 1922 5048 ego
1966 4996 2065 5033 non

491 5071 761 5124 ascendam
787 5069 954 5123 adhuc
974 5069 1000 5122 ?
1027 5068 1097 5124 Ut
1129 5067 1373 5123 ostendat
1399 5083 1457 5122 se
1488 5084 1590 5122 non
1629 5071 1715 5123 illa
1754 5071 1973 5135 dixisse,
2005 5087 2064 5126 se

491 5161 778 5216 excusandi
809 5161 889 5214 vel
921 5159 1166 5212 adulandi
1193 5174 1371 5222 causa,
1408 5159 1500 5213 sed
1527 5170 1582 5212 ut
1613 5161 1941 5229 permitteret
1970 5161 2064 5215 Ju-

490 5253 673 5308 daicos
703 5267 918 5306 servare
945 5251 1095 5306 ritus.
1116 5250 1224 5305 Cur
1244 5267 1370 5321 ergo
1391 5251 1646 5316 ascendit,
1673 5268 1791 5307 cum
1820 5253 2058 5319 dixisset,

493 5343 614 5399 Non
642 5342 949 5398 ascendam?
967 5341 1082 5395 Νοη
1109 5341 1241 5396 dixit
1262 5343 1594 5411 simpliciter,
1616 5343 1730 5397 Non
1750 5345 2061 5411 ascendam;

491 5435 584 5488 sed
602 5434 764 5491 addit.
792 5432 966 5497 Nunc,
997 5433 1045 5486 id
1071 5442 1170 5495 est,
1193 5433 1496 5498 vobiscum;
1529 5433 1660 5501 Quia
1691 5436 1884 5505 tempus
1900 5453 2064 5489 meum

493 5525 713 5578 naiadum
738 5525 998 5594 impletum
1023 5533 1116 5577 est.
1145 5524 1303 5592 Atqui
1331 5525 1382 5576 in
1406 5525 1650 5593 proximo
1673 5518 1928 5580 Pascliate
1949 5542 2065 5582 cru-

488 5615 784 5685 ciﬁgendus
804 5625 939 5671 erat.
968 5615 1076 5671 Cur
1102 5630 1230 5686 ergo
1253 5631 1359 5670 non
1391 5616 1503 5687 ipse
1536 5617 1813 5671 ascendit?
1838 5618 1893 5673 Si
1918 5621 2059 5676 enim

551 5727 626 5787 ta)
656 5726 785 5801 Quod
803 5739 918 5796 vero
939 5727 1140 5801 {acubus
1169 5724 1318 5797 frater
1341 5726 1525 5801 Domini
1552 5740 1616 5798 ex
1636 5711 1838 5801 numero
1861 5727 2060 5801 fratrum

491 5797 590 5838 Iun
621 5789 924 5837 credentium
947 5789 1108 5847 fuerit,
1135 5789 1301 5839 nescio
1318 5802 1379 5838 an
1398 5788 1521 5838 alius
1538 5790 1773 5852 quispiam
1796 5791 1993 5842 dixerit.

3657 359 3762 414 272

2195 474 2301 513 non
2332 461 2750 531 ascendit,quod
2778 466 3013 520 nondum
3041 475 3245 538 tempus
3273 482 3434 536 esset,
3470 491 3572 532 non
3603 496 3766 548 opor-

2191 551 2335 604 tebat
2360 553 2577 607 omnino
2601 555 2914 610 ascendere.
2938 557 3132 612 Verum
3170 575 3271 614 non
3301 563 3418 616 ideo
3447 571 3682 624 ascendit
3711 581 3764 626 ut

2192 653 2480 709 pateretur,
2509 646 2602 700 sed
2642 658 2698 700 ut
2737 647 2858 703 illos
2892 650 3146 707 erudiret.
3186 653 3293 708 Cur
3319 657 3453 712 clam
3493 665 3764 719 ascendit?

2189 731 2318 786 Nam
2347 745 2552 802 poterat
2579 737 2751 805 palam
2773 739 3063 796 ascendere
3088 751 3141 795 et
3168 743 3219 796 in
3243 746 3418 800 medio
3447 751 3761 815 consistere,

2188 827 2582 898 violentumque
2621 831 2826 885 illorum
2881 834 3134 904 impetum
3183 852 3467 906 coercere,
3527 852 3584 897 ut
3623 859 3762 915 smpc

2189 918 2330 973 fecit.
2355 921 2457 974 Sed
2482 923 2692 976 nolebat
2717 924 2766 977 id
2791 925 3115 995 frequentius
3142 927 3336 986 facere.
3367 932 3496 987 Nam
3517 935 3562 989 si
3593 938 3762 1005 palam

2187 1011 2532 1075 ascendisset,
2564 1029 2853 1083 rursusque
2879 1017 2999 1072 illos
3023 1022 3170 1087 quasi
3199 1035 3369 1076 caecos
3389 1026 3760 1095 continuisset,

2185 1102 2513 1157 divinitatem
2545 1119 2696 1159 suam
2726 1107 2921 1163 clarius
2948 1109 3279 1166 exhibuisset
3305 1124 3427 1170 ante
3450 1127 3678 1186 tempus,
3708 1130 3760 1174 et

2186 1196 2353 1265 magis
2393 1196 2516 1251 inde
2546 1199 2835 1254 revelasset
2877 1216 3018 1258 eam.
3064 1203 3194 1258 Cum
3225 1221 3351 1261 vero
3402 1220 3645 1278 putarent
3687 1214 3757 1268 illi

2184 1282 2357 1352 ipsum
2387 1297 2531 1340 metu
2561 1287 2806 1354 detineri,
2851 1303 3036 1346 contra
3084 1296 3317 1350 ostendit
3355 1313 3414 1352 se
3452 1309 3506 1354 et
3537 1301 3757 1358 fidenter

2182 1387 2237 1428 et
2265 1376 2554 1445 prudenter
2575 1394 2754 1450 agerc,
2783 1390 2838 1436 et
2857 1397 3075 1452 gnarum
3105 1389 3357 1455 temporis
3377 1406 3482 1459 quo
3510 1407 3758 1460 passurus

2183 1478 2326 1523 esset
2351 1486 2364 1534 ;
2395 1471 2486 1525 illo
2513 1472 2847 1540 adveniente,
2876 1490 2935 1530 se
2963 1477 3101 1530 ultro
3122 1478 3504 1551 Jerosolymam
3537 1499 3757 1542 conces-

2183 1574 2363 1615 surum
2396 1578 2534 1618 esse.
2573 1565 2696 1619 Mihi
2726 1581 2884 1636 porro
2921 1569 3129 1625 videtur
3158 1572 3309 1640 illud,
3351 1573 3452 1630 Vos
3482 1581 3753 1646 ascendite,

2182 1651 2286 1706 hoc
2312 1653 2413 1709 sibi
2457 1656 2592 1711 velle
2621 1677 2634 1712 :
2659 1657 2739 1713 Ne
2771 1661 2965 1727 putetis
2990 1677 3078 1716 me
3106 1678 3200 1717 vos
3228 1679 3421 1735 cogere
3464 1681 3518 1723 ut
3550 1687 3756 1726 mecum

2181 1742 2328 1796 inviti
2361 1747 2622 1800 maneatis
2652 1765 2666 1803 :
2694 1762 2814 1802 cum
2831 1759 3008 1805 autem
3029 1752 3193 1818 addit,
3225 1755 3471 1811 Nondum
3495 1761 3755 1830 impletum

2179 1844 2251 1887 est
2278 1845 2471 1904 tempus
2501 1854 2684 1904 meum,
2715 1839 2815 1895 hoc
2841 1842 3157 1910 significare,
3187 1847 3328 1914 quod
3366 1850 3570 1905 scilicet
3592 1867 3754 1923 opor-

2181 1932 2288 1979 teat
2318 1928 2465 1996 sigua
2492 1929 2624 1994 fieri,
2658 1940 2712 1985 et
2732 1934 3015 1989 conciones
3044 1933 3249 2004 haberi,
3283 1939 3351 1993 ita
3383 1951 3440 1995 ut
3466 1958 3527 1996 ex
3561 1946 3754 2015 populo

2181 2017 2348 2071 multo
2374 2020 2549 2086 plures
2567 2023 2868 2090 crederent,
2892 2034 2948 2080 et
2969 2025 3215 2096 discipuli
3235 2031 3479 2087 videntes
3499 2046 3751 2091 constan-

2181 2108 2306 2162 tiam
2338 2109 2690 2183 fiduciamque
2715 2115 2944 2184 Magistri
2974 2119 3077 2184 sui,
3106 2129 3263 2191 atque
3288 2137 3380 2178 eos
3401 2141 3535 2194 quos
3563 2143 3748 2196 passus

2178 2210 2260 2255 est
2283 2203 2568 2269 cruciatus,
2593 2205 2858 2263 firmiores
2886 2211 3194 2270 evaderent.

2249 2294 2304 2347 5.
2346 2293 2640 2367 Benignitas
2681 2300 2869 2355 Christi
2911 2303 3175 2359 imitanda.
3200 2307 3357 2362 —Ex
3401 2324 3558 2380 supra
3598 2312 3751 2367 dictis

2180 2401 2342 2456 porro
2383 2391 2499 2457 ejus
2543 2390 2920 2462 benignitatem
2959 2405 3013 2450 et
3042 2401 3498 2456 mansuetudinem
3542 2404 3750 2460 edisca-

2179 2495 2297 2534 mus
2329 2497 2344 2534 :
2379 2481 2562 2537 Discite
2599 2502 2631 2537 a
2679 2503 2776 2554 me,
2807 2490 2926 2558 quia
2966 2492 3102 2544 mitis
3131 2509 3243 2546 sum
3284 2503 3331 2548 et
3368 2495 3574 2550 humilis
3603 2500 3751 2552 corde

2179 2571 2404 2641 (Matth.
2440 2575 2526 2629 Η.
2557 2575 2662 2649 29)
2691 2595 2704 2631 :
2736 2593 3055 2650 omnemque
3087 2585 3428 2640 acerbitatem
3468 2591 3741 2644 exscinda-

2177 2678 2315 2717 mus.
2348 2664 2401 2720 Si
2442 2667 2562 2736 quis
2591 2670 2744 2723 nobis
2779 2670 3130 2740 insultaverit,
3182 2691 3278 2730 nos
3325 2677 3593 2735 humiliter
3628 2698 3745 2752 aga-

2177 2770 2329 2821 mus;
2361 2757 2405 2812 si
2443 2760 2561 2828 quis
2602 2758 2852 2818 ferociter
2889 2767 3072 2836 egerit,
3127 2768 3296 2837 ipsum
3333 2773 3671 2842 mitigemus;
3702 2777 3746 2832 si

2175 2850 2543 2919 momorderit,
2577 2854 2868 2911 traduxerit
2906 2869 2960 2914 et
2997 2859 3263 2928 deriserit,
3311 2881 3378 2918 ne
3415 2867 3743 2938 dejiciamur,

2178 2957 2312 2997 neve
2340 2945 2508 2999 vicem
2537 2949 2830 3016 rependere
2849 2954 3106 3021 aggressi,
3148 2971 3246 3009 nos
3276 2960 3416 3026 ipsos
3445 2963 3743 3029 perdamus.

2175 3032 2309 3088 Fera
2341 3036 2537 3106 quippe
2575 3048 2657 3093 est
2695 3041 2792 3106 ira,
2829 3041 2936 3096 fera
2964 3046 3250 3102 vehemens
3274 3059 3326 3104 et
3351 3051 3567 3106 ardens.
3609 3055 3749 3109 Can-

2179 3134 2350 3181 temus
2392 3128 2571 3198 itaque
2622 3133 2773 3187 nobis
2815 3134 3007 3190 divinae
3053 3137 3340 3209 Scriptura:
3387 3145 3638 3209 carmina,
3694 3158 3744 3202 et

2175 3216 2414 3272 dicamus
2445 3236 2458 3271 :
2486 3219 2648 3276 Terra
2669 3231 2723 3277 et
2750 3225 2884 3279 cinis
2904 3242 2961 3280 es
2987 3228 3136 3298 (Gen.
3170 3232 3220 3285 5.
3255 3233 3367 3306 19),
3403 3235 3537 3300 Quid
3568 3254 3745 3306 super-

2177 3309 2247 3362 bit
2275 3321 2406 3362 terra
2429 3322 2475 3364 et
2512 3314 2639 3367 cinis
2665 3312 2772 3380 (Ib.
2804 3317 2889 3371 18.
2916 3317 3006 3371 27.
3037 3318 3194 3374 Eccli.
3233 3324 3319 3378 1t).
3351 3325 3405 3394 9)
3426 3326 3448 3378 ?
3472 3334 3546 3393 et,
3577 3326 3747 3396 lmpe~

2176 3410 2255 3454 tus
2286 3402 2394 3466 iraa,
2421 3404 2568 3456 ruina
2601 3415 2671 3458 est
2700 3405 2777 3458 illi
2805 3407 2993 3475 (Eccli.
3020 3411 3071 3464 1.
3111 3410 3200 3466 28.
3245 3413 3374 3478 22);
3407 3423 3480 3478 et,
3535 3416 3622 3470 Vir
3647 3420 3745 3471 ira-

2175 3493 2389 3557 cundus,
2424 3512 2524 3548 non
2551 3497 2802 3551 modestus
2831 3509 2903 3552 est
2940 3499 3120 3572 (Prov.
3149 3504 3234 3558 Η.
3279 3504 3391 3575 25).
3435 3507 3575 3562 Nihil
3604 3511 3745 3564 enini

2177 3587 2382 3656 turpius
2400 3587 2681 3644 furibundo
2693 3601 2925 3660 aspectu,
2947 3595 3076 3648 nihil
3094 3595 3519 3666 ingratius.Quod
3537 3603 3577 3656 si
3596 3617 3746 3673 aspe‘

2175 3688 2284 3744 ctu,
2324 3680 2490 3734 multo
2513 3683 2680 3751 magis
2713 3683 2908 3739 animo.
2940 3687 3391 3752 Quemadmodum
3431 3695 3571 3748 enim
3603 3711 3746 3750 com-

2176 3781 2318 3826 moto
2343 3788 2498 3828 emno
2523 3773 2679 3830 faetor
2707 3775 2993 3832 effunditur
3031 3798 3042 3832 :
3078 3781 3154 3835 sic
3176 3784 3354 3838 animo
3379 3786 3454 3840 ira
3485 3798 3741 3855 permoto,

2174 3867 2336 3920 multa
2366 3868 2567 3922 orietur
2597 3870 2864 3939 turpitudo
2887 3880 2942 3925 et
2968 3872 3230 3928 molestia.
3259 3877 3347 3942 At,
3383 3878 3603 3948 inquies,
3639 3898 3743 3935 non

2175 3955 2287 4011 fero
2327 3960 2706 4014 contumeliam
2731 3961 2799 4015 ab
2827 3962 3054 4017 inimicis
3096 3965 3316 4019 illatam.
3364 3967 3513 4022 Cur?
3541 3986 3741 4040 qmeso.

2172 4049 2304 4104 Nam
2335 4051 2377 4104 si
2407 4067 2532 4106 vere
2557 4051 2704 4117 dicit,
2735 4054 2892 4108 etiam
2921 4069 3101 4110 coram
3147 4057 3237 4112 illo
3265 4063 3546 4131 compungi
3582 4079 3743 4134 Opur-

2175 4150 2330 4205 teret,
2372 4150 2424 4195 et
2448 4142 2670 4211 gratiam
2703 4143 2800 4212 ipsi
2830 4145 3060 4212 habere;
3106 4148 3185 4201 sin
3217 4164 3344 4204 vero
3388 4153 3656 4220 mentitur,
3693 4155 3740 4208 id

2171 4243 2474 4288 contemne.
2525 4234 2817 4305 Pauperem
2871 4239 3064 4293 vocat?
3110 4239 3263 4295 Ride.
3321 4242 3605 4312 Ignubilem
3658 4248 3741 4302 vel

2171 4325 2389 4379 stultum
2417 4327 2684 4396 appellat?
2725 4327 3015 4398 lngemisce
3042 4347 3136 4399 pro
3161 4333 3269 4388 illo.
3301 4333 3452 4399 Nam,
3496 4335 3596 4402 Qui
3621 4339 3742 4390 dicit

2171 4419 2320 4485 fratri
2359 4433 2472 4484 suo,
2520 4417 2704 4484 Fatue,
2736 4437 2849 4473 reus
2891 4423 2984 4475 erit
3021 4424 3413 4496 gehennteiguis
3443 4428 3654 4497 (Matth.
3685 4433 3735 4486 5.

2170 4505 2284 4576 22).
2316 4509 2375 4561 Si
2401 4511 2777 4565 contumeliam
2808 4512 3021 4578 inferat,
3053 4518 3225 4585 cogita
3255 4519 3570 4586 supplicium
3601 4521 3740 4591 quod

2170 4597 2342 4667 ipsum
2386 4610 2583 4664 manet,
2621 4616 2718 4656 nec
2764 4602 2923 4658 modo
2964 4604 3097 4659 iram
3124 4606 3417 4672 eohibebis,
3459 4612 3550 4664 sed
3581 4613 3739 4667 etiam

2171 4689 2430 4760 lacrymas
2475 4691 2735 4746 eﬂ'undes.
2782 4693 2964 4764 Neque
3007 4698 3147 4752 enim
3193 4701 3426 4754 irritatur
3479 4705 3738 4774 quispiam

2170 4792 2354 4836 contra
2390 4784 2805 4853 febricitantem,
2835 4799 2925 4841 aut
2945 4799 3098 4843 acuto
3120 4792 3305 4846 morbo
3335 4794 3736 4860 inflammatum,

2169 4873 2262 4927 sed
2290 4875 2491 4929 similes
2535 4877 2678 4930 viros
2707 4879 2988 4934 miseratur
3021 4891 3075 4934 et
3119 4883 3378 4951 deplorat.
3432 4886 3739 4957 Hujusmodi

2170 4975 2250 5019 est
2277 4967 2393 5020 irati
2420 4970 2646 5022 animus.
2665 4970 2766 5025 Sed
2788 4972 2831 5026 si
2860 4974 2937 5026 vis
2961 4983 3011 5029 te
3029 4975 3228 5039 ulcisci,
3250 4986 3387 5046 tace,
3412 4990 3464 5034 et
3482 4995 3740 5052 Opportu-

2169 5071 2290 5110 nam
2313 5058 2412 5128 ipsi
2433 5060 2640 5130 plagam
2662 5062 2885 5133 inﬂiges.
2911 5065 3001 5119 Sin
3025 5072 3399 5125 contumeliam
3422 5078 3738 5132 contumelia

2168 5146 2424 5216 depellas,
2457 5152 2627 5220 ignem
2652 5157 2992 5210 suceendisti.
3015 5159 3101 5223 At,
3133 5159 3354 5229 inquies,
3383 5165 3425 5217 si
3452 5177 3736 5236 taceamus,

2171 5240 2342 5307 pusilli
2373 5242 2534 5295 animi
2571 5259 2873 5314 arguemur.
2900 5247 3014 5303 Non
3042 5258 3093 5302 te
3123 5252 3296 5319 pusilli
3337 5256 3494 5309 animi
3522 5273 3739 5313 accusa-

2169 5328 2318 5395 bunt,
2346 5333 2438 5387 sed
2469 5335 2855 5406 philosophiam
2886 5350 3026 5394 tuam
3057 5342 3402 5399 mirabuntur.
3432 5347 3486 5401 Si
3519 5364 3645 5404 vero
3673 5366 3738 5405 ex

2167 5425 2480 5478 contumelia
2529 5426 2893 5494 inflammeris,
2945 5431 3119 5486 locum
3159 5436 3308 5490 dabis
3358 5441 3573 5507 putandi
3613 5456 3738 5496 vera

2166 5527 2285 5568 esse
2308 5531 2426 5585 quae
2455 5517 2796 5587 objiciuntur.
2823 5522 2950 5587 Cur,
2980 5539 3182 5593 quaeso,
3212 5528 3350 5583 ridet
3379 5530 3534 5587 dives
3567 5535 3656 5602 qui
3682 5549 3740 5588 se

2169 5619 2454 5674 pauperem
2481 5613 2730 5680 appellari
2755 5614 2941 5670 audit?
2960 5631 3134 5672 annon
3157 5621 3276 5689 quia
3302 5623 3415 5691 ipse
3441 5626 3539 5678 scit
3556 5639 3613 5680 se
3634 5641 3738 5681 non

2167 5711 2286 5751 esse
2311 5703 2632 5770 pauperem?
2658 5703 2730 5758 lta
2757 5714 2810 5760 et
2832 5721 2929 5760 nos
2951 5709 2995 5761 si
3017 5708 3083 5762 de
3103 5713 3433 5766 contumeliis
3451 5715 3738 5780 rideamus,

2169 5789 2270 5847 hoc
2309 5809 2675 5865 argumentum
2715 5798 2816 5851 erit
2852 5800 3160 5869 maximum,
3207 5817 3304 5857 nos
3339 5804 3459 5859 talis
3492 5805 3569 5862 rei
3613 5821 3739 5862 con-
