4084 6360
298 422 399 477 97!

303 546 509 618 μαστός
538 561 599 597 τε
651 544 949 613 γεγονέναι.
985 545 1176 600 Καίτοι
1228 564 1291 615 γε
1320 542 1466 601 οὗτοι
1505 550 1599 602 καὶ
1632 550 1689 601 ἐν
1722 548 1880 618 Κανᾷ

302 630 576 699 παρῆσαν,
610 629 704 681 τοῦ
731 628 873 682 οἴνου
909 630 1201 701 γενομένου
1222 647 1234 659 ·
1268 632 1381 684 ἀλλ’
1412 632 1561 684 οὐδὲν
1591 631 1879 685 ἀπώναντο

301 715 459 775 τέως.
492 711 662 767 Πόθεν
704 710 797 766 οὖν
842 714 1024 779 αὑτοῖς
1070 716 1104 786 ἡ
1151 716 1387 787 τοσαύτη
1440 716 1700 778 ἀπιστίας
1747 715 1879 767 Ἀπὸ

303 804 546 870 πονηρᾶς
588 797 814 869 γνώμης
846 811 873 839 ι
929 800 1023 854 καὶ
1074 801 1267 869 φθόνου
1301 820 1315 833 ·
1371 802 1433 855 τὸ
1468 802 1576 872 γὰρ
1625 800 1886 869 συγγενὲς

305 888 570 960 ὑπερέχον
622 886 781 940 εἴωθέ
830 905 949 950 πως
994 887 1396 957 διαφθονεῖσθαι
1448 889 1599 961 παρά
1665 889 1775 941 τῶν
1821 889 1881 941 οὑ

302 974 576 1025 τοιούτων.
604 971 775 1033 Τίνας
802 971 859 1024 δὲ
900 970 1133 1025 ἐνταῦθα
1166 971 1381 1041 λέγουσι
1414 976 1541 1037 τοὺς
1594 973 1879 1043 μαθητάς;

304 1055 410 1109 Τὸν
440 1055 595 1125 όχλον
618 1054 713 1108 τὸν
754 1055 1168 1127 παρεπόμενον,
1197 1057 1259 1109 οὑ
1293 1058 1418 1119 τοὺς
1443 1056 1669 1112 δώδεκα.
1699 1058 1763 1109 Τί
1788 1053 1881 1110 οῦν

302 1140 333 1191 6
365 1138 632 1209 Χριστός;
660 1139 803 1210 Ὅρα
853 1138 973 1202 πῶς
1009 1140 1297 1210 προσηνῶς
1327 1140 1481 1212 [2851
1525 1141 1876 1211 ἀπεκρίνατο.

304 1224 378 1276 Οὐ
412 1223 520 1293 7&9
564 1218 716 1276 εἶπεν
741 1240 757 1254 ο
797 1223 984 1294 Ὑμεῖς
1010 1224 1067 1277 δὲ
1098 1224 1243 1288 τίνες
1290 1225 1412 1278 ἐστὲ
1440 1224 1611 1277 ταῦτα
1641 1224 1881 1295 συμϐου-

302 1306 548 1370 λεύοντες
591 1308 685 1360 καὶ
737 1308 1124 1373 διδάσκοντεςς
1179 1307 1315 1362 ἀλλά
1360 1307 1455 1370 τίς
1503 1308 1563 1361 '0
1595 1308 1801 1376 καιρός
1846 1310 1881 1363 ό

302 1391 445 1461 ἐμὸς
477 1392 641 1445 οὔπω
677 1391 986 1460 πάρεστιν.
1030 1391 1296 1447 Ἐνταῦθά
1330 1410 1420 1462 μοι
1451 1392 1597 1445 δοκεῖ
1639 1393 1733 1445 καὶ
1760 1392 1879 1444 ἐτε-

306 1474 397 1544 ρόν
432 1492 486 1526 τι
524 1474 875 1528 αἰνίττεσθαι.
910 1476 1068 1537 Ἴσως
1113 1474 1222 1545 γάρ
1258 1474 1420 1528 αὑτὸν
1466 1475 1557 1527 καὶ
1588 1464 1879 1545 προδοῦναι

304 1558 648 1611 ἐϐουλεύοντο
668 1599 680 1618 ,
716 1556 1096 1627 βασκαίνοντες
1120 1600 1133 1621 ,
1164 1560 1277 1621 τοῖς
1328 1557 1619 1621 Ἰουδαίοις.
1651 1558 1739 1609 Διὸ
1786 1558 1880 1609 καὶ

302 1640 460 1694 τοῦτο
483 1641 757 1712 ἐμφαίνων
782 1642 966 1712 φησὶν,
1004 1642 1066 1694 Ὀ
1099 1641 1299 1708 καιρὸς
1325 1644 1357 1694 ὀ
1376 1641 1515 1709 ἐμὸς
1543 1643 1707 1695 οὔπω
1735 1640 1881 1709 πάρ-

303 1736 477 1778 εστι’·
510 1725 803 1790 τουτέστιν,
827 1728 855 1778 6
878 1725 971 1779 τοῦ
1002 1724 1234 1796 σταυροῦ
1279 1725 1372 1778 καί
1398 1725 1491 1777 τοῦ
1526 1725 1779 1778 θανάτου.
1812 1724 1879 1778 Τί

304 1803 397 1860 οὖν
431 1808 536 1878 πρὸ
572 1808 763 1881 καιροῦ
794 1808 1144 1877 κατεπείγετε
1191 1807 1432 1871 ἀνελεῖν;
1473 1809 1535 1861 '0
1568 1808 1637 1861 δὲ
1676 1807 1881 1875 καιρὸς

305 1894 339 1945 δ
366 1892 645 1960 ὑμέτερος
675 1892 931 1945 πάντοτε
973 1892 1204 1960 ἕτοιμός
1238 1892 1427 1945 ἐστιν.
1472 1892 1617 1944 Ὡσεί
1657 1891 1839 1960 ἔλεγεν
1860 1905 1873 1917 '

316 1974 507 2044 Ὑμεῖς
537 1977 641 2028 κᾶν
697 1977 784 2028 ἀεὶ
815 1979 1006 2046 συνῆτε
1037 1979 1149 2040 τοῖς
1186 1976 1489 2041 Ἰουδαίοις,
1513 1977 1613 2029 οὑκ
1646 1976 1879 2046 ἀναιρή-

309 2076 491 2111 σουσιν
520 2059 663 2129 ὑμᾶς
700 2059 768 2113 τὰ
811 2059 950 2113 αύτά
978 2058 1273 2127 ζηλοῦντας
1320 2060 1528 2122 αὑτοῖς·
1562 2059 1663 2129 ἐμὲ
1702 2059 1761 2112 δὲ
1788 2059 1880 2111 εὑ·

306 2141 443 2204 θέως
496 2142 844 2212 βουλήσονται
902 2142 1132 2195 ἀνελεῖν.
1162 2143 1325 2195 Ὥστε
1369 2143 1496 2213 ὑμῖν
1538 2142 1634 2211 μὲν
1661 2142 1749 2195 ἀεὶ
1784 2142 1879 2195 καὶ

306 2225 495 2295 καιρὸς
522 2228 755 2278 συνεῖναι
795 2226 869 2297 μὴ
896 2226 1320 2280 κινδυνεύουσιν·
1353 2227 1478 2297 ἐμοὶ
1510 2226 1567 2279 δέ
1604 2226 1723 2279 τότε
1753 2243 1878 2280 και-

307 2307 434 2376 ρὸς,
462 2308 589 2361 ὅταν
622 2310 649 2360 6
682 2306 773 2360 τοῦ
832 2308 1064 2380 σταυροῦ
1098 2310 1286 2381 καιρὸς
1334 2313 1559 2379 ἐπιστῇ,
1609 2310 1737 2363 ὅταν
1780 2308 1877 2380 δέῃ

304 2391 612 2444 ἀποθανεῖν.
646 2392 754 2444 Καὶ
784 2393 890 2461 7&9
931 2394 1011 2446 ὅτι
1049 2395 1207 2447 τοῦτο
1260 2394 1427 2462 λέγει,
1459 2393 1616 2462 δῆλον
1648 2393 1734 2446 διὰ
1780 2394 1878 2463 τῆς

304 2475 597 2544 ἐπαγωγῆς
630 2475 658 2513 δ
685 2491 697 2504 °
741 2478 821 2528 Οὐ
862 2475 1109 2530 δύναται
1157 2480 1189 2531 ό
1218 2479 1444 2546 κόσμος
1472 2477 1675 2545 μισεῖν
1700 2475 1874 2544 ὑμᾶς.

304 2557 429 2620 Πῶς
456 2556 564 2628 γὰρ
600 2559 723 2618 τοὺς
768 2560 833 2612 τά
865 2558 1002 2612 αύτά
1035 2559 1416 2630 βουλομένους,
1461 2560 1555 2613 καὶ
1601 2560 1740 2630 ὑπὲρ
1770 2558 1879 2612 τῶν

303 2640 483 2694 αὐτῶν
516 2641 839 2712 τρέχονταςς
895 2643 1025 2711 Ἐμὲ
1052 2643 1121 2696 δὲ
1161 2642 1357 2710 μισεῖ,
1384 2643 1473 2696 ὅτι
1497 2642 1723 2713 ἐλέγχω
1766 2645 1876 2697 αὑ-

303 2727 444 2789 τὸν,
508 2724 599 2779 ὅτι
647 2725 880 2795 πονηρά
936 2730 1095 2781 εἰσιν
1153 2727 1338 2781 αὐτοῦ
1392 2726 1463 2781 τὰ
1507 2728 1693 2797 ἔργα,
1751 2744 1877 2780 του-

302 2812 517 2873 τέστιν,
555 2811 639 2863 ὅτι
669 2811 1035 2881 Καθάπτομαι
1066 2814 1158 2865 καὶ
1197 2811 1402 2882 ἐλέγχω
1425 2851 1440 2874 ,
1467 2811 1555 2865 διά
1578 2810 1736 2864 τοῦτο
1787 2829 1879 2881 μι-

305 2894 521 2964 σοῦμαι.
564 2895 693 2948 Ἀπὸ
732 2895 934 2949 τούτων
986 2896 1366 2965 παιδευώμεθα
1418 2898 1639 2966 κρατεῖν
1685 2896 1875 2966 ὀργῆς,

302 2980 399 3030 καὶ
425 2979 499 3049 μὴ
525 2976 907 3042 ἀναξιοπαθεῖν
932 3018 948 3040 ,
984 2978 1085 3032 κᾶν
1118 2978 1353 3042 εὐτελεῖς
1399 2972 1531 3033 ὦσιν
1558 2981 1607 3033 οί
1634 2979 1876 3050 συμϐου-

303 3060 567 3125 λεύοντες.
592 3063 656 3116 Εἰ
681 3063 787 3132 γὰρ
811 3063 936 3126 τοὺς
970 3063 1028 3116 οὐ
1056 3062 1406 3126 πιστεύοντας
1437 3065 1466 3116 ὁ
1483 3063 1715 3132 Χριστος
1743 3079 1880 3132 συμ-

303 3144 657 3209 ϐουλεύοντας
687 3147 884 3215 ῆνεγκε
926 3146 1115 3216 πράως
1140 3187 1156 3211 ,
1185 3147 1277 3199 καὶ
1313 3146 1775 3217 συμϐουλεύοντας
1809 3145 1880 3199 τά

305 3227 380 3299 μὴ
406 3229 593 3283 δέοντα
610 3269 624 3283 .
656 3230 749 3281 καὶ
774 3228 1236 3298 συμϐουλεύοντας
1266 3230 1335 3283 τὰ
1360 3231 1459 3283 οὑκ
1484 3229 1593 3283 ἀπὸ
1618 3227 1878 3300 προαιρέ-

304 3325 441 3372 σεως
471 3307 677 3378 ἀγαθῆς
705 3348 718 3371 ,
744 3307 889 3371 τίνος
917 3309 1077 3379 ἡμεῖς
1094 3308 1391 3379 τευξόμεθα
1424 3308 1750 3378 συγγνώμης
1772 3348 1786 3373 ,
1806 3308 1878 3377 γῆ

302 3387 396 3440 καὶ⁵
434 3388 623 3451 σποδὸς
670 3388 856 3453 ὅντες,
908 3405 999 3440 και
1041 3389 1175 3459 πρὸς
1226 3391 1351 3451 τοὺς
1393 3389 1877 3459 συμϐουλεύοντας,

299 3467 778 3538 δυσχεραίνοντες,
827 3467 932 3521 κᾶν
988 3468 1164 3535 ὀλίγον
1214 3468 1583 3540 εὐτελέστεροι
1638 3472 1685 3523 οἱ
1722 3469 1880 3522 τοῦτο

301 3545 581 3609 ποιοῦντες
608 3540 741 3598 ὦσιν
766 3585 781 3610 ,
832 3547 1046 3612 ἀνάξιον
1086 3549 1294 3601 ἑαυτῶν
1340 3548 1636 3618 ἡγούμενοι
1680 3549 1877 3613 τοῦτο;

302 3626 499 3679 Σκόπει
523 3624 653 3692 γοῦν
675 3625 794 3688 πῶς
820 3630 956 3694 μετά
981 3626 1288 3696 πραότητος
1313 3626 1494 3697 πάσης
1512 3627 1879 3697 ἀποκρούεται

299 3705 398 3776 τὴν
422 3706 777 3776 κατηγορίαν.
806 3705 1081 3759 Εἰπόντων
1108 3709 1216 3778 7&9
1247 3708 1491 3770 ἐκείνων,
1523 3709 1881 3775 Φανέρωσον

300 3789 564 3842 σεαυτὸν
600 3787 679 3853 τῷ
732 3788 937 3858 κόσμῳ
960 3828 974 3851 ,
1016 3790 1174 3853 αὑτός
1207 3806 1404 3861 φησιν’
1446 3792 1527 3844 Οὐ
1557 3790 1805 3844 δύναται
1846 3794 1880 3845 ό

302 3874 530 3939 κόσμος
561 3868 719 3941 ὑμᾶς
771 3871 975 3939 μισεῖν
1005 3911 1019 3936 ,
1077 3872 1180 3941 ἐμὲ
1228 3872 1296 3926 δὲ
1346 3876 1378 3927 ὀ
1415 3874 1645 3943 κόσμος
1680 3874 1875 3943 μισεῖ·

298 3955 539 4023 ἀναιρῶν
559 3955 735 4009 αὐτῶν
755 3955 852 4028 τὴν
879 3957 1228 4027 κατηγορίαν.
1250 3957 1513 4012 Τοσοῦτον
1537 3958 1644 4030 γὰρ
1666 3960 1876 4031 ἀπέχω,

301 4040 456 4110 φησὶ,
489 4038 671 4111 ζητεῖν
709 4038 806 4110 τὴν
835 4040 983 4110 παρά
1015 4039 1315 4111 ἀνθρώπων
1342 4041 1517 4106 δόξαν,
1553 4044 1635 4095 ὅτι
1667 4044 1728 4095 ού
1762 4043 1878 4097 δια-

297 4123 554 4195 λιμπάνω
584 4124 821 4194 ἐλέγχων
854 4124 1048 4187 αύτούς
1069 4139 1081 4152 ⁸
1111 4124 1202 4176 καὶ
1227 4123 1399 4178 ταῦτα
1436 4124 1591 4189 εἰδὼς
1635 4130 1790 4195 μῖσος
1815 4130 1880 4180 ἐκ

296 4206 489 4259 τούτου
546 4206 863 4277 τικτόμενον
886 4250 900 4270 ,
930 4208 1023 4259 καὶ
1054 4208 1280 4261 θάνατον
1312 4209 1875 4280 κατασκευαζόμενον.

297 4291 411 4342 Καὶ
455 4290 557 4343 ποῦ
615 4289 804 4360 ῆλεγξε
836 4331 850 4353 ,
891 4290 1022 4359 φησί
1048 4306 1061 4354 ;
1114 4291 1248 4343 Πότε
1280 4291 1387 4362 γὰρ
1421 4292 1695 4344 ἐπαύσατο
1725 4292 1880 4345 τοῦτο

296 4370 508 4436 ποιῶν;
538 4370 659 4441 οὐχὶ
712 4371 862 4437 ἔλεγε
881 4385 895 4398 ·
924 4369 1021 4436 Μὴ
1066 4370 1292 4424 δοκεῖτε
1313 4412 1327 4433 ,
1359 4370 1449 4423 ὅτι
1481 4370 1595 4439 ἐγὼ
1627 4389 1878 4439 κατηγο-

288 4452 466 4523 ρήσω
493 4453 656 4523 ὑμῶν
685 4455 834 4522 πρὸς
858 4454 965 4508 τὸν
986 4454 1218 4523 Πατέρα
1238 4471 1251 4487 ο
1286 4454 1458 4507 ἔστιν
1478 4456 1511 4507 ὁ
1536 4453 1882 4522 κατηγορῶν

294 4535 468 4605 ὑμῶν
505 4536 799 4605 λίἰωϋσῆς⁹
842 4537 955 4603 καὶ,
996 4539 1137 4607 Ἐγὼ
1159 4537 1393 4608 ἔγνωκα
1421 4537 1604 4607 ὑμᾶς,
1640 4538 1730 4593 ὅτι
1764 4539 1880 4608 τὴν

295 4616 541 4685 ἀγάπην
565 4616 672 4671 τοῦ
715 4617 863 4671 Θεοῦ
906 4620 1018 4672 οὐκ
1055 4618 1223 4687 ἔχετε
1244 4635 1257 4649 ·
1299 4620 1425 4682 καὶ,
1456 4618 1589 4685 Πῶς
1615 4618 1880 4675 δύνασθε

292 4699 626 4763 πιστεύειν,
654 4696 843 4761 δόξαν
879 4698 1038 4765 παρὰ
1068 4697 1394 4765 ἀνθρώπων
1429 4699 1840 4767 λαμϐάνοντες
1862 4742 1877 4767 ,

292 4781 395 4834 καὶ
426 4782 540 4849 τὴν
560 4781 718 4851 παρὰ
742 4781 849 4835 τοῦ
871 4782 1062 4850 μόνου
1081 4781 1226 4834 Θεοῦ
1253 4784 1325 4834 οὐ
1352 4781 1700 4849 ζητοῦντες;
1729 4781 1880 4849 Εἶδες

293 4864 415 4927 πῶς
449 4864 615 4928 ἔδειξε
666 4864 754 4918 διὰ
810 4864 1027 4917 πάντων
1053 4907 1066 4927 ,
1104 4867 1185 4916 ὅτι
1239 4863 1299 4917 τὸ
1334 4865 1470 4936 πρὸς
1508 4867 1669 4919 αὑτὸν
1725 4870 1879 4935 μίσος

293 4948 467 5002 ἐποίει
518 4950 546 5001 6
597 4947 814 5019 ἐλεγχος
848 4948 876 4997 ὁ
930 4949 1514 5019 πεπαρρησιασμένος,
1548 4951 1645 5020 οὐχ
1700 4953 1732 5021 ἡ
1784 4952 1877 5004 τοῦ

294 5030 571 5085 σαϐϐάτου
620 5032 803 5095 λύσιςς
848 5030 912 5083 Τί
958 5031 1158 5100 δήποτε
1212 5031 1268 5083 δὲ
1301 5032 1496 5093 αὐτοὺς
1535 5034 1743 5102 πέμπει
1797 5036 1877 5097 εἰς

291 5116 395 5187 τὴν
421 5115 634 5187 ἑορτὴν,
668 5117 843 5185 λέγων
869 5132 883 5147 ·
942 5114 1217 5182 Ἀνάόητε
1244 5116 1331 5179 εἰς
1360 5114 1474 5182 τὴν
1497 5115 1731 5183 ἑορτὴν,
1765 5118 1880 5186 ἐγὼ

291 5203 409 5255 οὐκ
437 5202 737 5257 ἀναϐαίνω
767 5201 935 5271 ἄρτις
966 5202 1192 5264 Δεικνὺς
1213 5201 1294 5252 ὅτι
1320 5199 1492 5253 ταῦτα
1533 5199 1683 5254 εἶπεν
1710 5245 1723 5264 ,
1760 5203 1879 5274 οὐχὶ

290 5286 549 5356 δεόμενος
582 5285 761 5339 αὐτῶν
787 5324 802 5348 ,
834 5285 956 5339 οὑδέ
988 5283 1377 5339 κολακεύεσθαι
1430 5283 1631 5349 θέλων,
1674 5286 1807 5341 ἀλλὰ
1852 5299 1873 5327 ε

293 5369 597 5441 συγχωρῶν
646 5368 717 5422 τά
757 5368 1021 5422 Ἰουδαϊκὰ
1080 5370 1271 5421 ποιεῖν.
1324 5367 1447 5431 Πῶς
1502 5364 1595 5421 οὖν
1623 5411 1637 5431 ,
1689 5372 1875 5441 φησὶν,

290 5452 485 5522 ἀνέϐη.
515 5451 715 5517 είπὼν,
753 5453 874 5507 Οὐκ
912 5452 1245 5515 ἀναϐαινω;
1279 5452 1395 5504 Οὑκ
1422 5448 1575 5503 εἶπεν
1602 5453 1878 5520 καθάπαξ,

289 5536 413 5588 Ούκ
445 5535 720 5589 ἀναϐαίνω
744 5556 757 5567 ·
794 5535 958 5599 ἀλλὰ,
990 5534 1120 5589 Νῦν
1139 5574 1152 5597 ,
1186 5530 1342 5587 εἶπεν
1367 5574 1382 5599 ,
1423 5537 1708 5600 τουτέστι,
1757 5539 1877 5608 μεθ’

291 5616 486 5686 ὑμῶν·
519 5618 643 5671 ’Ότι
695 5621 726 5673 ό
762 5617 965 5687 καιρὸς
1005 5621 1037 5671 ό
1086 5618 1230 5688 ἐμὸς
1273 5618 1439 5672 οὔπω
1473 5622 1877 5691 πεπλήρωται.

290 5703 408 5755 Καὶ
438 5700 544 5772 μὴν
575 5701 655 5772 τῷ
716 5700 964 5772 μέλλοντι
1017 5701 1210 5773 Πάσχα
1249 5702 1617 5775 σταυροῦσθαι
1658 5706 1874 5775 ἔμελλε.

292 5785 422 5847 Πῶς
458 5781 553 5839 οὖν
587 5786 686 5839 οὑκ
721 5786 886 5856 ἀνέϐη
918 5785 1011 5839 καὶ
1045 5786 1203 5847 αὑτός
1227 5802 1241 5849 ;
1267 5788 1325 5839 El
1356 5789 1462 5859 7&9
1493 5789 1677 5859 ἐπειδὴ
1703 5792 1730 5843 6
1754 5808 1879 5844 και-

294 5870 391 5942 ρὸς
417 5868 571 5925 οὔπω
600 5872 779 5943 παρῆν
798 5911 813 5935 ,
844 5872 932 5925 διὰ
974 5871 1133 5925 τοῦτο
1161 5872 1261 5925 οὐκ
1309 5874 1476 5946 ἀνέϐη
1496 5917 1511 5941 ,
1540 5876 1706 5947 ἐχρῆν
1741 5876 1876 5947 μηδὲ

319 6016 336 6034 ,ξ
360 5971 387 5995 ⁸
410 5967 632 6034 Αὶ-ἰίηάπὸ
656 5973 1217 6034 πονηρᾶςπροαιρὲσεως.
1298 5971 1325 6010 5
1349 5972 1499 6022 εισι.
1521 5972 1663 6034 λέγει,
1685 5973 1764 6023 διὰ
1785 5977 1879 6025 τῶν

293 6030 401 6097 ﬁt:
765 6028 791 6063 ε’
834 6028 1005 6082 Moi'el.
1030 6028 1204 6085 ἀὐτῶν
1248 6044 1329 6098 τῆς
1377 6028 1629 6093 συνουσίας
1654 6028 1753 6088 *καὶ
1795 6043 1880 6098 τῆς

293 6093 454 6155 τιμῆς,
475 6093 633 6175 ἀλλά-¹

1255 427 1324 483 IN
1365 426 1681 483 JOANNEM
1722 423 1955 481 ﬂOMlL.
1999 424 2229 481 XLVI".
2272 429 2345 484 al.
2376 427 2581 485 XLVII.

3458 436 3562 493 9'79

1988 545 2137 619 [286]
2175 548 2309 612 ὅλως
2341 549 2626 621 ἀναϐῆναι.
2675 552 2812 606 Ἀλλ’
2852 554 2912 607 ού
2947 555 3033 609 διὰ
3068 555 3225 610 τοῦτο
3259 555 3560 621 ἀνέϐαινεν,

1987 630 2074 685 ῐνα
2108 632 2274 704 πάθῃ,
2308 634 2421 687 ἀλλ’
2460 635 2543 687 ἵνα
2569 636 2763 700 αὑτοὺς
2793 638 3078 712 παιδεύσῃ.
3104 640 3258 706 Τίνος
3300 641 3355 695 δέ
3382 641 3565 695 ἕνεκεν

1985 712 2196 787 λάθρας
2260 718 2372 771 Καὶ
2417 716 2525 788 γάρ
2554 718 2773 773 ἐδύνατο
2822 724 3072 793 φανερῶς
3107 722 3345 777 ἀνελθὼν
3397 726 3453 778 ἐν
3487 742 3567 795 τῳ

1987 800 2136 870 μέσῳ
2175 817 2235 853 τε
2264 796 2403 855 εἶναι
2428 840 2443 865 ,
2475 803 2570 857 καὶ
2599 804 2848 874 κατέχειν
2899 807 3076 859 αὑτῶν
3116 807 3215 877 τὴν
3244 808 3420 879 ὁρμὴν
3468 809 3567 877 τὴν

1981 883 2216 937 ἄτακτον
2243 924 2257 946 ,
2290 885 2318 938 ὅ
2371 885 2629 950 πολλάκις
2658 888 2938 957 ἐποίησεν.
2979 889 3117 942 Ἀλλ’
3163 892 3263 944 οὐκ
3314 890 3567 945 ἐϐούλετο

1984 966 2225 1037 συνεχῶς
2260 967 2417 1021 τοῦτο
2446 972 2640 1042 ποιεῖν.
2675 971 2739 1023 Εἰ
2773 971 2883 1040 7&9
2911 972 3109 1043 ἀνῆλθε
3144 975 3395 1044 φανερῶς
3418 1014 3433 1037 ,
3470 976 3565 1029 καὶ

1983 1050 2146 1102 πάλιν
2179 1051 2373 1115 αὐτοὺς
2399 1053 2676 1123 ἐπήρωσέ,
2715 1054 2976 1124 μειζόνως
3003 1055 3070 1109 ἂν
3089 1057 3188 1128 τὴν
3218 1058 3413 1112 ἐαυτοῦ
3444 1059 3563 1111 θεό-

1980 1150 2118 1201 τητα
2146 1132 2470 1203 διαλάμπειν
2499 1135 2693 1200 ἐποίει,
2723 1136 2753 1189 ὃ
2779 1138 2916 1201 τέως
2944 1139 3045 1193 οὐκ
3076 1139 3203 1203 ἔδει,
3242 1142 3335 1194 καὶ
3363 1141 3564 1209 μᾶλλον

1980 1217 2148 1288 αὑτὴν
2176 1218 2541 1284 ἐξεκάλυπτεν
2583 1218 2634 1273 ἀ.
2689 1221 2907 1292 Ἐπειδὴ
2960 1222 3016 1276 δὲ
3063 1223 3312 1294 ἐνόμιζον
3367 1226 3564 1281 ἐκεῖνοι

1978 1297 2178 1363 δειλίας
2203 1298 2340 1355 εἶναι
2369 1302 2431 1355 τὸ
2462 1302 2645 1373 μένειν
2671 1345 2687 1370 ,
2714 1304 2984 1359 δείκνυσιν
3024 1306 3186 1369 αὐτὸς
3230 1307 3562 1373 τούναντίον,

1980 1384 2076 1436 καὶ
2106 1383 2338 1455 θάρσους
2382 1384 2440 1438 ὃν
2471 1388 2564 1440 καὶ
2614 1387 2921 1459 οἰκονομίας
2947 1403 2963 1419 ο
2994 1389 3091 1441 καὶ¹
3129 1391 3210 1442 ὅτι
3250 1392 3340 1443 τὸν
3371 1392 3563 1462 καιρὸν

1980 1467 2246 1536 προειδὼς
2272 1467 2392 1521 καθ’
2430 1468 2491 1522 ὃν
2525 1470 2811 1537 πείσεται,
2844 1472 2933 1523 ὅτε
2965 1471 3148 1525 λοιπὸν
3178 1475 3374 1544 ἐπιστῇ
3396 1512 3411 1536 ,
3438 1475 3560 1527 τότε

1983 1552 2218 1621 μάλιστα
2257 1563 2280 1591 θ
2317 1552 2635 1625 βουλήσεται
2674 1557 2754 1618 είς
2792 1555 2860 1607 τά
2900 1556 3245 1627 Ἰεροσόλυμα
3272 1559 3557 1628 ἀναϐῆναι.

1991 1633 2145 1703 Ἐμοὶ
2168 1635 2223 1687 δὲ
2252 1635 2399 1688 δοκεῖ
2430 1637 2523 1689 καὶ
2560 1636 2637 1706 τῷ
2678 1638 2776 1706 μὲν
2809 1640 3005 1701 εἰπεῖν,
3048 1640 3329 1707 Ἀνάσητε
3362 1641 3556 1708 ὑμεῖς,

1978 1716 2134 1769 τοῦτο
2172 1716 2349 1787 λέγειν
2371 1735 2385 1748 °
2426 1720 2501 1789 μὴ
2533 1720 2814 1790 νομίσητε,
2847 1721 2928 1773 ὅτι
2961 1722 3255 1790 ἀναγκάζω
3285 1723 3428 1793 ὑμᾶς
3463 1726 3560 1777 σὺν

1978 1800 2102 1870 ἐμοὶ
2133 1800 2317 1871 μένειν
2348 1803 2422 1874 μὴ
2459 1803 2840 1875 βουλομένους·
2865 1805 2941 1874 τῷ
2966 1805 3023 1858 δὲ
3049 1807 3368 1874 ἐπαγαγεῖν,
3387 1807 3561 1860 Οὔπω

1977 1884 2363 1954 πεπλήρωται
2408 1889 2441 1939 ό
2468 1889 2671 1955 καιρός
2698 1905 2818 1956 μου
2842 1929 2857 1955 ,
2899 1889 3056 1959 δῆλον
3084 1892 3258 1943 ποιεῖν
3285 1929 3300 1954 ,
3333 1891 3415 1943 ὅτι
3453 1890 3561 1944 ἔδει

1978 1968 2074 2019 καὶ
2096 1971 2297 2039 σημεῖα
2318 1969 2596 2037 γενέσθαι,
2619 1972 2714 2025 καὶ
2741 1971 3081 2043 δημηγορίας
3111 1973 3390 2044 λεχθῆναι,
3419 1974 3561 2027 ὥστε

1978 2051 2073 2105 καί⁵
2110 2052 2299 2123 ὄχλους
2345 2054 2631 2108 πιστεῦσαι
2682 2055 2965 2121 πλείονας,
3016 2058 3108 2109 καὶ
3155 2058 3282 2120 τοὺς
3316 2056 3562 2128 μαθητὰς

1979 2136 2367 2208 στερροτέρους
2393 2138 2646 2207 γενέσθαι
2670 2178 2687 2205 ,
2717 2140 2814 2211 τὴν
2858 2140 3172 2212 παρρησίαν
3199 2142 3439 2212 ὁρῶντας
3466 2142 3560 2195 τοῦ

1976 2217 2319 2283 διδασκάλου,
2346 2223 2440 2274 καὶ
2470 2222 2613 2293 άπερ
2647 2222 2837 2276 ἔπαθε.

2047 2309 2116 2369 γ’.
2152 2303 2428 2375 Μάθωμεν
2446 2304 2627 2358 τοίνυν
2659 2306 2824 2359 αὑτοῦ
2852 2306 2958 2360 ἀπὸ
2988 2307 3098 2361 τῶν
3132 2309 3436 2379 εἰρημένων
3462 2311 3562 2382 τὴν

1977 2387 2312 2451 ἐπιείκειαν,
2351 2387 2449 2459 τὴν
2485 2390 2798 2460 πραότηταο
2844 2390 3071 2445 Μάθετε
3111 2392 3213 2446 ἀπ’
3252 2394 3437 2462 ἐμοῦ,
3469 2393 3561 2447 ὅτι

1977 2470 2164 2539 πρᾶός
2196 2472 2311 2540 ειμι
2364 2472 2463 2526 καὶ
2506 2474 2784 2539 ταπεινὸς
2825 2473 2900 2542 τῇ
2949 2476 3199 2544 καρδίᾳο
3235 2477 3329 2530 καὶ
3380 2479 3561 2531 πᾶσαν

1978 2555 2199 2624 πικρίαν
2227 2554 2545 2626 ἐκϐάλωμεν
2570 2555 2614 2611 τ.
2661 2557 2780 2610 Κᾶν
2803 2556 3092 2630 ἐπαίρηταί
3117 2576 3199 2622 τις
3228 2559 3346 2612 καθ’
3380 2560 3557 2630 ἡμῶν,

1976 2640 2136 2710 ἡμεῖς
2183 2642 2425 2693 ταπεινοί
2456 2639 2770 2710 γινώμεθαο
2808 2641 2910 2695 κᾶν
2956 2642 3289 2712 θρασύνηταί
3319 2660 3403 2705 τις
3426 2684 3441 2707 ,
3473 2643 3561 2694 θε-

1978 2722 2373 2794 ραπεύσωμεν·
2402 2723 2503 2777 κᾶν
2535 2724 2707 2797 δάκνῃ
2737 2725 2831 2779 καὶ
2870 2725 3133 2797 κατεσθίῃ
3160 2727 3426 2780 σκώπτων
3464 2727 3560 2779 καὶ

1976 2805 2253 2876 κωμῳδῶν
2278 2847 2293 2871 ,
2323 2807 2486 2877 ἡμεῖς
2521 2807 2595 2877 μὴ
2636 2807 2937 2878 νικώμεθα,
2972 2809 3046 2880 μὴ
3080 2811 3408 2880 ἀμυνόμενοι
3433 2812 3560 2863 ἐαυ-

1975 2891 2087 2952 τοῖς
2114 2889 2391 2960 ἀνέλωμεν
2421 2891 2665 2955 ἑαυτούς.
2707 2893 2817 2945 Καὶ
2858 2891 2965 2963 7&9
3006 2893 3191 2965 θηρίον
3219 2897 3366 2948 ἐστὶν
3401 2896 3429 2947 6
3463 2897 3559 2948 0U-

1979 2976 2080 3044 μὸς
2101 3016 2116 3040 ,
2167 2974 2355 3045 θηρίον
2382 2975 2475 3039 ὀξὺ
2508 2977 2603 3030 καὶ
2632 2975 2854 3047 θερμόν.
2893 2977 3208 3049 Ἐπᾴδωμεν
3233 2982 3410 3033 τοίνυν
3438 2982 3561 3033 ἐαυ-

1975 3061 2089 3121 τοῖς
2114 3058 2213 3122 τὰς
2241 3059 2350 3111 ἀπὸ
2375 3059 2477 3129 τῆς
2499 3060 2648 3124 θείας
2666 3060 2889 3131 Γραφῆς
2915 3061 3149 3131 ἐπῳδὰς,
3173 3063 3266 3116 καὶ
3290 3063 3558 3133 λέγωμεν,

1975 3142 2055 3196 ὅτι
2090 3143 2165 3214 Γῆ
2202 3137 2254 3195 εἴ
2292 3143 2387 3196 καὶ
2417 3144 2609 3207 σποδός
2634 3161 2649 3176 ο
2697 3146 2814 3208 καί,
2850 3145 2910 3198 Τί
2941 3147 3453 3214 ὑπερηφανεύεται
3484 3147 3559 3216 τῆ

1977 3225 2077 3279 καὶ
2099 3225 2369 3291 σποδός;
2404 3228 2517 3292 καὶ,
2549 3227 2631 3280 ὅτι
2673 3227 2735 3281 Ἠ
2774 3226 2938 3295 ῥοπὴ
2976 3228 3083 3283 τοῦ
3126 3229 3315 3296 θυμοῦ
3350 3230 3559 3291 αὐτοῦ,

1976 3310 2203 3377 πτῶσις
2253 3310 2448 3375 αὐτῷ’
2480 3310 2609 3374 καὶ,
2644 3312 2726 3364 ὅτι
2766 3309 2937 3379 Ἀνὴρ
2974 3311 3283 3380 θυμώδης,
3317 3314 3428 3366 οὐκ
3465 3316 3563 3365 εὺο

1976 3394 2250 3463 σχήμων.
2282 3394 2449 3446 Οὐδὲν
2477 3393 2585 3465 7&9
2605 3395 2958 3466 αἰσχρότερον
2981 3395 3157 3465 ὅψεως
3192 3395 3558 3466 θυμουμένης.

1976 3476 2128 3529 οὐδὲν
2184 3476 2608 3547 δυσειδέστερον.
2646 3478 2709 3530 Εἰ
2755 3477 2812 3530 δὲ
2866 3477 3081 3545 ὅψεως,
3124 3478 3302 3548 πολλῷ
3363 3478 3563 3549 μᾶλλον

1975 3559 2172 3629 ψυχῆς.
2219 3558 2488 3629 Καθάπερ
2515 3558 2621 3629 γὰρ
2647 3559 3068 3629 ἀνακυκωμένου
3099 3561 3359 3632 βορϐόρου
3387 3564 3411 3601 ⁸
3441 3562 3566 3615 δυσ-

1976 3642 2109 3696 ωδία
2134 3642 2289 3696 εἴωθε
2316 3642 2563 3710 γίνεσθαι
2585 3659 2601 3675 ο
2652 3642 2793 3696 οὑτω
2826 3643 3004 3714 ψυχῆς
3028 3645 3434 3715 ταραττομένης
3457 3646 3564 3699 ὑπὸ

1978 3726 2148 3796 θυμοῦ
2170 3768 2185 3792 ,
2219 3726 2386 3798 πολλὴ
2419 3727 2572 3780 ἔσται
2618 3728 2652 3796 ἡ
2701 3726 3053 3796 ἀσχημοσύνη
3087 3727 3179 3779 καὶ
3204 3729 3385 3798 ἀηδία.
3425 3729 3561 3781 Ἀλλ’

1977 3810 2036 3863 οὑ
2062 3810 2231 3882 φέρω,
2265 3811 2439 3881 φησὶ,
2474 3810 2571 3881 τὴν
2601 3809 2755 3880 παρά
2796 3810 2905 3862 τῶν
2944 3810 3151 3881 ἐχθρῶν
3196 3811 3373 3883 ὓϐριν.
3406 3813 3565 3875 Τίνος

1977 3894 2192 3954 ἓνεκενς
2229 3894 2372 3949 εἰπέ.
2399 3895 2497 3947 Ἂν
2528 3894 2625 3963 μὲν
2645 3894 2752 3962 γάρ
2777 3892 2981 3963 ἀληθὴς
3010 3889 3068 3965 ᾖ,
3098 3893 3192 3947 καὶ
3220 3894 3323 3966 πρὸ
3352 3895 3563 3947 ἐκείνου

1977 3974 2211 4045 ὀφείλεις
2245 3976 2702 4041 κατανύττεσθαι,
2739 3977 2833 4029 καὶ
2879 3977 3040 4047 χάριν
3086 3976 3229 4048 ἐχειν
3264 3977 3412 4048 αὑτῷ
3455 3978 3565 4031 τῶν

1978 4059 2215 4131 ἐλέγχων
2241 4077 2255 4090 ·
2289 4061 2355 4114 ἂν
2388 4060 2443 4113 δὲ
2478 4060 2681 4132 ψευδὴς
2700 4098 2716 4122 ,
2745 4061 3179 4131 καταφρόνησον.
3209 4057 3346 4117 Εἶπε
3397 4062 3565 4132 πένη-

1976 4160 2082 4208 τας
2118 4144 2526 4212 Καταγέλασον.
2556 4141 2692 4198 Εϊπε
2721 4144 2951 4215 δυσγενῆ
2981 4144 3012 4214 ἢ
3055 4145 3316 4217 ἀνόητονς
3369 4146 3566 4199 Στέναρ-

1979 4226 2066 4290 ξον
2102 4228 2241 4299 ὑπὲρ
2266 4228 2471 4282 ἐκείνου
2515 4228 2719 4282 λοιπόν.
2771 4228 2833 4282 Ὀ
2862 4227 2971 4298 7&9
3003 4228 3188 4282 εἰπὼν
3210 4228 3291 4293 τῷ
3322 4228 3564 4298 ἀδελφῷ

1977 4312 2195 4377 αὑτοῦ,
2244 4313 2434 4381 Μωρέ,
2475 4312 2690 4380 ἔνοχος
2714 4311 2886 4366 ἔσται
2910 4314 2997 4378 εις
3026 4311 3142 4380 τὴν
3171 4311 3422 4381 γέενναν
3454 4312 3562 4365 τοῦ

1977 4394 2189 4458 πυρός.
2225 4393 2394 4445 Ὅταν
2430 4386 2525 4445 οὖν
2554 4392 2753 4463 ὑϐρίσῃ
2778 4430 2791 4454 ,
2824 4391 3074 4460 ἐννόησον
3106 4392 3204 4459 τὴν
3231 4390 3449 4458 κόλασιν
3497 4394 3563 4464 ἥν

1979 4473 2298 4536 κολάζεται,
2332 4473 2424 4525 καὶ
2467 4471 2526 4525 ού
2562 4471 2719 4541 μόνον
2757 4470 2854 4540 οὑχ
2892 4471 3036 4535 ἕξεις
3064 4471 3267 4541 ὀργὴν,
3303 4470 3438 4524 ἀλλὰ
3472 4472 3564 4525 καὶ

1977 4553 2187 4623 δάκρυα
2212 4553 2459 4621 ἀφήσεις.
2489 4550 2622 4605 Οὑδέ
2669 4550 2777 4619 γὰρ
2824 4549 2961 4620 πρὸς
3005 4549 3095 4601 τὸν
3124 4550 3456 4620 πυρέττοντά
3480 4567 3565 4613 τις

1978 4630 2358 4703 παροξύνεται,
2389 4630 2514 4683 οὔτε
2549 4629 2687 4699 πρὸς
2712 4630 2804 4681 τὸν
2833 4628 3253 4697 φλεγμαίνοντα,
3277 4629 3391 4683 ἀλλ’
3422 4630 3564 4682 ἐλεεῖ

1979 4711 2184 4773 πάντας
2207 4712 2332 4773 τοὺς
2361 4709 2635 4773 τοιούτους
2657 4710 2751 4763 καὶ
2772 4708 3019 4779 δακρύει.
3043 4708 3295 4761 Τοιοῦτον
3315 4709 3423 4781 γάρ
3445 4710 3564 4762 ἐστι

1976 4793 2121 4862 ψυχὴ
2152 4790 2498 4864 ὀργιζομένη.
2544 4790 2704 4844 Ἀλλὰ
2729 4829 2743 4853 ,
2774 4789 2876 4842 κᾶν
2919 4788 3230 4858 ἀμύνασθαι
3268 4788 3462 4864 βούλῃ,
3492 4791 3568 4843 σίο

1979 4896 2146 4949 γησον
2171 4917 2186 4939 ,
2222 4876 2314 4930 καὶ
2348 4876 2568 4946 καιρίαν
2608 4875 2815 4936 ἔδωκας
2863 4872 3013 4943 αὐτῷ
3062 4874 3163 4943 τὴν
3199 4874 3434 4946 πληγήν.
3469 4877 3565 4928 Ἂν

1977 4961 2033 5015 δὲ
2085 4958 2352 5027 λοιδορίαν
2400 4958 2636 5030 λοιδορίᾳ
2694 4956 2936 5027 συνάψῃς
2963 4996 2979 5020 ,
3044 4956 3105 5009 τὸ
3161 4955 3275 5028 πῦρ
3329 4958 3564 5030 ἀνῆψας.

1981 5043 2132 5117 [287]
2172 5040 2308 5095 Ἀλλ’
2347 5042 2631 5095 ἀσθένειαν
2662 5040 3166 5109 καταγινώσκουσιν
3197 5042 3249 5093 οί
3277 5043 3567 5111 παρόντες,

1979 5129 2163 5199 φησὶν,
2194 5127 2259 5180 ἂν
2290 5128 2620 5197 σιγήσωμεν.
2647 5126 2762 5178 Οὐκ
2791 5124 3074 5179 ἀσθένειαν
3103 5124 3564 5193 καταγνώσονται,

1977 5211 2091 5265 ἀλλ’
2126 5211 2220 5264 ἐπὶ
2254 5210 2540 5281 φιλοσοφίᾳ
2586 5208 2977 5279 θαυμάσονται.
3024 5209 3121 5261 Ἂν
3175 5208 3232 5261 δὲ
3290 5208 3570 5278 ὑϐρισθεὶς

1976 5295 2180 5365 δηχθῇς
2201 5337 2217 5360 ,
2245 5293 2476 5366 ὕϐρισας
2499 5310 2514 5325 ⁶
2542 5293 2762 5363 δηχθεὶς
2794 5292 2871 5359 δέ,
2910 5291 3243 5361 ἀναγκάζεις
3280 5292 3453 5361 ἀληθῆ
3484 5309 3570 5345 νο-

1981 5378 2235 5447 μίζεσθαι
2268 5380 2336 5431 τὰ
2380 5377 2669 5447 λεγόμενα.
2707 5376 2860 5430 Διατί
2887 5418 2901 5440 ,
2938 5378 3058 5431 εἰπέ
3100 5394 3226 5447 μοι,
3257 5377 3285 5429 6
3317 5375 3570 5439 πλούσιος

1978 5462 2111 5533 γελᾷ
2140 5461 2353 5515 ἀκούων
2384 5461 2596 5529 πένης;
2629 5456 2717 5532 ἄρ’
2747 5461 2845 5531 οὐχ
2875 5462 2957 5514 ὅτι
3002 5460 3075 5530 μὴ
3117 5457 3354 5512 σύνοιδεν
3391 5459 3572 5528 ἐαυτῷ

1979 5546 2203 5608 πενίαν;
2236 5544 2392 5598 Οὕτω
2430 5543 2526 5597 καὶ
2555 5543 2744 5613 ὑμεῖς,
2771 5543 2839 5597 ἂν
2884 5542 3082 5614 μᾶλλον
3127 5540 3449 5613 γελάσωμεν
3479 5545 3573 5595 ἐπὶ

1977 5632 2097 5693 ταῖς
2117 5629 2146 5670 ιι
2178 5627 2392 5700 ὕϐρεσι,
2428 5626 2692 5698 μεγίστην
2718 5627 2993 5692 ἀπόδειξιν
3023 5625 3334 5697 παρέξομεν
3364 5625 3458 5680 τοῦ
3496 5626 3573 5698 μὴ

2037 5725 2063 5801 ε’
2108 5726 2205 5801 ﬂii
2255 5725 2445 5801 μείζονξι
2468 5725 2559 5801 ἐν,
2582 5730 2684 5801 τῆς,
2700 5722 3237 5801 θεότητοςηέπεξεὲεατε
3268 5723 3353 5801 ,τε
3376 5723 3573 5801 εηιιάαο

1975 5790 2057 5837 καὶ
2081 5784 2265 5851 μᾶλλον
2288 5788 2344 5834 ἂν
2368 5786 2514 5851 αὑτὴν
2536 5784 3137 5851 ἀπεγύμνωσενἉΈπειδή.
3159 5849 3167 5851 Α
3193 5788 3233 5851 ,⁸
3256 5786 3354 5835 Alii
3390 5785 3579 5851 δείκνυτ

1977 5803 2057 5837 και
2081 5803 2262 5851 μαλλον
2288 5804 2344 5834 αν
2368 5803 2514 5843 αυτην
2537 5803 2893 5848 απεγυμνωσεν.
2940 5803 3086 5835 mmo
3128 5823 3137 5832 .
3210 5803 3232 5817 τ’
3256 5803 3292 5835 Β
3307 5803 3354 5835 ΙΙΙ
3390 5803 3573 5834 οεικνυ-

1977 5864 2053 5899 σιν
2093 5849 2233 5904 αὐτὸς
2268 5862 2349 5897 και
2380 5849 2466 5906 τήν
2488 5849 2775 5913 ,οἰκονομίαν
2811 5843 2932 5913 ὁμοῦ
2961 5848 3042 5896 καὶ
3070 5803 3126 5913 τῖύ
3152 5845 3351 5913 Θάρσος,
3394 5849 3467 5895 ὅτι
3491 5849 3573 5913 καὶ

1976 5914 2065 5961 τὸν
2101 5912 2263 5976 καιρὸν
2283 5908 2683 5976 ’προγειδὼςῂκαθθ
2724 5913 2777 5959 ὃν
2823 5908 3038 5976 πείσεται
3078 5908 3575 5976 ἄπερέποιᾏθεη-τόεε

2027 5964 2205 6023 mm:
2280 5972 2297 6010 τ
2330 5964 2425 6023 Am
2448 5964 2746 6036 ἐπιίάψωμεν.
2777 6035 2793 6036 η
2818 5975 2843 6013 ε
2885 5974 2981 6036 Alii
3016 5964 3296 6034 κινουμξένον
3321 5964 3607 6036 βορϐόρουεσ

2039 5990 2205 6023 Lucra.
2280 5990 2293 6010 ι
2330 5990 2425 6023 Alll
2448 5990 2746 6082 εικοψωμεν.
2773 6035 2795 6047 _
2818 5990 2842 6013 ι
2885 5990 2981 6022 mn
3016 5990 3296 6034 κινούμενον
3321 5990 3570 6048 Ρορῡορςν.

2039 6037 2365 6099 Μοιπενίανς
2414 6036 2540 6099 οὕτω
2583 6051 2645 6099 κα
2686 6036 2843 6096 ὑμεις·
2884 6035 2941 6082 ἂν
2983 6036 3173 6099 μᾶλλον,
3197 6036 3474 6099 γελάσωμεν
3498 6033 3576 6089 εὴ

1980 6102 2098 6155 ταῖς.
2115 6099 2226 6148 Sav.
2250 6098 2438 6147 πενίαν
2464 6098 2520 6145 ἂν
2548 6097 2704 6145 τοίνυν
2723 6099 2967 6160 μέλλωμεν
2988 6095 3128 6162 γελᾷν
3160 6098 3235 6148 ἐπὶ
3265 6095 3368 6152 ταῖς
3387 6096 3571 6160 ὕϐρεσι.
