4084 6360
393 407 404 415 ’
458 440 580 499 273

469 557 768 615 συνειδέναι
799 558 912 622 τοῖς
949 557 1283 628 λεγομένοις.
1317 559 1528 622 ’Ἄλλως
1571 557 1627 612 δὲ
1651 599 1666 622 ,
1724 559 1888 628 μέχρι
1923 559 2055 613 πότε

468 644 567 707 τὰς
609 643 718 695 τῶν
756 641 1059 713 ἀνθρώπων
1082 641 1402 712 δεδοίκαμεν
1435 642 1702 708 εὐθύνας;
1735 642 1897 714 μέχρι
1928 643 2057 695 πότε

469 726 563 779 τοῦ
596 724 776 779 κοινοῦ
817 724 1268 796 καταφρονοῦμεν
1317 726 1588 778 Δεσπότου
1617 767 1632 785 .
1664 727 1756 780 καὶ
1786 731 1850 797 τῇ
1897 728 2061 797 σαρκὶ

475 807 872 880 προσηλώμεθα
898 825 911 870 ;
946 808 1140 861 Ὅπου
1169 810 1278 876 γὰρ
1313 810 1382 862 ἐν
1420 811 1562 878 ὑμῖν
1584 811 1708 877 ἔρις
1737 809 1834 862 καί
1881 809 2061 876 ζῆλος

473 894 569 946 καὶ
596 892 980 960 διχοστασίαι
1003 935 1016 956 ,
1048 895 1186 962 οὐχὶ
1238 895 1516 961 σαρκικοί
1555 893 1696 946 ἐστε
1724 911 1743 958 ;
1773 893 2061 963 Γενώμεθα

472 975 650 1029 τοίνυν
678 978 1060 1046 πνευματικοὶ,
1091 979 1181 1030 καὶ
1207 976 1596 1047 χαλινώσωμεν
1626 977 1686 1029 τὸ
1707 977 1879 1029 δεινὸν
1902 977 2060 1030 τοῦτο

476 1057 682 1130 θηρίον.
733 1060 934 1131 Ὀργῆς
961 1061 1056 1113 καὶ
1087 1063 1284 1132 μανίας
1315 1061 1478 1130 μέσον
1505 1061 1659 1114 οὐδέν
1679 1079 1693 1092 ·
1727 1061 1864 1113 άλλά
1891 1061 2060 1132 πρόσ-

475 1144 666 1213 καιρός
719 1145 832 1196 ἐστι
887 1144 1097 1213 δαίμων
1123 1184 1136 1206 ,
1193 1144 1391 1214 μᾶλλον
1441 1145 1498 1197 δὲ
1550 1146 1644 1198 καὶ
1699 1145 2061 1216 δαιμονῶντος

475 1225 893 1297 χαλεπώτερον.’
917 1228 975 1279 Ὀ
1011 1227 1108 1298 μὲν
1134 1228 1242 1297 γὰρ
1269 1227 1560 1297 δαιμονῶν,
1596 1227 1693 1281 καὶ
1730 1228 2062 1298 συγγνώμης

475 1307 836 1362 ἀπολαύσειεν
887 1310 953 1364 ἄν
979 1328 993 1341 ·
1030 1312 1058 1363 ό
1101 1310 1157 1362 δὲ
1204 1309 1598 1381 ὀργιζόμενος,
1653 1311 1864 1382 μυρίων
1907 1310 2060 1363 ἐσται

477 1393 750 1448 κολάσεων
783 1393 930 1459 ἄξιος
956 1437 970 1460 ,
1003 1393 1143 1448 ἐκὼν
1173 1395 1364 1448 ἐαυτὸν
1388 1396 1480 1447 ἐπὶ
1507 1394 1756 1466 βάραθρα
1779 1395 1878 1465 τῆς
1909 1396 2061 1448 ἀπω-

477 1477 626 1540 λείας
655 1480 856 1549 φέρων,
889 1481 982 1533 καὶ
1015 1479 1122 1550 πρὸ
1152 1480 1254 1550 τῆς
1287 1478 1588 1551 μελλούσης
1619 1481 1841 1550 γεέννης
1874 1479 2058 1533 ἐντεῦ-

480 1565 572 1620 θεν
599 1565 698 1636 ήδη
729 1564 828 1636 τὴν
851 1563 1007 1635 δίκην
1044 1563 1273 1617 τιννύων
1293 1605 1308 1629 ,
1338 1562 1565 1635 θόρυϐόν
1616 1581 1740 1618 τινα
1783 1565 2060 1619 ἄπαυστον

1179 441 1235 495 S.
1275 438 1560 496 JOANNIS
1597 438 2084 499 CHRYSOSTOMI
2134 443 2452 504 ARCIIIEP.
2492 435 3052 505 CONSTANTl-NOP.‘

3625 453 3739 514 274

2160 563 2253 616 καὶ
2277 563 2444 630 ζάλην
2463 563 2722 632 ἀσίγητον
2750 577 2775 604 α
2809 563 2896 616 διά
2920 566 3100 634 πάσης
3128 567 3228 636 μὲν
3256 568 3449 632 νυκτὸς
3470 610 3485 633 ,
3516 569 3603 626 διά
3630 573 3738 628 πά·

2162 662 2260 714 σης
2288 644 2343 697 δὲ
2388 647 2598 718 ἡμέρας
2621 649 2926 714 ἐπεισάγων
2952 651 3065 712 τοῖς
3097 648 3197 720 τῆς
3227 649 3404 722 ψυχῆς
3432 651 3730 724 λογισμοῖς.

2161 729 2260 781 «Iv»
2289 723 2381 781 οὖν
2404 730 2499 783 καὶ
2526 731 2626 799 τῆς
2650 731 2706 782 ὲν
2738 730 2814 802 τῷ
2841 732 3067 802 παρόντι
3099 733 3372 798 κολάσεως
3394 776 3408 798 ,
3440 739 3530 790 καὶ
3553 723 3652 808 τῆς
3679 742 3738 794 ὲν

2160 812 2239 883 τῷ
2281 814 2522 884 μέλλοντι
2549 816 2814 885 τιμωρίας
2862 817 3089 880 ἑαυτοὺς
3119 817 3513 890 ἀπαλλάξωμεν
3532 863 3546 886 ,
3572 823 3739 875 ἐκϐα-

2162 896 2346 961 λόντες
2386 900 2536 951 τουτί
2564 899 2626 951 τὸ
2671 899 2842 962 πάθος
2869 940 2882 962 ,
2917 901 3200 972 πραότητα
3233 906 3412 956 πᾶσαν
3463 904 3740 970 ἐπιδειξώ-

2167 981 2306 1051 μεθα
2331 982 2424 1034 καὶ
2459 982 2761 1035 ἐπιείκειαν
2783 1022 2797 1044 ,
2835 983 2922 1037 ἵνα
2948 985 3039 1036 καί,
3068 985 3298 1039 ἐνταῦθα
3326 987 3628 1041 ἀνάπαυσιν
3651 989 3740 1041 εὖ·

2164 1083 2364 1146 ρωμενμ
2379 1067 2444 1136 τῇ
2469 1066 2614 1137 ψυχῇ
2650 1065 2824 1136 ἡμῶν,
2857 1068 2949 1121 καὶ
2976 1071 3033 1120 ἐν
3056 1071 3120 1140 τῇ
3155 1069 3401 1140 βασιλείᾳ
3436 1070 3544 1123 τῶν
3577 1072 3740 1146 ούρα·

2163 1147 2271 1201 νῶν
2290 1165 2304 1179 ·
2331 1143 2400 1220 ἦς
2430 1151 2641 1217 γένοιτο
2671 1150 2880 1214 πάντας
2910 1153 3058 1222 ἡμᾶς
3091 1153 3368 1223 ἐπιτυχεῖν
3391 1193 3404 1216 ,
3434 1155 3614 1224 χάριτι
3644 1143 3740 1209 καὶ

2163 1231 2548 1306 φιλανθρωπίᾳ
2573 1233 2666 1287 τοῦ
2711 1235 2917 1306 Κυρίου
2960 1236 3118 1305 ἡμῶν
3159 1237 3331 1306 Ἰησοῦ
3373 1237 3646 1310 Χριστοῦ,
3671 1238 3738 1292 δι’

2162 1313 2224 1371 οὗ
2252 1317 2347 1370 καὶ
2381 1318 2501 1385 μεθ’
2535 1313 2596 1371 οὖ
2625 1317 2702 1389 τῷ
2731 1319 2908 1390 Ila-:91
2932 1321 2964 1390 ἡ
2993 1319 3138 1386 δόξα,
3162 1319 3276 1390 ἅμα
3305 1321 3382 1392 τῷ
3411 1322 3550 1393 ἁγίῳ
3573 1321 3741 1376 Πνεύ-

2169 1418 2320 1471 ματι,
2348 1401 2444 1454 νῦν
2467 1401 2562 1454 καὶ
2585 1401 2671 1455 ἀεὶ
2689 1443 2704 1466 ,
2736 1402 2830 1455 καὶ
2867 1402 2948 1466 εἰς
2979 1405 3106 1468 τοὺς
3142 1403 3346 1468 αἰῶνας
3370 1405 3478 1458 τῶν
3507 1404 3737 1460 αἰώνων.

2179 1484 2236 1536 ‘A
2244 1487 2371 1554 μήν.

2231 1575 2258 1604 ⁸
2296 1573 2397 1624 Alii
2455 1575 2709 1640 ἀφόρητον.

1889 1736 2132 1789 ΟΜΙΛΙΑ
2168 1736 2303 1790 ΜΘ’.

487 1831 684 1888 Ταῦτα
726 1831 911 1886 εῑπὼν
943 1830 1185 1896 αὐτοῖς,
1229 1829 1467 1900 ἔμεινεν
1520 1831 1589 1883 ἐν
1625 1828 1701 1898 τῇ
1732 1832 2060 1900 Γαλιλαίᾳ·

552 1903 630 1968 ὼς
662 1902 730 1955 δὲ
758 1903 1066 1968 ἀνέϐησαν
1090 1904 1144 1954 οὶ
1166 1899 1417 1968 ἀδελφοὶ
1442 1901 1649 1962 αὑτοῦ,
1681 1903 1814 1953 τότε
1843 1899 1940 1952 καί
1960 1901 2065 1952 αὺ-

553 1973 652 2037 τὸς
699 1973 883 2040 ἀνέϐη
928 1974 1015 2036 εὶς
1057 1970 1173 2039 τὴν
1211 1970 1448 2039 ἑορτὴν,
1479 1973 1552 2024 οὺ
1591 1970 1896 2040 φανερῶς,
1926 1968 2065 2024 ἀλλ’

552 2043 632 2108 ὡς
662 2043 732 2095 ἐν
763 2040 1004 2110 κρυπτῷ
1034 2053 1082 2095 ι.

553 2126 620 2182 α’.
639 2128 718 2180 Τά
747 2126 844 2180 ἀνθ
855 2127 1104 2196 ρωπίνως
1118 2125 1228 2178 ὑπὸ·
1243 2124 1336 2179 τοῦ
1354 2123 1590 2197 Χριστοῦ
1608 2122 1890 2194 οἰκονομού
1899 2141 2057 2194 μενα,

484 2211 545 2266 ού
571 2209 660 2264 διὰ
694 2209 851 2263 τοῦτο
881 2209 1041 2280 μόνον
1083 2211 1487 2280 οἰκονομεῖται,
1531 2209 1616 2261 ἵνα
1650 2207 1747 2279 τὴν
1794 2207 2068 2276 σάρκωσιν

488 2292 874 2364 βεϐαιώσηται,
912 2292 1027 2346 ἀλλ’
1055 2292 1142 2345 ἵνα
1174 2292 1270 2345 καὶ
1303 2294 1450 2362 ἡμᾶς
1480 2291 1742 2362 παιδεύσῃ
1775 2291 1909 2361 πρὸς
1943 2290 2069 2360 ἀρε-

485 2378 605 2448 τήν.
637 2375 698 2428 Εἰ
726 2375 834 2448 γάρ
871 2375 1050 2428 πάντα
1081 2375 1157 2438 ὼς
1197 2373 1330 2437 Θεὸς
1367 2375 1599 2444 ἔπραττε
1627 2413 1642 2439 ,
1681 2374 1845 2426 πόθεν
1879 2371 2068 2425 ἐδυνά-

491 2460 628 2531 μεθα
657 2461 820 2530 ἡμεῖς
872 2458 1072 2511 εἰδέναι
1099 2496 1114 2520 ,
1161 2458 1582 2528 περιπίπτοντες
1631 2457 1950 2527 ἀϐουλήτοις
1971 2496 1985 2520 ,
2016 2453 2070 2508 τί

488 2543 592 2615 χρὴ
619 2545 822 2609 ποιεῖν;
855 2536 965 2594 οἷόν
994 2559 1048 2594 τι
1077 2541 1221 2609 λέγω
1247 2558 1260 2571 ·
1294 2543 1352 2594 ἐν
1391 2541 1567 2611 τούτῳ
1599 2557 1657 2594 τε
1711 2539 1860 2610 αὐτῷ
1891 2539 1967 2591 ὣν
1994 2537 2072 2608 τῷ

487 2627 669 2698 χωρίῳ
724 2624 1009 2695 φονώντων
1065 2623 1174 2677 τῶν
1215 2624 1484 2677 Ἰουδαίων
1530 2627 1610 2687 είς
1664 2623 1826 2694 μέσον
1871 2622 2073 2684 εὐθέως

489 2709 774 2781 παρελθὼν
823 2707 1133 2762 κατέστειλε
1184 2708 1283 2778 τὴν
1328 2709 1526 2778 ὁρμήν.
1581 2707 1644 2759 Et
1684 2707 1863 2760 τοίνυν
1917 2704 2075 2758 τοῦτο

489 2795 662 2848 ἐποίει
691 2792 953 2863 διηνεκῶς
977 2832 992 2855 ,
1033 2793 1194 2862 ἡμεῖς
1237 2791 1296 2842 οὐ
1335 2791 1620 2861 δυνάμενοι
1665 2788 1824 2842 τοῦτο
1877 2790 2072 2850 ποιεῖν,

493 2877 915 2948 περιπίπτοντες
936 2875 1015 2938 δὲ,
1040 2873 1204 2926 πόθεν
1227 2873 1290 2925 ἂν
1315 2873 1558 2943 ἔγνωμεν
1589 2872 1706 2935 πῶς
1733 2871 1813 2924 δεῖ
1830 2870 1908 2942 τῷ
1931 2871 2074 2940 πρά·-

491 2978 660 3032 γματι
686 2959 916 3029 χρῆσθαι
943 2975 958 3024 ;
993 2958 1087 3010 καὶ
1116 2957 1345 3028 πότερον
1371 2957 1574 3020 εύθέως
1597 2954 1918 3019 ἀποθανεῖν,
1946 2954 1979 3022 ἡ
2020 2969 2074 3005 τι

493 3044 604 3099 κάλ’
625 3042 976 3112 οἰκονυμῆσαι
1015 3041 1132 3094 δέον
1152 3081 1166 3106 ,
1194 3039 1335 3093 ὥστε
1366 3039 1722 3110 προχωρῆσαι
1749 3037 1837 3089 τὸν
1878 3035 2033 3104 λόγον
2057 3053 2073 3103 ;

507 3127 658 3184 Ἐπεὶ
685 3123 776 3180 οὖν
808 3127 908 3179 οὐκ
939 3123 1005 3178 ἂν
1038 3123 1315 3196 ἐμάθομεν
1352 3126 1512 3194 ἡμεῖς
1537 3163 1551 3187 ,
1585 3125 1632 3175 οί
1666 3121 1740 3194 μὴ
1768 3121 2077 3191 δυνάμενοι,

496 3209 854 3282 παρελθόντες
893 3210 972 3271 εἰς
1024 3207 1187 3278 μέσον
1231 3210 1282 3260 τί
1313 3206 1391 3258 δεῖ
1420 3209 1592 3258 ποιεῖν
1620 3246 1633 3262 .
1675 3204 1763 3257 διὰ
1800 3203 1959 3256 τοῦτο
1987 3201 2080 3254 καλ¹

495 3295 665 3349 ταῦτα
719 3293 847 3363 παρ’
892 3291 1056 3344 αὑτοῦ
1105 3289 1471 3359 παιδευόμεθα
1501 3287 1672 3358 [288].
1709 3286 1900 3341 Ταῦτα
1937 3286 2077 3354 γὰρ,

497 3380 680 3450 φησὶν,
709 3374 892 3429 εἰπὼν
921 3379 953 3428 ό
991 3372 1254 3441 Ἰησοῦς,
1284 3371 1521 3441 ἔμεινεν
1559 3371 1629 3423 ἐν
1655 3369 1730 3439 τῇ
1759 3371 2077 3436 Γαλιλαίᾳ.

509 3469 605 3532 Ὠς
653 3467 722 3519 δὲ
759 3466 1067 3532 ἀνέϐησαν
1097 3465 1151 3516 οί
1194 3459 1446 3529 ἀδελφοὶ
1479 3459 1666 3514 αὐτοῦ
1688 3499 1702 3524 ,
1732 3460 1866 3512 τότε
1895 3459 2078 3526 ἀνέϐη

500 3552 598 3606 καὶ
633 3550 847 3616 αὐτὸς,
882 3551 954 3603 οὐ
998 3545 1300 3617 φανερῶς,
1328 3546 1466 3598 ἀλλ’
1489 3545 1570 3609 ὠς
1607 3544 1677 3596 ἐν
1712 3541 1972 3612 κρυπτῷ.
2007 3543 2081 3595 Τὸ

499 3638 706 3697 εἰπεῖν,
739 3636 820 3688 ὅτι
861 3633 1185 3698 Ἀνέϐησαν
1231 3631 1285 3683 οί
1322 3626 1574 3696 ἀδελφοί
1621 3626 1810 3680 αὑτοῦ
1833 3668 1848 3690 ,
1885 3626 2080 3695 ἐμφαίο

500 3721 679 3781 νοντός
707 3721 873 3781 ἐστιν,
898 3718 979 3770 ὅτι
1013 3715 1113 3768 οὐκ
1140 3711 1392 3766 ἐϐούλετο
1423 3711 1537 3782 μετ’
1564 3712 1787 3763 ἐκείνων
1816 3709 2076 3763 ἀνελθεῖν.

500 3805 591 3857 Διὸ
624 3804 718 3857 καὶ
753 3802 901 3873 μένει
945 3802 1002 3853 ἐν
1031 3792 1184 3869 ᾧπερ
1207 3792 1307 3867 ἦν,
1342 3793 1465 3848 οὔτε
1493 3794 1649 3865 δῆλον
1680 3794 1709 3833 b
1750 3793 2081 3864 κατέστησεν

502 3887 692 3942 ἐαυτὸν
717 3924 731 3949 ,
763 3885 986 3938 ἐκείνων
1014 3898 1129 3944 πως
1159 3876 1593 3945 κατεπειγόντων
1645 3877 1802 3930 τοῦτο
1833 3876 2078 3946 ποιῆσαι.

503 3970 568 4024 Τί
597 3970 795 4039 δήποτε
839 3966 896 4020 δὲ
927 3967 986 4017 ἐν
1031 3961 1311 4034 παρρησίᾳ
1351 3959 1731 4039 διαλεγόμενος
1773 3960 1880 4025 ἀεὶ,
1916 3959 1990 4022 ὡς
2023 3961 2081 4011 ἐν

503 4038 730 4122 κρυπτῷ
759 4049 854 4102 νῦν
897 4047 1054 4100 τοῦτο
1107 4046 1282 4108 ποιεῖ;
1335 4045 1448 4096 Ούκ
1481 4038 1633 4096 εἷπεν
1655 4082 1671 4107 ,
1700 4042 1899 4113 Κρύφα
1919 4083 1933 4108 ,
1966 4042 2080 4095 ἀλλ’

514 4137 609 4202 Ὡς
627 4136 697 4188 ὲν
722 4130 979 4201 κρυπτῷ.
1013 4127 1169 4183 Οὕτω
1196 4128 1304 4198 γὰρ
1329 4126 1494 4197 ἐχρῆν
1514 4137 1562 4190 ο,
1595 4127 1730 4196 ὅπερ
1752 4122 1924 4187 εἷπον,
1956 4142 2083 4178 παι-

503 4219 670 4272 δεύων
695 4217 842 4288 ἡμᾶς
863 4213 934 4267 τά
962 4213 1264 4284 πράγματα
1296 4211 1618 4278 οἰκονομεῖν.
1646 4208 1755 4263 Καὶ
1771 4209 1938 4279 χωρὶς
1961 4207 2082 4260 τού-

503 4319 595 4355 του
630 4301 686 4354 δέ
715 4299 814 4351 οὐκ
852 4293 921 4367 ἦν
957 4295 1070 4348 ἴσον
1104 4294 1332 4359 ζεόντων
1363 4291 1542 4345 αὐτῶν
1581 4292 1674 4345 καὶ
1703 4288 2082 4360 σφαδαζόντων

505 4385 762 4454 ἐμπεσεῖν
784 4421 799 4445 ,
830 4380 926 4434 καὶ
962 4377 1098 4449 μετά
1131 4376 1303 4430 ταῦτα
1352 4375 1453 4446 τῆς
1483 4375 1677 4446 ἑορτῆς
1717 4372 2080 4444 διαλυθείσης.

510 4474 572 4524 οι
603 4464 716 4523 οὖν
760 4465 1024 4520 Ἰουδαῖοι
1053 4460 1300 4528 ἐζήτουν
1327 4461 1532 4526 αὑτὸν,
1561 4459 1659 4513 καί
1691 4459 1923 4527 ἔλεγον,
1957 4455 2082 4510 Ποῦ

506 4555 678 4607 ἐστιν
715 4549 978 4613 ἐκεῖνος
1009 4545 1168 4600 Καλά
1213 4561 1277 4613 γε
1311 4543 1492 4598 αὐτῶν
1527 4541 1596 4595 τὰ
1629 4543 1686 4594 ἐν
1723 4544 1839 4605 ταῖς
1869 4541 2083 4611 ἑορταῖς

509 4630 905 4706 κατορθώματα
935 4649 948 4662 ·
981 4630 1072 4683 ἐπὶ
1127 4629 1288 4697 φόνον
1321 4626 1570 4697 ὁρμῶσι,
1613 4624 1790 4678 καὶέν
1818 4626 1885 4693 τῇ
1921 4624 2080 4706 ἑορτῇ

513 4705 851 4786 βουλεύονται
875 4713 1036 4766 αὑτὸν
1061 4711 1364 4764 συλλαϐεῖν.
1397 4708 1553 4762 Οὕτω
1574 4706 1602 4746 ά
1629 4706 1758 4775 γοῦν
1786 4707 1880 4759 καὶ
1917 4705 2082 4758 ἀλλα-

510 4800 606 4871 χοῦ
638 4800 895 4868 λέγουσι·
935 4799 996 4851 Τί
1043 4795 1272 4850 δοκεῖτε
1313 4793 1402 4846 ὅτι
1459 4794 1530 4846 οὺ
1589 4791 1675 4859 μὴ
1706 4790 1853 4856 ἔλθῃ
1902 4788 1972 4841 ἐν
2009 4787 2082 4855 τῇ

509 4883 720 4951 ἐορτῇ;
751 4883 864 4936 Καὶ
891 4880 1142 4942 ἐνταῦθα,
1176 4877 1301 4932 Ποῦ
1336 4878 1504 4929 ἐστιν
1527 4873 1796 4938 ὲκεῖνος;
1831 4871 1966 4923 ’Υπὺ
1989 4872 2082 4923 τοῦ

511 4967 708 5020 πολλοῦ
747 4967 936 5038 μίσους
961 4965 1056 5016 καὶ
1085 4963 1184 5032 τῆς
1210 4959 1504 5030 ἀπεχθείας
1545 4956 1668 5009 οὐδέ
1694 4955 1955 5038 ὀνομαστὶ
1989 4955 2084 5038 αύ-

511 5053 603 5106 τὸν
631 5051 814 5102 καλεῖν
841 5047 1138 5101 ἐϐούλοντο.
1173 5043 1348 5114 Πολλὴ
1385 5043 1418 5111 ἡ
1451 5042 1530 5103 εἰς
1553 5039 1650 5111 τὴν
1675 5037 1866 5109 ἑορτὴν
1898 5037 2083 5101 αἰδὼς,

516 5135 724 5208 μεγάλη
749 5135 783 5204 ἡ
811 5132 1065 5184 εὐλάϐεια
1088 5146 1102 5160 ο
1138 5129 1230 5181 ἀπ’
1255 5127 1424 5194 αὐτῆς
1447 5124 1550 5208 τῆς
1569 5122 1763 5208 ἑορτῆς
1790 5122 1951 5208 αύτὸν
1985 5122 2085 5192 θηι

517 5201 1008 5291 ρεῦσαιέϐούλοντο
1041 5223 1087 5265 ο.
1120 5212 1226 5266 Kal
1259 5207 1612 5291 Tomm'yéci
1635 5201 1713 5275 ἦν
1735 5207 1868 5291 περὶ
1899 5209 2086 5261 αὑτοῦ

514 5289 707 5367 πολὺς
751 5301 822 5354 ἐν
871 5297 996 5363 τοῖς
1031 5296 1256 5365 ὄχλοις.
1295 5293 1452 5362 Ἐμοὶ
1496 5291 1553 5344 δὲ
1597 5290 1742 5343 δοκεῖ
1781 5289 1800 5326 r
1852 5291 1947 5343 καὶ
1980 5291 2088 5344 ἀπὸ

513 5387 606 5441 τοῦ
641 5386 806 5438 τόπου
863 5377 1258 5452 παροξύνεσθαι
1305 5377 1532 5440 αὐτοὺς,
1576 5373 1704 5426 ἔνθα
1749 5373 1810 5426 τὺ
1864 5378 2088 5443 σημεῖον

515 5470 750 5540 ἐγένετο,
778 5467 874 5520 καὶ
908 5463 1043 5534 δμοῦ
1067 5459 1386 5532 ἀγριαίνειν,
1410 5459 1504 5512 καὶ
1528 5457 1840 5520 δεδοικέναι,
1865 5460 1963 5528 οὐχ
1993 5458 2086 5511 οῦ-

513 5571 621 5616 τως
650 5553 790 5622 ὑπὲρ
817 5547 912 5602 τοῦ
939 5545 1299 5618 παρελθόντος
1326 5541 1714 5612 ὀργιζομένους
1737 5581 1751 5604 ,
1789 5540 1864 5603 ὼς
1895 5543 2088 5608 φοϐου-

517 5637 712 5706 μένους
738 5676 752 5700 ,
794 5635 868 5705 μὴ
903 5631 1064 5686 πάλιν
1097 5625 1394 5699 ἐργάσηταί
1426 5642 1478 5678 τι
1509 5622 1766 5676 τοιοῦτον.
1815 5623 2088 5706 ίΕξέϐαινε

579 5719 606 5748 ι
661 5719 829 5767 Morel.
859 5703 995 5764 ε).λά
1044 5714 1278 5777 κρυπτῶς.
1307 5772 1316 5777 _
1345 5707 1618 5777 “male;
1638 5703 1898 5777 διὰητοῦτο
1933 5711 2090 5777 περιέ-

684 5765 800 5842 οῦδέ
822 5779 1003 5842 δῆλονε-
1040 5765 1358 5842 ,θ’ξενίιέγόιρ
1379 5769 1548 5842 ἐδόκει.
1578 5765 2091 5842 Μοιλλίοτςικοίκρνο-

517 5827 830 5906 ἶέέῖνίάλλεος
861 5827 927 5906 8i.-
963 5827 1058 5906 iSa!
1100 5827 1292 5906 ὁποῖά
1316 5827 1374 5906 ἦν
1413 5832 1574 5906 “'93-.
1622 5827 1650 5866 ά
1683 5828 1902 5906 ﬁt,“
1951 5832 2089 5906 τάξον

716 5890 921 5958 ἀεὶξκαὶ
969 5898 1064 5947 ἀπὸ
1105 5897 1286 5944 τούτων
1339 5890 1627 5966 ἐσπούδαξρν
1675 5890 1884 5958 ἀγρεύειν
1927 5890 2088 5965 αὐτὸν,

517 5975 660 6007 ουτω.
752 5963 775 5989 ⁸
801 5958 897 6008 Alii
937 5960 1030 6006 ἀπὸ
1063 5959 1152 6014 γὰρ
1182 5963 1266 6013 τῆς
1304 5955 1465 6014 ἑορτῆς
1496 5965 1637 6014 αυτόν
1657 5953 1877 6014 θηρευσαι
1914 5954 2089 6000 ἐσπου-

517 5965 660 6007 οὔτω.
752 5965 775 5989 ⁸
801 5965 897 6008 Alii
937 5965 1030 6006 ἀπὸ
1063 5965 1152 6018 γὰρ
1182 5965 1266 6013 τῆς
1304 5965 1465 6016 εορτῆς
1496 5965 1877 6024 αυτονρηρευσζαι
1914 5965 2087 6000 εσπου-

519 6017 945 6128 Ξαέῗοῷὶηὲὃεγίι.
988 6020 1082 6081 ἐγὼ
1120 6019 1171 6066 δέ
1213 6015 1364 6076 οἶμαι.
1417 6013 1525 6062 Mox
1551 6012 1700 6062 Savxl.
1756 6026 1836 6058 και
1877 6014 2087 6075 μάλιστα

516 6094 553 6137 β
567 6094 789 6139 πιαίνειν.

2165 1830 2222 1884 δὲ
2280 1831 2388 1884 πᾶν
2444 1830 2752 1883 τούναντίον
2782 1871 2797 1895 ,
2861 1832 2955 1886 καὶ
3008 1833 3230 1898 ἄκοντες
3297 1834 3525 1904 φανερὸν
3582 1833 3743 1888 αὑτὸν

2165 1913 2399 1968 ἐποίουν.
2427 1915 2538 1968 Καὶ
2562 1917 2618 1968 οί
2638 1914 2756 1984 μὲν
2779 1913 3011 1984 ἔλεγον,
3054 1915 3145 1969 ὅτι
3187 1918 3420 1986 Ἀγαθός
3459 1919 3654 1982 ἐστιν,
3687 1921 3743 1972 vl

2168 1997 2256 2060 δὲ,
2289 1997 2432 2062 Οὒκ,
2465 1998 2626 2051 ἀλλὰ
2658 1996 2862 2066 πλανᾷ
2884 1998 2990 2051 τὸν
3017 2000 3223 2069 ὄχλον.
3267 2003 3511 2071 Ἐκείνην
3535 1999 3632 2071 μὲν
3650 1997 3742 2054 οῦν

2167 2077 2324 2154 οἶμαι
2351 2082 2449 2152 τὴν
2479 2081 2638 2146 δόξαν
2665 2082 2774 2136 τῶν
2821 2082 3030 2136 πολλῶν
3080 2080 3215 2137 εἶναι
3236 2102 3250 2115 ·
3285 2085 3486 2156 ταύτην
3519 2086 3576 2138 δέ
3597 2127 3612 2151 ,
3635 2085 3742 2137 τῶν

2168 2167 2444 2236 ἀρχόντων
2496 2167 2591 2219 καὶ
2631 2165 2738 2219 τῶν
2792 2166 3000 2235 ἱερέων.
3034 2167 3106 2220 Τὸ
3160 2169 3266 2240 γὰρ
3313 2169 3616 2222 διαϐάλλειν
3645 2169 3744 2238 τῆς

2170 2253 2390 2303 ἐκείνων
2421 2249 2720 2320 βασκανίας
2743 2251 2834 2302 καὶ
2862 2249 3123 2319 πονηρίας
3157 2252 3290 2306 ἐστί.
3324 2251 3554 2318 Πλανᾷ,
3587 2252 3742 2320 φησὶ,

2171 2334 2260 2387 τὸν
2283 2332 2459 2402 δχλον.
2494 2333 2558 2386 Τί
2599 2333 2767 2386 ποιῶν
2792 2373 2808 2398 ,
2860 2335 2982 2386 είπέ
3018 2350 3142 2404 μοις
3193 2330 3301 2406 ἆρα
3334 2335 3618 2404 φαντάζων
3652 2335 3746 2387 καλ⁵

2171 2418 2271 2470 οὐκ
2297 2417 2663 2487 ἐργαζόμενος
2704 2416 2770 2469 τὰ
2803 2419 3044 2487 σημεῖα;
3099 2419 3209 2471 Καὶ
3241 2419 3347 2489 μὴν
3377 2419 3681 2472 τούναντίον
3707 2420 3741 2489 η

2173 2505 2338 2574 πεῖρα
2369 2503 2654 2572 μαρτυρεῖ.
2689 2500 2897 2566 Οὐδείς
2943 2502 3149 2570 μέντοι
3195 2504 3501 2570 παρρησίᾳ
3542 2500 3747 2555 ἐλάλει

2174 2584 2307 2652 περὶ
2355 2583 2541 2637 αὐτοῦ
2573 2583 2670 2639 διὰ
2703 2583 2809 2637 τὸν
2857 2585 3046 2652 φόϐον
3076 2582 3194 2637 τῶν
3235 2585 3544 2639 Ἰουδαίων.
3588 2585 3747 2655 Ὁρᾷς

2176 2666 2452 2736 πανταχοῦ
2489 2667 2547 2719 τὸ
2585 2667 2682 2737 μὲν
2708 2667 2933 2738 ἀρχικὸν
2965 2667 3383 2739 διεφθαρμένον,
3413 2669 3538 2731 τοὺς
3565 2668 3622 2721 δέ
3650 2669 3749 2738 ἀρ·
3811 2673 3824 2686 ‘

2176 2749 2438 2820 χομένους
2467 2749 2808 2817 ὑγιαίνοντας
2837 2749 2936 2818 μέν
2962 2753 3026 2820 τῇ
3055 2751 3270 2821 κρίσει,
3307 2752 3406 2804 οὐκ
3442 2751 3660 2821 ἔχοντας
3691 2750 3748 2803 δὲ

2178 2834 2428 2903 ἀνδρείαν
2463 2841 2488 2880 ε
2523 2835 2924 2904 προσήκουσαν,
2955 2828 3023 2905 ἦς
3056 2835 3286 2904 μάλιστα
3318 2835 3394 2905 τῷ
3421 2833 3612 2905 πλήθει
3641 2834 3748 2897 δεῖς

2181 2917 2322 2982 Ἤδη
2354 2915 2421 2968 δὲ
2454 2914 2562 2982 τῆς
2583 2915 2792 2982 ἑορτῆς
2823 2919 3137 2983 μεσούσης
3163 2957 3178 2982 ,
3211 2918 3392 2984 ἀνέϐη
3423 2921 3456 2972 ό
3500 2916 3750 2985 Ἰησοῦς,

2179 3000 2274 3052 καὶ
2299 2998 2696 3068 ἑδίδασκε.Τῇ
2726 2999 2959 3070 ἀναϐολῇ
2992 3002 3526 3074 προσεκτικωτέρους
3556 3001 3752 3063 αὐτοὺς

2180 3085 2454 3156 ἐποίησεν.
2501 3087 2561 3137 UE
2611 3086 2719 3156 γάρ
2757 3088 2875 3148 ταῖς
2927 3087 3160 3156 ἡμέραις
3212 3085 3543 3156 ζητήσαντες
3589 3085 3754 3139 αὑτὸν

2179 3171 2298 3230 ταῖς
2328 3166 2571 3238 πρώταις
2619 3169 2713 3221 καὶ
2764 3167 3009 3236 λέγοντες
3035 3169 3086 3234 ιι,
3115 3169 3238 3222 Ποῦ
3272 3169 3444 3222 ἐστιν
3485 3168 3703 3234 ἐκεῖνος
3730 3183 3752 3231 ;

2179 3251 2335 3319 ἄφνω
2382 3253 2624 3321 παρόντα
2679 3251 2913 3316 ἰδόντες,
2949 3252 3050 3322 ὅρα
3093 3252 3211 3314 πῶς
3263 3253 3608 3322 ἐπέστησαν,
3657 3250 3754 3304 καὶ

2179 3334 2402 3404 ἔμελλον
2427 3334 2735 3389 ἐπικεῖσθαι
2761 3336 2970 3404 λέγοντι
2995 3376 3010 3400 ,
3061 3337 3116 3389 οῖ
3161 3354 3217 3390 τε
3250 3337 3452 3405 ἀγαθὸν
3476 3336 3752 3405 λέγοντες,

2179 3419 2235 3471 οἵ
2276 3435 2336 3470 τε
2367 3417 2441 3489 μὴ
2468 3418 2709 3472 τοιοῦτον
2730 3435 2743 3448 ·
2780 3419 2894 3471 ἀλλ’
2934 3421 3130 3472 ἐκεῖνοι
3163 3420 3260 3489 μὲν
3281 3459 3295 3480 ,
3325 3418 3464 3472 ὥστε
3500 3419 3755 3490 κερδάναι

2179 3518 2232 3554 τι
2264 3502 2358 3554 καὶ
2397 3501 2711 3572 θαυμάσαι·
2755 3495 2900 3555 οῦτοι
2928 3502 2984 3556 δὲ
3006 3545 3022 3568 ,
3057 3502 3197 3555 ὥστε
3230 3501 3614 3565 ἐπιλαϐέσθαι,
3660 3503 3756 3556 καὶ

2181 3587 2491 3654 κατασχεῖν.
2524 3584 2597 3636 Τὸ
2631 3585 2727 3654 μὲν
2762 3580 2874 3648 οῦν,
2907 3584 3117 3651 Πλανᾷ
3138 3585 3242 3639 τὸνν
3277 3587 3482 3655 ὄχλον,
3523 3585 3630 3639 ἀπὸ
3658 3585 3757 3655 τῆς

2180 3666 2526 3730 διδασκαλίας
2557 3667 2662 3720 τῶν
2690 3667 2975 3738 δογμάτων
3004 3668 3207 3737 ἔλεγον,
3234 3671 3293 3721 οὐ
3321 3669 3564 3733 νοοῦντες
3591 3670 3656 3722 τὰ
3676 3667 3758 3720 λε-

2181 3752 2388 3821 γόμενα
2411 3769 2422 3779 ·
2449 3750 2506 3802 τὸ
2529 3750 2606 3812 δὲ,
2625 3750 2858 3819 Ἀγαθός
2873 3791 2887 3814 ,
2910 3751 3017 3804 ἀπὸ
3035 3753 3142 3804 τῶν
3173 3754 3430 3822 σημείων.
3451 3752 3704 3815 Χαλάσας
3732 3752 3750 3789 ί

2180 3837 2358 3889 τοίνυν
2403 3834 2579 3887 αὐτῶν
2627 3834 2718 3887 τὸν
2753 3835 2919 3904 θυμὸν
2969 3834 3141 3898 οὕτως
3169 3837 3402 3906 ἐπέστη,
3443 3837 3582 3888 ὥστε
3618 3837 3755 3906 μετὰ

2183 3919 2378 3991 σχολῆς
2410 3917 2640 3972 ἀκοῦσαι
2688 3917 2796 3970 τῶν
2828 3919 3132 3988 λεγομένων
3157 3961 3170 3981 ,
3215 3922 3412 3990 μηκέτι
3458 3922 3555 3990 τῆς
3586 3922 3755 3991 ὀργῆς

2181 4001 2597 4074 ἐμφραττούσης
2621 4000 2688 4054 τὰ
2714 3996 2850 4055 ὦτα.
2884 4002 2948 4054 Τί
2976 4003 3073 4072 μὲν
3118 3999 3210 4056 οὖν
3247 4004 3479 4069 ἐδίδαξεν
3499 4046 3514 4070 ,
3549 4005 3647 4056 οὐκ
3674 3999 3755 4056 εί-

2183 4100 2316 4137 πεν·
2364 4079 2516 4154 [289]
2556 4081 2726 4135 ὃτιδέ
2773 4081 3130 4152 θαυμαστῶς,
3178 4083 3337 4136 τοῦτο
3385 4084 3543 4152 μόνον
3586 4085 3757 4150 λέγει,

2183 4168 2277 4222 καὶ
2327 4169 2409 4220 ὅτι
2458 4161 2598 4218 εἷλεν
2649 4166 2846 4230 αὐτοὺς
2876 4166 2970 4220 καὶ
3023 4166 3280 4236 μετέϐαλε
3309 4185 3322 4198 ο
3370 4167 3604 4236 τοσαύτη
3649 4167 3759 4220 τῶν

2183 4251 2489 4322 λεγομένων
2517 4245 2584 4320 ῆν
2623 4250 2656 4318 ἡ
2691 4248 2938 4319 δύναμις.
2967 4251 3026 4302 Οἱ
3064 4250 3120 4302 δὲ
3147 4250 3416 4314 εἰπόντες,
3467 4253 3546 4304 ὃτι
3577 4250 3758 4322 Πλανᾷ

2183 4335 2274 4390 τὸν
2327 4335 2481 4404 ὄχλον
2500 4373 2515 4398 ,
2555 4333 3008 4403 μεταϐαλλόμενοι
3040 4332 3345 4403 ἐθαύμαζον
3367 4350 3379 4362 ·
3409 4333 3486 4387 διὸ
3528 4337 3619 4388 καὶ
3644 4334 3759 4386 ἐλε-

2182 4435 2306 4488 γον·
2342 4418 2474 4481 Πῶς
2506 4412 2682 4482 οὗτος
2712 4411 2836 4468 οἶδε
2874 4415 3180 4485 γράμματα
3201 4457 3214 4479 ,
3245 4415 3330 4485 μὴ
3355 4417 3708 4485 μεμαθηκώς
3736 4434 3757 4479 ;

2194 4509 2358 4578 Ὁρᾷς
2404 4506 2521 4569 πῶς
2570 4505 2809 4558 δείκνυσι
2859 4505 2954 4557 καὶ
2995 4504 3226 4557 ἐνταῦθα
3284 4505 3547 4576 πονηρίας
3588 4505 3758 4575 γέμον

2181 4594 2242 4646 τὸ
2289 4591 2468 4659 θαῦμα
2499 4588 2710 4655 αύτῶν;
2752 4589 2826 4640 Ού
2865 4587 2971 4658 γάρ
3001 4583 3151 4641 εἶπεν
3178 4631 3193 4655 ,
3225 4589 3304 4642 ὃτι
3352 4588 3447 4658 τὴν
3492 4588 3760 4642 διδασκα-

2183 4679 2302 4731 λίαν
2355 4672 2662 4743 ἐθαύμαζον
2685 4687 2699 4703 ο
2748 4671 2782 4740 ἢ
2821 4673 2901 4724 ὅτι
2933 4671 3175 4743 ἐδέχοντο
3207 4674 3274 4726 τὰ
3307 4674 3571 4743 λεγόμενα
3595 4689 3608 4704 ’
3641 4673 3760 4726 ἀλλ’

2185 4760 2370 4823 ἁπλῶς
2398 4798 2414 4822 ,
2471 4752 2832 4825 Ἐθαύμαζον
2867 4772 2881 4786 ο
2937 4757 3212 4810 τουτέστιν
3245 4797 3260 4822 ,
3330 4760 3409 4820 εἰς
3460 4755 3758 4826 ἐκπληξίαν

2186 4846 2475 4899 ἐνέπιπτον
2529 4839 2624 4893 καὶ
2670 4840 2963 4910 διηπόρουν
3018 4841 3266 4909 λέγοντες
3301 4881 3316 4904 ,
3366 4841 3533 4894 Πόθεν
3583 4840 3760 4894 τούτω

2183 4927 2388 4991 ταῦτα;
2424 4923 2540 4976 δέον
2589 4923 2698 4974 ἀπὸ
2730 4923 2829 4990 τῆς
2874 4923 3104 4994 ἀπορίας
3134 4925 3334 4991 ταύτης
3375 4925 3638 4987 συνιδεῖν,
3673 4924 3758 4976 ὅτι

2185 5011 2335 5064 ούδέν
2371 5006 2708 5078 ἀνθρώπινον
2739 5001 2807 5074 ἦν
2852 5007 2909 5058 ἐν
2958 5007 3126 5077 αύτῷ.
3176 5006 3315 5059 Ἀλλ’
3363 5007 3552 5075 ἐπειδὴ
3601 5005 3761 5059 τοῦτο

2185 5093 2338 5146 αὐτοὶ
2377 5092 2478 5144 οὐκ
2525 5088 2715 5159 ῆθελον
2767 5089 3096 5158 ὁμολογῆσαι
3141 5087 3208 5156 i,
3260 5089 3395 5144 ἀλλά
3449 5091 3610 5161 μέχρι
3662 5089 3758 5142 τοῦ

2187 5174 2488 5244 θαυμάζειν
2513 5173 2725 5225 ἵσταντο
2753 5171 2941 5242 μόνον,
2982 5173 3211 5226 ἄκουσον
3256 5174 3307 5225 τί
3361 5190 3521 5244 φησιν
3550 5173 3706 5235 αὐτός
3741 5189 3756 5203 ο

2197 5259 2259 5312 Ἠ
2299 5255 2414 5326 ἐμὴ
2459 5254 2676 5324 διδαχὴ
2733 5257 2843 5308 οὐκ
2891 5256 3063 5309 ἐστιν
3095 5254 3229 5324 ἐμή.
3272 5257 3438 5309 Πάλιν
3481 5257 3617 5327 πρὸς
3658 5257 3761 5326 τὴν

2186 5342 2440 5394 ὑπόνοιαν
2461 5339 2640 5393 αὐτῶν
2669 5338 3035 5410 ἀποκρίνεται,
3069 5341 3160 5391 ἐπὶ
3185 5340 3275 5393 τὸν
3305 5341 3524 5412 Πατέρα
3561 5341 3760 5403 αὐτοὺς

2186 5420 2333 5488 ἄγων
2363 5460 2376 5483 ,
2405 5418 2658 5471 κάκεῖθεν
2698 5419 3044 5487 ἐπιστομίσαι
3106 5417 3442 5488 βουλόμενος.
3487 5418 3628 5472 Ἐάν
3668 5435 3760 5482 τις

2188 5500 2334 5566 θέλῃ
2367 5497 2434 5551 τὸ
2469 5496 2695 5566 θέλημα
2717 5498 2901 5551 αὐτοῦ
2935 5497 3146 5558 ποιεῖν,
3181 5499 3467 5567 γνώσεται.
3495 5499 3624 5568 περί
3648 5496 3762 5566 τῆς·

2190 5579 2613 5642 διδασκαλίας,
2633 5579 2886 5644 πότερον
2905 5578 2973 5630 ἐκ
2990 5578 3096 5631 τοῦ
3110 5578 3254 5630 Θεοῦ
3267 5578 3458 5640 ἐστιν,
3476 5577 3514 5646 ἢ
3527 5577 3641 5648 ἐγὼ
3656 5577 3762 5632 ἀπ’

2198 5655 2458 5728 ἐμαυτοῦ
2486 5655 2673 5710 λαλῶ.
2717 5658 2780 5708 '0
2811 5657 2866 5708 δέ
2893 5656 3063 5725 λέγει,
3106 5657 3266 5710 τοῦτό
3296 5659 3442 5710 ἐστι’
3477 5658 3576 5728 τὴν
3601 5674 3763 5724 πονη-

2181 5737 2314 5812 ’ρίαν
2353 5739 2414 5804 ἐξ
2455 5739 2662 5792 ἐαυτῶν
2711 5740 2992 5802 ἐκϐάλετε,
3036 5743 3130 5794 καὶ
3180 5742 3281 5811 τὴν
3324 5741 3512 5810 ὀργὴν.
3545 5741 3762 5794 καὶτὸν

2191 5825 2402 5894 φθόνον,
2433 5823 2526 5877 καὶ
2551 5823 2612 5876 τὸ
2637 5827 2790 5893 μῖσος
2820 5825 2878 5877 τὸ
2901 5825 3024 5894 εἰκῆ
3067 5825 3204 5896 πρὸς
3237 5825 3336 5893 ἐμὲ
3375 5825 3760 5895 γεγενημένον,

2188 5909 2282 5962 καὶ
2307 5908 2456 5960 οὐδὲν
2494 5909 2556 5959 τὸ
2588 5907 2793 5960 κωλύον
2825 5909 2969 5978 ὑμᾶς
2993 5909 3277 5979 γνωρίσαι,
3316 5909 3397 5961 ὅτι
3429 5907 3563 5961 Θεοῦ
3593 5908 3762 5970 ὅντως

2257 6018 2282 6055 ε
2305 6014 2476 6064 Morel.
2499 6015 2650 6071 δόξαν.
2721 6015 2747 6053 δ
2785 6017 2956 6066 Morel.
3000 6021 3043 6065 οἱ
3066 6016 3179 6078 γοῦν
3220 6016 3467 6074 ζητοῦντες
3509 6016 3650 6066 αὐτὸν
3680 6015 3761 6064 καί

2195 6079 2421 6137 λέγοντες.
2494 6079 2507 6115 ἱ
2551 6078 2649 6127 Alli
2685 6081 2946 6140 χαυνώσας.
3020 6083 3033 6129 ί
3065 6080 3164 6128 Alii
3195 6079 3543 6141 ἀποκαλύψαι.-
