4084 6360
394 230 500 283 ἓτῧ

396 345 536 396 scius
561 338 712 393 nobis
738 351 841 389 non
864 348 1001 389 esse.
1036 331 1115 386 Ad
1142 330 1255 385 haec
1278 344 1552 398 quousque
1582 329 1850 383 hominum
1877 342 1969 382 ac-

394 433 695 487 cusationes
733 426 1065 482 metuemus?
1109 437 1385 495 quousque
1411 434 1745 475 communem
1789 419 1971 473 Domi-

393 540 517 579 num
545 522 919 591 despiciemus,
949 526 1005 571 et
1023 517 1170 571 carni
1202 512 1514 584 al'tigemur?
1543 512 1668 566 Cum
1689 512 1820 564 enim
1843 512 1971 564 inter

392 631 474 668 ros
501 615 564 667 sit
594 611 843 665 contentio
882 620 927 663 et
958 607 1212 660 aemulatio
1238 615 1283 658 et
1312 605 1601 667 seditiones,
1650 618 1813 655 nonne
1852 618 1967 655 car-

391 707 528 759 nales
558 706 673 758 estis
728 703 804 773 (1.
852 700 970 754 Cor.
1020 700 1072 752 5.
1116 698 1204 765 5)?
1245 696 1423 751 Simus
1470 709 1597 764 ergo
1645 695 1966 763 spirituales,

391 797 527 851 hanc
556 796 900 850 deterrimam
940 789 1108 844 feram
1140 788 1426 842 fronemus.
1464 786 1599 839 Iram
1630 785 1766 838 inter
1793 792 1848 837 et
1886 782 1965 837 fu-

392 904 569 943 rorem
614 887 813 941 nullum
860 884 1182 945 discrimen;
1229 879 1323 934 sed
1364 878 1711 947 temporarius
1753 874 1964 945 quidam

391 985 599 1036 (lceinon
631 992 740 1043 est;
771 980 878 1032 imo
916 975 1242 1031 dacmoniaco
1278 972 1447 1042 pejor.
1473 970 1603 1025 Nam
1639 970 1967 1024 diemoniaco

385 1074 533 1129 venia
561 1073 741 1134 datur;
775 1069 1058 1124 iracundus
1094 1076 1271 1121 autem
1300 1064 1445 1119 mille
1473 1062 1743 1133 suppliciis
1777 1061 1965 1131 dignus

381 1168 501 1226 erit,
530 1163 623 1232 qui
660 1177 718 1217 se
758 1171 947 1229 sponte
988 1158 1041 1212 in
1085 1156 1334 1227 perniciei
1387 1153 1631 1208 barathro
1665 1151 1865 1220 dejicit,
1897 1158 1954 1204 et

382 1265 506 1309 ante
528 1253 757 1307 futuram
778 1249 1078 1320 gehennam
1109 1246 1196 1300 hic
1230 1246 1340 1314 jam
1369 1258 1553 1314 pmnas
1581 1242 1709 1296 dare
1740 1241 1958 1310 incipit:

1342 217 1411 273 IN
1447 214 1753 272 JOANNEM
1792 213 2019 271 HOMIL.
2060 218 2244 275 XLIX.
2285 220 2356 277 aI.
2398 222 2624 283 XLVIII.

3560 236 3689 291 271"

2084 335 2207 391 dum
2237 343 2460 396 tumultu
2498 352 2753 413 perpetuo
2782 354 2836 400 et
2861 355 2993 401 astu
3036 347 3355 404 intolerabili
3385 351 3663 420 cogitatio.

2081 446 2204 483 num
2250 444 2403 487 nocte
2431 434 2622 504 dieque
2661 438 2977 507 exagitator.
3011 438 3081 495 Ut
3118 439 3296 509 itaque
3324 451 3379 495 et
3406 445 3657 511 prmsenti

2076 526 2333 592 supplicio
2363 535 2416 580 et
2445 529 2615 581 futura
2650 529 2877 583 vindicta
2907 545 3005 584 nos
3030 532 3343 595 liberemus,
3375 531 3477 587 hoc
3503 534 3658 602 pulso

2076 617 2236 670 animi
2286 618 2493 682 morbo,
2532 634 2744 674 omnem
2785 620 3128 676 exhibeamus
3166 624 3651 690 mansuetudinem,

2077 717 2135 761 ut
2161 708 2394 778 requiem
2432 710 2709 764 animabus
2738 712 2933 766 nostris
2959 713 3287 767 inveniamus
3315 722 3371 768 et
3405 714 3491 768 hic
3520 724 3574 769 et
3600 714 3654 769 in

2075 816 2238 869 regno
2276 801 2559 867 caelorum;
2614 802 2752 870 quod
2805 804 3007 858 utinam
3045 819 3233 860 omnes
3280 819 3646 874 assequamur,
3728 844 3735 851 .

2073 893 2237 961 gratia
2282 903 2338 947 et
2392 893 2713 962 benignitate
2760 894 2966 947 Domini
3021 896 3188 949 nostri
3231 894 3359 950 Jesu
3410 894 3643 962 Christi,

2074 1000 2167 1053 per
2194 1001 2351 1054 quem
2406 994 2461 1040 et
2509 1002 2626 1039 cum
2671 1000 2776 1055 quo
2818 985 2960 1040 Patri
3007 986 3172 1055 gloria
3222 987 3485 1057 simulque
3532 986 3650 1056 5μὶ-

2072 1075 2193 1128 ritui
2226 1084 2428 1141 sancto,
2470 1092 2611 1130 nunc
2655 1086 2710 1131 et
2754 1091 2987 1146 semper,
3030 1086 3084 1132 et
3126 1077 3177 1132 in
3205 1077 3400 1132 satcula
3424 1076 3649 1133 sacculo-

2074 1188 2212 1227 rum.
2244 1174 2432 1225 Amen.

386 1354 3638 1381 Μ

1741 1403 2083 1465 HOMILIA
2127 1404 2354 1462 XLIX.

377 1546 504 1599 Car.
535 1544 588 1597 7.
620 1559 671 1595 ν.
694 1541 747 1595 9.
781 1538 905 1593 Hcec
931 1554 1044 1591 cum
1076 1536 1281 1590 dixisset
1310 1533 1412 1587 illis
1435 1574 1450 1599 ,
1475 1533 1660 1586 ntansit
1707 1531 1761 1583 in
1807 1526 1954 1582 Gali-

451 1640 565 1688 lwa.
592 1636 679 1687 10.
727 1631 795 1687 Ut
823 1641 989 1684 autem
1017 1629 1343 1682 ascenderunt
1379 1628 1559 1695 fratres
1600 1625 1728 1687 eius,
1762 1632 1878 1674 tunc
1904 1630 1953 1674 et

448 1727 553 1795 ipse
594 1724 814 1778 ascendit
862 1722 929 1773 ad
972 1721 1105 1775 diem
1144 1722 1346 1790 festum,
1390 1732 1490 1769 non
1534 1713 1813 1797 manifeste,
1863 1713 1951 1766 sed

445 1818 590 1886 quasi
610 1816 661 1868 in
693 1814 910 1869 occulto.

445 1911 495 1964 1.
520 1907 747 1964 Christus
778 1908 999 1959 humano
1039 1920 1177 1958 more
1203 1904 1368 1956 vivens
1408 1901 1630 1954 homines
1664 1899 1840 1952 docere
1866 1898 1948 1950 in-

376 2001 547 2054 tendit.
580 2000 681 2053 Cur
706 1997 935 2054 Christus
955 1997 1040 2066 qui
1063 1994 1232 2065 palam
1256 2009 1447 2063 semper
1473 1990 1781 2059 loquebatur,
1814 2005 1947 2042 nunc

368 2109 422 2146 m
465 2093 659 2147 occulto
689 2087 1160 2159 loquitur.—-Qn:e
1198 2086 1430 2138 humano
1469 2097 1619 2137 more
1662 2098 1691 2135 a
1733 2079 1946 2134 Christo

371 2187 765 2254 dispensantur,
798 2197 902 2237 non
936 2182 1055 2236 ideo
1105 2186 1305 2233 tantum
1346 2178 1477 2231 ﬁunt
1523 2186 1579 2229 ut
1627 2174 1945 2230 incarnatio-

376 2294 494 2333 nem
522 2278 859 2337 conﬁrment,
893 2274 986 2329 sed
1017 2272 1176 2328 etiam
1206 2279 1263 2324 ut
1290 2284 1387 2324 nos
1416 2268 1481 2322 ad
1508 2268 1754 2322 virtutem
1788 2266 1943 2321 insti-

372 2381 537 2424 tuant.
582 2370 640 2425 Si
667 2369 807 2425 enim
834 2368 1016 2421 omnia
1044 2375 1310 2434 tamquam
1354 2362 1491 2416 Deus
1535 2360 1763 2423 fecisset,
1813 2372 1947 2427 quo-

369 2463 527 2517 modo
575 2474 852 2531 possemus
897 2472 1014 2523 nos,
1065 2470 1183 2509 cum
1235 2455 1438 2522 ingrata
1489 2450 1766 2513 accidunt,
1817 2448 1943 2519 quid

270 2585 290 2608 ο
369 2554 667 2609 faciendum
695 2552 765 2606 sit
793 2548 1071 2605 ediscere?
1099 2556 1155 2601 ut
1189 2544 1337 2599 verbi
1383 2544 1549 2614 gratia
1588 2542 1689 2597 hoc
1716 2544 1766 2596 in
1799 2543 1940 2609 loco,

367 2645 411 2697 si
440 2643 637 2699 ludatis
664 2656 847 2696 necem
888 2638 1227 2708 spirantibus,
1278 2636 1332 2689 in
1371 2633 1602 2689 medium
1648 2633 1942 2703 procedens

360 2724 546 2790 statim
588 2750 773 2789 eorum
821 2734 1074 2802 impetum
1127 2730 1471 2784 coercuisset.
1515 2726 1569 2783 Si
1620 2726 1795 2797 itaque
1837 2726 1940 2781 hoc

364 2827 580 2882 assidue
611 2826 842 2888 feciSset,
874 2839 973 2878 nos
1018 2822 1069 2876 in
1100 2820 1288 2876 eadem
1335 2818 1649 2882 incidentes,
1678 2834 1796 2872 cum
1830 2833 1934 2872 non

364 2933 641 2989 possemus
686 2916 827 2971 idem
876 2923 1149 2985 praestare,
1194 2911 1463 2983 quomodo
1505 2911 1761 2965 sciremus
1811 2911 1934 2979 quid

359 3013 620 3082 agendum
648 3010 827 3065 esset?
855 3019 1029 3063 utrum
1055 3007 1188 3061 mori
1211 3010 1497 3075 oporteret,
1526 3018 1594 3057 an
1618 3001 1759 3056 aliud
1784 3002 1934 3071 quid-

358 3104 499 3172 piam
530 3101 829 3172 providere,
875 3110 932 3153 ut
972 3113 1152 3153 sermo
1203 3094 1550 3166 procederet?
1596 3092 1728 3159 Quia
1776 3093 1934 3163 igitur

358 3211 477 3261 nos,
510 3196 599 3264 qui
628 3196 739 3263 pari
784 3200 1046 3263 potestate
1091 3188 1297 3259 praediti
1336 3202 1441 3241 non
1484 3200 1687 3245 sumus,
1719 3183 1845 3254 quid
1876 3188 1929 3238 in

356 3287 590 3341 medium
617 3284 869 3356 ingressis
898 3281 1193 3336 faciendum
1225 3286 1369 3333 esset
1393 3292 1495 3330 non
1520 3276 1925 3339 didicissemus;

355 3379 469 3433 haec
498 3378 617 3432 ideo
638 3378 705 3430 ab
732 3376 822 3430 illo
850 3375 1123 3428 docemur.
1152 3370 1282 3425 Nam
1309 3369 1406 3434 ait,
1444 3367 1565 3422 Hcec
1584 3384 1695 3420 cum
1724 3366 1927 3420 dixisset

353 3472 521 3535 Iesus,
551 3470 734 3522 mansit
758 3469 812 3520 in
851 3466 1082 3520 Catilina.
1136 3463 1204 3517 Ut
1245 3470 1411 3514 autem
1453 3458 1781 3526 ascenderunt
1818 3461 1925 3527 fra-

353 3573 450 3615 tres
493 3562 621 3631 ejus,
671 3568 789 3612 tunc
837 3567 883 3610 et
912 3558 1020 3627 ipse
1056 3552 1300 3615 ascendit,
1358 3568 1459 3605 non
1500 3550 1785 3621 manifeste,
1833 3547 1921 3601 sed

351 3654 493 3721 quasi
516 3668 571 3705 in
592 3649 804 3704 occulto.
845 3647 985 3710 Ha-c,
1022 3643 1365 3698 Ascenderunt
1395 3646 1576 3711 fratres
1605 3641 1734 3710 ejus,
1759 3638 1923 3707 signi-

342 3748 508 3799 ticant
555 3743 725 3812 ipsum
770 3738 1001 3792 noluisse
1027 3750 1148 3791 cum
1178 3734 1281 3788 illis
1305 3730 1613 3786 ascendere.
1655 3728 1923 3797 Quamob-

349 3852 462 3889 rem
494 3835 563 3889 ibi
592 3840 805 3896 manet,
835 3844 1005 3898 neque
1050 3841 1170 3882 sese
1205 3823 1485 3879 manifeste
1514 3821 1764 3886 ostendit,
1798 3820 1921 3874 licet

348 3928 399 3981 id
428 3928 501 3980 illi
537 3925 841 3979 suaderent.
864 3922 970 3976 Cur
991 3935 1116 3974 vero
1153 3919 1243 3988 qui
1285 3917 1453 3986 palam
1493 3929 1704 3982 semper
1731 3913 1918 3981 loque—

349 4020 523 4084 batur,
572 4032 715 4072 nunc
751 4015 899 4084 quasi
947 4014 999 4068 in
1028 4012 1239 4068 occulto
1287 4010 1339 4064 id
1391 4009 1553 4063 facit?
1594 4006 1709 4061 Non
1761 4006 1914 4070 dixit,

344 4110 582 4175 Occulte,
611 4107 728 4173 sed,
761 4107 919 4174 Quasi
943 4108 997 4159 in
1038 4105 1256 4159 occulto.
1298 4102 1386 4158 Sic
1435 4101 1575 4155 enim
1612 4099 1913 4169 Oportebat,

344 4200 790 4271 quemadmodum
822 4198 953 4263 dixi,
988 4206 1043 4251 ut
1066 4212 1163 4250 nos
1187 4195 1404 4249 doceret
1438 4194 1551 4248 [nec
1577 4196 1786 4263 negotia
1823 4208 1914 4262 ge-

344 4310 484 4350 rere.
515 4293 720 4363 Alioqui
754 4296 856 4345 non
889 4307 981 4361 par
1009 4300 1124 4343 erat
1152 4289 1257 4343 illis
1300 4287 1448 4341 iratis
1476 4295 1530 4345 et
1571 4286 1915 4341 {retinentibus

346 4399 470 4442 tunc
512 4402 843 4456 comparere,
882 4387 975 4441 scd
1012 4393 1132 4454 post
1172 4384 1314 4439 diem
1358 4381 1571 4436 festum.
1617 4382 1704 4435 11.
1744 4380 1913 4433 λιιάωὶ

343 4498 459 4551 ergo
485 4482 766 4547 quwrebant
787 4496 918 4543 eum,
946 4488 991 4533 et
1013 4479 1258 4543 dicebant,
1289 4475 1387 4532 Ubi
1406 4485 1478 4530 est
1505 4476 1629 4529 ille?
1654 4475 1911 4530 Praeclara

341 4580 485 4625 certe
517 4572 570 4624 in
609 4570 695 4625 die
746 4570 880 4624 festo
919 4569 1117 4638 opera!
1153 4568 1219 4623 ad
1263 4567 1463 4621 caedem
1510 4572 1816 4638 properant,
1856 4563 1909 4618 in

342 4662 478 4717 festo
501 4662 803 4717 consultant
831 4662 1095 4730 quomodo
1122 4661 1328 4729 capiant
1375 4660 1542 4713 illum.
1590 4658 1680 4712 Sic
1709 4666 1763 4712 et
1786 4655 1910 4710 alibi

339 4754 524 4807 dicunt
554 4767 569 4805 :
598 4751 733 4816 Quid
759 4752 963 4819 putatis,
1002 4752 1119 4820 quia
1161 4768 1261 4803 non
1309 4751 1439 4803 venit
1462 4749 1530 4801 ad
1555 4750 1684 4801 diem
1724 4748 1909 4816 festum

338 4841 520 4911 (Joan.
572 4842 657 4897 11.
702 4840 834 4913 56)?
872 4842 940 4895 Et
982 4841 1067 4895 hic
1104 4840 1371 4905 dicebant,
1426 4838 1522 4894 Ubi
1564 4848 1633 4892 est
1675 4838 1804 4891 ille?
1830 4837 1909 4891 Ex

338 4934 506 4987 nimio
544 4932 667 4986 odio
711 4950 776 4986 ne
821 4931 1095 4985 nominare
1138 4930 1351 4998 quidem
1380 4929 1682 4999 dignantur.
1723 4927 1907 4996 Magna

336 5034 481 5078 certe
504 5023 621 5079 festi
651 5024 968 5087 reverentia,
1002 5026 1184 5091 ingens
1223 5022 1420 5090 pietas!
1454 5020 1539 5075 die
1573 5020 1706 5074 festo
1737 5020 1906 5088 ipsum

337 5132 531 5185 capere
559 5117 823 5170 volebant.
853 5116 935 5169 12.
967 5114 1033 5167 Et
1060 5130 1287 5166 murmur
1323 5113 1535 5166 multum
1562 5122 1667 5166 erat
1692 5114 1752 5167 de
1772 5130 1829 5166 eo
1858 5113 1909 5166 in

339 5206 503 5259 turba.
538 5207 671 5261 Puto
693 5219 865 5261 autem
903 5207 1021 5260 illos
1060 5206 1108 5259 in
1144 5205 1372 5259 furorem
1406 5213 1555 5259 actos
1579 5220 1606 5256 a
1644 5205 1780 5269 loco,
1821 5203 1907 5257 ubi

338 5299 545 5365 signum
578 5298 774 5352 factum
805 5298 991 5363 inierat,
1021 5308 1179 5367 atque
1212 5306 1574 5365 exasperatos,
1604 5312 1709 5349 non
1744 5297 1813 5349 ita
1842 5298 1908 5349 de

340 5406 399 5441 re
422 5396 574 5456 gesta
596 5388 911 5458 indignatos
939 5403 1077 5453 esse,
1102 5397 1159 5441 ut
1190 5388 1445 5442 timebant
1491 5401 1558 5440 ne
1584 5386 1709 5456 quid
1737 5386 1908 5440 simile

342 5482 532 5535 iterum
564 5482 779 5536 faceret.
825 5482 1156 5562 Contrarium
1186 5495 1344 5549 porro
1384 5478 1594 5542 accidit,
1637 5479 1718 5533 vel
1760 5478 1906 5531 inviti

338 5574 539 5629 clarum
580 5575 749 5643 ipsum
792 5574 1152 5629 reddiderunt.
1210 5574 1429 5636 Quidam
1476 5572 1738 5635 dicebant,
1791 5570 1908 5641 quia

339 5662 495 5718 bonas
522 5674 615 5730 est,
643 5663 753 5728 alii,
799 5662 938 5730 Non,
980 5664 1066 5717 sed
1110 5664 1299 5718 seducit
1345 5662 1535 5717 turbas.
1587 5662 1730 5717 Illam
1782 5673 1907 5731 puto

2061 1525 2224 1580 fuisse
2253 1527 2605 1582 multitudinis
2633 1530 2969 1600 opinionem;
2998 1533 3155 1588 aliam
3191 1550 3318 1590 vero
3345 1537 3644 1607 principum

2059 1626 2115 1670 et
2137 1617 2472 1671 sacerdotum
2505 1636 2517 1671 :
2552 1634 2671 1672 nam
2702 1620 3014 1675 calumniari
3044 1623 3109 1677 ad
3140 1624 3350 1679 illorum
3385 1627 3635 1682 invidiam

2057 1717 2111 1763 et
2154 1710 2445 1779 nequitiam
2484 1713 2805 1781 pertinebat.
2849 1713 3057 1769 Seducit
3104 1718 3331 1782 turbam,
3374 1720 3632 1791 inquiunt.

2056 1801 2355 1867 Quomodo,
2382 1805 2601 1874 quaeso?
2623 1805 2756 1860 Num
2772 1809 2892 1877 quia
2917 1809 3065 1878 signa
3090 1810 3323 1879 simulat,
3345 1828 3448 1868 non
3480 1816 3638 1870 facit?

2053 1897 2214 1965 Atqui
2239 1897 2563 1952 contrarium
2592 1900 2917 1968 experientia
2944 1901 3118 1957 docet.
3153 1903 3240 1958 15.
3272 1903 3439 1959 Nemo
3468 1916 3633 1962 tamen

2053 1990 2224 2057 palam
2262 1989 2559 2051 loquebatur
2606 1993 2667 2045 de
2705 1993 2794 2046 illo
2842 2003 3045 2063 propter
3084 2007 3271 2049 metum
3311 1997 3629 2052 Jadworum.

2055 2081 2213 2136 Vides
2244 2082 2439 2152 ubique
2465 2084 2746 2151 optimates
2771 2097 3074 2156 corruptos,
3100 2088 3306 2157 plebem
3338 2105 3464 2144 vero
3486 2102 3631 2146 recte

2050 2172 2389 2237 sentientem,
2421 2173 2514 2227 sed
2554 2189 2660 2227 non
2706 2177 2979 2243 praeditam
3032 2194 3094 2233 ea
3130 2177 3439 2234 fortitudine
3472 2196 3628 2249 quam

2050 2265 2361 2334 oportebat?
2390 2266 2476 2320 14.
2504 2265 2626 2318 Jam
2655 2277 2821 2320 autem
2851 2269 2932 2320 die
2952 2271 3077 2338 festo
3106 2270 3375 2335 mediante,
3405 2272 3629 2324 ascendit

2047 2356 2213 2415 Jesus,
2260 2366 2306 2409 et
2348 2357 2571 2411 docebat.
2627 2358 2963 2426 Esspectatio
3011 2360 3322 2415 attentiores
3374 2362 3622 2416 reddidit.

2046 2445 2178 2502 Nam
2203 2450 2292 2518 qui
2336 2450 2599 2519 prioribus
2625 2450 2812 2504 diebus
2852 2451 3160 2519 quaerebant
3200 2468 3321 2508 eum
3364 2452 3618 2521 dicentes,

2050 2538 2149 2594 Ubi
2198 2548 2269 2593 est
2308 2541 2433 2593 ille?
2487 2550 2708 2610 repente
2752 2540 2898 2594 illum
2948 2542 3209 2608 videntes,
3259 2544 3623 2599 animadverte

2046 2631 2313 2701 quomodo
2340 2631 2573 2698 adstent,
2627 2643 2680 2687 et
2720 2634 3019 2703 loquentem
3065 2634 3368 2699 observent,
3409 2644 3513 2689 tam
3546 2636 3619 2690 illi

2043 2725 2130 2795 qui
2158 2725 2375 2791 bonum,
2405 2739 2560 2795 quam
2589 2725 2675 2779 alii
2701 2726 2792 2796 qui
2819 2726 3011 2781 malum
3037 2725 3179 2782 illum
3212 2726 3459 2782 dicebant
3489 2730 3617 2784 :sed

2043 2817 2119 2871 illi
2167 2826 2224 2871 ut
2270 2818 2541 2887 quidpiam
2587 2819 2713 2872 lucri
2766 2829 3133 2888 reportarent,
3191 2821 3616 2895 mirarenturque

2040 2909 2247 2977 ipsum;
2277 2909 2364 2963 alii
2411 2918 2467 2963 ut
2504 2909 3018 2978 comprehenderent
3062 2922 3116 2966 et
3160 2926 3430 2982 caperent.
3481 2916 3614 2970 lilud

2038 3010 2236 3064 autem,
2268 3002 2476 3055 Seducit
2514 3006 2728 3066 turbam,
2777 3019 2871 3072 per
2896 3004 3187 3059 doctrinam
3238 3009 3460 3066 scilicet.
3508 3026 3610 3065 non

2037 3093 2394 3161 intelligentes
2419 3093 2541 3162 quid
2568 3092 2770 3148 diceret
2802 3112 2815 3147 :
2844 3096 2969 3150 illud
2996 3112 3144 3164 vero,
3175 3097 3367 3166 Bonus,
3396 3116 3424 3154 a
3449 3102 3612 3171 signis

2034 3182 2329 3238 dicebatur.
2357 3184 2551 3240 Setlato
2599 3184 2775 3255 itaque
2807 3187 3013 3241 illorum
3058 3188 3235 3244 furore
3284 3192 3354 3245 ita
3400 3194 3606 3257 institit,

2034 3283 2092 3328 ut
2115 3275 2275 3329 verba
2305 3290 2399 3330 sua
2428 3276 2708 3345 diligenter
2736 3278 3000 3345 audirent,
3042 3295 3214 3350 neque
3251 3284 3478 3350 amplius
3523 3288 3607 3337 in-

2031 3363 2228 3434 dignati
2259 3380 2415 3421 aures
2440 3366 2798 3422 obstruerent.
2832 3367 2967 3435 Quid
2996 3369 3255 3437 docuerit,
3286 3388 3387 3427 non
3428 3385 3607 3430 narrat

2028 3458 2383 3527 evangelista;
2429 3459 2479 3511 id
2524 3459 2695 3513 solum
2744 3459 2869 3514 dicit
2909 3462 3049 3531 quod
3092 3463 3404 3520 mirabiliter
3429 3468 3497 3520 sit
3522 3468 3602 3521 lo-

2026 3562 2241 3623 quutus,
2273 3555 2414 3624 quod
2443 3555 2586 3623 ipsos
2611 3554 2941 3621 demulserit,
2976 3564 3031 3610 et
3060 3560 3276 3613 mutarit
3302 3575 3314 3610 :
3347 3568 3489 3613 tanta
3516 3561 3599 3615 di-

2023 3655 2231 3699 ctorum
2258 3647 2424 3699 virtus
2440 3656 2575 3700 erat.
2593 3646 2695 3712 Qui
2724 3663 2849 3701 vero
2865 3647 3131 3715 dicebant,
3154 3648 3362 3703 Seducit
3383 3652 3596 3717 turbam,

2024 3736 2208 3789 mutati
2231 3736 2339 3804 jam
2367 3736 2783 3801 admirabantur,
2829 3737 3051 3807 ideoque
3094 3739 3171 3793 sic
3208 3741 3594 3809 loquebantur:

2025 3827 2110 3881 15.
2147 3827 2409 3894 Quomodo
2437 3830 2531 3880 scit
2558 3828 2747 3891 literas,
2779 3828 2863 3897 qui
2892 3844 2991 3881 non
3018 3829 3233 3882 didicit?
3260 3829 3447 3885 Viden'
3467 3824 3599 3899 quo;

2022 3915 2181 3970 modo
2207 3917 2609 3971 admirationem
2654 3933 2836 3972 eorum
2877 3919 3106 3986 nequitia
3138 3918 3348 3988 plenam
3377 3921 3597 3975 demoti-

2020 4007 2195 4062 stret?
2222 4006 2339 4062 Non
2383 4010 2524 4062 enim
2556 4008 2681 4063 dicit
2712 4008 2854 4077 ipsos
2881 4008 3175 4063 doctrinam
3208 4012 3424 4066 miratos
3454 4029 3593 4078 esse,

2023 4101 2107 4154 vcl
2137 4100 2276 4155 dicta
2306 4099 2584 4155 admisisse
2617 4120 2629 4155 :
2660 4100 2754 4156 sed
2784 4112 3005 4166 tantum,
3033 4101 3387 4167 Mirabantur;
3419 4104 3466 4158 id
3490 4114 3591 4169 est,

2020 4191 2072 4245 in
2102 4206 2370 4261 smporcm
2400 4191 2705 4247 deciderant
2730 4192 2988 4257 dicentes,
3019 4192 3173 4248 Unde
3193 4194 3268 4248 illi
3298 4194 3589 4251 haec?cum

2019 4298 2083 4337 ex
2115 4284 2445 4338 dubitatione
2476 4284 2563 4337 tali
2618 4285 2916 4352 perspicere
2950 4284 3261 4340 debuissent
3302 4286 3429 4340 nihil
3475 4292 3593 4359 puri

2019 4376 2250 4430 hominis
2279 4377 2331 4429 in
2376 4377 2468 4430 illo
2514 4376 2693 4431 luisse.
2730 4376 2923 4431 Verum
2955 4377 3076 4447 quia
3106 4378 3205 4431 hoc
3238 4379 3309 4432 illi
3352 4382 3590 4435 confiteri

2019 4467 2289 4535 nolebant,
2317 4468 2409 4522 sed
2442 4468 2767 4522 mirabantur
2795 4469 2989 4535 solum,
3012 4469 3133 4523 audi
3154 4469 3279 4540 quid
3309 4471 3395 4524 ille
3416 4472 3588 4527 dicat:

2023 4561 2107 4614 16.
2147 4558 2267 4613 Mea
2308 4559 2536 4611 doctrina
2563 4576 2662 4611 non
2695 4569 2767 4612 est
2810 4575 2939 4612 mea.
2971 4559 3174 4615 Rursus
3203 4575 3385 4615 eorum
3415 4565 3589 4634 suspi-

2015 4651 2155 4705 cioni
2181 4648 2488 4719 respondet,
2517 4648 2582 4702 ad
2613 4649 2822 4703 Patrem
2871 4650 2989 4704 illos
3031 4651 3319 4718 abducens,
3364 4662 3420 4707 ut
3466 4655 3589 4711 inde

2016 4747 2118 4801 illis
2145 4749 2412 4803 silentium
2445 4750 2679 4819 imponat
2707 4769 2719 4803 :
2754 4751 2841 4804 17.
2886 4750 2948 4805 Si
2975 4750 3083 4819 quis
3116 4752 3325 4805 voluerit
3353 4754 3589 4807 volunta-

2016 4851 2111 4893 tem
2136 4843 2248 4910 ejus
2275 4844 2460 4913 facere,
2500 4853 2759 4915 cognoscet
2804 4845 2867 4896 de
2895 4844 3143 4909 doctrina,
3182 4855 3351 4899 utrum
3389 4864 3452 4901 ea:
3484 4847 3590 4903 Dm

2014 4932 2093 4993 sit,
2121 4948 2187 4984 an
2209 4948 2297 5001 ego
2323 4949 2355 4986 a
2380 4934 2571 5002 meipso
2600 4935 2794 5003 loquar.
2829 4934 2938 4988 Hoc
2959 4944 3059 4996 est,
3087 4934 3403 5004 Nequitiam,
3431 4938 3582 5001 iram,

2016 5021 2262 5074 invidiam
2291 5022 2493 5091 ejicite;
2522 5040 2724 5077 necnon
2754 5024 2931 5077 odium
2960 5025 3095 5093 quod
3137 5035 3320 5080 contra
3356 5042 3441 5081 me
3471 5028 3588 5083 sine

2013 5125 2170 5164 causa
2197 5114 2525 5182 suscepistis,
2556 5122 2609 5166 et
2636 5113 2765 5166 niliil
2805 5114 3055 5181 impediet
3082 5114 3205 5184 quin
3254 5118 3587 5185 cognoscatis

2016 5201 2179 5255 verba
2207 5218 2324 5257 mea
2348 5220 2473 5258 vere
2507 5205 2597 5259 [)ei
2629 5220 2767 5257 esse.
2802 5204 2948 5258 Nunc
2978 5206 3090 5259 haec
3117 5222 3211 5260 vos
3243 5206 3471 5260 tenebris
3502 5208 3587 5262 01'-

2014 5290 2259 5356 fundunt,
2282 5303 2336 5348 et
2362 5304 2564 5349 rectum
2595 5296 2734 5363 apud
2768 5312 2863 5349 vos
2883 5296 3138 5364 judicium
3166 5308 3508 5365 pervertunt;
3542 5300 3586 5353 si

2014 5384 2128 5440 haec
2153 5386 2454 5450 eliminetis,
2488 5404 2593 5441 non
2626 5388 2752 5442 illud
2795 5389 3086 5458 patiemini.
3118 5389 3222 5444 Sed
3247 5404 3353 5443 non
3398 5390 3468 5444 ita
3508 5390 3587 5445 lo-

2014 5487 2209 5545 quutus
2236 5487 2334 5543 est,
2363 5493 2431 5533 ne
2470 5480 2627 5533 nimis
2667 5479 2785 5533 illos
2815 5479 3229 5549 perstringeret;
3260 5497 3442 5536 verum
3471 5482 3585 5539 haec

2016 5571 2192 5623 omnia
2218 5571 2589 5635 subindicavit,
2617 5587 2735 5627 cum
2758 5574 2977 5637 diceret,
3005 5572 3105 5640 Qui
3134 5574 3253 5643 facit
3282 5572 3584 5632 voluntatem

2015 5664 2145 5729 ejus,
2173 5673 2433 5733 cognoscet
2471 5664 2534 5717 de
2559 5664 2807 5729 doctrina,
2848 5675 3011 5717 utrum
3041 5680 3103 5718 ea:
3131 5663 3236 5721 Deo
3264 5668 3349 5733 sit,
3390 5685 3457 5722 an
3495 5687 3583 5737 ego
