4084 6360
523 281 622 337 175

515 418 550 455 a
577 398 767 468 meipso
794 395 1011 466 loquar;
1039 393 1088 449 id
1120 401 1221 460 est,
1253 392 1388 447 Num
1432 393 1664 447 alienum
1699 390 1847 462 quid,
1875 400 1967 445 aut
1996 403 2090 445 noo

516 509 662 558 vum,
687 501 778 545 aut
803 489 1127 546 contrarium
1157 485 1446 555 proferam.
1473 484 1604 540 Nam
1634 483 1784 548 illud,
1808 484 1851 537 Α
1881 484 2090 555 meipso,

517 599 729 652 sen‘tper
758 581 824 636 ad
868 580 970 636 hoc
1012 578 1256 643 refertur,
1283 577 1422 647 quod
1465 578 1593 631 nihil
1620 585 1806 645 praeter
1840 575 2091 645 placitum

510 676 628 742 ejus
661 676 883 739 loquar;
915 671 1007 726 sed
1050 672 1228 725 omnia
1266 686 1384 740 qum
1416 670 1574 725 Pater
1601 669 1729 735 vult,
1772 668 1886 723 haec
1913 677 1967 722 et
1994 683 2093 737 ego

514 765 653 818 volo.
687 763 750 820 Si
782 765 895 835 quis
923 762 1225 817 voluntatem
1268 763 1377 833 ejus
1405 762 1574 832 faciat,
1621 769 1881 832 cognoscet
1908 760 1970 814 de
2007 761 2093 812 do-

510 858 694 911 ctrina.
726 856 864 924 Quid
892 856 993 911 sibi
1041 856 1152 909 vult
1198 855 1346 918 illud,
1397 854 1458 909 Si
1504 854 1616 918 quis
1650 855 1953 907 uoluntatem
1981 853 2091 920 ejus

509 951 665 1017 faciat
687 950 713 1003 ?
729 949 783 1003 ld
800 958 902 1013 est,
927 949 981 1004 Si
1008 949 1124 1017 quis
1142 947 1349 1001 virtutis
1373 947 1441 999 sit
1456 954 1680 1007 amator,
1699 944 1962 999 dictorum
1985 943 2089 998 vim

507 1052 829 1111 cognoscet;
860 1042 903 1094 si
950 1041 1070 1111 quis
1109 1040 1236 1095 velit
1283 1038 1576 1108 prophetiis
1617 1037 1914 1103 attendere,
1962 1052 2088 1090 num

508 1130 804 1187 secundum
831 1146 924 1187 eas
948 1132 1153 1201 loquar,
1178 1146 1364 1186 necne.

578 1223 637 1279 2.
670 1224 934 1291 Quomodo
965 1225 1128 1277 dicere
1152 1224 1365 1295 potuerit
1388 1220 1617 1277 Christus
1642 1222 1867 1275 eamdem
1896 1221 2089 1275 doctri-

506 1333 624 1369 nam
651 1333 755 1370 esse
780 1325 827 1370 et
855 1332 955 1369 non
983 1333 1088 1369 esse
1115 1333 1278 1369 suam.
1310 1314 1610 1384 Hypostasis
1635 1314 1738 1367 alia
1764 1313 1957 1379 Patris,
1986 1316 2089 1368 alia

507 1407 653 1463 Filii.
676 1439 746 1448 —
766 1407 1045 1473 Quomodo
1064 1423 1156 1461 sua
1178 1422 1298 1461 esse
1323 1414 1514 1476 potest,
1540 1415 1594 1460 et
1619 1421 1722 1458 non
1752 1419 1843 1459 sua
1863 1405 1885 1457 ?
1905 1405 2088 1475 Neque

505 1504 649 1555 enim
671 1500 825 1564 dixit,
852 1500 1099 1553 Doctrina
1129 1498 1244 1553 haec
1274 1515 1379 1552 non
1403 1508 1484 1553 est
1505 1513 1622 1553 mea
1645 1514 1659 1563 ;
1683 1497 1777 1553 sed
1798 1513 1918 1553 cum
1942 1499 2088 1568 prius

504 1607 679 1647 meam
710 1593 952 1657 dixisset,
973 1600 1028 1647 et
1055 1592 1153 1647 sibi
1184 1592 1451 1662 propriam
1480 1591 1714 1657 fecisset,
1740 1600 1864 1647 tunc
1890 1592 2083 1655 intulit,

506 1685 630 1740 Non
660 1697 731 1740 est
760 1702 891 1739 mea.
926 1684 1205 1751 Quomodo
1235 1693 1408 1755 poteSt
1442 1684 1669 1751 idipsum
1696 1698 1816 1739 esse
1854 1700 2006 1738 suum
2032 1694 2088 1739 et

503 1792 611 1833 non
650 1778 839 1833 suum?
876 1776 981 1833 Sua
1004 1818 1019 1842 ,
1050 1776 1170 1847 quia
1214 1791 1318 1829 non
1356 1776 1406 1830 id
1444 1777 1664 1831 edoctus
1700 1776 1945 1844 dicebat;
1978 1794 2082 1833 non

504 1888 597 1927 sua
620 1915 634 1939 ,
666 1874 786 1941 quia
817 1871 1057 1927 doctrina
1086 1871 1261 1925 Patris
1286 1880 1422 1925 erat.
1454 1870 1733 1938 Quomodo
1761 1884 1890 1941 ergo
1917 1871 2044 1926 dicit
2066 1914 2081 1934 .

506 1964 689 2018 Omnia
718 1979 831 2033 qua:
853 1973 970 2017 sunt
999 1962 1172 2017 Patris
1199 1979 1308 2017 mea
1335 1973 1485 2028 sunt,
1517 1972 1564 2016 et
1595 1979 1709 2033 qua:
1737 1979 1879 2037 mea,
1914 1962 2084 2017 Patris

501 2054 680 2123 (Joan.
714 2056 802 2110 17.
833 2053 963 2125 10)⁴ἒ
989 2054 1045 2110 Si
1071 2055 1211 2108 enim
1242 2054 1362 2123 quia
1389 2054 1563 2109 Patris
1586 2062 1701 2120 est,
1729 2053 1850 2109 ideo
1875 2070 1980 2109 non
2003 2063 2085 2109 est

501 2158 589 2203 tua
611 2190 626 2212 ,
659 2148 852 2203 falsum
891 2155 974 2203 est
1018 2147 1183 2212 illud;
1226 2147 1343 2202 ideo
1382 2162 1611 2217 namque
1637 2157 1723 2201 tua
1756 2161 1875 2201 esse
1901 2147 2079 2203 debet.

498 2241 603 2298 Sed
638 2242 765 2295 illud
790 2283 805 2307 ,
842 2240 961 2295 Non
1001 2253 1073 2295 est
1110 2257 1253 2305 mea,
1285 2255 1434 2294 suam
1460 2248 1516 2295 et
1548 2240 1719 2295 Patris
1756 2240 2081 2295 voluntatem

502 2349 657 2388 unam
681 2348 801 2387 esse
827 2333 1082 2401 majorem
1107 2333 1158 2386 in
1178 2332 1390 2386 modum
1413 2332 1682 2397 declarat;
1704 2346 1768 2387 ac
1789 2332 1832 2387 si
1854 2332 2078 2398 diceret,

495 2423 638 2480 Nihil
677 2425 837 2480 habet
874 2425 1174 2491 diversum,
1204 2424 1355 2495 quasi
1399 2424 1618 2480 alterius
1656 2433 1818 2480 esset.
1858 2423 2079 2480 Etiamsi

494 2520 639 2575 enim
671 2517 975 2589 hypostasis
1011 2518 1082 2572 sit
1112 2516 1235 2584 alia,
1264 2517 1342 2572 sic
1370 2517 1577 2588 loquor,
1605 2517 1683 2572 sic
1706 2532 1832 2587 ago,
1864 2532 1933 2573 ne
1961 2519 2075 2573 exi-

494 2611 742 2666 stimetur
768 2610 912 2665 aliud
950 2625 980 2664 a
1018 2610 1210 2673 Patre,
1243 2608 1337 2663 sed
1379 2609 1519 2664 idem
1553 2609 1727 2678 ipsum
1754 2609 1895 2680 quod
1924 2610 2080 2664 Pater

495 2704 653 2770 facit,
682 2712 738 2759 et
774 2705 855 2773 agi
891 2712 946 2758 et
979 2703 1101 2758 dici.
1146 2700 1348 2756 Deinde
1387 2700 1551 2756 alium
1596 2700 1812 2756 adducit
1858 2700 2075 2773 syllogi~

494 2812 667 2852 smum
692 2838 708 2863 ,
739 2796 825 2851 cui
854 2795 1147 2851 contradici
1195 2804 1445 2866 nequeat,
1478 2793 1712 2849 humano
1740 2803 1794 2850 et
1820 2802 2078 2849 consueto

493 2888 742 2958 exemplo
788 2890 992 2943 nixum.
1031 2887 1309 2953 Quodnam
1356 2887 1485 2942 illud
1514 2886 1636 2943 est?
1669 2887 1756 2943 i8.
1793 2888 1891 2954 Qui
1928 2905 1960 2941 a
1995 2903 2077 2941 se-

491 2981 605 3048 ipso
631 2979 877 3049 loquitur,
903 2979 1160 3047 propriam
1185 2977 1402 3048 gloriam
1427 2979 1625 3047 quaerit.
1651 2978 1706 3033 Id
1727 2988 1829 3045 est,
1855 2980 1943 3049 qui
1964 2980 2077 3034 vult

492 3071 594 3128 sibi
627 3071 894 3142 pr0priam
924 3080 1162 3127 statuere
1195 3070 1493 3125 doctrinam
1514 3113 1528 3137 ,
1558 3071 1687 3125 nihil
1716 3071 1857 3127 aliud
1888 3078 2072 3141 optat,

492 3183 655 3238 quam
684 3176 741 3221 ut
770 3166 869 3222 sibi
898 3166 1119 3236 gloriam
1145 3163 1268 3219 hinc
1293 3166 1524 3234 pariat‘.
1551 3164 1609 3221 Si
1628 3175 1806 3221 autem
1826 3181 1927 3236 ego
1951 3167 2075 3221 nolo

492 3259 621 3313 mihi
649 3259 872 3329 gloriam
915 3271 1140 3325 parere,
1176 3272 1273 3310 cur
1317 3257 1584 3327 propriam
1629 3256 1927 3313 doctrinam
1960 3267 2075 3312 sta-

492 3361 643 3406 tuere
669 3350 865 3420 cupio?
895 3349 997 3417 Qui
1024 3365 1055 3401 a
1081 3348 1344 3419 semetipso
1371 3349 1622 3418 loquitur;
1654 3347 1705 3402 id
1731 3357 1833 3411 est,
1860 3347 1960 3415 Qui
1989 3347 2073 3401 di-

490 3459 699 3499 versum
730 3443 998 3513 quidpiam
1028 3452 1082 3498 et
1111 3442 1212 3497 sibi
1244 3443 1514 3513 proprium
1550 3440 1721 3507 affert,
1755 3440 1875 3497 ideo
1904 3441 2077 3512 loqui-

490 3545 576 3590 tur
596 3545 654 3589 ιιι
672 3536 890 3605 gloriam
913 3534 1011 3589 sibi
1044 3542 1210 3604 paret.
1236 3533 1290 3590 Si
1313 3543 1492 3588 autem
1517 3548 1616 3602 ego
1644 3548 1825 3603 qutero
1849 3533 2072 3603 gloriam

486 3627 604 3697 ejus
624 3627 713 3697 qui
736 3626 879 3680 misit
904 3642 1012 3692 me,
1036 3640 1131 3681 cur
1154 3625 1256 3679 alia
1279 3624 1473 3680 docere
1493 3625 1691 3681 velim?
1711 3623 1899 3680 Viden’
1925 3626 2071 3680 illum

487 3718 716 3787 quadam
757 3717 825 3772 de
865 3732 1025 3773 causa
1069 3717 1247 3773 dicere
1287 3732 1347 3773 se
1395 3716 1525 3771 nihil
1568 3733 1597 3771 a
1638 3718 1815 3789 seipso
1859 3718 2074 3774 facere?

487 3810 744 3878 Quasnam
777 3809 863 3864 illa
895 3824 1054 3864 causa
1086 3810 1211 3865 est?
1234 3809 1303 3866 Ut
1327 3810 1610 3865 crederent
1635 3826 1693 3866 se
1716 3827 1821 3866 non
1845 3811 2072 3881 gloriam

484 3902 625 3973 apud
653 3904 867 3972 vulgum
896 3910 1131 3973 captare.
1156 3902 1491 3973 Quapropter
1511 3918 1631 3957 cum
1662 3902 1877 3957 humilia
1902 3904 2073 3974 loqui-

485 4003 594 4060 tur,
622 3993 731 4066 Ego
755 3993 926 4049 Patris
949 3996 1164 4066 gloriam
1182 4011 1371 4066 qutcro,
1400 3994 1589 4064 inquit,
1618 4006 1674 4049 ut
1699 3995 1945 4050 ostendat
1967 3996 2073 4052 illis

484 4086 704 4156 ubique,
736 4100 795 4140 se
825 4100 928 4139 non
960 4100 1202 4155 quaerere
1235 4085 1476 4154 gloriam.
1509 4085 1619 4140 Cur
1646 4096 1822 4142 autem
1852 4086 2069 4143 humilia

484 4180 753 4249 loquatur,
786 4180 967 4233 multa:
993 4188 1113 4233 sunt
1148 4194 1322 4233 causre
1347 4196 1362 4245 ;
1395 4189 1517 4249 puta
1537 4220 1554 4246 ,
1584 4195 1650 4234 ne
1680 4181 1943 4252 ingenitus
1972 4198 2071 4252 puo

484 4281 628 4327 tetur
653 4288 772 4327 esse
794 4314 809 4337 ,
848 4288 915 4329 ne
961 4271 1069 4327 Deo
1104 4272 1473 4336 adversarius,
1506 4282 1563 4327 ut
1586 4287 1803 4329 carnem
1835 4274 2071 4330 induisse

483 4367 753 4433 credatur,
782 4378 838 4423 ut
865 4366 1158 4422 infirmitati
1189 4368 1491 4422 auditorum
1518 4367 1780 4435 consulat,
1806 4377 1861 4421 ut
1889 4368 2071 4423 mode-

484 4459 643 4513 stiam
681 4459 877 4513 sectari
918 4467 973 4513 et
1013 4459 1321 4528 jactantiam
1350 4458 1533 4530 fugere
1560 4460 1768 4515 doceat.
1811 4460 2071 4515 Sublimia

483 4566 611 4607 vero
638 4551 886 4622 loquendi
914 4565 1015 4605 una
1043 4552 1214 4606 solum
1240 4552 1536 4619 reperiatur
1556 4566 1737 4617 causa,
1767 4567 1957 4621 nempe
1978 4566 2073 4605 na—

485 4654 619 4698 turze
650 4645 979 4715 praestantia.
1005 4643 1111 4700 Sed
1141 4644 1187 4698 si
1213 4646 1335 4710 quia
1364 4645 1525 4712 dixit,
1560 4660 1620 4701 se
1647 4655 1772 4701 ante
1800 4645 2068 4701 Abraham

483 4735 669 4804 fuisse,
692 4736 879 4792 οπεηεί
903 4746 1047 4804 sunt,
1072 4752 1178 4806 quo
1202 4752 1309 4791 non
1338 4736 1726 4808 prorupissent,
1755 4739 1797 4792 si
1825 4738 2071 4793 sublimia

482 4842 700 4897 semper
734 4828 1054 4883 audissent?
1082 4828 1168 4883 19.
1212 4828 1398 4883 Nonne
1440 4830 1642 4900 Moyses
1670 4831 1808 4885 dedit
1833 4832 1969 4885 vobis
1999 4832 2071 4886 le-

482 4937 593 4990 gem
612 4962 629 4986 ,
665 4929 711 4974 et
744 4936 888 4975 nemo
921 4937 986 4974 ea:
1019 4921 1157 4975 vobis
1194 4923 1319 4993 facit
1354 4922 1552 4993 legem?
1580 4922 1715 4990 Quid
1742 4940 1820 4977 me
1849 4925 2072 4995 queritis

481 5013 807 5081 interﬁcere?
831 5013 1000 5079 Quam
1026 5014 1484 5084 consequentiam,
1512 5015 1638 5085 quid
1665 5030 1948 5070 commune
1975 5016 2073 5071 ha-

486 5105 613 5159 bent
644 5104 759 5158 baec
786 5119 907 5159 cum
941 5105 1366 5173 przecedentibus
1394 5105 1607 5161 verbis?

554 5193 788 5249 Christus
820 5211 875 5250 se
913 5200 1156 5266 (aqualem
1196 5196 1301 5251 Deo
1330 5207 1378 5250 et
1404 5196 1551 5252 Patri
1580 5198 1721 5252 dicit.
1752 5229 1824 5239 —
1848 5198 1964 5254 Duo
1992 5199 2070 5255 illi

482 5289 707 5343 crimina
737 5289 1107 5354 intentabant;
1136 5290 1301 5352 aliud,
1327 5291 1465 5358 quod
1492 5291 1771 5346 sabbatum
1804 5292 2067 5359 solveret;

483 5382 647 5446 aliud,
680 5382 820 5453 quod
855 5382 1021 5438 Deum
1053 5382 1261 5437 Patrem
1297 5384 1519 5449 diceret,
1549 5400 1713 5456 seque
1752 5384 1863 5441 Deo
1888 5401 2068 5455 acqua-

489 5473 594 5527 lem
635 5471 854 5530 faceret.
885 5474 1036 5541 Quod
1075 5476 1216 5528 enim
1256 5489 1361 5529 non
1392 5493 1458 5531 ex
1489 5476 1701 5532 illorum
1730 5478 2067 5547 suspicione,

489 5565 581 5619 sed
606 5580 672 5621 ex
711 5567 923 5637 propria
951 5569 1212 5624 sententia
1238 5569 1316 5624 sic
1341 5569 1688 5642 loqueretur;
1718 5580 1773 5627 at
1800 5588 1907 5628 non
1933 5574 2072 5629 sicut

545 5699 581 5772 Διί
604 5696 850 5772 latiorel.
876 5698 1074 5772 legitur,
1091 5702 1174 5771 qui
1192 5702 1343 5752 vulta
1366 5703 1617 5772 semetipso
1640 5704 1769 5770 loqui
1789 5705 1909 5758 mhil
1930 5704 2067 5757 aliud

490 5761 689 5810 intendit
713 5773 858 5822 quam
879 5761 993 5815 inde
1011 5761 1218 5828 gloriam
1239 5765 1480 5830 consequi.

1297 277 1354 331 S.
1395 275 1672 331 JOANNIS
1709 271 2177 333 CHRYSOSTOMI
2219 269 2533 327 ARCHIEP.
2574 271 3107 332 CONSTANTINOP.

3672 282 3777 340 276

2202 388 2292 442 alii
2321 388 2492 454 multi,
2522 388 2615 444 sed
2644 389 2794 458 quasi
2826 390 3098 458 proprium
3126 390 3225 445 sibi
3252 400 3302 446 et
3332 391 3583 448 eximium
3611 393 3662 449 id
3689 396 3776 450 di-

2200 489 2367 543 ceret,
2392 479 2514 534 hinc
2533 480 2707 549 palam
2730 489 2831 535 est.
2857 480 3003 535 Multi
3026 497 3168 551 saepe
3194 492 3397 551 patrem
3420 500 3571 539 suum
3594 485 3777 543 dixere

2202 571 2369 626 Deum
2403 589 2417 626 :
2445 574 2670 643 exempli
2699 588 2880 640 causa,
2901 573 3039 628 Deus
3059 592 3188 630 unus
3216 578 3399 630 creavit
3426 594 3538 645 nos,
3566 591 3613 633 et
3637 593 3782 648 pater

2198 652 2333 719 unus
2352 674 2424 718 est
2447 668 2666 720 omnium
2694 676 2919 722 nostrum
2940 667 3094 737 (Mal.
3126 670 3181 723 2.
3212 670 3337 739 10);
3370 686 3468 727 nec
3497 686 3774 743 propterea

2200 756 2427 824 populus
2455 757 2671 827 mqualis
2707 758 2815 813 Deo
2854 768 2988 813 erat.
3019 761 3353 831 Quapropter
3390 778 3496 818 non
3534 766 3775 823 olfende~

2198 846 2393 901 bantur
2411 862 2530 902 cum
2558 848 2671 903 haec
2689 849 2951 905 audirent.
2975 850 3043 907 Ut
3060 867 3187 922 ergo
3205 868 3324 908 cum
3342 854 3581 912 dicereut
3602 859 3773 929 ipsum

2196 954 2262 991 ex
2295 938 2401 993 Deo
2431 953 2534 993 non
2564 954 2715 1005 esse,
2752 941 2894 1009 ipsos
2922 957 3064 1012 saepe
3089 947 3359 1010 correxit,
3390 956 3446 1002 et
3471 948 3539 1005 de
3567 951 3771 1008 sabbati

2197 1028 2458 1083 solutione
2496 1045 2616 1085 sese
2654 1032 2932 1089 defendit:
2964 1036 3034 1088 ita
3064 1036 3106 1089 si
3137 1052 3201 1092 ex
3243 1037 3454 1094 illorum
3488 1042 3769 1111 opinione,

2198 1135 2304 1174 non
2334 1136 2397 1175 ex
2427 1138 2520 1176 sua
2551 1126 2812 1180 sententia
2840 1126 2942 1182 hoc
2969 1128 3167 1181 dictum
3195 1128 3399 1196 fuisset,
3429 1132 3770 1203 corripuisset

2197 1211 2335 1266 haud
2357 1213 2517 1267 dubie
2538 1214 2675 1279 illos,
2695 1216 3039 1287 dixissetque,
3062 1218 3167 1273 Cur
3187 1236 3272 1275 me
3294 1223 3488 1290 putatis
3509 1226 3768 1294 aequalem

2194 1320 2315 1360 esse
2344 1305 2498 1360 Deo?
2526 1307 2639 1361 Non
2671 1324 2785 1361 sum
2816 1310 3055 1379 :equalis.
3091 1310 3283 1366 Verum
3314 1315 3440 1369 nihil
3467 1315 3767 1386 lmjusmodi

2192 1396 2359 1463 dixit,
2390 1398 2495 1452 imo
2535 1401 2768 1454 ostendit
2806 1401 2856 1456 in
2898 1402 3240 1471 sequentibus
3265 1421 3323 1460 se
3354 1422 3479 1462 vere
3510 1410 3766 1479 tequalem

2196 1488 2294 1557 ipsi
2323 1504 2461 1543 esse.
2494 1489 2623 1544 Illud
2654 1492 2835 1555 enim,
2870 1492 3016 1547 Sicut
3051 1491 3208 1549 Pater
3242 1498 3448 1551 suscitat
3474 1510 3694 1555 mortuos
3721 1511 3771 1556 et

2192 1580 2442 1648 viviﬁcat,
2478 1583 2550 1636 sic
2588 1592 2635 1635 et
2679 1582 2882 1648 Filius;
2906 1594 2994 1651 ει,
3026 1584 3094 1641 Ut
3119 1603 3288 1642 omnes
3314 1591 3645 1660 honoriﬁcent
3670 1594 3769 1648 Fi-

2193 1672 2336 1740 lium,
2360 1684 2415 1727 ut
2440 1676 2772 1743 honoriﬁcam
2796 1676 3004 1732 Patrem
3025 1697 3045 1746 ;
3072 1689 3147 1745 et,
3178 1680 3345 1751 Opera
3368 1701 3480 1754 qua:
3496 1687 3606 1755 ipse
3621 1688 3766 1754 facit,

2191 1763 2297 1818 lucc
2325 1775 2370 1819 et
2397 1764 2565 1820 Filius
2602 1767 2831 1822 similiter
2867 1770 2989 1837 facit
3017 1788 3036 1824 :
3065 1772 3180 1828 haec
3204 1775 3381 1829 omnia
3411 1778 3767 1846 aequalitatem

2188 1857 2526 1911 confirmant.
2552 1858 2627 1913 De
2647 1859 2763 1930 lege
2783 1876 2989 1932 quoque
3009 1864 3103 1925 ait.
3131 1864 3305 1920 Nolite
3325 1878 3502 1937 putare
3521 1872 3638 1937 quia
3658 1873 3768 1927 veni

2189 1947 2381 2001 solvere
2406 1948 2564 2019 legem
2601 1961 2687 2003 aut
2727 1953 2994 2022 prophetas
3025 1956 3235 2027 (Matth.
3268 1960 3322 2013 5.
3365 1960 3476 2032 i7).
3518 1962 3604 2019 Sic
3633 1966 3769 2021 solet

2189 2039 2356 2093 malas
2398 2042 2734 2111 suspiciones
2780 2061 2848 2100 ex
2886 2048 3154 2103 mentibus
3180 2051 3430 2107 evellere.
3465 2054 3561 2109 Hic
3588 2067 3765 2112 autem

2187 2133 2542 2202 atqualitatem
2564 2152 2683 2190 cum
2711 2138 2869 2194 Patre
2895 2156 2998 2194 non
3025 2142 3182 2197 modo
3208 2159 3310 2199 non
3341 2146 3497 2211 tollit,
3522 2148 3613 2203 sed
3639 2166 3768 2205 con-

2190 2224 2385 2281 firmat.
2432 2228 2607 2295 Quare
2649 2230 2774 2285 alibi
2822 2232 3122 2289 dicentibus
3170 2236 3305 2304 illis,
3357 2238 3509 2295 Facis
3552 2243 3767 2310 teipsum

2186 2316 2373 2380 Deum.
2403 2322 2762 2391 suspicionem
2791 2340 2896 2379 non
2925 2325 3149 2396 depulit,
3183 2328 3289 2382 imo
3320 2347 3495 2384 veram
3526 2334 3767 2402 probavit

2185 2408 2270 2464 his
2298 2410 2473 2465 verbis
2503 2430 2516 2465 :
2549 2412 2616 2466 Ut
2640 2424 2809 2468 autem
2837 2418 3007 2472 sciatis
3033 2419 3152 2489 quia
3180 2429 3471 2490 potestatem
3496 2424 3643 2477 habet
3675 2424 3765 2478 Fi-

2184 2502 2283 2556 lius
2300 2503 2515 2557 hominis
2530 2504 2815 2561 dimittendi
2833 2520 3036 2577 peccata
3054 2511 3107 2564 in
3128 2521 3280 2577 terra,
3303 2514 3424 2568 dicit
3445 2519 3722 2588 paralytico
3742 2536 3763 2576 :

2186 2592 2329 2650 Tolle
2362 2596 2659 2667 grabbatum
2685 2612 2858 2667 tuum,
2893 2612 2939 2656 et
2962 2604 3165 2658 ambula
3192 2604 3405 2677 (Matth.
3434 2608 3488 2662 9.
3520 2610 3597 2680 6).
3632 2610 3763 2667 Illud

2183 2688 2344 2758 igitur
2372 2691 2514 2760 quod
2546 2692 2690 2761 prius
2716 2694 2914 2749 dictum
2940 2707 3043 2761 est,
3068 2699 3368 2763 confirmat,
3396 2702 3538 2772 quod
3570 2720 3763 2772 nempe

2181 2783 2439 2853 :equalem
2471 2801 2529 2840 se
2556 2786 2713 2841 faciat
2741 2788 2893 2856 Deo;
2925 2791 3263 2862 ostenditque
3286 2809 3346 2850 se
3371 2810 3475 2849 non
3502 2812 3621 2852 esse
3653 2798 3762 2853 Deo

2181 2874 2565 2945 adversarium,
2589 2878 2681 2933 sed
2704 2879 2912 2947 eadem,
2936 2898 3053 2952 quas
3075 2884 3164 2939 ille
3184 2885 3329 2951 dicit,
3351 2886 3550 2953 dicere,
3574 2889 3759 2944 eadem

2179 2967 2413 3033 docere;
2458 2968 2669 3025 demum
2716 2971 2785 3026 de
2827 2972 3031 3028 sabbati
3076 2976 3337 3033 solutione
3379 2980 3488 3049 agit
3529 2980 3756 3037 dii-ens:

2182 3057 2368 3114 Nonne
2394 3060 2597 3132 Moyses
2626 3064 2761 3117 dedit
2789 3066 2924 3119 vobis
2950 3064 3125 3137 legem,
3156 3079 3202 3123 et
3231 3086 3374 3123 nemo
3403 3088 3464 3125 ea:
3489 3072 3623 3127 vobis
3650 3090 3759 3127 ser-

2179 3161 2260 3205 vat
2279 3151 2472 3223 legem?
2492 3156 2567 3209 Ac
2587 3156 2631 3210 si
2648 3156 2849 3212 diceret
2873 3174 2887 3210 :
2913 3159 3019 3214 Lex
3041 3162 3247 3230 statuit,
3268 3161 3381 3217 Non
3404 3165 3645 3230 occides;
3665 3180 3759 3221 vos

2179 3252 2356 3299 autem
2379 3246 2639 3313 occiditis,
2663 3257 2718 3302 et
2736 3264 2822 3303 me
2849 3260 2905 3303 ut
2925 3250 3058 3321 legis
3080 3262 3527 3324 transgressorem
3544 3272 3760 3311 accusa-

2182 3333 2293 3389 tis?
2316 3334 2424 3390 Cur
2448 3346 2624 3391 autem
2653 3338 2802 3411 dixit,
2837 3339 3041 3396 Nemo?
3069 3344 3201 3410 Quia
3242 3359 3427 3401 omnes
3452 3349 3760 3415 quaerebant

2180 3440 2299 3480 eum
2331 3427 2653 3485 interficere.
2687 3431 2833 3501 Ego,
2863 3433 3071 3503 inquit,
3100 3436 3143 3489 si
3174 3437 3345 3506 legem
3376 3438 3509 3493 solvi
3529 3479 3544 3503 ,
3577 3440 3627 3494 id
3657 3441 3758 3497 fa-ci

2178 3528 2237 3572 ut
2264 3518 2534 3577 hominem
2558 3538 2830 3579 servarem
2857 3543 2871 3590 ;
2896 3541 2991 3580 vos
3010 3538 3185 3583 autem
3212 3529 3279 3583 ad
3304 3532 3498 3586 malum
3525 3532 3760 3588 inferen-

2178 3613 2307 3667 dum
2328 3616 2533 3670 solvitis
2558 3616 2724 3673 illam.
2756 3616 2975 3673 Etiamsi
3006 3622 3421 3690 transgrederer,
3450 3624 3502 3678 id
3526 3624 3593 3679 ad
3618 3627 3761 3680 salu-

2180 3717 2287 3763 tem
2314 3708 2471 3777 facio,
2494 3724 2667 3780 neque
2686 3721 2958 3782 oporteret
2976 3730 3061 3769 me
3082 3730 3111 3767 a
3133 3716 3304 3780 vobis,
3326 3718 3414 3787 qui
3437 3719 3489 3773 in
3512 3720 3761 3789 gravibus

2179 3800 2321 3854 illam
2348 3802 2802 3871 transgredimini,
2828 3804 3081 3860 incusari.
3111 3806 3242 3862 Nam
3274 3809 3415 3878 quod
3442 3823 3537 3864 vos
3566 3812 3754 3875 lacius,

2178 3892 2308 3963 legis
2337 3896 2549 3950 eversio
2575 3910 2794 3965 prorsus
2825 3907 2924 3953 est.
2959 3899 3161 3955 Deinde
3189 3901 3347 3956 etiam
3374 3902 3627 3963 decertat.
3658 3902 3758 3958 etsi

2179 3985 2329 4054 plura
2350 3987 2477 4041 olim
2500 3987 2874 4056 disseruisset;
2903 3990 2995 4047 sed
3019 4000 3144 4047 tunc
3167 3993 3462 4058 sublimius,
3492 4005 3547 4050 et
3569 4010 3761 4049 secun-

2177 4077 2304 4134 dum
2332 4078 2642 4151 dignitatem
2670 4097 2855 4150 suam;
2883 4100 3024 4140 nunc
3047 4096 3223 4140 autem
3254 4074 3519 4142 humilius.
3544 4088 3759 4157 Quare?

2176 4174 2311 4240 Quia
2342 4176 2554 4232 nolebat
2585 4186 2690 4231 tam
2731 4177 3037 4249 frequenter
3076 4180 3195 4235 illos
3231 4196 3586 4251 exasperare;
3616 4199 3759 4239 nunc

2175 4281 2307 4322 vero
2345 4268 2422 4323 ira
2461 4268 2901 4335 incendebantur,
2936 4281 2990 4327 et
3024 4272 3075 4325 in
3112 4273 3309 4328 aedem
3351 4274 3756 4343 processissent.

2176 4359 2511 4431 Quapmpter
2550 4364 2745 4418 insistit
2770 4374 2826 4418 nt
2860 4379 3043 4419 eorum
3075 4365 3286 4419 sedaret
3310 4367 3579 4432 animum,
3613 4368 3759 4423 hisce

2176 4453 2385 4510 duobus
2411 4465 2566 4511 utens
2594 4457 2787 4523 modis,
2818 4466 2872 4511 et
2899 4457 3102 4512 facinus
3128 4473 3422 4527 coarguens
3450 4460 3531 4513 his
3557 4460 3753 4522 verbis,

2179 4546 2316 4612 Quid
2344 4565 2423 4602 me
2448 4551 2669 4619 quceritis
2692 4551 3007 4617 interﬁcere?
3030 4560 3085 4606 et
3110 4552 3351 4606 modeste
3378 4551 3581 4608 addens
3599 4594 3613 4616 ,
3652 4551 3759 4606 Ho-

2176 4641 2381 4706 minem,
2409 4642 2494 4711 qui
2521 4644 2779 4697 veritatem
2802 4644 3034 4714 loquutus
3061 4661 3193 4709 sum,
3218 4654 3273 4699 et
3298 4644 3587 4700 ostendens
3614 4646 3755 4711 illos,

2175 4751 2297 4789 cum
2328 4735 2529 4789 caedem
2559 4736 2784 4802 spirent,
2812 4750 2917 4789 non
2939 4735 3133 4790 debere
3158 4734 3227 4789 de
3251 4734 3369 4789 aliis
3390 4735 3651 4804 judicare.
3676 4736 3757 4792 Tu

2175 4840 2305 4880 vero
2334 4825 2462 4880 mihi
2492 4826 2802 4881 consideres
2831 4825 3009 4891 velim,
3039 4840 3196 4897 quam
3224 4826 3295 4880 sit
3319 4825 3534 4881 humilis
3561 4826 3756 4882 Christi

2177 4917 2541 4987 interrogatio,
2569 4932 2725 4985 quam
2756 4918 3051 4972 truculenta
3082 4918 3291 4972 illorum
3324 4919 3637 4988 responsio:
3665 4918 3756 4972 ⁸ὶο.

2176 5007 2498 5064 υωηιοηὶιιηι
2536 5006 2688 5064 habes
2714 5026 2733 5064 :
2760 5011 2870 5081 quis
2898 5019 2946 5063 te
2970 5010 3147 5079 quwrit
3174 5010 3495 5080 interﬁcere?
3522 5009 3756 5065 Verbum

2178 5103 2270 5157 irae
2300 5112 2355 5157 et
2382 5102 2577 5158 furoris
2596 5144 2610 5168 ,
2641 5103 2907 5174 animique
2947 5104 3001 5157 in
3042 5103 3421 5174 impudentiam
3449 5104 3587 5169 acti,
3615 5103 3756 5174 quod

2177 5194 2539 5264 inexspectato
2583 5196 2742 5251 modo
2788 5195 3264 5267 redarguerentur,
3296 5205 3352 5252 et
3389 5211 3449 5252 se
3481 5196 3758 5251 lacessitos

2176 5299 2442 5360 putarent.
2473 5289 2543 5346 Ut
2565 5290 2706 5345 enim
2737 5289 2969 5343 latrones
2996 5289 3047 5343 in
3074 5288 3277 5343 insidiis
3297 5296 3533 5355 cantant,
3560 5286 3758 5343 deinde

2176 5392 2238 5438 ut
2264 5383 2580 5453 imparatum
2611 5382 3018 5451 aggrediantur,
3052 5381 3263 5435 silentio
3300 5396 3412 5435 rem
3454 5387 3709 5449 peragunt
3738 5396 3754 5433 :

2177 5476 2246 5531 ita
2276 5484 2330 5531 et
2366 5475 2555 5530 Judaei.
2599 5474 2716 5544 Ipse
2762 5489 2921 5538 vero,
2960 5474 3159 5529 omissa
3202 5470 3646 5542 reprehensione,
3688 5482 3754 5523 ne

2178 5568 2595 5639 impudentiores
2626 5566 2871 5622 redderet
2889 5607 2903 5629 ,
2930 5565 3005 5627 de
3027 5564 3231 5620 sabbati
3255 5578 3463 5619 rursum
3492 5561 3759 5617 solutione

2177 5676 2296 5718 sese
2324 5670 2532 5732 purgat,
2562 5675 2628 5717 ex
2657 5660 2770 5731 lege
2799 5673 2919 5713 cum
2948 5657 3052 5712 illis
3075 5658 3373 5727 disputans.

2250 5756 2303 5813 3.
2336 5756 2401 5813 Et
2429 5755 2549 5813 vide
2581 5768 2738 5825 quam
2785 5751 3092 5824 prudenter.
3120 5749 3262 5807 Nihil
3288 5749 3519 5816 mirum,
3549 5744 3752 5821 inquit,
