4084 6360
319 340 428 397 275

310 456 428 509 ἐστὶ
448 454 516 507 τά
544 453 765 525 ῥήματα
782 449 853 505 τά
875 452 1004 522 ἐμά.
1036 452 1148 506 Νῦν
1167 452 1264 525 μέν
1283 453 1392 525 γὰρ
1422 455 1552 525 ὑμῖν
1572 454 1742 507 ταῦτα
1762 454 1882 506 ἐπι-

311 538 514 601 σκοτεῖ,
543 535 639 589 καὶ
662 535 760 606 τὴν
784 535 950 607 ὀρθὴν
983 535 1284 608 διαφθείρει
1309 538 1491 608 κρίσιν
1524 537 1844 607 λάμπουσαν
1862 550 1879 566 '

308 621 376 675 ἂν
402 620 459 673 δὲ
483 619 657 673 ταῦτα
691 619 931 690 ἐξέλητε,
971 620 1070 673 οὑκ
1102 620 1183 673 ἐτι
1230 620 1388 674 τοῦτο
1418 620 1690 674 πείσεσθε.
1741 619 1881 672 Ἀλλ’

307 703 450 758 οὕτω
473 703 570 774 μὲν
597 704 696 756 οὑκ
723 700 876 757 εἶπεν
897 720 909 733 ·
941 702 1139 775 ἔπληξε
1158 703 1265 776 γάρ
1290 704 1355 757 ἂν
1377 704 1573 767 αὑτοὺς
1601 703 1844 773 σφοδρῶς
1861 718 1879 736 ο

308 788 489 840 πάντα
527 787 583 840 δὲ
608 786 782 840 ταῦτα
813 786 1032 857 ᾐνίξατο
1061 788 1150 840 διὰ
1166 786 1261 840 τοῦ
1283 789 1480 848 εἰπεῖν,
1513 786 1578 839 '0
1607 783 1795 838 ποιῶν
1818 783 1886 837 τὸ

308 870 539 938 θέλημα
580 868 789 933 αὐτοῦ,
821 868 1116 939 γνώσεται
1169 870 1301 938 περί
1334 867 1441 937 τῆς
1469 868 1744 938 διδαχῆς,
1781 870 1887 922 πό-

308 970 482 1021 τερον
530 953 600 1006 ἐκ
630 953 735 1006 τοῦ
787 954 937 1008 Θεοῦ
993 954 1185 1014 ἐστιν,
1231 954 1271 1021 ἢ
1317 952 1432 1022 ἐγὼ
1476 952 1577 1006 ἀπ’
1623 950 1883 1021 ἐμαυτοῦ

306 1035 475 1090 λαλῶ
497 1052 510 1067 ·
536 1037 835 1099 τουτέστιν,
884 1038 955 1090 Ἢ
987 1036 1097 1104 ἐγὼ
1121 1036 1400 1108 ἀλλότριόν
1416 1052 1467 1089 τι
1494 1036 1588 1088 καὶ
1618 1034 1767 1099 ξένον
1790 1035 1885 1088 καὶ

310 1119 553 1173 ἐναντίον
605 1118 933 1190 φθέγγομαι.
996 1119 1070 1172 Τὸ
1129 1120 1258 1190 γὰρ,
1312 1119 1427 1172 Ἀπ’
1481 1116 1762 1187 ἐμαυτοῦ,
1798 1117 1887 1172 ἀεὶ

309 1202 402 1254 ἐπὶ
433 1201 592 1254 τοῦτο
620 1205 818 1265 κεῖται,
853 1203 935 1255 ὅτι
954 1201 1107 1256 οὑδέν
1140 1201 1245 1267 ἐξω
1268 1202 1376 1255 τῶν
1409 1200 1557 1271 αὑτῷ
1584 1199 1885 1254 δοκούντων

309 1284 473 1353 λέγω,
505 1285 640 1337 ἀλλά
672 1285 848 1338 πάντα
869 1284 905 1339 ἀ
926 1286 955 1338 ὁ
973 1285 1164 1356 Πατὴρ
1201 1284 1465 1355 βούλεται,
1492 1284 1668 1337 ταῦτα
1706 1281 1881 1351 κάγώ.

322 1368 459 1422 Ἐ’ἁν
494 1385 585 1435 τις
608 1368 677 1422 τὸ
714 1366 945 1437 θέλημα
981 1368 1170 1423 αὑτοῦ
1209 1367 1374 1436 ποιῇ,
1416 1367 1706 1439 γνώσεται
1748 1366 1883 1432 περί

306 1450 419 1520 τῆς
443 1450 715 1520 διδαχῆς.
748 1449 816 1503 Τί
854 1454 1022 1513 ἐστιν,
1084 1450 1220 1505 Ἐάν
1250 1470 1340 1517 τις
1359 1452 1425 1506 τὸ
1444 1451 1671 1520 θέλημα
1697 1448 1884 1505 αὑτοῦ

308 1534 452 1604 ποιῇ
465 1552 486 1601 ;
500 1535 622 1589 Ἐάν
641 1553 724 1598 τις
745 1535 979 1606 ἐραστὴς
1055 1534 1148 1587 τοῦ
1179 1535 1293 1605 βίου
1316 1534 1409 1588 τοῦ
1438 1536 1556 1588 κατ’
1574 1534 1796 1603 ἀρετὴν,
1814 1530 1885 1583 εῖ-

310 1636 461 1674 σεται
481 1619 590 1673 τῶν
608 1619 923 1689 ,λεγομένων
942 1618 1040 1689 τὴν
1054 1618 1305 1689 δύναμιν
1326 1619 1418 1673 ἐάν
1435 1635 1518 1680 τις
1535 1617 1661 1688 θέλῃ
1680 1615 1880 1687 προσέ-

308 1720 424 1774 χειν
440 1704 562 1766 ταῖς
578 1703 957 1774 προφητείαις,
979 1702 1206 1772 πότερον
1224 1702 1345 1755 κατ’
1364 1700 1534 1764 αὐτάς
1553 1699 1765 1770 λαλῶ,ἢ
1795 1697 1880 1753 οὑ.

380 1799 446 1869 β’.
483 1798 607 1862 Πῶς
628 1799 683 1851 δὲ
709 1797 873 1852 αὑτοῦ
906 1796 1000 1850 καὶ
1028 1798 1126 1850 οὑκ
1148 1795 1310 1851 αὑτοῦ
1336 1815 1350 1861 ;
1412 1798 1485 1849 Οὑ
1511 1796 1618 1867 γάρ
1644 1792 1816 1859 εἶπεν,
1847 1796 1880 1866 ή

307 1881 622 1935 διδασκαλία
670 1881 808 1951 αὕτη
839 1881 937 1935 οὑκ
972 1879 1120 1933 ἐστιν
1161 1882 1302 1950 ἐμή·
1333 1878 1469 1932 ἀλλά
1505 1880 1773 1949 πρότερον
1804 1881 1882 1930 εί-

310 1966 448 2029 πὼν,
484 1967 567 2019 ὃτι
604 1964 741 2033 Ἑμή
771 1965 923 2027 ἐστι,
954 1964 1048 2017 καὶ
1086 1961 1506 2033 οἰκειωσάμενος
1539 1962 1729 2031 αὐτὴν,
1759 1960 1881 2014 τότε

308 2051 608 2119 ἐπήγαγεν,
643 2051 764 2103 Οὐκ
794 2049 965 2102 ἐστιν
985 2048 1120 2116 ἐμή.
1155 2048 1276 2110 Πῶς
1304 2043 1395 2100 οὖν
1417 2047 1476 2098 τὸ
1496 2046 1626 2099 αὑτὸ
1659 2045 1882 2099 δύναται

307 2131 468 2198 εἶναι,
496 2137 590 2187 καὶ
620 2133 805 2198 αὑτοῦ,
835 2134 927 2186 καὶ
947 2134 1047 2187 οὑκ
1068 2133 1266 2199 αὑτοῦ;
1299 2132 1470 2185 Αὑτοῦ
1516 2132 1634 2202 μὲν,
1685 2133 1769 2185 ὅτι
1807 2131 1883 2193 ώς

309 2217 387 2288 μὴ
420 2216 799 2286 διδασκόμενος
821 2216 1038 2284 ἐλεγενο
1072 2216 1172 2269 οὑκ
1215 2214 1378 2268 αὑτοῦ
1416 2214 1491 2278 δέ,
1522 2215 1603 2267 ὅτι
1641 2212 1733 2267 τοῦ
1772 2214 1883 2266 Πα-

306 2301 432 2371 τρὺς
464 2295 530 2370 ἦν
577 2302 605 2371 ἡ
657 2300 994 2354 διδασκαλία.
1051 2300 1176 2363 Πῶς
1223 2296 1315 2353 οὗν
1356 2299 1525 2368 λέγει,
1570 2298 1775 2353 Πάντα
1812 2297 1884 2351 τὰ

306 2384 412 2437 τοῦ
434 2384 665 2455 Πατρός
688 2383 799 2453 ἐμά
830 2384 980 2450 ἐστι,
1014 2384 1112 2437 καί
1156 2382 1229 2436 τὰ
1270 2382 1380 2451 ἐμὰ
1420 2382 1646 2446 αὐτοῦ;
1682 2383 1744 2435 Εἰ
1774 2382 1882 2452 γὰρ

307 2466 495 2538 ἐπειδὴ
534 2467 626 2520 τοῦ
659 2467 870 2538 Πατρός
891 2470 1026 2531 ἐστι,
1060 2467 1149 2521 διά
1175 2467 1330 2519 τοῦτο
1374 2468 1473 2519 οὑκ
1504 2466 1618 2519 ἐστι
1644 2466 1733 2535 σὴ,
1753 2464 1884 2535 ψεῦ-

305 2550 391 2612 δος
414 2553 591 2604 ἐκεῖνο
609 2567 623 2579 ·
650 2550 737 2604 διὰ
755 2550 912 2602 τοῦτο
933 2552 1040 2622 γὰρ
1060 2548 1293 2619 ὤφειλεν
1312 2545 1451 2603 εἶναι
1477 2550 1564 2620 σή.
1609 2549 1769 2601 Ἀλλὰ
1798 2549 1879 2613 τὸ,

310 2637 432 2688 Οὐκ
470 2634 605 2703 ἐμὴ,
650 2634 851 2705 σφόδρα
885 2634 1048 2687 αὑτοῦ
1079 2636 1172 2687 καὶ
1205 2634 1298 2686 τοῦ
1336 2633 1547 2704 Πατρὸς
1583 2632 1710 2702 μίαν
1744 2626 1881 2684 εἶναι

305 2719 457 2789 δηλοῖ
482 2718 579 2789 τὴν
610 2718 831 2788 διδαχήν
859 2733 871 2747 ·
899 2717 1101 2770 ὡσανεὶ
1119 2717 1302 2785 ἔλεγεν
1330 2735 1342 2747 ·
1362 2716 1513 2769 οὐδὲν
1536 2715 1648 2787 ἔχει
1670 2714 1882 2787 παρηλ-

306 2800 595 2871 λαγμένον,
627 2801 701 2864 ὡς
730 2802 916 2870 ἐτέρου
946 2797 1099 2854 οὖσα.
1140 2802 1203 2853 Et
1239 2800 1346 2871 γάρ
1374 2800 1468 2852 καὶ
1500 2802 1535 2871 ή
1585 2799 1882 2862 ὑπόστασις

307 2884 466 2955 ἄλλη,
496 2883 609 2937 ἀλλ’
650 2881 793 2936 οὑτω
826 2884 917 2935 καὶ
944 2882 1087 2951 λέγω
1130 2882 1224 2936 καὶ
1272 2883 1519 2953 πράττω,
1552 2881 1628 2945 ὡς
1682 2882 1758 2952 μὴ
1793 2897 1880 2933 νο-

311 2966 562 3037 μίζεσθαι
599 2965 783 3035 ἐτερόν
818 2983 871 3018 τι
902 2965 1053 3036 παρά
1078 2964 1167 3019 τὸν
1200 2965 1441 3036 Πατέρα,
1477 2964 1615 3018 ἀλλὰ
1649 2965 1708 3018 τὸ
1749 2963 1881 3016 αὐτὸ

306 3051 442 3121 ὅπερ
464 3052 492 3103 ὁ
518 3048 706 3119 Πατὴρ
725 3043 875 3101 εἶπεν
912 3046 1064 3119 [290]
1094 3047 1126 3119 ἢ
1157 3046 1411 3118 ἔπραξεν.
1447 3044 1578 3101 Εἶτα
1602 3047 1696 3101 καὶ
1721 3046 1882 3101 ἄλλον

306 3133 502 3200 ἐπάγει
556 3131 913 3201 συλλογισμὸν
970 3130 1385 3201 ἀναντίρρητον,
1445 3129 1788 3201 ἀνθρώπινόν
1825 3146 1878 3182 τι

306 3217 571 3285 παράγων
609 3216 685 3277 είς
723 3215 908 3285 μέσον,
949 3214 1045 3267 καὶ
1083 3214 1190 3266 ἀπὸ
1217 3213 1328 3267 τῶν
1360 3216 1418 3267 ἐν
1458 3213 1718 3285 συνηθείᾳ
1760 3231 1884 3265 παι-

304 3298 495 3353 δεύων.
528 3298 593 3352 Τί
622 3298 680 3350 δὲ
726 3296 883 3351 τοῦτό
925 3299 1106 3361 ἐστιν;
1153 3296 1214 3349 '0
1254 3298 1354 3365 ἀφ’
1393 3296 1614 3350 ἑαυτοῦ
1646 3296 1877 3362 λαλῶν,

305 3382 421 3451 τὴν
448 3380 638 3446 δόξαν
670 3380 786 3449 τὴν
820 3380 979 3434 ἰδίαν
1000 3380 1178 3447 ζητεῖ.
1218 3380 1526 3446 Τουτέστιν,
1555 3381 1584 3431 ὁ
1615 3378 1877 3449 βουλόμε-

305 3483 395 3528 νος
430 3466 566 3520 ἰδίαν
623 3464 745 3517 τινά
779 3465 976 3534 στῆσαι
1007 3463 1375 3529 διδασκαλίαν,
1417 3464 1484 3517 δι’
1511 3462 1663 3516 οὑδέν
1694 3463 1879 3533 ἕτερον

308 3548 579 3617 βούλεται,
604 3547 717 3601 ἀλλ’
752 3548 784 3618 ἢ
815 3547 973 3611 δόξαν
1008 3549 1075 3601 ἐκ
1108 3547 1300 3599 τούτου
1342 3546 1684 3617 καρποῦσθαι
1720 3558 1769 3600 α.
1815 3547 1879 3599 Εί

304 3633 363 3686 δὲ
392 3632 501 3701 ἐγὼ
524 3634 585 3687 οὑ
621 3632 879 3703 βούλομαι
920 3630 1318 3703 καρπώσασθαι
1361 3632 1540 3698 δόξαν,
1576 3633 1720 3694 τίνος
1767 3630 1882 3683 ἐνε-

305 3732 402 3768 κεν
433 3716 566 3768 ἰδίαν
596 3715 717 3769 τινὰ
745 3714 1005 3785 βούλομαι
1039 3714 1235 3783 στῆσαι
1270 3713 1646 3779 διδασκαλίαν;
1690 3715 1753 3767 '0
1779 3714 1881 3783 ἀφ’

306 3796 525 3850 ἑαυτοῦ
547 3794 757 3850 λαλῶν
779 3814 792 3827 ’
834 3796 1133 3862 τουτέστιν,
1167 3795 1195 3845 ὁ
1224 3797 1352 3850 ἴδιόν
1385 3812 1438 3848 τι
1471 3797 1566 3850 καὶ
1598 3795 1880 3867 παρηλλα-

306 3877 529 3948 γμένον,
561 3875 650 3928 διά
673 3874 831 3928 τοῦτο
852 3874 1022 3937 λαλεῖ,
1048 3874 1133 3927 ἵνα
1162 3876 1260 3943 τὴν
1285 3875 1445 3939 δόξαν
1487 3874 1651 3928 αὑτοῦ
1683 3876 1877 3948 στήσῃ.

306 3958 372 4010 Εἰ
393 3957 449 4009 δέ
475 3954 585 4025 ἐγὼ
609 3954 707 4025 τὴν
746 3954 901 4019 δόξαν
943 3954 1037 4006 τοῦ
1081 3954 1399 4023 πέμψαντός
1432 3972 1499 4026 με
1530 3954 1699 4026 ζητῶ,
1737 3958 1881 4020 τίνος

304 4038 492 4089 ἐνεκεν
519 4035 584 4086 ἀν
618 4033 839 4105 ἑλοίμην
878 4032 1042 4103 ἐτερα
1073 4031 1378 4099 διδάσκειν;
1423 4033 1585 4103 Ὁρᾷς
1626 4034 1707 4085 ὅτι
1736 4033 1881 4086 αίτία

304 4132 390 4178 τις
445 4109 536 4184 ἦν,
592 4112 673 4167 δι’
717 4114 783 4182 ἢν
823 4112 917 4165 καί⁴
962 4114 1078 4164 ἐκεῖ
1126 4111 1279 4180 ἐλεγε
1338 4113 1504 4184 μηδὲν
1558 4113 1650 4181 ἀφ’
1689 4112 1879 4165 ἐαυτοῦ

304 4196 482 4248 ποιεῖν
508 4210 524 4258 ;
564 4191 658 4256 Τίς
678 4192 734 4245 δὲ
755 4190 895 4262 αὕτη
921 4208 935 4257 ;
963 4192 1083 4246 Ἵνα
1110 4190 1493 4259 πιστεύσωσιν,
1525 4192 1606 4245 ὄτι
1635 4191 1695 4245 οὑ
1723 4192 1881 4262 δόξης

304 4275 521 4343 ἐφίεται
548 4274 647 4343 τῆς
669 4272 777 4326 τῶν
804 4272 1035 4329 πολλῶν.
1071 4276 1172 4330 Διά
1192 4273 1351 4330 τοῦτο
1378 4274 1507 4327 ὅταν
1532 4274 1631 4345 μὲν
1650 4273 1882 4328 ταπεινά

303 4354 462 4427 λέγῃ,
507 4352 647 4423 Ἐγὼ
692 4353 807 4421 τὴν
845 4353 1033 4418 δόξαν
1072 4356 1178 4411 τοῦ
1222 4354 1452 4423 Πατρός
1491 4352 1656 4422 ζητῶ,
1705 4355 1879 4425 φησί·

306 4433 583 4505 πανταχοῦ
639 4437 826 4487 πεῖσαι
865 4434 1187 4506 βουλόμενος
1235 4437 1461 4507 αὑτοὺς,
1502 4435 1585 4488 ὅτι
1628 4436 1689 4488 οὑ
1723 4434 1881 4505 δόξης

305 4515 427 4585 ἐρᾷ.
464 4513 569 4567 Τοῦ
620 4513 720 4586 μέν
754 4509 847 4567 οὖν
876 4515 1104 4569 ταπεινά
1146 4512 1479 4584 φθέγγεσθαι
1512 4513 1704 4567 πολλαί
1745 4516 1881 4566 εἰσιν

305 4599 477 4651 αἰτίαι
495 4614 507 4627 ·
533 4591 642 4650 οἷον
660 4597 720 4650 τὸ
750 4598 825 4669 μὴ
852 4598 1143 4668 ἀγέννητον
1176 4596 1515 4668 νομισθῆναι,
1547 4597 1607 4650 τὸ
1635 4596 1709 4667 μὴ
1731 4598 1880 4649 ἀντί-

306 4680 451 4742 θεον,
466 4680 526 4732 τὸ
545 4680 722 4753 σάρκα
738 4680 1184 4751 περιϐεϐλῆσθαι,
1203 4680 1263 4732 τὸ
1292 4679 1516 4743 ἀσθενὲς
1530 4679 1639 4733 τῶν
1662 4680 1884 4733 ἀκουόν-

304 4781 437 4827 των,
475 4765 536 4816 τὸ
569 4766 841 4819 διδάσκειν
885 4765 1012 4828 τοὺς
1062 4764 1381 4835 ἀνθρώπους
1422 4764 1756 4835 μετριάζειν,
1787 4765 1882 4818 καὶ

310 4842 476 4911 μηδὲν
495 4843 622 4913 περὶ
655 4842 860 4895 ἑαυτῶν
888 4841 1066 4911 λέγειν
1091 4842 1252 4912 μέγα.
1282 4840 1387 4894 Τοῦ
1416 4840 1474 4895 δὲ
1503 4841 1684 4913 ὑψηλὰ
1714 4841 1883 4910 φθέγι

306 4920 502 4989 γεσθαι
536 4921 661 4989 μίαν
687 4920 835 4993 εὖροι
856 4939 941 4985 τις
978 4920 1044 4974 ἂν
1076 4922 1274 4983 αἰτίαν,
1314 4922 1411 4990 τῆς
1446 4920 1660 4989 φύσεως
1701 4922 1761 4975 τὸ
1789 4920 1884 4991 μέ-

307 4998 489 5067 γεθος.
527 5000 589 5053 Εἰ
623 5000 753 5071 γάρ,
788 5000 974 5071 ἐπειδὴ
997 4997 1169 5065 εἶπεν,
1203 4999 1314 5071 Πρὸ
1352 5000 1445 5053 τοῦ
1492 5000 1741 5071 Ἀϐραὰμ
1773 5000 1884 5069 ἐγώ

308 5083 445 5149 εἰμι,
466 5080 976 5152 ἐσκανδαλίσθησαν,
994 5082 1047 5133 τί
1072 5083 1171 5134 οὑκ
1193 5080 1258 5134 ἂν
1289 5081 1487 5133 ἔπαθον
1513 5083 1598 5134 ἀεὶ
1624 5083 1883 5153 ῥημάτων

224 5232 227 5235 ν
309 5158 531 5230 ὑψηλῶν
565 5160 852 5223 ἀκούοντες
879 5177 892 5225 ;
933 5163 1014 5214 Οὐ
1037 5159 1297 5228 Μωυσῆς
1323 5158 1581 5213 δέδωκεν
1612 5162 1753 5230 ὑμῖν
1779 5162 1884 5217 τὸν

306 5241 516 5307 νόμον,
539 5239 637 5293 καί
664 5239 863 5305 οὐδεὶς
887 5239 955 5304 ἐξ
989 5238 1149 5307 ὑμῶν
1177 5239 1337 5292 ποιεῖ
1361 5239 1465 5292 τὸν
1485 5243 1702 5308 νόμον;
1730 5243 1788 5295 Τί
1809 5261 1885 5311 με

310 5316 529 5384 ζητεῖτε
582 5319 969 5384 ἁποκτεῖκαι;
1024 5319 1134 5372 Καὶ
1186 5319 1346 5371 ποίαν
1397 5319 1721 5374 ἀκολουθίαν
1769 5321 1883 5391 ἔχει

307 5396 486 5463 τοῦτο,
514 5399 750 5470 φησὶν,ἢ
780 5398 1023 5451 τίκοινὸν
1046 5398 1182 5468 πρὸς
1198 5398 1267 5450 τὰ
1290 5399 1557 5469 πρότερον
1583 5400 1881 5469 εἰρημένας

379 5479 484 5531 Δύο
527 5478 849 5549 ἐγκλήματα
910 5480 1208 5550 ἐπήγαγον,
1253 5479 1330 5541 ἐν,
1373 5480 1454 5531 ὅτι
1506 5478 1567 5531 τὸ
1612 5480 1882 5534 σάϐϐατον

306 5561 426 5613 λύει
449 5577 462 5589 ·
491 5558 638 5621 ἀλλο,
662 5559 743 5612 ὅτι
766 5557 986 5629 Πατέρα
1025 5558 1177 5625 ἔλεγε
1223 5558 1313 5611 τὸν
1343 5558 1498 5623 Θεὸν,
1545 5559 1658 5612 ῐσον
1692 5560 1883 5613 ἐαυτὸν

308 5640 481 5693 ποιῶν
502 5638 580 5709 τῷ
604 5638 740 5709 Θεῷ.
772 5639 892 5691 Ὀτι
912 5640 1023 5708 γάρ
1045 5639 1106 5691 οὑ
1136 5639 1233 5708 τῆς
1265 5638 1488 5691 ἐκείνων
1517 5639 1773 5703 ὑπονοίας
1791 5636 1880 5711 ἦν,

308 5720 447 5772 ἀλλά
472 5720 572 5789 τῆς
605 5717 768 5772 αὑτοῦ
799 5716 1025 5788 γνώμης
1049 5734 1063 5748 ·
1117 5719 1210 5770 καὶ
1243 5718 1323 5769 ὅτι
1346 5718 1445 5787 οὑχ
1478 5717 1555 5780 ὼς
1583 5719 1632 5771 οἱ
1674 5720 1878 5783 πολλοὶ,

309 5804 426 5858 ἀλλ’
460 5802 751 5875 ἐξαιρέτως
785 5802 881 5856 καὶ
919 5801 1225 5865 ἰδιαζόντως
1256 5801 1428 5871 ἔλεγε,
1466 5802 1624 5874 δῆλον
1655 5803 1882 5862 ἐκεῖθεν.

376 5936 403 6003 ξ
434 5932 660 6003 More_l_.
693 5931 973 6003 ρσυλρμενος
989 5930 1079 6003 ἀφ’,
1095 5929 1265 5980 ἑαυτοῦ
1288 5933 1457 6003 λέγειν,
1495 5934 1554 5983 δι’
1574 5934 1708 5986 οὐδὲν
1729 5936 1885 5998 ἔτερον

324 5994 535 6057 ώλεται,
557 5996 661 6044 ἀλλ’
696 5992 737 6051 ’ἢ
763 5994 898 6051 δόξαν
923 5993 977 6041 ἐκ
1000 5992 1169 6043 τούτου
1186 5992 1497 6057 καρποῦσθαι.

1339 336 1407 392 ΙΝ
1442 337 1758 395 JOANNEM
1797 339 2026 393 HOMIL.
2068 340 2250 398 XLIX.
2276 344 2348 401 al.
2392 344 2621 401 XLVI".

3450 347 3559 404 27?)

1988 455 2180 510 Πολλοί
2233 458 2497 524 πολλάκις
2539 464 2751 532 πατέρα
2808 459 2961 515 εἷπον
3010 461 3101 514 τὸν
3136 459 3269 514 Θεὸν
3313 460 3557 515 ἐαυτῶνο

1985 532 2116 604 οἷον,
2154 541 2237 595 ὅτι
2271 544 2415 609 Θεὸς
2455 542 2542 610 εἵς
2592 545 2832 599 ἔκτισεν
2866 542 3044 614 ἡμᾶς,
3092 544 3192 597 καὶ
3243 544 3438 613 πατὴρ
3470 538 3559 610 εις

1986 620 2228 679 πάντων
2256 625 2426 696 ἡμῶν
2451 644 2465 659 ο
2498 627 2614 681 ἀλλ’
2656 629 2718 681 οὑ
2762 628 2915 700 παρά
2950 628 3108 681 τοῦτο
3143 628 3256 692 ῐσος
3293 623 3360 698 ἦν
3383 629 3412 680 ὁ
3433 627 3560 691 λαδς

1987 704 2066 775 τῷ
2135 707 2287 780 Θεῷ’
2361 710 2483 765 ὅθεν
2548 711 2670 765 οὑδέ
2730 711 3177 775 ἐσκανδαλίζοντο
3245 710 3556 773 ἀκούοντες.

1989 788 2200 862 Ὠσπερ
2229 790 2325 845 οὖν
2374 796 2483 857 ὅτε,
2530 797 2651 848 Οὐκ
2678 794 2850 848 ἔστιν
2880 795 2949 848 ἐκ
2994 795 3163 860 Θεοῦ,
3210 795 3414 863 ἔλεγον,
3465 796 3562 848 καὶ

1985 871 2354 943 ἐθεράπευσεν
2378 878 2577 941 αὐτοὺς
2597 878 2876 943 πολλάκις,
2909 881 3003 932 καὶ
3026 880 3170 945 ὑπὲρ
3186 880 3285 948 τῆς
3312 879 3407 932 τοῦ
3432 878 3561 931 σαϐ-

1986 952 2150 1008 ϐάτου
2176 957 2381 1022 λύσεως
2408 960 2785 1032 ἀπελογήσατο
2810 979 2825 993 ·
2874 972 3015 1015 ουτω
3060 962 3154 1015 καὶ
3183 960 3360 1025 τοῦτο,
3385 963 3434 1013 εἰ
3455 961 3554 1030 τῆς

1984 1039 2209 1094 ἐκείνων
2262 1040 2632 1115 ὑπψίαςιῆν,
2681 1045 2777 1099 καὶ
2836 1045 2910 1117 μὴ
2959 1047 3058 1117 τῆς
3096 1043 3257 1097 αὑτοῦ
3301 1042 3549 1115 γνώμης,

1984 1120 2294 1192 διώρθωσεν
2337 1126 2403 1178 ἂν
2442 1128 2537 1180 καὶ
2590 1124 2744 1182 εἶπεν
2770 1145 2784 1160 ο
2816 1129 2869 1182 τί
2914 1148 2981 1200 με
3026 1128 3276 1200 νομίζετε
3325 1128 3439 1182 ῖσον
3477 1127 3557 1198 τῷ

1984 1204 2102 1277 Θεῷ
2125 1222 2140 1271 ;
2173 1209 2285 1262 Οὑκ
2308 1211 2423 1282 εἰμί
2446 1211 2579 1276 ίσος.
2616 1213 2756 1265 Ἀλλ’
2783 1213 2935 1266 οὐδὲν
2962 1213 3199 1266 τοιοῦτον
3224 1207 3398 1275 εἶπεν,
3423 1211 3559 1264 ἀλλὰ

1983 1291 2079 1341 καὶ
2112 1290 2444 1358 τούναντίον,
2481 1295 2576 1348 καὶ
2601 1295 2884 1360 ἀπέδειξεν
2921 1296 3002 1349 ὅτι
3032 1297 3145 1360 ἴσος
3173 1297 3289 1350 ἐστὶ
3322 1295 3408 1348 διὰ
3448 1295 3558 1349 τῶν

1984 1370 2134 1442 έξῆςι
2181 1376 2254 1428 Τὸ
2290 1379 2420 1448 γὰρ,
2467 1378 2694 1446 Ὥσπερ
2724 1383 2757 1433 ό
2786 1379 2989 1449 Πατὴρ
3040 1380 3250 1449 ἐγείρει
3286 1378 3429 1445 τοὺς
3457 1396 3556 1432 νε-

1984 1456 2169 1523 κροὺς
2192 1460 2289 1513 καὶ
2314 1460 2597 1529 ζωοποιεῖ,
2620 1464 2774 1517 οὕτω
2796 1464 2894 1517 καὶ
2919 1468 2953 1519 o'
2999 1466 3132 1530 Υἱός
3163 1464 3192 1503 δ
3220 1479 3235 1495 °
3273 1464 3388 1526 καὶ,
3421 1463 3559 1517 Ἵνα

1983 1538 2207 1607 πάντες
2235 1542 2444 1611 τιμῶσι
2469 1545 2577 1598 τὸν
2605 1546 2770 1609 Υίὸν,
2810 1546 3003 1613 καθὼς
3043 1545 3251 1615 τιμῶσι
3298 1547 3407 1600 τὸν
3436 1548 3556 1600 Παε-

1982 1621 2139 1690 τέρα.
2171 1625 2263 1676 καὶ
2290 1626 2366 1678 Τὰ
2388 1625 2550 1696 ἔργα,
2580 1629 2618 1681 ἂ
2644 1627 2719 1682 ἂν
2739 1628 2973 1696 ἐκεῖνος
3009 1628 3186 1691 ποιεῖ,
3236 1629 3424 1683 ταῦτα
3453 1629 3555 1683 καί

1983 1705 2016 1756 ὀ
2037 1706 2079 1756 Υ
2078 1703 2168 1771 ἰὸς
2199 1709 2415 1775 ὁμοίως
2431 1710 2615 1764 ποιεῖ·
2639 1711 2816 1766 ταῦτα
2842 1713 3021 1766 πάντα
3041 1712 3142 1782 τῆς
3163 1711 3407 1781 ίσότητός
3436 1712 3555 1764 ἐστι

1984 1795 2304 1849 συστατικὰ.
2334 1797 2444 1849 Καὶ
2472 1799 2601 1869 περὶ
2632 1797 2726 1851 τοῦ
2757 1799 2924 1869 νόμου
2952 1799 3008 1852 δέ
3042 1798 3189 1868 λέγει
3208 1815 3222 1828 ·
3256 1797 3353 1866 Μὴ
3387 1799 3583 1871 νομιο,

1983 1895 2151 1947 σητε,
2184 1881 2274 1936 ὅτι
2298 1880 2489 1954 ἦλθον
2532 1885 2872 1940 καταλῦσαι
2924 1884 3032 1939 τὸν
3070 1888 3279 1956 νόμον,
3323 1884 3363 1953 ἢ
3414 1884 3557 1951 τοὺς

1983 1964 2311 2033 προφήτας.
2358 1966 2545 2031 Οὕτως
2572 1965 2679 2022 οἰδε
2717 1970 2813 2023 καὶ
2842 1969 2942 2032 τάς
2971 1970 3028 2023 ἐν
3063 1968 3271 2039 διανοίᾳ
3313 1967 3558 2038 πονηρὰς

1984 2047 2239 2113 ὑπονοίας
2288 2044 2437 2125 [291]
2487 2052 2709 2117 ἐξελεῖν.
2783 2052 3049 2107 Ἐνταῦθα
3081 2053 3138 2106 δέ
3182 2052 3280 2123 τὴν
3301 2052 3395 2107 τοῦ
3440 2051 3557 2105 ῐσου

1984 2135 2240 2191 ὑπόνοιαν
2275 2139 2335 2191 οὑ
2387 2140 2547 2210 μόνον
2599 2140 2698 2193 οὑκ
2755 2140 2987 2212 ἀναιρεῖ,
3029 2139 3164 2194 ἀλλά
3200 2140 3296 2193 καὶ
3328 2137 3554 2209 βεϐαιοῖ.

1984 2219 2079 2273 Διὸ
2115 2222 2209 2273 καὶ
2230 2221 2466 2292 ἀλλαχοῦ
2506 2226 2768 2279 εἰπόντων
2797 2226 2997 2291 αὑτῶν,
3026 2227 3107 2279 ὃτι
3138 2223 3335 2289 Ποιεῑς
3376 2238 3559 2275 σεαυ-

1982 2302 2091 2356 τὸν
2127 2304 2298 2371 Θεὸν,
2324 2307 2424 2359 οὑκ
2459 2307 2636 2360 ἀνεῖλε
2669 2308 2766 2379 τὴν
2824 2308 3099 2369 ὑπόνοιαν,
3143 2306 3278 2360 ἀλλά
3328 2307 3422 2359 καὶ
3447 2305 3561 2357 ἐϐε-

1982 2385 2214 2442 ϐαίωσεν
2244 2388 2412 2442 εἰπών
2435 2404 2450 2419 °
2481 2391 2615 2445 Ἵνα
2648 2390 2716 2443 δὲ
2748 2389 2964 2459 εἰδῆτε,
3002 2390 3092 2443 ὅτι
3118 2389 3409 2454 ἐξουσίαν
3432 2389 3558 2457 ἔχει

1981 2472 2014 2524 ὀ
2068 2471 2198 2537 Υἱὸς
2226 2474 2333 2526 τοῦ
2372 2473 2688 2542 ἀνθρώπου
2727 2473 2963 2543 ἀφιέναι
2991 2473 3282 2543 ἁμαρτίας
3310 2472 3408 2526 ἐπὶ
3447 2470 3560 2539 τῆς

1979 2553 2112 2622 γῆς,
2141 2556 2303 2624 λέγει
2330 2555 2409 2622 τῷ
2435 2557 2817 2627 παραλυτικῷ
2846 2574 2859 2587 ·
2896 2554 3072 2626 Ἀρον
3093 2559 3201 2614 τὸν
3225 2557 3560 2627 κράϐϐατόν

1980 2651 2118 2697 σου,
2172 2638 2271 2691 καί
2315 2639 2642 2708 περιπάτει.
2685 2641 2890 2694 Ἐκεῖνο
2915 2642 3014 2712 μὲν
3056 2637 3149 2695 οὑν
3187 2641 3248 2695 τὸ
3294 2639 3559 2710 πρότερον

1980 2720 2248 2786 ἐπέτεινε,
2273 2720 2335 2775 τὸ
2365 2724 2479 2776 ἴσον
2513 2724 2704 2776 ἐαυτὸν
2733 2727 2906 2777 ποιεῖν
2945 2724 3021 2795 τῷ
3054 2724 3193 2796 Θεῷ,
3228 2725 3442 2785 δεικνὺς
3475 2723 3561 2775 ὅτι

1980 2804 2079 2857 οὑκ
2110 2804 2256 2858 ἐστιν
2289 2807 2567 2872 ἀντίθεος,
2598 2808 2731 2861 ἀλλά
2771 2809 2864 2862 καὶ¹
2892 2808 2959 2862 τὰ
2989 2810 3128 2863 αὑτά
3149 2807 3324 2876 λέγει,
3367 2805 3463 2861 καὶ⁸
3491 2804 3562 2859 τὰ

1980 2888 2120 2941 αὑτά
2152 2887 2344 2958 ἐκείνῳ
2371 2888 2640 2943 διδάσκει·
2674 2891 2861 2945 λοιπὸν
2896 2886 3033 2964 πρὸς
3070 2890 3169 2962 τὴν
3210 2888 3307 2945 τοῦ
3353 2887 3559 2943 σαϐϐά-

1977 2983 2074 3019 του
2114 2967 2267 3020 λύσιν
2318 2967 2534 3023 ἵσταται
2580 2969 2792 3039 λέγων·
2844 2973 2926 3025 Οὐ
2975 2968 3240 3039 Μωῦσῆς
3299 2967 3562 3023 δέδωκεν

1978 3046 2123 3117 ὑμῖν
2153 3048 2261 3101 τὸν
2312 3050 2522 3118 νόμον,
2566 3051 2665 3105 καί
2715 3051 2916 3118 οὐδεὶς
2958 3052 3028 3117 ἐξ
3058 3049 3226 3121 ὑμῶν
3257 3048 3432 3117 τηρεῖ
3450 3047 3563 3103 τὸν

1979 3128 2201 3195 νόμον;
2247 3127 2460 3182 Ὠσανεὶ
2507 3129 2717 3199 ἐλεγεψ
2758 3127 2925 3184 Εἶπεν
2974 3134 3002 3185 ὁ
3046 3131 3230 3202 νόμος,
3262 3130 3337 3182 Οὑ
3372 3126 3564 3198 φονεύ-

1981 3220 2095 3268 σεις
2114 3220 2129 3234 ·
2162 3205 2320 3275 ὑμεῖς
2345 3206 2403 3258 δὲ
2440 3206 2713 3275 φονεύετε,
2763 3209 2856 3260 καὶ
2888 3209 3010 3278 ἐμοὶ
3038 3206 3322 3275 ἐγκαλεῖτε
3351 3205 3427 3269 ὡς
3458 3220 3564 3258 πα-

1982 3282 2293 3354 ραϐαίνοντι
2320 3286 2411 3339 τὶν
2430 3286 2627 3356 νόμον;
2660 3288 2810 3339 Διατί
2837 3287 2894 3340 δὲ
2935 3283 3108 3349 εἶπεν,
3153 3285 3365 3351 Οὐδείς
3387 3300 3407 3349 ;
3434 3282 3563 3339 Ὀτι

1982 3363 2183 3426 πάντες
2212 3363 2438 3434 ἐζήτουν
2484 3366 2646 3419 αὑτὸν
2673 3368 3013 3421 ἀποκτεῖναι.
3058 3364 3200 3433 Ἐγὼ
3231 3363 3332 3436 μὲν
3371 3359 3467 3417 οὖν
3510 3366 3562 3418 εί

1981 3442 2076 3494 καὶ
2098 3440 2265 3495 ἔλυσα
2288 3443 2384 3497 τὸν
2412 3444 2600 3514 νόμον,
2630 3446 2814 3515 φησιν,
2844 3445 2980 3498 ἀλλά
3010 3444 3299 3514 ἄνθρωπον
3343 3443 3523 3507 σώσας
3541 3460 3559 3475 ’

1984 3521 2139 3588 ὑμεῖς
2170 3520 2228 3574 δὲ
2270 3521 2636 3593 παραϐαίνετε
2677 3534 2698 3561 ο
2732 3525 2825 3576 ἐπὶ
2870 3522 3045 3593 κακῷ.
3093 3523 3167 3576 Τὸ
3209 3522 3343 3592 ἐμὸν
3377 3524 3427 3575 εί
3462 3522 3560 3575 καὶ

1982 3598 2293 3668 παράϐασις
2333 3598 2422 3669 ἦν,
2454 3598 2568 3653 ἀλλ’
2600 3600 2695 3653 ἐπὶ
2721 3599 2981 3671 σωτηρίᾳ,
3015 3601 3110 3653 καὶ
3133 3600 3232 3653 οὑκ
3264 3600 3435 3671 ἐχρῆν
3467 3601 3559 3669 ὑφ’

1980 3676 2138 3755 ήμῶν
2166 3677 2273 3731 τῶν
2298 3678 2369 3731 τὰ
2392 3680 2602 3749 μεγάλα
2638 3679 3084 3751 παραϐαινόντων
3122 3680 3223 3751 ἐμὲ
3258 3678 3559 3751 κρίνεσθαι.

1980 3758 2055 3811 Τὸ
2084 3760 2191 3828 γὰρ
2237 3759 2522 3830 ὑμέτερον,
2552 3760 2831 3833 ἀνατροπὴ
2854 3760 2950 3815 τοῦ
2976 3762 3141 3832 νόμου
3169 3760 3391 3823 παντός.
3424 3757 3561 3814 Εἶτα

1980 3838 2072 3891 καὶ
2098 3837 2515 3906 ἐπαγωνίζεται,
2541 3839 2715 3894 καίτοι
2739 3840 2906 3893 πολλά
2927 3842 3019 3895 καὶ
3037 3840 3205 3895 πάλαι
3221 3838 3523 3911 διαλεχθείς
3542 3856 3556 3870 ·

1980 3918 2117 3973 ἀλλά
2143 3919 2264 3972 τότε
2295 3920 2394 3989 μὲν
2429 3921 2759 3991 ὑψηλότερον
2801 3923 2897 3976 καὶ
2943 3920 3086 3975 κατά
3132 3920 3230 3992 τὴν
3272 3920 3429 3985 ἀξίαν
3459 3918 3560 3990 τὴν

1978 3996 2165 4061 αὑτοῦ,
2219 3996 2318 4051 νῦν
2349 3998 2406 4052 δέ
2447 4000 2851 4071 ταπεινότερον.
2895 4000 2960 4053 Τί
3009 4001 3241 4071 δήποτε;
3296 4000 3418 4053 Ὅτι
3458 3998 3559 4051 οὑκ

1979 4077 2229 4131 ἐϐούλετο
2254 4078 2493 4150 συνεχῶς
2523 4079 2881 4151 παρακνίςειν
2903 4080 3118 4144 αὑτούς.
3152 4079 3269 4133 Νῦν
3309 4078 3417 4150 γάρ
3440 4077 3555 4131 τάει

1977 4158 2078 4228 τῆς
2106 4158 2276 4230 ὀργῆς
2311 4151 2618 4224 ἐπιτέτατο,
2650 4160 2745 4213 καὶ
2782 4162 2864 4222 εἰς
2918 4159 3076 4224 φόνον
3111 4159 3409 4230 προῄεσαν.
3460 4156 3556 4210 Διὸ

1984 4240 2165 4310 μένει,
2219 4239 2311 4293 δύο
2362 4240 2573 4301 τούτοις
2626 4238 3002 4292 καταστέλλων
3062 4237 3293 4301 αὑτούς·
3348 4236 3426 4308 τῷ
3493 4253 3556 4288 τε

1981 4324 2196 4392 ἐλέγξαι
2221 4321 2398 4375 αὑτῶν
2422 4320 2482 4373 τὸ
2500 4320 2757 4391 τόλμημα
2793 4321 2884 4373 καὶ
2912 4322 3104 4383 εἰπεῖν,
3143 4319 3203 4372 Τί
3227 4335 3304 4387 με
3339 4316 3556 4384 ζητεῖτε

1980 4401 2355 4465 damnabat;
2386 4400 2479 4454 καὶ
2506 4401 2581 4471 τῷ
2608 4402 2725 4471 μετ’
2756 4399 3056 4462 ἐπιεικείας
3077 4401 3273 4459 είπεῖν,
3312 4401 3559 4464 Ἀνθρω-

1980 4500 2119 4547 xor,
2169 4483 2237 4547 ὃς
2280 4481 2396 4549 τὴν
2434 4482 2727 4550 ἀλήθειαν
2791 4479 3125 4547 λελάληκα,
3156 4480 3251 4533 καὶ
3282 4477 3360 4549 τῷ
3386 4478 3557 4542 δεῖξαι
3588 4477 3595 4551 ξ

1982 4568 2064 4619 ὅτι
2094 4561 2363 4632 φονῶντες
2400 4561 2501 4613 οὑκ
2545 4561 2682 4613 είσὶν
2709 4559 2850 4624 ἀξιοι
2894 4559 3104 4631 κρίνειν
3139 4557 3346 4627 ἓτερον.
3398 4558 3470 4610 Σὺ
3497 4557 3556 4610 δὲ

1979 4643 2080 4713 ὅρα
2101 4640 2308 4709 καὶτῆς
2340 4640 2662 4710 ἐρωτήσεως
2688 4638 2751 4691 τὸ
2769 4639 3022 4692 ταπεινὸν
3049 4638 3149 4709 τῆς
3175 4637 3269 4691 τοῦ
3296 4637 3555 4709 Χριστοῦ,

1981 4722 2076 4776 καὶ
2108 4722 2207 4791 τῆς
2259 4719 2603 4790 ἀποκρίσεως
2650 4718 2875 4772 ἐκείνων
2916 4719 2977 4772 τὸ
3008 4717 3202 4789 θρασύ.
3242 4718 3560 4786 Δαιμόνιον

1980 4800 2169 4869 ἔχεις·
2202 4799 2294 4864 τίς
2336 4813 2409 4851 σε
2445 4795 2605 4863 ζητεῖ
2631 4798 3015 4861 ἀποκτεῖναι;
3054 4797 3251 4868 Ὀργῆς
3286 4795 3347 4848 τὸ
3382 4796 3557 4867 ῥῆμα,

1983 4880 2077 4932 καὶ
2105 4878 2300 4949 θυμοῦ,
2335 4879 2430 4931 καί⁵
2451 4877 2629 4948 ψυχῆς
2666 4877 3131 4949 ἀναισχυντούσης
3165 4875 3259 4929 ἐπὶ
3279 4874 3355 4947 τῷ
3380 4893 3560 4947 παρα-

1979 4958 2146 5024 δόξως
2174 4955 2514 5027 ἐληλέγχθαι,
2553 4957 2646 5009 καὶ
2684 4954 3315 5027 προκαταπληττομένης
3347 4955 3557 5019 αὑτῶν,

1978 5039 2053 5103 ὡς
2089 5038 2275 5109 ῷοντο.
2329 5037 2592 5106 Καθάπερ
2628 5037 2735 5106 γὰρ
2766 5036 2960 5107 λῃσταί
3012 5054 3156 5099 τινες
3191 5037 3412 5108 ᾄδοντες
3464 5038 3558 5090 ἐπὶ

1979 5121 2100 5181 ταῖς
2131 5117 2440 5178 ἐπιϐουλαῖς
2473 5127 2497 5155 ο
2536 5111 2654 5169 εἶτα
2684 5115 2993 5185 βουλόμενοι
3033 5115 3343 5183 ἀφύλακτον
3391 5116 3559 5185 ἐργά-

1983 5196 2179 5250 σασθαι
2227 5196 2318 5249 τὸν
2356 5192 2855 5262 ἐπιϐουλευόμενον,
2889 5193 2979 5247 διά
3014 5194 3115 5264 τῆς
3156 5194 3368 5260 σιωπῆς
3400 5192 3560 5245 τοῦτο

1981 5276 2259 5330 ποιοῦσιν·
2320 5272 2463 5326 οὑτω
2500 5274 2594 5327 καὶ
2641 5269 2804 5328 οὗτοι.
2836 5275 3007 5337 Αὐτὸς
3048 5274 3105 5326 δὲ
3151 5273 3311 5342 ἀφεὶς
3344 5270 3559 5339 ἐλέγξαι

1981 5355 2155 5417 τοῦτο,
2183 5353 2321 5406 ὥστε
2353 5353 2425 5423 μὴ
2459 5352 2975 5424 ἀναισχυντοτέρους
2996 5355 3238 5424 ποιῆσαι,
3270 5352 3433 5405 πάλιν
3454 5352 3558 5420 τῆς

1982 5434 2279 5501 ἀπολογίας
2313 5433 2543 5486 ἅπτεται
2571 5433 2668 5501 τῆς
2698 5433 2839 5503 ὑπὲρ
2874 5433 2966 5487 τοῦ
3002 5434 3295 5497 σαϐϐάτου,
3328 5433 3436 5486 ἀπὸ
3459 5433 3567 5485 τοῦ

1982 5514 2148 5583 νόμου
2177 5511 2623 5580 συλλογιζόμενος
2642 5511 2859 5575 αύτούς.

2052 5594 2101 5663 γ’
2107 5636 2121 5651 .
2141 5593 2251 5647 Καὶ
2278 5594 2377 5663 ὅρα
2399 5592 2515 5656 πῶς
2539 5591 2794 5656 συνετῶς.
2816 5592 2981 5646 Οὐδὲν
3004 5591 3335 5662 θαυμαστὸν,
3369 5592 3559 5663 φησὶν,

2046 5692 2075 5731 ι»
2118 5690 2251 5748 Haec,
2289 5692 2416 5738 οὕτω
2449 5692 2529 5737 καὶ
2561 5693 2588 5738 ὁ
2620 5691 2745 5749 Υῐὸς,
2798 5692 2977 5740 desunt
3030 5691 3078 5737 in
3109 5687 3398 5750 quibusdam
3446 5689 3559 5744 Ias.

1988 5757 2010 5783 (⁸
2060 5753 2130 5802 ιω
2199 5751 2395 5813 quidam
2441 5751 2780 5813 Mss.,nnslri.
2847 5752 2972 5801 Edili
3037 5750 3419 5813 παραϐαίνοντες,
3469 5754 3566 5803 πή·

1984 5830 2075 5864 nus
2094 5810 2251 5877 reglé.
2318 5811 2343 5851 (Ι
2365 5810 2514 5877 Sayil:
2536 5811 2617 5877 νῦν
2634 5815 2685 5877 δὲ
2703 5815 2777 5877 τά.
2850 5819 2872 5844 ⁸⁵
2896 5815 3085 5877 ᾄδοντες
3108 5810 3191 5877 ξέπὶ
3218 5813 3333 5877 δαῖς
3375 5813 3566 5877 ἐπιϐου·

1982 5879 2101 5933 λαῖς.
2151 5875 2288 5937 υηιιξ
2326 5880 2379 5922 et
2412 5874 2527 5924 Cod.
2563 5875 2672 5930 706.
2706 5874 3013 5937 ἄγονταιέπὶ
3049 5875 3168 5929 ταῖς.
3213 5874 3393 5924 Fateor
3433 5876 3570 5925 hunc-

1986 5935 2285 6013 lqgugn‘miyi
2305 5941 2587 6013 guspectum
2620 5935 2757 5988 esse;
2794 5939 2947 5989 Paulo
2978 5945 3087 6001 post
3110 5937 3196 5989 ,ἐπὶ
3233 5943 3315 5995 τῆς
3358 5946 3561 5999 σιωπῆς,

1994 6000 2072 6052 alii
2097 6000 2171 6049 ἐπὶ
2196 6004 2279 6056 τῆς
2300 5998 2555 6061 ἀρνήσεως.
