4084 6360
512 286 618 344 9η

514 413 566 461 εί
607 405 740 477 ἐμοῦ
773 405 1136 477 παρακούετε,
1176 407 1310 459 ὅπου
1351 423 1416 475 γε
1455 406 1551 460 τοῦ
1583 406 1770 477 νόμου,
1796 401 1857 460 οὗ
1883 406 2088 460 δοκεῖτε

513 491 748 556 ἀκούειν,
802 490 894 543 καὶ
926 490 982 541 ὃν
1016 489 1262 559 νομίζετε
1307 488 1461 560 παρά
1498 489 1780 552 Μωῦσέως
1820 489 2088 556 δεδόσθαι,

514 574 873 645 παρακούετε.
911 573 1074 626 Οὑδὲν
1103 569 1193 627 οὖν
1224 573 1431 638 καινὸν,
1458 575 1507 626 εί
1538 577 1651 637 τοῖς
1671 576 1823 644 ἐμοῖς
1844 576 1904 627 ού
1930 593 2093 647 προσ-

511 659 663 729 έχετε
689 658 883 725 λόγοις.
922 658 1138 727 Ἐπειδὴ
1173 658 1282 728 γάρ
1312 658 1518 727 ἔλεγον,
1548 660 1630 712 ὅτι
1652 658 1897 712 Μωϋσεῖ
1920 659 2093 713 ,λε-λάμ

510 747 702 807 ληκεν
744 745 776 794 ὀ
811 740 974 806 Θεὸς,
1021 742 1237 795 τοῦτον
1296 741 1364 794 δὲ
1409 743 1554 796 οὐδὲ
1616 742 1868 811 οῖδαμεν
1905 746 2092 797 πόθεν

512 824 661 885 ἐστι,
688 824 954 876 δείκνυσιν
983 824 1064 876 ὅτι
1103 826 1197 877 καὶ
1225 827 1305 887 εἰς
1338 826 1547 878 ἐκεῖνον
1575 824 1799 895 ὕϐριζον
1824 843 1837 856 ·
1865 828 1959 877 καὶ
1982 826 2091 896 γὰρ

510 907 601 959 τὸν
634 908 793 977 νόμον
838 909 1041 970 ἐκεῖνος
1064 907 1249 969 ἔδωκε,
1283 909 1377 961 καὶ
1420 910 1519 962 οὑκ
1566 910 1828 979 ἤκουσαν.
1862 911 1967 961 Ἕν
1995 908 2091 978 ἔρ-

512 1007 621 1059 γον
643 991 921 1056 ἐποίησα,
971 990 1117 1062 [292]
1166 990 1265 1043 καὶ
1308 990 1914 1059 πάντεςθαυμάζετε.
1960 990 2093 1043 Σκό-

513 1090 601 1125 πει
636 1074 751 1137 πῶς
780 1074 907 1126 ἔνθα
938 1075 1003 1127 ἂν
1029 1074 1473 1143 ἀπολογήσασθαι
1504 1073 1620 1144 δέῃ.
1658 1075 1754 1126 καὶ
1785 1074 1860 1135 ώς
1892 1073 2092 1143 ἐγκλη-

514 1174 589 1225 μα
620 1158 868 1227 δέχεσθαι
904 1158 963 1209 τὸ
996 1158 1237 1225 γεγονὸς,
1265 1157 1325 1208 ού
1362 1158 1635 1227 μέμνηται
1669 1156 1764 1209 τοῦ
1796 1158 2010 1228 Πατρὸς
2040 1171 2088 1221 ⁸,

511 1240 645 1292 ἀλλὰ
658 1240 718 1292 τὸ
738 1239 901 1293 αὑτοῦ
928 1242 1217 1309 πρόσωπον
1242 1241 1472 1307 εἰσάγει.
1486 1243 1556 1293 "E
1562 1258 1595 1292 ν
1613 1240 1789 1309 ἔργον
1810 1241 2089 1307 ἐποίησα.

509 1322 664 1375 Θέλει
694 1321 883 1386 δεῖξαι,
926 1323 1008 1374 ὃτι
1045 1323 1103 1375 τὸ
1128 1323 1202 1392 μὴ
1226 1324 1469 1393 ποιῆσαι,
1512 1321 1671 1375 λῦσαι
1691 1322 1780 1374 τὸν
1803 1323 1965 1393 νόμον
1994 1318 2091 1393 ἦν·

510 1407 604 1458 καὶ
629 1407 711 1457 ὅτι
758 1407 876 1458 ἐστί
912 1405 1081 1459 πολλὰ
1122 1405 1215 1458 τοῦ
1258 1405 1423 1475 νόμου
1470 1404 1813 1476 κυριώτερα·
1870 1408 1964 1459 καὶ
2010 1408 2092 1459 ὅτι

510 1489 729 1560 ἐντολὴν
751 1490 1012 1559 ἠνέσχετο
1038 1487 1293 1553 δέξασθαι
1323 1489 1564 1559 Μωῦσῆς
1600 1490 1741 1541 κατὰ
1772 1487 1866 1541 τοῦ
1903 1489 2090 1560 νόμου,

509 1573 604 1625 καὶ
668 1573 760 1625 τοῦ
809 1575 975 1642 νόμου
1034 1573 1396 1642 κυριωτέραν.
1454 1572 1561 1624 Τοῦ
1603 1571 1712 1643 γάρ
1757 1571 2091 1644 σαϐϐάτουή

507 1659 778 1727 περιτομὴ
829 1657 1174 1728 κυριωτέρα·
1223 1658 1400 1710 καίτοι
1462 1656 1563 1709 οὑκ
1618 1655 1733 1708 ἔστι
1771 1656 1863 1709 τοῦ
1900 1656 2085 1726 νόμου,

507 1746 644 1798 ἀλλά
676 1746 781 1798 τῶν
810 1745 1083 1815 πατέρων.
1130 1744 1270 1812 Ἐγὼ
1308 1745 1365 1797 δὲ
1404 1745 1498 1798 καὶ
1547 1745 1645 1813 τῆς
1686 1744 1987 1814 περιτομῆς
2029 1744 2090 1796 τὸ

482 1822 842 1900 ’κυριώτερον
864 1830 1095 1900 ἐποίησα
1128 1829 1223 1882 καὶ
1259 1831 1523 1899 κρεῖττον.
1558 1824 1689 1880 Εἶτα
1716 1828 1776 1880 ού
1808 1827 2088 1897 μέμνηται

509 1911 729 1979 ἐντολῆς
762 1914 991 1981 νομικῆς
1010 1929 1023 1941 ·
1054 1906 1185 1973 οἷον,
1208 1913 1290 1964 ὅτι
1314 1913 1361 1963 οἰ
1399 1912 1566 1980 ἱερεῖς
1595 1910 1655 1963 τὸ
1697 1910 1965 1963 σάϐϐατον
2000 1909 2088 1980 βε-

508 1994 750 2065 ϐηλοῦσι,
771 1996 1132 2066 καθάπερῆδη
1162 1991 1333 2057 εἶπεν,
1368 1995 1481 2046 ἀλλ’
1506 1996 1571 2045 ἐκ
1608 1994 1854 2063 μείζονος
1878 2011 2091 2066 περιου-

509 2078 647 2140 σίας.
670 2078 741 2130 Τὸ
762 2078 838 2141 δὲ,
861 2078 1198 2146 Θαυμάζετε.
1213 2077 1367 2129 τοῦτό
1388 2080 1524 2142 ἐστι,
1548 2076 1879 2147 θορυϐεῖσθε,
1898 2078 2090 2149 ταράτ·

505 2160 682 2212 τεσθε.
714 2161 774 2212 Εἰ
800 2166 906 2231 γὰρ
934 2160 1038 2213 ἔδει
1070 2156 1209 2213 εἶναι
1243 2160 1457 2229 βέϐαιον
1490 2159 1581 2212 τὸν
1614 2160 1795 2229 νόμον,
1833 2160 1933 2214 οὑκ
1955 2163 2019 2214 ἂν
2054 2162 2087 2232 ἡ

507 2245 775 2313 περιτομὴ
790 2243 953 2296 αὑτοῦ
975 2238 1374 2313 κυριωτέραῆν.
1391 2242 1500 2295 Καὶ
1512 2243 1611 2296 οὑκ
1625 2240 1796 2307 εἶπεν,
1810 2245 1889 2297 ὅτι
1907 2244 2087 2315 μεῖζον

506 2329 738 2398 ἐποίησα
778 2329 877 2397 τῆς
902 2328 1201 2396 περιτομῆς
1223 2346 1234 2357 ’
1268 2328 1384 2380 ἀλλ’
1416 2330 1480 2379 ἐκ
1528 2328 1845 2397 περιουσίας
1879 2330 2087 2399 ἐλέγχει

504 2412 584 2481 τῷ
608 2414 781 2464 εἰπεῖν
814 2412 875 2451 δ’
925 2414 995 2465 Ei
1039 2411 1367 2480 περιτομὴν
1424 2411 1717 2479 λαμϐάνει
1753 2410 2084 2479 ἄνθρωπος.

517 2495 681 2568 Ὁρᾷς
705 2498 787 2549 ὅτι
818 2494 939 2549 τότε
968 2494 1202 2564 μάλιστα
1235 2496 1450 2548 ἵσταται
1478 2498 1505 2549 6
1542 2495 1727 2565 νόμος,
1766 2497 1895 2549 ὅταν
1926 2497 2087 2550 αὑτὸν

504 2579 641 2650 Mn;
666 2581 799 2650 ὁρᾷς
830 2580 909 2631 ὅτι
946 2580 979 2648 ἡ
1005 2578 1096 2630 τοῦ
1128 2579 1399 2632 σαϐϐάτου
1426 2578 1580 2642 λύσις
1601 2580 1833 2650 τήρησίς
1858 2582 1971 2633 ἐστι
1992 2581 2084 2632 τοῦ

505 2663 671 2733 νόμου
693 2680 706 2726 ;
732 2663 807 2725 ὡς
828 2665 877 2714 εἰ
902 2663 978 2731 μὴ
1006 2661 1170 2732 ἐλύθη
1205 2662 1263 2713 τὸ
1293 2662 1581 2726 σάϐϐατον,
1624 2662 1836 2731 ἀνάγκη
1872 2662 1962 2733 τδν
2009 2662 2087 2715 νό⁹

509 2730 608 2817 μον
646 2741 715 2816 ἦν
748 2730 1006 2814 λυθῆναι·
1042 2730 1181 2797 ὥστε
1222 2745 1317 2797 καὶ
1357 2744 1467 2811 ἐγὼ
1501 2743 1705 2814 ἓστησα
1746 2730 1927 2798 αὑτόν.
1976 2747 2085 2799 Καὶ

506 2831 605 2881 οὑκ
627 2824 800 2890 εἶπεν,
832 2828 987 2898 Ἐμοὶ
1014 2828 1228 2897 χολᾶτε,
1247 2829 1330 2880 ὅτι
1354 2828 1540 2898 μεῖζον
1564 2828 1864 2897 περιτομῆς
1897 2829 2086 2899 εἰργα-

507 2913 688 2981 σάμην
714 2928 728 2942 ο
761 2911 898 2963 ἀλλά
936 2911 995 2963 τὸ
1039 2910 1261 2979 γεγονὸς
1313 2911 1474 2979 μόνον
1520 2908 1709 2972 εἰπὼν,
1756 2910 1937 2972 αὐτοῖς
1986 2912 2083 2982 τὴν

504 2996 688 3064 κρίσιν
726 2995 1044 3065 ἐπέτρεψεν,
1093 2996 1142 3047 εἰ
1185 2994 1259 3064 μὴ
1304 2993 1609 3063 περιτομῆς
1665 2994 2085 3064 ἀναγκαιότερον

504 3078 795 3148 ὁλόκληρος
854 3078 1055 3146 ὑγίεια.
1102 3078 1220 3130 Ἵνα
1261 3080 1488 3147 σημεῖον
1544 3075 1683 3147 λάϐῃ
1728 3078 1756 3127 6
1800 3075 2084 3146 ἄνθρωπος

504 3162 657 3215 οὐδὲν
689 3162 824 3232 πρὸς
856 3163 1042 3231 ὑγείαν
1090 3160 1401 3223 συντελοῦν,
1443 3160 1626 3212 λύεται
1659 3160 1842 3230 νόμος,
1884 3162 2047 3231 φησίν
2068 3178 2082 3191 ·

507 3244 593 3299 ῐνα
633 3244 792 3300 νόσου
845 3244 1114 3315 τοσαύτης
1168 3244 1478 3314 ἀπαλλαγῇ,
1538 3242 1946 3313 δυσχεραίνετε,
1993 3245 2086 3297 καὶ

504 3330 864 3396 ἀγανακτεῖτε
890 3344 905 3392 ;
936 3328 1031 3389 Μὴ
1058 3326 1290 3395 κρίνετε
1312 3328 1440 3380 κατ’
1468 3325 1631 3393 ὄψιν.
1676 3324 1742 3377 Τί
1776 3326 1913 3390 ἐστι,
1947 3326 2084 3379 Κατ’

506 3411 689 3479 ὕψιν;
740 3412 831 3480 Μὴ
888 3410 1075 3481 ἐπειδὴ
1107 3411 1348 3480 Μωῦσῆς
1380 3409 1601 3480 μείζονα
1636 3409 1765 3479 παρ’
1798 3409 1927 3478 ὑμῖν
1973 3409 2085 3478 ἔχει

504 3494 602 3566 τὴν
641 3494 819 3558 δόξαν,
842 3494 951 3546 ἀπὸ
974 3494 1067 3546 τοῦ
1087 3493 1194 3545 τῶν
1225 3493 1536 3563 προσώπων
1562 3491 1870 3562 ἀξιώματος
1893 3492 2085 3562 φέρετε

505 3578 604 3648 τὴν
634 3578 842 3647 ψῆφον·
906 3576 1021 3629 ἀλλ’
1048 3577 1157 3629 ἀπὸ
1189 3577 1285 3645 τῆς
1319 3576 1427 3627 τῶν
1463 3575 1803 3647 πραγμάτων
1838 3575 2082 3645 φύσεως·

504 3661 663 3714 τοῦτο
704 3661 813 3731 γάρ
847 3664 961 3714 ἐστι
986 3660 1048 3713 τὸ
1074 3660 1299 3723 δικαίως
1332 3663 1535 3730 κρῖναι.
1583 3659 1737 3713 Διατί
1761 3660 1870 3730 γάρ
1911 3659 2087 3722 οὐδεὶς

506 3745 792 3798 ἐνεκάλεσε
828 3746 1052 3797 Μωῦσεῖ
1079 3760 1092 3809 ;
1122 3743 1265 3796 διατί
1296 3743 1471 3805 οὐδεὶς
1509 3743 1773 3814 ἡπείθησε
1814 3742 2087 3795 κελεύοντι

505 3828 567 3880 τὸ
596 3827 865 3880 σάϐϐατον
916 3827 1140 3879 λύεσθαι
1169 3827 1276 3880 ὑπὸ
1322 3826 1542 3896 ἐντολῆς
1597 3827 1793 3891 ἔξωθεν
1821 3828 2089 3879 ἐπεισενε-

506 3912 727 3981 χθείσης
747 3912 824 3979 τῷ
850 3910 1041 3981 νόμως
1078 3909 1217 3962 Ἀλλ’
1253 3912 1461 3973 ἐκεῖνος
1499 3911 1598 3979 μὲν
1624 3910 1718 3962 τοῦ
1755 3909 1958 3962 οἰκείου
2001 3909 2088 3961 νό-

512 4010 612 4063 μου
646 3995 895 4064 ἀνέχεται
912 3993 1127 4059 ἐντολὴν
1151 3989 1291 4046 εἶναι
1326 3993 1685 4064 κυριωτέραν,
1727 3991 1965 4060 ἐντολὴν,
1988 3991 2087 4063 τὴν

601 4102 625 4128 ι
673 4089 857 4139 Omnes
896 4090 1001 4137 fere
1043 4088 1157 4136 Mss.
1204 4101 1310 4137 rem
1354 4090 1449 4138 alio
1488 4089 1630 4137 modo
1678 4088 1928 4145 efferunt,
1972 4088 2087 4134 licet

510 4165 605 4199 non
636 4151 769 4199 inter
797 4164 853 4199 se
879 4163 1075 4211 prorsus
1100 4152 1406 4199 dissenliant.
1452 4148 1544 4208 Qui
1576 4150 1754 4197 clarius
1791 4162 1894 4197 rem
1932 4161 2085 4211 expa-

507 4221 648 4287 liqut,
693 4212 762 4261 sic
794 4210 1003 4287 hgbfnt,
1021 4213 1101 4284 καὶ
1128 4216 1192 4268 ὡς
1232 4214 1441 4287 ἔγκλημα
1483 4212 1697 4273 δέχεσθαι
1715 4211 1769 4278 τῤ
1792 4210 2005 4280 γεγονὸς,
2031 4210 2086 4287 ού

509 4276 738 4347 μέμνηται
764 4274 849 4320 τοῦ
877 4274 1081 4333 Πατρός,
1125 4287 1266 4336 quam
1311 4274 1568 4344 leclippem
1611 4274 1754 4344 seq'ui
1800 4274 1953 4319 visum
1974 4279 2083 4341 onst.

506 4337 613 4409 Ain
633 4336 872 4409 δέχεσθαι·
885 4336 956 4409 ’τό
992 4336 1082 4407 γάρ
1104 4335 1306 4407 γεγονός.
1343 4334 1476 4409 ‘Ed‘m
1504 4335 1669 4409 κριὶηὼς
1692 4332 2086 4409 εγκληᾲμαδεὶξαι,

508 4394 846 4458 ουλλογίζεται.
865 4397 952 4458 ,Τὸ
973 4394 1269 4458 γὰργεγονὸς
1308 4395 1362 4442 οὑ
1381 4395 1436 4442 τὸ
1468 4394 1554 4442 τοῦ
1584 4395 1786 4457 Πατρός,
1824 4406 2087 4455 perperam

507 4455 673 4506 certe;
731 4458 759 4497 ι)
780 4455 877 4506 Alii
893 4455 1016 4505 ἀλλά
1033 4455 1115 4504 καὶ
1142 4455 1331 4518 ᾐνίξατο
1354 4459 1424 4518 τῷ
1448 4457 1615 4517 λέγειν.

1186 286 1245 349 5.
1282 284 1572 343 JOANNIS
1602 285 2098 343 CHRYSUSTOMI
2133 287 2453 344 ARCHIEP.
2492 286 3037 344 CONSTANTINOP.

3659 288 3763 346 278

2191 408 2291 462 οὑκ
2322 408 2426 460 ὑπὸ
2457 407 2550 461 τοῦ
2573 408 2738 478 νόμου
2766 407 3188 477 είσενεχθεῖσαν,
3214 404 3329 459 ἀλλ’
3359 404 3557 471 ἔξωθεν
3580 422 3595 436 ⁸
3625 404 3763 478 ὅπερ

2191 491 2306 542 ἐστὶ
2335 490 2568 561 μάλιστα
2602 489 2916 560 θαυμαστόν
2935 506 2948 518 ⁸
2986 491 3142 559 ὑμεῖς
3167 490 3225 541 δὲ
3265 491 3316 540 οἰ
3346 489 3406 542 ού
3447 488 3760 559 νομοθέται,

2193 573 2334 643 πέρα
2362 573 2455 625 τοῦ
2492 574 2689 643 μέτρου
2728 573 2989 626 ὲκδικεῖτε
3030 573 3121 624 τὸν
3160 572 3342 641 νόμον,
3384 572 3478 623 καὶ
3523 572 3761 640 ἀμύνετε

2191 654 2358 725 αὐτῷ.
2405 656 2562 709 Ἀλλά
2590 656 3025 726 ἀξιοπιστότερος
3056 654 3209 725 ὑμῶν
3247 657 3394 706 ἐστιν
3432 656 3459 705 6
3503 654 3761 723 Μωῦσῆς,

2191 743 2220 793 ὁ
2261 740 2499 792 κελεύων
2544 740 2763 792 λύεσθαι
2792 738 2882 792 τὸν
2907 740 3067 808 νόμον
3097 737 3246 807 παρά
3275 737 3492 804 ἐντολῆς
3518 739 3577 789 οὑ
3612 738 3761 805 νομί-

2196 842 2325 894 μης.
2361 824 2451 895 Τῷ
2476 825 2606 892 γοῦν
2632 826 2827 889 εἰπεῖν,
2854 824 3015 877 Ὄλον
3055 822 3357 892 ἄνθρωπον,
3399 820 3634 873 δείκνυσι
3670 822 3763 873 καὶ

2196 908 2426 979 μερικὴν
2472 910 2658 977 ὑγείαν
2717 907 2880 961 οὖσαν
2929 907 3028 978 τὴν
3080 907 3400 975 περιτομήν.
3463 905 3571 957 Καὶ
3607 903 3689 966 τίς
3724 907 3758 975 η

2195 992 2351 1057 ὑγεία
2379 996 2477 1062 τῆς
2530 993 2862 1064 περιτομῆς;
2918 990 3115 1059 Ψυχὴ,
3153 992 3307 1059 φησὶ,
3361 986 3528 1041 πᾶσα
3558 999 3603 1049 ο,
3635 988 3762 1054 ἣτις

2193 1073 2302 1126 ἐὰν
2346 1073 2433 1143 μὴ
2472 1072 2822 1143 περιτμηθῇ,
2877 1072 3470 1139 ὲξολοθρευθήσεται.
3523 1069 3664 1137 Ἐγὼ
3708 1070 3763 1122 δὲ

2192 1158 2293 1209 οὐκ
2333 1158 2444 1210 ἀπὸ
2474 1158 2673 1229 μέρους
2702 1157 3104 1227 κεκακωμένον,
3132 1156 3247 1209 ἀλλ’
3286 1152 3762 1223 ὅλον-διεφθαρμέ-

2194 1256 2281 1291 νον
2322 1240 2614 1311 άνέστησα.
2639 1239 2737 1307 Μὴ
2762 1241 3013 1308 κρίνετε,
3038 1240 3215 1292 τοίνυν
3242 1238 3367 1292 κατ’
3404 1237 3568 1305 ὄψιν.
3595 1236 3764 1289 Τοῦτο

2195 1321 2515 1392 πειθώμεθα
2554 1322 2629 1394 μὴ
2650 1325 2759 1386 τοῖς
2789 1323 2911 1376 τότε
2937 1322 3184 1393 εἰρῆσθαι
3216 1322 3396 1392 μόνον,
3426 1319 3562 1373 ἀλλὰ
3596 1316 3623 1355 ἀ
3671 1318 3764 1372 καὶ

2193 1407 2347 1475 ἡμῖν,
2386 1405 2527 1460 ὥστε
2553 1406 2744 1477 μηδενὶ
2778 1408 3061 1477 πράγματι
3087 1406 3416 1477 διαφθείρειν
3455 1403 3761 1467 τὸδίκαιον,

2194 1488 2329 1543 ἀλλά
2351 1490 2528 1542 πάντα
2550 1491 2688 1561 ὑπὲρ
2712 1490 2901 1543 τούτου
2923 1492 3093 1542 ποιεῖν
3112 1505 3125 1518 ·
3142 1488 3253 1541 εἴτε
3275 1490 3462 1558 πένης,
3486 1488 3594 1539 εἴτε
3612 1483 3760 1558 [295]

2196 1570 2503 1645 πλούσιος
2527 1591 2632 1637 τις,
2692 1574 2766 1643 μὴ
2795 1576 2903 1636 τοῖς
2928 1574 3237 1643 προσώποις
3274 1571 3580 1641 προσέχειν,
3626 1569 3761 1622 ἀλλὰ

2197 1656 2263 1708 τά
2288 1657 2590 1727 πράγματα
2625 1656 2921 1721 ἐξετάζειν.
2980 1659 3100 1709 Οὐκ
3134 1653 3429 1720 ἐλεήσεις,
3474 1655 3625 1723 φησὶ,
3669 1652 3765 1705 πέ-

2194 1756 2346 1806 νητα
2370 1740 2441 1792 ἐν
2469 1740 2681 1806 κρίσει.
2715 1738 2779 1791 Τί
2809 1739 2871 1808 δή
2907 1741 3023 1791 ἐστι
3051 1738 3109 1790 τὸ
3129 1738 3413 1808 λεγόμενον
3438 1753 3452 1799 ;
3479 1736 3570 1808 Μὴ
3597 1752 3765 1789 κατα-

2195 1822 2455 1891 κλασθῇς,
2485 1822 2619 1892 μηδέ
2646 1823 3017 1892 ὲπικαμφθῆς,
3060 1823 3239 1892 φησὶν,
3268 1822 3361 1874 ἐάν
3397 1821 3565 1891 πένης
3596 1820 3624 1871 6
3651 1819 3764 1871 ἀδι-

2196 1904 2305 1957 κῶν
2348 1904 2505 1975 τύχῃ.
2552 1905 2610 1956 Εἰ
2640 1904 2695 1956 δὲ
2722 1904 2910 1973 πένητι
2954 1904 3272 1974 χαρίζεσθαι
3321 1903 3379 1955 οὑ
3414 1902 3541 1974 χρὴ,
3580 1900 3763 1971 πολλῷ

2196 1987 2395 2059 μᾶλλον
2416 1987 2750 2040 πλουτοῦντι.
2781 1987 2965 2040 Ταῦτα
2998 1988 3053 2039 δὲ
3081 1988 3241 2055 λέγω,
3272 1987 3331 2038 οὑ
3362 1987 3495 2057 πρὸς
3522 1987 3646 2047 τοὺς
3692 1984 3763 2037 δι-

2194 2070 2460 2134 κάζοντας
2494 2070 2672 2139 μόνον,
2708 2068 2846 2121 ἀλλά
2885 2069 3139 2140 καὶπρὸς
3182 2070 3385 2131 πάντας
3420 2067 3760 2138 ἀνθρώπους,

2193 2154 2334 2207 ὥστε
2378 2153 2628 2224 μηδαμοῦ
2663 2151 2993 2223 διαφθείρειν
3023 2153 3082 2205 τὸ
3112 2152 3337 2214 δίκαιον,
3383 2151 3516 2205 ἀλλὰ
3568 2167 3764 2203 παντα-

2194 2237 2290 2308 χοῦ
2318 2239 2572 2307 ἀκέραιον
2595 2237 2898 2304 φυλάττειν.
2937 2234 3180 2305 ’Λγαπᾷ,
3206 2236 3355 2305 φησὶ,
3374 2233 3764 2299 δικαιοσύνην

2194 2325 2227 2374 ό
2251 2323 2477 2387 Κύριος.
2522 2322 2584 2371 '0
2622 2319 2689 2372 δὲ
2728 2316 2975 2388 ἀγαπῶν
3010 2320 3125 2385 τὴν
3160 2318 3417 2377 ἀδικίαν,
3456 2315 3627 2385 μισεῖ
3650 2314 3764 2382 τὴν

2193 2402 2409 2456 ἑαυτοῦ
2434 2402 2662 2471 ψυχήν.
2690 2404 2781 2472 Μὴ
2817 2403 2881 2472 δὴ
2926 2403 3244 2471 μισήσωμεν
3286 2400 3383 2462 τὰς
3426 2399 3633 2451 ἐαυτῶν
3658 2397 3761 2466 ψυ-

2193 2487 2312 2557 χὰς,
2348 2486 2479 2556 μηδέ
2508 2486 2882 2555 ἀγαπήσωμεν
2918 2485 3150 2537 ἀδικίαν.
3187 2484 3407 2544 Πάντως
3441 2482 3549 2552 γάρ
3593 2481 3763 2551 αὑτῆς

2191 2571 2252 2623 τὸ
2280 2569 2469 2641 κέρδος
2495 2570 2589 2621 νῦν
2623 2569 2816 2638 μικρὸν
2850 2569 2943 2620 καὶ⁵
2993 2568 3143 2619 οὐδέν
3164 2584 3177 2596 -
3212 2566 3325 2618 ἀλλ’
3366 2566 3441 2627 εἰς
3480 2564 3539 2616 τὸ
3572 2563 3762 2634 μέλλον

2195 2652 2406 2723 μεγάλα
2470 2653 2688 2721 ζημιοῖ·
2749 2652 2947 2719 μᾶλλον
2987 2650 3043 2701 δὲ
3090 2648 3208 2701 οὑδὲ
3245 2660 3267 2687 ο
3314 2646 3546 2700 ἐνταῦθα
3593 2644 3762 2715 αὑτῆς

2192 2733 2631 2804 ἁπολαυσόμεθα.
2670 2733 2836 2785 Ὅταν
2870 2733 2976 2801 γάρ
3011 2733 3146 2801 μετὰ
3184 2731 3479 2789 συνειδότος
3524 2725 3760 2797 πονηροῦ

2191 2816 2502 2888 τρυφῶμεν,
2554 2811 2661 2885 ἄρα
2722 2815 2841 2885 οὑχὶ
2884 2816 3105 2877 κόλασις
3155 2815 3248 2867 καὶ
3294 2814 3530 2883 τιμωρία
3572 2811 3759 2875 τοῦτο;

2204 2902 2599 2971 Ἀγαπῆσωμεν
2626 2900 2803 2951 τοίνυν
2842 2898 2895 2951 τὸ
2920 2899 3147 2961 δίκαιον,
3176 2898 3269 2951 καὶ
3299 2895 3547 2967 μηδαμοῦ
3580 2910 3751 2964 παρα-

2192 2984 2484 3053 ϐλάψωμεν
2536 2982 2554 3021 ί
2588 2982 2776 3035 τοῦτον
2829 2981 2921 3033 τὸν
2954 2981 3133 3049 νόμον.
3168 2981 3231 3031 Τί
3273 2981 3380 3048 γάρ
3424 2976 3759 3047 δυνησόμεθα

2192 3070 2254 3120 ἐκ
2286 3069 2379 3120 τοῦ
2412 3067 2675 3136 παρόντος
2702 3066 3096 3136 καρπώσασθαι
3130 3064 3269 3134 βίου,
3304 3066 3368 3117 ἂν
3405 3065 3477 3133 μὴ
3504 3062 3757 3125 λαϐόντες

2192 3153 2391 3222 ἀρετὴν
2426 3150 2783 3220 ἁπέλθωμεν;
2814 3150 2878 3201 Τί
2918 3150 2973 3201 δέ
3012 3152 3127 3202 ἐκεῖ
3173 3148 3325 3217 ἡμῶν
3363 3148 3755 3219 προστήσεταις

2192 3234 2342 3302 φιλία
2374 3234 2468 3287 καὶ
2504 3234 2794 3301 συγγένεια
2834 3234 2925 3285 καὶ
2962 3236 2994 3304 ὴ
3020 3231 3114 3285 τοῦ
3145 3232 3307 3294 δεῖνος
3347 3232 3539 3301 χάρις;
3568 3230 3677 3283 Καὶ
3706 3227 3758 3280 τί

2191 3317 2334 3385 λέγω
2362 3318 2396 3386 ἡ
2428 3316 2522 3368 τοῦ
2556 3316 2727 3379 δεῖνος
2774 3316 2965 3385 χάρις;
3008 3315 3127 3386 Κᾶν
3171 3314 3276 3384 γὰρ
3330 3314 3422 3365 τὸν
3457 3312 3609 3386 ⁸Νῶε,
3649 3309 3759 3386 κάν

2190 3380 2281 3440 τὸν
2351 3380 2497 3451 ’[ὼϐ,
2550 3386 2652 3439 κᾶν
2694 3380 2807 3438 τὸλῖ
2836 3380 3031 3454 Δανιὴλ
3078 3380 3287 3454 ἔχωμεν
3333 3382 3563 3453 πατέρα,
3587 3380 3760 3454 ,οὐδὲν

2192 3459 2335 3527 ἡμᾶς
2375 3458 2646 3525 ὠφελήσει
2680 3456 2854 3515 τοῦτο,
2883 3452 3010 3507 ὅταν
3054 3455 3160 3507 ἀπὸ
3184 3453 3291 3505 τῶν
3334 3452 3548 3505 οἰκείων
3583 3452 3760 3523 ἔργων

2192 3534 2340 3609 ὦμεν
2381 3538 2775 3608 προδεδομένοι.
2812 3536 2948 3589 Ἀλλ’
2983 3535 3099 3599 ἐνὸς
3140 3537 3268 3606 ἡμῖν
3301 3535 3381 3587 δεῖ
3408 3534 3588 3604 μόνου,
3628 3533 3758 3602 ἀρε-

2191 3625 2291 3695 τῆς
2334 3624 2433 3693 τῆς
2474 3624 2612 3675 κατὰ
2645 3623 2844 3693 ψυχήν.
2877 3621 3023 3691 Αὑτη
3056 3622 3204 3690 ἡμᾶς
3238 3620 3500 3672 διασῶσαι
3536 3618 3759 3686 δυνήσε-

2192 3726 2304 3770 ται,
2339 3708 2431 3760 καὶ
2450 3706 2756 3771 ἀπαλλάξαι
2780 3705 2873 3758 τοῦ
2915 3705 3134 3757 αἰωνίου
3176 3703 3363 3773 πυρός.
3402 3701 3549 3771 Αῦτη
3581 3716 3758 3770 παρα-

2194 3792 2401 3862 πέμψει
2439 3793 2465 3830 ³
2501 3792 2581 3852 εἰς
2609 3790 2707 3859 τὴν
2735 3789 3007 3855 βασιλείαν
3029 3788 3137 3841 τῶν
3158 3785 3399 3857 οὐρανῶν
3426 3802 3440 3815 ·
3470 3781 3537 3857 ἦς
3553 3783 3760 3852 γένοιτο

2194 3876 2401 3935 πάντας
2435 3875 2581 3944 ἡμᾶς
2615 3874 2910 3941 ἐπιτυχεῖν,
2938 3873 3115 3943 χάριτι
3147 3871 3239 3923 καὶ
3262 3866 3641 3939 φιλανθρωπίᾳ
3663 3865 3758 3918 τοῦ

2194 3958 2399 4026 Κυρίου
2426 3957 2583 4025 ἡμῶν
2643 3955 2816 4025 Ἰησοῦ
2853 3955 3111 4025 Χριστοῦ.
3142 3954 3209 4008 δι’
3244 3949 3305 4008 οὑ
3340 3953 3433 4006 καὶ
3466 3950 3581 4021 μεθ’
3604 3944 3665 4002 οὗ
3683 3948 3760 4019 τῷ

2192 4041 2368 4111 Πατρὶ
2397 4042 2429 4110 ἡ
2458 4040 2604 4103 δόξα,
2636 4040 2752 4108 ἅμα
2777 4037 2853 4107 τῷ
2884 4040 3026 4109 ἁγίῳ
3080 4036 3375 4106 Πνεύματι,
3402 4033 3496 4088 νῦν
3522 4033 3618 4087 καὶ
3651 4033 3756 4097 ἀεὶ,

2194 4124 2286 4175 καὶ
2309 4124 2385 4183 εἰς
2405 4122 2531 4182 τοὺς
2560 4122 2759 4180 αἰῶνας
2792 4122 2898 4173 τῶν
2925 4120 3153 4173 αἰώνων.
3201 4120 3391 4190 Ἀμήν.

2257 4208 2279 4235 ο
2308 4206 2507 4263 Quidam
2533 4207 2679 4267 ψυχὴ,
2704 4207 2859 4266 φησὶν,
2887 4206 3129 4267 ἀνθρώπου
3160 4204 3315 4267 πάσα.
3431 4200 3525 4267 {Hii
3547 4198 3688 4267 τοῦτο
3707 4200 3761 4248 δὲ

2194 4268 2248 4314 οὐ
2270 4268 2366 4321 τοῖς
2391 4269 2498 4329 τότε
2518 4264 2699 4329 εἴρηται
2714 4264 2876 4329 μόνον,
2900 4264 3036 4329 ἀλλά.
3058 4327 3065 4329 Α
3099 4280 3128 4329 μυ
3147 4264 3244 4329 Alii
3272 4265 3326 4310 τὸ
3349 4264 3512 4329 κέρδος
3543 4264 3643 4329 ἐστί
3684 4278 3762 4329 με·

2192 4330 2305 4403 κρρν
2432 4323 2912 4403 ούιδένζίυΐστερονιδέ
2934 4326 3231 4403 ἀπολλύμεθςι
3262 4323 3451 4403 κακῶςο·
3494 4326 3669 4403 μάλλον

2194 4384 2319 4437 οὑδὲ.
2397 4392 2410 4425 ι
2455 4390 2626 4436 Morel.
2654 4395 2705 4435 el
2735 4384 2931 4447 Quidam
2974 4384 3373 4449 παραϐλάψωμεν.
3411 4384 3561 4435 Savil.
3595 4393 3649 4434 et
3676 4384 3761 4433 alii

2193 4451 2583 4513 παραϐλὲψωμεν.
2656 4451 2681 4489 8
2711 4449 2808 4497 ΔΙίὶ
2850 4450 3168 4511 παραπέμπει.

1956 4614 2201 4667 ΟΜῐΛΙΑ
2240 4613 2323 4665 N'.

511 4690 770 4764 'Elgrqr
795 4687 911 4764 οὖν
940 4706 1098 4764 τινες
1119 4689 1191 4764 ἐκ
1217 4685 1337 4764 τῶν
1364 4684 2085 4764 Ἰεροσολιζμιτῶνξ-«ιοῄχ

579 4754 757 4824 οὗτός
799 4760 970 4811 ἐστιν
1001 4759 1072 4810 ὃν
1112 4757 1391 4823 ζητοῦσιν
1424 4754 1800 4819 ἀποκτεῖνακ
1846 4755 1952 4809 Καὶ
1998 4754 2088 4805 ἴδε

579 4830 884 4907 παῤῥῃσίς]
914 4830 1108 4907 λαλεῖ,
1150 4828 1249 4879 καὶ
1293 4825 1472 4907 οένδεν
1502 4826 1660 4890 αὐτῷ
1691 4825 1979 4907 λέξουσιἒγ
1992 4824 2086 4907 ᾶίή

580 4890 919 4965 τι⁷ἆλὴθῶς
962 4899 1237 4966 ἔγνωσαν
1286 4899 1339 4949 οἱ
1404 4897 1710 4963 ἄρχοντες,
1751 4890 1861 4966 Δὅτι
1908 4890 2088 4966 οὗτος

581 4969 752 5021 ἐστιν
790 4964 1027 5032 ἀληθῶς-
1062 4971 1093 5020 ό
1125 4968 1415 5032 Χριστός;
1467 4966 1644 5019 Ἀλλὰ
1670 4964 1884 5017 τοῦτον
1926 4964 2087 5017 οῖδα-

580 5056 691 5109 μεν
730 5040 916 5091 πόθεν
948 5039 1133 5090 ἐστίν.
1174 5057 1190 5087 ι

579 5167 649 5215 α’.
674 5161 836 5231 Οὐδὲν
851 5160 1033 5222 ἁπλῶς
1048 5162 1103 5213 ἐν
1120 5163 1240 5220 ταῖς
1258 5160 1429 5215 θείαις
1442 5161 1683 5230 Γραφαῖς
1696 5162 1888 5213 κεῖται·
1912 5159 2051 5213 Πνεύ
2064 5190 2084 5201 -

514 5261 643 5316 ματι
664 5243 773 5314 γὰρ
795 5243 1081 5314 εἰρημέναι
1107 5244 1243 5295 εἰσὶν
1269 5245 1427 5314 ἁγίῳ.
1456 5244 1543 5295 Διὸ
1567 5244 1741 5297 πάντα
1768 5244 1905 5314 μετά
1932 5246 2087 5313 ἀκρι-

510 5327 662 5389 ϐείας
693 5327 1053 5396 ἐξετάζωμεν.
1088 5329 1196 5379 Καὶ
1218 5327 1325 5395 γὰρ
1357 5328 1465 5379 ἀπὸ
1503 5328 1627 5396 μιᾶς
1654 5326 1849 5391 λέξεως
1882 5326 2087 5378 ἔνεστιν

507 5410 802 5482 ὀλόκληρον
826 5411 1007 5481 εὑρεῖν
1029 5413 1175 5469 νοῦν,
1206 5406 1315 5461 οἷον
1336 5410 1399 5479 δὴ
1433 5412 1524 5462 καὶ
1548 5410 1642 5464 νῦν
1670 5411 1800 5479 ἡμῖν
1820 5412 1933 5462 ἐστι
1964 5426 2088 5475 προ·

508 5496 778 5564 κείμενον.
813 5496 1035 5547 Πολ.λοί
1068 5492 1178 5562 γὰρ
1209 5494 1277 5545 ἐκ
1298 5493 1414 5546 τῶν
1450 5491 1931 5561 Ἱεροσολυμιτῶν
1959 5493 2089 5545 ἔλε-

508 5594 651 5648 γον·
686 5581 809 5646 Οὐχ
838 5575 1018 5641 οὗτός
1062 5578 1232 5629 ἐστιν
1274 5577 1346 5629 ὃν
1391 5575 1671 5643 ζητοῦσιν
1707 5577 2085 5636 ἀποκτεῖναιε

509 5663 617 5715 Καὶ
646 5662 736 5715 ἴδε
766 5663 1069 5730 παρῤησίςι
1090 5661 1283 5720 λαλεῖ,
1313 5662 1408 5715 καὶ
1436 5660 1615 5714 οὐδὲν
1630 5660 1789 5724 αὐτῷ
1812 5661 2083 5729 λέγουσι.

508 5744 576 5797 Τί
608 5745 805 5815 δήποτε
830 5746 1168 5813 πρόσκειται,
1198 5745 1316 5797 Τῶν
1349 5742 1791 5812 Ἱεροσολυμιτῶν
1817 5760 1831 5807 ;
1865 5743 2085 5795 Δείκνυ-

513 5844 599 5879 σιν
624 5830 653 5881 ό
681 5828 1068 5896 εὑαγγελιστὴς
1092 5868 1106 5891 ,
1133 5826 1283 5900 [ενι]
1314 5828 1393 5879 ὃτι
1422 5827 1470 5879 οἱ
1510 5825 1740 5894 μάλιστα
1778 5824 1885 5876 τῶν
1920 5825 2090 5894 μεγά-

515 5907 623 5961 λων
681 5909 1106 5973 ἀπολελαυκότες
1159 5910 1419 5980 σημείων,
1478 5903 1621 5961 οὑτοι
1685 5906 1900 5962 πάντων
1944 5903 2083 5977 ἦσαν

2189 4682 2557 4751 ἐλεεινότεροι,
2582 4682 2630 4734 οἳ
2660 4682 2756 4751 τῆς
2782 4680 3035 4751 θεότητος
3067 4680 3231 4733 αὑτοῦ
3272 4683 3490 4752 σημεῖον
3521 4679 3760 4750 ἑωρακό-

2186 4780 2276 4826 τες
2309 4764 2585 4832 μέγιστον,
2621 4762 2682 4815 τό
2722 4765 2827 4814 πᾶν
2859 4765 2922 4833 τῇ
2972 4763 3148 4830 κρίσει
3181 4763 3291 4814 τῶν
3347 4762 3620 4832 ἀρχόντων
3658 4763 3758 4813 ὲπ-

2190 4844 2415 4915 έτρεπον
2438 4844 2544 4897 τῶν
2581 4846 3087 4916 διεφθαρμένων.Ἲῐ
3118 4846 3225 4916 γάρ
3251 4845 3309 4897 οὑ
3342 4846 3477 4914 μέγα
3512 4847 3755 4913 σημεῖον,

2191 4928 2569 4997 μαινομένους,
2598 4931 2692 4981 καὶ
2728 4928 3018 4998 φονῶντας,
3051 4928 3143 4980 καὶ
3174 4931 3501 4999 περιιόντας,
3539 4928 3633 4980 καί⁸
3661 4927 3758 4996 ζη-

2188 5009 2409 5072 τοῦντας
2454 5011 2686 5073 ἀνελεῖν,
2723 5013 2815 5064 καὶ
2858 5011 3182 5081 κατέχοντας
3213 5014 3269 5065 ἐν
3310 5014 3515 5082 χερσὶν,
3553 5011 3757 5082 ἡσυχά-

2188 5090 2299 5164 ζειν
2331 5093 2620 5164 ἐξαίφνης;
2658 5095 2739 5154 τίς
2783 5095 2889 5164 γὰρ
2924 5094 2986 5147 ἂν
3018 5094 3173 5147 τοῦτο
3220 5095 3478 5164 ἐποίησε;
3513 5095 3597 5157 τίς
3639 5092 3755 5164 616-

2187 5162 2386 5233 κληρον
2441 5162 2637 5233 μανίαν
2685 5162 2871 5227 οὑτως
2904 5164 3155 5229 ἔσϐεσεν;
3221 5162 3374 5217 Ἀλλ’“
3413 5165 3560 5233 ὅμως
3621 5162 3757 5233 μετὰ
3830 5196 3853 5213 .

2186 5247 2422 5300 τοσαῦτα
2447 5250 2667 5319 σημεῖα,
2700 5250 2799 5320 ὅρα
2819 5249 2913 5317 τὴν
2942 5249 3123 5303 ἄνοιαν
3144 5247 3237 5301 καὶ
3263 5249 3360 5319 τὴν
3390 5247 3602 5318 μανίαν.
3636 5248 3757 5314 Οὐχ

2187 5325 2366 5393 οὗτος
2408 5329 2578 5383 ἐστιν
2627 5330 2698 5383 ὃν
2735 5330 3015 5399 ζητοῦσιν
3058 5331 3431 5393 ἁποκτεῖναι;
3473 5332 3613 5401 Ὅρα
3644 5328 3759 5390 πῶς

2189 5410 2396 5463 ἑαυτῶν
2424 5414 2808 5483 κατηγοροῦσι.
2843 5418 2942 5467 Ὃν
2970 5415 3231 5481 ὥιτοῦσι,
3267 5416 3449 5484 φησὶν,
3490 5409 3759 5465 ἀποκτεῖ-

2187 5509 2303 5558 ναι,
2337 5493 2436 5546 καὶ
2470 5496 2649 5549 οὐδὲν
2671 5496 2831 5562 αὐτῷ
2852 5498 3113 5566 λέγουσι,
3148 5499 3255 5550 Καὶ
3276 5499 3370 5567 οὑχ
3393 5496 3577 5556 ἁπλῶς
3605 5493 3755 5547 οὐδὲν

2190 5579 2339 5647 αὑτῷ
2381 5578 2646 5647 λέγουσιν,
2692 5582 2826 5636 ἀλλά
2872 5585 2963 5635 καὶ
3015 5582 3509 5655 παρρησιαζομένῳ
3536 5598 3548 5611 ’
3589 5581 3616 5632 ὁ
3650 5578 3757 5648 γὰρ

2188 5663 2468 5733 παρρησίᾳ
2495 5664 2690 5727 λαλῶν,
2724 5666 2819 5717 καὶ
2865 5669 2979 5734 μετ’
3011 5667 3321 5736 ἐλευθερίας
3353 5666 3590 5734 ἀπάσης,
3626 5660 3759 5733 μᾶλ-

2188 5742 2277 5796 λον
2318 5744 2383 5796 ἂν
2424 5745 2617 5808 αὐτοὺς
2660 5748 3010 5818 παρώξυνεν·
3039 5750 3151 5802 ἀλλ’
3185 5750 3335 5802 οὐδὲν
3367 5750 3598 5801 ἐποίουν.
3634 5742 3759 5811 Μή-

2188 5838 2332 5878 ποτε
2375 5826 2612 5893 ἀληθῶς
2657 5829 2950 5898 ἔγνωσαν,
2997 5832 3085 5885 ὅτι
3127 5830 3305 5899 οὗτός
3355 5833 3522 5885 ἐστιν
3555 5833 3587 5883 ὁ
3624 5829 3760 5894 Χρι-

2188 5909 2377 5975 “dc;
2415 5909 2574 5979 Ὑμῖν
2601 5913 2657 5967 δέ
2693 5914 2746 5966 τί
2776 5915 2955 5984 δοκεῖ;
2992 5917 3148 5972 ποίαν
3192 5917 3318 5987 περὶ
3358 5913 3520 5969 αὑτοῦ
3560 5912 3753 5972 φέρετε
