4084 6360
340 307 437 360 177

330 448 380 500 si
410 445 539 500 mihi
567 460 673 499 non
701 459 905 500 morem
934 445 1135 516 geritis,
1162 444 1375 514 quando
1404 459 1471 500 ne
1498 444 1670 516 legem
1700 444 1916 514 quidem

338 536 553 601 auditis,
583 547 637 591 et
663 552 820 607 quam
845 551 873 589 a
897 537 1077 607 Moyse
1102 536 1278 590 datam
1303 536 1521 605 putatis,
1543 551 1658 590 eam
1684 536 1914 591 violatis.

338 628 478 684 Nihil
505 644 632 698 ergo
660 645 877 696 novum,
902 631 946 683 si
974 629 1148 684 verbis
1173 629 1307 683 meis
1330 643 1436 683 non
1465 628 1755 684 attenditis.
1785 626 1919 695 Quia

339 721 480 775 enim
508 720 782 782 dixerant,
818 720 987 791 Moysi
1024 720 1257 789 loquutus
1283 729 1355 773 est
1387 718 1555 783 Deus,
1586 720 1718 773 hunc
1754 730 1920 773 autent

340 816 585 869 nescimus
614 814 746 868 unde
774 815 836 867 sit
860 812 1038 882 (Joan.
1072 813 1124 869 9.
1151 813 1265 883 29),
1292 814 1523 868 OStendit
1548 815 1675 882 ipse,
1702 813 1919 882 Moysen

337 911 405 965 ab
432 911 533 965 illis
558 910 942 965 contumeliose
974 909 1209 963 habitum
1234 927 1245 962 :
1273 924 1391 962 cum
1424 908 1513 962 ille
1545 909 1712 977 legem
1744 908 1921 962 dedis-

338 1013 457 1068 set,
488 1019 643 1073 quam
678 1003 776 1072 ipsi
804 1018 908 1056 non
944 1002 1209 1056 audirent.
1237 1001 1326 1055 2i.
1361 999 1530 1056 Unum
1563 1018 1690 1069 opus
1717 1002 1811 1071 feci
1832 1042 1845 1066 ,
1874 1010 1922 1054 et

338 1112 509 1150 omnes
531 1095 809 1149 miramini.
835 1095 1214 1152 Animadverte
1242 1094 1511 1163 quomodo
1532 1093 1619 1147 ubi
1651 1108 1770 1147 sese
1794 1108 1920 1160 pur-

339 1202 463 1256 gare
485 1197 774 1257 oporteret,
805 1198 858 1240 et
883 1185 1119 1240 oblatum
1143 1186 1344 1239 crimen
1367 1185 1663 1250 confutare,
1698 1184 1784 1236 ille
1813 1197 1921 1236 non

342 1279 552 1334 Patrem
592 1288 1010 1341 commemoret,
1044 1277 1138 1332 sed
1176 1292 1455 1347 personam
1495 1292 1643 1330 suam
1685 1276 1917 1330 inducat.

345 1371 515 1427 Unum
542 1388 669 1441 opus
695 1373 810 1442 feci.
836 1371 962 1427 Vult
991 1372 1294 1435 ostendere,
1325 1374 1369 1425 si
1398 1387 1501 1425 non
1531 1371 1759 1435 fecisset,
1795 1380 1921 1424 tunc

342 1464 513 1533 legem
542 1465 767 1518 solutam
796 1464 899 1518 dici
930 1466 1185 1533 potuisse,
1214 1474 1268 1518 et
1296 1464 1457 1518 multa
1487 1478 1606 1519 esse
1634 1464 1920 1518 observatu

338 1557 580 1626 digniora
606 1597 620 1621 ,
664 1572 820 1627 quam
872 1558 1042 1627 legem
1081 1574 1094 1609 :
1132 1556 1474 1629 Moysemque
1520 1566 1701 1610 contra
1751 1556 1920 1626 legem

339 1647 646 1701 mandatum
669 1648 959 1716 accepisse,
984 1646 1123 1716 quod
1149 1648 1265 1717 lege
1284 1647 1494 1717 dignius
1517 1656 1679 1701 esset.
1708 1648 1923 1716 Dignior

338 1742 535 1810 quippe
577 1740 799 1795 sabbato
836 1740 1172 1795 circumcisio
1206 1749 1354 1803 erat,
1387 1742 1627 1810 quamvis
1656 1755 1717 1794 ea
1754 1755 1858 1793 non
1890 1754 1920 1793 a

340 1834 490 1903 lege,
523 1846 615 1889 seu
646 1850 675 1889 a
707 1835 945 1905 patribus
983 1834 1194 1889 inducta
1229 1834 1434 1889 fuisset.
1481 1833 1594 1904 Ego
1635 1850 1766 1889 vero
1808 1850 1921 1889 rem

340 1927 635 1996 digniorem
678 1927 1059 1997 melioremque
1099 1926 1198 1980 feci
1223 1968 1237 1989 ,
1269 1941 1427 1995 quam
1466 1925 1537 1979 sit
1566 1926 1920 2017 circumcisio.

344 2018 510 2073 l’orro
536 2034 641 2073 non
666 2019 907 2074 meminit
938 2018 1119 2088 legalis
1146 2018 1379 2073 mandati
1404 2035 1418 2082 ;
1450 2032 1643 2087 nempe
1671 2017 1813 2087 quod
1838 2032 1925 2071 sa-

342 2113 588 2168 cerdotes
609 2114 887 2169 sabbatum
910 2113 1385 2184 transgrediuntur,
1407 2122 1462 2166 ut
1480 2112 1587 2183 jam
1609 2122 1732 2166 ante
1752 2113 1919 2166 dixit:

342 2205 436 2260 sed
476 2220 596 2259 cum
642 2206 831 2274 majori
872 2207 1188 2260 auctoritate
1237 2204 1487 2274 loquitur.
1534 2204 1662 2259 Illud
1709 2214 1920 2270 autem,

345 2294 627 2357 Miramini.
657 2297 706 2350 id
732 2307 833 2363 est,
869 2297 1171 2351 turbamini.
1199 2296 1330 2351 Nam
1354 2297 1397 2350 si
1424 2296 1593 2366 legem
1625 2298 1692 2351 ita
1717 2297 1922 2350 firmam

344 2401 463 2440 esse
490 2388 836 2454 oportuisset,
867 2389 1201 2444 circumcisio
1228 2404 1330 2442 non
1364 2388 1449 2442 illa
1483 2389 1820 2457 praestantior
1841 2403 1920 2442 es-

345 2488 459 2543 set;
491 2494 660 2549 neqne
686 2480 922 2543 dixisset,
954 2495 1012 2534 se
1038 2482 1207 2549 majus
1232 2481 1501 2549 quidpiam
1532 2481 1739 2545 iecisse,
1767 2496 1923 2549 quam

345 2573 801 2627 circumcisionem
828 2590 842 2637 ;
872 2573 964 2628 sed
993 2590 1055 2627 ex
1088 2572 1403 2627 auctoritate
1436 2573 1672 2627 confutat
1708 2588 1800 2627 eos
1840 2572 1924 2626 di-

346 2678 473 2717 cens
498 2682 510 2716 :
537 2663 628 2718 25.
657 2664 718 2719 Si
739 2666 1166 2719 circumcisionem
1194 2665 1375 2735 accipit
1400 2666 1567 2719 homo.
1595 2665 1781 2719 Viden’
1804 2676 1926 2721 tunc

347 2755 580 2809 maxime
606 2766 748 2811 stare
793 2756 998 2827 legem,
1030 2772 1151 2811 cum
1189 2759 1354 2827 ipsam
1387 2757 1576 2811 solvit?
1600 2757 1775 2811 viden‘
1801 2758 1927 2812 sab-

350 2846 455 2900 bati
496 2848 819 2903 solutionem
863 2864 981 2903 esse
1028 2848 1156 2917 legis
1196 2850 1660 2914 observationem;
1694 2850 1764 2905 ita
1796 2860 1854 2903 ut
1882 2848 1927 2902 si

352 2955 454 2993 non
484 2938 671 2994 fuisset
698 2942 927 2995 solutum
969 2940 1288 3007 sabbatum,
1328 2941 1498 3010 legem
1538 2942 1669 2995 solvi
1709 2957 1929 2996 necesse

351 3032 543 3087 fuerit?
574 3034 752 3103 Itaque
776 3034 948 3104 legem
976 3049 1074 3105 ego
1102 3036 1324 3089 firmavi.
1352 3035 1467 3090 Non
1494 3036 1646 3100 dixit,
1675 3035 1798 3090 Mihi
1826 3036 1929 3090 ira-

351 3125 556 3180 scimini
581 3168 594 3189 ,
627 3126 766 3197 quod
800 3143 910 3183 rem
939 3129 1342 3183 circumcisione
1372 3128 1627 3198 majorem
1657 3128 1880 3185 fecerim
1915 3149 1929 3185 :

352 3217 444 3272 sed
482 3232 595 3273 rem
625 3228 825 3273 tantum
856 3236 1162 3289 exponens,
1191 3220 1446 3290 judicium
1487 3222 1614 3291 ipsis
1649 3224 1928 3292 permisit,

352 3327 479 3365 num
527 3313 694 3380 magis
738 3313 1034 3367 necessaria
1079 3313 1147 3367 sit
1186 3314 1384 3383 integra
1419 3313 1646 3367 hominis
1684 3314 1888 3368 curatio
1912 3355 1929 3381 ,

356 3417 511 3472 quam
540 3404 894 3459 circumcisio.
930 3404 997 3460 Ut
1023 3405 1232 3474 signum
1260 3407 1482 3473 accipiat
1517 3406 1678 3459 homo
1706 3406 1833 3459 nihil
1865 3407 1932 3461 ad

353 3496 710 3552 valetudinem
736 3498 1048 3563 conferens,
1080 3499 1163 3552 lex
1191 3498 1430 3564 solvitur,
1469 3500 1673 3568 inquit;
1705 3507 1762 3552 ut
1789 3509 1933 3554 tanto

354 3592 541 3647 morbo
566 3592 839 3659 liberetur,
870 3592 1252 3660 indignamini?
1280 3592 1368 3646 24.
1399 3590 1573 3645 Nolite
1587 3592 1825 3662 judicare
1850 3609 1929 3645 se-

356 3683 575 3737 cundum
610 3684 808 3753 faciem.
842 3682 978 3751 Quid
1006 3690 1120 3748 est,
1149 3682 1435 3736 Secundum
1462 3683 1691 3752 facient?
1710 3682 1785 3737 Ne
1810 3682 1929 3751 quia

354 3774 564 3847 Moyses
591 3775 642 3829 in
671 3775 873 3843 majore
902 3775 1041 3846 apud
1071 3790 1164 3830 vos
1192 3776 1582 3831 existimatione
1609 3784 1722 3842 est,
1752 3790 1781 3827 a
1814 3791 1934 3844 per-

355 3884 606 3924 sonarum
650 3870 904 3939 dignitate
956 3869 1216 3923 calculum
1269 3868 1490 3934 feratis;
1543 3869 1634 3923 sed
1678 3884 1706 3922 a
1754 3884 1931 3922 rerum

358 3971 585 4016 natura:
620 3961 746 4015 illud
785 3976 1015 4030 namque
1056 3971 1137 4015 est
1172 3960 1314 4030 juste
1348 3959 1606 4029 judicare.
1638 3959 1745 4014 Cur
1774 3973 1933 4013 nemo

357 4052 574 4125 Moysen
605 4054 893 4108 incusavit?
913 4070 1008 4109 cur
1032 4069 1188 4109 nemo
1209 4054 1413 4107 obstitit
1430 4053 1634 4122 jubenti
1658 4054 1788 4108 solvi
1812 4054 1936 4107 sab-

359 4144 536 4197 batum
566 4159 661 4213 pro
701 4156 968 4215 prmcepto
996 4146 1327 4201 extrinsecus
1357 4145 1456 4214 legi
1487 4145 1708 4199 addito?
1736 4144 1932 4199 Verum

360 4234 448 4289 ille
476 4235 673 4305 patitur
713 4246 1031 4306 przeceptum
1069 4236 1198 4291 illud
1243 4237 1358 4306 lege
1394 4251 1487 4290 sua
1527 4237 1735 4306 dignius
1772 4250 1929 4299 esse;

1430 301 1498 359 IN
1534 297 1845 359 JOANNEH
1884 297 2115 354 HOML.
2162 301 2226 356 ι.
2263 305 2334 359 al.
2376 303 2559 362 XLIX.

3503 313 3608 368 278

2025 431 2374 491 praeceptum,
2403 423 2641 494 inquam,
2669 438 2700 479 a
2730 426 2847 495 lege
2873 441 2977 481 non
3007 427 3194 493 latum,
3228 428 3322 485 sed
3348 431 3611 488 extrinse-

2023 528 2120 571 cus
2156 516 2410 582 allatum;
2435 520 2575 589 quod
2605 528 2686 575 est
2717 521 2899 587 utique
2929 523 3121 574 mirum
3152 539 3165 573 :
3195 536 3289 574 vos
3313 532 3488 578 autem
3520 524 3612 593 qui

2024 622 2131 662 non
2157 611 2285 662 estis
2316 609 2665 679 legislatores,
2698 608 2835 664 ultra
2866 611 3080 665 modum
3107 612 3279 681 legem
3306 612 3609 668 vindicatis.

2025 704 2220 759 Verum
2248 704 2352 758 ﬁde
2376 704 2585 774 dignior
2610 705 2759 759 vobis
2786 715 2869 760 est
2906 705 3134 776 Moyses,
3161 704 3249 773 qui
3278 706 3447 776 legem
3478 708 3611 763 solvi

2023 796 2266 865 praecipit
2307 796 2377 849 ob
2424 805 2746 864 przeceptum
2793 812 2897 850 non
2938 798 3124 866 legale.
3158 798 3290 851 Cum
3329 815 3455 868 ergo
3484 800 3613 855 dicit

2024 895 2192 941 totum
2244 886 2556 949 hominem,
2604 887 2840 941 declarat
2888 888 3349 943 cirmtmcisionem
3407 903 3610 959 partem

2026 990 2229 1033 tantum
2262 979 2578 1034 valetudinis
2607 993 2745 1034 esse.
2788 979 2855 1033 Et
2884 997 3000 1049 qute
3036 990 3119 1035 est
3148 982 3347 1034 sanitas
3376 984 3611 1036 circnm-

2024 1073 2240 1130 cisionis
2262 1073 2284 1125 ?
2310 1072 2513 1136 Anima,
2543 1073 2732 1140 inquit,
2756 1071 2931 1125 omnis
2952 1088 3065 1139 qute
3090 1090 3187 1125 non
3213 1074 3609 1145 circumciditur,

2025 1166 2435 1218 exterminabitur
2464 1164 2626 1233 (Gen.
2660 1164 2746 1218 17.
2783 1164 2903 1232 14).
2946 1164 3059 1231 Ego
3099 1180 3225 1218 vero
3269 1179 3371 1217 non
3419 1166 3615 1233 partim

2024 1274 2223 1327 argrum
2254 1257 2431 1321 modo,
2467 1259 2559 1311 sed
2594 1266 2758 1310 totum
2787 1268 3095 1325 corruptum
3129 1257 3401 1311 suscitavi.
3437 1256 3613 1313 Nolite

2024 1367 2143 1422 ergo
2168 1351 2404 1423 judicare
2432 1350 2708 1405 secundum
2738 1351 2938 1420 faciem.
2966 1351 3077 1405 Hoc
3104 1362 3347 1420 putemus
3374 1367 3479 1405 non
3508 1352 3612 1407 illis

2026 1454 2228 1497 tantum
2257 1444 2457 1499 dictum
2486 1445 2667 1504 fuisse.
2698 1442 2794 1498 sed
2822 1443 2974 1498 nobis
2996 1459 3228 1513 quoque,
3258 1459 3325 1497 ne
3350 1443 3453 1498 ulla
3478 1444 3528 1498 in
3551 1459 3612 1499 re

2022 1536 2279 1606 justitiam
2310 1551 2734 1606 corrumpamns,
2763 1535 2856 1591 sed
2890 1551 2985 1604 pro
3026 1536 3113 1589 illa
3143 1537 3320 1591 omnia
3350 1552 3568 1606 agamus
3593 1554 3608 1601 ;

2026 1645 2094 1683 ne
2121 1628 2459 1684 attendamus
2488 1646 2553 1682 an
2580 1645 2781 1698 pauper
2804 1646 2868 1682 an
2897 1628 3052 1684 dives
3081 1629 3199 1698 quis
3221 1630 3324 1693 sit,
3355 1644 3453 1683 nec
3486 1646 3612 1699 per-

2026 1735 2184 1775 sonas
2204 1761 2220 1785 ,
2252 1721 2345 1774 sed
2375 1735 2460 1774 res
2489 1722 2849 1789 exploremus.
2882 1720 3002 1773 Non
3031 1721 3338 1774 misereberis
3358 1762 3372 1785 ,
3408 1720 3574 1789 inquit
3593 1760 3609 1779 .

2026 1813 2263 1883 pauperis
2288 1812 2338 1864 in
2363 1812 2558 1881 judicio
2581 1811 2774 1881 (Exod.
2802 1812 2892 1866 25.
2922 1813 3001 1879 ὃ).
3025 1810 3157 1878 Quid
3188 1810 3287 1865 sibi
3315 1813 3423 1864 vult
3446 1810 3612 1863 illud?

2026 1904 2103 1960 Ne
2133 1904 2413 1974 frangaris,
2448 1905 2636 1972 inquit,
2670 1920 2735 1959 ne
2762 1904 3008 1968 ﬂectaris,
3044 1905 3088 1957 si
3129 1920 3328 1973 pauper
3353 1906 3419 1957 sit
3450 1904 3494 1957 is
3521 1904 3610 1973 qui

2026 1997 2180 2052 lazsit.
2221 1997 2373 2062 Quod
2405 1998 2449 2051 si
2480 1999 2695 2066 pauperi
2729 2014 2831 2052 non
2863 1999 3241 2069 ignoscendum
3269 2040 3285 2065 ,
3316 1999 3485 2052 multo
3510 1999 3612 2052 mi-

2028 2106 2127 2145 nus
2151 2090 2321 2143 diviti.
2350 2091 2474 2145 Haec
2502 2106 2661 2159 porro
2685 2091 2806 2144 dico
2832 2107 2937 2144 non
2973 2090 3239 2159 judicibus
3267 2100 3488 2153 tantum,
3519 2090 3611 2144 sed

2028 2190 2081 2235 et
2105 2180 2373 2244 omnibus,
2398 2197 2463 2235 ne
2486 2198 2731 2251 umquam
2752 2182 2839 2250 jus
2865 2183 3112 2247 violetur,
3135 2182 3225 2236 sed
3252 2182 3615 2250 incorruptum

2029 2289 2243 2343 semper
2272 2285 2533 2327 servetur.
2574 2273 2785 2343 Diligit,
2819 2275 3019 2343 inquit,
3057 2273 3309 2344 justitiam
3342 2271 3613 2325 Dominus.

2032 2366 2132 2431 Qui
2158 2376 2322 2418 autem
2347 2367 2508 2434 diligit
2538 2367 2867 2435 iniquitatem,
2900 2367 3000 2419 odit
3022 2366 3243 2418 animant
3269 2381 3411 2417 suant
3440 2364 3613 2427 (Psal.

2031 2462 2117 2517 l0.
2148 2460 2226 2530 6).
2259 2459 2336 2514 Ne
2360 2502 2374 2523 ,
2405 2475 2588 2529 quaeso
2608 2500 2621 2520 ,
2655 2461 2858 2513 animas
2886 2467 3094 2513 nostras
3133 2458 3255 2511 odio
3287 2457 3577 2511 habeamus
3597 2498 3612 2520 ,

2030 2569 2129 2607 nec
2154 2554 2483 2622 iniquitatem
2510 2552 2809 2621 diligamus.
2838 2552 2971 2605 Hinc
2994 2560 3137 2606 certe
3159 2567 3346 2620 parum
3376 2553 3454 2603 vel
3484 2549 3615 2604 nihil

2033 2644 2163 2698 lucri
2195 2661 2332 2699 nunc
2362 2645 2717 2713 percipimus;
2754 2642 2845 2697 sed
2878 2645 2929 2696 in
2957 2643 3134 2697 futuro
3170 2658 3415 2711 magnum
3446 2641 3619 2695 aderit

2030 2736 2281 2790 damnum
2310 2738 2346 2789 ⁸.
2385 2736 2494 2790 lmo
2524 2752 2591 2790 ne
2620 2736 2703 2789 hic
2730 2751 2937 2805 quoque
2968 2734 3242 2803 iniquitate
3270 2743 3449 2787 nostra
3477 2735 3619 2785 frna-

2034 2843 2170 2880 mnr.
2203 2826 2426 2892 Quando
2456 2828 2597 2880 enim
2631 2842 2751 2880 cum
2794 2826 2929 2880 mala
2973 2825 3295 2879 conscientia
3330 2824 3380 2876 in
3411 2823 3618 2878 deliciis

2033 2933 2344 2983 versamur,
2376 2934 2551 2972 annon
2600 2918 2700 2972 hoc
2742 2918 3008 2971 cruciatus
3046 2926 3100 2970 et
3145 2915 3459 2985 supplicium
3498 2914 3619 2968 est?

2036 3012 2325 3079 Diligzimus
2362 3028 2487 3079 ergo
2520 3013 2779 3081 justitiam
2827 3021 2880 3065 et
2925 3025 3211 3081 numquam
3262 3009 3397 3064 hanc
3441 3007 3612 3076 legem

2037 3104 2316 3158 violemus.
2342 3103 2479 3171 Quid
2511 3105 2652 3158 enim
2685 3105 2885 3158 fructus
2906 3118 2973 3155 ex
3000 3101 3098 3155 hac
3125 3101 3229 3154 vita
3252 3100 3500 3168 consequi
3527 3116 3620 3167 po-

2037 3197 2290 3261 terimus,
2329 3197 2429 3251 nisi
2470 3196 2593 3252 hinc
2619 3212 2738 3249 cmn
2784 3198 2976 3250 virtute
3019 3194 3463 3262 migrat-erimus?
3492 3194 3618 3263 quid

2036 3289 2144 3343 illic
2175 3290 2327 3342 nobis
2359 3288 2817 3357 patrocinabitur?
2846 3303 2911 3340 an
2942 3287 3171 3340 amicitia
3192 3328 3204 3349 ,
3236 3302 3302 3339 an
3334 3287 3579 3353 cognatio
3602 3326 3617 3348 ,

2037 3396 2103 3433 an
2148 3381 2359 3449 gratia?
2399 3379 2600 3448 Ecquid
2644 3380 2866 3447 gratiam
2907 3378 3188 3445 cujuslibet
3217 3375 3379 3430 dico?
3417 3376 3469 3431 Si
3509 3374 3622 3430 Noe

2038 3485 2241 3542 patrem
2272 3471 2561 3525 habeamus
2585 3511 2599 3534 ,
2633 3470 2676 3523 si
2714 3469 2904 3524 Jobum
2932 3510 2945 3531 ,
2977 3468 3023 3522 si
3068 3467 3333 3521 Danielem
3355 3510 3369 3531 ,
3408 3466 3458 3521 id
3489 3467 3621 3523 nihil

2041 3562 2195 3617 nobis
2223 3560 2487 3631 proderit,
2518 3561 2562 3613 si
2590 3570 2766 3613 nostra
2795 3573 2893 3612 nos
2918 3573 3078 3627 opera
3109 3556 3351 3625 prodant.
3385 3557 3487 3612 Sed
3514 3572 3620 3612 una

2042 3668 2175 3722 opus
2217 3652 2475 3706 habemus
2504 3652 2736 3715 virtute;
2770 3648 2883 3703 hare
2926 3665 3024 3704 nos
3061 3662 3276 3702 servare
3312 3648 3537 3717 paterit,
3566 3658 3622 3703 et

2042 3746 2109 3801 ab
2137 3753 2339 3798 interno
2383 3745 2501 3814 igne
2543 3744 2791 3797 liberare.
2833 3740 2957 3796 Haec
2996 3756 3093 3795 nos
3118 3742 3288 3795 mittet
3316 3742 3367 3794 in
3399 3756 3619 3810 regnum

2043 3838 2331 3901 caelorum;
2361 3835 2501 3907 quod
2530 3837 2728 3890 utinam
2769 3849 2957 3889 omnes
3000 3849 3389 3903 consequamur
3408 3875 3424 3901 ,
3452 3837 3618 3902 gratia

2042 3937 2095 3982 et
2124 3928 2447 3996 benignitate
2477 3927 2682 3980 Domini
2721 3926 2886 3980 nostri
2926 3924 3051 3980 Jesu
3077 3924 3310 3989 Christi,
3343 3940 3434 3994 per
3462 3940 3619 3994 quem

2042 4029 2097 4074 et
2120 4036 2239 4075 cum
2271 4034 2376 4088 quo
2401 4018 2540 4072 Patri
2568 4018 2757 4088 gloria,
2785 4033 2996 4087 unaque
3016 4025 3199 4071 sancto
3221 4014 3458 4086 Spiritui,
3481 4031 3621 4070 nunc

2042 4122 2095 4169 et
2123 4128 2353 4181 semper.
2379 4121 2430 4165 et
2459 4113 2508 4164 in
2541 4111 2731 4165 szecula
2762 4111 3096 4164 smculornm.
3122 4110 3314 4162 Amen.

2108 4204 2207 4313 {in
2231 4203 2337 4253 aliis
2361 4203 2622 4266 legitur....
2649 4200 2777 4252 lucri
2792 4215 2918 4251 nunc
2940 4200 3250 4263 percipimus,
3276 4199 3363 4249 sed
3386 4199 3438 4247 in
3458 4198 3622 4260 futuro

2108 4280 2143 4313 η
2177 4279 2317 4313 unus.

2040 4279 2317 4329 perwunus.

1763 4374 2238 4488 Mli—1:

359 4546 489 4601 Car.
520 4546 570 4599 7.
597 4562 646 4600 v.
670 4545 757 4601 25.
791 4543 1036 4598 Dicebant
1088 4562 1206 4617 ergo
1233 4548 1439 4615 quidam
1480 4562 1542 4599 ea:
1561 4544 1895 4615 Jerosolymis
1920 4563 1939 4600 :

438 4638 622 4692 Nonne
650 4639 729 4692 hic
751 4648 823 4692 est
850 4654 996 4708 quem
1018 4648 1247 4707 quierunt
1278 4638 1592 4705 interﬁcere?
1615 4636 1705 4691 26.
1731 4634 1798 4689 Et
1828 4653 1939 4690 ecce

437 4731 608 4799 palam
630 4730 849 4799 loquitur
868 4771 884 4795 ,
914 4738 959 4783 et
989 4728 1119 4783 nihil
1136 4730 1182 4782 ei
1208 4729 1399 4783 dicunt.
1431 4728 1693 4798 Numquid
1718 4745 1829 4783 vere
1853 4745 1940 4782 co-

436 4833 709 4895 gnouerunt
740 4823 1011 4893 principes,
1053 4824 1171 4893 quia
1209 4823 1288 4876 hic
1313 4833 1386 4876 est
1415 4838 1523 4877 uere
1542 4821 1813 4879 Christus?
1847 4822 1939 4875 27.

441 4917 544 4972 Sed
567 4919 698 4971 hunc
720 4918 903 4970 scimus
925 4916 1056 4968 unde
1082 4916 1167 4972 sit.

440 5056 494 5111 Ι.
525 5054 589 5108 1η
614 5054 796 5108 divinis
819 5053 1099 5122 Scripturis
1126 5052 1254 5105 nihil
1280 5063 1459 5107 temere
1477 5054 1716 5122 positum.
1740 5083 1808 5094 —
1839 5052 1935 5107 Ni-

372 5148 442 5200 hil
468 5148 518 5201 in
549 5148 742 5201 divinis
786 5147 1075 5215 Scripturis
1126 5157 1327 5200 temere
1370 5148 1598 5217 positum
1652 5156 1770 5212 est;
1823 5156 1945 5200 sunt

372 5241 514 5293 enim
543 5238 771 5307 Spiritus
793 5240 959 5291 sancti
988 5238 1149 5291 dicta.
1193 5237 1548 5303 Quamobrem
1582 5239 1758 5291 omnia
1791 5252 1946 5291 accu-

373 5341 487 5385 rate
511 5332 886 5401 disquiramns.
916 5332 998 5384 Ab
1025 5345 1127 5384 una
1156 5332 1349 5398 quippe
1386 5329 1615 5383 dictione
1643 5340 1809 5383 totum
1840 5346 1945 5382 sse-

376 5439 445 5493 pe
472 5438 683 5476 sensum
715 5424 989 5486 discimus,
1022 5431 1078 5475 ut
1104 5424 1261 5476 etiam
1301 5436 1441 5475 nunc
1484 5422 1764 5490 contingit.
1794 5420 1947 5474 Multi

376 5518 507 5571 enim
536 5534 597 5570 ex
624 5516 1065 5585 Jerosolyntitanis
1092 5516 1359 5568 dicebant:
1400 5513 1519 5567 Non
1565 5514 1644 5567 hic
1685 5523 1756 5568 est
1801 5531 1948 5582 quem

380 5618 607 5679 quierunt
633 5609 910 5677 interﬁcere
937 5608 962 5660 ?
992 5607 1055 5660 Et
1078 5625 1187 5661 ecce
1211 5609 1381 5678 palant
1413 5606 1652 5675 loquitur,
1675 5615 1721 5659 et
1748 5607 1875 5659 nihil
1902 5608 1948 5660 ei

379 5699 574 5751 dicunt.
616 5699 724 5752 Cur
773 5698 1202 5769 Jerosolymitani
1258 5700 1659 5751 memorantur?
1708 5696 1950 5751 Ostendit

383 5791 705 5861 evangelista
726 5804 817 5846 eos
843 5791 1092 5859 maxime,
1112 5790 1199 5861 qui
1224 5798 1298 5845 tot
1319 5789 1481 5860 signis
1494 5788 1692 5861 dignati
1719 5787 1945 5854 fuerant,

2051 4526 2286 4580 omnium
2315 4522 2647 4578 miserrimos
2675 4537 2795 4576 esse
2817 4559 2835 4585 .
2874 4521 2963 4591 qui
2992 4537 3111 4575 cum
3143 4522 3433 4575 divinitatis
3462 4522 3627 4590 ipsius

2046 4617 2255 4685 signum
2315 4615 2605 4668 maximum
2666 4613 2961 4679 vidissent,
3027 4621 3193 4665 totum
3250 4622 3625 4680 corruptorum

2047 4708 2345 4777 principum
2369 4706 2574 4775 judicio
2595 4705 2960 4760 remittebant.
2984 4704 3175 4758 Annon
3211 4705 3502 4758 maximum
3553 4708 3626 4758 si-

2049 4814 2211 4869 gnum
2233 4808 2366 4862 erat,
2397 4798 2537 4868 quod
2568 4797 2821 4860 furentes,
2852 4797 3051 4851 caedem
3079 4796 3364 4863 Spirantes,
3396 4797 3629 4850 circum-

2050 4902 2348 4957 cursantes,
2372 4900 2530 4960 atque
2556 4891 2856 4945 interﬁcere
2882 4899 3186 4960 queerentes
3208 4930 3224 4953 ,
3280 4905 3400 4944 cum
3458 4890 3629 4960 ipsum

2055 5001 2163 5055 prae
2191 4986 2436 5039 manibus
2466 4992 2749 5046 tenerent,
2781 4984 2961 5036 statim
2983 4982 3360 5051 quiescerent?
3385 4982 3502 5052 quis
3527 4981 3630 5035 hoc

2054 5074 2306 5130 fecisset?
2328 5075 2445 5145 quis
2476 5083 2680 5129 tantum
2710 5073 2946 5127 furorem
2973 5074 3049 5127 sic
3079 5074 3627 5127 exstinxisset‘lAtta-

2054 5181 2173 5219 men
2199 5175 2320 5234 post
2350 5174 2424 5217 tot
2452 5164 2619 5233 signa,
2654 5163 2773 5217 vide
2794 5163 3069 5216 stultitiam
3092 5173 3146 5217 et
3168 5164 3419 5219 furorem.
3446 5160 3499 5215 Ν
3506 5177 3633 5217 oune

2054 5260 2133 5312 hic
2148 5270 2219 5313 est
2234 5274 2375 5326 quem
2400 5267 2628 5325 quierunt
2646 5257 2958 5321 interﬁcere?
2980 5256 3110 5311 Vide
3125 5256 3390 5325 quomodo
3410 5270 3467 5309 se
3491 5256 3635 5323 lpStiS

2054 5351 2429 5403 condemnent.
2452 5348 2611 5411 Quem
2634 5358 2860 5416 quierunt
2888 5348 3187 5415 inter/icere,
3209 5347 3470 5414 inquiunt,
3490 5347 3632 5399 etni-

2056 5442 2129 5494 hil
2146 5442 2191 5495 ei
2211 5441 2404 5494 dicunt.
2436 5440 2544 5494 Nec
2566 5440 2723 5494 modo
2738 5441 2866 5493 nihil
2883 5441 3085 5504 dicunt,
3104 5440 3195 5493 sed
3210 5454 3380 5508 neque
3396 5426 3565 5508 palam
3582 5446 3625 5491 et

2056 5534 2221 5589 libere
2247 5535 2549 5603 loquentem
2582 5534 2829 5603 ipsosque
2874 5542 3275 5600 exasperantem
3316 5532 3627 5599 reprimunt.

2053 5624 2111 5678 Ν
2117 5624 2324 5695 untquid
2345 5641 2455 5677 vere
2470 5635 2824 5694 cognoverunt,
2856 5625 2973 5693 quia
3000 5624 3079 5676 hic
3105 5632 3175 5675 est
3200 5620 3445 5675 Christus.
3474 5620 3635 5676 Vobis

2057 5728 2233 5771 autem
2267 5718 2394 5786 quid
2422 5718 2635 5773 videtur
2659 5719 2680 5771 ?
2706 5734 2865 5787 quam
2889 5717 2956 5772 de
2976 5717 3066 5770 illo
3099 5716 3249 5769 fertis
3274 5715 3635 5768 sententiam?

2058 5809 2424 5876 Contrarium,
2459 5811 2719 5881 inquiunt.
2746 5811 2869 5867 ldeo
2898 5809 3149 5865 dicebant
3182 5825 3194 5861 :
3230 5806 3336 5863 Sed
3366 5808 3497 5861 hunc
3529 5807 3631 5860 sci-
