4084 6360
450 294 553 351 279

451 432 557 467 mus
579 413 708 466 unde
734 411 816 464 sit.
842 409 886 465 Ο
914 409 1199 480 nequitiam
1231 410 1244 461 ε
1277 423 1309 459 o
1336 403 1812 460 contradictionem
1841 401 1856 455 ἓ
1910 400 2029 456 Non

449 521 568 559 eum
601 504 921 574 principibus
961 500 1224 555 calculum
1278 498 1487 562 ferunt,
1517 495 1609 550 sed
1657 495 1817 548 aliam
1847 509 2036 548 corru-

451 607 591 664 ptam
616 594 836 648 eﬂ‘erunt
861 592 1176 646 sententiam
1204 589 1422 642 stultitia
1445 602 1536 639 sua
1555 587 1787 656 dignam.
1807 583 2028 649 Scimus,

451 687 713 756 inquiunt,
740 685 870 737 unde
894 685 953 736 sit
977 697 995 737 :
1038 681 1263 736 Christus
1294 690 1458 731 autem
1486 694 1598 729 cum
1626 676 1811 729 venerit
1839 716 1851 738 ,
1887 691 2031 727 nemo

450 781 568 832 sciet
596 779 728 831 unde
749 779 832 830 sit.
868 775 1024 845 Atqui
1060 774 1324 842 principes
1351 770 1513 823 veSIri
1546 768 1854 836 interrogati
1878 766 2027 820 dice-

452 871 577 927 bant
599 911 613 934 ,
649 872 701 923 in
729 868 1040 921 Betltleltem
1075 865 1421 918 nasciturum.
1455 862 1518 914 Et
1544 875 1751 913 rursum
1783 858 1892 921 alii,
1917 856 2028 909 Nos

448 966 631 1018 scimus
651 965 768 1035 quia
799 961 960 1031 Moysi
983 961 1216 1024 loquutus
1243 965 1314 1009 est
1359 955 1497 1008 Deus
1520 971 1538 1020 ;
1568 953 1699 1005 hunc
1729 959 1894 1003 autem
1940 967 2027 1002 ne-

447 1059 630 1110 scimus
657 1056 792 1108 undc
812 1055 872 1107 sit
898 1053 916 1124 (
933 1052 1086 1104 Joan.
1111 1052 1164 1105 9.
1187 1049 1256 1103 9.9
1276 1053 1312 1112 ).
1347 1047 1628 1100 Ebriorum
1656 1043 1814 1098 verba
1843 1041 2024 1095 consi-

447 1149 574 1201 dera
593 1150 632 1200 ¹.
686 1147 1048 1212 Rursumque,
1075 1141 1214 1194 Num
1232 1158 1293 1194 ea:
1320 1138 1533 1192 Galiltea
1563 1138 1692 1189 venit
1737 1135 1966 1188 Christus
1997 1133 2021 1185 ?

447 1257 617 1294 annon
643 1256 704 1292 ea:
733 1238 1020 1291 Bethlehem
1045 1237 1152 1288 vico
1176 1235 1200 1285 Ρ
1228 1232 1410 1286 Videu’
1438 1231 1709 1285 ebriorum
1737 1226 2027 1280 calculum?

447 1333 677 1395 Scimus,
705 1330 1012 1387 nescimus;
1063 1342 1128 1381 ex
1191 1323 1500 1378 Bethlehem
1534 1321 1680 1372 venit
1734 1318 2023 1378 Christus;

446 1420 674 1475 Christus
704 1430 869 1471 autent
893 1434 1007 1469 cum
1035 1415 1242 1478 venerit,
1272 1429 1415 1466 nemo
1439 1411 1557 1463 sciet
1590 1409 1720 1462 unde
1765 1409 1848 1462 sit.
1888 1406 2026 1474 Quid

449 1512 547 1565 hac
578 1512 838 1564 dictorum
861 1523 1030 1576 pugna
1063 1504 1397 1559 manifeStius
1425 1503 1447 1554 ?
1501 1502 1554 1554 Id
1584 1515 1742 1553 unum
1771 1499 2027 1566 respicie-

447 1605 593 1667 battt,
625 1613 679 1656 ut
703 1618 770 1656 ne
798 1601 1098 1654 crederent.
1147 1597 1284 1664 Quid
1317 1611 1444 1665 ergo
1489 1595 1554 1648 ad
1587 1593 1701 1647 haec
1730 1592 1972 1647 Christus
2002 1592 2025 1644 ?

443 1696 533 1750 28.
580 1695 641 1748 Et
673 1712 749 1748 me
771 1695 944 1757 nostis,
987 1702 1032 1745 et
1063 1691 1195 1743 unde
1223 1691 1317 1743 sim
1347 1690 1484 1741 scitis
1505 1705 1522 1740 :
1554 1697 1598 1740 et
1630 1704 1660 1738 a
1682 1686 1873 1754 meipso
1922 1701 2024 1736 non

443 1787 573 1850 veni,
594 1785 680 1838 sed
701 1796 771 1837 est
793 1800 934 1837 verus
953 1784 1036 1851 qui
1065 1782 1195 1833 misit
1235 1796 1332 1844 me,
1386 1794 1529 1848 quem
1569 1793 1654 1830 vos
1695 1777 1909 1830 nescitis.
1958 1774 2025 1829 Et

444 1893 677 1941 rursum,
711 1876 770 1929 Si
797 1892 873 1927 me
887 1875 1099 1934 sciretis,
1131 1883 1173 1924 et
1207 1870 1414 1924 Patrem
1441 1886 1606 1921 meum
1634 1868 1846 1922 sciretis.
1874 1868 2020 1934 Quo-

444 1970 604 2022 modo
633 1984 760 2037 ergo
787 1968 915 2020 dicit
945 1981 1038 2019 eos
1066 1974 1119 2017 et
1139 1965 1334 2030 ipsum,
1357 1970 1410 2014 et
1441 1959 1582 2012 unde
1610 1960 1679 2012 sit
1709 1974 1869 2012 nosse
1900 1975 1916 2023 ;
1966 1966 2021 2012 et

441 2059 565 2112 alibi
591 2100 606 2123 ,
637 2073 732 2110 nec
757 2058 928 2127 ipsum
957 2070 1134 2116 nosse,
1169 2067 1267 2106 nec
1285 2053 1496 2106 Patrem
1519 2049 1674 2103 ?Non
1704 2063 1885 2103 secum
1918 2066 2017 2117 pu-

441 2161 596 2217 gnat,
629 2149 767 2202 absit
793 2164 805 2211 ;
859 2146 952 2200 sed
984 2145 1138 2198 valde
1164 2143 1262 2197 sibi
1291 2150 1522 2196 constat.
1553 2141 1626 2194 De
1645 2140 1750 2193 alia
1787 2141 2021 2208 loquitur

439 2239 740 2307 cognitione
768 2279 783 2302 ,
825 2253 946 2290 cum
981 2237 1129 2300 dicit,
1157 2234 1270 2288 Non
1323 2233 1525 2296 nostis,
1571 2230 2016 2301 quemadmodum

438 2346 557 2383 cum
588 2330 716 2383 dicit
745 2344 759 2382 :
792 2327 914 2380 Filii
946 2327 1065 2380 Ileli
1094 2367 1108 2390 ,
1142 2327 1235 2393 ﬁlii
1259 2325 1541 2394 pestilentes
1564 2365 1578 2387 ,
1610 2323 1879 2376 nescientes
1905 2322 2017 2375 Do-

437 2425 628 2475 minum
675 2423 752 2491 (l.
781 2421 903 2490 Reg.
929 2421 982 2472 2.
1012 2420 1120 2489 12);
1146 2435 1206 2472 ac
1251 2434 1462 2472 rursum
1490 2458 1503 2480 ,
1541 2415 1707 2469 Israel
1733 2428 1898 2468 autem
1941 2434 2019 2469 me

436 2531 536 2567 non
556 2513 782 2583 cognovit
803 2511 956 2579 (lsai.
983 2513 1034 2564 1.
1061 2512 1135 2580 ὅ).
1174 2509 1236 2563 Ut
1263 2520 1315 2563 et
1345 2507 1540 2561 Paulus
1566 2507 1640 2560 ait
1663 2523 1675 2560 :
1705 2507 2016 2574 Conﬁtentur

435 2624 487 2659 se
512 2622 655 2659 nosse
675 2603 869 2666 Deum,
897 2604 1042 2674 factis
1065 2612 1230 2654 autem
1262 2609 1444 2669 negant
1462 2597 1590 2665 (Tit.
1622 2599 1672 2652 1.
1695 2599 1803 2665 16).
1834 2598 2016 2652 Potest

433 2713 558 2768 ergo
579 2697 666 2767 qui
703 2699 820 2757 scit,
856 2698 1082 2750 nescire.
1119 2694 1228 2747 Hoc
1257 2693 1431 2760 itaque
1449 2691 1608 2744 dicit:
1640 2691 1692 2744 Si
1726 2706 1809 2744 me
1837 2705 2015 2745 nosse-

434 2790 521 2854 tis,
555 2789 764 2843 sciretis
793 2804 876 2840 me
899 2802 1016 2840 esse
1036 2785 1228 2838 Filium
1263 2781 1374 2837 Dei.
1425 2781 1561 2834 Illud
1600 2790 1778 2835 autem
1806 2823 1819 2844 ,
1868 2779 2015 2834 Unde

434 2881 547 2941 sim,
574 2895 675 2932 non
701 2879 874 2932 locum
906 2877 992 2930 hic
1018 2876 1258 2934 denotat,
1278 2883 1335 2926 ut
1356 2874 1525 2941 liquet
1553 2887 1616 2924 ex
1641 2871 2009 2940 sequentibus:

434 2969 501 3023 Et
528 2971 772 3038 ameipso
796 2986 894 3022 non
914 2970 1045 3034 veni,
1075 2968 1162 3020 sed
1186 2983 1326 3018 verus
1344 2974 1412 3019 est
1435 2965 1520 3034 qui
1545 2963 1677 3016 misit
1704 2979 1781 3015 me
1810 3003 1824 3026 ,
1865 2979 2011 3031 quem

433 3079 517 3115 vos
556 3062 773 3115 nescitis.
801 3061 897 3115 llic
918 3060 1150 3130 loquitur
1174 3059 1240 3112 de
1267 3057 1558 3126 ignorantia
1590 3055 1838 3124 operibus
1860 3071 2009 3109 com-

433 3157 654 3224 probata
681 3195 694 3218 ,
741 3155 809 3208 de
859 3169 962 3222 qua
1007 3152 1201 3206 Paulus
1243 3149 1403 3204 dicit:
1453 3147 1767 3215 Conﬁtentur
1794 3165 1847 3200 se
1867 3165 2011 3201 nosse

432 3249 637 3311 Deum,
670 3248 819 3318 factis
838 3257 1002 3298 autem
1023 3253 1224 3313 negant.
1267 3242 1450 3310 Neque
1495 3244 1638 3294 enim
1682 3241 1998 3310 ignorantiae

432 3350 707 3411 peccatum
739 3349 875 3401 erat,
903 3339 997 3392 sed
1049 3336 1296 3405 nequitiae
1320 3345 1375 3389 et
1405 3334 1557 3387 malze
1585 3335 1893 3404 voluntatis.
1943 3334 2010 3386 Et

432 3448 553 3487 cum
600 3431 698 3485 hoc
729 3431 963 3490 scirent,
1021 3428 1263 3496 ignorare
1313 3424 1584 3478 volebant.
1624 3423 1727 3478 Sed
1765 3437 2006 3493 quaenam

434 3524 545 3577 haec
563 3519 983 3590 consequentia?
1010 3516 1276 3587 quomodo
1303 3525 1358 3569 ut
1387 3516 1508 3569 illos
1536 3515 1793 3576 confutet,
1820 3514 2007 3568 eadem

432 3629 551 3682 quae
583 3613 680 3680 ipsi
713 3611 946 3679 loquitur
971 3609 995 3660 ‘t
1020 3608 1150 3661 Nam
1183 3621 1302 3660 cum
1337 3605 1411 3659 illi
1441 3604 1698 3668 dicerent,
1737 3603 1887 3656 llunc
1915 3621 2009 3656 au-

434 3715 533 3756 tem
549 3704 736 3756 scimus
760 3701 892 3754 unde
912 3700 1004 3765 sit,
1035 3698 1290 3763 subdidit,
1321 3696 1389 3750 Et
1417 3713 1495 3749 me
1515 3697 1671 3749 scitis.
1699 3696 1833 3763 Quid
1866 3698 2006 3750 enim

433 3794 681 3848 dicebant
707 3792 780 3846 illi
803 3793 824 3845 ?
851 3808 916 3844 an
944 3790 1085 3860 quod
1109 3789 1416 3844 nescirent?
1448 3787 1558 3842 lmo
1585 3803 1710 3842 vero
1733 3788 1829 3856 ipsi
1860 3787 2008 3842 dice-

435 3887 584 3952 bant,
637 3886 856 3939 Scimus.
893 3883 1086 3937 Verum
1118 3897 1240 3936 cum
1287 3881 1530 3935 dicerent
1573 3896 1633 3934 se
1681 3882 1820 3934 scire
1868 3881 2008 3935 unde

434 3988 597 4043 esset,
620 3977 749 4031 nihil
779 3976 920 4030 aliud
951 3975 1342 4044 signiﬁcabant,
1366 3988 1522 4042 quam
1553 3973 1702 4026 illum
1735 3973 1806 4027 de
1866 3985 2006 4027 terra

432 4085 552 4125 esse
581 4081 636 4124 et
677 4069 805 4122 l‘abri
835 4069 1019 4121 ﬁlium.
1063 4066 1156 4120 llle
1200 4081 1329 4119 vero
1368 4064 1418 4117 in
1448 4065 1609 4118 caelos
1636 4064 1875 4132 erigebat
1916 4080 2008 4118 eos

429 4161 634 4223 dicens,
661 4159 818 4212 Scitis
841 4158 980 4211 unde
997 4157 1118 4217 sim;
1153 4156 1204 4210 id
1230 4165 1331 4220 est,
1375 4155 1487 4208 Non
1519 4154 1659 4208 unde
1698 4154 2010 4222 suSpicami-

433 4255 484 4307 ιιὶ
510 4253 657 4317 veni,
686 4251 777 4305 sed
807 4253 946 4304 unde
975 4251 1017 4302 is
1044 4249 1133 4318 qui
1165 4248 1312 4301 misit
1339 4261 1442 4300 me.
1473 4245 1606 4300 Cum
1630 4245 1939 4308 diciteuim,
1964 4246 2008 4297 Α

431 4347 624 4414 meipso
655 4361 756 4398 non
775 4345 904 4409 veni,
939 4343 1040 4396 hoc
1066 4341 1383 4403 subindicat,
1423 4341 1565 4408 ipsos
1595 4354 1785 4408 nempe
1820 4339 1958 4392 scire
1992 4380 2006 4404 ,

434 4438 574 4506 quod
606 4453 632 4489 a
659 4437 816 4491 Patre
844 4437 1039 4489 missus
1066 4442 1229 4499 esset,
1264 4433 1363 4487 etsi
1389 4433 1438 4485 id
1473 4448 1575 4485 non
1604 4431 2004 4486 conﬁterentur.

438 4528 640 4595 Duplici
664 4542 791 4596 ergo
822 4525 980 4578 modo
1022 4525 1138 4578 illos
1164 4521 1424 4580 conlutat.
1459 4522 1637 4576 Primo
1662 4537 1721 4576 ea
1767 4537 1884 4591 qua:
1925 4536 2009 4574 se-

361 4653 364 4655 -
435 4630 585 4673 creto
614 4619 989 4687 loquebantur,
1021 4617 1069 4669 in
1100 4615 1332 4669 medium
1378 4625 1574 4670 etcum
1604 4614 1837 4667 clamore
1886 4628 2012 4683 pro-

431 4711 553 4774 l‘ert,
589 4719 645 4762 ut
675 4711 792 4762 illos
817 4708 1149 4777 pudefaciat;
1178 4707 1369 4760 deinde
1394 4715 1625 4759 mentem
1653 4705 1861 4758 illorutn
1885 4720 2010 4772 ape-

433 4804 519 4863 rit,
551 4818 612 4854 ac
634 4802 677 4855 si
700 4801 898 4856 diceret
923 4821 935 4853 :
961 4801 1073 4854 Non
1103 4799 1343 4866 abjecttts
1372 4814 1524 4861 sum,
1565 4813 1669 4850 non
1700 4798 1814 4850 sine
1850 4810 2010 4849 causa

433 4893 590 4956 veni;
624 4892 731 4946 Sed
765 4907 907 4944 verus
930 4901 1000 4943 est
1031 4891 1116 4960 qui
1159 4890 1292 4943 misit
1339 4905 1450 4950 me,
1486 4904 1630 4956 quem
1659 4904 1746 4940 vos
1786 4889 2007 4942 nescitis.

434 4983 570 5050 Quid
601 4982 864 5052 signiﬁcat
890 4982 1016 5035 illud
1041 5023 1056 5044 ,
1095 4979 1255 5034 Verus
1277 4990 1346 5033 est
1365 4980 1450 5049 qui
1466 4980 1596 5031 misit
1620 4979 1736 5031 me?
1763 4979 1819 5031 Si
1849 4994 2010 5033 verus

436 5087 516 5132 cst
537 5117 553 5142 ,
597 5077 650 5131 in
692 5077 920 5129 veritate
943 5090 1026 5128 me
1049 5075 1192 5127 misit
1219 5091 1230 5125 :
1260 5075 1304 5126 si
1334 5087 1490 5126 verus
1515 5081 1615 5138 est,
1645 5071 1885 5140 sequitur
1913 5085 2008 5124 ve-

433 5184 551 5223 ruut
587 5168 735 5220 illum
761 5181 880 5220 esse
908 5166 996 5234 qui
1027 5166 1221 5218 missus
1242 5164 1357 5218 fuit.

504 5260 558 5313 2.
589 5260 708 5314 Alio
731 5273 941 5328 quoquc
964 5257 1123 5309 modo
1156 5256 1205 5309 id
1236 5259 1443 5324 probat,
1479 5255 1708 5323 propriis
1742 5255 1858 5308 illos
1875 5270 2003 5309 ver-

433 5353 513 5406 bis
539 5352 774 5422 capiens.
809 5350 940 5417 Quia
972 5349 1112 5404 enim
1131 5349 1397 5412 dicebant,
1431 5347 1660 5403 Christus
1682 5364 1795 5400 cum
1823 5349 2005 5413 veniet,

434 5463 576 5500 nemo
596 5447 714 5499 sciet
740 5446 872 5498 unde
888 5444 950 5497 sit
974 5485 988 5508 ,
1039 5443 1162 5497 hinc
1193 5442 1423 5496 ostendit
1467 5457 1524 5496 se
1547 5441 1817 5494 Christum
1860 5456 1999 5494 esse.

434 5539 562 5593 Nam
587 5540 684 5607 ipsi
720 5537 869 5601 illud,
927 5535 1090 5589 Nemo
1120 5536 1260 5601 sciet,
1315 5534 1604 5588 secundum
1654 5533 2006 5587 dill'ercntiam

501 5631 518 5660 ι
555 5631 637 5677 llic
659 5627 793 5676 locus
812 5628 883 5676 sic
908 5624 1110 5688 elfertur
1132 5626 1256 5688 apud
1281 5623 1457 5673 Savil...
1493 5642 1514 5669 α
1532 5623 1656 5688 hunc
1675 5632 1833 5688 autem
1855 5621 2006 5672 nesci-

434 5703 540 5739 tnus
563 5691 688 5737 unde
707 5689 766 5738 sit
783 5706 829 5735 ι.
859 5706 881 5732 ι
903 5687 1085 5736 Scimus
1107 5685 1233 5738 unde
1256 5693 1343 5747 est,
1362 5693 1406 5737 et
1428 5686 1662 5737 nescimus
1683 5685 1811 5735 unde
1834 5691 1901 5735 est
1934 5701 1956 5730 ι
1989 5697 2005 5732 :

438 5750 689 5801 ebriorum
711 5750 851 5799 verba
874 5749 1144 5798 considera.

1187 291 1244 347 S.
1283 287 1560 347 JOANNIS
1594 279 2072 341 CHRYSOSTOMI
2114 285 2426 345 ARCHIEP.
2447 289 2976 348 CONSTANTiNOP.

3611 292 3714 345 280

2143 403 2382 459 locorum
2409 406 2798 476 loquebantur;
2843 416 2898 461 et
2926 407 3047 460 hinc
3088 406 3180 462 ille
3212 407 3447 462 ostendit
3473 423 3532 463 se
3560 407 3710 460 Chri-

2138 506 2276 552 smm
2307 512 2448 565 esse,
2488 500 2608 568 quia
2635 515 2663 551 a
2687 500 2844 554 Patre
2871 500 3078 554 venerit
3101 517 3116 564 ;
3161 509 3214 554 et
3242 499 3436 570 ubique
3458 501 3705 555 testiﬁca-

2139 599 2224 644 tur
2247 590 2414 645 Patris
2442 592 2798 662 cognitionem
2830 591 2929 646 sibi
2957 592 3058 645 soli
3101 601 3436 661 competere,
3487 591 3705 659 dicens,

2140 681 2261 736 Non
2289 683 2425 750 quod
2450 683 2653 737 Patrem
2682 685 2792 754 quis
2821 685 2971 748 vidit,
2994 684 3092 737 nisi
3108 685 3194 752 qui
3216 693 3289 738 est
3316 700 3349 736 a
3380 683 3552 738 Patre.
3576 685 3705 750 Qui-

2137 772 2236 826 bus
2253 773 2430 827 verbis
2456 773 2506 826 in
2537 774 2667 828 iram
2694 775 3119 830 concitabantur.
3155 774 3286 828 Nam
3313 791 3435 830 cum
3475 775 3702 844 diceret,

2137 863 2257 917 Non
2280 868 2434 919 nostis
2459 883 2591 930 eum,
2619 874 2671 920 et
2691 881 2810 921 cum
2836 869 3124 930 evinceret,
3146 867 3291 936 ipsos
3308 868 3445 922 scire
3463 867 3699 937 quidem,

2133 956 2225 1011 sed
2252 958 2600 1028 ignorantiam
2630 959 2881 1014 simulare
2901 1001 2915 1024 ,
2938 960 3056 1029 jure
3083 960 3226 1029 ipsos
3251 960 3526 1015 mordebat
3553 969 3608 1015 et
3628 961 3702 1015 ir-

2132 1049 2347 1103 ritabat.
2366 1049 2455 1104 50.
2483 1049 2783 1116 Quaerebam
2801 1067 2919 1121 ergo
2936 1068 3044 1104 eum
3070 1051 3463 1122 apprchendere,
3491 1062 3540 1106 et
3559 1069 3702 1106 nemo

2132 1140 2263 1191 misit
2287 1141 2339 1192 in
2365 1139 2509 1193 illum
2527 1158 2733 1194 manum
2753 1183 2766 1204 ,
2789 1144 2906 1211 quia
2938 1143 3164 1196 nondum
3190 1153 3391 1196 venerat
3417 1143 3545 1197 hora
3571 1143 3700 1213 ejus.

2135 1231 2318 1285 Viden'
2340 1233 2460 1286 illos
2486 1234 2824 1289 invisibiliter
2841 1233 3124 1298 cohibitos,
3158 1244 3214 1289 et
3236 1235 3448 1290 illorum
3492 1237 3700 1290 ccerci-

2132 1331 2241 1376 tum
2261 1323 2535 1378 furorem?
2559 1322 2668 1379 Cur
2698 1341 2826 1379 vero
2851 1342 2959 1380 non
2989 1325 3158 1390 dixit,
3189 1327 3329 1396 quod
3361 1327 3701 1382 invisibtliter

2128 1427 2222 1467 eos
2242 1413 2550 1476 detinuerit,
2580 1415 2697 1481 sed,
2732 1415 2879 1481 Quod
2922 1416 3144 1469 nondum
3185 1418 3393 1470 venisset
3415 1416 3544 1471 hora
3567 1420 3696 1489 ejus.

2132 1504 2353 1558 Volebat
2379 1507 2699 1576 evangelista
2728 1506 2963 1561 humano
3017 1507 3404 1577 bumilioreque
3429 1509 3588 1563 modo
3617 1511 3697 1564 lo-

2128 1596 2236 1662 qtti,
2270 1605 2325 1648 ut
2357 1595 2516 1649 homo
2540 1597 2698 1650 etiam
2725 1611 2845 1652 esse
2869 1607 3162 1666 putaretur.
3181 1598 3312 1665 Quia
3334 1599 3475 1654 enim
3507 1599 3698 1670 ubique

2128 1685 2378 1739 sublimia
2400 1686 2550 1750 dicit,
2582 1687 2699 1742 ideo
2717 1687 2829 1742 hare
2857 1688 2978 1742 hinc
3002 1690 3125 1744 inde
3143 1690 3344 1745 inserit.
3368 1691 3499 1744 Cum
3521 1700 3696 1746 autem

2126 1775 2273 1843 dicit,
2305 1778 2376 1830 Ab
2406 1780 2516 1847 ipso
2540 1796 2674 1842 sum,
2697 1796 2800 1833 non
2836 1779 3070 1850 loquitur
3097 1791 3153 1834 ut
3178 1784 3456 1852 propheta,
3485 1784 3572 1853 qui
3597 1783 3696 1838 hoc

2127 1870 2412 1937 acceperit,
2438 1870 2527 1925 scd
2547 1871 2687 1939 quod
2715 1871 2864 1926 illum
2883 1872 3080 1938 videat,
3111 1888 3173 1927 ac
3200 1888 3319 1928 cum
3342 1875 3457 1943 ipso
3485 1876 3570 1928 sit.
3601 1875 3692 1934 29.

2128 1958 2263 2012 Νοιῆ
2298 1962 2443 2014 illum
2469 2002 2485 2025 ,
2534 1962 2746 2032 inquit,
2801 1965 2918 2035 quia
2954 1965 3017 2018 ab
3046 1966 3154 2034 ipso
3182 1982 3312 2018 sum.
3359 1965 3542 2021 Viden’
3589 1983 3694 2037 quo

2125 2061 2279 2121 pacto
2301 2053 2402 2108 hoc
2451 2054 2642 2124 ubique
2681 2055 2886 2124 probet,
2921 2056 2960 2108 A
2985 2058 3172 2124 meipso
3199 2074 3298 2111 non
3331 2059 3460 2123 veni,
3489 2067 3560 2121 et,
3597 2059 3695 2126 Qui

2125 2147 2258 2201 misit
2278 2164 2356 2200 me
2376 2163 2527 2218 verus
2551 2159 2623 2203 est
2651 2150 2676 2202 .9
2701 2149 2750 2203 id
2771 2149 3120 2214 contendens,
3163 2166 3277 2206 nea
3327 2151 3438 2207 Deo
3490 2153 3696 2207 alienus

2123 2247 2355 2304 putetur.
2413 2240 2474 2292 Et
2502 2240 2896 2306 animadverte,
2932 2251 3126 2309 quanta
3175 2243 3245 2294 sit
3302 2242 3354 2296 in
3405 2242 3695 2298 humilibus

2123 2331 2297 2383 verbis
2327 2332 2542 2384 utilitas.
2578 2332 2702 2385 Post
2739 2331 2868 2396 haec,
2903 2332 3091 2401 inquit,
3120 2332 3270 2386 multi
3293 2332 3572 2387 dicebant:
3601 2335 3689 2387 3i.

2122 2421 2351 2476 Christus
2401 2441 2515 2476 cum
2561 2426 2782 2490 venerit,
2851 2425 3093 2494 numquid
3141 2426 3288 2495 plura
3331 2425 3475 2493 signa
3521 2425 3690 2495 faciet,

2119 2530 2268 2583 quam
2295 2531 2408 2584 quae
2433 2515 2513 2567 hic
2551 2516 2718 2584 facit?
2752 2515 2881 2583 Qute
2929 2516 3130 2585 signa?
3179 2516 3335 2586 Atqui
3389 2517 3489 2571 tria
3539 2526 3692 2571 erant

2119 2606 2289 2675 signa,
2320 2607 2448 2672 vini,
2481 2607 2776 2676 paralytici,
2809 2615 2863 2661 et
2891 2606 2984 2660 ﬁlii
3015 2607 3182 2678 reguli
3212 2626 3225 2660 :
3277 2607 3514 2678 nihilque
3550 2609 3687 2661 ultra

2117 2701 2353 2754 narravit
2379 2701 2718 2769 evangelista.
2746 2700 2898 2757 Unde
2921 2701 3106 2771 liquet,
3131 2711 3184 2754 ut
3206 2715 3350 2770 sazpe
3371 2701 3477 2755 dixi
3499 2741 3514 2765 ,
3547 2701 3690 2769 ipsos

2117 2795 2279 2848 multa
2308 2795 2649 2864 praemittere,
2683 2793 2807 2848 dum
2849 2809 2911 2848 ea
2963 2803 3242 2848 recensent
3292 2809 3408 2864 quae
3458 2794 3689 2862 maligne

2118 2887 2384 2958 principes
2416 2886 2872 2940 machinabantur.
2901 2885 3371 2955 Quaerebantergo
3413 2884 3559 2939 illutn
3591 2899 3685 2954 ap-

2117 2978 2456 3048 prehendere
2499 2988 2548 3032 et
2593 2979 2913 3032 interlicere.
2955 2976 3215 3043 Quinam?
3233 2976 3347 3031 Non
3379 2975 3684 3041 multitudo,

2114 3087 2232 3140 qua:
2259 3071 2609 3140 principatum
2639 3084 2742 3122 non
2766 3067 3067 3134 allectabat,
3098 3082 3195 3121 nec
3217 3067 3408 3120 invidia
3435 3066 3686 3136 corripie-

2113 3162 2302 3227 batur;
2333 3162 2426 3216 sed
2454 3161 2779 3217 sacerdotes.
2835 3159 3008 3214 Turba
3039 3159 3179 3214 enim
3212 3159 3391 3228 populi
3431 3157 3681 3212 dicebat:

2115 3255 2340 3308 Christus
2369 3271 2483 3307 cum
2500 3254 2703 3318 venerit,
2736 3251 2977 3317 numquid
3009 3252 3154 3320 plura
3181 3251 3326 3319 signa
3356 3250 3503 3320 faciet
3533 3249 3558 3302 ?
3584 3249 3680 3301 At-

2117 3355 2288 3399 tamen
2316 3346 2428 3398 baec
2451 3345 2581 3398 ﬁdes
2609 3359 2737 3398 sana
2767 3360 2870 3396 non
2892 3351 3040 3406 erat,
3085 3341 3178 3396 sed
3223 3351 3280 3395 ut
3309 3341 3444 3395 solet
3487 3340 3684 3394 inﬁma:

2111 3437 2280 3506 plebis
2307 3450 2444 3489 esse.
2473 3435 2601 3488 Illud
2631 3435 2791 3497 enim,
2827 3432 2951 3486 Cum
2979 3433 3196 3496 venerit,
3247 3447 3348 3484 non
3385 3438 3501 3485 erat
3553 3445 3674 3484 cre-

2112 3529 2352 3583 dentium
2380 3530 2520 3581 hunc
2540 3542 2658 3581 esse
2704 3525 2995 3578 Christum.
3029 3527 3132 3578 Aut
3160 3524 3226 3576 ita
3260 3522 3540 3578 dicendum
3569 3531 3680 3587 est;

2113 3629 2205 3674 aut
2234 3620 2370 3673 forte
2393 3620 2443 3672 itt
2467 3633 2727 3671 concursu
2757 3616 2953 3685 populi,
2977 3631 3096 3669 cum
3118 3615 3384 3683 principes
3417 3629 3510 3682 pro
3542 3613 3680 3668 virili

2113 3712 2396 3766 ostendere
2425 3712 2721 3764 niterentur
2747 3709 2919 3778 ipsum
2945 3722 3048 3761 non
3073 3723 3193 3762 esse
3217 3706 3508 3772 Christum,
3533 3707 3684 3761 dixe-

2113 3805 2181 3858 rit
2213 3803 2366 3857 turba
2395 3821 2406 3856 :
2440 3802 2704 3856 Ponamus
2733 3816 2838 3853 non
2866 3814 2987 3853 esse
3011 3799 3298 3863 Christum,
3345 3814 3468 3852 num
3492 3799 3684 3854 melior

2117 3895 2221 3950 erit
2245 3893 2525 3948 Christus?
2552 3891 2621 3947 Ut
2649 3906 2859 3959 semper
2891 3889 3020 3955 dixi,
3049 3889 3285 3943 inﬁmum
3319 3889 3505 3957 vulgus
3528 3930 3541 3952 ,
3573 3904 3680 3944 non

2114 4003 2141 4040 a
2185 3987 2448 4050 doctrina,
2470 4002 2575 4040 non
2605 4000 2633 4038 a
2661 3982 3031 4046 concionibus,
3061 3982 3154 4036 sed
3178 3982 3204 4034 a
3236 3982 3401 4052 signis
3426 3982 3680 4038 allicitur.

2113 4081 2201 4135 52.
2225 4080 2504 4134 Audierant
2528 4077 2778 4131 Pharisaei
2802 4079 2994 4130 turbam
3018 4084 3430 4139 murmurantcm,
3456 4086 3501 4129 et
3531 4077 3682 4130 mise-

2112 4172 2519 4232 runtministros,
2549 4180 2601 4223 ut
2633 4168 3063 4240 apprehenderent
3099 4183 3232 4220 eum.
3267 4166 3453 4221 Viden'
3475 4167 3681 4222 sabbati

2113 4265 2427 4320 solutionem
2450 4263 2724 4316 obtentum
2753 4261 2912 4315 fuisse
2937 4261 2958 4313 ?
2984 4259 3133 4327 Quod
3163 4269 3337 4312 autem
3364 4259 3482 4314 illos
3507 4261 3684 4313 acrius

2114 4356 2428 4418 mordebat,
2485 4354 2587 4408 hoc
2657 4362 2791 4408 erat.
2856 4351 2951 4405 ilic
2999 4351 3140 4404 enim
3202 4365 3322 4404 cum
3367 4349 3493 4404 nihil
3537 4350 3682 4419 quod

2113 4447 2519 4502 criminarentur
2543 4445 2821 4508 haberent,
2853 4443 2963 4496 sive
2990 4441 3040 4494 in
3058 4441 3234 4506 dictis,
3268 4441 3381 4494 sive
3408 4441 3460 4494 in
3486 4441 3675 4510 gestis,

2116 4549 2331 4609 propter
2356 4537 2562 4591 turbam
2607 4537 2854 4590 volebant
2900 4535 3046 4588 illum
3101 4533 3520 4603 apprehendere.
3576 4532 3684 4587 Nec

2115 4633 2378 4686 audebant
2425 4629 2720 4700 periculum
2749 4627 3102 4694 suspicantes,
3133 4625 3224 4678 sed
3256 4625 3528 4678 ministros
3578 4624 3681 4676 mi-

2114 4731 2297 4777 serunt
2351 4721 2439 4790 qui
2503 4727 2788 4773 tentarent.
2851 4715 2894 4770 O
2941 4716 3245 4769 violentiam
3281 4712 3294 4764 l
3339 4729 3371 4769 ο
3399 4714 3680 4768 furorem!

2111 4818 2226 4871 sive
2277 4814 2453 4883 potius
2483 4854 2497 4877 ,
2536 4826 2568 4865 ο
2609 4809 2909 4864 insaniam!
2966 4808 3095 4863 Cum
3147 4807 3198 4860 id
3241 4804 3338 4874 ipsi
3381 4820 3521 4874 saepe
3568 4816 3685 4860 ten-

2116 4914 2360 4968 tassent,
2415 4919 2514 4958 nec
2567 4903 2900 4972 potuissent,
2957 4899 3216 4953 ministris
3269 4913 3381 4950 rem
3433 4897 3682 4951 commit-

2116 5008 2232 5054 tunt
2261 5037 2278 5063 ,
2325 4995 2490 5050 furori
2545 4994 2827 5060 animoque
2853 5006 2950 5044 suo
2973 5000 3172 5042 temere
3202 4986 3552 5055 indulgentes.
3586 4987 3683 5040 At-

2115 5091 2204 5160 qui
2259 5088 2426 5142 multa
2471 5087 2618 5153 juxta
2677 5083 2930 5152 piscinam
2992 5080 3242 5150 loquutus
3295 5087 3419 5142 est,
3483 5085 3538 5131 et
3601 5077 3684 5129 ni-

2116 5181 2186 5234 hil
2242 5179 2344 5232 tale
2396 5175 2564 5230 moliti
2613 5182 2774 5237 sunt;
2831 5171 2923 5226 sed
2968 5170 3342 5238 quaesierunt,
3399 5182 3505 5221 non
3563 5177 3681 5220 ten-

2116 5279 2311 5325 tarunt.
2343 5268 2437 5324 ilic
2468 5281 2595 5320 vero
2636 5281 2747 5319 rem
2782 5264 2920 5318 ferre
2960 5277 3066 5315 non
3097 5270 3358 5330 possunt:
3392 5275 3512 5313 curn
3543 5259 3685 5312 futu-

2114 5379 2229 5418 rum
2280 5369 2423 5416 esset
2472 5369 2526 5412 ttt
2578 5357 2729 5410 turba
2805 5363 3125 5409 occurreret.
3170 5351 3305 5419 Quid
3356 5365 3482 5420 ergo
3519 5349 3678 5404 Chri-

2113 5455 2262 5512 stus?
2291 5455 2378 5509 55.
2411 5452 2588 5504 Adhuc
2613 5447 2865 5502 modicum
2885 5455 3076 5515 tempus
3103 5444 3352 5497 vobiscum
3378 5458 3510 5494 sum.
3541 5439 3674 5494 Cum

2113 5557 2294 5619 posset
2324 5545 2592 5598 auditores
2629 5551 2683 5596 et
2724 5540 2937 5593 ﬂectere
2963 5546 3017 5590 et
3043 5544 3268 5598 terrere,
3297 5534 3454 5589 verba
3485 5531 3681 5602 profert

2115 5641 2412 5697 humilitate
2451 5637 2601 5706 plena
2623 5675 2636 5698 ,
2667 5648 2728 5687 ac
2753 5632 2797 5686 si
2826 5630 3026 5684 diceret
3053 5645 3067 5681 :
3094 5625 3202 5681 Cur
3238 5641 3321 5681 me
3349 5623 3646 5679 interﬁcere
3666 5666 3681 5687 ,

2117 5750 2213 5789 cur
2254 5727 2499 5802 persequi
2527 5723 2799 5798 queritis?
2827 5720 3085 5777 Modicum
3121 5725 3454 5789 exspectate,
3487 5725 3541 5772 et
3568 5714 3684 5769 sine
