4084 6360
360 286 467 348 979

362 412 539 481 ψῆφον
563 430 579 478 ;
603 412 713 483 Τὴν
740 413 1011 478 ἐναντίαν,
1033 418 1186 490 φησί.
1217 420 1317 475 Διά
1334 420 1494 474 τοῦτο
1512 421 1727 490 ελεγονο
1764 421 1941 477 Ἀλλὰ

324 558 327 561 _
362 496 577 548 τοῦτον
609 498 857 565 οἴδαμεν
884 502 1071 555 πόθεν
1095 506 1286 560 ἐστίν.
1321 506 1385 557 Ὠ
1405 505 1504 575 τῆς
1523 507 1786 579 πονηρίας
1815 519 1839 547 ι
1860 508 1873 560 ἴ
1892 504 1940 559 ὣ

324 590 330 594 ·
359 578 456 645 τῆς
497 580 923 650 ἐναντιολογίαςί
960 585 1081 639 οὺδέ
1121 589 1240 651 ταῖς
1266 587 1374 640 τῶν
1408 578 1683 659 ἀρχόντων
1713 590 1938 642 ἕπονται

358 661 576 731 ψήφοις.
602 664 714 716 ἀλλ’
737 666 932 738 ἑτέραν
959 668 1248 741 ἐκφέρουσι
1275 671 1692 743 διεφθαρμένην,
1716 674 1810 726 καὶ
1840 673 1939 743 τῆς

358 746 563 809 οἰκείας
610 748 795 812 ἀνοίας
824 752 998 817 ἀξίαν.
1031 754 1289 823 Οἴδαμεν
1317 756 1522 822 αὑτὸν,
1558 758 1712 827 φησὶ,
1758 757 1945 811 πόθεν

356 828 564 883 ἐστίν’
593 834 627 885 ὁ
651 831 720 884 δέ
763 836 1016 902 Χριστὸς
1043 837 1191 893 ὅταν
1232 840 1495 909 ἔρχηται,
1537 841 1739 907 οὐδεὶς
1775 839 1944 912 γινώο

358 935 490 974 σκει
520 924 707 977 πόθεν
737 924 890 979 ἐστι.
940 928 1050 980 Καὶ
1091 928 1199 999 μὴν
1228 931 1277 982 οί
1313 930 1570 1001 ἄρχοντες
1616 931 1769 1001 ὑμῶν
1801 934 1941 1002 ἐρω-

356 1002 592 1076 τώμενοι
624 1008 831 1078 ελεγον,
859 1011 939 1064 ὅτι
974 1014 1032 1065 ὲν
1063 1012 1309 1083 Βηθλεέμ
1336 1017 1610 1083 γεννᾶται.
1646 1017 1756 1069 Kal
1780 1016 1942 1070 πάλιν

357 1088 506 1142 ἄλλοι
534 1091 698 1155 τινὲς,
735 1093 932 1162 Ἡμεῖς
957 1095 1205 1165 οἴδαμεν
1225 1095 1314 1150 ὅτι
1345 1098 1569 1167 Μωῦσῇ
1599 1098 1943 1165 λελάληκεν

356 1176 391 1227 ό
408 1174 584 1241 Θεός·
614 1177 834 1231 τοῦτον
853 1178 921 1231 δὲ
942 1182 1053 1233 οὐκ
1080 1180 1329 1252 οἴδαμεν
1353 1183 1538 1235 πόθεν
1556 1183 1776 1236 ἐστίν.·
1798 1183 1941 1253 Ὅρα

357 1257 666 1327 μεθυόντων
702 1262 943 1332 ῥήματα.
988 1264 1097 1317 Kal
1132 1265 1330 1319 πάλιν·
1359 1266 1455 1333 Μὴ
1506 1266 1575 1319 ἐκ
1613 1264 1721 1333 τῆς
1762 1268 1941 1319 Γαλι-

355 1344 535 1410 λαίας
576 1345 811 1414 ἔρχεται
829 1350 872 1404 .d
910 1349 1197 1416 Χριστός;
1221 1352 1333 1403 οὐκ
1369 1350 1484 1404 ἀπὸ
1530 1350 1796 1419 Βηθλεὲμ
1832 1348 1941 1417 τῆς

356 1429 598 1495 κώμης;
633 1427 781 1494 Εἶδες
816 1433 1153 1502 μαινομένων
1183 1434 1389 1503 ψῆφον;
1421 1435 1677 1506 Οἴδαμεν,
1718 1436 1811 1488 καὶ⁵
1840 1436 1940 1489 οὐκ

355 1513 610 1583 οἴδαμεν·
663 1515 770 1567 ἀπὸ
821 1512 1064 1585 Βηθλεὲμ
1117 1518 1332 1588 ἔρχεται
1376 1519 1405 1571 6
1449 1518 1721 1589 Χριστός·
1778 1518 1838 1571 Ὀ
1872 1517 1941 1571 δέ

351 1598 611 1663 Χριστὸς
661 1598 805 1651 ὅταν
849 1600 1126 1668 ἔρχηται,
1174 1602 1373 1671 οὐδεὶς
1426 1601 1704 1671 γινώσκει
1754 1602 1940 1656 πόθεν

352 1678 505 1735 ἐστί.
550 1680 616 1733 Τί
649 1679 851 1751 ταύτης
880 1683 978 1752 τῆς
1014 1685 1193 1756 μάχης
1238 1686 1602 1757 σαφέστερον;
1654 1683 1797 1755 Πρὸς
1828 1684 1938 1756 γὰρ

352 1761 413 1815 ἓν
441 1764 599 1832 μόνον
631 1764 837 1836 ἐώρων,
869 1766 929 1819 rb
953 1767 1028 1839 μὴ
1052 1768 1356 1840 πεισθῆναι.
1390 1770 1455 1823 Τί
1477 1767 1570 1825 οὖν
1604 1770 1741 1842 πρὸς
1762 1768 1936 1823 ταῦτα

349 1848 384 1900 6
431 1847 692 1918 Χριστόςς
746 1849 856 1903 Καὶ
905 1851 1009 1918 ἐμὲ
1056 1851 1274 1918 οἴδατε,
1316 1855 1414 1910 καὶ
1458 1855 1658 1910 οἴδατε
1691 1855 1717 1894 δ
1754 1855 1937 1906 πόθεν

352 1932 503 1999 εἰμί·
539 1933 636 1986 καί
683 1933 785 1987 ἀπ’
815 1933 1074 2002 ἐμαυτοῦ
1110 1939 1221 1990 οὑκ
1263 1937 1552 2003 ἐλήλυθα,
1596 1938 1734 1993 ἀλλ’
1764 1936 1937 1990 ἐστιν

350 2015 585 2082 ἀληθὴς
628 2019 661 2070 ό
700 2016 944 2085 πέμψας
980 2036 1079 2087 με,
1119 2019 1191 2073 ὃν
1217 2020 1386 2089 ὑμεῖς
1423 2024 1533 2075 οὐκ
1578 2022 1796 2075 οἴδατε.
1824 2019 1935 2074 Kal

350 2100 516 2152 πάλιν
537 2119 549 2130 -
586 2102 654 2153 Εἴ
687 2100 792 2169 ἐμὲ
821 2101 1035 2170 ᾔδειτε,
1074 2104 1171 2156 καὶ
1197 2104 1305 2157 τὸν
1334 2104 1562 2172 Πατέρα
1592 2123 1712 2174 μου
1739 2103 1936 2173 ᾕδειτε

352 2183 450 2236 ἀν.
499 2182 623 2246 Πῶς
674 2181 767 2237 οὖν
812 2202 975 2254 φησιν
1028 2187 1227 2250 αὐτοὺς
1278 2188 1372 2240 καὶ
1403 2187 1597 2241 εἰδέναι
1631 2187 1813 2251 αὐτὸν,
1842 2187 1935 2239 καὶ

352 2266 516 2319 πόθεν
554 2266 699 2318 ἐστί·
742 2269 837 2319 καὶ
883 2268 1066 2333 πάλιν,
1102 2271 1240 2339 μήτε
1286 2272 1448 2324 αὐτὸν
1474 2270 1670 2324 εἰδέναι
1714 2271 1931 2333 αὐτοὺς,

353 2351 490 2419 μήτε
512 2351 601 2403 τὸν
628 2352 845 2422 Πατέρα
863 2369 876 2417 ;
900 2353 1013 2405 Ούκ
1035 2354 1421 2423 ἐναντιολογῶν
1438 2370 1451 2383 ·
1471 2355 1674 2422 ἄπαγε,
1690 2353 1826 2406 ἀλλά
1841 2354 1934 2407 καὶ

350 2434 555 2504 σφόδρα
585 2436 761 2505 ἐαυτῷ
788 2436 1118 2492 ἀκολουθῶν.
1162 2438 1383 2511 Ἑτέραν
1429 2437 1485 2490 δὲ
1526 2437 1671 2506 λέγει
1708 2436 1931 2505 γνῶσιν,

347 2518 476 2571 ὅταν
497 2518 648 2591 λέγῃ,
683 2522 803 2573 Οὐκ
826 2518 1045 2583 οἴδατε,
1069 2520 1259 2590 ὥσπερ
1275 2522 1403 2575 ὅταν
1422 2521 1554 2593 λέγῃ
1569 2537 1584 2551 ⁸
1602 2521 1721 2575 Υίοῖ
1754 2522 1931 2586 Ἠλεί,

345 2602 465 2655 υίοί
496 2603 713 2671 λοιμοὶ,
748 2603 846 2656 καὶ
890 2605 1002 2658 οὐκ
1028 2604 1254 2671 ειδότες
1279 2606 1387 2659 τὸν
1415 2607 1634 2674 Κύριον
1655 2624 1669 2637 ο
1701 2606 1795 2659 καὶ
1827 2606 1933 2660 πά-

345 2685 451 2750 λιν,
492 2686 741 2755 Ἰσραὴλ
766 2687 832 2740 δέ
850 2704 927 2757 με
955 2691 1066 2743 οὐκ
1090 2689 1264 2759 ἔγνω.
1306 2689 1393 2751 Ὠς
1416 2690 1508 2743 καὶ
1533 2689 1742 2753 Παῦλός
1773 2707 1929 2761 φησι,

352 2770 503 2824 Θεὸν
532 2771 937 2841 ὁμολογοῦσιν
958 2771 1198 2836 εἰδέναι,
1225 2771 1352 2837 τοῖς
1379 2772 1448 2826 δέ
1470 2773 1665 2842 ἔργοις
1686 2773 1933 2843 ἀρνοῦν-

344 2869 460 2906 ται.
502 2855 689 2908 Ἔστιν
718 2854 826 2927 ἀρα
853 2855 927 2927 μὴ
959 2856 1157 2910 εἰδέναι
1188 2857 1385 2910 εἰδότα.
1423 2856 1593 2910 Τοῦτο
1621 2852 1713 2911 οὖν
1742 2874 1927 2929 φησιν’

335 2936 411 2992 Εἴ
439 2936 540 3010 ἐμὲ
569 2937 768 3002 οἴδατε,
794 2939 971 2994 οἴδατε
1002 2940 1085 2994 ὅτι
1105 2939 1199 2995 τοῦ
1226 2939 1359 2994 Θεοῦ
1385 2940 1511 3005 Υἱός
1539 2942 1674 3012 εἰμι.
1699 2942 1773 2995 Τὸ
1797 2942 1926 3013 γὰρ,

347 3025 539 3079 Πόθεν
580 3025 720 3094 ειμί,
768 3026 829 3077 οὐ
863 3025 955 3078 τὸν
985 3025 1148 3079 τόπον
1177 3026 1414 3080 ἐνταῦθά
1448 3044 1615 3097 φησι·
1647 3029 1741 3081 καὶ
1771 3028 1928 3099 δῆλον

344 3110 411 3162 ἐκ
437 3109 537 3179 τῆς
569 3108 864 3178 ἐπαγωγῆς
891 3124 905 3139 ο
935 3109 1046 3163 Καὶ
1073 3109 1173 3163 ἀπ’
1209 3110 1471 3178 ἐμαυτοῦ
1495 3113 1606 3165 οὑκ
1632 3111 1925 3179 ἐλήλυθα,

341 3192 482 3245 ἀλλ’
510 3192 683 3245 ἐστιν
724 3192 959 3259 ἀληθὴς
988 3195 1022 3245 ὁ
1068 3191 1313 3261 πέμψας
1359 3211 1457 3262 με,
1490 3194 1563 3247 ὃν
1600 3194 1771 3263 ὑμεῖς
1815 3197 1928 3249 οὐκ

344 3278 545 3331 οἴδατε
563 3293 575 3304 '
599 3275 822 3343 ἄγνοιαν
850 3275 1083 3329 ἐνταῦθα
1110 3276 1302 3345 λέγων,
1334 3276 1432 3348 τὴν
1459 3277 1548 3331 διά
1575 3279 1682 3331 τῶν
1717 3280 1923 3350 ἔργων·

344 3360 527 3426 καθὼς
548 3361 758 3424 Παῦλός
775 3378 907 3430 φησι
926 3378 938 3391 ’
967 3362 1115 3414 Θεὸν
1130 3361 1533 3431 ὁμολογοῦσιν
1546 3361 1785 3428 ειδέναι,
1801 3364 1927 3430 τοῖς

342 3444 413 3499 δὲ
437 3445 634 3515 ἔργοις
653 3444 997 3513 ἀρνοῦνται.
1027 3441 1164 3497 Οὐδὲ
1186 3444 1295 3514 γάρ
1315 3445 1538 3513 ἀγνοίας
1564 3440 1632 3515 ἦν
1660 3446 1719 3499 τὸ
1747 3448 1926 3519 ἀμάρ-

340 3546 513 3599 τημα,
542 3528 676 3581 ἀλλά
708 3527 904 3590 κακίας
937 3528 1029 3579 καὶ
1071 3528 1311 3597 πονηρᾶς
1341 3528 1586 3597 γνώμης.
1628 3529 1737 3581 Kal
1768 3529 1927 3583 τοῦτο

344 3613 567 3678 εἰδότες,
630 3613 844 3679 ἀγνοεῖν
897 3610 1194 3680 βούλονται.
1252 3610 1397 3681 Πλὴν
1453 3610 1580 3663 ποία
1636 3612 1925 3668 ἀκολουθία

341 3696 548 3760 ταῦτα;
581 3696 697 3759 πῶς
728 3696 837 3766 γὰρ
875 3694 1111 3765 ἐλέγχων
1142 3693 1357 3757 αὐτοὺς,
1391 3694 1458 3748 τά
1484 3694 1664 3747 αὐτῶν
1692 3692 1926 3765 φθέγγε-

342 3798 461 3847 ται;
494 3780 766 3833 Εἰπόντων
792 3778 901 3849 γάρ
935 3777 1177 3840 ἐκείνων,
1208 3776 1427 3830 Τοῦτον
1452 3777 1521 3829 δὲ
1556 3778 1804 3847 οἴδαμεν
1827 3780 1925 3831 πό-

343 3870 449 3919 θεν
471 3864 661 3927 ἐστιν,
700 3864 969 3933 ἐπήγαγε,
1002 3861 1110 3915 Καὶ
1139 3861 1245 3928 ἐμὲ
1286 3860 1506 3915 οἴδατε.
1535 3862 1598 3913 Τί
1624 3862 1734 3933 γὰρ
1771 3858 1924 3916 εἶπον

342 3948 559 4007 ἐκεῖνοι,
590 3947 673 3999 ὅτι
697 3948 820 3999 Οὐκ
856 3945 1142 4012 οἴδαμεν;
1176 3944 1285 3996 Kal
1325 3943 1475 4015 [295]
1505 3946 1657 3999 αὐτοὶ
1705 3947 1801 4017 μὲν
1830 3944 1923 4001 οὖν

339 4030 497 4084 τοῦτο
528 4031 732 4097 ἔλεγον,
758 4030 839 4083 ὅτι
872 4028 1151 4097 Οἴδαμεν.
1190 4027 1330 4081 Ἀλλ’
1353 4029 1551 4081 ἐκεῖνοι
1579 4030 1676 4100 μὲν
1702 4031 1782 4095 rb,
1824 4032 1922 4083 Οἴε-

340 4118 527 4186 δαμεν
549 4118 734 4170 πόθεν
763 4116 916 4177 ἐστὶ,
956 4114 1222 4183 λέγοντες,
1266 4112 1419 4167 οὑδέν
1454 4113 1581 4167 ἄλλο
1623 4116 1920 4185 ἐνέφαινον,

341 4201 455 4255 ἀλλ’
489 4201 522 4271 ἢ
558 4202 640 4253 ὅτι
690 4202 754 4253 ἐκ
800 4201 899 4269 τῆς
928 4198 1033 4268 γῆς
1082 4200 1220 4262 ἐστι,
1267 4197 1364 4250 καὶ
1406 4198 1489 4251 ὅτι
1536 4198 1633 4251 τοῦ
1673 4200 1923 4266 τέκτονός

340 4286 490 4337 ἐστιν
517 4284 659 4346 υἰός·
693 4282 854 4345 αὐτὸς
882 4282 939 4336 δέ
981 4281 1178 4344 αὐτοὺς
1207 4282 1407 4352 ἀνῆγεν
1433 4284 1512 4345 είς
1555 4282 1645 4335 τὸν
1673 4285 1919 4355 οὐρανὸν,

338 4369 514 4437 λέγων
534 4386 546 4398 ⁸
576 4367 787 4421 Οἴδατε
814 4368 999 4421 πόθεν
1017 4367 1136 4435 εἴμί
1158 4384 1171 4395 ·
1196 4367 1491 4430 τουτέστιν,
1532 4367 1631 4422 οὐκ
1676 4370 1921 4423 ἐντεῦθεν

340 4451 462 4504 ὅθεν
510 4450 865 4513 ὑποπτεύετε,
914 4449 1029 4502 ἀλλ’
1073 4449 1195 4503 ὅθεν
1226 4454 1254 4503 6
1305 4450 1525 4520 πέμψας
1568 4469 1653 4522 με.
1708 4454 1780 4506 Τὸ
1812 4454 1921 4526 7&9

341 4538 535 4600 εἰπεῖν,
562 4537 643 4589 ὅτι
686 4536 811 4589 Ἀπ’
832 4534 1091 4603 ἐμαυτοῦ
1124 4535 1233 4586 οὐκ
1254 4534 1545 4598 ἐλήλυθα,
1576 4536 1734 4590 τοῦτο
1761 4539 1923 4592 αἰνίτ-

338 4636 512 4681 τεται,
546 4620 629 4672 ὄτι
667 4618 864 4688 ᾔδεσαν
908 4618 989 4670 ὅτι
1035 4617 1182 4687 παρά
1214 4615 1308 4669 τοῦ
1346 4619 1557 4689 Πατρδς
1592 4620 1919 4688 ἀπέσταλτο,

339 4706 388 4757 εἴ
422 4704 512 4756 καὶ
542 4702 616 4773 μὴ
658 4700 1039 4765 ἐξεκάλυπτον.
1078 4700 1248 4771 Διπλῇ
1284 4701 1414 4768 γοῦν
1451 4702 1650 4766 αὐτοὺς
1685 4704 1918 4775 ἐλέγχει.

339 4785 451 4840 Kal
483 4784 698 4854 πρῶτον
732 4784 828 4854 μὲν
857 4782 892 4836 ἀ
927 4781 1048 4837 κατ’
1092 4782 1223 4835 ίδίαν
1251 4782 1490 4848 ἐλάλουν,
1517 4784 1691 4840 ταῦτα
1716 4788 1796 4851 εἰς
1822 4790 1918 4859 μέ-

340 4870 639 4941 συνήγαγε
684 4867 924 4939 κράζων,
965 4866 1103 4919 ὥστε
1146 4868 1342 4929 αὐτοὺς
1392 4868 1685 4938 ἐντρέψαιο
1730 4870 1921 4927 ἔπειτα

338 4955 432 5008 καὶ
460 4956 526 5006 τά
572 4954 711 5005 κατά
740 4951 978 5004 διάνοιαν
1018 4950 1406 5016 ἐξεκάλυπτεν·
1451 4952 1651 5005 ὡσανεὶ
1701 4954 1918 5023 ἔλεγεν·

339 5039 453 5091 Οὐκ
484 5038 597 5107 εἰμὶ
624 5035 732 5088 τῶν
761 5033 1203 5106 ἀπερριμμένων,
1231 5033 1351 5087 οὐδὲ
1388 5034 1498 5087 τῶν
1525 5036 1711 5101 ἀπλῶς
1739 5039 1919 5091 ἐλθόν-

337 5139 464 5175 των.
508 5121 657 5174 Ἆλλ⁹
705 5118 875 5172 ἐστιν
911 5117 1146 5185 ἀληθὴς
1173 5121 1205 5171 ό
1239 5117 1478 5187 πέμψας
1501 5138 1599 5187 με,
1650 5121 1723 5175 ὃν
1749 5123 1915 5192 ὑμεῖς

337 5207 448 5259 οὐκ
479 5203 697 5257 οἴδατε.
744 5201 809 5254 Τί
852 5201 1020 5263 ἐστιν,
1065 5200 1316 5269 Ἀληθὴς
1355 5204 1388 5255 ὁ
1434 5202 1675 5272 πέμψας
1711 5223 1826 5275 με;
1859 5210 1921 5263 Eg

337 5288 540 5357 ἀληθής
567 5286 733 5349 ἐστιν,
760 5284 846 5337 ἐπ’
870 5282 1097 5353 ἀληθείᾳ
1126 5284 1369 5354 ἐπεμψεν
1390 5301 1403 5314 ⁸
1436 5287 1483 5337 εί
1513 5286 1721 5360 ἀληθής
1773 5294 1920 5363 ἐστι.

337 5374 432 5429 καὶ
464 5372 551 5424 τὸν
580 5367 984 5437 ἀπεσταλμένον
1020 5368 1164 5430 εἰκὸς
1189 5367 1365 5439 ἀληθῆ
1398 5364 1556 5423 εἶναι.

408 5456 471 5525 β’,
495 5452 603 5509 Καὶ
625 5452 825 5522 ἑτέρως
851 5451 908 5503 δέ
931 5449 1089 5502 τοῦτο
1121 5452 1538 5516 κατασκευάζει,
1572 5455 1679 5509 ἀπὸ
1702 5457 1810 5510 τῶν
1838 5462 1914 5513 ol-

338 5541 499 5594 κείων
525 5537 718 5598 αὐτοὺς
744 5533 1092 5605 χειρούμενος
1108 5533 1299 5603 λόγων.
1338 5536 1551 5608 Ἐπειδὴ
1574 5538 1683 5610 γὰρ
1704 5542 1910 5609 ἔλεγον,

347 5622 403 5675 Ὀ
436 5619 688 5689 Χριστὸς
717 5618 863 5671 ὅταν
894 5617 1160 5686 ἔρχηται,
1200 5616 1399 5686 οὐδεὶς
1424 5620 1701 5689 γινώσκει
1729 5627 1919 5682 πόθεν

404 5762 429 5791 ⁸
455 5759 671 5824 Morem;
693 5765 784 5824 τῆς.
796 5758 1011 5824 ἀπορίας.
1060 5758 1084 5777 ⁹
1100 5757 1197 5824 llic
1213 5757 1430 5824 additum
1443 5760 1765 5824 legiturapud
1777 5764 1917 5815 Sam;

340 5823 553 5885 Οἴδαμεν
590 5821 730 5868 πόθεν
766 5820 905 5885 ἐστὶ,
935 5821 1015 5885 καὶ
1065 5820 1153 5867 οὐκ
1192 5822 1385 5881 οἴδαμεν
1424 5820 1567 5885 πόθεν
1612 5820 1755 5873 ἐστίν.
1801 5830 1921 5885 Quae

343 5882 519 5949 Μοῖρις.
542 5888 753 5949 promet
765 5883 1119 5949 ὁμοιοτὲλευτον
1142 5885 1399 5942 ρι’ωιετίίι,
1424 5882 1680 5944 Expressit
1704 5882 1915 5949 lutei-pr.

338 5944 503 5994 Verba
556 5950 672 6005 sum.
724 5943 937 6005 Judeosr
986 5945 1117 5991 inter
1174 5956 1239 6005 ser
1270 5943 1606 6005 repugnantes
1645 5943 1913 6001 irrideufis.

343 6006 484 6056 Enn.
552 6004 580 6045 δ
604 6005 696 6055 Καὶ
721 6005 880 6054 uibar:
912 6004 1053 6054 deest
1082 6006 1131 6054 in
1161 6004 1461 6065 quibusdam.

1455 300 1522 355 1N
1561 301 1881 358 JOANNEM
1918 301 2153 361 HOMIL.
2196 303 2261 361 L.
2302 305 2375 360 al.
2416 303 2609 362 XLIX.

3515 307 3626 365 380

2043 422 2197 487 ἐστὶ,
2222 425 2462 479 δείκνυσι
2485 426 2580 479 καὶ
2607 424 2857 479 ἐντεῦθεν
2876 425 3067 480 ἐαυτὸν
3091 420 3234 481 εἶναι
3251 426 3343 481 τδν
3364 427 3621 499 Χριστόν.

2044 509 2155 561 Kal
2192 510 2303 578 7&9
2340 511 2535 564 ἐκεῖνοι
2567 510 2647 574 rb,
2696 510 2907 575 Οὐδείς
2946 510 3247 580 γινώσκει,
3284 511 3422 584 πρὸς
3474 514 3625 566 ἀντι-

2042 590 2326 660 διαστολὴν
2352 592 2572 647 τοπικοῦ
2602 610 2746 656 τινος
2770 593 2957 661 ἔλεγον
2984 594 3264 665 διορισμοῦ
3282 612 3295 625 °
3326 596 3418 648 καὶ
3449 595 3626 648 ἐντεῦ-

2042 672 2134 727 θεν
2163 676 2432 731 δείκνυσιν
2467 679 2657 731 ἐαυτὸν
2683 677 2809 731 ὄντα
2832 678 2922 732 τὸν
2949 679 3203 749 Χριστὸν,
3236 680 3317 732 ὅτι
3346 680 3499 750 παρά
3525 678 3622 734 τοῦ

2041 758 2253 829 Πατρὸς
2276 755 2437 829 ἦλθε’
2466 762 2558 812 καὶ
2591 760 2866 833 πανταχοῦ
2907 761 3003 829 τὴν
3035 761 3237 829 γνῶσιν
3264 763 3441 832 ἐαυτῷ
3485 781 3620 834 μαρσ

2039 844 2196 913 τυρεῖ
2243 843 2387 913 μόνῳ
2422 842 2516 896 τοῦ
2552 845 2783 915 Πατρὸς,
2831 844 3003 912 λέγων
3030 860 3042 874 ⁸
3083 847 3205 914 Οὑχ
3239 845 3325 899 ὅτι
3364 847 3472 898 τὸν
3504 850 3624 899 Πα-

2038 924 2180 993 τέρα
2212 943 2303 990 τις
2339 927 2618 995 ἑώρακεν,
2650 930 2700 981 εἴ
2729 928 2812 998 μὴ
2837 932 2870 982 d
2901 928 2985 981 ὢν
3023 933 3181 997 παρὰ
3210 927 3316 983 τοῦ
3366 930 3619 996 Πατρός.

2040 1010 2150 1063 Kal
2173 1009 2489 1081 παρώξυνεν
2514 1012 2710 1076 αὐτοὺς
2734 1014 2801 1066 τὰ
2824 1013 3110 1084 λεγόμενα.
3137 1015 3209 1067 Τὸ
3234 1014 3343 1084 γάρ
3373 1017 3545 1068 εἰπεῖν
3570 1027 3621 1083 ο,

2038 1093 2121 1147 ὃτι
2154 1096 2273 1148 Οὐκ
2319 1095 2520 1150 οἴδατε
2556 1096 2763 1163 αὑτὸν,
2806 1098 2899 1151 καὶ
2934 1098 2996 1151 rb
3037 1098 3252 1165 ἐλέγξαι
3292 1100 3373 1152 ὅτι
3420 1099 3624 1163 εἰδότες

2040 1179 2463 1248 προσποιοῦνται
2509 1183 2747 1249 ἀγνοεῖν,
2786 1182 2968 1235 ίκανδν
3014 1182 3196 1236 δακεῖν
3246 1184 3339 1237 καὶ
3369 1182 3623 1254 καθάψα-

2040 1262 2183 1316 σθαι.
2245 1262 2520 1329 Ἐζήτουν
2576 1259 2690 1319 σῦν
2738 1265 2928 1319 αὑτὸν
2983 1265 3215 1329 πιάσαι,
3266 1268 3365 1320 καὶ
3419 1268 3622 1335 οὐδεὶς

2037 1347 2331 1401 ἐπέϐαλεν
2357 1348 2450 1401 ἐπ’
2477 1347 2795 1415 αὑτόντὴν
2823 1348 3010 1417 χεᾷῖα,
3036 1350 3123 1403 ὅτι
3151 1352 3318 1405 οὑπω
3338 1352 3620 1418 ἐληλύθει

2037 1431 2075 1497 ἡ
2102 1429 2223 1498 ὥρα
2250 1431 2457 1486 αὑτοῦ.
2505 1432 2671 1502 Ὁρᾷς
2693 1432 2890 1495 αὐτοὺς
2924 1434 3169 1503 ἀοράτως
3202 1437 3621 1504 κατεχομένους,

2036 1514 2129 1592 καὶ
2178 1515 2267 1569 τὸν
2309 1515 2479 1586 θυμὸν
2522 1515 2702 1569 αὐτῶν
2749 1516 3160 1587 χαλινούμενον;
3205 1519 3304 1571 Διὰ
3345 1518 3398 1570 τί
3447 1518 3501 1570 δὲ
3544 1520 3618 1592 μὴ

2036 1589 2207 1659 εἶπεν,
2236 1599 2317 1651 ὅτι
2352 1601 2602 1669 κατεῖχεν
2629 1600 2826 1663 αὐτοὺς
2848 1600 3115 1671 ἀοράτως,
3147 1599 3261 1653 ἀλλ’
3292 1601 3420 1653 Ὀτι
3454 1589 3621 1655 οὔπω

2034 1680 2315 1746 ἐληλύθει
2344 1682 2381 1748 ή
2407 1681 2528 1750 ὥρα
2553 1682 2777 1745 αὑτοῦ;
2815 1683 3321 1755 ’Δνθρωπινὼτερον
3346 1684 3618 1756 ἠϐουλήθη

2038 1763 2375 1831 φθέγξασθαι
2420 1767 2512 1819 καὶ
2542 1766 2930 1836 ταπεινότερον
2971 1769 3000 1820 6
3027 1767 3438 1839 εύαγγελιστὴς,
3477 1768 3620 1821 ὥστε

2035 1848 2196 1901 αύτδν
2222 1849 2314 1902 καὶ
2336 1848 2621 1921 ἄνθρωπον
2652 1849 3076 1919 ὑποπτευθῖψαι.
3116 1852 3331 1922 Ἐπειδὴ
3358 1853 3466 1923 γὰρ
3493 1840 3622 1907 παν·

2034 1930 2200 2002 ταχοῦ
2232 1932 2414 2004 ὑψηλά
2452 1934 2620 2002 λέγει,
2650 1934 2840 1987 τούτου
2886 1933 3071 1988 ἕνεκεν
3108 1934 3279 1989 ταῦτα
3311 1938 3621 2007 παρασπεί-

2037 2033 2142 2088 ρει.
2179 2018 2347 2070 Ὅταν
2395 2018 2451 2070 δὲ
2502 2017 2655 2090 λέγῃ,
2696 2019 2776 2071 ὅτι
2814 2020 2954 2085 Παρ*
2997 2018 3184 2073 αὑτοῦ
3225 2021 3374 2089 εἰμι·
3415 2021 3512 2089 οὐχ
3542 2019 3620 2084 ὡς

2034 2101 2323 2173 προφήτης
2358 2102 2642 2170 μανθάνων
2675 2102 2844 2169 λέγει.
2886 2102 3000 2155 ἀλλ’
3032 2102 3106 2165 ὡς
3134 2104 3277 2173 όρῶν
3303 2104 3487 2166 αὑτὸν,
3522 2106 3620 2158 καὶ

2037 2183 2155 2254 μετ’
2176 2183 2340 2237 αὐτοῦ
2363 2183 2458 2239 ὥν.
2487 2186 2630 2241 Οἶδα
2650 2186 2757 2256 γὰρ
2780 2186 2987 2244 αὑτὸν,
3018 2187 3201 2255 φησὶν,
3234 2186 3322 2240 ὅτι
3343 2187 3457 2256 ἐγὼ
3479 2189 3620 2255 παρ’

2032 2268 2219 2323 αὑτοῦ
2239 2272 2374 2337 εἰμι.
2421 2269 2583 2341 Ὁρᾷς
2618 2270 2731 2334 πῶς
2756 2270 2868 2323 ἀνω
2895 2272 2986 2324 καὶ
3020 2271 3172 2324 κάτω
3216 2271 3619 2336 κατασκευάζει

2030 2351 2111 2416 rb,
2156 2351 2275 2405 Ἀπ’
2297 2353 2559 2420 ἐμαυτοῦ
2584 2355 2693 2407 οὑκ
2723 2353 3013 2418 ἐλήλυθα,
3041 2355 3156 2417 καὶ,
3187 2355 3250 2407 Ὀ
3279 2353 3524 2422 πέμψας
3538 2372 3618 2424 με

2030 2435 2266 2503 ἀληθής
2299 2437 2450 2499 ἐστι,
2483 2437 2621 2507 πρὸς
2666 2438 2841 2489 ἐκεῖνο
2888 2437 3212 2507 μαχόμενος,
3242 2436 3303 2490 rb
3352 2439 3425 2508 μὴ
3465 2455 3618 2509 νομιο

2033 2523 2224 2591 σθῆναι
2277 2520 2557 2591 ἀλλότριον
2602 2518 2697 2571 τοῦ
2727 2519 2893 2583 Θεοῦ;
2938 2521 3046 2572 Kal
3080 2521 3275 2573 σκόπει
3323 2521 3489 2573 πόσον
3517 2522 3618 2592 τῆς

2029 2602 2419 2671 ταπεινότητος
2456 2602 2565 2655 τῶν
2616 2603 2877 2675 ῥημάτων
2924 2603 2985 2655 rb
3030 2604 3241 2675 κέρδος.
3296 2604 3450 2657 Μετά
3504 2604 3616 2676 γὰρ

2027 2683 2202 2739 ταῦτα
2222 2686 2424 2748 πολλοὶ,
2447 2686 2629 2755 φησὶν,
2658 2685 2872 2752 ἔλεγον·
2904 2686 2968 2739 Ὀ
2995 2685 3248 2755 Χριστὸς
3275 2687 3420 2740 ὅταν
3442 2689 3614 2756 ἔλθῃ,

2022 2768 2109 2838 μὴ
2141 2771 2395 2824 πλείονα
2435 2768 2653 2837 σημεῖα
2693 2768 2935 2835 ποιήσει
2983 2763 3071 2823 ὧν
3112 2765 3292 2836 οὗτος
3331 2771 3615 2838 ἐποίησε;

2030 2852 2178 2906 Πόσα
2204 2856 2438 2924 σημεῖα;
2474 2852 2584 2904 Kal
2616 2850 2721 2922 μὴν
2750 2852 2875 2922 τρία
2904 2847 2972 2922 ἦν
3000 2856 3221 2922 σημεῖα,
3243 2854 3303 2907 rb
3328 2854 3420 2907 τοῦ
3444 2856 3611 2918 οἴνου,

2029 2936 2122 2989 καὶ
2157 2936 2218 2989 rb
2243 2935 2336 2989 τοῦ
2372 2934 2764 3006 παραλυτικοῦ,
2796 2935 2892 2990 καὶ
2918 2936 2977 2988 rb
3005 2931 3099 2988 τοῦ
3139 2936 3257 2989 υἰοῦ
3288 2937 3380 2990 τοῦ
3406 2937 3616 3007 βασιλι-

2026 3020 2156 3073 κοῦ·
2204 3022 2299 3074 καὶ
2352 3020 2503 3073 οὐδὲν
2560 3019 2858 3091 διηγήσατο
2911 3020 3070 3075 πλέον
3114 3023 3143 3075 ό
3197 3022 3609 3093 εύαγγελιστής.

2027 3103 2191 3158 Ὅθεν
2228 3103 2404 3174 δῆλον,
2432 3104 2460 3156 ὃ
2502 3103 2760 3166 πολλάκις
2803 3101 2975 3169 εἷπον,
3009 3107 3089 3158 ὅτι
3131 3108 3199 3158 τὰ
3242 3107 3411 3161 πολλά
3436 3124 3618 3179 παρα-

2025 3187 2297 3264 τρέχουσι,
2346 3186 2441 3238 κα)⁸
2484 3186 2624 3257 ὑπὲρ
2659 3186 2862 3240 τούτων
2899 3190 3028 3259 ἡμῖν
3062 3188 3418 3257 διαλέγονται,
3458 3190 3610 3264 [296]

2026 3270 2166 3341 ὑπὲρ
2206 3263 2281 3323 ὧν
2309 3270 2360 3321 οί
2390 3269 2647 3340 ἄρχοντες
2674 3271 3066 3340 ἐκακούργουν.
3112 3273 3368 3342 Ἐζήτουν
3396 3270 3490 3327 οὖν
3514 3263 3614 3329 ab;

2024 3353 2115 3406 rbv
2148 3353 2341 3406 πιάσαι
2370 3354 2462 3405 καὶ
2488 3353 2719 3407 ἀνελεῖν.
2756 3354 2909 3417 Τίνες
2935 3371 2952 3421 ;
2994 3356 3066 3409 Οὐ
3100 3358 3159 3409 rb
3199 3356 3401 3426 πλῆθος
3426 3358 3485 3411 rb
3511 3358 3613 3427 τῆς

2024 3438 2199 3507 ἀρχῆς
2227 3438 2328 3489 οὐκ
2356 3437 2660 3507 ἐφιέμενον,
2692 3438 2813 3490 ούδέ
2848 3437 3113 3509 βασκανίᾳ
3148 3440 3347 3493 ἁλῶναι
3380 3442 3612 3513 δυνάμε-

2024 3537 2144 3574 νον·
2180 3520 2294 3573 ἀλλ’
2326 3522 2375 3573 οί
2408 3522 2591 3591 ίερεῖς.
2629 3522 2689 3573 Οἱ
2730 3520 2840 3591 γὰρ
2870 3522 2963 3574 τοῦ
3004 3522 3240 3592 πλήθους
3272 3525 3456 3593 ελεγον
3477 3544 3491 3557 ·
3547 3527 3610 3580 Ὀ

2021 3603 2279 3670 Χριστὸς
2300 3602 2446 3655 ὅταν
2477 3603 2646 3670 ἔλθῃ,
2671 3602 2756 3669 μὴ
2793 3607 3045 3658 πλείονα
3078 3607 3299 3673 σημεῖα
3331 3608 3608 3675 ποιήσει;

2023 3688 2171 3759 Πλὴν
2191 3687 2304 3740 ἀλλ’
2329 3687 2454 3740 οὐδὲ
2484 3686 2621 3757 αῦτη
2651 3683 2718 3758 ἦν
2743 3689 2900 3758 ὑγιὴς
2929 3692 2961 3759 ὴ
2996 3690 3197 3754 πίστις,
3229 3692 3343 3745 ἀλλ’
3371 3694 3446 3757 ὡς
3475 3694 3611 3763 πλήο

2024 3773 2150 3836 θους
2189 3773 2428 3843 χυδαίου.
2466 3772 2539 3824 Τὸ
2576 3772 2682 3844 γάρ
2724 3772 2923 3841 λέγειν,
2952 3774 3138 3827 Ὀταν
3169 3777 3342 3844 ἔλθῃ,
3385 3779 3443 3830 ού
3475 3778 3607 3847 σφό-

2022 3859 2124 3929 δρα
2163 3858 2541 3927 πεπεισμένων
2587 3853 2656 3925 ἦν
2705 3857 2892 3911 τοῦτον
2934 3855 3070 3911 εἴναι
3115 3859 3207 3912 τὸν
3252 3862 3502 3933 Χριστόν.
3535 3862 3607 3915 Ἦ

2022 3940 2181 3994 τοῦτο
2203 3935 2294 3993 οὖν
2327 3939 2471 3992 ἐστιν
2492 3941 2664 3992 εἰπεῖν
2694 3939 2743 4002 ἀ,
2775 3941 2808 4011 ἢ
2839 3941 2920 3993 ὅτι
2950 3941 3093 3995 κατά
3122 3943 3426 4015 συνδρομὴν
3454 3945 3609 4016 εἴρη-

2022 4041 2113 4078 ται
2146 4024 2295 4095 παρά
2332 4023 2440 4075 τῶν
2467 4023 2641 4093 ὄχλων
2658 4040 2672 4055 '
2700 4026 2775 4089 ὡς
2796 4026 2905 4096 7&9
2924 4025 3030 4079 τῶν
3061 4027 3336 4098 ἀρχόντων
3376 4031 3487 4083 ἀνω
3511 4031 3606 4083 καὶ

2022 4109 2176 4162 κάτω
2210 4105 2615 4170 σπουδαζόντων
2644 4108 2809 4173 δεῖξαι
2840 4111 2940 4163 οὐκ
2979 4109 3109 4163 ὄντα
3146 4112 3309 4165 αὐτὸν
3347 4112 3438 4165 τὸν
3474 4114 3609 4183 Χρι-

2025 4191 2168 4254 στὸν,
2200 4189 2383 4259 θῶμεν
2416 4192 2551 4261 μηδέ
2592 4187 2732 4244 εἶναι
2762 4193 2925 4245 αὑτὸν
2952 4194 3041 4246 τὸν
3074 4195 3307 4263 Χριστόν
3328 4214 3342 4228 ·
3379 4196 3453 4266 μὴ
3480 4196 3605 4249 τού-

2022 4290 2116 4327 του
2169 4272 2389 4342 βελτίων
2431 4274 2583 4326 ἐσται
2635 4276 2870 4340 ἐκεῖνος;
2898 4276 3072 4347 Ὅπερ
3124 4278 3208 4331 ἀεὶ
3236 4278 3397 4345 λέγω,
3445 4279 3525 4332 ὄτι
3555 4280 3608 4333 οι

2027 4354 2343 4427 παχύτεροι,
2385 4355 2485 4408 οὐκ
2514 4356 2620 4409 ἀπὸ
2660 4357 3026 4422 διδασκαλίας,
3062 4360 3181 4413 οὐδὲ
3223 4361 3331 4413 ἀπὸ
3357 4361 3603 4432 δημηγο-

2027 4440 2169 4511 ρίας,
2197 4440 2313 4493 ἀλλ’
2341 4438 2450 4491 ἀπὸ
2477 4440 2719 4510 σημείων
2744 4443 3046 4510 ἐνάγονται.
3078 4445 3384 4498 Ἤκουσαν
3409 4449 3463 4499 οἴ
3489 4450 3605 4499 dia-

2016 4522 2240 4591 ρισαῒοι
2288 4522 2395 4576 τοῦ
2455 4522 2642 4592 ὄχλου
2702 4524 3123 4595 γογγύζοντος,
3182 4529 3281 4581 καί
3323 4528 3606 4599 ἔπεμψαν

2022 4606 2345 4673 ὑπηρέτας,
2396 4606 2497 4660 ἵνα
2540 4605 2842 4660 πιάσωσιν
2892 4611 3098 4663 αὐτόν.
3163 4612 3323 4682 Ὁρᾷς
3378 4612 3458 4664 ὃτι
3507 4617 3601 4665 τοῦ

2024 4690 2293 4744 σαϐϐάτου
2321 4692 2354 4762 ἡ
2391 4690 2543 4753 λύσις
2575 4692 2869 4762 πρόσχημα
2893 4689 2994 4764 ἦν;
3042 4696 3105 4747 Ὂ
3138 4695 3193 4748 δὲ
3239 4697 3471 4767 μάλιστα
3500 4700 3601 4753 αὖ-

2021 4774 2148 4837 τοὺς
2175 4774 2385 4837 ἔδακνε,
2422 4773 2579 4826 τοῦτο
2616 4770 2703 4845 ἦν.
2746 4775 3008 4831 Ἐνταῦθα
3042 4777 3149 4853 γάρ
3190 4779 3341 4832 οὐδὲν
3388 4780 3603 4851 ἔχοντες

2022 4857 2293 4926 ἐγκαλεῖν,
2328 4855 2451 4909 οὔτε
2477 4859 2591 4921 τοῖς
2621 4858 2951 4929 εἰρημένοις,
2977 4860 3100 4913 οὔτε
3135 4864 3249 4925 τοῖς
3276 4866 3602 4937 πεπραγμέ-

2021 4959 2153 5004 νοις,
2178 4941 2265 4995 διά
2289 4941 2380 4993 τὸν
2402 4940 2556 5011 ὄχλον
2578 4942 2858 4995 ἐϐούλοντο
2886 4944 3079 4997 πιάσαι
3108 4946 3289 4999 αὐτόν.
3316 4948 3425 5000 Kal
3446 4950 3602 5003 αὐτοὶ

2025 5025 2123 5095 μὲν
2162 5026 2261 5077 οὐκ
2301 5023 2561 5094 ἐτόλμων,
2600 5025 2691 5077 τὸν
2726 5025 2967 5079 κίνδυνον
3003 5026 3365 5099 ὑφορώμενοι,
3393 5033 3518 5095 τοὺς
3543 5033 3621 5085 δὲ·

2020 5106 2294 5170 διακόνους
2321 5106 2648 5161 ἀπέστελλον
2668 5109 2937 5173 ἐκδότους.
2968 5111 3031 5162 Ὢ
3053 5110 3151 5181 τῆς
3175 5113 3483 5184 τυραννίδος
3506 5115 3599 5168 καὶ

2020 5191 2121 5261 τῆς
2151 5191 2378 5262 μανίαςι
2411 5192 2611 5262 μᾶλλον
2637 5193 2692 5246 δὲ
2718 5191 2763 5245 ὣ
2788 5194 2884 5261 τῆς
2910 5193 3092 5257 ἀνοίας
3118 5195 3314 5248 ίΑύτοὶ
3340 5196 3601 5262 πολλάκις

2022 5276 2491 5345 ἐπιχειρήσαντες,
2532 5277 2623 5328 καὶ
2654 5277 2753 5329 οὐκ
2793 5277 3126 5345 ἰσχύσαντες,
3162 5281 3273 5341 τοῖς
3297 5279 3599 5349 ὑπηρέταις

2020 5360 2081 5413 rb
2109 5362 2340 5431 πρᾶγμα
2368 5358 2675 5429 ἐπέτρεψαν
2698 5400 2712 5421 ,
2757 5360 2943 5424 ἀπλῶς
2981 5362 3072 5413 τὸν
3102 5361 3270 5430 θυμὸν
3301 5362 3480 5415 αὐτῶν
3514 5363 3595 5417 δι·

2022 5442 2408 5504 αναπαύοντες·
2442 5442 2617 5496 καίτοι
2646 5443 2816 5497 πολλά
2837 5444 3084 5514 διελέχθη
3115 5444 3207 5497 καὶ
3231 5446 3288 5497 ἐν
3306 5448 3373 5515 τῇ
3400 5446 3599 5517 κολυμ-

2021 5527 2216 5599 ϐήθρᾳ,
2253 5528 2347 5579 καὶ
2378 5527 2532 5580 οὐδὲν
2565 5526 2801 5579 τοιοῦτον
2853 5528 3134 5597 ἐποίησαν,
3180 5526 3293 5578 ἀλλ’
3324 5528 3598 5600 ἐζήτησαν

2023 5610 2143 5680 μὲν,
2179 5612 2279 5664 οὐκ
2321 5610 2683 5681 ἐπεχείρησαν
2729 5610 2804 5664 δέ.
2849 5611 3113 5664 Ἐνταῦθα
3148 5610 3205 5663 δέ
3249 5612 3350 5665 ούκ
3389 5612 3469 5666 ἐτι
3497 5614 3596 5683 φέ-

2021 5710 2194 5764 ρουσι,
2223 5692 2315 5746 τοῦ
2362 5694 2520 5764 ὄχλου
2580 5694 2862 5763 μέλλοντος
2917 5692 3066 5763 αὐτῷ
3119 5695 3496 5767 προστρέχειν.
3529 5698 3595 5753 Τί

2017 5772 2110 5830 οὖν
2153 5779 2182 5832 6
2238 5779 2510 5847 Χριστός;
2552 5781 2671 5831 Ἔτι
2722 5778 2941 5847 μικρὸν
2980 5780 3203 5846 χρόνον
3245 5781 3373 5848 μεθ’
3428 5780 3596 5851 ὑμῶν

2018 5862 2152 5929 εἰμι.
2210 5862 2515 5931 Δυνάμενος
2566 5863 2658 5914 καὶ
2695 5860 3006 5932 ἐπικάμψαι
3046 5863 3141 5916 καὶ
3182 5864 3417 5935 φοϐῆσαι
3467 5866 3595 5931 τοὺς

2083 5957 2104 5980 '
2143 5954 2315 6024 Morel.
2361 5954 2416 6025 r6
2458 5956 2601 6025 εἰπεῖν
2686 5952 2711 5992 ἀ
2736 5954 2868 6013 Haec,
2912 5957 2943 6014 ἢ
2981 5954 3124 6007 τοῦτο
3156 5957 3385 6008 σύνεστιν
3426 5958 3594 6025 εἰπεῖν,

2021 6014 2198 6065 desunt
2232 6017 2279 6065 in
2319 6014 2622 6077 mzibusdum.
3358 6040 3361 6041 ν
