4084 6360
352 451 443 506 281

350 576 498 623 tanto
529 572 707 618 vestro
736 570 927 617 conatu
969 575 1054 613 me
1094 554 1406 626 capiendum
1450 552 1690 605 offeram.
1731 546 1932 604 Deinde

349 676 416 713 ne
444 658 562 727 quis
590 670 925 710 communem
956 652 1058 705 dici
1087 659 1311 703 mortem
1337 648 1685 700 arbitraretur
1710 643 1790 696 his
1818 657 1936 696 ver-

351 752 431 805 bis
450 793 464 815 ,
506 749 686 803 Adhuc
720 746 976 800 modicum
1014 755 1208 812 tempus
1233 722 1622 795 vobiscunt'sum
1644 738 1661 806 (
1685 752 1802 790 nam
1831 734 1934 788 hoc

349 840 671 912 putabant);
702 839 839 893 hanc
867 838 1168 906 opinionem
1203 844 1259 886 ut
1289 840 1581 895 amoveret,
1614 830 1784 898 ipsum
1815 834 1934 895 post

348 942 575 988 mortem
611 931 741 986 nihil
768 938 1106 999 Operaturum
1146 940 1263 980 esse
1284 966 1297 988 ,
1328 921 1560 977 subdidit
1593 938 1605 973 :
1636 920 1722 973 54.
1757 917 1818 971 Et
1846 916 1933 970 ubi

348 1042 459 1078 sum
489 1040 580 1095 ego
603 1065 617 1088 ,
651 1039 736 1076 vos
767 1039 866 1076 non
898 1021 1098 1089 potestis
1128 1017 1309 1071 venire.
1351 1015 1406 1067 Si
1446 1024 1622 1066 autem
1668 1012 1719 1065 in
1761 1018 1932 1064 morte

346 1132 631 1171 mansurus
660 1124 802 1177 erat,
836 1114 911 1167 ire
941 1127 1067 1164 sane
1100 1109 1393 1178 potuissent
1423 1123 1437 1159 :
1466 1119 1532 1159 eo
1564 1116 1788 1171 namque
1812 1115 1929 1153 om-

349 1224 442 1261 nes
471 1209 778 1277 migrantus.
810 1204 1107 1271 Simplicior
1134 1202 1307 1269 itaque
1336 1194 1615 1250 multitudo
1644 1193 1723 1245 his
1756 1191 1931 1245 verbis

346 1295 693 1361 ﬂectebatur;
729 1296 956 1351 ferocior
992 1294 1243 1357 timebat;
1275 1289 1564 1343 studiosior
1603 1285 1667 1339 ad
1707 1285 1928 1337 audien-

344 1391 471 1446 dmn
516 1389 865 1460 properabat,
897 1386 1036 1457 quod
1080 1400 1263 1454 parum
1301 1389 1605 1451 superesset
1638 1376 1888 1447 temporis
1911 1418 1927 1443 ,

347 1497 445 1536 nec
488 1496 699 1549 semper
743 1489 961 1548 possent
1004 1478 1091 1530 tali
1136 1475 1238 1529 frui
1277 1474 1538 1528 doctrina.
1580 1469 1687 1525 Nec
1727 1478 1928 1522 tantum

345 1573 499 1636 dixit,
529 1571 624 1626 llic
645 1586 783 1632 sum,
808 1569 921 1633 sed,
958 1567 1221 1621 Vobiscum
1245 1582 1354 1619 sunt
1378 1580 1397 1628 ;
1424 1564 1471 1617 id
1500 1571 1600 1627 est,
1624 1561 1721 1615 etsi
1752 1574 1929 1629 perse-

344 1663 601 1736 quamini,
628 1663 725 1717 etsi
757 1662 1053 1731 exagitetis,
1086 1675 1150 1712 ne
1177 1657 1439 1711 tantillum
1469 1654 1681 1724 quidem
1708 1649 1928 1704 cessabo

344 1757 495 1810 vobis
523 1754 849 1826 prOSpicere,
873 1762 927 1805 et
950 1766 1067 1820 quae
1090 1750 1152 1802 ad
1185 1748 1407 1803 salutem
1433 1754 1661 1800 vestram
1689 1749 1930 1811 spectant

343 1848 653 1919 praedicare.
686 1845 752 1899 Et
778 1845 906 1899 vado
932 1846 997 1897 ad
1036 1860 1148 1895 eum
1172 1843 1255 1911 qui
1284 1841 1418 1894 misit
1446 1856 1541 1892 me.
1573 1837 1697 1892 llaec
1728 1847 1929 1890 terrere

343 1951 587 2012 poterant
617 1949 671 1994 et
696 1953 913 2009 angere.
945 1937 1075 1990 Nam
1116 1935 1227 1989 fore
1258 1942 1314 1987 ut
1352 1933 1469 2001 ejus
1511 1946 1614 2000 ope
1659 1930 1929 1999 indigeant

344 2033 600 2104 prmdicit.
635 2029 881 2097 Quwretis
908 2045 1018 2094 me,
1050 2026 1255 2095 inquit;
1290 2041 1394 2078 non
1435 2023 1605 2078 solum
1648 2036 1751 2075 non
1788 2020 1923 2073 obli-

341 2123 616 2178 viscemini
642 2163 657 2187 ,
688 2121 779 2177 sed
810 2122 968 2174 etiam
1000 2117 1242 2183 Quamuis
1273 2132 1351 2168 me
1374 2124 1467 2176 ,ἐι
1509 2130 1608 2168 non
1646 2112 1923 2165 invenietis.

343 2217 407 2270 Et
452 2215 665 2268 ubinam
714 2212 1041 2284 quaesierunt
1084 2224 1205 2265 eum
1251 2206 1456 2262 Judxci?
1512 2206 1702 2260 Narrat
1758 2205 1927 2259 Lucas

341 2306 491 2377 (Cap.
513 2306 603 2361 25.
634 2306 751 2371 49),
777 2305 1024 2358 mulieres
1052 2303 1197 2356 illum
1228 2302 1533 2370 planxisse;
1565 2308 1619 2354 et
1648 2308 1706 2353 ut
1737 2297 1926 2353 verisi-

342 2398 466 2452 mile
490 2409 593 2461 est,
619 2397 768 2452 multi
799 2397 885 2450 alii
916 2396 1165 2449 luxerunt
1194 2409 1338 2457 eum,
1370 2408 1432 2447 ac
1464 2399 1583 2462 post
1613 2391 1757 2445 urbis
1785 2390 1927 2444 exci-

339 2489 523 2555 dium,
565 2489 681 2558 ejus
728 2488 1062 2558 prazsentiam
1106 2494 1387 2555 optarunt,
1432 2484 1689 2538 recordati
1736 2499 1927 2551 nempe

340 2582 535 2637 Christi
562 2592 614 2638 et
646 2581 1018 2636 miraculorum
1050 2579 1185 2649 ejus.
1210 2578 1335 2633 Haec
1359 2588 1536 2633 autem
1562 2576 1737 2631 omnia
1764 2575 1923 2637 dixit,

343 2684 402 2730 ut
427 2691 519 2730 eos
544 2673 802 2728 alliceret.
834 2671 964 2727 Nam
994 2671 1137 2740 quod
1167 2685 1351 2740 parum
1392 2675 1697 2738 superesset
1726 2676 1927 2734 tempo-

343 2769 438 2834 ris,
466 2766 604 2839 quod
632 2766 1056 2836 postdiscessum
1079 2763 1325 2831 Optahilis
1345 2762 1495 2825 foret,
1527 2776 1646 2814 cum
1668 2774 1770 2813 non
1792 2758 1926 2811 ultra

343 2871 529 2934 posset
553 2860 797 2923 inveniri;
822 2858 956 2924 haec,
977 2860 1209 2927 inquam,
1234 2856 1431 2923 omnia,
1463 2866 1518 2909 ut
1542 2856 1639 2924 ipsi
1666 2853 1929 2908 hmrerent

343 2957 567 3011 suadere
583 2953 983 3025 poterant.Nam
996 2952 1040 3008 si
1059 2954 1286 3007 futurum
1307 2967 1409 3006 non
1428 2958 1563 3015 erat,
1586 2956 1643 3002 ιιι
1658 2948 1773 3017 ejus
1788 2962 1927 3016 pra:-

344 3050 512 3105 sentia
530 3050 781 3119 optabilis
811 3056 982 3113 esset,
1006 3046 1135 3100 nihil
1159 3045 1284 3116 ipsis
1304 3060 1547 3114 magnum
1577 3042 1756 3095 dicere
1778 3039 1925 3095 vide-

346 3143 517 3198 batur.
544 3142 796 3207 Rursum,
820 3141 865 3195 si
887 3140 1131 3210 Optabilis
1154 3138 1323 3192 futura
1341 3137 1454 3206 ejus
1480 3134 1757 3204 prmsentia
1786 3142 1923 3198 erat,

344 3236 418 3291 ita
440 3246 494 3290 ut
511 3243 687 3289 tamen
706 3232 928 3288 inveniri
947 3241 1145 3301 posset,
1168 3230 1217 3284 id
1236 3246 1340 3284 non
1364 3229 1431 3282 ita
1452 3228 1571 3281 illos
1590 3226 1923 3281 turbavisset.

418 3334 470 3388 3.
513 3330 708 3386 lterum
758 3329 803 3384 si
851 3330 1019 3382 nmlto
1066 3338 1309 3396 tempore
1358 3342 1595 3397 pricsens
1644 3341 1927 3379 mansurus

347 3426 554 3491 fuisset,
584 3423 757 3493 supini
792 3422 1015 3476 fortasse
1045 3422 1358 3477 evasissent.
1388 3417 1536 3472 Nunc
1566 3427 1741 3470 autem
1776 3416 1929 3469 undi-

346 3533 451 3585 que
481 3516 598 3570 illos
627 3515 856 3583 exagitat
894 3520 948 3566 et
974 3520 1157 3567 terret.
1184 3509 1315 3563 Illud
1344 3524 1468 3561 vero
1488 3549 1503 3571 ,
1547 3506 1688 3559 Vado
1715 3507 1781 3558 ad
1817 3522 1927 3557 cum

347 3610 431 3678 qui
453 3608 584 3660 misit
614 3623 711 3669 me,
741 3605 977 3679 declara_t
1006 3603 1131 3656 nihil
1162 3602 1338 3655 damni
1367 3600 1598 3654 futurum
1629 3615 1693 3653 ex
1725 3597 1927 3651 insidiis

349 3714 571 3764 eorum,
604 3706 658 3752 et
698 3711 758 3751 se
785 3695 1083 3749 voluntarie
1128 3709 1423 3761 passurum.
1455 3693 1569 3744 Duo
1607 3692 1764 3759 igitur
1796 3706 1930 3758 pra)-

348 3794 500 3856 dixit,
544 3804 597 3847 et
622 3805 681 3844 se
718 3790 874 3859 paulo
906 3799 1023 3858 post
1066 3787 1329 3840 abiturum
1359 3828 1372 3849 ,
1400 3794 1454 3839 et.
1498 3786 1613 3838 illos
1643 3784 1707 3837 ad
1738 3799 1795 3837 se
1824 3799 1929 3837 non

352 3894 602 3939 venturos
627 3897 747 3937 esse
779 3898 791 3934 :
821 3881 960 3950 quod
990 3888 1134 3933 certe
1164 3893 1265 3931 non
1298 3876 1395 3930 fuit
1426 3876 1669 3929 humanae
1698 3876 1888 3929 mentis
1912 3917 1927 3941 ,

352 3987 409 4031 ιιι
432 3984 658 4030 mortem
687 3990 835 4029 suam
865 3972 1200 4043 pratdiceret.
1231 3970 1360 4024 Vide
1391 3986 1616 4039 namque
1637 3969 1761 4037 quid
1791 3969 1933 4021 dit-at

355 4068 517 4121 David
545 4086 559 4122 :
588 4065 785 4120 Nolunt
820 4065 901 4134 {ac
928 4064 1071 4127 nti/ti,
1106 4062 1337 4125 Domine,
1368 4063 1519 4130 ﬁnem
1542 4078 1728 4126 meum,
1758 4071 1801 4114 et
1837 4078 1932 4113 nu-

351 4176 545 4212 merum
580 4174 829 4210 annorunt
860 4171 1082 4208 meorum
1117 4154 1225 4223 quis
1256 4163 1362 4218 est,
1396 4163 1449 4206 ut
1474 4154 1629 4205 sciant
1656 4153 1775 4223 quid
1807 4153 1931 4205 desit

352 4250 518 4322 mihi(
552 4250 692 4305 Psal.
719 4250 807 4304 58.
841 4248 934 4317 5).
973 4247 1026 4301 Id
1075 4246 1308 4316 profecto
1333 4261 1488 4299 nemo
1528 4245 1691 4297 novit.
1726 4244 1801 4297 Ex
1828 4258 1933 4297 uno

353 4353 529 4395 autem
559 4340 790 4394 alterum
819 4338 1185 4393 conﬁrmatur.
1215 4336 1326 4405 Ego
1355 4352 1480 4389 vero
1508 4345 1632 4403 puto
1663 4334 1713 4388 id
1742 4343 1795 4388 et
1832 4334 1932 4387 mi-

361 4435 547 4488 nistris
585 4433 919 4503 arnigmatice
943 4431 1044 4485 dici
1071 4473 1085 4497 ,
1115 4440 1170 4485 et
1196 4429 1466 4484 ministros
1510 4437 1784 4497 spectare,
1831 4442 1935 4495 quo

357 4525 588 4579 maxime
613 4524 734 4578 illos
773 4523 1043 4587 alliceret;
1072 4519 1361 4575 ostendens
1390 4535 1448 4574 se
1477 4522 1613 4574 scire
1639 4533 1735 4573 cur
1759 4519 1935 4572 venis-

356 4626 511 4681 sent;
549 4631 613 4670 ac
649 4616 693 4669 si
723 4615 954 4678 diceret,
982 4615 1294 4682 Exspectate
1325 4612 1591 4682 paulisper
1613 4653 1630 4677 ,
1660 4620 1714 4665 et
1752 4610 1931 4664 abibo.

357 4710 447 4764 35.
494 4706 737 4762 Dicebant
784 4722 901 4777 ergo
928 4705 1096 4758 Judazi
1146 4705 1276 4757 inter
1317 4720 1417 4761 se:
1449 4703 1560 4770 Quo
1609 4703 1771 4756 iturus
1818 4702 1937 4756 est?

359 4800 596 4857 Tametsi
623 4800 699 4856 illi
727 4801 816 4869 qui
841 4794 1213 4854 desiderabant
1236 4806 1293 4850 ut
1318 4796 1524 4861 abiret,
1554 4796 1791 4865 nihilque
1831 4811 1935 4848 non

362 4893 628 4961 agebant,
673 4901 728 4944 ut
756 4907 825 4945 ne
862 4891 998 4944 ultra
1036 4890 1279 4943 viderent
1317 4902 1468 4952 eum,
1497 4904 1601 4940 non
1631 4886 1940 4941 debuissent

363 4986 464 5040 hoc
489 5000 767 5055 quatrere;
797 4983 888 5038 sed
916 4984 1091 5038 dicere
1112 5024 1126 5046 ,
1158 4980 1459 5036 Gaudemus
1484 4978 1625 5049 quod
1661 4978 1819 5033 abeas
1847 4995 1859 5029 :
1887 4988 1942 5032 et

363 5078 573 5148 quando
599 5076 702 5132 hoc
727 5076 865 5131 erit?
892 5075 995 5130 Sed
1019 5075 1100 5128 his
1127 5074 1300 5128 verbis
1322 5072 1689 5138 movebantur,
1718 5080 1770 5125 et
1795 5071 1860 5125 ab
1880 5086 1940 5126 se

366 5180 547 5222 mutuo
572 5182 635 5221 ac
660 5168 821 5221 stulte
849 5176 1115 5237 qumrunt,
1147 5183 1253 5236 quo
1284 5167 1454 5219 iturus
1483 5176 1644 5219 esset.
1684 5163 1942 5234 Numquid

362 5261 416 5313 in
462 5260 821 5330 dispersionem
861 5261 1083 5329 gentium
1106 5259 1131 5312 2
1156 5257 1289 5324 Quid
1321 5267 1441 5322 est,
1476 5254 1537 5310 In
1582 5256 1941 5327 dispersionent

364 5351 638 5424 gentium?
668 5352 757 5406 Sic
784 5361 970 5421 gentes
994 5352 1253 5404 vocabant
1277 5350 1467 5413 Julian,
1495 5352 1613 5420 quia
1644 5350 1837 5420 ubique
1863 5350 1943 5402 di-

369 5460 568 5513 spersa:
590 5452 762 5506 erant,
786 5452 839 5497 et
860 5443 1024 5497 libere
1045 5443 1543 5497 commiscebantur.
1571 5442 1715 5496 llanc
1735 5457 1944 5512 quoque

369 5548 425 5591 et
445 5536 517 5589 ilh
542 5544 724 5605 postea
753 5534 1095 5605 ignominiam
1118 5534 1256 5604 passi
1285 5543 1409 5588 sunt
1436 5552 1449 5587 :
1477 5549 1597 5587 nam
1620 5534 1714 5603 ipsi
1738 5550 1945 5602 quoque

370 5629 630 5698 dispersio
661 5627 893 5683 fuerunt.
925 5627 1062 5682 Olim
1099 5638 1204 5681 tota
1236 5644 1364 5698 gens
1395 5628 1550 5682 simul
1582 5640 1765 5681 coacta
1788 5638 1902 5682 erat
1926 5670 1942 5694 ,

375 5736 489 5775 nec
516 5722 641 5776 alibi
668 5722 905 5791 reperire
932 5733 1043 5775 erat
1082 5721 1321 5776 Judaeum
1341 5763 1356 5788 ,
1398 5738 1554 5791 quam
1588 5723 1639 5775 in
1671 5722 1947 5776 Palazstina

376 5824 599 5867 tantum.
631 5813 754 5867 Ideo
798 5812 966 5868 Judari
1010 5821 1192 5883 gentes
1224 5814 1480 5867 vocabant
1521 5813 1903 5883 dispersionem
1931 5856 1944 5879 ,

376 5907 761 5977 exprobrantes
800 5906 904 5959 illis
929 5946 945 5972 ,
988 5920 1052 5959 ac
1095 5904 1160 5959 de
1200 5919 1257 5959 se
1296 5905 1572 5976 magniﬁce
1633 5909 1942 5963 sentientes.

1375 439 1436 494 ΙΝ
1472 432 1784 493 ιοΑΝΝΕΜ
1828 430 2054 487 1105111..
2090 431 2150 485 L.
2184 438 2254 485 al.
2297 427 2481 484 XLII.

3519 433 3624 487 28!

2041 566 2176 636 Quid
2217 584 2343 636 ergo
2370 568 2468 621 sibi
2500 568 2610 622 vult
2641 567 2767 622 illud
2790 611 2802 629 ,
2842 569 2952 635 Quo
2982 586 3070 639 ego
3108 569 3235 621 vado
3255 611 3269 631 ,
3299 586 3381 623 vos
3406 588 3505 623 mm
3528 591 3623 637 ρυ-

2040 661 2177 713 testis
2205 662 2370 713 renire
2392 701 2404 719 ,
2433 660 2557 712 dum
2589 676 2709 713 cum
2751 660 2855 713 illis
2880 659 3048 714 Judaei
3078 660 3272 729 ubique
3318 677 3411 729 per
3439 662 3621 716 orbem

2041 761 2302 804 terrarum
2330 751 2844 804 commiscerentur?
2873 752 2926 805 Si
2957 767 3084 821 ergo
3109 764 3298 821 gentes
3322 754 3623 821 signiﬁcare

2039 844 2313 903 voluisset,
2346 858 2449 895 non
2481 844 2722 904 dixiSset,
2758 843 2870 907 Quo
2897 861 2995 896 non
3028 847 3232 913 potestis
3267 846 3451 899 venire.
3486 846 3622 900 Cum

2037 946 2214 989 autem
2241 936 2487 989 dixerunt
2511 976 2526 1001 ,
2562 934 2702 987 Nunt
2730 936 2782 988 in
2824 936 3183 1004 dispersionem
3212 938 3431 1006 gentium
3460 940 3624 992 iturus

2035 1029 2146 1082 est?
2170 1043 2271 1082 non
2294 1027 2630 1089 addiderunt,
2657 1027 2723 1080 Et
2748 1027 3047 1096 perditurus
3072 1044 3183 1094 eas,
3205 1028 3319 1090 sed,
3351 1018 3619 1084 Docturns.

2037 1120 2127 1173 Sic
2175 1122 2356 1173 sedata
2406 1129 2486 1173 est
2534 1120 2742 1173 illorum
2799 1120 2915 1185 ira,
2961 1130 3015 1172 et
3042 1118 3197 1172 dictis
3241 1119 3607 1174 crediderunt.

2036 1210 2166 1266 Nam
2191 1213 2232 1265 si
2257 1227 2362 1266 non
2382 1210 2752 1275 credidissent,
2784 1225 2888 1263 non
2921 1210 3191 1278 quaesituri
3224 1214 3360 1263 inter
3384 1226 3443 1266 se
3466 1221 3619 1266 erant

2035 1303 2159 1373 quid
2185 1304 2405 1358 diceret.
2437 1304 2630 1358 Verum
2658 1303 2770 1356 hare
2794 1304 2896 1355 illis
2924 1302 3063 1356 dicta
3084 1314 3261 1356 sunto.
3294 1303 3396 1358 Sed
3428 1302 3617 1358 timen-

2035 1394 2195 1459 dum,
2237 1411 2303 1449 ne
2329 1396 2480 1449 nobis
2509 1409 2722 1465 quoque
2761 1394 2844 1448 illa
2874 1403 3217 1463 competant,
3248 1394 3390 1463 quod
3420 1395 3506 1448 ubi
3534 1395 3625 1449 ille

2035 1498 2135 1551 est,
2169 1503 2232 1540 eo
2258 1501 2355 1541 nos
2383 1502 2485 1540 non
2516 1488 2778 1554 possimus
2807 1487 2973 1549 abire,
2997 1485 3138 1554 quod
3168 1486 3268 1539 \ita
3293 1496 3469 1541 nostra
3497 1502 3623 1555 pec-

2033 1585 2165 1635 catis
2192 1585 2258 1636 sit
2293 1584 2464 1652 plena.
2500 1583 2573 1636 De
2619 1582 2893 1650 discipulis
2932 1582 3074 1634 enim
3116 1581 3229 1644 ait,
3284 1578 3410 1634 Volo
3445 1591 3497 1633 ut
3539 1581 3625 1634 ubi

2033 1692 2143 1729 sunt
2174 1692 2265 1745 ego
2298 1718 2311 1737 ,
2342 1687 2389 1728 et
2422 1676 2498 1727 illi
2528 1676 2629 1727 sint
2656 1691 2845 1726 mecum
2873 1676 2888 1739 (
2915 1672 3069 1725 Joan.
3102 1672 3187 1725 17.
3220 1670 3332 1741 24).
3365 1671 3441 1726 De
3471 1672 3624 1726 nobis

2034 1784 2160 1821 vero
2185 1772 2345 1822 timeo
2371 1783 2437 1822 ne
2464 1767 2794 1821 contrarium
2827 1765 3035 1817 dicatur
3058 1807 3071 1830 ,
3103 1763 3197 1818 Ubi
3228 1781 3317 1833 ego
3356 1780 3487 1821 sunt.
3523 1780 3623 1817 non

2034 1862 2237 1931 potestis
2281 1862 2466 1915 venire.
2516 1861 2650 1915 Cum
2696 1859 2838 1914 enim
2884 1867 3068 1911 contra
3120 1873 3276 1926 quam
3321 1856 3624 1926 praecipitur

2032 1970 2281 2024 agamus.
2316 1952 2584 2024 quomodo
2628 1952 2919 2021 poterimus
2947 1952 3035 2004 illo
3073 1950 3259 2004 abire?
3286 1949 3414 2003 Nam
3444 1950 3493 2002 in
3522 1948 3623 2003 hoc

2033 2048 2251 2111 sarculo,
2287 2048 2333 2101 si
2369 2047 2489 2116 quis
2520 2047 2673 2100 miles
2701 2061 2759 2101 ea
2790 2054 2909 2115 agat
2942 2060 3060 2114 qum
3083 2053 3265 2097 contra
3292 2045 3429 2110 regis
3454 2043 3625 2113 digni-

2035 2148 2195 2194 tatem
2224 2140 2349 2201 sint,
2376 2156 2479 2193 non
2510 2138 2704 2208 poterit
2729 2153 2907 2207 regem
2939 2136 3145 2203 videre,
3181 2135 3272 2190 sed
3301 2147 3622 2190 exauctora-

2035 2240 2119 2286 tus
2147 2241 2445 2286 extremum
2472 2233 2579 2284 luet
2604 2229 2944 2299 supplicium.

2106 2326 2332 2378 Avaritia
2354 2366 2369 2390 ,
2397 2324 2578 2394 rapina
2600 2322 2946 2391 injustitiaque
2978 2319 3251 2390 fugiendas.
3287 2317 3623 2389 Eleentosgna

2031 2416 2430 2471 commendatur.
2459 2444 2531 2455 —
2556 2414 2611 2469 Si
2642 2429 2769 2483 ergo
2801 2414 3088 2481 rapiamus,
3123 2409 3358 2463 avaritia!
3398 2410 3615 2463 studea-

2033 2525 2175 2574 mus,
2208 2509 2400 2577 injuste
2425 2522 2663 2578 agamus,
2699 2506 3070 2574 percutiamus,
3094 2505 3487 2574 eleemosynam
3517 2518 3621 2555 non

2031 2616 2331 2671 crogemus,
2362 2616 2466 2654 non
2497 2600 2791 2668 poterimus
2820 2597 2911 2651 illo
2936 2596 3114 2657 abire;
3146 2596 3241 2651 sed
3273 2596 3321 2649 id
3354 2595 3620 2666 patiemur

2033 2693 2173 2763 quod
2206 2693 2497 2763 virginibus
2540 2690 2731 2745 accidit
2760 2707 2772 2743 :
2798 2705 2918 2759 qua;
2962 2689 3025 2741 ad
3078 2689 3223 2742 illum
3270 2688 3471 2753 ingredi
3516 2703 3621 2741 non

2034 2791 2321 2854 patuerunt
2342 2823 2359 2849 ,
2399 2782 2490 2836 sed
2521 2790 2899 2844 recesserunt,
2937 2779 3216 2834 exstinctis
3242 2779 3573 2847 lampadibus-
3600 2820 3616 2846 ,

2035 2877 2135 2931 hoc
2165 2884 2247 2930 est
2272 2916 2286 2938 ,
2318 2875 2486 2945 gratia
2514 2872 2818 2927 deﬁciente.
2867 2872 3163 2926 Flammam
3193 2871 3389 2939 quippe
3433 2870 3574 2923 illam
3604 2912 3620 2936 ,

2032 2983 2187 3036 quam
2216 2985 2243 3018 a
2275 2966 2500 3034 Spiritus
2529 2966 2698 3033 gratia
2738 2965 2915 3017 statim
2943 2962 3256 3031 accipimus,
3297 2961 3339 3014 si
3373 2961 3618 3027 velimus,

2032 3058 2391 3112 ardentiurem
2417 3057 2711 3119 efﬁcimus;
2738 3057 2820 3108 sin
2850 3054 3100 3117 nolimus,
3130 3053 3305 3106 statim
3330 3052 3471 3105 illam
3505 3068 3625 3121 per-

2033 3151 2236 3207 demus.
2271 3150 2362 3205 llla
2386 3159 2559 3203 autem
2583 3148 2863 3209 exstincta,
2888 3146 3019 3200 nihil
3046 3144 3187 3199 aliud
3210 3162 3367 3214 quant
3393 3145 3623 3199 tenebrat

2035 3244 2086 3298 in
2115 3243 2311 3297 nostris
2342 3242 2591 3295 insidebit
2614 3240 2822 3293 animis.
2849 3239 2995 3293 Sicut
3021 3240 3162 3291 enim
3191 3236 3414 3291 ardente
3436 3237 3616 3289 lucer-

2033 3351 2098 3389 na
2121 3376 2136 3402 ,
2166 3335 2329 3388 multa
2360 3334 2444 3387 lux
2476 3331 2721 3401 splendet
2754 3348 2767 3383 :
2799 3331 2876 3383 sic
2906 3329 2991 3382 illa
3024 3328 3272 3381 restincta
3300 3368 3315 3391 ,
3363 3326 3491 3378 nihil
3522 3326 3621 3379 nisi

2035 3427 2286 3479 tenebrae.
2314 3424 2434 3478 Ideo
2452 3424 2523 3475 ait
2545 3442 2557 3475 ι
2586 3422 2758 3475 Nolite
2777 3422 3009 3489 spiritum
3032 3420 3344 3488 exstinguere
3362 3417 3409 3488 (1
3425 3416 3620 3471 .Tltess.

2034 3520 2087 3573 5.
2126 3519 2189 3573 19
2214 3521 2252 3586 ).
2287 3517 2650 3587 Exstinguitur
2676 3524 2881 3578 autem,
2911 3529 3030 3566 cum
3059 3512 3233 3565 oleum
3282 3526 3385 3564 non
3421 3509 3619 3571 habet;

2034 3612 2246 3683 quando
2290 3619 2450 3664 vento
2497 3608 2864 3663 vehementior
2913 3605 3153 3675 quaedam
3206 3604 3287 3658 vis
3336 3601 3619 3667 insufflat;

2035 3701 2249 3772 quando
2286 3702 2655 3771 comprimitur
2681 3708 2735 3753 et
2770 3707 3088 3751 coarctatur.
3121 3695 3207 3750 Sic
3237 3696 3381 3749 enim
3409 3696 3612 3748 θχειὶιιο

2034 3795 2211 3865 gnitur
2255 3794 2408 3862 ignis.
2439 3792 2821 3860 Cumprimitur
2864 3800 3040 3842 autem
3089 3804 3118 3841 a
3165 3786 3612 3841 sollicilttdinilms

2036 3885 2407 3946 saecularibus,
2443 3892 2496 3936 et
2526 3881 2883 3950 exstinguitur
2908 3895 2935 3932 a
2984 3880 3120 3932 mala
3164 3876 3619 3946 cmicupiscentia.

2037 3978 2116 4032 Ad
2150 3978 2261 4031 hmc
2304 3976 2433 4029 nihil
2481 3975 2622 4029 illam
2655 3975 2722 4027 ita
2768 3972 3097 4042 exstinguit,
3144 3982 3195 4024 ut
3231 3970 3622 4031 inhumanitas,

2038 4068 2343 4126 crudelitas.
2366 4067 2547 4135 rapina
2593 4064 2722 4119 Cum
2749 4073 2949 4126 autem,
2973 4064 3091 4117 oleo
3111 4061 3413 4125 deﬁciente,
3437 4074 3625 4130 aquam

2038 4162 2195 4216 etiam
2227 4159 2464 4228 frigidam
2496 4157 2821 4210 infundimus
2848 4196 2861 4219 ,
2894 4156 2994 4209 hoc
3036 4164 3117 4208 est
3145 4153 3419 4207 avaritiam
3445 4193 3460 4219 ,
3504 4168 3625 4221 qua:

2042 4268 2138 4322 per
2168 4251 2411 4305 laesorum
2440 4249 2748 4305 maestitiam
2780 4249 2985 4301 animas
3021 4247 3327 4315 exstinguit,
3360 4244 3502 4297 unde
3533 4259 3627 4312 po-

2040 4344 2219 4398 terunt
2266 4342 2455 4395 iterum
2486 4339 2750 4394 accendi?
2795 4337 3139 4408 Migrabimus
3180 4351 3307 4406 ergo
3355 4336 3629 4405 pum-rem

2041 4436 2379 4502 cineremque
2406 4432 2628 4485 multum
2651 4430 2923 4485 nobiscmn
2952 4428 3184 4484 ferentes
3205 4429 3510 4496 fumumque
3532 4442 3633 4480 nos

2041 4536 2403 4587 accusantem,
2432 4522 2574 4592 quod
2603 4523 2875 4593 lampadas
2903 4521 3335 4576 exstinxerimus.
3360 4518 3460 4574 Ubi
3487 4522 3628 4573 enim

2044 4618 2219 4673 fumus
2247 4625 2329 4672 est
2352 4658 2366 4680 ,
2399 4614 2472 4669 ibi
2503 4631 2722 4671 necesse
2751 4625 2834 4669 est
2862 4614 3179 4669 exstinctum
3227 4611 3402 4681 ignem
3445 4610 3629 4665 fuisse.

2048 4710 2238 4765 Verum
2266 4708 2404 4762 absit
2434 4722 2499 4761 ne
2530 4706 2788 4777 quispiam
2821 4706 2958 4760 hanc
2987 4719 3171 4763 vocem
3210 4703 3410 4767 audiat,
3442 4700 3633 4755 Nescio

2044 4818 2153 4855 vos.
2168 4799 2515 4867 Quandonam
2538 4807 2710 4853 autem
2730 4798 2843 4852 huic
2863 4813 2965 4852 vox
2988 4796 3251 4860 audietur,
3274 4794 3375 4849 nisi
3398 4794 3484 4849 ubi
3509 4809 3632 4847 cum

2047 4907 2332 4962 pauperem
2358 4890 2621 4957 videmus,
2652 4890 2875 4961 perinde
2902 4888 3074 4943 affecti
3104 4904 3289 4941 sumus
3310 4928 3325 4950 .
3353 4902 3418 4942 ac
3446 4887 3489 4940 si
3517 4901 3623 4939 non

2046 4988 2388 5044 videremus?
2408 4986 2631 5054 Quando
2659 5000 2757 5038 nos
2779 4983 3047 5038 Christum
3074 4983 3395 5036 esurientem
3420 4982 3633 5050 ignora-

2047 5081 2245 5144 bimus,
2281 5078 2541 5147 ignorabit
2567 5085 2622 5130 et
2642 5075 2727 5128 ille
2753 5089 2851 5128 nos
2875 5074 2994 5129 oleo
3016 5084 3236 5143 egentes
3261 5091 3272 5124 ε
3298 5081 3349 5127 et
3378 5070 3497 5140 jure
3518 5086 3635 5139 qm-

2048 5172 2188 5228 dem.
2223 5171 2355 5225 Nam
2388 5170 2475 5240 qui
2512 5170 2765 5223 miserum
2793 5167 3042 5236 despicit,
3078 5182 3176 5221 nec
3202 5167 3351 5234 juvat
3382 5180 3447 5218 ex
3480 5161 3637 5217 bonis

2052 5268 2185 5329 suis,
2210 5263 2480 5336 quomodo
2505 5269 2707 5332 quaeret
2748 5262 2992 5330 accipere
3021 5275 3084 5313 ex
3115 5275 3222 5313 non
3250 5256 3399 5311 suis?
3428 5255 3629 5323 Quam-

2052 5359 2236 5412 obrem
2263 5398 2277 5422 ,
2312 5370 2440 5424 rogo
2463 5396 2478 5421 ,
2509 5354 2687 5407 omnia
2716 5351 2971 5409 faciamus
2996 5392 3010 5414 ,
3038 5351 3214 5405 omnia
3243 5362 3551 5403 moveamus
3581 5356 3641 5401 ut

2052 5451 2226 5503 oleum
2258 5447 2410 5501 nobis
2436 5462 2541 5501 non
2566 5445 2777 5499 deﬁciat
2803 5462 2818 5510 ;
2851 5444 2945 5498 sed
2975 5458 3226 5498 cruentus
3253 5438 3523 5509 lampades
3546 5481 3560 5503 ,
3587 5448 3641 5492 et

2052 5558 2170 5597 cum
2193 5554 2390 5610 sponso
2409 5540 2461 5593 in
2485 5538 2770 5591 thalamum
2801 5534 3156 5606 ingrediantur
3187 5553 3198 5587 :
3224 5547 3382 5603 quem
3405 5545 3500 5585 nos
3521 5544 3640 5583 om-

2054 5649 2149 5689 nes
2178 5633 2390 5701 assequi
2417 5631 2732 5700 contingat,
2764 5630 2929 5699 gratia
2972 5639 3028 5682 et
3070 5628 3400 5696 benignitate
3432 5622 3641 5678 Domini

2055 5726 2220 5781 nostri
2236 5724 2361 5779 Jesu
2378 5720 2598 5787 Christi,
2629 5736 2722 5791 per
2742 5736 2899 5792 quem
2928 5729 2982 5775 et
3008 5734 3127 5774 cum
3157 5732 3263 5787 quo
3284 5716 3428 5772 Patri
3448 5716 3640 5787 gloria,

2054 5816 2317 5886 simulque
2340 5814 2557 5884 Spiritui
2588 5821 2777 5867 sancto
2800 5855 2816 5881 ,
2849 5827 2990 5869 nunc
3014 5821 3071 5867 et
3096 5826 3310 5880 semper
3335 5850 3349 5875 ,
3382 5818 3438 5866 et
3465 5808 3515 5863 in
3544 5823 3645 5863 ste-

2059 5909 2175 5963 cula
2198 5906 2533 5962 saeculorum.
2564 5905 2757 5959 Arnen.
