4084 6360
1465 389 1529 444 ΙΝ
1559 388 1878 446 JUANNEM
1920 389 2154 448 HOMIL.
2198 392 2287 449 LI.
2328 395 2401 451 al.
2446 394 2513 452 L.

3491 393 3603 451 εει

1657 611 1806 686 [299]
1843 615 2086 668 OMIAIA
2128 615 2257 668 NA'.

320 701 616 787 ’⁸³1ἃὲῖῆ
654 702 884 787 ivx?!"
928 704 1140 787 ἡμέραν
1166 705 1638 787 τῆμεγιὲληεῆς
1668 707 1901 787 έορεῆςν

378 775 677 847 εἰστήκει-
710 777 743 829 ὀ
780 775 1018 847 Ἰησοῦς
1046 816 1061 840 ,
1098 777 1196 830 καί
1238 775 1442 846 ἐκραζε
1470 775 1680 847 λέγων
1700 775 1740 809 ί
1763 776 1906 831 Ἐάν

377 861 468 911 τις
527 844 699 913 διψᾷ,
785 845 1249 917 ἐρχᾼέσθωγπρρς
1296 844 1392 917 με,
1438 850 1535 902 καί
1567 844 1817 902 Ἵπινέτω.
1851 848 1905 899 '0

377 917 680 995 πιστεύων
696 917 785 995 εἰς
803 915 928 995 ἐμὲ,
948 914 1327 995 καρῲςίεῖπεν
1346 920 1383 984 ἠ
1404 917 1613 995 Ιῖρλαφὴ
1625 960 1637 978 ,
1654 918 1906 995 περταμοί

378 984 448 1038 ἐκ
472 985 581 1054 τῆς
605 984 841 1053 κοιλίας
862 988 1047 1041 αὑτοῦ
1070 990 1407 1057 ῥεύσουσιν
1429 984 1645 1055 ὓδατος
1668 984 1903 1054 ζῶντος.

381 1066 593 1133 α’.Τοῦς
609 1071 932 1139 προσιόντας
946 1071 1023 1140 τῷ
1041 1071 1169 1142 θείῳ
1185 1072 1518 1143 κηρύγματι,
1539 1074 1627 1126 καὶ
1640 1075 1707 1143 τῇ
1726 1073 1905 1125 πίστει

309 1153 695 1223 προσέχοντας,
720 1154 810 1208 τὸν
843 1154 951 1206 τῶν
979 1155 1256 1225 διψώντων
1286 1156 1464 1229 έρωτα
1501 1156 1905 1210 ἐπιδείκνυσθαι

310 1238 439 1309 χρὴ,
475 1237 569 1289 καί
607 1238 873 1309 τοσαύτην
924 1239 1183 1292 ἀνάπτειν
1222 1240 1521 1311 ’ἐπιθυμίαν
1566 1242 1623 1293 ἐν
1670 1240 1902 1302 ἑαυτοῖς.

311 1320 467 1375 Οῦτω
499 1322 606 1393 γὰρ
629 1322 946 1395 δυνήσονται
998 1324 1090 1378 καὶ
1121 1324 1190 1379 τά
1237 1326 1503 1396 λεγόμενα
1536 1325 1672 1396 μετὰ
1708 1323 1905 1394 πολλῆς

310 1409 602 1477 κατασχεῖν
625 1408 724 1478 τῆς
751 1409 1013 1479 φυλακῆς.
1038 1410 1147 1463 Kal
1172 1409 1279 1481 γάρ
1311 1411 1360 1462 οἰ
1387 1408 1665 1479 διψῶντες,
1689 1406 1906 1461 ἐπειδὰν

306 1492 507 1546 κύλικα
535 1491 760 1554 λάϐωσι,
796 1493 935 1563 μετά
980 1492 1183 1564 πολλῆς
1208 1494 1377 1565 αὐτὴν
1399 1494 1615 1546 ἐλκουσι
1649 1492 1748 1562 τῆς
1773 1508 1906 1563 προ-

308 1577 528 1647 θυμίας,
582 1577 676 1631 καὶ
724 1576 845 1629 τότε
888 1577 1329 1631 διαναπαύονται.
1384 1576 1540 1631 Οὕτω
1585 1575 1763 1629 τοίνυν
1811 1574 1904 1627 καὶ

306 1662 356 1713 οἱ
386 1659 493 1713 τῶν
539 1660 700 1715 θείων
739 1659 1028 1724 ἀκούοντες
1071 1660 1287 1729 λογίων,
1333 1663 1382 1714 εἰ
1426 1659 1688 1729 διψῶντες
1732 1675 1902 1729 προσ-

304 1743 542 1809 λάϐοιεν,
576 1744 829 1798 οὐδέποτε
864 1742 1166 1814 καμοῦνται
1210 1744 1315 1807 ἕως
1357 1742 1422 1797 ἂν
1462 1744 1748 1796 ἐκπίωσιν.
1780 1742 1904 1794 Ὂτι

305 1829 416 1902 γάρ
441 1831 526 1883 ἀεὶ
554 1828 657 1900 χρὴ
697 1829 857 1900 διψᾷν
892 1828 986 1883 καὶ
1029 1830 1253 1899 πεινῇν·
1288 1826 1602 1895 Μακάριοι,
1639 1826 1823 1897 φησὶν,
1849 1828 1905 1879 οι

306 1913 625 1980 πεινῶντες
682 1914 777 1967 καί
830 1911 1125 1981 διψῶντες
1173 1910 1288 1981 τὴν
1328 1911 1743 1977 δικαιοσύνην.
1792 1909 1905 1963 Kal

308 1995 546 2050 ἐνταῦθά
568 2013 731 2066 φησιν
777 1997 805 2049 ὁ
851 1996 1111 2067 Χριστός·
1167 1996 1240 2048 EI
1282 2011 1375 2060 τις
1418 1992 1588 2063 διψᾷ,
1641 1990 1904 2062 ἐρχέσθω

307 2081 459 2148 πρός
503 2096 599 2150 με,
637 2079 736 2134 καί
778 2080 1014 2133 πινέτω.
1054 2080 1118 2132 Ὃ
1161 2079 1217 2132 δὲ
1262 2077 1411 2146 λέγει
1454 2077 1692 2130 τοιοῦτόν
1725 2078 1901 2129 ἐστιν·

308 2164 512 2218 Οὐδένα
544 2163 756 2234 ἀνάγκῃ
805 2164 900 2217 καὶ
934 2163 1026 2235 βίᾳ
1061 2162 1392 2233 ἐφέλκομαι·
1428 2160 1543 2214 ἀλλ’
1592 2159 1646 2213 εί
1676 2177 1759 2222 τις
1791 2159 1902 2229 ἔχει

309 2247 618 2319 προθυμίαν
656 2246 875 2318 πολλὴν,
909 2246 961 2299 εί
984 2263 1065 2310 τις
1095 2246 1376 2299 ἐκκαίεται
1407 2243 1485 2315 τῷ
1512 2243 1682 2313 πόθῳ,
1713 2241 1903 2294 τοῦτον

306 2328 420 2397 ἐγὼ
456 2330 622 2383 καλῶ.
665 2331 821 2393 Τίνος
866 2330 922 2382 δέ
967 2330 1152 2383 ’ένεκεν
1196 2329 1582 2399 ἐπεσημήνατο
1607 2326 1636 2377 ὁ
1675 2326 1904 2393 εὐαγγε-

304 2412 517 2486 λιστὴς,
548 2416 631 2470 ὅτι
672 2415 767 2467 Ἐν
799 2414 876 2482 τῇ
914 2414 1144 2483 ἐσχάτῃ
1173 2411 1364 2483 ἡμέρᾳ,
1392 2409 1467 2481 τῇ
1492 2410 1763 2481 μεγάλῃ;
1796 2409 1903 2462 Kal

306 2497 417 2569 γὰρ
445 2501 480 2569 ή
511 2498 701 2571 πρώτη
735 2499 828 2552 καὶ
880 2500 913 2568 ή
958 2498 1242 2551 τελευταία
1279 2496 1489 2567 μεγάλη
1534 2492 1602 2566 ἦν
1624 2511 1637 2524 °
1670 2495 1768 2557 τάς
1795 2494 1904 2565 γὰρ

306 2580 513 2654 μεταξὺ
548 2582 745 2654 μᾶλλον
784 2583 864 2646 εἰς
908 2581 1118 2653 τρυφὴν
1144 2581 1456 2652 ἀνήλισκον.
1489 2580 1645 2642 Τίνος
1672 2575 1765 2632 οὖν
1790 2579 1905 2631 ἐνε-

308 2683 405 2719 κεν
437 2666 540 2720 Ἑν
584 2664 657 2732 τῇ
702 2665 932 2734 ἐσχάτῃ
986 2664 1175 2731 λέγει;
1212 2665 1334 2719 Ὅτι
1392 2666 1452 2717 ἐν
1507 2664 1645 2734 αὐτῇ
1702 2662 1905 2724 πάντες

306 2745 447 2822 ¹ἦσαν
478 2750 995 2821 συγκεκροτημένοι.
1032 2750 1111 2821 Τῇ
1148 2749 1245 2820 μὲν
1285 2749 1392 2823 γάρ
1437 2748 1630 2820 πρώτῃ
1665 2748 1725 2800 ού
1762 2763 1905 2818 παρ-

305 2832 548 2902 εγένετο,
590 2835 683 2887 καὶ
722 2834 820 2904 τὴν
861 2832 1041 2887 αἰτίαν
1090 2828 1212 2885 εἷπε
1256 2833 1391 2903 πρὸς
1432 2833 1561 2896 τοὺς
1616 2831 1901 2901 ἀδελφούς.

321 2917 461 2972 Ἀλλ’
494 2917 615 2972 οὑδέ
647 2920 705 2970 ἐν
726 2921 792 2988 τῇ
813 2916 1041 2989 δευτέρᾳ
1064 2918 1157 2971 καὶ
1184 2917 1342 2990 τρίτῃ
1375 2933 1426 2970 τι
1461 2915 1699 2969 τοιοῦτον
1731 2914 1901 2983 λέγει,

307 3001 448 3057 ὥστε
484 3002 561 3074 μὴ
607 3000 900 3071 ἐκλυθῆναι
932 3001 1000 3054 τά
1046 3000 1339 3071 λεγόμενα,
1381 2999 1683 3071 μελλόντων
1724 2999 1904 3052 αὐτῶν

308 3089 390 3150 εἰς
418 3087 629 3159 τρυφὴν
669 3086 825 3140 ἰέναι.
868 3087 946 3157 Τῇ
982 3086 1040 3139 δὲ
1086 3085 1315 3158 ἐσχάτῃ,
1355 3086 1445 3139 ὅτε
1482 3082 1789 3154 ἀνεχώρουν
1824 3083 1903 3136 0f-

308 3170 463 3233 καδε,
489 3170 675 3240 ἐφόδια
709 3170 891 3233 αὐτοῖς
932 3169 1115 3222 δίδωσι
1146 3168 1282 3240 πρὸς
1316 3168 1610 3239 σωτηρίαν,
1641 3167 1737 3221 καὶ
1767 3166 1904 3237 κρά-

309 3255 420 3318 ζειο
466 3254 626 3308 τοῦτο
690 3254 810 3325 μέν,
864 3254 964 3325 τὴν
1013 3251 1324 3325 παρρησίαν
1368 3250 1532 3304 αὐτοῦ
1586 3250 1902 3322 ἐμφαίνωνσ

306 3336 467 3392 τοῦτο
491 3338 569 3401 δέ,
612 3338 699 3390 διά
746 3338 837 3390 τὸν
886 3336 1052 3389 πολὺν
1094 3336 1270 3406 ὄχλον,
1315 3335 1409 3389 καὶ
1442 3333 1615 3405 δηλῶν
1660 3335 1740 3387 ὅτι
1775 3333 1905 3403 περὶ

309 3423 406 3477 τοῦ
432 3422 625 3492 νοητοῦ
655 3422 923 3491 διελέγετο
955 3421 1217 3491 πόματος,
1255 3420 1483 3487 ἐπάγει·
1523 3418 1578 3470 '0
1605 3417 1906 3471 πιστεύων

314 3511 404 3576 εις
432 3507 557 3578 ἐμὲ,
593 3507 789 3573 καθὼς
817 3501 984 3560 εἶπεν
1014 3506 1054 3573 ἡ
1100 3502 1336 3572 Γραφὴ,
1391 3501 1641 3571 ποταμοὶ
1689 3500 1756 3553 ἐκ
1796 3497 1906 3566 τῆς

311 3597 548 3663 κοιλίας
571 3595 758 3650 αὐτοῦ
783 3596 1119 3663 ῥεύσουσιν
1161 3590 1379 3656 ὕδατος
1418 3587 1650 3654 ζῶντος.
1683 3586 1905 3640 Κοιλίαν

310 3683 545 3742 ἐνταῦθα
599 3683 697 3755 τὴν
749 3681 973 3754 καρδίαν
1020 3680 1174 3750 φησί,
1221 3678 1472 3748 καθάπερ
1524 3676 1618 3731 καὶ
1672 3673 1905 3744 ἀλλαχοῦ

313 3788 475 3845 φησί’
528 3771 640 3828 Kal
684 3771 793 3825 τὸν
823 3773 1010 3839 νόμον
1054 3784 1171 3821 σου
1218 3766 1288 3820 ἐν
1319 3767 1490 3835 μέσῳ
1524 3762 1636 3833 τῆς
1676 3763 1908 3845 κοιλίας

306 3843 431 3929 μου
463 3870 512 3911 ι.
548 3854 657 3910 Kal
695 3852 798 3907 ποῦ
831 3851 984 3905 εἶπεν
1015 3852 1049 3922 ή
1073 3851 1285 3923 Γραφὴ,
1308 3850 1390 3903 ὃτι
1412 3846 1670 3929 Ποταμοὶ
1701 3847 1772 3899 ἐκ
1796 3843 1908 3929 τῆς

314 3926 549 4007 κοιλίας
598 3936 782 3992 αὐτοῦ
821 3937 1156 4004 ῥεύσουσιν
1190 3926 1708 3997 ὕδατος’ζὶὖντος;
1738 3928 1907 3981 Οὐδα-

318 4028 443 4101 μοῦ.
483 4028 549 4081 Τί
597 4022 691 4080 οὖν
741 4027 908 4090 ἐστιν,
948 4024 1001 4076 '0
1058 4024 1360 4076 πιστεύων
1400 4022 1489 4087 εἰς
1539 4018 1667 4088 ἐμὲ,
1714 4017 1908 4101 καθὼς

314 4096 485 4169 εἷπεν
511 4112 550 4179 ἠ
582 4108 829 4179 Γραφής
870 4106 1136 4162 Ἐνταῦθα
1184 4106 1468 4170 ὑποστίξαι
1503 4104 1602 4164 δεῖ,
1650 4102 1735 4155 ἵνα
1846 4100 1907 4153 τὸ

311 4199 575 4269 Ποταμοί
600 4199 669 4252 ἐκ
699 4197 810 4267 τῆς
844 4196 1077 4261 κοιλίας
1113 4193 1299 4248 αὑτοῦ
1322 4194 1641 4261 ρεύσουσι,
1683 4188 1906 4269 τῆςᾲαὺ-

310 4286 407 4340 τοῦ
435 4267 781 4354 ἀποφάσεως.
818 4278 1036 4348 Ἐπειδὴ
1083 4278 1192 4349 γὰρ
1239 4277 1423 4345 ἔλεγον
1470 4272 1674 4335 πολλοὶ,
1720 4267 1908 4337 Οὗτός

309 4372 492 4425 ἐστιν
516 4372 548 4423 ὀ
579 4365 864 4436 Χριστόςο
890 4364 1004 4425 καί,
1046 4364 1110 4416 '0
1140 4361 1395 4430 Χριστὸς
1440 4359 1585 4413 ὅταν
1613 4357 1782 4425 ἔλθῃ,
1820 4355 1905 4424 μὴ

312 4452 570 4509 πλείονα
592 4451 811 4521 σημεῖα
841 4447 1081 4515 ποιήσει
1105 4465 1124 4513 ;
1154 4446 1444 4506 δείκνυσιν,
1468 4445 1550 4497 ὅτι
1593 4440 1909 4513 διωρθωμέ-

315 4555 415 4610 Vm;
442 4538 524 4592 δεῖ
554 4535 655 4608 τὴν
691 4534 892 4604 γνῶσιν
915 4533 1078 4603 ἐχειν,
1109 4532 1205 4585 καὶ
1248 4531 1348 4584 οὐκ
1392 4528 1499 4583 ἀπὺ
1533 4526 1643 4581 τῶν
1666 4524 1908 4610 σημείων

313 4608 524 4686 οῦτως,
568 4621 645 4683 ὼς
692 4617 804 4674 ἀπὸ
845 4617 954 4671 τῶν
1014 4614 1245 4687 Γραφῶν
1295 4610 1665 4667 πιστεύεσθαι.
1717 4608 1909 4664 Πολλοὶ

315 4707 451 4778 γοῦν
488 4704 653 4762 αὐτὸν
693 4702 787 4757 καὶ
829 4698 1346 4770 θαυματουργοῦντα
1393 4696 1589 4757 ἰδόντες
1610 4734 1626 4757 ,
1683 4694 1790 4778 οὐχ
1832 4692 1908 4778 ὡς

318 4776 554 4864 Χριστὸν
602 4787 874 4857 ἐδέχοντο·
921 4782 1143 4855 ἔμελλον
1186 4782 1242 4835 δέ
1294 4780 1493 4849 λέγειν,
1535 4778 1627 4864 δτι
1669 4776 1805 4864 Οὐχὶ
1852 4776 1909 4827 αἰ

318 4860 537 4947 Γραφαὶ
577 4871 849 4941 λέγουσιν,
874 4868 957 4922 ὅτι
988 4867 1019 4919 ὁ
1059 4864 1293 4937 Χριστὸς
1324 4865 1431 4918 ἀπὸ
1467 4860 1562 4947 τοῦ
1599 4860 1909 4947 σπέρματος

317 4944 414 5013 τοῦ
437 4956 601 5012 Δαυῒδ
620 4956 869 5027 ἐρχεταις
894 4952 1004 5006 Kal
1021 4949 1192 5004 ταῦτα
1219 4949 1331 5002 ἄνω
1360 4947 1454 5002 καὶ
1476 4946 1625 4999 κάτω
1658 4944 1910 5014 ἔστρεφε,

319 5044 493 5110 δεῖξαι
515 5038 667 5115 [500]
684 5038 1004 5110 βουλόμενος
1025 5035 1076 5097 δ,
1099 5036 1181 5087 ὅτι
1200 5034 1260 5086 οὐ
1285 5032 1472 5100 φεύγει
1491 5030 1588 5115 τήν
1606 5028 1691 5082 διὰ
1706 5027 1910 5115 τούτων

322 5111 619 5192 ἀπόδειξιν,
666 5120 1053 5182 πάλιν.αὐτοὺς
1085 5119 1165 5183 εἰς
1211 5116 1311 5179 τάς
1357 5113 1577 5184 Γραφάς
1620 5111 1910 5183 παραπέμο

324 5228 439 5265 πει.
476 5211 582 5262 Kal
609 5208 717 5278 γὰρ
746 5207 859 5262 ἄνω
900 5203 1104 5270 ἔλεγεν,
1149 5198 1461 5268 Ἑρευνιῑτε
1491 5196 1598 5262 τὰς
1627 5193 1872 5265 Γραφάς
1891 5208 1911 5226 ο

326 5293 421 5350 καὶ
454 5292 636 5355 πάλιν,
680 5291 848 5344 Ἐστι
884 5282 1289 5356 γεγραμμένον
1316 5282 1386 5335 ἐν
1406 5280 1531 5346 τοῖς
1556 5279 1910 5348 προφήταις,

327 5378 442 5434 Καὶ
463 5377 704 5433 ἔσονται
732 5373 955 5437 πάντες
982 5367 1246 5423 διδακτοί
1284 5365 1432 5421 Θεοῦ
1451 5382 1465 5395 ·
1507 5364 1621 5428 καὶ,
1653 5360 1914 5430 Μωῦσῆς

328 5460 499 5532 ὑμῶν
553 5457 892 5528 κατηγορεῖ·
945 5455 1041 5510 καὶ
1099 5450 1356 5518 ἐνταῦθα,
1406 5446 1613 5532 Καθὼς
1658 5443 1828 5532 εἶπεν
1874 5448 1913 5514 ἠ

332 5530 566 5615 Γραφὴ.
596 5542 845 5612 ποταμοί
876 5541 946 5594 ἐκ
973 5537 1085 5605 τῆς
1118 5535 1351 5601 κοιλίας
1388 5531 1574 5586 αὐτοῦ
1597 5530 1913 5615 ρεύσουσι,

331 5613 395 5683 τδ
432 5613 652 5699 δαψιλὲς
704 5628 800 5680 καὶ
842 5622 1073 5693 ἀφθονον
1125 5620 1225 5690 τῆς
1262 5618 1484 5689 χάριτος
1527 5613 1914 5684 αἰνιττόμενος.

334 5713 517 5784 Ὅπερ
543 5709 773 5779 ἀλλαχοῦ
800 5723 968 5778 φησι·
1010 5702 1181 5772 Πηγὴ
1212 5701 1432 5767 ὕδατος
1466 5700 1808 5784 ἁλλομένου
1825 5699 1917 5784 εἰς

336 5781 495 5863 ζωὴν
515 5794 781 5848 αἰώνιον·
814 5790 1080 5851 τουτέστι,
1111 5785 1313 5858 πολλὴν
1358 5785 1470 5851 ἐξει
1505 5784 1686 5855 χάριν.
1732 5781 1925 5835 Ἀλλα-

336 5878 435 5951 χοῦ
486 5877 585 5950 μὲν
626 5872 740 5940 οὖν,
780 5874 952 5943 Ζωὴν
1001 5869 1276 5934 αἰώνιον,
1326 5868 1505 5937 λέγει·
1561 5865 1795 5921 ἐνταῦθα
1840 5864 1919 5929 δὲ,

400 5983 432 6015 ⁸
477 5982 572 6052 Ἓν.
590 5983 725 6051 μέσῳ
754 5987 837 6040 τῆς
860 5979 1043 6052 κοιλίας
1066 5969 1403 6052 ww:
1421 5986 1529 6052 φερε
1549 5972 1622 6052 Ψ
1637 5971 1925 6052 ίωῖείιέῖ

798 6032 961 6110 amata
991 6032 1128 6110 ficia.
1149 6036 1289 6110 .Enf'r.
1332 6109 1336 6110 γ
1367 6033 1404 6110 κδ
1433 6032 1722 6110 Ἔστρεφον.
1751 6032 1923 6110 ,Διῖεαι

341 6108 569 6192 τοίνυν.
595 6104 748 6158 Sam.
776 6113 831 6157 ει
854 6104 966 6178 εοᾱ.
990 6102 1110 6163 706,
1147 6099 1193 6150 is
1221 6104 1386 6149 tamen
1420 6099 1657 6149 omitleus
1691 6099 1861 6145 τοίνυν.

2017 707 2199 775 ’Ύδωρ
2234 708 2362 769 ζῶν.
2398 707 2513 761 Ζῶν
2559 707 2615 761 δέ
2663 707 2812 777 λέγει
2856 710 2918 763 τὸ
2961 709 3217 780 ἐνεργοῦν
3264 711 3369 764 ἀεί.
3407 713 3469 766 Ἦ
3500 713 3610 784 γὰρ

2012 790 2105 843 τοῦ
2147 790 2459 859 Πνεύματος
2505 791 2681 861 χάρις,
2730 792 2949 846 ἐπειδάν
2996 794 3075 855 εἰς
3110 793 3349 847 διάνοιαν
3393 794 3607 866 εἰσέλθῃ

2014 874 2107 927 καί
2140 874 2354 944 ίδρυνθῇ
2389 885 2435 936 ο,
2476 874 2654 941 πάσης
2690 877 2873 944 πηγῆς
2921 877 3120 946 μᾶλλον
3165 876 3476 941 ἀναϐλύζει,
3514 879 3609 929 καὶ

2012 958 2071 1008 οὐ
2117 957 2488 1027 διαλιμπάνει,
2526 957 2645 1010 ούδέ
2694 958 2958 1023 κενοῦται,
3008 960 3114 1012 οὐδ’
3159 960 3394 1013 ἵσταται.
3440 961 3607 1030 Ὁμοῦ

2010 1042 2189 1095 τοίνυν
2222 1046 2316 1095 καὶ
2355 1042 2416 1094 τὸ
2447 1042 2730 1104 ἀνελλιπὲς
2770 1043 2869 1112 τῆς
2900 1045 3163 1114 χορηγίας
3195 1045 3390 1112 δηλῶν,
3419 1047 3511 1098 καί
3547 1046 3608 1098 τὸ

2012 1123 2217 1191 ἄφατον
2246 1125 2345 1195 τῆς
2372 1124 2668 1194 ἐνεργείας,
2693 1126 2874 1196 πηγὴν
2906 1129 2997 1178 καὶ
3018 1128 3296 1197 ποταμοὺς
3317 1128 3604 1185 ἐκάλεσεν.

2010 1208 2106 1277 οὐχ
2154 1208 2250 1262 ἕνα
2298 1208 2560 1278 ποταμὸν,
2610 1210 2744 1261 ἀλλὰ
2791 1210 3065 1279 ἀφάτους·
3113 1212 3210 1264 καὶ
3253 1213 3365 1265 ἐκεῖ
3401 1212 3479 1287 δέ,
3509 1213 3608 1283 τὴν

2013 1291 2348 1363 πλημμύραν
2396 1292 2482 1345 διά
2536 1292 2630 1345 τοῦ
2676 1293 2930 1347 ἅλλεσθαι
2978 1296 3310 1366 παρέστησε.
3351 1296 3460 1347 Kal
3507 1295 3607 1348 ἴδοι

2010 1393 2093 1440 τις
2125 1376 2190 1431 ἂν
2233 1379 2291 1430 τὸ
2336 1377 2625 1447 λεγόμενον
2662 1378 2869 1445 σαφῶς,
2904 1380 2952 1431 εἰ
2987 1380 3085 1449 τὴν
3130 1378 3319 1447 σοφίαν
3348 1379 3442 1432 τοῦ
3478 1381 3607 1432 Στε-

2012 1462 2201 1530 φάνου,
2230 1462 2279 1513 εἰ
2312 1461 2409 1530 τὴν
2457 1461 2662 1531 Πέτρου
2694 1461 2960 1530 γλῶτταν,
3002 1462 3097 1515 καὶ
3141 1462 3239 1533 τὴν
3270 1461 3482 1515 Παύλου
3508 1460 3606 1530 ῥύ-

2015 1561 2123 1613 μην
2170 1545 2459 1614 ἐννοήσειε,
2494 1545 2609 1607 πῶς
2648 1545 2796 1598 οὐδὲν
2831 1546 3026 1608 αὐτοὺς
3073 1545 3287 1615 ἔφερεν,
3317 1544 3466 1597 οὐδὲν
3502 1545 3604 1611 ὑφ-

2014 1626 2227 1680 ίστατο’
2256 1627 2316 1679 οὐ
2342 1627 2529 1697 δήμων
2559 1626 2749 1698 θυμὸς,
2781 1628 2839 1680 οὐ
2872 1628 3152 1696 τυράννων
3185 1628 3603 1691 ἐπαναστάσεις,

2010 1710 2068 1761 οὐ
2096 1708 2362 1779 δαιμόνων
2390 1709 2693 1775 ἐπιϐουλαὶ,
2720 1712 2779 1763 οὐ
2808 1711 3023 1764 θάνατοι
3061 1710 3201 1781 καθη
3213 1710 3420 1780 μερινοί
3442 1727 3453 1739 ·
3487 1708 3603 1761 ἀλλ’

2010 1792 2199 1863 ῶσπερ
2252 1795 2486 1864 ποταμοί
2539 1795 2719 1866 πολλῷ
2769 1794 2845 1865 τῷ
2898 1794 3061 1867 ῥοίζῳ
3109 1796 3421 1865 φερόμενοι,
3463 1791 3606 1847 οὕτω

2011 1880 2189 1933 πάντα
2213 1879 2621 1950 παρασύροντες
2649 1878 2915 1950 ἀπῄεσαν.
2952 1872 3140 1932 Ίὶιῦτα
3169 1878 3238 1932 δὲ
3263 1879 3433 1946 ἔλεγε
3469 1876 3603 1945 περὶ

2009 1962 2116 2016 τοῦ
2151 1963 2517 2032 Πνεύματος,
2560 1964 2745 2034 φησὶν,
2783 1959 2854 2017 οὗ
2896 1963 3158 2031 ἔμελλον
3188 1962 3517 2032 λαμϐάνειν
3550 1964 3605 2015 οι

2010 2048 2417 2112 πιστεύοντες.
2471 2047 2647 2100 Οὔπω
2682 2050 2793 2115 γὰρ
2828 2043 2906 2115 ἦν
2947 2045 3189 2115 Πνεῦμα
3234 2046 3426 2114 ἅγιον.
3477 2045 3604 2110 Πῶς

2009 2124 2103 2182 οὖν
2132 2130 2181 2181 οἰ
2218 2132 2491 2201 προφῆται
2519 2131 2957 2200 προεφήτευσαν,
2988 2129 3081 2182 καί
3115 2129 3183 2181 τά
3217 2129 3385 2201 μυρία
3418 2130 3605 2199 εἰργά-

2011 2231 2172 2268 σαντο
2200 2213 2486 2284 θαύματα;
2522 2215 2586 2267 OE
2618 2214 2903 2266 ἀπόστολοι
2939 2213 3038 2281 μέν
3072 2212 3180 2283 γὰρ
3228 2213 3288 2265 οὐ
3325 2213 3605 2282 Πνεύματι

2012 2298 2296 2362 ἐξέϐαλον,
2333 2296 2469 2350 ἀλλά
2512 2300 2577 2368 τῇ
2629 2296 2756 2368 παρ’
2799 2296 2963 2349 αὑτοῦ
3011 2296 3230 2367 ἐξουσίᾳ
3256 2337 3269 2359 ,
3319 2296 3394 2359 ὼς
3443 2293 3605 2360 αὐτός

2010 2397 2194 2451 φησιν.
2228 2382 2297 2433 Εἰ
2333 2381 2447 2450 ἐγὼ
2491 2380 2561 2433 ἐν
2588 2378 2948 2441 Βεελζεϐοὺλ
2993 2378 3267 2433 ἐκϐάλλω
3299 2380 3370 2433 τὰ
3403 2380 3605 2449 δαιμός

2008 2482 2125 2521 νια.
2163 2465 2215 2516 οἰ
2264 2463 2383 2517 υἱοί
2428 2462 2597 2532 ὑμῶν
2637 2465 2706 2517 ἐν
2741 2465 2858 2515 τίνι
2896 2463 3300 2525 ἐκϐάλλουσι;
3337 2462 3508 2515 Τοῦτο
3545 2463 3605 2515 δὲ

2010 2547 2182 2616 ἔλεγε,
2216 2545 2390 2617 δηλῶν
2424 2547 2506 2599 ὅτι
2541 2546 2602 2600 οὑ
2644 2546 2841 2608 πάντες
2884 2545 3159 2614 Πνεύματι
3204 2544 3457 2609 ἐξέϐαλον
3497 2546 3605 2616 πρὸ

2008 2631 2102 2684 τοῦ
2139 2629 2395 2701 σταυροῦ,
2431 2629 2567 2681 ἀλλά
2595 2632 2660 2700 τῇ
2701 2628 2830 2699 παρ’
2853 2627 3017 2682 αὑτοῦ
3052 2629 3286 2700 ἐξουσίᾳ.
3318 2629 3446 2681 Ὅτε
3473 2628 3604 2696 γοῦν

2010 2714 2204 2775 αὐτοὺς
2245 2713 2435 2784 έμελλε
2464 2714 2723 2783 πέμπειν,
2751 2713 2871 2765 τότε
2910 2713 3084 2779 ἔλεγε,
3118 2710 3336 2765 Λάϐετε
3361 2710 3604 2779 Πνεῦμα

2011 2798 2180 2868 ἅγιον
2194 2814 2208 2825 ’
2232 2798 2324 2853 καὶ
2349 2797 2531 2858 πάλιν,
2550 2794 2770 2851 Ἦλθεν
2789 2796 2881 2848 ἐπ’
2901 2795 3123 2861 αὐτοὺς
3144 2795 3385 2864 Πνεῦμα
3410 2794 3603 2864 ἅγιον,

2010 2881 2109 2935 καί
2142 2883 2275 2936 τότε
2312 2881 2386 2935 τὰ
2413 2880 2633 2949 σημεῖα
2655 2880 2925 2933 ἐποίουν.

2084 2965 2149 3036 β’.
2179 2968 2306 3019 Ὅτε
2336 2964 2393 3018 δε
2412 2962 2656 3035 ἔπεμπεν
2675 2962 2890 3025 αὐτοὺς,
2914 2963 3013 3015 οὑκ
3042 2958 3213 3023 εἶπεν,
3242 2962 3481 3015 Ἔδωκεν
3510 2961 3607 3016 αὐ-

2010 3052 2119 3113 τοῖς
2147 3048 2370 3119 Πνεῦμα
2398 3047 2553 3116 ἅγιον
2572 3064 2586 3077 ·
2619 3046 2733 3101 ἀλλ’
2767 3047 3024 3099 Ἔδωκεν
3053 3046 3259 3112 αὐτοῖς
3289 3046 3602 3109 ἐξουσίαν,

2010 3134 2210 3203 λέγων·
2240 3130 2512 3200 Λεπροὺς
2544 3128 2899 3199 καθαρίζετε,
2944 3128 3219 3198 δαιμόνια
3262 3128 3604 3191 ἐκϐάλλετε,

2011 3217 2265 3286 νεκροὺς
2304 3217 2591 3285 ἐγείρετε⁸
2642 3214 2870 3284 δωρεὰν
2896 3213 3158 3276 ἐλάϐετε,
3195 3212 3422 3279 δωρεὰν
3447 3211 3605 3265 δότε.

2024 3302 2145 3354 Ἐπί
2197 3300 2255 3353 δὲ
2304 3300 2413 3351 τῶν
2444 3296 2741 3370 προφητῶν
2789 3296 2939 3367 παρά
2976 3297 3194 3350 πάντων
3238 3295 3605 3365 ὡμολόγηται,

2011 3385 2093 3438 ὅτι
2131 3382 2445 3452 Πνεύματος
2479 3381 2635 3448 ἀγίου
2673 3381 2821 3442 δόσις
2840 3374 2928 3449 ἦν,
2965 3379 3078 3431 ἀλλ’
3111 3374 3178 3449 ἦν
3207 3377 3343 3449 αὓτη
3386 3380 3418 3446 ή
3452 3380 3610 3448 χάρις

2015 3466 2341 3520 συσταλεῖσα
2384 3465 2478 3516 καὶ
2518 3463 2824 3523 ἀποστᾶσα,
2860 3462 2953 3514 καὶ
3003 3461 3111 3514 ἀπὸ
3150 3460 3251 3530 τῆς
3284 3461 3387 3531 γῆς
3418 3462 3609 3514 ἀπολι-

2013 3550 2191 3603 ποῦσα
2243 3548 2351 3602 ἀπὸ
2398 3548 2496 3616 τῆς
2535 3546 2743 3617 ἡμέρας
2798 3545 3052 3616 ἐκείνης.
3100 3544 3193 3612 ἀφ’
3249 3538 3317 3615 ἦς
3377 3545 3606 3614 ὲρρήθη.

2026 3634 2277 3703 Ἆςρίεται
2316 3635 2349 3685 ό
2401 3626 2568 3694 οἶκος
2608 3626 2778 3697 ὑμῶν
2815 3626 3055 3697 ἕρημος.
3103 3628 3212 3682 Kal
3246 3627 3351 3697 πρὸ
3394 3627 3609 3698 ἐκείνης

2011 3718 2069 3771 δέ
2094 3717 2267 3789 ἀρχὴν
2297 3714 2600 3785 ἐλάμϐανεν
2623 3712 2760 3781 αῦτη
2786 3713 2819 3781 ή
2847 3712 3061 3773 σπάνις.
3088 3711 3203 3763 Οὐκ
3229 3710 3310 3763 ἐτι
3342 3710 3449 3782 γὰρ
3475 3728 3610 3782 προ-

2014 3803 2190 3873 φήτης
2243 3800 2370 3871 παρ’
2405 3798 2587 3859 αὐτοῖς
2636 3790 2747 3873 ἦν,
2780 3794 2901 3846 οὑδέ
2954 3791 3272 3846 ἐπώπτευεν
3320 3793 3497 3847 αὐτῶν
3541 3793 3610 3847 τὰ

2014 3872 2146 3953 ἅγια
2177 3885 2210 3954 ἡ
2244 3883 2403 3953 χάρις
2430 3879 2480 3934 ἀ.
2519 3878 2671 3933 Ἐπεὶ
2702 3872 2796 3931 οὖν
2824 3876 3120 3932 ἀνέσταλτο
3159 3877 3254 3946 μὲν
3291 3875 3353 3928 τὸ
3387 3876 3609 3945 Πνεῦμα

2012 3968 2074 4020 τὸ
2104 3966 2276 4035 ἅγιον.
2314 3962 2506 4035 ἔμελλε
2544 3962 2602 4015 δὲ
2640 3960 2826 4015 λοιπὸν
2867 3958 3145 4030 ἐκχεῖσθαι
3186 3958 3450 4029 δαψιλῶς
3474 3958 3608 4011 ταύ-

2012 4070 2110 4124 της
2135 4052 2192 4105 δέ
2217 4052 2316 4122 τῆς
2347 4047 2609 4119 διανομῆς
2643 4047 2785 4119 ἀρχὴ
2828 4047 2967 4117 μετά
2996 4046 3086 4099 τὸν
3121 4046 3350 4114 σταυρὸν
3377 4047 3604 4114 ἐγίνετο,

2013 4139 2073 4191 οὐ
2105 4136 2263 4208 μόνον
2290 4133 2589 4203 δαψιλείας,
2633 4131 2769 4184 ἀλλὰ
2816 4132 2909 4184 καὶ
2946 4132 3206 4201 μειζόνων
3252 4131 3611 4201 χαρισμάτων

2014 4223 2132 4294 (καὶ
2162 4220 2270 4291 γὰρ
2302 4216 2715 4287 θαυμαστοτέρα
2757 4210 2824 4286 ἦν
2855 4217 2888 4286 ή
2935 4215 3131 4286 δωρεὰ,
3163 4215 3238 4278 ὡς
3280 4216 3410 4267 ὅταν
3442 4214 3604 4285 λέγῃι

2018 4309 2140 4361 Οὐκ
2166 4305 2367 4360 οἴδατε
2413 4302 2587 4355 ποίου
2615 4301 2953 4369 πνεύματός
2989 4298 3139 4372 [501]
3166 4300 3334 4352 ἐστεο
3372 4300 3465 4352 καὶ
3500 4300 3610 4352 πά-

2013 4393 2119 4456 λιν,
2148 4392 2232 4444 Οὐ
2269 4390 2378 4459 γὰρ
2421 4385 2664 4441 ἐλάϐετε
2690 4384 2927 4454 πνεῦμα
2965 4382 3267 4448 δουλείας,
3295 4383 3432 4436 ἀλλ’
3466 4382 3607 4436 ἐλά-

2015 4482 2146 4534 ϐετε
2196 4472 2433 4542 πνεῦμα
2472 4470 2797 4535 υἱοθεσίας.
2853 4470 2961 4521 Kal
2998 4468 3107 4540 γάρ
3150 4468 3200 4520 οἱ
3243 4466 3462 4519 παλαιοὶ
3514 4468 3610 4519 καὶ

2015 4562 2168 4617 αὐτοὶ
2212 4559 2309 4629 μὲν
2360 4554 2576 4624 πνεῦμα
2607 4550 2771 4623 εἶχον,
2808 4551 2988 4614 ἄλλοις
3032 4551 3089 4603 δὲ
3124 4550 3183 4603 οὐ
3231 4552 3526 4620 παρεῖχον·
3556 4551 3608 4603 οε

2014 4646 2073 4700 δὲ
2099 4639 2386 4699 ἀπόστολοι
2427 4636 2692 4708 μυριάδας
2733 4632 3080 4704 ἐνέπλησαν)·
3113 4632 3297 4703 ἐπειδὴ
3345 4630 3440 4685 οὖν
3477 4632 3609 4686 ταύ-

2012 4747 2113 4801 την
2162 4724 2385 4798 ἔμελλον
2432 4721 2728 4791 λαμϐάνειν
2776 4718 2874 4790 τὴν
2912 4718 3093 4788 χάριν,
3130 4715 3285 4801 οὔπω
3320 4717 3379 4769 δέ
3414 4713 3612 4801 ἦνῗδο-

2014 4796 2205 4877 θεῖσα,
2249 4806 2336 4860 διά
2388 4804 2548 4859 τοῦτό
2615 4819 2811 4873 φησιν’
2860 4801 3039 4854 Οὔπω
3084 4799 3195 4868 γὰρ
3244 4796 3324 4870 ἦν
3367 4800 3611 4869 Πνεῦμα

2016 4896 2205 4964 ἅγιον.
2246 4897 2261 4914 ’
2293 4890 2445 4943 Ἑπεί
2466 4883 2557 4941 οὖν
2593 4886 2723 4956 περὶ
2747 4883 2950 4955 ταύτης
2995 4883 3167 4964 λέγων
3196 4884 3294 4954 τῆς
3332 4884 3549 4954 χάριτος
3582 4885 3610 4937 ὁ

2014 4963 2404 5046 εύαγγελιστὴς
2434 4972 2616 5041 ἔλεγεν
2640 4987 2653 4999 ·
2675 4971 2853 5023 Οὔπω
2880 4968 2991 5038 γὰρ
3016 4963 3097 5038 ἦν
3136 4968 3380 5037 Πνεῦμα
3416 4967 3608 5035 ἅγιον,

2014 5060 2281 5120 τουτέστι,
2332 5056 2506 5118 δοθὲν,
2559 5054 2688 5107 ἐπεὶ
2734 5050 2963 5121 Ἰησοῦς
3007 5052 3241 5105 οὐδέπω
3284 5049 3607 5117 ἐδοξάσθη,

2015 5146 2171 5213 δόξαν
2206 5141 2387 5196 καλῶν
2424 5140 2514 5192 τὸν
2558 5137 2810 5207 σταυρόν.
2859 5135 3077 5204 Ἐπειδὴ
3105 5134 3215 5204 γὰρ
3248 5132 3433 5204 ἐχθροί
3468 5127 3612 5203 ἦμεν

2019 5229 2112 5283 καὶ
2136 5222 2515 5298 ἡμαρτηκότες
2559 5222 2654 5273 καὶ
2694 5216 3083 5289 ὑστερούμενοι
3126 5217 3224 5287 τῆς
3268 5216 3473 5287 δωρεᾶς
3514 5215 3610 5298 τοῦ

2018 5296 2172 5377 Θεοῦ,
2224 5311 2319 5363 καὶ
2357 5308 2705 5373 θεοστυγεῖςσ
2747 5306 2781 5374 ή
2827 5304 2882 5357 δὲ
2931 5304 3092 5374 χάρις
3148 5301 3492 5370 καταλλαγῆς
3542 5296 3613 5373 ἦν

2020 5396 2322 5462 ἀπόδειξις’
2357 5392 2527 5464 δῶρον
2559 5389 2617 5443 δέ
2660 5390 2723 5443 οὐ
2767 5391 2879 5451 τοῖς
2928 5386 3161 5458 ἐχθροῖς,
3205 5386 3327 5438 οὐδὲ
3361 5390 3474 5448 τοῖς
3526 5404 3614 5453 μι-

2023 5483 2321 5553 σουμένοις,
2358 5477 2496 5532 ἀλλά
2523 5478 2634 5541 τοῖς
2684 5474 2857 5545 φίλοις
2882 5473 3102 5535 δίδοται,
3140 5471 3234 5524 καὶ
3272 5473 3382 5533 τοῖς
3418 5472 3613 5542 £6119:-

2024 5566 2311 5638 στηκόσιν·
2369 5562 2475 5615 ἔδει
2527 5561 2791 5633 πρότερον
2837 5555 3265 5632 προσενεχθῆναι
3325 5554 3423 5627 τὴν
3474 5555 3615 5627 ὑπὲρ

2022 5653 2179 5725 ήμῶν
2222 5648 2434 5713 θυσίαν,
2467 5646 2562 5700 καὶ
2613 5646 2713 5715 τὴν
2774 5644 2972 5714 ἔχθραν
3014 5644 3071 5725 ἐν
3244 5640 3424 5725 σαρκί
3455 5656 3619 5725 κατα-

2024 5723 2271 5807 λυθῆναι,
2323 5734 2419 5785 καὶ
2471 5728 2726 5799 γενέσθαι
2774 5726 2866 5779 τοῦ
2915 5723 3049 5777 Θεοῦ
3082 5724 3291 5793 φίλους,
3318 5724 3441 5807 Ϋκαὶ
3494 5724 3617 5807 τότε

2026 5805 2210 5873 λαϐεῖν
2239 5816 2337 5889 τὴν
2362 5814 2591 5886 δωρεάν.
2626 5812 2690 5863 Εἰ
2719 5808 2828 5878 γάρ
2849 5808 2943 5861 ἐπὶ⁵
2973 5807 3083 5889 τῆς
3102 5806 3435 5889 ἐπαγγελίας
3459 5805 3619 5889 τοῦτο

2027 5905 2217 5974 γέγονε
2258 5901 2358 5970 τῆς
2419 5897 2554 5969 πρὸς
2585 5892 2837 5965 Ἀϐραὰμ
2860 5932 2875 5956 ,
2917 5888 3096 5960 πολλῷ
3146 5888 3343 5959 μᾶλλον
3388 5888 3479 5940 ἐπὶ
3518 5888 3621 5956 τῆς

2093 6034 2116 6063 ο
2141 6028 2311 6079 Morel.
2335 6025 2530 6088 ῖδρυὸᾒ,
2545 6021 2728 6072 mendo
2749 6018 2880 6070 haud
2901 6016 3052 6069 dubie
3075 6012 3440 6077 typograpbico.
3477 6008 3616 6062 um

2032 6094 2190 6144 αὐτῶν
2210 6092 2272 6140 τὰ
2294 6084 2397 6139 θιῖὰ
2417 6088 2449 6143 ἡ
