4084 6360
503 400 610 455 283

494 520 733 592 χάριτος.
762 515 874 567 Καὶ
900 512 1057 567 τοῦτο
1097 510 1275 580 δηλῶν
1325 514 1352 563 ὁ
1396 509 1608 573 Παῦλος
1643 510 1856 577 ἔλεγεν·
1886 510 1955 562 El
1991 506 2103 577 γὰρ

495 605 563 655 ἐκ
586 602 773 669 νόμου
796 597 1177 665 κληρονόμοι,
1208 594 1527 647 κεκένωται
1562 595 1600 661 ἠ
1650 594 1881 657 πίστις·
1928 595 1960 646 ό
1990 592 2100 661 γὰρ

494 689 680 754 νόμος
728 682 913 751 ὁρτὴν
966 678 1396 748 κατεργάζεται.
1433 680 1498 731 Ὃ
1541 678 1598 729 δέ
1640 677 1811 745 λέγει,
1861 675 2100 729 τοιοῦτόν

497 769 665 820 ἐστιν·
702 763 1095 835 Ἐπηγγείλατο
1115 763 1144 813 ὁ
1168 762 1300 825 Θεὸς
1322 760 1400 831 τῷ
1440 760 1695 831 Ἀδραὰμ
1725 761 1817 812 καὶ
1842 758 1919 829 τῷ
1944 759 2106 828 σπέρ-

500 868 627 921 ματι
676 849 842 901 αὐτοῦ
886 848 1076 900 δώσειν
1115 846 1214 916 τὴν
1259 848 1391 915 γῆν·
1440 845 1555 898 ἀλλ’
1588 842 1796 907 ἀνάξιοι
1829 838 1969 913 ἦσαν
2002 842 2103 911 τῆς

497 932 828 1001 ἐπαγγελίας
866 932 914 984 οἰ
950 930 1182 998 ἔκγονοι,
1219 930 1314 982 καὶ
1362 928 1418 993 ἐξ
1456 929 1671 981 οἰκείων
1699 928 1800 979 οὐκ
1844 925 2105 995 ἠδύναντο

497 1020 862 1087 εὐαρεστῆσαι
911 1016 1108 1068 πόνων.
1166 1016 1265 1067 Διά
1316 1014 1474 1066 τοῦτο
1528 1012 1778 1081 είσῆλθεν
1823 1014 1856 1081 ἡ
1900 1012 2101 1075 πίστις,

499 1103 732 1173 πρᾶγμα
770 1098 1014 1162 εῦκολον,
1042 1099 1127 1150 ἵνα
1156 1099 1255 1168 τὴν
1286 1098 1446 1167 χάριν
1480 1096 1875 1165 ἐπισπάσηται,
1903 1095 1995 1147 καί
2030 1093 2105 1165 μὴ

495 1186 828 1239 διαπέσωσιν
860 1186 913 1236 αἰ
943 1181 1287 1250 ἐπαγγελίαι.
1322 1183 1432 1235 Καὶ
1474 1182 1650 1249 λέγει·
1682 1181 1786 1234 Διά
1830 1180 2006 1233 τοῦτο
2034 1180 2104 1231 ἐκ

497 1270 776 1333 πίστεως.
808 1269 910 1320 ἵνα
934 1266 1084 1320 κατὰ
1111 1265 1307 1334 χάριν,
1341 1268 1426 1331 είς
1449 1264 1514 1317 τὸ
1545 1260 1693 1317 εἶναι
1712 1263 1970 1328 βεϐαίαν
1991 1261 2105 1327 τὴν

496 1352 881 1420 ἐπαγγελίαν.
919 1350 1016 1402 Διά
1041 1349 1200 1402 τοῦτο
1222 1349 1382 1403 Κατὰ
1407 1347 1603 1417 χάριν,
1640 1347 1829 1418 ἐπειδὴ
1869 1346 1928 1410 ἐξ
1955 1344 2105 1415 ἱδρῶ.

496 1453 604 1489 των
629 1436 731 1487 οὐκ
776 1434 1021 1505 ἴσχυσαν.
1066 1434 1222 1497 Τίνος
1267 1434 1323 1485 δὲ
1370 1433 1555 1486 ἕνεκεν
1600 1432 1791 1495 εἰπὼν,
1835 1434 1975 1485 κατὰ
2006 1431 2104 1494 τὰς

496 1520 762 1589 Γραφάς,
833 1519 935 1571 οὐκ
988 1518 1184 1583 ἐπάγει
1242 1517 1337 1573 καὶ
1405 1516 1503 1587 τὴν
1568 1518 1915 1587 μαρτυρίαν;
1981 1515 2101 1567 Ὅτι

495 1603 867 1671 διεφθαρμένη
898 1601 1079 1655 αὐτῶν
1119 1601 1373 1672 ἡγνώμη
1406 1598 1493 1674 ἦν.
1540 1604 1605 1655 Oi
1657 1601 1770 1668 μὲν
1818 1599 1930 1669 γὰρ
1970 1599 2104 1651 ἕλε-

496 1704 635 1755 τον·
672 1681 861 1751 Οὗτός
884 1686 1055 1739 ἐστιν
1093 1688 1125 1739 ό
1164 1684 1508 1753 προφήτης·
1558 1683 1735 1738 ἄλλοι
1763 1682 1832 1737 δὲ
1864 1683 2100 1752 ἔλεγον,

497 1769 585 1821 ὅτι
614 1765 827 1834 Πλιινᾷ
857 1769 962 1821 τόν
988 1769 1179 1837 ὄχλον
1200 1786 1211 1797 ο
1250 1769 1429 1822 ἄλλοι
1473 1768 1541 1821 δὲ
1597 1768 1833 1835 ἔλεγον,
1868 1767 1989 1818 Οὐκ
2034 1764 2101 1816 ἐκ

497 1852 609 1919 τῆς
636 1853 964 1918 Γαλιλαίας·
991 1854 1228 1922 ἔρχεται
1257 1858 1288 1907 ὀ
1310 1852 1587 1921 Χριστὸς,
1610 1852 1771 1905 ἀλλὰ
1798 1848 1917 1905 ἀπὸ
1947 1852 2095 1915 Βηθ-

497 1936 645 2005 λεὲμ
676 1936 788 2005 τῆς
824 1936 1026 2005 κώμης
1049 1953 1063 1966 ’
1105 1936 1283 1990 ἄλλοι
1334 1937 1400 1989 δὲ
1451 1937 1701 2005 ἔλεγον,
1738 1935 1793 1986 Ὀ
1846 1932 2102 2002 Χριστὸς

496 2020 644 2072 ὅταν
681 2020 946 2089 ἔρχηται,
1001 2021 1200 2086 οὐδεὶς
1251 2020 1528 2091 γινώσκει
1575 2021 1760 2074 πόθεν
1804 2019 1967 2073 ἐστί·
2008 2019 2102 2070 καὶ

496 2103 751 2175 διάφορος
780 2100 847 2175 ἦν
878 2106 911 2175 ἡ
944 2104 1159 2174 γνώμη,
1192 2104 1286 2157 ἆτε
1312 2108 1369 2157 ἐν
1405 2104 1598 2176 πλὴθει
1627 2103 2023 2175 τεταραγμένῳ
2049 2113 2097 2153 ιι.

498 2188 633 2241 Οὐδέ
662 2188 769 2259 γὰρ
814 2188 1057 2258 ἀκριϐῶς
1103 2192 1389 2260 προσεῖχον
1430 2190 1542 2253 τοῖς
1593 2189 1931 2259 λεγομένοις,
1979 2185 2101 2238 οὐδὲ

494 2272 590 2325 τοῦ
632 2273 825 2342 μαθεῖν
855 2271 1061 2325 ἕνεκεν.
1099 2273 1198 2325 Διά
1236 2274 1299 2343 δὴ
1340 2272 1500 2325 τοῦτο
1543 2272 1750 2335 τούτοις
1803 2272 1902 2340 μὲν
1951 2269 2101 2323 οὐδὲν

497 2356 870 2427 ἀποκρίνεται.
900 2356 1073 2408 καίτοι
1117 2354 1336 2424 λέγουσι
1361 2376 1369 2384 ·
1404 2357 1500 2423 Μὴ
1528 2356 1597 2409 ἐκ
1623 2356 1732 2423 τῆς
1767 2356 2100 2420 Γαλιλαίας

496 2442 530 2493 ό
567 2438 819 2505 Χριστὸς
850 2439 1127 2508 ἑρχεται;
1172 2440 1263 2493 τὸν
1310 2441 1366 2492 δὲ
1419 2439 1712 2513 Ναθαναὴλ
1743 2439 2099 2509 σφοδρότερον

494 2523 717 2577 εἰπόντα
747 2525 841 2576 καὶ
878 2523 1344 2593 πληκτικὼτερον,
1394 2526 1489 2577 Ἐκ
1536 2521 1797 2591 Ναζαρὲτ
1847 2522 2100 2577 δύναταί

495 2625 550 2659 τι
582 2606 807 2675 ἀγαθόν
836 2606 1027 2671 simu;
1062 2608 1326 2679 ἐπῄνεσεν
1358 2607 1432 2670 ῶς
1476 2606 1691 2678 ἀληθῶς
1734 2606 2093 2678 Ἰσραηλίτην.

494 2687 651 2746 Οὐτοι
687 2691 785 2762 μὲν
814 2691 921 2763 γάρ
952 2692 1047 2745 καὶ
1078 2694 1128 2744 οί
1164 2692 1301 2762 πρὸς
1347 2692 1438 2744 τὸν
1480 2692 1789 2762 Νικόδημον
1827 2692 2092 2757 εἰπόντες,

506 2774 875 2841 Ἐρεύνησον
900 2775 998 2827 καὶ
1032 2774 1142 2837 ἴδε,
1172 2773 1262 2827 ὅτι
1306 2776 1374 2827 ἐκ
1422 2773 1530 2841 τῆς
1572 2777 1903 2841 Γαλιλαίας
1951 2791 2094 2841 προ-

492 2858 693 2927 φήτης
724 2860 835 2911 οὐκ
862 2856 1191 2927 ἐγήγερται,
1225 2858 1286 2910 οὐ
1330 2856 1520 2928 μαθεῖν
1571 2857 1857 2927 ζητοῦντες
1888 2858 2093 2925 ἔλεγον,

492 2943 608 2998 ἀλλ’
640 2941 826 3005 ἀπλῶς
857 2941 1161 3011 ἀνατρέψαι
1190 2941 1287 3013 τὴν
1339 2944 1467 3011 περὶ
1520 2943 1611 2995 τοῦ
1649 2945 1884 3015 Χριστοῦ
1915 2943 2091 3008 δόξαν.

505 3027 741 3089 Ἐκεῖνος
785 3027 842 3078 δὲ
884 3026 1141 3095 ἀληθείας
1196 3025 1272 3077 ῶν
1328 3026 1582 3097 ἐραστὴς,
1621 3029 1715 3079 καὶ
1769 3026 1839 3080 τὰ
1888 3028 2095 3081 παλαιὰ

492 3110 736 3179 ἀκριϐῶς
763 3111 939 3163 πάντα
977 3111 1362 3178 ἐπιστάμενος,
1403 3110 1559 3161 τοῦτο
1592 3109 1809 3178 ἔλεγεν-
1848 3113 2002 3165 αὐτοὶ
2038 3112 2095 3165 δὲ

494 3194 632 3264 πρὸς
665 3193 722 3246 ἓν
753 3193 910 3263 μόνον
956 3192 1164 3262 ἐώρων,
1199 3193 1257 3244 τὸ
1301 3193 1598 3262 ἀνατρέψαι
1650 3196 1731 3247 ὅτι
1779 3199 1806 3247 ό
1860 3197 2094 3265 Χριστός

493 3279 630 3329 ἐστι.
667 3276 865 3347 Διόπερ
905 3275 1089 3337 αὐτοῖς
1113 3274 1264 3327 οὐδὲν
1301 3276 1711 3331 ὰπεκάλυπτεν.
1750 3280 1813 3331 Οί
1861 3281 1969 3350 γάρ
2001 3282 2094 3333 καὶ

493 3359 705 3421 ἑαυτοῖς
764 3359 982 3410 ἐναντία
1033 3358 1320 3425 λέγοντες,
1373 3361 1467 3412 καὶ
1521 3362 1651 3414 ποτέ
1708 3362 1838 3431 μὲν,
1882 3363 2094 3429 Οὐδεὶς

492 3444 771 3514 γινώσκει
811 3442 996 3496 πόθεν
1042 3443 1297 3511 ἔρχεται.
1337 3446 1467 3495 ποτέ
1501 3446 1578 3505 δὲ,
1627 3446 1761 3498 Ἀπὸ
1799 3446 2092 3516 Βηθλεὲμ,

493 3528 716 3600 εὐδηλον
739 3529 819 3581 ὅτι
845 3529 936 3581 καὶ
966 3528 1228 3597 μαθόντες
1246 3526 1657 3597 ἠναντιώθησαν
1689 3529 1735 3582 b.
1758 3529 1938 3583 Ἔστω
1961 3533 2087 3602 γὰρ,

490 3613 584 3666 τὸν
616 3612 779 3665 τόπον
814 3612 1060 3681 ἡγνόουν,
1087 3612 1168 3664 ὅτι
1218 3611 1326 3664 ἀπὸ
1375 3611 1643 3681 Βηθλεὲμ,
1691 3613 1778 3665 διὰ
1821 3614 1918 3685 τὴν
1964 3618 2091 3669 ἀνα-

492 3695 733 3768 στροφὴν
756 3696 854 3766 τὴν
882 3697 939 3747 ἐν
962 3695 1215 3766 Ναζαρὲτ
1257 3695 1455 3767 (καίτοι
1493 3697 1613 3749 οὐδὲ
1642 3697 1798 3751 τοῦτο
1840 3702 2088 3769 συγγνώ-

497 3798 604 3851 μην
632 3778 780 3852 [502]
812 3776 985 3849 εἶχεν·
1019 3780 1079 3831 οὐ
1125 3779 1233 3849 γὰρ
1276 3782 1393 3831 ἐκεῖ
1447 3780 1663 3851 ἐτέχθη)
1688 3798 1700 3811 ·
1743 3777 1852 3853 ἆρα
1898 3784 1992 3837 καὶ
2028 3785 2089 3837 τὸ

490 3865 646 3931 γένος
675 3865 922 3932 ἠγνόουν,
946 3864 1028 3916 ὃτι
1055 3863 1111 3928 ἐξ
1141 3863 1292 3915 οἴκου
1327 3864 1420 3917 καὶ
1459 3867 1696 3935 πατριᾶς
1729 3867 1923 3932 Δαυΐδ;
1964 3867 2089 3933 Πῶς

490 3946 585 4003 οὖν
617 3949 820 4017 ἔλεγον,
855 3950 976 4001 Οὐκ
1014 3948 1135 4001 ἀπὸ
1170 3948 1277 4001 τοῦ
1326 3948 1670 4016 σπέρματος
1714 3952 1896 4005 Δαυϊδ
1920 3953 2089 4020 ἕρκε-

491 4049 587 4086 ται
624 4036 657 4085 ὁ
688 4032 981 4099 Χριστός;
1016 4030 1176 4084 Ἀλλὰ
1227 4032 1319 4084 καὶ
1358 4031 1516 4084 τοῦτο
1563 4034 1755 4105 ἐκείνῳ
1800 4037 2089 4091 συσκιάσαι

493 4116 795 4179 ἐδούλοντο,
824 4115 1148 4185 κακούργως
1179 4115 1395 4169 ἅπαντα
1423 4115 1805 4187 φθεγγόμενοι.
1846 4120 2001 4186 Τίνος
2031 4123 2089 4176 δὲ

491 4202 678 4253 ἕνεκεν
701 4201 821 4270 οὐχί
846 4199 1235 4269 προσελθόντες
1267 4194 1420 4252 εἷπον
1436 4216 1449 4230 ’
1495 4200 1712 4273 Ἐπειδὴ
1736 4207 1804 4255 τὰ
1825 4205 1924 4274 μὲν
1954 4206 2089 4261 ἀλλα

493 4285 672 4337 πάντα
697 4283 1073 4353 θαυμάζομεν,
1119 4281 1357 4345 κελεύεις
1393 4281 1452 4335 δέ
1501 4300 1585 4336 σοι
1630 4286 1912 4343 πείθεσθαι
1950 4291 2088 4344 κατά

492 4368 590 4430 τὰς
620 4367 862 4438 Γραφὰς.
898 4366 1039 4427 εἰπὲ.
1070 4365 1186 4429 πῶς
1232 4369 1287 4419 αἱ
1325 4366 1422 4435 μὲν
1453 4367 1669 4438 Γραφαὶ
1711 4370 1977 4438 λέγουσιν,
2004 4377 2088 4428 ὅτι

491 4451 601 4505 ἀπὸ
640 4449 887 4521 Βηθλεέμ
910 4450 991 4502 δεῖ
1026 4449 1117 4501 τὸν
1148 4449 1381 4518 Χριστὸν
1409 4450 1605 4512 ἐλθεῖν,
1652 4452 1718 4506 σύ
1756 4454 1811 4507 δὲ
1850 4457 1957 4511 ἀπὸ
1988 4460 2087 4530 τῆς

492 4534 778 4599 Γαλιλαίας
823 4534 1049 4602 ἀφῖξαις
1096 4532 1234 4585 Ἀλλ’
1271 4533 1423 4587 οὐδὲν
1469 4534 1675 4589 τούτων
1720 4534 1902 4601 εἶπον,
1951 4541 2087 4596 ἀλλά

493 4622 669 4674 πάντα
699 4620 949 4691 πονηρῶς
981 4618 1326 4687 φθέγγονται.
1356 4620 1478 4672 ’Ότι
1512 4620 1621 4691 γάρ
1667 4623 1727 4675 οὐ
1776 4623 2081 4695 ζητοῦντες,

490 4706 612 4758 οὐδέ
659 4706 850 4774 μαθεῖν
884 4702 1218 4773 βουλόμενοι,
1252 4702 1453 4767 εὐθέως
1489 4705 1769 4777 ἐπήγαγεν
1794 4709 1821 4759 ὀ
1852 4711 2085 4779 εὐαγγε-

416 4782 426 4798 ”
466 4787 698 4866 λιστὴς,
733 4789 814 4841 ὅτι
844 4787 1005 4853 Τινὲς
1034 4786 1257 4855 ἤθελον
1283 4786 1493 4840 πιάσαι
1523 4791 1729 4855 αὐτὸν,
1754 4792 1853 4844 καί
1886 4794 2084 4862 οὐδεὶς

492 4872 790 4925 ἐπέϐαλεν
813 4871 906 4924 ἐπ’
932 4873 1119 4923 αὑτὸν
1161 4871 1276 4935 τὴν
1316 4870 1486 4939 χεζοα
1515 4873 1703 4927 αὐτοῦ
1724 4888 1736 4902 ’
1772 4877 1820 4927 εἰ
1855 4880 1963 4947 γὰρ
1993 4886 2084 4933 καὶ

497 4957 663 5027 μηδὲν
692 4955 897 5026 ἓτερον,
946 4954 1105 5006 τοῦτο
1146 4954 1278 5023 γοῦν
1325 4956 1508 5008 ἰκανὸν
1555 4951 1625 5028 ἦν
1672 4959 1750 5021 εἰς
1793 4962 2082 5027 κατάνυξιν

495 5041 691 5102 αὐτοὺς
726 5040 982 5107 ἀγαγεῖν·
1026 5037 1141 5090 ἀλλ’
1179 5040 1239 5091 οὐ
1278 5039 1673 5111 κατενύγησαν,
1712 5042 1892 5108 καθώς
1920 5062 2082 5116 φησιν

490 5126 521 5177 δ
549 5124 859 5193 προφήτης·
892 5122 1360 5190 Διεσχίσθησαν,
1388 5124 1486 5176 καὶ
1523 5126 1595 5178 οὐ
1638 5129 2077 5197 κατενύγησαν.

565 5214 633 5275 γ’.
653 5205 904 5258 Τοιοῦτον
938 5206 1045 5274 γάρ
1078 5206 1110 5273 ἡ
1137 5207 1372 5276 πονηρία
1391 5222 1403 5235 ·
1429 5207 1602 5260 οὐδενὶ
1623 5207 1868 5276 βούλεται
1888 5211 2075 5280 εἴκειν,

494 5290 631 5362 πρὸς
681 5290 739 5343 ἐν
792 5290 978 5359 βλέπει
1033 5294 1226 5360 μόνον,
1272 5288 1415 5343 ὥστε
1458 5292 1549 5343 τὸν
1599 5294 2079 5366 ἐπιϐουλευόμενον

493 5373 724 5427 ἀνελεῖν.
773 5373 934 5427 Ἀλλά
957 5376 1007 5426 τί
1040 5391 1206 5444 φησιν
1238 5376 1270 5443 ἡ
1305 5374 1342 5425 Γ
1348 5377 1494 5446 ραφὴ
1522 5393 1537 5437 ;
1579 5376 1641 5430 '0
1665 5379 1949 5445 ὀρύσσων
1969 5381 2079 5445 ,βό-

494 5461 639 5524 θρον
677 5455 757 5522 τῷ
805 5458 1093 5525 πλησίον,
1135 5460 1221 5523 είς
1264 5458 1454 5511 αὑτὸν
1502 5459 1880 5529 ἐμπεσεῖται·
1943 5464 2078 5537 ὅπερ

496 5543 591 5593 καὶ
629 5542 749 5594 τότε
800 5541 1041 5611 γέγονεν.
1088 5543 1251 5595 Αὐτοὶ
1297 5542 1394 5613 μὲν
1439 5542 1551 5613 γάρ
1594 5545 1873 5601 ὲδούλοντο
1916 5550 2079 5604 αὐτὸν

496 5624 726 5687 ἀνελεῖν,
772 5628 845 5689 ὼς
886 5626 948 5697 δὴ
997 5625 1315 5689 σϐεννύντες
1347 5626 1406 5679 τὸ
1456 5629 1756 5699 κήρυγμα·
1799 5632 1990 5701 γέγονε
2022 5634 2078 5688 δὲ

500 5709 827 5762 τούναντίον.
860 5710 931 5761 Τὸ
966 5711 1064 5779 μὲν
1090 5710 1198 5779 γὰρ
1228 5711 1493 5781 κήρυγμα
1533 5713 1688 5766 ἀνθεῖ
1715 5717 1781 5785 τῇ
1818 5714 1912 5769 τοῦ
1944 5718 2079 5789 Χρι-

501 5790 626 5843 στοῦ
653 5791 834 5861 χάριτι
858 5808 873 5822 ο
921 5794 993 5845 τὰ
1025 5792 1084 5847 δὲ
1118 5795 1339 5848 ἐκείνων
1380 5795 1556 5850 πάντα
1589 5798 1819 5870 ἐσϐέσθη
1846 5803 1939 5855 καὶ
1971 5804 2079 5856 ἀπ-

564 5944 591 6019 ξ
615 5944 786 6019 Μστει.
902 5950 1066 6006 πλήθει
1095 5954 1157 6019 μὴ
1180 5958 1469 6019 τεταγμένῳ.
1534 5957 1565 5999 h
1588 5959 1725 6008 Bene
1755 5960 1965 6011 advertit
1988 5963 2077 6013 Sa-

502 6004 937 6085 ηὶἮε-Ιεᾶεοςξιηη
970 6004 1106 6083 ésge'
1505 6020 1580 6085 cii»t
1591 6004 2075 6085 ἐήέξᾶἷιέέρὲἶίῑῖιῖιι

502 6065 555 6113 ιιι
577 6081 690 6115 mss.
714 6070 936 6118 omnibus
956 6065 1185 6123 omissuin
1211 6084 1305 6125 est.
1331 6065 1439 6128 Μὸχ
1463 6065 1667 6144 (μιήόῶ

1180 390 1541 451 SJOANNIS
1578 382 2070 445 CHRYSOSTOMI
2104 386 2426 449 ARCHIEP.
2465 393 3016 452 CONSTANTINOP.

3670 398 3778 453 9.86

2209 510 2399 572 όλωλε,
2431 513 2525 565 καὶ
2554 513 2810 582 πατρίδος
2835 514 2929 566 καὶ
2959 511 3290 581 ἐλευθερίας,
3324 514 3418 566 καὶ
3450 513 3636 578 ἀδείας
3656 556 3672 579 ,
3703 516 3795 569 καὶ

2209 593 2462 666 λατρείας
2485 595 2760 661 ἐξέπεσον,
2797 598 2890 650 καὶ
2909 597 3090 667 πάσης
3116 598 3570 668 ἀπεστερήθησαν
3594 601 3793 671 εὐημε-

2216 678 2356 747 ρίας,
2393 680 2487 732 καὶ
2510 680 2768 746 γεγόνασι
2793 679 2969 733 δοῦλοι
2991 681 3084 732 καὶ
3118 681 3472 750 αἰχμάλωτοι.
3509 682 3673 734 Ταῦτ’
3704 680 3794 736 οὖν

2211 761 2433 825 εἰδότες,
2469 763 2737 832 μηδέποτε
2781 763 3219 833 ἐπιδουλεύωμεν
3250 764 3490 836 ἑτέροις,
3531 766 3793 836 μαθόντες

2208 848 2290 900 ὅτι
2338 848 2458 901 καθ’
2491 848 2698 902 ἑαυτῶν
2730 849 3012 920 ἀκονῶμεν
3050 850 3111 903 τὸ
3155 847 3325 917 ξίφος,
3363 854 3455 903 καὶ
3489 850 3791 922 βαθυτέραν

2208 932 2419 995 ἑαυτοῖς
2444 932 2692 1002 διδόαμεν
2721 932 2819 1003 τὴν
2848 933 3079 1004 πληγήν.
3130 932 3269 985 Ἀλλ’
3298 932 3536 1004 ἐλύπησέ
3564 951 3668 997 τις.
3702 933 3796 986 καὶ

2212 1013 2391 1083 βούλει
2421 1015 2583 1068 αὐτὸν
2613 1014 2923 1086 ἀμύνασθαι
2949 1034 2962 1082 ;
2986 1017 3077 1089 Μὴ
3108 1018 3310 1090 ἀμύνῃ·
3343 1017 3489 1070 οὓτω
3516 1016 3623 1088 γὰρ
3651 1019 3795 1089 ἀμύ-

2209 1097 2405 1151 νασθαι
2432 1099 2658 1170 δυνήσῃ.
2713 1100 2835 1152 Ἐἀν
2866 1100 2923 1153 δέ
2952 1101 3155 1174 ἀμύνῃ.
3197 1103 3297 1153 οὐκ
3331 1100 3544 1171 ἡμύνω.
3574 1102 3683 1156 Καὶ
3718 1102 3792 1173 μὴ

2206 1182 2433 1253 νομίσῃς
2479 1183 2709 1253 αἴνιγμα
2745 1180 2884 1237 εἶναι
2917 1184 2977 1236 τὸ
3010 1186 3319 1254 εἰρημένον,
3352 1184 3464 1238 ἀλλ’
3496 1184 3669 1256 ἀληθῆ
3707 1184 3794 1237 λό-

2206 1282 2322 1331 γον.
2360 1265 2486 1329 Πῶς
2521 1268 2616 1319 καὶ
2642 1268 2747 1321 τίνι
2793 1268 2981 1339 τρόπῳ
3009 1286 3023 1334 ;
3053 1270 3176 1321 Ὅτι
3206 1271 3268 1322 σὺ
3302 1269 3376 1338 μὴ
3415 1270 3754 1341 ἀμυνόμενος
3775 1312 3791 1334 ,

2204 1349 2298 1401 τὸν
2349 1348 2481 1403 Θεὸν
2538 1349 2687 1421 αὐτῷ
2721 1351 2981 1424 καθιστᾷς
3035 1353 3262 1425 ἐχθρόν’
3314 1353 3657 1424 ἀμυνόμενος
3693 1354 3792 1418 δὲ,

2206 1432 2408 1487 οὐκέτι.
2458 1433 2615 1502 Ἐμοί
2669 1434 2778 1505 γὰρ
2815 1434 3148 1502 ἐκδίκησις,
3201 1436 3314 1505 ἐγὼ
3346 1436 3749 1491 ἀνταποδώσω
3774 1479 3790 1503 ,

2205 1516 2369 1586 λέγει
2395 1518 2629 1585 Κύριος.
2661 1518 2725 1571 Εἰ
2755 1517 2864 1591 γὰρ
2889 1518 3105 1582 οἰκέτας
3133 1519 3350 1591 ἔχομεν,
3392 1520 3493 1574 κᾶν
3534 1521 3669 1594 πρὸς
3700 1521 3794 1574 άλ-

2204 1599 2399 1670 λήλους
2418 1600 2783 1671 διενεχθέντες
2809 1611 2858 1665 ο,
2890 1600 2964 1673 μὴ
2992 1602 3087 1672 τῆς
3109 1601 3262 1672 δίκης
3284 1604 3490 1675 καὶτῆς
3521 1603 3794 1666 κολάσεως

2203 1685 2338 1753 ἡμῖν
2384 1686 2880 1756 παραχωρήσωσιν,
2912 1685 3025 1739 ἀλλ’
3053 1688 3264 1750 ἐαυτοῖς
3296 1688 3654 1759 ἐπιτρέψωσι,
3689 1687 3793 1741 κᾶν

2207 1768 2464 1838 μυριάκις
2486 1768 2878 1838 προσέλθωσιν,
2898 1770 2956 1822 οὐ
2991 1770 3151 1841 μόνον
3172 1773 3272 1825 οὐκ
3290 1774 3627 1844 ἀμυνόμεθα,
3655 1773 3790 1826 ἀλλὰ

2204 1851 2299 1903 καὶ
2326 1851 2764 1920 ἀγανακτοῦμεν,
2798 1853 3073 1924 Δραπέτα,
3110 1854 3359 1923 λέγοντες
3386 1896 3403 1921 ,
3434 1857 3558 1921 καὶ,
3597 1875 3789 1928 μαστιο

2202 1933 2298 2001 γία
2320 1932 2369 1996 ἀ,
2406 1933 2468 1986 τὸ
2497 1936 2605 1987 πᾶν
2625 1937 2759 2006 ἡμῖν
2776 1935 3067 2007 ἐπιτρέψαι
3089 1938 3274 2008 ἐχρῆν·
3309 1939 3496 2010 ἐπειδὴ
3527 1940 3585 1993 δὲ
3609 1940 3793 2011 σαυτῷ

2202 2017 2491 2088 προλαϐὼν
2512 2019 2741 2089 ἡμυνες,
2774 2020 2938 2090 μηδὲν
2968 2021 3173 2090 ἐνόχλει
3203 2021 3415 2075 λοιπόν·
3446 2022 3626 2094 πολλῷ
3652 2024 3790 2094 μᾶλ-

2201 2100 2291 2153 λον
2326 2101 2353 2151 ὀ
2380 2101 2532 2164 Θεὸς,
2567 2103 2595 2155 ό
2627 2103 3005 2173 παραγγείλας
3039 2104 3187 2174 αὐτῷ
3230 2108 3581 2177 παραχωρεῖν
3614 2108 3791 2162 ἀπάν-

2200 2202 2329 2247 των,
2356 2185 2513 2238 τοῦτο
2545 2184 2678 2256 ἐρεῖ.
2712 2186 2834 2249 Πῶς
2858 2187 2966 2259 γάρ
3000 2188 3101 2241 οὐκ
3128 2190 3347 2251 ἄτοπον,
3365 2190 3493 2242 ὅταν
3516 2190 3669 2263 παρά
3691 2193 3791 2262 μὲν

2202 2267 2407 2321 παίδων
2443 2267 2553 2321 τῶν
2591 2270 2883 2341 ἡμετέρων
2911 2272 3179 2342 τοσαύτην
3212 2273 3531 2344 ἀπαιτῶμεν
3570 2274 3789 2343 φιλοσο-

2202 2351 2330 2429 φίαν
2362 2353 2455 2405 καὶ
2486 2352 2735 2422 ὑπακοήν
2760 2370 2771 2382 ·
2794 2354 2872 2424 τῷ
2899 2354 2955 2408 δὲ
2984 2356 3228 2427 Δεσπότῃ
3265 2358 3338 2429 μὴ
3370 2358 3789 2429 παραχωρῶμεν

2200 2427 2275 2486 ὧν
2300 2434 2600 2504 βουλόμεθα
2627 2438 2750 2500 τοῦς
2778 2438 2996 2502 οἰκέτας
3031 2440 3160 2510 ἡμῖν
3186 2427 3533 2511 παραχωρεῖν
3547 2427 3568 2503 V;
3601 2427 3789 2495 Ταῦτα

2198 2517 2255 2570 δέ
2288 2517 2430 2585 λέγω
2451 2558 2466 2577 ,
2515 2519 2603 2574 διὰ
2644 2520 2705 2572 τὸ
2739 2521 3016 2592 πρόθυμον
3050 2523 3204 2594 ὐμῶν
3253 2526 3379 2594 περὶ
3408 2526 3505 2596 τὴν
3539 2525 3788 2597 ἀλλήλων

2199 2602 2420 2655 κόλασιν
2438 2617 2452 2632 ’
2478 2604 2600 2657 ἐπεὶ
2628 2605 2720 2657 τόν
2738 2621 2799 2673 γε
2838 2605 3054 2676 ἀληθῶς
3076 2607 3465 2677 φιλοσοφοῦντα
3484 2608 3602 2662 οὐδέ
3630 2610 3787 2663 τοῦτο

2198 2686 2304 2757 χρὴ
2325 2689 2521 2745 ποιεῖν,
2560 2688 2699 2741 ἀλλά
2733 2689 3125 2757 συγγινώσκειν
3158 2693 3252 2746 καὶ
3281 2693 3495 2760 ἀφιέναι
3520 2694 3588 2745 τὰ
3610 2695 3787 2765 ἀμαρ-

2196 2768 2435 2835 τήματα,
2457 2769 2505 2818 εἰ
2535 2769 2628 2819 καὶ
2655 2767 2729 2837 μὴ
2757 2771 2933 2821 ἐκεῖνο
2958 2766 3025 2841 ἦν
3043 2770 3103 2822 τὸ
3134 2772 3277 2839 μέγα
3310 2771 3559 2833 ἔπαθλον,
3579 2773 3639 2825 τὸ
3658 2774 3787 2841 ἄφες

2199 2861 2283 2895 σιν
2316 2845 2437 2896 ἀντὶ
2465 2845 2669 2899 τούτων
2698 2847 3014 2917 λαμόάνειν.
3050 2850 3111 2901 El
3139 2851 3248 2922 γάρ
3272 2892 3283 2908 ,
3318 2852 3437 2903 εἰπέ
3471 2869 3581 2921 μοι,
3618 2870 3787 2906 κατα-

2196 2926 2491 2994 γινώσκεις
2519 2929 2612 2981 τοῦ
2630 2931 3032 3000 ἡμαρτηκότος,
3050 2934 3194 2996 τίνος
3212 2934 3364 3006 [505]
3383 2935 3565 2989 ἕνεκεν
3580 2936 3674 2988 καὶ
3696 2938 3785 2989 αὐ-

2195 3010 2287 3073 τὸς
2303 3011 2657 3082 ἁμαρτάνεις,
2676 3016 2897 3077 καὶτοῖς
2911 3016 3093 3079 αὐτοῖς
3110 3017 3455 3088 περιπίπτεις
3474 3037 3489 3081 ;
3518 3018 3746 3090 ’Υὸρισε
3766 3034 3781 3083 ;

2198 3096 2289 3165 Μὴ
2318 3096 2678 3168 ἀνθυϐρίσῃς·
2722 3100 2844 3151 ἐπεὶ
2870 3100 3063 3152 σαυτὸν
3096 3100 3347 3171 ὕϐρισας.
3383 3101 3658 3173 Ἔπληξε;
3696 3102 3782 3175 Μὴ

2197 3180 2529 3253 ἀντιπλήξῃς
2551 3200 2563 3213 ο
2595 3182 2718 3235 ἐπεὶ
2752 3184 2811 3236 τὸ
2862 3184 3116 3255 διάφορον
3150 3184 3409 3255 οὐδαμοῦ.
3475 3187 3780 3257 Ἐλύπησε;

2201 3264 2294 3335 Μὴ
2324 3265 2697 3336 ἀντιλυπήσῃς
2720 3283 2731 3293 ·
2771 3268 2894 3319 ἐπεὶ
2930 3269 2991 3321 τὸ
3026 3269 3215 3339 κέρδος
3247 3269 3420 3333 οὐδὲν,
3452 3270 3588 3324 ἀλλά
3618 3271 3775 3341 γέγοσ

2195 3366 2291 3410 νας
2322 3348 2543 3401 ἐκείνων
2584 3360 2607 3387 ο
2639 3348 2801 3401 πάλιν
2826 3351 2956 3413 ἴσος.
2996 3351 3182 3414 Οῦτως
3216 3354 3377 3405 αὐτὸν
3408 3354 3661 3425 ἐντρέψαι
3690 3354 3783 3408 δυο

2194 3436 2333 3501 νήσῃ
2359 3473 2373 3495 ,
2406 3431 2472 3484 ἂν
2508 3432 2645 3501 μετά
2680 3433 2987 3505 πραότητος
3022 3436 3248 3508 ἐνέγκῃς
3278 3439 3536 3502 ἐπιεικῶς
3558 3455 3573 3471 ο
3608 3439 3781 3504 οὕτως

2196 3512 2357 3562 αὐτὸν
2384 3510 2699 3564 καταιδέσαι
2726 3552 2740 3575 ,
2776 3512 2948 3577 οὕτως
2994 3516 3153 3568 αὐτὸν
3194 3518 3421 3588 ἐγκόιῖωαι
3452 3520 3552 3589 τῆς
3585 3521 3775 3591 ὀργῆς.

2193 3592 2383 3656 Οὐδεὶς
2427 3593 2584 3663 κακῴ
2636 3595 2805 3647 κακὸν
2842 3598 3028 3661 ἰᾶται,
3083 3599 3198 3651 ἀλλ’
3238 3601 3424 3671 ἀγαθῷ
3479 3604 3540 3655 τὸ
3574 3605 3769 3658 κακόν.

2193 3677 2378 3730 Ταῦτα
2402 3678 2533 3748 παρ’
2552 3678 2779 3750 Ἕλλησί
2794 3698 2943 3744 τινες
2963 3683 3361 3753 φιλοσοφοῦσιν.
3388 3686 3778 3759 Αίσχυνθῶμεν
3840 3712 3843 3715 ν

2193 3760 2390 3827 τοίνυν,
2427 3763 2474 3814 εί
2500 3764 2627 3832 παρ’
2658 3764 2882 3834 Ἕλλησι
2910 3769 3021 3829 τοῖς
3044 3768 3288 3839 ἀνοήτοις
3311 3769 3577 3840 τοσαύτης
3610 3771 3780 3843 οὔσης

2190 3847 2288 3916 τῆς
2316 3846 2668 3924 φιλοσοφίας,
2708 3850 2868 3918 ἡμεῖς
2908 3852 3165 3916 ἐλάττους
3204 3853 3551 3924 φαινοίμεθα.
3586 3857 3778 3912 Πολλοὶ

2191 3932 2551 4005 ἠδικήθησαν,
2580 3922 2675 3987 καὶ
2718 3937 2955 4006 ἡνεγκαν
2973 3955 2988 3970 ο
3019 3939 3203 3992 πολλοὶ
3232 3922 3769 4014 ἐσυκο-φαντήθησαν.

2194 4019 2295 4071 καὶ
2328 4019 2426 4072 οὐκ
2457 4018 2764 4088 ἡμύναντο⁶
2815 4021 3306 4093 ἐπεϐουλεύθησαν,
3340 4025 3433 4077 καὶ
3475 4026 3775 4097 εὐηργέτη-

2192 4119 2311 4156 σαν.
2343 4103 2474 4165 Δέος
2502 4104 2559 4156 δὲ
2593 4104 2653 4156 οὐ
2685 4104 2900 4174 μικρὸν.
2929 4106 3003 4175 μὴ
3032 4106 3249 4176 μείζους
3275 4108 3431 4178 ἡμῶν
3464 4127 3608 4173 τινες
3644 4110 3773 4182 παρ’

2190 4186 2370 4248 αὐτοῖς
2396 4187 2534 4239 κατά
2557 4186 2648 4239 τὸν
2677 4186 2790 4257 βίον
2814 4188 3101 4259 εὐρεθῶσι,
3127 4192 3221 4244 καὶ
3248 4193 3611 4265 σφοδροτέραν
3643 4196 3773 4267 ἡμῖν

2188 4268 2287 4339 τὴν
2334 4270 2553 4323 κόλασιν
2586 4272 2951 4343 ἐργάσωνται.
2996 4274 3164 4328 Ὅταν
3212 4276 3320 4348 γάρ
3362 4280 3411 4330 οἱ
3459 4279 3773 4349 [Ινεύματος

2192 4354 2619 4423 μετεσχηκότες,
2665 4356 2714 4407 οί
2747 4354 3023 4425 βασιλείαν
3064 4360 3474 4429 προσδοκῶντες
3499 4405 3513 4428 ,
3546 4364 3597 4416 οἱ
3631 4364 3773 4434 ὑπὲρ

2186 4435 2296 4487 τῶν
2324 4436 2568 4506 οὐρανῶν
2599 4437 3035 4508 φιλοσοφοῦντες,
3059 4443 3109 4495 οἱ
3140 4444 3212 4512 μὴ
3238 4443 3536 4509 δεδοικότες
3569 4445 3589 4485 ¹
3619 4449 3772 4516 γέεν-

2187 4536 2304 4577 ναν,
2339 4521 2386 4570 οἱ
2424 4518 2766 4591 κελευόμενοι
2798 4522 3022 4592 ἄγγελοι
3061 4526 3338 4593 γίνεσθαι,
3370 4531 3419 4582 οἱ
3454 4533 3770 4603 μυστηρίων

2185 4603 2554 4668 ἀπολαύοντες
2573 4646 2587 4669 ,
2617 4606 2753 4676 μηδὲ
2781 4610 2862 4670 εἰς
2892 4610 2990 4679 τὴν
3016 4610 3184 4680 αὐτὴν
3214 4612 3445 4677 ἐκείνοις
3474 4615 3769 4687 φθάσωμεν

2185 4688 2405 4756 ἀρετὴν,
2430 4688 2590 4740 ποίαν
2612 4688 2804 4759 ἕξομεν
2826 4693 3157 4764 συγγνώμην
3176 4702 3202 4740 8
3222 4713 3237 4763 ;
3264 4697 3325 4749 Εἰ
3341 4699 3450 4768 γὰρ
3483 4699 3769 4765 Ἰουδαίους

2186 4771 2538 4852 ὐπερόαίνειν
2564 4773 2668 4844 χρὴ
2700 4774 2860 4834 (Εάν
2884 4776 2992 4847 γὰρ
3011 4778 3098 4844 μὴ
3126 4782 3501 4849 περισσεύσῃ
3532 4782 3701 4851 ὑμῶν
3730 4786 3768 4852 ἡ

2183 4851 2561 4916 δικαιοσύνη,
2588 4852 2741 4922 φησί,
2765 4855 2957 4909 πλέον
2979 4854 3096 4909 τῶν
3116 4861 3505 4928 γραμματέων
3526 4862 3628 4915 καὶ
3653 4851 3769 4917 dm?

2175 4936 2451 5024 p¢_cralw_r.
2479 4936 2552 5024 οὐ
2573 4936 2663 5024 μή
2685 4936 3119 5024 είσέλᾷητε-είς
3150 4942 3266 5010 τὴν
3290 4944 3623 5008 ,βασιλείαν
3652 4945 3769 5000 τῶν
3802 4993 3816 5024 γ

2182 5013 2454 5082 οὐρανῶν
2479 5017 2516 5077 ὶ,
2548 5014 2725 5084 πολλῷ
2759 5017 2960 5086 μᾶλλον
2989 5020 3259 5090 ’Έλληνας
3283 5041 3296 5054 ·
3331 5026 3380 5076 εί
3403 5026 3764 5095 Φαρισαίους,

2183 5097 2365 5182 πολλῷ
2393 5098 2591 5167 μᾶλλον
2616 5102 2741 5164 τοὺς
2765 5102 3047 5161 ἀπίστους.
3075 5107 3137 5158 Εἰ
3164 5107 3272 5178 γὰρ
3304 5109 3380 5180 μὴ
3410 5110 3765 5182 ὐπερδάντων

2180 5181 2340 5252 ἡμῶν
2371 5181 2466 5252 τὴν
2498 5183 2719 5238 ἐκείνων
2755 5186 3051 5251 πολιτείαν,
3092 5181 3529 5247 ἀποκέκλεισται
3563 5195 3631 5249 τὰ
3663 5196 3764 5267 τῆς

2183 5264 2481 5351 βασιλείαςν
2520 5267 2649 5321 ὅταν
2683 5270 2779 5323 καὶ
2830 5272 3095 5343 Ἑλλήνων
3142 5275 3463 5347 φαινώμεθα
3505 5264 3759 5351 χείρους,

2180 5349 2298 5437 πῶς
2315 5349 2514 5437 ἕξομεν
2539 5352 2745 5437 ταύτης
2761 5356 3038 5427 ἐπιτυχεῖν
3059 5378 3073 5421 ;
3092 5362 3281 5415 Πᾶσαν
3304 5362 3482 5416 τοίνυν
3510 5349 3756 5437 πικρίαν,

2180 5433 2493 5518 καὶ-ὀργὴν,
2528 5436 2622 5489 καὶ
2655 5436 2828 5508 θυμὸν
2861 5441 3203 5513 ἐκϐάλωμεν.
3251 5445 3329 5499 Τὰ
3359 5448 3513 5503 αὐτὰ
3534 5433 3755 5518 λέγειν.

2178 5514 2316 5605 ἐμοί
2332 5516 2467 5605 μὲν-
2486 5520 2597 5605 οὑῌκ
2625 5519 2906 5605 ὀκνηρὸν,
2934 5525 3077 5593 ὑμῖν
3101 5526 3170 5580 δὲ
3192 5528 3484 5597 ἀσφαλές.
3520 5514 3629 5586 Καί
3649 5536 3758 5605 γὰρ

2180 5599 2273 5686 καὶ
2293 5601 2481 5686 ἰατροὶ
2503 5601 2583 5671 τῷ
2611 5603 2759 5672 αὐτῷ
2785 5607 3046 5672 πολλάκις
3072 5610 3309 5681 χρῶνται
3331 5615 3620 5686 φαρμάκῳ.
3648 5599 3757 5671 κσὶι

2177 5684 2339 5753 ἡμεῖς
2362 5685 2424 5737 οὐ
2456 5686 2778 5773 παυσόμεθα
2804 5689 2873 5743 τά
2906 5691 3047 5744 αὐτά
3081 5694 3419 5764 ἐνηχοῦντες,
3451 5684 3755 5773 ἀναμιμνή-

2179 5782 2423 5831 σκοντες,
2453 5767 2816 5839 διδάσκοντες,
2837 5776 3303 5847 παρακαλοῦντες.
3329 5782 3441 5834 Καὶ
3453 5767 3570 5854 γὰρ’
3587 5767 3754 5848 πολῦς

2242 5910 2263 5935 ⁴⁵
2281 5907 2375 5984 Δᾲιέἱί
2398 5909 2725 5984 διαλεχθέντες,
2801 5913 2953 5984 ϐοτη.
2974 5918 3542 5984 δραπέταςειμαστιγῖας.
3570 5924 3753 5984 ἐἘιιί-

2174 5985 2286 6046 ζωχ.
2309 5971 2559 6046 εξορριηὶο
2580 5976 2902 6046 exegplaria,
2923 5971 3016 6046 sed
3040 5971 3301 6046 legendun':
3331 5971 3539 6034 ἐκείνοῦί
3577 5983 3598 6026 Ι
3615 5971 3751 6046 66i-

2176 6030 2637 6105 (Σιληνοί-δεδοικότες
2678 6030 3051 6105 ,υὶτςννὶ-εἰιιοάο
3077 6030 3229 6105 Ιῖιεαε,
3258 6030 3743 6100 θεοιίίιιῖἶοοηῖιίί.

2184 6092 2208 6130 ε
2238 6092 2333 6140 Alii
2360 6095 2585 6145 mserum
2605 6097 2747 6146 ποίαν
2770 6102 2827 6148 εν
2849 6102 3017 6151 ιλπίδα
3043 6092 3374 6171 ἔξοῆιενβίο).
