4084 6360
322 341 423 399 285

322 464 466 514 tebat
492 459 638 527 prius
662 470 776 530 ,pro
815 456 969 511 nobis
1004 454 1183 510 offerri
1225 455 1564 521 sacrificium,
1598 465 1652 510 et
1680 456 1907 510 inimici-

321 552 448 606 tiam
476 552 528 605 in
556 564 717 605 carne
745 549 902 613 solvi,
934 562 1136 619 nosque
1170 547 1261 604 Dei
1288 548 1489 603 amicos
1512 547 1674 614 effici,
1702 556 1757 603 et
1786 558 1911 602 tunc

316 642 518 696 donum
546 641 809 709 accipere.
840 639 971 693 Nam
1002 640 1046 694 si
1087 638 1189 694 hoc
1217 641 1269 694 in
1296 640 1650 709 promissione
1677 640 1908 696 Abrahae

319 732 512 786 factum
542 740 645 796 est,
695 733 863 785 multo
906 732 1073 802 magis
1120 731 1172 785 in
1218 733 1409 801 gratia.
1453 732 1520 787 Et
1547 731 1649 786 hoc
1673 732 1904 787 declarat

316 823 513 879 Paulus
540 823 621 877 his
650 822 860 878 verbis:
892 821 955 878 Si
984 823 1136 888 enim,
1164 824 1252 892 qui
1274 840 1338 878 ea:
1359 824 1485 895 lege,
1514 824 1739 878 Itteredes
1764 834 1902 891 sunt,

313 920 580 972 exinanita
602 928 676 972 est
692 918 818 986 ﬁdes
834 934 854 971 :
871 917 954 971 lea:
976 919 1109 972 enim
1128 919 1258 972 irant
1277 928 1516 989 aperatur
1532 919 1708 988 (Rom.
1737 920 1792 975 4.
1814 921 1901 976 14.

314 1010 437 1081 15);
473 1011 574 1066 hoc
618 1020 722 1077 est,
773 1011 1025 1065 Promisit
1057 1012 1197 1066 Deus
1235 1012 1465 1067 Abrahae
1490 1022 1543 1067 et
1570 1014 1758 1069 semini
1788 1015 1904 1084 ejus

312 1103 561 1158 daturum
584 1117 642 1158 se
673 1112 868 1159 terram
898 1103 1022 1158 :sed
1046 1112 1266 1173 nepotes
1290 1104 1405 1174 ejus
1430 1106 1787 1174 promissione
1814 1107 1901 1162 illa

314 1196 516 1267 indigni
547 1197 715 1260 fuere,
743 1206 802 1252 et
830 1212 896 1252 ex
943 1199 1171 1268 propriis
1214 1199 1485 1255 laboribus
1529 1201 1743 1270 placere
1793 1217 1898 1257 non

312 1300 623 1360 potuerunt.
656 1290 945 1361 Propterea
965 1292 1349 1359 iutravitlides,
1374 1308 1461 1348 res
1490 1293 1678 1360 facilis,
1706 1302 1763 1348 ut
1781 1310 1903 1365 gra-

312 1386 438 1438 tiam
470 1382 785 1445 attraheret,
813 1392 868 1438 et
891 1385 1149 1453 promissa
1178 1399 1284 1439 non
1305 1384 1632 1440 exciderent.
1658 1386 1743 1452 Et,
1772 1386 1900 1442 Ideo

310 1493 373 1529 ex
398 1477 519 1545 ﬁde,
551 1475 703 1542 dicit,
736 1486 791 1530 ut
818 1475 1095 1530 secundum
1119 1477 1338 1547 gratiam
1358 1478 1442 1543 sit,
1460 1489 1612 1548 utque
1634 1480 1899 1548 promissio

310 1569 461 1638 ﬁrma
489 1570 554 1622 sit
586 1568 747 1639 (Ibid.
786 1586 833 1623 υ.
870 1569 981 1639 16).
1016 1568 1139 1624 Ideo
1169 1569 1465 1625 Secundum
1504 1572 1741 1643 gratiam,
1772 1573 1897 1643 quia

310 1660 361 1714 id
386 1661 567 1716 labore
592 1660 894 1731 sudoreque
915 1676 1013 1715 suo
1034 1676 1139 1716 non
1158 1672 1424 1731 poterant.
1452 1662 1560 1717 Cur
1582 1672 1759 1718 autem
1776 1680 1896 1719 cum

309 1753 554 1819 dixisset,
587 1753 891 1808 Secundum
919 1753 1240 1823 Scripturas,
1290 1768 1397 1809 non
1441 1753 1621 1824 adjicit
1662 1756 1901 1810 testimo-

311 1845 494 1899 nium?
522 1845 653 1910 Quia
685 1854 935 1913 corrupta
970 1843 1182 1899 illorum
1210 1845 1476 1900 sententia
1511 1854 1645 1900 erat.
1675 1847 1762 1901 40.
1794 1847 1899 1901 Atii

308 1939 442 1991 enim
470 1938 725 2002 dicebant,
757 1937 861 1992 Hic
888 1948 960 1991 est
986 1938 1076 1992 ille
1102 1938 1379 2008 praplteta;
1402 1938 1490 1992 41.
1525 1937 1619 1991 alii
1646 1939 1893 2004 dicebant,

311 2030 522 2086 Seducit
566 2029 801 2096 turbam;
832 2030 942 2096 alii,
979 2029 1102 2084 Non
1144 2046 1207 2085 ea:
1234 2029 1450 2085 Galilaa
1475 2031 1608 2085 venit
1645 2031 1892 2095 Christus,

310 2122 400 2178 42.
426 2123 515 2177 sed
541 2139 605 2177 ea:
629 2121 922 2177 Bethleltem
947 2124 1092 2189 uico;
1114 2122 1204 2176 alii
1225 2122 1480 2188 dicebant,
1523 2120 1755 2178 Christus
1781 2140 1896 2179 cum

310 2216 515 2280 venerit,
544 2232 687 2268 nemo
715 2216 807 2269 scit
834 2216 970 2268 unde
998 2215 1099 2277 sit;
1128 2224 1183 2269 et
1217 2214 1444 2269 diversa:
1485 2222 1640 2269 erant
1688 2215 1898 2284 opinio-

310 2321 427 2374 nes,
457 2316 514 2360 ut
544 2308 593 2360 in
624 2306 775 2360 turba
821 2306 1064 2361 confusa.
1108 2306 1292 2376 Neque
1322 2306 1462 2382 enim
1493 2305 1650 2361 dictis
1678 2307 1896 2362 adhibe-

309 2396 438 2452 bant
466 2398 722 2463 animum,
755 2412 929 2467 neque
956 2395 1199 2451 discendi
1246 2395 1424 2465 cupidi
1450 2404 1624 2451 erant.
1659 2397 1783 2452 Ideo
1812 2397 1895 2453 his

309 2490 443 2545 nihil
482 2490 790 2560 respondet,
843 2490 944 2544 etsi
992 2490 1252 2553 dicerent,
1300 2488 1565 2559 Numquid
1590 2506 1653 2544 ea:
1682 2489 1896 2544 Galiltea

308 2583 536 2637 Christus
552 2584 713 2647 venit;
735 2582 1117 2637 Nathanaelem
1145 2596 1273 2637 vero
1288 2581 1657 2637 vehementius
1673 2590 1727 2637 et
1740 2598 1898 2651 aspe-

307 2678 420 2733 rius
448 2678 736 2740 dicentem,
768 2676 850 2730 Ea;
877 2676 1140 2731 Nasaretlt
1165 2684 1325 2747 potest
1352 2675 1549 2744 aliquid
1580 2676 1695 2729 boni
1722 2676 1895 2730 exire?

309 2770 545 2824 laudavit
567 2779 623 2823 ut
652 2784 779 2823 vere
802 2768 1112 2823 lsraelitam.
1147 2768 1211 2823 Hi
1239 2768 1383 2823 enim
1414 2776 1469 2823 et
1487 2767 1575 2838 qui
1606 2767 1895 2823 Nicodemo

305 2863 575 2927 dicebant,
607 2862 856 2917 Scrutare
880 2871 925 2915 et
954 2861 1086 2927 vide,
1126 2862 1246 2933 quia
1292 2878 1358 2916 ea:
1404 2859 1620 2915 Galilrea
1648 2876 1748 2916 non
1788 2877 1897 2915 sur-

306 2955 435 3008 rexit
472 2955 741 3024 prapheta,
783 2968 890 3007 non
933 2952 1174 3007 discendi
1203 2967 1364 3007 causa
1408 2953 1681 3018 dicebant,
1713 2952 1806 3008 sed
1838 2962 1893 3007 ut

305 3049 613 3119 opinionem
643 3046 712 3102 de
742 3046 956 3101 Christo
1008 3046 1316 3114 rejicerent.
1370 3045 1464 3099 ille
1512 3060 1662 3109 vero,
1708 3054 1893 3114 utpote

304 3143 542 3197 veritatis
560 3154 766 3201 amans,
786 3140 873 3209 qui
902 3146 1079 3193 vetera
1107 3137 1284 3191 omnia
1301 3144 1549 3191 accurate
1568 3146 1770 3203 nosset,
1791 3137 1894 3193 hoc

305 3233 548 3288 dicebat:
576 3232 646 3285 illi
673 3243 851 3286 autem
889 3246 1051 3284 unum
1083 3230 1256 3283 solum
1285 3228 1620 3299 spectabant,
1654 3241 1710 3283 ιιι
1737 3230 1891 3286 evin-

303 3334 489 3380 cerent
517 3327 687 3394 ipsum
729 3338 833 3376 non
878 3337 996 3377 esse
1037 3322 1330 3375 Christum.
1374 3320 1709 3391 Quapropter
1752 3322 1885 3391 ipsis

303 3416 434 3473 nihil
481 3415 758 3473 revelavit.
791 3415 893 3483 Qui
941 3416 1082 3469 enim
1130 3414 1400 3469 contraria
1431 3414 1802 3484 loquebantur,
1836 3424 1892 3470 et

302 3509 486 3573 modo,
522 3507 687 3562 Nemo
711 3507 804 3561 scit
832 3508 967 3559 unde
996 3507 1151 3573 venit,
1185 3504 1368 3573 modo,
1403 3504 1488 3558 Ea:
1511 3504 1803 3559 Belide/tem
1818 3521 1892 3560 ve-

300 3601 398 3665 nit,
428 3598 708 3665 dicebant;
735 3598 946 3653 ctiamsi
978 3596 1312 3662 didicissent,
1340 3595 1721 3650 contradicturi
1751 3594 1889 3649 haud

300 3694 467 3749 dubie
505 3702 679 3748 erant.
713 3693 842 3747 Esto
886 3694 1052 3757 enim,
1085 3686 1260 3743 locum
1292 3689 1619 3758 ignorarent,
1651 3687 1794 3759 quod
1824 3704 1892 3743 ex

301 3788 619 3844 Bethlehem
665 3793 830 3850 esset,
880 3784 1003 3853 quia
1047 3783 1099 3837 in
1130 3779 1396 3835 Nazaretlt
1436 3789 1679 3836 versatus
1722 3779 1893 3834 fuerat

303 3882 571 3953 (quamvis
603 3879 706 3934 hoc
734 3877 890 3933 venia
935 3876 1152 3945 dignum
1181 3890 1286 3929 non
1316 3882 1488 3939 esset;
1538 3888 1713 3943 neque
1748 3873 1890 3928 enim

303 3977 377 4031 ibi
404 3983 561 4030 natus
586 3973 759 4046 erat);
793 3986 919 4027 num
949 3985 1117 4041 genus
1146 3980 1361 4039 quoque
1387 3966 1720 4037 ignorabant,
1748 3965 1891 4036 quod

301 4079 448 4126 esset
466 4085 536 4126 ex
562 4068 723 4124 domo
743 4075 798 4122 et
820 4065 1020 4120 familia
1055 4061 1257 4118 David?
1279 4057 1566 4125 Quomodo
1591 4075 1720 4130 ergo
1746 4060 1894 4114 dice-

302 4160 453 4227 bant,
484 4162 666 4215 Annon
703 4175 767 4213 ea:
790 4158 979 4213 semine
1006 4156 1173 4209 David
1198 4156 1332 4208 venit
1358 4152 1626 4207 Christus?
1654 4150 1758 4208 Sed
1792 4151 1893 4207 hoc

304 4253 396 4308 illo
422 4252 582 4307 modo
607 4251 860 4321 obtegere
898 4247 1171 4311 volebant,
1212 4259 1278 4299 ac
1318 4243 1683 4299 fraudulenter
1710 4241 1891 4296 omnia

303 4346 676 4417 loquebantur.
704 4344 809 4400 Cur
828 4351 1006 4398 autem
1026 4354 1129 4395 non
1151 4346 1496 4395 accesserunt
1517 4336 1707 4390 dicturi
1727 4357 1739 4391 :
1758 4337 1891 4389 Cum

303 4447 497 4509 eadem
526 4437 703 4493 omnia
732 4435 1081 4496 admiremur,
1103 4430 1400 4501 iubeasque
1418 4429 1561 4484 credi
1583 4427 1675 4482 tibi
1703 4441 1887 4481 secun-

298 4529 432 4584 dum
454 4529 779 4597 Scripturas,
807 4526 893 4580 dic
917 4540 1015 4580 cur
1045 4524 1336 4592 Scriptura:
1373 4520 1558 4575 dicant
1582 4535 1648 4574 ex
1675 4519 1893 4574 Bethle-

304 4621 429 4675 hem
460 4620 726 4675 Christum
765 4633 885 4674 esse
916 4626 1227 4681 venturum;
1262 4621 1316 4667 tu
1351 4622 1529 4667 autem
1570 4628 1637 4666 ex
1675 4611 1891 4667 Galiltea

304 4712 539 4767 venisti?
568 4713 638 4765 At
667 4710 800 4765 nihil
831 4710 1022 4764 horum
1048 4708 1323 4771 dixerunt,
1354 4721 1538 4760 verum
1562 4705 1741 4759 omnia
1774 4718 1889 4757 ma-

302 4806 450 4876 ligno
476 4804 656 4858 animo
676 4801 1143 4858 causificabantur.
1186 4798 1339 4866 Quod
1382 4798 1524 4852 enim
1552 4797 1759 4851 discere
1785 4812 1889 4850 non

303 4906 613 4971 qumrcrent
656 4904 748 4950 aut
772 4895 988 4959 vellent,
1018 4895 1196 4949 statim
1225 4891 1490 4962 significat
1518 4890 1842 4960 evangelista
1873 4908 1886 4944 :

306 4995 393 5049 44.
422 4992 647 5061 Quidam
674 4989 901 5045 uolebant
930 4987 1305 5057 apprehendere
1322 5002 1457 5047 eum,
1479 4985 1568 5039 sed
1593 5000 1738 5039 nemo
1758 4985 1891 5036 misit

308 5104 457 5158 super
494 5086 641 5140 illum
670 5099 872 5138 manum
919 5099 1082 5133 siuna.
1113 5079 1245 5134 Nam
1273 5081 1373 5132 etsi
1421 5077 1552 5131 nihil
1582 5077 1745 5141 aliud,
1790 5077 1892 5131 hoc

307 5179 495 5233 saltem
546 5178 665 5232 illos
719 5188 1080 5244 compuugcre
1127 5170 1446 5225 delmisset:
1491 5168 1585 5223 sed
1617 5184 1723 5223 non
1768 5178 1893 5222 sunt

304 5272 635 5341 compuncti,
670 5280 725 5323 ut
754 5269 829 5323 ait
859 5268 1117 5338 propheta
1151 5282 1166 5320 :
1204 5262 1446 5334 Dissipati
1473 5271 1610 5328 sunt,
1639 5278 1731 5316 nec
1757 5278 1895 5318 cout-

306 5365 481 5435 punctt'
505 5361 675 5431 (Psal.
707 5361 795 5417 54.
822 5359 937 5428 15).

376 5458 433 5512 3.
474 5454 689 5509 Malitia
712 5453 993 5507 character.
1037 5448 1239 5504 Malitia
1270 5447 1567 5502 Judteorum
1591 5447 1716 5517 ipsis
1742 5445 1894 5500 exitio

308 5553 425 5621 fuit.
474 5548 712 5602 Inimicos
756 5545 1007 5617 quomodo
1048 5544 1224 5596 ulcisci
1262 5550 1511 5611 oporteat.
1551 5540 1750 5595 Malum
1791 5557 1895 5594 non

304 5640 468 5706 malo,
494 5638 584 5694 sed
607 5639 738 5692 bono
764 5647 994 5690 sanatur.
1014 5664 1087 5675 —
1116 5632 1428 5703 llujusmodi
1457 5633 1597 5689 enim
1625 5641 1711 5688 est
1736 5632 1892 5687 mali-

310 5732 415 5785 tia:
448 5730 650 5786 nemini
694 5728 809 5782 vult
856 5728 1071 5792 cedere,
1121 5740 1285 5780 unum
1335 5726 1511 5781 solum
1553 5725 1792 5795 respicit,
1838 5734 1896 5779 ut

311 5837 439 5879 eum
469 5821 680 5894 perdat,
708 5820 795 5875 cui
824 5819 1120 5873 insidiatur.
1142 5815 1247 5871 Sed
1272 5816 1399 5885 quid
1428 5816 1556 5873 dicit
1581 5816 1892 5887 Scriptura?

642 5919 911 5979 PATROL.
958 5921 1072 5979 Cn.
1125 5920 1283 5981 LIX.

1457 345 1525 399 ΙΝ
1560 343 1872 401 JOANNEM
1912 341 2145 399 "OM"...
2187 343 2272 398 LI.
2311 343 2383 398 al.
2425 342 2486 398 L.

3500 358 3605 416 2.98

2023 454 2127 518 Qui
2141 456 2270 525 fodit
2295 458 2490 526 foueam
2506 457 2757 526 proximo,
2778 457 2830 512 in
2845 476 2957 514 eam
2972 462 3156 516 incidet
3169 462 3351 531 (Prov.
3377 467 3467 523 26.
3487 473 3604 542 27).

2014 546 2165 611 Quod
2198 554 2323 601 tunc
2349 549 2508 603 etiam
2537 550 2778 620 contigit.
2809 551 2886 606 llli
2931 568 3160 625 namque
3187 555 3360 626 ipsum
3395 559 3604 615 interli-

2013 651 2137 692 cere
2165 638 2433 704 volebant,
2464 648 2519 694 ut
2548 641 2981 710 przedicationem
3008 645 3321 703 abolerent:
3352 651 3446 706 sed
3467 667 3603 709 con-

2014 728 2234 782 trarium
2260 731 2460 785 evenit.
2511 731 2828 790 Praedicatio
2876 750 3106 807 namque
3133 754 3229 809 per
3252 740 3451 799 Christi
3480 761 3604 816 gra-

2012 817 2139 872 tiam
2171 819 2344 887 lioret,
2376 821 2587 876 illorum
2616 837 2744 879 vero
2774 826 2952 882 omnia
2978 829 3239 885 exstincta
3275 842 3401 888 sunt
3427 846 3479 890 et
3508 852 3601 905 pe-

2010 909 2238 976 rierunt,
2268 921 2428 981 atque
2450 914 2523 968 illi
2549 915 2740 984 patria,
2779 913 3026 976 libertate
3053 929 3107 975 et
3136 922 3281 979 cultu
3320 940 3419 980 suo
3448 932 3598 981 exci-

2009 1000 2224 1068 derunt,
2256 1013 2417 1074 atque
2436 1007 2583 1060 omni
2618 1005 2868 1064 felicitate
2896 1011 3107 1083 privati,
3139 1015 3281 1069 servi
3316 1027 3373 1072 et
3399 1020 3596 1088 captivi

2008 1092 2132 1149 facti
2161 1106 2304 1151 sunt.
2331 1098 2457 1154 Haac
2483 1114 2603 1154 cum
2641 1102 2892 1165 sciamus,
2920 1121 3208 1178 numquam
3234 1110 3352 1167 aliis
3380 1113 3599 1169 insidie-

2006 1202 2145 1255 mur,
2177 1192 2328 1259 gnari
2371 1207 2469 1246 nos
2516 1204 2702 1250 contra
2733 1199 3091 1269 nosmetipsos
3118 1202 3349 1274 gladium
3375 1220 3593 1276 acuere,

2004 1288 2059 1334 et
2080 1281 2476 1350 profundiorem
2506 1286 2659 1342 nobis
2688 1288 2926 1359 inﬂigere
2949 1292 3174 1364 plagam.
3194 1293 3299 1351 Sed
3327 1305 3378 1352 te
3402 1298 3597 1370 aliquis

2003 1372 2157 1442 laesit,
2192 1384 2249 1432 et
2273 1380 2354 1436 vis
2381 1382 2526 1437 illum
2554 1384 2771 1440 ulcisci?
2800 1385 2877 1441 Ne
2901 1386 3197 1457 ulciscaris,
3227 1399 3282 1446 et
3309 1391 3387 1448 sic
3407 1393 3594 1451 ulcisci

2005 1472 2227 1535 poteris.
2275 1472 2331 1527 Si
2380 1475 2676 1543 ulciscaris,
2706 1494 2816 1534 non
2847 1480 3143 1538 ulcisceris.
3174 1482 3283 1540 Nec
3309 1495 3461 1555 putes
3489 1488 3591 1543 hoc

2002 1561 2230 1631 aenigma
2262 1580 2401 1632 esse,
2437 1569 2530 1623 sed
2560 1586 2742 1626 verum
2773 1582 2875 1628 est.
2905 1573 3187 1642 Quomodo
3211 1586 3265 1632 et
3287 1594 3389 1650 qua
3428 1582 3592 1636 ratio-

2003 1655 2106 1708 ne?
2131 1658 2264 1723 Quia
2292 1660 2338 1714 si
2360 1676 2466 1717 non
2503 1663 2795 1730 ulciscaris,
2827 1667 2991 1722 Deum
3023 1668 3123 1739 ipsi
3159 1670 3429 1727 inimicum
3456 1688 3585 1729 cons

2001 1746 2206 1814 stituis;
2229 1750 2274 1803 si
2297 1751 2590 1821 ulciscaris,
2611 1769 2717 1810 non
2742 1756 2888 1812 item.
2912 1757 3066 1824 Nam,
3092 1760 3225 1815 Mihi
3244 1762 3482 1830 vindicta,
3497 1781 3587 1836 ego

2001 1838 2293 1905 retribuam,
2320 1842 2447 1896 dicit
2472 1842 3018 1918 Dominus(Rom.12.
3044 1849 3136 1905 19.
3173 1850 3327 1905 Deut.
3355 1853 3441 1909 52.
3469 1856 3575 1925 55)-

2000 1927 2130 1983 Nam
2163 1933 2206 1985 si
2236 1948 2423 1988 servos
2449 1934 2743 1994 habeamus
2768 1940 2855 2011 qui
2875 1952 3060 1996 mutuo
3086 1944 3351 2008 rixentur,
3374 1961 3471 2002 nec
3489 1963 3589 2003 no-

2000 2019 2082 2075 bis
2112 2021 2401 2080 ulciscendi
2424 2038 2605 2097 partes
2629 2030 2946 2097 concedant,
2979 2034 3072 2090 sed
3099 2035 3236 2090 sibi:
3266 2038 3369 2092 etsi
3392 2041 3591 2108 saepius

2000 2126 2100 2166 nos
2127 2125 2336 2185 rogent,
2368 2135 2474 2172 non
2506 2121 2666 2176 modo
2696 2138 2802 2177 non
2827 2124 3157 2192 ulciscimur,
3190 2127 3286 2183 sed
3316 2130 3476 2184 etiam
3507 2131 3591 2185 in-

2000 2200 2303 2272 dignamur,
2332 2216 2388 2264 et
2412 2209 2662 2279 fugitivos
2682 2214 3062 2286 mastigiasque
3090 2232 3374 2273 vocamus:
3408 2219 3586 2291 Opor-

1997 2295 2143 2351 tebat
2167 2298 2340 2365 enim,
2364 2299 2622 2369 dicimus,
2651 2313 2712 2359 ut
2741 2314 2917 2362 totum
2959 2309 3116 2365 nobis
3147 2311 3423 2381 deferres;
3465 2318 3582 2383 sed,

1993 2387 2124 2457 quia
2172 2390 2405 2460 teipsum
2446 2395 2594 2452 ultus
2640 2412 2721 2463 es,
2756 2414 2825 2453 ne
2864 2400 3172 2456 moleStiam
3220 2405 3359 2458 ultra
3394 2422 3580 2476 crees;

1999 2478 2168 2533 multo
2192 2480 2361 2551 magis
2387 2482 2547 2549 Deus,
2573 2484 2662 2555 qui
2688 2487 2960 2556 praecepit,
2990 2498 3050 2542 ut
3090 2488 3193 2545 sibi
3237 2492 3414 2547 omnia
3439 2508 3590 2550 com-

1999 2568 2351 2637 mitteremus,
2382 2572 2433 2626 id
2457 2572 2695 2630 dicturus
2722 2586 2823 2631 est.
2852 2576 3130 2645 Quomodo
3158 2579 3447 2638 absurdum
3478 2600 3584 2640 non

1998 2656 2178 2728 fuerit,
2198 2676 2323 2717 cum
2346 2678 2375 2717 a
2405 2667 2577 2721 servis
2606 2668 2808 2723 nostris
2830 2668 2968 2725 hanc
2992 2669 3388 2742 philosophiam
3416 2683 3472 2732 et
3498 2678 3588 2733 ob-

1997 2754 2242 2823 mquium
2272 2755 2570 2828 exigamus,
2611 2759 2841 2816 Domino
2882 2778 2986 2818 non
3018 2779 3081 2820 ea
3110 2767 3432 2837 concedere,
3464 2787 3585 2843 qua:

1998 2847 2243 2905 volumus
2265 2865 2297 2905 a
2326 2853 2499 2907 servis
2530 2854 2728 2909 nostris
2756 2856 2980 2911 concedi
3029 2858 3221 2915 nobis?
3258 2861 3385 2917 Haec
3426 2880 3586 2934 porro

1997 2938 2140 3008 dico,
2168 2942 2311 3013 quod
2337 2943 2409 2998 ita
2435 2947 2668 3017 prompti
2699 2948 2815 3002 sitis
2835 2948 2901 3003 ad
2922 2948 3177 3008 ultionem
3201 2955 3584 3025 expetendam.

1995 3030 2129 3087 Nam
2161 3048 2286 3089 eum
2315 3036 2405 3105 qui
2454 3052 2581 3093 vere
2610 3037 3018 3109 philoSOphatur
3049 3043 3099 3097 id
3130 3043 3311 3101 facere
3343 3062 3448 3103 non
3487 3050 3586 3105 de-

1995 3133 2102 3192 cet,
2139 3125 2235 3182 sed
2276 3126 2436 3183 debet
2480 3128 2570 3184 ille
2615 3140 2831 3200 peccata
2874 3130 3144 3189 dimittere
3173 3144 3230 3191 et
3254 3138 3584 3206 condonare,

1996 3216 2205 3271 etiamsi
2233 3234 2340 3274 non
2372 3235 2563 3290 magna
2585 3231 2958 3291 expectaretur
2987 3239 3214 3295 merces,
3245 3238 3585 3296 peccatorum

1996 3325 2190 3379 nempe
2218 3314 2484 3369 remissio.
2528 3314 2659 3370 Nam
2701 3316 2747 3371 si
2788 3316 3011 3373 damnas
3063 3329 3419 3389 peccatorcm,
3467 3339 3584 3389 cur,

1994 3417 2197 3474 quaeso,
2230 3406 2344 3476 ipse
2376 3422 2584 3477 peccas,
2615 3419 2665 3464 et
2694 3410 2746 3465 in
2772 3411 2958 3467 eadem
2979 3413 3297 3472 laberis?Te
3322 3418 3441 3487 quis
3457 3433 3589 3473 con-

1996 3495 2212 3551 tumelia
2249 3496 2459 3553 affecit?
2488 3499 2566 3556 Ne
2593 3503 2971 3557 contumeliam
3002 3503 3287 3574 rependas,
3328 3516 3386 3562 ut
3413 3524 3481 3564 ne
3521 3510 3587 3564 il-

1996 3584 2100 3640 lam
2134 3586 2224 3642 tibi
2255 3587 2354 3657 ipsi
2381 3590 2598 3646 inferas.
2641 3591 2944 3648 Percussit?
2972 3593 3050 3649 Ne
3085 3598 3432 3666 repercutias,
3464 3601 3586 3671 quia

1995 3679 2129 3734 nihil
2161 3679 2284 3735 inde
2316 3682 2556 3738 utilitatis
2588 3686 2869 3755 percipies.
2897 3686 3128 3743 Maerore
3157 3687 3372 3745 affecit?
3394 3690 3474 3748 Ne
3508 3697 3588 3748 vi-

1995 3783 2112 3823 cem
2143 3769 2364 3837 referas,
2394 3774 2517 3843 quia
2544 3774 2676 3829 nihil
2698 3776 2822 3831 inde
2844 3776 2997 3845 lucri,
3022 3778 3117 3833 sed
3147 3778 3223 3835 illi
3249 3781 3439 3839 similis
3462 3800 3582 3840 eva-

1994 3861 2099 3917 dis.
2132 3864 2223 3918 Sic
2247 3864 2396 3920 illum
2421 3865 2648 3924 fortasse
2673 3870 2726 3924 in
2758 3870 3013 3939 pudorem
3035 3872 3310 3942 conjicies,
3336 3879 3381 3932 si
3403 3880 3585 3935 omnia

1996 3966 2279 4013 mansuete
2308 3957 2477 4025 feras;
2510 3960 2590 4015 sic
2616 3961 2668 4016 in
2700 3962 2969 4029 ruborem,
3020 3963 3089 4018 ita
3142 3974 3198 4020 ut
3245 3966 3381 4022 iram
3410 3968 3584 4026 sedet.

1994 4044 2166 4102 Nemo
2185 4047 2383 4103 malum
2408 4050 2547 4105 malo
2569 4060 2743 4116 sanat,
2771 4052 2866 4108 sed
2886 4054 3027 4109 bono
3054 4055 3272 4111 malum.
3295 4057 3422 4115 Haec
3444 4062 3586 4131 apud

1994 4139 2225 4209 gentiles
2251 4140 2493 4196 nonnulli
2538 4142 3001 4213 philosophantur.
3046 4146 3156 4203 Nos
3199 4164 3328 4219 ergo
3368 4151 3579 4223 pudeat,

1996 4230 2138 4300 quod
2171 4231 2345 4286 stultis
2386 4233 2673 4302 gentilibus
2714 4244 2972 4305 quantum
2997 4237 3064 4291 ad
3094 4238 3480 4309 philosophiam
3512 4246 3588 4298 si-

1997 4339 2118 4377 mus
2145 4323 2444 4380 inferiores.
2470 4324 2619 4380 Multi
2651 4340 2836 4381 eorum
2860 4328 3052 4397 injuria
3079 4330 3277 4398 affecti,
3304 4349 3460 4405 atquo
3479 4339 3589 4391 ani-

1998 4430 2086 4468 mo
2113 4414 2381 4478 tulerunt;
2411 4416 2563 4470 multi
2593 4416 2889 4473 calumnias
2919 4434 3025 4473 non
3059 4422 3467 4492 propulsarent;
3498 4427 3584 4482 in-

1997 4506 2253 4562 sidiantes
2291 4506 2553 4562 beneficio
2591 4507 2902 4565 affecerunt.
2943 4511 3367 4585 Timendumque
3393 4527 3478 4572 est
3517 4534 3588 4576 ne

1998 4600 2213 4671 quidam
2241 4614 2305 4655 ex
2338 4600 2442 4655 illis
2470 4600 2591 4655 vita:
2620 4601 2863 4657 instituto
2886 4602 3043 4659 nobis
3070 4608 3467 4675 praestantiores
3496 4626 3588 4665 re-

1998 4688 2294 4763 periantur,
2340 4701 2395 4748 et
2433 4693 2557 4749 hinc
2608 4710 2707 4749 nos
2749 4697 2963 4765 gravius
2991 4697 3308 4767 supplicium
3351 4713 3586 4759 maneat.

1997 4783 2129 4839 Nam
2158 4786 2202 4839 si
2234 4800 2333 4840 nos
2361 4785 2450 4855 qui
2480 4785 2737 4855 Spiritum
2764 4789 3088 4857 accepimus,
3117 4791 3204 4860 qui
3236 4807 3460 4861 regnum
3491 4810 3588 4849 ex-

1995 4887 2318 4947 Spectamus,
2343 4876 2431 4947 qui
2464 4892 2560 4946 pro
2590 4878 2841 4959 cmlorum
2871 4881 3092 4949 praemio
3123 4880 3578 4953 philosophantur,

1996 4974 2084 5043 qui
2112 4973 2412 5043 gehennam
2436 4988 2541 5026 non
2574 4973 2844 5040 timemus,
2870 4973 2961 5042 qui
2982 4974 3153 5044 angeli
3175 4989 3295 5031 esse
3311 4976 3587 5045 jubemur.

1996 5066 2084 5134 qui
2118 5065 2492 5136 mysteriorum
2522 5064 2809 5133 participes
2855 5080 3063 5133 sumus,
3107 5081 3214 5123 non
3246 5068 3369 5125 illos
3394 5072 3590 5129 virtute

1996 5157 2337 5227 attingamus,
2368 5171 2530 5225 quam
2558 5170 2951 5225 consequemur
2978 5157 3187 5212 veniam
3208 5157 3266 5212 ίῖ
3292 5159 3501 5215 Etenim
3540 5159 3587 5218 si

1996 5249 2213 5305 Judaeos
2239 5262 2495 5318 superare
2526 5256 2768 5302 tenemur
2808 5247 2971 5316 (Nisi.
3013 5250 3205 5320 inquit,
3253 5249 3590 5305 abundath

1990 5343 2194 5415 justitia
2235 5350 2399 5394 uestra
2438 5340 2553 5410 plus
2580 5326 2733 5409 quam
2776 5341 3056 5394 scribarum
3085 5350 3133 5394 et
3180 5339 3583 5408 Pharisaeorum,

1997 5451 2099 5490 non
2114 5432 2366 5488 intrabitis
2386 5432 2439 5485 in
2461 5447 2671 5502 regnum
2694 5430 2932 5484 calorum
2968 5429 3178 5503 [.llatth.
3205 5431 3258 5486 5.
3281 5429 3428 5504 30]);
3449 5433 3579 5487 mul~

1999 5537 2055 5584 to
2082 5529 2250 5598 magis
2284 5526 2535 5597 gentiles;
2565 5525 2608 5579 si
2643 5522 2960 5589 Pharismos,
2994 5523 3161 5576 ntulto
3189 5524 3357 5593 magis
3397 5524 3584 5580 inlide-

2002 5621 2100 5678 les.
2132 5621 2264 5676 Cum
2294 5620 2458 5685 enim,
2491 5618 2594 5672 nisi
2647 5617 2766 5671 illos
2811 5630 3143 5685 superemus,
3178 5630 3402 5686 regnum
3433 5616 3584 5673 nobis

2067 5823 2081 5853 ¹
2121 5818 2216 5869 Alii
2233 5820 2474 5878 inserunt,
2498 5828 2645 5879 quam
2664 5827 2798 5877 spem
2817 5825 3064 5880 possumus
3085 5812 3262 5867 habere
3284 5812 3312 5865 ?

3141 5919 3215 5980 18
