4084 6360
485 361 582 415 ΞΒἹ

481 476 721 528 clausum
770 470 871 534 sit;
924 468 967 522 si
1012 464 1297 537 gentilibus
1328 462 1538 533 pejores
1582 460 1772 522 simus,
1804 458 2072 528 quomodo

482 566 585 623 hoc
608 567 781 637 ipsum
802 576 1019 632 regnum
1041 556 1464 627 consequemur?
1484 556 1710 610 Omnem
1733 555 1911 623 itaque
1932 567 2073 606 acer-

484 659 728 721 bitatem,
760 657 912 721 iram,
939 654 1170 707 furorem
1202 650 1494 718 ejiciamus.
1526 646 1721 702 Eadem
1739 647 1926 711 dicere,
1950 644 2073 698 mihi

480 751 682 822 quidem
704 765 803 803 non
830 746 1118 811 molestum,
1147 742 1281 797 vobis
1301 752 1465 794 autem
1488 748 1647 793 tutum
1675 736 1897 811 (Philip.
1925 736 2073 803 5.1).

483 843 617 896 Nam
666 839 858 895 medici
900 838 1087 892 eodem
1120 836 1236 907 ipso
1266 848 1407 902 szepe
1453 839 1674 886 utuntur
1704 827 1976 884 remedio.
2006 827 2075 881 Et

484 947 582 987 nos
609 947 715 988 non
747 930 907 984 linem
936 928 1191 983 faciemus
1237 923 1425 980 eadem
1452 920 1740 985 clamandi,
1772 932 2075 973 memoran-

489 1027 563 1090 di,
594 1023 842 1086 docendi,
878 1020 1149 1075 hortandi.
1175 1017 1309 1074 Nam
1337 1015 1500 1071 multa
1529 1023 1612 1069 est
1636 1012 1968 1068 saecularium
1991 1025 2077 1064 re.

1223 352 1277 408 S.
1320 341 2105 406 JOANNIS'CHRYSOSTOMI
2146 342 2459 397 AltClllEP.
2499 341 3029 399 CONSTANTINOP.

2176 474 2293 512 rum
2327 458 2499 526 turba,
2523 474 2641 531 qua:
2660 461 2709 513 in
2739 460 2927 515 horum
2956 462 3274 517 oblivionem
3296 465 3563 533 conjiciat,
3586 482 3648 521 ac
3667 470 3759 521 du-

2175 552 2346 605 ctriua
2373 551 2633 620 frequenti
2660 563 2740 605 est
2769 568 2924 621 Opus.
2952 554 3028 607 Ne
3058 569 3185 624 ergo
3210 554 3313 609 huc
3338 555 3529 611 frustra
3560 572 3760 612 conve-

3658 350 3760 402 288

2181 643 2411 707 niamus,
2436 657 2599 712 opera
2626 643 2975 699 exhibeamus
3005 646 3161 709 bona,
3197 656 3255 700 ut
3280 647 3451 700 futura
3477 647 3612 701 bona
3631 663 3759 702 con-

2176 748 2485 803 sequamur,
2530 735 2699 805 gratia
2744 744 2800 789 et
2828 735 3153 805 benignitate
3199 736 3408 791 Domini
3439 739 3603 793 nostri
3633 738 3759 794 Iesu

2175 826 2395 892 Christi,
2436 842 2531 896 per
2557 842 2715 897 quem
2759 836 2812 881 et
2840 843 2960 883 cum
2993 845 3099 898 quo
3129 829 3269 883 Patri
3301 830 3464 898 gloria
3496 830 3761 899 simulque

2178 919 2398 989 Spiritui
2428 929 2631 986 sancto,
2666 935 2807 974 nunc
2832 932 2886 975 et
2912 936 3145 991 semper,
3167 934 3220 978 et
3248 925 3296 976 in
3320 925 3510 978 saecula
3540 928 3762 980 szeculo-

2178 1025 2318 1064 rum.
2348 1012 2540 1065 Amen.

508 1151 3125 1179 Mm

1815 1223 2163 1285 HOMILIA
2206 1226 2331 1287 LII.

494 1384 618 1438 CAP.
659 1385 710 1436 7.
742 1384 907 1437 v.45.
946 1382 1195 1435 Venerunt
1235 1396 1353 1449 ergo
1394 1376 1609 1432 ministri
1634 1373 1701 1427 ad
1729 1372 1990 1442 pontiﬁces
2018 1379 2065 1423 et

568 1475 860 1529 Pharisn’os
888 1516 898 1535 ,
928 1473 1234 1527 etdixerunt
1260 1472 1331 1524 eis
1357 1471 1435 1523 illi
1465 1486 1483 1523 :
1515 1468 1692 1535 Quare
1720 1462 2076 1519 norundduxi-

560 1570 651 1621 stis
675 1568 831 1621 eum?
859 1567 946 1622 46.
975 1565 1361 1635 Responderunt
1388 1562 1606 1616 ministri
1633 1577 1650 1613 :
1682 1558 1978 1626 Numquam
2002 1557 2077 1611 sic

561 1660 799 1730 loquutus
828 1668 900 1713 est
925 1658 1075 1711 homo
1105 1666 1158 1710 ut
1200 1657 1281 1710 hic
1302 1656 1477 1711 homo.

563 1757 615 1809 1.
661 1754 881 1807 Veritate
920 1752 1051 1806 nihil
1076 1751 1260 1805 clarius
1283 1790 1299 1817 ,
1342 1748 1473 1803 nihil
1518 1744 1815 1812 simplicius.
1844 1773 1916 1785 ——
1937 1742 2079 1798 Nihil

490 1847 715 1903 veritate
763 1844 981 1910 clarius,
1026 1843 1161 1897 nihil
1205 1841 1517 1910 simplicius,
1566 1839 1668 1895 nisi
1709 1853 1806 1894 nos
1851 1836 2082 1905 maligne

495 1944 715 2009 agamus
742 1953 756 1991 :
784 1936 877 1991 sed
908 1936 950 1990 si
974 1936 1204 2005 maligne
1230 1948 1329 1989 nos
1347 1947 1613 2000 geramus,
1637 1930 1768 1985 nihil
1785 1929 2072 1984 difﬁcilius.

497 2034 637 2087 Ecce
659 2029 916 2086 Pharisaei
946 2037 1001 2084 et
1024 2029 1237 2092 scribae,
1262 2029 1350 2099 qui
1378 2024 1733 2095 sapientiores
1779 2038 1900 2079 esse
1929 2021 2079 2076 vide—

493 2124 710 2189 bantur,
744 2123 832 2190 qui
862 2136 984 2177 cum
1015 2120 1230 2176 Christo
1260 2134 1473 2188 semper
1496 2125 1672 2184 erant,
1704 2116 1825 2186 quia
1860 2114 2082 2169 insidias

492 2217 568 2270 illi
596 2215 896 2279 struebant,
930 2214 1055 2266 licet
1083 2212 1338 2266 miracula
1362 2209 1610 2265 viderent
1638 2250 1653 2275 ,
1682 2208 1810 2263 licet
1836 2206 2081 2275 Scriptu-

494 2323 583 2364 ras
602 2308 860 2379 legerent,
892 2305 1025 2361 nihil
1052 2305 1203 2369 lucri,
1235 2303 1328 2358 sed
1353 2303 1574 2357 multum
1597 2299 1779 2356 damni
1806 2300 2040 2353 tulerunt
2066 2315 2079 2350 :

495 2400 724 2462 ministri
756 2414 886 2453 vero
910 2438 927 2463 ,
956 2398 1057 2453 etsi
1090 2397 1195 2451 illis
1227 2395 1477 2449 omnibus
1506 2402 1779 2471 expertes,
1820 2407 1927 2446 una
1954 2405 2084 2445 cou-

495 2496 651 2549 cione
678 2492 816 2561 capti
846 2500 973 2548 sunt
1004 2508 1017 2543 :
1051 2500 1105 2544 et
1128 2488 1217 2559 qui
1249 2487 1316 2542 ad
1344 2487 1496 2542 illum
1542 2483 1883 2540 vinciendum
1915 2498 2081 2538 vene-

496 2594 639 2652 rant,
669 2583 1023 2639 admiratione
1052 2582 1213 2635 vincti
1242 2579 1536 2635 redierunt.
1565 2577 1682 2632 Non
1711 2576 1923 2631 illorum
1952 2591 2083 2645 pru-

498 2678 678 2734 dentia
702 2685 907 2730 tantum
948 2671 1259 2729 admiranda
1287 2678 1404 2737 est,
1436 2669 1576 2739 quod
1600 2668 1766 2739 signis
1796 2682 1900 2721 non
1947 2680 2082 2734 opus

501 2768 816 2832 habuerint;
861 2766 956 2821 sed
985 2765 1143 2820 etiam
1184 2764 1326 2833 quod
1371 2763 1482 2816 sola
1512 2760 1753 2815 doctrina
1796 2759 1936 2827 capti
1982 2761 2088 2811 sint

498 2862 633 2929 (non
666 2858 917 2912 dixerunt
944 2857 1109 2919 enim,
1137 2854 1305 2908 Nemo
1335 2868 1584 2921 umquam
1612 2859 1757 2905 tanta
1783 2849 1957 2905 edidit
1983 2850 2083 2902 mi-

499 2952 681 3005 racula
707 2967 721 3014 ;
750 2948 843 3004 sed
869 2948 1036 3018 quid?
1072 2946 1238 3002 Nemo
1282 2962 1521 3015 umquam
1550 2944 1621 2998 sic
1664 2944 1901 3011 loquutus
1930 2940 2038 3011 est)
2071 2958 2082 2991 :

504 3059 612 3097 non
639 3056 825 3098 eorum
846 3055 975 3110 ergo
1002 3039 1279 3109 prudentia
1303 3039 1473 3091 solum
1501 3036 1830 3091 admirabilis
1860 3044 1964 3098 est,
1992 3034 2085 3088 sed

502 3139 664 3192 etiam
696 3136 947 3206 loquendi
978 3136 1194 3189 libertas
1216 3176 1232 3200 ,
1280 3131 1422 3202 quod
1455 3133 1568 3185 haec
1615 3132 1676 3184 iis
1706 3130 1796 3199 qui
1840 3143 1900 3184 se
1923 3128 2088 3182 mise-

490 3228 938 3295 rant,-dixerint;
964 3227 1105 3297 quod
1128 3224 1411 3280 Pharismis
1432 3224 1605 3293 ipsum
1633 3221 2086 3291 impugnantibus,

502 3322 591 3391 qui
624 3320 723 3375 hac
747 3319 815 3375 de
842 3334 1001 3374 causa
1026 3319 1156 3373 nihil
1175 3332 1280 3372 non
1304 3316 1548 3388 agebant.
1579 3314 1832 3369 Venerunt
1847 3313 2087 3378 ministri,

504 3423 550 3466 et
578 3413 750 3465 dicunt
794 3416 865 3466 eis
906 3409 1193 3476 Phariscei,
1245 3408 1419 3473 Quare
1460 3424 1562 3461 non
1605 3405 1894 3461 adduxistis
1932 3403 2091 3460 eum?

502 3502 656 3571 Quod
684 3501 971 3567 venerint,
1005 3501 1164 3571 longe
1195 3499 1368 3569 majus
1407 3498 1537 3565 fuit,
1569 3513 1727 3567 quam
1766 3496 1813 3552 si
1859 3496 2091 3550 mansis-

492 3605 626 3649 sent
651 3613 663 3647 :
693 3594 771 3648 sic
796 3593 1009 3660 quidem
1046 3593 1257 3647 illorum
1294 3590 1539 3645 molestia
1569 3589 1781 3645 liberati
1824 3586 2087 3652 fuissent;

492 3687 598 3741 sed
627 3701 769 3740 nunc
798 3684 991 3740 Christi
1019 3680 1294 3752 sapientiae
1324 3693 1447 3738 sunt
1470 3696 1767 3751 praecones,
1800 3668 2090 3751 majorem-

507 3794 609 3847 que
638 3778 897 3833 exhibent
945 3776 1215 3831 liduciam.
1262 3774 1372 3830 Nec
1415 3774 1632 3839 dicunt,
1662 3774 1778 3829 Non
1819 3775 2089 3846 potuimus

504 3878 727 3938 propter
759 3868 989 3933 turbam,
1020 3884 1139 3937 quae
1172 3867 1321 3921 illum
1352 3868 1502 3934 quasi
1541 3867 1854 3936 pr0phetam
1892 3865 2088 3921 audit:

496 3960 602 4013 sed
630 3959 794 4028 quid?
822 3958 987 4012 Nemo
1015 3974 1250 4025 umquam
1276 3958 1348 4011 sic
1374 3957 1610 4025 loquutus
1629 3966 1721 4011 est.
1750 3958 1913 4027 Atqui
1939 3968 2089 4027 pote-

503 4060 627 4105 rant
649 4050 792 4103 illam
816 4049 1212 4104 excusationem
1236 4048 1466 4105 aﬂ‘erre:
1495 4049 1592 4103 sed
1615 4057 1823 4105 rectum
1848 4050 2086 4103 animum

506 4158 614 4212 prae
657 4141 962 4197 ese'fcrunt.
1015 4142 1124 4196 lluc
1163 4141 1306 4195 enim
1350 4157 1455 4196 non
1502 4141 1877 4196 admirantium
1929 4140 2088 4196 modo

503 4244 663 4300 erat,
715 4233 807 4289 sed
857 4235 1016 4289 etiam
1068 4233 1464 4289 criminantium
1518 4234 1659 4305 quod
1709 4251 1770 4290 se
1823 4234 1889 4289 ad
1940 4235 2089 4289 illum

503 4326 775 4396 ligandum
800 4328 1105 4392 amisissent,
1139 4341 1296 4396 quem
1334 4327 1510 4397 potius
1559 4328 1744 4383 audire
1784 4329 2087 4397 oportebat.

490 4422 662 4490 ‘Alqui
691 4437 796 4475 non
826 4421 1059 4491 longam,
1080 4420 1176 4474 sed
1205 4420 1421 4475 brevem
1441 4419 1722 4474 audierant
1746 4421 2088 4476 concionem.

502 4512 648 4567 Mens
673 4514 816 4568 enim
852 4514 1074 4567 sincera
1098 4528 1218 4565 non
1251 4511 1424 4580 longis
1466 4526 1601 4581 opus
1634 4510 1797 4565 habet
1826 4513 2091 4565 sermoni-

502 4607 622 4661 bus.
652 4606 819 4660 Tanta
846 4616 929 4660 est
951 4603 1307 4659 visveritatis.
1330 4602 1468 4669 Quid
1489 4617 1617 4673 ergo
1635 4602 1891 4659 Pharisaei
1914 4601 2088 4657 ?Cum

500 4698 789 4767 compungi
833 4696 1197 4766 oportuisset,
1246 4696 1321 4749 illi
1351 4694 1647 4749 contrasie
1678 4695 1924 4748 incusant
1968 4709 2086 4760 eos,

499 4792 589 4843 47.
626 4789 1079 4860 Numquid-etuas
1103 4788 1294 4843 seducti
1318 4788 1434 4842 estis
1454 4788 1481 4842 ?
1509 4787 1697 4842 Adhuc
1725 4787 2089 4852 blandiuntur,

502 4898 601 4938 nec
640 4885 845 4953 asperis
904 4892 1121 4937 utuntur
1170 4882 1389 4947 verbis,
1453 4882 1605 4935 veriti
1653 4896 1720 4935 ne
1760 4883 1978 4935 omnino
2032 4896 2092 4934 se

501 4974 813 5028 desererent
840 4991 854 5040 ;
888 4973 981 5028 sed
1005 4973 1235 5026 furorem
1268 4981 1439 5025 tamen
1468 4972 1706 5026 indicant
1734 4980 1790 5027 et
1826 4981 1981 5027 caute
2011 4971 2089 5026 lo-

501 5078 754 5138 quuntur.
783 5066 916 5122 Cum
944 5067 1272 5135 oportuisset
1297 5066 1630 5135 interrogare
1672 5065 1800 5135 quid
1838 5065 2084 5131 dixisset,

501 5171 553 5215 et
574 5160 716 5214 dicta
744 5159 862 5228 ejus
882 5158 1132 5212 admirari
1163 5199 1177 5221 ,
1209 5157 1258 5211 id
1291 5171 1394 5211 non
1426 5156 1663 5222 faciunt,
1687 5157 1837 5226 gnari
1858 5172 1918 5212 se
1949 5156 2088 5211 haud

499 5252 661 5307 dubie
714 5262 927 5322 captum
975 5251 1075 5313 iri;
1124 5249 1219 5303 sed
1264 5248 1578 5303 stultissimo
1613 5249 1731 5301 illos
1776 5258 2091 5319 argumento

499 5345 783 5414 impctunt.
813 5341 904 5396 48.
937 5341 1058 5407 Cur,
1090 5341 1355 5410 inquiunt,
1377 5356 1525 5393 nemo
1549 5356 1626 5394 ex.
1637 5341 1948 5411 principibus
1975 5357 2086 5394 (τεο

505 5437 633 5491 didit
666 5438 719 5490 in
744 5436 899 5490 eum?
920 5434 1087 5499 Itane,
1106 5434 1604 5503 quaeso,Christum
1630 5448 1869 5499 accusas,
1900 5444 1955 5488 et
1981 5450 2087 5488 non

502 5528 805 5583 incredulus
823 5528 848 5580 ?
874 5526 963 5583 49.
998 5525 1104 5580 Sed
1130 5523 1297 5591 turba,
1321 5540 1434 5595 qua:
1458 5541 1561 5578 non
1591 5526 1729 5578 novit
1751 5525 1910 5595 legem
1935 5567 1950 5591 ,
1975 5542 2087 5577 ma-

484 5623 680 5677 ‘letlicti
710 5630 847 5676 sunt.
898 5620 1033 5675 Hinc
1060 5622 1229 5690 magis
1262 5620 1548 5675 accusandi
1584 5623 1731 5685 estis,
1757 5622 1902 5692 quod
1933 5622 2087 5676 turba

494 5714 752 5769 credente
805 5730 900 5768 vos
950 5711 1207 5768 increduli
1252 5714 1572 5768 manseritis.
1623 5714 1912 5783 Populares
1943 5716 2085 5770 enim

504 5813 561 5857 ut
586 5802 1166 5874 legcmcoguoscentes
1206 5802 1435 5873 agebant
1463 5822 1476 5859 :
1508 5808 1775 5875 quomodo
1814 5818 1941 5877 ergo
1974 5826 2084 5863 τηει-

2191 1368 2570 1440 ledictisunt?
2599 1372 2708 1429 Vos
2733 1376 2821 1445 qui
2852 1377 3020 1448 legem
3071 1395 3173 1433 non
3207 1384 3431 1437 serratis
3457 1426 3471 1451 ,
3502 1385 3765 1440 maledicti
3822 1418 3827 1419 ί

2188 1460 2356 1525 estis;
2390 1476 2497 1515 non
2532 1463 2605 1517 illi
2633 1466 2722 1534 qui
2752 1466 2853 1536 legi
2901 1468 3285 1538 obsequuntur.
3335 1472 3450 1527 Non
3491 1478 3769 1545 Oportebat

2184 1549 2327 1604 enim
2354 1566 2515 1607 anon
2549 1555 2891 1612 credentibus
2916 1560 3189 1615 criminari
3217 1578 3336 1617 eum
3362 1605 3375 1626 ,
3405 1565 3489 1620 cui
3518 1583 3619 1621 non
3647 1583 3767 1623 cre-

2186 1642 2405 1698 debant.
2497 1646 2616 1702 Non
2632 1649 2940 1718 probandus
2972 1653 3056 1707 hic
3085 1654 3276 1709 modus
3306 1665 3413 1713 est.
3437 1657 3568 1713 Nam
3596 1669 3650 1714 et
3676 1676 3769 1716 vos

2187 1752 2295 1792 non
2320 1740 2623 1796 credidistis
2652 1743 2781 1807 Deo,
2806 1754 2865 1798 ut
2895 1745 3089 1799 Paulus
3110 1748 3183 1801 ait
3217 1766 3230 1801 :
3268 1748 3404 1813 Quid
3444 1752 3574 1804 enim
3600 1753 3643 1806 si
3671 1769 3770 1807 non

2184 1833 2510 1887 crediderunt
2546 1833 2794 1903 quidam?
2840 1833 3109 1905 Numquid
3141 1839 3468 1895 incredulitas
3495 1858 3665 1896 eorum
3710 1846 3772 1906 ﬂ-

2186 1926 2301 1980 dem
2321 1924 2418 1980 Dei
2439 1926 2740 1981 evacuabit?
2768 1928 2909 1983 Absit
2939 1929 3128 2000 (Rom.
3156 1933 3208 1987 5.
3235 1933 3313 2003 5).
3343 1934 3472 1989 Nam
3504 1937 3772 2006 propheta:

2187 2033 2400 2086 quoque
2450 2018 2594 2087 ipsos
2640 2032 2854 2089 semper
2908 2023 3232 2079 accusabant
3282 2024 3542 2090 dicentes,
3588 2028 3770 2082 Audite

2189 2110 2445 2178 principes
2473 2109 2945 2178 Sodomorum;et,
2979 2112 3249 2185 Principes
3280 2119 3350 2169 tui
3377 2134 3477 2171 non
3520 2118 3772 2191 obtempe-

2187 2212 2304 2255 rant
2343 2201 2509 2273 (lsai.
2543 2205 2593 2258 1.
2630 2203 2717 2259 10.
2751 2216 2797 2258 et
2826 2205 2971 2276 25);
3000 2222 3064 2261 ac
3090 2224 3318 2272 rursum,
3353 2210 3532 2264 Annon
3554 2220 3772 2267 vestrum

2187 2302 2257 2347 est
2278 2310 2422 2348 nosse
2438 2295 2691 2366 judicium
2713 2294 2732 2365 (
2758 2297 2918 2351 Mich.
2941 2298 2993 2352 5.
3028 2300 3052 2353 1
3081 2296 3135 2366 )2
3170 2301 3234 2355 Ει
3256 2302 3450 2371 ubique
3479 2303 3768 2359 vehemen-

2191 2386 2295 2441 tius
2349 2387 2469 2444 illos
2507 2388 2797 2444 incessunt.
2837 2390 2973 2457 Quid
3023 2392 3222 2462 igitur?
3277 2394 3514 2451 Deumne
3563 2408 3774 2469 propte

2190 2492 2279 2532 rea
2334 2479 2597 2549 quispiam
2636 2481 2953 2536 accusabit?
2988 2486 3204 2553 Apage;
3267 2485 3476 2540 illorum
3516 2487 3616 2542 hoc
3642 2538 3645 2539 ν
3669 2490 3775 2543 cri-

2188 2586 2310 2626 men
2338 2582 2437 2627 est.
2485 2572 2726 2639 Quonam
2771 2582 2950 2629 autem
2992 2575 3096 2629 alio
3124 2577 3275 2645 signo
3317 2579 3434 2647 quis
3471 2580 3777 2651 deprehen-

2192 2662 2321 2718 dere
2372 2664 2537 2732 possit
2573 2681 2669 2720 vos
2699 2680 2803 2720 non
2853 2681 3175 2737 cognoscere
3220 2668 3429 2739 legem.
3482 2673 3623 2743 quod
3672 2689 3776 2730 non

2195 2755 2462 2811 credatis?
2509 2755 2639 2812 Cum
2693 2768 2871 2812 autem
2925 2759 3189 2815 dixissent
3239 2763 3505 2818 neminem
3575 2766 3778 2834 princi-

2200 2862 2323 2915 pum
2363 2848 2656 2902 credidissc
2687 2850 2737 2903 in
2780 2867 2902 2905 eum
2931 2893 2945 2917 ,
3001 2853 3092 2906 sed
3121 2869 3212 2907 cos
3238 2856 3325 2923 qui
3371 2855 3537 2925 legem
3568 2857 3776 2927 ignora-

2198 2939 2363 3004 bant,
2411 2940 2606 2996 merito
2652 2942 2770 2996 illos
2823 2946 2995 3013 arguit
3044 2944 3365 3001 Nicodemus
3400 2946 3480 3001 his
3534 2950 3708 3003 verbis
3764 2971 3778 3007 :

2198 3034 2286 3087 51.
2316 3033 2590 3104 Numquid
2619 3035 2702 3089 lex
2732 3047 2907 3089 nostra
2951 3039 3146 3103 iudicat
3174 3040 3455 3107 hominem,
3486 3043 3585 3095 nisi
3608 3044 3778 3095 audie-

2195 3128 2261 3181 rit
2291 3127 2352 3181 ab
2381 3128 2491 3199 ipso
2522 3131 2704 3200 prius?
2732 3130 2978 3185 Ostendit
3002 3147 3097 3186 eos
3126 3147 3224 3187 nec
3245 3148 3425 3199 nosse,
3449 3150 3547 3188 nec
3568 3150 3779 3190 scrvare

2198 3218 2392 3290 legem.
2426 3220 2556 3275 Nam
2600 3222 2643 3276 si
2697 3222 2782 3276 lex
2824 3233 2971 3278 vetat
3025 3240 3345 3295 quemquam
3395 3227 3641 3290 interﬁci,
3680 3230 3779 3284 nisi

2198 3312 2344 3380 prius
2370 3311 2655 3379 audiatur;
2685 3314 2783 3383 ipsi
2815 3330 2940 3368 vero
2967 3324 3254 3385 antequam
3283 3316 3547 3383 audirent,
3580 3318 3629 3372 id
3658 3334 3775 3373 mo-

2198 3402 2463 3457 liebantur
2490 3421 2504 3458 :
2535 3413 2957 3475 transgressores
3006 3418 3129 3462 sunt
3159 3406 3309 3477 legis.
3357 3408 3424 3462 Et
3465 3410 3587 3479 quia
3634 3409 3781 3464 dice-

2198 3496 2326 3551 bant
2376 3497 2643 3554 neminem
2690 3497 2988 3568 principum
3037 3499 3328 3555 credidisse
3372 3500 3423 3554 in
3473 3516 3612 3563 eum,
3663 3500 3780 3557 ideo

2200 3590 2401 3645 indicat
2426 3592 2750 3661 evangelista
2788 3592 3052 3661 ipsumvex
3078 3608 3261 3648 eorum
3294 3610 3515 3649 numero
3540 3610 3657 3649 esse
3679 3635 3694 3661 ,
3726 3604 3781 3651 ut

2197 3682 2623 3738 ostendatetiam
2662 3685 2931 3754 principes
2961 3686 3012 3739 in
3053 3700 3173 3741 eum
3205 3687 3511 3744 credidisse.
3537 3688 3779 3744 Nondum

2204 3783 2379 3829 tamen
2422 3773 2474 3827 id
2505 3775 2715 3843 palam,
2747 3784 2803 3829 ut
2840 3776 3138 3842 decuisset,
3172 3780 3533 3835 exhibuerant
3561 3796 3577 3835 :
3603 3793 3780 3838 erant-

2195 3881 2302 3935 que
2352 3866 2700 3923 nihilominus
2740 3869 2955 3925 Christo
2998 3870 3219 3927 addicti.
3256 3872 3389 3928 Vide
3417 3884 3591 3929 autem
3622 3891 3778 3944 quam

2201 3972 2361 4026 parce
2390 3958 2579 4028 arguit.
2612 3958 2726 4013 Non
2753 3958 2879 4015 dicit
2903 3962 3068 4028 enim,
3100 3962 3206 4018 Vos
3235 3974 3414 4018 autem
3442 3965 3597 4019 vultis
3625 3966 3771 4020 illum

2197 4050 2467 4117 occidere,
2500 4059 2786 4107 et-temere
2811 4053 3182 4109 condemnatis
3224 4055 3492 4109 hominem
3526 4064 3582 4110 ut
3614 4058 3778 4112 scdu-

2200 4150 2427 4195 ctorcm.
2463 4141 2661 4196 Verum
2691 4157 2794 4197 non
2828 4144 2896 4199 ita
2927 4144 3078 4210 dixit,
3108 4145 3201 4200 sed
3241 4146 3564 4202 moderatius
3590 4147 3777 4218 ingen-

2190 4244 2301 4287 tem
2342 4234 2560 4289 ωλι-ατη
2618 4236 2875 4305 impetum
2908 4237 3246 4303 cohibebat,
3303 4254 3507 4294 necnon
3566 4241 3778 4295 illorum

2184 4326 2700 4382 inconsiderantiam
2739 4337 2793 4383 et
2835 4330 3230 4399 sanguinarium
3270 4331 3526 4386 atiimnm.
3561 4331 3685 4387 ideo
3727 4336 3777 4388 iu

2196 4420 2368 4490 legem
2416 4435 2725 4477 sermonem
2772 4424 3055 4487 convertit,
3113 4424 3289 4493 aitque
3336 4440 3354 4480 :
3401 4424 3519 4478 Nisi
3565 4427 3781 4480 audierit

2182 4512 2486 4583 diligenter,
2510 4523 2559 4566 et
2584 4514 2869 4583 cognoverit
2896 4514 3017 4584 quid
3038 4515 3213 4585 faciat.
3236 4513 3426 4585 altaque
3455 4529 3558 4571 non
3588 4518 3777 4573 audire

2183 4612 2401 4657 tantum
2439 4613 2685 4673 oportet,
2712 4605 2805 4659 sed
2836 4605 3119 4676 diligenter
3145 4606 3331 4662 audire
3377 4622 3392 4660 :
3420 4607 3473 4663 id
3502 4610 3646 4663 enim
3672 4610 3772 4663 sibi

2195 4696 2308 4751 vult
2335 4696 2485 4761 illud,
2515 4695 2581 4751 Et
2604 4701 2888 4768 cognoverit
2910 4700 3032 4769 quid
3066 4700 3236 4770 faciat,
3260 4700 3386 4771 quid
3414 4700 3559 4767 velit,
3592 4718 3779 4772 quare,

2193 4797 2248 4843 et
2272 4803 2430 4859 quam
2456 4805 2569 4844 rem
2614 4799 2857 4859 spectet,
2900 4806 2965 4844 an
2995 4791 3060 4845 ad
3106 4792 3410 4861 reipublicae
3448 4794 3782 4850 eversionem

2196 4882 2379 4937 tendat
2417 4892 2476 4936 ut
2504 4883 2767 4937 inimicus.
2804 4883 3115 4938 Dubitautes
3145 4900 3273 4953 ergo
3313 4900 3431 4939 cum
3478 4886 3777 4953 dixissent,

2184 4977 2464 5031 nemiuem
2495 4975 2797 5045 principum
2821 4975 2873 5029 in
2897 4974 3070 5043 ipsum
3090 4976 3336 5044 credere,
3361 4990 3462 5031 nec
3486 4976 3779 5033 vehemen-

2197 5077 2277 5122 ter
2309 5083 2407 5123 nec
2430 5068 2655 5122 remisse
2681 5067 2732 5121 in
2764 5082 2885 5121 eum
2914 5065 3179 5121 feruntur.

2180 5192 2191 5209 ρ
2262 5161 2316 5214 2.
2348 5164 2602 5225 Quaenam
2647 5160 2765 5215 haec
2792 5163 3171 5230 consequentia
3194 5203 3208 5227 ,
3256 5161 3348 5216 illo
3386 5162 3598 5219 dicente
3624 5208 3637 5226 ,
3669 5162 3781 5219 Leu:

2193 5264 2369 5307 nostra
2396 5270 2498 5307 non
2515 5253 2718 5324 judicat
2737 5269 3059 5323 quemquam,
3092 5253 3444 5323 respondere.
3477 5255 3565 5309 52.
3602 5254 3779 5310 Num-

2192 5344 2313 5414 quid
2336 5358 2385 5397 et
2408 5355 2459 5397 tu
2480 5361 2543 5398 ex
2563 5344 2779 5399 Guliltea
2799 5346 2891 5399 es!
2914 5348 3042 5398 Cum
3072 5348 3398 5414 oportuisset
3420 5354 3562 5402 enim
3591 5358 3781 5403 osten-

2176 5435 2324 5491 -dere
2366 5452 2426 5490 se
2452 5451 2558 5490 non
2593 5445 2793 5491 temere
2823 5451 2889 5491 eo
2921 5437 3130 5492 misisse
3170 5438 3257 5508 qui
3299 5438 3450 5493 illum
3500 5452 3775 5508 vocarent,

2182 5539 2245 5584 et
2277 5544 2383 5582 non
2417 5543 2551 5598 opus
2591 5542 2711 5583 esse
2742 5529 2913 5597 ipsum
2957 5528 3150 5599 alloqui
3179 5571 3194 5597 ,
3238 5532 3431 5585 acerbe
3473 5528 3783 5601 furioseque

2192 5630 2496 5689 reponunt:
2527 5620 2769 5675 Scrutare
2790 5630 2836 5673 et
2862 5620 2975 5673 vide
3000 5662 3011 5683 ,
3037 5622 3159 5690 quia
3189 5638 3253 5676 ea:
3286 5620 3504 5677 Galiltea
3530 5625 3781 5693 propheta

2191 5733 2293 5770 non
2343 5716 2522 5785 surgit.
2550 5713 2687 5780 Quid
2732 5714 2874 5767 enim
2921 5714 3056 5768 dixit
3105 5714 3266 5769 homo
3305 5715 3435 5770 ille?
3465 5732 3590 5771 num
3636 5717 3777 5784 quod

2194 5808 2450 5878 propheta
2493 5805 2676 5863 esset?
2723 5805 2901 5874 Dixit,
2934 5820 3039 5862 non
3085 5806 3379 5877 judicatum
3430 5824 3535 5865 non
3604 5811 3779 5866 occidi
