4084 6360
338 377 440 434 287

1454 383 1525 439 ΙΝ
1558 379 1876 439 JOANNEM
1919 380 2158 439 HOMIL.
2197 380 2311 441 LII.
2347 381 2416 438 al.
2457 381 2537 438 LI.

3531 383 3639 438 εἶδὸ

342 489 454 546 τῶν
486 467 758 561 βιωτικῶν
789 495 1137 566 πραγμάτων
1168 496 1198 549 ό
1233 496 1390 567 δχλος
1412 539 1427 565 ,
1459 499 1555 552 καὶ
1598 498 1770 570 λήθην
1802 499 1937 569 ἡμῖν
2044 496 2244 551 λόντων
2280 497 2629 568 ἐπιτύχωμεν
2649 493 2893 565 ἀγαθῶν,
2923 495 3108 566 χάριτι
3137 494 3233 550 καὶ
3257 494 3640 566 φιλανθρωπίᾳ

342 576 608 647 ἐμποιῶν,
643 578 736 631 καί¹
764 578 1111 644 διδασκαλίας
1141 582 1222 635 δεῖ
1246 585 1378 653 ἡμῖν
1408 583 1684 653 συνεχοῦς.
1715 583 1812 636 ’Ὶν’
1841 578 1935 637 οῦν
2040 580 2136 633 τοῦ
2170 583 2374 652 Κυρίου
2415 581 2572 651 ἡμῶν
2613 579 2789 650 Ἰησοῦ
2817 580 3080 651 Χριστοῦ,
3112 580 3179 633 δι’
3209 574 3270 634 οῦ
3301 581 3397 634 καὶ
3430 579 3550 650 μεθ’
3578 575 3639 636 οῦ

344 661 419 730 μὴ
453 661 630 731 μάτην
665 663 800 733 μηδὲ
841 665 962 735 εἰκῆ
991 663 1227 717 ἐνταῦθα
1261 667 1680 738 συλλεγώμεθα,
1719 667 1816 738 τὴν
1846 665 1934 718 διά
2040 665 2118 736 τῷ
2145 666 2322 735 Πατρὶ
2351 667 2384 736 ἡ
2414 663 2571 728 δόξα,
2607 665 2723 734 ἅμα
2750 664 2830 733 τῷ
2875 664 3016 733 ἁγίῳ
3052 663 3366 735 Πνεύματι,
3411 663 3506 718 νῦν
3551 681 3644 717 κε..-

337 744 447 797 τῶν
472 744 649 816 ἔργων
677 745 935 813 ἐπίδειξιν
969 747 1403 821 παρασχώμεθα,
1436 752 1521 802 ἵνα
1552 750 1646 802 καὶ
1668 749 1774 802 τῶν
1806 749 1934 819 μελ-

2040 750 2147 813 ἀεὶ,
2179 749 2274 802 καὶ
2298 751 2377 812 είς
2407 750 2533 812 τοὺς
2559 749 2764 813 αἰῶνας
2794 749 2903 802 τῶν
2931 748 3163 802 αἰώνων.
3203 749 3396 820 Ἀμήν.

1666 919 1814 992 [δοι]
1846 921 2088 974 ΟΜΙΛΙΑ
2122 921 2248 974 NB’.

334 983 572 1067 τΗλθον
597 1010 712 1071 οὖν
740 1018 794 1070 οἱ
823 1015 1111 1085 ὑπηρέται
1149 1016 1299 1085 πρὸς
1329 1016 1470 1081 τοὺς
1506 983 1927 1085 ἀρχιερεῖςδκαὶ

409 1086 806 1153 Φαρισαίους,
850 1089 949 1140 καὶ
991 1089 1162 1142 εἷπον
1192 1086 1398 1152 αὐτοῖς
1429 1088 1676 1140 ἐκεῖνον·
1717 1107 1734 1138 ι
1767 1087 1930 1139 Διατί

407 1157 518 1226 οὐκ
537 1157 790 1226 ἠγάγετε
809 1159 1030 1222 αὐτόν;
1061 1179 1079 1210 ι
1121 1160 1550 1225 Ἀπεκρίθησαν
1571 1155 1684 1212 οὖν
1699 1162 1752 1212 οἱ
1773 1162 1928 1224 ὑπη-

399 1225 598 1298 ρέταις
635 1225 671 1278 «⁷
696 1229 995 1282 Οὐδέποτε
1044 1229 1235 1295 οὕτως
1270 1229 1581 1298 ἐλάλησεν
1612 1228 1928 1298 ἄνθρωπος

408 1296 488 1362 ὠς
520 1291 701 1365 οὗτος
725 1298 1056 1369 ἄνθρωπος.
1091 1319 1110 1351 ι

408 1389 477 1434 α’.
514 1383 679 1436 Οὐδὲν
706 1387 805 1456 τῆς
832 1383 1093 1455 ἀληθείας
1131 1383 1492 1454 σαφέστερον,
1522 1384 1675 1437 οὐδὲν
1716 1384 1925 1438 ἀπλού-

337 1483 552 1538 στερον,
579 1468 675 1522 ὲάν
709 1471 782 1540 μὴ
814 1469 1210 1540 κακουργῶμεν
1240 1472 1420 1542 ἡμεῖς·
1452 1469 1642 1540 ὥσπερ
1669 1467 1761 1523 οὖν
1789 1488 1927 1524 κακ-

333 1550 677 1620 ουργούντων
734 1552 887 1606 οὐδὲν
923 1553 1345 1624 δυσκολώτερον.
1406 1553 1536 1605 Ἰδοὺ
1570 1553 1681 1625 7&9
1719 1554 1768 1605 οἱ
1827 1553 1926 1623 μὲν

332 1636 618 1706 Φαρισαῖοι
645 1637 740 1691 καὶ¹
762 1639 809 1690 οί
835 1641 1204 1708 γραμματεῖς,
1232 1639 1280 1690 οἱ
1301 1636 1458 1708 δῆθεν
1478 1637 1763 1702 δοκοῦντες
1787 1633 1926 1692 εἶναι

335 1719 659 1790 σοφώτεροι,
693 1721 944 1784 συνόντες
979 1721 1066 1775 ἀεὶ
1097 1721 1176 1792 τῷ
1203 1721 1446 1792 Χριστῷ,
1481 1721 1778 1792 ἐπιϐουλῆς
1805 1722 1926 1774 Eva--

334 1821 453 1868 κεν,
492 1805 588 1857 καὶ
637 1803 892 1876 θαύματα
931 1804 1168 1876 ὁρῶντες
1193 1844 1208 1867 ,
1257 1807 1353 1859 καὶ
1388 1805 1613 1874 Γραφάς
1653 1806 1924 1873 ἀναγινώ-

336 1908 578 1956 σκοντες,
608 1893 761 1946 οὐδὲν
787 1891 1094 1956 ἀπώναντο,
1131 1891 1272 1956 ἀλλά
1298 1893 1392 1946 καὶ
1427 1891 1756 1963 ἐϐλάϐησαν·
1793 1895 1840 1946 οἱ
1868 1892 1926 1946 δὲ

334 1976 652 2048 ὑπηρέται,
681 1977 833 2031 οὐδὲν
882 1979 1090 2031 τούτων
1128 1978 1344 2048 ἔχοντες
1377 1980 1586 2042 είπεῖν,
1627 1977 1738 2031 ἀπὸ
1795 1981 1927 2049 μιᾶς

336 2061 505 2133 μόνης
519 2062 862 2135 δημηγορίας
876 2062 1268 2134 ἐχειρώθησαν,
1287 2065 1381 2117 καὶ
1397 2063 1722 2128 ἀπελθόντες
1735 2064 1875 2118 ὥστε
1895 2077 1924 2107 ει

334 2147 498 2200 αὐτὸν
529 2148 709 2216 δῆσαι.
738 2149 1042 2219 ἐπανῆλθον
1064 2148 1309 2212 δεθέντες
1330 2148 1408 2218 τῷ
1435 2148 1691 2219 θαύματι.
1729 2150 1804 2202 Οὐ
1827 2148 1926 2220 τὴν

335 2229 552 2283 σύνεσιν
578 2231 635 2284 δὲ
659 2232 838 2285 αὐτῶν
869 2232 1146 2303 θαυμάσαι
1183 2235 1343 2303 μόνον
1374 2233 1542 2296 ἐστιν,
1569 2234 1650 2286 ὅτι
1681 2234 1925 2305 σημείων

332 2315 436 2368 ούκ
465 2315 765 2386 ἐδεήθησαν
786 2356 800 2381 ,
834 2317 948 2369 ἀλλ’
979 2318 1090 2371 ἀπὸ
1121 2318 1220 2387 τῆς
1249 2318 1602 2381 διδασκαλίας
1633 2319 1801 2389 μόνης
1833 2319 1928 2372 ἐά-

332 2399 514 2453 λωσαν
545 2399 770 2473 (οὐγὰρ
797 2396 970 2464 εἶπον,
1003 2403 1086 2455 ὅτι
1117 2401 1384 2456 Οὐδέποτε
1413 2403 1928 2476 ἐθαυματούργησεν

335 2482 623 2554 ἄνθρωπος
644 2483 820 2547 οὕτως
839 2501 853 2514 ·
878 2485 1013 2538 ἀλλά
1037 2487 1124 2550 τί;
1156 2485 1430 2540 Οὐδέποτε
1463 2487 1725 2557 ἐλάλησεν
1753 2488 1928 2555 οὕτως

333 2567 432 2622 ἄνθ
443 2571 668 2639 ρωπος)·
690 2569 751 2622 ού
763 2568 940 2622 τοίνυν
952 2570 1051 2641 τὴν
1067 2570 1280 2623 σύνεσιν
1293 2570 1474 2624 αὐτῶν
1489 2573 1651 2642 μόνον
1664 2572 1779 2625 ἐστι
1797 2572 1898 2625 θαυ
1908 2603 1924 2613 ο

340 2653 530 2723 μάσαι,
548 2653 683 2707 ἁλλά
706 2655 800 2707 καὶ
815 2653 913 2725 τὴν
937 2656 1274 2726 παρρησίαν,
1291 2656 1373 2708 ὃτι
1389 2655 1525 2728 πρὸς
1541 2657 1667 2719 τοὺς
1681 2657 1930 2710 ἀποστεί-

335 2738 532 2801 λαντας
550 2737 722 2792 ταῦτα
737 2737 944 2806 ἔλεγον,
977 2739 1113 2810 πρὸς
1129 2740 1256 2802 τοὺς
1268 2739 1618 2811 Φαρισαίους,
1640 2740 1778 2810 πρὸς
1800 2741 1928 2804 τοὺς

336 2820 745 2891 πολεμοῦντας,
778 2823 874 2874 καὶ
923 2823 1100 2876 πάντα
1138 2822 1278 2893 ὑπὲρ
1321 2822 1513 2876 τούτου
1563 2823 1924 2895 πράττοντας.

333 2901 564 2958 *Ηλθον
595 2905 742 2976 γὰρ,
787 2906 976 2976 φησὶν,
1024 2909 1078 2960 οἱ
1120 2906 1447 2974 ὑπηρέται,
1501 2907 1600 2960 καί
1630 2906 1930 2977 λέγουσιν

335 2989 544 3055 αὐτοῖς
565 2991 621 3042 οί
654 2989 982 3057 Φαρισαῖοιο
1006 2991 1174 3044 Δίατί
1189 2995 1302 3044 οὑκ
1325 2991 1576 3060 ἠγάγετε
1596 2994 1820 3053 ιιὺτόν;
1856 2990 1928 3044 Τὸ

335 3073 395 3126 δὲ
423 3073 620 3138 ἐλθεῖν,
649 3073 828 3144 πολλῷ
866 3073 1053 3144 μεῖζον
1078 3069 1146 3145 ἦν
1174 3074 1269 3127 τοῦ
1302 3077 1504 3146 μεῖναι.
1533 3075 1667 3128 Τότε
1697 3076 1797 3146 μὲν
1817 3076 1926 3147 γὰρ

336 3157 729 3228 ἀπηλλάγησαν
766 3156 831 3210 ἂν
859 3160 958 3228 τῆς
987 3157 1192 3211 τούτων
1223 3159 1551 3229 ἐπαχθείας’
1585 3159 1704 3213 νυνὶ
1735 3159 1793 3212 δὲ
1822 3161 1927 3230 κή-

340 3258 501 3312 ρυκες
530 3241 770 3310 γίνονται
796 3241 897 3310 τῆς
915 3242 1007 3295 τοῦ
1037 3241 1274 3313 Χριστοῦ
1299 3243 1512 3312 σοφίας,
1537 3244 1632 3297 καὶ
1661 3243 1928 3313 μειζόνως

335 3324 701 3378 ἐνδείκνυνται
744 3326 844 3396 τὴν
885 3325 1201 3397 παρρησίαν
1228 3343 1240 3356 ·
1277 3327 1370 3380 καὶ
1400 3327 1459 3379 οὐ
1494 3327 1768 3395 λέγουσιν,
1811 3325 1929 3382 Οὐκ

334 3408 683 3479 ἠδυνήθημεν
702 3409 788 3462 διὰ
813 3409 903 3462 τὸν
928 3409 1104 3478 ὄχλον,
1133 3410 1215 3462 ὃτι
1242 3409 1316 3473 ὼς
1339 3415 1590 3483 προφήτῃ
1615 3415 1924 3483 προσεῖχονο

335 3493 474 3546 ἀλλά
498 3494 572 3558 τί;
597 3493 894 3548 Οὐδέποτε
908 3491 1214 3560 ἐλάλησεν
1237 3494 1425 3559 οὕτως
1439 3493 1767 3563 ἄνθρωπος.
1793 3496 1929 3549 Καί-

333 3594 417 3630 τοι
459 3594 523 3645 γε
556 3576 820 3647 ἠδύναντο
850 3577 1066 3647 ἐκείνην
1105 3578 1282 3632 εἰπεῖν
1310 3578 1410 3649 τὴν
1437 3579 1733 3646 ἀπολογίαν
1752 3597 1766 3611 ·
1813 3579 1926 3632 ἀλλ’

335 3663 691 3733 ἐμφαίνουσιν
719 3663 926 3716 ἐαυτῶν
959 3663 1059 3733 τὴν
1094 3663 1261 3733 ὀρθὴν
1308 3661 1556 3732 γνώμην.
1606 3664 1775 3718 Τοῦτο
1819 3665 1928 3736 7&9

335 3746 459 3817 οὐχὶ
505 3744 894 3816 θαυμαζόντων
928 3749 1134 3800 ἐκεῖνον
1171 3747 1330 3817 μόνον
1365 3743 1456 3819 ἦν,
1493 3747 1630 3800 ἁλλά
1671 3749 1766 3802 καὶ
1807 3749 1930 3802 τού-

335 3847 447 3883 των
492 3829 966 3901 κατηγορούντων,
1025 3831 1107 3884 ὅτι
1151 3830 1403 3900 ἔπεμψαν
1458 3831 1719 3902 δήσοντας
1766 3835 1930 3886 αὐτὸν

338 3914 572 3981 αὐτοὺς,
603 3907 665 3966 οὗ
699 3913 920 3968 ἀκούειν
952 3915 1141 3985 ἐχρῆν.
1189 3915 1381 3968 Καίτοι
1429 3932 1493 3984 γε
1539 3916 1662 3969 οὐδὲ
1712 3919 1931 3990 μακρᾶς

336 3999 579 4069 ἥκουσαν
611 3997 956 4071 δημηγορίας
979 4040 994 4063 ,
1040 3996 1177 4051 ἀλλά
1219 3998 1498 4069 βραχείας.
1537 3999 1709 4052 Ὅταν
1753 4001 1861 4072 7&9
1896 4002 1929 4071 ή

335 4083 544 4136 διάνοια
565 4082 861 4146 ἀδέκαστος
885 4079 942 4155 ᾖ,
963 4083 1086 4136 οὐδὲ
1117 4083 1345 4153 μακρῶν
1366 4083 1540 4152 λόγων
1557 4082 1656 4136 δεῖ.
1678 4083 1931 4136 Τοιοῦτον

337 4166 450 4236 γὰρ
480 4168 514 4239 ἡ
542 4167 792 4237 ἀλήθεια.
818 4167 884 4219 Τί
908 4163 1002 4220 οῦν
1029 4168 1076 4219 οἱ
1105 4167 1420 4237 Φαρισαῖοι;
1460 4167 1588 4219 Δέον
1620 4167 1931 4237 κατανυγῆ-

338 4269 451 4318 ναι,
477 4251 540 4304 τδ
563 4250 801 4304 ἐναντίον
834 4250 1078 4303 ποιοῦσιν
1096 4291 1111 4314 ,
1139 4249 1566 4318 ἀντεγκαλοῦσιν
1601 4253 1802 4313 αὐτοῖς,
1832 4251 1928 4320 Μὴ

340 4336 442 4389 καί
503 4335 676 4404 ὑμεῖς
737 4333 1167 4401 πεπλάνησθες
1221 4334 1492 4402 λέγοντες.
1553 4336 1674 4388 Ἔτι
1732 4335 1931 4398 αὐτοὺς

339 4420 733 4485 κολακεύουσι,
790 4421 884 4473 καὶ
941 4419 1002 4473 οὑ
1053 4418 1438 4491 καταφορικῶς
1495 4419 1790 4492 κέχρηνται
1853 4420 1931 4490 τῷ

339 4507 508 4576 λόγῳ,
557 4505 854 4568 δεδοικότες
890 4505 964 4574 μὴ
990 4505 1170 4557 τέλεον
1200 4504 1606 4574 ἀποσχισθῶσιν
1635 4521 1646 4532 ·
1678 4503 1815 4558 ἀλλά
1840 4503 1931 4558 τὸν

343 4589 517 4660 θυμὸν
568 4589 926 4660 ἐμφαίνουσι,
983 4589 1077 4642 καὶ
1130 4589 1272 4659 μετά
1318 4586 1536 4657 φειδοῦς
1571 4587 1925 4656 φθέγγονται.

341 4675 473 4728 Δέον
521 4675 631 4745 7&9
668 4673 980 4746 ἐρωτῆσαι,
1025 4673 1077 4724 τί
1106 4672 1336 4738 ἐλάλησε
1363 4714 1378 4739 ,
1416 4672 1511 4725 καὶ
1541 4671 1820 4743 θαυμάσαι
1861 4673 1932 4727 τὰ

341 4759 632 4831 λεχθέντα,
665 4757 824 4812 τοῦτο
861 4758 959 4828 μὲν
1001 4761 1061 4811 οὐ
1101 4756 1376 4810 ποιοῦσιν·
1427 4757 1650 4828 ᾔδεισαν
1697 4757 1806 4829 7&9
1849 4759 1930 4813 ὃτι

343 4843 548 4897 ἁλῶναι
596 4838 780 4913 εἶχονο
831 4841 938 4895 ἀπὸ
978 4841 1035 4894 δὲ
1091 4841 1390 4912 τεκμηρίου
1448 4840 1652 4912 σφόδρα
1696 4842 1926 4912 ἀνοήτου

343 4929 542 4991 αὐτοὺς
595 4924 1021 4995 συλλογίζονται.
1081 4926 1241 4978 Διατί
1288 4925 1397 4996 γὰρ
1436 4925 1636 4992 οὐδεὶς
1665 4966 1678 4988 ,
1735 4928 1870 4997 φησὶ
1909 4969 1924 4992 ,

341 5013 462 5065 τῶν
494 5011 804 5080 ἀρχόντων
849 5010 1216 5063 ἐπίστευσεν
1241 5011 1329 5076 είς
1365 5011 1556 5063 αὐτόν
1575 5028 1594 5076 ;
1634 5010 1806 5064 Τοῦτο
1831 5007 1927 5065 οῦν
1974 5034 1976 5037 ·

343 5095 422 5165 τῷ
468 5093 690 5166 Χριστῷ
749 5094 1036 5162 ἐγκαλεῖς,
1103 5092 1254 5165 [505]
1314 5093 1436 5146 εἰπέ
1492 5110 1617 5165 μοι,
1679 5097 1772 5148 καὶ
1807 5095 1930 5164 οὐχ).

342 5182 458 5241 τοῖς
515 5179 916 5247 ἀπιστήσασιν;
984 5178 1134 5229 Ἀλλ’
1170 5179 1203 5229 ό
1251 5175 1471 5243 ὄχλος,
1521 5180 1707 5247 φησὶν,
1765 5181 1798 5234 ό
1839 5177 1929 5247 μὴ

343 5263 656 5332 γινώσκων
683 5262 794 5315 τὸν
837 5261 1045 5329 νόμον,
1085 5260 1506 5328 ἐπικατάρατοί
1544 5265 1722 5315 εἰσιν.
1778 5262 1928 5332 Αὕτη

345 5347 458 5416 7&9
490 5345 644 5416 ὑμῶν
682 5347 716 5416 ἠ
752 5342 954 5416 μείζων
975 5343 1301 5414 κατηγορία,
1332 5344 1414 5397 ὃτι
1448 5347 1476 5397 ὁ
1503 5345 1601 5414 μὲν
1627 5347 1784 5416 ὄχλος
1812 5345 1934 5398 ἐπί-

347 5447 593 5493 στευσεν,
623 5430 782 5499 ὑμεῖς
803 5428 860 5480 δὲ
880 5428 1240 5499 ὴπιστήσατε.
1271 5427 1383 5481 Καὶ
1413 5429 1519 5498 μὴν
1545 5430 1613 5482 τὰ
1639 5430 1748 5482 τῶν
1768 5448 1932 5499 γινω-

348 5517 591 5569 σκόντων
621 5516 711 5568 τὸν
736 5516 900 5584 νόμον
931 5515 1150 5567 ἐποίουν
1172 5516 1369 5568 ἐκεῖνοι
1397 5531 1410 5546 ·
1449 5514 1565 5577 πῶς
1599 5511 1693 5567 οὖν
1724 5507 1934 5586 ἐπάραὲ-

343 5599 429 5652 τοί
460 5601 626 5665 είσιν;
661 5597 850 5668 Ὑμεῖς
874 5597 983 5668 γὰρ
1010 5597 1297 5668 ἐπάρατοι,
1332 5599 1380 5651 οί
1412 5597 1487 5669 μὴ
1524 5598 1818 5669 τηροῦντες
1843 5587 1934 5652 τὸν

346 5685 514 5754 νόμον
536 5699 550 5714 ·
579 5684 680 5737 οὐκ
713 5685 937 5748 ἐκεῖνοι,
973 5684 1020 5736 οί
1055 5683 1133 5754 τῷ
1161 5683 1312 5754 νόμῳ
1353 5683 1687 5754 πειθόμενοι.
1737 5684 1935 5754 Ἐχρῆν

344 5770 406 5824 δὲ
435 5770 535 5822 οὐκ
565 5769 673 5822 ἀπὸ
690 5769 800 5822 τῶν
829 5769 1199 5823 ἀπιστούντων
1221 5768 1530 5824 διαϐάλλειν
1555 5769 1647 5821 τὸν
1678 5769 1936 5823 ἀπιστού-

351 5870 534 5923 μενον.
569 5854 644 5906 Οὑ
679 5852 787 5924 7&9
815 5852 973 5923 ὀρθὸς
1001 5852 1202 5924 τρόπος
1229 5846 1403 5917 οὗτος.
1448 5854 1602 5907 Ἐπεὶ
1642 5856 1736 5907 καὶ
1779 5855 1936 5924 ὑμεῖς

348 5937 692 6007 ὴπιστήσατε
736 5937 814 6008 τῷ
850 5936 967 6009 Θεῷ
990 5981 1004 6004 ,
1036 5939 1218 6002 καθὼς
1255 5939 1468 6003 Παῦλός
1500 5957 1633 6011 φησι
1661 5957 1674 5968 ·
1714 5940 1775 5991 Τί
1802 5940 1932 6010 γὰρ,

351 6022 404 6074 εί
435 6020 806 6087 ἠπίστησάν,
835 6038 1030 6088 τινες;
1071 6022 1168 6089 Μὴ
1214 6024 1253 6090 ἡ
1300 6024 1550 6079 ἀπιστία
1583 6024 1781 6080 αὐτῶν
1824 6023 1936 6093 τὴν

421 6102 450 6132 ⁸
488 6102 642 6152 Ὥστε
664 6105 809 6152 deest
852 6103 900 6153 in
935 6105 1223 6166 quibusdam
1256 6119 1374 6156 mss.

2033 1015 2247 1069 πίστιν
2294 1015 2400 1069 τοῦ
2440 1015 2588 1069 Θεοῦ
2636 1017 3038 1086 καταργήσει;
3083 1017 3179 1078 Μὴ
3214 1017 3472 1087 γένοιτο.
3521 1017 3633 1074 Καὶ

2031 1097 2141 1168 γὰρ
2193 1099 2242 1151 οἱ
2303 1100 2583 1169 προφῆται
2627 1098 2815 1163 αὐτοῖς
2862 1101 2950 1153 ἀεὶ
3001 1102 3293 1155 ἐνεκάλουν
3344 1100 3629 1168 λέγοντες·

2045 1181 2387 1244 Ἀκούσατε,
2421 1181 2714 1250 ἄρχοντες
2742 1183 3026 1253 Σοδόμων
3049 1201 3063 1214 ·
3091 1185 3207 1246 καὶ,
3246 1187 3309 1238 Ol
3339 1183 3632 1253 ἄρχοντές

2030 1277 2149 1318 σου
2187 1266 2508 1320 ἀπειθοῦσι
2533 1280 2547 1294 ⁸
2579 1265 2674 1318 καὶ
2698 1267 2883 1333 πάλιν,
2910 1270 3033 1335 Οὐχ
3055 1267 3222 1336 ὑμῶν
3244 1267 3376 1321 ἐστι
3406 1267 3632 1336 γνῶναι

2028 1348 2096 1400 τὸ
2146 1349 2373 1418 κρίμα;
2415 1349 2524 1401 Καὶ
2573 1349 2850 1419 πανταχοῦ
2898 1352 3256 1424 σφοδρότερον
3296 1351 3629 1404 ἐπιτίθενται

2029 1431 2235 1495 αὐτοῖς.
2267 1433 2330 1484 Τί
2357 1427 2479 1497 οὗν;
2515 1433 2621 1484 Καὶ
2646 1432 2724 1503 τῷ
2751 1433 2871 1504 Θεῷ
2895 1435 2981 1498 τίς
3010 1437 3296 1503 ἐγκαλέσει
3322 1434 3409 1488 διὰ
3435 1433 3625 1496 τοῦτο;

2033 1520 2270 1587 Ἄπαγε.
2330 1518 2586 1572 Ἐκείνων
2616 1520 2724 1592 7&9
2771 1521 2931 1575 τοῦτο
2958 1522 3020 1574 τὸ
3065 1523 3337 1594 ἔγκλημα.
3374 1523 3534 1576 Ποῖον
3584 1520 3630 1572 δ’

2031 1601 2098 1655 ἂν
2131 1602 2260 1656 ἄλλο
2281 1617 2367 1666 τις
2401 1605 2647 1674 ποιήσειε
2675 1608 2901 1674 σημεῖον
2933 1607 3030 1659 τοῦ
3064 1609 3137 1678 μὴ
3163 1606 3455 1674 γινώσκειν
3481 1607 3630 1676 ὑμᾶς

2027 1685 2120 1738 τὸν
2154 1686 2339 1756 νόμον,
2371 1686 2403 1757 ἢ
2438 1688 2499 1740 τὸ
2529 1689 2604 1760 μὴ
2637 1689 2955 1756 πείθεσθαι;
3003 1692 3223 1761 Ἐπειδὴ
3250 1692 3306 1744 δὲ
3335 1687 3511 1755 εἷπον,
3541 1693 3628 1744 ὅτι

2026 1767 2123 1840 Μὴ
2151 1768 2261 1821 τῶν
2292 1771 2567 1840 ἀρχόντων
2605 1789 2688 1834 τις
2714 1773 3036 1826 ἐπίστευσεν
3068 1776 3152 1838 είς
3184 1775 3384 1838 αὑτόν;
3421 1776 3518 1828 καὶ
3545 1775 3628 1827 ὅτι

2029 1853 2092 1906 Ol
2116 1852 2190 1924 μὴ
2216 1853 2579 1922 γινώσκοντες
2605 1855 2695 1910 τὸν
2724 1857 2906 1926 νόμον,
2940 1857 3250 1922 ἀκολούθοις
3283 1857 3464 1913 αὐτῶν
3493 1858 3628 1910 καθ·

2029 1936 2262 1990 άπτεται
2309 1938 2338 1989 ὁ
2384 1938 2729 2008 Νικόδημος,
2767 1941 2941 2004 οὕτως
2981 1942 3155 2010 λέγων
3184 1958 3199 1972 °
3251 1941 3348 2010 Μὴ
3385 1945 3416 1995 ό
3443 1941 3630 2009 νόμος

2026 2020 2199 2090 ἡμῶν
2225 2024 2243 2042 “
2266 2021 2455 2089 κρίνει
2484 2023 2591 2075 τὸν
2613 2022 2950 2091 ἄνθρωπον,
2975 2025 3085 2079 ἐὰν
3105 2025 3192 2094 μὴ
3222 2026 3458 2092 ἀκούσῃ
3491 2024 3627 2092 παρ’

2027 2103 2218 2157 αὐτοῦ
2254 2107 2549 2173 πρότερον
2563 2121 2581 2170 ;
2619 2107 2872 2160 Δείκνυσι
2907 2108 3017 2178 γὰρ
3058 2109 3256 2172 αὐτοὺς
3289 2111 3429 2179 μήτε
3462 2106 3627 2175 γινώ-

2031 2204 2259 2250 σκοντας
2289 2187 2379 2240 τὸν
2403 2187 2588 2258 νόμον,
2621 2194 2757 2260 μήτε
2788 2191 3076 2255 ποιοῦντας
3096 2191 3187 2245 τὸν
3213 2191 3398 2262 νόμον.
3432 2192 3494 2243 Εἰ
3515 2189 3624 2258 7&9

2031 2271 2237 2333 ἐκεῖνος
2274 2271 2372 2342 μὲν
2417 2273 2605 2326 οὐδένα
2646 2274 2857 2327 κελεύει
2901 2274 3289 2328 ἀποκτιννύναι
3337 2273 3624 2344 ἄνθρωπον

2034 2355 2109 2427 μὴ
2136 2354 2400 2426 πρότερον
2424 2357 2768 2420 ἀκούσαντας
2794 2399 2808 2420 ,
2838 2351 2984 2411 οὗτοι
3015 2358 3072 2412 δὲ
3102 2360 3232 2429 πρὶν
3267 2358 3499 2411 ἀκοῦσαι
3532 2357 3626 2408 ἐπὶ

2028 2438 2188 2492 τοῦτο
2241 2437 2534 2509 ὥρμησαν,
2592 2440 2910 2511 παραϐάται
2968 2443 3075 2494 εἰσὶ
3122 2441 3217 2494 τοῦ
3275 2441 3464 2511 νόμου.
3513 2441 3625 2492 Καὶ

2029 2523 2220 2592 ἐπειδὴ
2253 2518 2426 2587 εἷπον,
2464 2524 2576 2576 Καὶ
2613 2524 2788 2588 οὐδεὶς
2824 2524 2930 2578 τῶν
2976 2525 3255 2596 ἀρχόντων
3303 2525 3625 2576 ἐπίστευσεν

2030 2608 2112 2671 είς
2140 2607 2303 2660 αὐτὸν
2324 2649 2337 2673 ,
2384 2606 2471 2660 διὰ
2509 2607 2667 2660 τοῦτο
2697 2609 3115 2679 ἐπισημαίνεται
3145 2611 3172 2661 ὁ
3193 2607 3580 2677 εύαγγελιστὴς
3609 2649 3622 2671 ,

2028 2690 2112 2743 ὅτι
2139 2685 2220 2750 εἷς
2247 2685 2316 2760 ἦν
2336 2688 2397 2754 ἐξ
2421 2691 2618 2756 αὐτῶν,
2641 2691 2853 2754 δεικνὺς
2873 2693 2954 2744 ὅτι
2980 2692 3075 2746 καὶ
3091 2693 3352 2761 ἄρχοντες
3373 2691 3622 2743 ἐπίστευο

2033 2791 2132 2826 σαν
2159 2775 2240 2835 είς
2259 2773 2442 2826 αὐτόν.
2481 2774 2799 2844 Παρρησίαν
2828 2776 2924 2845 μὲν
2949 2776 3057 2846 7&9
3083 2775 3294 2828 ούδέπω
3327 2776 3424 2844 τὴν
3458 2791 3628 2845 προτ-

2031 2858 2270 2928 ήκουσαν
2297 2855 2678 2910 ἐπεδείκνυντο
2700 2874 2713 2888 ·
2765 2859 2903 2928 πλὴν
2939 2858 3235 2929 ᾠκειοῦντο
3261 2857 3341 2928 τῷ
3379 2857 3621 2926 Χριπῷ.

2032 2942 2177 3012 Ὅρα
2207 2941 2264 2994 δὲ
2297 2941 2413 3004 πῶς
2445 2942 2540 2993 καὶ
2588 2942 2725 3011 μετά
2765 2942 2980 3010 φειδοῦς
3012 2942 3104 2995 τὸν
3137 2943 3356 3012 ἔλεγχον
3400 2943 3621 3009 ἐπάγει.

2030 3026 2104 3079 Οὐ
2133 3025 2242 3097 γὰρ
2269 3020 2443 3087 εἶπεν,
2497 3026 2686 3095 Ὑμεῖς
2717 3027 2773 3078 δὲ
2811 3028 3066 3094 βούλεσθε
3101 3029 3261 3081 αὑτὸν
3284 3029 3622 3091 ἀποκτεῖναι,

2029 3109 2124 3162 καὶ
2173 3108 2360 3172 ἁπλῶς
2404 3109 2796 3174 καταδικάζετε
2826 3111 2918 3162 τὸν
2964 3110 3249 3181 ἄνθρωπον
3281 3112 3356 3174 ώς
3392 3111 3617 3163 πλάνον.

2041 3191 2181 3245 Ἀλλ’
2223 3194 2324 3263 οὐχ
2356 3191 2528 3255 οὕτως
2561 3188 2736 3259 εἶπεν,
2779 3193 2914 3246 ἀλλὰ
2971 3198 3409 3266 προσηνέστερον
3443 3197 3492 3261 b,
3525 3195 3624 3264 τὴν

2029 3277 2233 3345 ἄφατον
2257 3275 2436 3329 αὐτῶν
2460 3276 2637 3346 ὁρμὴν
2668 3278 2975 3345 ἐγκόπτων,
3008 3280 3104 3330 καὶ
3135 3279 3197 3331 τὸ
3228 3280 3501 3332 ἄσκεπτον
3530 3281 3624 3330 κιὶ

2031 3362 2269 3430 φονικόν.
2308 3361 2406 3414 Διά
2443 3363 2605 3412 τοῦτο
2633 3361 2726 3414 ἐπὶ
2757 3362 2848 3415 τὸν
2876 3362 3042 3431 νόμον
3072 3363 3263 3432 τρέπει
3305 3364 3395 3415 τὸν
3441 3363 3620 3430 λόγον,

2030 3445 2203 3514 λέγων
2221 3462 2235 3474 ·
2268 3445 2410 3499 Ἐὰν
2427 3443 2507 3512 μὴ
2534 3445 2767 3512 ἀκούσῃ
2791 3444 3067 3512 ἀκριϐῶς,
3087 3445 3183 3497 καί
3215 3445 3337 3515 γνῷ
3364 3447 3421 3498 τί
3444 3445 3620 3500 ποιεῖ.

2036 3530 2199 3582 Ὥστε
2233 3528 2354 3580 οὐδὲ
2381 3527 2700 3598 ἀκροάσεως
2728 3527 2809 3580 δεῖ
2835 3528 3017 3598 ψιλῆς,
3048 3528 3183 3580 ἀλλά
3214 3533 3308 3581 καὶ
3335 3528 3620 3600 ἀκριϐοῦς.

2031 3612 2204 3665 Τοῦτο
2232 3612 2342 3683 γάρ
2367 3614 2505 3676 ἐστι,
2545 3612 2654 3666 Καὶ
2683 3609 2806 3680 γνῷ
2838 3613 2896 3664 τί
2929 3612 3104 3676 ποιεῖ,
3133 3613 3186 3665 τί
3219 3613 3488 3682 βούλεται,
3529 3614 3625 3666 καὶ

2030 3697 2172 3750 διατί
2192 3737 2206 3760 ,
2242 3696 2338 3749 καὶ
2367 3696 2459 3747 ἐπὶ
2491 3696 2620 3758 τίνι,
2650 3695 2880 3766 πότερον
2918 3695 3005 3748 ἐπ’
3037 3697 3318 3767 ἀνατροπῇ
3345 3698 3444 3768 τῆς
3473 3698 3624 3750 πολι-

2030 3780 2182 3843 τείας
2219 3779 2316 3831 κα¹ι
2361 3779 2436 3841 ὡς
2487 3777 2700 3848 ἐχθρός.
2765 3778 3161 3849 Ἀπορηθέντες
3207 3779 3385 3833 τοίνυν
3435 3780 3622 3851 ἐπειδὴ

2033 3859 2206 3928 εἶπον,
2241 3861 2430 3924 Οὐδεὶς
2469 3862 2578 3914 τῶν
2609 3862 2890 3934 ἀρχόντων
2939 3864 3265 3917 ἐπίστευσεν
3317 3866 3397 3928 είς
3437 3865 3622 3929 αὑτὸν,

2033 3945 2157 3999 οὔτε
2200 3944 2480 4016 σφοδρῶς,
2523 3944 2648 3999 οὔτε
2685 3946 2823 4017 μετά
2861 3946 3076 4016 φειδοῦς
3120 3947 3270 4019 αὐτῷ
3319 3949 3625 4020 προσηνέχ-

1943 4079 1945 4081 ,
2034 4029 2227 4099 θησαν.

2107 4114 2170 4185 β’.
2213 4114 2379 4166 Ποίαν
2398 4113 2506 4184 γὰρ
2538 4113 2858 4167 ἀκολουθίαν
2878 4112 2990 4185 ἔχει
3015 4123 3063 4177 ο,
3096 4113 3215 4167 είπέ
3241 4132 3352 4185 μοι,
3378 4115 3626 4179 είπόντος

2035 4198 2265 4262 ἐκείνου,
2298 4198 2378 4250 ὅτι
2413 4197 2472 4250 '0
2493 4199 2654 4268 νόμος
2686 4199 2843 4269 ἡμῶν
2877 4201 2938 4252 οὐ
2970 4199 3144 4268 κρίνει
3178 4199 3392 4263 οὐδένα,
3428 4200 3620 4264 εἰπεῖν,

2033 4285 2129 4350 Μὴ
2154 4283 2253 4336 καί
2290 4283 2371 4335 σὺ
2401 4283 2468 4335 ἐκ
2495 4282 2607 4349 τῆς
2639 4284 2974 4348 Γαλιλαίας
3007 4279 3095 4347 el;
3127 4283 3255 4335 Δέον
3289 4283 3399 4353 7&9
3433 4281 3624 4348 δεῖξαι,

2032 4365 2112 4418 ὅτι
2144 4365 2243 4418 οὐκ
2271 4364 2508 4435 ἀκρίτως
2541 4365 2794 4436 ἔπεμψαν
2821 4365 2983 4418 αὐτὸν
3011 4365 3352 4430 καλέσοντες,
3383 4366 3416 4435 ἢ
3445 4366 3526 4418 ὅτι
3561 4367 3624 4418 οὐ

2035 4447 2138 4519 χρὴ
2164 4449 2486 4517 μεταδοῦναι
2508 4449 2687 4516 λόγου,
2713 4449 3100 4519 ἀγροικότερον
3124 4449 3220 4501 καὶ
3250 4447 3626 4520 θυμικώτερον

2034 4531 2333 4602 κέχρηνται
2356 4535 2422 4602 τῇ
2448 4533 2768 4604 ἀντιρῤήσει
2789 4549 2802 4562 °
2836 4534 3168 4600 Ἐρώτησον
3187 4533 3285 4588 καί
3311 4533 3419 4598 ἴδε,
3448 4532 3539 4585 ὅτι
3557 4533 3626 4586 ἐκ

2032 4612 2144 4682 τῆς
2176 4617 2510 4682 Γαλιλαίας
2551 4616 2866 4686 προφήτης
2904 4618 3017 4670 οὐκ
3049 4616 3378 4687 ἐγήγερται.
3422 4618 3487 4670 Τί
3516 4617 3626 4688 γὰρ

2033 4694 2187 4752 εἶπεν
2217 4700 2246 4750 ὀ
2287 4697 2605 4769 ἅνθρωπος;
2657 4700 2739 4753 ὃτι
2783 4701 3069 4772 προφήτης
3103 4701 3281 4766 ἐστίν;
3332 4699 3499 4755 Εἶπεν
3545 4702 3626 4756 ὅτι

2035 4783 2259 4855 ἄκριτον
2281 4782 2632 4853 ἀναιρεθῆναι
2661 4785 2721 4837 οὐ
2753 4786 2849 4838 δεῖ.
2879 4787 2942 4838 Οἱ
2969 4787 3023 4838 δὲ
3051 4785 3400 4856 ὑϐριστικῶς,
3428 4786 3503 4849 ὡς
3524 4787 3626 4840 οὐκ

2037 4867 2185 4940 [506]
2208 4868 2370 4920 εἰδότι
2395 4870 2522 4940 περὶ
2548 4868 2655 4921 τῶν
2671 4869 2904 4940 Γραφιῖιν
2927 4870 3097 4936 οὐδὲν,
3113 4871 3286 4924 ταῦτα
3307 4873 3584 4942 ἐπήγαγον
3604 4889 3618 4901 ·

2036 4951 2240 5005 ὡσανεὶ
2272 4952 2418 5005 εἴποι
2465 4970 2547 5015 τις
2569 4968 2581 4980 ·
2630 4953 2865 5024 Ὕπαγε,
2901 4953 3086 5024 μάθεο
3121 4955 3280 5008 τοῦτο
3312 4956 3420 5024 7&9
3455 4958 3621 5021 ἐστιν,

2045 5034 2379 5104 Ἑρώτησον
2405 5036 2500 5089 καί
2546 5036 2653 5090 ἴδε.
2677 5039 2743 5090 Τί
2772 5035 2864 5091 οῦν
2902 5042 2929 5092 ὀ
2957 5038 3224 5110 Χριστός;
3257 5038 3475 5109 Ἐπειδὴ
3512 5040 3626 5093 ἄνω

2033 5118 2128 5171 καὶ
2158 5119 2308 5171 κάτω
2337 5117 2433 5189 τὴν
2460 5119 2745 5173 Γαλιλαίαν
2779 5120 3038 5194 ἔστρεφον
3076 5123 3170 5176 καὶ
3199 5123 3289 5174 τὸν
3316 5123 3621 5193 προφήτην,
3650 5160 3651 5163 η

2032 5202 2390 5257 ἀπαλλάττων
2427 5203 2635 5266 πάντας
2666 5205 2872 5275 ταύτης
2897 5206 2996 5275 τῆς
3041 5205 3326 5276 ἀλλοτρίας
3368 5203 3622 5272 ὑποψίας,

2035 5287 2128 5339 καὶ
2164 5286 2411 5353 δεικνὺς,
2444 5286 2525 5340 ὅτι
2562 5288 2658 5356 οὐχ
2692 5282 2772 5350 εἷς
2801 5288 2910 5340 τῶν
2952 5289 3246 5360 προφητῶν
3279 5291 3446 5349 ἐστιν,
3489 5290 3626 5342 ἀλλὰ

2033 5369 2128 5422 τοῦ
2180 5371 2385 5443 κόσμου
2435 5373 2734 5442 Δεσπότης,
2777 5373 2941 5443 φησίν
2966 5390 2979 5403 ο
3011 5374 3153 5444 Ἐγὼ
3193 5374 3318 5441 φῶς
3355 5377 3470 5440 εἰμι
3519 5375 3624 5428 τοῦ

2035 5455 2290 5522 κόσμου.
2321 5457 2394 5508 Οὐ
2449 5455 2768 5520 Γαλιλαίας,
2821 5457 2881 5509 ού
2917 5456 3312 5526 Παλαιστίνης,
3345 5458 3466 5510 οὐδὲ
3523 5459 3623 5527 τῆς

2048 5539 2326 5602 Ἰουδαίας.
2377 5540 2441 5594 Τί
2484 5537 2578 5595 οὖν
2620 5543 2670 5595 οἱ
2710 5542 2993 5605 Ἰουδαῖοι;
3038 5541 3122 5594 Σὺ
3169 5541 3301 5608 περὶ
3358 5544 3623 5596 σεαυτοῦ

2031 5623 2370 5690 μαρτυρεῖς,
2397 5627 2434 5692 ἡ
2461 5627 2755 5693 μαρτυρία
2785 5643 2902 5680 σου
2933 5630 3042 5677 οὐκ
3075 5624 3248 5677 ἔστιν
3279 5624 3531 5692 ἀληθής.
3560 5627 3624 5678 Ὤ

2036 5705 2136 5775 τῆς
2160 5707 2343 5770 ἀνοίας
2365 5709 2376 5760 !
2400 5712 2519 5772 ταῖς
2554 5709 2795 5779 Γραφαῖς
2819 5707 3178 5778 παρέπεμψεν
3200 5707 3312 5762 ἄνω
3334 5711 3428 5762 καὶ
3449 5712 3624 5774 κάτω,

2037 5791 2133 5841 καὶ
2153 5789 2420 5858 λέγουσιν,
2453 5795 2533 5846 ὅτι
2561 5793 2684 5847 Σὺά
2711 5795 2842 5863 περί
2865 5792 3082 5847 ἑαυτοῦ
3103 5793 3444 5862 μαρτυρεῖς.
3479 5792 3542 5847 Τί
3569 5795 3626 5846 δὲ

2038 5873 2454 5944 ἐμαρτύρησεν;
2497 5876 2637 5947 Ἐγώ
2664 5879 2780 5946 εἰμι
2810 5877 2877 5930 τὸ
2903 5876 3024 5945 φῶς
3054 5877 3159 5930 τοῦ
3191 5876 3441 5945 κόσμου.
3467 5877 3626 5943 Μέγα

2101 5990 2119 6009 ‘
2157 5988 2445 6066 Sic‘S‘iwrilz,
2478 5991 2605 6066 οισι.
2633 5999 2684 6040 ει.
2699 5992 2844 6066 εοόιὶ.
2876 5991 2987 6047 705.
3021 5991 3130 6066 7’06.
3156 5989 3625 6066 [.Pgellal‘tl‘fgﬁgﬁ-v.

2041 6051 2187 6117 Emy
2222 6051 2273 6117 ξιξ
2296 6053 2440 6100 Sani.
2471 6054 2664 6117 πλάνον,
2688 6055 2809 6102 ἀλλὰ
2841 6051 3254 6117 προσηνέστερονξ
3304 6056 3327 6084 ε
3352 6051 3451 6108 Αέϋ
3482 6051 3626 6117 εἶχεν.

2042 6114 2068 6153 ἀ
2093 6115 2191 6165 Alii
2221 6114 2456 6174 λέγουσιν,
2483 6114 2588 6161 Ἔτι
2610 6115 2685 6163 σύ.
