4084 6360
396 582 660 643 oportere.
689 572 764 626 Illi
796 587 921 625 vero
950 571 1338 627 contumeliose
1361 612 1377 638 ,
1410 587 1472 626 ac
1501 573 1546 627 si
1576 572 1964 640 Scripturartuu

394 681 610 736 prorsus
635 666 848 734 ignarus
872 674 1033 730 esset,
1066 664 1179 720 lucc
1204 675 1489 735 reponunt,
1517 679 1581 719 ac
1607 665 1654 719 si
1686 665 1964 719 dicerem:

400 757 559 823 Vade,
588 758 767 823 disce;
798 757 851 811 id
870 759 1008 811 enim
1036 757 1133 811 sibi
1165 758 1275 813 vult
1307 757 1459 825 illud,
1491 758 1733 813 Scrutare
1761 766 1804 811 et
1831 756 1961 811 vide.

391 836 527 914 Quid
566 865 694 919 ergo
746 848 1024 903 Christus?
1062 849 1193 917 Quia
1240 848 1516 905 Galilaeam
1557 857 1612 905 et
1648 851 1962 920 prophetam

395 959 605 1014 semper
632 945 683 998 in
721 960 815 1000 ore
843 945 1130 1001 versabant
1160 988 1174 1010 ,
1205 961 1394 1002 omnes
1416 945 1483 1000 ab
1516 944 1689 1000 aliena
1711 942 1963 1015 opinione

393 1050 694 1100 removens,
725 1044 777 1090 et
803 1036 1090 1091 ostendens
1112 1052 1172 1092 se
1190 1052 1292 1091 non
1309 1050 1429 1092 esse
1452 1050 1614 1089 unum
1636 1050 1700 1088 ex
1728 1032 1961 1104 prophe-

390 1128 480 1192 tis,
511 1127 604 1181 sed
629 1127 808 1182 tnundi
837 1130 1117 1183 Dominum
1142 1171 1156 1192 ,
1178 1129 1252 1184 ait
1274 1129 1423 1200 (Cap.
1449 1128 1518 1197 8)
1552 1146 1567 1182 :
1600 1127 1686 1181 12.
1716 1124 1828 1197 Ego
1851 1142 1960 1179 sum

388 1220 477 1272 tua:
502 1220 678 1272 mundi
702 1218 803 1292 (a).
826 1220 939 1274 Non
969 1219 1203 1277 Galilaete
1223 1263 1239 1285 ,
1271 1236 1375 1275 non
1402 1220 1715 1282 Palaestinm,
1742 1233 1845 1272 non
1864 1216 1962 1272 In.

385 1310 534 1364 όςιιω.
560 1309 697 1376 Quid
720 1325 878 1380 porro
905 1309 1071 1366 Judmi
1094 1313 1116 1365 ?
1141 1313 1229 1369 15.
1255 1309 1337 1366 Tu
1358 1312 1421 1366 de
1448 1311 1607 1381 teipso
1626 1309 1962 1363 testimonium

388 1403 639 1473 perhibes,
685 1406 1020 1460 testimonium
1067 1418 1207 1460 tuum
1234 1423 1406 1460 verum
1435 1423 1534 1460 non
1578 1415 1668 1460 est.
1699 1406 1744 1459 0
1786 1403 1961 1458 stulti-

387 1495 552 1548 tiam?
579 1494 658 1549 Ad
694 1493 997 1566 Scriptores
1024 1496 1143 1551 illos
1184 1512 1399 1567 semper
1436 1496 1631 1559 mittit,
1661 1504 1716 1551 et
1752 1493 1956 1559 dicunt,

384 1581 465 1637 Tu
490 1587 824 1640 testimonium
849 1589 1077 1658 perhibes
1111 1589 1174 1643 de
1197 1589 1371 1659 teipso.
1398 1587 1548 1654 Quod
1575 1599 1750 1642 autem
1783 1586 1960 1657 perhi-

386 1673 499 1729 huit
542 1678 939 1734 testimonium?
994 1678 1103 1750 Ego
1153 1696 1267 1733 sum
1316 1682 1405 1733 tua:
1469 1680 1664 1733 mundi.
1714 1679 1958 1749 Magnum

384 1767 605 1836 dictum,
632 1770 809 1840 utique
836 1786 1105 1841 maguum.
1138 1770 1242 1827 Sed
1268 1788 1371 1826 nou
1398 1772 1550 1826 valde
1576 1772 1698 1826 illos
1725 1772 1959 1842 exagita-

390 1859 463 1911 vit
490 1900 505 1923 ,
537 1860 658 1930 quia
708 1875 805 1915 nec
830 1876 889 1916 se
910 1861 1020 1930 jam
1051 1861 1307 1931 aequalem
1334 1860 1477 1917 Patri
1503 1861 1716 1917 dicebat
1737 1903 1752 1927 ,
1780 1878 1880 1917 nec
1899 1877 1957 1918 se

384 1948 575 2004 Filium
603 1950 718 2021 ejus
738 1966 858 2007 esse
888 1952 967 2006 vel
1016 1953 1203 2014 Deum,
1232 1952 1325 2007 sed
1366 1954 1536 2008 lucem
1570 1962 1794 2008 tantum.
1822 1952 1956 2008 lllud

382 2056 592 2112 quoque
639 2050 814 2096 tamen
859 2052 1100 2099 evertere
1140 2042 1389 2098 volebant
1418 2060 1431 2097 :
1460 2059 1580 2098 nam
1610 2044 1780 2115 majus
1828 2043 1955 2099 illud

381 2142 515 2198 crat,
549 2149 707 2205 quam
736 2133 937 2203 dicere,
966 2134 1066 2203 Qui
1091 2137 1314 2207 sequitur
1351 2153 1450 2204 me,
1477 2154 1578 2193 non
1599 2137 1874 2193 ambulabit
1900 2138 1956 2195 in

382 2227 614 2281 tenebris.
646 2224 839 2282 Lucem
867 2238 921 2283 et
948 2229 1195 2284 tenebras
1216 2230 1519 2299 spirituales
1534 2231 1696 2298 dicit;
1725 2235 1827 2287 hoc
1847 2240 1950 2299 est,

380 2318 492 2371 Non
521 2329 697 2374 manet
720 2321 986 2375 iuerrore.
1013 2320 1109 2375 llic
1133 2320 1478 2377 Nicodemum
1500 2323 1666 2378 allicit
1695 2334 1750 2378 ct
1774 2324 1951 2394 erigit,

380 2422 558 2480 utpote
585 2413 672 2483 qui
701 2413 867 2468 libere
899 2413 1146 2482 loquutus
1168 2425 1329 2478 esset,
1355 2426 1515 2487 atque
1542 2418 1811 2473 ministros
1833 2419 1953 2473 lau-

379 2503 468 2555 dat
486 2504 625 2572 quod
656 2504 724 2558 ita
745 2518 803 2558 se
822 2504 1104 2574 gesserint.
1123 2502 1365 2561 Clamare
1391 2507 1533 2561 enim
1559 2506 1631 2582 (b)
1657 2508 1758 2563 hoc
1783 2509 1951 2579 signi-

380 2596 520 2661 ﬁcat,
566 2596 705 2665 quod
734 2596 961 2651 voluerit
1002 2597 1120 2651 illos
1162 2597 1228 2652 ad
1269 2598 1589 2653 audiendum
1635 2600 1887 2655 inducere
1932 2615 1948 2654 :

379 2686 644 2756 simulque
685 2686 1021 2755 subindicat,
1063 2687 1183 2743 illos
1229 2689 1363 2744 clam
1419 2689 1573 2745 dolos
1627 2700 1854 2756 struere,
1898 2691 1951 2747 in

379 2777 611 2833 tenebris
641 2794 830 2849 nempe
857 2790 910 2833 et
936 2781 987 2832 in
1019 2795 1203 2835 errore
1229 2820 1245 2846 ,
1276 2780 1371 2836 sed
1400 2781 1571 2837 lucem
1603 2798 1707 2836 non
1731 2798 1952 2852 supera-

379 2880 526 2923 turos
555 2886 695 2925 esse.
720 2871 893 2940 Atque
908 2869 1197 2925 Nicodemo
1220 2872 1272 2926 in
1296 2883 1527 2928 mentem
1555 2884 1770 2928 revocat
1790 2875 1950 2930 verba

377 2963 463 3017 illa
512 2979 631 3032 qua:
680 2978 848 3032 nuper
890 2963 1138 3017 dixerat:
1175 2962 1351 3018 Omnis
1398 2966 1484 3035 qui
1525 2964 1656 3019 male
1690 2975 1947 3035 operatur,

376 3055 479 3108 edit
503 3056 685 3121 lucem,
716 3066 884 3109 etnon
914 3057 1043 3109 venit
1068 3057 1136 3109 ad
1158 3048 1339 3119 lucem.
1371 3074 1434 3111 ne
1472 3074 1624 3126 opera
1654 3060 1765 3130 ejus
1787 3075 1951 3128 appa-

374 3155 514 3198 reant
540 3144 718 3215 (locu.
751 3146 802 3201 5.
831 3145 954 3216 20).
988 3146 1118 3213 Quia
1149 3146 1419 3212 dicebant,
1451 3150 1721 3204 nemiuem
1751 3151 1949 3219 princi-

376 3250 497 3304 pum
529 3236 582 3290 in
604 3251 724 3290 eum
752 3235 1078 3301 credidisse;
1113 3238 1232 3292 ideo
1259 3238 1372 3306 ait,
1407 3238 1508 3305 Qui
1536 3241 1666 3294 male
1690 3243 1815 3310 agit,
1846 3259 1947 3297 non

374 3328 504 3380 venit
528 3326 597 3380 ad
631 3326 823 3392 lucem,
854 3328 1142 3384 ostendens
1182 3345 1286 3383 non
1326 3345 1394 3385 ex
1424 3332 1558 3387 lucis
1586 3331 1949 3389 imbecillitate

374 3417 506 3472 illud
545 3434 665 3474 esse
692 3459 707 3483 ,
737 3419 830 3474 sed
860 3437 927 3476 ex
970 3422 1178 3476 illorum
1209 3436 1456 3491 perversa
1491 3426 1779 3481 voluntate.
1833 3426 1944 3481 Re-

369 3506 680 3575 sponderunt
731 3520 779 3563 et
811 3512 1049 3565 dixerunt
1083 3513 1129 3565 ei
1152 3529 1171 3566 :
1200 3510 1276 3566 Tu
1301 3513 1364 3565 de
1403 3514 1560 3584 teipso
1600 3518 1937 3573 testimonium

371 3600 619 3667 perhibes.
671 3601 805 3669 Quid
848 3604 1008 3674 igitur
1050 3604 1291 3684 1119⁸111.
1324 3603 1439 3660 Etsi
1485 3623 1575 3676 ego
1611 3609 1948 3662 testimonium

369 3692 603 3761 perhibeo
639 3693 701 3748 de
746 3696 956 3767 meipso,
1013 3686 1349 3751 testimonium
1394 3716 1557 3752 meum
1604 3716 1772 3755 verum
1821 3708 1892 3755 est
1927 3717 1948 3756 :

368 3782 489 3853 quia
513 3785 619 3839 scio
649 3785 782 3840 unde
807 3788 916 3840 veni
934 3828 951 3853 ,
994 3799 1040 3841 et
1081 3805 1177 3857 quo
1206 3789 1372 3853 vado;
1398 3806 1483 3843 vos
1528 3799 1694 3844 autent
1742 3793 1945 3847 nescitis

368 3876 501 3929 unde
524 3878 687 3931 venio.
717 3878 866 3945 Quod
895 3881 1041 3949 prius
1062 3881 1287 3945 dixerat,
1317 3881 1417 3935 hoc
1447 3893 1721 3951 opponunt
1746 3884 1940 3951 Judmi,

368 3977 635 4038 tamquam
664 3970 928 4041 praecipue
948 3972 1167 4026 dictum.
1199 3973 1335 4040 Quid
1362 3990 1490 4045 ergo
1508 3974 1786 4030 Christus?
1812 3976 1942 4031 lllud

367 4060 559 4114 evertit
608 4070 766 4131 atque
806 4064 1079 4132 ostendit,
1123 4080 1183 4119 se
1233 4067 1321 4121 illa
1367 4068 1658 4122 secundum
1708 4070 1940 4139 ipsorum

367 4151 671 4221 opinionem
699 4154 897 4210 dixisse
938 4156 1052 4223 eis,
1082 4157 1223 4227 quod
1270 4174 1390 4214 eum
1434 4162 1727 4231 simplicem
1772 4164 1924 4218 homi-

364 4258 487 4298 nem
518 4260 636 4301 esse
661 4247 1065 4311 arbitrarentur,
1093 4251 1274 4321 aitque
1303 4269 1317 4306 :
1340 4249 1451 4306 Etsi
1476 4270 1567 4324 ego
1608 4257 1943 4312 testimonium

367 4337 601 4400 perhibeo
624 4340 686 4394 de
706 4356 786 4393 me
803 4341 935 4413 ipso,
956 4360 1125 4397 verum
1150 4354 1227 4399 est
1251 4347 1585 4401 testimonium
1612 4367 1795 4418 meum,
1822 4353 1943 4421 quia

362 4427 467 4481 scio
489 4430 621 4482 unde
650 4431 810 4484 uenio.
855 4432 990 4501 Quid
1021 4434 1123 4489 sibi
1152 4437 1267 4491 vult
1292 4436 1435 4493 hoc?
1478 4440 1554 4493 Ex
1588 4441 1696 4495 Deo
1718 4456 1858 4508 sum,
1887 4452 1941 4498 et

366 4516 524 4585 Deus,
555 4530 609 4575 et
639 4520 800 4577 Filius
827 4522 941 4578 Dei.
976 4525 1117 4581 Deus
1144 4527 1243 4582 sibi
1267 4529 1368 4585 [ide
1397 4530 1587 4602 dignus
1613 4536 1762 4588 testis
1800 4553 1812 4588 :
1845 4549 1939 4590 vos

363 4623 492 4664 vero
517 4626 629 4665 non
650 4612 858 4678 nostis;
884 4625 1077 4683 sponte
1101 4627 1273 4672 vestra
1294 4620 1523 4691 maligne
1542 4623 1718 4692 agitis,
1741 4634 1935 4679 etcum

361 4698 546 4757 sciatis
572 4741 586 4764 .
617 4703 823 4758 nescire
851 4705 1114 4761 simulatis
1151 4725 1164 4761 :
1195 4707 1287 4763 sed
1314 4711 1603 4785 secundum
1649 4712 1934 4769 humanam

360 4791 679 4847 sententiam
723 4792 999 4863 loquimini
1025 4838 1041 4863 ,
1070 4797 1309 4869 nihilque
1353 4803 1585 4871 amplius
1635 4806 1937 4878 intelligere

362 4880 543 4949 vultis,
575 4899 733 4952 quam
762 4885 812 4939 id
841 4887 980 4956 quod
1004 4900 1244 4959 apparet.
1277 4892 1363 4948 15.
1404 4890 1505 4948 Vos
1526 4900 1805 4951 secundum
1829 4916 1942 4952 car-

360 4990 472 5027 nem
487 4974 754 5045 judicatis.
784 4975 855 5034 Ut
881 4980 1173 5035 secundum
1199 4996 1416 5039 carnem
1440 4984 1620 5042 vivere
1644 5026 1664 5051 ,
1691 4990 1829 5044 male
1856 4991 1936 5045 vi-

359 5080 487 5120 vere
514 5075 599 5120 est
629 5083 643 5120 :
674 5066 752 5122 sic
775 5070 1069 5125 secundum
1098 5087 1314 5129 carnem
1336 5074 1597 5144 judicare,
1620 5088 1706 5134 est
1734 5081 1933 5151 injuste

354 5151 613 5226 judicare.
641 5156 751 5229 Ego
792 5176 893 5213 non
903 5162 1083 5230 judico
1118 5180 1415 5235 qumquam
1441 5182 1461 5221 :
1484 5167 1569 5223 16.
1597 5180 1643 5225 et
1669 5172 1716 5226 si
1729 5173 1937 5242 judico,

356 5244 604 5308 iudicium
638 5264 804 5302 meum
841 5266 1011 5303 rerum
1039 5261 1131 5306 est.
1177 5253 1290 5310 Hoc
1307 5264 1408 5320 est,
1436 5254 1637 5327 lnjuste
1657 5261 1931 5329 judicatis.

359 5334 425 5387 Et
447 5335 490 5388 si
514 5335 709 5403 injuste
730 5336 1052 5409 judicamus,
1078 5343 1342 5413 inquiunt,
1368 5361 1464 5402 cur
1486 5363 1589 5404 non
1615 5352 1931 5423 redarguis?

354 5440 450 5480 cur
480 5442 589 5482 non
624 5432 894 5501 castigas?
918 5448 1014 5489 cur
1042 5450 1148 5490 non
1176 5438 1500 5497 condemnas
1520 5445 1544 5497 ’ἰ
1563 5443 1697 5514 Quia
1724 5464 1832 5503 non
1862 5453 1929 5507 ad

352 5519 457 5574 hoc
489 5521 647 5589 veni,
678 5522 865 5593 inquit.
911 5524 965 5580 ld
1009 5528 1151 5583 enim
1199 5530 1461 5602 signiﬁcat
1489 5535 1615 5591 illud
1642 5556 1655 5591 :
1686 5536 1798 5612 Ego
1827 5558 1929 5596 non

417 5712 493 5783 (ii)
517 5712 601 5761 llic
623 5719 770 5790 totam
803 5714 1124 5790 demiiliere
1147 5719 1196 5768 in
1233 5721 1472 5775 adulterio
1502 5725 1811 5790 deprehensa
1854 5730 1928 5781 hi-

348 5773 549 5844 storiam.
558 5778 895 5844 .pra-termittit
908 5778 1285 5844 Chrysostomus.

417 5835 489 5907 (b)
516 5836 654 5893 Illud,
674 5836 889 5916 {laniare
908 5835 1268 5916 qum,_videtur
1291 5848 1543 5916 respicere
1563 5850 1680 5903 illud
1710 5867 1815 5916 cap.
1845 5867 1928 5905 se-

350 5900 483 5962 ptimi
504 5899 829 5961 priet-edentis
852 5915 894 5950 v.
921 5901 999 5963 δῖ,
1024 5913 1067 5956 et
1091 5906 1325 5959 clamabat
1343 5899 1526 5961 dicens.

1503 457 1566 510 m
1605 422 1914 512 sessum:
1954 453 2184 510 llOllllL.
2225 456 2329 514 LII.
2362 463 2431 517 al.
2473 463 2557 521 ιι.

2071 758 2263 812 essetis
2290 776 2302 811 :
2334 759 2449 816 hrcc
2497 780 2626 820 vero
2654 783 2761 823 non
2786 770 3031 840 judicans
3058 777 3177 832 dice
3204 821 3219 845 ,
3247 781 3436 853 inquit.
3463 786 3647 861 Neque

2069 846 2191 943 ideo
2217 849 2341 914 dixi,
2377 853 2491 908 Non
2514 855 2759 925 judicans
2790 862 2930 929 dico,
2956 868 3099 937 quod
3130 887 3236 926 non
3279 846 3457 943 fidam,
3488 846 3579 934 ιηὲ
3602 883 3647 937 si

2064 937 2317 1006 judieem.
2351 960 2454 999 vos
2471 962 2588 1004 esse
2614 961 2889 1021 capturum
2922 956 3064 1029 (nam
3093 961 3136 1015 si
3163 961 3479 1035 judicarem,
3504 970 3649 1040 juste

2071 1045 2163 1082 vos
2190 1032 2600 1094 condemuarem
2626 1040 2645 1111 )
2680 1061 2695 1096 :
2734 1053 2790 1097 at
2811 1061 2950 1102 nunc
2974 1057 3178 1121 tempus
3201 1054 3386 1124 jutlicii
3415 1076 3516 1116 non
3539 1073 3643 1119 est.

2069 1119 2324 1179 Futurum
2378 1144 2588 1199 quoque
2631 1133 2886 1200 judicium
2936 1119 3270 1213 subindica't,
3324 1164 3445 1205 cum
3495 1151 3643 1221 dicit,

2074 1215 2205 1281 Quia
2232 1218 2377 1272 solus
2401 1237 2501 1274 non
2541 1240 2672 1287 sum,
2701 1227 2793 1279 sed
2812 1245 2902 1299 ego
2927 1244 2972 1284 et
2991 1235 3077 1302 qui
3096 1236 3229 1289 misit
3248 1256 3327 1293 me
3351 1239 3525 1297 Pater.
3550 1244 3645 1302 llic

2070 1319 2230 1373 porro
2262 1309 2451 1375 innuit,
2483 1328 2586 1367 non
2604 1329 2663 1371 sc
2690 1317 2861 1373 solum
2884 1320 3028 1390 ipsos
3054 1323 3331 1395 damnare,
3353 1334 3444 1388 sed
3475 1336 3634 1390 etiam

2064 1395 2299 1453 Patrem.
2349 1402 2547 1459 Deinde
2599 1404 2701 1463 hoc
2732 1410 2833 1465 sub
2864 1414 3046 1468 umbra
3103 1418 3327 1488 quadam
3383 1423 3535 1491 dixit,
3588 1427 3641 1482 in

2063 1584 2306 1651 scriptum
2334 1596 2426 1654 est,
2446 1588 2661 1645 duorum
2695 1594 2953 1652 hominum
2974 1602 3305 1659 testimonium
3330 1624 3497 1663 verum
3515 1629 3641 1668 esse.

2158 1674 2210 1729 3.
2244 1674 2612 1736 Hmeticorum
2641 1684 2871 1751 obiectio.
2893 1719 2967 1731 —
2985 1694 3118 1759 Quid
3148 1694 3231 1751 hic
3260 1697 3492 1755 dixerint
3528 1702 3639 1759 ba:-

2062 1767 2256 1822 retici?
2297 1770 2433 1837 Quid
2491 1774 2610 1843 plus
2656 1776 2881 1845 habear,
2926 1798 3085 1853 quam
3145 1785 3409 1857 homines,
3450 1795 3493 1848 si
3539 1796 3642 1854 hoc

2062 1857 2261 1913 dictum
2302 1862 2618 1933 simpliciter
2642 1869 3008 1940 accipiamus?
3032 1876 3185 1948 Apud
3228 1880 3470 1939 homines
3500 1888 3647 1946 enim

2061 1946 2182 2003 ideo
2222 1949 2319 2005 hoc
2364 1961 2620 2011 statutum
2677 1958 2811 2029 fuit,
2846 1965 2970 2033 quia
3021 1946 3181 2024 nemo
3217 1973 3363 2027 solus
3404 1986 3486 2031 est
3538 1978 3643 2036 ﬁde

2059 2040 2249 2111 dignus
2279 2063 2291 2099 :
2325 2047 2464 2115 apud
2495 2050 2658 2105 Deum
2688 2064 2867 2109 autem
2895 2059 3163 2126 quomodo
3206 2061 3308 2118 hoc
3351 2076 3494 2123 stare
3538 2085 3639 2139 p0-

2062 2133 2256 2188 tucrit?
2284 2135 2387 2190 Cur
2408 2137 2607 2194 dictum
2631 2152 2712 2197 est
2731 2186 2745 2209 ,
2790 2144 2905 2201 [)uo
2925 2147 3103 2203 ?‘uum
3152 2154 3275 2221 quia
3314 2156 3421 2210 duo
3468 2133 3594 2214 sunt
3620 2203 3636 2225 ,

2058 2225 2141 2279 vel
2157 2227 2276 2297 quia
2301 2228 2542 2287 homines
2554 2244 2696 2301 sunt,
2715 2236 2832 2290 ideo
2847 2248 2971 2293 sunt
2986 2239 3131 2297 duo?
3159 2243 3213 2299 Si
3228 2246 3348 2315 quia
3372 2248 3476 2302 duo
3492 2264 3635 2318 sunt,

2057 2332 2154 2373 cur
2178 2336 2281 2374 non
2303 2324 2538 2395 confugit
2556 2326 2621 2380 ad
2642 2327 2922 2397 Joannem,
2954 2347 3054 2389 nec
3078 2334 3229 2401 dixit,
3251 2338 3636 2400 Testimonium

2057 2425 2156 2482 ego
2201 2414 2459 2483 perhiheo
2505 2416 2573 2473 de
2626 2422 2869 2491 tneipso,
2922 2426 3171 2494 perhibet
3198 2445 3408 2502 quoque
3436 2435 3503 2489 de
3551 2452 3638 2492 me

2057 2499 2326 2560 Joannes?
2351 2520 2446 2561 cur
2466 2523 2571 2563 non
2594 2510 2659 2565 ad
2681 2514 2963 2583 angelum?
2985 2531 3082 2572 cur
3102 2535 3206 2574 nou
3230 2521 3296 2576 ad
3319 2499 3643 2593 prophetas?

2058 2609 2180 2648 nam
2223 2605 2473 2653 sexcenta
2520 2600 2624 2657 alia
2652 2604 2893 2672 proferre
2920 2618 3126 2677 poterat
3152 2614 3476 2673 testimonia.
3523 2618 3630 2674 Sed

2057 2702 2162 2741 non
2193 2687 2294 2747 hoc
2332 2697 2536 2746 tantum
2566 2695 2675 2748 vult
2706 2696 3025 2767 signiﬁcare,
3055 2703 3195 2772 quod
3231 2705 3335 2761 duo
3362 2708 3504 2773 sint;
3540 2710 3639 2764 sed

2055 2780 2213 2833 etiam
2237 2780 2375 2849 quod
2402 2797 2471 2837 ex
2501 2784 2686 2839 eadem
2726 2790 2833 2842 sint
2860 2792 3173 2848 susbtantia.
3208 2795 3297 2851 19.
3320 2797 3506 2853 Dicunt
3534 2802 3579 2854 ei
3616 2817 3635 2855 :

2059 2869 2184 2936 Quis
2226 2880 2299 2925 est
2346 2871 2501 2929 Pater
2550 2879 2712 2931 tuus?
2752 2877 3031 2950 Respondit
3071 2881 3222 2939 Jesus
3254 2902 3273 2940 :
3320 2886 3497 2958 Neque
3557 2909 3635 2945 me

2054 2962 2209 3028 scitis,
2240 2979 2395 3034 neque
2434 2964 2640 3021 Patrem
2671 2986 2856 3027 meum.
2904 2972 3034 3029 Cum
3065 2979 3209 3033 enim
3239 2980 3473 3037 scientes
3502 2991 3635 3039 tatu-

2056 3070 2212 3123 quam
2242 3056 2394 3113 inscii
2428 3059 2856 3133 interrogarent,
2887 3072 3038 3139 quasi
3085 3080 3348 3130 tentantes
3370 3092 3490 3132 eum
3511 3120 3526 3145 ,
3568 3098 3635 3136 ne

2055 3150 2402 3216 responsione
2471 3153 2685 3223 quidem
2752 3157 2870 3213 illos
2925 3161 3189 3233 dignatur.
3256 3166 3380 3224 ideo
3440 3172 3634 3229 clarius

2052 3236 2305 3310 deinceps
2333 3240 2660 3315 liberiusque
2688 3246 2939 3319 loquitur,
2973 3263 3131 3324 atque
3157 3271 3223 3312 ex
3267 3260 3432 3328 signis
3462 3279 3633 3334 exque

2053 3329 2295 3386 doctrina
2346 3338 2681 3404 sequentium
2726 3355 2785 3395 se
2832 3344 3191 3401 testimonium
3234 3352 3463 3422 accipit,
3492 3329 3631 3425 quod

2047 3421 2157 3490 jam
2179 3424 2354 3479 crucis
2380 3434 2589 3497 tempus
2635 3430 2961 3488 immineret.
2985 3435 3125 3503 Scio,
3154 3421 3358 3509 inquit,
3389 3421 3523 3498 unde
3546 3461 3633 3500 ve-

2058 3514 2238 3570 nerim.
2267 3516 2416 3584 Quod
2444 3519 2563 3574 illos
2590 3535 2694 3575 non
2720 3523 2875 3579 valde
2904 3529 3109 3591 movit;
3142 3544 3264 3586 cum
3292 3533 3495 3591 addidit
3535 3552 3630 3593 au-

2051 3614 2158 3660 tem
2184 3647 2201 3674 ,
2237 3608 2348 3675 Quo
2368 3625 2460 3681 ego
2500 3612 2646 3678 vado,
2677 3615 2845 3685 magis
2875 3616 2994 3673 illos
3020 3622 3312 3693 exterruit,
3344 3628 3493 3696 quasi
3521 3646 3625 3685 non

2050 3706 2196 3752 esset
2244 3698 2297 3752 in
2350 3710 2522 3756 morte
2573 3719 2973 3774 permansuros.
3016 3710 3121 3766 Sed
3165 3728 3260 3769 cur
3310 3733 3415 3773 non
3454 3719 3626 3788 dixit,

2051 3787 2192 3843 Deus
2233 3803 2388 3856 sum;
2438 3793 2531 3848 sed
2557 3836 2571 3860 ,
2616 3795 2737 3851 Scio
2773 3800 2908 3853 unde
2939 3802 3123 3857 venio?
3161 3803 3383 3877 Semper
3412 3787 3629 3872 humilia

2047 3878 2363 3936 sublimibus
2388 3883 2668 3952 admiscet,
2701 3898 2754 3944 et
2783 3888 2897 3945 hzee
2918 3893 3077 3949 etiam
3114 3896 3466 3957 suboccultat.
3495 3904 3626 3960 Cum

2047 3970 2274 4027 dixisset
2300 3976 2468 4043 enim,
2511 3978 2622 4050 Ego
2671 3984 3007 4039 testimonium
3045 3989 3278 4059 perhibeo
3320 3995 3382 4048 de
3416 3998 3625 4066 meipso,

2049 4063 2207 4133 idque
2233 4067 2592 4138 ostendisset,
2632 4073 2697 4125 ad
2725 4073 3004 4132 humiliora
3027 4082 3170 4136 venit
3192 4097 3211 4146 ;
3233 4098 3294 4138 ac
3320 4084 3363 4138 si
3384 4063 3622 4153 dixis-set,

2046 4157 2167 4211 Scio
2193 4173 2221 4212 a
2247 4174 2353 4228 quo
2379 4161 2573 4217 missus
2619 4166 2739 4231 sim,
2789 4178 2842 4222 et
2870 4169 2936 4223 ad
2964 4187 3122 4241 quem
3155 4176 3364 4232 vadam.
3397 4179 3484 4235 Sic
3521 4196 3635 4236 non

2050 4258 2295 4315 poterant
2318 4255 2706 4322 contradicere,
2730 4272 2852 4312 cum
2880 4262 3160 4332 audirent,
3201 4268 3267 4321 ab
3305 4285 3370 4323 eo
3406 4273 3621 4327 missum

2045 4353 2185 4404 esse,
2216 4350 2271 4396 et
2293 4342 2357 4397 ad
2388 4358 2510 4399 eum
2540 4349 2754 4402 reverti.
2777 4349 2919 4406 Nihil
2947 4355 3087 4409 enim
3109 4396 3123 4421 ,
3158 4356 3329 4428 inquit
3350 4403 3366 4426 ,
3397 4362 3513 4418 falsi
3546 4366 3623 4419 lo-

2045 4440 2241 4498 quutus
2281 4447 2419 4488 sum.
2465 4435 2590 4490 lude
2632 4440 2789 4504 veni,
2835 4441 2958 4497 illuc
3003 4446 3267 4516 remigro,
3320 4451 3385 4505 ad
3435 4468 3620 4510 verum

2044 4524 2234 4579 Deum.
2260 4524 2367 4580 Vos
2393 4536 2571 4583 autem
2606 4528 2772 4586 Deum
2796 4549 2900 4588 non
2928 4536 3098 4592 nostis
3128 4555 3143 4593 :
3186 4539 3307 4595 ideo
3329 4545 3622 4603 secundum

2043 4631 2258 4672 carnem
2282 4618 2554 4687 judicatis.
2586 4620 2720 4677 Nam
2753 4635 2874 4695 post
2915 4635 2995 4681 tot
3021 4629 3200 4685 audita
3235 4632 3426 4689 indicia
3454 4645 3617 4693 ctar-

2043 4722 2293 4777 gumcnta
2324 4712 2501 4767 adhuc
2546 4713 2758 4785 dicitis,
2813 4716 2937 4774 Non
2961 4731 3034 4776 est
3065 4739 3208 4779 verus
3244 4739 3263 4779 :
3309 4736 3365 4783 et
3404 4728 3616 4801 Moysen

2043 4800 2147 4857 ﬁde
2170 4802 2384 4873 dignum
2412 4807 2628 4883 pqtatis,
2656 4816 2712 4863 et
2748 4806 2814 4865 de
2852 4811 2969 4867 aliis
2997 4822 3052 4869 et
3084 4813 3152 4871 de
3184 4832 3244 4872 se
3278 4800 3618 4891 loquentem;

2041 4890 2309 4947 Christum
2338 4912 2465 4950 vero
2492 4914 2597 4952 non
2635 4900 2781 4955 item.
2812 4900 2926 4958 lloc
2971 4915 3054 4959 est
3079 4908 3371 4964 secundum
3402 4926 3619 4970 carnem

2035 4984 2298 5054 judicare.
2315 4988 2422 5059 Ego
2436 5001 2599 5043 autem
2616 5008 2715 5045 non
2722 4993 2902 5062 judico
2917 5012 3215 5068 quamquam
3228 4998 3409 5069 (Joan.
3500 5004 3616 5076 ἓξ).

2039 5075 2197 5146 Atqui
2228 5077 2389 5131 etiam
2420 5079 2583 5147 dicit,
2631 5078 2791 5137 Pater
2818 5086 3063 5139 neminem
3084 5089 3306 5157 judicat.
3361 5090 3468 5147 Cur
3492 5110 3618 5163 ergo

2040 5168 2127 5224 hic
2152 5169 2280 5224 dicit
2313 5188 2326 5225 :
2358 5167 2423 5223 Et
2459 5172 2505 5226 si
2529 5173 2745 5242 judico,
2787 5176 3041 5244 judicium
3077 5195 3241 5233 meum
3274 5183 3467 5251 iustum
3506 5197 3617 5251 est,

2036 5264 2155 5331 quia
2180 5280 2281 5316 non
2308 5280 2420 5319 sum
2448 5266 2587 5319 solus
2609 5267 2634 5319 ?
2678 5267 2883 5323 Rursus
2925 5272 3216 5328 secundum
3261 5275 3471 5331 illorum
3504 5284 3619 5350 opi-

2037 5355 2249 5409 nionem
2301 5356 2553 5426 loquitur.
2600 5359 2713 5413 Hoc
2755 5370 2877 5426 est,
2922 5361 3187 5420 Iudicium
3219 5382 3396 5424 meum
3446 5371 3620 5428 Patris

2036 5456 2160 5501 est:
2196 5463 2369 5518 neque
2410 5450 2567 5504 aliter
2611 5466 2768 5520 quam
2816 5469 2916 5523 ego
2968 5455 3126 5512 Pater
3158 5456 3402 5529 judicat,
3445 5478 3618 5533 neque

2018 5537 2194 5593 laliter
2218 5555 2339 5609 ego,
2366 5556 2522 5610 quam
2548 5542 2722 5597 Pater.
2745 5544 2854 5598 Cur
2878 5562 3006 5601 vero
3030 5547 3241 5604 Patrem
3268 5556 3617 5610 memoravit?

2033 5628 2149 5686 Non
2198 5632 2453 5702 putabant
2499 5633 2574 5689 illi
2611 5633 2715 5690 ﬁde
2748 5635 2965 5708 dignum
3010 5637 3240 5708 Filium,
3293 5644 3394 5700 nisi
3444 5645 3616 5704 Patris

2036 5723 2398 5779 testimonium
2427 5728 2726 5797 accepisset
2760 5746 2774 5782 :
2817 5729 3049 5799 alioquin
3101 5732 3301 5789 dictum
3338 5735 3465 5791 illud
3509 5756 3611 5793 non

2034 5818 2294 5871 stetisset.
2322 5819 2474 5887 Apud
2501 5818 2749 5876 homines
2778 5822 2921 5875 enim
2956 5837 3074 5877 cum
3106 5825 3213 5880 duo
3237 5828 3304 5882 de
3335 5844 3394 5884 re
3439 5830 3610 5884 aliena

2038 5910 2405 5967 testiueuium
2426 5912 2636 5980 ferunt,
2680 5923 2803 5969 tunc
2832 5917 3194 5973 testimonium
3220 5936 3403 5975 verum
3451 5921 3606 5979 habe-
