4084 6360
468 408 563 463 291

1188 402 1244 457 S.
1286 398 1563 455 ,ΙΟᾹΝΝΙΞ
1602 394 2079 451 CilRYSOSTOMl
2118 394 2435 450 ARCHIEP.
2476 394 3008 453 CONSTANTINOP.

3642 404 3744 458 99⁸2

465 530 589 585 ιιιι·;
623 518 726 575 hoc
759 525 843 574 est
866 516 1031 582 enim,
1075 512 1211 569 duos
1241 511 1608 568 testimonium
1655 510 1813 565 ferre.
1844 508 1899 563 Si
1942 510 2063 579 quis
2158 509 2285 563 Sine
2318 508 2415 562 hac
2448 510 2589 562 enim
2620 510 2817 579 gloria,
2848 511 2935 564 illa
2967 509 3096 563 nihil
3127 520 3225 565 est.
3270 510 3394 566 Vide
3421 524 3502 576 tu,
3537 515 3705 583 inquit
3730 558 3743 578 ,

465 627 590 666 vero
608 610 676 667 de
693 626 752 665 se
770 608 1130 666 testimonium
1158 606 1311 671 ferat,
1331 620 1438 660 non
1466 605 1575 674 jam
1598 602 1705 658 duo
1723 612 1888 657 testes
1907 610 2051 655 sunt.

533 703 764 760 Christus
806 721 858 758 se
887 702 1033 755 Patri
1084 698 1559 755 consubstantialem
1607 697 1841 751 ostendit.
1866 726 1939 736 ——
1964 695 2052 749 Vi-

461 794 582 849 den’
612 795 760 848 illum
791 810 894 847 non
922 792 1023 846 alia
1051 792 1118 846 de
1144 806 1307 846 causa
1340 791 1441 843 hoc
1470 789 1690 853 dixisse,
1729 788 1831 841 nisi
1872 796 1932 841 ut
1960 802 2052 842 05-

462 888 709 945 tenderet
734 902 793 941 se
813 883 1324 941 consubstantialem
1347 898 1488 945 esse,
1512 890 1567 936 et
1591 896 1686 951 per
1705 881 2051 948 semetipsum

460 982 655 1037 deinde
684 996 789 1034 non
819 994 978 1049 egere
1006 994 1063 1032 se
1091 977 1198 1031 alio
1230 976 1574 1040 testimonio;
1609 983 1770 1043 utque
1800 971 2052 1042 probaret

462 1090 521 1131 se
562 1073 696 1129 nihil
755 1073 930 1126 minus
984 1069 1206 1133 habere,
1262 1083 1421 1139 quam
1471 1062 1881 1120 Patrem?Vide
1923 1078 2051 1133 ergo

458 1167 853 1219 auctoritatem.
884 1164 967 1218 l8.
996 1161 1109 1232 Ego
1126 1177 1238 1215 sum
1257 1160 1340 1231 qui
1363 1157 1699 1213 testimonium
1724 1154 1956 1225 perhibeo
1989 1155 2050 1209 de

460 1258 652 1324 meipso
677 1298 693 1321 ,
724 1265 769 1309 et
813 1254 1150 1307 testimonium
1180 1250 1404 1321 perhibet
1456 1249 1517 1301 de
1544 1263 1624 1301 me
1665 1246 1752 1316 qui
1797 1246 1931 1299 misit
1972 1262 2051 1299 me

464 1349 642 1403 Pater.
670 1347 786 1402 Non
816 1346 865 1400 id
894 1345 1160 1416 posuisset
1186 1343 1230 1397 si
1258 1341 1480 1396 minoris
1506 1339 1818 1394 substantia:
1840 1338 2047 1392 fuisset.

461 1441 666 1497 Deinde
688 1456 754 1494 ne
785 1439 993 1493 numeri
1016 1452 1173 1492 causa
1204 1436 1255 1490 id
1302 1435 1530 1504 positum
1562 1442 1716 1503 putes
1741 1475 1756 1499 ,
1796 1432 1918 1487 vide
1953 1446 2051 1503 po-

460 1542 705 1589 testatem
731 1532 781 1585 in
808 1530 954 1584 nullo
975 1529 1267 1583 diversam.
1286 1525 1625 1580 Testiﬁcatur
1646 1524 1807 1578 homo
1828 1538 1947 1577 cum
1975 1537 2043 1577 ex

459 1642 519 1680 se
549 1623 651 1677 lide
680 1623 869 1693 dignus
895 1629 996 1686 est,
1026 1635 1131 1674 non
1163 1634 1283 1673 cum
1316 1617 1623 1671 testimonio
1650 1624 1769 1685 eget
1795 1631 1810 1680 ;
1840 1613 2049 1683 hocque

460 1719 512 1771 in
543 1717 717 1771 aliena
758 1730 857 1769 re:
890 1714 943 1767 in
986 1729 1044 1767 re
1075 1727 1204 1767 vero
1255 1725 1348 1765 sua
1379 1726 1499 1763 cum
1544 1709 1853 1763 testimonio
1903 1717 2045 1776 eget,

458 1825 566 1863 non
589 1809 696 1877 jam
727 1815 811 1862 est
836 1804 941 1860 ﬁde
963 1804 1173 1874 dignus.
1205 1802 1301 1857 ilic
1328 1818 1458 1857 vero
1484 1812 1688 1855 contra.
1731 1799 1863 1853 Nam
1911 1802 1959 1852 in
1990 1816 2047 1853 re

457 1917 553 1956 sua
583 1900 892 1961 testiﬁcans,
925 1907 976 1952 et
998 1913 1054 1949 se
1080 1896 1300 1949 alterius
1332 1894 1694 1949 testimonium
1730 1893 1926 1948 habere
1952 1892 2042 1945 di-

458 2006 607 2058 cens,
634 2006 693 2046 se
715 1988 817 2043 ﬁde
847 1988 1063 2058 dignum
1094 2002 1215 2042 esse
1235 1987 1384 2052 dicit,
1416 1985 1651 2054 undique
1675 1999 1826 2039 suam
1858 1994 2044 2038 osten-

459 2083 613 2139 dens
642 2081 1036 2135 auctoritatem.
1070 2076 1180 2133 Cur
1212 2079 1355 2133 enim
1402 2094 1520 2131 cum
1561 2077 1731 2142 dixit,
1776 2075 1897 2129 Non
1936 2093 2046 2129 sum

457 2175 615 2240 solus,
644 2173 733 2227 sed
758 2188 846 2241 ego
876 2180 922 2225 et
948 2173 1031 2241 qui
1061 2170 1193 2223 misit
1217 2186 1295 2223 me
1323 2168 1519 2232 Pater;
1547 2180 1600 2223 et
1622 2210 1636 2229 ,
1670 2168 1901 2221 Duorum
1944 2169 2043 2221 ho-

456 2266 650 2319 minum
680 2265 1015 2318 testimonium
1042 2277 1209 2315 verum
1232 2270 1302 2315 est
1326 2278 1343 2325 ;
1368 2276 1472 2314 non
1502 2260 1680 2321 tacuit,
1706 2259 1799 2313 sed
1827 2260 2042 2328 adjecit,

457 2358 571 2430 Ego
600 2375 711 2411 sum
738 2358 824 2429 qui
856 2356 1194 2409 testimonium
1219 2354 1455 2425 perhich
1479 2354 1539 2407 de
1566 2354 1756 2423 meipso
1782 2355 1808 2407 ?
1846 2358 2044 2408 Aucto-

454 2453 665 2505 ritatem
710 2451 891 2519 utique
932 2447 1328 2501 demonstrans.
1379 2447 1443 2499 Et
1482 2447 1652 2514 primo
1686 2445 1917 2514 seipsum
1945 2460 2043 2515 po-

453 2544 561 2597 suit
589 2562 602 2596 :
636 2542 743 2612 Ego
768 2559 879 2595 sum
904 2541 988 2611 qui
1012 2541 1348 2593 testimonium
1367 2539 1597 2609 perhibeo
1626 2538 1687 2591 de
1714 2539 1922 2607 meipso.
1949 2538 2045 2592 Hic

454 2651 582 2688 vero
609 2634 841 2688 ostendit
869 2648 928 2688 se
972 2633 1177 2687 honore
1220 2647 1400 2701 parem
1432 2650 1444 2685 :
1476 2631 1713 2701 nihilque
1761 2631 1865 2685 illis
1893 2630 2045 2701 prod-

456 2743 596 2791 esse,
617 2727 662 2780 si
690 2726 855 2780 Deum
885 2726 1095 2780 Patrem
1123 2740 1183 2779 se
1204 2738 1363 2778 nosse
1389 2722 1586 2787 dicant,
1618 2722 1662 2776 si
1685 2737 1744 2777 se
1769 2722 2036 2793 ignorent,

453 2820 604 2888 cujus
628 2820 703 2873 rei
729 2833 942 2873 causam
971 2832 1091 2872 esse
1119 2816 1281 2881 dicit,
1333 2814 1474 2884 quod
1505 2830 1563 2868 se
1595 2830 1917 2885 cognoscere
1943 2830 2042 2869 no-

455 2913 574 2966 lint.
609 2912 744 2965 Dicit
770 2926 899 2980 ergo
927 2926 1032 2963 non
1068 2924 1224 2979 posse
1270 2908 1480 2962 Patrem
1525 2909 1774 2976 cognosci
1819 2909 1934 2962 sine
1960 2911 2041 2962 sui

452 3004 755 3073 cognitione
778 3042 793 3066 ,
822 3012 882 3056 ut
912 3003 990 3056 vel
1033 3003 1109 3054 sic
1131 3016 1224 3054 eos
1251 3000 1315 3053 ad
1344 3002 1422 3053 sui
1455 2999 1693 3053 notitiam
1724 2999 2039 3055 attraheret.

455 3098 588 3162 Quia
643 3094 823 3160 enim,
876 3094 991 3162 ipso
1038 3094 1255 3157 relicto,
1304 3091 1516 3146 Patrem
1568 3106 1783 3159 semper
1838 3091 2043 3145 discere

452 3187 758 3256 qumrebant
781 3225 797 3251 ,
831 3186 905 3239 ait
934 3204 945 3237 :
1002 3185 1123 3239 Non
1169 3185 1373 3253 potestis
1402 3200 1548 3236 nosse
1578 3182 1781 3236 Patrem
1803 3185 1910 3236 sine
1939 3199 2038 3239 me.

453 3277 633 3348 itaque
661 3278 750 3347 qui
778 3277 830 3331 in
868 3276 1062 3330 Filium
1105 3275 1479 3345 blasphemant
1504 3290 1611 3329 non
1642 3275 1694 3328 in
1722 3274 1892 3344 ipsum
1921 3283 2039 3329 tan-

453 3377 585 3435 tum,
617 3368 709 3423 sed
735 3377 788 3423 et
813 3368 865 3423 in
897 3367 1109 3423 Patrem
1136 3367 1523 3437 blasphemant.

522 3462 574 3516 4.
606 3460 732 3515 Ilaec
762 3475 859 3515 nos
885 3474 1188 3527 caveamus,
1215 3468 1269 3515 et
1298 3459 1492 3513 Filium
1518 3458 1879 3529 gloriﬁcemus
1908 3474 1921 3511 :
1950 3459 2039 3529 qui

450 3553 496 3608 si
527 3569 633 3608 non
662 3552 903 3623 ejusdem
928 3563 1072 3607 esset
1099 3563 1323 3616 naturae,
1348 3568 1453 3606 non
1487 3552 1556 3605 ita
1596 3551 1847 3621 loquutus
1876 3561 2037 3605 esset.

450 3646 602 3713 Quod
621 3646 666 3701 si
694 3654 898 3699 tantum
928 3645 1192 3712 docuerit,
1228 3645 1350 3700 licet
1377 3646 1601 3700 alterius
1625 3656 1768 3699 esset
1795 3644 2044 3699 substan-

450 3738 538 3794 tia:
560 3778 573 3800 ,
620 3747 799 3807 posset
824 3738 1087 3807 quispiam
1118 3750 1445 3808 cognoscere
1486 3738 1697 3792 Patrem
1722 3779 1737 3805 ,
1770 3746 1823 3793 et
1863 3738 2037 3806 ipsum

451 3831 699 3899 ignorare
732 3847 746 3884 :
801 3822 1127 3899 rursumque
1166 3831 1253 3898 qui
1283 3830 1491 3884 Patrem
1525 3838 1735 3893 nosset,
1787 3844 1895 3883 non
1921 3829 2043 3883 ideo

452 3921 647 3975 Filium
677 3930 1041 3991 cognosceret.
1071 3920 1253 3990 Neque
1280 3922 1418 3975 enim
1447 3922 1535 3991 qui
1560 3922 1706 3975 novit
1732 3921 2003 3976 hominem
2022 3963 2039 3987 ,

451 4013 600 4067 novit
623 4015 787 4068 etiam
829 4012 1099 4083 angelum.
1154 4013 1265 4067 lmo
1292 4056 1307 4078 ,
1337 4015 1579 4084 inquies;
1614 4030 1735 4067 nam
1764 4015 1851 4082 qui
1896 4015 2044 4068 novit

449 4113 791 4170 creaturam,
826 4105 968 4159 novit
996 4113 1050 4158 et
1073 4104 1261 4158 Deum.
1293 4104 1525 4160 Minime.
1560 4106 1711 4160 Multi
1758 4105 1901 4160 enim
1941 4120 2040 4159 no-

449 4205 574 4250 runt
600 4206 897 4250 creaturam
922 4237 935 4261 ,
970 4196 1076 4249 imo
1106 4210 1296 4250 omnes
1323 4197 1566 4251 homines
1585 4239 1600 4261 ,
1646 4196 1734 4265 qui
1765 4196 1945 4250 vident
1974 4196 2039 4251 il-

449 4288 555 4343 lam
574 4330 588 4354 ,
631 4298 686 4343 et
716 4289 879 4342 Deum
909 4304 1013 4342 non
1058 4298 1269 4342 norunt.
1300 4287 1668 4344 Gloriﬁccmus
1697 4303 1824 4358 ergo
1847 4288 2038 4341 Filium

450 4380 581 4445 Dei,
629 4396 738 4434 non
767 4381 867 4435 hac
892 4380 1062 4451 gloria
1094 4390 1295 4435 tantum
1315 4421 1332 4446 ,
1381 4382 1475 4436 sed
1518 4383 1677 4436 etiam
1729 4396 1822 4451 per
1852 4396 2035 4451 Opera.

2155 598 2373 653 Judwns
2401 602 2770 671 cognominaris
2788 643 2803 665 ,
2854 613 2900 654 et
2928 602 2980 655 in
3010 602 3115 671 lege
3144 604 3386 672 quiescis,
3421 617 3466 657 et
3512 608 3744 675 gloriaris

2157 692 2211 745 in
2241 691 2347 745 Deo
2379 693 2552 762 (Rom.
2592 692 2646 746 2.
2680 694 2790 761 Π).
2839 694 2939 757 Qui
2974 696 3129 747 alium
3170 698 3313 749 doces
3338 741 3352 763 ,
3390 699 3599 766 teipsum
3646 717 3743 753 non

2158 785 2306 837 doces
2330 788 2343 815 ³
2365 786 2389 837 ?
2413 786 2496 853 qui
2517 786 2570 847 in
2604 787 2709 856 lege
2735 787 2970 856 gloriaris
2989 829 3002 851 ,
3036 806 3122 857 per
3148 790 3271 857 tegis
3298 794 3742 862 transgressionem

2156 874 2322 928 Deum
2361 876 2631 930 inhonorus
2663 875 2822 946 (Ibid.
2869 894 2916 930 υ.
2958 878 3091 947 2i)?
3126 880 3254 935 Vide
3298 897 3365 936 ne
3409 898 3505 936 nos
3546 884 3644 952 ipsi
3689 884 3740 938 in

2156 977 2300 1020 recta
2330 966 2431 1020 ﬁde
2458 968 2776 1036 gloriantes,
2808 969 2950 1038 quod
2979 971 3141 1023 vitam
3182 971 3301 1027 ﬁdei
3330 983 3739 1029 consentaneam

2159 1075 2264 1112 non
2297 1060 2663 1125 exhibeamus,
2695 1061 2862 1115 Deum
2890 1062 3304 1127 inhonoremus,
3333 1063 3458 1119 dum
3498 1066 3550 1121 in
3584 1082 3739 1121 causa

2156 1164 2343 1205 sumus
2366 1151 2504 1219 quod
2527 1151 2945 1221 blaspliemetur.
2972 1152 3255 1209 Vultenim
3273 1156 3359 1210 ille
3378 1155 3739 1213 Christianum

2156 1256 2277 1296 esse
2332 1241 2610 1296 doctorem
2658 1242 2839 1309 orbis,
2892 1244 3248 1313 fermentum,
3298 1247 3509 1316 lucem,
3550 1250 3735 1305 salem.

2155 1334 2292 1402 Quid
2318 1345 2397 1388 est
2428 1335 2556 1389 lux?
2590 1334 2707 1390 Vita
2736 1337 3053 1407 splendens,
3096 1339 3225 1393 nihil
3252 1341 3465 1397 obscuri
3511 1343 3731 1398 habens.

2155 1427 2267 1482 Lux
2301 1444 2406 1482 non
2434 1429 2532 1482 sibi
2562 1428 2706 1483 utilis
2728 1436 2811 1483 est
2830 1471 2845 1494 ,
2875 1439 2931 1483 ut
2960 1444 3133 1499 neque
3160 1431 3267 1497 sal,
3298 1447 3471 1502 neque
3502 1434 3735 1490 fermen-

2156 1529 2263 1574 tum
2291 1562 2305 1587 ,
2335 1520 2426 1575 sed
2456 1521 2573 1574 aliis
2598 1520 2878 1576 utilitatem
2904 1520 3152 1576 aﬁ‘erunt.
3180 1523 3252 1577 lta
3273 1538 3301 1575 a
3332 1525 3483 1579 nobis
3505 1541 3609 1580 non
3631 1529 3735 1581 uti-

2155 1612 2273 1666 litas
2299 1622 2499 1666 tantum
2532 1623 2731 1680 nostra,
2760 1616 2853 1667 sed
2883 1625 2937 1669 et
2962 1614 3185 1668 aliorum
3208 1616 3453 1686 exigitur.
3486 1617 3573 1673 Sal
3595 1622 3736 1675 enim

2153 1706 2252 1759 nisi
2282 1705 2476 1760 Salsum
2509 1706 2730 1772 reddat,
2763 1723 2871 1761 non
2920 1715 3005 1762 est
3041 1709 3139 1763 sal.
3168 1709 3271 1764 Sed
3299 1710 3441 1764 aliud
3466 1713 3733 1784 quidpiam

2157 1798 2598 1865 deprehenditur.
2623 1799 2753 1853 Nam
2778 1801 2821 1853 si
2844 1816 2940 1856 nos
2962 1810 3103 1855 recte
3125 1802 3390 1870 vivamus,
3414 1804 3499 1859 alii
3525 1821 3734 1877 quoque

2152 1890 2287 1944 bene
2317 1908 2374 1945 se
2398 1899 2586 1961 gerent
2612 1909 2623 1943 :
2652 1891 2823 1946 donec
2846 1902 3023 1947 autem
3048 1902 3190 1947 recte
3218 1893 3472 1959 vivamus,
3503 1912 3606 1950 non
3634 1914 3731 1966 po-

2153 1982 2374 2035 terimus
2403 1982 2521 2035 aliis
2543 1982 2818 2052 prodesse.
2842 1982 2981 2036 Nihil
3012 1983 3233 2048 fatuum,
3258 1984 3389 2039 nihil
3412 1988 3569 2043 molle
3594 1990 3731 2057 apud

2153 2089 2251 2128 nos
2280 2076 2367 2127 sit.
2399 2075 2553 2129 Tales
2583 2085 2708 2130 sunt
2729 2091 2815 2129 res
2842 2077 3127 2131 saeculares
3151 2118 3165 2143 ,
3197 2080 3328 2133 tales
3358 2079 3513 2148 hujus
3552 2084 3731 2137 mundi

2150 2168 2557 2248 sollicitudines.
2608 2168 2732 2224 Ideo
2778 2169 3007 2239 virgines
3047 2170 3205 2225 fatua:
3247 2182 3370 2227 sunt
3416 2175 3726 2243 appellata,

2149 2263 2272 2330 quia
2320 2262 2477 2315 fatuis
2510 2261 2666 2316 rebus
2719 2263 3064 2317 smcularibus
3110 2279 3329 2332 operam
3376 2265 3615 2321 dabant:
3647 2268 3732 2324 hic

2149 2364 2554 2423 congregantes,
2584 2369 2682 2408 nec
2707 2354 3037 2422 deponentcs
3060 2355 3144 2408 ubi
3175 2355 3441 2425 deponere
3466 2373 3559 2426 par
3596 2370 3729 2412 erat.

2149 2444 2464 2500 Timenduin
2510 2460 2638 2515 ergo
2668 2460 2735 2499 ne
2778 2445 3005 2515 idipsum
3049 2445 3201 2500 nobis
3228 2449 3536 2518 contingat,
3592 2466 3731 2504 neve

2152 2538 2384 2593 sordidis
2431 2538 2598 2591 induti
2646 2539 2880 2592 vestibus
2932 2539 3185 2593 abeamus
3231 2540 3360 2608 illo,
3406 2542 3491 2595 ubi
3545 2557 3730 2598 omnes

2145 2630 2438 2700 splendidis
2466 2639 2589 2684 sunt
2620 2630 2806 2684 induti.
2836 2630 2973 2684 Nihil
3000 2632 3141 2685 enim
3170 2632 3438 2686 sordidius
3471 2644 3687 2703 peccato
3709 2676 3727 2699 ,

2146 2720 2277 2776 nihil
2306 2722 2585 2789 impurius.
2617 2722 2952 2791 Quapropter
2993 2723 3108 2791 ejus
3137 2732 3375 2778 naturam
3419 2724 3729 2780 describens

2147 2813 2405 2883 prOpheta
2434 2813 2695 2867 clamabat
2719 2831 2731 2866 :
2764 2812 3077 2866 Putruerunt
3104 2824 3150 2867 et
3176 2825 3424 2884 corrupta:
3460 2825 3575 2870 sunt
3598 2816 3729 2869 cica-

2147 2905 2292 2959 trices
2319 2920 2440 2958 metr
2467 2903 2639 2974 (Psal.
2671 2905 2760 2960 '57.
2791 2903 2866 2976 6).
2894 2905 2949 2959 Si
2983 2906 3061 2958 vis
3089 2907 3287 2975 peccati
3333 2906 3574 2961 faetorem
3617 2908 3730 2961 edi-

2146 3015 2319 3065 scere,
2344 3010 2619 3068 postquam
2649 3001 2990 3053 commissum
3013 3010 3095 3055 est
3122 2999 3274 3068 illud,
3302 3001 3577 3055 considera
3608 3015 3725 3054 cum

2143 3091 2252 3161 jam
2278 3109 2304 3143 a
2334 3093 2763 3162 concupiscentia
2790 3093 2922 3145 liber
2948 3108 3005 3147 es
3030 3133 3044 3154 ,
3069 3109 3189 3147 cum
3232 3094 3352 3163 igne
3372 3108 3477 3147 non
3508 3107 3728 3147 succen-

2145 3186 2317 3252 deris,
2350 3196 2474 3240 tunc
2500 3186 2760 3255 percipies
2791 3185 2917 3254 quid
2944 3186 3011 3238 sit
3038 3195 3333 3255 peccatum.
3373 3186 3510 3240 Iram
3554 3186 3726 3255 cogita

2146 3294 2266 3335 cum
2297 3279 2611 3349 tranquillus
2641 3293 2735 3341 es;
2779 3278 3053 3331 avaritiam
3078 3319 3093 3343 ,
3125 3294 3245 3333 cum
3285 3293 3476 3348 expers
3505 3294 3563 3333 es
3589 3279 3729 3332 illius

2146 3371 2388 3427 affectus.
2415 3371 2556 3425 Nihil
2581 3371 2807 3440 turpius,
2836 3368 2964 3423 nihil
2996 3369 3187 3424 foedius
3212 3371 3391 3438 rapina
3415 3379 3469 3425 et
3487 3370 3726 3424 avaritia.

2146 3464 2272 3519 Hzec
2301 3463 2611 3533 frequenter
2636 3462 2883 3527 dicimus,
2916 3477 3022 3515 non
3056 3470 3114 3515 ut
3140 3461 3291 3517 vobis
3314 3462 3608 3516 molestiam
3630 3476 3727 3531 pa-

2145 3558 2367 3622 riamus,
2398 3557 2491 3613 sed
2523 3566 2579 3611 ut
2604 3571 2858 3627 magnum
2886 3570 2949 3609 ac
2975 3555 3216 3610 mirabile
3238 3554 3508 3625 quidpiam
3551 3555 3727 3609 lucre-

2147 3667 2285 3705 mur.
2308 3650 2437 3704 Nam
2464 3650 2574 3720 qui,
2609 3665 2668 3704 re
2693 3648 2858 3703 semel
2887 3648 3087 3713 audita,
3118 3663 3223 3703 non
3255 3649 3552 3719 corrigitur,
3592 3649 3728 3704 forte

2146 3744 2191 3798 si
2218 3742 2453 3797 secundo
2480 3741 2695 3805 audiat,
2721 3741 3124 3805 emendabitur;
3158 3740 3240 3794 vel
3272 3740 3480 3795 tandem
3502 3741 3547 3794 si
3573 3742 3728 3795 tertio

2149 3844 2446 3888 moneatur.
2483 3832 2695 3887 Utinam
2724 3840 2902 3885 autem
2926 3847 3110 3886 omnes
3145 3847 3174 3884 a
3210 3832 3362 3886 maiis
3394 3831 3637 3885 omnibus
3658 3830 3728 3884 li-

2149 3926 2317 3982 berati
2358 3926 2554 3980 bonum
2594 3923 2790 3979 Christi
2822 3924 3039 3979 odorem
3087 3923 3413 3988 habeamus,
3452 3923 3536 3978 cui
3562 3924 3727 3993 gloria

2148 4035 2268 4074 cum
2294 4020 2447 4074 Patre
2475 4027 2529 4073 et
2552 4019 2751 4087 Spiritu
2782 4031 2968 4073 sancto
2997 4061 3011 4085 ,
3047 4032 3186 4072 nunc
3215 4026 3268 4073 et
3310 4032 3539 4087 semper,
3571 4026 3625 4072 et
3672 4017 3725 4070 in

2145 4112 2341 4167 saecula
2373 4112 2713 4166 smculorum.
2742 4111 2935 4165 Amen.

2210 4267 2227 4297 ι
2260 4264 2386 4313 Editi
2413 4265 2609 4332 habent,
2631 4262 2834 4323 teipsum
2855 4275 2947 4311 non
2962 4260 3162 4357 iudicas
3177 4259 3199 4310 ἶ)
3215 4261 3302 4310 sed
3322 4260 3519 4310 Savilius
3554 4261 3728 4323 legen-

2212 4340 2257 4357 m
2284 4334 2413 4357 nul-it
2461 4332 2661 4357 Lenaeum
2688 4338 2774 4357 nnn
2802 4324 2966 4357 dnrue‘
2996 4334 3039 4357 nl
3068 4326 3293 4357 ntlintrnc
3307 4331 3393 4357 “ac
3435 4326 3503 4357 uin
3528 4324 3701 4357 huliunl

2144 4327 2259 4375 dum
2284 4334 2434 4388 putat,
2460 4332 2488 4374 ti
2505 4324 2665 4388 ipsum
2685 4338 2777 4373 non
2802 4324 2979 4374 doces?
2996 4334 3047 4375 et
3068 4326 3178 4387 quia
3192 4331 3412 4373 tresMss.
3434 4326 3503 4373 sic
3527 4324 3726 4381 habent,

2145 4388 2268 4438 hanc
2285 4386 2592 4437 restituituth
2610 4386 2892 4436 lectionem.

1790 4588 2131 4649 HOMILIA
2172 4588 2333 4649 Llll.

446 4735 576 4794 CAP.
609 4736 663 4792 8.
697 4752 747 4790 ν.
798 4736 887 4791 20.
928 4734 1050 4788 Hcce
1084 4737 1231 4789 verba
1275 4734 1508 4804 loquutus
1560 4744 1630 4788 est
1655 4733 1806 4788 Iesus
1838 4735 1891 4787 in
1935 4752 2029 4805 ga-

519 4829 844 4898 zophylacio,
868 4826 1052 4882 docens
1081 4829 1134 4881 in
1175 4829 1361 4897 tempto
1394 4843 1413 4879 :
1456 4836 1500 4881 et
1529 4841 1672 4880 nemo
1702 4826 2036 4897 apprehendit

519 4938 667 4982 eum,
700 4921 819 4990 quia
848 4922 1070 4974 nondum
1099 4928 1298 4974 venerat
1324 4920 1449 4972 hora
1478 4920 1607 4989 ejus.

518 5016 571 5069 1.
598 5015 643 5069 0
662 5013 937 5069 Judaicam
965 5012 1325 5067 dementiam!
1358 5013 1496 5066 Ante
1523 5011 1725 5067 Pascha
1748 5026 1870 5066 eum
1892 5026 2037 5081 qua:-

442 5107 656 5171 rcbant,
690 5114 849 5175 atque
890 5105 945 5160 in
975 5104 1150 5159 medio
1190 5105 1454 5175 positum,
1503 5112 1557 5158 et
1597 5119 1693 5173 per
1732 5118 1790 5159 se
1836 5113 1890 5159 et
1941 5120 2037 5173 per

439 5202 576 5255 alios
599 5199 769 5270 ipsum
792 5198 1251 5269 comprehendere
1271 5213 1414 5268 saepe
1438 5197 1629 5251 frustra
1658 5205 2028 5261 tentaverant;

442 5305 619 5361 neque
647 5299 824 5345 tamen
856 5290 935 5344 sic
963 5289 1031 5343 de
1071 5288 1211 5344 illius
1237 5289 1436 5343 virtute
1464 5288 1742 5357 stupefacti
1770 5297 1913 5351 sunt,
1939 5287 2033 5342 sed

440 5385 493 5437 in
524 5383 724 5437 malitia
756 5383 1124 5452 perstiterunt.
1150 5382 1305 5450 Quod
1346 5383 1488 5437 enim
1517 5383 1569 5437 id
1607 5397 1820 5453 semper
1856 5393 2029 5438 tenta-

439 5486 559 5529 rent
581 5516 596 5539 ,
630 5475 827 5529 indicat
856 5474 943 5528 ille
977 5493 990 5529 :
1024 5472 1149 5528 Ilaec
1175 5474 1409 5545 loquutus
1437 5482 1510 5527 est
1550 5474 1605 5527 in
1643 5474 2029 5545 gazophylacio,

403 5588 406 5590 ν
440 5568 624 5621 docens
653 5568 706 5620 in
738 5565 923 5637 tempto
944 5608 959 5633 ,
992 5576 1038 5620 et
1065 5583 1209 5620 nemo
1234 5566 1567 5637 apprehendit
1587 5583 1721 5621 eum.
1748 5567 1803 5621 In
1833 5568 2031 5637 templo

439 5659 757 5728 loquebatur
787 5675 937 5715 more
978 5658 1214 5729 magistri
1239 5699 1254 5724 ,
1281 5659 1425 5729 quod
1452 5659 1620 5729 magis
1644 5659 1761 5713 illos
1794 5659 2030 5715 excitare

411 5737 418 5749 ’
440 5747 714 5803 debuisset
748 5765 761 5801 :
794 5759 846 5803 et
870 5764 933 5804 ea
959 5749 1271 5820 loquebatur
1290 5750 1358 5805 de
1381 5750 1573 5820 quibus
1595 5748 2024 5817 oﬁ‘endebantur,

446 5844 501 5889 et
537 5840 865 5911 accusabant
895 5856 1019 5897 eum
1047 5884 1061 5909 ,
1117 5842 1259 5914 quod
1304 5845 1537 5915 seipsum
1583 5846 1838 5915 aequalem
1886 5846 2025 5901 Patri

2140 4736 2357 4791 faceret.
2386 4737 2518 4790 lllud
2567 4737 2746 4802 enim,
2804 4735 3035 4790 Duorum
3089 4737 3349 4789 hominum
3390 4736 3726 4790 testimonium

2139 4844 2310 4883 verum
2334 4840 2444 4897 est,
2481 4829 2583 4883 hoc
2620 4828 2900 4898 significat.
2932 4831 3178 4883 Attamen
3214 4827 3363 4894 Haac,
3412 4826 3614 4896 inquit,
3648 4828 3726 4881 Io-

2138 4921 2383 4991 quebatur
2419 4922 2473 4975 in
2515 4922 2733 4990 templo,
2764 4928 2818 4974 et
2843 4921 2993 4991 quasi
3046 4920 3315 4989 magister,
3369 4928 3414 4973 et
3453 4935 3597 4972 nemo
3632 4935 3727 4988 ap-

2138 5013 2400 5082 prehendit
2428 5029 2564 5080 eum,
2592 5014 2711 5083 quia
2737 5012 2960 5065 nondum
2990 5022 3189 5064 venerat
3220 5011 3345 5063 hora
3370 5012 3513 5081 ejus;
3542 5010 3593 5063 id
3618 5019 3720 5075 est,

2138 5115 2347 5175 tempus
2378 5105 2629 5160 idoneum
2658 5121 2760 5158 non
2793 5114 2911 5159 erat
2935 5119 3040 5173 quo
3066 5102 3302 5172 eruciﬁgi
3337 5103 3567 5156 volebat.
3613 5100 3718 5155 ita-

2138 5212 2242 5266 que
2274 5205 2401 5250 tunc
2425 5211 2527 5250 non
2554 5196 2767 5250 illorum
2794 5196 3070 5264 potestatis
3101 5194 3214 5258 fuit,
3252 5192 3344 5248 sed
3368 5193 3723 5263 dispensatio-

2138 5290 2221 5344 nis
2250 5289 2385 5359 ejus.
2415 5288 2517 5359 lpsi
2539 5290 2680 5343 enim
2707 5288 2815 5358 jam
2836 5289 2964 5342 olim
2986 5287 3255 5350 volebant,
3280 5301 3377 5341 nec
3404 5295 3716 5356 potuerunt;

2138 5399 2239 5439 nec
2267 5392 2392 5438 tunc
2425 5383 2759 5451 potuissent,
2792 5382 2893 5436 nisi
2919 5382 3033 5450 ipse
3073 5380 3422 5450 permisisset.
3454 5378 3544 5433 21.
3578 5376 3721 5431 Dixit

2135 5492 2253 5547 ergo
2278 5478 2347 5529 eis
2390 5476 2571 5528 iterant
2595 5473 2747 5528 Jesus
2775 5488 2794 5526 :
2824 5472 2936 5544 Ego
2962 5473 3090 5526 vado
3114 5513 3129 5538 ,
3155 5479 3200 5524 et
3228 5471 3462 5540 qutcretis
3487 5485 3584 5523 me.
3613 5467 3721 5523 Cur

2136 5567 2239 5623 hoc
2264 5567 2571 5636 frequenter
2596 5564 2764 5619 dicit?
2792 5564 2859 5620 Ut
2886 5564 3098 5618 illorum
3119 5562 3325 5617 animos
3357 5568 3718 5617 commoveret

2134 5674 2199 5715 ac
2236 5657 2698 5729 perterrefaceret.
2731 5656 2865 5711 Vide
2892 5672 3121 5728 namque
3150 5663 3399 5725 quantam
3434 5653 3481 5709 id
3511 5663 3719 5722 pareret

2133 5750 2490 5808 formidinem.
2516 5750 2649 5805 Nam
2675 5763 2796 5804 cum
2825 5748 2972 5803 illum
2997 5747 3299 5804 interﬁcere
3322 5747 3543 5811 vellent,
3576 5753 3632 5798 ut
3650 5743 3718 5797 ab

2130 5843 2221 5899 illo
2249 5857 2309 5900 se
2333 5851 2720 5909 exonerarent,
2761 5850 3010 5913 quaerunt
3031 5855 3138 5912 quo
3170 5839 3328 5896 vadat
3358 5856 3372 5893 :
3403 5848 3600 5894 tantam
3647 5834 3715 5890 de
