4084 6360
340 398 439 454 εισι

343 512 573 583 ἔχουσαν
600 517 1071 589 παρηλλαγμένον.
1112 519 1409 589 Μαρτυρεῖ
1438 519 1726 589 ἄνθρωπος
1747 560 1762 582 ,
1801 522 1927 574 ὅταν

343 594 435 663 ἀφ’
468 596 664 649 ἐαυτοῦ
688 596 1001 663 ἀξιόπιστος
1026 596 1081 673 ᾖ,
1107 599 1204 668 οὐχ
1229 600 1357 653 ὅταν
1383 600 1691 671 μαρτυρίας
1718 601 1925 670 δέηται,

346 678 437 731 καὶ
482 677 642 732 τοῦτο
674 682 732 733 ἐν
785 683 1051 754 ἀλλοτρίῳ
1098 684 1420 753 πράγματι·
1457 686 1515 737 ἐν
1544 684 1603 737 δὲ
1656 685 1770 755 ἰδίῳ
1802 686 1930 737 ὅταν

346 762 649 832 μαρτυρίας
706 764 892 835 δέηται
943 769 1043 836 τῆς
1083 765 1212 836 παρ’
1259 766 1471 836 ἐτέρου,
1505 767 1606 820 οὐκ
1653 768 1734 820 ἐτι
1784 769 1930 820 ἐστὶν

345 841 676 909 ἀξιόπιστος.
711 848 975 901 Ἐνταῦθα
1009 848 1064 902 δὲ
1095 851 1206 903 πᾶν
1232 849 1562 904 τούναντίον.
1596 852 1707 904 Καὶ
1735 850 1844 921 γὰρ
1872 853 1929 904 ἐν

346 926 462 997 ἒδίῳ
506 928 793 998 πράγματι
842 931 1167 1002 μαρτυρῶν,
1200 932 1295 985 καὶ
1336 932 1465 1004 παρ’
1519 932 1707 1003 ἐτέρου
1754 932 1928 1002 λέγων

348 1011 765 1080 μαρτυρεῖσθαι,
795 1014 1108 1079 ἀξιόπιστον
1137 1015 1329 1068 ἑαυτὸν
1363 1011 1503 1069 εῖναί
1539 1033 1695 1087 φησι,
1722 1033 1929 1069 παντα-

343 1092 501 1161 κόθεν
523 1095 737 1159 δεικνὺς
757 1097 953 1151 ἐαυτοῦ
972 1098 1072 1170 τὴν
1095 1097 1401 1152 αὐθεντίαν.
1427 1098 1579 1151 Διατί
1602 1099 1711 1169 γὰρ
1736 1096 1925 1164 εἰπὼν,

336 1176 459 1228 Οὐκ
487 1178 605 1245 εἰμὶ
628 1180 838 1246 μόνος,
864 1180 1004 1234 ἀλλ’
1024 1181 1139 1250 ἐγὼ
1159 1180 1260 1233 καί
1286 1184 1319 1235 ὀ
1338 1180 1581 1251 πέμψας
1599 1198 1677 1250 με
1701 1181 1925 1249 Πατὴρ,

342 1259 438 1310 καὶ
464 1259 548 1323 τὸ,
579 1262 695 1314 Δύο
721 1262 1048 1330 ἀνθρώπων
1076 1264 1115 1331 ἠ
1143 1266 1442 1332 μαρτυρία
1472 1264 1645 1319 ἐστὶν
1672 1265 1924 1334 ἀληθὴς,

340 1340 442 1394 οὐκ
471 1341 885 1414 ἀπεσιώπησεν,
918 1344 1033 1398 ἀλλ’
1064 1346 1375 1416 ἐπήγαγεν,
1399 1347 1546 1416 Ἐγώ
1573 1350 1689 1415 εἰμι
1718 1351 1751 1402 ὁ
1780 1365 1928 1417 μαρ-

342 1423 539 1492 τυρῶν
567 1427 703 1495 περὶ
736 1427 1033 1497 ἑμαυτοῦ;
1066 1430 1238 1499 Δῆλον
1273 1431 1357 1482 ὅτι
1386 1430 1484 1500 τὴν
1513 1430 1797 1485 αὐθεντίαν
1835 1432 1926 1501 δη-

342 1507 470 1561 λῶν.
500 1509 612 1562 Καὶ
642 1511 858 1581 πρῶτον
900 1512 997 1581 μὲν
1026 1511 1218 1565 ἐαυτὸν
1249 1512 1492 1567 τέθεικεν
1512 1528 1526 1541 ’
1564 1514 1711 1581 Ἐγώ
1740 1517 1856 1583 ειμι
1894 1518 1926 1567 ό

338 1589 658 1660 μαρτυρῶν
695 1593 828 1662 περὶ
860 1593 1141 1663 ἐμαυτοῦ.
1184 1594 1469 1648 Δείκνυσιν
1498 1595 1732 1648 ἐνταῦθα
1765 1597 1823 1649 τό
1868 1613 1923 1648 τε

340 1672 627 1743 ὁμότιμον,
656 1675 751 1728 καὶ
780 1676 861 1730 ὅτι
891 1676 1043 1730 οὐδὲν
1074 1677 1425 1745 ὠφελοῦνται,
1455 1677 1546 1730 τὸν
1584 1678 1715 1731 Θεὸν
1739 1678 1925 1747 λέγον-

340 1774 434 1821 τες
476 1758 674 1812 εἰδέναι
726 1761 979 1833 Πατέρα,
1020 1761 1183 1815 αὐτὸν
1213 1761 1312 1815 οὐκ
1360 1761 1579 1824 εἰδότες.
1613 1761 1722 1814 Καὶ
1770 1761 1928 1815 τοῦτο

341 1841 517 1894 αἴτιον
547 1837 688 1894 εἷναί
722 1860 876 1912 φησι,
918 1843 980 1897 τὸ
1017 1844 1179 1897 αὐτὸν
1216 1845 1290 1913 μὴ
1315 1843 1489 1898 θέλειν
1524 1844 1741 1898 εἰδέναι.
1765 1844 1927 1913 Λέγει

340 1918 455 1988 οὖν,
483 1924 653 1979 ὅτιού
685 1925 910 1980 δυνατὸν
941 1926 1136 1979 εἰδέναι
1162 1926 1252 1980 τὸν
1292 1927 1511 2001 Πατέρα
1544 1927 1705 1981 αὐτοῦ
1738 1929 1926 1999 χωρὶς,

344 2006 431 2059 ῖνα
478 2007 581 2061 κᾶν
629 2008 800 2071 οὕτως
844 2009 1043 2071 αὐτοὺς
1092 2010 1460 2078 ἐπισπάσηται
1508 2012 1587 2072 εἰς
1628 2012 1726 2082 τὴν
1766 2012 1927 2064 αὐτοῦ

341 2089 566 2156 γνῶσιν.
605 2091 824 2161 Ἐπειδὴ
851 2092 961 2163 γὰρ
980 2093 1233 2161 ἀφιέντες
1263 2093 1445 2155 αὐτὸν,
1472 2093 1560 2146 ἀεὶ
1588 2093 1679 2145 τὸν
1709 2094 1930 2165 Πατέρα

342 2172 572 2243 ἐζήτουν
612 2174 806 2245 μαθεῖν
832 2215 845 2240 ,
896 2175 1082 2243 λέγει·
1135 2177 1218 2229 Οὐ
1252 2175 1518 2230 δύνασθε
1564 2176 1783 2229 εἰδέναι
1823 2177 1931 2230 τὸν

342 2260 574 2327 Πατέρα
628 2260 810 2329 χωρὶς
846 2259 1014 2329 ἐμοῦ.
1049 2260 1214 2314 Ὥστε
1272 2262 1321 2313 οἰ
1370 2261 1459 2314 τὸν
1509 2261 1634 2314 Υἰὸν
1684 2260 1928 2331 βλασφη-

344 2342 596 2410 μοῦντες,
625 2345 726 2397 οὐκ
754 2344 918 2398 αὐτὸν
946 2343 1326 2416 βλασφημοῦσι
1358 2344 1539 2414 μόνον,
1567 2343 1703 2398 ἀλλά
1727 2344 1929 2398 καὶτὸν

341 2427 729 2494 γεγεννηκότα.

411 2509 472 2563 δ’.
511 2510 695 2564 Ταῦτα
721 2510 981 2582 φύγωμεν
1004 2514 1184 2582 ἡμεῖς,
1212 2513 1305 2565 καὶ
1326 2512 1640 2581 δοξάσωμεν
1660 2511 1751 2564 τὸν
1776 2510 1924 2565 Υἰόν.

343 2592 537 2646 Καίτοι
581 2596 631 2646 εἰ
669 2594 743 2665 μὴ
773 2594 987 2662 φύσεως
1023 2591 1091 2663 ἦν
1130 2598 1228 2665 τῆς
1268 2596 1466 2664 αὐτῆς,
1506 2596 1607 2646 οὐκ
1646 2594 1710 2647 ἂν
1757 2592 1929 2658 οὕτως

344 2676 493 2748 [309]
520 2673 693 2731 εἶπεν.
743 2680 804 2732 Εἰ
840 2679 949 2751 γὰρ
982 2679 1226 2733 ἐδίδασκε
1276 2679 1458 2749 μόνον,
1500 2677 1835 2748 ἐτεροούσιος
1873 2677 1929 2730 δὲ

340 2756 432 2832 ἦν,
481 2762 608 2830 ἐνῆν
639 2762 731 2814 καί¹
783 2763 945 2816 αὐτὸν
980 2763 1278 2831 ἀγνοοῦντα
1311 2762 1508 2815 εἰδέναι
1543 2762 1636 2815 τὸν
1666 2762 1886 2832 Πατέρα
1909 2776 1924 2790 ·

341 2843 438 2896 καὶ
466 2844 630 2897 πάλιν
662 2846 763 2898 οὐκ
808 2842 876 2917 ἦν
909 2846 1071 2899 αὐτὸν
1110 2847 1290 2899 εἰδότα
1331 2849 1568 2908 πάντως,
1603 2845 1801 2898 εἰδέναι
1838 2844 1928 2897 τὸν

344 2926 583 2998 Πατέρα.
613 2927 747 2981 Οὐδὲ
777 2929 885 2999 γὰρ
918 2931 946 2982 6
976 2928 1262 3000 ἄνθρωπον
1294 2928 1467 2992 εἰδὼς,
1508 2928 1646 2981 οἶδεν
1675 2928 1923 2996 ἄγγελον.

341 3011 471 3075 Ναὶ,
503 3010 637 3080 φησί
663 3027 677 3041 ·
695 3011 790 3063 καὶ
812 3011 921 3083 γὰρ
944 3014 971 3065 6
991 3012 1091 3081 τὴν
1116 3013 1295 3065 κτίσιν
1323 3011 1499 3075 εἰδὼς.
1531 3008 1637 3064 οἶδε
1662 3012 1752 3064 τὸν
1772 3012 1923 3063 Θεόν.

342 3093 628 3163 Οὐδαμῶς.
664 3094 857 3147 Πολλοί
910 3094 1018 3166 γάρ
1049 3096 1188 3147 εἰσιν
1231 3097 1279 3148 οἰ
1316 3095 1416 3164 τὴν
1463 3095 1639 3147 κτίσιν
1690 3093 1924 3156 εἰδότες·

346 3176 543 3246 μᾶλλον
563 3177 620 3229 δὲ
650 3177 849 3241 πάντες
875 3177 1150 3249 ἄνθρωποι
1177 3176 1383 3248 (ὁρῶσι
1420 3177 1532 3249 γὰρ
1576 3178 1745 3249 αὐτὴν
1764 3179 1803 3239 λ,
1835 3178 1929 3230 καὶ

341 3259 435 3312 τὸν
474 3259 606 3312 Θεὸν
646 3261 746 3313 οὐκ
790 3259 958 3313 ίσασι.
999 3259 1322 3330 Δοξάζωμεν
1345 3260 1523 3312 τοίνυν
1547 3259 1802 3313 τὸνηΥίὸν
1832 3259 1926 3312 τοῦ

342 3342 500 3405 θεοῦ,
540 3342 614 3413 μὴ
648 3346 713 3413 τῇ
736 3343 863 3414 δόξῃ
887 3341 1062 3415 ταύτῃ
1094 3343 1274 3413 μόνον,
1306 3343 1441 3395 ἀλλά
1474 3344 1568 3395 καὶ
1595 3345 1661 3412 τῇ
1693 3341 1782 3395 διὰ
1819 3341 1929 3395 τῶν

345 3426 539 3496 ἔργων.
566 3424 717 3495 Αῦτη
749 3426 858 3496 γὰρ
884 3425 1098 3497 ἐκείνης
1127 3426 1283 3489 ἐκτὸς
1308 3424 1460 3479 οὐδέν
1481 3426 1647 3477 ἐστιν.
1685 3426 1798 3478 Ἴδε
1825 3424 1928 3489 σὺ,

347 3508 531 3578 φησὶν,
576 3509 854 3574 Ἰουδαῖος
878 3507 1209 3577 ἐπονομάζῃ
1235 3550 1250 3575 ,
1292 3508 1392 3562 καὶ
1424 3509 1824 3578 ἐπαναπαύσῃ
1852 3506 1932 3573 τῷ

344 3596 529 3660 νόμῳ,
558 3592 658 3646 καί
677 3589 980 3660 καυχᾶσαι
1007 3592 1078 3644 ἐν
1099 3589 1241 3656 Θεῷ.
1274 3591 1336 3645 '0
1358 3586 1474 3646 οὖν
1504 3591 1805 3646 διδάσκων
1826 3592 1933 3645 τὸν

344 3674 572 3743 ἕτερον,
610 3674 872 3729 σεαυτόν
894 3677 966 3728 οὺ
995 3673 1300 3741 διδάσκεις
1326 3687 1351 3715 ει
1370 3690 1390 3738 ;
1423 3678 1457 3729 ό
1489 3675 1558 3728 ἐν
1591 3678 1755 3743 νόμῳ
1792 3691 1934 3729 καυ-

413 3807 439 3835 ⁸
466 3807 677 3862 Δικάζεις
703 3806 857 3867 Edhi;
883 3807 970 3855 sed
992 3806 1205 3856 Savilius
1230 3806 1495 3868 legendum
1518 3808 1661 3868 putat
1679 3806 1931 3860 διδάσκεις⁸

351 3874 402 3916 ει
423 3871 537 3931 quia
581 3877 683 3917 tres
709 3881 825 3916 mss.
853 3871 923 3918 sic
943 3868 1147 3925 habent.
1172 3870 1293 3919 hanc
1314 3870 1623 3917 restiluimus
1648 3870 1931 3916 Iecuonem.

364 4003 433 4020 -ιρσ

1374 406 1443 461 IN
1478 404 1794 461 JOANNEM
1838 407 2067 464 HOMIL.
2106 410 2239 467 LIII.
2280 414 2349 469 al.
2386 415 2497 473 LII.

3495 420 3600 477 292

2016 526 2019 529 λ
2030 523 2317 593 χώμενος,
2336 528 2435 583 διὰ
2454 531 2563 599 τῆς
2585 533 2976 601 παραϐάσεως
2996 532 3104 587 τοῦ
3119 533 3306 602 νόμου
3323 534 3428 586 τὸν
3454 526 3601 589 Θεὸν

2029 608 2317 678 ἀτιμάζεις
2329 629 2348 675 ;
2384 614 2526 685 Ὅρα
2552 617 2625 687 μή
2662 634 2791 671 ποτε
2817 618 2912 671 καὶ
2946 619 3107 688 ἡμεῖς
3126 618 3219 671 ἐπὶ
3247 620 3312 689 τῇ
3351 618 3601 690 ὀρθότητι

2027 693 2126 761 τῆς
2151 694 2383 758 πίστεως
2406 697 2771 767 καυχώμενοι,
2796 700 2889 755 διά
2910 700 3005 753 τοῦ
3036 699 3109 771 μὴ
3142 718 3203 752 συ
3213 701 3505 770 μόαίνοντα
3534 705 3601 773 τῇ

2028 776 2209 855 πίστει
2231 776 2321 830 τὸν
2357 776 2469 847 βίον
2498 780 2926 845 ἐπιδείκνυσθαι,
2951 783 3044 837 τὸν
3070 782 3201 835 Θεὸν
3226 783 3601 853 ἀτιμάζωμεν,

2028 859 2310 924 ποιοῦντες
2338 862 2501 916 αὐτὸν
2531 862 2991 936 βλασφημεῖσθαι.
3015 867 3126 920 Καὶ
3147 865 3255 936 γάρ
3285 865 3604 919 διδάσκαλον

2027 940 2127 1010 τῆς
2161 943 2505 1015 οἰκουμένης,
2541 947 2637 1000 καὶ
2659 946 2857 1017 ζύμην,
2891 950 2983 1001 καί
3005 948 3141 1016 φῶς,
3174 949 3269 1002 καὶ
3297 947 3430 1011 ἅλας
3465 945 3604 1003 εἰναι

2031 1021 2275 1091 βούλεται
2316 1027 2407 1079 τὸν
2443 1028 2787 1099 Χριστιανόν.
2839 1031 2904 1083 Τί
2954 1032 3011 1085 δέ
3056 1032 3171 1084 ἐστι
3202 1031 3265 1083 τὸ
3298 1030 3603 1101 φῶς;ιβίος

2028 1106 2277 1177 λάμπων,
2305 1111 2470 1181 μηδὲν
2492 1111 2631 1182 ἔχων
2651 1113 3052 1183 ἐσκοτισμένον.
3078 1113 3150 1166 Τὸ
3173 1115 3287 1182 φῶς
3307 1114 3405 1183 οὐχ
3426 1113 3605 1184 ἐαυτῷ

2028 1193 2314 1263 χρήσιμον,
2335 1194 2455 1246 οὐδὲ
2480 1194 2541 1247 τὸ
2567 1194 2721 1259 άλας,
2744 1195 2866 1249 οὐδέ
2897 1199 2930 1267 ἡ
2964 1197 3131 1267 ζύμη,
3159 1197 3272 1249 ἀλλ’
3290 1199 3368 1258 εἰς
3387 1197 3605 1268 ἐτέρους

2027 1274 2389 1329 ἐπιδείκνυται
2439 1276 2537 1348 τὴν
2595 1278 2882 1347 ὠφέλειαν.
2916 1278 3102 1342 Οὕτως
3151 1279 3212 1332 οὐ
3250 1279 3347 1348 τὴν
3396 1278 3606 1331 ἑαυτῶν

2026 1356 2291 1426 ὠφέλειαν
2319 1360 2699 1431 ἀπαιτούμεθα
2734 1362 2913 1431 μόνον,
2947 1361 3086 1415 ἀλλά
3117 1361 3213 1415 καὶ
3253 1361 3351 1431 τὴν
3381 1361 3604 1427 ἐτέρων.

2027 1439 2101 1492 Τὸ
2127 1438 2235 1510 γὰρ
2269 1440 2403 1504 ἃλας
2434 1441 2529 1496 ἐάν
2561 1444 2635 1514 μὴ
2664 1442 2840 1515 ἀλίζῃ,
2863 1444 2964 1497 οὐκ
2991 1444 3141 1496 ἐστιν
3173 1442 3327 1505 ἃλας.
3357 1442 3465 1496 Καὶ
3488 1442 3606 1494 ἐτε-

2030 1538 2120 1592 ρον
2150 1522 2207 1575 δέ
2232 1541 2284 1575 τι
2308 1524 2664 1591 ἐνδείκνυται,
2696 1527 2779 1579 ὅτι
2833 1528 2927 1581 ἐὰν
2952 1528 3105 1582 αὐτοί
3146 1525 3604 1598 κατορθώσωμεν,

2027 1605 2239 1659 ἔσονται
2256 1608 2475 1670 πάντως
2501 1609 2594 1662 καὶ
2612 1610 2789 1681 ἕτεροι
2809 1627 2824 1642 ·
2845 1611 2949 1674 ἓως
2966 1611 3009 1663 δ’
3029 1612 3095 1665 ἂν
3122 1611 3277 1664 αὐτοὶ
3301 1609 3376 1681 μὴ
3406 1626 3606 1680 κατορ-

2029 1688 2313 1760 θώσωμεν,
2365 1693 2484 1745 οὐδὲ
2534 1694 2754 1765 ἐτέρους
2788 1696 2980 1765 ὀνῆσαι
3026 1695 3386 1765 δυνησόμεθα.
3424 1694 3607 1765 Μηδὲν

2033 1771 2237 1843 μωρὸν,
2301 1774 2468 1845 μηδὲν
2505 1776 2703 1847 χαῦνον
2750 1778 2881 1849 παρ’
2926 1779 3082 1849 ἡμῖν.
3132 1777 3367 1832 Τοιαῦτα
3401 1775 3508 1849 γὰρ
3540 1776 3606 1830 τά

2028 1856 2269 1924 κοσμικά
2301 1857 2630 1927 πράγματα·
2672 1860 2917 1915 τοιαῦται
2946 1864 3003 1914 αἰ
3035 1860 3282 1931 βιωτικαί¹
3307 1860 3603 1931 φροντίδες.

2028 1938 2128 1991 Διὰ
2157 1939 2317 1992 τοῦτο
2348 1942 2405 1992 αἰ
2436 1941 2699 2012 παρθένοι
2726 1944 2906 2014 μωραὶ
2928 1944 3258 2016 ἐκλήθησαν,
3283 1945 3369 1996 ὅτι
3398 1944 3608 2014 περὶτὰ

2032 2022 2211 2093 μωρά,
2247 2022 2314 2075 τὰ
2348 2024 2587 2094 κοσμικά
2631 2026 2933 2096 πράγματα
2955 2068 2971 2093 ,
3011 2027 3344 2097 ἠσχόληντο·
3375 2023 3610 2077 ἐνταῦθα

2033 2105 2130 2174 μὲν
2167 2106 2540 2173 συνάγουσαι,
2594 2107 2722 2161 ἔνθα
2756 2109 2813 2161 δὲ
2867 2110 3035 2181 ἐχρῆν
3090 2110 3165 2180 μὴ
3196 2108 3605 2177 άποτιθέμεναι.

2028 2186 2157 2251 Δέος
2203 2184 2296 2242 οὖν
2344 2190 2417 2258 μὴ
2448 2190 2541 2243 καὶ
2572 2191 2732 2261 ἡμεῖς
2769 2191 2829 2244 τὸ
2866 2193 2999 2245 αὐτὸ
3026 2192 3319 2262 πάθωμεν·
3371 2190 3488 2252 δέος
3534 2188 3609 2259 μὴ

2029 2271 2123 2323 καὶ
2153 2272 2315 2341 ἡμεῖς
2358 2273 2577 2344 ῥυπαρά
2614 2274 2939 2343 ἀπέλθωμεν
2989 2274 3342 2346 ἐνδεδυμένοι
3375 2273 3564 2344 ἱμάτια
3589 2310 3606 2335 ,

2028 2351 2158 2406 ἔνθα
2202 2353 2401 2417 πάντες
2438 2355 2621 2425 έχουσι
2674 2356 2901 2427 λαμπρά
2949 2358 3045 2411 καὶ
3092 2358 3384 2429 περιφανῆ.
3443 2355 3610 2409 Οὐδὲν

2028 2438 2138 2507 γὰρ
2167 2438 2441 2510 ἁμαρτίας
2476 2439 2895 2511 ρυπαρώτερον,
2950 2441 3103 2495 οὐδὲν
3153 2439 3606 2510 ἀκαθαρτότερον.

2028 2521 2120 2573 Διὸ
2149 2520 2248 2591 τὴν
2283 2521 2445 2587 φύσιν
2480 2523 2651 2593 αὐτῆς
2691 2525 2718 2576 6
2752 2524 3049 2595 Προφήτης
3101 2522 3416 2593 ἑρμηνεύων
3445 2521 3607 2575 ἐϐόας

2030 2603 2426 2671 Προσώζεσαν
2462 2605 2563 2658 καί
2590 2606 2917 2673 ἐσάπησαν
2947 2609 3004 2661 οἱ
3019 2606 3306 2675 μώλωπές
3328 2622 3465 2674 μου.
3501 2602 3610 2656 Καὶ

2029 2689 2078 2740 εἰ
2108 2687 2285 2756 βούλει
2318 2689 2510 2757 μαθεῖν
2544 2690 2642 2760 τῆς
2671 2691 2947 2761 ἁμαρτίας
2974 2690 3036 2745 τὸ
3065 2689 3329 2753 δυσῶδες,
3361 2687 3609 2757 ἐννόησον

2022 2772 2200 2843 »αὐτὴν
2232 2771 2371 2842 μετὰ
2399 2773 2461 2826 τὸ
2486 2774 2757 2841 γενέσθαι,
2781 2775 2910 2828 ὅταν
2929 2775 3028 2846 τῆς
3052 2773 3348 2845 ἐπιθυμίας
3367 2772 3612 2826 ἀπαλλα-

2028 2857 2153 2926 γῇς,
2183 2856 2309 2909 ὅταν
2335 2854 2410 2927 μὴ
2448 2856 2528 2909 ἐτι
2554 2857 2743 2926 ἐνοχλῇ
2778 2857 2839 2910 τὸ
2882 2856 3026 2928 πῦρ,
3058 2857 3153 2911 καὶ
3185 2858 3307 2910 τότε
3355 2856 3475 2925 ὄψει
3527 2856 3612 2919 τίς

2030 2942 2175 2993 ἐστιν
2194 2942 2229 3009 ἡ
2259 2940 2522 3011 ἁμαρτία.
2542 2940 2822 3012 Ἐννόησον
2843 2941 2933 2995 τὸν
2961 2941 3150 3012 θυμὸν,
3173 2941 3299 2995 ὅταν
3323 2940 3381 2993 ἐν
3406 2938 3614 3011 γαλήνῃ

2032 3020 2099 3099 ᾖς
2117 3041 2131 3055 ·
2162 3025 2412 3095 ἐννόησον
2438 3026 2537 3095 τὴν
2567 3024 2901 3090 πλεονεξίαν,
2936 3026 3065 3079 ὅταν
3095 3024 3200 3088 ἐξω
3237 3024 3370 3097 γένῃ
3389 3022 3484 3077 τοῦ
3509 3023 3614 3075 πά-

2035 3108 2178 3171 θους.
2210 3108 2377 3160 Οὐδὲν
2403 3110 2775 3181 αἰσχρότερον,
2816 3110 2968 3163 οὐδὲν
2999 3107 3337 3179 μιαρώτερον
3359 3105 3614 3178 ἁρπαγῆς

2034 3190 2130 3242 καὶ
2172 3190 2498 3256 πλεονεξίας.
2560 3192 2745 3246 Ταῦτα
2791 3190 3029 3261 συνεχῶς
3075 3190 3327 3260 λέγομεν,
3380 3189 3481 3241 οὐκ
3525 3189 3614 3239 ἐν-

2033 3275 2211 3345 οχλεῖν
2251 3276 2379 3346 ὑμῖν
2415 3275 2749 3347 βουλόμενοι,
2796 3276 2931 3329 ἀλλά
2960 3273 3215 3345 κερδᾶναί
3252 3290 3304 3325 τι
3348 3272 3488 3343 μέγα
3522 3270 3616 3323 καὶ

2036 3361 2136 3414 θαυ
2147 3360 2370 3431 μαστόν.
2406 3361 2466 3412 Ὀ
2490 3360 2599 3430 γάρ
2617 3362 2681 3413 ἐκ
2701 3358 2796 3412 τοῦ
2826 3357 2972 3423 ἅπαξ
3000 3359 3073 3429 μὴ
3098 3356 3467 3427 κατορθώσας,
3488 3355 3617 3417 ἴσως

2036 3446 2103 3498 ἐκ
2132 3443 2224 3496 τοῦ
2245 3445 2497 3515 δεύτερον
2532 3443 2762 3496 ἀκοῦσαι
2796 3444 3013 3514 ποιήσει
3044 3442 3200 3495 τοῦτο
3220 3458 3233 3471 ·
3266 3441 3361 3494 καὶ
3389 3438 3617 3493 ὁδεύτε-

2042 3545 2131 3600 ρον
2163 3526 2561 3598 παραδραμὼν,
2593 3527 2657 3579 ἐκ
2683 3524 2779 3579 τοῦ
2799 3525 2983 3597 τρίτου
3010 3524 3379 3595 διορθώσεται.
3405 3524 3619 3576 Γένοιτο

2038 3611 2094 3662 δὲ
2126 3611 2332 3673 πάντας
2361 3612 2507 3680 ἡμᾶς
2531 3608 2750 3662 πάντων
2778 3608 3186 3677 ἀπαλλαγέντας
3211 3607 3319 3661 τῶν
3341 3605 3615 3677 πονηρῶν,

2041 3693 2140 3762 τὴν
2173 3692 2397 3746 εὐωδίαν
2428 3690 2519 3745 τοῦ
2542 3690 2780 3762 Χριστοῦ
2815 3693 2981 3762 ἔχειν,
3006 3692 3088 3745 ὅτι
3109 3689 3258 3760 αὐτῷ
3282 3688 3490 3759 ἡηδόξα,
3522 3689 3617 3742 σὺν

2040 3776 2121 3846 τῷ
2147 3777 2341 3847 Πατρί,
2372 3775 2488 3846 ἅμα
2514 3775 2595 3845 τῷ
2618 3775 2758 3844 ἁγίῳ
2795 3774 3072 3844 Πνεύματι
3090 3813 3106 3836 ,
3136 3773 3231 3827 νῦν
3265 3773 3359 3825 καὶ
3388 3773 3495 3835 ἀεὶ,
3524 3772 3619 3823 καὶ

2046 3861 2127 3921 εἰς
2152 3860 2277 3920 τοὺς
2298 3857 2498 3921 αἰῶνας
2520 3857 2630 3911 τῶν
2666 3856 2897 3912 αἰώνων.
2927 3848 2991 3909 Ἀ
3001 3857 3123 3927 μήν.

1664 4087 1814 4159 [διο]
1847 4087 2094 4143 ΟΜΙΛΙΑ
2128 4089 2253 4141 Nl".
2350 4066 2355 4075 ’

355 4184 547 4239 Ταῦτα
583 4179 654 4233 τὰ
678 4178 918 4249 ῥήματα
946 4179 1254 4248 ἐλάλησεν
1288 4182 1320 4234 ὁ
1365 4177 1595 4249 Ἰησοῦς
1631 4179 1701 4249 ἐν
1726 4176 1804 4243 τῷ
1833 4195 1935 4246 γα-

342 4318 348 4326 ί
421 4247 778 4326 ζοςςυλακίῳ,
819 4247 1228 4326 διδάσκων
1259 4250 1346 4326 τῶ
1384 4247 1551 4326 ἱερῷ·
1592 4248 1704 4326 καὶ
1736 4249 1933 4326 οὐδείς

421 4317 675 4404 ἐπίασεν
695 4317 880 4375 αὐτόν
902 4336 916 4352 ·
948 4321 1113 4374 οὔπω
1139 4322 1250 4390 γὰρ
1279 4321 1561 4387 ἐληλύθει
1600 4320 1637 4387 ἡ
1671 4317 1793 4387 ὥρα
1826 4320 1933 4372 αὺ-

422 4413 549 4448 του.

420 4532 484 4579 ατ.
522 4525 585 4576 Ὠ
612 4524 711 4593 τῆς
743 4520 929 4585 ἀνοίας
959 4521 1057 4590 τῆς
1095 4519 1425 4587 Ἰουδαῖκῆςῐ
1465 4517 1579 4589 Πρὸ
1617 4516 1708 4570 τοῦ
1743 4517 1934 4587 Πάσχα

352 4608 643 4679 ζητοῦντες
666 4606 848 4671 αὐτὸν,
866 4600 983 4657 εἶτα
1016 4605 1073 4656 ἐν
1098 4604 1247 4674 μέσῳ
1268 4602 1540 4665 λαϐόντες,
1565 4602 1659 4653 καὶ
1676 4600 1936 4662 πολλάκις

354 4693 806 4763 ἐπιχειρήσαντες
861 4691 1154 4758 κατασχεῖν
1179 4730 1194 4753 ,
1226 4689 1318 4740 καὶ
1367 4686 1433 4739 δι’
1461 4685 1691 4746 ἑαυτῶν,
1727 4686 1823 4739 καὶ
1867 4685 1933 4738 δι’

352 4777 579 4847 ἐτέρων,
609 4774 700 4826 καὶ
720 4773 782 4825 οὐ
814 4772 1151 4843 δυνηθέντες,
1175 4769 1299 4823 οὔτε
1332 4768 1505 4833 οὕτως
1538 4768 1702 4823 αὐτοῦ
1733 4766 1938 4839 τὴνδύ-

354 4878 520 4931 ναμιν
545 4858 944 4928 ἐξεπλάγησαν,
976 4856 1089 4911 ἀλλ’
1126 4856 1436 4909 ἐπετίθεντο
1476 4857 1542 4924 τῇ
1570 4853 1741 4923 κακίᾳ
1768 4894 1782 4916 ,
1845 4854 1938 4906 καὶ

352 4945 454 4999 οὐκ
469 4943 784 5012 ἀφίσταντο.
808 4942 932 4995 Ὅτι
947 4940 1055 5009 γὰρ
1075 4939 1391 5009 ἐπεχείρουν
1404 4938 1519 5001 -ἀεὶ,
1551 4937 1683 5007 φησί
1706 4953 1718 4967 ·
1749 4934 1939 4990 Ταῦτα

352 5026 662 5094 ἐλάλησεν
686 5026 757 5078 ἐν
795 5021 875 5088 τῷ
908 5020 1341 5091 γαζοφυλακίῳ,
1398 5020 1701 5073 διδάσκων
1735 5020 1805 5072 ἐν
1858 5018 1938 5082 τῷ

352 5108 507 5179 ίερῷ,
538 5108 637 5160 καὶ
668 5106 866 5172 οὐδεὶς
894 5106 1149 5158 ἐπίασεν
1178 5104 1381 5158 αὐτόν.
1428 5104 1515 5155 Ἐν
1542 5102 1619 5171 τῷ
1648 5101 1778 5173 ἱερῴ
1812 5101 1937 5154 ἐλάτ-

351 5195 455 5256 λει,
484 5192 580 5245 καὶ
614 5193 671 5243 ἐν
690 5191 842 5256 τάξει
863 5188 1206 5249 διδασκάλου,
1231 5186 1259 5238 ὂ
1300 5185 1498 5253 μᾶλλον
1534 5187 1712 5239 ἰκανὸν
1743 5181 1807 5258 ἦν
1842 5185 1940 5236 αὐ-

352 5277 483 5339 τοὺς
509 5274 808 5343 διεγεῖραι·
857 5271 1149 5326 καὶταῦτα
1188 5269 1387 5333 ἐλά-λετ,
1426 5268 1509 5337 ἐφ’
1540 5264 1621 5331 οἷς
1656 5269 1940 5321 ὲδάκνυντο

357 5359 454 5413 καὶ
487 5358 793 5417 ἐνεκάλουν,
828 5356 911 5408 ὅτι
942 5355 1055 5408 ἴσον
1085 5354 1274 5407 ἐαυτὸν
1305 5355 1449 5405 ποιεῖ
1490 5351 1567 5422 τῷ
1596 5353 1789 5422 Πατρί.
1829 5353 1939 5404 Καὶ

358 5443 467 5513 γὰρ
501 5443 560 5496 τὸ
615 5442 730 5495 Δύο
760 5438 1088 5507 ἀνθρώπων
1109 5439 1148 5506 ἡ
1185 5437 1479 5507 μαρτυρία
1513 5435 1747 5503 ἀληθής
1787 5436 1936 5496 ἐστι,

355 5528 516 5582 τοῦτο
535 5524 810 5595 ἐμφαίνει.
829 5522 971 5575 Ἀλλ’
1003 5523 1170 5592 ὅμως,
1201 5520 1411 5581 Ταῦτα,
1444 5521 1629 5589 φησὶν,
1652 5518 1852 5572 ἐλάλει
1876 5518 1945 5569 ἐν

354 5611 438 5675 τῷ
468 5607 622 5677 ἱερῷ,
653 5608 749 5661 καὶ
772 5609 831 5660 ἐν
859 5605 1010 5670 τάξει
1039 5603 1383 5661 διδασκάλου,
1412 5602 1511 5655 καί
1540 5600 1738 5667 οὐδεὶς
1759 5601 1946 5655 αὐτὸν

352 5696 631 5756 ἐπίασεν,
666 5692 756 5750 ὅτι
801 5690 965 5745 οὔπω
996 5688 1279 5753 ἐληλύθει
1308 5687 1347 5754 ἡ
1387 5683 1508 5753 ὥρα
1535 5685 1751 5739 αὑτοῦ·
1792 5702 1946 5737 τουτ-

320 5780 528 5844 ὶέστιν,
574 5776 656 5829 ὅτι
679 5773 891 5827 οὐδέπω
911 5770 1101 5842 καιρὸς
1144 5765 1213 5841 ἦν
1244 5768 1549 5839 ἐπιτήδειος
1587 5768 1708 5821 καθ’
1728 5768 1787 5820 ὃν
1815 5767 1944 5836 ὴθέ-

352 5863 493 5931 ηλησε
547 5856 948 5928 σταυρωθῆναι.
983 5854 1146 5907 Ὥστε
1190 5853 1284 5907 καί
1316 5853 1439 5906 τότε
1466 5853 1528 5905 οὐ
1577 5852 1677 5920 τῆς
1717 5850 1938 5904 ἐκείνων

354 5944 640 6013 δυνάμεως
663 5940 884 6009 γέγονεν
926 5936 1121 6010 ἔργον,
1165 5937 1301 5991 ἀλλὰ
1344 5938 1443 6008 τῆς
1477 5935 1786 6005 οἰκονομίας
1838 5935 1938 6004 τῆς

366 6024 554 6083 αὐτοῦ.
584 6023 746 6081 Αὐτοὶ
780 6022 886 6096 γὰρ
925 6022 1018 6077 καὶ
1060 6020 1226 6077 πάλαι
1260 6019 1568 6085 ἐϐούλοντο,
1619 6019 1719 6073 οὐκ
1752 6019 1935 6090 ἴσχυον

2038 4178 2096 4231 δέ
2116 4194 2129 4209 ·
2166 4179 2227 4233 οὐ
2257 4178 2435 4231 τοίνυν
2468 4176 2589 4230 οὐδέ
2617 4176 2740 4228 τότε
2771 4176 2993 4245 ἴσχυσαν
3020 4175 3104 4239 ἂν,
3135 4177 3184 4228 εἰ
3222 4174 3295 4244 μὴ
3316 4173 3476 4235 αὐτὸς
3499 4189 3622 4224 συνφ

2040 4263 2336 4333 ἐχώρησεν.
2352 4257 2540 4315 Εἶπεν
2562 4254 2675 4314 οὖν
2700 4259 2903 4325 αὐτοῖς
2926 4258 3113 4312 πάλιν
3134 4262 3166 4312 ό
3201 4257 3428 4325 Ἰησοῦς
3448 4274 3461 4286 ·
3480 4255 3624 4323 Ἐγὼ

2039 4344 2268 4415 ὑπάτω,
2318 4344 2417 4398 καὶ
2467 4342 2753 4412 ζητήσετέ
2788 4359 2881 4411 με.
2916 4342 2981 4394 Τί
3018 4342 3219 4411 δήποτε
3273 4340 3418 4408 λέγει
3466 4338 3624 4391 τοῦτο

2042 4427 2313 4499 συνεχῶς;
2344 4426 2666 4480 Κατασείων
2703 4426 2885 4479 αὐτῶν
2924 4423 3023 4486 τὰς
3064 4422 3242 4493 ψυχὰς
3296 4423 3390 4475 καὶ
3420 4419 3621 4489 φοϐῶν.

2042 4513 2184 4583 ’Ὀρα
2209 4511 2317 4582 γάρ
2344 4512 2469 4565 ὅσον
2490 4510 2649 4563 τοῦτο
2686 4508 2922 4562 ἐνεποίει
2951 4518 2976 4547 α
3011 4506 3101 4559 τὸν
3147 4505 3329 4575 φόϐον.
3366 4504 3475 4557 Καὶ
3516 4503 3624 4574 γὰρ

2042 4596 2251 4649 ἀνελεῖν
2284 4594 2447 4647 αὐτὸν
2478 4592 2792 4663 βουλόμενοι
2825 4591 2913 4644 ἵνα
2957 4587 3343 4656 ἀπαλλαγῶσι,
3373 4585 3626 4656 ζητοῦσιν

2041 4680 2174 4732 ὅπου
2207 4678 2434 4743 ὑπάγει·
2457 4674 2599 4728 οὕτω
2630 4673 2842 4744 μεγάλα
2868 4671 2976 4725 ἀπὸ
2996 4670 3091 4724 τοῦ
3114 4671 3438 4742 πράγματος
3463 4669 3627 4737 ἐφαν-

2042 4760 2285 4824 τάζοντο.
2320 4760 2427 4813 Καὶ
2446 4759 2634 4828 ἕτερον
2671 4756 2969 4820 δέηδιδάξαι
2995 4755 3192 4816 αὐτοὺς
3233 4752 3503 4813 ἐϐούλετο,
3541 4751 3625 4803 ὅτι

2043 4845 2103 4898 οὐ
2126 4848 2223 4915 τῆς
2248 4845 2474 4896 ἐκείνων
2528 4842 2647 4911 βίας
2678 4841 2741 4894 τὸ
2792 4838 3025 4910 πρᾶγμά
3054 4840 3221 4901 ἐστιν,
3248 4836 3383 4890 ἀλλά
3422 4835 3626 4890 ἄνωθεν

2045 4927 2176 4981 αὐτὸ
2214 4925 2639 4996 προδιετύπωσε,
2676 4924 2770 4976 καὶ
2796 4922 2892 4993 τὴν
2923 4923 3215 4975 ἀνάστασιν
3244 4921 3346 4991 ήδη
3373 4918 3461 4972 διὰ
3500 4918 3626 4971 τού-

2044 5027 2152 5062 των
2180 5009 2491 5080 προέγραψε
2517 5008 2625 5060 τῶν
2652 5007 2845 5074 λόγων.
2891 5005 3117 5073 Ἔλεγον
3130 5001 3256 5073 οὖν·
3291 5000 3446 5071 Μήτι
3478 5001 3626 5053 ἀπο-

2046 5094 2245 5148 κτενεῖ
2270 5094 2523 5157 ἐαυτόν;
2548 5092 2612 5144 Τί
2641 5087 2735 5144 οὖν
2770 5092 2799 5143 ὁ
2828 5088 3097 5159 Χριστός;
3142 5083 3407 5159 Ἀναιρῶν
3445 5082 3626 5137 αὐτῶν

2045 5176 2426 5247 τὴνηύποψίαν,
2460 5176 2553 5228 καὶ
2582 5174 2793 5236 δεικνὺς
2827 5174 2909 5225 ὅτι
2954 5172 3013 5225 τὸ
3053 5173 3282 5243 πρᾶγμα
3323 5165 3628 5238 ἁμάρτημά

2048 5265 2181 5323 ἐστι,
2215 5260 2379 5330 φησί·
2418 5258 2612 5327 Ὑμεῖς
2644 5258 2713 5311 ἐκ
2738 5256 2855 5310 τῶν
2888 5257 3045 5311 κάτω
3073 5253 3230 5309 ἐστέ.
3270 5256 3335 5305 Ὃ
3364 5252 3421 5321 δέ
3454 5250 3623 5318 λέγει,

2047 5345 2283 5398 τοιοῦτον
2314 5345 2461 5395 ἐστιν
2485 5361 2496 5374 ·
2549 5343 2723 5395 Οὐδὲν.
2756 5340 3067 5411 θαυμαστὸν
3113 5340 3255 5407 ὑμᾶς
3284 5335 3513 5388 τοιαῦτα
3539 5335 3627 5387 ἐν·-

2048 5431 2207 5491 νοεῖν,
2232 5427 2550 5498 ἀνθρώπους
2581 5426 2899 5497 σαρκικούς,
2945 5424 3041 5478 καὶ
3066 5422 3219 5476 οὐδὲν
3245 5418 3625 5489 λογιζομένους

2022 5513 2408 5588 ,πνευματικόν
2429 5529 2440 5542 ·
2468 5511 2581 5564 ἀλλ’
2608 5511 2708 5563 οὐκ
2733 5508 2844 5577 ἐγὼ
2871 5507 3061 5580 πράξω
3082 5524 3134 5559 τι
3160 5504 3417 5559 τοιοῦτον.
3446 5504 3627 5557 Ἀνω-

2042 5602 2145 5651 θεν
2170 5596 2279 5665 γάρ
2309 5598 2452 5665 εἰμι’
2487 5593 2655 5662 ὑμεῖς
2692 5593 2761 5645 ἐκ
2800 5591 2906 5646 τοῦ
2946 5590 3175 5659 κόσμου
3210 5588 3423 5642 τούτου
3460 5585 3627 5640 ἐστέ.

2041 5682 2152 5734 Καὶ
2172 5680 2331 5733 πάλιν
2349 5678 2583 5732 ἐνταῦθα
2601 5676 2699 5741 τὰς
2723 5674 2993 5746 κοσμικὰς
3012 5672 3218 5735 ἐννοίας
3235 5671 3328 5724 καὶ
3358 5669 3627 5742 σαρκικάς

2042 5782 2206 5833 φησιν
2224 5782 2235 5793 ·
2272 5763 2394 5815 ὅθεν
2423 5763 2600 5831 δῆλον,
2625 5764 2706 5815 ὅτι
2732 5761 2824 5813 καὶ
2853 5758 2935 5823 τὸ,
2981 5757 3127 5826 Ἐγὼ
3151 5757 3262 5810 οὐκ
3288 5754 3405 5824 εἰμί
3424 5754 3494 5808 ἐκ
3518 5751 3625 5807 τοῦ

2045 5847 2276 5915 κόσμου
2307 5847 2540 5909 τούτου,
2570 5847 2628 5898 οὐ
2668 5845 2729 5897 τὸ
2770 5846 2951 5914 σάρκα
2979 5841 3053 5912 μὴ
3078 5838 3423 5909 ἀνειληφέναι
3453 5838 3622 5901 ἐστὶν,

2043 5930 2179 5983 ἀλλὰ
2211 5930 2273 5981 τὸ
2298 5929 2485 5998 πόρρω
2508 5926 2645 5982 εἶναι
2676 5927 2775 5999 τῆς
2806 5925 3027 5980 ἐκείνων
3052 5923 3336 5994 πονηρίας.
3365 5920 3479 5977 Καὶ
3509 5918 3626 5996 γὰρ

2106 6025 2130 6052 ⁸
2164 6021 2311 6071 Μοτοὶ
2323 6057 2334 6069 .
2361 6020 2524 6069 ἐποίει.
