4084 6360
449 508 579 573 τοὺς
613 505 866 578 μαθητάς
913 523 1046 576 φησι
1099 507 1176 579 μὴ
1210 504 1350 560 εἶναι
1382 509 1448 562 ἐκ
1498 507 1595 561 τοῦ
1629 507 1868 579 κόσμου·
1923 507 2037 562 ἀλλ’

449 592 600 663 ὅμως
630 592 812 660 σάρκα
831 586 977 659 εἶχον
990 591 1210 644 ἐκεῖνοι.
1228 591 1441 661 Ὥσπερ
1457 588 1549 651 οὖν
1564 593 1593 644 6
1606 592 1817 656 Παῦλος
1842 592 2037 660 λέγων,

445 678 569 731 Οὐκ
598 675 741 728 ἐστὲ
788 675 861 728 ἐν
895 674 1074 742 σαρκὶ
1095 714 1110 738 ,
1139 675 1262 746 οὐχὶ
1300 677 1625 745 ἀσωμάτους
1668 677 1869 740 αὐτοὺς
1897 673 2039 729 εἶναί

450 776 643 830 φησιν·
683 756 826 811 οὕτω
854 756 1031 825 λέγων
1058 759 1187 822 τοὺς
1230 758 1479 829 μαθητὰς
1520 760 1622 813 οὐκ
1664 756 1804 813 εἷναι
1837 762 1901 813 ἐκ
1943 759 2040 813 τοῦ

448 843 658 911 κόσμου
688 840 841 894 οὐδὲν
866 841 1076 911 ἕτερον,
1103 840 1138 911 ἢ
1161 841 1502 911 φιλοσοφίαν,
1526 843 1710 906 αὐτοῖς
1746 846 2038 914 μαρτυρεῖ.

445 920 635 978 Εἶπον
664 919 781 979 οὖν
801 923 965 993 ὑμῖν,
1003 924 1095 978 ὅτι
1121 924 1232 978 ἐὰν
1257 925 1345 992 μὴ
1386 927 1758 992 πιστεύσητε
1799 925 1889 979 ὅτι
1927 924 2043 994 ἐγώ

448 1012 587 1078 είμι,
625 1006 774 1079 [5H]
808 1008 879 1061 ἐν
910 1007 1041 1073 ταῖς
1069 1010 1379 1077 ἁμαρτίαις
1412 1009 1582 1078 ὑμῶν
1614 1009 2037 1064 ἀποθανεῖσθε.

446 1093 513 1147 El
544 1091 654 1163 γάρ
678 1091 768 1145 διὰ
793 1091 952 1145 τοῦτο
986 1088 1173 1162 ἦλθεν,
1222 1093 1309 1146 ἵνα
1341 1092 1452 1165 ἄρῃ
1482 1093 1583 1163 τὴν
1623 1093 1895 1164 ἁμαρτίαν
1944 1092 2041 1145 τοῦ

449 1176 676 1246 κόσμου,
718 1176 811 1229 καὶ
848 1176 1052 1248 ἑτέρως
1098 1176 1271 1245 αὐτὴν
1313 1176 1683 1231 ἀποδύσασθαι
1722 1177 1824 1230 οὐκ
1854 1176 1953 1237 ἐνι,
1992 1178 2041 1229 εἰ

449 1258 637 1329 μὴδιά
662 1258 915 1328 λουτροῦ,
943 1259 1161 1329 ἀνάγκη
1189 1260 1281 1313 τὸν
1318 1259 1393 1331 μὴ
1420 1258 1749 1313 πιστεύοντα
1776 1259 1921 1330 ἐχειν
1950 1259 2041 1311 τὸν

446 1343 677 1397 παλαιὸν
705 1343 993 1414 ἄνθρωπον
1018 1356 1068 1397 α.
1113 1344 1171 1396 '0
1200 1343 1307 1415 γάρ
1338 1344 1412 1415 μὴ
1451 1343 1774 1414 βουλόμενος
1817 1343 1980 1396 αὑτὸν
2012 1343 2040 1384 b

447 1424 761 1480 θανατῶσαι
781 1426 871 1480 διὰ
887 1426 987 1496 τῆς
1002 1426 1240 1491 πίστεως
1269 1428 1363 1481 καὶ
1389 1427 1581 1497 θάψαι,
1624 1426 2040 1480 ἐναποθανεῖται

445 1508 620 1580 αὐτῷ,
648 1510 744 1563 καὶ
773 1510 1137 1564 ἀπελεύσεται
1155 1512 1273 1564 ἐκεῖ
1289 1511 1478 1565 δώσων
1512 1511 1745 1575 εὐθύνας
1778 1511 1888 1564 τῶν
1907 1511 2042 1581 πρό-

444 1610 608 1665 τερον
638 1594 1070 1665 ἡμαρτημένων.
1120 1594 1223 1649 Διά
1273 1594 1435 1649 τοῦτο
1486 1595 1703 1663 ἔλεγεν·
1760 1594 1815 1647 '0
1846 1593 1915 1647 δὲ
1951 1593 2039 1663 μὴ

445 1677 752 1731 πιστεύων
770 1676 888 1745 ἤδη
908 1677 1173 1746 κέκριται
1190 1694 1203 1709 ·
1236 1678 1296 1731 οὐ
1331 1676 1411 1745 τῷ
1435 1678 1510 1749 μὴ
1550 1676 1830 1731 πιστεύειν
1856 1676 2037 1747 μόνον,

445 1759 563 1813 ἀλλ’
578 1762 661 1813 ὅτι
683 1761 776 1814 καὶ
799 1761 871 1815 τά
887 1760 1126 1832 πρότερα
1157 1761 1533 1833 ἁμαρτήματα
1552 1760 1692 1831 ἔχων
1716 1761 2037 1832 ἀπέρχεται.

450 1842 679 1911 Ἔλεγον
707 1838 801 1897 οὖν
818 1859 833 1874 ⁸
864 1843 949 1897 Σὺ
972 1843 1066 1909 τίς
1094 1839 1187 1907 sl;
1216 1845 1279 1896 Ὢ
1305 1844 1407 1915 τῆς
1430 1843 1616 1908 ἀνοίας
1639 1846 1651 1899 ι
1680 1844 1819 1915 μετά
1847 1844 2038 1915 χρόνον

442 1924 717 1987 τοσοῦτον,
750 1926 847 1979 καὶ
878 1928 1101 1997 σημεῖα,
1130 1928 1228 1981 καὶ
1247 1927 1619 1991 διδασκαλίαν,
1649 1926 1917 1999 ἐρωτῶσι,
1951 1926 2039 1980 Σὺ

447 2007 543 2074 τίς
564 2003 655 2073 al;
680 2008 747 2061 Τί
768 2007 863 2062 οὖν
888 2010 917 2062 6
937 2009 1207 2079 Χριστός;
1238 2009 1357 2077 Τὴν
1377 2010 1578 2079 ἀρχὴν
1607 2010 1641 2064 ὅ
1667 2027 1723 2064 τι
1749 2010 1849 2065 καὶ
1868 2008 2039 2064 λαλῶ

442 2090 608 2160 ὑμῖν.
648 2091 716 2145 Ὃ
743 2090 801 2144 δὲ
828 2091 995 2159 λέγει,
1025 2092 1270 2146 τοιοῦτόν
1318 2096 1467 2146 ἐστι·
1500 2093 1609 2147 Τοῦ
1645 2093 1784 2157 ὅλως
1816 2092 2038 2149 ἀκούειν

443 2173 553 2226 τῶν
591 2173 765 2243 λόγων
797 2174 909 2229 τῶν
938 2177 1068 2246 παρ’
1095 2175 1230 2247 ἐμοῦ
1271 2176 1480 2240 ἀνάξιοί
1507 2177 1653 2242 ἐστε,
1676 2178 1805 2247 μήτι
1837 2194 1900 2245 γε
1941 2176 2039 2229 καὶ

446 2258 666 2330 μαθεῖν,
704 2261 853 2323 ὅστις
879 2260 991 2330 ἐγώ
1018 2263 1156 2332 είμι.
1201 2261 1390 2332 Ὑμεῖς
1420 2262 1531 2333 γάρ
1552 2262 1729 2316 πάντα
1756 2260 2039 2332 πειράζον-

440 2358 534 2406 τις
571 2342 897 2413 φθέγγεσθε,
930 2344 1027 2397 καὶ
1051 2344 1225 2399 οὐδενὶ
1264 2343 1375 2397 τῶν
1406 2346 1535 2416 παρ’
1566 2344 1704 2416 ἐμοῦ
1739 2345 2039 2415 προσέχον-

440 2442 556 2490 τες.
586 2428 697 2481 Kal
722 2427 897 2481 ταῦτα
935 2428 1117 2483 πάντα
1141 2428 1421 2500 ἠδυνάμην
1451 2429 1671 2498 ἐλέγξαι
1719 2429 1845 2483 νῦν·
1875 2428 2038 2482 τοῦτο

441 2508 552 2580 γάρ
576 2511 696 2564 ἐστι
717 2552 732 2574 ,
766 2512 978 2566 Πολλὰ
1006 2512 1126 2579 ἔχω
1149 2512 1247 2565 καὶ
1283 2514 1483 2581 λέγειν
1506 2513 1605 2566 καὶ
1634 2514 1892 2581 κρίνειν·
1935 2512 2038 2566 οὐκ

441 2592 661 2663 ἐλέγξαι
692 2594 750 2649 δέ
779 2595 959 2665 μόνον,
1002 2594 1139 2647 ἀλλά
1166 2594 1261 2648 καὶ
1291 2596 1551 2650 κολάσαι·
1587 2596 1703 2650 ἀλλ’
1739 2598 1769 2649 6
1812 2596 2036 2667 πέμψας

448 2694 539 2746 με,
567 2678 867 2745 τουτέστιν,
897 2681 927 2731 6
957 2677 1171 2748 Πατὴρ,
1192 2679 1253 2731 οὐ
1290 2678 1538 2748 βούλεται
1581 2679 1759 2734 τοῦτο.
1813 2681 1896 2733 Οὐ
1925 2677 2036 2749 γὰρ

438 2756 634 2831 ἦλθον
650 2760 846 2829 κρῖναι
871 2761 979 2815 τὸν
993 2763 1248 2831 κόσμον,
1263 2763 1426 2817 ἀλλὰ
1442 2762 1637 2817 σῶσαι
1653 2763 1761 2817 τὸν
1778 2764 2032 2833 κόσμον.

437 2847 522 2899 οὐ
568 2844 681 2914 γὰρ
708 2845 1071 2900 ἀπέστειλεν
1119 2848 1154 2900 ό
1185 2846 1331 2913 Θεὸς
1374 2845 1482 2900 τὸν
1512 2846 1650 2901 Υίὸν
1692 2845 1900 2914 αὐτοῦ,
1934 2847 2037 2900 ἵνα

441 2929 619 2998 κρίνῃ
644 2927 753 2982 τὸν
776 2929 1029 2996 κόσμον,
1054 2928 1243 2998 φησὶν,
1276 2930 1417 2983 ἀλλ’
1450 2930 1551 2983 ἵνα
1582 2930 1756 2999 σώσῃ
1793 2929 1902 2984 τὸν
1933 2930 2036 2983 κό-

441 3026 623 3081 σμον.
656 3012 721 3065 El
740 3011 921 3065 τοίνυν
965 3013 1045 3074 είς
1072 3010 1232 3065 τοῦτό
1263 3030 1333 3083 με
1359 3013 1701 3080 ἀπέστειλεν,
1733 3013 1940 3086 ἀληθὴς
1977 3014 2034 3066 δέ

440 3098 614 3160 ἐστιν,
643 3095 866 3159 εἰκότως
909 3094 1102 3149 οὐδένα
1130 3094 1243 3164 ἐγὼ
1279 3096 1451 3167 κρίνω
1482 3098 1598 3153 νῦν.
1655 3097 1818 3151 Ἀλλά
1860 3097 2034 3151 ταῦτα

441 3178 591 3233 λαλῶ
622 3178 692 3231 τά
714 3178 851 3249 1:96;
880 3179 1179 3251 σωτηρίαν,
1206 3180 1269 3233 οὐ
1312 3180 1381 3233 τά
1418 3180 1556 3251 πρὸς
1598 3180 1838 3251 ἔλεγχον.
1869 3180 2033 3248 ⁴λέγει

440 3262 499 3316 δὲ
525 3261 719 3326 ταῦτα,
737 3263 824 3316 ἵνα
851 3263 926 3333 μὴ
943 3264 1238 3333 νομίσωσιν
1252 3264 1337 3317 6::
1365 3264 1600 3317 τοσαῦτα
1617 3265 1851 3328 ἀκούων,
1881 3264 2033 3333 παρά

441 3345 727 3400 ἀσθένειαν
746 3347 847 3400 οὐκ
869 3346 1243 3419 ἐπεξέρχεται,
1267 3347 1300 3419 ἢ
1332 3348 1415 3401 ὅτι
1446 3348 1545 3401 οὐκ
1574 3344 1712 3401 οἶδεν
1732 3348 1910 3402 αὐτῶν
1933 3349 2033 3411 τὰς

442 3430 678 3495 διανοίας
700 3430 909 3495 καὶτὰς
932 3431 1248 3501 χλευασίας.
1279 3433 1402 3486 Οὐκ
1421 3432 1700 3501 ἔγνωσαν
1721 3432 1791 3486 δὲ
1819 3433 1905 3485 ὅτι
1925 3432 2034 3486 τόν

446 3514 680 3582 Πατέρα
710 3514 917 3581 αὐτοῖς
957 3514 1144 3583 λέγει.
1182 3516 1247 3567 Ὠ
1285 3516 1385 3586 τῆς
1413 3515 1639 3579 ἀνοίαςί
1689 3517 1752 3570 οὐ
1794 3516 2033 3570 διέλιπεν

447 3598 631 3661 αὐτοῖς
660 3599 792 3669 περὶ
822 3599 987 3652 αὐτοῦ
1016 3598 1417 3670 διαλεγόμενος,
1458 3601 1553 3654 καὶ
1579 3601 1681 3654 οὐκ
1712 3602 2028 3668 ἐγίνωσκον.

447 3677 583 3735 Εἶτα
611 3682 799 3752 ἐπειδὴ
829 3680 998 3737 πολλὰ
1025 3686 1230 3754 σημεῖα
1259 3685 1493 3754 ποιήσας
1532 3685 1627 3737 καὶ
1661 3684 1898 3751 διδάξας,
1932 3685 2032 3738 οὐκ

446 3763 817 3828 ἐπεσπάσατο,
881 3766 1013 3835 περὶ⁵
1053 3765 1148 3819 τοῦ
1200 3766 1435 3836 σταυροῦ
1463 3767 1645 3821 λοιπὸν
1683 3768 1990 3836 διαλέγεται
2013 3808 2029 3833 ,

446 3845 651 3915 λέγων·
691 3847 881 3902 Ὅταν
925 3844 1214 3917 ὑψώσητε
1240 3849 1351 3903 τὸν
1378 3850 1512 3904 Υἱὸν
1543 3851 1651 3905 τοῦ
1690 3851 2029 3920 ἀνθρώπου,

443 3930 578 3983 τότε
600 3928 910 4000 γνώσεσθε
938 3930 1029 3984 ὅτι
1070 3931 1185 4002 ἐγώ
1219 3935 1357 4002 εἰμι,
1383 3934 1483 3987 καὶ
1530 3935 1630 3988 ἀπ’
1657 3935 1917 4004 ἐμαυτοῦ
1957 3937 2031 3989 οὺ

444 4009 634 4076 λαλῶ,
671 4011 770 4065 καὶ
799 4010 889 4065 ὅτι
906 4014 1036 4080 μετ’
1063 4014 1210 4083 ἐμοῦ
1238 4015 1407 4069 ἐστιν
1440 4019 1474 4070 ό
1503 4017 1746 4086 πέμψας
1782 4035 1876 4086 με,
1931 4017 2033 4072 καὶ

445 4096 559 4148 οὐκ
581 4094 779 4164 ἀφῆκέ
801 4111 873 4163 με
888 4097 1084 4164 μόνον
1101 4098 1135 4150 ό
1158 4098 1380 4166 Πατήρ.
1406 4099 1687 4154 Δείκνυσιν
1703 4101 1785 4153 6::
1805 4101 2031 4164 δικαίως

443 4178 620 4249 ιλεγε,
660 4178 779 4247 Τὴν
806 4179 1006 4249 ἀρχὴν
1037 4179 1071 4233 ὅ
1100 4198 1156 4234 τι
1174 4181 1275 4235 καὶ
1296 4183 1465 4236 λαλῶ
1494 4183 1654 4252 ὑμῖν.

519 4261 586 4332 β’.
618 4261 805 4326 Οὕτως
851 4263 913 4315 οὑ
954 4265 1242 4334 προσεῖχον
1286 4267 1400 4329 τοῖς
1440 4265 1775 4338 λεγομένοις.
1845 4269 2031 4322 Ὅταν

442 4345 735 4415 ὑψώσητε
766 4346 874 4400 τὸν
912 4346 1052 4400 Υίὸν
1086 4346 1194 4401 τοῦ
1216 4347 1552 4416 ἀνθρώπου.
1589 4351 1701 4422 Οὐχ
1724 4352 1881 4421 ὑμεῖς
1907 4355 2028 4407 τότε

449 4431 686 4502 μάλιστα
708 4430 1042 4499 προσδοκᾶτε
1087 4431 1571 4505 ἀπαλλαγήσεσθαί
1603 4452 1703 4505 μου
1736 4438 1831 4491 καὶ
1873 4438 2029 4491 ἀναι-

448 4515 671 4587 ρήσειν;
731 4515 872 4584 Ἐγὼ
901 4515 959 4568 δέ
995 4514 1160 4586 λέγω,
1211 4517 1297 4570 ὅτι
1348 4518 1481 4571 Τότε
1518 4519 1754 4589 μάλιστα
1784 4523 2029 4575 εἴσεσθε

445 4598 536 4651 ὅτι
554 4596 668 4668 ἐγώ
685 4600 823 4667 εἰμι,
845 4597 951 4650 τῶν
971 4615 1032 4651 τε
1058 4600 1301 4671 σημείων
1325 4599 1531 4665 ἕνεκεν,
1560 4604 1654 4655 καὶ
1674 4603 1772 4672 τῆς
1794 4605 2030 4659 ἀναστά-

448 4696 585 4743 σεως
619 4679 715 4734 xal
753 4680 853 4749 τῆς
883 4679 1160 4746 ἁλώσεως.
1195 4683 1383 4737 Πάντα
1411 4684 1519 4755 γὰρ
1550 4685 1723 4739 ταῦτα
1772 4688 1932 4741 ἱκανά
1958 4684 2026 4759 ἦν

444 4764 685 4833 ἐμφῆναι
714 4762 879 4816 αὐτοῦ
900 4762 999 4834 τὴν
1025 4764 1198 4834 ἰσχύν.
1228 4766 1339 4820 Kal
1370 4767 1470 4821 οὐκ
1497 4764 1637 4833 εἷπε,
1674 4768 1807 4823 Τότε
1829 4771 2027 4839 γνώσε-

445 4843 541 4897 σθε
577 4844 662 4907 τίς
700 4846 814 4915 ειμι
851 4855 900 4899 θ.
962 4847 1130 4901 Ὅταν
1159 4847 1266 4919 γάρ
1298 4848 1481 4920 ῐδητε,
1524 4852 1710 4922 φησὶν,
1756 4854 1839 4906 6::
1870 4855 2025 4909 οὐδὲν

443 4926 553 4981 ἀπὸ
580 4926 677 4980 τοῦ
706 4927 940 4981 θανάτου
974 4929 1261 5001 πείσομαι,
1295 4934 1432 4986 Τότε
1460 4933 1769 5002 γνώσεσθε
1801 4936 1890 4991 ὅτι
1910 4937 2025 5009 ἐγώ

442 5013 595 5080 ειμι·
623 5011 924 5076 τουτέστιν,
958 5013 987 5064 6
1033 5015 1270 5086 Χριστὸς
1312 5016 1341 5067 6
1370 5016 1499 5081 Υἱὸς
1540 5018 1634 5071 τοῦ
1659 5019 1794 5073 Θεοῦ
1814 5060 1830 5086 ,
1877 5024 1971 5075 καὶ
1997 5024 2026 5076 6

442 5095 627 5150 πάντα
677 5096 859 5166 φέρων
905 5098 1000 5150 καὶ
1051 5097 1221 5166 ἄγων,
1279 5099 1375 5152 καὶ
1402 5102 1504 5154 οὐκ
1536 5103 1778 5167 ἐναντίος
1807 5106 2021 5177 ἐκείνῳ.

441 5180 543 5234 Διά
565 5178 724 5233 τοῦτο
753 5179 886 5249 γοῦν
906 5181 1175 5251 ἐπήγαγε,
1209 5182 1319 5236 Καὶ
1352 5184 1453 5238 ἀπ’
1478 5186 1738 5253 ἐμαυτοῦ
1763 5191 1836 5241 οὐ
1855 5188 2025 5244 λαλῶ

442 5262 643 5318 οὐδέν.
692 5264 1002 5335 Ἀμφότερα
1025 5264 1137 5334 γὰρ
1165 5261 1410 5332 εἴσεσθε,
1458 5268 1552 5321 καὶ
1597 5268 1696 5339 τὴν
1732 5271 1885 5341 ίσχὺν
1924 5273 2023 5342 τὴν

442 5346 606 5416 ἐμὴν,
656 5347 754 5400 καὶ
808 5346 909 5416 τὴν
955 5347 1207 5416 ὁμόνοιαν
1238 5347 1338 5419 τὴν
1370 5350 1505 5420 πρὸς
1536 5351 1627 5404 τὸν
1658 5353 1898 5425 Πατέρα.
1948 5358 2022 5411 Τὸ

441 5428 573 5501 γὰρ,
608 5429 731 5483 Ἀπ’
750 5428 1010 5497 ἐμαυτοῦ
1028 5432 1101 5483 οὐ
1118 5430 1288 5483 λαλῶ
1301 5431 1503 5497 οὐδὲν,
1528 5434 1587 5487 :6
1606 5437 2023 5507 ἀπαράλλακτον,

440 5514 541 5583 τῆς
567 5512 752 5576 οὐσίας
780 5513 949 5581 δηλοῖ,
970 5512 1063 5566 καὶ
1095 5513 1158 5566 τὸ
1186 5514 1336 5568 οὐδὲν
1356 5514 1383 5555 ει
1414 5517 1570 5581 ἐκτὸς
1599 5518 1707 5573 τῶν
1738 5522 2020 5593 πατρικῶν

440 5594 732 5679 νοημάτων
782 5596 1136 5666 φθέγγεσθαι.
1178 5595 1330 5670 [512]
1389 5600 1556 5654 Ὅταν
1611 5603 1719 5675 γάρ
1750 5607 2018 5679 ἐκπέσητε

438 5678 541 5749 τῆς
578 5678 855 5751 λατρείας,
888 5680 1016 5733 ὅταν
1048 5681 1123 5751 μὴ
1155 5682 1483 5754 συγχωρηθῇ
1525 5684 1653 5755 ὑμῖν
1690 5689 1823 5758 μηδὲ
1857 5678 2018 5745 αὐτὸν

441 5760 789 5831 θεραπεύειν,
816 5764 891 5827 ὡς
918 5764 1024 5833 πρὸ
1048 5764 1260 5827 τούτου,
1294 5764 1414 5817 τότε
1444 5768 1652 5821 εἴσεσθε
1685 5771 1763 5823 6::
1794 5773 2017 5843 ἀμύνων

504 5844 531 5874 ³
559 5844 709 5919 ngi].
735 5854 801 5919 (Et.
819 5847 971 5919 godd.‘
994 5846 1369 5919 792.5.._I70§,’:6v
1414 5852 1476 5919 μή
1508 5854 1807 5919 πιστεύοντα,
1851 5859 2018 5919 ἔχοντα

439 5920 485 5953 τ.
507 5921 561 5982 3:.
660 5907 901 5982 ἀπελθεῖνε
958 5907 987 5947 ι»
1009 5907 1141 5982 Egili
1163 5908 1324 5982 αὐτόγ,
1348 5906 1543 5982 quidam
1572 5915 1753 5982 ἑαυτὸν.
1796 5906 1807 5915 ’
1823 5922 1845 5948 ε
1873 5906 2015 5982 Ἠωέέ

442 5968 525 6035 καί
551 5967 639 6015 οὐκ
672 5968 793 6035 εἷπε,
825 5969 963 6035 ’Τότε
977 5970 1217 6035 γνῴσεσθε
1252 5967 1471 6035 τίςλὲίμι,
1506 5988 1599 6022 non
1639 5978 1765 6027 lecta
1809 5967 2014 6035 suﬁiﬂal;

447 6026 747 6093 Interprete.
781 6026 841 6069 ’ἀ
866 6029 967 6086 Alii
989 6026 1126 6090 δηλοῖ
1166 6030 1238 6078 6::
1277 6026 1429 6098 οὐδέν,
1460 6026 1512 6089 ει
1531 6050 1654 6103 _mox
1686 6026 1945 6109 φθέγγεται.

1172 394 1231 449 S.
1271 392 1557 448 JOANNIS
1592 390 2080 450 CHRYSOSTOMI
2116 389 2436 448 ARCIIIEP.
2474 382 3020 445 CONSTANTINOP.

3623 383 3732 442 296

2146 507 2271 577 ἐμοὶ
2295 507 2470 559 ταῦτα
2513 506 2679 569 ποιεῖ,
2725 503 2821 557 καὶ
2862 500 3299 574 παροξυνόμενος
3332 497 3472 570 ὑπὲρ
3513 496 3622 552 τῶν
3653 498 3733 569 μὴ

2145 592 2497 645 ἀκουσάντων
2536 607 2637 661 μου
2652 607 2667 622 ο
2698 588 2902 641 ὡσανεὶ
2922 586 3106 654 ἔλεγεν
3126 602 3140 616 ·
3174 584 3287 638 Οὐκ
3311 582 3377 638 ἂν
3402 581 3458 635 ετ
3481 599 3545 651 γε
3578 582 3721 661 ἀντί-

2147 669 2268 732 θεός
2288 687 2373 729 τις
2399 660 2551 740 ήμην
2570 669 2665 723 καὶ
2691 666 2993 737 ἀλλότριος,
3021 663 3293 734 τοσαύτην
3324 661 3390 716 ἂν
3410 662 3582 732 ὀργὴν
3606 660 3730 714 καθ’

2143 752 2297 821 ὑμῶν
2327 752 2569 822 ἐκίνησε.
2595 750 2767 804 Τοῦτο
2802 750 2897 803 καὶ
2937 749 3160 811 Ἡσαΐας
3190 745 3354 816 φησί·
3386 744 3569 798 Δὼσει
3588 743 3730 810 τοὺς

2143 840 2450 908 πονηροὺς
2481 840 2614 894 ἀντὶ
2668 837 2781 906 τῆς
2814 835 3012 906 ταφῆς
3061 834 3248 888 αὐτοῦ
3274 851 3287 864 ·
3340 832 3434 885 καὶ
3463 833 3493 884 ό
3531 830 3726 896 Δαυῒδ,

2148 924 2285 977 Τότε
2314 920 2574 987 λαλήσει
2621 921 2771 988 πρὸς
2796 919 3015 985 αὐτοὺς
3060 919 3131 971 ἐν
3183 914 3329 985 ὀργῇ
3361 914 3581 968 αὐτοῦ·
3635 915 3731 968 καὶ

2143 1008 2327 1071 αὐτὸς,
2370 1006 2525 1061 Ἰδοὺ
2547 1005 2783 1074 ἀφίεται
2811 1007 2843 1058 ό
2869 1000 3034 1067 οἶκος
3064 1000 3233 1071 ὑμῶν
3263 1000 3502 1067 ἔρημος.
3532 998 3640 1051 Kal
3670 1001 3729 1052 al

2143 1090 2453 1160 παραϐολαὶ
2479 1090 2539 1142 :6
2566 1089 2695 1142 αὐτὸ
2718 1088 2991 1159 δηλοῦσιν,
3026 1088 3155 1140 ὅταν
3185 1084 3349 1155 λέγῃ·
3402 1084 3462 1138 Τί
3492 1082 3731 1149 ποιήσει

2143 1173 2267 1237 τοῖς
2298 1173 2575 1243 γεωργοῖς
2599 1174 2854 1237 ἐκείνοις
2894 1182 2918 1210 ο
2942 1174 2974 1224 ό
3007 1171 3209 1238 κύριος
3238 1168 3346 1222 τοῦ
3373 1167 3731 1241 ἀμπελῶνος

2142 1259 2378 1311 ἐκείνου
2402 1274 2421 1322 ;
2445 1258 2680 1324 Κακοὺς
2723 1256 2921 1322 κακῶς
2952 1254 3243 1310 ἀπολέσει
3277 1254 3522 1319 αὐτούς.
3567 1252 3729 1323 Ὁρᾷς

2142 1342 2223 1394 6::
2249 1341 2522 1411 πανταχοῦ
2547 1341 2636 1395 διὰ
2663 1341 2724 1393 τὸ
2754 1340 2980 1411 μηδέπω
3009 1337 3361 1391 πιστεύεσθαι
3383 1336 3525 1390 οὕτω
3558 1337 3727 1405 φθέγ-

2142 1442 2333 1493 γεται;
2369 1428 2522 1479 Ἐπεὶ
2543 1427 2591 1478 εί
2619 1424 2817 1487 αὐτοὺς
2840 1424 3051 1483 ἀπολεῖ,
3076 1424 3267 1492 ὥσπερ
3294 1419 3389 1476 οὖν
3420 1423 3515 1475 καὶ
3539 1422 3732 1475 ἀπολεί

2145 1509 2390 1580 (Φέρετε
2416 1509 2545 1575 γὰρ,
2567 1510 2753 1579 φησὶν,
2777 1507 2998 1572 αὐτοὺς
3013 1499 3129 1559 ὦδε
3156 1505 3299 1571 τοὺς
3321 1504 3408 1574 μὴ
3442 1504 3729 1570 θέλοντάς

2137 1608 2215 1660 με
2239 1592 2632 1655 βασιλεῦσαι,
2672 1591 2775 1644 καὶ
2826 1588 3315 1658 κατασφάξατε)·
3366 1588 3511 1651 τίνος
3543 1587 3726 1640 ἕνεκεν

2141 1675 2242 1729 οὐκ
2276 1675 2442 1728 αὐτοῦ
2476 1690 2641 1744 φησιν
2671 1674 2851 1744 ἔργον,
2892 1671 3029 1726 ἀλλὰ
3049 1672 3145 1725 τοῦ
3180 1670 3390 1742 Πατρός
3411 1672 3473 1723 :6
3507 1672 3727 1742 γινόμε-

2140 1775 2229 1811 νον
2253 1775 2268 1823 ;
2302 1758 2446 1828 Πρὸς
2464 1757 2563 1830 τὴν
2583 1758 2811 1810 ἐκείνων
2837 1755 3124 1810 ἀσθένειαν
3149 1755 3527 1826 διαλεγόμενος
3545 1771 3559 1784 ⁸
3589 1752 3727 1825 ὁμοῦ

2140 1843 2196 1896 δέ
2227 1844 2322 1897 καὶ
2345 1842 2524 1913 τιμῶν
2554 1842 2648 1896 τὸν
2672 1840 3060 1911 γεγεννηκότα.
3094 1839 3193 1893 Διά
3226 1838 3383 1893 τοῦτο
3418 1839 3519 1892 οὐκ
3551 1834 3724 1903 εἶπεν,

2154 1925 2325 1993 Ἀφίω
2365 1926 2384 1965 ί
2416 1927 2509 1980 τὸν
2558 1922 2708 1980 οἷκον
2757 1924 2911 1995 ὑμῶν
2964 1924 3204 1995 ἔρημον,
3258 1924 3377 1977 ἀλλ’
3439 1923 3723 1993 Ἆςείεται·

2138 2008 2298 2062 τοῦτο
2321 2010 2419 2078 μὲν
2447 2011 2557 2079 γάρ
2578 2007 2923 2080 ἀπροσώπως
2945 2007 3180 2060 τέθεικε.
3203 2006 3303 2060 Διά
3328 2006 3383 2059 δέ
3412 2007 3506 2060 τοῦ
3529 2008 3725 2068 εἰπεῖν,

2138 2092 2408 2158 Ποσάκις
2437 2093 2712 2160 ἠθέλησα
2732 2090 3201 2159 ἐπισυναγαγεῖν
3219 2090 3293 2144 τὰ
3330 2089 3509 2143 τέκνα
3534 2088 3724 2157 ὑμῶν,

2138 2175 2237 2228 καί
2278 2177 2390 2228 οὐκ
2416 2173 2793 2242 ἠθελήσατε;
2824 2169 2942 2227 εἶτα
2966 2176 3288 2242 ἐπαγαγεῖν.
3324 2174 3408 2226 6::
3451 2174 3723 2241 Ἀφίεται,

2135 2259 2410 2314 δείκνυσιν
2434 2262 2518 2313 6::
2540 2260 2703 2323 αὐτὸς
2736 2259 2835 2331 τὴν
2864 2260 3145 2329 ἐρήμωσιν
3170 2258 3475 2329 εἰργάζετο.
3502 2257 3726 2328 Ἐπειδὴ

2136 2342 2267 2414 γὰρ,
2314 2344 2499 2413 φησὶν,
2552 2342 3002 2414 εὐεργετούμενοι
3032 2343 3127 2395 καὶ
3166 2342 3595 2414 θεραπευόμενοι
3626 2342 3726 2394 οὐκ

2136 2426 2441 2497 ἠθελήσατε
2474 2425 2702 2495 γνῶναι,
2746 2425 3102 2496 κολαζόμενοι
3154 2424 3369 2477 εἴσεσθε
3414 2426 3563 2487 ὅστις
3589 2423 3721 2492 ἐγώ.

2136 2506 2251 2562 Καὶ
2271 2511 2399 2578 μετ’
2427 2510 2572 2579 ἐμοῦ
2591 2510 2763 2563 ἐστιν
2788 2513 2821 2563 ό
2841 2508 3063 2577 Πατήρ.
3093 2508 3210 2561 Ἵνα
3236 2509 3345 2580 γὰρ
3366 2509 3442 2579 μὴ
3460 2509 3723 2579 νομίσωσι

2136 2592 2221 2658 :6,
2262 2593 2325 2647 '0
2351 2594 2594 2663 πέμψας
2615 2609 2714 2662 με,
2750 2593 3102 2655 ἐλαττώσεως
3156 2586 3317 2658 εἶναι,
3360 2591 3509 2660 λέγει
3536 2632 3550 2653 ,
3581 2591 3721 2646 Μετ’

2135 2675 2281 2744 ἐμοῦ
2308 2678 2458 2730 ἐστι.
2497 2677 2570 2729 Τὸ
2604 2677 2703 2747 μὲν
2735 2675 2864 2747 γὰρ,
2892 2677 2992 2746 τῆς
3016 2675 3327 2745 οἰκονομίας
3346 2692 3362 2708 ο
3404 2677 3465 2727 τὸ
3494 2674 3551 2727 δὲ
3574 2717 3587 2739 ,
3622 2678 3723 2745 τῆς

2137 2759 2411 2831 θεότητος.
2457 2760 2567 2815 Kal
2606 2762 2719 2814 οὐκ
2761 2758 2962 2828 ἀφῆκέ
2988 2776 3065 2828 με
3097 2762 3312 2829 μόνον,
3346 2758 3437 2812 ὅτι
3481 2758 3596 2829 ἐγὼ
3648 2761 3724 2811 τὰ

2134 2843 2359 2910 ἀρεστὰ
2396 2843 2558 2909 αὐτῷ
2588 2842 2738 2896 ποιῶ
2764 2842 3043 2896 πάντοτε.
3074 2841 3241 2895 Πάλιν
3269 2842 3363 2895 ἐπὶ
3386 2841 3447 2894 :6
3473 2839 3719 2893 ταπεινό-

2134 2943 2292 2997 τερον
2313 2926 2407 2979 τὺν
2435 2926 2592 2995 λόγον
2617 2928 2922 2997 κατήγαγε,
2950 2926 3084 2997 πρὸς
3113 2927 3293 2978 ἐκεῖνο
3321 2924 3723 2995 σύνεχῶςίστά-

2139 3027 2297 3081 μενος
2325 3012 2464 3082 ὅπερ
2496 3010 2705 3079 ἔλεγον,
2724 3011 2806 3064 6::
2834 3010 2935 3063 οὐκ
2960 3010 3106 3062 ἐστιν
3130 3011 3188 3076 ἐξ
3217 3008 3405 3070 αὑτοῦ,
3435 3010 3530 3063 καὶ
3552 3009 3634 3062 6::
3656 3009 3721 3060 :6

2136 3096 2404 3150 σάϐϐατον
2431 3097 2494 3149 οὐ
2545 3098 2728 3167 τηρεῖ,
2784 3097 2933 3168 πρὸς,
2971 3095 3130 3149 τοῦτό
3171 3112 3338 3166 φησι·
3375 3099 3453 3149 Τὰ
3493 3096 3721 3163 ἀρεστὰ

2133 3178 2293 3242 αὐτῷ
2321 3179 2469 3232 ποιῶ
2500 3178 2758 3233 πάντοτε
2781 3195 2795 3210 ·
2819 3179 3055 3243 δεικνὺς,
3090 3179 3173 3233 6::
3205 3180 3298 3232 καὶ
3321 3179 3382 3251 :6
3410 3178 3631 3232 λύεσθαι
3654 3181 3720 3230 τὸ

2136 3261 2439 3327 σάϐϐατον,
2481 3263 2712 3332 ἀρεστὸν
2764 3261 2938 3333 αὐτῷ.
2988 3261 3145 3316 Οῦτω
3194 3263 3325 3331 γοῦν
3358 3263 3452 3316 καὶ
3483 3263 3573 3315 ἐπὶ
3622 3261 3718 3314 τοῦ

2136 3345 2371 3415 σταυροῦ
2397 3363 2532 3415 φησι
2560 3364 2574 3379 ο
2607 3346 2843 3401 Δοκεῖτε
2876 3346 2965 3400 ὅτι
2994 3350 3067 3402 οὐ
3096 3347 3355 3416 δύναμαι
3374 3347 3717 3415 παρακαλέ-

2133 3444 2239 3482 σαι
2266 3428 2374 3482 τὸν
2401 3428 2635 3496 Πατέρα
2652 3447 2774 3499 μου
2797 3446 2818 3493 ;
2844 3428 3036 3483 Καίτοι
3060 3448 3123 3498 γε
3154 3430 3323 3483 εἰπὼν
3352 3431 3510 3501 μόνον
3533 3447 3546 3461 ·
3578 3430 3719 3483 Τίνα

2134 3508 2353 3579 (utsin
2374 3529 2393 3579 ;
2412 3512 2636 3583 ἔρριψεν
2663 3512 2908 3576 ὑπτίους.
2931 3514 2996 3565 Τί
3012 3508 3105 3565 οὖν
3125 3515 3185 3566 οὐ
3203 3514 3370 3583 λέγει,
3390 3516 3606 3566 Δοκεῖτε
3632 3514 3718 3565 6::

2131 3599 2192 3651 οὐ
2221 3597 2457 3668 δύναμαι
2492 3608 2518 3647 ε
2550 3599 2694 3670 ὑμᾶς
2742 3598 3049 3663 ἀπολέσαι,
3091 3599 3237 3670 ἔργῳ
3259 3599 3417 3653 τοῦτο
3447 3598 3716 3665 ἐπιδειξά-

2136 3698 2295 3752 μενος
2320 3699 2334 3747 ;
2365 3682 2508 3754 Πρὸς
2532 3684 2631 3753 τὴν
2660 3682 2946 3737 ἀσθένειαν
2988 3684 3171 3737 αὐτῶν
3202 3683 3541 3738 καταϐαίνει.
3577 3684 3717 3736 Πολ-

2132 3764 2229 3835 λὴν
2259 3766 2370 3835 γὰρ
2424 3766 2660 3819 ἐποιεῖτο
2717 3766 2975 3838 σπουδὴν,
3034 3767 3176 3821 ῶστε
3225 3767 3394 3834 δεῖξαι
3442 3770 3524 3821 6::
3560 3766 3715 3821 οὐδὲν

2132 3849 2372 3902 ἐναντίον
2403 3851 2547 3902 ποιεῖ
2564 3848 2643 3919 τῷ
2675 3850 2875 3920 Πατρί.
2909 3850 3066 3905 Οῦτω
3091 3850 3155 3921 δὴ
3206 3851 3302 3904 καὶ
3333 3850 3569 3905 ἐνταῦθα
3613 3852 3711 3903 ἀν-

2132 3932 2548 4004 θρωπινώτερον
2567 3933 2885 4003 φθέγγεται.
2902 3934 3119 4006 Ὥσπερ
3133 3934 3190 3987 δὲ
3210 3935 3273 3987 τὸ
3290 3934 3344 4000 ιι,
3368 3937 3489 3988 Οὐκ
3514 3933 3715 4003 ἀφῆκέ

2126 4033 2203 4085 με
2234 4018 2446 4085 μόνον,
2476 4017 2690 4085 είρηται
2717 4033 2730 4048 ·
2767 4016 2910 4071 οὓτω
2939 4017 3033 4070 καὶ
3056 4017 3138 4083 :6,
3168 4018 3249 4070 6::
3301 4017 3448 4087 Ἐγὼ
3479 4018 3552 4071 τὰ
3575 4018 3715 4085 ἀρε-

2130 4100 2247 4153 στὰ
2271 4098 2431 4164 αὐτῷ
2458 4097 2607 4151 ποιῶ
2632 4098 2909 4154 πάντοτε.
2953 4099 3143 4154 Ταῦτα
3168 4099 3355 4153 αὐτοῦ
3391 4099 3713 4165 λαλήσαν-

2128 4199 2251 4247 τος,
2280 4182 2499 4235 πολλοὶ
2526 4181 2902 4235 ἐπίστευσαν
2921 4184 3007 4248 εις
3035 4182 3240 4237 αὐτόν.
3267 4184 3395 4236 Ὅτε
3422 4185 3504 4246 είς
3532 4183 3591 4236 τὸ
3614 4200 3712 4236 τα-

2130 4265 2314 4318 πεινὸν
2345 4265 2437 4318 τὸν
2463 4264 2619 4334 λόγον
2654 4267 2960 4337 κατήγαγε,
2990 4268 3111 4321 τότε
3145 4267 3330 4320 πολλοὶ
3359 4268 3711 4322 ἐπίστευσαν.

2134 4350 2255 4402 Ἔτι
2277 4343 2370 4402 οὖν
2400 4350 2633 4421 ἐρωτᾷς,
2673 4349 2818 4413 τίνος
2848 4350 3034 4403 ἕνεκεν
3067 4351 3337 4414 ταπεινῶς
3375 4351 3707 4421 φθέγγεται;

2130 4433 2322 4487 Καίτοι
2355 4450 2420 4501 γε
2455 4433 2641 4501 σαφῶς
2670 4435 2699 4487 6
2735 4434 3123 4506 εὐαγγελιστὴς
3154 4435 3374 4506 ᾐνίξατο
3410 4436 3590 4501 τοῦτο,
3634 4438 3709 4489 εί-

2131 4516 2270 4581 πὼν,
2296 4517 2379 4569 ὅτι
2417 4516 2607 4570 Ταῦτα
2650 4517 2839 4571 αὐτοῦ
2884 4519 3296 4585 λαλήσαντος,
3327 4520 3546 4574 πολλοὶ
3577 4520 3709 4573 ἐπί-

2127 4617 2400 4656 στευσαν
2424 4603 2511 4667 εὶς
2533 4602 2746 4655 αὐτόν·
2779 4603 3062 4673 μονονουχὶ
3090 4602 3228 4674 βοῶν
3251 4604 3340 4658 διὰ
3372 4604 3579 4659 τούτων
3598 4603 3708 4657 τῶν

2129 4686 2504 4757 πραγμάτων·
2540 4685 2631 4757 Μὴ
2662 4684 2918 4755 θορυϐοῦ,
2947 4681 2993 4741 ὦ
3025 4689 3291 4760 ἀκροατὰ,
3325 4690 3422 4743 ἐάν
3440 4708 3493 4743 τι
3523 4707 3709 4744 ταπει-

2126 4769 2218 4823 νὸν
2255 4768 2515 4840 ἀκούσῃς.
2549 4770 2610 4822 Ol
2630 4767 2738 4841 γὰρ
2770 4770 2910 4840 μετά
2930 4770 3198 4842 τοσαύτην
3228 4772 3575 4828 διδασκαλίαν
3600 4790 3708 4843 μη-

2126 4852 2274 4906 δέπω
2301 4852 2657 4923 πεπεισμένοι
2686 4853 2767 4905 ὅτι
2798 4852 2951 4925 παρὰ
2978 4853 3072 4908 τοῦ
3122 4856 3333 4927 Πατρός
3361 4855 3528 4920 ἐστιν,
3558 4857 3705 4910 εἰκό-

2126 4955 2234 4999 τως
2255 4937 2611 5006 ταπεινότερα
2630 4937 2829 5007 ἢκουον
2852 4938 2939 4991 ἵνα
2971 4939 3256 4994 πεισθῶσι.
3291 4942 3403 4996 Kal
3431 4940 3590 4994 τοῦτο
3609 4936 3707 4995 οῦν

2128 5021 2275 5093 [515]
2300 5020 2566 5089 ἀπολογία
2598 5022 2748 5074 ἐστὶν
2780 5022 2921 5092 ὑπὲρ
2947 5022 3058 5077 τῶν
3093 5024 3398 5093 μελλόντων
3433 5024 3702 5089 ταπεινῶς

2125 5102 2463 5172 εἰρήσεσθαι.
2504 5103 2863 5158 Ἐπίστευσαν
2898 5105 2998 5176 μὲν
3043 5102 3160 5172 οὖν,
3189 5108 3287 5177 οὐχ
3306 5107 3381 5171 ὡς
3424 5108 3591 5179 ἐχρῆν
3620 5108 3701 5173 δὲ,

2124 5186 2238 5239 ἀλλ’
2271 5186 2458 5249 ἁπλῶς
2483 5187 2577 5239 καὶ
2609 5188 2685 5250 ὼς
2714 5186 2925 5257 ἔτυχεν,
2964 5188 3221 5260 ἡσθέντες
3260 5190 3354 5243 καὶ
3381 5192 3703 5243 ἀναπαυσά-

2126 5287 2275 5340 μενοι
2299 5271 2391 5322 ἐπὶ
2414 5273 2478 5340 τῇ
2510 5269 2620 5323 τῶν
2643 5270 2818 5338 λόγων
2838 5274 3208 5344 ταπεινότητι.
3240 5275 3360 5327 Ὀτι
3380 5274 3490 5346 γὰρ
3525 5278 3585 5329 οὐ
3607 5293 3702 5328 τε-

2122 5352 2272 5405 λείαν
2307 5353 2484 5405 πίστιν
2514 5349 2678 5422 εἶχον,
2714 5354 2987 5407 δείκνυσιν
3012 5357 3041 5407 6
3076 5356 3468 5429 εὐαγγελιστὴς
3497 5360 3562 5412 ἐκ
3593 5359 3702 5413 τῶν

2122 5438 2262 5505 μετά
2287 5435 2458 5489 ταῦτα
2477 5435 2670 5504 λόγων,
2697 5438 2755 5490 ἐν
2776 5432 2857 5501 οἷς
2881 5438 3045 5491 αὐτὸν
3071 5440 3235 5494 πάλιν
3264 5441 3566 5512 ὑϐρίζουσι.
3589 5444 3700 5496 Kal

2118 5518 2201 5572 6::
2234 5514 2376 5573 οὗτοι
2412 5519 2565 5572 αὐτοί
2592 5522 2728 5574 εἰσιν
2752 5523 2971 5585 ἐκεῖνοι,
2991 5524 3262 5595 ἐδήλωσεν
3294 5527 3463 5580 εἰπών
3482 5544 3496 5557 ·
3534 5529 3701 5581 Ἔλεο

2119 5620 2224 5672 τεν
2251 5599 2365 5659 οὖν
2388 5606 2422 5658 ὁ
2460 5605 2689 5673 Ἰησοῦς
2716 5609 2868 5675 πρὸς
2887 5609 3028 5674 τοὺς
3048 5613 3521 5679 πεπιστευκότας
3538 5612 3700 5678 αὐτῷ

2133 5687 2491 5753 Ἰουδαίους·
2552 5689 2686 5743 Ἐὰν
2729 5691 2900 5760 ὑμεῖς
2934 5691 3181 5761 μείνητε
3213 5695 3283 5748 ἐν
3326 5694 3405 5759 τῷ
3434 5698 3592 5764 ,λόγῳ
3617 5696 3699 5761 τῷ

2116 5768 2271 5837 ἐμῷ·
2311 5770 2526 5833 δεικνὺς
2559 5772 2643 5825 6::
2668 5773 2880 5827 οὐδέπω
2930 5776 3291 5848 παρεδέξαντο
3320 5779 3419 5850 τὴν
3443 5779 3698 5834 διδασκα-

2116 5852 2258 5917 λίαν,
2292 5853 2428 5907 ἀλλά
2460 5855 2622 5926 μόνον
2654 5860 2946 5928 προσεῖχον
2975 5861 3090 5923 τοῖς
3118 5861 3448 5931 λεγομένοις.
3487 5864 3577 5917 Διὸ
3604 5866 3698 5919 καὶ

2184 5985 2207 6054 ξ
2224 5983 2478 6054 Αιὶἰςςούς
2504 5985 2740 6054 γεωργοὺς
2761 5988 2995 6054 ἐκείνους.
3026 6052 3033 6054 ν
3138 5988 3296 6054 εαὶννὶιζ
3330 5989 3460 6054 conj.
3502 5990 3693 6054 ἀφίημι.

2125 6048 2149 6086 5
2178 6045 2277 6097 Alii
2307 6045 2363 6094 οὐ
2384 6045 2532 6107 λέγεις
2548 6045 2619 6098 6::
2641 6045 2697 6099 οὐ
2720 6048 2819 6103 δύν.
2882 6048 2913 6124 ξ
2935 6052 3035 6105 Alii
3060 6053 3221 6113 ὥσπερ
3244 6050 3324 6100 οὖν
3348 6051 3422 6101 τό.
