4084 6360
322 408 424 466 293

323 542 378 582 re
407 523 497 579 tali
541 525 898 590 conceperant
939 514 1269 586 opinionem.
1325 509 1483 565 Aliud
1528 522 1742 578 quoque
1780 507 1902 561 illos

319 623 516 675 docere
558 614 802 677 volebat,
851 626 956 664 non
1003 622 1068 663 ex
1115 607 1351 676 ipsorum
1378 602 1628 656 violentia
1673 615 1785 653 rent
1837 599 1905 650 ita

322 713 434 767 lore
455 752 470 774 ,
500 708 596 763 sed
625 706 676 762 id
707 705 820 775 jam
861 701 1066 773 pridem
1099 697 1494 768 praeﬁguralttm
1525 706 1681 754 esse,
1730 700 1785 745 et
1828 690 1910 743 his

322 801 499 856 verbis
524 796 972 854 resurrectionem
1004 789 1263 861 praedixit.
1311 786 1567 841 Dicebant
1609 798 1738 853 ergo
1771 800 1782 834 :
1814 782 1905 835 22.

325 892 594 965 Numquid
619 890 881 959 interﬁciet
906 883 1274 954 semetipsum?
1297 880 1434 947 Quid
1464 893 1592 947 ergo
1628 874 1909 932 Christus?

326 987 540 1042 Illorum
568 993 625 1038 ut
652 987 952 1038 removeret
979 977 1442 1046 suspicionem,“
1462 970 1773 1025 ostenderet
1795 983 1909 1021 rem

324 1076 472 1132 illam
498 1090 618 1131 esse
650 1081 946 1143 peccatum,
971 1069 1045 1122 ait
1073 1086 1085 1122 :
1134 1067 1223 1120 25.
1274 1062 1375 1118 Vos
1416 1062 1648 1116 deorsum
1674 1061 1789 1113 estis
1812 1074 1831 1122 ;
1858 1057 1911 1113 id

321 1180 446 1235 est,
478 1167 621 1223 Nihil
652 1167 843 1220 mirum
874 1163 917 1217 si
954 1175 1050 1215 vos
1079 1158 1321 1213 homines
1356 1156 1595 1210 carnales
1624 1153 1745 1207 talia
1769 1151 1912 1220 cogi-

329 1262 452 1315 tatis
476 1301 493 1326 ,
540 1259 629 1328 qui
662 1256 792 1310 nihil
822 1252 1104 1324 spirituale
1142 1249 1445 1317 concipitis.
1477 1248 1549 1301 At
1585 1260 1684 1315 ego
1711 1259 1814 1298 non
1842 1243 1914 1297 si-

325 1353 452 1407 mile
478 1350 748 1422 quidpiam
778 1346 1007 1408 faciam;
1035 1342 1114 1396 De
1156 1341 1388 1412 supernis
1438 1339 1571 1392 enim
1612 1353 1727 1391 sum
1759 1352 1780 1391 :
1825 1351 1913 1389 vos

326 1444 391 1497 de
411 1445 503 1496 hoc
520 1441 709 1494 mundo
722 1440 860 1494 estis.
885 1437 983 1492 Hic
1007 1450 1221 1490 rursum
1247 1431 1544 1487 mundanas
1564 1429 1914 1497 carnalesque

325 1534 678 1605 cogitationes
707 1531 856 1587 dicit.
888 1527 1040 1584 Unde
1073 1525 1246 1596 palam
1298 1530 1382 1579 est
1433 1521 1600 1587 illud,
1650 1519 1761 1591 Ego
1810 1536 1915 1573 non

324 1644 437 1683 sum
462 1626 524 1680 de
546 1625 641 1677 hoc
666 1621 886 1686 mundo,
915 1634 1022 1674 non
1052 1616 1356 1688 signiﬁcare
1398 1613 1573 1684 ipsum
1616 1627 1721 1665 non
1754 1624 1913 1665 acce-

327 1720 471 1790 pisse
499 1730 716 1773 carnem
734 1754 750 1782 ,
792 1712 889 1768 sed
918 1709 1104 1783 procul
1133 1722 1254 1763 esse
1282 1708 1349 1761 ab
1393 1704 1606 1759 illorum
1652 1700 1910 1772 nequitia.

328 1810 539 1866 Etenim
561 1805 850 1878 discipulos
874 1818 937 1860 ex
961 1800 1159 1857 mundo
1179 1815 1286 1854 non
1312 1812 1433 1852 esse
1454 1797 1614 1861 dicit;
1649 1792 1916 1849 habebant

330 1913 507 1959 tamen
557 1902 633 1957 illi
662 1914 898 1956 carnem.
927 1892 1385 1965 Quemadmodum
1423 1890 1583 1957 igitur
1608 1887 1803 1943 Paulus
1827 1886 1914 1939 di-

328 2014 478 2058 cens.
507 1995 631 2049 Non
656 1994 774 2049 estis
793 1993 849 2046 in
872 2006 1025 2044 carne
1044 1986 1222 2059 (Rom.
1251 1986 1305 2039 8.
1330 1981 1409 2053 9),
1434 1999 1543 2039 non
1566 1981 1915 2047 incorporeos

330 2089 580 2159 intelligit
611 2104 623 2140 :
653 2090 733 2141 sic
764 2082 1055 2152 discipulos
1087 2094 1191 2133 non
1218 2091 1341 2132 esse
1369 2074 1437 2130 de
1466 2077 1567 2128 hoc
1614 2069 1834 2137 mundo,
1862 2069 1914 2123 id

331 2181 541 2236 illorum
572 2176 965 2250 philosophiam
990 2172 1321 2228 testiﬁcatur.
1346 2168 1439 2222 24.
1466 2165 1589 2220 Dixi
1609 2180 1728 2236 ergo
1754 2163 1912 2226 vobis,

329 2275 451 2344 quia
496 2274 539 2327 si
587 2288 689 2327 non
740 2266 1056 2324 credideritis
1098 2264 1218 2335 quia
1264 2276 1355 2332 ego
1404 2275 1555 2323 sum,
1596 2257 1651 2311 in
1702 2254 1917 2325 peccatis

330 2366 507 2420 vestris
556 2360 859 2417 moriemini.
910 2357 1042 2413 Nam
1079 2356 1125 2410 si
1190 2352 1310 2408 ideo
1375 2350 1554 2416 venit,
1605 2358 1665 2402 ut
1709 2346 1919 2401 tolleret

332 2468 610 2529 peccatum
654 2453 876 2521 mundi,
904 2460 961 2507 et
1011 2453 1057 2506 si
1089 2462 1194 2502 non
1248 2454 1423 2515 potest
1463 2441 1592 2497 exui
1641 2448 1916 2510 peccatum

318 2551 437 2607 nisi
477 2565 571 2620 per
599 2549 900 2610 lavacrum,
954 2557 1177 2599 necesse
1206 2549 1289 2594 est
1330 2553 1435 2592 non
1479 2534 1789 2590 credentem
1827 2547 1919 2586 ve-

336 2653 503 2697 terem
554 2641 752 2695 habere
801 2637 1093 2691 hominem.
1146 2630 1280 2686 Nam
1336 2628 1427 2699 qui
1483 2640 1591 2680 non
1630 2624 1743 2679 vult
1796 2637 1919 2679 sese

334 2752 433 2807 per
479 2734 637 2788 tidem
685 2731 843 2787 morti
909 2728 1118 2783 tradere
1178 2734 1233 2778 et
1290 2723 1609 2790 sepulturae,
1665 2730 1788 2769 cum
1827 2729 1920 2768 ve-

336 2831 438 2886 teri
472 2828 687 2882 homine
724 2824 1001 2886 morietnr,
1033 2829 1090 2875 et
1140 2818 1234 2872 illo
1275 2812 1523 2885 migrabit
1576 2818 1916 2880 peccatorum

339 2936 525 2993 pteuas
569 2919 810 2974 daturus.
878 2914 1004 2970 Ideo
1054 2910 1265 2967 dicebat
1315 2924 1328 2960 :
1384 2906 1487 2973 Qui
1552 2917 1654 2956 non
1718 2899 1917 2965 credit,

335 3017 442 3093 jam
479 3013 742 3085 judicatus
763 3020 871 3075 est,
902 3023 1009 3063 non
1053 3005 1223 3059 solum
1246 3001 1387 3072 quod
1417 3015 1521 3053 non
1570 2995 1779 3061 credat,
1824 2992 1921 3049 sed

337 3088 497 3166 etiam
534 3108 658 3176 quia
688 3121 810 3159 Clllll
877 3100 1146 3171 prioribus
1195 3094 1428 3166 peccatis
1476 3090 1606 3144 abit.
1666 3088 1923 3142 Dicebant

337 3221 466 3276 ergo
493 3221 508 3259 :
539 3204 629 3259 25.
683 3201 763 3265 In
804 3200 915 3271 quis
947 3197 1041 3252 es?
1084 3196 1129 3251 Ο
1157 3191 1513 3249 dementiam!
1546 3188 1674 3244 Post
1717 3193 1919 3241 tantum

338 3274 593 3368 temporis
613 3337 629 3362 ,
662 3302 784 3364 post
819 3293 968 3362 signa
1000 3300 1054 3343 et
1080 3286 1410 3350 doctrinam,
1444 3283 1813 3349 interrogant,
1840 3274 1923 3330 Tu

336 3392 447 3460 quis
466 3388 561 3444 es?
582 3386 718 3455 Quid
747 3385 904 3454 igitur
929 3378 1210 3437 Christus?
1228 3374 1549 3444 Principium
1567 3373 1651 3443 qui
1676 3380 1722 3425 et
1745 3370 1925 3437 loquor

336 3485 495 3538 vobis.
528 3481 641 3536 Hoc
669 3487 770 3545 est,
805 3474 1003 3544 lndigni
1029 3473 1158 3527 estis
1181 3511 1196 3536 ,
1233 3469 1321 3539 qni
1342 3466 1507 3523 verba
1538 3478 1654 3519 mea
1674 3460 1920 3526 audiatis,

339 3575 534 3629 nedum
563 3571 779 3627 dissatis
821 3568 942 3639 quis
978 3581 1077 3634 ego
1107 3564 1227 3617 sim.
1260 3561 1365 3615 Vos
1403 3558 1547 3613 enim
1591 3570 1677 3608 me
1712 3566 1927 3620 semper

338 3672 606 3721 tentantes
635 3659 948 3731 loquimini,
991 3655 1229 3725 nihilque
1253 3652 1412 3707 dictis
1436 3649 1571 3704 meis
1608 3643 1880 3700 attenditis
1908 3659 1923 3697 :

338 3770 396 3816 et
420 3758 504 3813 his
532 3757 597 3811 de
621 3755 779 3810 rebus
802 3751 1051 3808 omnibus
1079 3761 1220 3802 nunc
1245 3755 1540 3813 coarguere
1560 3738 1758 3809 possim
1779 3752 1793 3795 ;
1824 3734 1927 3789 hoc

338 3853 483 3907 enim
512 3847 778 3918 signiﬁcat
806 3842 933 3899 illud
955 3884 970 3908 ,
1004 3841 1096 3909 26.
1129 3837 1298 3891 Multa
1323 3834 1481 3888 habeo
1525 3832 1588 3884 de
1626 3827 1763 3884 vobis
1790 3825 1927 3895 loqui

338 3954 387 3997 et
436 3942 705 4013 judicare;
759 3950 857 3990 nec
899 3943 1105 3988 tantum
1144 3925 1577 3998 reprehendere,
1630 3919 1726 3975 sed
1765 3918 1925 3973 etiam

341 4011 555 4105 punire.
606 4031 711 4087 Sed
739 4030 826 4099 qui
868 4028 1013 4082 misit
1052 4038 1169 4089 me,
1212 4020 1315 4074 hoc
1338 4028 1440 4080 eSt,
1482 4015 1660 4078 Pater,
1696 4011 1797 4064 hoc
1819 4024 1927 4062 non

341 4129 477 4182 vult.
512 4124 637 4180 Non
664 4123 795 4177 enim
836 4120 947 4174 veni
996 4116 1232 4188 judicare
1278 4111 1558 4174 mundum,
1602 4105 1689 4161 sed
1732 4102 1929 4157 salvum

342 4225 529 4292 facere.
571 4217 693 4271 Non
740 4214 872 4269 enim
910 4212 1041 4265 misit
1064 4208 1198 4262 Deus
1230 4204 1421 4259 Filium
1444 4216 1627 4265 suum,
1659 4205 1713 4251 ut
1734 4196 1930 4269 judicet

344 4285 626 4375 inundant,
670 4307 757 4362 sed
802 4315 857 4359 ut
886 4304 1079 4359 salvum
1128 4299 1281 4370 faciat
1329 4294 1573 4348 mundum
1629 4289 1808 4361 (Joan.
1836 4285 1924 4340 12.

344 4408 436 4461 47.
465 4416 512 4458 et
562 4404 615 4458 5.
649 4400 761 4472 i7).
806 4397 862 4454 Si
892 4412 1021 4466 ergo
1073 4392 1139 4447 ad
1192 4392 1293 4445 hoc
1323 4405 1409 4442 me
1436 4386 1609 4448 misit,
1662 4390 1717 4437 et
1765 4394 1931 4436 verax

346 4505 469 4559 est,
511 4495 632 4564 jure
671 4471 940 4545 neminem
995 4500 1094 4555 ego
1146 4496 1287 4537 nunc
1325 4478 1529 4550 judico.
1581 4473 1686 4530 Sed
1731 4487 1794 4526 ea
1847 4471 1930 4524 Io-

348 4605 486 4658 quor
533 4602 652 4657 qua:
710 4582 777 4638 ad
836 4580 1063 4635 salutem
1116 4583 1273 4637 sunt,
1321 4586 1426 4626 non
1498 4566 1563 4620 ad
1634 4566 1930 4635 reprehen-

350 4685 577 4735 sionem.
610 4678 735 4733 Ilaec
771 4687 932 4745 porro
960 4670 1107 4737 dicit,
1140 4684 1207 4723 ne
1238 4672 1423 4736 putent
1459 4662 1630 4731 ipsum
1653 4699 1668 4724 ,
1707 4672 1825 4712 cmn
1854 4661 1933 4708 tot

350 4786 407 4832 et
455 4784 599 4831 tanta
649 4770 909 4835 audierit,
961 4780 1070 4836 pra:
1120 4759 1482 4816 imbecillitate
1521 4769 1626 4808 non
1660 4764 1817 4822 posse
1847 4747 1930 4802 ul-

352 4871 556 4923 tionem
582 4863 808 4927 inlerre,
837 4856 928 4914 vel
957 4869 1142 4913 eorum
1164 4860 1395 4907 mentem
1418 4845 1796 4913 irrisionesque
1825 4854 1934 4909 non

351 4971 698 5031 cognoscere.
730 4952 822 5008 27.
854 4949 946 5005 Illi
970 4958 1136 5002 autent
1163 4947 1227 4999 de
1271 4942 1429 4997 Patre
1464 4952 1744 4994 sermonem
1762 4932 1935 4989 haberi

352 5023 457 5109 non
500 5049 876 5105 intellexerunt.
918 5043 963 5098 0
1009 5036 1324 5094 stultitiam!
1373 5032 1491 5088 Non
1536 5027 1827 5084 desistebat
1868 5023 1937 5080 de

354 5149 513 5205 Patre
538 5144 681 5213 loqui
702 5183 719 5204 .
750 5148 806 5197 et
833 5153 937 5194 non
972 5131 1356 5203 intelligebant.
1392 5126 1591 5182 Deinde
1614 5138 1735 5179 cum
1763 5134 1937 5191 neque

354 5257 423 5298 ex
456 5248 534 5295 tot
574 5237 776 5307 signis,
824 5244 997 5301 neque
1026 5244 1092 5283 ex
1133 5223 1372 5280 doctrina
1415 5221 1532 5274 illos
1558 5218 1934 5286 pertraxisset,

356 5333 424 5388 de
445 5346 604 5387 cruce
628 5304 847 5382 demum
871 5320 1119 5379 edisserit
1143 5318 1228 5370 his
1254 5313 1428 5368 verbis
1463 5329 1476 5365 :
1503 5309 1595 5365 28.
1628 5308 1755 5363 Cum
1793 5304 1936 5360 exal-

359 5423 585 5480 ttweritis
612 5419 803 5474 Filium
826 5416 1062 5474 hominis,
1086 5419 1202 5464 tunc
1231 5403 1535 5476 cognoscetis
1554 5400 1672 5470 quia
1696 5414 1785 5469 ego
1805 5413 1937 5460 sum,

357 5526 402 5572 et
424 5533 457 5569 a
479 5514 667 5584 mcipso
694 5527 794 5565 non
824 5510 1021 5578 loquor;
1046 5501 1137 5557 29.
1159 5509 1203 5553 et
1230 5497 1363 5569 quod
1377 5494 1461 5560 qui
1485 5508 1561 5545 me
1591 5490 1724 5543 misit
1749 5502 1942 5541 mecum

359 5620 455 5674 est,
478 5617 523 5663 et
552 5579 653 5661 non
678 5603 881 5673 reliquit
902 5597 1154 5654 mesolum
1178 5593 1355 5648 Pater.
1387 5583 1636 5642 Ostendit
1671 5597 1731 5637 se
1752 5579 1943 5636 merito

360 5703 587 5766 dixisse,
618 5696 934 5766 Principium
955 5691 1039 5764 qui
1065 5699 1113 5744 et
1140 5688 1314 5757 loquor
1334 5682 1492 5737 vobis.

433 5797 486 5851 2.
518 5793 696 5861 Usque
710 5790 846 5845 adeo
872 5802 976 5842 non
1008 5781 1352 5838 attendebant
1379 5776 1442 5831 iis
1469 5788 1587 5845 qua!
1607 5770 1941 5826 dicebantur.

347 5887 479 5945 Cum
493 5883 830 5942 exultaveritis
859 5878 906 5936 F
908 5879 1052 5934 ilium
1079 5873 1312 5930 hominis.
1340 5869 1528 5927 Nonne
1553 5876 1680 5923 tunc
1700 5879 1786 5948 me
1813 5861 1942 5918 sub-

1388 394 1454 454 ΙΝ
1490 392 1805 451 JOANNEM
1846 388 2074 447 IIOMIL.
2118 390 2249 445 LIII.
2290 391 2362 445 aI.
2403 390 2518 446 LII.

3498 389 3604 445 291

2015 504 2122 558 lato
2150 503 2377 585 speratis
2399 519 2431 557 a
2460 517 2547 557 me
2576 500 2709 557 nihil
2736 499 2891 556 vobis
2917 500 3057 555 ultra
3099 499 3358 555 molestiae
3386 501 3604 556 allatum

2016 596 2119 650 iri?
2150 595 2262 664 Ego
2290 604 2467 650 autem
2489 594 2611 649 dico
2639 593 2811 660 vobis,
2840 591 2984 647 Tunc
3013 594 3249 648 maxime
3274 598 3604 665 cognoscetis,

2014 685 2132 754 quia
2156 702 2247 757 ego
2266 702 2398 750 sum,
2430 700 2526 756 per
2551 686 2722 754 signa,
2759 700 2853 754 per
2880 685 3353 748 resurrectionem,
3392 702 3485 755 per
3513 704 3607 739 (ιχ-

2016 777 2235 832 cidium.
2257 777 2385 833 Haec
2412 779 2611 849 quippe
2631 778 2812 832 omnia
2833 779 2948 848 ejus
2976 779 3265 849 potentiam
3291 781 3608 851 comproba-

2015 867 2163 924 hant.
2192 868 2377 940 Neque
2405 870 2540 925 dixit
2565 910 2580 934 ,
2623 871 2774 925 Tunc
2801 871 3137 939 cognoscetis
3164 872 3284 941 quis
3310 872 3432 925 sim.
3470 872 3605 925 Cum

2016 960 2276 1025 videritis,
2309 962 2499 1031 inquit,
2534 977 2619 1017 me
2644 962 2776 1016 nihil
2804 978 2872 1017 ex
2907 972 3078 1017 morte
3113 978 3390 1031 passurum
3412 1006 3429 1030 ,
3461 965 3608 1020 Tunc

2018 1054 2323 1122 cognoscetis
2355 1055 2473 1122 quia
2502 1070 2594 1125 ego
2613 1071 2727 1109 sum
2756 1070 2775 1109 :
2806 1070 2996 1126 nempe
3016 1054 3262 1111 Christus
3288 1057 3456 1112 Filius
3492 1058 3604 1120 l'ei.

2018 1145 2108 1215 qui
2151 1147 2331 1200 omnia
2372 1145 2487 1201 fero
2529 1155 2585 1202 et
2610 1146 2748 1202 duco
2773 1190 2787 1214 ,
2828 1162 2931 1202 nec
2958 1149 3259 1203 contrarius
3286 1148 3453 1205 Patri.
3484 1150 3609 1205 Ideo

2019 1235 2222 1304 adjicit,
2252 1236 2320 1291 Et
2344 1254 2377 1291 a
2403 1238 2593 1305 meipso
2624 1239 2752 1292 nihil
2780 1239 2979 1306 loquor.
3014 1238 3303 1309 Utrumque
3332 1242 3474 1295 enim
3518 1257 3611 1295 co-

2018 1329 2307 1397 gnoscetis,
2338 1338 2391 1383 et
2416 1329 2708 1398 potentiam
2738 1344 2934 1393 meam,
2964 1339 3018 1385 et
3045 1345 3165 1385 cum
3192 1331 3350 1386 Patre
3377 1349 3610 1389 consen-

2019 1432 2163 1472 sum.
2188 1418 2320 1473 lllud
2348 1420 2511 1481 enim.
2540 1421 2585 1473 Α
2610 1422 2799 1491 meipso
2830 1421 2959 1475 nihil
2987 1422 3184 1490 loquor,
3216 1424 3459 1479 eamdem
3490 1441 3612 1481 esse

2020 1509 2370 1564 substantiam
2399 1510 2650 1576 denotat,
2679 1521 2734 1567 et
2759 1527 2818 1567 se
2846 1513 2979 1568 nihil
3008 1514 3143 1568 ultra
3172 1527 3452 1585 paternum
3481 1532 3609 1573 sen-

2019 1614 2139 1655 sum
2167 1600 2331 1671 loqui.
2363 1602 2587 1669 Quando
2606 1617 2636 1657 a
2663 1604 2808 1658 cultu
2841 1615 3020 1659 vestro
3045 1605 3327 1672 excidetis,
3353 1622 3453 1662 nec
3481 1622 3611 1662 con-

2026 1690 2251 1746 cedetur
2273 1691 2427 1747 vobis
2447 1694 2674 1763 pristino
2702 1709 2852 1749 more
2878 1696 3051 1764 ipsum
3068 1697 3267 1763 colere;
3291 1707 3416 1753 tunc
3430 1699 3613 1755 scietis

2020 1779 2193 1850 ipsum
2239 1798 2324 1837 me
2359 1783 2538 1840 ulcisci
2568 1825 2582 1850 ,
2616 1786 2943 1855 indignatum
2981 1787 3238 1844 adversus
3272 1805 3366 1845 eos
3400 1791 3489 1862 qui
3527 1809 3616 1849 me

2022 1886 2129 1926 non
2164 1876 2485 1942 audierunt;
2513 1891 2575 1931 ac
2604 1877 2649 1931 si
2674 1877 2879 1934 diceret
2903 1893 2916 1931 :
2953 1879 3008 1933 Si
3037 1880 3243 1936 alienus
3269 1890 3323 1935 et
3349 1883 3458 1938 Deo
3485 1900 3616 1938 con-

2021 1965 2216 2020 trarius
2245 1981 2419 2022 essem
2438 2009 2454 2033 ,
2494 1984 2601 2024 non
2631 1979 2831 2025 tantam
2862 1970 2952 2027 ille
2990 1981 3176 2027 contra
3201 1989 3298 2029 vos
3326 1975 3458 2029 iram
3486 1991 3617 2030 con-

2021 2055 2272 2125 cepisset.
2298 2058 2412 2114 Hoc
2440 2068 2495 2115 et
2524 2059 2685 2115 Isaias
2714 2061 2872 2127 dicit,
2908 2061 3060 2116 Dabit
3087 2065 3270 2134 impios
3304 2082 3397 2133 pro
3437 2069 3611 2137 sepul-

2023 2156 2139 2249 tura
2166 2150 2274 2219 ejus
2296 2149 2448 2249 (legi.
2477 2153 2566 2208 55.
2598 2152 2652 2222 9)
2678 2170 2692 2217 ;
2723 2163 2779 2209 et
2801 2154 2984 2217 David,
3019 2154 3159 2209 Tum:
3188 2157 3419 2225 loquetur
3438 2161 3506 2212 ad
3530 2175 3614 2213 eos

2021 2240 2077 2292 in
2104 2240 2183 2293 ira
2211 2258 2304 2294 sua
2334 2241 2504 2313 (Psal.
2536 2243 2591 2298 2.
2625 2244 2680 2315 5)
2705 2261 2719 2309 ;
2751 2254 2805 2300 et
2835 2246 2951 2315 ipse
2971 2288 2984 2308 ,
3023 2247 3152 2302 Ecce
3178 2248 3489 2317 relinquetur
3517 2253 3617 2305 do-

2023 2349 2134 2386 mus
2177 2344 2337 2388 vestra
2362 2336 2560 2391 deserta
2590 2337 2800 2410 (Matth.
2831 2339 2922 2393 25.
2951 2339 3074 2412 ‘58);
3109 2340 3336 2411 idipsum
3363 2352 3415 2395 et
3443 2346 3490 2395 in
3524 2359 3617 2413 pa-

2023 2423 2245 2491 rabolis,
2271 2424 2406 2493 Quid
2434 2428 2583 2498 faciet
2604 2428 2837 2483 dominus
2856 2430 3011 2484 vineta
3034 2432 3188 2499 hujus
3216 2433 3454 2502 agricolis
3473 2432 3575 2485 illis
3594 2434 3619 2485 ?

2025 2510 2195 2567 Malos
2234 2516 2368 2570 male
2411 2518 2585 2587 perdet
2612 2517 2839 2591 (Matth.
2868 2520 2958 2573 2t.
3001 2522 3088 2575 40.
3123 2521 3248 2590 41).
3285 2522 3468 2578 Viden'
3493 2540 3616 2578 eunt

2026 2604 2222 2676 ubique
2250 2608 2329 2662 sic
2357 2609 2516 2679 loqui,
2542 2611 2683 2679 quod
2713 2611 2785 2664 illi
2817 2611 3054 2666 nondum
3078 2613 3378 2668 crederent.
3398 2614 3548 2682 Quod
3573 2618 3617 2669 si

2027 2695 2169 2767 ipsos
2196 2699 2406 2768 perdat,
2440 2708 2497 2754 ut
2529 2717 2714 2756 revera
2735 2704 2943 2772 perdet;
2980 2719 3100 2757 nam
3125 2705 3219 2770 ait,
3245 2705 3498 2760 Adducite
3522 2709 3622 2761 huc

2026 2805 2112 2843 eos
2139 2791 2226 2859 qui
2254 2806 2333 2843 me
2358 2791 2534 2845 nolunt
2559 2809 2788 2863 regnare,
2819 2803 2865 2846 et
2891 2795 3157 2863 interﬁcite
3187 2795 3338 2867 (Luc.
3368 2797 3461 2853 19.
3487 2797 3617 2867 27);

2026 2896 2124 2936 cur
2152 2882 2281 2937 illud
2311 2898 2417 2938 non
2447 2901 2624 2952 suum,
2654 2885 2749 2941 sed
2790 2886 2963 2941 Patris
2983 2902 3117 2956 opus
3145 2904 3265 2944 esse
3291 2889 3452 2945 dicit?
3473 2890 3535 2948 Ut
3560 2894 3622 2947 il-

2026 2972 2200 3029 lorum
2222 2990 2283 3031 se
2299 2975 2645 3032 imbecillitati
2668 2987 3005 3048 attemperet,
3029 2982 3294 3051 simulque
3310 2981 3619 3040 Genitorem

2027 3082 2183 3123 suum
2215 3066 2463 3124 honoret.
2497 3069 2621 3124 Ideo
2648 3086 2752 3124 non
2796 3071 2953 3137 dixit,
2983 3071 3247 3143 Relinquo
3285 3075 3502 3131 datnum
3532 3092 3623 3131 ve-

2029 3170 2194 3214 stram
2223 3159 2527 3227 desertam;
2553 3160 2668 3227 sed,
2705 3160 3058 3234 Relinquetur,
3089 3165 3517 3234 impersonaliter
3542 3169 3622 3223 Io-

2028 3262 2218 3319 quens.
2250 3250 2380 3306 Cum
2406 3266 2565 3321 porro
2592 3251 2743 3316 dicit,
2773 3251 2977 3318 Quoties
3002 3254 3141 3307 volui
3163 3270 3467 3327 congregare
3486 3258 3624 3327 ﬁlios

2029 3353 2218 3397 vestros
2242 3385 2258 3411 ,
2291 3354 2337 3398 et
2365 3345 2595 3399 noluistis
2642 3344 2792 3415 (Luc.
2826 3346 2913 3402 15-
2945 3346 3078 3415 54)?
3109 3348 3408 3419 deindeque
3434 3352 3582 3406 addit
3607 3394 3622 3417 ,

2032 3434 2383 3506 Relinquetur,
2415 3450 2474 3490 se
2502 3436 2846 3491 desolationis
2874 3446 3150 3493 auctorem
3178 3440 3435 3496 ostendit.
3464 3442 3618 3509 Quia,

2032 3529 2239 3600 inquit,
2272 3528 2548 3584 beneﬁciis
2577 3527 2823 3583 noluistis
2861 3530 2928 3584 ad
2956 3531 3281 3587 credendum
3312 3532 3524 3599 induci,
3555 3551 3622 3590 es

2031 3620 2294 3690 supplicio
2332 3620 2665 3689 cognoscetis
2693 3620 2813 3690 quis
2839 3633 2955 3674 sum
2997 3635 3117 3691 ego.
3147 3621 3212 3675 Et
3246 3621 3398 3677 Pater
3431 3641 3622 3679 mecum

1992 3750 1993 3753 η
2032 3720 2122 3765 est.
2153 3710 2230 3766 Ne
2257 3720 2522 3780 putarent,
2554 3710 2702 3776 illud,
2736 3709 2835 3776 Qui
2861 3712 2996 3764 misit
3021 3728 3120 3776 me,
3147 3714 3408 3769 minorem
3449 3716 3623 3787 ipsmn

2032 3802 2325 3870 declarare,
2349 3803 2515 3867 addit,
2553 3802 2755 3856 Mecum
2783 3814 2879 3857 est.
2911 3803 3068 3858 Aliud
3094 3804 3236 3859 enim
3268 3806 3625 3877 dispensatio-

2035 3895 2119 3949 nis
2139 3934 2154 3957 ,
2183 3895 2328 3949 aliud
2355 3895 2649 3949 divinitatis
2678 3904 2781 3950 est.
2826 3893 2894 3948 Et
2933 3912 3033 3948 non
3062 3897 3261 3967 reliquit
3302 3915 3382 3953 mc
3418 3902 3580 3954 solum
3606 3943 3622 3964 ,

2032 3987 2171 4056 quia,
2198 4002 2310 4058 qua:
2331 3986 2518 4056 placita
2542 3996 2658 4041 sunt
2687 3987 2751 4051 ei,
2784 3987 2917 4054 facio
2937 4004 3147 4059 semper.
3180 3989 3411 4045 Rursum
3439 3992 3504 4047 ad
3529 3993 3627 4046 Itu-

2035 4077 2244 4131 miliora
2270 4076 2579 4142 descendit,
2612 4076 2745 4131 illud
2772 4077 3082 4148 frequenter
3122 4089 3353 4135 tractans
3374 4083 3515 4153 quod
3544 4086 3626 4138 di-

2034 4169 2262 4233 cebant,
2305 4169 2475 4239 ipsum
2506 4185 2571 4223 ex
2601 4170 2710 4224 Deo
2753 4186 2857 4223 non
2896 4184 3018 4225 esse
3042 4212 3057 4236 ,
3089 4170 3477 4244 sabbatumqne
3517 4195 3622 4231 non

2036 4279 2251 4319 servare
2279 4281 2293 4317 :
2324 4264 2445 4319 ideo
2466 4264 2613 4329 dicit,
2645 4263 2772 4330 Quae
2791 4264 2977 4333 placita
3000 4274 3118 4317 sunt
3138 4267 3202 4331 ei,
3232 4267 3363 4337 facio
3383 4284 3577 4337 semper
3606 4288 3624 4324 :

2036 4356 2278 4411 indicans
2318 4356 2563 4425 placitam
2612 4355 2708 4424 ipsi
2748 4370 2867 4409 esse
2903 4355 3108 4410 sabbati
3155 4357 3499 4414 solutionem.
3535 4360 3624 4415 Sic

2036 4463 2156 4503 cum
2182 4447 2249 4502 ad
2292 4462 2505 4503 crucem
2549 4446 2871 4513 duceretur,
2899 4448 2972 4500 ait
3003 4463 3018 4500 :
3051 4447 3131 4500 An
3161 4451 3351 4517 putatis
3375 4453 3494 4521 quia
3520 4470 3625 4508 non

2038 4558 2242 4613 possunt
2266 4557 2446 4612 rogare
2469 4539 2676 4593 Patrem
2702 4540 2916 4593 meum?
2940 4540 3100 4610 Atqui
3130 4540 3229 4595 hoc
3256 4544 3425 4597 solum
3456 4544 3625 4615 dicto,

2042 4633 2202 4697 Quem
2221 4631 2485 4702 qum-itis?
2513 4631 2732 4699 supinos
2757 4630 2880 4684 illos
2908 4632 3214 4699 prostravit.
3245 4631 3353 4687 Cur
3368 4650 3493 4705 ergo
3520 4652 3624 4691 non

2038 4726 2190 4791 dicit,
2221 4726 2302 4779 An
2329 4722 2526 4795 putatis
2562 4736 2651 4777 me
2681 4736 2787 4775 non
2831 4736 2990 4791 posse
3013 4736 3110 4775 vos
3136 4721 3399 4791 perdere?
3431 4740 3550 4779 cum
3575 4727 3627 4781 id

2040 4817 2217 4887 reipsa
2263 4813 2747 4871 demonstraverit?
2774 4810 2991 4867 Illorum
3019 4811 3308 4866 inﬁrmitati
3337 4828 3395 4867 se
3433 4825 3629 4870 atteni-

2040 4918 2213 4983 perat.
2243 4909 2466 4965 Multum
2492 4908 2633 4964 enim
2663 4905 2882 4961 curabat
2908 4905 3213 4970 ostendere,
3242 4920 3301 4960 se
3328 4906 3458 4961 nihil
3481 4907 3629 4963 Patri

2041 5004 2369 5063 contrarium
2398 5002 2594 5058 facere.
2623 5000 2713 5056 Sic
2736 5008 2790 5053 et
2819 4998 2919 5052 hoc
2946 4998 3065 5052 loco
3095 4998 3327 5052 humano
3368 5015 3520 5054 more
3551 5001 3624 5055 Ιο⁶

2043 5098 2242 5171 quitur.
2274 5096 2343 5152 Ut
2368 5103 2546 5150 autem
2573 5091 2725 5157 illud,
2759 5088 2883 5143 Non
2908 5088 3109 5158 reliquit
3133 5105 3211 5142 me
3232 5090 3629 5157 solum,dictnnt

2044 5192 2144 5247 l'uit
2168 5210 2182 5246 :
2209 5190 2287 5245 sic
2314 5197 2368 5244 et
2394 5187 2523 5243 illud
2543 5226 2559 5251 ,
2592 5187 2719 5253 Qua:
2762 5183 2949 5253 placita
2976 5192 3092 5236 sunt
3135 5183 3181 5235 ei
3198 5223 3214 5248 ,
3257 5184 3391 5252 facio
3415 5200 3631 5254 semper.

2046 5284 2136 5339 ‘50.
2167 5280 2292 5336 ch
2315 5280 2405 5333 illo
2436 5278 2686 5344 loquente,
2717 5275 2862 5328 multi
2888 5274 3211 5329 crediderunt
3240 5290 3292 5326 m
3321 5290 3455 5327 eum.
3498 5274 3630 5329 Cum

2046 5377 2114 5432 ad
2146 5373 2428 5430 humiliora
2465 5369 2769 5434 descendit,
2803 5378 2929 5423 tunc
2965 5367 3118 5420 multi
3147 5366 3511 5421 crediderunt.
3550 5369 3633 5423 An

2048 5473 2223 5529 adlmc
2262 5471 2564 5536 interrogas
2605 5478 2701 5518 cur
2744 5461 3016 5515 humiliter
3064 5457 3349 5528 loquatur?
3376 5459 3533 5528 Atqui
3581 5461 3631 5515 id

2050 5565 2329 5623 manifeste
2374 5558 2627 5616 indicavit
2663 5554 2992 5626 evangelista
3031 5549 3217 5604 dicens
3249 5566 3261 5603 :
3294 5546 3419 5603 Htec
3446 5549 3635 5606 illolo-

2050 5668 2248 5725 quente,
2273 5654 2419 5710 multi
2444 5649 2760 5707 crediderunt
2782 5649 2834 5699 in
2862 5657 3010 5708 eum;
3040 5650 3241 5697 tantum
3270 5656 3374 5695 non
3396 5643 3637 5699 clamans

2051 5772 2116 5810 ex
2134 5754 2293 5809 rebus
2319 5749 2447 5820 ipsis
2468 5765 2481 5802 :
2500 5745 2577 5801 Ne
2593 5740 2842 5805 tnrheris,
2858 5737 3087 5799 auditor,
3106 5736 3148 5790 si
3172 5734 3295 5804 quid
3316 5735 3516 5791 humile
3536 5751 3636 5791 au-

2053 5851 2185 5909 dias.
2208 5847 2304 5915 Qui
2334 5841 2472 5899 cnint
2493 5847 2612 5911 post
2628 5846 2822 5890 tantam
2838 5831 3129 5888 doctrinam
3153 5826 3385 5884 nondum
3400 5822 3651 5899 persuasi
