4084 6360
481 380 583 441 995

478 509 626 556 erant
652 500 822 567 ipsum
842 510 870 548 a
898 494 1053 548 Patre
1079 504 1217 552 esse,
1241 489 1433 541 merito
1456 484 1734 539 humiliora
1762 482 2062 547 audierunt,

479 604 536 645 ut
560 590 859 645 crederent.
892 582 1209 649 Ethzecjam
1245 577 1490 633 defensio
1522 574 1857 645 prtemittitur
1875 588 1973 643 pro
2000 574 2066 627 iis

480 701 595 754 quae
610 694 788 754 postea
805 678 1071 733 humiliter
1082 677 1320 730 dicturus
1332 670 2063 738 est.Credideruntergo;non

479 784 657 829 tamen
676 780 929 842 quantum
949 766 1247 839 oportebat,
1265 763 1357 818 sed
1378 771 1682 831 utcumque,
1700 760 1751 814 in
1768 759 2065 814 humilitate

476 868 757 922 verborum
786 861 991 932 placide
1020 860 1392 915 consistentes.
1426 855 1579 924 Quod
1624 855 1765 909 enim
1789 868 1894 907 non
1937 867 2062 922 per-

478 962 668 1015 fectam
737 956 996 1010 haberent
1063 952 1257 1016 ﬁdem,
1312 957 1575 1003 monstrat
1628 945 1951 1014 evangelista
2009 943 2060 996 in

475 1051 859 1124 sequentibus,
906 1048 994 1103 ubi
1036 1047 1133 1116 ipsi
1175 1042 1551 1100 contumeliam
1604 1038 1858 1095 inferunt.
1909 1035 2063 1103 Quod

473 1158 651 1202 autem
703 1144 860 1199 iidem
903 1144 1003 1212 ipsi
1034 1148 1255 1205 essent,
1301 1136 1553 1191 indicavit
1595 1134 1679 1189 his
1718 1133 1894 1187 verbis
1926 1151 1940 1185 :
1970 1132 2059 1186 51.

477 1240 682 1294 Dicebat
712 1255 829 1307 ergo
863 1235 1015 1289 Jesus
1049 1233 1117 1287 ad
1150 1249 1233 1286 eos
1271 1232 1356 1301 qui
1388 1229 1705 1282 crediderant
1733 1227 1778 1279 ei
1801 1223 2013 1278 Judteos
2043 1240 2063 1278 :

475 1332 537 1386 Si
559 1348 642 1384 vos
665 1329 947 1382 manseritis
968 1329 1021 1380 in
1046 1341 1274 1379 sermone
1300 1339 1433 1387 meo;
1449 1319 1739 1376 ostendens
1764 1320 1908 1388 ipsos
1938 1333 2062 1371 non-

472 1422 598 1476 duin
631 1421 933 1489 suscepisse
960 1418 1258 1471 doctrinam
1286 1457 1299 1479 ,
1328 1414 1422 1470 sed
1452 1414 1609 1467 dictis
1634 1413 1917 1467 attendere
1947 1420 2063 1463 tan-

474 1525 609 1568 tum.
641 1514 974 1581 Quapropter
1023 1508 1393 1564 vehementius
1444 1506 1699 1575 loquitur.
1748 1503 1861 1559 [llic
1916 1502 2060 1556 enim

470 1606 785 1674 simpliciter
812 1603 1040 1667 dicebat,
1063 1600 1309 1665 Quteretis
1337 1614 1450 1662 me;
1480 1612 1620 1651 nunc
1651 1610 1777 1648 vero
1808 1593 1974 1657 addit,
1996 1591 2061 1645 In

472 1698 688 1767 peccatis
712 1695 885 1749 vestris
905 1693 1205 1747 moriemini.
1232 1692 1297 1746 Et
1318 1687 1587 1759 quontodo
1616 1687 1664 1740 id
1688 1687 1777 1739 ﬁat
1802 1685 2056 1750 ostendit,

469 1792 600 1857 Quia
624 1804 746 1844 cum
776 1803 840 1842 eo
868 1785 1145 1849 veneritis,
1178 1801 1279 1837 non
1315 1782 1558 1852 poteritis
1589 1796 1671 1833 mc
1695 1792 1904 1847 rogare.
1934 1775 2059 1829 Iltrc

467 1899 581 1952 qua:
619 1884 796 1951 loquor
831 1881 884 1934 in
923 1878 1132 1932 mundo.
1166 1877 1258 1931 His
1286 1875 1522 1929 declarat
1550 1888 1609 1927 se
1633 1872 1742 1941 jam
1789 1870 2057 1970 exiturum

468 1974 534 2027 ad
564 1983 768 2043 gentes.
797 1971 929 2027 Cum
956 1985 1087 2025 vero
1104 1983 1209 2022 non
1232 1968 1430 2021 scirent
1453 1964 1623 2033 ipsum
1642 1962 1709 2017 de
1730 1962 1888 2016 Patre
1914 1962 2058 2029 prius

470 2068 747 2133 loquutuin
774 2078 896 2118 esse
922 2104 937 2127 ,
968 2075 1179 2116 rursum
1206 2059 1275 2114 de
1302 2059 1397 2113 illo
1422 2057 1653 2128 loquitur
1677 2097 1692 2121 ,
1725 2064 1778 2109 et
1804 2069 2017 2109 causam
2035 2094 2051 2120 ,

467 2174 565 2212 cur
592 2155 862 2210 humiliter
891 2154 1139 2223 loquutus
1169 2152 1259 2217 sit,
1288 2150 1443 2205 aﬁ'ert
1468 2148 1817 2217 evangelista.

539 2250 590 2303 5.
622 2246 677 2302 Si
704 2247 781 2301 sic
801 2262 929 2315 ergo
954 2244 1258 2315 Scripturas
1280 2251 1533 2297 accurate
1557 2238 1783 2295 scrutari
1807 2240 2054 2307 velimus,

466 2356 571 2394 non
617 2339 1012 2408 perfunctorie,
1061 2337 1289 2391 salutem
1333 2334 1589 2404 consequi
1636 2333 1969 2402 poterimus;
2010 2333 2056 2386 si

466 2432 678 2485 assidue
707 2432 757 2483 in
784 2430 887 2483 illis
913 2443 1193 2483 versemur
1212 2469 1227 2495 ,
1260 2435 1314 2480 et
1341 2426 1395 2480 in
1422 2440 1548 2480 vera
1576 2424 1823 2479 doctrina
1849 2435 1903 2479 et
1933 2426 2056 2480 vitae

465 2524 731 2594 probitate
758 2524 1116 2577 instituemur.
1147 2521 1225 2575 Ac
1269 2520 1396 2574 licet
1436 2520 1601 2574 durus
1642 2520 1711 2573 sit
1749 2520 2010 2590 quispiam
2036 2562 2053 2588 ,

464 2616 706 2681 immitis,
727 2615 922 2682 mollis;
954 2614 1079 2668 licet
1110 2613 1427 2683 prreccdenti
1454 2622 1692 2682 tempore
1720 2612 1853 2666 nihil
1884 2613 2055 2667 lucra-

465 2717 550 2760 tus
579 2707 770 2771 fuerit,
805 2721 945 2760 nunc
990 2706 1179 2759 saltem
1237 2704 1483 2775 proficiet
1506 2745 1522 2769 ,
1552 2712 1605 2758 et
1633 2704 1863 2773 aliquam
1894 2745 1909 2769 ,
1952 2705 2053 2759 etsi

466 2816 571 2853 non
597 2802 810 2861 sentiat,
835 2799 1115 2852 utilitatem
1136 2797 1408 2866 decerpet.
1427 2796 1558 2851 Nam
1581 2796 1624 2849 si
1650 2798 2050 2866 unguentariam

463 2893 733 2948 oflicinam
762 2892 881 2961 quis
909 2891 1095 2946 adiens
1114 2930 1129 2955 ,
1161 2890 1205 2944 si
1237 2892 1288 2943 in
1317 2889 1408 2943 illa
1438 2898 1681 2943 moretur
1701 2930 1715 2955 ,
1750 2889 1833 2943 vel
1856 2888 2053 2942 invitus

464 3001 683 3041 suavem
723 2985 951 3053 aliquem
994 2992 1350 3052 consequetur
1377 2982 1633 3045 odorem;
1672 2980 1841 3035 multo
1885 2994 2051 3049 magis

463 3081 552 3149 qui
583 3077 862 3131 ecclesiam
890 3075 1211 3145 frequentat.
1236 3074 1307 3130 Ut
1333 3075 1473 3129 enim
1505 3089 1568 3129 ex
1596 3073 1797 3129 desidia
1824 3114 1838 3137 ,
1878 3074 2049 3142 negli-

466 3170 639 3236 gentia
672 3187 685 3222 :
714 3169 791 3222 sic
823 3183 888 3222 ex
929 3167 1239 3237 operatione
1263 3207 1279 3231 ,
1320 3166 1484 3220 animi
1532 3165 1691 3219 ardor
1723 3166 1911 3219 oritur.
1942 3166 2050 3219 Etsi

462 3260 617 3313 malis
644 3259 718 3313 sis
744 3258 1039 3313 innumeris
1085 3257 1337 3324 refertus,
1368 3257 1468 3312 etsi
1496 3258 1753 3327 impurus,
1775 3257 1884 3311 noli
1913 3256 2051 3311 hanc

464 3355 631 3405 vitare
658 3350 1031 3420 frequentiam.
1062 3350 1197 3416 Quid
1220 3364 1382 3413 vero,
1417 3349 1634 3420 inquis,
1665 3351 1708 3403 si
1733 3350 1912 3404 audita
1942 3366 2049 3404 non

465 3445 760 3513 exsequar?
788 3444 904 3499 Non
938 3460 1122 3513 parum
1151 3444 1282 3498 lucri
1314 3452 1431 3509 est,
1463 3445 1507 3497 si
1538 3451 1589 3498 te
1620 3444 1875 3498 miserum
1908 3460 2047 3513 pra:-

461 3533 741 3599 dicaveris;
767 3551 872 3590 non
898 3536 1097 3589 inutilis
1124 3536 1211 3590 hic
1235 3536 1393 3589 timor
1416 3544 1516 3599 est,
1543 3550 1647 3589 non
1674 3536 2047 3607 intempestiva

465 3630 691 3686 formido
719 3648 731 3683 :
756 3632 799 3683 si
831 3632 1002 3683 solum
1030 3630 1375 3699 ingemueris,
1402 3629 1545 3700 quod
1564 3630 1742 3684 audita
1768 3645 1872 3684 non
1891 3646 2042 3685 exse-

458 3723 641 3788 quaris
666 3764 681 3788 ,
720 3721 1004 3791 aliquando
1042 3721 1108 3775 ad
1146 3722 1409 3791 agendum
1454 3730 1508 3776 te
1545 3722 1898 3792 comparabis.
1932 3722 2045 3775 Non

463 3822 639 3881 potest
668 3816 811 3867 enim
853 3814 943 3882 qui
984 3814 1149 3868 Deum
1190 3814 1482 3883 alloquitur
1504 3856 1519 3878 ,
1553 3814 1833 3884 ipsumque
1862 3815 2044 3880 audit,

461 3920 567 3957 non
598 3904 793 3972 aliquid
833 3904 964 3957 lucri
1007 3907 1281 3975 consequi.
1313 3907 1503 3960 Statim
1540 3908 1685 3961 enim
1714 3924 1812 3963 nos
1839 3908 2043 3977 Colligi-

461 4010 580 4048 tnus
607 4008 902 4063 manu5que
930 3994 1217 4060 abluimus,
1250 4011 1371 4049 cum
1404 3997 1595 4050 librum
1626 3998 1870 4066 accipere
1892 4000 2044 4051 volu-

460 4103 598 4139 ntus.
626 4085 812 4139 Viden’
840 4095 1037 4155 quanta
1067 4090 1151 4140 vel
1182 4096 1308 4141 ante
1346 4087 1626 4141 lectionem
1652 4089 1863 4157 pictas?
1892 4090 2045 4156 Quod

458 4180 502 4232 si
534 4180 816 4247 diligenter
843 4194 1144 4249 pergamus,
1164 4196 1409 4249 magnam
1432 4196 1712 4250 carpemus
1740 4182 2043 4237 utilitatem.

458 4272 641 4341 Neque
661 4273 803 4326 enim
831 4272 931 4325 nisi
961 4273 1135 4325 anima
1167 4273 1249 4341 pie
1275 4272 1485 4339 all'ecta,
1517 4289 1705 4327 manus
1728 4273 2004 4328 abluetnus
2030 4294 2041 4327 :

1220 373 1276 428 S.
1316 366 1595 426 JOANNIS
1632 364 2107 423 CHRYSOSTOMI
2146 365 2464 422 ARClllEP.
2507 369 3040 428 CONSTANTINOP.

3650 381 3753 435 2'36

2173 492 2227 538 et
2259 484 2471 548 mulier,
2498 485 2541 537 si
2570 500 2675 539 non
2702 496 2885 554 operta
2908 487 2995 552 sit,
3020 487 3196 542 statim
3220 490 3393 543 velum
3420 496 3663 558 assumit,
3700 498 3751 553 in

2168 585 2541 643 argumentum
2565 576 2776 645 pietatis
2794 577 3067 633 interioris
3097 595 3113 635 :
3140 580 3241 648 vir,
3274 581 3319 635 si
3348 593 3536 651 aperto
3565 586 3631 639 sit
3657 603 3749 640 ca-

2168 667 2277 736 pite
2297 708 2311 731 ,
2342 667 2505 721 nudat
2528 676 2707 737 caput.
2738 667 2925 723 Viden'
2950 670 3219 739 quomodo
3243 682 3495 728 externus
3538 674 3748 732 habitus

2168 758 2389 813 interna:
2426 759 2496 812 sit
2521 759 2731 827 pietatis
2760 758 3046 815 indicium?
3073 760 3199 817 lude
3224 764 3421 819 sedens
3448 766 3514 820 ad
3540 768 3746 822 audien-

2165 850 2325 916 dum,
2352 849 2603 922 frequens
2650 852 2980 925 ingemiscit,
3018 866 3072 914 et
3110 858 3433 928 praeteritam
3459 860 3618 914 vitam
3650 860 3749 913 da.-

2165 954 2332 998 mnat.
2367 944 2655 1015 Scriptnris
2684 965 2812 1019 ergo
2838 952 3073 1006 animum
3095 951 3672 1018 adhibeamus,dileeti,
3696 963 3751 1009 et

2164 1035 2352 1090 saltem
2379 1039 2651 1108 evangelia
2679 1041 2917 1096 studiose
2945 1053 3255 1102 tractemus.
3286 1045 3473 1099 Statim
3496 1046 3637 1100 enim
3664 1056 3747 1100 at-

2163 1141 2268 1195 que
2290 1126 2480 1183 librum
2508 1133 2782 1200 aperueris
2801 1172 2816 1197 ,
2848 1134 3045 1188 Christi
3084 1151 3277 1191 nomen
3308 1136 3512 1192 videbis
3536 1179 3551 1204 ,
3581 1147 3635 1193 et
3661 1140 3747 1193 di-

2163 1230 2371 1275 centetn
2417 1222 2564 1277 illum
2612 1224 2844 1284 audies:
2889 1225 3015 1281 Iesu
3058 1240 3224 1283 autem
3266 1230 3453 1285 Christi
3494 1235 3748 1303 generatio

2163 1311 2235 1364 sic
2265 1321 2389 1365 erat.
2420 1313 2547 1366 Cum
2566 1326 2693 1369 esset
2710 1317 3010 1388 desponsata
3024 1330 3183 1375 mater
3204 1322 3312 1391 ejus
3340 1322 3509 1376 Maria
3531 1323 3744 1394 Ioseph,

2162 1402 2361 1456 inventa
2390 1415 2461 1458 est
2484 1406 2535 1459 in
2559 1417 2700 1462 utero
2728 1409 2915 1464 habens
2939 1412 3002 1464 de
3031 1411 3229 1482 Spiritu
3254 1425 3426 1469 sancto
3457 1415 3667 1475 (Matth.
3693 1421 3743 1472 1.

2163 1495 2277 1565 18).
2306 1497 2402 1565 Qui
2430 1510 2609 1554 autem
2642 1505 2757 1557 tunc
2785 1503 3032 1572 audierit,
3062 1508 3238 1561 statim
3267 1510 3583 1579 virginitatis
3608 1528 3746 1565 amo-

2160 1602 2220 1642 re
2242 1591 2507 1658 capietur,
2554 1602 2760 1662 partum
2786 1597 3062 1651 mirabitur
3081 1640 3095 1664 ,
3125 1615 3154 1653 a
3178 1609 3317 1654 terra
3345 1604 3610 1673 migrabit.
3638 1605 3746 1661 Nec

2162 1694 2259 1749 pro
2288 1685 2496 1739 modico
2532 1685 2837 1742 habendum
2865 1699 2944 1743 est
2968 1730 2983 1753 ,
3016 1693 3058 1744 si
3091 1694 3172 1748 vel
3208 1695 3431 1763 carptim
3468 1694 3749 1766 obiterque

2163 1774 2357 1830 videris
2384 1776 2584 1845 Spiritu
2607 1791 2794 1835 sancto
2818 1781 3086 1853 dignatam
3105 1785 3398 1856 Virginem,
3426 1797 3481 1842 et
3499 1790 3744 1860 angelum

2165 1866 2332 1936 ipsam
2364 1870 2745 1939 alloqueutem.
2789 1874 2913 1930 lltec
2953 1876 3128 1933 adhuc
3165 1880 3217 1932 in
3256 1881 3538 1949 superﬁcie
3574 1892 3697 1937 sunt
3728 1901 3741 1937 :

2161 1958 2253 2012 sed
2279 1960 2323 2015 si
2352 1960 2464 2015 haec
2493 1966 2816 2032 Speculando
2838 1983 3003 2038 usque
3027 1970 3076 2023 in
3107 1968 3263 2026 ﬁnem
3293 1988 3623 2042 perseveres,
3645 1991 3744 2030 sa:-

2159 2052 2356 2105 cularia
2380 2055 2559 2109 statim
2586 2057 2761 2111 omnia
2792 2074 3042 2129 respues,
3074 2070 3285 2117 terrena
3321 2067 3502 2119 omnia
3534 2066 3743 2122 deride-

2160 2145 2240 2200 bis
2270 2163 2283 2198 :
2314 2147 2361 2201 si
2384 2146 2534 2204 dives
2563 2150 2659 2218 sis,
2684 2151 2897 2207 divitias
2930 2154 3061 2208 nihil
3088 2169 3208 2211 esse
3233 2156 3416 2223 duces,
3446 2159 3533 2215 ubi
3559 2158 3744 2216 audies

2160 2236 2300 2290 illam
2331 2237 2464 2293 fabri
2501 2257 2721 2297 uxorem
2758 2244 2811 2298 in
2844 2246 3026 2299 humili
3048 2246 3242 2315 domo,
3278 2257 3499 2304 matrem
3532 2251 3748 2306 Domini.

2159 2327 2350 2397 fuisse;
2376 2333 2417 2385 si
2446 2348 2646 2402 pauper
2667 2377 2681 2401 ,
2712 2335 2779 2391 de
2811 2350 3120 2407 paupertate
3148 2357 3251 2395 non
3273 2344 3559 2399 erubesces
3577 2387 3591 2410 ,
3619 2361 3741 2400 cum

2157 2422 2408 2478 didiceris
2432 2426 2738 2481 Creatorem
2762 2429 2944 2484 mundi
2970 2432 3277 2488 vilissimam
3301 2449 3480 2490 casam
3500 2452 3603 2490 non
3621 2452 3743 2491 eru—

2157 2512 2359 2569 huisse.
2390 2515 2516 2571 llaec
2539 2518 2581 2571 si
2608 2520 2810 2590 cogites
2829 2562 2844 2587 ,
2873 2537 2977 2577 non
3006 2525 3181 2594 rapies
3200 2567 3217 2593 ,
3250 2541 3353 2581 non
3380 2542 3569 2583 avarus
3597 2531 3704 2585 eris
3723 2572 3739 2594 ,

2158 2620 2264 2659 non
2290 2607 2339 2661 in
2367 2608 2537 2663 aliena
2566 2610 2846 2679 involabis;
2874 2615 2969 2670 sed
2994 2619 3168 2686 potius
3188 2623 3511 2690 paupertatis
3536 2635 3742 2679 amator

2157 2702 2282 2759 eris.
2313 2702 2630 2773 divitiasque
2650 2705 2917 2775 dCSpicics
2948 2727 2962 2764 :
2985 2709 3109 2765 hinc
3135 2712 3271 2766 mala
3297 2715 3477 2768 omnia
3502 2716 3742 2770 elimina-

2157 2796 2256 2849 bis.
2293 2797 2497 2852 [Rursus
2518 2815 2638 2853 cum
2663 2801 2859 2856 videris
2885 2802 3065 2859 Jcsum
3085 2804 3137 2859 in
3169 2808 3428 2877 prmsepio
3447 2809 3737 2877 jacentem,

2157 2903 2263 2941 non
2296 2889 2431 2943 ultra
2470 2891 2683 2947 curabis
2713 2892 2824 2948 ﬁlio
2859 2902 2952 2949 tuo
2982 2906 3230 2952 ornatum
3258 2913 3477 2954 aureum
3507 2900 3739 2955 circum—

2158 2996 2357 3050 ponere
2376 3023 2391 3047 ,
2416 2998 2521 3037 non
2549 2984 2743 3039 lectum
2770 2997 2991 3057 argento
3017 2988 3326 3046 decoratum
3353 2994 3502 3049 uxori
3529 3009 3737 3064 parare.

2154 3070 2249 3125 llis
2274 3073 2495 3141 abjcctis
2522 3077 2685 3141 curis,
2711 3076 2819 3146 jam
2848 3094 2951 3133 non
2969 3082 3205 3137 avaritiae
3231 3083 3315 3138 vel
3343 3085 3541 3155 rapina:
3562 3089 3742 3142 stude-

2153 3162 2256 3217 bis.
2282 3164 2440 3219 Multa
2468 3166 2569 3219 alia
2609 3168 2730 3222 hinc
2775 3170 2917 3225 lucra
2964 3184 3289 3242 sequuntur,
3321 3192 3440 3246 quin
3470 3193 3609 3234 nunc
3635 3196 3739 3233 non

2154 3273 2439 3329 possumus
2466 3263 2767 3332 singulatim
2804 3281 3121 3332 recensere;
3150 3269 3243 3323 sed
3268 3272 3438 3325 scient
3466 3272 3499 3327 ii
3530 3275 3618 3342 qtti
3648 3290 3742 3328 er-

2155 3352 2459 3421 perintcnto
2484 3356 2790 3413 didicerint.
2819 3359 3155 3429 QuaprOptcr
3182 3378 3331 3433 rogo,
3360 3364 3525 3420 libros
3557 3366 3742 3433 hujus—

2153 3444 2298 3498 modi
2327 3445 2477 3500 vobis
2516 3450 2874 3518 contparctis,
2913 3451 3171 3507 librorum
3200 3469 3356 3510 sensa
3399 3457 3736 3525 percipiatis,

2139 3542 2313 3606 atque
2339 3537 2393 3592 in
2415 3541 2682 3596 tuentibus
2709 3545 2903 3597 vestris
2929 3543 3262 3602 describatis.
3288 3547 3457 3604 Judmi
3488 3566 3738 3622 namque,

2152 3629 2275 3697 quia
2304 3644 2406 3683 non
2440 3631 2675 3686 animum
2703 3633 3048 3703 adhibebant,
3072 3637 3206 3706 jussi
3235 3650 3359 3695 sunt
3388 3640 3552 3697 libros
3579 3645 3741 3698 mani-

2150 3720 2251 3775 bus
2282 3722 2588 3791 appendere
2613 3742 2626 3778 :
2651 3740 2747 3780 nos
2768 3736 2944 3783 autem
2976 3744 3081 3783 non
3106 3731 3158 3784 in
3180 3732 3446 3797 manibus,
3472 3736 3566 3790 sed
3593 3736 3739 3793 domi

2151 3810 2488 3882 deponimus,
2512 3830 2632 3871 eum
2662 3820 2933 3887 oporteret
2959 3821 3013 3875 in
3040 3822 3202 3879 corde
3226 3839 3467 3882 exarare.
3486 3825 3575 3883 Sic
3594 3829 3737 3884 enim

2151 3904 2410 3961 abstersis
2453 3911 2576 3963 vitae
2615 3911 2889 3979 sordibus,
2928 3913 3100 3970 futura
3141 3931 3528 3989 consequemur
3554 3921 3735 3977 bona:

2151 4017 2271 4070 qnte
2301 4002 2501 4056 utinam
2528 4005 2907 4073 adipiscamur,
2939 4009 3107 4078 gratia
3134 4019 3189 4064 et
3212 4011 3541 4081 benignitate
3568 4016 3738 4070 Domi-

2153 4094 2207 4147 ni
2235 4097 2402 4150 nostri
2447 4096 2573 4151 Jesu
2612 4096 2810 4152 Christi
2844 4141 2857 4164 ,
2902 4117 2996 4169 per
3034 4117 3189 4171 quem
3226 4114 3278 4158 et
3314 4119 3434 4159 cum
3461 4122 3567 4176 quo
3594 4107 3737 4163 Patri

2149 4186 2315 4256 gloria
2340 4229 2355 4249 .
2387 4189 2649 4259 simulque
2682 4190 2898 4258 Spiritui
2923 4203 3137 4259 sancto,
3169 4210 3310 4250 nunc
3338 4204 3392 4251 et
3415 4212 3655 4268 semper,
3682 4210 3735 4254 et

2152 4279 2203 4331 in
2236 4280 2427 4332 smcula
2464 4283 2802 4335 saeculorum.
2838 4285 3028 4337 Amen.

792 4442 795 4447 '
1786 4422 2132 4528 nosam
2172 4469 2334 4531 LlV.

455 4614 583 4666 (lar.
603 4615 654 4666 3.
681 4628 729 4664 ν.
757 4612 845 4665 51.
881 4607 1085 4661 Dicebat
1115 4623 1231 4676 ergo
1256 4605 1289 4656 .I
1295 4623 1405 4659 esus
1424 4606 1490 4657 ad
1512 4622 1594 4659 eos
1616 4607 1698 4674 qui
1725 4608 2041 4663 crediderunt

528 4707 570 4758 ei
598 4705 808 4759 Judwos
837 4718 854 4757 :
887 4702 944 4755 Si
971 4717 1055 4753 vos
1083 4697 1364 4750 ntanseritis
1408 4697 1461 4748 in
1496 4712 1725 4750 sermone
1754 4713 1862 4751 meo
1882 4738 1897 4762 ,
1928 4715 2041 4752 vere

527 4800 763 4871 discipuli
807 4798 902 4849 mei
928 4794 1065 4846 eritis
1086 4832 1100 4857 ,
1146 4792 1235 4845 59..
1268 4800 1314 4843 et
1341 4791 1646 4860 cognoscetis
1673 4791 1933 4845 veritatem
1952 4833 1966 4858 ,
1991 4801 2037 4845 et

526 4895 707 4949 veritus
736 4888 963 4942 liberabit
992 4901 1124 4937 vos..
1566 4918 1567 4921 η
1884 4898 1887 4899 ν

537 4990 582 5041 1.
625 4984 787 5038 Multa
815 4979 967 5032 nobis
995 4974 1248 5044 patientia
1288 4986 1421 5041 npus
1448 4980 1555 5035 est,
1586 4971 1786 5026 dilecti.
1820 4972 2036 5028 Patien-

455 5085 525 5137 tia
552 5088 729 5132 autem
762 5084 888 5128 tunc
915 5069 1227 5139 acquiritur,
1258 5080 1381 5119 cum
1406 5065 1654 5135 dogmata
1684 5066 1735 5119 in
1766 5066 1928 5120 corde
1950 5082 2037 5121 ra-

450 5176 603 5230 dices
623 5174 865 5239 egerunt.
888 5164 959 5218 Ut
978 5162 1117 5215 enim
1143 5173 1396 5229 quercum
1422 5156 1695 5226 profundis
1720 5157 2032 5212 instructam

451 5266 721 5323 radicibus
743 5259 945 5332 quasvis
971 5254 1117 5309 venti
1147 5252 1400 5306 violentia
1430 5265 1533 5304 non
1565 5251 1745 5306 evellit
1774 5270 1786 5303 :
1812 5252 1892 5305 sic
1920 5252 2036 5305 ani-

454 5375 593 5415 mam
620 5355 802 5411 divino
827 5349 1088 5405 conﬁxam
1121 5346 1313 5399 timore
1337 5358 1495 5398 nemo
1519 5344 1716 5412 poterit
1742 5354 1991 5401 evertere
2016 5363 2030 5400 :

452 5452 615 5504 clavis
645 5446 789 5503 enim
818 5441 1038 5497 afﬁxum
1063 5451 1185 5490 esse
1211 5435 1443 5503 amplius
1486 5443 1600 5497 est,
1631 5449 1789 5503 quam
1821 5436 2032 5490 radica-

453 5555 563 5598 tnm
590 5556 728 5596 esse.
760 5537 814 5592 ld
843 5532 1154 5604 precabatur
1192 5526 1448 5598 propheta
1467 5566 1483 5593 ,
1511 5525 1719 5597 Con/Ege
1746 5526 1923 5581 timore
1948 5538 2034 5582 tuo

452 5650 629 5689 carnes
656 5644 792 5683 mens
818 5624 984 5695 (l’sal.
1022 5622 1142 5677 118.
1172 5619 1318 5689 120).
1346 5618 1435 5672 Sic
1460 5626 1514 5673 et
1536 5626 1588 5672 tu
1604 5620 1810 5687 confige
1835 5629 1889 5674 et
1910 5621 2033 5675 alli-

454 5745 517 5798 ga
535 5769 550 5792 ,
579 5724 728 5794 quasi
750 5723 902 5776 clavo
923 5716 1086 5772 altius
1114 5715 1363 5783 impacto.
1387 5710 1458 5767 Ut
1476 5712 1616 5765 enim
1644 5711 1722 5766 sic
1748 5711 1922 5767 aﬂ'ecti
1945 5713 2033 5767 vix

455 5820 766 5881 rapiantur,
798 5813 876 5866 sic
918 5823 1072 5865 secus
1115 5804 1394 5876 compositi
1435 5812 1589 5875 captu
1636 5803 1855 5872 faciles,
1887 5805 2032 5862 nullo

2149 4615 2363 4684 negotio
2387 4616 2724 4684 dejiciuntur.
2749 4619 2898 4687 Quod
2925 4631 3048 4678 tunc
3073 4623 3244 4680 Judrei
3267 4628 3407 4697 passi
3426 4623 3571 4684 sunt.
3596 4631 3726 4687 Cum

2147 4708 2418 4763 audissent
2466 4712 2607 4765 enim
2649 4721 2702 4767 et
2742 4714 3132 4783 credidissent,
3166 4734 3350 4775 rursus
3375 4724 3545 4778 eversi
3579 4736 3723 4780 sunt.

2146 4800 2283 4854 Cum
2310 4817 2437 4869 ergo
2472 4803 2629 4859 ﬁdem
2661 4806 2870 4861 illorum
2897 4807 3139 4865 Christus
3181 4812 3469 4870 ﬁrmiorem
3500 4818 3726 4873 reddere

2145 4891 2329 4959 vellet,
2359 4909 2427 4948 ne
2451 4895 2583 4949 ultra
2612 4896 2663 4950 in
2686 4897 2797 4952 sola
2819 4900 3102 4969 superﬁcie
3127 4916 3404 4972 maneret,
3431 4909 3723 4963 vehemen-

2146 4983 2281 5037 tiore
2297 4999 2546 5041 sermone
2569 4988 2805 5043 animum
2826 4991 3062 5062 conligit.
3082 4992 3423 5051 Credentium
3443 5000 3584 5054 enim
3609 5014 3726 5056 erat

2145 5075 2591 5144 reprehensiones
2609 5081 2762 5136 facile
2784 5083 3011 5138 tolerare
3037 5102 3050 5137 :
3079 5086 3153 5140 illi
3182 5104 3307 5143 vero
3324 5093 3499 5146 statim
3534 5108 3723 5148 excan-

2142 5163 2390 5220 duerunt.
2418 5166 2697 5233 Quomodo
2742 5171 2792 5224 id
2842 5175 2987 5243 agit?
3012 5174 3192 5230 Primo
3241 5178 3483 5235 hortatur
3508 5199 3521 5235 :
3550 5184 3612 5238 Si
3635 5201 3721 5240 vos

2143 5258 2428 5310 manseritis
2456 5258 2509 5312 in
2536 5277 2766 5316 sermone
2796 5280 2904 5317 meo
2924 5305 2937 5328 ,
2969 5281 3081 5320 vere
3104 5268 3343 5339 discipuli
3366 5273 3463 5325 mei
3485 5275 3643 5341 eritis,
3674 5288 3721 5330 ct

2141 5352 2322 5405 veritas
2348 5353 2572 5406 liberabit
2600 5372 2719 5421 ros;
2740 5372 2803 5413 ac
2823 5358 2866 5411 si
2882 5360 3119 5415 diceret:
3148 5363 3321 5418 Altam
3345 5364 3577 5421 facturus
3597 5385 3717 5423 sum

2140 5442 2472 5509 incisioucm;
2500 5447 2593 5500 sed
2622 5464 2689 5502 ne
2713 5452 3074 5520 exagitemini.
3106 5454 3218 5510 lmo
3238 5471 3366 5511 vero
3396 5457 3478 5511 his
3505 5457 3715 5514 illorum

2139 5534 2447 5605 superbiam
2470 5540 2745 5608 repressit.
2772 5542 2817 5595 A
2840 5558 2968 5612 quo,
2990 5560 3192 5614 quzcso,
3223 5546 3506 5604 liberabit?
3526 5553 3566 5605 A
3590 5568 3716 5622 pec-

2140 5626 2296 5680 catis.
2324 5627 2459 5694 Quid
2488 5642 2617 5699 ergo
2658 5643 2967 5702 arrogantes
3004 5635 3123 5690 illi?
3151 5638 3238 5693 55.
3273 5637 3458 5694 Semen
3499 5642 3717 5699 Abram:

2138 5732 2345 5782 sumus,
2371 5727 2417 5771 et
2462 5722 2650 5775 nemini
2690 5724 2980 5779 seruiuimus
3021 5743 3276 5797 umquam.
3319 5729 3507 5785 Statim
3534 5734 3713 5791 animo

2141 5806 2474 5879 deciderunt,
2511 5813 2630 5883 quia
2661 5822 2737 5870 tet
2751 5817 2890 5871 renis
2917 5816 3217 5875 inhiabant.
3246 5820 3378 5877 Illud
3399 5862 3416 5890 ,
3444 5823 3509 5878 Si
3539 5842 3732 5881 muns...
