4084 6360
336 348 445 404 295

336 463 783 537 πληκτικώτερον
832 461 1007 519 εἶπεν.
1054 467 1204 519 Ἐκεῖ
1247 467 1347 538 μὲν
1387 467 1498 537 γὰρ
1531 467 1722 532 ἁπλῶς
1751 465 1926 535 εἶπεν,

333 551 640 619 Ζητήσετέ
661 565 769 620 με’
806 551 902 605 νῦν
931 552 989 604 δὲ
1025 554 1208 623 μεῖζον
1235 566 1261 594 ι
1294 553 1659 624 προσέθηκεν,
1694 555 1777 606 ὅτι
1827 557 1930 609 Ἐν

291 700 303 709 η
331 631 460 703 ταῖς
489 635 805 703 ἁμαρτίαις
827 635 997 704 ὑμῶν
1011 636 1432 690 ἀποθανεῖσθε.
1457 637 1568 690 Καὶ
1597 638 1657 690 τὸ
1673 637 1793 701 πῶς
1817 637 1929 691 δεί-

332 736 544 783 κνυσιν,
575 720 748 772 ὅτιού
792 719 1020 772 δύνασθε
1061 718 1307 783 ἐλθόντες
1355 722 1493 782 ἐκεῖ,
1543 721 1927 792 παρακαλέσαι

305 785 317 828 ι
337 820 404 872 με
430 802 640 856 λοιπόν.
677 803 868 857 Ταῦτα
890 803 927 856 cf
951 801 1121 857 λαλῶ
1143 806 1232 870 εἰς
1254 806 1361 858 τὸν
1391 785 1646 874 κόσμονί
1680 807 1778 858 Διά
1806 804 1928 858 τού-

332 904 439 939 των
459 886 698 957 ἐδήλωσε
732 887 916 939 λοιπὸν
964 885 1321 958 ἐξερχόμενον
1358 889 1520 942 αὐτὸν
1553 890 1633 952 εἰς
1666 888 1733 943 τά
1773 889 1923 961 έθνη.

346 969 564 1042 Ἐπειδὴ
589 971 645 1023 δέ
674 972 776 1024 οὐκ
799 971 1043 1041 ἔγνωσαν
1070 971 1255 1025 λοιπὸν
1277 974 1359 1026 ὅτι
1375 973 1464 1026 τὸν
1488 973 1711 1044 Πατέρα
1740 974 1927 1039 αὐτοῖς

331 1052 479 1122 λέγει
509 1054 842 1126 ἔμπροσθεν,
892 1055 1054 1110 πάλιν
1085 1055 1381 1126 φθέγγεται
1413 1059 1544 1130 περὶ
1594 1056 1761 1111 αὐτοῦ
1784 1075 1798 1090 ·
1831 1057 1926 1112 καὶ

330 1137 429 1209 τὴν
457 1139 636 1193 αἰτίαν
657 1141 758 1208 τῆς
784 1139 1174 1212 ταπεινότητος
1201 1139 1308 1194 τῶν
1339 1142 1602 1214 ῥημάτων
1622 1141 1864 1196 τέθεικεν
1895 1143 1924 1196 6

331 1223 746 1293 εύαγγελιστὴς.

401 1317 472 1380 γ’.
506 1313 602 1365 Ἂν
633 1311 776 1366 οὕτω
800 1312 980 1367 τοίνυν
1006 1313 1250 1385 θέλωμεν
1295 1313 1396 1378 τάς
1425 1314 1650 1386 Γραφάς
1695 1315 1925 1387 ἐρευνᾷν

333 1394 475 1466 μετὰ
515 1396 800 1465 ἀκριϐείας
833 1397 928 1450 καὶ
959 1397 1034 1469 μὴ
1069 1397 1280 1462 ἁπλῶς,
1310 1399 1655 1468 δυνησόμεθα
1695 1400 1794 1469 τῆς
1821 1416 1926 1452 σω-

328 1478 524 1551 τηρίας
547 1481 643 1548 τῆς
672 1479 845 1550 ήμετέ
854 1497 953 1550 ρας
973 1483 1250 1551 ἐπιτυχεῖν
1272 1497 1286 1510 ·
1308 1481 1376 1536 ἂν
1395 1482 1482 1534 διὰ
1503 1482 1706 1545 παντὸς
1731 1484 1923 1546 αὐταῖς

331 1561 795 1632 ὲνδιατρίϐωμεν,
833 1565 930 1616 καὶ
979 1563 1268 1634 δογμάτων
1319 1564 1607 1635 ὀρθότητα,
1663 1564 1758 1618 καὶ
1810 1564 1921 1634 βίον

330 1645 592 1715 εἰσόμεθα
617 1646 1017 1718 ἠκριϐωμένον.
1056 1648 1175 1702 Κᾶν
1203 1649 1406 1720 σφόδρα
1441 1649 1677 1720 σκληρός
1703 1668 1786 1713 τις
1807 1649 1919 1721 είη,

329 1729 426 1780 καὶ
458 1729 695 1800 ἀπηνὴς,
735 1730 834 1783 καὶ
856 1731 1076 1800 χαῦνος,
1101 1732 1206 1786 κάν
1244 1733 1408 1803 μηδὲν
1441 1733 1700 1804 κερδαίνῃ
1727 1735 1785 1787 ἐν
1809 1738 1921 1796 τοῖς

328 1811 509 1877 ἄλλοις
542 1815 775 1884 χρόνοις,
807 1816 897 1868 τὸν
924 1818 1117 1888 χρόνον
1152 1816 1285 1886 γοῦν
1317 1817 1672 1888 καρπώσεται
1708 1817 1919 1884 τοῦτον,

327 1896 425 1949 καὶ
450 1897 680 1968 λήψεταί
704 1916 825 1952 τινα
854 1900 1148 1970 ὠφέλειαν,
1180 1903 1228 1954 εἰ
1269 1903 1364 1955 καὶ
1399 1901 1474 1973 μὴ
1503 1902 1793 1973 τοσαύτην,
1847 1903 1924 1966 ὡς

325 1979 582 2051 αἴσθησιν
609 1981 773 2052 ἔχειν,
800 1982 915 2036 ἀλλ’
935 1983 1086 2053 ὅμως
1116 1983 1369 2055 λήψεται.
1397 1985 1458 2037 Εἰ
1489 1983 1597 2054 γὰρ
1627 1984 1922 2057 μυρεψεῖόν

328 2080 415 2126 τις
458 2065 669 2137 παριὼν
719 2069 812 2121 καὶ
835 2067 1292 2140 προσκαθήμενος
1328 2069 1716 2140 ἐργαστηρίοις
1744 2069 1922 2122 τοιού-

328 2163 466 2210 τοις,
500 2150 596 2202 καί
623 2149 771 2204 ἄκων
797 2151 1208 2223 ἀναχρώννυται
1232 2153 1296 2204 ἐκ
1316 2152 1414 2222 τῆς
1443 2151 1668 2214 εὐωδίας
1695 2168 1707 2181 ⁸
1740 2151 1921 2223 πολλῷ

331 2232 536 2302 μᾶλλον
565 2237 645 2297 εἰς
678 2235 976 2306 ἐκκλησίαν
1015 2234 1213 2289 ἀπιών.
1243 2235 1455 2308 ’Ὠσπερ
1485 2237 1593 2306 γὰρ
1625 2236 1685 2300 ἐξ
1721 2237 1922 2306 ἀργίας

327 2317 496 2388 ἀργία
523 2317 800 2372 τίκτεται·
827 2319 968 2372 οῦτω
991 2319 1085 2371 καὶ
1114 2320 1177 2371 ἐκ
1196 2319 1297 2389 τῆς
1329 2319 1610 2388 ἐνεργείας
1640 2319 1920 2391 προθυμία

324 2401 605 2466 γεννᾶται.
629 2402 750 2454 Κάν
771 2403 980 2473 μυρίων
999 2398 1066 2472 ᾗς
1093 2403 1279 2474 γέμων
1304 2404 1510 2467 κακῶν,
1541 2403 1645 2456 κᾶν
1673 2404 1921 2473 ἀκάθαρ-

323 2498 436 2546 τος,
469 2484 542 2555 μὴ
568 2485 749 2558 φύγῃς
777 2485 875 2558 τὴν
905 2486 1142 2540 ἐνταῦθα
1165 2487 1471 2558 διατριϐήν.
1498 2488 1563 2540 Τί
1592 2484 1707 2551 οὖν,
1730 2490 1916 2558 φησὶν,

322 2567 408 2620 ὃτι
439 2569 653 2622 ἀκούων
674 2572 735 2623 o6
767 2570 937 2637 ποιῶ;
965 2572 1036 2623 Οὐ
1076 2571 1273 2642 μικρὸν
1303 2572 1363 2624 τὸ
1391 2571 1580 2641 κέρδος
1611 2572 1918 2636 ταλανίζειν

325 2652 518 2705 ἑαυτόν
543 2669 556 2684 ·
605 2655 706 2706 οὐκ
743 2655 1016 2724 ἄχρηστος
1064 2651 1217 2719 οὗτος
1248 2659 1275 2710 6
1305 2657 1469 2726 φόϐος
1497 2675 1510 2687 ·
1542 2659 1643 2711 οὐκ
1689 2658 1917 2730 ἄκαιρον

322 2736 482 2790 τοῦτο
506 2738 567 2791 τὸ
595 2739 734 2802 δέος.
785 2740 912 2792 Ἐἀν
951 2739 1213 2813 στενάξῃς
1265 2741 1446 2809 μόνον,
1490 2742 1570 2795 ὅτι
1612 2741 1826 2795 ἀκούων
1855 2743 1914 2795 06

323 2819 486 2884 ποιῶ,
519 2821 738 2884 πάντως
772 2822 866 2875 καὶ
897 2823 991 2875 ἐπὶ
1019 2823 1078 2875 τὸ
1105 2825 1278 2876 ποιεῖν
1315 2824 1466 2894 ἥξεις
1510 2825 1662 2878 ποτέ.
1700 2827 1774 2878 Οὐ
1806 2826 1916 2896 γάρ

321 2901 501 2956 ἔνεστι
528 2904 607 2974 τῷ
639 2904 760 2975 Θεῴ
779 2905 1184 2976 διαλεγόμενον,
1218 2907 1313 2960 καὶ
1341 2908 1610 2961 ἀκούοντα
1635 2909 1769 2962 Θεοῦ
1795 2910 1915 2962 δια-

322 2983 653 3056 λεγομένου,
696 2987 771 3059 μῆ
815 2988 1142 3058 κερδαίνειν.
1196 2989 1412 3053 Εὐθέως
1455 2990 1587 3060 γοῦν
1629 2992 1914 3044 συστελλό-

325 3069 486 3139 μεθα,
528 3071 621 3124 καὶ
647 3073 744 3134 τας
766 3075 954 3142 χεῖρας
985 3075 1304 3144 νιπτόμεθα,
1336 3075 1464 3128 ὅταν
1487 3075 1689 3144 βιϐλίον
1719 3075 1914 3146 βουλώ-

324 3153 465 3223 μεθα
495 3154 908 3229 λαϐεῖν.·”ορᾷς
959 3159 1055 3213 καί⁵
1109 3159 1216 3229 πρὸ
1244 3159 1342 3231 τῆς
1378 3159 1736 3228 ἀναγνώσεως
1769 3162 1909 3232 πόση

320 3238 612 3305 εὐλάϐεια;
667 3240 762 3294 Ἂν
809 3241 874 3313 δὴ
909 3243 1003 3296 καί
1053 3241 1191 3312 μετά
1244 3242 1530 3314 ἀκριϐείας
1570 3243 1910 3314 ἐπέλθωμεν,

321 3321 523 3392 πολλὴν
547 3325 956 3395 καρπωσόμεθα
979 3325 1079 3396 τὴν
1102 3325 1392 3395 ὠφέλειαν.
1418 3328 1491 3380 Οὐ
1516 3327 1625 3398 γὰρ
1648 3327 1733 3390 ἂν,
1763 3331 1810 3381 εἰ
1839 3328 1912 3399 μὴ

321 3406 380 3456 ὲν
409 3406 664 3478 εὐλαϐείᾳ
687 3407 922 3478 καθίστη
943 3409 1041 3479 τὴν
1063 3410 1263 3480 ψυχὴν,
1292 3410 1391 3473 τάς
1419 3414 1609 3482 χεῖρας
1636 3412 1701 3465 ἂν
1725 3413 1913 3465 ἀπενι-

317 3488 572 3558 ιξιάμεθα·
607 3493 701 3545 καὶ
731 3493 886 3564 γυνὴ.
924 3492 1026 3546 κᾶν
1052 3493 1514 3558 ἀκατακάλυπτος
1547 3492 1603 3570 ᾗ,
1638 3497 1912 3566 περιτίθε-

318 3588 410 3626 ται
431 3574 633 3638 εὐθέως
657 3575 718 3628 τὸ
739 3577 912 3648 φάρος
926 3618 941 3645 ,
974 3577 1074 3646 τῆς
1092 3576 1302 3630 ἔνδοθεν
1323 3579 1609 3642 εὐλαϐείας
1632 3581 1694 3632 τὸ
1715 3581 1914 3651 δεῖγμα

320 3658 736 3732 ἐνδεικνυμένηο
785 3662 881 3714 καὶ
920 3663 1079 3734 ἀνὴρ,
1120 3663 1216 3715 ἐὰν
1261 3664 1821 3735 κατακεκαλυμμένος
1854 3662 1912 3738 ᾗ,

318 3748 523 3813 γυμνοί
574 3745 672 3816 τὴν
724 3746 987 3818 κεφαλήν.
1035 3747 1196 3818 Ὁρᾷς
1221 3747 1337 3810 πῶς
1367 3747 1542 3819 κήρυξ
1571 3748 1780 3816 γίνεται
1811 3750 1913 3817 τῆς

317 3825 469 3881 ἔνδον
517 3829 803 3894 εὐλαϐείας
857 3831 918 3883 τὸ
965 3830 1165 3894 ἔξωθεν
1217 3830 1433 3900 σχῆμα;
1493 3827 1628 3884 Εἶτα
1681 3834 1775 3884 καὶ
1833 3833 1912 3895 είς

319 3914 584 3984 ἀκρόασιν
614 3915 842 3979 καθίσας
871 3917 922 3982 b,
956 3917 1209 3980 ἐστέναξε
1239 3917 1500 3978 πολλάκις
1530 3917 1626 3970 καὶ
1658 3918 1913 3986 κατέγνω

330 4082 342 4096 ρ
383 4019 411 4045 ⁸
436 4017 540 4128 ἔξω
571 4019 726 4080 μεῖζον
749 4033 779 4069 e
799 4020 952 4070 Savil.
976 4019 1184 4070 accessit
1211 4027 1262 4070 et
1288 4021 1398 4071 cod.
1424 4020 1530 4070 706.
1555 4021 1690 4070 Ευιτ.
1741 4020 1766 4060 b
1791 4021 1903 4069 Sav.

330 4097 348 4128 2
373 4097 437 4128 κα
467 4098 587 4128 ισας.

319 4097 348 4128 ο
373 4097 587 4137 καυισας.

1407 352 1474 409 1N
1505 352 1825 409 JOANNEM
1869 353 2103 414 HOMIL.
2130 356 2260 413 LIV.
2304 358 2373 414 al.
2420 356 2555 412 Llll.

3519 349 3626 402 256

2028 471 2122 525 τοῦ
2145 472 2294 545 [3M]
2325 473 2440 543 βίου
2459 473 2553 527 τοῦ
2583 473 2871 545 παρόντος.
2904 467 3272 540 Προσέχωμεν
3303 483 3486 521 τοινυν
3504 470 3629 532 ταῖς

2029 555 2296 627 Γραφαῖς,
2349 557 2624 626 ἀγαπητοί
2646 573 2659 586 ·
2720 559 2816 610 καὶ
2847 558 2896 607 εἰ
2951 553 3118 624 μηδὲν
3153 552 3366 624 ἐτερον,
3395 551 3464 605 τὰ
3494 551 3626 620 γοῦν

2029 642 2324 711 εὐαγγέλια
2360 641 2806 714 περισπούδαστα
2854 642 2988 710 ἡμῖν
3029 637 3285 706 γινέσθω,
3323 636 3417 690 καὶ
3451 635 3626 690 ταῦτα

2032 725 2561 798 μεταχειριζωμεθα.
2605 726 2822 788 Εὐθέως
2871 725 3002 795 γὰρ,
3043 720 3355 785 ἀναπτύξας
3396 731 3417 760 α
3452 721 3513 774 τὸ
3543 721 3625 791 βι-

2028 808 2196 873 ϐλίον,
2225 811 2318 863 τοῦ
2365 809 2604 880 Χριστοῦ
2635 809 2696 862 τὸ
2729 808 2904 878 ὄνομα
2950 806 3070 876 ὄψει
3117 804 3434 874 ἐγκείμενον
3457 844 3471 866 ,
3528 805 3624 858 καί⁸

1990 915 1995 919 ’
2029 892 2235 964 ἀκούσῃ
2260 893 2461 956 εὐθέως
2487 893 2738 962 λέγοντος
2765 909 2778 922 ·
2819 890 2930 944 Τοῦ
2957 890 3024 942 δὲ
3059 887 3264 952 Ἰησοῦ
3291 886 3548 956 Χριστοῦ
3581 887 3622 955 η

2028 977 2314 1048 γέννησις
2339 974 2420 1048 ἦν
2451 978 2624 1031 οὕτω.
2678 974 3184 1044 Μνηστευθείσης
3218 972 3327 1041 γὰρ
3362 971 3473 1040 τῆς
3507 989 3623 1040 μη-

2026 1063 2166 1131 τρὸς
2191 1063 2378 1117 αὐτοῦ
2405 1063 2636 1131 Μαρίας
2662 1060 2744 1126 τῷ
2777 1059 3027 1129 Ἰωσὴφ,
3061 1057 3272 1126 εὑρέθη
3305 1057 3376 1110 ὲν
3406 1057 3624 1127 γαστρί

2027 1144 2266 1214 ἔχουσα
2296 1146 2366 1199 ἐκ
2386 1147 2734 1215 Πνεύματος
2766 1144 2960 1213 ἁγίου.
3009 1142 3068 1194 '0
3100 1142 3157 1194 δέ
3181 1139 3351 1194 ταῦτα
3382 1140 3620 1205 ἀκούων,

2026 1227 2356 1299 ἐπιθυμήσει
2385 1228 2685 1300 παρθενίας
2707 1225 2932 1291 εὐθέως,
2955 1223 3298 1295 θαυμάζεται
3324 1223 3416 1276 τὸν
3439 1223 3620 1288 τόκον,

2025 1311 2474 1384 ἀπαλλαγήσεται
2501 1315 2601 1382 τῆς
2629 1312 2754 1383 γῆς.
2793 1311 2868 1363 Οὐ
2922 1309 3097 1380 μικρά
3126 1309 3222 1362 καὶ
3259 1307 3464 1374 ταῦτα,
3495 1309 3624 1362 ὅταν

2029 1395 2144 1469 ῖδῃς
2172 1397 2266 1450 καὶ
2290 1396 2429 1449 Πνεύ
2438 1413 2607 1467 ματος
2635 1394 3072 1470 καταξιουμένην
3096 1393 3193 1464 τὴν
3213 1392 3504 1464 παρθένον,
3525 1393 3622 1446 καὶ

2025 1481 2256 1549 ἄγγελον
2286 1483 2424 1552 αὐτῇ
2446 1481 2848 1551 διαλεγόμενον.
2900 1479 3010 1534 Καὶ
3038 1479 3214 1533 ταῦτα
3251 1479 3350 1549 μὲν
3381 1479 3440 1546 ἐξ
3498 1479 3621 1531 ἐπι-

2027 1566 2196 1637 πολῆς
2221 1581 2234 1594 ⁸
2271 1567 2320 1618 εί
2353 1566 2409 1618 δέ
2439 1565 2725 1636 ἐπιμείνῃς
2763 1565 2926 1634 μέχρι
2974 1563 3164 1626 τέλους
3191 1561 3382 1629 ἐπιὼν,
3438 1562 3620 1616 πάντα

2023 1649 2227 1712 εὐθέως
2254 1649 2570 1712 διαπτύσεις
2596 1649 2664 1702 τά
2707 1647 2937 1718 βιωτικά
2960 1687 2974 1712 ,
3013 1648 3232 1702 πάντων
3269 1647 3620 1719 καταγελάσῃ

2022 1735 2132 1787 τῶν
2160 1735 2397 1789 ἐνταῦθα
2413 1753 2426 1766 ·
2451 1735 2554 1788 κᾶν
2575 1734 2829 1796 πλούσιος
2855 1729 2942 1804 ᾖς,
2963 1731 3114 1785 οὐδὲν
3138 1733 3324 1804 ἡγήσῃ
3342 1733 3432 1784 τὸν
3455 1731 3619 1784 πλοῦ-

2022 1836 2133 1882 τον,
2165 1818 2405 1882 ἀκούσας
2432 1821 2515 1872 ὅτι
2545 1819 2801 1881 τέκτονος
2833 1814 2966 1871 οῦσα
2993 1817 3179 1886 ἐκείνη
3228 1817 3322 1869 καὶ
3355 1817 3618 1887 ταπεινῆς

2021 1903 2221 1966 οἰκίας,
2259 1905 2446 1975 μήτηρ
2480 1902 2575 1955 τοῦ
2606 1901 2879 1954 Δεσπότου
2923 1917 3015 1954 σου
3048 1900 3242 1969 γέγονε
3265 1918 3278 1929 ·
3309 1899 3411 1953 κάν
3444 1901 3617 1967 πένης

2020 1982 2109 2059 ᾗς,
2139 1987 2241 2040 οὐκ
2292 1985 2702 2057 ἐπαισχυνθήσῃ
2735 1986 2836 2054 τὴν
2888 1983 3100 2048 πενίαν,
3161 1981 3348 2053 μαθὼν
3387 1983 3469 2036 ὅτι
3517 1983 3617 2054 τὴν

2022 2071 2413 2142 εὐτελεστάτην
2467 2071 2644 2124 οἰκίαν
2693 2070 2795 2122 οὐκ
2846 2066 3164 2139 ἐπῃσχύνθη
3220 2069 3249 2120 6
3282 2066 3375 2120 τοῦ
3407 2067 3615 2135 κόσμου

2022 2157 2386 2228 Δημιουργός.
2421 2155 2610 2208 Ταῦτα
2634 2145 2849 2216 ἐννοῶν,
2882 2153 2980 2222 οὐχ
3011 2152 3302 2222 άρπάσεις,
3334 2151 3394 2203 οὐ
3426 2150 3618 2204 πλεον-

2021 2242 2306 2312 εκτήσεις,
2344 2241 2406 2293 οὐ
2431 2239 2577 2310 λήψῃ
2601 2238 2672 2291 τά
2709 2236 2818 2289 τῶν
2857 2235 3060 2306 ἐτέρων
3105 2233 3168 2287 σύ
3191 2249 3206 2264 °
3233 2234 3348 2286 ἀλλ’
3379 2235 3617 2305 ἐραστὴς

2020 2324 2116 2396 ἔσῃ
2149 2324 2347 2395 μᾶλλον
2378 2323 2592 2385 πενίας,
2621 2321 2714 2375 καὶ
2745 2319 3008 2390 ὐπερόψει
3035 2316 3127 2370 τόν
3160 2316 3409 2371 πλοῦτον.
3441 2320 3537 2371 “Av
3559 2318 3615 2370 δὲ

2020 2407 2178 2460 τοῦτο
2205 2408 2450 2478 γένηται,
2489 2406 2667 2459 πάντα
2703 2403 2933 2474 ἐξοριεῖς
2977 2401 3047 2454 τά
3078 2401 3247 2454 κακά.
3280 2401 3448 2454 Πάλιν
3487 2402 3616 2454 ὅταν

2023 2491 2137 2564 ἴδῃς
2167 2491 2329 2544 αὐτὸν
2353 2492 2448 2543 ἐπὶ
2487 2491 2695 2558 φάτνης
2736 2487 3012 2557 κείμενον,
3070 2485 3131 2538 οὐ
3187 2478 3508 2546 σπουδάσεις
3536 2483 3615 2554 τῷ

2020 2575 2222 2646 παιδίῳ
2258 2592 2352 2627 σου
2401 2572 2706 2643 περιθεῖναι
2751 2571 2956 2640 κόσμον
2977 2567 3234 2639 χρυσοῦν,
3267 2567 3388 2619 οὐδέ
3420 2571 3483 2636 τῇ
3515 2585 3614 2635 γυ-

2019 2660 2170 2712 ναικί
2217 2658 2612 2729 ἀργυρένδετον
2653 2656 2875 2725 ποιῆσαι
2933 2653 3145 2722 κλίνην.
3211 2650 3398 2704 Ταῦτα
3446 2652 3501 2704 δέ
3538 2651 3614 2722 μὴ

2021 2743 2338 2807 σπουδάζων
2369 2741 2419 2805 ἀ,
2451 2740 2574 2794 οὐδέ
2603 2739 2703 2802 τὰς
2729 2740 2793 2791 ἐκ
2829 2735 3036 2790 τούτων
3064 2736 3274 2808 ἐργάσῃ
3303 2734 3613 2800 πλεονεξίας

2019 2829 2113 2880 καὶ
2147 2826 2421 2897 ἁρπαγάς.
2462 2823 2641 2877 Πολλά
2681 2822 2776 2875 καὶ
2805 2822 2969 2893 ἕτερα
3000 2819 3119 2872 ἐστι
3152 2819 3431 2890 κερδᾶναι,
3470 2818 3615 2886 άπερ

2017 2911 2117 2964 οὐκ
2173 2909 2348 2962 ἔνεστι
2403 2907 2497 2960 νῦν
2529 2906 2672 2960 κατά
2701 2905 2868 2976 μέρος
2921 2903 3138 2972 λέγειν’
3193 2902 3429 2955 εἴσονται
3475 2901 3532 2953 δὲ
3564 2902 3612 2954 οἱ

2019 2996 2211 3064 πεῖραν
2237 2991 2540 3063 εἰληφότες.
2565 2990 2655 3042 Διὸ
2688 2986 2994 3059 παρακαλῶ
3021 2987 3118 3039 καὶ
3145 2984 3377 3038 κτᾶσθαι
3407 2982 3608 3053 βιϐλία,

2014 3079 2107 3132 καὶ
2141 3077 2280 3147 μετὰ
2311 3075 2418 3129 τῶν
2446 3075 2666 3146 βιϐλίων
2696 3074 2767 3126 τὰ
2797 3074 3045 3142 νοήματα
3069 3069 3340 3139 κατέχειν,
3369 3069 3462 3122 καὶ
3490 3072 3611 3133 ταῖς

2012 3162 2274 3223 διανοίαις
2303 3160 2628 3231 ἐγγράφειν.
2664 3159 2728 3210 Οἱ
2763 3157 2861 3226 μὲν
2888 3156 2997 3226 γάρ
3031 3155 3298 3218 Ἰουδαῖοι,
3331 3153 3519 3223 ἐπειδὴ
3545 3153 3609 3206 οὐ

2015 3247 2324 3315 προσεῖχον,
2347 3243 2456 3296 τῶν
2485 3241 2685 3313 χειρῶν
2707 3239 3022 3292 ἐκελεύοντο
3054 3237 3123 3291 τὰ
3147 3237 3328 3308 βιϐλία
3352 3235 3607 3308 ἐξαρτᾷνο

2015 3330 2178 3398 ἡμεῖς
2203 3328 2261 3381 δὲ
2289 3326 2413 3379 οὔτε
2446 3329 2503 3380 ἐν
2535 3325 2746 3396 χερσὶν,
2772 3323 2887 3377 ἀλλ’
2928 3325 2986 3376 ἐν
3011 3322 3158 3392 οἰκία
3205 3321 3450 3391 τίθεμεν,
3491 3319 3611 3373 δέον

2016 3411 2282 3464 ἐντυποῦν
2303 3414 2370 3482 τῇ
2397 3409 2617 3481 καρδίᾳ.
2642 3407 2802 3461 Οὕτω
2821 3407 2932 3478 γάρ
2955 3406 3046 3459 τὸν
3073 3405 3316 3476 παρόντα
3345 3403 3611 3482 ἐκκαθαί-

2019 3513 2204 3566 ροντες
2245 3479 2380 3565 βίον,
2415 3479 2720 3563 τευξόμεθα
2760 3491 2870 3542 τῶν
2898 3489 3203 3560 μελλόντων
3249 3487 3501 3556 ἀγαθῶν·
3533 3479 3609 3540 ὧν

2015 3579 2227 3647 γένοιτο
2247 3579 2454 3641 πάντας
2472 3579 2618 3648 ἡμᾶς
2645 3576 2943 3644 ἐπιτυχεῖν,
2967 3573 3151 3643 χάριτι
3178 3572 3272 3625 καὶ
3301 3569 3492 3639 φιλανθ
3502 3587 3610 3641 ρω-

2016 3662 2116 3732 πία
2142 3662 2234 3714 τοῦ
2265 3662 2473 3733 Κυρίου
2491 3661 2649 3730 ἡμῶν
2680 3658 2858 3730 Ἰησοῦ
2890 3655 3155 3729 Χριστοῦ,
3187 3657 3253 3709 δι’
3282 3651 3341 3709 οὗ
3365 3655 3459 3707 καὶ
3487 3654 3607 3724 μεθ’

2015 3738 2075 3798 οῦ
2110 3743 2188 3815 τῷ
2223 3747 2335 3798 Πατ
2347 3744 2451 3814 ρὶή
2478 3742 2626 3808 δόξα,
2659 3741 2778 3812 ἅμα
2806 3739 2886 3810 τῷ
2911 3741 3052 3810 ἁγίῳ
3076 3739 3379 3808 Πνεύματι,
3400 3737 3492 3790 νῦν
3513 3737 3610 3791 καὶ

2018 3829 2126 3893 ἀεὶ,
2157 3829 2250 3881 καὶ
2281 3829 2360 3890 εἰς
2395 3827 2522 3889 τοὺς
2555 3825 2758 3888 αἰῶνας
2791 3824 2899 3878 τῶν
2930 3824 3164 3878 αἰώνων.
3209 3822 3404 3893 Ἀμήν.

2080 4019 2102 4047 ο
2127 4015 2207 4064 Sic
2247 4015 2393 4063 Szn'il.
2423 4020 2476 4062 et
2501 4014 2601 4062 alii.
2630 4011 2805 4061 Morel.
2847 4022 2966 4057 vero
3001 4010 3092 4072 γὰρ
3123 4008 3178 4056 ἂν
3202 4006 3481 4066 ἀναπτύξας,
3508 4018 3608 4056 non

2014 4082 2163 4128 male.
2231 4076 2258 4116 d
2286 4079 2384 4127 Alii
2407 4073 2559 4124 ταῦτα
2589 4076 2641 4122 δὲ
2671 4073 2967 4127 σπουδάζων.

1712 4256 1862 4329 [διε]
1895 4256 2140 4311 ΟΜΙΛΙΑ
2169 4251 2291 4306 NA'.

324 4351 579 4416 Ἔλεγεν
601 4345 714 4402 οὖν
743 4351 776 4401 ό
812 4348 1042 4415 Ἰησοῦς
1071 4348 1220 4417 πρὸς
1260 4346 1399 4412 τοὺς
1427 4351 1905 4414 πεπιστευκότας

391 4419 556 4482 αὐτῷ
611 4419 940 4483 Ἰουδαίους
963 4435 976 4448 ·
1015 4437 1033 4468 ι
1079 4419 1213 4472 Ἐὰν
1251 4419 1419 4488 ὑμεῖς
1441 4419 1686 4487 μείνητε
1720 4420 1790 4472 ἐν
1828 4420 1908 4482 τῷ

390 4491 552 4558 λόγῳ
588 4489 667 4555 τῷ
715 4488 861 4557 ἐμῷ,
895 4489 1131 4555 ἀληθῶς
1157 4490 1417 4558 μαθηταί
1442 4491 1560 4557 μού
1597 4490 1737 4542 ἐστε
1758 4529 1772 4551 ,
1809 4491 1908 4543 καί

391 4559 843 4630 γαί-ὠσεσθείτὴν
863 4559 1169 4626 ἀλήθειαν,
1206 4559 1305 4613 καὶ
1329 4560 1368 4628 ἡ
1394 4559 1648 4629 ἀλήθεια
1671 4561 1908 4615 ἐλευθε-

384 4631 574 4699 ρώσει
606 4629 757 4700 ὑμᾶς
769 4672 782 4685 .
817 4649 834 4682 ι

390 4765 460 4810 α’.
493 4755 697 4827 Πολλῆς
723 4755 1001 4827 ὑπομονῆς
1033 4753 1292 4809 δεῖταιτά
1319 4753 1583 4825 ἡμέτερα,
1610 4754 1904 4826 ἀγαπητοί.

329 4843 394 4895 Ἦ
439 4842 497 4894 δέ
534 4839 783 4910 ὑπομονὴ
828 4840 1066 4907 γίνεται,
1103 4841 1230 4892 ὅταν
1271 4839 1413 4892 κατὰ
1452 4839 1648 4906 βάθους
1679 4839 1908 4910 ἐρριζω-

320 4929 461 4997 μένα
497 4925 565 4978 τὰ
593 4923 839 4992 δόγματα
962 4921 1218 4992 Καθάπερ
1261 4921 1369 4992 γὰρ
1401 4921 1497 4993 τὴν
1529 4921 1658 4992 δρῦν
1687 4924 1786 4993 τὴν
1827 4925 1906 4988 είς

314 5010 443 5072 τούς
473 5009 622 5063 κάτω
651 5007 881 5070 κόλπους
908 5007 1159 5075 ἀφιεῖσαν
1186 5005 1282 5070 τὰς
1317 5005 1472 5077 ῥίζας
1500 5007 1593 5058 καὶ
1617 5024 1907 5077 περισφιγ-

313 5093 554 5164 γομένην
591 5091 730 5162 μετὰ
770 5089 1088 5161 ἀκριϐείας,
1130 5089 1304 5152 οὐδεὶς
1348 5088 1544 5159 ἄνεμος
1579 5090 1905 5160 προσπεσὼν

314 5176 629 5230 ἀνασπάσαι
672 5174 995 5245 δυνήσεται·
1026 5171 1168 5225 οὕτω
1199 5173 1263 5243 δὴ
1311 5172 1404 5226 καὶ
1450 5172 1548 5243 τὴν
1587 5172 1760 5244 ψυχὴν
1805 5174 1903 5246 τὴν

313 5264 711 5336 καθηλωμένην
738 5262 815 5334 τῷ
853 5261 948 5316 τοῦ
982 5261 1118 5315 Θεοῦ
1151 5261 1321 5332 φόϐῳ,
1356 5262 1530 5326 οὐδεὶς
1575 5263 1902 5334 περιτρέψαι

312 5349 620 5418 δυνήσεται·
646 5346 741 5401 τοῦ
767 5347 876 5418 γάρ
901 5343 1253 5418 ἐρριζῶσθαι,
1271 5345 1331 5398 τὸ
1362 5345 1711 5416 καθηλῶσθαι
1742 5346 1902 5400 πλέον

314 5433 454 5485 ἐστί.
487 5431 656 5485 Τοῦτο
679 5431 812 5500 γοῦν
832 5434 861 5485 6
885 5432 1183 5502 Προφήτης
1207 5427 1448 5498 εὔχεται,
1487 5429 1661 5498 λέγων
1677 5448 1688 5460 ·
1715 5430 1902 5499 Καθή-

313 5520 522 5570 ..ῑωσον
551 5516 621 5569 ἐκ
646 5516 754 5570 τοῦ
798 5517 986 5584 φόϐου
1015 5528 1132 5569 σου
1167 5513 1274 5579 τὰς
1303 5514 1534 5583 σάρκας
1571 5532 1710 5583 μου.
1745 5513 1900 5568 Οὕτω

312 5599 412 5653 καὶ
446 5601 509 5653 σὺ
544 5598 860 5671 καθήλωσον
887 5601 981 5654 καὶ
1010 5598 1267 5668 σύναψον,
1295 5598 1495 5653 ὡσανεὶ
1523 5600 1637 5671 ἥλῳ
1665 5616 1898 5670 προσπε-

313 5683 692 5754 περονημένῳ.
727 5683 939 5756 ’Ὠσπερ
970 5685 1078 5756 γάρ
1117 5677 1262 5736 οὗτοι
1295 5681 1612 5750 δυσάλωτοι,
1647 5683 1819 5748 οὕτως
1847 5686 1896 5736 οἱ

313 5766 547 5821 ἐναντίοι
579 5767 840 5822 εὐάλωτοι
870 5769 1110 5836 γίνονται
1139 5769 1234 5822 καὶ
1267 5767 1768 5838 καταρῥιπτοῦνται
1798 5771 1902 5839 ῥᾳ-

313 5848 442 5911 δίως
467 5865 481 5878 ·
515 5851 653 5922 ὅπερ
674 5863 701 5891 ι
735 5853 830 5906 καὶ
857 5851 978 5906 τότε
1013 5853 1252 5924 ἔπασχον
1293 5853 1343 5904 οἰ
1385 5850 1646 5906 Ἰουδαῖοι.
1707 5852 1900 5906 Ἀκού-

283 5945 511 5997 ’σαντες
557 5934 667 6006 γὰρ
711 5936 807 5989 καὶ
849 5935 1256 6004 πιστεύσαντες,
1292 5933 1454 5993 πάλιν
1501 5934 1894 6011 ἐξετράπησαν.

379 6023 411 6057 ⁸
435 6023 607 6078 Morel.
629 6028 810 6093 ὥσπερ,
836 6031 999 6080 minus
1016 6033 1171 6080 recte.
1507 6041 1509 6043 ·

2011 4345 2348 4414 Βουλόμενος
2391 4337 2484 4396 οῦν
2511 4340 2818 4412 ἐμϐαθῦναι
2850 4339 2950 4411 τὴν
2980 4339 3164 4391 πίστιν
3189 4336 3367 4390 αὐτῶν
3399 4339 3427 4390 6
3467 4338 3607 4410 Χρι.

2012 4429 2153 4492 στὸς,
2184 4427 2324 4481 ὥστε
2360 4429 2434 4499 μὴ
2465 4427 2787 4480 ἐπιπολαίαν
2818 4421 2980 4489 εἶναι,
3017 4422 3340 4475 διασκάπτει
3367 4422 3466 4492 τὴν
3500 4424 3606 4494 ψυ-

2008 4515 2108 4585 χὴν
2133 4511 2601 4582 πληκτικωτέροις
2627 4510 2826 4579 λόγοις.
2853 4508 2975 4561 Τῶν
3004 4506 3114 4577 γάρ
3147 4505 3510 4560 πιστευόντων
3531 4503 3602 4579 ἦν

2007 4601 2102 4653 καὶ
2137 4598 2372 4668 ἐλέγχων
2400 4596 2710 4665 ἀνέχεσθαιο
2746 4597 2793 4648 οἱ
2822 4593 2879 4647 δέ
2909 4591 3112 4654 εὐθέως
3141 4592 3443 4662 ήγρίαινον.
3478 4593 3606 4658 Πῶς

2006 4683 2065 4735 δὲ
2108 4681 2267 4734 τοῦτο
2301 4682 2478 4741 ποιεί;
2522 4679 2746 4750 Πρῶτον
2785 4675 3186 4748 παραγγέλλει*
3252 4676 3390 4729 Ἐὰν
3433 4678 3605 4746 ὑμεῖς

2000 4766 2246 4834 μείνητε
2274 4764 2343 4816 ἐν
2371 4762 2451 4828 τῷ
2480 4764 2642 4831 λόγῳ
2677 4760 2757 4826 τῷ
2785 4760 2926 4829 ἐμῷ,
2970 4759 3157 4825 ὄντως
3192 4760 3453 4829 μαθηταί
3480 4762 3602 4828 μού

2005 4850 2164 4912 ἐστε,
2192 4848 2288 4902 καὶ
2323 4849 2361 4908 ἡ
2387 4847 2641 4915 ἀλήθεια
2672 4842 3065 4912 ἐλευθερώσει
3091 4842 3246 4913 ὑμᾶς
3271 4858 3286 4873 ’
3321 4844 3604 4914 μονονουχὶ

2005 4935 2198 5004 λέγων,
2234 4933 2431 4988 Μέλλω
2471 4932 2694 5002 βαθεῖαν
2726 4930 2927 4984 διδόναι
2952 4929 3126 5000 τομὴν
3153 4968 3169 4994 ,
3204 4928 3340 4982 ἀλλά
3379 4927 3454 5000 μὴ
3499 4945 3602 4982 σα·-

2004 5019 2244 5073 λεύεσθε.
2297 5017 2513 5070 Μᾶλλον
2541 5016 2597 5068 δὲ
2631 5014 2724 5068 καὶ
2758 5013 2847 5067 διά
2873 5012 3077 5066 τούτων
3105 5013 3283 5067 αὐτῶν
3314 5013 3405 5066 τὸν
3433 5013 3602 5082 τύφον

1979 5102 2183 5158 αὐτῶν
2222 5102 2319 5172 τῆς
2363 5099 2602 5160 διανοίας
2640 5097 2974 5172 κατέστειλε.
3021 5097 3178 5158 Τίνος
3221 5096 3600 5166 ἐλευθερώσει,

2003 5186 2123 5240 είπέ
2156 5167 2550 5255 μοι;”Αμαρτη
2562 5182 2768 5252 μάτων.
2799 5179 2866 5232 Τί
2893 5167 2987 5232 οὖν
3009 5179 3060 5232 οἰ
3093 5178 3352 5242 ἀλαζόνες
3375 5180 3599 5246 ἐκείνοις

2002 5270 2242 5338 Σπέρμα
2269 5266 2514 5334 Ἀϐραάμ
2535 5267 2742 5334 ἐσμεν,
2764 5263 2863 5318 καὶ
2881 5261 3084 5317 οὐδενί
3117 5261 3603 5331 δεδουλεύκαμεν

2001 5353 2258 5406 πώποτε,
2292 5350 2611 5404 Κατέπεσεν
2641 5347 2848 5411 εὐθέως
2877 5345 3058 5399 αὐτῶν
3083 5347 3132 5417 ’ἡ
3162 5345 3401 5399 διάνοια·
3439 5345 3602 5399 τοῦτο

1999 5436 2056 5489 δὲ
2102 5436 2346 5504 γέγονεν,
2399 5431 2506 5486 ἀπὸ
2539 5431 2634 5486 τοῦ
2686 5431 2824 5503 πρὸς
2864 5429 2935 5484 τά
2980 5427 3223 5500 κοσμικά
3272 5428 3595 5500 ἐπτοῆσθαι.

2013 5521 2155 5574 Ἐὰν
2177 5519 2424 5588 μείνητε
2453 5518 2522 5571 ἐν
2549 5515 2632 5583 τῷ
2658 5517 2819 5586 ,λόγῳ
2844 5514 2926 5582 τῷ
2947 5513 3068 5585 ἐμῷ
3086 5554 3101 5579 ,
3125 5511 3412 5585 δηλοῦντος
3437 5509 3506 5586 ἦν
3529 5515 3600 5569 τά

2002 5604 2060 5657 ἐν
2087 5606 2154 5674 τῇ
2195 5601 2393 5674 καρδία
2421 5599 2625 5662 αὐτῶν,
2659 5600 2757 5655 καὶ
2779 5600 2982 5663 εἰδότος
3003 5599 3087 5652 ὅτι
3113 5597 3442 5651 ἐπίστευσαν
3474 5599 3596 5668 μὲν,

2000 5689 2101 5742 οὐκ
2127 5687 2348 5758 ἔμειναν
2370 5685 2447 5740 δέ.
2477 5685 2587 5739 Καὶ
2616 5684 2762 5756 μέγα
2788 5681 3226 5751 ἐπαγγέλλεται,
3252 5682 3314 5735 τὸ
3345 5682 3597 5753 μαθητὰς

2002 5771 2166 5826 αὐτοῦ
2205 5771 2447 5835 ἐκείνους
2482 5768 2756 5839 γενέσθαι.
2815 5766 3037 5838 Ἐπειδὴ
3067 5767 3177 5840 γάρ
3207 5783 3354 5831 τινες
3389 5765 3597 5836 ἀνεχώ-

2005 5873 2179 5929 ρησαν
2233 5855 2454 5926 πρώην,
2514 5853 2884 5924 αἰνιττόμενος
2938 5851 3138 5917 αὐτούς
3195 5868 3382 5922 φησιν,
3453 5851 3597 5906 Ἐὰν

1997 5941 2261 6011 μείνητε·
2293 5939 2415 5992 ἐπεί
2442 5938 2684 5991 κάκεῖνοι
2713 5937 2955 6008 ἥκουσαν
2983 5937 3080 5991 καὶ
3111 5937 3463 6002 ἐπίστευσαν,
3497 5937 3593 5991 καὶ

1997 6025 2371 6097 ἀνεχώρησαν,
2414 6021 2602 6095 ἐπειδὴ
2631 6023 2733 6078 οὐκ
2778 6021 3020 6095 ἔμειναν.
3054 6022 3283 6080 Πολ.ίοί
3322 6022 3433 6093 γὰρ
3469 6017 3593 6076 τῶν
3627 6080 3630 6084 ,
