4084 6360
239 376 347 431 297

239 494 354 545 ritis
382 491 436 544 in
460 503 690 544 sermone
716 502 845 549 meo,
871 496 954 541 est
982 486 1267 542 indicantis
1296 488 1422 559 quid
1451 490 1505 541 in
1525 486 1688 541 corde
1709 502 1829 540 ver-

239 594 462 650 sarent,
492 592 547 639 et
573 584 792 638 scientis
822 582 968 651 ipsos
994 581 1287 636 credidisse
1312 581 1526 651 quidem
1548 622 1563 647 ,
1594 595 1699 635 non
1732 594 1831 633 au-

240 687 350 732 tem
385 676 646 731 mansisse
675 676 729 730 in
758 673 885 729 ﬁde.
912 673 979 728 Et
1026 689 1277 744 magnum
1307 673 1575 744 quidpiam
1607 673 1830 743 promit-

241 772 338 835 tit,
384 772 529 839 ipsos
577 782 770 837 nempe
813 766 1104 835 discipulos
1148 767 1266 836 ejus
1318 768 1455 821 fore.
1508 768 1640 820 Cum
1686 766 1831 820 enim

242 863 486 917 nonnulli
515 876 687 930 nuper
708 861 1089 923 recessissent,
1125 860 1270 930 ipsos
1293 859 1641 914 subindicaus
1669 859 1828 922 dicit,

242 953 309 1008 Si
339 953 623 1007 manseritis
648 968 667 1005 :
695 968 817 1006 nam
846 952 918 1005 illi
940 950 1243 1017 audierant,
1273 949 1631 1015 crediderant,
1670 958 1725 1004 et
1754 965 1831 1004 re-

238 1054 542 1111 cesserant,
556 1044 805 1115 quoniam
824 1058 927 1098 non
951 1052 1279 1098 manserant.
1301 1042 1454 1096 Multi
1469 1043 1602 1095 enim
1617 1043 1833 1111 discipu-

239 1138 416 1191 lorum
441 1137 552 1207 ejus
581 1136 809 1189 abierunt
836 1144 989 1198 retro,
1020 1144 1065 1188 et
1085 1135 1201 1204 jam
1228 1151 1330 1187 non
1357 1150 1471 1187 cum
1491 1133 1583 1187 illo
1610 1132 1781 1203 palam
1809 1134 1829 1165 ⁸

240 1228 573 1283 ambulabant
602 1227 781 1300 (Joan.
811 1227 863 1282 6.
911 1228 1024 1295 67).
1057 1227 1378 1297 Cognoscetis
1407 1228 1666 1281 veritatem
1683 1244 1703 1293 ;
1730 1225 1833 1283 hoc

236 1331 325 1374 est
346 1360 360 1383 ,
389 1336 501 1382 me;
528 1335 647 1373 nam
677 1317 786 1387 Ego
812 1335 922 1373 sum
942 1319 1143 1372 veritas.
1171 1317 1388 1372 Iudaica
1410 1318 1625 1387 quidem
1650 1318 1830 1372 omnia

244 1417 403 1479 typus
423 1420 608 1472 erant;
638 1410 912 1464 veritatem
944 1421 1123 1463 autem
1152 1424 1180 1461 a
1211 1424 1295 1463 me
1316 1409 1561 1473 discetis,
1590 1423 1708 1477 quae
1735 1423 1830 1464 vos

242 1516 275 1552 a
303 1502 533 1569 peccatis
577 1501 842 1555 liberabit.
872 1500 1332 1567 Quemadmodum
1382 1502 1523 1555 enim
1557 1501 1660 1554 illis
1686 1501 1833 1556 dice-

244 1592 355 1658 bat,
381 1591 443 1644 In
470 1593 684 1663 peccatis
708 1592 886 1646 vestris
914 1594 1234 1655 moriemini;
1261 1594 1337 1647 sic
1364 1604 1418 1647 et
1449 1593 1533 1647 his
1559 1592 1715 1658 dixit,
1741 1592 1832 1647 Li-

242 1685 433 1739 berabit
459 1702 568 1738 vos.

318 1776 546 1830 Servitus
574 1775 977 1845 peccati.-—Non
998 1775 1167 1842 dixit,
1192 1776 1455 1832 Liberabo
1482 1792 1576 1831 vos
1602 1792 1634 1831 a
1660 1778 1833 1834 servi-

244 1873 386 1927 tute.
418 1866 513 1921 sed
549 1866 649 1921 hoc
677 1867 782 1921 illis
814 1866 1216 1937 intelligendum
1249 1868 1488 1937 reliquit.
1532 1868 1669 1933 Quid
1700 1883 1829 1938 ergo

245 1957 355 2012 illi?
385 1957 569 2013 Semen
597 1960 814 2013 Abrahae
854 1975 1028 2014 sumus
1048 2000 1065 2025 ,
1106 1968 1151 2013 et
1191 1959 1377 2012 nemini
1402 1961 1695 2014 seruiuimus
1724 1976 1831 2014 unt-

238 2065 415 2119 quam.
444 2051 600 2119 Atqui
629 2052 672 2104 si
704 2051 1085 2119 indignandum
1113 2050 1329 2115 fuisset,
1363 2050 1432 2106 de
1463 2052 1624 2121 priori
1648 2053 1829 2122 utique

243 2148 552 2208 Oportuerat
572 2182 588 2204 ,
619 2156 739 2196 cum
767 2141 936 2206 dixit,
982 2139 1305 2212 Cognoscetis
1332 2143 1591 2196 veritatem
1617 2185 1630 2209 ,
1658 2153 1713 2198 et
1746 2144 1829 2198 di-

240 2233 469 2288 cendum
493 2242 643 2287 erat:
673 2234 809 2301 Quid
840 2236 1007 2304 ergo?
1038 2250 1109 2290 an
1152 2236 1428 2291 veritatem
1477 2236 1828 2308 ignoramus?

239 2323 326 2379 lex
356 2334 563 2394 ergoet
608 2327 810 2381 notitia:
861 2335 1057 2382 nostrae
1101 2328 1375 2383 mendacia
1427 2331 1582 2384 sunt?
1633 2331 1826 2387 \‘erum

242 2415 357 2470 lucc
387 2432 489 2472 non
516 2418 793 2485 curabant,
826 2419 922 2473 sed
948 2418 1016 2474 de
1037 2420 1268 2475 terrenis
1299 2428 1507 2476 tantum
1539 2422 1698 2476 rebus
1729 2422 1825 2477 do-

238 2509 419 2564 lebant
442 2551 456 2573 ,
487 2520 542 2565 et
572 2510 686 2566 haec
715 2511 1025 2567 servitutem
1054 2526 1176 2568 esse
1222 2512 1653 2582 suspicabantur.
1689 2515 1825 2570 Sunt

238 2602 380 2654 enim
407 2642 420 2663 ,
444 2611 569 2655 sunt
595 2601 775 2671 utique
804 2617 943 2657 nunc
968 2602 1128 2657 etiam
1158 2588 1310 2657 multi
1336 2603 1429 2674 qui
1458 2603 1525 2658 de
1548 2605 1707 2659 rebus
1735 2606 1819 2660 in-

237 2692 604 2748 dill‘erentibus
628 2702 683 2749 et
708 2693 775 2749 de
801 2693 901 2749 hac
927 2695 1187 2750 servitute
1225 2695 1579 2759 erubescant;
1607 2696 1674 2749 de
1700 2712 1819 2750 ser-

236 2786 405 2839 vitute
434 2785 638 2854 peccati
670 2800 775 2840 non
805 2786 970 2841 item:
1002 2800 1065 2841 ac
1097 2786 1321 2841 mallent
1352 2786 1547 2840 millies
1580 2787 1665 2840 illa
1699 2803 1817 2842 ser-

236 2878 403 2932 vitute
430 2878 568 2932 servi
592 2877 798 2943 vocari,
824 2894 981 2948 quam
1009 2880 1108 2934 hac
1127 2879 1321 2935 semel.
1343 2879 1499 2934 Tales
1530 2880 1605 2934 illi
1637 2888 1815 2947 erant,

237 2984 412 3038 neque
433 2969 589 3023 aliam
614 2979 872 3024 noverant
896 2972 1206 3026 servitutem
1230 2989 1245 3037 ;
1268 2972 1559 3043 dicuntque
1583 2990 1595 3026 :
1623 2972 1822 3029 Servos

236 3061 433 3114 vocasti
455 3076 549 3116 eos
570 3062 661 3132 qui
686 3077 751 3117 ex
772 3077 969 3133 genere
999 3044 1227 3118 Abrahae
1252 3072 1376 3117 sunt
1397 3105 1411 3128 ,
1438 3064 1644 3119 nobiles
1675 3065 1820 3120 illos?

235 3169 366 3222 quos
384 3153 505 3208 ideo
521 3169 624 3208 non
643 3155 921 3225 oportebat
940 3171 1125 3210 servos
1150 3170 1365 3210 vocare.
1391 3155 1704 3227 Numquam,
1735 3160 1818 3212 in-

237 3246 449 3313 quiuut,
479 3246 786 3301 seruiuimus.
816 3247 959 3301 Talis
984 3246 1289 3301 Iudaeorum
1312 3246 1477 3303 fastus
1504 3258 1607 3304 est.
1637 3250 1831 3304 Semen.

234 3336 455 3390 Abrahte
477 3354 684 3405 sumus,
714 3335 963 3391 Israelita:
1008 3356 1201 3394 sumus.
1243 3338 1513 3409 NUSquam
1545 3351 1690 3410 gesta
1724 3356 1819 3397 sua

233 3438 677 3485 commemorant.
711 3430 833 3484 Ideo
860 3431 911 3483 iu
944 3445 1037 3486 eos
1065 3430 1329 3485 clamabat
1357 3430 1612 3495 Joannes,
1642 3432 1821 3487 Nolite

234 3521 422 3584 dicere,
458 3520 671 3575 Patrem
716 3521 954 3577 habemus
982 3522 1240 3577 Abraham
1265 3523 1282 3593 (
1310 3522 1496 3576 Matth.
1527 3526 1579 3578 5.
1610 3524 1689 3593 9).
1715 3526 1822 3580 Cur

234 3625 555 3667 autemnon
601 3616 843 3684 coarguit
888 3615 1008 3669 illos
1032 3614 1321 3671 Christus?
1368 3615 1630 3686 siquidem
1677 3634 1819 3688 sa-pe

234 3706 541 3761 servierunt
586 3704 887 3777 Egyptiis,
946 3706 1289 3777 Babyloniis,
1344 3708 1569 3778 aliisque
1612 3711 1819 3766 multis.

234 3795 368 3861 Quia
398 3810 505 3849 non
536 3794 601 3850 ad
633 3797 1053 3863 contentionem,
1083 3797 1177 3855 sed
1208 3798 1273 3857 ad
1314 3800 1539 3854 salutem
1570 3800 1822 3870 loquutus

235 3884 410 3940 fuerat
430 3928 442 3949 ,
473 3894 530 3943 et
566 3886 633 3940 ad
659 3886 915 3942 beneﬁcia
945 3888 1247 3956 prmstanda
1268 3931 1285 3954 ,
1318 3889 1368 3943 id
1402 3889 1477 3943 illi
1506 3904 1650 3944 curae
1680 3898 1819 3946 erat.

236 3980 511 4036 Potuisset
539 3980 683 4036 enim
714 3980 1226 4049 quadringentorum
1277 3996 1539 4037 annorum
1583 3985 1821 4038 servitu-

236 4080 343 4126 tem
383 4070 612 4137 afferre,
644 4071 770 4126 hinc
788 4072 1121 4142 septuaginta
1167 4087 1465 4138 annorum;
1489 4083 1545 4129 et
1572 4090 1691 4144 qua:
1721 4074 1822 4131 sub

232 4160 523 4232 iudicibus,
550 4161 711 4217 modo
731 4162 948 4233 viginti,
975 4162 1136 4218 modo
1157 4162 1406 4231 duorum,
1430 4164 1590 4222 modo
1613 4176 1821 4235 septem

234 4270 529 4320 annorum;
562 4257 821 4325 potuisset
842 4255 1021 4313 dicere
1051 4256 1194 4327 ipsos
1241 4274 1528 4328 numquam
1556 4258 1822 4315 serviendi

237 4348 398 4401 ﬁnem
422 4346 629 4402 fecisse.
656 4346 849 4401 Verum
873 4362 968 4403 eos
996 4362 1101 4403 non
1130 4347 1401 4404 hominum
1428 4364 1613 4405 servos
1638 4360 1823 4407 osten-

235 4438 369 4493 dere
390 4438 591 4505 voluit,
616 4438 710 4493 sed
732 4440 969 4511 peccati;
991 4456 1110 4511 qua:
1135 4443 1364 4497 servitus
1387 4454 1467 4497 est
1486 4444 1820 4514 gravissima,

235 4543 267 4582 a
283 4544 388 4599 qua
406 4531 550 4585 solus
569 4530 708 4585 Deus
730 4530 957 4587 liberare
980 4541 1172 4603 potest.
1202 4533 1513 4590 Dimittendi
1532 4538 1674 4591 enim
1698 4551 1821 4605 pec-

234 4632 353 4675 cata
400 4630 720 4691 potestatem
772 4638 931 4679 nemo
978 4623 1140 4680 habet
1190 4625 1292 4681 nisi
1339 4626 1520 4681 Deus:
1555 4626 1712 4697 idque
1745 4628 1821 4683 illi

236 4710 649 4766 conﬁtebantur.
676 4712 907 4785 Ideoque
926 4714 992 4769 ad
1018 4715 1120 4770 hoc
1146 4716 1265 4771 illos
1286 4717 1484 4772 inducit
1505 4718 1586 4772 his
1606 4719 1782 4775 verbis
1802 4736 1819 4775 :

236 4802 326 4857 δι.
359 4801 536 4858 Omnis
555 4806 639 4875 qui
660 4806 779 4877 facit
802 4814 1078 4876 peccatum,
1106 4823 1276 4862 seruus
1300 4821 1370 4862 est
1392 4812 1584 4878 peccati
1596 4828 1614 4873 ;
1641 4820 1822 4867 osten-

235 4895 370 4949 dens
404 4909 462 4950 se
505 4895 648 4966 loqui
678 4896 747 4951 de
791 4896 1035 4952 libertate
1078 4898 1146 4952 ab
1189 4897 1491 4968 hujusmodi
1541 4904 1818 4957 servitute.

237 4986 327 5042 55.
363 4988 552 5042 Servus
595 4998 763 5042 autem
809 5006 911 5044 non
955 4999 1122 5044 manet
1167 4991 1221 5044 in
1265 4992 1456 5059 domo;
1485 4995 1625 5061 ﬁlius
1654 5006 1822 5049 autem

234 5089 406 5133 manet
431 5080 486 5133 in
522 5088 785 5133 aeternum.
816 5079 1025 5135 Sensim
1055 5079 1179 5136 hinc
1208 5081 1378 5152 legem
1405 5082 1618 5153 dejieit,
1644 5086 1819 5153 priora

238 5180 482 5240 tempora
512 5169 877 5225 subindicans.
907 5170 988 5228 Ne
1013 5171 1155 5227 enim
1181 5187 1247 5227 eo
1270 5185 1607 5230 recurrerent
1632 5175 1819 5232 dicen-

234 5270 359 5315 tes:
394 5260 663 5317 Sacriﬁcia
711 5261 969 5317 habemus
998 5277 1118 5331 quas
1160 5263 1368 5334 Moyses
1404 5267 1689 5337 praecepit,
1733 5267 1820 5323 illa

231 5366 340 5406 nos
364 5367 552 5407 eruere
577 5361 846 5421 poterunt,
873 5352 994 5408 ideo
1012 5352 1127 5409 hzec
1159 5353 1355 5408 intulit.
1385 5356 1628 5425 Alioquin
1658 5373 1818 5428 quam

234 5444 355 5497 lucc
382 5445 822 5513 consequentiam
853 5445 1158 5501 baberent?
1190 5444 1376 5501 Omnes
1420 5450 1551 5502 enim
1580 5465 1819 5518 peccave-

233 5545 378 5593 runt.
412 5547 457 5589 et
483 5548 626 5607 egent
652 5538 823 5608 gloria
853 5537 963 5605 Dei,
1006 5540 1276 5610 justi/icati
1303 5540 1459 5610 gratis
1499 5557 1586 5609 per
1604 5543 1821 5611 gratiam

234 5626 381 5682 illius
394 5628 415 5658 ¹
433 5626 610 5698 (llam.
628 5628 682 5684 5.
700 5628 790 5685 25.
813 5627 929 5699 24),
947 5630 1214 5700 etiamque
1234 5629 1331 5701 ipsi
1351 5630 1673 5687 sacerdotes.
1697 5631 1819 5690 Ideo

202 5768 209 5798 '
304 5768 320 5828 ξ
356 5762 483 5820 Vox.
509 5763 687 5827 palmn,
723 5766 775 5814 in
797 5764 1082 5828 quibusdam
1105 5772 1212 5815 Mss.
1245 5765 1405 5815 deest.

305 5827 329 5859 ³
361 5833 491 5878 Haec.
512 5826 596 5879 Der
619 5826 829 5886 gratiam
850 5826 999 5889 illius,
1021 5827 1199 5878 desunt
1224 5829 1272 5877 iu
1296 5827 1599 5892 quibusdam.

1275 372 1339 428 ΙΝ
1378 372 1688 429 ,ΙΟᾹΝΝΕΜ
1724 370 1954 428 IIOMIL.
1997 372 2130 429 LIV.
2169 374 2243 431 al.
2283 375 2418 434 LIII.

3409 390 3520 448 298

1938 485 2132 542 Paulus
2150 488 2216 543 de
2232 490 2509 547 sacerdote
2523 492 2617 556 ait,
2640 492 2793 549 Debet
2814 495 2996 563 o/I’rrre
3016 515 3106 563 pro
3125 500 3289 571 seipse
3308 543 3321 564 ,
3346 513 3401 555 ut
3427 522 3517 567 pro

1937 578 2125 647 papqu
2148 620 2165 646 ,
2223 583 2464 650 quoniam
2526 584 2635 655 ipse
2694 586 3032 642 circumdatus
3093 602 3165 645 est
3224 593 3520 661 inﬁrmitate

1938 670 1956 737 (
1981 670 2138 725 Ilebr.
2163 673 2217 728 5.
2240 675 2293 728 5.
2322 685 2367 728 et
2400 674 2470 747 2)
2492 693 2506 739 ;
2532 686 2587 732 et
2616 677 2716 733 hoc
2740 680 3003 749 signiﬁcat
3033 683 3259 738 dicendo
3290 701 3301 736 :
3331 685 3519 740 Serrns

1938 778 2037 816 non
2082 776 2246 819 manet
2286 769 2339 819 in
2380 767 2550 822 domo.
2581 768 2682 824 llic
2718 779 2895 825 autem
2918 782 2972 827 et
2995 789 3177 843 parem
3208 792 3327 829 cum
3362 778 3519 832 Patre

1937 854 2231 923 honorem,
2266 868 2323 913 et
2365 861 2557 915 servia
2600 862 2768 917 libero
2804 862 3155 920 dill'erentiam
3204 869 3468 939 signiﬁcat
3499 887 3514 925 :

1936 962 2059 1003 nam
2089 948 2193 1004 hoc
2220 950 2319 1005 sibi
2349 951 2463 1005 vult
2497 953 2782 1022 parabola;
2811 954 2862 1009 id
2889 967 2970 1011 est
2989 997 3005 1021 ,
3039 957 3151 1012 Non
3177 958 3336 1015 habet
3366 970 3518 1031 pote-

1935 1047 2127 1095 atatem
2145 1056 2372 1108 servus;
2402 1044 2543 1114 quod
2569 1045 2831 1101 indicatur
2854 1062 2950 1117 per
2990 1050 3114 1104 illud
3132 1092 3147 1115 ,
3174 1050 3294 1106 Non
3325 1064 3514 1109 manet.

2004 1131 2063 1185 2.
2125 1132 2232 1188 Cur
2258 1142 2437 1189 autem
2462 1149 2583 1191 cum
2627 1136 2694 1191 de
2728 1137 2961 1207 peccatis
2988 1154 3289 1203 sermonem
3320 1142 3479 1200 habet
3499 1185 3515 1209 ,

1935 1219 2152 1276 domum
2184 1226 2539 1279 memoravit?
2562 1226 2630 1281 lit
2656 1228 2961 1283 ostenderet
2990 1231 3127 1285 sicut
3149 1232 3199 1285 in
3230 1233 3391 1289 domo
3419 1236 3517 1289 ha-

1937 1312 2029 1367 bet
2058 1312 2220 1369 herus
2243 1355 2258 1381 ,
2288 1316 2367 1369 sic
2391 1330 2449 1371 se
2481 1317 2532 1370 in
2561 1317 2736 1372 omnia
2769 1330 3083 1388 potestatem
3130 1322 3346 1381 habere.
3381 1325 3513 1381 Illud
3546 1320 3553 1327 ’

1935 1420 2083 1471 vero,
2110 1404 2230 1460 Non
2250 1417 2439 1476 manet,
2463 1408 2515 1463 id
2537 1420 2620 1464 est
2638 1451 2653 1475 ,
2685 1427 2788 1465 non
2820 1413 2977 1467 habet
3004 1414 3258 1485 largiendi
3284 1428 3521 1487 potesta-

1938 1504 2067 1563 tem,
2098 1497 2240 1567 quod
2274 1515 2377 1553 non
2425 1500 2493 1554 sit
2533 1500 2727 1566 herus;
2762 1504 2901 1558 ﬁlius
2929 1522 3091 1575 porro
3123 1507 3284 1564 herus
3312 1522 3432 1565 est:
3464 1514 3513 1567 id

1935 1587 2080 1641 enim
2110 1588 2377 1659 siguilicat
2406 1590 2539 1645 illud
2562 1632 2579 1657 ,
2612 1591 2789 1648 Manet
2826 1595 2881 1648 in
2905 1597 3151 1651 steculum
3174 1640 3188 1663 ,
3222 1602 3515 1657 secundum

1934 1677 2285 1734 humanarum
2316 1697 2494 1736 rerum
2538 1685 2905 1753 metaphoram
2932 1703 2945 1740 :
2971 1704 3038 1743 ne
3062 1689 3262 1757 dicant,
3291 1693 3367 1747 Tu
3397 1696 3518 1765 quis

1935 1770 2036 1824 es?
2065 1769 2179 1825 Mea
2205 1779 2331 1826 sunt
2353 1774 2553 1839 omnia;
2586 1774 2751 1830 Filius
2772 1777 2914 1831 enim
2945 1793 3061 1833 sum
3082 1822 3098 1846 ,
3128 1790 3183 1836 et
3213 1783 3263 1837 in
3296 1794 3513 1854 paterna

1933 1861 2096 1916 domo
2134 1877 2325 1918 maneo
2364 1864 2625 1921 :domum
2662 1877 2816 1924 vocat
2843 1880 3182 1939 potestatem.
3229 1875 3360 1931 Nam
3390 1879 3513 1934 alibi

1932 1966 2145 2023 quoque
2182 1953 2399 2011 domum
2444 1956 2617 2012 Patris
2645 1969 2798 2014 vocat
2842 1960 3193 2033 principatum
3229 1982 3241 2018 :
3275 1965 3342 2020 In
3367 1968 3516 2023 domo

1934 2043 2108 2099 Patris
2134 2047 2231 2100 mei
2257 2048 2541 2105 mansiones
2584 2051 2757 2105 multa
2785 2063 2902 2106 sunt
2935 2052 3115 2124 (Joan.
3150 2057 3236 2111 M.
3272 2059 3353 2129 2).
3381 2060 3512 2115 Nam

1932 2151 2054 2193 cum
2085 2137 2155 2193 de
2180 2139 2428 2195 libertate
2450 2150 2505 2196 et
2545 2142 2613 2198 de
2650 2146 2907 2200 servitute
2940 2146 3011 2200 sit
3038 2162 3236 2214 sermo,
3263 2150 3384 2219 jure
3413 2151 3515 2207 hac

1931 2244 2060 2285 usus
2088 2238 2172 2285 est
2198 2232 2530 2301 metaphora,
2560 2232 2748 2289 dicens
2773 2235 2893 2289 illos
2924 2253 3029 2291 non
3057 2237 3305 2295 habuisse
3333 2242 3517 2296 dimit-

1930 2320 2074 2375 tendi
2114 2330 2447 2391 potestatem.
2487 2324 2575 2379 56.
2610 2326 2673 2379 Si
2711 2342 2827 2397 ergo
2869 2326 3035 2383 Filius
3073 2345 3159 2384 uos
3210 2332 3513 2389 liberaverit.

1931 2409 2118 2466 Viden’
2142 2428 2261 2467 eum
2293 2413 2433 2468 Patri
2461 2430 2583 2471 esse
2606 2419 3136 2485 consubstantialem,
3163 2431 3218 2477 et
3241 2426 3511 2494 quomodo

1930 2504 2179 2559 ostendat
2204 2521 2263 2561 se
2291 2522 2472 2577 parem
2502 2507 2701 2564 habere
2742 2514 3099 2579 potestatem?
3128 2514 3191 2569 Si
3229 2532 3314 2571 vos
3343 2516 3513 2572 Filius

1930 2594 2230 2658 liberaverit.
2256 2613 2413 2653 nemo
2429 2600 2760 2658 eontradicet
2783 2603 3034 2673 amplius,
3061 2606 3156 2661 sed
3181 2607 3386 2664 ﬁrmam
3421 2610 3513 2663 lia-

1930 2688 2124 2746 bebitis
2156 2691 2475 2748 libertatem.
2497 2693 2629 2748 Nam
2652 2694 2789 2749 Deus
2814 2706 2886 2751 est
2909 2699 2997 2768 qui
3007 2698 3278 2768 justi/icat,
3302 2704 3415 2771 quis
3439 2714 3512 2758 est

1926 2784 2014 2852 qui
2061 2785 2391 2838 condemnet?
2423 2785 2518 2840 llic
2565 2801 2594 2839 a
2636 2797 2854 2855 peccato
2896 2802 2957 2844 se
3001 2805 3189 2860 purum
3238 2794 3513 2864 ostendit,

1928 2876 2181 2945 illamque
2211 2876 2475 2945 signiﬁcat
2496 2892 2614 2947 qua:
2643 2882 2859 2934 nomine
2888 2890 3045 2935 tenus
3074 2892 3159 2936 est
3186 2884 3509 2951 libertatem,

1926 2982 2086 3036 quam
2117 2967 2246 3021 dant
2287 2967 2531 3022 homines
2560 2986 2572 3022 :
2604 2968 2746 3023 illam
2792 2985 2921 3025 vero
2949 2972 3138 3038 aliam,
3171 2975 3316 3029 solus
3348 2976 3510 3035 Deus.

1936 3057 2073 3112 llinc
2103 3058 2207 3112 illis
2232 3058 2420 3114 suadet
2446 3074 2514 3115 ne
2543 3071 2757 3129 propter
2785 3059 2924 3116 hanc
2968 3066 3280 3120 servitutem
3311 3067 3511 3124 erube-

1927 3158 2080 3205 scant
2100 3190 2115 3215 ,
2144 3151 2239 3205 sed
2270 3161 2490 3221 propter
2531 3153 2732 3221 peccati
2765 3156 3095 3209 servitutem.
3125 3155 3194 3210 Et
3218 3160 3509 3216 ostendere

1926 3243 2111 3299 volens
2140 3245 2283 3313 ipsos
2301 3286 2317 3311 ,
2346 3245 2445 3300 etsi
2473 3245 2615 3301 servi
2646 3260 2754 3301 non
2780 3247 2887 3301 sint
2908 3286 2926 3312 ,
2951 3248 3074 3317 quia
3099 3248 3241 3304 illam
3285 3266 3509 3322 respue-

1925 3342 2052 3389 runt
2100 3336 2445 3400 servitutem,
2493 3336 2662 3406 magis
2704 3345 2881 3392 tamen
2930 3354 3116 3393 servos
3160 3341 3327 3396 factos
3356 3358 3508 3411 esse,

1925 3427 2106 3480 statim
2148 3426 2357 3493 intulit,
2415 3425 2541 3480 Vere
2582 3426 2725 3482 liberi
2768 3428 2945 3492 eritis;
2994 3429 3225 3500 indeque
3275 3432 3513 3490 declarat

1926 3516 2066 3573 hanc
2093 3533 2199 3572 non
2226 3533 2346 3573 esse
2370 3534 2550 3573 veram
2593 3519 2909 3575 libertatem.
2947 3521 3145 3577 Deinde
3175 3539 3241 3579 ne
3270 3524 3511 3581 dicerent

1926 3623 1986 3665 se
2030 3618 2305 3679 peccatum
2350 3626 2455 3664 non
2509 3611 2894 3679 habere(nam
2935 3614 3192 3670 credibile
3236 3627 3352 3670 erat
3402 3619 3508 3672 hoc

1927 3715 2050 3757 esse
2078 3701 2314 3756 dicturos
2341 3702 2360 3771 )
2385 3743 2400 3767 ,
2427 3701 2548 3757 vide
2571 3703 2839 3770 quomode
2870 3703 2988 3758 illos
3018 3716 3251 3760 accuset.
3283 3706 3512 3763 Omissis

1926 3792 2137 3848 cteteris
2182 3792 2236 3847 in
2278 3792 2496 3847 illorum
2540 3794 2649 3847 vita
2694 3795 3081 3863 reprobandis,
3134 3795 3235 3851 hoc
3264 3798 3508 3865 facinus,

1926 3882 2069 3953 quod
2104 3882 2214 3952 jam
2261 3882 2567 3952 agitabant,
2611 3882 2663 3937 in
2710 3883 2943 3938 medium
2990 3885 3242 3941 adducit:
3270 3887 3357 3942 57.
3389 3889 3513 3944 Scio

1926 3975 2046 4044 quia
2089 3991 2255 4030 semen
2293 3974 2510 4030 Abrahae
2534 3976 2685 4042 estis,
2716 3977 2804 4031 sed
2827 3978 3051 4044 queeritis
3087 3997 3166 4035 me
3206 3980 3508 4051 interﬁcere.

1926 4065 2138 4123 Sensim
2168 4066 2313 4136 ejicit
2343 4065 2460 4121 illos
2482 4065 2552 4123 ab
2579 4067 2807 4121 Abralue
2826 4071 3143 4139 cognatione
3170 4072 3279 4138 illa,
3308 4073 3510 4131 docens

1928 4173 1997 4215 ne
2035 4158 2202 4214 altum
2234 4159 2322 4214 illa
2348 4157 2416 4214 de
2443 4174 2502 4214 re
2546 4168 2819 4230 saperent.
2861 4161 3014 4217 Sicut
3038 4163 3180 4218 enim
3212 4165 3427 4222 libertas
3456 4176 3515 4224 et

1927 4251 2162 4306 servitus
2189 4250 2257 4305 ab
2284 4251 2534 4321 operibus
2580 4252 2847 4321 pendent,
2898 4253 2969 4307 ita
2998 4262 3053 4309 et
3096 4258 3367 4325 cognatio.
3400 4258 3513 4314 Nec

1927 4343 2107 4398 statim
2132 4342 2305 4411 dixit,
2351 4342 2466 4398 Non
2489 4343 2617 4398 estis
2644 4342 2737 4398 ﬁlii
2778 4345 3007 4401 Abraha:
3051 4346 3193 4403 illius
3216 4349 3381 4419 justi,
3414 4369 3514 4409 vos

1928 4433 2247 4500 homicidae;
2290 4434 2386 4489 sed
2429 4450 2551 4489 cum
2592 4434 2695 4490 illis
2736 4435 2912 4491 adhuc
2947 4449 3209 4494 consonat
3237 4440 3508 4510 dicitque,

1928 4526 2052 4581 Scio
2079 4526 2200 4597 quia
2245 4543 2415 4581 semen
2461 4526 2678 4582 Abraha:
2720 4528 2861 4591 estis;
2908 4544 3094 4585 verum
3146 4546 3249 4587 non
3282 4533 3384 4589 hoc
3427 4548 3511 4593 est

1926 4619 2069 4689 quod
2095 4619 2353 4689 quaeritur
2383 4636 2395 4672 :
2425 4627 2480 4673 et
2520 4618 2631 4687 jam
2674 4620 2917 4689 asperius
2961 4621 3013 4675 in
3054 4622 3177 4677 illos
3216 4624 3504 4682 invehitur.

1927 4711 2139 4766 Etenim
2172 4720 2230 4766 ut
2268 4712 2553 4781 plurimum
2595 4710 2989 4767 observandum
3033 4725 3117 4770 est
3139 4756 3153 4776 ,
3185 4719 3356 4787 ipsum
3387 4734 3509 4776 cum

1927 4819 2179 4873 magnum
2211 4803 2479 4873 quidpiam
2507 4812 2589 4859 est
2615 4815 2951 4873 operaturus,
2984 4817 3264 4878 postquam
3292 4812 3341 4866 id
3372 4812 3519 4870 fece-

1926 4894 2016 4958 rit,
2039 4895 2245 4962 majore
2274 4894 2346 4950 uti
2376 4895 2622 4964 loquendi
2652 4896 2863 4961 ﬁducia,
2888 4907 3069 4967 utpote
3091 4914 3210 4954 cum
3240 4902 3350 4971 ipsa
3380 4922 3502 4973 ope-

1926 5001 1987 5040 ra
2016 4987 2378 5042 contentiosos
2405 4988 2718 5057 reprimant.
2742 4987 2848 5043 Sed
2863 4991 3088 5059 quwritis
3108 5009 3186 5045 me
3205 4994 3509 5063 inter/icere.

1927 5078 2084 5148 Quid,
2113 5081 2156 5135 si
2179 5081 2359 5150 juste?
2389 5081 2460 5135 At
2484 5096 2589 5135 non
2616 5080 2693 5136 sic
2730 5096 2789 5137 se
2817 5096 2906 5138 res
2934 5082 3093 5139 habet
3131 5101 3148 5141 :
3185 5099 3515 5158 quapropter

1927 5186 2141 5227 Causam
2174 5172 2263 5227 ille
2289 5171 2462 5238 aﬂ'ert,
2491 5172 2615 5241 quia
2655 5172 2837 5228 Sermo
2880 5191 3019 5230 meus
3047 5192 3148 5251 non
3172 5178 3309 5245 capit
3336 5178 3389 5232 in
3419 5196 3511 5234 uo-

1926 5264 2020 5320 bis.
2049 5264 2328 5333 Quomodo
2356 5280 2486 5335 ergo
2508 5265 2585 5319 ait
2612 5264 2668 5320 in
2717 5265 2892 5335 ipsum
2927 5267 3259 5324 credidisse?
3284 5269 3507 5338 Verum,

1926 5369 1984 5415 ut
2010 5358 2155 5426 dixi,
2198 5358 2390 5415 iterum
2416 5357 2607 5413 mutati
2649 5357 2878 5413 fuerant.
2924 5359 3050 5415 Ideo
3079 5361 3424 5417 vehementer
3453 5366 3506 5418 in

1926 5450 2049 5507 illos
2078 5450 2366 5506 invehitur.
2393 5449 2524 5508 Nam
2550 5449 2593 5504 si
2628 5448 2697 5507 de
2722 5450 3037 5521 cognatione
3059 5451 3148 5505 illa
3170 5452 3506 5521 gloriamini,

1926 5556 1986 5601 ut
2009 5545 2117 5601 vita
2143 5553 2405 5601 consonet
2427 5552 2659 5615 oportet.
2687 5543 2795 5600 Nec
2820 5544 2975 5609 dixit,
3006 5543 3123 5600 Non
3147 5545 3342 5614 capitis
3370 5562 3509 5601 ver-

1927 5637 2081 5702 bum;
2118 5636 2235 5702 sed,
2267 5636 2448 5693 Sermo
2469 5652 2609 5691 meus
2637 5652 2739 5690 non
2768 5637 2904 5706 capit
2928 5636 2983 5689 in
3008 5635 3167 5702 vobis,
3195 5635 3505 5708 dogmatum

1924 5743 2143 5784 suorum
2181 5727 2559 5784 sublimitatem
2598 5726 2896 5785 declarans.
2930 5724 3092 5796 Atqui
3135 5740 3238 5782 non
3279 5727 3400 5782 ideo
3429 5730 3510 5785 in-

1931 5821 2177 5880 terﬁcere
2207 5820 2478 5894 oportuit;
2531 5820 2640 5876 imo
2681 5819 2859 5891 potius
2902 5819 3167 5877 honorare
3211 5828 3266 5877 et
3290 5820 3511 5877 colere?
