4084 6360
520 370 621 425 m9

522 484 588 538 Ut
616 484 902 538 discerent.
937 479 1043 536 Sed
1066 478 1213 550 quid,
1244 479 1289 533 si
1318 487 1376 532 tu
1400 493 1429 531 a
1459 477 1741 547 temetipso
1762 474 1878 529 haec
1906 474 2091 542 loque-

519 576 593 627 ris
617 616 632 637 ,
666 583 724 628 nt
758 575 873 627 lucc
920 570 1207 640 prazveniat
1229 611 1243 629 ,
1281 570 1354 622 ait
1383 569 1512 623 :58.
1546 568 1674 635 Qua:
1701 583 1793 637 ego
1817 566 1921 619 vidi
1962 564 2102 634 apud

519 649 728 721 Patrem
757 683 942 727 meum,
968 665 1073 717 hwc
1103 663 1279 732 loquor
1300 679 1318 716 :
1349 671 1395 715 et
1437 677 1522 714 vos
1561 675 1672 729 qua:
1715 658 1928 712 audistis
1961 656 2103 725 apud

519 769 715 829 patrem
744 768 993 821 vestrum,
1030 757 1217 827 facitis.
1252 754 1320 810 Ut
1354 769 1472 824 ego,
1508 753 1697 823 inquit,
1726 761 1780 806 et
1808 766 1868 805 re
1897 758 1952 804 et
1978 766 2099 802 ver-

519 852 601 905 bis
631 850 853 906 ostendo
886 850 1120 912 Patrem,
1148 849 1215 901 ita
1246 856 1300 902 et
1328 862 1423 900 vos
1450 860 1510 899 re
1541 852 1764 898 tantum.
1793 842 1908 896 Non
1940 841 2101 895 modo

516 943 659 997 enim
686 941 927 994 eamdem
958 938 1330 1001 substantiam,
1361 936 1456 992 sed
1483 935 1725 990 eamdem
1756 948 1915 1003 quam
1942 932 2100 986 Pater

518 1034 792 1087 veritatem
828 1032 1016 1085 habeo.
1047 1031 1136 1085 59.
1169 1029 1357 1081 Dicunt
1382 1030 1425 1081 ei
1453 1045 1470 1082 :
1501 1026 1610 1080 Nos
1642 1038 1837 1095 patrem
1863 1024 2098 1077 habemus

516 1125 791 1179 Abraham.
814 1125 945 1177 Dicit
966 1126 1035 1177 eis
1052 1125 1200 1177 Jesus
1221 1141 1238 1177 :
1263 1124 1323 1177 Si
1338 1132 1530 1191 patrem
1552 1120 1796 1173 haberetis
1819 1118 2094 1182 Abraham,

514 1236 668 1286 opera
695 1220 802 1288 ejus
825 1221 1071 1288 faceretis.
1095 1217 1182 1270 40.
1218 1217 1367 1268 Nunc
1394 1226 1561 1266 autem
1600 1212 1820 1281 quaeritis
1845 1227 1923 1263 me
1943 1211 2099 1262 inter-

515 1312 685 1380 ficere.
718 1311 1049 1380 Frequenter
1073 1310 1158 1364 hic
1187 1310 1400 1363 illorum
1432 1306 1829 1375 sanguinarium
1860 1304 2093 1359 animum

514 1404 783 1472 exagitat,
835 1414 889 1456 et
936 1400 1296 1456 Abrahanmm
1338 1404 1727 1453 commemorat
1759 1414 1770 1449 :
1804 1396 1962 1467 idque
1986 1437 2000 1459 ,
2040 1404 2097 1449 ut

514 1497 635 1551 illos
661 1496 728 1549 ab
754 1494 852 1548 hac
878 1494 1193 1562 cognatione
1223 1492 1485 1556 abducat,
1518 1499 1570 1544 et
1600 1488 1922 1558 superﬂuam
1950 1487 2093 1541 illam

510 1589 817 1658 jactantiam
843 1587 1069 1650 auferat,
1103 1585 1427 1656 suadeatque
1459 1600 1527 1639 ne
1558 1584 1647 1638 illa
1670 1584 1721 1637 in
1747 1598 1803 1636 re
1830 1597 1977 1651 spem
2006 1595 2094 1633 sa-

512 1683 636 1736 lutis
664 1682 931 1747 habeant,
962 1694 1136 1749 neque
1178 1682 1231 1732 in
1274 1677 1592 1747 cognatione
1638 1684 1845 1728 natura:
1868 1714 1882 1736 ,
1917 1672 2009 1726 sed
2040 1672 2091 1724 in

513 1776 829 1845 cognatione
858 1774 1136 1844 propositi.
1165 1772 1276 1826 Hoc
1295 1772 1436 1826 enim
1468 1770 1586 1823 illos
1610 1766 1934 1836 impediebat
1962 1779 2091 1833 quo-

513 1868 690 1920 minus
712 1866 776 1919 ad
799 1864 1073 1919 Christum
1098 1863 1437 1925 accederent,
1461 1859 1602 1930 quod
1626 1865 1873 1928 putarent
1897 1870 2093 1926 cogna-

512 1960 709 2013 tionem
744 1958 899 2011 talcm
931 1958 1035 2010 illis
1065 1971 1186 2011 esse
1212 1955 1342 2009 satis
1370 1953 1436 2007 ad
1478 1954 1722 2007 salutem.
1751 1950 1921 2018 Quam
1948 1948 2087 2002 veri-

511 2058 671 2103 tatem
701 2049 858 2102 dicit?
884 2047 1037 2115 Quod
1070 2048 1140 2101 sit
1167 2046 1384 2110 aequalis
1412 2044 1599 2098 Patri..
1624 2043 1746 2097 Ideo
1768 2043 1909 2097 enim
1937 2056 2089 2109 qua:-

509 2141 696 2195 rebant
734 2141 878 2194 illum
917 2139 1085 2194 Judaei
1118 2137 1447 2201 interficere,
1493 2147 1545 2190 ut
1578 2136 1651 2190 ait
1696 2136 1820 2191 ille:
1851 2133 2090 2200 Quaeritis

509 2250 589 2285 me
608 2234 905 2299 interﬁcere.
929 2234 1046 2302 quia
1067 2233 1325 2286 veritatem
1353 2231 1490 2284 vobis
1520 2230 1753 2299 loquutus
1780 2245 1913 2292 sum,
1935 2245 2085 2297 quam

507 2325 679 2376 audivi
724 2341 755 2375 a
807 2324 960 2376 Patre
1007 2340 1135 2376 meo.
1167 2321 1609 2377 Ostendenshaee
1640 2336 1745 2374 non
1773 2335 1894 2375 esse
1942 2320 2084 2373 Patri

507 2416 768 2468 contraria
790 2455 806 2479 ,
838 2429 1021 2468 rursus
1066 2414 1133 2468 ad
1183 2414 1332 2468 illum
1361 2414 1617 2481 confugit.
1658 2414 1746 2467 41.
1782 2411 1967 2465 Dicunt
1996 2412 2041 2464 ei
2068 2425 2087 2463 :
2133 2404 2139 2413 ’

506 2507 621 2561 Nos
648 2524 710 2561 ea:
735 2508 1064 2578 fornicatione
1090 2524 1189 2560 non
1211 2523 1384 2561 sumus
1410 2506 1550 2569 nati;
1574 2522 1731 2557 unum
1763 2503 1967 2556 Patrem
1991 2504 2088 2555 ha-

507 2600 699 2662 bemus,
721 2598 900 2652 Deum.
919 2598 1055 2664 Quid
1072 2598 1285 2652 dicitis?
1302 2597 1410 2652 Vos
1432 2597 1639 2651 Patrem
1661 2594 1867 2649 habetis
1896 2594 2082 2657 Deum,

505 2702 556 2743 et
572 2691 838 2746 Christum
865 2690 1117 2744 incusatis
1140 2691 1238 2742 hoc
1252 2689 1554 2744 dicentem?
1581 2688 1765 2741 Viden‘
1783 2687 1928 2740 illum
1953 2702 2088 2756 pra:-

505 2786 661 2851 cipno
684 2784 910 2849 quodam
928 2782 1087 2835 modo
1106 2782 1305 2835 dixisse
1332 2782 1497 2834 Deum
1525 2795 1642 2835 esse
1668 2780 1876 2833 Patrem
1897 2778 2087 2833 suum?

576 2874 629 2927 5.
661 2872 792 2940 Quia
826 2873 980 2941 igitur
1022 2872 1138 2925 illos
1168 2887 1233 2925 ex
1266 2871 1493 2925 Abralne
1531 2872 1851 2939 cognatione
1888 2870 2081 2937 ejecit;

505 2980 624 3018 enm
668 2964 795 3017 nihil
844 2964 1072 3018 habeant
1114 2964 1253 3033 quod
1295 2964 1579 3031 objiciant,
1630 2962 1768 3017 aliud
1814 2962 2081 3031 quidpiam

506 3059 679 3127 majus
704 3056 901 3112 audent
934 3058 998 3111 ad
1042 3058 1207 3112 Deum
1236 3072 1294 3112 se
1322 3057 1630 3111 referentes.
1664 3056 1767 3110 Sed
1798 3056 1896 3109 hoc
1920 3057 2082 3109 etiam

507 3151 710 3205 honore
740 3152 859 3204 illos
887 3151 1069 3219 dejicit
1096 3151 1278 3203 dicens
1309 3168 1321 3203 :
1348 3150 1433 3205 42.
1477 3150 1536 3204 Si
1578 3149 1711 3203 Deus
1751 3159 1891 3219 pater
1929 3161 2087 3202 vester

504 3253 649 3306 esset,
679 3242 951 3312 diligeretis
979 3244 1143 3311 utique
1166 3258 1262 3305 me,
1284 3242 1401 3310 quia
1427 3258 1516 3311 ego
1546 3258 1608 3295 ex
1630 3240 1739 3294 Deo
1765 3241 1911 3303 exivi,
1934 3250 1981 3293 et
2006 3256 2086 3293 ve-

506 3336 589 3387 nio
620 3350 638 3387 :
665 3351 822 3405 neque
848 3351 879 3387 a
908 3335 1095 3403 meipso
1121 3335 1250 3399 veni,
1282 3335 1370 3387 sed
1392 3335 1478 3386 ille
1507 3351 1584 3387 me
1617 3335 1767 3387 misit.
1798 3335 1886 3388 45.
1918 3334 2086 3398 Quare

505 3425 755 3496 loquelam
787 3443 948 3478 meam
983 3444 1083 3479 non
1117 3428 1445 3496 cognoscitis?
1476 3426 1607 3493 Quia
1634 3444 1731 3479 non
1758 3427 1960 3495 potestis
1994 3444 2087 3479 au-

505 3518 615 3569 dire
634 3533 909 3570 sermonem
934 3534 1114 3569 meum.
1145 3519 1237 3573 bi.
1282 3516 1376 3570 Vos
1400 3533 1461 3569 ea:
1483 3527 1623 3585 patre
1646 3518 1845 3569 diabolo
1873 3518 2007 3578 estis,
2035 3526 2082 3570 et

506 3609 752 3662 desideria
779 3609 937 3677 patris
964 3610 1110 3660 vestri
1149 3608 1294 3660 vultis
1338 3608 1523 3675 facere.
1569 3607 1593 3659 Ι
1603 3609 1669 3660 lle
1697 3609 1949 3660 homicida
1977 3618 2084 3661 erat

504 3707 568 3753 ab
592 3702 732 3754 initio
750 3742 764 3765 ,
794 3712 839 3753 et
866 3702 916 3753 in
944 3703 1149 3753 veritate
1174 3718 1273 3753 non
1300 3701 1448 3754 stetit.
1479 3700 1603 3753 Cum
1629 3701 1848 3770 loquitur
1878 3701 2083 3753 menda-

504 3798 635 3847 cium
661 3833 676 3856 ,
708 3810 773 3847 ea:
802 3795 1020 3863 propriis
1046 3794 1283 3862 loquitur.
1328 3793 1565 3848 Exclusit
1592 3809 1683 3847 eos
1710 3809 1738 3846 a
1771 3793 2085 3863 cognatione

505 3886 763 3951 Abrahte;
794 3895 845 3937 et
874 3886 993 3955 quia
1024 3885 1226 3953 majora
1253 3885 1364 3939 ausi
1394 3893 1538 3949 sunt,
1570 3894 1695 3939 tunc
1724 3885 1938 3940 demntn
1969 3887 2083 3955 pla-

503 3994 623 4047 gam
652 3977 858 4046 inﬂigit,
884 3992 1002 4031 cum
1032 3977 1161 4030 dicit
1182 3990 1274 4030 eos
1296 3992 1403 4030 non
1428 3976 1586 4031 modo
1606 3992 1668 4031 ex
1694 3978 1961 4032 Abraham
1980 3995 2082 4032 non

504 4083 646 4132 esse,
680 4068 771 4121 sed
794 4067 953 4120 etiam
983 4083 1051 4121 ex
1081 4066 1293 4120 diabolo
1322 4082 1462 4134 esse,
1493 4068 1833 4137 impudentiae
1859 4086 1955 4138 par
1970 4070 2085 4122 vul-

506 4176 606 4213 nus
634 4159 909 4228 indigens;
941 4173 1114 4227 neque
1144 4158 1193 4211 id
1222 4157 1338 4212 sine
1361 4158 1664 4212 teStimonio
1684 4200 1698 4223 ,
1730 4159 1824 4213 sed
1849 4159 2083 4215 adhibita

506 4250 839 4320 probatione.
889 4250 1209 4305 lnterficere.
1235 4250 1414 4313 enim,
1455 4250 1660 4321 inquit,
1698 4251 1973 4306 diabolica:
2004 4264 2086 4305 est

505 4342 741 4397 malitiae.
779 4342 891 4397 Nec
913 4343 1225 4412 simpliciter
1252 4358 1413 4411 opera
1441 4343 1612 4408 dixit,
1655 4343 1747 4398 sed
1780 4343 2083 4408 Desideria;

504 4437 795 4491 ostendens
825 4446 879 4491 et
911 4436 1179 4491 diabolum
1209 4445 1262 4490 et
1288 4435 1501 4490 Judmos
1526 4437 1762 4490 credibus
1788 4452 1907 4491 esse
1934 4438 2087 4491 debi-

505 4538 586 4580 tos
606 4568 623 4595 ,
654 4529 810 4598 idque
841 4529 1050 4583 invidia:
1077 4543 1257 4583 causa.
1290 4530 1552 4583 Adamum
1584 4530 1724 4583 enim
1751 4529 1945 4584 occidit
1976 4546 2080 4583 non

506 4618 610 4671 alia
638 4634 794 4687 quam
830 4619 1041 4673 invidia:
1068 4634 1246 4673 causa.
1276 4618 1387 4673 Hoc
1416 4628 1469 4673 et
1495 4636 1635 4673 nunc
1662 4635 1872 4689 quoque
1896 4620 2081 4673 snbin-

509 4708 670 4763 dicat.
702 4709 772 4763 Et
799 4710 851 4763 in
880 4711 1085 4763 veritate
1113 4726 1214 4763 non
1238 4711 1407 4775 stetit;
1436 4709 1487 4763 id
1521 4721 1603 4764 est
1624 4752 1638 4773 ,
1672 4713 1722 4763 in
1753 4710 1873 4764 vitae
1905 4711 2084 4779 prohi-

505 4812 629 4857 tate.
659 4802 791 4868 Quia
818 4802 959 4856 enim
982 4802 1127 4856 illum
1150 4802 1455 4871 frequenter
1482 4801 1795 4856 incusabant
1814 4801 1952 4871 quod
1977 4818 2081 4855 non

503 4906 645 4951 esset
673 4911 738 4948 ex
770 4896 877 4949 Deo
901 4937 914 4957 ,
947 4894 1074 4949 dicit
1104 4895 1205 4948 hoc
1233 4894 1357 4948 inde
1386 4895 1684 4963 provenire.
1728 4894 1824 4947 llle
1854 4909 2083 4963 namque

504 4992 651 5059 prior
682 4991 884 5059 peperit
913 4988 1244 5043 mendacium
1266 5028 1281 5055 ,
1310 5003 1430 5042 cum
1456 4987 1589 5041 dixit
1630 5004 1644 5040 :
1679 4986 1743 5040 In
1771 5004 2083 5058 quacumque

500 5084 582 5138 die
608 5084 942 5148 comederitis,
971 5082 1259 5152 aperientur
1278 5082 1412 5135 oculi
1440 5081 1587 5135 vestri
1613 5079 1762 5152 (Gen.
1796 5082 1846 5135 5.
1878 5081 1954 5151 5).
1987 5080 2082 5135 Ille

499 5176 701 5246 primus
728 5174 1005 5229 mendacio
1029 5183 1112 5229 est
1142 5188 1287 5228 usus.
1319 5174 1571 5227 Homines
1598 5173 1740 5226 enim
1768 5173 1858 5227 illo
1888 5181 1945 5227 ut
1973 5190 2077 5227 non

498 5269 595 5321 sibi
642 5267 854 5336 proprio
890 5276 1127 5333 utuntur,
1158 5266 1249 5320 sed
1280 5276 1334 5320 ut
1362 5266 1568 5330 alieno;
1614 5264 1701 5320 hic
1743 5277 1798 5319 ut
1835 5266 2069 5335 proprio.

496 5363 583 5416 45.
623 5361 731 5431 Ego
756 5371 925 5414 autem
962 5361 1081 5430 quia
1113 5361 1367 5414 veritatem
1396 5361 1509 5413 dico
1528 5401 1542 5425 ,
1574 5375 1675 5413 non
1701 5360 1903 5412 creditis
1932 5358 2074 5411 mihi.

494 5455 607 5521 Qua
652 5452 1031 5521 consequentia
1075 5451 1282 5520 arguit?
1324 5450 1477 5505 Nulla
1525 5451 1700 5504 oblata
1738 5451 2077 5504 accusatione

496 5546 652 5599 vultis
679 5561 765 5599 me
794 5545 1113 5600 interﬁcere.
1138 5544 1269 5610 Quia
1292 5544 1432 5597 enim
1455 5544 1655 5599 inimici
1676 5544 1910 5597 veritatis
1926 5545 2073 5605 estis,

496 5635 614 5690 ideo
642 5652 725 5690 me
752 5635 1128 5705 persequimini
1161 5653 1173 5686 :
1204 5635 1285 5689 sin
1327 5636 1502 5689 minus
1527 5678 1542 5702 ,
1583 5646 1855 5704 peccatum
1899 5651 2073 5689 meum

494 5724 672 5779 dicite.
718 5728 842 5779 Ideo
881 5727 1049 5794 pergit
1077 5743 1090 5778 :
1119 5725 1210 5780 46.
1246 5724 1370 5791 Quis
1413 5743 1474 5780 ea:
1513 5727 1649 5779 vobis
1685 5736 1859 5796 arguet
1896 5742 1974 5779 me
2013 5726 2074 5777 de

492 5822 739 5887 peccato?
762 5817 892 5873 Hinc
918 5818 990 5872 illi
1014 5835 1026 5871 :
1057 5817 1163 5873 Nos
1187 5834 1248 5872 ea:
1272 5818 1602 5889 fornicatione
1623 5819 1725 5872 nati
1750 5836 1848 5873 non
1875 5835 2066 5872 sumus.

1265 362 1322 419 S.
1360 359 1633 417 JOANNIS
1654 354 2127 415 CHRYSOSTOMI
2168 354 2488 413 ARCIIIEP.
2528 359 3050 420 CONSTANTINOP.

3690 371 3792 429 300

2212 474 2372 544 Atqui
2394 476 2544 530 multi
2570 492 2640 531 ex
2668 477 3018 535 fornicatione
3047 480 3157 535 nati
3183 492 3356 551 erant,
3386 494 3569 555 utpote
3597 487 3791 544 illicitis

2210 564 2439 620 coitibus
2474 568 2670 621 assueti
2701 586 2715 622 ε
2745 584 2930 624 verum
2960 585 3065 625 non
3096 572 3217 626 ideo
3240 576 3447 644 arguit,
3476 577 3570 631 sed
3602 578 3654 631 in
3686 578 3788 633 hoc

2213 656 2424 712 institit.
2472 657 2607 725 Quia
2648 660 2791 715 enim
2834 662 3141 717 ostenderat
3167 663 3284 719 illos
3310 681 3415 720 non
3443 682 3509 721 ex
3538 668 3666 733 Deo,
3696 671 3787 725 sed

2211 764 2280 803 ex
2301 750 2515 804 diabolo
2534 766 2674 818 esse,
2699 767 2770 807 ex
2798 752 2882 808 his
2906 755 3154 810 omnibus
3180 758 3438 826 procedit.
3466 759 3596 814 Nam
3625 761 3789 816 inter-

2211 840 2392 909 ﬁcere,
2414 842 2732 898 diabolicum
2755 853 2859 911 est,
2886 852 2943 901 ut
2968 855 3024 901 et
3050 847 3265 902 mentiri
3288 889 3303 913 ,
3335 849 3475 919 quod
3508 861 3790 923 utrumque

2211 933 2404 989 facitis.
2434 934 2679 991 Ostendit
2707 953 2837 993 vero
2859 953 2925 993 ex
2950 954 3137 995 amore
3156 941 3366 1011 probari
3398 946 3698 1015 quempiam
3721 961 3787 1001 ex

2212 1023 2321 1079 Deo
2346 1040 2484 1081 esse.
2520 1026 2689 1092 Quare
2717 1028 2965 1099 loquelam
2989 1046 3148 1083 meam
3176 1048 3276 1085 non
3294 1036 3627 1103 cognoscitis?
3653 1037 3783 1091 Cum

2208 1122 2350 1174 enim
2390 1136 2603 1192 semper
2628 1124 2933 1181 dubitarent
2957 1126 3300 1198 dicerentque
3334 1146 3347 1182 :
3378 1129 3514 1196 Quid
3546 1141 3619 1184 est
3654 1148 3787 1200 quoa

2208 1214 2350 1281 dicit,
2376 1214 2490 1279 Quo
2511 1232 2602 1286 ego
2626 1219 2754 1270 vado
2776 1258 2791 1283 ,
2823 1235 2909 1273 vos
2933 1236 3030 1273 non
3057 1222 3259 1289 potestis
3284 1222 3488 1275 venire?
3527 1221 3647 1276 ideo
3672 1224 3745 1277 ait
3768 1241 3781 1277 :

2209 1304 2333 1359 Non
2374 1308 2671 1377 cognoscitis
2713 1308 2964 1379 loquelam
3008 1327 3200 1376 meam,
3241 1312 3357 1380 quia
3387 1328 3661 1366 sermonem
3689 1313 3784 1367 Dei

2207 1415 2308 1452 non
2328 1399 2535 1455 habetis.
2566 1401 2728 1471 quue
2752 1403 2966 1469 accidit,
2997 1404 3118 1474 quia
3149 1419 3302 1459 mens
3321 1413 3494 1458 vestra
3526 1404 3670 1459 humi
3697 1422 3782 1459 re-

2206 1491 2301 1560 pit,
2334 1499 2389 1545 et
2424 1492 2564 1562 quod
2594 1509 2711 1548 mea
2746 1493 2900 1565 longe
2928 1495 3237 1549 sublimiora
3268 1496 3391 1550 sint.
3422 1496 3559 1564 Quid
3584 1512 3710 1566 ergo
3737 1499 3782 1552 si

2206 1584 2501 1656 intelligere
2537 1601 2643 1642 non
2689 1588 2974 1658 poterant?
3020 1588 3117 1645 Hic
3158 1604 3263 1643 non
3306 1604 3481 1658 posse,
3513 1600 3594 1644 est
3619 1590 3778 1652 nolle,

2203 1677 2335 1746 Quia
2380 1693 2474 1733 vos
2521 1679 2592 1732 ita
2639 1679 2961 1747 instituistis,
2990 1689 3048 1735 ut
3076 1681 3267 1751 abjecti
3294 1681 3429 1748 sitis,
3466 1682 3606 1752 quod
3649 1683 3777 1736 nihil

2202 1783 2450 1838 magnum
2484 1770 2747 1839 cogitatis.
2792 1770 2922 1838 Quia
2951 1772 3093 1825 enim
3122 1772 3367 1827 dicebant
3397 1788 3457 1827 se
3482 1772 3602 1827 ideo
3632 1774 3775 1826 illum

2202 1861 2485 1931 persequi,
2537 1861 2679 1931 quod
2730 1862 2825 1917 Dei
2866 1861 3031 1916 cultui
3074 1862 3379 1929 studerent;
3424 1863 3543 1919 ideo
3586 1865 3779 1933 ubique

2200 1953 2483 2007 ostendere
2501 1962 2744 2019 conatur,
2771 1954 2912 2024 quod
2934 1970 2993 2009 se
3017 1957 3259 2026 persequi
3284 1959 3353 2010 sit
3382 1957 3544 2010 Deum
3576 1957 3774 2023 odisse,

2200 2056 2385 2101 contra
2414 2062 2543 2102 vero
2562 2062 2622 2102 se
2643 2063 2843 2114 amare,
2865 2050 2955 2115 sit,
2974 2049 3141 2104 Deum
3166 2066 3342 2105 nosse.
3377 2049 3545 2106 Unum
3573 2051 3777 2105 Patrem

2203 2137 2462 2204 habemus,
2494 2137 2672 2191 Deum.
2696 2138 2829 2194 Hinc
2854 2140 3077 2209 gloriam
3100 2150 3427 2210 aucupentur
3452 2142 3519 2195 ab
3549 2141 3772 2205 honore,

2201 2242 2307 2280 non
2336 2229 2402 2282 ab
2423 2229 2695 2297 operibus.
2725 2228 3069 2284 incredulitas
3094 2245 3221 2301 ergo
3248 2240 3424 2285 vestra
3454 2232 3640 2301 probat
3665 2248 3768 2285 non

2200 2338 2288 2377 me
2313 2323 2540 2377 alienum
2571 2338 2601 2376 a
2629 2323 2738 2377 Deo
2764 2338 2913 2389 esse;
2948 2322 3039 2377 sed
3073 2339 3165 2377 vos
3195 2324 3358 2377 Deum
3389 2340 3492 2377 non
3516 2340 3692 2379 nosse.
3718 2324 3771 2378 In

2198 2430 2357 2471 causa
2376 2424 2553 2470 autem
2579 2416 2820 2485 estquod
2848 2416 3080 2478 mentiri.
3111 2425 3164 2469 et
3186 2415 3383 2470 diaboli
3411 2431 3570 2486 opera
3599 2416 3773 2472 facere

2197 2507 2389 2561 velitis.
2441 2506 2571 2561 [llud
2617 2518 2793 2561 autem
2836 2522 2901 2561 ex
2939 2507 3149 2576 abjecto
3183 2507 3360 2560 animo
3397 2508 3768 2577 proficiscitur,

2197 2608 2256 2653 ut
2294 2599 2564 2669 apostolus
2605 2598 2773 2668 inquit
2797 2616 2809 2651 ε
2833 2596 2958 2652 Cum
3000 2598 3131 2650 enim
3168 2598 3231 2650 sit
3273 2597 3400 2651 inter
3439 2614 3525 2651 vos
3564 2599 3700 2651 zelus
3728 2607 3776 2651 et

2196 2691 2443 2744 contentio
2463 2732 2478 2757 ,
2522 2706 2687 2743 nonne
2727 2690 2954 2743 carnales
2993 2690 3109 2743 estis
3145 2690 3220 2759 (1.
3246 2687 3362 2744 Cor.
3388 2690 3439 2743 5.
3468 2691 3500 2745 5
3518 2690 3572 2760 )?
3600 2691 3774 2758 Quare

2196 2792 2373 2838 autem
2405 2798 2507 2837 non
2539 2784 2793 2853 potestis?
2821 2784 2951 2848 Quia
2981 2783 3228 2837 desideria
3265 2784 3423 2853 patris
3448 2784 3596 2837 vestri
3621 2784 3772 2838 vultis

2196 2874 2392 2943 facere,
2422 2874 2471 2927 id
2499 2875 2695 2927 curatis
2715 2883 2769 2927 et
2795 2873 3137 2928 contenditis.

2266 2964 2565 3019 Judworum
2594 2981 2747 3034 opera
2776 2965 2993 3018 Abralue
3016 2964 3251 3039 operibus
3281 2966 3553 3018 contraria.
3579 2993 3651 3004 —
3679 2964 3772 3017 Vi-

2196 3056 2315 3110 den’
2341 3056 2490 3116 illud.
2522 3056 2643 3110 Non
2674 3057 2876 3125 potestis
2895 3097 2911 3123 ,
2943 3058 3239 3125 significare
3264 3057 3403 3127 quod
3431 3073 3538 3111 non
3566 3057 3770 3111 velint?

2199 3145 2310 3199 Hoc
2331 3147 2585 3199 Abraham
2610 3162 2709 3201 non
2737 3149 2871 3218 fecit.
2897 3146 3001 3201 Sed
3022 3162 3264 3216 quamam
3289 3158 3408 3202 sunt
3434 3147 3548 3218 ejus
3572 3164 3729 3218 opera
3746 3150 3772 3200 ’ἒ

2195 3237 2544 3292 Mansuetudo
2568 3281 2582 3305 ,
2614 3239 2874 3293 modestia
2898 3279 2914 3306 ,
2955 3239 3291 3308 obsequium.
3325 3238 3431 3293 Vos
3459 3249 3643 3293 contra
3674 3242 3774 3293 in—

2194 3329 2413 3384 humani
2438 3338 2492 3384 et
2516 3330 2760 3384 crudeles
2782 3331 2928 3384 estis.
2973 3329 3125 3385 Unde
3154 3342 3329 3384 autem
3356 3332 3487 3385 moti
3514 3340 3669 3395 sunt,
3715 3340 3775 3386 nt

2194 3424 2261 3478 ad
2286 3425 2447 3479 Deum
2467 3424 2848 3490 confugerent?
2885 3423 3005 3477 lllos
3023 3424 3322 3478 Abrahamo
3344 3424 3588 3494 indignos
3603 3436 3777 3480 ostcn-

2195 3517 2365 3571 derat.
2396 3516 2527 3572 Cum
2556 3516 2684 3571 illud
2716 3517 2885 3572 vitare
2913 3516 3148 3581 vellent,
3191 3515 3243 3570 in
3290 3517 3459 3586 majus
3500 3516 3772 3586 quidpiam

2193 3610 2568 3666 ascenderunt.
2598 3610 2731 3664 Cum
2755 3611 2895 3664 enim
2919 3610 3091 3664 cmdes
3113 3610 3215 3665 illis
3236 3609 3599 3679 exprobraret,
3620 3610 3775 3679 quasi

2193 3705 2258 3760 ad
2286 3705 2648 3762 defensionem
2675 3704 2857 3759 dicunt
2881 3718 2940 3758 se
2965 3704 3126 3758 Deum
3152 3704 3350 3758 ulcisci.
3379 3704 3620 3759 Ostendit
3644 3719 3775 3774 ergo

2195 3798 2323 3852 illud
2352 3800 2521 3868 ipsum
2553 3812 2675 3852 esse
2698 3797 2807 3852 Deo
2831 3796 3245 3850 adversantium.
3275 3795 3404 3849 lllud
3434 3805 3631 3861 autem,
3666 3795 3774 3847 Ea:-

2193 3891 2281 3956 ivi,
2309 3890 2570 3960 significat
2596 3889 2742 3943 illum
2772 3887 2896 3943 inde
2921 3888 3149 3942 venisse.
3193 3886 3340 3940 Exivi
3366 3886 3507 3940 enim
3535 3885 3773 3940 snbindi-

2193 3992 2282 4038 cat
2314 3984 2431 4051 ejus
2459 3983 2526 4037 ad
2554 3997 2652 4036 nos
2678 3980 2985 4035 adventum.
3030 3980 3163 4046 Quia
3201 3988 3376 4033 autem
3408 3979 3774 4033 verisimilitcr

2193 4075 2383 4130 dicturi
2416 4082 2587 4139 erant,
2620 4073 2805 4129 Aliena
2834 4081 2888 4128 et
2915 4088 3051 4127 nova
3081 4071 3313 4141 loqueris
3338 4112 3352 4133 ,
3385 4086 3445 4125 se
3474 4087 3501 4123 a
3532 4072 3639 4123 Deo
3668 4086 3764 4124 ve-

2193 4169 2336 4222 nisse
2357 4167 2505 4221 dicit.
2541 4166 2664 4221 Ideo
2695 4166 2810 4220 haec
2837 4180 2944 4219 non
2970 4164 3178 4228 auditis,
3206 4164 3393 4233 inquit,
3418 4164 3536 4232 quia
3566 4178 3629 4217 ex
3656 4163 3774 4215 (lia-

2192 4259 2317 4313 bolo
2342 4258 2491 4313 estis.
2538 4257 2644 4312 Cur
2690 4273 2775 4311 me
2809 4257 2967 4310 vultis
3011 4254 3341 4309 interficere?
3371 4255 3493 4324 quid
3526 4254 3768 4308 criminis

2192 4350 2385 4404 offerre
2416 4348 2674 4419 potestis?
2703 4347 2757 4402 Si
2784 4347 2915 4400 nihil
2940 4387 2955 4411 ,
2984 4361 3079 4400 cur
3107 4361 3209 4399 non
3238 4345 3453 4398 creditis
3484 4344 3652 4397 mihi?
3680 4344 3772 4398 Sic

2192 4455 2319 4511 ergo
2344 4456 2465 4494 cum
2493 4456 2558 4493 ex
2596 4438 2871 4493 mendacio
2911 4448 2963 4490 et
2997 4435 3144 4490 cmde
3171 4435 3287 4489 illos
3314 4450 3377 4489 ex
3406 4434 3616 4489 diabolo
3648 4450 3772 4489 esse

2191 4532 2547 4595 ostendisset,
2580 4531 2770 4599 probat
2796 4538 2846 4583 et
2870 4529 2936 4582 ab
2960 4525 3264 4581 Abrahamo
3288 4536 3343 4580 et
3368 4540 3397 4577 a
3428 4525 3539 4578 Deo
3563 4524 3770 4578 alienos

2190 4640 2340 4689 esse;
2370 4632 2479 4677 tum
2505 4621 2646 4691 quod
2680 4621 2803 4673 odio
2833 4619 3089 4672 haberent
3114 4632 3233 4672 cum
3264 4617 3353 4687 qui
3384 4632 3443 4671 se
3463 4616 3594 4670 nihil
3619 4616 3772 4669 Ia:se-

2190 4724 2295 4780 rat,
2330 4724 2439 4767 tum
2470 4711 2611 4782 quod
2644 4727 2747 4764 non
2773 4709 3016 4765 audirent
3041 4722 3343 4763 sermonem
3373 4706 3507 4776 ejus.
3541 4706 3773 4759 Demon-

2190 4814 2322 4860 strat
2346 4816 2521 4859 autem
2546 4802 2740 4871 ubique
2761 4816 2819 4855 se
2845 4815 2950 4855 non
2977 4815 3096 4855 esse
3124 4799 3234 4854 Deo
3256 4797 3639 4860 adversarium,
3676 4813 3775 4851 ne-

2189 4916 2292 4970 que
2314 4899 2433 4952 ideo
2460 4898 2577 4952 illos
2604 4896 2703 4950 sibi
2727 4911 2831 4949 non
2853 4894 3093 4959 credere,
3122 4893 3216 4947 sed
3237 4892 3376 4963 quod
3405 4892 3561 4945 alieni
3587 4902 3771 4944 essent

2188 5007 2216 5043 a
2248 4992 2380 5044 Deo.
2411 4988 2544 5043 Nam
2569 5003 2689 5041 eum
2717 4986 2806 5056 qui
2835 4994 3108 5055 peccatum
3132 4998 3236 5038 non
3271 4984 3410 5049 fecit,
3436 4985 3523 5053 qui
3555 4982 3684 5036 dicit
3708 4997 3773 5036 se

2188 5098 2219 5137 a
2254 5083 2364 5137 Deo
2393 5082 2575 5135 venire
2601 5088 2654 5134 et
2684 5078 2749 5133 ab
2785 5078 2902 5146 ipso
2937 5077 3159 5131 missum
3194 5091 3334 5142 esse,
3361 5075 3451 5145 qui
3480 5073 3766 5128 veritatem

2188 5166 2524 5244 loquebatur,
2553 5181 2608 5225 et
2638 5172 2707 5224 ita
2734 5170 3049 5239 loquebatur
3070 5210 3085 5235 ,
3114 5178 3172 5222 ut
3195 5181 3383 5220 omnes
3407 5166 3473 5219 ad
3500 5180 3559 5219 se
3580 5164 3768 5219 redar-

2187 5266 2452 5334 guendum
2485 5270 2801 5333 provocaret
2822 5301 2836 5325 ,
2870 5274 3044 5330 neque
3072 5269 3246 5312 tamen
3278 5257 3598 5312 credebatur
3624 5276 3637 5311 :
3669 5270 3770 5323 pa-

2185 5356 2289 5409 lam
2330 5364 2446 5409 erat
2488 5354 2608 5409 ideo
2650 5368 2757 5406 non
2792 5350 2975 5417 credi,
3008 5349 3147 5419 quod
3178 5348 3250 5402 illi
3279 5346 3520 5401 carnales
3560 5353 3770 5401 essent.

2184 5450 2416 5505 Noverat
2438 5448 2578 5503 enim
2605 5488 2620 5514 ,
2655 5455 2875 5500 noverat
2904 5445 3084 5513 utique
3109 5451 3321 5511 peccata
3349 5440 3579 5494 animam
3610 5438 3765 5506 abje-

2185 5552 2322 5595 ctam
2354 5540 2597 5595 reddere.
2639 5538 2797 5601 Ideo,
2834 5537 3035 5605 inquit,
3070 5534 3319 5598 Quoniam
3347 5533 3615 5586 imbecilles
3641 5532 3770 5597 facti

2183 5635 2301 5687 estis
2326 5634 2391 5686 ad
2420 5631 2723 5684 audiendum
2752 5625 2950 5699 (Hebr.
2977 5628 3029 5682 5.
3057 5626 3115 5680 11
3145 5625 3184 5696 ).
3234 5624 3457 5692 Quando
3484 5622 3625 5675 enim
3659 5631 3769 5673 ter-

2182 5740 2310 5778 rena
2340 5739 2445 5777 non
2476 5730 2652 5790 potest
2680 5720 2798 5786 quis
2826 5724 3190 5781 contemnere,
3222 5712 3493 5782 quomodo
3518 5712 3585 5766 de
3610 5710 3775 5765 caele-

2183 5817 2353 5871 stibas
2383 5812 2743 5885 philosophati
2773 5808 2995 5880 poterit?
