4084 6360
293 356 406 414 ἓθί.)

296 474 528 542 ήγαγεψ
554 473 610 525 Ἀ
639 470 753 541 ἐγὼ
768 471 1000 542 ἑώρακα
1030 475 1191 543 παρὰ
1217 475 1296 541 τῷ
1325 478 1513 545 Πατρί
1531 496 1673 547 μου,
1695 478 1879 532 ταῦτα

293 553 497 608 λαλῶ·
529 555 629 608 καὶ
674 557 843 623 ὑμεῖς
875 554 914 608 ἃ
959 558 1262 624 ἠκούσατε
1301 562 1462 630 παρὰ
1504 561 1612 616 τοῦ
1653 562 1880 630 πατρὸς

294 635 492 702 ὑμῶν,
549 639 786 694 ποιεῖτε.
817 641 1062 712 Ὥσπερ,
1112 644 1309 714 φησὶν,
1359 643 1471 712 ἐγὼ
1501 646 1594 698 κα)⁸
1627 645 1736 698 ἀπὸ
1771 645 1878 698 τῶν

291 717 580 786 ῥημάτων,
605 719 697 771 καὶ
719 719 826 772 ἀπὸ
848 721 948 790 τῆς
971 721 1230 792 ἀληθείας
1250 725 1500 793 ἐμφαίνω
1523 725 1611 778 τὸν
1632 725 1874 796 Πατέρα,

295 796 438 850 οὕτω
470 799 564 850 καὶ
595 800 752 868 ὑμεῖς
777 801 884 854 ἀπὸ
904 801 1010 853 τῶν
1039 803 1399 873 πραγμάτων.
1425 804 1499 858 Ού
1523 804 1629 876 γὰρ
1661 805 1757 876 τὴν
1780 808 1879 858 αύ-

295 881 393 952 τὴν
424 883 612 937 οὐσίαν
643 885 802 955 μόνον
821 926 836 948 ,
868 885 1004 939 ἀλλὰ
1035 889 1129 941 καὶ
1160 888 1258 960 τὴν
1287 889 1458 958 αὐτὴν
1487 889 1744 961 ἀλήθειαν
1771 891 1879 961 ἔχω

295 965 375 1034 τῷ
410 967 604 1037 Πατρί.
638 968 936 1037 Λέγουσιν
964 969 1144 1036 αὐτῷ·
1183 972 1372 1042 Ἡμεῖς
1408 972 1631 1040 πατέρα
1662 973 1882 1042 ἔχομεν

293 1049 404 1102 τὸν
463 1051 727 1119 Ἁϐραάμ.
763 1053 932 1122 Λέγει
958 1054 1222 1119 αὐτοῖςό
1261 1057 1517 1123 Ἰησους·
1552 1060 1622 1109 El
1651 1057 1895 1124 πατέρα.

292 1133 466 1201 εχετε
492 1136 598 1188 τὸν
632 1135 899 1205 Ἀϐραὰμ,
923 1136 994 1190 τὰ
1017 1136 1160 1205 ἔργα
1196 1139 1382 1192 αὑτοῦ
1410 1139 1663 1194 ἐποιεῖτε
1681 1152 1730 1194 ι.
1749 1142 1881 1194 Νῦν

285 1217 364 1270 δὲ
386 1216 608 1285 ζητεῖτέ
627 1235 704 1287 με
729 1220 1096 1274 ἀποκτεῖναι.
1130 1220 1376 1292 Συνεχῶς
1406 1223 1636 1276 ἐνταῦθα
1664 1224 1763 1295 τὴν
1792 1242 1881 1292 φο-

295 1300 452 1372 νικὴν
488 1301 669 1354 αὐτῶν
720 1302 938 1372 στρέφει
976 1303 1315 1374 προαίρεσιν,
1361 1306 1457 1358 καὶ
1490 1307 1585 1359 τοῦ
1631 1307 1881 1379 Ἀϐραὰμ

292 1383 595 1454 μέμνηται.
630 1387 782 1438 Ποιεῖ
807 1385 862 1438 δέ
888 1386 1065 1450 τοῦτο,
1097 1387 1190 1440 καὶ
1210 1386 1414 1458 ταύτης
1441 1390 1635 1453 αὐτοὺς
1663 1391 1880 1458 ἀπαγα-

297 1470 414 1536 γεῖν
462 1468 784 1540 βουλόμενος
827 1469 929 1540 τῆς
976 1473 1328 1540 συγγενείας,
1374 1474 1469 1526 καὶ
1515 1474 1576 1526 τὸ
1627 1477 1880 1546 περιττὸν

297 1551 561 1622 καύχημα
595 1551 833 1619 ἐξελεῖν,
868 1555 962 1606 καὶ
1004 1557 1188 1608 πεῖσαι
1225 1556 1422 1626 μηκέτι
1457 1558 1516 1609 ἐν
1553 1558 1744 1628 ἐκείνῳ
1780 1557 1880 1622 τὰς

293 1634 520 1697 ἐλπίδας
558 1634 656 1706 τῆς
686 1636 959 1706 σωτηρίας
987 1636 1150 1707 ἔχειν,
1195 1639 1330 1708 μηδέ
1362 1641 1420 1692 ἐν
1443 1642 1509 1710 τῇ
1545 1641 1685 1694 κατά
1721 1641 1879 1710 φύσιν

296 1719 607 1790 συγγενείᾳ,
646 1721 758 1774 ἀλλ’
796 1724 855 1776 ἐν
884 1724 950 1794 τῇ
987 1723 1126 1776 κατὰ
1172 1724 1511 1796 προαίρεσιν.
1558 1725 1726 1778 Τοῦτο
1770 1728 1879 1798 γὰρ

290 1799 362 1874 ἦν
388 1804 449 1856 τὸ
474 1804 678 1858 κωλύον
712 1805 908 1868 αὐτοὺς
947 1807 1262 1878 προσελθεῖν
1290 1809 1368 1880 τῷ
1408 1808 1660 1880 Χριστῷ,
1703 1810 1761 1863 τὸ
1794 1828 1880 1864 νο-

297 1884 472 1957 μίζειν
504 1888 694 1959 ἀρκεῖν
720 1892 905 1955 αὐτοῖς
930 1891 1028 1962 τὴν
1068 1892 1389 1960 συγγένειαν
1415 1893 1627 1964 ἐκείνην
1669 1895 1749 1958 είς
1777 1912 1880 1948 σω-

293 1970 510 2042 τηρίαν.
543 1973 709 2026 Ποίαν
735 1973 792 2028 δέ
835 1974 1092 2045 ἀλήθειαν
1131 1974 1314 2044 λέγει;
1349 1976 1472 2030 Ὅτι
1513 1977 1626 2041 ἴσος
1656 1979 1772 2032 ἐστὶ
1801 1979 1880 2050 τῷ

294 2054 490 2124 Πατρί.
520 2056 620 2108 Διά
641 2057 748 2128 γὰρ
770 2058 927 2112 τοῦτο
951 2060 1179 2128 ἐζήτουν
1204 2060 1364 2113 αὑτὸν
1389 2061 1438 2112 οἱ
1471 2060 1713 2113 Ἰουδαῖοι
1741 2063 1879 2115 ἀπο-

294 2140 522 2200 κτεῖναι,
557 2139 649 2192 καί
680 2158 812 2211 φησι
832 2157 845 2172 ⁸
871 2140 1112 2208 Ζητεῖτέ
1134 2159 1212 2212 με
1235 2143 1579 2197 ἀποκτεῖναι
1601 2185 1616 2206 ,
1645 2143 1733 2198 ὅτι
1765 2144 1881 2214 τὴν

293 2221 583 2286 ἀλήθειαν
623 2223 766 2292 ὑμῖν
801 2223 1138 2292 λελάληκα,
1178 2224 1259 2293 ἣν
1294 2225 1532 2294 ἤκουσα
1571 2227 1731 2297 παρὰ
1771 2229 1878 2283 τοῦ

297 2307 528 2374 Πατρός
572 2324 714 2376 μου.
763 2309 1007 2372 Δεικνῦς,
1042 2309 1124 2362 ὅτι
1179 2311 1280 2364 οὐκ
1313 2311 1533 2365 ἐναντία
1576 2312 1654 2383 τῷ
1705 2313 1880 2384 Πατρὶ

293 2389 467 2442 ταῦτά
510 2393 654 2453 ἐστι,
690 2392 849 2446 πάλιν
879 2393 966 2444 ἐπ’
997 2392 1159 2445 αὑτὸν
1181 2394 1548 2464 «καταφεύγει.
1581 2396 1881 2466 Λέγουσιν

293 2471 473 2536 αὐτῷ·
526 2475 722 2543 Ἡμεῖς
759 2476 827 2528 ἐκ
857 2476 1141 2544 πορνείας
1170 2479 1241 2530 οὐ
1285 2480 1691 2548 γεγεννήμεθα
1715 2499 1727 2514 ο
1770 2481 1879 2534 ἕνα

291 2556 525 2624 Πατέρα
565 2558 802 2627 ἔχομεν,
827 2559 934 2613 τόν
956 2562 1123 2614 Θεόν.
1152 2563 1216 2614 Τί
1239 2562 1449 2632 λέγεις;
1481 2565 1638 2633 ὑμεῖς
1661 2566 1878 2637 Πατέρα

290 2639 385 2690 τὸν
407 2640 539 2692 Θεὸν
575 2643 726 2711 ἔχετε
747 2683 761 2707 ,
794 2643 887 2696 καὶ⁵
920 2643 998 2714 τῷ
1034 2645 1254 2715 Χριστῷ
1290 2646 1569 2713 ἐγκαλεῖτε
1608 2649 1766 2702 τοῦτο
1794 2649 1879 2702 λέ-

292 2739 476 2807 γοντι;
535 2726 696 2797 Ὅρᾷς
745 2728 826 2780 ὅτι
878 2727 1174 2800 ἐξαιρέτως
1216 2730 1399 2798 ἔλεγεν
1447 2732 1611 2784 αὑτοῦ
1656 2734 1876 2807 Πατέρα

285 2804 435 2862 εἶναι
471 2810 562 2862 τὸν
609 2811 742 2865 Θεόν
767 2828 782 2877 ;

364 2900 434 2962 γ’.
489 2894 710 2966 Ἐπειδὴ
740 2894 916 2950 τοίνυν
946 2896 1048 2967 τῆς
1075 2897 1394 2966 συγγενείας
1428 2899 1624 2964 αὐτοὺς
1653 2901 1874 2966 ἐξέϐαλε

289 2979 387 3032 τοῦ
426 2977 699 3050 Ἀϐραὰμ,
731 2979 881 3031 οὐδὲν
922 2979 1135 3050 ἔχοντες
1164 2984 1356 3047 είπεῖν,
1397 2982 1582 3054 ἐτερόν
1611 3001 1664 3037 τι
1694 2985 1876 3056 μεῖζον

289 3061 560 3133 τολμῶσιν
586 3064 665 3127 είς
702 3063 794 3116 τὸν
820 3062 951 3116 Θεὸν
985 3063 1390 3135 ἀνατρέχοντες.
1437 3067 1595 3122 Ἀλλά
1621 3070 1716 3122 καὶ
1742 3070 1876 3124 ταύ-

288 3163 392 3218 της
426 3148 622 3210 αὐτοὺς
669 3145 918 3200 ἐκϐάλλει
943 3147 1043 3216 τῆς
1085 3148 1275 3218 τιμῆς,
1321 3148 1528 3218 λέγων’
1569 3153 1639 3204 El
1668 3156 1701 3205 ό
1733 3154 1876 3219 Θεὸς

290 3228 487 3297 πατὴρ
519 3227 686 3298 ὑμῶν
710 3229 808 3300 ἦν,
839 3230 1106 3300 ἠγαπᾶτε
1131 3230 1208 3284 ἂν
1239 3231 1362 3300 ἐμὲ,
1402 3231 1491 3286 ὅτι
1521 3232 1635 3302 ἐγὼ
1669 3235 1739 3288 ἐκ
1769 3237 1876 3290 τοῦ

292 3317 442 3370 Θεοῦ
463 3314 722 3383 ἐξῆλθον
748 3316 844 3369 καί
872 3315 996 3383 ἥκω
1015 3334 1027 3347 ·
1054 3316 1150 3369 καὶ
1177 3317 1278 3370 ἀπ’
1301 3316 1562 3386 ἐμαυτοῦ
1585 3321 1695 3372 οὐκ
1731 3321 1875 3385 ἐλή-

289 3402 464 3463 λυθα,
485 3400 622 3453 ἀλλ’
650 3398 875 3464 ἐκεῖνός
897 3416 973 3467 με
991 3399 1331 3454 ἀπέστειλε.
1355 3403 1518 3455 Διατί
1536 3405 1647 3456 οὐκ
1677 3403 1876 3459 οἴδατε

289 3484 406 3550 τὴν
439 3484 660 3538 λαλιὰν
695 3483 810 3552 τὴν
845 3483 1032 3551 ἐμήν;
1069 3484 1197 3537 ’Ὀτι
1228 3488 1298 3538 οὺ
1333 3485 1598 3542 δύνασθε
1633 3489 1876 3542 ἀκούειν

287 3565 400 3620 τὸν
419 3567 605 3635 λόγον
630 3566 736 3620 τὸν
774 3567 936 3635 ἐμόν.
984 3566 1182 3635 Ὑμεῖς
1206 3568 1275 3620 ἐκ
1307 3568 1414 3622 τοῦ
1446 3571 1670 3637 πατρὸς
1707 3571 1876 3639 ὑμῶν

286 3652 397 3706 τοῦ
425 3651 708 3706 διαϐόλου
730 3652 890 3716 ἐστὲ,
917 3651 1016 3705 καί
1045 3654 1151 3717 τὰς
1181 3654 1492 3722 ἐπιθυμίας
1519 3655 1626 3709 τοῦ
1651 3656 1876 3723 πατρὸς

288 3736 460 3804 ὑμῶν
486 3737 688 3791 θέλετε
723 3735 933 3790 ποιεῖν.
972 3737 1234 3803 Ἐκεῖνος
1269 3738 1762 3806 ἀνθρωποκτόνος
1797 3738 1877 3812 ἦν

287 3819 390 3874 ἀπ’
419 3818 631 3888 ἀρχῆς,
653 3819 752 3874 καί
774 3821 844 3873 ἐν
861 3818 936 3888 τῇ
957 3819 1209 3888 ἀληθείᾳ
1232 3823 1345 3889 οὐχ
1375 3820 1655 3889 ἕστηκεν.
1690 3825 1876 3877 Ὅταν

286 3902 454 3972 λαλῇ
496 3902 563 3955 τὸ
592 3902 840 3972 ψεῦδος,
881 3902 950 3956 ἐκ
986 3901 1104 3955 τῶν
1131 3903 1296 3956 ἰδίων
1333 3907 1527 3958 λαλεῖ.
1588 3907 1873 3970 Ἐξέϐαλεν

287 3988 489 4050 αὐτοὺς
529 3987 628 4056 τῆς
680 3985 1000 4053 συγγενείας
1045 3984 1136 4038 τοῦ
1192 3986 1440 4058 Ἀϐραάμ
1471 4005 1485 4018 ·
1537 3990 1633 4042 καὶ
1681 3991 1870 4063 ἐπειδὴ

289 4069 559 4143 μείζοναδ
591 4071 912 4140 ἐτόλμησαν,
937 4070 1057 4122 τότε
1086 4069 1271 4124 λοιπὸν
1291 4072 1483 4140 ἐπάγει
1516 4074 1613 4145 τὴν
1638 4075 1867 4147 πληγὴν,

287 4158 484 4225 λέγων,
531 4157 612 4208 ὅτι
641 4156 700 4208 ού
735 4154 890 4225 μόνον
921 4153 1012 4206 τοῦ
1051 4152 1301 4224 Ἀϐραὰμ
1327 4155 1426 4206 οὐκ
1457 4158 1615 4221 είσὶν,
1651 4159 1764 4211 ἀλλ’
1790 4161 1871 4212 ὃτι

284 4242 384 4294 καὶ
412 4240 505 4293 τοῦ
535 4238 779 4292 διαϐόλου
811 4235 970 4299 εἰσὶν,
1003 4235 1329 4307 ἀντίρροπον
1361 4238 1457 4307 τῆς
1491 4239 1872 4310 ἀναισχυντίας

283 4324 460 4387 διδοὺς
489 4323 587 4392 τὴν
611 4321 785 4391 τομήν
817 4337 832 4350 ο
882 4320 978 4372 καὶ
1009 4319 1130 4371 ούδέ
1157 4320 1474 4391 ἀμάρτυρον
1506 4323 1674 4394 αὐτὴν
1704 4325 1871 4394 ἀφίη-

286 4426 376 4462 σιν
395 4449 410 4473 ,
460 4405 574 4460 ἀλλ’
605 4405 844 4475 ἐλέγχοις
872 4401 1041 4473 αὐτὴν
1072 4405 1487 4469 κατασκευάζει.
1538 4408 1610 4460 Τὸ
1636 4409 1745 4479 γὰρ
1775 4426 1873 4478 φο-

285 4491 464 4546 νεύειν
482 4501 532 4552 ο,
569 4488 724 4561 φησὶ,
752 4487 852 4557 τῆς
885 4486 1091 4540 ἐκείνου
1127 4487 1323 4550 κακίας
1353 4489 1487 4540 ἐστί.
1523 4491 1633 4543 Καὶ
1662 4492 1763 4545 οὐκ
1791 4487 1870 4545 εἷο

284 4591 388 4627 πεν
420 4573 624 4637 ἀπλῶς,
657 4573 726 4625 τὰ
761 4571 918 4642 ἔργα,
963 4571 1118 4634 ἀλλὰ,
1174 4571 1285 4638 Τὰς
1323 4571 1640 4642 ἐπιθυμίας
1680 4577 1870 4631 αὐτοῦ

284 4658 544 4723 ποιεῖτε,
595 4657 809 4719 δεικνὺς
861 4657 944 4709 ὅτι
994 4656 1240 4726 σφοδρῶς
1285 4657 1534 4722 κάκεῖνος
1579 4659 1673 4711 καὶ
1723 4654 1870 4714 οῦτοι

284 4743 463 4810 φόνων
489 4738 766 4812 έχοπαιά,
789 4739 884 4792 καὶ
901 4741 984 4793 ὅτι
1017 4739 1207 4807 φθόνος
1236 4734 1304 4808 ἦν
1338 4741 1371 4810 ή
1406 4741 1573 4794 αἰτία.
1609 4741 1740 4796 Οὺδέ
1763 4745 1870 4816 γὰρ

284 4825 426 4894 ἔχων
448 4842 501 4878 τι
529 4823 606 4894 τῷ
639 4825 809 4894 Ἀδὰμ
837 4821 1107 4891 ἐγκαλεῖν,
1140 4821 1253 4874 ἀλλ’
1283 4823 1316 4892 ἢ
1345 4823 1652 4892 βασκαίνων
1685 4825 1865 4894 μόνον,

284 4908 484 4962 ἀνεῖλε.
511 4907 682 4960 Τοῦτο
712 4902 806 4960 οὖν
831 4909 927 4960 καὶ
953 4903 1188 4958 ἐνταῦθα
1216 4905 1531 4958 αἰνίττεται.
1563 4908 1671 4960 Καὶ
1702 4908 1772 4962 ἐν
1794 4909 1870 4979 τῇ

281 4991 537 5058 ἀληθείᾳ
563 4992 674 5057 οὐχ
703 4989 942 5056 ἔστηκεο
989 4987 1268 5041 τουτέστιν
1287 5028 1301 5052 ,
1335 4987 1487 5061 [519]
1516 4993 1574 5043 ἐν
1614 4991 1693 5062 τῷ
1724 4994 1870 5065 ὀρθῷ

285 5075 408 5146 βίῳ.
441 5074 660 5144 Ἐπειδὴ
693 5074 801 5144 γὰρ
832 5071 1068 5142 συνεχῶς
1100 5072 1265 5126 αὑτοῦ
1287 5075 1649 5145 κατηγόρουν,
1695 5078 1776 5130 ὅτι
1805 5079 1872 5132 ἐκ

283 5160 382 5214 τοῦ
416 5159 549 5212 Θεοῦ
587 5161 688 5212 οὐκ
712 5158 848 5220 ἐστι,
868 5158 1019 5225 λέγει
1051 5158 1132 5210 ὅτι
1158 5158 1254 5210 καὶ
1284 5158 1440 5211 τοῦτο
1462 5159 1672 5212 ἐκεῖθέν
1696 5162 1864 5216 ἐστιν.

296 5245 533 5306 Ἐκεῖνος
560 5241 669 5310 γὰρ
701 5240 853 5293 ἔτεκε
883 5241 944 5293 τὸ
967 5239 1158 5308 ψεῦδος
1185 5239 1418 5310 πρῶτος,
1450 5240 1620 5308 λέγων
1639 5259 1654 5273 ·
1684 5238 1769 5314 ⁷ῌ
1792 5243 1869 5297 ἂν

281 5329 476 5395 ἡμέρᾳ
527 5324 788 5394 φάγητε,
841 5322 1366 5392 διανοιχθήσονται
1425 5325 1594 5392 ὑμῶν
1654 5330 1709 5381 οί
1757 5330 1866 5398 όφ-

281 5410 521 5478 θαλμοί.
558 5409 668 5461 Καὶ
697 5409 858 5471 αὐτὸς
886 5407 1033 5479 αὐτῷ
1060 5407 1275 5478 πρῶτος
1304 5409 1592 5479 ἐχρήσατο.
1619 5411 1865 5482 ’Ἀνθρω-

281 5509 378 5546 ποι
415 5493 512 5562 μὲν
535 5491 644 5562 γὰρ
669 5493 766 5561 οὐχ
790 5490 864 5554 ὡς
898 5490 1012 5560 ἰδίῳ
1045 5488 1196 5559 αὐτῷ
1239 5489 1494 5560 χρῶνται,
1527 5491 1639 5542 ἀλλ’
1665 5493 1739 5556 ὡς
1769 5495 1865 5546 ἀλ-

280 5575 514 5646 λοτρίῳ·
568 5571 720 5638 οὗτος
766 5575 824 5627 δὲ
870 5573 945 5637 ὼς
987 5574 1119 5644 ίδίῳ.
1168 5572 1308 5642 Ἐγὼ
1345 5573 1412 5626 δὲ
1449 5573 1537 5626 ὅτι
1579 5577 1868 5642 ἀλήθειαν

279 5659 470 5728 λέγω,
513 5662 585 5714 οὺ
631 5657 946 5713 πιστεύετέ
983 5677 1106 5729 μοι.
1169 5659 1305 5711 Ποία
1348 5656 1488 5728 αῦτη
1536 5659 1863 5729 ἀκολουθίας

282 5743 454 5798 Οὐδὲν
493 5744 872 5812 ἐγκαλοῦντες,
913 5745 1121 5798 ἀνελεῖν
1162 5761 1230 5815 με
1259 5745 1460 5799 θέλετε.
1507 5745 1724 5818 Ἐπειδὴ
1758 5747 1866 5820 γὰρ

282 5828 471 5899 ἐχθροί
521 5831 644 5882 ἐστε
690 5829 791 5901 τῆς
834 5829 1120 5900 ἀληθείας,
1162 5830 1253 5884 διὰ
1298 5829 1459 5884 τοῦτό
1508 5831 1875 5902 μεδιώιιιετε.⁸

349 5940 388 6006 ⁸-
431 5939 908 6006 Ἑποιεῖτεμᾶνβενίι.
1030 5940 1235 6002 Quidam
1268 5942 1454 5994 habent
1478 5943 1651 6006 μεῖζον.
1721 5948 1743 5978 ⁸
1769 5945 1869 5998 Alii

288 6004 447 6064 φσθᾴν.
517 6003 543 6040 ‘1
577 6003 678 6053 Alii
711 6002 844 6052 οὗτοι
871 6004 1068 6066 φονῶσι.

1273 356 1344 413 IN
1382 356 1701 413 JOANNEM
1743 355 1989 414 HOMIL.
2027 356 2165 415 LIV.
2202 361 2276 416 al.
2318 360 2452 418 LIII.

3466 371 3573 427 ὅθί)

1996 476 2150 532 Ἐπεὶ⁸
2177 483 2228 534 εί
2271 481 2345 552 μὴ
2373 481 2462 535 διὰ
2487 481 2668 547 τοῦτο,
2713 483 2900 536 εἴπατε
2937 483 2995 537 τὸ
3022 484 3293 555 ἔγκλημα.
3339 485 3436 538 Διά
3466 490 3576 556 γὰρ

1983 560 2140 615 τοῦτο
2165 563 2412 634 ἐπήγαγε
2437 583 2451 598 ο
2487 567 2587 632 Τίς
2599 567 2668 630 ἐξ
2694 565 2861 636 ὑμῶν
2883 568 3114 638 ἐλέγξει
3131 586 3208 637 με
3230 570 3363 638 περὶ
3387 570 3574 637 ἀμαρ-

1984 647 2154 713 τίας;
2202 645 2335 703 Εἶτα
2365 651 2590 704 ἐκεῖνοιο
2632 651 2829 720 Ἡμεῖς
2854 653 2922 706 ἐκ
2955 653 3238 720 πορνείας
3267 656 3338 708 οὐ
3369 671 3574 723 γεγεν-

1979 731 2223 802 νήμεθα.
2261 735 2371 787 Καὶ
2403 734 2508 806 μὴν
2545 737 2608 789 ἐκ
2637 736 2892 808 πορνείας
2935 737 3302 810 ἐγεννήθησαν
3344 739 3528 791 πολλοί
3557 757 3569 768 ·

1979 818 2073 868 καὶ
2101 817 2209 888 γὰρ
2241 821 2301 871 ού
2341 819 2721 889 προσηκούσας
2752 821 3032 892 ἐπιμιξίας
3077 822 3357 876 ἐποιοῦντο
3384 841 3397 854 ’
3454 823 3570 876 ἀλλ’

1963 900 2095 954 οὐδὲ
2116 900 2272 954 τοῦτο
2297 902 2528 973 ἐλέγχει,
2553 905 2686 958 ἀλλά
2715 907 2850 976 πρὸς
2870 908 3047 961 ἐκεῖνο
3076 908 3310 962 ἵσταται.
3351 907 3570 978 Ἐπειδὴ

1988 983 2085 1054 γὰρ
2103 983 2299 1048 ἔδειξεν
2320 987 2418 1038 οὑκ
2435 987 2594 1052 ὄντας
2612 991 2672 1041 ἐκ
2691 987 2783 1041 τοῦ
2801 989 2958 1055 Θεοῦ,
2979 990 3092 1043 ἀλλ’
3109 992 3174 1044 ἐκ
3187 990 3281 1043 τοῦ
3300 990 3568 1052 διαϐόλου,

1977 1067 2042 1119 ἐκ
2068 1066 2272 1122 τούτων
2304 1070 2558 1122 ἀπάντων
2586 1073 2703 1139 (καὶ
2729 1073 2837 1142 γὰρ
2875 1073 2935 1125 τὸ
2976 1073 3222 1141 φονεύειν
3244 1074 3568 1136 διαϐολικὸν,

1977 1151 2071 1203 καὶ
2091 1152 2150 1203 τὸ
2173 1151 2460 1219 ψεύδεσθαι
2477 1154 2802 1208 διαϐολικόνο
2825 1157 2968 1225 άπερ
2985 1157 3269 1226 ἀμφότερα
3285 1158 3441 1226 ὑμεῖς
3461 1175 3574 1227 1:0:-

1977 1233 2110 1302 εἴτε)
2141 1235 2409 1290 δείκνυσιν
2425 1239 2505 1291 ὅτι
2535 1239 2596 1292 τὸ
2610 1240 2849 1310 ἀγαπᾷν,
2867 1240 3024 1293 τοῦτο
3060 1245 3284 1310 σημεῖον
3307 1241 3368 1293 τὸ
3396 1245 3458 1294 ἐκ
3477 1242 3571 1294 τοῦ

1976 1319 2110 1372 Θεοῦ
2140 1318 2299 1375 εἶναι.
2326 1324 2488 1375 Διατί
2516 1326 2626 1377 οὐκ
2647 1325 2846 1378 οἴδατε
2878 1324 2992 1392 τὴν
3015 1326 3234 1380 λαλιὰν
3253 1325 3368 1392 τὴν
3381 1325 3572 1393 ἐμήν;

1990 1401 2210 1474 Ἐπειδὴ
2228 1404 2338 1474 γὰρ
2355 1406 2440 1457 ἀεὶ
2459 1407 2697 1476 ἠπόρουν
2712 1408 2979 1475 λέγοντες·
3006 1409 3066 1462 Τί
3080 1408 3252 1461 ἐστιν
3267 1407 3301 1461 ὅ
3315 1426 3367 1461 τι
3383 1409 3568 1476 λέγει,

1983 1489 2172 1540 Ὅπου
2215 1486 2329 1556 ἐγὼ
2356 1488 2583 1557 ὑπάγω,
2624 1491 2795 1558 ὑμεῖς
2821 1493 2892 1544 οὺ
2920 1491 3185 1545 δύνασθε
3222 1492 3459 1555 ἐλθεῖν;
3483 1492 3572 1544 διὸ⁴

1976 1569 2133 1623 τοῦτό
2168 1590 2362 1642 φησιν’
2403 1576 2525 1627 Οὐκ
2553 1575 2752 1628 οἴδατε
2768 1575 2883 1642 τὴν
2899 1577 3054 1644 ἐμὴν
3081 1576 3323 1644 λαλιὰν,
3355 1578 3444 1630 ὅτι
3465 1579 3572 1629 τὸν

1974 1655 2161 1722 λόγον
2199 1656 2306 1708 τοῦ
2347 1657 2495 1710 Θεοῦ
2531 1660 2641 1712 οὐκ
2679 1661 2867 1726 ἔχετε.
2920 1660 3089 1713 Τοῦτο
3119 1662 3175 1713 δέ
3204 1661 3331 1731 ὑμῖν
3361 1662 3571 1728 γίνεται

1975 1737 2064 1790 διὰ
2090 1737 2149 1791 τὸ
2178 1739 2517 1810 χαμαίζηλον
2550 1741 2650 1808 τῆς
2679 1742 2935 1805 διανοίας.
2970 1743 3064 1795 καὶ
3086 1743 3174 1796 διὰ
3197 1743 3259 1796 τὸ
3281 1742 3414 1796 πολὺ
3454 1745 3572 1813 μεί-

1977 1822 2105 1885 ζονα
2142 1817 2280 1874 εἶναι
2305 1822 2372 1874 τά
2414 1824 2539 1893 ἐμά.
2584 1823 2648 1876 Τί
2673 1820 2786 1887 οὖν,
2828 1826 2875 1876 εἰ
2912 1825 2985 1894 μὴ
3009 1825 3256 1878 δύναιντο
3294 1825 3568 1889 συνιδεῖν;

1990 1904 2252 1957 Ἐνταῦθα
2275 1905 2335 1957 τὸ
2362 1907 2434 1975 μὴ
2465 1906 2750 1968 δύνασθαι,
2777 1907 2838 1960 τὸ
2868 1907 2940 1978 μὴ
2973 1907 3254 1977 βούλεσθαί
3290 1911 3456 1972 ἐστιν,
3489 1910 3572 1961 ὅτι

1976 1989 2266 2052 ταπεινοὺς
2297 1991 2522 2054 ἑαυτοὺς
2552 1987 2690 2044 εἶναι
2727 1991 3104 2057 ἐπαιδεύσατε,
3135 1993 3215 2044 ὃτι
3245 1991 3398 2044 οὐδὲν
3429 1994 3572 2060 μέγα

1977 2072 2333 2138 φαντάζεσθε.
2398 2075 2612 2144 Ἐπειδὴ
2661 2075 2769 2144 γὰρ
2813 2075 2998 2142 ἔλεγον
3039 2075 3254 2128 διώκειν
3299 2075 3461 2129 αὑτὸν
3496 2077 3573 2141 ὡς

1979 2158 2119 2229 ὑπὲρ
2145 2157 2237 2210 τοῦ
2261 2156 2394 2210 Θεοῦ
2423 2157 2733 2227 ζηλοῦντες,
2761 2158 2849 2211 διὰ
2882 2159 3042 2212 τοῦτο
3067 2158 3342 2229 πανταχοῦ
3377 2162 3572 2230 πειρᾶ-

1976 2260 2064 2295 ται
2098 2241 2300 2307 δεῖξαι,
2350 2243 2431 2295 ὅτι
2475 2242 2534 2295 τὸ
2581 2242 2798 2296 διώκειν
2848 2243 3030 2302 αὑτὸν,
3081 2242 3235 2296 τοῦτο
3271 2242 3574 2312 μισούντων

1977 2327 2091 2376 ἐστὶ
2119 2324 2211 2378 τὸν
2241 2325 2371 2378 Θεόν
2400 2343 2412 2356 ·
2464 2325 2772 2379 τούναντίον
2800 2326 2857 2378 δὲ
2901 2327 2964 2379 τὸ
2993 2327 3213 2396 ἀγαπᾷν
3240 2325 3456 2378 εἰδότων
3480 2325 3573 2378 τὸν

1976 2408 2128 2470 Θεὸν,
2157 2408 2342 2478 φησίν.
2389 2409 2537 2461 Ἕνα
2565 2409 2794 2476 Πατέρα
2818 2409 3058 2477 ἔχομεν,
3098 2408 3206 2461 τὸν
3232 2408 3398 2462 Θεόν.
3441 2407 3574 2461 Ἀπὸ

1976 2490 2181 2543 τούτων
2215 2490 2586 2560 σεμνύνονται,
2641 2491 2748 2545 ἀπὸ
2780 2495 2968 2562 τιμῆς,
3015 2492 3114 2544 οὐκ
3153 2491 3260 2545 ἀπὸ
3291 2491 3572 2562 κατορθω-

1979 2574 2184 2642 μάτων.
2233 2575 2348 2627 Οὐκ
2381 2575 2491 2644 ἄρα
2518 2573 2611 2626 τοῦ
2643 2575 2921 2644 ἀλλότριόν
2953 2591 3021 2644 με
3058 2570 3218 2639 εἶναι,
3269 2575 3330 2626 τὸ
3367 2574 3441 2644 μὴ
3471 2591 3568 2628 πι-

1977 2658 2189 2712 στεύειν
2223 2659 2368 2728 ὐμᾶς
2391 2661 2693 2730 τεκμήριον
2718 2676 2732 2690 ο
2780 2659 2916 2712 ἀλλὰ
2952 2661 3046 2712 τοῦ
3080 2659 3224 2728 ὑμᾶς
3263 2659 3336 2728 μὴ
3372 2658 3572 2711 εἰδέναι

1985 2742 2064 2794 τὸν
2092 2741 2245 2804 Θεὸν,
2295 2742 2329 2812 ή
2375 2743 2605 2796 ἀπιστία
2637 2746 2880 2812 σημεῖον.
2933 2743 3005 2794 Τὸ
3049 2743 3106 2796 δὲ
3151 2743 3346 2805 αἴτιον,
3380 2745 3442 2794 ἐκ
3473 2742 3570 2795 τοῦ

1977 2824 2151 2877 θέλειν
2197 2824 2487 2892 ψεύδεσθαι
2532 2827 2626 2880 καὶ
2666 2827 2735 2880 τά
2764 2826 2856 2878 τοῦ
2891 2826 3135 2879 διαϐόλου
3168 2829 3362 2878 ποιεῖν.
3401 2824 3572 2877 Τοῦτο

1973 2908 2030 2961 δέ
2079 2911 2226 2960 ποιεῖ
2271 2907 2448 2980 ψυχῆς
2511 2909 2797 2972 εὐτέλεια,
2856 2909 3110 2980 καθάπερ
3159 2911 3186 2962 ὁ
3245 2909 3567 2970 Ἀπόστολός

1973 3007 2174 3062 φησιν·
2227 2993 2420 3046 Ὅπου
2461 2993 2572 3061 γὰρ
2613 2993 2682 3045 ἐν
2717 2991 2859 3061 ὑμῖν
2898 2994 3022 3059 ἔρις
3052 2992 3150 3045 καὶ
3192 2991 3392 3059 ζῆλος,
3431 2991 3566 3059 οὐχὶ

1973 3075 2252 3141 σαρκικοί
2275 3076 2418 3129 ἐστε
2443 3092 2459 3139 ;
2489 3077 2640 3130 Διατί
2673 3077 2730 3128 δέ
2758 3077 2816 3130 ού
2850 3075 3117 3143 δύνασθε;
3153 3076 3284 3129 Ὅτι
3316 3077 3420 3141 τὰς
3443 3077 3570 3129 ἐπι-

1974 3159 2190 3228 θυμίας
2227 3159 2332 3212 τοῦ
2369 3160 2594 3228 πατρὸς
2629 3159 2796 3229 ὑμῶν
2831 3159 3035 3214 θέλετε
3072 3158 3288 3226 ποιεῖν,
3331 3158 3568 3212 σπουδά-

1973 3241 2118 3305 ζετε,
2154 3243 2508 3310 φιλονεικεῖτε
2523 3284 2536 3297 .
3192 3271 3196 3276 ι

2055 3328 2216 3397 ὐρᾷς
2248 3327 2441 3389 ὅτιτὸ,
2489 3328 2570 3380 Οὐ
2613 3326 2898 3390 δύνασθε,
2933 3326 2994 3380 τὸ
3035 3325 3110 3396 μὴ
3161 3325 3334 3378 θέλειν
3376 3324 3563 3391 λέγει;

1975 3407 2098 3460 Ὀτι
2132 3407 2379 3476 Ἀϐραὰμ
2409 3406 2582 3460 τοῦτο
2601 3411 2712 3460 οὐκ
2736 3410 3046 3473 ἐποίησεν.
3087 3405 3248 3458 Ἀλλά
3271 3407 3391 3458 τίνα
3419 3405 3568 3458 ἐστὶν

1973 3485 2138 3538 αὑτοῦ
2163 3485 2228 3537 τά
2251 3485 2385 3555 ἔργα
2407 3502 2421 3549 ;
2450 3485 2522 3537 Τὸ
2550 3486 2776 3556 ἥμερον,
2797 3487 2857 3539 τὸ
2883 3484 3143 3547 ἐπιεικὲς,
3174 3483 3234 3536 τὸ
3261 3485 3563 3553 πειθήνιον.

1985 3565 2173 3632 Ὑμεῖς
2219 3563 2276 3614 δέ
2327 3563 2386 3627 ἐξ
2436 3566 2681 3627 ἐναντίας
2717 3565 2975 3627 ἵστασθε,
3025 3565 3252 3632 ἀπηνεῖς
3286 3564 3436 3625 ὄντες
3470 3564 3566 3615 καὶ

1971 3642 2134 3711 ὠμοί.
2173 3642 2342 3693 Πόθεν
2384 3642 2442 3694 δέ
2489 3643 2669 3703 αὐτοῖς
2712 3641 2943 3710 ἐπῆλθεν
2976 3641 3068 3692 ἐπὶ
3096 3641 3186 3692 τὸν
3213 3641 3346 3692 Θεὸν
3390 3657 3563 3692 κατα-

1976 3723 2193 3787 φυγείνς
2247 3719 2522 3782 Ἀναξίους
2555 3719 2750 3781 αὐτοὺς
2786 3719 2951 3784 ἔδειξε
2982 3717 3076 3770 τοῦ
3123 3719 3394 3788 Ἀϐραάμ.
3435 3719 3566 3770 Βου-

1973 3799 2187 3867 λὸμενοι
2216 3795 2308 3851 οὖν
2335 3797 2492 3851 τοῦτο
2517 3799 2818 3865 διαφυγεῖν,
2850 3799 2942 3850 ἐπὶ
2965 3797 3025 3848 τὸ
3055 3797 3240 3866 μεῖζον
3266 3799 3561 3868 ἀνέϐησαν.

1985 3877 2202 3948 Ἐπειδὴ
2237 3879 2346 3948 γὰρ
2379 3877 2621 3930 ὠνείδισε
2655 3877 2849 3945 φόνον,
2895 3875 3084 3947 ὥσπερ
3113 3876 3407 3944 ἀπολογίαν
3441 3875 3566 3928 τινὰ

1892 3973 1894 3976 '
1973 3958 2287 4027 ποιούμενοι
2331 3958 2412 4009 ὅτι
2458 3957 2546 4010 τὸν
2591 3957 2722 4009 Θεὸν
2767 3955 3068 4018 ἐκδικοῦσι,
3118 3956 3276 4009 τοῦτο
3323 3956 3560 4022 λέγουσι.

1972 4039 2255 4090 Δείκνυσιν
2297 4033 2390 4089 οὖν
2418 4037 2496 4089 ὅτι
2528 4036 2685 4090 τοῦτο
2716 4037 2846 4089 αὐτὸ
2886 4037 3312 4108 ἐναντιουμένων
3347 4036 3460 4089 ἐστὶ
3486 4036 3564 4108 τῷ

1973 4115 2110 4183 Θεῷ.
2139 4115 2212 4166 Τὸ
2238 4115 2314 4178 δὲ,
2355 4115 2672 4182 Ἐξῆλθον,
2701 4114 2969 4167 δείκνυσιν
2995 4115 3155 4167 αὑτὸν
3178 4114 3384 4168 ἐκεῖθεν
3413 4115 3561 4169 ὄντα.

1985 4193 2276 4260 Ἐξῆλθον
2307 4193 2361 4244 δέ
2393 4192 2560 4260 λέγει,
2593 4193 2692 4262 τὴν
2722 4193 2859 4263 πρὸς
2901 4195 3049 4262 ἡμᾶς
3097 4193 3282 4262 ἄφιξιν
3328 4194 3563 4246 αἰνιττό-

1975 4289 2151 4340 μενος.
2186 4270 2403 4341 Ἐπειδὴ
2431 4270 2484 4323 δέ
2519 4271 2663 4333 εἰκὸς
2680 4267 2747 4340 ἦν
2769 4271 2964 4334 αὐτοὺς
2984 4273 3177 4334 εἰπεῖν,
3196 4274 3276 4325 ὅτι
3292 4271 3427 4324 Ξένα
3443 4273 3563 4326 τινὰ

1970 4351 2148 4418 λέγεις
2176 4350 2270 4402 καὶ
2305 4350 2466 4402 καινά
2487 4361 2530 4411 θ,
2562 4349 2711 4421 [520}
2740 4351 2889 4421 παρὰ
2916 4350 3010 4403 τοῦ
3043 4351 3176 4404 Θεοῦ
3203 4369 3364 4421 φησιν
3383 4353 3560 4422 ήκειν.

1971 4431 2208 4491 Εἰκότως
2240 4425 2332 4482 οῦν
2365 4431 2465 4483 οὐκ
2497 4430 2718 4482 ἀκούετε
2752 4429 2951 4490 αὐτῶν,
2998 4431 3184 4501 φησὶν,
3227 4433 3292 4482 ἐκ
3318 4431 3411 4482 τοῦ
3441 4430 3560 4484 δια-

1970 4511 2126 4562 ϐόλου
2153 4508 2325 4571 ὄντες.
2359 4509 2515 4571 Τίνος
2543 4510 2652 4578 γάρ
2680 4509 2865 4562 ἕνεκεν
2899 4511 3174 4577 ἀναιρεῖτε
3201 4528 3214 4570 ς
3266 4509 3317 4562 τί
3343 4510 3560 4580 ἔχοντες

1970 4588 2293 4656 ἐγκαλέσαι;
2326 4589 2388 4640 EE
2417 4588 2490 4658 μὴ
2519 4587 2676 4641 τοῦτό
2701 4591 2838 4652 ἐστι,
2865 4589 3004 4643 διατί
3028 4591 3086 4642 ού
3118 4590 3402 4642 πιστεύετέ
3434 4606 3556 4660 μοι;

1971 4667 2157 4730 Οὕτως
2187 4663 2281 4720 οὖν
2327 4668 2524 4728 αὐτοὺς
2570 4667 2728 4730 ὄντας
2773 4669 2836 4721 ἐκ
2883 4669 2978 4722 τοῦ
3023 4670 3268 4723 διαϐόλου
3321 4669 3428 4722 ἀπὸ
3463 4669 3560 4722 τοῦ

1968 4747 2198 4818 ψεύδους
2231 4745 2326 4798 καὶ
2369 4746 2462 4798 τοῦ
2504 4747 2663 4814 φόνου
2701 4747 2899 4813 δείξας,
2933 4747 3098 4814 έδειξε
3128 4750 3220 4801 καὶ
3246 4747 3561 4819 ἀλλοτρίους

1969 4826 2128 4883 ὄντας
2165 4825 2260 4877 τοῦ
2300 4823 2552 4894 Ἀϐραὰμ
2583 4827 2675 4878 καὶ
2704 4827 2797 4878 τοῦ
2827 4826 2984 4891 Θεοῦ,
3017 4827 3124 4879 ἀπό
3150 4844 3209 4878 τε
3238 4827 3333 4880 τοῦ
3381 4830 3562 4898 μισεῖν

1969 4905 2060 4956 τὸν
2082 4904 2232 4955 οὐδὲν
2257 4903 2572 4973 ἠδικηκότα,
2599 4905 2706 4957 ἀπό
2729 4923 2788 4958 τε
2817 4905 2912 4959 τοῦ
2945 4905 3018 4977 μὴ
3040 4907 3258 4960 ἀκούειν
3287 4907 3376 4962 τὸν
3401 4907 3560 4975 λόγον

1969 4981 2156 5035 αὑτοῦ.
2189 4982 2298 5034 Καὶ
2327 4983 2598 5036 δείκνυσιν
2619 4983 2729 5037 ἄνω
2755 4985 2848 5038 καὶ
2869 4986 3040 5048 κάτω,
3060 4988 3141 5039 ὅτι
3166 4985 3288 5040 οῦτε
3315 4986 3558 5048 ἀντίθεος

1969 5055 2057 5128 ἦν,
2088 5058 2212 5112 οὔτε
2247 5059 2334 5112 διὰ
2367 5060 2528 5112 τοῦτο
2565 5061 2666 5113 ούκ
2696 5060 2997 5127 ἐπίστευον,
3039 5064 3154 5116 ἀλλ’
3179 5065 3261 5117 ὅτι
3291 5064 3560 5134 ἀλλότριοι

1969 5137 2108 5208 ἦσαν
2153 5139 2245 5191 τοῦ
2292 5139 2446 5190 Θεοῦ.
2510 5139 2566 5192 Ὀ
2597 5140 2705 5209 γὰρ
2741 5141 3013 5210 ἁμαρτίαν
3047 5143 3120 5214 μὴ
3167 5148 3496 5216 πεποιηκὼς.
3530 5148 3560 5200 ὁ

1970 5219 2142 5287 λέγων
2186 5219 2379 5271 ἐαυτὸν
2414 5220 2569 5288 ἣκειν
2604 5219 2712 5271 ἀπὸ
2751 5219 2843 5272 τοῦ
2887 5221 3042 5286 Θεοῦ,
3088 5224 3181 5276 καὶ
3209 5226 3417 5278 ἐκεῖθεν
3452 5231 3555 5280 ἀπ-

1969 5298 2244 5360 εστάλθαι,
2295 5299 2323 5350 ὁ
2349 5299 2450 5368 τὴν
2475 5299 2732 5370 ἀλήθειαν
2775 5299 2970 5362 λαλῶν,
3014 5303 3107 5355 καὶ
3137 5303 3277 5354 οὕτω
3303 5304 3399 5372 τὴν
3427 5306 3560 5374 ἀλή-

1969 5377 2121 5430 θειαν
2147 5377 2346 5441 λαλῶν,
2369 5378 2444 5442 ὡς
2473 5379 2680 5442 πάντας
2705 5379 2843 5449 πρὸς
2865 5379 3086 5450 ἔλεγχον
3115 5384 3556 5451 προσκαλεῖσθαι,

1968 5453 2087 5508 εἶτα
2121 5457 2195 5526 μὴ
2228 5459 2648 5533 πιστευόμενος,
2691 5458 2912 5530 εὔδηλον
2949 5461 3031 5512 ὅτι
3059 5459 3144 5512 διὰ
3170 5461 3228 5512 τὸ
3265 5467 3558 5533 σαρκικοῦς

1969 5535 2210 5598 ἐκείνους
2239 5529 2374 5588 εἶναι
2403 5537 2462 5589 ού
2497 5529 2834 5590 πιστεύεται.
2863 5533 2982 5591 Οἵδε
3003 5539 3132 5607 γὰρ,
3163 5533 3273 5590 οἶδε·
3298 5529 3561 5611 ταπεινὴν

1967 5611 2147 5682 ψυχὴν
2181 5616 2353 5666 ποιεῖν
2387 5615 2781 5688 ἁμαρτήματα.
2824 5617 2922 5669 Διὰ
2964 5617 3120 5669 τοῦτό
3163 5634 3358 5688 φησιν,
3399 5621 3556 5673 Ἐπεὶ

1969 5690 2183 5771 νωθροὶ
2233 5693 2517 5761 γεγόνατε
2565 5695 2695 5761 ταῖς
2741 5695 2952 5760 ἀκοαῖς
2997 5694 3182 5765 ὑμῶν.
3239 5696 3409 5752 Ὅταν
3449 5700 3558 5771 γὲιρ

1969 5769 2080 5822 τῶν
2109 5771 2166 5823 ἐν
2191 5773 2255 5840 τῇ
2283 5773 2352 5841 γῇ
2383 5777 2740 5844 καταφρονεῖν
2774 5777 2848 5847 μὴ
2873 5775 3096 5846 δύνηταί
3126 5793 3230 5841 τις,
3265 5776 3382 5841 πῶς
3417 5769 3558 5849 ὑπὲρ

1972 5852 2080 5905 τῶν
2114 5854 2171 5904 ἐν
2198 5853 2441 5922 οὐρανοῖς
2472 5855 2823 5927 φιλοσοφήσει
2860 5857 3026 5924 ποτέ;

2033 5951 2052 6020 _'
2078 5949 2253 6020 Mog-fl;
2286 5951 2368 5998 καὶ
2401 5953 2531 6020 κενά.
2557 5952 2745 6020 Ibidem
2765 5955 2962 6019 quidam
2988 5955 3176 6008 habent
3207 5960 3354 6019 ἥκειν,
3379 5961 3432 6006 ul
3464 5954 3555 6006 Sa-

1981 6012 2065 6060 vil.
2086 6024 2099 6070 ;
2121 6012 2204 6061 alii
2226 6012 2353 6073 ἥκει,
2380 6023 2433 6064 ul
2458 6014 2633 6065 Morel.
