4084 6360
482 340 586 397 301

554 454 616 507 δ’.
659 452 755 506 Διὰ
783 451 959 515 τοῦτο,
992 451 1314 522 παρακαλῶ,
1339 451 1517 506 πάντα
1547 448 1898 520 πηοάττωμεν,
1927 448 2070 502 ὥστε

482 539 575 592 τὸν
603 538 716 608 βίον
747 535 907 608 ήμῶν
943 535 1375 606 κατορθωθῆναι,
1423 534 1565 587 ὥστε
1599 533 1935 607 καθαρθῆναι
1970 533 2070 604 τὴν

482 623 758 684 διάνοιαν,
811 619 952 672 ὥστε
1004 618 1169 690 μηδὲν
1207 619 1340 690 ἡμῖν
1387 616 1630 690 ῥυπαρὸν
1663 617 1916 686 γενέσθαι
1957 614 2071 670 κὼ-

483 705 651 776 λυμα.
703 704 978 760 Φωτίσατε
1009 703 1119 774 γὰρ
1160 703 1377 766 ἑαυτοῖς
1407 702 1525 771 φῶς
1558 701 1832 768 γνώσεως,
1869 701 1964 754 καὶ
1995 699 2070 771 μὴ

485 790 745 860 σπείρητε
795 789 883 841 ἐπ’
930 787 1214 851 ἀκάνθαις.
1278 788 1338 841 Ὀ
1388 787 1498 858 γὰρ
1546 787 1621 859 μὴ
1671 785 1826 850 εἰδὼς
1874 787 1958 839 δτι
2008 785 2071 838 τὸ

483 875 828 930 πλεονεκτεῖν
878 873 1048 927 κακὸν
1073 912 1089 936 ,
1138 873 1272 926 πότε
1322 873 1528 926 εἵσεται
1560 871 1620 926 τὸ
1670 870 1884 942 μεῖζον;
1935 872 1965 924 6
1996 869 2069 942 μὴ

481 959 822 1029 ἀπεχόμενος
846 957 1071 1017 τούτων,
1113 958 1242 1010 πότε
1273 957 1496 1010 ἐκείνων
1521 954 1801 1020 ἀνθέξεται
1826 971 1841 1017 ;
1890 955 2070 1008 Καλὸν

481 1045 544 1099 τὸ
575 1045 884 1115 ἁρπάζειν,
937 1044 1052 1097 ἀλλ’
1083 1044 1206 1114 οὐχὶ
1253 1044 1324 1096 τὰ
1363 1041 1728 1112 ἀπολλύμενα,
1781 1039 1919 1094 ἀλλά
1971 1040 2070 1110 τὴν

484 1131 764 1202 βασιλείαν
791 1131 900 1184 τῶν
931 1129 1196 1200 οὐρανῶν.
1228 1127 1480 1182 Emam:
1509 1128 1639 1198 γὰρ,
1671 1127 1856 1196 φησὶν,
1882 1123 2072 1192 ἁρπά-

481 1215 690 1278 ζουσι-ν
715 1216 930 1283 αὑτήν.
966 1216 1080 1268 Οὐκ
1109 1215 1218 1286 ἄρα
1245 1214 1382 1284 μετά
1413 1213 1684 1286 ῥᾳθυμίας
1712 1211 1858 1265 ἔστιν
1883 1213 2071 1264 ἐπιτυ-

479 1303 596 1370 χεῖν
621 1300 813 1370 αὐτῆς,
839 1299 976 1353 ἁλλὰ
1005 1302 1141 1370 μετὰ
1171 1299 1425 1368 σπουδῆς.
1453 1298 1517 1351 Τί
1537 1297 1594 1351 δέ
1618 1300 1755 1362 ἐστι,
1785 1296 2035 1351 Βιασταί
2051 1310 2072 1359 ;

485 1384 612 1448 Βίας
647 1384 806 1455 χρεία
840 1383 1041 1454 πολλῆς
1072 1382 1253 1453 (στενὴ
1277 1381 1387 1453 γὰρ
1416 1385 1449 1454 ἡ
1476 1382 1639 1451 ὁδὸς),
1674 1383 1769 1436 καὶ
1814 1380 2070 1450 νεανικῆς

480 1469 563 1522 δεῖ
590 1470 769 1541 ψυχῆς
803 1470 897 1522 καὶ
922 1469 1195 1536 γενναίας.
1239 1470 1299 1521 Oi
1335 1468 1673 1539 ἁρπάζοντες
1702 1467 1909 1530 πάντας
1948 1465 2072 1536 βού-

480 1551 664 1607 λονται
695 1553 986 1624 προλαϐεῖν
1013 1570 1027 1584 ⁸
1069 1553 1208 1625 πρὸς
1227 1553 1379 1606 οὐδὲν
1405 1551 1624 1626 ὁρῶσιν,
1649 1553 1709 1605 οὐ
1737 1553 1870 1623 πρὸς
1901 1552 2072 1606 κατά·

480 1655 704 1706 γνωσιν,
759 1637 818 1690 ού
872 1637 1010 1709 πρὸς
1059 1637 1417 1708 κατηγορίαν,
1465 1637 1527 1690 οὑ
1579 1637 1716 1708 πρὸς
1757 1637 2066 1708 τιμωρίαν·

480 1721 598 1776 ἀλλ’
627 1722 745 1786 ἐνὸς
772 1722 1010 1791 γίνονται
1041 1721 1224 1791 μόνου,
1257 1720 1351 1773 τοῦ
1397 1720 1582 1774 λαϐεῖν
1614 1721 1757 1792 ἆπερ
1788 1719 2071 1790 βούλονται

481 1809 749 1880 ἁρπάσαι,
779 1809 873 1862 καὶ
894 1807 1100 1870 πάντας
1131 1808 1255 1869 τοὺς
1281 1805 1589 1878 ἔμπροσθεν
1611 1805 2065 1876 παρατρέχουσιν.

490 1894 860 1964 Ἀρπάσωμεν
897 1893 1076 1946 τοίνυν
1107 1893 1202 1958 τὴν
1233 1891 1509 1962 βασιλείαν
1540 1891 1650 1944 τῶν
1674 1889 1941 1963 οὐρανῶν.
1992 1889 2068 1943 Οὐ

479 1981 591 2052 γάρ
640 1981 788 2032 ἐστιν
818 1978 1052 2031 ἐνταῦθα
1083 1976 1337 2046 ἔγκλημα
1367 1977 1429 2030 τὸ
1459 1977 1728 2048 ἁρπάσαι,
1765 1976 1879 2029 ἀλλ’
1906 1975 2067 2029 ἔπαι-

480 2083 570 2129 νος
596 2082 611 2098 ⁸
667 2063 919 2133 ἔγκλημα
953 2063 1030 2121 δὲ,
1071 2063 1132 2114 τδ
1168 2062 1241 2132 μὴ
1273 2061 1540 2131 ἁρπάσαι.
1579 2059 1852 2114 Ἐνταῦθα
1876 2059 1937 2112 οὐ
1970 2059 2070 2130 τῆς

482 2149 668 2220 ἐτέρου
704 2147 906 2218 ζημίας
933 2149 962 2199 6
999 2145 1267 2215 ἡμέτερος
1305 2144 1516 2213 γίνεται
1546 2144 1796 2208 πλοῦτος.
1830 2143 2070 2199 Σπουδά-

483 2249 668 2302 σωμεν
710 2229 805 2284 οὖν
852 2230 1022 2300 αὑτὴν
1061 2229 1306 2300 ἁρπάσαι
1331 2246 1344 2259 ⁸
1389 2228 1496 2282 κᾶν
1527 2228 1715 2300 ἐνοχλῇ
1747 2227 1937 2299 θυμὸς,
1966 2228 2070 2281 κᾶν

481 2318 671 2388 ἐνοχλῇ
703 2315 990 2385 ἐπιθυμία,
1029 2314 1343 2384 βιασώμεθα
1369 2313 1470 2384 τὴν
1495 2312 1657 2383 φύσιν
1678 2330 1696 2344 ⁸
1731 2309 2072 2384 ἡμερώτεροι

479 2399 768 2470 γενώμεθα
789 2415 801 2428 ⁸
842 2399 1110 2470 κὰμωμεν
1136 2398 1336 2466 ὀλίγον,
1367 2397 1457 2450 ἵνα
1501 2395 1948 2464 ἀναπαυσώμεθα
1992 2395 2069 2448 δι·

478 2483 823 2556 ηνεκῶς.”Μὴ
849 2483 1102 2555 ἁρπάσῃς
1128 2481 1348 2553 χρυσὸν,
1380 2480 1518 2534 ἀλλά
1548 2480 1797 2552 ἅρπασον
1824 2480 2072 2543 πλοῦτον,

479 2573 574 2624 τὸν
612 2570 870 2642 βόρϐορον
911 2567 1194 2622 δεικνύντα
1234 2567 1326 2621 τὸν
1355 2567 1574 2640 χρυσόν.
1610 2567 1748 2620 Εἰπὲ
1783 2567 1892 2638 γάρ
1942 2583 2032 2636 μοι
2059 2582 2072 2596 ⁸

481 2658 529 2709 εί
565 2657 856 2728 προύκειτο
890 2653 1150 2724 μόλυϐδος
1181 2653 1275 2706 καὶ
1317 2651 1538 2723 χρυσὸς,
1580 2651 1635 2704 τί
1670 2651 1737 2706 ἂν
1779 2652 2073 2723 ἧρπασαςς

1171 333 1232 392 S.
1272 331 1559 390 JOANNIS
1595 325 2095 388 CIIRYSOSTOMI
2132 324 2457 382 ARCIIIEP.
2497 323 3048 382 CONSTANTINOP.

3649 316 3758 372 302

2173 448 2275 500 οὐκ
2305 445 2524 516 εὔδηλον
2549 444 2630 497 ὃτι
2655 442 2746 495 τὸν
2773 439 3008 512 χρυσόν;
3060 433 3194 492 Εἶτα
3226 434 3356 490 ἔνθα
3394 433 3494 506 μὲν
3517 433 3546 486 6
3580 431 3762 504 ἁρπά-

2174 530 2284 596 ζων
2311 530 2618 595 κολάζεται.
2647 527 2710 582 τὸ
2742 525 2926 594 μεῖζον
2949 525 3114 595 τιμᾷς
3135 539 3149 553 ⁸
3199 521 3328 576 ἔνθα
3352 521 3409 573 δὲ
3437 521 3467 572 6
3497 518 3760 589 ἁρπάζων

2172 618 2422 687 τιμᾶται,
2454 613 2719 686 προδίδως
2743 612 2806 666 τὸ
2837 609 3058 683 μεῖζον;
3110 608 3175 661 El
3215 606 3325 687 γάρ
3371 601 3760 687 ἀμφοτέρωθεν

2173 682 2396 764 κόλασις
2525 700 2628 752 οὐκ
2648 697 2713 752 ἂν
2733 682 3007 750 ἐπὶτοῦτο
3035 691 3235 764 μᾶλλον
3257 685 3421 760 ἦλθες
3441 704 3456 753 ;
3493 682 3761 770 Ἐνταῦθα

2172 788 2230 842 δὲ
2255 787 2408 840 οὐδὲν
2434 768 2674 838 τοιοῦτόν
2701 785 2875 845 ἐστιν,
2910 779 3046 834 ἀλλὰ
3076 773 3232 851 [521]
3267 773 3362 827 καὶ
3387 768 3755 843 μακαρισμός.

2171 872 2283 927 Καὶ
2315 870 2434 934 πῶς
2467 869 2614 922 ἔστιν
2664 866 2944 937 ἁρπάσαι,
2992 866 3161 934 φησί;
3218 857 3402 926 Ῥίψον
3443 853 3513 906 τὰ
3541 852 3668 906 ὅντα
3701 853 3758 904 ἐν

2171 956 2381 1026 χερσίν.
2406 955 2552 1016 Ἕως
2574 952 2684 1023 γάρ
2713 951 2779 1005 ἂν
2803 948 2943 1005 αὐτὰ
2966 946 3202 1017 κατέχῃς
3218 955 3266 1007 ι,
3306 942 3487 994 ἐκεῖνα
3511 937 3758 1026 ἁρπάσαι

2170 1022 2486 1111 οἰδ-δυνήσῃ.
2531 1022 2812 1106 Ἐννόησον
2851 1036 2963 1106 γάρ
3011 1049 3099 1103 μοι
3144 1029 3312 1099 ἄνδρα
3357 1023 3622 1111 ἀργυρίου
3661 1022 3760 1111 τᾲς

2171 1125 2358 1196 χεῖρας
2382 1106 2828 1194 πεπληρωμένας
2855 1119 3044 1190 έχοντα
3061 1132 3076 1147 ⁸
3127 1117 3200 1186 μὴ
3232 1113 3549 1196 δυνήσεται,
3563 1106 3760 1196 ἐωςᾼᾶν

2172 1189 2379 1280 κατέχῃ
2414 1189 2600 1272 τοῦτο’,
2648 1189 2912 1278 ἁρπάσαι
2937 1201 3190 1275 χρυσίον,
3239 1197 3333 1251 ἐὰν
3361 1194 3436 1267 μὴ
3470 1189 3762 1280 ρίψλῇμαύτδ

2171 1296 2269 1350 καί⁵
2307 1275 2529 1355 ενδ-λυτος
2556 1275 2822 1362 γένηταις
2869 1288 2972 1341 Τὸν
3019 1286 3128 1357 γὰρ
3174 1281 3486 1354 ἁρπάζοντα
3527 1275 3760 1362 εὔζωνον

2171 1375 2311 1432 εἶναι
2340 1377 2455 1440 δεῖ,
2502 1357 2643 1430 ὥστε
2789 1370 3212 1440 κατασχεθῆναι.
3264 1365 3374 1417 Καὶ
3409 1360 3641 1445 γάρκαὶ
3666 1357 3761 1445 νῦν

2171 1466 2311 1518 εἰσιν
2342 1461 2584 1516 ἐναντίαι
2630 1442 2889 1528 δυνάμεις
2937 1452 3370 1523 κατατρέχουσαι
3421 1444 3616 1518 ἡμῶν,
3672 1442 3760 1494 ἵνα

2172 1550 2498 1620 ἀφέλωνται.
2553 1543 2713 1598 Ἀλλά
2745 1541 3036 1611 φεύγωμεν
3068 1537 3258 1598 αὑτὰς,
3303 1531 3612 1620 φεύγωμεν,
3657 1544 3762 1620 μης

2171 1611 2364 1705 δεμίαν
2395 1630 2779 1702 ἐπισυρόμενοι
2825 1625 2995 1696 λαϐὴν
3043 1621 3261 1688 ἔξωθεν.
3310 1618 3668 1705 Δ-ιατέμωμεν
3692 1611 3762 1705 τά

2178 1695 2407 1788 σχοινία,
2439 1695 2642 1785 γυμνοὶ⁷
2679 1695 2963 1781 γενώμεθα
3005 1707 3113 1761 τῶν
3144 1698 3573 1788 βιωτικῶν-τίς
3601 1695 3761 1788 χρεία

2174 1802 2284 1855 τῶν
2312 1799 2554 1872 σηρικῶν
2589 1778 2855 1866 ἱματίων-ς
2907 1794 3068 1866 μέχρι
3101 1791 3231 1845 πότε
3261 1788 3353 1842 τὸν
3386 1785 3599 1856 γέλωτα
3633 1778 3759 1836 τοῦς

2175 1903 2266 1940 τον
2295 1885 2674 1954 ἁνελίττομεν;
2728 1880 2892 1950 μέχρι
2925 1879 3056 1931 πότε
3092 1876 3154 1930 τὸ
3185 1874 3408 1946 χρυσίον
3439 1867 3763 1940 κατορύττο-

2181 1987 2279 2040 μεν
2307 1985 2323 2033 ;
2365 1949 2698 2036 Ἐϐουλόμην
2727 1949 3039 2017 παύσασθαι
3073 1960 3245 2014 ταῦτα
3285 1959 3459 2026 λέγων
3489 1955 3611 2040 ἀεί·
3646 1949 3761 2040 ἀλλ’

2175 2037 2334 2127 ὑμεῖς
2380 2055 2480 2108 οὑκ
2531 2054 2687 2115 ἐᾶτε,
2733 2050 2818 2104 ἀεί
2865 2067 2954 2120 μοι
2999 2047 3329 2117 παρέχοντες
3371 2039 3628 2127 ἀφορμὰς
3667 2037 3763 2090 καί⁵

2177 2125 2484 2202 ὑποθέσεις.
2515 2135 2676 2190 Ἀλλά
2695 2135 2790 2189 νῦν
2809 2134 2940 2202 γοῦν
2958 2132 3306 2202 ἀποστῶμεν,
3326 2129 3412 2181 ἴνα
3433 2127 3526 2180 καὶ
3544 2125 3764 2194 ἐτέρους

2177 2227 2265 2281 διὰ
2287 2225 2380 2280 τοῦ
2414 2225 2526 2296 βίου
2555 2223 2966 2284 παιδεύσαντες,
2998 2219 3251 2288 τύχωμεν
3274 2214 3385 2268 τῶν
3415 2208 3764 2281 ἐπηγγελμέ-

2175 2330 2284 2368 νων
2332 2295 2586 2380 ἀγαθῶν,
2637 2309 2822 2381 χάριτι
2853 2307 2948 2360 καὶ
2985 2302 3384 2381 φιλανθρωπία-
3411 2297 3505 2353 τοῦ
3555 2295 3761 2381 Κυρίου

2177 2396 2334 2468 ἡμῶν
2376 2378 2552 2467 Ἶησοῦ
2583 2378 2842 2466 Χριστοῦ,
2873 2393 2938 2445 δι’
2965 2383 3025 2442 οῦ
3059 2389 3151 2443 καὶ
3181 2384 3300 2457 μεθ’
3328 2378 3389 2440 οῦ
3422 2382 3500 2468 τῷ
3527 2381 3701 2468 Πατρὶ
3720 2379 3762 2468 ᾃή

2177 2465 2336 2546 δόξα,
2380 2465 2497 2550 ἅμα
2539 2477 2618 2548 τῷ
2641 2465 2797 2548 ἁγίῳ
2835 2473 3132 2544 Πνεύματι,
3167 2471 3261 2524 νῦν
3292 2468 3388 2524 καί¹
3419 2467 3524 2532 ἀεὶ,
3554 2465 3648 2519 καὶ
3685 2466 3766 2525 εἰς

2178 2566 2304 2628 τούς
2335 2563 2536 2626 αἰῶνας
2567 2561 2675 2615 τῶν
2704 2559 2936 2614 αἰώνων.
2982 2557 3176 2628 ’Λμήν.

2245 2680 2270 2708 a
2297 2657 2497 2719 Ᾱιὶἱγάρ
2518 2657 2574 2703 ἂν
2593 2656 2655 2702 τὰ
2667 2653 2880 2718 παρόντα
2895 2652 3117 2714 κατέγῃς.

537 2743 3736 2787 _____________________________________________———

1950 2819 2200 2874 OMIAIA
2238 2815 2362 2871 NE’.

496 2923 940 2989 Ἀπεκρίθησαν
977 2916 1092 2974 οὖν
1119 2920 1173 2973 οἱ
1214 2917 1492 2974 Ἰουδαῖοι
1517 2917 1631 2989 Δκαί
1660 2911 1833 2970 87.107-
1870 2912 2030 2989 αὐτῷ
2058 2929 2073 2989 ς

562 3013 580 3046 ι
619 2984 702 3047 Οὖ
740 2984 941 3057 καλῶς
977 2989 1235 3058 λέγομεν
1273 2989 1464 3058 ἡμεῖς,
1505 2987 1594 3042 ὅτι
1629 2988 2002 3058 Σαμαρείτης
2025 2984 2082 3037 εἷ

555 3065 660 3127 σὺ,
694 3065 790 3117 καὶ
815 3057 1348 3131 δαιμόνιονίὲχειςς
1375 3079 1391 3110 ι
1423 3061 1742 3131 Ἀπεκρίοη
1763 3061 1795 3111 ό
1822 3057 2074 3131 Ἰησοῦς

561 3153 581 3186 ι
632 3125 779 3202 Ἐγὼ
823 3125 1135 3202 δαιμόνιον
1178 3125 1297 3184 οὐκ
1344 3131 1498 3200 ἔχω,
1553 3130 1715 3184 ἀλλὰ
1772 3125 1916 3198 τιμῶ
1972 3127 2080 3180 τὸν

561 3205 808 3274 Πατέρα.
861 3223 880 3254 ι

558 3296 628 3342 α’.
659 3288 1036 3358 Ἀναίσχυντον
1067 3286 1100 3355 ἡ
1133 3283 1301 3338 κακία
1336 3283 1430 3338 καὶ
1462 3281 1673 3353 ἰταμὸν,
1695 3283 1791 3336 καὶ
1819 3282 1946 3336 ὅταν
1975 3297 2078 3334 κα-

484 3372 783 3430 ταδύεσθαι
806 3373 921 3445 δέῃ,
953 3371 1076 3424 τότε
1108 3369 1308 3441 μᾶλλον
1333 3366 1623 3440 άγριοῦται
1649 3384 1662 3398 ⁸
1693 3368 1831 3437 ὅπερ
1857 3367 1953 3420 καὶ
1988 3365 2080 3419 ἐπὶ

485 3459 595 3513 τῶν
639 3457 907 3511 Ἰουδαίων
944 3455 1155 3523 γέγονε.
1187 3453 1316 3506 Δέον
1345 3452 1454 3523 γὰρ
1486 3452 1578 3505 ἐπὶ
1609 3454 1720 3514 τοῖς
1752 3450 1962 3522 ῥηθεῖσι
1992 3467 2083 3502 κα-

485 3542 808 3610 τανυγῖψαι,
840 3539 1230 3609 θαυμάσαντας
1257 3538 1357 3608 τὴν
1388 3536 1702 3606 παρρησίαν
1727 3535 1819 3586 καὶ
1849 3535 1947 3604 τὴν
1971 3533 2082 3586 τῶν

488 3625 797 3698 εἰρημένων
823 3622 1172 3676 ἀκολουθίαν·
1211 3623 1261 3674 οἱ
1284 3620 1340 3673 δὲ
1368 3620 1460 3673 καὶ
1489 3617 1794 3691 ὑϐρίζουσι,
1818 3617 2084 3688 Σαμαρεί-

487 3726 590 3780 την
616 3707 912 3771 καλοῦντες
937 3707 1031 3760 καὶ
1061 3704 1404 3775 δαιμονῶντα
1434 3703 1707 3771 λέγοντες,
1747 3702 1843 3756 καί
1874 3717 2040 3769 φασιν
2064 3715 2079 3728 ⁸

492 3793 642 3862 Οὐχὶ
673 3791 870 3857 καλῶς
898 3789 1206 3860 ἐλέγομεν,
1239 3788 1329 3843 ὅτι
1360 3787 1727 3856 Σαμαρείτης
1758 3785 1810 3839 εί
1849 3785 1952 3846 σὺ,
1983 3783 2083 3837 καί

487 3876 805 3944 δαιμόνιον
834 3874 1029 3943 ἐχεις;
1073 3873 1242 3926 Ὅταν
1269 3871 1380 3942 γὰρ
1407 3870 1610 3941 ὑψηλόν
1642 3888 1696 3923 τι
1727 3872 1881 3940 εῐπῃ,
1917 3870 2087 3939 μανία

489 3959 650 4014 τοῦτο
677 3959 825 4011 δοκεῖ
852 3959 1004 4029 παρά
1034 3959 1143 4020 τοῖς
1169 3955 1287 4009 λίαν
1319 3955 1668 4025 ἀναισθήτοις
1701 3952 1860 4008 εἶναι,
1894 3953 2086 4006 Καίτοι

490 4061 556 4112 γε
597 4041 833 4112 οὐδαμοῦ
865 4042 895 4094 6
924 4037 1316 4111 εὐαγγελιστὴς
1342 4034 1496 4092 εἶπεν
1526 4038 1854 4108 ἔμπροσθεν,
1881 4038 1962 4090 ὅτι
1987 4039 2090 4090 Σα-

493 4127 760 4198 μαρείτην
791 4123 1056 4178 ἐκάλεσαν
1076 4141 1093 4157 ⁸
1121 4123 1236 4176 ἁλλ’
1259 4123 1406 4186 εἰκὸς
1435 4123 1501 4175 ἐκ
1521 4123 1621 4192 τῆς
1653 4123 1866 4194 ρήσεως
1885 4121 2089 4192 ταύτης

493 4209 757 4272 πολλάκις
806 4209 936 4279 παρ’
982 4207 1160 4262 αὐτῶν
1209 4206 1462 4278 εἰρῆσθαι
1522 4205 1701 4260 τοῦτο.
1775 4208 2090 4275 Δαιμόνιον

492 4293 671 4366 ἔχεις,
712 4292 865 4364 φησί.
918 4293 1112 4347 Καίτοι
1143 4291 1226 4356 τίς
1268 4294 1296 4345 6
1332 4291 1608 4360 δαιμόνιον
1636 4292 1808 4362 ἐχων;
1861 4294 1889 4345 6
1917 4293 2092 4362 τιμῶν

493 4381 585 4433 τὸν
613 4379 768 4440 Θεὸν,
801 4379 834 4450 ἢ
867 4378 897 4429 6
925 4377 1017 4431 τὸν
1050 4377 1295 4446 τιμῶντα
1325 4375 1564 4446 ὑϐρίζων
1596 4391 1611 4441 ;
1663 4376 1730 4429 Τί
1761 4371 1852 4428 οὖν
1893 4378 1922 4428 ὁ
1953 4378 2089 4446 Χρι-

497 4465 641 4528 στὸς.
656 4466 689 4535 ἡ
703 4463 969 4535 πραότης,
984 4464 1016 4532 ἡ
1033 4461 1321 4528 ἐπιείκεια;
1339 4459 1487 4529 Ἐγὼ
1503 4459 1812 4527 δαιμόνιον
1823 4461 1933 4513 οὐκ
1951 4460 2089 4526 ἔχω,

494 4548 657 4602 ἀλλὰ
673 4545 818 4617 τιμῶ
831 4547 939 4599 τὸν
959 4545 1190 4613 Πατέρα
1211 4544 1316 4597 τὸν
1336 4541 1660 4611 πέμψαντὰ
1677 4559 1773 4611 με.
1801 4542 1969 4595 Ἔνθα
1995 4543 2093 4611 μὲν

497 4632 706 4696 διδάξαι
759 4630 954 4692 αὐτοὺς
1001 4629 1168 4698 ἐχρῆν
1217 4627 1311 4680 καὶ
1351 4627 1443 4678 τὸν
1492 4625 1658 4678 πολὺν
1705 4626 1884 4677 αὐτῶν
1923 4641 2093 4678 κατα-

504 4715 711 4768 σπάσαι
740 4713 925 4782 τύιρον,
956 4714 1049 4765 καὶ
1075 4710 1360 4764 παιδεῦσαι
1388 4711 1461 4779 μὴ
1487 4709 1629 4778 μέγα
1658 4710 1872 4779 φρονεῖν
1902 4709 1993 4760 ἐπὶ
2015 4708 2094 4776 τῷ

511 4799 798 4870 Ἀϐραὰμ,
848 4796 1073 4866 σφοδρὸς
1117 4792 1222 4866 ἦν·
1274 4794 1401 4846 ἔνθα
1433 4793 1490 4845 δὲ
1539 4791 1897 4863 ὑϐριζόμενον
1930 4791 2093 4844 αὐτὸν

497 4884 607 4936 ἔδει
635 4884 898 4950 ἐνεγκεῖν,
939 4881 1103 4949 πολλῇ
1136 4879 1402 4948 πραότητι
1432 4877 1719 4947 κέχρηται.

577 4966 707 5017 Ὅτε
741 4966 838 5034 μὲν
865 4963 973 5035 γὰρ
1005 4962 1212 5030 ἔλεγον,
1242 4962 1324 5014 ὅτι
1356 4959 1577 5030 Πατέρα
1610 4959 1701 5011 τὸν
1731 4956 1863 5010 Θεὸν
1897 4957 2093 5026 ἔχομεν

500 5051 599 5103 καὶ
637 5049 728 5101 τὸν
768 5047 1039 5117 Ἀϐραὰμ,
1083 5047 1288 5116 σφόδρα
1338 5043 1516 5097 αὐτῶν
1564 5042 1881 5113 καθήψατο·
1917 5042 2003 5093 ὅτε
2035 5041 2093 5092 δὲ

501 5133 666 5187 αὐτὸν
693 5131 1034 5202 δαιμονῶντα
1085 5131 1334 5192 ἐκάλουν,
1369 5128 1678 5197 ὑφειμένως
1716 5126 1793 5196 τῷ
1825 5125 1967 5195 λόγῳ
1998 5125 2092 5177 κέ-

501 5235 721 5290 χρηται,
776 5214 1046 5270 παιδεύων
1072 5215 1240 5284 ἡμᾶς,
1291 5213 1360 5266 τὰ
1403 5213 1502 5283 μὲν
1542 5209 1694 5282 [522]
1727 5213 1804 5273 είς
1832 5209 1922 5262 τὸν
1962 5209 2094 5261 Θεὸν

502 5303 769 5363 ἐκδικεῖν,
815 5299 884 5352 τὰ
923 5298 980 5350 δὲ
1028 5299 1108 5361 εἰς
1145 5299 1294 5368 ἡμᾶς
1335 5297 1604 5368 παρορᾷν.
1664 5293 1812 5362 Ἐγὼ
1845 5294 1916 5346 οὐ
1947 5291 2094 5358 ζητῶ

503 5385 620 5455 τὴν
655 5384 845 5449 δόξαν
877 5382 992 5448 τὴν
1019 5380 1194 5450 ἐμήν.
1229 5379 1416 5433 Ταῦτα
1461 5375 1636 5441 εἷπον,
1672 5378 1836 5447 φησὶ,
1881 5377 2094 5439 δεικνὺς

502 5471 587 5523 ὃτι
625 5469 685 5520 οὐ
727 5465 1007 5538 προσῆκεν
1053 5465 1182 5534 ὑμῖν
1209 5463 1301 5517 τὸν
1349 5462 1482 5516 Θεὸν
1515 5461 1701 5515 καλεῖν
1731 5458 1961 5530 πατέρα,
1998 5462 2094 5512 ἀν-

503 5551 784 5621 δροφόνοις
829 5545 1000 5603 οὖσιν.
1058 5548 1225 5600 Ὥστε
1281 5549 1347 5618 τῇ
1403 5548 1537 5617 τιμῇ
1583 5547 1651 5616 τῇ
1704 5543 1841 5615 πρὸς
1887 5546 2094 5597 ἐκεῖνον

504 5635 682 5688 ταῦτα
727 5633 1102 5704 ἐφθεγξάμην,
1153 5630 1251 5686 καὶ
1305 5630 1375 5684 δι’
1427 5631 1635 5683 ἐκεῖνον
1661 5631 1837 5681 ταῦτα
1888 5627 2093 5691 ἀκούω,

506 5720 603 5773 καὶ
636 5719 704 5772 δι’
729 5718 892 5771 αὐτὸν
927 5717 1224 5786 ἀτιμάζετέ
1267 5733 1355 5788 με.
1407 5713 1546 5767 Ἀλλ’
1595 5711 1749 5766 οὐδέν
1802 5727 1892 5782 μοι
1946 5710 2094 5781 μέλει

509 5801 612 5870 τῆς
661 5800 871 5871 ὕϐρεως
940 5799 1228 5869 ταύτηςυ
1271 5798 1465 5868 ἐκείνῳ
1512 5795 1622 5866 γὰρ
1672 5793 1903 5857 εὐθύνας
1951 5793 2098 5871 6:936-

511 5881 632 5935 λετε
674 5882 782 5934 τῶν
825 5867 1146 5951 λεχθέντων,
1188 5881 1255 5935 δι’
1285 5881 1344 5932 ὃν
1383 5867 1554 5934 ταῦτα
1580 5876 1764 5933 ἀκούω
1791 5877 1907 5932 νῦν.
1952 5867 2104 5938 Ἐγὼ

581 5969 612 6002 ⁸
644 5969 849 6030 Quidam
884 5977 969 6030 τῆς
1011 5971 1244 6032 ὑϐρίσεως
1287 5970 1478 6027 ταύτης.

2180 2915 2251 2966 οὺ
2293 2911 2440 2978 ζητῶ
2481 2912 2596 2981 τὴν
2645 2911 2836 2974 δόξαν
2888 2909 3005 2977 τὴν
3049 2907 3222 2976 ἐμήν.
3271 2903 3370 2958 Διά
3416 2902 3575 2956 τοῦτο
3607 2899 3769 2970 ἀφεὶς

2180 2998 2240 3052 τὸ
2291 2996 2537 3062 κολάζειν
2586 2997 2752 3067 ὑμᾶς,
2801 2995 2894 3048 ἐπὶ
2933 2993 3252 3066 παραίνεσιν
3306 2989 3608 3062 τρέπομαι,
3671 2989 3768 3040 καὶ

2181 3082 2532 3151 συμϐουλεύω
2570 3081 2744 3134 ταῦτα
2799 3081 2990 3143 ποιεῖν,
3039 3077 3096 3143 ἐξ
3131 3070 3205 3129 ὧν
3233 3074 3293 3128 οὐ
3342 3074 3502 3144 μόνον
3545 3071 3642 3141 τὴν
3679 3071 3770 3123 κό-

2179 3167 2335 3220 λασιν
2383 3164 2756 3236 διαφεύξεσθε,
2799 3161 2934 3216 ἀλλὰ
2964 3161 3059 3215 καὶ
3102 3159 3202 3230 τῆς
3237 3156 3454 3210 αἰωνίου
3487 3152 3629 3222 ζωῆς
3650 3154 3772 3204 ἐπι-

2179 3252 2455 3320 τεύξεσθε.
2511 3249 2720 3320 Ἀμὴν,
2769 3246 2934 3318 ἀμὴν
2992 3245 3147 3316 λέγω
3181 3242 3344 3312 ὑμῖν,
3389 3239 3498 3294 ἐάν
3529 3239 3622 3305 τίς
3650 3254 3771 3307 μου

2180 3337 2289 3392 τὸν
2319 3337 2507 3406 λόγον
2538 3332 2798 3402 τηρήσῃ,
2833 3331 2904 3385 οὐ
2947 3330 3034 3399 μὴ
3066 3326 3351 3396 θεωρήσει
3388 3323 3646 3379 θάνατον
3684 3323 3776 3387 είς

2181 3424 2291 3478 τὸν
2330 3421 2537 3478 αἰῶνα.
2596 3417 2861 3473 Ἐνταῦθα
2904 3417 2964 3470 οὐ
2998 3415 3098 3486 τὴν
3141 3415 3324 3468 πίστιν
3371 3411 3532 3482 μόνον
3583 3409 3774 3478 φησὶν,

2183 3507 2322 3561 ἀλλὰ
2355 3506 2448 3560 καὶ
2476 3505 2568 3560 τὸν
2599 3504 2712 3576 βίον
2749 3503 2842 3557 τὸν
2874 3501 3136 3571 καθαρόν.
3167 3499 3279 3553 Καὶ
3309 3498 3420 3552 ἄνω
3455 3496 3554 3566 μέν
3583 3493 3736 3560 ἔλεγε
3755 3530 3776 3556 ,

2185 3593 2358 3660 Ζωὴν
2379 3591 2622 3646 αἰώνιον
2647 3589 2770 3654 ἕξει
2789 3603 2804 3620 ⁸
2833 3585 3068 3640 ἐνταῦθα
3095 3584 3170 3645 δὲ.
3210 3582 3364 3652 φησι,
3401 3579 3672 3634 Θάνατον
3700 3578 3776 3630 οὐ

2179 3678 2267 3749 μὴ
2304 3676 2591 3746 θεωρήσει
2611 3693 2624 3705 ⁸
2658 3674 2775 3743 ἅμα
2802 3673 2858 3726 δὲ
2894 3671 2988 3724 καὶ
3033 3668 3351 3730 αἰνίττεται,
3381 3665 3462 3719 ὅτι
3495 3663 3645 3716 οὐδὲν
3677 3660 3741 3714 δύ
3761 3690 3773 3697 -

2187 3781 2378 3821 νανται
2413 3762 2561 3833 αὐτῷ
2601 3761 2845 3831 ποιῆσαι.
2884 3759 2946 3813 Et
2979 3757 3086 3828 γὰρ
3114 3759 3143 3810 6
3167 3755 3258 3808 τὸν
3295 3753 3454 3821 λόγον
3479 3749 3643 3804 αὐτοῦ
3679 3767 3780 3819 τη-

2191 3854 2300 3927 ρῶν
2343 3853 2445 3906 ούκ
2494 3849 2878 3912 ἀποθανεῖται,
2930 3845 3109 3916 πολλῷ
3141 3842 3346 3927 μᾶλλον
3386 3840 3569 3904 αὑτός.
3602 3836 3781 3892 Τοῦτο

2188 3923 2320 4010 γοῦν
2343 3937 2644 3999 συνειδότες
2672 3934 2769 3988 καὶ
2793 3933 2970 3994 αὐτοὶ,
2988 3931 3209 3999 λέγουσι
3227 3943 3241 3956 ⁸
3274 3926 3404 3982 Νῦν
3432 3923 3782 3995 ἐγνώκαμεν

2191 4007 2281 4076 ὅτι
2309 4021 2620 4090 δαιμόνιον
2651 4018 2830 4087 ἔχεις.
2848 4014 3106 4084 Ἀϐραὰμ
3125 4010 3411 4074 ἀπέθανε,
3439 4007 3538 4062 καί
3558 4009 3612 4060 οί
3634 4022 3784 4072 προ-

2192 4105 2375 4176 φῆται
2411 4103 2744 4159 ἀπέθανον·
2775 4100 3075 4161 τουτέστιν,
3111 4097 3161 4150 οἱ
3199 4095 3292 4149 τὸν
3322 4095 3477 4162 λόγον
3510 4091 3783 4176 ἀκούσαν-

2192 4208 2283 4255 τες
2320 4189 2415 4243 τοῦ
2459 4187 2594 4242 Θεοῦ
2632 4185 2933 4240 ἀπέθανον⁸
2981 4183 3074 4236 καὶ
3103 4181 3149 4235 οἱ
3193 4180 3284 4233 τὸν
3315 4178 3405 4232 σὺν
3445 4175 3782 4238 ἀκούσαντες

2192 4277 2292 4330 οὐκ
2342 4271 2767 4335 ἁποθανοῦνται;
2820 4268 2916 4336 Μὴ
2962 4266 3044 4322 σὺ
3083 4264 3296 4335 μείζων
3319 4259 3378 4318 εἷ
3411 4261 3515 4316 τοῦ
3556 4260 3784 4326 πατρὸς

2192 4361 2364 4430 ἡμῶν
2406 4356 2687 4427 Ἁϐραάμ;
2739 4355 2804 4407 Ὢ
2835 4353 2936 4422 τῆς
2969 4349 3302 4414 κενοδοξίαςί
3348 4347 3509 4402 πάλιν
3547 4343 3642 4398 ἐπὶ
3677 4342 3781 4413 τὴν

2195 4426 2516 4514 συγγένειαν
2563 4441 2728 4494 αὐτοῦ
2781 4436 3205 4507 καταφεύγουσι.
3243 4431 3435 4487 Καίτοι
3483 4426 3781 4483 ἀκόλουθον

2191 4526 2260 4602 ἦν
2277 4508 2340 4583 ἐἰ
2351 4530 2465 4582 πεῖν
2485 4544 2499 4558 ⁸
2530 4524 2628 4592 Μὴ
2655 4523 2738 4578 σὺ
2764 4519 2976 4591 μείζων
3001 4515 3057 4574 εἷ
3085 4517 3199 4602 τοῦΔ
3240 4515 3392 4602 Θεοῦ
3405 4531 3424 4578 ;
3453 4513 3486 4584 ἢ
3519 4512 3569 4565 οἱ
3609 4508 3742 4602 ἀκού
3762 4539 3784 4551 -

2197 4593 2388 4674 σαντές
2434 4627 2550 4675 σου,
2601 4609 2696 4662 τοῦ
2737 4605 3020 4675 Ἀϐραάμς
3060 4600 3202 4657 Ἀλλ’
3241 4601 3302 4653 οὐ
3337 4598 3554 4666 λέγουσι
3581 4593 3782 4656 τοῦτο,

2195 4697 2383 4764 ἐπειδὴ
2398 4696 2492 4748 καὶ
2512 4692 2606 4747 τοῦ
2639 4691 2843 4761 Ἀϐραὰ
2851 4709 2890 4760 μ
2902 4689 3160 4742 ἐλάττονα
3179 4685 3340 4738 αὐτὸν
3355 4679 3492 4737 εἶναι
3509 4680 3755 4751 ἐνόμιζον
3765 4718 3781 4731 .

2196 4782 2269 4834 Τὸ
2303 4781 2400 4851 μὲν
2431 4775 2523 4833 οὖν
2558 4777 2774 4848 πρῶτον
2820 4773 3020 4838 ἔδειξεν
3061 4769 3444 4841 ἀνδροφόνους,
3477 4766 3567 4818 καὶ
3601 4764 3784 4835 ταύτῃ

2198 4865 2398 4927 αὐτοὺς
2436 4864 2691 4930 ἀπήγαγε
2740 4859 2839 4930 τῆς
2874 4855 3224 4924 συγγενείας⁸
3259 4853 3335 4916 ὼς
3363 4852 3421 4905 δὲ
3467 4851 3780 4920 ἐνέμειναν,

2197 4951 2400 5020 ἑτέρως
2447 4947 2578 5000 αὐτὸ
2629 4941 2904 5015 μεθοδεύει
2944 4941 3125 5003 πάλιν,
3171 4937 3384 4999 δεικνὺς
3415 4936 3497 4988 ὅτι
3543 4935 3789 5003 ἀνόνητα

2195 5017 2442 5097 πονοῦσι,
2477 5031 2573 5084 καὶ
2614 5029 2738 5099 περὶ
2785 5028 2884 5097 μὲν
2927 5025 3022 5078 τοῦ
3049 5022 3279 5076 θανάτου
3309 5019 3460 5074 οὐδὲν
3491 5020 3672 5080 αὐτοῖς
3701 5017 3788 5070 δι-

2195 5118 2408 5189 ελέχθη,
2435 5115 2555 5168 οὐδὲ
2578 5111 2944 5180 ἀπεκάλυψεν,
2967 5107 3086 5162 οὐδὲ
3114 5103 3254 5171 εἷπε,
3275 5107 3425 5157 ποῖον
3450 5101 3598 5170 λέγει
3618 5101 3794 5155 θάναρ-

2195 5186 2319 5256 τον-λ
2342 5201 2480 5264 τέως
2509 5199 2564 5252 δὲ
2587 5198 2782 5259 πείθει,
2809 5197 2890 5250 ὅτι
2910 5193 3005 5248 τοῦ
3045 5189 3296 5262 Ἀϐραὰμ
3323 5189 3586 5260 κρείττων
3609 5186 3783 5248 ἐστὶν,

2197 5286 2284 5338 ἵνα
2311 5284 2407 5338 καὶ
2429 5282 2600 5352 τούτῳ
2627 5281 2942 5351 δυσωπήσῃ.
2977 5276 3228 5330 Μάλιστα
3257 5273 3355 5342 μὲν
3391 5271 3500 5341 γὰρ
3533 5272 3581 5323 εί
3626 5270 3720 5323 καὶ
3756 5271 3791 5322 ὀ

2195 5367 2395 5438 τυχὼν,
2431 5365 2617 5436 φησὶν,
2647 5364 2816 5434 ήμην,
2869 5361 2971 5414 οὐκ
2999 5359 3104 5413 ἔδει
3148 5356 3438 5410 ἀποθανεῖν
3476 5353 3628 5438 οὐδὲν
3661 5353 3776 5405 ἀδι-

2201 5436 2444 5522 κήσαντα
2468 5466 2481 5480 ο
2526 5451 2654 5503 ὅταν
2682 5447 2738 5498 δὲ
2775 5444 2867 5499 καὶ
2896 5443 2994 5515 τὴν
3015 5441 3271 5512 ἀλήθειαν
3295 5439 3456 5522 λέχω,
3487 5437 3582 5489 καὶ
3617 5436 3787 5522 μηδε-

2204 5518 2334 5605 μίαν
2359 5533 2635 5605 ἁμαρτίαν
2673 5531 2813 5601 ἔχω,
2848 5528 2945 5583 καὶ
2975 5526 3124 5597 παρὰ
3149 5524 3243 5578 τοῦ
3271 5519 3406 5576 Θεοῦ
3434 5518 3790 5605 ἀπεσταλμέ-

2202 5601 2291 5684 νος
2327 5601 2412 5684 ὦ,
2439 5601 2535 5672 καὶ
2581 5614 2834 5685 Ἀϐραὰμ
2872 5607 2918 5665 ὧ
2959 5610 3243 5681 κρείττων,
3291 5605 3408 5669 πῶς
3435 5606 3496 5657 οὑ
3527 5601 3789 5685 μαίνεσθε

2201 5681 2296 5766 καῖ
2325 5681 2557 5772 ἀνόνητα
2600 5681 2845 5758 πονεῖτε,
2875 5692 3280 5765 ἐπιχειροῦντες
3307 5688 3548 5753 άνελεῖν;
3581 5687 3646 5772 1::
3688 5681 3791 5739 οῦν

2204 5789 2440 5847 ἐκεῖνοι;
2475 5769 2624 5841 -.Νῦν
2681 5781 3024 5851 ἐγνώκαμεν
3079 5776 3169 5830 ὅτι
3230 5773 3540 5851 δαιμόνιον
3599 5769 3788 5838 ἔχεις.

2219 5871 2360 5923 Ἀλλ’
2390 5871 2488 5940 οὑχ
2515 5870 2548 5938 ὴ
2583 5850 2910 5939 Σαμαρεῖτις
2946 5861 3116 5925 οὑτως
3136 5876 3150 5889 ⁸
3195 5859 3256 5912 οὐ
3288 5857 3396 5928 γὰρ
3418 5850 3569 5940 εἶπεν
3597 5852 3749 5940 αὐτῷ
3771 5868 3787 5881 ⁸

2205 5937 2490 6026 Δαιμόνιον
2520 5937 2696 6026 ἔχεις·
2742 5937 2877 6008 ἀλλὰ
2919 5946 3170 6004 τοσοῦτον
3203 5942 3386 6014 μόνον,
3419 5939 3514 6007 Μὴ
3541 5938 3623 5992 σὺ
3647 5937 3787 6007 μεί-
