  <div class='ocr_page' id='page_1' title='image "/cluster/home/n/w/nwhite01/storage/ocr_20150623/59/nnc1.0046979891/298.png"; bbox 0 0 4084 6360; ppageno 0'>
   <div class='ocr_carea' id='block_1_1' title="bbox 301 328 398 383">
    <p class='ocr_par' dir='ltr' id='par_1_1' title="bbox 301 328 398 383">
     <span class='ocr_line' id='line_1_1' title="bbox 301 328 398 383; baseline -0.021 -1"><span class='ocrx_word' id='word_1_1' title='bbox 301 328 398 383; x_wconf 71' lang='lat'><strong>30!</strong></span> 
     </span>
    </p>
   </div>
   <div class='ocr_carea' id='block_1_2' title="bbox 373 421 1891 500">
    <p class='ocr_par' dir='ltr' id='par_1_2' title="bbox 373 421 1891 500">
     <span class='ocr_line' id='line_1_2' title="bbox 373 421 1891 500; baseline -0.014 -9"><span class='ocrx_word' id='word_1_2' title='bbox 373 441 425 492; x_wconf 74' lang='grc'><strong>4.</strong></span> <span class='ocrx_word' id='word_1_3' title='bbox 464 437 675 491; x_wconf 64' lang='lat' dir='ltr'><strong>[feralis</strong></span> <span class='ocrx_word' id='word_1_4' title='bbox 706 433 1006 489; x_wconf 77' lang='lat' dir='ltr'><strong>exhortatio.</strong></span> <span class='ocrx_word' id='word_1_5' title='bbox 1036 428 1235 500; x_wconf 80' lang='lat' dir='ltr'><strong>Rapere</strong></span> <span class='ocrx_word' id='word_1_6' title='bbox 1262 435 1480 496; x_wconf 76' lang='lat' dir='ltr'><strong>oportet,</strong></span> <span class='ocrx_word' id='word_1_7' title='bbox 1524 439 1625 475; x_wconf 89' lang='lat' dir='ltr'><strong>non</strong></span> <span class='ocrx_word' id='word_1_8' title='bbox 1668 421 1891 489; x_wconf 85' lang='lat' dir='ltr'><strong>peritura</strong></span> 
     </span>
    </p>
   </div>
   <div class='ocr_carea' id='block_1_3' title="bbox 302 511 1890 600">
    <p class='ocr_par' dir='ltr' id='par_1_3' title="bbox 302 511 1890 600">
     <span class='ocr_line' id='line_1_3' title="bbox 302 511 1890 600; baseline -0.016 -13"><span class='ocrx_word' id='word_1_9' title='bbox 302 540 454 598; x_wconf 87' lang='lat' dir='ltr'><strong>bona,</strong></span> <span class='ocrx_word' id='word_1_10' title='bbox 483 531 570 585; x_wconf 88' lang='lat' dir='ltr'><strong>sed</strong></span> <span class='ocrx_word' id='word_1_11' title='bbox 597 544 808 600; x_wconf 82' lang='lat' dir='ltr'><strong><em>regnum</em></strong></span> <span class='ocrx_word' id='word_1_12' title='bbox 827 525 1089 579; x_wconf 62' lang='lat' dir='ltr'><strong>certorum.</strong></span> <span class='ocrx_word' id='word_1_13' title='bbox 1114 550 1185 560; x_wconf 95' lang='lat'><strong><em>—</em></strong></span> <span class='ocrx_word' id='word_1_14' title='bbox 1204 516 1565 584; x_wconf 83' lang='lat' dir='ltr'><strong>Quamobrem</strong></span> <span class='ocrx_word' id='word_1_15' title='bbox 1586 553 1603 577; x_wconf 92' lang='lat'><strong>,</strong></span> <span class='ocrx_word' id='word_1_16' title='bbox 1627 511 1853 565; x_wconf 88' lang='lat' dir='ltr'><strong>obsecro</strong></span> <span class='ocrx_word' id='word_1_17' title='bbox 1873 550 1890 575; x_wconf 90' lang='lat'><strong>,</strong></span> 
     </span>
    </p>
   </div>
   <div class='ocr_carea' id='block_1_4' title="bbox 306 600 1894 692">
    <p class='ocr_par' dir='ltr' id='par_1_4' title="bbox 306 600 1894 692">
     <span class='ocr_line' id='line_1_4' title="bbox 306 600 1894 692; baseline -0.017 -11"><span class='ocrx_word' id='word_1_18' title='bbox 306 626 437 681; x_wconf 85' lang='lat' dir='ltr'><strong>nihil</strong></span> <span class='ocrx_word' id='word_1_19' title='bbox 463 639 567 679; x_wconf 94' lang='lat' dir='ltr'><strong>non</strong></span> <span class='ocrx_word' id='word_1_20' title='bbox 591 635 810 692; x_wconf 80' lang='lat' dir='ltr'><strong>agamus</strong></span> <span class='ocrx_word' id='word_1_21' title='bbox 831 626 890 673; x_wconf 88' lang='lat' dir='ltr'><strong>ut</strong></span> <span class='ocrx_word' id='word_1_22' title='bbox 914 625 1117 671; x_wconf 89' lang='lat' dir='ltr'><strong>rectam</strong></span> <span class='ocrx_word' id='word_1_23' title='bbox 1165 609 1507 665; x_wconf 89' lang='lat' dir='ltr'><strong>instituamus</strong></span> <span class='ocrx_word' id='word_1_24' title='bbox 1550 604 1735 669; x_wconf 89' lang='lat' dir='ltr'><strong>vitam,</strong></span> <span class='ocrx_word' id='word_1_25' title='bbox 1775 600 1894 655; x_wconf 90' lang='lat' dir='ltr'><strong>ani-</strong></span> 
     </span>
    </p>
   </div>
   <div class='ocr_carea' id='block_1_5' title="bbox 306 692 1894 786">
    <p class='ocr_par' dir='ltr' id='par_1_5' title="bbox 306 692 1894 786">
     <span class='ocr_line' id='line_1_5' title="bbox 306 692 1894 786; baseline -0.018 -12"><span class='ocrx_word' id='word_1_26' title='bbox 306 733 449 773; x_wconf 89' lang='lat' dir='ltr'><strong>mum</strong></span> <span class='ocrx_word' id='word_1_27' title='bbox 482 726 791 786; x_wconf 78' lang='lat' dir='ltr'><strong>purgemus,</strong></span> <span class='ocrx_word' id='word_1_28' title='bbox 812 719 873 764; x_wconf 90' lang='lat' dir='ltr'><strong>ut</strong></span> <span class='ocrx_word' id='word_1_29' title='bbox 896 706 1027 763; x_wconf 84' lang='lat' dir='ltr'><strong>nihil</strong></span> <span class='ocrx_word' id='word_1_30' title='bbox 1058 700 1296 759; x_wconf 86' lang='lat' dir='ltr'><strong>sordium</strong></span> <span class='ocrx_word' id='word_1_31' title='bbox 1327 697 1480 752; x_wconf 89' lang='lat' dir='ltr'><strong>nobis</strong></span> <span class='ocrx_word' id='word_1_32' title='bbox 1508 692 1894 765; x_wconf 87' lang='lat' dir='ltr'><strong>impedimento</strong></span> 
     </span>
    </p>
   </div>
   <div class='ocr_carea' id='block_1_6' title="bbox 305 782 1893 864">
    <p class='ocr_par' dir='ltr' id='par_1_6' title="bbox 305 782 1893 864">
     <span class='ocr_line' id='line_1_6' title="bbox 305 782 1893 864; baseline -0.02 1"><span class='ocrx_word' id='word_1_33' title='bbox 305 814 393 864; x_wconf 87' lang='lat' dir='ltr'><strong>sit.</strong></span> <span class='ocrx_word' id='word_1_34' title='bbox 430 806 721 863; x_wconf 75' lang='lat' dir='ltr'><strong>Accendite</strong></span> <span class='ocrx_word' id='word_1_35' title='bbox 742 802 893 855; x_wconf 85' lang='lat' dir='ltr'><strong>vobis</strong></span> <span class='ocrx_word' id='word_1_36' title='bbox 920 800 1093 852; x_wconf 88' lang='lat' dir='ltr'><strong>lucem</strong></span> <span class='ocrx_word' id='word_1_37' title='bbox 1114 787 1459 863; x_wconf 76' lang='lat' dir='ltr'><strong>cognitionis,</strong></span> <span class='ocrx_word' id='word_1_38' title='bbox 1481 796 1537 841; x_wconf 88' lang='lat' dir='ltr'><strong>et</strong></span> <span class='ocrx_word' id='word_1_39' title='bbox 1559 800 1626 839; x_wconf 90' lang='lat' dir='ltr'><strong>ne</strong></span> <span class='ocrx_word' id='word_1_40' title='bbox 1656 782 1893 839; x_wconf 86' lang='lat' dir='ltr'><strong>semine-</strong></span> 
     </span>
    </p>
   </div>
   <div class='ocr_carea' id='block_1_7' title="bbox 308 874 1893 968">
    <p class='ocr_par' dir='ltr' id='par_1_7' title="bbox 308 874 1893 968">
     <span class='ocr_line' id='line_1_7' title="bbox 308 874 1893 968; baseline -0.02 -13"><span class='ocrx_word' id='word_1_41' title='bbox 308 903 374 957; x_wconf 90' lang='lat' dir='ltr'><strong>tis</strong></span> <span class='ocrx_word' id='word_1_42' title='bbox 399 902 451 957; x_wconf 90' lang='lat' dir='ltr'><strong>in</strong></span> <span class='ocrx_word' id='word_1_43' title='bbox 476 899 663 968; x_wconf 88' lang='lat' dir='ltr'><strong>spinis.</strong></span> <span class='ocrx_word' id='word_1_44' title='bbox 686 894 786 963; x_wconf 85' lang='lat' dir='ltr'><strong>Qui</strong></span> <span class='ocrx_word' id='word_1_45' title='bbox 810 906 917 947; x_wconf 90' lang='lat' dir='ltr'><strong>non</strong></span> <span class='ocrx_word' id='word_1_46' title='bbox 948 886 1195 957; x_wconf 78' lang='lat' dir='ltr'><strong>intelligit</strong></span> <span class='ocrx_word' id='word_1_47' title='bbox 1223 882 1417 937; x_wconf 89' lang='lat' dir='ltr'><strong>malam</strong></span> <span class='ocrx_word' id='word_1_48' title='bbox 1447 892 1567 933; x_wconf 91' lang='lat' dir='ltr'><strong>esse</strong></span> <span class='ocrx_word' id='word_1_49' title='bbox 1596 874 1893 935; x_wconf 79' lang='lat' dir='ltr'><strong>avaritiam,</strong></span> 
     </span>
    </p>
   </div>
   <div class='ocr_carea' id='block_1_8' title="bbox 308 963 1900 1063">
    <p class='ocr_par' dir='ltr' id='par_1_8' title="bbox 308 963 1900 1063">
     <span class='ocr_line' id='line_1_8' title="bbox 308 963 1900 1063; baseline -0.019 -18"><span class='ocrx_word' id='word_1_50' title='bbox 308 963 576 1063; x_wconf 80' lang='lat' dir='ltr'><strong>quomodo</strong></span> <span class='ocrx_word' id='word_1_51' title='bbox 602 989 651 1043; x_wconf 91' lang='lat' dir='ltr'><strong>id</strong></span> <span class='ocrx_word' id='word_1_52' title='bbox 672 985 814 1058; x_wconf 91' lang='lat' dir='ltr'><strong>quod</strong></span> <span class='ocrx_word' id='word_1_53' title='bbox 844 982 1014 1053; x_wconf 89' lang='lat' dir='ltr'><strong>majus</strong></span> <span class='ocrx_word' id='word_1_54' title='bbox 1041 988 1120 1034; x_wconf 89' lang='lat' dir='ltr'><strong>est</strong></span> <span class='ocrx_word' id='word_1_55' title='bbox 1146 974 1311 1031; x_wconf 80' lang='lat' dir='ltr'><strong>sciet?</strong></span> <span class='ocrx_word' id='word_1_56' title='bbox 1335 970 1437 1040; x_wconf 85' lang='lat' dir='ltr'><strong>Qui</strong></span> <span class='ocrx_word' id='word_1_57' title='bbox 1457 970 1523 1023; x_wconf 91' lang='lat' dir='ltr'><strong>ab</strong></span> <span class='ocrx_word' id='word_1_58' title='bbox 1544 967 1627 1023; x_wconf 91' lang='lat' dir='ltr'><strong>his</strong></span> <span class='ocrx_word' id='word_1_59' title='bbox 1644 980 1751 1021; x_wconf 92' lang='lat' dir='ltr'><strong>non</strong></span> <span class='ocrx_word' id='word_1_60' title='bbox 1778 963 1900 1017; x_wconf 87' lang='lat' dir='ltr'><strong>abs-</strong></span> 
     </span>
    </p>
   </div>
   <div class='ocr_carea' id='block_1_9' title="bbox 311 1062 1900 1155">
    <p class='ocr_par' dir='ltr' id='par_1_9' title="bbox 311 1062 1900 1155">
     <span class='ocr_line' id='line_1_9' title="bbox 311 1062 1900 1155; baseline -0.021 -13"><span class='ocrx_word' id='word_1_61' title='bbox 311 1062 466 1152; x_wconf 84' lang='lat' dir='ltr'><strong>tinet,</strong></span> <span class='ocrx_word' id='word_1_62' title='bbox 498 1081 767 1155; x_wconf 88' lang='lat' dir='ltr'><strong>quomodo</strong></span> <span class='ocrx_word' id='word_1_63' title='bbox 810 1078 915 1133; x_wconf 90' lang='lat' dir='ltr'><strong>illis</strong></span> <span class='ocrx_word' id='word_1_64' title='bbox 948 1070 1209 1128; x_wconf 74' lang='lat' dir='ltr'><strong>hmrebit?</strong></span> <span class='ocrx_word' id='word_1_65' title='bbox 1246 1068 1458 1135; x_wconf 80' lang='lat' dir='ltr'><strong>Rapere</strong></span> <span class='ocrx_word' id='word_1_66' title='bbox 1485 1062 1682 1116; x_wconf 90' lang='lat' dir='ltr'><strong>bonum</strong></span> <span class='ocrx_word' id='word_1_67' title='bbox 1710 1066 1812 1121; x_wconf 91' lang='lat' dir='ltr'><strong>est,</strong></span> <span class='ocrx_word' id='word_1_68' title='bbox 1843 1064 1900 1110; x_wconf 89' lang='lat' dir='ltr'><strong>at</strong></span> 
     </span>
    </p>
   </div>
   <div class='ocr_carea' id='block_1_10' title="bbox 312 1149 1889 1245">
    <p class='ocr_par' dir='ltr' id='par_1_10' title="bbox 312 1149 1889 1245">
     <span class='ocr_line' id='line_1_10' title="bbox 312 1149 1889 1245; baseline -0.021 -12"><span class='ocrx_word' id='word_1_69' title='bbox 312 1195 416 1233; x_wconf 90' lang='lat' dir='ltr'><strong>non</strong></span> <span class='ocrx_word' id='word_1_70' title='bbox 461 1176 717 1245; x_wconf 87' lang='lat' dir='ltr'><strong>peritura,</strong></span> <span class='ocrx_word' id='word_1_71' title='bbox 748 1171 842 1225; x_wconf 85' lang='lat' dir='ltr'><strong>sed</strong></span> <span class='ocrx_word' id='word_1_72' title='bbox 894 1180 1115 1235; x_wconf 89' lang='lat' dir='ltr'><strong>regnum</strong></span> <span class='ocrx_word' id='word_1_73' title='bbox 1164 1161 1454 1221; x_wconf 73' lang='lat' dir='ltr'><strong>czrlorum;</strong></span> <span class='ocrx_word' id='word_1_74' title='bbox 1489 1169 1611 1209; x_wconf 89' lang='lat' dir='ltr'><strong>nam</strong></span> <span class='ocrx_word' id='word_1_75' title='bbox 1649 1149 1889 1213; x_wconf 86' lang='lat' dir='ltr'><strong>Violenti,</strong></span> 
     </span>
    </p>
   </div>
   <div class='ocr_carea' id='block_1_11' title="bbox 311 1242 1894 1342">
    <p class='ocr_par' dir='ltr' id='par_1_11' title="bbox 311 1242 1894 1342">
     <span class='ocr_line' id='line_1_11' title="bbox 311 1242 1894 1342; baseline -0.02 -15"><span class='ocrx_word' id='word_1_76' title='bbox 311 1242 497 1342; x_wconf 82' lang='lat' dir='ltr'><strong>inquit,</strong></span> <span class='ocrx_word' id='word_1_77' title='bbox 530 1268 739 1339; x_wconf 86' lang='lat' dir='ltr'><strong>rapiunt</strong></span> <span class='ocrx_word' id='word_1_78' title='bbox 760 1263 890 1319; x_wconf 87' lang='lat' dir='ltr'><strong>illud</strong></span> <span class='ocrx_word' id='word_1_79' title='bbox 916 1260 1139 1334; x_wconf 83' lang='lat' dir='ltr'><strong>(Matth.</strong></span> <span class='ocrx_word' id='word_1_80' title='bbox 1166 1258 1254 1312; x_wconf 84' lang='grc' dir='ltr'>ιι.</span> <span class='ocrx_word' id='word_1_81' title='bbox 1282 1252 1404 1322; x_wconf 74' lang='lat' dir='ltr'><strong>is).</strong></span> <span class='ocrx_word' id='word_1_82' title='bbox 1432 1250 1547 1305; x_wconf 86' lang='lat' dir='ltr'><strong>Non</strong></span> <span class='ocrx_word' id='word_1_83' title='bbox 1569 1247 1728 1316; x_wconf 85' lang='lat' dir='ltr'><strong>igitur</strong></span> <span class='ocrx_word' id='word_1_84' title='bbox 1748 1242 1894 1297; x_wconf 90' lang='lat' dir='ltr'><strong>desi-</strong></span> 
     </span>
    </p>
   </div>
   <div class='ocr_carea' id='block_1_12' title="bbox 311 1334 1903 1432">
    <p class='ocr_par' dir='ltr' id='par_1_12' title="bbox 311 1334 1903 1432">
     <span class='ocr_line' id='line_1_12' title="bbox 311 1334 1903 1432; baseline -0.02 -14"><span class='ocrx_word' id='word_1_85' title='bbox 311 1334 407 1418; x_wconf 80' lang='lat' dir='ltr'><strong>des</strong></span> <span class='ocrx_word' id='word_1_86' title='bbox 439 1334 723 1432; x_wconf 81' lang='lat' dir='ltr'><strong>possumus</strong></span> <span class='ocrx_word' id='word_1_87' title='bbox 752 1355 880 1410; x_wconf 88' lang='lat' dir='ltr'><strong>illud</strong></span> <span class='ocrx_word' id='word_1_88' title='bbox 931 1350 1221 1420; x_wconf 90' lang='lat' dir='ltr'><strong>consequi,</strong></span> <span class='ocrx_word' id='word_1_89' title='bbox 1252 1345 1348 1401; x_wconf 92' lang='lat' dir='ltr'><strong>sed</strong></span> <span class='ocrx_word' id='word_1_90' title='bbox 1379 1357 1503 1396; x_wconf 91' lang='lat' dir='ltr'><strong>cum</strong></span> <span class='ocrx_word' id='word_1_91' title='bbox 1545 1334 1817 1407; x_wconf 82' lang='lat' dir='ltr'><strong>diligentia</strong></span> <span class='ocrx_word' id='word_1_92' title='bbox 1846 1340 1903 1388; x_wconf 84' lang='lat' dir='ltr'><strong>et</strong></span> 
     </span>
    </p>
   </div>
   <div class='ocr_carea' id='block_1_13' title="bbox 311 1426 1892 1520">
    <p class='ocr_par' dir='ltr' id='par_1_13' title="bbox 311 1426 1892 1520">
     <span class='ocr_line' id='line_1_13' title="bbox 311 1426 1892 1520; baseline -0.021 -9"><span class='ocrx_word' id='word_1_93' title='bbox 311 1426 508 1511; x_wconf 88' lang='lat' dir='ltr'><strong>studio.</strong></span> <span class='ocrx_word' id='word_1_94' title='bbox 538 1452 643 1508; x_wconf 87' lang='lat' dir='ltr'><strong>Sed</strong></span> <span class='ocrx_word' id='word_1_95' title='bbox 689 1450 812 1520; x_wconf 84' lang='lat' dir='ltr'><strong>quid</strong></span> <span class='ocrx_word' id='word_1_96' title='bbox 845 1447 945 1501; x_wconf 91' lang='lat' dir='ltr'><strong>sibi</strong></span> <span class='ocrx_word' id='word_1_97' title='bbox 975 1445 1106 1508; x_wconf 88' lang='lat' dir='ltr'><strong>vult,</strong></span> <span class='ocrx_word' id='word_1_98' title='bbox 1140 1437 1404 1496; x_wconf 87' lang='lat' dir='ltr'><strong>Violenti?</strong></span> <span class='ocrx_word' id='word_1_99' title='bbox 1432 1431 1697 1489; x_wconf 83' lang='lat' dir='ltr'><strong>Violentia</strong></span> <span class='ocrx_word' id='word_1_100' title='bbox 1728 1426 1892 1481; x_wconf 88' lang='lat' dir='ltr'><strong>multa</strong></span> 
     </span>
    </p>
   </div>
   <div class='ocr_carea' id='block_1_14' title="bbox 311 1524 1893 1616">
    <p class='ocr_par' dir='ltr' id='par_1_14' title="bbox 311 1524 1893 1616">
     <span class='ocr_line' id='line_1_14' title="bbox 311 1524 1893 1616; baseline -0.021 -13"><span class='ocrx_word' id='word_1_101' title='bbox 311 1558 394 1604; x_wconf 88' lang='lat' dir='ltr'><strong>est</strong></span> <span class='ocrx_word' id='word_1_102' title='bbox 414 1561 550 1616; x_wconf 77' lang='lat' dir='ltr'><strong>Opus</strong></span> <span class='ocrx_word' id='word_1_103' title='bbox 579 1546 597 1612; x_wconf 84' lang='lat'>(</span> <span class='ocrx_word' id='word_1_104' title='bbox 622 1558 740 1597; x_wconf 89' lang='lat' dir='ltr'><strong>nam</strong></span> <span class='ocrx_word' id='word_1_105' title='bbox 771 1546 991 1609; x_wconf 86' lang='lat' dir='ltr'><strong>angusta</strong></span> <span class='ocrx_word' id='word_1_106' title='bbox 1018 1543 1102 1589; x_wconf 89' lang='lat' dir='ltr'><strong>est</strong></span> <span class='ocrx_word' id='word_1_107' title='bbox 1130 1532 1211 1585; x_wconf 87' lang='lat' dir='ltr'><strong>via</strong></span> <span class='ocrx_word' id='word_1_108' title='bbox 1235 1530 1278 1601; x_wconf 94' lang='lat'><strong>),</strong></span> <span class='ocrx_word' id='word_1_109' title='bbox 1306 1538 1360 1583; x_wconf 90' lang='lat' dir='ltr'><strong>et</strong></span> <span class='ocrx_word' id='word_1_110' title='bbox 1382 1536 1602 1580; x_wconf 90' lang='lat' dir='ltr'><strong>strenuo</strong></span> <span class='ocrx_word' id='word_1_111' title='bbox 1645 1532 1782 1588; x_wconf 90' lang='lat' dir='ltr'><strong>opus</strong></span> <span class='ocrx_word' id='word_1_112' title='bbox 1810 1524 1893 1572; x_wconf 88' lang='lat' dir='ltr'><strong>est</strong></span> 
     </span>
    </p>
   </div>
   <div class='ocr_carea' id='block_1_15' title="bbox 312 1608 1904 1702">
    <p class='ocr_par' dir='ltr' id='par_1_15' title="bbox 312 1608 1904 1702">
     <span class='ocr_line' id='line_1_15' title="bbox 312 1608 1904 1702; baseline -0.022 -8"><span class='ocrx_word' id='word_1_113' title='bbox 312 1639 511 1693; x_wconf 86' lang='lat' dir='ltr'><strong>animo.</strong></span> <span class='ocrx_word' id='word_1_114' title='bbox 560 1635 662 1702; x_wconf 89' lang='lat' dir='ltr'><strong>Qui</strong></span> <span class='ocrx_word' id='word_1_115' title='bbox 710 1631 943 1700; x_wconf 85' lang='lat' dir='ltr'><strong>rapiunt,</strong></span> <span class='ocrx_word' id='word_1_116' title='bbox 976 1637 1165 1679; x_wconf 89' lang='lat' dir='ltr'><strong>onmcs</strong></span> <span class='ocrx_word' id='word_1_117' title='bbox 1188 1621 1371 1675; x_wconf 88' lang='lat' dir='ltr'><strong>volunt</strong></span> <span class='ocrx_word' id='word_1_118' title='bbox 1402 1621 1739 1669; x_wconf 90' lang='lat' dir='ltr'><strong>antevertere</strong></span> <span class='ocrx_word' id='word_1_119' title='bbox 1772 1627 1785 1663; x_wconf 88' lang='lat'><strong>:</strong></span> <span class='ocrx_word' id='word_1_120' title='bbox 1820 1608 1904 1661; x_wconf 63' lang='grc' dir='ltr'>ιιίι</span> 
     </span>
    </p>
   </div>
   <div class='ocr_carea' id='block_1_16' title="bbox 316 1701 1901 1798">
    <p class='ocr_par' dir='ltr' id='par_1_16' title="bbox 316 1701 1901 1798">
     <span class='ocr_line' id='line_1_16' title="bbox 316 1701 1901 1798; baseline -0.021 -14"><span class='ocrx_word' id='word_1_121' title='bbox 316 1730 389 1783; x_wconf 89' lang='lat' dir='ltr'><strong>hil</strong></span> <span class='ocrx_word' id='word_1_122' title='bbox 419 1728 728 1798; x_wconf 77' lang='lat' dir='ltr'><strong>reSpiciunt,</strong></span> <span class='ocrx_word' id='word_1_123' title='bbox 763 1737 867 1775; x_wconf 88' lang='lat' dir='ltr'><strong>non</strong></span> <span class='ocrx_word' id='word_1_124' title='bbox 899 1714 1319 1775; x_wconf 82' lang='lat' dir='ltr'><strong>damnationem,</strong></span> <span class='ocrx_word' id='word_1_125' title='bbox 1350 1724 1454 1761; x_wconf 88' lang='lat' dir='ltr'><strong>non</strong></span> <span class='ocrx_word' id='word_1_126' title='bbox 1485 1701 1901 1764; x_wconf 83' lang='lat' dir='ltr'><strong>accusationem,</strong></span> 
     </span>
    </p>
   </div>
   <div class='ocr_carea' id='block_1_17' title="bbox 316 1788 1905 1889">
    <p class='ocr_par' dir='ltr' id='par_1_17' title="bbox 316 1788 1905 1889">
     <span class='ocr_line' id='line_1_17' title="bbox 316 1788 1905 1889; baseline -0.023 -12"><span class='ocrx_word' id='word_1_127' title='bbox 316 1837 421 1876; x_wconf 93' lang='lat' dir='ltr'><strong>non</strong></span> <span class='ocrx_word' id='word_1_128' title='bbox 446 1818 791 1889; x_wconf 85' lang='lat' dir='ltr'><strong>supplicium,</strong></span> <span class='ocrx_word' id='word_1_129' title='bbox 821 1812 914 1867; x_wconf 92' lang='lat' dir='ltr'><strong>sed</strong></span> <span class='ocrx_word' id='word_1_130' title='bbox 957 1823 1121 1864; x_wconf 91' lang='lat' dir='ltr'><strong>unum</strong></span> <span class='ocrx_word' id='word_1_131' title='bbox 1181 1812 1409 1863; x_wconf 88' lang='lat' dir='ltr'><strong>tantum,</strong></span> <span class='ocrx_word' id='word_1_132' title='bbox 1442 1797 1495 1851; x_wconf 89' lang='lat' dir='ltr'><strong>id</strong></span> <span class='ocrx_word' id='word_1_133' title='bbox 1524 1808 1715 1864; x_wconf 87' lang='lat' dir='ltr'><strong>rapere</strong></span> <span class='ocrx_word' id='word_1_134' title='bbox 1762 1788 1905 1861; x_wconf 91' lang='lat' dir='ltr'><strong>quod</strong></span> 
     </span>
    </p>
   </div>
   <div class='ocr_carea' id='block_1_18' title="bbox 315 1881 1897 1983">
    <p class='ocr_par' dir='ltr' id='par_1_18' title="bbox 315 1881 1897 1983">
     <span class='ocr_line' id='line_1_18' title="bbox 315 1881 1897 1983; baseline -0.021 -16"><span class='ocrx_word' id='word_1_135' title='bbox 315 1922 587 1983; x_wconf 88' lang='lat' dir='ltr'><strong>appetunt,</strong></span> <span class='ocrx_word' id='word_1_136' title='bbox 616 1920 669 1964; x_wconf 90' lang='lat' dir='ltr'><strong>et</strong></span> <span class='ocrx_word' id='word_1_137' title='bbox 693 1920 878 1961; x_wconf 88' lang='lat' dir='ltr'><strong>omnes</strong></span> <span class='ocrx_word' id='word_1_138' title='bbox 901 1902 988 1972; x_wconf 91' lang='lat' dir='ltr'><strong>qui</strong></span> <span class='ocrx_word' id='word_1_139' title='bbox 1015 1907 1139 1954; x_wconf 86' lang='lat' dir='ltr'><strong>ante</strong></span> <span class='ocrx_word' id='word_1_140' title='bbox 1159 1903 1285 1950; x_wconf 89' lang='lat' dir='ltr'><strong>sunt</strong></span> <span class='ocrx_word' id='word_1_141' title='bbox 1306 1897 1640 1946; x_wconf 84' lang='lat' dir='ltr'><strong>antevertere</strong></span> <span class='ocrx_word' id='word_1_142' title='bbox 1661 1881 1897 1938; x_wconf 89' lang='lat' dir='ltr'><strong>student.</strong></span> 
     </span>
    </p>
   </div>
   <div class='ocr_carea' id='block_1_19' title="bbox 321 1969 1908 2075">
    <p class='ocr_par' dir='ltr' id='par_1_19' title="bbox 321 1969 1908 2075">
     <span class='ocr_line' id='line_1_19' title="bbox 321 1969 1908 2075; baseline -0.023 -17"><span class='ocrx_word' id='word_1_143' title='bbox 321 1969 605 2075; x_wconf 49' lang='lat' dir='ltr'><strong>Itapiamus</strong></span> <span class='ocrx_word' id='word_1_144' title='bbox 633 2014 762 2069; x_wconf 84' lang='lat' dir='ltr'><strong>ergo</strong></span> <span class='ocrx_word' id='word_1_145' title='bbox 789 1969 1009 2065; x_wconf 83' lang='lat' dir='ltr'><strong>regnum</strong></span> <span class='ocrx_word' id='word_1_146' title='bbox 1057 1991 1335 2043; x_wconf 70' lang='lat' dir='ltr'><strong>cmlorurn.</strong></span> <span class='ocrx_word' id='word_1_147' title='bbox 1394 1980 1507 2041; x_wconf 88' lang='lat' dir='ltr'><strong>Non</strong></span> <span class='ocrx_word' id='word_1_148' title='bbox 1548 1983 1632 2031; x_wconf 87' lang='lat' dir='ltr'><strong>est</strong></span> <span class='ocrx_word' id='word_1_149' title='bbox 1672 1974 1826 2041; x_wconf 89' lang='lat' dir='ltr'><strong>culpa</strong></span> <span class='ocrx_word' id='word_1_150' title='bbox 1854 1969 1908 2024; x_wconf 91' lang='lat' dir='ltr'><strong>id</strong></span> 
     </span>
    </p>
   </div>
   <div class='ocr_carea' id='block_1_20' title="bbox 318 2076 1907 2165">
    <p class='ocr_par' dir='ltr' id='par_1_20' title="bbox 318 2076 1907 2165">
     <span class='ocr_line' id='line_1_20' title="bbox 318 2076 1907 2165; baseline -0.023 -14"><span class='ocrx_word' id='word_1_151' title='bbox 318 2110 526 2165; x_wconf 87' lang='lat' dir='ltr'><strong>rapere.</strong></span> <span class='ocrx_word' id='word_1_152' title='bbox 556 2092 650 2146; x_wconf 88' lang='lat' dir='ltr'><strong>sed</strong></span> <span class='ocrx_word' id='word_1_153' title='bbox 684 2088 821 2143; x_wconf 85' lang='lat' dir='ltr'><strong>laudi</strong></span> <span class='ocrx_word' id='word_1_154' title='bbox 849 2087 1040 2147; x_wconf 88' lang='lat' dir='ltr'><strong>datur;</strong></span> <span class='ocrx_word' id='word_1_155' title='bbox 1084 2081 1239 2148; x_wconf 87' lang='lat' dir='ltr'><strong>culpa</strong></span> <span class='ocrx_word' id='word_1_156' title='bbox 1298 2090 1425 2129; x_wconf 86' lang='lat' dir='ltr'><strong>vero</strong></span> <span class='ocrx_word' id='word_1_157' title='bbox 1456 2079 1537 2125; x_wconf 81' lang='lat' dir='ltr'><strong>est</strong></span> <span class='ocrx_word' id='word_1_158' title='bbox 1567 2081 1671 2121; x_wconf 89' lang='lat' dir='ltr'><strong>non</strong></span> <span class='ocrx_word' id='word_1_159' title='bbox 1699 2076 1907 2132; x_wconf 88' lang='lat' dir='ltr'><strong>rapere.</strong></span> 
     </span>
    </p>
   </div>
   <div class='ocr_carea' id='block_1_21' title="bbox 321 2162 1908 2241">
    <p class='ocr_par' dir='ltr' id='par_1_21' title="bbox 321 2162 1908 2241">
     <span class='ocr_line' id='line_1_21' title="bbox 321 2162 1908 2241; baseline -0.023 0"><span class='ocrx_word' id='word_1_160' title='bbox 321 2188 415 2241; x_wconf 85' lang='lat' dir='ltr'><strong>llic</strong></span> <span class='ocrx_word' id='word_1_161' title='bbox 444 2183 642 2239; x_wconf 76' lang='lat' dir='ltr'><strong>divitia:</strong></span> <span class='ocrx_word' id='word_1_162' title='bbox 669 2189 867 2235; x_wconf 58' lang='lat' dir='ltr'><strong>nostra!</strong></span> <span class='ocrx_word' id='word_1_163' title='bbox 903 2190 1009 2229; x_wconf 92' lang='lat' dir='ltr'><strong>non</strong></span> <span class='ocrx_word' id='word_1_164' title='bbox 1040 2174 1090 2226; x_wconf 93' lang='lat' dir='ltr'><strong>in</strong></span> <span class='ocrx_word' id='word_1_165' title='bbox 1118 2170 1338 2224; x_wconf 85' lang='lat' dir='ltr'><strong>alterius</strong></span> <span class='ocrx_word' id='word_1_166' title='bbox 1375 2162 1756 2219; x_wconf 90' lang='lat' dir='ltr'><strong>detrimentum</strong></span> <span class='ocrx_word' id='word_1_167' title='bbox 1782 2167 1908 2208; x_wconf 86' lang='lat' dir='ltr'><strong>ver-</strong></span> 
     </span>
    </p>
   </div>
   <div class='ocr_carea' id='block_1_22' title="bbox 322 2241 1910 2336">
    <p class='ocr_par' dir='ltr' id='par_1_22' title="bbox 322 2241 1910 2336">
     <span class='ocr_line' id='line_1_22' title="bbox 322 2241 1910 2336; baseline -0.025 -4"><span class='ocrx_word' id='word_1_168' title='bbox 322 2286 455 2331; x_wconf 90' lang='lat' dir='ltr'><strong>tunt.</strong></span> <span class='ocrx_word' id='word_1_169' title='bbox 483 2271 801 2330; x_wconf 84' lang='lat' dir='ltr'><strong>Studeamus</strong></span> <span class='ocrx_word' id='word_1_170' title='bbox 824 2280 951 2336; x_wconf 86' lang='lat' dir='ltr'><strong>ergo</strong></span> <span class='ocrx_word' id='word_1_171' title='bbox 976 2263 1100 2318; x_wconf 88' lang='lat' dir='ltr'><strong>illud</strong></span> <span class='ocrx_word' id='word_1_172' title='bbox 1131 2272 1338 2328; x_wconf 87' lang='lat' dir='ltr'><strong>rapere.</strong></span> <span class='ocrx_word' id='word_1_173' title='bbox 1367 2255 1421 2309; x_wconf 90' lang='lat' dir='ltr'><strong>Si</strong></span> <span class='ocrx_word' id='word_1_174' title='bbox 1451 2256 1551 2313; x_wconf 87' lang='lat' dir='ltr'><strong>ira,</strong></span> <span class='ocrx_word' id='word_1_175' title='bbox 1584 2248 1629 2303; x_wconf 88' lang='lat' dir='ltr'><strong>si</strong></span> <span class='ocrx_word' id='word_1_176' title='bbox 1658 2241 1910 2311; x_wconf 90' lang='lat' dir='ltr'><strong>concupi-</strong></span> 
     </span>
    </p>
   </div>
   <div class='ocr_carea' id='block_1_23' title="bbox 321 2335 1910 2427">
    <p class='ocr_par' dir='ltr' id='par_1_23' title="bbox 321 2335 1910 2427">
     <span class='ocr_line' id='line_1_23' title="bbox 321 2335 1910 2427; baseline -0.026 -1"><span class='ocrx_word' id='word_1_177' title='bbox 321 2368 521 2425; x_wconf 89' lang='lat' dir='ltr'><strong>scentia</strong></span> <span class='ocrx_word' id='word_1_178' title='bbox 551 2366 770 2427; x_wconf 88' lang='lat' dir='ltr'><strong>instent,</strong></span> <span class='ocrx_word' id='word_1_179' title='bbox 802 2368 1006 2414; x_wconf 67' lang='lat' dir='ltr'><strong>naturae</strong></span> <span class='ocrx_word' id='word_1_180' title='bbox 1026 2356 1134 2408; x_wconf 85' lang='lat' dir='ltr'><strong>vim</strong></span> <span class='ocrx_word' id='word_1_181' title='bbox 1163 2351 1449 2407; x_wconf 89' lang='lat' dir='ltr'><strong>inferamus</strong></span> <span class='ocrx_word' id='word_1_182' title='bbox 1472 2384 1489 2409; x_wconf 94' lang='lat'><strong>,</strong></span> <span class='ocrx_word' id='word_1_183' title='bbox 1520 2335 1910 2395; x_wconf 87' lang='lat' dir='ltr'><strong>mansuetiores</strong></span> 
     </span>
    </p>
   </div>
   <div class='ocr_carea' id='block_1_24' title="bbox 322 2431 1909 2528">
    <p class='ocr_par' dir='ltr' id='par_1_24' title="bbox 322 2431 1909 2528">
     <span class='ocr_line' id='line_1_24' title="bbox 322 2431 1909 2528; baseline -0.025 -11"><span class='ocrx_word' id='word_1_184' title='bbox 322 2465 511 2527; x_wconf 87' lang='lat' dir='ltr'><strong>simus,</strong></span> <span class='ocrx_word' id='word_1_185' title='bbox 537 2454 806 2528; x_wconf 86' lang='lat' dir='ltr'><strong>paululum</strong></span> <span class='ocrx_word' id='word_1_186' title='bbox 836 2451 1158 2511; x_wconf 85' lang='lat' dir='ltr'><strong>laboremus,</strong></span> <span class='ocrx_word' id='word_1_187' title='bbox 1188 2451 1245 2497; x_wconf 90' lang='lat' dir='ltr'><strong>ut</strong></span> <span class='ocrx_word' id='word_1_188' title='bbox 1268 2446 1526 2511; x_wconf 77' lang='lat' dir='ltr'><strong>perpetrm</strong></span> <span class='ocrx_word' id='word_1_189' title='bbox 1548 2431 1909 2503; x_wconf 87' lang='lat' dir='ltr'><strong>quiescamus.</strong></span> 
     </span>
    </p>
   </div>
   <div class='ocr_carea' id='block_1_25' title="bbox 321 2526 1911 2620">
    <p class='ocr_par' dir='ltr' id='par_1_25' title="bbox 321 2526 1911 2620">
     <span class='ocr_line' id='line_1_25' title="bbox 321 2526 1911 2620; baseline -0.026 -11"><span class='ocrx_word' id='word_1_190' title='bbox 321 2554 400 2609; x_wconf 81' lang='lat' dir='ltr'><strong>Ne</strong></span> <span class='ocrx_word' id='word_1_191' title='bbox 440 2526 616 2620; x_wconf 85' lang='lat' dir='ltr'><strong>rapias</strong></span> <span class='ocrx_word' id='word_1_192' title='bbox 644 2557 863 2608; x_wconf 89' lang='lat' dir='ltr'><strong>aurum;</strong></span> <span class='ocrx_word' id='word_1_193' title='bbox 892 2539 984 2594; x_wconf 89' lang='lat' dir='ltr'><strong>sed</strong></span> <span class='ocrx_word' id='word_1_194' title='bbox 1013 2539 1130 2592; x_wconf 90' lang='lat' dir='ltr'><strong>illas</strong></span> <span class='ocrx_word' id='word_1_195' title='bbox 1160 2548 1290 2603; x_wconf 88' lang='lat' dir='ltr'><strong>rape</strong></span> <span class='ocrx_word' id='word_1_196' title='bbox 1315 2528 1525 2585; x_wconf 87' lang='lat' dir='ltr'><strong>divitias</strong></span> <span class='ocrx_word' id='word_1_197' title='bbox 1544 2562 1560 2591; x_wconf 89' lang='lat'><strong>,</strong></span> <span class='ocrx_word' id='word_1_198' title='bbox 1588 2534 1707 2590; x_wconf 74' lang='lat' dir='ltr'><strong>qua:</strong></span> <span class='ocrx_word' id='word_1_199' title='bbox 1733 2526 1786 2571; x_wconf 92' lang='lat' dir='ltr'><strong>te</strong></span> <span class='ocrx_word' id='word_1_200' title='bbox 1810 2529 1911 2569; x_wconf 89' lang='lat' dir='ltr'><strong>au-</strong></span> 
     </span>
    </p>
   </div>
   <div class='ocr_carea' id='block_1_26' title="bbox 325 2607 1910 2712">
    <p class='ocr_par' dir='ltr' id='par_1_26' title="bbox 325 2607 1910 2712">
     <span class='ocr_line' id='line_1_26' title="bbox 325 2607 1910 2712; baseline -0.027 -12"><span class='ocrx_word' id='word_1_201' title='bbox 325 2607 442 2699; x_wconf 74' lang='lat' dir='ltr'><strong>rum</strong></span> <span class='ocrx_word' id='word_1_202' title='bbox 470 2607 564 2712; x_wconf 73' lang='lat' dir='ltr'><strong>pro</strong></span> <span class='ocrx_word' id='word_1_203' title='bbox 592 2640 707 2694; x_wconf 89' lang='lat' dir='ltr'><strong>luto</strong></span> <span class='ocrx_word' id='word_1_204' title='bbox 730 2607 927 2689; x_wconf 89' lang='lat' dir='ltr'><strong>habere</strong></span> <span class='ocrx_word' id='word_1_205' title='bbox 952 2626 1232 2685; x_wconf 88' lang='lat' dir='ltr'><strong>suadeant.</strong></span> <span class='ocrx_word' id='word_1_206' title='bbox 1258 2624 1352 2676; x_wconf 88' lang='lat' dir='ltr'><strong>Dic</strong></span> <span class='ocrx_word' id='word_1_207' title='bbox 1381 2617 1532 2681; x_wconf 91' lang='lat' dir='ltr'><strong>mihi,</strong></span> <span class='ocrx_word' id='word_1_208' title='bbox 1562 2614 1605 2668; x_wconf 91' lang='lat' dir='ltr'><strong>si</strong></span> <span class='ocrx_word' id='word_1_209' title='bbox 1635 2607 1910 2680; x_wconf 87' lang='lat' dir='ltr'><strong>plumbum</strong></span> 
     </span>
    </p>
   </div>
   <div class='ocr_carea' id='block_1_27' title="bbox 328 2696 1916 2800">
    <p class='ocr_par' dir='ltr' id='par_1_27' title="bbox 328 2696 1916 2800">
     <span class='ocr_line' id='line_1_27' title="bbox 328 2696 1916 2800; baseline -0.026 -9"><span class='ocrx_word' id='word_1_210' title='bbox 328 2748 382 2791; x_wconf 84' lang='lat' dir='ltr'><strong>et</strong></span> <span class='ocrx_word' id='word_1_211' title='bbox 409 2747 596 2789; x_wconf 90' lang='lat' dir='ltr'><strong>aurum</strong></span> <span class='ocrx_word' id='word_1_212' title='bbox 623 2734 945 2800; x_wconf 88' lang='lat' dir='ltr'><strong>prostarent,</strong></span> <span class='ocrx_word' id='word_1_213' title='bbox 967 2721 1092 2793; x_wconf 89' lang='lat' dir='ltr'><strong>quid</strong></span> <span class='ocrx_word' id='word_1_214' title='bbox 1118 2714 1372 2787; x_wconf 89' lang='lat' dir='ltr'><strong>raperes?</strong></span> <span class='ocrx_word' id='word_1_215' title='bbox 1393 2721 1568 2765; x_wconf 84' lang='lat' dir='ltr'><strong>nonne</strong></span> <span class='ocrx_word' id='word_1_216' title='bbox 1592 2699 1815 2758; x_wconf 88' lang='lat' dir='ltr'><strong>aurum?</strong></span> <span class='ocrx_word' id='word_1_217' title='bbox 1838 2696 1916 2751; x_wconf 88' lang='lat' dir='ltr'><strong>Tu</strong></span> 
     </span>
    </p>
   </div>
   <div class='ocr_carea' id='block_1_28' title="bbox 1366 302 2484 368">
    <p class='ocr_par' dir='ltr' id='par_1_28' title="bbox 1366 302 2484 368">
     <span class='ocr_line' id='line_1_28' title="bbox 1366 302 2484 368; baseline -0.01 -1"><span class='ocrx_word' id='word_1_218' title='bbox 1366 313 1425 368; x_wconf 61' lang='grc' dir='ltr'><strong>ΙΝ</strong></span> <span class='ocrx_word' id='word_1_219' title='bbox 1463 306 1773 365; x_wconf 80' lang='lat' dir='ltr'><strong>JOANNEM</strong></span> <span class='ocrx_word' id='word_1_220' title='bbox 1814 304 2044 361; x_wconf 76' lang='lat' dir='ltr'><strong>HOMIL.</strong></span> <span class='ocrx_word' id='word_1_221' title='bbox 2086 304 2196 361; x_wconf 83' lang='lat' dir='ltr'><strong>LV.</strong></span> <span class='ocrx_word' id='word_1_222' title='bbox 2236 304 2307 357; x_wconf 94' lang='lat' dir='ltr'><strong>al.</strong></span> <span class='ocrx_word' id='word_1_223' title='bbox 2349 302 2484 357; x_wconf 81' lang='lat' dir='ltr'><strong>LIV.</strong></span> 
     </span>
    </p>
   </div>
   <div class='ocr_carea' id='block_1_29' title="bbox 3490 301 3594 358">
    <p class='ocr_par' dir='ltr' id='par_1_29' title="bbox 3490 301 3594 358">
     <span class='ocr_line' id='line_1_29' title="bbox 3490 301 3594 358; baseline -0.019 1"><span class='ocrx_word' id='word_1_224' title='bbox 3490 301 3594 358; x_wconf 69' lang='grc'><strong>302</strong></span> 
     </span>
    </p>
   </div>
   <div class='ocr_carea' id='block_1_30' title="bbox 1999 417 3583 489">
    <p class='ocr_par' dir='ltr' id='par_1_30' title="bbox 1999 417 3583 489">
     <span class='ocr_line' id='line_1_30' title="bbox 1999 417 3583 489; baseline 0.002 -20"><span class='ocrx_word' id='word_1_225' title='bbox 1999 436 2122 474; x_wconf 85' lang='lat' dir='ltr'><strong>vero</strong></span> <span class='ocrx_word' id='word_1_226' title='bbox 2163 420 2250 473; x_wconf 89' lang='lat' dir='ltr'><strong>ubi</strong></span> <span class='ocrx_word' id='word_1_227' title='bbox 2283 420 2328 473; x_wconf 89' lang='lat' dir='ltr'><strong>is</strong></span> <span class='ocrx_word' id='word_1_228' title='bbox 2351 420 2441 488; x_wconf 90' lang='lat' dir='ltr'><strong>qui</strong></span> <span class='ocrx_word' id='word_1_229' title='bbox 2473 418 2611 487; x_wconf 87' lang='lat' dir='ltr'><strong>rapit</strong></span> <span class='ocrx_word' id='word_1_230' title='bbox 2661 418 2897 488; x_wconf 87' lang='lat' dir='ltr'><strong>punitur,</strong></span> <span class='ocrx_word' id='word_1_231' title='bbox 2919 417 3062 489; x_wconf 87' lang='lat' dir='ltr'><strong>quod</strong></span> <span class='ocrx_word' id='word_1_232' title='bbox 3095 418 3267 487; x_wconf 82' lang='lat' dir='ltr'><strong>majus</strong></span> <span class='ocrx_word' id='word_1_233' title='bbox 3299 427 3380 471; x_wconf 90' lang='lat' dir='ltr'><strong>est</strong></span> <span class='ocrx_word' id='word_1_234' title='bbox 3412 417 3583 472; x_wconf 89' lang='lat' dir='ltr'><strong>hono-</strong></span> 
     </span>
    </p>
   </div>
   <div class='ocr_carea' id='block_1_31' title="bbox 1996 508 3585 579">
    <p class='ocr_par' dir='ltr' id='par_1_31' title="bbox 1996 508 3585 579">
     <span class='ocr_line' id='line_1_31' title="bbox 1996 508 3585 579; baseline -0.003 -13"><span class='ocrx_word' id='word_1_235' title='bbox 1996 527 2117 574; x_wconf 84' lang='lat' dir='ltr'><strong>ras;</strong></span> <span class='ocrx_word' id='word_1_236' title='bbox 2141 511 2229 566; x_wconf 91' lang='lat' dir='ltr'><strong>ubi</strong></span> <span class='ocrx_word' id='word_1_237' title='bbox 2250 519 2430 565; x_wconf 88' lang='lat' dir='ltr'><strong>autem</strong></span> <span class='ocrx_word' id='word_1_238' title='bbox 2454 521 2638 579; x_wconf 87' lang='lat' dir='ltr'><strong>raptor</strong></span> <span class='ocrx_word' id='word_1_239' title='bbox 2659 510 2969 574; x_wconf 84' lang='lat' dir='ltr'><strong>honoratur,</strong></span> <span class='ocrx_word' id='word_1_240' title='bbox 2992 509 3130 578; x_wconf 88' lang='lat' dir='ltr'><strong>quod</strong></span> <span class='ocrx_word' id='word_1_241' title='bbox 3162 508 3332 578; x_wconf 84' lang='lat' dir='ltr'><strong>majus</strong></span> <span class='ocrx_word' id='word_1_242' title='bbox 3356 518 3439 563; x_wconf 89' lang='lat' dir='ltr'><strong>est</strong></span> <span class='ocrx_word' id='word_1_243' title='bbox 3460 523 3585 578; x_wconf 87' lang='lat' dir='ltr'><strong>pro-</strong></span> 
     </span>
    </p>
   </div>
   <div class='ocr_carea' id='block_1_32' title="bbox 1998 600 3584 671">
    <p class='ocr_par' dir='ltr' id='par_1_32' title="bbox 1998 600 3584 671">
     <span class='ocr_line' id='line_1_32' title="bbox 1998 600 3584 671; baseline -0.003 -13"><span class='ocrx_word' id='word_1_244' title='bbox 1998 604 2099 658; x_wconf 90' lang='lat' dir='ltr'><strong>dis.</strong></span> <span class='ocrx_word' id='word_1_245' title='bbox 2127 604 2280 669; x_wconf 92' lang='lat' dir='ltr'><strong>Quod</strong></span> <span class='ocrx_word' id='word_1_246' title='bbox 2310 604 2352 656; x_wconf 87' lang='lat' dir='ltr'><strong>si</strong></span> <span class='ocrx_word' id='word_1_247' title='bbox 2384 603 2633 670; x_wconf 80' lang='lat' dir='ltr'><strong>ntrinque</strong></span> <span class='ocrx_word' id='word_1_248' title='bbox 2677 603 2882 671; x_wconf 89' lang='lat' dir='ltr'><strong>punitio</strong></span> <span class='ocrx_word' id='word_1_249' title='bbox 2933 611 3099 665; x_wconf 89' lang='lat' dir='ltr'><strong>esset,</strong></span> <span class='ocrx_word' id='word_1_250' title='bbox 3143 616 3319 655; x_wconf 89' lang='lat' dir='ltr'><strong>annon</strong></span> <span class='ocrx_word' id='word_1_251' title='bbox 3368 600 3433 653; x_wconf 89' lang='lat' dir='ltr'><strong>ad</strong></span> <span class='ocrx_word' id='word_1_252' title='bbox 3480 600 3584 655; x_wconf 89' lang='lat' dir='ltr'><strong>hoc</strong></span> 
     </span>
    </p>
   </div>
   <div class='ocr_carea' id='block_1_33' title="bbox 2000 690 3581 765">
    <p class='ocr_par' dir='ltr' id='par_1_33' title="bbox 2000 690 3581 765">
     <span class='ocr_line' id='line_1_33' title="bbox 2000 690 3581 765; baseline -0.004 -16"><span class='ocrx_word' id='word_1_253' title='bbox 2000 695 2167 765; x_wconf 87' lang='lat' dir='ltr'><strong>magis</strong></span> <span class='ocrx_word' id='word_1_254' title='bbox 2191 694 2469 749; x_wconf 85' lang='lat' dir='ltr'><strong>venisses?</strong></span> <span class='ocrx_word' id='word_1_255' title='bbox 2508 693 2607 748; x_wconf 87' lang='lat' dir='ltr'><strong>Hic</strong></span> <span class='ocrx_word' id='word_1_256' title='bbox 2642 702 2818 747; x_wconf 89' lang='lat' dir='ltr'><strong>autem</strong></span> <span class='ocrx_word' id='word_1_257' title='bbox 2856 691 2984 746; x_wconf 89' lang='lat' dir='ltr'><strong>nihil</strong></span> <span class='ocrx_word' id='word_1_258' title='bbox 3018 692 3121 744; x_wconf 89' lang='lat' dir='ltr'><strong>tale</strong></span> <span class='ocrx_word' id='word_1_259' title='bbox 3148 701 3263 753; x_wconf 89' lang='lat' dir='ltr'><strong>est,</strong></span> <span class='ocrx_word' id='word_1_260' title='bbox 3287 690 3379 745; x_wconf 92' lang='lat' dir='ltr'><strong>sed</strong></span> <span class='ocrx_word' id='word_1_261' title='bbox 3412 690 3581 744; x_wconf 85' lang='lat' dir='ltr'><strong>beati—</strong></span> 
     </span>
    </p>
   </div>
   <div class='ocr_carea' id='block_1_34' title="bbox 2000 779 3583 855">
    <p class='ocr_par' dir='ltr' id='par_1_34' title="bbox 2000 779 3583 855">
     <span class='ocr_line' id='line_1_34' title="bbox 2000 779 3583 855; baseline -0.004 -14"><span class='ocrx_word' id='word_1_262' title='bbox 2000 787 2149 841; x_wconf 88' lang='lat' dir='ltr'><strong>tudo.</strong></span> <span class='ocrx_word' id='word_1_263' title='bbox 2176 785 2245 839; x_wconf 92' lang='lat' dir='ltr'><strong>Et</strong></span> <span class='ocrx_word' id='word_1_264' title='bbox 2273 784 2560 855; x_wconf 89' lang='lat' dir='ltr'><strong>quomodo,</strong></span> <span class='ocrx_word' id='word_1_265' title='bbox 2591 782 2800 852; x_wconf 86' lang='lat' dir='ltr'><strong>inquies</strong></span> <span class='ocrx_word' id='word_1_266' title='bbox 2820 825 2835 849; x_wconf 91' lang='lat'><strong>,</strong></span> <span class='ocrx_word' id='word_1_267' title='bbox 2864 782 2976 851; x_wconf 86' lang='lat' dir='ltr'><strong>rapi</strong></span> <span class='ocrx_word' id='word_1_268' title='bbox 3029 781 3242 850; x_wconf 83' lang='lat' dir='ltr'><strong>potest?</strong></span> <span class='ocrx_word' id='word_1_269' title='bbox 3282 779 3491 849; x_wconf 86' lang='lat' dir='ltr'><strong>Projice</strong></span> <span class='ocrx_word' id='word_1_270' title='bbox 3518 795 3583 835; x_wconf 86' lang='lat' dir='ltr'><strong>ea</strong></span> 
     </span>
    </p>
   </div>
   <div class='ocr_carea' id='block_1_35' title="bbox 1999 872 3583 950">
    <p class='ocr_par' dir='ltr' id='par_1_35' title="bbox 1999 872 3583 950">
     <span class='ocr_line' id='line_1_35' title="bbox 1999 872 3583 950; baseline -0.004 -18"><span class='ocrx_word' id='word_1_271' title='bbox 1999 894 2117 950; x_wconf 68' lang='lat' dir='ltr'><strong>qum</strong></span> <span class='ocrx_word' id='word_1_272' title='bbox 2142 892 2253 948; x_wconf 75' lang='lat' dir='ltr'><strong>pra:</strong></span> <span class='ocrx_word' id='word_1_273' title='bbox 2281 877 2526 931; x_wconf 88' lang='lat' dir='ltr'><strong>manibus</strong></span> <span class='ocrx_word' id='word_1_274' title='bbox 2554 875 2737 930; x_wconf 88' lang='lat' dir='ltr'><strong>habes.</strong></span> <span class='ocrx_word' id='word_1_275' title='bbox 2766 876 2942 929; x_wconf 90' lang='lat' dir='ltr'><strong>Donec</strong></span> <span class='ocrx_word' id='word_1_276' title='bbox 2968 874 3110 928; x_wconf 91' lang='lat' dir='ltr'><strong>enim</strong></span> <span class='ocrx_word' id='word_1_277' title='bbox 3138 873 3254 928; x_wconf 78' lang='lat' dir='ltr'><strong>haec</strong></span> <span class='ocrx_word' id='word_1_278' title='bbox 3278 873 3294 905; x_wconf 81' lang='grc'>¹</span> <span class='ocrx_word' id='word_1_279' title='bbox 3326 872 3583 932; x_wconf 80' lang='lat' dir='ltr'><strong>tenueris,</strong></span> 
     </span>
    </p>
   </div>
   <div class='ocr_carea' id='block_1_36' title="bbox 2002 963 3589 1039">
    <p class='ocr_par' dir='ltr' id='par_1_36' title="bbox 2002 963 3589 1039">
     <span class='ocr_line' id='line_1_36' title="bbox 2002 963 3589 1039; baseline -0.005 -14"><span class='ocrx_word' id='word_1_280' title='bbox 2002 971 2087 1025; x_wconf 90' lang='lat' dir='ltr'><strong>illa</strong></span> <span class='ocrx_word' id='word_1_281' title='bbox 2120 984 2310 1039; x_wconf 88' lang='lat' dir='ltr'><strong>rapere</strong></span> <span class='ocrx_word' id='word_1_282' title='bbox 2337 983 2442 1021; x_wconf 92' lang='lat' dir='ltr'><strong>non</strong></span> <span class='ocrx_word' id='word_1_283' title='bbox 2475 976 2647 1038; x_wconf 89' lang='lat' dir='ltr'><strong>potes.</strong></span> <span class='ocrx_word' id='word_1_284' title='bbox 2700 965 2886 1035; x_wconf 85' lang='lat' dir='ltr'><strong>Cogita</strong></span> <span class='ocrx_word' id='word_1_285' title='bbox 2932 965 3106 1019; x_wconf 89' lang='lat' dir='ltr'><strong>virum</strong></span> <span class='ocrx_word' id='word_1_286' title='bbox 3151 972 3374 1033; x_wconf 86' lang='lat' dir='ltr'><strong>argento</strong></span> <span class='ocrx_word' id='word_1_287' title='bbox 3402 963 3589 1032; x_wconf 84' lang='lat' dir='ltr'><strong>plenas</strong></span> 
     </span>
    </p>
   </div>
   <div class='ocr_carea' id='block_1_37' title="bbox 2004 1056 3589 1128">
    <p class='ocr_par' dir='ltr' id='par_1_37' title="bbox 2004 1056 3589 1128">
     <span class='ocr_line' id='line_1_37' title="bbox 2004 1056 3589 1128; baseline -0.006 -12"><span class='ocrx_word' id='word_1_288' title='bbox 2004 1076 2192 1117; x_wconf 91' lang='lat' dir='ltr'><strong>manus</strong></span> <span class='ocrx_word' id='word_1_289' title='bbox 2231 1062 2548 1125; x_wconf 87' lang='lat' dir='ltr'><strong>habentem;</strong></span> <span class='ocrx_word' id='word_1_290' title='bbox 2578 1076 2703 1114; x_wconf 91' lang='lat' dir='ltr'><strong>num</strong></span> <span class='ocrx_word' id='word_1_291' title='bbox 2749 1058 2943 1128; x_wconf 91' lang='lat' dir='ltr'><strong>poterit</strong></span> <span class='ocrx_word' id='word_1_292' title='bbox 2988 1056 3089 1111; x_wconf 90' lang='lat' dir='ltr'><strong>hoc</strong></span> <span class='ocrx_word' id='word_1_293' title='bbox 3132 1064 3344 1111; x_wconf 89' lang='lat' dir='ltr'><strong>retento</strong></span> <span class='ocrx_word' id='word_1_294' title='bbox 3398 1069 3589 1109; x_wconf 91' lang='lat' dir='ltr'><strong>aurum</strong></span> 
     </span>
    </p>
   </div>
   <div class='ocr_carea' id='block_1_38' title="bbox 2003 1146 3592 1226">
    <p class='ocr_par' dir='ltr' id='par_1_38' title="bbox 2003 1146 3592 1226">
     <span class='ocr_line' id='line_1_38' title="bbox 2003 1146 3592 1226; baseline -0.008 -16"><span class='ocrx_word' id='word_1_295' title='bbox 2003 1170 2209 1226; x_wconf 86' lang='lat' dir='ltr'><strong>rapere,</strong></span> <span class='ocrx_word' id='word_1_296' title='bbox 2261 1153 2359 1208; x_wconf 89' lang='lat' dir='ltr'><strong>nisi</strong></span> <span class='ocrx_word' id='word_1_297' title='bbox 2416 1152 2547 1207; x_wconf 90' lang='lat' dir='ltr'><strong>illud</strong></span> <span class='ocrx_word' id='word_1_298' title='bbox 2604 1152 2751 1221; x_wconf 91' lang='lat' dir='ltr'><strong>prius</strong></span> <span class='ocrx_word' id='word_1_299' title='bbox 2804 1150 3047 1219; x_wconf 85' lang='lat' dir='ltr'><strong>projiciat</strong></span> <span class='ocrx_word' id='word_1_300' title='bbox 3075 1158 3129 1203; x_wconf 90' lang='lat' dir='ltr'><strong>et</strong></span> <span class='ocrx_word' id='word_1_301' title='bbox 3154 1147 3432 1217; x_wconf 79' lang='lat' dir='ltr'><strong>expeditus</strong></span> <span class='ocrx_word' id='word_1_302' title='bbox 3478 1146 3592 1202; x_wconf 78' lang='lat' dir='ltr'><strong>sit?</strong></span> 
     </span>
    </p>
   </div>
   <div class='ocr_carea' id='block_1_39' title="bbox 2004 1241 3590 1317">
    <p class='ocr_par' dir='ltr' id='par_1_39' title="bbox 2004 1241 3590 1317">
     <span class='ocr_line' id='line_1_39' title="bbox 2004 1241 3590 1317; baseline -0.007 -15"><span class='ocrx_word' id='word_1_303' title='bbox 2004 1248 2292 1317; x_wconf 81' lang='lat' dir='ltr'><strong>Raptorem</strong></span> <span class='ocrx_word' id='word_1_304' title='bbox 2320 1246 2460 1300; x_wconf 89' lang='lat' dir='ltr'><strong>enim</strong></span> <span class='ocrx_word' id='word_1_305' title='bbox 2501 1242 2804 1313; x_wconf 83' lang='lat' dir='ltr'><strong>expeditum</strong></span> <span class='ocrx_word' id='word_1_306' title='bbox 2838 1256 2957 1297; x_wconf 82' lang='lat' dir='ltr'><strong>esse</strong></span> <span class='ocrx_word' id='word_1_307' title='bbox 3000 1248 3231 1309; x_wconf 86' lang='lat' dir='ltr'><strong>oportet,</strong></span> <span class='ocrx_word' id='word_1_308' title='bbox 3261 1255 3328 1293; x_wconf 91' lang='lat' dir='ltr'><strong>ne</strong></span> <span class='ocrx_word' id='word_1_309' title='bbox 3357 1241 3590 1294; x_wconf 87' lang='lat' dir='ltr'><strong>retinea-</strong></span> 
     </span>
    </p>
   </div>
   <div class='ocr_carea' id='block_1_40' title="bbox 2006 1333 3593 1405">
    <p class='ocr_par' dir='ltr' id='par_1_40' title="bbox 2006 1333 3593 1405">
     <span class='ocr_line' id='line_1_40' title="bbox 2006 1333 3593 1405; baseline -0.006 -12"><span class='ocrx_word' id='word_1_310' title='bbox 2006 1351 2111 1393; x_wconf 91' lang='lat' dir='ltr'><strong>tur.</strong></span> <span class='ocrx_word' id='word_1_311' title='bbox 2157 1338 2287 1392; x_wconf 87' lang='lat' dir='ltr'><strong>Nam</strong></span> <span class='ocrx_word' id='word_1_312' title='bbox 2331 1346 2453 1391; x_wconf 90' lang='lat' dir='ltr'><strong>sunt</strong></span> <span class='ocrx_word' id='word_1_313' title='bbox 2497 1335 2739 1405; x_wconf 72' lang='lat' dir='ltr'><strong>qumdam</strong></span> <span class='ocrx_word' id='word_1_314' title='bbox 2783 1333 3101 1387; x_wconf 77' lang='lat' dir='ltr'><strong>adversariae</strong></span> <span class='ocrx_word' id='word_1_315' title='bbox 3144 1341 3436 1401; x_wconf 85' lang='lat' dir='ltr'><strong>potestates</strong></span> <span class='ocrx_word' id='word_1_316' title='bbox 3472 1346 3593 1401; x_wconf 75' lang='lat' dir='ltr'><strong>qnze</strong></span> 
     </span>
    </p>
   </div>
   <div class='ocr_carea' id='block_1_41' title="bbox 2006 1422 3592 1492">
    <p class='ocr_par' dir='ltr' id='par_1_41' title="bbox 2006 1422 3592 1492">
     <span class='ocr_line' id='line_1_41' title="bbox 2006 1422 3592 1492; baseline -0.006 -7"><span class='ocrx_word' id='word_1_317' title='bbox 2006 1446 2104 1486; x_wconf 86' lang='lat' dir='ltr'><strong>nos</strong></span> <span class='ocrx_word' id='word_1_318' title='bbox 2144 1428 2418 1491; x_wconf 90' lang='lat' dir='ltr'><strong>invadunt,</strong></span> <span class='ocrx_word' id='word_1_319' title='bbox 2447 1438 2502 1480; x_wconf 90' lang='grc' dir='ltr'><strong>ιιι</strong></span> <span class='ocrx_word' id='word_1_320' title='bbox 2531 1426 2657 1480; x_wconf 90' lang='lat' dir='ltr'><strong>illud</strong></span> <span class='ocrx_word' id='word_1_321' title='bbox 2704 1423 2965 1479; x_wconf 89' lang='lat' dir='ltr'><strong>auferant.</strong></span> <span class='ocrx_word' id='word_1_322' title='bbox 3019 1423 3125 1478; x_wconf 91' lang='lat' dir='ltr'><strong>Sed</strong></span> <span class='ocrx_word' id='word_1_323' title='bbox 3160 1422 3420 1492; x_wconf 79' lang='lat' dir='ltr'><strong>fugiamus</strong></span> <span class='ocrx_word' id='word_1_324' title='bbox 3449 1422 3592 1487; x_wconf 88' lang='lat' dir='ltr'><strong>illas,</strong></span> 
     </span>
    </p>
   </div>
   <div class='ocr_carea' id='block_1_42' title="bbox 2007 1513 3596 1593">
    <p class='ocr_par' dir='ltr' id='par_1_42' title="bbox 2007 1513 3596 1593">
     <span class='ocr_line' id='line_1_42' title="bbox 2007 1513 3596 1593; baseline -0.008 -15"><span class='ocrx_word' id='word_1_325' title='bbox 2007 1524 2292 1593; x_wconf 83' lang='lat' dir='ltr'><strong>fugiamus,</strong></span> <span class='ocrx_word' id='word_1_326' title='bbox 2317 1521 2516 1575; x_wconf 89' lang='lat' dir='ltr'><strong>nullam</strong></span> <span class='ocrx_word' id='word_1_327' title='bbox 2542 1519 2903 1588; x_wconf 83' lang='lat' dir='ltr'><strong>relinquamus</strong></span> <span class='ocrx_word' id='word_1_328' title='bbox 2934 1516 3063 1570; x_wconf 88' lang='lat' dir='ltr'><strong>foris</strong></span> <span class='ocrx_word' id='word_1_329' title='bbox 3084 1530 3287 1568; x_wconf 85' lang='lat' dir='ltr'><strong>ansam.</strong></span> <span class='ocrx_word' id='word_1_330' title='bbox 3318 1513 3596 1568; x_wconf 83' lang='lat' dir='ltr'><strong>Funesin-</strong></span> 
     </span>
    </p>
   </div>
   <div class='ocr_carea' id='block_1_43' title="bbox 2007 1605 3599 1680">
    <p class='ocr_par' dir='ltr' id='par_1_43' title="bbox 2007 1605 3599 1680">
     <span class='ocr_line' id='line_1_43' title="bbox 2007 1605 3599 1680; baseline -0.008 -10"><span class='ocrx_word' id='word_1_331' title='bbox 2007 1619 2269 1680; x_wconf 88' lang='lat' dir='ltr'><strong>cidamns,</strong></span> <span class='ocrx_word' id='word_1_332' title='bbox 2300 1613 2426 1667; x_wconf 91' lang='lat' dir='ltr'><strong>nudi</strong></span> <span class='ocrx_word' id='word_1_333' title='bbox 2470 1612 2632 1666; x_wconf 87' lang='lat' dir='ltr'><strong>rebus</strong></span> <span class='ocrx_word' id='word_1_334' title='bbox 2676 1608 3024 1663; x_wconf 66' lang='lat' dir='ltr'><strong>smcularibus</strong></span> <span class='ocrx_word' id='word_1_335' title='bbox 3054 1607 3241 1660; x_wconf 84' lang='lat' dir='ltr'><strong>simus.</strong></span> <span class='ocrx_word' id='word_1_336' title='bbox 3288 1605 3420 1672; x_wconf 90' lang='lat' dir='ltr'><strong>Quis</strong></span> <span class='ocrx_word' id='word_1_337' title='bbox 3467 1619 3599 1658; x_wconf 85' lang='lat' dir='ltr'><strong>usus</strong></span> 
     </span>
    </p>
   </div>
   <div class='ocr_carea' id='block_1_44' title="bbox 2009 1695 3597 1769">
    <p class='ocr_par' dir='ltr' id='par_1_44' title="bbox 2009 1695 3597 1769">
     <span class='ocr_line' id='line_1_44' title="bbox 2009 1695 3597 1769; baseline -0.009 -8"><span class='ocrx_word' id='word_1_338' title='bbox 2009 1717 2091 1762; x_wconf 91' lang='lat' dir='ltr'><strong>cst</strong></span> <span class='ocrx_word' id='word_1_339' title='bbox 2120 1705 2411 1761; x_wconf 88' lang='lat' dir='ltr'><strong>sericarum</strong></span> <span class='ocrx_word' id='word_1_340' title='bbox 2438 1703 2664 1757; x_wconf 87' lang='lat' dir='ltr'><strong>vestium</strong></span> <span class='ocrx_word' id='word_1_341' title='bbox 2687 1701 2709 1754; x_wconf 92' lang='lat'><strong>?</strong></span> <span class='ocrx_word' id='word_1_342' title='bbox 2733 1713 3010 1769; x_wconf 88' lang='lat' dir='ltr'><strong>quousque</strong></span> <span class='ocrx_word' id='word_1_343' title='bbox 3040 1697 3123 1750; x_wconf 90' lang='lat' dir='ltr'><strong>his</strong></span> <span class='ocrx_word' id='word_1_344' title='bbox 3145 1696 3386 1749; x_wconf 88' lang='lat' dir='ltr'><strong>ridiculis</strong></span> <span class='ocrx_word' id='word_1_345' title='bbox 3414 1695 3597 1762; x_wconf 88' lang='lat' dir='ltr'><strong>impli-</strong></span> 
     </span>
    </p>
   </div>
   <div class='ocr_carea' id='block_1_45' title="bbox 2009 1786 3600 1875">
    <p class='ocr_par' dir='ltr' id='par_1_45' title="bbox 2009 1786 3600 1875">
     <span class='ocr_line' id='line_1_45' title="bbox 2009 1786 3600 1875; baseline -0.009 -20"><span class='ocrx_word' id='word_1_346' title='bbox 2009 1800 2291 1875; x_wconf 78' lang='lat' dir='ltr'><strong>cabimpr?</strong></span> <span class='ocrx_word' id='word_1_347' title='bbox 2320 1811 2598 1867; x_wconf 86' lang='lat' dir='ltr'><strong>quousque</strong></span> <span class='ocrx_word' id='word_1_348' title='bbox 2622 1808 2809 1847; x_wconf 90' lang='lat' dir='ltr'><strong>aurum</strong></span> <span class='ocrx_word' id='word_1_349' title='bbox 2849 1787 3220 1845; x_wconf 88' lang='lat' dir='ltr'><strong>defodiemus?</strong></span> <span class='ocrx_word' id='word_1_350' title='bbox 3252 1787 3455 1842; x_wconf 84' lang='lat' dir='ltr'><strong>Vellem</strong></span> <span class='ocrx_word' id='word_1_351' title='bbox 3486 1786 3600 1840; x_wconf 55' lang='lat' dir='ltr'><strong>hac</strong></span> 
     </span>
    </p>
   </div>
   <div class='ocr_carea' id='block_1_46' title="bbox 2010 1879 3599 1964">
    <p class='ocr_par' dir='ltr' id='par_1_46' title="bbox 2010 1879 3599 1964">
     <span class='ocr_line' id='line_1_46' title="bbox 2010 1879 3599 1964; baseline -0.011 -17"><span class='ocrx_word' id='word_1_352' title='bbox 2010 1901 2269 1964; x_wconf 90' lang='lat' dir='ltr'><strong>perpetuo</strong></span> <span class='ocrx_word' id='word_1_353' title='bbox 2308 1889 2518 1945; x_wconf 87' lang='lat' dir='ltr'><strong>dicendi</strong></span> <span class='ocrx_word' id='word_1_354' title='bbox 2549 1888 2707 1941; x_wconf 88' lang='lat' dir='ltr'><strong>ﬁnem</strong></span> <span class='ocrx_word' id='word_1_355' title='bbox 2754 1885 2929 1939; x_wconf 86' lang='lat' dir='ltr'><strong>facere</strong></span> <span class='ocrx_word' id='word_1_356' title='bbox 2960 1901 2972 1934; x_wconf 92' lang='lat'>:</span> <span class='ocrx_word' id='word_1_357' title='bbox 3003 1881 3095 1936; x_wconf 90' lang='lat' dir='ltr'><strong>sed</strong></span> <span class='ocrx_word' id='word_1_358' title='bbox 3127 1895 3225 1934; x_wconf 86' lang='lat' dir='ltr'><strong>vos</strong></span> <span class='ocrx_word' id='word_1_359' title='bbox 3251 1895 3356 1934; x_wconf 90' lang='lat' dir='ltr'><strong>non</strong></span> <span class='ocrx_word' id='word_1_360' title='bbox 3405 1879 3599 1941; x_wconf 89' lang='lat' dir='ltr'><strong>sinitis,</strong></span> 
     </span>
    </p>
   </div>
   <div class='ocr_carea' id='block_1_47' title="bbox 2011 1971 3600 2054">
    <p class='ocr_par' dir='ltr' id='par_1_47' title="bbox 2011 1971 3600 2054">
     <span class='ocr_line' id='line_1_47' title="bbox 2011 1971 3600 2054; baseline -0.009 -15"><span class='ocrx_word' id='word_1_361' title='bbox 2011 1986 2141 2039; x_wconf 87' lang='lat' dir='ltr'><strong>mihi</strong></span> <span class='ocrx_word' id='word_1_362' title='bbox 2169 1999 2381 2054; x_wconf 90' lang='lat' dir='ltr'><strong>semper</strong></span> <span class='ocrx_word' id='word_1_363' title='bbox 2410 1996 2595 2036; x_wconf 91' lang='lat' dir='ltr'><strong>ansam</strong></span> <span class='ocrx_word' id='word_1_364' title='bbox 2626 1980 2943 2048; x_wconf 68' lang='lat' dir='ltr'><strong>przebentes.</strong></span> <span class='ocrx_word' id='word_1_365' title='bbox 2993 1976 3189 2030; x_wconf 75' lang='lat' dir='ltr'><strong>Verum</strong></span> <span class='ocrx_word' id='word_1_366' title='bbox 3221 1987 3361 2028; x_wconf 89' lang='lat' dir='ltr'><strong>nunc</strong></span> <span class='ocrx_word' id='word_1_367' title='bbox 3389 1971 3600 2026; x_wconf 87' lang='lat' dir='ltr'><strong>tandem</strong></span> 
     </span>
    </p>
   </div>
   <div class='ocr_carea' id='block_1_48' title="bbox 2014 2062 3602 2140">
    <p class='ocr_par' dir='ltr' id='par_1_48' title="bbox 2014 2062 3602 2140">
     <span class='ocr_line' id='line_1_48' title="bbox 2014 2062 3602 2140; baseline -0.008 -12"><span class='ocrx_word' id='word_1_368' title='bbox 2014 2077 2367 2139; x_wconf 77' lang='lat' dir='ltr'><strong>absistamns,</strong></span> <span class='ocrx_word' id='word_1_369' title='bbox 2399 2082 2457 2127; x_wconf 92' lang='grc' dir='ltr'><strong>ιιι</strong></span> <span class='ocrx_word' id='word_1_370' title='bbox 2496 2071 2741 2140; x_wconf 77' lang='lat' dir='ltr'><strong>exemplo</strong></span> <span class='ocrx_word' id='word_1_371' title='bbox 2787 2068 2924 2121; x_wconf 90' lang='lat' dir='ltr'><strong>alios</strong></span> <span class='ocrx_word' id='word_1_372' title='bbox 2964 2067 3301 2119; x_wconf 83' lang='lat' dir='ltr'><strong>instiluentes</strong></span> <span class='ocrx_word' id='word_1_373' title='bbox 3343 2062 3602 2132; x_wconf 84' lang='lat' dir='ltr'><strong>promissa</strong></span> 
     </span>
    </p>
   </div>
   <div class='ocr_carea' id='block_1_49' title="bbox 2014 2152 3604 2237">
    <p class='ocr_par' dir='ltr' id='par_1_49' title="bbox 2014 2152 3604 2237">
     <span class='ocr_line' id='line_1_49' title="bbox 2014 2152 3604 2237; baseline -0.013 -13"><span class='ocrx_word' id='word_1_374' title='bbox 2014 2182 2409 2237; x_wconf 87' lang='lat' dir='ltr'><strong>consequamur</strong></span> <span class='ocrx_word' id='word_1_375' title='bbox 2463 2166 2599 2219; x_wconf 89' lang='lat' dir='ltr'><strong>bona</strong></span> <span class='ocrx_word' id='word_1_376' title='bbox 2630 2204 2642 2226; x_wconf 90' lang='lat'><strong>,</strong></span> <span class='ocrx_word' id='word_1_377' title='bbox 2690 2160 2860 2230; x_wconf 85' lang='lat' dir='ltr'><strong>gratia</strong></span> <span class='ocrx_word' id='word_1_378' title='bbox 2908 2164 2963 2211; x_wconf 90' lang='lat' dir='ltr'><strong>ct</strong></span> <span class='ocrx_word' id='word_1_379' title='bbox 3008 2156 3339 2224; x_wconf 74' lang='lat' dir='ltr'><strong>benignitate</strong></span> <span class='ocrx_word' id='word_1_380' title='bbox 3395 2152 3604 2213; x_wconf 78' lang='lat' dir='ltr'><strong>Domini</strong></span> 
     </span>
    </p>
   </div>
   <div class='ocr_carea' id='block_1_50' title="bbox 2016 2242 3604 2322">
    <p class='ocr_par' dir='ltr' id='par_1_50' title="bbox 2016 2242 3604 2322">
     <span class='ocr_line' id='line_1_50' title="bbox 2016 2242 3604 2322; baseline -0.013 -6"><span class='ocrx_word' id='word_1_381' title='bbox 2016 2262 2184 2316; x_wconf 88' lang='lat' dir='ltr'><strong>nostri</strong></span> <span class='ocrx_word' id='word_1_382' title='bbox 2214 2258 2371 2314; x_wconf 86' lang='lat' dir='ltr'><strong>Jcsus</strong></span> <span class='ocrx_word' id='word_1_383' title='bbox 2397 2255 2619 2319; x_wconf 87' lang='lat' dir='ltr'><strong>Christi,</strong></span> <span class='ocrx_word' id='word_1_384' title='bbox 2662 2268 2757 2322; x_wconf 89' lang='lat' dir='ltr'><strong>per</strong></span> <span class='ocrx_word' id='word_1_385' title='bbox 2786 2264 2946 2319; x_wconf 89' lang='lat' dir='ltr'><strong>quem</strong></span> <span class='ocrx_word' id='word_1_386' title='bbox 2968 2256 3161 2303; x_wconf 88' lang='lat' dir='ltr'><strong>etcum</strong></span> <span class='ocrx_word' id='word_1_387' title='bbox 3187 2261 3294 2315; x_wconf 90' lang='lat' dir='ltr'><strong>quo</strong></span> <span class='ocrx_word' id='word_1_388' title='bbox 3318 2243 3461 2299; x_wconf 87' lang='lat' dir='ltr'><strong>Patri</strong></span> <span class='ocrx_word' id='word_1_389' title='bbox 3484 2242 3604 2312; x_wconf 83' lang='lat' dir='ltr'><strong>glo-</strong></span> 
     </span>
    </p>
   </div>
   <div class='ocr_carea' id='block_1_51' title="bbox 2015 2332 3606 2418">
    <p class='ocr_par' dir='ltr' id='par_1_51' title="bbox 2015 2332 3606 2418">
     <span class='ocr_line' id='line_1_51' title="bbox 2015 2332 3606 2418; baseline -0.014 -11"><span class='ocrx_word' id='word_1_390' title='bbox 2015 2353 2116 2415; x_wconf 87' lang='lat' dir='ltr'><strong>ria,</strong></span> <span class='ocrx_word' id='word_1_391' title='bbox 2157 2349 2420 2418; x_wconf 90' lang='lat' dir='ltr'><strong>simulque</strong></span> <span class='ocrx_word' id='word_1_392' title='bbox 2469 2353 2655 2399; x_wconf 88' lang='lat' dir='ltr'><strong>sancto</strong></span> <span class='ocrx_word' id='word_1_393' title='bbox 2704 2339 2949 2410; x_wconf 90' lang='lat' dir='ltr'><strong>Spiritui,</strong></span> <span class='ocrx_word' id='word_1_394' title='bbox 2984 2352 3125 2393; x_wconf 92' lang='lat' dir='ltr'><strong>nunc</strong></span> <span class='ocrx_word' id='word_1_395' title='bbox 3148 2345 3203 2391; x_wconf 92' lang='lat' dir='ltr'><strong>et</strong></span> <span class='ocrx_word' id='word_1_396' title='bbox 3227 2349 3441 2403; x_wconf 86' lang='lat' dir='ltr'><strong>semper</strong></span> <span class='ocrx_word' id='word_1_397' title='bbox 3468 2342 3523 2387; x_wconf 93' lang='lat' dir='ltr'><strong>et</strong></span> <span class='ocrx_word' id='word_1_398' title='bbox 3553 2332 3606 2385; x_wconf 88' lang='lat' dir='ltr'><strong>in</strong></span> 
     </span>
    </p>
   </div>
   <div class='ocr_carea' id='block_1_52' title="bbox 2016 2439 2805 2501">
    <p class='ocr_par' dir='ltr' id='par_1_52' title="bbox 2016 2439 2805 2501">
     <span class='ocr_line' id='line_1_52' title="bbox 2016 2439 2805 2501; baseline -0.019 0"><span class='ocrx_word' id='word_1_399' title='bbox 2016 2444 2211 2501; x_wconf 65' lang='lat' dir='ltr'><strong>saecula</strong></span> <span class='ocrx_word' id='word_1_400' title='bbox 2238 2442 2577 2498; x_wconf 66' lang='lat' dir='ltr'><strong>saeculorum.</strong></span> <span class='ocrx_word' id='word_1_401' title='bbox 2610 2439 2805 2490; x_wconf 87' lang='lat' dir='ltr'><strong>Amen.</strong></span> 
     </span>
    </p>
   </div>
   <div class='ocr_carea' id='block_1_53' title="bbox 2084 2692 3004 2763">
    <p class='ocr_par' dir='ltr' id='par_1_53' title="bbox 2084 2692 3004 2763">
     <span class='ocr_line' id='line_1_53' title="bbox 2084 2692 3004 2763; baseline -0.013 -13"><span class='ocrx_word' id='word_1_402' title='bbox 2084 2704 2101 2735; x_wconf 73' lang='grc' dir='ltr'><strong>ι</strong></span> <span class='ocrx_word' id='word_1_403' title='bbox 2140 2702 2222 2750; x_wconf 83' lang='lat' dir='ltr'><strong>Alii</strong></span> <span class='ocrx_word' id='word_1_404' title='bbox 2240 2700 2427 2763; x_wconf 82' lang='lat' dir='ltr'><strong>legunt,</strong></span> <span class='ocrx_word' id='word_1_405' title='bbox 2451 2696 2724 2762; x_wconf 59' lang='lat' dir='ltr'><strong>prementia,</strong></span> <span class='ocrx_word' id='word_1_406' title='bbox 2750 2707 2855 2757; x_wconf 84' lang='lat' dir='ltr'><strong>pro.</strong></span> <span class='ocrx_word' id='word_1_407' title='bbox 2881 2692 3004 2742; x_wconf 68' lang='lat' dir='ltr'><strong>lucc.</strong></span> 
     </span>
    </p>
   </div>
   <div class='ocr_carea' id='block_1_54' title="bbox 1713 2849 2232 2950">
    <p class='ocr_par' dir='ltr' id='par_1_54' title="bbox 1713 2849 2232 2950">
     <span class='ocr_line' id='line_1_54' title="bbox 1713 2849 2232 2950; baseline -0.033 1"><span class='ocrx_word' id='word_1_408' title='bbox 1713 2849 2060 2950; x_wconf 64' lang='lat' dir='ltr'><strong>HOM1L°1A</strong></span> <span class='ocrx_word' id='word_1_409' title='bbox 2104 2876 2232 2938; x_wconf 77' lang='lat' dir='ltr'><strong>LV.</strong></span> 
     </span>
    </p>
   </div>
   <div class='ocr_carea' id='block_1_55' title="bbox 330 3033 1915 3134">
    <p class='ocr_par' dir='ltr' id='par_1_55' title="bbox 330 3033 1915 3134">
     <span class='ocr_line' id='line_1_55' title="bbox 330 3033 1915 3134; baseline -0.023 -12"><span class='ocrx_word' id='word_1_410' title='bbox 330 3073 459 3126; x_wconf 72' lang='lat' dir='ltr'><strong>CAP.</strong></span> <span class='ocrx_word' id='word_1_411' title='bbox 478 3070 533 3125; x_wconf 89' lang='lat'><strong>8.</strong></span> <span class='ocrx_word' id='word_1_412' title='bbox 562 3085 611 3121; x_wconf 91' lang='lat' dir='ltr'><strong>v.</strong></span> <span class='ocrx_word' id='word_1_413' title='bbox 643 3066 731 3122; x_wconf 68' lang='grc'><strong>48.</strong></span> <span class='ocrx_word' id='word_1_414' title='bbox 764 3061 1151 3134; x_wconf 84' lang='lat' dir='ltr'><strong>Responderunt</strong></span> <span class='ocrx_word' id='word_1_415' title='bbox 1174 3071 1292 3126; x_wconf 89' lang='lat' dir='ltr'><strong>ergo</strong></span> <span class='ocrx_word' id='word_1_416' title='bbox 1312 3048 1482 3105; x_wconf 74' lang='lat' dir='ltr'><strong>Judazi</strong></span> <span class='ocrx_word' id='word_1_417' title='bbox 1508 3054 1553 3099; x_wconf 88' lang='lat' dir='ltr'><strong>et</strong></span> <span class='ocrx_word' id='word_1_418' title='bbox 1574 3043 1811 3096; x_wconf 72' lang='lat' dir='ltr'><strong>dixerunt</strong></span> <span class='ocrx_word' id='word_1_419' title='bbox 1831 3033 1874 3088; x_wconf 87' lang='lat' dir='ltr'><strong>ei</strong></span> <span class='ocrx_word' id='word_1_420' title='bbox 1898 3046 1915 3085; x_wconf 90' lang='lat'><em>:</em></span> 
     </span>
    </p>
   </div>
   <div class='ocr_carea' id='block_1_56' title="bbox 408 3136 1920 3218">
    <p class='ocr_par' dir='ltr' id='par_1_56' title="bbox 408 3136 1920 3218">
     <span class='ocr_line' id='line_1_56' title="bbox 408 3136 1920 3218; baseline -0.024 -1"><span class='ocrx_word' id='word_1_421' title='bbox 408 3162 593 3217; x_wconf 82' lang='lat' dir='ltr'><strong>Nonne</strong></span> <span class='ocrx_word' id='word_1_422' title='bbox 618 3161 737 3214; x_wconf 89' lang='lat' dir='ltr'><strong>bene</strong></span> <span class='ocrx_word' id='word_1_423' title='bbox 764 3157 975 3211; x_wconf 89' lang='lat' dir='ltr'><strong>dicimus</strong></span> <span class='ocrx_word' id='word_1_424' title='bbox 1009 3169 1099 3206; x_wconf 86' lang='lat' dir='ltr'><strong>nos</strong></span> <span class='ocrx_word' id='word_1_425' title='bbox 1118 3192 1133 3217; x_wconf 95' lang='lat'><strong>,</strong></span> <span class='ocrx_word' id='word_1_426' title='bbox 1161 3150 1280 3218; x_wconf 82' lang='lat' dir='ltr'><strong>quia</strong></span> <span class='ocrx_word' id='word_1_427' title='bbox 1306 3141 1660 3201; x_wconf 82' lang='lat' dir='ltr'><strong>Samaritanus</strong></span> <span class='ocrx_word' id='word_1_428' title='bbox 1688 3150 1738 3187; x_wconf 88' lang='lat' dir='ltr'><strong>es</strong></span> <span class='ocrx_word' id='word_1_429' title='bbox 1763 3142 1814 3183; x_wconf 89' lang='lat' dir='ltr'><strong>tu</strong></span> <span class='ocrx_word' id='word_1_430' title='bbox 1831 3171 1846 3195; x_wconf 91' lang='lat'><strong>,</strong></span> <span class='ocrx_word' id='word_1_431' title='bbox 1873 3136 1920 3182; x_wconf 91' lang='lat' dir='ltr'><strong>et</strong></span> 
     </span>
    </p>
   </div>
   <div class='ocr_carea' id='block_1_57' title="bbox 407 3224 1919 3311">
    <p class='ocr_par' dir='ltr' id='par_1_57' title="bbox 407 3224 1919 3311">
     <span class='ocr_line' id='line_1_57' title="bbox 407 3224 1919 3311; baseline -0.024 0"><span class='ocrx_word' id='word_1_432' title='bbox 407 3254 710 3311; x_wconf 74' lang='lat' dir='ltr'><strong>dwmonium</strong></span> <span class='ocrx_word' id='word_1_433' title='bbox 756 3250 951 3304; x_wconf 83' lang='lat' dir='ltr'><strong>habes?</strong></span> <span class='ocrx_word' id='word_1_434' title='bbox 994 3246 1084 3301; x_wconf 76' lang='grc'><strong>49.</strong></span> <span class='ocrx_word' id='word_1_435' title='bbox 1130 3239 1406 3311; x_wconf 80' lang='lat' dir='ltr'><strong>Respondit</strong></span> <span class='ocrx_word' id='word_1_436' title='bbox 1448 3235 1598 3289; x_wconf 85' lang='lat' dir='ltr'><strong>Jesus</strong></span> <span class='ocrx_word' id='word_1_437' title='bbox 1625 3248 1642 3284; x_wconf 93' lang='lat'><strong><em>:</em></strong></span> <span class='ocrx_word' id='word_1_438' title='bbox 1673 3228 1781 3299; x_wconf 82' lang='lat' dir='ltr'><strong>Ego</strong></span> <span class='ocrx_word' id='word_1_439' title='bbox 1812 3224 1919 3277; x_wconf 81' lang='lat' dir='ltr'><strong>dte-</strong></span> 
     </span>
    </p>
   </div>
   <div class='ocr_carea' id='block_1_58' title="bbox 409 3326 1641 3406">
    <p class='ocr_par' dir='ltr' id='par_1_58' title="bbox 409 3326 1641 3406">
     <span class='ocr_line' id='line_1_58' title="bbox 409 3326 1641 3406; baseline -0.022 -5"><span class='ocrx_word' id='word_1_440' title='bbox 409 3346 630 3400; x_wconf 88' lang='lat' dir='ltr'><strong>monium</strong></span> <span class='ocrx_word' id='word_1_441' title='bbox 659 3360 759 3397; x_wconf 88' lang='lat' dir='ltr'><strong>non</strong></span> <span class='ocrx_word' id='word_1_442' title='bbox 784 3340 960 3406; x_wconf 82' lang='lat' dir='ltr'><strong>habeo,</strong></span> <span class='ocrx_word' id='word_1_443' title='bbox 989 3336 1076 3391; x_wconf 86' lang='lat' dir='ltr'><strong>sed</strong></span> <span class='ocrx_word' id='word_1_444' title='bbox 1105 3331 1381 3398; x_wconf 80' lang='lat' dir='ltr'><strong>honorifico</strong></span> <span class='ocrx_word' id='word_1_445' title='bbox 1411 3326 1641 3381; x_wconf 82' lang='lat' dir='ltr'><strong>Patrem.</strong></span> 
     </span>
    </p>
   </div>
   <div class='ocr_carea' id='block_1_59' title="bbox 416 3421 1924 3507">
    <p class='ocr_par' dir='ltr' id='par_1_59' title="bbox 416 3421 1924 3507">
     <span class='ocr_line' id='line_1_59' title="bbox 416 3421 1924 3507; baseline -0.023 -13"><span class='ocrx_word' id='word_1_446' title='bbox 416 3442 468 3494; x_wconf 82' lang='grc'><strong>1.</strong></span> <span class='ocrx_word' id='word_1_447' title='bbox 493 3437 775 3507; x_wconf 73' lang='lat' dir='ltr'><strong>Imprudens</strong></span> <span class='ocrx_word' id='word_1_448' title='bbox 800 3432 1146 3504; x_wconf 87' lang='lat' dir='ltr'><strong>pctulansque</strong></span> <span class='ocrx_word' id='word_1_449' title='bbox 1172 3434 1255 3480; x_wconf 90' lang='lat' dir='ltr'><strong>est</strong></span> <span class='ocrx_word' id='word_1_450' title='bbox 1276 3421 1494 3481; x_wconf 89' lang='lat' dir='ltr'><strong>malitia,</strong></span> <span class='ocrx_word' id='word_1_451' title='bbox 1518 3432 1635 3486; x_wconf 70' lang='lat' dir='ltr'><strong>qum</strong></span> <span class='ocrx_word' id='word_1_452' title='bbox 1656 3427 1775 3465; x_wconf 91' lang='lat' dir='ltr'><strong>cum</strong></span> <span class='ocrx_word' id='word_1_453' title='bbox 1803 3423 1924 3463; x_wconf 89' lang='lat' dir='ltr'><strong>eru-</strong></span> 
     </span>
    </p>
   </div>
   <div class='ocr_carea' id='block_1_60' title="bbox 340 3503 1924 3591">
    <p class='ocr_par' dir='ltr' id='par_1_60' title="bbox 340 3503 1924 3591">
     <span class='ocr_line' id='line_1_60' title="bbox 340 3503 1924 3591; baseline -0.023 -3"><span class='ocrx_word' id='word_1_454' title='bbox 340 3534 563 3588; x_wconf 87' lang='lat' dir='ltr'><strong>bescere</strong></span> <span class='ocrx_word' id='word_1_455' title='bbox 589 3528 830 3591; x_wconf 83' lang='lat' dir='ltr'><strong>deberet,</strong></span> <span class='ocrx_word' id='word_1_456' title='bbox 866 3523 1032 3591; x_wconf 80' lang='lat' dir='ltr'><strong>magis</strong></span> <span class='ocrx_word' id='word_1_457' title='bbox 1061 3522 1442 3587; x_wconf 82' lang='lat' dir='ltr'><strong>exasperatur;</strong></span> <span class='ocrx_word' id='word_1_458' title='bbox 1490 3518 1549 3563; x_wconf 89' lang='lat' dir='ltr'><strong>ut</strong></span> <span class='ocrx_word' id='word_1_459' title='bbox 1586 3503 1784 3561; x_wconf 69' lang='lat' dir='ltr'><strong>Jndteis</strong></span> <span class='ocrx_word' id='word_1_460' title='bbox 1825 3513 1924 3552; x_wconf 92' lang='lat' dir='ltr'><strong>usu</strong></span> 
     </span>
    </p>
   </div>
   <div class='ocr_carea' id='block_1_61' title="bbox 344 3590 1929 3691">
    <p class='ocr_par' dir='ltr' id='par_1_61' title="bbox 344 3590 1929 3691">
     <span class='ocr_line' id='line_1_61' title="bbox 344 3590 1929 3691; baseline -0.023 -11"><span class='ocrx_word' id='word_1_461' title='bbox 344 3627 509 3682; x_wconf 90' lang='lat' dir='ltr'><strong>venit.</strong></span> <span class='ocrx_word' id='word_1_462' title='bbox 554 3623 685 3678; x_wconf 87' lang='lat' dir='ltr'><strong>Cum</strong></span> <span class='ocrx_word' id='word_1_463' title='bbox 713 3617 1038 3691; x_wconf 71' lang='lat' dir='ltr'><strong>opormiSset</strong></span> <span class='ocrx_word' id='word_1_464' title='bbox 1080 3612 1220 3667; x_wconf 91' lang='lat' dir='ltr'><strong>enim</strong></span> <span class='ocrx_word' id='word_1_465' title='bbox 1253 3624 1319 3664; x_wconf 82' lang='lat' dir='ltr'><strong>ex</strong></span> <span class='ocrx_word' id='word_1_466' title='bbox 1342 3604 1498 3661; x_wconf 89' lang='lat' dir='ltr'><strong>dictis</strong></span> <span class='ocrx_word' id='word_1_467' title='bbox 1525 3590 1839 3667; x_wconf 85' lang='lat' dir='ltr'><strong>compungi,</strong></span> <span class='ocrx_word' id='word_1_468' title='bbox 1872 3598 1929 3646; x_wconf 86' lang='lat' dir='ltr'><strong>et</strong></span> 
     </span>
    </p>
   </div>
   <div class='ocr_carea' id='block_1_62' title="bbox 343 3682 1929 3774">
    <p class='ocr_par' dir='ltr' id='par_1_62' title="bbox 343 3682 1929 3774">
     <span class='ocr_line' id='line_1_62' title="bbox 343 3682 1929 3774; baseline -0.023 -1"><span class='ocrx_word' id='word_1_469' title='bbox 343 3716 596 3773; x_wconf 87' lang='lat' dir='ltr'><strong>admirari</strong></span> <span class='ocrx_word' id='word_1_470' title='bbox 626 3713 870 3769; x_wconf 85' lang='lat' dir='ltr'><strong>fiduciam</strong></span> <span class='ocrx_word' id='word_1_471' title='bbox 896 3750 910 3774; x_wconf 96' lang='lat'><strong>,</strong></span> <span class='ocrx_word' id='word_1_472' title='bbox 941 3705 1333 3770; x_wconf 89' lang='lat' dir='ltr'><strong>verborumque</strong></span> <span class='ocrx_word' id='word_1_473' title='bbox 1359 3689 1814 3763; x_wconf 85' lang='lat' dir='ltr'><strong>consequentiam,</strong></span> <span class='ocrx_word' id='word_1_474' title='bbox 1836 3682 1929 3738; x_wconf 87' lang='lat' dir='ltr'><strong>Je-</strong></span> 
     </span>
    </p>
   </div>
   <div class='ocr_carea' id='block_1_63' title="bbox 346 3775 1929 3864">
    <p class='ocr_par' dir='ltr' id='par_1_63' title="bbox 346 3775 1929 3864">
     <span class='ocr_line' id='line_1_63' title="bbox 346 3775 1929 3864; baseline -0.025 1"><span class='ocrx_word' id='word_1_475' title='bbox 346 3826 462 3864; x_wconf 88' lang='lat' dir='ltr'><strong>sum</strong></span> <span class='ocrx_word' id='word_1_476' title='bbox 493 3804 832 3863; x_wconf 87' lang='lat' dir='ltr'><strong>contumeliis</strong></span> <span class='ocrx_word' id='word_1_477' title='bbox 859 3802 1131 3855; x_wconf 89' lang='lat' dir='ltr'><strong>incessunt</strong></span> <span class='ocrx_word' id='word_1_478' title='bbox 1154 3835 1171 3861; x_wconf 95' lang='lat'><strong>,</strong></span> <span class='ocrx_word' id='word_1_479' title='bbox 1199 3788 1698 3852; x_wconf 83' lang='lat' dir='ltr'><strong>Samaritanumque</strong></span> <span class='ocrx_word' id='word_1_480' title='bbox 1728 3793 1790 3832; x_wconf 89' lang='lat' dir='ltr'><strong>ac</strong></span> <span class='ocrx_word' id='word_1_481' title='bbox 1815 3775 1929 3829; x_wconf 82' lang='lat' dir='ltr'><strong>dae-</strong></span> 
     </span>
    </p>
   </div>
   <div class='ocr_carea' id='block_1_64' title="bbox 344 3868 1929 3956">
    <p class='ocr_par' dir='ltr' id='par_1_64' title="bbox 344 3868 1929 3956">
     <span class='ocr_line' id='line_1_64' title="bbox 344 3868 1929 3956; baseline -0.025 0"><span class='ocrx_word' id='word_1_482' title='bbox 344 3900 645 3955; x_wconf 88' lang='lat' dir='ltr'><strong>moniacum</strong></span> <span class='ocrx_word' id='word_1_483' title='bbox 673 3902 899 3956; x_wconf 87' lang='lat' dir='ltr'><strong>vocant,</strong></span> <span class='ocrx_word' id='word_1_484' title='bbox 931 3891 1222 3955; x_wconf 86' lang='lat' dir='ltr'><strong>dicuntque</strong></span> <span class='ocrx_word' id='word_1_485' title='bbox 1256 3901 1270 3938; x_wconf 87' lang='lat'><strong>:</strong></span> <span class='ocrx_word' id='word_1_486' title='bbox 1300 3879 1489 3934; x_wconf 87' lang='lat' dir='ltr'><strong>Nonne</strong></span> <span class='ocrx_word' id='word_1_487' title='bbox 1537 3876 1656 3927; x_wconf 86' lang='lat' dir='ltr'><strong>bene</strong></span> <span class='ocrx_word' id='word_1_488' title='bbox 1688 3868 1929 3927; x_wconf 76' lang='lat' dir='ltr'><strong>diximus,</strong></span> 
     </span>
    </p>
   </div>
   <div class='ocr_carea' id='block_1_65' title="bbox 348 3954 1933 4062">
    <p class='ocr_par' dir='ltr' id='par_1_65' title="bbox 348 3954 1933 4062">
     <span class='ocr_line' id='line_1_65' title="bbox 348 3954 1933 4062; baseline -0.024 -16"><span class='ocrx_word' id='word_1_489' title='bbox 348 3993 466 4062; x_wconf 86' lang='lat' dir='ltr'><strong>quia</strong></span> <span class='ocrx_word' id='word_1_490' title='bbox 494 3988 851 4045; x_wconf 85' lang='lat' dir='ltr'><strong>Samaritanus</strong></span> <span class='ocrx_word' id='word_1_491' title='bbox 879 3998 929 4036; x_wconf 89' lang='lat' dir='ltr'><strong>es</strong></span> <span class='ocrx_word' id='word_1_492' title='bbox 959 3992 1011 4033; x_wconf 89' lang='lat' dir='ltr'><strong>tu</strong></span> <span class='ocrx_word' id='word_1_493' title='bbox 1032 4020 1046 4043; x_wconf 96' lang='lat'><strong>,</strong></span> <span class='ocrx_word' id='word_1_494' title='bbox 1075 3987 1120 4031; x_wconf 88' lang='lat' dir='ltr'><strong>et</strong></span> <span class='ocrx_word' id='word_1_495' title='bbox 1147 3971 1451 4028; x_wconf 69' lang='lat' dir='ltr'><strong>daemonium</strong></span> <span class='ocrx_word' id='word_1_496' title='bbox 1485 3963 1671 4019; x_wconf 84' lang='lat' dir='ltr'><strong>habes?</strong></span> <span class='ocrx_word' id='word_1_497' title='bbox 1708 3954 1933 4027; x_wconf 87' lang='lat' dir='ltr'><strong>Quando</strong></span> 
     </span>
    </p>
   </div>
   <div class='ocr_carea' id='block_1_66' title="bbox 351 4046 1937 4143">
    <p class='ocr_par' dir='ltr' id='par_1_66' title="bbox 351 4046 1937 4143">
     <span class='ocr_line' id='line_1_66' title="bbox 351 4046 1937 4143; baseline -0.025 -5"><span class='ocrx_word' id='word_1_498' title='bbox 351 4046 493 4140; x_wconf 71' lang='lat' dir='ltr'><strong>enim</strong></span> <span class='ocrx_word' id='word_1_499' title='bbox 530 4079 756 4134; x_wconf 89' lang='lat' dir='ltr'><strong>sublime</strong></span> <span class='ocrx_word' id='word_1_500' title='bbox 781 4073 1047 4143; x_wconf 89' lang='lat' dir='ltr'><strong>quidpiam</strong></span> <span class='ocrx_word' id='word_1_501' title='bbox 1080 4066 1323 4125; x_wconf 90' lang='lat' dir='ltr'><strong>dicebat,</strong></span> <span class='ocrx_word' id='word_1_502' title='bbox 1353 4060 1403 4114; x_wconf 90' lang='lat' dir='ltr'><strong>id</strong></span> <span class='ocrx_word' id='word_1_503' title='bbox 1432 4058 1581 4112; x_wconf 87' lang='lat' dir='ltr'><strong>furor</strong></span> <span class='ocrx_word' id='word_1_504' title='bbox 1607 4067 1726 4107; x_wconf 88' lang='lat' dir='ltr'><strong>esse</strong></span> <span class='ocrx_word' id='word_1_505' title='bbox 1755 4049 1823 4103; x_wconf 89' lang='lat' dir='ltr'><strong>ab</strong></span> <span class='ocrx_word' id='word_1_506' title='bbox 1854 4046 1937 4101; x_wconf 86' lang='lat' dir='ltr'><strong>in-</strong></span> 
     </span>
    </p>
   </div>
   <div class='ocr_carea' id='block_1_67' title="bbox 352 4143 1936 4229">
    <p class='ocr_par' dir='ltr' id='par_1_67' title="bbox 352 4143 1936 4229">
     <span class='ocr_line' id='line_1_67' title="bbox 352 4143 1936 4229; baseline -0.025 1"><span class='ocrx_word' id='word_1_507' title='bbox 352 4174 579 4229; x_wconf 89' lang='lat' dir='ltr'><strong>sensatis</strong></span> <span class='ocrx_word' id='word_1_508' title='bbox 596 4167 1011 4225; x_wconf 83' lang='lat' dir='ltr'><strong>existimabatur.</strong></span> <span class='ocrx_word' id='word_1_509' title='bbox 1028 4158 1185 4228; x_wconf 89' lang='lat' dir='ltr'><strong>Atqui</strong></span> <span class='ocrx_word' id='word_1_510' title='bbox 1201 4166 1456 4222; x_wconf 90' lang='lat' dir='ltr'><strong>nusquam</strong></span> <span class='ocrx_word' id='word_1_511' title='bbox 1475 4143 1795 4214; x_wconf 81' lang='lat' dir='ltr'><strong>evangelista</strong></span> <span class='ocrx_word' id='word_1_512' title='bbox 1813 4146 1936 4193; x_wconf 88' lang='lat' dir='ltr'><strong>ante</strong></span> 
     </span>
    </p>
   </div>
   <div class='ocr_carea' id='block_1_68' title="bbox 352 4234 1941 4337">
    <p class='ocr_par' dir='ltr' id='par_1_68' title="bbox 352 4234 1941 4337">
     <span class='ocr_line' id='line_1_68' title="bbox 352 4234 1941 4337; baseline -0.026 -13"><span class='ocrx_word' id='word_1_513' title='bbox 352 4269 495 4324; x_wconf 82' lang='lat' dir='ltr'><strong>dixit</strong></span> <span class='ocrx_word' id='word_1_514' title='bbox 517 4269 688 4337; x_wconf 90' lang='lat' dir='ltr'><strong>ipsum</strong></span> <span class='ocrx_word' id='word_1_515' title='bbox 715 4258 1108 4317; x_wconf 88' lang='lat' dir='ltr'><strong>Samaritanum</strong></span> <span class='ocrx_word' id='word_1_516' title='bbox 1140 4247 1459 4319; x_wconf 89' lang='lat' dir='ltr'><strong>appellatum</strong></span> <span class='ocrx_word' id='word_1_517' title='bbox 1490 4240 1688 4302; x_wconf 88' lang='lat' dir='ltr'><strong>fuisse;</strong></span> <span class='ocrx_word' id='word_1_518' title='bbox 1713 4234 1836 4287; x_wconf 92' lang='lat' dir='ltr'><strong>hinc</strong></span> <span class='ocrx_word' id='word_1_519' title='bbox 1862 4239 1941 4285; x_wconf 86' lang='lat' dir='ltr'><strong>ta-</strong></span> 
     </span>
    </p>
   </div>
   <div class='ocr_carea' id='block_1_69' title="bbox 356 4332 1940 4417">
    <p class='ocr_par' dir='ltr' id='par_1_69' title="bbox 356 4332 1940 4417">
     <span class='ocr_line' id='line_1_69' title="bbox 356 4332 1940 4417; baseline -0.026 -2"><span class='ocrx_word' id='word_1_520' title='bbox 356 4376 477 4416; x_wconf 91' lang='lat' dir='ltr'><strong>men</strong></span> <span class='ocrx_word' id='word_1_521' title='bbox 527 4354 782 4412; x_wconf 88' lang='lat' dir='ltr'><strong>credibile</strong></span> <span class='ocrx_word' id='word_1_522' title='bbox 806 4359 888 4405; x_wconf 91' lang='lat' dir='ltr'><strong>est</strong></span> <span class='ocrx_word' id='word_1_523' title='bbox 913 4350 1082 4417; x_wconf 89' lang='lat' dir='ltr'><strong>ipsum</strong></span> <span class='ocrx_word' id='word_1_524' title='bbox 1127 4355 1268 4409; x_wconf 67' lang='lat' dir='ltr'><strong>smpe</strong></span> <span class='ocrx_word' id='word_1_525' title='bbox 1300 4338 1401 4390; x_wconf 94' lang='lat' dir='ltr'><strong>hoc</strong></span> <span class='ocrx_word' id='word_1_526' title='bbox 1429 4332 1648 4387; x_wconf 90' lang='lat' dir='ltr'><strong>nomine</strong></span> <span class='ocrx_word' id='word_1_527' title='bbox 1691 4332 1940 4380; x_wconf 85' lang='lat' dir='ltr'><strong>vocatum</strong></span> 
     </span>
    </p>
   </div>
   <div class='ocr_carea' id='block_1_70' title="bbox 357 4417 1942 4506">
    <p class='ocr_par' dir='ltr' id='par_1_70' title="bbox 357 4417 1942 4506">
     <span class='ocr_line' id='line_1_70' title="bbox 357 4417 1942 4506; baseline -0.025 -1"><span class='ocrx_word' id='word_1_528' title='bbox 357 4453 540 4506; x_wconf 85' lang='lat' dir='ltr'><strong>fuisse.</strong></span> <span class='ocrx_word' id='word_1_529' title='bbox 594 4443 910 4500; x_wconf 71' lang='lat' dir='ltr'><strong>Dwmonium</strong></span> <span class='ocrx_word' id='word_1_530' title='bbox 960 4435 1110 4490; x_wconf 84' lang='lat' dir='ltr'><strong>habes</strong></span> <span class='ocrx_word' id='word_1_531' title='bbox 1131 4475 1145 4497; x_wconf 91' lang='lat'><strong>,</strong></span> <span class='ocrx_word' id='word_1_532' title='bbox 1168 4429 1362 4500; x_wconf 88' lang='lat' dir='ltr'><strong>inquis.</strong></span> <span class='ocrx_word' id='word_1_533' title='bbox 1393 4427 1568 4493; x_wconf 85' lang='lat' dir='ltr'><strong>Atque</strong></span> <span class='ocrx_word' id='word_1_534' title='bbox 1594 4430 1711 4473; x_wconf 87' lang='lat' dir='ltr'><strong>nter</strong></span> <span class='ocrx_word' id='word_1_535' title='bbox 1737 4417 1942 4470; x_wconf 68' lang='lat' dir='ltr'><strong>dazmo-</strong></span> 
     </span>
    </p>
   </div>
   <div class='ocr_carea' id='block_1_71' title="bbox 360 4503 1942 4602">
    <p class='ocr_par' dir='ltr' id='par_1_71' title="bbox 360 4503 1942 4602">
     <span class='ocr_line' id='line_1_71' title="bbox 360 4503 1942 4602; baseline -0.028 -3"><span class='ocrx_word' id='word_1_536' title='bbox 360 4503 723 4599; x_wconf 82' lang='lat' dir='ltr'><strong>habet?</strong></span> <span class='ocrx_word' id='word_1_537' title='bbox 751 4550 819 4587; x_wconf 92' lang='lat' dir='ltr'><strong>an</strong></span> <span class='ocrx_word' id='word_1_538' title='bbox 847 4531 935 4602; x_wconf 91' lang='lat' dir='ltr'><strong>qui</strong></span> <span class='ocrx_word' id='word_1_539' title='bbox 962 4530 1129 4581; x_wconf 91' lang='lat' dir='ltr'><strong>Deum</strong></span> <span class='ocrx_word' id='word_1_540' title='bbox 1150 4523 1397 4580; x_wconf 89' lang='lat' dir='ltr'><strong>honorat,</strong></span> <span class='ocrx_word' id='word_1_541' title='bbox 1429 4530 1497 4570; x_wconf 89' lang='lat' dir='ltr'><strong>an</strong></span> <span class='ocrx_word' id='word_1_542' title='bbox 1524 4510 1613 4587; x_wconf 86' lang='lat' dir='ltr'><strong>qui</strong></span> <span class='ocrx_word' id='word_1_543' title='bbox 1643 4509 1814 4579; x_wconf 91' lang='lat' dir='ltr'><strong>ipsum</strong></span> <span class='ocrx_word' id='word_1_544' title='bbox 1840 4503 1942 4558; x_wconf 78' lang='lat' dir='ltr'><strong>ho-</strong></span> 
     </span>
    </p>
   </div>
   <div class='ocr_carea' id='block_1_72' title="bbox 360 4598 1942 4692">
    <p class='ocr_par' dir='ltr' id='par_1_72' title="bbox 360 4598 1942 4692">
     <span class='ocr_line' id='line_1_72' title="bbox 360 4598 1942 4692; baseline -0.029 1"><span class='ocrx_word' id='word_1_545' title='bbox 360 4644 639 4692; x_wconf 87' lang='lat' dir='ltr'><strong>norantem</strong></span> <span class='ocrx_word' id='word_1_546' title='bbox 661 4598 981 4684; x_wconf 74' lang='lat' dir='ltr'><strong>contumelia</strong></span> <span class='ocrx_word' id='word_1_547' title='bbox 1003 4615 1203 4673; x_wconf 87' lang='lat' dir='ltr'><strong>afficit?</strong></span> <span class='ocrx_word' id='word_1_548' title='bbox 1227 4611 1359 4679; x_wconf 87' lang='lat' dir='ltr'><strong>Quid</strong></span> <span class='ocrx_word' id='word_1_549' title='bbox 1384 4622 1511 4677; x_wconf 90' lang='lat' dir='ltr'><strong>ergo</strong></span> <span class='ocrx_word' id='word_1_550' title='bbox 1538 4602 1805 4663; x_wconf 81' lang='lat' dir='ltr'><strong>Christus,</strong></span> <span class='ocrx_word' id='word_1_551' title='bbox 1829 4598 1942 4667; x_wconf 90' lang='lat' dir='ltr'><strong>ipsa</strong></span> 
     </span>
    </p>
   </div>
   <div class='ocr_carea' id='block_1_73' title="bbox 363 4689 1944 4789">
    <p class='ocr_par' dir='ltr' id='par_1_73' title="bbox 363 4689 1944 4789">
     <span class='ocr_line' id='line_1_73' title="bbox 363 4689 1944 4789; baseline -0.03 -3"><span class='ocrx_word' id='word_1_552' title='bbox 363 4724 739 4789; x_wconf 89' lang='lat' dir='ltr'><strong>mansuetudo,</strong></span> <span class='ocrx_word' id='word_1_553' title='bbox 768 4722 879 4789; x_wconf 88' lang='lat' dir='ltr'><strong>ipsa</strong></span> <span class='ocrx_word' id='word_1_554' title='bbox 912 4708 1208 4770; x_wconf 88' lang='lat' dir='ltr'><strong>modestia?</strong></span> <span class='ocrx_word' id='word_1_555' title='bbox 1257 4706 1368 4775; x_wconf 88' lang='lat' dir='ltr'><strong>Ego</strong></span> <span class='ocrx_word' id='word_1_556' title='bbox 1397 4697 1701 4754; x_wconf 73' lang='lat' dir='ltr'><strong>dtenzonium</strong></span> <span class='ocrx_word' id='word_1_557' title='bbox 1726 4707 1826 4744; x_wconf 89' lang='lat' dir='ltr'><strong>non</strong></span> <span class='ocrx_word' id='word_1_558' title='bbox 1855 4689 1944 4741; x_wconf 90' lang='lat' dir='ltr'><strong>ha-</strong></span> 
     </span>
    </p>
   </div>
   <div class='ocr_carea' id='block_1_74' title="bbox 365 4785 1946 4887">
    <p class='ocr_par' dir='ltr' id='par_1_74' title="bbox 365 4785 1946 4887">
     <span class='ocr_line' id='line_1_74' title="bbox 365 4785 1946 4887; baseline -0.029 -9"><span class='ocrx_word' id='word_1_559' title='bbox 365 4823 476 4887; x_wconf 83' lang='lat' dir='ltr'><strong>beo,</strong></span> <span class='ocrx_word' id='word_1_560' title='bbox 505 4817 591 4873; x_wconf 81' lang='lat' dir='ltr'><strong>sed</strong></span> <span class='ocrx_word' id='word_1_561' title='bbox 617 4785 897 4881; x_wconf 82' lang='lat' dir='ltr'><strong>honoriﬁco</strong></span> <span class='ocrx_word' id='word_1_562' title='bbox 926 4806 1134 4859; x_wconf 85' lang='lat' dir='ltr'><strong>Patrem</strong></span> <span class='ocrx_word' id='word_1_563' title='bbox 1156 4799 1240 4869; x_wconf 88' lang='lat' dir='ltr'><strong>qui</strong></span> <span class='ocrx_word' id='word_1_564' title='bbox 1266 4795 1401 4849; x_wconf 85' lang='lat' dir='ltr'><strong>misit</strong></span> <span class='ocrx_word' id='word_1_565' title='bbox 1434 4790 1556 4844; x_wconf 80' lang='lat' dir='ltr'><strong>me?</strong></span> <span class='ocrx_word' id='word_1_566' title='bbox 1604 4785 1702 4841; x_wconf 88' lang='lat' dir='ltr'><strong>Ubi</strong></span> <span class='ocrx_word' id='word_1_567' title='bbox 1730 4789 1946 4853; x_wconf 85' lang='lat' dir='ltr'><strong>oporte-</strong></span> 
     </span>
    </p>
   </div>
   <div class='ocr_carea' id='block_1_75' title="bbox 366 4871 1948 4969">
    <p class='ocr_par' dir='ltr' id='par_1_75' title="bbox 366 4871 1948 4969">
     <span class='ocr_line' id='line_1_75' title="bbox 366 4871 1948 4969; baseline -0.028 0"><span class='ocrx_word' id='word_1_568' title='bbox 366 4871 681 4969; x_wconf 38' lang='lat' dir='ltr'><strong>batvdocere</strong></span> <span class='ocrx_word' id='word_1_569' title='bbox 708 4871 848 4968; x_wconf 84' lang='lat' dir='ltr'><strong>illos,</strong></span> <span class='ocrx_word' id='word_1_570' title='bbox 880 4900 1073 4954; x_wconf 86' lang='lat' dir='ltr'><strong>fastum</strong></span> <span class='ocrx_word' id='word_1_571' title='bbox 1104 4894 1316 4948; x_wconf 90' lang='lat' dir='ltr'><strong>illorum</strong></span> <span class='ocrx_word' id='word_1_572' title='bbox 1363 4883 1684 4953; x_wconf 89' lang='lat' dir='ltr'><strong>deprimere,</strong></span> <span class='ocrx_word' id='word_1_573' title='bbox 1713 4883 1769 4931; x_wconf 92' lang='lat' dir='ltr'><strong>et</strong></span> <span class='ocrx_word' id='word_1_574' title='bbox 1795 4871 1948 4928; x_wconf 85' lang='lat' dir='ltr'><strong>insti—</strong></span> 
     </span>
    </p>
   </div>
   <div class='ocr_carea' id='block_1_76' title="bbox 367 4968 1952 5059">
    <p class='ocr_par' dir='ltr' id='par_1_76' title="bbox 367 4968 1952 5059">
     <span class='ocr_line' id='line_1_76' title="bbox 367 4968 1952 5059; baseline -0.028 1"><span class='ocrx_word' id='word_1_575' title='bbox 367 5017 520 5059; x_wconf 89' lang='lat' dir='ltr'><strong>tuere</strong></span> <span class='ocrx_word' id='word_1_576' title='bbox 548 5017 613 5056; x_wconf 91' lang='lat' dir='ltr'><strong>ne</strong></span> <span class='ocrx_word' id='word_1_577' title='bbox 643 4999 710 5053; x_wconf 89' lang='lat' dir='ltr'><strong>de</strong></span> <span class='ocrx_word' id='word_1_578' title='bbox 738 4992 1043 5051; x_wconf 84' lang='lat' dir='ltr'><strong>Ahrahamo</strong></span> <span class='ocrx_word' id='word_1_579' title='bbox 1070 4986 1235 5040; x_wconf 88' lang='lat' dir='ltr'><strong>altum</strong></span> <span class='ocrx_word' id='word_1_580' title='bbox 1261 4982 1531 5046; x_wconf 88' lang='lat' dir='ltr'><strong>saperent,</strong></span> <span class='ocrx_word' id='word_1_581' title='bbox 1562 4970 1630 5026; x_wconf 90' lang='lat' dir='ltr'><strong>ibi</strong></span> <span class='ocrx_word' id='word_1_582' title='bbox 1662 4968 1952 5021; x_wconf 84' lang='lat' dir='ltr'><strong>vehemens</strong></span> 
     </span>
    </p>
   </div>
   <div class='ocr_carea' id='block_1_77' title="bbox 368 5064 1948 5159">
    <p class='ocr_par' dir='ltr' id='par_1_77' title="bbox 368 5064 1948 5159">
     <span class='ocr_line' id='line_1_77' title="bbox 368 5064 1948 5159; baseline -0.028 -9"><span class='ocrx_word' id='word_1_583' title='bbox 368 5105 513 5159; x_wconf 86' lang='lat' dir='ltr'><strong>erat;</strong></span> <span class='ocrx_word' id='word_1_584' title='bbox 547 5092 632 5145; x_wconf 90' lang='lat' dir='ltr'><strong>ubi</strong></span> <span class='ocrx_word' id='word_1_585' title='bbox 670 5082 1020 5143; x_wconf 87' lang='lat' dir='ltr'><strong>contumelias</strong></span> <span class='ocrx_word' id='word_1_586' title='bbox 1046 5079 1208 5138; x_wconf 87' lang='lat' dir='ltr'><strong>ferre,</strong></span> <span class='ocrx_word' id='word_1_587' title='bbox 1236 5069 1397 5124; x_wconf 87' lang='lat' dir='ltr'><strong>multa</strong></span> <span class='ocrx_word' id='word_1_588' title='bbox 1425 5064 1670 5119; x_wconf 89' lang='lat' dir='ltr'><strong>utebatur</strong></span> <span class='ocrx_word' id='word_1_589' title='bbox 1696 5069 1948 5112; x_wconf 90' lang='lat' dir='ltr'><strong>mansue-</strong></span> 
     </span>
    </p>
   </div>
   <div class='ocr_carea' id='block_1_78' title="bbox 371 5186 576 5241">
    <p class='ocr_par' dir='ltr' id='par_1_78' title="bbox 371 5186 576 5241">
     <span class='ocr_line' id='line_1_78' title="bbox 371 5186 576 5241; baseline -0.024 0"><span class='ocrx_word' id='word_1_590' title='bbox 371 5186 576 5241; x_wconf 86' lang='lat' dir='ltr'><strong>tudine.</strong></span> 
     </span>
    </p>
   </div>
   <div class='ocr_carea' id='block_1_79' title="bbox 449 5250 1947 5344">
    <p class='ocr_par' dir='ltr' id='par_1_79' title="bbox 449 5250 1947 5344">
     <span class='ocr_line' id='line_1_79' title="bbox 449 5250 1947 5344; baseline -0.029 -12"><span class='ocrx_word' id='word_1_591' title='bbox 449 5277 574 5344; x_wconf 67' lang='lat' dir='ltr'><strong>Qua.’</strong></span> <span class='ocrx_word' id='word_1_592' title='bbox 600 5282 773 5327; x_wconf 87' lang='lat' dir='ltr'><strong>contra</strong></span> <span class='ocrx_word' id='word_1_593' title='bbox 802 5267 961 5320; x_wconf 87' lang='lat' dir='ltr'><strong>Deum</strong></span> <span class='ocrx_word' id='word_1_594' title='bbox 991 5262 1229 5314; x_wconf 86' lang='lat' dir='ltr'><strong>dicantur</strong></span> <span class='ocrx_word' id='word_1_595' title='bbox 1264 5250 1459 5311; x_wconf 82' lang='lat' dir='ltr'><strong>ulcisci,</strong></span> <span class='ocrx_word' id='word_1_596' title='bbox 1487 5260 1598 5317; x_wconf 66' lang='lat' dir='ltr'><strong>quia</strong></span> <span class='ocrx_word' id='word_1_597' title='bbox 1620 5251 1794 5297; x_wconf 88' lang='lat' dir='ltr'><strong>contra</strong></span> <span class='ocrx_word' id='word_1_598' title='bbox 1818 5254 1910 5293; x_wconf 87' lang='lat' dir='ltr'><strong>nos</strong></span> <span class='ocrx_word' id='word_1_599' title='bbox 1933 5279 1947 5303; x_wconf 94' lang='lat'><strong>,</strong></span> 
     </span>
    </p>
   </div>
   <div class='ocr_carea' id='block_1_80' title="bbox 377 5329 1956 5441">
    <p class='ocr_par' dir='ltr' id='par_1_80' title="bbox 377 5329 1956 5441">
     <span class='ocr_line' id='line_1_80' title="bbox 377 5329 1956 5441; baseline -0.028 -15"><span class='ocrx_word' id='word_1_600' title='bbox 377 5372 620 5441; x_wconf 83' lang='lat' dir='ltr'><strong>patienter</strong></span> <span class='ocrx_word' id='word_1_601' title='bbox 648 5368 776 5436; x_wconf 77' lang='lat' dir='ltr'><strong>ferre</strong></span> <span class='ocrx_word' id='word_1_602' title='bbox 826 5375 919 5430; x_wconf 85' lang='lat' dir='ltr'><strong>par</strong></span> <span class='ocrx_word' id='word_1_603' title='bbox 946 5349 1280 5410; x_wconf 60' lang='lat' dir='ltr'><strong>est—Cum</strong></span> <span class='ocrx_word' id='word_1_604' title='bbox 1320 5341 1586 5402; x_wconf 84' lang='lat' dir='ltr'><strong>dicebant,</strong></span> <span class='ocrx_word' id='word_1_605' title='bbox 1618 5336 1828 5391; x_wconf 87' lang='lat' dir='ltr'><strong>Patrem</strong></span> <span class='ocrx_word' id='word_1_606' title='bbox 1859 5329 1956 5385; x_wconf 91' lang='lat' dir='ltr'><strong>ha-</strong></span> 
     </span>
    </p>
   </div>
   <div class='ocr_carea' id='block_1_81' title="bbox 378 5430 1957 5518">
    <p class='ocr_par' dir='ltr' id='par_1_81' title="bbox 378 5430 1957 5518">
     <span class='ocr_line' id='line_1_81' title="bbox 378 5430 1957 5518; baseline -0.027 0"><span class='ocrx_word' id='word_1_607' title='bbox 378 5467 568 5518; x_wconf 87' lang='lat' dir='ltr'><strong>bemus</strong></span> <span class='ocrx_word' id='word_1_608' title='bbox 598 5459 763 5512; x_wconf 89' lang='lat' dir='ltr'><strong>Deum</strong></span> <span class='ocrx_word' id='word_1_609' title='bbox 788 5460 842 5508; x_wconf 90' lang='lat' dir='ltr'><strong>et</strong></span> <span class='ocrx_word' id='word_1_610' title='bbox 868 5450 1157 5507; x_wconf 85' lang='lat' dir='ltr'><strong>Abraham,</strong></span> <span class='ocrx_word' id='word_1_611' title='bbox 1185 5441 1241 5494; x_wconf 86' lang='lat' dir='ltr'><strong>in</strong></span> <span class='ocrx_word' id='word_1_612' title='bbox 1269 5438 1387 5492; x_wconf 88' lang='lat' dir='ltr'><strong>illos</strong></span> <span class='ocrx_word' id='word_1_613' title='bbox 1413 5430 1795 5490; x_wconf 84' lang='lat' dir='ltr'><strong>invehebatur;</strong></span> <span class='ocrx_word' id='word_1_614' title='bbox 1838 5437 1957 5478; x_wconf 91' lang='lat' dir='ltr'><strong>cum</strong></span> 
     </span>
    </p>
   </div>
   <div class='ocr_carea' id='block_1_82' title="bbox 378 5519 1963 5610">
    <p class='ocr_par' dir='ltr' id='par_1_82' title="bbox 378 5519 1963 5610">
     <span class='ocr_line' id='line_1_82' title="bbox 378 5519 1963 5610; baseline -0.026 -1"><span class='ocrx_word' id='word_1_615' title='bbox 378 5564 559 5610; x_wconf 85' lang='lat' dir='ltr'><strong>autem</strong></span> <span class='ocrx_word' id='word_1_616' title='bbox 610 5546 996 5604; x_wconf 71' lang='lat' dir='ltr'><strong>dmmoniacum</strong></span> <span class='ocrx_word' id='word_1_617' title='bbox 1043 5533 1398 5607; x_wconf 85' lang='lat' dir='ltr'><strong>appellabant,</strong></span> <span class='ocrx_word' id='word_1_618' title='bbox 1433 5524 1673 5580; x_wconf 88' lang='lat' dir='ltr'><strong>modeste</strong></span> <span class='ocrx_word' id='word_1_619' title='bbox 1710 5519 1963 5587; x_wconf 88' lang='lat' dir='ltr'><strong>loquutus</strong></span> 
     </span>
    </p>
   </div>
   <div class='ocr_carea' id='block_1_83' title="bbox 381 5610 1959 5707">
    <p class='ocr_par' dir='ltr' id='par_1_83' title="bbox 381 5610 1959 5707">
     <span class='ocr_line' id='line_1_83' title="bbox 381 5610 1959 5707; baseline -0.026 -7"><span class='ocrx_word' id='word_1_620' title='bbox 381 5656 503 5707; x_wconf 80' lang='lat' dir='ltr'><strong>est;</strong></span> <span class='ocrx_word' id='word_1_621' title='bbox 538 5652 592 5696; x_wconf 89' lang='grc' dir='ltr'><strong>ιιι</strong></span> <span class='ocrx_word' id='word_1_622' title='bbox 623 5654 721 5694; x_wconf 91' lang='lat' dir='ltr'><strong>nos</strong></span> <span class='ocrx_word' id='word_1_623' title='bbox 772 5634 1092 5693; x_wconf 89' lang='lat' dir='ltr'><strong>institueret,</strong></span> <span class='ocrx_word' id='word_1_624' title='bbox 1143 5633 1404 5695; x_wconf 87' lang='lat' dir='ltr'><strong>quatenus</strong></span> <span class='ocrx_word' id='word_1_625' title='bbox 1433 5634 1493 5671; x_wconf 89' lang='lat' dir='ltr'><strong>ea</strong></span> <span class='ocrx_word' id='word_1_626' title='bbox 1522 5630 1639 5685; x_wconf 61' lang='lat' dir='ltr'><strong>quae</strong></span> <span class='ocrx_word' id='word_1_627' title='bbox 1694 5614 1745 5666; x_wconf 92' lang='lat' dir='ltr'><strong>in</strong></span> <span class='ocrx_word' id='word_1_628' title='bbox 1794 5610 1959 5663; x_wconf 87' lang='lat' dir='ltr'><strong>Deum</strong></span> 
     </span>
    </p>
   </div>
   <div class='ocr_carea' id='block_1_84' title="bbox 380 5699 1964 5805">
    <p class='ocr_par' dir='ltr' id='par_1_84' title="bbox 380 5699 1964 5805">
     <span class='ocr_line' id='line_1_84' title="bbox 380 5699 1964 5805; baseline -0.026 -15"><span class='ocrx_word' id='word_1_629' title='bbox 380 5732 788 5805; x_wconf 77' lang='lat' dir='ltr'><strong>proferebantur</strong></span> <span class='ocrx_word' id='word_1_630' title='bbox 804 5725 1202 5780; x_wconf 89' lang='lat' dir='ltr'><strong>ulcisceremur,</strong></span> <span class='ocrx_word' id='word_1_631' title='bbox 1225 5727 1340 5781; x_wconf 76' lang='lat' dir='ltr'><strong>qua:</strong></span> <span class='ocrx_word' id='word_1_632' title='bbox 1364 5711 1413 5762; x_wconf 92' lang='lat' dir='ltr'><strong>in</strong></span> <span class='ocrx_word' id='word_1_633' title='bbox 1438 5723 1535 5761; x_wconf 90' lang='lat' dir='ltr'><strong>nos</strong></span> <span class='ocrx_word' id='word_1_634' title='bbox 1563 5713 1735 5757; x_wconf 85' lang='lat' dir='ltr'><strong>autem</strong></span> <span class='ocrx_word' id='word_1_635' title='bbox 1762 5699 1964 5770; x_wconf 90' lang='lat' dir='ltr'><strong>patien-</strong></span> 
     </span>
    </p>
   </div>
   <div class='ocr_carea' id='block_1_85' title="bbox 387 5791 1964 5883">
    <p class='ocr_par' dir='ltr' id='par_1_85' title="bbox 387 5791 1964 5883">
     <span class='ocr_line' id='line_1_85' title="bbox 387 5791 1964 5883; baseline -0.024 0"><span class='ocrx_word' id='word_1_636' title='bbox 387 5791 468 5882; x_wconf 64' lang='lat' dir='ltr'><strong>ier</strong></span> <span class='ocrx_word' id='word_1_637' title='bbox 494 5824 775 5880; x_wconf 88' lang='lat' dir='ltr'><strong>ferremus.</strong></span> <span class='ocrx_word' id='word_1_638' title='bbox 801 5816 889 5870; x_wconf 75' lang='lat'><strong>50.</strong></span> <span class='ocrx_word' id='word_1_639' title='bbox 923 5813 1032 5883; x_wconf 82' lang='lat' dir='ltr'><strong>Ego</strong></span> <span class='ocrx_word' id='word_1_640' title='bbox 1049 5826 1147 5862; x_wconf 85' lang='lat' dir='ltr'><strong>non</strong></span> <span class='ocrx_word' id='word_1_641' title='bbox 1171 5818 1341 5876; x_wconf 81' lang='lat' dir='ltr'><strong>quer</strong></span> <span class='ocrx_word' id='word_1_642' title='bbox 1372 5800 1585 5869; x_wconf 78' lang='lat' dir='ltr'><strong>gloriam</strong></span> <span class='ocrx_word' id='word_1_643' title='bbox 1628 5810 1807 5848; x_wconf 84' lang='lat' dir='ltr'><strong>meam.</strong></span> <span class='ocrx_word' id='word_1_644' title='bbox 1837 5791 1964 5847; x_wconf 69' lang='lat' dir='ltr'><strong>lltec</strong></span> 
     </span>
    </p>
   </div>
   <div class='ocr_carea' id='block_1_86' title="bbox 752 5912 1391 5984">
    <p class='ocr_par' dir='ltr' id='par_1_86' title="bbox 752 5912 1391 5984">
     <span class='ocr_line' id='line_1_86' title="bbox 752 5912 1391 5984; baseline -0.023 0"><span class='ocrx_word' id='word_1_645' title='bbox 752 5923 1021 5984; x_wconf 75' lang='grc' dir='ltr'>ΡΔτιιοι.</span> <span class='ocrx_word' id='word_1_646' title='bbox 1065 5917 1182 5975; x_wconf 77' lang='lat' dir='ltr'><strong>Gtt.</strong></span> <span class='ocrx_word' id='word_1_647' title='bbox 1230 5912 1391 5973; x_wconf 69' lang='lat' dir='ltr'><strong>LIX.</strong></span> 
     </span>
    </p>
   </div>
   <div class='ocr_carea' id='block_1_87' title="bbox 2031 3007 3615 3091">
    <p class='ocr_par' dir='ltr' id='par_1_87' title="bbox 2031 3007 3615 3091">
     <span class='ocr_line' id='line_1_87' title="bbox 2031 3007 3615 3091; baseline -0.012 -14"><span class='ocrx_word' id='word_1_648' title='bbox 2031 3023 2163 3085; x_wconf 82' lang='lat' dir='ltr'><strong>dixi,</strong></span> <span class='ocrx_word' id='word_1_649' title='bbox 2181 3019 2370 3091; x_wconf 85' lang='lat' dir='ltr'><strong>inquit_</strong></span> <span class='ocrx_word' id='word_1_650' title='bbox 2397 3026 2453 3071; x_wconf 89' lang='lat' dir='ltr'><strong>ut</strong></span> <span class='ocrx_word' id='word_1_651' title='bbox 2468 3014 2806 3073; x_wconf 89' lang='lat' dir='ltr'><strong>ostenderem</strong></span> <span class='ocrx_word' id='word_1_652' title='bbox 2829 3013 2978 3067; x_wconf 89' lang='lat' dir='ltr'><strong>vobis</strong></span> <span class='ocrx_word' id='word_1_653' title='bbox 2999 3026 3104 3066; x_wconf 93' lang='lat' dir='ltr'><strong>non</strong></span> <span class='ocrx_word' id='word_1_654' title='bbox 3125 3016 3429 3078; x_wconf 90' lang='lat' dir='ltr'><strong>competere</strong></span> <span class='ocrx_word' id='word_1_655' title='bbox 3449 3007 3615 3061; x_wconf 88' lang='lat' dir='ltr'><strong>Deum</strong></span> 
     </span>
    </p>
   </div>
   <div class='ocr_carea' id='block_1_88' title="bbox 2029 3098 3619 3180">
    <p class='ocr_par' dir='ltr' id='par_1_88' title="bbox 2029 3098 3619 3180">
     <span class='ocr_line' id='line_1_88' title="bbox 2029 3098 3619 3180; baseline -0.01 -13"><span class='ocrx_word' id='word_1_656' title='bbox 2029 3122 2223 3169; x_wconf 81' lang='lat' dir='ltr'><strong>vocare</strong></span> <span class='ocrx_word' id='word_1_657' title='bbox 2276 3120 2500 3180; x_wconf 88' lang='lat' dir='ltr'><strong>patrem,</strong></span> <span class='ocrx_word' id='word_1_658' title='bbox 2548 3106 2637 3177; x_wconf 92' lang='lat' dir='ltr'><strong>qui</strong></span> <span class='ocrx_word' id='word_1_659' title='bbox 2693 3104 2972 3160; x_wconf 73' lang='lat' dir='ltr'><strong>homicida:</strong></span> <span class='ocrx_word' id='word_1_660' title='bbox 3012 3104 3162 3157; x_wconf 91' lang='lat' dir='ltr'><strong>estis.</strong></span> <span class='ocrx_word' id='word_1_661' title='bbox 3190 3101 3372 3169; x_wconf 88' lang='lat' dir='ltr'><strong>Itaque</strong></span> <span class='ocrx_word' id='word_1_662' title='bbox 3399 3098 3619 3151; x_wconf 87' lang='lat' dir='ltr'><strong>honoris</strong></span> 
     </span>
    </p>
   </div>
   <div class='ocr_carea' id='block_1_89' title="bbox 2031 3191 3619 3277">
    <p class='ocr_par' dir='ltr' id='par_1_89' title="bbox 2031 3191 3619 3277">
     <span class='ocr_line' id='line_1_89' title="bbox 2031 3191 3619 3277; baseline -0.011 -16"><span class='ocrx_word' id='word_1_663' title='bbox 2031 3207 2196 3277; x_wconf 88' lang='lat' dir='ltr'><strong>ipsius</strong></span> <span class='ocrx_word' id='word_1_664' title='bbox 2245 3218 2406 3258; x_wconf 89' lang='lat' dir='ltr'><strong>causa</strong></span> <span class='ocrx_word' id='word_1_665' title='bbox 2460 3201 2572 3254; x_wconf 83' lang='lat' dir='ltr'><strong>haec</strong></span> <span class='ocrx_word' id='word_1_666' title='bbox 2615 3199 2745 3261; x_wconf 88' lang='lat' dir='ltr'><strong>dixi,</strong></span> <span class='ocrx_word' id='word_1_667' title='bbox 2790 3207 2844 3253; x_wconf 90' lang='lat' dir='ltr'><strong>et</strong></span> <span class='ocrx_word' id='word_1_668' title='bbox 2869 3205 3087 3268; x_wconf 90' lang='lat' dir='ltr'><strong>propter</strong></span> <span class='ocrx_word' id='word_1_669' title='bbox 3111 3195 3257 3250; x_wconf 90' lang='lat' dir='ltr'><strong>illum</strong></span> <span class='ocrx_word' id='word_1_670' title='bbox 3288 3193 3392 3248; x_wconf 89' lang='lat' dir='ltr'><strong>hoc</strong></span> <span class='ocrx_word' id='word_1_671' title='bbox 3420 3191 3619 3257; x_wconf 90' lang='lat' dir='ltr'><strong>audio,</strong></span> 
     </span>
    </p>
   </div>
   <div class='ocr_carea' id='block_1_90' title="bbox 2032 3283 3619 3368">
    <p class='ocr_par' dir='ltr' id='par_1_90' title="bbox 2032 3283 3619 3368">
     <span class='ocr_line' id='line_1_90' title="bbox 2032 3283 3619 3368; baseline -0.012 -15"><span class='ocrx_word' id='word_1_672' title='bbox 2032 3307 2192 3368; x_wconf 86' lang='lat' dir='ltr'><strong>atque</strong></span> <span class='ocrx_word' id='word_1_673' title='bbox 2232 3304 2447 3366; x_wconf 89' lang='lat' dir='ltr'><strong>propter</strong></span> <span class='ocrx_word' id='word_1_674' title='bbox 2487 3294 2659 3362; x_wconf 86' lang='lat' dir='ltr'><strong>ipsum</strong></span> <span class='ocrx_word' id='word_1_675' title='bbox 2704 3305 2791 3345; x_wconf 91' lang='lat' dir='ltr'><strong>me</strong></span> <span class='ocrx_word' id='word_1_676' title='bbox 2834 3287 3188 3343; x_wconf 90' lang='lat' dir='ltr'><strong>inhonoratis.</strong></span> <span class='ocrx_word' id='word_1_677' title='bbox 3229 3285 3430 3340; x_wconf 80' lang='lat' dir='ltr'><strong>Verum</strong></span> <span class='ocrx_word' id='word_1_678' title='bbox 3481 3283 3619 3335; x_wconf 91' lang='lat' dir='ltr'><strong>hanc</strong></span> 
     </span>
    </p>
   </div>
   <div class='ocr_carea' id='block_1_91' title="bbox 2033 3373 3622 3443">
    <p class='ocr_par' dir='ltr' id='par_1_91' title="bbox 2033 3373 3622 3443">
     <span class='ocr_line' id='line_1_91' title="bbox 2033 3373 3622 3443; baseline -0.011 0"><span class='ocrx_word' id='word_1_679' title='bbox 2033 3387 2413 3443; x_wconf 90' lang='lat' dir='ltr'><strong>contumeliam</strong></span> <span class='ocrx_word' id='word_1_680' title='bbox 2452 3398 2557 3438; x_wconf 90' lang='lat' dir='ltr'><strong>non</strong></span> <span class='ocrx_word' id='word_1_681' title='bbox 2589 3396 2738 3436; x_wconf 90' lang='lat' dir='ltr'><strong>curo.</strong></span> <span class='ocrx_word' id='word_1_682' title='bbox 2768 3379 2846 3433; x_wconf 92' lang='lat' dir='ltr'><strong>llli</strong></span> <span class='ocrx_word' id='word_1_683' title='bbox 2890 3377 3033 3433; x_wconf 90' lang='lat' dir='ltr'><strong>enim</strong></span> <span class='ocrx_word' id='word_1_684' title='bbox 3059 3375 3181 3431; x_wconf 89' lang='lat' dir='ltr'><strong>ideo</strong></span> <span class='ocrx_word' id='word_1_685' title='bbox 3202 3389 3390 3443; x_wconf 74' lang='lat' dir='ltr'><strong>ptenas</strong></span> <span class='ocrx_word' id='word_1_686' title='bbox 3415 3373 3622 3427; x_wconf 86' lang='lat' dir='ltr'><strong>debetis</strong></span> 
     </span>
    </p>
   </div>
   <div class='ocr_carea' id='block_1_92' title="bbox 2035 3463 3624 3544">
    <p class='ocr_par' dir='ltr' id='par_1_92' title="bbox 2035 3463 3624 3544">
     <span class='ocr_line' id='line_1_92' title="bbox 2035 3463 3624 3544; baseline -0.012 -10"><span class='ocrx_word' id='word_1_687' title='bbox 2035 3481 2319 3540; x_wconf 88' lang='lat' dir='ltr'><strong>dictorum,</strong></span> <span class='ocrx_word' id='word_1_688' title='bbox 2349 3482 2568 3544; x_wconf 88' lang='lat' dir='ltr'><strong>propter</strong></span> <span class='ocrx_word' id='word_1_689' title='bbox 2586 3486 2744 3542; x_wconf 91' lang='lat' dir='ltr'><strong>quem</strong></span> <span class='ocrx_word' id='word_1_690' title='bbox 2788 3468 2902 3523; x_wconf 78' lang='lat' dir='ltr'><strong>haec</strong></span> <span class='ocrx_word' id='word_1_691' title='bbox 2951 3481 3093 3521; x_wconf 90' lang='lat' dir='ltr'><strong>nunc</strong></span> <span class='ocrx_word' id='word_1_692' title='bbox 3131 3464 3329 3520; x_wconf 80' lang='lat' dir='ltr'><strong>audio-</strong></span> <span class='ocrx_word' id='word_1_693' title='bbox 3358 3463 3471 3533; x_wconf 88' lang='lat' dir='ltr'><strong>Ego</strong></span> <span class='ocrx_word' id='word_1_694' title='bbox 3520 3479 3624 3516; x_wconf 85' lang='lat' dir='ltr'><strong>non</strong></span> 
     </span>
    </p>
   </div>
   <div class='ocr_carea' id='block_1_93' title="bbox 2035 3553 3625 3641">
    <p class='ocr_par' dir='ltr' id='par_1_93' title="bbox 2035 3553 3625 3641">
     <span class='ocr_line' id='line_1_93' title="bbox 2035 3553 3625 3641; baseline -0.011 -16"><span class='ocrx_word' id='word_1_695' title='bbox 2035 3586 2204 3641; x_wconf 76' lang='lat' dir='ltr'><strong>quatro</strong></span> <span class='ocrx_word' id='word_1_696' title='bbox 2227 3567 2441 3638; x_wconf 79' lang='lat' dir='ltr'><strong>gloriam</strong></span> <span class='ocrx_word' id='word_1_697' title='bbox 2467 3580 2650 3617; x_wconf 87' lang='lat' dir='ltr'><strong>meam.</strong></span> <span class='ocrx_word' id='word_1_698' title='bbox 2695 3560 2817 3615; x_wconf 90' lang='lat' dir='ltr'><strong>Ideo</strong></span> <span class='ocrx_word' id='word_1_699' title='bbox 2855 3559 3053 3613; x_wconf 86' lang='lat' dir='ltr'><strong>omissa</strong></span> <span class='ocrx_word' id='word_1_700' title='bbox 3076 3555 3308 3611; x_wconf 84' lang='lat' dir='ltr'><strong>vindicta</strong></span> <span class='ocrx_word' id='word_1_701' title='bbox 3338 3553 3406 3609; x_wconf 89' lang='lat' dir='ltr'><strong>ad</strong></span> <span class='ocrx_word' id='word_1_702' title='bbox 3426 3554 3625 3609; x_wconf 88' lang='lat' dir='ltr'><strong>cohor-</strong></span> 
     </span>
    </p>
   </div>
   <div class='ocr_carea' id='block_1_94' title="bbox 2038 3643 3622 3716">
    <p class='ocr_par' dir='ltr' id='par_1_94' title="bbox 2038 3643 3622 3716">
     <span class='ocr_line' id='line_1_94' title="bbox 2038 3643 3622 3716; baseline -0.013 0"><span class='ocrx_word' id='word_1_703' title='bbox 2038 3662 2292 3716; x_wconf 90' lang='lat' dir='ltr'><strong>tationem</strong></span> <span class='ocrx_word' id='word_1_704' title='bbox 2314 3665 2515 3715; x_wconf 87' lang='lat' dir='ltr'><strong>vertor,</strong></span> <span class='ocrx_word' id='word_1_705' title='bbox 2546 3662 2601 3708; x_wconf 89' lang='lat' dir='ltr'><strong>et</strong></span> <span class='ocrx_word' id='word_1_706' title='bbox 2629 3660 2816 3705; x_wconf 89' lang='lat' dir='ltr'><strong>auctor</strong></span> <span class='ocrx_word' id='word_1_707' title='bbox 2843 3649 3000 3703; x_wconf 87' lang='lat' dir='ltr'><strong>vobis</strong></span> <span class='ocrx_word' id='word_1_708' title='bbox 3028 3658 3168 3713; x_wconf 89' lang='lat' dir='ltr'><strong>sum,</strong></span> <span class='ocrx_word' id='word_1_709' title='bbox 3196 3653 3253 3699; x_wconf 90' lang='lat' dir='ltr'><strong>ut</strong></span> <span class='ocrx_word' id='word_1_710' title='bbox 3272 3644 3361 3699; x_wconf 89' lang='lat' dir='ltr'><strong>illa</strong></span> <span class='ocrx_word' id='word_1_711' title='bbox 3391 3643 3622 3708; x_wconf 86' lang='lat' dir='ltr'><strong>faciatis,</strong></span> 
     </span>
    </p>
   </div>
   <div class='ocr_carea' id='block_1_95' title="bbox 2038 3734 3627 3823">
    <p class='ocr_par' dir='ltr' id='par_1_95' title="bbox 2038 3734 3627 3823">
     <span class='ocr_line' id='line_1_95' title="bbox 2038 3734 3627 3823; baseline -0.011 -16"><span class='ocrx_word' id='word_1_712' title='bbox 2038 3765 2265 3823; x_wconf 88' lang='lat' dir='ltr'><strong>quorum</strong></span> <span class='ocrx_word' id='word_1_713' title='bbox 2298 3750 2467 3820; x_wconf 86' lang='lat' dir='ltr'><strong>gratia</strong></span> <span class='ocrx_word' id='word_1_714' title='bbox 2499 3760 2605 3800; x_wconf 92' lang='lat' dir='ltr'><strong>nou</strong></span> <span class='ocrx_word' id='word_1_715' title='bbox 2650 3742 2810 3797; x_wconf 91' lang='lat' dir='ltr'><strong>modo</strong></span> <span class='ocrx_word' id='word_1_716' title='bbox 2858 3738 3173 3808; x_wconf 88' lang='lat' dir='ltr'><strong>supplicium</strong></span> <span class='ocrx_word' id='word_1_717' title='bbox 3203 3734 3489 3806; x_wconf 83' lang='lat' dir='ltr'><strong>eﬂ‘ngietis,</strong></span> <span class='ocrx_word' id='word_1_718' title='bbox 3532 3735 3627 3790; x_wconf 90' lang='lat' dir='ltr'><strong>sed</strong></span> 
     </span>
    </p>
   </div>
   <div class='ocr_carea' id='block_1_96' title="bbox 2040 3829 3629 3903">
    <p class='ocr_par' dir='ltr' id='par_1_96' title="bbox 2040 3829 3629 3903">
     <span class='ocr_line' id='line_1_96' title="bbox 2040 3829 3629 3903; baseline -0.013 -4"><span class='ocrx_word' id='word_1_719' title='bbox 2040 3846 2199 3900; x_wconf 89' lang='lat' dir='ltr'><strong>etiam</strong></span> <span class='ocrx_word' id='word_1_720' title='bbox 2226 3843 2388 3897; x_wconf 85' lang='lat' dir='ltr'><strong>vitam</strong></span> <span class='ocrx_word' id='word_1_721' title='bbox 2416 3849 2668 3894; x_wconf 69' lang='lat' dir='ltr'><strong>aeternam</strong></span> <span class='ocrx_word' id='word_1_722' title='bbox 2696 3830 3117 3903; x_wconf 85' lang='lat' dir='ltr'><strong>consequemini.</strong></span> <span class='ocrx_word' id='word_1_723' title='bbox 3148 3829 3236 3884; x_wconf 78' lang='grc'><strong>51.</strong></span> <span class='ocrx_word' id='word_1_724' title='bbox 3271 3829 3450 3894; x_wconf 79' lang='lat' dir='ltr'><strong>Amen,</strong></span> <span class='ocrx_word' id='word_1_725' title='bbox 3480 3843 3629 3881; x_wconf 83' lang='lat' dir='ltr'><strong>amen</strong></span> 
     </span>
    </p>
   </div>
   <div class='ocr_carea' id='block_1_97' title="bbox 2042 3917 3622 4000">
    <p class='ocr_par' dir='ltr' id='par_1_97' title="bbox 2042 3917 3622 4000">
     <span class='ocr_line' id='line_1_97' title="bbox 2042 3917 3622 4000; baseline -0.013 -9"><span class='ocrx_word' id='word_1_726' title='bbox 2042 3938 2154 3991; x_wconf 87' lang='lat' dir='ltr'><strong>dico</strong></span> <span class='ocrx_word' id='word_1_727' title='bbox 2175 3933 2334 4000; x_wconf 84' lang='lat' dir='ltr'><strong>vobis,</strong></span> <span class='ocrx_word' id='word_1_728' title='bbox 2358 3932 2402 3986; x_wconf 87' lang='lat' dir='ltr'><strong>si</strong></span> <span class='ocrx_word' id='word_1_729' title='bbox 2425 3930 2537 4000; x_wconf 86' lang='lat' dir='ltr'><strong>quis</strong></span> <span class='ocrx_word' id='word_1_730' title='bbox 2561 3940 2839 3983; x_wconf 86' lang='lat' dir='ltr'><strong>sermonem</strong></span> <span class='ocrx_word' id='word_1_731' title='bbox 2864 3934 3027 3977; x_wconf 84' lang='lat' dir='ltr'><strong>meum</strong></span> <span class='ocrx_word' id='word_1_732' title='bbox 3068 3919 3335 3976; x_wconf 73' lang='lat' dir='ltr'><strong>servaverit</strong></span> <span class='ocrx_word' id='word_1_733' title='bbox 3354 3960 3368 3987; x_wconf 96' lang='lat'><strong>,</strong></span> <span class='ocrx_word' id='word_1_734' title='bbox 3397 3935 3499 3973; x_wconf 86' lang='lat' dir='ltr'><strong>non</strong></span> <span class='ocrx_word' id='word_1_735' title='bbox 3550 3917 3622 3970; x_wconf 76' lang='lat' dir='ltr'><strong>ui-</strong></span> 
     </span>
    </p>
   </div>
   <div class='ocr_carea' id='block_1_98' title="bbox 2043 4010 3629 4085">
    <p class='ocr_par' dir='ltr' id='par_1_98' title="bbox 2043 4010 3629 4085">
     <span class='ocr_line' id='line_1_98' title="bbox 2043 4010 3629 4085; baseline -0.015 0"><span class='ocrx_word' id='word_1_736' title='bbox 2043 4030 2176 4085; x_wconf 86' lang='lat' dir='ltr'><strong>debit</strong></span> <span class='ocrx_word' id='word_1_737' title='bbox 2202 4035 2411 4082; x_wconf 85' lang='lat' dir='ltr'><strong>mortem</strong></span> <span class='ocrx_word' id='word_1_738' title='bbox 2435 4024 2487 4077; x_wconf 86' lang='lat' dir='ltr'><strong>in</strong></span> <span class='ocrx_word' id='word_1_739' title='bbox 2511 4028 2773 4077; x_wconf 73' lang='lat' dir='ltr'><strong>talentum.</strong></span> <span class='ocrx_word' id='word_1_740' title='bbox 2804 4017 2902 4072; x_wconf 84' lang='lat' dir='ltr'><strong>Hic</strong></span> <span class='ocrx_word' id='word_1_741' title='bbox 2940 4029 3044 4069; x_wconf 92' lang='lat' dir='ltr'><strong>non</strong></span> <span class='ocrx_word' id='word_1_742' title='bbox 3077 4012 3239 4067; x_wconf 88' lang='lat' dir='ltr'><strong>modo</strong></span> <span class='ocrx_word' id='word_1_743' title='bbox 3261 4012 3327 4066; x_wconf 90' lang='lat' dir='ltr'><strong>de</strong></span> <span class='ocrx_word' id='word_1_744' title='bbox 3358 4010 3462 4065; x_wconf 87' lang='lat' dir='ltr'><strong>fide</strong></span> <span class='ocrx_word' id='word_1_745' title='bbox 3482 4010 3629 4079; x_wconf 73' lang='lat' dir='ltr'><strong>agit.</strong></span> 
     </span>
    </p>
   </div>
   <div class='ocr_carea' id='block_1_99' title="bbox 2045 4102 3633 4183">
    <p class='ocr_par' dir='ltr' id='par_1_99' title="bbox 2045 4102 3633 4183">
     <span class='ocr_line' id='line_1_99' title="bbox 2045 4102 3633 4183; baseline -0.014 -5"><span class='ocrx_word' id='word_1_746' title='bbox 2045 4122 2139 4178; x_wconf 93' lang='lat' dir='ltr'><strong>sed</strong></span> <span class='ocrx_word' id='word_1_747' title='bbox 2170 4121 2333 4176; x_wconf 86' lang='lat' dir='ltr'><strong>etiam</strong></span> <span class='ocrx_word' id='word_1_748' title='bbox 2371 4117 2440 4172; x_wconf 90' lang='lat' dir='ltr'><strong>de</strong></span> <span class='ocrx_word' id='word_1_749' title='bbox 2481 4116 2587 4169; x_wconf 85' lang='lat' dir='ltr'><strong>vita</strong></span> <span class='ocrx_word' id='word_1_750' title='bbox 2614 4127 2764 4183; x_wconf 89' lang='lat' dir='ltr'><strong>pura.</strong></span> <span class='ocrx_word' id='word_1_751' title='bbox 2797 4112 2875 4165; x_wconf 87' lang='lat' dir='ltr'><strong>Ac</strong></span> <span class='ocrx_word' id='word_1_752' title='bbox 2900 4107 3146 4178; x_wconf 89' lang='lat' dir='ltr'><strong>superius</strong></span> <span class='ocrx_word' id='word_1_753' title='bbox 3169 4105 3264 4172; x_wconf 88' lang='lat' dir='ltr'><strong>ait,</strong></span> <span class='ocrx_word' id='word_1_754' title='bbox 3300 4102 3470 4159; x_wconf 81' lang='lat' dir='ltr'><strong>Vitam</strong></span> <span class='ocrx_word' id='word_1_755' title='bbox 3488 4113 3633 4158; x_wconf 78' lang='lat' dir='ltr'><strong>teter-</strong></span> 
     </span>
    </p>
   </div>
   <div class='ocr_carea' id='block_1_100' title="bbox 2048 4197 3635 4271">
    <p class='ocr_par' dir='ltr' id='par_1_100' title="bbox 2048 4197 3635 4271">
     <span class='ocr_line' id='line_1_100' title="bbox 2048 4197 3635 4271; baseline -0.014 -2"><span class='ocrx_word' id='word_1_756' title='bbox 2048 4229 2167 4269; x_wconf 89' lang='lat' dir='ltr'><strong>nam</strong></span> <span class='ocrx_word' id='word_1_757' title='bbox 2218 4210 2451 4271; x_wconf 86' lang='lat' dir='ltr'><strong>habebit;</strong></span> <span class='ocrx_word' id='word_1_758' title='bbox 2503 4206 2593 4261; x_wconf 89' lang='lat' dir='ltr'><strong>hic</strong></span> <span class='ocrx_word' id='word_1_759' title='bbox 2639 4218 2787 4270; x_wconf 85' lang='lat' dir='ltr'><strong>vero,</strong></span> <span class='ocrx_word' id='word_1_760' title='bbox 2817 4203 3036 4254; x_wconf 79' lang='lat' dir='ltr'><strong>Mortem</strong></span> <span class='ocrx_word' id='word_1_761' title='bbox 3068 4214 3169 4251; x_wconf 84' lang='lat' dir='ltr'><strong>non</strong></span> <span class='ocrx_word' id='word_1_762' title='bbox 3199 4197 3385 4250; x_wconf 77' lang='lat' dir='ltr'><strong>videbit</strong></span> <span class='ocrx_word' id='word_1_763' title='bbox 3412 4210 3431 4249; x_wconf 91' lang='lat'><strong><em>:</em></strong></span> <span class='ocrx_word' id='word_1_764' title='bbox 3456 4204 3509 4249; x_wconf 91' lang='lat' dir='ltr'><strong>et</strong></span> <span class='ocrx_word' id='word_1_765' title='bbox 3531 4209 3635 4248; x_wconf 88' lang='lat' dir='ltr'><strong>una</strong></span> 
     </span>
    </p>
   </div>
   <div class='ocr_carea' id='block_1_101' title="bbox 2051 4287 3637 4364">
    <p class='ocr_par' dir='ltr' id='par_1_101' title="bbox 2051 4287 3637 4364">
     <span class='ocr_line' id='line_1_101' title="bbox 2051 4287 3637 4364; baseline -0.016 -1"><span class='ocrx_word' id='word_1_766' title='bbox 2051 4306 2352 4364; x_wconf 88' lang='lat' dir='ltr'><strong>subindicat</strong></span> <span class='ocrx_word' id='word_1_767' title='bbox 2382 4303 2499 4356; x_wconf 92' lang='lat' dir='ltr'><strong>illos</strong></span> <span class='ocrx_word' id='word_1_768' title='bbox 2545 4298 2676 4353; x_wconf 90' lang='lat' dir='ltr'><strong>nihil</strong></span> <span class='ocrx_word' id='word_1_769' title='bbox 2702 4296 2982 4350; x_wconf 84' lang='lat' dir='ltr'><strong>adversum</strong></span> <span class='ocrx_word' id='word_1_770' title='bbox 3015 4307 3074 4346; x_wconf 89' lang='lat' dir='ltr'><strong>se</strong></span> <span class='ocrx_word' id='word_1_771' title='bbox 3100 4303 3276 4361; x_wconf 89' lang='lat' dir='ltr'><strong>posse.</strong></span> <span class='ocrx_word' id='word_1_772' title='bbox 3310 4288 3442 4343; x_wconf 84' lang='lat' dir='ltr'><strong>Nam</strong></span> <span class='ocrx_word' id='word_1_773' title='bbox 3474 4287 3519 4341; x_wconf 92' lang='lat' dir='ltr'><strong>si</strong></span> <span class='ocrx_word' id='word_1_774' title='bbox 3546 4288 3637 4355; x_wconf 90' lang='lat' dir='ltr'><strong>qui</strong></span> 
     </span>
    </p>
   </div>
   <div class='ocr_carea' id='block_1_102' title="bbox 2052 4380 3638 4465">
    <p class='ocr_par' dir='ltr' id='par_1_102' title="bbox 2052 4380 3638 4465">
     <span class='ocr_line' id='line_1_102' title="bbox 2052 4380 3638 4465; baseline -0.015 -8"><span class='ocrx_word' id='word_1_775' title='bbox 2052 4414 2354 4456; x_wconf 83' lang='lat' dir='ltr'><strong>sermonem</strong></span> <span class='ocrx_word' id='word_1_776' title='bbox 2386 4395 2504 4465; x_wconf 89' lang='lat' dir='ltr'><strong>ejus</strong></span> <span class='ocrx_word' id='word_1_777' title='bbox 2530 4389 2842 4453; x_wconf 86' lang='lat' dir='ltr'><strong>servaverit,</strong></span> <span class='ocrx_word' id='word_1_778' title='bbox 2872 4402 2976 4440; x_wconf 90' lang='lat' dir='ltr'><strong>non</strong></span> <span class='ocrx_word' id='word_1_779' title='bbox 3004 4384 3282 4446; x_wconf 87' lang='lat' dir='ltr'><strong>morietur,</strong></span> <span class='ocrx_word' id='word_1_780' title='bbox 3304 4388 3503 4451; x_wconf 89' lang='lat' dir='ltr'><strong>quanto</strong></span> <span class='ocrx_word' id='word_1_781' title='bbox 3534 4380 3638 4433; x_wconf 89' lang='lat' dir='ltr'><strong>mi-</strong></span> 
     </span>
    </p>
   </div>
   <div class='ocr_carea' id='block_1_103' title="bbox 2054 4469 3639 4561">
    <p class='ocr_par' dir='ltr' id='par_1_103' title="bbox 2054 4469 3639 4561">
     <span class='ocr_line' id='line_1_103' title="bbox 2054 4469 3639 4561; baseline -0.017 -13"><span class='ocrx_word' id='word_1_782' title='bbox 2054 4508 2155 4548; x_wconf 91' lang='lat' dir='ltr'><strong>nus</strong></span> <span class='ocrx_word' id='word_1_783' title='bbox 2177 4488 2327 4561; x_wconf 89' lang='lat' dir='ltr'><strong>ipse?</strong></span> <span class='ocrx_word' id='word_1_784' title='bbox 2354 4487 2409 4542; x_wconf 93' lang='lat' dir='ltr'><strong>Id</strong></span> <span class='ocrx_word' id='word_1_785' title='bbox 2432 4500 2554 4539; x_wconf 88' lang='lat' dir='ltr'><strong>cum</strong></span> <span class='ocrx_word' id='word_1_786' title='bbox 2587 4482 2661 4536; x_wconf 91' lang='lat' dir='ltr'><strong>illi</strong></span> <span class='ocrx_word' id='word_1_787' title='bbox 2705 4478 3085 4547; x_wconf 89' lang='lat' dir='ltr'><strong>intelligerent,</strong></span> <span class='ocrx_word' id='word_1_788' title='bbox 3117 4474 3306 4528; x_wconf 90' lang='lat' dir='ltr'><strong>aiunt:</strong></span> <span class='ocrx_word' id='word_1_789' title='bbox 3342 4470 3432 4526; x_wconf 74' lang='lat'><strong>52.</strong></span> <span class='ocrx_word' id='word_1_790' title='bbox 3485 4469 3639 4523; x_wconf 85' lang='lat' dir='ltr'><strong>Nunc</strong></span> 
     </span>
    </p>
   </div>
   <div class='ocr_carea' id='block_1_104' title="bbox 2054 4563 3642 4655">
    <p class='ocr_par' dir='ltr' id='par_1_104' title="bbox 2054 4563 3642 4655">
     <span class='ocr_line' id='line_1_104' title="bbox 2054 4563 3642 4655; baseline -0.017 -16"><span class='ocrx_word' id='word_1_791' title='bbox 2054 4582 2401 4655; x_wconf 84' lang='lat' dir='ltr'><strong>cognoscimus</strong></span> <span class='ocrx_word' id='word_1_792' title='bbox 2426 4577 2545 4648; x_wconf 86' lang='lat' dir='ltr'><strong>quia</strong></span> <span class='ocrx_word' id='word_1_793' title='bbox 2571 4573 2875 4628; x_wconf 70' lang='lat' dir='ltr'><strong>dwmoninm</strong></span> <span class='ocrx_word' id='word_1_794' title='bbox 2902 4568 3054 4621; x_wconf 83' lang='lat' dir='ltr'><strong>habes</strong></span> <span class='ocrx_word' id='word_1_795' title='bbox 3081 4580 3100 4619; x_wconf 91' lang='lat'><em>:</em></span> <span class='ocrx_word' id='word_1_796' title='bbox 3124 4563 3379 4618; x_wconf 83' lang='lat' dir='ltr'><strong>Abraham</strong></span> <span class='ocrx_word' id='word_1_797' title='bbox 3411 4571 3642 4614; x_wconf 84' lang='lat' dir='ltr'><strong>mortuus</strong></span> 
     </span>
    </p>
   </div>
   <div class='ocr_carea' id='block_1_105' title="bbox 2056 4654 3643 4743">
    <p class='ocr_par' dir='ltr' id='par_1_105' title="bbox 2056 4654 3643 4743">
     <span class='ocr_line' id='line_1_105' title="bbox 2056 4654 3643 4743; baseline -0.016 -14"><span class='ocrx_word' id='word_1_798' title='bbox 2056 4654 2148 4738; x_wconf 87' lang='lat' dir='ltr'><strong>est,</strong></span> <span class='ocrx_word' id='word_1_799' title='bbox 2178 4673 2433 4743; x_wconf 70' lang='lat' dir='ltr'><strong>propheta:</strong></span> <span class='ocrx_word' id='word_1_800' title='bbox 2474 4664 2658 4720; x_wconf 82' lang='lat' dir='ltr'><strong>mortui</strong></span> <span class='ocrx_word' id='word_1_801' title='bbox 2696 4670 2845 4724; x_wconf 85' lang='lat' dir='ltr'><strong>sunt;</strong></span> <span class='ocrx_word' id='word_1_802' title='bbox 2870 4658 2920 4713; x_wconf 93' lang='lat' dir='ltr'><strong>id</strong></span> <span class='ocrx_word' id='word_1_803' title='bbox 2949 4666 3050 4722; x_wconf 89' lang='lat' dir='ltr'><strong>est,</strong></span> <span class='ocrx_word' id='word_1_804' title='bbox 3072 4656 3174 4723; x_wconf 88' lang='lat' dir='ltr'><strong>Qui</strong></span> <span class='ocrx_word' id='word_1_805' title='bbox 3204 4654 3300 4709; x_wconf 87' lang='lat' dir='ltr'><strong>Dei</strong></span> <span class='ocrx_word' id='word_1_806' title='bbox 3339 4665 3643 4708; x_wconf 89' lang='lat' dir='ltr'><strong>sermonem</strong></span> 
     </span>
    </p>
   </div>
   <div class='ocr_carea' id='block_1_106' title="bbox 2058 4746 3645 4826">
    <p class='ocr_par' dir='ltr' id='par_1_106' title="bbox 2058 4746 3645 4826">
     <span class='ocr_line' id='line_1_106' title="bbox 2058 4746 3645 4826; baseline -0.016 -5"><span class='ocrx_word' id='word_1_807' title='bbox 2058 4767 2361 4826; x_wconf 88' lang='lat' dir='ltr'><strong>audierunt,</strong></span> <span class='ocrx_word' id='word_1_808' title='bbox 2390 4758 2583 4814; x_wconf 88' lang='lat' dir='ltr'><strong>mortui</strong></span> <span class='ocrx_word' id='word_1_809' title='bbox 2611 4764 2755 4819; x_wconf 89' lang='lat' dir='ltr'><strong>sunt,</strong></span> <span class='ocrx_word' id='word_1_810' title='bbox 2802 4761 2856 4806; x_wconf 85' lang='lat' dir='ltr'><strong>et</strong></span> <span class='ocrx_word' id='word_1_811' title='bbox 2882 4751 2971 4821; x_wconf 89' lang='lat' dir='ltr'><strong>qui</strong></span> <span class='ocrx_word' id='word_1_812' title='bbox 2996 4759 3139 4803; x_wconf 91' lang='lat' dir='ltr'><strong>tuum</strong></span> <span class='ocrx_word' id='word_1_813' title='bbox 3185 4746 3490 4810; x_wconf 89' lang='lat' dir='ltr'><strong>audierunt,</strong></span> <span class='ocrx_word' id='word_1_814' title='bbox 3537 4758 3645 4797; x_wconf 91' lang='lat' dir='ltr'><strong>non</strong></span> 
     </span>
    </p>
   </div>
   <div class='ocr_carea' id='block_1_107' title="bbox 2059 4843 3647 4917">
    <p class='ocr_par' dir='ltr' id='par_1_107' title="bbox 2059 4843 3647 4917">
     <span class='ocr_line' id='line_1_107' title="bbox 2059 4843 3647 4917; baseline -0.018 -2"><span class='ocrx_word' id='word_1_815' title='bbox 2059 4854 2391 4915; x_wconf 90' lang='lat' dir='ltr'><strong>morientur?</strong></span> <span class='ocrx_word' id='word_1_816' title='bbox 2419 4854 2507 4908; x_wconf 76' lang='grc'><strong>55.</strong></span> <span class='ocrx_word' id='word_1_817' title='bbox 2553 4843 2820 4917; x_wconf 81' lang='lat' dir='ltr'><strong>Numquid</strong></span> <span class='ocrx_word' id='word_1_818' title='bbox 2867 4853 2920 4896; x_wconf 88' lang='lat' dir='ltr'><strong>tu</strong></span> <span class='ocrx_word' id='word_1_819' title='bbox 2971 4843 3137 4912; x_wconf 87' lang='lat' dir='ltr'><strong>major</strong></span> <span class='ocrx_word' id='word_1_820' title='bbox 3184 4855 3235 4893; x_wconf 88' lang='lat' dir='ltr'><strong>es</strong></span> <span class='ocrx_word' id='word_1_821' title='bbox 3284 4848 3429 4909; x_wconf 81' lang='lat' dir='ltr'><strong>patre</strong></span> <span class='ocrx_word' id='word_1_822' title='bbox 3475 4844 3647 4890; x_wconf 82' lang='lat' dir='ltr'><strong>nostro</strong></span> 
     </span>
    </p>
   </div>
   <div class='ocr_carea' id='block_1_108' title="bbox 2060 4927 3646 5013">
    <p class='ocr_par' dir='ltr' id='par_1_108' title="bbox 2060 4927 3646 5013">
     <span class='ocr_line' id='line_1_108' title="bbox 2060 4927 3646 5013; baseline -0.017 -7"><span class='ocrx_word' id='word_1_823' title='bbox 2060 4946 2351 5006; x_wconf 80' lang='lat' dir='ltr'><strong>Abraham?</strong></span> <span class='ocrx_word' id='word_1_824' title='bbox 2375 4943 2418 4999; x_wconf 91' lang='grc'>0</span> <span class='ocrx_word' id='word_1_825' title='bbox 2440 4941 2746 5013; x_wconf 85' lang='lat' dir='ltr'><strong>jactantiam</strong></span> <span class='ocrx_word' id='word_1_826' title='bbox 2769 4938 2781 4990; x_wconf 77' lang='grc' dir='ltr'><em>Ξ</em></span> <span class='ocrx_word' id='word_1_827' title='bbox 2810 4936 3011 4990; x_wconf 80' lang='lat' dir='ltr'><strong>Rursus</strong></span> <span class='ocrx_word' id='word_1_828' title='bbox 3035 4932 3101 4986; x_wconf 80' lang='lat' dir='ltr'><strong>ad</strong></span> <span class='ocrx_word' id='word_1_829' title='bbox 3128 4930 3244 5001; x_wconf 86' lang='lat' dir='ltr'><strong>ejus</strong></span> <span class='ocrx_word' id='word_1_830' title='bbox 3273 4927 3646 4999; x_wconf 83' lang='lat' dir='ltr'><strong>cognationem</strong></span> 
     </span>
    </p>
   </div>
   <div class='ocr_carea' id='block_1_109' title="bbox 2062 5018 3650 5114">
    <p class='ocr_par' dir='ltr' id='par_1_109' title="bbox 2062 5018 3650 5114">
     <span class='ocr_line' id='line_1_109' title="bbox 2062 5018 3650 5114; baseline -0.018 -15"><span class='ocrx_word' id='word_1_831' title='bbox 2062 5043 2346 5114; x_wconf 85' lang='lat' dir='ltr'><strong>refugiunt.</strong></span> <span class='ocrx_word' id='word_1_832' title='bbox 2378 5036 2535 5106; x_wconf 88' lang='lat' dir='ltr'><strong>Atqui</strong></span> <span class='ocrx_word' id='word_1_833' title='bbox 2564 5045 2659 5104; x_wconf 89' lang='lat' dir='ltr'><strong>par</strong></span> <span class='ocrx_word' id='word_1_834' title='bbox 2680 5032 2864 5084; x_wconf 86' lang='lat' dir='ltr'><strong>fuisset</strong></span> <span class='ocrx_word' id='word_1_835' title='bbox 2891 5027 3089 5087; x_wconf 84' lang='lat' dir='ltr'><strong>dicere,</strong></span> <span class='ocrx_word' id='word_1_836' title='bbox 3114 5020 3377 5091; x_wconf 80' lang='lat' dir='ltr'><strong>Numquid</strong></span> <span class='ocrx_word' id='word_1_837' title='bbox 3400 5029 3457 5074; x_wconf 89' lang='lat' dir='ltr'><strong>tu</strong></span> <span class='ocrx_word' id='word_1_838' title='bbox 3479 5018 3650 5088; x_wconf 80' lang='lat' dir='ltr'><strong>major</strong></span> 
     </span>
    </p>
   </div>
   <div class='ocr_carea' id='block_1_110' title="bbox 2064 5108 3651 5198">
    <p class='ocr_par' dir='ltr' id='par_1_110' title="bbox 2064 5108 3651 5198">
     <span class='ocr_line' id='line_1_110' title="bbox 2064 5108 3651 5198; baseline -0.02 -5"><span class='ocrx_word' id='word_1_839' title='bbox 2064 5152 2123 5193; x_wconf 89' lang='lat' dir='ltr'><strong>es</strong></span> <span class='ocrx_word' id='word_1_840' title='bbox 2155 5108 2299 5190; x_wconf 43' lang='lat' dir='ltr'><strong>D&#39;eo?</strong></span> <span class='ocrx_word' id='word_1_841' title='bbox 2325 5138 2418 5184; x_wconf 90' lang='lat' dir='ltr'><strong>aut</strong></span> <span class='ocrx_word' id='word_1_842' title='bbox 2434 5127 2525 5198; x_wconf 88' lang='lat' dir='ltr'><strong>qui</strong></span> <span class='ocrx_word' id='word_1_843' title='bbox 2553 5136 2604 5179; x_wconf 88' lang='lat' dir='ltr'><strong>te</strong></span> <span class='ocrx_word' id='word_1_844' title='bbox 2630 5122 2869 5181; x_wconf 88' lang='lat' dir='ltr'><strong>audiunt,</strong></span> <span class='ocrx_word' id='word_1_845' title='bbox 2900 5117 3131 5186; x_wconf 85' lang='lat' dir='ltr'><strong>majores</strong></span> <span class='ocrx_word' id='word_1_846' title='bbox 3159 5123 3286 5168; x_wconf 88' lang='lat' dir='ltr'><strong>sunt</strong></span> <span class='ocrx_word' id='word_1_847' title='bbox 3306 5108 3651 5165; x_wconf 76' lang='lat' dir='ltr'><strong>Abraham?</strong></span> 
     </span>
    </p>
   </div>
   <div class='ocr_carea' id='block_1_111' title="bbox 2066 5206 3650 5286">
    <p class='ocr_par' dir='ltr' id='par_1_111' title="bbox 2066 5206 3650 5286">
     <span class='ocr_line' id='line_1_111' title="bbox 2066 5206 3650 5286; baseline -0.019 -1"><span class='ocrx_word' id='word_1_848' title='bbox 2066 5230 2168 5286; x_wconf 85' lang='lat' dir='ltr'><strong>Sed</strong></span> <span class='ocrx_word' id='word_1_849' title='bbox 2197 5243 2299 5281; x_wconf 90' lang='lat' dir='ltr'><strong>non</strong></span> <span class='ocrx_word' id='word_1_850' title='bbox 2329 5224 2431 5277; x_wconf 91' lang='lat' dir='ltr'><strong>hoc</strong></span> <span class='ocrx_word' id='word_1_851' title='bbox 2459 5221 2659 5281; x_wconf 87' lang='lat' dir='ltr'><strong>dicunt,</strong></span> <span class='ocrx_word' id='word_1_852' title='bbox 2684 5215 2805 5285; x_wconf 86' lang='lat' dir='ltr'><strong>quia</strong></span> <span class='ocrx_word' id='word_1_853' title='bbox 2855 5212 3003 5266; x_wconf 89' lang='lat' dir='ltr'><strong>illum</strong></span> <span class='ocrx_word' id='word_1_854' title='bbox 3041 5206 3346 5264; x_wconf 82' lang='lat' dir='ltr'><strong>Abrahamo</strong></span> <span class='ocrx_word' id='word_1_855' title='bbox 3388 5206 3650 5256; x_wconf 88' lang='lat' dir='ltr'><strong>minorem</strong></span> 
     </span>
    </p>
   </div>
   <div class='ocr_carea' id='block_1_112' title="bbox 2067 5292 3650 5393">
    <p class='ocr_par' dir='ltr' id='par_1_112' title="bbox 2067 5292 3650 5393">
     <span class='ocr_line' id='line_1_112' title="bbox 2067 5292 3650 5393; baseline -0.02 -17"><span class='ocrx_word' id='word_1_856' title='bbox 2067 5321 2338 5393; x_wconf 87' lang='lat' dir='ltr'><strong>putabant.</strong></span> <span class='ocrx_word' id='word_1_857' title='bbox 2366 5314 2601 5370; x_wconf 89' lang='lat' dir='ltr'><strong>Primum</strong></span> <span class='ocrx_word' id='word_1_858' title='bbox 2649 5309 2825 5376; x_wconf 89' lang='lat' dir='ltr'><strong>itaque</strong></span> <span class='ocrx_word' id='word_1_859' title='bbox 2870 5303 2986 5357; x_wconf 89' lang='lat' dir='ltr'><strong>illos</strong></span> <span class='ocrx_word' id='word_1_860' title='bbox 3038 5296 3333 5353; x_wconf 88' lang='lat' dir='ltr'><strong>homicidas</strong></span> <span class='ocrx_word' id='word_1_861' title='bbox 3382 5292 3650 5357; x_wconf 87' lang='lat' dir='ltr'><strong>ostendit,</strong></span> 
     </span>
    </p>
   </div>
   <div class='ocr_carea' id='block_1_113' title="bbox 2068 5384 3652 5482">
    <p class='ocr_par' dir='ltr' id='par_1_113' title="bbox 2068 5384 3652 5482">
     <span class='ocr_line' id='line_1_113' title="bbox 2068 5384 3652 5482; baseline -0.021 -15"><span class='ocrx_word' id='word_1_862' title='bbox 2068 5424 2226 5482; x_wconf 89' lang='lat' dir='ltr'><strong>atque</strong></span> <span class='ocrx_word' id='word_1_863' title='bbox 2255 5410 2353 5462; x_wconf 88' lang='lat' dir='ltr'><strong>hac</strong></span> <span class='ocrx_word' id='word_1_864' title='bbox 2378 5404 2587 5460; x_wconf 87' lang='lat' dir='ltr'><strong>ratione</strong></span> <span class='ocrx_word' id='word_1_865' title='bbox 2608 5400 2751 5468; x_wconf 88' lang='lat' dir='ltr'><strong>ipsos</strong></span> <span class='ocrx_word' id='word_1_866' title='bbox 2772 5412 2799 5449; x_wconf 91' lang='lat' dir='ltr'><strong>a</strong></span> <span class='ocrx_word' id='word_1_867' title='bbox 2823 5391 3141 5463; x_wconf 86' lang='lat' dir='ltr'><strong>cognatione</strong></span> <span class='ocrx_word' id='word_1_868' title='bbox 3166 5384 3384 5441; x_wconf 83' lang='lat' dir='ltr'><strong>abducit</strong></span> <span class='ocrx_word' id='word_1_869' title='bbox 3415 5401 3426 5435; x_wconf 92' lang='lat'><strong>:</strong></span> <span class='ocrx_word' id='word_1_870' title='bbox 3451 5393 3506 5436; x_wconf 91' lang='lat' dir='ltr'><strong>et</strong></span> <span class='ocrx_word' id='word_1_871' title='bbox 3531 5397 3652 5436; x_wconf 85' lang='lat' dir='ltr'><strong>cum</strong></span> 
     </span>
    </p>
   </div>
   <div class='ocr_carea' id='block_1_114' title="bbox 2068 5473 3656 5575">
    <p class='ocr_par' dir='ltr' id='par_1_114' title="bbox 2068 5473 3656 5575">
     <span class='ocr_line' id='line_1_114' title="bbox 2068 5473 3656 5575; baseline -0.022 -16"><span class='ocrx_word' id='word_1_872' title='bbox 2068 5473 2436 5575; x_wconf 75' lang='lat' dir='ltr'><strong>persisterent,</strong></span> <span class='ocrx_word' id='word_1_873' title='bbox 2456 5494 2555 5549; x_wconf 86' lang='lat' dir='ltr'><strong>alia</strong></span> <span class='ocrx_word' id='word_1_874' title='bbox 2586 5491 2635 5545; x_wconf 93' lang='lat' dir='ltr'><strong>id</strong></span> <span class='ocrx_word' id='word_1_875' title='bbox 2656 5486 2959 5559; x_wconf 82' lang='lat' dir='ltr'><strong>aggreditur</strong></span> <span class='ocrx_word' id='word_1_876' title='bbox 2983 5483 3086 5544; x_wconf 90' lang='lat' dir='ltr'><strong>via,</strong></span> <span class='ocrx_word' id='word_1_877' title='bbox 3114 5479 3489 5532; x_wconf 84' lang='lat' dir='ltr'><strong>demonstrans</strong></span> <span class='ocrx_word' id='word_1_878' title='bbox 3510 5473 3656 5541; x_wconf 85' lang='lat' dir='ltr'><strong>ipsos</strong></span> 
     </span>
    </p>
   </div>
   <div class='ocr_carea' id='block_1_115' title="bbox 2072 5566 3655 5652">
    <p class='ocr_par' dir='ltr' id='par_1_115' title="bbox 2072 5566 3655 5652">
     <span class='ocr_line' id='line_1_115' title="bbox 2072 5566 3655 5652; baseline -0.023 0"><span class='ocrx_word' id='word_1_879' title='bbox 2072 5598 2265 5652; x_wconf 86' lang='lat' dir='ltr'><strong>frustra</strong></span> <span class='ocrx_word' id='word_1_880' title='bbox 2292 5590 2555 5645; x_wconf 88' lang='lat' dir='ltr'><strong>laborare.</strong></span> <span class='ocrx_word' id='word_1_881' title='bbox 2594 5584 2667 5638; x_wconf 85' lang='lat' dir='ltr'><strong>De</strong></span> <span class='ocrx_word' id='word_1_882' title='bbox 2696 5588 2870 5634; x_wconf 82' lang='lat' dir='ltr'><strong>morte</strong></span> <span class='ocrx_word' id='word_1_883' title='bbox 2898 5584 3025 5628; x_wconf 87' lang='lat' dir='ltr'><strong>vero</strong></span> <span class='ocrx_word' id='word_1_884' title='bbox 3052 5569 3179 5624; x_wconf 90' lang='lat' dir='ltr'><strong>nihil</strong></span> <span class='ocrx_word' id='word_1_885' title='bbox 3209 5566 3357 5631; x_wconf 88' lang='lat' dir='ltr'><strong>dicit,</strong></span> <span class='ocrx_word' id='word_1_886' title='bbox 3381 5574 3472 5618; x_wconf 88' lang='lat' dir='ltr'><strong>aut</strong></span> <span class='ocrx_word' id='word_1_887' title='bbox 3497 5577 3655 5618; x_wconf 83' lang='lat' dir='ltr'><strong>reve-</strong></span> 
     </span>
    </p>
   </div>
   <div class='ocr_carea' id='block_1_116' title="bbox 2074 5655 3657 5754">
    <p class='ocr_par' dir='ltr' id='par_1_116' title="bbox 2074 5655 3657 5754">
     <span class='ocr_line' id='line_1_116' title="bbox 2074 5655 3657 5754; baseline -0.023 -10"><span class='ocrx_word' id='word_1_888' title='bbox 2074 5691 2166 5754; x_wconf 86' lang='lat' dir='ltr'><strong>lat,</strong></span> <span class='ocrx_word' id='word_1_889' title='bbox 2196 5700 2366 5754; x_wconf 87' lang='lat' dir='ltr'><strong>neque</strong></span> <span class='ocrx_word' id='word_1_890' title='bbox 2388 5680 2618 5749; x_wconf 80' lang='lat' dir='ltr'><strong>explicat</strong></span> <span class='ocrx_word' id='word_1_891' title='bbox 2643 5675 2708 5729; x_wconf 91' lang='lat' dir='ltr'><strong>de</strong></span> <span class='ocrx_word' id='word_1_892' title='bbox 2737 5687 2839 5742; x_wconf 88' lang='lat' dir='ltr'><strong>qua</strong></span> <span class='ocrx_word' id='word_1_893' title='bbox 2880 5669 3190 5737; x_wconf 89' lang='lat' dir='ltr'><strong>loqueretur</strong></span> <span class='ocrx_word' id='word_1_894' title='bbox 3216 5666 3408 5713; x_wconf 87' lang='lat' dir='ltr'><strong>morte.</strong></span> <span class='ocrx_word' id='word_1_895' title='bbox 3438 5655 3657 5711; x_wconf 89' lang='lat' dir='ltr'><strong>Interim</strong></span> 
     </span>
    </p>
   </div>
   <div class='ocr_carea' id='block_1_117' title="bbox 2028 5747 3657 5836">
    <p class='ocr_par' dir='ltr' id='par_1_117' title="bbox 2028 5747 3657 5836">
     <span class='ocr_line' id='line_1_117' title="bbox 2028 5747 3657 5836; baseline -0.025 2"><span class='ocrx_word' id='word_1_896' title='bbox 2028 5766 2033 5771; x_wconf 55' lang='grc'><strong>’</strong></span> <span class='ocrx_word' id='word_1_897' title='bbox 2074 5790 2251 5836; x_wconf 88' lang='lat' dir='ltr'><strong>autem</strong></span> <span class='ocrx_word' id='word_1_898' title='bbox 2275 5774 2462 5832; x_wconf 87' lang='lat' dir='ltr'><strong>suadet</strong></span> <span class='ocrx_word' id='word_1_899' title='bbox 2487 5771 2590 5825; x_wconf 89' lang='lat' dir='ltr'><strong>illis</strong></span> <span class='ocrx_word' id='word_1_900' title='bbox 2614 5783 2671 5822; x_wconf 88' lang='lat' dir='ltr'><strong>se</strong></span> <span class='ocrx_word' id='word_1_901' title='bbox 2699 5762 2953 5833; x_wconf 87' lang='lat' dir='ltr'><strong>majorem</strong></span> <span class='ocrx_word' id='word_1_902' title='bbox 3000 5755 3307 5813; x_wconf 89' lang='lat' dir='ltr'><strong>Ahrahamo</strong></span> <span class='ocrx_word' id='word_1_903' title='bbox 3326 5766 3467 5815; x_wconf 81' lang='lat' dir='ltr'><strong>esse,</strong></span> <span class='ocrx_word' id='word_1_904' title='bbox 3493 5761 3547 5804; x_wconf 90' lang='grc' dir='ltr'><strong>ιιι</strong></span> <span class='ocrx_word' id='word_1_905' title='bbox 3577 5747 3657 5801; x_wconf 89' lang='lat' dir='ltr'><strong>sic</strong></span> 
     </span>
    </p>
   </div>
   <div class='ocr_carea' id='block_1_118' title="bbox 3256 5854 3331 5916">
    <p class='ocr_par' dir='ltr' id='par_1_118' title="bbox 3256 5854 3331 5916">
     <span class='ocr_line' id='line_1_118' title="bbox 3256 5854 3331 5916; baseline -0.027 0"><span class='ocrx_word' id='word_1_906' title='bbox 3256 5854 3331 5916; x_wconf 86' lang='grc'><strong>19</strong></span> 
     </span>
    </p>
   </div>
  </div>
