4084 6360
488 279 592 336 5ἱῦ

489 401 590 452 illis
622 397 876 466 pudorem
906 396 1140 451 inferret.
1172 397 1326 460 Sane,
1360 398 1547 466 inquit,
1577 397 1784 451 etiamsi
1811 395 1876 447 de
1909 395 2063 462 vulgo

488 504 685 553 essem,
717 502 824 541 non
849 496 1119 557 oporteret
1145 487 1413 540 innoxium
1445 494 1618 541 morte
1643 486 1885 540 mulctari
1909 502 1923 550 ;
1945 500 2064 539 cum

489 590 665 634 autem
692 579 964 632 veritatem
992 579 1184 638 dicam,
1211 578 1520 647 nullumque
1538 576 1845 631 admiserim
1869 590 2060 645 pecca-

491 680 621 734 tum,
649 679 805 740 atque
825 685 854 723 a
884 670 994 724 Deo
1023 670 1215 723 missus
1232 673 1402 738 major
1417 671 1515 724 sim
1536 668 1860 732 Abrahamo,
1889 681 2064 722 annon

491 762 665 816 furore
694 762 831 830 pleni
861 762 1053 814 frustra
1085 762 1359 825 laboratis,
1397 776 1517 814 cum
1549 775 1635 814 me
1658 759 1872 814 tentatis
1895 759 2064 812 inter-

490 853 686 906 ficere?
713 852 846 917 Quid
876 867 1002 920 ergo
1023 852 1139 905 illi?
1170 851 1324 905 Nunc
1349 853 1692 921 cognoscimus
1724 853 1842 920 quia
1871 850 2064 904 tlme-

489 944 628 996 nium
657 943 828 998 habes.
860 927 928 996 At
958 959 1061 996 non
1096 944 1164 996 ita
1184 942 1549 1006 Samaritana;
1575 957 1746 1012 neque
1767 942 1908 996 enim
1933 940 2066 994 dixit

491 1036 586 1097 illi,
621 1036 943 1089 Daunonium
969 1035 1167 1099 habes;
1201 1035 1294 1090 sed
1317 1044 1553 1098 tantum,
1583 1033 1847 1102 Numquid
1871 1043 1924 1085 tu
1949 1049 2064 1084 ma-

490 1129 569 1189 ior
593 1143 644 1180 es
673 1136 816 1195 patre
837 1137 1007 1179 nostro
1051 1125 1254 1179 Iacob?
1282 1126 1343 1179 Hi
1374 1125 1570 1196 quippe
1613 1123 1984 1179 contumeliosi
2011 1132 2065 1177 et

491 1227 797 1286 arrogantes
827 1229 1016 1282 erant;
1050 1219 1136 1271 illa
1167 1234 1295 1272 vero
1321 1218 1558 1272 discendi
1585 1218 1794 1285 cupida.
1827 1217 1948 1271 Ideo
1969 1216 2067 1268 du-

490 1309 690 1373 bitavit,
720 1318 776 1364 et
798 1309 975 1364 debita
999 1325 1118 1363 cum
1145 1311 1403 1364 modestia
1427 1310 1718 1378 reSpondit,
1754 1310 2067 1363 Dominum-

486 1419 588 1468 que
619 1411 774 1457 vocat
797 1403 967 1456 illum.
991 1403 1094 1470 Qui
1117 1405 1258 1456 enim
1289 1405 1442 1471 longe
1470 1404 1670 1472 majora
1702 1403 1988 1470 pollicitus,
2010 1409 2066 1456 et

490 1492 591 1546 tide
611 1492 803 1560 dignus
824 1503 958 1554 erat,
989 1509 1094 1546 non
1115 1495 1436 1548 contumelia
1465 1493 1799 1558 afficiendus,
1830 1494 1938 1547 imo
1966 1492 2064 1546 ad-

487 1586 751 1639 mirationi
771 1585 1046 1640 habendus
1073 1597 1191 1642 erat
1218 1606 1230 1640 :
1262 1588 1315 1640 hi
1344 1603 1471 1642 vero
1500 1588 1884 1670 daemoniacum
1914 1587 2063 1640 illum

486 1678 776 1746 appellant.
808 1679 1156 1733 Samaritana:
1203 1679 1361 1734 verba
1393 1679 1683 1735 dubitantis
1730 1689 1918 1744 erant;
1951 1681 2066 1736 hare

485 1780 662 1824 autem
712 1772 1104 1826 incredulorum
1159 1783 1213 1827 et
1267 1788 1661 1841 perversorum.
1717 1773 1982 1844 Numquid
2010 1782 2066 1828 tu

486 1863 651 1933 major
674 1878 726 1916 es
751 1874 896 1934 patre
924 1873 1092 1918 nostro
1119 1865 1374 1918 Abraham
1403 1866 1421 1936 (
1444 1865 1599 1920 Joan.
1628 1867 1682 1921 4.
1714 1864 1818 1938 12)
1841 1866 1862 1919 ?
1884 1865 2066 1936 Itaque

487 1955 589 2010 hoc
612 1971 732 2009 eum
757 1957 1015 2026 majorem
1045 1956 1191 2021 facit,
1223 1974 1378 2028 quam
1406 1959 1789 2016 Abrahamum.
1813 1959 1945 2013 Cum
1972 1973 2065 2013 au-

488 2059 593 2102 tem
634 2049 782 2103 illum
810 2050 1100 2105 exaltatum
1129 2051 1387 2116 videritis,
1433 2053 1604 2122 ipsum
1644 2054 1900 2123 majorem
1946 2069 2087 2112 esse.

486 2138 890 2193 confitebimiui.
925 2140 1050 2194 Ideo
1095 2140 1343 2208 dicebat,
1380 2143 1511 2198 Cum
1562 2145 1900 2200 eaaltaveritis
1946 2161 2063 2212 me,

487 2237 604 2282 tunc
641 2231 944 2298 cognoscetis
969 2232 1089 2301 quia
1127 2249 1218 2303 ego
1241 2250 1370 2290 sum.
1421 2235 1490 2289 Et
1538 2235 1659 2290 vide
1711 2237 2062 2306 prudentiam.

486 2318 684 2384 Primo,
742 2319 846 2374 illis
893 2335 924 2374 a
973 2323 1289 2392 cognatione
1313 2325 1555 2390 semotis,
1603 2328 1841 2382 ostendit
1886 2341 1946 2383 se
1975 2330 2067 2385 illo

486 2411 742 2479 majorem
772 2427 913 2478 esse,
943 2422 1000 2466 ut
1042 2415 1316 2484 prephetis
1360 2417 1512 2486 longe
1553 2419 1906 2474 excellentior
1947 2435 2066 2476 esse

486 2502 892 2572 intelligeretur.
939 2503 1070 2560 Cum
1117 2506 1258 2560 enim
1313 2509 1460 2561 illum
1506 2524 1718 2579 semper
1749 2512 2062 2581 prOphetam

487 2596 835 2664 appellarent,
871 2597 990 2653 ideo
1037 2599 1284 2654 dicebat:
1320 2600 1498 2654 Sermo
1536 2619 1677 2656 meus
1715 2620 1817 2657 non
1846 2606 1982 2673 capit
2012 2606 2066 2658 in

485 2687 622 2740 vobis
675 2686 752 2760 (v.
777 2688 902 2760 57).
934 2689 1045 2744 Illic
1092 2706 1254 2760 porro
1279 2691 1508 2759 diccbat,
1539 2708 1598 2749 se
1627 2705 1864 2750 mortuos
1896 2696 2092 2752 susci-'

486 2787 640 2845 tare;
669 2779 753 2835 hic
775 2797 920 2846 vero,
952 2783 1099 2837 illum
1130 2785 1217 2853 qui
1262 2785 1523 2851 crederet,
1553 2801 1658 2841 non
1687 2789 1926 2842 visurum
1944 2805 2064 2846 esse
2109 2829 2118 2840 .

487 2883 710 2927 mortem
741 2893 754 2930 :
784 2876 924 2945 quod
953 2878 1117 2930 multo
1142 2879 1314 2947 majus
1339 2887 1453 2933 erat
1475 2921 1489 2947 ,
1540 2896 1701 2951 quam
1733 2897 1839 2936 non
1867 2897 2065 2938 conce-

485 2964 614 3017 dere
644 2973 700 3018 ut
741 2981 771 3018 a
801 2975 969 3020 morte
1017 2968 1352 3022 retineretur.
1399 2968 1521 3024 Ideo
1571 2971 1740 3040 magis
1777 2987 2064 3041 exaspera-

489 3057 695 3113 hantur.
729 3057 864 3125 Quid
901 3075 1029 3128 ergo
1055 3060 1277 3114 dicunt?
1308 3061 1469 3128 Quem
1521 3063 1736 3133 teipsum
1777 3065 1905 3135 facis
1928 3066 1953 3118 ?
1995 3067 2067 3135 Et

488 3149 588 3200 hoc
616 3149 1032 3214 contumeliose;
1065 3149 1162 3218 Tu,
1190 3152 1450 3221 inquiunt,
1481 3163 1534 3207 te
1559 3153 1818 3209 venditas.
1843 3156 1922 3211 Ad
1950 3157 2066 3214 haec

485 3238 726 3294 Christus
756 3255 770 3294 :
800 3240 889 3296 54.
918 3241 981 3297 Si
1017 3259 1107 3314 ego
1158 3243 1388 3314 glori/ica
1434 3245 1712 3315 meipsum,
1761 3247 1926 3318 gloria
1955 3265 2066 3304 mea

486 3330 614 3383 nihil
637 3341 730 3385 est.

555 3421 610 3474 2.
653 3423 789 3489 Quid
840 3424 930 3480 hic
975 3424 1158 3480 dicunt
1204 3425 1487 3484 haeretici?
1531 3427 1767 3494 Audivit,
1803 3430 2066 3505 Numquid

487 3515 652 3585 major
675 3532 728 3568 es
749 3526 889 3585 patre
911 3528 1083 3571 nostro
1109 3519 1364 3572 Abraham
1385 3520 1410 3573 ?
1429 3535 1530 3576 nec
1555 3535 1717 3576 ausus
1737 3531 1818 3577 est
1837 3539 2064 3593 respon-

487 3605 636 3672 dere,
671 3607 844 3662 Etiam
872 3625 886 3674 ;
938 3609 1033 3664 sed
1081 3610 1307 3666 obscure
1333 3612 1586 3681 loquitur.
1615 3613 1752 3681 Quid
1778 3615 1949 3685 ergo?
1980 3617 2064 3669 ni-

488 3698 631 3753 hilne
659 3709 742 3754 est
764 3701 934 3770 gloria
964 3702 1118 3771 ejus?
1147 3704 1301 3772 Apud
1344 3705 1463 3760 illos
1500 3706 1650 3761 nihil.
1703 3707 2064 3775 Quemadmo-

486 3792 612 3847 dum
657 3795 799 3848 enim
844 3795 993 3860 dicit,
1041 3795 1402 3852 Testimonium
1443 3817 1610 3854 meum
1635 3818 1737 3856 non
1760 3811 1831 3858 est
1858 3819 2061 3871 verum,

487 3903 678 3956 nempe
703 3891 995 3943 secundum
1027 3891 1234 3946 illorum
1263 3894 1566 3964 opinionem
1601 3913 1613 3950 τ
1645 3895 1724 3949 sic
1748 3905 1802 3950 et
1824 3896 1924 3951 hoc
1949 3898 2065 3952 loco

485 3977 634 4041 dicit,
683 3979 775 4033 Est
823 3982 908 4050 qui
950 3980 1324 4051 gloriﬁcatme.
1375 3985 1441 4039 Et
1469 4000 1564 4040 cur
1592 4000 1696 4039 non
1723 3985 1876 4052 dixit,
1911 3988 2066 4043 Pater

485 4069 572 4137 qui
607 4071 750 4124 misit
778 4072 897 4125 me?
929 4082 983 4124 ut
1018 4087 1175 4142 supra
1201 4073 1354 4136 dixit,
1394 4076 1507 4140 sed,
1562 4075 1722 4143 Quem
1764 4095 1850 4132 vos
1901 4079 2066 4134 dicitis

485 4161 602 4228 quia
649 4160 786 4214 Deus
832 4173 990 4216 vester
1037 4173 1126 4230 est,
1176 4175 1223 4220 et
1269 4182 1370 4220 non
1418 4169 1622 4222 novistis
1663 4172 1818 4223 eum?
1845 4171 2066 4226 Volebat

485 4252 769 4309 ostendere
797 4253 942 4323 ipsos
968 4270 1073 4310 non
1101 4257 1260 4311 modo
1300 4258 1535 4325 Patrem,
1568 4261 1660 4316 sed
1705 4261 1866 4316 etiam
1896 4263 2061 4318 Deum

485 4343 756 4413 ignorare.
790 4344 898 4417 Ego
924 4357 1088 4400 autem
1109 4349 1225 4402 novi
1242 4366 1374 4404 eum.
1403 4351 1582 4421 Itaque
1608 4368 1728 4407 cum
1758 4354 1898 4421 dico,
1930 4354 2066 4410 Novi

485 4453 618 4504 eum,
652 4453 754 4492 non
785 4450 867 4493 est
902 4439 1185 4508 iactantia;
1218 4443 1262 4494 si
1293 4442 1522 4498 dicerem
1565 4461 1652 4500 me
1705 4462 1811 4501 non
1867 4463 2059 4512 nosse,

486 4527 820 4582 mendacium
858 4538 1040 4596 esset;
1070 4546 1168 4586 vos
1196 4541 1373 4587 autem
1398 4548 1519 4588 cum
1549 4536 1727 4590 dicitis
1770 4554 1869 4593 vos
1915 4539 2060 4593 illum

484 4635 666 4688 nosse,
697 4624 978 4677 mendaces
1003 4625 1152 4678 estis.
1198 4625 1371 4696 Atque
1404 4635 1463 4681 ut
1499 4643 1596 4682 vos
1629 4644 1788 4685 nosse
1818 4631 1948 4686 falso
1976 4633 2063 4686 di-

483 4711 624 4777 citis,
653 4712 721 4764 ita
748 4728 847 4782 ego
873 4729 960 4769 me
984 4729 1089 4768 non
1119 4730 1277 4772 nosse
1306 4716 1442 4772 falso
1469 4717 1723 4774 dicerem.
1754 4719 1817 4775 Si
1838 4739 1928 4791 ego
1953 4724 2065 4792 glo-

481 4801 626 4869 riﬁco
655 4804 919 4873 meipsum.
941 4805 1075 4871 Quia
1122 4804 1386 4874 dicebant,
1444 4809 1601 4874 Quem
1645 4811 1857 4881 teipsum
1897 4814 2064 4882 facis?

483 4897 770 4963 respondet
799 4899 907 4964 ille,
939 4898 999 4952 Si
1024 4915 1114 4970 ego
1143 4901 1389 4971 meipsum
1417 4901 1574 4968 facio,
1603 4905 1768 4974 gloria
1802 4923 1911 4960 mea
1934 4909 2062 4961 nihil

483 4997 575 5042 est.
621 4987 691 5045 Ut
738 5006 866 5061 ergo
915 4993 1062 5047 illum
1112 4995 1345 5064 perfecte
1393 4999 1539 5062 novi,
1568 4999 1646 5052 sic
1675 5015 1768 5054 vos
1801 5002 2057 5070 ignoratis

482 5080 679 5149 ipsum.
727 5080 796 5137 Ut
848 5098 968 5137 cum
999 5085 1066 5140 de
1114 5086 1422 5144 Abrahamo
1464 5100 1731 5160 ageretur,
1762 5108 1868 5146 non
1889 5103 2058 5149 totum

477 5171 712 5235 abstulit,
746 5173 839 5228 sed
869 5174 1019 5238 dixit,
1046 5175 1170 5230 Scio
1195 5179 1318 5247 quia
1347 5193 1528 5234 semen
1563 5181 1792 5235 Abrahae
1821 5185 1969 5248 estis,
2001 5195 2060 5239 ut

478 5260 605 5316 hinc
635 5264 888 5332 majorem
916 5265 1134 5321 inferret
1172 5271 1562 5324 accusationem
1587 5289 1601 5336 ;
1632 5273 1709 5327 sic
1734 5281 1788 5327 et
1809 5273 1911 5329 hoc
1939 5276 2058 5331 loco

477 5370 582 5407 non
617 5366 782 5410 totum
805 5357 1042 5426 abstulit,
1092 5360 1185 5414 sed
1213 5361 1378 5430 quid?
1407 5363 1564 5428 Quem
1584 5382 1670 5418 vos
1699 5367 1883 5421 dicitis.
1907 5367 2055 5423 Illam

477 5447 778 5502 concedens
823 5449 1044 5518 gloriam
1067 5491 1082 5513 ,
1115 5452 1370 5520 majorem
1401 5455 1579 5509 effecit
1608 5459 2053 5514 criminationem.

477 5535 755 5602 Quomodo
793 5549 969 5594 autem
1010 5541 1160 5595 illum
1211 5543 1501 5611 ignoratis?
1553 5547 1687 5613 Quia
1733 5549 1913 5614 illum,
1964 5553 2054 5620 qui

477 5628 652 5679 omnia
683 5629 747 5681 ad
774 5630 889 5696 ejus
911 5631 1132 5700 gloriam
1166 5632 1290 5688 facit
1315 5646 1368 5689 et
1392 5637 1540 5700 dicit,
1588 5641 1906 5694 contumelia
1938 5641 2058 5694 affi-

476 5715 623 5785 citis,
655 5717 780 5773 licet
806 5719 875 5774 ab
903 5721 1017 5791 ipso
1038 5724 1230 5780 missus
1265 5727 1351 5780 sit.
1385 5728 1574 5783 Verum
1605 5730 1708 5785 hoc
1734 5731 1848 5787 sine
1892 5733 2038 5787 testi-

1227 277 1278 332 S.
1318 279 1592 333 JOANNIS
1633 277 2101 332 CllllYSUS'I‘OMI
2143 280 2456 335 Alltlllllﬂi’.
2489 285 3020 346 CUNSTANTINOP.

3645 299 3746 356 5M

2174 397 2353 449 ιιιοιιὶο
2378 408 2478 460 est,
2509 400 2600 453 sed
2627 401 2767 469 quod
2794 403 3035 471 sequitur
3057 405 3118 460 ad
3146 406 3271 461 illud
3298 410 3624 477 probandum
3649 389 3744 467 usis

2171 491 2367 543 veniet.
2397 491 2485 546 55.
2521 492 2585 546 Et
2606 511 2882 547 sermonem
2904 498 3014 566 ejus
3034 514 3193 553 servo.
3222 499 3319 554 Hic
3348 502 3391 554 si
3415 503 3539 570 quid
3561 517 3744 560 contra

2172 578 2500 647 habuissent,
2546 583 2781 652 objicere
2811 597 3090 655 poterant;
3131 605 3380 660 magnum
3416 594 3607 663 quippe
3643 596 3745 653 hoc

2169 679 2284 724 erat
2312 672 2583 741 indicium,
2614 677 2785 745 ipsum
2812 693 2841 732 a
2874 679 2982 734 Deo
3007 681 3224 735 missum
3253 682 3435 739 fuisse.
3468 685 3557 740 56.
3585 687 3745 741 Abra-

2170 763 2285 815 ham
2310 774 2450 832 pater
2468 777 2625 819 vester
2650 769 2914 823 exsultavit
2939 781 2991 823 ut
3011 774 3194 826 videret
3218 775 3349 828 diem
3369 794 3531 830 meum
3555 789 3637 842 ;et
3664 783 3743 834 vi-

2170 854 2264 916 dit,
2285 865 2331 907 et
2359 858 2556 925 gavisus
2594 869 2683 911 est.
2719 860 2948 915 Rursum
2981 865 3164 930 prohat
3193 866 3309 921 illos
3347 869 3412 921 ab
3441 871 3745 927 Abrahamo

2169 946 2371 1000 alienos
2401 964 2541 1013 esse,
2569 952 2781 1019 quando
2802 953 2867 1006 de
2892 956 3080 1023 quibus
3107 957 3194 1012 ille
3215 960 3496 1027 gaudebat,
3527 965 3620 1034 ipsi
3649 965 3746 1019 do-

2171 1037 2301 1091 lent.
2325 1039 2470 1093 Diem
2497 1051 2676 1096 autem
2695 1044 2868 1098 crucis
2890 1045 2974 1100 hic
2993 1047 3226 1103 indicare
3249 1062 3393 1118 puto,
3421 1069 3578 1122 quam
3602 1056 3745 1110 arie-

2173 1131 2238 1182 tis
2262 1142 2314 1184 et
2345 1129 2502 1186 lsaaci
2529 1134 2788 1189 sacriﬁcio
2821 1138 3266 1209 praefiguraverat.
3298 1144 3432 1210 Quid
3461 1162 3587 1216 ergo
3630 1149 3746 1202 illi?

2171 1221 2258 1275 57.
2296 1222 2645 1295 Quadraginta
2675 1228 2688 1258 ¹
2719 1244 2880 1283 annos
2929 1233 3153 1285 nondum
3193 1234 3363 1302 habes,
3412 1249 3456 1291 et
3491 1239 3744 1294 Abraham

2169 1316 2377 1368 vidisti?
2420 1315 2598 1385 Itaque
2638 1321 2982 1389 quadraginta
3030 1339 3201 1379 annos
3231 1343 3398 1397 prope
3418 1330 3526 1398 jam
3554 1333 3742 1400 attige-

2172 1416 2248 1460 rat
2275 1407 2535 1462 Christus.
2580 1411 2717 1465 Dixit
2751 1413 2828 1466 eis
2877 1431 2889 1468 :
2937 1413 3242 1488 Priusquam
3290 1421 3544 1476 Abraham
3569 1426 3746 1494 ﬁeret,

2169 1513 2259 1568 ego
2283 1515 2411 1552 sum.
2441 1500 2524 1556 59.
2557 1501 2623 1554 Et
2648 1515 2947 1572 acceperunt
2973 1508 3186 1579 lapides,
3221 1521 3274 1564 ut
3291 1513 3517 1583 jacerent
3535 1516 3585 1568 in
3609 1533 3742 1571 eum.

2174 1589 2357 1644 Viden’
2396 1594 2665 1661 quomodo
2699 1610 2758 1651 se
2794 1597 3097 1654 Abrahamo
3125 1602 3379 1670 majorem
3407 1619 3526 1660 esse
3552 1607 3744 1675 proba-

2170 1683 2463 1751 verit?Qui
2493 1689 2634 1740 enim
2673 1690 2885 1757 gavisus
2927 1700 3012 1746 est
3049 1702 3106 1747 ut
3146 1695 3349 1750 videret
3395 1698 3558 1764 diem,
3606 1709 3660 1754 et
3688 1701 3742 1754 id

2171 1774 2404 1842 Oplahile
2430 1781 2656 1845 putavit,
2679 1780 2794 1834 sine
2821 1781 2982 1836 dubio
3004 1782 3053 1836 id
3083 1783 3344 1840 beneficio
3385 1801 3505 1842 esse
3523 1792 3743 1858 putavit,

2169 1865 2308 1933 quod
2336 1866 2426 1921 ille
2450 1869 2621 1936 major
2645 1880 2809 1925 esset.
2841 1871 2972 1926 Nam
2996 1889 3116 1929 cum
3147 1875 3317 1930 Judaei
3347 1877 3494 1933 illum
3518 1878 3650 1934 fabri
3685 1884 3744 1935 ti-

2172 1954 2296 2010 litun
2324 1957 2561 2013 dicerent
2590 1959 2812 2031 (Matth.
2840 1963 2927 2018 15.
2957 1964 3065 2033 55)
3089 2007 3104 2030 ,
3135 1982 3307 2035 neque
3345 1969 3572 2038 amplius
3595 1972 3744 2040 quid-

2170 2047 2418 2116 quamde
2444 2049 2534 2104 illo
2557 2052 2950 2120 existimarent,
2987 2057 3238 2125 paulatim
3262 2073 3356 2114 eos
3379 2061 3446 2115 ad
3475 2063 3751 2117 sublimio-

2171 2154 2283 2193 rem
2341 2141 2744 2212 intelligentiam
2792 2148 2968 2217 erigit.
3009 2149 3142 2203 Cum
3194 2165 3322 2221 ergo
3359 2147 3641 2210 audierunt
3685 2171 3747 2212 se

2173 2232 2336 2288 Deum
2368 2249 2472 2289 non
2499 2251 2677 2303 nosse,
2707 2238 2759 2292 id
2782 2254 2886 2294 non
2928 2255 3069 2310 aegre
3099 2245 3362 2310 tulerunt;
3410 2262 3528 2301 cum
3568 2260 3744 2303 autem

2170 2324 2482 2391 audierunt,
2526 2327 2803 2398 Antequam
2842 2333 3099 2386 Abraham
3124 2337 3284 2402 fieret,
3317 2355 3408 2408 ego
3433 2357 3568 2403 sum,
3613 2358 3674 2396 ac
3700 2345 3745 2396 si

2170 2432 2352 2470 eorum
2376 2419 2622 2474 nobilitas
2648 2421 3019 2493 degeneraret,
3043 2440 3424 2496 cxaspcrantur
3448 2442 3501 2486 et
3544 2434 3745 2502 lapides

2167 2508 2386 2578 jaciunt.
2429 2509 2562 2565 Vidit
2592 2515 2724 2568 diem
2750 2532 2932 2577 meum,
2961 2527 3008 2571 et
3049 2522 3248 2590 gavisus
3290 2533 3382 2576 est.
3410 2523 3651 2580 Ostendit
3679 2544 3740 2582 se

2171 2616 2276 2654 non
2307 2602 2526 2657 invitum
2559 2604 2623 2659 ad
2653 2621 2863 2661 crucem
2892 2611 3075 2664 venire
3101 2630 3114 2665 :
3139 2613 3397 2682 siquidem
3422 2616 3600 2671 laudat
3624 2636 3746 2674 eum

2169 2693 2258 2761 qui
2286 2693 2353 2748 de
2371 2709 2527 2750 cruce
2546 2698 2758 2766 gaudet,
2787 2714 2905 2769 qua:
2930 2701 3071 2757 salus
3093 2705 3275 2758 mundi
3305 2716 3436 2761 erat.
3467 2707 3546 2763 Illi
3569 2721 3745 2764 autem

2171 2785 2471 2855 lapidabant
2501 2806 2514 2841 :
2542 2789 2610 2842 ita
2641 2799 2794 2844 erant
2833 2792 2901 2846 ad
2927 2793 3102 2849 caedes
3124 2797 3326 2864 parati,
3377 2809 3432 2853 et
3479 2803 3595 2856 sine
3636 2804 3748 2856 ullo

2170 2878 2414 2933 examine
2453 2878 2502 2932 id
2544 2895 2609 2934 ex
2630 2895 2688 2935 se
2718 2880 3004 2937 faciebant.

2241 2965 2306 3022 In
2336 2967 2532 3024 Christo
2549 2985 2663 3035 vox,
2698 2972 2849 3037 Sum,
2868 2976 3245 3044 perpetuitatem
3268 2978 3538 3049 signiﬁcat.
3561 2984 3746 3038 —(‘.-ur

2173 3076 2301 3115 vero
2321 3076 2425 3115 non
2453 3062 2605 3122 dixit,
2633 3063 2939 3133 Priusquam
2965 3067 3233 3123 Abraham
3260 3070 3428 3136 fieret,
3458 3089 3556 3142 ego
3577 3091 3743 3137 eram,

2171 3154 2287 3220 sed,
2319 3153 2432 3225 Ego
2458 3171 2568 3208 sum
2586 3157 2611 3209 7
2632 3154 2780 3210 Sicut
2821 3156 2990 3227 ipsius
3017 3159 3175 3214 Pater
3205 3161 3290 3214 illa
3322 3179 3447 3217 usus
3469 3175 3550 3218 est
3578 3182 3706 3221 voce
3731 3210 3747 3232 ,

2173 3246 2320 3311 Sum,
2351 3247 2428 3302 sic
2448 3255 2502 3301 et
2529 3247 2636 3302 ille.
2665 3247 2787 3302 [lare
2807 3250 3001 3320 quippe
3025 3267 3120 3306 vox
3149 3253 3408 3323 significat
3429 3258 3598 3326 ipsum
3624 3276 3747 3329 per-

2171 3347 2330 3406 petuo
2349 3353 2488 3400 esse,
2515 3340 2582 3391 ab
2611 3340 2756 3392 omni
2775 3339 2998 3394 liberum
3051 3351 3322 3413 tempore;
3365 3347 3587 3417 ideoque
3617 3352 3768 3419 ipsis-

2172 3426 2477 3497 blasphema
2490 3443 2590 3482 vox
2602 3444 2721 3483 esse
2735 3429 3028 3485 videbatur.
3044 3433 3141 3499 Qui
3158 3449 3283 3489 vero
3295 3441 3748 3505 comparationem

2173 3518 2313 3574 illam
2336 3535 2454 3574 cum
2478 3520 2782 3575 Abrahamo
2809 3537 2914 3577 non
2937 3522 3199 3588 ferebant,
3227 3527 3348 3582 licet
3371 3529 3456 3583 illa
3477 3548 3578 3586 non
3605 3544 3748 3587 tanta

2171 3622 2311 3668 esset
2337 3630 2350 3678 ;
2378 3615 2421 3668 si
2454 3628 2596 3683 saepe
2624 3629 2683 3669 sc
2711 3615 2850 3669 Patri
2878 3629 3224 3685 comquasset,
3249 3635 3425 3676 annon
3447 3623 3594 3678 illum
3627 3641 3748 3694 per-

2172 3713 2332 3772 petuo
2389 3705 2778 3774 impetiissent?
2828 3706 3030 3762 Deinde
3083 3707 3213 3779 fugit
3263 3711 3454 3767 iterum
3516 3715 3749 3770 lmmano

2172 3811 2339 3861 more,
2369 3805 2423 3850 et
2445 3797 2725 3853 abscondit
2750 3813 2829 3866 se,
2855 3815 2974 3854 cum
3003 3802 3132 3856 satis
3153 3816 3246 3856 eos
3273 3805 3542 3862 docuisset
3567 3818 3622 3862 et
3650 3823 3748 3863 sua

2172 3887 2471 3956 implesset;
2523 3889 2680 3943 exivit
2713 3889 2780 3944 de
2809 3892 3029 3961 templo,
3062 3902 3116 3948 et
3154 3897 3377 3951 secessit
3397 3898 3461 3951 ad
3490 3901 3616 3954 caeci
3645 3916 3747 3954 cu-

2171 3980 2452 4044 rationem,
2473 3981 2722 4049 operibus
2747 3981 2902 4037 fidem
2931 3984 3029 4038 sibi
3057 3987 3366 4052 concilians,
3392 3989 3532 4059 quod
3555 4005 3748 4060 nempe

2170 4079 2294 4125 ante
2337 4071 2604 4125 Abraham
2633 4083 2794 4127 esset.
2827 4073 2929 4128 Sed
2963 4074 3098 4130 forte
3127 4077 3268 4132 dicet
3309 4080 3571 4148 quiSpiam
3598 4100 3610 4133 :
3641 4080 3752 4136 Cur

2171 4162 2375 4215 illorum
2407 4172 2652 4217 conatum
2687 4181 2789 4218 non
2819 4165 3004 4234 fregit?
3041 4170 3119 4222 sic
3145 4170 3286 4224 enim
3312 4170 3446 4226 forte
3484 4173 3746 4227 credidis-

2170 4261 2308 4305 sent.
2352 4252 2702 4324 Paralyticnm
2744 4257 2968 4320 sanavit,
3021 4274 3120 4312 nec
3175 4261 3549 4328 crediderunt;
3602 4265 3747 4320 mille

2170 4347 2315 4414 signa
2350 4348 2490 4412 fecit,
2513 4358 2567 4400 et
2594 4347 2644 4402 in
2687 4349 2796 4417 ipsa
2824 4353 3070 4418 passione
3097 4355 3314 4421 supinos
3360 4356 3478 4410 illos
3511 4369 3748 4425 prostra-

2171 4438 2266 4502 vit,
2297 4438 2507 4491 illorutn
2536 4440 2719 4493 oculos
2750 4441 3140 4506 obtenebravit,
3166 4457 3344 4500 etnon
3371 4449 3744 4514 crediderunt;

2169 4539 2223 4582 et
2251 4530 2515 4598 quomodo
2543 4531 2916 4599 credidissent,
2959 4536 3003 4587 si
3052 4536 3157 4589 vim
3200 4549 3253 4592 et
3281 4550 3526 4593 conatum
3557 4558 3744 4616 eorum

2169 4621 2447 4675 solvisset?
2470 4622 2662 4675 Animo
2704 4624 2899 4693 quippe
2941 4625 3224 4695 desperato
3253 4630 3381 4684 nihil
3406 4632 3552 4700 pejus
3587 4651 3599 4686 :
3633 4635 3748 4688 sive

2169 4714 2316 4782 signa
2348 4713 2560 4779 viderit,
2591 4715 2702 4770 sive
2731 4717 2991 4786 prodigia.
3022 4720 3072 4772 in
3100 4720 3286 4774 eadem
3313 4734 3621 4790 perseverat
3647 4726 3748 4778 im-

2168 4804 2438 4872 pudentia.
2471 4804 2601 4858 Nam
2633 4806 2835 4860 l'harao
2863 4809 3006 4861 mille
3030 4811 3193 4880 plagis
3223 4815 3472 4882 acceptis,
3504 4831 3624 4870 cum
3655 4832 3746 4870 ca-

2167 4896 2451 4964 stigaretur
2482 4905 2706 4963 tantum,
2736 4901 3103 4974 resipiscehat,
3137 4911 3191 4957 et
3215 4919 3380 4974 usque
3405 4905 3469 4959 ad
3503 4907 3743 4961 ultimum

2166 4988 2305 5040 diem
2336 4988 2471 5042 idem
2497 4991 2744 5058 perstitit,
2777 4993 2896 5046 illos
2917 5009 3050 5063 quos
3072 4995 3343 5051 dimiserat
3372 5012 3744 5068 persequutus.

2170 5079 2290 5131 Ideo
2341 5081 2532 5134 Paulus
2571 5097 2712 5150 saepe
2749 5083 2896 5148 dicit,
2947 5084 3029 5138 Ne
3077 5086 3353 5141 obduretur
3375 5091 3486 5158 quis
3515 5108 3578 5144 ea:
3605 5093 3744 5146 vobis

2165 5170 2374 5240 fallacia
2427 5175 2620 5241 peccati
2657 5173 2852 5243 (Ilcbr.
2880 5177 2930 5230 5.
2961 5177 3051 5246 8).
3093 5179 3548 5244 Quemadmodum
3594 5189 3742 5239 enim

2164 5263 2304 5316 vires
2324 5265 2562 5332 corporis
2586 5265 2605 5294 ¹
2626 5266 2840 5320 demum
2869 5269 3298 5338 exstinguuntur,
3323 5285 3372 5326 et
3390 5288 3599 5327 omnem
3619 5291 3744 5330 sen-

2229 5377 2245 5407 ι
2282 5377 2356 5448 sic
2376 5390 2547 5448 omnes
2570 5386 2673 5448 Mss.
2701 5387 2752 5428 et
2773 5380 2892 5448 Editi
2917 5380 3256 5448 Chrysoslomi,
3280 5392 3431 5448 atque
3453 5387 3519 5435 ita
3537 5386 3740 5448 legitur,

2162 5439 2402 5500 inquiunt,
2429 5440 2476 5486 in
2516 5441 2722 5500 quodam
2767 5439 3027 5491 Barberino
3067 5439 3256 5494 Codice;
3281 5439 3370 5495 Sed
3391 5439 3740 5500 alioruui’novi

2161 5502 2455 5573 'I'L‘Sllititlcnii
2482 5514 2540 5573 ex
2550 5501 2834 5573 ernplarium
2852 5513 3050 5573 recepta
3075 5504 3223 5573 lectio
3247 5516 3350 5573 est,
3373 5509 3739 5573 quinquaginta.

2225 5564 2244 5591 ²
2276 5560 2386 5619 llic,
2411 5563 2563 5630 inquit
2584 5560 2745 5630 savii"
2767 5560 3076 5630 inserendum
3100 5560 3609 5630 conjicitdoetissiinus
3635 5560 3740 5621 Boi;

2166 5623 2281 5694 sius.
2308 5624 2483 5694 morbis
2501 5623 2739 5694 diuturnis
2758 5626 3032 5694 exhaustae,
3063 5638 3111 5677 et
3134 5623 3331 5694 quidem
3362 5631 3540 5694 aliquid
3569 5636 3738 5688 huius-

2159 5685 2283 5746 modi
2307 5684 2572 5733 desiderari
2595 5685 2772 5734 clarum
2792 5696 2883 5736 est.
2897 5688 3077 5738 Verum
3101 5684 3361 5743 reclamant
3383 5684 3541 5746 munia
3565 5684 3735 5746 excin-

2164 5744 2326 5806 plaria,
2353 5755 2405 5794 et
2426 5749 2494 5796 sic
2518 5761 2660 5810 posse
2683 5757 2814 5799 stare
2839 5758 3028 5801 textum
3052 5753 3277 5804 arbitror.
