4084 6360
233 352 347 414 305

233 473 349 534 ζων
372 467 430 525 εἴ
452 470 558 525 τοῦ
599 471 822 538 πατρὸς
869 469 1039 539 ἡμῶν
1104 468 1329 531 Ἰακιὶ›6;
1373 461 1532 520 Οὑτοι
1569 465 1666 535 μὲν
1711 462 1818 530 γὰρ

230 562 375 637 ἦσαν
406 564 657 635 ὑϐρισταὶ
683 563 977 634 ἀλάστορες
998 579 1011 593 ·
1035 561 1217 630 ἐκείνη
1239 561 1295 613 δέ
1331 559 1522 630 μαθεῖν
1546 556 1815 610 ἐϐούλετο.

234 654 329 709 Διὸ
360 655 459 707 καὶ
482 654 728 724 ὴπόρησε
748 666 797 719 δ,
831 655 925 706 καὶ
959 655 1097 723 μετά
1131 654 1229 722 τῆς
1268 649 1650 721 προσηκούσης
1679 664 1818 717 συμ-

237 745 467 815 μετρίας
512 744 865 813 ἀπεκρίνατο,
906 746 1001 798 καὶ
1030 744 1233 813 Κύριον
1283 741 1444 796 αὐτὸν
1500 739 1672 793 καλεῖ.
1722 736 1826 791 Τὸν

234 834 347 905 γὰρ
382 834 559 905 πολλῷ
590 834 811 904 μείζονα
847 835 1337 904 ἐπαγγελλόμενον,
1378 833 1471 884 κα)⁴
1513 828 1824 894 ἀξιόπιστον

233 926 396 989 ὅντα,
445 926 543 995 οὑχ
589 924 906 995 ὑϐρίζεσθαι
936 925 1064 987 ἔδει,
1102 925 1238 979 ἀλλὰ
1273 925 1367 978 x01
1414 920 1822 992 θαυμάζεσθαι·

233 1008 382 1070 οὗτοι
410 1016 467 1068 δὲ
525 1016 866 1087 δαιμονῶντα
914 1015 1076 1068 αὐτὸν
1118 1014 1390 1083 λέγουσιν.
1466 1012 1678 1065 Ἐκεῖνα
1726 1010 1824 1081 μὲν

235 1110 345 1180 γὰρ
382 1108 449 1160 τά
474 1108 575 1176 τῆς
622 1106 1011 1177 Σαμαρείτιδος
1059 1104 1370 1176 ἀπορούσης
1392 1100 1493 1174 ἦν·
1526 1103 1699 1156 ταῦτα
1744 1102 1823 1163 δὲ,

234 1203 614 1257 ἀπιστούντων
666 1202 760 1255 καὶ
788 1201 1256 1272 διεστραμμένων.
1294 1198 1391 1267 Μὴ
1427 1198 1508 1279 σὺ
1538 1196 1749 1266 μείζων
1772 1191 1831 1247 εἷ

235 1298 345 1352 τοῦ
366 1297 591 1365 πατρὸς
627 1295 797 1365 ήμῶν
842 1294 1120 1366 Ἀϐραάμ;
1146 1293 1297 1365 [525]
1331 1293 1493 1345 Ὥστε
1522 1290 1680 1342 τοῦτο
1708 1286 1825 1355 μεί-

238 1390 369 1454 ζονα
395 1385 533 1443 εἶναι
575 1393 721 1443 ποιεῖ
747 1390 842 1443 τοῦ
869 1388 1141 1459 Ἀϐραάμ.
1179 1390 1345 1439 Ὅταν
1376 1382 1468 1438 οὖν
1496 1382 1777 1453 ὑψωθέντα
1795 1381 1824 1420 b

238 1481 410 1552 ἴδητε,
440 1481 802 1551 ὁμολογήσετε
829 1482 911 1534 ὅτι
949 1482 1152 1552 μείζων
1199 1480 1337 1532 ἐστί.
1374 1478 1473 1530 Διά
1505 1475 1665 1529 τοῦτο
1706 1475 1823 1527 ἔλε-

239 1591 359 1642 γεν,
398 1575 582 1627 Ὅταν
619 1573 907 1641 ὑψώσητέ
940 1591 1037 1642 με,
1085 1574 1217 1626 τότε
1256 1569 1563 1641 γνώσεσθε
1595 1569 1685 1622 ὅτι
1713 1567 1827 1637 ἐγώ

240 1665 376 1732 ειμι.
405 1664 517 1716 Καὶ
539 1662 634 1715 θέα
661 1663 895 1718 σύνεσιν.
926 1663 1150 1733 Πρῶτον
1172 1661 1369 1724 αὐτοὺς
1390 1659 1693 1731 ἀποσχίσας
1725 1658 1824 1728 τῆς

244 1754 586 1823 συγγενείας,
620 1754 886 1806 δείκνυσιν
923 1755 1115 1807 ἑαυτὸν
1154 1752 1363 1805 ἐκείνου
1406 1750 1627 1822 μείζονα
1673 1750 1823 1817 ὄντα,

244 1847 334 1901 ἵνα
363 1849 427 1900 ἐκ
454 1847 655 1917 πολλῆς
685 1847 783 1917 τῆς
808 1848 1083 1918 ὑπεροχῆς
1103 1846 1305 1917 μείζων
1330 1845 1581 1915 θεωρηθῇ
1604 1844 1695 1896 καὶ
1716 1843 1826 1895 τῶν

243 1939 560 2011 προφητῶν.
604 1939 821 2011 Ἐπειδὴ
855 1939 963 2009 γὰρ
998 1940 1084 1992 ἀεὶ
1118 1939 1404 2009 προφήτην
1435 1936 1617 2004 ἔλεγον
1640 1935 1824 1998 αὑτὸν,

243 2032 333 2086 διὰ
369 2031 544 2086 ταῦτα
589 2031 802 2100 ἔλεγεν·
854 2032 906 2083 Ὀ
957 2032 1140 2100 λόγος
1191 2033 1223 2083 ό
1252 2029 1394 2099 ἐμὸς
1439 2030 1512 2083 οὐ
1558 2027 1737 2098 χωρεῖ
1758 2029 1828 2081 ἐν

244 2123 406 2194 ὑμῖν.
452 2124 597 2176 Ἐκεῖ
627 2124 724 2193 μὲν
742 2119 833 2177 οὖν
856 2123 1062 2192 ἔλεγεν,
1085 2124 1165 2176 ὅτι
1187 2121 1390 2192 ἐγείρει
1416 2122 1542 2183 τοὺς
1571 2119 1823 2190 νεκρούς·

245 2216 482 2272 ἐνταῦθα
501 2217 578 2280 δὲ,
609 2219 691 2271 Οὐ
712 2217 797 2287 μὴ
821 2216 1109 2284 θεωρήσει
1134 2214 1396 2271 θάνατον
1423 2216 1455 2267 ό
1494 2214 1794 2266 πιστεύων
1812 2228 1823 2240 ·

244 2310 276 2362 ὃ
304 2311 486 2381 πολλῷ
521 2311 707 2380 μεῖζον
734 2307 801 2382 ἢν
833 2310 928 2364 τοῦ
981 2309 1056 2381 μὴ
1087 2311 1443 2380 συγχωρῆσαι
1488 2306 1828 2379 κρατηθῆναι

248 2402 488 2473 θανάτῳ·
512 2403 593 2456 διὸ
617 2403 816 2474 μᾶλλον
836 2403 1199 2474 ἠγριαίνοντο.
1226 2401 1290 2454 Τί
1309 2398 1401 2455 οὖν
1430 2402 1657 2467 ἐκεῖνοι;
1691 2401 1832 2454 Τίνα

247 2494 511 2548 σεαυτὸν
538 2494 758 2561 ποιεῖς;
788 2496 899 2547 Καὶ
926 2494 1083 2547 τοῦτο
1122 2493 1479 2565 ὑϐριστικῶς·
1514 2493 1586 2544 Σὺ
1610 2534 1624 2556 ,
1659 2492 1826 2561 φησὶ,

248 2586 446 2658 χαρίζῃ
472 2586 674 2657 σαυτῷ.
710 2587 855 2658 Πρὸς
875 2584 1032 2640 τοῦτο
1067 2583 1160 2640 οὖν
1186 2589 1215 2639 ὁ
1244 2570 1510 2655 Χριστός·
1547 2585 1687 2641 Ἐὰν
1717 2585 1831 2653 ἐγὼ

248 2678 470 2743 δοξάζω
497 2679 778 2749 ἐμαυτὸν,
807 2681 991 2751 φησὶν,
1026 2679 1064 2747 ἡ
1099 2679 1250 2744 δόξα
1268 2697 1387 2749 μου
1410 2679 1594 2734 οὐδέν
1620 2680 1769 2731 ἐστι.

324 2772 390 2841 β’.
433 2771 498 2823 Τί
543 2772 791 2839 λέγουσιν
829 2773 1061 2825 ἐνταῦθα
1107 2774 1156 2827 οἱ
1212 2772 1511 2843 αἱρετικοί;
1562 2772 1830 2837 Ἤκουσε,

253 2862 349 2931 Μὴ
380 2862 462 2915 σὺ
501 2861 708 2927 μείζων
734 2857 791 2914 εἷ
816 2862 923 2916 τοῦ
960 2862 1183 2930 πατρὸς
1222 2860 1392 2931 ἡμῶν
1434 2862 1710 2931 Ἀϐραάμ;
1741 2863 1832 2913 καὶ

255 2954 355 3006 οὐκ
382 2951 688 3023 ἐθάρρησεν
716 2954 889 3005 εἰπεῖν
911 2952 1115 3033 αὐτοῖς,
1146 2953 1228 3005 ὃτι
1266 2954 1374 3016 ναὶ,
1400 2952 1535 3006 ἀλλά
1561 2969 1834 3005 συνεσκια-

258 3045 471 3116 σμένως
517 3044 648 3097 αὐτὸ
697 3047 862 3098 ποιεῖ.
905 3045 969 3097 Τί
991 3040 1119 3112 οὐν;
1151 3044 1303 3098 οὐδέν
1349 3046 1495 3099 ἐστιν
1520 3047 1554 3116 ἡ
1588 3044 1714 3109 δόξα
1741 3046 1838 3098 αὐ·-

255 3136 381 3200 τοῦ;
412 3138 556 3208 Πρὸς
603 3137 843 3201 ἐκείνους
867 3136 1019 3189 οὐδέν
1058 3138 1223 3191 ἐστιν.
1260 3138 1470 3209 ’Ὠσπερ
1513 3138 1621 3209 γὰρ
1668 3138 1837 3207 λέγει,

269 3227 332 3281 Ἠ
373 3229 671 3295 μαρτυρὶα
723 3246 842 3296 μου
889 3229 1001 3281 οὐκ
1044 3229 1216 3281 ἐστιν
1262 3227 1516 3296 ἀληθὴς,
1563 3228 1697 3299 πρὸς
1738 3228 1839 3299 τὴν

258 3318 483 3372 ἐκείνων
512 3320 769 3387 ὑπόνοιαν
789 3337 803 3351 ·
834 3320 975 3374 οὑτω
1002 3320 1097 3373 καὶ
1126 3320 1360 3375 ἐνταῦθά
1385 3338 1550 3392 φησιν
1575 3337 1588 3351 ·
1626 3324 1840 3381 Ἔστιν

260 3412 294 3463 ό
323 3408 586 3474 δοξάζων
604 3427 699 3479 με.
726 3409 832 3463 Καὶ¹
856 3412 997 3465 διατί
1024 3411 1099 3482 μὴ
1123 3408 1296 3479 εἶπεν,
1346 3413 1403 3464 Ὀ
1429 3413 1620 3482 Πατὴρ
1640 3414 1670 3465 ὁ
1700 3413 1840 3482 πέμ-

258 3503 368 3571 ψας
395 3518 493 3572 με;
540 3502 615 3565 ὡς
639 3503 751 3556 ἀνω
777 3503 959 3571 ἔλεγεν
974 3544 989 3568 ,
1019 3504 1133 3557 ἀλλ’
1153 3514 1175 3541 θ
1215 3508 1317 3559 Ὃν
1338 3505 1507 3574 ὑμεῖς
1524 3505 1730 3575 λέγετε
1753 3506 1843 3558 ὅτι

264 3593 407 3659 Θεὸς
432 3593 598 3662 ὑμῶν
627 3595 776 3659 ἐστι,
802 3597 902 3649 καὶ
934 3599 1046 3649 οὐκ
1078 3597 1277 3651 οἴδατε
1300 3600 1513 3662 αὐτόν,
1562 3597 1844 3652 Ἐϐούλετο

259 3684 367 3751 γάρ
401 3686 591 3750 δεῖξαι,
630 3688 710 3741 ὅτι
756 3688 817 3740 οὐ
866 3690 1026 3758 μόνον
1054 3690 1274 3760 Πατέρα
1304 3692 1465 3745 αὐτὸν
1506 3693 1607 3745 οὐκ
1642 3694 1841 3758 ἴσασιν,

425 3779 545 3839 οὐδὲ
573 3779 727 3833 Θεὸν.
783 3782 929 3852 Ἐγὼ
968 3782 1038 3835 δὲ
1069 3779 1204 3836 οῖδα
1224 3786 1430 3841 αὐτόν.
1467 3786 1625 3838 ’Ὥστε
1669 3787 1730 3839 οὐ
1782 3788 1844 3839 τὸ

258 3870 463 3938 λέγειν,
527 3871 674 3940 Ἐγὼ
707 3872 840 3927 οἶδα
882 3874 1090 3939 αὑτὸν,
1139 3878 1349 3947 κόμπος
1385 3878 1563 3930 ἐστίν·
1612 3880 1749 3932 ἀλλά
1782 3880 1844 3933 τὸ

258 3967 436 4018 εἰπεῖν
483 3965 558 4037 μὴ
580 3966 798 4031 είδέναι,
830 3968 1024 4037 ψεῦδος
1043 3988 1054 4000 ·
1086 3971 1243 4041 ὑμεῖς
1272 3972 1328 4025 δὲ
1355 3972 1603 4041 λέγοντες
1644 3975 1842 4030 εἰδέναι

257 4058 443 4120 αὐτὸν,
478 4058 761 4127 ψεύδεσθε.
798 4061 1008 4133 Ὠσπερ
1041 4059 1134 4117 οὐν
1175 4064 1331 4134 ὑμεῖς
1360 4065 1559 4118 εἰδέναι
1594 4066 1843 4135 λέγοντες

256 4151 556 4218 ψεύδεσθε·
593 4152 764 4217 οὕτως
809 4154 950 4223 ἐγὼ,
999 4156 1095 4209 ἐὰν
1127 4158 1266 4210 εἴπω
1312 4157 1386 4229 μὴ
1430 4160 1647 4217 εἰδέναι.
1709 4161 1843 4214 Ἐὰν

257 4241 376 4310 ἐγὼ
400 4243 627 4308 δοξάζω
650 4246 929 4315 ἐμαυτόν.
960 4248 1177 4320 Ἐπειδὴ
1207 4250 1415 4318 ἔλεγον,
1478 4254 1615 4306 Τίνα
1660 4271 1839 4308 σεαυ-

260 4335 369 4387 τόν
422 4336 647 4403 «utsic;
683 4338 874 4408 φησίν·
931 4340 1073 4394 Ἐὰν
1123 4340 1239 4411 ἐγὼ
1274 4343 1429 4406 ποιῶ,
1468 4346 1500 4414 ἡ
1533 4344 1683 4409 δόξα
1722 4366 1841 4415 μου

260 4426 445 4479 οὐδέν
474 4429 663 4482 ἐστιν.
695 4430 902 4502 Ὥσπερ
933 4428 1026 4485 οῦν
1074 4432 1184 4500 ἐγὼ
1215 4434 1374 4487 αὐτὸν
1418 4432 1537 4487 οἶδα
1576 4436 1840 4506 ἀκριϐῶς,

262 4519 439 4584 οὕτως
469 4522 632 4575 αὐτὸν
669 4522 914 4591 ἀγνοεῖτε
964 4527 1141 4596 ὑμεῖς.
1175 4527 1442 4598 Καθάπερ
1484 4525 1576 4582 οῦν
1609 4532 1700 4582 ἐπὶ
1748 4530 1839 4582 τοῦ

276 4606 529 4678 Ἀϐραὰμ
566 4610 626 4661 οὐ
669 4610 729 4663 τὸ
760 4615 869 4664 πᾶν
909 4613 1135 4681 ἀνεῖλεν,
1172 4616 1307 4670 ἀλλά
1353 4635 1537 4687 φησιν,
1582 4618 1714 4673 Οἶδα
1760 4622 1843 4673 ὅτι

264 4700 490 4769 σπέρμα
542 4702 793 4773 Ἀϐραάμ
834 4706 978 4771 ἐστε,
1026 4705 1166 4759 ὥστε
1217 4708 1437 4777 μείζονα
1482 4711 1702 4780 ποιῆσαι
1743 4714 1843 4784 τὴν

264 4794 599 4865 κατηγορίαν
619 4810 633 4823 ·
670 4796 841 4860 οὕτως
870 4798 1103 4853 ἐνταῦθα
1140 4801 1200 4853 οὐ
1225 4803 1285 4854 τὸ
1315 4805 1425 4856 πᾶν
1454 4804 1679 4869 ἀνεῖλεν,
1707 4806 1843 4860 ἀλλὰ

264 4884 349 4949 τί;
391 4889 492 4939 Ὃν
530 4889 700 4957 ὑμεῖς
744 4889 966 4958 λέγετε.
1025 4894 1157 4955 Δοὺς
1196 4894 1294 4964 τὴν
1325 4894 1413 4948 διὰ
1445 4896 1551 4949 τῶν
1584 4900 1843 4967 ῥημάτων

266 4980 556 5050 καύχησιν,
609 4982 793 5051 μεῖζον
833 4986 1055 5054 ἐποίησε
1091 4986 1153 5038 τὸ
1195 4987 1467 5058 ἔγκλημα.
1508 4991 1631 5054 Πῶς
1663 4992 1718 5046 δὲ
1744 4994 1845 5047 οὐκ

267 5073 443 5125 οἴδατε
478 5075 673 5132 αὑτόν;
723 5075 844 5128 Ὅτι
894 5076 983 5137 τὸν
1012 5076 1193 5130 πάντα
1236 5079 1375 5150 ὑπὲρ
1421 5081 1586 5134 αὑτοῦ
1629 5085 1721 5135 καὶ
1751 5084 1841 5136 λέ-

267 5182 437 5232 γοντα
484 5168 575 5219 καὶ
604 5167 893 5230 ποιοῦντα,
938 5169 1078 5222 ὥστε
1112 5170 1275 5223 αὐτὸν
1313 5170 1655 5242 δοξασθῆναι,
1689 5177 1844 5246 ὑϐρί-

269 5258 416 5319 ζετε,
450 5258 627 5311 καίτοι
672 5261 798 5330 παρ’
824 5260 1034 5313 ἐκείνου
1069 5261 1462 5317 ἀποσταλέντα.
1506 5265 1664 5319 Ἀλλά
1690 5268 1847 5320 τοῦτο

271 5351 626 5421 ἀμάρτυρον·
681 5352 820 5406 ἀλλά
868 5354 929 5405 τ’)
989 5354 1117 5423 ἑξῆς
1169 5358 1685 5410 κατασκευαστικύν.
1738 5359 1845 5413 Καὶ

270 5440 379 5491 τὸν
420 5442 602 5507 λόγον
644 5443 828 5495 αὑτοῦ
873 5442 1050 5510 τηρῶ.
1117 5445 1381 5499 Ἐνταῦθα
1423 5448 1520 5499 δὲά
1569 5450 1625 5501 εἴ
1668 5451 1731 5517 γέ
1794 5469 1848 5502 τι

270 5529 437 5601 εἶχον,
481 5535 739 5604 ¹ἡδύναντο
778 5535 1021 5603 ἐλέγξαι·
1075 5538 1306 5609 μεγίστη
1345 5539 1549 5612 γὰρῆν
1576 5543 1848 5609 ἀπόδειξις

267 5623 333 5677 τὸ
367 5627 495 5695 παρ’
522 5628 729 5681 ἐκείνου
755 5630 1108 5685 ἀπεστάλθαι.
1141 5634 1386 5704 Ἀϐραὰμ
1406 5638 1437 5688 ό
1466 5635 1660 5703 πατὴρ
1684 5638 1850 5706 ὑμῶν

337 5809 384 5881 ᾗ
408 5810 504 5881 Αιῇ
548 5812 821 5881 διηπόρησε.
889 5812 1330 5881 [ιῄᾼιὶἱέξελθὸντα.
1397 5822 1419 5849 ε
1447 5819 1849 5881 Conjunclionem

272 5871 397 5920 ἀλλὰ
417 5874 631 5943 enSavil:
724 5875 865 5943 c000.
890 5875 999 5943 7055,
1029 5878 1137 5943 706,
1159 5893 1306 5943 sensu
1332 5871 1629 5943 postulan'le,
1659 5886 1849 5943 recepi-

273 5947 401 5982 mus.
428 5932 560 5983 Em.
607 5932 635 5973 ἀ
662 5936 1035 5985 Μοτθῖ.ἐνταῦθα
1058 5932 1157 5986 καί.
1179 5932 1530 5994 εει-ίιὶιηειιυε
1563 5932 1758 5994 ἐνταῦθα
1777 5932 1843 5994 δέ.

274 5994 436 6047 Paulo
464 6004 572 6060 pust
597 5999 679 6048 alii
699 5994 785 6045 τοῦ
808 5998 918 6061 παρ’
954 6001 1150 6051 ἐκείνου.

1294 353 1358 406 IN
1396 346 1712 406 JOANNEM
1751 332 1987 399 ΠΟΜΙΙΖ.
2032 345 2138 401 LV.
2182 352 2250 404 al.
2298 352 2429 409 LIV.

1925 461 2358 529 ἠγαλλιάσατο,
2388 469 2487 521 ἵνα
2526 469 2622 540 ἴδῃ
2655 472 2769 541 τὴν
2809 474 3035 543 ἡμέραν
3063 477 3176 544 τὴν
3203 476 3375 548 ἐμὴν,
3404 481 3505 536 καὶ

1923 550 2066 618 εἶδε,
2098 556 2200 610 καὶ
2228 558 2435 629 ἐχάρη.
2469 563 2638 617 Πάλιν
2686 565 2956 621 δείκνυσιν
2989 570 3184 634 αὐτοὺς
3222 571 3382 635 ὄντας
3411 574 3506 627 ἀλ-

1924 648 2168 720 λοτρίους
2193 654 2423 722 ἐκείνου,
2459 657 2513 709 εἴ
2542 676 2604 728 γε
2640 662 2724 730 ἐφ’
2759 658 2839 726 οἷς
2865 665 3070 727 ἐκεῖνος
3096 664 3338 736 ἔχαιρεν,
3360 663 3507 721 οῦτοι

1924 742 2171 811 ἀλγοῦσι.
2196 746 2306 818 Τὴν
2330 748 2386 801 δὲ
2415 749 2625 821 ἡμέραν
2651 752 2885 809 ἐνταῦθά
2915 773 3005 826 μοι
3031 756 3177 809 δοκεῖ
3198 756 3377 826 λέγειν
3406 758 3505 829 τὴν

1924 835 2016 889 τοῦ
2063 839 2318 910 σταυροῦ,
2368 841 2434 912 ἣν
2463 844 2519 895 ἐν
2558 847 2624 915 τῇ
2656 846 2750 898 τοῦ
2793 848 2948 918 κριοῦ
2997 852 3279 922 προσφορᾷ
3307 851 3401 904 καὶ
3434 854 3502 922 τῇ

1923 929 2017 981 τοῦ
2081 931 2265 986 Ἰσαὰκ
2324 936 2751 1005 προδιετύπωσε.
2811 939 2961 1011 [5‘24]
3014 942 3079 994 Τί
3125 938 3217 996 οὖν
3263 945 3501 1009 ὲκεῖνοι;

1931 1026 2388 1093 Τεσσαράκοντα
2409 1039 2430 1065 ε
2451 1028 2556 1095 ἔτη
2587 1031 2751 1083 οὑπω
2770 1031 2930 1100 ἔχεις
2948 1032 3046 1086 καὶ
3074 1035 3121 1086 Ἀ
3131 1034 3317 1103 ϐραὰμ
3334 1034 3509 1103 ἐώρα-

1926 1133 2070 1183 acac;
2113 1118 2199 1180 Ὠς
2220 1120 2387 1187 ἐγγὺς
2409 1120 2517 1172 τῶν
2549 1123 2959 1192 τεσσαράκοντα
2989 1123 3126 1177 ἐτῶν
3156 1124 3343 1178 λοιπὸν
3365 1120 3508 1178 εἶναι

1923 1208 2014 1260 τὸν
2034 1210 2286 1278 Χριστόν.
2326 1212 2487 1280 Λέγει
2514 1214 2697 1277 αὐτοῖς
2716 1231 2729 1244 ·
2754 1216 2903 1284 Πρὶν
2938 1208 3184 1286 Ἀϐραὰμ
3204 1218 3506 1286 γενέσθαι,

1924 1300 2038 1369 ἐγώ
2064 1304 2199 1369 εἰμι.
2246 1302 2353 1356 Καὶ
2399 1304 2621 1358 ἔλαϐον
2664 1306 2906 1371 λίθους.
2962 1308 3064 1361 ἵνα
3088 1307 3369 1372 βάλωσιν
3413 1308 3509 1361 ἐπ’

1925 1393 2131 1447 αὐτόν.
2179 1394 2339 1464 Ὁρᾷς
2384 1394 2501 1458 πῶς
2549 1396 2608 1448 τὸ
2657 1395 2876 1466 μείζονα
2924 1394 3063 1451 εἶναι
3105 1398 3200 1452 τοῦ
3258 1399 3511 1472 Ἀϐραὰμ

1925 1485 2364 1551 κατεσκεύασεν;
2416 1489 2476 1540 Ὀ
2516 1488 2625 1559 γὰρ
2653 1490 2861 1558 χαρεὶς,
2902 1490 2989 1544 ἵνα
3020 1491 3103 1562 ῐδῃ
3130 1490 3229 1562 τὴν
3269 1494 3509 1563 ἡμέραν,

1926 1578 2019 1631 καὶ
2060 1580 2521 1649 περισπούδαστον
2568 1582 2697 1635 αὐτὸ
2736 1582 3246 1654 θέμενος,εὕδηλον
3284 1584 3368 1639 ὅτι
3409 1585 3511 1657 τὴν

1927 1671 2019 1723 ἐπὶ
2052 1672 2341 1743 εὐεργεσίᾳ
2378 1675 2699 1745 γενομένην,
2740 1676 2833 1727 καὶ
2861 1674 2937 1738 ὼς
2984 1676 3248 1748 μείζονος.
3289 1678 3511 1749 Ἐπειδὴ

1927 1764 2036 1835 γὰρ
2058 1764 2262 1833 ἔλεγον·
2310 1768 2374 1820 '0
2405 1768 2512 1821 τοῦ
2547 1768 2826 1834 τέκτονος
2853 1769 3004 1835 υίὸς,
3050 1770 3146 1823 καὶ
3168 1770 3318 1825 οὐδὲν
3347 1770 3513 1825 πλέον

1926 1859 2311 1927 ἐφαντάζοντο,
2338 1858 2481 1912 κατά
2503 1859 2697 1931 μικρὸν
2718 1861 2914 1926 αὐτοὺς
2931 1862 3113 1932 ἐνάγει
3138 1862 3274 1934 πρὸς
3298 1864 3514 1936 ὑψηλὴν

1927 1951 2183 2005 διάνοιαν.
2224 1952 2352 2005 Ὅτε
2402 1952 2500 2021 μὲν
2531 1949 2624 2006 οὖν
2661 1955 2921 2024 ἥκουσαν,
2957 1956 3037 2008 ὅτι
3059 1955 3173 2009 Οὐκ
3206 1955 3383 2010 ὁίδατε
3420 1956 3515 2009 τὸν

1927 2044 2081 2106 Θεὸν,
2113 2045 2214 2097 οὐκ
2260 2044 2534 2115 ἤλγησαν·
2577 2047 2666 2099 ὅτε
2692 2047 2748 2099 δὲ
2779 2048 3039 2119 ἤκουσαν,
3066 2048 3215 2117 Πρὶν
3255 2048 3515 2118 Ἀϐραὰμ

1929 2140 2227 2207 γενέσθαι,
2252 2138 2366 2207 ἐγώ
2389 2141 2534 2210 ειμι,
2569 2140 2644 2203 ὡς
2663 2142 2763 2211 τῆς
2793 2142 3074 2210 εὐγενείας
3104 2140 3282 2194 αὐτῶν
3320 2158 3514 2194 ταπει-

1930 2230 2216 2301 νουμένης,
2247 2232 2530 2303 ὴγρίαινον
2557 2234 2652 2286 καὶ
2679 2230 2944 2297 ἐλίθαζον.
2978 2229 3116 2287 Εἷδε
3138 2235 3253 2303 τὴν
3284 2232 3515 2302 ἡμέραν

1929 2324 2045 2392 τὴν
2063 2323 2238 2393 ἐμὴν,
2286 2325 2383 2378 καὶ
2418 2325 2624 2394 ἐχάρη.
2662 2326 2943 2382 Δείκνυσιν
2981 2327 3063 2381 ὅτι
3096 2327 3195 2381 οὐκ
3242 2326 3392 2381 ἄκων
3421 2327 3515 2379 ἐπὶ

1929 2417 1990 2470 τὸ
2014 2418 2185 2480 πάθος
2212 2417 2453 2489 ἔρχεται,
2482 2418 2536 2471 εἰ
2575 2435 2640 2487 γε
2683 2420 2897 2472 ἐπαινεῖ
2935 2419 3027 2473 τὸν
3053 2419 3288 2491 ἡσθέντα
3314 2420 3408 2473 ἐπὶ
3435 2419 3517 2492 τῷ

1935 2511 2170 2583 σταυρῷ.
2202 2511 2372 2565 Τοῦτο
2407 2512 2517 2584 γὰρ
2560 2512 2805 2584 σωτηρία
2842 2513 2941 2584 τῆς
2978 2512 3303 2583 οἰκουμένης
3323 2507 3413 2582 ἦν.
3448 2512 3516 2566 Οἱ

1932 2606 1988 2659 δέ
2014 2606 2195 2670 λίθους
2229 2605 2475 2660 ἔϐαλλον·
2518 2606 2661 2661 οὕτω
2701 2607 2837 2679 πρὸς
2868 2608 3061 2677 φόνους
3093 2606 3304 2678 ’ἐτοιμοι
3341 2603 3514 2679 ἦσαν,

1935 2702 2028 2756 κά).
2055 2703 2120 2755 δι’
2148 2702 2359 2755 ἑαυτῶν
2388 2701 2561 2756 ταῦτα
2607 2702 2895 2774 ἔπραττον,
2935 2703 3101 2773 μηδὲν
3147 2701 3515 2767 ἐξετάζοντες.

2005 2796 2157 2850 Διατί
2182 2797 2239 2850 δὲ
2275 2800 2349 2868 μὴ
2381 2793 2522 2861 εἶπε,
2545 2797 2659 2868 Πρὸ
2682 2797 2776 2851 τοῦ
2821 2796 3071 2869 Ἀϐραὰμ
3095 2796 3372 2865 γενέσθαι,
3406 2796 3520 2864 ἐγὼ

1936 2889 2083 2960 ἥμην
2103 2906 2115 2918 ·
2150 2888 2265 2942 ἀλλ’
2304 2890 2445 2957 Ἐγώ
2474 2890 2621 2958 alyn;
2660 2889 2870 2959 Ὥσπερ
2890 2890 2918 2942 ὁ
2942 2888 3131 2960 Πατὴρ
3152 2886 3316 2942 αὐτοῦ
3342 2886 3522 2959 ταύτῃ

1938 2982 2204 3053 κέχρηται
2252 2983 2319 3052 τῇ
2360 2980 2504 3046 λέξει
2551 2984 2641 3051 τῇ,
2678 2983 2845 3051 Εἱμί·
2877 2981 3020 3035 οὑτω
3053 2982 3146 3035 x01
3177 2980 3364 3046 αὐτός.
3407 2980 3519 3036 Τοῦ

1936 3072 2199 3143 διηνεκῶς
2238 3074 2348 3145 γὰρ
2393 3070 2533 3127 εἶναι
2575 3073 2885 3146 σημαντικὴ
2926 3073 3085 3143 αὐτη,
3120 3073 3321 3138 παντὸς
3348 3073 3524 3144 ἀπηλ-

1940 3163 2182 3235 λαγμένη
2230 3166 2452 3238 χρόνου·
2500 3164 2589 3219 διὰ
2636 3164 2797 3219 τοῦτο
2843 3167 2939 3219 x01
2970 3164 3292 3236 βλάσφημον
3337 3166 3524 3231 αὐτοῖς

1940 3254 2078 3310 εἶναι
2129 3258 2276 3310 δοκεῖ
2312 3258 2373 3310 τὸ
2425 3260 2595 3328 ῥῆμα.
2645 3256 2708 3308 Εἰ
2735 3257 2792 3309 δὲ
2814 3257 2915 3321 τὴν
2938 3257 3075 3328 πρὸς
3116 3256 3366 3328 Ἀϐραὰμ
3392 3255 3523 3324 σύγ-

1942 3363 2121 3416 κρισιν
2170 3347 2271 3399 οὐκ
2309 3346 2581 3417 ἤνεγκαν,
2632 3348 2809 3400 καίτοι
2864 3364 2927 3416 γε
2979 3347 3184 3418 μικρὰν
3229 3343 3427 3402 οὖσαν·
3471 3348 3522 3401 εἰ

1944 3442 2182 3513 συνεχῶς
2220 3442 2409 3495 ἐαυτὸν
2445 3440 2624 3506 ὲξίσου
2658 3441 2735 3512 τῷ
2778 3441 2975 3510 Πατρὶ,
3020 3436 3130 3512 ἆρα
3176 3439 3243 3494 ἂν
3282 3439 3525 3494 διέλιπον

1944 3535 2105 3589 αὑτὸν
2139 3535 2456 3605 βάλλοντες;
2499 3530 2633 3586 Εἶτα
2685 3533 2876 3603 φεύγει
2924 3533 3083 3586 πάλιν
3132 3532 3490 3603 ἀνθρωπίνως

1945 3630 2038 3684 καὶ
2088 3629 2419 3700 κρύπτεται,
2456 3628 2644 3698 ἱκανὴν
2674 3626 3020 3679 διδασκαλίαν
3062 3626 3246 3688 αὐτοῖς
3279 3622 3526 3697 παραθέο

1948 3740 2108 3793 μενος
2124 3739 2136 3750 ·
2159 3723 2255 3776 καὶ
2281 3721 2349 3775 τά
2375 3720 2541 3773 αὐτοῦ
2568 3719 2884 3791 πληρώσας,
2908 3717 3128 3787 ἐξῆλθεν
3148 3717 3213 3770 ἐκ
3231 3718 3325 3770 τοῦ
3350 3714 3525 3788 ἱεροῦ,

1946 3818 2038 3870 καὶ
2078 3815 2425 3887 ἀνεχώρησεν
2463 3815 2555 3868 ἐπὶ
2587 3814 2685 3886 τὴν
2719 3814 2861 3868 ῖασιν
2904 3812 2999 3866 τοῦ
3028 3810 3253 3880 τυφλοῦ,
3283 3809 3372 3863 διὰ
3415 3808 3527 3862 τῶν

1944 3910 2121 3981 ἔργων
2142 3909 2519 3980 πιστούμενος,
2550 3910 2630 3962 ὅτι
2657 3908 2763 3977 πρὸ
2780 3906 2875 3960 τοῦ
2909 3905 3158 3976 Ἀϐραάμ
3179 3905 3346 3957 ἐστιν.
3384 3902 3525 3956 Ἀλλ’

1947 4003 2077 4066 ἴσως
2107 4004 2223 4075 ἐρεῖ
2253 4019 2337 4066 τις
2358 4021 2369 4033 ·
2403 4002 2559 4066 Τίνος
2596 4001 2784 4055 ἕνεκεν
2817 4001 2917 4053 οὐκ
2945 3997 3195 4063 ἐξέλυσεν
3224 3997 3403 4050 αὐτῶν
3426 3994 3526 4066 τὴν

1943 4096 2203 4167 δύναμιν;
2252 4094 2394 4148 οὕτω
2428 4094 2538 4164 γὰρ
2584 4094 2650 4148 ἂν
2692 4094 3037 4147 ἐπίστευσαν.
3072 4089 3526 4162 Παραλελυμένον

1944 4187 2299 4257 ἐθεράπευσε,
2336 4185 2431 4239 καὶ
2453 4186 2551 4238 οὐκ
2582 4183 2937 4237 ἐπίστευσαν·
2965 4182 3101 4237 ἄλλα
3135 4182 3303 4252 μυρία
3332 4178 3523 4251 εἰργά-

1947 4298 2095 4341 σατο,
2126 4279 2220 4332 καὶ
2250 4282 2306 4331 ἐν
2337 4277 2483 4348 αὐτῷ
2519 4277 2576 4330 δὲ
2606 4276 2767 4330 πάθει
2799 4276 3019 4350 ἔρριψεν
3048 4275 3248 4336 αὐτοὺς
3278 4272 3522 4336 ὑπτίους,

1944 4374 2038 4426 καὶ
2067 4371 2369 4424 ἐσκότωσεν
2402 4370 2580 4423 αὐτῶν
2609 4368 2707 4430 τὰς
2728 4368 2899 4437 ὄψεις,
2927 4369 3019 4420 καὶ
3048 4368 3147 4420 οὐκ
3174 4369 3524 4423 ἐπίστευσαν·

1944 4468 2038 4519 καὶ
2084 4464 2201 4528 πῶς
2237 4464 2303 4517 ἂν
2346 4464 2693 4525 ἐπίστευσαν,
2740 4465 2789 4515 εἰ
2838 4463 2937 4533 τὴν
2965 4462 3194 4532 δύναμιν
3226 4463 3406 4518 αὐτῶν
3441 4464 3529 4530 ἐξ-

1946 4560 2130 4625 έλυσε;
2171 4556 2365 4628 Ψυχῆς
2394 4555 2502 4626 γὰρ
2526 4554 2545 4593 τ
2576 4555 2959 4622 ἀπεγνωκυίας
2991 4556 3172 4623 χεῖρον
3205 4554 3384 4607 οὐδέν·
3422 4555 3529 4610 κάν

1946 4656 2145 4723 σημεῖα
2179 4652 2293 4723 ἴδῃ,
2330 4651 2433 4705 κᾶν
2464 4652 2684 4719 τέρατα,
2719 4649 2869 4719 μένει
2906 4650 3006 4719 τὴν
3044 4648 3215 4719 αὐτὴν
3242 4648 3530 4718 ἀναισχυν-

1945 4744 2064 4796 τίαν
2111 4742 2330 4812 έχουσα.
2384 4741 2496 4792 Καὶ
2534 4740 2641 4808 γὰρ
2690 4740 2717 4790 ὁ
2755 4740 2954 4810 Φαραὼ
2997 4739 3196 4810 μυρίας
3243 4738 3530 4811 δεχόμενος

1946 4834 2180 4904 πληγὰς,
2227 4835 2317 4886 ὅτε
2366 4833 2653 4896 ἐκολάζετο
2703 4833 2899 4901 μόνον,
2954 4831 3380 4903 ἐσωφρονίζετο,
3432 4832 3532 4886 καὶ

1947 4926 2110 4997 μέχρι
2140 4927 2241 4995 τῆς
2282 4926 2515 4995 ἐσχάτης
2568 4925 2781 4993 ἡμέρας
2811 4922 3049 4986 τοιοῦτος
3080 4924 3281 4995 ἔμεινε,
3318 4924 3531 4979 διώκων

1946 5016 2040 5079 οὒς
2065 5015 2323 5069 ἀπέλυσε.
2348 5014 2447 5065 Διὰ
2474 5014 2630 5065 τοῦτο
2656 5012 2767 5065 ἄνω
2789 5014 2881 5065 καὶ
2902 5013 3052 5065 κάτω
3074 5015 3102 5066 ὁ
3124 5014 3334 5079 Παῦλός
3363 5032 3526 5086 φησι·

1947 5111 2043 5179 Μὴ
2068 5108 2423 5177 σκληρυνθῇ
2456 5128 2543 5174 τις
2573 5109 2641 5172 ἐξ
2666 5107 2831 5176 ὑμῶν
2858 5106 3057 5175 ἀπάτῃ
3088 5106 3197 5175 τῆς
3218 5109 3528 5177 ἁμαρτίας.

1949 5204 2216 5275 Καθάπερ
2234 5203 2342 5274 γάρ
2365 5204 2415 5254 οἱ
2440 5201 2615 5255 στῦλοι
2639 5200 2732 5254 τοῦ
2756 5200 3006 5271 σώματος
3028 5203 3052 5240 Β
3077 5202 3393 5271 νεκροῦνται
3420 5201 3532 5254 λοι-

1950 5297 2071 5357 πδν,
2104 5297 2198 5349 καὶ
2227 5296 2482 5363 οὐδεμίαν
2508 5294 2757 5365 αἴσθησιν
2791 5294 3005 5365 ἔχουσιν
3028 5311 3039 5323 ·
3070 5288 3216 5347 οὕτω
3250 5291 3529 5363 καὶψυχὴ,

1949 5392 2076 5442 ὅταν
2108 5389 2321 5452 πολλοῖς
2352 5388 2661 5458 κατασχεθῇ
2694 5387 2913 5449 πάθεσι,
2948 5385 3233 5457 νεκροῦται
3263 5384 3399 5454 πρὸς
3430 5384 3530 5454 τὴν

1950 5482 2171 5553 ἀρετήν.
2201 5482 2321 5535 Κάν
2360 5480 2557 5535 εὶτιοῦν
2616 5479 3010 5551 προσενέγκῃς,
3035 5478 3095 5530 οὐ
3142 5475 3409 5545 λαμϐάνει
3433 5473 3529 5528 τοῦ

1951 5576 2273 5646 πράγματος
2318 5572 2587 5654 αἴσθησιν·
2630 5572 2764 5625 ἀλλά
2813 5573 2915 5624 κᾶν
2941 5571 3179 5634 κόλασιν,
3218 5570 3322 5623 κᾶν
3355 5569 3531 5623 ὁτιοῦν

1950 5668 2274 5737 ἀπειλήσῃς,
2298 5666 2599 5735 ἀνάλγητος
2629 5667 2798 5735 μένει.

2019 5836 2040 5861 e
2086 5823 2143 5870 N.
2184 5823 2241 5871 Τ.
2287 5823 2599 5877 πεντήκοντα.
2696 5821 2715 5859 ΐ
2748 5821 2798 5868 In
2845 5820 2955 5869 aliis
2983 5820 3072 5883 γὰρ
3114 5818 3273 5883 dgest.
3345 5818 3369 5855 Β
3397 5815 3535 5883 [nter

1952 5887 2173 5945 σώματος
2195 5893 2245 5933 et
2263 5883 2531 5945 νεκροῦνται
2554 5884 2730 5936 inserit
2754 5896 2815 5930 ex
2839 5879 3119 5944 conjecmra
3142 5882 3355 5937 Boisius,
3373 5879 3535 5945 νόσοις

1951 5942 2189 6003 διηνεκέσι
2229 5942 2594 6001 δαπανηθέντες,
2624 5946 2701 5995 vel
2730 5942 3116 6004 καταϐληθέντες,
3149 5942 3534 5992 reclamantibus

1954 6007 2178 6059 omnibus
2213 6008 2595 6072 exemplaribus.
