4084 6360
519 321 632 382 305

590 448 661 512 γ’.
703 440 796 494 Διὸ
825 439 891 508 δὴ
925 437 1139 506 δέομαι,
1179 434 1283 497 ἕως
1312 432 1531 495 ἐλπίδας
1567 432 1761 501 ἔχομεν
1802 430 2103 502 σωτηρίας,

519 523 676 598 [525]
704 525 808 588 ἕως
834 521 1110 592 δυνάμεθα
1139 517 1454 588 ἐπιτρέψαι,
1485 516 1662 568 πάντα
1691 516 1882 566 ποιεῖν.
1905 517 1966 598 Οἱ
1997 515 2106 584 γὰρ

518 597 939 678 ἀπηλγηκότες,
999 602 1251 674 καθάπερ
1306 599 1414 653 τῶν
1468 598 1815 670 κυϐερνητῶν
1868 597 1918 648 οἱ
1972 598 2107 648 ἀπο⁸

517 693 735 761 γνόντες
771 692 833 760 τῇ
872 687 1110 758 πνεούσῃ
1154 686 1215 738 τὸ
1263 685 1470 751 σκάφος
1519 682 1923 761 παραδιδόντες,
1956 680 2107 732 οὐδὲν

519 758 648 844 παρ’
675 758 884 826 ἐαυτῶν
929 771 1271 840 εἰσφέρουσιν
1292 787 1305 800 ·
1337 767 1478 820 οὕτω
1507 766 1600 818 καὶ
1627 758 1773 817 οὗτοι
1810 763 2107 834 πειρῶνται

517 859 723 913 λοιπόν.
754 858 823 910 ’Ὀ
870 873 928 908 τε
969 855 1079 924 γάρ
1125 855 1394 925 βάσκανος
1433 854 1513 914 είς
1561 850 1620 901 ἓν
1651 850 1754 920 ὁρᾷ
1789 848 1970 919 μόνον,
2011 849 2109 918 τὴν

518 941 818 1010 ἐπιθυμίαν
862 939 1150 1010 πληρῶσαι
1200 938 1301 1009 τὴν
1343 934 1575 988 ἐαυτοῦ·
1622 933 1727 986 κᾶν
1783 931 2107 996 κολάξεσθαι

521 1027 714 1097 μέλλῃ,
752 1024 856 1078 κᾶν
903 1023 1272 1095 ἀναιρεῖσθαι,
1303 1020 1398 1073 τοῦ
1434 1018 1640 1082 πάθους
1667 1017 1880 1085 γίνεται
1914 1017 2104 1086 μόνου·

518 1113 616 1163 καὶ
649 1110 677 1160 ὁ
709 1107 1008 1168 ἀκόλαστος
1050 1107 1146 1158 καὶ
1174 1107 1203 1157 6
1229 1103 1654 1173 φιλοχρήματος.
1696 1101 1758 1153 Εἰ
1787 1099 1846 1152 δὲ
1865 1099 1972 1151 τῶν
1999 1116 2108 1152 πα-

518 1192 628 1246 θῶν
653 1191 891 1260 τοσαύτη
924 1192 957 1259 ή
1001 1189 1276 1258 τυραννὶς,
1308 1185 1488 1255 πολλῷ
1524 1183 1722 1255 μᾶλλον
1747 1182 1848 1252 τῆς
1882 1182 2106 1252 ἀρετῆς.

517 1277 581 1329 Εἰ
607 1275 676 1329 δι’
704 1276 889 1328 ἐκεῖνα
922 1273 1156 1325 Θανάτου
1200 1269 1668 1340 καταφρονοῦμεν,
1699 1265 1880 1335 πολλῷ
1910 1266 2110 1336 μᾶλλον

513 1357 605 1412 διὰ
633 1357 857 1428 ταύτην.
889 1357 951 1408 Εἰ
980 1357 1177 1408 ἐκεῖνοι
1221 1355 1317 1424 τῆς
1342 1353 1518 1422 ψυχῆς
1561 1348 1965 1420 καταφρονοῦσι
2010 1349 2109 1416 τῆς

518 1443 752 1504 ἐαυτῶν,
796 1439 976 1510 πολλῷ
1011 1440 1207 1508 μᾶλλον
1247 1437 1388 1508 ὑπὲρ
1422 1438 1519 1506 τῆς
1553 1435 1823 1506 σωτηρίας
1851 1435 1951 1502 τῆς
1974 1434 2109 1503 ήμε-

513 1528 681 1598 τέρας
709 1526 868 1579 τοῦτο
911 1527 1086 1576 ποιεῖν
1134 1525 1262 1594 χρή.
1298 1523 1393 1585 Τίς
1422 1523 1532 1592 γὰρ
1575 1523 1707 1591 ἡμῖν
1734 1519 1884 1571 ἔσται
1919 1517 2106 1584 λόγος,

513 1611 641 1662 ὅταν
666 1609 772 1662 τῶν
795 1608 1183 1677 ἀπολλυμένων
1210 1607 1352 1658 οὕτω
1389 1605 1798 1668 σπουδαζόντων
1831 1602 1970 1672 ὑπὲρ
2011 1601 2110 1670 τῆς

515 1693 726 1745 έαυτῶν
757 1692 1056 1754 ἀπωλείας,
1085 1693 1240 1761 ἡμεῖς
1284 1690 1421 1757 ὑπὲρ
1463 1689 1560 1758 τῆς
1589 1686 1798 1739 ἑαυτῶν
1834 1684 2110 1754 σωτηρίας

517 1776 652 1846 μηδέ
673 1775 944 1844 τοσαύτην
970 1773 1370 1843 ἐπιδειξώμεθα
1396 1771 1654 1840 σπουδὴν,
1683 1770 1799 1823 ἀλλ’
1823 1771 1910 1822 ἀεὶ
1933 1768 2113 1838 φθόνῳ

513 1861 806 1931 τηκόμενοι
833 1859 1179 1929 διαμένωμεν
1201 1875 1214 1922 ;
1247 1858 1411 1911 Οὐδὲν
1437 1857 1545 1926 γάρ
1569 1855 1869 1926 βασκανίας
1896 1856 2108 1924 χείρον’

513 1945 601 1996 ῖνα
641 1945 828 2012 ἕτερον
864 1943 1141 2012 ἀπολέσῃ,
1187 1942 1282 1994 καὶ
1313 1940 1505 1993 ἐαυτὸν
1547 1939 1971 2012 προσαπολλύει.
2004 1938 2111 1990 Βα-

513 2029 715 2082 σκάνου
745 2027 1024 2097 ὀφθαλμὸς
1074 2028 1369 2095 ἐκτήκεται
1403 2024 1570 2097 λύπῃ,
1600 2025 1816 2093 θανάτῳ
1861 2022 1996 2092 συζῇ
2027 2020 2110 2073 δι-

511 2116 725 2186 ηνεκεῖ,
752 2113 961 2172 πάντας
995 2111 1226 2181 ἐχθροὺς
1258 2111 1494 2180 ήγεῖται,
1522 2110 1649 2172 τοὺς
1672 2108 1825 2161 οὐδὲν
1848 2104 2110 2175 ἠδικηκό-

512 2215 634 2260 τας.
679 2197 861 2264 Ἀλγεῖ
892 2197 975 2249 ὅτι
1006 2197 1035 2248 6
1060 2195 1192 2259 Θεὸς
1231 2195 1482 2263 τιμᾶται,
1512 2194 1693 2264 χαίρει
1725 2191 1809 2261 ἐφ’
1843 2187 1922 2252 οἷς
1949 2191 2111 2244 ὁδιά-

513 2281 671 2343 ϐολος
695 2281 897 2352 χαίρει.
935 2280 991 2333 '0
1020 2279 1169 2331 δεῖνα
1215 2277 1506 2349 τετίμηται
1560 2277 1712 2346 παρὰ
1760 2274 2106 2344 ἀνθρώποις;

524 2364 665 2418 Ἀλλ’
694 2365 794 2418 οὐκ
821 2363 968 2416 ἔστιν
1005 2361 1146 2433 α’ύτη
1172 2361 1326 2432 τιμὴ,
1365 2360 1440 2431 μὴ
1461 2360 1757 2430 βασκάνῃς.
1777 2358 1936 2411 Ἀλλά
1960 2356 2111 2427 παρά

513 2451 632 2521 Θεῷ
664 2450 986 2518 τετίμηται;
1026 2446 1274 2517 Ζήλωσον
1297 2447 1391 2499 καὶ
1426 2444 1585 2514 γένου
1626 2445 1828 2514 ὅμοιος.
1879 2443 2017 2495 Ἀλλ’
2047 2442 2108 2495 οὐ

516 2534 729 2604 βούλει;
763 2531 829 2584 Τί
858 2532 1037 2584 τοίνυν
1071 2531 1167 2584 καὶ
1206 2530 1401 2583 σαυτὸν
1437 2526 1870 2600 προσαπολλύεις
1892 2544 1905 2591 ;
1929 2525 1982 2578 τί
2015 2525 2109 2579 καὶ

511 2618 541 2672 6
567 2617 732 2688 ἔχεις,
785 2615 1030 2688 ῥίπτεις
1062 2613 1138 2667 Οὐ
1185 2613 1410 2666 δύνασαι
1437 2612 1689 2680 γενέσθαι
1725 2611 1840 2673 ίσος
1889 2609 2103 2679 ἐκείνῳ,

514 2702 638 2755 ούδέ
683 2699 868 2754 λαϐεῖν
899 2717 952 2752 τι
979 2698 1176 2760 καλόν;
1208 2697 1260 2750 τί
1288 2698 1383 2751 καὶ
1422 2696 1592 2750 κακὸν
1623 2693 2102 2766 προσλαμϐάνειςς

1274 311 1331 367 S.
1371 309 1658 367 JOANNIS
1694 306 2184 367 CHRYSOSTOMI
2217 313 2537 371 ARCHIEP.
2578 315 3133 377 CONSTANTINOP.

3684 318 3798 378 3οθ

2213 433 2330 488 δέον
2360 435 2706 506 συνήδεσθαι,
2737 437 2822 491 ἵνα
2849 438 2953 491 κᾶν
2993 439 3321 509 κοινωνῆσαι
3359 439 3468 494 τῶν
3515 440 3692 495 πόνων
3712 445 3793 518 μὴ

2213 519 2468 591 δυνηθῇς,
2495 523 2558 574 ἐκ
2585 521 2680 574 τοῦ
2731 523 3050 594 συνήδεσθαι
3083 525 3346 596 κερδάνῃς
3381 537 3429 578 α.
3469 526 3654 596 Ἀρκεῖ
3683 533 3793 599 γὰρ

2215 605 2484 675 πολλαχοῦ
2538 608 2634 660 καὶ
2681 608 3000 678 προαίρεσις
3034 610 3174 680 μέγα
3203 611 3426 680 ποιῆσαι
3472 612 3695 679 ἀγαθόν.
3732 615 3793 668 Ὀ

2214 687 2346 756 γοῦν
2383 689 2644 758 Ίεζεκιήλ
2677 707 2810 760 φησι
2845 691 2933 744 διά
2963 692 3120 746 τοῦτο
3148 694 3274 758 τοὺς
3303 694 3600 758 Μωαϐίτας
3633 697 3796 751 κολά-

2216 771 2425 836 ζεσθαι,
2454 773 2540 826 διὰ
2567 775 2627 826 τὸ
2666 775 2972 844 ἐπιχαίρειν
3006 779 3119 839 τοῖς
3164 777 3548 848 Ἰσραηλίταις·
3578 779 3670 832 καί
3693 780 3793 834 ἀλ-

2215 856 2338 920 λους
2376 858 2526 920 τινὰς
2575 856 2862 919 σώζεσθαι,
2899 859 2982 910 ὅτι
3028 859 3240 912 ἔστενον
3299 861 3390 912 ἐπὶ
3431 864 3543 925 τοῖς
3591 863 3793 934 ἐτέρων

2217 943 2427 1002 κακοῖς.
2449 941 2511 992 Εἰ
2536 941 2720 1003 δέτοῖς
2749 941 3093 1006 στενάζουσιν
3124 943 3215 994 ἐπὶ
3243 945 3352 1005 τοῖς
3383 945 3582 1014 ἐτέρων
3603 950 3794 1011 κακοῖς

2216 1025 2333 1077 ἐστί
2376 1042 2462 1088 τις
2517 1025 2860 1095 παραμυθία,
2897 1025 3076 1097 πολλῷ
3127 1027 3326 1096 μᾶλλον
3367 1031 3480 1090 τοῖς
3514 1027 3792 1097 ἡδομένοις

2217 1109 2310 1162 ἐπὶ
2347 1112 2468 1172 ταῖς
2505 1111 2706 1181 ἐτέρων
2732 1114 2938 1180 τιμαῖς.
2987 1111 3260 1164 Ἐνεκάλει
3302 1113 3415 1175 τοῖς
3453 1113 3791 1177 Μωαϐίταις,

2215 1194 2300 1246 ὅτι
2349 1195 2644 1266 ἐπέχαιρον
2677 1197 2789 1258 τοῖς
2831 1195 3207 1268 Ἰσραηλίταις·
3252 1197 3427 1248 καίτοι
3485 1214 3549 1265 γε
3600 1200 3628 1251 6
3661 1198 3795 1262 Θεὸς

2216 1277 2494 1356 ἐκόλαζεν·
2531 1278 2644 1330 ἀλλ’
2676 1279 2796 1332 ούδέ
2839 1280 2967 1333 ὅταν
2995 1279 3155 1341 αὐτὸς
3185 1280 3213 1319 δ
3249 1279 3473 1351 κολάζῃ,
3503 1281 3795 1353 ἐφήδεσθαι

2215 1362 2365 1431 ήμᾶς
2411 1360 2658 1428 βούλεται
2694 1365 2808 1426 τοῖς
2857 1362 3260 1432 κολαζομένοις·
3314 1363 3435 1415 οὑδέ
3467 1364 3574 1433 γὰρ
3631 1365 3796 1428 αὐτὸς

2223 1446 2471 1515 βούλεται
2501 1447 2699 1509 αὐτοὺς
2734 1446 2979 1500 κολάσαι.
3006 1448 3068 1499 Εἰ
3101 1447 3157 1499 δέ
3187 1446 3469 1515 συναλγεῖν
3497 1448 3600 1518 χρὴ
3631 1448 3792 1500 κολα-

2218 1531 2484 1600 ζομένοις,
2506 1530 2685 1601 πολλῷ
2709 1531 2908 1602 μᾶλλον
2923 1531 3252 1602 τιμωμένοις
3285 1531 3357 1601 μὴ
3390 1531 3622 1599 φθονεῖν.
3639 1531 3795 1584 Οὕτω

2217 1614 2347 1682 γοῦν
2380 1616 2428 1666 οἱ
2463 1614 2588 1686 περὶ
2626 1615 2772 1685 Κορέ
2821 1616 2913 1667 καὶ
2941 1614 3121 1666 Δαθάν
3172 1614 3470 1679 ἀπώλοντο,
3508 1614 3633 1677 τοὺς
3694 1614 3795 1684 μὲν

2217 1697 2612 1768 φθονουμένους
2643 1698 3058 1770 λαμπροτέρους
3095 1698 3439 1767 ποιήσαντες,
3485 1698 3709 1759 ἑαυτοὺς
3736 1698 3795 1750 δὲ

2214 1783 2434 1836 κολάσει
2461 1781 2811 1853 παραδόντες.
2848 1782 3046 1852 Θηρίον
3062 1783 3170 1850 γάρ
3198 1783 3344 1834 ἐστιν
3375 1780 3576 1834 ἰοϐόλον
3600 1783 3628 1834 6
3660 1781 3792 1849 φθό-

2213 1884 2326 1930 νος,
2358 1866 2543 1938 θηρίον
2563 1865 2893 1938 ἀκάθαρτον,
2927 1867 3020 1918 καὶ
3051 1865 3219 1918 κακία
3247 1865 3639 1937 προαιρέσεως,
3663 1881 3796 1931 συγ-

2214 1950 2444 2022 γνώμην
2480 1950 2581 2002 ούκ
2629 1949 2848 2018 ἔχουσα,
2889 1949 3123 2018 πονηρία
3159 1949 3453 2017 ἀπολογίας
3487 1949 3796 2018 ἀπεστερη-

2219 2034 2376 2104 μένη,
2409 2033 2626 2087 πάντων
2645 2032 2795 2086 αἰτία
2826 2033 2920 2085 καὶ
2951 2035 3134 2103 μήτηρ
3153 2032 3258 2086 τῶν
3279 2031 3483 2088 κακῶν.
3513 2032 3602 2084 Διὸ
3625 2033 3795 2103 πρόρ-

2217 2117 2366 2189 ριζον
2398 2116 2567 2188 αὐτὴν
2594 2116 2892 2186 ἀνέλωμεν,
2918 2118 3005 2170 ἶνα
3033 2117 3126 2169 καὶ
3148 2116 3258 2170 τῶν
3287 2117 3570 2185 παρόντων
3604 2116 3795 2170 κακῶν

2215 2199 2642 2271 ἀπαλλαγῶμεν,
2688 2203 2784 2254 καὶ
2815 2202 2923 2254 τῶν
2961 2200 3260 2269 μελλόντων
3289 2199 3630 2270 ἐπιτύχωμεν
3656 2199 3795 2267 ἀγα⁸

2216 2284 2347 2347 θῶν,
2381 2285 2564 2355 χάριτι
2595 2285 2687 2338 καὶ
2718 2283 3096 2355 φιλανθρωπία
3137 2282 3231 2335 τοῦ
3259 2283 3461 2354 Κυρίου
3498 2283 3654 2352 ήμῶν
3691 2283 3790 2352 Ἰη-

2211 2367 2304 2422 σοῦ
2338 2365 2600 2439 Χριστοῦ,
2635 2367 2702 2420 δι’
2725 2361 2785 2420 οὗ
2817 2368 2910 2420 καὶ
2938 2358 3132 2436 μεθόὗ
3158 2365 3234 2437 τῷ
3264 2367 3488 2436 Πατρὶή
3513 2365 3654 2430 δόξα,
3676 2365 3794 2436 ἃμα

2206 2453 2282 2524 τῷ
2304 2453 2443 2523 ἁγίῳ
2478 2451 2779 2521 Πνεύματι,
2815 2450 2910 2503 νῦν
2950 2451 3044 2504 καὶ
3069 2451 3177 2517 ἀεὶ,
3209 2452 3303 2504 καὶ
3330 2447 3408 2514 είς
3438 2452 3562 2512 τοὺς
3589 2449 3790 2513 αἰῶνας

2202 2535 2311 2590 τῶν
2342 2539 2575 2590 αἰώνων.
2605 2537 2662 2588 ’Δ
2672 2537 2798 2606 μήν.

2265 2637 2293 2666 ³
2320 2635 2491 2685 Morel.
2513 2634 2774 2698 κερδαίνῃς.
2834 2632 2862 2672 b
2886 2632 2971 2683 Sic
2993 2641 3267 2683 correctum
3289 2645 3317 2682 e
3340 2631 3486 2682 Savil.
3512 2632 3792 2695 Legebamr

2202 2699 2378 2754 αὐτοῖς.
2413 2698 2548 2747 Enn.

1875 2815 2310 2932 [amomum
2337 2855 2483 2932 Ng'.
2606 2925 2716 2932 __
2842 2924 2854 2932 _
3099 2921 3126 2932 _
3278 2924 3289 2932 _
3392 2925 3406 2932 _
3586 2815 3589 2817 ’
3675 2815 3696 2932 _‘

513 2942 626 3001 Kal
665 2942 948 3012 παράγων
989 2942 1023 2994 ό
1079 2936 1312 3012 Ἰησοῦς
1338 2931 1499 2989 εἶδεν
1531 2935 1847 3012 ἄνθρωπον
1875 2929 2111 3012 τυφλὸν

583 2999 652 3068 ἐκ
683 2999 954 3084 γε’νετῆς.
1006 3007 1116 3064 Καὶ
1141 2999 1476 3084 ’ἠρώτηοςαν
1500 2999 1719 3084 piat—69'
1751 3006 1805 3056 οἱ
1848 2999 2110 3084 μαίζηταί

586 3068 794 3162 αὐὲοῡ.
817 3068 1120 3162 λέγοντες·
1150 3068 1419 3162 ς’ξαϐὅί,
1452 3079 1546 3162 τίς
1577 3068 1870 3162 ἥμαρτεξέ
1896 3068 2108 3162 οὗτος,

584 3157 626 3224 ἢ
666 3157 722 3207 οι
758 3146 956 3223 γονεῖς
985 3147 1197 3212 αὐτοῦ,
1231 3149 1333 3201 ἵνα
1356 3147 1588 3216 τυφλὸς
1608 3146 1908 3214 raw-1301'};
1945 3161 1963 3194 ι

585 3245 655 3294 α’.
696 3239 806 3293 Καὶ
856 3234 1138 3304 παράγων
1199 3235 1232 3286 ὀ
1299 3230 1538 3299 Ἰησοῦς
1589 3225 1750 3283 εἶδεν
1797 3227 2112 3295 ἄνθρωπον

513 3321 747 3392 τυφλὸν
765 3321 836 3374 ἐκ
855 3317 1124 3390 γενετῆς.
1147 3316 1360 3388 Σφόδρα
1380 3312 1761 3385 φιλάνθρωπος
1781 3311 1877 3373 ὣν,
1897 3311 2111 3380 καὶτῆς

510 3405 792 3478 ἡμετέρας
818 3401 1090 3473 σωτηρίας
1107 3399 1425 3470 κηδόμενος,
1445 3395 1670 3451 καὶτῶν
1687 3394 2019 3466 ἀγνωμόνων
2040 3392 2110 3478 τὰ

518 3477 766 3560 στόματα
800 3484 1077 3557 ἐμφράξαι
1115 3483 1306 3548 θέλων,
1339 3481 1494 3535 οὐδὲν
1526 3479 1636 3534 τῶν
1661 3483 1740 3543 εἰς
1765 3480 1927 3560 αὐτὸν
1947 3477 2110 3548 ήκόν-

511 3557 632 3628 των.
652 3568 1086 3642 παραλιμπάνει,
1129 3566 1231 3621 κᾶν
1269 3565 1457 3636 μηδεὶς
1482 3565 1511 3618 6
1539 3563 1824 3634 προσέχων
1937 3560 2110 3614 Τοῦτο

512 3655 646 3725 γοῦν
671 3655 766 3708 καὶ
787 3654 815 3704 6
846 3651 1138 3722 Προφήτης
1162 3647 1318 3710 εἰδὼς
1341 3647 1744 3716 ἔλεγενοὌπως
1773 3645 1851 3698 ἂν
1881 3643 2111 3697 δικαιω-

514 3739 628 3808 θῇς
662 3739 732 3792 ἐν
776 3736 899 3802 τοῖς
936 3738 1140 3804 λόγοις
1179 3750 1319 3793 σου,
1357 3731 1458 3786 καὶ
1496 3726 1955 3798 νικήσῃςὲντῷ
1983 3728 2111 3796 κρί-

519 3823 739 3878 νεσθαι
767 3837 860 3875 σε.
891 3820 988 3872 Διά
1007 3819 1072 3890 δὴ
1096 3816 1261 3871 τοῦτο
1282 3817 1378 3870 καὶ
1405 3814 1658 3879 ἐνταῦθα,
1697 3812 1884 3883 ἐπειδὴ
1910 3811 1969 3865 τὸ
2002 3811 2111 3865 τῶν

515 3908 693 3976 λόγων
723 3905 927 3974 ὑψηλὸν
971 3903 1072 3955 οὐκ
1121 3899 1394 3966 ἐδέξαντο,
1441 3899 1577 3952 ἀλλά
1619 3900 1716 3950 καὶ
1769 3894 2111 3966 δαιμονῶντα

517 3991 810 4054 ἐκάλεσαν,
840 3987 938 4041 καὶ
970 3985 1178 4040 ἀνελεῖν
1234 3984 1576 4055 ἐπεχείρουν,
1627 3980 1858 4047 ἐξελθὼν
1903 3981 1968 4035 ἐκ
2012 3978 2109 4033 τοῦ

517 4073 689 4146 ίεροῦ,
726 4069 1019 4142 θεραπεύει
1066 4068 1285 4136 τυφλὸν.
1318 4071 1384 4139 τῇ
1430 4084 1491 4120 τε
1539 4065 1779 4136 ἀπουσίᾳ,
1817 4065 1911 4118 τὸν
1939 4064 2111 4135 θυμὸν

515 4156 1033 4229 παραμυθούμενος,
1077 4153 1174 4206 καὶ
1208 4152 1297 4205 διά
1331 4153 1430 4220 τῆς
1458 4149 1722 4223 ἐργασίας
1755 4148 1850 4202 τοῦ
1879 4147 2109 4219 σημείου

513 4243 578 4295 τὸ
612 4239 848 4310 σκληρὸν
883 4236 1061 4290 αὐτῶν
1095 4236 1192 4288 καὶ
1241 4232 1450 4302 ἀπηνὲς
1489 4232 1957 4304 καταμαλάσσων,
2012 4234 2109 4286 καὶ

513 4325 583 4378 τὰ
613 4324 880 4395 εἰρημένα
910 4318 1272 4388 πιστούμενος
1293 4333 1308 4348 °
1341 4316 1438 4371 καὶ
1467 4318 1613 4370 ποιεῖ
1647 4319 1875 4386 σημεῖον
1898 4355 1913 4380 ,
1954 4315 2014 4368 οὐ
2047 4314 2109 4369 τὸ

515 4409 721 4478 τυχὸν,
766 4405 903 4459 ἀλλά
955 4403 1076 4456 τότε
1123 4401 1340 4474 πρῶτον
1372 4399 1608 4470 συμϐάν.
1658 4399 1791 4452 Ἀπὸ
1843 4399 1945 4470 γὰρ
2000 4398 2107 4458 τοῦ

515 4491 763 4555 αἰῶνος,
818 4487 1014 4557 φησὶν,
1049 4487 1161 4540 οὐκ
1233 4485 1540 4551 ἠκούσθη,
1599 4482 1687 4536 ὅτι
1749 4482 1957 4552 ἤνοιξέ
2016 4498 2105 4548 τις

524 4572 872 4648 ὀφθαλμοὺς
904 4567 1140 4639 τυφλοῦ
1163 4565 1840 4637 γεγεννημένοωτυφλοῦ
1866 4566 1966 4634 μέν
1998 4564 2109 4635 γὰρ

519 4659 652 4720 ῐσως
684 4656 864 4728 ήνοιξέ
895 4671 1006 4717 τις⁹
1043 4651 1442 4721 γεγεννημένου
1489 4650 1545 4702 δὲ
1569 4691 1584 4716 ,
1615 4650 1715 4728 ούκ
1749 4649 1846 4704 ἐτι.
1883 4649 1994 4701 Καὶ
2025 4648 2108 4701 ὄτι

517 4725 751 4802 ἐξελθὼν
782 4737 847 4788 ἐκ
890 4735 982 4788 τοῦ
1019 4733 1199 4804 ἱεροῦ,
1245 4733 1336 4784 ἐπὶ
1361 4732 1422 4783 τὸ
1454 4731 1614 4800 ἔργον
1642 4725 1804 4799 ἦλθεν
1832 4729 2105 4799 ἐπίτηδες,

514 4823 678 4894 δῆλον
707 4821 918 4873 ἐκεῖθεν
943 4834 956 4848 ·
992 4818 1153 4882 αὐτὸς
1183 4817 1292 4886 γάρ
1325 4812 1434 4868 είδε
1460 4815 1551 4867 τὸν
1589 4812 1806 4894 τυφλὸν,
1835 4813 1932 4894 οὐχ
1954 4812 2108 4894 610-

518 4893 653 4972 φλὸς
676 4901 825 4971 αὐτῷ
846 4898 1122 4971 προσῆλθε
1138 4912 1152 4924 ·
1177 4897 1272 4949 καὶ
1293 4895 1436 4947 οὓτω
1466 4893 1771 4955 σπουδαίως
1790 4893 2103 4962 ἀνέϐλεψεν,

516 4987 593 5051 ώς
623 4987 719 5039 καὶ
751 4988 861 5050 τοῖς
895 4983 1164 5054 μαθηταῖς
1188 4979 1441 5048 αῐσθησιν
1475 4980 1794 5048 παρασχεῖν.
1832 4975 1964 5028 Ἀπὸ
1989 4975 2110 5028 τού-

516 5087 613 5123 του
639 5069 773 5138 γοῦν
814 5069 908 5121 καί¹
939 5067 1031 5118 ἐπὶ
1062 5064 1161 5134 τὴν
1207 5061 1478 5134 ἐρώτησιν
1511 5057 1694 5129 ἦλθον.
1715 5060 1977 5130 ὐρῶντες
1998 5058 2108 5129 γάρ

517 5151 684 5205 αὑτὸν
723 5150 1029 5210 σπουδαίως
1062 5146 1420 5216 προσέχοντα,
1440 5144 1800 5197 ἐπυνθάνοντο
1825 5144 2102 5209 λέγοντες·

524 5236 618 5300 Τίς
659 5233 946 5304 ἥμαρτεν,
975 5226 1153 5295 οὗτος
1172 5269 1187 5292 ,
1213 5229 1252 5297 ἢ
1289 5232 1340 5284 οὶ
1371 5228 1568 5299 γονεῖς
1597 5227 1820 5289 αὐτοῦ;
1879 5226 2108 5296 Ἐσφαλ-

523 5319 659 5390 μένη
688 5323 722 5388 ή
748 5316 1034 5388 ἐρώτησις.
1053 5314 1176 5377 Πῶς
1197 5313 1306 5383 γὰρ
1335 5313 1402 5366 ἃν
1429 5313 1667 5383 ἥμαρτε,
1698 5314 1827 5382 πρὶν
1855 5313 1886 5383 ἢ
1915 5329 2109 5382 γεννη-

520 5401 675 5471 θῆναι
695 5418 709 5466 ;
729 5399 846 5462 πῶς
867 5399 944 5462 δὲ,
965 5397 1072 5450 τῶν
1090 5397 1296 5465 γονέων
1318 5396 1693 5467 ἁμαρτόντων,
1715 5395 1875 5458 αὐτὸς
1899 5395 1965 5450 ἂν
1986 5398 2108 5450 ἐκο-

519 5485 691 5555 λάσθη
714 5500 729 5549 ;
753 5483 921 5536 Πόθεν
942 5477 1033 5535 οὖν
1055 5477 1216 5549 ἦλθον
1233 5481 1323 5532 ἐπὶ
1342 5480 1438 5550 τήν
1460 5480 1727 5550 ἐρώτησιν
1744 5480 1946 5551 ταύτην
1964 5499 1977 5542 ς
1994 5483 2111 5551 Πρὸ

517 5568 709 5620 τούτου
740 5568 831 5618 τὸν
862 5563 1308 5636 παραλελυμένον
1342 5563 1700 5649 θεραπεύωνζ
1711 5562 1895 5632 ἔλεγεν
1916 5580 1930 5594 ⁸
1967 5565 2108 5618 Ἰδοὺ

519 5649 697 5717 ὑγιὴς
731 5649 1012 5718 γέγοναςο
1040 5648 1255 5716 μηκέτι
1280 5641 1600 5715 ἁμάρτανε.
1629 5641 1785 5701 Οὗτοι
1811 5651 1990 5702 τοίνυν
2025 5650 2109 5702 ἐν·

519 5734 815 5801 νοήσαντες
845 5774 858 5792 ,
898 5734 980 5784 ὃτι
1015 5733 1220 5794 ἐκεῖνος
1257 5730 1324 5782 δι’
1363 5731 1638 5800 ἁμαρτίας
1668 5731 1945 5802 παρελύθη
1967 5771 1981 5792 ,
2015 5731 2106 5784 λέ-

519 5830 708 5882 γουσιν
729 5833 740 5844 ·
770 5816 982 5877 Ἔστω,
1015 5817 1220 5876 ἐκεῖνος
1268 5813 1335 5864 δι’
1366 5815 1738 5882 ἁμαρτήματα
1782 5813 2060 5882 παρελύθη
2091 5831 2103 5842 ·

515 5895 653 5962 ’περὶ
671 5895 860 5947 τούτου
893 5895 951 5946 δέ
977 5895 1030 5947 τί
1061 5907 1087 5934 α
1115 5895 1182 5948 ἂν
1214 5895 1425 5960 είποις;
1458 5889 1612 5958 οὗτος
1634 5896 1879 5965 ἥμαρτεν
1906 5913 1920 5962 ;
1965 5895 2108 5948 Ἀλλ’

586 5974 614 6004 ⁸
634 5974 734 6024 Alii
755 5977 862 6041 περὶ
895 5975 1064 6024 τούτου
1082 5976 1146 6024 τί.

2211 2929 2313 2980 οὐκ
2378 2921 2525 2978 ἐστιν
2571 2925 2787 2977 εἰπεῖν’
2839 2924 2904 2977 ἐκ
2940 2921 3168 2993 γενετῆς
3226 2924 3334 2994 γάρ
3388 2925 3505 2977 ἐστι
3567 2924 3792 2991 τυφλός,

2224 3007 2366 3061 Ἀλλ’
2409 3007 2460 3058 οἱ
2486 3007 2666 3073 γονεῖς
2711 3003 2916 3066 αὐτοῦ;
2970 3002 3112 3056 Ἀλλ’
3145 3003 3265 3056 ούδέ
3309 3003 3482 3057 τοῦτο.
3515 3003 3649 3067 Παῖς
3680 3003 3792 3074 γὰρ

2212 3086 2352 3157 ὑπὲρ
2395 3080 2604 3154 πατρὸς
2647 3082 2709 3135 οὐ
2750 3082 2936 3136 δίδωσι
2989 3081 3163 3153 δίκην.
3207 3083 3416 3152 Ὥσπερ
3456 3077 3549 3136 οὖν
3581 3083 3791 3136 παιδίον

2211 3163 2550 3234 κακούμενον
2580 3161 2814 3232 ὁρῶντες
2844 3161 3076 3230 λέγομεν
3101 3177 3116 3193 ⁸
3163 3162 3228 3215 Τί
3269 3161 3336 3216 ἀν
3371 3179 3457 3225 τις
3483 3162 3626 3216 εῖποι
3659 3163 3792 3233 περὶ

2211 3245 2440 3309 τούτους
2465 3241 2517 3294 τί
2547 3241 2773 3313 ἐποίησε
2796 3241 2858 3295 τὸ
2885 3240 3096 3294 παιδίον
3122 3256 3139 3304 ;
3168 3241 3268 3293 οὐκ
3287 3239 3626 3310 ἐρωτῶντες,
3655 3239 3793 3294 ἀλλὰ

2211 3321 2602 3394 διαποροῦντες
2623 3335 2637 3348 ’
2667 3318 2811 3374 οὕτω
2840 3319 2904 3390 δή
2931 3319 3029 3374 καὶ
3059 3318 3111 3371 οἱ
3157 3318 3395 3389 μαθηταὶ
3429 3318 3491 3371 οὐ
3534 3318 3792 3372 τοσοῦτον

2212 3393 2526 3476 ἐρωτῶντες
2562 3400 2721 3454 τοῦτο
2741 3400 2956 3476 νέλεγον,
2995 3399 3111 3452 ἀλλ’
3148 3398 3499 3470 ἀποροῦντες.
3530 3399 3595 3451 Τί
3628 3393 3720 3453 οὖν
3758 3400 3794 3453 6

2211 3475 2480 3556 Χριστὸς;
2511 3480 2659 3535 Οὔτε
2688 3475 2865 3545 οὗτος
2893 3479 3174 3548 ἥμαρτεν,
3207 3479 3343 3533 οὔτε
3373 3481 3425 3532 οἰ
3463 3477 3653 3547 γονεῖς
3685 3477 3796 3556 αὔ-

2211 3555 2341 3618 τοῦ.
2364 3560 2536 3614 Τοῦτο
2568 3559 2624 3613 δὲ
2647 3558 2744 3629 οὐχ
2767 3558 3182 3630 ἁμαρτημάτων
3211 3557 3565 3613 ἀπαλλάττων
3593 3555 3795 3622 αὐτούς

2213 3659 2378 3712 φησιν
2411 3640 2489 3708 (οὗ
2515 3639 2624 3710 γάρ
2654 3638 2840 3700 ἁπλῶς
2869 3635 3020 3690 εἶπεν
3041 3677 3054 3698 ,
3102 3638 3250 3690 Οὔτε
3293 3633 3472 3701 οὗτος
3507 3636 3790 3706 ἥμαρτεν,

2211 3723 2350 3777 οὔτε
2378 3723 2432 3774 οἰ
2458 3719 2653 3790 γονεῖς
2677 3715 2864 3771 αὐτοῦ
2881 3735 2892 3747 ·
2922 3719 3038 3771 ἀλλ’
3060 3719 3339 3787 ἐπήγαγεν
3364 3733 3377 3748 ·
3409 3717 3533 3771 Ἵνα
3561 3718 3795 3785 τυφλὸς

2211 3798 2474 3870 γεννηθῇ
2499 3800 2528 3840 b
2555 3800 2610 3865 ),
2655 3796 2771 3850 ἀλλ’
2821 3797 2908 3850 ἵνα
2959 3797 3188 3869 δοξασθῇ
3236 3800 3266 3850 6
3317 3797 3441 3860 Υίὸς
3490 3797 3584 3850 τοῦ
3630 3798 3788 3852 Θεοῦ.

2215 3880 2470 3950 Ἥμαρτε
2510 3877 2608 3947 μὲν
2649 3873 2760 3945 γὰρ
2808 3877 2904 3927 καὶ
2951 3871 3106 3942 οὗτος
3129 3919 3144 3941 ,
3185 3877 3279 3929 καὶ
3307 3879 3353 3928 οί
3380 3878 3556 3937 γονεῖς
3583 3876 3744 3930 αὐτοῦ
3771 3895 3790 3908 ο

2211 3958 2327 4011 ἀλλ’
2356 3959 2456 4010 οὐκ
2485 3953 2734 4009 ἐντεῦθεν
2759 3992 2774 4017 ,
2815 3954 3000 4023 φησὶν,
3035 3958 3068 4026 ή
3099 3961 3364 4027 πήρωσις.

2285 4041 2471 4094 Ταῦτα
2493 4041 2549 4094 δὲ
2577 4040 2784 4107 ἔλεγεν,
2807 4038 2869 4090 οὐ
2896 4041 3055 4092 τοῦτο
3083 4039 3378 4109 ἐμφαίνων,
3403 4039 3482 4092 ὅτι
3511 4031 3661 4104 οὗτος
3691 4039 3795 4110 μὲν

2211 4125 2309 4196 οὐχ
2342 4122 2516 4186 οὕτως
2539 4165 2554 4191 ,
2596 4122 2747 4198 [327]
2789 4123 2938 4178 ἄλλοι
2966 4124 3023 4177 δέ
3048 4141 3191 4186 τινες
3225 4125 3289 4175 ἐκ
3318 4123 3524 4175 τούτων
3551 4122 3796 4191 ἐτυφλώ-

2210 4207 2384 4276 θησαν
2430 4206 2540 4261 τῶν
2578 4210 2800 4274 αίτιῶν,
2857 4208 2946 4262 διά
2984 4209 3083 4270 τὰς
3111 4207 3220 4259 τῶν
3249 4205 3449 4275 γονέων
3494 4207 3792 4278 ἁμαρτίας.

2210 4291 2348 4344 Οὐδὲ
2380 4292 2490 4362 γὰρ
2515 4290 2613 4353 ἐνι,
2653 4293 3059 4365 ἁμαρτάνοντος
3083 4291 3291 4360 ἐτέρου,
3322 4290 3641 4354 κολάζεσθαι
3669 4291 3794 4343 ἐτε-

2211 4391 2323 4444 ρον.
2368 4376 2519 4428 Ἐπεὶ
2545 4377 2594 4429 εί
2629 4376 2786 4429 τοῦτο
2807 4376 3048 4446 δώσομεν
3073 4417 3088 4441 ,
3127 4376 3348 4428 κάκεῖνο
3387 4373 3662 4445 δώσομεν.
3705 4375 3795 4428 ὃτι

2210 4457 2316 4529 πρὸ
2343 4459 2608 4527 γενέσεως
2629 4459 2894 4531 ἥμαρτεν.
2925 4460 3133 4528 ’Ὠσπερ
3175 4453 3266 4511 οὖν
3297 4456 3465 4510 εἰπὼν
3483 4496 3498 4518 ,
3526 4457 3607 4512 ὅτι
3641 4457 3796 4511 Οὔτε

2209 4535 2389 4606 οὗτος
2421 4542 2704 4610 ἥμαρτεν,
2743 4543 2804 4596 οὐ
2836 4541 2991 4596 τοῦτο
3023 4541 3192 4609 λέγει,
3232 4542 3314 4595 ὅτι
3353 4541 3432 4594 ἔνι
3463 4544 3526 4594 ἐκ
3564 4544 3796 4610 γενετῆς

2211 4624 2478 4694 ἁμαρτεῖν
2512 4624 2608 4677 καὶ
2663 4625 2991 4693 κολασθῆναι
3019 4641 3032 4654 ·
3084 4624 3257 4686 οὕτως
3294 4623 3499 4682 εἰπὼν,
3549 4625 3699 4677 Οὔτε
3732 4628 3795 4678 οι

2210 4705 2406 4774 γονεῖς
2434 4707 2642 4772 αὐτοῦ,
2670 4709 2732 4760 οὐ
2759 4708 2919 4761 τοῦτο
2950 4704 3122 4770 εἶπεν,
3151 4709 3232 4762 ὅτι
3259 4707 3337 4760 ἐνι
3364 4707 3452 4760 διὰ
3477 4708 3672 4774 γονέας
3696 4725 3795 4760 κο-

2209 4789 2493 4859 λασθῆναι,
2525 4790 2630 4844 Καὶ
2651 4791 2760 4861 γὰρ
2788 4791 2878 4844 διά
2919 4790 3022 4845 τοῦ·
3051 4790 3311 4861 Ἰεςεκιήλ
3337 4791 3541 4861 ταύτην
3575 4794 3798 4861 ἀναιρεῖ

2210 4875 2309 4944 τήν
2357 4874 2614 4928 ὑπόνοιαν
2637 4893 2650 4907 ·
2686 4873 2779 4928 Ζῶ
2805 4873 2920 4944 ἐγὼ
2939 4915 2956 4941 ,
2985 4873 3147 4945 ,λέγει
3179 4875 3426 4943 Κύριος,
3455 4877 3509 4929 εἰ
3539 4875 3712 4930 ἐσται
3749 4877 3795 4945 ἢ

2210 4957 2521 5026 παραϐολὴ
2555 4958 2704 5026 αὕτη
2739 4959 2778 5025 ἠ
2809 4957 3102 5027 λεγομένη
3126 4974 3138 4987 ’
3176 4961 3240 5011 Οἱ
3285 4957 3535 5026 πατέρες
3564 4961 3798 5027 ἔφαγον

2211 5039 2470 5108 ὄμφακα,
2503 5040 2603 5093 καί
2632 5044 2686 5095 οἱ
2710 5041 2954 5106 ὀδόντες
2979 5040 3102 5094 τῶν
3126 5041 3350 5094 τέκνων
3378 5041 3794 5109 ὠμοδίασανο.

2211 5123 2320 5174 Καὶ
2347 5125 2376 5174 6
2405 5123 2645 5194 Μωϋσῆς
2675 5125 2732 5177 δέ
2775 5143 2938 5194 φησιν
2965 5141 2979 5154 ·
3020 5126 3142 5177 Οὐκ
3179 5123 3560 5178 ἀποθανεῖται
3593 5125 3797 5191 πατὴρ

2209 5203 2362 5273 ὑπὲρ
2389 5205 2624 5260 τέκνου.
2675 5209 2785 5261 Καὶ
2828 5208 2957 5279 περί
2990 5224 3133 5270 τινος
3169 5206 3432 5276 βασιλέως
3471 5207 3634 5275 φησὶν
3658 5247 3672 5268 ,
3707 5207 3796 5262 ὅτι

2210 5288 2299 5341 διὰ
2330 5288 2488 5342 τοῦτο
2524 5288 2684 5343 τοῦτο
2712 5293 2809 5344 οὐκ
2830 5291 3071 5360 ἐποίησε,
3092 5290 3371 5359 φυλάττων
3398 5289 3489 5342 τὸν
3510 5291 3794 5356 Μωῦσέως

2211 5372 2391 5440 νόμον.
2425 5373 2486 5424 EE
2517 5372 2575 5426 δὲ
2609 5373 2758 5442 λέγει
2783 5393 2865 5438 τις
2888 5417 2900 5441 ,
2939 5375 3064 5436 Πῶς
3098 5370 3192 5427 οὖν
3219 5371 3452 5444 εἴρηται,
3496 5372 3550 5424 Ὀ
3577 5372 3791 5426 ἀποδι-

2211 5456 2354 5522 δοὺς
2383 5457 2672 5528 ἁμαρτίας
2711 5459 2932 5528 γονέων
2957 5458 3056 5511 ἐπὶ
3097 5458 3280 5511 τέκνα
3307 5457 3406 5510 ἐπὶ
3444 5457 3652 5524 τρίτην
3687 5457 3791 5511 και

2213 5541 2498 5608 τετάρτην
2526 5543 2779 5612 γενεάν;
2809 5545 2983 5595 ἐκεῖνο
3019 5541 3083 5595 ἂν
3115 5541 3382 5610 εἴποιμεν,
3419 5542 3500 5595 ὅτι
3539 5543 3642 5594 οὐκ
3669 5541 3793 5594 ἐστι

2212 5624 2470 5693 καθολικὴ
2502 5627 2534 5696 ή
2581 5626 2854 5694 ἀπόφασις
2876 5668 2891 5690 ,
2927 5626 3044 5680 ἀλλ’
3082 5627 3175 5680 ἐπί
3221 5643 3384 5679 τινων
3420 5624 3636 5696 εἴρηται
3681 5625 3796 5680 τῶν

2211 5705 2269 5770 ἐξ
2297 5706 2572 5773 Αἰγύπτου
2595 5707 2938 5770 ἐξελθόντων.
2977 5713 3040 5763 Ὅ
3073 5711 3129 5762 δὲ
3153 5710 3317 5777 λέγει,
3349 5709 3588 5763 τοιοῦτόν
3609 5709 3791 5761 ἐστιν’

2222 5788 2437 5856 Ἐπειδὴ
2463 5791 2512 5839 οἱ
2538 5789 2596 5853 ἐξ
2620 5789 2895 5856 Αἰγύπτου
2942 5791 3250 5856 ἐξελθόντες
3270 5831 3283 5852 ,
3319 5792 3457 5861 μετά
3490 5790 3558 5843 τὰ
3575 5793 3796 5860 ’σημεῖα

2271 5872 2301 5909 b
2343 5870 2504 5937 Verba
2537 5872 2628 5937 ἵνα
2663 5874 2834 5937 τυφλὸς
2888 5878 3082 5937 γεννηθῇ
3128 5887 3364 5936 nusquam
3415 5874 3799 5937 in_Evangelio

2207 5935 2569 6003 ζῗρθηηιιιιινκ
2610 5935 2631 5962 °
2659 5933 2741 5985 Sic
2787 5933 2938 5986 Savil.
2983 5933 3083 5986 Alii
3121 5933 3627 6001 ᾑμωδίασανςλιοῐει.
3660 5933 3802 5994 ὦμο-

2209 5992 2388 6052 δέεσαν,
2423 5991 2677 6044 mendose.

2763 6083 2834 6122 ‘\
