4084 6360
289 384 395 440 505

291 514 409 554 sum
438 496 689 550 amittunt
712 513 725 550 :
748 496 826 551 sic
851 504 906 551 et
930 493 1103 550 anima
1132 493 1313 549 multis
1332 492 1614 549 atl‘ectibus
1639 491 1877 555 detenta,

292 593 359 646 ad
385 594 639 644 virtutem
667 588 723 643 lit
754 589 897 643 velut
923 598 1153 643 mortua.
1176 587 1440 656 Quidquid
1471 586 1569 656 ipsi
1595 583 1875 652 obtuleris,

293 683 425 739 nihil
452 684 653 748 sentit;
686 682 782 738 sed
809 683 922 737 sive
965 682 1306 752 supplicium,
1347 682 1460 736 sive
1499 679 1712 751 quidvis
1733 678 1875 734 aliud

292 777 658 843 commineris,
683 778 799 832 sine
825 789 983 831 sensu
1008 785 1206 831 manet.

361 869 415 923 5.
445 868 634 923 Contra
649 868 845 922 invidos
865 886 884 932 ;
907 868 1109 922 invidus
1127 878 1181 921 ut
1204 868 1360 921 alium
1379 867 1575 935 perdat,
1595 868 1704 937 ipse
1722 866 1871 935 perit.

291 991 362 1005 -—
381 962 738 1029 Quamobrem
764 1003 778 1026 ,
826 963 1051 1016 obsecro
1073 1003 1088 1028 ,
1127 961 1299 1016 donec
1323 974 1471 1031 spem
1495 960 1682 1015 salutis
1712 959 1875 1015 habe-

294 1070 430 1118 mus,
453 1053 625 1108 donec
645 1053 881 1109 converti
906 1067 1208 1123 possumus,
1238 1053 1416 1108 omnia
1445 1052 1715 1107 faciamus.
1738 1051 1871 1106 Nam

290 1147 378 1216 qui
404 1160 565 1211 sensu
585 1157 787 1211 carent,
812 1156 1079 1216 tamquam
1096 1145 1481 1215 gubernatores
1503 1143 1867 1213 desperantes,

290 1251 478 1291 navem
509 1237 681 1290 ventis
707 1238 1069 1302 committunt,
1097 1235 1227 1289 nihil
1266 1250 1332 1289 ex
1360 1249 1419 1289 se
1446 1234 1764 1298 afferentes;
1794 1234 1873 1288 sic

287 1343 345 1381 se
369 1327 603 1396 denique
627 1328 712 1383 isti
739 1336 952 1398 gerunt.
982 1327 1197 1383 invidus
1240 1326 1342 1380 hoc
1367 1341 1530 1380 unum
1560 1334 1783 1395 spectat,
1814 1334 1873 1379 ut

284 1421 635 1490 cupiditatem
674 1433 826 1474 suam
859 1420 1081 1490 impleat
1120 1438 1136 1474 :
1166 1420 1266 1475 etsi
1303 1418 1621 1487 supplicium
1643 1426 1698 1471 et
1723 1430 1869 1469 mor-

286 1520 391 1566 tem
416 1512 488 1567 sit
525 1513 817 1579 subiturus,
848 1512 1097 1566 morbum
1132 1510 1297 1565 animi
1323 1519 1474 1564 curat
1498 1510 1668 1565 solum
1692 1524 1706 1573 ;
1735 1516 1797 1563 ut
1817 1518 1871 1563 et

285 1603 584 1672 impudicus
624 1614 680 1658 et
734 1619 944 1658 avarus.
985 1602 1041 1659 Si
1096 1618 1226 1659 vero
1264 1612 1407 1657 tanta
1445 1602 1516 1656 sit
1557 1601 1866 1655 morborum

284 1696 446 1750 animi
475 1697 733 1768 tyrannis,
768 1696 936 1751 multo
959 1694 1133 1766 major
1161 1696 1372 1750 virtutis
1402 1695 1482 1749 vis
1524 1706 1643 1748 esse
1685 1692 1862 1747 debet.

284 1786 340 1842 Si
387 1796 607 1857 propter
659 1786 748 1841 illa
789 1796 1018 1843 mortem
1071 1786 1395 1859 despicimus
1420 1827 1435 1854 ,
1476 1793 1695 1855 propter
1732 1785 1869 1839 hanc

283 1881 450 1934 multo
478 1880 646 1949 magis
678 1880 1054 1949 despiciamus.
1083 1878 1141 1935 Si
1177 1893 1328 1934 suam
1358 1877 1433 1931 illi
1458 1877 1689 1930 animam
1715 1890 1869 1946 sper-

282 1983 435 2040 nunt,
460 1973 628 2027 multo
662 1974 830 2043 magis
860 1973 1012 2028 nobis
1039 1987 1135 2043 pro
1159 1972 1332 2027 salute
1362 1970 1539 2027 omnia
1563 1968 1867 2039 spernenda

281 2072 425 2118 sunt.
459 2065 588 2131 Quae
614 2065 757 2119 enim
786 2064 940 2119 nobis
964 2065 1070 2119 erit
1093 2062 1386 2127 excusatio.
1431 2064 1475 2117 si
1512 2075 1633 2115 cum
1677 2061 1751 2115 illi
1777 2061 1866 2130 qui

280 2166 526 2224 pereunt,
557 2164 754 2209 tantam
786 2155 1039 2225 perniciei
1066 2168 1179 2210 sua:
1204 2154 1333 2209 dant
1357 2168 1599 2225 operam,
1625 2166 1731 2208 non
1770 2166 1863 2221 pa-

280 2262 393 2303 rem
437 2262 538 2303 nos
575 2263 675 2318 pro
714 2248 887 2303 salute
920 2257 1100 2302 nostra
1125 2247 1494 2310 exhibeamus,
1526 2245 1621 2301 sed
1650 2259 1865 2315 semper

277 2340 477 2403 invidia
530 2341 906 2395 tabescamus?
946 2340 1091 2395 Nihil
1146 2340 1291 2396 enim
1330 2340 1526 2395 invidia
1575 2338 1762 2409 pejus;
1807 2345 1865 2392 ut

276 2435 440 2487 alium
471 2433 658 2503 perdat
683 2434 914 2500 invidus,
945 2434 1060 2503 ipse
1099 2434 1255 2503 perit.
1283 2432 1448 2488 Invidi
1468 2432 1652 2487 oculus
1676 2431 1865 2486 dolore

276 2526 518 2592 tabescit,
552 2526 606 2580 in
634 2536 805 2582 morte
834 2527 963 2581 vivit
1005 2536 1263 2597 perpetua
1286 2569 1299 2592 ,
1338 2543 1528 2582 omnes
1570 2526 1863 2581 arbitratur

273 2617 376 2672 sibi
406 2617 671 2685 inimicos,
698 2618 791 2689 qui
811 2618 971 2674 etiam
996 2618 1127 2672 nihil
1159 2633 1219 2674 se
1245 2619 1515 2673 laeserunt.
1545 2618 1696 2674 Dolet
1719 2618 1863 2690 quod

274 2709 417 2765 Deus
457 2710 773 2777 honoretur,
803 2712 1001 2782 gaudet
1027 2712 1094 2767 de
1123 2712 1316 2778 quibus
1358 2712 1567 2767 laatatur
1597 2711 1862 2767 diabolus.

273 2802 368 2858 Ille
389 2802 684 2859 honoratur
714 2803 784 2859 ab
813 2805 1159 2860 hominibus?
1183 2804 1289 2861 Sed
1320 2821 1425 2859 non
1448 2814 1532 2859 est
1552 2804 1639 2860 hic
1670 2804 1862 2870 honor,

272 2910 341 2952 ne
385 2896 644 2953 invideas.
679 2896 785 2955 Sed
821 2913 850 2952 a
890 2897 1001 2952 Deo
1037 2897 1370 2953 honoratur?
1412 2897 1625 2954 imitare
1667 2897 1841 2952 illum.

1346 377 1412 434 IN
1446 374 1763 434 ,ΙΟΑΝΝΕΜ
1828 371 2055 429 llOMlL.
2089 370 2223 430 LVI.
2262 371 2332 430 al:
2375 371 2486 432 LV.

3466 382 3576 438 306

1984 487 2088 545 Sed
2119 504 2227 546 non
2255 490 2375 547 vis?
2402 488 2513 546 Cur
2538 506 2671 563 ergo
2696 493 2925 563 teipsum
2973 494 3190 564 perdis?
3217 510 3315 552 cur
3355 499 3570 569 projicis

1985 582 2039 637 id
2060 582 2203 652 quod
2233 582 2436 638 habes?
2460 582 2577 639 Non
2606 594 2759 655 potes
2784 586 2862 640 illi
2901 602 2997 655 par
3023 603 3146 643 esse
3167 629 3182 653 ,
3213 605 3387 658 neque
3410 591 3569 647 virtu-

1985 681 2089 728 tem
2117 673 2370 745 assequi?
2388 689 2484 729 cur
2502 675 2756 730 malitiam
2776 677 3158 746 amplecteris?
3183 680 3467 748 Oporteret
3492 683 3567 736 illi

1980 767 2257 837 gratulari,
2282 776 2340 821 ut
2366 766 2409 822 si
2436 782 2543 821 non
2564 768 2737 837 possis
2766 768 3004 824 laborum
3026 784 3253 825 consors
3281 785 3421 836 esse,
3459 772 3568 827 sal-

1981 868 2089 915 tem
2110 873 2175 914 ex
2200 858 2656 929 eongratulatione
2694 860 2934 917 lucreris.
2983 862 3137 932 Smpe
3181 879 3412 935 namque
3442 881 3569 935 pro-

1979 951 2210 1022 positum
2250 950 2449 1006 sufﬁcit
2479 952 2546 1006 ad
2590 967 2841 1022 magnum
2888 956 3245 1024 przcstandum
3282 971 3437 1025 opus.
3475 958 3595 1012 Ait.

1977 1042 2174 1112 quippe
2197 1040 2443 1098 Ezechiel
2478 1042 2645 1113 (Cap.
2671 1044 2760 1101 55.
2788 1045 2854 1102 15
2882 1045 2922 1113 ),
2946 1045 3068 1101 ideo
3088 1046 3345 1102 Moabitas
3364 1048 3562 1118 puniri,

1975 1135 2119 1205 quod
2190 1133 2259 1190 de
2304 1134 2662 1190 lsraelilarum
2734 1137 2887 1191 malis
2950 1138 3271 1208 gauderent:
3324 1141 3597 1211 aliosque

1975 1226 2201 1281 salutem
2231 1227 2507 1296 consequi,
2532 1228 2671 1296 quod
2699 1226 2768 1283 de
2806 1228 3034 1283 aliorum
3062 1230 3215 1285 malis
3241 1232 3561 1301 ingemisce-

1975 1328 2114 1373 rent.
2143 1318 2295 1386 Quod
2320 1318 2364 1373 si
2392 1318 2591 1388 aliquid
2614 1319 2738 1375 boni
2766 1330 2822 1376 et
2845 1322 3022 1376 solatii
3050 1323 3119 1376 sit
3144 1323 3209 1377 iis
3228 1325 3317 1394 qui
3344 1336 3585 1395 gemunt

1972 1410 2043 1466 de
2064 1410 2291 1466 aliorum
2322 1411 2496 1478 malis,
2516 1413 2684 1467 multo
2712 1414 2882 1484 magis
2908 1414 2974 1469 iis
2994 1415 3083 1484 qui
3115 1414 3182 1470 de
3203 1415 3428 1470 aliorum
3460 1417 3558 1471 ho-

1974 1503 2192 1559 noribus
2216 1505 2466 1573 gaudent.
2494 1504 2754 1560 lloabitas
2782 1505 3061 1561 incusabat
3085 1506 3227 1577 quod
3252 1507 3318 1561 de
3344 1506 3559 1563 Israeli-

1973 1603 2145 1650 tarum
2173 1595 2326 1650 malis
2351 1596 2649 1667 gauderent
2681 1615 2694 1651 :
2728 1598 2874 1669 atqui
2904 1598 3044 1654 Deus
3072 1600 3365 1671 castigabat
3405 1601 3558 1659 illos:

1971 1690 2065 1745 sed
2090 1705 2194 1745 non
2223 1691 2334 1745 vult
2357 1705 2455 1746 nos
2481 1691 2715 1762 gaudere
2750 1692 2819 1747 de
2847 1694 3122 1762 suppliciis
3149 1694 3217 1749 ab
3262 1710 3321 1749 se
3349 1695 3512 1749 illatis
3545 1714 3556 1748 :

1970 1799 2145 1854 neque
2168 1785 2311 1839 enim
2355 1785 2565 1839 1111101111
2606 1785 2732 1839 dum
2763 1786 3062 1841 ulciscitur.
3105 1786 3257 1855 Quod
3286 1786 3330 1842 si
3358 1786 3555 1842 condo-

1969 1875 2186 1930 lendum
2212 1885 2293 1929 est
2311 1876 2656 1945 patientibus.
2685 1876 2855 1931 multo
2883 1879 3054 1948 magis
3081 1888 3296 1947 oportet
3329 1878 3560 1933 110110111-

1975 1968 2042 2023 tis
2065 1980 2169 2022 non
2200 1968 2461 2023 invidere.
2491 1968 2578 2024 Sic
2602 1969 2873 2038 perierunt
2911 1969 3051 2025 Core
3102 1978 3157 2024 et
3194 1970 3419 2034 Dathan,
3468 1972 3560 2039 qui
3631 2002 3642 2015 ο

1970 2074 2083 2125 eos,
2111 2060 2305 2130 quibus
2330 2060 2656 2129 invidebant,
2678 2060 3065 2131 splendidiores
3083 2062 3454 2136 reddiderunt,
3472 2077 3560 2119 se-

1970 2169 2133 2225 seque
2160 2156 2346 2210 ultioni
2378 2155 2731 2210 tradiderunt.
2776 2155 2911 2210 Fcra
2942 2155 3138 2226 quippe
3175 2165 3260 2210 est
3290 2170 3557 2212 venenosa

1969 2250 2188 2319 invidia,
2218 2249 2328 2305 fera
2351 2250 2593 2319 impura;
2617 2250 2821 2304 malitia
2853 2250 3166 2315 voluntaria,
3198 2265 3319 2319 qua:
3347 2251 3557 2305 veniam
3594 2293 3620 2298 μ

1971 2358 2077 2398 11011
2106 2352 2392 2405 mereatur,
2426 2342 2661 2412 nequitia
2687 2357 2804 2412 quae
2830 2342 3047 2398 defendi
3092 2343 3294 2411 nequit,
3318 2343 3556 2397 omnium

1970 2432 2233 2488 malorum
2255 2447 2413 2487 causa
2441 2439 2503 2487 et
2520 2440 2710 2487 mater.
2742 2431 2868 2487 Ideo
2906 2432 3053 2486 illam
3076 2432 3341 2489 radicitus
3354 2432 3564 2489 evella~

1969 2526 2161 2592 lamus,
2185 2534 2243 2580 ut
2269 2532 2324 2580 et
2346 2540 2374 2577 a
2404 2525 2757 2595 przcsentibus
2782 2525 2937 2580 malis
2958 2525 3269 2590 liberemur,
3297 2538 3350 2583 et
3378 2526 3567 2581 futura

1967 2630 2361 2688 consequamur
2381 2616 2543 2684 bona,
2575 2618 2743 2687 gratia
2770 2624 2827 2672 et
2857 2616 3185 2687 benignitate
3226 2619 3431 2673 Domini
3460 2636 3556 2673 no-

1970 2710 2065 2766 stri
2091 2709 2464 2777 JesuChristi,
2495 2725 2592 2779 per
2614 2725 2777 2780 quem
2803 2719 2858 2765 et
2892 2725 3016 2766 cum
3043 2727 3151 2782 quo
3191 2711 3332 2767 Patri
3363 2712 3553 2783 gloria,
3580 2768 3587 2773 ,

1970 2804 2236 2873 simulque
2260 2801 2482 2874 Spiritui
2503 2811 2714 2870 sancto,
2743 2817 2885 2859 nunc
2908 2813 2964 2859 et
3002 2817 3239 2874 semper,
3269 2812 3325 2862 et
3349 2806 3404 2860 in
3454 2821 3556 2860 010-

1970 2894 2091 2950 eula
2116 2893 2457 2950 saculorutn.
2488 2893 2680 2948 Amen.

1670 3100 2012 3163 HOMILIA
2044 3097 2204 3159 LVI.

270 3248 400 3304 8111».
446 3250 500 3306 9.
542 3265 597 3303 ν.
628 3252 679 3305 1.
711 3249 778 3305 Et
806 3250 1101 3322 praeteriens
1130 3248 1282 3305 Iesus
1310 3250 1433 3305 sidit
1466 3249 1719 3321 hominem
1759 3261 1859 3300 ca:-

340 3358 456 3395 cum
483 3358 516 3394 a
545 3341 803 3396 nativitate
830 3358 849 3393 :
867 3342 921 3395 2.
952 3353 999 3395 et
1024 3342 1457 3410 interrogaverunt
1484 3356 1595 3394 eum
1619 3338 1857 3408 discipuli

340 3435 482 3502 ejus,
512 3434 733 3488 dicentes
758 3451 777 3488 :
804 3434 966 3488 Rabbi
983 3474 997 3499 ,
1019 3435 1131 3504 quis
1153 3435 1392 3502 peccavit,
1411 3432 1513 3497 hic,
1538 3447 1607 3485 ait
1628 3439 1858 3501 parentes

339 3526 478 3592 ejus,
513 3534 567 3577 ut
592 3540 753 3579 caecus
779 3526 1107 3578 nasceretur?

345 3616 396 3671 l.
433 3615 497 3668 Et
528 3618 817 3685 praeteriens
843 3617 996 3671 Jesus
1020 3618 1141 3670 vidit
1166 3616 1421 3671 hominem
1444 3632 1634 3670 caecum
1669 3630 1700 3668 a
1725 3614 1860 3668 nati-

267 3710 441 3763 vitate.
503 3709 780 3764 Humanus
827 3724 948 3763 cum
996 3712 1099 3773 sit,
1142 3720 1196 3763 et
1235 3719 1429 3763 nostra:
1468 3708 1656 3763 salutis
1704 3705 1871 3776 cupi--

266 3800 392 3863 dus,
444 3809 504 3854 ut
551 3801 916 3869 improborum
968 3816 1063 3855 ora
1111 3801 1432 3867 obstruerct,
1481 3800 1613 3855 nihil
1663 3799 1860 3853 omittit

268 3908 459 3947 eorum
486 3909 605 3963 quae
642 3893 898 3948 adhibere
927 3909 1022 3962 par
1046 3904 1182 3961 erat,
1225 3894 1326 3949 etsi
1355 3908 1513 3948 nemo
1536 3894 1587 3948 ei
1611 3891 1856 3948 attende-

268 3992 374 4039 rct.
407 3983 519 4037 Hoc
557 3984 744 4038 videns
775 3984 1033 4053 propheta
1077 3986 1287 4039 diccbat
1327 4004 1341 4039 :
1391 3985 1458 4039 Ut
1480 3985 1780 4055 jasti/iceris
1804 3983 1859 4037 in

268 4076 585 4132 srrmom'bus
613 4078 733 4142 tuis,
766 4088 811 4130 et
840 4079 1012 4132 vincas
1037 4095 1151 4130 cum
1172 4077 1427 4148 judicaris
1457 4077 1629 4151 (Psal.
1661 4078 1750 4134 50.
1776 4078 1853 4151 6).

271 4168 398 4221 ideo
425 4182 601 4234 nunc,
634 4169 753 4238 quia
795 4168 1083 4223 verborum
1127 4169 1505 4225 sublimitatem
1536 4185 1642 4224 non
1682 4173 1859 4239 capie-

269 4260 421 4326 bant,
454 4262 547 4315 sed
575 4262 732 4315 etiam
762 4262 1154 4317 dminoniacum
1196 4263 1344 4316 illum
1376 4262 1656 4329 vocabant,
1699 4272 1860 4332 atque

271 4354 577 4408 interﬁcere
604 4354 910 4421 tentabant,
939 4370 970 4410 e
1010 4356 1210 4423 templo
1234 4370 1501 4425 egressus,
1536 4372 1737 4411 caecum
1769 4372 1858 4411 sa-

273 4456 385 4513 11111,
420 4455 480 4501 ut
518 4457 571 4501 et
611 4448 852 4503 absentia
880 4463 975 4502 sua
1014 4448 1227 4502 illorum
1256 4448 1489 4503 furorem
1518 4449 1764 4512 sedaret,
1806 4458 1862 4504 et

271 4540 426 4608 signo
451 4538 593 4593 iacto
619 4539 871 4594 duritiem
898 4541 1107 4595 illorum
1137 4540 1625 4610 immanitatemque
1652 4542 1859 4595 emolli-

272 4641 390 4695 ret,
420 4646 485 4685 ac
514 4630 672 4686 iidem
700 4632 855 4687 dictis
884 4634 1227 4698 conciliaret;
1267 4634 1582 4705 signumque
1617 4635 1727 4689 edit
1752 4650 1857 4689 non

272 4723 526 4792 vulgare,
554 4724 649 4777 sed
674 4724 817 4793 quod
850 4734 976 4779 tunc
1008 4726 1235 4794 primum
1269 4728 1442 4779 visum
1474 4726 1661 4781 fuerat.
1694 4728 1735 4779 Α
1763 4742 1859 4781 δω-

272 4815 414 4880 culo,
437 4814 627 4884 inquit,
647 4830 751 4868 non
769 4825 843 4869 est
857 4817 1107 4883 auditum,
1131 4816 1266 4885 quod
1287 4820 1538 4887 aperuerit
1557 4819 1669 4884 quis
1685 4819 1859 4873 oculos

268 4908 392 4961 eieci
420 4909 527 4961 nati
554 4906 741 4979 (Joan.
775 4909 828 4965 9.
855 4909 984 4981 52).
1028 4909 1164 4964 Caeci
1195 4910 1335 4964 enim
1364 4910 1546 4965 oculos
1571 4910 1709 4965 forte
1737 4914 1855 4980 quis

270 5001 576 5067 aperuerit;
608 5002 737 5055 01001
765 5001 874 5055 nati
906 5043 922 5069 ,
962 5014 1066 5056 non
1101 5002 1249 5056 item.
1276 5002 1355 5056 Ac
1382 5002 1523 5071 quod
1553 5017 1800 5072 egressus
1827 5018 1859 5057 e

267 5093 472 5162 templo
513 5093 579 5148 ad
609 5094 713 5149 hoc
740 5094 864 5149 data
893 5110 1059 5165 opera
1088 5096 1294 5150 venerit
1318 5137 1332 5162 ,
1369 5096 1491 5150 inde
1521 5096 1695 5165 palam
1734 5105 1817 5150 est
1839 5138 1853 5161 ,

267 5185 413 5254 quod
441 5187 556 5256 ipse
586 5203 788 5242 caecum
817 5188 1043 5254 viderit,
1071 5202 1249 5244 caecus
1278 5203 1406 5242 vero
1432 5188 1498 5241 ad
1532 5190 1703 5257 ipsum
1748 5204 1855 5243 non

266 5278 501 5331 venerit.
544 5278 611 5331 Et
650 5288 757 5332 tam
801 5279 1085 5350 diligenter
1132 5279 1279 5333 illum
1322 5280 1542 5334 intuitus
1568 5290 1688 5345 est,
1719 5288 1776 5334 ut
1805 5281 1855 5336 id

265 5368 517 5440 discipuli
562 5372 942 5438 adverterent,
986 5382 1040 5428 et
1078 5373 1145 5429 ad
1173 5374 1605 5444 interrOgandum
1634 5374 1856 5430 induce-

261 5469 476 5514 rentur.
505 5460 763 5518 Videntes
788 5465 931 5519 enim
960 5479 1085 5520 eum
1116 5464 1355 5519 studiose
1393 5465 1812 5533 conspicientem
1836 5507 1854 5533 ,

261 5552 739 5622 interrogaverunt
768 5571 890 5611 eum
923 5574 938 5612 :
969 5556 1094 5622 Quis
1118 5557 1359 5625 peccavit,
1382 5557 1483 5622 hic,
1514 5566 1602 5609 aut
1624 5566 1856 5624 parentes

259 5643 377 5715 ejus
399 5644 426 5698 ?
450 5645 608 5702 Falso
634 5648 757 5703 nixa
784 5649 1151 5719 interrogatio.
1177 5648 1456 5717 Quomodo
1475 5651 1615 5705 enim
1640 5665 1857 5719 peccas-

260 5748 351 5792 set
372 5746 657 5809 antequam
686 5743 1318 5813 nasceretur'iquomodo
1341 5743 1411 5798 ob
1435 5752 1710 5813 parentum
1736 5759 1855 5813 110οα

262 5842 445 5889 catum
489 5834 574 5890 hic
616 5836 831 5907 punitus
874 5837 1056 5895 esset?
1102 5836 1382 5906 Quomodo
1429 5852 1557 5909 ergo
1603 5837 1671 5894 ad
1719 5834 1856 5894 hanc

1965 3249 2228 3298 venerunt
2254 3239 2765 3312 interrogationem?
2791 3239 3032 3296 Antehac
3055 3255 3177 3296 cum
3204 3242 3587 3314 paralyticum.

1960 3337 2205 3403 sanavit,
2254 3335 2390 3392 dixit
2432 3353 2447 3389 :
2491 3335 2619 3390 Ecce
2654 3352 2810 3390 sanus
2855 3336 3019 3405 factus
3061 3352 3145 3402 es;
3191 3336 3297 3390 noli
3334 3339 3582 3408 amplius

1962 3444 2171 3498 peccare
2201 3426 2397 3498 (Joan.
2430 3426 2483 3482 5.
2520 3426 2651 3496 11).
2684 3426 2939 3497 Discipuli
2980 3442 3110 3498 ergo
3149 3427 3552 3486 considerantes
3570 3468 3591 3481 ..

1962 3520 2109 3575 illum
2132 3527 2352 3589 propter
2378 3525 2652 3587 peccatum
2670 3517 2725 3571 in
2747 3518 3015 3590 paralysin
3037 3518 3306 3582 incidisse,
3328 3519 3512 3575 dicunt
3536 3539 3550 3576 :

1962 3614 2114 3680 Esto,
2157 3613 2249 3667 ille
2275 3622 2493 3682 propter
2519 3620 2737 3681 peccata
2764 3612 2815 3666 in
2857 3612 3128 3684 paralysin
3169 3612 3455 3681 inciderit;
3484 3614 3593 3670 (1ου

1962 3710 2066 3765 1100
2105 3710 2233 3780 quid
2271 3708 2503 3765 dixeris?
2533 3723 2658 3762 num
2690 3706 2777 3762 hic
2818 3707 3099 3777 peccavit?
3143 3707 3334 3763 Verum
3363 3707 3416 3763 id
3444 3709 3552 3764 dici

1962 3804 2147 3872 nequit
2181 3818 2196 3854 :
2235 3816 2357 3855 nam
2387 3815 2418 3854 a
2461 3800 2737 3854 nativitate
2781 3813 2957 3854 caecus
2993 3807 3097 3853 est.
3127 3797 3265 3853 Num
3293 3799 3431 3854 forte
3456 3815 3553 3871 pa-

1962 3902 2140 3949 rentes
2174 3891 2327 3963 ejus?
2353 3890 2538 3961 Neque
2565 3890 2665 3945 hoc
2701 3890 2805 3944 dici
2846 3898 3022 3959 potest
3058 3906 3071 3943 :
3110 3888 3250 3944 illius
3279 3891 3422 3945 enim
3454 3905 3585 3960 pro-

1962 3996 2113 4056 patre
2144 4000 2250 4039 non
2278 3983 2370 4038 dat
2395 3998 2606 4054 poenas.
2642 3981 2709 4037 Ut
2755 3996 2883 4050 ergo
2914 3996 3137 4050 puerum
3180 3981 3370 4037 morbo
3397 3981 3547 4038 labo-

1962 4087 2169 4131 rantem
2208 4075 2453 4131 videntes
2480 4074 2707 4131 dicimus
2752 4091 2765 4127 :
2810 4073 2946 4141 Quid
2978 4073 3044 4128 de
3083 4073 3186 4129 hoc
3221 4073 3506 4130 dicendum
3532 4116 3547 4143 ,

1960 4166 2089 4237 quid
2136 4167 2262 4221 fecit
2307 4166 2392 4221 hic
2440 4166 2607 4235 puer?
2650 4180 2755 4219 non
2800 4164 3059 4234 rogando,
3091 4164 3185 4220 sed
3215 4164 3547 4225 dubitando:

1960 4260 2041 4313 sic
2068 4257 2317 4327 discipuli
2348 4272 2453 4312 non
2485 4266 2592 4311 tam
2622 4256 3005 4326 interrogando
3025 4270 3182 4325 quam
3214 4255 3507 4311 dubitando
3530 4298 3549 4324 ,

1962 4350 2016 4406 id
2042 4350 2313 4406 dicebant.
2341 4349 2480 4417 Quid
2509 4362 2637 4417 ergo
2660 4347 2952 4403 Christus?
2975 4349 3029 4402 5.
3058 4346 3238 4417 Neque
3267 4348 3348 4401 hic
3373 4364 3551 4420 pecca-

1960 4443 2050 4507 vit,
2082 4458 2239 4510 neque
2267 4450 2496 4511 parentes
2524 4440 2655 4509 ejus.
2678 4438 2830 4506 Quod
2859 4454 2964 4492 non
2993 4437 3122 4493 dicit
3140 4478 3158 4502 .
3188 4448 3248 4493 ut
3272 4454 3369 4494 eos
3396 4455 3541 4509 pror-

1960 4548 2055 4587 sus
2093 4533 2328 4603 peccatis
2354 4531 2555 4587 liberos
2591 4531 2788 4585 indicet
2818 4530 2836 4601 (
2860 4545 3034 4600 neque
3061 4532 3205 4586 enim
3235 4530 3551 4601 simpliciter

1960 4624 2093 4679 dixit
2114 4666 2129 4689 ,
2175 4623 2354 4694 Neque
2392 4624 2474 4677 hic
2509 4624 2767 4694 peccavit,
2816 4639 2976 4689 neque
3005 4633 3236 4691 parentes
3264 4625 3411 4695 ejus;
3453 4625 3547 4679 sed

1961 4716 2167 4770 addidit
2208 4733 2221 4770 :
2252 4715 2323 4771 Ut
2350 4729 2524 4770 caecus
2551 4714 2899 4785 nasceretur)
2930 4714 3005 4787 (a)
3028 4757 3044 4780 ,
3073 4714 3168 4770 sed
3198 4724 3255 4771 ut
3277 4716 3549 4787 gloriﬁce-

1963 4816 2050 4860 tur
2076 4807 2241 4861 Filius
2273 4807 2387 4862 Dei.
2415 4806 2659 4861 Peccavit
2681 4822 2909 4876 namque
2938 4806 3024 4861 hic
3049 4816 3104 4861 et
3129 4817 3378 4876 parentes
3397 4807 3546 4879 ejus:

1959 4898 2052 4952 sed
2086 4914 2191 4952 non
2223 4898 2347 4953 inde
2374 4897 2587 4952 caecitas
2616 4898 2780 4952 venit.

2034 4988 2199 5043 Nemo
2237 4989 2300 5044 de
2332 4990 2549 5058 peccatis
2575 4990 2814 5056 aliorum,
2851 5007 2913 5044 ne
2951 4989 3013 5043 de
3057 5002 3323 5059 parentum
3346 4992 3574 5062 quidem.

1960 5082 2046 5135 dat
2075 5098 2250 5150 pensa.
2277 5111 2347 5121 —
2378 5082 2501 5137 11100
2528 5097 2688 5152 porro
2711 5081 2861 5147 dicit,
2895 5098 3003 5137 non
3032 5093 3089 5138 ut
3120 5084 3402 5152 indicaret,
3437 5102 3555 5143 non.

1961 5169 2102 5224 hunc
2129 5171 2374 5238 quidem,
2407 5172 2501 5226 sed
2531 5173 2667 5227 alios
2709 5172 2793 5226 his
2818 5172 2885 5227 de
2927 5174 3105 5229 causis
3137 5190 3312 5231 caecos
3339 5177 3541 5243 fuisse,

1959 5277 2152 5331 nempe
2181 5263 2250 5316 ob
2279 5273 2555 5331 parentum
2587 5263 2916 5331 iniquitatem
2946 5284 2960 5318 :
2990 5280 3164 5336 neque
3190 5266 3333 5321 enim
3374 5267 3535 5335 licet,

1958 5355 2065 5409 alio
2090 5366 2379 5425 peccante,
2408 5357 2570 5411 alium
2598 5357 2879 5426 castigare.
2906 5357 3039 5412 Nam
3068 5359 3114 5414 si
3144 5360 3246 5414 hoc
3276 5359 3536 5414 conceda-

1958 5461 2097 5512 mus,
2143 5446 2272 5501 illud
2311 5447 2471 5500 etiam
2517 5446 2875 5501 concedamus
2902 5458 3134 5518 oportet,
3178 5449 3352 5519 ipsum
3388 5459 3542 5505 ante.

1959 5552 2117 5607 quam
2146 5550 2457 5592 nasceretur
2483 5539 2806 5607 peccavisse.
2840 5538 2909 5595 Ut
2928 5554 3057 5609 ergo
3082 5554 3203 5594 cum
3231 5539 3359 5595 dicit
3383 5582 3397 5607 ,
3434 5541 3545 5596 Ne-

1957 5646 2053 5702 que
2093 5629 2174 5684 hic
2222 5632 2464 5701 peccavit,
2515 5646 2622 5686 non
2669 5630 2913 5703 intelligit
2954 5632 3023 5687 ab
3070 5641 3191 5688 ortu
3240 5634 3551 5706 quempiam

1966 5774 1988 5856 ;
2020 5785 2251 5856 (a)At_qui
2286 5785 2579 5856 hmc‘verba,
2622 5793 2853 5841 utcazctts
2894 5796 3170 5843 nasceretur
3226 5803 3465 5856 nusquam
3486 5793 3573 5843 iam

1960 5849 2221 5911 Evangelia
2242 5852 2573 5912 reperiuntur.
