4084 6360
531 364 632 421 307

533 492 756 549 peccare
777 486 826 530 et
856 474 1029 545 puniri
1058 495 1071 529 :
1100 474 1179 528 sic
1202 487 1321 526 cmn
1350 472 1500 533 dicit,
1528 471 1701 540 Neque
1727 481 1957 541 parentes
1980 486 2107 539 ejus.

532 587 638 622 non
665 567 901 623 declarat
928 566 1230 633 quempiam
1261 564 1329 617 de
1355 564 1588 633 peccatis
1621 571 1898 629 parentum
1930 575 2113 630 poenas

530 660 676 712 clare.
729 655 859 711 Nam
912 653 1208 709 Ezechielis
1255 668 1349 708 ore
1393 652 1531 707 hanc
1580 652 1717 705 tollit
1764 652 2110 719 opinionem:

544 750 663 804 Vivo
692 765 783 819 ego
806 790 821 811 ,
849 748 969 800 dicit
998 746 1242 799 Dominus
1262 788 1277 813 ,
1304 747 1350 799 si
1372 747 1466 799 erit
1489 744 1595 799 luec
1622 743 1867 814 parabola
1892 744 2064 796 dicens
2089 758 2107 795 :

532 841 714 896 Patres
758 840 1085 894 comederunt
1121 856 1269 893 uvam
1297 838 1530 891 acerbam
1552 880 1565 901 ,
1608 848 1655 890 et
1693 840 1862 890 dentes
1888 836 2114 905 ﬁliorum

530 935 894 1003 obstupuerunt
921 928 1226 1001 (Eur/1.18.
1246 930 1280 986 3
1292 939 1337 983 et
1356 928 1435 1000 2).
1457 929 1669 999 Moyses
1695 928 1822 983 item
1852 928 1925 980 ait
1950 944 1964 979 :
1990 926 2041 979 Ν
2047 943 2113 981 on

529 1024 773 1077 morietur
803 1033 946 1090 pater
971 1038 1063 1091 pro
1093 1021 1201 1089 ﬁlio
1228 1019 1404 1083 (Deut.
1431 1019 1523 1074 24.
1550 1019 1661 1087 16).
1697 1020 1759 1073 Et
1786 1019 1854 1072 de
1882 1017 2111 1087 quodam

529 1129 656 1183 rege
684 1114 829 1177 dicit,
863 1113 1003 1183 quod
1032 1121 1309 1181 propterea
1341 1111 1394 1165 id
1420 1127 1525 1165 non
1553 1111 1755 1174 fecerit,
1786 1123 2005 1164 servans
2032 1109 2111 1162 le-

529 1222 648 1275 gem
676 1206 871 1276 Moysis
893 1206 967 1276 (4.
998 1204 1124 1274 Reg.
1160 1204 1247 1259 14.
1276 1205 1355 1272 6).
1387 1202 1539 1270 Quod
1583 1203 1625 1256 si
1665 1202 1786 1271 quis
1810 1201 2065 1269 objecerit
2095 1218 2109 1253 :

528 1300 808 1367 Quomodo
845 1314 974 1368 ergo
1013 1298 1245 1351 dicitur:
1276 1296 1376 1361 Qui
1402 1296 1568 1350 reddit
1608 1308 1811 1362 peccata
1851 1305 2115 1362 parentum

527 1393 582 1445 in
628 1390 765 1458 ﬁlios
805 1407 965 1460 usque
1006 1390 1074 1443 ad
1122 1390 1322 1443 tertiam
1363 1398 1412 1440 et
1463 1396 1698 1457 quartam
1742 1386 2113 1455 generationem

528 1481 705 1549 (Deut.
737 1482 791 1538 5.
821 1482 917 1545 9)?
946 1494 1267 1551 reponemus
1291 1521 1306 1545 ,
1349 1478 1670 1534 sententiam
1713 1492 1819 1530 non
1847 1491 1967 1529 esse
1992 1475 2111 1528 uni-

528 1575 825 1638 versalem;
875 1574 971 1629 sed
1019 1574 1089 1628 de
1136 1572 1451 1643 quibusdam
1497 1570 1622 1636 dici,
1666 1570 1756 1639 qui
1785 1584 1851 1623 ex
1880 1566 2112 1636 Egypto

527 1666 804 1730 exierant;
850 1663 953 1720 hoc
982 1674 1084 1730 est,
1126 1664 1259 1731 Quia
1302 1663 1334 1716 ii
1376 1662 1464 1732 qui
1492 1677 1557 1715 ex
1584 1659 1813 1732 «Egypto
1839 1659 2107 1720 exierant,

526 1766 651 1829 post
678 1765 757 1812 tot
782 1758 930 1828 signa
951 1766 1005 1811 et
1027 1756 1262 1826 prodigia
1284 1755 1591 1825 parentibus
1618 1755 1729 1808 suis
1749 1753 1958 1823 pejores
1983 1766 2109 1805 eva-

526 1859 735 1915 scrunt,
766 1850 856 1920 qui
902 1858 1081 1905 tamen
1126 1858 1377 1919 parentes
1419 1847 1550 1901 nihil
1596 1846 1786 1899 horum
1832 1843 2107 1908 viderant,

525 1941 715 1995 eadem
746 1942 835 1996 illa
869 1942 1158 2011 patientur,
1185 1939 1373 2008 inquit,
1403 1954 1522 2008 qua:
1548 1938 1618 1991 illi
1651 1936 1792 2006 passi
1820 1945 1964 1999 sunt,
1988 1934 2110 2004 quia

526 2033 714 2088 eadem
744 2032 945 2087 scelera
994 2039 1385 2101 perpetrarunt.
1419 2030 1486 2083 Et
1520 2028 1661 2098 quod
1694 2042 1781 2081 res
1805 2027 1882 2081 sic
1913 2025 2110 2081 intelli-

526 2125 699 2194 genda
728 2125 799 2180 sit
825 2166 841 2191 ,
873 2124 1039 2194 probe
1070 2124 1265 2192 capiet,
1289 2123 1334 2177 si
1362 2123 1482 2192 quis
1510 2121 1683 2175 locum
1713 2119 1975 2188 exploret.
2001 2116 2111 2173 Cur

525 2233 656 2288 ergo
682 2232 859 2272 caicus
884 2227 1038 2271 natus
1066 2216 1190 2271 est?
1219 2215 1286 2270 Ut
1314 2214 1723 2284 manifestaretnr
1739 2252 1753 2277 ,
1786 2210 1975 2280 inquit,
2000 2210 2111 2280 glo-

524 2312 607 2364 ria
632 2309 747 2364 Dei.
767 2309 902 2364 Hinc
930 2323 1115 2364 rursus
1137 2307 1242 2361 alia
1270 2306 1509 2375 exsurgit
1526 2302 1752 2375 quaestio
1780 2319 1793 2353 :
1816 2301 1951 2355 Num
1980 2301 2106 2356 abs-

528 2416 633 2471 que
662 2401 818 2471 hujus
847 2401 1121 2471 punitione
1155 2440 1170 2463 ,
1202 2413 1306 2453 non
1338 2404 1547 2467 poterat
1588 2394 1756 2464 gloria
1803 2392 1895 2447 Dei
1940 2405 2105 2460 appa-

524 2496 689 2550 rere?
713 2493 874 2549 Certe
898 2509 1006 2548 non
1035 2492 1231 2547 dicitur
1257 2506 1362 2545 non
1391 2488 1660 2559 potuisse;
1693 2493 1899 2556 poterat
1924 2484 2064 2539 enim
2088 2500 2101 2537 :

522 2587 619 2642 sed
643 2596 702 2641 ut
738 2587 791 2641 in
820 2586 923 2641 hoc
947 2586 1106 2642 etiam
1152 2592 1447 2653 appareret.
1484 2582 1694 2651 Ergone
1714 2621 1729 2645 ,
1759 2579 1998 2649 inquies,
2027 2578 2107 2633 in-

520 2679 715 2749 iuriam
752 2689 970 2748 propter
998 2677 1091 2733 Dei
1121 2677 1344 2747 gloriam
1385 2674 1629 2744 accepit?
1654 2674 1821 2741 Quam
1843 2713 1859 2738 ,
1886 2687 2068 2741 qumso
2086 2711 2103 2737 ,

522 2770 810 2839 injuriam?
835 2771 944 2841 qui,
972 2769 1019 2825 si
1043 2784 1311 2839 nunquam
1335 2767 1483 2822 illum
1507 2768 1650 2821 nasci
1675 2764 1973 2819 voluisset?
1993 2763 2106 2835 Ego

521 2878 652 2918 vero
696 2863 856 2916 etiam
899 2876 967 2916 ex
1010 2861 1249 2916 caecitate
1290 2856 1606 2913 beneﬁcium
1636 2855 1908 2925 accepisse
1944 2854 2102 2920 dico;

521 2970 645 3010 nam
691 2953 1034 3009 interioribus
1071 2966 1285 3022 quoque
1337 2950 1468 3004 vidit
1504 2948 1697 3003 oculis.
1739 2947 1875 3016 Quid
1919 2946 2107 3018 juvant

521 3047 662 3101 oculi
707 3045 957 3101 Judatos?
1003 3044 1172 3112 Majus
1220 3042 1361 3098 enim
1407 3041 1724 3111 supplicium
1771 3039 2101 3105 habuerunt,

520 3137 662 3207 quod
692 3136 920 3191 videndo
945 3135 1072 3189 caaci
1099 3143 1296 3189 essent.
1330 3132 1467 3201 Quid
1496 3147 1625 3186 vero
1655 3129 1777 3185 huic
1803 3131 1983 3186 damni
2004 3130 2107 3185 fuit

520 3245 585 3283 ex
628 3228 910 3283 caecitate?
939 3227 1163 3296 Propter
1192 3226 1334 3280 illam
1361 3225 1533 3278 visum
1574 3223 1798 3291 accepit.
1840 3221 2020 3291 Itaque
2047 3230 2105 3275 ut

518 3323 657 3377 mala
689 3322 844 3393 hujus
868 3322 1010 3386 vita),
1041 3321 1178 3373 mala
1222 3334 1328 3373 non
1371 3326 1530 3380 sunt;
1571 3316 1651 3371 sic
1678 3318 1815 3370 bona
1845 3329 1950 3369 non
1980 3323 2104 3369 sunt

520 3415 692 3479 bona;
738 3413 831 3470 sed
863 3428 1025 3467 unum
1055 3420 1329 3481 peccatum
1364 3410 1563 3464 malum
1588 3417 1704 3474 est,
1733 3409 1945 3462 caecitas
1973 3423 2102 3462 vero

518 3520 624 3561 non
652 3506 809 3561 mala.
843 3504 943 3573 Qui
969 3514 1145 3559 autem
1168 3518 1236 3558 ex
1267 3501 1435 3556 nihilo
1465 3500 1728 3570 producit,
1758 3499 1930 3570 potuit
1951 3500 2101 3553 illum

517 3600 595 3653 sic
621 3599 941 3668 relinquere.
971 3596 1197 3664 Quidam
1224 3610 1351 3649 vero
1393 3594 1579 3648 dicunt
1618 3592 1757 3647 hanc
1786 3591 2100 3661 particulam

519 3709 627 3749 nou
678 3708 797 3749 esse
839 3692 1130 3755 causalem,
1163 3688 1255 3744 sed
1298 3704 1362 3743 ex
1406 3697 1598 3742 eventu
1629 3685 1772 3751 dici;
1807 3695 1865 3739 ut
1887 3684 2102 3754 quando

516 3787 645 3841 dicit
672 3804 685 3840 :
712 3784 779 3838 In
800 3784 1054 3855 judicium
1081 3783 1191 3835 veni
1231 3782 1286 3833 in
1325 3780 1458 3833 hunc
1487 3778 1763 3841 mundum,
1796 3786 1851 3829 ut
1880 3793 1982 3829 non
2021 3776 2099 3828 vi-

515 3880 689 3932 dentes
730 3876 947 3938 videant,
979 3883 1023 3928 et
1049 3873 1134 3944 qui
1160 3872 1350 3934 vident,
1378 3871 1496 3923 εατεὶ
1528 3871 1653 3937 ﬁant
1681 3868 1861 3937 (Joan.
1894 3868 1947 3922 9.
1980 3867 2096 3937 59).

514 3969 629 4025 Non
656 3968 798 4022 enim
822 3966 967 4021 venit
1006 3974 1063 4019 ut
1104 3966 1347 4019 videntes
1390 3962 1519 4017 caeci
1549 3962 1755 4017 fierent.
1790 3960 1859 4014 Et
1887 3975 2097 4014 rursum

513 4061 711 4115 Paulus
742 4076 758 4119 ς
801 4059 939 4113 Ναηι
967 4057 1103 4128 quod
1128 4066 1303 4110 notum
1328 4065 1402 4109 est
1438 4053 1563 4115 Dei,
1592 4056 1915 4123 manifestum
1944 4063 2015 4106 est
2045 4053 2100 4105 in

512 4156 635 4220 illis,
666 4166 723 4207 ut
751 4154 852 4208 sint
881 4152 1242 4207 inexcusabile:
1272 4150 1446 4219 (Rom.
1480 4150 1532 4204 l.
1564 4146 1676 4217 l9).
1705 4146 1818 4201 Etsi
1844 4161 1947 4201 non
1978 4146 2099 4200 ideo

512 4247 970 4308 uiauifeStaverit,
1022 4252 1080 4298 ut
1123 4242 1467 4298 excusatione
1513 4240 1868 4309 privarentur,
1915 4238 2009 4293 sed
2042 4247 2100 4292 ut

512 4341 656 4395 illam
685 4338 963 4394 haberent.
998 4335 1066 4389 Et
1095 4349 1303 4389 rursum
1332 4332 1492 4399 alibi,
1526 4330 1633 4384 Lex
1661 4339 1827 4384 autem
1855 4329 2100 4385 subintro-

511 4432 601 4498 tvit,
646 4441 700 4485 ut
741 4429 1021 4485 abundaret
1064 4425 1301 4479 delictum
1329 4422 1521 4493 (Rom.
1554 4422 1607 4477 5.
1639 4420 1709 4475 20
1734 4421 1773 4491 ).
1804 4420 1963 4491 Atqui
1990 4436 2096 4476 non

511 4526 632 4580 ideo
658 4522 997 4587 subiutravit,
1024 4519 1114 4575 sed
1147 4528 1205 4573 ut
1227 4516 1564 4571 cohiberetur
1596 4520 1893 4582 peccatum.

584 4615 639 4681 2.
685 4612 871 4668 Viden’
902 4612 1098 4680 ubique
1140 4608 1451 4663 adverbium
1486 4620 1552 4659 ex
1580 4614 1774 4659 eventu
1820 4602 1984 4673 poni?
2031 4602 2097 4657 Ut

513 4709 654 4762 enim
698 4704 1024 4759 architectus
1071 4702 1304 4771 optimus
1351 4707 1553 4769 partem
1608 4696 1800 4750 aedium
1848 4695 2091 4765 perfecit,

512 4806 718 4867 partem
758 4794 1122 4864 imperfectam
1150 4791 1397 4860 reliquit,
1428 4799 1484 4842 ut
1510 4804 1573 4844 ex
1604 4787 1818 4842 residuo
1847 4787 1982 4855 apud
2016 4787 2096 4839 in-

423 4914 429 4937 ι
512 4887 762 4945 credulos
798 4886 869 4941 de
905 4895 1017 4939 toto
1060 4898 1181 4938 sese
1208 4881 1457 4937 defendat
1486 4898 1498 4933 :
1527 4881 1597 4935 ita
1637 4889 1691 4934 et
1732 4879 1872 4933 Deus
1901 4893 2093 4947 corpus

425 4956 435 4990 ³
512 4989 751 5034 nostrum
796 4976 1126 5046 conglutinat
1180 4984 1235 5028 et
1286 4972 1508 5042 perﬁcit,
1563 4980 1832 5040 tamquam
1875 4971 2090 5024 domum

509 5070 792 5140 quamdam
820 5069 1107 5131 labantem,
1134 5080 1255 5120 cum
1284 5078 1501 5118 manum
1520 5061 1726 5116 aridam
1746 5069 1917 5127 sanat,
1943 5076 2093 5129 para-

510 5164 654 5235 lytici
675 5162 911 5216 membra
937 5160 1130 5220 firmat,
1154 5156 1372 5211 claudos
1393 5155 1566 5225 erigit,
1590 5153 1831 5223 leprosos
1851 5151 2089 5215 mundat,

508 5270 682 5327 aegros
706 5260 878 5317 sanat,
909 5264 1063 5305 crura
1089 5247 1280 5302 debilia
1308 5244 1609 5307 conﬁrmat,
1645 5252 1888 5297 mortuos
1918 5242 2090 5296 susci-

509 5360 619 5412 tat,
652 5346 863 5400 clausos
889 5342 1073 5397 oculos
1102 5339 1294 5409 aperit,
1328 5354 1433 5392 non
1466 5335 1682 5391 habenti
1710 5334 1895 5389 oculos
1918 5334 2088 5387 visum

511 5443 619 5495 dat.
650 5440 779 5507 Quae
806 5436 983 5491 omnia
1014 5432 1238 5487 inﬁrmae
1280 5441 1483 5484 natura:
1513 5428 1636 5481 vitia
1674 5426 1801 5481 dum
1832 5425 2086 5494 corrigit,

510 5539 829 5601 potestatem
868 5526 1100 5582 ostendit
1128 5539 1299 5579 suam.
1328 5524 1460 5577 Cum
1489 5521 1616 5574 dicit
1644 5528 1819 5573 autem
1839 5561 1851 5581 ,
1885 5517 1951 5573 Ut
1977 5536 2088 5570 ma-

510 5625 770 5692 nifestetur
797 5621 959 5691 gloria
1000 5617 1131 5682 Dei,
1173 5616 1241 5671 de
1280 5630 1370 5680 se,
1406 5629 1509 5666 non
1540 5612 1607 5665 de
1636 5611 1794 5665 Patre
1835 5610 2086 5679 loquitur.

510 5714 656 5768 Illius
686 5714 877 5781 quippe
904 5711 1069 5781 gloria
1101 5706 1378 5762 manifesta
1407 5717 1543 5760 erat.
1571 5704 1703 5768 Quia
1730 5702 1871 5755 enim
1899 5700 2086 5755 audie-

511 5814 649 5873 rant,
688 5804 889 5871 Deum,
924 5819 1045 5860 cum
1089 5802 1358 5859 hominem
1404 5798 1677 5863 formaret,
1721 5795 1991 5865 accepisse
2018 5796 2083 5851 li-

1272 361 1327 413 S.
1368 357 1645 414 JOANNIS
1681 355 2156 413 CHRYSOSTOMI
2186 356 2496 411 ARCHIEP.
2538 356 3070 415 CONSTANTINOP.

3700 371 3801 425 308

2220 484 2367 523 mum
2395 470 2464 525 de
2491 480 2634 525 terra
2658 489 2675 529 :
2707 471 2831 527 ideo
2856 473 2934 525 sic
2960 474 3046 527 ille
3074 474 3242 529 lutum
3287 476 3553 532 formavit.
3574 476 3628 533 Si
3658 497 3799 536 enim

2218 559 2440 615 dixisset
2466 580 2478 615 ε
2509 563 2620 632 Ego
2647 578 2763 618 sum
2800 566 2887 634 qui
2932 566 3113 636 accepi
3146 567 3414 635 pulverem
3440 568 3507 625 de
3546 582 3682 625 terra
3704 616 3719 639 ,
3749 586 3801 629 et

2214 649 2489 707 hominem
2526 656 2785 718 formavi,
2821 656 2874 711 id
2904 656 3236 713 auditoribus
3260 660 3541 717 offensioni
3580 662 3796 731 fuisset;

2218 743 2308 797 ubi
2333 759 2462 799 vero
2486 744 2539 800 id
2567 746 2683 817 ipso
2709 763 2873 818 opere
2892 750 3148 819 ostendit,
3172 767 3278 807 non
3306 769 3600 825 repugnare
3620 768 3795 827 potue-

2219 847 2365 891 runt.
2394 838 2629 909 Accepto
2654 841 2831 911 itaque
2853 844 3101 912 pulvere,
3130 861 3289 915 quem
3316 862 3438 902 cum
3466 859 3623 918 sputo
3647 867 3791 906 eom-

2218 928 2453 994 miscuit,
2480 931 2556 984 sic
2582 932 2847 986 occultam
2874 934 3100 1003 gloriam
3128 950 3277 990 suam
3306 939 3640 994 manifestam
3672 943 3788 998 red-

2217 1018 2370 1074 didit.
2416 1020 2531 1075 Non
2576 1038 2737 1091 parva
2777 1025 2920 1080 enim
2968 1026 3135 1097 gloria
3176 1037 3310 1092 erat,
3350 1031 3492 1100 quod
3537 1045 3799 1089 creatura.

2217 1111 2396 1180 opifex
2424 1123 2719 1182 putaretur.
2766 1116 2842 1171 Ex
2873 1116 2975 1172 hoc
2999 1118 3143 1173 enim
3171 1128 3365 1175 castora
3391 1122 3755 1191 sequebantur
3781 1144 3793 1179 :

2216 1216 2282 1255 ex
2326 1211 2479 1271 parte
2522 1214 2689 1259 totum
2720 1206 3056 1262 credebatur.
3088 1208 3302 1279 Majoris
3328 1227 3556 1282 namque
3582 1213 3717 1270 ﬁdes
3747 1216 3797 1269 id

2216 1293 2355 1361 quod
2382 1294 2555 1349 minus
2580 1306 2695 1350 erat
2714 1297 3083 1353 conﬁrmabat.
3110 1300 3421 1357 Creataruin
3448 1306 3590 1359 enim
3617 1323 3796 1363 rerum

2215 1384 2452 1438 omnium
2493 1388 2961 1453 praestantissimus
2994 1399 3077 1445 est
3105 1391 3299 1459 homo,
3341 1402 3397 1449 et
3436 1396 3797 1451 membrorum

2216 1476 2660 1542 pretiosissimum
2702 1489 2784 1533 est
2819 1480 3008 1536 oculus
3039 1501 3052 1536 :
3081 1482 3282 1538 idcirco
3310 1499 3417 1539 non
3447 1487 3793 1557 simpliciter.

2215 1568 2310 1623 sed
2355 1570 2446 1624 illo
2475 1570 2635 1626 modo
2664 1571 2752 1627 hic
2780 1575 2964 1629 oculos
2988 1577 3206 1631 creavit.
3252 1578 3363 1633 Etsi
3391 1581 3533 1633 enim
3572 1595 3796 1649 parvum

2215 1661 2285 1715 sit
2326 1661 2645 1726 membrum,
2688 1674 2771 1720 est
2797 1676 2970 1722 tamen
3015 1669 3244 1724 maxime
3287 1672 3644 1725 necessarium
3670 1687 3795 1729 cor—

2214 1754 2329 1823 pori
2367 1769 2382 1810 :
2410 1753 2513 1810 hoc
2540 1755 2736 1811 Paulus
2760 1758 2996 1813 declarat
3022 1777 3036 1812 :
3064 1757 3133 1812 Et
3174 1761 3220 1814 si
3259 1761 3442 1814 dixerit
3476 1763 3612 1816 auris
3631 1804 3645 1825 ,
3674 1761 3799 1816 Non

2213 1861 2327 1899 sum
2345 1848 2521 1900 oculus
2539 1889 2553 1914 ,
2585 1865 2685 1903 non
2711 1866 2822 1903 sum
2849 1851 2912 1904 de
2939 1867 3149 1921 corpore
3177 1869 3195 1906 :
3225 1870 3346 1905 nam
3369 1854 3482 1908 ideo
3507 1873 3606 1908 non
3631 1867 3703 1909 est
3732 1858 3799 1911 de

2213 1953 2421 2009 corpore
2446 1940 2520 2011 (l.
2551 1938 2669 1995 Cor.
2702 1940 2788 1995 l2.
2815 1942 2939 2012 i6)?
2964 1942 3153 1998 Omnia
3183 1944 3378 2014 quippe
3405 1961 3522 2014 quze
3557 1946 3608 2000 in
3639 1947 3794 2001 nobis

2213 2041 2358 2097 sunt,
2390 2031 2624 2086 divinam
2657 2034 2943 2102 potentiam
2972 2034 3373 2100 demonstrant;
3417 2038 3584 2091 multo
3624 2040 3795 2108 magis

2212 2125 2435 2191 oculus,
2482 2126 2569 2195 qui
2602 2136 2767 2180 totum
2793 2142 2988 2197 corpus
3014 2128 3293 2196 gubernat,
3324 2131 3413 2199 qui
3458 2131 3555 2185 toti
3581 2135 3795 2201 corpori

2211 2215 2657 2285 pulchritudinem
2687 2218 2853 2284 indit,
2890 2219 2983 2289 qui
3012 2218 3200 2275 faciem
3226 2230 3416 2286 ornat,
3456 2223 3545 2292 qui
3575 2223 3793 2278 lucerna

2210 2315 2293 2361 est
2320 2308 2555 2362 omnium
2588 2309 2973 2364 membrorum.
3006 2310 3139 2364 Nam
3171 2311 3311 2381 quod
3341 2312 3420 2366 sol
3448 2322 3529 2366 est
3551 2313 3664 2368 orbi
3689 2356 3703 2380 ,
3736 2315 3792 2369 id

2210 2397 2395 2453 oculus
2418 2408 2499 2453 est
2525 2400 2758 2469 corpori.
2785 2399 2839 2456 Si
2874 2402 3041 2456 solem
3072 2403 3396 2473 exstinguas,
3417 2404 3595 2459 omnia
3616 2406 3795 2474 perdi-

2211 2489 2355 2556 disti,
2395 2491 2572 2545 omnia
2622 2491 2845 2546 turbasti
2885 2493 2973 2546 :si
3015 2494 3324 2564 exstinguas
3365 2496 3581 2553 oculos.
3628 2496 3791 2564 pedes

2208 2588 2334 2634 sunt
2360 2581 2593 2645 inutiles,
2624 2596 2833 2645 manus,
2860 2583 2985 2637 item
3009 2583 3122 2652 ipsa
3151 2584 3348 2637 anima.
3376 2582 3619 2655 Cognitio
3646 2589 3789 2639 enim

2209 2670 2293 2727 his
2337 2672 2667 2729 labefactatis
2709 2675 2821 2731 abit
2860 2693 2871 2729 :
2915 2675 2998 2729 his
3042 2691 3271 2746 namque
3320 2676 3483 2731 Deum
3523 2680 3789 2732 novimus.

2209 2764 2492 2825 Inuisibilia
2520 2767 2652 2820 enim
2688 2768 2875 2834 ipsius,
2917 2783 2949 2819 a
2976 2777 3209 2822 creatura
3242 2768 3448 2835 mundi,
3480 2786 3568 2839 per
3593 2786 3650 2822 ea
3676 2786 3794 2833 qua:

2210 2860 2344 2927 [acta
2366 2867 2505 2926 sunt,
2532 2858 2803 2925 intellecta,
2834 2860 3212 2929 conspiciuntur
3244 2860 3417 2931 (Rom.
3446 2861 3499 2915 1.
3527 2861 3640 2931 ΞΟ).
3671 2862 3791 2915 Non

2208 2964 2336 3020 ergo
2366 2951 2576 3019 corpori
2622 2950 2796 3005 solum
2840 2950 3053 3006 lucerna
3102 2961 3187 3007 est
3230 2954 3435 3019 oculus,
3477 2952 3569 3008 sed
3595 2953 3791 3008 animae

2208 3041 2328 3115 plus
2350 3057 2510 3111 quam
2537 3044 2766 3111 corpori.
2799 3042 3136 3113 Quapropter
3169 3060 3265 3099 ceu
3296 3045 3349 3098 in
3380 3046 3527 3116 regio
3556 3047 3787 3116 quodam

2207 3135 2327 3188 loco
2355 3148 2591 3203 superne
2620 3134 2843 3198 locatur,
2873 3138 3189 3206 czeterisque
3216 3138 3592 3206 superponitur
3616 3140 3790 3194 sensi-

2207 3222 2327 3279 bus.
2352 3224 2503 3279 Hunc
2528 3225 2704 3295 itaque
2729 3224 2945 3281 format.
2982 3227 3182 3282 Deinde
3206 3243 3272 3282 ne
3296 3239 3447 3297 putes
3467 3230 3638 3299 ipsum
3669 3245 3789 3283 uua—

2207 3319 2341 3373 teria
2381 3333 2516 3387 opus
2554 3318 2804 3373 habuisse
2844 3320 2909 3373 ad
2938 3320 3222 3389 agendum,
3254 3329 3309 3375 et
3336 3320 3512 3375 discas
3542 3337 3645 3375 non
3675 3323 3791 3377 luto

2205 3425 2339 3480 opus
2366 3410 2613 3466 habuisse
2642 3412 2791 3466 initio
2817 3412 2961 3482 (nam
2987 3413 3077 3483 qui
3102 3412 3428 3469 substantias
3458 3416 3683 3484 majores
3712 3432 3782 3470 ex

2205 3504 2373 3558 nihilo
2413 3503 2678 3573 produxit,
2720 3505 2889 3560 multo
2930 3508 3097 3574 magis
3122 3506 3259 3560 hanc
3300 3507 3417 3563 sine
3443 3510 3633 3577 praevia
3665 3525 3787 3563 ma-

2206 3599 2335 3650 teria
2384 3596 2661 3665 fecisset):
2714 3606 2771 3650 ut
2812 3612 2941 3666 ergo
2979 3596 3153 3652 discas
3196 3598 3283 3651 illa
3313 3614 3420 3652 non
3462 3599 3787 3669 indiguisse,

2203 3689 2404 3744 docens
2452 3704 2511 3745 se
2556 3690 2864 3745 Creatorem
2919 3690 2971 3744 in
3015 3692 3275 3761 principio
3318 3691 3504 3760 fuisse,
3545 3695 3793 3762 apposito

2204 3781 2316 3835 luto
2357 3781 2486 3836 dicit
2540 3780 2618 3851 (υ.
2651 3780 2721 3853 7)
2753 3800 2766 3837 :
2799 3780 2968 3849 Vade,
3014 3784 3203 3849 lavare,
3236 3792 3292 3837 ut
3321 3784 3581 3854 intelligas
3606 3800 3693 3838 me
3716 3785 3790 3839 ad

2206 3874 2512 3929 formandos
2538 3875 2722 3929 oculos
2752 3874 2862 3928 luto
2888 3888 3022 3943 opus
3050 3890 3158 3928 non
3198 3874 3397 3930 habere
3418 3916 3433 3940 ,
3461 3875 3555 3931 sed
3586 3886 3642 3929 ut
3666 3892 3789 3929 ma-

2203 3968 2483 4024 nifestetur
2520 3968 2571 4022 in
2611 3969 2727 4037 ipso
2769 3967 2938 4038 gloria
2978 3982 3117 4022 mea.
3147 3967 3299 4034 Quod
3328 3967 3471 4022 enim
3512 3968 3580 4023 de
3604 3968 3789 4037 seipse

2204 4061 2448 4132 loquatur
2473 4076 2595 4116 cum
2626 4061 2773 4126 dicit,
2804 4059 2871 4115 Ut
2896 4060 3242 4128 manifestetur
3269 4060 3433 4130 gloria
3471 4060 3597 4127 Dei,
3642 4061 3791 4114 iutu-

2203 4154 2293 4218 lit,
2326 4155 2379 4208 4.
2414 4151 2501 4206 Me
2525 4162 2721 4223 oportet
2759 4156 2925 4223 facere
2969 4167 3126 4220 opera
3154 4152 3265 4221 ejus
3305 4152 3393 4219 qui
3428 4152 3565 4205 misit
3590 4167 3699 4212 me;
3732 4152 3789 4206 id

2201 4254 2318 4313 est,
2350 4244 2570 4314 Oportet
2599 4260 2687 4299 me
2714 4244 3055 4299 manifestare
3082 4245 3342 4313 meipsum
3368 4258 3384 4308 ;
3416 4252 3472 4298 et
3491 4257 3554 4297 ea
3581 4241 3785 4310 facere,

2201 4354 2320 4409 quae
2360 4338 2731 4393 demonstrare
2758 4337 2963 4405 possint
2992 4351 3078 4391 me
3105 4336 3289 4390 eadem
3330 4334 3507 4390 facere
3535 4351 3653 4405 qua:
3679 4336 3787 4389 Pa-

2203 4440 2285 4485 ter
2311 4429 2464 4495 facit;
2500 4445 2605 4482 non
2639 4428 2857 4493 similia,
2896 4428 2989 4482 sed
3014 4428 3223 4492 eadem,
3251 4426 3390 4497 quod
3423 4427 3677 4495 majorem
3703 4428 3788 4481 si—

2201 4524 2419 4593 gnificat
2463 4522 2841 4592 aequalitatem,
2886 4520 3183 4589 diciturque
3227 4520 3296 4574 de
3345 4521 3439 4585 iis,
3482 4521 3569 4590 qui
3604 4536 3670 4575 ne
3698 4523 3784 4576 vel

2202 4615 2466 4669 tantillum
2493 4613 2781 4683 inaequales
2810 4623 2953 4666 sunt.
2995 4613 3124 4679 Quis
3153 4627 3278 4681 ergo
3300 4612 3407 4680 jam
3440 4612 3785 4667 contradixe-

2200 4710 2303 4771 rit,
2334 4705 2520 4760 videns
2548 4720 2670 4760 eum
2698 4704 2887 4759 eadem
2912 4718 3071 4774 posse
3100 4718 3220 4772 quae
3248 4702 3404 4757 Pater
3430 4705 3637 4772 potest?
3663 4702 3784 4757 Non

2201 4797 2361 4851 modo
2390 4797 2531 4851 enim
2558 4796 2745 4850 oculos
2776 4794 3051 4858 formavit,
3083 4807 3182 4846 nec
3226 4792 3399 4847 solum
3425 4794 3652 4862 aperuit,
3682 4793 3783 4846 sed

2200 4901 2254 4944 et
2283 4890 2451 4942 visum
2483 4888 2701 4956 largitus
2744 4895 2844 4949 est,
2891 4884 3033 4953 quod
3058 4893 3425 4953 argumentum
3468 4884 3625 4936 etiam
3655 4894 3780 4950 est,

2200 4984 2372 5052 ipsum
2402 4980 2633 5034 animam
2658 4991 2866 5047 quoque
2892 4976 3200 5044 inspirasse.
3231 4973 3324 5028 illa
3354 4975 3493 5029 enim
3524 4990 3629 5029 non
3651 4989 3784 5043 ope-

2200 5082 2373 5136 rante,
2426 5070 2615 5124 oculus
2651 5070 2752 5123 etsi
2784 5083 2944 5122 sanus
2973 5076 3027 5122 et
3055 5068 3260 5135 integer
3286 5068 3465 5128 fuerit,
3499 5067 3625 5120 nihil
3656 5083 3782 5121 utn-

2199 5180 2359 5233 quam
2390 5161 2601 5216 viderit.
2637 5161 2816 5229 Itaque
2842 5159 3035 5213 animas
3062 5159 3221 5211 etiam
3248 5158 3609 5227 operationem
3648 5159 3662 5188 ¹
3692 5159 3779 5211 in-

2198 5255 2348 5316 didit,
2373 5260 2427 5307 et
2451 5251 2746 5306 membrum
2773 5249 2918 5304 dedit
2937 5249 3184 5303 omnibus
3205 5249 3515 5303 instructum
3543 5250 3772 5315 arteriis,

2199 5345 2397 5409 nervis,
2430 5346 2599 5406 venis,
2633 5342 2907 5411 sanguine,
2940 5340 3253 5408 cmlerisque
3280 5341 3543 5404 omnibus,
3575 5354 3637 5395 ex
3662 5343 3779 5409 qui-

2197 5438 2298 5491 bus
2338 5450 2532 5504 corpus
2559 5445 2797 5489 nostrum
2828 5434 3185 5489 constituitur.
3208 5432 3291 5486 Me
3325 5444 3520 5502 oportet
3546 5436 3750 5502 operari
3768 5466 3785 5491 .

2197 5530 2318 5582 dum
2344 5528 2449 5582 dies
2477 5538 2567 5581 est.
2593 5526 2728 5592 Quid
2758 5525 2872 5580 haic
2915 5525 3011 5579 sibi
3051 5525 3280 5578 volunt?
3308 5534 3362 5578 et
3390 5540 3544 5593 quam
3576 5524 3781 5579 habent

2196 5620 2669 5691 cotisequeutiam?
2700 5618 2937 5672 Multam.
2970 5618 3081 5671 Hoc
3117 5618 3259 5671 enim
3297 5616 3411 5669 vult
3435 5602 3779 5686 significare:

2263 5803 2278 5832 ι
2318 5798 2477 5854 litorei.
2505 5800 2643 5862 legit,
2666 5800 2972 5858 nobilitatem,
2996 5812 3101 5861 pro,
3126 5794 3463 5860 operationem.
