4084 6360
329 387 430 442 ειη

323 508 419 559 καὶ
446 505 517 557 τὰ
568 501 820 571 θαύματα
872 500 980 553 τῶν
1037 499 1352 571 προγόνων,
1394 500 1653 567 γεγόνασι
1690 499 1900 571 χείρους

322 591 429 645 τῶν
460 589 615 641 οὐδὲν
651 586 856 639 τούτων
903 585 1252 654 θεασαμένων
1272 626 1285 646 ,
1319 589 1389 636 τὰ
1419 585 1558 638 αὐτὰ
1596 582 1899 644 πείσονται,

324 670 511 742 φησὶν,
552 670 695 739 άπερ
732 668 934 721 ἔπαθον
964 663 1192 731 ὲκεῖνὸι,
1218 666 1405 737 ἐπειδὴ
1448 668 1516 720 τά
1549 667 1686 719 αὐτὰ
1720 665 1899 717 τετολ-

327 759 554 827 μήκασι.
587 753 696 807 Καὶ
726 753 805 805 ὅτι
841 751 968 822 περὶ
997 751 1218 804 ἐκείνων
1248 752 1481 821 εἴρηται,
1519 749 1597 820 τῷ
1624 749 1776 819 τόπῳ
1817 765 1899 810 τις

322 839 625 908 ἐπιστήσας
680 835 1070 906 ἀκριϐέστερον
1116 835 1340 887 εἴσεται.
1375 832 1532 895 Τίνος
1578 828 1671 886 οὖν
1717 832 1905 884 ἕνεκεν

323 921 521 991 τυφλὸς
550 919 841 990 ἐγεννήθη;
867 920 991 972 Ἵνα
1011 915 1325 987 φανερωθῇ
1356 917 1393 984 ἡ
1424 915 1573 980 δόξα
1603 915 1708 969 τοῦ
1732 912 1900 977 Θεοῦ,

325 1005 509 1076 φησίν.
558 1005 687 1057 Ἰδοὺ
712 1003 873 1057 πάλιν
906 1003 1107 1068 ἄπορον
1133 999 1260 1055 ἄλλο
1280 1042 1294 1065 ,
1322 1001 1369 1052 εί
1406 999 1572 1069 χωρὶς
1593 999 1689 1069 τῆς
1714 996 1903 1050 τούτου

327 1092 602 1153 κολάσεως
648 1089 747 1141 οὐκ
802 1087 926 1157 ἐνῆν
979 1085 1213 1155 φανῆναι
1262 1083 1355 1136 τοῦ
1389 1083 1521 1135 Θεοῦ
1576 1083 1674 1152 τὴν
1725 1080 1900 1147 δόξαν.

324 1174 575 1229 Μάλιστα
635 1172 737 1241 μὲν
786 1169 848 1222 ού
902 1168 1061 1220 τοῦτο
1123 1168 1379 1238 εἴρηται,
1439 1166 1521 1218 ὃτι
1580 1165 1679 1217 οὐκ
1733 1164 1900 1233 ἐνῆν·

324 1258 453 1327 ἐνῆν
500 1257 610 1327 γάρ
648 1273 661 1286 '
718 1253 853 1307 ἀλλὰ
907 1253 999 1304 καὶ
1044 1252 1102 1302 ἐν
1151 1248 1327 1319 τούτῳ
1374 1249 1461 1301 ἵνα
1500 1247 1809 1318 φανερωθῇ.
1839 1246 1905 1297 Τί

320 1336 453 1407 οὖν,
512 1339 711 1409 φησίν;
764 1334 995 1404 ἠδικήθη
1064 1333 1153 1386 διά
1212 1333 1311 1402 τὴν
1369 1331 1463 1383 τοῦ
1503 1330 1638 1384 Θεοῦ
1692 1330 1900 1395 δόξαν;

321 1424 489 1477 Ποίαν
526 1421 770 1485 ἀδικίαν;
808 1417 927 1469 εἰπέ
959 1431 1084 1485 μοι’
1114 1417 1163 1467 εἰ
1190 1415 1298 1483 γὰρ
1328 1415 1461 1484 μηδὲ
1496 1414 1631 1475 ὅλως
1659 1428 1907 1482 παραγα-

318 1510 436 1576 γεῖν
464 1506 628 1559 αὐτὸν
662 1501 932 1555 ἐϐούλετο.
971 1498 1111 1568 Ἐγὼ
1159 1499 1216 1551 δὲ
1263 1500 1358 1551 καὶ
1387 1496 1782 1569 εὐηργετῆσθαι
1816 1496 1907 1549 αύ-

318 1594 411 1643 τόν
439 1607 581 1660 φημι
612 1586 720 1640 ἀπὸ
750 1585 851 1654 τῆς
872 1581 1194 1653 πηρώσεως.
1223 1582 1361 1645 Τοὺς
1394 1580 1501 1652 γάρ
1530 1580 1675 1632 ἔνδον
1699 1579 1908 1632 ἀνέϐλε-

320 1676 421 1745 ψεν
450 1671 761 1742 ὀφθαλμούς
793 1682 842 1721 ι.
879 1668 945 1720 Τί
984 1666 1092 1737 γὰρ
1127 1665 1317 1735 ὄφελός
1349 1666 1465 1717 ἐστι
1491 1666 1603 1726 τοῖς
1637 1662 1908 1723 Ἰουδαίοις

319 1758 429 1810 τῶν
475 1756 779 1826 όμμάτων;
825 1749 1062 1815 Μείζονα
1098 1750 1207 1821 γάρ
1237 1749 1457 1801 κόλασιν
1501 1746 1678 1816 ἔσχον,
1721 1762 1907 1815 πηρω-

320 1841 501 1902 θέντες
533 1842 590 1891 ἐν
629 1837 706 1908 τῷ
742 1836 980 1906 βλέπειν.
1017 1835 1060 1887 Τ
1068 1835 1082 1886 ί
1128 1834 1185 1887 δὲ
1229 1832 1403 1901 τούτῳ
1452 1830 1643 1900 βλάϐος
1672 1831 1775 1882 ἀπὸ
1808 1829 1906 1899 τῆς

320 1922 655 1994 πηρώσεως;
707 1921 805 1972 Διὰ
837 1919 946 1989 γὰρ
989 1916 1191 1987 ταύτης
1233 1916 1543 1983 ἀνέϐλεψεν.
1575 1915 1783 1983 Ὥσπερ
1816 1908 1907 1964 οὖν

318 1993 558 2059 cum
578 2005 679 2056 οὐκ
706 2003 820 2055 ἐστι
840 2000 985 2053 κακά
1005 1999 1074 2053 τὰ
1094 1999 1235 2052 κατὰ
1262 1998 1352 2051 τὸν
1376 1997 1619 2068 παρόντα
1649 1995 1788 2065 βίου’
1819 1993 1908 2046 οῦ·

319 2106 425 2152 τως
452 2087 573 2142 οὑδέ
603 2087 672 2141 τὰ
692 2085 872 2154 ἀγαθά
908 2084 1088 2153 ἀγαθά
1106 2099 1118 2110 ·
1143 2081 1256 2135 ἀλλ’
1288 2080 1534 2153 ἁμαρτία
1560 2079 1691 2149 μόνη
1717 2078 1907 2141 κακὸν,

320 2175 567 2243 πήρωσις
600 2170 657 2223 δὲ
696 2170 757 2222 ού
790 2167 975 2222 κακόν.
1013 2166 1071 2219 '0
1115 2165 1174 2218 δὲ
1213 2167 1277 2217 ἐκ
1311 2164 1403 2217 τοῦ
1448 2163 1520 2236 μὴ
1553 2162 1704 2225 ὄντος
1733 2164 1813 2225 εἰς
1850 2161 1911 2214 τὸ

318 2252 457 2308 εἶναι
503 2251 840 2322 παραγαγὼν
863 2290 879 2314 ,
926 2250 1173 2314 ἐξουσίαν
1220 2244 1334 2318 εἶχε
1386 2248 1483 2300 καὶ
1524 2246 1695 2309 οὕτως
1750 2244 1911 2298 αὑτὸν

317 2341 557 2408 ἀφεῖναι.
587 2336 724 2389 Φασὶ
767 2334 825 2387 δέ
869 2350 1035 2397 τινες,
1069 2334 1154 2385 ὅτι
1194 2331 1353 2385 τοῦτο
1390 2330 1512 2384 οὐδὲ
1554 2329 1912 2396 αἰτιολογικόν

319 2423 436 2474 ἐστι
460 2421 522 2473 τὸ
545 2418 852 2489 ἐπίρρημα,
885 2416 1022 2469 ἀλλὰ
1060 2417 1159 2486 τῆς
1203 2416 1479 2478 ἐκϐάσεως
1500 2431 1514 2444 ·
1540 2409 1650 2467 οἷον
1688 2413 1762 2476 ὡς
1786 2414 1913 2466 ὅταν

318 2504 477 2574 λέγῃ,
498 2504 602 2567 Εἰς
637 2500 814 2569 κρίμα
841 2500 957 2568 ἐγὼ
974 2494 1166 2569 ἦλθον
1186 2501 1273 2563 είς
1293 2498 1400 2551 τὸν
1424 2499 1656 2566 κόσμον
1676 2495 1911 2558 τοῦτον,

320 2591 423 2642 ἵνα
451 2590 505 2642 οί
531 2586 617 2656 μὴ
641 2584 984 2650 ,βλέποντες
1010 2582 1316 2651 βλέψωσι,
1349 2584 1447 2636 καί
1487 2586 1542 2636 οὶ
1574 2582 1915 2646 βλέποντες

320 2670 539 2741 τυφλοί
568 2668 875 2737 γένωνται.
905 2666 1014 2718 Καὶ
1057 2665 1163 2735 μὴν
1206 2666 1265 2718 οὺ
1294 2665 1379 2718 διὰ
1419 2664 1577 2717 τοῦτο
1611 2660 1794 2734 ἦλθεν.
1829 2664 1915 2717 ἵνα

320 2758 373 2810 οἰ
404 2755 691 2826 βλέποντες
713 2749 906 2818 τυφλοὶ
937 2749 1222 2817 γένωνται.
1262 2751 1373 2802 Καὶ
1401 2749 1562 2802 πάλιν
1603 2751 1632 2801 6
1675 2748 1911 2811 Παῦλος·

328 2840 400 2894 Τὸ
430 2838 540 2909 γὰρ
571 2835 850 2906 γνωστὸν
879 2833 984 2887 τοῦ
1038 2832 1185 2886 Θεοῦ
1225 2836 1488 2900 φανερόν
1516 2832 1683 2885 ἐστιν
1711 2831 1781 2883 ἐν
1804 2831 1914 2884 αὺ-

323 2922 448 2987 τοῖς
477 2924 565 2986 εἰς
602 2918 670 2972 τὸ
704 2913 858 2971 εἶναι
910 2914 1133 2981 αὐτοὺς
1171 2914 1688 2983 ἀναπολογήτους.
1722 2914 1914 2966 Καίτοι

323 3004 385 3057 οὐ
415 3005 502 3056 διὰ
534 3001 692 3055 τοῦτο
718 3002 900 3063 αὐτοῖς
944 2998 1162 3064 ἔδειξεν,
1193 2999 1280 3051 ἵνα
1309 2997 1755 3069 άποστερηθῶσιν
1778 2998 1914 3050 ἀποσ

323 3088 531 3156 λογίας,
561 3086 674 3139 ἀλλ’
696 3085 782 3138 ἵνα
809 3083 1045 3153 τύχωσιν
1088 3082 1400 3151 ἀπολογίας.
1430 3083 1541 3136 Καὶ
1572 3082 1733 3134 πάλιν
1763 3082 1918 3135 ἀλλα-

324 3172 442 3243 χοῦ·
497 3172 691 3241 Νόμος
741 3168 810 3221 δὲ
851 3166 1259 3235 παρεισῆλθεν
1282 3205 1296 3229 ,
1343 3166 1444 3219 ἵνα
1492 3165 1806 3235 πλεονάσῃ
1850 3167 1917 3222 τὸ

326 3255 713 3325 παράπτωμα.
741 3254 931 3305 Καιτοι
977 3252 1036 3303 οὐ
1070 3250 1160 3303 διὰ
1188 3249 1346 3302 τοῦτο
1390 3249 1772 3322 παρεισῆλθεν,
1804 3250 1915 3304 ἀλλ’

328 3341 418 3394 ἵνα
449 3338 665 3405 κωλυθῇ
694 3338 725 3405 ἠ
760 3333 1023 3405 ἁμαρτία.

399 3423 463 3493 β’.
481 3421 634 3493 [528]
651 3421 813 3492 Ὁρᾷς
836 3416 1109 3487 πανταχοῦ
1138 3416 1198 3469 τὸ
1226 3416 1506 3489 ἐπίρρημα
1522 3416 1620 3487 τῆς
1642 3416 1918 3480 ἐκϐάσεως

323 3506 416 3572 ὃν;
444 3506 709 3574 Καθάπερ
732 3506 839 3573 γάρ
864 3521 946 3565 τις
972 3503 1250 3572 οἰκοδόμος
1270 3502 1517 3570 ἀριστος,
1537 3500 1635 3571 τῆς
1660 3500 1836 3563 οἰκίας
1858 3501 1920 3552 τὸ

330 3591 429 3661 μὲν
462 3591 776 3659 εἰργάσατο,
820 3587 881 3639 τὸ
928 3586 986 3638 δέ
1034 3586 1246 3656 ἀφῆκεν
1290 3583 1596 3646 ἀτέλεστον,
1632 3582 1773 3635 ὥστε
1808 3584 1919 3646 τοῖς

326 3672 615 3727 ἀπιποῦσι
641 3671 730 3724 διὰ
758 3668 852 3722 τοῦ
882 3668 1133 3738 λειψάνου
1164 3668 1257 3720 καὶ
1287 3668 1415 3738 περὶ
1435 3665 1529 3719 τοῦ
1561 3665 1759 3728 παντὸς
1786 3667 1919 3719 ἀπο⁸

327 3756 693 3829 λογήσασθαι·
727 3755 868 3807 οῦτω
900 3754 994 3806 καὶ
1029 3755 1056 3806 6
1088 3752 1240 3815 Θεὸς,
1293 3752 1542 3821 καθάπερ
1584 3751 1761 3804 οἰκίαν
1801 3752 1920 3805 τινὰ

332 3840 773 3911 σεσαθρωμένην,
814 3838 875 3890 τὸ
921 3836 1082 3907 σῶμα
1119 3836 1179 3888 τὸ
1217 3835 1481 3905 ἡμέτερον
1520 3834 1791 3906 συγκολλᾷ
1826 3837 1921 3888 καὶ

329 3925 653 3996 ἀναπληροῖ,
694 3924 792 3993 τήν
839 3938 898 3975 τε
949 3922 1109 3993 χεῖρα
1134 3919 1232 3990 τὴν
1268 3920 1438 3992 ξηρὰν
1483 3919 1821 3991 θεραπεύων,
1853 3920 1921 3974 τὰ

328 4008 752 4080 παραλελυμένα
788 4006 921 4075 μέλη
963 4003 1228 4072 σφίγγων,
1271 4005 1395 4065 τοὺς
1436 4004 1641 4072 χωλοὺς
1677 4003 1919 4074 διορθού-

334 4109 515 4163 μενος,
544 4091 672 4156 τοῦς
710 4089 943 4159 λεπροὺς
972 4086 1269 4157 καθαίρων,
1308 4089 1435 4149 τοὺς
1462 4086 1748 4149 νοσοῦντας
1776 4087 1921 4155 ἐγεί-

334 4195 464 4248 ρων,
515 4175 641 4237 τοὺς
685 4173 753 4249 τά
803 4172 964 4241 σκέλη
1002 4169 1431 4241 πεπηρωμένους
1473 4171 1691 4238 ἀρτίους
1731 4172 1918 4231 ποιῶν,

330 4262 458 4323 τοὺς
485 4259 712 4329 νεκροὺς
737 4256 845 4308 άπὸ
873 4255 1105 4308 θανάτου
1148 4252 1347 4319 καλῶν,
1390 4253 1700 4323 μεμυκότας
1733 4254 1924 4320 62900.).-

335 4344 469 4413 μοὺς
498 4340 802 4407 διανοίγων,
840 4340 941 4392 οὐκ
981 4338 1141 4401 ὄντας
1184 4335 1477 4399 ἐπιτιθείς·
1522 4336 1664 4406 άπερ
1710 4336 1922 4389 ἅπαντα

331 4425 434 4496 τῆς
459 4424 603 4477 κατὰ
627 4423 789 4492 φύσιν
818 4422 1104 4485 ἀσθενείας
1130 4420 1258 4474 ὄντα
1284 4420 1614 4490 πηρὼματα,
1641 4416 1758 4473 εἶτα
1789 4420 1923 4491 διορ-

334 4508 616 4578 θούμενος,
645 4506 851 4561 ἐδείκνυ
876 4504 1042 4558 αὑτοῦ
1071 4504 1169 4575 τὴν
1210 4503 1455 4573 δύναμιν.
1483 4503 1665 4557 Εἰπὼν
1689 4505 1768 4568 δὲ,
1799 4504 1924 4558 Ἵνα

334 4590 651 4663 φανερωθῇ
678 4593 718 4659 ὴ
745 4590 895 4654 δόξα
914 4589 1019 4643 τοῦ
1049 4587 1219 4653 Θεοῦ,
1246 4589 1377 4659 περὶ
1422 4587 1614 4640 ἐαυτοῦ
1649 4605 1833 4660 φησιν,
1860 4591 1920 4641 οὺ

336 4679 466 4749 περὶ
497 4676 590 4729 τοῦ
638 4674 871 4745 Πατρός.
916 4673 1152 4727 Ἐκείνου
1186 4673 1294 4743 γὰρ
1335 4674 1367 4744 ἡ
1409 4672 1534 4738 δόξα
1578 4668 1646 4741 ἦν
1694 4674 1920 4744 φανερά.

348 4757 566 4830 Ἐπειδὴ
592 4758 699 4829 γὰρ
725 4758 944 4831 ἤκουον,
966 4759 1049 4810 ὃτι
1072 4756 1163 4809 τὸν
1184 4755 1466 4827 ἄνθρωπον
1495 4758 1523 4809 6
1550 4757 1677 4818 Θεὸς
1702 4758 1922 4827 ἐποίησε

336 4843 516 4896 λαϐὼν
550 4842 679 4913 χοῦν
706 4841 813 4894 ἀπὸ
849 4842 947 4911 τῆς
975 4840 1101 4909 γῆς,
1133 4839 1219 4893 διὰ
1254 4840 1410 4892 τοῦτο
1454 4838 1594 4891 οὕτω
1628 4840 1721 4892 καὶ
1764 4840 1925 4904 αὐτὸς

338 4927 561 4979 ἐπλασε.
594 4926 666 4978 Τὸ
705 4927 802 4997 μὲν
852 4924 961 4994 γὰρ
1005 4924 1194 4987 εἰπεῖν,
1247 4924 1327 4974 ὅτι
1370 4921 1510 4990 Ἐγώ
1554 4925 1669 4992 εἰμι
1694 4924 1721 4975 ὁ
1748 4924 1924 4977 λαϐὼν

337 5008 463 5080 χοῦν
490 5009 599 5063 ἀπὸ
626 5010 724 5081 τῆς
757 5009 878 5079 γῆς,
921 5008 1015 5060 καὶ
1045 5006 1254 5068 πλάσας
1282 5005 1371 5058 τὸν
1417 5005 1723 5074 ἄνθρωπον,
1758 5008 1925 5078 πρόσ-

338 5112 497 5157 αντες
525 5094 697 5147 ἐδόκει
735 5088 873 5145 εἶναι
924 5092 1036 5152 τοῖς
1078 5088 1335 5141 ἀκούουσι
1359 5104 1371 5116 ’
1420 5090 1508 5141 διὰ
1550 5090 1605 5141 δὲ
1643 5091 1737 5143 τοῦ
1762 5092 1922 5161 ἔργου

338 5178 498 5231 τοῦτο
520 5176 886 5245 δεικνύμενον,
912 5173 1009 5225 οὐκ
1048 5172 1125 5224 ἔτι
1151 5171 1331 5223 λοιπὸν
1362 5174 1707 5241 προσίστατο.
1741 5177 1830 5226 Διὸ
1859 5176 1919 5245 δη

339 5262 436 5313 καὶ
477 5260 639 5322 αὐτὸς
680 5258 806 5328 χοῦν
846 5255 1025 5309 λαϐὼν
1050 5294 1063 5318 ,
1118 5255 1211 5308 καὶ
1257 5257 1442 5326 φύρων
1491 5259 1567 5326 τῷ
1623 5260 1919 5329 πτύσματι,

338 5342 483 5395 οὕτω
532 5341 628 5411 τὴν
689 5342 1075 5411 κεκρυμμένην
1127 5339 1292 5392 αὑτοῦ
1344 5340 1500 5406 δόξαν
1561 5342 1918 5413 ἐφανέρωσεν.

338 5428 415 5479 υύ
446 5426 616 5493 μικρὰ
636 5423 744 5493 γὰρ
771 5423 918 5488 δόξα,
953 5425 1012 5477 τὸ
1050 5423 1377 5493 δημιουργὸν
1418 5425 1578 5478 αὑτὸν
1608 5429 1922 5497 νομισθῆναι

335 5510 437 5579 τῆς
470 5509 717 5570 κτίσεως.
762 5505 894 5559 Ἀπὸ
923 5507 1029 5576 γὰρ
1070 5506 1257 5558 τούτου
1307 5509 1397 5559 καὶ
1434 5508 1501 5561 τά
1542 5508 1675 5562 ἄλλα
1717 5529 1925 5565 συνεισ-

338 5595 556 5662 ᾑρχετο,
588 5590 694 5644 ἀπὸ
738 5589 831 5642 τοῦ
884 5590 1079 5663 μέρους
1113 5591 1205 5641 καὶ
1248 5590 1307 5641 τὸ
1349 5590 1468 5643 ὅλον
1517 5594 1819 5648 ἐπιστοῦτο.
1862 5596 1925 5648 Ἦ

336 5678 448 5744 γὰρ
484 5675 611 5742 περί
650 5672 744 5725 τοῦ
790 5672 1032 5743 μείζονος
1076 5673 1257 5735 πίστις
1307 5673 1399 5725 καὶ
1443 5675 1501 5727 τὸ
1548 5676 1765 5729 ἔλαττον
1809 5678 1926 5731 ἐϐε-

337 5758 520 5813 ϐαίου.
550 5758 662 5829 Τῆς
690 5757 922 5820 κτίσεως
963 5758 1071 5829 γὰρ
1112 5758 1326 5828 ἁπάσης
1360 5759 1676 5830 τιμιὼτερον
1714 5761 1928 5835 ἄνθρω-

340 5859 464 5906 πος,
498 5842 591 5895 καὶ
630 5843 739 5895 τῶν
780 5844 838 5895 ἐν
878 5844 1011 5912 ἡμῖν
1057 5840 1229 5910 μελῶν
1282 5839 1602 5911 τιμιώτερος
1633 5844 1923 5916 ὀφθαλμός.

407 5981 445 6052 ⁸.
459 5958 743 6052 ιἐερῃόιιιξι
765 5987 937 6052 ρυιαῃῐ
955 5980 1163 6051 Saviliqs
1183 5985 1235 6052 εἰ
1258 5979 1448 6052 Βοίείυε
1474 5984 1919 6052 τοῖςτηὸφθαὶμοῖς.

343 6041 452 6095 Sed
470 6041 578 6100 τοῦς
596 6041 859 6106 ὀφθαλμούς
882 6044 932 6095 in
955 6057 1069 6095 casu
1097 6042 1240 6095 simili
1258 6044 1353 6093 dici
1376 6057 1516 6106 posse
1541 6041 1767 6100 arbilr'or.

1809 6153 1815 6157 '
1846 6153 2019 6167 ‘Ov‘V,‘,

1396 383 1460 438 IN
1502 381 1820 440 JOANNEM
1863 379 2100 439 HOMIL.
2148 379 2282 435 LVI;
2329 381 2399 435 al.
2442 380 2549 434 LV.
2635 400 2641 406 ·

3491 384 3601 440 508

2008 518 2106 570 Διὰ
2131 516 2286 570 τοῦτο
2320 518 2416 586 οὐχ
2447 511 2651 579 ἁπλῶς,
2684 516 2798 569 ἀλλ’
2826 516 3017 587 ἐκείνῳ
3060 516 3138 585 τῷ
3168 517 3354 588 τρόπῳ
3392 518 3459 571 τά
3497 520 3600 587 ὸμς

2012 619 2155 671 ματα
2182 601 2633 671 ἐδημιούργησεν.
2658 602 2722 653 Εἰ
2751 600 2860 670 γὰρ
2903 602 2997 653 καὶ
3025 601 3222 672 μικρὸν
3254 602 3332 663 τῷ
3374 602 3606 671 μεγέθει·

2008 685 2069 735 τὸ
2117 682 2296 753 μέλος,
2343 682 2457 735 ἀλλ’
2486 683 2607 735 ὅλου
2659 682 2753 735 τοῦ
2810 682 3060 754 σώματός
3109 686 3254 736 ἐστιν
3298 684 3595 751 ἀναγκαιό-

2003 782 2181 835 τερον.
2214 766 2324 818 Καὶ
2348 764 2508 818 τοῦτο
2538 764 2749 828 Παῦλος
2786 766 2961 836 δηλῶν
2990 766 3198 834 ἔλεγεν·
3236 768 3370 820 Ἐὰν
3389 768 3529 835 εἴπῃ
3555 768 3619 834 ἠ·

2005 846 2176 915 ἀκοὴ,
2210 847 2297 900 ὅτι
2337 851 2457 901 Οὐκ
2512 848 2630 918 εἰμὶ
2679 849 3004 918 ὀφθαλμὸς,
3047 852 3158 902 οὐκ
3210 850 3325 918 εἱμί
3376 851 3443 902 ἐκ
3490 851 3597 904 τοῦ

2005 930 2325 1000 σώματος;
2370 931 2430 983 οὐ
2483 931 2569 984 διὰ
2621 933 2776 984 τοῦτο
2804 933 2832 972 δ
2879 933 2980 985 ούκ
3026 932 3169 985 ἔστιν
3202 935 3267 984 ἐκ
3296 931 3387 984 τοῦ
3420 932 3601 1001 σώμα-

2005 1030 2096 1075 τος
2119 1031 2133 1078 ;
2183 1015 2368 1069 Πάντα
2395 1014 2493 1083 μὲν
2527 1014 2634 1085 γάρ
2659 1016 2812 1067 τὰνέν
2840 1016 2969 1085 ἡμῖν
3003 1018 3099 1085 τῆς
3126 1014 3218 1067 τοῦ
3241 1014 3375 1067 Θεοῦ
3408 1015 3598 1083 σοφίας

2006 1096 2153 1149 ἐστὶν
2192 1097 2493 1163 ἀπόδειξις⁸
2521 1096 2699 1168 πολλῷ
2742 1098 2799 1150 δὲ
2851 1097 3048 1168 μᾶλλον
3093 1098 3386 1168 ὀφθαλμός.
3430 1098 3599 1150 Τοῦτο

2006 1179 2136 1247 γοῦν
2184 1181 2241 1233 τὸ
2284 1183 2391 1234 πᾶν
2451 1181 2777 1252 διακυϐερνᾷ
2839 1182 3036 1252 σῶμα,
3064 1178 3065 1183 “
3094 1181 3245 1235 τοῦτο
3301 1181 3377 1251 τῷ
3435 1181 3620 1234 παντὶ.

2009 1262 2221 1334 σώματι
2273 1264 2333 1316 τὸ
2390 1264 2586 1329 κάλλος
2638 1266 2969 1336 ἐργάζεται,
3026 1264 3184 1317 τοῦτο
3249 1266 3445 1333 κοσμεῖ
3499 1262 3598 1333 τὴν

2006 1347 2128 1415 ὄψιν
2159 1389 2175 1413 ,
2237 1347 2395 1400 τοῦτο
2460 1348 2648 1418 λύχνος
2704 1349 2851 1401 ἐστὶν
2915 1349 3169 1401 ἁπάντων
3229 1346 3337 1399 τῶν
3398 1345 3594 1416 μελῶν.

2010 1431 2187 1501 Ὅπερ
2215 1430 2323 1501 γὰρ
2363 1430 2512 1500 ἥλιος
2541 1431 2682 1484 κατά
2714 1431 2812 1497 τὴν
2838 1431 3179 1500 οἰκουμένην,
3210 1429 3375 1482 τοῦτο»
3394 1426 3599 1497 ὀφθαλ-

2012 1514 2110 1582 μὸς
2154 1517 2213 1567 ἐν
2256 1514 2333 1584 τῷ
2390 1513 2622 1584 σώματι.
2665 1515 2761 1566 Ἂν
2812 1512 3011 1583 σϐέσῃς
3060 1513 3152 1566 τὸν
3195 1511 3365 1582 ἥλιον,
3420 1511 3598 1565 πάντα

2009 1595 2295 1659 ἀπώλεσας
2339 1598 2432 1649 καὶ
2481 1595 2874 1665 συνετάραξαςο
2924 1596 2990 1649 ἂν
3025 1595 3223 1667 σϐέσῃς
3246 1595 3371 1658 τοῦς
3406 1594 3599 1663 ὀφθαλ-

2013 1680 2164 1750 μοὺς,
2223 1681 2315 1734 καὶ
2370 1680 2529 1744 πόδες
2590 1682 2874 1750 ἄχρηστοι,
2915 1681 3009 1733 καὶ
3060 1682 3239 1751 χεῖρες
3277 1678 3372 1731 καὶ
3427 1678 3592 1748 ψυχή.

2010 1764 2225 1832 Οἰχεται
2271 1763 2379 1835 γὰρ
2433 1765 2467 1834 ὴ
2518 1764 2759 1833 γνῶσις,
2820 1762 3181 1833 πηρωθέντων
3223 1761 3454 1813 τούτων·
3510 1760 3605 1813 διὰ

2010 1846 2117 1917 γὰρ
2161 1845 2364 1899 τούτων
2416 1848 2509 1900 τὸν
2559 1846 2692 1899 Θεὸν
2728 1845 3066 1917 ἐγνώκαμεν.
3124 1848 3200 1899 Τὰ
3239 1843 3350 1913 γὰρ
3376 1844 3600 1912 ἀόρατα

2010 1929 2217 1993 αὐτοῦ,
2243 1928 2360 1983 ἀπὸ
2388 1931 2643 1995 κτίσεως
2671 1930 2923 1998 κόσμου,
2952 1927 3077 1994 τοῖς
3105 1928 3395 1997 ποιήμασι
3429 1927 3599 1979 νοού-

2006 2030 2162 2082 μενα
2180 2012 2518 2081 καθορᾶται.
2544 2013 2656 2066 Οὐκ
2690 2012 2797 2083 ἄρα
2811 2012 2887 2083 τῷ
2914 2011 3121 2081 σώματι
3142 2011 3332 2082 λύχνος
3357 2014 3385 2064 6
3401 2009 3601 2079 ὀφθαλ-

2016 2096 2113 2166 μὸς
2144 2096 2326 2167 μόνον,
2361 2096 2495 2150 ἀλλὰ
2535 2096 2631 2149 καὶ
2669 2096 2776 2166 πρὸ
2804 2095 2896 2148 τοῦ
2923 2094 3172 2165 σώματος
3213 2098 3280 2165 τῇ
3316 2094 3483 2164 ψυχῇ.
3515 2096 3600 2145 Δι-

2011 2181 2149 2250 όπερ
2174 2178 2363 2249 ὥσπερ
2400 2178 2457 2230 ἐν
2485 2197 2593 2231 τινι
2632 2176 2895 2248 βασιλικῷ
2918 2178 3100 2249 χωρίῳ
3120 2178 3349 2248 ἵδρυται,
3372 2177 3469 2247 τὴν
3489 2177 3623 2245 ἄνω..

2013 2261 2166 2331 λῆξιν
2200 2272 2222 2300 ο
2264 2260 2463 2332 λαχὼν,
2505 2262 2599 2315 καὶ
2627 2261 2737 2315 τῶν
2768 2261 2945 2314 ἄλλων
2989 2260 3296 2330 αίσθήσεων
3324 2258 3601 2330 προκαθή-

2018 2362 2196 2415 μενος.
2227 2345 2428 2414 Τοῦτον
2464 2341 2557 2398 οῦν
2583 2345 2919 2398 διαπλάττει.
2951 2339 3105 2408 Εἶτα,
3135 2344 3221 2397 ἵνα
3257 2343 3331 2413 μὴ
3371 2343 3620 2414 νομίσῃς.

2014 2427 2095 2479 ὅτι
2117 2426 2247 2498 ῦλης
2272 2427 2440 2479 δεῖται
2464 2428 2589 2482 ὅταν
2612 2431 2760 2499 ποιῇ,
2784 2428 2878 2480 καὶ
2901 2426 2989 2480 ἵνα
3013 2427 3188 2498 μάθῃς
3214 2426 3296 2479 ὅτι
3315 2426 3435 2478 οὐδὲ
3449 2427 3600 2495 παρὰ

2015 2509 2113 2580 τὴν
2147 2509 2321 2581 ἀρχὴν
2350 2510 2523 2582 πηλοῦ
2553 2511 2742 2582 χρείαν
2780 2507 2926 2581 εἶχεν
2965 2512 3015 2580 (6
3042 2510 3150 2580 γὰρ
3173 2510 3275 2562 οὐκ
3310 2509 3476 2571 οὔσας
3507 2509 3605 2561 ού-

2019 2594 2140 2658 σίας
2177 2596 2276 2658 τὰς
2312 2596 2528 2665 μείζους
2557 2594 2919 2665 παραγαγὼν,
2957 2593 3135 2663 πολλῷ
3169 2592 3367 2663 μᾶλλον
3398 2591 3617 2660 ταύτην,

2017 2680 2187 2749 χωρὶς
2212 2678 2344 2749 ὕλης
2382 2679 2693 2749 ἐποίησεν)·
2735 2680 2820 2730 ἵνα
2865 2674 2958 2731 οὖν
2994 2676 3170 2748 μάθῃς
3199 2677 3279 2728 ὃτι
3316 2676 3376 2727 ού
3408 2674 3603 2745 χρείας

2017 2762 2202 2814 ἕνεκεν
2227 2760 2385 2813 τοῦτο
2410 2764 2572 2826 ποιεῖ,
2601 2760 2737 2814 ἀλλά
2758 2760 3025 2813 διδάσκων
3052 2758 3243 2811 ἐαυτὸν
3278 2751 3418 2811 εἷναι
3447 2757 3607 2829 [529]

2018 2844 2350 2915 δημιουργὸν
2381 2844 2473 2897 τὸν
2504 2846 2563 2897 ἐν
2590 2844 2984 2917 ἀρχῇ,»χρίσας
3034 2843 3125 2894 τὸν
3182 2842 3349 2911 πηλόν
3393 2857 3558 2911 φησιν
3584 2856 3605 2869 ⁸»

2025 2930 2303 2992 Ἀπελθε,
2331 2929 2507 2997 νίψαι
2527 2945 2539 2958 ·
2578 2928 2665 2980 ἵνα
2694 2929 2841 2998 εἰδῇς
2865 2928 2945 2980 ὅτι
2974 2926 3035 2979 οὐ
3063 2925 3235 2996 πηλοῦ
3253 2925 3437 2995 δέομαι
3466 2925 3602 2995 πρὸς

2018 3013 2081 3066 τὸ
2102 3014 2325 3085 ποιῆσαι
2348 3012 2686 3084 ὀφθαλμοὺς,
2727 3012 2841 3065 ἀλλ’
2869 3012 2958 3065 ἵνα
2983 3010 3270 3080 φανερωθῇ
3298 3011 3356 3061 ἐν
3389 3008 3539 3079 αὐτῷ
3567 3012 3602 3079 ἡ

2018 3097 2143 3161 δόξα
2190 3098 2224 3167 ἡ
2274 3098 2403 3168 ἐμή.
2455 3097 2579 3150 Ὀτι
2613 3095 2723 3166 γὰρ
2771 3097 2900 3166 περὶ
2933 3094 3132 3146 ἐαυτοῦ
3174 3111 3356 3163 φησιν,
3401 3092 3600 3155 εἰπὼν,

2023 3181 2157 3234 Ἵνα
2172 3179 2485 3250 φανερωθῆ
2512 3182 2549 3249 ἡ
2590 3180 2740 3244 δόξα
2772 3179 2878 3233 τοῦ
2915 3178 3086 3241 Θεοῦ,
3111 3179 3391 3247 ἐπήγαγεν
3420 3193 3432 3205 ·
3471 3178 3603 3246 Ἐμὲ

2020 3263 2115 3317 δεῖ
2130 3263 2473 3333 ἐργάζεσθαι
2500 3264 2571 3317 τὰ
2608 3264 2752 3332 ἔργα
2793 3260 2900 3315 τοῦ
2933 3262 3283 3329 πέμψαντός
3312 3276 3415 3328 με·
3441 3276 3602 3313 τουτ-

2021 3348 2189 3412 ἐστιν,
2233 3348 2361 3417 Ἑμέ
2396 3346 2474 3399 δεῖ
2522 3345 2836 3416 φανερῶσαι
2868 3344 3136 3413 ἐμαυτὸν,
3168 3346 3258 3395 καί
3275 3343 3498 3411 ποιῆσαι
3534 3344 3613 3395 τά.

2021 3432 2292 3501 δυνάμενά
2328 3448 2394 3500 με
2426 3429 2594 3494 δεῖξαι
2618 3431 2689 3482 τά
2717 3429 2855 3483 αὐτὰ
2897 3427 2976 3497 τῷ
3014 3428 3187 3497 Πατρί
3234 3427 3511 3490 ποιοῦντα,
3539 3428 3621 3480 ού,

2022 3514 2265 3577 τοιαῦτα,
2307 3514 2441 3567 ἀλλὰ
2489 3514 2558 3566 τὰ
2583 3512 2743 3577 αύτά,
2766 3512 2795 3564 ὃ
2828 3512 3069 3581 μείζονός
3112 3513 3259 3563 ἐστιν
3287 3509 3603 3581 ἀπαραλλα-

2024 3598 2163 3663 ξίας,
2192 3598 2283 3650 καί
2313 3598 2448 3665 ὅπερ
2468 3597 2559 3648 ἐπὶ
2586 3598 2693 3647 τῶν
2718 3595 2841 3647 οὐδὲ
2870 3594 3011 3647 κατὰ
3034 3594 3227 3664 μικρὸν
3243 3593 3604 3663 διεστηκότων

2023 3681 2260 3749 λέγεται.
2285 3680 2381 3742 Τίς
2413 3673 2508 3732 οὖν
2561 3677 2871 3747 ἀντιϐλέψει
2913 3679 3115 3739 λοιπὸν,
3148 3677 3289 3748 όρών
3322 3677 3482 3731 αὑτὸν
3532 3677 3604 3729 τὰ

2023 3764 2162 3818 αὐτὰ
2216 3763 2513 3833 δυνάμενον
2562 3761 2641 3833 τῷ
2689 3762 2898 3833 Πατρί;
2931 3764 3005 3816 Οὐ
3030 3762 3138 3831 γὰρ
3181 3761 3381 3815 ἔπλασε
3440 3762 3601 3831 μόνον

2022 3847 2354 3918 ὀφθαλμοὺς,
2378 3846 2498 3899 οὐδὲ
2516 3844 2767 3916 ἀνέῳξεν,
2786 3845 2922 3900 ἀλλὰ
2940 3845 3107 3899 καὶτὸ
3129 3848 3260 3915 όρᾷν
3280 3846 3567 3915 ἐχαρίσατο
3583 3861 3597 3874 ο

2024 3935 2161 4005 ὅπερ
2186 3932 2481 4002 τεκμήριόν
2510 3934 2626 3984 ἐστι
2642 3930 2736 3984 τοῦ
2762 3932 2854 3984 καὶ
2876 3931 3051 4001 ψυχὴν
3077 3931 3408 4000 ἐμφυσῆσαι.
3431 3930 3625 3983 Ἐκείςγ

2024 4037 2122 4090 νης
2146 4018 2255 4088 γὰρ
2287 4016 2360 4087 μὴ
2402 4016 2751 4085 ἐνεργούσης,
2774 4014 3049 4083 ὀφθαλμὸς
3072 4012 3171 4065 κᾶν
3194 4012 3599 4082 άπηρτισμένος

2024 4098 2079 4178 ᾖ,
2107 4104 2205 4155 οὐκ
2232 4102 2297 4155 ἂν
2323 4102 2422 4154 ἴδοι
2456 4099 2585 4152 ποτὲ
2627 4099 2795 4151 οὐδέν.
2834 4098 2997 4150 Ὥστε
3040 4098 3133 4149 καὶ
3196 4098 3294 4165 τὴν
3339 4098 3445 4149 άπὸ
3502 4097 3629 4159 τῆς⁵

2024 4187 2199 4256 ψυχῆς
2240 4184 2516 4255 ἐνέργειαν
2554 4182 2580 4220 ά
2623 4182 2932 4252 ἐχαρίσατο,
2979 4181 3074 4233 καὶ
3103 4178 3163 4232 τὸ
3226 4180 3386 4250 μέλος
3432 4179 3600 4237 ἔδωκε

2026 4269 2205 4322 πάντα
2267 4267 2405 4338 ἔχον,
2460 4266 2553 4318 καὶ
2591 4264 2879 4336 ἀρτηρίας,
2911 4266 3005 4318 καὶ
3034 4264 3223 4334 νεῦρα,
3256 4266 3348 4317 καὶ
3376 4264 3599 4333 φλέϐας,
3628 4320 3631 4323 λ
3668 4260 3675 4269 ’

2027 4353 2120 4404 καὶ
2153 4347 2310 4420 αἷμα,
2343 4350 2437 4403 καὶ
2480 4348 2549 4401 τὰ
2574 4347 2707 4403 ἄλλα
2733 4347 2926 4401 πάντα,
2966 4346 3024 4411 ἐξ
3065 4343 3138 4400 ὧν
3166 4348 3449 4415 σύγκειται
3471 4350 3602 4419 ἡμῖν

2024 4436 2087 4488 τὸ
2115 4434 2291 4504 σῶμα.
2336 4431 2464 4502 Ἐμὲ
2503 4432 2598 4485 δεῖ
2631 4429 3107 4501 ἐρώζεσθαιηὲως
3130 4431 3319 4499 ἡμέρα
3354 4433 3508 4485 ἐστί.
3537 4433 3601 4485 Τί

2025 4517 2199 4572 ταῦτα
2229 4515 2472 4587 βούλεται
2496 4516 2564 4567 τά
2594 4516 2843 4584 ρήματα;
2862 4514 3018 4567 ποίαν
3033 4514 3090 4566 δέ
3109 4514 3429 4568 ἀκολουθίαν
3452 4515 3563 4586 ἔχει
3584 4535 3599 4581 ;

2027 4600 2255 4672 Πολλήν.
2292 4601 2356 4653 Ὃ
2402 4599 2509 4669 γάρ
2546 4596 2715 4664 λέγει,
2748 4596 2989 4649 τοιοῦτόν
3018 4601 3164 4650 ἐστιν
3189 4614 3202 4629 ο
3247 4599 3391 4662 Ἕως
3422 4600 3604 4671 ἡμέρα

2026 4685 2194 4746 ἐστὶν,
2238 4685 2339 4745 ἓως
2368 4681 2543 4747 ἔξεστι
2576 4684 2685 4742 τοῖς
2714 4679 3021 4751 ἀνθρώποις
3050 4681 3325 4736 πιστεύειν
3363 4685 3442 4747 εἰς
3478 4684 3600 4754 ἐμὲ,

2026 4768 2130 4831 ἐως
2156 4769 2183 4820 ὁ
2207 4766 2316 4837 βίος
2343 4760 2494 4826 οὗτος
2522 4763 2801 4833 ἐνέστηκε,
2832 4763 2913 4815 δεῖ
2944 4781 3009 4834 με
3027 4764 3375 4836 ἐργάζεσθαι.
3404 4768 3607 4837 Ἔρχε-

2025 4869 2121 4905 ται
2173 4849 2309 4913 νὺξ,
2370 4848 2669 4910 τουτέστιν,
2716 4849 2744 4898 6
2795 4846 3005 4916 μέλλων
3038 4850 3261 4918 καιρός’
3293 4849 3383 4901 ὅτε
3430 4851 3605 4913 οὐδεὶς

2026 4929 2609 5002 δύναταιέργάζεσθαι.
2643 4932 2755 4982 Ούκ
2785 4926 2958 4994 εἶπεν,
2987 4930 3115 4983 Ὅτε
3143 4931 3254 5000 ἐγὼ
3283 4933 3345 4984 οὑ
3370 4933 3604 5003 δύναμαι

2028 5014 2224 5087 ἐργάζε
2234 5016 2354 5068 σθαι
2378 5032 2392 5045 ·
2436 5014 2549 5069 ἀλλ’
2581 5015 2719 5067 ’Ὅτε
2742 5014 2941 5079 οὐδεὶς
2959 5013 3208 5069 δύναται
3231 5016 3601 5085 ἐργάζεσθαι,

2028 5100 2326 5160 τουτέστιν,
2365 5100 2450 5151 ὅτε
2479 5099 2576 5151 οὐκ
2606 5098 2684 5150 ἔτι
2716 5099 2896 5162 πίστις
2926 5100 3095 5164 ἐστὶν,
3125 5100 3249 5153 οὔτε
3271 5102 3441 5167 πόνοι,
3482 5101 3604 5155 οὔτε

2034 5184 2307 5251 μετάνοια.
2337 5183 2455 5235 Ὅτι
2487 5183 2594 5250 γὰρ
2622 5181 2781 5251 ἔργον
2804 5183 2905 5252 τὴν
2934 5183 3116 5236 πίστιν
3154 5184 3321 5252 λέγει,
3356 5184 3604 5252 λέγουσιν

2030 5264 2180 5334 αὐτῷ
2204 5281 2215 5293 ο
2254 5264 2319 5317 Τί
2341 5264 2696 5332 ποιήσομεν,
2718 5266 2818 5317 ἵνα
2835 5265 3217 5335 ἑργασώμεθα
3248 5268 3319 5321 τὰ
3340 5268 3482 5338 ἔργα
3498 5268 3601 5322 τοῦ

2031 5348 2180 5406 Θεοῦ
2200 5366 2221 5413 ;
2244 5347 2405 5415 Λέγει
2428 5363 2443 5377 ο
2490 5347 2669 5399 Τοῦτό
2695 5348 2825 5401 ἐστι
2849 5350 2917 5402 τὸ
2938 5350 3114 5418 ἔργον
3150 5349 3255 5402 τοῦ
3300 5351 3468 5413 Θεοῦ,
3504 5353 3625 5404 ἵνα

2028 5432 2395 5497 πιστεύσητε
2430 5432 2517 5495 εὶς
2555 5429 2627 5482 ὃν
2679 5432 3042 5486 ἀπέστειλεν
3060 5433 3309 5498 ἐκεῖνος.
3348 5434 3471 5498 Πῶς
3507 5431 3603 5490 οὖν

2026 5515 2185 5567 τοῦτο
2210 5515 2269 5567 τὸ
2292 5515 2448 5584 ἔργον
2477 5509 2650 5578 οὐδεὶς
2673 5515 2893 5569 δύναται
2925 5515 3249 5586 ἐργάζεσθαι
3286 5518 3403 5570 τότε
3432 5535 3446 5581 ;
3484 5520 3606 5573 ’Ὀτι

2027 5598 2150 5652 οὔτε
2184 5599 2363 5661 πίστις
2395 5598 2562 5663 ἐστὶν,
2594 5598 2726 5650 ἀλλὰ
2752 5602 2844 5653 καὶ
2874 5602 3089 5663 ἐκόντες
3115 5601 3207 5654 καὶ
3235 5601 3461 5665 ἄκοντες
3506 5604 3635 5656 ὑπη,

2028 5683 2372 5736 ακούσονται.
2406 5683 2523 5735 Ἵνα
2542 5682 2648 5753 γὰρ
2677 5684 2748 5753 μή
2771 5700 2850 5746 τις,
2875 5684 3027 5756 εἴπῃ,
3047 5686 3128 5737 ὅτι
3158 5686 3605 5757 φιλοτιμούμενος
3627 5745 3635 5749 _

2026 5768 2185 5820 τοῦτο
2245 5769 2408 5830 ποιεῖ,
2440 5766 2708 5819 δείκνυσιν
2744 5769 2824 5820 ὅτι
2878 5769 3192 5839 φειδόμενος
3226 5770 3401 5823 αὐτῶν
3431 5773 3610 5825 πάντα

2028 5852 2339 5922 ἐργάζεται,
2359 5851 2592 5904 ἐνταῦθα
2616 5854 2773 5922 μόνον
2790 5852 3036 5918 ἐξουσίαν
3052 5856 3282 5924 ἐχόντων
3310 5856 3604 5918 πιστεύειν,

2086 5937 2116 5974 ι)
2143 5935 2294 6001 Savil.
2327 5932 2648 6001 παρὰ-τοῦτο.
2719 5940 2739 5967 ε
2762 5938 3053 5999 Suspicatur
3094 5940 3306 5989 Savilius
3342 5941 3607 6001 legendum

2026 5998 2242 6067 τήν-ἄνῳ
2278 5998 2423 6067 τάξιν.
2461 5996 2559 6044 Sed
2594 6006 2711 6057 pulo
2757 5996 3009 6055 τήν’λῆξιν
3044 6001 3123 6049 hic
3162 6003 3315 6064 probe
3346 5996 3635 6064 qdadrare...

2033 6058 2060 6100 (ι
2083 6058 2236 6111 Morel
2262 6060 2510 6121 εὐγένειαν.
