  <div class='ocr_page' id='page_1' title='image "/cluster/home/n/w/nwhite01/storage/ocr_20150623/59/nnc1.0046979891/306.png"; bbox 0 0 4084 6360; ppageno 0'>
   <div class='ocr_carea' id='block_1_1' title="bbox 384 310 487 367">
    <p class='ocr_par' dir='ltr' id='par_1_1' title="bbox 384 310 487 367">
     <span class='ocr_line' id='line_1_1' title="bbox 384 310 487 367; baseline 0 -2"><span class='ocrx_word' id='word_1_1' title='bbox 384 310 487 367; x_wconf 78' lang='lat' dir='ltr'><strong>suo</strong></span> 
     </span>
    </p>
   </div>
   <div class='ocr_carea' id='block_1_2' title="bbox 383 417 1956 491">
    <p class='ocr_par' dir='ltr' id='par_1_2' title="bbox 383 417 1956 491">
     <span class='ocr_line' id='line_1_2' title="bbox 383 417 1956 491; baseline -0.01 -9"><span class='ocrx_word' id='word_1_2' title='bbox 383 428 565 483; x_wconf 84' lang='lat' dir='ltr'><strong>Donec</strong></span> <span class='ocrx_word' id='word_1_3' title='bbox 609 422 726 480; x_wconf 84' lang='lat' dir='ltr'><strong>dies</strong></span> <span class='ocrx_word' id='word_1_4' title='bbox 768 432 872 491; x_wconf 83' lang='lat' dir='ltr'><strong>est,</strong></span> <span class='ocrx_word' id='word_1_5' title='bbox 912 421 1083 477; x_wconf 85' lang='lat' dir='ltr'><strong>donec</strong></span> <span class='ocrx_word' id='word_1_6' title='bbox 1112 428 1335 490; x_wconf 88' lang='lat' dir='ltr'><strong>possunt</strong></span> <span class='ocrx_word' id='word_1_7' title='bbox 1362 417 1608 472; x_wconf 82' lang='lat' dir='ltr'><strong>homines</strong></span> <span class='ocrx_word' id='word_1_8' title='bbox 1640 417 1693 470; x_wconf 91' lang='lat' dir='ltr'><strong>in</strong></span> <span class='ocrx_word' id='word_1_9' title='bbox 1723 430 1811 470; x_wconf 92' lang='lat' dir='ltr'><strong>me</strong></span> <span class='ocrx_word' id='word_1_10' title='bbox 1836 430 1956 468; x_wconf 87' lang='lat' dir='ltr'><strong>cre-</strong></span> 
     </span>
    </p>
   </div>
   <div class='ocr_carea' id='block_1_3' title="bbox 382 506 1959 582">
    <p class='ocr_par' dir='ltr' id='par_1_3' title="bbox 382 506 1959 582">
     <span class='ocr_line' id='line_1_3' title="bbox 382 506 1959 582; baseline -0.009 -9"><span class='ocrx_word' id='word_1_11' title='bbox 382 519 530 581; x_wconf 88' lang='lat' dir='ltr'><strong>dere,</strong></span> <span class='ocrx_word' id='word_1_12' title='bbox 563 516 688 571; x_wconf 90' lang='lat' dir='ltr'><strong>dum</strong></span> <span class='ocrx_word' id='word_1_13' title='bbox 712 516 851 578; x_wconf 90' lang='lat' dir='ltr'><strong>vivo,</strong></span> <span class='ocrx_word' id='word_1_14' title='bbox 882 513 1212 582; x_wconf 85' lang='lat' dir='ltr'><strong>operandum</strong></span> <span class='ocrx_word' id='word_1_15' title='bbox 1242 511 1369 566; x_wconf 91' lang='lat' dir='ltr'><strong>mihi</strong></span> <span class='ocrx_word' id='word_1_16' title='bbox 1396 520 1497 566; x_wconf 93' lang='lat' dir='ltr'><strong>est.</strong></span> <span class='ocrx_word' id='word_1_17' title='bbox 1535 509 1680 563; x_wconf 85' lang='lat' dir='ltr'><strong>Venit</strong></span> <span class='ocrx_word' id='word_1_18' title='bbox 1710 523 1831 573; x_wconf 76' lang='lat' dir='ltr'><strong>nox,</strong></span> <span class='ocrx_word' id='word_1_19' title='bbox 1856 506 1959 560; x_wconf 89' lang='lat' dir='ltr'><strong>hoc</strong></span> 
     </span>
    </p>
   </div>
   <div class='ocr_carea' id='block_1_4' title="bbox 380 601 1957 676">
    <p class='ocr_par' dir='ltr' id='par_1_4' title="bbox 380 601 1957 676">
     <span class='ocr_line' id='line_1_4' title="bbox 380 601 1957 676; baseline -0.006 -13"><span class='ocrx_word' id='word_1_20' title='bbox 380 620 462 663; x_wconf 89' lang='lat' dir='ltr'><strong>est</strong></span> <span class='ocrx_word' id='word_1_21' title='bbox 493 607 726 663; x_wconf 90' lang='lat' dir='ltr'><strong>futurum</strong></span> <span class='ocrx_word' id='word_1_22' title='bbox 756 616 982 676; x_wconf 90' lang='lat' dir='ltr'><strong>tempus,</strong></span> <span class='ocrx_word' id='word_1_23' title='bbox 1010 606 1212 673; x_wconf 83' lang='lat' dir='ltr'><strong>quando</strong></span> <span class='ocrx_word' id='word_1_24' title='bbox 1237 621 1380 658; x_wconf 87' lang='lat' dir='ltr'><strong>nemo</strong></span> <span class='ocrx_word' id='word_1_25' title='bbox 1410 613 1569 674; x_wconf 78' lang='lat' dir='ltr'><strong>potest</strong></span> <span class='ocrx_word' id='word_1_26' title='bbox 1598 619 1813 657; x_wconf 78' lang='lat' dir='ltr'><strong>onerari.</strong></span> <span class='ocrx_word' id='word_1_27' title='bbox 1844 601 1957 655; x_wconf 89' lang='lat' dir='ltr'><strong>Non</strong></span> 
     </span>
    </p>
   </div>
   <div class='ocr_carea' id='block_1_5' title="bbox 378 695 1959 768">
    <p class='ocr_par' dir='ltr' id='par_1_5' title="bbox 378 695 1959 768">
     <span class='ocr_line' id='line_1_5' title="bbox 378 695 1959 768; baseline -0.004 -15"><span class='ocrx_word' id='word_1_28' title='bbox 378 699 532 763; x_wconf 80' lang='lat' dir='ltr'><strong>dixit,</strong></span> <span class='ocrx_word' id='word_1_29' title='bbox 561 698 784 765; x_wconf 87' lang='lat' dir='ltr'><strong>Quando</strong></span> <span class='ocrx_word' id='word_1_30' title='bbox 804 713 903 768; x_wconf 85' lang='lat' dir='ltr'><strong>ego</strong></span> <span class='ocrx_word' id='word_1_31' title='bbox 931 698 1136 767; x_wconf 90' lang='lat' dir='ltr'><strong>operari</strong></span> <span class='ocrx_word' id='word_1_32' title='bbox 1168 713 1270 750; x_wconf 91' lang='lat' dir='ltr'><strong>non</strong></span> <span class='ocrx_word' id='word_1_33' title='bbox 1297 711 1509 764; x_wconf 89' lang='lat' dir='ltr'><strong>possum</strong></span> <span class='ocrx_word' id='word_1_34' title='bbox 1534 713 1547 759; x_wconf 92' lang='lat'><strong>;</strong></span> <span class='ocrx_word' id='word_1_35' title='bbox 1579 695 1673 750; x_wconf 88' lang='lat' dir='ltr'><strong>sed</strong></span> <span class='ocrx_word' id='word_1_36' title='bbox 1700 735 1714 761; x_wconf 95' lang='lat'><strong>,</strong></span> <span class='ocrx_word' id='word_1_37' title='bbox 1742 695 1959 759; x_wconf 84' lang='lat' dir='ltr'><strong>Quando</strong></span> 
     </span>
    </p>
   </div>
   <div class='ocr_carea' id='block_1_6' title="bbox 379 783 1959 859">
    <p class='ocr_par' dir='ltr' id='par_1_6' title="bbox 379 783 1959 859">
     <span class='ocr_line' id='line_1_6' title="bbox 379 783 1959 859; baseline -0.003 -16"><span class='ocrx_word' id='word_1_38' title='bbox 379 807 524 843; x_wconf 87' lang='lat' dir='ltr'><strong>nemo</strong></span> <span class='ocrx_word' id='word_1_39' title='bbox 563 800 722 859; x_wconf 77' lang='lat' dir='ltr'><strong>potest</strong></span> <span class='ocrx_word' id='word_1_40' title='bbox 756 789 988 858; x_wconf 81' lang='lat' dir='ltr'><strong>operari;</strong></span> <span class='ocrx_word' id='word_1_41' title='bbox 1015 789 1065 842; x_wconf 90' lang='lat' dir='ltr'><strong>id</strong></span> <span class='ocrx_word' id='word_1_42' title='bbox 1091 796 1192 853; x_wconf 89' lang='lat' dir='ltr'><strong>est,</strong></span> <span class='ocrx_word' id='word_1_43' title='bbox 1224 786 1447 855; x_wconf 90' lang='lat' dir='ltr'><strong>Quando</strong></span> <span class='ocrx_word' id='word_1_44' title='bbox 1477 802 1582 838; x_wconf 91' lang='lat' dir='ltr'><strong>non</strong></span> <span class='ocrx_word' id='word_1_45' title='bbox 1613 795 1695 839; x_wconf 91' lang='lat' dir='ltr'><strong>est</strong></span> <span class='ocrx_word' id='word_1_46' title='bbox 1732 783 1959 853; x_wconf 85' lang='lat' dir='ltr'><strong>amplius</strong></span> 
     </span>
    </p>
   </div>
   <div class='ocr_carea' id='block_1_7' title="bbox 379 876 1956 951">
    <p class='ocr_par' dir='ltr' id='par_1_7' title="bbox 379 876 1956 951">
     <span class='ocr_line' id='line_1_7' title="bbox 379 876 1956 951; baseline -0.004 -16"><span class='ocrx_word' id='word_1_47' title='bbox 379 882 529 946; x_wconf 94' lang='lat' dir='ltr'><strong>ﬁdes,</strong></span> <span class='ocrx_word' id='word_1_48' title='bbox 564 897 667 935; x_wconf 92' lang='lat' dir='ltr'><strong>non</strong></span> <span class='ocrx_word' id='word_1_49' title='bbox 698 881 927 944; x_wconf 83' lang='lat' dir='ltr'><strong>labores,</strong></span> <span class='ocrx_word' id='word_1_50' title='bbox 962 895 1064 934; x_wconf 93' lang='lat' dir='ltr'><strong>non</strong></span> <span class='ocrx_word' id='word_1_51' title='bbox 1092 879 1422 951; x_wconf 75' lang='lat' dir='ltr'><strong>ptenitentia.</strong></span> <span class='ocrx_word' id='word_1_52' title='bbox 1452 876 1600 945; x_wconf 87' lang='lat' dir='ltr'><strong>Quod</strong></span> <span class='ocrx_word' id='word_1_53' title='bbox 1628 878 1769 930; x_wconf 92' lang='lat' dir='ltr'><strong>enim</strong></span> <span class='ocrx_word' id='word_1_54' title='bbox 1800 876 1956 929; x_wconf 91' lang='lat' dir='ltr'><strong>ﬁdem</strong></span> 
     </span>
    </p>
   </div>
   <div class='ocr_carea' id='block_1_8' title="bbox 377 971 1959 1043">
    <p class='ocr_par' dir='ltr' id='par_1_8' title="bbox 377 971 1959 1043">
     <span class='ocr_line' id='line_1_8' title="bbox 377 971 1959 1043; baseline -0.003 -16"><span class='ocrx_word' id='word_1_55' title='bbox 377 989 512 1041; x_wconf 83' lang='lat' dir='ltr'><strong>Opus</strong></span> <span class='ocrx_word' id='word_1_56' title='bbox 537 974 798 1043; x_wconf 91' lang='lat' dir='ltr'><strong>appellat,</strong></span> <span class='ocrx_word' id='word_1_57' title='bbox 830 972 1012 1028; x_wconf 89' lang='lat' dir='ltr'><strong>dicunt</strong></span> <span class='ocrx_word' id='word_1_58' title='bbox 1037 972 1119 1037; x_wconf 93' lang='lat' dir='ltr'><strong>ei,</strong></span> <span class='ocrx_word' id='word_1_59' title='bbox 1155 971 1289 1038; x_wconf 84' lang='lat' dir='ltr'><strong>Quid</strong></span> <span class='ocrx_word' id='word_1_60' title='bbox 1314 972 1584 1041; x_wconf 77' lang='lat' dir='ltr'><strong>faciemus,</strong></span> <span class='ocrx_word' id='word_1_61' title='bbox 1620 980 1674 1023; x_wconf 87' lang='lat' dir='ltr'><strong>ut</strong></span> <span class='ocrx_word' id='word_1_62' title='bbox 1695 986 1959 1040; x_wconf 84' lang='lat' dir='ltr'><strong>aperemur</strong></span> 
     </span>
    </p>
   </div>
   <div class='ocr_carea' id='block_1_9' title="bbox 376 1059 1957 1132">
    <p class='ocr_par' dir='ltr' id='par_1_9' title="bbox 376 1059 1957 1132">
     <span class='ocr_line' id='line_1_9' title="bbox 376 1059 1957 1132; baseline -0.001 -16"><span class='ocrx_word' id='word_1_63' title='bbox 376 1081 532 1131; x_wconf 81' lang='lat' dir='ltr'><strong>opera</strong></span> <span class='ocrx_word' id='word_1_64' title='bbox 570 1062 709 1118; x_wconf 88' lang='lat' dir='ltr'><strong>Dei?</strong></span> <span class='ocrx_word' id='word_1_65' title='bbox 734 1063 1070 1132; x_wconf 85' lang='lat' dir='ltr'><strong>Respondet,</strong></span> <span class='ocrx_word' id='word_1_66' title='bbox 1116 1061 1227 1115; x_wconf 77' lang='lat' dir='ltr'><strong>Hoc</strong></span> <span class='ocrx_word' id='word_1_67' title='bbox 1255 1071 1328 1115; x_wconf 80' lang='lat' dir='ltr'><strong>est</strong></span> <span class='ocrx_word' id='word_1_68' title='bbox 1356 1078 1483 1130; x_wconf 80' lang='lat' dir='ltr'><strong>Opus</strong></span> <span class='ocrx_word' id='word_1_69' title='bbox 1513 1059 1627 1125; x_wconf 90' lang='lat' dir='ltr'><strong>Dei,</strong></span> <span class='ocrx_word' id='word_1_70' title='bbox 1659 1070 1715 1114; x_wconf 86' lang='lat' dir='ltr'><strong>ut</strong></span> <span class='ocrx_word' id='word_1_71' title='bbox 1744 1060 1957 1114; x_wconf 78' lang='lat' dir='ltr'><strong>credatis</strong></span> 
     </span>
    </p>
   </div>
   <div class='ocr_carea' id='block_1_10' title="bbox 378 1151 1956 1225">
    <p class='ocr_par' dir='ltr' id='par_1_10' title="bbox 378 1151 1956 1225">
     <span class='ocr_line' id='line_1_10' title="bbox 378 1151 1956 1225; baseline -0.004 -16"><span class='ocrx_word' id='word_1_72' title='bbox 378 1157 430 1209; x_wconf 88' lang='lat' dir='ltr'><strong>in</strong></span> <span class='ocrx_word' id='word_1_73' title='bbox 469 1172 580 1209; x_wconf 80' lang='lat' dir='ltr'><strong>eum</strong></span> <span class='ocrx_word' id='word_1_74' title='bbox 610 1172 756 1225; x_wconf 85' lang='lat' dir='ltr'><strong>quem</strong></span> <span class='ocrx_word' id='word_1_75' title='bbox 784 1155 870 1208; x_wconf 84' lang='lat' dir='ltr'><strong>ille</strong></span> <span class='ocrx_word' id='word_1_76' title='bbox 899 1155 1053 1208; x_wconf 81' lang='lat' dir='ltr'><strong>misit.</strong></span> <span class='ocrx_word' id='word_1_77' title='bbox 1094 1154 1268 1222; x_wconf 80' lang='lat' dir='ltr'><strong>Quare</strong></span> <span class='ocrx_word' id='word_1_78' title='bbox 1311 1168 1439 1222; x_wconf 80' lang='lat' dir='ltr'><strong>ergo</strong></span> <span class='ocrx_word' id='word_1_79' title='bbox 1480 1151 1581 1206; x_wconf 90' lang='lat' dir='ltr'><strong>hoe</strong></span> <span class='ocrx_word' id='word_1_80' title='bbox 1622 1166 1756 1221; x_wconf 89' lang='lat' dir='ltr'><strong>opus</strong></span> <span class='ocrx_word' id='word_1_81' title='bbox 1799 1165 1956 1204; x_wconf 92' lang='lat' dir='ltr'><strong>nemo</strong></span> 
     </span>
    </p>
   </div>
   <div class='ocr_carea' id='block_1_11' title="bbox 375 1242 1956 1318">
    <p class='ocr_par' dir='ltr' id='par_1_11' title="bbox 375 1242 1956 1318">
     <span class='ocr_line' id='line_1_11' title="bbox 375 1242 1956 1318; baseline -0.003 -17"><span class='ocrx_word' id='word_1_82' title='bbox 375 1256 553 1318; x_wconf 83' lang='lat' dir='ltr'><strong>potest</strong></span> <span class='ocrx_word' id='word_1_83' title='bbox 579 1254 704 1301; x_wconf 90' lang='lat' dir='ltr'><strong>tunc</strong></span> <span class='ocrx_word' id='word_1_84' title='bbox 723 1246 975 1315; x_wconf 90' lang='lat' dir='ltr'><strong>operari?</strong></span> <span class='ocrx_word' id='word_1_85' title='bbox 999 1245 1130 1315; x_wconf 83' lang='lat' dir='ltr'><strong>Quia</strong></span> <span class='ocrx_word' id='word_1_86' title='bbox 1161 1254 1285 1300; x_wconf 92' lang='lat' dir='ltr'><strong>tunc</strong></span> <span class='ocrx_word' id='word_1_87' title='bbox 1310 1244 1441 1299; x_wconf 91' lang='lat' dir='ltr'><strong>ﬁdes</strong></span> <span class='ocrx_word' id='word_1_88' title='bbox 1470 1260 1576 1299; x_wconf 89' lang='lat' dir='ltr'><strong>non</strong></span> <span class='ocrx_word' id='word_1_89' title='bbox 1603 1244 1721 1307; x_wconf 88' lang='lat' dir='ltr'><strong>erit,</strong></span> <span class='ocrx_word' id='word_1_90' title='bbox 1751 1242 1843 1297; x_wconf 91' lang='lat' dir='ltr'><strong>sed</strong></span> <span class='ocrx_word' id='word_1_91' title='bbox 1869 1258 1956 1297; x_wconf 84' lang='lat' dir='ltr'><strong>ve-</strong></span> 
     </span>
    </p>
   </div>
   <div class='ocr_carea' id='block_1_12' title="bbox 376 1334 1951 1407">
    <p class='ocr_par' dir='ltr' id='par_1_12' title="bbox 376 1334 1951 1407">
     <span class='ocr_line' id='line_1_12' title="bbox 376 1334 1951 1407; baseline -0.003 -16"><span class='ocrx_word' id='word_1_92' title='bbox 376 1340 494 1403; x_wconf 86' lang='lat' dir='ltr'><strong>lint,</strong></span> <span class='ocrx_word' id='word_1_93' title='bbox 544 1338 737 1403; x_wconf 88' lang='lat' dir='ltr'><strong>nolint,</strong></span> <span class='ocrx_word' id='word_1_94' title='bbox 779 1351 966 1392; x_wconf 88' lang='lat' dir='ltr'><strong>omnes</strong></span> <span class='ocrx_word' id='word_1_95' title='bbox 1010 1336 1248 1392; x_wconf 86' lang='lat' dir='ltr'><strong>audient.</strong></span> <span class='ocrx_word' id='word_1_96' title='bbox 1274 1335 1352 1390; x_wconf 86' lang='lat' dir='ltr'><strong>Ne</strong></span> <span class='ocrx_word' id='word_1_97' title='bbox 1388 1338 1509 1407; x_wconf 90' lang='lat' dir='ltr'><strong>quis</strong></span> <span class='ocrx_word' id='word_1_98' title='bbox 1538 1335 1679 1390; x_wconf 90' lang='lat' dir='ltr'><strong>enim</strong></span> <span class='ocrx_word' id='word_1_99' title='bbox 1712 1334 1951 1399; x_wconf 89' lang='lat' dir='ltr'><strong>diceret,</strong></span> 
     </span>
    </p>
   </div>
   <div class='ocr_carea' id='block_1_13' title="bbox 376 1427 1951 1491">
    <p class='ocr_par' dir='ltr' id='par_1_13' title="bbox 376 1427 1951 1491">
     <span class='ocr_line' id='line_1_13' title="bbox 376 1427 1951 1491; baseline -0.004 -9"><span class='ocrx_word' id='word_1_100' title='bbox 376 1428 523 1484; x_wconf 83' lang='lat' dir='ltr'><strong>illum</strong></span> <span class='ocrx_word' id='word_1_101' title='bbox 544 1429 832 1484; x_wconf 85' lang='lat' dir='ltr'><strong>ambitione</strong></span> <span class='ocrx_word' id='word_1_102' title='bbox 858 1437 1059 1482; x_wconf 89' lang='lat' dir='ltr'><strong>motum</strong></span> <span class='ocrx_word' id='word_1_103' title='bbox 1084 1427 1185 1482; x_wconf 93' lang='lat' dir='ltr'><strong>hoc</strong></span> <span class='ocrx_word' id='word_1_104' title='bbox 1204 1427 1399 1491; x_wconf 91' lang='lat' dir='ltr'><strong>facere,</strong></span> <span class='ocrx_word' id='word_1_105' title='bbox 1428 1427 1658 1482; x_wconf 87' lang='lat' dir='ltr'><strong>ostendit</strong></span> <span class='ocrx_word' id='word_1_106' title='bbox 1684 1442 1741 1480; x_wconf 92' lang='lat' dir='ltr'><strong>se</strong></span> <span class='ocrx_word' id='word_1_107' title='bbox 1768 1440 1951 1478; x_wconf 89' lang='lat' dir='ltr'><strong>eorum</strong></span> 
     </span>
    </p>
   </div>
   <div class='ocr_carea' id='block_1_14' title="bbox 373 1516 1954 1590">
    <p class='ocr_par' dir='ltr' id='par_1_14' title="bbox 373 1516 1954 1590">
     <span class='ocr_line' id='line_1_14' title="bbox 373 1516 1954 1590; baseline -0.002 -17"><span class='ocrx_word' id='word_1_108' title='bbox 373 1520 541 1590; x_wconf 85' lang='lat' dir='ltr'><strong>gratia</strong></span> <span class='ocrx_word' id='word_1_109' title='bbox 586 1520 763 1573; x_wconf 85' lang='lat' dir='ltr'><strong>omnia</strong></span> <span class='ocrx_word' id='word_1_110' title='bbox 806 1517 1002 1581; x_wconf 86' lang='lat' dir='ltr'><strong>facere,</strong></span> <span class='ocrx_word' id='word_1_111' title='bbox 1051 1518 1247 1588; x_wconf 89' lang='lat' dir='ltr'><strong>quippe</strong></span> <span class='ocrx_word' id='word_1_112' title='bbox 1284 1519 1371 1588; x_wconf 92' lang='lat' dir='ltr'><strong>qui</strong></span> <span class='ocrx_word' id='word_1_113' title='bbox 1400 1518 1485 1572; x_wconf 91' lang='lat' dir='ltr'><strong>hic</strong></span> <span class='ocrx_word' id='word_1_114' title='bbox 1514 1517 1684 1571; x_wconf 89' lang='lat' dir='ltr'><strong>solum</strong></span> <span class='ocrx_word' id='word_1_115' title='bbox 1725 1516 1954 1570; x_wconf 84' lang='lat' dir='ltr'><strong>habeant</strong></span> 
     </span>
    </p>
   </div>
   <div class='ocr_carea' id='block_1_15' title="bbox 374 1609 1950 1682">
    <p class='ocr_par' dir='ltr' id='par_1_15' title="bbox 374 1609 1950 1682">
     <span class='ocr_line' id='line_1_15' title="bbox 374 1609 1950 1682; baseline -0.004 -14"><span class='ocrx_word' id='word_1_116' title='bbox 374 1612 628 1668; x_wconf 82' lang='lat' dir='ltr'><strong>credendi</strong></span> <span class='ocrx_word' id='word_1_117' title='bbox 656 1612 982 1678; x_wconf 85' lang='lat' dir='ltr'><strong>facultatem,</strong></span> <span class='ocrx_word' id='word_1_118' title='bbox 1012 1626 1113 1666; x_wconf 91' lang='lat' dir='ltr'><strong>nec</strong></span> <span class='ocrx_word' id='word_1_119' title='bbox 1139 1611 1408 1682; x_wconf 88' lang='lat' dir='ltr'><strong>quidpiam</strong></span> <span class='ocrx_word' id='word_1_120' title='bbox 1436 1610 1506 1663; x_wconf 91' lang='lat' dir='ltr'><strong>ibi</strong></span> <span class='ocrx_word' id='word_1_121' title='bbox 1538 1609 1668 1664; x_wconf 91' lang='lat' dir='ltr'><strong>lucri</strong></span> <span class='ocrx_word' id='word_1_122' title='bbox 1696 1610 1950 1678; x_wconf 83' lang='lat' dir='ltr'><strong>consequi</strong></span> 
     </span>
    </p>
   </div>
   <div class='ocr_carea' id='block_1_16' title="bbox 374 1703 1949 1778">
    <p class='ocr_par' dir='ltr' id='par_1_16' title="bbox 374 1703 1949 1778">
     <span class='ocr_line' id='line_1_16' title="bbox 374 1703 1949 1778; baseline -0.003 -18"><span class='ocrx_word' id='word_1_123' title='bbox 374 1705 599 1778; x_wconf 86' lang='lat' dir='ltr'><strong>possint.</strong></span> <span class='ocrx_word' id='word_1_124' title='bbox 646 1704 771 1759; x_wconf 86' lang='lat' dir='ltr'><strong>Ideo</strong></span> <span class='ocrx_word' id='word_1_125' title='bbox 809 1720 907 1761; x_wconf 84' lang='lat' dir='ltr'><strong>nec</strong></span> <span class='ocrx_word' id='word_1_126' title='bbox 935 1704 1279 1759; x_wconf 89' lang='lat' dir='ltr'><strong>accedentem</strong></span> <span class='ocrx_word' id='word_1_127' title='bbox 1323 1719 1523 1757; x_wconf 76' lang='lat' dir='ltr'><strong>czecum</strong></span> <span class='ocrx_word' id='word_1_128' title='bbox 1551 1704 1772 1757; x_wconf 82' lang='lat' dir='ltr'><strong>curavit.</strong></span> <span class='ocrx_word' id='word_1_129' title='bbox 1798 1703 1949 1769; x_wconf 90' lang='lat' dir='ltr'><strong>Quod</strong></span> 
     </span>
    </p>
   </div>
   <div class='ocr_carea' id='block_1_17' title="bbox 375 1796 1946 1870">
    <p class='ocr_par' dir='ltr' id='par_1_17' title="bbox 375 1796 1946 1870">
     <span class='ocr_line' id='line_1_17' title="bbox 375 1796 1946 1870; baseline -0.004 -14"><span class='ocrx_word' id='word_1_130' title='bbox 375 1802 516 1856; x_wconf 89' lang='lat' dir='ltr'><strong>enim</strong></span> <span class='ocrx_word' id='word_1_131' title='bbox 538 1800 729 1870; x_wconf 81' lang='lat' dir='ltr'><strong>dignus</strong></span> <span class='ocrx_word' id='word_1_132' title='bbox 749 1809 893 1855; x_wconf 90' lang='lat' dir='ltr'><strong>esset</strong></span> <span class='ocrx_word' id='word_1_133' title='bbox 911 1799 1001 1869; x_wconf 88' lang='lat' dir='ltr'><strong>qui</strong></span> <span class='ocrx_word' id='word_1_134' title='bbox 1026 1808 1302 1853; x_wconf 87' lang='lat' dir='ltr'><strong>curaretur</strong></span> <span class='ocrx_word' id='word_1_135' title='bbox 1328 1815 1340 1850; x_wconf 93' lang='lat'>:</span> <span class='ocrx_word' id='word_1_136' title='bbox 1367 1796 1615 1866; x_wconf 84' lang='lat' dir='ltr'><strong>quodque</strong></span> <span class='ocrx_word' id='word_1_137' title='bbox 1640 1797 1685 1851; x_wconf 90' lang='lat' dir='ltr'><strong>si</strong></span> <span class='ocrx_word' id='word_1_138' title='bbox 1711 1796 1946 1861; x_wconf 88' lang='lat' dir='ltr'><strong>vidisset,</strong></span> 
     </span>
    </p>
   </div>
   <div class='ocr_carea' id='block_1_18' title="bbox 374 1890 1953 1962">
    <p class='ocr_par' dir='ltr' id='par_1_18' title="bbox 374 1890 1953 1962">
     <span class='ocr_line' id='line_1_18' title="bbox 374 1890 1953 1962; baseline -0.004 -13"><span class='ocrx_word' id='word_1_139' title='bbox 374 1895 691 1951; x_wconf 87' lang='lat' dir='ltr'><strong>credidisset</strong></span> <span class='ocrx_word' id='word_1_140' title='bbox 722 1893 1176 1962; x_wconf 88' lang='lat' dir='ltr'><strong>aecessissetque;</strong></span> <span class='ocrx_word' id='word_1_141' title='bbox 1220 1899 1274 1946; x_wconf 90' lang='lat' dir='ltr'><strong>et</strong></span> <span class='ocrx_word' id='word_1_142' title='bbox 1312 1891 1357 1947; x_wconf 91' lang='lat' dir='ltr'><strong>si</strong></span> <span class='ocrx_word' id='word_1_143' title='bbox 1393 1890 1460 1945; x_wconf 92' lang='lat' dir='ltr'><strong>ab</strong></span> <span class='ocrx_word' id='word_1_144' title='bbox 1494 1890 1674 1960; x_wconf 89' lang='lat' dir='ltr'><strong>aliquo</strong></span> <span class='ocrx_word' id='word_1_145' title='bbox 1717 1890 1953 1944; x_wconf 88' lang='lat' dir='ltr'><strong>audisset</strong></span> 
     </span>
    </p>
   </div>
   <div class='ocr_carea' id='block_1_19' title="bbox 376 1980 1954 2054">
    <p class='ocr_par' dir='ltr' id='par_1_19' title="bbox 376 1980 1954 2054">
     <span class='ocr_line' id='line_1_19' title="bbox 376 1980 1954 2054; baseline -0.004 -14"><span class='ocrx_word' id='word_1_146' title='bbox 376 1996 711 2053; x_wconf 67' lang='lat' dir='ltr'><strong>praasentem,</strong></span> <span class='ocrx_word' id='word_1_147' title='bbox 741 2001 845 2039; x_wconf 93' lang='lat' dir='ltr'><strong>non</strong></span> <span class='ocrx_word' id='word_1_148' title='bbox 873 1984 1215 2054; x_wconf 81' lang='lat' dir='ltr'><strong>neglexisset,</strong></span> <span class='ocrx_word' id='word_1_149' title='bbox 1245 1997 1309 2037; x_wconf 79' lang='lat' dir='ltr'><strong>ex</strong></span> <span class='ocrx_word' id='word_1_150' title='bbox 1340 1980 1404 2035; x_wconf 89' lang='lat' dir='ltr'><strong>iis</strong></span> <span class='ocrx_word' id='word_1_151' title='bbox 1432 1997 1552 2051; x_wconf 69' lang='lat' dir='ltr'><strong>quae</strong></span> <span class='ocrx_word' id='word_1_152' title='bbox 1579 1989 1806 2050; x_wconf 88' lang='lat' dir='ltr'><strong>sequuta</strong></span> <span class='ocrx_word' id='word_1_153' title='bbox 1830 1988 1954 2034; x_wconf 92' lang='lat' dir='ltr'><strong>sunt</strong></span> 
     </span>
    </p>
   </div>
   <div class='ocr_carea' id='block_1_20' title="bbox 374 2070 1955 2145">
    <p class='ocr_par' dir='ltr' id='par_1_20' title="bbox 374 2070 1955 2145">
     <span class='ocr_line' id='line_1_20' title="bbox 374 2070 1955 2145; baseline -0.001 -18"><span class='ocrx_word' id='word_1_154' title='bbox 374 2075 545 2145; x_wconf 85' lang='lat' dir='ltr'><strong>palam</strong></span> <span class='ocrx_word' id='word_1_155' title='bbox 575 2088 675 2139; x_wconf 87' lang='lat' dir='ltr'><strong>est,</strong></span> <span class='ocrx_word' id='word_1_156' title='bbox 699 2090 764 2129; x_wconf 83' lang='lat' dir='ltr'><strong>ex</strong></span> <span class='ocrx_word' id='word_1_157' title='bbox 796 2074 1102 2129; x_wconf 84' lang='lat' dir='ltr'><strong>fortitudine</strong></span> <span class='ocrx_word' id='word_1_158' title='bbox 1125 2088 1317 2142; x_wconf 89' lang='lat' dir='ltr'><strong>nempe</strong></span> <span class='ocrx_word' id='word_1_159' title='bbox 1337 2081 1391 2127; x_wconf 93' lang='lat' dir='ltr'><strong>et</strong></span> <span class='ocrx_word' id='word_1_160' title='bbox 1410 2088 1478 2127; x_wconf 82' lang='lat' dir='ltr'><strong>ex</strong></span> <span class='ocrx_word' id='word_1_161' title='bbox 1508 2070 1613 2125; x_wconf 91' lang='lat' dir='ltr'><strong>ﬁde</strong></span> <span class='ocrx_word' id='word_1_162' title='bbox 1639 2071 1773 2141; x_wconf 88' lang='lat' dir='ltr'><strong>ejus.</strong></span> <span class='ocrx_word' id='word_1_163' title='bbox 1798 2070 1955 2125; x_wconf 83' lang='lat' dir='ltr'><strong>Pote-</strong></span> 
     </span>
    </p>
   </div>
   <div class='ocr_carea' id='block_1_21' title="bbox 373 2164 1949 2237">
    <p class='ocr_par' dir='ltr' id='par_1_21' title="bbox 373 2164 1949 2237">
     <span class='ocr_line' id='line_1_21' title="bbox 373 2164 1949 2237; baseline -0.003 -15"><span class='ocrx_word' id='word_1_164' title='bbox 373 2177 455 2222; x_wconf 87' lang='lat' dir='ltr'><strong>rat</strong></span> <span class='ocrx_word' id='word_1_165' title='bbox 482 2169 624 2223; x_wconf 88' lang='lat' dir='ltr'><strong>euim</strong></span> <span class='ocrx_word' id='word_1_166' title='bbox 655 2183 835 2223; x_wconf 86' lang='lat' dir='ltr'><strong>secum</strong></span> <span class='ocrx_word' id='word_1_167' title='bbox 882 2168 1118 2237; x_wconf 76' lang='lat' dir='ltr'><strong>cogitare</strong></span> <span class='ocrx_word' id='word_1_168' title='bbox 1158 2182 1222 2221; x_wconf 88' lang='lat' dir='ltr'><strong>ac</strong></span> <span class='ocrx_word' id='word_1_169' title='bbox 1257 2165 1436 2221; x_wconf 89' lang='lat' dir='ltr'><strong>dicere</strong></span> <span class='ocrx_word' id='word_1_170' title='bbox 1466 2183 1479 2219; x_wconf 91' lang='lat'><strong>:</strong></span> <span class='ocrx_word' id='word_1_171' title='bbox 1512 2164 1648 2232; x_wconf 91' lang='lat' dir='ltr'><strong>Quid</strong></span> <span class='ocrx_word' id='word_1_172' title='bbox 1678 2164 1779 2219; x_wconf 91' lang='lat' dir='ltr'><strong>hoc</strong></span> <span class='ocrx_word' id='word_1_173' title='bbox 1820 2164 1949 2219; x_wconf 87' lang='lat' dir='ltr'><strong>est?</strong></span> 
     </span>
    </p>
   </div>
   <div class='ocr_carea' id='block_1_22' title="bbox 371 2256 1949 2325">
    <p class='ocr_par' dir='ltr' id='par_1_22' title="bbox 371 2256 1949 2325">
     <span class='ocr_line' id='line_1_22' title="bbox 371 2256 1949 2325; baseline -0.001 -13"><span class='ocrx_word' id='word_1_174' title='bbox 371 2258 536 2313; x_wconf 91' lang='lat' dir='ltr'><strong>lutum</strong></span> <span class='ocrx_word' id='word_1_175' title='bbox 579 2259 721 2325; x_wconf 91' lang='lat' dir='ltr'><strong>fecit,</strong></span> <span class='ocrx_word' id='word_1_176' title='bbox 764 2268 821 2313; x_wconf 91' lang='lat' dir='ltr'><strong>et</strong></span> <span class='ocrx_word' id='word_1_177' title='bbox 861 2259 1045 2313; x_wconf 88' lang='lat' dir='ltr'><strong>lenivit</strong></span> <span class='ocrx_word' id='word_1_178' title='bbox 1074 2260 1256 2313; x_wconf 89' lang='lat' dir='ltr'><strong>oculos</strong></span> <span class='ocrx_word' id='word_1_179' title='bbox 1294 2271 1481 2323; x_wconf 90' lang='lat' dir='ltr'><strong>meos;</strong></span> <span class='ocrx_word' id='word_1_180' title='bbox 1524 2267 1581 2311; x_wconf 90' lang='lat' dir='ltr'><strong>et</strong></span> <span class='ocrx_word' id='word_1_181' title='bbox 1619 2256 1753 2311; x_wconf 82' lang='lat' dir='ltr'><strong>dixit</strong></span> <span class='ocrx_word' id='word_1_182' title='bbox 1780 2257 1909 2311; x_wconf 87' lang='lat' dir='ltr'><strong>mihi</strong></span> <span class='ocrx_word' id='word_1_183' title='bbox 1933 2296 1949 2322; x_wconf 91' lang='lat'><strong>,</strong></span> 
     </span>
    </p>
   </div>
   <div class='ocr_carea' id='block_1_23' title="bbox 378 2347 1951 2418">
    <p class='ocr_par' dir='ltr' id='par_1_23' title="bbox 378 2347 1951 2418">
     <span class='ocr_line' id='line_1_23' title="bbox 378 2347 1951 2418; baseline 0 -17"><span class='ocrx_word' id='word_1_184' title='bbox 378 2348 537 2412; x_wconf 82' lang='lat' dir='ltr'><strong>Vade,</strong></span> <span class='ocrx_word' id='word_1_185' title='bbox 580 2351 772 2403; x_wconf 80' lang='lat' dir='ltr'><strong>lavare.</strong></span> <span class='ocrx_word' id='word_1_186' title='bbox 814 2352 1003 2404; x_wconf 82' lang='lat' dir='ltr'><strong>Annon</strong></span> <span class='ocrx_word' id='word_1_187' title='bbox 1036 2358 1241 2418; x_wconf 88' lang='lat' dir='ltr'><strong>poterat</strong></span> <span class='ocrx_word' id='word_1_188' title='bbox 1269 2364 1456 2404; x_wconf 92' lang='lat' dir='ltr'><strong>curare</strong></span> <span class='ocrx_word' id='word_1_189' title='bbox 1497 2363 1619 2414; x_wconf 91' lang='lat' dir='ltr'><strong>me,</strong></span> <span class='ocrx_word' id='word_1_190' title='bbox 1663 2356 1718 2402; x_wconf 90' lang='lat' dir='ltr'><strong>et</strong></span> <span class='ocrx_word' id='word_1_191' title='bbox 1745 2356 1869 2401; x_wconf 93' lang='lat' dir='ltr'><strong>tunc</strong></span> <span class='ocrx_word' id='word_1_192' title='bbox 1899 2347 1951 2401; x_wconf 91' lang='lat' dir='ltr'><strong>in</strong></span> 
     </span>
    </p>
   </div>
   <div class='ocr_carea' id='block_1_24' title="bbox 371 2439 1952 2512">
    <p class='ocr_par' dir='ltr' id='par_1_24' title="bbox 371 2439 1952 2512">
     <span class='ocr_line' id='line_1_24' title="bbox 371 2439 1952 2512; baseline -0.002 -15"><span class='ocrx_word' id='word_1_193' title='bbox 371 2442 569 2497; x_wconf 77' lang='lat' dir='ltr'><strong>Siloam</strong></span> <span class='ocrx_word' id='word_1_194' title='bbox 600 2444 811 2498; x_wconf 87' lang='lat' dir='ltr'><strong>mittere</strong></span> <span class='ocrx_word' id='word_1_195' title='bbox 833 2446 855 2497; x_wconf 88' lang='lat'><strong>?</strong></span> <span class='ocrx_word' id='word_1_196' title='bbox 876 2443 1028 2512; x_wconf 69' lang='lat' dir='ltr'><strong>Saepe</strong></span> <span class='ocrx_word' id='word_1_197' title='bbox 1054 2444 1124 2499; x_wconf 93' lang='lat' dir='ltr'><strong>ibi</strong></span> <span class='ocrx_word' id='word_1_198' title='bbox 1155 2458 1240 2497; x_wconf 93' lang='lat' dir='ltr'><strong>me</strong></span> <span class='ocrx_word' id='word_1_199' title='bbox 1267 2442 1367 2496; x_wconf 89' lang='lat' dir='ltr'><strong>lavi</strong></span> <span class='ocrx_word' id='word_1_200' title='bbox 1395 2456 1517 2495; x_wconf 91' lang='lat' dir='ltr'><strong>eum</strong></span> <span class='ocrx_word' id='word_1_201' title='bbox 1543 2441 1682 2507; x_wconf 89' lang='lat' dir='ltr'><strong>aliis,</strong></span> <span class='ocrx_word' id='word_1_202' title='bbox 1716 2439 1952 2509; x_wconf 88' lang='lat' dir='ltr'><strong>nihilque</strong></span> 
     </span>
    </p>
   </div>
   <div class='ocr_carea' id='block_1_25' title="bbox 369 2532 1952 2605">
    <p class='ocr_par' dir='ltr' id='par_1_25' title="bbox 369 2532 1952 2605">
     <span class='ocr_line' id='line_1_25' title="bbox 369 2532 1952 2605; baseline -0.004 -14"><span class='ocrx_word' id='word_1_203' title='bbox 369 2535 498 2591; x_wconf 89' lang='lat' dir='ltr'><strong>mihi</strong></span> <span class='ocrx_word' id='word_1_204' title='bbox 527 2534 741 2605; x_wconf 81' lang='lat' dir='ltr'><strong>profuit.</strong></span> <span class='ocrx_word' id='word_1_205' title='bbox 791 2535 848 2589; x_wconf 90' lang='lat' dir='ltr'><strong>Si</strong></span> <span class='ocrx_word' id='word_1_206' title='bbox 888 2551 1045 2605; x_wconf 89' lang='lat' dir='ltr'><strong>quam</strong></span> <span class='ocrx_word' id='word_1_207' title='bbox 1076 2544 1394 2605; x_wconf 88' lang='lat' dir='ltr'><strong>potestatem</strong></span> <span class='ocrx_word' id='word_1_208' title='bbox 1426 2532 1684 2600; x_wconf 89' lang='lat' dir='ltr'><strong>haberet,</strong></span> <span class='ocrx_word' id='word_1_209' title='bbox 1714 2544 1952 2601; x_wconf 73' lang='lat' dir='ltr'><strong>przesens</strong></span> 
     </span>
    </p>
   </div>
   <div class='ocr_carea' id='block_1_26' title="bbox 369 2622 1947 2692">
    <p class='ocr_par' dir='ltr' id='par_1_26' title="bbox 369 2622 1947 2692">
     <span class='ocr_line' id='line_1_26' title="bbox 369 2622 1947 2692; baseline -0.001 -13"><span class='ocrx_word' id='word_1_210' title='bbox 369 2642 455 2681; x_wconf 87' lang='lat' dir='ltr'><strong>me</strong></span> <span class='ocrx_word' id='word_1_211' title='bbox 498 2628 815 2681; x_wconf 88' lang='lat' dir='ltr'><strong>sanavisset.</strong></span> <span class='ocrx_word' id='word_1_212' title='bbox 847 2625 999 2692; x_wconf 92' lang='lat' dir='ltr'><strong>Quod</strong></span> <span class='ocrx_word' id='word_1_213' title='bbox 1035 2625 1192 2680; x_wconf 86' lang='lat' dir='ltr'><strong>etiam</strong></span> <span class='ocrx_word' id='word_1_214' title='bbox 1220 2624 1429 2679; x_wconf 87' lang='lat' dir='ltr'><strong>dicebat</strong></span> <span class='ocrx_word' id='word_1_215' title='bbox 1454 2622 1689 2677; x_wconf 87' lang='lat' dir='ltr'><strong>Naaman</strong></span> <span class='ocrx_word' id='word_1_216' title='bbox 1730 2622 1947 2677; x_wconf 69' lang='lat' dir='ltr'><strong>Elisaso.</strong></span> 
     </span>
    </p>
   </div>
   <div class='ocr_carea' id='block_1_27' title="bbox 367 2713 1950 2781">
    <p class='ocr_par' dir='ltr' id='par_1_27' title="bbox 367 2713 1950 2781">
     <span class='ocr_line' id='line_1_27' title="bbox 367 2713 1950 2781; baseline -0.004 -8"><span class='ocrx_word' id='word_1_217' title='bbox 367 2718 555 2773; x_wconf 82' lang='lat' dir='ltr'><strong>Jnssns</strong></span> <span class='ocrx_word' id='word_1_218' title='bbox 583 2720 728 2773; x_wconf 90' lang='lat' dir='ltr'><strong>enim</strong></span> <span class='ocrx_word' id='word_1_219' title='bbox 757 2718 932 2771; x_wconf 88' lang='lat' dir='ltr'><strong>lavare</strong></span> <span class='ocrx_word' id='word_1_220' title='bbox 958 2733 1017 2772; x_wconf 88' lang='lat' dir='ltr'><strong>se</strong></span> <span class='ocrx_word' id='word_1_221' title='bbox 1043 2716 1094 2770; x_wconf 92' lang='lat' dir='ltr'><strong>in</strong></span> <span class='ocrx_word' id='word_1_222' title='bbox 1121 2714 1375 2781; x_wconf 82' lang='lat' dir='ltr'><strong>Jordane,</strong></span> <span class='ocrx_word' id='word_1_223' title='bbox 1399 2731 1503 2769; x_wconf 93' lang='lat' dir='ltr'><strong>non</strong></span> <span class='ocrx_word' id='word_1_224' title='bbox 1526 2713 1800 2779; x_wconf 88' lang='lat' dir='ltr'><strong>credebat,</strong></span> <span class='ocrx_word' id='word_1_225' title='bbox 1824 2727 1950 2768; x_wconf 89' lang='lat' dir='ltr'><strong>cum</strong></span> 
     </span>
    </p>
   </div>
   <div class='ocr_carea' id='block_1_28' title="bbox 369 2803 1952 2877">
    <p class='ocr_par' dir='ltr' id='par_1_28' title="bbox 369 2803 1952 2877">
     <span class='ocr_line' id='line_1_28' title="bbox 369 2803 1952 2877; baseline -0.004 -16"><span class='ocrx_word' id='word_1_226' title='bbox 369 2821 544 2863; x_wconf 87' lang='lat' dir='ltr'><strong>tamen</strong></span> <span class='ocrx_word' id='word_1_227' title='bbox 596 2818 738 2863; x_wconf 88' lang='lat' dir='ltr'><strong>tanta</strong></span> <span class='ocrx_word' id='word_1_228' title='bbox 784 2817 927 2863; x_wconf 89' lang='lat' dir='ltr'><strong>esset</strong></span> <span class='ocrx_word' id='word_1_229' title='bbox 968 2807 1146 2862; x_wconf 68' lang='lat' dir='ltr'><strong>Elisazi</strong></span> <span class='ocrx_word' id='word_1_230' title='bbox 1186 2806 1322 2861; x_wconf 90' lang='lat' dir='ltr'><strong>fama</strong></span> <span class='ocrx_word' id='word_1_231' title='bbox 1354 2806 1430 2877; x_wconf 74' lang='grc'><strong>(4.</strong></span> <span class='ocrx_word' id='word_1_232' title='bbox 1460 2806 1588 2876; x_wconf 84' lang='lat' dir='ltr'><strong>Reg.</strong></span> <span class='ocrx_word' id='word_1_233' title='bbox 1632 2806 1685 2860; x_wconf 83' lang='lat'><strong>5.</strong></span> <span class='ocrx_word' id='word_1_234' title='bbox 1736 2803 1850 2873; x_wconf 81' lang='grc' dir='ltr'><strong>Η).</strong></span> <span class='ocrx_word' id='word_1_235' title='bbox 1881 2804 1952 2856; x_wconf 85' lang='grc' dir='ltr'>Αι</span> 
     </span>
    </p>
   </div>
   <div class='ocr_carea' id='block_1_29' title="bbox 366 2897 1949 2961">
    <p class='ocr_par' dir='ltr' id='par_1_29' title="bbox 366 2897 1949 2961">
     <span class='ocr_line' id='line_1_29' title="bbox 366 2897 1949 2961; baseline -0.004 -5"><span class='ocrx_word' id='word_1_236' title='bbox 366 2916 539 2956; x_wconf 67' lang='lat' dir='ltr'><strong>uncus</strong></span> <span class='ocrx_word' id='word_1_237' title='bbox 566 2916 671 2955; x_wconf 94' lang='lat' dir='ltr'><strong>non</strong></span> <span class='ocrx_word' id='word_1_238' title='bbox 716 2899 816 2954; x_wconf 92' lang='lat' dir='ltr'><strong>fuit</strong></span> <span class='ocrx_word' id='word_1_239' title='bbox 855 2898 1187 2961; x_wconf 83' lang='lat' dir='ltr'><strong>incredulus,</strong></span> <span class='ocrx_word' id='word_1_240' title='bbox 1217 2913 1317 2952; x_wconf 91' lang='lat' dir='ltr'><strong>nec</strong></span> <span class='ocrx_word' id='word_1_241' title='bbox 1346 2897 1702 2960; x_wconf 88' lang='lat' dir='ltr'><strong>contradixit,</strong></span> <span class='ocrx_word' id='word_1_242' title='bbox 1734 2911 1831 2950; x_wconf 91' lang='lat' dir='ltr'><strong>nec</strong></span> <span class='ocrx_word' id='word_1_243' title='bbox 1859 2909 1949 2949; x_wconf 84' lang='lat' dir='ltr'><strong>se-</strong></span> 
     </span>
    </p>
   </div>
   <div class='ocr_carea' id='block_1_30' title="bbox 365 2989 1949 3062">
    <p class='ocr_par' dir='ltr' id='par_1_30' title="bbox 365 2989 1949 3062">
     <span class='ocr_line' id='line_1_30' title="bbox 365 2989 1949 3062; baseline -0.004 -15"><span class='ocrx_word' id='word_1_244' title='bbox 365 3009 486 3047; x_wconf 89' lang='lat' dir='ltr'><strong>cum</strong></span> <span class='ocrx_word' id='word_1_245' title='bbox 528 2994 837 3062; x_wconf 88' lang='lat' dir='ltr'><strong>reputavit:</strong></span> <span class='ocrx_word' id='word_1_246' title='bbox 875 2992 1012 3059; x_wconf 86' lang='lat' dir='ltr'><strong>Quid</strong></span> <span class='ocrx_word' id='word_1_247' title='bbox 1044 2992 1145 3047; x_wconf 92' lang='lat' dir='ltr'><strong>hoc</strong></span> <span class='ocrx_word' id='word_1_248' title='bbox 1185 2991 1310 3047; x_wconf 81' lang='lat' dir='ltr'><strong>eSt?</strong></span> <span class='ocrx_word' id='word_1_249' title='bbox 1354 3006 1420 3044; x_wconf 89' lang='lat' dir='ltr'><strong>an</strong></span> <span class='ocrx_word' id='word_1_250' title='bbox 1462 2991 1632 3055; x_wconf 84' lang='lat' dir='ltr'><strong>lutum</strong></span> <span class='ocrx_word' id='word_1_251' title='bbox 1677 2989 1949 3057; x_wconf 88' lang='lat' dir='ltr'><strong>imponere</strong></span> 
     </span>
    </p>
   </div>
   <div class='ocr_carea' id='block_1_31' title="bbox 364 3081 1948 3155">
    <p class='ocr_par' dir='ltr' id='par_1_31' title="bbox 364 3081 1948 3155">
     <span class='ocr_line' id='line_1_31' title="bbox 364 3081 1948 3155; baseline -0.003 -16"><span class='ocrx_word' id='word_1_252' title='bbox 364 3085 639 3153; x_wconf 84' lang='lat' dir='ltr'><strong>oportuit?</strong></span> <span class='ocrx_word' id='word_1_253' title='bbox 664 3085 765 3140; x_wconf 91' lang='lat' dir='ltr'><strong>hoc</strong></span> <span class='ocrx_word' id='word_1_254' title='bbox 786 3086 963 3155; x_wconf 89' lang='lat' dir='ltr'><strong>potius</strong></span> <span class='ocrx_word' id='word_1_255' title='bbox 984 3098 1183 3139; x_wconf 58' lang='lat' dir='ltr'><strong>caecum</strong></span> <span class='ocrx_word' id='word_1_256' title='bbox 1207 3082 1498 3137; x_wconf 90' lang='lat' dir='ltr'><strong>reddiderit</strong></span> <span class='ocrx_word' id='word_1_257' title='bbox 1525 3099 1537 3136; x_wconf 91' lang='lat'><strong>:</strong></span> <span class='ocrx_word' id='word_1_258' title='bbox 1560 3081 1678 3151; x_wconf 88' lang='lat' dir='ltr'><strong>quis</strong></span> <span class='ocrx_word' id='word_1_259' title='bbox 1699 3096 1948 3150; x_wconf 70' lang='lat' dir='ltr'><strong>quiquam</strong></span> 
     </span>
    </p>
   </div>
   <div class='ocr_carea' id='block_1_32' title="bbox 366 3171 1948 3246">
    <p class='ocr_par' dir='ltr' id='par_1_32' title="bbox 366 3171 1948 3246">
     <span class='ocr_line' id='line_1_32' title="bbox 366 3171 1948 3246; baseline -0.004 -15"><span class='ocrx_word' id='word_1_260' title='bbox 366 3178 445 3231; x_wconf 91' lang='lat' dir='ltr'><strong>sic</strong></span> <span class='ocrx_word' id='word_1_261' title='bbox 483 3177 654 3230; x_wconf 86' lang='lat' dir='ltr'><strong>visum</strong></span> <span class='ocrx_word' id='word_1_262' title='bbox 696 3177 939 3246; x_wconf 83' lang='lat' dir='ltr'><strong>recepit?</strong></span> <span class='ocrx_word' id='word_1_263' title='bbox 977 3176 1082 3233; x_wconf 89' lang='lat' dir='ltr'><strong>Sed</strong></span> <span class='ocrx_word' id='word_1_264' title='bbox 1122 3174 1254 3231; x_wconf 88' lang='lat' dir='ltr'><strong>nihil</strong></span> <span class='ocrx_word' id='word_1_265' title='bbox 1281 3175 1468 3228; x_wconf 90' lang='lat' dir='ltr'><strong>horum</strong></span> <span class='ocrx_word' id='word_1_266' title='bbox 1497 3173 1766 3242; x_wconf 79' lang='lat' dir='ltr'><strong>Cogitavit.</strong></span> <span class='ocrx_word' id='word_1_267' title='bbox 1800 3171 1948 3226; x_wconf 84' lang='lat' dir='ltr'><strong>Vidi-</strong></span> 
     </span>
    </p>
   </div>
   <div class='ocr_carea' id='block_1_33' title="bbox 363 3263 1948 3323">
    <p class='ocr_par' dir='ltr' id='par_1_33' title="bbox 363 3263 1948 3323">
     <span class='ocr_line' id='line_1_33' title="bbox 363 3263 1948 3323; baseline -0.002 -3"><span class='ocrx_word' id='word_1_268' title='bbox 363 3269 487 3321; x_wconf 85' lang='lat' dir='ltr'><strong>stin‘</strong></span> <span class='ocrx_word' id='word_1_269' title='bbox 521 3268 677 3323; x_wconf 86' lang='lat' dir='ltr'><strong>ﬁdetn</strong></span> <span class='ocrx_word' id='word_1_270' title='bbox 710 3279 765 3322; x_wconf 91' lang='lat' dir='ltr'><strong>et</strong></span> <span class='ocrx_word' id='word_1_271' title='bbox 798 3268 1031 3321; x_wconf 88' lang='lat' dir='ltr'><strong>animum</strong></span> <span class='ocrx_word' id='word_1_272' title='bbox 1071 3266 1324 3322; x_wconf 79' lang='lat' dir='ltr'><strong>ﬁrmum?</strong></span> <span class='ocrx_word' id='word_1_273' title='bbox 1360 3264 1501 3318; x_wconf 83' lang='lat' dir='ltr'><strong>Venit</strong></span> <span class='ocrx_word' id='word_1_274' title='bbox 1535 3281 1654 3317; x_wconf 71' lang='lat' dir='ltr'><strong>nox.</strong></span> <span class='ocrx_word' id='word_1_275' title='bbox 1699 3263 1831 3317; x_wconf 85' lang='lat' dir='ltr'><strong>flinc</strong></span> <span class='ocrx_word' id='word_1_276' title='bbox 1857 3278 1948 3317; x_wconf 85' lang='lat' dir='ltr'><strong>os-</strong></span> 
     </span>
    </p>
   </div>
   <div class='ocr_carea' id='block_1_34' title="bbox 366 3354 1946 3431">
    <p class='ocr_par' dir='ltr' id='par_1_34' title="bbox 366 3354 1946 3431">
     <span class='ocr_line' id='line_1_34' title="bbox 366 3354 1946 3431; baseline -0.005 -17"><span class='ocrx_word' id='word_1_277' title='bbox 366 3362 553 3426; x_wconf 88' lang='lat' dir='ltr'><strong>tendit,</strong></span> <span class='ocrx_word' id='word_1_278' title='bbox 599 3361 760 3417; x_wconf 89' lang='lat' dir='ltr'><strong>etiam</strong></span> <span class='ocrx_word' id='word_1_279' title='bbox 796 3372 914 3431; x_wconf 90' lang='lat' dir='ltr'><strong>post</strong></span> <span class='ocrx_word' id='word_1_280' title='bbox 944 3374 1158 3415; x_wconf 89' lang='lat' dir='ltr'><strong>erucem</strong></span> <span class='ocrx_word' id='word_1_281' title='bbox 1185 3375 1244 3413; x_wconf 92' lang='lat' dir='ltr'><strong>se</strong></span> <span class='ocrx_word' id='word_1_282' title='bbox 1271 3359 1553 3428; x_wconf 89' lang='lat' dir='ltr'><strong>impiorum</strong></span> <span class='ocrx_word' id='word_1_283' title='bbox 1584 3371 1765 3412; x_wconf 90' lang='lat' dir='ltr'><strong>curam</strong></span> <span class='ocrx_word' id='word_1_284' title='bbox 1793 3354 1946 3407; x_wconf 88' lang='lat' dir='ltr'><strong>habi-</strong></span> 
     </span>
    </p>
   </div>
   <div class='ocr_carea' id='block_1_35' title="bbox 366 3448 1945 3523">
    <p class='ocr_par' dir='ltr' id='par_1_35' title="bbox 366 3448 1945 3523">
     <span class='ocr_line' id='line_1_35' title="bbox 366 3448 1945 3523; baseline -0.004 -16"><span class='ocrx_word' id='word_1_285' title='bbox 366 3465 541 3508; x_wconf 88' lang='lat' dir='ltr'><strong>turum</strong></span> <span class='ocrx_word' id='word_1_286' title='bbox 571 3470 710 3519; x_wconf 91' lang='lat' dir='ltr'><strong>esse,</strong></span> <span class='ocrx_word' id='word_1_287' title='bbox 744 3454 1044 3523; x_wconf 89' lang='lat' dir='ltr'><strong>multosque</strong></span> <span class='ocrx_word' id='word_1_288' title='bbox 1073 3460 1443 3505; x_wconf 87' lang='lat' dir='ltr'><strong>attracturutn.</strong></span> <span class='ocrx_word' id='word_1_289' title='bbox 1475 3452 1657 3503; x_wconf 83' lang='lat' dir='ltr'><strong>Adhuc</strong></span> <span class='ocrx_word' id='word_1_290' title='bbox 1701 3448 1807 3501; x_wconf 80' lang='lat' dir='ltr'><strong>dies</strong></span> <span class='ocrx_word' id='word_1_291' title='bbox 1850 3456 1945 3501; x_wconf 76' lang='lat' dir='ltr'><strong>est.</strong></span> 
     </span>
    </p>
   </div>
   <div class='ocr_carea' id='block_1_36' title="bbox 365 3539 1945 3615">
    <p class='ocr_par' dir='ltr' id='par_1_36' title="bbox 365 3539 1945 3615">
     <span class='ocr_line' id='line_1_36' title="bbox 365 3539 1945 3615; baseline -0.006 -12"><span class='ocrx_word' id='word_1_292' title='bbox 365 3547 597 3603; x_wconf 83' lang='lat' dir='ltr'><strong>Posthac</strong></span> <span class='ocrx_word' id='word_1_293' title='bbox 643 3562 768 3601; x_wconf 90' lang='lat' dir='ltr'><strong>vero</strong></span> <span class='ocrx_word' id='word_1_294' title='bbox 817 3546 941 3600; x_wconf 89' lang='lat' dir='ltr'><strong>illos</strong></span> <span class='ocrx_word' id='word_1_295' title='bbox 987 3545 1197 3615; x_wconf 88' lang='lat' dir='ltr'><strong>penitus</strong></span> <span class='ocrx_word' id='word_1_296' title='bbox 1243 3543 1548 3605; x_wconf 86' lang='lat' dir='ltr'><strong>abseindet,</strong></span> <span class='ocrx_word' id='word_1_297' title='bbox 1580 3540 1718 3611; x_wconf 89' lang='lat' dir='ltr'><strong>quod</strong></span> <span class='ocrx_word' id='word_1_298' title='bbox 1750 3543 1818 3593; x_wconf 90' lang='lat' dir='ltr'><strong>ita</strong></span> <span class='ocrx_word' id='word_1_299' title='bbox 1848 3539 1945 3593; x_wconf 88' lang='lat' dir='ltr'><strong>de-</strong></span> 
     </span>
    </p>
   </div>
   <div class='ocr_carea' id='block_1_37' title="bbox 363 3632 1942 3704">
    <p class='ocr_par' dir='ltr' id='par_1_37' title="bbox 363 3632 1942 3704">
     <span class='ocr_line' id='line_1_37' title="bbox 363 3632 1942 3704; baseline -0.008 -9"><span class='ocrx_word' id='word_1_300' title='bbox 363 3641 575 3695; x_wconf 86' lang='lat' dir='ltr'><strong>clarat:</strong></span> <span class='ocrx_word' id='word_1_301' title='bbox 617 3641 669 3695; x_wconf 83' lang='lat'><strong>5.</strong></span> <span class='ocrx_word' id='word_1_302' title='bbox 705 3640 959 3704; x_wconf 82' lang='lat' dir='ltr'><strong>Quamdiu</strong></span> <span class='ocrx_word' id='word_1_303' title='bbox 999 3640 1050 3691; x_wconf 90' lang='lat' dir='ltr'><strong>in</strong></span> <span class='ocrx_word' id='word_1_304' title='bbox 1092 3638 1279 3689; x_wconf 89' lang='lat' dir='ltr'><strong>mundo</strong></span> <span class='ocrx_word' id='word_1_305' title='bbox 1308 3652 1439 3697; x_wconf 83' lang='lat' dir='ltr'><strong>sum,</strong></span> <span class='ocrx_word' id='word_1_306' title='bbox 1480 3635 1571 3688; x_wconf 67' lang='lat' dir='ltr'><strong>lum</strong></span> <span class='ocrx_word' id='word_1_307' title='bbox 1610 3650 1720 3687; x_wconf 84' lang='lat' dir='ltr'><strong>sum</strong></span> <span class='ocrx_word' id='word_1_308' title='bbox 1748 3632 1942 3683; x_wconf 88' lang='lat' dir='ltr'><strong>mundi.</strong></span> 
     </span>
    </p>
   </div>
   <div class='ocr_carea' id='block_1_38' title="bbox 364 3722 1946 3797">
    <p class='ocr_par' dir='ltr' id='par_1_38' title="bbox 364 3722 1946 3797">
     <span class='ocr_line' id='line_1_38' title="bbox 364 3722 1946 3797; baseline -0.008 -11"><span class='ocrx_word' id='word_1_309' title='bbox 364 3732 517 3797; x_wconf 87' lang='lat' dir='ltr'><strong>Quod</strong></span> <span class='ocrx_word' id='word_1_310' title='bbox 558 3732 715 3785; x_wconf 87' lang='lat' dir='ltr'><strong>etiam</strong></span> <span class='ocrx_word' id='word_1_311' title='bbox 763 3730 880 3784; x_wconf 88' lang='lat' dir='ltr'><strong>aliis</strong></span> <span class='ocrx_word' id='word_1_312' title='bbox 923 3729 1094 3783; x_wconf 83' lang='lat' dir='ltr'><strong>dixit:</strong></span> <span class='ocrx_word' id='word_1_313' title='bbox 1125 3727 1342 3790; x_wconf 78' lang='lat' dir='ltr'><strong>Credite,</strong></span> <span class='ocrx_word' id='word_1_314' title='bbox 1386 3728 1542 3780; x_wconf 88' lang='lat' dir='ltr'><strong>donec</strong></span> <span class='ocrx_word' id='word_1_315' title='bbox 1576 3725 1667 3777; x_wconf 79' lang='lat' dir='ltr'><strong>tua:</strong></span> <span class='ocrx_word' id='word_1_316' title='bbox 1694 3722 1946 3776; x_wconf 84' lang='lat' dir='ltr'><strong>vobiscum</strong></span> 
     </span>
    </p>
   </div>
   <div class='ocr_carea' id='block_1_39' title="bbox 363 3820 900 3891">
    <p class='ocr_par' dir='ltr' id='par_1_39' title="bbox 363 3820 900 3891">
     <span class='ocr_line' id='line_1_39' title="bbox 363 3820 900 3891; baseline 0 -14"><span class='ocrx_word' id='word_1_317' title='bbox 363 3834 436 3878; x_wconf 71' lang='lat' dir='ltr'><strong>est</strong></span> <span class='ocrx_word' id='word_1_318' title='bbox 460 3823 636 3891; x_wconf 85' lang='lat' dir='ltr'><strong>(Joan.</strong></span> <span class='ocrx_word' id='word_1_319' title='bbox 670 3822 753 3876; x_wconf 79' lang='grc'><strong>12.</strong></span> <span class='ocrx_word' id='word_1_320' title='bbox 786 3820 874 3891; x_wconf 79' lang='grc'><strong>’56)</strong></span> <span class='ocrx_word' id='word_1_321' title='bbox 886 3863 900 3877; x_wconf 92' lang='grc'><strong>.</strong></span> 
     </span>
    </p>
   </div>
   <div class='ocr_carea' id='block_1_40' title="bbox 438 3912 1947 3987">
    <p class='ocr_par' dir='ltr' id='par_1_40' title="bbox 438 3912 1947 3987">
     <span class='ocr_line' id='line_1_40' title="bbox 438 3912 1947 3987; baseline -0.009 -14"><span class='ocrx_word' id='word_1_322' title='bbox 438 3921 492 3973; x_wconf 81' lang='grc'>5.</span> <span class='ocrx_word' id='word_1_323' title='bbox 534 3918 642 3973; x_wconf 91' lang='lat' dir='ltr'><strong>Cur</strong></span> <span class='ocrx_word' id='word_1_324' title='bbox 669 3932 796 3987; x_wconf 84' lang='lat' dir='ltr'><strong>ergo</strong></span> <span class='ocrx_word' id='word_1_325' title='bbox 826 3916 1021 3971; x_wconf 89' lang='lat' dir='ltr'><strong>Paulus</strong></span> <span class='ocrx_word' id='word_1_326' title='bbox 1052 3921 1367 3985; x_wconf 68' lang='lat' dir='ltr'><strong>prmsentem</strong></span> <span class='ocrx_word' id='word_1_327' title='bbox 1400 3912 1560 3965; x_wconf 90' lang='lat' dir='ltr'><strong>vitam</strong></span> <span class='ocrx_word' id='word_1_328' title='bbox 1592 3920 1803 3965; x_wconf 87' lang='lat' dir='ltr'><strong>noctem</strong></span> <span class='ocrx_word' id='word_1_329' title='bbox 1852 3926 1947 3961; x_wconf 81' lang='lat' dir='ltr'><strong>vn-</strong></span> 
     </span>
    </p>
   </div>
   <div class='ocr_carea' id='block_1_41' title="bbox 356 3989 1945 4076">
    <p class='ocr_par' dir='ltr' id='par_1_41' title="bbox 356 3989 1945 4076">
     <span class='ocr_line' id='line_1_41' title="bbox 356 3989 1945 4076; baseline -0.006 -11"><span class='ocrx_word' id='word_1_330' title='bbox 356 3989 524 4076; x_wconf 75' lang='lat' dir='ltr'><strong>cavit,</strong></span> <span class='ocrx_word' id='word_1_331' title='bbox 560 4011 700 4064; x_wconf 88' lang='lat' dir='ltr'><strong>illam</strong></span> <span class='ocrx_word' id='word_1_332' title='bbox 727 4019 903 4063; x_wconf 89' lang='lat' dir='ltr'><strong>atttem</strong></span> <span class='ocrx_word' id='word_1_333' title='bbox 928 4008 1085 4060; x_wconf 87' lang='lat' dir='ltr'><strong>vitam</strong></span> <span class='ocrx_word' id='word_1_334' title='bbox 1104 4007 1283 4061; x_wconf 83' lang='lat' dir='ltr'><strong>diem?</strong></span> <span class='ocrx_word' id='word_1_335' title='bbox 1314 4005 1427 4058; x_wconf 87' lang='lat' dir='ltr'><strong>Non</strong></span> <span class='ocrx_word' id='word_1_336' title='bbox 1455 4008 1719 4058; x_wconf 79' lang='lat' dir='ltr'><strong>contraria</strong></span> <span class='ocrx_word' id='word_1_337' title='bbox 1749 4003 1945 4058; x_wconf 81' lang='lat' dir='ltr'><strong>Christi</strong></span> 
     </span>
    </p>
   </div>
   <div class='ocr_carea' id='block_1_42' title="bbox 365 4094 1942 4169">
    <p class='ocr_par' dir='ltr' id='par_1_42' title="bbox 365 4094 1942 4169">
     <span class='ocr_line' id='line_1_42' title="bbox 365 4094 1942 4169; baseline -0.006 -14"><span class='ocrx_word' id='word_1_338' title='bbox 365 4105 564 4165; x_wconf 80' lang='lat' dir='ltr'><strong>verbis,</strong></span> <span class='ocrx_word' id='word_1_339' title='bbox 609 4102 703 4156; x_wconf 91' lang='lat' dir='ltr'><strong>sed</strong></span> <span class='ocrx_word' id='word_1_340' title='bbox 748 4101 935 4155; x_wconf 89' lang='lat' dir='ltr'><strong>eadem</strong></span> <span class='ocrx_word' id='word_1_341' title='bbox 986 4100 1098 4169; x_wconf 88' lang='lat' dir='ltr'><strong>ipsa</strong></span> <span class='ocrx_word' id='word_1_342' title='bbox 1142 4099 1324 4151; x_wconf 89' lang='lat' dir='ltr'><strong>dicens</strong></span> <span class='ocrx_word' id='word_1_343' title='bbox 1372 4106 1571 4161; x_wconf 84' lang='lat' dir='ltr'><strong>tuente,</strong></span> <span class='ocrx_word' id='word_1_344' title='bbox 1624 4111 1729 4147; x_wconf 91' lang='lat' dir='ltr'><strong>non</strong></span> <span class='ocrx_word' id='word_1_345' title='bbox 1769 4094 1942 4157; x_wconf 87' lang='lat' dir='ltr'><strong>litera,</strong></span> 
     </span>
    </p>
   </div>
   <div class='ocr_carea' id='block_1_43' title="bbox 364 4186 1945 4264">
    <p class='ocr_par' dir='ltr' id='par_1_43' title="bbox 364 4186 1945 4264">
     <span class='ocr_line' id='line_1_43' title="bbox 364 4186 1945 4264; baseline -0.007 -15"><span class='ocrx_word' id='word_1_346' title='bbox 364 4210 600 4264; x_wconf 79' lang='lat' dir='ltr'><strong>nempe,</strong></span> <span class='ocrx_word' id='word_1_347' title='bbox 652 4192 774 4245; x_wconf 75' lang='lat' dir='ltr'><strong>Nox</strong></span> <span class='ocrx_word' id='word_1_348' title='bbox 820 4193 1088 4259; x_wconf 65' lang='lat' dir='ltr'><strong>praecessit,</strong></span> <span class='ocrx_word' id='word_1_349' title='bbox 1156 4190 1261 4242; x_wconf 83' lang='lat' dir='ltr'><strong>dies</strong></span> <span class='ocrx_word' id='word_1_350' title='bbox 1311 4198 1476 4241; x_wconf 85' lang='lat' dir='ltr'><strong>autent</strong></span> <span class='ocrx_word' id='word_1_351' title='bbox 1528 4186 1945 4257; x_wconf 77' lang='lat' dir='ltr'><strong>appropinquavit</strong></span> 
     </span>
    </p>
   </div>
   <div class='ocr_carea' id='block_1_44' title="bbox 365 4282 1941 4358">
    <p class='ocr_par' dir='ltr' id='par_1_44' title="bbox 365 4282 1941 4358">
     <span class='ocr_line' id='line_1_44' title="bbox 365 4282 1941 4358; baseline -0.007 -16"><span class='ocrx_word' id='word_1_352' title='bbox 365 4288 540 4358; x_wconf 77' lang='lat' dir='ltr'><strong>(Rom.</strong></span> <span class='ocrx_word' id='word_1_353' title='bbox 570 4288 655 4341; x_wconf 74' lang='grc'><strong>13.</strong></span> <span class='ocrx_word' id='word_1_354' title='bbox 688 4285 796 4357; x_wconf 72' lang='lat'><strong>1‘2).</strong></span> <span class='ocrx_word' id='word_1_355' title='bbox 834 4285 1053 4339; x_wconf 84' lang='lat' dir='ltr'><strong>Noctem</strong></span> <span class='ocrx_word' id='word_1_356' title='bbox 1094 4282 1233 4336; x_wconf 88' lang='lat' dir='ltr'><strong>enim</strong></span> <span class='ocrx_word' id='word_1_357' title='bbox 1268 4294 1503 4350; x_wconf 70' lang='lat' dir='ltr'><strong>prmsens</strong></span> <span class='ocrx_word' id='word_1_358' title='bbox 1531 4290 1738 4348; x_wconf 84' lang='lat' dir='ltr'><strong>tempus</strong></span> <span class='ocrx_word' id='word_1_359' title='bbox 1768 4289 1941 4341; x_wconf 89' lang='lat' dir='ltr'><strong>vocat,</strong></span> 
     </span>
    </p>
   </div>
   <div class='ocr_carea' id='block_1_45' title="bbox 364 4370 1946 4448">
    <p class='ocr_par' dir='ltr' id='par_1_45' title="bbox 364 4370 1946 4448">
     <span class='ocr_line' id='line_1_45' title="bbox 364 4370 1946 4448; baseline -0.006 -16"><span class='ocrx_word' id='word_1_360' title='bbox 364 4389 584 4448; x_wconf 86' lang='lat' dir='ltr'><strong>propter</strong></span> <span class='ocrx_word' id='word_1_361' title='bbox 612 4395 703 4433; x_wconf 88' lang='lat' dir='ltr'><strong>eos</strong></span> <span class='ocrx_word' id='word_1_362' title='bbox 729 4377 815 4447; x_wconf 91' lang='lat' dir='ltr'><strong>qni</strong></span> <span class='ocrx_word' id='word_1_363' title='bbox 846 4377 897 4430; x_wconf 92' lang='lat' dir='ltr'><strong>in</strong></span> <span class='ocrx_word' id='word_1_364' title='bbox 944 4375 1176 4429; x_wconf 85' lang='lat' dir='ltr'><strong>tenebris</strong></span> <span class='ocrx_word' id='word_1_365' title='bbox 1220 4372 1427 4436; x_wconf 83' lang='lat' dir='ltr'><strong>sedent,</strong></span> <span class='ocrx_word' id='word_1_366' title='bbox 1473 4373 1555 4427; x_wconf 88' lang='lat' dir='ltr'><strong>vel</strong></span> <span class='ocrx_word' id='word_1_367' title='bbox 1586 4370 1946 4439; x_wconf 82' lang='lat' dir='ltr'><strong>comparando</strong></span> 
     </span>
    </p>
   </div>
   <div class='ocr_carea' id='block_1_46' title="bbox 364 4463 1944 4535">
    <p class='ocr_par' dir='ltr' id='par_1_46' title="bbox 364 4463 1944 4535">
     <span class='ocr_line' id='line_1_46' title="bbox 364 4463 1944 4535; baseline -0.008 -10"><span class='ocrx_word' id='word_1_368' title='bbox 364 4487 481 4525; x_wconf 90' lang='lat' dir='ltr'><strong>eam</strong></span> <span class='ocrx_word' id='word_1_369' title='bbox 510 4487 629 4524; x_wconf 90' lang='lat' dir='ltr'><strong>eum</strong></span> <span class='ocrx_word' id='word_1_370' title='bbox 659 4471 742 4523; x_wconf 86' lang='lat' dir='ltr'><strong>illa</strong></span> <span class='ocrx_word' id='word_1_371' title='bbox 772 4469 858 4523; x_wconf 91' lang='lat' dir='ltr'><strong>die</strong></span> <span class='ocrx_word' id='word_1_372' title='bbox 885 4487 896 4521; x_wconf 95' lang='lat'>:</span> <span class='ocrx_word' id='word_1_373' title='bbox 926 4469 1167 4521; x_wconf 76' lang='lat' dir='ltr'><strong>Christus</strong></span> <span class='ocrx_word' id='word_1_374' title='bbox 1197 4481 1322 4519; x_wconf 89' lang='lat' dir='ltr'><strong>vero</strong></span> <span class='ocrx_word' id='word_1_375' title='bbox 1350 4474 1561 4518; x_wconf 88' lang='lat' dir='ltr'><strong>noctem</strong></span> <span class='ocrx_word' id='word_1_376' title='bbox 1593 4464 1824 4535; x_wconf 75' lang='lat' dir='ltr'><strong>appellat</strong></span> <span class='ocrx_word' id='word_1_377' title='bbox 1863 4463 1944 4514; x_wconf 91' lang='lat' dir='ltr'><strong>fn-</strong></span> 
     </span>
    </p>
   </div>
   <div class='ocr_carea' id='block_1_47' title="bbox 364 4555 1943 4631">
    <p class='ocr_par' dir='ltr' id='par_1_47' title="bbox 364 4555 1943 4631">
     <span class='ocr_line' id='line_1_47' title="bbox 364 4555 1943 4631; baseline -0.007 -13"><span class='ocrx_word' id='word_1_378' title='bbox 364 4574 542 4618; x_wconf 90' lang='lat' dir='ltr'><strong>turutn</strong></span> <span class='ocrx_word' id='word_1_379' title='bbox 574 4572 801 4631; x_wconf 87' lang='lat' dir='ltr'><strong>tempus,</strong></span> <span class='ocrx_word' id='word_1_380' title='bbox 830 4560 969 4630; x_wconf 91' lang='lat' dir='ltr'><strong>quod</strong></span> <span class='ocrx_word' id='word_1_381' title='bbox 998 4569 1120 4614; x_wconf 92' lang='lat' dir='ltr'><strong>tunc</strong></span> <span class='ocrx_word' id='word_1_382' title='bbox 1147 4575 1174 4612; x_wconf 89' lang='lat' dir='ltr'><strong>a</strong></span> <span class='ocrx_word' id='word_1_383' title='bbox 1206 4557 1476 4628; x_wconf 86' lang='lat' dir='ltr'><strong>peccando</strong></span> <span class='ocrx_word' id='word_1_384' title='bbox 1515 4570 1771 4611; x_wconf 89' lang='lat' dir='ltr'><strong>cessetur.</strong></span> <span class='ocrx_word' id='word_1_385' title='bbox 1805 4555 1943 4608; x_wconf 83' lang='lat' dir='ltr'><strong>Pau-</strong></span> 
     </span>
    </p>
   </div>
   <div class='ocr_carea' id='block_1_48' title="bbox 364 4648 1942 4726">
    <p class='ocr_par' dir='ltr' id='par_1_48' title="bbox 364 4648 1942 4726">
     <span class='ocr_line' id='line_1_48' title="bbox 364 4648 1942 4726; baseline -0.008 -13"><span class='ocrx_word' id='word_1_386' title='bbox 364 4660 447 4713; x_wconf 88' lang='lat' dir='ltr'><strong>lus</strong></span> <span class='ocrx_word' id='word_1_387' title='bbox 479 4674 606 4711; x_wconf 90' lang='lat' dir='ltr'><strong>vero</strong></span> <span class='ocrx_word' id='word_1_388' title='bbox 653 4665 967 4726; x_wconf 81' lang='lat' dir='ltr'><strong>praesentem</strong></span> <span class='ocrx_word' id='word_1_389' title='bbox 1011 4656 1169 4707; x_wconf 85' lang='lat' dir='ltr'><strong>vitam</strong></span> <span class='ocrx_word' id='word_1_390' title='bbox 1216 4664 1424 4705; x_wconf 90' lang='lat' dir='ltr'><strong>noctem</strong></span> <span class='ocrx_word' id='word_1_391' title='bbox 1468 4649 1718 4719; x_wconf 90' lang='lat' dir='ltr'><strong>appellat,</strong></span> <span class='ocrx_word' id='word_1_392' title='bbox 1762 4648 1881 4717; x_wconf 86' lang='lat' dir='ltr'><strong>quia</strong></span> <span class='ocrx_word' id='word_1_393' title='bbox 1909 4648 1942 4700; x_wconf 90' lang='lat' dir='ltr'><strong>ii</strong></span> 
     </span>
    </p>
   </div>
   <div class='ocr_carea' id='block_1_49' title="bbox 364 4737 1943 4819">
    <p class='ocr_par' dir='ltr' id='par_1_49' title="bbox 364 4737 1943 4819">
     <span class='ocr_line' id='line_1_49' title="bbox 364 4737 1943 4819; baseline -0.007 -17"><span class='ocrx_word' id='word_1_394' title='bbox 364 4754 532 4819; x_wconf 89' lang='lat' dir='ltr'><strong>quiin</strong></span> <span class='ocrx_word' id='word_1_395' title='bbox 582 4749 812 4818; x_wconf 88' lang='lat' dir='ltr'><strong>nequitia</strong></span> <span class='ocrx_word' id='word_1_396' title='bbox 858 4758 911 4800; x_wconf 89' lang='lat' dir='ltr'><strong>et</strong></span> <span class='ocrx_word' id='word_1_397' title='bbox 957 4744 1322 4800; x_wconf 86' lang='lat' dir='ltr'><strong>incredulitate</strong></span> <span class='ocrx_word' id='word_1_398' title='bbox 1361 4742 1560 4801; x_wconf 81' lang='lat' dir='ltr'><strong>vivunt,</strong></span> <span class='ocrx_word' id='word_1_399' title='bbox 1610 4741 1661 4793; x_wconf 91' lang='lat' dir='ltr'><strong>in</strong></span> <span class='ocrx_word' id='word_1_400' title='bbox 1713 4737 1943 4792; x_wconf 78' lang='lat' dir='ltr'><strong>tenebris</strong></span> 
     </span>
    </p>
   </div>
   <div class='ocr_carea' id='block_1_50' title="bbox 363 4832 1945 4908">
    <p class='ocr_par' dir='ltr' id='par_1_50' title="bbox 363 4832 1945 4908">
     <span class='ocr_line' id='line_1_50' title="bbox 363 4832 1945 4908; baseline -0.009 -10"><span class='ocrx_word' id='word_1_401' title='bbox 363 4853 507 4899; x_wconf 78' lang='lat' dir='ltr'><strong>sunt.</strong></span> <span class='ocrx_word' id='word_1_402' title='bbox 540 4844 749 4897; x_wconf 79' lang='lat' dir='ltr'><strong>Fideles</strong></span> <span class='ocrx_word' id='word_1_403' title='bbox 778 4842 935 4908; x_wconf 74' lang='lat' dir='ltr'><strong>igitur</strong></span> <span class='ocrx_word' id='word_1_404' title='bbox 960 4839 1232 4906; x_wconf 88' lang='lat' dir='ltr'><strong>alloquens</strong></span> <span class='ocrx_word' id='word_1_405' title='bbox 1256 4837 1351 4898; x_wconf 89' lang='lat' dir='ltr'><strong>ait,</strong></span> <span class='ocrx_word' id='word_1_406' title='bbox 1391 4834 1510 4888; x_wconf 75' lang='lat' dir='ltr'><strong>Nox</strong></span> <span class='ocrx_word' id='word_1_407' title='bbox 1539 4832 1810 4903; x_wconf 66' lang='lat' dir='ltr'><strong>praecessit,</strong></span> <span class='ocrx_word' id='word_1_408' title='bbox 1840 4832 1945 4884; x_wconf 77' lang='lat' dir='ltr'><strong>dies</strong></span> 
     </span>
    </p>
   </div>
   <div class='ocr_carea' id='block_1_51' title="bbox 362 4921 1943 5003">
    <p class='ocr_par' dir='ltr' id='par_1_51' title="bbox 362 4921 1943 5003">
     <span class='ocr_line' id='line_1_51' title="bbox 362 4921 1943 5003; baseline -0.009 -14"><span class='ocrx_word' id='word_1_409' title='bbox 362 4946 529 4989; x_wconf 79' lang='lat' dir='ltr'><strong>autem</strong></span> <span class='ocrx_word' id='word_1_410' title='bbox 574 4930 1012 5003; x_wconf 63' lang='lat' dir='ltr'><strong>appropinquavit,</strong></span> <span class='ocrx_word' id='word_1_411' title='bbox 1070 4937 1249 4996; x_wconf 83' lang='lat' dir='ltr'><strong>utpote</strong></span> <span class='ocrx_word' id='word_1_412' title='bbox 1296 4926 1383 4994; x_wconf 91' lang='lat' dir='ltr'><strong>qui</strong></span> <span class='ocrx_word' id='word_1_413' title='bbox 1435 4926 1553 4979; x_wconf 88' lang='lat' dir='ltr'><strong>luce</strong></span> <span class='ocrx_word' id='word_1_414' title='bbox 1602 4923 1690 4977; x_wconf 77' lang='lat' dir='ltr'><strong>illa</strong></span> <span class='ocrx_word' id='word_1_415' title='bbox 1734 4921 1943 4975; x_wconf 85' lang='lat' dir='ltr'><strong>fruituri</strong></span> 
     </span>
    </p>
   </div>
   <div class='ocr_carea' id='block_1_52' title="bbox 362 5014 1943 5085">
    <p class='ocr_par' dir='ltr' id='par_1_52' title="bbox 362 5014 1943 5085">
     <span class='ocr_line' id='line_1_52' title="bbox 362 5014 1943 5085; baseline -0.012 -3"><span class='ocrx_word' id='word_1_416' title='bbox 362 5031 468 5082; x_wconf 83' lang='lat' dir='ltr'><strong>sint</strong></span> <span class='ocrx_word' id='word_1_417' title='bbox 499 5045 511 5079; x_wconf 91' lang='lat'>:</span> <span class='ocrx_word' id='word_1_418' title='bbox 545 5038 757 5080; x_wconf 88' lang='lat' dir='ltr'><strong>noctem</strong></span> <span class='ocrx_word' id='word_1_419' title='bbox 800 5039 928 5079; x_wconf 88' lang='lat' dir='ltr'><strong>vero</strong></span> <span class='ocrx_word' id='word_1_420' title='bbox 970 5035 1204 5076; x_wconf 88' lang='lat' dir='ltr'><strong>veterem</strong></span> <span class='ocrx_word' id='word_1_421' title='bbox 1249 5018 1409 5071; x_wconf 90' lang='lat' dir='ltr'><strong>vitam</strong></span> <span class='ocrx_word' id='word_1_422' title='bbox 1436 5017 1688 5085; x_wconf 86' lang='lat' dir='ltr'><strong>appellat.</strong></span> <span class='ocrx_word' id='word_1_423' title='bbox 1718 5014 1943 5083; x_wconf 85' lang='lat' dir='ltr'><strong>Abjicia-</strong></span> 
     </span>
    </p>
   </div>
   <div class='ocr_carea' id='block_1_53' title="bbox 365 5105 1944 5187">
    <p class='ocr_par' dir='ltr' id='par_1_53' title="bbox 365 5105 1944 5187">
     <span class='ocr_line' id='line_1_53' title="bbox 365 5105 1944 5187; baseline -0.011 -14"><span class='ocrx_word' id='word_1_424' title='bbox 365 5138 495 5182; x_wconf 79' lang='lat' dir='ltr'><strong>mus,</strong></span> <span class='ocrx_word' id='word_1_425' title='bbox 547 5120 736 5187; x_wconf 83' lang='lat' dir='ltr'><strong>inquit,</strong></span> <span class='ocrx_word' id='word_1_426' title='bbox 787 5132 941 5186; x_wconf 85' lang='lat' dir='ltr'><strong>opera</strong></span> <span class='ocrx_word' id='word_1_427' title='bbox 988 5112 1300 5167; x_wconf 83' lang='lat' dir='ltr'><strong>tenebrarum</strong></span> <span class='ocrx_word' id='word_1_428' title='bbox 1340 5106 1556 5179; x_wconf 87' lang='lat' dir='ltr'><strong>(Ibid).</strong></span> <span class='ocrx_word' id='word_1_429' title='bbox 1587 5105 1944 5159; x_wconf 81' lang='lat' dir='ltr'><strong>Viden‘illum</strong></span> 
     </span>
    </p>
   </div>
   <div class='ocr_carea' id='block_1_54' title="bbox 364 5196 1947 5279">
    <p class='ocr_par' dir='ltr' id='par_1_54' title="bbox 364 5196 1947 5279">
     <span class='ocr_line' id='line_1_54' title="bbox 364 5196 1947 5279; baseline -0.012 -12"><span class='ocrx_word' id='word_1_430' title='bbox 364 5222 576 5267; x_wconf 78' lang='lat' dir='ltr'><strong>noctem</strong></span> <span class='ocrx_word' id='word_1_431' title='bbox 610 5212 737 5279; x_wconf 78' lang='lat' dir='ltr'><strong>ipsis</strong></span> <span class='ocrx_word' id='word_1_432' title='bbox 781 5225 899 5265; x_wconf 86' lang='lat' dir='ltr'><strong>esse</strong></span> <span class='ocrx_word' id='word_1_433' title='bbox 927 5208 1143 5261; x_wconf 85' lang='lat' dir='ltr'><strong>dicere?</strong></span> <span class='ocrx_word' id='word_1_434' title='bbox 1167 5207 1343 5271; x_wconf 85' lang='lat' dir='ltr'><strong>Quare</strong></span> <span class='ocrx_word' id='word_1_435' title='bbox 1373 5200 1518 5254; x_wconf 90' lang='lat' dir='ltr'><strong>addit</strong></span> <span class='ocrx_word' id='word_1_436' title='bbox 1549 5219 1561 5253; x_wconf 89' lang='lat'><strong>:</strong></span> <span class='ocrx_word' id='word_1_437' title='bbox 1608 5197 1753 5253; x_wconf 86' lang='lat' dir='ltr'><strong>Sicut</strong></span> <span class='ocrx_word' id='word_1_438' title='bbox 1782 5198 1834 5251; x_wconf 86' lang='lat' dir='ltr'><strong>in</strong></span> <span class='ocrx_word' id='word_1_439' title='bbox 1862 5196 1947 5248; x_wconf 86' lang='lat' dir='ltr'><strong>die</strong></span> 
     </span>
    </p>
   </div>
   <div class='ocr_carea' id='block_1_55' title="bbox 364 5288 1942 5363">
    <p class='ocr_par' dir='ltr' id='par_1_55' title="bbox 364 5288 1942 5363">
     <span class='ocr_line' id='line_1_55' title="bbox 364 5288 1942 5363; baseline -0.01 -7"><span class='ocrx_word' id='word_1_440' title='bbox 364 5306 567 5356; x_wconf 78' lang='lat' dir='ltr'><strong>honeste</strong></span> <span class='ocrx_word' id='word_1_441' title='bbox 592 5301 922 5363; x_wconf 77' lang='lat' dir='ltr'><strong>ambulemus,</strong></span> <span class='ocrx_word' id='word_1_442' title='bbox 958 5308 1014 5352; x_wconf 90' lang='lat' dir='ltr'><strong>ut</strong></span> <span class='ocrx_word' id='word_1_443' title='bbox 1056 5302 1143 5351; x_wconf 73' lang='lat' dir='ltr'><strong>illa</strong></span> <span class='ocrx_word' id='word_1_444' title='bbox 1171 5296 1410 5349; x_wconf 81' lang='lat' dir='ltr'><strong>fruamur</strong></span> <span class='ocrx_word' id='word_1_445' title='bbox 1453 5292 1590 5345; x_wconf 89' lang='lat' dir='ltr'><strong>luce.</strong></span> <span class='ocrx_word' id='word_1_446' title='bbox 1621 5290 1751 5344; x_wconf 86' lang='lat' dir='ltr'><strong>Nam</strong></span> <span class='ocrx_word' id='word_1_447' title='bbox 1781 5289 1825 5342; x_wconf 90' lang='lat' dir='ltr'><strong>si</strong></span> <span class='ocrx_word' id='word_1_448' title='bbox 1854 5288 1942 5341; x_wconf 81' lang='lat' dir='ltr'><strong>lux</strong></span> 
     </span>
    </p>
   </div>
   <div class='ocr_carea' id='block_1_56' title="bbox 363 5381 1943 5461">
    <p class='ocr_par' dir='ltr' id='par_1_56' title="bbox 363 5381 1943 5461">
     <span class='ocr_line' id='line_1_56' title="bbox 363 5381 1943 5461; baseline -0.013 -10"><span class='ocrx_word' id='word_1_449' title='bbox 363 5393 480 5451; x_wconf 80' lang='lat' dir='ltr'><strong>bzec</strong></span> <span class='ocrx_word' id='word_1_450' title='bbox 506 5405 610 5446; x_wconf 90' lang='lat' dir='ltr'><strong>tam</strong></span> <span class='ocrx_word' id='word_1_451' title='bbox 642 5390 860 5461; x_wconf 89' lang='lat' dir='ltr'><strong>pulchra</strong></span> <span class='ocrx_word' id='word_1_452' title='bbox 888 5398 989 5454; x_wconf 90' lang='lat' dir='ltr'><strong>est,</strong></span> <span class='ocrx_word' id='word_1_453' title='bbox 1016 5388 1185 5457; x_wconf 85' lang='lat' dir='ltr'><strong>cogita</strong></span> <span class='ocrx_word' id='word_1_454' title='bbox 1213 5385 1382 5457; x_wconf 91' lang='lat' dir='ltr'><strong>qualis</strong></span> <span class='ocrx_word' id='word_1_455' title='bbox 1410 5383 1512 5438; x_wconf 90' lang='lat' dir='ltr'><strong>erit</strong></span> <span class='ocrx_word' id='word_1_456' title='bbox 1536 5382 1644 5435; x_wconf 91' lang='lat' dir='ltr'><strong>illa.</strong></span> <span class='ocrx_word' id='word_1_457' title='bbox 1677 5381 1943 5448; x_wconf 89' lang='lat' dir='ltr'><strong>Quantum</strong></span> 
     </span>
    </p>
   </div>
   <div class='ocr_carea' id='block_1_57' title="bbox 360 5470 1941 5542">
    <p class='ocr_par' dir='ltr' id='par_1_57' title="bbox 360 5470 1941 5542">
     <span class='ocr_line' id='line_1_57' title="bbox 360 5470 1941 5542; baseline -0.01 -6"><span class='ocrx_word' id='word_1_458' title='bbox 360 5486 503 5538; x_wconf 75' lang='lat' dir='ltr'><strong>unitn</strong></span> <span class='ocrx_word' id='word_1_459' title='bbox 530 5484 718 5538; x_wconf 86' lang='lat' dir='ltr'><strong>solaris</strong></span> <span class='ocrx_word' id='word_1_460' title='bbox 746 5481 925 5535; x_wconf 86' lang='lat' dir='ltr'><strong>radius</strong></span> <span class='ocrx_word' id='word_1_461' title='bbox 967 5487 1050 5533; x_wconf 87' lang='lat' dir='ltr'><strong>est</strong></span> <span class='ocrx_word' id='word_1_462' title='bbox 1097 5480 1327 5533; x_wconf 74' lang='lat' dir='ltr'><strong>lucerna:</strong></span> <span class='ocrx_word' id='word_1_463' title='bbox 1367 5474 1568 5530; x_wconf 87' lang='lat' dir='ltr'><strong>lumine</strong></span> <span class='ocrx_word' id='word_1_464' title='bbox 1596 5470 1941 5542; x_wconf 86' lang='lat' dir='ltr'><strong>splendidior,</strong></span> 
     </span>
    </p>
   </div>
   <div class='ocr_carea' id='block_1_58' title="bbox 363 5561 1940 5644">
    <p class='ocr_par' dir='ltr' id='par_1_58' title="bbox 363 5561 1940 5644">
     <span class='ocr_line' id='line_1_58' title="bbox 363 5561 1940 5644; baseline -0.011 -14"><span class='ocrx_word' id='word_1_465' title='bbox 363 5588 529 5641; x_wconf 88' lang='lat' dir='ltr'><strong>tanto,</strong></span> <span class='ocrx_word' id='word_1_466' title='bbox 574 5579 680 5630; x_wconf 89' lang='lat' dir='ltr'><strong>imo</strong></span> <span class='ocrx_word' id='word_1_467' title='bbox 706 5576 863 5644; x_wconf 84' lang='lat' dir='ltr'><strong>longe</strong></span> <span class='ocrx_word' id='word_1_468' title='bbox 902 5573 1069 5642; x_wconf 89' lang='lat' dir='ltr'><strong>magis</strong></span> <span class='ocrx_word' id='word_1_469' title='bbox 1096 5572 1195 5626; x_wconf 90' lang='lat' dir='ltr'><strong>erit</strong></span> <span class='ocrx_word' id='word_1_470' title='bbox 1220 5572 1304 5624; x_wconf 82' lang='lat' dir='ltr'><strong>lux</strong></span> <span class='ocrx_word' id='word_1_471' title='bbox 1347 5569 1437 5623; x_wconf 92' lang='lat' dir='ltr'><strong>illa</strong></span> <span class='ocrx_word' id='word_1_472' title='bbox 1465 5570 1566 5621; x_wconf 88' lang='lat' dir='ltr'><strong>hac</strong></span> <span class='ocrx_word' id='word_1_473' title='bbox 1584 5561 1940 5635; x_wconf 63' lang='lat' dir='ltr'><strong>praestantior.</strong></span> 
     </span>
    </p>
   </div>
   <div class='ocr_carea' id='block_1_59' title="bbox 366 5650 1943 5737">
    <p class='ocr_par' dir='ltr' id='par_1_59' title="bbox 366 5650 1943 5737">
     <span class='ocr_line' id='line_1_59' title="bbox 366 5650 1943 5737; baseline -0.011 -14"><span class='ocrx_word' id='word_1_474' title='bbox 366 5670 432 5723; x_wconf 69' lang='lat' dir='ltr'><strong>Et</strong></span> <span class='ocrx_word' id='word_1_475' title='bbox 457 5670 556 5721; x_wconf 89' lang='lat' dir='ltr'><strong>hoc</strong></span> <span class='ocrx_word' id='word_1_476' title='bbox 596 5665 927 5737; x_wconf 82' lang='lat' dir='ltr'><strong>signiﬁcabat</strong></span> <span class='ocrx_word' id='word_1_477' title='bbox 968 5664 1050 5720; x_wconf 91' lang='lat' dir='ltr'><strong>his</strong></span> <span class='ocrx_word' id='word_1_478' title='bbox 1079 5662 1274 5729; x_wconf 84' lang='lat' dir='ltr'><strong>verbis,</strong></span> <span class='ocrx_word' id='word_1_479' title='bbox 1308 5660 1403 5717; x_wconf 89' lang='lat' dir='ltr'><strong>Sol</strong></span> <span class='ocrx_word' id='word_1_480' title='bbox 1435 5655 1863 5719; x_wconf 84' lang='lat' dir='ltr'><strong>obtenebrabitur;</strong></span> <span class='ocrx_word' id='word_1_481' title='bbox 1888 5650 1943 5707; x_wconf 88' lang='lat' dir='ltr'><strong>id</strong></span> 
     </span>
    </p>
   </div>
   <div class='ocr_carea' id='block_1_60' title="bbox 1400 290 2555 355">
    <p class='ocr_par' dir='ltr' id='par_1_60' title="bbox 1400 290 2555 355">
     <span class='ocr_line' id='line_1_60' title="bbox 1400 290 2555 355; baseline -0.003 -2"><span class='ocrx_word' id='word_1_482' title='bbox 1400 299 1465 354; x_wconf 78' lang='lat' dir='ltr'><strong>IN</strong></span> <span class='ocrx_word' id='word_1_483' title='bbox 1499 297 1811 355; x_wconf 80' lang='lat' dir='ltr'><strong>JOANNEM</strong></span> <span class='ocrx_word' id='word_1_484' title='bbox 1882 294 2113 350; x_wconf 74' lang='lat' dir='ltr'><strong>llOMlL.</strong></span> <span class='ocrx_word' id='word_1_485' title='bbox 2154 290 2287 349; x_wconf 82' lang='lat' dir='ltr'><strong>LVI.</strong></span> <span class='ocrx_word' id='word_1_486' title='bbox 2327 293 2402 349; x_wconf 86' lang='lat' dir='ltr'><strong>al.</strong></span> <span class='ocrx_word' id='word_1_487' title='bbox 2442 293 2555 349; x_wconf 74' lang='lat' dir='ltr'><strong>LV.</strong></span> 
     </span>
    </p>
   </div>
   <div class='ocr_carea' id='block_1_61' title="bbox 3537 312 3639 377">
    <p class='ocr_par' dir='ltr' id='par_1_61' title="bbox 3537 312 3639 377">
     <span class='ocr_line' id='line_1_61' title="bbox 3537 312 3639 377; baseline 0.02 -2"><span class='ocrx_word' id='word_1_488' title='bbox 3537 312 3639 377; x_wconf 69' lang='grc' dir='ltr'><strong>δίο</strong></span> 
     </span>
    </p>
   </div>
   <div class='ocr_carea' id='block_1_62' title="bbox 2067 414 3641 495">
    <p class='ocr_par' dir='ltr' id='par_1_62' title="bbox 2067 414 3641 495">
     <span class='ocr_line' id='line_1_62' title="bbox 2067 414 3641 495; baseline 0.01 -28"><span class='ocrx_word' id='word_1_489' title='bbox 2067 422 2171 479; x_wconf 86' lang='grc' dir='ltr'>εει,</span> <span class='ocrx_word' id='word_1_490' title='bbox 2208 414 2278 469; x_wconf 92' lang='lat' dir='ltr'><strong>ob</strong></span> <span class='ocrx_word' id='word_1_491' title='bbox 2307 416 2412 471; x_wconf 90' lang='lat' dir='ltr'><strong>vim</strong></span> <span class='ocrx_word' id='word_1_492' title='bbox 2454 419 2751 489; x_wconf 82' lang='lat' dir='ltr'><strong>splendoris</strong></span> <span class='ocrx_word' id='word_1_493' title='bbox 2782 420 2925 478; x_wconf 87' lang='lat' dir='ltr'><strong>illius</strong></span> <span class='ocrx_word' id='word_1_494' title='bbox 2968 437 3072 477; x_wconf 92' lang='lat' dir='ltr'><strong>non</strong></span> <span class='ocrx_word' id='word_1_495' title='bbox 3098 424 3391 495; x_wconf 87' lang='lat' dir='ltr'><strong>apparebit.</strong></span> <span class='ocrx_word' id='word_1_496' title='bbox 3419 426 3571 494; x_wconf 78' lang='lat' dir='ltr'><strong>Quod</strong></span> <span class='ocrx_word' id='word_1_497' title='bbox 3594 429 3641 485; x_wconf 83' lang='lat' dir='ltr'><strong>si</strong></span> 
     </span>
    </p>
   </div>
   <div class='ocr_carea' id='block_1_63' title="bbox 2063 511 3644 579">
    <p class='ocr_par' dir='ltr' id='par_1_63' title="bbox 2063 511 3644 579">
     <span class='ocr_line' id='line_1_63' title="bbox 2063 511 3644 579; baseline 0.01 -18"><span class='ocrx_word' id='word_1_498' title='bbox 2063 522 2205 563; x_wconf 92' lang='lat' dir='ltr'><strong>nunc</strong></span> <span class='ocrx_word' id='word_1_499' title='bbox 2246 519 2303 563; x_wconf 91' lang='lat' dir='ltr'><strong>ut</strong></span> <span class='ocrx_word' id='word_1_500' title='bbox 2347 511 2652 579; x_wconf 80' lang='lat' dir='ltr'><strong>Splendidas</strong></span> <span class='ocrx_word' id='word_1_501' title='bbox 2680 522 2734 568; x_wconf 94' lang='lat' dir='ltr'><strong>et</strong></span> <span class='ocrx_word' id='word_1_502' title='bbox 2772 513 2913 569; x_wconf 94' lang='lat' dir='ltr'><strong>bono</strong></span> <span class='ocrx_word' id='word_1_503' title='bbox 2954 530 3079 572; x_wconf 90' lang='lat' dir='ltr'><strong>aere</strong></span> <span class='ocrx_word' id='word_1_504' title='bbox 3105 516 3338 573; x_wconf 89' lang='lat' dir='ltr'><strong>fruentes</strong></span> <span class='ocrx_word' id='word_1_505' title='bbox 3376 518 3519 576; x_wconf 73' lang='lat' dir='ltr'><strong>aedes</strong></span> <span class='ocrx_word' id='word_1_506' title='bbox 3547 520 3644 577; x_wconf 82' lang='lat' dir='ltr'><strong>ha—</strong></span> 
     </span>
    </p>
   </div>
   <div class='ocr_carea' id='block_1_64' title="bbox 2063 598 3642 675">
    <p class='ocr_par' dir='ltr' id='par_1_64' title="bbox 2063 598 3642 675">
     <span class='ocr_line' id='line_1_64' title="bbox 2063 598 3642 675; baseline 0.009 -22"><span class='ocrx_word' id='word_1_507' title='bbox 2063 598 2305 665; x_wconf 87' lang='lat' dir='ltr'><strong>beamus,</strong></span> <span class='ocrx_word' id='word_1_508' title='bbox 2352 602 2587 657; x_wconf 90' lang='lat' dir='ltr'><strong>inﬁnitas</strong></span> <span class='ocrx_word' id='word_1_509' title='bbox 2634 619 2765 674; x_wconf 91' lang='lat' dir='ltr'><strong>opes</strong></span> <span class='ocrx_word' id='word_1_510' title='bbox 2791 607 3141 675; x_wconf 87' lang='lat' dir='ltr'><strong>expendimus</strong></span> <span class='ocrx_word' id='word_1_511' title='bbox 3184 611 3379 666; x_wconf 89' lang='lat' dir='ltr'><strong>misere</strong></span> <span class='ocrx_word' id='word_1_512' title='bbox 3405 613 3642 667; x_wconf 70' lang='lat' dir='ltr'><strong>extediﬁ-</strong></span> 
     </span>
    </p>
   </div>
   <div class='ocr_carea' id='block_1_65' title="bbox 2062 692 3642 776">
    <p class='ocr_par' dir='ltr' id='par_1_65' title="bbox 2062 692 3642 776">
     <span class='ocr_line' id='line_1_65' title="bbox 2062 692 3642 776; baseline 0.009 -31"><span class='ocrx_word' id='word_1_513' title='bbox 2062 692 2233 746; x_wconf 90' lang='lat' dir='ltr'><strong>cando</strong></span> <span class='ocrx_word' id='word_1_514' title='bbox 2262 711 2275 746; x_wconf 90' lang='lat'><strong>:</strong></span> <span class='ocrx_word' id='word_1_515' title='bbox 2308 695 2477 762; x_wconf 86' lang='lat' dir='ltr'><strong>cogita</strong></span> <span class='ocrx_word' id='word_1_516' title='bbox 2524 704 2652 765; x_wconf 89' lang='lat' dir='ltr'><strong>quot</strong></span> <span class='ocrx_word' id='word_1_517' title='bbox 2698 696 2803 750; x_wconf 90' lang='lat' dir='ltr'><strong>sint</strong></span> <span class='ocrx_word' id='word_1_518' title='bbox 2832 697 3091 753; x_wconf 91' lang='lat' dir='ltr'><strong>subeundi</strong></span> <span class='ocrx_word' id='word_1_519' title='bbox 3120 702 3363 769; x_wconf 84' lang='lat' dir='ltr'><strong>corporei</strong></span> <span class='ocrx_word' id='word_1_520' title='bbox 3408 702 3642 776; x_wconf 89' lang='lat' dir='ltr'><strong>labores,</strong></span> 
     </span>
    </p>
   </div>
   <div class='ocr_carea' id='block_1_66' title="bbox 2062 784 3645 858">
    <p class='ocr_par' dir='ltr' id='par_1_66' title="bbox 2062 784 3645 858">
     <span class='ocr_line' id='line_1_66' title="bbox 2062 784 3645 858; baseline 0.008 -22"><span class='ocrx_word' id='word_1_521' title='bbox 2062 793 2122 836; x_wconf 91' lang='lat' dir='ltr'><strong>ut</strong></span> <span class='ocrx_word' id='word_1_522' title='bbox 2150 784 2455 853; x_wconf 90' lang='lat' dir='ltr'><strong>splendidas</strong></span> <span class='ocrx_word' id='word_1_523' title='bbox 2475 786 2617 840; x_wconf 81' lang='lat' dir='ltr'><strong>aedes</strong></span> <span class='ocrx_word' id='word_1_524' title='bbox 2646 786 2798 842; x_wconf 90' lang='lat' dir='ltr'><strong>nobis</strong></span> <span class='ocrx_word' id='word_1_525' title='bbox 2816 788 2866 841; x_wconf 92' lang='lat' dir='ltr'><strong>in</strong></span> <span class='ocrx_word' id='word_1_526' title='bbox 2887 788 3032 842; x_wconf 66' lang='lat' dir='ltr'><strong>czclis</strong></span> <span class='ocrx_word' id='word_1_527' title='bbox 3055 799 3411 858; x_wconf 80' lang='lat' dir='ltr'><strong>exstruamus,</strong></span> <span class='ocrx_word' id='word_1_528' title='bbox 3440 794 3529 848; x_wconf 91' lang='lat' dir='ltr'><strong>ubi</strong></span> <span class='ocrx_word' id='word_1_529' title='bbox 3555 794 3645 851; x_wconf 84' lang='lat' dir='ltr'><strong>lux</strong></span> 
     </span>
    </p>
   </div>
   <div class='ocr_carea' id='block_1_67' title="bbox 2062 874 3649 949">
    <p class='ocr_par' dir='ltr' id='par_1_67' title="bbox 2062 874 3649 949">
     <span class='ocr_line' id='line_1_67' title="bbox 2062 874 3649 949; baseline 0.01 -23"><span class='ocrx_word' id='word_1_530' title='bbox 2062 874 2150 927; x_wconf 88' lang='lat' dir='ltr'><strong>illa</strong></span> <span class='ocrx_word' id='word_1_531' title='bbox 2173 874 2472 929; x_wconf 76' lang='lat' dir='ltr'><strong>ineffabilis.</strong></span> <span class='ocrx_word' id='word_1_532' title='bbox 2506 876 2600 930; x_wconf 89' lang='lat' dir='ltr'><strong>llic</strong></span> <span class='ocrx_word' id='word_1_533' title='bbox 2626 878 2765 932; x_wconf 92' lang='lat' dir='ltr'><strong>enim</strong></span> <span class='ocrx_word' id='word_1_534' title='bbox 2797 890 2851 933; x_wconf 89' lang='lat' dir='ltr'><strong>et</strong></span> <span class='ocrx_word' id='word_1_535' title='bbox 2880 896 3067 949; x_wconf 72' lang='lat' dir='ltr'><strong>pugna:</strong></span> <span class='ocrx_word' id='word_1_536' title='bbox 3104 891 3159 935; x_wconf 90' lang='lat' dir='ltr'><strong>et</strong></span> <span class='ocrx_word' id='word_1_537' title='bbox 3185 885 3551 941; x_wconf 88' lang='lat' dir='ltr'><strong>contentiones</strong></span> <span class='ocrx_word' id='word_1_538' title='bbox 3579 888 3649 941; x_wconf 88' lang='lat' dir='ltr'><strong>de</strong></span> 
     </span>
    </p>
   </div>
   <div class='ocr_carea' id='block_1_68' title="bbox 2062 968 3643 1042">
    <p class='ocr_par' dir='ltr' id='par_1_68' title="bbox 2062 968 3643 1042">
     <span class='ocr_line' id='line_1_68' title="bbox 2062 968 3643 1042; baseline 0.009 -22"><span class='ocrx_word' id='word_1_539' title='bbox 2062 968 2301 1022; x_wconf 89' lang='lat' dir='ltr'><strong>terminis</strong></span> <span class='ocrx_word' id='word_1_540' title='bbox 2348 978 2403 1024; x_wconf 89' lang='lat' dir='ltr'><strong>et</strong></span> <span class='ocrx_word' id='word_1_541' title='bbox 2450 970 2779 1037; x_wconf 88' lang='lat' dir='ltr'><strong>parietibus:</strong></span> <span class='ocrx_word' id='word_1_542' title='bbox 2812 972 2881 1027; x_wconf 89' lang='lat' dir='ltr'><strong>ibi</strong></span> <span class='ocrx_word' id='word_1_543' title='bbox 2925 988 3053 1027; x_wconf 91' lang='lat' dir='ltr'><strong>vero</strong></span> <span class='ocrx_word' id='word_1_544' title='bbox 3095 974 3227 1029; x_wconf 91' lang='lat' dir='ltr'><strong>nihil</strong></span> <span class='ocrx_word' id='word_1_545' title='bbox 3270 978 3464 1042; x_wconf 89' lang='lat' dir='ltr'><strong>simile,</strong></span> <span class='ocrx_word' id='word_1_546' title='bbox 3496 980 3643 1036; x_wconf 86' lang='lat' dir='ltr'><strong>nulla</strong></span> 
     </span>
    </p>
   </div>
   <div class='ocr_carea' id='block_1_69' title="bbox 2060 1059 3637 1126">
    <p class='ocr_par' dir='ltr' id='par_1_69' title="bbox 2060 1059 3637 1126">
     <span class='ocr_line' id='line_1_69' title="bbox 2060 1059 3637 1126; baseline 0.008 -14"><span class='ocrx_word' id='word_1_547' title='bbox 2060 1059 2255 1113; x_wconf 89' lang='lat' dir='ltr'><strong>invidia</strong></span> <span class='ocrx_word' id='word_1_548' title='bbox 2300 1061 2383 1115; x_wconf 88' lang='lat' dir='ltr'><strong>vel</strong></span> <span class='ocrx_word' id='word_1_549' title='bbox 2426 1059 2593 1126; x_wconf 85' lang='lat' dir='ltr'><strong>livor;</strong></span> <span class='ocrx_word' id='word_1_550' title='bbox 2641 1078 2800 1117; x_wconf 89' lang='lat' dir='ltr'><strong>nemo</strong></span> <span class='ocrx_word' id='word_1_551' title='bbox 2827 1064 2894 1117; x_wconf 90' lang='lat' dir='ltr'><strong>de</strong></span> <span class='ocrx_word' id='word_1_552' title='bbox 2926 1065 3164 1120; x_wconf 89' lang='lat' dir='ltr'><strong>terminis</strong></span> <span class='ocrx_word' id='word_1_553' title='bbox 3194 1067 3467 1123; x_wconf 91' lang='lat' dir='ltr'><strong>nobiscum</strong></span> <span class='ocrx_word' id='word_1_554' title='bbox 3508 1086 3637 1125; x_wconf 81' lang='lat' dir='ltr'><strong>con-</strong></span> 
     </span>
    </p>
   </div>
   <div class='ocr_carea' id='block_1_70' title="bbox 2062 1153 3642 1230">
    <p class='ocr_par' dir='ltr' id='par_1_70' title="bbox 2062 1153 3642 1230">
     <span class='ocr_line' id='line_1_70' title="bbox 2062 1153 3642 1230; baseline 0.008 -25"><span class='ocrx_word' id='word_1_555' title='bbox 2062 1153 2260 1206; x_wconf 90' lang='lat' dir='ltr'><strong>tendet.</strong></span> <span class='ocrx_word' id='word_1_556' title='bbox 2321 1154 2444 1208; x_wconf 84' lang='lat' dir='ltr'><strong>lhec</strong></span> <span class='ocrx_word' id='word_1_557' title='bbox 2490 1170 2652 1224; x_wconf 90' lang='lat' dir='ltr'><strong>porro</strong></span> <span class='ocrx_word' id='word_1_558' title='bbox 2700 1159 3000 1213; x_wconf 89' lang='lat' dir='ltr'><strong>necessario</strong></span> <span class='ocrx_word' id='word_1_559' title='bbox 3058 1161 3402 1230; x_wconf 89' lang='lat' dir='ltr'><strong>relinquenda</strong></span> <span class='ocrx_word' id='word_1_560' title='bbox 3451 1163 3642 1219; x_wconf 85' lang='lat' dir='ltr'><strong>domus</strong></span> 
     </span>
    </p>
   </div>
   <div class='ocr_carea' id='block_1_71' title="bbox 2058 1246 3633 1322">
    <p class='ocr_par' dir='ltr' id='par_1_71' title="bbox 2058 1246 3633 1322">
     <span class='ocr_line' id='line_1_71' title="bbox 2058 1246 3633 1322; baseline 0.006 -22"><span class='ocrx_word' id='word_1_561' title='bbox 2058 1254 2175 1309; x_wconf 82' lang='lat' dir='ltr'><strong>est;</strong></span> <span class='ocrx_word' id='word_1_562' title='bbox 2207 1246 2293 1300; x_wconf 90' lang='lat' dir='ltr'><strong>illa</strong></span> <span class='ocrx_word' id='word_1_563' title='bbox 2322 1258 2579 1316; x_wconf 90' lang='lat' dir='ltr'><strong>perpetuo</strong></span> <span class='ocrx_word' id='word_1_564' title='bbox 2606 1261 2784 1303; x_wconf 91' lang='lat' dir='ltr'><strong>manet</strong></span> <span class='ocrx_word' id='word_1_565' title='bbox 2813 1267 2825 1303; x_wconf 92' lang='lat'><strong>:</strong></span> <span class='ocrx_word' id='word_1_566' title='bbox 2849 1251 2963 1306; x_wconf 76' lang='lat' dir='ltr'><strong>hrec</strong></span> <span class='ocrx_word' id='word_1_567' title='bbox 2985 1262 3221 1322; x_wconf 89' lang='lat' dir='ltr'><strong>tempore</strong></span> <span class='ocrx_word' id='word_1_568' title='bbox 3248 1256 3453 1320; x_wconf 91' lang='lat' dir='ltr'><strong>teritur,</strong></span> <span class='ocrx_word' id='word_1_569' title='bbox 3481 1257 3633 1310; x_wconf 84' lang='lat' dir='ltr'><strong>innu-</strong></span> 
     </span>
    </p>
   </div>
   <div class='ocr_carea' id='block_1_72' title="bbox 2057 1337 3624 1413">
    <p class='ocr_par' dir='ltr' id='par_1_72' title="bbox 2057 1337 3624 1413">
     <span class='ocr_line' id='line_1_72' title="bbox 2057 1337 3624 1413; baseline 0.006 -23"><span class='ocrx_word' id='word_1_570' title='bbox 2057 1337 2326 1407; x_wconf 87' lang='lat' dir='ltr'><strong>merisque</strong></span> <span class='ocrx_word' id='word_1_571' title='bbox 2368 1338 2594 1393; x_wconf 86' lang='lat' dir='ltr'><strong>obnoxia</strong></span> <span class='ocrx_word' id='word_1_572' title='bbox 2623 1348 2705 1394; x_wconf 91' lang='lat' dir='ltr'><strong>est</strong></span> <span class='ocrx_word' id='word_1_573' title='bbox 2732 1341 3093 1408; x_wconf 89' lang='lat' dir='ltr'><strong>detrimentis;</strong></span> <span class='ocrx_word' id='word_1_574' title='bbox 3127 1345 3211 1398; x_wconf 90' lang='lat' dir='ltr'><strong>illa</strong></span> <span class='ocrx_word' id='word_1_575' title='bbox 3256 1360 3469 1413; x_wconf 88' lang='lat' dir='ltr'><strong>semper</strong></span> <span class='ocrx_word' id='word_1_576' title='bbox 3497 1356 3624 1400; x_wconf 84' lang='lat' dir='ltr'><strong>stat:</strong></span> 
     </span>
    </p>
   </div>
   <div class='ocr_carea' id='block_1_73' title="bbox 2057 1426 3638 1500">
    <p class='ocr_par' dir='ltr' id='par_1_73' title="bbox 2057 1426 3638 1500">
     <span class='ocr_line' id='line_1_73' title="bbox 2057 1426 3638 1500; baseline 0.005 -20"><span class='ocrx_word' id='word_1_577' title='bbox 2057 1426 2194 1483; x_wconf 89' lang='lat' dir='ltr'><strong>hanc</strong></span> <span class='ocrx_word' id='word_1_578' title='bbox 2240 1444 2440 1498; x_wconf 90' lang='lat' dir='ltr'><strong>pauper</strong></span> <span class='ocrx_word' id='word_1_579' title='bbox 2482 1430 2717 1483; x_wconf 84' lang='lat' dir='ltr'><strong>excitare</strong></span> <span class='ocrx_word' id='word_1_580' title='bbox 2765 1432 2977 1500; x_wconf 89' lang='lat' dir='ltr'><strong>nequit;</strong></span> <span class='ocrx_word' id='word_1_581' title='bbox 3012 1433 3098 1486; x_wconf 90' lang='lat' dir='ltr'><strong>illa</strong></span> <span class='ocrx_word' id='word_1_582' title='bbox 3126 1434 3207 1487; x_wconf 88' lang='lat' dir='ltr'><strong>vel</strong></span> <span class='ocrx_word' id='word_1_583' title='bbox 3235 1434 3440 1489; x_wconf 88' lang='lat' dir='ltr'><strong>duobus</strong></span> <span class='ocrx_word' id='word_1_584' title='bbox 3467 1436 3638 1490; x_wconf 86' lang='lat' dir='ltr'><strong>obolis</strong></span> 
     </span>
    </p>
   </div>
   <div class='ocr_carea' id='block_1_74' title="bbox 2055 1508 3635 1595">
    <p class='ocr_par' dir='ltr' id='par_1_74' title="bbox 2055 1508 3635 1595">
     <span class='ocr_line' id='line_1_74' title="bbox 2055 1508 3635 1595; baseline 0.004 -21"><span class='ocrx_word' id='word_1_585' title='bbox 2055 1521 2399 1586; x_wconf 89' lang='lat' dir='ltr'><strong>construitur,</strong></span> <span class='ocrx_word' id='word_1_586' title='bbox 2452 1529 2507 1573; x_wconf 88' lang='lat' dir='ltr'><strong>ut</strong></span> <span class='ocrx_word' id='word_1_587' title='bbox 2535 1522 2688 1575; x_wconf 87' lang='lat' dir='ltr'><strong>vidua</strong></span> <span class='ocrx_word' id='word_1_588' title='bbox 2720 1522 2804 1575; x_wconf 89' lang='lat' dir='ltr'><strong>illa</strong></span> <span class='ocrx_word' id='word_1_589' title='bbox 2851 1524 3165 1578; x_wconf 78' lang='lat' dir='ltr'><strong>construxit.</strong></span> <span class='ocrx_word' id='word_1_590' title='bbox 3198 1524 3321 1579; x_wconf 89' lang='lat' dir='ltr'><strong>Ideo</strong></span> <span class='ocrx_word' id='word_1_591' title='bbox 3356 1508 3635 1595; x_wconf 80' lang='lat' dir='ltr'><strong>pra-focor,</strong></span> 
     </span>
    </p>
   </div>
   <div class='ocr_carea' id='block_1_75' title="bbox 2055 1612 3640 1689">
    <p class='ocr_par' dir='ltr' id='par_1_75' title="bbox 2055 1612 3640 1689">
     <span class='ocr_line' id='line_1_75' title="bbox 2055 1612 3640 1689; baseline 0.006 -23"><span class='ocrx_word' id='word_1_592' title='bbox 2055 1613 2196 1684; x_wconf 89' lang='lat' dir='ltr'><strong>quod</strong></span> <span class='ocrx_word' id='word_1_593' title='bbox 2220 1623 2297 1667; x_wconf 91' lang='lat' dir='ltr'><strong>tot</strong></span> <span class='ocrx_word' id='word_1_594' title='bbox 2325 1612 2477 1668; x_wconf 89' lang='lat' dir='ltr'><strong>nobis</strong></span> <span class='ocrx_word' id='word_1_595' title='bbox 2504 1615 2790 1682; x_wconf 90' lang='lat' dir='ltr'><strong>propositis</strong></span> <span class='ocrx_word' id='word_1_596' title='bbox 2813 1613 2985 1683; x_wconf 91' lang='lat' dir='ltr'><strong>bonis,</strong></span> <span class='ocrx_word' id='word_1_597' title='bbox 3018 1616 3090 1670; x_wconf 92' lang='lat' dir='ltr'><strong>ita</strong></span> <span class='ocrx_word' id='word_1_598' title='bbox 3112 1632 3303 1686; x_wconf 80' lang='lat' dir='ltr'><strong>segnes</strong></span> <span class='ocrx_word' id='word_1_599' title='bbox 3323 1618 3640 1689; x_wconf 89' lang='lat' dir='ltr'><strong>desidesque</strong></span> 
     </span>
    </p>
   </div>
   <div class='ocr_carea' id='block_1_76' title="bbox 2053 1703 3638 1776">
    <p class='ocr_par' dir='ltr' id='par_1_76' title="bbox 2053 1703 3638 1776">
     <span class='ocr_line' id='line_1_76' title="bbox 2053 1703 3638 1776; baseline 0.003 -19"><span class='ocrx_word' id='word_1_600' title='bbox 2053 1705 2241 1769; x_wconf 90' lang='lat' dir='ltr'><strong>simus,</strong></span> <span class='ocrx_word' id='word_1_601' title='bbox 2275 1703 2513 1773; x_wconf 89' lang='lat' dir='ltr'><strong>nihilque</strong></span> <span class='ocrx_word' id='word_1_602' title='bbox 2540 1719 2645 1757; x_wconf 90' lang='lat' dir='ltr'><strong>non</strong></span> <span class='ocrx_word' id='word_1_603' title='bbox 2675 1719 2912 1773; x_wconf 86' lang='lat' dir='ltr'><strong>agamus,</strong></span> <span class='ocrx_word' id='word_1_604' title='bbox 2945 1716 3002 1759; x_wconf 92' lang='lat' dir='ltr'><strong>nt</strong></span> <span class='ocrx_word' id='word_1_605' title='bbox 3042 1705 3128 1760; x_wconf 92' lang='lat' dir='ltr'><strong>hic</strong></span> <span class='ocrx_word' id='word_1_606' title='bbox 3153 1709 3452 1776; x_wconf 90' lang='lat' dir='ltr'><strong>conspicuis</strong></span> <span class='ocrx_word' id='word_1_607' title='bbox 3491 1708 3638 1763; x_wconf 85' lang='lat' dir='ltr'><strong>frua-</strong></span> 
     </span>
    </p>
   </div>
   <div class='ocr_carea' id='block_1_77' title="bbox 2054 1798 3634 1863">
    <p class='ocr_par' dir='ltr' id='par_1_77' title="bbox 2054 1798 3634 1863">
     <span class='ocr_line' id='line_1_77' title="bbox 2054 1798 3634 1863; baseline 0.001 -9"><span class='ocrx_word' id='word_1_608' title='bbox 2054 1815 2175 1854; x_wconf 91' lang='lat' dir='ltr'><strong>mur</strong></span> <span class='ocrx_word' id='word_1_609' title='bbox 2204 1798 2428 1863; x_wconf 66' lang='lat' dir='ltr'><strong>uadibus,</strong></span> <span class='ocrx_word' id='word_1_610' title='bbox 2478 1798 2603 1851; x_wconf 88' lang='lat' dir='ltr'><strong>dtnn</strong></span> <span class='ocrx_word' id='word_1_611' title='bbox 2637 1798 2765 1851; x_wconf 89' lang='lat' dir='ltr'><strong>nihil</strong></span> <span class='ocrx_word' id='word_1_612' title='bbox 2792 1813 3043 1852; x_wconf 88' lang='lat' dir='ltr'><strong>curamus</strong></span> <span class='ocrx_word' id='word_1_613' title='bbox 3068 1809 3125 1853; x_wconf 92' lang='lat' dir='ltr'><strong>ut</strong></span> <span class='ocrx_word' id='word_1_614' title='bbox 3154 1801 3206 1853; x_wconf 92' lang='lat' dir='ltr'><strong>in</strong></span> <span class='ocrx_word' id='word_1_615' title='bbox 3239 1802 3384 1854; x_wconf 70' lang='lat' dir='ltr'><strong>cadis</strong></span> <span class='ocrx_word' id='word_1_616' title='bbox 3426 1802 3508 1855; x_wconf 89' lang='lat' dir='ltr'><strong>vel</strong></span> <span class='ocrx_word' id='word_1_617' title='bbox 3538 1804 3634 1856; x_wconf 84' lang='lat' dir='ltr'><strong>mi-</strong></span> 
     </span>
    </p>
   </div>
   <div class='ocr_carea' id='block_1_78' title="bbox 2054 1896 3638 1967">
    <p class='ocr_par' dir='ltr' id='par_1_78' title="bbox 2054 1896 3638 1967">
     <span class='ocr_line' id='line_1_78' title="bbox 2054 1896 3638 1967; baseline 0 -16"><span class='ocrx_word' id='word_1_618' title='bbox 2054 1897 2256 1951; x_wconf 89' lang='lat' dir='ltr'><strong>nimum</strong></span> <span class='ocrx_word' id='word_1_619' title='bbox 2286 1912 2534 1966; x_wconf 87' lang='lat' dir='ltr'><strong>paremus</strong></span> <span class='ocrx_word' id='word_1_620' title='bbox 2562 1896 2713 1951; x_wconf 93' lang='lat' dir='ltr'><strong>nobis</strong></span> <span class='ocrx_word' id='word_1_621' title='bbox 2737 1896 3110 1951; x_wconf 85' lang='lat' dir='ltr'><strong>diversorium.</strong></span> <span class='ocrx_word' id='word_1_622' title='bbox 3159 1896 3272 1963; x_wconf 87' lang='lat' dir='ltr'><strong>Dic,</strong></span> <span class='ocrx_word' id='word_1_623' title='bbox 3314 1911 3516 1967; x_wconf 67' lang='lat' dir='ltr'><strong>quaeso,</strong></span> <span class='ocrx_word' id='word_1_624' title='bbox 3548 1896 3638 1951; x_wconf 90' lang='lat' dir='ltr'><strong>ubi</strong></span> 
     </span>
    </p>
   </div>
   <div class='ocr_carea' id='block_1_79' title="bbox 2055 1990 3637 2060">
    <p class='ocr_par' dir='ltr' id='par_1_79' title="bbox 2055 1990 3637 2060">
     <span class='ocr_line' id='line_1_79' title="bbox 2055 1990 3637 2060; baseline -0.001 -15"><span class='ocrx_word' id='word_1_625' title='bbox 2055 1991 2143 2046; x_wconf 90' lang='lat' dir='ltr'><strong>hic</strong></span> <span class='ocrx_word' id='word_1_626' title='bbox 2180 1992 2399 2047; x_wconf 91' lang='lat' dir='ltr'><strong>domum</strong></span> <span class='ocrx_word' id='word_1_627' title='bbox 2444 1992 2641 2046; x_wconf 88' lang='lat' dir='ltr'><strong>habere</strong></span> <span class='ocrx_word' id='word_1_628' title='bbox 2686 1991 2885 2046; x_wconf 86' lang='lat' dir='ltr'><strong>velles?</strong></span> <span class='ocrx_word' id='word_1_629' title='bbox 2914 1991 2965 2045; x_wconf 91' lang='lat' dir='ltr'><strong>in</strong></span> <span class='ocrx_word' id='word_1_630' title='bbox 2994 1990 3226 2057; x_wconf 91' lang='lat' dir='ltr'><strong>deserto,</strong></span> <span class='ocrx_word' id='word_1_631' title='bbox 3255 2000 3347 2044; x_wconf 90' lang='lat' dir='ltr'><strong>aut</strong></span> <span class='ocrx_word' id='word_1_632' title='bbox 3381 1992 3431 2043; x_wconf 92' lang='lat' dir='ltr'><strong>in</strong></span> <span class='ocrx_word' id='word_1_633' title='bbox 3459 1990 3637 2060; x_wconf 89' lang='lat' dir='ltr'><strong>aliquo</strong></span> 
     </span>
    </p>
   </div>
   <div class='ocr_carea' id='block_1_80' title="bbox 2055 2082 3636 2154">
    <p class='ocr_par' dir='ltr' id='par_1_80' title="bbox 2055 2082 3636 2154">
     <span class='ocr_line' id='line_1_80' title="bbox 2055 2082 3636 2154; baseline 0.001 -20"><span class='ocrx_word' id='word_1_634' title='bbox 2055 2097 2219 2154; x_wconf 88' lang='lat' dir='ltr'><strong>parvo</strong></span> <span class='ocrx_word' id='word_1_635' title='bbox 2243 2083 2535 2152; x_wconf 88' lang='lat' dir='ltr'><strong>oppidulo?</strong></span> <span class='ocrx_word' id='word_1_636' title='bbox 2562 2083 2676 2137; x_wconf 92' lang='lat' dir='ltr'><strong>Non</strong></span> <span class='ocrx_word' id='word_1_637' title='bbox 2706 2090 2833 2152; x_wconf 89' lang='lat' dir='ltr'><strong>puto</strong></span> <span class='ocrx_word' id='word_1_638' title='bbox 2862 2099 2874 2134; x_wconf 91' lang='lat'>:</span> <span class='ocrx_word' id='word_1_639' title='bbox 2904 2082 2998 2136; x_wconf 91' lang='lat' dir='ltr'><strong>sed</strong></span> <span class='ocrx_word' id='word_1_640' title='bbox 3045 2082 3097 2135; x_wconf 91' lang='lat' dir='ltr'><strong>in</strong></span> <span class='ocrx_word' id='word_1_641' title='bbox 3129 2082 3331 2151; x_wconf 80' lang='lat' dir='ltr'><strong>magnis</strong></span> <span class='ocrx_word' id='word_1_642' title='bbox 3373 2083 3636 2151; x_wconf 80' lang='lat' dir='ltr'><strong>regiisque</strong></span> 
     </span>
    </p>
   </div>
   <div class='ocr_carea' id='block_1_81' title="bbox 2055 2174 3637 2243">
    <p class='ocr_par' dir='ltr' id='par_1_81' title="bbox 2055 2174 3637 2243">
     <span class='ocr_line' id='line_1_81' title="bbox 2055 2174 3637 2243; baseline -0.001 -15"><span class='ocrx_word' id='word_1_643' title='bbox 2055 2174 2295 2241; x_wconf 89' lang='lat' dir='ltr'><strong>urbibus,</strong></span> <span class='ocrx_word' id='word_1_644' title='bbox 2326 2174 2413 2228; x_wconf 92' lang='lat' dir='ltr'><strong>ubi</strong></span> <span class='ocrx_word' id='word_1_645' title='bbox 2436 2174 2609 2243; x_wconf 88' lang='lat' dir='ltr'><strong>majus</strong></span> <span class='ocrx_word' id='word_1_646' title='bbox 2638 2174 3042 2239; x_wconf 87' lang='lat' dir='ltr'><strong>commercium,</strong></span> <span class='ocrx_word' id='word_1_647' title='bbox 3073 2174 3159 2227; x_wconf 90' lang='lat' dir='ltr'><strong>ubi</strong></span> <span class='ocrx_word' id='word_1_648' title='bbox 3190 2174 3441 2243; x_wconf 86' lang='lat' dir='ltr'><strong>splendor</strong></span> <span class='ocrx_word' id='word_1_649' title='bbox 3467 2174 3637 2242; x_wconf 84' lang='lat' dir='ltr'><strong>major</strong></span> 
     </span>
    </p>
   </div>
   <div class='ocr_carea' id='block_1_82' title="bbox 2054 2265 3637 2335">
    <p class='ocr_par' dir='ltr' id='par_1_82' title="bbox 2054 2265 3637 2335">
     <span class='ocr_line' id='line_1_82' title="bbox 2054 2265 3637 2335; baseline 0 -15"><span class='ocrx_word' id='word_1_650' title='bbox 2054 2276 2156 2321; x_wconf 92' lang='lat' dir='ltr'><strong>est.</strong></span> <span class='ocrx_word' id='word_1_651' title='bbox 2185 2266 2300 2335; x_wconf 85' lang='lat' dir='ltr'><strong>Ego</strong></span> <span class='ocrx_word' id='word_1_652' title='bbox 2329 2265 2379 2320; x_wconf 91' lang='lat' dir='ltr'><strong>in</strong></span> <span class='ocrx_word' id='word_1_653' title='bbox 2417 2266 2576 2320; x_wconf 90' lang='lat' dir='ltr'><strong>talem</strong></span> <span class='ocrx_word' id='word_1_654' title='bbox 2623 2274 2675 2319; x_wconf 93' lang='lat' dir='ltr'><strong>te</strong></span> <span class='ocrx_word' id='word_1_655' title='bbox 2716 2265 2854 2319; x_wconf 87' lang='lat' dir='ltr'><strong>duco</strong></span> <span class='ocrx_word' id='word_1_656' title='bbox 2882 2266 3174 2330; x_wconf 90' lang='lat' dir='ltr'><strong>civitatem,</strong></span> <span class='ocrx_word' id='word_1_657' title='bbox 3202 2266 3352 2333; x_wconf 86' lang='lat' dir='ltr'><strong>cujus</strong></span> <span class='ocrx_word' id='word_1_658' title='bbox 3378 2265 3551 2332; x_wconf 80' lang='lat' dir='ltr'><strong>epifex</strong></span> <span class='ocrx_word' id='word_1_659' title='bbox 3584 2275 3637 2320; x_wconf 90' lang='lat' dir='ltr'><strong>et</strong></span> 
     </span>
    </p>
   </div>
   <div class='ocr_carea' id='block_1_83' title="bbox 2053 2359 3630 2429">
    <p class='ocr_par' dir='ltr' id='par_1_83' title="bbox 2053 2359 3630 2429">
     <span class='ocr_line' id='line_1_83' title="bbox 2053 2359 3630 2429; baseline 0 -17"><span class='ocrx_word' id='word_1_660' title='bbox 2053 2366 2242 2413; x_wconf 88' lang='lat' dir='ltr'><strong>auctor</strong></span> <span class='ocrx_word' id='word_1_661' title='bbox 2269 2368 2351 2415; x_wconf 88' lang='lat' dir='ltr'><strong>est</strong></span> <span class='ocrx_word' id='word_1_662' title='bbox 2383 2359 2541 2414; x_wconf 88' lang='lat' dir='ltr'><strong>Deus.</strong></span> <span class='ocrx_word' id='word_1_663' title='bbox 2569 2359 2685 2423; x_wconf 89' lang='lat' dir='ltr'><strong>Hic,</strong></span> <span class='ocrx_word' id='word_1_664' title='bbox 2718 2375 2920 2429; x_wconf 80' lang='lat' dir='ltr'><strong>quaeso,</strong></span> <span class='ocrx_word' id='word_1_665' title='bbox 2949 2370 3342 2423; x_wconf 87' lang='lat' dir='ltr'><strong>construamus,</strong></span> <span class='ocrx_word' id='word_1_666' title='bbox 3379 2359 3464 2411; x_wconf 91' lang='lat' dir='ltr'><strong>hic</strong></span> <span class='ocrx_word' id='word_1_667' title='bbox 3488 2373 3630 2412; x_wconf 70' lang='lat' dir='ltr'><strong>exm-</strong></span> 
     </span>
    </p>
   </div>
   <div class='ocr_carea' id='block_1_84' title="bbox 2054 2450 3633 2528">
    <p class='ocr_par' dir='ltr' id='par_1_84' title="bbox 2054 2450 3633 2528">
     <span class='ocr_line' id='line_1_84' title="bbox 2054 2450 3633 2528; baseline -0.001 -24"><span class='ocrx_word' id='word_1_668' title='bbox 2054 2450 2332 2506; x_wconf 91' lang='lat' dir='ltr'><strong>diﬁcemus</strong></span> <span class='ocrx_word' id='word_1_669' title='bbox 2359 2452 2565 2506; x_wconf 88' lang='lat' dir='ltr'><strong>minore</strong></span> <span class='ocrx_word' id='word_1_670' title='bbox 2607 2460 2818 2520; x_wconf 89' lang='lat' dir='ltr'><strong>sumptu</strong></span> <span class='ocrx_word' id='word_1_671' title='bbox 2847 2459 2901 2504; x_wconf 90' lang='lat' dir='ltr'><strong>et</strong></span> <span class='ocrx_word' id='word_1_672' title='bbox 2932 2450 3173 2528; x_wconf 40' lang='lat' dir='ltr'><strong>‘labore‘.</strong></span> <span class='ocrx_word' id='word_1_673' title='bbox 3202 2450 3308 2504; x_wconf 82' lang='lat' dir='ltr'><strong>llas</strong></span> <span class='ocrx_word' id='word_1_674' title='bbox 3337 2450 3478 2504; x_wconf 71' lang='lat' dir='ltr'><strong>mdes</strong></span> <span class='ocrx_word' id='word_1_675' title='bbox 3503 2465 3633 2504; x_wconf 90' lang='lat' dir='ltr'><strong>con-</strong></span> 
     </span>
    </p>
   </div>
   <div class='ocr_carea' id='block_1_85' title="bbox 2055 2541 3632 2611">
    <p class='ocr_par' dir='ltr' id='par_1_85' title="bbox 2055 2541 3632 2611">
     <span class='ocr_line' id='line_1_85' title="bbox 2055 2541 3632 2611; baseline -0.001 -14"><span class='ocrx_word' id='word_1_676' title='bbox 2055 2551 2267 2597; x_wconf 88' lang='lat' dir='ltr'><strong>struunt</strong></span> <span class='ocrx_word' id='word_1_677' title='bbox 2294 2556 2482 2595; x_wconf 85' lang='lat' dir='ltr'><strong>manus</strong></span> <span class='ocrx_word' id='word_1_678' title='bbox 2496 2557 2805 2611; x_wconf 86' lang='lat' dir='ltr'><strong>pauperum,</strong></span> <span class='ocrx_word' id='word_1_679' title='bbox 2834 2541 2935 2596; x_wconf 91' lang='lat' dir='ltr'><strong>hoc</strong></span> <span class='ocrx_word' id='word_1_680' title='bbox 2957 2543 3212 2610; x_wconf 91' lang='lat' dir='ltr'><strong>optimum</strong></span> <span class='ocrx_word' id='word_1_681' title='bbox 3235 2550 3319 2595; x_wconf 86' lang='lat' dir='ltr'><strong>est</strong></span> <span class='ocrx_word' id='word_1_682' title='bbox 3332 2542 3632 2608; x_wconf 72' lang='lat' dir='ltr'><strong>mdiﬁcium;</strong></span> 
     </span>
    </p>
   </div>
   <div class='ocr_carea' id='block_1_86' title="bbox 2054 2632 3634 2703">
    <p class='ocr_par' dir='ltr' id='par_1_86' title="bbox 2054 2632 3634 2703">
     <span class='ocr_line' id='line_1_86' title="bbox 2054 2632 3634 2703; baseline 0.001 -17"><span class='ocrx_word' id='word_1_683' title='bbox 2054 2648 2171 2703; x_wconf 68' lang='lat' dir='ltr'><strong>quae</strong></span> <span class='ocrx_word' id='word_1_684' title='bbox 2199 2642 2373 2687; x_wconf 88' lang='lat' dir='ltr'><strong>autem</strong></span> <span class='ocrx_word' id='word_1_685' title='bbox 2406 2632 2491 2687; x_wconf 90' lang='lat' dir='ltr'><strong>hic</strong></span> <span class='ocrx_word' id='word_1_686' title='bbox 2513 2633 2892 2697; x_wconf 86' lang='lat' dir='ltr'><strong>construimus,</strong></span> <span class='ocrx_word' id='word_1_687' title='bbox 2922 2642 3174 2687; x_wconf 77' lang='lat' dir='ltr'><strong>extrenue</strong></span> <span class='ocrx_word' id='word_1_688' title='bbox 3200 2641 3325 2687; x_wconf 91' lang='lat' dir='ltr'><strong>sunt</strong></span> <span class='ocrx_word' id='word_1_689' title='bbox 3352 2632 3634 2688; x_wconf 83' lang='lat' dir='ltr'><strong>dementia.-</strong></span> 
     </span>
    </p>
   </div>
   <div class='ocr_carea' id='block_1_87' title="bbox 2054 2724 3635 2793">
    <p class='ocr_par' dir='ltr' id='par_1_87' title="bbox 2054 2724 3635 2793">
     <span class='ocr_line' id='line_1_87' title="bbox 2054 2724 3635 2793; baseline -0.003 -15"><span class='ocrx_word' id='word_1_690' title='bbox 2054 2734 2444 2793; x_wconf 87' lang='lat' dir='ltr'><strong>argumentum.</strong></span> <span class='ocrx_word' id='word_1_691' title='bbox 2475 2724 2606 2779; x_wconf 90' lang='lat' dir='ltr'><strong>Nam</strong></span> <span class='ocrx_word' id='word_1_692' title='bbox 2638 2725 2682 2778; x_wconf 92' lang='lat' dir='ltr'><strong>si</strong></span> <span class='ocrx_word' id='word_1_693' title='bbox 2712 2725 2829 2793; x_wconf 91' lang='lat' dir='ltr'><strong>quis</strong></span> <span class='ocrx_word' id='word_1_694' title='bbox 2860 2733 2911 2778; x_wconf 90' lang='lat' dir='ltr'><strong>te</strong></span> <span class='ocrx_word' id='word_1_695' title='bbox 2940 2725 2994 2778; x_wconf 91' lang='lat' dir='ltr'><strong>in</strong></span> <span class='ocrx_word' id='word_1_696' title='bbox 3024 2724 3292 2779; x_wconf 88' lang='lat' dir='ltr'><strong>Persidem</strong></span> <span class='ocrx_word' id='word_1_697' title='bbox 3323 2733 3522 2793; x_wconf 80' lang='lat' dir='ltr'><strong>ageret,</strong></span> <span class='ocrx_word' id='word_1_698' title='bbox 3552 2726 3635 2779; x_wconf 89' lang='lat' dir='ltr'><strong>vi-</strong></span> 
     </span>
    </p>
   </div>
   <div class='ocr_carea' id='block_1_88' title="bbox 2052 2815 3635 2885">
    <p class='ocr_par' dir='ltr' id='par_1_88' title="bbox 2052 2815 3635 2885">
     <span class='ocr_line' id='line_1_88' title="bbox 2052 2815 3635 2885; baseline -0.001 -14"><span class='ocrx_word' id='word_1_699' title='bbox 2052 2830 2235 2871; x_wconf 81' lang='lat' dir='ltr'><strong>Surum</strong></span> <span class='ocrx_word' id='word_1_700' title='bbox 2268 2815 2409 2870; x_wconf 90' lang='lat' dir='ltr'><strong>illam</strong></span> <span class='ocrx_word' id='word_1_701' title='bbox 2445 2815 2713 2885; x_wconf 86' lang='lat' dir='ltr'><strong>regionem</strong></span> <span class='ocrx_word' id='word_1_702' title='bbox 2742 2826 2795 2870; x_wconf 91' lang='lat' dir='ltr'><strong>et</strong></span> <span class='ocrx_word' id='word_1_703' title='bbox 2824 2830 2945 2868; x_wconf 85' lang='lat' dir='ltr'><strong>mox</strong></span> <span class='ocrx_word' id='word_1_704' title='bbox 2993 2830 3365 2877; x_wconf 85' lang='lat' dir='ltr'><strong>reversurum;</strong></span> <span class='ocrx_word' id='word_1_705' title='bbox 3397 2824 3555 2883; x_wconf 90' lang='lat' dir='ltr'><strong>atque</strong></span> <span class='ocrx_word' id='word_1_706' title='bbox 3583 2823 3635 2870; x_wconf 82' lang='lat' dir='ltr'><strong>te</strong></span> 
     </span>
    </p>
   </div>
   <div class='ocr_carea' id='block_1_89' title="bbox 2053 2905 3634 2978">
    <p class='ocr_par' dir='ltr' id='par_1_89' title="bbox 2053 2905 3634 2978">
     <span class='ocr_line' id='line_1_89' title="bbox 2053 2905 3634 2978; baseline -0.001 -17"><span class='ocrx_word' id='word_1_707' title='bbox 2053 2907 2162 2962; x_wconf 87' lang='lat' dir='ltr'><strong>illic</strong></span> <span class='ocrx_word' id='word_1_708' title='bbox 2205 2907 2417 2978; x_wconf 88' lang='lat' dir='ltr'><strong>juberet</strong></span> <span class='ocrx_word' id='word_1_709' title='bbox 2469 2907 2611 2961; x_wconf 83' lang='lat' dir='ltr'><strong>aedes</strong></span> <span class='ocrx_word' id='word_1_710' title='bbox 2649 2916 2923 2961; x_wconf 82' lang='lat' dir='ltr'><strong>exstruere</strong></span> <span class='ocrx_word' id='word_1_711' title='bbox 2964 2925 2976 2959; x_wconf 93' lang='lat'>:</span> <span class='ocrx_word' id='word_1_712' title='bbox 3032 2920 3206 2960; x_wconf 87' lang='lat' dir='ltr'><strong>annon</strong></span> <span class='ocrx_word' id='word_1_713' title='bbox 3264 2905 3634 2960; x_wconf 87' lang='lat' dir='ltr'><strong>stultissimum</strong></span> 
     </span>
    </p>
   </div>
   <div class='ocr_carea' id='block_1_90' title="bbox 2053 2996 3635 3068">
    <p class='ocr_par' dir='ltr' id='par_1_90' title="bbox 2053 2996 3635 3068">
     <span class='ocr_line' id='line_1_90' title="bbox 2053 2996 3635 3068; baseline -0.002 -14"><span class='ocrx_word' id='word_1_714' title='bbox 2053 2999 2204 3054; x_wconf 91' lang='lat' dir='ltr'><strong>illum</strong></span> <span class='ocrx_word' id='word_1_715' title='bbox 2242 2998 2467 3063; x_wconf 88' lang='lat' dir='ltr'><strong>diceres,</strong></span> <span class='ocrx_word' id='word_1_716' title='bbox 2517 2999 2604 3068; x_wconf 90' lang='lat' dir='ltr'><strong>qui</strong></span> <span class='ocrx_word' id='word_1_717' title='bbox 2638 2998 2730 3052; x_wconf 87' lang='lat' dir='ltr'><strong>tibi</strong></span> <span class='ocrx_word' id='word_1_718' title='bbox 2775 2999 2989 3051; x_wconf 88' lang='lat' dir='ltr'><strong>inanem</strong></span> <span class='ocrx_word' id='word_1_719' title='bbox 3036 3007 3303 3065; x_wconf 89' lang='lat' dir='ltr'><strong>sumptum</strong></span> <span class='ocrx_word' id='word_1_720' title='bbox 3348 2996 3635 3051; x_wconf 76' lang='lat' dir='ltr'><strong>suaderet?</strong></span> 
     </span>
    </p>
   </div>
   <div class='ocr_carea' id='block_1_91' title="bbox 2052 3087 3633 3159">
    <p class='ocr_par' dir='ltr' id='par_1_91' title="bbox 2052 3087 3633 3159">
     <span class='ocr_line' id='line_1_91' title="bbox 2052 3087 3633 3159; baseline -0.002 -15"><span class='ocrx_word' id='word_1_721' title='bbox 2052 3105 2149 3144; x_wconf 92' lang='lat' dir='ltr'><strong>cur</strong></span> <span class='ocrx_word' id='word_1_722' title='bbox 2172 3104 2300 3159; x_wconf 89' lang='lat' dir='ltr'><strong>ergo</strong></span> <span class='ocrx_word' id='word_1_723' title='bbox 2327 3089 2378 3145; x_wconf 90' lang='lat' dir='ltr'><strong>in</strong></span> <span class='ocrx_word' id='word_1_724' title='bbox 2411 3098 2551 3142; x_wconf 88' lang='lat' dir='ltr'><strong>terra</strong></span> <span class='ocrx_word' id='word_1_725' title='bbox 2576 3088 2804 3158; x_wconf 88' lang='lat' dir='ltr'><strong>idipsum</strong></span> <span class='ocrx_word' id='word_1_726' title='bbox 2840 3087 2985 3151; x_wconf 86' lang='lat' dir='ltr'><strong>facis,</strong></span> <span class='ocrx_word' id='word_1_727' title='bbox 3019 3088 3159 3142; x_wconf 91' lang='lat' dir='ltr'><strong>unde</strong></span> <span class='ocrx_word' id='word_1_728' title='bbox 3188 3088 3332 3142; x_wconf 89' lang='lat' dir='ltr'><strong>brevi</strong></span> <span class='ocrx_word' id='word_1_729' title='bbox 3378 3088 3633 3157; x_wconf 87' lang='lat' dir='ltr'><strong>migratu-</strong></span> 
     </span>
    </p>
   </div>
   <div class='ocr_carea' id='block_1_92' title="bbox 2052 3178 3634 3248">
    <p class='ocr_par' dir='ltr' id='par_1_92' title="bbox 2052 3178 3634 3248">
     <span class='ocr_line' id='line_1_92' title="bbox 2052 3178 3634 3248; baseline -0.003 -13"><span class='ocrx_word' id='word_1_730' title='bbox 2052 3195 2147 3235; x_wconf 91' lang='lat' dir='ltr'><strong>rus</strong></span> <span class='ocrx_word' id='word_1_731' title='bbox 2173 3181 2271 3235; x_wconf 83' lang='lat' dir='ltr'><strong>es?</strong></span> <span class='ocrx_word' id='word_1_732' title='bbox 2301 3181 2387 3242; x_wconf 85' lang='lat' dir='ltr'><strong>At,</strong></span> <span class='ocrx_word' id='word_1_733' title='bbox 2422 3179 2648 3248; x_wconf 88' lang='lat' dir='ltr'><strong>inquies,</strong></span> <span class='ocrx_word' id='word_1_734' title='bbox 2684 3178 2804 3231; x_wconf 91' lang='lat' dir='ltr'><strong>ﬁliis</strong></span> <span class='ocrx_word' id='word_1_735' title='bbox 2835 3178 3152 3247; x_wconf 91' lang='lat' dir='ltr'><strong>relinquam.</strong></span> <span class='ocrx_word' id='word_1_736' title='bbox 3182 3178 3375 3231; x_wconf 87' lang='lat' dir='ltr'><strong>Verum</strong></span> <span class='ocrx_word' id='word_1_737' title='bbox 3401 3178 3473 3231; x_wconf 92' lang='lat' dir='ltr'><strong>illi</strong></span> <span class='ocrx_word' id='word_1_738' title='bbox 3502 3193 3634 3247; x_wconf 76' lang='lat' dir='ltr'><strong>quo—</strong></span> 
     </span>
    </p>
   </div>
   <div class='ocr_carea' id='block_1_93' title="bbox 2051 3269 3632 3344">
    <p class='ocr_par' dir='ltr' id='par_1_93' title="bbox 2051 3269 3632 3344">
     <span class='ocr_line' id='line_1_93' title="bbox 2051 3269 3632 3344; baseline -0.003 -18"><span class='ocrx_word' id='word_1_739' title='bbox 2051 3289 2155 3344; x_wconf 86' lang='lat' dir='ltr'><strong>que</strong></span> <span class='ocrx_word' id='word_1_740' title='bbox 2183 3281 2234 3328; x_wconf 92' lang='lat' dir='ltr'><strong>te</strong></span> <span class='ocrx_word' id='word_1_741' title='bbox 2257 3272 2411 3341; x_wconf 86' lang='lat' dir='ltr'><strong>paulo</strong></span> <span class='ocrx_word' id='word_1_742' title='bbox 2443 3279 2561 3338; x_wconf 87' lang='lat' dir='ltr'><strong>post</strong></span> <span class='ocrx_word' id='word_1_743' title='bbox 2605 3269 2879 3339; x_wconf 90' lang='lat' dir='ltr'><strong>sequuturi</strong></span> <span class='ocrx_word' id='word_1_744' title='bbox 2926 3277 3080 3333; x_wconf 89' lang='lat' dir='ltr'><strong>sunt;</strong></span> <span class='ocrx_word' id='word_1_745' title='bbox 3115 3269 3222 3321; x_wconf 90' lang='lat' dir='ltr'><strong>imo</strong></span> <span class='ocrx_word' id='word_1_746' title='bbox 3247 3284 3389 3339; x_wconf 76' lang='lat' dir='ltr'><strong>szepe</strong></span> <span class='ocrx_word' id='word_1_747' title='bbox 3416 3277 3469 3323; x_wconf 88' lang='lat' dir='ltr'><strong>te</strong></span> <span class='ocrx_word' id='word_1_748' title='bbox 3495 3284 3632 3338; x_wconf 69' lang='lat' dir='ltr'><strong>prte-</strong></span> 
     </span>
    </p>
   </div>
   <div class='ocr_carea' id='block_1_94' title="bbox 2050 3360 3634 3431">
    <p class='ocr_par' dir='ltr' id='par_1_94' title="bbox 2050 3360 3634 3431">
     <span class='ocr_line' id='line_1_94' title="bbox 2050 3360 3634 3431; baseline -0.002 -11"><span class='ocrx_word' id='word_1_749' title='bbox 2050 3364 2261 3430; x_wconf 90' lang='lat' dir='ltr'><strong>cedent,</strong></span> <span class='ocrx_word' id='word_1_750' title='bbox 2317 3362 2637 3431; x_wconf 88' lang='lat' dir='ltr'><strong>illorumque</strong></span> <span class='ocrx_word' id='word_1_751' title='bbox 2689 3361 2935 3415; x_wconf 82' lang='lat' dir='ltr'><strong>similiter</strong></span> <span class='ocrx_word' id='word_1_752' title='bbox 2983 3361 3216 3429; x_wconf 83' lang='lat' dir='ltr'><strong>posteri;</strong></span> <span class='ocrx_word' id='word_1_753' title='bbox 3270 3362 3497 3430; x_wconf 90' lang='lat' dir='ltr'><strong>hincque</strong></span> <span class='ocrx_word' id='word_1_754' title='bbox 3541 3360 3634 3417; x_wconf 73' lang='lat' dir='ltr'><strong>tibi</strong></span> 
     </span>
    </p>
   </div>
   <div class='ocr_carea' id='block_1_95' title="bbox 2051 3452 3630 3521">
    <p class='ocr_par' dir='ltr' id='par_1_95' title="bbox 2051 3452 3630 3521">
     <span class='ocr_line' id='line_1_95' title="bbox 2051 3452 3630 3521; baseline -0.002 -9"><span class='ocrx_word' id='word_1_755' title='bbox 2051 3459 2295 3513; x_wconf 78' lang='lat' dir='ltr'><strong>Interoris</strong></span> <span class='ocrx_word' id='word_1_756' title='bbox 2312 3471 2490 3521; x_wconf 86' lang='lat' dir='ltr'><strong>causa,</strong></span> <span class='ocrx_word' id='word_1_757' title='bbox 2511 3470 2633 3510; x_wconf 92' lang='lat' dir='ltr'><strong>cum</strong></span> <span class='ocrx_word' id='word_1_758' title='bbox 2651 3454 2875 3508; x_wconf 89' lang='lat' dir='ltr'><strong>heredes</strong></span> <span class='ocrx_word' id='word_1_759' title='bbox 2894 3470 2996 3506; x_wconf 91' lang='lat' dir='ltr'><strong>non</strong></span> <span class='ocrx_word' id='word_1_760' title='bbox 3017 3452 3107 3506; x_wconf 91' lang='lat' dir='ltr'><strong>tibi</strong></span> <span class='ocrx_word' id='word_1_761' title='bbox 3130 3468 3409 3521; x_wconf 84' lang='lat' dir='ltr'><strong>superesse</strong></span> <span class='ocrx_word' id='word_1_762' title='bbox 3430 3453 3630 3509; x_wconf 90' lang='lat' dir='ltr'><strong>videas.</strong></span> 
     </span>
    </p>
   </div>
   <div class='ocr_carea' id='block_1_96' title="bbox 2052 3544 3633 3616">
    <p class='ocr_par' dir='ltr' id='par_1_96' title="bbox 2052 3544 3633 3616">
     <span class='ocr_line' id='line_1_96' title="bbox 2052 3544 3633 3616; baseline -0.006 -11"><span class='ocrx_word' id='word_1_763' title='bbox 2052 3552 2124 3606; x_wconf 90' lang='lat' dir='ltr'><strong>lbi</strong></span> <span class='ocrx_word' id='word_1_764' title='bbox 2157 3566 2284 3604; x_wconf 90' lang='lat' dir='ltr'><strong>vero</strong></span> <span class='ocrx_word' id='word_1_765' title='bbox 2314 3549 2445 3602; x_wconf 87' lang='lat' dir='ltr'><strong>nihil</strong></span> <span class='ocrx_word' id='word_1_766' title='bbox 2475 3546 2777 3616; x_wconf 87' lang='lat' dir='ltr'><strong>hujusmodi</strong></span> <span class='ocrx_word' id='word_1_767' title='bbox 2809 3545 3121 3609; x_wconf 90' lang='lat' dir='ltr'><strong>timendum,</strong></span> <span class='ocrx_word' id='word_1_768' title='bbox 3154 3544 3247 3598; x_wconf 90' lang='lat' dir='ltr'><strong>sed</strong></span> <span class='ocrx_word' id='word_1_769' title='bbox 3280 3545 3494 3598; x_wconf 89' lang='lat' dir='ltr'><strong>immota</strong></span> <span class='ocrx_word' id='word_1_770' title='bbox 3519 3559 3633 3597; x_wconf 54' lang='lat' dir='ltr'><strong>ma.</strong></span> 
     </span>
    </p>
   </div>
   <div class='ocr_carea' id='block_1_97' title="bbox 2051 3636 3633 3707">
    <p class='ocr_par' dir='ltr' id='par_1_97' title="bbox 2051 3636 3633 3707">
     <span class='ocr_line' id='line_1_97' title="bbox 2051 3636 3633 3707; baseline -0.004 -9"><span class='ocrx_word' id='word_1_771' title='bbox 2051 3654 2143 3698; x_wconf 88' lang='lat' dir='ltr'><strong>net</strong></span> <span class='ocrx_word' id='word_1_772' title='bbox 2166 3642 2428 3696; x_wconf 87' lang='lat' dir='ltr'><strong>hereditas</strong></span> <span class='ocrx_word' id='word_1_773' title='bbox 2461 3640 2574 3705; x_wconf 88' lang='lat' dir='ltr'><strong>tibi,</strong></span> <span class='ocrx_word' id='word_1_774' title='bbox 2605 3639 2747 3706; x_wconf 88' lang='lat' dir='ltr'><strong>ﬁliis,</strong></span> <span class='ocrx_word' id='word_1_775' title='bbox 2777 3639 3078 3707; x_wconf 87' lang='lat' dir='ltr'><strong>nepotibus,</strong></span> <span class='ocrx_word' id='word_1_776' title='bbox 3121 3637 3165 3691; x_wconf 90' lang='lat' dir='ltr'><strong>si</strong></span> <span class='ocrx_word' id='word_1_777' title='bbox 3192 3636 3432 3691; x_wconf 89' lang='lat' dir='ltr'><strong>eamdem</strong></span> <span class='ocrx_word' id='word_1_778' title='bbox 3463 3637 3633 3691; x_wconf 83' lang='lat' dir='ltr'><strong>virtu-</strong></span> 
     </span>
    </p>
   </div>
   <div class='ocr_carea' id='block_1_98' title="bbox 2052 3729 3635 3799">
    <p class='ocr_par' dir='ltr' id='par_1_98' title="bbox 2052 3729 3635 3799">
     <span class='ocr_line' id='line_1_98' title="bbox 2052 3729 3635 3799; baseline -0.006 -7"><span class='ocrx_word' id='word_1_779' title='bbox 2052 3746 2156 3792; x_wconf 88' lang='lat' dir='ltr'><strong>tem</strong></span> <span class='ocrx_word' id='word_1_780' title='bbox 2186 3734 2545 3789; x_wconf 87' lang='lat' dir='ltr'><strong>imitabuntur.</strong></span> <span class='ocrx_word' id='word_1_781' title='bbox 2579 3733 2725 3786; x_wconf 88' lang='lat' dir='ltr'><strong>lllatn</strong></span> <span class='ocrx_word' id='word_1_782' title='bbox 2755 3731 2993 3785; x_wconf 78' lang='lat' dir='ltr'><strong>Christus</strong></span> <span class='ocrx_word' id='word_1_783' title='bbox 3024 3730 3281 3783; x_wconf 78' lang='lat' dir='ltr'><strong>mdiﬁcat:</strong></span> <span class='ocrx_word' id='word_1_784' title='bbox 3313 3746 3418 3799; x_wconf 90' lang='lat' dir='ltr'><strong>quo</strong></span> <span class='ocrx_word' id='word_1_785' title='bbox 3443 3729 3635 3798; x_wconf 87' lang='lat' dir='ltr'><strong>opiﬁce</strong></span> 
     </span>
    </p>
   </div>
   <div class='ocr_carea' id='block_1_99' title="bbox 2050 3823 3633 3893">
    <p class='ocr_par' dir='ltr' id='par_1_99' title="bbox 2050 3823 3633 3893">
     <span class='ocr_line' id='line_1_99' title="bbox 2050 3823 3633 3893; baseline -0.004 -9"><span class='ocrx_word' id='word_1_786' title='bbox 2050 3832 2209 3885; x_wconf 87' lang='lat' dir='ltr'><strong>nullis</strong></span> <span class='ocrx_word' id='word_1_787' title='bbox 2261 3828 2614 3889; x_wconf 85' lang='lat' dir='ltr'><strong>curatoribus,</strong></span> <span class='ocrx_word' id='word_1_788' title='bbox 2667 3826 2804 3878; x_wconf 88' lang='lat' dir='ltr'><strong>nulla</strong></span> <span class='ocrx_word' id='word_1_789' title='bbox 2856 3824 3212 3879; x_wconf 89' lang='lat' dir='ltr'><strong>sollicitudine</strong></span> <span class='ocrx_word' id='word_1_790' title='bbox 3242 3833 3320 3877; x_wconf 89' lang='lat' dir='ltr'><strong>est</strong></span> <span class='ocrx_word' id='word_1_791' title='bbox 3347 3840 3501 3893; x_wconf 90' lang='lat' dir='ltr'><strong>opus.</strong></span> <span class='ocrx_word' id='word_1_792' title='bbox 3534 3823 3633 3879; x_wconf 89' lang='lat' dir='ltr'><strong>Ubi</strong></span> 
     </span>
    </p>
   </div>
   <div class='ocr_carea' id='block_1_100' title="bbox 2052 3913 3631 3983">
    <p class='ocr_par' dir='ltr' id='par_1_100' title="bbox 2052 3913 3631 3983">
     <span class='ocr_line' id='line_1_100' title="bbox 2052 3913 3631 3983; baseline -0.005 -9"><span class='ocrx_word' id='word_1_793' title='bbox 2052 3922 2192 3976; x_wconf 90' lang='lat' dir='ltr'><strong>enim</strong></span> <span class='ocrx_word' id='word_1_794' title='bbox 2253 3920 2390 3973; x_wconf 91' lang='lat' dir='ltr'><strong>Deus</strong></span> <span class='ocrx_word' id='word_1_795' title='bbox 2444 3918 2494 3970; x_wconf 94' lang='lat' dir='ltr'><strong>in</strong></span> <span class='ocrx_word' id='word_1_796' title='bbox 2542 3931 2601 3970; x_wconf 86' lang='lat' dir='ltr'><strong>se</strong></span> <span class='ocrx_word' id='word_1_797' title='bbox 2654 3915 2873 3983; x_wconf 89' lang='lat' dir='ltr'><strong>suspicit</strong></span> <span class='ocrx_word' id='word_1_798' title='bbox 2927 3930 3095 3983; x_wconf 79' lang='lat' dir='ltr'><strong>Opus,</strong></span> <span class='ocrx_word' id='word_1_799' title='bbox 3147 3913 3273 3982; x_wconf 88' lang='lat' dir='ltr'><strong>quid</strong></span> <span class='ocrx_word' id='word_1_800' title='bbox 3329 3914 3467 3967; x_wconf 87' lang='lat' dir='ltr'><strong>ultra</strong></span> <span class='ocrx_word' id='word_1_801' title='bbox 3532 3929 3631 3967; x_wconf 90' lang='lat' dir='ltr'><strong>cu-</strong></span> 
     </span>
    </p>
   </div>
   <div class='ocr_carea' id='block_1_101' title="bbox 2050 4003 3629 4075">
    <p class='ocr_par' dir='ltr' id='par_1_101' title="bbox 2050 4003 3629 4075">
     <span class='ocr_line' id='line_1_101' title="bbox 2050 4003 3629 4075; baseline -0.006 -8"><span class='ocrx_word' id='word_1_802' title='bbox 2050 4012 2309 4067; x_wconf 86' lang='lat' dir='ltr'><strong>randum?</strong></span> <span class='ocrx_word' id='word_1_803' title='bbox 2377 4010 2468 4063; x_wconf 87' lang='lat' dir='ltr'><strong>Ille</strong></span> <span class='ocrx_word' id='word_1_804' title='bbox 2514 4008 2690 4061; x_wconf 83' lang='lat' dir='ltr'><strong>omnia</strong></span> <span class='ocrx_word' id='word_1_805' title='bbox 2744 4006 2989 4075; x_wconf 80' lang='lat' dir='ltr'><strong>Colligit,</strong></span> <span class='ocrx_word' id='word_1_806' title='bbox 3042 4013 3097 4059; x_wconf 91' lang='lat' dir='ltr'><strong>et</strong></span> <span class='ocrx_word' id='word_1_807' title='bbox 3142 4004 3358 4058; x_wconf 88' lang='lat' dir='ltr'><strong>domum</strong></span> <span class='ocrx_word' id='word_1_808' title='bbox 3412 4003 3629 4057; x_wconf 83' lang='lat' dir='ltr'><strong>excitat.</strong></span> 
     </span>
    </p>
   </div>
   <div class='ocr_carea' id='block_1_102' title="bbox 2050 4094 3636 4175">
    <p class='ocr_par' dir='ltr' id='par_1_102' title="bbox 2050 4094 3636 4175">
     <span class='ocr_line' id='line_1_102' title="bbox 2050 4094 3636 4175; baseline -0.007 -15"><span class='ocrx_word' id='word_1_809' title='bbox 2050 4106 2231 4175; x_wconf 88' lang='lat' dir='ltr'><strong>Neque</strong></span> <span class='ocrx_word' id='word_1_810' title='bbox 2284 4103 2336 4157; x_wconf 93' lang='lat' dir='ltr'><strong>id</strong></span> <span class='ocrx_word' id='word_1_811' title='bbox 2381 4102 2579 4175; x_wconf 86' lang='lat' dir='ltr'><strong>solum</strong></span> <span class='ocrx_word' id='word_1_812' title='bbox 2610 4099 2852 4153; x_wconf 88' lang='lat' dir='ltr'><strong>mirabile</strong></span> <span class='ocrx_word' id='word_1_813' title='bbox 2896 4108 3006 4162; x_wconf 90' lang='lat' dir='ltr'><strong>est;</strong></span> <span class='ocrx_word' id='word_1_814' title='bbox 3052 4096 3143 4150; x_wconf 90' lang='lat' dir='ltr'><strong>sed</strong></span> <span class='ocrx_word' id='word_1_815' title='bbox 3186 4095 3326 4166; x_wconf 89' lang='lat' dir='ltr'><strong>quod</strong></span> <span class='ocrx_word' id='word_1_816' title='bbox 3371 4095 3440 4149; x_wconf 91' lang='lat' dir='ltr'><strong>ita</strong></span> <span class='ocrx_word' id='word_1_817' title='bbox 3488 4094 3636 4149; x_wconf 89' lang='lat' dir='ltr'><strong>illam</strong></span> 
     </span>
    </p>
   </div>
   <div class='ocr_carea' id='block_1_103' title="bbox 2051 4190 3633 4265">
    <p class='ocr_par' dir='ltr' id='par_1_103' title="bbox 2051 4190 3633 4265">
     <span class='ocr_line' id='line_1_103' title="bbox 2051 4190 3633 4265; baseline -0.008 -14"><span class='ocrx_word' id='word_1_818' title='bbox 2051 4206 2289 4251; x_wconf 87' lang='lat' dir='ltr'><strong>exstruat</strong></span> <span class='ocrx_word' id='word_1_819' title='bbox 2333 4204 2392 4249; x_wconf 88' lang='lat' dir='ltr'><strong>ut</strong></span> <span class='ocrx_word' id='word_1_820' title='bbox 2442 4204 2647 4265; x_wconf 83' lang='lat' dir='ltr'><strong>optare,</strong></span> <span class='ocrx_word' id='word_1_821' title='bbox 2706 4191 2815 4245; x_wconf 90' lang='lat' dir='ltr'><strong>imo</strong></span> <span class='ocrx_word' id='word_1_822' title='bbox 2861 4190 3050 4244; x_wconf 86' lang='lat' dir='ltr'><strong>melius</strong></span> <span class='ocrx_word' id='word_1_823' title='bbox 3094 4204 3251 4257; x_wconf 87' lang='lat' dir='ltr'><strong>quam</strong></span> <span class='ocrx_word' id='word_1_824' title='bbox 3294 4196 3477 4257; x_wconf 88' lang='lat' dir='ltr'><strong>optare</strong></span> <span class='ocrx_word' id='word_1_825' title='bbox 3507 4202 3633 4255; x_wconf 88' lang='lat' dir='ltr'><strong>pos-</strong></span> 
     </span>
    </p>
   </div>
   <div class='ocr_carea' id='block_1_104' title="bbox 2050 4278 3694 4350">
    <p class='ocr_par' dir='ltr' id='par_1_104' title="bbox 2050 4278 3694 4350">
     <span class='ocr_line' id='line_1_104' title="bbox 2050 4278 3694 4350; baseline -0.009 -5"><span class='ocrx_word' id='word_1_826' title='bbox 2050 4292 2145 4345; x_wconf 91' lang='lat' dir='ltr'><strong>sis.</strong></span> <span class='ocrx_word' id='word_1_827' title='bbox 2204 4288 2298 4343; x_wconf 83' lang='lat' dir='ltr'><strong>Est</strong></span> <span class='ocrx_word' id='word_1_828' title='bbox 2336 4287 2477 4342; x_wconf 88' lang='lat' dir='ltr'><strong>enim</strong></span> <span class='ocrx_word' id='word_1_829' title='bbox 2520 4284 2711 4340; x_wconf 80' lang='lat' dir='ltr'><strong>artifex</strong></span> <span class='ocrx_word' id='word_1_830' title='bbox 2755 4282 3008 4350; x_wconf 90' lang='lat' dir='ltr'><strong>optimus,</strong></span> <span class='ocrx_word' id='word_1_831' title='bbox 3066 4280 3153 4348; x_wconf 91' lang='lat' dir='ltr'><strong>qui</strong></span> <span class='ocrx_word' id='word_1_832' title='bbox 3212 4278 3304 4333; x_wconf 86' lang='lat' dir='ltr'><strong>tibi</strong></span> <span class='ocrx_word' id='word_1_833' title='bbox 3356 4278 3635 4332; x_wconf 83' lang='lat' dir='ltr'><strong>utiIiSsima</strong></span> <span class='ocrx_word' id='word_1_834' title='bbox 3684 4291 3694 4297; x_wconf 85' lang='grc'><em>’</em></span> 
     </span>
    </p>
   </div>
   <div class='ocr_carea' id='block_1_105' title="bbox 2050 4370 3634 4449">
    <p class='ocr_par' dir='ltr' id='par_1_105' title="bbox 2050 4370 3634 4449">
     <span class='ocr_line' id='line_1_105' title="bbox 2050 4370 3634 4449; baseline -0.009 -12"><span class='ocrx_word' id='word_1_835' title='bbox 2050 4392 2219 4437; x_wconf 90' lang='lat' dir='ltr'><strong>curat.</strong></span> <span class='ocrx_word' id='word_1_836' title='bbox 2246 4381 2300 4436; x_wconf 88' lang='lat' dir='ltr'><strong>Si</strong></span> <span class='ocrx_word' id='word_1_837' title='bbox 2329 4394 2528 4449; x_wconf 90' lang='lat' dir='ltr'><strong>pauper</strong></span> <span class='ocrx_word' id='word_1_838' title='bbox 2554 4379 2647 4441; x_wconf 91' lang='lat' dir='ltr'><strong>sis,</strong></span> <span class='ocrx_word' id='word_1_839' title='bbox 2678 4386 2732 4432; x_wconf 90' lang='lat' dir='ltr'><strong>et</strong></span> <span class='ocrx_word' id='word_1_840' title='bbox 2755 4375 2891 4429; x_wconf 88' lang='lat' dir='ltr'><strong>hanc</strong></span> <span class='ocrx_word' id='word_1_841' title='bbox 2912 4381 3221 4427; x_wconf 90' lang='lat' dir='ltr'><strong>construere</strong></span> <span class='ocrx_word' id='word_1_842' title='bbox 3242 4371 3457 4424; x_wconf 90' lang='lat' dir='ltr'><strong>domum</strong></span> <span class='ocrx_word' id='word_1_843' title='bbox 3479 4370 3634 4434; x_wconf 86' lang='lat' dir='ltr'><strong>velis,</strong></span> 
     </span>
    </p>
   </div>
   <div class='ocr_carea' id='block_1_106' title="bbox 2050 4458 3635 4533">
    <p class='ocr_par' dir='ltr' id='par_1_106' title="bbox 2050 4458 3635 4533">
     <span class='ocr_line' id='line_1_106' title="bbox 2050 4458 3635 4533; baseline -0.01 -6"><span class='ocrx_word' id='word_1_844' title='bbox 2050 4474 2249 4529; x_wconf 87' lang='lat' dir='ltr'><strong>nullam</strong></span> <span class='ocrx_word' id='word_1_845' title='bbox 2296 4470 2569 4533; x_wconf 88' lang='lat' dir='ltr'><strong>invidiam,</strong></span> <span class='ocrx_word' id='word_1_846' title='bbox 2614 4468 2817 4521; x_wconf 90' lang='lat' dir='ltr'><strong>nullum</strong></span> <span class='ocrx_word' id='word_1_847' title='bbox 2868 4465 2958 4518; x_wconf 88' lang='lat' dir='ltr'><strong>tibi</strong></span> <span class='ocrx_word' id='word_1_848' title='bbox 2987 4462 3156 4533; x_wconf 88' lang='lat' dir='ltr'><strong>pariet</strong></span> <span class='ocrx_word' id='word_1_849' title='bbox 3194 4461 3437 4514; x_wconf 87' lang='lat' dir='ltr'><strong>livorem.</strong></span> <span class='ocrx_word' id='word_1_850' title='bbox 3465 4458 3635 4512; x_wconf 88' lang='lat' dir='ltr'><strong>Nemo</strong></span> 
     </span>
    </p>
   </div>
   <div class='ocr_carea' id='block_1_107' title="bbox 2048 4550 3636 4623">
    <p class='ocr_par' dir='ltr' id='par_1_107' title="bbox 2048 4550 3636 4623">
     <span class='ocr_line' id='line_1_107' title="bbox 2048 4550 3636 4623; baseline -0.009 -3"><span class='ocrx_word' id='word_1_851' title='bbox 2048 4568 2191 4621; x_wconf 89' lang='lat' dir='ltr'><strong>enim</strong></span> <span class='ocrx_word' id='word_1_852' title='bbox 2220 4563 2428 4619; x_wconf 91' lang='lat' dir='ltr'><strong>invidus</strong></span> <span class='ocrx_word' id='word_1_853' title='bbox 2458 4562 2599 4616; x_wconf 91' lang='lat' dir='ltr'><strong>illam</strong></span> <span class='ocrx_word' id='word_1_854' title='bbox 2628 4559 2827 4623; x_wconf 77' lang='lat' dir='ltr'><strong>videt’,</strong></span> <span class='ocrx_word' id='word_1_855' title='bbox 2871 4557 2963 4611; x_wconf 88' lang='lat' dir='ltr'><strong>sed</strong></span> <span class='ocrx_word' id='word_1_856' title='bbox 2990 4552 3162 4620; x_wconf 82' lang='lat' dir='ltr'><strong>angeli</strong></span> <span class='ocrx_word' id='word_1_857' title='bbox 3193 4561 3415 4616; x_wconf 89' lang='lat' dir='ltr'><strong>tantum,</strong></span> <span class='ocrx_word' id='word_1_858' title='bbox 3447 4551 3536 4620; x_wconf 90' lang='lat' dir='ltr'><strong>qui</strong></span> <span class='ocrx_word' id='word_1_859' title='bbox 3566 4550 3636 4605; x_wconf 89' lang='lat' dir='ltr'><strong>de</strong></span> 
     </span>
    </p>
   </div>
   <div class='ocr_carea' id='block_1_108' title="bbox 2050 4644 3631 4726">
    <p class='ocr_par' dir='ltr' id='par_1_108' title="bbox 2050 4644 3631 4726">
     <span class='ocr_line' id='line_1_108' title="bbox 2050 4644 3631 4726; baseline -0.013 -12"><span class='ocrx_word' id='word_1_860' title='bbox 2050 4660 2205 4715; x_wconf 91' lang='lat' dir='ltr'><strong>bonis</strong></span> <span class='ocrx_word' id='word_1_861' title='bbox 2228 4659 2332 4712; x_wconf 90' lang='lat' dir='ltr'><strong>tuis</strong></span> <span class='ocrx_word' id='word_1_862' title='bbox 2360 4656 2592 4726; x_wconf 82' lang='lat' dir='ltr'><strong>gaudent</strong></span> <span class='ocrx_word' id='word_1_863' title='bbox 2621 4672 2633 4707; x_wconf 93' lang='lat'><strong>:</strong></span> <span class='ocrx_word' id='word_1_864' title='bbox 2660 4666 2826 4706; x_wconf 86' lang='lat' dir='ltr'><strong>nemo</strong></span> <span class='ocrx_word' id='word_1_865' title='bbox 2853 4650 2994 4703; x_wconf 91' lang='lat' dir='ltr'><strong>illius</strong></span> <span class='ocrx_word' id='word_1_866' title='bbox 3023 4650 3155 4701; x_wconf 88' lang='lat' dir='ltr'><strong>ﬁnes</strong></span> <span class='ocrx_word' id='word_1_867' title='bbox 3199 4644 3451 4698; x_wconf 88' lang='lat' dir='ltr'><strong>invadere</strong></span> <span class='ocrx_word' id='word_1_868' title='bbox 3478 4651 3631 4711; x_wconf 82' lang='lat' dir='ltr'><strong>pote—</strong></span> 
     </span>
    </p>
   </div>
   <div class='ocr_carea' id='block_1_109' title="bbox 2048 4733 3629 4821">
    <p class='ocr_par' dir='ltr' id='par_1_109' title="bbox 2048 4733 3629 4821">
     <span class='ocr_line' id='line_1_109' title="bbox 2048 4733 3629 4821; baseline -0.013 -13"><span class='ocrx_word' id='word_1_869' title='bbox 2048 4756 2137 4815; x_wconf 89' lang='lat' dir='ltr'><strong>rit,</strong></span> <span class='ocrx_word' id='word_1_870' title='bbox 2167 4751 2288 4821; x_wconf 90' lang='lat' dir='ltr'><strong>quia</strong></span> <span class='ocrx_word' id='word_1_871' title='bbox 2315 4749 2415 4802; x_wconf 92' lang='lat' dir='ltr'><strong>hoc</strong></span> <span class='ocrx_word' id='word_1_872' title='bbox 2448 4745 2634 4800; x_wconf 90' lang='lat' dir='ltr'><strong>morbo</strong></span> <span class='ocrx_word' id='word_1_873' title='bbox 2675 4742 3025 4797; x_wconf 88' lang='lat' dir='ltr'><strong>laborantium</strong></span> <span class='ocrx_word' id='word_1_874' title='bbox 3074 4738 3249 4791; x_wconf 91' lang='lat' dir='ltr'><strong>nullus</strong></span> <span class='ocrx_word' id='word_1_875' title='bbox 3279 4735 3483 4788; x_wconf 86' lang='lat' dir='ltr'><strong>vicinus</strong></span> <span class='ocrx_word' id='word_1_876' title='bbox 3507 4733 3629 4787; x_wconf 90' lang='lat' dir='ltr'><strong>erit.</strong></span> 
     </span>
    </p>
   </div>
   <div class='ocr_carea' id='block_1_110' title="bbox 2050 4830 3633 4899">
    <p class='ocr_par' dir='ltr' id='par_1_110' title="bbox 2050 4830 3633 4899">
     <span class='ocr_line' id='line_1_110' title="bbox 2050 4830 3633 4899; baseline -0.014 0"><span class='ocrx_word' id='word_1_877' title='bbox 2050 4846 2263 4899; x_wconf 71' lang='lat' dir='ltr'><strong>Vicinos</strong></span> <span class='ocrx_word' id='word_1_878' title='bbox 2287 4843 2395 4898; x_wconf 92' lang='lat' dir='ltr'><strong>illic</strong></span> <span class='ocrx_word' id='word_1_879' title='bbox 2422 4839 2641 4894; x_wconf 88' lang='lat' dir='ltr'><strong>habebis</strong></span> <span class='ocrx_word' id='word_1_880' title='bbox 2679 4845 2911 4899; x_wconf 87' lang='lat' dir='ltr'><strong>sanctos,</strong></span> <span class='ocrx_word' id='word_1_881' title='bbox 2960 4832 3199 4895; x_wconf 90' lang='lat' dir='ltr'><strong>Paulum,</strong></span> <span class='ocrx_word' id='word_1_882' title='bbox 3232 4830 3471 4894; x_wconf 89' lang='lat' dir='ltr'><strong>Petrum,</strong></span> <span class='ocrx_word' id='word_1_883' title='bbox 3504 4842 3633 4895; x_wconf 88' lang='lat' dir='ltr'><strong>pro-</strong></span> 
     </span>
    </p>
   </div>
   <div class='ocr_carea' id='block_1_111' title="bbox 2049 4917 3636 5009">
    <p class='ocr_par' dir='ltr' id='par_1_111' title="bbox 2049 4917 3636 5009">
     <span class='ocr_line' id='line_1_111' title="bbox 2049 4917 3636 5009; baseline -0.013 -17"><span class='ocrx_word' id='word_1_884' title='bbox 2049 4939 2237 5009; x_wconf 87' lang='lat' dir='ltr'><strong>phetas</strong></span> <span class='ocrx_word' id='word_1_885' title='bbox 2255 4951 2464 5000; x_wconf 89' lang='lat' dir='ltr'><strong>onmes,</strong></span> <span class='ocrx_word' id='word_1_886' title='bbox 2489 4940 2766 5000; x_wconf 89' lang='lat' dir='ltr'><strong>martyres,</strong></span> <span class='ocrx_word' id='word_1_887' title='bbox 2791 4926 3096 4994; x_wconf 83' lang='lat' dir='ltr'><strong>angelorum</strong></span> <span class='ocrx_word' id='word_1_888' title='bbox 3120 4933 3174 4975; x_wconf 89' lang='lat' dir='ltr'><strong>et</strong></span> <span class='ocrx_word' id='word_1_889' title='bbox 3190 4917 3636 4987; x_wconf 86' lang='lat' dir='ltr'><strong>archangelorum</strong></span> 
     </span>
    </p>
   </div>
   <div class='ocr_carea' id='block_1_112' title="bbox 2049 5008 3638 5086">
    <p class='ocr_par' dir='ltr' id='par_1_112' title="bbox 2049 5008 3638 5086">
     <span class='ocr_line' id='line_1_112' title="bbox 2049 5008 3638 5086; baseline -0.017 1"><span class='ocrx_word' id='word_1_890' title='bbox 2049 5008 2240 5086; x_wconf 61' lang='lat' dir='ltr'><strong>castus.</strong></span> <span class='ocrx_word' id='word_1_891' title='bbox 2272 5029 2365 5081; x_wconf 85' lang='lat' dir='ltr'><strong>His</strong></span> <span class='ocrx_word' id='word_1_892' title='bbox 2390 5041 2516 5080; x_wconf 84' lang='lat' dir='ltr'><strong>vero</strong></span> <span class='ocrx_word' id='word_1_893' title='bbox 2537 5024 2606 5077; x_wconf 89' lang='lat' dir='ltr'><strong>de</strong></span> <span class='ocrx_word' id='word_1_894' title='bbox 2630 5020 2803 5077; x_wconf 85' lang='lat' dir='ltr'><strong>causis</strong></span> <span class='ocrx_word' id='word_1_895' title='bbox 2825 5016 3101 5071; x_wconf 84' lang='lat' dir='ltr'><strong>facultates</strong></span> <span class='ocrx_word' id='word_1_896' title='bbox 3124 5010 3441 5081; x_wconf 86' lang='lat' dir='ltr'><strong>pauperibus</strong></span> <span class='ocrx_word' id='word_1_897' title='bbox 3465 5008 3638 5064; x_wconf 72' lang='lat' dir='ltr'><strong>effun-</strong></span> 
     </span>
    </p>
   </div>
   <div class='ocr_carea' id='block_1_113' title="bbox 2049 5112 3633 5185">
    <p class='ocr_par' dir='ltr' id='par_1_113' title="bbox 2049 5112 3633 5185">
     <span class='ocr_line' id='line_1_113' title="bbox 2049 5112 3633 5185; baseline -0.016 -9"><span class='ocrx_word' id='word_1_898' title='bbox 2049 5124 2258 5185; x_wconf 90' lang='lat' dir='ltr'><strong>damus,</strong></span> <span class='ocrx_word' id='word_1_899' title='bbox 2308 5127 2367 5170; x_wconf 91' lang='lat' dir='ltr'><strong>ut</strong></span> <span class='ocrx_word' id='word_1_900' title='bbox 2413 5117 2498 5168; x_wconf 91' lang='lat' dir='ltr'><strong>illa</strong></span> <span class='ocrx_word' id='word_1_901' title='bbox 2543 5112 2875 5168; x_wconf 64' lang='lat' dir='ltr'><strong>tabernacula</strong></span> <span class='ocrx_word' id='word_1_902' title='bbox 2920 5118 3327 5173; x_wconf 89' lang='lat' dir='ltr'><strong>consequamur,</strong></span> <span class='ocrx_word' id='word_1_903' title='bbox 3378 5115 3497 5169; x_wconf 67' lang='lat' dir='ltr'><strong>quae</strong></span> <span class='ocrx_word' id='word_1_904' title='bbox 3533 5112 3633 5151; x_wconf 89' lang='lat' dir='ltr'><strong>nos</strong></span> 
     </span>
    </p>
   </div>
   <div class='ocr_carea' id='block_1_114' title="bbox 2050 5189 3637 5277">
    <p class='ocr_par' dir='ltr' id='par_1_114' title="bbox 2050 5189 3637 5277">
     <span class='ocr_line' id='line_1_114' title="bbox 2050 5189 3637 5277; baseline -0.014 -9"><span class='ocrx_word' id='word_1_905' title='bbox 2050 5227 2234 5269; x_wconf 86' lang='lat' dir='ltr'><strong>omnes</strong></span> <span class='ocrx_word' id='word_1_906' title='bbox 2254 5207 2472 5277; x_wconf 85' lang='lat' dir='ltr'><strong>adipisci</strong></span> <span class='ocrx_word' id='word_1_907' title='bbox 2493 5204 2781 5271; x_wconf 81' lang='lat' dir='ltr'><strong>contingat,</strong></span> <span class='ocrx_word' id='word_1_908' title='bbox 2800 5198 2967 5269; x_wconf 85' lang='lat' dir='ltr'><strong>gratia</strong></span> <span class='ocrx_word' id='word_1_909' title='bbox 2991 5206 3045 5249; x_wconf 91' lang='lat' dir='ltr'><strong>et</strong></span> <span class='ocrx_word' id='word_1_910' title='bbox 3070 5194 3391 5263; x_wconf 81' lang='lat' dir='ltr'><strong>benignitate</strong></span> <span class='ocrx_word' id='word_1_911' title='bbox 3421 5189 3637 5246; x_wconf 78' lang='lat' dir='ltr'><strong>Domini.</strong></span> 
     </span>
    </p>
   </div>
   <div class='ocr_carea' id='block_1_115' title="bbox 2051 5280 3629 5362">
    <p class='ocr_par' dir='ltr' id='par_1_115' title="bbox 2051 5280 3629 5362">
     <span class='ocr_line' id='line_1_115' title="bbox 2051 5280 3629 5362; baseline -0.018 -2"><span class='ocrx_word' id='word_1_912' title='bbox 2051 5296 2590 5360; x_wconf 82' lang='lat' dir='ltr'><strong>nostriJeanhristi,</strong></span> <span class='ocrx_word' id='word_1_913' title='bbox 2625 5309 2886 5362; x_wconf 86' lang='lat' dir='ltr'><strong>perqnem</strong></span> <span class='ocrx_word' id='word_1_914' title='bbox 2915 5300 2969 5345; x_wconf 91' lang='lat' dir='ltr'><strong>et</strong></span> <span class='ocrx_word' id='word_1_915' title='bbox 2997 5304 3117 5343; x_wconf 92' lang='lat' dir='ltr'><strong>cum</strong></span> <span class='ocrx_word' id='word_1_916' title='bbox 3148 5302 3252 5355; x_wconf 91' lang='lat' dir='ltr'><strong>quo</strong></span> <span class='ocrx_word' id='word_1_917' title='bbox 3269 5283 3409 5339; x_wconf 90' lang='lat' dir='ltr'><strong>Patri</strong></span> <span class='ocrx_word' id='word_1_918' title='bbox 3436 5280 3629 5351; x_wconf 84' lang='lat' dir='ltr'><strong>gloria,</strong></span> 
     </span>
    </p>
   </div>
   <div class='ocr_carea' id='block_1_116' title="bbox 2049 5376 3626 5464">
    <p class='ocr_par' dir='ltr' id='par_1_116' title="bbox 2049 5376 3626 5464">
     <span class='ocr_line' id='line_1_116' title="bbox 2049 5376 3626 5464; baseline -0.015 -14"><span class='ocrx_word' id='word_1_919' title='bbox 2049 5397 2311 5464; x_wconf 90' lang='lat' dir='ltr'><strong>simulque</strong></span> <span class='ocrx_word' id='word_1_920' title='bbox 2331 5388 2547 5460; x_wconf 90' lang='lat' dir='ltr'><strong>Spiritui</strong></span> <span class='ocrx_word' id='word_1_921' title='bbox 2564 5395 2767 5450; x_wconf 88' lang='lat' dir='ltr'><strong>sancto,</strong></span> <span class='ocrx_word' id='word_1_922' title='bbox 2799 5385 2851 5438; x_wconf 89' lang='lat' dir='ltr'><strong>in</strong></span> <span class='ocrx_word' id='word_1_923' title='bbox 2870 5381 3060 5437; x_wconf 64' lang='lat' dir='ltr'><strong>sarcula</strong></span> <span class='ocrx_word' id='word_1_924' title='bbox 3075 5378 3410 5436; x_wconf 70' lang='lat' dir='ltr'><strong>smculorum.</strong></span> <span class='ocrx_word' id='word_1_925' title='bbox 3435 5376 3626 5429; x_wconf 87' lang='lat' dir='ltr'><strong>Amen.</strong></span> 
     </span>
    </p>
   </div>
   <div class='ocr_carea' id='block_1_117' title="bbox 2115 5512 3448 5582">
    <p class='ocr_par' dir='ltr' id='par_1_117' title="bbox 2115 5512 3448 5582">
     <span class='ocr_line' id='line_1_117' title="bbox 2115 5512 3448 5582; baseline -0.022 -1"><span class='ocrx_word' id='word_1_926' title='bbox 2115 5534 2131 5564; x_wconf 76' lang='grc' dir='ltr'><strong>ι</strong></span> <span class='ocrx_word' id='word_1_927' title='bbox 2164 5530 2301 5582; x_wconf 69' lang='grc' dir='ltr'>Ηίεε,</span> <span class='ocrx_word' id='word_1_928' title='bbox 2327 5531 2372 5576; x_wconf 87' lang='lat' dir='ltr'><strong>et</strong></span> <span class='ocrx_word' id='word_1_929' title='bbox 2395 5525 2570 5580; x_wconf 85' lang='lat' dir='ltr'><strong>labore,</strong></span> <span class='ocrx_word' id='word_1_930' title='bbox 2597 5519 2779 5582; x_wconf 84' lang='lat' dir='ltr'><strong>desunt</strong></span> <span class='ocrx_word' id='word_1_931' title='bbox 2801 5517 2847 5582; x_wconf 84' lang='lat' dir='ltr'><strong>in</strong></span> <span class='ocrx_word' id='word_1_932' title='bbox 2873 5512 3290 5582; x_wconf 42' lang='lat' dir='ltr'><strong>quibusmultum.</strong></span> <span class='ocrx_word' id='word_1_933' title='bbox 3366 5569 3376 5578; x_wconf 43' lang='lat'><em>.</em></span> <span class='ocrx_word' id='word_1_934' title='bbox 3439 5570 3448 5579; x_wconf 81' lang='lat'><em>_</em></span> 
     </span>
    </p>
   </div>
   <div class='ocr_carea' id='block_1_118' title="bbox 2112 5566 3625 5652">
    <p class='ocr_par' dir='ltr' id='par_1_118' title="bbox 2112 5566 3625 5652">
     <span class='ocr_line' id='line_1_118' title="bbox 2112 5566 3625 5652; baseline -0.015 -11"><span class='ocrx_word' id='word_1_935' title='bbox 2112 5597 2133 5624; x_wconf 70' lang='grc' dir='ltr'><strong>ε</strong></span> <span class='ocrx_word' id='word_1_936' title='bbox 2165 5566 2810 5652; x_wconf 49' lang='grc' dir='ltr'><strong>ἰὶεὶἒυῐῇεῇιῖίιίῥςεσίείυε</strong></span> <span class='ocrx_word' id='word_1_937' title='bbox 2831 5566 3032 5628; x_wconf 76' lang='grc' dir='ltr'>ίιιήοιὶε</span> <span class='ocrx_word' id='word_1_938' title='bbox 3053 5573 3331 5634; x_wconf 76' lang='lat' dir='ltr'><strong>Savilianis,</strong></span> <span class='ocrx_word' id='word_1_939' title='bbox 3358 5569 3408 5622; x_wconf 84' lang='lat' dir='ltr'><strong>in</strong></span> <span class='ocrx_word' id='word_1_940' title='bbox 3434 5567 3516 5621; x_wconf 80' lang='lat' dir='ltr'><strong>ilia</strong></span> <span class='ocrx_word' id='word_1_941' title='bbox 3540 5566 3625 5620; x_wconf 70' lang='lat' dir='ltr'><strong>Ita~</strong></span> 
     </span>
    </p>
   </div>
   <div class='ocr_carea' id='block_1_119' title="bbox 2053 5644 2659 5713">
    <p class='ocr_par' dir='ltr' id='par_1_119' title="bbox 2053 5644 2659 5713">
     <span class='ocr_line' id='line_1_119' title="bbox 2053 5644 2659 5713; baseline -0.02 -6"><span class='ocrx_word' id='word_1_942' title='bbox 2053 5655 2186 5713; x_wconf 82' lang='lat' dir='ltr'><strong>bitat,</strong></span> <span class='ocrx_word' id='word_1_943' title='bbox 2211 5644 2335 5712; x_wconf 72' lang='lat' dir='ltr'><strong>loco,</strong></span> <span class='ocrx_word' id='word_1_944' title='bbox 2356 5644 2493 5701; x_wconf 74' lang='lat' dir='ltr'><strong>illum</strong></span> <span class='ocrx_word' id='word_1_945' title='bbox 2514 5644 2659 5698; x_wconf 79' lang='lat' dir='ltr'><strong>videt.</strong></span> 
     </span>
    </p>
   </div>
  </div>
