4084 6360
467 350 562 409 δη

1197 349 1254 405 S.
1294 347 1570 403 .lOANNlS
1607 344 2089 402 CHRYSOSTOMI
2127 345 2443 401 ARCIIIEP.
2480 349 3013 410 CONSTANTINOP.

3656 364 3756 417 ’51ίί

1822 574 2162 638 HOMlLlA
2206 579 2391 641 LVII.

464 754 594 809 CAP.
642 753 694 809 9.
753 767 809 804 v.
842 752 894 805 6.
946 750 1070 804 Ilmc
1114 767 1228 802 cum
1281 750 1489 803 dixisset
1533 746 1706 812 Jesus,
1759 744 1959 811 exspuit
2006 741 2060 794 in

541 855 747 906 terram,
776 853 821 895 et
851 843 966 911 fecit
994 844 1156 894 lutum
1180 858 1241 895 ea:
1266 852 1434 909 sputo,
1460 854 1507 891 et
1525 838 1684 891 linivit
1712 838 1877 889 lutum
1907 850 2059 901 super

538 936 707 989 oculos
752 936 893 997 ca'ci,
943 943 989 988 ct
1034 935 1161 988 dixit
1195 949 1212 986 :
1252 934 1304 986 ’1.
1360 931 1515 996 Vade,
1548 932 1717 985 lavare
1758 930 1811 981 in
1864 928 2059 997 piscina

538 1029 702 1082 Siloe.

538 1122 589 1176 l.
623 1120 907 1186 Scriptum
940 1137 1037 1173 non
1068 1118 1403 1188 perfunctorie
1434 1115 1674 1186 legendte.
1703 1114 1805 1167 Cur
1826 1112 2058 1166 Christus

461 1230 651 1267 ca'cum
693 1223 960 1265 sanaturus
1001 1215 1057 1264 in
1100 1224 1282 1264 terrain
1311 1208 1583 1277 exspuerit.
1615 1205 1747 1260 (Σαισί
1800 1206 1904 1257 nati
1929 1204 2057 1271 ﬁdes

460 1316 671 1370 quanta.
699 1334 770 1344 —
796 1304 895 1372 Qui
926 1304 1156 1372 aliquant
1188 1318 1250 1355 ex
1288 1300 1601 1354 lectionibus
1633 1299 1912 1351 utilitatem
1939 1310 2057 1349 car-

460 1411 586 1466 pere
614 1398 816 1459 volunt,
843 1410 909 1449 ne
929 1396 1207 1449 minimum
1236 1393 1447 1462 quidem
1470 1401 1901 1462 praetercurrant.
1932 1389 2057 1443 Ideo

462 1502 691 1557 namque
717 1486 1021 1555 Scripturas
1046 1486 1270 1539 scrutari
1292 1484 1563 1554 jubcmur,
1590 1483 1713 1552 quia
1740 1482 1904 1535 multa
1934 1498 2052 1549 qua:

461 1581 641 1634 statim
698 1579 871 1634 facilia
922 1578 1200 1639 videntur,
1254 1592 1499 1645 magnam
1556 1575 1753 1629 habent
1799 1574 2050 1627 latentem

459 1670 741 1725 sententia:
786 1670 1220 1738 profunditatem.
1256 1668 1387 1722 Vide
1417 1681 1645 1736 namque
1670 1665 1795 1735 quid
1836 1666 1887 1719 in
1917 1681 2053 1735 prae-

458 1766 596 1820 senti
647 1773 994 1834 proponatur.
1029 1763 1155 1818 llazc
1200 1780 1313 1816 cum
1364 1763 1591 1823 dixisset,
1639 1762 1831 1831 inquit,
1857 1760 2052 1828 exspuit

456 1859 510 1909 in
536 1867 722 1909 (errant
752 1857 820 1929 (υ.
851 1858 902 1912 3.
928 1866 975 1910 et
1000 1857 1079 1927 4).
1121 1854 1229 1909 Cur
1258 1856 1389 1909 hoc?
1421 1854 1486 1909 Ut
1524 1853 1894 1907 manifestetur
1930 1852 2051 1922 glo-

458 1948 535 2002 ria
566 1950 682 2017 Dei,
731 1959 784 2005 et
828 1950 970 2019 quod
1013 1959 1260 2019 oporteat
1303 1965 1389 2004 me
1420 1949 1596 2003 facere
1624 1963 1787 2017 opera
1815 1947 1931 2016 ejus
1960 1948 2050 2016 qui

456 2042 604 2095 misit
651 2056 757 2095 me.
806 2040 988 2111 Neque
1038 2043 1178 2098 enim
1228 2043 1342 2096 sine
1394 2057 1552 2096 causa
1595 2043 1707 2094 haec
1736 2042 2053 2094 memoravit

457 2134 807 2202 evangelista,
834 2134 1143 2205 addiditque
1188 2135 1359 2204 ipsum
1404 2134 1716 2203 exspuisse;
1744 2134 1839 2188 sed
1866 2143 1924 2188 ut
1952 2133 2050 2188 de-

456 2226 687 2281 clararet
728 2226 915 2282 Jesum
961 2229 1211 2298 operibus
1252 2244 1556 2284 sermonem
1602 2230 1943 2285 confirmare.
1982 2229 2052 2284 Et

453 2333 552 2373 cur
582 2334 684 2374 non
711 2336 845 2390 aqua
872 2336 1000 2376 usus
1027 2332 1131 2387 est,
1158 2322 1251 2377 sed
1272 2332 1431 2392 sputo
1456 2323 1521 2377 ad
1540 2324 1706 2378 lutum
1725 2323 2051 2378 faciendum?

454 2410 712 2467 Missurus
752 2413 897 2467 illum
935 2423 1051 2469 erat
1080 2415 1133 2469 in
1177 2413 1343 2471 Siloe.
1374 2415 1451 2469 Ne
1478 2415 1605 2485 quid
1636 2430 1764 2486 ergo
1790 2414 1924 2471 fonti
1950 2416 2051 2470 ad-

455 2504 796 2569 scriberetur,
817 2505 909 2560 sed
924 2506 1176 2572 disceres,
1203 2522 1271 2562 ex
1300 2522 1396 2561 ore
1416 2506 1532 2576 ejus
1557 2508 1753 2563 exiisse
1773 2508 2045 2573 virtutem,

456 2617 575 2671 quae
604 2602 904 2657 ell‘ormavit
943 2611 999 2657 et
1031 2604 1238 2673 aperuit
1266 2604 1470 2668 oculos,
1498 2605 1710 2669 exspuit
1743 2604 1794 2657 in
1828 2614 2045 2658 terram.

457 2693 571 2747 lloc
600 2694 904 2763 significans
931 2694 1256 2764 evangelista
1286 2695 1517 2757 dicebat,
1556 2694 1617 2748 Et
1651 2695 1812 2749 tutum
1840 2695 1957 2766 fecit
1982 2710 2045 2748 ex

454 2794 623 2855 sputo.
656 2785 856 2841 Deinde
884 2801 952 2841 ne
976 2794 1254 2857 putaretur
1279 2802 1413 2856 opus
1435 2802 1504 2840 ex
1536 2796 1673 2840 terra
1694 2786 2041 2855 processisse,

455 2875 635 2930 lavare
673 2876 853 2946 jussit.
904 2876 1012 2931 Cur
1055 2892 1183 2946 ergo
1212 2892 1318 2930 non
1348 2877 1524 2931 statim
1558 2876 1659 2931 hoc
1686 2877 1831 2944 fecit,
1871 2876 1964 2931 sed
1994 2878 2045 2930 in

456 2966 655 3021 Siloam
684 2966 867 3022 misit?
892 2965 966 3022 Ut.
988 2968 1114 3022 caci
1141 2967 1301 3021 [idem
1325 2967 1519 3031 discas,
1554 2977 1715 3037 utque
1740 2967 2044 3021 Judaaortnn

461 3060 808 3129 pervicacitas
848 3061 1251 3130 reprimeretur.
1284 3060 1551 3115 Credibile
1580 3062 1723 3115 enim
1753 3070 1837 3117 est
1861 3077 2048 3116 omnes

458 3154 657 3209 vidisse
700 3155 845 3208 illum
882 3154 1189 3220 abeuntem,
1236 3154 1538 3224 illitumque
1584 3154 1754 3208 lutum
1800 3155 1852 3209 in
1880 3156 2048 3209 oculis

459 3246 764 3301 habentem.
802 3247 909 3301 Res
934 3248 1079 3302 enim
1108 3247 1471 3317 inexspectata
1500 3249 1738 3302 omnium
1770 3248 1951 3303 oculos
1981 3249 2044 3302 ad

457 3339 630 3405 ipsttm
659 3337 966 3393 convertit:
997 3347 1106 3391 tum
1133 3339 1221 3407 qui
1270 3338 1535 3403 viderunt,
1582 3346 1693 3392 tum
1720 3339 1808 3409 qui
1840 3340 2049 3409 ignora-

457 3429 601 3488 bant.
632 3429 698 3482 ad
720 3429 795 3483 rei
821 3429 1025 3483 exitum
1052 3429 1237 3483 intenti
1266 3439 1437 3484 erant.
1458 3430 1590 3497 Quia
1610 3430 1753 3485 enim
1772 3445 1878 3485 non
1891 3430 2048 3486 facile

455 3522 663 3577 creditu
691 3530 811 3576 erat
850 3537 1051 3577 caecum
1099 3522 1269 3577 visum
1298 3537 1666 3592 recuperasse,
1711 3537 1805 3593 per
1834 3525 2047 3592 longam

456 3616 596 3668 viam
628 3616 823 3669 multos
849 3623 1001 3683 parat
1024 3623 1209 3677 testes,
1237 3624 1292 3669 et
1320 3625 1427 3669 tam
1472 3614 1700 3670 insolita:
1726 3615 1802 3669 rei
1839 3626 2049 3684 specta-

457 3716 634 3771 tores;
684 3714 741 3760 ut
781 3706 1095 3761 attentiores
1137 3705 1283 3768 facti,
1320 3706 1431 3775 jam
1461 3722 1566 3760 non
1598 3715 1815 3776 possent
1845 3705 2044 3772 dicere,

457 3799 554 3853 llic
578 3807 684 3864 est,
716 3813 820 3852 non
851 3807 937 3853 est
981 3799 1087 3853 hic.
1139 3798 1220 3853 Ad
1249 3798 1366 3853 lucc
1394 3814 1524 3854 vero
1567 3799 1677 3853 vult
1707 3800 1837 3853 illud
1867 3809 2049 3855 osten-

456 3891 606 3957 dere,
657 3905 717 3945 se
762 3891 932 3944 veteri
987 3889 1091 3959 legi
1146 3892 1471 3945 contrarium
1516 3906 1621 3946 non
1663 3907 1802 3955 esse,
1836 3891 1961 3947 dum
1993 3893 2048 3946 in

455 3981 599 4037 Siloe
640 3981 824 4035 mittit.
876 3980 1059 4052 Neque
1088 3983 1231 4036 enim
1272 3982 1616 4037 metuendum
1666 3993 1803 4048 erat,
1835 3999 1901 4037 ne
1924 3984 2046 4037 facti

454 4073 621 4142 gloria
643 4072 784 4126 Siloe
815 4070 1128 4127 referretur.
1157 4073 1305 4127 Multi
1336 4089 1565 4143 namque
1597 4075 1715 4129 istic
1755 4076 1939 4130 oculos
1970 4076 2048 4128 Ia-

456 4172 665 4226 verant,
696 4164 785 4233 qui
808 4163 939 4218 nihil
969 4164 1093 4219 inde
1122 4164 1242 4219 boni
1266 4174 1391 4219 sunt
1417 4168 1750 4236 consequuti.
1782 4166 1879 4222 Hic
1905 4169 2047 4221 enim

456 4257 625 4308 virtus
652 4254 849 4310 Christi
892 4257 1070 4310 omnia
1114 4267 1414 4326 operatur:
1457 4257 1684 4326 ideoque
1728 4259 2047 4327 interpreta-

454 4347 657 4401 tionem
690 4346 775 4402 liic
802 4346 984 4415 adjicit
1005 4348 1348 4417 evangelista.
1380 4347 1513 4403 Cum
1540 4348 1762 4404 dixisset
1788 4352 1951 4413 enim,
1980 4350 2049 4404 In

458 4440 618 4503 Siloe,
648 4440 848 4509 adjicit,
867 4439 977 4493 Hoc
990 4451 1081 4507 est,
1098 4440 1308 4508 Missus,
1329 4452 1386 4496 ut
1404 4444 1782 4513 intelligasillic
1796 4459 1821 4494 ει
1836 4441 2049 4497 Christo

456 4542 696 4587 Curatum
718 4549 856 4598 esse,
878 4543 934 4587 ut
958 4533 1151 4587 Paulus
1162 4535 1236 4587 ait
1256 4551 1267 4585 :
1289 4533 1530 4589 Bibebant
1543 4545 1709 4588 autem
1724 4536 2049 4604 despirituali

456 4635 784 4692 consequente
807 4625 924 4679 illos
950 4635 1090 4692 petra
1109 4642 1127 4679 :
1142 4636 1285 4694 petra
1306 4637 1475 4680 autem
1490 4637 1595 4681 erat
1607 4627 1833 4681 Christus
1847 4628 1894 4699 (l
1909 4628 2046 4682 .Cor.

458 4716 545 4769 10.
561 4715 637 4786 4).
662 4715 732 4771 Ut
757 4731 885 4785 ergo
898 4716 1139 4770 Christus
1160 4727 1275 4772 erat
1297 4718 1549 4786 spiritalis
1561 4729 1731 4789 petra,
1747 4719 1815 4772 ita
1829 4721 2050 4789 etspiri-

461 4810 581 4863 talis
610 4809 773 4865 Siloe.
817 4810 1038 4865 Videtur
1064 4819 1242 4865 autem
1277 4812 1405 4864 mihi
1440 4814 1716 4881 repentina
1763 4814 1853 4868 illa
1897 4830 2049 4885 aqua;

460 4900 745 4968 praesentia
811 4916 1065 4956 arcanum
1132 4902 1285 4956 nobis
1337 4902 1637 4973 significare
1712 4909 2044 4976 mysterium.

459 4993 738 5058 Quodnam
770 4992 942 5047 illud?
971 4994 1398 5063 lnexspectatutn
1429 5007 1624 5065 praeter
1650 5011 1800 5066 spem
1832 5014 2048 5055 omnem

462 5084 772 5139 adventum.
807 5086 911 5141 Sed
956 5086 1079 5142 vide
1117 5088 1245 5142 mibi
1276 5088 1407 5143 caeci
1451 5092 1685 5143 animum
1718 5092 1769 5147 in
1802 5095 2049 5151 omnibus

462 5162 862 5247 obsequentem.
887 5178 1069 5248 Neque
1098 5180 1239 5233 enim
1262 5180 1415 5243 dixit,
1443 5181 1496 5234 Si
1530 5168 1703 5235 lutum
1725 5192 1815 5235 aut
1834 5195 2046 5250 Sputum

460 5268 590 5324 mihi
624 5269 905 5322 oculorum
935 5285 1088 5322 usum
1121 5271 1424 5334 restituunt,
1459 5274 1580 5341 quid
1614 5288 1745 5341 opus
1768 5284 1849 5327 est
1871 5273 2049 5330 Siloe?

459 5361 503 5414 si
533 5374 661 5415 vero
689 5358 853 5424 Siloe,
895 5360 1019 5428 quid
1070 5376 1203 5429 opus
1241 5374 1322 5417 est
1367 5366 1561 5432 sputo?
1592 5381 1687 5419 cur
1715 5366 1907 5432 linivit,
1955 5383 2050 5422 cur

462 5452 643 5506 lavare
663 5452 857 5521 jussit?
878 5453 1020 5506 Nihil
1055 5452 1241 5507 horum
1272 5454 1356 5508 vel
1383 5458 1657 5523 cogitavit;
1690 5459 1780 5511 sed
1807 5476 1964 5513 unum
1996 5462 2046 5514 in

463 5544 735 5612 proposito
782 5543 1032 5610 habebat,
1083 5553 1140 5597 ut
1183 5544 1387 5612 jubenti
1439 5547 1867 5615 obtemperaret:
1918 5551 2047 5604 nihil

464 5635 638 5701 ipsum
669 5636 910 5701 retinuit,
935 5637 1066 5690 nihil
1094 5636 1333 5691 olTendit.
1365 5637 1417 5691 Si
1448 5639 1567 5707 quis
1590 5655 1716 5693 vero
1744 5640 1904 5705 dicat,
1933 5642 2047 5710 Quo

465 5738 619 5793 pacto
651 5725 759 5779 luto
785 5727 1030 5796 deposito
1056 5730 1225 5783 visum
1267 5730 1507 5798 recepit?
1536 5731 1665 5785 nihil
1696 5748 1723 5785 a
1770 5735 1923 5788 nobis
1950 5752 2045 5789 au-

463 5815 571 5868 diet
597 5814 760 5882 aliud,
792 5831 947 5885 quam
980 5834 1077 5873 nos
1108 5820 1321 5875 modum
1346 5822 1572 5877 nescire.
1610 5822 1675 5877 Et
1704 5825 1829 5893 quid
1856 5827 2045 5883 mirum

2166 746 2208 797 si
2233 750 2554 816 nesciamus,
2582 754 2797 822 quando
2826 770 2896 811 ne
2937 758 3260 827 evangelista
3289 760 3501 830 quidem
3529 762 3750 823 sciebat,

2165 852 2340 907 neque
2381 842 2540 895 etiam
2586 843 2700 913 ipse
2724 846 2813 915 qni
2843 859 3059 903 sanatus
3086 849 3223 903 fuit?
3249 850 3354 906 Sed
3382 853 3505 921 quid
3556 853 3749 909 factum

2165 929 2355 984 fuisset
2380 944 2620 999 noverat,
2654 936 2870 992 modum
2899 955 3027 994 vero
3055 940 3459 1009 deprehendere
3480 960 3584 998 non
3604 958 3751 1014 pote-

2162 1030 2264 1075 rat.
2298 1022 2433 1078 Illud
2467 1041 2594 1081 vero
2622 1028 2977 1099 interrogatus
3007 1032 3256 1088 dicebat:
3287 1034 3474 1089 Lutum
3510 1038 3750 1104 imposuit

2162 1115 2320 1168 oculis
2340 1118 2484 1183 meis,
2512 1129 2558 1197 et
2579 1120 2699 1183 lavi,
2728 1133 2774 1175 et
2804 1123 2966 1178 video.
2990 1124 3042 1179 ld
3062 1136 3237 1181 autem
3265 1130 3530 1196 quomodo
3555 1130 3743 1184 factum

2161 1206 2251 1270 sit,
2306 1208 2488 1264 dicere
2540 1212 2752 1281 nequit,
2793 1215 3002 1269 etiamsi
3052 1217 3245 1271 millies
3300 1220 3648 1290 interrogent.
3692 1226 3746 1275 8.

2160 1297 2345 1369 Itaque
2389 1303 2560 1371 vicini,
2611 1307 2801 1377 inquit,
2842 1319 2887 1363 et
2914 1312 3001 1381 qui
3039 1312 3266 1366 viderant
3304 1331 3417 1367 eum
3442 1317 3601 1385 prius.
3628 1320 3752 1386 quin

2160 1392 2417 1446 mendicus
2456 1397 2619 1462 erat‘,
2644 1399 2921 1454 dicebant:
2945 1400 3134 1457 Nonne
3174 1405 3254 1457 hic
3303 1417 3375 1460 est
3413 1410 3497 1473 qui
3524 1410 3747 1476 sedebat,

2158 1491 2207 1532 et
2245 1484 2595 1540 mendicabat?
2620 1488 2673 1543 9.
2713 1490 2817 1544 Alii
2837 1492 3088 1558 dicebant,
3132 1493 3229 1547 Hic
3256 1508 3347 1550 est.
3378 1497 3473 1552 Rei
3505 1500 3745 1553 inSoIeu-

2160 1573 2231 1625 tia
2277 1574 2343 1627 ad
2387 1576 2814 1635 incrudelitatem
2844 1582 3070 1639 ducebat
3109 1601 3225 1648 eos,
3272 1588 3395 1643 licet
3426 1599 3531 1643 tam
3582 1592 3745 1645 multa

2159 1665 2371 1731 provisa
2401 1679 2603 1734 essent,
2633 1686 2752 1739 qua:
2782 1672 2928 1741 ipsos
2965 1675 3030 1729 ad
3056 1678 3377 1732 credendum
3409 1679 3740 1735 inducerent.

2157 1758 2262 1811 Alii
2299 1771 2477 1815 autem
2508 1761 2800 1819 dicebant:
2835 1764 3022 1823 Nonne
3062 1770 3144 1823 hic
3186 1772 3259 1825 e’st
3302 1773 3390 1839 qui
3436 1773 3656 1839 sedebat,
3696 1786 3745 1828 et

2157 1850 2473 1904 mendicabat
2488 1853 2513 1905 ?

2227 1940 2325 1995 Dei
2350 1946 2629 2016 benignitas
2677 1965 2797 2020 erga
2846 1967 3017 2006 omnes
3065 1956 3283 2024 cujusvis
3326 1959 3644 2012 conditionis.
3675 1992 3745 2002 ~—

2157 2034 2314 2105 Papte
2337 2079 2351 2104 ,
2380 2051 2577 2108 quanta
2624 2042 2716 2097 Dei
2768 2045 3104 2102 humanitas!
3138 2049 3425 2120 Quousque
3469 2054 3744 2108 descendit

2156 2127 2281 2182 dum
2313 2146 2434 2185 cum
2471 2142 2610 2187 tanta
2640 2136 3008 2194 benevolentia
3039 2142 3313 2198 mendicos
3340 2155 3512 2210 curat,
3544 2158 3596 2200 et
3622 2148 3743 2200 hinc

2154 2218 2354 2278 Judaais
2384 2224 2653 2280 silentium
2681 2227 2904 2297 imponit
2927 2270 2942 2297 ,
2970 2233 3092 2301 quia
3138 2249 3242 2289 non
3274 2235 3480 2303 claros,
3510 2239 3744 2294 illustres

2154 2329 2218 2367 ac
2240 2315 2506 2384 principes
2530 2318 2693 2385 viros,
2714 2322 2809 2377 sed
2828 2323 3082 2381 obscuros
3104 2330 3263 2382 etiam
3292 2344 3386 2383 sua
3412 2332 3740 2400 providentia

2153 2404 2472 2475 dignabatur
2504 2427 2519 2463 :
2549 2425 2670 2465 nam
2699 2412 2765 2467 ad
2793 2417 3030 2470 omnium
3062 2418 3289 2474 salutem
3320 2433 3560 2477 venerat.
3590 2424 3741 2491 Quod

2154 2508 2334 2553 autem
2363 2501 2558 2556 accidit
2585 2503 2637 2557 in
2669 2506 2961 2578 paralytico
2983 2550 2998 2575 ,
3035 2510 3121 2565 hic
3148 2528 3363 2585 quoque
3390 2517 3588 2571 evenit.
3633 2518 3743 2572 Ne-

2153 2605 2258 2659 que
2286 2592 2431 2646 enim
2460 2593 2549 2648 ille
2577 2595 2695 2663 quis
2721 2610 2781 2652 se
2819 2610 3058 2655 curasset
3079 2613 3255 2670 norat,
3288 2620 3462 2675 neque
3488 2606 3595 2661 hic.
3630 2608 3745 2663 Hoc

2155 2691 2333 2735 autem
2350 2683 2629 2739 acciditob
2652 2685 2848 2742 Christi
2877 2688 3175 2746 discessum
3202 2694 3324 2763 :qui
3352 2710 3472 2751 cum
3499 2697 3741 2765 curabat,

2156 2786 2369 2843 semper
2394 2776 2648 2832 secedere
2678 2778 2917 2844 solebat,
2949 2790 3008 2835 ut
3060 2785 3200 2837 circa
3233 2785 3381 2855 signa
3426 2789 3601 2843 omnis
3644 2804 3741 2843 su-

2156 2866 2324 2933 Spicio
2355 2867 2650 2923 tolleretur.
2678 2870 2779 2938 Qui
2806 2873 2947 2926 enim
2978 2890 3082 2928 non
3110 2892 3368 2933 noverant
3414 2882 3533 2949 quis
3561 2894 3741 2949 esset,

2154 2961 2423 3028 quomodo
2455 2963 2505 3015 in
2535 2963 2651 3032 ejus
2670 2966 2890 3034 gratiam
2916 2968 3054 3022 circa
3086 2986 3170 3024 res
3195 2982 3372 3041 gestas
3401 2976 3596 3044 aliquid
3644 2978 3743 3030 Ιίιι-

2155 3051 2399 3106 sissent?
2428 3052 2612 3123 Neque
2636 3057 2778 3110 enim
2810 3057 2896 3112 hic
2928 3075 3101 3114 caecus
3127 3077 3250 3118 erro
3283 3064 3547 3134 quispiam
3584 3078 3701 3121 erat
3723 3110 3738 3131 ,

2155 3144 2247 3198 sed
2273 3145 2340 3199 ad
2372 3147 2552 3217 templi
2574 3149 2766 3217 januas
2793 3151 3032 3207 sedebat.
3067 3154 3440 3212 Dubitantibus
3470 3175 3595 3231 ergo
3620 3176 3740 3213 Olll-

2157 3238 2312 3292 nibus
2339 3240 2480 3293 circa
2510 3240 2656 3295 illum
2681 3284 2696 3306 ,
2725 3244 2851 3312 quid
2883 3244 3056 3299 dicit?
3088 3246 3199 3317 Ego
3225 3264 3357 3303 sum.
3400 3250 3512 3303 Non
3559 3252 3748 3319 puduit

2157 3327 2396 3397 pristinae
2421 3332 2709 3399 caecitatis,
2743 3349 2848 3388 non
2889 3334 3197 3392 formidavit
3243 3343 3421 3410 populi
3470 3341 3741 3407 furorem,

2155 3436 2328 3490 neque
2358 3423 2557 3479 veritus
2587 3436 2668 3481 est
2690 3442 2809 3482 sese
2838 3432 3156 3497 ostendere,
3188 3442 3248 3487 ut
3274 3435 3570 3491 beneficum
3596 3454 3734 3507 prm-

2156 3511 2381 3568 dicaret.
2412 3514 2502 3568 10.
2534 3515 2725 3571 Dicunt
2746 3519 2811 3582 ei,
2847 3520 3114 3587 Quomodo
3135 3526 3297 3591 aperti
3317 3538 3431 3580 sunt
3459 3530 3545 3582 tibi
3572 3532 3703 3582 oculi
3722 3532 3747 3583 Ρ

2160 3606 2247 3659 Η.
2282 3606 2565 3675 Respondit
2594 3610 2663 3663 eis
2700 3625 2719 3664 :
2762 3610 2927 3667 Homo
2951 3616 3036 3684 qui
3059 3615 3246 3669 dicitur
3280 3617 3448 3672 Jesus.
3486 3620 3620 3687 Quid
3660 3623 3745 3673 di-

2157 3698 2278 3753 cis?
2305 3715 2370 3753 an
2405 3701 2563 3755 homo
2591 3702 2705 3758 haec
2732 3707 3027 3774 operatur?
3058 3709 3160 3762 Sed
3192 3711 3322 3764 nihil
3351 3712 3527 3767 adhuc
3568 3713 3635 3767 de
3676 3732 3745 3768 eo

2156 3807 2405 3861 magnum
2436 3794 2772 3862 epinabatur.
2809 3796 2976 3853 Homo
3019 3804 3105 3870 qui
3152 3802 3337 3856 dicitur
3371 3803 3520 3858 Jesus
3540 3806 3584 3871 ¹,
3628 3809 3747 3875 fecit

2157 3883 2320 3936 lutum
2341 3894 2386 3936 et
2408 3886 2572 3939 unxit.

2226 3974 2282 4030 2.
2315 3973 2445 4029 C(eci
2471 3994 2501 4029 a
2524 3977 2721 4032 Christo
2749 3982 2912 4033 sanati
2942 3984 3201 4036 veracitas.
3237 3983 3302 4037 In
3344 3986 3405 4039 iis
3449 4003 3562 4056 qua:
3586 3988 3747 4059 rideri

2156 4077 2424 4135 nequeunt,
2448 4069 2551 4137 ﬁde
2575 4080 2648 4123 est
2668 4088 2815 4141 opus.
2844 4072 2976 4128 Vide
2999 4091 3158 4145 quam
3187 4092 3348 4131 verax
3378 4079 3468 4132 sit.
3511 4078 3629 4133 Non
3655 4079 3742 4133 di-

2155 4158 2234 4210 xit
2264 4158 2404 4212 unde
2432 4159 2613 4230 fecerit
2643 4177 2655 4211 :
2684 4162 2825 4231 quod
2852 4165 2993 4219 enim
3016 4182 3120 4219 non
3151 4167 3387 4235 viderat,
3442 4185 3547 4225 non
3591 4171 3741 4226 dicit.

2156 4248 2338 4317 Neque
2360 4252 2504 4305 enim
2536 4253 2741 4308 viderat
2772 4255 2919 4310 illum
2952 4258 3228 4326 exspuisse
3267 4260 3317 4313 in
3362 4269 3555 4316 terram
3582 4303 3598 4329 ,
3646 4264 3741 4317 sed

2155 4341 2297 4409 quod
2332 4344 2574 4399 tinxisset
2594 4387 2610 4410 ,
2637 4362 2802 4401 sensu
2827 4358 2882 4403 et
2908 4363 2975 4403 ex
3002 4359 3145 4405 tactu
3173 4363 3503 4423 perceperat.
3528 4354 3595 4408 Et
3614 4356 3745 4410 dixit

2155 4436 2280 4487 milii
2303 4477 2318 4500 ,
2359 4435 2498 4491 Vade
2520 4479 2535 4504 ,
2564 4439 2734 4493 lavare
2757 4440 2810 4494 in
2834 4444 3085 4496 nataloria
3114 4443 3274 4499 Siloe.
3307 4445 3417 4501 Hoc
3449 4462 3518 4502 ex
3559 4450 3743 4504 auditu

2159 4528 2559 4582 tcsutieabatur.
2597 4531 2660 4584 Et
2701 4531 2841 4587 unde
2885 4532 3084 4589 Christi
3125 4551 3312 4592 vocem
3358 4542 3623 4594 noverat?
3663 4544 3745 4597 Ex

2156 4620 2275 4687 ejus
2304 4621 2728 4691 cumdiscipulis
2779 4626 3069 4695 colloquio.
3119 4628 3244 4684 Hatc
3291 4631 3470 4685 omnia
3516 4645 3742 4701 narrat,

2155 4712 2317 4765 allato
2339 4728 2402 4766 ex
2433 4714 2685 4781 operibus
2714 4717 3017 4772 testimonio
3046 4735 3059 4770 :
3087 4720 3301 4774 modum
3328 4721 3509 4778 dicere
3535 4726 3738 4795 nequit.

2156 4804 2307 4873 Quod
2338 4804 2382 4859 si
2414 4805 2465 4860 in
2498 4806 2564 4861 iis
2593 4823 2712 4876 qum
2738 4823 2898 4863 sensu
2929 4820 2984 4864 et
3008 4819 3151 4866 tactu
3194 4815 3590 4884 percipiuntur,
3637 4818 3741 4871 fide

2155 4906 2240 4951 est
2267 4911 2436 4965 opus;
2467 4898 2637 4952 multo
2665 4901 2835 4970 magis
2862 4902 2915 4955 in
2952 4903 3016 4957 iis
3064 4919 3182 4973 quae
3228 4906 3394 4959 videri
3444 4922 3731 4977 nequeunt.

2156 4988 2245 5041 12.
2270 4988 2457 5042 Dicunt
2477 4990 2541 5055 ei,
2574 4988 2671 5044 Ubi
2696 5002 2768 5044 est
2790 4992 2913 5046 ille?
2944 4992 3240 5063 Respondit,
3267 4996 3472 5051 Nescio.
3499 4997 3551 5052 Id
3581 5015 3742 5067 porro

2155 5079 2444 5145 dicebant,
2487 5080 2583 5135 Ubi
2604 5092 2678 5136 est
2703 5083 2831 5137 ille?
2859 5085 3138 5140 occidendi
3164 5090 3365 5144 animo.
3404 5088 3531 5145 Vide
3560 5103 3739 5145 autem

2157 5172 2243 5226 hic
2270 5189 2426 5241 quam
2450 5173 2782 5229 sitChristus
2810 5191 2838 5229 a
2868 5176 3003 5231 fastu
3032 5180 3269 5246 alienus,
3317 5184 3584 5251 quomodo
3631 5203 3739 5240 non

2154 5264 2337 5318 aderat
2359 5276 2479 5333 post
2502 5270 2801 5321 restitutam
2834 5270 3113 5326 sanitatem
3136 5313 3151 5339 ,
3195 5289 3299 5326 non
3330 5276 3557 5344 gloriam
3584 5317 3599 5339 ,
3632 5294 3737 5329 Ilttll

2154 5356 2332 5424 populi
2380 5357 2622 5425 plausum
2653 5360 2948 5427 quwrebat.
2988 5361 3116 5417 Vide
3142 5375 3318 5417 autem
3346 5382 3504 5434 quam
3536 5371 3743 5423 veraci-

2156 5457 2241 5502 ter
2285 5450 2351 5503 ad
2397 5454 2574 5507 omnia
2629 5470 2804 5509 caecus
2856 5457 3196 5525 respondeat.
3249 5460 3570 5525 Quierebant
3608 5479 3740 5532 ergo

2154 5540 2453 5609 Christum,
2487 5556 2541 5598 ut
2585 5546 2649 5599 ad
2696 5549 3001 5603 sacerdotes
3048 5549 3341 5607 ducerent:
3385 5568 3505 5606 cum
3558 5568 3735 5609 autem

2181 5713 2189 5722 ι
2218 5654 2233 5682 ‘
2272 5652 2477 5722 Vulgata
2502 5659 2679 5722 latina,
2704 5658 2818 5719 quia
2861 5657 3113 5711 mendicus
3148 5668 3270 5711 erat.
3297 5661 3351 5710 In
3376 5661 3529 5713 Editis
3550 5665 3733 5716 ϐαίνω

2154 5712 2403 5783 liiangelii
2432 5714 2611 5775 legitur
2636 5712 2856 5783 61t:tuq;'t_tb;
2882 5727 2938 5779 ἦν,
2961 5723 3075 5783 quia
3097 5736 3253 5773 arcus
3270 5731 3393 5775 crat.

2152 5778 2236 5886 M:
2276 5777 2417 5839 Haec,
2463 5788 2609 5828 Homo
2640 5779 2723 5842 qui
2754 5777 2933 5831 dicitur
2955 5777 3127 5845 Jesus,
3164 5787 3341 5836 desunt
3370 5788 3418 5837 in
3446 5790 3744 5850 quibusdam

2205 5852 2257 5887 ‘s.
