4084 6360
418 343 513 397 511

430 473 687 488 ...-

1434 346 1503 400 IN
1540 343 1856 401 JOANNEM
1896 341 2132 397 HOMIL.
2176 344 2329 399 LVII.
2372 346 2443 402 al.
2484 346 2622 403 LVI.

1500 480 3655 513 ___________.__________________________.

3577 360 3681 416 512

1856 561 2102 614 OMIAIA
2140 561 2265 615 NZ'.

426 649 615 707 Ταῦτα
626 651 852 724 είπῲνὸ
880 653 1129 724 Ἰησοῦς,
1154 653 1380 709 ἕπτυσε
1405 656 1606 724 χαμαί,
1625 654 1721 707 καὶ
1742 655 1991 718 ἐποίησε

490 722 691 794 πηλὸν
710 722 777 794 ἐκ
803 722 910 794 τοῦ
931 724 1299 791 πτύσματος,
1319 727 1413 779 καὶ
1437 722 1718 794 ἐπέχρισε
1754 725 1860 778 τὸν
1880 739 1993 794 πη.-

489 791 603 846 λὸν
645 792 744 845 ἐπὶ
786 792 929 859 τοὺς
974 794 1320 863 ὀφθαλμοὺς
1374 797 1479 850 τοῦ
1520 791 1770 864 τῦρλοῦ,
1797 795 1891 847 καὶ
1923 791 1996 847 εἷ-

491 863 928 986 ΞῖὦάὟπαγε,
954 866 1145 933 ,νίψαι
1169 867 1257 931 είς
1284 865 1399 934 τὴν
1432 863 1853 937 κολυμϐήθραν
1888 865 1994 918 τοῦ

689 952 748 986 α.

488 1024 558 1071 α’.
590 1018 730 1081 Τοὺς
761 1017 1048 1088 μέλλοντάς
1074 1036 1128 1071 τι
1163 1020 1312 1089 παρά
1342 1018 1451 1072 τῶν
1469 1018 1995 1090 ἀναγινωσκομένων

419 1100 781 1172 καρποῦσθαι,
816 1102 939 1155 οὐδὲ
979 1101 1041 1155 τὸ
1073 1102 1265 1174 μικρὸν
1296 1102 1406 1154 τῶν
1456 1103 1763 1172 λεγομένων
1815 1118 1995 1172 παρα-

416 1185 632 1256 τρέχειν
651 1185 750 1238 δεῖ.
763 1184 864 1238 Διά
882 1185 989 1257 γὰρ
1006 1185 1164 1238 τοῦτο
1181 1187 1410 1255 ἐρευνᾷν
1426 1185 1525 1248 τάς
1546 1186 1766 1256 Γραφάς
1780 1184 1996 1236 ἐκελεύ-

419 1268 519 1339 σθη
528 1287 646 1339 μεν,
667 1270 856 1341 ἐπειδὴ
872 1269 1100 1323 δοκεῖτὰ
1116 1269 1305 1330 πολλὰ,
1323 1270 1499 1322 καίτοι
1518 1287 1580 1337 γε
1598 1270 1819 1323 αὐτόθεν
1842 1268 1993 1341 [552]

415 1352 543 1405 ὄντα
568 1353 783 1417 εὐκολα,
815 1353 1017 1423 πολλὴν
1045 1354 1103 1408 ἐν
1140 1352 1218 1421 τῷ
1249 1352 1402 1423 βάθει
1430 1353 1668 1406 διάνοιαν
1694 1352 1837 1423 ἔχειν
1862 1354 1995 1406 ἀπο-

416 1438 825 1509 κεκρυμμένην.
844 1439 984 1507 Ὀρα
1001 1437 1109 1507 γὰρ
1123 1433 1233 1491 οἷόν
1259 1439 1372 1490 ἐστι
1396 1439 1489 1490 καὶ
1511 1437 1571 1489 τὸ
1585 1438 1774 1507 παρόν.
1806 1435 1995 1490 Ταῦτα

414 1522 523 1591 γάρ
544 1520 751 1584 εἰπὼν,
782 1522 969 1591 φησὶν,
991 1520 1218 1575 ἐπτυσε
1242 1522 1446 1590 χαμαί.
1472 1522 1606 1574 Ποῖα
1644 1520 1844 1584 ταῦτα;
1877 1522 1995 1573 Ἵνα

414 1605 699 1677 φανερωθῇ
750 1607 783 1676 ἡ
834 1606 959 1669 δόξα
1005 1606 1100 1659 τοῦ
1132 1606 1290 1670 Θεοῦ,
1320 1606 1414 1660 καὶ
1447 1607 1529 1660 ὅτι
1561 1605 1661 1659 Δεῖ
1672 1623 1747 1675 με
1766 1604 1995 1674 ἐργάζε-

414 1692 553 1743 σθαι
578 1688 653 1741 τὰ
678 1687 825 1757 ἔργα
851 1688 957 1743 τοῦ
970 1688 1323 1758 πέμψαντός
1335 1706 1432 1759 με.
1458 1689 1531 1743 Οὑ
1561 1688 1671 1760 γὰρ
1697 1690 1882 1752 ἁπλῶς
1909 1690 1997 1742 ἀν-

418 1774 655 1845 έμνησεν
703 1774 853 1843 ἡμᾶς
885 1773 994 1826 τῶν
1033 1774 1347 1845 εἰρημένων
1388 1774 1417 1826 6
1450 1774 1862 1844 εὐαγγελιστὴς,
1899 1775 1995 1827 καὶ

413 1858 714 1928 ἐπήγαγεν,
750 1858 833 1909 ὅτι
868 1857 1171 1910 Ἐπτυσεν
1190 1872 1204 1887 ο
1231 1855 1367 1909 ἀλλά
1392 1855 1568 1928 δηλῶν
1598 1857 1679 1909 ὅτι
1722 1856 1814 1909 τὸν
1840 1856 1995 1925 λόγον

410 1941 501 1995 διά
535 1939 643 1993 τῶν
673 1940 849 2010 ἔργων
898 1938 1257 1992 ἐπιστώσατο.
1300 1940 1411 1993 Καὶ
1450 1940 1591 1993 διατί
1618 1941 1692 2011 μὴ
1722 1939 1873 1994 ὕδατι
1900 1941 1993 1993 κέ-

413 2042 631 2096 χρηται,
664 2024 799 2078 ἀλλά
819 2023 1094 2093 πτύσματι
1128 2026 1206 2088 εἰς
1226 2024 1318 2077 τὸν
1347 2024 1554 2094 πηλόν;
1588 2024 1851 2095 Ἐμελλεν
1894 2024 1994 2077 αὐ-

410 2108 503 2162 τὸν
528 2108 768 2178 πέμπειν
791 2109 868 2171 εἰς
893 2108 984 2160 τὸν
1019 2107 1259 2177 Σιλωάμ.
1288 2108 1382 2161 "Iv’
1403 2103 1495 2161 οὖν
1524 2108 1689 2178 μηδὲν
1712 2109 1992 2179 ἐπιγραφῇ

410 2195 478 2262 τῇ
505 2194 680 2261 πηγῇ,
704 2191 840 2244 ἀλλά
877 2190 1055 2262 μάθῃς
1101 2192 1183 2243 ὅτι
1220 2193 1253 2261 ή
1290 2192 1355 2243 ἐκ
1403 2189 1496 2244 τοῦ
1538 2190 1807 2260 στόματος
1846 2190 1995 2255 ἐξελ-

412 2274 581 2328 θοῦσα
615 2274 846 2345 δύναμις
894 2274 1033 2346 αὑτὴ
1078 2275 1172 2328 καὶ
1205 2273 1461 2328 διέπλασε
1504 2274 1601 2328 καὶ
1629 2273 1834 2343 ἀνέῳξε
1865 2275 1995 2337 τούς

409 2358 743 2429 ὀφθαλμοὺς,
778 2357 981 2411 ἐπτυσε
1021 2358 1217 2429 χαμαί.
1241 2356 1412 2411 Τοῦτο
1437 2356 1569 2425 γοῦν
1591 2357 1687 2410 καὶ
1710 2359 1739 2410 6
1771 2357 1997 2425 εὐαγγε-

409 2442 595 2513 λιστὴς
625 2441 1108 2513 ἐπισημηνάμενος
1143 2440 1318 2509 ἔλεγε,
1370 2440 1481 2496 Καὶ
1520 2441 1771 2508 ἐποίησε
1794 2442 1996 2508 πηλὸν

408 2528 529 2582 ἀπὸ
548 2527 655 2581 τοῦ
674 2527 1041 2594 πτύσματος.
1070 2521 1223 2587 Εἶτα,
1252 2524 1339 2577 ἵνα
1367 2525 1441 2594 μὴ
1465 2524 1593 2596 δόξῃ
1610 2524 1709 2587 τῆς
1732 2524 1835 2594 γῆς
1854 2518 1993 2579 εἶναι

408 2612 470 2665 τὸ
499 2610 852 2680 κατόρθωμα,
893 2608 1147 2662 ἐκέλευσε
1184 2608 1461 2677 νίψασθαι.
1497 2609 1655 2671 Τίνος
1687 2604 1779 2661 οὖν
1808 2608 1995 2662 ’ἐνεκεν

408 2697 510 2750 οὐκ
529 2695 733 2758 εὐθέως
744 2693 902 2747 τοῦτο
924 2694 1200 2763 ἐποίησεν,
1220 2692 1338 2746 ἀλλ’
1364 2693 1457 2745 ἐπὶ
1472 2692 1564 2745 τὸν
1579 2691 1803 2761 Σιλωὰμ
1823 2691 1995 2762 ἐπεμ-

406 2779 542 2848 ψεν;
569 2779 685 2831 Ἵνα
714 2778 891 2849 μάθῃς
914 2776 1008 2828 τοῦ
1037 2774 1240 2845 τυφλοῦ
1264 2774 1361 2845 τὴν
1388 2775 1573 2828 πίστιν
1596 2791 1609 2803 ·
1639 2775 1732 2828 καὶ
1759 2776 1845 2828 ἵνα
1875 2777 1995 2828 ἐπι-

409 2861 674 2932 στομισθῇ
729 2860 839 2913 τῶν
880 2859 1151 2912 Ἰουδαίων
1188 2860 1222 2928 ἡ
1269 2858 1652 2928 ἀγνωμοσύνη.
1692 2858 1855 2921 Είκὸς
1884 2858 1995 2929 γάρ

404 2941 476 3018 ἦν
506 2946 753 3009 ἃπαντας
766 2945 899 3016 ὁρᾷν
918 2944 1079 2998 αὑτὸν
1104 2942 1359 3005 ἀπιόντα,
1374 2943 1466 2996 τὸν
1484 2942 1652 3012 πηλὸν
1686 2943 1880 3013 ἔχοντα
1901 2944 1995 2997 ἐπὶ

404 3031 533 3092 τοὺς
560 3029 875 3099 ὀφθαλμοὺς
892 3028 1271 3098 κεχρισμένον.
1300 3025 1391 3097 Τῷ
1417 3028 1524 3097 γάρ
1541 3028 1833 3099 παραδόξῳ
1853 3028 1992 3082 πάν-

405 3132 504 3178 τας
535 3115 601 3169 ἂν
632 3112 932 3184 ἐπέστρεψε
955 3112 1092 3183 πρὸς
1113 3111 1320 3173 ἐαυτὸν,
1342 3110 1469 3173 τούς
1489 3129 1549 3164 τε
1577 3113 1785 3177 εἰδότας
1806 3113 1990 3177 αὐτὸν,

405 3198 531 3261 τούς
580 3215 641 3250 τε
697 3196 1049 3264 ἀγνοοῦντας,
1100 3197 1196 3249 καὶ
1251 3195 1388 3265 μετά
1423 3196 1711 3266 ἀκριϐείας
1742 3195 1809 3249 ἂν
1841 3197 1992 3268 αὐτῷ

406 3282 728 3353 προσέσχον.
747 3280 967 3349 Ἐπειδὴ
1010 3278 1119 3349 γάρ
1155 3280 1256 3332 οὐκ
1281 3277 1500 3332 εὔκολον
1527 3278 1723 3347 τυφλὸν
1756 3280 1990 3334 ἀναϐλέ-

404 3368 583 3437 ψαντα
625 3365 910 3436 γνωρίσαι,
957 3363 1183 3426 πολλοὺς
1234 3366 1378 3415 ποιεῖ
1421 3362 1675 3431 γενέσθαι
1727 3364 1991 3434 πρότερον

411 3452 694 3523 μάρτυρας
716 3449 803 3502 διά
833 3450 1049 3521 μακρᾶς
1074 3448 1173 3516 τῆς
1197 3446 1341 3508 ὁδοῦ,
1359 3448 1452 3501 καὶ
1476 3446 1721 3518 ἀκριϐεῖς
1750 3448 1989 3511 θεατάςει

405 3535 484 3605 τῷ
518 3534 805 3605 παραδόξῳ
856 3532 956 3602 τῆς
1007 3530 1153 3596 Θέας,
1186 3530 1273 3584 ἵνα
1310 3530 1805 3602 προσεκτικώτεροι
1835 3534 1991 3599 γενό-

411 3636 581 3688 μενοι.
613 3615 809 3687 μηκέτι
839 3614 1100 3668 δύνωνται
1119 3612 1320 3681 λέγειν,
1345 3608 1511 3677 Οὗτός
1534 3616 1700 3678 ἐστιν,
1723 3615 1822 3667 οὐκ
1845 3614 1991 3668 ἔστιν

405 3692 580 3763 οὗτος.
611 3699 755 3770 Πρὸς
783 3697 839 3750 δὲ
868 3697 1079 3760 τούτοις
1105 3699 1324 3752 κάκεῖνο
1358 3695 1605 3764 βούλεται
1646 3698 1991 3751 κατασκευά-

407 3784 541 3845 ζειν,
576 3783 656 3835 ὅτι
683 3781 782 3833 οὐκ
816 3780 1093 3850 άλλότριός
1121 3781 1237 3833 ἐστι
1268 3778 1362 3831 τοῦ
1396 3779 1563 3848 νόμου
1606 3781 1701 3833 καὶ
1741 3784 1840 3849 τῆς
1874 3782 1990 3834 Πα-

408 3868 583 3931 λαιᾶς,
616 3865 850 3935 πέμπων
887 3866 966 3927 εἰς
994 3864 1086 3918 τὸν
1120 3864 1361 3933 Σιλωάμ.
1397 3862 1531 3915 Οὐδὲ
1558 3864 1665 3934 γάρ
1692 3866 1867 3917 ἐκεῖνο
1888 3866 1991 3918 λοι-

406 3951 552 4005 πὸνδ
584 3948 917 4003 ὑποπτεῦσαι
942 3943 1031 4018 ἦν,
1065 3949 1140 4020 μὴ
1188 3950 1216 4002 6
1266 3948 1486 4017 Σιλωὰμ
1517 3946 1658 4020 λάϐῃ
1686 3948 1784 4018 τὴν
1809 3949 1985 4015 δόξαν.

405 4035 515 4087 Kal
548 4032 657 4103 γὰρ
693 4031 877 4085 πολλοὶ
911 4031 1170 4094 πολλάκις
1200 4034 1317 4085 ἐκεῖ
1357 4030 1483 4092 τούς
1517 4030 1831 4099 ὀφθαλμοὺς
1861 4032 1989 4085 ἀπο·

405 4116 711 4187 νιψάμενοι,
748 4115 961 4175 οὐδενὸς
984 4115 1305 4184 ἀπήλαυσαν
1330 4113 1593 4166 τοιούτου.
1625 4112 1796 4167 Κάκεῖ
1818 4115 1925 4184 γὰρ
1948 4117 1980 4185 ἠ

404 4200 634 4268 δύναμις
676 4195 745 4271 ἦν
789 4197 885 4250 τοῦ
930 4197 1186 4268 Χριστοῦ,
1214 4199 1247 4266 ἡ
1278 4198 1456 4251 πάντα
1480 4194 1843 4266 ἐργαζομένη.
1888 4198 1986 4251 Διά

402 4284 561 4337 τοῦτο
589 4283 681 4335 καὶ
702 4283 799 4351 τὴν
828 4280 1120 4353 ἑρμηνείαν
1147 4280 1277 4349 ἡμῖν
1307 4278 1662 4350 προστίθησιν
1690 4282 1718 4332 6
1756 4280 1987 4349 εὐαγγε-

404 4367 607 4437 λιστής.
642 4364 827 4419 Εἰπὼν
851 4364 980 4434 γάρ,
1016 4365 1115 4425 El;
1144 4362 1251 4415 τὸν
1270 4363 1979 4433 Σιλωὰμ,προσέθηκεν,”0

401 4452 593 4514 ἐστιν,
619 4447 1073 4516 ἀπεσταλμένος
1092 4463 1104 4475 ·
1143 4445 1228 4497 ἵνα
1266 4445 1441 4515 μάθῃς
1485 4446 1566 4498 ὅτι
1610 4448 1769 4499 κάκεῖ
1794 4449 1821 4499 6
1848 4448 1983 4517 Χρι-

405 4534 527 4599 στὸς
571 4534 730 4587 αὐτὸν
774 4530 1129 4602 ἐθεράπευσε,
1165 4528 1416 4598 καθάπερ
1460 4530 1489 4581 6
1529 4528 1739 4593 Παῦλός
1782 4548 1979 4601 φησιν·

408 4620 661 4671 Ἔπινον
688 4616 799 4684 γὰρ
835 4615 904 4667 ἐκ
935 4612 1345 4681 πνευματικῆς
1386 4613 1846 4680 ἀκολουθούσης
1883 4614 1985 4667 πέ-

403 4718 564 4768 τρας’
589 4700 626 4766 ἠ
655 4700 722 4752 δὲ
745 4698 931 4765 πέτρα
964 4693 1043 4767 ἦν
1082 4699 1115 4749 ὀ
1154 4696 1425 4764 Χριστός.
1451 4697 1662 4767 Ὥσπερ
1686 4693 1780 4750 οὖν
1807 4696 1983 4768 πέτρα

401 4781 470 4856 ἦν
490 4788 518 4839 6
545 4783 780 4854 Χριστὸς
810 4779 1177 4853 πνευματικὴ,
1204 4779 1346 4833 οὕτω
1373 4780 1468 4832 καὶ
1492 4780 1714 4851 Σιλωάμ
1733 4777 1801 4852 ἦν
1826 4799 1984 4834 πνευ.

406 4870 652 4939 ματικός.
672 4869 726 4921 Ἐ
735 4869 824 4938 μοὶ
852 4868 908 4921 δὲ
937 4868 1085 4920 δοκεῖ
1112 4866 1206 4919 καὶ
1230 4866 1290 4917 τὸ
1320 4864 1515 4935 ἀθρόον
1541 4865 1641 4935 τῆς
1670 4865 1762 4918 τοῦ
1792 4866 1981 4931 ὕδατος

402 4953 703 5025 παρουσίας
736 4950 1069 5004 αἰνίττεσθαι
1125 4951 1419 5020 μυστήριον
1468 4952 1599 5018 ἡμῖν
1648 4950 1975 5020 ἀπόρρητον.

402 5041 560 5092 Ποῖον
584 5038 649 5109 δὴ
682 5036 869 5099 τοῦτο;
894 5034 967 5087 Τὸ
992 5034 1398 5103 ἀπροσδόκητον
1421 5033 1521 5102 τῆς
1547 5033 1866 5101 ἐπιφανείας
1889 5034 1982 5087 καὶ

403 5124 530 5194 παρ’
563 5120 751 5173 ἐλπίδα
781 5120 979 5171 πᾶσαν.
999 5116 1136 5169 Ἀλλ’
1159 5118 1260 5186 ὅρα
1284 5114 1379 5168 τοῦ
1404 5114 1603 5182 τυφλοῦ
1632 5116 1729 5185 τὴν
1757 5115 1983 5186 γνώμην

401 5205 540 5275 πρὸς
569 5203 747 5257 πάντα
775 5200 1177 5254 ὑπακούουσαν.
1210 5198 1342 5251 Οὐδὲ
1368 5197 1475 5267 γὰρ
1500 5194 1670 5258 εἶπεν,
1698 5199 1759 5251 Εἰ
1786 5200 1922 5262 ὅλως
1955 5201 1984 5252 6

402 5289 571 5360 πηλός
602 5289 770 5348 ἐστιν,
806 5284 839 5355 ἢ
871 5283 932 5335 τὸ
959 5281 1183 5351 πτύσμα
1230 5281 1290 5333 τὸ
1326 5279 1565 5349 παρέχον
1611 5282 1737 5345 τούς
1783 5282 1983 5350 ὀφθαλ-

405 5372 560 5440 μοὺς,
604 5369 655 5423 τί
698 5386 787 5439 μοι
822 5366 983 5438 χρεία
1010 5364 1104 5417 τοῦ
1138 5364 1392 5432 Σιλωάμ;
1434 5365 1483 5415 εἰ
1511 5363 1568 5416 δὲ
1596 5366 1753 5435 χρεία
1780 5366 1875 5419 τοῦ
1902 5368 1984 5419 Σι-

399 5446 694 5523 λωάμῂτίς
736 5452 895 5521 χρεία
938 5449 1033 5501 τοῦ
1078 5447 1279 5516 πηλοῦ;
1316 5446 1460 5508 τίνος
1501 5446 1682 5500 ἕνεκεν
1724 5449 1978 5521 ἕχρισεν;

399 5535 544 5597 τίνος
566 5535 751 5587 ἐνεκεν
776 5532 1033 5602 νίψασθαι
1075 5531 1388 5595 ἐκέλευσεν;
1427 5530 1569 5583 Ἀλλ’
1599 5531 1747 5585 οὐδὲν
1775 5534 1981 5589 τούτων

400 5618 683 5685 ἐλογίσατο
703 5634 717 5648 ⁸
742 5616 876 5670 ἀλλά
897 5616 1033 5685 πρὸς
1053 5613 1110 5668 ἓν
1128 5612 1544 5685 παρεσκεύαστο
1568 5614 1748 5682 μόνον,
1768 5616 1982 5671 ἅπαντα

400 5700 685 5755 πείθεσθαι
714 5700 791 5769 τῷ
821 5699 1115 5766 κελεύοντι,
1143 5700 1236 5753 καὶ
1260 5698 1413 5751 οὐδὲν
1448 5698 1609 5750 αὑτὸν
1635 5698 1741 5750 τῶν
1770 5701 1983 5770 γινομέ-

401 5800 509 5837 νων
536 5785 937 5848 ἐσκανδάλιζεν.
968 5784 1031 5836 El
1056 5783 1112 5835 δὲ
1140 5782 1287 5851 λέγοι
1332 5800 1418 5845 τις
1437 5798 1451 5812 ο
1485 5780 1609 5844 Πῶς
1639 5778 1732 5835 οὖν
1758 5783 1980 5838 ἀνέϐλε-

466 5894 493 5924 ⁸
534 5894 616 5942 Sic
656 5893 806 5941 Savil.
850 5899 1009 5941 recte.
1036 5891 1238 5953 Μυῖα.
1287 5904 1407 5940 vero
1455 5892 1534 5939 καὶ
1564 5891 1845 5953 νᾶκριϐεἶσθε
1898 5895 1985 5941 αὑ-

404 5954 521 6011 τάς,
572 5968 848 6016 perperam.
938 5954 967 5994 b
1010 5952 1114 6001 Vox
1175 5954 1337 6002 λοιπὸν
1391 5952 1595 6006 accessit
1644 5952 1671 6001 ο
1723 5953 1874 6004 Sani.
1934 5965 1986 6005 οι

403 6017 519 6067 Cud.
564 6017 672 6068 706.
706 6016 841 6069 Ευιῐ.

2106 653 2204 719 ψεν
2253 655 2589 724 ἀποθέμενος
2638 657 2726 709 τὸν
2771 658 2971 728 πηλόν;
3025 661 3175 714 οὐδὲν
3222 662 3349 715 ἄλλο
3393 665 3682 722 ἀκούσεται

2099 740 2227 807 παρ’
2255 740 2429 808 ἡμῶν.
2464 741 2496 811 ἢ
2527 744 2609 795 ὅτι
2640 743 2731 795 τὸν
2756 744 2955 813 τρόπον
2991 746 3091 799 οὐκ
3121 747 3295 816 ίσμεν.
3330 749 3441 803 Kal
3471 753 3521 804 τί
3554 752 3683 807 θαυ-

2102 821 2325 906 μαστὸν,
2355 825 2403 875 εί
2423 827 2587 893 ἡμεῖς
2615 827 2716 879 οὑκ
2741 827 2919 897 ἴσμεν;
2943 829 3076 882 Οὐδὲ
3101 830 3208 902 γὰρ
3246 834 3273 885 6
3296 832 3683 906 εὐαγγελιστὴς

2097 905 2383 971 ἠπίστατο,
2426 908 2548 961 οὐδὲ
2593 910 2754 973 αὐτὸς
2785 913 2812 963 6
2837 912 3309 984 τεθεραπευμένος
3329 934 3341 947 ·
3371 917 3521 989 [555]
3550 905 3683 973 ἀλλά

2096 988 2158 1040 τὸ
2207 990 2303 1058 μὲν
2356 994 2722 1062 γεγενημένον
2756 992 2887 1051 οἶδε.
2918 996 3007 1051 τὸν
3039 998 3095 1050 δὲ
3125 1000 3324 1069 τρόπον
3354 1003 3682 1057 καταλαϐεῖν

2098 1072 2159 1123 οὐ
2203 1072 2444 1127 δύναται.
2476 1075 2647 1129 Τοῦτο
2695 1078 2752 1131 δέ
2805 1080 2897 1132 καὶ
2945 1082 3299 1151 ἐρωτώμενος
3349 1084 3553 1153 ἔλεγεν,
3602 1087 3682 1139 ὅτι

2098 1157 2305 1221 Πηλὸν
2344 1158 2636 1226 ἐπέθηκεν
2683 1161 2781 1215 ἐπὶ
2827 1163 2968 1229 τοὺς
3013 1166 3358 1234 ὀφθαλμούς
3399 1187 3537 1237 μου,
3582 1172 3680 1223 καί

2098 1237 2418 1308 ἐνιψάμην,
2449 1242 2547 1295 καί
2580 1244 2812 1307 βλέπω.
2846 1247 2969 1310 Πῶς
3013 1248 3067 1301 δὲ
3114 1250 3270 1301 τοῦτο
3312 1252 3552 1320 γέγονεν,
3584 1254 3683 1307 οὐκ

2099 1321 2211 1392 ἔχει
2238 1323 2435 1391 λέγειν,
2466 1328 2569 1381 κᾶν
2615 1330 2874 1401 μυριάκις
2912 1334 3282 1403 ἐρωτήσωσιν.
3318 1340 3381 1390 Οἱ
3412 1335 3520 1392 οὖν
3562 1341 3679 1407 γεί-

2097 1421 2289 1490 τονες3
2323 1409 2479 1478 φησὶ,
2512 1412 2608 1465 καὶ
2634 1416 2687 1465 οἱ
2721 1414 3081 1482 θεωροῦντες
3108 1420 3294 1471 αὐτὸν
3316 1418 3403 1473 ὅτι
3432 1424 3681 1490 προσαί-

2098 1505 2207 1556 της
2244 1486 2341 1561 ἦν,
2373 1492 2615 1563 ἔλεγον·
2663 1498 2785 1564 Οὐχ
2829 1494 3007 1564 οὗτός
3055 1500 3225 1571 ἐστιν
3270 1504 3304 1555 ὀ
3349 1486 3682 1571 καθᾶξμενος

2099 1573 2198 1625 καί
2256 1576 2635 1641 προσαιτῶν;
2664 1580 2863 1632 Ἄλλοι
2904 1582 3152 1651 ,ἔλεγον⁸
3186 1580 3376 1649 Οὗτός
3417 1587 3567 1641 ἐστι.
3609 1589 3682 1641 Τὸ

2098 1654 2208 1726 γὰρ
2256 1657 2556 1727 παράδοξον
2608 1660 2702 1713 τοῦ
2748 1664 3136 1733 γεγενημένου,
3169 1667 3263 1719 καὶ
3297 1670 3377 1730 είς
3423 1671 3681 1724 ἀπιστίαν

2099 1737 2295 1821 αὐτοὺς
2319 1734 2421 1811 ἦγε
2443 1757 2456 1771 ⁸
2487 1744 2663 1796 καίτοι
2688 1762 2749 1812 γε
2772 1747 3042 1800 τοσούτων
3058 1750 3522 1821 οἰκονομηθέντων
3540 1753 3678 1807 ὥστε

2103 1820 2178 1891 μὴ
2228 1824 2546 1895 ἀπιστῆσαι.
2583 1830 2645 1881 UE
2689 1830 2744 1882 δὲ
2796 1830 3014 1899 ἔλεγον·
3046 1835 3170 1903 Οὐχ
3213 1820 3392 1901 οὗτός
3434 1837 3607 1890 ἐστιν
3647 1842 3681 1893 ὁ

2099 1907 2437 1976 καθήμενος
2468 1912 2565 1965 καὶ
2597 1913 2972 1981 προσαιτῶν;

2171 1990 2343 2045 Βαϐαἰ
2364 1994 2461 2064 τῆς
2488 1995 2580 2048 τοῦ
2602 1997 2735 2049 Θεοῦ
2764 1998 3203 2069 φιλανθρωπίαςε
3239 2001 3343 2054 ποῦ
3368 2004 3677 2067 κατέϐαινε,

2096 2075 2225 2159 τοὺς
2264 2079 2690 2146 προσαιτοῦντας
2733 2082 2870 2150 μετά
2912 2083 3115 2153 πολλῆς
3152 2085 3251 2155 τῆς
3288 2086 3500 2150 εὐνοίας
3530 2088 3682 2159 θερα-

2101 2158 2302 2223 πεύων,
2338 2161 2634 2215 κάντεῦθεν
2664 2164 2789 2226 τούς
2826 2165 3111 2231 Ἰουδαίους
3135 2170 3529 2240 ἐπιστομίζωνέ
3560 2158 3682 2225 Ὀτι

2098 2242 2160 2293 οὐ
2200 2244 2324 2306 τούς
2362 2244 2667 2316 λαμπροὺς,
2701 2247 2822 2300 οὐδὲ
2860 2250 2986 2311 τούς
3026 2256 3365 2320 περιφανεῖς,
3397 2254 3519 2306 οὐδὲ
3555 2257 3681 2319 τοὺς

2099 2325 2396 2396 ἄρχοντας,
2438 2329 2572 2383 ἀλλά
2611 2332 2704 2383 καὶ
2740 2334 2863 2395 τούς
2906 2335 3152 2405 ἀσήμους
3188 2340 3287 2406 τῆς
3325 2339 3493 2409 αὐτῆς
3529 2340 3680 2409 ἠξίου

2100 2412 2377 2479 προνοίας.
2413 2414 2522 2465 Καὶ
2561 2414 2671 2485 γάρ
2712 2416 2804 2468 ἐπὶ
2844 2419 3087 2490 σωτηρίᾳ
3130 2421 3348 2475 πάντων
3386 2424 3681 2490 ἀφῖκτο,“υ

2098 2492 2154 2546 δὲ
2188 2495 2281 2547 ἐπὶ
2308 2494 2401 2549 τοῦ
2429 2498 2801 2566 παραλυτικοῦ
2832 2499 3045 2569 γέγονε.
3071 2503 3228 2556 τοῦτο
3260 2504 3352 2557 καί
3375 2507 3467 2558 ἐπὶ
3491 2505 3680 2559 τούτου

2098 2579 2326 2646 γίνεται.
2366 2578 2501 2633 Οὔτε
2540 2582 2649 2649 γὰρ
2688 2584 2894 2645 ἐκεῖνος
2926 2585 3043 2655 ᾔδει
3068 2586 3153 2648 τίς
3185 2589 3331 2639 ἐστιν
3359 2591 3387 2640 6
3417 2588 3683 2659 θεραπεύ-

2100 2680 2198 2727 σας
2224 2665 2405 2725 αὐτὸν,
2440 2664 2559 2719 οὔτε
2587 2662 2761 2730 οὗτος.
2782 2668 3021 2737 Ἐγίνετο
3051 2670 3106 2723 δὲ
3131 2670 3288 2724 τοῦτο
3319 2672 3405 2724 διὰ
3430 2673 3527 2743 τὴν
3554 2674 3683 2727 ἀνα-

2098 2749 2339 2821 χώρησιν
2364 2751 2457 2804 τοῦ
2484 2752 2743 2823 Χριστοῦ.
2765 2754 3055 2826 Ἀνεχὼρει
3093 2756 3149 2808 δὲ
3178 2757 3264 2809 ἀεὶ
3301 2757 3620 2828 θεραπεύων
3653 2763 3682 2813 6

2112 2833 2336 2903 Ἰησοῦς,
2369 2835 2509 2889 ὥστε
2543 2840 2723 2890 πᾶσαν
2756 2838 2992 2909 ὑποψίαν
3024 2841 3435 2911 περιαιρεθῆναι
3456 2842 3562 2895 τῶν
3587 2860 3683 2912 ση-

2100 2918 2288 2988 μείων.
2326 2921 2387 2971 Οἱ
2440 2919 2551 2990 γὰρ
2601 2921 2675 2991 μὴ
2706 2922 2905 2985 εἰδότες
2934 2922 3097 2975 αὑτὸν
3128 2925 3275 2987 ὅστις
3302 2926 3436 2988 ἐστὶ,
3470 2925 3587 2989 πῶς
3614 2924 3681 2979 ἂν

2096 3002 2420 3072 ἐχαρίσαντο
2462 3003 2611 3075 αὐτῷ
2653 3006 2747 3059 καί⁸
2790 3006 3306 3074 συγκατεσκεύασαν
3344 3008 3411 3061 τά
3455 3026 3683 3080 γεγενη-

2099 3085 2269 3155 μένα;
2305 3086 2438 3141 Οὐδὲ
2479 3087 2588 3159 γὰρ
2616 3088 2725 3141 τῶν
2760 3090 3078 3160 περιιόντων
3108 3085 3177 3160 ἦν
3202 3085 3375 3155 οὗτος,
3417 3092 3551 3145 ἀλλά
3574 3094 3682 3147 τῶν

2096 3168 2420 3240 καθημένων
2448 3171 2598 3243 παρά
2626 3171 2723 3235 τάς
2748 3172 2918 3242 θύρας
2946 3173 3038 3226 τοῦ
3067 3174 3231 3245 ίεροῦ.
3252 3176 3681 3248 ’Λμφισϐητούν-

2096 3271 2204 3307 των
2233 3254 2288 3308 δὲ
2318 3256 2537 3309 πάντων
2582 3256 2711 3328 περὶ
2757 3257 2943 3321 αὐτοῦ,
2974 3257 3027 3309 τί
3070 3275 3234 3329 φησιν
3265 3259 3500 3327 ἐκεῖνος;
3544 3262 3682 3330 Ἐγώ

2095 3342 2229 3408 είμι.
2257 3340 2366 3392 Οὐκ
2389 3339 2628 3411 ᾐσχύνθη
2655 3340 2754 3412 τὴν
2776 3341 3050 3411 προτέραν
3075 3343 3344 3414 πήρωσιν,
3370 3345 3489 3397 οὐδὲ
3510 3345 3681 3398 ἔδεισε

2092 3422 2189 3475 τοῦ
2215 3422 2276 3494 δή
2288 3441 2386 3493 μου
2413 3423 2504 3475 τὸν
2531 3422 2721 3495 θυμὸν,
2753 3423 2873 3475 οὐδέ
2900 3426 3254 3495 παρῃτήσατο
3273 3426 3443 3491 δεῖξαι
3470 3428 3679 3492 ἐαυτὸν,

2097 3507 2185 3560 ἵνα
2229 3506 2439 3577 κηρύξῃ
2492 3507 2583 3560 τὸν
2626 3507 2942 3579 εὐεργέτην.
2990 3508 3289 3578 Λέγουσιν
3320 3512 3508 3577 αὐτῷ·
3550 3508 3682 3579 Πῶς

2093 3589 2490 3658 ἁνεῴχθησάν
2520 3606 2636 3643 σου
2658 3593 2713 3643 οἱ
2740 3593 3036 3659 ὀφθαλμοί
3054 3611 3069 3653 ;
3098 3594 3265 3661 Λέγει
3290 3595 3494 3659 αὐτοῖς
3516 3612 3527 3624 ·
3548 3597 3679 3649 Ἂν·-

2094 3675 2326 3741 θρωπος
2360 3676 2687 3742 λεγόμενος
2727 3676 2974 3742 Ἰησοῦς.
3031 3674 3095 3727 Τί
3141 3676 3347 3744 λέγεις;
3396 3678 3680 3747 ἄνθρωπος

2092 3757 2320 3811 τοιαῦτα
2349 3756 2675 3828 ἐργάζεται;
2720 3758 2858 3811 Ἀλλ’
2884 3759 3036 3811 οὐδὲν
3074 3760 3218 3828 μέγα
3250 3760 3387 3822 τέως
3414 3761 3528 3831 ᾔδει
3550 3762 3679 3832 περὶ

2093 3840 2281 3895 αὐτοῦ.
2322 3842 2658 3909 Ἄνθρωπος
2706 3844 3032 3913 λεγόμενος
3092 3844 3373 3911 Ἰησοῦςε
3429 3846 3680 3914 ἐποίησε

2093 3928 2294 3995 πηλὸν
2325 3929 2419 3981 καί
2450 3926 2793 3995 ἐπέχρισεν.
2871 3984 2877 3989 _

2166 4012 2231 4082 β’.
2248 4012 2389 4082 Ὅρα
2405 4010 2522 4071 πῶς
2534 4009 2739 4080 ἀληθής
2753 4012 2920 4064 ἐστιν.
2940 4012 3052 4065 Οὐκ
3064 4007 3238 4077 εἶπεν,
3255 4013 3417 4066 πόθεν
3430 4014 3674 4084 ἐποίησεο

2091 4095 2120 4148 6
2148 4094 2257 4165 γάρ
2294 4095 2393 4148 οὐκ
2434 4090 2596 4157 οἶδεν,
2629 4096 2687 4147 οὐ
2718 4095 2884 4163 λέγει.
2917 4097 3051 4150 Οὐδὲ
3084 4098 3190 4170 γὰρ
3226 4095 3363 4151 εἶδεν
3392 4100 3473 4151 ὅτι
3504 4086 3677 4169 χαμαὶ

2091 4178 2323 4231 ἔπτυσεν
2346 4195 2359 4208 ·
2392 4179 2473 4231 ὅτι
2518 4177 2575 4229 δὲ
2620 4177 2897 4249 ἐπέχρισε,
2930 4179 3016 4233 διὰ
3050 4181 3145 4250 τῆς
3180 4181 3484 4250 αἰσθήσεως
3510 4182 3677 4252 ἐμάν-

2091 4264 2219 4317 θανε
2246 4264 2339 4316 καὶ
2369 4262 2468 4333 τῆς
2502 4262 2665 4333 ἁφῆς.
2696 4264 2804 4316 Καὶ
2839 4259 2970 4316 εἶπέ
2987 4265 3368 4334 μοι,“Υπαγε,
3391 4266 3561 4333 νίψαι
3588 4270 3676 4333 εἰς

2088 4347 2205 4415 τὴν
2244 4346 2672 4416 κολυμϐήθραν
2704 4346 2809 4399 τοῦ
2844 4346 3098 4415 Σιλωάμ.
3134 4350 3243 4401 Kal
3276 4350 3434 4402 τοῦτο
3468 4352 3500 4421 ὴ
3537 4351 3674 4421 ἀκοὴ

2088 4431 2461 4504 ἐμαρτύρησε.
2499 4431 2609 4485 Kal
2644 4431 2805 4485 πόθεν
2843 4432 3212 4499 ἐπεγίνωσκεν
3240 4433 3405 4486 αὐτοῦ
3434 4436 3533 4505 τὴν
3563 4453 3675 4502 φω-

2088 4519 2219 4586 νήν;
2265 4514 2398 4568 Ἀπὸ
2443 4514 2542 4584 τῆς
2590 4514 2877 4579 διαλέξεως
2921 4515 3023 4584 τῆς
3070 4515 3206 4585 πρὸς
3241 4518 3365 4578 τούς
3403 4517 3670 4587 μαθητάς.

2085 4600 2199 4654 Καὶ
2249 4597 2422 4652 ταῦτα
2471 4598 2643 4666 λέγων
2687 4597 2922 4661 ἅπαντα,
2958 4600 3052 4650 καὶ
3091 4600 3189 4669 τὴν
3217 4599 3304 4652 διὰ
3344 4600 3449 4652 τῶν
3496 4601 3672 4672 ἔργων

2091 4684 2399 4755 μαρτυρίαν
2439 4681 2639 4747 λαϐὼν,
2669 4683 2758 4735 τὸν
2792 4683 2990 4753 τρόπον
3024 4686 3198 4736 εἰπεῖν
3238 4685 3298 4736 οὐ
3337 4685 3578 4738 δύναται.
3610 4687 3669 4737 El

2086 4768 2144 4820 δὲ
2174 4768 2268 4819 ἐπὶ
2299 4766 2409 4818 τῶν
2435 4766 2708 4835 αἰσθητῶν
2738 4765 2829 4819 καὶ
2856 4766 3273 4837 ψηλαφωμένων
3301 4767 3538 4829 πίστεως
3568 4768 3668 4829 δεῖ,

2089 4848 2268 4920 πολλῷ
2320 4848 2519 4919 μᾶλλον
2567 4849 2660 4901 ἐπὶ
2701 4849 2808 4901 τῶν
2851 4850 3117 4920 ἀοράτων.
3143 4849 3440 4919 Λέγουσιν
3472 4848 3666 4914 αὐτῷ·

2087 4935 2212 4989 Ποῦ
2250 4933 2424 4987 ἐστιν
2465 4932 2727 4998 ἐκεῖνος;
2768 4932 2970 5001 Λέγει·
3009 4936 3129 4987 Οὐκ
3161 4930 3312 4989 οἶδα.
3345 4934 3569 5002 Ἔλεγον
3612 4934 3670 4987 δὲ

2086 5017 2264 5081 τοῦτο,
2303 5016 2363 5069 τὸ
2381 5013 2431 5081 ά,
2462 5015 2585 5069 Ποῦ
2618 5017 2789 5069 ἐστιν
2807 5016 3075 5083 ἐκεῖνος;
3115 5018 3383 5085 φονῶντες
3417 5018 3515 5087 ἢδη
3550 5019 3667 5070 κατ’

2087 5099 2274 5154 αὐτοῦ.
2301 5099 2414 5153 Θέα
2456 5098 2514 5151 δὲ
2562 5099 2656 5151 τοῦ
2692 5099 2927 5169 Χριστοῦ
2962 5100 3021 5152 τὸ
3055 5100 3428 5170 ἀκόμπαστον,
3458 5101 3573 5164 πῶς
3605 5102 3666 5153 οὐ

2088 5185 2270 5256 παρῆν
2310 5186 2423 5245 τοῖς
2465 5183 2938 5253 θεραπευομένοις.
2977 5184 3050 5236 Οὐ
3097 5184 3202 5256 γὰρ
3243 5184 3398 5249 δόξαν
3442 5184 3667 5254 καρπώο

2089 5268 2284 5320 σασθαι
2328 5266 2597 5326 ἐϐούλετο,
2630 5266 2749 5319 οὐδὲ
2795 5266 3150 5336 όχλαγωγείν,
3191 5268 3308 5321 οὐδὲ
3357 5268 3665 5321 ἐπιδείκνυ-

2089 5352 2383 5421 σθαι.”Ορα
2413 5350 2527 5413 πῶς
2558 5350 2770 5405 ἅπαντα
2797 5350 3104 5422 φιλαλήθως
3143 5353 3492 5422 ἀποκρίνεται
3517 5353 3545 5404 6
3569 5369 3667 5404 τυ-

2088 5434 2565 5507 φλός.Ἑϐούλοντο
2600 5436 2697 5503 μὲν
2743 5430 2835 5487 οὖν
2882 5435 2971 5489 τὸν
3016 5436 3250 5505 Χριστὸν
3296 5438 3495 5507 εὑρεῖν,
3525 5437 3665 5490 ὥστε

2087 5520 2249 5574 αὐτὸν
2295 5519 2521 5586 ἀγαγεῖν
2567 5518 2705 5588 πρὸς
2750 5520 2876 5581 τοὺς
2912 5520 3074 5589 ἱερεῖς
3098 5537 3111 5548 ·
3148 5518 3334 5590 ἐπειδὴ
3362 5520 3417 5571 δὲ
3443 5521 3541 5572 οὐκ
3568 5522 3667 5573 ἐπ-

2086 5603 2297 5672 έτυχον,
2338 5602 2529 5669 ἄγουσι
2577 5602 2663 5653 τὸν
2712 5602 2909 5669 τυφλὸν
2948 5602 3097 5675 [554]
3148 5604 3281 5673 πρὸς
3330 5605 3457 5666 τοὺς
3499 5606 3666 5673 Φαρι-

2089 5688 2292 5749 σαίους.
2319 5687 2394 5750 ὡς
2430 5687 2779 5757 σφοδρότερον
2829 5689 3219 5757 ἐρωτήσοντας.
3250 5688 3349 5741 Διά
3375 5688 3482 5761 γάρ
3509 5689 3666 5743 τοῦτο

2032 5815 2037 5821 .
2087 5772 2182 5824 καὶ
2207 5772 2235 5823 ὁ
2260 5770 2647 5841 εὐαγγελιστὴς
2679 5772 3100 5842 ἐπισημαίνεται
3143 5774 3223 5825 ὅτι
3275 5773 3540 5827 σάϐϐατον
3573 5768 3664 5843 ἦν,

2062 5873 2099 5962 ι.
2154 5896 2175 5922 ο
2201 5892 2355 5962 ﬁmo,
2386 5892 2624 5962 ἄνθρωπος
2665 5892 2914 5962 λεγόμενος
2972 5892 3155 5962 Ἰησοῦς
3180 5933 3191 5950 ,
3239 5895 3510 5962 desunl__in
3551 5895 3665 5962 qui-

2088 5955 2291 6003 busdam
2324 5968 2436 6003 mss.
2474 5953 2530 5991 τί
2566 5955 2699 6013 Haec,
2746 5953 2908 6017 τοῦτο,
2954 5958 3024 6017 τὸ,
3057 5958 3238 6007 desunt
3281 5959 3329 6007 in
3374 5954 3669 6016 Quibusdam

2091 6030 2207 6065 ΙΙΙδὸ-
3120 6040 3123 6043 ·
