4084 6360
469 303 579 361 513

467 423 559 476 ῐνα
582 420 682 490 τὴν
710 423 951 492 πονηρὰν
993 421 1176 474 αὐτῶν
1203 421 1430 493 γνώμην
1462 422 1784 493 ἐνδείξηται,
1817 422 1912 476 καὶ
1943 422 2042 490 τὴν

466 503 665 565 αἰτίαν,
694 504 760 557 δι’
793 503 858 574 ἢν
901 505 1143 574 ἐζήτουν,
1171 505 1246 567 ώς
1285 504 1454 575 λαϐὴν
1490 506 1649 577 δῆθεν
1677 506 2039 576 εὑρίσκοντες,

467 589 560 641 κα)⁵
596 589 878 658 δυνάμενοι
906 589 966 640 τὸ
995 587 1177 657 θαῦμα
1214 589 1508 652 διαϐαλεῖν,
1539 590 1626 644 διὰ
1650 591 1748 659 τῆς
1777 588 2042 658 δοκούσης

464 669 601 725 εἶναι
629 672 721 725 τοῦ
747 674 909 740 νόμου
946 674 1328 742 παραϐάσεως.
1355 675 1464 728 Καὶ
1488 675 1645 728 τοῦτο
1671 673 1830 742 δῆλον
1855 675 1919 727 ἐκ
1947 673 2040 726 τοῦ

465 755 670 818 εὐθέως
701 755 904 818 ἰδόντας
931 756 1091 808 αὐτὸν
1120 757 1288 826 μηδὲν
1317 757 1444 811 ἄλλο
1464 760 1659 819 εἰπεῖν,
1689 757 1802 809 ἀλλ’
1832 757 1889 826 ἢ,
1913 754 2044 822 Πῶς

463 839 686 906 ἀνέῳξέ
718 856 834 894 σου
865 841 1004 904 τοὺς
1030 842 1410 909 ὀφθαλμούςς
1443 842 1551 896 Καὶ
1575 843 1677 911 ὅρα
1706 840 1823 903 πῶς
1855 840 2044 907 λέγου-

465 939 566 975 σιν.
601 924 673 974 Οὐ
701 924 808 993 γάρ
855 919 1026 987 εἷπον,
1059 925 1181 986 Πῶς
1209 923 1506 993 ἀνέϐλεψας
1531 941 1545 987 ;
1576 923 1732 984 ἀλλά,
1774 921 1905 987 Πῶς
1933 923 2039 975 ἀν-

461 1004 609 1066 ἐῳεέ
638 1021 753 1058 σου
789 1006 929 1071 τοὺς
968 1007 1343 1075 ὀφθαλμούς;
1377 1007 1608 1068 διδόντες
1638 1006 1785 1075 αὐτῷ
1826 1005 2040 1075 πρόφα-

461 1105 546 1142 σιν
597 1089 687 1140 τοῦ
731 1087 1005 1142 διαϐαλεῖν
1045 1089 1206 1142 αὑτὸν
1255 1093 1338 1141 ἐπ’
1366 1090 1618 1161 ἐργασία.
1637 1091 1695 1142 ’0
1721 1089 1776 1141 δὲ
1803 1089 1877 1150 ῶς
1906 1088 2040 1158 πρὸς

459 1173 762 1241 ἀκηκοότας
809 1172 1214 1243 συντομώτερον
1264 1173 1578 1242 φθέγγεται.
1630 1172 1768 1226 Οὔτε
1817 1173 1926 1242 γὰρ
1977 1171 2039 1226 τὸ

459 1255 631 1325 ὄνομα
660 1255 851 1320 εἰπὼν,
877 1256 1023 1318 οὔτε,
1055 1259 1136 1310 ὅτι
1158 1254 1292 1310 Εἷπέ
1321 1259 1690 1328 μοι,⁰Ύπαγε,
1718 1257 1910 1324 νίψαι,
1949 1256 2039 1308 εὑ-

457 1339 593 1401 θέως
638 1341 800 1410 φησί’
835 1341 1041 1408 Πηλὸν
1064 1341 1358 1408 ἐπέθηκεν
1384 1341 1482 1393 ἐπὶ
1520 1340 1662 1406 τοὺς
1691 1340 2038 1408 ὀφθαλμούς

448 1441 590 1492 μου,
620 1425 718 1477 καὶ
774 1425 1095 1492 ἐνιψάμην,
1141 1426 1239 1481 καὶ
1279 1424 1512 1489 βλέπω.
1548 1425 1636 1488 Ὠς
1690 1424 1887 1494 πολλῆς
1936 1424 2034 1494 ἤδη

454 1508 824 1578 γεγενημένης
871 1507 1146 1577 διαϐολῆς,
1198 1509 1463 1561 κάκείνων
1514 1506 1956 1577 είρηκότων,¹Ὶδε
2008 1509 2036 1559 ὁ

465 1591 671 1660 Ἰησοῦς
699 1586 786 1644 οἷα
818 1592 1110 1662 ἐργάζεται
1157 1593 1212 1643 ἐν
1247 1591 1520 1663 σαϐϐάτῳ,
1558 1591 1726 1660 ⁴πηλὸν
1752 1592 1916 1662 χρίει.
1961 1592 2032 1644 Σὺ

450 1673 508 1726 δέ
541 1693 630 1744 μοι
657 1675 870 1737 σκόπει,
899 1676 1016 1737 πῶς
1049 1675 1108 1726 ού
1142 1675 1468 1745 ταράττεται
1492 1676 1521 1728 ό
1557 1674 1912 1742 τυφλός,”οτε
1935 1674 2033 1743 μὲν

449 1761 559 1830 γὰρ
605 1761 689 1812 ἐπ’
728 1761 950 1812 ἐκείνων
989 1759 1173 1827 ἔλεγεν
1202 1759 1500 1823 ἀκινδύνως
1528 1759 1899 1829 ἐρωτώμενος,
1933 1760 2032 1829 οὐχ

447 1840 592 1896 οὕτω
627 1841 770 1911 μέγα
809 1837 877 1912 ἦν
910 1841 970 1892 τὸ
998 1842 1097 1912 τὴν
1127 1841 1382 1913 ἀλήθειαν
1411 1844 1584 1894 εἰπεῖν
1605 1858 1617 1870 °
1649 1842 1710 1895 τὸ
1732 1843 1788 1896 δέ
1817 1842 2030 1912 θαυμα-

449 1927 572 1978 στόν
609 1927 726 1978 ἐστι
773 1924 887 1990 νῦν,
924 1925 1007 1977 ὃτι
1057 1925 1151 1977 καὶ
1201 1927 1258 1977 ἐν
1303 1925 1508 1978 πλείονι
1541 1925 1692 1996 φόϐῳ
1732 1926 2029 1990 καταστάς,

444 2006 568 2086 οῦτε
601 2009 867 2086 ἀρκεῖται,
902 2005 1027 2059 οὔτε
1068 2008 1285 2060 ἐναντία
1320 2007 1468 2076 λέγει
1488 2011 1603 2070 τοῖς
1634 2009 1940 2078 προτέροις.
1965 2010 2030 2062 Τί

443 2085 537 2143 οὖν
563 2093 611 2144 οἱ
641 2085 960 2162 Φαρισαῖοι;
1001 2090 1200 2160 μᾶλλον
1235 2091 1293 2142 δέ
1326 2092 1421 2144 καὶ
1469 2093 1518 2144 οί
1565 2091 1747 2155 ἄλλοι;
1783 2092 2028 2161 Ἥγαγον

445 2174 546 2242 μὲν
585 2173 746 2227 αὑτὸν
797 2173 870 2236 ὡς
909 2173 1276 2245 ἀρνησόμενον
1300 2191 1313 2204 ·
1363 2174 1672 2227 τούναντίον
1724 2173 1780 2226 δὲ
1826 2174 2028 2229 ἔπαθον

441 2257 580 2328 ὅπερ
615 2258 717 2310 οὐκ
759 2256 1060 2324 ἐϐούλοντο,
1097 2259 1190 2312 καὶ
1230 2258 1619 2329 ἀκριϐέστερον
1655 2258 1878 2330 ἔμαθον.
1915 2261 2026 2314 Καὶ

440 2338 598 2392 τοῦτο
626 2340 896 2410 πανταχοῦ
921 2340 1030 2393 τῶν
1061 2335 1303 2411 σημείων
1331 2342 1659 2412 ὑπομένουσι
1679 2361 1690 2373 ⁸
1735 2343 1934 2412 μᾶλλον
1969 2343 2026 2396 δέ

438 2423 497 2476 ἐν
524 2426 636 2486 τοῖς
666 2424 792 2494 ἑξῆς
819 2423 975 2476 τοῦτο
999 2425 1330 2496 σαφέστερον
1355 2425 1729 2496 ἀποδείξομεν.
1760 2426 1824 2479 Τί
1852 2422 1945 2480 οῦν
1974 2428 2025 2480 οἱ

436 2507 757 2576 Φαρισαῖοι;
793 2507 1050 2576 Ἕλενόν
1096 2525 1276 2574 τινες,
1312 2509 1372 2561 οὑ
1413 2513 1635 2575 πάντες,
1674 2509 1789 2563 ἀλλ’
1819 2511 1869 2563 οἱ
1907 2511 2023 2564 ίτα-

440 2587 706 2660 μώτεροιο
742 2585 932 2655 Οὗτος
961 2594 994 2644 ό
1027 2591 1338 2660 ἄνθρωπος
1378 2594 1490 2646 οὐκ
1536 2591 1710 2647 ἐστιν
1751 2593 1870 2648 ἀπὸ
1915 2594 2022 2648 τοῦ

439 2673 609 2737 Θεοῦ,
636 2673 724 2727 ὅτι
757 2672 825 2726 τὸ
856 2673 1160 2728 σάϐϐατον
1198 2677 1270 2728 οὐ
1316 2676 1509 2744 τηρεῐ’
1555 2677 1732 2730 ἄλλοι
1782 2677 2020 2748 ἔλεγον,

433 2757 569 2822 Πῶς
602 2757 849 2812 δύναται
895 2758 1206 2828 ἅνθρωπος
1243 2760 1590 2829 ἁμαρτωλός
1616 2762 1861 2816 τοιαῦτα
1905 2779 2020 2832 ση-

428 2840 570 2910 μεῖα
596 2842 820 2906 ποιεῖν;
849 2841 1010 2913 Ὁρᾷς
1037 2843 1120 2895 ὅτι
1139 2843 1248 2895 ἀπὸ
1271 2843 1382 2896 τῶν
1406 2845 1648 2914 σημείων
1675 2847 1940 2915 ἀνήγοντο
1957 2859 2018 2912 ⁸;

435 2925 496 2976 Ol
529 2923 637 2995 γὰρ
673 2924 778 2994 πρὸ
807 2922 1000 2977 τούτου
1038 2924 1374 2995 πέμψαντες,
1403 2925 1544 2980 ὥστε
1579 2929 1807 2997 ἀγαγεῖν
1835 2930 2018 2994 αὐτὸν,

433 3005 665 3061 ἄκουσον
703 3007 756 3060 τί
789 3007 1005 3077 λέγουσι
1046 3008 1162 3074 νῦν,
1193 3011 1243 3062 εί
1281 3012 1376 3063 καὶ
1410 3009 1486 3082 μὴ
1519 3012 1740 3076 πάντες.
1772 3016 1883 3067 Καὶ
1909 3015 2020 3088 γὰρ

431 3092 691 3161 ἄρχοντες
713 3090 864 3154 ὄντες
895 3092 999 3145 ὑπὸ
1023 3092 1124 3162 τῆς
1157 3093 1458 3161 φιλοδοξίας
1491 3097 1571 3158 είς
1603 3098 1862 3151 ἀπιστίαν
1898 3099 2020 3152 ἐπι-

431 3176 784 3246 πτον.”ομως
815 3175 872 3228 δὲ
905 3177 1000 3230 καὶ
1027 3177 1134 3229 τῶν
1167 3178 1444 3248 ἀρχόντων
1471 3180 1521 3231 οἱ
1558 3179 1742 3234 πολλοὶ
1765 3182 2019 3236 ἐπίστευ-

433 3274 532 3311 σαν
560 3261 638 3320 εἰς
672 3258 833 3312 αὐτόν
852 3278 865 3291 ο
895 3261 992 3331 οὐχ
1018 3260 1329 3330 ὡμολόγουν
1371 3261 1448 3314 δέ.
1467 3263 1526 3314 'U
1570 3263 1670 3333 μὲν
1713 3261 1806 3318 οὖν
1849 3267 2018 3331 πολὺς

429 3339 557 3402 λαὸς
604 3342 1082 3414 εὐκαταφρόνητος
1133 3339 1220 3414 ἦν,
1263 3345 1359 3398 ἆτε
1408 3345 1545 3415 μηδέ
1577 3347 1719 3416 μέγα
1751 3349 2017 3404 συντελῶν

429 3425 511 3487 εἰς
559 3425 656 3494 τὴν
705 3427 1027 3498 συναγωγὴν
1061 3427 1276 3480 αὐτῶν·
1315 3431 1363 3480 οἱ
1407 3430 1464 3481 δὲ
1510 3430 1768 3502 ἄρχοντες
1815 3435 2016 3504 μᾶλλον

429 3507 783 3578 περίϐλεπτοι
824 3510 1015 3574 ὅντες,
1067 3511 1467 3583 δυσκολώτερον
1520 3515 2012 3586 ἐπαρρησιάζοντο.

428 3591 567 3654 Τοὺς
599 3591 698 3660 μὲν
727 3592 835 3664 γάρ
868 3593 1128 3664 φιλαρχία
1158 3598 1397 3666 κατεῖχε,
1423 3598 1547 3660 τοὺς
1583 3598 1641 3651 δὲ
1674 3599 1845 3652 δειλία
1877 3603 2016 3655 καὶὸ

427 3675 578 3745 παρὰ
609 3675 718 3728 τῶν
748 3677 954 3730 πολλῶν
983 3678 1164 3746 φόϐος.
1199 3679 1289 3730 Διὸ
1320 3681 1413 3732 καὶ
1444 3680 1595 3747 ἔλεγε
1622 3698 1635 3711 ο
1669 3683 1801 3748 Πῶς
1829 3683 2012 3738 δύνα-

427 3761 539 3812 σθε
573 3762 901 3823 πιστεύειν,
935 3761 1122 3825 δόξαν
1153 3762 1312 3830 παρὰ
1335 3763 1658 3832 ἀνθρώπων
1676 3768 2015 3835 λαμϐάνον-

426 3859 567 3908 τες;
598 3845 706 3897 Καὶ
750 3846 903 3897 αὐτοὶ
939 3848 1038 3915 μὲν
1079 3847 1323 3916 φονεύειν
1351 3848 1639 3919 ζητοῦντες
1667 3853 1887 3918 ἀδίκως,
1916 3853 2011 3907 τοῦ

426 3927 561 3979 Θεοῦ
607 3928 789 3996 ἔλεγον
833 3926 1006 3983 εἶναι⁹
1050 3931 1142 3982 τὸν
1181 3930 1238 3984 δὲ
1275 3932 1506 4000 τυφλοὺς
1549 3934 1921 4004 θεραπεύοντα
1949 3940 2010 3991 ού

424 4010 684 4064 δύνασθαι
711 4008 849 4065 εἶναι
881 4015 943 4066 ἐκ
972 4013 1064 4066 τοῦ
1099 4014 1255 4081 Θεοῦ,
1291 4017 1378 4068 διὰ
1405 4017 1469 4093 τὸ
1509 4018 1778 4072 σάϐϐατον
1811 4020 1887 4092 μὴ
1911 4039 2010 4093 τη-

426 4097 562 4164 ρεῖν.
591 4094 735 4165 Πρὸς
783 4095 959 4148 ταῦτα
1005 4097 1308 4177 ἀντέθηκαν
1355 4091 1523 4166 οῦτοι,
1555 4103 1636 4154 ὅτι
1685 4091 2011 4173 ἀμαρτώλδς

423 4176 647 4230 τοιαῦτα
691 4182 891 4248 σημεῖα
935 4179 994 4231 ού
1042 4176 1264 4233 δύναται
1297 4185 1488 4235 ποιεῖν.
1509 4184 1737 4238 Ἐκεῖνοι
1773 4187 1873 4256 μὲν
1913 4184 2010 4243 οῦν

423 4264 745 4333 κακούργως
775 4263 834 4316 τὸ
874 4265 1094 4332 γεγονὸς
1135 4265 1415 4332 σιγῶντες,
1443 4268 1542 4338 τὴν
1575 4269 1838 4324 δοκοῦσαν
1868 4268 2007 4327 εἶναι

423 4348 735 4418 παράϐασιν
783 4351 863 4411 εἰς
897 4350 1060 4416 μέσον
1103 4348 1315 4420 ἔφερον.
1347 4353 1420 4404 Οὐ
1461 4352 1568 4423 γάρ
1599 4353 1804 4423 ἔλεγον,
1834 4356 1915 4409 ὅτι
1949 4360 2007 4410 ἐν

419 4429 499 4498 τῷ
527 4431 779 4501 σαϐϐάτῳ
802 4432 1114 4503 θεραπεύει,
1141 4434 1254 4486 ἀλλ’
1283 4435 1366 4486 ὅτι
1398 4436 1466 4488 Τὸ
1493 4436 1793 4491 σάϐϐατον
1817 4440 1889 4493 οὐ
1915 4458 2008 4509 τη-

413 4514 536 4580 ρεῖ·
566 4509 712 4566 οῦτοι
735 4515 792 4567 δὲ
821 4516 981 4568 πάλιν
1006 4516 1266 4580 ἀσθενῶς.
1296 4519 1424 4571 Δέον
1452 4519 1561 4590 γὰρ
1594 4521 1857 4585 ἐπιδεῖξαι
1885 4523 2005 4588 πῶς

419 4595 480 4648 τὸ
521 4595 788 4650 σάϐϐατον
818 4599 878 4650 οὐ
909 4598 1115 4661 λύεται,
1140 4601 1246 4653 ἀπὸ
1272 4600 1381 4654 τῶν
1409 4604 1652 4672 σημείων
1702 4607 2005 4678 ἰσχυρίζον-

417 4694 509 4730 ται
563 4680 756 4748 μόνον’
805 4682 902 4752 καὶ
945 4683 1187 4745 εἰκότως.
1218 4684 1338 4736 Ἔτι
1368 4685 1476 4754 γάρ
1520 4687 1805 4757 ἄνθρωπον
1841 4691 2003 4743 αὑτὸν

419 4762 668 4832 ἐνόμιζον
703 4759 860 4818 εἶναι.
880 4767 1031 4817 Ἐπεὶ
1063 4769 1111 4818 εί
1140 4765 1214 4838 μὴ
1243 4767 1400 4820 τοῦτο
1441 4764 1531 4838 ἦν,
1564 4773 1658 4822 καὶ
1690 4772 1892 4842 ἑτέρως
1924 4769 2003 4825 εἷ-

417 4862 512 4916 χον
542 4846 1002 4919 ἀπολογήσασθαι,
1039 4851 1121 4903 ὅτι
1153 4851 1246 4903 τοῦ
1278 4852 1547 4906 σαϐϐάτου
1577 4854 1765 4924 κύριος
1789 4852 1878 4926 ἦν,
1907 4860 2001 4911 καὶ

415 4929 579 4991 αὐτὸς
607 4930 754 5002 [535]
785 4933 913 4984 αὐτὸ
943 4935 1257 5005 πεποίηκεν·
1291 4935 1404 4987 ἀλλ’
1433 4937 1644 4990 οὐδέπω
1668 4938 1874 5010 ταύτην
1922 4936 2000 4992 εἶ-

413 5029 509 5082 χον
531 5012 629 5084 τὴν
664 5014 886 5086 γνώμην
903 5017 951 5071 b.
981 5018 1166 5080 Οὐδεὶς
1199 5018 1382 5088 μέντοι
1410 5021 1588 5072 αὐτῶν
1615 5022 1816 5092 ἐτόλμα
1855 5023 1998 5096 άπερ

414 5097 662 5151 ἐϐούλετο
710 5101 956 5170 φανερῶς
987 5103 1180 5165 εἰπεῖν,
1209 5103 1328 5155 ούδὲ
1375 5105 1433 5156 ἐν
1473 5104 1765 5173 ἀποφάσει,
1795 5107 1910 5160 ἀλλ’
1939 5111 1998 5162 ἐν

412 5182 841 5255 ἀμφισϐητήσει,
874 5185 1056 5254 οἱμὲν
1102 5185 1188 5237 διὰ
1232 5188 1293 5239 τὸ
1339 5188 1808 5259 ἀπαρρησίαστον,
1841 5194 1889 5244 οί
1938 5193 1996 5247 δέ

409 5264 498 5317 διά
525 5267 833 5338 φιλαρχίαν.
867 5269 1103 5338 Σχίσμα
1127 5265 1239 5323 οὖν
1279 5266 1358 5340 ἦν
1388 5271 1456 5323 ἐν
1487 5272 1709 5339 αὐτοῖς.
1739 5274 1908 5328 Τοῦτο
1934 5276 1996 5328 τὸ

413 5349 616 5418 σχίσμα
644 5351 857 5420 πρῶτον
890 5351 1094 5422 ἤρξατο
1133 5354 1190 5404 ἐν
1220 5353 1298 5423 τῷ
1325 5353 1470 5424 λαῷ⁸
1498 5352 1617 5409 εἷτα
1648 5356 1874 5426 ὕστερον
1901 5359 1993 5421 καὶ

411 5433 470 5484 ἐν
502 5436 614 5498 τοῖς
658 5434 904 5505 ἄρχουσι.
936 5435 1046 5488 Καὶ
1088 5439 1140 5489 οἱ
1182 5435 1300 5504 μὲν
1331 5438 1567 5505 ἔλεγον,
1619 5440 1708 5493 ὅτι
1747 5442 1804 5494 Ἀ
1819 5444 1992 5511 γαθός

407 5517 598 5582 ἐστιν,
643 5519 818 5571 ἄλλοι
864 5517 950 5581 δὲ,
996 5518 1162 5585 Οὐχὶ,
1211 5519 1348 5573 ἀλλ’
1389 5519 1589 5587 ἀπατᾷ
1628 5523 1738 5575 τὸν
1781 5523 1988 5593 ὄχλον.

421 5595 582 5668 ὐρᾷ;
629 5599 742 5662 πῶς
783 5601 1175 5671 ἀσυνετώτεροι
1225 5604 1336 5653 τῶν
1383 5604 1592 5658 πολλῶν
1636 5606 1686 5657 οί
1733 5605 1991 5676 ἄρχοντες

411 5683 718 5751 σχισθέντες
743 5682 1002 5755 ὕστερον;
1045 5685 1206 5738 Ἀλλά
1237 5685 1376 5757 μετὰ
1400 5687 1461 5739 τὸ
1489 5687 1773 5760 σχισθῆναι
1801 5691 1984 5759 πάλιν,

474 5822 498 5894 ξ’
524 5822 673 5894 εαξη.
707 5833 758 5874 et
783 5826 954 5894 MpreL
979 5829 1224 5894 ἀνήγοντο.
1252 5830 1350 5894 Sqd
1368 5831 1529 5894 iSaviI.
1559 5838 1698 5893 putat
1720 5833 1986 5894 legendum

411 5881 539 5951 ἰνήγἶ
567 5883 781 5951 Utraque
818 5881 1219 5951 lectio‘qniédral.
1307 5892 1336 5930 1‘
1359 5881 1645 5951 Suspica'tur
1665 5881 1986 5946 Savi‘llius—lvé:

410 5943 624 6002 gendum
646 5943 729 6002 τήν
753 5951 938 6008 γνῶσιν.
968 5943 1030 6001 Αἰ
1053 5953 1238 6014 γνώμην
1267 5953 1414 6003 etiam
1435 5943 1516 6004 Hic
1552 5960 1680 6022 aple_
1701 5943 1981 6017 adhibélﬁi‘.

1111 303 1168 359 S.
1205 303 1490 359 JOANNIS
1526 304 2022 362 CHRYSOSTOHI
2061 303 2391 364 ARCHIEP.
2431 308 2989 371 CONSTANTINOP.

3624 321 3727 379 314

2147 421 2300 474 οὐδὲν
2333 423 2674 491 ἐπεδείξαντο
2706 431 2971 494 γεννσὶον,
2993 429 3228 500 δρῶντες
3251 449 3380 495 τους
3405 432 3728 506 Φαρισαίους

2147 505 2549 586 ἐπικειμένους.
2567 509 2654 572 Ὠς
2676 511 2730 562 εί
2751 527 2815 578 γε
2843 512 3026 566 τέλεον
3059 505 3499 585 ἀπεσχίσθησαν,
3515 516 3726 586 ταχέως

2145 585 2212 639 ἂν
2243 589 2343 658 τὴν
2373 589 2630 660 ἀλήθειαν
2655 594 3160 662 ἐπέγνωσαν.”Εστι
3191 597 3298 668 γὰρ
3323 585 3615 668 σχισθῆναι
3638 616 3724 652 κα-

2150 668 2274 734 λῶς.
2316 672 2406 724 Διὸ
2439 675 2532 726 καὶ
2559 675 2721 739 αὐτὸς
2757 677 2941 746 ἔλεγεν
2961 695 2976 710 °
3015 683 3135 734 Οὐκ
3165 676 3354 750 ἦλθον
3377 681 3598 744 ,ϐαλεῖν
3640 686 3723 737 ει-

2137 753 2340 822 ρήνην
2385 757 2484 810 ἐπὶ
2533 757 2650 827 τὴν
2698 759 2836 829 γῆν,
2879 761 3039 816 ἀλλὰ
3077 762 3570 833 μάχαιραν.”Εστι
3620 767 3722 838 γὰρ

2146 839 2241 891 καὶ
2272 840 2416 911 κακὴ
2443 842 2688 911 ὁμόνοια,
2721 844 2837 898 ἔστι
2877 847 2972 900 καὶ
2999 846 3137 918 καλὴ
3161 848 3444 917 διαφωνία.
3478 851 3588 904 Καὶ
3613 851 3722 922 γὰρ

2144 924 2208 1006 oi,
2237 924 2329 976 τὸν
2375 925 2584 998 πύργον
2627 929 3054 999 οἰκοδομοῦντες,
3089 932 3408 1002 ώμονόησαν
3444 935 3536 986 ἐπὶ
3568 936 3722 1006 κακῷ

2141 1005 2223 1077 τῷ
2259 1008 2464 1061 ἑαυτῶν
2489 1025 2502 1039 ·
2538 1011 2631 1064 καὶ
2667 1013 2718 1064 οί
2761 1014 2918 1066 αὐτοὶ
2958 1009 3104 1068 οὗτοι
3129 1015 3312 1082 πάλιν,
3337 1018 3559 1080 ἄκοντες
3601 1005 3717 1088 μὲν,

2142 1092 2235 1144 ἐπὶ
2276 1094 2605 1164 συμφέροντι
2651 1096 2707 1149 δὲ
2755 1097 2906 1168 ὅμως
2951 1100 3299 1170 ἐσχίσθησαν.
3349 1102 3459 1156 Καὶ
3501 1103 3551 1155 οί
3592 1103 3721 1174 περὶ

2141 1175 2287 1259 Κορὲ
2313 1176 2370 1231 δὲ
2409 1178 2598 1242 κακῶς
2641 1181 2982 1253 ώμονόησαν,
3024 1185 3113 1240 διὰ
3151 1185 3312 1240 τοῦτο
3347 1187 3530 1252 καλῶς
3571 1188 3721 1259 ἐσχί-
3819 1244 3828 1253 ,

2142 1258 2348 1328 σθησαν
2368 1278 2381 1292 ·
2411 1265 2506 1316 καὶ
2563 1264 2761 1328 Ἰούδας
2800 1266 3080 1339 ὡμονόησε
3117 1271 3253 1340 μετά
3299 1273 3408 1326 τῶν
3456 1258 3720 1326 Ἰουδαίων

2139 1343 2544 1406 κακῶς.Ἔστιν
2563 1343 2657 1402 οῦν
2688 1349 2971 1421 σχισθῆναι
2999 1353 3199 1417 καλῶς,
3217 1357 3312 1408 καὶ
3332 1356 3479 1409 ἔστιν
3499 1356 3721 1426 ὁμονοῆ-

2139 1441 2230 1478 σαι
2254 1428 2458 1492 κακῶς.
2493 1432 2592 1486 Διά
2614 1433 2769 1486 τοῦτό
2802 1452 2997 1506 φησιν·
3039 1439 3181 1493 Ἐάν
3212 1444 3246 1495 ὁ
3272 1442 3578 1511 ὀφθαλμός
3602 1456 3718 1494 σου

2137 1512 2504 1582 σκανδαλίζῃ
2535 1531 2630 1581 σε,
2659 1517 2930 1588 ἔκκοψον
2959 1523 3148 1575 αὐτόν
3171 1539 3184 1552 ·
3208 1523 3317 1577 ἐὰν
3337 1527 3371 1578 ὀ
3394 1525 3547 1590 ποῦς
3579 1540 3714 1586 σου,

2134 1593 2344 1663 ἕκτεμε
2373 1599 2580 1652 αὐτόν.
2613 1601 2678 1654 Et
2723 1602 2781 1655 δέ
2824 1604 2933 1656 ἀπὸ
2968 1605 3163 1675 μέλους
3193 1607 3582 1678 ἀποσχίζεσθαι
3613 1608 3718 1678 χρὴ

2134 1678 2324 1741 κακῶς
2354 1683 2724 1752 συνημμένου,
2751 1687 2812 1740 οὐ
2844 1688 3026 1760 πολλῷ
3055 1685 3257 1760 μᾶλλον
3285 1691 3393 1744 ἀπὸ
3421 1690 3589 1760 φίλων
3621 1709 3720 1743 κα-

2133 1759 2246 1824 κῶς
2299 1764 2593 1845 ὴννωμένων
2642 1771 2815 1840 ήμῖν;
2868 1759 3030 1827 Ὥστε
3059 1759 3139 1827 ού
3178 1759 3453 1844 πανταχοῦ
3497 1774 3719 1845 ὁμόνοια

2133 1845 2318 1908 καλὸν,
2353 1844 2544 1922 ὥσπερ
2572 1847 2665 1907 οὖν
2696 1854 2818 1908 οὐδὲ
2841 1858 3120 1929 πανταχοῦ
3147 1861 3180 1930 ή
3215 1859 3495 1923 διάστασις
3525 1844 3712 1912 κακόν.

2202 1935 2271 1996 γ’.
2291 1930 2476 1985 Ταῦτα
2490 1934 2653 2003 λέγω,
2676 1936 2762 1990 ἵνα
2789 1938 3078 2010 φεύγωμεν
3099 1942 3389 2013 πονηροὺς,
3407 1945 3499 1996 καὶ
3519 1942 3716 1995 διώκω-

2135 2013 2524 2098 μενᾼάγαθούς.
2562 2019 2625 2072 El
2665 2021 2775 2092 γὰρ
2818 2024 2876 2076 ἐν
2919 2027 3032 2087 τοῖς
3063 2025 3248 2096 μέλεσι
3272 2026 3334 2079 τὸ
3359 2026 3594 2098 σεσηπὸς
3624 2028 3724 2079 καὶ.

2129 2095 2368 2180 ἀνιάτως
2406 2099 2527 2170 ἔχον
2558 2104 2920 2175 ἐκκόπτομεν,
2945 2095 3270 2180 φοϐούμενοι
3296 2110 3372 2180 μὴ
3397 2095 3491 2162 καί
3519 2109 3579 2162 τὸ
3607 2109 3712 2161 λοι-

2128 2177 2230 2264 πὸν
2255 2179 2354 2252 τὴν
2375 2183 2545 2254 αὐτὴν
2569 2185 2748 2258 λύμην
2771 2189 3097 2262 ύποδέξηται
3122 2177 3311 2263 σῶμαλ
3338 2177 3433 2246 καὶ
3452 2191 3711 2264 ποιοῦμεν

2127 2262 2304 2328 τοῦτο,
2337 2267 2437 2321 οὐκ
2482 2270 2694 2324 ἐκείνου
2741 2262 3228 2344 καταφρονοῦντες,
3257 2278 3392 2332 ἀλλὰ
3422 2279 3484 2332 τὸ
3527 2262 3721 2335 λοιπὸν

2125 2344 2447 2416 διαφυλάξαι
2473 2352 2788 2426 βουλόμενοι
2812 2374 2828 2390 ο
2859 2359 3012 2431 πόσῳ
3042 2362 3244 2431 μᾶλλον
3266 2365 3361 2416 ἐπὶ
3384 2363 3492 2417 τῶν
3524 2365 3709 2417 συνόν-

2124 2445 2234 2516 των
2275 2435 2407 2502 ἡμῖν
2454 2439 2547 2490 ἐπί⁹
2595 2440 2764 2512 κακία
2810 2442 2969 2497 τοῦτο
2998 2446 3258 2514 πράττειν
3285 2448 3616 2516 ἀναγκαῖον;
3646 2449 3708 2501 Εἰ

2127 2515 2227 2601 μέν
2271 2517 2380 2586 γάρ
2423 2519 2704 2594 δυνάμεθα
2752 2527 3036 2592 κάκείνους
3080 2515 3518 2601 διορθῶσαι,ίκαὶ
3554 2533 3709 2586 αὐτοὶ

2125 2597 2202 2670 μὴ
2234 2602 2674 2676 παραϐλαϐῆναι,
2703 2609 2882 2663 πάντα
2911 2615 3085 2665 ποιεῖν
3113 2597 3219 2684 χρή
3246 2631 3262 2646 ο
3301 2617 3352 2669 εί
3375 2615 3434 2668 δὲ
3463 2616 3706 2669 κάκεῖνοι

2125 2684 2338 2752 μένοιεν
2365 2689 2704 2762 ἀδιόρθωτοι,
2728 2696 2822 2748 καὶ
2855 2697 3005 2768 ἡμᾶς
3045 2697 3509 2769 παραϐλάπτοιεν,
3546 2701 3705 2755 ἐκκό-

2122 2784 2278 2857 πτειν
2309 2771 2506 2836 αὐτοὺς
2555 2777 2650 2828 καὶ
2699 2777 2912 2847 ῥίπτειν
2953 2782 3269 2851 ἀναγκαῖον.
3301 2783 3567 2850 Πολλάκις
3595 2787 3703 2857 γὰρ

2119 2851 2275 2942 οὕτω
2293 2857 2616 2942 κερδανοῦσι
2639 2871 2662 2900 ο
2689 2862 2909 2930 μᾶλλον.
2935 2865 3026 2918 Διὸ
3055 2869 3148 2920 καὶ
3170 2868 3383 2933 Παῦλος
3408 2869 3550 2925 οὕτω
3570 2851 3710 2942 τέαρ

2117 2936 2464 3024 ῄνει-λέγωνο
2512 2945 2622 2999 Καὶ
2662 2946 2928 3014 έξαρεῖτε
2962 2949 3072 3004 τὸν
3115 2953 3384 3020 πονηρὸν
3421 2955 3490 3019 ἐξ
3535 2936 3716 3024 ὑμῶν

2117 3021 2319 3075 αὐτῶν
2336 3040 2349 3053 ·
2387 3026 2499 3089 καὶ,
2516 3026 2652 3081 Ἵνα
2691 3029 2915 3101 ἐξαρθῇ
2938 3031 3008 3086 ἐκ
3029 3032 3225 3104 μέσου
3253 3035 3423 3105 ὑμῶν
3447 3042 3482 3092 ὀ
3511 3021 3584 3093 τό
3603 3041 3702 3108 ἐρ-

2115 3119 2226 3174 τον
2276 3108 2453 3161 τοῦτο
2495 3114 2776 3180 ποιήσας.
2821 3117 3003 3171 Δεινὸν
3043 3117 3172 3189 γάρ,
3217 3119 3392 3174 δεινὸν
3449 3125 3706 3178 συνουσία

2117 3191 2392 3280 πονηρῶν.
2420 3195 2531 3280 Οὐχ
2552 3193 2694 3249 οὕτω
2720 3199 2929 3269 ταχέως
2947 3199 3130 3272 λοιμὸς
3154 3202 3405 3270 ἅπτεται,
3426 3208 3520 3260 καὶ
3542 3208 3700 3280 ψώρα

2115 3271 2417 3363 διαφθείρει
2442 3279 2569 3342 τοὺς
2601 3271 3137 3363 ἀναχρωννυμένους,
3169 3290 3295 3351 τοὺς
3328 3289 3408 3359 τῷ
3434 3271 3697 3363 νοσήματ.

2115 3360 2531 3444 κατεχομένους,
2581 3362 2657 3425 ώς
2705 3366 2738 3435 ή
2787 3365 2896 3419 τῶν
2944 3369 3198 3440 πονηρῶν
3255 3371 3423 3427 κακία
3464 3360 3695 3444 ἀνδρῶν.

2115 3443 2432 3511 Φθείρουσι
2475 3445 2584 3516 γὰρ
2631 3447 2747 3517 ἤθη
2777 3453 3012 3520 χρηστὰ
3036 3456 3260 3524 ὁμιλίαι
3306 3459 3504 3512 κακαί.
3539 3443 3696 3515 Καὶό

2115 3531 2401 3600 προφήτης
2451 3531 2635 3597 πάλιν,
2653 3534 2951 3598 Ἐξέλθετε
2990 3537 3060 3591 ἐκ
3100 3539 3293 3606 μέσου
3338 3542 3558 3609 αὐτῶν,
3593 3547 3692 3599 καὶ

2113 3612 2496 3697 ἀφορίσθητε.
2544 3617 2748 3687 Μηδεὶς
2776 3619 2958 3674 τοίνυν
2987 3621 3188 3690 φαῦλον
3212 3625 3384 3695 ἐχέτω
3424 3629 3596 3697 φίλον.
3630 3632 3694 3687 Et

2113 3693 2222 3765 γὰρ
2264 3696 2410 3760 υίοὺς
2455 3698 2692 3766 φαύλους
2735 3701 2950 3772 ἔχοντες
2991 3693 3550 3778 ἐκκηρύττομενξκαὶ
3595 3715 3694 3767 οὐκ

2113 3778 2409 3864 αίδούμεθα
2435 3781 2537 3853 τὴν
2569 3783 2750 3852 φύσιν.
2780 3787 2902 3839 οὺδέ
2930 3789 3054 3853 τοὺς
3089 3791 3296 3863 ταύτης
3327 3796 3543 3864 νόμους,
3569 3799 3692 3853 οὐδέ

2111 3862 2211 3954 τὴν
2237 3862 2297 3926 ἐξ
2321 3864 2492 3954 αὐτῆς
2533 3867 2783 3954 ἀνάγκην
2803 3887 2819 3902 ·
2849 3871 3029 3944 πολλῷ
3065 3862 3265 3944 μᾶλλον
3291 3862 3418 3942 τοὺς
3444 3883 3693 3954 συνήθεις

2111 3947 2206 4030 καὶ
2251 3948 2562 4019 γνωρίμους
2608 3952 2830 4021 φεύγειν
2874 3956 2988 4020 δεῖ,
3025 3962 3293 4030 πονηροὺς
3337 3963 3515 4028 ὄντας.
3562 3947 3693 4022 ’Κᾶν

2111 4029 2221 4100 γὰρ
2246 4031 2516 4119 μηδεμίαν
2534 4035 2668 4106 παρ’
2697 4037 2876 4091 αὐτῶν
2896 4029 3180 4110 δεξώμεθα
3200 4042 3427 4117 βλάϐην,
3445 4050 3541 4119 τὴν
3561 4051 3692 4119 γοῦν

2109 4116 2354 4205 πονηράν
2381 4115 2538 4205 δόξαν
2567 4119 2851 4205 διαφυγεῖν
2874 4125 2973 4177 οὐκ
3009 4126 3319 4198 ίσχύσομεν.
3340 4115 3404 4184 Οἱ
3432 4115 3540 4205 γάρ
3567 4115 3695 4200 ἕξω-

2109 4195 2201 4248 θεν
2243 4198 2305 4251 οὐ
2347 4199 2440 4251 τὸν
2485 4199 2598 4270 βίον
2639 4204 2952 4274 ἐρευνῶσιν,
2983 4195 3096 4262 amb
3123 4195 3231 4264 ἀτιδ
3270 4213 3378 4268 τῶν
3425 4195 3690 4272 συνόντῶν

2107 4280 2140 4351 ἡ
2151 4281 2257 4350 μᾶς
2287 4282 2552 4372 κρίνουσα
2587 4286 2772 4339 Ταῦτα
2809 4291 2902 4342 καὶ
2932 4289 3085 4364 [556]
3115 4297 3328 4362 γυναιξὶ
3354 4301 3450 4352 καὶ
3478 4303 3688 4372 παρθέ-

2107 4380 2219 4450 νοις
2257 4367 2576 4436 παρεγγυῶ.
2613 4373 3052 4442 Προνοούμενοι
3082 4379 3212 4448 γὰρ,
3241 4383 3392 4450 φησὶ,
3417 4367 3591 4448 καλά,
3614 4389 3699 4441 οὐτ

2100 4449 2579 4536 μόνον-ἐνώπιον
2606 4456 2848 4522 Κυρίου,
2880 4459 3041 4514 ἀλλὰ
3070 4461 3168 4514 καί
3196 4449 3452 4519 ἐνώπιον
3475 4467 3690 4536 ἀνθρώ-

2105 4545 2256 4585 πων.
2288 4533 2474 4588 Πάντα
2505 4537 2684 4589 τοίνυν
2713 4540 3063 4611 πράττωμεν,
3094 4543 3234 4599 ὥστε
3283 4548 3358 4619 μὴ
3399 4533 3684 4605 σκανδαλι-

2105 4612 2720 4712 σθῆναιὶτὸνπλησίον.
2758 4623 2880 4712 Βίος
2912 4627 3020 4696 γὰρ
3059 4628 3162 4682 κᾶν
3196 4612 3400 4704 σφόδρα
3441 4636 3597 4705 ὀρθὸς
3625 4635 3683 4712 ᾖ,

2105 4699 2400 4753 σκάνδαλον
2445 4703 2652 4774 ἑτέροις
2700 4709 2976 4778 παρέχων,
3013 4712 3077 4764 τὸ
3123 4715 3234 4768 πᾶν
3275 4699 3542 4776 ἀπώλεσε.

2105 4781 2222 4874 πῶς
2260 4785 2340 4874 ἔνι
2368 4783 2459 4874 τὸν
2484 4787 2656 4874 ὀρθὸν
2673 4789 2786 4858 βίον
2815 4795 3198 4863 σκανδαλίσαι;
3226 4799 3392 4855 Ὅταν
3421 4805 3454 4874 ἠ
3485 4823 3680 4859 συνου-

2105 4866 2196 4958 σία
2242 4867 2352 4958 τῶν
2394 4869 2494 4958 οῦκ
2765 4879 3007 4946 πονηρὰν
3059 4880 3208 4952 αὐτῷ
3256 4866 3454 4958 περιθῇ
3499 4889 3675 4953 δόξαν.

2115 4949 2854 5038 Ἐπειδὰν-γὰρθαρροῦντες
2903 4961 3115 5025 ἐαυτοίς
3158 4949 3406 5038 συνῶμεν
3427 4949 3679 5034 uacci;er-

2099 5035 2301 5103 νηροίς,
2322 5035 2434 5120 κᾶν
2461 5036 2613 5089 αὐτοὶ
2649 5039 2722 5109 μὴ
2765 5040 3069 5114 βλαϐῶμεν,
3117 5035 3338 5120 ἐτέρους
3365 5054 3679 5108 ἐσκανδαλί-

2100 5132 2290 5213 σαμεν.
2320 5117 2504 5213 Ταῦτα
2533 5122 2626 5175 καὶ
2649 5124 2873 5196 ἀνδράσι
2895 5130 2988 5181 καὶ
3015 5117 3230 5198 γυναιξὶ
3255 5134 3396 5203 λέγω
3424 5139 3515 5190 καὶ
3537 5157 3677 5213 παρ-

2097 5197 2292 5263 θένοις,
2317 5203 2745 5273 καταλιμπάνων
2762 5209 2942 5262 αὐτῶν
2962 5212 3038 5282 τῷ
3065 5197 3324 5270 συνειδότι
3354 5220 3491 5288 μετά
3513 5197 3674 5294 ἀκρι-

2097 5282 2248 5378 ϐείας
2279 5285 2480 5378 εἰδέναι
2508 5287 2650 5341 πόσα
2675 5291 2922 5345 ἐντεῦθεν
2953 5295 3194 5350 τίκτεται
3225 5282 3387 5356 κακά.
3407 5304 3544 5372 Ἐγὼ
3573 5282 3674 5378 μὲν

2094 5363 2204 5456 γάρ
2255 5367 2406 5456 ούδέν
2445 5369 2736 5456 ύποπτεύω
2774 5377 3031 5447 πονηρὸν,
3069 5380 3190 5434 οὐδὲ
3233 5383 3391 5448 ἄλλος
3418 5363 3502 5450 τις
3543 5363 3672 5456 ἴσως

2091 5448 2202 5501 τῶν
2225 5450 2570 5546 τελειοτέρῳν
2591 5469 2604 5481 ·
2693 5455 2748 5508 δὲ
2771 5458 3030 5527 ἀφελέστε
3040 5479 3129 5532 ρος
3149 5464 3372 5535 ἀδελφὸς
3400 5448 3494 5524 ἐπί
3515 5476 3578 5544 τῇ
3603 5448 3668 5546 σῖ]

2093 5532 2545 5603 παραϐλάπτεται
2574 5537 2896 5612 τελειότητι.
2928 5546 3020 5597 Δεῖ
3047 5545 3102 5598 δὲ
3133 5532 3356 5619 καὶτῆς
3387 5532 3669 5621 ἀσθενείας

2236 5619 2444 5672 ἐκείνου
2475 5627 2759 5708 Δπρονοεῖν.
2795 5627 2914 5680 Κᾶν
2946 5624 3100 5694 οὗτος
3144 5633 3218 5704 μὴ
3267 5617 3462 5708 βλαϐῇ,
3498 5641 3611 5694 ἀλλ’

2093 5699 2294 5792 Ἕλλην
2314 5703 2784 5792 παὶραϐλάπτεται.
2803 5709 2858 5763 Ὁ
2878 5711 2933 5763 δὲ
2948 5699 3157 5778 Παῦλος
3191 5699 3474 5774 ἐκέλευσεν
3504 5724 3669 5792 ἀπρο-

2092 5784 2324 5876 σκόπους
2351 5782 2510 5876 εἷναι,
2531 5790 2625 5841 καὶ
2654 5790 2923 5859 Ἰουδαίοις
2947 5798 3042 5850 καὶ
3060 5799 3306 5873 Ἕλλησι,
3332 5805 3425 5858 καὶ
3450 5809 3518 5876 τῇ
3553 5782 3670 5860 Ἐκο

2088 5865 2286 5937 κλησίᾳ
2312 5866 2407 5919 τοῦ
2430 5869 2585 5924 Θεοῦ.
2607 5873 2749 5943 Ἐγὼ
2781 5880 3015 5952 πονηρὸν
3041 5883 3191 5939 οὐδὲν
3214 5865 3515 5943 ύποπτεύῶ
3541 5883 3671 5957 περὶ

2144 5958 2306 6047 1A1“
2338 5961 2650 6027 κερδαίνουσι.
