4084 6360
344 356 453 416 313
1408 342 1474 398 1N
1510 338 1822 397 JOANNEM
1865 334 1955 390 llO

2064 370 2096 393 ι.
2139 336 2292 391 LVII.
2333 336 2404 391 al.
2450 336 2576 392 LVI.
3523 330 3626 392 3M

347 483 453 524 nun
501 465 838 527 invenirent,
880 474 1084 517 cmcum
1116 458 1319 513 ducunt
1353 454 1420 509 ad
1465 453 1801 513 Phariszeos,
1842 448 1933 518 qui

349 558 596 628 asperius
618 557 1031 623 interrogarent.
1063 549 1188 605 ideo
1215 561 1445 616 namque
1471 542 1797 613 evangelista
1826 539 1939 593 sab-

351 650 532 704 batum
566 648 731 702 fuisse
760 645 920 709 dicit,
951 651 1011 697 ut
1028 655 1251 713 pravum
1279 653 1465 693 eorum
1486 635 1721 689 animum
1757 639 1940 685 osten-

350 742 543 807 deret,
569 750 625 795 et
654 753 813 809 quam
842 732 1202 791 calumniandi
1229 730 1545 785 miraculum
1585 739 1771 781 ansam
1821 737 1939 792 cap-

354 841 562 897 tarent,
590 829 732 901 quod
777 828 983 882 scilicet
1030 826 1203 894 legem
1242 831 1607 890 transgressus
1648 815 1939 870 videretur.

356 927 595 994 Hincque
618 923 791 992 palam
819 928 930 985 est,
958 919 1096 989 quod
1124 915 1213 969 ubi
1243 914 1473 985 primum
1496 910 1655 971 illum
1674 905 1938 967 viderunt,

356 1016 487 1073 nihil
529 1013 673 1069 aliud
721 1011 993 1073 dixerint,
1042 1022 1240 1079 quam,
1298 1005 1387 1060 15.
1436 1000 1699 1067 Quomodo
1745 996 1942 1068 aperuit

360 1107 533 1162 oculos
561 1105 721 1159 tuos?
748 1103 817 1158 Et
841 1098 1209 1155 animadverte
1239 1111 1345 1150 non
1374 1093 1573 1147 dixisse
1597 1090 1718 1144 illos
1740 1128 1755 1153 ,
1800 1087 1944 1153 Quo-

359 1208 520 1257 modo
546 1200 720 1253 visum
754 1195 1001 1264 recepisti
1028 1211 1042 1259 ;
1072 1190 1167 1247 sed
1190 1231 1208 1256 ,
1243 1185 1506 1255 Quomodo
1527 1184 1727 1253 aperuit
1772 1178 1943 1233 oculos

359 1291 519 1347 tuos?
544 1289 879 1344 occasionem
913 1285 1011 1353 ipsi
1037 1282 1326 1338 offerentes
1368 1273 1729 1333 calumniandi
1768 1272 1941 1340 ipsum

358 1386 428 1440 ob
454 1396 592 1453 opus
623 1381 847 1436 editum.
878 1378 971 1431 Ille
994 1388 1123 1430 vero
1144 1371 1295 1442 quasi
1332 1384 1438 1423 non
1481 1365 1678 1437 ignaris
1729 1362 1945 1417 brevius

358 1478 596 1549 loquitur
628 1493 643 1529 :
676 1488 781 1528 non
813 1485 1006 1525 nomen
1043 1465 1294 1537 protulit,
1330 1478 1433 1516 non
1460 1462 1569 1525 ait,
1605 1457 1746 1513 Dixit
1771 1455 1901 1511 mihi
1926 1496 1941 1519 ,

372 1568 509 1624 Vade
530 1608 546 1632 ,
579 1568 789 1630 lavare;
822 1562 917 1617 sed
947 1563 1126 1615 statim
1157 1557 1265 1621 ait,
1297 1554 1484 1608 Lutum
1518 1549 1756 1620 imposuit
1796 1563 1947 1618 super

361 1662 535 1717 oculos
556 1675 732 1721 meos,
761 1666 806 1711 et
833 1655 967 1719 lavi,
1014 1663 1059 1707 et
1104 1650 1270 1704 video.
1311 1646 1507 1715 Utpote
1550 1658 1673 1699 cum
1719 1641 1822 1711 jam
1870 1639 1947 1693 illi

363 1755 591 1810 multum
612 1748 919 1807 ealumniati
946 1754 1128 1802 essent
1149 1743 1515 1808 dixissentque
1538 1777 1554 1802 ,
1585 1735 1721 1789 Vide
1749 1740 1944 1803 quanta

361 1848 514 1904 Jesus
542 1853 793 1916 operetur
823 1842 876 1896 itt
904 1839 1126 1895 sabbato
1150 1853 1165 1901 ;
1194 1837 1358 1889 lutum
1389 1830 1564 1885 illiuit.
1594 1828 1673 1882 Tu
1686 1841 1813 1881 vero
1831 1840 1949 1894 per-

364 1938 536 2010 pende
565 1914 837 2008 quomodo
867 1947 971 1986 non
1003 1929 1249 1985 turbetur
1276 1938 1472 1979 caecus.
1525 1920 1658 1975 Nam
1702 1917 1789 1971 ubi
1843 1914 1949 1985 pri-

364 2050 507 2090 mum
535 2032 893 2099 interrogatus
923 2026 1040 2081 sine
1071 2021 1309 2093 periculo
1340 2014 1656 2086 respondit,
1686 2026 1795 2066 non
1840 2018 1949 2062 tam

365 2141 557 2198 magna
587 2140 674 2180 res
700 2130 818 2178 erat
845 2120 1125 2175 veritatem
1157 2112 1395 2185 proﬁteri
1425 2128 1439 2164 :
1476 2109 1577 2164 hoc
1604 2120 1730 2160 vero
1755 2104 1948 2158 mirum

365 2231 481 2287 est,
514 2220 565 2273 in
586 2216 774 2287 majori
801 2212 1147 2269 constitutum
1183 2214 1331 2261 metu
1354 2245 1369 2271 ,
1416 2215 1525 2256 non
1576 2211 1773 2268 negare
1796 2235 1811 2259 ,
1842 2208 1949 2248 non

366 2285 632 2368 contraria
658 2285 927 2378 prioribus
954 2302 1154 2357 dicere.
1181 2296 1318 2365 Quid
1338 2308 1469 2364 ergo
1498 2286 1798 2347 Pharisaei?
1842 2285 1952 2340 imo

368 2406 528 2459 etiam
576 2400 704 2455 alii?
750 2397 1105 2453 Adduxerunt
1145 2405 1267 2446 eum
1314 2397 1567 2455 tanquam
1611 2389 1946 2451 negaturum.

368 2496 565 2551 Contra
589 2506 719 2548 vero
740 2489 917 2546 evenit
943 2500 1102 2557 quam
1131 2481 1388 2551 optabant
1410 2475 1546 2546 ipsi,
1574 2483 1627 2528 et
1654 2470 1953 2526 accuratius

368 2603 481 2643 rem
507 2585 810 2641 didicerunt
842 2599 854 2636 :
886 2580 939 2635 id
964 2577 1106 2649 quod
1133 2575 1236 2629 illis
1262 2572 1457 2640 ubique
1483 2569 1622 2623 circa
1666 2567 1813 2634 signa
1857 2577 1951 2615 ac-

369 2680 533 2745 cidit;
566 2679 619 2731 in
648 2672 995 2744 sequentibus
1033 2678 1209 2723 autem
1252 2664 1303 2719 id
1343 2661 1542 2717 clarius
1584 2655 1951 2712 ostendemus.

370 2771 507 2839 Quid
531 2784 660 2840 ergo
682 2764 969 2822 Pharisaei?
998 2761 1252 2816 Dixerunt
1288 2756 1496 2827 quidam
1534 2750 1682 2825 (non
1723 2761 1911 2803 omnes
1934 2786 1952 2810 ,

371 2836 463 2925 sed
493 2836 959 2932 petulantiores):
1004 2852 1091 2908 16.
1130 2849 1229 2904 Hic
1274 2848 1424 2901 homo
1465 2859 1566 2897 non
1611 2850 1682 2895 est
1726 2854 1758 2891 a
1802 2836 1952 2902 Deo,

372 2928 769 3025 quia—sabbatum
792 2964 894 3001 non
932 2942 1167 2999 custodit.
1218 2939 1323 2993 Alii
1370 2935 1637 2997 dicebant,
1692 2928 1955 2996 Quomodo

372 3022 534 3116 potest
563 3044 712 3098 homo
738 3046 971 3112 peccator
996 3036 1102 3090 haec
1128 3034 1276 3104 signa
1302 3027 1507 3101 facere?
1534 3025 1720 3079 Viden‘
1762 3022 1883 3077 illos
1923 3034 1957 3073 a

372 3140 539 3211 signis
564 3134 827 3192 allectos?
853 3131 988 3187 Nam
1031 3129 1122 3200 qui
1163 3127 1455 3188 miserant,
1497 3129 1557 3174 ut
1602 3117 1957 3173 adduceretur

374 3206 498 3285 audi
527 3227 655 3298 quid
678 3239 821 3280 nunc
849 3222 1066 3286 dicant,
1099 3218 1200 3275 etsi
1226 3230 1334 3271 non
1380 3226 1589 3267 omnes.
1633 3209 1767 3263 Cum
1811 3206 1957 3261 enim

381 3322 648 3392 principes
674 3324 896 3382 essent,
924 3330 990 3369 ex
1015 3310 1196 3383 gloria:
1221 3306 1511 3378 cupiditate
1533 3303 1584 3357 in
1615 3298 1959 3357 incredulita-

374 3387 484 3470 tem
508 3387 841 3468 deciderunt.
872 3408 1120 3461 Attamen
1147 3417 1213 3458 ex
1245 3397 1573 3470 principibus
1601 3392 1753 3449 multi
1782 3387 1960 3445 credi-

374 3507 569 3567 derunt
597 3504 651 3559 in
676 3517 797 3558 eum
820 3496 849 3567 ,⁸
863 3512 1038 3569 neque
1062 3504 1242 3550 tamen
1268 3488 1682 3547 conﬁtebantur.
1726 3481 1960 3552 Populus

374 3590 647 3671 despectui
674 3605 824 3660 erat,
856 3602 915 3649 ut
937 3591 1029 3663 qui
1059 3588 1187 3645 nihil
1212 3585 1391 3656 magni
1413 3582 1684 3638 conferret
1713 3578 1766 3633 in
1793 3590 1959 3648 syna-

378 3667 590 3765 gogam.
620 3678 895 3758 Principes
919 3693 1095 3739 autem
1122 3679 1392 3737 difﬁcilius
1420 3691 1480 3731 se
1521 3673 1744 3731 credere
1792 3667 1958 3740 proﬁ-

382 3787 665 3847 tebantur,
696 3781 785 3835 alii
814 3777 1140 3849 principatus
1166 3785 1350 3827 amore
1369 3812 1385 3833 ,
1415 3767 1504 3821 alii
1543 3777 1690 3821 metu
1730 3772 1959 3818 caetero-

377 3892 496 3932 rtnn
527 3873 748 3929 detenti.
778 3871 955 3940 Quare
981 3866 1195 3923 dicebat
1234 3880 1247 3917 :
1284 3857 1549 3928 Quomodo
1603 3855 1807 3928 potestis
1854 3868 1964 3908 cre-

379 3971 535 4031 dere,
566 3968 652 4034 qui
682 3965 901 4037 gloriam
933 3963 997 4015 ab
1044 3956 1329 4014 hominibus
1377 3952 1606 4022 accipitis
1654 3951 1854 4021 (Joan.
1906 3947 1962 4003 5.

379 4061 449 4115 M
470 4057 533 4132 )?
563 4058 627 4112 Et
654 4056 753 4125 ipsi
792 4053 1007 4124 quidem
1035 4050 1125 4119 qui
1150 4049 1344 4117 injuste
1367 4043 1671 4098 interﬁcere
1697 4039 1967 4095 conaban-

383 4164 468 4207 tur
495 4193 512 4218 ,
544 4165 603 4204 se
637 4148 732 4203 Dei
756 4161 876 4201 esse
903 4141 1190 4204 dicebant;
1240 4138 1389 4192 illum
1441 4149 1569 4189 vero
1593 4174 1609 4199 ,
1657 4132 1745 4203 qui
1793 4144 1967 4185 εωεοε

381 4243 641 4307 curabat;
687 4254 795 4294 non
835 4252 997 4307 posse
1048 4250 1115 4289 ex
1160 4232 1272 4286 Deo
1313 4242 1474 4290 esse,
1516 4226 1639 4296 quia
1687 4223 1966 4278 sabbatum

381 4352 487 4391 non
512 4334 776 4389 servabat.
806 4330 902 4384 His
927 4323 1269 4397 cppouebant
1296 4319 1420 4385 isti,
1454 4333 1560 4372 non
1592 4330 1750 4385 posse
1779 4326 1970 4382 pecca-

384 4441 555 4485 torem
600 4427 725 4480 talia
766 4423 945 4478 facere
985 4422 1157 4489 signa.
1203 4416 1282 4471 Illi
1317 4421 1533 4468 versute
1574 4410 1735 4463 tacito
1771 4407 1924 4476 signo
1950 4445 1966 4471 ,

382 4536 542 4591 quam
576 4515 1050 4586 transgressionem
1085 4506 1349 4561 vocabant
1370 4546 1384 4568 ,
1431 4502 1483 4556 in
1514 4498 1747 4554 medium
1772 4495 1968 4550 affere-

385 4587 533 4667 bant.
564 4610 680 4664 Non
723 4607 867 4661 enim
897 4602 1186 4666 dicebant,
1221 4597 1277 4652 In
1328 4594 1551 4649 sabbato
1588 4598 1779 4652 curat;
1827 4587 1922 4643 sed
1952 4628 1968 4654 ,

387 4703 671 4759 Sabbatum
695 4716 798 4753 non
823 4694 1063 4750 custodit.
1084 4690 1145 4746 Hi
1168 4703 1384 4744 rursum
1412 4685 1602 4755 ignave
1628 4689 1809 4751 agunt.
1838 4678 1972 4733 Cum

387 4796 531 4851 enim
563 4791 888 4861 oportuisset
928 4783 1217 4841 ostendere
1262 4794 1370 4834 non
1416 4774 1602 4831 violari
1650 4772 1969 4835 sabbatum,

388 4903 454 4941 ex
503 4885 670 4955 signis
718 4890 925 4937 tantum
969 4884 1234 4947 arguunt;
1278 4881 1332 4927 et
1370 4871 1491 4940 jure
1519 4866 1754 4937 quidem.
1786 4862 1976 4917 Adhuc

386 4979 531 5034 enim
564 4977 713 5030 illum
741 4988 861 5028 esse
892 4972 1161 5025 hominem
1204 4963 1482 5034 putabant.
1524 4958 1772 5026 Alioquin
1821 4964 1974 5024 pole-

389 5077 511 5125 rant
534 5068 682 5121 illum
715 5065 819 5118 alio
845 5061 1005 5116 modo
1035 5057 1321 5112 defendere
1346 5094 1360 5119 ,
1394 5050 1535 5122 quod
1560 5062 1751 5116 nempe
1771 5044 1975 5100 sabbati

394 5159 651 5215 Dominus
668 5164 830 5217 esset,
864 5152 955 5222 qui
984 5148 1113 5204 illud
1143 5145 1416 5201 statuisset
1447 5160 1459 5194 :
1493 5140 1588 5194 sed
1618 5137 1854 5193 nondum
1878 5135 1978 5189 hac

390 5263 549 5308 erant
576 5249 839 5305 sententia
858 5248 900 5297 ί.
926 5243 1093 5298 Nemo
1128 5248 1276 5294 certe
1302 5250 1485 5289 eorum
1515 5230 1743 5286 audebat
1772 5244 1834 5283 ea
1859 5242 1979 5297 quae

393 5346 657 5402 sentiebat
680 5348 863 5410 aperte
889 5333 1159 5407 proﬁteri,
1188 5330 1282 5386 sed
1313 5324 1603 5381 dubitando
1625 5322 1976 5392 proponebat,

392 5438 487 5493 alii
537 5447 682 5490 metu
733 5428 965 5500 repressi
1014 5432 1206 5488 erant,
1258 5420 1345 5474 alii
1394 5416 1721 5486 principatus
1772 5426 1976 5467 amore.

395 5531 632 5589 Schisma
652 5528 805 5598 igitur
824 5530 931 5577 erat
955 5521 1086 5589 inter
1110 5517 1244 5569 illos.
1276 5510 1428 5579 Quod
1472 5508 1616 5577 prius
1644 5504 1744 5559 fuit
1784 5506 1839 5558 in
1882 5518 1993 5572 po-'

396 5624 525 5695 pulo
543 5664 559 5689 ,
591 5597 785 5676 deinde
810 5617 863 5670 in
887 5610 1234 5685 principibus.
1261 5604 1362 5658 Alii
1387 5602 1652 5668 dicebant,
1677 5597 1850 5652 Bonus
1871 5604 1981 5662 est;

462 5785 481 5812 ι
516 5778 788 5840 Suspicatur
810 5768 1012 5840 s_a_vilius
1029 5750 1984 5840 legentlttm,_nond§tt}nﬂlmbebam

396 5818 1020 5905 agnit‘ioitevmgedl‘ocus,
1041 5818 1194 5881 utest
1217 5829 1265 5875 in
1290 5818 1447 5882 textu,
1475 5818 1592 5869 ferri
1617 5824 1793 5879 potest.

2046 450 2157 517 alii,
2186 451 2327 518 Non,
2356 453 2657 507 sedseducit
2681 452 2883 506 turbam
2931 450 3122 521 (Joan.
3170 448 3223 503 7.
3272 448 3396 518 1'2).
3444 449 3632 518 Viden,

2046 544 2199 613 plebe
2228 544 2677 613 imprudentiores
2703 544 2969 615 principes
2997 542 3296 597 discissos?
3326 541 3433 597 Sed
3479 551 3631 611 post-

2044 650 2203 707 quam
2237 637 2306 690 ita
2337 637 2489 692 scissi
2531 646 2693 703 sunt,
2738 637 2870 691 nihil
2923 651 3241 704 generosum
3297 635 3629 700 exhibuere,

2047 745 2168 784 cum
2197 730 2398 783 instare
2425 729 2728 785 Pharisreos
2757 729 3018 782 viderent.
3063 726 3161 795 Qui
3190 726 3235 781 si
3266 728 3478 795 penitus
3522 725 3637 779 dis-

2047 821 2173 876 cissi
2205 819 2464 887 fuissent,
2495 820 2675 874 statim
2705 820 2983 875 veritatem
3014 806 3272 889 cognituri
3301 808 3476 872 erant.
3520 815 3631 870 Po-

2049 921 2153 967 test
2182 914 2321 967 enim
2344 912 2609 968 dissensio
2630 920 2773 968 recta
2802 926 2946 967 esse.
2974 910 3097 965 Ideo
3126 911 3217 966 ille
3247 910 3476 975 dicebat,
3509 908 3633 963 Non
3690 942 3700 961 .

2048 1004 2160 1057 veni
2186 1019 2361 1073 pacem
2388 1003 2584 1057 mittere
2602 1003 2655 1055 in
2676 1012 2885 1069 terram,
2912 1001 2999 1055 sed
3022 1000 3248 1071 gladium
3278 1002 3295 1071 (
3312 1000 3498 1053 Matth.
3541 999 3629 1054 10.
3676 991 3685 1005 ’

2049 1094 2185 1168 51).
2216 1096 2310 1150 Est
2341 1097 2483 1150 enim
2514 1094 2675 1151 etiam
2707 1095 2847 1149 mala
2893 1094 3179 1149 concordia
3200 1133 3215 1159 ,
3265 1102 3321 1147 et
3366 1092 3634 1147 discordia
3679 1107 3702 1155 ς.

2050 1190 2211 1245 bona.
2239 1190 2372 1244 Nam
2394 1193 2483 1260 qui
2516 1190 2704 1245 turrim
2730 1189 3094 1252 aediﬁcabant,
3126 1187 3179 1241 in
3198 1187 3450 1241 damnum
3479 1201 3634 1239 suum
3689 1252 3698 1265 ἱ

2049 1281 2346 1336 concordes
2396 1292 2582 1345 erant;
2628 1291 2788 1349 atque
2833 1280 2992 1335 iidem
3029 1279 3166 1348 ipsi,
3206 1278 3331 1332 licet
3354 1276 3538 1342 inviti,
3582 1276 3635 1329 in

2050 1373 2394 1428 commodum
2426 1388 2579 1427 suum
2607 1372 2763 1427 divisi
2791 1382 2932 1425 sunt.
2964 1371 3102 1427 Core
3125 1379 3300 1425 autem
3327 1385 3447 1423 cum
3476 1369 3637 1423 sociis

2050 1464 2193 1518 male
2223 1473 2607 1517 consenserant
2631 1480 2648 1528 ;
2682 1463 2802 1517 ideo
2828 1464 2962 1517 bene
2984 1462 3140 1517 divisi
3158 1469 3297 1516 sunt.
3318 1460 3480 1515 Judas
3500 1475 3636 1529 quo—

2051 1571 2155 1626 que
2197 1571 2318 1609 cum
2363 1555 2561 1609 Judteis
2606 1555 2744 1609 male
2788 1554 3081 1609 consensit.
3118 1553 3302 1609 Potest
3329 1567 3458 1620 ergo
3499 1552 3637 1606 bona

2052 1650 2346 1712 discordia,
2379 1657 2433 1701 et
2462 1648 2601 1702 mala
2631 1648 2915 1702 concordia
2948 1662 3087 1701 esse.
3114 1645 3241 1701 ldeo
3263 1645 3360 1708 ‘ait,
3386 1645 3445 1700 Si
3463 1644 3639 1697 oculus

2054 1752 2170 1794 tuus
2191 1740 2504 1793 scandalizat
2535 1749 2581 1793 te
2605 1781 2619 1804 ,
2652 1755 2769 1791 erue
2789 1755 2899 1790 cum
2925 1753 2943 1799 ;
2972 1748 3017 1791 et
3040 1739 3083 1790 si
3113 1754 3199 1805 pes
3223 1747 3338 1789 tuus
3360 1776 3376 1800 ,
3406 1734 3641 1788 abscinde

2058 1833 2284 1903 (Matth.
2318 1833 2370 1886 5.
2403 1831 2497 1886 29.
2527 1841 2574 1884 et
2602 1832 2688 1884 18.
2733 1831 2824 1900 8).
2871 1830 2925 1885 Si
2977 1830 3273 1884 membrum
3319 1828 3459 1882 male
3506 1842 3640 1880 con-

2051 1928 2294 1996 junctum
2321 1924 2740 1980 abscindendum
2769 1965 2783 1987 ,
2819 1938 2995 1978 nonne
3025 1923 3195 1976 multo
3227 1921 3397 1989 magis
3426 1921 3491 1973 ab
3515 1921 3642 1975 anti-

2053 2022 2131 2074 cis
2156 2019 2298 2073 male
2342 2018 2643 2087 conjunctis
2690 2014 2932 2070 abscindi
2980 2014 3231 2083 oportet?
3278 2013 3462 2082 Itaque
3508 2026 3641 2065 con—

2054 2109 2237 2164 cordia
2266 2126 2371 2164 non
2399 2124 2615 2178 semper
2639 2108 2777 2163 bona
2805 2116 2923 2173 est,
2954 2114 3011 2159 ut
3043 2120 3143 2160 nec
3176 2119 3388 2175 semper
3435 2103 3643 2157 discor-

2054 2204 2139 2259 dia
2166 2204 2326 2258 mala.

2129 2297 2181 2351 5.
2210 2297 2336 2350 Haec
2356 2294 2478 2350 dico
2500 2303 2560 2348 ut
2586 2294 2758 2347 malos
2798 2291 3059 2362 fugiamus
3078 2333 3093 2358 ,
3135 2305 3423 2359 sequamur
3452 2290 3643 2344 bonos.

2056 2388 2186 2443 Nam
2214 2389 2257 2441 si
2287 2386 2521 2442 membra
2547 2384 2757 2455 putrida
2787 2382 3100 2438 ineurabilia
3131 2380 3497 2435 exscindimus
3524 2422 3537 2439 ,
3570 2394 3638 2433 ne

2058 2482 2317 2551 reliquum
2345 2494 2540 2547 corpus
2566 2476 2830 2546 perdant;
2864 2474 3023 2543 idque
3057 2473 3281 2527 facimus
3306 2511 3319 2534 ,
3350 2486 3455 2525 non
3498 2469 3643 2539 quod

2059 2574 2358 2630 membrum
2398 2571 2791 2640 despiciemus,
2840 2566 2933 2621 sed
2980 2574 3040 2620 ut
3089 2573 3283 2619 caetera
3329 2577 3643 2617 servemus:

2059 2678 2260 2739 quanto
2289 2668 2457 2737 magis
2484 2666 2585 2720 hoc
2612 2664 2877 2735 agendum
2905 2662 3045 2717 circa
3072 2674 3167 2714 eos
3193 2659 3282 2729 qui
3314 2658 3449 2712 male
3494 2657 3649 2711 nobis

2055 2760 2227 2831 juncti
2266 2760 2435 2814 sunt?
2474 2758 2625 2826 Quod
2660 2756 2703 2810 si
2734 2755 3000 2826 possimus
3035 2752 3142 2806 illis
3167 2751 3484 2815 emendatis,
3518 2750 3648 2803 nihil

2062 2852 2241 2907 damni
2271 2852 2552 2921 accipere;
2584 2849 2635 2903 id
2662 2848 2807 2902 omni
2836 2854 3027 2903 conatu
3062 2841 3375 2899 tentabdum
3411 2860 3423 2895 :
3457 2841 3539 2895 sin
3574 2840 3649 2893 illi

2060 2944 2254 3015 corrigi
2285 2949 2582 3012 nequeant,
2630 2927 2893 3008 nobisque
2935 2944 3198 2996 noceant.
3239 2930 3553 2987 exscindere
3595 2938 3652 2984 et

2062 3037 2297 3105 abjicere
2322 3042 2556 3105 Oportet.
2587 3031 2721 3085 Hinc
2738 3030 2879 3084 enim
2903 3027 2977 3081 illi
3000 3040 3143 3095 smpe
3169 3025 3339 3094 magis
3368 3022 3653 3077 lucrabun-

2065 3138 2171 3183 tur.
2205 3126 2357 3183 Unde
2380 3124 2575 3179 Paulus
2599 3123 2677 3177 sic
2705 3122 2949 3176 hortatur
2979 3136 2993 3173 :
3020 3118 3229 3187 Auferte
3242 3116 3431 3170 malum
3451 3114 3513 3168 de
3541 3130 3651 3167 me-

2063 3218 2148 3273 dio
2179 3228 2396 3272 vestrum
2424 3216 2493 3288 (1
2527 3213 2646 3267 Cor.
2673 3211 2891 3282 8.13),
2914 3219 3006 3275 et,
3040 3206 3110 3263 Ut
3135 3207 3345 3262 tollatur
3385 3206 3449 3259 de
3483 3204 3649 3258 medio

2062 3319 2280 3364 vestrum
2303 3311 2388 3378 qui
2413 3308 2507 3360 hoc
2536 3321 2665 3375 Opus
2696 3305 2813 3374 fecit
2849 3301 3023 3373 (Ibid.
3053 3316 3102 3354 υ.
3146 3300 3182 3353 2
3202 3298 3247 3371 ).
3287 3296 3653 3353 Perniciosum

2064 3402 2208 3458 enim
2235 3442 2251 3468 ,
2292 3398 2653 3470 perniciosum
2675 3395 2859 3463 utique
2883 3400 2966 3447 est
2993 3404 3280 3461 pravorum
3300 3387 3652 3442 consortium.

2064 3494 2182 3550 Non
2204 3501 2312 3548 tam
2347 3492 2452 3546 cito
2478 3490 2638 3559 pestis
2664 3494 2936 3557 grassatur
2957 3525 2973 3549 ,
3023 3492 3077 3537 et
3116 3480 3325 3536 scabies
3360 3477 3658 3545 corrumpit

2067 3589 2156 3645 illa
2182 3586 2422 3648 affectos“,
2445 3593 2503 3638 ut
2529 3594 2816 3651 pravorum
2845 3575 3080 3645 nequitia
3120 3590 3133 3626 :
3161 3586 3285 3628 nam
3314 3570 3657 3636 Corrumpunt

2068 3682 2223 3737 bonos
2252 3694 2415 3732 mores
2439 3673 2688 3745 colloquia
2712 3687 2868 3739 prava
2909 3668 3005 3736 (1.
3053 3664 3173 3721 Cor.
3220 3664 3310 3718 15.
3351 3662 3480 3732 35).
3526 3660 3660 3715 Pro-

2068 3775 2229 3844 pheta
2259 3783 2491 3842 quoque,
2524 3762 2839 3837 Egredimini
2868 3760 2931 3814 de
2958 3758 3123 3813 medio
3154 3771 3327 3811 eorum
3352 3796 3366 3818 ,
3399 3763 3445 3807 et
3484 3768 3656 3822 segre—

2068 3864 2260 3938 gamini
2285 3864 2302 3933 (
2328 3861 2439 3916 Jer.
2477 3859 2565 3913 51.
2604 3856 2736 3925 45).
2772 3852 2941 3908 Nemo
2970 3851 3148 3919 itaque
3194 3844 3441 3916 improbo
3484 3852 3660 3896 utatur

2069 3959 2267 4015 amico.
2299 3955 2430 4011 Nam
2462 3952 2507 4007 si
2533 3964 2729 4021 pravos
2754 3947 2893 4000 filios
2919 3941 3309 3999 exheredatnus
3331 3980 3347 4005 ,
3371 3952 3543 4007 neque
3566 3951 3660 3989 na-

2074 4063 2245 4107 turam
2270 4058 2604 4106 reveremur,
2631 4040 2714 4094 vel
2743 4039 2890 4108 leges
2915 4036 3032 4105 ejus
3056 4074 3072 4098 ,
3108 4048 3280 4102 neque
3313 4026 3662 4084 necessitudi-

2072 4157 2194 4198 nem
2221 4136 2467 4209 quamvis
2494 4151 2508 4186 :
2540 4132 2706 4187 multo
2726 4130 2895 4197 magis
2918 4139 3074 4181 nctos
3089 4134 3145 4178 et
3171 4123 3457 4176 familiares
3481 4118 3663 4188 fugere

2073 4240 2306 4305 Oportet,
2335 4231 2380 4283 si
2399 4227 2521 4282 mali
2550 4226 2676 4279 sint.
2701 4220 2958 4289 Quamvis
2983 4219 3126 4273 enim
3148 4216 3296 4271 nullo
3318 4214 3442 4268 hinc
3464 4212 3662 4267 damno

2074 4327 2371 4382 afﬁciamur
2396 4364 2410 4387 ,
2443 4321 2634 4375 malam
2666 4327 2840 4370 tamen
2867 4314 3060 4366 famam
3089 4311 3259 4364 vitare
3305 4322 3412 4361 non
3464 4304 3666 4375 poteri-

2074 4437 2215 4478 mus.
2244 4414 2497 4474 Extranei
2527 4424 2761 4479 namque
2791 4423 2895 4462 non
2922 4406 3086 4458 vitam
3117 4401 3431 4471 explorant,
3459 4396 3553 4451 sed
3597 4411 3665 4450 ex

2080 4512 2242 4568 sociis
2264 4509 2528 4580 judicant.
2562 4504 2687 4558 llaec
2714 4502 2826 4569 ipsa
2849 4507 2902 4553 et
2925 4506 3115 4565 nuptas
3141 4502 3197 4548 et
3234 4490 3469 4559 virgines
3511 4502 3664 4557 rogo.

2078 4602 2427 4665 Providentes,
2452 4595 2653 4666 inquit,
2683 4598 2812 4645 bona
2834 4629 2850 4652 ,
2882 4604 2983 4642 non
3033 4584 3199 4640 solum
3235 4597 3406 4636 coram
3444 4578 3666 4632 Domino

2077 4696 2166 4752 sed
2192 4695 2343 4748 etiam
2367 4704 2537 4744 coram
2565 4684 2851 4739 hominibus
2885 4680 3069 4751 (Rom.
3098 4676 3182 4732 12.
3217 4676 3280 4730 17
3305 4672 3346 4744 ).
3378 4671 3518 4727 Nihil
3539 4685 3667 4739 ergo

2081 4803 2186 4843 non
2227 4796 2478 4854 agamus,
2532 4794 2598 4832 ne
2648 4775 2892 4845 proximo
2939 4767 3262 4824 olfendiculo
3312 4765 3501 4818 simus.
3551 4762 3665 4815 Vita

2080 4880 2222 4937 enim
2248 4919 2263 4943 ,
2291 4876 2389 4932 etsi
2426 4871 2721 4927 rectissima
2748 4911 2762 4931 ,
2792 4867 2836 4922 si
2867 4862 3192 4919 offendiculo
3218 4858 3337 4914 aliis
3364 4857 3467 4918 sit,
3496 4865 3667 4909 totum

2080 4969 2333 5042 perdidit.
2389 4967 2455 5021 Et
2497 4960 2769 5033 quomodo
2812 4965 2991 5026 potest
3036 4962 3179 5008 reeta
3231 4951 3339 5004 vita
3387 4943 3669 5003 offensioni

2082 5064 2242 5120 esse?
2271 5062 2401 5116 Cum
2432 5058 2691 5111 malorum
2722 5048 3050 5106 consortium
3081 5044 3273 5098 malam
3291 5041 3428 5111 parit
3448 5041 3667 5094 famam.
3756 5050 3759 5053 ·

2081 5159 2213 5216 Cum
2239 5156 2379 5211 enim
2399 5152 2628 5207 ﬁdenter
2653 5162 2774 5201 cum
2804 5141 3063 5213 improbis
3087 5151 3388 5199 versamur,
3415 5133 3513 5189 etsi
3539 5131 3665 5186 nihil

2083 5249 2240 5306 nobis
2269 5240 2449 5301 damni
2481 5238 2727 5304 accidat,
2768 5235 2888 5289 aliis
2931 5228 3252 5286 oﬁ‘endiculo
3297 5237 3504 5279 sumus.
3548 5221 3673 5275 Ilaec

2084 5343 2252 5404 viris,
2308 5335 2656 5397 mulieribus,
2714 5326 3009 5398 virginibus
3072 5322 3232 5386 dico,
3291 5331 3477 5372 eorum
3534 5326 3679 5368 'con-

2086 5432 2325 5490 scientiae
2347 5423 2731 5497 explorandum
2763 5420 3099 5487 relinquens,
3131 5417 3326 5481 quanta
3354 5408 3476 5461 hinc
3491 5405 3677 5460 orian-

2087 5537 2173 5603 tur
2227 5523 2387 5579 mala.
2435 5520 2549 5589 Ego
2597 5514 2814 5585 quidem
2865 5510 2998 5564 nihil
3037 5506 3161 5559 mali
3192 5502 3466 5570 suspicor,
3500 5512 3679 5568 neque

2088 5596 2224 5676 alius
2251 5617 2477 5673 fortasse
2502 5608 2879 5682 perfectiorum
2910 5619 2926 5667 ;
2956 5600 3049 5656 sed
3080 5596 3376 5666 simplicior
3403 5593 3566 5647 frater
3610 5594 3664 5645 in

2090 5725 2179 5769 tua
2205 5708 2493 5767 offenditur
2517 5700 2867 5773 perfectione.
2889 5694 3111 5763 Oportet
3137 5698 3316 5743 autem
3359 5685 3502 5739 illius
3537 5698 3673 5738 con-

2093 5805 2271 5862 sulere
2292 5792 2665 5856 imbecillitati.
2696 5786 2920 5846 Etiamsi
2962 5784 3085 5838 hinc
3135 5780 3224 5835 ille
3264 5791 3371 5833 non
3405 5774 3631 5831 laedatur
3656 5812 3673 5839 ,
