4084 6360
469 336 573 394 Sili

468 450 560 505 sed
586 450 799 520 gentilis
832 448 1146 503 offendetur.
1175 446 1334 501 Jubct
1371 455 1546 498 autem
1589 444 1783 498 Paulus
1824 445 1940 499 sine
1964 444 2049 499 of-

469 545 711 597 lens-ioue
748 556 866 595 esse
891 540 1129 605 Judmis,
1173 548 1227 591 et
1271 537 1501 600 Graecis,
1553 544 1607 590 et
1649 536 1906 589 Ecclesia:
1958 534 2050 589 Dei

470 642 484 701 (
514 638 564 689 l.
598 634 713 687 Cor.
745 633 831 688 10.
859 633 893 686 5
916 632 955 701 ).
992 631 1099 701 Ego
1123 630 1251 683 nihil
1282 628 1407 682 mali
1429 628 1496 681 de
1525 627 1727 695 virgine
1764 627 2046 695 suSpicor;

464 728 819 796 virginitatem
853 725 1049 793 quippe
1074 738 1228 786 amo;
1262 720 1460 775 Caritas
1496 729 1675 774 autem
1721 737 1820 773 non
1863 721 2051 789 cogitat

466 821 695 887 malum(
728 820 775 872 l.
811 818 931 871 Cor.
970 816 1053 869 15.
1081 818 1097 882 )
1130 815 1241 869 Hoc
1272 816 1572 867 institutum
1608 815 1729 866 vita:
1760 812 2051 866 admodum

464 912 630 981 diligo
654 953 669 977 ,
701 925 872 979 neque
898 908 1188 962 absurdum
1220 906 1345 976 quid
1378 908 1617 975 cogitare
1651 920 1888 975 possum.
1913 907 2051 971 Quo-

465 1004 623 1058 modo
651 1003 701 1055 id
729 1002 966 1055 externis
998 1000 1479 1070 persuadebimus?
1514 998 1737 1067 Oportet
1760 999 1900 1053 enim
1927 999 2049 1054 illo-

462 1113 580 1151 rum
601 1097 759 1151 etiam
789 1094 1049 1148 rationem
1077 1093 1292 1146 habere.
1322 1091 1412 1147 Sic
1434 1091 1611 1161 itaque
1649 1098 1829 1145 nostra
1865 1090 2051 1159 dispo-

460 1202 649 1241 namus
674 1228 689 1254 ,
736 1202 804 1240 ne
831 1186 951 1255 quis
974 1184 1268 1239 inﬁdelium
1293 1192 1481 1239 contra
1524 1198 1622 1238 nos
1666 1198 1851 1237 ansam
1897 1198 2053 1252 repe.

1201 335 1255 389 S.
1300 329 1575 387 JO.\N.‘ilS
1612 328 2083 387 CIIRYSOSTOMI
2126 332 2437 390 AllCllll-IP.
2480 332 3017 389 CONSTANTINOP.

3638 344 3739 398 516

2162 451 2268 504 rire
2297 454 2480 519 possit.
2511 451 2662 507 Sicut
2686 467 2826 505 enim
2855 452 2887 506 ii
2912 454 2999 521 qui
3026 453 3185 507 vitam
3214 464 3410 509 rectam
3439 458 3691 515 exhibent
3719 502 3734 523 .

2162 543 2271 596 lleo
2295 546 2515 613 gloriam
2545 545 2781 599 referunt
2815 564 2825 600 :
2859 546 2928 599 ita
2956 546 3043 615 qui
3073 562 3228 600 secus
3258 560 3420 618 agunt
3440 594 3454 613 ,
3490 552 3539 605 in
3579 570 3736 609 causa

2160 645 2404 689 suntcur
2432 636 2848 705 blasphematur.
2890 638 3087 692 Verum
3138 641 3275 694 absit
3319 652 3373 696 ut
3419 646 3552 699 tales
3600 651 3739 716 apud

2161 741 2261 779 nos
2289 725 2397 780 sint
2423 743 2437 791 ;
2467 727 2561 781 sed
2585 728 2655 781 ita
2681 729 2896 782 luceant
2920 744 3080 797 opera
3110 739 3289 785 nostra
3323 742 3378 786 ut
3415 733 3742 802 glorificetur

2161 818 2321 873 Pater
2349 828 2533 874 noster
2554 821 2643 889 qui
2671 821 2723 874 in
2750 822 2895 876 cmlis
2922 830 3035 884 est,
3067 831 3121 875 et
3148 839 3245 877 nos
3270 823 3384 893 ejus
3401 825 3565 895 gloria
3594 826 3742 883 frua-

2160 925 2280 963 mur
2308 928 2322 963 :
2353 927 2511 979 quam
2535 912 2734 966 utinam
2768 928 2865 966 nos
2897 927 3086 967 omnes
3114 930 3535 985 consequamur,
3573 923 3741 989 gratia

2161 1009 2215 1055 et
2246 1002 2569 1073 benignitate
2599 1003 2807 1057 Domini
2840 1006 3005 1058 nostri
3038 1004 3163 1059 Jesu
3191 1004 3389 1063 Christi
3415 1051 3430 1075 ,
3465 1025 3560 1079 per
3583 1027 3741 1081 quem

2162 1100 2360 1146 etcum
2390 1108 2496 1163 quo
2528 1094 2665 1147 Patri
2691 1094 2858 1163 gloria
2884 1137 2898 1160 ,
2930 1112 3143 1166 unaque
3180 1108 3367 1154 sancto
3398 1100 3615 1171 Spiritui
3635 1144 3649 1166 τ
3687 1105 3741 1158 in

2162 1186 2356 1238 smcula
2388 1186 2723 1238 sa-culorum.
2759 1188 2949 1239 Amen.

1848 1373 2196 1435 HOMILIA
2254 1378 2473 1439 LVIII.

456 1523 581 1575 CAP.
633 1520 687 1575 9.
725 1534 775 1571 v.
814 1519 897 1574 17.
926 1516 1111 1570 Dicunt
1143 1531 1273 1570 cteco
1299 1516 1481 1568 iterum
1522 1530 1541 1568 :
1589 1513 1664 1568 Tu
1690 1516 1811 1583 quid
1836 1515 1963 1568 dicis
1988 1515 2054 1567 de

526 1614 637 1679 illo,
668 1612 754 1681 qui
784 1610 980 1678 aperuit
1009 1609 1181 1662 oculos
1210 1608 1363 1661 tuos?
1390 1606 1491 1661 Ille
1518 1616 1683 1659 autem
1712 1607 1839 1659 dixit
1860 1648 1874 1666 .
1918 1608 2051 1673 Quia

528 1706 770 1774 pmpheta
794 1713 883 1757 est.
916 1701 1002 1756 18.
1040 1700 1158 1753 Νοη
1183 1700 1500 1753 crediderunt
1529 1714 1647 1768 ergo
1674 1697 1867 1751 Juda’i.

527 1824 579 1875 1.
622 1820 908 1889 Scriptum
952 1832 1056 1871 non
1095 1817 1409 1887 simpliciter
1438 1830 1609 1886 neque
1650 1815 2046 1885 perfunctorie,

456 1914 549 1968 sed
579 1928 735 1983 quam
766 1911 1169 1980 diligentissime
1200 1909 1436 1978 legenda:
1461 1918 1604 1974 sunt,
1632 1923 1699 1962 ne
1728 1907 1853 1975 qttid
1880 1908 2047 1961 obicis

457 2006 676 2059 oriatur.
709 2003 917 2058 Etenim
941 2002 1050 2071 jam
1078 2002 1197 2072 quis
1225 2002 1416 2055 merito
1442 2000 1792 2069 quaestionem
1815 2009 2047 2064 moveat,

383 2163 388 2168 ἢ
456 2094 767 2161 Quomodo,
803 2102 1079 2161 postquam
1123 2092 1405 2155 dixerunt,
1458 2089 1556 2143 llic
1596 2108 1699 2144 non
1738 2100 1809 2143 est
1846 2108 1879 2143 a
1920 2091 2043 2154 Deo,

456 2189 574 2252 quia
600 2186 861 2237 sabbatum
890 2200 989 2237 non
1017 2194 1178 2237 servat
1200 2225 1213 2246 ,
1238 2183 1348 2251 jam
1388 2182 1571 2236 dicunt
1599 2182 1645 2237 ei
1668 2222 1682 2245 ,
1719 2180 1798 2235 Tu
1824 2182 1945 2248 quid
1970 2183 2045 2234 di-

391 2272 411 2346 ᾖ
455 2278 527 2331 cis
551 2279 615 2330 de
640 2277 749 2341 illo,
782 2277 870 2346 qui
894 2275 1092 2344 aperuit
1121 2275 1292 2328 oculos
1320 2275 1471 2327 tuos?
1498 2272 1610 2326 Non
1640 2272 1926 2335 dixerunt,
1968 2273 2009 2325 Τ
2016 2289 2046 2325 ιι

456 2366 582 2436 quid
612 2367 745 2421 dicis
773 2366 840 2420 de
870 2367 980 2429 illo,
1022 2365 1109 2433 qui
1141 2364 1419 2417 sabbatum
1451 2362 1646 2417 solvit?
1687 2362 1780 2417 sed
1823 2377 2047 2416 excusa-

455 2461 655 2513 tionem
695 2473 835 2512 nunc
880 2474 975 2525 pro
1014 2458 1353 2511 accusatione
1384 2465 1604 2525 ponunt.
1637 2455 1772 2522 Quid
1815 2471 1941 2527 ergo
1966 2455 2049 2509 di-

453 2549 719 2605 cendum?
744 2549 857 2603 Non
888 2549 1044 2602 iidem
1074 2557 1197 2602 sunt
1218 2548 1305 2618 qui
1332 2546 1599 2611 dicebant,
1635 2547 1733 2601 llic
1762 2564 1861 2600 non
1890 2558 1960 2601 est
1987 2564 2049 2601 ex

454 2641 597 2705 Deo;
627 2640 718 2695 sed
753 2641 785 2694 ii
814 2640 902 2709 qui
931 2642 997 2694 ab
1028 2641 1156 2709 ipsis
1184 2641 1445 2694 sententia
1475 2639 1726 2707 disjuncti
1753 2640 2001 2694 dicebant
2033 2659 2044 2693 :

457 2733 624 2787 Homo
652 2744 881 2804 peccator
904 2748 1004 2785 non
1034 2741 1193 2802 potest
1218 2731 1325 2785 hac
1353 2735 1497 2801 signa
1528 2735 1711 2802 facere.
1742 2730 1871 2785 Ctttn
1904 2734 2045 2785 enim

456 2824 657 2879 vellent
686 2825 717 2878 ii
751 2839 811 2878 os
836 2824 1219 2893 comprimere,
1248 2838 1315 2877 ne
1335 2822 1604 2877 Christum
1635 2822 1731 2891 ipsi
1761 2821 2047 2877 defendere

453 2917 781 2981 viderentur,
814 2916 961 2969 illutn
991 2915 1080 2985 qui
1111 2915 1321 2969 virtutis
1349 2917 1466 2983 ejus
1496 2914 1920 2983 experimentum
1952 2931 2044 2970 ce-

456 3019 640 3077 perat,
673 3009 724 3060 in
749 3007 978 3060 medium
1005 3004 1275 3060 adducunt
1299 3015 1352 3061 et
1382 3006 1731 3075 interrogant.
1762 3005 1893 3060 Vide
1918 3022 2047 3076 ergo

456 3099 705 3168 pauperis
733 3100 1047 3167 sapientiam
1066 3138 1083 3163 ,
1114 3099 1201 3168 qui
1235 3098 1546 3168 prudentius
1574 3114 1733 3170 quam
1759 3099 1834 3156 illi
1858 3115 2047 3155 omnes

454 3191 704 3261 loquutus
745 3200 844 3246 est.
893 3192 956 3245 Et
997 3192 1169 3261 primo
1210 3190 1423 3261 quidem
1468 3191 1540 3245 ait
1580 3208 1594 3245 :
1629 3191 1887 3261 Propheta
1924 3202 1996 3247 est
2026 3209 2045 3245 :

456 3300 628 3355 neque
658 3285 958 3339 formidavit
986 3299 1292 3355 perversum
1324 3284 1625 3339 Judteorum
1652 3285 1933 3353 judicium,
1963 3300 2048 3340 re.

454 3379 800 3448 pugnantium
833 3379 1231 3449 dicentiutnque
1256 3396 1269 3431 :
1303 3378 1567 3445 Quomodo
1595 3388 1755 3448 potest
1782 3380 1864 3431 hic
1884 3396 1915 3431 a
1937 3378 2047 3432 Deo

453 3486 585 3535 esse,
618 3470 703 3539 qui
736 3470 997 3523 sabbatum
1031 3487 1131 3524 non
1159 3470 1417 3524 custodit?
1446 3470 1540 3524 sed
1574 3470 1742 3531 dixit,
1786 3468 2048 3539 Propheta

453 3574 545 3617 est.
581 3562 645 3617 Et
672 3580 772 3616 non
802 3564 1121 3617 crediderunt
1147 3561 1321 3617 Ιαάωὶ
1350 3562 1483 3632 quod
1510 3579 1673 3617 circus
1704 3564 1879 3632 fuisset
1904 3573 1951 3617 et
1981 3563 2049 3616 vi-

454 3655 641 3719 disset,
693 3655 851 3707 donec
890 3662 1188 3707 vocaverunt
1228 3663 1457 3722 parentes
1493 3655 1622 3724 ejus.
1668 3653 2048 3708 Animadverte

452 3757 581 3816 quot
612 3748 783 3801 modis
811 3747 1126 3801 miraculum
1157 3746 1406 3816 obtegere
1431 3755 1485 3801 ct
1522 3746 1739 3801 abolere
1762 3756 2041 3801 conentur.

454 3837 650 3893 Verum
675 3839 784 3905 ipsa
807 3837 1046 3893 veritatis
1070 3846 1257 3891 natura
1281 3836 1465 3891 iisdem
1492 3836 1621 3905 ipsis
1643 3835 1901 3900 firmatur,
1930 3835 2049 3904 qui-

455 3932 554 3987 bus
577 3932 645 3985 ab
670 3931 1072 3985 insidiatoribus
1100 3929 1401 4000 impetitur;
1434 3928 1622 3983 iisdem
1650 3928 1835 3999 fulget,
1855 3928 2049 3999 quibus

454 4022 727 4076 obscurari
776 4030 1026 4075 tentatur.
1060 4020 1171 4075 Nisi
1200 4022 1343 4074 enim
1383 4020 1495 4073 haec
1526 4022 1661 4073 facta
1700 4030 1913 4084 essent,
1944 4020 2047 4073 mi-

453 4112 689 4167 raculum
717 4111 855 4179 apud
883 4112 1079 4165 multos
1104 4119 1406 4179 suspectum
1436 4125 1555 4164 esse
1580 4110 1838 4179 potuisset
1862 4127 1874 4162 :
1909 4124 2049 4163 nunc

459 4220 585 4258 vero
612 4219 675 4258 ac
704 4204 748 4257 si
787 4203 1023 4257 studiose
1050 4204 1325 4256 veritatem
1365 4202 1675 4271 indagarent
1699 4244 1713 4267 ,
1760 4202 1827 4255 ita
1869 4202 2046 4254 omnia

456 4297 685 4360 faciunt,
731 4313 904 4367 neque
944 4297 1098 4350 aliter
1142 4295 1421 4359 fecissent,
1470 4296 1513 4349 si
1556 4312 1652 4364 pro
1695 4279 1909 4350 Christo
1936 4296 2049 4351 lure

455 4389 658 4459 operati
688 4397 887 4444 essent.
915 4388 1006 4441 llis
1029 4399 1202 4441 tamen
1227 4388 1400 4457 ipsum
1423 4386 1722 4455 deprimere
1750 4387 2043 4451 tentabant,

454 4496 573 4533 eum
606 4482 876 4545 dicerent,
914 4480 1176 4546 Quomodo
1216 4480 1413 4547 aperuit
1438 4478 1610 4531 oculos
1650 4480 1800 4531 tuos?
1836 4478 1887 4531 id
1930 4486 2045 4543 est,

457 4573 592 4626 Num
624 4572 938 4639 quibusdam
968 4570 1286 4641 prmstigiis?
1332 4570 1464 4624 Nam
1510 4569 1633 4623 alibi
1671 4584 1882 4638 quoque
1926 4583 2047 4622 cum

458 4664 589 4717 nihil
619 4664 974 4732 objiciendum
1007 4662 1299 4726 haberent,
1346 4660 1561 4715 modum
1594 4660 1816 4714 curandi
1847 4660 2050 4713 calum-

456 4760 589 4812 niari
620 4767 879 4811 conantur
905 4756 1143 4811 dicentes
1183 4772 1196 4807 :
1242 4754 1359 4808 Non
1401 4754 1535 4819 ejicit
1575 4753 1825 4807 dwmonia
1866 4753 1963 4806 nisi
1997 4753 2051 4805 in

457 4850 730 4903 Beelzebub
752 4851 766 4880 ¹
793 4849 1005 4918 (Matth.
1040 4848 1125 4901 19..
1144 4843 1271 4917 24)?
1290 4848 1351 4899 Et
1371 4845 1457 4899 hic
1482 4844 1640 4897 etiam
1659 4859 1778 4898 cum
1802 4843 1932 4897 nihil
1952 4858 2050 4911 op-

456 4943 759 5014 ponendum
791 4942 1049 5007 habeant,
1083 4940 1149 4993 ad
1181 4950 1389 5007 tempus
1413 4946 1468 4991 et
1493 4937 1697 4991 sabbati
1726 4936 2047 4991 solutionem

456 5034 794 5103 confugiunt,
829 5033 1147 5101 dicuntque,
1181 5030 1344 5083 Solvit
1374 5027 1671 5091 sabbatum;
1700 5035 1773 5091 et,
1806 5024 2052 5080 Peccator

454 5137 545 5179 est.
582 5126 738 5194 Atqui
771 5125 857 5177 ille
891 5138 986 5177 vos
1013 5120 1239 5185 invidos,
1264 5120 1352 5189 qui
1373 5129 1520 5189 gesta
1546 5119 1662 5186 ejus
1688 5132 1909 5186 carpere
1937 5126 2051 5171 stu-

455 5218 686 5280 debatis,
722 5216 810 5269 ille
839 5222 1023 5284 aperte
1052 5210 1415 5280 interrogavit,
1449 5210 1574 5275 Quis
1613 5224 1675 5262 ex
1710 5208 1844 5262 vobis
1873 5218 2052 5278 arguet

456 5328 534 5363 me
565 5311 629 5363 de
674 5318 875 5377 peccato
924 5305 1115 5376 (Joan.
1161 5304 1215 5357 8.
1260 5300 1498 5371 46)?Et
1538 5316 1695 5355 nemo
1735 5299 2048 5369 respondit,

460 5415 638 5470 neque
684 5400 849 5464 dixit,
883 5394 1248 5464 Blasphemas,
1275 5392 1401 5447 dum
1444 5400 1495 5445 le
1540 5389 1940 5459 impeccabilem
1970 5388 2052 5442 di-

463 5495 561 5548 cis.
594 5493 751 5563 Atqui
799 5493 843 5545 si
874 5491 1053 5545 dicere
1083 5488 1413 5556 potuissent,
1441 5484 1579 5538 haud
1620 5484 1779 5537 dubie
1825 5498 1930 5535 non
1968 5492 2051 5535 ta-

464 5587 721 5640 cuissent.
754 5584 885 5639 Nam
916 5582 1005 5653 qui
1035 5581 1321 5645 dicentem,
1354 5592 1412 5633 se
1441 5586 1565 5632 ante
1593 5575 1860 5631 Abraham
1898 5588 2049 5642 esse,

556 5745 571 5774 ι
610 5750 689 5789 \ts.
728 5738 985 5791 orientalis
1022 5737 1159 5788 Savil.
1188 5745 1295 5800 post
1327 5733 1603 5794 Beelzebub,
1638 5734 1793 5792 addit,
1831 5724 2050 5794 principe

467 5802 828 5853 dmumiorum.

2166 1518 2427 1588 lapidibus
2458 1524 2829 1595 impetierunt,
2860 1539 2913 1583 et
2940 1531 3110 1598 ipsum
3144 1549 3172 1586 a
3219 1534 3330 1590 Deo
3367 1552 3474 1593 non
3502 1553 3653 1607 esse,
3680 1555 3742 1597 se

2160 1627 2287 1667 vero
2312 1628 2431 1669 esse
2456 1631 2483 1668 a
2516 1616 2627 1671 Deo
2653 1619 2859 1687 gloriati
2888 1631 3044 1689 sunt,
3078 1625 3201 1680 licet
3227 1626 3503 1685 homicida:
3529 1643 3739 1699 essent;

2156 1712 2212 1758 et
2238 1720 2362 1760 eum
2392 1709 2479 1776 qui
2511 1709 2813 1779 hujusmodi
2842 1715 2988 1783 signa
3021 1719 3370 1785 operabatur,
3400 1737 3463 1777 ex
3503 1722 3610 1778 Deo
3635 1741 3741 1781 non

2157 1813 2276 1853 esse
2301 1798 2577 1865 dicebant,
2609 1804 2729 1872 quia
2762 1806 3037 1860 sabbatum
3078 1824 3182 1863 non
3221 1812 3512 1867 custodiret
3541 1833 3553 1869 :
3582 1816 3628 1870 si
3658 1817 3741 1871 vel

2155 1892 2438 1945 accusandi
2468 1894 2709 1948 umbram
2742 1896 3071 1966 habuissent,
3097 1915 3201 1955 non
3229 1905 3611 1972 prasteriisseut
3639 1908 3741 1963 uti-

2154 1999 2276 2052 que.
2311 1985 2366 2039 Si
2397 1995 2575 2040 autem
2606 1987 2726 2042 ideo
2753 2001 3087 2057 peccatorem
3119 2004 3342 2060 vocant,
3383 1998 3505 2066 quia
3546 1998 3739 2055 sabba-

2156 2086 2265 2131 tum
2296 2079 2508 2135 solvere
2537 2081 2835 2149 videbatur,
2864 2085 3011 2140 futile
3050 2095 3196 2142 certe
3233 2090 3435 2144 crimen
3476 2101 3585 2145 erat
3606 2132 3621 2155 ,
3652 2093 3741 2147 vel

2154 2172 2419 2227 sociorum
2443 2173 2674 2243 judicio,
2712 2178 2801 2245 qui
2843 2186 2901 2231 ut
2945 2177 3191 2247 frigidum
3221 2180 3348 2235 illud
3376 2191 3432 2237 et
3458 2198 3522 2237 ex
3550 2184 3738 2239 simul-

2156 2271 2261 2318 tate
2304 2265 2597 2333 profectum
2643 2267 2987 2324 damnabant.
3031 2269 3275 2339 Undique
3318 2287 3447 2343 ergo
3488 2274 3735 2340 cohibiti,

2152 2353 2297 2408 aliud
2318 2355 2585 2425 quidpiam
2612 2357 2975 2426 impudentius
2994 2375 3057 2414 ac
3082 2362 3403 2431 petulantius
3424 2366 3741 2436 aggrediun-

2156 2453 2259 2500 tur.
2290 2446 2565 2513 Quodnam
2586 2450 2711 2503 illud
2730 2452 2752 2503 ?
2770 2450 2890 2505 Non
2912 2453 3244 2521 crediderunt,
3272 2457 3462 2527 inquit,
3484 2459 3617 2527 quod
3636 2476 3737 2514 ειε-

2152 2554 2240 2592 cus
2272 2540 2473 2607 fuisset,
2506 2550 2554 2596 et
2590 2543 2818 2597 vidisset.

2226 2631 2547 2687 Mendacium
2574 2636 2753 2703 ubique
2780 2637 2833 2689 iu
2861 2638 3083 2705 seipsum
3109 2640 3446 2709 impingit.—
3464 2640 3571 2695 Cur
3610 2657 3738 2711 ergo

2152 2734 2472 2778 accusarunt
2500 2726 2640 2795 quod
2669 2728 2945 2781 sabbatum
2975 2744 3078 2781 non
3106 2731 3426 2796 custodiret,
3466 2733 3564 2786 nisi
3609 2732 3738 2788 illttd

2152 2818 2537 2873 credidissent?
2558 2835 2655 2874 cur
2674 2836 2780 2873 non
2810 2821 2965 2875 fidem
2990 2822 3193 2877 habetis
3216 2832 3375 2877 tantm.
3395 2825 3736 2889 multitudini,

2153 2921 2207 2967 et
2236 2912 2424 2968 vicinis
2467 2917 2553 2983 qui
2596 2919 2767 2983 ipsum
2810 2916 3174 2985 cognoscunt?
3214 2915 3447 2983 Verum,
3494 2928 3550 2971 ut
3591 2919 3736 2982 dixi,

2152 3003 2349 3073 ubique
2378 3004 2712 3059 mendacium
2748 3006 2798 3058 in
2829 3007 3063 3075 seipsum
3096 3008 3369 3078 impingit,
3402 3023 3498 3077 per
3523 3024 3583 3063 ea
3625 3008 3740 3078 ipsa

2151 3098 2303 3165 queis
2353 3097 2626 3151 veritatem
2657 3111 2960 3168 oppugnat;
3002 3100 3275 3169 ipsamque
3315 3102 3587 3155 veritatem
3626 3102 3739 3155 cla.

2153 3188 2349 3241 riorem
2377 3188 2541 3243 efficit
2573 3208 2585 3243 :
2616 3191 2757 3257 quod
2784 3191 2941 3245 etiam
2971 3207 3111 3245 nunc
3139 3191 3334 3247 evenit.
3355 3192 3433 3247 Ne
3458 3194 3575 3262 quis
3595 3194 3737 3246 enim

2152 3278 2355 3333 diceret
2383 3281 2586 3335 vicinos
2613 3292 2667 3335 et
2692 3272 3018 3350 spectatores
3048 3284 3179 3339 nihil
3215 3294 3462 3340 accurate
3500 3286 3697 3341 dixisse
3720 3329 3737 3351 ,

2152 3372 2247 3427 sed
2274 3372 2342 3427 de
2370 3374 2526 3427 simili
2562 3375 2809 3444 loquutos
2837 3390 2957 3431 esse
2978 3418 2993 3441 ,
3028 3387 3276 3446 parentes
3304 3379 3359 3433 in
3384 3378 3615 3434 medium
3643 3379 3741 3432 ad-

2152 3465 2389 3531 ducunt,
2425 3475 2479 3520 et
2504 3466 2581 3520 sic
2612 3467 2760 3521 inviti
2791 3468 3069 3522 veritatem
3100 3459 3483 3540 patefecerunt.
3512 3470 3641 3525 Nam
3685 3471 3738 3524 hi

2154 3558 2391 3612 maxime
2416 3560 2652 3612 omnium
2676 3559 2839 3612 ﬁlium
2858 3574 3012 3613 suum
3033 3572 3312 3615 noverant.
3334 3561 3469 3628 Quia
3491 3564 3631 3616 enim
3656 3562 3740 3630 ip-

2154 3663 2271 3702 sum
2303 3648 2720 3718 perterrefacere
2750 3666 2855 3704 non
2894 3660 3180 3721 poterant,
3222 3652 3317 3707 sed
3344 3652 3597 3707 audacter
3627 3652 3741 3722 ipse

2153 3738 2447 3795 beneficum
2474 3741 2816 3811 prmdicabat.
2850 3757 2945 3811 per
2975 3751 3219 3811 parentes
3244 3759 3302 3798 se
3326 3743 3639 3798 miraculum
3662 3744 3743 3796 iu-

2154 3838 2369 3891 firmare
2398 3851 2556 3907 posse
2582 3836 2888 3905 sperabant.
2920 3836 2987 3890 Et
3028 3835 3148 3890 vide
3187 3836 3615 3907 interrogationis
3644 3853 3742 3889 nc-

2152 3931 2393 4000 quitiam.
2424 3928 2561 3997 Quid
2590 3931 2730 3985 enim
2758 3929 2871 3984 ait?
2917 3928 3041 3985 Illos
3078 3928 3129 3982 in
3172 3928 3405 3984 medium
3445 3927 3739 3988 adductos.

2155 4032 2212 4076 ut
2241 4034 2497 4078 terrorem
2526 4023 2847 4086 incuterent,
2879 4036 2999 4076 cum
3026 4020 3358 4076 vehementia
3388 4019 3628 4075 furentes
3655 4020 3741 4074 in-

2155 4125 2429 4188 terrogant
2458 4134 2471 4172 :
2509 4116 2598 4171 19.
2631 4115 2729 4169 llic
2758 4124 2829 4169 est
2855 4116 2992 4184 ﬁlius
3020 4114 3217 4168 vester?
3246 4112 3364 4168 Nec.
3393 4112 3609 4178 dicunt,
3638 4111 3741 4178 Qui

2157 4210 2359 4279 pridem
2391 4224 2563 4263 cmcus
2593 4218 2708 4263 erat
2746 4225 2759 4260 :
2792 4206 2885 4261 sed
2912 4205 3223 4276 quomodo?
3265 4202 3427 4269 Quem
3460 4220 3548 4257 vos
3576 4203 3743 4255 dicitis

2153 4303 2272 4372 quia
2311 4318 2473 4354 aecus
2511 4310 2660 4353 natus
2690 4307 2798 4361 est;
2824 4314 2888 4353 ac
2915 4298 2960 4353 si
2991 4297 3067 4351 illi
3104 4306 3316 4352 versute
3349 4297 3640 4366 fingerent,
3683 4302 3743 4347 ut

2154 4408 2314 4462 opera
2349 4392 2547 4447 Christi
2587 4390 2986 4446 confirmarent.
3039 4389 3084 4444 Ο
3131 4389 3477 4453 exsecrandi,
3526 4397 3579 4442 et
3626 4388 3743 4455 plus

2154 4500 2310 4555 quam
2337 4482 2647 4539 exsecrandi
2671 4484 2684 4536 l
2714 4483 2910 4552 Ecquis
2936 4491 3085 4552 pater
3113 4481 3227 4536 haec
3252 4481 3319 4535 de
3340 4480 3449 4535 filio
3469 4480 3742 4535 confinxe-

2155 4578 2258 4632 rit?
2279 4580 2356 4632 Ac
2380 4579 2422 4631 si
2450 4577 2690 4631 dicerent
2717 4594 2728 4628 :
2753 4575 2921 4641 Quem
2951 4589 3046 4629 vos
3076 4589 3273 4628 caecum
3295 4572 3538 4636 dixistis;
3568 4586 3743 4640 neque

2156 4670 2205 4723 id
2250 4679 2485 4731 tantum;
2516 4668 2607 4722 sed
2656 4669 2758 4722 hoc
2786 4668 2982 4737 ubique
3010 4667 3300 4736 sparsistis.
3333 4664 3599 4729 Quomodo
3624 4679 3743 4733 ergo

2155 4777 2289 4813 nunc
2312 4760 2485 4813 videt?
2512 4758 2557 4815 Ο
2581 4759 2856 4813 stultitiam
2879 4761 2891 4813 !
2929 4758 3172 4813 Vestrum
3200 4768 3303 4823 est,
3333 4757 3605 4824 inquiunt,
3644 4756 3743 4809 hoc

2154 4862 2515 4906 commentum
2538 4894 2553 4917 ,
2603 4851 2717 4906 hazc
2753 4850 3017 4906 simulatio
3044 4858 3237 4904 vestra.
3266 4850 3552 4918 Dupliciter
3583 4848 3647 4900 ad
3693 4847 3745 4900 id

2157 4946 2455 5013 negandum
2498 4944 2784 5009 inducunt,
2813 4954 2867 4998 et
2897 4943 2978 4997 his
3006 4944 3201 5005 verbis,
3237 4940 3397 5007 Quem
3426 4957 3512 4994 vos
3542 4941 3706 4993 dicitis
3728 4981 3743 5005 ,

2156 5047 2209 5093 et
2238 5039 2360 5100 illis,
2389 5036 2653 5101 Quomodo
2687 5052 2804 5107 ergo
2829 5052 2962 5089 nunc
2987 5035 3161 5088 videt?

2225 5128 2278 5181 2.
2310 5128 2439 5183 Cum
2474 5138 2581 5182 tres
2605 5137 2786 5181 essent
2816 5126 3275 5194 interrogationes,
3309 5123 3353 5177 si
3392 5123 3533 5177 filius
3558 5137 3745 5177 eorum

2157 5229 2328 5285 esset,
2361 5220 2405 5274 si
2434 5233 2608 5273 caecus
2634 5217 2839 5283 fuisset,
2867 5226 2922 5271 et
2942 5216 3210 5285 quomodo
3235 5215 3406 5268 visum
3433 5213 3743 5281 recepisset,

2157 5313 2263 5367 duo
2295 5320 2496 5365 tantutn
2526 5311 2865 5372 confitentur,
2894 5309 3106 5362 tertium
3134 5322 3238 5359 non
3262 5306 3481 5359 addunt.
3507 5304 3748 5372 llludque

2157 5405 2223 5459 ad
2267 5407 2546 5457 veritatem
2588 5400 2901 5455 firmandam
2943 5398 3229 5462 conduxit,
3277 5406 3335 5451 ut
3376 5412 3535 5451 nemo
3573 5397 3743 5457 alius,

2158 5513 2316 5567 quam
2346 5510 2522 5550 ctecus
2550 5505 2787 5553 curatus,
2819 5492 2907 5560 qui
2938 5492 3039 5545 fide
3066 5491 3255 5561 dignus
3279 5498 3393 5543 erat
3414 5530 3429 5550 ,
3462 5488 3573 5542 haec
3612 5503 3747 5541 con-

2159 5590 2418 5643 fiteretur.
2448 5588 2513 5640 Et
2539 5584 2807 5654 quomodo
2834 5583 2897 5636 ad
2926 5583 3147 5652 gratiam
3192 5580 3394 5650 loquuti
3432 5588 3612 5634 essent
3650 5594 3749 5649 pa-

2160 5692 2372 5746 rentes,
2409 5680 2498 5749 qui
2526 5678 2685 5732 etiam
2718 5675 2960 5746 quaedam
3003 5691 3065 5728 ex
3100 5675 3181 5737 iis,
3215 5688 3332 5742 qua:
3360 5671 3636 5733 sciebant,
3673 5681 3752 5722 ta-

2163 5784 2389 5832 cuerunt
2433 5781 2649 5844 propter
2688 5785 2885 5824 metum
2927 5768 3277 5823 Judacorum?
3316 5766 3457 5833 Quid
3498 5763 3638 5817 enim
3667 5763 3747 5816 di-
