4084 6360
310 300 415 354 315
1358 299 1424 352 ΙΝ
1463 299 1784 355 JOANNEM
1827 299 2057 357 HOMIL.
2094 299 2276 356 LVIII.
2321 303 2392 356 al.
2436 299 2594 355 LVII.
3491 303 3596 358 ZlG

307 419 405 488 τῆς
452 415 723 486 παρθένου
765 409 1006 484 (ἀγαπῶ
1051 415 1156 487 7&9
1203 416 1302 485 τὴν
1349 415 1683 486 παρθενίαν’
1735 417 1793 471 Ἡ
1834 415 1903 468 δὲ
2009 415 2086 486 μὴ
2140 417 2349 485 γένοιτό
2393 434 2545 480 τινας
2593 415 2864 478 τοιούτους
2914 410 3051 469 εἶναι
3105 415 3234 486 παρ’
3264 417 3397 486 ἡμῖν
3414 425 3455 478 ⁸,
3483 413 3597 469 ἀλλ’

308 501 508 570 ἀγάπη
539 501 610 552 οὐ
645 498 936 567 λογίζεται
967 499 1034 552 τὸ
1066 501 1256 552 κακόν
1278 502 1296 568 )
1322 517 1334 529 ’
1372 499 1484 568 ἐγὼ
1532 500 1736 571 σφόδρα
1768 503 1899 570 ἐρα-

311 587 441 655 στής
469 585 586 652 εἰμι
620 584 719 652 τῆς
748 582 1022 646 πολιτείας
1055 583 1279 651 ταύτης,
1310 583 1406 636 καὶ
1430 584 1551 638 ούδέ
1581 583 1900 652 λογίσασθαί
2007 583 2225 652 Πατέρα
2254 587 2285 652 ἡ
2297 583 2412 654 μῶν
2440 585 2530 636 τὸν
2563 585 2622 636 ἐν
2655 585 2766 644 τοῖς
2787 585 3053 652 οὐρανοῖς,
3084 583 3179 636 καὶ
3211 584 3308 652 τῆς
3343 585 3470 654 παρ’
3497 584 3597 636 αύ-

310 687 361 720 τι
389 667 625 738 δύναμαι
658 668 880 721 ἄτοπον.
907 667 1032 728 Πῶς
1065 669 1192 729 τοὺς
1219 667 1326 733 ἔξω
1360 669 1656 740 πείσομεν;
1684 669 1766 722 δεῖ
1792 669 1901 740 γὰρ
2003 669 2098 719 τοῦ
2126 667 2284 738 δόξης
2313 671 2458 740 ἡμᾶς
2486 667 2790 721 ἀπολαῦσαι
2810 684 2824 697 ο
2860 663 2929 738 ἦς
2959 666 3168 734 γένοιτο
3208 667 3416 728 πάντας
3449 668 3600 738 ἡμᾶς

310 753 579 806 κάκείνων
631 750 901 804 ποιεῖσθαι
945 751 1222 822 πρόνοιαν.
1253 750 1409 804 Οῦτω
1445 752 1626 806 τοίνυν
1664 753 1734 806 τὰ
1775 751 1899 805 καθ’
2005 753 2302 822 ἐπιτυχεῖν,
2339 753 2522 824 χάριτι
2558 754 2652 805 καὶ
2682 751 3066 821 φιλανθρωπία
3084 751 3176 804 τοῦ
3208 751 3414 824 Κυρίου
3440 750 3598 821 ἡμῶν

310 836 535 898 ἑαυτοὺς
565 834 957 905 οίκονομῶμεν,
995 835 1082 887 ἴνα
1112 834 1248 905 μηδὲ
1276 835 1388 888 τῶν
1427 836 1673 889 ἀπίστων
1699 853 1781 900 τις
1806 836 1905 906 ἐχῃ
2026 835 2199 904 Ἰησοῦ
2226 837 2486 905 Χριστοῦ,
2517 836 2584 888 δι’
2611 831 2672 889 οῦ
2697 836 2790 890 καὶ
2833 835 2953 904 μεθ’
2983 828 3043 888 οὗ
3075 834 3151 904 τῷ
3190 837 3363 907 Πατρὶ
3389 838 3422 906 ἡ
3447 835 3595 900 δόξα,

310 920 431 974 καθ’
459 921 492 990 ἡ
503 919 619 989 μῶν
658 897 870 972 δικαίαν
904 897 1084 990 εύρεῖν
1112 897 1303 988 λαϐήν.
1339 918 1549 990 Ὥσπερ
1575 920 1684 990 γάρ
1710 897 1774 971 οἱ*
2013 897 2130 988 ἆμά
2156 918 2232 989 τῷ
2268 897 2406 989 άγίῳ
2433 917 2732 990 Πνεύματι,
2755 897 2844 983 είς-
2856 921 2980 982 τοὺς
3003 897 3205 983 αἰῶνας
3235 897 3341 974 τῶν
3362 897 3593 974 αίώνων.
3631 897 3655 962 ν’

309 1002 468 1074 ὀρθὸν
516 1001 948 1074 ἐπιδεικνύμενοι
981 1001 1263 1069 δοξάζουσι
1303 1002 1393 1056 τὸν
1426 1003 1582 1068 Θεὸν,
1630 1002 1803 1066 οὕτως
1854 1003 1905 1054 οἱ
2027 1003 2217 1074 Ἀμήν.

308 1087 400 1141 τὸν
424 1087 687 1151 ἐναντίον,
708 1085 1168 1158 βλασφημηθῆναι
1193 1085 1724 1158 παρασκευάζουσιν.
1743 1083 1905 1138 Ἀλλά
2075 1107 2102 1135 a
2134 1095 2308 1144 more].
2334 1096 2444 1158 παρ’
2466 1097 2623 1157 ἡμῶν,

1799 1207 1818 1212 ο
1827 1205 2018 1213 .__.___
2170 1206 2284 1213 ._.—..
2289 1203 2545 1214 ..κὴ-’.-

1747 1252 1992 1307 ΟΜΙΛΙΑ
2027 1251 2162 1306 NH'.

2005 499 2147 552 οὕτω
2189 500 2401 570 λάμψαι
2447 502 2515 552 τά
2568 499 2704 570 ἔργα
2732 499 2910 570 ἡμῶν,
2947 497 3088 551 ὥστε
3139 499 3465 570 δοξασθῆναι
3507 502 3600 553 τὸν
3689 553 3694 560 _

314 1353 574 1422 Λέγουσι
602 1349 682 1416 τῷ
710 1353 921 1422 τυφλῷ
954 1354 1162 1408 πάλιν·
1199 1350 1283 1404 Σὺ
1315 1349 1373 1404 τί
1399 1349 1596 1418 λέγεις
1633 1348 1766 1422 ,περί
1793 1348 1903 1402 αὐ-

380 1419 506 1488 τοῦ,
531 1423 617 1476 ὅτι
635 1419 842 1492 ἦνοιξέ
859 1419 976 1481 σου
993 1425 1136 1490 τοὺς
1155 1422 1534 1490 ὀφθαλμούς
1561 1421 1612 1473 Ὀ
1626 1419 1693 1472 δὲ
1711 1420 1900 1492 εἶπεν,

383 1487 866 1621 ἶῗτιδπροφήτης
904 1487 1256 1550 ἐστίνίοῦκ
1289 1487 1667 1546 ἐπίστευσαν
1699 1487 1815 1546 οὖν
1847 1492 1904 1544 οἱ

434 1585 506 1621 ου
547 1584 686 1620 atat.

384 1658 449 1705 a'.
481 1651 587 1713 Τὰς
622 1647 843 1720 Γραφάς
870 1649 969 1719 ούχ
1000 1645 1184 1709 ἀπλῶς
1207 1645 1329 1700 οὐδὲ
1363 1645 1657 1718 παρέργως
1690 1644 1902 1698 ἐπιέναι

311 1738 438 1809 χρὴ,
469 1734 603 1788 ἀλλά
642 1733 779 1804 μετά
807 1732 1093 1803 ἀκριϐείας
1131 1729 1366 1800 ἀπάσης.
1407 1728 1549 1782 ὥστε
1587 1729 1661 1800 μὴ
1693 1745 1904 1798 συμπο⁴

312 1821 574 1887 δίζεσθαι.
620 1819 728 1871 Kal
775 1814 882 1888 7&9
915 1817 1008 1870 καὶ
1050 1815 1145 1870 νῦν
1193 1814 1420 1877 εἰκότως
1465 1812 1532 1866 ἀν
1560 1829 1643 1875 τις
1670 1811 1904 1866 ἐνταῦθα

310 1906 686 1976 διαπορήσειε,
709 1901 825 1964 πῶς
849 1901 1112 1964 εἰπόντες,
1151 1895 1341 1966 Οὗτος
1362 1900 1474 1953 οὐκ
1499 1897 1674 1951 ἔστιν
1696 1897 1765 1950 ἐκ
1793 1896 1902 1951 τοῦ

313 1991 483 2052 Θεοῦ,
521 1989 607 2040 ὅτι
643 1986 707 2040 τὸ
745 1985 1046 2039 σάϐϐατον
1078 1986 1149 2038 οὐ
1190 1983 1374 2051 τηρεῖ.
1419 1981 1668 2050 λέγουσιν
1715 1979 1898 2050 αὐτῷ’

313 2076 395 2128 Σὺ
431 2075 487 2126 τί
527 2071 723 2141 λέγεις
769 2068 902 2137 περὶ
942 2068 1149 2132 αὑτοῦ,
1199 2067 1289 2120 ὅτι
1343 2064 1552 2135 ἤνοιξέ
1598 2080 1715 2120 σου
1760 2065 1904 2130 τοὺς

311 2157 694 2228 ὀφθαλμούς
721 2154 829 2206 Kal
857 2155 956 2206 οὐκ
978 2148 1150 2214 εἷπον,
1177 2151 1249 2205 Σὺ
1273 2149 1325 2202 τί
1349 2149 1526 2218 λέγεις
1559 2149 1689 2220 περὶ
1712 2147 1899 2212 αὐτοῦ,

311 2245 394 2297 ὅτι
443 2239 717 2311 παρέλυσε
766 2235 828 2289 rb
871 2235 1174 2300 σάϐϐατον;
1223 2234 1357 2287 ἀλλὰ
1387 2234 1448 2286 rb
1472 2233 1573 2302 τῆς
1606 2231 1904 2301 ἀπολογίας

311 2327 407 2381 νῦν
438 2328 559 2380 ἀντὶ
584 2326 682 2393 τῆς
705 2319 1040 2391 κατηγορίας
1059 2319 1291 2373 τιθέασι.
1310 2319 1376 2372 Τί
1397 2313 1490 2371 οὖν
1516 2317 1662 2371 ἐστιν
1691 2319 1900 2383 είπεῖνς

311 2412 429 2465 Οὐκ
461 2409 600 2462 εἰσὶν
631 2407 783 2459 αὐτοὶ
827 2405 877 2457 οἱ
925 2403 1196 2471 λέγοντες,
1234 2397 1424 2468 Οὗτος
1463 2403 1575 2454 οὐκ
1621 2400 1795 2455 ἐστιν
1834 2401 1904 2454 ἐκ

309 2493 419 2547 τοῦ
453 2491 635 2546 Θεοῦ’
674 2489 786 2542 ἁλλ’
818 2489 868 2540 οι
912 2486 1220 2557 σχισθέντες
1269 2484 1419 2558 [557]
1466 2485 1561 2538 ἀπ’
1586 2484 1767 2538 αὐτῶν
1788 2500 1804 2515 ο
1853 2484 1902 2538 οἳ

313 2576 409 2630 καὶ
460 2571 613 2628 εἷπον
641 2585 666 2614 α
693 2613 707 2636 ,
743 2573 1087 2640 Ἀνθρωπος
1141 2567 1490 2638 ἁμαρτωλὸς
1521 2570 1594 2622 οὺ
1651 2567 1902 2622 δύναται

312 2659 558 2715 τοιαῦτα
588 2655 805 2725 σημεῖα
829 2654 1042 2708 ποιεῖν.
1073 2652 1396 2722 Βουλόμενοι
1420 2651 1528 2722 7&9
1560 2651 1759 2714 αὐτοὺς
1777 2653 1900 2704 ἐπι-

314 2743 571 2814 στομίσαι
601 2741 782 2802 πλέον,
812 2739 900 2792 ἵνα
941 2737 1015 2809 μὴ
1042 2735 1267 2803 δόξωσιν
1293 2734 1448 2787 αὐτοὶ
1480 2737 1801 2805 συνηγορεῖν
1824 2733 1902 2806 τῷ

313 2825 556 2896 Χριστῷ,
586 2824 677 2877 rbv
715 2823 946 2876 λαϐόντα
972 2821 1069 2892 τῆς
1095 2818 1378 2889 δυνάμεως
1404 2817 1568 2871 αὑτοῦ
1598 2820 1795 2889 πεῖραν
1821 2819 1904 2882 είς

317 2912 479 2981 μέσον
504 2911 696 2976 ἄγουσι
723 2907 815 2960 καὶ
856 2904 1304 2976 ἐρωτῶσιν.“ορα
1331 2903 1512 2957 τοίνυν
1541 2902 1635 2956 τοῦ
1667 2903 1902 2974 πένητος

313 2994 412 3066 τὴν
439 2993 652 3063 σοφίαν.
669 2991 949 3045 Ἀπάντων
977 2988 1085 3060 7&9
1111 2985 1315 3040 τούτων
1338 2986 1721 3059 συνετωτέρως
1741 2987 1904 3056 φθέγ-

313 3074 490 3146 γεται.
524 3078 632 3129 Kal
661 3074 876 3148 πρῶτον
923 3073 1021 3143 μέν
1052 3087 1236 3142 φησιν,
1270 3071 1352 3123 ὅτι
1378 3069 1699 3140 Προφήτης
1745 3069 1899 3136 ἐστὶ,

315 3163 410 3216 καὶ
441 3162 502 3215 ού
533 3158 872 3228 κατέπτηξεν
911 3156 1090 3210 αὐτῶν
1134 3154 1241 3208 τῶν
1272 3155 1719 3226 διεστραμμένων
1766 3156 1901 3208 Ἰου-

315 3247 482 3300 δαίων
508 3246 606 3314 τὴν
633 3242 836 3315 κρίσιν,
861 3239 969 3293 τῶν
999 3238 1388 3308 ἀντιλεγόντων
1408 3238 1455 3302 δ,
1489 3239 1586 3291 καὶ
1610 3238 1896 3307 λεγόντων·

315 3327 448 3395 Πῶς
477 3328 726 3382 δύναται
760 3320 940 3391 οὗτος
969 3320 1121 3378 εἶναι
1139 3323 1299 3391 παρὰ
1328 3323 1434 3377 τοῦ
1459 3323 1630 3385 Θεοῦ,
1660 3325 1726 3377 τὸ
1756 3323 1903 3377 σάϐ-

316 3417 500 3469 ϐατον
537 3415 607 3467 οὐ
637 3409 864 3478 τηρῶν;
911 3407 1025 3462 ἀλλ’
1053 3407 1262 3475 ἔλεγεν,
1293 3407 1374 3460 ὅτι
1401 3405 1717 3475 Προφήτης
1744 3407 1900 3462 ἐστί.

316 3501 424 3554 Καὶ
457 3501 568 3552 οὐκ
593 3497 965 3550 ἐπίστευσαν
1010 3493 1099 3546 ὅτι
1135 3492 1368 3561 τυφλὸς
1405 3488 1486 3562 ἦν
1528 3492 1628 3545 καὶ
1661 3491 1904 3546 ἀνέϐλε-

316 3588 457 3653 ψεν,
497 3583 606 3647 ἕως
653 3581 724 3635 οὗ
773 3579 1095 3648 ἐφώνησαν
1128 3576 1271 3642 τοὺς
1310 3575 1507 3645 γονεῖς
1554 3575 1762 3633 αὑτοῦ.
1791 3575 1904 3629 Καὶ

321 3669 513 3720 σκόπει
544 3667 730 3727 πόσοις
764 3664 986 3734 τρόποις
1015 3659 1351 3732 ἐπιχειροῦσι
1378 3661 1438 3712 rb
1466 3659 1652 3730 θαῦμα
1679 3659 1907 3714 συσκιά-

320 3773 410 3806 σαι
433 3754 528 3804 καὶ
558 3751 785 3804 ἀνελεῖν.
805 3747 943 3800 Ἀλλ’
983 3746 1122 3818 αὐτὴ
1151 3745 1250 3815 τῆς
1277 3744 1534 3815 ἀληθείας
1567 3745 1600 3815 ἡ
1632 3743 1813 3814 φύσις,
1835 3745 1902 3798 δι’

317 3833 394 3892 ὧν
440 3838 586 3890 δοκεῖ
633 3833 784 3906 παρά
826 3832 934 3886 τῶν
984 3831 1285 3902 ἀνθρώπων
1315 3828 1778 3895 ἐπιϐουλεύεσθαι,
1818 3828 1903 3880 διὰ

313 3925 521 3978 τούτων
575 3919 897 3990 ἰσχυροτέρα
939 3917 1176 3986 γίνεται’
1222 3913 1310 3968 διὰ
1343 3912 1547 3966 τούτων
1582 3912 1808 3983 λάμπει,
1836 3911 1902 3964 δι’

316 4004 392 4064 ὧν
424 4006 796 4068 συσκιάζεται.
842 4003 904 4056 Εἰ
932 4001 1042 4071 γὰρ
1074 4000 1150 4070 μὴ
1189 3998 1363 4051 ταῦτα
1395 3997 1631 4066 ἐγένετο,
1667 3996 1768 4048 κᾶν
1798 3996 1902 4047 ύπ-

314 4091 574 4161 ωπτεύθη
611 4089 762 4161 παρὰ
811 4090 923 4148 τοῖς
965 4085 1180 4146 πολλοῖς
1229 4083 1289 4135 rb
1329 4081 1548 4150 θαῦμα’
1601 4080 1716 4132 νυνὶ
1745 4079 1799 4132 δὲ
1828 4079 1904 4144 ώς

317 4172 710 4239 σπουδάζοντες
747 4170 1032 4241 γυμνῶσαι
1062 4167 1159 4238 τὴν
1182 4167 1462 4236 ἀλήθειαν.
1484 4163 1656 4225 οὕτως
1692 4163 1904 4216 ἅπαντα

314 4262 639 4332 πράττουσι,
672 4257 765 4310 καὶ
805 4255 904 4307 οὐκ
933 4253 999 4306 ἂν
1028 4252 1227 4322 ἑτέρως
1274 4247 1557 4317 ἐποίησαν,
1598 4247 1651 4332 εί
1674 4263 1735 4314 γε
1763 4246 1903 4332 ὑπὲρ

311 4329 410 4400 τοῦ
432 4341 669 4415 Χριστοῦ
702 4341 879 4394 πάντα
903 4337 1137 4388 ἐποίουν.
1159 4334 1268 4386 Kal
1293 4332 1401 4400 7&9
1427 4331 1791 4402 ἐπεχείρησαν
1814 4329 1901 4383 διά

311 4411 506 4482 τούτου
537 4425 631 4478 τοῦ
660 4430 862 4494 τρόπου
890 4418 1216 4473 καταϐαλεῖν
1244 4415 1427 4477 αὑτὸν,
1463 4414 1732 4482 λέγοντες,
1769 4411 1902 4478 Πῶς

313 4511 542 4576 ἀνέῳξέ
570 4527 686 4564 σου
716 4506 858 4572 τοὺς
886 4502 1263 4572 ὀφθαλμούς
1296 4498 1561 4558 τουτέστι,
1587 4498 1658 4568 μὴ
1681 4497 1903 4568 γοητείᾳ

311 4598 459 4659 τινες
493 4596 600 4648 Kal
627 4593 735 4662 7&9
774 4587 1007 4659 ἀλλαχοῦ
1045 4585 1209 4656 μηδὲν
1238 4584 1452 4654 ἔχοντες
1479 4581 1803 4650 ἐπισκῆψαι,
1823 4579 1901 4648 τῷ

311 4682 504 4753 τρόπῳ
541 4682 642 4749 τῆς
670 4674 963 4748 θεραπείας
1002 4669 1330 4742 ἐπηρεάζειν
1358 4665 1693 4753 ἐπιχειροῦσι
1716 4663 1903 4753 λέγον·-

312 4747 407 4828 τες
428 4747 608 4818 "bin?
627 4747 904 4815 ἐκϐάλλει
949 4757 1021 4810 τὰ
1048 4755 1342 4824 δαιμόνια,
1371 4751 1526 4822 εἰμὴ
1557 4751 1628 4803 ἐν
1661 4747 1899 4809 Βεελζε-

315 4851 534 4903 ϐοὐλυ.
583 4847 692 4900 Kal
742 4841 978 4898 ἐνταῦθα
1031 4841 1213 4899 πάλιν,
1254 4838 1406 4891 ούδέν
1458 4835 1670 4907 ἔχοντες
1704 4835 1896 4894 εἰπεῖν,

313 4934 408 4986 ἐπὶ
441 4932 532 4986 τὸν
563 4929 750 5001 καιρὸν
783 4925 1184 4995 καταφεύγουσι
1227 4923 1495 4991 λέγοντες,
1525 4921 1608 4973 ὅτι
1654 4921 1794 4973 Λύει
1833 4919 1899 4972 τὸ

313 5017 638 5072 σάϐϐατον·
664 5016 759 5068 καὶ
775 5013 958 5074 πάλιν,
975 5012 1056 5063 ὅτι
1088 5006 1458 5077 Ἀμιιρτωλός
1480 5005 1631 5057 ἐστι.
1653 5003 1762 5055 Kal
1791 5003 1898 5072 μὴν

313 5098 688 5172 φθονοῦνταςά
735 5098 878 5167 ὑμᾶς
911 5095 1004 5147 καὶ
1051 5093 1300 5162 ἑτοίμους
1341 5091 1501 5151 ὄντας
1544 5085 1898 5140 ἐπιλαϐέσθαι

312 5170 424 5240 τῶν
446 5183 594 5252 αύτῷ
621 5180 1050 5253 πεπραγμένων,
1077 5177 1208 5248 μετά
1233 5175 1414 5244 πάσης
1441 5171 1727 5244 ἠρώτησεν
1749 5170 1902 5240 ἀκρι-

313 5271 490 5333 ϐείας,
521 5269 716 5336 λέγων,
753 5267 847 5331 Τίς
869 5264 937 5327 ἐξ
956 5260 1122 5329 ὑμῶν
1148 5259 1380 5328 ἐλέγχει
1421 5275 1498 5325 με
1534 5255 1664 5323 περὶ
1711 5257 1900 5323 ἁμαρ-

308 5355 482 5419 flag;
509 5353 622 5405 Kal
664 5350 838 5412 οὐδεὶς
875 5346 1198 5416 ἐφθέγξατο,
1231 5343 1351 5396 οὐδὲ
1373 5337 1547 5407 εἶπεν,
1576 5341 1656 5393 ὅτι
1682 5351 1705 5378 θ
1736 5343 1896 5393 Βλα-

378 5467 404 5495 ⁸
438 5465 794 5525 Manuscriptus
827 5460 996 5525 savllii
1025 5457 1321 5525 Orlenlalis,
1365 5468 1515 5517 quem
1549 5454 1630 5525 ad.~
1661 5453 1785 5525 hgpc
1809 5466 1891 5501 so-

309 5528 412 5603 lqm
437 5515 693 5610 hul‘nili‘am‘
730 5524 958 5598 contulit,
1009 5524 1052 5569 οἱ
1072 5515 1424 5610 εἰπὸχῖεςέηρξΔ
1448 5529 1574 5610 122.3:
1576 5515 1890 5610 4,[ἐιουλὶόμιί.εγρῆ›ς

307 5592 376 5652 γά
450 5589 560 5644 τοὺς
605 5586 999 5648 διεστραμμένους
1036 5585 1129 5629 τῶν
1184 5579 1424 5627 Ἰουδαίων
1465 5579 1662 5626 ἐπιστ...
1704 5579 1780 5624 ἵνα
1823 5579 1886 5638 μὴ

309 5605 513 5715 δόξωσιν
533 5652 576 5697 οἱ
597 5649 862 5715 σχισθέντες
881 5645 962 5692 ἀπ’
996 5642 1345 5715 αύτῶνε.Ρεμιο
1385 5648 1496 5715 p’ns‘t
1523 5653 1611 5715 Pro
1645 5640 1890 5715 φθέγγεται

307 5701 405 5762 ῐηέ.
427 5701 973 5770 Οτὶριιίίᾶποκρίνετᾳι.
1032 5706 1057 5744 δ
1095 5704 1277 5770 ᾼΙὶΙ--ού
1309 5701 1594 5770 κατέπληξεν
1614 5701 1755 5770 αύτρν
1857 5703 1886 5758 ἡ

307 5775 569 5848 κρίσιςτῶν
580 5773 684 5820 ἀντ.
751 5762 878 5818 °Ms.
893 5768 1064 5818 Orienl
1087 5764 1236 5815 Savil.
1254 5766 1301 5812 έν
1319 5765 1426 5814 Bas)
1436 5763 1598 5818 ζεϐοὺλ
1617 5765 1684 5822 τῷ
1695 5762 1887 5832 ἄρχοντι

306 5853 408 5884 των
441 5833 733 5889 δαιμονίων..
799 5831 826 5870 d
848 5831 1021 5887 Savil.,
1045 5829 1128 5889 qui
1149 5833 1349 5875 secutus
1373 5831 1450 5889 es;
1473 5828 1887 5889 veler_em-mler-

307 5853 408 5884 των
441 5851 733 5894 οαιμονιων..
799 5851 826 5870 υ
848 5851 1021 5887 omum,
1045 5851 1128 5889 qun
1149 5851 1349 5875 summa
1373 5851 1450 5874 ῠδι
1478 5851 1696 5873 uacuum
1733 5851 1887 5871 unm—

307 5903 526 5959 pnelgm,
546 5893 978 5959 bovévrag._lgmr.
1024 5903 1072 5959 λθ
1105 5891 1155 5959 l_n
1179 5889 1290 5959 μιῆς
1320 5888 1393 5935 ὅτι
1415 5887 1577 5959 (ἱερεῖ.
1597 5884 1755 5959 Paulo
1778 5894 1887 5959 99st

306 5947 402 6008 lus.
423 5947 616 6020 Οςὶὲὴι.
638 5947 839 6020 προτοῦ
871 5953 1084 6016 Ἀϐραὰμ
1107 5952 1199 6012 ἐγώ
1232 5950 1386 6012 εἰμι...
1407 5949 1488 5997 καὶ
1508 5947 1714 6003 εἰπόντες
1742 5947 1884 5994 πάλιν

309 6022 390 6070 ἐπὶ
407 6018 494 6070 τοῦ
505 6018 700 6081 τυφλοῦ,
724 6019 815 6069 ὅτι,

2006 1347 2285 1417 σφημεῖς,
2321 1349 2704 1419 ἀναμάρτητον
2746 1347 2919 1417 λέγων
2953 1351 3198 1404 σεαυτόν.
3233 1349 3426 1404 Καίτοι
3453 1365 3515 1417 γε
3548 1350 3596 1404 εί

2005 1429 2148 1504 εἶχον
2175 1436 2368 1499 εἰπεῖν,
2393 1435 2493 1486 οὐκ
2525 1433 2591 1486 ἂν
2618 1432 2899 1502 ἐσίγησαν.
2927 1434 2990 1486 Οἱ
3013 1433 3122 1505 γὰρ
3143 1434 3230 1487 διὰ
3260 1434 3317 1486 τὸ
3342 1433 3593 1497 ἀκοῦσαι,

2004 1519 2085 1572 ὅτι
2121 1519 2226 1590 πρὸ
2253 1518 2348 1571 τοῦ
2383 1518 2633 1588 Ἀϐραάμ
2661 1519 2797 1580 ἐστι,
2833 1516 3150 1581 λιθάσαντες
3186 1517 3349 1572 αὐτὸν
3375 1517 3470 1570 καὶ
3519 1518 3597 1568 εἰ-

2005 1602 2198 1665 πόντες
2229 1603 2310 1656 ὅτι
2341 1602 2440 1654 οὐκ
2468 1601 2615 1654 ἔστιν
2642 1603 2706 1654 ἐκ
2731 1601 2824 1654 τοῦ
2851 1600 3010 1667 Θεοῦ,
3037 1603 3132 1655 καὶ
3160 1603 3384 1665 ἑαυτοὺς
3413 1601 3511 1671 μὲν
3531 1603 3596 1654 ἐκ

2004 1685 2097 1740 τοῦ
2127 1685 2262 1739 Θεοῦ
2289 1686 2583 1757 αὐχοῦντες
2613 1683 2772 1751 εἶναι,
2811 1686 3166 1758 ἀνδροφόνους
3197 1686 3378 1751 ὄντας,
3409 1687 3498 1740 τὸν
3537 1687 3594 1738 δὲ

2003 1771 2228 1826 τοιαῦτα
2268 1773 2471 1842 σημεῖα
2505 1771 2833 1842 πράττοντα,
2861 1772 3047 1843 ἐπειδὴ
3076 1772 3462 1842 ἐθεράπευσεν,
3494 1773 3594 1824 οὐκ

2008 1854 2148 1912 εῖναι
2177 1859 2241 1912 ἐκ
2273 1857 2367 1910 τοῦ
2399 1856 2533 1911 Θεοῦ
2563 1856 2651 1910 διά
2679 1857 2741 1909 τὸ
2786 1857 2860 1928 μὴ
2897 1858 3083 1928 τηρεῖν
3113 1857 3172 1910 rb
3201 1856 3469 1910 σάϐϐατον
3509 1857 3597 1909 λέ-

2003 1960 2221 2013 γοντες·
2272 1943 2322 1996 εί
2373 1941 2568 1996 σκιάνί
2619 1941 2750 2010 γοῦν
2794 1937 2938 2011 εἶχον
2982 1941 3347 2010 ἐγκλήματος,
3392 1939 3493 1992 οὐκ
3529 1939 3596 1992 ἂν

2005 2033 2378 2104 παρέδραμον.
2396 2033 2458 2084 El
2478 2031 2535 2084 δὲ
2563 2031 2652 2084 διὰ
2675 2029 2832 2084 τοῦτο
2852 2029 3173 2100 ἁμαρτωλὸν
3196 2027 3438 2090 καλοῦσι,
3461 2027 3594 2080 διότι

2003 2117 2064 2170 τὸ
2082 2117 2350 2171 σάϐϐατον
2376 2115 2552 2170 ἐδόκει
2572 2115 2744 2181 λύειν,
2768 2114 3038 2168 καὶτοῦτο
3056 2114 3222 2167 ἐωλον
3246 2113 3416 2184 ἐφάνη
3437 2115 3497 2164 rb
3513 2113 3596 2180 ἐγ-

2004 2199 2105 2270 κλη
2115 2217 2212 2270 μα,
2228 2199 2336 2254 τῶν
2356 2199 2472 2270 μετ’
2489 2199 2668 2252 αὐτῶν
2682 2199 3056 2269 τεταγμένων,
3068 2196 3383 2269 ψυχρότητα
3395 2195 3596 2266 πολλὴν

2005 2284 2099 2338 καί
2128 2281 2492 2354 μικροψυχίαν
2513 2286 2538 2323 ε
2567 2284 2947 2350 καταγνόντων
2973 2282 3170 2337 αὐτῶν.
3202 2281 3470 2335 Πάντοθεν
3487 2282 3597 2334 τοί-

2003 2386 2099 2422 νυν
2125 2367 2602 2437 συμποδισθέντες,
2623 2369 2710 2436 ἐφ’
2737 2367 2925 2438 ἕτερον
2958 2366 3205 2436 ἔρχονται
3225 2365 3408 2418 λοιπὸν
3442 2365 3597 2418 ἀναι-

2007 2453 2358 2522 σχυντότερον
2395 2452 2490 2504 καὶ
2543 2450 2896 2522 ἰταμώτερον.
2947 2451 3102 2502 Ποῖον
3144 2449 3207 2519 δὴ
3247 2448 3437 2514 τοῦτο;
3472 2450 3592 2501 Οὐκ

2005 2536 2400 2598 ἐπίστευσαν,
2438 2535 2624 2606 φησὶν,
2652 2533 2742 2587 ὅτι
2766 2531 2846 2604 ἦν
2879 2534 3108 2602 τυφλὸς
3131 2532 3229 2586 καὶ
3271 2532 3592 2600 ἀνέϐλεψε.

2079 2618 2201 2674 Πῶς
2241 2614 2333 2671 οῦν
2375 2617 2704 2673 ἐνεκάλεσαν
2731 2617 2814 2670 ὅτι
2844 2618 2904 2670 τὸ
2943 2617 3212 2670 σάϐϐατον
3237 2616 3297 2669 ού
3338 2617 3528 2686 τηρεῖ,
3558 2613 3593 2685 ἢ

2002 2702 2242 2773 δηλονότι
2274 2700 2349 2765 ὡς
2376 2702 2808 2769 πιστεύσαντεςς
2850 2701 2968 2764 πῶς
3001 2701 3058 2754 δέ
3089 2701 3150 2752 ού
3177 2700 3494 2770 προσείχετε
3515 2699 3594 2770 τῷ

2003 2785 2184 2856 πολλῷ
2223 2784 2374 2856 kaq);
2415 2788 2526 2848 τοῖς
2553 2785 2756 2854 γείτοσι
2808 2787 2920 2847 τοῖς
2956 2784 3150 2836 εἰδόσιν
3185 2784 3376 2848 αύτόν;
3438 2783 3583 2836 Ἀλλ’

2001 2869 2140 2940 ὅπερ
2166 2868 2322 2939 ἔφην,
2353 2868 2628 2938 πανταχοῦ
2655 2866 2804 2939 [558]
2835 2867 2896 2920 rb
2912 2867 3105 2936 ψεῦδος
3124 2867 3302 2936 ἐαυτῷ
3323 2867 3421 2936 μὲν
3446 2883 3596 2937 περι-

2004 2955 2214 3017 πίπτει,
2244 2951 2311 3005 δι¹
2357 2945 2431 3005 ὧν
2471 2950 2801 3023 ἐπηρεάζειν
2832 2955 2898 3022 τῇ
2934 2951 3162 3022 ἀληθείᾳ
3187 2950 3355 3013 δοκεῖ,
3397 2950 3496 3020 τὴν
3537 2949 3594 3002 δὲ

2002 3031 2264 3108 ἀλήθειαν
2293 3035 2681 3106 λαμπροτέραν
2705 3035 2958 3106 ἐμφαίνει
2982 3036 3035 3098 h,
3065 3034 3093 3086 ὃ
3119 3035 3182 3104 δὴ
3200 3034 3295 3086 καὶ
3319 3033 3414 3086 νῦν
3434 3033 3595 3102 γέγο-

2002 3139 2112 3176 νεν.
2145 3123 2261 3175 Ἵνα
2295 3121 2403 3192 γάρ
2436 3123 2509 3193 μή
2545 3138 2631 3185 τις
2673 3120 2842 3191 λέγοι,
2874 3121 2956 3174 ὅτι
2987 3119 3138 3173 οὐδὲν
3182 3118 3410 3191 ἀκριϐὲς
3438 3113 3594 3171 εἶπον

2002 3208 2053 3260 οἱ
2092 3205 2332 3275 γείτονες
2383 3205 2478 3258 καὶ
2533 3206 2581 3257 οί
2631 3203 2964 3275 θεωροῦντες
3018 3202 3221 3267 αὑτὸν,
3271 3201 3409 3256 ἀλλὰ
3448 3219 3595 3273 παρα

2002 3288 2296 3360 ωμοίαζον,
2313 3289 2537 3357 ἄγουσιν
2553 3290 2632 3348 είς
2648 3289 2811 3358 μέσον
2830 3287 2958 3349 τοὺς
2978 3289 3173 3355 γονεῖς,
3188 3287 3254 3339 δι’
3275 3279 3350 3340 ὧν
3375 3286 3594 3339 ἐποίουν

2003 3374 2227 3437 ἄκοντες
2261 3373 2320 3426 rb
2344 3373 2710 3443 γεγενημένον
2735 3372 2932 3443 ἀληθὲς
2961 3371 3285 3435 δεικνύντες.
3324 3372 3434 3426 Kal
3479 3371 3592 3444 γὰρ

2003 3456 2150 3514 οῦτοι
2181 3461 2194 3500 ί
2239 3458 2477 3530 μάλιστα
2507 3459 2724 3512 πάντων
2755 3458 2814 3510 rb
2839 3457 3027 3510 τέκνον
3049 3457 3348 3526 ἠπίσταντο
3378 3457 3436 3509 rb
3462 3459 3588 3511 ἐαυ-

2002 3544 2132 3598 τῶν.
2178 3543 2396 3614 Ἐπειδὴ
2423 3542 2528 3612 7&9
2553 3541 2716 3594 αὑτὸν
2744 3539 3190 3610 καταπλήξασθαι
3219 3540 3319 3593 οὐκ
3341 3542 3589 3610 ἴσχυσαν,

2004 3629 2117 3681 ἀλλ’
2162 3628 2349 3699 ἐώρων
2383 3626 2523 3698 μετά
2567 3625 2749 3695 πάσης
2796 3625 3112 3696 παρρησίας
3151 3623 3242 3676 τὸν
3294 3623 3592 3695 εὐεργέτην

2004 3713 2360 3784 κηρύττοντά,
2397 3710 2505 3764 ἀπὸ
2531 3709 2640 3762 τῶν
2665 3709 2868 3777 γονέων
2895 3707 3235 3778 προσεδόκων
3260 3707 3588 3778 τιτρώσκειν

2004 3797 2066 3850 rb
2101 3795 2304 3865 θαῦμα.
2351 3793 2455 3847 Kal
2485 3795 2587 3863 ὅρα
2623 3794 2722 3864 τῆς
2763 3791 3087 3864 ἐρωτήσεως
3122 3790 3221 3860 τὴν
3265 3790 3484 3844 κακίαν.
3523 3791 3590 3844 Τί

2005 3881 2114 3950 γάρ
2147 3895 2310 3950 φησιν
2334 3895 2348 3942 ;
2381 3879 2684 3948 Στήσαντες
2711 3877 2910 3940 αὐτοὺς
2941 3876 3020 3936 εἰς
3047 3874 3108 3927 rb
3134 3874 3320 3945 μέσον,
3345 3873 3485 3928 ὥστε
3510 3877 3589 3939 είς

2005 3963 2243 4030 ἀγωνίαν
2265 3961 2543 4031 ἐμϐαλεῖν,
2580 3959 2719 4032 μετὰ
2743 3959 2946 4029 πολλῆς
2972 3959 3073 4029 τῆς
3102 3957 3458 4028 σφοδρότητος
3495 3959 3590 4010 καὶ

2003 4047 2096 4101 τοῦ
2124 4046 2294 4116 θυμοῦ
2326 4047 2662 4118 προσάγουσι
2694 4046 2795 4114 τὴν
2849 4042 3042 4096 πεῦσιν
3068 4059 3081 4072 ·
3117 4038 3306 4108 Οὗτός
3354 4042 3524 4096 ἐστιν
3556 4045 3591 4097 ό

2003 4132 2136 4198 υίὸς
2165 4129 2372 4200 ὐμῶν;
2416 4130 2524 4184 Καὶ
2555 4130 2655 4182 ούκ
2696 4124 2880 4188 εἶπαν,
2925 4127 2986 4182 Ὀ
3027 4127 3158 4180 ποτὲ
3187 4125 3385 4195 τυφλός
3407 4144 3420 4158 ο
3452 4125 3590 4180 ἀλλά

2005 4215 2161 4279 πῶς;
2221 4218 2330 4268 ⁸·ον
2378 4214 2547 4284 ὑμεῖς
2595 4213 2801 4282 λέγετε
2850 4210 2939 4264 ὅτι
2990 4211 3222 4279 τυφλὸς
3266 4209 3588 4279 ἐγεννήθη,

2001 4300 2202 4353 ὡσανεὶ
2234 4299 2682 4369 κακουργούντων
2713 4295 2917 4359 αὐτῶν,
2953 4296 3139 4348 καὶτὰ
3168 4294 3264 4346 τοῦ
3299 4292 3534 4363 Χριστοῦ
3563 4293 3576 4342 ι

2005 4381 2470 4452 συγκροτούντων.
2521 4375 2590 4434 Ὦ
2619 4381 2826 4450 μιαροὶ,
2862 4379 2957 4432 καὶ
3007 4377 3356 4448 παμμίαροιῐ
3391 4377 3482 4430 καὶ
3504 4377 3589 4439 τίς

2005 4468 2070 4521 ἂν
2117 4466 2292 4519 ἕλοιτο
2341 4464 2524 4535 πατὴρ
2570 4463 2795 4518 τοιαῦτα
2853 4460 3301 4532 καταψεύσασθαι
3357 4460 3586 4526 παιδός;

2003 4550 2303 4620 Μονονουχὶ
2323 4549 2430 4618 7&9
2450 4547 2720 4615 λέγουσιν,
2747 4549 2844 4598 Ὃν
2866 4548 3022 4616 ὑμεῖς
3040 4546 3328 4616 ἐποιήσατε
3353 4545 3554 4611 τυφλόν
3567 4558 3588 4578 ⁸

2001 4636 2061 4688 οὐ
2099 4636 2257 4704 μόνον
2279 4633 2357 4692 δὲ,
2381 4631 2517 4686 ἀλλά
2546 4632 2637 4684 καὶ
2667 4630 2955 4684 διεδώκατε
2973 4628 3250 4699 πανταχοῦ
3276 4628 3366 4681 τὸν
3409 4628 3586 4697 λόγον.

2002 4717 2134 4784 Πῶς
2152 4714 2267 4773 οὖν
2287 4717 2506 4781 βλέπει
2534 4715 2685 4778 νῦν;
2714 4717 2777 4767 Ὢ
2799 4716 2898 4784 τῆς
2919 4714 3102 4778 ἀνοίας
3127 4715 3138 4766 ί
3173 4713 3382 4779 Ὑμῶν,
3403 4715 3588 4783 φησὶν,

2001 4803 2118 4855 Earl
2144 4803 2203 4855 rb
2230 4800 2563 4873 σκευώρημα
2592 4801 2618 4840 ιι
2649 4801 2742 4854 καὶ
2773 4801 2805 4870 ἡ
2837 4800 3168 4868 κατασκευή.
3199 4799 3303 4851 Δύο
3335 4799 3443 4866 γάρ
3468 4797 3591 4851 τού-

1999 4904 2112 4950 τοις
2159 4887 2357 4948 αὐτοὺς
2399 4888 2478 4949 είς
2528 4886 2754 4955 ἄρνησιν
2798 4884 2952 4952 ἄγειν
3003 4883 3363 4952 ἐπιχειροῦσι,
3406 4881 3482 4952 τῷ
3526 4901 3586 4935 τε

2001 4972 2194 5030 εἰπεῖν,
2232 4971 2341 5021 Ὃν
2370 4968 2540 5036 ὑμεῖς
2564 4968 2793 5037 λέγετε,
2828 4969 2922 5020 καὶ
2964 4966 3043 5037 τῷ
3087 4969 3279 5028 εἰπεῖν,
3311 4965 3441 5032 Πῶς
3474 4962 3589 5021 οὖν

1996 5055 2217 5120 βλέπει
2249 5052 2380 5121 ἄρτι
2399 5069 2417 5115 ;
3330 5073 3333 5076 ·

2079 5139 2142 5210 β’.
2161 5139 2340 5210 Τριῶν
2353 5137 2530 5190 τοίνυν
2543 5137 2862 5207 ἐρωτήσεων
2876 5134 3202 5205 γενομένων,
3219 5135 3267 5186 εἰ
3283 5135 3396 5195 υίὸς
3407 5131 3585 5186 αὐτῶν

2003 5219 2094 5293 ἦν,
2129 5226 2176 5275 εί
2205 5222 2401 5290 τυφλὸς
2433 5216 2518 5291 ἦν,
2561 5221 2655 5273 καὶ
2696 5219 2813 5282 πῶς
2843 5219 3123 5287 ἀνέϐλεψε,
3174 5217 3271 5280 τὰς
3299 5215 3391 5270 δύο
3420 5216 3584 5286 μόνας

2006 5305 2345 5374 ὁμολογοῦσι,
2377 5304 2474 5376 τὴν
2493 5304 2549 5357 δὲ
2584 5303 2774 5373 τρίτην
2796 5303 2856 5355 οὑ
2891 5300 3261 5372 προστιθέασι.
3295 5301 3404 5352 Kal
3426 5299 3586 5352 τοῦτο

2004 5390 2062 5443 δὲ
2097 5389 2236 5461 ὑπὲρ
2277 5390 2376 5460 τῆς
2407 5388 2664 5460 ἀληθείας
2692 5387 2935 5456 γέγονεν,
2985 5385 3124 5438 ὥστε
3158 5383 3360 5454 μηδένα
3402 5382 3582 5448 ἄλλον,

2067 5510 2088 5550 ί
2111 5511 2265 5560 Idem.
2300 5510 2606 5573 ἐθεράπευσεν
2649 5509 2697 5556 ἐν
2730 5506 2972 5573 σαϐϐάτῳ
3015 5506 3093 5573 διά
3129 5505 3185 5552 τὸ
3215 5504 3504 5573 ’μη-τηρεῖν..
3528 5504 3584 5550 τὸ

1999 5574 2240 5622 σάϐϐατον
2284 5564 2495 5643 λέγοντες
2529 5571 2857 5643 ἁμαρτωλῲη
2881 5569 2921 5616 εἰ
2947 5564 3160 5643 ’σκιάν.“
3197 5567 3237 5643 .8
3279 5564 3404 5643 No'll‘
3430 5564 3583 5643 ίξητμ»-

1997 5644 2215 5696 quenter
2264 5626 2574 5702 mqhuimns'
2599 5626 2916 5702 μικροψυχίαν
2955 5629 3082 5691 apud
3124 5626 3298 5676 Patres
3347 5627 3581 5675 Ecclesia!

1995 5697 2273 5756 signiﬁcare
2304 5693 2610 5750 smzullalem,
2650 5705 2806 5742 rixas.
2825 5691 2990 5756 Paulo
3011 5695 3124 5756 pqsl
3155 5704 3252 5756 [ιι-ο
3275 5689 3437 5737 λοιπόν
3487 5702 3578 5735 ms.

1995 5752 2189 5809 Οῧίρηι.
2217 5757 2371 5818 λόγον.
2441 5756 2468 5792 ιι
2498 5757 2630 5803 Idem
2654 5755 2935 5818 ιίιττοφιπιίνει.⁸
3008 5753 3023 5792 ι
3053 5752 3191 5818 ld_er_I}
3225 5752 3435 5818 ἄκοντες,
3469 5767 3581 5818 συντ

1996 5823 2216 5888 ισ-εῶντες
2236 5813 2630 5888 τὸζγεγενημένον.
2655 5813 2857 5888 καὶγὰρ
2884 5816 3077 5888 οῦτοι-Λ
3105 5814 3124 5888 1.
3148 5814 3319 5864 Morel.
3355 5814 3435 5887 καὶ
3456 5813 3582 5859 κατά

1992 5881 2078 5930 τοῦ
2099 5876 2329 5943 Χριστοῦζ
2376 5876 2426 5918 ἰ
2450 5876 2547 5927 Alii
2570 5876 2872 5943 σκαιώρημα.
2913 5878 3021 5943 ΜΒ..
3041 5877 3233 5926 Orienl.
3271 5876 3581 5943 σκευώρημα.

1993 5946 2075 5991 Sic
2103 5938 2250 5991 etiam
2276 5954 2404 5990 unus
2425 5953 2487 5988 ex
2513 5953 2629 5988 mss.
2655 5938 2869 6002 nostris,
2917 5947 2970 5991 el
3011 5941 3116 5990 haec
3134 5951 3250 5988 vera
3289 5938 3442 5987 lecllo
3481 5946 3584 5984 εει,

1993 6003 2118 6058 Ibid.
2142 6005 2292 6066 ἄγειν,
2314 6003 2445 6053 idem
2472 6015 2559 6050 ms.
2583 6001 2782 6064 τρέπειν.
