4084 6360
344 367 443 424 517

342 479 505 536 cunt?
528 477 617 533 20.
654 477 803 545 Quod
830 478 910 531 hic
938 486 1007 531 est
1033 478 1168 544 ﬁlius
1206 486 1391 539 noster,
1436 477 1619 530 scimus
1642 519 1655 539 ,
1701 486 1747 529 et
1780 478 1913 545 quod

340 588 503 627 ctecus
537 583 686 625 natus
721 573 824 636 sit;
856 570 944 624 2f.
976 570 1223 640 quomodo
1248 582 1412 623 autem
1442 587 1573 622 nunc
1609 570 1800 633 videat,
1829 577 1913 620 aut

339 664 448 731 quis
472 664 666 733 aperuit
689 664 801 733 ejus
826 662 1016 724 oculos,
1047 678 1137 714 nos
1166 662 1431 713 nescimus.
1459 659 1579 730 Ipse
1608 669 1797 713 wtatem
1820 658 1912 709 Ita-

339 758 445 820 bet,
478 758 583 826 ipse
610 757 671 809 de
695 772 748 809 se
776 758 1025 825 loquatur.
1056 754 1182 807 Fide
1210 755 1425 821 dignum
1459 753 1602 805 illum
1639 759 1906 814 statuunt,

338 859 390 902 et
434 849 511 904 sic
539 864 597 903 se
627 856 879 902 excusant
912 865 923 897 :
956 845 1069 900 Non
1101 854 1182 899 est
1226 861 1375 914 puer,
1416 845 1688 915 inquiunt.
1735 857 1907 911 neque

336 939 545 1005 infans;
576 947 748 1008 potest
772 939 837 992 de
864 954 921 991 se
961 937 1316 991 testimonium
1354 938 1507 990 ferre.
1536 935 1623 987 2'2.
1665 934 1784 988 llaec
1809 951 1904 985 au-

335 1042 431 1085 tem
459 1032 693 1085 dixerunt
722 1040 923 1100 prapter
945 1039 1126 1081 metum
1150 1028 1181 1080 J
1189 1029 1463 1081 admorunt.
1490 1027 1619 1080 Vide
1638 1025 1904 1095 quomodo

333 1123 649 1193 evangelista
681 1122 889 1175 illormn
930 1122 1241 1175 sententiam
1273 1119 1703 1189 propositumque
1733 1136 1901 1172 enun-

331 1215 445 1268 tiet.
480 1214 601 1267 lla'c
630 1213 748 1267 dico
775 1212 843 1265 ob
868 1211 1084 1265 verbum
1123 1210 1247 1265 illud
1282 1220 1403 1265 ante
1428 1211 1626 1265 dictum
1647 1251 1662 1277 ,
1693 1210 1899 1281 quua-

325 1308 422 1359 lem
446 1322 499 1359 se
524 1307 641 1373 facit
670 1303 794 1358 Deo.
822 1303 953 1368 Quia
975 1304 1016 1356 si
1049 1304 1133 1355 illa
1165 1302 1346 1356 fuisset
1372 1302 1585 1356 Judaica
1610 1302 1894 1366 sententia,

327 1413 429 1450 non
456 1409 631 1450 autem
653 1394 844 1449 Christi
867 1394 1122 1462 judicium
1143 1434 1158 1453 .
1185 1393 1234 1447 id
1263 1404 1405 1446 certe
1428 1393 1713 1447 addidisset
1736 1408 1897 1447 evan-

320 1489 525 1557 gelista,
552 1486 875 1553 dixissetque
901 1499 1013 1539 eam
1038 1482 1199 1537 fuisse
1227 1483 1528 1537 Judueorum
1557 1484 1892 1537 sententiam.

319 1582 451 1633 Cum
485 1580 639 1649 igitur
662 1586 905 1647 parentes
932 1577 1049 1629 illos
1073 1576 1137 1629 ad
1166 1590 1362 1629 carcum
1388 1582 1628 1629 sanatum
1660 1574 1895 1629 remisis-

319 1682 468 1732 sent,
503 1669 690 1723 iterum
720 1675 1038 1720 vocaverunt
1071 1682 1210 1721 eum.
1260 1666 1366 1720 Nec
1407 1676 1580 1720 tamen
1624 1666 1793 1735 palam
1839 1676 1894 1720 et

317 1760 647 1830 impudenter
671 1759 890 1823 dicunt,
921 1758 1062 1828 Nega
1102 1758 1369 1810 Christum
1412 1766 1463 1811 te
1503 1772 1753 1822 sanasse,
1795 1758 1890 1812 sed

313 1853 413 1906 sub
438 1852 646 1921 pietatis
670 1852 847 1919 Specie
875 1850 926 1904 id
954 1851 1137 1905 volunt
1160 1850 1393 1920 assequi.
1436 1850 1525 1904 24.
1558 1849 1640 1902 Da
1674 1849 1889 1920 gloriam

313 1942 452 2008 Deo,
483 1942 744 2011 inquiunt.
782 1940 912 1994 Nam
940 1943 985 1994 si
1018 1940 1323 2010 parentibus
1360 1940 1651 2007 dixissent,
1689 1941 1888 2011 Negate

311 2034 471 2087 ﬁlium
503 2043 735 2087 vestrum
760 2046 878 2088 esse
901 2074 916 2098 ,
940 2042 1000 2087 et
1022 2048 1220 2088 caecum
1248 2041 1427 2086 natum
1446 2074 1461 2097 ,
1493 2048 1577 2088 res
1600 2033 1886 2089 admodum

307 2128 526 2182 ridicula
552 2127 663 2179 visa
693 2135 855 2191 esset,
886 2126 1217 2196 idipsumque
1244 2126 1353 2180 ﬁlio
1380 2126 1575 2189 dicere,
1608 2126 1882 2181 manifesta

304 2219 492 2275 fuisset
514 2218 857 2287 impudentia.
882 2217 1005 2273 [deo
1026 2235 1129 2272 non
1149 2220 1225 2273 sic
1245 2219 1459 2280 dicunt;
1484 2218 1575 2272 sed
1596 2218 1701 2272 alio
1724 2219 1884 2273 modo

305 2311 522 2365 insidias
550 2321 763 2379 parant,
800 2311 1037 2365 dicentes
1067 2328 1079 2363 :
1110 2309 1190 2361 Da
1226 2309 1437 2379 gloriam
1476 2308 1621 2373 Deo;
1666 2308 1715 2362 id
1758 2318 1878 2374 est,

302 2401 571 2455 Conlitere
609 2402 779 2471 ipsum
825 2400 954 2455 nihil
1003 2399 1208 2455 fecisse.
1254 2398 1367 2453 Nos
1412 2400 1598 2453 scimus
1641 2400 1759 2467 quia
1799 2400 1881 2452 hic

301 2495 451 2547 homo
480 2506 713 2563 peccator
740 2503 830 2546 est.
862 2492 971 2547 Cur
994 2507 1122 2562 ergo
1165 2506 1267 2545 non
1306 2490 1722 2560 reprehendistis
1757 2506 1878 2545 eum

299 2602 421 2639 cum
448 2587 666 2649 diceret,
701 2586 824 2652 Quis
850 2603 910 2639 ex
934 2586 1068 2639 vobis
1094 2597 1273 2654 arguet
1290 2600 1369 2637 me
1390 2584 1453 2636 de
1475 2593 1676 2653 peccato
1699 2582 1873 2654 (Joan.

299 2682 354 2733 8.
383 2679 452 2734 46
474 2680 535 2749 )?
577 2679 713 2732 unde
739 2680 883 2733 scitis
911 2679 1057 2732 illum
1085 2693 1205 2732 esse
1232 2677 1608 2746 peccatorem?
1634 2677 1764 2731 Cum
1792 2678 1877 2731 di-

297 2782 484 2826 cerent
524 2782 699 2824 autem
741 2771 845 2835 illi,
888 2769 969 2823 Da
1006 2770 1220 2839 gloriam
1246 2768 1373 2833 Deo,
1406 2779 1459 2824 et
1487 2770 1599 2839 ipse
1628 2769 1757 2823 nihil
1788 2786 1874 2824 re-

299 2864 622 2935 Spondisset,
650 2880 934 2918 occurrens
958 2863 1200 2917 Christus
1227 2862 1457 2917 laudavit
1482 2878 1624 2927 eum,
1656 2878 1754 2918 nec
1786 2878 1872 2917 re-

300 2957 581 3025 prehendit
607 2957 745 3026 quod
775 2957 994 3026 gloriam
1031 2958 1137 3010 Deo
1167 2972 1273 3010 non
1299 2956 1563 3020 dedisset;
1591 2957 1685 3011 sed
1708 2956 1873 3025 quid?

298 3048 471 3102 Credis
498 3052 549 3101 in
578 3047 768 3102 Filium
800 3048 894 3103 Dei
913 3050 965 3102 ‘?
996 3048 1064 3104 Ut
1087 3048 1260 3103 discas
1288 3049 1415 3104 illud
1441 3064 1579 3115 esse,
1607 3049 1735 3105 dare
1760 3054 1872 3121 glo-

299 3141 429 3195 riam
462 3141 589 3196 Deo.

369 3231 536 3286 Filius
559 3234 768 3300 aqualis
802 3230 965 3285 Patri.
1010 3231 1140 3285 chi
1185 3233 1518 3286 testimonium
1565 3234 1865 3304 explicatur.

297 3324 521 3389 —Quod
548 3324 590 3376 si
623 3325 734 3391 ipse
763 3338 865 3377 non
914 3332 1055 3377 esset
1096 3324 1313 3391 aequalis
1344 3323 1482 3377 Patri
1513 3364 1527 3387 ,
1563 3324 1675 3377 hazc
1702 3324 1866 3391 gloria

300 3430 405 3470 non
433 3424 595 3468 esset.
631 3414 733 3469 Sed
764 3415 1016 3483 queniam
1045 3415 1133 3484 qui
1165 3415 1354 3468 Filium
1380 3415 1627 3478 honorat,
1654 3415 1863 3469 Patrem

296 3521 509 3575 quoque
550 3504 809 3569 honorat,
837 3505 956 3575 jure
1005 3521 1107 3559 non
1154 3507 1455 3574 inerepatur
1490 3522 1683 3560 cmcus.
1731 3506 1863 3561 Cum

294 3613 423 3667 ergo
440 3598 817 3667 exspectabant
844 3609 899 3650 ut
930 3607 1175 3666 parentes
1204 3607 1495 3651 annuercnt
1517 3608 1569 3652 ct
1584 3609 1858 3667 negarent,

297 3691 428 3744 nihil
451 3691 699 3745 dicebant
714 3690 797 3744 isti
819 3706 966 3745 :cum
991 3706 1115 3745 vero
1137 3706 1193 3744 se
1219 3691 1349 3745 nihil
1367 3691 1486 3744 hinc
1501 3702 1864 3760 consequutos

293 3782 561 3846 viderunt,
586 3782 693 3850 jam
720 3781 842 3836 huic
870 3782 1051 3835 dicunt
1085 3823 1099 3847 ,
1138 3780 1237 3833 Hic
1269 3791 1497 3849 peccator
1519 3792 1612 3836 est.
1641 3781 1729 3837 25.
1762 3782 1866 3836 Re-

293 3875 493 3944 spondit
518 3876 603 3928 ille
629 3885 674 3928 et
696 3875 843 3940 dixit,
875 3875 935 3929 Si
960 3886 1188 3942 peccator
1208 3884 1299 3937 est,
1323 3878 1487 3929 nescio
1510 3891 1528 3929 :
1556 3892 1711 3929 unum
1738 3878 1861 3941 scio,

292 3970 426 4036 quod
466 3984 579 4021 cum
603 3984 762 4021 caecus
788 3984 977 4031 essem,
1025 3984 1155 4022 nunc
1192 3969 1351 4022 video.
1400 3967 1661 4037 Numquid
1693 3969 1865 4022 timuit

292 4077 465 4114 caecus
494 4061 517 4113 ?
548 4060 781 4115 Minime.
831 4061 895 4113 Et
922 4076 1017 4113 cur
1046 4061 1131 4129 qui
1163 4060 1368 4114 diXerat
1395 4102 1410 4123 ,
1458 4060 1714 4129 Propheta
1743 4072 1814 4115 est
1844 4102 1859 4125 ,

294 4169 432 4207 nunc
457 4151 587 4207 dicit
617 4194 632 4217 ,
680 4152 739 4206 Si
776 4163 1005 4220 peccator
1030 4163 1100 4206 est
1126 4195 1139 4217 ,
1175 4153 1380 4206 nescio?
1405 4154 1515 4207 Non
1543 4154 1613 4207 ita
1640 4154 1861 4207 alfectus

292 4255 404 4297 erat
443 4260 614 4312 neque
654 4244 705 4297 id
739 4244 953 4312 putabat
981 4261 994 4308 ;
1025 4244 1117 4298 sed
1142 4246 1281 4312 quod
1313 4245 1470 4299 vellet
1499 4247 1572 4299 rei
1597 4246 1759 4311 ipsius
1787 4254 1864 4299 te-

292 4336 542 4389 stimonio
571 4376 585 4399 ,
616 4351 721 4390 non
754 4350 883 4390 voce
913 4351 1005 4389 sua
1037 4338 1079 4399 ³,
1107 4336 1252 4388 illum
1279 4353 1309 4390 a
1338 4337 1555 4391 crimine
1587 4337 1813 4392 liberare
1844 4378 1857 4400 ,

294 4436 341 4480 et
368 4425 471 4481 ﬁde
487 4426 698 4496 dignam
722 4425 910 4479 ell'erre
927 4425 1289 4481 delensionem
1312 4467 1325 4488 ,
1358 4442 1421 4479 ex
1454 4427 1691 4481 beneﬁcii
1721 4428 1861 4495 ipsos

294 4518 590 4571 damnantis
612 4517 937 4571 testimonio.
960 4516 1089 4570 Nam
1103 4516 1145 4570 si
1167 4526 1285 4585 post
1312 4519 1469 4570 multa
1483 4518 1640 4571 verba
1654 4518 1863 4571 dicente

294 4611 401 4673 ιΙΙυ,
438 4610 557 4662 Nisi
576 4620 700 4664 esset
722 4609 816 4662 Dei
846 4612 1008 4662 cultor
1029 4651 1043 4673 ,
1076 4626 1174 4662 non
1203 4611 1441 4678 potuisset
1467 4612 1587 4663 talia
1617 4612 1758 4679 signa
1783 4614 1861 4682 [a-

293 4719 423 4768 cere,
454 4702 524 4755 ita
554 4702 804 4771 indignati
833 4712 957 4755 sunt
985 4712 1039 4754 ut
1068 4701 1307 4756 dicerent
1332 4745 1346 4765 ,
1370 4702 1435 4755 In
1466 4705 1683 4772 peccatis
1712 4716 1861 4757 natus

289 4809 342 4846 es
372 4802 503 4845 totus
532 4834 546 4856 ,
578 4802 622 4846 et
649 4803 702 4844 tu
733 4793 880 4846 doces
922 4794 1057 4846 nos?
1087 4792 1129 4845 si
1158 4792 1225 4846 ab
1265 4793 1413 4846 initio
1442 4792 1555 4847 hmc
1589 4794 1811 4849 dixisset
1841 4835 1857 4858 ,

289 4883 417 4952 quid
447 4901 551 4938 non
583 4883 833 4939 fecissent
858 4888 880 4938 ?
924 4886 1048 4953 quid
1076 4901 1181 4938 non
1210 4886 1467 4939 dixissent
1495 4886 1517 4939 ?
1544 4885 1605 4940 Si
1632 4897 1863 4955 peccator

290 4987 385 5041 est,
417 4978 623 5042 nescio;
652 4977 701 5029 id
730 4988 829 5040 est;
863 4978 1002 5031 Nihil
1029 4994 1091 5031 ea
1131 4978 1198 5032 de
1240 4994 1296 5031 re
1328 4993 1467 5031 nunc
1493 4980 1619 5033 dico,
1645 5021 1659 5043 ,
1688 4995 1860 5047 neque

290 5071 610 5122 sententiam
652 5067 799 5122 fero:
848 5068 972 5121 illud
1015 5068 1178 5136 probe
1212 5069 1322 5121 scio
1365 5077 1419 5121 et
1450 5071 1733 5136 pronuntio
1766 5112 1781 5136 ,
1815 5070 1861 5123 si

292 5168 542 5227 peccator
570 5167 713 5213 esset
741 5199 757 5225 ,
790 5174 891 5211 non
925 5159 1044 5211 talia
1076 5159 1304 5212 fecisset.
1338 5159 1537 5225 Quibus
1582 5161 1761 5213 verbis
1803 5176 1861 5214 se

290 5253 732 5304 cttcslimonium
780 5266 931 5303 suum
972 5252 1114 5304 omni
1152 5252 1451 5318 suspicione
1478 5250 1755 5317 liberavit,
1802 5261 1860 5305 ut

291 5342 385 5412 qui
415 5358 521 5396 non
553 5342 619 5396 ad
657 5343 878 5412 gratiam
908 5359 1020 5397 rem
1045 5353 1243 5411 gestam
1274 5354 1533 5397 narraret.
1576 5344 1704 5411 Quia
1734 5361 1861 5415 ergo

291 5447 400 5485 non
441 5441 686 5500 poterant
715 5433 855 5485 illam
883 5443 1123 5488 evertere
1163 5435 1243 5487 vel
1274 5436 1487 5489 abolere
1522 5476 1535 5497 ,
1586 5452 1768 5490 rursus
1796 5437 1858 5489 ad

290 5523 511 5577 modum
563 5525 852 5576 curationis
894 5524 1276 5593 explorandum
1322 5527 1582 5593 redeunt,
1625 5528 1766 5581 velut
1818 5531 1858 5581 si

356 5727 371 5757 ι
410 5725 574 5773 Morel.
591 5725 728 5786 legit,
746 5722 798 5774 in
825 5722 975 5774 ﬁlium
994 5723 1213 5774 hominis.

356 5791 373 5816 '
410 5786 574 5835 Morel.
600 5786 740 5849 legit,
763 5794 808 5837 et
832 5798 939 5837 voce
961 5799 1068 5835 sua.

626 5875 894 5935 PATROL.
937 5879 1049 5934 (in.
1100 5880 1262 5939 LIX.

1328 360 1392 416 IN
1427 359 1735 425 JOANNEM
1776 358 2004 415 llOMlL.
2044 360 2222 419 LVlll.
2262 368 2332 421 al.
2376 368 2523 428 [ΝΗ.

3495 389 3597 444 318

2023 477 2253 573 quipiam
2283 480 2452 537 feram
2473 485 2702 556 undique
2732 495 3149 562 pervestiganles
3182 498 3221 565 ί,
3254 500 3413 557 modo
3439 502 3541 560 huc
3574 547 3591 573 ,

2020 568 2177 621 modo
2204 571 2326 625 illuc
2354 589 2652 633 accurrant.
2685 582 2765 635 Ad
2796 584 3001 651 priores
3026 603 3154 658 ergo
3192 605 3472 650 sermones
3500 568 3589 652 re;

2018 658 2181 713 deunt
2212 702 2225 723 ,
2255 662 2306 716 id
2336 677 2586 723 curantes
2608 680 2663 723 ut
2687 672 2807 726 illos
2835 690 2932 743 per
2967 678 3185 735 crebras
3213 681 3588 755 interrogatio-

2018 750 2409 846 nes‘inﬁrment
2436 795 2453 821 ,
2499 757 2782 829 dicuntque
2813 782 2825 817 :
2855 766 2944 818 26.
2986 766 3121 832 Quid
3144 770 3258 839 fecit
3289 774 3376 827 tibi
3396 750 3441 828 ."
3465 793 3589 846 quo-

2014 838 2162 929 modo
2224 846 2420 911 aperuit
2491 848 2580 901 tibi
2649 854 2820 906 oculos
2849 856 2874 907 ρ
2915 856 3051 923 Quid
3110 838 3239 929 ergo
3290 864 3428 919 ille?
3475 838 3588 923 illis

2013 927 2233 1026 devictis
2275 944 2330 989 et
2358 942 2636 1005 prOSIratis
2669 985 2683 1008 ,
2728 961 2833 999 non
2882 951 3015 1003 ultra
3060 954 3283 1010 remisse
3330 956 3580 1026 loquitur.

2012 1017 2192 1116 Donec
2208 1023 2346 1077 enim
2374 1042 2459 1081 res
2484 1034 2729 1088 examine
2749 1045 2800 1089 et
2821 1040 3199 1107 perquisitione
3219 1060 3350 1113 opus
3376 1017 3577 1116 habuit,

2009 1110 2282 1169 moderate
2312 1132 2423 1171 rem
2450 1119 2737 1177 declaravit
2769 1144 2783 1179 :
2818 1138 3093 1199 postquam
3132 1110 3311 1189 autem
3342 1137 3462 1191 illos
3486 1110 3575 1193 ce;

2008 1202 2106 1270 pit,
2132 1206 2571 1283 splendidamque
2597 1217 2872 1273 victoriam
2903 1223 3085 1277 retulit
3116 1264 3132 1287 ,
3182 1227 3436 1283 audacter
3460 1231 3578 1285 illos

2004 1296 2326 1362 aggreditur,
2355 1303 2532 1373 aitque
2560 1323 2573 1358 :
2603 1306 2691 1361 '27.
2717 1307 2843 1364 Dixi
2869 1313 3003 1366 vobis
3023 1318 3174 1369 semel
3200 1358 3215 1380 ,
3245 1329 3292 1372 et
3316 1337 3413 1373 non
3430 1323 3579 1375 audi-

2002 1386 2093 1437 stis
2117 1404 2138 1452 ;
2162 1390 2284 1457 quid
2312 1404 2492 1449 iterum
2529 1400 2676 1453 vultis
2697 1404 2876 1457 audire
2901 1406 2924 1457 ?
2951 1404 3194 1462 Vidistin’
3216 1412 3445 1471 mendici
3473 1414 3567 1469 ad-

2001 1491 2187 1533 versus
2225 1484 2429 1539 scribas
2461 1496 2517 1542 et
2544 1490 2843 1548 Pharismos
2868 1497 3241 1556 conﬁdentiam
3269 1503 3294 1557 2
3322 1504 3451 1559 Tam
3480 1508 3571 1561 lir-

2000 1583 2083 1622 ma
2121 1586 2207 1625 res
2232 1584 2313 1627 est
2342 1579 2536 1632 veritas
2558 1621 2572 1645 ,
2603 1594 2705 1635 tam
2754 1584 3020 1643 inﬁrmum
3068 1592 3427 1649 mendacium.
3472 1598 3563 1653 Illa

1998 1666 2138 1716 etiim
2167 1665 2309 1722 viros
2338 1684 2401 1723 ex
2433 1670 2639 1727 inﬁrma
2666 1676 2821 1744 plebe
2846 1680 3019 1735 claros
3060 1683 3266 1749 efﬁcit;
3298 1685 3403 1743 hoc
3442 1705 3570 1745 vero

1997 1755 2161 1810 fortes
2184 1757 2452 1826 deprimit.
2482 1763 2535 1817 ld
2569 1780 2728 1834 porro
2756 1772 2868 1823 vult
2895 1786 3068 1827 caecus
3096 1776 3398 1845 signiﬁcare
3427 1797 3440 1833 :
3476 1781 3567 1835 Di-

1994 1848 2094 1901 ctis
2144 1864 2248 1903 non
2293 1855 2599 1919 attenditis;
2644 1858 2765 1914 ideo
2808 1877 2911 1915 non
2955 1865 3089 1920 ultra
3118 1867 3345 1937 loquar,
3394 1887 3568 1940 neque

1992 1940 2195 1997 crebris
2234 1954 2292 1997 et
2320 1948 2468 1999 vanis
2508 1950 3010 2021 interrogationibus
3039 1960 3375 2025 reSpondebo
3399 2004 3415 2027 ,
3443 1978 3563 2017 cmn

1993 2047 2095 2086 non
2122 2033 2356 2089 discendi
2389 2053 2547 2093 causa
2570 2042 2815 2109 audiatis,
2847 2046 2939 2100 sed
2965 2057 3021 2100 ut
3047 2049 3185 2103 dicta
3210 2050 3561 2108 insectemini.

1992 2124 2256 2197 Numquid
2281 2140 2326 2182 et
2347 2146 2432 2185 vos
2458 2135 2604 2187 vultis
2639 2136 2876 2206 discipuli
2901 2141 3012 2208 ejus
3038 2142 3150 2208 ﬁeri
3170 2142 3197 2194 ?
3222 2142 3337 2197 Jam
3364 2161 3423 2200 se
3451 2147 3565 2201 dis-

1988 2217 2180 2286 cipulis
2205 2234 2541 2276 annumerat.
2578 2224 2711 2279 lllud
2744 2229 2908 2290 enim,
2941 2229 3208 2300 Numquid
3237 2244 3282 2286 et
3309 2250 3394 2289 vos
3427 2277 3440 2299 ,
3483 2238 3560 2290 si-

1987 2308 2200 2375 gniﬁcat
2224 2311 2395 2379 ipsum
2429 2328 2549 2369 esse
2575 2316 2912 2387 discipulum.
2940 2320 3140 2377 Deinde
3170 2340 3297 2379 vero
3326 2326 3446 2381 illos
3469 2343 3561 2382 sa-

1988 2400 2052 2452 tis
2082 2402 2303 2457 traducit
2328 2415 2381 2457 et
2408 2402 2651 2461 incessit.

2054 2492 2105 2545 5.
2141 2493 2271 2547 Cum
2291 2497 2431 2549 enim
2456 2500 2616 2553 sciret
2646 2499 2747 2554 hoc
2775 2502 2894 2557 illos
2915 2505 3142 2560 maxime
3170 2523 3403 2578 pungere
3431 2552 3447 2573 ,
3478 2512 3553 2565 la-

1983 2586 2225 2638 cessendi
2285 2602 2444 2641 causa
2491 2590 2675 2657 dixit;
2720 2594 2861 2663 quod
2916 2607 3031 2650 erat
3086 2601 3248 2654 animi
3296 2602 3553 2671 ﬁdentis,

1982 2675 2243 2738 sublimis,
2275 2677 2590 2751 illorumque
2614 2681 2845 2738 furorem
2874 2686 3216 2756 despicientis
3240 2733 3256 2759 ,
3301 2702 3460 2763 atque
3488 2694 3553 2749 il-

1981 2766 2102 2830 lius,
2134 2770 2186 2822 in
2212 2787 2317 2840 quo
2338 2774 2551 2839 ﬁdebat,
2583 2776 2891 2845 dignitatem
2916 2781 3256 2848 celebrantis,
3288 2794 3345 2839 ut
3371 2795 3552 2842 osten-

1980 2861 2133 2915 deret
2173 2864 2316 2931 ipsos
2344 2867 2517 2921 virum
2556 2868 2921 2927 admirabilem
2953 2879 3274 2932 contumelia
3304 2879 3550 2947 afﬁcere;

1979 2953 2151 3021 ipsum
2178 2966 2352 3012 autem
2381 2974 2484 3013 non
2516 2975 2640 3015 vere
2665 2961 2806 3017 afﬁci
2837 2967 3158 3021 contumelia
3187 3009 3202 3026 .
3232 2969 3325 3023 sed
3357 2980 3553 3026 contu-

1978 3050 2189 3103 meliam
2219 3051 2415 3105 illatam
2441 3054 2488 3105 in
2519 3053 2777 3109 honorem
2798 3058 2896 3111 sibi
2924 3074 3130 3126 rapere.
3150 3059 3239 3114 28.
3270 3060 3348 3114 Tu
3368 3079 3419 3115 es
3446 3066 3551 3116 dis-

1974 3142 2173 3209 cipulus
2189 3144 2592 3213 ejus,inquinnt;
2616 3164 2707 3202 nos
2726 3159 2893 3203 autem
2909 3151 3145 3221 discipuli
3158 3154 3546 3225 sumusMoysis.

1978 3231 2167 3285 Verum
2190 3234 2237 3287 id
2257 3251 2360 3288 non
2381 3238 2585 3292 ratione
2604 3241 2781 3295 nixum
2804 3251 2905 3296 est.
2928 3242 3032 3297 Vos
3057 3245 3196 3298 enim
3217 3262 3385 3315 neque
3404 3248 3549 3320 Moy-

1976 3322 2070 3387 sis,
2106 3340 2277 3394 neque
2302 3326 2456 3395 hujus
2478 3328 2723 3399 discipuli
2746 3334 2894 3387 estis.
2921 3334 2974 3389 Si
3004 3335 3197 3407 Moysis
3232 3342 3420 3393 essetis
3446 3382 3461 3405 ,
3494 3354 3548 3396 et

1973 3412 2167 3468 Christi
2221 3419 2429 3470 essetis.
2484 3418 2607 3473 Ideo
2653 3420 2898 3476 Christus
2942 3440 3101 3493 supra
3152 3428 3362 3482 dicebat
3394 3430 3542 3484 illis:

1974 3504 2033 3557 Si
2061 3505 2325 3561 crederetis
2368 3508 2535 3580 Moysi
2567 3552 2581 3574 ,
2608 3514 2870 3567 crederetis
2895 3516 3063 3585 utique
3105 3528 3151 3571 et
3189 3520 3312 3573 milii
3340 3536 3357 3572 :
3386 3522 3447 3574 de
3467 3539 3546 3576 me

1970 3598 2102 3649 enim
2123 3599 2207 3651 ille
2235 3601 2433 3666 scripsit
2451 3602 2626 3669 (Joan.
2658 3607 2712 3661 5.
2746 3606 2871 3677 46);
2901 3610 3153 3677 quoniam
3184 3611 3248 3665 ad
3278 3612 3373 3667 hos
3402 3629 3547 3668 sem-

1972 3705 2067 3758 per
2115 3707 2391 3747 sermones
2433 3695 2826 3765 confugiebant.
2878 3700 2968 3753 29.
3016 3700 3128 3754 Nos
3172 3704 3356 3759 scimus
3402 3708 3539 3775 quod

1973 3780 2142 3849 Moysi
2162 3783 2392 3850 loquutus
2418 3796 2487 3838 est
2514 3786 2670 3840 Deus.
2703 3790 2818 3853 Quo
2849 3792 3134 3845 narrante?
3161 3809 3265 3862 quo
3290 3796 3540 3850 nuntian-

1971 3881 2020 3925 te
2048 3873 2068 3924 ?
2094 3873 2397 3941 Maioribus,
2425 3878 2589 3938 aiunt,
2617 3880 2832 3932 nostris.
2865 3882 3052 3933 Annon
3076 3881 3181 3935 illis
3208 3882 3312 3938 ﬁde
3332 3885 3542 3955 dignior

1968 3977 2069 4031 est,
2098 3968 2186 4034 qui
2216 3967 2314 4021 hoc
2345 3985 2438 4037 per
2466 3970 2613 4038 signa
2646 3972 2959 4038 conﬁrmat,
2984 3988 3103 4027 cum
3130 3974 3259 4030 dicit
3289 3991 3345 4030 se
3374 3993 3405 4032 a
3434 3979 3540 4033 Deo

1968 4060 2147 4112 venire
2176 4070 2228 4113 et
2248 4062 2473 4114 caelestia
2505 4064 2646 4132 loqui
2672 4064 2694 4116 ‘?
2724 4064 2905 4134 Neque
2926 4066 3193 4133 dixerunt,
3225 4068 3541 4124 Audivimus

1966 4152 2107 4218 quod
2142 4151 2304 4222 Moysi
2332 4154 2578 4221 loquutus
2604 4155 2673 4208 sit
2709 4156 2884 4220 Deus;
2917 4157 3030 4221 sed,
3062 4156 3283 4213 Scimus.
3313 4159 3443 4226 Qua:
3473 4176 3535 4214 ex

1964 4234 2152 4289 auditu
2183 4237 2358 4302 scitis,
2390 4254 2423 4291 ο
2444 4237 2635 4304 Judaei,
2666 4241 2978 4311 afﬁrmatis;
3004 4253 3057 4299 et
3080 4261 3201 4315 qua:
3229 4247 3349 4301 visu
3375 4251 3547 4317 perci-

1964 4328 2111 4395 pitis,
2147 4332 2357 4385 minora
2392 4334 2592 4401 putatis
2615 4334 2769 4389 esse?
2792 4338 2953 4406 Atqui
2979 4338 3069 4391 illa
3092 4338 3309 4409 quidem
3334 4356 3444 4395 non
3468 4343 3549 4397 vi-

1961 4416 2143 4484 distis,
2178 4421 2273 4476 sed
2303 4424 2555 4485 audistis,
2592 4424 2707 4479 haec
2751 4441 2880 4482 vero
2913 4444 3017 4481 non
3059 4429 3309 4495 audistis,
3343 4432 3435 4485 sed
3466 4433 3547 4487 vi-

1966 4514 2136 4567 distis.
2163 4516 2295 4582 Quid
2323 4531 2446 4584 ergo
2473 4531 2644 4570 (aecus
2673 4518 2694 4569 ?
2720 4517 2807 4571 50.
2839 4517 2902 4570 In
2934 4521 3026 4571 hoc
3050 4520 3181 4571 enim
3202 4532 3271 4574 est
3293 4524 3537 4586 mirabile,

1966 4606 2099 4674 quod
2134 4622 2217 4658 vos
2248 4608 2445 4659 nescitis
2476 4608 2607 4660 unde
2639 4612 2741 4675 sit,
2790 4619 2843 4664 et
2874 4612 2992 4663 talia
3022 4612 3170 4680 signa
3202 4613 3324 4666 facit
3356 4631 3368 4665 :
3399 4616 3539 4682 quod

1966 4698 2047 4749 vir
2065 4713 2169 4749 non
2200 4698 2420 4766 insignis
2450 4700 2587 4767 apud
2622 4716 2714 4753 vos
2740 4742 2754 4759 .
2787 4717 2959 4769 neque
2986 4702 3161 4755 clarus
3192 4703 3271 4755 vel
3300 4703 3537 4769 illustris,

1970 4787 2091 4839 talia
2116 4790 2315 4855 possit:
2346 4791 2636 4843 utomnino
2662 4792 2998 4846 manifestum
3040 4794 3109 4847 sit
3131 4836 3145 4857 ,
3175 4809 3296 4849 esse
3328 4795 3489 4848 Detnn
3519 4837 3534 4859 ,

1967 4879 2056 4948 qui
2096 4896 2161 4933 ne
2196 4880 2416 4933 minimo
2457 4882 2667 4949 quidem
2711 4884 2942 4937 humano
2982 4896 3135 4954 egeat
3183 4885 3400 4939 auxilio.
3448 4886 3538 4940 ⁸51.

1969 4970 2169 5025 Scimus
2190 4984 2354 5024 autem
2381 4974 2517 5042 quod
2546 4973 2683 5027 Deus
2714 4985 2995 5043 peccatores
3023 4993 3123 5029 non
3149 4978 3374 5030 exaudit.
3404 4976 3537 5033 Cum

1967 5065 2107 5117 enim
2136 5075 2287 5118 antea
2320 5066 2611 5119 dixissent:
2647 5066 2911 5129 Quomodo
2942 5076 3101 5134 potest
3136 5066 3284 5120 homo
3311 5077 3539 5136 peccator

1968 5158 2090 5210 talia
2114 5158 2259 5227 signa
2285 5160 2449 5228 facere
2473 5158 2498 5209 ἰ)
2518 5172 2701 5211 eorum
2736 5158 2921 5210 nititur
2944 5157 3166 5225 judicio,
3187 5167 3241 5213 et
3272 5159 3385 5211 lucc
3415 5159 3540 5227 ipsis

1969 5252 2021 5303 in
2052 5261 2278 5305 mentem
2306 5262 2534 5305 revocat.
2570 5250 2695 5303 Haec
2723 5252 3009 5315 sententia,
3039 5252 3227 5320 inquit,
3253 5262 3306 5303 ιιι
3338 5253 3464 5304 mihi
3488 5264 3541 5306 et

1968 5341 2118 5393 vobis
2155 5342 2452 5397 communis
2477 5350 2559 5394 est
2588 5358 2600 5392 :
2636 5343 2685 5394 in
2720 5345 2817 5395 hac
2859 5344 3145 5410 persistite.
3175 5343 3242 5396 Et
3268 5343 3385 5396 vide
3415 5344 3540 5398 mihi

1969 5432 2324 5499 prudentiam.
2356 5432 2574 5501 Signum
2609 5447 2820 5501 semper
2864 5435 2915 5487 in
2950 5449 3040 5487 ore
3084 5446 3294 5496 versat,
3326 5434 3446 5503 quia
3476 5435 3541 5487 il-

1970 5523 2057 5576 lud
2092 5525 2274 5577 tollere
2295 5541 2398 5577 non
2430 5536 2691 5591 poterant,
2721 5536 2772 5579 et
2796 5526 2917 5579 inde
2961 5526 3320 5579 ratiocinatur.
3356 5526 3543 5581 V'idcn’

1967 5633 2087 5667 eum
2116 5659 2130 5679 ,
2158 5632 2277 5669 eum
2320 5617 2469 5669 initio
2494 5619 2733 5675 diceret.
2763 5617 2822 5671 Si
2850 5628 3082 5685 peccator
3106 5628 3177 5671 est
3203 5659 3218 5683 ,
3251 5618 3415 5671 nescio
3440 5659 3455 5681 ,
3488 5618 3539 5673 id

2032 5728 2050 5758 ί
2088 5725 2173 5776 Alii
2208 5727 2397 5785 legunt,
2417 5728 2539 5778 velut
2560 5728 2601 5781 si
2618 5741 2759 5779 canes
2776 5730 2925 5781 rerum
2947 5727 2996 5778 iu
3021 5733 3117 5779 tttlo
3142 5727 3361 5778 latentem
3400 5727 3545 5780 undi-

1970 5803 2061 5854 que
2084 5791 2462 5854 pervestigmttes.

3113 5885 3193 5942 20
