4084 6360
484 371 586 427 519

487 501 595 539 non
620 482 912 538 dubitando
938 480 1167 535 dixisse?
1198 480 1376 541 absit,
1413 490 1568 533 norat
1609 479 1750 532 enim
1793 494 1896 531 non
1940 492 2060 530 esse

487 586 840 647 peccatorem.
874 574 1022 628 Nunc
1048 573 1136 626 ubi
1163 582 1519 643 Opportunum
1542 582 1625 626 est
1651 584 1861 640 tempus
1895 613 1908 631 ,
1941 571 2061 622 vide

485 667 752 737 quomodo
778 665 1112 733 respondeat.
1142 666 1344 720 Scimus
1371 678 1536 718 autem
1562 666 1697 733 quod
1720 666 1855 718 Deus
1880 682 2061 732 pecca-

488 770 621 812 tores
650 775 749 811 non
774 757 985 818 audiat;
1009 758 1096 809 sed
1121 758 1164 810 si
1188 744 1298 826 quis
1330 757 1422 809 Ilei
1450 758 1613 810 cultor
1636 766 1711 810 est
1736 799 1750 821 ,
1795 767 1840 809 et
1871 756 2055 809 volun-

489 858 638 901 tatem
664 850 771 918 ejus
794 847 933 916 facit.
961 846 1055 900 Hic
1078 862 1181 899 non
1208 846 1364 899 modo
1386 862 1413 898 a
1444 847 1672 915 peccatis
1689 846 1937 909 absolvit,
1971 844 2064 899 sed

487 948 541 991 et
588 938 697 991 Deo
734 946 1008 1006 acceptum
1041 978 1057 1002 ,
1089 947 1144 992 et
1186 938 1274 991 Dei
1317 954 1476 1004 opera
1523 938 1802 991 facientem
1854 938 2062 1007 probat.

486 1029 619 1095 Quia
644 1028 783 1082 enim
808 1029 880 1082 illi
912 1044 970 1083 se
993 1029 1083 1082 Dei
1116 1029 1348 1082 cultores
1372 1030 1658 1094 dicebant,
1689 1030 1808 1083 ideo
1838 1028 2062 1097 addidit,

489 1119 555 1172 Et
582 1125 887 1173 voluntatem
914 1121 1023 1188 ejus
1043 1123 1186 1190 facit.
1216 1120 1328 1173 Non
1351 1122 1480 1174 satis
1503 1131 1584 1174 est
1613 1162 1628 1185 ,
1655 1122 1824 1191 inquit
1854 1163 1869 1188 ,
1898 1122 2063 1177 Deum

485 1226 827 1281 cognoscere,
859 1211 951 1265 sed
977 1211 1092 1281 ejus
1111 1221 1191 1266 est
1211 1212 1447 1266 facienda
1466 1214 1727 1266 voluntas.
1749 1212 1877 1268 Inde
1900 1213 2064 1267 mira-

486 1304 664 1356 culum
693 1302 920 1356 extollit.
953 1302 1040 1357 '52.
1068 1303 1108 1355 A
1134 1303 1317 1356 swculo
1336 1321 1436 1357 non
1453 1314 1522 1358 est
1544 1304 1771 1357 auditum
1793 1306 1930 1373 quod
1944 1322 2067 1374 ape-

484 1396 642 1449 ruerit
679 1395 791 1462 quis
825 1395 997 1448 oculos
1050 1397 1171 1448 cwci
1220 1396 1344 1449 nati.
1390 1396 1445 1451 Si
1491 1411 1618 1467 ergo
1668 1398 1993 1451 confitemini
2022 1399 2063 1464 ί,

490 1488 654 1543 Deum
684 1504 788 1542 non
818 1489 1072 1544 exaudire
1106 1500 1446 1558 peccatores;
1476 1490 1562 1545 hic
1600 1506 1727 1545 vero
1753 1490 2064 1545 miraculum

488 1582 753 1649 patravit,
801 1592 855 1636 et
886 1582 988 1636 tale
1017 1582 1361 1648 miraculum,
1394 1583 1554 1652 quale
1594 1598 1751 1636 nemo
1778 1581 1941 1637 fecit:
1976 1598 2066 1652 pa-

488 1674 590 1726 lam
613 1682 694 1728 est
722 1673 865 1727 illum
894 1673 1088 1728 virtute
1114 1658 1289 1728 omnia
1311 1689 1593 1743 superasse
1614 1714 1628 1739 ,
1662 1674 1885 1744 ejusque
1910 1684 2065 1742 pote-

486 1772 675 1818 statem
703 1765 819 1834 plus
846 1779 1001 1834 quam
1034 1764 1316 1819 humanam
1343 1782 1480 1821 esse.
1507 1766 1644 1833 Quid
1671 1781 1800 1833 ergo
1832 1765 1950 1820 illi?
1975 1766 2064 1820 54.

489 1853 554 1907 1η
586 1855 800 1924 peccatis
827 1867 974 1908 natus
1000 1872 1052 1909 es
1069 1866 1220 1917 totus.
1246 1866 1294 1910 et
1320 1866 1372 1909 tu
1394 1857 1540 1910 doces
1559 1858 1691 1911 nos?
1718 1858 1899 1911 Donec
1924 1860 2067 1910 enim

488 1956 800 2015 negaturum
829 1963 951 2001 cum
980 1949 1283 2016 sperabant,
1310 1948 1414 2003 ﬁde
1438 1948 1653 2018 dignum
1683 1958 1949 2019 putantes,
1978 1963 2066 2003 se-

491 2040 597 2095 mel
646 2050 699 2094 et
750 2041 937 2092 iterum
980 2050 1257 2095 vocarunt.
1301 2041 1453 2109 Quod
1491 2044 1535 2096 si
1574 2041 1675 2096 ﬁde
1712 2042 1928 2111 dignum
1961 2058 2070 2096 non

491 2132 761 2201 putabatis
791 2136 831 2195 ²,
864 2134 1097 2203 inquam,
1136 2149 1234 2186 cur
1266 2134 1499 2188 vocastis
1539 2144 1594 2188 et
1639 2134 1876 2189 secundo
1902 2134 2069 2188 inter-

489 2227 713 2296 rogastis
744 2226 767 2279 ?
794 2226 924 2280 Cum
964 2241 1122 2295 porro
1153 2227 1280 2279 nihil
1312 2228 1535 2291 veritus,
1562 2242 1683 2282 vera
1712 2227 2021 2297 loqueretur
2052 2269 2067 2293 ,

488 2318 701 2389 quando
742 2320 972 2374 maxime
1019 2319 1200 2373 mirari
1232 2320 1380 2372 illum
1408 2319 1720 2387 Oportebat,
1763 2328 1888 2375 tunc
1918 2320 2066 2374 illum

487 2412 759 2464 damnant.
792 2410 928 2478 Quid
957 2424 1115 2479 porro
1142 2410 1240 2463 sibi
1271 2411 1383 2464 vult
1406 2411 1557 2476 illud,
1592 2409 1655 2463 In
1680 2413 1898 2480 peccatis
1920 2421 2071 2465 natus

488 2520 541 2557 es
561 2504 726 2557 totus?
748 2502 843 2557 Hic
869 2502 945 2557 illi
972 2502 1263 2557 cazcitatem
1282 2504 1624 2570 exprobrant,
1656 2517 1719 2556 ac
1738 2502 1780 2556 si
1805 2502 2068 2557 dicerent:

489 2596 532 2648 A
566 2596 733 2664 prima
762 2603 921 2648 aelate
949 2593 999 2647 in
1029 2594 1263 2664 peccatis
1284 2608 1376 2656 es;
1407 2608 1469 2646 ac
1515 2593 1560 2647 si
1601 2592 1721 2646 ideo
1743 2607 1918 2672 caecus
1940 2592 2072 2647 fuis-

490 2695 590 2749 set,
620 2685 763 2755 quod
792 2693 986 2754 praeter
1007 2684 1265 2739 rationem
1296 2695 1397 2739 est.
1429 2684 1538 2739 Hac
1567 2685 1618 2738 in
1647 2700 1706 2740 re
1733 2685 1905 2753 ipsum
1936 2699 2069 2737 con-

490 2780 672 2833 solans
698 2778 940 2833 Christus
956 2776 1166 2831 dicebat
1197 2793 1209 2829 :
1242 2775 1306 2829 In
1326 2777 1575 2847 judicium
1602 2792 1692 2847 ego
1720 2778 1830 2830 veni
1847 2780 1899 2830 in
1928 2793 2073 2830 mun-

492 2872 632 2935 dum,
666 2880 720 2923 ut
768 2887 869 2924 non
894 2870 1115 2923 videntes
1145 2868 1363 2935 videant,
1392 2877 1437 2921 et
1459 2869 1544 2938 qui
1572 2868 1759 2932 vident,
1782 2869 1899 2921 cteci
1923 2869 2069 2936 ﬁant.

493 2963 558 3016 In
581 2963 791 3033 peccatis
821 2971 968 3014 natus
988 2977 1039 3013 es
1061 2970 1212 3023 totus,
1236 2969 1283 3013 et
1305 2970 1357 3013 tu
1376 2961 1523 3013 doces
1541 2976 1632 3014 nos
1654 2958 1831 3029 (Joan.
1857 2960 1909 3013 9.
1942 2958 2072 3030 59)?

501 3056 639 3123 Quid
671 3056 881 3109 dixerat
910 3054 1001 3107 ille
1021 3054 1046 3105 ’ἒ
1080 3069 1204 3106 ιιιιιη
1232 3067 1383 3107 suam
1415 3051 1733 3106 sententiam
1769 3051 2018 3104 attulerat
2050 3049 2073 3100 ?

491 3164 670 3202 annon
697 3148 871 3216 potius
896 3160 1234 3199 communem
1262 3185 1275 3207 ,
1302 3160 1425 3199 cum
1456 3144 1679 3209 diceret,
1712 3142 1913 3200 Scimus
1935 3143 2073 3215 quod

493 3239 631 3293 Deus
654 3247 937 3307 peccatores
964 3253 1062 3290 non
1088 3236 1336 3289 exaudit?
1371 3251 1547 3289 nonne
1577 3250 1641 3290 ea
1670 3250 1789 3305 quae
1808 3250 1903 3290 vos
1924 3235 2075 3288 dixe-

493 3332 622 3386 ratis
646 3333 695 3383 in
725 3330 958 3384 medium
984 3327 1193 3381 attulit?
1221 3325 1288 3379 Et
1315 3327 1566 3397 ejecerunt
1592 3343 1705 3379 eum
1737 3329 1896 3397 foras.
1932 3327 2075 3379 Vidi-

495 3426 617 3479 stin‘
644 3424 885 3478 veritatis
908 3436 1205 3491 pralconem
1230 3461 1246 3486 ,
1274 3429 1327 3474 et
1347 3419 1615 3489 quomodo
1637 3430 1926 3490 paupertas
1951 3418 2073 3489 phi-

495 3515 791 3583 l050phiam
823 3529 927 3567 non
958 3512 1344 3567 interturbarit.
1383 3510 1565 3565 Viden‘
1591 3520 1722 3580 quot
1742 3518 1796 3564 et
1822 3520 2017 3579 quanta
2045 3525 2075 3563 a

491 3608 754 3677 principio
790 3606 1019 3661 audierit
1054 3616 1107 3659 et
1139 3618 1329 3675 passus
1364 3603 1482 3657 sit?
1510 3612 1565 3657 et
1593 3601 1863 3673 quomodo
1896 3602 2075 3657 verbis

496 3711 550 3755 et
579 3699 833 3770 Operibus
865 3698 1175 3753 testiﬁcatus
1199 3698 1269 3751 sit
1295 3697 1318 3749 ?

565 3794 619 3847 4.
652 3792 775 3846 Haec
805 3806 963 3860 porro
989 3791 1185 3858 scripta
1212 3796 1374 3849 sunt,
1420 3795 1477 3841 ut
1517 3800 1615 3841 nos
1652 3786 1743 3840 illa
1773 3786 2069 3841 imitemur.

493 3888 624 3942 Nam
649 3888 692 3941 si
729 3886 1025 3951 mendicus,
1058 3898 1250 3947 cmcus,
1283 3883 1370 3951 qui
1398 3880 1669 3936 Christum
1700 3896 1805 3933 non
1835 3880 2073 3946 viderat,

495 3989 701 4034 tantum
756 3979 962 4032 ﬁducia:
1004 3977 1182 4031 statim
1221 3974 1457 4030 ostendit
1502 3986 1625 4029 ante
1659 3973 1853 4029 Christi
1898 3975 2077 4027 horta-

498 4086 701 4137 menta,
727 4079 874 4124 stans
909 4080 1095 4123 contra
1127 4068 1376 4136 populum
1417 4076 1609 4130 totum,
1638 4066 1840 4121 caedem
1862 4066 2075 4136 spiran-

497 4172 600 4216 tem
632 4203 648 4227 ,
694 4177 724 4214 a
786 4160 1031 4213 dtcmone
1074 4168 1248 4212 aetum
1281 4199 1295 4221 ,
1329 4158 1590 4211 furentem
1618 4199 1632 4222 ,
1670 4171 1735 4210 ex
1782 4157 1899 4224 ejus
1948 4170 2080 4210 voce

496 4255 767 4309 Christum
794 4252 1049 4305 damnare
1065 4250 1367 4318 cupientem
1399 4265 1412 4302 :
1446 4262 1617 4317 neque
1639 4248 1806 4302 cessit
1829 4247 1918 4302 ille
1944 4288 1958 4310 ,
1988 4263 2081 4300 ne-

494 4364 599 4417 que
623 4345 861 4409 recessit,
889 4343 982 4399 sed
1012 4342 1239 4396 ﬁdenter
1270 4342 1390 4395 illos
1418 4340 1712 4395 confutavit
1737 4382 1753 4407 ,
1788 4340 2080 4410 maluitque

495 4439 638 4492 foras
666 4437 783 4506 ejici
811 4478 824 4501 ,
858 4450 1015 4504 quam
1054 4434 1335 4487 veritatem
1367 4430 1595 4501 prodere
1630 4448 1643 4483 :
1678 4430 1877 4500 q'uanto
1906 4432 2076 4501 magis

497 4546 616 4593 nos,
640 4530 727 4598 qui
755 4527 951 4581 tamdiu
976 4528 1025 4579 in
1050 4524 1153 4579 ﬁde
1177 4525 1422 4586 viximus,
1446 4524 1533 4592 qui
1560 4539 1651 4592 per
1672 4523 1832 4577 ﬁdem
1859 4537 2083 4578 sexcen-

496 4633 549 4677 ta
574 4621 827 4677 miracula
856 4619 1088 4674 vidimus
1122 4660 1136 4684 ,
1173 4618 1263 4687 qui
1290 4616 1494 4686 majora
1522 4632 1682 4686 quam
1708 4616 1797 4671 ille
1823 4617 2079 4672 beneﬁcia

498 4712 804 4781 accepimus
829 4752 845 4776 ,
891 4710 982 4780 qui
1018 4708 1363 4763 interioribus
1393 4707 1562 4761 oculis
1593 4722 1784 4761 arcana
1827 4708 2081 4778 mysteria

498 4805 755 4869 vidimus,
783 4814 836 4856 et
862 4803 928 4855 ad
957 4810 1166 4855 tantum
1205 4799 1464 4854 honorem
1512 4800 1684 4853 vocati
1725 4815 1909 4855 sumus
1930 4841 1944 4863 ,
1968 4816 2085 4855 om-

499 4913 622 4951 nem
680 4896 928 4949 ﬁduciam
972 4893 1226 4948 exhibere
1274 4901 1488 4962 Oportet
1538 4891 1794 4946 adversus
1845 4907 1938 4947 eos
1994 4894 2083 4962 qui

499 4990 836 5044 Christianos
867 4995 1156 5050 accusant,
1189 4986 1414 5055 illosque
1439 4984 1721 5040 confutare
1751 5026 1767 5052 ,
1799 5001 1974 5056 neque
2005 4987 2085 5041 eis

513 5094 715 5137 temere
741 5096 963 5151 parcere
982 5081 1007 5134 ’ἶ

575 5181 959 5252 Scripturarum
987 5178 1187 5232 lectioni
1204 5178 1280 5231 vel
1301 5176 1547 5230 auditioni
1566 5176 1767 5230 assidue
1782 5176 2083 5230 vacandum.

500 5274 690 5331 Contra
714 5273 1119 5344 spectaculorum
1146 5271 1503 5342 frequentiam.
1521 5301 1593 5310 —
1620 5270 1733 5325 Hoc
1755 5286 1886 5326 vero
1909 5270 2087 5326 facere

500 5369 819 5439 poterimus,
851 5365 898 5422 si
939 5364 1186 5420 ﬁduciam
1216 5378 1550 5419 assumamus
1590 5372 1645 5417 et
1678 5362 1971 5433 Scripturis
1999 5373 2084 5418 at-

503 5462 785 5518 tendamus
809 5503 823 5525 ,
858 5475 1031 5530 neque
1057 5456 1414 5528 perfunctorie
1441 5456 1559 5510 illas
1601 5456 1901 5510 audiamus.
1952 5455 2086 5511 Nam

568 5558 587 5587 ²
620 5554 765 5605 Hunc
787 5552 947 5602 locum
971 5552 1044 5601 sic
1092 5538 1243 5610 effert
1272 5555 1357 5597 his.
1380 5546 1521 5610 savil.
1568 5547 1883 5610 Orientalis...
1918 5565 1941 5593 α
1973 5562 2087 5610 αρε.

501 5616 656 5666 ruerit
678 5617 786 5677 quis
822 5611 1124 5677 oculosch
1145 5609 1247 5661 nati
1266 5626 1289 5656 iv
1303 5609 1525 5677 ._Deinde
1569 5609 1885 5677 ratiocinatur
1907 5622 1924 5658 :
1946 5610 1995 5677 ss:
2006 5609 2089 5665 ille

506 5689 599 5737 non
633 5669 754 5727 esset
776 5689 809 5726 α
831 5684 933 5727 Deo
950 5673 1073 5725 nihil
1092 5678 1248 5737 posset
1268 5673 1362 5722 tale
1383 5673 1563 5734 facere.
1586 5669 1717 5731 Quod
1741 5670 1785 5721 si
1804 5670 1857 5722 in
1876 5672 2090 5736 confesso
2171 5684 2177 5689 '

514 5748 592 5829 ut"
618 5751 753 5848 Ιῗιξὰι
773 5805 854 5847 Ms.
880 5798 1048 5861 habet,
1072 5795 1317 5861 putabant,
1343 5804 1396 5846 et
1415 5807 1549 5859 mox,
1569 5794 1943 5863 interroganda.

1223 367 1277 422 S.
1317 362 1593 422 JOANNIS
1614 357 2084 419 CHRYSOSTOMI
2121 358 2436 416 ARCHIEP.
2477 362 3005 423 CONSTANTINOP.

3640 375 3739 429 3‘20

2175 474 2216 525 si
2249 474 2369 543 quis
2394 477 2607 531 assidue
2633 481 2854 544 veniat,
2894 484 3101 536 etiamsi
3128 481 3267 535 domi
3300 501 3401 537 non
3434 487 3572 557 legat
3600 529 3616 554 ,
3649 492 3741 544 sed

2175 564 2261 619 hic
2288 565 2443 621 dictis
2474 570 2712 623 attendat
2739 589 2751 623 :
2782 574 2905 626 anni
2949 576 3104 627 unius
3133 576 3304 643 spatio
3348 579 3541 645 poterit
3582 582 3744 634 multa

2172 658 2397 715 discere.
2428 661 2608 730 Neque
2635 666 2775 718 enim
2808 666 2963 720 hodie
2994 668 3086 721 has
3108 710 3120 730 ,
3145 684 3259 723 cras
3287 671 3417 726 alias
3447 669 3745 742 Scripturas

2174 752 2419 821 legimus,
2452 754 2545 809 sed
2576 772 2787 825 semper
2808 760 3043 813 easdem.
3075 762 3318 816 Attamen
3366 764 3512 819 multi
3545 766 3614 819 ita
3642 770 3744 821 mi-

2174 856 2296 897 sere
2324 844 2499 899 affecti
2520 858 2661 913 sunt,
2694 858 2750 902 ut
2771 860 2891 918 post
2913 861 3107 906 tantam
3133 853 3415 909 lectionem
3437 872 3505 912 ne
3530 860 3746 915 nomina

2175 936 2389 1003 quidem
2419 937 2670 993 librorum
2711 943 2919 1008 sciant;
2966 960 3065 999 nec
3103 956 3354 1002 verentur
3384 989 3400 1013 ,
3431 965 3605 1020 neque
3636 951 3747 1005 fur-

2174 1026 2380 1082 midant
2396 1039 2500 1083 tam
2524 1033 2850 1101 negligenter
2869 1035 2933 1089 ad
2951 1036 3184 1092 divinam
3200 1040 3399 1109 ingredi
3413 1044 3745 1099 concionem.

2176 1118 2281 1173 Sed
2308 1122 2352 1175 si
2377 1122 2731 1190 citharoedus,
2755 1128 2799 1180 si
2831 1128 3053 1184 saltator
3077 1131 3158 1185 vel
3186 1133 3321 1188 alius
3350 1136 3521 1203 quivis
3546 1137 3611 1190 ad
3641 1153 3749 1191 sce-

2175 1226 2296 1264 nam
2324 1215 2528 1268 vocarit
2554 1217 2819 1271 civitatem
2858 1260 2873 1285 ,
2911 1220 3189 1290 diligenter
3207 1239 3393 1279 omnes
3420 1238 3703 1282 accurrunt
3732 1272 3747 1294 ,

2177 1312 2226 1354 et
2249 1303 2448 1370 gratias
2475 1303 2672 1360 habent
2693 1309 2907 1363 vocanti
2929 1353 2943 1377 ,
2974 1320 3131 1379 atque
3154 1314 3204 1367 in
3237 1318 3542 1384 Spectacula
3570 1320 3753 1387 hujus-

2176 1394 2319 1448 modi
2363 1395 2639 1451 ditnidittm
2681 1399 2786 1454 diei
2831 1404 3102 1457 insumunt
3133 1423 3144 1457 :
3193 1406 3297 1460 Deo
3321 1418 3499 1462 autem
3531 1426 3629 1464 nos
3656 1427 3754 1481 per

2176 1485 2465 1556 prophetas
2512 1498 2567 1543 et
2607 1494 2880 1560 apostolos
2916 1496 3218 1565 alloquente
3245 1541 3260 1565 ,
3292 1501 3576 1557 oscitamus
3604 1546 3618 1569 ,
3655 1521 3752 1560 nos

2175 1578 2484 1647 scalpimus,
2516 1581 2835 1640 fastidiuius.
2866 1586 2920 1641 In
2952 1598 3135 1643 testate
3151 1592 3364 1661 quidem
3387 1603 3440 1649 et
3471 1606 3605 1651 testu
3634 1614 3750 1651 ma-

2174 1685 2280 1740 gno
2303 1673 2319 1703 ¹
2353 1674 2526 1729 forum
2552 1677 2818 1746 petimus;
2849 1681 2901 1734 in
2933 1680 3106 1736 hieme
3132 1700 3260 1739 vero
3294 1703 3324 1740 a
3355 1689 3527 1756 pluvia
3560 1702 3614 1744 et
3642 1692 3754 1745 lutu

2178 1763 2319 1817 domi
2345 1768 2701 1823 continemur.
2727 1770 2793 1823 At
2823 1772 2875 1825 in
2906 1773 3271 1843 lnppodromis
3294 1822 3307 1844 ,
3334 1780 3421 1833 ubi
3446 1782 3644 1837 nullum
3672 1793 3755 1838 est

2180 1863 2380 1909 tectum
2411 1858 2549 1926 quod
2579 1874 2608 1912 a
2642 1860 2815 1928 pluvia
2842 1863 3114 1931 defendat,
3141 1870 3323 1933 multi,
3361 1872 3532 1927 imbre
3563 1890 3753 1931 urcea-

2180 1947 2271 2000 tim
2300 1947 2532 2013 labente,
2567 1962 2726 2005 vento
2748 1969 2936 2024 aquam
2962 1957 3013 2011 in
3040 1959 3238 2015 vultum
3271 1962 3473 2019 ferente
3500 2007 3515 2029 ,
3548 1967 3753 2022 insania

2178 2037 2322 2092 ducti
2354 2050 2515 2106 stant,
2545 2041 2765 2114 frigore,
2796 2047 2996 2115 pluvia,
3022 2050 3151 2115 luto,
3176 2055 3274 2107 vite
3304 2057 3633 2126 longitudine
3652 2061 3752 2115 de-

2179 2133 2409 2200 spectis;
2442 2135 2573 2189 nihil
2596 2153 2688 2191 eos
2706 2138 2850 2193 domi
2882 2144 3096 2207 retinet,
3130 2145 3259 2200 nihil
3283 2164 3311 2201 a
3343 2153 3643 2218 spectaculo
3663 2169 3755 2207 co-

2181 2219 2367 2276 hibere
2424 2236 2643 2291 potest:
2677 2226 2780 2282 huc
2834 2240 3012 2285 autem
3067 2234 3155 2289 ubi
3207 2246 3402 2291 tectum
3437 2280 3450 2300 ,
3486 2240 3572 2295 ubi
3622 2244 3757 2300 mire

2181 2321 2510 2381 temperatus
2534 2316 2683 2370 calor
2707 2358 2722 2382 ,
2768 2322 2952 2375 venire
2980 2322 3246 2391 refugiunt
3271 2368 3284 2391 ,
3321 2344 3439 2381 cum
3472 2330 3537 2383 de
3566 2333 3758 2386 anima:

2180 2403 2352 2458 salute
2394 2414 2599 2473 agatur.
2649 2407 2895 2465 Hteccine
2920 2454 2935 2478 ,
2964 2429 3145 2483 qumso
3170 2460 3183 2480 ,
3215 2417 3523 2475 toleranda?
3549 2420 3670 2476 Ideo
3701 2423 3757 2477 in

2182 2493 2289 2548 illis
2313 2497 2554 2565 apprime
2582 2500 2778 2565 edocti,
2800 2502 2852 2555 in
2878 2507 3193 2561 necessariis
3220 2508 3574 2579 imperitiores
3597 2530 3755 2583 quam

2180 2586 2388 2653 pueruli
2416 2603 2618 2642 sumus.
2647 2590 2797 2658 Quod
2821 2593 2865 2647 si
2884 2595 3002 2662 quis
3026 2604 3077 2651 te
3094 2599 3327 2669 aurigam
3350 2602 3431 2655 vel
3450 2603 3756 2660 saltatorem

2181 2677 2414 2744 appellet
2447 2720 2461 2744 ,
2509 2679 2558 2733 id
2584 2684 2958 2738 contumeliam
2991 2685 3124 2741 dicis
3152 2731 3166 2753 ,
3201 2691 3322 2745 licet
3346 2694 3476 2747 nihil
3500 2710 3600 2749 non
3632 2711 3761 2763 agas

2182 2777 2239 2821 ut
2271 2770 2361 2823 tibi
2403 2770 2505 2825 hoc
2532 2773 2848 2840 vituperium
2877 2780 3115 2835 attrahas
3142 2799 3157 2846 ;
3180 2784 3223 2836 si
3271 2801 3399 2840 vero
3425 2788 3490 2841 ad
3520 2790 3596 2843 rei
3639 2806 3761 2860 spe-

2181 2862 2445 2916 ctaculum
2473 2876 2681 2933 evocet,
2706 2884 2808 2921 non
2838 2872 3011 2925 resilis
3035 2886 3049 2937 ;
3077 2885 3370 2945 artemque,
3392 2879 3544 2949 cujus
3567 2896 3759 2935 nomen

2182 2951 2382 3023 refugis
2415 2997 2430 3021 ,
2484 2967 2649 3011 totam
2676 2959 2786 3015 fere
2818 2967 3177 3032 prosequeris.
3212 2966 3309 3021 l‘bi
3336 2985 3463 3023 vero
3488 2983 3540 3025 et
3562 2988 3673 3027 rem
3702 2984 3757 3027 et

2182 3058 2375 3099 nomen
2410 3054 2591 3101 tenere
2614 3048 2779 3103 debes
2806 3054 2824 3082 ³
2842 3094 2855 3115 ,
2885 3063 3045 3123 atque
3069 3071 3189 3112 esse
3215 3068 3267 3112 et
3293 3063 3468 3114 vocari
3499 3062 3759 3117 Christia-

2183 3151 2305 3201 nus,
2328 3139 2608 3207 nequidem
2635 3142 2761 3211 quid
2787 3144 2836 3197 id
2860 3145 2928 3199 sit
2953 3147 3223 3218 intelligis.
3249 3150 3383 3219 Quid
3404 3152 3501 3209 hac
3525 3158 3759 3210 amentia

2185 3229 2334 3297 pejus
2361 3231 2385 3284 ἲ
2416 3231 2539 3285 Ιίωο
2570 3232 2879 3302 frequenter
2897 3239 3046 3294 vobis
3069 3240 3247 3297 dicere
3268 3244 3455 3310 velim;
3482 3248 3574 3301 sed
3597 3249 3762 3302 timeo

2183 3334 2250 3373 ne
2276 3320 2471 3377 frustra
2502 3334 2555 3378 et
2578 3326 2693 3381 sine
2723 3328 2831 3383 ullo
2859 3329 3035 3385 fructu
3064 3334 3214 3388 vobis
3255 3336 3354 3389 sim
3382 3337 3618 3394 odiosus.
3667 3342 3759 3395 Vi-

2183 3409 2288 3466 deo
2328 3430 2557 3485 namque
2601 3418 2926 3475 insanientes
2956 3463 2970 3485 ,
3002 3440 3106 3477 non
3160 3426 3320 3481 modo
3360 3429 3588 3497 juvenes
3619 3473 3633 3495 ,
3665 3434 3758 3486 sed

2184 3506 2344 3558 etiam
2371 3520 2529 3561 senes
2560 3525 2573 3561 :
2615 3524 2836 3578 quorum
2868 3516 3096 3568 maxime
3118 3531 3274 3572 causa
3304 3520 3562 3574 erubesco
3591 3563 3604 3583 ,
3638 3540 3758 3577 cum

2184 3597 2356 3651 virum
2378 3613 2540 3654 cerno
2560 3603 2753 3655 canitie
2781 3606 3165 3674 venerandum,
3188 3624 3353 3664 canos
3382 3611 3759 3678 dehonestare,

2186 3699 2239 3743 et
2264 3688 2431 3743 ﬁlium
2465 3705 2644 3746 secum
2674 3694 2904 3748 trahere.
2931 3697 3065 3763 Quid
3099 3701 3266 3769 magis
3288 3700 3565 3756 ridiculum
3592 3704 3759 3774 ?quid

2187 3780 2392 3847 turpius
2417 3785 2440 3833 Υ
2466 3783 2610 3860 filius
2647 3800 2675 3837 a
2725 3795 2873 3853 patre
2898 3789 3120 3856 turpiter
3151 3805 3309 3860 agere
3335 3790 3577 3848 docetur.

2256 3875 2310 3929 5.
2335 3876 2751 3944 Spectaculorum
2771 3890 3018 3934 amatores
3061 3884 3468 3953 redarguutttur:
3505 3887 3777 3956 quodnam

2185 3966 2248 4017 sit
2293 3968 2692 4036 spectaculorum
2738 3972 3349 4029 damnum—Mordent
3394 3976 3507 4032 haec
3553 3979 3763 4032 verba?

2186 4056 2300 4112 Hoc
2323 4072 2422 4128 ego
2449 4060 2572 4114 volo
2594 4100 2610 4125 ,
2642 4070 2701 4115 ut
2738 4077 3022 4118 maerorem
3051 4067 3209 4121 verba
3242 4068 3476 4135 pariant,
3506 4079 3564 4123 ut
3588 4071 3761 4139 reipsa

2187 4163 2214 4200 a
2248 4157 2390 4203 tanta
2444 4153 3118 4221 turpitudineliberemini.
3169 4158 3305 4212 Sunt
3330 4160 3472 4213 enim
3524 4162 3763 4214 nonnulli

2187 4238 2272 4293 his
2300 4240 2457 4311 longe
2502 4242 2822 4311 frigidiores,
2857 4261 2991 4313 quos
3024 4247 3321 4316 hujusntodi
3349 4250 3629 4304 verborum
3658 4268 3765 4305 non

2189 4331 2367 4400 pudet,
2395 4332 2487 4386 sed
2519 4334 2730 4403 longant
2763 4344 2947 4390 texunt
2973 4336 3070 4392 hac
3097 4338 3164 4393 de
3191 4355 3249 4394 re
3279 4341 3596 4396 orationem.
3621 4342 3768 4408 Quas

2189 4424 2232 4477 si
2265 4424 2677 4494 interrogaveris
2706 4428 2824 4495 quis
2853 4428 2923 4480 sit
2967 4430 3130 4483 Amos
3155 4472 3169 4495 ,
3198 4432 3315 4501 quis
3357 4432 3555 4487 Abdias
3575 4475 3590 4497 ,
3637 4444 3772 4503 quot

2190 4515 2485 4583 prophetae,
2517 4527 2645 4586 quot
2674 4520 2921 4587 apostoli,
2946 4536 3011 4574 ne
3043 4522 3247 4577 hiscere
3272 4523 3482 4593 quidem
3516 4536 3767 4593 possunt;

2189 4607 2283 4661 sed
2314 4609 2457 4663 circa
2497 4626 2663 4679 equus
2691 4621 2744 4664 et
2772 4613 3016 4682 aurigas,
3051 4616 3347 4683 graviorem
3379 4633 3537 4687 quau.
3579 4619 3768 4687 sophi-

2190 4709 2287 4753 sta:
2316 4709 2371 4753 et
2400 4702 2643 4757 rhetores
2692 4704 2919 4758 afferunt
2961 4704 3329 4763 defensionem
3360 4725 3375 4763 :
3407 4720 3460 4765 et
3490 4720 3610 4782 post
3653 4712 3770 4768 haec

2190 4793 2367 4846 omnia
2393 4793 2575 4847 dicunt
2600 4812 2612 4847 :
2646 4795 2848 4866 Ecquid
2877 4798 2999 4851 hinc
3027 4798 3374 4855 detrimenti?
3403 4803 3528 4873 quid
3555 4803 3775 4859 damni?

2191 4882 2315 4939 Ideo
2358 4886 2682 4956 ingemisco,
2714 4889 2853 4958 quod
2903 4893 3114 4945 noxiam
3160 4908 3279 4948 esse
3320 4910 3432 4950 rem
3473 4898 3725 4951 nesciatis
3756 4942 3773 4964 ,

2192 4993 2367 5047 neque
2397 4979 2448 5032 in
2499 4995 2713 5033 sensum
2746 4982 3007 5036 malorum
3053 4986 3324 5040 veneritis.
3376 4987 3510 5041 Viue
3558 4998 3776 5059 tempus

2192 5069 2336 5124 dedit
2365 5071 2454 5125 tibi
2485 5071 2621 5125 Dens
2642 5114 2656 5136 ,
2685 5083 2740 5126 ut
2772 5074 2940 5142 ipsum
2980 5076 3125 5130 colas
3167 5094 3181 5131 :
3230 5086 3284 5131 tu
3318 5092 3447 5132 vero
3486 5078 3683 5133 frustra
3717 5095 3773 5135 et

2194 5161 2454 5216 inutiliter
2504 5178 2826 5219 consumens
2870 5166 3000 5220 illud
3023 5210 3038 5233 ,
3066 5168 3264 5237 qureris
3292 5168 3468 5223 adhuc
3490 5212 3503 5235 ,
3532 5170 3674 5240 quod
3705 5173 3776 5224 sit

2194 5252 2481 5308 damnum?
2527 5254 2582 5309 Si
2613 5257 2876 5311 tantillum
2925 5260 3117 5313 frustra
3150 5261 3385 5317 insumas
3415 5264 3653 5332 pecunia:
3675 5307 3689 5328 ,
3722 5265 3774 5317 id

2194 5348 2446 5401 damnum
2472 5364 2631 5402 vocas
2658 5365 2673 5415 ;
2711 5349 2837 5403 dum
2868 5365 2994 5405 vero
3034 5350 3150 5405 dies
3180 5352 3416 5423 integros
3443 5353 3493 5406 in
3522 5356 3778 5410 satanicis

2196 5440 2402 5510 pompis
2429 5441 2654 5496 insumis
2679 5484 2693 5507 ,
2727 5442 2859 5496 nihil
2889 5443 3116 5498 absurde
3146 5455 3195 5498 te
3218 5444 3391 5500 facere
3414 5446 3610 5516 putas?
3638 5444 3774 5501 Cum

2194 5544 2463 5603 Oporteret
2506 5535 2751 5604 precibus
2778 5535 2799 5565 ³
2830 5545 2883 5589 et
2929 5536 3389 5593 obsecrationibus
3418 5549 3583 5596 totam
3610 5541 3775 5596 vitam

2257 5673 2272 5737 ξ
2310 5668 2401 5717 Alii
2419 5668 2592 5737 legunt
2614 5675 2829 5737 tantum:
2846 5677 2899 5737 tn
2920 5676 3042 5721 testu
3059 5683 3247 5737 magno.

2257 5734 2277 5797 ξ
2310 5735 2601 5797 existiment.
2627 5730 2765 5797 savii.
2793 5730 3271 5797 habet,_cupis,'pro,
3293 5733 3459 5787 debes.

2266 5796 2285 5826 ³
2321 5793 2449 5844 Editi
2470 5793 2670 5856 habent,
2694 5792 3019 5858 eleemosynis,
3042 5792 3145 5859 pro,
3165 5792 3405 5857 precibus.
