4084 6360
319 345 421 398 319

321 485 448 530 νων,
478 469 701 523 τοιαῦτα
731 471 985 527 δύναται·
1017 476 1092 540 ώς
1122 473 1260 533 εἶναι
1304 482 1571 537 πάντοθεν
1601 484 1780 554 δῆλον,
1824 483 1906 535 ὅτι

313 553 446 618 θεός
497 556 677 620 ἐστιν,
717 557 975 626 οὐδεμιᾶς
1038 561 1383 637 ἀνθρωπίνης
1429 553 1683 638 δεόμενος
1715 581 1739 608 ι
1790 567 1909 638 βοη-

315 638 484 697 θείας.
514 639 770 708 Οἴδαμεν
789 641 856 694 δὲ
880 643 968 696 ὅτι
1003 645 1146 711 Θεὸς
1166 647 1528 716 ἁμαρτωλῶν
1547 654 1657 705 οὐκ
1677 653 1902 705 ἀκούει.

329 723 548 794 Ἐπειδὴ
593 726 702 796 γὰρ
729 726 1092 797 προλαϐόντες
1125 727 1299 794 εἷπον,
1345 733 1478 800 Πῶς
1518 735 1768 790 δύναται
1801 734 1905 786 ἇν-

319 811 550 874 9ρωπος
570 809 919 878 ἁμαρτωλὸς
950 813 1192 867 τοιαῦτα
1219 817 1439 884 σημεῖα
1466 819 1693 884 ποιεῒν;
1723 819 1910 873 λοιπὸν

318 889 414 941 καὶ
440 892 540 962 τὴν
573 893 796 946 ἐκείνων
834 895 1257 966 παραλαμϐάνει
1305 901 1510 972 κρίσιν,
1549 901 1659 954 τῶν
1693 902 1910 956 οἰκείων

315 973 515 1036 αὐτοὺς
563 975 992 1047 ὑπομιμνήσκων
1033 981 1314 1052 ῥημάτων.
1383 984 1448 1036 Ἦ
1499 985 1652 1050 δόξα,
1721 986 1906 1055 φησὶν,

315 1056 454 1128 αὕτη
483 1059 576 1112 καὶ
601 1061 736 1130 ἐμοῦ
765 1063 856 1115 καὶ
891 1063 1046 1132 ὑμῶν
1086 1069 1257 1138 κοινή·
1294 1069 1466 1140 ταύτῃ
1493 1070 1674 1122 τοίνυν
1707 1069 1906 1140 ἐμμεί-

315 1160 466 1198 νατε.
497 1145 606 1197 Καὶ
632 1144 731 1199 θέα
762 1165 852 1216 μοι
876 1149 975 1220 τὴν
1008 1149 1246 1204 σύνεσινο
1275 1153 1562 1223 Πανταχοῦ
1591 1153 1651 1206 16
1682 1156 1908 1222 σημεῖον

319 1227 690 1298 περιστρέφει,
726 1231 912 1300 ἐπειδὴ
947 1232 1104 1286 τοῦτο
1131 1235 1270 1287 ἑλεῖν
1300 1236 1327 1275 δ
1354 1237 1456 1290 οὐκ
1486 1231 1653 1306 εἶχον,
1685 1239 1779 1290 καὶ
1809 1238 1906 1290 ἀπ’

315 1313 482 1365 αὐτοῦ
509 1311 899 1380 συλλογίζεται.
945 1317 1107 1388 Ὁρᾷς
1135 1320 1217 1371 ὅτι
1241 1319 1334 1372 καὶ
1359 1320 1387 1372 ὃ
1412 1320 1470 1384 ἐξ
1501 1321 1675 1392 ἀρχῆς
1697 1321 1904 1388 ἔλεγεν,

312 1398 396 1448 δτι
432 1399 502 1451 El
538 1397 890 1464 ἁμαρτωλός
925 1400 1116 1463 ἐστιν,
1147 1405 1258 1456 οὐκ
1286 1399 1451 1464 οἶδα,
1476 1404 1597 1473 ούχὶ
1631 1404 1908 1475 ἀμφιϐάλ-

313 1481 442 1532 λων·
481 1479 556 1550 μὴ
583 1481 812 1548 γένοιτοο
843 1480 994 1554 [541]
1024 1485 1139 1537 ἀλλ’
1171 1485 1326 1550 εἰδὼς
1348 1488 1428 1539 ὅτι
1460 1488 1558 1556 ούχ
1583 1487 1906 1556 ἁμαρτωλός

313 1566 499 1630 ἐστιν;
532 1564 645 1616 Νῦν
679 1565 810 1632 γοῦν
850 1568 938 1618 ὅτε
973 1567 1164 1638 καιρὸν
1197 1569 1374 1637 ἔσχεν,
1405 1571 1507 1638 δρα
1550 1569 1666 1632 πῶς
1705 1570 1904 1622 ἀπελο-

311 1647 541 1719 γήσατο.
588 1649 847 1718 Οἴδαμεν
883 1650 952 1703 δὲ
984 1650 1071 1704 ὅτι
1118 1652 1485 1720 ἁμαρτωλῶν
1530 1655 1562 1706 o'
1609 1653 1753 1717 Θεὸς
1793 1656 1903 1707 οὐκ

311 1733 541 1798 ἀκούει,
571 1735 704 1788 ἁλλ’
734 1734 844 1787 ἐάν
880 1753 970 1801 τις
1014 1737 1305 1804 θεοσεϐὴς
1337 1732 1377 1807 ᾗ
1399 1777 1412 1799 ,
1443 1737 1542 1790 καὶ
1573 1736 1638 1789 τὸ
1677 1736 1906 1806 θέλημα

311 1815 500 1871 αὑτοῦ
529 1816 693 1884 ποιῇ.
731 1817 996 1872 Ἐνταῦθα
1019 1819 1129 1890 γὰρ
1157 1819 1276 1889 οὐχὶ
1307 1820 1466 1888 μόνον
1488 1821 1904 1890 ἁμαρτημάτων

313 1901 476 1954 αὑτὸν
521 1903 854 1970 ἀπήλλαξεν,
887 1903 1024 1956 ἀλλὰ
1075 1904 1170 1957 καὶ
1217 1904 1423 1973 σφόδρα
1471 1905 1777 1974 ἀρέσκοντα
1826 1902 1905 1973 τῷ

311 1986 431 2056 Θεῷ
485 1987 770 2049 δείκνυσι,
820 1988 916 2040 καὶ
973 1986 1044 2040 τὰ
1086 1989 1296 2041 ἐκείνου
1342 1989 1518 2042 πάντα
1573 1988 1900 2057 πράττοντα.

325 2070 542 2140 Ἐπειδὴ
569 2069 676 2140 γὰρ
692 2072 888 2130 ἐκεῖνοι
918 2069 1188 2134 θεοσεϐεῖς
1209 2071 1394 2136 ἔλεγον
1417 2081 1438 2109 ε
1467 2071 1713 2133 ἑαυτοὺς,
1739 2086 1905 2140 προσ-

313 2153 498 2222 έθηκε,
531 2154 636 2206 Καὶ
686 2152 755 2206 τὸ
794 2151 1022 2221 θέλημα
1045 2154 1232 2207 αὑτοῦ
1261 2152 1424 2220 ποιῇ.
1465 2154 1580 2206 Οὐκ
1605 2154 1766 2219 ἀρκεῖ
1794 2152 1903 2223 γάρ

310 2238 492 2302 τοῦτο,
531 2239 716 2306 φησὶν,
747 2237 809 2292 16
838 2237 1221 2306 ἐπιγινώσκειν
1251 2239 1340 2290 τὸν
1364 2239 1518 2301 Θεὸν,
1552 2237 1690 2292 ἀλλά
1723 2238 1817 2290 καὶ
1843 2237 1903 2290 τὸ

313 2323 525 2394 θέλημα
549 2322 717 2374 αὑτοῦ
741 2323 934 2376 ποιεῖν.
959 2317 1091 2375 Εἶτα
1113 2321 1330 2392 ἐπαίρει
1351 2322 1413 2374 τὸ
1428 2323 1673 2391 γεγονὸς,
1702 2322 1899 2390 λέγων,

326 2407 468 2462 Ἀπὸ
505 2407 612 2459 τοῦ
646 2404 857 2469 αἰῶνος
908 2407 1019 2458 οὐκ
1066 2405 1376 2473 ἠκούσθη,
1426 2405 1514 2459 ὅτι
1566 2405 1774 2473 ἤνοιξέ
1812 2423 1902 2470 τις

313 2489 660 2559 ὀφθαλμοὺς
691 2488 924 2556 τυφλοῦ
968 2487 1427 2557 γεγεννημένου.
1468 2490 1532 2540 Εἰ
1561 2488 1741 2541 τοίνυν
1767 2491 1898 2558 ὀμο-

312 2575 540 2642 λογεῖτε.
572 2574 654 2626 δτι
679 2570 1020 2642 ἁμαρτωλῶν
1041 2571 1067 2610 ἀ
1094 2571 1193 2624 οὐκ
1216 2571 1427 2636 ἀκούει,
1455 2567 1608 2636 οὗτος
1634 2573 1688 2626 δὲ
1715 2571 1902 2642 θαῦμα

313 2659 536 2728 ἐποίησε
557 2699 571 2721 ,
613 2658 703 2709 καὶ
751 2655 936 2724 θαῦμα
963 2656 1224 2717 τοιοῦτον,
1255 2650 1368 2708 οἷον
1400 2657 1575 2719 οὐδεὶς
1614 2655 1900 2728 ἄνθρωπος

313 2743 586 2812 ἐποίησεν,
637 2741 860 2812 εὔδηλον
903 2741 986 2793 ὅτι
1041 2741 1220 2794 πάντα
1269 2742 1521 2812 ἐνίκησεν
1561 2741 1761 2812 ἀρετῇ,
1805 2742 1901 2794 καὶ

317 2829 519 2898 μείζων
546 2827 712 2880 αὐτοῦ
747 2828 894 2878 ἐστιν
922 2825 955 2896 ἢ
989 2825 1132 2878 κατά
1165 2824 1453 2897 ἄνθρωπον
1481 2826 1514 2894 ή
1547 2824 1796 2896 δύναμις.
1834 2825 1900 2878 Τί

311 2908 404 2964 οὖν
430 2913 667 2973 ἐκεῖνοι;
713 2910 816 2963 Ἐν
858 2909 1171 2976 ἁμαρτίαις
1215 2909 1296 2962 σὺ
1343 2909 1672 2978 ἐγεννήθης
1721 2907 1895 2974 ὅλος,

313 2993 411 3047 καὶ
440 2993 522 3048 σὺ
554 2992 865 3058 διδάσκεις
893 2991 1085 3060 ἡμιξς;
1111 2994 1253 3054 ’Ἕως
1286 2993 1384 3062 μὲν
1410 2993 1515 3060 γὰρ
1547 2992 1708 3045 αὐτὸν
1733 3009 1900 3060 προσο

312 3077 514 3132 εδόκων
544 3076 850 3148 ἀρνεῖσθαι,
881 3077 975 3128 καὶ
1006 3076 1316 3140 ἀξιόπιστον
1348 3072 1487 3128 εἶναι
1510 3076 1776 3146 ἐνόμιζον,
1806 3079 1900 3130 καὶ

313 3161 460 3228 ἅπαξ
485 3162 580 3215 καὶ
609 3160 861 3232 δεύτερον
891 3159 1181 3222 καλοῦντες
1217 3160 1399 3213 αὐτόν.
1432 3161 1493 3212 Εἰ
1519 3161 1575 3212 δὲ
1603 3161 1677 3231 μὴ
1715 3162 1898 3231 ἐνομί-

314 3244 434 3310 ζετε
457 3245 794 3311 ἀξιόπιστον,
813 3243 1018 3313 εἴποιμ’
1041 3243 1106 3297 ἂν
1133 3243 1265 3312 πρὸς
1290 3244 1509 3307 αὐτοὺς,
1533 3244 1688 3307 Τίνος
1713 3244 1900 3297 ἕνεκεν

313 3325 558 3378 ἐκαλεῖτε
603 3327 695 3378 καὶ
736 3324 987 3394 δεύτερον
1039 3323 1289 3392 ὴρωτᾶτε
1325 3335 1383 3393 ‘3;
1446 3324 1664 3394 Ἐπειδὴ
1694 3325 1750 3377 δὲ
1800 3327 1898 3396 τὴν

313 3410 570 3478 ἀλήθειαν
617 3406 953 3476 ἐφθέγξατο,
991 3405 1139 3458 οὐδὲν
1187 3405 1487 3468 αἰδεσθεὶς,
1529 3406 1618 3458 ὅτε
1663 3407 1900 3473 μάλιστα

311 3492 475 3546 αὑτὸν
501 3490 781 3560 θαυμάσαι
805 3489 992 3560 ἐχρῆν,
1022 3489 1141 3540 τότε
1175 3489 1334 3541 αὑτὸν
1367 3489 1809 3552 καταδικάζουσι.
1837 3491 1900 3542 Τί

311 3577 367 3630 δέ
399 3578 568 3638 ἐστιν,
611 3575 714 3627 Ἐν
739 3573 1047 3641 ἁμαρτίαις
1071 3572 1397 3640 ἐγεννήθης
1421 3572 1597 3638 ὅλος;
1637 3573 1902 3628 Ἐνταῦθα

312 3659 478 3713 αὑτοῦ
527 3654 545 3694 ί
605 3658 701 3710 καὶ
747 3657 844 3725 τὴν
901 3653 1176 3724 τύφλωσιν
1232 3655 1580 3718 ὀνειδίζουσιν
1640 3658 1898 3725 ἀφειδῶςο

311 3745 510 3798 ὡσανεὶ
542 3743 747 3810 ἔλεγον,
795 3740 889 3792 Ἐκ
923 3738 1148 3811 πρώτης
1172 3740 1391 3818 ήλικοίας
1423 3743 1478 3792 ἐν
1526 3742 1822 3814 ἁμαρτίαις
1850 3738 1902 3795 εἷ

315 3831 402 3893 σὺ,
433 3825 876 3898 παραδηλοῦντες
901 3823 1090 3876 ὅτιδιά
1111 3823 1269 3876 τοῦτο
1296 3823 1486 3892 γέγονε
1517 3825 1736 3894 τυφλὸς,
1762 3826 1897 3897 ὅπερ

312 3912 470 3980 λόγον
504 3911 606 3963 οὐκ
639 3907 803 3978 εἶχεν.
857 3906 945 3959 Ἐν
979 3905 1150 3977 τούτῳ
1182 3906 1312 3975 γοῦν
1339 3906 1500 3960 αὐτὸν
1542 3908 1896 3978 παραμυθού-

317 4013 478 4066 μενος
509 3997 537 4048 6
569 3993 803 4064 Χριστὸς
832 3991 1035 4060 ἐλεγενο
1076 3993 1180 4055 Εἰς
1209 3991 1387 4060 κρῖμα
1425 3991 1539 4060 ἐγὼ
1580 3987 1773 4061 ἦλθον
1811 3995 1899 4058 είς

313 4078 421 4131 τόν
449 4078 699 4146 κόσμον,
734 4076 834 4129 ἵνα
859 4077 912 4129 οι
933 4073 1019 4144 μὴ
1035 4074 1377 4139 βλέποντες
1398 4074 1700 4143 ,Βλέ-ψωσι,
1725 4077 1823 4128 καὶ
1846 4079 1899 4129 οἱ

307 4163 652 4227 ,ϐλέποντες
692 4159 907 4229 τυφλοὶ
952 4157 1256 4228 γένωνται.
1282 4159 1418 4222 ,·Ἒν
1459 4159 1770 4228 ἁμαρτίαις
1815 4160 1897 4213 σὺ

311 4247 642 4317 ἐγεννήθης
669 4245 842 4310 ὅλος,
873 4242 972 4296 καὶ
1014 4241 1095 4296 σὺ
1126 4241 1430 4308 διδάσκεις
1457 4241 1613 4312 ἡμᾶς
1640 4259 1658 4304 ;
1697 4245 1760 4295 Τί
1790 4245 1898 4314 γὰρ

314 4329 470 4385 εἶπεν
521 4332 550 4382 ὁ
625 4328 939 4398 ἀνθρωπος;
995 4327 1069 4397 μὴ
1110 4326 1219 4396 γὰρ
1273 4327 1480 4380 οἰκείαν
1543 4326 1766 4398 γνώμην
1823 4327 1900 4392 ἐξ·

315 4416 503 4478 έθετο;
539 4413 660 4482 οὐχὶ
697 4411 880 4482 κοινὴν
903 4410 1082 4481 κρίσιν
1132 4410 1383 4480 ἐξήτασε,
1415 4410 1607 4478 λέγων·
1645 4411 1901 4480 Οἴδαμεν

313 4501 405 4554 ὅτι
437 4494 799 4570 ἁμαρτωλῶν
844 4498 876 4549 ὀ
926 4494 1070 4560 Θεὸς
1111 4497 1223 4548 οὐκ
1256 4495 1493 4553 ἀκούεις
1521 4494 1639 4565 οὐχὶ
1673 4495 1740 4548 τά
1771 4498 1897 4566 παρ’

316 4582 470 4652 ὑμῶν
495 4579 754 4650 λεχθέντα
789 4580 868 4641 είς
900 4577 1064 4648 μέσον
1095 4579 1306 4648 ’ήγαγε;
1336 4577 1444 4632 Καὶ
1478 4577 1768 4640 ἐξέϐαλον
1794 4583 1900 4633 αὺ-

313 4666 424 4720 τὸν
462 4663 599 4728 ἒξω.
645 4657 796 4725 Εἶδες
838 4661 928 4712 τὸν
969 4663 1189 4732 κήρυκα
1225 4665 1322 4727 τῆς
1367 4661 1658 4730 ἀληθείας,
1708 4663 1824 4726 πῶς
1864 4665 1899 4735 ἡ

315 4749 474 4802 πενία
499 4748 598 4817 τῆς
619 4745 934 4815 φιλοσοφίας
954 4745 1054 4797 οὐκ
1080 4745 1296 4813 ἐγένετο
1323 4744 1546 4815 κώλυμα
1568 4762 1582 4810 ;
1620 4745 1781 4816 ὐρᾷς
1800 4749 1900 4799 ὅσα

313 4835 547 4904 ἤκουσεν
574 4833 638 4883 ἐκ
659 4829 981 4900 προοιμίων,
1011 4829 1104 4880 καὶ
1129 4829 1228 4881 ὅσα
1251 4828 1483 4894 ἔπαθενς
1507 4829 1600 4881 καὶ
1617 4828 1706 4882 διά
1729 4829 1900 4898 λόγων

313 4919 411 4972 καὶ
434 4915 525 4969 διὰ
555 4915 732 4982 ἐργων
767 4913 884 4975 πῶς
910 4911 1294 4982 ἐμαρτύρησε;

383 5001 443 5053 δ’.
461 4997 650 5052 Ταῦτα
663 4997 717 5049 δέ
730 4996 1165 5065 ἀναγέγραπται,
1186 4997 1271 5049 ἵνα
1288 4997 1381 5049 καὶ
1399 4998 1559 5066 ἡμεῖς
1578 4995 1896 5067 μιμώμεθα.

315 5085 378 5136 Εἰ
413 5083 522 5152 γὰρ
558 5084 585 5134 6
615 5079 864 5149 ἐπαίτης,
894 5081 921 5131 6
949 5079 1167 5146 τυφλὸς,
1200 5081 1228 5131 6
1259 5080 1394 5148 μηδὲ
1428 5080 1688 5149 ἑωρακὼς
1713 5081 1895 5145 αὐτὸν,

312 5165 583 5234 τοσαύτην
611 5163 811 5224 εὐθέως
855 5162 1168 5234 παρρησίαν
1208 5162 1518 5227 ἐπεδείξατο
1551 5164 1657 5234 πρὸ
1685 5165 1781 5235 τῆς
1807 5165 1898 5218 τοῦ

316 5248 552 5319 Χριστοῦ
581 5249 606 5286 ⁸
634 5245 1051 5316 παρακλήσεως,
1073 5245 1209 5315 πρὸς
1233 5245 1522 5316 ὁλόκληρον
1549 5247 1610 5316 δή
1622 5265 1719 5316 μον
1748 5249 1897 5311 στάς,

316 5333 564 5400 φονῶντα
589 5332 682 5382 καὶ
701 5327 1040 5396 δαιμονῶντα
1062 5331 1156 5380 καὶ
1183 5328 1526 5397 μαινόμενον,
1554 5331 1647 5382 καὶ
1676 5332 1780 5384 ἀπὸ
1802 5333 1900 5402 τῆς

317 5416 527 5470 ἐκείνου
554 5412 738 5482 φωνῆς
778 5412 1098 5482 βουλόμενον
1129 5413 1490 5465 καταδικάσαι
1520 5414 1610 5465 τὸν
1643 5416 1683 5466 Χ
1695 5417 1896 5484 ριστῆν,

316 5499 411 5553 καὶ
441 5499 541 5551 οὐκ
579 5494 739 5562 εἶξεν,
780 5496 902 5549 ούδέ
936 5496 1314 5566 ὑπεχώρησεν,
1348 5496 1484 5549 ἀλλὰ
1515 5496 1652 5567 μετά
1688 5501 1901 5571 παρρη-

382 5605 407 5632 ⁸
432 5601 567 5650 Idem
591 5615 679 5648 ms.
708 5601 841 5649 οὐδέν
864 5601 1153 5659 ἀνθρωπίνης
1173 5601 1489 5662 ἐπιδεόμενος.
1561 5601 1590 5641 ὶ)
1626 5601 1761 5650 Idem
1809 5616 1896 5650 ms.

312 5664 514 5713 ἀνελεῖν.
603 5668 621 5691 τ
672 5663 806 5724 Idem
837 5663 1031 5724 ἐκεῖνον
1080 5665 1276 5721 θεοσεϐῆ
1329 5664 1477 5724 ἔλεγε.
1539 5663 1681 5712 Alius
1726 5665 1902 5712 ἐκεῖνον

314 5727 516 5783 θεοσεϐῆ
541 5725 717 5784 ἔλεγον.
784 5723 810 5762 εὶ
834 5723 922 5786 ΜΒ.
952 5725 1144 5773 Orienl.
1166 5725 1268 5772 εἶτα
1287 5727 1368 5772 καὶ
1389 5723 1728 5786 συλλογίζεται.
1757 5728 1813 5773 Εἰ
1836 5729 1898 5786 μή

312 5787 374 5846 ἦν
399 5787 534 5841 οὗτος
577 5786 707 5848 παρά
752 5784 896 5843 Θεοῦ,
925 5786 1012 5833 οὐκ
1034 5787 1238 5844 ἠδύνατο
1281 5787 1433 5834 ποιεῖν
1476 5784 1628 5834 οὐδέν.
1656 5790 1710 5834 Εἰ
1747 5784 1901 5834 τοίνυν

314 5849 622 5908 ὡμολόγηται
661 5848 734 5894 ὅτι
757 5849 904 5910 ἁμαρ.
950 5848 1103 5896 Paulo
1131 5857 1242 5908 post
1278 5850 1428 5897 idem.
1460 5849 1612 5904 οὐδεὶς
1644 5850 1901 5910 ἀνθρώπων

314 5911 515 5966 ἐποίησέ
558 5925 690 5956 ποτε.
763 5924 786 5947 e
814 5909 943 5957 Idem
970 5911 1010 5956 εί
1045 5910 1184 5970 δὲμὴ
1221 5911 1432 5970 ἐνόμιζον
1455 5911 1608 5965 ἀξιόπ.
1650 5927 1676 5957 τ
1719 5909 1757 5958 έ.
1791 5911 1902 5959 ἐκά-

315 5975 445 6024 λουν,
471 5973 552 6018 καὶ
577 5971 792 6034 δεύτερον
812 5971 1030 6032 ἠρώτων.
1102 5968 1130 6008 Γ
1149 5972 1252 6034 Αίὶί
1271 5968 1467 6018 ἐνταῦθα
1491 5973 1640 6034 αὐτῷ.
1668 5971 1797 6034 ιιιίά.
1813 5987 1900 6034 pro

316 6034 523 6098 ἀφειδῶς
549 6046 638 6081 ms.
675 6031 866 6082 Orienti.
893 6034 1072 6093 σαφῶς.
1141 6035 1166 6074 8
1205 6033 1340 6082 Idem
1369 6035 1458 6096 πρὸ
1480 6041 1562 6092 τῆς
1583 6031 1711 6096 παρὰ
1731 6031 1894 6084 τοῦΧ.

1359 357 1424 412 ΙΝ
1455 357 1776 414 ΙΟΑΝΝΕΜ
1812 355 2042 413 HOMIL.
2079 359 2259 419 LVIII.
2298 365 2370 422 al.
2403 365 2560 422 LVII.

3495 372 3600 426 520

2015 484 2134 547 σίας
2157 487 2376 560 ἀπάσης
2396 492 2595 556 αὐτοὺς
2616 495 2997 561 ἐπεστόμισεν,
3019 491 3116 546 καὶ
3138 491 3314 544 εἵλετο
3337 490 3599 563 βληθῆναι

2014 567 2119 630 ἔξω
2149 570 2368 638 μᾶλλον,
2399 574 2430 642 ἢ
2464 576 2757 646 προδοῦναι
2780 579 2879 646 τὴν
2909 575 3191 647 ἀλήθειαν·
3217 575 3368 644 πόσῳ
3399 575 3598 645 μᾶλλον

2017 651 2165 719 ἡμᾶς
2197 656 2321 718 τοὺς
2350 657 2442 710 ἐπὶ
2485 658 2738 714 τοσοῦτον
2770 662 2960 732 χρόνον
2991 661 3050 713 ἐν
3079 661 3258 714 πίστει
3299 661 3598 732 ζήσαντας,

2013 735 2141 798 τοὺς
2173 739 2341 806 μυρία
2377 739 2630 811 θαύματα
2679 744 2768 798 διὰ
2817 746 2918 816 τῆς
2963 745 3200 808 πίστεως
3244 745 3596 814 ἑωρακότας,

2010 819 2138 882 τοὺς
2173 820 2395 890 μείζονα
2428 827 2888 896 εὐεργετηθέντας
2914 828 3149 890 ἐκείνου,
3177 828 3274 881 καὶ
3300 829 3428 890 τοὺς
3457 827 3601 880 ἐνδο-

2011 901 2103 954 θεν
2123 903 2434 976 ὀφθαλμοὺς
2458 908 2868 979 ἀναϐλέψαντας
2885 952 2900 976 ,
2927 912 3021 964 καὶ
3043 912 3112 963 τά
3150 911 3440 981 ἀπόρρητα
3470 910 3600 963 θεα·

2013 989 2280 1058 σαμένους
2314 994 2611 1064 μυστήρια,
2647 995 2742 1047 καὶ
2767 997 2848 1057 εἰς
2877 994 3146 1064 τοσαύτην
3177 994 3476 1064 κληθέντας
3519 1011 3598 1047 τι-

2014 1075 2141 1145 μὴν.
2173 1077 2393 1132 ἃπασαν
2439 1081 2754 1152 παρρησίαν
2797 1082 2937 1153 ὑπὲρ
2980 1081 3144 1134 αὐτοῦ
3187 1081 3595 1135 ἐπιδείκνυσθαι

2010 1161 2116 1232 Χρὴ
2147 1159 2295 1234 [³49]
2340 1164 2477 1234 πρὸς
2501 1166 2631 1228 τοὺς
2660 1166 2914 1235 ἐγκαλεῖν
2943 1164 3357 1236 ἐπιχειροῦντας
3391 1167 3486 1218 καὶ¹
3519 1165 3597 1218 λέ·

2009 1246 2206 1312 γοντάς
2234 1264 2287 1299 τι
2319 1250 2459 1302 κατὰ
2507 1249 2850 1320 Χριστιανῶν
2895 1251 2990 1303 καὶ
3032 1250 3424 1320 ἐπιστομίζειν,
3460 1249 3595 1302 ἀλλά

2011 1330 2086 1401 μὴ
2111 1333 2510 1401 συγγινώσκειν
2540 1335 2724 1400 ἁπλῶς
2745 1338 2757 1389 !

2077 1417 2428 1487 Δυνησόμεθα
2468 1417 2523 1470 δὲ
2564 1419 2724 1472 τοῦτο
2758 1421 2967 1482 ποιεῖν,
3006 1418 3102 1472 ἐὰν
3142 1435 3236 1472 και
3283 1417 3595 1490 παρρησίαν

2007 1494 2241 1568 ἔχωμεν,
2281 1502 2373 1552 καὶ
2398 1505 2516 1566 ταῖς
2555 1503 2798 1573 Γραφαῖς
2827 1502 3205 1574 προσέχωμεν,
3237 1503 3331 1556 καὶ
3361 1501 3436 1573 μὴ
3463 1518 3597 1570 παρ-

2007 1579 2184 1648 ἐργως
2223 1583 2394 1648 αὑτάς
2428 1585 2739 1656 ἀκούωμεν.
2772 1587 2834 1639 Εἰ
2856 1587 2963 1659 γάρ
2989 1603 3072 1649 τις
3089 1585 3333 1656 ἀκριϐῶς
3362 1583 3594 1638 ἐνταῦθα

2007 1666 2327 1736 εἰσέρχοιτο,
2357 1668 2462 1722 κᾶν
2484 1669 2623 1722 οἴκοι
2648 1671 2722 1741 μὴ
2746 1669 3118 1742 ἀναγινώσκῃ,
3143 1670 3387 1742 προσέχῃ
3406 1669 3462 1722 δὲ
3481 1671 3594 1732 τοῖς

2007 1749 2240 1802 ἐνταῦθα
2262 1750 2593 1822 λεγομένοις,
2627 1756 2786 1822 ἀρκεῖ
2811 1755 2904 1806 καὶ
2925 1752 3170 1816 ἐνιαυτὸς
3191 1747 3272 1816 εἷς
3302 1755 3382 1816 εἰς
3408 1753 3597 1823 ἐμπει-

2010 1831 2130 1899 ρίαν
2155 1833 2317 1887 αὐτὺν
2342 1837 2684 1904 καταστῆσαι
2712 1835 2933 1906 πολλήν.
2969 1837 3044 1888 Ού
3076 1837 3185 1907 γὰρ
3214 1835 3310 1888 νῦν
3336 1835 3436 1906 μὲν
3464 1833 3597 1889 ταύ-

2005 1932 2132 1978 τας,
2170 1915 2360 1987 αὕριον
2400 1919 2456 1971 δέ
2485 1919 2677 1989 ἐτέρας
2709 1921 3158 1990 ἀναγινώσκομεν
3201 1919 3444 1991 Γραφάς’
3477 1918 3593 1972 ἀλλ’

2005 1998 2093 2050 ἀεὶ
2115 1998 2212 2062 τὰς
2230 2000 2401 2064 αὑτάς
2421 2003 2517 2054 καὶ
2538 2003 2847 2066 διαπαντός.
2883 2002 3020 2055 Ἀλλ’
3038 2005 3184 2073 ὅμως
3204 2003 3376 2066 οὕτως
3396 2002 3595 2064 ἀθλίως

2003 2084 2054 2135 οἱ
2091 2084 2276 2138 πολλοί
2313 2085 2650 2152 διάκεινται,
2692 2087 2770 2150 ώς
2815 2085 2956 2155 μετά
2990 2088 3258 2158 τοσαύτην
3287 2087 3594 2155 ἀνάγνωσιν

2007 2166 2142 2236 μηδὲ
2170 2166 2238 2219 τὰ
2265 2168 2503 2238 ὀνόματα
2530 2169 2730 2223 εἰδέναι
2757 2169 2866 2223 τῶν
2891 2169 3131 2238 βιϐλίων·
3159 2172 3256 2222 καὶ
3275 2170 3378 2222 οὐκ
3409 2167 3594 2238 αἰσχύ·

2002 2267 2202 2310 νονται,
2228 2251 2351 2304 οὐδὲ
2372 2254 2705 2324 φρίττουσιν,
2729 2253 2872 2305 οὕτω
2892 2253 3184 2324 παρέργως
3207 2255 3284 2316 εἰς
3314 2253 3586 2324 ἀκροατήο

2007 2348 2117 2402 ριον
2142 2333 2282 2387 θεῖον
2303 2337 2413 2388 εἰσε
2423 2335 2692 2407 ρχόμενοι.
2730 2336 2869 2388 Ἀλλ’
2891 2337 2958 2388 ἂν
2987 2335 3086 2404 μὲν
3107 2335 3429 2406 κιθαρῳδὸς,
3461 2335 3593 2405 ἢόρ-

2002 2416 2225 2487 χηστὴς,
2245 2417 2277 2489 ἢ
2297 2418 2454 2482 ἄλλος
2481 2420 2588 2473 τῶν
2604 2421 2696 2473 ἐπὶ
2723 2420 2823 2489 τῆς
2839 2421 3044 2490 σκηνῆς
3063 2419 3264 2490 καλέσῃ
3287 2418 3385 2490 τὴν
3411 2419 3590 2480 πόλιν,

2005 2499 2141 2568 μετά
2161 2502 2399 2571 σπουδῆς
2421 2503 2662 2566 ἅπαντες
2690 2503 2969 2573 τρέχουσι,
3016 2502 3110 2556 καὶ
3138 2504 3299 2572 χάριν
3323 2502 3475 2572 αὑτῷ
3493 2503 3592 2572 τῆς

2002 2583 2249 2655 κλήσεως
2273 2586 2441 2649 ἴσασι,
2468 2588 2564 2640 καὶ
2587 2587 2804 2658 ἡμέρας
2825 2586 3121 2658 ὁλοκλήρου
3144 2587 3204 2639 16
3224 2588 3397 2656 ἥμισυ
3426 2585 3593 2656 μέρος

2001 2668 2405 2728 ἀναλίσκουσιν,
2438 2671 2631 2742 ἐκείνῳ
2658 2671 2805 2741 μόνῳ
2836 2671 3218 2742 προσέχοντες·
3245 2669 3340 2722 τοῦ
3367 2670 3426 2722 δὲ
3453 2668 3589 2721 Θεοῦ

1999 2751 2088 2804 διά
2138 2751 2435 2822 προφητῶν
2487 2755 2579 2806 καὶ
2629 2753 2945 2807 ἀποστόλων
2989 2755 3120 2823 ἡμῖν
3166 2752 3590 2823 διαλεγομένου,

2000 2837 2371 2908 χασμώμεθα,
2416 2838 2696 2908 κνώμεθα,
2749 2839 3088 2908 ίλιγγιῶμεν.
3133 2840 3240 2893 Καὶ
3280 2841 3336 2892 ἐν
3381 2840 3478 2908 μὲν
3512 2837 3592 2908 τῷ

2001 2920 2148 2990 θέρει
2180 2922 2204 2962 h
2239 2922 2406 2986 πολὺς
2434 2925 2462 2976 6
2503 2923 2714 2992 αὐχμὸς
2753 2920 2894 2977 εἶναι
2922 2924 3090 2984 δοκεῖ,
3127 2925 3221 2977 καὶ
3257 2923 3353 2994 τὴν
3382 2923 3592 2994 ἀγοράν

2000 3004 2514 3076 καταλαμϐάνομεν·
2551 3007 2644 3060 καὶ
2674 3009 2730 3058 ὲν
2764 3007 2992 3077 χειμῶνι
3034 3005 3216 3069 πάλιν,
3245 3008 3273 3059 6
3301 3006 3454 3068 6316;
3481 3004 3593 3058 κώ-

1999 3086 2148 3156 λυμα
2187 3088 2284 3140 καὶ
2317 3090 2344 3141 6
2384 3088 2574 3155 πηλὸς,
2605 3090 2699 3142 καὶ
2737 3091 2876 3142 οἴκοι
2913 3089 3222 3160 καθήμεθα.
3257 3090 3365 3143 Καὶ
3398 3090 3455 3141 ἐν
3491 3088 3590 3158 μὲν

1999 3172 2119 3233 ταῖς
2159 3171 2564 3242 ἱπποδρομίαις,
2607 3173 2706 3225 οὐκ
2746 3173 2948 3243 ὀρόφου
2977 3172 3325 3243 ἐπικειμένου
3374 3173 3467 3226 τοῦ
3497 3171 3590 3225 16v

2001 3253 2155 3306 ὑετὸν
2189 3254 2494 3323 στέγοντος,
2523 3258 2572 3308 οἱ
2611 3256 2830 3319 πλείους
2869 3256 3080 3310 πολλῶν
3118 3257 3341 3328 ὄμϐρων
3373 3259 3388 3298 ὶ
3423 3272 3590 3310 κατα-

2001 3339 2339 3407 φερομένων,
2368 3342 2463 3393 καὶ
2495 3341 2698 3412 ἀνέμου
2734 3341 2794 3393 16
2831 3340 2973 3413 ὕδωρ
3015 3343 3095 3404 εἰς
3133 3342 3231 3405 τὰς
3262 3341 3413 3410 ὄψεις
3445 3341 3590 3411 ῥιπίο

2000 3420 2205 3487 ζοντος,
2236 3423 2504 3493 ἑστήκασι
2532 3425 2870 3494 μαινόμενοι,
2899 3425 2991 3478 καὶ
3011 3424 3216 3494 ψύχους
3237 3467 3250 3487 ,
3286 3425 3381 3478 καὶ
3405 3424 3587 3487 ὑετοῦ,

2000 3505 2095 3558 καί¹
2134 3505 2337 3577 πηλοῦ,
2378 3507 2474 3560 καὶ
2527 3511 2737 3580 μήκους
2774 3508 2898 3562 ὀδοῦ
2946 3509 3412 3580 καταφρονοῦντες
3437 3550 3449 3566 .
3495 3510 3590 3562 καὶ

2000 3589 2150 3642 οὐδὲν
2190 3592 2388 3655 αὐτοὺς
2425 3591 2550 3646 οὔτε
2587 3594 2726 3646 οἴκοι
2765 3593 3018 3664 κατέχει,
3065 3593 3188 3646 οὗτε
3233 3597 3351 3646 ἐκεῖ
3388 3593 3588 3648 κωλύει

1999 3673 2249 3745 διαϐῆναι
2278 3673 2291 3724 i
2330 3693 2342 3706 ·
2374 3676 2608 3730 ἐνταῦθα
2631 3677 2689 3730 δὲ
2721 3677 2815 3730 καλ⁹
2839 3678 3049 3748 ὀρόφων
3071 3678 3458 3748 ἐπικειμένων,
3495 3680 3592 3732 καὶ

2001 3756 2212 3829 θέρμης
2235 3757 2402 3830 οὔσης
2429 3759 2772 3832 θαυμαστῆς,
2806 3761 3125 3816 ἀναδύονται
3155 3764 3249 3815 καὶ
3274 3764 3335 3814 οὐ
3361 3763 3587 3833 συντρέ-

2001 3859 2183 3912 χουσι·
2211 3845 2305 3897 καὶ
2332 3843 2507 3898 ταῦτα
2533 3845 2626 3896 ἐπὶ
2662 3845 2842 3915 κέρδει
2871 3845 2972 3914 τῆς
3007 3845 3216 3908 οἰκείας
3240 3846 3439 3916 ψυχῆς.
3473 3845 3583 3899 Ποῦ

1999 3925 2171 3978 ταῦτα
2199 3928 2430 3994 ἀνεκτὰ,
2463 3926 2584 3980 εἰπέ
2617 3944 2738 3998 μοι;
2778 3929 2876 3981 Διὰ
2910 3928 3067 3982 τοῦτο
3103 3931 3160 3982 ἐν
3195 3930 3423 3993 ἐκείνοις
3451 3931 3588 3984 πάν-

2000 4027 2108 4063 των
2133 4010 2284 4074 ὄντες
2325 4012 2734 4082 ἐμπειρότεροι,
2775 4012 2833 4064 ἐν
2864 4011 2976 4074 τοῖς
3019 4013 3338 4081 ἀναγκαίοις
3385 4014 3589 4066 παίδων

2001 4094 2168 4166 ἐσμὲν
2203 4095 2589 4166 ἀμαθέστεροι.
2627 4093 2744 4148 Κᾶν
2769 4095 2867 4165 μέν
2898 4096 2981 4159 τίς
3008 4094 3117 4168 [σε]
3142 4098 3355 4168 ήνίοχον
3377 4097 3472 4150 καὶ
3492 4097 3588 4169 ὀρ-

2001 4177 2206 4249 χηστὴν
2241 4178 2476 4250 καλέσῃ,
2525 4177 2778 4248 ὑϐρίσθαι
2831 4179 2972 4249 φῂς,
3021 4179 3117 4232 καὶ
3167 4180 3348 4234 πάντα
3389 4183 3585 4244 ποιεῖς,

2001 4261 2142 4314 ὥστε
2197 4278 2256 4314 σε
2307 4262 2334 4301 ιι
2384 4262 2444 4314 16
2493 4261 2692 4325 ὄνειδος
2752 4262 3200 4334 ἀποτρίψασθαι·
3258 4263 3325 4317 ἂν
3383 4265 3440 4317 66
3493 4264 3587 4318 ἐπὶ

2000 4347 2099 4416 τὴν
2138 4345 2370 4416 θεωρίαν
2407 4363 2465 4398 σε
2492 4345 2694 4419 ἐλκύσῃ
2727 4347 2821 4399 τοῦ
2854 4347 3201 4418 πράγματος,
3228 4349 3329 4401 οὐκ
3365 4349 3585 4420 ἀποπη-

2001 4430 2116 4501 δᾷς·
2147 4430 2240 4483 καὶ
2261 4424 2330 4499 ἧς
2356 4429 2417 4483 16
2441 4430 2611 4500 ὄνομα
2658 4430 2878 4500 φεύγεις
2916 4431 3140 4502 τέχνης,
3182 4430 3388 4501 ταύτην
3418 4450 3585 4502 μετα-

2000 4513 2217 4577 διώκεις
2237 4514 2423 4584 σχεδὸν
2451 4515 2691 4568 ἅπασαν.
2726 4515 2894 4569 Ἔνθα
2923 4516 2981 4569 δὲ
3014 4517 3108 4569 καὶ
3137 4515 3196 4569 16
3222 4517 3456 4588 πρᾶγμα
3492 4517 3586 4570 καὶ

2001 4597 2063 4650 16
2103 4597 2278 4666 ὄνομα
2323 4597 2466 4666 ἔχειν
2499 4597 2736 4667 ὀφείλεις
2766 4595 2810 4660 ι,
2862 4599 2954 4651 καὶ
2999 4593 3137 4651 εἶναι
3169 4599 3263 4651 καὶ
3301 4599 3586 4652 καλεῖσθαι

2002 4680 2326 4750 Χριστιανὸς
2351 4720 2365 4742 ,
2391 4680 2513 4732 ούδέ
2547 4680 2598 4733 τί
2629 4681 2759 4733 ποτέ
2802 4683 2917 4734 ἐστι
2946 4680 3007 4734 16
3040 4683 3269 4752 πρᾶγμα
3315 4677 3479 4743 οἰδας.
3517 4683 3583 4734 Τί

2001 4768 2204 4833 ταύτης
2229 4763 2331 4833 τῆς
2361 4763 2546 4826 ἀνοίας
2569 4775 2609 4802 ω
2628 4763 2824 4832 γένοιτ’
2855 4764 2920 4817 ἂν
2950 4767 3166 4835 χεῖρον;
3203 4765 3388 4818 Ταῦτα
3426 4766 3586 4818 ἐϐου-

2002 4847 2172 4918 λόμην
2209 4848 2446 4917 συνεχῶς
2485 4847 2665 4916 λέγειν
2711 4848 2848 4918 πρὸς
2898 4850 3072 4918 ὑμᾶς·
3117 4849 3331 4903 δέδοικα
3376 4850 3466 4912 δὲ,
3510 4849 3586 4922 μὴ

2005 4932 2183 5001 μάτην
2212 4930 2606 5000 ἀπεχθάνωμαι
2649 4931 2742 4982 καὶ
2774 4929 2999 5001 κέρδους
3043 4931 3230 5003 χωρίς,
3286 4933 3431 5004 Ὀρῶ
3477 4933 3584 5004 γὰρ

2005 5015 2318 5086 μεμηνότας
2350 5013 2410 5066 ού
2447 5013 2600 5076 νέους
2643 5014 2822 5082 μόνον,
2859 5014 2997 5067 ἀ).λά
3028 5015 3121 5068 καὶ
3167 5016 3428 5088 γέροντας
3451 5035 3464 5049 ·
3497 5019 3584 5086 ἐφ’

2003 5093 2076 5152 ὧν
2110 5099 2344 5168 μάλιστα
2395 5097 2759 5167 αἰσχύνομαι,
2791 5097 2917 5150 ὅταν
2967 5098 3062 5151 ἴδω
3105 5099 3276 5171 ἄνδρα
3326 5102 3434 5154 ἀπὸ
3486 5103 3588 5172 τῆς

2003 5183 2196 5246 πολιᾶς
2239 5181 2538 5250 αἰδέσιμον,
2590 5181 3022 5250 καταισχύνοντα
3073 5183 3172 5253 τὴν
3222 5184 3436 5249 πολιὰν,
3491 5188 3586 5240 καὶ

2003 5266 2213 5320 παιδίον
2257 5263 2667 5334 ἐπισυρόμενον.
2722 5264 2786 5316 Τί
2826 5264 2936 5335 γὰρ
2981 5264 3076 5318 τοῦ
3120 5267 3355 5334 γέλωτος
3396 5267 3584 5321 τούτου

2002 5354 2219 5421 χεῖρον;
2248 5349 2300 5401 τί
2352 5347 2446 5400 τοῦ
2490 5349 2650 5418 ἔργου
2679 5348 2870 5402 τούτου
2899 5349 3332 5421 υαίσχρότερον;
3382 5352 3411 5402 ὁ
3455 5354 3586 5416 παῖς

2001 5435 2152 5506 παρὰ
2189 5432 2280 5486 τοῦ
2317 5431 2518 5504 πατρὸς
2544 5432 2850 5485 διδάσκεται
2881 5433 3230 5503 ἀσχημονεῖν.

2072 5523 2132 5569 ε’.
2155 5516 2350 5569 Δάκνει
2379 5515 2447 5568 τὰ
2469 5515 2534 5584 ρή
2546 5531 2720 5583 ματα;
2743 5514 2914 5567 Τοῦτο
2941 5515 3095 5583 κάγὼ
3129 5515 3422 5587 βούλομαι,
3456 5519 3587 5571 ἀνα·

2004 5597 2223 5670 σχέσθαι
2247 5605 2270 5632 ο
2301 5597 2446 5667 ὑμᾶς
2481 5597 2578 5666 τῆς
2606 5596 2692 5649 διὰ
2723 5596 2830 5649 τῶν
2863 5599 3122 5668 ῥημάτων
3154 5599 3464 5669 ἀλγηδόνος,
3495 5601 3584 5654 ἵνα

2005 5684 2100 5753 τῆς
2142 5683 2230 5736 διὰ
2261 5681 2370 5734 τῶν
2402 5682 2742 5752 πραγμάτων
2783 5681 3168 5754 ἀσχημοσύνης
3205 5683 3579 5755 ἀπαλλαγῆτε.

2065 5787 2093 5823 h
2130 5787 2273 5844 Rnec,
2317 5787 2362 5834 ἐν
2415 5787 2496 5846 μὲν
2523 5786 2592 5847 τῷ
2620 5786 2759 5848 θέρει,
2795 5785 2979 5833 desunt
3023 5787 3074 5832 in
3106 5785 3416 5848 iquibu‘sdam
3463 5802 3578 5837 mss.

2011 5849 2024 5887 δι
2055 5850 2141 5897 Ms.
2167 5847 2354 5897 Orieul.
2380 5849 2570 5894 πολλῶν
2592 5850 2671 5894 καὶ
2693 5849 2928 5909 σφοδρῶν.
3020 5850 3033 5896 ἑ
3067 5847 3218 5909 Idem.
3262 5849 3369 5896 of»:
3408 5851 3584 5898 κωλύει

2002 5913 2290 5974 καταϐῆναιζ
2356 5914 2380 5947 κ
2403 5908 2847 5974 ζε-ᾀρρει-ἰη-ιηεζῇ
2861 5908 3224 5974 0rienl..__lder_n
3249 5924 3360 5958 mox
3387 5912 3585 5974 θεωρίαν

2005 5974 2174 6034 ἐλεύοῃ
2210 5969 2311 6018 τοῦ.
2403 5968 2596 6034 Ιλῐόιξιη
2636 5970 2944 6034 ἐπιθυμεῖς..-Δ
2978 5970 3221 6034 ":Morol.
3258 5979 3342 6029 τῆς
3365 5968 3580 6033 ἀνομίας.

2009 6038 2036 6065 ¹³
2062 6029 2163 6085 Vox"
2194 6035 2364 6081 τούτου
2385 6044 2412 6082 e
2438 6029 2590 6080 Savil.
2611 6041 2664 6080 el.
2688 6029 2828 6079 codd.
2854 6031 2964 6092 705,
2990 6032 3097 6080 706.
3167 6041 3191 6067 ο
3216 6034 3300 6082 Or.
3320 6029 3582 6082 αἰσθέσθαι.
