4084 6360
465 379 563 437 521

477 498 590 553 Καὶ
613 495 723 568 γὰρ
744 493 849 548 εἰσί
874 511 1037 559 τινες,
1061 493 1109 545 οἰ
1137 492 1316 563 πολλῷ
1336 492 1660 564 ψυχρότεροι
1679 493 1884 547 τούτων
1907 490 2056 564 ιῦόῦ]

473 580 646 640 ὄντες,
673 576 724 630 οἳ
751 575 871 630 οὑδὲ
913 573 1255 644 αἰσχύνονται
1283 575 1376 626 ἐπὶ
1408 576 1523 636 τοῖς
1558 574 1892 642 λεγομένοις,
1924 573 2060 626 ἀλλὰ.

473 660 568 712 καὶ
618 654 825 728 μακρὸν
865 655 1100 724 είρουσιν
1124 665 1150 693 ι
1196 653 1336 722 ὑπὲρ
1378 651 1473 705 τοῦ
1519 655 1844 723 πράγματος
1875 651 2054 718 λόγον.

475 735 594 790 Κάν
626 736 724 806 μὲν
749 734 1050 805 ἐρωτήσῃς,
1081 732 1164 793 τίς
1185 732 1332 784 ἐστιν
1355 734 1384 784 6
1419 731 1619 802 ’Δμὼς,
1648 732 1681 801 ἦ
1704 735 1732 784 6
1766 731 1995 795 Ἀϐδιοῦ,
2023 729 2057 802 ἢ

477 813 630 874 ποῖος
673 812 782 866 τῶν
813 811 1110 882 προφητῶν
1148 814 1176 865 6
1210 810 1461 882 ἀριθμὸς,
1501 809 1535 881 ἢ
1569 811 1677 863 τῶν
1714 810 2056 875 ἀποστόλων,

477 894 598 948 οὐδὲ
634 893 793 962 χάναι
839 892 1116 946 δύνανται.
1150 891 1323 961 ’Υπὲρ
1358 891 1416 942 δὲ
1456 892 1637 943 ἵππων
1679 892 1774 943 καὶ
1807 890 2056 960 ἡνιόχων,

481 973 748 1044 σοφιστῶν
776 972 870 1025 καὶ
897 971 1142 1042 ῥητόρων
1179 970 1480 1040 δεινότερον
1509 970 1804 1036 ἀπολογίαν
1827 970 1855 1008 b
1889 986 2061 1022 συντι-

479 1054 634 1106 θέασι
659 1069 674 1084 ο
707 1052 803 1105 καὶ
851 1053 992 1121 μετά
1023 1049 1198 1102 ταῦτα
1231 1049 1446 1102 ἅπαντα
1493 1049 1729 1117 λέγουσι,
1775 1049 1883 1102 Καὶ
1919 1049 1970 1100 τί
1999 1051 2061 1102 :6

485 1133 715 1204 βλάϐοςς
745 1130 839 1184 καὶ
868 1131 951 1195 τίς
982 1130 1014 1200 ἡ
1041 1128 1251 1199 ζημίας
1292 1128 1390 1181 Διά
1429 1128 1538 1200 γὰρ
1567 1130 1725 1181 τοῦτο
1756 1129 1948 1189 στένω,
1977 1129 2059 1183 ὅτι

478 1213 600 1266 οὐδὲ
635 1209 839 1281 ζημίαν
883 1210 996 1262 ῐστε
1027 1208 1086 1261 :6
1119 1210 1372 1278 πρᾶγμα,
1411 1208 1532 1260 οὐδὲ
1571 1208 1820 1278 αἴσθησιν
1851 1209 2056 1278 λαμϐά-

478 1308 597 1345 νετε
624 1289 732 1343 τῶν
756 1287 960 1342 κακῶν.
987 1288 1195 1340 Ἔδωκέ
1227 1304 1308 1340 σοι
1345 1287 1458 1355 βίου
1491 1287 1826 1356 προθεσμίαν
1867 1288 1894 1339 6
1929 1287 2061 1347 Θεὸς

478 1372 560 1434 είς
585 1369 648 1422 :6
670 1366 994 1439 θεραπεύειν
1025 1367 1186 1420 αὐτόν
1205 1382 1218 1395 ·
1251 1368 1316 1420 σύ
1342 1367 1398 1418 δὲ
1429 1367 1605 1436 μάτην
1634 1365 1939 1418 ἀναλίσκων
1965 1368 2062 1418 αὐ-

476 1449 568 1503 τὸν
596 1449 692 1503 καὶ
719 1447 839 1517 εἰκῆ
869 1448 963 1501 καὶ
998 1448 1054 1499 ἐν
1085 1447 1258 1500 οὐδενὶ
1284 1456 1304 1484 ε
1343 1449 1618 1516 χρησίμῳ,
1650 1445 1923 1510 ἐξετάζεις
1957 1446 2058 1509 ἔτι,

475 1528 562 1590 τίς
606 1529 640 1598 ἡ
688 1526 891 1598 ζημία;
938 1526 1058 1579 Κᾶν
1109 1525 1206 1596 μὲν
1240 1525 1500 1596 ἀργύριον
1533 1525 1712 1592 ὀλίγον
1744 1525 2062 1594 δαπανήσης

476 1607 700 1671 ἁπλῶς,
747 1605 951 1677 ζημίαν
980 1607 1042 1658 :6
1077 1607 1309 1678 πρᾶγμα
1354 1605 1564 1667 καλεῖς’
1606 1605 1706 1668 τὰς
1747 1605 1805 1657 δέ
1848 1605 2062 1674 ἡμέρας

479 1704 572 1738 σου
610 1685 865 1740 δαπανῶν
895 1685 1217 1756 ὁλοκλήρους
1240 1687 1319 1748 εἰς
1351 1685 1643 1749 σατανικάς
1692 1687 1936 1756 πομπὰς,
1968 1685 2060 1737 οὑ-

475 1766 564 1818 δὲν
593 1768 701 1837 ηγῇ
733 1767 909 1818 ποιεῖν
952 1765 1185 1825 ἀτοπον;
1227 1764 1357 1816 Δέον
1394 1767 1476 1827 είς
1520 1763 1672 1826 λιτάς
1699 1763 1725 1803 ά
1765 1765 1859 1817 καὶ
1895 1762 2060 1832 εὐχὰς

476 1844 724 1915 δαπανᾷν
747 1861 840 1897 σου
867 1842 964 1914 τὴν
989 1842 1134 1912 ζωὴν
1157 1842 1393 1904 ἆπασαν,
1417 1843 1481 1895 σύ
1504 1840 1560 1894 δὲ
1589 1845 1669 1906 εἰς
1698 1841 1946 1912 κραυγὰς
1972 1842 2065 1894 καὶ

479 1922 748 1994 θορύϐους
780 1923 876 1975 καὶ
906 1923 1110 1992 αἰσχρά
1141 1922 1380 1991 ῥήματα,
1417 1921 1511 1974 καὶ
1543 1922 1722 1992 μάχην
1756 1922 1849 1974 καὶ
1873 1920 2065 1992 τέρψιν

478 2003 729 2074 ἄκαιρον,
752 2003 847 2056 καὶ
870 2002 1006 2073 ἔργα
1033 2001 1142 2055 ἀπὺ
1176 2000 1512 2070 μαγγανείας
1548 2002 1809 2072 γινόμενα
1831 2001 1921 2054 τὸν
1954 2001 2066 2070 βίον

482 2099 576 2134 σου
626 2080 1040 2144 καταναλίσκεις
1083 2081 1203 2150 είκῆ
1241 2080 1333 2133 καὶ
1377 2081 1471 2133 ἐπὶ
1504 2079 1660 2150 κακῷ
1696 2079 1773 2151 τῷ
1817 2081 1895 2150 σῷ
1919 2096 1930 2108 ·
1963 2081 2059 2133 καὶ

483 2160 625 2230 μετὰ
657 2161 828 2214 ταῦτα
861 2161 1040 2214 πάντα
1078 2160 1309 2230 ἐρωτᾷς,
1343 2160 1428 2222 τίς
1457 2161 1489 2230 ἡ
1529 2159 1735 2230 ζημίας
1768 2160 1868 2213 οὑκ
1901 2160 2058 2224 εἰδὼς

479 2243 564 2293 ὅτι
592 2239 792 2300 παντὸς
823 2240 1022 2310 μᾶλλον
1053 2239 1292 2306 ἀφειδεῖν
1318 2237 1444 2308 χρὴ,
1474 2239 1506 2310 ἢ
1542 2240 1734 2309 χρόνου
1758 2251 1801 2292 ε.
1832 2239 2069 2309 Χρυσίον

481 2320 549 2371 ἂν
581 2317 884 2389 ἀναλώσης,
911 2318 1114 2387 δυνήσῃ
1139 2315 1298 2370 πάλιν
1325 2317 1767 2387 ἀνακτήσασθαι·
1797 2319 1986 2388 χρόνον
2013 2319 2070 2371 δὲ

481 2398 548 2453 ἂν
576 2397 868 2471 ἀπολέσῃς,
905 2397 1178 2459 δυσκόλως
1220 2395 1380 2449 αὑτὸν
1408 2396 1678 2468 ἀναλήψῃ.
1725 2397 1931 2462 Ὀλίγος
1959 2397 2070 2468 γὰρ

483 2480 615 2548 ἡμῖν
642 2478 996 2547 τεταμίευται
1027 2475 1168 2529 κατά
1193 2475 1283 2528 τὸν
1315 2475 1556 2546 παρόντα
1584 2476 1717 2544 βίον.
1745 2477 1842 2528 Ἂν
1867 2472 1961 2530 οὑν
1989 2478 2072 2539 εἰς

482 2557 601 2610 δέον
643 2555 794 2627 αὑτῷ
849 2556 924 2627 μὴ
968 2554 1322 2626 χρησώμεθα,
1360 2555 1412 2608 τί
1461 2555 1693 2626 ἐροῦμεν
1739 2556 2070 2618 ἀπελθόντες

486 2638 632 2704 ἐκεῖ;
658 2636 793 2690 Εἰπὲ
822 2636 932 2707 γάρ
969 2653 1088 2706 μοι·
1121 2637 1170 2688 εῐ
1193 2635 1316 2688 τινά
1346 2653 1439 2688 σου
1472 2635 1579 2689 τῶν
1618 2637 1748 2690 υἰῶν
1779 2638 2071 2698 ἐκέλευσας

489 2715 683 2785 τέχνην
723 2716 936 2787 μαθεῖν,
960 2711 1079 2768 εἶτα
1112 2717 1319 2778 ἐκεῖνος
1345 2715 1482 2768 οἴκοι
1512 2715 1599 2768 διὰ
1626 2715 1823 2779 παντὸς
1857 2716 2068 2786 ἔμενεν,

486 2797 522 2869 ἤ
557 2799 651 2852 καὶ
685 2796 920 2867 ἀλλαχοῦ
951 2813 1054 2849 που
1082 2795 1368 2868 διέτριϐεν,
1395 2797 1496 2850 οὑκ
1528 2795 1594 2850 ἂν
1630 2797 1792 2850 αὑτὸν
1819 2797 2070 2868 παρῃτή-

489 2895 622 2932 σατο
649 2879 679 2932 6
716 2876 1068 2941 διδάσκαλος;
1094 2877 1193 2928 οὑκ
1222 2875 1288 2928 ἂν
1314 2870 1435 2928 εἶπε
1467 2875 1603 2946 πρὸς
1633 2876 1712 2928 σέ·
1742 2876 2073 2946 Συγγραφὴν

489 2957 628 3028 πρός
663 2974 732 3027 με
773 2957 1102 3025 πεποίηκας,
1136 2955 1226 3008 καί
1250 2955 1440 3026 χρόνον
1468 2953 1694 3023 ὥρισας.
1723 2956 1788 3008 Εἰ
1825 2955 1899 3026 μὴ
1941 2955 2068 3025 μέλ-

488 3039 571 3092 λει
599 3035 778 3089 τοίνυν
801 3035 894 3088 τὸν
915 3034 1108 3104 χρόνον
1142 3033 1329 3087 τοῦτον
1353 3033 1482 3104 παρ’
1511 3035 1662 3104 ἡμῖν,
1692 3035 1805 3086 ἀλλ’
1843 3033 2072 3105 ἑτέρωθι

489 3114 802 3171 ἀναλίσκειν
841 3115 869 3166 6
902 3115 1066 3176 παῖς,
1111 3111 1228 3175 πῶς
1273 3128 1355 3164 σοι
1393 3111 1858 3182 παραστησόμεθα
1892 3112 2073 3182 μαθη-

488 3197 589 3266 τήν
616 3193 674 3258 ἲς
706 3192 894 3246 Ταῦτα
921 3193 1014 3246 καὶ
1043 3194 1192 3262 ἡμᾶς
1231 3192 1407 3245 εἰπεῖν
1439 3192 1674 3262 ἀνάγκη.
1716 3192 1863 3262 Ἐρεῖ
1893 3191 1950 3244 δὲ
1978 3193 2075 3246 καὶ

490 3278 519 3328 6
560 3272 694 3336 Θεὸς
742 3273 904 3343 ἡμῖν’
947 3271 1150 3342 Χρόνον
1196 3271 1326 3340 ὑμῖν
1377 3270 1610 3332 δέδωκα,
1644 3269 1799 3340 φησί,
1835 3271 1973 3340 πρὸς
2013 3270 2076 3324 :6

555 3380 581 3408 ⁸
625 3377 722 3428 Alii
768 3379 1076 3440 συνείρουσιν.
1106 3377 1194 3440 Ms.
1227 3376 1420 3440 OrienL
1455 3376 1719 3440 γενομένοις
1753 3376 1800 3424 ἐν
1831 3377 1929 3432 τοῖς
1955 3379 2077 3440 θεω-

491 3441 636 3504 ρίοις,
661 3440 784 3488 ἀλλὰ
816 3437 1000 3515 μακρὸν,
1026 3439 1284 3514 ἐγείρουσιν
1310 3439 1446 3500 ὑπέρ.
1495 3437 1618 3485 Infra
1662 3438 1794 3485 idem
1831 3440 1861 3495 ἢ
1901 3439 2067 3494 πόσος.

495 3508 520 3540 ιι
571 3503 993 3562 Ιόθηιίάπολογιαςο
1030 3505 1050 3530 ι
1078 3501 1205 3562 Εόιιι
1235 3500 1284 3547 έν
1312 3499 1478 3562 οὐδενί.
1523 3499 1652 3547 Idem
1678 3498 1751 3562 ἐπ’
1773 3500 1952 3556 οὐδενί,
1977 3513 2072 3562 nor:

490 3565 639 3633 ma_le.
687 3561 732 3633 ,ἀ
757 3559 900 3633 Ιᾶεῐιι
931 3561 1249 3633 έλεημοσύνας
1273 3623 1284 3633 _
1330 3576 1360 3633 ξ
1392 3559 1525 3633 Ιιξεξῐη
1563 3561 1948 3633 παντὸςιμᾶλλον
1982 3560 2075 3633 τοῦ

490 3626 661 3689 χρόνον
681 3624 903 3689 ἐργασίαν
925 3621 1225 3689 άπαιτηθήσῃ
1265 3621 1394 3689 _|nfra
1430 3623 1560 3689 ἰάσω
1591 3621 1888 3681 τεταμίενται
1911 3623 2077 3686 χρόνος

490 3683 617 3735 {cui
645 3683 730 3734 τὸν
744 3683 861 3748 παρ.
921 3683 942 3722 ί
985 3685 1118 3734 Idem
1148 3683 1361 3748 τεχνίτην
1394 3684 1557 3733 αὑτὸν.

1160 377 1217 434 S.
1257 373 1544 430 JOANMS
1579 372 2083 430 CHRYSOSTOMI
2120 373 2449 431 ARCHIEP.
2489 373 3042 431 CONSTANTINOP.

3638 372 3742 427 329.

2169 494 2360 562 μαθεῖν
2390 495 2488 567 τὴν
2523 496 2718 565 τέχνην
2750 493 2954 564 ταύτην
2985 493 3084 562 τὴν
3114 493 3213 563 τῆς
3250 487 3533 551 εὐλαϐείας
3553 503 3568 518 ⁸
3599 486 3742 551 τίνος

2159 573 2345 627 ἕνεκεν
2373 576 2493 646 εἰκῆ
2520 577 2612 627 καὶ
2644 575 2818 644 μάτην
2845 573 2937 625 τὸν
2963 575 3152 642 χρόνον
3177 569 3492 646 ἀνηλώσατε
3521 567 3740 632 τοῦτον;

2159 652 2214 704 τί
2249 652 2305 704 δέ
2355 645 2490 724 πρὸς
2539 653 2632 706 τὸν
2666 651 2984 706 διδάσκαλον
3031 650 3270 720 συνεχῶς
3307 649 3405 700 οὑκ
3443 645 3742 710 ἐϐαδίζετε,

2157 732 2278 785 οὐδὲ
2301 733 2622 803 προσείχετε
2646 734 2758 794 τοῖς
2778 731 3118 800 λεγομένοις;
3142 730 3263 781 Ὅτι
3285 727 3393 796 γὰρ
3414 727 3574 796 τέχνη
3598 727 3743 778 ἐστὶν

2159 812 2192 881 ἡ
2227 811 2512 873 εὐλάϐεια,
2559 811 2790 864 ἄκουσον
2830 813 2883 863 τί
2919 827 3081 880 φησιν
3115 812 3144 862 6
3194 809 3510 881 προφήτηςο
3543 804 3741 869 Δεῦτε,

2159 891 2357 953 τέκνα,
2381 890 2682 945 ἀκούσατέ
2699 907 2838 958 μου,
2867 891 3055 958 φόϐον
3077 889 3294 957 Κυρίου
3317 883 3535 948 διδάξω
3556 882 3710 951 ὑμᾶς
3725 899 3740 914 ⁸

2159 971 2252 1024 καὶ
2281 970 2443 1023 πάλιν
2461 987 2474 1001 ·
2508 967 2808 1038 Μακάριος
2841 970 3168 1036 ἅνθρωπος,
3196 967 3268 1020 ὃν
3288 964 3365 1019 ἂν
3389 963 3742 1029 παιδεύσῃς,

2159 1051 2370 1116 Κύριε,
2420 1050 2517 1103 καὶ
2572 1050 2641 1102 ἐκ
2704 1050 2811 1103 τοῦ
2847 1052 3035 1118 νόμου
3069 1064 3186 1101 σου
3235 1044 3483 1111 διδάξῃς
3533 1044 3741 1097 αὐτόν.

2163 1133 2329 1183 Ὅταν
2358 1126 2452 1183 οὖν
2482 1129 2671 1182 τοῦτον
2714 1128 2998 1199 ἀναλώσῃς
3044 1126 3189 1196 εἰκῆ,
3227 1124 3558 1187 ποίανὲξεις
3599 1123 3741 1174 ἀπο-

2159 1208 2380 1276 λογίαν;
2423 1209 2530 1260 Καὶ
2563 1209 2707 1270 τίνος
2769 1208 2978 1267 ἕνεκεν,
3018 1207 3200 1276 φησὶν,
3237 1205 3415 1272 ὀλίγον
3461 1205 3591 1272 ἡμῖν
3621 1203 3744 1254 ἐτα-

2165 1288 2426 1359 μιεύσατο
2457 1288 2680 1358 χρόνον;
2718 1287 2780 1338 Ὢ
2812 1287 2908 1356 τῆς
2941 1284 3294 1355 ἀναισθησίας
3322 1283 3414 1336 καὶ
3440 1282 3537 1352 τῆς
3569 1282 3745 1348 ἀγνω-

2169 1371 2435 1441 μοσύνηςί
2481 1370 2623 1441 ὑπὲρ
2649 1363 2709 1422 06
2741 1368 2974 1439 μάλιστα
3005 1370 3348 1439 εὐχαριστεῖν
3381 1366 3512 1426 ἔδει,
3549 1365 3630 1418 ὅτι
3662 1379 3746 1415 σοι

2160 1451 2287 1514 τοὺς
2315 1451 2508 1513 πόνους
2535 1450 2790 1519 ὲπέτεμε,
2825 1448 2915 1500 καὶ
2946 1448 3073 1511 τοὺς
3113 1447 3342 1519 ἱδρῶτας
3373 1443 3618 1512 ἐνέκοψε,
3652 1442 3748 1494 καί.

2161 1531 2259 1600 τὴν
2299 1530 2604 1583 ἀνάπαυσιν
2647 1527 2862 1598 μακρὰν
2894 1526 3115 1598 ἐποίησε
3147 1528 3240 1580 καί
3285 1525 3576 1584 ἀθάνατον,
3607 1521 3746 1592 ὑπὲρ

2161 1607 2365 1661 τούτων
2411 1608 2662 1676 ἐγκαλεῖς
2707 1608 2801 1659 καί
2855 1606 3252 1676 δυσχεραίνεις;
3292 1604 3453 1657 Ἀλλά
3498 1602 3608 1674 γὰρ
3641 1601 3742 1655 οὐκ

2164 1684 2280 1740 οἶδα
2314 1687 2432 1750 πῶς
2460 1687 2694 1740 ἐνταῦθα
2724 1685 2815 1738 τὸν
2843 1685 3000 1753 λόγον
3044 1685 3386 1755 ἐξηγάγομεν
3413 1683 3506 1736 καὶ
3540 1680 3749 1752 μακρὸν

2167 1765 2564 1836 εἰργασάμεθα.
2593 1764 2792 1834 Διόπερ
2825 1764 3120 1831 ἀναγκαῖον
3149 1763 3309 1815 αὑτὸν
3341 1760 3613 1814 συστεῖλαι
3645 1759 3752 1813 πά-

2167 1846 2270 1898 λιν.
2303 1846 2411 1898 Καὶ
2445 1845 2554 1915 γὰρ
2596 1844 2690 1897 καὶ
2723 1843 2880 1897 τοῦτο
2913 1845 3013 1913 τῆς
3042 1843 3317 1914 ἡμετέρας
3356 1840 3748 1910 ταλαιπωρίας,

2169 1924 2318 1996 [5M]
2350 1925 2431 1977 ὅτι
2471 1923 2703 1976 ἐνταῦθα
2741 1923 2857 1993 μὲν,
2897 1923 2962 1975 ἂν
3003 1924 3209 1996 μακρὸς
3248 1923 3472 1993 γένηται
3511 1920 3538 1972 ὁ
3567 1919 3745 1986 λόγος,

2174 2006 2375 2067 πάντες
2416 2001 2760 2072 ἀκηδιῶμεν·
2794 2004 2909 2054 ἐκεῖ
2958 2002 3014 2055 δὲ
3071 2003 3136 2055 ἐκ
3183 2002 3355 2073 μέσης
3401 2001 3614 2071 ἡμέρας
3654 1999 3754 2067 ἀρ-

2167 2084 2406 2154 χόμενοι,
2432 2083 2536 2136 ὑπὸ
2561 2081 2811 2152 λαμπάσι
2839 2081 2932 2134 καὶ
2957 2081 3171 2152 λύχνοις
3192 2079 3583 2152 ἀναχωροῦσιν.
3611 2076 3753 2130 Ἀλλ’

2169 2165 2256 2218 ἵνα
2292 2163 2366 2234 μὴ
2413 2164 2502 2216 ἀεὶ
2539 2161 2877 2231 ἐγκαλῶμεν,
2916 2161 3340 2232 παρακαλοῦμεν
3381 2161 3525 2230 ὑμᾶς
3559 2159 3746 2210 λοιπὸν

2169 2244 2264 2297 καὶ
2296 2241 2557 2311 δεόμεθα’
2598 2241 2715 2293 δότε
2758 2240 2962 2310 ταύτην
2995 2241 3094 2312 τὴν
3139 2241 3300 2310 χάριν
3347 2241 3441 2292 καὶ
3471 2239 3601 2308 ἡμῖν
3656 2235 3756 2288 καὶ

2175 2327 2387 2387 ἑαυτοῖς
2412 2326 2458 2384 ε,
2487 2323 2580 2376 καὶ
2614 2322 2830 2375 πάντων
2857 2321 3259 2389 ἀπαλλαγέντες
3285 2321 3391 2373 τῶν
3418 2319 3610 2378 ἄλλων,
3633 2314 3757 2369 τού⁶

2167 2421 2282 2468 τοις
2321 2405 2547 2466 ἐαυτοὺς
2585 2399 3046 2474 προσηλώσωμεν.
3087 2399 3467 2471 Κερδανοῦμεν
3511 2397 3621 2472 γᾲρ
3659 2394 3755 2474 καὶ

2169 2486 2331 2556 ἡμεῖς
2374 2483 2434 2547 ἐξ
2466 2473 2758 2552 ὑμῶνντὴν
2792 2480 2967 2551 χαρὰν
2999 2481 3093 2534 καὶ
3119 2481 3218 2549 τὴν
3253 2475 3610 2556 εὐφροσύνην,
3649 2473 3750 2556 καὶ

2169 2553 2230 2616 τδ
2264 2561 2622 2630 σεμνύνεσθαι
2658 2561 2742 2628 ἐφ’
2765 2561 2914 2628 ὑμῖν,
2946 2559 3041 2614 καὶ
3066 2558 3165 2629 τὴν
3204 2559 3296 2611 ἐπὶ¹
3323 2556 3531 2618 τούτοις
3565 2553 3753 2607 λαϐεῖν

2171 2642 2404 2712 ἀμοιϐήν
2422 2659 2436 2672 ο
2456 2641 2550 2693 τὸν
2567 2640 2624 2692 δὲ
2649 2638 2836 2710 μισθὸν
2854 2637 3068 2692 ᾶπαντα
3092 2638 3250 2705 ὑμεῖς
3267 2633 3644 2707 καρπώσεσθε,
3663 2632 3748 2684 ὅτι.

2175 2721 2416 2792 μανικῶς
2436 2719 2577 2772 οὑτω
2597 2717 3005 2790 προσηλωμένοι
3025 2719 3091 2787 τῇ
3116 2717 3396 2788 ὀρχήστρᾳ
3422 2712 3526 2784 πρὸ
3541 2713 3754 2792 τούτου,

2171 2791 2259 2854 διὰ
2289 2799 2380 2853 τὸν
2400 2798 2494 2852 τοῦ
2513 2798 2649 2851 Θεοῦ
2671 2797 2831 2865 φόϐον
2854 2798 2948 2850 καὶ
2975 2796 3075 2866 τὴν
3097 2795 3372 2867 ἡμετέραν
3392 2791 3755 2864 παράκλησιν,

2173 2877 2517 2949 ἀπεῤῥήξατε
2559 2876 2653 2930 τοῦ
2685 2878 2991 2948 νοσήματος
3032 2875 3257 2937 ἐαυτοῦς
3294 2873 3525 2934 ἐκείνου,
3555 2871 3647 2924 καὶ
3689 2868 3763 2919 τά

2171 2958 2344 3028 δεσμά
2381 2957 2681 3015 διελύσατε,
2716 2957 2810 3009 καὶ
2856 2956 2989 3027 πρὸς
3020 2955 3110 3008 τὸν
3147 2955 3279 3007 Θεὸν
3324 2955 3608 3024 ἐδράμετε.
3645 2949 3761 3002 Οὐκ

2172 3040 2288 3091 ἐκεῖ
2316 3037 2372 3090 δὲ
2409 3037 2568 3107 μόνον
2591 3036 2826 3106 λήψεσθε
2854 3037 2946 3089 τὸν
2979 3036 3187 3106 μισθὸν,
3221 3034 3354 3087 ἀλλά
3388 3034 3482 3085 καὶ
3526 3028 3759 3084 ἐνταῦθα

2172 3116 2434 3186 εἰλικρινῆ
2470 3115 2826 3184 καρπώσεσθε
2868 3116 2966 3184 τὴν
3018 3114 3230 3186 ἡδονήν.
3281 3112 3532 3165 Τοιοῦτον
3570 3109 3676 3178 γὰρ
3726 3109 3760 3178 ἡ

2174 3199 2374 3266 ἀρετήο
2408 3195 2548 3266 μετὰ
2587 3195 2695 3247 τῶν
2735 3195 2853 3247 ἐκεῖ
2891 3193 3167 3260 στεφάνων
3219 3193 3312 3245 καί
3353 3189 3583 3244 ἐνταῦθα
3624 3188 3760 3256 ἠδῦν

2175 3274 2494 3343 καθίστησιν
2516 3276 2647 3344 ἡμῖν
2677 3273 2766 3326 τὸν
2788 3273 2919 3343 βίον.
2946 3271 3269 3342 Πειθώμεθα
3286 3271 3461 3323 τοίνυν
3492 3270 3600 3331 τοῖς
3620 3269 3768 3337 εἰρη-

2180 3356 2378 3425 μένοις,
2399 3354 2486 3406 ἴνα
2503 3355 2596 3406 καί
2616 3353 2724 3406 τῶν
2741 3352 2971 3405 ἐνταῦθα
2989 3354 3083 3405 καὶ
3098 3351 3206 3403 τῶν
3224 3351 3398 3403 ἐκεῖσε
3423 3347 3766 3425 ἐπιτύχωμεν

2181 3421 2420 3500 ἀγαθῶν,
2449 3432 2632 3502 χάριτι
2681 3431 2774 3484 καὶ
2817 3431 3194 3500 φιλανθρωπία
3230 3427 3324 3481 τοῦ
3366 3425 3567 3498 Κυρίου
3610 3421 3768 3502 ἡμῶν

2195 3498 2370 3580 Ἰησοῦ
2406 3498 2662 3572 Χριστοῦ,
2698 3509 2814 3580 μεθ’
2838 3503 2899 3562 06
2945 3498 3025 3579 τῷ
3056 3498 3229 3578 Πατρί
3270 3509 3302 3577 ἡ
3333 3506 3480 3571 δόξα,
3529 3503 3644 3573 ἅμα
3687 3498 3768 3572 τῷ

2185 3589 2324 3660 ἀγίῳ
2355 3589 2651 3660 Πνεύματι,
2680 3590 2760 3652 είς
2788 3590 2914 3652 τούς
2943 3588 3144 3650 αἰῶνας
3170 3586 3278 3640 τῶν
3301 3583 3532 3638 αἰώνων.
3571 3583 3624 3635 ’Δ
3637 3581 3766 3653 μήν.

2250 3695 2274 3732 Β
2300 3693 2389 3742 Ms.
2415 3694 2504 3743 0r.
2527 3693 2704 3750 ταύτην
2720 3691 2833 3753 ἡμῖν
2864 3693 2949 3748 τήν
2971 3691 3126 3755 χάριν,
3148 3691 3326 3752 μᾶλλον
3349 3687 3500 3736 δὲκαὶ
3520 3685 3631 3748 ἡμῖν
3649 3701 3698 3733 κ.
3724 3685 3767 3732 ἑ.

1967 3854 2209 3907 ΟΜῙΛῙΑ
2249 3852 2376 3909 ΝΘ’.

494 3943 604 4012 Καί
631 3943 920 4008 ἐξέϐαλον
944 3944 1131 3998 αὑτὸν
1150 3944 1292 4009 ἔξιθ’
1326 3944 1423 3997 καὶ
1455 3943 1728 4011 ἤκουσεν
1754 3950 1786 3999 ό
1820 3943 2076 4012 Ἰησοῦς,

565 4011 656 4068 ὅτι
684 4015 976 4078 ἐξέϐαλον
997 4015 1186 4068 αὑτὸν
1222 4015 1338 4078 ἔξω
1357 4031 1370 4044 ·
1405 4015 1504 4067 καὶ
1535 4015 1728 4080 εὑρὼν
1756 4011 1964 4079 αὐτὸν,
1999 4012 2082 4074 εἶθ

568 4098 683 4138 πεν
700 4083 909 4150 αὐτῷ’(
935 4085 1018 4139 Σὺ
1039 4086 1341 4150 πιστεύεις
1353 4085 1558 4146 εἰςτὸγ
1580 4085 1717 4138 Υιὸν
1728 4086 1834 4139 τοῦ
1849 4086 1998 4139 Θεοῦ
2016 4102 2035 4149 ;
2057 4105 2076 4137 ι

580 4154 889 4222 Ἀπεκρίθη
941 4155 1171 4220 ἐκεῖνος
1215 4157 1314 4208 καὶ
1374 4153 1531 4209 εἵπετ’
1571 4175 1588 4206 ι
1619 4155 1729 4208 Καὶ
1777 4156 1868 4221 τίς
1915 4157 2079 4218 ἐστι,

568 4224 764 4293 Κύριε,
794 4225 896 4279 ἵνα
921 4226 1228 4279 πιστεύσω
1255 4227 1342 4292 εὶς
1362 4226 1584 4288 αὐτόν;
1620 4245 1640 4277 ›
1671 4227 1765 4278 καὶ
1796 4226 1866 4280 τὰ
1896 4225 2079 4279 λοιπά.

570 4358 641 4406 α’.
667 4353 730 4405 Οί
759 4350 847 4405 διά
867 4350 967 4424 τὴν
999 4351 1255 4420 ἀλήθειαν
1285 4353 1381 4404 καὶ
1401 4351 1499 4421 τὴν
1523 4353 1602 4415 είς
1635 4351 1868 4422 Χριστὸν
1891 4351 2084 4422 ὁμολο-

501 4433 625 4503 Ιγίαν
658 4433 963 4502 πάσχοντές
985 4450 1037 4486 τι
1076 4431 1248 4485 δεινὸν
1279 4431 1374 4485 καὶ
1403 4431 1771 4502 ὑϐριζόμενοι,
1801 4425 1947 4485 06:0:
1982 4433 2085 4502 μά-

502 4511 664 4566 λιστά
711 4515 847 4566 εἰσιν
885 4514 934 4564 οἰ
983 4510 1305 4582 τιμώμενοι.
1347 4508 1554 4580 ’Ὠσπερ
1597 4511 1705 4582 γὰρ
1747 4512 1775 4562 6
1824 4513 2086 4582 χρήματα

505 4591 740 4654 ἀπολλὺς
779 4590 844 4643 δι’
871 4591 1054 4655 αὑτὸν,
1083 4585 1238 4653 06:0;
1270 4589 1504 4660 μάλιστά
1536 4595 1684 4644 ἐστιν
1709 4593 1737 4643 ὁ
1777 4592 2048 4662 εὑρίσκων
2067 4605 2083 4622 ·

505 4672 602 4727 καὶ
628 4673 656 4726 6
681 4669 779 4742 τὴν
806 4669 983 4741 ψυχὴν
1009 4669 1176 4723 αὑτοῦ
1212 4667 1406 4738 μισῶν,
1433 4669 1596 4731 αὐτὸς
1627 4668 1862 4739 μάλιστά
1887 4672 2032 4722 ἐστιν
2059 4669 2087 4721 6

505 4749 706 4818 φιλῶν·
732 4747 876 4802 οὑτω
902 4747 998 4800 καὶ
1025 4750 1054 4801 6
1080 4745 1454 4818 ὑϐριζόμενος,
1480 4742 1634 4810 06:0;
1667 4748 1903 4816 μάλιστά
1939 4748 2088 4799 ἐστιν

504 4833 534 4885 6
575 4826 918 4900 τιμώμενος*
949 4827 1088 4898 ὅπερ
1122 4825 1218 4879 καὶ
1264 4826 1358 4878 ἐπὶ
1389 4826 1483 4878 τοῦ
1529 4825 1732 4895 τυφλοῦ
1776 4829 2086 4898 γεγένηται.

520 4906 804 4974 Ἐξέϐαλον
847 4901 940 4958 οὖν
982 4904 1142 4957 αὐτὸν
1173 4905 1238 4956 ὲκ
1283 4903 1377 4956 τοῦ
1425 4903 1571 4973 ἱεροῦ
1601 4907 1651 4956 οἰ
1684 4905 1946 4966 Ἰουδαῖοι,
1997 4905 2091 4957 καὶ

506 4982 663 5057 εὗρεν
709 4984 872 5038 αὐτὸν
901 4987 929 5037 ὁ
974 4983 1249 5051 Δεσπότης
1295 4981 1390 5034 τοῦ
1436 4981 1600 5053 ἱεροῦ.
1641 4984 1953 5053 Ἀπηλλάγη
1995 4983 2090 5037 τοῦ

509 5065 788 5136 συνεδρίου
825 5061 920 5116 τοῦ
966 5063 1236 5133 λοιμικοῦ,
1274 5064 1370 5116 καὶ
1408 5062 1694 5134 περιέτυχε
1728 5067 1792 5135 τῇ
1839 5065 2091 5136 σωτηρίῳ

508 5149 659 5219 πηγῇ
683 5161 698 5175 ο
735 5142 1011 5215 ἠτιμάσθη
1051 5143 1203 5213 παρά
1243 5143 1350 5194 τῶν
1381 5141 1472 5195 τὸν
1514 5143 1750 5213 Χριστὸν
1791 5143 2094 5213 ἀτιμασάν-

506 5244 637 5290 των,
665 5226 760 5279 καὶ
795 5221 1027 5292 ἐτιμήθη
1061 5221 1218 5291 παρὰ
1244 5220 1338 5274 :06
1369 5219 1479 5272 τῶν
1508 5221 1756 5290 ἀγγέλων
1791 5220 2082 5275 Δεσπότου.

508 5306 749 5360 Τοιαῦτα
786 5304 854 5356 :6:
891 5301 992 5369 τῆς
1029 5301 1287 5370 ἀληθείας
1321 5299 1551 5353 ἔπαθλα.
1581 5298 1737 5354 Οὕτω
1767 5303 1860 5353 καὶ
1901 5303 2084 5371 ἡμεῖς,

507 5385 574 5440 ἂν
619 5381 853 5438 ἐνταῦθα
895 5379 1121 5450 ἀφῶμεν
1159 5379 1228 5432 τὰ
1261 5381 1545 5450 χρήματα,
1598 5379 1925 5450 εὑρίσκομεν
1974 5381 2090 5433 ἐκεῖ

509 5461 820 5535 παρρησίαν
839 5474 851 5488 ·
880 5457 945 5510 ἂν
974 5453 1207 5508 ἐνταῦθα
1231 5453 1932 5535 δῶμενᾉτοῖςθλιϐομένοις,
1958 5458 2086 5511 ἀνα-

511 5533 833 5612 παυσόμεθα
869 5539 926 5590 ἐν
959 5538 1070 5597 τοῖς
1090 5537 1366 5605 οὐρανοῖς
1401 5533 1470 5587 ἂν
1503 5534 1850 5604 ὑϐρισθῶμεν
1878 5536 1965 5589 διά
1997 5537 2088 5590 τὸν

511 5618 666 5674 Θεὸν.
691 5615 982 5688 τιμώμεθα
1011 5616 1106 5668 καὶ
1137 5612 1392 5688 ἐνταῦθα.
1419 5612 1512 5665 καί
1541 5613 1675 5665 ἐκεῖ.
1710 5614 1795 5676 Ὠς
1819 5613 1875 5664 δὲ
1904 5614 2068 5680 ἐξέϐα

512 5699 602 5752 λον
639 5687 803 5765 αὑτὸν
831 5687 895 5750 ἐκ
933 5695 1028 5750 τοῦ
1072 5694 1244 5765 ἱεροῦ,
1276 5687 1434 5763 εὗρεν
1481 5692 1639 5746 αὐτὸν
1664 5694 1692 5745 6
1723 5693 1950 5762 Ἰησοῦς.
1981 5694 2098 5745 Δεί-

515 5795 704 5831 κνυσιν
747 5763 1204 5844 ὁέὐαγγελιστὴς
1241 5774 1322 5825 ὅτι
1362 5771 1456 5823 ἐπὶ
1497 5771 1672 5841 τούτῳ
1719 5769 1902 5841 ἦλθεν,
1955 5773 2095 5825 ὣστε

516 5855 666 5925 αὑτῷ
697 5857 998 5923 συντυχεῖν.
1025 5855 1135 5904 Καὶ
1169 5853 1269 5922 ὅρα
1299 5849 1440 5902 τίσιν
1471 5850 1633 5902 αὑτὸν
1667 5850 1953 5920 ἀμείϐεται
1974 5866 1987 5881 ο
2017 5851 2096 5919 τῷ

519 5933 799 6001 κεφαλαίῳ
837 5932 941 5983 τῶν
991 5928 1234 5995 ἀγαθῶν.
1281 5927 1388 5980 Καὶ
1426 5929 1535 5997 γὰρ
1581 5927 1773 5980 ἐαυτὸν
1802 5928 2094 5997 ἐγνώρισεν

520 6011 669 6081 αὑτῷ
709 6011 973 6081 πρότερον
1013 6007 1329 6076 ἀγνοοῦντι,
1375 6009 1469 6060 καὶ
1513 6009 1590 6070 είς
1622 6007 1713 6061 τὸν
1738 6007 1847 6062 τῶν
1885 6007 2099 6061 οίκείων

2193 3943 2452 4015 μαθητῶν
2485 3943 2807 4012 ἐγκατέλεξε
2840 3944 3018 4014 χορόν.
3049 3940 3199 4014 [545]
3232 3943 3302 3995 Σὺ
3325 3941 3381 3994 δέ
3417 3940 3628 4002 σκόπει,
3655 3937 3774 4002 πῶς

2189 4025 2289 4093 τὴν
2335 4023 2624 4095 ἀκρίϐειαν
2664 4027 2692 4078 6
2735 4023 3122 4092 εὐαγγελιστὴς
3173 4022 3469 4091 ἐξηγεῖται.
3513 4017 3774 4080 Εἰπόντος

2190 4103 2301 4171 γὰρ
2335 4102 2523 4166 αὐτοῦ,
2556 4103 2638 4157 Σὺ
2670 4104 2976 4167 πιστεύεις
3012 4103 3098 4166 εἰς
3125 4099 3231 4153 τόν
3268 4099 3406 4152 Υἰὸν
3435 4097 3540 4151 τοῦ
3587 4095 3774 4159 Θεοῦ;

2189 4182 2367 4251 λέγει·
2405 4183 2601 4249 Κύριε,
2638 4182 2736 4235 καὶ
2784 4183 2874 4246 τίς
2926 4183 3127 4240 ἐστιν;
3180 4179 3406 4232 Οὐδέπω
3451 4176 3560 4246 γὰρ
3610 4176 3776 4228 αὑτὸν

2189 4261 2326 4331 ᾔδει,
2359 4261 2536 4314 καίτοι
2567 4260 3056 4330 τεθεραπευμένος.
3086 4256 3298 4324 Τυφλὺς
3331 4255 3438 4326 γάρ
3463 4252 3552 4324 ἦν,
3579 4256 3709 4325 πρὶν
3739 4252 3774 4323 ἢ

2191 4340 2329 4410 πρὸς
2358 4341 2450 4393 τὸν
2480 4341 2774 4411 εὐεργέτην
2817 4340 3014 4401 ἐλθεῖν,
3045 4338 3137 4390 καί
3179 4335 3316 4407 μετά
3347 4337 3446 4406 τὴν
3494 4335 3639 4411 ῐασιν
3671 4333 3777 4386 ὑπὸ

2190 4409 2301 4473 τῶν
2347 4418 2526 4473 κυνῶν
2572 4409 2796 4473 ἐκείνων
2850 4417 3210 4488 περιείλκετο.
3251 4415 3514 4484 Καθάπερ
3558 4409 3654 4467 οὖν
3693 4429 3777 4474 τις

2192 4498 2538 4568 ἀγωνοθέτης
2559 4538 2573 4562 ,
2619 4498 2858 4568 ἀθλητὴν
2894 4495 3064 4549 πολλά
3095 4495 3338 4564 καμόντα
3367 4492 3460 4545 καὶ
3499 4507 3776 4559 στεφανω-

2193 4579 2354 4632 θέντα
2377 4579 2610 4648 δέχεται.
2635 4579 2745 4631 Καὶ
2767 4577 2821 4630 τί
2847 4594 3029 4646 φησιν,
3056 4573 3362 4638 Πιστεύεις
3385 4575 3471 4638 εἰς
3498 4571 3606 4623 τὸν
3640 4568 3779 4622 Υιόν

2193 4657 2301 4712 τοῦ
2327 4657 2507 4721 Θεοῦ;
2539 4656 2604 4709 Τί
2626 4656 2816 4723 τοῦτο;
2853 4655 3007 4708 Μετὰ
3034 4653 3302 4720 τοσαύτην
3335 4651 3657 4719 ἀντίρρησιν
3677 4648 3777 4716 τὴν

2195 4737 2332 4806 πρὸς
2358 4737 2486 4797 τοὺς
2520 4735 2826 4798 Ἰουδαίους,
2865 4733 3001 4804 μετὰ
3033 4732 3272 4784 τοσαῦτα
3300 4731 3538 4799 ῥήματα,
3570 4727 3775 4806 ἐρωτᾷ,

2196 4804 2260 4868 Εἰ
2291 4815 2604 4877 πιστεύεις;
2651 4815 2752 4866 οὐκ
2795 4812 3025 4882 ἀγνοῶν,
3053 4809 3191 4862 ἀλλά
3231 4808 3551 4879 βουλόμενος
3584 4804 3778 4857 ἐαυτὸν

2196 4894 2489 4964 γνωρίσαι,
2521 4895 2616 4946 καὶ
2650 4893 2886 4955 δεικνὺς,
2926 4892 3010 4943 ὅτι
3049 4888 3246 4943 πολλοῦ
3279 4888 3504 4957 τιμᾶται
3538 4884 3634 4964 τὴν
3682 4885 3782 4936 αὑ-

2195 4973 2289 5025 τοῦ
2314 4962 2528 5025 πίστιν.
2560 4971 2788 5043 ’Ύϐρισέ
2819 4989 2886 5041 με
2930 4971 3098 5039 δῆμος
3131 4965 3402 5029 τοσοῦτος,
3443 4963 3630 5035 φησὶν,
3653 4962 3778 5043 ,ἀλλ’

2197 5052 2372 5115 οὐδεὶς
2411 5053 2535 5122 ἐμοὶ
2565 5041 2721 5118 λόγος
2765 5050 3022 5103 ἐκείνων⁸
3067 5047 3184 5110 ἐνός
3234 5063 3322 5115 μοι
3372 5044 3551 5114 μέλει,
3583 5041 3677 5094 τοῦ
3720 5042 3782 5122 σε

2199 5119 2509 5184 πιστεῦσαι.
2560 5132 2825 5201 Κρεῖττον
2859 5128 2969 5199 γὰρ
3014 5123 3093 5190 εἷς
3139 5125 3307 5178 ποιῶν
3339 5124 3399 5175 :6
3440 5122 3651 5191 θέλημα
3685 5119 3780 5201 τοῦ

2205 5211 2432 5281 Κυρίου,
2459 5209 2491 5280 ἢ
2533 5198 2718 5280 μυρίοι
2749 5198 3073 5277 παράνομοι.
3105 5204 3188 5258 Σὺ
3222 5201 3525 5281 πιστεύεις
3554 5202 3643 5281 εἰς
3676 5198 3783 5251 τὸν

2216 5278 2351 5344 Υἱόν
2397 5278 2502 5344 τοῦ
2534 5278 2715 5350 Θεοῦ;
2756 5289 2842 5350 Ὠς
2875 5287 2968 5340 καὶ
3001 5283 3212 5356 παρὼν,
3252 5281 3346 5335 καὶ
3386 5278 3782 5348 ἀποδεχόμενος

2204 5370 2273 5423 τὰ
2315 5370 2600 5440 εἰρημένα,
2638 5369 2808 5430 οὑτως
2836 5367 2997 5420 αὑτὸν
3022 5365 3230 5434 ἐρωτᾷ·
3265 5360 3358 5414 καὶ
3389 5358 3653 5440 πρότερον
3682 5357 3785 5440 αὑ-

2203 5453 2294 5504 τὸν
2324 5435 2404 5514 εἰς
2424 5435 2601 5503 ⁷πόθον
2629 5447 2821 5502 ἐαυτοῦ
2848 5446 3200 5516 κατέστησεν.
3231 5443 3305 5494 υύ
3336 5441 3444 5510 γὰρ
3464 5435 3650 5516 εἶπεν,
3681 5437 3786 5489 Εὑ-

2207 5531 2343 5593 θέως
2377 5513 2683 5593 πίστευσον,
2707 5527 2842 5580 ἀλλὰ
2871 5526 2991 5579 κατ’
3021 5513 3308 5594 ἐρώτησιν.
3337 5518 3400 5569 Τί
3432 5513 3523 5570 οὖν
3547 5519 3782 5577 ἐκεῖνος;

2203 5611 2308 5664 Καὶ
2358 5611 2450 5675 τίς
2483 5609 2634 5674 ἐστι,
2664 5609 2876 5674 Κύριε,
2923 5607 3024 5657 ἵνα
3069 5601 3375 5654 πιστεύσω
3436 5599 3524 5662 εἰς
3557 5596 3782 5656 αὐτόν;

2202 5689 2483 5756 Ποθουσης
2519 5690 2614 5742 καί
2649 5687 2852 5756 σφόδρα
2885 5682 3247 5753 ἐπιζητούσης
3291 5679 3468 5747 ψυχῆς
3509 5677 3568 5729 τὸ
3610 5677 3781 5756 ρήμα.

2213 5770 2382 5840 Ὑπὲρ
2407 5755 2467 5820 οῦ
2498 5766 2736 5820 τοσαῦτα
2757 5755 3024 5833 διελέχθη,
3047 5760 3235 5840 1:06:06
3261 5759 3462 5840 ἀγνοεῖ,
3491 5756 3576 5808 ἵνα
3606 5755 3784 5840 μάθῃς

2201 5833 2366 5899 αὐτοῦ
2399 5849 2460 5900 τὸ
2488 5845 2800 5915 φιλάληθες.
2845 5841 3013 5894 υὺπω
3050 5839 3157 5911 γὰρ
3186 5833 3254 5905 ἦν
3301 5834 3463 5915 αὑτὸν
3496 5833 3779 5915 ἑωρακώς.

2201 5927 2372 5996 Λέγει
2423 5911 2613 5990 αὐτῷ·
2661 5911 2770 5979 Καὶ
2804 5924 3067 5990 ἑώρακας
3117 5917 3321 5996 αὐτὸ-ν.
3366 5914 3491 5996 καί
3509 5911 3782 5996 ό-λιισίῶν

2200 5989 2350 6078 μετὰ
2383 6006 2520 6072 σοῦ,
2555 5989 2796 6072 ἐκεῖνός
2838 5989 3027 6057 ἐστινε
3060 5998 3174 6052 Οὐκ
3222 5989 3395 6061 εἶπεν,
3437 5993 3581 6062 Ἐγώ
3621 5994 3777 6064 εἰμι’
