4084 6360
310 344 405 402 Sil

310 458 620 533 impendere
645 498 659 523 ,
689 467 745 514 tu
769 458 821 514 in
852 457 1207 525 clamoribus,
1238 457 1289 511 in
1324 457 1549 511 tumultu
1569 497 1584 521 ,
1613 455 1886 511 obsccenis

310 551 480 604 verbis
502 592 515 614 ,
548 550 735 620 pugnis
758 588 775 612 ,
824 550 1211 618 intempestivis
1240 548 1598 618 voluptatibus
1621 589 1637 613 ,
1671 549 1883 618 praesti-

304 644 435 716 giis,
467 651 632 696 totam
659 642 818 695 vitam
849 642 1160 706 consumis;
1200 641 1356 710 idque
1380 638 1572 693 frustra
1602 650 1656 693 et
1678 640 1729 692 in
1762 654 1881 707 per-

307 734 500 789 niciem
543 743 709 788 tuam.
756 734 822 788 Et
849 743 968 803 post
995 732 1110 788 haec
1156 733 1333 786 omnia
1364 732 1694 800 interrogas,
1742 729 1884 799 quod

302 826 375 878 sit
403 824 657 879 damnum
687 843 700 877 :
729 839 902 895 neque
923 822 1196 892 intelligis,
1218 822 1347 876 nihil
1376 823 1586 891 parcius
1614 822 1887 874 insumen‘

304 914 432 969 dum
464 931 583 972 esse
613 932 770 987 quam
801 924 1008 984 tempus
1033 915 1071 966 ¹.
1104 916 1307 967 Aurum
1335 914 1378 967 si
1409 913 1764 982 impenderis,
1796 928 1882 965 re-

305 1024 564 1077 cuperare
585 1008 815 1076 poteris;
838 1007 1093 1060 amis~um
1114 1016 1322 1075 tempus
1343 1003 1559 1059 difﬁcile
1576 1018 1880 1073 recuperes.

305 1100 475 1155 Breve
500 1116 730 1169 namque
756 1099 872 1169 ejus
912 1099 1137 1169 spatium
1162 1100 1213 1155 in
1242 1098 1340 1153 hac
1367 1099 1471 1153 vita
1516 1099 1669 1152 nobis
1693 1113 1883 1153 conce—

306 1194 488 1259 ditur;
520 1209 623 1263 quo
655 1194 756 1247 nisi
794 1201 849 1247 ut
880 1208 974 1262 par
1000 1202 1084 1247 est
1123 1201 1365 1258 utamur,
1409 1191 1537 1267 quid
1580 1191 1673 1245 illo
1719 1191 1881 1244 adve—

308 1285 518 1339 nientes
555 1283 849 1338 dicemus?
895 1283 1028 1349 Dic,
1079 1296 1304 1352 quaeso,
1353 1282 1397 1335 si
1447 1298 1604 1350 quem
1657 1281 1883 1334 ﬁliorum

307 1385 516 1431 tuorum
543 1374 760 1444 juberes
787 1382 956 1431 artem
1004 1374 1308 1444 quampiam
1338 1373 1609 1439 ediscere,
1641 1374 1727 1426 ille
1755 1389 1884 1426 vero

306 1465 391 1520 vel
436 1465 581 1519 domi
621 1466 706 1519 vel
732 1464 859 1521 alibi
901 1474 1112 1533 tempus
1154 1474 1382 1531 tereret,
1413 1481 1590 1519 annon
1637 1466 1886 1535 magister

308 1558 453 1611 illum
502 1556 775 1610 deferret?
805 1571 981 1610 annon
1022 1557 1223 1611 diceret
1250 1557 1340 1610 tibi
1374 1574 1387 1611 :
1418 1557 1633 1610 Pactum
1676 1572 1882 1617 mecum

306 1648 504 1717 scripto
534 1648 737 1710 fecisti,
772 1657 1087 1717 tempusque
1116 1646 1396 1701 deﬁnivisti
1446 1666 1456 1700 :
1497 1648 1540 1700 si
1568 1662 1695 1702 vero
1747 1649 1886 1703 ﬁlius

308 1752 429 1797 tuus
454 1758 561 1797 non
592 1741 722 1795 velit
764 1752 973 1811 tempus
1010 1740 1147 1810 apud
1180 1756 1281 1798 nos
1307 1741 1613 1803 insumere,
1639 1740 1733 1797 sed
1759 1742 1884 1796 alibi

306 1844 480 1889 terere
504 1874 518 1898 ,
548 1832 814 1903 quomodo
841 1832 1134 1902 poterimus
1174 1832 1269 1886 tibi
1296 1830 1613 1900 discipulum
1653 1835 1886 1893 sistere?

306 1925 432 1979 llaec
471 1940 570 1979 nos
601 1940 813 1995 quoque
854 1923 1033 1979 dicere
1077 1924 1340 1994 cogimur.
1370 1923 1501 1978 Nam
1548 1924 1692 1981 dicet
1735 1926 1888 1979 nobis

310 2016 447 2070 Deus
484 2034 497 2068 :
539 2016 772 2085 Tempus
801 2015 1061 2084 assignari
1097 2017 1285 2079 vobis,
1315 2031 1421 2085 quo
1468 2016 1679 2085 pietatis
1718 2025 1885 2071 artem

305 2109 646 2172 edisceretis;
695 2124 791 2163 cur
832 2106 1031 2162 frustra
1064 2117 1117 2161 et
1169 2108 1437 2163 incassum
1495 2119 1706 2178 tempus
1758 2109 1887 2164 illud

307 2201 665 2269 insumpsistis
684 2201 705 2254 ?
723 2216 818 2254 cur
840 2217 943 2253 non
968 2201 1276 2269 magismtm
1303 2200 1515 2256 assidue
1540 2200 1777 2254 adiistis?
1794 2217 1888 2254 cur

306 2290 463 2344 dictis
492 2306 599 2344 non
627 2291 969 2345 attendistis?
995 2290 1145 2357 Quod
1177 2291 1315 2345 enim
1340 2292 1506 2361 pietas
1536 2293 1603 2346 sit
1631 2308 1717 2346 ars
1738 2308 1886 2363 qua:-

308 2380 462 2444 dam,
506 2381 627 2434 audi
661 2381 974 2450 pr0pltetam
1008 2383 1275 2435 dicentem
1308 2400 1319 2434 :
1381 2381 1551 2437 Venite
1575 2423 1590 2447 ,
1619 2383 1716 2450 ﬁlii
1736 2425 1752 2450 ,
1790 2401 1885 2438 au-

309 2470 412 2525 dite
437 2488 514 2523 me
533 2512 549 2537 ,
573 2473 800 2524 timorem
826 2470 1033 2526 Domini
1073 2474 1255 2529 docebo
1285 2488 1370 2527 vos
1401 2471 1586 2545 (Psal.
1628 2475 1715 2529 55.
1760 2473 1885 2546 12);

315 2572 373 2617 et
408 2563 604 2616 iterum
624 2604 638 2628 ,
672 2561 857 2617 Beatus
882 2566 956 2616 vir
993 2581 1137 2633 quem
1165 2576 1216 2617 tu
1260 2565 1536 2630 erudieris,
1568 2564 1782 2621 Domine
1802 2607 1815 2631 ,
1845 2575 1890 2619 et

312 2655 374 2711 de
404 2654 511 2726 lege
553 2664 640 2708 tua
681 2655 913 2710 docueris
956 2674 1069 2710 eum
1112 2656 1280 2727 (Psal.
1315 2659 1402 2713 95.
1442 2657 1550 2731 1'2).
1583 2659 1715 2713 Cum
1760 2674 1889 2730 ergo

376 2788 393 2819 ⁸
428 2787 486 2837 In
507 2788 681 2853 iisdem
713 2788 792 2838 hic
807 2790 879 2838 sic
900 2789 1107 2853 habetur
1132 2788 1281 2844 locus,
1305 2801 1456 2853 neque
1478 2789 1762 2853 attendis,te
1784 2806 1890 2843 ma-

311 2848 439 2901 xime
461 2852 687 2912 temporis
710 2865 823 2902 usus
847 2850 1081 2901 rationem
1103 2865 1204 2902 esse
1227 2848 1553 2901 redditurum.

1337 341 1401 397 IN
1436 340 1744 403 JOANNEM
1783 340 2013 401 HOMIL.
2054 340 2191 401 LIX.
2231 344 2300 401 al.
2343 343 2523 403 LVIII.

3465 361 3571 414 592

1994 462 2203 524 tempus
2233 456 2495 513 inutiliter
2516 464 2915 532 consumpseris
2937 505 2954 532 ,
2982 480 3141 536 quam
3169 473 3567 537 excusationem

1990 544 2256 601 habebis?
2284 548 2353 604 Et
2379 564 2495 616 cur,
2518 551 2729 620 inquies
2752 595 2769 620 ,
2800 554 2957 611 nobis
2982 556 3146 613 breve
3174 568 3384 630 tempus
3425 579 3566 632 prae-

1989 637 2243 708 scripsit?
2280 640 2325 697 Ο
2354 640 2746 712 insipientiam!
2775 660 2809 699 o
2838 646 3103 717 ingratum
3130 651 3406 708 animum?
3433 654 3566 721 Quia

1992 729 2082 783 tibi
2116 731 2327 787 labores
2355 735 2685 806 sudoresque
2712 738 2943 808 minuit,
2974 755 3038 797 ac
3066 744 3304 813 requiem
3332 745 3427 801 tibi
3452 747 3572 802 diu-

1991 828 2199 875 turnam
2225 831 2280 877 et
2306 823 2659 881 immortalem
2692 829 2938 897 paravit,
2970 830 3092 887 ideo
3122 834 3335 890 incusas
3358 845 3414 892 et
3456 852 3573 892 mo-

1990 909 2119 964 leste
2143 912 2286 966 fers?
2308 914 2412 969 Sed
2436 918 2618 971 nescio
2644 919 2913 987 quomodo
2939 937 3243 981 sermonem
3269 925 3375 983 huc
3398 940 3573 983 trans-

1991 1004 2227 1068 tulimus,
2254 1015 2307 1063 et
2332 1007 2529 1062 tamdiu
2558 1024 2890 1077 peroramus.
2922 1012 3261 1086 Quapropter
3274 1019 3386 1089 jam
3411 1010 3571 1081 ﬁnem

1990 1094 2170 1151 facere
2216 1111 2352 1166 opus
2385 1109 2486 1153 est.
2540 1100 2669 1155 Nam
2718 1100 2819 1157 hoc
2863 1117 3075 1175 quoque
3116 1108 3346 1165 miseria:
3375 1125 3575 1171 nostra:

1990 1184 2369 1255 tribuendum,
2416 1190 2554 1259 quod
2600 1192 2643 1246 si
2695 1192 2783 1249 hic
2840 1193 2997 1265 longa
3044 1198 3115 1252 sit
3168 1202 3380 1272 oratio,
3427 1205 3573 1261 illam

1989 1293 2176 1334 omnes
2221 1281 2576 1349 fastidiamus;
2613 1284 2723 1339 illic
2770 1301 2904 1342 vero
2928 1302 2960 1342 a
3005 1290 3229 1348 meridie
3258 1296 3409 1364 orsi,
3449 1313 3572 1356 cum

1990 1369 2222 1425 lucernis
2266 1374 2539 1429 recedant.
2594 1375 2790 1433 Verum
2842 1393 2912 1434 ne
2956 1394 3171 1450 semper
3221 1384 3529 1449 incusemus
3556 1432 3572 1457 ,

1989 1478 2239 1532 rogamus
2265 1480 2359 1519 vos
2388 1476 2443 1519 et
2477 1469 2820 1526 obsecramus
2852 1489 2867 1527 :
2914 1472 3051 1529 hanc
3079 1485 3131 1529 et
3160 1476 3314 1533 nobis
3343 1489 3397 1534 et
3423 1482 3574 1539 vobis

1990 1557 2214 1624 gratiam
2240 1559 2517 1613 concedite
2538 1600 2552 1624 ,
2583 1570 2640 1613 ut
2663 1562 2781 1616 aliis
2809 1565 3026 1619 omissis
3052 1569 3302 1624 omnibus
3326 1611 3341 1635 ,
3372 1571 3454 1628 his
3485 1574 3567 1627 in-

1990 1646 2328 1702 cumbamus.
2386 1648 2658 1719 Siquidem
2720 1653 2832 1708 haec
2882 1670 2949 1709 ex
3007 1657 3161 1715 vobis
3205 1659 3572 1735 lncrabimur,

1989 1736 2240 1806 gaudium
2262 1778 2279 1805 ,
2309 1740 2545 1794 lmtitiam
2570 1782 2586 1805 ,
2618 1741 2829 1798 laudem
2853 1784 2873 1811 ,
2898 1744 3123 1816 gloriam
3149 1758 3206 1804 et
3244 1754 3573 1811 mercedem.

1993 1828 2187 1884 Totum
2211 1838 2388 1884 autem
2430 1832 2705 1901 przrmium
2734 1849 2831 1889 vos
2852 1835 3187 1894 lucrabimini
3208 1881 3224 1907 ,
3255 1843 3397 1912 quod
3424 1855 3575 1901 ante-

1993 1918 2095 1974 hac
2140 1919 2209 1975 ad
2253 1921 2486 1976 furorem
2538 1938 2707 1993 usque
2735 1924 3030 1982 orchestra:
3075 1928 3309 1998 addictt;
3363 1934 3435 1988 ob
3483 1936 3575 1991 Dei

1995 2010 2244 2065 timorem
2271 2022 2323 2065 et
2342 2012 2765 2069 cohortationem
2789 2027 3050 2085 nostram,
3073 2034 3169 2074 vos
3186 2021 3254 2076 ab
3274 2021 3576 2093 huiusmodi

1993 2100 2182 2156 morbo
2206 2104 2452 2157 erueritis
2471 2144 2485 2168 ,
2506 2114 2559 2158 et
2590 2104 2818 2161 vinculis
2841 2108 3032 2163 solutis
3051 2148 3065 2174 ,
3090 2110 3156 2165 ad
3195 2111 3365 2168 Deum
3392 2130 3580 2171 accur-

1992 2192 2190 2247 reritis.
2222 2192 2405 2263 Neque
2429 2195 2502 2251 ibi
2530 2196 2706 2253 solum
2735 2198 3036 2262 mercedem
3063 2203 3330 2273 recipietis
3354 2223 3368 2273 ;
3393 2223 3579 2265 verum

1994 2281 2153 2336 etiam
2183 2282 2235 2337 iu
2267 2283 2369 2339 hac
2406 2286 2510 2340 vita
2542 2302 2722 2343 veram
2776 2293 3178 2361 consequemini
3228 2297 3577 2368 voluptatem.

1994 2373 2138 2429 Talis
2166 2376 2365 2445 quippe
2392 2377 2561 2432 virtus
2590 2387 2675 2435 est
2723 2398 2739 2436 :
2792 2393 2990 2451 praeter
3017 2399 3247 2442 coronas
3294 2390 3447 2458 illas,
3495 2392 3583 2449 hic

1994 2482 2208 2537 quoque
2233 2484 2455 2525 suavem
2483 2472 2636 2529 nobis
2653 2472 2814 2528 vitam
2842 2486 3014 2544 parat.
3039 2477 3203 2534 Dictis
3219 2495 3347 2551 ergo
3372 2484 3582 2541 obtem-

1997 2572 2283 2627 peremus,
2313 2569 2369 2617 ut
2398 2561 2513 2621 haec
2552 2573 2607 2617 et
2637 2564 2724 2618 illa
2765 2580 3159 2638 consequamur
3200 2570 3375 2640 bona,
3408 2577 3578 2646 gratia

1995 2658 2051 2703 et
2096 2651 2464 2709 misericordia
2496 2654 2706 2710 Domini
2736 2658 2907 2711 nostri
2934 2658 3064 2715 .lesu
3090 2660 3331 2730 Christi,
3364 2668 3578 2737 quicum

1997 2739 2140 2795 Patri
2179 2743 2383 2812 gloria,
2431 2745 2698 2819 simulque
2740 2747 2961 2818 Spiritui
3010 2761 3235 2818 sancto,
3288 2755 3341 2811 iu
3386 2761 3582 2814 saecula

1997 2832 2338 2888 smculorum.
2372 2840 2566 2892 Amen.

1621 3024 1970 3088 HOMILIA
2010 3028 2172 3091 th.
2254 2990 2259 2991 ί

312 3163 444 3219 CAP.
474 3164 527 3218 9.
553 3180 606 3217 v.
637 3164 725 3221 35.
749 3164 815 3218 Et
844 3167 1092 3235 ejecerunt
1121 3182 1234 3218 eum
1264 3169 1401 3235 foras
1420 3182 1437 3219 :
1456 3177 1500 3219 et
1532 3168 1720 3222 audivit
1750 3170 1901 3224 .lesus

386 3274 505 3327 quia
525 3258 776 3327 ejecerunt
796 3275 905 3312 eum
928 3262 1065 3324 foras
1090 3273 1107 3310 :
1128 3265 1175 3310 et
1192 3274 1303 3309 cum
1325 3258 1589 3312 invenisset
1610 3277 1745 3327 eum,
1768 3262 1900 3317 dixit

382 3348 428 3401 ei
451 3346 568 3401 :Tu
603 3350 763 3402 credis
792 3350 845 3402 in
876 3347 1068 3402 Filium
1098 3348 1228 3402 Dei?
1255 3348 1343 3403 '56.
1375 3348 1655 3419 Respondit
1700 3353 1745 3407 ei
1769 3395 1785 3423 ,
1832 3354 1901 3409 Et

385 3443 499 3509 quis
524 3451 617 3505 est,
649 3441 885 3505 Domine,
912 3452 965 3495 ut
990 3442 1190 3495 credam
1211 3442 1265 3495 in
1293 3443 1445 3496 eum?
1477 3454 1580 3498 etc.

388 3533 441 3586 1.
474 3531 815 3586 Contumelias
848 3533 1035 3587 Christi
1072 3549 1226 3587 causa
1264 3534 1508 3604 patientes
1546 3538 1795 3605 quomodo
1821 3555 1903 3594 re-

314 3634 653 3679 munerentur.
694 3624 868 3679 Ctecus
895 3635 1045 3678 natus
1088 3626 1159 3680 in,
1185 3625 1548 3693 discipulorum
1575 3627 1784 3683 chorum
1809 3631 1904 3685 ad-

311 3719 487 3772 scitus.
506 3747 577 3757 —
596 3717 694 3785 Qui
724 3727 943 3788 prepter
973 3717 1251 3772 veritatem
1293 3725 1348 3773 et
1373 3716 1571 3773 Christi
1602 3720 1901 3777 confessio-

313 3823 459 3875 nem,
505 3808 647 3863 malo
691 3809 771 3862 vel
820 3809 1145 3863 contumelia
1183 3808 1411 3878 quadam
1456 3809 1794 3882 afﬁciuntur,
1849 3814 1901 3868 hi

315 3901 546 3955 maxime
568 3916 596 3953 a
621 3901 731 3955 Deo
756 3900 1107 3955 honorantur.
1134 3900 1200 3955 Ut
1224 3901 1364 3954 enim
1388 3901 1476 3971 qui
1498 3913 1718 3973 propter
1735 3905 1900 3959 Deum

315 3992 569 4061 pecunias
601 3991 863 4061 perdidit,
908 3992 992 4047 hic
1036 3992 1267 4046 maxime
1309 3992 1427 4047 illas
1470 3994 1701 4062 invenit;
1733 4005 1787 4049 et
1812 3997 1901 4065 qui

313 4083 431 4137 odit
458 4084 690 4138 animam
720 4099 869 4138 suam
894 4125 909 4149 ,
952 4084 1041 4139 hic
1063 4084 1400 4155 potissimum
1424 4084 1595 4156 diligit
1619 4087 1761 4141 illam
1788 4105 1801 4141 :
1826 4090 1904 4144 sie

313 4176 403 4246 qui
431 4176 754 4232 contumelia
787 4175 1016 4231 afﬁcitur
1036 4218 1051 4241 ,
1102 4176 1189 4231 hic
1216 4178 1547 4246 potissimum
1575 4179 1778 4236 honore
1806 4196 1901 4235 cu-

318 4270 581 4333 mulatur;
611 4269 661 4323 id
692 4269 834 4339 quod
861 4284 1004 4324 caeco
1024 4269 1233 4323 accidit.
1258 4269 1411 4324 Illum
1440 4270 1597 4340 igitur
1620 4273 1904 4343 extemplo

314 4360 488 4416 Jndtei
517 4362 814 4430 eiecerunt,
847 4370 900 4416 et
930 4361 1131 4416 invenit
1156 4362 1302 4415 illum
1331 4363 1514 4432 templi
1548 4362 1825 4420 Dominus.
1857 4363 1903 4418 A

316 4451 573 4521 pestifero
599 4466 853 4508 consessu
887 4453 1177 4520 liberatus,
1222 4451 1552 4507 salutiferum
1600 4454 1797 4509 fontem
1824 4463 1906 4509 est

316 4552 680 4613 consequutus
714 4562 727 4598 :
763 4544 1147 4598 debonestatus
1189 4552 1275 4599 est
1310 4544 1378 4599 ab
1417 4544 1480 4599 iis
1516 4544 1607 4614 qui
1635 4543 1902 4600 Christum

316 4634 781 4703 dehonestarunt,
825 4643 881 4690 et
926 4637 1216 4691 honoratus
1258 4646 1339 4692 est
1367 4637 1435 4691 ab
1462 4638 1770 4707 angelorum
1796 4640 1903 4692 Do-

318 4728 486 4782 mino.
525 4727 650 4789 llaec
689 4736 817 4782 sunt
857 4728 1098 4783 veritatis
1139 4728 1377 4797 praemia.
1406 4728 1494 4783 Sic
1519 4737 1572 4784 et
1601 4743 1701 4784 nos
1737 4730 1781 4783 si
1820 4730 1905 4783 hic

315 4818 575 4888 pecunias
598 4819 935 4885 amittamus,
966 4819 1076 4875 illic
1105 4818 1352 4874 ﬁduciam
1378 4820 1676 4890 reperimus
1700 4837 1715 4885 ;
1744 4821 1789 4875 si
1818 4820 1905 4875 hic

316 4910 639 4965 aerumnosis
666 4911 971 4981 largiamur,
1001 4913 1397 4981 requiescemus
1421 4913 1475 4966 in
1502 4914 1678 4978 caelis;
1712 4914 1754 4967 si
1778 4928 1906 4983 pro-

318 5009 441 5072 pter
470 5002 636 5057 Deum
662 5003 1002 5058 contumeliis
1027 5002 1353 5069 afﬁciamur,
1397 5014 1453 5059 et
1480 5004 1567 5060 hic
1595 5015 1649 5060 et
1673 5006 1777 5059 illic
1805 5005 1904 5059 ho-

319 5107 509 5148 norem
536 5096 930 5165 consequimur.
963 5096 1200 5165 Ejectum
1223 5112 1253 5151 e
1274 5097 1474 5166 templo
1505 5098 1703 5152 invenit
1727 5097 1903 5152 Jesus.

256 5226 259 5229 γ
317 5186 596 5256 Signiﬁcat
623 5187 949 5257 evangelista
990 5189 1109 5242 ideo
1139 5189 1367 5253 venisse,
1393 5198 1444 5242 ut
1478 5189 1550 5242 illi
1581 5200 1903 5245 oceurreret.

322 5278 389 5332 Et
416 5278 695 5333 considera
722 5280 863 5349 quod
892 5280 993 5350 ipsi
1025 5281 1298 5350 prtemium
1324 5280 1562 5336 conferat
1587 5300 1599 5336 :
1623 5294 1780 5353 caput
1807 5284 1906 5338 bo-

321 5386 535 5423 nurum.
567 5372 635 5425 Se
664 5386 894 5440 namque
916 5373 967 5426 ei
995 5380 1179 5426 notum
1209 5372 1331 5427 facit
1363 5372 1510 5443 prius
1538 5375 1823 5443 ignoranti,
1854 5385 1909 5431 et

320 5475 447 5514 eum
488 5462 541 5515 in
570 5460 954 5531 discipulorum
982 5462 1205 5517 chorum
1244 5463 1487 5518 adscivit.
1519 5464 1598 5519 Tu
1628 5481 1753 5519 vero
1779 5482 1908 5521 con—

320 5549 527 5606 sideres
566 5553 724 5607 velim
754 5554 1022 5624 quomodo
1059 5554 1175 5625 ejus
1216 5555 1541 5626 diligentiam
1585 5558 1907 5627 evangelista

321 5643 594 5697 exhibeat.
627 5645 723 5700 lllo
751 5648 893 5701 enint
921 5648 1154 5714 dicente,
1184 5647 1261 5702 Tu
1286 5651 1447 5703 credis
1470 5650 1523 5704 in
1556 5649 1749 5705 Filium
1769 5652 1909 5709 Dei?

325 5836 503 5897 mrat,
531 5827 635 5885 etsi
656 5842 874 5888 sanatus
892 5872 913 5899 ,
953 5833 1076 5903 quia
1101 5848 1276 5891 caecus
1298 5832 1471 5891 fuerat
1496 5838 1799 5909 priusquam
1840 5842 1905 5896 ad

2008 3174 2303 3233 beneﬁcum
2334 3181 2634 3250 accederet,
2664 3192 2720 3240 et
2743 3195 2863 3261 post
2889 3200 3164 3259 receptum
3191 3192 3360 3259 visum
3390 3212 3422 3252 a
3441 3200 3590 3259 cani-

2005 3267 2105 3323 bus
2133 3271 2237 3325 illis
2269 3273 2600 3332 trahebatur.
2629 3276 2787 3339 Jesus
2815 3293 2943 3350 ergo
2972 3295 3070 3345 ceu
3102 3286 3421 3354 agonotheta
3443 3292 3591 3358 quis-

2007 3363 2147 3431 piam
2174 3365 2426 3423 athletam
2451 3381 2573 3438 post
2594 3371 2794 3426 multos
2814 3373 3026 3429 labores
3046 3387 3355 3435 coronatum
3372 3385 3588 3453 excipit.

2006 3453 2074 3508 Et
2108 3457 2232 3526 quid
2259 3459 2423 3513 dicit?
2454 3460 2630 3517 Credis
2654 3464 2707 3516 in
2735 3462 2929 3519 Filium
2959 3465 3098 3521 Dei?
3132 3468 3268 3538 Quid
3300 3472 3402 3530 hoc
3418 3475 3593 3535 ?.Post

2007 3555 2207 3601 tantam
2231 3564 2352 3604 cum
2377 3550 2574 3609 Judaeis
2597 3552 3039 3623 disceptationem
3063 3599 3079 3625 ,
3126 3572 3248 3629 post
3279 3572 3356 3628 tot
3395 3568 3555 3624 verba
3576 3612 3590 3634 ,

2007 3636 2299 3710 interrogat
2328 3656 2451 3696 num
2482 3643 2707 3698 credat?
2735 3644 2850 3703 Non
2882 3646 3022 3718 quod
3053 3649 3299 3721 ignoret,
3330 3656 3424 3714 sed
3452 3660 3595 3728 quod

2006 3728 2132 3782 velit
2159 3745 2217 3784 se
2248 3740 2429 3792 notum
2470 3732 2645 3790 facere
2667 3777 2682 3805 ,
2730 3747 2785 3791 et
2821 3741 3004 3810 quanti
3043 3739 3202 3803 faciat
3239 3744 3355 3815 ejus
3393 3747 3550 3804 ﬁdem
3572 3794 3590 3819 ,

2007 3822 2313 3878 ostendere.
2361 3824 2446 3881 Me
2485 3829 2844 3895 contumelia,
2892 3830 3097 3903 inquit,
3152 3845 3327 3891 tantus
3367 3843 3596 3910 populus

2006 3912 2204 3982 affecit,
2230 3916 2324 3970 sed
2346 3916 2478 3972 nihil
2507 3932 2667 3985 curo;
2714 3937 2876 3976 unum
2903 3934 3056 3994 opto,
3082 3935 3138 3985 ut
3168 3928 3375 3986 credas.
3408 3932 3594 3990 Melior

2006 4005 2203 4076 quippe
2227 4016 2311 4062 est
2336 4023 2475 4064 unus
2506 4011 2595 4080 qui
2640 4012 2767 4067 facit
2789 4015 3122 4077 voluntatem
3151 4019 3398 4089 Domini,
3434 4040 3594 4094 quam

2007 4098 2152 4153 mille
2179 4098 2345 4168 iniqui
2377 4098 2567 4171 (Eceli.
2602 4102 2689 4157 16.
2721 4102 2799 4173 5).
2831 4104 2912 4159 Tu
2939 4109 3103 4162 credis
3142 4110 3195 4163 in
3234 4109 3428 4173 Filium
3462 4114 3598 4172 Dei?

2007 4186 2078 4244 Ut
2102 4202 2340 4256 praesens
2368 4200 2423 4244 et
2446 4189 2586 4247 dicta
2614 4194 2903 4264 excipiens,
2929 4198 3007 4252 sic
3028 4200 3347 4272 interrogat;
3375 4214 3428 4260 et
3449 4209 3603 4276 prius

2008 4279 2060 4335 in
2094 4280 2186 4335 illo
2210 4280 2291 4334 sui
2315 4279 2640 4339 desiderium
2666 4286 2880 4345 excitat.
2909 4287 3025 4343 Non
3057 4289 3191 4351 dixit
3215 4295 3379 4360 enim,
3402 4296 3592 4355 Statim

2007 4374 2190 4441 crede,
2222 4376 2317 4432 sed
2348 4378 2711 4450 interrogavit.
2746 4381 2882 4450 Quid
2914 4382 3077 4453 igitur
3101 4384 3230 4440 ille?
3261 4386 3328 4449 Et
3351 4392 3465 4455 quis
3488 4403 3595 4458 est»,

2008 4465 2253 4535 Domine,
2285 4478 2341 4523 ut
2366 4470 2571 4525 credam
2612 4472 2665 4527 in
2693 4474 2851 4533 eum?
2891 4474 3138 4544 Optantis
3161 4492 3224 4533 ac
3251 4479 3596 4541 vehementer

2008 4557 2364 4615 desiderantis
2386 4562 2627 4617 verbum.
2649 4563 2753 4618 Pro
2773 4580 2880 4634 quo
2898 4576 3041 4621 tanta
3063 4567 3314 4638 loquutus
3333 4583 3436 4639 est,
3456 4573 3598 4632 hunc

2010 4649 2234 4718 ignorat,
2254 4660 2312 4706 ut
2330 4652 2507 4709 discas
2527 4670 2684 4724 quam
2707 4658 2943 4713 veritatis
2962 4674 3148 4721 amans
3163 4672 3329 4721 esset.
3352 4664 3596 4723 Nondum

2009 4743 2149 4797 enim
2181 4744 2357 4812 ipsum
2397 4746 2621 4801 viderat.
2649 4748 2736 4802 57.
2766 4747 2904 4803 Dicit
2944 4751 2988 4803 ei
3019 4766 3039 4803 :
3067 4750 3135 4806 Et
3171 4753 3341 4808 vidisti
3380 4741 3513 4825 eum,
3552 4769 3597 4814 et

2008 4835 2094 4901 qui
2118 4835 2339 4905 loquitur
2367 4846 2530 4890 tecum
2553 4879 2569 4905 ,
2597 4838 2684 4895 ille
2708 4847 2800 4893 est.
2828 4839 2943 4894 Non
2971 4840 3141 4908 dixit,
3169 4843 3285 4915 Ego
3308 4860 3424 4901 sum
3450 4889 3465 4914 ,
3502 4850 3597 4904 sed

2010 4924 2285 4979 remissius
2313 4927 2490 4982 adhuc
2510 4969 2525 4994 ,
2575 4927 2643 4981 Et
2673 4929 2839 4985 vidisti
2868 4946 2999 4987 eum.
3040 4931 3175 4989 Illud
3205 4934 3381 4997 adhuc
3406 4939 3599 4995 obscu~

2010 5031 2126 5070 rum
2154 5025 2298 5083 erat;
2330 5017 2454 5073 ideo
2475 5020 2671 5073 clarius
2700 5020 2868 5086 addit,
2897 5022 2997 5089 Qui
3020 5023 3243 5095 loquitur
3270 5012 3431 5083 tecum
3453 5071 3472 5097 ,
3510 5030 3600 5085 ille

2010 5117 2105 5165 est.
2140 5108 2437 5181 Respondit
2468 5110 2560 5166 ille
2588 5128 2601 5166 :
2629 5111 2718 5167 58.
2761 5110 2959 5180 Credo,
3008 5113 3222 5177 Domine
3254 5128 3344 5173 :et
3369 5120 3601 5179 adorauit

2010 5215 2123 5261 eum
2146 5201 2337 5254 statim.
2365 5199 2549 5270 Neque
2577 5200 2741 5266 dixit,
2787 5202 2902 5274 Ego
2928 5218 3047 5269 sum
3076 5207 3167 5276 qui
3191 5210 3374 5264 sanavi
3405 5220 3478 5275 te,
3506 5215 3596 5282 qui

2011 5290 2118 5346 dixi
2148 5291 2265 5357 tibi,
2300 5292 2465 5357 Vade,
2494 5294 2672 5348 lavare
2698 5294 2747 5349 in
2779 5294 2928 5353 Siloe
2953 5314 2966 5349 :
2990 5296 3087 5353 sed
3119 5297 3200 5354 his
3223 5299 3437 5356 silentio
3462 5303 3597 5365 mis-

2011 5380 2085 5436 sis
2108 5420 2125 5446 ,
2172 5381 2246 5437 ait
2271 5399 2284 5434 :
2308 5381 2481 5437 Credis
2510 5383 2563 5436 in
2594 5381 2787 5441 Filium
2824 5383 2960 5438 Dei?
2989 5386 3194 5444 Deinde
3224 5388 3339 5456 ille,
3373 5392 3603 5448 multum

2012 5474 2270 5529 exhibens
2295 5474 2540 5529 affectum
2568 5516 2584 5540 ,
2626 5478 2803 5532 statim
2835 5478 3077 5535 adoravit
3099 5496 3219 5536 eum
3244 5485 3417 5554 :quod
3445 5489 3601 5557 pauci

2011 5579 2076 5618 ex
2109 5564 2173 5618 iis
2198 5565 2287 5635 qui
2319 5566 2487 5620 curati
2526 5577 2648 5622 sunt
2669 5607 2684 5631 ,
2720 5567 2998 5637 fecerunt,
3029 5581 3086 5626 ut
3112 5574 3308 5644 leprosi
3336 5576 3449 5645 illi,
3475 5586 3530 5634 et
3552 5580 3598 5633 si

1968 5692 1975 5703 ..
2009 5656 2099 5725 qui
2138 5658 2225 5710 alii
2251 5674 2265 5710 :
2291 5658 2415 5713 hinc
2456 5660 2691 5715 ostendit
2727 5660 2963 5717 divinam
3011 5679 3163 5719 suam
3211 5667 3485 5725 virtutem.
3521 5669 3600 5726 Ne

323 5734 652 5835 respondet,
694 5736 945 5806 Domine,
990 5741 1101 5810 quis
1127 5741 1249 5795 est?
1287 5741 1530 5796 Nondum
1561 5744 1702 5797 enim
1733 5745 1905 5817 ipsum
1936 5793 1979 5823 ρ
2009 5751 2129 5817 quis
2154 5750 2299 5807 enim
2323 5759 2528 5819 putaret
2550 5751 2666 5808 hanc
2687 5754 2849 5809 verba
2877 5764 3083 5811 tantum
3108 5774 3248 5828 esse,
3272 5761 3445 5832 ipsum
3466 5779 3608 5835 opus

2013 5842 2235 5897 addidit.
2286 5842 2383 5898 lllo
2424 5853 2602 5899 autem
2651 5845 2947 5918 adorante,
2991 5848 3065 5905 ait
3103 5849 3387 5910 Christus:
3415 5855 3505 5913 39.
3541 5856 3601 5911 ιιι
