4084 6360
492 351 597 406 525

487 462 735 532 judicium
761 475 850 527 ego
879 458 987 511 veni
1015 454 1065 508 in
1094 455 1363 515 mundum,
1394 465 1568 507 utnon
1591 452 1807 506 videntes
1838 449 2067 508 rideant,

492 571 539 608 et
572 554 657 622 qui
685 553 884 613 vident,
924 549 1043 602 cceci
1073 549 1215 615 ﬁant.
1264 546 1491 615 ldipsum
1525 545 1717 599 Paulus
1744 544 1907 597 dicit:
1936 541 2072 606 Quid

491 661 611 712 ergo
655 641 907 695 dicimus?
943 639 1091 704 Quod
1138 648 1303 709 gentes
1350 654 1452 691 nou
1497 647 1751 704 sequentes
1786 635 2069 705 justitiam,

490 742 789 800 acceperunt
826 731 1108 800 justitiam,
1148 729 1401 799 justitiam
1446 737 1610 779 autem
1640 741 1751 794 quae
1779 735 1936 778 estea:
1973 724 2074 789 [ide

493 825 620 877 Jesu
650 839 667 876 :
695 822 855 876 Israel
893 832 1058 873 autem
1107 835 1313 887 sequens
1354 820 1513 888 legem
1548 817 1796 887 justitite,
1836 817 1888 867 in
1918 817 2074 884 legem

489 912 703 981 justitice
727 930 825 966 non
854 912 981 964 venit
1009 911 1186 979 (Rom.
1232 910 1286 964 9.
1324 909 1438 976 30).
1469 907 1600 962 Cum
1646 907 1779 963 dixit
1807 905 2071 959 Christus.

494 1005 561 1060 In
579 1007 831 1075 justitiam
852 1005 962 1057 veni
986 1006 1040 1057 in
1061 1005 1195 1057 hunc
1220 1003 1499 1066 mundum;
1525 1010 1576 1055 et
1604 1001 1751 1055 illum
1780 998 1901 1053 ﬁdei
1927 1008 2075 1052 tena-

496 1098 695 1152 eiorem
723 1096 897 1151 eﬂecit
917 1136 933 1161 ,
979 1105 1034 1150 et
1073 1103 1357 1164 sequentes
1382 1109 1441 1148 se
1467 1093 1717 1147 excitavit
1742 1109 1755 1146 :
1782 1106 1902 1144 nam
1932 1090 2073 1144 Pha-

495 1190 633 1243 rismi
665 1189 1022 1258 sequebantur
1050 1188 1230 1253 illum,
1274 1188 1340 1239 In
1374 1186 1627 1256 judicium
1672 1199 1831 1253 porro
1858 1190 1973 1247 est,
2021 1182 2073 1235 in

496 1281 668 1349 majus
700 1280 1052 1349 supplicium;
1098 1279 1386 1332 ostendens
1410 1294 1503 1331 eos
1528 1278 1619 1346 qui
1648 1291 1706 1330 se
1728 1276 2071 1339 damnarent,

492 1388 612 1427 esse
641 1371 948 1437 damnatos,
977 1382 1032 1425 et
1056 1372 1146 1441 qui
1173 1388 1230 1425 se
1258 1380 1589 1440 peccatoreni
1632 1369 2039 1438 pronuntiarent
2057 1408 2071 1429 ,

493 1463 640 1533 ipsos
669 1478 791 1518 esse
817 1474 1034 1533 peccato
1063 1462 1342 1516 obnoxios.
1371 1461 1464 1515 llic
1488 1475 1616 1513 vvro
1639 1460 1907 1528 duplicem
1930 1458 2075 1511 visus

493 1556 883 1609 restitutionem
912 1565 964 1609 et
983 1554 1247 1622 duplicem
1275 1553 1567 1608 ca-citatem
1596 1560 1874 1607 memorat,
1905 1547 2075 1601 sensi-

494 1645 654 1700 bilem
683 1660 877 1715 nempe
900 1687 916 1711 ,
954 1654 1007 1698 et
1033 1643 1381 1715 spiritualem.
1409 1643 1541 1695 Tum
1571 1642 1753 1695 dicunt
1782 1640 1831 1695 ei
1858 1639 2072 1709 quidam

489 1748 551 1785 ex
600 1729 966 1799 ‘sequentibus
997 1746 1011 1781 :
1044 1728 1134 1782 40.
1169 1726 1441 1796 Numquid
1481 1736 1529 1778 et
1561 1743 1654 1779 nos
1696 1728 1821 1781 circi
1856 1726 2077 1779 sumus?

491 1821 554 1875 Et
580 1831 637 1876 ut
667 1822 793 1875 alibi
822 1821 1098 1885 dicebant,
1130 1817 1345 1873 Nemini
1371 1820 1679 1873 servivimus
1704 1834 1970 1888 unquam;
2000 1826 2075 1883 et,

492 1914 615 1970 Non
648 1930 712 1968 ea:
751 1914 1103 1981 fornicatione
1136 1915 1250 1967 nati
1286 1928 1468 1966 sumus
1510 1910 1692 1965 lJoan.
1723 1912 1775 1966 8.
1813 1912 1901 1965 '53.
1940 1908 2025 1980 Η)
2061 1926 2075 1960 :

497 2006 569 2058 ita
597 2016 650 2061 et
680 2023 819 2060 nunc
846 2006 1187 2061 sensibilibus
1215 2014 1417 2059 tantum
1445 2002 1670 2069 inhiant,
1696 2014 1750 2056 et
1781 2003 1934 2072 hujus
1958 2003 2076 2057 illos

498 2100 730 2169 pudebat
768 2100 1043 2153 caicitatis.
1092 2098 1292 2153 Deinde
1339 2098 1628 2151 ostendens
1679 2097 1871 2151 melius
1919 2111 2073 2162 esse,

498 2182 642 2261 ipsos
669 2205 788 2244 esse
812 2205 983 2244 cmcos
999 2205 1157 2259 quam
1182 2188 1382 2253 videre,
1402 2190 1473 2242 ait
1498 2206 1511 2241 :
1532 2189 1620 2242 41.
1652 2188 1710 2243 Si
1740 2189 1859 2241 cteci
1883 2188 2071 2253 essetis,

497 2302 598 2337 non
622 2283 866 2337 haberetis
897 2295 1174 2354 peccatum.
1196 2283 1329 2337 Cum
1355 2284 1709 2338 calamitatem
1737 2285 1901 2346 illam,
1931 2284 2079 2353 igno-

500 2376 716 2430 miniam
746 2390 865 2429 esse
895 2385 1139 2444 putarent
1164 2417 1177 2439 ,
1210 2374 1259 2430 id
1294 2376 1343 2428 in
1374 2378 1605 2446 ipsorum
1630 2388 1787 2446 caput
1815 2378 2079 2431 convertit

500 2468 717 2531 dicens,
769 2466 881 2523 Hoc
911 2467 1061 2521 vobis
1109 2468 1435 2523 tolerabilius
1466 2469 1712 2523 redderet
1739 2468 2075 2537 supplicium.

500 2560 575 2613 Ita
606 2574 817 2627 semper
841 2556 1102 2613 humanos
1141 2573 1331 2613 sensus
1375 2568 1617 2624 resecat,
1659 2569 1713 2613 et
1738 2559 1803 2613 ad
1833 2574 2077 2629 magnam

499 2649 901 2718 mirabilemque
937 2650 1311 2719 cogitationem
1350 2652 1525 2720 erigit.
1572 2649 1727 2704 Nunc
1778 2661 1943 2705 autem
1995 2667 2080 2705 vos

502 2743 666 2797 videre
701 2743 884 2797 dicitis.
916 2742 1065 2797 Sicut
1094 2743 1164 2797 ibi
1205 2743 1362 2810 dicit,
1406 2743 1567 2810 Quem
1591 2760 1676 2799 vos
1697 2744 1934 2799 dicebatis
1960 2747 2081 2817 quia

501 2838 637 2892 Deus
666 2849 820 2893 vester
848 2848 921 2893 est
947 2840 1063 2892 :sic
1087 2847 1140 2893 et
1160 2838 1262 2893 hoc
1286 2840 1423 2905 loco,
1451 2837 1602 2892 Nunc
1621 2850 1786 2893 autem
1810 2856 1895 2893 vos
1917 2841 2082 2895 videre

500 2931 662 2985 dicitis
693 2945 712 2984 :
743 2945 915 2999 neque
962 2930 1103 2984 enim
1152 2929 1360 2984 videtis.
1406 2930 1502 2984 llic
1537 2931 1679 2999 quod
1713 2930 1813 2985 sibi
1851 2932 2081 2985 maxime

502 3020 641 3074 laudi
666 3035 787 3076 esse
818 3021 1246 3087 arbitrabantur,
1289 3020 1344 3075 id
1384 3021 1644 3091 supplicio
1683 3020 1798 3077 fore
1825 3022 2076 3077 ostendit.

504 3113 565 3166 Et
584 3128 782 3167 ccecum
811 3121 989 3166 natum
1015 3111 1084 3167 de
1105 3111 1281 3181 priore
1309 3112 1548 3167 caecitate
1569 3113 1906 3167 consolatur:
1936 3122 2082 3183 post—

502 3220 562 3258 ea
582 3204 649 3259 de
664 3204 879 3259 illorum
902 3206 1141 3259 czecitate
1162 3204 1411 3275 loquitur.
1432 3204 1507 3260 Ne
1520 3205 1758 3260 dicerent
1775 3205 1916 3259 enim
1933 3222 1946 3259 :
1966 3204 2080 3258 Non

504 3312 571 3351 ex
596 3298 835 3352 caecitate
861 3300 1126 3366 provenit,
1150 3297 1293 3367 quod
1319 3297 1388 3351 ad
1414 3306 1465 3352 te
1489 3314 1593 3352 non
1621 3298 1955 3363 accedamus,
1987 3297 2081 3352 sed

503 3399 552 3441 te
577 3398 634 3441 ut
658 3388 997 3457 deceptorem
1023 3403 1369 3453 aversamur;
1398 3404 1456 3442 ea.
1487 3391 1657 3443 solum
1680 3390 1744 3442 de
1768 3404 1825 3443 re
1846 3389 2076 3443 disserit.

571 3477 626 3531 2.
672 3477 783 3533 Nec
814 3479 928 3532 sine
955 3493 1113 3533 causa
1143 3479 1468 3549 evangelista
1499 3481 1753 3543 narravit,
1783 3480 2082 3535 Phariszeos

500 3569 780 3639 quosdam,
800 3570 887 3639 qui
910 3586 1029 3624 cum
1050 3570 1141 3625 illo
1158 3582 1331 3637 erant,
1357 3570 1471 3625 haec
1490 3572 1756 3625 audivisse
1777 3587 1839 3625 ac
1858 3572 2077 3639 dixisse,

506 3658 771 3731 Numquid
788 3672 834 3714 et
864 3678 954 3714 nos
978 3661 1099 3714 cceci
1124 3678 1297 3715 sumus
1316 3662 1342 3713 Ρ
1369 3661 1462 3716 sed
1494 3670 1547 3715 ut
1571 3661 1662 3714 tibi
1689 3662 1741 3715 in
1770 3662 2080 3715 memoriam

502 3760 782 3805 revocaret
805 3767 897 3807 eos
929 3753 1072 3821 ipsos
1092 3768 1234 3818 esse,
1257 3753 1347 3823 qui
1370 3764 1493 3806 ante
1519 3753 1585 3806 ab
1611 3752 1701 3805 illo
1728 3764 2078 3815 recesserant,

500 3844 755 3913 illumque
788 3844 1116 3912 lapidabant.
1142 3845 1304 3897 Erant
1331 3845 1474 3898 enim
1503 3845 1714 3913 quidam
1744 3846 1831 3913 qui
1864 3845 2080 3913 pertuu-

498 3935 666 3988 ctorie
696 3936 1069 4002 sequebantur,
1105 3943 1159 3988 et
1187 3933 1340 3987 facile
1368 3936 1422 3988 in
1456 3935 1779 3987 contrarium
1804 3934 2082 3989 verteban-

502 4036 604 4078 tur.
640 4024 913 4079 Undenam
945 4040 1073 4094 ergo
1098 4041 1158 4079 se
1188 4026 1397 4095 probat,
1430 4040 1533 4079 non
1563 4023 1903 4093 deceptorem
1928 4067 1943 4091 ,
1985 4026 2079 4079 sed

501 4126 767 4185 pastorem
809 4118 973 4172 esse?
1012 4118 1203 4172 Allatis
1246 4118 1491 4187 utrinque
1537 4118 1746 4172 indiciis
1772 4128 1825 4173 et
1854 4116 2080 4187 pastoris

498 4220 554 4264 et
577 4210 895 4278 deceptoris,
918 4220 973 4264 et
994 4210 1116 4265 hinc
1143 4211 1247 4265 illis
1267 4210 1605 4280 exploranda:
1633 4211 1869 4265 veritatis
1894 4227 2078 4265 ansam

499 4302 722 4372 priebet.
771 4302 837 4355 Et
882 4302 1052 4371 primo
1079 4302 1201 4371 quis
1230 4302 1301 4355 sit
1341 4301 1595 4370 deceptor
1625 4311 1679 4356 et
1706 4301 1790 4355 fur
1814 4302 2078 4368 ostendit,

500 4411 565 4449 ex
593 4396 880 4463 Scripturis
922 4395 1000 4449 sic
1029 4408 1225 4447 vocans
1260 4394 1410 4447 illum
1454 4394 1534 4447 his
1561 4394 1736 4447 verbis
1763 4393 1912 4464 (Cap.
1952 4393 2075 4464 10):

502 4489 553 4539 l.
586 4486 763 4548 Amen,
793 4501 938 4537 amen
967 4484 1079 4537 dico
1106 4485 1262 4547 vobis,
1288 4485 1374 4555 qui
1399 4501 1500 4537 non
1525 4486 1677 4536 intrat
1709 4501 1796 4553 per
1822 4485 2001 4537 ostium
2028 4486 2080 4538 in

499 4576 627 4629 ovile
655 4577 840 4639 ovium,
869 4576 958 4629 sed
981 4575 1207 4628 ascendit
1244 4575 1481 4640 aliunde,
1512 4575 1598 4627 ille
1626 4576 1712 4643 fur
1751 4585 1823 4628 est
1849 4585 1896 4629 et
1928 4574 2076 4629 latro.

503 4666 634 4721 Vide
655 4667 874 4721 latronis
896 4670 1073 4736 signa;
1108 4667 1299 4735 primo,
1329 4682 1437 4720 non
1469 4666 1639 4735 palam
1664 4666 1857 4730 intrat;
1886 4681 2078 4721 secuti-

501 4757 591 4821 do,
621 4773 724 4811 non
754 4772 848 4825 per
870 4758 1260 4825 Scripturarum
1290 4757 1646 4810 testimonium
1671 4775 1682 4808 :
1710 4757 1808 4811 hoc
1833 4758 1975 4810 enim
2000 4768 2081 4811 est

503 4864 606 4901 non
637 4849 838 4903 intrare
863 4862 957 4916 per
983 4849 1200 4902 ostium.
1237 4846 1334 4901 Hic
1359 4861 1520 4915 porro
1545 4861 1598 4900 et
1628 4847 1717 4915 qui
1747 4847 1957 4900 luerunt
1978 4888 1993 4914 ,
2027 4857 2082 4901 et

499 4943 590 5010 qui
619 4942 777 4995 futuri
800 4951 955 4995 erant
973 4940 1192 5005 indicat,
1211 4940 1619 5005 Antichristum,
1640 4940 1801 4993 falsos
1816 4938 2077 5005 Christus,

499 5033 687 5087 Jutlam
716 5041 769 5086 et
792 5032 1088 5095 Theudam,
1118 5039 1173 5086 et
1196 5031 1330 5084 alios
1370 5029 1703 5098 hujusmodi;
1743 5030 1865 5099 jure
1902 5042 2079 5084 autem

503 5126 700 5181 Ostium
739 5125 1041 5193 Seripturas
1070 5131 1243 5177 vocat.
1284 5122 1379 5177 Hae
1417 5137 1646 5191 namque
1670 5138 1768 5177 nos
1802 5123 1869 5176 ad
1910 5124 2079 5177 Deum

500 5218 717 5283 ducunt,
747 5227 800 5272 et
825 5217 914 5270 Dei
935 5217 1290 5285 cognitionem
1309 5216 1555 5284 aperiunt
1574 5232 1587 5269 :
1606 5214 1688 5268 ha:
1708 5230 1837 5269 oves
1860 5214 2078 5278 faciunt,

500 5311 584 5365 ba:
611 5310 914 5365 custodiunt
939 5351 955 5374 ,
1004 5324 1104 5363 nec
1129 5310 1282 5377 lupos
1308 5308 1512 5379 ingredi
1543 5310 1741 5363 sinunt.
1786 5308 2081 5376 Tamquam

500 5406 642 5458 enim
684 5413 853 5457 tntum
890 5403 1084 5456 ostium
1108 5443 1123 5468 ,
1171 5400 1453 5455 lucreticos
1478 5403 1546 5456 ab
1572 5402 1816 5473 ingressu
1860 5410 2078 5467 arcent,

501 5513 702 5568 nosque
744 5499 795 5551 in
840 5497 1124 5551 securitate
1150 5510 1251 5565 qua
1280 5496 1526 5551 volumus
1568 5498 1933 5561 constituunt,
1983 5510 2083 5550 nec

502 5591 679 5645 sinunt
716 5603 918 5642 errare.
947 5588 1014 5642 Et
1038 5588 1083 5642 si
1112 5587 1213 5641 hoc
1239 5587 1438 5641 ostium
1468 5602 1573 5640 non
1616 5588 1907 5656 pandamus
1928 5629 1943 5653 ,
1974 5602 2080 5641 non

506 5683 705 5736 erimus
750 5682 978 5735 inimicis
1024 5690 1182 5750 captu
1234 5681 1434 5735 faciles.
1484 5680 1619 5737 lliuc
1661 5695 1777 5747 eos,
1825 5680 1913 5749 qui
1956 5694 2083 5733 vere

508 5783 765 5844 pastores,
789 5785 839 5829 et
860 5775 947 5843 qui
972 5789 1074 5829 non
1099 5782 1339 5844 pastores
1359 5783 1501 5839 sunt,
1520 5782 1919 5842 cognoscemus.
1943 5771 2078 5838 Quid

1226 341 1282 395 S.
1323 335 1599 395 JOANNIS
1636 332 2104 392 CIIRYSOSTOMI
2142 332 2455 391 ARCHIEP.
2497 334 3025 401 CONSTANTINOP.

3652 354 3751 408 δελι

2177 445 2277 501 sibi
2304 451 2413 503 vult
2437 462 2612 507 autem
2634 498 2649 519 ,
2686 456 2748 510 In
2777 461 2945 514 ovile?
2972 463 3026 516 Id
3066 475 3175 529 e~t.
3211 469 3290 524 Ad
3321 476 3580 533 curandas
3602 497 3748 537 υνυς.

2178 538 2276 605 Qui
2312 543 2453 595 enim
2499 560 2646 600 sacra
2696 564 2799 603 non
2846 555 3009 607 utitur
3053 556 3354 631 Scriptura,
3401 570 3493 621 sed
3542 570 3753 629 aliunde

2177 637 2447 701 ascendit;
2480 640 2529 693 id
2561 654 2660 707 est,
2692 646 2780 713 qui
2818 648 2914 701 sibi
2945 650 3101 704 aliam
3130 665 3182 707 et
3209 672 3311 709 non
3340 669 3589 716 statutam
3616 668 3750 721 vium

2179 730 2352 794 aperit
2372 748 2389 815 _:
2417 730 2499 783 hic
2527 732 2608 786 fur
2632 748 2732 789 est.
2769 737 2956 793 Viden‘
2987 742 3109 798 hinc
3134 762 3253 800 eum
3282 764 3401 803 cum
3438 753 3593 810 Patre
3622 772 3751 812 con-

2179 820 2379 875 sentire
2400 862 2414 885 ,
2454 822 2579 877 dum
2624 826 2927 897 Scripturas
2955 834 3006 887 in
3036 836 3265 892 medium
3294 842 3480 897 atl'ert?
3520 847 3606 901 Ide
3632 870 3639 891 ι
3663 848 3753 903 ,Ιη-

2180 908 2311 1006 datis
2337 913 2566 979 dicebat,
2594 918 2907 976 Scrutamini
2936 926 3230 996 Scripturas
3256 932 3432 1001 (Joan.
3469 939 3522 993 3.
3547 940 3669 1006 59);
3703 953 3754 996 et

2180 1001 2397 1100 Moysen
2442 1006 2494 1059 in
2524 1010 2756 1065 medium
2792 1014 3017 1071 adduxit
3045 1020 3095 1073 in
3124 1029 3311 1076 testem
3334 1067 3348 1088 ,
3398 1001 3755 1100 116011011γῇΓο-

2183 1093 2369 1191 phetas
2398 1111 2605 1191 omnes.
2634 1101 2835 1167 Omnes,
2870 1107 3059 1178 inquit,
3090 1114 3178 1182 qui
3202 1117 3414 1171 audiunt
3447 1093 3717 1191 praphetas
3737 1170 3750 1188 ,

2179 1187 2372 1240 venient
2399 1190 2468 1242 ad
2505 1208 2584 1246 me
2603 1208 2633 1256 ,ε
2665 1206 2719 1248 et
2736 1236 2751 1261 ,
2802 1197 2864 1251 Si
2888 1201 3156 1256 crederetis
3184 1206 3352 1276 Moysi
3375 1248 3391 1273 ,
3420 1187 3682 1268 crederetis
3711 1187 3756 1269 et

2182 1279 2307 1373 milii
2332 1278 2490 1352 (Ibid.
2518 1299 2565 1337 v.
2590 1286 2697 1354 46).
2730 1288 2827 1343 Hic
2854 1307 3012 1359 porro
3041 1295 3167 1350 illud
3198 1298 3366 1367 ipsum
3395 1306 3755 1373 metaphorice

2182 1372 2349 1439 ponit.
2373 1374 2507 1428 Cum
2558 1377 2692 1433 dixit
2738 1391 2937 1450 autem,
2994 1386 3232 1443 Ascendit
3278 1393 3506 1459 aliunde,
3553 1398 3755 1452 scribas

2182 1461 2571 1531 subindicavit,
2613 1470 2734 1540 quia
2764 1473 3025 1531 docebant
3059 1492 3343 1549 praecepta,
3367 1483 3638 1541 doctrinas
3661 1488 3756 1542 ho-

2180 1553 2382 1608 minum
2420 1555 2635 1627 (Matth.
2664 1561 2752 1617 15.
2781 1562 2859 1634 9),
2902 1575 2956 1620 et
3000 1568 3168 1639 legem
3208 1575 3753 1644 transgrediebantur,

2180 1645 2322 1713 quod
2359 1648 2484 1716 ipsis
2522 1652 2848 1719 exprobrans
2891 1656 3134 1715 dicebat:
3162 1664 3322 1718 Nemo
3366 1676 3583 1720 vestrum
3634 1672 3754 1739 facit

2182 1742 2337 1808 legem
2360 1744 2534 1817 (Joan.
2564 1745 2748 1816 7.19).
2774 1750 2851 1806 Ac
2872 1755 3036 1822 probe
3057 1756 3208 1823 dixit,
3236 1757 3491 1823 Ascendit,
3521 1778 3645 1827 non,
3675 1763 3757 1817 ln-

2181 1832 2436 1902 greditur,
2459 1839 2600 1907 quod
2627 1850 2709 1895 est
2733 1840 2866 1897 furis
2895 1847 3149 1913 parietem
3179 1852 3487 1921 supergredi
3518 1854 3752 1919 nitentis,

2181 1934 2370 1978 etcum
2394 1928 2630 1995 periculo
2644 1932 2819 1985 omnia
2835 1932 3287 1992 lacientis.Viden’
3306 1942 3572 2010 quomodo
3588 1942 3753 1999 furem

2182 2015 2625 2086 descripsit?.lam
2648 2025 2874 2091 pastoris
2904 2025 3153 2082 indicium
3180 2031 3754 2102 animadverte.Quod-

2184 2123 2304 2160 nam
2340 2108 2462 2163 illud
2505 2113 2629 2166 est?
2668 2114 2723 2167 2.
2768 2115 2866 2179 Qui
2904 2118 3058 2171 intrat
3101 2137 3191 2189 per
3235 2124 3449 2190 ostium,
3493 2139 3662 2194 pastor
3684 2140 3757 2182 est

2182 2200 2367 2252 ovium.
2401 2203 2453 2256 5.
2487 2202 2618 2259 Huic
2641 2207 2875 2262 ostiarius
2901 2212 3082 2279 aperit,
3129 2223 3176 2265 et
3214 2230 3378 2268 vocem
3401 2219 3506 2287 ejus
3531 2235 3641 2273 oves
3667 2238 3758 2273 au-

2183 2293 2348 2360 diunt,
2377 2305 2422 2348 et
2448 2298 2680 2366 praprias
2704 2310 2846 2353 vocat
2870 2305 3202 2370 nominatim;
3228 2308 3281 2360 4.
3313 2318 3358 2361 et
3386 2324 3499 2361 cum
3524 2328 3606 2365 eas
3631 2313 3752 2365 emi-

2183 2387 2341 2451 serit,
2387 2397 2504 2440 ante
2530 2405 2615 2443 eas
2644 2392 2800 2446 vadit.
2830 2392 3025 2449 Indicia
3066 2399 3242 2465 posuit
3267 2408 3319 2451 et
3344 2402 3571 2468 pastoris
3600 2412 3654 2457 et
3685 2403 3757 2456 la-

2186 2477 2371 2531 tronis.
2418 2476 2705 2535 Videamus
2744 2498 2849 2552 quo
2894 2496 3047 2553 pacto
3078 2487 3179 2542 illis
3206 2492 3482 2558 sequentia
3510 2493 3755 2561 applicet.

2188 2565 2345 2633 Huic,
2376 2569 2565 2639 inquit,
2595 2574 2832 2629 ostiarius
2857 2579 3037 2645 aperit.
3073 2578 3128 2632 ln
3169 2581 3475 2651 metaphora
3502 2586 3759 2654 persistit,

2185 2669 2245 2713 ut
2287 2661 2669 2731 signiﬁcantius
2712 2667 2977 2738 loquatur.
3029 2670 3180 2738 Quod
3222 2674 3264 2727 si
3298 2677 3562 2745 parabola:
3601 2678 3757 2733 verba

2186 2752 2389 2822 singula
2434 2757 2715 2826 explorare
2760 2761 2926 2825 velis,
2976 2762 3107 2817 nihil
3146 2763 3321 2818 obstat
3359 2768 3639 2833 quominus
3676 2771 3760 2823 hic

2185 2844 2461 2899 ostiariuin
2508 2849 2864 2918 intelligamus
2892 2852 3128 2924 Moysen.
3162 2854 3235 2909 Illi
3268 2872 3493 2927 namque
3534 2859 3622 2913 Dei
3650 2862 3760 2914 elo-

2185 2938 2307 3004 quia
2338 2940 2535 2994 credita
2564 2952 2705 3009 sunt,
2731 2946 2883 3014 cujus
2910 2962 3092 3001 vocem
3120 2964 3248 3002 oves
3276 2951 3514 3015 audiunt,
3547 2952 3610 3005 Et
3638 2971 3758 3020 pro-

2188 3029 2326 3095 prias
2369 3041 2510 3083 vocat
2551 3036 2865 3090 nominatim.
2911 3034 3044 3091 Cum
3085 3040 3226 3093 enim
3266 3040 3414 3095 illum
3461 3043 3761 3112 frequenter

2186 3122 2524 3192 deceptorem
2553 3136 2824 3191 vocarent,
2856 3128 3013 3199 idque
3039 3146 3101 3185 ex
3133 3131 3498 3189 incredulitate
3519 3151 3607 3189 sua
3633 3151 3763 3189 cen-

2187 3212 2463 3269 lirmarent
2504 3216 2772 3280 dicentes,
2811 3220 2934 3285 Quis
2974 3223 3263 3292 principum
3304 3226 3515 3281 credidit
3559 3228 3609 3280 in
3646 3245 3760 3282 eum

2191 3301 2369 3372 (Joan.
2401 3307 2454 3360 7.
2486 3307 2615 3375 48)?
2646 3324 2750 3364 non
2781 3326 2843 3365 ex
2876 3312 3107 3380 ipsorum
3146 3314 3515 3372 incredulitate
3538 3335 3629 3380 se,
3667 3321 3759 3373 sed

2187 3394 2308 3450 illos
2349 3397 2662 3469 deceptores
2687 3410 2741 3455 et
2770 3404 3095 3465 perniciosos
3134 3422 3254 3461 esse
3302 3409 3569 3463 vocandus
3597 3410 3720 3463 dicit
3742 3451 3757 3471 .

2186 3490 2327 3559 quod
2355 3492 2452 3544 sibi
2486 3510 2588 3545 non
2620 3494 2957 3549 attenderth
2977 3538 2991 3559 ,
3023 3513 3086 3552 ac
3116 3499 3335 3567 proinde
3361 3516 3425 3554 ex
3455 3501 3631 3553 ovium
3661 3520 3759 3555 nu-

2187 3597 2336 3634 mero
2358 3582 2477 3651 jure
2515 3585 2670 3653 ejecti
2701 3597 2899 3640 essent.
2927 3587 3057 3641 Nam
3088 3591 3131 3642 si
3164 3591 3390 3658 pastoris
3422 3601 3503 3645 est
3529 3607 3623 3659 per
3650 3603 3759 3645 sta-

2189 3685 2356 3728 tutum
2400 3676 2600 3746 ingredi
2629 3678 2823 3732 ostium
2844 3720 2859 3745 ,
2886 3689 2939 3733 et
2964 3680 3076 3749 ipse
3102 3697 3196 3750 per
3223 3681 3323 3737 hoc
3353 3683 3619 3753 ingressus
3645 3694 3758 3748 est;

2186 3767 2276 3835 qui
2300 3776 2592 3837 sequuntur
2620 3783 2822 3833 omnes,
2856 3786 2984 3825 oves
3006 3786 3125 3826 esse
3157 3782 3432 3841 poterunt;
3465 3774 3554 3843 qui
3581 3784 3757 3829 autem

2187 3870 2244 3911 se
2270 3867 2686 3926 sequestrarunt,
2719 3875 2819 3914 non
2844 3860 2963 3914 ideo
2990 3863 3187 3930 pastori
3217 3878 3463 3926 nocuere,
3492 3866 3584 3919 sed
3612 3882 3669 3919 se
3694 3882 3757 3920 ex

2187 3950 2368 4002 ovium
2398 3950 2651 4006 societate
2691 3951 3079 4020 disjunxerunt.
3111 3954 3262 4021 Quod
3287 3957 3329 4008 si
3357 3972 3416 4009 se
3442 3972 3553 4026 ipse
3581 3970 3759 4025 postea

2187 4041 2382 4095 ostium
2407 4040 2567 4107 dicit,
2597 4058 2752 4097 nemo
2778 4044 3117 4112 perturbetur
3141 4064 3152 4098 :
3178 4062 3299 4098 nam
3329 4062 3387 4100 se
3414 4058 3467 4101 et
3497 4058 3759 4115 pastorem

2187 4132 2309 4185 dicit
2352 4140 2405 4185 et
2447 4149 2635 4195 ovem,
2677 4134 2968 4187 secundum
3010 4135 3248 4189 diversas
3287 4138 3598 4190 oeconomiae
3648 4152 3761 4193 sua:

2187 4225 2439 4277 rationes.
2480 4224 2611 4277 Nam
2640 4225 2851 4293 quando
2894 4241 2991 4281 nos
3040 4226 3179 4280 Patri
3228 4227 3417 4292 offert,
3460 4244 3517 4281 se
3564 4228 3759 4283 ostium

2187 4317 2451 4386 appellat;
2483 4332 2603 4370 cum
2627 4318 2793 4371 nostri
2823 4333 3003 4372 curam
3025 4320 3177 4388 gerit,
3204 4330 3489 4387 pastorem.
3515 4319 3590 4373 Ne
3618 4323 3760 4375 enim

2187 4410 2356 4462 solum
2385 4411 2499 4477 ejus
2528 4426 2660 4478 Opus
2689 4426 2808 4464 esse
2840 4420 3023 4478 putes,
3061 4411 3199 4479 quod
3248 4426 3342 4465 nos
3373 4412 3510 4465 Patri
3540 4412 3758 4477 ollerat,

2186 4515 2243 4554 se
2273 4512 2534 4569 pastorem
2568 4512 2738 4556 vocat.
2766 4502 2829 4555 Et
2850 4519 2962 4557 oves
2989 4518 3154 4555 vocem
3178 4505 3287 4572 ejus
3311 4505 3541 4569 audiunt,
3568 4517 3613 4557 et
3640 4524 3761 4575 pro-

2187 4594 2323 4660 prias
2349 4609 2461 4646 oves
2481 4604 2641 4655 vocat,
2670 4604 2714 4646 et
2739 4594 2904 4647 educit
2934 4611 3018 4647 eas
3039 4636 3053 4658 ,
3086 4606 3131 4647 et
3168 4606 3284 4648 ante
3308 4612 3390 4649 eas
3418 4597 3570 4649 vadit.
3605 4600 3761 4667 Atqui

2186 4693 2369 4737 contra
2394 4726 2406 4748 ,
2441 4695 2677 4752 pastores
2707 4694 2998 4754 sequuntur
3027 4700 3173 4738 oves.
3203 4684 3401 4739 Verum
3433 4687 3550 4749 ille,
3590 4696 3645 4739 ut
3670 4704 3761 4739 os-

2189 4776 2369 4829 tendat
2384 4791 2441 4829 se
2461 4790 2647 4830 onines
2667 4775 2733 4827 ad
2755 4777 3031 4830 veritatem
3054 4777 3399 4831 deducturum
3418 4794 3554 4839 esse.
3576 4790 3763 4834 contra

2187 4876 2458 4935 pastorum
2489 4882 2689 4920 morem
2716 4866 2824 4936 agit
2848 4884 2860 4919 :
2887 4877 3136 4922 utautem
3163 4884 3282 4921 cum
3305 4885 3432 4922 oves
3459 4870 3652 4929 emisit.
3683 4870 3765 4939 (α)

2191 4960 2319 5027 (non
2352 4968 2529 5022 extra,
2575 4958 2669 5012 sed
2707 4958 2758 5011 in
2806 4958 3035 5012 medium
3084 4959 3324 5028 luporum
3367 4960 3586 5030 emisit).
3627 4959 3761 5015 N.nn

2188 5050 2341 5119 longe
2366 5050 2659 5103 mirabilior
2688 5058 2866 5103 nostra
2896 5048 3010 5103 haec
3040 5051 3319 5120 pastoralis
3347 5066 3471 5104 cura
3503 5061 3604 5105 est.

2256 5142 2402 5197 5.1a
2444 5158 2541 5213 quo
2566 5142 2898 5211 distinguatur
2926 5157 3070 5195 verus
3095 5142 3321 5197 Christus
3360 5158 3389 5194 a
3432 5145 3575 5213 falsis
3616 5143 3763 5197 Chri-
3812 5200 3819 5207 _

2185 5236 2293 5287 stis.
2320 5265 2389 5273 —
2412 5234 2633 5288 Videtur
2660 5243 2836 5288 autem
2876 5234 3004 5286 mihi
3035 5232 3123 5287 hic
3162 5249 3358 5289 caecum
3401 5234 3719 5289 subindicari
3746 5278 3761 5299 ,

2185 5340 2342 5394 quem
2370 5327 2577 5379 vocavit
2602 5341 2669 5379 ex
2700 5324 2876 5379 medio
2906 5323 3231 5387 Iudaeorum,
3255 5335 3307 5378 et
3334 5326 3421 5380 ille
3444 5342 3623 5380 vocem
3646 5326 3763 5394 ejus

2185 5418 2384 5470 audivit
2408 5429 2462 5471 et
2488 5417 2650 5470 novit.
2684 5417 2734 5471 5.
2768 5416 3001 5469 Alienum
3038 5433 3151 5470 vero
3193 5434 3291 5471 non
3322 5406 3615 5488 sequuntur,
3644 5422 3762 5488 quia

2186 5511 2464 5563 alienorum
2487 5526 2651 5563 vocem
2678 5512 2921 5563 nesciunt.
2951 5511 3046 5565 llic
3071 5510 3302 5565 Theudte
3337 5524 3424 5563 aut
3445 5512 3595 5566 Iuda:
3616 5529 3760 5566 asse-

2186 5602 2297 5657 clas
2324 5602 2449 5657 dicit
2474 5603 2626 5671 (nam
2657 5603 2927 5671 Quotquot,
2963 5603 3158 5671 inquit,
3192 5604 3244 5656 in
3275 5604 3392 5657 illos
3422 5605 3761 5668 crediderunt,

2253 5720 2326 5827 (:1)
2359 5725 2470 5777 Qutc
2508 5718 2698 5770 uncinis
2722 5715 3027 5779 clauduntur,
3055 5719 3100 5766 in
3120 5718 3404 5782 quibusdam
3429 5724 3532 5768 Mss.
3572 5718 3753 5768 omissa

2257 5795 2267 5825 Ι
2300 5820 2309 5827 .

2178 5791 2309 5830 sunt.
