4084 6360
290 360 395 417 3‘25

1308 364 1374 419 IN
1412 359 1730 421 JOANNEM
1757 352 1993 414 IIOMIL.
2035 356 2173 413 LIX;
2216 359 2287 414 al.
2328 357 2506 413 LVIII.

3443 352 3551 408 3‘34

286 478 428 533 ἀλλά
468 480 633 551 μέσος
671 481 751 534 ἐτι
795 483 888 536 καί
931 481 1337 552 ύπεσταλμένος
1360 494 1384 523 ει
1405 500 1419 513 ·
1454 482 1563 536 Καὶ
1606 481 1869 548 ἑώρακας
1973 475 2073 538 τὰς
2098 476 2321 546 Γραφάς
2344 493 2359 509 ·
2396 477 2554 530 τοῦτο
2588 479 2696 548 γάρ
2725 478 2839 531 ἐστι
2867 479 2948 541 τὸ,
2986 476 3085 545 Μὴ
3101 474 3200 529 διὰ
3224 466 3331 541 τῆς
3348 473 3548 552 θύρας.

288 561 493 612 αὐτόν.
527 559 698 613 Τοῦτο
725 560 805 613 ἐτι
843 561 1035 632 ἄδηλον
1064 558 1132 633 ἦν
1152 578 1164 591 ·
1196 562 1275 614 διὸ
1310 563 1373 614 τὸ
1401 562 1733 631 σαφέστερον
1772 560 1867 609 ἐπ-

291 639 500 707 ήγαγεν
520 656 532 669 ·
575 640 628 692 Ὀ
655 639 863 694 λαλῶν
885 642 1035 710 μετὰ
1072 640 1207 703 σοῦ,
1242 640 1468 706 ἐκεῖνός
1494 642 1644 693 ἐστι.
1674 638 1863 704 Λέγει·

293 720 580 783 Πιστεύω,
606 721 809 788 Κύριε·
841 722 938 775 καὶ
968 722 1428 789 προσεκύνησεν
1448 720 1608 784 αὐτῷ
1631 716 1867 781 εὐθέως-

1990 555 2254 609 Ἐνταῦθα
2288 556 2345 608 δέ
2380 557 2473 609 καὶ
2497 557 2624 620 τοὺς
2647 556 2752 628 πρὸ
2776 555 2941 610 αὐτοῦ
2971 556 3285 615 αἰνίττεται,
3313 552 3408 603 καὶ
3429 550 3553 628 τοξες

1982 633 2099 702 μετ’
2139 634 2303 688 αὑτὸν
2333 634 2625 705 ἐσομένους
2644 652 2658 663 ·
2694 627 2785 688 τόν
2825 653 2885 688 τε
2920 635 3285 705 Ἀντίχριστον
3307 631 3400 683 καὶ
3428 627 3555 687 τοὺς

1981 712 2437 784 ψευδοχρίστους·
2475 714 2567 766 τόν
2618 731 2678 766 τε
2725 712 2925 767 Ἰούδαν
2958 713 3052 765 καὶ
3090 710 3315 770 Θευδᾶν,
3364 708 3458 760 καὶ
3508 707 3560 758 sf

298 797 407 849 Καὶ
435 798 536 850 οὐκ
566 794 740 861 εἶπεν,
776 800 916 867 Ἐγώ
950 788 1065 870 εἰμι
1110 802 1138 854 ὁ
1170 799 1590 871 τεθεραπευκὼς
1628 815 1709 860 σε,
1746 798 1773 847 ό
1799 795 1876 846 εἰ·
1911 807 2122 871 ωτινες
2145 792 2321 863 ἕτεροι
2344 792 2575 845 τοιοῦτοι
2600 794 2904 871 γεγόνασιν.
2926 790 3231 853 Εἰκότωςδέ
3252 789 3439 856 θύραν
3456 788 3557 871 τὰς

296 875 413 928 πών
462 893 578 940 σοι,
609 880 859 949 Ὕπαγε,
908 881 1081 949 νίψαι
1127 882 1213 944 είς
1261 881 1370 933 τὸν
1418 877 1691 947 Σιλωάμ·
1740 873 1876 928 ἀλλὰ

296 955 474 1009 πάντα
525 958 707 1011 ἐκεῖνα
762 960 1026 1028 σιγήσας,
1075 958 1243 1031 φησί·
1287 958 1596 1020 Πιστεύεις
1639 957 1726 1020 εὶς
1772 956 1876 1005 τὸν

309 1035 445 1087 Υὶὸν
477 1035 583 1089 τοῦ
618 1036 807 1099 Θεοῦ;
836 1035 968 1091 Εἶτα
1009 1038 1109 1109 τὴν
1151 1037 1352 1108 πολλὴν
1392 1036 1631 1089 διάθεσιν
1671 1032 1872 1104 ἐμφαί-

297 1130 403 1165 νων
429 1115 836 1185 προσεκύνησεν
860 1118 1061 1181 εὐθέως
1084 1134 1098 1148 ·
1134 1118 1270 1188 ὅπερ
1299 1116 1469 1184 ὀλίγοι
1506 1114 1617 1168 τῶν
1651 1112 1877 1180 τεθερα-

299 1194 584 1262 πευμένων
619 1195 899 1265 ἐποίησαν,
932 1190 1044 1249 οἷον
1066 1196 1115 1248 οἱ
1141 1195 1351 1267 λεπροὶ,
1386 1195 1479 1248 καὶ
1501 1194 1553 1246 εἴ
1575 1209 1656 1255 τις
1684 1190 1842 1252 ἄλλος
1859 1206 1873 1219 ⁸

297 1269 385 1321 διὰ
425 1269 614 1323 τούτου
641 1273 920 1343 ἐμφαίνων
965 1274 1129 1328 αὑτοῦ
1169 1275 1267 1344 τὴν
1302 1274 1452 1328 Θείαν
1481 1272 1730 1342 δύναμιν.
1759 1270 1877 1322 Ἵνα

299 1346 408 1417 γὰρ
452 1350 525 1417 μή
552 1366 637 1412 τις
666 1352 860 1423 νομίσῃ
899 1353 1048 1424 ῥῆμα
1095 1354 1254 1422 μόνον
1280 1348 1417 1405 εἶναι
1456 1352 1517 1405 τὸ
1545 1350 1751 1420 λεχθὲν,
1784 1347 1879 1400 καὶ

297 1426 360 1477 τὸ
386 1426 544 1496 ἔργον
565 1430 894 1503 προσέθηκε.
922 1433 1404 1502 Προσκυνήσαντος
1426 1432 1481 1483 δὲ
1506 1429 1691 1489 αὑτοῦ,
1716 1427 1880 1497 φησὶν

301 1506 327 1557 δ
351 1506 585 1575 Χριστός
605 1525 617 1538 ·
646 1513 752 1576 Εἰς
778 1511 954 1580 κρῖμα
981 1510 1095 1579 ἐγὼ
1130 1508 1321 1579 ἦλθον
1350 1514 1437 1575 εἱς
1466 1510 1574 1563 τὸν
1625 1510 1878 1576 κόσμον,

301 1583 403 1635 ἵνα
434 1587 488 1637 οἱ
518 1586 603 1653 μὴ
640 1589 979 1654 ,ϐλέποντες
1008 1589 1308 1653 βλέπωσι,
1342 1589 1439 1642 καὶ
1469 1591 1521 1642 οἱ
1545 1586 1882 1651 ,βλέποντες

300 1665 519 1731 τυφλοὶ
549 1668 853 1735 γένωνται.
884 1668 1055 1722 Τοῦτο
1096 1670 1187 1723 καὶ
1218 1669 1429 1732 Παῦλός
1472 1683 1635 1738 φησι·
1673 1667 1733 1719 Τί
1770 1662 1883 1720 οὖν

300 1740 592 1810 ἐροῦμεν;
614 1748 733 1801 Ὅτι
760 1750 904 1814 ἑθνη
941 1750 1011 1803 τὰ
1032 1747 1118 1817 μὴ
1140 1748 1428 1801 διώκοντα
1463 1745 1881 1812 δικαιοσύνην,

303 1819 595 1876 κατέλαϐε
644 1824 1061 1893 δικαιοσύνην,
1105 1826 1502 1893 δικαιοσύνην
1546 1824 1615 1877 δέ
1659 1823 1776 1890 τὴν
1814 1824 1885 1876 ἐκ

304 1901 564 1966 πίστεως
603 1904 794 1970 Ἰησοῦ
824 1904 850 1943 b
872 1921 885 1933 ·
922 1904 1159 1973 Ἰσραὴλ
1202 1904 1270 1957 δέ
1314 1903 1542 1957 διώκων
1577 1903 1764 1971 νόμον
1800 1901 1887 1955 δι-

304 1982 653 2046 καιοσύνης.
689 1984 776 2047 εἱς
804 1984 992 2050 νόμον
1035 1984 1423 2051 δικαιοσύνης
1457 1985 1566 2036 οὐκ
1596 1982 1882 2050 ἔφθασεν.

306 2054 489 2110 Εἰπὼν
526 2058 605 2121 δὲ,
631 2062 735 2124 Εἰς
781 2061 956 2130 κρῖμα
997 2061 1112 2130 ἐγὼ
1146 2058 1337 2132 ἦλθον
1381 2063 1468 2126 εἰς
1506 2060 1615 2113 τὸν
1654 2060 1888 2129 κόσμον

305 2133 542 2199 τοῦτον,
583 2140 833 2195 κάκεῖνον
872 2141 1227 2212 σφοδρότερον
1269 2140 1400 2210 περὶ¹
1426 2140 1526 2210 τὴν
1559 2139 1742 2192 πίστιν
1772 2141 1887 2209 είρ-

306 2214 533 2280 γάσατο,
576 2221 670 2271 καὶ
697 2219 1013 2291 διανέστησε
1059 2222 1184 2283 τοὺς
1226 2218 1650 2282 ἀκολουθοῦντας
1703 2217 1883 2288 αὐτῷ·

305 2294 400 2345 καὶ
446 2296 556 2367 γὰρ
595 2298 921 2367 ἠκολούθουν
972 2299 1123 2370 αὐτῷ
1170 2300 1471 2369 Φαρισαῖοι.
1524 2298 1596 2351 Τὸ
1645 2298 1732 2362 δὲ,
1784 2298 1889 2363 Elg-

308 2374 507 2441 κρῖμα,
539 2379 619 2439 είς
653 2378 876 2447 μείζονα
906 2378 1123 2432 κόλασιν
1150 2377 1302 2446 ἔλεγε
1322 2393 1336 2407 ·
1365 2377 1577 2440 δεικνὺς
1607 2377 1687 2429 ὅτι
1720 2376 1770 2428 οἱ
1800 2392 1890 2428 κα-

306 2454 696 2520 ταδικάσαντες
717 2459 902 2521 αὐτὸν,
932 2460 1087 2512 αὐτοί
1106 2460 1241 2511 εἰσιν
1260 2457 1309 2509 οἱ
1339 2454 1856 2526 καταδεδικασμένοι
1872 2468 1886 2482 ·

307 2533 358 2584 οἱ
394 2536 487 2586 καὶ
520 2534 596 2597 ὡς
634 2537 957 2608 ἁμαρτωλὸν
995 2536 1454 2608 κατακρίναντες,
1482 2534 1632 2588 αὐτοί
1676 2536 1812 2587 εἰσιν
1842 2534 1890 2585 οί

310 2618 792 2686 κατακεκριμένοι.
834 2617 1100 2672 Ἐνταῦθα
1138 2616 1195 2669 δέ
1236 2615 1331 2668 δύο
1378 2614 1527 2684 λέγει
1567 2613 1893 2683 ἀναϐλέψεις

309 2692 407 2743 καὶ
430 2692 523 2745 δύο
548 2695 902 2765 τυφλότητας,
928 2697 1028 2767 τήν
1057 2712 1117 2747 τε
1146 2694 1431 2765 αἰσθητὴν,
1458 2694 1556 2763 τήν
1584 2710 1644 2745 τε
1668 2693 1889 2763 νοητήν.

312 2770 578 2837 Λέγουσιν
605 2773 755 2843 αὐτῷ
775 2774 839 2825 ἐκ
862 2772 968 2826 τῶν
995 2770 1429 2826 ἀκολουθούντων
1464 2769 1614 2840 αὐτῷ
1631 2785 1644 2801 ·
1670 2768 1765 2836 Μὴ
1793 2767 1893 2821 καὶ

314 2848 489 2916 ἡμεῖς
526 2853 746 2919 τυφλοί
793 2852 1016 2919 ἐσμεν;
1051 2851 1260 2921 Ὥσπερ
1310 2846 1462 2921 1546]
1503 2846 1735 2917 ἀλλαχοῦ
1775 2847 1893 2899 ἐλε-

313 2942 412 2994 γον
432 2945 447 2958 ·
495 2929 707 2982 Οὐδενὶ
757 2929 1234 2998 δεδουλεύκαμεν
1286 2927 1521 2981 πώποτε
1542 2944 1557 2957 ·
1600 2928 1697 2980 Ἐκ
1748 2943 1893 2994 πορ-

317 3008 489 3073 νείας
517 3011 588 3062 οὐ
636 3009 1069 3079 γεγεννήμεθα·
1099 3008 1243 3062 οὕτω
1276 3008 1369 3060 κα)⁵
1402 3006 1497 3061 νῦν
1530 3007 1667 3077 πρὸς
1709 3007 1776 3059 τὰ
1811 3007 1895 3057 αἱ-

321 3085 495 3156 σθητά
535 3090 798 3159 κεχήνασι
855 3089 1035 3159 μόνον,
1082 3088 1176 3140 καὶ
1231 3086 1435 3156 ταύτην
1478 3083 1895 3154 ἐπαισχύνονται

317 3164 421 3233 τὴν
469 3167 736 3236 πήρωσιν.
764 3164 896 3220 Εἶτα
936 3167 1151 3230 δεικνὺς
1184 3167 1265 3219 ὅτι
1296 3165 1501 3236 βέλτιον
1533 3165 1769 3234 τυφλοὺς
1799 3164 1897 3216 αύ-

318 3246 445 3308 τοὺς
478 3240 674 3317 εἶναιῆ
709 3247 1023 3317 βλέποντας,
1056 3246 1218 3316 φησίν
1238 3262 1249 3275 ·
1280 3248 1348 3298 El
1374 3246 1586 3313 τυφλοὶ
1625 3241 1751 3315 ἦτε,
1787 3245 1899 3297 οὐκ

318 3324 399 3376 ἂν
438 3325 631 3395 εἴχετε
664 3329 976 3396 ἁμαρτίαν.
1012 3325 1231 3394 Ἐπειδὴ
1277 3324 1536 3394 αἰσχύνης
1570 3324 1631 3376 τὸ
1663 3325 1900 3395 πρᾶγμα

320 3402 571 3474 ἐνόμιζον
598 3402 757 3468 εἶναι,
788 3408 886 3477 τὴν
905 3404 1247 3475 συμφορὰνο,
1279 3403 1635 3473 περιέτρεψεν
1663 3401 1794 3454 αὐτὸ
1819 3403 1900 3464 εἰς

317 3483 422 3553 τὴν
458 3486 636 3538 αὐτῶν
685 3485 945 3556 κεφαλὴν,
990 3483 1179 3547 εἰπὼν,
1220 3484 1303 3536 ὃτι
1332 3481 1501 3535 Τοῦτο
1541 3481 1901 3552 ἀνεκτοτέραν

322 3562 456 3633 ὑμῖν
497 3564 659 3635 ἔφερε
691 3566 788 3636 τὴν
833 3565 1074 3625 κόλασιν,
1125 3562 1401 3633 πανταχοῦ
1447 3561 1793 3630 περικόπτων
1832 3560 1901 3613 τὰ

323 3641 643 3713 ἀνθρώπινα
669 3645 1012 3714 φρονήματα.
1036 3642 1129 3695 καὶ
1155 3644 1232 3705 είς
1260 3641 1466 3695 ἔννοιαν
1486 3640 1633 3708 ἄγων
1661 3639 1903 3709 μεγάλην

324 3722 420 3773 καὶ
453 3720 793 3793 θαυμαστήν.
825 3722 954 3776 Νῦν
973 3719 1042 3773 δὲ
1075 3721 1171 3774 καὶ
1199 3720 1425 3787 λέγετε,
1452 3718 1541 3772 ὅτι
1568 3718 1901 3786 Βλέπομεν.

328 3800 541 3872 Ὥσπερ
574 3803 690 3854 ἐκεῖ
735 3820 919 3873 φησιν,
971 3803 1081 3853 ’³ον
1125 3799 1293 3869 ὑμεῖς
1331 3797 1587 3867 ἐλέγετε,
1638 3797 1726 3850 ὅτι
1760 3797 1905 3861 Θεὸς

326 3878 496 3946 ὑμῶν
528 3876 627 3950 ἦν,
652 3880 792 3934 οὕτω
819 3882 882 3951 δὴ
918 3881 1010 3934 καὶ
1037 3878 1272 3932 ἐνταῦθα
1294 3896 1306 3908 ·
1333 3877 1464 3932 Νῦν
1497 3877 1566 3931 δὲ
1586 3877 1791 3946 λέγετε
1818 3876 1906 3927 ὅτι

320 3958 587 4022 βλέπετε
610 3976 623 3990 ·
652 3960 714 4012 οὐ
742 3960 850 4031 γὰρ
898 3959 1144 4028 βλέπετε.
1194 3956 1455 4010 Ἐνταῦθα
1484 3957 1621 4026 ὅπερ
1658 3954 1905 4025 ἐνόμιζον

330 4037 611 4108 ἐγκώμιον
637 4035 777 4092 εἶναι
815 4039 978 4109 μέγα,
998 4036 1153 4089 τοῦτο
1184 4036 1453 4089 δείκνυσιν
1481 4036 1662 4097 αὐτοῖς
1682 4034 1906 4087 κόλασιν

329 4117 517 4186 φέρον.
560 4119 671 4171 Καὶ
707 4118 847 4186 ὑπὲρ
893 4117 993 4187 τῆς
1028 4115 1301 4186 προτέρας
1334 4114 1391 4167 δέ
1423 4111 1725 4184 πηρώσεως
1758 4130 1905 4182 παρα

334 4195 651 4267 εμυθήσατο
682 4195 773 4247 τὸν
805 4198 867 4247 ἐκ
889 4198 1115 4264 γενετῆς
1132 4192 1352 4260 τυφλόν·
1373 4188 1493 4245 εἶτα
1523 4193 1650 4262 περὶ
1678 4192 1781 4261 τῆς
1807 4209 1899 4244 τυ-

328 4275 595 4346 φλότητος
624 4275 802 4328 αὐτῶν
824 4274 1152 4341 διαλέγεται.
1180 4272 1296 4325 Ἵνα
1317 4271 1426 4342 γὰρ
1447 4271 1521 4341 μὴ
1555 4270 1804 4339 λέγωσιν,
1830 4272 1905 4323 Οὐ

335 4354 487 4424 παρά
518 4355 617 4424 τὴν
646 4352 920 4423 ἡμετέραν
942 4352 1190 4420 πήρωσιν
1221 4351 1279 4402 οὐ
1316 4348 1754 4420 προσερχόμεθα,
1790 4349 1905 4401 ἀλλ’

330 4432 407 4494 ὡς
442 4434 642 4486 πλάνον
676 4431 968 4500 φεύγοντες
1002 4428 1486 4500 ἀποστρεφόμεθα,
1538 4430 1680 4500 ὑπὲρ
1716 4428 1913 4481 τούτου

330 4513 512 4565 πάντα
535 4513 765 4563 ποιεῖται
783 4511 874 4563 τὸν
906 4509 1081 4577 λόγον.

407 4590 470 4660 β’.
496 4591 609 4660 Οὐχ
640 4589 826 4651 ἁπλῶς
842 4588 897 4641 δὲ
913 4590 941 4641 ό
966 4587 1355 4659 εὐαγγελιστὴς
1379 4588 1805 4659 ἐμνημόνευσεν,
1825 4589 1909 4642 ὅτι

340 4671 581 4740 ἥκουσαν
604 4671 667 4722 ἐκ
692 4668 800 4721 τῶν
817 4668 1125 4738 Φαρισαίων
1146 4666 1318 4719 ταῦτα
1337 4669 1384 4720 οἱ
1412 4670 1528 4738 μετ’
1550 4669 1712 4720 αὑτοῦ
1733 4668 1905 4733 ὄντες,

332 4750 427 4802 καὶ
448 4745 609 4801 εἶπαν
630 4765 642 4778 ·
666 4748 763 4816 Μὴ
795 4749 893 4801 καὶ
914 4746 1084 4815 ἡμεῖς
1105 4747 1325 4815 τυφλοί
1343 4747 1531 4815 ἐσμεν
1550 4762 1566 4809 ;
1595 4746 1709 4800 ἀλλ’
1740 4748 1826 4800 ἵνα
1849 4764 1907 4798 σε

330 4829 645 4898 ἀναμνήσῃ.
681 4828 761 4880 ὅτι
796 4819 941 4878 οὗτοι
973 4828 1171 4879 ἐκεῖνοι
1212 4822 1353 4896 ἦσαν
1380 4827 1428 4878 οἱ
1471 4825 1736 4898 πρότερον
1773 4829 1908 4879 ἀπο-

337 4910 584 4970 στάντες,
634 4902 756 4959 εἶτα
799 4905 1140 4967 λιθάσαντες.
1182 4901 1360 4958 τΗσαν
1390 4904 1497 4975 γάρ
1535 4922 1678 4966 τινες
1725 4907 1911 4959 ἐπιπο-

333 4987 502 5049 λαίως
525 4985 967 5049 ἀκολουθοῦντες,
1009 4986 1105 5035 καὶ
1142 4984 1339 5054 ῥᾳδίως
1374 4985 1453 5046 είς
1478 4983 1783 5037 τούναντίον
1813 5002 1910 5054 με-

336 5064 747 5132 ταϐαλλόμενοι.
779 5062 949 5115 Πόθεν
978 5058 1071 5115 οὖν
1099 5061 1516 5124 κατασκευάζει,
1550 5063 1632 5115 ὅτι
1669 5064 1769 5114 οὐκ
1796 5064 1917 5115 ἐστι

338 5145 559 5206 πλάνος,
584 5141 720 5195 ἀλλά
747 5143 982 5213 ποιμήν;
1006 5141 1131 5198 Θεὶς
1149 5140 1215 5193 τά
1239 5141 1595 5210 γνωρίσματα
1623 5142 1907 5213 ἐκατέρου.

338 5226 434 5278 καὶ¹
465 5222 561 5276 τοῦ
598 5222 877 5291 ποιμένος,
911 5221 1004 5274 καὶ
1033 5219 1126 5272 τοῦ
1152 5219 1353 5272 πλάνου
1375 5221 1467 5272 καὶ
1490 5219 1787 5289 λυμεῶνος,
1818 5224 1912 5275 καὶ

340 5301 433 5356 ἀπ’
470 5301 651 5355 αὐτῶν
684 5299 940 5370 παρέχων
967 5299 1152 5361 αὐτοῖς
1180 5295 1457 5364 ἐξετάζειν
1495 5300 1593 5368 τὴν
1626 5300 1733 5353 τῶν
1773 5319 1913 5371 πρα-

336 5382 566 5452 γμάτων
598 5380 879 5449 ἀλήθειαν.
913 5379 1023 5431 Καὶ
1063 5377 1327 5449 πρότερον
1353 5378 1436 5441 τίς
1465 5378 1495 5430 ὁ
1537 5378 1735 5441 πλάνος
1768 5382 1862 5434 καὶ
1888 5384 1915 5434 ό

339 5460 581 5530 κλέπτης
615 5458 908 5523 δείκνυσιν,
943 5458 1050 5510 ἀπὸ
1078 5458 1310 5527 Γραφῶν
1352 5457 1513 5512 αὐτὸν
1545 5458 1686 5512 οὕτω
1735 5458 1915 5511 καλῶν

339 5540 435 5592 καὶ
455 5538 630 5606 λέγων
655 5552 669 5565 ·
710 5537 906 5606 Ἀμὴν,
936 5535 1100 5605 ἀμὴν
1125 5535 1278 5605 λέγω
1298 5536 1459 5606 ὑμῖν,
1484 5540 1516 5590 o'
1539 5536 1625 5606 μὴ
1657 5538 1915 5605 εὶσερχό·

337 5635 522 5688 μενος
544 5617 641 5671 διὰ
668 5615 777 5683 τῆς
789 5618 971 5684 θύρας
991 5618 1079 5679 είς
1098 5616 1212 5683 τὴν
1234 5616 1437 5681 αὐλὴν
1448 5614 1567 5669 τῶν
1586 5616 1913 5682 προϐάτων,

340 5684 503 5753 ἀλλὰ
518 5698 855 5751 ἀναϐαίνων
872 5696 1234 5763 ἀλλαχόθεν,
1255 5695 1482 5761 ἐκεῖνος
1498 5698 1764 5761 κλέπτης
1784 5696 1916 5748 ἐστὶ
1948 5684 1978 5711 ¹

341 5776 442 5832 καὶ
467 5776 725 5845 λῃστής.
752 5776 895 5845 Ὅρα
915 5775 984 5826 τά
1004 5774 1271 5844 δείγματα
1289 5773 1384 5827 τοῦ
1406 5773 1605 5847 λῃστοῦ
1627 5788 1640 5801 ·
1674 5774 1912 5843 πρῶτον,

340 5856 424 5907 ὅτι
451 5856 513 5908 οὐ
554 5853 840 5925 παρρησίᾳ
889 5852 1224 5923 εἰσέρχεται·
1255 5854 1529 5924 δεύτερον,
1572 5854 1654 5907 ὅτι
1679 5855 1739 5906 οὺ
1774 5852 1915 5907 κατά

405 5947 594 5996 aSavil.
617 5953 670 5995 et
690 5946 831 6010 codd,
854 5946 964 6010 705,
986 5946 1077 5993 706
1102 5948 1411 6005 μέσως...ῦπ.
1438 5953 1463 5989 b
1480 5946 1637 6005 Ἰησοῦ
1657 5960 1751 5996 om.
1774 5948 1909 6010 vulg.

345 6012 369 6039 ο
397 6010 495 6067 Τήν
515 6009 758 6071 συμφοράν
784 6009 863 6058 hic
879 6008 1153 6058 redundare
1177 6017 1389 6067 putatur.

1984 869 2205 938 Γραφάς
2239 872 2518 926 ἐκάλεσεν.
2559 867 2727 926 Αὗται
2758 873 2865 944 γὰρ
2913 874 3058 943 ἡμᾶς
3109 872 3440 941 προσάγουσι
3479 864 3557 935 τῷ

1985 948 2122 1017 Θεῷ,
2155 952 2248 1004 καὶ
2274 952 2373 1019 τὴν
2407 951 2736 1021 θεογνωσίαν
2761 952 3095 1018 ἀνοίγουσιν·
3131 945 3287 1005 αὗται
3308 946 3557 1017 πρόϐατα

1985 1029 2253 1089 ποιοῦσιν,
2291 1024 2452 1083 αὗται
2501 1033 2853 1100 φυλάττουσι,
2904 1031 2996 1084 καὶ
3043 1031 3167 1091 τοὺς
3210 1028 3404 1088 λύκους
3460 1027 3560 1079 οὐκ

1985 1108 2212 1175 ἀφιᾶσιν
2240 1109 2595 1165 ἐπεισελθεῖν.
2622 1110 2888 1180 Καθάπερ
2901 1110 3006 1181 γάρ
3029 1126 3110 1169 τις
3132 1106 3270 1179 θύρα
3287 1104 3556 1173 ἀσφαλὴς,

1987 1187 2159 1253 οὕτως
2182 1187 2462 1242 ἀποκλείει
2482 1191 2595 1252 τοῖς
2625 1190 2923 1259 αἱρετικοῖς
2935 1188 3032 1256 τὴν
3049 1186 3274 1245 εἴσοδον.
3305 1186 3361 1237 ἐν
3385 1185 3560 1251 ἀσφα-

1989 1265 2109 1337 λείᾳ
2130 1266 2444 1320 καθιστῶσα
2464 1270 2611 1337 ἡμᾶς
2639 1268 2765 1337 περὶ
2783 1262 2856 1319 ὧν
2880 1267 2944 1321 ἂν
2975 1263 3294 1335 βουλώμεθα
3320 1262 3558 1325 πάντων,

1993 1347 2088 1396 καὶ
2120 1347 2220 1397 οὐκ
2254 1346 2399 1397 ἐῶσα
2434 1346 2754 1400 πλανᾶσθαι.
2785 1346 2901 1399 Κᾶν
2934 1345 3006 1417 μὴ
3037 1342 3434 1415 παραλύσωμεν
3464 1342 3563 1395 αὑ-

1990 1424 2109 1493 τὴν,
2174 1425 2275 1477 οὐκ
2331 1425 2569 1496 ἐσόμεθα
2617 1426 2931 1495 εὐχείρωτοι
2994 1426 3105 1486 τοῖς
3169 1421 3401 1493 ἐχθροῖς.
3464 1418 3565 1471 Διά

1988 1502 2194 1573 ταύτης
2225 1501 2319 1555 καὶ
2341 1504 2467 1566 τοὺς
2494 1503 2757 1573 ποιμένας
2791 1502 3033 1565 καὶτοὺς
3052 1502 3112 1554 οὐ
3144 1500 3407 1571 ποιμένας
3428 1499 3563 1550 εἰσό-

1993 1581 2134 1651 μεθα
2159 1582 2429 1645 ἅπαντας.
2456 1583 2520 1634 Τί
2546 1582 2603 1634 δέ
2624 1584 2791 1645 ἐστιν,
2811 1585 2915 1647 Εἰς
2940 1582 3053 1648 τὴν
3070 1580 3306 1645 αὐλήν;
3328 1579 3472 1649 Πρὸς
3495 1578 3564 1631 τὰ

1991 1660 2237 1731 πρόϐατα
2275 1660 2370 1714 καὶ
2399 1658 2497 1730 τὴν
2538 1661 2761 1714 ἐκείνων
2791 1662 3066 1732 πρόνοιαν.
3114 1661 3171 1712 '0
3199 1658 3306 1728 γὰρ
3344 1656 3419 1728 μὴ
3448 1658 3566 1718 ταῖς

1990 1739 2233 1810 Γραφαῖς
2259 1738 2557 1811 χρώμενος,
2576 1740 2711 1794 ἀλλά
2732 1741 3040 1795 ἀναϐαίνων
3064 1737 3352 1808 ἀλλαχόθεν
3371 1753 3383 1765 ·
3408 1753 3564 1787 τουτ-

1992 1819 2158 1884 έστιν,
2201 1820 2393 1890 ἑτέραν
2441 1821 2620 1891 ἐαυτῷ
2660 1821 2753 1873 καὶ
2804 1819 2877 1890 μὴ
2918 1819 3311 1889 νενομισμένην
3351 1816 3565 1885 τέμνων

1992 1897 2111 1950 ὁδόν
2136 1912 2150 1926 ⁸
2186 1893 2338 1962 οὗτος
2369 1898 2609 1967 κλέπτης
2637 1898 2805 1952 ἐστίν.
2842 1899 3003 1969 Ὁρᾷς
3026 1896 3318 1949 κάντεῦθεν
3353 1893 3429 1962 τῷ
3455 1895 3567 1946 Πα-

1994 1978 2086 2048 τρὶ
2122 1976 2271 2049 [547]
2304 1980 2718 2049 συμφωνοῦντα,
2762 1976 2841 2047 τῷ
2872 1978 2971 2039 τὰς
3013 1975 3232 2044 Γραφάς
3276 1976 3357 2037 εἰς
3405 1973 3567 2041 μέσον

1997 2056 2328 2127 προφέρειν;
2377 2058 2476 2110 Διὰ
2520 2057 2679 2110 τοῦτο
2734 2058 2828 2110 καὶ
2875 2059 2986 2119 τοῖς
3040 2054 3309 2115 Ἰουδαίοις
3357 2051 3566 2118 ἔλεγεν,

2008 2136 2327 2208 Ἐρευνᾶτε
2368 2140 2475 2204 τὰς
2511 2137 2785 2207 Γραφάς·
2834 2140 2928 2191 καὶ
2969 2137 3207 2191 Μωῡσέα
3246 2134 3570 2204 παρήγαγεν

1997 2219 2078 2280 είς
2111 2216 2294 2288 μέσον,
2321 2219 2417 2270 καὶ
2449 2218 2704 2289 μάρτυρα
2735 2217 2897 2269 αὑτὸν
2927 2216 3129 2277 ἐκάλει,
3157 2214 3253 2268 καὶ
3286 2212 3412 2275 τοὺς
3440 2226 3571 2281 προ-

1995 2297 2171 2366 φήτας
2207 2296 2435 2359 πάντας.
2476 2295 2703 2361 Πάντες
2731 2296 2860 2365 γὰρ,
2893 2295 3075 2366 φησὶν,
3110 2296 3169 2347 οἱ
3199 2294 3572 2354 ἀκούσαντες

1995 2373 2115 2427 τῶν
2127 2375 2466 2444 προφητῶν,
2484 2374 2704 2442 ἥξουσι
2721 2377 2869 2444 πρός
2882 2392 2959 2444 με
2976 2393 2989 2405 ·
3012 2375 3123 2438 καὶ,
3143 2375 3208 2424 El
3228 2371 3573 2425 ἐπιστεύετε

1995 2453 2255 2519 Μωῢσεῖ,
2283 2453 2630 2508 ἐπιστεύετε
2671 2454 2747 2508 ἂν
2785 2456 2933 2525 ἐμοί.
2980 2452 3244 2507 Ἐνταῦθα
3275 2451 3332 2502 δέ
3358 2448 3419 2502 τδ
3443 2448 3576 2500 αὐτὸ

2000 2533 2381 2604 μεταφορικῶς
2403 2532 2618 2604 έθηκεν.
2646 2533 2830 2587 Είπὼν
2858 2534 2935 2597 δὲ,
2987 2532 3351 2587 Ἀναϐαίνων
3380 2529 3559 2582 ἀλλα-

1997 2610 2197 2680 χόθεν,
2232 2610 2327 2665 καὶ
2359 2613 2486 2676 τοὺς
2512 2613 2875 2683 γραμματέας
2906 2612 3147 2683 ⁴ᾐνίξατο,
3185 2612 3268 2661 ὅτι
3294 2608 3575 2661 ἐδίδασκον

1999 2688 2330 2757 ἐντάλματα,
2378 2688 2729 2753 διδασκαλίας
2759 2689 3079 2759 ἀνθρώπων,
3131 2690 3226 2742 καὶ
3274 2687 3365 2740 τὸν
3411 2686 3574 2755 νόμον

1999 2767 2349 2839 παρέϐαινον,
2380 2768 2519 2839 ὅπερ
2562 2764 2655 2823 οὖν
2689 2769 2784 2822 καὶ
2831 2769 2992 2832 αὐτὸς
3041 2767 3315 2831 ὀνειδίζων
3354 2765 3571 2833 ἔλεγεν·

2003 2847 2212 2911 Οὐδεὶς
2233 2846 2303 2910 ἐξ
2328 2847 2496 2916 ὑμῶν
2516 2851 2669 2902 ποιεὶ
2692 2847 2797 2901 τόν
2819 2848 3026 2917 νόμον.
3054 2847 3165 2901 Καὶ
3198 2845 3375 2909 καλῶς
3401 2841 3574 2910 εἶπεν,

2013 2925 2388 2990 Ἀναϐαίνων,
2412 2926 2531 2990 οὐκ,
2556 2925 2776 2992 Είσιὼν,
2793 2926 2928 2996 ὅπερ
2957 2924 3073 2978 ἐστὶ
3102 2924 3335 2977 κλέπτου
3354 2924 3577 2994 θριγκὸν

2008 3004 2393 3076 ὑπερπηδῆσαι
2437 3004 2794 3075 βουλομένου,
2847 3006 2942 3056 καὶ
2994 3003 3347 3065 ἐπικινδύνως
3398 3002 3578 3054 πάντα

2004 3085 2355 3155 πράττοντος.
2384 3080 2539 3148 Εἶδες
2557 3084 2672 3148 πῶς
2699 3084 2982 3155 ὑπέγραψε
3009 3083 3101 3135 τὸν
3113 3083 3316 3156 λῃστήν
3338 3098 3351 3143 ;
3378 3083 3579 3135 Σκόπει

2003 3164 2098 3216 καὶ
2124 3162 2219 3218 τοῦ
2265 3164 2524 3233 ποιμένος
2556 3162 2617 3215 τὸ
2642 3161 2950 3233 γνώρισμα.
2982 3163 3047 3214 Τί
3082 3157 3174 3214 οὖν
3210 3160 3371 3213 τοῦτό
3393 3162 3579 3223 ἐστιν;

2013 3246 2076 3296 Ὃ
2115 3244 2533 3313 εἰσερχόμενος
2577 3242 2675 3297 διὰ
2718 3242 2829 3311 τῆς
2877 3243 3081 3310 θύρας,
3116 3237 3294 3306 οὗτός
3336 3241 3506 3294 ἐστιν
3547 3243 3581 3292 ὁ

2005 3322 2229 3393 ποιμὴν
2260 3322 2380 3377 τῶν
2408 3322 2736 3392 προϐάτων.
2765 3323 2956 3389 Τούτῳ
2984 3324 3017 3375 ό
3047 3321 3307 3389 θυρωρὸς
3334 3320 3578 3388 ἀνοίγει,

2006 3403 2107 3455 καὶ
2131 3403 2247 3470 τὴν
2272 3400 2483 3470 φωνὴν
2507 3401 2694 3455 αὑτοῦ
2728 3402 2935 3454 ἀκούει
2970 3400 3043 3452 τὰ
3063 3401 3346 3469 πρόϐατα,
3382 3398 3479 3451 καὶ
3509 3398 3583 3450 τὰ

2009 3482 2131 3535 ἴδια
2173 3481 2351 3535 καλεῖ
2386 3480 2513 3533 κατ’
2554 3480 2765 3549 ὄνομα,
2794 3480 2892 3531 καὶ
2935 3477 3082 3532 ὅταν
3109 3476 3372 3546 ἐξαγάγῃ
3406 3476 3581 3535 αὐτὰ,

2007 3550 2319 3629 πορεύεται
2347 3558 2688 3627 ἔμπροσθεν
2725 3557 2943 3614 αὐτῶν.
2978 3557 3184 3625 Ἔθηκε
3210 3558 3305 3609 καὶ⁹
3331 3554 3424 3607 τοῦ
3460 3572 3582 3606 ποι-

2013 3642 2173 3712 μένος
2202 3641 2295 3694 καὶ
2347 3638 2440 3692 τοῦ
2472 3639 2747 3710 λυμεῶνος
2768 3638 2836 3691 τά
2856 3638 3143 3707 δείγματα.
3171 3637 3395 3705 Ἴδωμεν
3424 3634 3586 3689 πάλιν

2010 3719 2127 3783 πῶς
2154 3719 2336 3780 αὐτοῖς
2358 3718 2639 3789 ἐφήρμοσε
2670 3718 2740 3770 τὰ
2760 3717 2908 3787 ἑξῆς·
2951 3717 3163 3782 Τούτῳ,
3192 3716 3378 3785 φησὶν,
3419 3717 3451 3767 ό
3481 3716 3586 3766 θυ-

2006 3797 2198 3866 ρωρὸς
2249 3797 2495 3866 ἀνοίγει.
2546 3796 2830 3866 Ἐπέμεινε
2858 3799 2925 3867 τῇ
2960 3796 3264 3867 μεταφορᾷ,
3299 3793 3440 3845 ὥστε
3489 3794 3588 3861 ἐμ-

2013 3876 2422 3948 φαντικώτερον
2450 3876 2671 3945 ποιῆσαι
2703 3876 2793 3928 τὸν
2818 3876 2997 3943 λόγον.
3031 3875 3093 3927 Εἰ
3117 3874 3173 3926 δὲ
3207 3873 3301 3925 καὶ
3322 3872 3465 3925 κατά
3499 3870 3587 3921 λέσ

2016 3956 2097 4020 ξιν
2132 3955 2339 4017 ἐθέλοις
2373 3955 2472 4023 τὴν
2506 3953 2820 4024 παραϐολὴν
2868 3954 3162 4021 ἐξετάζειν,
3201 3952 3351 4004 οὐδὲν
3389 3949 3588 4004 κωλύει

2019 4037 2265 4110 θυρωρὸν
2292 4035 2525 4089 ἐνταῦθα
2555 4039 2695 4089 νοεῖν
2724 4035 2816 4088 τὸν
2840 4036 3101 4110 Μωῦσέα.
3147 4034 3386 4096 Ἐκεῖνος
3422 4031 3527 4103 γὰρ
3560 4033 3588 4083 ὁ

2017 4106 2265 4185 τάλόγια
2292 4114 2386 4168 τοῦ
2409 4114 2543 4167 Θεοῦ
2568 4112 2952 4185 ἐμπιστευθείς
2970 4130 2986 4146 ·
3009 4106 3070 4166 οὗ
3097 4114 3207 4167 Καὶ
3235 4111 3352 4180 τὴν
3380 4110 3589 4180 φωνὴν

2015 4196 2204 4251 αὑτοῦ
2236 4195 2443 4249 ἀκούει
2472 4194 2543 4247 τὰ
2570 4192 2855 4260 πρόϐατα,
2880 4192 2978 4247 καὶ
3009 4194 3083 4244 τὰ
3112 4192 3234 4245 ἴδια
3262 4190 3437 4243 κα.λεῖ
3460 4191 3588 4243 κατ’

2018 4276 2224 4343 ὄνομα.
2256 4271 2474 4342 Ἐπειδὴ
2499 4271 2607 4340 γὰρ
2638 4271 2749 4325 ἀνω
2773 4271 2867 4323 καὶ
2889 4269 3039 4323 κάτω
3059 4269 3245 4338 ἔλεγον
3268 4270 3430 4324 αὐτὸν
3453 4270 3590 4323 ἀπα-

2014 4353 2192 4407 τεῶνα
2218 4347 2379 4412 εἶναι.
2414 4352 2507 4403 καὶ
2534 4348 2689 4401 τοῦτο
2722 4349 2785 4401 ἐκ
2829 4348 2927 4418 τῆς
2966 4349 3223 4412 ἀπιστίας
3246 4350 3346 4419 τῆς
3383 4349 3589 4401 ἑαυτῶν

2016 4432 2300 4486 ἐϐεϐαίουν
2321 4431 2602 4499 λέγοντες·
2632 4428 2727 4494 Τίς
2756 4426 2874 4480 τῶν
2902 4427 3212 4497 ἀρχόντων
3227 4427 3593 4479 ἐπίστευσεν

2014 4516 2104 4579 είς
2136 4514 2355 4575 αὑτόν;
2385 4510 2680 4571 δείκνυσιν,
2712 4508 2794 4560 ὅτι
2824 4508 2924 4560 οὐκ
2952 4507 3114 4560 αὑτὸν
3145 4509 3209 4559 ἐκ
3236 4507 3336 4575 τῆς
3366 4507 3607 4559 ἐκείνων.

2015 4592 2274 4655 ἀπιστίας
2293 4589 2548 4659 λυμεῶνα
2573 4588 2666 4641 καὶ
2685 4587 2887 4640 πλάνον
2915 4586 2993 4639 δεῖ
3020 4587 3203 4639 καλεῖν
3223 4604 3236 4617 ·
3265 4586 3379 4639 ἀλλ’
3396 4585 3590 4649 αὐτοὺς

2020 4674 2085 4725 ἐκ
2114 4671 2207 4723 τοῦ
2252 4669 2324 4739 μὴ
2366 4668 2652 4738 προσέχειν
2689 4665 2860 4736 αὐτῷ,
2904 4666 2999 4719 καὶ
3042 4666 3140 4735 τῆς
3169 4665 3274 4717 τῶν
3306 4664 3593 4735 προϐάτων

2022 4748 2331 4812 ἀκολούθως
2366 4747 2698 4816 ἐκϐληθῆναι
2720 4745 2948 4811 τάξεως.
2976 4743 3040 4796 Εἰ
3071 4744 3179 4815 γὰρ
3201 4744 3456 4813 ποιμένος
3478 4744 3593 4796 ἐστὶ

2016 4831 2077 4883 τὸ
2110 4829 2196 4881 διὰ
2222 4828 2319 4897 τῆς
2339 4824 2734 4895 νενομισμένης
2755 4823 3185 4894 είσιέναιθύρας,
3215 4824 3376 4887 αὐτὸς
3400 4823 3455 4875 δὲ
3477 4825 3591 4875 εἰσ-

2018 4908 2147 4981 ῆλθε
2175 4906 2265 4960 διὰ
2284 4905 2515 4981 ταύτης·
2544 4906 2592 4955 οἱ
2622 4903 2719 4972 μὲν
2745 4902 3209 4973 ἀκολουθήσαντες
3236 4903 3473 4964 ἅπαντες
3501 4901 3592 4953 δύο

2019 4978 2188 5040 ναιντ’
2213 4985 2279 5039 ἂν
2322 4978 2463 5036 εἶναι
2503 4981 2779 5053 πρόϐατα·
2816 4981 2942 5034 οίδέ
2971 4982 3378 5052 ἀπορραγέντες
3416 4981 3476 5032 οὐ
3504 4981 3595 5032 τὸν

2020 5065 2254 5136 ποιμένα
2281 5063 2545 5128 διέϐαλον,
2572 5060 2707 5113 ἀλλά
2722 5061 2819 5131 τῆς
2838 5060 2946 5114 τῶν
2964 5062 3253 5133 προϐάτων
3277 5060 3597 5129 συγγενείας

2020 5145 2274 5209 ἐξέϐαλον
2306 5140 2553 5203 ἑαυτούς.
2585 5138 2722 5191 Είδέ
2749 5138 2893 5207 λέγει
2926 5139 3134 5210 προῖὼν
3150 5139 3248 5209 τὴν
3278 5140 3447 5209 θύραν
3470 5139 3595 5190 ἑαυ..

2018 5229 2109 5279 τὸν
2148 5222 2311 5285 εἶναι,
2358 5222 2520 5273 πάλιν
2550 5220 2611 5271 οὑ
2642 5219 2748 5289 χρὴ
2782 5218 3150 5289 θορυϐεῖσθαι.
3194 5220 3307 5274 Καὶ
3351 5219 3457 5288 γὰρ
3503 5217 3595 5270 καὶ

2024 5307 2257 5375 ποιμένα
2291 5302 2480 5356 ἐαυτὸν
2509 5300 2677 5368 λέγει,
2729 5300 2820 5351 καὶ
2873 5300 3162 5370 πρόϐατον,
3198 5300 3291 5352 καὶ
3321 5296 3596 5368 διαφόρως

2019 5385 2115 5445 τὰς
2138 5380 2448 5451 οἰκονομίας
2479 5380 2735 5451 κηρύττει
2764 5380 2860 5443 τὰς
2884 5380 3275 5434 ἐαυτοῦ.”οταν
3291 5379 3399 5447 γὰρ
3426 5395 3595 5447 προσ-

2021 5466 2127 5533 άγῃ
2172 5462 2318 5530 ἡμᾶς
2349 5459 2427 5530 τῷ
2458 5461 2652 5529 Πατρὶ,
2702 5458 2874 5529 θύραν
2920 5459 3112 5512 ἑαυτὸν
3162 5458 3347 5510 καλεῖ·
3379 5458 3506 5510 ὅταν
3536 5455 3595 5507 δὲ

2024 5532 2372 5611 ἐπιμελῆται,
2405 5542 2658 5610 ποιμένα.
2688 5540 2803 5593 Ἵνα
2844 5539 2953 5612 γὰρ
2986 5540 3059 5611 μὴ
3082 5538 3239 5592 τοῦτο
3273 5538 3429 5609 ἔργον
3456 5532 3597 5589 εἶναι

2022 5624 2250 5692 νομίσῃς
2278 5620 2441 5673 αὐτοῦ
2475 5621 2631 5689 μόνον
2668 5620 2727 5671 τὸ
2751 5622 3142 5690 προσαγαγεῖν,
3168 5618 3316 5686 λέγει
3349 5617 3442 5669 καὶ
3470 5632 3592 5667 ποι-

2026 5704 2158 5772 μένα
2207 5701 2417 5754 ἑαυτόν.
2468 5700 2578 5754 Καὶ
2613 5701 2685 5753 τὰ
2722 5703 2987 5767 πρόϐατα
3023 5700 3133 5767 τῆς
3175 5697 3381 5767 φωνῆς
3409 5694 3596 5749 αὑτοῦ

2022 5788 2245 5849 ἀκούει,
2293 5786 2389 5839 καὶ
2439 5785 2617 5837 καλεῖ
2642 5784 2713 5837 τιί
2757 5786 2879 5838 ἴδια
2925 5786 3209 5851 πρόϐατα,
3250 5783 3348 5835 καὶ
3400 5779 3597 5849 ἐξάγει

2022 5869 2195 5925 αὐτὰ,
2228 5866 2324 5919 καὶ
2347 5866 2531 5929 αὐτὸς
2554 5864 2894 5932 ἔμπροσθεν
2914 5863 3454 5930 αὐτῶνπορεύεται.
3489 5863 3603 5913 Καὶ

2031 5946 2136 6017 μὴν
2167 5943 2476 5999 τούναντίον
2509 5946 2556 5996 οἱ
2594 5944 2849 6014 ποιμένες
2878 5944 3142 6008 ποιοῦσιν,
3167 5942 3390 5996 ὄπισθεν
3418 5941 3599 5993 αὐτῶν
