4084 6360
483 293 593 350 3'25

476 410 916 476 ἀκολουθοῦντες.
953 411 1092 464 Ἀλλ’
1122 412 1301 477 αὑτὸς,
1326 414 1539 478 δεικνὺς
1563 416 1644 468 ὅτι
1665 415 1908 480 ἅπαντας
1932 417 2054 486 ὁδη-

477 497 641 566 γή⁶σει
672 493 808 564 πρὸς
834 493 933 562 τὴν
965 493 1242 562 ἀλήθειαν,
1271 497 1599 561 ἀπεναντίας
1623 498 1851 561 ἐκείνοις
1875 502 2019 550 ποιεῖ
2036 515 2048 527 ·

480 577 672 647 ὥσπερ
709 571 802 629 οὖν
832 578 925 628 καὶ
963 577 1050 629 ὅτε
1107 577 1178 630 τὰ
1213 580 1470 649 πρόϐατα
1505 581 1743 650 ἔπεμπε,
1795 579 1916 650 [οὑκ
1950 579 2054 644 ἔξω

474 658 587 710 τῶν
617 656 818 716 λύκων,
851 655 965 706 ἀλλ’
1000 657 1058 706 ἐν
1087 658 1236 727 μέσῳ
1260 658 1367 710 τῶν
1391 659 1570 712 λύκων
1605 658 1867 730 ἐπεμπε.]
1910 658 2050 710 Πολὺ

475 737 586 809 γὰρ
619 736 1025 808 παραδοξοτέρα
1049 738 1188 808 αῦτη
1215 739 1598 810 ὴποιμαντικὴ
1619 739 1718 807 τῆς
1737 740 1864 808 παρ’
1894 741 2049 808 ἡμῖν.

545 822 616 884 γ’.
633 818 792 868 Δοκεῖ
809 816 864 868 δέ
887 834 974 884 μοι
993 818 1082 868 καὶ
1106 818 1232 886 περὶ
1245 819 1337 871 τοῦ
1354 818 1554 887 τυφλοῦ
1571 818 1924 872 αἰνίττεσθαι.
1945 819 2053 869 Καὶ

477 894 589 964 γὰρ
607 896 814 947 ἐκεῖνον
839 893 1073 966 ἐξήγαγε
1092 896 1328 958 καλέσας
1348 898 1414 950 ἐκ
1435 898 1602 967 μέσου
1619 897 1727 950 τῶν
1759 896 2052 958 Ἰουδαίων,

475 972 625 1048 [548]
672 974 765 1026 καὶ
816 973 1017 1044 ἤκουσε
1072 973 1236 1026 αὑτοῦ
1287 974 1388 1044 τῆς
1422 977 1639 1046 φωνῆς,
1693 976 1788 1029 καὶ
1815 975 2050 1042 ἐπέγνω.

489 1053 812 1121 Ἀλλοτρίῳ
861 1052 928 1104 δὲ
961 1054 1033 1106 οὺ
1083 1053 1166 1122 μὴ
1215 1054 1770 1119 ἀκολουθήσουσιν,
1815 1053 1905 1106 ὅτι
1942 1055 2055 1106 οὐκ

475 1131 675 1184 οἵδασι
697 1130 816 1182 τῶν
830 1131 1164 1200 ἀλλοτρίων·
1187 1132 1302 1200 τὴν
1323 1132 1550 1201 φωνήν.
1580 1135 1737 1187 Ἤτοι
1770 1133 1894 1194 τοὺς
1928 1133 2054 1202 περὶ

475 1211 681 1262 Θευδᾶν
715 1209 864 1276 λέγει
895 1212 1129 1264 ἐνταῦθα
1161 1212 1256 1264 καὶ
1302 1213 1501 1265 Ἰούδαν
1534 1214 1649 1280 (καὶ
1681 1212 1789 1283 γὰρ
1828 1214 2054 1268 ’Ἅπαν-

475 1305 593 1354 τες,
640 1288 774 1342 ὅσοι
802 1289 1181 1343 ἐπίστευσαν
1231 1291 1434 1354 αὐτοῖς,
1473 1291 2051 1360 διεσκορπίσθησαν,

476 1368 660 1437 φησίν)
691 1387 704 1398 ο
746 1367 777 1437 ἦ
813 1370 939 1430 τοὺς
976 1370 1114 1438 μετὰ
1149 1369 1324 1424 ταῦτα
1353 1372 1645 1440 μέλλοντας
1677 1373 1890 1442 ἀπατᾷν
1922 1371 2056 1438 ψευ-

475 1446 809 1517 δοχρίστους.
839 1446 955 1497 ’Ίνα
984 1447 1092 1518 γὰρ
1127 1449 1202 1517 μὴ
1234 1449 1463 1516 λέγωσιν
1493 1451 1588 1504 ’ένα
1615 1451 1839 1503 ἐκείνων
1867 1449 2057 1502 τοῦτον

475 1521 636 1586 εἶναι,
668 1524 755 1577 διὰ
799 1524 1010 1577 πολλῶν
1047 1528 1240 1580 ἐαυτὸν
1284 1529 1380 1580 ἀπ’
1412 1528 1636 1581 ἐκείνων
1681 1529 1896 1598 διαιρεῖ.
1947 1527 2055 1579 Καὶ

476 1604 693 1673 πρῶτον
733 1604 830 1672 μέν
855 1604 1040 1674 τίθησι
1079 1606 1364 1678 διαφορὰν,
1393 1609 1491 1678 τὴν
1527 1610 1636 1662 ἀπὸ
1681 1609 1792 1660 τῶν
1824 1606 2054 1678 Γραφῶν

473 1681 823 1736 διδασκαλίαν
847 1701 860 1713 ·
885 1685 1046 1748 αὑτὸς
1075 1686 1174 1754 μὲν
1202 1687 1311 1757 γὰρ
1330 1686 1416 1739 διὰ
1434 1687 1639 1740 τούτων
1656 1688 1850 1748 αὐτοὺς
1883 1703 2051 1756 προσ-

474 1763 669 1831 ήγετο,
721 1765 921 1815 ἐκεῖνοι
971 1763 1025 1815 δέ
1059 1765 1158 1817 οὑκ
1189 1765 1435 1818 ἐντεῦθεν
1479 1767 1676 1828 αὑτοὺς
1720 1766 2048 1834 ἐφείλκοντο.

475 1840 742 1911 Δευτέραν
762 1843 860 1910 τὴν
888 1843 994 1895 τῶν
1021 1844 1314 1913 προϐάτων
1340 1847 1588 1918 ὑπακοήν
1612 1863 1625 1876 ·
1647 1846 1795 1916 αὑτῷ
1825 1847 1920 1915 μὲν
1945 1846 2054 1915 γὰρ

474 1921 536 1972 οὑ
572 1919 738 1982 ζῶντι
776 1920 958 1988 μόνον,
993 1920 1128 1972 ἀλλά
1160 1923 1252 1974 καὶ
1288 1924 1677 1994 τελευτήσαντι
1709 1924 1909 1984 πάντες
1934 1923 2053 1974 ἐπί-

475 2015 709 2050 στευσαν
734 2015 745 2027 ⁶
782 1999 1025 2064 ἐκείνους
1055 2000 1110 2052 δὲ
1146 2003 1348 2064 εὑθέως
1369 2003 1578 2056 εἴασαν.
1616 2003 1726 2057 Καὶ
1769 2002 1958 2072 τρίτην
1996 2001 2056 2054 δὲ

476 2079 618 2148 μιτά
650 2078 856 2132 τούτων
891 2080 1041 2132 ἐστιν
1084 2084 1258 2136 εἰπεῖν
1288 2082 1350 2135 οὐ
1393 2085 1616 2155 μικράν.
1675 2085 1902 2136 Ἐκεῖνοι
1955 2082 2052 2150 μέν

473 2158 581 2228 γὰρ
609 2157 682 2220 ώς
702 2157 980 2228 τύραννοι,
1002 2160 1096 2212 καὶ
1113 2161 1204 2213 ἐπὶ
1235 2161 1547 2233 ἀποστασία
1566 2162 1740 2215 πάντα
1757 2174 1782 2200 θ
1811 2160 2048 2213 ἐποίουν·

473 2235 634 2297 αὐτὸς
662 2235 717 2288 δέ
759 2236 902 2288 οὑτω
949 2238 1137 2308 πόρρω
1182 2238 1373 2292 ἐαυτὸν
1419 2241 1676 2311 τοιαύτης
1717 2240 2053 2309 κατέστησεν

473 2315 728 2384 ὑποψίας,
754 2316 829 2380 ώς
859 2317 953 2370 καὶ
979 2317 1240 2370 θελόντων
1260 2318 1423 2371 αὑτὸν
1455 2319 1682 2389 ποιῆσαι
1709 2318 1928 2388 βασιλέα
1961 2335 2054 2386 φυ-

471 2395 609 2462 γεῖν,
639 2395 731 2447 καὶ
752 2396 1174 2465 ἐπερωτώντων,
1209 2398 1258 2450 εί
1286 2397 1461 2462 ἔξεστι
1479 2399 1662 2453 δοῦναι
1693 2399 1894 2467 κῆνσον
1915 2397 2054 2450 Καί-

473 2489 622 2542 σαρι,
675 2472 932 2526 κελεῦσαι
968 2477 1306 2539 καταθεῖναι,
1350 2480 1442 2530 καὶ
1478 2479 1640 2530 αὑτὸν
1674 2477 1950 2531 ἐπιδοῦναι
1992 2476 2052 2528 τδ

469 2550 762 2622 δίδραχμα.
792 2551 1167 2628 Πρδςίτούτοις
1193 2557 1354 2620 αὑτὸς
1374 2558 1471 2626 μὲν
1498 2559 1636 2628 ὑπὲρ
1659 2558 1758 2626 τῆς
1777 2557 2053 2627 σωτηρίας

469 2629 579 2683 τῶν
610 2631 898 2702 προϐάτων
927 2627 1111 2704 ἦλθεν,
1147 2635 1233 2687 ἵνα
1271 2634 1416 2706 ζωὴν
1447 2627 1634 2705 ἔχωσι,
1664 2637 1758 2690 καὶ
1793 2635 2053 2706 περισσὴν

471 2707 660 2778 ἔχωσι,
688 2711 888 2782 φησίν·
926 2713 1124 2764 ἐκεῖνοι
1165 2714 1222 2766 δέ
1273 2715 1366 2768 καὶ
1413 2716 1514 2786 τῆς
1547 2715 1828 2786 παρούσης
1856 2715 2052 2776 αὑτοὺς

471 2788 617 2858 ζωῆς
648 2790 1051 2860 ἀπεστέρησαν.
1085 2793 1191 2844 Καὶ
1216 2795 1265 2844 οἱ
1303 2795 1400 2862 μὲν
1433 2793 1754 2864 προῦδωκαν
1794 2795 1917 2856 τοὺς
1953 2795 2052 2862 ἐμ-

471 2868 884 2929 πιστευθέντας,
917 2871 1008 2922 καὶ
1038 2869 1238 2939 ἔφυγον
1259 2889 1272 2901 ι
1297 2873 1457 2934 αὑτός
1477 2873 1533 2924 δὲ
1567 2872 1740 2936 οὕτως
1770 2871 1901 2941 ἔστη
1931 2889 2053 2940 γεν-

471 2945 661 3008 ναίως,
696 2948 770 3010 ώς
796 2949 890 2999 καὶ
911 2947 1009 3017 τὴν
1025 2949 1205 3019 ψυχὴν
1235 2949 1533 3004 ἐπιδοῦναι.
1567 2952 1676 3002 Καὶ
1695 2951 1745 3003 οἱ
1772 2950 1871 3019 μὲν
1901 2951 2054 3003 ἄκον-

470 3044 562 3088 τες
617 3028 708 3080 καὶ
759 3030 1192 3098 ἀναγκαζόμενοι
1251 3031 1347 3082 καὶ
1410 3029 1702 3098 φεύγοντες
1762 3030 1962 3082 ἔπαθον
2017 3029 2054 3082 ἃ.

470 3103 672 3159 ἔπαθον
696 3106 744 3144 h'
773 3101 926 3169 οὗτος
945 3106 1002 3159 δέ
1021 3106 1162 3159 ἑκὼν
1185 3107 1278 3160 καὶ
1304 3107 1734 3178 προαιρούμενος
1761 3109 2052 3178 ὑπέμεινεν

471 3183 710 3237 ἅπαντα.
765 3187 997 3253 Ταύτην
1037 3185 1153 3254 τὴν
1202 3189 1523 3256 παροιμίαν
1567 3184 1738 3240 εἶπεν
1786 3186 1990 3251 αὐτοῖς
2019 3188 2052 3238 ό

483 3263 718 3331 Ἰησοῦς
738 3281 749 3292 ·
779 3263 995 3318 ἐκεῖνοι
1021 3264 1088 3316 δὲ
1127 3268 1238 3318 οὐκ
1269 3266 1547 3334 ἔγνωσαν
1574 3268 1707 3320 τίνα
1733 3263 1810 3336 ἦν
1843 3265 1880 3319 ἁ
1910 3265 2050 3318 ἐλά-

469 3344 563 3394 λει
594 3342 818 3408 αὐτοῖς.
858 3345 966 3396 Καὶ
984 3342 1125 3405 τίνος
1147 3344 1334 3396 ἐνεκεν
1366 3345 1592 3412 ἀσαφῶς
1619 3339 1772 3398 εἶπεν
1795 3347 1976 3408 αὐτοῖς
2001 3355 2049 3409 c;

473 3421 1016 3491 ΙΙροσεκτικωτέρους
1046 3423 1244 3486 αὑτοὺς
1265 3423 1486 3492 ποιῆσαι
1512 3423 1856 3492 βουλόμενος.
1901 3424 2051 3475 Ἐπεὶ

468 3499 562 3552 οὖν
588 3499 746 3553 τοῦτο
797 3500 1195 3562 κατεσκεύασε,
1243 3502 1360 3554 λύει
1395 3502 1580 3554 λοιπὸν
1611 3504 1712 3570 τὴν
1757 3502 2048 3569 ἀσάφειαν,

468 3578 611 3631 οὕτω
645 3578 850 3647 λέγων·
894 3579 1040 3648 Ἐγώ
1066 3583 1181 3648 εἰμι
1210 3581 1247 3646 ἡ
1297 3582 1447 3648 θύρα
1470 3598 1482 3609 ·
1525 3580 1600 3632 δι’
1635 3581 1782 3649 ἐμοῦ
1817 3581 1925 3633 ἐάν
1961 3599 2051 3646 τις

467 3657 737 3726 είσέλθῃ,
766 3661 1200 3721 εἰσελεύσεται,
1233 3661 1332 3712 καὶ
1373 3661 1782 3725 ἐξελεύσεται,
1820 3659 1918 3712 καί
1951 3677 2051 3712 νο-

461 3735 592 3805 μὴν
633 3735 916 3803 εὺρήσει’
960 3733 1094 3800 οἷον,
1130 3740 1188 3790 ἐν
1233 3740 1505 3810 ἀσφαλείᾳ.
1555 3739 1707 3792 ἔσται
1763 3739 1858 3791 καὶ
1895 3739 2050 3809 ἀδείᾳ

471 3816 664 3885 (νομὴν
692 3815 750 3868 δέ
779 3818 878 3886 τὴν
903 3816 1107 3886 τροφὴν
1137 3817 1372 3870 ἐνταῦθα
1400 3817 1549 3884 λέγει
1578 3819 1670 3870 καὶ
1706 3817 1908 3888 βοσκὴν
1939 3817 2052 3871 τῶν

467 3894 778 3962 προϐάτων,
817 3895 909 3946 καὶ
947 3895 1198 3958 ἐξουσίαν
1241 3895 1336 3947 καὶ
1369 3897 1710 3967 κυριότητα),
1744 3896 2049 3958 τουτέστιν,

472 3973 658 4025 Ἐνδον
702 3976 872 4044 μενεῖ,
905 3975 998 4025 καὶ
1019 3973 1193 4035 οὐδεὶς
1216 3975 1380 4026 αὑτὸν
1405 3973 1740 4044 ἐξωθήσεται
1763 3993 1774 4004 ο
1799 3975 1934 4044 ὅπερ
1957 3969 2049 4026 οὖν

467 4051 560 4104 ἐπὶ
591 4053 701 4104 τῶν
727 4053 1040 4105 ἀποστόλων
1061 4053 1304 4120 γέγονεν,
1337 4052 1385 4104 οἳ
1420 4053 1559 4122 μετά
1589 4052 1771 4114 ἁδείας
1797 4053 2050 4123 εἰσῄεσαν

467 4133 563 4185 καὶ
588 4132 836 4203 ἐξῄεσαν,
866 4133 940 4196 ώς
969 4133 1149 4202 πάσης
1180 4134 1362 4204 κύριοι
1383 4134 1738 4202 γεγενημένοι
1756 4133 1852 4202 τῆς
1870 4135 2050 4184 οἰκου-

470 4211 661 4282 μένης,
712 4213 807 4264 καὶ
844 4212 1018 4275 οὐδεὶς
1047 4213 1244 4274 αὑτοὺς
1287 4212 1536 4264 ἐκϐαλεῖν
1577 4213 1782 4282 ίσχυσε.
1820 4211 2050 4278 Πάντες

467 4290 601 4345 ὅσοι
629 4286 839 4361 ἦλθον,
883 4291 1132 4369 κλέπται
1164 4290 1283 4344 είσὶ
1314 4292 1412 4343 καὶ
1453 4291 1680 4358 λῃσταί
1707 4307 1720 4320 ·
1756 4290 1891 4344 ἀλλ’
1936 4292 2049 4344 οὐκ

467 4369 750 4438 ἤκουσαν
776 4369 976 4425 αὐτῶν
1009 4372 1081 4425 τὰ
1113 4372 1399 4438 πρόϐατα.
1437 4371 1512 4423 Οὑ
1547 4371 1677 4441 περὶ
1705 4371 1812 4422 τῶν
1840 4387 2052 4441 προφη-

466 4453 576 4504 τῶν
614 4469 778 4522 φησιν
809 4451 1066 4516 ἐνταῦθα,
1096 4449 1277 4514 καθὼς
1300 4453 1348 4502 οἰ
1377 4450 1646 4522 αἱρετικοί
1682 4466 1846 4518 φασιν
1885 4451 2052 4520 (ἐκεί-

468 4549 573 4582 νων
605 4531 714 4602 γάρ
761 4533 1022 4602 ἥκουσαν,
1050 4531 1146 4584 καὶ
1174 4530 1239 4583 δι’
1285 4530 1509 4582 ἐκείνων
1554 4529 1904 4592 ἐπίστευσαν,
1935 4529 2050 4582 ὅσοι

468 4611 564 4663 καὶ
596 4613 922 4665 ἐπίστευσαν
958 4611 1034 4682 τῷ
1073 4610 1354 4683 Χριστῷ),
1385 4609 1522 4663 ἀλλά
1562 4611 1692 4681 περὶ
1738 4611 1914 4663 Θευδᾶ
1958 4610 2052 4663 καὶ

480 4689 645 4742 Ἰούδα
675 4691 844 4758 λέγει,
873 4693 966 4743 καὶ
993 4691 1102 4743 τῶν
1132 4692 1307 4745 ἄλλων
1348 4690 1708 4745 στασιαστῶν.
1749 4689 1956 4752 Ἀλλως
1995 4689 2052 4740 δέ

467 4772 565 4824 καὶ
589 4771 670 4835 τὺ,
698 4775 819 4824 Οὐκ
848 4772 1130 4840 ἤκουσαν
1156 4773 1230 4825 τὰ
1263 4772 1548 4838 πρόϐατα,
1594 4771 1831 4823 ἐπαινῶν
1867 4765 2047 4822 εἶπεν·

465 4851 706 4923 οὐδαμοῦ
738 4853 796 4906 δέ
837 4854 1088 4922 φαίνεται
1137 4853 1376 4906 ἐπαινῶν
1417 4855 1544 4914 τοὺς
1592 4850 2052 4921 παρακούσαντας

465 4935 576 4987 τῶν
604 4933 920 5004 προφητῶν,
947 4932 1085 4986 ἀλλά
1111 4932 1426 4986 τούναντίον
1443 4930 1685 4994 κακίζων
1711 4931 1807 4984 καὶ
1826 4931 2051 4984 διαϐάλ-

464 5013 574 5066 λων
622 5012 886 5081 σφοδρῶς.
920 5013 1084 5065 Ὅθεν
1119 5012 1299 5082 δῆλον,
1335 5013 1419 5064 ὅτι
1448 5011 1530 5076 τὸ,
1567 5013 1692 5064 Οὐκ
1733 5010 2048 5079 ἤκουσαν,

465 5092 562 5147 νῦν
586 5091 716 5163 περὶ
754 5091 863 5144 τῶν
893 5091 1234 5145 στασιαστῶν
1262 5091 1486 5143 ἐκείνων
1537 5091 1773 5162 εἴρηται.
1820 5090 1882 5143 '0
1911 5091 2049 5144 κλέ-

467 5186 621 5239 πτης
644 5173 716 5225 οὺ
733 5171 818 5240 μὴ
846 5171 1098 5240 ἔρχεται,
1116 5174 1170 5224 εί
1181 5170 1266 5239 μὴ
1285 5171 1386 5223 ἵνα
1407 5171 1606 5239 κλέψῃ
1636 5171 1733 5223 καὶ
1760 5170 1920 5238 θύσῃ
1950 5171 2050 5224 καὶ

466 5250 747 5320 ἀπολέσῃ
767 5269 784 5282 ο
805 5253 942 5322 ὅπερ
970 5251 1090 5304 τότε
1108 5251 1321 5319 γέγονε,
1355 5249 1575 5303 πάντων
1607 5251 1926 5318 σφαγέντων
1954 5250 2050 5303 καὶ

467 5332 840 5402 ἀπολομένων.
885 5330 1034 5399 Ἐγὼ
1059 5329 1128 5383 δὲ
1156 5327 1366 5400 ἦλθον,
1392 5331 1493 5382 ἵνα
1531 5328 1686 5397 ζωὴν
1715 5331 1921 5399 ἔχωσι,
1952 5331 2050 5383 καὶ

467 5410 767 5480 περισσὸν
800 5411 1007 5480 ἔχωσι.
1060 5410 1170 5462 Καὶ
1217 5410 1270 5461 τί
1297 5409 1441 5478 ζωῆς
1473 5410 1877 5480 περισσότερον,
1930 5411 2051 5464 εἰπέ

471 5512 563 5562 μοι
583 5511 597 5557 ;
628 5495 886 5547 Βασιλεία
912 5492 1179 5563 οὐρανῶν.
1218 5492 1356 5544 Ἀλλ’
1375 5491 1527 5544 οὑπω
1550 5493 1698 5559 λέγει
1717 5492 1896 5552 τοῦτο.
1917 5493 2051 5546 ἀλλά

468 5573 530 5624 τὸ
558 5574 656 5643 τῆς
682 5572 992 5644 ξωῆςῐῦόθ]
1026 5573 1198 5642 ὄνομα
1229 5573 1604 5643 περιστρέφει,
1625 5573 1762 5641 ὅπερ
1785 5568 1852 5642 ἦν
1871 5574 2052 5634 αὑτοῖς

472 5653 771 5722 γνώριμον.
818 5651 958 5716 Ἐγώ
989 5655 1106 5720 εἰμι
1145 5655 1177 5704 ό
1207 5651 1432 5719 ποιμὴν
1471 5655 1506 5704 ὀ
1534 5653 1743 5718 καλός.
1785 5652 2052 5705 Ἐνταῦθα

473 5731 658 5785 λοιπὸν
683 5731 810 5799 περὶ
843 5729 935 5782 τοῦ
958 5731 1163 5792 πάθους
1193 5730 1524 5797 διαλέγεται,
1559 5730 1775 5792 δεικνὺς
1798 5731 1878 5783 ὅτι
1911 5731 2051 5800 ὑπὲρ

474 5813 572 5878 τῆς
597 5809 690 5860 τοῦ
712 5810 915 5875 κόσμου
950 5809 1219 5880 σωτηρίας
1237 5809 1394 5862 τοῦτο
1410 5809 1642 5878 γίνεται,
1675 5810 1765 5861 καὶ
1783 5811 1880 5862 οὑκ
1903 5811 2050 5862 ἄκων

1209 296 1267 350 S.
1306 293 1588 350 JOANMS
1625 295 2113 354 CIIRYSOSTOMI
2150 296 2469 355 ARCHIEP.
2504 298 3050 356 CONSTANTINOP.

3637 297 3745 354 3‘10

2163 419 2256 471 ἐπὶ
2285 418 2440 471 τοῦτο
2469 419 2705 490 ἔρχεται.
2729 417 2861 473 Εἶτα
2887 419 3038 488 λέγει
3067 418 3128 471 τὸ
3152 418 3350 488 δεῖγμα
3370 416 3462 470 τοῦ
3487 418 3740 488 ποιμένος

2163 497 2325 550 πάλιν
2356 499 2451 552 καὶ
2489 498 2581 552 τοῦ
2615 499 2908 570 μισθωτοῦ.
2959 501 3020 552 'O
3051 499 3169 568 μὲν
3217 498 3326 566 γὰρ
3363 495 3590 566 ποιμὴν
3627 497 3740 563 τὴν

2162 581 2373 649 ψυχὴν
2395 583 2610 635 ἑαυτοῦ
2637 584 2902 648 τίθησιν’
2934 585 2966 636 ό
2985 581 3285 650 μισθωτὸς
3306 581 3374 633 δέ
3397 581 3494 634 καὶ
3517 582 3628 634 οὐκ
3657 579 3747 632 ὢν

2161 661 2404 729 ποιμὴν,
2432 658 2502 716 οὗ
2527 663 2637 714 οὐκ
2666 663 2781 716 εισι
2815 665 2885 715 τὰ
2922 662 3186 728 πρόϐατα
3227 660 3367 722 ἴδια,
3405 660 3608 728 θεωρεῖ
3636 660 3749 714 τὸν

2160 740 2356 792 λύκον
2390 740 2738 810 ἐρχόμενον,
2788 743 2885 794 καί
2917 741 3134 808 ἀφίησι
3185 741 3257 793 τὰ
3298 741 3592 807 πρόϐατα,
3641 740 3744 793 καδ

2160 823 2366 890 φεύγει
2388 861 2402 884 ,
2436 821 2536 873 καὶ
2575 821 2811 889 ἔρχεται
2834 823 2866 874 ό
2895 822 3104 885 λύκος.
3153 820 3249 873 καὶ
3278 818 3520 888 ἁρπάζει
3565 819 3736 874 αὑτά.

2175 898 2440 953 Ἐνταῦθα
2485 899 2753 952 δείκνυσιν
2793 899 2986 951 ἐαυτὸν
3023 897 3165 952 οὕτω
3196 899 3500 970 κρατοῦντα
3529 897 3604 960 ώς
3648 899 3744 950 τὸν

2162 977 2404 1048 Πατέρα,
2445 977 2497 1029 εἴ
2543 995 2606 1045 γε
2655 980 2858 1047 ποιμὴν
2889 979 3050 1040 αὑτός
3091 980 3228 1038 ἐστι,
3279 979 3372 1029 καὶ
3424 977 3532 1029 ῑδια
3575 977 3740 1030 αὑτοῦ

2161 1056 2277 1108 ἐστι
2323 1057 2392 1109 τά
2436 1058 2706 1126 πρόϐατα.
2751 1058 2915 1129 Ὁρᾷς
2965 1057 3083 1120 πῶς
3131 1058 3188 1108 ἐν
3237 1059 3356 1118 ταῖς
3409 1055 3742 1126 παραϐολαῖς

2162 1131 2493 1208 ὑψηλότερον
2529 1138 2849 1207 φθέγγεται,
2888 1137 3018 1189 ἔνθα
3062 1135 3450 1189 συνεσκίασται
3496 1137 3524 1188 ό
3565 1135 3739 1202 λόγος,

2162 1216 2254 1268 καὶ
2287 1217 2344 1269 οὑ
2376 1217 2557 1271 δίδωσι
2594 1218 2762 1286 λαϐὴν
2802 1216 3042 1285 φανερὰν
3069 1218 3181 1278 τοῖς
3215 1215 3627 1285 ἀκροωμένοις;
3675 1213 3748 1266 Τί

2163 1290 2255 1347 οὖν
2281 1298 2308 1348 ό
2345 1296 2608 1365 μισθωτὸς
2635 1292 2786 1359 οὗτος
2815 1298 2991 1360 ποιεῖ;
3022 1294 3356 1361 Θεωρεῖτὸν
3369 1295 3561 1348 λύκον
3580 1294 3746 1361 ἐρχό-

2158 1390 2366 1442 μενον,
2403 1375 2500 1428 καὶ
2529 1376 2743 1441 ἀφίησι
2771 1375 2842 1427 τὰ
2872 1376 3158 1442 πρόϐατα,
3190 1375 3287 1427 καὶ
3317 1375 3553 1442 ἔρχεται
3580 1377 3611 1427 ό
3632 1372 3743 1426 λύ-

2163 1469 2290 1518 κος,
2320 1454 2417 1506 καὶ
2449 1453 2685 1520 ἁρπάζει
2717 1454 2888 1506 αὑτά.
2922 1453 3092 1506 Τοῦτο
3114 1455 3311 1506 ἐκεῖνοι
3340 1454 3703 1522 πεποιήκασιν
3725 1467 3739 1480 ·

2162 1531 2324 1595 αὑτὸς
2353 1532 2410 1585 δὲ
2433 1533 2762 1586 τούναντίον.
2798 1535 2907 1585 Καὶ
2937 1533 3065 1604 γὰρ,
3091 1536 3253 1604 ἡνίκα
3285 1531 3617 1602 συνελήφθη.
3647 1548 3752 1600 φη-

2165 1611 2247 1663 σίν
2269 1629 2281 1641 ·
2306 1613 2520 1679 Ἅφετε
2543 1613 2793 1676 τούτους
2817 1611 3092 1681 ὑπάγειν.
3126 1613 3212 1665 ἵνα
3235 1612 3340 1683 πλη
3351 1612 3498 1684 ρωθῇ
3521 1615 3550 1664 ό
3565 1612 3744 1678 λόγος.

2161 1688 2244 1742 ὃτι
2277 1689 2450 1752 οὐδεὶς
2480 1690 2537 1756 ἐξ
2566 1690 2746 1742 αὑτῶν
2791 1690 3060 1746 ἀπώλετο.
3102 1692 3350 1747 Ἔστι,δέ
3386 1690 3626 1745 ἐνταῦθα
3651 1691 3745 1743 καὶ

2162 1767 2354 1837 νοητὸν
2381 1767 2721 1820 ὑποπτεῦσαι
2738 1767 2920 1822 λύκον.
2938 1769 3047 1822 Καὶ
3067 1769 3174 1842 γὰρ
3188 1770 3309 1824 ούδέ
3331 1771 3538 1823 ἐκεῖνον
3563 1772 3753 1823 εἴασεν

2161 1846 2465 1900 ἀπελθόντα
2495 1847 2743 1917 ἁρπάσαι
2791 1847 2858 1901 τὰ
2894 1849 3162 1919 πρόϐατα.
3204 1849 3282 1902 Οὑ
3311 1848 3471 1913 λύκος
3507 1849 3564 1902 δέ
3598 1852 3746 1902 ἐστιν

2161 1920 2314 1988 οὗτος
2346 1926 2527 1995 μόνον,
2555 1926 2691 1980 ἀλλά
2730 1929 2824 1979 καὶ
2857 1927 3013 1981 λέων.
3065 1928 3118 1980 Ὀ
3163 1927 3274 2000 γὰρ
3313 1929 3530 1996 ἐχθρὸς
3575 1928 3746 1997 ἡμῶν

2160 2004 2460 2071 διάϐολος,
2493 2007 2678 2075 φησὶν,
2706 2007 2787 2072 ὠς
2807 2006 2968 2060 λέων
2992 2006 3360 2075 περιέρχεται
3384 2007 3739 2074 ὠρυόμενος.

2161 2077 2330 2148 Οὗτος
2354 2085 2447 2138 καὶ
2463 2085 2587 2154 δφις
2615 2085 2708 2138 καὶ
2722 2085 2940 2156 δράκων
2974 2087 3120 2139 ἐστί·
3140 2087 3382 2141 Πατεῖτε
3408 2086 3516 2157 γὰρ
3544 2086 3754 2139 ἐπάνω

2161 2163 2354 2233 ὄφεων
2375 2163 2474 2218 καὶ
2493 2165 2822 2233 σκορπίων.

2230 2313 2291 2367 δ’.
2310 2313 2421 2375 Διὸ,
2437 2313 2762 2385 παρακαλῶ,
2785 2313 3034 2384 μένωμεν
3049 2314 3153 2368 ὑπὸ
3177 2313 3255 2385 τῷ
3267 2313 3486 2384 ποιμένι
3502 2311 3745 2384 νεμόμε-

2161 2410 2274 2445 νοι’
2315 2393 2585 2463 μενοῦμεν
2630 2393 2708 2456 δέ,
2742 2394 2838 2446 ἐάν
2875 2394 2975 2464 τῆς
3011 2394 3192 2462 φωνῆς
3224 2393 3395 2446 αὑτοῦ
3430 2391 3748 2462 ἀκούωμεν,

2161 2471 2255 2524 ἐὰν
2283 2470 2431 2540 αὑτῷ
2455 2470 2795 2542 πειθώμεθα,
2817 2469 2912 2523 ἐὰν
2942 2471 3017 2542 μὴ
3035 2471 3300 2541 ἀλλοτρίῳ
3326 2469 3610 2540 ἐπώμεθα.
3635 2470 3750 2523 Καὶ

2161 2551 2290 2604 ποία
2317 2551 2482 2604 αὑτοῦ
2505 2552 2654 2602 ἐστιν
2687 2551 2720 2621 ἡ
2752 2551 2938 2620 φωνή;
2979 2549 3270 2618 Μακάριοι
3304 2553 3358 2604 οἱ
3401 2549 3625 2618 πτωχοὶ
3663 2547 3750 2612 τῷ

2159 2630 2453 2698 πνεύματι
2482 2646 2496 2660 ’
2522 2629 2801 2697 μακάριοι
2829 2631 2884 2681 oi
2913 2628 3158 2696 καθαροὶ
3182 2626 3258 2695 τῇ
3281 2628 3526 2696 καρδίᾳ·
3555 2625 3749 2696 pade

2152 2725 2273 2774 ριοι
2319 2710 2373 2761 οι
2413 2706 2758 2776 ἐλεήμονες.
2792 2707 2890 2759 Ἂν
2933 2707 3107 2761 ταῦτα
3130 2710 3481 2777 πράττωμεν,
3533 2705 3636 2759 ὑπὸ
3669 2703 3757 2774 τῷ

2160 2789 2379 2858 ποιμένι
2414 2788 2703 2859 μενοῦμεν,
2735 2789 2827 2841 καὶ¹
2853 2791 2882 2841 ὁ
2911 2787 3072 2852 λύκος
3106 2789 3253 2842 ἔνδον
3278 2787 3531 2857 γενέσθαι
3567 2787 3628 2840 οὑ
3652 2787 3746 2841 δυ-

2159 2870 2420 2938 νήσεται·
2477 2868 2612 2920 ἀλλά
2662 2868 2766 2920 κᾶν
2810 2866 3034 2938 ἐπέλθῃ,
3087 2868 3181 2921 ἐπὶ
3237 2869 3392 2936 κακῷ
3423 2865 3501 2936 τῷ
3550 2865 3746 2920 ἐαυτοῦ

2159 2946 2318 2999 τοῦτο
2341 2946 2658 3017 ἐργάσεται.
2688 2945 2930 3016 Ποιμένα
2957 2947 3066 3014 γὰρ
3091 2945 3288 3016 ἔχομεν
3317 2945 3462 2998 οὑτω
3491 2944 3749 3014 φιλοῦντα

2162 3029 2333 3097 ἡμᾶς,
2364 3027 2440 3088 ὡς
2468 3027 2564 3079 καὶ
2591 3027 2688 3098 τὴν
2708 3026 2885 3096 ψυχὴν
2902 3026 3042 3094 ὑπὲρ
3065 3026 3222 3097 ἡμῶν
3251 3025 3553 3078 ἐπιδοῦναι.
3574 3025 3745 3078 Ὅταν

2159 3103 2252 3157 οὖν
2283 3105 2374 3157 καὶ
2407 3104 2628 3168 δυνατὸς
2746 3105 2840 3158 καὶ
2869 3106 3019 3175 φιλῇ,
3051 3105 3102 3156 τί
3144 3105 3204 3158 τὸ
3233 3103 3442 3157 κωλύον
3467 3105 3612 3174 ἡμᾶς
3643 3121 3752 3158 σω-

2161 3183 2349 3254 θῆναι;
2377 3183 2562 3247 υὺδέν,
2593 3185 2642 3235 εί
2668 3184 2741 3255 μὴ
2772 3185 2933 3255 ἡμεῖς
2972 3184 3129 3236 αὐτοὶ
3169 3183 3568 3254 ἀποσταίημεν.
3623 3183 3755 3248 Πῶς

2157 3262 2214 3314 δέ
2245 3261 2703 3332 ἀποστησόμεθα;
2736 3262 3001 3314 ’Ἄκουσον
3032 3261 3198 3314 αὑτοῦ
3228 3261 3481 3329 λέγοντος
3505 3279 3519 3292 ·
3543 3263 3624 3316 Οὐ
3642 3261 3747 3315 δύ-

2158 3346 2348 3395 νασθε
2375 3340 2519 3394 δυσὶ
2559 3343 2788 3407 κυρίοις
2821 3339 3165 3402 δουλεύειν,
3198 3339 3321 3406 Θεῷ
3343 3341 3442 3394 καὶ
3469 3339 3744 3411 μαμωνᾷ.

2165 3423 2262 3475 "Av
2284 3423 2460 3476 τοίνυν
2489 3421 2665 3491 τούτῳ
2681 3421 3045 3492 δουλεύωμεν,
3083 3423 3182 3491 οὐχ
3203 3421 3620 3492 ὑποστησόμεθα
3647 3423 3749 3492 τὴν

2160 3503 2370 3554 ἐκείνου
2391 3500 2699 3572 τυραννίδα.
2721 3501 2829 3552 Καὶ
2856 3500 2966 3570 γὰρ
2985 3500 3300 3570 τυραννίδος
3321 3501 3539 3570 ἀπάσης
3556 3501 3748 3569 πικρό-

2158 3597 2315 3651 τερον
2346 3581 2378 3650 ή
2413 3579 2522 3632 τῶν
2565 3577 2863 3649 χρημάτων
2907 3577 3193 3648 ἐπιθυμία.
3255 3578 3479 3648 Ἡδονὴν
3512 3577 3610 3648 μὲν
3637 3579 3746 3648 γὰρ

2159 3659 2415 3728 οὐδεμίαν
2447 3659 2559 3729 ἔχει
2582 3674 2596 3688 ·
2629 3657 2915 3728 φροντίδας
2945 3656 3002 3708 δὲ
3031 3657 3124 3710 καὶ
3150 3656 3395 3725 φθόνους,
3415 3657 3506 3708 καὶ
3529 3655 3747 3710 ἐπιϐου-

2159 3731 2277 3801 λάς,
2319 3740 2410 3792 καὶ
2460 3741 2634 3805 μῖσος,
2670 3738 2764 3790 καὶ
2805 3737 3192 3804 συκοφαντίας,
3222 3737 3319 3789 καὶ
3347 3737 3546 3806 ἀρετῆς
3581 3736 3751 3808 μυρία

2159 3817 2476 3886 κωλύματα,
2515 3817 2808 3888 ρᾳθυμίαν,
2832 3816 3142 3884 ἀσέλγειαν,
3171 3815 3504 3881 πλεονεξίαν,
3536 3815 3705 3885 μέθην
3727 3831 3751 3846 ο

2157 3898 2194 3951 ἂ
2233 3899 2324 3950 καὶ
2356 3899 2484 3958 τοὺς
2525 3896 2842 3966 ἐλευθέρους
2873 3895 3093 3958 δούλους
3125 3899 3269 3948 ποιεῖ
3303 3895 3398 3948 καὶ
3429 3893 3750 3966 ἀργυρωνή-

2157 3995 2266 4031 των
2287 3979 2524 4050 χείρους,
2570 3979 2666 4030 καὶ
2707 3976 2950 4040 δούλους,
2995 3977 3094 4029 ούκ
3136 3975 3613 4045 ἀνθρώπων,ἀλλὰ
3653 3976 3759 4028 καὶ

2158 4059 2252 4110 τοῦ
2280 4058 2662 4128 χαλεπωτέρου
2695 4056 2804 4108 τῶν
2836 4055 3021 4108 παθῶν
3053 4056 3146 4108 καὶ
3171 4055 3281 4109 τῶν
3298 4056 3617 4126 νοσημάτων
3651 4055 3749 4124 τῆς

2157 4137 2354 4208 ψυχῆς.
2392 4137 2449 4187 Ὀ
2463 4134 2702 4197 τοιοῦτος
2722 4133 2892 4186 πολλά
2908 4135 3016 4186 τῶν
3040 4134 3136 4186 καὶ
3157 4133 3277 4204 Θεῷ
3304 4136 3398 4186 καὶ
3441 4133 3751 4205 ἀνθρώποις

2163 4217 2238 4286 μὴ
2259 4215 2602 4285 ἀρεσκόντων
2636 4212 2832 4284 τολμᾷ,
2853 4211 3106 4275 δεδοικὼς
3144 4213 3219 4282 μή
3242 4229 3326 4276 τις
3351 4211 3517 4265 αὑτοῦ
3546 4212 3645 4280 τὴν
3664 4210 3753 4263 δε-

2163 4295 2418 4348 σποτείαν
2467 4293 2734 4362 ἀφέληται
2769 4291 2993 4361 ταύτην.
3023 4293 3086 4343 Ὢ
3115 4293 3322 4362 πικρᾶς
3357 4291 3602 4354 δουλείας
3653 4288 3757 4343 καὶ¹

2158 4375 2468 4444 διαϐολικῆς
2514 4372 2867 4436 δυναστείαςί
2904 4371 3062 4424 τοῦτο
3094 4372 3204 4443 γάρ
3248 4372 3485 4442 μάλιστα
3530 4372 3755 4424 πάντων

2159 4456 2276 4508 ἐστὶ
2302 4455 2362 4507 τὸ
2387 4452 2769 4524 χαλεπώτατον
2787 4451 2836 4518 ἀ,
2879 4452 2960 4504 ὅτι
2997 4453 3053 4504 ἐν
3086 4451 3360 4515 τοσούτοις
3395 4451 3756 4521 κατεχόμενοι

2159 4536 2350 4597 κακοῖς
2386 4532 2644 4603 ἡδόμεθα,
2703 4529 2796 4583 καὶ
2850 4533 2948 4599 τὴν
2995 4530 3184 4584 ἅλυσιν
3222 4530 3604 4601 ἀσπαζόμεθα,
3651 4530 3750 4584 καὶ

2158 4614 2531 4683 δεσμωτήριον
2596 4611 2873 4673 οίκοῦντες
2928 4611 3152 4672 σκότους
3191 4610 3623 4681 πεπληρωμένον
3666 4612 3753 4674 εἰς

2161 4695 2276 4763 φῶς
2303 4693 2537 4757 ἐξελθεῖν
2567 4691 2629 4744 οὑ
2663 4689 2983 4760 βουλόμεθα,
3027 4689 3142 4742 ἀλλ’
3191 4689 3586 4760 ἐπισφίγγομεν
3618 4691 3747 4742 ἐαυ-

2158 4775 2271 4834 τοῖς
2303 4772 2372 4824 τά
2405 4769 2572 4833 κακὰ,
2623 4769 2718 4822 καὶ
2763 4769 3068 4837 ἐνηδόμεθα
3117 4768 3195 4839 τῷ
3235 4770 3526 4839 νοσήματι.
3585 4768 3748 4821 Ὅθεν

2159 4852 2280 4906 οὑδὲ
2315 4849 2697 4919 ἀπαλλαγῆναι
2723 4848 3023 4916 δυνάμεθα,
3062 4848 3238 4920 [550].
3271 4849 3408 4902 ἀλλὰ
3426 4847 3533 4902 τῶν
3555 4849 3622 4901 τά
3651 4849 3750 4917 μέ-

2159 4932 2330 4986 ταλλα
2379 4928 2769 4999 ἐργαζομένων
2821 4926 3202 4998 χαλεπώτερον
3240 4928 3583 4998 διακείμεθα,
3621 4930 3748 4992 τοὺς

2162 5014 2262 5083 μὲν
2303 5010 2502 5071 πόνους
2536 5009 2629 5060 καὶ
2668 5009 2766 5078 τὴν
2803 5007 3178 5080 ταλαιπωρίαν
3218 5008 3605 5078 ὑπομένοντες,
3639 5007 3748 5061 τῶν

2158 5092 2218 5146 δέ
2262 5089 2492 5162 καρπῶν
2527 5088 2628 5141 οὑκ
2646 5087 3032 5150 ἀπολαύοντες.
3067 5087 3170 5140 Καὶ
3201 5087 3262 5140 τὸ
3282 5088 3347 5158 δὴ
3385 5090 3568 5158 χεῖρον
3608 5087 3747 5140 πάν-

2158 5190 2288 5232 των,
2305 5172 2386 5223 ὃτι
2400 5171 2505 5222 κᾶν
2523 5166 2834 5231 ἀπαλλάξαι
2851 5167 3084 5238 βουληθῇ
3109 5185 3194 5231 τις
3211 5168 3308 5236 τῆς
3325 5170 3530 5237 πικρᾶς
3543 5166 3749 5235 ταύτης

2159 5251 2536 5322 αἰχμαλωσίας
2559 5251 2727 5318 ἡμᾶς,
2743 5249 2841 5300 οὑκ
2860 5247 3186 5317 ἀνεχόμεθα,
3211 5246 3345 5300 ἀλλά
3357 5246 3748 5318 καὶδυσχεραί-

2159 5348 2325 5400 νομεν
2345 5330 2439 5383 καὶ
2455 5328 2898 5396 ἀγανακτοῦμεν,
2927 5327 3078 5379 οὐδὲν
3102 5327 3326 5397 ἄμεινον
3349 5326 3460 5378 τῶν
3493 5324 3750 5396 μαινομέ-

2159 5427 2265 5463 νων
2281 5409 2614 5479 διακείμενοι
2650 5407 2845 5477 ταύτῃ,
2879 5405 3015 5460 ἀλλά
3046 5407 3141 5459 καὶ
3167 5405 3346 5470 πολλῷ
3375 5406 3592 5459 πάντων
3611 5407 3754 5458 ἐκει-⁵

2159 5509 2266 5544 νων
2287 5489 2634 5560 ἀθλιώτερον,
2667 5489 2761 5542 καὶ
2779 5487 3054 5552 τοσοῦτον,
3075 5487 3197 5540 ὅσον
3219 5486 3339 5540 οὑδὲ
3365 5486 3747 5556 ἀπαλλαγῆναι

2158 5570 2257 5638 τῆς
2296 5572 2495 5639 μανίας
2525 5568 2802 5637 ἐθέλομεν.
2853 5570 2946 5638 Μὴ
2995 5567 3104 5636 γὰρ
3143 5565 3234 5619 διά
3270 5567 3429 5621 τοῦτο
3454 5565 3746 5638 παρήχθης

2158 5653 2238 5711 εἰς
2274 5651 2366 5704 τὸν
2416 5651 2642 5719 κόσμον,
2697 5642 2742 5701 ὦ
2783 5647 3062 5719 ἄνθρωπε,
3104 5646 3332 5709 τοῦτον;
3384 5646 3458 5717 μὴ
3504 5647 3612 5718 γὰρ
3656 5645 3750 5699 διὰ

2158 5729 2317 5783 τοῦτο
2334 5730 2564 5798 γέγονας
2586 5727 2891 5798 ἄνθρωπος,
2929 5728 3014 5780 ἵνα
3047 5726 3116 5779 τὰ
3162 5727 3400 5796 μέταλλα
3445 5726 3622 5779 ταῦτα
3653 5724 3748 5794 ἐρ-

2162 5807 2327 5880 γάζῃ,
2364 5808 2459 5862 καὶ
2502 5809 2769 5882 συλλέγῃς
2803 5806 3059 5878 χρυσίονς
3106 5807 3181 5858 Οὑ
3212 5806 3300 5859 διὰ
3325 5804 3497 5859 ταῦτα
3539 5802 3746 5858 ἐπλασὲ

543 5908 568 5935 ⁸
602 5902 774 5952 Morel.
815 5904 1021 5952 πάντων.
1104 5905 1132 5944 b
1179 5904 1342 5954 Verba
1367 5906 1398 5952 ἂ
1424 5906 1596 5954 ἔπαθον
1619 5917 1648 5954 e
1677 5905 1828 5954 Savil.
1852 5912 1908 5955 ει
1931 5906 2051 5954 codd

2162 5905 2214 5966 ὅ,
2233 5905 2344 5955 706.
2413 5907 2434 5936 ε
2458 5904 2628 5960 Marci;
2654 5905 2795 5955 deest
2831 5902 2881 5953 in
2912 5902 3062 5953 Savil.
3131 5899 3158 5942 ά
3177 5899 3350 5952 Morel.
3385 5900 3742 5964 χαλεπώτερον.
