4084 6360
309 376 411 432 525

310 482 523 553 dispersi
549 492 663 537 sunt
693 482 825 551 (Act.
849 478 901 534 5.
926 476 1014 532 56.
1038 475 1165 545 57);
1194 476 1305 529 sive
1322 477 1481 529 etiam
1502 472 1707 525 futuros
1733 488 1856 534 paen

311 574 607 633 dochristos
636 575 725 644 qui
756 574 947 626 mullos
976 580 1154 638 postea
1195 566 1457 620 setlncuri
1488 573 1658 617 erant.
1687 562 1764 617 Ne
1805 562 1885 613 di—

313 678 493 723 cerent
515 667 686 730 enim,
716 678 773 718 se
801 663 1081 733 quemdam
1124 660 1354 727 ipsorum
1385 674 1523 719 esse,
1560 657 1712 723 longe
1739 670 1795 707 se
1823 654 1889 707 ab

313 761 418 814 illis
451 758 718 813 diversum
751 754 1002 809 ostendit.
1033 753 1265 807 Primam
1294 750 1646 803 differentiam
1697 746 1845 800 alfert
1869 786 1884 809 ,

314 852 606 905 doctrinam
632 864 698 905 ex
718 847 1005 916 Scripturis
1028 854 1316 911 sumptam,
1341 858 1562 911 quarmn
1590 840 1751 893 ductu
1776 839 1890 891 illos

312 944 501 1014 agebat
543 960 557 997 :
598 942 685 995 alii
735 955 863 994 vero
901 953 1078 993 secus.
1134 936 1374 991 Secunda
1421 932 1718 987 differentia
1776 940 1891 984 erat

314 1037 487 1089 ovium
519 1032 842 1087 obedientia.
878 1030 976 1100 Ipsi
1008 1044 1233 1097 namque
1274 1042 1377 1080 non
1422 1026 1617 1079 viventi
1650 1033 1884 1087 tantum,

320 1126 413 1179 sed
440 1128 601 1180 etiam
631 1136 838 1180 mortuo
862 1123 1203 1178 crediderunt
1232 1140 1245 1175 :
1276 1122 1393 1174 illos
1422 1135 1547 1173 vero
1591 1118 1765 1171 statim
1801 1131 1890 1169 re—

314 1215 605 1284 liquerunt.
638 1216 868 1270 Tertiam
898 1229 995 1268 nec
1039 1213 1301 1266 modicam
1333 1211 1561 1278 adjicere
1586 1223 1887 1277 possumus.

315 1310 393 1362 Illi
424 1317 481 1362 ut
511 1309 718 1379 tyranni
746 1308 811 1361 ad
836 1308 1182 1361 defectionem
1213 1304 1387 1356 omnia
1418 1300 1684 1355 faciebant
1728 1316 1740 1350 :
1780 1299 1892 1366 ipse

317 1409 519 1454 tantum
546 1416 574 1453 a
608 1402 694 1455 tali
718 1400 1020 1467 suSpicione
1044 1396 1246 1459 aberat,
1274 1403 1330 1446 ut
1350 1408 1468 1447 cmn
1496 1393 1691 1445 vellent
1719 1391 1888 1457 ipsum

314 1505 493 1559 regem
524 1490 720 1557 facere,
751 1489 980 1559 fugerit;
1022 1497 1075 1541 et
1101 1501 1223 1539 cum
1257 1488 1645 1551 interrogarent
1669 1496 1734 1532 an
1762 1480 1863 1533 lice

314 1592 400 1637 ret
420 1596 637 1637 censum
674 1582 802 1636 dare
827 1582 1027 1636 Caesari
1050 1622 1066 1647 ,
1102 1581 1309 1635 solvere
1331 1580 1565 1649 juberet,
1595 1585 1752 1645 atque
1781 1576 1892 1641 ipse

313 1674 475 1727 etiam
496 1672 805 1727 didrachma
826 1672 999 1727 daret.
1030 1671 1110 1727 Ad
1132 1672 1246 1726 lucc
1271 1672 1382 1741 ipse
1408 1685 1502 1738 pro
1523 1670 1692 1722 salute
1717 1668 1889 1719 ovium

314 1765 481 1828 venit,
515 1773 572 1818 ut
614 1764 1090 1827 vitam‘habercnt,
1123 1772 1175 1817 et
1209 1762 1560 1817 abundantius
1590 1759 1844 1811 haberent
1876 1773 1888 1810 :

320 1854 399 1909 ilii
435 1871 562 1908 vero
587 1856 834 1925 przesenti
879 1857 1038 1909 etiam
1063 1855 1167 1907 vita
1216 1868 1341 1907 suos
1371 1852 1662 1921 privarunt.
1694 1847 1769 1901 llli
1802 1861 1893 1902 eos

316 1947 406 2015 qui
461 1947 562 2000 sibi
607 1947 791 1999 crediti
849 1955 1001 1999 erant
1042 1945 1428 2014 prodiderunt,
1484 1950 1539 1996 et
1590 1941 1837 2010 fugerunt
1877 1956 1890 1991 :

316 2033 561 2089 Christus
587 2051 710 2089 vero
741 2036 811 2088 ita
844 2035 1052 2089 fortiter
1078 2036 1251 2100 stetit,
1284 2043 1339 2087 ut
1365 2033 1592 2086 animam
1615 2046 1763 2084 suam
1791 2040 1896 2082 tra-

316 2126 487 2181 deret.
518 2126 595 2179 IIIi
635 2126 823 2192 inviti,
853 2128 1022 2179 coacti
1052 2135 1106 2180 et
1135 2126 1396 2195 fugientes
1427 2124 1566 2191 passi
1596 2128 1721 2176 sunt
1749 2139 1762 2173 :
1810 2119 1896 2173 hic

318 2219 494 2274 libens
521 2230 576 2274 et
602 2220 786 2273 volens
830 2221 1006 2272 omnia
1041 2220 1276 2286 pertulit.
1312 2217 1366 2271 6.
1424 2215 1537 2269 Hoc
1582 2212 1897 2285 proverbium

320 2311 450 2364 dixit
475 2313 546 2363 eis
568 2309 739 2363 Iesus.
773 2308 864 2362 Illi
890 2320 1056 2362 autem
1087 2326 1186 2362 non
1227 2316 1562 2378 cognoverunt
1584 2306 1702 2375 quid
1727 2303 1900 2374 loque-

319 2410 460 2455 retur
500 2403 591 2454 eis.
640 2400 749 2455 Cur
793 2401 1021 2455 obscure
1068 2400 1418 2469 loquebatur?
1472 2398 1540 2453 Ut
1586 2397 1899 2451 attentiores

319 2493 590 2546 redderet.
619 2492 717 2547 Ubi
747 2504 926 2546 autem
960 2491 1087 2545 illud
1117 2491 1323 2554 effecit,
1350 2490 1727 2544 obscuritatem
1760 2485 1897 2540 tollit

320 2580 405 2637 his
430 2582 639 2636 verbis:
670 2581 722 2636 9.
756 2580 869 2653 Ego
899 2599 1010 2636 sum
1035 2583 1218 2635 ostium
1243 2596 1261 2635 :
1290 2597 1379 2651 per
1397 2596 1477 2633 me
1500 2579 1671 2641 siquis
1690 2578 1898 2629 introie-

321 2672 421 2737 rit,
452 2672 757 2743 ingredietur
782 2681 828 2726 et
866 2674 1166 2744 egredietur,
1205 2682 1252 2725 et
1290 2686 1477 2741 pascua
1504 2670 1737 2723 inveniet.
1789 2667 1901 2721 Hoc

323 2772 440 2830 est,
472 2764 528 2817 In
554 2766 838 2819 securitate
861 2776 913 2820 et
936 2766 1181 2820 libertate
1206 2765 1348 2819 vivet
1378 2764 1595 2833 (pascua
1622 2772 1798 2815 autem
1819 2762 1904 2814 hic

322 2867 479 2912 vocat
501 2858 747 2927 pabulum
772 2860 971 2924 ovium,
998 2866 1420 2927 potestatemque
1441 2864 1495 2911 et
1514 2853 1865 2923 dominatum)
1888 2868 1903 2916 ;

325 2946 431 3003 hoc
458 2958 559 3012 est,
595 2948 740 3003 Intus
771 2950 1023 3015 manebit,
1058 2958 1109 3003 et
1134 2964 1291 3003 nemo
1314 2948 1434 3002 inde
1459 2946 1729 3017 expellet:
1757 2943 1900 3014 quod

327 3041 489 3095 etiam
533 3042 791 3110 apostolis
822 3042 1031 3106 evenit,
1063 3041 1152 3110 qui
1182 3041 1345 3094 libere
1383 3039 1652 3093 intrabant
1694 3044 1748 3091 et
1789 3036 1905 3091 exi-

328 3128 480 3194 bant,
511 3132 657 3199 quasi
684 3131 918 3184 universi
948 3131 1093 3184 orbis
1120 3129 1352 3192 domini;
1379 3143 1641 3197 nemoque
1671 3126 1789 3180 illos
1812 3126 1908 3195 eji-

328 3234 453 3275 cere
483 3221 670 3290 potuit.
702 3221 752 3275 8.
787 3220 972 3274 Omnes
1010 3231 1251 3291 quotquot
1277 3230 1390 3273 ante
1417 3236 1494 3272 me
1516 3228 1783 3284 venerunt,
1823 3220 1905 3287 fu—

329 3329 411 3366 res
433 3322 551 3366 sunt
578 3322 623 3365 et
650 3313 869 3366 latrones
889 3331 906 3377 ;
924 3316 1012 3365 sed
1036 3330 1136 3365 non
1157 3312 1420 3364 audierunt
1443 3327 1524 3364 eos
1553 3326 1686 3363 oves.
1710 3309 1819 3363 Non
1844 3308 1909 3361 de

333 3403 615 3472 prophetis
637 3402 722 3456 hic
767 3404 1017 3467 loquitur,
1047 3413 1106 3456 ut
1131 3404 1278 3456 aiunt
1308 3401 1539 3455 ltzcretici
1587 3401 1731 3470 (illos
1769 3398 1907 3451 enim

332 3494 645 3557 audit-runt,
704 3502 759 3549 et
810 3511 903 3563 per
951 3495 1071 3549 illos
1142 3493 1485 3548 crediderunt
1549 3500 1804 3561 quotquot
1858 3491 1909 3543 in

333 3582 604 3638 Christum
633 3583 998 3656 crediderunt)
1025 3602 1037 3648 ;
1070 3584 1161 3638 sed
1186 3585 1249 3638 de
1269 3584 1481 3638 'I‘heuda
1514 3592 1563 3635 et
1594 3581 1728 3635 Juda
1770 3581 1914 3634 aliis-

336 3692 441 3745 que
469 3676 738 3729 seditiosis
777 3678 903 3745 agit.
934 3676 1204 3731 Przeterea
1237 3675 1455 3728 verbum
1484 3673 1611 3726 illud
1633 3714 1647 3737 ,
1675 3670 1795 3724 Non
1820 3688 1915 3724 au-

336 3769 537 3820 dierunt
562 3785 705 3831 oves,
738 3769 791 3822 in
822 3784 1005 3822 earum
1055 3769 1263 3822 laudem
1296 3767 1422 3821 dicit
1453 3785 1465 3819 :
1497 3782 1753 3835 nusquam
1784 3780 1910 3818 vero

337 3858 517 3912 laudat
562 3873 655 3913 eos
697 3859 785 3927 qui
834 3860 1119 3927 prophetas
1148 3875 1250 3911 non
1292 3857 1608 3922 audierunt;
1643 3858 1749 3910 imo
1797 3856 1913 3909 illos

338 3949 623 4003 admodum
659 3950 917 4017 improbat
944 3960 995 4003 et
1015 3950 1371 4018 reprehendit.
1400 3949 1531 4002 Hinc
1550 3950 1717 4017 palam
1744 3956 1825 4002 est
1850 3948 1915 4001 il-

339 4040 452 4106 Iud,
488 4040 610 4094 Non
649 4043 915 4094 audierunt
936 4085 948 4104 ,
979 4042 1046 4095 de
1076 4043 1343 4095 seditiosis
1378 4041 1481 4094 illis
1504 4040 1702 4093 dictum
1732 4041 1913 4093 fuisse.

341 4133 431 4187 10.
459 4132 573 4186 Fur
602 4151 701 4186 non
723 4135 874 4198 venit,
903 4135 1000 4187 nisi
1034 4144 1087 4187 ut
1126 4138 1319 4203 furetur
1350 4144 1394 4186 et
1426 4143 1605 4185 mactet
1628 4142 1674 4185 et
1704 4134 1917 4201 perdat:

342 4235 398 4275 ut
427 4224 514 4277 hic
543 4224 798 4293 contigit;
831 4240 1016 4278 omnes
1046 4225 1185 4278 enim
1214 4226 1425 4278 mactati
1467 4225 1731 4293 occisique
1775 4233 1914 4277 sunt.

345 4314 454 4384 Ego
480 4325 644 4368 autem
674 4319 784 4370 veni
821 4327 873 4369 ut
899 4321 1050 4369 vitam
1090 4318 1301 4369 habeant
1327 4357 1340 4379 ,
1372 4326 1418 4369 et
1445 4316 1782 4370 abundantius
1822 4317 1918 4369 ha-

346 4406 514 4460 beant.
541 4408 677 4474 Quid
702 4450 715 4472 ,
748 4424 961 4477 quaaso,
996 4409 1100 4461 vita
1129 4407 1523 4461 abundantius?
1548 4407 1784 4477 Regnum
1817 4425 1920 4461 crc—

347 4496 539 4551 iorum.
574 4496 768 4551 Verum
800 4498 851 4550 id
882 4497 1113 4551 nondum
1142 4498 1305 4559 dicit,
1336 4498 1428 4550 sed
1455 4499 1574 4550 vita:
1612 4512 1802 4550 nomen
1842 4494 1921 4548 af-

347 4586 449 4640 fert
471 4626 486 4649 ,
516 4597 573 4639 ut
598 4597 779 4639 notum
810 4588 930 4640 illis.
963 4589 1050 4641 il.
1084 4586 1196 4657 Ego
1230 4605 1345 4641 sum
1389 4597 1560 4656 pastor
1598 4591 1773 4641 bonus.
1826 4587 1923 4642 llic

347 4676 562 4730 demum
604 4679 669 4731 de
718 4680 964 4746 passione
1009 4680 1258 4747 loquitur,
1302 4678 1590 4732 ostendens
1631 4679 1769 4731 illam
1827 4693 1922 4746 pro

347 4769 529 4822 mundi
577 4768 745 4822 salute
793 4768 1020 4823 futuram
1071 4785 1232 4835 esse,
1266 4785 1363 4822 nec
1410 4784 1467 4822 se
1518 4770 1734 4821 invitum
1781 4769 1921 4821 illam

348 4859 517 4912 adire.
569 4859 771 4914 Deinde
818 4861 1119 4929 exemplum
1167 4875 1350 4914 rursus
1399 4859 1553 4913 ah‘ert
1597 4860 1821 4928 pastoris
1871 4868 1925 4913 et

352 4950 688 5004 mercenarii.
720 4948 894 5003 Bonus
939 4952 1071 5003 enim
1118 4959 1288 5018 pastor
1328 4951 1549 5002 animam
1575 4966 1718 5003 suam
1761 4950 1920 5019 ponit.

356 5039 441 5094 12.
475 5039 820 5093 Mercenarius
844 5049 1009 5093 autem
1033 5082 1046 5106 ,
1087 5041 1171 5107 qui
1199 5056 1297 5093 non
1325 5050 1397 5094 est
1428 5050 1619 5109 pastor,
1653 5042 1796 5109 cujus
1826 5056 1926 5093 non

350 5140 467 5184 sunt
494 5146 608 5183 oves
636 5133 889 5201 propriae,
920 5133 1052 5185 videt
1084 5132 1258 5201 lupum
1300 5134 1570 5186 venientem
1590 5174 1604 5196 ,
1651 5143 1697 5185 et
1722 5133 1927 5185 dimittit

350 5240 464 5276 oves
487 5265 501 5288 ,
532 5233 577 5276 et
604 5224 763 5293 fugit,
787 5232 832 5276 et
853 5225 982 5276 venit
1009 5224 1179 5292 lupus,
1209 5233 1254 5276 et
1296 5226 1427 5293 rapit
1454 5241 1557 5277 eas.
1586 5224 1683 5278 Hic
1712 5240 1768 5279 se
1808 5239 1927 5294 pcr-

353 5316 477 5369 inde
516 5323 674 5385 atque
720 5316 928 5369 Patrem
986 5316 1333 5385 imperantem
1373 5316 1618 5382 exhibet;
1666 5318 1927 5387 siquidem

353 5417 538 5477 pastor
565 5409 679 5477 ipse
704 5419 786 5462 est
809 5409 962 5478 cujus
989 5408 1215 5477 propria:
1250 5419 1373 5462 sunt
1399 5425 1543 5464 oves.
1578 5410 1761 5465 Viden’
1792 5429 1926 5481 quo-

353 5500 515 5555 modo
541 5501 593 5555 in
624 5502 891 5571 parabolis
917 5502 1197 5556 sublimius
1222 5502 1490 5570 loquatur,
1528 5503 1614 5555 ubi
1656 5504 1931 5558 obscurior

359 5602 435 5649 est
460 5607 640 5647 sermo
661 5634 675 5658 ,
703 5608 877 5663 neque
921 5592 1255 5647 auditoribus
1280 5593 1527 5661 carpendi
1575 5609 1756 5647 ansam
1796 5610 1932 5663 pne-

354 5687 519 5742 beat?
544 5686 681 5753 Quid
710 5701 838 5756 ergo
862 5684 984 5739 facit
1014 5684 1416 5739 mercenarius?
1466 5683 1608 5738 Videt
1635 5685 1810 5754 lupum
1848 5701 1931 5737 ve-

353 5781 572 5833 nientem
596 5819 613 5845 ,
654 5786 700 5832 et
725 5777 925 5831 dimittit
952 5792 1085 5843 oves,
1119 5787 1164 5830 et
1194 5776 1325 5830 venit
1365 5776 1531 5852 lupus,
1564 5784 1611 5829 et
1652 5776 1801 5844 rapit
1820 5790 1923 5830 eas.

1314 361 1380 417 IN
1419 355 1726 415 JOANNEM
1764 351 1996 409 IIOMIL.
2037 352 2169 407 LIX.
2211 353 2280 406 a-I.
2321 351 2499 409 LVIII.

3467 358 3570 413 528

1998 468 2108 523 IIoc
2139 470 2212 525 illi
2244 473 2500 535 fecerunt,
2528 474 2639 542 ipse
2661 484 2864 530 contra.
2894 476 3103 530 Etenim
3128 492 3246 531 cum
3272 480 3569 548 apprehen-

1994 573 2083 612 sus
2115 560 2232 627 fuit,
2262 562 2393 616 dixit
2421 575 2432 615 τ
2464 563 2627 617 Sinite
2650 565 2767 617 illos
2799 567 2934 619 abire
2962 566 3137 636 (Joan.
3168 568 3255 624 18.
3282 570 3360 641 8),
3391 580 3445 623 ut
3473 572 3570 624 int-

1998 652 2230 719 pleretur
2254 669 2459 716 sermo,
2491 656 2630 724 quod
2660 657 2834 709 nullus
2865 674 3046 712 eorum
3077 663 3310 730 perierit.
3345 664 3438 717 IIic
3471 681 3536 733 po

1996 752 2101 796 test
2130 745 2286 796 etiam
2317 746 2604 812 Spiritnalis
2634 747 2789 815 lupus
2821 749 3067 819 intelligi,
3113 767 3270 820 quem
3312 770 3416 807 non
3448 757 3570 808 sivit

1996 850 2124 886 oves
2155 834 2416 902 abripere.
2452 835 2565 890 Non
2597 837 2751 907 lupus
2782 848 2982 893 tantum
3028 840 3114 895 hic
3139 853 3253 910 est,
3286 846 3377 897 sed
3410 847 3567 899 etiam

1998 923 2097 976 Iro.
2133 924 2261 977 Nam
2293 926 2620 980 Adversarius
2645 942 2809 982 noster
2832 931 3061 984 diabolus
3091 943 3345 1003 tamquam
3373 936 3447 989 leo
3482 954 3568 989 ru-

1995 1017 2133 1084 gieus
2157 1017 2334 1068 circuit
2361 1016 2434 1089 (ι.
2465 1018 2578 1072 Pet.
2608 1021 2662 1084 5,
2693 1020 2769 1090 8).
2805 1022 2899 1075 IIic
2929 1037 3149 1092 serpens
3169 1035 3223 1079 et
3248 1026 3410 1081 draco
3437 1039 3522 1085 est
3552 1048 3566 1086 :

1999 1106 2200 1161 Culcate
2219 1126 2370 1179 super
2398 1122 2648 1180 serpentes
2678 1124 2723 1167 et
2762 1117 3047 1184 scorpiones
3070 1114 3218 1189 (Luc.
3258 1121 3345 1174 10.
3380 1121 3492 1191 i9).

2067 1201 2119 1253 4.
2165 1199 2273 1254 νοτ
2294 1202 2481 1255 Christi
2507 1206 2758 1259 audienda
2778 1207 2971 1277 ipsique
2988 1210 3081 1263 soli
3098 1211 3409 1268 haerendum.
3436 1214 3569 1269 Ava-

1994 1292 2112 1343 ritia
2169 1293 2375 1345 servitus
2441 1297 2665 1348 omnium
2709 1298 2994 1351 deterrima.
3042 1299 3375 1372 Eleemosyna
3426 1322 3569 1358 com-

1996 1382 2278 1436 mendatur.
2308 1414 2380 1423 —
2406 1384 2579 1451 Quare
2633 1402 2761 1458 rogo
2786 1430 2800 1453 ,
2835 1405 3144 1445 maneamus
3194 1395 3292 1447 sub
3342 1398 3567 1463 pastoris

1997 1490 2121 1527 cura
2154 1492 2167 1526 :
2202 1477 2533 1533 manebimus
2562 1490 2737 1534 autem
2765 1483 2809 1535 si
2834 1498 3016 1538 vocem
3047 1486 3159 1554 ejus
3192 1487 3491 1557 audiamus,
3521 1493 3567 1545 si

1998 1565 2096 1633 ipsi
2149 1582 2350 1621 morem
2401 1584 2683 1639 geramus,
2738 1574 2781 1627 si
2829 1576 3060 1630 alienum
3114 1594 3217 1632 non
3262 1596 3566 1650 sequamur.

1997 1658 2176 1727 Ecqua
2200 1675 2298 1712 vox
2321 1660 2434 1728 ejus
2452 1663 2565 1714 est?
2590 1662 2733 1715 Beati
2746 1683 2985 1732 pauperes
3002 1669 3181 1737 spiritu
3198 1686 3216 1724 :
3232 1671 3361 1726 beati
3380 1676 3571 1729 mundo

1996 1754 2185 1806 corde:
2217 1755 2344 1807 beati
2369 1756 2711 1811 misericordes
2740 1756 2949 1829 (Matth.
2983 1763 3034 1815 5.
3065 1761 3115 1816 5.
3149 1762 3200 1818 8.
3236 1765 3313 1836 7).
3356 1766 3413 1821 Si
3456 1767 3570 1825 lucc

1998 1861 2304 1911 SCI'W‘IIIIIS,
2352 1846 2450 1901 sub
2505 1858 2713 1916 pastore
2755 1852 3124 1919 manebimus,
3173 1866 3227 1910 et
3277 1857 3433 1926 lupus
3486 1861 3569 1914 in-

1998 1936 2143 2004 gredi
2189 1952 2292 1990 non
2343 1940 2555 2005 poterit.
2589 1940 2691 1994 Sed
2739 1944 2945 1998 etiamsi
2996 1945 3201 2012 irruat,
3250 1947 3299 2002 id
3351 1950 3403 2003 in
3451 1966 3573 2020 per-

2000 2028 2192 2081 niciem
2221 2043 2368 2082 suam
2414 2028 2589 2084 faciet.
2620 2030 2892 2088 Pastorem
2944 2038 3082 2090 enim
3132 2038 3200 2092 ita
3248 2056 3343 2095 nos
3382 2058 3571 2095 aman-

2002 2128 2104 2172 tem
2163 2120 2455 2188 habemus,
2509 2132 2564 2177 nt
2610 2125 2840 2179 animam
2880 2143 3029 2182 suam
3075 2145 3171 2199 pro
3203 2134 3354 2188 nobis
3408 2136 3571 2190 tradi-

2000 2210 2157 2264 derit.
2207 2211 2338 2265 Cum
2395 2228 2521 2283 ergo
2571 2224 2624 2269 et
2682 2226 2870 2284 potens
2926 2220 2995 2274 sit
3060 2232 3114 2275 et
3166 2223 3385 2294 diligat,
3441 2228 3568 2297 quid

2000 2304 2221 2373 impedit
2249 2308 2531 2374 quominus
2566 2308 2791 2363 salutem
2818 2316 3239 2381 consequamur?
3260 2318 3399 2373 Nihil
3421 2362 3435 2386 ,
3471 2323 3572 2377 nisi

2002 2411 2101 2451 nos
2124 2397 2229 2466 ipsi
2260 2398 2585 2454 deﬁciamus.
2610 2402 2886 2467 Quomodo
2913 2404 3266 2463 deﬁcictnns?
3295 2411 3445 2469 Illum
3470 2430 3569 2469 au-

2003 2489 2054 2542 di
2082 2489 2346 2544 dicentcm
2380 2508 2394 2544 :
2444 2490 2565 2545 Non
2607 2497 2809 2562 potestis
2855 2495 3047 2550 duobus
3084 2499 3301 2556 dominis
3338 2507 3523 2561 servire
3554 2549 3575 2573 ,

2004 2579 2111 2634 Deo
2137 2591 2182 2634 et
2204 2597 2451 2635 mamonw
2472 2584 2681 2653 (Matth.
2712 2586 2761 2639 6.
2783 2587 2852 2640 24
2873 2589 2912 2657 ).
2938 2590 2991 2642 Si
3020 2606 3148 2661 ergo
3197 2592 3323 2663 huic
3372 2598 3573 2651 servia-

2006 2689 2156 2733 mus.
2188 2674 2328 2727 illius
2366 2675 2627 2744 tyrannidi
2659 2678 2881 2745 subjecti
2922 2694 3027 2734 non
3058 2683 3277 2737 erimus.
3309 2684 3440 2740 Nam
3486 2696 3567 2759 ty-

2004 2762 2225 2818 rannide
2249 2767 2432 2835 quavis
2457 2766 2698 2822 acerbior
2717 2780 2798 2823 est
2825 2772 3164 2839 pecuniarum
3195 2778 3578 2848 conCupiscen-

2011 2858 2103 2912 tia.
2127 2857 2334 2913 Nullam
2360 2859 2518 2915 habet
2538 2861 2862 2930 voluptatem
2884 2904 2899 2929 ,
2930 2866 3024 2920 sed
3050 2868 3459 2938 sollicitudines,
3493 2872 3576 2928 in-

2007 2950 2222 3019 vidiam,
2251 2952 2484 3019 insidias,
2517 2954 2716 3019 odium,
2750 2958 3143 3029 sycophantias,
3173 2965 3389 3021 etmille
3410 2967 3577 3021 virtu-

2009 3041 2080 3097 tis
2110 3043 2506 3111 impedimenta,
2550 3045 2807 3102 desidiam
2831 3089 2847 3115 ,
2899 3050 3170 3107 lasciviam
3193 3095 3207 3121 ,
3263 3058 3534 3112 avaritiam
3560 3100 3581 3123 ,

2010 3132 2320 3187 ebrietatem
2340 3175 2355 3199 ,
2406 3151 2522 3203 qua:
2564 3136 2761 3193 liberos
2790 3139 2847 3193 in
2875 3141 3185 3198 servitutem
3227 3146 3494 3216 redigunt,
3525 3158 3585 3203 et

2014 3226 2185 3279 servis
2214 3225 2510 3282 deteriores
2540 3231 2869 3285 constituunt
2898 3249 2912 3285 :
2944 3246 3129 3290 servos
3155 3277 3168 3300 ,
3197 3237 3434 3308 inquam,
3458 3240 3583 3295 red.

2011 3316 2182 3381 dunt,
2228 3334 2333 3371 non
2367 3318 2638 3374 hominum
2657 3362 2672 3386 ,
2703 3323 2796 3378 sed
2825 3325 3123 3393 gravissimi
3151 3330 3387 3384 omnium
3415 3332 3587 3386 animi

2013 3409 2340 3462 morborum.
2404 3410 2500 3464 Hic
2544 3413 2705 3466 multa
2735 3415 2894 3469 audet
2935 3432 3052 3486 qum
3082 3432 3179 3473 nec
3223 3420 3332 3475 Deo
3358 3436 3456 3475 nec
3483 3424 3579 3477 ho-

2018 3500 2247 3555 minibus
2280 3501 2506 3568 placent,
2532 3512 2773 3558 metuens
2801 3520 2866 3558 ne
2891 3507 3007 3574 quis
3036 3522 3095 3561 se
3114 3508 3181 3562 ab
3205 3509 3300 3563 hac
3318 3513 3580 3566 servitute

2016 3593 2225 3647 liberet.
2267 3593 2311 3647 Ο
2336 3593 2580 3647 acerbam
2622 3594 2966 3660 servitutem,
3007 3606 3061 3651 et
3087 3597 3400 3655 diabolicam
3433 3612 3588 3671 pote-

2018 3685 2238 3738 statem!
2270 3684 2393 3739 Haec
2411 3685 2603 3754 quippe
2626 3694 2711 3741 est
2729 3687 2963 3740 omnium
2985 3688 3317 3757 gravissima,
3343 3694 3483 3762 quod
3510 3703 3593 3749 tot

2018 3776 2222 3831 detenti
2252 3778 2406 3831 malis
2434 3778 2785 3846 delectemur,
2821 3787 2876 3834 et
2900 3790 3118 3837 catenas
3163 3784 3546 3853 amplectamur
3570 3829 3591 3851 ,

2019 3882 2071 3925 et
2098 3870 2238 3940 quod
2267 3871 2604 3923 tenebrosum
2646 3886 2917 3926 carcerem
2944 3872 3264 3941 habitantes,
3297 3876 3469 3932 lucem
3503 3877 3586 3931 fn—

2019 3966 2247 4032 giamus,
2281 3964 2373 4016 sed
2417 3978 2513 4017 nos
2550 3964 2704 4017 malis
2743 3966 3168 4035 constringamus
3189 4009 3203 4033 ,
3235 3978 3291 4022 et
3317 3970 3369 4024 in
3401 3974 3590 4027 morbo

2021 4055 2369 4108 oblectemur.
2397 4054 2570 4119 Quare
2596 4042 2923 4110 necliberari
2949 4072 3229 4126 possumus
3248 4100 3263 4125 ,
3311 4073 3368 4116 et
3410 4063 3599 4132 peiore

2021 4161 2177 4214 quam
2205 4143 2295 4213 qui
2334 4145 2543 4197 metalla
2578 4143 2784 4199 fodiunt
2812 4147 3119 4203 conditione
3146 4165 3349 4219 sumus,
3374 4152 3497 4206 dum
3517 4154 3600 4207 Ia-

2023 4235 2152 4290 bore
2189 4244 2244 4289 et
2288 4235 2501 4289 miseria
2526 4235 2724 4302 obruti,
2766 4238 2967 4291 nullum
2994 4240 3118 4295 inde
3157 4240 3383 4297 fructum
3419 4248 3596 4312 perci-

2026 4326 2217 4394 pimus.
2251 4325 2512 4394 Quodque
2542 4326 2777 4380 omnium
2807 4327 3150 4384 deterrimum
3168 4343 3269 4397 est,
3289 4335 3331 4387 si
3353 4335 3473 4404 quis
3499 4353 3603 4391 nos

2026 4418 2091 4472 ab
2118 4418 2307 4471 acerba
2333 4416 2636 4486 hujusmodi
2667 4419 2973 4487 captivitate
3003 4436 3196 4477 eruere
3225 4425 3370 4489 velit,
3402 4427 3452 4481 id
3484 4443 3603 4484 non

2024 4512 2293 4579 patimur;
2330 4510 2435 4563 imo
2481 4510 2639 4563 etiam
2674 4525 2815 4579 aegre
2864 4510 3081 4566 ferimus
3124 4520 3180 4567 et
3222 4515 3605 4586 indignamur;

2027 4603 2155 4656 nihil
2199 4602 2387 4655 melius
2410 4600 2583 4655 aﬂ‘ecti
2605 4617 2764 4671 quam
2791 4602 2882 4671 qui
2919 4603 3121 4658 insania
3140 4608 3279 4675 capti
3310 4620 3455 4675 sunt,
3488 4610 3599 4664 into

2029 4695 2185 4764 longe
2211 4692 2628 4747 miserabiliores
2654 4693 2775 4757 illis,
2829 4693 2970 4761 quod
3021 4696 3249 4751 nolimus
3290 4698 3358 4753 ab
3396 4699 3606 4757 insania

2027 4785 2261 4840 liberari.
2319 4783 2583 4851 Numquid
2610 4798 2672 4836 ea
2702 4784 2769 4839 de
2798 4799 2957 4838 causa
3001 4787 3052 4839 in
3086 4789 3341 4844 mundum
3371 4794 3562 4848 venisti
3586 4835 3602 4857 ,

2029 4893 2062 4932 ο
2091 4878 2251 4931 homo
2276 4876 2300 4928 ‘t
2325 4891 2390 4928 an
2425 4875 2545 4928 ideo
2586 4874 2746 4929 homo
2774 4874 2945 4930 factus
2979 4891 3038 4930 es
3062 4917 3079 4943 ,
3121 4887 3181 4931 ut
3226 4878 3340 4935 hac
3389 4885 3602 4938 metalla

2030 4969 2331 5039 operareris
2361 4977 2412 5022 et
2450 4982 2635 5020 aurum
2679 4968 3008 5037 colligeres?
3054 4969 3169 5024 Non
3201 4971 3319 5027 ideo
3363 4985 3511 5031 certe
3538 4978 3605 5032 ad

2033 5061 2319 5129 imaginem
2373 5074 2522 5111 suam
2560 5068 2612 5111 te
2637 5057 2925 5124 formavit;
2977 5059 3073 5115 sed
3102 5070 3158 5115 ut
3188 5062 3286 5132 ipsi
3319 5065 3557 5133 placeres
3590 5109 3605 5133 ,

2032 5165 2091 5209 ut
2132 5153 2309 5208 futura
2352 5150 2761 5220 consequereris
2789 5191 2804 5215 ,
2858 5162 2915 5206 ut
2965 5168 3088 5208 cum
3132 5157 3337 5227 angelis
3379 5159 3607 5215 choreas

2032 5261 2221 5316 ageres
2239 5246 2277 5298 ’.
2323 5245 2430 5298 Cur
2458 5252 2509 5297 te
2533 5244 2602 5297 ab
2629 5244 2728 5297 hac
2747 5243 3027 5299 nobilitate
3046 5245 3198 5316 ejieis
3215 5288 3230 5312 ,
3271 5258 3326 5303 et
3352 5250 3402 5303 in
3426 5261 3605 5306 extre-

2035 5356 2176 5394 mam
2197 5339 2421 5407 conjicis
2441 5337 2825 5407 ignobilitatem
2848 5348 2904 5392 et
2930 5338 3243 5394 infamiam?
3285 5341 3385 5409 Qui
3415 5344 3610 5400 eodem

2036 5450 2143 5504 quo
2171 5444 2225 5487 tu
2254 5442 2406 5504 partu
2436 5442 2591 5485 natus
2611 5441 2712 5495 est,
2746 5442 2899 5499 partu
2930 5433 3050 5486 dico
3071 5433 3349 5501 spirituali,
3373 5435 3511 5491 fame
3530 5448 3610 5491 ta-

2037 5527 2242 5581 bescit:
2275 5535 2329 5578 tu
2371 5524 2523 5593 copia
2552 5538 2730 5578 rerum
2776 5522 3118 5593 dirumperis.
3163 5523 3354 5580 Frater
3386 5528 3614 5583 'nudum

2103 5780 2119 5809 ¹
2156 5776 2275 5827 Haec
2290 5813 2302 5835 ,
2318 5766 2371 5823 ut
2386 5785 2494 5824 cum
2516 5768 2697 5834 angelis
2721 5768 2920 5819 choreas
2944 5766 3355 5829 ageres,deerant
3381 5766 3429 5815 in
3456 5767 3615 5822 item
