4084 6360
453 302 555 359 δεῖ
1144 258 1147 261 ’
1193 296 1250 354 s.
1289 293 1565 351 JOANNIS
1602 290 2076 352 cnavsosrout
2115 292 2427 349 ARCHIEP.
2469 258 2999 349 consularium.

461 423 656 480 corpus
678 406 987 465 circumfert
1022 424 1037 462 :
1067 416 1121 462 tu
1152 415 1328 462 vestes
1358 406 1597 461 vestibus
1644 405 1795 462 addis
1815 448 1832 469 ,
1876 405 2032 459 lineis

463 502 605 557 hunc
633 506 883 557 amictum
911 515 1193 571 apparans.
1227 500 1439 565 Quanto
1488 499 1677 553 melius
1728 508 1873 553 esset
1901 513 2037 567 pau-

462 611 646 665 perum
693 607 915 663 corpora
938 592 1021 645 his
1070 591 1357 661 obtegere?
1382 590 1455 644 lta
1484 591 1626 645 enim
1663 590 1751 644 illa
1782 605 1888 644 non
1910 605 2040 643 con-

458 693 820 746 sumerentur,
866 692 916 737 te
932 697 1059 737 cura
1082 684 1225 736 omni
1261 681 1573 745 liberarent,
1605 689 1658 735 et
1682 680 1911 735 futuram
1944 678 2037 731 tibi

462 784 709 847 parerent
738 777 920 828 vitam.
954 773 1008 827 Si
1036 774 1172 827 nolis
1188 788 1295 827 eaa
1322 773 1476 827 tineis
1499 772 1742 828 consumi
1767 812 1783 838 ,
1814 771 1879 825 da
1912 786 2041 839 pau-

463 867 677 935 peribus
708 882 720 916 :
756 865 831 917 illi
865 880 1093 934 namque
1126 864 1237 917 [nec
1288 872 1606 917 vestimenta
1644 865 1809 932 probe
1861 864 2039 916 sciunt

465 968 739 1014 excutere.
786 956 983 1011 Christi
1015 972 1243 1026 namque
1267 972 1465 1026 corpus
1486 956 1722 1027 qualibet
1752 972 1872 1009 arca
1920 971 2042 1024 pre-

466 1051 655 1105 tiosius
699 1059 754 1104 et
804 1050 969 1104 tutius
1010 1058 1132 1115 est;
1178 1065 1349 1119 neque
1379 1060 1582 1103 tantum
1611 1065 1671 1102 ea
1699 1049 1932 1102 custodit
1960 1050 2041 1102 in-

467 1153 714 1212 corrupta
739 1183 754 1207 ,
789 1141 881 1195 sed
907 1142 1066 1196 etiam
1113 1141 1475 1208 Splendidiora
1504 1141 1696 1194 reddit.
1727 1142 1861 1194 Area
1896 1156 2040 1210 saepe

464 1252 584 1290 cum
606 1236 842 1290 vestibus
868 1234 1086 1304 abrepta
1116 1244 1358 1288 extremo
1382 1243 1433 1288 te
1462 1232 1638 1287 affecit
1661 1233 1879 1287 damno:
1908 1235 2044 1288 hanc

470 1342 600 1383 vero
641 1327 936 1381 cusmdiam
984 1341 1050 1380 ne
1079 1339 1224 1378 mors
1252 1324 1465 1394 quidem
1496 1333 1669 1393 potest
1698 1324 2039 1379 labefactare.

478 1419 658 1487 Neque
688 1420 828 1473 enim
878 1419 1043 1487 portis
1070 1426 1161 1470 aut
1188 1417 1427 1470 vectibus
1458 1415 1545 1470 hic
1574 1415 1728 1469 nobis
1755 1427 1837 1470 est
1857 1431 1992 1484 Opus
2025 1458 2040 1480 ,

473 1525 580 1564 non
619 1510 785 1563 servis
816 1508 1169 1578 vigilantibus,
1199 1523 1298 1561 nec
1325 1508 1423 1559 alia
1454 1507 1639 1575 quavis
1662 1507 1929 1560 cautiOue.
1963 1507 2044 1560 Ab

465 1602 680 1658 insidiis
712 1616 931 1671 prorsus
963 1600 1123 1653 libera
1148 1611 1270 1653 sunt
1299 1640 1314 1665 ,
1346 1609 1403 1651 ut
1442 1615 1536 1668 par
1562 1608 1674 1663 est,
1710 1614 1828 1667 qua:
1862 1600 1914 1651 in
1935 1613 2043 1653 ca:-

472 1695 537 1749 lis
561 1703 686 1749 sunt
713 1693 1009 1748 recondita.
1042 1691 1212 1746 Locus
1257 1693 1397 1745 enim
1444 1692 1535 1745 ille
1561 1707 1589 1743 a
1617 1692 1851 1761 nequitia
1901 1691 2043 1745 nulla

474 1786 608 1840 adiri
661 1793 855 1854 potest.
902 1784 1027 1838 llzec
1053 1797 1151 1837 nos
1182 1782 1392 1837 dicendi
1427 1784 1584 1836 linem
1622 1798 1727 1835 non
1776 1782 1997 1836 facimus
2026 1823 2042 1849 ,

473 1892 675 1947 vosque
706 1876 985 1931 audientes
1007 1891 1111 1929 non
1144 1875 1547 1944 obtemperatis.
1589 1875 1749 1944 Cujus
1773 1877 1849 1930 rei
1886 1892 2045 1930 causa

469 1982 574 2037 est,
609 1970 751 2040 quod
786 1970 960 2039 pusilli
991 1970 1156 2023 simus
1185 1970 1370 2033 animi,
1420 1977 1474 2023 et
1506 1969 1731 2023 terrenis
1757 1968 2042 2024 inhiemus.

467 2075 579 2115 uno
599 2062 735 2115 absit
758 2071 813 2114 ut
838 2074 1029 2114 omnes
1056 2076 1150 2113 vos
1178 2060 1425 2113 damnem
1450 2102 1464 2122 ,
1492 2074 1552 2113 ac
1592 2060 1635 2113 si
1664 2075 1852 2113 omnes
1884 2061 2040 2114 iucu-

471 2153 713 2207 rabiliter
761 2152 1052 2222 mgrotetis.
1083 2150 1304 2205 Etiamsi
1336 2152 1474 2205 enim
1504 2152 1535 2204 ii
1586 2154 1673 2221 qui
1717 2151 1913 2206 divitiis
1936 2152 2047 2207 ine-

474 2245 754 2309 briautur,
793 2243 1072 2296 obstruant
1123 2257 1279 2295 aures
1315 2258 1380 2295 ne
1424 2241 1679 2305 audiant;
1725 2251 1779 2295 at
1822 2242 1856 2295 ii
1879 2244 1966 2311 qui
1992 2243 2047 2296 in

474 2344 783 2405 paupertate
818 2336 980 2389 vitam
1008 2342 1206 2403 agunt,
1236 2334 1394 2387 dictis
1452 2333 1727 2387 attendere
1772 2343 2045 2403 poterunt.

472 2427 539 2481 Et
562 2426 686 2496 quid
718 2426 830 2479 haec
858 2425 922 2478 ad
949 2439 1209 2494 pauperes
1233 2466 1247 2489 ,
1301 2426 1526 2494 inquies,
1566 2427 1655 2494 qui
1700 2442 1798 2481 nec
1836 2442 2045 2494 aurum,

471 2534 567 2572 nec
592 2518 904 2571 vestimenta
934 2516 1236 2585 hujusuiodi
1268 2515 1500 2569 habent?
1540 2515 1733 2570 Verum
1764 2518 1834 2570 illi
1860 2534 2047 2586 panem

472 2609 670 2664 habent
710 2618 764 2662 ct
801 2624 991 2677 aquam
1035 2606 1310 2677 frigidam;
1342 2606 1540 2661 habent
1580 2608 1714 2662 duos
1762 2610 1948 2665 obolos
1996 2623 2052 2668 et

472 2702 655 2769 pedes,
689 2700 842 2769 queis
868 2714 1040 2769 aegros
1066 2699 1333 2763 invisant;
1368 2698 1565 2753 habent
1605 2700 1834 2771 linguam
1862 2713 2049 2758 etser-

472 2804 686 2843 monem
708 2829 723 2853 ,
757 2799 813 2842 ut
843 2790 1188 2842 consolentur
1216 2789 1355 2842 male
1393 2788 1640 2843 allectum
1666 2806 1680 2853 ;
1732 2792 1931 2848 habent
1954 2795 2051 2850 do-

3619 288 3723 345 3‘28

2145 421 2289 459 mum
2320 416 2374 459 et
2398 415 2740 475 tectum,qno
2765 404 3023 475 recipiant
3053 403 3342 474 hospitem.
3376 404 3560 474 Neque
3577 407 3717 460 enim

2145 505 2223 550 tot
2255 506 2308 551 et
2345 506 2420 550 tot
2450 498 2647 550 talenta
2686 498 2799 551 auri
2832 513 2861 551 a
2893 496 3246 567 pauperibus,
3279 497 3373 551 sed
3408 515 3440 551 a
3466 498 3717 552 divitibus

2146 587 2427 656 exigimus.
2450 586 2603 653 Quod
2626 588 2669 641 si
2699 588 2763 641 ad
2792 589 3041 657 pauperis
3071 589 3264 641 ostium
3306 591 3508 644 venerit
3534 590 3681 644 Domi
3701 621 3713 629 -

2148 693 2279 735 nus.
2314 694 2417 731 non
2461 678 2678 748 pudebit
2705 694 2824 733 cum
2870 679 2952 732 vel
2983 679 3195 732 obolum
3228 681 3499 747 accipere;
3531 680 3625 734 sed
3660 696 3721 736 se

2146 771 2298 840 plura
2316 772 2585 838 accepisse
2616 771 2774 837 dicet,
2796 787 2952 840 quam
2982 772 3049 825 ab
3077 771 3143 826 iis
3164 773 3249 841 qui
3275 773 3438 826 multa
3460 772 3720 841 deposue-

2148 872 2288 916 ruut.
2320 863 2459 931 Quot
2486 878 2625 917 nunc
2643 864 2883 918 homines
2904 863 2994 918 illo
3014 875 3249 933 tempore
3266 864 3429 919 fuisse
3451 874 3717 935 optarent,

2147 970 2253 1023 quo
2278 953 2521 1008 Christus
2550 955 2600 1007 in
2628 970 2790 1009 carne
2816 965 3009 1009 terram
3045 955 3243 1019 obibat,
3290 968 3345 1009 ut
3372 957 3621 1027 colloquii
3665 966 3722 1011 et

2153 1061 2353 1099 mensze
2379 1062 2500 1099 cum
2524 1061 2589 1100 eo
2621 1055 2900 1102 consortes
2936 1056 3118 1101 essent
3154 1052 3167 1101 !
3224 1049 3359 1103 Ecce
3395 1050 3503 1117 jam
3558 1049 3716 1113 licet,

2148 1152 2430 1206 possumus
2458 1138 2603 1190 illum
2630 1137 2695 1191 ad
2728 1139 3006 1205 prandium
3033 1155 3225 1193 vocare
3247 1182 3261 1205 ,
3302 1156 3420 1193 cum
3458 1142 3571 1209 ipso
3594 1156 3719 1195 cou-

2148 1228 2336 1291 vivari,
2366 1236 2418 1281 et
2462 1244 2581 1282 cum
2612 1229 2801 1299 majori
2832 1230 2998 1285 lucro.
3045 1231 3241 1285 Eorum
3291 1234 3433 1286 enim
3478 1238 3565 1302 qui
3600 1250 3718 1288 cum

2150 1322 2239 1376 illo
2256 1322 2674 1376 convivabantur
2702 1323 2853 1375 multi
2879 1324 3168 1391 perierunt,
3196 1333 3253 1377 ιιι
3280 1324 3444 1379 Judas
3471 1326 3722 1395 ethujus-

2150 1412 2295 1467 modi
2337 1413 2613 1478 homines;
2663 1414 2984 1484 quicumque
3032 1427 3162 1470 vero
3200 1417 3347 1471 illum
3377 1418 3485 1486 jam
3503 1418 3706 1473 domuu‘

2151 1504 2439 1571 vocabunt,
2474 1516 2531 1559 ut
2560 1521 2760 1561 mensa:
2788 1514 2842 1560 et
2874 1507 2997 1561 tecti
3022 1518 3323 1562 consortem
3343 1510 3574 1563 efliciant
3592 1552 3606 1574 ,
3632 1509 3696 1564 be

2151 1598 2455 1653 nedictione
2502 1613 2688 1668 magna
2719 1597 2979 1653 fruentur.
3037 1598 3231 1667 Venite,
3261 1603 3450 1669 inquit,
3482 1603 3721 1657 benedicti

2152 1689 2324 1744 Patris
2340 1692 2455 1755 mei,
2484 1690 2731 1760 possidete
2758 1702 3098 1760 praeparatum
3150 1693 3287 1746 vobis
3314 1710 3521 1763 regnum
3544 1710 3577 1747 a
3605 1712 3725 1747 con-

2150 1783 2406 1837 stitutione
2425 1784 2618 1836 mundi.
2650 1783 2852 1838 Esurivi
2875 1786 3021 1849 enim,
3053 1795 3100 1839 et
3126 1786 3333 1839 dedistis
3358 1788 3482 1840 mihi
3507 1789 3725 1841 mandu-

2151 1891 2269 1929 care
2298 1891 2318 1930 .'
2346 1877 2500 1941 sitivi,
2526 1886 2573 1930 et
2601 1878 2811 1931 dedistis
2840 1879 2963 1931 mihi
2989 1878 3151 1933 bibere
3182 1898 3196 1935 :
3245 1880 3425 1949 hospes
3472 1898 3630 1946 eram,
3676 1892 3723 1935 et

2151 1968 2436 2035 suscepistis
2453 1984 2531 2022 me
2547 1986 2567 2022 :
2582 1969 2831 2039 inﬁmus,
2849 1980 2893 2023 et
2910 1970 3143 2025 visitastis
3162 1988 3242 2025 me
3256 1989 3273 2025 :
3289 1973 3339 2025 in
3358 1989 3551 2027 carcere
3565 1991 3724 2041 erant,

2152 2069 2197 2114 et
2233 2062 2432 2116 venistis
2469 2062 2538 2115 ad
2577 2080 2654 2116 me
2685 2064 2704 2134 (
2732 2062 2919 2117 Matth.
2942 2065 3029 2119 9.5.
3068 2066 3234 2122 δίε-56
3257 2064 3297 2137 ).
3333 2068 3399 2123 Ut
3442 2083 3568 2139 ergo
3612 2071 3726 2125 hate

2153 2152 2433 2207 audiamus
2454 2152 2633 2218 verba,
2660 2155 2859 2208 nudum
2887 2156 3193 2222 vestiamus,
3224 2158 3535 2227 colligamus
3556 2161 3726 2229 hospi-

2154 2253 2259 2298 tem
2289 2285 2304 2310 ,
2330 2245 2624 2300 nutriamus
2645 2247 2995 2312 esurientem,
3031 2249 3229 2303 sitienti
3260 2259 3443 2319 potum
3492 2252 3678 2306 demus
3708 2294 3723 2314 ,

2155 2352 2356 2408 mgrum
2384 2346 2672 2395 etcarcere
2702 2339 2977 2395 detentum
3020 2341 3311 2397 invisamus
3336 2384 3351 2407 ,
3381 2354 3438 2398 ut
3480 2344 3724 2399 fiduciam

2154 2437 2209 2484 et
2253 2430 2462 2485 veniam
2495 2440 2832 2499 peccatorum
2860 2433 3211 2502 accipiamus,
3242 2444 3298 2490 et
3337 2435 3423 2489 illa
3448 2436 3583 2490 bona
3608 2454 3728 2507 quae

2155 2534 2369 2575 omnem
2399 2535 2702 2577 sermonem
2720 2532 2775 2576 et
2789 2534 3018 2578 mentem
3042 2536 3295 2594 superant
3316 2541 3723 2596 consequamur:

2154 2628 2274 2681 qua:
2300 2613 2498 2667 utinam
2528 2628 2715 2668 omnes
2738 2614 3115 2682 adipiscamur,
3140 2618 3307 2684 gratia
3327 2625 3381 2670 et
3408 2616 3730 2687 benignitate

2157 2706 2364 2759 Domini
2386 2706 2555 2759 nostri
2583 2705 2710 2760 .lesu
2736 2704 2956 2771 Christi,
2983 2707 3068 2760 cui
3098 2706 3262 2776 gloria
3293 2718 3345 2761 et
3367 2708 3641 2779 imperium
3675 2710 3727 2763 in

2156 2798 2349 2852 sarcula
2379 2797 2715 2851 saeculorum.
2740 2799 2929 2851 Amen.

1844 2997 2191 3064 HOMILIA
2232 3002 2369 3063 LX.

472 3140 601 3195 CAP.
642 3139 728 3195 10.
772 3154 826 3191 v.
867 3138 954 3192 14.
998 3135 1109 3207 Ego
1150 3151 1260 3188 sum
1304 3144 1476 3205 pastor
1506 3137 1696 3202 bonus,
1725 3147 1772 3190 et
1813 3153 2057 3207 cognosco

543 3246 656 3285 oves
680 3246 837 3295 meas,
867 3239 913 3283 et
939 3236 1240 3297 cognoscunt
1265 3243 1343 3279 me
1368 3242 1510 3280 meat.
1534 3227 1620 3282 15.
1647 3227 1789 3281 Sicut
1818 3230 1951 3281 novit
1979 3247 2058 3284 me

545 3322 737 3386 Pater,
768 3332 811 3374 et
848 3336 939 3390 ego
976 3334 1220 3390 cognosco
1263 3316 1469 3371 Patrem
1497 3359 1512 3383 ,
1546 3328 1590 3372 et
1634 3320 1855 3373 animant
1895 3339 2055 3374 meam

547 3428 679 3482 pono
710 3429 799 3479 pro
827 3411 997 3464 ovibus
1029 3411 1171 3463 meis.

547 3506 600 3557 1.
644 3502 830 3555 Pastor
858 3500 1096 3554 Ecclesia:
1134 3499 1278 3571 fortis
1319 3516 1425 3553 esse
1461 3500 1620 3555 debet.
1662 3499 1897 3555 Pastores
1936 3502 2059 3556 mali

474 3597 581 3665 qui.
609 3622 678 3633 —
701 3593 943 3663 Magnum
974 3591 1240 3661 quidpiam
1266 3633 1282 3654 ,
1314 3607 1562 3661 magnum
1589 3603 1733 3646 certe
1759 3603 1841 3646 est
1870 3592 2057 3647 Eccle-

475 3687 567 3740 sia:
596 3684 925 3753 praefectura,
954 3698 1070 3752 qua:
1097 3682 1259 3736 multa
1290 3691 1443 3750 egeat
1473 3682 1807 3751 phil050phia
1832 3691 1886 3735 ct
1912 3682 2060 3736 forti-

476 3776 678 3839 tudine,
707 3790 768 3829 ac
791 3782 988 3843 quanta
1014 3771 1259 3827 Christus
1285 3772 1436 3835 dixit,
1462 3773 1531 3826 ita
1560 3782 1612 3826 ut
1641 3774 1869 3826 animam
1899 3783 2059 3841 ponat

475 3884 573 3939 pro
603 3867 819 3930 ovibus,
852 3880 1135 3932 numquam
1165 3864 1279 3917 illas
1312 3863 1557 3927 deserat,
1587 3872 1641 3918 et
1666 3872 1848 3917 contra
1879 3864 2056 3933 lupum

474 3969 579 4015 stet
609 3959 833 4013 fortiter.
868 3957 922 4011 In
967 3957 1065 4009 hoc.
1091 3955 1268 4010 dilTert
1310 3964 1490 4024 pastor
1519 3970 1548 4008 a
1580 3955 1928 4009 mercenario.
1963 3955 2059 4010 llic

477 4054 620 4109 enim
657 4051 976 4117 contemptis
1003 4049 1191 4103 ovibus
1222 4050 1448 4117 propria:
1477 4049 1633 4102 saluti
1672 4063 1884 4117 semper
1911 4049 2059 4103 advi-

476 4144 605 4210 gilat
633 4161 646 4198 :
680 4143 767 4196 ille
796 4156 928 4195 vero
954 4181 968 4204 ,
1001 4154 1094 4192 sua
1126 4139 1353 4193 demissa
1376 4179 1391 4203 ,
1425 4139 1647 4192 salutem
1676 4148 1827 4192 curat
1856 4140 2055 4193 ovium.

478 4237 605 4292 Post
628 4236 750 4290 data
774 4247 902 4303 ergo
930 4232 1157 4300 pastoris
1186 4229 1376 4283 indicia
1402 4270 1417 4293 ,
1445 4229 1578 4283 duos
1618 4230 1764 4299 gregi
1797 4230 2061 4298 pernicio-

477 4342 569 4381 sos
596 4333 857 4380 memorat
886 4343 899 4378 :
933 4321 1101 4377 furem
1136 4330 1453 4376 mactantem
1480 4332 1534 4376 ct
1564 4323 1854 4389 rapientem
1887 4337 2015 4377 oves
2040 4339 2054 4385 ;

479 4427 534 4473 et
561 4419 784 4473 alterum
821 4416 909 4486 qui
941 4431 1043 4469 non
1078 4415 1189 4485 ipse
1220 4411 1430 4481 perdit,
1458 4411 1549 4466 sed
1585 4411 1753 4467 furem
1780 4428 1885 4466 non
1914 4422 2059 4467 arcet

480 4524 580 4564 nec
620 4508 857 4578 impedit.
902 4508 1003 4561 Per
1042 4506 1185 4557 ilium
1227 4513 1403 4557 autem
1446 4502 1720 4557 Theudam
1760 4503 2055 4572 signiﬁcat,

481 4614 578 4669 per
615 4598 755 4652 hunc
782 4597 1084 4653 Judazorum
1116 4596 1362 4649 doctores
1390 4594 1614 4647 traducit
1637 4635 1652 4659 ,
1696 4595 1784 4663 qui
1812 4594 1879 4648 de
1905 4609 2056 4647 com-

482 4689 659 4744 missis
698 4687 795 4740 sibi
836 4686 1021 4739 ovihus
1058 4686 1251 4737 nullam
1296 4684 1556 4737 habebant
1598 4698 1812 4747 curam;
1854 4699 1955 4752 qua
1992 4682 2059 4737 de

481 4796 539 4835 re
564 4778 673 4849 jam
700 4777 823 4831 olim
856 4775 1098 4830 Ezechiel
1130 4775 1249 4827 illos
1293 4773 1567 4827 incusabat
1598 4772 1679 4824 his
1707 4772 1882 4825 verbis
1915 4789 1927 4823 :
1971 4771 2059 4825 Va:

481 4868 765 4942 pastoribus
783 4867 983 4922 Israel!
1003 4867 1188 4920 Nonne
1204 4876 1426 4935 pastores
1450 4864 1715 4933 pascebant
1731 4866 2019 4933 semetipsos
2033 4866 2059 4918 ?

482 4977 647 5016 nonne
675 4975 787 5013 oues
811 4967 1086 5027 pascuntur
1106 4973 1137 5009 a
1163 4955 1445 5026 pastoribus
1472 4954 1686 5023 (Ezech.
1715 4955 1801 5009 54.
1830 4954 1927 5024 2)?
1951 4955 2056 5010 Sed

482 5056 557 5109 illi
588 5050 914 5109 contrarium
953 5049 1252 5113 faciebant,
1279 5047 1418 5117 quod
1450 5046 1664 5100 malitiae
1692 5047 1933 5100 maximze
1961 5062 2055 5115 ge-

483 5160 582 5199 nus
620 5151 742 5208 est,
785 5141 1116 5209 aliorumque
1156 5153 1315 5192 causa
1354 5138 1635 5191 malorum.
1668 5135 1794 5191 ldeo
1829 5152 2057 5207 namque

480 5236 607 5291 dicit
635 5252 651 5289 :
677 5233 857 5303 Neque
884 5240 1123 5286 errantes
1153 5245 1283 5285 oves
1312 5230 1637 5285 reducebant
1662 5270 1678 5295 ,
1711 5246 1884 5301 neque
1914 5230 2056 5299 quod

482 5334 710 5396 perierat
728 5324 1038 5395 quierebant
1058 5321 1218 5392 (Ibid.
1241 5337 1290 5374 υ.
1314 5320 1390 5387 4),
1416 5336 1586 5390 neque
1607 5320 1744 5388 quod
1767 5321 2055 5375 contritum

481 5426 595 5473 erat
616 5416 930 5485 alligabant,
960 5427 1129 5482 neque
1154 5410 1295 5480 quod
1325 5410 1590 5464 infirmum
1618 5411 1874 5464 curabant
1894 5452 1906 5475 ,
1935 5412 2055 5479 quia

480 5509 684 5578 seipsos
707 5548 723 5571 ,
763 5520 868 5559 non
910 5520 1035 5559 oves
1059 5544 1074 5569 ,
1123 5502 1427 5572 pascebant.
1469 5502 1697 5569 ldipsum
1730 5501 1922 5556 Paulus
1948 5501 2056 5554 alio

483 5597 643 5651 verbo
668 5594 997 5665 signiﬁcabat
1027 5612 1040 5647 :
1075 5593 1261 5647 Omnes
1285 5608 1399 5661 qua:
1421 5608 1514 5644 sua
1541 5602 1654 5645 sunt
1679 5602 1929 5658 quierunt,
1954 5608 2054 5644 non

481 5701 594 5753 qua:
615 5685 739 5740 Jesu
781 5685 968 5740 Christi
1000 5683 1235 5755 (Philip.
1264 5683 1317 5737 2.
1352 5682 1417 5735 21
1450 5687 1502 5752 );
1534 5694 1586 5738 et
1616 5696 1854 5747 rursum,
1891 5681 2053 5734 Nemo

2158 3158 2270 3211 qua:
2293 3160 2387 3197 sua
2411 3152 2527 3196 sunt
2552 3153 2762 3213 quaerat,
2788 3144 2877 3198 sed
2902 3145 3120 3213 proximi
3146 3148 3480 3218 unusquisque
3503 3147 3575 3220 (l.
3609 3148 3727 3203 Cor.

2160 3237 2247 3290 l0.
2275 3237 2389 3306 24).
2417 3236 2498 3289 ΑΙ)
2528 3246 2750 3305 utroque
2779 3252 2973 3304 genere
2998 3252 3060 3292 se
3084 3235 3327 3293 Christus
3351 3250 3590 3309 segregat
3618 3259 3630 3293 :
3663 3242 3731 3293 ah

2159 3328 2264 3382 illis
2291 3332 2378 3398 qui
2408 3328 2470 3380 ad
2506 3328 2792 3397 perniciem
2826 3330 3072 3393 veniunt,
3103 3345 3222 3384 cum
3251 3331 3357 3395 ait,
3386 3329 3512 3384 Ideo
3542 3334 3650 3386 veni
3678 3343 3730 3384 ut

2157 3422 2309 3473 vitam
2352 3420 2563 3473 habeant
2591 3462 2605 3486 ,
2638 3430 2684 3473 et
2729 3420 3067 3474 abundantius
3114 3421 3362 3487 habeant;
3390 3424 3458 3477 ab
3493 3424 3573 3477 his
3605 3440 3728 3478 vero

2158 3512 2247 3580 qui
2280 3513 2406 3566 nihil
2436 3523 2645 3575 curant,
2678 3512 2720 3565 si
2752 3526 2879 3567 oves
2908 3529 2936 3565 a
2969 3512 3106 3581 lupis
3133 3514 3433 3583 rapiantur;
3463 3531 3581 3569 cum
3615 3516 3731 3570 illas

2158 3617 2263 3656 non
2288 3602 2554 3672 relinquit,
2580 3603 2671 3656 sed
2695 3604 2922 3657 animam
2943 3618 3092 3659 suam
3117 3606 3260 3672 ponit
3280 3622 3347 3659 ne
3368 3606 3471 3660 illa:
3492 3619 3724 3675 pereant.

2158 3694 2289 3748 Cum
2318 3694 2459 3748 enim
2490 3696 2854 3747 consultarent
2895 3695 3037 3748 illum
3069 3696 3308 3750 occidere
3332 3738 3345 3761 ,
3380 3712 3549 3766 neque
3572 3713 3602 3750 a
3630 3698 3728 3751 do-

2158 3788 2324 3841 ctrina
2354 3788 2587 3851 destitit,
2622 3803 2791 3855 neque
2820 3788 3097 3842 credentes
3127 3789 3386 3857 prodidit;
3419 3790 3512 3844 sed
3548 3792 3727 3854 stetit,

2159 3887 2211 3930 et
2233 3889 2454 3932 mortem
2479 3877 2656 3931 subiit.
2686 3876 2807 3932 Ideo
2829 3879 3023 3946 ubique
3044 3878 3272 3944 dicebat,
3295 3879 3402 3950 Ego
3422 3896 3532 3933 sum
3559 3890 3731 3949 pastor

2159 3969 2334 4023 bonus.
2369 3969 2563 4023 Deinde
2592 3984 2710 4022 cum
2744 3971 2946 4023 nullum
2972 3969 3159 4024 adesse
3185 3971 3452 4025 videretur
3479 3972 3553 4025 rei
3586 3972 3732 4026 testi-

2159 4060 2393 4113 monium
2419 4061 2560 4129 (nam
2587 4061 2731 4122 illud,
2757 4062 2988 4114 Animam
3014 4078 3175 4115 meam
3197 4078 3344 4130 pono,
3373 4062 3517 4116 brevi
3546 4073 3727 4131 postea

2158 4153 2385 4215 accidit;
2415 4152 2543 4205 illud
2575 4170 2698 4206 vero
2720 4194 2734 4215 ,
2766 4165 2818 4207 ut
2848 4154 2999 4207 vitam
3039 4153 3285 4219 habeant,
3321 4163 3365 4208 et
3391 4155 3730 4208 abundantius

2160 4246 2371 4297 habeant
2394 4285 2409 4310 ,
2443 4253 2563 4312 post
2604 4260 2757 4299 suum
2788 4260 2855 4299 ex
2893 4246 2990 4299 hac
3027 4246 3130 4299 vita
3161 4246 3450 4301 discessum
3497 4246 3726 4300 futurum

2158 4336 2317 4405 erat),
2343 4335 2465 4406 quid
2502 4336 2658 4389 facit?
2688 4336 2925 4389 Alterum
2956 4336 3023 4390 ab
3051 4337 3221 4390 altero
3244 4336 3555 4402 confirmat;
3582 4353 3731 4390 nem-

2159 4443 2224 4497 pe
2253 4443 2319 4482 ex
2357 4443 2421 4482 co
2451 4427 2589 4497 quod
2625 4427 2714 4481 det
2754 4429 2983 4480 animam
3012 4468 3027 4493 ,
3057 4427 3197 4497 quod
3236 4428 3326 4482 det
3359 4429 3516 4482 etiam
3544 4428 3725 4481 vitam.

2156 4518 2305 4585 Quod
2332 4528 2387 4573 et
2415 4519 2608 4573 Paulus
2636 4519 2845 4572 dicebat
2872 4536 2886 4572 :
2913 4517 2974 4573 Si
3008 4534 3122 4571 cum
3150 4519 3339 4571 inimici
3364 4534 3580 4573 essemus
3602 4559 3618 4585 ,
3648 4536 3731 4571 re-

2157 4612 2408 4665 conciliati
2435 4628 2605 4664 sumus
2634 4609 2740 4663 Deo
2770 4627 2857 4678 per
2882 4618 3089 4663 mortent
3114 4608 3239 4662 Filii
3266 4612 3374 4679 ejus
3401 4624 3421 4662 :
3440 4610 3597 4663 multo
3622 4627 3729 4663 ma~

2156 4705 2231 4773 gis
2260 4704 2566 4757 reconciliati
2601 4704 2728 4756 salvi
2756 4704 2938 4757 erimus
2963 4703 2982 4772 (
3007 4701 3153 4755 Rom.
3177 4702 3230 4757 5.
3262 4703 3331 4757 10
3423 4701 3491 4756 Ει
3517 4718 3725 4756 rursum

2156 4795 2279 4848 alibi
2301 4812 2314 4847 :
2337 4795 2437 4862 Qui
2454 4795 2601 4848 etiam
2621 4792 2755 4847 Filio
2767 4812 2857 4849 suo
2874 4810 2974 4848 non
3003 4794 3237 4864 pepercit,
3256 4793 3330 4867 (α)
3349 4792 3458 4867 [sed
3473 4811 3564 4865 pro
3588 4796 3728 4848 nobis

2157 4885 2383 4938 omnibus
2421 4886 2629 4938 tradidit
2666 4885 2810 4937 illuni
2834 4882 2873 4956 ,]
2897 4885 3149 4953 quomodo
3187 4900 3289 4937 non
3324 4886 3472 4938 etiam
3500 4901 3611 4937 cum
3638 4886 3727 4937 illo

2157 4980 2324 5030 omnia
2366 4978 2506 5030 nobis
2535 4977 2737 5030 donabit
2763 4980 2779 5043 (
2805 4976 2951 5029 Rom.
2980 4975 3032 5031 8.
3062 4976 3131 5030 52
3149 4976 3168 5045 )
3189 4974 3212 5027 ?
3236 4975 3338 5031 Sed
3369 4992 3461 5030 cur
3487 4992 3591 5030 non
3617 4976 3724 5045 jam

2156 5081 2407 5125 accusant
2434 5070 2585 5125 illum
2612 5077 2667 5123 ut
2695 5071 2841 5138 prius
2860 5111 2873 5132 ,
2905 5069 3144 5126 dicentes
3167 5085 3181 5121 :
3211 5067 3253 5121 Τ
3255 5086 3288 5122 ιι
3313 5069 3375 5121 de
3400 5069 3557 5138 teipse
3587 5068 3725 5121 testi-

2157 5165 2378 5216 monium
2416 5163 2641 5231 perhibes
2665 5204 2680 5226 ,
2728 5162 3063 5215 testimonium
3111 5171 3250 5212 tuum
3294 5176 3394 5212 non
3440 5170 3513 5212 est
3559 5174 3726 5211 verum

2157 5253 2347 5326 (Joan.
2377 5253 2429 5309 8.
2463 5252 2610 5322 15)?
2638 5254 2767 5319 Quia
2798 5267 2939 5321 saepe
2968 5252 3087 5305 illos
3116 5251 3273 5305 silere
3298 5260 3575 5321 coegerat:
3609 5261 3661 5305 et
3696 5267 3726 5304 a

2155 5347 2320 5415 signis
2364 5345 2532 5412 major
2574 5352 2873 5399 accesserat
2915 5343 3101 5396 liducia
3127 5384 3142 5406 ,
3186 5352 3242 5394 ut
3282 5342 3383 5395 illis
3421 5342 3722 5396 obsisteret.

2156 5438 2356 5492 Deinde
2384 5438 2505 5507 quia
2534 5436 2777 5505 superius
2803 5436 3007 5489 dixerat
3035 5452 3048 5486 :
3080 5434 3145 5486 Et
3175 5450 3286 5487 oves
3312 5449 3478 5486 vocem
3500 5433 3609 5503 ejus
3633 5448 3725 5484 au-

2154 5532 2320 5596 diunt,
2343 5539 2388 5583 et
2413 5538 2685 5599 sequuntur
2708 5542 2857 5591 eum;
2888 5541 2953 5580 ne
2980 5527 3099 5595 quis
3121 5525 3341 5590 diceret,
3366 5523 3501 5591 Quid
3526 5523 3594 5579 ad
3620 5539 3736 5606 non

2215 5687 2287 5748 (a)
2303 5685 2500 5759 puciuis
2530 5682 2688 5734 clausa
2712 5683 2886 5733 desunt
2910 5696 2959 5731 ιιι
2982 5681 3266 5746 quibusdam
3281 5686 3383 5730 Mss.
