4084 6360
305 350 406 404 327

306 485 363 519 σε
391 468 511 519 κατ’
546 466 761 519 εἰκόνα·
794 466 1022 518 ἀλλ’ἵνα
1063 463 1213 534 αύτῷ
1242 465 1470 535 ἀρέσῃς,
1508 465 1594 516 ἵνα
1624 464 1732 516 τῶν
1767 463 1889 531 μελ-

306 550 503 603 λόντων
537 549 824 623 ἐπιτύχῃς,
874 550 960 602 ἵνα
994 551 1109 620 μετ’
1141 548 1389 617 ἀγγέλων
1429 549 1695 619 χορεύσῃς
1739 561 1785 599 ι.
1824 547 1889 599 Τί

305 635 487 688 τοίνυν
540 635 824 697 ἐκϐάλλεις
856 634 1083 687 σεαυτὸν
1116 634 1218 703 τῆς
1248 633 1505 702 τοιαύτης
1543 632 1888 699 συγγενείας,

309 718 402 771 καὶ
440 718 579 788 πρὸς
608 717 710 787 τὴν
739 718 976 790 ἐσχάτην
1001 718 1223 789 ἀτιμίαν
1258 718 1353 770 καὶ
1395 715 1714 784 δυσγένειαν
1754 714 1889 778 ἐξω-

311 802 454 867 θεῖς;
517 802 577 854 Ὀ
602 803 702 866 τὰς
737 803 906 867 αύτάς
938 806 1020 857 σοὶ
1043 803 1214 865 λύσας
1249 803 1466 865 ώδϊνας,
1502 802 1695 864 ώδῖνας
1716 800 1772 854 δὲ
1794 800 1892 867 λέγ

308 888 451 952 ωτάς
493 888 896 961 πνευματικὰς,
934 888 1077 959 λιμῷ
1121 886 1530 958 διαφθείρεται·
1579 888 1643 940 σὺ
1698 886 1752 939 δὲ
1787 886 1894 939 ὑπὸ

312 972 628 1044 πλησμονῆς
686 974 1101 1044 διαρῤήγνυσαι.
1165 975 1222 1026 '0
1274 972 1501 1042 ἁδελφὸς
1559 973 1764 1041 γυμνὸς
1831 970 1892 1023 τὸ

313 1057 471 1127 σῶμα
499 1058 777 1128 περιάγει,
817 1060 880 1111 σὺ
903 1058 959 1111 δὲ
984 1059 1077 1111 καὶ
1106 1061 1219 1122 τοῖς
1251 1058 1485 1129 ἱματίοις
1509 1059 1695 1127 ἱμάτια
1720 1072 1891 1109 κατα-

313 1141 616 1206 σκευάζεις,
653 1143 1002 1213 ἐπιτειχίζων
1043 1144 1155 1207 τοῖς
1204 1142 1443 1213 σκώληξι
1492 1141 1591 1211 τήν
1636 1140 1893 1207 τοιαύτην

312 1225 625 1295 περιϐολήν.
655 1227 766 1279 Καὶ
792 1228 943 1297 πόσῳ
974 1225 1183 1295 βέλτιον
1198 1221 1265 1297 ἦν
1290 1226 1358 1278 τά
1383 1224 1609 1295 σώματα
1626 1222 1891 1293 περιϐάλ-

311 1306 422 1359 λειν
448 1307 517 1360 τά
564 1307 674 1360 τῶν
708 1311 982 1379 πενήτωνί
1009 1307 1164 1363 Οῦτω
1208 1309 1316 1379 γάρ
1359 1308 1453 1360 καὶ
1484 1307 1734 1359 ἀνάλωτα
1764 1304 1894 1374 ἐμε-

312 1409 370 1445 νε
400 1392 451 1453 δ,
492 1392 585 1444 καὶ
610 1394 888 1462 φροντίδος
920 1394 1137 1463 ἀπάσης
1162 1393 1489 1463 ἀπήλλαττε,
1527 1391 1619 1444 καὶ
1641 1389 1737 1462 τὴν
1764 1389 1894 1460 μέλ-

313 1475 510 1530 λούσάν
549 1494 627 1529 σοι
655 1477 801 1550 ζωὴν
839 1478 1114 1550 ἐκόμιζεν.
1165 1481 1227 1532 Εἰ
1257 1478 1366 1550 γὰρ
1402 1479 1476 1549 μὴ
1517 1477 1691 1548 βούλει
1722 1476 1894 1529 ταῦτα

312 1559 568 1625 γενέσθαι
610 1561 951 1631 σητόϐρωτα,
997 1562 1088 1626 δὸς
1107 1565 1220 1625 τοῖς
1252 1565 1520 1632 πτωχοῖς·
1558 1562 1755 1614 ἐκεῖνοι
1784 1560 1894 1630 γάρ

315 1645 451 1695 εἰσιν
485 1644 535 1695 οί
572 1643 640 1697 τά
688 1646 876 1714 ἱμάτια
919 1643 1092 1699 ταῦτα
1134 1643 1336 1707 εἰδότες
1381 1646 1653 1699 τινάσσειν
1692 1643 1892 1706 καλῶς.

315 1725 424 1779 Καὶ
454 1724 561 1794 γὰρ
576 1726 671 1779 τοῦ
703 1725 957 1779 κιϐωτίου
985 1727 1047 1780 τὸ
1080 1727 1239 1796 σῶμα
1258 1726 1350 1780 τοῦ
1373 1728 1609 1798 Χριστοῦ
1644 1725 1899 1795 τιμιώτε-

320 1810 410 1879 ρόν
432 1827 491 1862 τε
528 1811 622 1863 καὶ
650 1811 1077 1881 ἀσφαλέστερον.
1117 1812 1251 1864 Οὐδὲ
1288 1812 1397 1881 γὰρ
1430 1812 1588 1881 μόνον
1635 1810 1898 1880 φυλάσσει

315 1891 384 1944 τά
423 1892 634 1962 ἱμάτια,
681 1893 801 1946 οὐδὲ
847 1893 1099 1946 ἀνάλωτα
1128 1893 1373 1964 διατηρεῖ
1421 1895 1599 1965 μόνον,
1640 1893 1899 1947 ἀλλάκκαὶ

316 1975 672 2046 λαμπρότερα
705 1976 1019 2047 ἐργάζεται.
1052 1978 1125 2030 Τὸ
1160 1979 1411 2032 κιϐώτιον
1460 1979 1721 2041 πολλάκις
1761 1976 1899 2047 μετά

317 2060 423 2112 τῶν
468 2060 698 2130 ἱματίων
731 2060 935 2131 ληφθὲν
985 2064 1187 2134 ἐσχάτῃ
1225 2080 1285 2115 σε
1334 2064 1626 2133 περιέϐαλε
1686 2063 1893 2133 ζημία·

316 2142 522 2214 ταύτην
562 2144 619 2197 δέ
640 2143 762 2197 οὐδὲ
799 2144 1027 2208 θάνατος
1053 2147 1395 2217 λυμήνασθαι
1425 2149 1648 2202 δύναται
1677 2148 1773 2219 τήν
1800 2164 1899 2216 φυ-

316 2225 512 2297 λακήν.
551 2228 687 2280 Οὐδὲ
741 2229 847 2298 γὰρ
887 2228 1068 2298 θυρῶν
1102 2231 1335 2284 ἐνταῦθα
1382 2235 1515 2302 ἡμῖν
1556 2233 1636 2284 δεῖ
1670 2234 1764 2285 καὶ
1806 2248 1900 2301 μο-

317 2308 459 2379 χλῶν
484 2328 497 2342 ·
532 2312 634 2363 οὐκ
669 2312 896 2365 οἰκετῶν
927 2313 1372 2381 ἀγρυπνούντων,
1404 2316 1503 2368 οὐκ
1552 2314 1719 2384 ἄλλης
1754 2314 1900 2378 τινὸς

316 2394 571 2466 τοιαύτης
596 2396 913 2465 ἀσφαλείας.
938 2398 1048 2450 Καὶ
1070 2398 1178 2468 γάρ
1211 2400 1389 2470 πάσης
1414 2399 1704 2469 ἐπιϐουλῆς
1726 2400 1901 2469 ἀπήλ-

318 2477 531 2535 λακται.
565 2481 657 2533 καὶ
684 2480 972 2533 ἀπόκειται
997 2481 1378 2551 φυλαττόμενα
1397 2500 1410 2514 ο
1438 2482 1623 2553 ὥσπερ
1646 2483 1814 2546 εἰκὸς,
1833 2482 1899 2535 τά

320 2564 378 2615 ἐν
415 2567 527 2627 τοῖς
560 2566 805 2634 οὐρανοῖς
839 2565 1089 2634 κείμενα.
1127 2566 1280 2636 Πάσῃ
1310 2565 1418 2637 γὰρ
1450 2568 1619 2638 κακίᾳ
1648 2569 1851 2630 ἐκεῖνος
1871 2568 1900 2619 6

318 2649 482 2710 τόπος
508 2649 724 2710 ἄϐατος.
760 2648 943 2701 Ταῦτα
969 2647 1093 2700 οὔτε
1116 2650 1275 2719 ἡμεῖς
1304 2650 1391 2703 ἀεὶ⁸
1417 2651 1664 2719 λέγοντες
1689 2652 1900 2722 διαλιμ-

321 2734 581 2804 πάνομεν.
606 2732 729 2786 οὗτε
746 2734 902 2803 ὑμεῖς
923 2734 1214 2798 ἀκούοντες
1236 2734 1507 2790 πείθεσθε.
1527 2738 1600 2789 Τὸ
1621 2738 1677 2791 δὲ
1704 2738 1895 2800 αίτιον,

320 2818 495 2887 ψυχῆς
523 2818 688 2886 ἐσμεν
726 2816 977 2880 εὐτελοῦς
996 2859 1010 2882 ,
1048 2817 1143 2869 καὶ
1167 2818 1303 2889 πρὸς
1334 2819 1431 2889 τὴν
1454 2820 1555 2889 γῆν
1584 2821 1897 2889 κεχηνυίας,

320 2905 419 2955 καὶ
461 2903 633 2971 χαμαὶ
656 2901 982 2972 συρομένης.
1014 2903 1230 2955 Μᾶλλον
1260 2903 1316 2956 δὲ
1345 2904 1418 2974 μὴ
1444 2904 1652 2972 γένοιτο
1682 2907 1900 2960 πάντων

320 2988 476 3057 ὑμῶν
499 2986 843 3055 καταγνῶναι
874 2988 1093 3050 κακίαν,
1129 2988 1203 3051 ώς
1238 2989 1446 3052 πάντας
1475 2990 1669 3043 ἀνίατα
1700 2993 1897 3045 νοσεῖν.

320 3071 384 3123 ΕΞ
410 3071 515 3142 γάρ
561 3072 654 3123 καὶ
683 3071 731 3122 οἱ
775 3070 852 3139 τῷ
891 3071 1104 3138 πλούτῳ
1170 3072 1480 3140 μεθύοντες,
1529 3074 1901 3144 ἐμφράττουσι

318 3155 419 3224 τὴν
454 3154 622 3223 ἀκοήν
663 3155 796 3225 πρὸς
825 3154 893 3208 τά
922 3155 1208 3225 λεγόμενα,
1246 3155 1361 3207 ἀλλ’
1397 3158 1444 3208 οἱ
1488 3160 1650 3230 πενίᾳ
1698 3157 1902 3221 συζῶν-

319 3255 413 3301 τες
461 3237 778 3308 δυνήσονται
830 3237 1115 3306 διαϐλέψαι
1161 3238 1296 3309 πρὸς
1343 3239 1411 3293 τά
1455 3240 1744 3309 λεγόμενα.
1792 3243 1903 3294 Καὶ

318 3322 373 3374 τί
402 3320 577 3375 ταῦτα
616 3321 753 3393 πρὸς
775 3322 900 3383 τοὺς
930 3322 1187 3392 πένητας,
1222 3324 1422 3393 φησίν;
1458 3323 1518 3376 οὐ
1558 3324 1668 3395 γάρ
1703 3325 1903 3394 χρυσὸς

321 3405 506 3466 αὐτοῖς
538 3406 705 3465 ἐστιν,
728 3404 845 3456 ούδέ
880 3404 1071 3474 ἱμάτια
1103 3404 1359 3467 τοσαῦτα,
1393 3405 1578 3477 φησίν.
1619 3406 1778 3459 Ἀλλά
1801 3406 1902 3477 ἄρ-

382 3497 410 3524 “
435 3495 540 3543 Ἵνα
563 3495 663 3605 μετ’
701 3496 910 3565 ἀγγέλων
932 3497 1165 3559 χορεύσῃς
1207 3497 1381 3545 deerat
1404 3498 1453 3545 in
1480 3498 1653 3547 Morel.
1721 3495 1750 3534 δ
1779 3498 1905 3548 Are-

382 3570 456 3605 Ius
488 3571 564 3605 ma
589 3570 638 3605 e.
680 3569 788 3605 aua:
808 3571 850 3605 ει
872 3557 961 3605 hoc
983 3566 1121 3605 nacta
1146 3566 1553 3605 consumerentur.

322 3559 456 3606 tinus
488 3557 638 3615 male,
680 3569 788 3617 qua:
808 3557 850 3607 si
872 3557 961 3608 hoc
983 3557 1126 3620 pacto
1146 3566 1553 3609 consumerentur.

1369 352 1437 409 IN
1471 352 1787 408 JOANNEM
1828 351 2059 407 IIOMIL.
2102 350 2212 405 LX.
2248 351 2317 406 al.
2355 350 2490 406 LIX.

3480 350 3585 405 528

1989 479 2080 524 τος
2114 461 2267 513 ἐστὶν
2294 461 2479 523 αὐτοῖς
2509 462 2604 515 καὶ
2628 458 2772 529 ὕδωρ
2820 458 3027 528 ψυχρόν
3050 475 3062 487 ·
3098 457 3215 510 ἀλλ’
3260 455 3437 510 ὀϐολοὶ
3467 458 3579 516 δύο.

1992 546 2084 596 καὶ
2128 544 2306 607 πόδες,
2354 542 2495 595 ὥστε
2541 540 2945 609 ἐπισκέψασθαι
2974 542 3099 602 τοὺς
3126 540 3578 611 ἀρρωστοῦντας·

1990 628 2126 681 ἀλλά
2154 628 2375 696 γλῶσσα
2417 626 2511 679 καὶ
2555 627 2733 694 λόγος,
2766 626 2907 679 ὥστε
2944 626 3330 696 παρακαλέσαι
3369 624 3461 677 τὸν
3494 625 3583 694 βε-

1993 711 2294 782 ϐλημένον·
2336 710 2450 764 ἀλλ’
2508 711 2657 763 οἰκία
2711 710 2806 763 καὶ
2861 710 3051 778 στέγη,
3097 707 3239 761 ὥστε
3278 708 3584 778 ὁμοδίαιτον

1993 797 2217 866 ποιῆσαι
2243 795 2334 848 τὸν
2363 795 2531 858 ξένον.
2568 795 2643 847 Οὐ
2684 793 2795 864 γὰρ
2826 793 2889 864 δὴ
2945 792 3180 846 τάλαντα
3210 792 3413 863 χρυσοῦ
3451 792 3585 845 τόσα

1993 880 2087 933 καὶ
2109 879 2241 931 τόσα
2270 876 2609 946 ἀπαιτοῦμεν
2638 876 2789 946 παρά
2804 876 2912 927 τῶν
2946 877 3194 946 πενήτων
3213 891 3225 903 ·
3258 876 3395 929 ἀλλά
3411 875 3585 929 ταῦτα

1990 959 2094 1034 ’μὲν
2123 962 2274 1032 παρά
2294 960 2405 1013 τῶν
2438 959 2835 1013 πλουτούντων.
2864 960 2926 1011 Εἰ
2960 959 3017 1011 δέ
3055 977 3137 1022 τις
3160 960 3330 1029 πένης
3354 960 3463 1029 εἴη,
3490 960 3585 1013 καὶ

1992 1049 2086 1101 ἐπὶ
2107 1048 2204 1109 τὰς
2234 1046 2341 1098 τῶν
2374 1044 2550 1099 ἄλλων
2594 1044 2813 1114 ἔρχεται
2872 1043 3065 1114 θύρας,
3114 1044 3236 1097 ούδέ
3278 1044 3460 1096 ὀϐολὸν
3486 1044 3584 1097 λα-

1994 1132 2109 1184 ϐεῖν
2140 1134 2167 1183 6
2205 1129 2485 1200 Δεσπότης
2519 1128 2675 1199 ήμῶν
2710 1127 3130 1198 ἐπαισχύνεται·
3164 1127 3299 1181 ἀλλά
3338 1130 3432 1181 καὶ
3465 1129 3583 1195 μεί-

1994 1214 2122 1278 ζονα
2168 1213 2316 1285 [551]
2378 1214 2496 1283 ἐρεῖ
2540 1212 2648 1264 τῶν
2696 1211 2867 1264 πολλὰ
2911 1212 3251 1280 βεϐληκότων
3307 1211 3587 1281 εἰληφέναι

1994 1299 2123 1368 παρ’
2149 1296 2332 1350 αὐτοῦ.
2378 1297 2539 1348 Πόσοι
2579 1296 2688 1347 τῶν
2724 1295 2818 1347 νῦν
2841 1296 3153 1362 ἐστηκότων
3193 1292 3426 1364 ηὔξαντο
3466 1297 3585 1347 κατ’

1994 1382 2201 1433 ἐκεῖνον
2244 1378 2499 1447 γενέσθαι
2528 1379 2621 1431 τὸν
2646 1379 2856 1449 καιρὸν,
2902 1378 3024 1431 καθ’
3065 1378 3123 1429 ὃν
3163 1378 3299 1447 μετά
3333 1377 3535 1446 σαρκὸς
3559 1378 3587 1429 6

1994 1464 2227 1535 Χριστὸς
2276 1464 2592 1534 περιεπόλει
2649 1462 2747 1534 τὴν
2808 1462 2932 1532 γῆν,
2980 1459 3121 1513 ὥστε
3165 1461 3260 1513 καὶ
3290 1460 3587 1528 ὁμοδίαιτοι

1998 1548 2146 1618 αὐτῷ
2179 1547 2453 1616 γενέσθαι,
2484 1548 2580 1600 καὶ
2602 1546 2879 1612 σύσσιτοι;
2923 1544 3055 1597 Ἰδοὺ
3090 1542 3184 1597 νῦν
3217 1543 3395 1609 ἔξεστι
3430 1543 3589 1595 τοῦτο

1999 1628 2275 1697 γενέσθαι,
2313 1628 2409 1679 καὶ
2458 1625 2644 1678 καλεῖν
2676 1625 2841 1677 αὑτὸν
2876 1624 3077 1693 μᾶλλον
3104 1624 3198 1675 ἐπὶ
3243 1623 3466 1693 ἄριστον
3493 1625 3587 1675 καὶ

2000 1710 2317 1779 ἐστιαθῆναι
2348 1708 2466 1779 μετ’
2504 1707 2692 1770 αὑτοῦ,
2723 1709 2818 1760 καὶ
2859 1707 2952 1759 ἐπὶ
2989 1705 3197 1776 μείζονι
3232 1706 3433 1776 κέρδει.
3467 1706 3588 1757 Τῶν

2003 1794 2101 1863 μὲν
2130 1792 2238 1862 γὰρ
2277 1793 2398 1845 τότε
2426 1792 2575 1861 αὐτῷ
2608 1790 3073 1844 συνεστιαθέντων
3129 1787 3315 1841 πολλοὶ
3358 1789 3452 1841 καὶ
3484 1789 3584 1839 ἀπ-

1999 1877 2219 1939 ώλοντο,
2247 1872 2358 1939 οἷος
2394 1878 2488 1928 καὶ
2520 1879 2547 1929 ὁ
2568 1875 2768 1938 Ἰούδας
2799 1871 2886 1945 ἦν,
2913 1876 3008 1927 καὶ
3027 1874 3205 1943 ἕτεροι
3233 1873 3291 1926 δὲ
3316 1872 3545 1926 τοιοῦτοι
3572 1889 3585 1901 ·

1998 1961 2107 2013 τῶν
2140 1962 2194 2013 δὲ
2236 1959 2547 2013 καλούντων
2572 1960 2732 2013 αὐτὸν
2755 1960 2986 2021 Exacto;
3025 1958 3120 2010 νῦν
3164 1960 3243 2020 εἰς
3276 1957 3377 2029 τὴν
3410 1957 3588 2009 οἰκίαν

2000 2043 2097 2114 τὴν
2136 2042 2354 2105 ἐαυτοῦ,
2395 2044 2488 2095 καὶ
2548 2042 2939 2112 μεταδιδόντων
2983 2040 3130 2110 αὐτῷ
3170 2039 3450 2111 τραπέζης
3495 2040 3590 2092 καὶ

2003 2126 2220 2195 στέγης,
2264 2126 2515 2194 εὐλογίας
2544 2125 2912 2178 ἀπολαύσεται
2950 2124 3212 2193 μεγάλης.
3250 2122 3428 2176 Δεῦτε
3458 2123 3587 2194 γὰρ.

2002 2212 2187 2279 φησιν,
2218 2211 2271 2263 οἱ
2299 2208 2694 2277 εὐλογημένοι
2724 2209 2831 2262 τοῦ
2868 2208 3101 2275 Πατρός
3116 2224 3258 2276 μου,
3301 2210 3591 2275 κληρονο-

1995 2294 2235 2364 μήσατε
2278 2292 2394 2362 τὴν
2441 2293 2896 2362 ἡτοιμασμένην
2934 2293 3079 2360 ὑμῖν
3105 2292 3436 2356 βασιλείαν
3469 2290 3589 2345 ἀπὸ

2000 2376 2340 2444 καταϐολῆς
2398 2379 2653 2445 κόσμου.
2725 2378 3052 2430 Ἐπείνασα
3083 2376 3193 2446 γάρ
3228 2388 3275 2438 ε,
3305 2375 3407 2428 καὶ
3445 2375 3588 2427 66d)-

2000 2465 2144 2518 κατέ
2174 2482 2275 2533 μοι
2324 2464 2569 2532 φαγεῖν·
2608 2464 2894 2531 ἐδίψησα,
2959 2462 3057 2516 καί
3110 2461 3435 2515 ἐποτίσατέ
3467 2480 3583 2529 με-

2002 2546 2177 2612 ξένος
2209 2547 2391 2615 ἢμην,
2427 2548 2526 2599 καί
2567 2546 2941 2615 συνηγάγετέ
2966 2564 3075 2615 με·
3117 2545 3456 2613 ἠσθένησα.
3493 2546 3590 2598 καὶ

2000 2630 2428 2699 ἐπεσκέψασθέ
2470 2648 2577 2699 με·
2624 2630 2695 2682 ἐν
2725 2628 2971 2698 φυλακῇ
3005 2629 3186 2697 ἤμην,
3224 2629 3320 2681 καὶ
3376 2628 3591 2697 ἤλθετε

2000 2717 2152 2782 πρός
2177 2732 2274 2783 με.
2313 2715 2410 2768 Ἰν*
2442 2712 2535 2767 οὖν
2561 2714 2767 2766 τούτων
2809 2713 3132 2784 ἀκούσωμεν
3166 2713 3275 2765 τῶν
3306 2713 3587 2784 ῥημάτων,

2002 2797 2312 2867 ἐνδύσωμεν
2340 2798 2432 2850 τὸν
2459 2798 2689 2866 γυμνὸν,
2716 2797 3114 2867 συναγάγωμεν
3145 2798 3234 2849 τὸν
3268 2796 3439 2860 ξένον,
3472 2795 3591 2867 θρέ-

2000 2882 2194 2953 ψωμεν
2222 2884 2313 2934 τὸν
2354 2883 2647 2944 πεινῶντα,
2679 2884 2995 2953 ποτίσωμεν
3042 2881 3133 2934 τὸν
3168 2882 3428 2950 διψῶντα,
3472 2882 3591 2933 ἐπι-

2005 2965 2335 3036 σκεψώμεθα
2357 2966 2447 3019 τὸν
2474 2966 2883 3039 ἀρρωστοῦντα,
2921 2966 3120 3035 ἴδωμεν
3150 2966 3241 3018 τὸν
3270 2967 3327 3016 ἐν
3351 2965 3589 3035 φυλακῇ.

2005 3051 2093 3104 ἵνα
2152 3052 2465 3124 παρρησίας
2518 3052 2953 3121 ἀπολαύσωμεν,
3021 3051 3117 3103 καὶ
3175 3050 3591 3121 ἁμαρτημάτων

2006 3133 2354 3204 συγχώρησιν
2384 3134 2659 3205 λάϐωμεν,
2697 3134 2920 3187 καὶτῶν
2966 3134 3189 3203 ἀγαθῶν
3225 3134 3591 3204 μετάσχωμεν

2005 3219 2251 3282 ἐκείνων,
2282 3217 2389 3271 τῶν
2419 3219 2512 3272 καὶ
2541 3218 2699 3284 λόγον
2729 3219 3169 3289 ὑπερϐαινόντων
3200 3220 3294 3271 καὶ
3328 3219 3453 3272 νοῦν
3476 3235 3489 3248 ·
3515 3210 3592 3271 ὧν

2005 3302 2217 3371 γένοιτο
2252 3304 2461 3365 πάντας
2509 3304 2655 3373 ἡμᾶς
2701 3306 2996 3371 ἐπιτυχεῖν,
3057 3302 3238 3372 χάριτι
3272 3303 3365 3355 καὶ
3406 3302 3591 3370 φιλαν-

2002 3387 2219 3459 θρωπία
2248 3388 2341 3440 τοῦ
2375 3388 2581 3458 Κυρίου
2625 3388 2782 3458 ήμῶν
2826 3387 2999 3458 Ἰησοῦ
3035 3388 3293 3458 Χριστοῦ,
3329 3380 3373 3456 ᾧ
3403 3390 3435 3459 ἡ
3465 3387 3592 3452 δόξα

2004 3472 2097 3525 καὶ
2132 3472 2193 3524 τὸ
2236 3471 2437 3541 κράτος
2466 3474 2544 3534 είς
2572 3472 2699 3533 τοὺς
2729 3470 2931 3533 αἰῶνας
2968 3470 3075 3524 τῶν
3102 3472 3335 3525 αίώνων.
3395 3474 3587 3543 Ἀμήν.

2072 3563 2096 3591 ο
2140 3562 2238 3623 Γάρ
2261 3562 2410 3609 deest
2450 3563 2499 3609 in
2531 3560 2820 3623 quibusdam
2851 3575 2968 3610 mss.

1775 3725 2021 3777 UMIAIA
2049 3722 2124 3779 Ξ’.

507 3818 623 3885 εἰμι
640 3820 682 3890 Δό
708 3816 934 3885 ποιμὴν
956 3821 989 3871 ό
1012 3818 1218 3890 καλός,
1244 3819 1339 3871 καί
1357 3818 1645 3890 ,γινώσκω
1672 3821 1742 3872 τὰ
1763 3822 1894 3890 ἐμὰ,

393 3886 491 3939 καὶ
522 3886 882 3960 γινώσκομαι
930 3888 1048 3941 ὑπὸ
1096 3889 1214 3960 τῶν
1264 3889 1441 3957 ἐμῶν.
1470 3890 1676 3957 Καθὼς
1733 3886 1901 3960 Tiro?)-

394 3973 625 4047 τῗὲἒέθέ
646 3961 696 4047 9
719 3958 957 4047 ίηειτὴρν
1000 3958 1161 4047 κείηγὼ
1193 3959 1478 4047 τενάξσκω.
1500 3962 1613 4047 τὸν.
1647 3958 1899 4047 "sum,

394 4028 624 4094 καὶτήν
639 4030 848 4096 ψυχήν
860 4046 979 4097 μου
1002 4030 1195 4097 τίθημι
1225 4030 1375 4099 ὑπὲρ
1406 4031 1526 4084 τῶν
1568 4032 1897 4099 προϐάτων.

396 4162 465 4209 α’.
495 4154 676 4222 Μέγα,
701 4154 972 4223 ἀγαπητοὶ
990 4166 1037 4214 ει,
1057 4154 1198 4224 μέγα
1227 4154 1551 4223 Ἐκκλησίας
1576 4155 1899 4225 προστασία,

324 4240 417 4293 καὶ
444 4237 644 4306 πολλῆς
674 4237 923 4305 δεόμενον
942 4236 1281 4306 φιλοσοφίας,
1307 4238 1401 4291 καὶ
1425 4238 1675 4308 ἀνδρείας
1702 4238 1899 4290 τοσαύ-

322 4341 443 4391 της.
488 4323 619 4390 ὅσης
659 4322 686 4373 ό
724 4319 959 4390 Χριστὸς
1007 4312 1182 4385 εἶπεν,
1239 4320 1377 4373 ὥστε
1419 4321 1515 4391 τὴν
1547 4322 1721 4392 ψυχὴν
1762 4322 1901 4391 ὑπὲρ

322 4408 431 4459 τῶν
467 4404 757 4477 προϐάτων
788 4404 978 4467 θεῖναι,
1024 4403 1164 4457 ὥστε
1210 4404 1476 4474 μηδέποτε
1513 4406 1900 4472 ἐγκαταλιπεῖν

324 4490 462 4545 αύτά
482 4490 664 4560 ἔρημα
695 4491 787 4541 καὶ
815 4488 1015 4559 γυμνὰ,
1059 4489 1198 4542 ὥστε
1234 4489 1369 4559 πρὸς
1424 4490 1514 4541 τὸν
1553 4489 1714 4542 λύκον
1752 4490 1902 4541 ἵστα-

326 4574 449 4626 σθαι
488 4571 768 4640 γενναίως.
826 4570 1011 4641 Τούτῳ
1042 4572 1151 4642 γὰρ
1182 4572 1210 4623 ὁ
1235 4572 1436 4643 ποιμὴν
1479 4573 1572 4625 τοῦ
1628 4572 1899 4643 μισθωτοῦ

323 4658 626 4727 διέστηκεν.
667 4654 725 4706 '0
746 4655 842 4723 μὲν
870 4654 977 4726 γάρ
1001 4657 1103 4726 τὴν
1132 4657 1268 4709 ίδίαν
1310 4659 1583 4727 σωτηρίαν
1623 4658 1900 4727 πανταχοῦ

325 4742 538 4799 σκοπεῖ,
567 4736 675 4790 τῶν
708 4737 995 4806 προϐάτων
1037 4738 1255 4808 ἀμελῶν
1280 4756 1295 4771 ·
1330 4736 1481 4802 οὗτος
1524 4740 1580 4793 δὲ
1626 4739 1900 4810 πανταχοῦ

321 4823 421 4892 τὴν
447 4822 557 4877 τῶν
606 4820 892 4891 προϐάτων
931 4820 1200 4893 ἐπιζητεῖ,
1242 4823 1341 4893 τὴν
1386 4823 1578 4876 ἐαυτοῦ
1624 4824 1903 4897 παρατρέ-

324 4924 453 4975 χων.
487 4904 671 4958 Εἰπὼν
726 4905 905 4957 τοίνυν
953 4905 1046 4958 τοῦ
1080 4906 1337 4977 ποιμένος
1379 4907 1447 4959 τά
1490 4908 1778 4975 δείγματα.
1809 4906 1903 4961 δύο

324 4992 505 5062 τίθησι
532 4991 659 5053 τοὺς
688 4990 976 5060 λυμεῶνας
996 5007 1010 5020 ·
1040 4991 1134 5044 ἕνα
1165 4992 1256 5044 τὸν
1306 4992 1547 5063 κλέπτην
1578 4996 1669 5048 τὸν
1705 4992 1903 5047 θύοντα

326 5074 417 5127 καὶ
458 5073 805 5145 ἁρπάζοντα·
848 5073 1035 5144 ἕτερον
1056 5074 1111 5127 δέ
1170 5073 1261 5126 τὸν
1320 5075 1525 5127 τούτων
1592 5075 1692 5145 μὲν
1749 5075 1902 5128 οὐδὲν

326 5158 599 5221 ποιοῦντα,
632 5157 933 5226 γινομένων
962 5157 1017 5209 δὲ
1057 5155 1259 5209 τούτων
1284 5158 1384 5210 οὐκ
1418 5158 1899 5227 ἐπιστρεφόμενον,

324 5241 442 5293 οὐδὲ
473 5240 777 5294 κωλύοντα·
806 5242 874 5294 δι’
898 5241 1120 5293 ἐκείνων
1154 5242 1251 5311 μὲν
1276 5242 1401 5305 τοὺς
1426 5245 1552 5313 περὶ
1587 5243 1789 5296 Θευδᾶν
1818 5244 1904 5295 αί-

327 5323 654 5393 νιττόμενος,
696 5323 785 5377 διὰ
832 5323 1037 5376 τούτων
1083 5323 1139 5375 δέ
1167 5327 1291 5387 τοὺς
1340 5325 1607 5378 Ἰουδαίων
1648 5316 1905 5379 διδασκάὲ

323 5409 449 5470 λους
480 5409 864 5478 ἐκπομπεύων,
902 5409 962 5461 οὐ
1002 5407 1333 5478 κηδομένους
1368 5409 1487 5461 οὐδὲ
1519 5410 1903 5480 φροντίζοντας

322 5491 431 5545 τῶν
458 5491 978 5561 ἐμπεπιστευμένων
1034 5492 1217 5555 αὐτοῖς
1248 5492 1554 5563 προϐάτων.
1595 5494 1772 5564 Ὅπερ
1810 5490 1903 5547 οῦν

322 5576 419 5627 καὶ
444 5576 473 5626 6
515 5573 774 5640 Ἰεζεκιὴλ
799 5574 1003 5626 ἄνωθεν
1028 5574 1274 5641 ἐγκαλῶν
1306 5575 1486 5637 αὐτοῖς
1513 5576 1697 5644 ἔλεγεν
1718 5593 1730 5604 ·
1756 5579 1819 5629 ’Ὠ
1846 5583 1898 5631 οι

323 5657 603 5725 ποιμένες
634 5656 660 5695 b
700 5656 939 5724 Ἰσραήλ
959 5675 972 5686 ·
1000 5657 1084 5724 μή
1100 5658 1449 5721 βόσκουσιν
1478 5658 1629 5729 [552]
1651 5660 1904 5726 ἑαυτοὺς

380 5760 407 5821 ἦ
432 5756 537 5821 Hi9
565 5754 747 5821 deﬁgit
790 5756 897 5821 cpd.
935 5755 1027 5821 796
1065 5758 1081 5821 (
1104 5759 1219 5806 olim
1260 5758 1427 5820 i949),
1450 5760 1767 5821 succeditque
1792 5761 1897 5809 cod.

322 5817 415 5865 70‘.)
444 5819 591 5877 (olim
615 5817 789 5873 2555),
818 5818 1041 5865 homilias
1072 5820 1120 5866 in
1145 5817 1661 5870 Joannem’éonlinens
1688 5817 1717 5870 ιι
1759 5823 1820 5870 50
1841 5825 1899 5871 ad

322 5879 402 5927 84.
473 5884 496 5919 b
537 5877 686 5926 Savil.
730 5879 836 5926 οὐαὶ
880 5880 919 5925 ὢ
960 5884 1191 5939 ποιμένες.
1241 5884 1339 5931 Sed
1364 5885 1470 5931 οὐαί
1496 5885 1639 5932 deest
1678 5885 1726 5932 in
1777 5886 1897 5933 edit.

327 5940 516 5989 Morelli
561 5943 710 6000 inque
734 5941 873 5988 endd.
901 5940 1011 5997 705,
1036 5942 1126 5990 709
1145 5952 1194 5991 el
1216 5947 1265 5992 in
1289 5945 1407 5994 edit.
1438 5947 1649 5997 Romana
1674 5948 1767 5994 τῶν
1810 5950 1851 5996 Ο
1868 5948 1896 6005 ’,

328 6012 409 6061 ulli
432 6013 550 6060 illud
578 6012 615 6058 ὡ
642 6023 729 6073 pro
755 6010 837 6061 ’ῚΠ
876 6010 1114 6064 Hebraicc
1152 6018 1349 6077 legitur.

2002 3824 2055 3875 οὶ
2088 3822 2368 3890 ποιμένες
2392 3836 2411 3885 ;
2441 3822 2576 3890 οὐχὶ
2602 3821 2671 3874 τὰ
2692 3822 2954 3888 πρόϐατα
2973 3822 3323 3885 βόσκουσιν
3367 3824 3421 3874 οἱ
3460 3837 3591 3877 ποι·-

1997 3904 2215 3975 μένες;
2258 3904 2397 3957 Ἀλλ’
2446 3906 2641 3957 ἐκεῖνοι
2668 3906 2977 3958 τούναντίον
3007 3905 3247 3965 ἐποίουν,
3310 3905 3449 3976 ὅπερ
3495 3907 3592 3974 μέ-

2002 3988 2187 4057 γιστόν
2247 3992 2394 4041 ἐστιν
2448 3985 2588 4051 εἶδος
2636 3989 2853 4053 κακίας,
2904 3988 2997 4042 καὶ
3052 3988 3161 4041 τῶν
3196 3988 3370 4042 ἄλλων
3419 3990 3591 4041 αἴτιον

2003 4073 2239 4125 πάντων.
2266 4074 2362 4125 Διά
2404 4072 2563 4124 τοῦτο
2597 4072 2705 4142 γάρ
2731 4090 2895 4141 φησιν
2919 4089 2933 4104 ·
2974 4072 3099 4124 οὔτε
3138 4072 3199 4124 τὸ
3239 4071 3592 4141 πεπλανημέ-

2003 4172 2093 4208 νον
2120 4155 2473 4225 ἐπέστρεφον,
2504 4155 2624 4207 ούδέ
2665 4155 2725 4206 τὸ
2767 4154 3045 4217 ἀπολωλὸς
3097 4153 3344 4224 ἐζήτουν,
3385 4154 3591 4206 οὐδὲτὸ

2006 4238 2464 4307 συντετριμμένον
2495 4237 2781 4306 ἐδέσμουν,
2816 4237 3018 4290 οὐδὲτὸ
3052 4236 3371 4308 ἀῤῥωστοῦν
3397 4237 3591 4307 ἑθερά-

2003 4338 2186 4383 πευον,
2221 4320 2405 4390 ἐπειδὴ
2438 4321 2685 4382 ἑαυτοὺς,
2713 4321 2805 4372 καὶ
2841 4320 2901 4372 ού
2935 4320 3003 4373 τὰ
3037 4320 3304 4390 πρόϐατα,
3346 4320 3587 4373 ἔϐοσκον.

2006 4405 2181 4475 Ὅπερ
2210 4404 2301 4455 καὶ
2337 4405 2365 4455 6
2392 4403 2600 4467 Παῦλος
2630 4404 2801 4473 ἐτέρῳ
2843 4404 3048 4473 ῥήματι
3081 4403 3243 4456 πάλιν
3281 4403 3467 4473 ἐδήλου
3505 4403 3593 4455 λέο

2002 4503 2114 4554 γων
2136 4488 2231 4538 ’οί
2266 4486 2375 4555 γὰρ
2406 4485 2631 4552 πάντες
2690 4488 2761 4540 τὰ
2800 4486 3035 4539 ἑαυτῶν
3062 4484 3365 4553 ζητοῦσιν,
3402 4489 3474 4540 οὐ
3521 4485 3592 4538 τὶι

2002 4570 2261 4638 Χριστοῦ
2321 4571 2550 4636 Ἰησοῦ·
2596 4572 2690 4624 καὶ
2735 4572 2918 4635 πάλιν,
2971 4570 3198 4639 Μηδεὶς
3255 4570 3321 4623 τὸ
3374 4570 3591 4625 ἑαυτοῦ

2004 4651 2257 4720 ζητείτω,
2294 4656 2454 4708 ἀλλὰ
2505 4654 2572 4707 τὸ
2625 4655 2730 4709 τοῦ
2786 4654 3056 4720 πλησίον
3099 4654 3375 4719 ἕκαστος.
3454 4655 3592 4706 Ἀλλ’

2003 4740 2327 4808 ἀμφοτέρων
2358 4739 2549 4791 ἑαυτὸν
2599 4739 2864 4808 διίστησιν
2898 4738 2925 4787 6
2946 4738 3181 4807 Χριστός
3201 4754 3213 4767 ·
3245 4738 3469 4790 ἐκείνων
3495 4740 3592 4808 μὲν

2002 4823 2111 4873 τῶν
2142 4824 2233 4874 ἐπὶ
2257 4822 2402 4892 λύμῃ
2433 4823 2913 4892 παραγενομένων,
2950 4822 3028 4891 τῷ
3057 4824 3252 4884 εἰπεῖν,
3287 4822 3391 4875 Διά
3418 4823 3593 4875 τοῦτο

2002 4904 2213 4976 ἦλθον,
2262 4909 2358 4959 ἵνα
2403 4906 2557 4973 ζωὴν
2613 4908 2819 4975 ἔχωσι,
2878 4906 2975 4958 καί
3022 4906 3323 4972 περισσὸν
3360 4905 3545 4974 ἔχωσι
3573 4923 3587 4937 ·

2003 4991 2207 5045 τούτων
2240 4990 2295 5042 δέ
2330 4990 2437 5042 τῶν
2474 4989 2855 5061 περιορώντων
2904 4988 3009 5041 ὑπὸ
3060 4988 3169 5041 τῶν
3202 4988 3383 5041 λύκων
3415 4991 3593 5059 ἁρπα-

2010 5077 2211 5143 ζόμενα
2235 5074 2301 5126 τά
2322 5073 2590 5143 πρόϐατα,
2616 5072 2693 5142 τῷ
2723 5073 2798 5143 μὴ
2831 5071 3172 5133 καταλιπεῖν,
3204 5072 3339 5124 ἀλλὰ
3373 5072 3466 5125 καὶ
3495 5072 3593 5142 τὴν

2008 5157 2187 5227 ψυχὴν
2218 5157 2382 5209 αὑτοῦ
2418 5157 2590 5210 θεῖναι
2640 5157 2781 5227 ὺπέρ
2810 5156 3011 5221 αὐτῶν,
3041 5156 3182 5209 ὥστε
3232 5156 3306 5226 μὴ
3354 5154 3424 5207 τά
3462 5157 3593 5226 πρό-

2010 5240 2149 5293 ϐατα
2204 5240 2515 5294 ἀποθανεῖν.
2583 5240 2800 5309 Ἐπειδὴ
2864 5240 2975 5311 γὰρ
3028 5240 3191 5295 αὑτὸν
3245 5240 3592 5294 ἐϐουλεύοντο

2009 5324 2239 5387 ἀνελεῖν,
2296 5323 2418 5377 οὔτε
2470 5327 2569 5395 τῆς
2615 5322 2963 5386 διδασκαλίας
2995 5324 3271 5392 μετέθετο,
3305 5323 3427 5377 οὔτε
3466 5324 3592 5387 τοὺς

2009 5409 2363 5471 πιστεύοντας
2382 5407 2720 5480 προύδωκεν,
2748 5407 2861 5459 ἀλλ’
2879 5408 3028 5476 έστη,
3064 5409 3157 5459 καὶ
3189 5408 3361 5460 εἵλετο
3384 5407 3592 5461 ἀποθα-

2008 5494 2139 5545 νεῖν.
2173 5492 2272 5544 Διά
2301 5491 2459 5544 τοῦτο
2503 5491 2615 5544 ἄνω
2642 5490 2739 5543 καὶ
2771 5492 2921 5544 κάτω
2951 5490 3135 5558 ἔλεγεν
3154 5507 3167 5520 ·
3243 5490 3387 5559 Ἐγώ
3408 5494 3525 5559 ειμι
3556 5495 3590 5545 ό

2007 5574 2237 5643 ποιμὴν
2264 5578 2297 5629 o'
2326 5577 2533 5641 καλός.
2583 5571 2715 5628 Εἶτα
2756 5575 2944 5643 ἐπειδὴ
2984 5576 3279 5647 ἀμάρτυρα
3308 5574 3480 5629 ἐδόκει
3520 5576 3589 5628 τά

2006 5659 2273 5727 λεγόμενα
2304 5654 2445 5711 εἶναι
2473 5658 2557 5725 (τὸ
2596 5658 2694 5729 μὲν
2739 5658 2868 5728 γὰρ,
2936 5656 3053 5725 Τὴν
3100 5657 3315 5727 ψυχήν
3357 5677 3477 5727 μου
3504 5661 3589 5711 τί-

2006 5746 2167 5807 θημι,
2201 5742 2261 5793 ού
2288 5741 2424 5811 μετά
2448 5742 2580 5794 πολὺ
2612 5742 2711 5813 τὴν
2738 5738 3008 5804 ἀπόδειξιν
3043 5739 3201 5792 ἔλαϐε
3225 5756 3236 5769 ’
3268 5740 3328 5793 τὸ
3350 5741 3426 5804 δὲ,
3465 5743 3587 5795 Ἵνα

2005 5823 2159 5893 ζωὴν
2190 5824 2396 5893 ἔχωσι,
2428 5826 2523 5879 καί
2556 5825 2854 5893 περισσὸν
2881 5826 3085 5893 ἔχωσι,
3108 5824 3244 5894 μετά
3270 5826 3367 5894 τὴν
3404 5825 3587 5878 ἐντεῦ-

2005 5908 2097 5960 θεν
2150 5907 2372 5978 ἔμελλεν
2436 5909 2745 5979 ἀποδημίαν
2821 5908 3259 5978 συμϐήσεσθαι,
3294 5907 3433 5961 κατά
3492 5908 3583 5960 τὸν

2007 5990 2176 6044 αἰῶνα
2208 5990 2295 6044 τὸν
2320 5991 2625 6064 μέλλοντα),
2662 5992 2713 6045 τί
2742 5995 2909 6059 norat;
2945 5991 3184 6064 Θάτερον
3221 5991 3328 6045 ἀπὸ
3349 5991 3578 6061 θατέρου
