4084 6360
523 319 630 374 329

519 430 828 493 πιστοῦται,
880 432 990 486 ἀπὺ
1028 431 1120 485 τοῦ
1165 433 1350 486 δοῦναι
1387 434 1487 503 τὴν
1521 431 1722 502 ψυχὴν,
1761 433 1845 485 ὅτι
1885 432 1978 484 καί
2008 431 2110 501 τὴν

519 515 666 586 ζωὴν
705 517 941 570 δίδωσιν.
995 517 1173 588 Ὅπερ
1221 518 1316 570 καὶ
1369 520 1397 570 6
1445 517 1655 578 Παῦλος
1699 516 1905 583 ἔλεγεν,
1940 517 2111 568 ὃτιΕί

516 600 719 669 ἐχθροὶ
744 600 914 665 ὄντες
936 599 1401 668 κατηλλάγημεν
1421 598 1500 664 τῷ
1531 597 1653 663 Θεῷ
1677 599 1775 653 διὰ
1794 598 1900 652 τοῦ
1929 597 2108 653 θανά-

515 700 626 736 του
653 683 760 736 τοῦ
794 683 932 736 Υίοῦ
961 684 1171 747 αὐτοῦ,
1199 682 1411 748 πολλῷ
1440 681 1684 752 μᾶλλον
1704 682 2111 751 καταλλαγέν-

516 781 618 830 τες
646 767 1061 833 σωθησόμεθα.
1097 768 1211 820 Καὶ
1247 767 1410 819 πάλιν
1433 765 1667 836 ἀλλαχοῦ
1692 783 1705 794 ·
1752 767 1860 831 ’ος
1903 783 1970 833 γε
2002 764 2110 817 τοῦ

517 847 672 901 ίῢίου
711 849 849 902 Υιοῦ
891 850 1004 901 οὐκ
1051 849 1358 917 ἐρείσατο,
1418 850 1556 904 ἀλλ’
1585 849 1736 916 ὑπὲρ
1766 847 1936 918 ἡμῶν
1961 849 2111 901 πάν-

1232 319 1293 370 5.
1327 318 1615 371 JOANNIS
1652 318 2006 370 (ZIIBYSUS'I
2019 319 2089 367 υι

2192 318 2502 370 AHLHIEP.
2543 318 3094 376 CONSTANTINOP.

2218 432 2382 502 μένου
2405 435 2684 504 ποιμένος.
2711 431 2847 489 Εἶτα
2875 437 2970 489 καὶ
2997 438 3096 508 τὴν
3139 440 3436 508 μέλλουσαν
3470 441 3648 496 αὐτῶν
3672 463 3796 517 προ-

2216 521 2492 585 αναφωνεῖ
2512 519 2825 588 συνάφειαν,
2847 521 2928 572 ὅτι
2948 522 3225 575 Ἔσονται
3239 524 3346 590 μία
3359 525 3601 594 ποίμνη.
3618 528 3795 600 Ὅπερ

2215 600 2311 652 καὶ
2345 602 2476 654 αὐτὸ
2524 602 2686 655 πάλιν
2722 613 2744 641 ε
2797 605 2825 654 6
2865 604 3073 668 Παῦλος
3114 606 3382 676 ἐδήλωσεν
3420 608 3589 662 εἰπών
3613 626 3626 639 ⁸
3669 613 3797 666 Ἵνα

2212 683 2355 748 τοὺς
2386 683 2496 737 δύο
2527 686 2706 752 κτίσῃ
2743 687 2812 738 ἐν
2837 685 3027 750 ἐαυτῷ
3065 691 3153 753 είς
3191 689 3300 743 ἕνα
3325 692 3534 744 καινὸν
3574 694 3793 762 ᾶνθρωρ

2212 783 2347 819 πον.
2377 770 2480 821 Διὰ
2524 769 2702 821 τοῦτὸ
2731 787 2807 837 με
2836 770 3036 838 ἀγαπᾷ
3071 775 3104 824 ό
3134 775 3337 841 Πατὴρ
3360 817 3375 838 ,
3407 777 3496 830 ὅτι
3543 779 3657 846 ἐγὼ
3679 780 3794 848 τὴν

2210 851 2425 918 ψυχήν
2461 869 2580 919 μου
2629 853 2824 920 τίθημι
2845 895 2860 916 ,
2895 854 2995 906 ἵνα
3023 855 3208 908 πάλιν
3238 858 3400 911 λάϐω
3438 861 3649 927 αὐτήν.
3682 865 3793 921 Καὶ

515 946 634 982 των
648 929 992 997 παρέδωκεν
1016 932 1204 984 αὑτὸν
1230 943 1280 996 ι,
1318 931 1444 996 πῶς
1492 934 1628 1001 οὐχὶ
1687 932 1809 984 σὺν
1850 931 2012 996 αὐτῷ
2036 931 2113 984 τὰ
2210 934 2262 985 τί
2284 934 2378 986 τοῦ
2411 937 2654 1003 ῥήματος
2683 935 2874 990 τούτου
2904 941 3285 1010 ταπεινότερον
3311 943 3505 1008 γένοιτ’
3529 943 3615 1006 ἂν,
3650 948 3787 1015 εἴγε

512 1016 710 1069 πάντα
728 1016 875 1086 ἡμῖν
901 1019 1189 1086 χαριεῖται
1217 1035 1236 1083 ;
1281 1019 1443 1072 Ἀλλά
1469 1019 1615 1082 τίνος
1660 1021 1844 1072 ἕνεκεν
1883 1019 1983 1072 οὐκ
2016 1022 2108 1087 ἐγ-

513 1099 772 1154 καλοῦσιν
803 1101 952 1170 αὖτῷ
1004 1101 1122 1165 νῦν,
1152 1101 1187 1156 ἀ
1223 1103 1316 1155 καί
1352 1105 1639 1173 πρότερον,
1694 1103 1944 1169 λέγοντες
1967 1118 1979 1130 ·
2021 1103 2106 1156 Σὺ

511 1185 644 1252 ,περὶ
695 1186 960 1240 σεαυτοῦ
999 1189 1344 1255 μαρτυρεῖς,
1394 1190 1432 1254 ὴ
1477 1189 1775 1256 μαρτυρία
1832 1203 1948 1239 σου
1991 1190 2104 1241 οὐκ

509 1268 684 1320 ἐστιν
719 1268 990 1335 ἁληθής;
1021 1270 1146 1322 Ὀτι
1183 1270 1444 1333 πολλάκις
1475 1271 1839 1339 ἐπεστόμισεν
1874 1271 2102 1332 αὐτοὺς,

511 1357 604 1409 καὶ
624 1355 826 1409 πλείων
845 1359 877 1426 ἡ
905 1359 1189 1428 παρρησία
1211 1359 1348 1428 πρὸς
1369 1359 1567 1421 αὐτοὺς
1593 1358 1700 1411 ἀπὸ
1725 1359 1833 1410 τῶν
1859 1359 2103 1429 σημείων

510 1439 744 1506 ἐγένετο.
783 1437 933 1502 Εἶτα,
963 1442 1150 1512 ἐπειδὴ
1194 1437 1346 1496 εἶπεν
1385 1443 1664 1514 ἀνωτέρω.
1699 1443 1809 1496 Καὶ
1849 1443 1921 1496 τὰ
1960 1446 2102 1510 πρό-

509 1523 656 1575 ϐατα
700 1523 809 1590 τῆς
837 1522 1045 1592 φωνῆς
1108 1524 1294 1578 αὑτοῦ
1343 1526 1570 1587 ἀκούει,
1628 1526 1726 1579 καὶ
1780 1526 2104 1579 ἀκολουθεῖ

507 1607 689 1672 αὐτῷ,
740 1609 828 1660 ῖνα
865 1609 939 1678 μή
985 1626 1072 1671 τις
1132 1609 1298 1680 εἴπῃ·
1338 1611 1398 1663 Τί
1447 1605 1562 1662 οὖν
1599 1609 1751 1676 πρὸς
1808 1609 1951 1674 τοὺς
2011 1609 2098 1678 μὴ

508 1693 1004 1758 ,πιστεύσαντας;
1063 1693 1298 1745 ἄκουσον
1341 1692 1396 1745 τί
1445 1694 1724 1763 ἐπήγαγε·
1761 1693 1871 1747 Καὶ
1931 1692 2100 1761 τινώ-

507 1791 636 1828 σκω
655 1776 727 1828 τὰ
747 1776 879 1843 ἐμὰ,
904 1776 1004 1829 καὶ
1029 1777 1394 1845 τινώσκομαι
1425 1778 1540 1831 ὑπὸ
1570 1775 1686 1829 τῶν
1713 1776 1892 1845 ἐμῶν.
1920 1777 2098 1847 Ὅπερ

506 1859 604 1911 καὶ
626 1863 654 1911 6
677 1859 884 1922 Παῦλος
909 1859 1106 1930 δηλῶν,
1152 1861 1338 1928 ἔλεγεν
1364 1877 1377 1890 ·
1415 1864 1536 1915 Οὐκ
1577 1861 1862 1915 ἀπώσατο
1888 1865 1921 1915 ό
1953 1864 2099 1927 Θεὸς

513 1940 615 1991 τόν
636 1941 792 1993 λαὸν
811 1942 998 1995 αὑτοῦ
1019 1943 1092 1995 ὃν
1107 1943 1378 2012 προέγνω
1400 1960 1412 1972 ’
1448 1946 1539 1997 καὶ
1563 1948 1590 1998 ὁ
1608 1946 1870 2013 Μωῦσῆς,
1904 1947 2098 2013 Ἔγνω

509 2023 722 2090 Κύριος
752 2025 893 2090 τοὺς
921 2026 1100 2092 ὄντας
1143 2028 1330 2081 αὑτοῦ
1352 2045 1366 2058 ·
1401 2030 1645 2092 ἐκείνους
1696 2029 1861 2096 λέγω,
1906 2031 2090 2097 φησὶν.

506 2105 600 2168 οὓς
651 2108 954 2178 προέγνων.
995 2105 1153 2174 Εἶτα,
1205 2112 1292 2164 ἵνα
1347 2114 1421 2182 μὴ
1462 2113 1560 2182 τῆς
1598 2113 1855 2180 γνώσεως
1884 2112 1998 2164 ἴσον
2032 2113 2094 2165 τὸ

507 2189 710 2258 μέτρον
752 2192 1004 2263 νομίσῃς,
1051 2193 1287 2247 ἄκουσον
1334 2195 1452 2258 πῶς
1502 2195 1811 2266 διορθοῦται
1858 2195 1992 2248 αὐτὸ
2027 2199 2091 2267 τῇ

504 2275 796 2344 ἐπαγωγῇ·
829 2276 1119 2330 Γινώσκω
1149 2279 1224 2332 τὰ
1245 2279 1377 2346 ἐμὰ,
1407 2281 1563 2349 φησὶ,
1597 2280 1695 2332 καὶ
1730 2279 2093 2348 γινώσκομαι

502 2358 621 2411 ὑπὸ
653 2357 772 2411 τῶν
792 2359 973 2429 ἐμῶν.
1021 2363 1162 2414 Ἀλλ’
1210 2365 1311 2415 οὐκ
1358 2365 1505 2435 ίσηὴ
1540 2365 1740 2432 γνῶσις
1761 2381 1774 2393 ·
1811 2366 1946 2418 ἀλλά
1985 2367 2089 2418 ποῦ

504 2441 631 2512 tam;
680 2443 802 2496 Ἐπὶ
829 2443 924 2495 τοῦ
955 2445 1168 2516 Πατρὸς
1202 2447 1297 2498 καὶ
1325 2448 1483 2516 ἐμοῦ.
1534 2450 1681 2502 Ἐκεῖ
1711 2450 1838 2518 γάρ,
1884 2451 2093 2516 Καθὼς

499 2525 780 2595 γινώσκει
801 2545 879 2596 με
912 2532 945 2582 d
985 2532 1212 2598 Πατὴρ,
1262 2532 1425 2600 κάς-ὼ
1451 2533 1728 2601 γινώσκω
1761 2536 1867 2586 τὸν
1899 2536 2083 2587 Πατέ-

500 2625 596 2673 ρα.
639 2611 795 2665 Ἐπεὶ
829 2613 878 2664 εί
914 2612 989 2682 μὴ
1015 2615 1176 2666 τοῦτο
1201 2614 1455 2668 ἐϐούλετο
1483 2618 1917 2683 κατασκευάσαι,
1944 2619 2090 2682 τίνος

500 2692 689 2746 ἕνεκεν
716 2694 850 2747 αύτὸ
876 2697 1193 2764 ἐπήγαγεν;
1238 2698 1459 2769 Ἐπειδὴ
1514 2700 1622 2771 γάρ
1652 2701 1923 2771 πολλαχοῦ
1965 2703 2090 2754 ἐαυ-

498 2775 591 2829 τὸν
612 2776 825 2847 τίθησιν
846 2780 903 2830 ἐν
925 2781 1076 2846 τάξει
1124 2781 1234 2834 τῶν
1277 2783 1510 2847 πολλῶν,
1545 2784 1632 2836 ἵνα
1669 2786 1742 2853 μή
1779 2803 1862 2847 τις
1893 2787 2090 2859 νομίσῃ

499 2858 582 2912 ὃτι
611 2860 687 2922 ὡς
716 2860 1009 2931 ἄνθρωπος
1036 2863 1210 2926 οὕτως
1231 2863 1550 2932 ἐγίνωσκεν,
1576 2867 1823 2936 ἐπήγαγε
1846 2884 1859 2895 ·
1884 2858 2090 2935 Καθὼς·

498 2943 778 3010 γινώσκει
799 2962 877 3013 με
896 2949 926 2998 ό
956 2946 1180 3013 Πατὴρ,
1217 2948 1379 3016 κάγὼ
1407 2948 1681 3016 γινώσκω
1705 2952 1813 3002 τὸν
1835 2952 2084 3017 Πατέρα.

497 3027 688 3090 Οὕτως
742 3029 987 3100 ἀκριϐῶς
1047 3031 1212 3084 αὐτὸν
1259 3030 1409 3103 [353]
1451 3034 1772 3103 ἐπίσταμαι,
1820 3035 1896 3097 ὡς
1925 3037 2088 3100 αὐτὸς

497 3112 618 3180 ἐμέ.
671 3113 770 3165 Διὶ
816 3113 975 3167 τοῦτο
1009 3116 1103 3168 καὶ
1132 3117 1352 3184 ἔλεγεν⁸
1405 3118 1617 3184 Οὐδεὶς
1663 3120 1943 3188 γινώσκει
1980 3121 2090 3175 τὸν

498 3196 652 3260 nor,
687 3198 738 3249 εὶ
763 3197 850 3264 μὴ
885 3201 917 3251 d
944 3198 1168 3266 Πατὴρ,
1223 3199 1324 3253 καὶ
1374 3204 1484 3253 τὸν
1537 3205 1791 3269 Πατέρα,
1839 3205 1890 3256 ει
1936 3203 2024 3271 μὴ
2055 3207 2088 3258 ὁ

496 3277 648 3342 Υἱὸς,
682 3282 1096 3352 κεχωρισμένην
1123 3282 1247 3335 τινὰ
1274 3283 1477 3350 γνῶσιν
1519 3283 1714 3352 λέγων,
1764 3286 1859 3338 καὶ
1903 3287 2088 3340 τοιαύ-

495 3379 618 3434 την,
676 3366 795 3418 οἵαν
840 3368 1014 3430 οὐδεὶς
1069 3369 1256 3440 ἕτερος
1307 3369 1533 3422 δύναται
1588 3374 1756 3440 σχεῖν.
1817 3371 1959 3440 Ἐγὼ
1998 3373 2086 3424 τίη

494 3449 634 3514 θημι
654 3446 768 3514 τὴν
795 3450 1007 3516 ψυχήν
1037 3469 1171 3518 μου.
1217 3452 1466 3523 Συνεχῶς
1500 3453 1658 3506 τοῦτο
1698 3455 1868 3522 λέγει,
1911 3455 2087 3526 δηλῶν

495 3531 575 3585 ὅτι
603 3533 703 3585 οὐκ
737 3533 850 3585 ἔστι
885 3535 1104 3598 πλάνος.
1137 3537 1290 3590 Ἐπεὶ
1322 3540 1416 3590 καὶ
1448 3541 1477 3590 6
1506 3538 1846 3603 Ἀπόστολος,
1865 3540 1954 3593 ὅτε
1984 3541 2085 3592 αύ-

493 3613 583 3666 τὸν
599 3614 626 3652 δ
641 3615 890 3669 ἐϐούλετο
907 3617 1074 3681 δεῖξαι
1093 3621 1314 3689 γνήσιον
1335 3620 1464 3672 ὅντα
1484 3622 1823 3677 διδάσκαλον.
1840 3624 1932 3676 καὶ
1947 3625 2084 3693 πρὸς

493 3699 620 3761 τοὺς
652 3699 1119 3768 ψευδαποστόλους
1152 3705 1631 3776 ἀντιπαρεξήγαγε
1654 3707 1745 3758 τὸν
1774 3707 1952 3774 λόγον,
1978 3708 2086 3762 ἀπὸ

492 3782 604 3833 τῶν
640 3783 902 3838 κινδύνων
942 3787 1037 3839 καὶ
1065 3786 1176 3839 τῶν
1205 3786 1448 3841 θανάτων
1479 3790 1671 3842 ἑαυτὸν
1701 3791 1982 3861 συνίστησι
2005 3790 2089 3843 λέ-

492 3880 605 3928 γων
631 3881 644 3895 ·
700 3867 802 3918 Ἐν
830 3868 1090 3936 πληγαῖς
1129 3872 1627 3937 ὑπερϐαλλόντως
1649 3915 1664 3938 ,
1708 3873 1779 3924 ἑν
1807 3873 2086 3939 θανάτοις

491 3948 807 4015 πολλάκις.
831 3952 904 4003 Τὸ
930 3953 1150 4024 μὲνγὰρ
1167 3954 1365 4023 λέγειν,
1391 3957 1474 4008 ὅτι
1495 3955 1622 4023 Φῶς
1649 3959 1786 4023 εἰμι,
1812 3961 1928 4018 καὶ,
1952 3963 2000 4012 Ζ
2003 3959 2083 4027 uni

490 4033 630 4101 ειμι,
660 4034 832 4086 ἐδόκει
863 4031 1000 4088 εἶναι
1020 4037 1188 4104 τύφου
1219 4041 1367 4109 παρά
1395 4044 1507 4104 τοῖς
1538 4043 1784 4110 ἀνοήτοις
1808 4062 1818 4072 ·
1839 4045 1900 4096 τὸ
1928 4044 2086 4097 δὲλέ-

490 4131 630 4182 γειν,
659 4117 976 4172 Ἀποθανεῖν
1003 4118 1554 4193 βούλομαι,ούδεμίαν
1587 4125 1882 4194 βασκανίαν
1915 4122 2081 4196 εἶχεν,

489 4197 612 4250 οὐδὲ
645 4199 858 4267 φθόνον.
880 4201 982 4254 Διὰ
1009 4202 1168 4256 τοῦτο
1197 4205 1318 4256 οῦδέ
1341 4206 1589 4273 λέγουσιν
1621 4207 1770 4278 αὐτῷ
1793 4227 1806 4240 ·
1837 4210 1921 4262 Σὺ
1937 4228 2085 4278 μαρ-

490 4282 688 4348 τυρεῖς
717 4285 849 4351 περὶ
883 4286 1146 4340 σεαυτοῦ
1175 4302 1190 4316 ⁸
1223 4290 1260 4355 ἡ
1293 4290 1589 4358 μαρτυρία
1621 4307 1736 4345 σου
1773 4294 1884 4345 οὐκ
1912 4294 2086 4348 ἐστιν

489 4364 742 4432 ἀληθής.
775 4367 978 4439 Πολλὴν
1027 4371 1137 4440 γάρ
1183 4370 1393 4423 ἐδείκνυ
1435 4373 1496 4425 τὸ
1546 4373 1697 4442 ῥῆμα
1734 4376 2080 4445 κηδεμονίαν,

489 4448 543 4501 εί
567 4465 631 4515 γε
658 4450 796 4519 ὑπὲρ
825 4451 935 4505 τῶν
962 4453 1287 4518 λιθαζόντων
1319 4456 1570 4510 ἐϐούλετο
1591 4460 1778 4512 ἑαυτὸν
1811 4461 2078 4514 ἐκδοῦναι.

563 4532 629 4602 β’.
657 4535 758 4587 Διά
777 4536 937 4589 τοῦτο
969 4539 1062 4589 καὶ
1086 4539 1358 4608 εὐκαίρως
1386 4540 1477 4592 τὸν
1505 4543 1631 4611 περὶ
1651 4542 1757 4595 τῶν
1786 4543 1954 4596 ἐθνῶν
1971 4547 2083 4596 εἰσ-

489 4613 613 4697 άγει
635 4615 813 4685 λόγον.
833 4620 938 4673 Καὶ
973 4621 1080 4689 γὰρ
1106 4621 1202 4673 καὶ
1235 4622 1396 4674 ἄλλα
1428 4626 1693 4690 πρόϐατα
1723 4627 1861 4694 ἔχω,
1894 4631 2080 4697 φησὶν,

490 4695 531 4750 ἂ
558 4701 668 4752 οὐκ
699 4700 871 4754 ἔστιν
921 4703 988 4754 ἐκ
1041 4702 1146 4770 τῆς
1177 4705 1374 4773 αὐλῆς
1433 4709 1649 4775 ταύτης
1675 4725 1688 4737 ·
1725 4695 1971 4763 κάκεῖνά
2003 4729 2080 4779 με

488 4779 585 4832 δεῖ
603 4781 867 4852 ἀγαγεῖν.
907 4786 1038 4838 Ἰδοὺ
1083 4787 1244 4840 πάλιν
1291 4789 1385 4852 τὸ,
1438 4791 1566 4850 Δεῖ,
1611 4793 1763 4862 ῥῆμα
1806 4795 2076 4863 κείμενον,

488 4865 589 4918 ούκ
617 4867 860 4938 ἀνάγκης
908 4871 1090 4931 ἐστὶν,
1139 4872 1272 4924 ἀλλὰ
1305 4873 1398 4925 τοῦ
1433 4875 1651 4938 πάντως
1681 4877 1938 4946 ἐσομένου
1985 4880 2075 4949 δη-

489 4949 717 5003 λωτικόν
743 4968 756 4981 ⁸
790 4955 990 5006 ὡσανεὶ
1024 4956 1177 5022 ἔλεγε
1205 4973 1217 4984 ·
1262 4957 1327 5008 Τί
1357 4957 1666 5028 θαυμάζετε
1688 5002 1702 5021 ,
1733 4963 1781 5012 εἰ
1810 4955 1956 5014 οὗτοί
1986 4980 2075 5032 μοι

493 5034 780 5104 μέλλουσιν
806 5037 1032 5090 ’έπεσθαι
1055 5079 1069 5102 ,
1109 5041 1202 5092 καὶ
1239 5041 1308 5094 τὰ
1339 5042 1588 5112 πρόϐατα
1632 5045 1731 5113 τῆς
1759 5047 1943 5116 φωνῆς
1975 5063 2076 5115 μου

489 5117 748 5183 ἀκούειν;
793 5121 958 5172 Ὅταν
997 5125 1105 5194 γὰρ
1137 5124 1230 5176 καὶ
1263 5123 1398 5176 ἄλλα
1429 5125 1575 5195 ἴδητέ
1607 5144 1696 5195 μοι
1721 5128 2078 5181 ἀκολουθοῦν-

487 5219 575 5262 τα,
609 5204 703 5255 καὶ
728 5203 828 5272 τῆς
857 5206 1040 5276 φωνῆς
1069 5224 1170 5276 μου
1196 5206 1481 5270 ἀκούοντα,
1516 5209 1633 5262 τότε
1663 5210 2076 5281 ἐκπλαγήσεσθε

491 5287 773 5356 μειζόνως.
817 5291 879 5342 Εἰ
912 5289 969 5342 δὲ
1003 5290 1172 5358 λέγει,
1214 5293 1283 5346 Ἀ
1310 5294 1420 5344 οὐκ
1443 5292 1616 5345 ἔστιν
1633 5294 1702 5345 ἐκ
1726 5293 1837 5361 τῆς
1877 5294 2074 5362 αὐλῆς

488 5372 741 5437 ταύτης,
775 5372 850 5443 μὴ
898 5372 1224 5444 θορυϐηθῇς.
1263 5375 1326 5426 Ἠ
1359 5375 1468 5444 γὰρ
1521 5377 1751 5444 διαφορὰ
1806 5378 1934 5448 περὶ¹
1983 5377 2074 5430 τὸν

487 5454 651 5522 νόμον
693 5457 886 5524 μόνον,
918 5457 1171 5529 καθάπερ
1218 5458 1312 5511 καὶ
1352 5459 1380 5510 6
1422 5460 1632 5522 Παῦλος
1682 5479 1878 5530 φησιν·
1926 5465 2074 5515 Οὔτε

487 5539 771 5609 περιτομή
810 5558 864 5594 τι
918 5544 1116 5611 ίσχύει
1140 5585 1155 5609 ,
1211 5544 1349 5597 οὔτε
1389 5545 1774 5613 ἀκροϐυστία.
1814 5548 2073 5602 Κάκεῖνά

483 5636 560 5686 με
595 5621 691 5675 δεῖ
715 5623 980 5692 ἀγαγεῖν.
1012 5626 1292 5680 Δείκνυσιν
1324 5627 1670 5699 ἀμφοτέρους
1702 5630 2068 5701 ἐσκορπισμέ-

489 5720 608 5766 νους
658 5707 752 5758 καὶ
805 5710 1176 5777 μεμιγμένους
1213 5712 1307 5763 καὶ
1357 5713 1621 5781 ποιμένας
1671 5715 1773 5766 ούκ
1828 5714 2069 5784 ἔχοντας,

489 5787 774 5851 κάκείνους
813 5792 908 5843 καὶ
951 5791 1176 5855 τούτους
1201 5834 1216 5858 ,
1255 5791 1410 5846 οὔπω
1440 5793 1534 5847 τοῦ
1568 5796 1731 5848 καλοῦ
1764 5814 2072 5868 παραγενοσ

553 5902 579 5974 ξ
599 5901 717 5974 Ηιξο
734 5904 1132 5974 amputng
1154 5925 1206 5955 π.
1233 5926 1284 5974 τι.
1319 5909 1479 5974 αὐτόν,
1506 5910 1686 5974 desunt
1707 5912 1756 5962 in
1781 5913 2069 5974 quibusdam

493 5973 610 6013 mss.
674 5963 704 6004 δ
738 5964 887 6014 Savil.
915 5963 1053 6019 υὺιειὶ
1093 5972 1357 6023 legendum
1388 5963 1572 6020 ἑαυτὸν.

2207 1017 2273 1069 δι’
2308 1020 2454 1087 ἡμεῖς
2483 1020 2513 1070 ὁ
2549 1020 2824 1089 Λεπτῆς
2866 1023 3183 1087 ἀγαπᾶσθαι
3217 1025 3398 1092 μέλλει
3434 1027 3463 1079 6
3496 1029 3785 1101 ἡμέτερος,

2208 1102 2396 1173 ἐπειδὴ
2436 1103 2578 1173 ὑπὲρ
2619 1104 2779 1176 ἡμῶν
2812 1106 3181 1177 ἀποθνήσκεις
3216 1111 3280 1162 Τί
3326 1109 3453 1174 οὖν,
3500 1115 3621 1166 εἰπέ
3657 1132 3790 1184 μοι;

2206 1186 2298 1237 τὸν
2348 1186 2655 1256 ἔμπροσθεν
2687 1189 2878 1257 χρόνον
2908 1190 3006 1242 ούκ
3050 1193 3304 1258 ἠγαπᾶτο
3328 1232 3341 1253 ,
3374 1194 3510 1247 ἀλλά
3542 1196 3638 1248 νῦν
3688 1201 3790 1268 τῆς

2205 1270 2428 1340 ἀγάπης
2454 1273 2655 1342 ἤρξατο
2696 1275 2724 1324 ὀ
2767 1272 2957 1342 Πατὴρ
2980 1313 2994 1335 ,
3027 1275 3121 1326 καὶ
3161 1278 3322 1345 ἡμεῖς
3355 1279 3655 1349 γεγόναμεν
3685 1282 3792 1352 τῆς,

2205 1354 2425 1424 ἀγάπης
2467 1355 2616 1425 αὐτῷ
2650 1355 2856 1420 afuat;
2901 1357 3063 1425 Ὁρᾷς
3107 1357 3224 1420 πῶς
3256 1358 3516 1429 κέχρηται
3557 1366 3622 1433 τῇ
3657 1381 3788 1434 συγ-

2205 1439 2536 1503 καταϐάσει;
2593 1437 2656 1490 Τί
2682 1434 2776 1490 οὖν
2806 1438 3042 1491 ἐνταῦθα
3067 1442 3472 1496 κατασκευάσαι
3503 1443 3743 1514 βούλεται
3768 1466 3790 1514 ;_

2217 1521 2434 1591 Ἐπειδὴ
2458 1523 2735 1592 ἀλλότριον
2766 1523 2925 1575 αὑτὸν
2954 1523 3137 1592 ἔλεγον
3165 1523 3259 1576 τοῦ
3287 1527 3497 1596 Πατρός
3531 1530 3624 1580 καὶ
3647 1531 3784 1583 πλά-

2202 1621 2292 1655 νον
2311 1647 2325 1667 ,
2355 1607 2448 1658 καὶ
2485 1607 2575 1657 ἐπὶ
2600 1605 2748 1676 λύμῃ
2776 1606 2932 1674 ἥκειν
2966 1607 3125 1658 αὑτὸν
3155 1607 3248 1659 καὶ
3276 1610 3521 1681 ἀπωλείᾳ
3545 1652 3560 1674 ,
3589 1611 3736 1681 λέγει
3767 1630 3782 1642 '

2201 1687 2312 1739 Καὶ
2342 1690 2389 1740 εί
2425 1689 2590 1758 μηδὲν
2621 1689 2766 1750 ἄλλο,
2800 1687 2961 1742 τοῦτο
3017 1688 3149 1756 γοῦν
3184 1708 3252 1759 με
3303 1691 3516 1746 ἔπειθεν
3564 1697 3784 1765 ἀγαπᾷν

2201 1771 2376 1838 ὑμᾶς,
2401 1772 2461 1823 τὸ
2490 1773 2636 1825 οὓτω
2664 1775 2692 1825 ύ
2702 1774 2806 1843 μᾶς
2829 1774 3144 1840 ἀγαπᾶσθαι
3175 1775 3322 1845 παρά
3347 1777 3441 1830 τοῦ
3477 1778 3687 1848 Πατρὸς
3708 1782 3790 1848 ὼς

2199 1854 2298 1922 ἐμέ
2321 1873 2332 1884 ·
2385 1857 2480 1907 καὶ
2531 1856 2618 1909 διὰ
2646 1855 2801 1908 τοῦτο
2846 1855 3162 1923 ἀγαπᾶσθαι
3193 1857 3323 1927 παρ’
3353 1860 3516 1913 αὐτοῦ
3539 1902 3554 1925 ,
3596 1864 3782 1933 ἐπειδὴ

2199 1939 2340 2008 ὑπὲρ
2391 1939 2546 2009 ὑμῶν
2603 1941 2951 2010 ἀποθνήσκω.
2995 1941 3104 1992 Καὶ
3151 1943 3287 2011 μετά
3341 1944 3531 1997 τούτου
3587 1945 3645 2000 δὲ
3690 1949 3786 2000 καὶ

2197 2025 2375 2076 ἐκεῖνο
2412 2025 2823 2080 κατασκευάσαι
2866 2025 3113 2095 βούλεται
3141 2067 3156 2089 ,
3189 2028 3271 2080 ὅτι
3297 2045 3356 2079 τε
3385 2029 3484 2081 οὐκ
3517 2029 3665 2084 ἄκων
3691 2033 3784 2087 ἐπὶ

2196 2106 2258 2159 τὸ
2288 2109 2517 2178 πρᾶγμα
2550 2108 2766 2179 ἔρχεται
2810 2112 2828 2169 (
2844 2110 2892 2161 εἰ
2926 2109 3035 2178 γάρ
3094 2109 3244 2163 ἄκων
3270 2151 3285 2174 ,
3321 2112 3438 2174 πῶς
3472 2114 3690 2183 ἀγάπης
3715 2111 3788 2185 ἦν

2196 2193 2477 2261 ποιητικὸν
2500 2194 2561 2245 τὸ
2591 2195 2873 2263 γινόμενον
2898 2194 2961 2261 ς),
2994 2195 3088 2248 καὶ
3111 2196 3193 2248 ὅτι
3224 2195 3316 2248 καὶ
3348 2195 3428 2265 τῷ
3451 2197 3626 2268 Πατρὶ
3658 2199 3779 2268 μεθ’

2198 2277 2504 2348 ὑπερϐολῆς
2558 2279 2714 2331 τοῦτο
2762 2278 2929 2332 δοκεῖ.
2965 2280 3026 2332 Εἰ
3059 2279 3115 2332 δὲ
3161 2279 3236 2342 ὼς
3290 2281 3575 2350 ἄνθρωπος
3621 2283 3785 2338 τοῦτο

2196 2359 2500 2427 διαλέγεται
2527 2360 2578 2424 ά,
2613 2361 2688 2432 μὴ
2723 2362 3016 2433 θαυμάσῃς
3036 2379 3048 2390 ·
3084 2363 3343 2428 πολλάκις
3376 2365 3485 2436 γάρ
3513 2367 3611 2438 τὴν
3639 2368 3789 2443 ὑπὲρ

2194 2443 2399 2496 τούτων
2426 2446 2728 2515 εἰρήκαμεν
2759 2447 2938 2498 αἰτίαν
2965 2487 2978 2505 .
3012 2448 3103 2499 καὶ
3135 2447 3297 2501 πάλιν
3335 2449 3406 2502 τὰ
3430 2450 3570 2504 αύτά
3599 2451 3793 2521 λέγειν¹

2196 2528 2449 2598 περιττὸν
2479 2529 2574 2582 καὶ
2600 2529 2855 2598 ἐπαχθές.
2887 2529 3036 2598 Ἐγὼ
3054 2532 3247 2600 τίθημι
3276 2533 3391 2599 τὴν
3409 2537 3620 2602 ψυχὴν
3635 2554 3776 2604 μου,

2195 2612 2294 2664 ἵνα
2308 2611 2494 2665 πάλιν
2681 2613 2842 2667 λάϐω
2854 2615 3066 2679 αὑτήν·
3085 2617 3181 2668 καὶ
3209 2617 3407 2683 οὐδεὶς
3419 2620 3566 2686 αἴρει
3583 2622 3784 2686 αὐτὴν

2192 2695 2293 2748 ἀπ’
2325 2695 2492 2764 ἐμοῦ.
2529 2696 2676 2761 Ἐγὼ
2695 2698 2888 2766 τίθημι
2915 2698 3110 2765 αὐτὴν
3136 2699 3237 2753 ἀπ’
3253 2701 3535 2769 ἐμαυτοῦ.
3573 2703 3773 2767 Ἐξου-

2192 2781 2336 2833 cim-
2361 2779 2478 2849 ἔχω
2495 2779 2679 2834 θεῖναι
2696 2780 2812 2847 τὴν
2829 2782 3038 2850 ψυχήν
3051 2787 3191 2850 μου,
3217 2785 3312 2838 καί
3343 2786 3633 2848 ἐξουσίαν
3657 2790 3776 2857 ἔχω

2189 2863 2397 2918 λαϐεῖν
2415 2864 2625 2928 αὑτήν.
2659 2865 2875 2936 Ἐπειδὴ
2892 2866 3002 2935 γὰρ
3023 2865 3282 2932 πολλάκις
3310 2869 3650 2923 ἐϐουλεύοντο
3679 2873 3776 2924 a13-

2189 2945 2280 2997 τὸν
2304 2947 2531 3007 ἀνελεῖν,
2563 2947 2731 3014 λέγει,
2757 2949 2837 3000 δτι
2864 2948 2956 3016 Μὴ
2989 2949 3309 3020 βουλομένου
3340 2951 3497 3022 ἐμοῦ,
3520 2953 3776 3022 ἀνόνητος

2191 3030 2319 3099 ὑμῖν
2347 3031 2493 3084 ἐστιν
2525 3033 2554 3084 ὁ
2580 3033 2741 3094 πόνος
2763 3049 2777 3062 ·
2813 3033 2906 3087 καὶ
2937 3035 3002 3086 ἐκ
3030 3033 3123 3086 τοῦ
3155 3034 3415 3105 προτέρου
3446 3036 3505 3089 τὺ
3525 3034 3783 3107 δεύτερον

2191 3114 2612 3180 κατασκευάζει,
2638 3115 2746 3168 ἀπὸ
2763 3114 2856 3168 τοῦ
2883 3114 3116 3169 θανάτου
3144 3115 3240 3187 τὴν
3268 3117 3584 3173 ἀνάστασιν.
3606 3119 3775 3174 Τοῦτο

2189 3198 2298 3266 γάρ
2323 3199 2438 3249 ἐστι
2457 3198 2517 3250 τὸ
2545 3198 2855 3267 θαυμαστὸν
2871 3200 2964 3252 καὶ
2987 3198 3310 3266 παράδοξον.
3339 3201 3451 3254 Καὶ
3471 3202 3576 3272 γάρ
3597 3202 3774 3270 ἀμφό-

2187 3295 2322 3348 τερα
2362 3281 2566 3344 καινῶς
2591 3281 2805 3348 γέγονε,
2828 3282 2922 3334 καὶ
2955 3283 3095 3352 ὑπὲρ
3125 3282 3223 3352 τὴν
3247 3282 3430 3353 κοινὴν
3468 3283 3769 3351 συνήθειαν.

2260 3364 2625 3434 Προσέχωμεν
2680 3365 2737 3416 δέ
2797 3365 2936 3433 μετά
2985 3364 3274 3436 ἀκριϐείας
3322 3365 3401 3436 τῷ
3456 3365 3769 3436 λεγομένῳ·

2201 3447 2528 3511 Ἐξουσίαν
2552 3449 2671 3517 ἔχω
2693 3447 2900 3511 θεῖναι,
2933 3449 3087 3518 φησὶ,
3113 3449 3227 3515 τὴν
3255 3448 3467 3518 ψυχήν
3486 3469 3626 3519 μου.
3662 3450 3777 3506 Καὶ.

2185 3531 2272 3594 τίς
2303 3531 2403 3583 οὐκ
2431 3531 2544 3600 ἔχει
2576 3531 2825 3596 ἐξουσίαν
2868 3532 3038 3585 θεῖναι
3069 3532 3168 3601 τὴν
3195 3532 3370 3603 ψυχὴν
3409 3534 3508 3604 τὴν
3534 3534 3767 3601 ἐαυτοῦς

2200 3616 2446 3686 Ἑκάστῳ
2496 3616 2605 3688 γὰρ
2655 3615 2964 3688 βουλομένῳ
3012 3617 3232 3672 δυνατὸν
3305 3618 3496 3672 ἐαυτὸν
3543 3619 3770 3674 ἀνελεῖν.

2201 3699 2340 3752 Ἀλλ’
2365 3701 2463 3770 οὐχ
2509 3700 2652 3752 οὕτω
2698 3701 2892 3770 φησιν’
2929 3700 3065 3754 ἀλλά
3110 3701 3268 3765 πῶς;
3303 3700 3489 3764 Οὕτως
3521 3703 3771 3767 ἐξουσίαν

2188 3782 2295 3852 εχω
2315 3783 2505 3846 θεῖναι,
2535 3784 2611 3844 ὡς
2637 3784 2840 3854 μηδένα
2866 3784 3161 3855 δυνηθῆναι
3195 3784 3420 3850 ἄκοντος
3452 3787 3588 3858 ἐμοῦ
3615 3788 3771 3842 τοῦτο

2189 3866 2454 3935 ποιῆσαιο
2490 3867 2626 3937 ὅπερ
2675 3867 2769 3918 ἐπὶ
2815 3867 3120 3938 ἀνθρώπων
3163 3869 3261 3922 οὐκ
3289 3868 3387 3923 ἔνι.
3427 3871 3620 3940 Ἡμεῖς
3663 3872 3772 3944 γὰρ

2187 3951 2289 4003 οὐκ
2313 3950 2508 4022 ἔχομεν
2533 3951 2784 4015 ἐξουσίαν
2817 3952 2992 4016 ἄλλως
3025 3953 3219 4018 θεῖναι,
3263 3952 3382 4005 ἀλλ’
3420 3954 3774 4024 ἀναιροῦντες

2187 4034 2436 4097 ἑαυτούς.
2463 4035 2526 4087 Εἰ
2549 4034 2607 4086 δὲ
2638 4035 3005 4104 ἐμπίπτοιμεν
3032 4037 3112 4098 είς
3133 4035 3585 4100 ἐπιϐουλεύοντάς
3616 4055 3771 4100 τινας

2188 4119 2282 4169 καὶ
2309 4118 2532 4188 κυρίους
2567 4117 2807 4180 ἀνελεῖν,
2855 4119 2956 4172 οὐκ
3004 4118 3086 4174 ἔτι
3125 4118 3321 4189 ἔχομεν
3371 4119 3619 4185 ἐξουσίαν
3673 4121 3769 4174 τοῦ

2188 4200 2359 4254 θεῖναι
2387 4204 2481 4254 καὶ
2522 4202 2618 4273 μὴ,
2649 4202 2785 4255 ἀλλὰ
2806 4205 2898 4256 καὶ
2919 4203 3162 4258 ἀκόντων
3188 4203 3344 4273 ἡμῶν
3367 4206 3562 4258 ἐκεῖνοι
3599 4206 3772 4278 αὐτὴν

2186 4285 2525 4356 ἀναιροῦσιν.
2597 4287 2713 4339 Ἐπ’
2780 4285 2944 4338 αὐτοῦ
3000 4285 3056 4338 δὲ
3109 4287 3207 4356 ούχ
3250 4285 3443 4352 οὕτως,
3485 4288 3620 4342 ἀλλά
3676 4290 3771 4342 καὶ

2186 4368 2389 4439 ἐτέρων
2427 4370 2885 4423 ἐπιϐουλευόντων
2927 4370 3113 4441 κύριος
3145 4367 3213 4442 ἦν
3263 4372 3426 4436 αὐτὸς
3471 4373 3546 4444 μὴ
3597 4372 3768 4428 θειναι

2185 4454 2373 4522 αὐτήν.
2399 4452 2582 4507 Εἰπὼν
2602 4450 2716 4517 οὖν,
2741 4455 2822 4507 ὅτι
2841 4453 3051 4518 Οὐδεὶς
3079 4454 3273 4522 αὐτὴν
3295 4455 3446 4524 αἴρει
3471 4456 3572 4511 ἀπ’
3596 4457 3764 4526 ἐμοῦ,

2183 4537 2303 4590 τότε
2334 4539 2612 4608 ἐπήγαγεν
2633 4555 2645 4566 ·
2691 4537 3017 4601 Ἐξουσίαν
3040 4537 3158 4606 ἐχω
3183 4537 3371 4592 θεῖναι
3402 4539 3517 4608 τὴν
3554 4540 3771 4609 ψυχήν

2180 4636 2332 4690 μου·
2380 4623 2676 4682 τουτέστιν,
2721 4619 2862 4687 Ἐγὼ
2910 4619 3071 4691 μόνος
3103 4622 3219 4691 είμὶ
3253 4619 3438 4690 κύριος
3463 4621 3555 4676 τοῦ
3595 4622 3764 4678 θεῖναι

2182 4704 2351 4774 αύτήν
2377 4721 2389 4733 ⁸
2420 4705 2557 4774 ὅπερ
2584 4705 2670 4773 ἐφ’
2702 4705 2856 4774 ὑμῶν
2897 4705 2997 4758 ούκ
3033 4704 3168 4758 ἐστι.
3201 4705 3312 4759 Καὶ
3352 4706 3460 4777 γὰρ
3489 4707 3584 4759 καὶ
3617 4706 3764 4762 ἄλλοι

2184 4787 2371 4838 πολλοὶ
2395 4787 2576 4855 κύριοί
2610 4791 2715 4840 είσι
2742 4788 2834 4841 τοῦ
2865 4787 3050 4841 λαϐεῖν
3076 4787 3244 4859 αὐτὴν
3268 4789 3362 4858 ἀφ’
3395 4789 3573 4859 ἡμῶν.
3604 4789 3764 4844 Ἀλλά

2180 4869 2339 4923 τοῦτο
2378 4873 2528 4941 παρὰ
2553 4871 2650 4941 τὴν
2685 4872 2859 4942 ἀρχὴν
2884 4873 2984 4926 οὑκ
3015 4868 3166 4928 εἶπεν
3185 4888 3199 4900 ·
3240 4869 3360 4929 οὐδὲ
3403 4872 3512 4944 γὰρ
3541 4872 3764 4944 ἔμελλεν

2181 4956 2209 5006 6
2229 4954 2387 5022 λόγος
2410 4954 2719 5018 ἀξιόπιστος
2763 4951 2921 5009 εἶναι’
2950 4955 3066 5010 ἀλλ’
3087 4957 3175 5010 ὅτε
3211 4958 3308 5026 τὴν
3341 4957 3449 5010 ἀπὸ
3476 4956 3586 5010 τῶν
3620 4973 3760 5026 πραι

2183 5039 2411 5108 γμάτων
2453 5039 2612 5091 ἔλαϐε
2661 5039 2989 5110 μαρτυρίαν,
3030 5040 3131 5094 καὶ
3157 5040 3415 5104 πολλάκις
3443 5042 3760 5095 ἐπιϐουλεύ-

2184 5139 2376 5186 σαντες
2407 5124 2507 5176 ούκ
2536 5124 2760 5193 ἴσχυσαν
2789 5123 2952 5176 αὑτὸν
2983 5128 3274 5194 κατασχεῖν
3304 5129 3322 5195 (
3346 5127 3440 5181 καὶ
3471 5125 3579 5196 γὰρ
3608 5126 3758 5196 ἐξῆλ-

2179 5205 2270 5258 θεν
2303 5207 2368 5259 ἐκ
2405 5205 2512 5259 τῶν
2562 5208 2762 5276 χειρῶν
2799 5206 2980 5259 αὐτῶν
3022 5207 3316 5277 μυριάκις)
3343 5223 3358 5237 ·
3405 5207 3525 5261 τότε
3577 5207 3758 5264 λοιπόν

2178 5307 2372 5360 φησιν,
2409 5288 2622 5356 Οὐδεὶς
2658 5292 2852 5356 αὐτὴν
2891 5289 3042 5356 αἴρει
3073 5291 3175 5344 ἀπ’
3209 5289 3374 5359 ἐμοῦ.
3412 5292 3474 5344 Et
3519 5291 3574 5345 δὲ
3600 5290 3756 5344 τοῦτο

2176 5372 2374 5443 ἀληθὲς
2393 5415 2409 5438 ,
2439 5374 2660 5426 κάκεῖνο
2700 5373 2890 5426 ἕπεται
2911 5413 2924 5435 ,
2956 5373 3016 5424 τὸ
3058 5373 3252 5428 ἑκόντα
3297 5375 3388 5428 ἐπὶ
3419 5374 3577 5430 τοῦτο
3606 5375 3754 5445 ἔρχε-

2179 5457 2322 5512 σθαι.
2351 5457 2553 5510 Τούτου
2583 5457 2638 5509 δὲ
2671 5457 2822 5518 ὄντος
2861 5455 3122 5523 ἀληθοῦς,
3173 5458 3392 5512 κάκεῖνο
3435 5459 3749 5528 συνέστηκε,

2174 5541 2234 5595 τὸ
2263 5543 2426 5611 ἡνίκα
2452 5542 2518 5596 ἂν
2551 5541 2784 5612 βουληθῇ
2807 5541 2991 5593 λαϐεῖν
3019 5542 3208 5612 αὐτὴν,
3244 5541 3538 5611 δυνηθῆναι
3568 5543 3748 5594 πάλιν.

2176 5626 2240 5680 EE
2267 5625 2375 5697 γὰρ
2417 5626 2477 5678 τὸ
2520 5626 2809 5680 ἀποθανεῖν
2853 5625 3036 5695 μεῖζον
3078 5627 3110 5694 ἦ
3167 5625 3309 5680 κατὰ
3350 5625 3636 5696 ἄνθρωπον
3664 5621 3751 5695 ἦν,

2177 5708 2310 5779 μηδέ
2355 5710 2482 5780 περὶ
2516 5708 2725 5762 ἐκείνου
2755 5709 2938 5761 λοιπὴν
2973 5708 3300 5779 ἀμφίϐαλλε.
3339 5709 3412 5760 Τὸ
3454 5709 3562 5778 γὰρ
3594 5709 3756 5762 αὑτὸν

2175 5793 2335 5861 μόνον
2365 5787 2503 5844 εἶναι
2533 5791 2723 5861 κύριον
2749 5790 2843 5844 τοῦ
2870 5793 2970 5862 τὴν
3019 5792 3196 5862 ψυχὴν
3229 5795 3465 5860 ἀφεῖναι,
3513 5791 3750 5845 δείκνυσι

2173 5877 2267 5928 καὶ
2302 5874 2395 5927 τοῦ
2433 5873 2619 5926 λαϐεῖν
2652 5874 2821 5944 αὐτὴν
2871 5875 3059 5946 κύριον
3098 5875 3228 5928 ὄντα
3271 5876 3380 5928 ἀπὸ
3429 5875 3531 5945 τῆς
3583 5875 3748 5943 αὐτῆς

2235 5976 2257 6006 ο
2294 5972 2389 6024 Alii
2426 5975 2504 6021 καὶ
2532 5975 2670 6030 αὐτὸς
2693 5976 2850 6024 πάλιν.
2919 5973 2947 6015 d
2972 5974 3176 6035 Quidm
3199 5976 3437 6039 ἄνθρωπος
3452 5974 3604 6026 ταῦτα
3623 5977 3741 6024 δια).
