4084 6360
348 337 451 395 329

350 451 673 511 credentes?
706 448 829 506 audi
852 446 978 520 quid
1005 446 1165 502 addat
1194 462 1206 501 :
1235 446 1304 499 Et
1339 462 1582 517 cognosco
1611 462 1724 499 oves
1750 461 1883 499 meas
1906 487 1920 508 ,

351 557 397 601 et
427 551 728 615 cognoscunt
755 558 833 596 me
860 555 1001 594 mete.
1042 538 1194 607 Quod
1235 548 1289 592 et
1329 538 1522 592 Paulus
1562 537 1879 607 signiﬁcavit
1910 555 1921 590 :

353 637 476 691 Non
514 636 702 705 repulit
746 633 885 688 Deus
929 632 1172 703 papulum
1216 644 1360 684 suum
1401 647 1546 699 quem
1587 631 1926 701 praecognovit

354 726 531 798 (Rom.
562 728 649 781 il.
680 725 769 796 l);
799 734 853 779 et
881 724 1088 794 Moyses
1118 739 1132 776 :
1163 721 1403 792 Cognovit
1429 721 1675 775 Dominus
1700 723 1782 791 qui
1810 732 1925 774 sunt

347 820 458 889 ejus
480 817 556 884 (2.
587 814 718 870 Tim.
740 816 795 870 2.
825 813 916 883 l9)
942 832 954 868 :
977 815 1097 867 illos
1119 812 1257 874 dico,
1280 813 1478 877 inquit,
1501 826 1633 881 quos
1660 812 1919 881 praescivi.

351 908 553 963 Deinde
591 922 660 963 ne
698 921 881 977 parem
908 904 1226 975 cognitionis
1263 902 1477 957 modum
1516 911 1729 969 putares
1751 942 1767 967 ,
1799 901 1921 956 audi

350 999 615 1070 quomodo
638 998 766 1053 illud
796 1012 892 1068 per
914 996 1186 1067 sequentia
1205 994 1452 1064 corrigat.
1483 992 1737 1064 Cognosco
1763 1009 1917 1057 meas,

350 1093 554 1161 inquit,
582 1100 629 1145 et
665 1097 965 1161 cognoscunt
1000 1104 1078 1142 me
1113 1103 1253 1141 mete.
1297 1085 1402 1141 Sed
1444 1100 1552 1139 non
1589 1084 1804 1154 aequalis
1838 1092 1921 1139 est

344 1181 737 1252 cognitiozsed
776 1180 869 1234 ubi
912 1179 1129 1248 aequalis
1171 1178 1290 1231 est?
1322 1176 1377 1230 In
1420 1175 1577 1229 Patre
1621 1185 1678 1229 et
1705 1175 1756 1229 in
1787 1189 1915 1229 me:

347 1288 469 1328 nam
492 1273 639 1327 Sicut
659 1277 910 1343 cognoscit
930 1286 1008 1323 mc
1033 1268 1209 1335 Pater,
1234 1276 1279 1321 et
1303 1283 1393 1338 ego
1417 1281 1660 1338 cognosco
1688 1264 1914 1319 Patrem.

344 1364 455 1420 Nisi
489 1362 633 1418 enim
668 1365 769 1417 hoc
796 1362 1021 1431 probare
1050 1361 1339 1422 voluisset,
1371 1374 1467 1413 cur
1506 1357 1557 1412 id
1586 1356 1918 1412 addidisset?

345 1456 476 1525 Quia
502 1455 644 1511 enim
670 1469 728 1509 se
756 1454 1059 1523 frequenter
1087 1451 1139 1505 in
1170 1460 1484 1504 cancrorum
1509 1448 1697 1503 ordine
1726 1446 1913 1516 ponit,

344 1566 412 1605 ne
444 1549 564 1620 quis
602 1556 813 1618 putaret
849 1561 907 1601 se
947 1547 1019 1600 ita
1057 1558 1382 1613 cognoscere
1418 1541 1630 1597 Patrem
1661 1550 1718 1595 ut
1755 1540 1916 1594 homo

342 1642 648 1714 cognoscit,
674 1640 904 1695 subdidit
932 1655 945 1691 :
974 1638 1119 1693 Sicut
1154 1636 1406 1707 cognoscit
1431 1652 1511 1689 me
1544 1635 1719 1700 Pater,
1750 1643 1795 1687 et
1822 1649 1913 1703 ego

340 1750 584 1805 cognosco
611 1732 840 1787 Patrem.
866 1732 941 1786 Ita
963 1729 1199 1801 perfecte
1223 1730 1396 1797 ipsum
1422 1740 1701 1798 cognosco,
1724 1734 1780 1779 ut
1801 1725 1914 1794 ipse

339 1841 442 1880 me.
474 1825 596 1879 Ideo
622 1823 851 1883 dicebat,
886 1820 1049 1876 Nemo
1074 1819 1327 1891 cognoscit
1353 1817 1571 1880 Filium,
1605 1816 1703 1869 nisi
1732 1814 1908 1881 Pater,

336 1927 382 1969 et
408 1916 633 1981 Patrem,
655 1917 752 1970 nisi
772 1913 821 1967 F
822 1914 942 1968 ilius
962 1912 1109 1987 (Luc.
1135 1912 1226 1967 10.
1244 1909 1359 1981 22),
1385 1909 1704 1978 peculiarem
1724 1922 1910 1977 quam-

335 2008 453 2060 dam
477 2007 834 2076 cognitionem
867 2004 1126 2065 indicans,
1153 2011 1207 2055 et
1234 2001 1442 2071 qualem
1473 2013 1628 2053 nemo
1651 1998 1786 2052 alius
1814 2012 1910 2065 po-

333 2106 437 2153 test
458 2100 739 2168 attingere.
769 2096 881 2166 Ego
912 2112 1042 2166 pono
1066 2096 1289 2148 animam
1315 2108 1493 2146 meam.
1522 2090 1576 2145 Id
1608 2090 1908 2160 frequenter

328 2193 480 2257 dicit,
514 2207 573 2246 se
602 2206 706 2245 non
737 2190 1075 2259 deceptorem
1101 2202 1220 2241 esse
1244 2186 1539 2241 declarans.
1568 2183 1908 2251 Quandoqui-

326 2283 449 2337 dem
502 2282 774 2351 apostolus
810 2292 867 2335 ιιι
904 2296 963 2336 se
1000 2294 1183 2335 verum
1222 2279 1530 2348 magistrum
1560 2276 1900 2339 ostenderet,

328 2388 495 2443 seque
523 2372 670 2428 falsis
697 2371 952 2442 apostolis
980 2377 1292 2439 opponeret,
1321 2384 1386 2423 ex
1417 2367 1663 2436 periculis
1688 2376 1741 2421 et
1770 2382 1904 2421 mor-

326 2463 470 2517 tibus
489 2476 607 2518 sese
628 2461 966 2516 commendat
985 2461 1171 2516 dicens
1195 2475 1210 2513 :
1234 2458 1299 2512 In
1319 2458 1481 2529 plagis
1500 2473 1657 2527 supra
1676 2457 1899 2521 modum,

325 2555 377 2607 in
408 2553 647 2607 mortibus
668 2553 951 2624 frequenter
972 2552 1052 2623 (2.
1079 2551 1196 2606 Cor.
1227 2552 1311 2605 ll.
1343 2549 1456 2618 23).
1488 2548 1621 2602 Cum
1646 2548 1787 2602 enim
1812 2548 1900 2601 di-

322 2653 490 2710 ceret,
514 2645 641 2699 Sum
667 2644 775 2710 luat,
800 2644 926 2699 Sum
942 2644 1060 2711 vita,
1084 2659 1149 2698 ex
1166 2642 1302 2696 fastu
1329 2643 1469 2711 loqui
1490 2641 1626 2710 apud
1652 2640 1902 2709 insipien-

323 2746 406 2791 tes
433 2737 744 2804 videbatur;
772 2752 891 2792 cum
920 2751 1048 2792 vero
1078 2736 1284 2791 dicebat
1304 2777 1317 2800 ,
1349 2734 1481 2789 Mori
1511 2735 1633 2787 volo
1656 2775 1669 2799 ,
1698 2733 1897 2787 nullam

321 2829 423 2882 sibi
470 2829 720 2883 invidiam
766 2829 1022 2898 pariebat.
1066 2826 1191 2881 ldeo
1235 2826 1320 2881 hic
1364 2842 1469 2879 non
1501 2825 1683 2880 dicunt
1707 2825 1787 2889 ei,
1821 2823 1899 2878 Tu

322 2922 654 2979 testimonium
680 2921 904 2993 perhibes
924 2919 989 2979 de
1014 2920 1190 2995 teipso,
1216 2920 1546 2976 testimonium
1570 2929 1705 2971 tuum
1728 2934 1894 2971 verum

319 3030 420 3069 non
435 3024 527 3068 est.
544 3016 655 3070 lloc
666 3017 827 3071 verbo
844 3031 1086 3086 magnam
1103 3015 1393 3070 exhibebat
1407 3028 1607 3076 curam,
1626 3010 1671 3069 si
1684 3011 1893 3085 quidem

318 3118 417 3174 pro
445 3105 797 3174 lapidantibus
822 3107 1031 3160 volebat
1052 3121 1109 3159 se
1133 3104 1361 3159 tradere.

387 3194 444 3247 2.
491 3196 775 3265 Propterea
836 3196 903 3251 de
960 3196 1205 3264 gentibus
1251 3206 1549 3264 opportune
1588 3208 1892 3250 sermonem

318 3286 542 3340 inducit.
573 3286 663 3341 16.
700 3286 894 3340 Etenim
922 3286 1051 3339 alias
1078 3302 1191 3340 oves
1216 3285 1392 3352 habeo,
1436 3301 1549 3354 qua:
1572 3302 1673 3338 non
1696 3296 1811 3339 sunt
1832 3302 1895 3339 ea:

317 3377 412 3429 hoc
439 3378 556 3430 ovili
587 3393 607 3431 :
636 3388 681 3431 et
718 3377 836 3430 illas
860 3386 1054 3447 oportet
1083 3394 1161 3429 me
1184 3376 1455 3429 adducere.
1486 3376 1565 3429 En
1595 3390 1776 3429 rursus
1797 3392 1892 3430 vo-

314 3482 431 3521 cem
465 3466 673 3538 Oportet
700 3468 938 3533 adhibet,
965 3483 1081 3536 quze
1114 3482 1221 3519 non
1262 3467 1630 3520 necessitatem
1662 3466 1887 3533 indicat,

314 3559 410 3613 sed
437 3574 549 3614 rem
591 3574 808 3629 prorsus
844 3574 962 3614 esse
988 3557 1256 3622 futuram;
1298 3572 1360 3610 ac
1406 3557 1449 3611 si
1485 3557 1721 3611 diceret:
1752 3557 1890 3624 Quid

313 3648 604 3713 miramini,
633 3648 676 3702 si
704 3650 757 3702 hi
777 3665 860 3703 me
888 3647 1159 3716 sequnturi
1181 3656 1327 3712 sunt,
1360 3655 1414 3699 et
1460 3648 1504 3699 si
1550 3661 1676 3701 oves
1704 3662 1886 3701 vocem

314 3756 487 3795 meam
515 3742 622 3794 sint
645 3741 941 3794 auditune?
980 3740 1113 3794 Cum
1143 3741 1283 3793 enim
1324 3739 1454 3792 alias
1482 3753 1565 3792 me
1607 3748 1889 3808 sequentes

318 3832 587 3898 videbitis,
614 3841 670 3887 et
694 3847 878 3887 vocem
905 3846 1075 3887 meam
1106 3832 1398 3893 audientes,
1432 3840 1556 3885 tunc
1597 3831 1763 3900 magis
1788 3831 1886 3884 ob-

313 3924 651 3991 sutpescetis.
680 3920 791 3976 Etsi
813 3938 941 3976 vero
961 3922 1123 3984 dicat,
1150 3921 1274 3985 Qua:
1290 3936 1393 3972 non
1412 3930 1526 3973 sunt
1546 3936 1607 3973 ea:
1627 3922 1720 3972 hoc
1745 3919 1884 3986 ovili,

316 4029 384 4068 ne
422 4014 671 4068 turberis.
711 4013 1013 4067 Diﬁ‘erentia
1051 4012 1207 4066 enim.
1236 4011 1288 4063 in
1332 4011 1448 4079 lege
1490 4011 1659 4063 solum
1698 4020 1799 4074 est,
1832 4021 1888 4064 ut

311 4109 389 4161 ait
408 4106 603 4162 Paulus
635 4126 650 4160 ;
675 4105 851 4176 Neque
868 4104 1177 4158 circumcisio
1196 4103 1387 4172 aliquid
1409 4102 1555 4167 calet,
1584 4118 1739 4171 neque
1758 4118 1886 4172 prae-

316 4199 532 4268 putium.
559 4196 625 4250 Et
653 4198 768 4250 illas
793 4205 986 4265 oportet
1030 4211 1108 4247 me
1136 4195 1385 4247 adducere
1409 4194 1492 4263 (l.
1522 4193 1637 4246 Cor.
1672 4194 1721 4245 7.
1757 4197 1821 4247 19
1843 4194 1881 4261 ).

316 4291 557 4345 Declamt
594 4300 842 4359 utrosque
866 4288 1133 4357 dispersos
1160 4296 1214 4341 et
1243 4286 1559 4341 commixtos
1596 4300 1735 4349 esse,
1770 4288 1887 4341 sine

316 4381 636 4448 pastoribus,
662 4394 783 4433 cum
822 4377 1054 4432 nondum
1096 4387 1279 4445 pastor
1315 4377 1401 4429 ille
1427 4376 1598 4429 bonus
1628 4376 1880 4429 venisset.

317 4471 516 4524 Deinde
546 4471 773 4523 loturam
814 4471 1021 4523 illorum
1064 4468 1491 4536 coniunctionem
1517 4468 1834 4537 praenuntiat
1866 4485 1881 4522 :

316 4564 380 4616 Et
405 4564 496 4617 erit
534 4578 687 4615 unum
737 4563 882 4616 ovile.
912 4561 1062 4627 Quod
1094 4561 1265 4629 ipsum
1293 4560 1487 4614 Paulus
1528 4559 1880 4628 signiﬁcavit:

319 4654 384 4709 Ut
407 4656 534 4708 duos
562 4654 743 4707 condat
777 4655 831 4706 in
863 4656 1123 4723 semetipso
1161 4654 1213 4705 in
1244 4669 1398 4705 unum
1425 4667 1603 4705 novum
1635 4652 1885 4705 hominem

314 4742 544 4813 (Ephes.
574 4744 629 4795 2.
658 4742 776 4815 15).
805 4746 892 4798 17.
924 4743 1195 4813 Propterea
1237 4759 1316 4796 me
1343 4743 1504 4812 diligit
1540 4741 1715 4800 Pater.
1767 4745 1886 4812 quia

314 4851 405 4905 ego
427 4836 647 4887 animam
658 4851 819 4887 meam
833 4850 983 4904 pono,
1003 4845 1054 4886 ut
1076 4836 1255 4887 iterum
1273 4836 1514 4904 accipiam
1534 4850 1660 4887 eam.
1680 4835 1885 4904 Ecquid

316 4926 417 4980 hoc
446 4929 608 4981 verbo
652 4927 943 4981 humilius?
975 4926 1239 4996 siquidem
1262 4937 1481 4995 promer
1508 4943 1606 4980 nos
1632 4928 1884 4981 Dominus

311 5018 571 5071 amandus
592 5026 695 5081 est,
726 5019 974 5087 quoniam
999 5033 1095 5086 pro
1121 5017 1273 5070 nobis
1296 5018 1536 5070 moritur.
1569 5017 1703 5084 Quid
1733 5034 1880 5087 ergo,

311 5111 400 5165 dic
429 5110 599 5163 mihi?
631 5126 698 5165 an
726 5112 984 5180 superiori
1015 5121 1252 5180 tempore
1282 5126 1385 5165 non
1413 5110 1747 5181 diligebatur,
1788 5112 1881 5165 sed

313 5216 457 5253 nunc
500 5201 725 5270 diligere
768 5203 960 5269 incepit
988 5202 1162 5266 Pater,
1190 5210 1243 5254 et
1261 5191 1357 5254 nos
1400 5200 1452 5253 in
1482 5216 1641 5255 causa
1687 5201 1883 5254 amoris

312 5292 413 5359 ipsi
439 5290 673 5346 luimus?
700 5291 881 5346 Viden‘
909 5302 1162 5361 quantmn
1188 5301 1387 5345 nostra:
1430 5306 1489 5346 se
1515 5292 1883 5345 accommodet

313 5382 645 5436 inﬁrmitati?
681 5384 816 5449 Quid
861 5383 947 5437 hic
973 5398 1100 5453 ergo
1131 5383 1243 5436 vult
1267 5383 1527 5451 probare?
1575 5384 1707 5437 Cum
1749 5386 1882 5439 alie-

314 5491 441 5529 nmn
468 5477 614 5529 illum
639 5491 669 5529 a
691 5475 849 5530 Patre
882 5485 936 5530 et
959 5474 1298 5543 deceptorem
1318 5473 1576 5539 dicereut,
1608 5475 1884 5543 ipsumque

316 5566 367 5619 in
394 5575 595 5633 pestem
623 5580 685 5619 ac
712 5565 1002 5634 perniciem
1035 5564 1268 5629 venisse,
1300 5563 1431 5617 dicit
1470 5564 1559 5617 ille
1604 5584 1617 5618 :
1669 5564 1725 5617 Si
1781 5581 1881 5618 non

314 5655 478 5721 aliud,
509 5655 639 5710 illud
665 5657 855 5710 saltem
883 5669 967 5708 me
994 5654 1061 5708 ad
1081 5669 1175 5709 vos
1204 5653 1465 5707 amandos
1489 5654 1714 5718 induxit,
1742 5653 1885 5723 quod

317 5758 444 5814 vos,
468 5757 525 5801 ut
549 5756 606 5802 et
628 5760 751 5817 ego,
781 5761 811 5801 a
836 5746 994 5801 Patre
1019 5745 1290 5811 amemini,
1308 5755 1363 5800 et
1389 5745 1507 5800 ideo
1535 5744 1713 5799 abillo
1738 5759 1883 5799 ame-

1404 330 1471 389 lN
1506 332 1814 390 JOANNEM
1852 332 2077 389 HOMIL.
2119 334 2233 390 LX.
2273 338 2343 391 al.
2384 337 2511 395 LIX.

3503 351 3610 409 350

2037 445 2185 506 mini.
2212 448 2334 516 quia
2361 462 2460 517 ego
2482 464 2579 519 pro
2609 450 2758 505 vobis
2782 453 3000 508 morior.
3037 453 3309 512 Praeterea
3335 455 3464 514 illud
3491 462 3607 517 vult

2030 533 2418 603 demonstrare,
2441 554 2499 593 se
2527 554 2631 594 non
2661 542 2880 597 invitum
2911 554 3135 600 mortem
3164 546 3345 613 adire;
3377 551 3534 620 (nam
3562 553 3610 608 si

2030 624 2222 681 invitus
2249 640 2567 695 moreretur,
2596 633 2861 700 quomodo
2883 634 2933 688 id
2960 637 3155 691 amoris
3185 639 3450 695 vinculum
3481 642 3610 696 fuis-

2027 717 2141 787 set)
2161 718 2185 771 ?
2204 728 2257 772 et
2290 721 2431 789 quod
2456 738 2518 776 ea
2560 724 2788 779 maxime
2814 728 2883 780 sit
2912 726 3084 782 Patris
3128 730 3389 784 voluntas.
3418 732 3470 786 Si
3512 749 3606 787 au-

2027 814 2133 862 tem
2157 809 2386 865 uthomo
2415 813 2514 866 hoc
2539 814 2801 883 loquatur,
2833 832 2899 870 ne
2925 819 3132 872 mireris
3162 837 3174 873 :
3206 835 3347 890 saepe
3378 838 3605 894 namque

2025 899 2180 968 hujus
2204 901 2280 955 rei
2328 917 2541 957 causam
2570 904 2798 961 diximus
2822 947 2836 970 ,
2865 908 3296 979 superﬁuumque
3323 922 3377 965 et
3405 929 3603 968 onero-

2024 1005 2143 1045 sum
2166 1002 2309 1047 esset
2332 995 2384 1048 id
2409 1005 2671 1065 repetere.
2700 997 2814 1069 Ego
2837 1017 2969 1069 pono
2989 1002 3207 1055 animum
3229 1020 3409 1071 meam,
3429 1017 3483 1060 ut
3508 1008 3602 1062 ite-

2023 1099 2136 1136 rum
2181 1102 2376 1139 sumam
2424 1103 2532 1141 eam
2560 1089 2687 1143 :18.
2717 1100 2765 1143 et
2792 1107 2938 1144 nemo
2984 1093 3113 1145 tollit
3151 1110 3261 1147 eam
3282 1112 3314 1148 a
3341 1113 3436 1150 me.
3484 1096 3598 1169 Ego

2023 1190 2155 1244 pono
2176 1193 2285 1229 eam
2310 1194 2341 1229 a
2369 1180 2580 1249 meipso.
2620 1179 2919 1235 Potestatem
2948 1183 3105 1237 habeo
3131 1188 3351 1255 ponendi
3375 1190 3597 1245 animam

2020 1281 2201 1333 meam,
2224 1278 2270 1321 et
2292 1278 2584 1337 potestatem
2629 1271 2784 1326 habeo
2814 1274 3042 1326 sumendi
3087 1290 3229 1328 eam.
3276 1278 3408 1345 Quia
3449 1281 3592 1336 enim

2022 1372 2163 1428 saepe
2191 1362 2472 1416 consilium
2504 1363 2734 1418 inierant
2761 1374 2817 1417 ut
2842 1364 2991 1419 illum
3017 1365 3398 1435 inlerﬁcerent,
3427 1371 3593 1429 dicit:

2018 1450 2101 1507 Me
2149 1452 2403 1519 nolente,
2456 1455 2655 1510 inutilis
2706 1457 2856 1510 labor
2904 1466 3082 1512 vester
3131 1461 3263 1526 erit;
3291 1471 3399 1517 eta
3430 1464 3592 1534 priori

2019 1543 2307 1596 secundum
2335 1545 2646 1610 conﬁrmat,
2676 1561 2706 1599 a
2735 1554 2907 1602 morte
2963 1552 3427 1607 resurrectionem.
3481 1555 3592 1611 Hoc

2018 1634 2158 1687 enim
2184 1636 2502 1704 stupendum
2532 1637 3006 1709 admirandumque
3033 1651 3132 1695 est.
3158 1643 3364 1700 Etenim
3382 1655 3591 1702 utrum-

2016 1739 2122 1792 que
2168 1740 2365 1780 novum
2396 1727 2489 1781 fuit
2516 1737 2572 1783 et
2612 1739 2809 1799 printer
2856 1745 3193 1789 communem
3246 1740 3589 1796 consuetudi-

2014 1827 2137 1867 nem
2152 1856 2158 1862 .

2084 1906 2313 1961 Christus
2343 1910 2592 1975 quomodo
2634 1920 2922 1980 potestatem
2955 1914 3101 1969 habet
3126 1918 3345 1985 ponendi
3381 1930 3426 1973 et
3449 1937 3590 1976 rests-

2012 1997 2179 2050 mendi
2204 1999 2696 2055 animam—Dicto
2728 2002 2888 2072 igitur
2913 2005 3196 2075 diligenter
3232 2011 3584 2068 attendamus.

2012 2086 2320 2142 Potestatem
2346 2091 2522 2157 habeo,
2561 2094 2749 2162 inquit,
2791 2098 3009 2164 ponendi
3035 2098 3257 2151 animam
3277 2116 3458 2156 meam.
3483 2105 3585 2160 Ec-

2009 2180 2128 2246 quis
2156 2189 2469 2249 potestatem
2498 2199 2602 2237 non
2644 2184 2836 2239 habeat
2862 2188 3088 2254 ponendi
3118 2190 3348 2246 animam
3392 2196 3587 2249 suam?

2008 2271 2242 2342 Quisque
2275 2275 2416 2327 enim
2444 2284 2619 2345 potest
2649 2291 2707 2331 se
2744 2278 3069 2333 interimere.
3104 2279 3302 2335 Verum
3347 2298 3452 2338 non
3484 2284 3585 2341 hoc

2007 2376 2166 2417 sensu
2191 2364 2438 2433 loquitur.
2469 2365 2746 2432 Quomodo
2776 2368 2945 2437 ergo?
2974 2370 3047 2423 Ita
3078 2380 3390 2439 potestatem
3414 2374 3583 2432 habeo

2007 2454 2234 2521 ponendi
2288 2470 2404 2510 eam
2431 2496 2446 2523 ,
2482 2468 2538 2510 ut
2567 2473 2728 2512 nemo
2753 2461 2923 2529 possit
2950 2476 3035 2515 me
3065 2462 3277 2519 nolente
3308 2466 3357 2519 id
3383 2464 3577 2524 facere.

2006 2543 2169 2598 Secus
2210 2556 2386 2600 autem
2430 2549 2607 2602 caeteri
2656 2547 2917 2605 homines.
2946 2551 3053 2606 Nos
3081 2555 3222 2609 enim
3266 2566 3579 2625 potestatem

2004 2650 2109 2688 non
2156 2636 2410 2691 habemus
2445 2640 2676 2693 animam
2713 2642 2978 2709 ponendi,
3022 2644 3123 2697 nisi
3154 2647 3448 2703 occidendo
3475 2664 3579 2704 nos

2003 2726 2169 2794 ipsos.
2202 2727 2259 2782 Si
2288 2738 2464 2783 autem
2502 2732 2552 2783 in
2604 2730 2943 2786 insidiatores
2970 2733 3287 2800 incidamus,
3314 2739 3403 2806 qui
3437 2741 3579 2794 occi-

2002 2816 2129 2871 dere
2156 2818 2377 2891 possint,
2403 2835 2506 2877 non
2540 2822 2675 2879 ultra
2709 2831 3025 2895 potestatem
3050 2824 3306 2886 habemus
3325 2837 3572 2904 ponendi,

2002 2922 2202 2976 necne;
2231 2913 2325 2968 sed
2368 2916 2545 2969 invitis
2582 2916 2738 2971 nobis
2766 2919 2841 2971 illi
2868 2920 3223 3000 occiduntvln
3254 2924 3466 2982 Christo
3491 2942 3576 2984 se-

2000 3019 2094 3058 cus
2125 3022 2139 3059 :
2171 3021 2290 3059 nam
2318 3008 2434 3061 aliis
2465 3009 2853 3077 insidiantibus,
2888 3023 3093 3081 poterat
3122 3015 3211 3071 ille
3244 3034 3346 3071 non
3377 3036 3575 3090 ponere

1998 3095 2249 3149 animam.
2277 3096 2407 3151 Cum
2450 3098 2677 3153 dixisset
2711 3115 2857 3170 ergo,
2889 3101 3055 3156 Nemo
3085 3106 3214 3159 tollit
3262 3124 3372 3162 eam
3400 3126 3431 3164 a
3456 3128 3572 3178 me;

1996 3184 2218 3251 addidit,
2248 3184 2557 3241 Potestatem
2582 3188 2737 3243 habeo
2777 3193 2996 3259 ponendi
3035 3196 3255 3248 animam
3294 3215 3489 3266 meam;
3519 3203 3571 3256 id

1996 3284 2096 3338 est,
2130 3276 2240 3345 Ego
2268 3277 2414 3331 solus
2436 3292 2648 3347 possum
2676 3294 2876 3348 ponere
2900 3283 3039 3336 illam
3073 3301 3085 3337 :
3118 3286 3257 3355 quod
3288 3290 3436 3344 vobis
3466 3308 3569 3347 non

1994 3367 2267 3435 competit.
2295 3366 2426 3421 Nam
2449 3368 2596 3423 multi
2622 3370 2711 3423 alii
2742 3384 2965 3439 possunt
2988 3377 3219 3429 animam
3250 3380 3403 3434 nobis
3431 3382 3571 3436 abri-

1994 3472 2141 3526 pere.
2165 3456 2270 3513 Sed
2302 3460 2401 3513 hoc
2439 3460 2491 3513 in
2537 3461 2797 3530 principio
2827 3478 2930 3517 non
2954 3465 3120 3531 dixit;
3150 3483 3321 3539 neque
3347 3475 3488 3526 enim
3515 3474 3568 3529 id

1993 3550 2252 3604 creditum
2284 3552 2489 3616 fuisset,
2518 3553 2610 3606 sed
2639 3569 2756 3607 cum
2785 3570 2848 3608 ex
2869 3557 3031 3611 rebus
3059 3559 3184 3628 ipsis
3207 3562 3567 3621 testimonium

1992 3642 2213 3710 accepit,
2238 3658 2299 3697 ac
2324 3658 2465 3711 saepe
2487 3644 2794 3699 insidiantes
2816 3662 2918 3700 non
2946 3657 3229 3715 potuerunt
3265 3667 3387 3707 eum
3415 3670 3566 3710 com-

1994 3732 2320 3800 prehendere
2342 3734 2676 3802 (trequenter
2700 3737 2842 3789 enim
2866 3751 2927 3789 ex
2957 3739 3198 3793 manibus
3235 3756 3419 3798 eorum
3459 3746 3568 3800 ela-

1993 3839 2119 3892 psus
2147 3828 2264 3894 est)
2289 3865 2304 3890 ,
2350 3834 2473 3879 tunc
2512 3825 2724 3879 demum
2754 3828 2825 3880 ait
2858 3846 2871 3882 :
2903 3826 3066 3882 Nemo
3113 3830 3243 3883 tollit
3270 3848 3379 3886 eam
3407 3852 3439 3887 a
3466 3853 3564 3890 me.

1991 3914 2045 3968 Si
2074 3916 2175 3968 hoc
2196 3931 2375 3968 verum
2412 3924 2513 3981 est,
2546 3915 2668 3969 hinc
2696 3917 2935 3985 sequitur
2960 3933 3081 3972 eum
3114 3919 3343 3976 libenter
3371 3924 3438 3978 ad
3465 3925 3567 3981 hoc

1991 4007 2233 4068 venisse;
2266 4006 2494 4075 indeque
2523 4008 2886 4070 continuatur,
2940 4008 3087 4063 illum
3127 4026 3282 4079 posse
3318 4028 3437 4068 cum
3468 4031 3566 4070 vo-

1992 4096 2148 4150 luerit
2172 4111 2288 4150 eam
2328 4112 2619 4152 resumere.
2646 4097 2778 4153 Nam
2806 4100 2850 4153 si
2878 4100 2946 4153 ita
2971 4102 3105 4155 mori
3135 4102 3251 4171 plus
3278 4120 3434 4174 quam
3462 4106 3564 4161 htt-

1991 4201 2203 4241 manum
2224 4198 2326 4253 est,
2358 4189 2424 4243 de
2444 4189 2649 4258 reliquo
2675 4205 2741 4244 ne
2766 4190 2991 4246 dubites.
3030 4193 3240 4247 Etenim
3268 4211 3388 4250 cum
3410 4199 3558 4253 solus

1990 4284 2059 4332 sit
2079 4279 2238 4332 vitam
2262 4281 2486 4349 ponendi
2508 4281 2776 4347 dominus,
2794 4298 2913 4337 cum
2934 4285 3119 4340 eadem
3141 4298 3401 4356 potestate
3419 4292 3562 4348 illam

1989 4385 2108 4424 cum
2140 4372 2364 4425 voluerit
2411 4380 2667 4425 resumet.
2700 4373 2882 4427 Viden‘
2913 4377 3181 4443 quomodo
3210 4394 3237 4431 a
3283 4380 3442 4447 priori
3473 4398 3561 4436 se-

1989 4462 2216 4517 cundum
2245 4464 2450 4531 probet,
2492 4472 2548 4517 et
2574 4478 2604 4516 a
2631 4474 2803 4517 morte
2817 4469 3259 4522 resurrectionem
3304 4470 3563 4526 indubita-

1991 4566 2097 4611 tam
2123 4555 2401 4610 ostendat?
2456 4555 2567 4609 Hoc
2593 4567 2893 4627 prteceptum
2917 4561 3087 4627 accepi
3118 4576 3149 4612 a
3184 4561 3341 4614 Patre
3364 4562 3383 4631 (
3403 4562 3559 4617 Jorm.

1990 4650 2077 4704 l2.
2109 4648 2177 4703 49
2201 4650 2240 4716 ).
2266 4648 2586 4713 Quodnam?
2612 4647 2682 4703 Ut
2705 4650 2901 4703 moriar
2932 4666 3028 4719 pro
3054 4652 3270 4706 mundo.
3300 4653 3435 4708 Num
3463 4671 3561 4709 ex-

1989 4743 2247 4809 spectavit
2268 4740 2436 4794 donec
2455 4740 2694 4806 audiret,
2720 4751 2772 4795 et
2798 4751 2921 4795 tunc
2944 4744 3233 4811 acquievit,
3260 4754 3314 4799 et
3338 4761 3405 4799 an
3427 4761 3563 4814 opus

1988 4830 2169 4885 habuit
2204 4830 2448 4885 discere?
2476 4830 2672 4899 Ecquis
2700 4847 2860 4885 sanus
2889 4831 2990 4885 hoc
3014 4832 3243 4887 dixerit?
3274 4834 3471 4890 Verum
3503 4848 3568 4891 ut

1987 4937 2147 4990 supra
2175 4936 2295 4974 cum
2326 4921 2484 4985 dicit,
2521 4922 2792 4991 Propterea
2816 4940 2895 4976 me
2919 4924 3073 4977 Pater
3118 4926 3302 4996 diligit,
3335 4927 3559 4983 liberam

1988 5011 2221 5066 ostendit
2255 5013 2599 5078 voluntatem,
2632 5024 2685 5067 et
2707 5016 3027 5069 contrariam
3055 5019 3254 5071 amovit
3298 5023 3559 5090 suspicio-

1990 5119 2108 5158 nem
2142 5121 2155 5157 :
2189 5106 2268 5158 sic
2305 5114 2359 5158 et
2387 5104 2488 5158 hoc
2513 5106 2629 5158 loco
2650 5120 2770 5159 cum
2799 5106 2927 5161 dicit
2962 5123 3021 5163 se
3048 5121 3374 5181 prmceptum
3402 5130 3563 5170 accc-

1989 5196 2175 5263 pissea
2202 5195 2379 5259 Patre,
2403 5197 2532 5249 nihil
2557 5198 2696 5250 aliud
2720 5198 2977 5266 declarat,
3006 5217 3161 5269 quam
3192 5203 3329 5256 Patri
3356 5206 3562 5273 placere

1988 5285 2126 5354 quod
2154 5286 2265 5354 ipse
2288 5287 2443 5350 facit;
2472 5301 2539 5340 ne
2568 5288 2799 5340 occisum
2831 5301 3009 5355 poStea
3041 5292 3207 5357 illmn,
3234 5308 3265 5344 a
3294 5294 3450 5348 Patre
3476 5313 3563 5364 pth

1989 5384 2161 5431 tarent
2191 5378 2505 5432 derelictum
2536 5390 2587 5432 et
2611 5380 2898 5447 proditum,
2928 5397 3026 5435 nec
3055 5385 3440 5451 exprobrarant
3460 5427 3475 5451 ,
3512 5401 3563 5443 ut

1987 5483 2172 5522 revera
2233 5470 2621 5537 eXprobrarunt
2650 5489 2662 5523 :
2690 5472 2826 5524 Alios
2854 5473 3017 5525 salvos
3040 5477 3154 5541 fecit
3178 5515 3192 5539 ,
3223 5478 3439 5542 seipsum
3468 5495 3566 5531 non

1990 5569 2147 5627 potest
2169 5559 2363 5611 salvum
2394 5560 2561 5627 facere
2584 5576 2602 5623 ;
2624 5571 2697 5625 et,
2731 5562 2790 5615 Si
2816 5561 2982 5616 Filius
3016 5564 3107 5615 Dei
3143 5579 3213 5626 es,
3248 5565 3569 5618 descendede

1991 5665 2137 5703 cruce
2158 5651 2367 5721 (Matth.
2395 5651 2485 5705 27.
2509 5652 2596 5706 42.
2616 5663 2661 5707 et
2680 5655 2791 5725 40).
2812 5656 2968 5725 Atqui
2999 5656 3117 5711 ideo
3141 5672 3246 5711 non
3269 5658 3561 5723 descendit,

1993 5743 2310 5821 qttla'Flllus
2334 5743 2425 5798 Dei
2456 5759 2557 5799 εει.
3046 5752 3049 5755 ’
