4084 6360
446 285 543 343 33!

524 396 578 449 5.
613 391 811 446 Deinde
860 404 927 445 ne
970 386 1209 448 audiens,
1242 384 1562 452 Prwceptum
1590 381 1761 449 accepi
1792 397 1823 432 a
1855 378 2033 441 Patre,

456 487 692 541 alienum
736 483 804 535 ab
846 496 911 535 eo
957 479 1059 534 hoc
1098 493 1232 547 opus
1278 489 1398 530 esse
1448 486 1684 543 putares,
1736 471 1845 539 jam
1896 471 2043 537 prius

457 582 683 641 dixerat,
717 574 890 627 Bonus
917 581 1087 642 pastor
1117 570 1341 622 animum
1366 583 1507 620 suam
1557 570 1695 633 ponit
1722 579 1815 632 pro
1846 561 2037 623 ovibus,

459 671 543 725 his
570 668 861 724 ostendens
886 679 1014 720 oves
1043 678 1164 719 esse
1186 677 1330 725 suas,
1376 670 1431 714 et
1476 673 1609 728 epiis
1638 666 1843 726 gestum
1876 664 2041 709 totum

459 777 581 817 esse
609 775 785 823 suum,
819 770 917 811 nec
962 770 1023 810 se
1072 768 1230 824 egere
1289 761 1575 821 pru‘cepto.
1621 748 1750 802 Nam
1807 746 1851 799 si
1908 761 2045 813 pra--

458 862 614 922 eepto
666 866 799 920 opus
852 849 1144 911 habuisset,
1188 861 1283 899 cur
1338 844 1580 905 dixisset,
1640 841 1681 892 Α
1727 839 1916 907 meipso
1944 853 2039 904 po-

461 946 567 998 no?
611 943 741 997 Nam
786 943 873 1011 qui
918 956 951 994 a
999 940 1177 1007 seipse
1207 938 1377 1007 ponit,
1434 950 1538 987 non
1585 942 1706 1002 eget
1755 938 2041 1001 pra-cepto.

457 1037 684 1090 Causam
758 1047 969 1103 quoque
1039 1030 1188 1084 addit
1250 1044 1347 1083 cur
1405 1027 1505 1080 hoc
1554 1024 1730 1078 faciat.
1788 1024 2041 1089 Quantam

460 1129 587 1182 illa?
612 1126 762 1193 Quod
812 1135 993 1195 pastor
1030 1126 1120 1188 sit,
1166 1132 1221 1177 et
1265 1122 1435 1175 bonus
1467 1130 1663 1188 pastor.
1710 1117 1887 1171 Bonus
1918 1130 2046 1170 vero

460 1230 639 1287 pastor
666 1234 770 1273 non
810 1228 933 1286 eget
974 1217 1079 1270 alio
1121 1214 1211 1285 qui
1250 1214 1314 1267 ad
1362 1229 1472 1267 rem
1516 1212 1660 1263 illam
1694 1225 1751 1263 se
1781 1208 2040 1262 hortetur.

456 1310 606 1378 Quod
646 1310 691 1363 si
742 1309 793 1363 id
823 1310 873 1362 in
905 1307 1229 1370 hominibus,
1275 1304 1442 1358 multo
1479 1303 1645 1371 magis
1674 1302 1726 1353 in
1758 1302 1886 1354 Deo.
1922 1299 2045 1353 Ideo

458 1401 653 1454 l'aulus
672 1400 899 1461 dicebat,
930 1399 1266 1466 Semetipsum
1299 1396 1575 1449 exinanirit
1604 1394 1621 1464 (
1647 1393 1842 1462 Philip.
1870 1391 1924 1445 2.
1954 1392 2042 1459 7).

461 1495 602 1549 Nihil
632 1508 759 1563 ergo
788 1492 929 1545 aliud
965 1493 1050 1544 hic
1076 1491 1175 1544 sibi
1215 1491 1326 1543 vult
1358 1497 1699 1557 praeceptum,
1732 1502 1889 1555 quam
1918 1500 2046 1539 con-

458 1585 694 1639 cordiam
720 1599 839 1637 cum
865 1584 1019 1636 Patre
1040 1580 1343 1635 ostendere.
1369 1578 1517 1646 Quod
1543 1580 1585 1631 si
1617 1588 1791 1631 tamen
1815 1576 2047 1629 humano

464 1684 520 1729 et
543 1675 729 1729 humili
756 1690 905 1727 more
932 1674 1129 1727 dictum
1163 1671 1248 1731 sit,
1286 1671 1335 1723 id
1363 1668 1667 1722 auditorum
1697 1666 2045 1720 imbecillitati

464 1768 825 1822 tribuendum.
880 1766 965 1820 l9.
1024 1765 1280 1817 Dissensio
1326 1765 1493 1831 itaque
1518 1762 1653 1829 facta
1682 1770 1755 1814 est
1781 1762 1910 1813 inter
1944 1758 2046 1810 Ju-

462 1863 621 1915 dteos.
650 1860 739 1913 20.
784 1857 1027 1911 Dicebant
1051 1857 1162 1922 alii,
1209 1855 1527 1908 Da'mouium
1557 1854 1702 1907 habet
1745 1862 1793 1905 et
1836 1854 2045 1905 insanit.

467 1955 603 2019 Quid
632 1969 743 2011 eum
792 1950 1019 2004 auditis?
1044 1950 1131 2003 ει.
1176 1948 1280 2002 Alii
1306 1948 1536 2001 dicebant
1562 1962 1579 1998 :
1620 1945 1746 1998 Haec
1775 1944 1919 1997 verba
1949 1960 2049 1996 non

462 2054 577 2098 sunt
616 2043 922 2097 daemonium
952 2041 1198 2093 habentis.
1250 2038 1512 2108 Numquid
1549 2037 1853 2090 dcemonium
1891 2044 2051 2103 potest

462 2152 707 2190 caecorum
751 2133 921 2187 oculos
958 2132 1193 2201 aperire?
1236 2130 1365 2184 Cum
1415 2129 1556 2181 enim
1604 2127 1723 2195 plus
1761 2140 1915 2194 quam
1949 2124 2050 2177 liu-

466 2242 618 2281 mana
650 2234 829 2280 essent
876 2239 994 2293 qua:
1024 2223 1356 2283 dicebantur,
1385 2231 1439 2274 ct
1484 2229 1677 2289 praeter
1714 2232 2053 2272 communem

464 2317 924 2379 consuetudinem,
952 2314 1336 2369 daemoniacum
1366 2312 1514 2366 illum
1538 2312 1806 2375 dicebant,
1836 2311 2055 2379 jamque

464 2420 653 2477 quater
673 2406 749 2479 (a)
782 2408 859 2461 sic
891 2407 1036 2461 illum
1070 2413 1346 2459 vocarunt.
1388 2404 1518 2457 Nam
1564 2411 1721 2457 antea
1759 2402 2049 2457 dicebant:

468 2501 789 2555 Diemonium
806 2501 978 2554 habes:
999 2500 1110 2567 quis
1138 2509 1183 2551 te
1202 2499 1379 2567 quaerit
1402 2495 1717 2563 interﬁcere?
1737 2510 1799 2550 ac
1820 2511 2052 2561 rursum,

468 2593 654 2647 Nonne
700 2593 820 2644 bene
868 2591 1087 2643 diximus
1135 2590 1252 2659 quia
1297 2588 1652 2642 Samaritanus
1697 2603 1747 2641 es
1774 2596 1847 2644 tu.
1880 2596 1927 2639 et
1953 2585 2057 2638 dte-

468 2686 689 2738 inoniuui
730 2682 920 2736 habes?
952 2691 1005 2736 et
1036 2681 1141 2741 hic,
1191 2680 1511 2733 Dremonium
1555 2677 1702 2731 habet
1738 2689 1786 2730 et
1831 2677 2057 2739 insanit;

469 2775 589 2843 quid
636 2790 751 2828 eum
802 2772 989 2825 auditis
1040 2770 1234 2841 (Joan.
1261 2772 1314 2825 7.
1342 2770 1431 2823 9.0.
1461 2780 1507 2822 et
1536 2769 1588 2823 8.
1612 2768 1753 2837 48)?
1799 2767 1909 2821 lmo
1950 2782 2056 2820 non

470 2874 682 2933 quater,
712 2863 805 2916 sed
854 2862 1051 2929 smpius
1082 2860 1131 2914 id
1177 2860 1325 2913 illum
1359 2858 1631 2913 audivisse
1668 2866 1898 2911 constat.
1924 2856 2056 2910 Nam

471 2954 611 3025 quod
638 2956 841 3018 dicunt,
895 2936 1081 3006 Nonne
1106 2952 1227 3004 bene
1249 2950 1468 3004 diximus
1494 2950 1611 3019 quia
1636 2949 1939 3001 dwmonium
1970 2949 2061 3000 ha-

474 3047 592 3101 bes?
620 3062 724 3100 non
771 3046 852 3099 bis
898 3045 983 3097 vel
1033 3054 1131 3105 ter,
1164 3044 1256 3097 sed
1294 3043 1489 3111 swpius
1518 3041 1642 3095 illud
1674 3040 1871 3095 dictum
1901 3041 2062 3095 fuisse

472 3140 812 3193 conﬁrmant.
846 3136 946 3188 Alii
973 3134 1224 3198 dicebant,
1257 3133 1445 3201 inquit,
1480 3130 1606 3185 Haec
1634 3130 1785 3184 verba
1811 3147 1910 3184 non
1943 3140 2062 3184 sunt

474 3229 780 3283 dcemonium
809 3226 1057 3279 habentis.
1092 3223 1357 3290 Numquid
1385 3224 1691 3276 dwnionium
1718 3232 1875 3291 potest
1899 3238 2063 3276 caeco-

475 3338 587 3374 rum
619 3320 790 3372 oculos
821 3317 1056 3387 aperire?
1081 3316 1214 3383 Quia
1236 3316 1377 3369 enim
1404 3332 1469 3369 ex
1498 3315 1673 3369 verbis
1692 3332 1794 3367 non
1818 3325 2064 3384 poterant

478 3412 581 3465 illis
608 3409 875 3464 silentium
909 3408 1206 3477 imponere,
1226 3422 1293 3463 ex
1315 3405 1568 3475 Operibus
1591 3405 1640 3460 id
1668 3406 2059 3461 demonstrant.

477 3503 633 3557 Certe
664 3501 820 3555 verba
852 3515 956 3554 non
987 3508 1112 3554 sunt
1138 3497 1471 3553 dieiiioniaci.
1502 3497 1653 3565 Quod
1685 3498 1728 3551 si
1754 3498 1930 3552 verbis
1958 3514 2063 3551 non

478 3594 876 3663 obteniperatis,
902 3607 1061 3661 opera
1085 3591 1438 3646 revereamiiii
1464 3590 1641 3658 (Joan.
1667 3592 1755 3644 id.
1779 3591 1889 3659 58).
1910 3589 2063 3656 Quod

479 3688 523 3740 si
555 3702 658 3741 non
689 3684 1023 3747 daemoniaci,
1077 3682 1170 3737 scd
1200 3683 1317 3751 plus
1343 3697 1502 3751 quam
1548 3682 1775 3736 humana
1804 3683 1889 3736 illa
1917 3693 2062 3749 sunt,

482 3778 653 3847 palam
684 3786 767 3831 est
794 3791 822 3829 a
845 3775 1023 3830 divina
1050 3774 1279 3844 quadam
1327 3775 1521 3827 virtute
1567 3774 1850 3842 proﬁcisci.
1882 3773 2065 3828 Viden‘

481 3871 889 3943 syllogismum?
946 3868 1098 3934 Quod
1142 3867 1285 3921 enim
1331 3881 1488 3935 supra
1544 3865 1812 3919 hominem
1864 3874 2063 3931 essent,

482 3962 607 4015 hinc
659 3959 829 4030 palam
878 3966 995 4013 erat
1036 3957 1179 4027 quod
1220 3956 1481 4022 dicerent,
1528 3955 1845 4010 Daemonium
1884 3957 2066 4013 habet:

482 4053 622 4122 quod
649 4066 776 4106 vero
805 4050 1127 4105 daemonium
1158 4064 1263 4103 non
1310 4049 1551 4112 haberet,
1600 4064 1664 4102 ex
1708 4049 1770 4102 iis
1800 4064 1918 4119 quae
1946 4048 2069 4104 fecit

484 4146 888 4201 demonstravit.
921 4143 1057 4212 Quid
1084 4158 1213 4211 ergo
1238 4141 1522 4197 Christus?
1552 4141 1691 4195 Nihil
1732 4142 1797 4196 ad
1843 4142 1957 4196 haec
1986 4158 2071 4197 re-

485 4238 716 4308 spondit.
748 4238 902 4291 Prius
931 4236 1071 4290 eiiiin
1102 4232 1472 4304 responderat,
1498 4232 1611 4304 Ego
1632 4234 1937 4287 daemonium
1968 4251 2070 4287 non

487 4331 680 4394 habeo;
708 4344 847 4384 nunc
874 4343 1002 4382 vero
1028 4343 1133 4381 non
1162 4327 1307 4381 item.
1341 4327 1471 4394 Quia
1497 4327 1639 4381 enim
1665 4342 1731 4381 ex
1760 4328 1920 4382 rebus
1942 4329 2071 4397 ipsis

487 4420 998 4477 demonstrationem
1047 4418 1481 4483 concinnaverat,
1515 4418 1729 4472 demum
1757 4420 1942 4474 tacuit.
1963 4420 2071 4475 Ne-

488 4530 591 4583 que
613 4514 754 4568 enim
789 4512 1138 4581 responsione
1158 4510 1301 4579 digni
1325 4519 1477 4563 erant
1505 4510 1536 4563 ii
1568 4510 1655 4579 qui
1684 4510 2070 4566 dwmoniacum

489 4604 758 4669 dicebant,
805 4620 871 4657 ex
913 4604 1165 4672 operibus
1204 4618 1322 4671 quas
1362 4602 1614 4656 admirari
1671 4604 1970 4671 oportebat,
2022 4615 2076 4659 et

494 4699 660 4751 lieuiii
702 4697 869 4764 ipsum
896 4711 1015 4749 esse
1044 4705 1252 4763 putare.
1299 4695 1499 4764 Ecquid
1545 4711 1678 4763 opus
1718 4707 1849 4761 erat,
1878 4707 1932 4749 ut
1956 4697 2074 4751 illos

492 4790 810 4853 confutaret,
837 4806 953 4843 cum
982 4790 1090 4858 jam
1120 4791 1215 4857 ipsi
1244 4790 1381 4843 inter
1406 4804 1464 4844 se
1502 4789 1810 4845 dissidirent
1834 4801 1887 4845 et
1911 4791 2077 4861 digla-

491 4882 804 4936 diarcntur?
833 4881 952 4934 Ideo
982 4882 1171 4936 silebat
1193 4892 1246 4936 et
1268 4882 1442 4936 omnia
1471 4898 1624 4953 aequo
1645 4884 1823 4937 animo
1852 4884 2072 4939 ferebat.

492 4974 607 5028 Non
648 4988 709 5026 ea
760 4972 929 5025 solum
977 4973 1043 5026 de
1085 4988 1264 5038 causa,
1311 4975 1404 5029 sed
1447 4986 1502 5029 ut
1552 4991 1648 5031 nos
1680 4977 1984 5035 institueret
2010 4980 2078 5035 ad

492 5064 953 5121 mansuetudinem
985 5075 1038 5119 et
1068 5068 1395 5132 patientiam.

566 5160 619 5213 4.
666 5157 911 5225 Discipuli
936 5156 1120 5212 Christi
1146 5159 1399 5227 o/ﬁcia.—
1415 5160 1565 5213 Hunc
1586 5161 1763 5230 itaque
1784 5159 2073 5217 imitemur.

496 5250 679 5321 Neque
708 5249 881 5303 solum
927 5248 1069 5303 enim
1098 5251 1279 5315 tacuit,
1313 5250 1405 5303 sed
1433 5252 1592 5305 etiam
1634 5252 1826 5307 iterum
1865 5263 1990 5321 stat,
2022 5265 2078 5311 et

564 5406 636 5469 (a)
659 5405 753 5469 Hic
776 5412 912 5469 notat
934 5407 1137 5469 Boisius,
1159 5420 1170 5454 :
1210 5406 1351 5469 Atqui
1372 5405 1467 5469 tria
1488 5413 1674 5459 tantum
1697 5409 1801 5459 loca
1823 5410 2081 5461 adducun-

499 5467 593 5526 tur,
620 5467 670 5532 ut
693 5468 813 5529 forte
826 5467 1081 5532 legendum
1096 5468 1155 5516 sit
1182 5474 1277 5523 ter,
1297 5468 1384 5517 hoc
1410 5468 1511 5532 loco
1533 5476 1578 5532 et
1600 5483 1730 5521 mox.
1757 5472 1941 5522 Verum
1966 5473 2082 5523 licet

501 5532 589 5578 tria
624 5528 726 5577 loca
750 5528 933 5578 tantum
970 5529 1159 5596 aderat,
1178 5537 1284 5590 post
1317 5531 1517 5596 tertium
1539 5531 1657 5596 dicit
1679 5533 1773 5581 alia
1796 5547 2076 5596 superesse.

501 5599 657 5647 Quare
680 5604 789 5656 cum
816 5597 983 5652 quater
1006 5591 1229 5656 dixisset,
1242 5598 1350 5656 post
1370 5591 1513 5643 allata
1529 5593 1618 5641 tria
1642 5592 1744 5643 loca
1767 5591 1990 5656 quartum
2007 5598 2082 5645 sic

505 5654 830 5717 expresserit,
877 5664 1097 5717 scepeque
1123 5653 1278 5717 alios.
1318 5652 1465 5704 Certe
1508 5659 1677 5717 quater
1713 5652 1895 5708 habent
1924 5662 2079 5709 omnia

509 5712 823 5775 exemplaria,
851 5721 902 5763 et
926 5713 998 5761 bis
1023 5712 1099 5762 hic
1123 5713 1347 5764 habetur.

1122 258 1127 263 λ
1189 275 1246 329 S.
1278 270 1552 327 JOANNIS
1589 264 2060 324 CHRYSOSTOMI
2102 263 2421 319 ARCIIIEP.
2452 263 2984 322 CONSTANTINOP.

3615 273 3717 328 332

2153 378 2508 447 interrogatus
2529 379 2835 447 respondet,
2863 390 2917 432 et
2938 379 3282 448 providentia!
3306 397 3415 436 sua:
3441 386 3585 453 signa
3606 388 3694 442 dat
3719 398 3733 433 ε

2146 480 2305 538 atque
2331 470 2691 525 daamoniacus
2719 472 3013 541 appellatus
3037 483 3091 527 et
3120 473 3357 540 insanus,
3399 475 3466 528 ab
3510 478 3734 533 homini-

2149 561 2247 615 bus
2276 563 2367 631 qui
2398 564 2545 618 niille
2570 563 2638 617 ab
2680 580 2739 618 se
2780 564 3055 619 beneﬁciis
3086 565 3257 620 aﬁ'ecti
3306 567 3531 631 fuerant,
3576 570 3733 638 idque

2148 670 2251 707 non
2300 656 2465 710 semel
2516 665 2606 709 aut
2650 656 2752 720 bis,
2802 658 2896 711 sed
2944 658 3167 727 pluries,
3217 676 3319 714 non
3347 663 3505 716 modo
3540 679 3600 718 se
3627 678 3734 719 non

2150 747 2292 800 ultus
2321 756 2423 808 est,
2453 747 2545 801 sed
2590 749 2750 801 etiam
2801 748 3056 804 beneﬁcia
3088 751 3393 805 conferendi
3438 752 3596 809 ﬁnem
3627 773 3729 813 non

2149 838 2295 892 fecit.
2342 839 2543 909 Ecquid
2584 841 2704 894 dico
2758 839 3017 896 beneﬁcia
3067 842 3422 898 conferendi?
3454 846 3558 901 Pro
3604 850 3729 917 ipsis

2148 932 2381 984 animam
2411 932 2579 999 ponit,
2604 941 2657 986 et
2680 932 2965 986 cruciﬁxus
2995 949 3089 1002 pro
3113 935 3241 1001 ipsis
3268 936 3477 991 Patrem
3502 938 3728 1010 alloqui-

2150 1034 2254 1077 tur.
2287 1024 2410 1077 lliec
2438 1033 2491 1078 et
2516 1040 2613 1078 nos
2637 1026 2924 1080 imitemur.
2958 1026 3068 1080 Hoc
3096 1028 3238 1080 enim
3269 1038 3350 1082 est
3385 1028 3584 1086 Christi
3611 1046 3730 1087 esse

2148 1117 2489 1185 discipulum,
2522 1121 2565 1171 si
2590 1120 2851 1172 mansueti
2880 1119 3049 1173 simus
3073 1128 3127 1173 et
3171 1122 3345 1174 mites.
3376 1120 3529 1176 Unde
3555 1133 3729 1176 autem

2148 1209 2213 1262 ad
2266 1208 2402 1263 hanc
2446 1210 2817 1277 perveniemus
2864 1212 3363 1265 mansuetudinem?
3412 1212 3466 1265 Si
3520 1222 3729 1279 pet-cata

2151 1311 2329 1353 nostra
2365 1301 2673 1369 frequenter
2709 1304 3021 1367 cegiteiuus,
3054 1304 3099 1355 si
3134 1303 3427 1371 lugeamus,
3473 1304 3516 1355 si
3566 1305 3733 1374 lacry-

2150 1406 2377 1445 tuemur.
2408 1392 2596 1444 Anima
2628 1392 2825 1461 quippe
2858 1393 2907 1444 in
2937 1392 3122 1446 dolore
3148 1392 3449 1462 hiijusmodi
3488 1408 3728 1459 versans,

2152 1502 2257 1539 non
2286 1486 2607 1555 indignatur.
2640 1486 2739 1541 Ubi
2786 1502 3015 1555 namque
3054 1487 3227 1542 luctus
3265 1496 3365 1553 est,
3396 1488 3464 1543 ibi
3509 1489 3581 1541 ira
3613 1504 3732 1542 esse

2150 1578 2369 1646 nequit;
2397 1576 2484 1631 ubi
2514 1578 2688 1641 dolor,
2724 1578 2791 1631 ibi
2820 1578 3090 1631 iracundia
3120 1578 3453 1643 eliminatur;
3480 1578 3568 1632 ubi
3599 1594 3731 1632 con-

2152 1669 2297 1721 tritio
2322 1669 2507 1730 animi,
2552 1669 2691 1721 nulla
2716 1667 2783 1722 ibi
2835 1669 3144 1737 indignatio.
3180 1670 3347 1723 Luctu
3374 1670 3597 1725 affectus
3619 1671 3733 1724 ani—

2153 1776 2271 1815 mus
2323 1777 2427 1814 non
2471 1762 2700 1830 spatium
2746 1762 2999 1831 temporis
3027 1762 3185 1816 habet
3225 1774 3279 1816 ut
3313 1765 3606 1827 excitetur;
3639 1764 3733 1819 sed

2153 1854 2344 1909 acerbe
2390 1854 2719 1925 ingemiscet,
2769 1857 3001 1909 amarius
3040 1855 3206 1910 ﬂebit.
3238 1856 3358 1911 Scio
3395 1856 3591 1911 multos
3622 1857 3736 1911 haec

2154 1946 2436 2001 audientes
2466 1947 2674 2011 ridere;
2717 1956 2771 2000 at
2799 1963 2898 2015 ego
2942 1964 3047 2000 non
3078 1948 3234 2001 tinem
3279 1950 3464 2002 faciam
3494 1949 3612 2003 illos
3638 1950 3733 2005 de-

2156 2038 2393 2107 plorandi
2422 2040 2510 2108 qui
2541 2038 2735 2094 rident.
2758 2039 2952 2093 Luctus
2978 2041 3118 2094 enim
3143 2050 3225 2094 est
3250 2055 3483 2109 praesens
3505 2051 3731 2111 tempus,

2155 2129 2403 2198 planctus
2429 2138 2483 2183 et
2504 2130 2816 2198 gemituum.
2849 2129 3007 2183 Multa
3031 2132 3226 2201 quippe
3251 2140 3305 2185 et
3333 2133 3382 2185 in
3408 2132 3581 2186 verbis
3610 2141 3663 2186 et
3684 2133 3735 2186 in

2157 2219 2316 2273 rebus
2356 2233 2660 2288 peccamus.
2702 2220 2846 2274 Talia
2895 2237 3022 2275 vero
3070 2232 3439 2291 perpetrantes
3473 2224 3738 2294 excipient

2157 2310 2420 2379 gi-licnna,
2465 2311 2657 2364 ﬂuvius
2683 2312 2877 2366 ardens
2914 2313 3069 2382 igneo
3105 2313 3278 2378 alveo,
3312 2315 3458 2384 regni
3486 2316 3734 2369 cailorum

2158 2401 2375 2454 amissio
2399 2443 2413 2467 ,
2454 2403 2596 2472 quod
2635 2414 2710 2457 est
2754 2405 2989 2457 omnium
3029 2405 3419 2475 gravissimum.
3442 2407 3562 2461 Post
3603 2409 3738 2462 hanc

2159 2493 2630 2548 comminationem
2657 2536 2672 2559 ,
2732 2496 2818 2548 die
2874 2496 3041 2560 mihi,
3085 2496 3264 2563 rides,
3321 2499 3372 2552 in
3411 2498 3615 2553 deliciis
3654 2501 3734 2553 vi-

2161 2583 2281 2637 vis?
2316 2599 2380 2639 ac
2420 2586 2645 2641 Domino
2683 2595 2774 2640 tuo
2813 2588 2949 2641 irato
2986 2597 3040 2641 et
3076 2590 3454 2653 comminante,
3496 2592 3547 2645 iu
3590 2592 3737 2661 lapsu

2164 2685 2368 2745 perstas
2393 2719 2407 2741 ,
2454 2692 2551 2731 nec
2591 2680 2745 2733 times
2786 2694 2852 2733 ne
2893 2679 2982 2733 tibi
3023 2681 3099 2734 sic
3137 2680 3412 2736 ardentem
3467 2680 3736 2738 fornacem

2161 2769 2483 2839 eiimpares?
2521 2768 2635 2823 Non
2688 2770 2838 2824 audis
2888 2771 3018 2840 quid
3056 2773 3293 2841 quotidie
3330 2775 3562 2828 clamet?
3600 2775 3737 2829 Esu-

2162 2861 2371 2913 rientem
2428 2877 2507 2914 me
2560 2862 2786 2926 vidistis,
2846 2873 2894 2916 et
2947 2880 3048 2917 non
3100 2864 3306 2918 dedistis
3364 2867 3487 2919 mihi
3524 2869 3737 2921 mandu—

2163 2967 2315 3014 care;
2363 2953 2628 3020 sitientem,
2683 2964 2738 3008 et
2772 2971 2873 3008 non
2906 2955 3113 3009 dedistis
3165 2958 3289 3010 mihi
3339 2957 3520 3011 bibere.
3566 2958 3741 3012 Disce-

2165 3045 2267 3097 dite
2290 3045 2343 3097 in
2372 3044 2539 3114 ignem
2570 3056 2803 3115 paratum
2832 3047 3032 3101 diabolo
3069 3057 3116 3099 et
3154 3049 3346 3119 angelis
3389 3050 3499 3114 eius
3529 3050 3737 3118 (Matth.

2164 3136 2254 3191 ‘25.
2283 3136 2372 3191 42.
2401 3147 2449 3190 et
2472 3136 2585 3209 41).
2619 3138 2744 3192 Haec
2769 3139 3005 3208 quotidie
3031 3143 3403 3195 comminatur.
3437 3143 3541 3197 Sed
3566 3144 3741 3199 cibum

2167 3229 2240 3281 illi
2267 3229 2408 3293 dedi,
2438 3229 2665 3297 inquies.
2693 3230 2916 3298 Quando
2949 3242 3002 3286 et
3025 3244 3155 3302 quot
3192 3234 3415 3289 diebus?
3440 3235 3625 3291 decem
3654 3249 3743 3291 aut

2166 3320 2389 3389 viginti?
2410 3322 2479 3374 At
2505 3335 2612 3375 non
2646 3327 2747 3377 hoc
2775 3324 2903 3377 satis
2934 3324 3092 3378 habet
3116 3324 3233 3390 ille;
3261 3327 3354 3380 sed
3382 3339 3580 3396 quanto
3608 3338 3744 3382 teni-

2167 3425 2298 3479 pore
2328 3412 2378 3465 in
2411 3421 2551 3467 terra
2580 3415 2825 3469 versaris.
2854 3415 2985 3469 Nam
3013 3426 3067 3470 et
3088 3417 3317 3486 virgines
3339 3419 3514 3473 oleum
3549 3420 3745 3477 habue-

2168 3514 2326 3569 runt;
2355 3504 2446 3558 sed
2473 3521 2575 3558 non
2599 3514 2852 3576 quantum
2883 3507 2949 3561 ad
2980 3508 3205 3562 salutem
3238 3511 3367 3564 satis
3391 3521 3524 3565 erat.
3567 3514 3744 3582 Siqui-

2169 3592 2288 3647 dem
2317 3602 2370 3647 et
2399 3595 2527 3664 ipsa:
2559 3596 2827 3665 lampades
2864 3598 3256 3665 accenderunt;
3299 3602 3527 3657 exclusa:
3571 3614 3745 3659 tamen

2171 3697 2295 3739 Sttttl
2328 3702 2358 3740 a
2401 3688 2653 3753 thalamo,
2699 3704 2761 3742 ac
2792 3690 2912 3759 jure
2949 3691 3163 3760 quidem
3206 3710 3217 3744 :
3248 3694 3524 3749 exstincta:
3553 3698 3748 3767 quippe

2171 3787 2297 3831 sunt
2325 3789 2447 3833 ante
2492 3780 2674 3848 Sponsi
2716 3781 3023 3835 adventum.
3069 3783 3352 3853 Pmpterea
3403 3788 3569 3842 multo
3597 3791 3748 3843 nobis

2171 3883 2305 3937 Opus
2333 3881 2413 3923 est
2437 3870 2579 3935 oleo,
2604 3880 2659 3924 et
2688 3887 2876 3942 magna
2914 3873 3250 3929 liberalitate.
3296 3876 3431 3930 Audi
3456 3879 3580 3947 quid
3612 3879 3750 3934 dicat

2171 3960 2428 4029 prepbeta
2462 3979 2475 4016 :
2507 3961 2750 4016 Miserere
2801 3968 2897 4019 mei
2919 4004 2934 4028 ,
2985 3963 3144 4031 Deus,
3198 3969 3471 4021 secundum
3514 3986 3748 4040 magnam

2173 4054 2569 4106 misericordiam
2612 4064 2750 4107 tuam
2776 4054 2944 4125 (Psal.
2974 4057 3064 4110 50.
3101 4058 3172 4127 1).
3203 4058 3381 4127 Itaque
3411 4075 3508 4114 nos
3533 4061 3600 4115 ita
3631 4078 3749 4131 pro—

2174 4146 2303 4197 ximi
2327 4154 2533 4213 eportet
2554 4147 2816 4212 misereri,
2839 4156 3033 4216 quanta
3060 4164 3338 4217 possumus
3366 4154 3746 4208 misericordia.

2173 4238 2370 4304 Quales
2395 4238 2534 4291 enim
2563 4253 2686 4307 erga
2717 4253 3005 4293 conservos
3027 4238 3305 4305 fuerimus,
3339 4244 3491 4295 talem
3515 4247 3751 4312 experio-

2176 4338 2296 4376 mur
2338 4323 2643 4376 Dominum.
2693 4322 2947 4388 Quaenam
3010 4340 3199 4394 magna
3250 4336 3331 4379 est
3359 4327 3753 4387 misericordia?

2176 4412 2401 4481 Quando
2431 4431 2535 4467 non
2562 4429 2627 4467 ex
2670 4413 2950 4483 superﬁiiis
2977 4414 3239 4481 dabimus,
3265 4418 3357 4472 sed
3379 4434 3445 4473 ex
3476 4421 3537 4472 iis
3565 4420 3752 4489 quibus

2178 4522 2416 4577 egemus.
2443 4505 2593 4572 Quod
2615 4507 2658 4559 si
2686 4522 2753 4560 ne
2779 4522 2841 4559 ex
2870 4507 3151 4576 superﬁuis
3177 4509 3385 4577 quidem
3410 4511 3618 4575 demus,
3637 4527 3752 4581 qua:

2179 4601 2335 4653 nobis
2365 4614 2489 4669 spes
2518 4600 2777 4667 supererit
2801 4604 2825 4652 ἰν
2851 4599 2990 4653 unde
3011 4616 3039 4651 a
3065 4600 3216 4654 malis
3237 4600 3581 4656 liberabinmr
3603 4602 3625 4654 ?
3650 4618 3752 4671 quo

2178 4691 2440 4763 fugiemus
2468 4700 2527 4745 ut
2553 4693 2774 4747 salutem
2806 4694 3235 4762 consequamur?
3259 4694 3315 4749 Si
3358 4697 3497 4749 enini
3528 4697 3754 4767 virgines

2179 4792 2299 4852 post
2348 4792 2428 4837 tot
2478 4780 2701 4836 sudores
2743 4781 2940 4835 nullam
2993 4798 3212 4852 prorsus
3264 4786 3514 4839 invenere
3564 4801 3754 4841 conso-

2181 4874 2476 4941 lationem,
2531 4876 2648 4944 quis
2688 4874 2841 4930 nobis
2887 4876 3306 4945 patrocinabitur
3342 4894 3461 4933 cum
3515 4880 3602 4934 illa
3654 4891 3758 4934 tre-

2183 4967 2374 5020 menda
2415 4967 2572 5020 verba
2608 4966 2809 5020 Judicis
2861 4969 3233 5037 exprobrantis
3277 4970 3595 5025 audiemus:
3630 4972 3757 5025 Esu-

2186 5058 2407 5112 rientein
2440 5075 2545 5110 non
2580 5075 2665 5113 me
2691 5059 2987 5113 nutrivistis
3011 5077 3023 5124 ;
3052 5072 3124 5126 et,
3147 5061 3297 5129 Quod
3322 5078 3424 5116 non
3450 5062 3647 5117 fecistis
3671 5063 3755 5117 iiiii

2182 5166 2249 5206 ex
2270 5150 2382 5206 istis
2400 5152 2651 5215 minimis,
2677 5168 2776 5206 nec
2793 5153 2921 5205 mihi
2950 5152 3151 5208 fecistis
3182 5154 3389 5225 (Matth.
3416 5156 3505 5210 25.
3527 5157 3618 5211 42.
3643 5158 3754 5216 40).

2184 5244 2299 5298 Νοη
2327 5244 2393 5297 de
2419 5243 2717 5312 discipulis,
2760 5260 2931 5313 neque
2960 5244 3027 5299 de
3077 5246 3351 5301 monachis
3399 5257 3600 5301 tantum
3648 5249 3759 5302 haec

2184 5335 2334 5398 dicit,
2368 5334 2460 5388 sed
2492 5343 2545 5387 et
2571 5334 2636 5388 de
2667 5335 2854 5402 quovis
2881 5335 3043 5389 ﬁdeli.
3076 5335 3208 5390 Nam
3254 5340 3340 5407 qui
3377 5338 3497 5392 talis
3533 5348 3635 5404 est,
3663 5340 3757 5392 etsi

2185 5443 2373 5481 servus
2402 5428 2490 5488 sit,
2543 5427 2645 5481 etsi
2676 5427 2728 5479 in
2775 5426 2890 5481 foro
2921 5429 3208 5495 mendicet,
3242 5431 3284 5484 si
3314 5430 3471 5484 modo
3501 5431 3683 5485 credat
3707 5431 3756 5485 in

2188 5522 2374 5585 Deum,
2399 5520 2517 5589 jure
2537 5520 2680 5573 omni
2705 5519 2894 5575 fruitur
2914 5521 3302 5576 benevolentia.
3332 5522 3388 5576 Si
3411 5522 3760 5592 despiciamus

2187 5618 2331 5671 illum
2360 5615 2558 5668 nudum
2604 5624 2694 5669 aut
2735 5618 3079 5684 esurientem,
3115 5617 3229 5672 liirc
3255 5617 3531 5672 audiemus
3559 5618 3713 5672 verba
3744 5651 3758 5671 .

2188 5718 2241 5765 et
2264 5708 2455 5763 merito
2481 5708 2714 5778 quidem.
