4084 6360
299 433 567 500 ἐξουσίας.
617 435 780 506 Ὁρᾷς
807 433 924 498 πῶς
951 433 1062 486 ἀπὸ
1093 433 1186 487 τοῦ
1220 433 1490 504 προτέρου
1534 433 1597 486 :0
1637 433 1888 504 δεύτερον

301 514 668 570 κατεσκεύασε
698 527 747 582 ι,
771 516 866 568 καί
898 514 1006 568 ἀπὸ
1031 514 1124 568 τοῦ
1149 515 1377 567 θανάτου
1409 516 1502 566 καὶ
1525 517 1624 584 τὴν
1653 516 1890 569 ἀνάστα-

303 619 386 654 σιν
422 600 620 666 ἐδειξεν
645 599 1164 671 ἀναμφισϐήτητον;
1211 601 1442 666 Ταύτην
1471 598 1586 666 τὴν
1623 598 1884 666 ἐντολὴν

301 687 522 740 ἔλαϐον
560 685 720 753 παρὰ
761 683 870 738 τοῦ
915 683 1166 751 Πατρός.
1202 684 1368 737 Ποίαν
1411 683 1474 755 δὴ
1524 683 1764 754 ταύτην;
1814 683 1888 735 Τὸ

301 771 594 825 ἀποθανεῖν
628 769 768 841 ὑπὲρ
793 768 887 822 τοῦ
917 763 1278 839 κόσμου.Ἀρ’
1303 764 1394 821 οὖν
1419 767 1702 837 ἀνέμεινεν
1731 763 1892 820 ἀκοῦ-

303 872 392 908 σαι
420 855 708 926 πρότερον,
733 853 825 907 καὶ
852 855 970 906 τότε
1003 853 1196 916 εἵλετο,
1233 853 1329 905 καὶ
1361 851 1581 922 ἐδέησεν
1609 850 1740 904 αὐτὸ
1784 867 1889 920 μα-

303 939 414 994 θεῖν
435 957 449 1003 ;
473 939 583 992 Καὶ
609 938 699 1002 τίς
725 937 790 992 ἀν
817 938 973 992 τοῦτο
996 936 1121 992 νοῦν
1153 937 1291 1008 ἔχων
1319 939 1493 1001 εἴ.τοι;
1537 935 1673 988 Ἀλλ’
1700 934 1890 1003 ὥσπερ

300 1024 560 1094 ἀνωτέρω
588 1021 760 1076 είπὼν
789 1063 803 1082 .
837 1023 941 1077 Διὰ
995 1023 1172 1076 τοῦτό
1199 1040 1275 1093 με
1331 1025 1364 1076 ό
1404 1020 1609 1088 Πατὴρ
1663 1017 1887 1088 ἀγαπᾷ,

299 1109 397 1179 τὴν
423 1106 671 1161 ἐκούσιον
698 1107 965 1176 ἐδήλωσεν
993 1108 1189 1178 ὁρμὴν,
1221 1107 1315 1160 καὶ
1335 1106 1432 1177 τὴν
1461 1108 1558 1176 τῆς
1584 1104 1891 1174 ἐναντιότη-

299 1210 390 1256 τος
420 1191 635 1244 ἀνεῖλεν
661 1189 917 1244 ὑπόνοιαν
943 1207 955 1218 ·
990 1191 1134 1244 οῦτω
1175 1191 1271 1244 καὶ
1301 1189 1533 1243 ἐνταῦθα
1562 1188 1781 1258 ἐντολὴν
1811 1189 1891 1240 εί-

301 1274 530 1344 ληφέναι
564 1272 718 1344 παρά
746 1273 840 1326 τοῦ
871 1274 1084 1344 Πατρδς
1113 1273 1281 1326 εἰπὼν
1301 1312 1316 1334 ,
1346 1273 1497 1326 οὐδὲν
1531 1273 1658 1325 ἄλλο
1690 1271 1893 1342 ἐμφαί-

303 1379 406 1425 νει,
441 1361 474 1429 ἢ
505 1362 587 1415 ὅτι
626 1359 850 1429 Ἐκείνῳ
871 1357 1018 1411 δοκεί
1043 1357 1203 1410 τοῦτο
1223 1397 1236 1420 ,
1272 1357 1300 1409 ὃ
1322 1354 1433 1424 ἐγὼ
1461 1357 1598 1408 ποιῶ
1623 1373 1634 1383 ’
1667 1357 1731 1408 ἵν’
1762 1358 1890 1409 ὅταν

303 1444 466 1499 αὐτὸν
499 1443 752 1507 ἀνέλωσι,
791 1443 864 1512 μὴ
899 1441 1193 1512 νομίσωσιν
1224 1439 1298 1501 ὼς
1325 1440 1889 1510 ἐγκαταλελειμμένον

305 1530 398 1583 καὶ
437 1527 820 1600 προδιδόμενον
847 1525 951 1578 ὑπὸ
981 1523 1074 1576 τοῦ
1107 1525 1320 1594 Πατρὸς
1345 1523 1679 1594 ἀνῃρηκέναι
1707 1563 1720 1584 ,
1755 1523 1889 1593 μηδὲ

301 1615 638 1668 ὀνειδίσωσιν
667 1612 810 1682 ἅπερ
841 1609 1123 1663 ὡνείδισαν
1144 1626 1157 1639 ·
1181 1609 1438 1672 Ἄλλους
1464 1609 1722 1667 ἔσωσεν,
1756 1607 1891 1661 ἐαυ-

301 1699 410 1752 τὸν
444 1699 516 1751 οὺ
547 1695 798 1750 δύναται
825 1692 1024 1746 σῶσαι
1048 1707 1061 1720 °
1099 1693 1212 1755 καὶ,
1238 1694 1308 1744 El
1346 1693 1476 1757 Υἱὸς
1499 1687 1557 1744 εἴ
1580 1691 1687 1744 τοῦ
1717 1693 1886 1753 Θεοῦ,

301 1781 588 1848 κατάϐηθι
620 1779 740 1834 ἀπὸ
773 1778 881 1832 τοῦ
914 1775 1202 1844 σταυροῦ.
1241 1775 1352 1828 Καὶ⁴
1392 1775 1498 1845 μὴν
1526 1775 1614 1828 διὰ
1643 1774 1800 1828 τοῦτο
1827 1775 1887 1828 οὐ

302 1864 644 1926 καταϐαίνει,
673 1861 861 1931 ἐπειδὴ
898 1858 1026 1922 Υίός
1070 1861 1187 1911 ἐστι
1218 1858 1314 1910 τοῦ
1349 1856 1505 1910 Θεοῦ.

369 1949 440 2009 γ’.
459 1945 609 2021 [355]
629 1943 762 2000 Εἶτα
791 1945 876 1998 ἵνα
897 1943 970 2014 μὴ
989 1943 1223 2007 ἀκούων,
1242 1944 1324 1996 ὅτι
1351 1942 1645 2010 Ἑντολὴν
1667 1942 1891 1996 ἔλαϐον

301 2032 459 2100 παρὰ
509 2031 618 2084 τοῦ
646 2027 878 2097 Πατρὸς
899 2067 914 2090 ,
951 2027 1230 2096 ἀλλότριον
1261 2025 1425 2079 αὐτοῦ
1455 2025 1516 2078 τὸ
1557 2025 1888 2096 κατόρθωμα

299 2112 440 2170 εἶναι
469 2113 718 2185 νομίσῃς,
748 2110 1036 2184 προλαϐὼν
1052 2110 1238 2178 ἔλεγεν
1256 2128 1268 2138 ·
1304 2111 1366 2162 '0
1393 2107 1621 2176 ποιμὴν
1647 2112 1678 2162 ό
1701 2108 1888 2174 καλὸς

300 2199 416 2268 τὴν
455 2197 671 2267 ’ψυχὴν
702 2195 889 2250 αὑτοῦ
923 2195 1161 2260 τίθησιν
1189 2191 1342 2261 ὑπὲρ
1383 2192 1500 2245 τῶν
1537 2193 1845 2260 προϐάτων
1870 2207 1886 2224 ·

296 2285 386 2337 διὰ
423 2286 629 2336 τούτων
658 2281 871 2342 δεικνὺς
899 2276 1064 2332 αὐτοῦ
1094 2276 1224 2330 δντα
1253 2277 1322 2330 τὰ
1356 2277 1604 2346 πρόϐατα
1629 2318 1644 2342 ,
1679 2277 1772 2330 καὶ
1806 2278 1888 2330 ὅτι

297 2366 464 2421 αὐτοῦ
484 2366 544 2418 :0
569 2364 899 2434 κατόρθωμα
936 2357 1004 2432 ἦν
1033 2362 1142 2414 πᾶν
1169 2361 1228 2413 τὸ
1259 2361 1625 2431 γεγενημένον
1650 2401 1665 2422 ,
1701 2361 1797 2414 καὶ
1825 2361 1886 2413 οὐ

297 2452 552 2523 δεόμενον
579 2448 740 2503 αὐτὸν
772 2446 1012 2517 ἐντολῆς.
1056 2446 1118 2497 Εί
1152 2445 1262 2514 γὰρ
1297 2445 1519 2515 ἐντολῆς
1549 2446 1737 2510 ἐδεῖτο,
1769 2445 1888 2509 πῶς

296 2537 484 2602 ἐλεγεν
509 2553 523 2566 ο
571 2533 688 2588 Ἀπ’
719 2531 980 2600 ἐμαυτοῦ
1025 2531 1256 2598 τίθημι;
1318 2529 1374 2581 '0
1410 2528 1518 2598 γὰρ
1552 2529 1644 2598 ἀφ’
1690 2529 1885 2582 ἐαυτοῦ

295 2620 469 2683 τιθεὶς
513 2619 574 2670 οὐ
625 2617 804 2670 δέεται
851 2614 1092 2684 ἐντολῆς.
1119 2614 1228 2665 Καὶ
1259 2611 1358 2683 τὴν
1393 2613 1569 2665 αίτίαν
1594 2614 1650 2665 δὲ
1680 2613 1883 2683 τίθησι,

292 2704 363 2756 δι’
395 2705 461 2774 ῆν
503 2701 664 2756 τοῦτο
695 2701 857 2753 ποιεῖ.
893 2698 1027 2751 Ποία
1070 2699 1127 2751 δὲ
1173 2696 1308 2766 α’ύτη
1343 2697 1494 2760 ἐστί;
1531 2697 1606 2748 Τὸ
1652 2699 1884 2767 ποιμένα

298 2787 460 2841 αὐτὸν
487 2782 648 2848 εἶναι,
673 2785 768 2837 καὶ
797 2782 959 2836 καλὸν
988 2781 1243 2851 ποιμένα.
1285 2781 1342 2833 '0
1380 2781 1437 2834 δὲ
1471 2781 1632 2845 καλὸς
1679 2783 1884 2853 ποιμὴν

295 2873 359 2926 οὐ
383 2871 556 2924 δεῖται
581 2869 768 2938 ἐτέρου
790 2866 883 2918 τοῦ
906 2865 1042 2936 πρὸς
1061 2865 1219 2918 τοῦτο
1241 2865 1402 2918 αὐτὸν
1416 2865 1882 2936 διαναστήσοντος.

296 2957 362 3009 Εί
390 2956 448 3009 δὲ
481 2955 569 3006 ἐπ’
599 2951 904 3021 ἀνθρώπων
936 2948 1116 3009 τοῦτο,
1153 2947 1334 3018 πολλῴ
1371 2949 1568 3017 μᾶλλον
1601 2950 1692 3002 ἐπί
1725 2949 1881 3004 Θεοῦ.

294 3038 400 3092 Διά
416 3038 574 3091 τοῦτο
592 3036 686 3089 καὶ
700 3037 728 3088 0
748 3034 957 3096 Παῦλος
981 3033 1186 3102 ἔλεγεν,
1204 3034 1288 3086 ὅτε.
1303 3033 1550 3086 Ἑαυτὸν
1565 3033 1884 3088 ἐκένωσεν.

297 3123 465 3176 Οὐδὲν
493 3117 590 3175 οὖν
623 3119 751 3174 ἀλλο
777 3120 812 3190 ἡ
857 3117 1044 3188 ἐντολὴ
1090 3115 1324 3169 ἐνταῦθα
1353 3115 1599 3184 βούλεται
1635 3119 1884 3188 κειμένη,

295 3208 413 3261 ἀλλ’
448 3207 481 3277 ἢ
520 3207 619 3276 τὴν
655 3203 792 3275 πρὸς
831 3203 919 3256 τὸν
949 3203 1168 3272 Πατέρα
1203 3202 1456 3271 ὁμόνοιαν
1496 3201 1688 3268 δεῖξαι.
1731 3203 1795 3256 Εἰ
1829 3203 1886 3254 δὲ

293 3293 441 3346 οὕτω
489 3289 761 3353 ταπεινῶς
799 3288 1014 3358 εἴρηται
1057 3287 1148 3339 καὶ
1195 3285 1592 3356 ἀνθρωπίνως,
1644 3287 1742 3357 τῆς
1779 3287 1887 3340 τῶν

296 3377 609 3432 ἀκουόντων
659 3369 810 3427 ἐστὶν
853 3371 1135 3434 ἀσθενείας
1189 3373 1222 3441 ἡ
1275 3371 1444 3424 αἰτία.
1479 3370 1716 3440 Σχίσμα
1774 3367 1890 3425 οὖν

214 3475 220 3482 ·
296 3461 536 3530 ἐγένετο
573 3459 642 3512 ἐν
675 3457 799 3523 τοῖς
858 3455 1182 3520 Ἰουδαίοις.
1221 3454 1329 3506 Καὶ
1388 3457 1442 3507 οἱ
1487 3454 1605 3523 μὲν
1650 3455 1918 3522 ἔλεγον,-

295 3546 388 3599 ὅτι
453 3544 764 3610 δαιμόνιον
843 3540 968 3609 ἔχει
1045 3539 1141 3592 καὶ
1208 3538 1502 3605 μαίνεται.
1583 3538 1642 3590 Τί
1700 3537 1888 3590 αὑτοῦ

296 3631 586 3692 (ixmil-2:8;
619 3630 682 3681 Οἱ
719 3625 818 3689 δὲ,
847 3625 936 3677 ὅτι
973 3623 1051 3677 Τὰ
1099 3621 1341 3691 ῥήματα
1380 3623 1566 3677 ταῦτα
1612 3625 1724 3676 οὐκ
1756 3623 1888 3676 ἐστι

297 3711 806 3783 δαιμονιζομένου.
825 3708 921 3774 Μὴ
939 3708 1250 3775 δαιμόνιον
1271 3705 1522 3760 δύναται
1539 3706 1889 3776 ὀφθαλμοὺς

297 3795 547 3867 τυφλῶν
576 3795 845 3859 ἀνοῖξαι;
894 3791 1111 3862 Ἐπειδὴ
1141 3791 1246 3861 γὰρ
1285 3791 1507 3860 μείζονα
1550 3791 1754 3862 ἦκατά
1794 3792 1887 3845 ἄν-

298 3883 518 3952 θρωπον
547 3881 617 3933 τὰ
641 3880 941 3949 λεγόμενα,
986 3877 1080 3929 καὶ
1123 3875 1183 3928 οὐ
1217 3875 1316 3945 τῆς
1347 3875 1533 3944 κοινῆς
1577 3875 1884 3946 συνηθείας,

295 3965 636 4036 δαιμονῶντα
669 3963 830 4015 αὐτὸν
857 3960 1063 4028 ἐλεγον,
1101 3959 1357 4030 τέταρτον
1388 3958 1416 3998 ι)
1446 3958 1544 4029 ἢδη
1588 3959 1760 4031 τούτῳ
1789 3960 1888 4012 αὐ-

297 4052 390 4104 τὸν
425 4049 819 4121 προσειπόντες
859 4047 972 4115 (καὶ
1001 4048 1110 4116 γάρ
1149 4045 1457 4115 ἔμπροσθεν
1492 4045 1678 4113 ἐλεγον
1703 4062 1716 4074 ·
1755 4051 1886 4098 Δαι-

294 4135 512 4205 μόνιον
540 4131 703 4201 ἔχεις
721 4172 736 4192 ,
757 4132 850 4196 τίς
876 4145 951 4184 σε
975 4128 1141 4194 ζητεῖ
1161 4128 1544 4190 ἁποκτεῖναι;
1575 4129 1670 4181 καὶ
1698 4129 1886 4182 πάλιψ

301 4221 384 4272 Οὐ
425 4216 626 4282 καλῶς
656 4215 944 4284 ἐλέγομεν
964 4253 978 4276 ,
1014 4213 1103 4266 ὅτι
1156 4216 1340 4280 Σαμίᾳ
1359 4213 1520 4278 είτης
1560 4209 1618 4265 εἴ
1642 4213 1724 4266 σὺ
1750 4255 1766 4278 ,
1788 4214 1885 4267 καί

295 4301 610 4370 δαιμόνιον
635 4300 798 4369 ἔχεις
822 4315 840 4361 ;
875 4299 969 4350 καὶ
999 4295 1233 4350 ἐνταῦθα
1257 4314 1270 4326 ·
1305 4297 1620 4364 Δαιμόνιον
1639 4298 1761 4366 ἔχει
1788 4298 1886 4350 καὶ

291 4389 568 4456 μαίνεται
594 4401 608 4416 ·
638 4385 696 4438 τί
715 4383 901 4436 αὑτοῦ
927 4383 1173 4436 ἀκούετε
1193 4391 1253 4448 ;)·
1291 4381 1490 4450 μᾶλλον
1522 4381 1578 4433 δὲ
1610 4382 1671 4433 οὐ
1696 4381 1887 4451 τέταρ-

295 4487 408 4533 τον,
438 4469 576 4523 ἀλλά
601 4469 695 4521 καὶ
724 4465 983 4529 πολλάκις
1015 4465 1177 4517 αὐτὸν
1216 4464 1532 4532 ἀκηκοέναι.
1565 4465 1638 4516 Τὸ
1660 4467 1768 4534 γὰρ
1796 4464 1885 4516 λεῖ⁸

295 4572 436 4623 γειν,
479 4556 560 4607 Οὺ
595 4551 789 4618 καλῶς
829 4549 1114 4619 ἐλέγομεν
1139 4549 1225 4600 ὅτι
1252 4549 1562 4617 δαιμόνιον
1596 4552 1750 4618 ἔχεις
1779 4568 1796 4614 ;
1826 4552 1885 4603 οὐ

294 4637 390 4691 τοῦ
420 4637 670 4708 δεύτερον
705 4637 796 4688 καὶ
820 4633 1024 4706 τρίτον,
1049 4631 1184 4684 ἀλλά
1207 4631 1301 4683 τοῦ
1325 4631 1581 4690 πολλάκις
1606 4634 1885 4703 εἰρηκέναι

294 4719 477 4782 τοῦτο,
515 4719 738 4790 σημεῖόν
775 4721 912 4771 ἐστι.
942 4720 1004 4770 Ol
1038 4715 1106 4768 δὲ
1135 4716 1347 4783 ἔλεγον
1377 4727 1424 4778 ο,
1461 4715 1654 4785 φησίνο
1699 4717 1888 4770 Ταῦτα

296 4806 368 4859 τὰ
409 4803 650 4872 ῥήματα
691 4804 802 4856 οὐκ
837 4801 970 4853 ἐστι
1006 4796 1510 4868 δαιμονιζομένου.
1547 4799 1640 4866 Μὴ
1686 4799 1888 4867 δαιμό-

294 4906 432 4944 νιον
453 4887 704 4941 δύναται
735 4883 1081 4953 ὀφθαλμοὺς
1103 4881 1349 4951 τυφλῶν
1367 4882 1600 4947 ἀνοῖξαι
1621 4899 1639 4944 ;
1669 4883 1885 4953 Ἐπειδὴ

297 4975 409 5044 γάρ
440 4973 550 5025 ἀπὸ
593 4970 856 5042 ῥημάτων
908 4968 1008 5021 οὐκ
1041 4967 1303 5036 ἠδύναντο
1344 4966 1719 5038 ἐπιστομίζειν
1743 5009 1756 5029 ,
1787 4969 1885 5039 τὴν

296 5055 573 5122 ἀπόδειξιν
612 5053 798 5107 λοιπὸν
826 5053 934 5104 011:0
960 5051 1070 5104 τῶν
1104 5051 1281 5121 ἔργων
1310 5051 1608 5105 ἐποιοῦντο.
1632 5053 1884 5105 Μάλιστα

300 5142 399 5210 μὲν
433 5141 544 5210 γὰρ
573 5137 696 5192 οὐδὲ
724 5135 794 5189 τά
845 5137 1068 5206 ῥήματα
1115 5135 1478 5202 δαιμονῶντός
1523 5138 1670 5187 ἐστιν
1691 5150 1706 5167 ο
1735 5137 1784 5188 εί
1827 5136 1884 5189 δέ

296 5226 358 5277 οὐ
400 5221 655 5276 πείθεσθε
707 5221 816 5274 ἀπὸ
877 5218 986 5272 τῶν
1052 5218 1354 5289 ῥημάτων,
1404 5219 1512 5270 ἀπὸ
1563 5218 1670 5272 τῶν
1708 5219 1884 5288 ἐργων

296 5307 679 5378 δυσωπήθητε.
711 5307 774 5360 Εἰ
805 5306 862 5358 δὲ
917 5304 990 5375 μὴ
1039 5301 1400 5373 δαιμονῶντός
1457 5303 1612 5368 ἐστι,
1664 5304 1884 5373 μείζονα

298 5392 357 5445 δὲ
385 5392 418 5462 ἢ
455 5391 596 5444 κατὰ
631 5390 918 5459 ἄνθρωπον
949 5431 962 5451 ,
997 5386 1216 5456 εὔδηλον
1247 5387 1330 5439 ὅτι
1361 5386 1512 5449 θείας
1543 5387 1686 5451 τινὸς
1714 5387 1885 5442 ταῦτά

299 5477 416 5529 ἐστι
471 5474 773 5544 δυνάμεως.
813 5469 965 5534 Εἶδες
1022 5469 1381 5540 συλλογισμόν
1410 5487 1424 5534 ;
1457 5469 1578 5522 Ὅτι
1611 5471 1716 5541 γὰρ
1767 5473 1884 5541 μεί-

300 5562 430 5624 ζονα
466 5557 499 5628 ἢ
531 5557 673 5610 κατά
705 5556 990 5628 ἄνθρωπον
1020 5550 1087 5624 ἦν
1106 5597 1119 5619 ,
1159 5553 1319 5622 δῆλον
1350 5555 1413 5606 ἐκ
1444 5552 1537 5605 τοῦ
1565 5553 1742 5620 λέγειν
1763 5597 1776 5617 ,
1805 5555 1884 5607 ὅτι

300 5643 618 5712 Δαιμόνιον
647 5641 800 5708 ἔχει’
840 5640 922 5692 ὅτι
960 5638 1016 5690 δὲ
1061 5636 1330 5706 δαιμόνιον
1358 5639 1457 5688 οὐκ
1490 5633 1654 5707 εἶχεν,
1687 5638 1886 5708 ἐδήλω-

303 5744 395 5780 σεν
426 5727 520 5792 ἀφ’
549 5717 624 5778 ὧν
665 5724 908 5792 ἐποίησε.
947 5721 1011 5772 Τί
1049 5716 1142 5773 οὖν
1189 5721 1217 5772 0
1247 5720 1516 5791 Χριστός;
1550 5720 1713 5774 Οὐδὲν
1749 5723 1882 5792 πρὸς

364 5814 390 5841 ⁸
437 5811 613 5860 Morel.
646 5818 698 5858 et
734 5809 945 5871 quidam!
988 5806 1336 5871 παρεσκεύασε.
1358 5805 1524 5871 βενὶι.
1563 5813 1617 5855 et
1662 5808 1744 5871 alii
1773 5825 1886 5871 κατε

305 5875 556 5924 ισκεύασε.
584 5872 616 5916 b
643 5867 790 5922 Nouit
821 5869 1010 5920 Boisius
1031 5870 1157 5918 forte
1191 5867 1456 5928 legendum
1477 5881 1590 5917 esse
1611 5869 1884 5930 :pi:0v,hnc

305 5939 414 5986 loco
452 5943 503 5984 et
545 5950 671 5984 mox.
713 5937 859 5983 (ἴοι-ιο
900 5935 1121 5996 τέταρτον
1146 5931 1327 5982 habent
1360 5930 1522 5981 omnia
1560 5934 1878 5992 exemplaria.

307 6000 333 6030 ⁸
351 5997 450 6050 Alii
476 5998 610 6047 ἄλλοι
643 5998 693 6046 δὲ
723 5998 894 6058 ἔλεγον.

1369 313 1436 368 IN
1475 311 1789 370 JOANNEM
1831 309 2066 368 non".
2107 314 2216 372 Lx.
2259 317 2332 372 al.
2371 301 2522 372 LIX.‘

3469 325 3576 380 33".!

1991 434 2166 490 ταῦτα
2199 437 2578 508 ἀποκρίνεται.
2615 440 2888 510 Πρότερον
2943 441 3042 509 μὲν
3085 442 3192 511 γὰρ
3225 439 3582 513 ἀπεκρίνατο,

2003 519 2144 588 Ἐγὼ
2169 520 2484 590 δαιμόνιον
2511 525 2623 576 οὐκ
2651 525 2769 592 ἔχω
2795 542 2808 555 ·
2841 525 2961 578 νυνὶ
2987 523 3044 576 δὲ
3067 524 3128 576 οὐ
3149 524 3327 578 τοῦτο.
3367 527 3585 600 Ἐπειδὴ

1991 603 2101 674 γάρ
2135 604 2233 675 τὴν
2271 605 2361 658 διὰ
2409 605 2520 660 τῶν
2567 609 2910 678 πραγμάτων
2962 608 3235 678 παρέσχεν
3287 609 3583 677 ἀπόδειξιν,

1990 687 2148 755 εσίγα
2185 687 2392 744 λοιπόν.
2440 690 2577 743 Οὐδὲ
2609 691 2718 762 γὰρ
2765 691 3108 761 ἀποκρίσεως
3155 693 3295 765 ἦσαν
3329 694 3471 760 ἄξιοι
3531 697 3582 748 οἱ

1989 771 2330 842 δαιμονῶντα
2370 775 2534 828 αὐτὸν
2563 775 2857 840 καλοῦντες
2890 777 3030 849 ὑπὲρ
3055 777 3262 834 τούτων
3286 818 3302 844 ,
3335 779 3478 850 ὑπὲρ
3507 775 3584 832 ὧν

1991 855 2316 925 θαυμάζειν,
2339 857 2434 910 καὶ
2458 858 2592 912 Θεὸν
2621 859 2872 929 ἡγεῖσθαι
2905 861 3066 914 αὐτὸν
3099 863 3287 933 ἐχρῆν.
3315 864 3381 916 Τί
3402 864 3458 916 δὲ
3488 865 3584 918 καὶ

1991 938 2097 991 ἔδει
2134 938 2286 1012 [556]
2323 941 2432 994 τῶν
2486 944 2616 1014 παρ’
2662 944 2824 998 αὐτοῦ
2859 945 3045 1000 λοιπὸν
3094 947 3330 1017 ἐλέγχων
3356 990 3370 1012 ,
3399 948 3583 1002 αὐτῶν

1991 1025 2111 1075 κατ’
2137 1024 2382 1096 ἀλλήλων
2412 1027 2714 1096 ἱσταμένων
2743 1031 2835 1082 καὶ
2862 1031 3250 1100 διελεγχόντων
3284 1033 3580 1104 ἀλλήλους;

1991 1105 2092 1160 Διά
2123 1107 2281 1160 τοῦτο
2314 1109 2473 1178 ἐσίγα
2507 1111 2602 1163 καὶ
2657 1111 2848 1181 πράως
2888 1114 3065 1168 πάντα
3117 1115 3330 1186 ἔφερεν.
3365 1117 3440 1168 Οὐ
3492 1115 3585 1168 διὰ

1991 1189 2150 1243 τοῦτο
2184 1191 2241 1244 δὲ
2279 1191 2437 1261 μόνον
2457 1233 2471 1256 ,
2502 1193 2640 1246 ἀλλά
2668 1195 2765 1247 καὶ
2803 1199 2949 1267 ἡμᾶς
2979 1197 3249 1253 παιδεύων
3278 1200 3584 1253 ἐπιείκειαν

1993 1277 2086 1329 καὶ
2119 1277 2504 1347 μακροθυμίαν
2536 1281 2735 1332 πᾶσαν.

2060 1358 2123 1414 δ’.
2143 1361 2342 1413 Τοῦτον
2361 1361 2542 1414 τοίνυν
2569 1363 2922 1435 ζηλώσωμεν.
2944 1367 3080 1420 Οὐδὲ
3100 1365 3210 1437 γάρ
3232 1367 3454 1437 ἐσίγησε
3489 1367 3586 1436 μό-

1991 1461 2102 1506 νον,
2134 1444 2268 1498 ἁλλά
2295 1445 2389 1498 καὶ
2414 1446 2573 1498 πάλιν
2603 1447 2828 1517 ἐπέστη,
2853 1450 2946 1502 καὶ
2975 1451 3268 1520 ἐρωτηθεὶς
3294 1450 3585 1522 ἀποκρίνει

1992 1545 2113 1594 ται,
2169 1529 2262 1581 καὶ
2309 1529 2380 1581 τὰ
2416 1530 2514 1597 τῆς
2557 1531 2814 1601 προνοίας
2845 1533 3011 1586 αὐτοῦ
3043 1533 3413 1588 ἐπιδείκνυται
3438 1553 3454 1568 ο
3488 1535 3585 1590 καὶ⁹

1991 1610 2261 1680 δαιμονῶν
2291 1613 2512 1682 κληθεὶς
2564 1614 2658 1666 καὶ
2689 1616 3045 1684 μαινόμενος,
3099 1619 3250 1685 παρά
3281 1617 3586 1688 ἀνθρώπων

1996 1698 2165 1768 μυρία
2198 1697 2670 1768 εὐηργετημένων,
2704 1699 2797 1752 καὶ
2846 1702 2944 1769 οὐχ
2974 1700 3124 1766 ἀπαξ
3152 1703 3272 1754 οὐδὲ
3299 1703 3380 1764 δὶς
3402 1744 3417 1766 ,
3449 1703 3584 1756 ἀλλὰ

1992 1780 2086 1833 καὶ
2107 1781 2364 1844 πολλάκις
2382 1822 2396 1843 ,
2429 1783 2489 1834 οὐ
2527 1782 2686 1850 μόνον
2715 1785 2814 1836 οὐκ
2845 1784 3110 1854 ἠμύνατο,
3139 1786 3272 1840 ἀλλὰ
3306 1787 3399 1840 καὶ
3427 1788 3586 1858 εὐερο

1991 1865 2164 1932 γετῶν
2196 1867 2392 1928 αὐτοὺς
2435 1866 2495 1918 οὐ
2529 1866 2754 1921 διέλιπε.
2807 1870 2915 1922 Καὶ
2945 1870 2998 1923 τί
3045 1867 3188 1938 λέγω
3236 1871 3582 1940 εὐεργετῶν;

2005 1948 2175 2018 ’Υπὲρ
2206 1949 2384 2001 αὐτῶν
2423 1950 2516 2002 καὶ
2552 1951 2652 2020 τὴν
2679 1952 2858 2022 ψυχὴν
2888 1953 3054 2006 αὐτοῦ
3086 1953 3271 2023 ἔθηκε,
3303 1955 3398 2007 καὶ
3424 1971 3586 2007 σταυ-

1999 2033 2258 2102 ρούμενος
2293 2032 2434 2101 ὑπὲρ
2477 2034 2657 2086 αὐτῶν
2705 2035 2783 2105 τῷ
2836 2037 3012 2107 Πατρὶ
3065 2036 3392 2104 διαλέγεται.
3422 2036 3586 2090 Ταῦτ’

1991 2113 2085 2170 οὖν
2110 2118 2205 2169 καὶ
2235 2119 2395 2188 ἡμεῖς
2426 2117 2815 2187 μιμησώμεθα.
2854 2121 3027 2173 Τοῦτο
3062 2121 3170 2191 γάρ
3202 2122 3317 2174 ἐστι
3350 2119 3586 2191 Χριστοῦ

1992 2197 2132 2254 εἶναι
2171 2201 2439 2272 μαθητὴν,
2474 2202 2534 2254 :0
2560 2205 2732 2273 πρᾶον
2758 2199 2898 2256 εἶναι
2926 2209 3020 2258 καὶ
3052 2205 3293 2274 ἐπιεικῆ.
3329 2205 3499 2257 Πόθεν
3529 2201 3588 2255 δὲ

1991 2285 2187 2352 γένοιτ’
2214 2285 2280 2338 ἂν
2303 2287 2434 2355 ἡμῖν
2473 2285 2609 2356 αῦτη
2645 2287 2676 2356 ή
2707 2288 2949 2357 πραότης
2983 2305 2997 2353 ς
3031 2289 3128 2340 Ἂν
3164 2287 3264 2350 τὰς
3311 2287 3588 2358 ἁμαρτίας

1991 2372 2024 2440 ή
2033 2369 2148 2449 μῶν
2168 2369 2514 2439 λογιζώμεθα
2537 2370 2774 2440 συνεχῶς
2795 2411 2809 2433 ,
2837 2371 2902 2424 ἂν
2925 2371 3228 2442 πενθῶμεν,
3257 2372 3322 2425 ἂν
3343 2371 3588 2443 δακρύω-

1995 2472 2114 2525 μεν.
2154 2453 2289 2507 Οὐδὲ
2339 2455 2448 2525 γάρ
2496 2455 2748 2524 ἀνέχεται
2797 2455 2942 2525 ψυχὴ
2973 2455 3208 2526 τοσαύτῃ
3258 2455 3588 2526 συνοικοῦσα

1991 2539 2154 2610 ὀδύνῃ
2182 2538 2586 2609 παροξύνεσθαι
2618 2540 2712 2591 καὶ
2740 2540 3072 2611 ὀργίζεσθαι.
3111 2525 3280 2594 Ἔνθα
3305 2525 3415 2613 γάρ
3454 2541 3520 2594 ἂν
3551 2535 3585 2612 ᾗ

1992 2623 2185 2686 πένθος
2206 2663 2219 2684 ,
2237 2623 2406 2694 όργὴν
2430 2619 2569 2677 εἶναι
2591 2625 2871 2694 ἀμήχανον
2893 2641 2904 2652 ·
2930 2624 3057 2678 ἔνθα
3080 2625 3246 2695 λύπη,
3263 2628 3414 2678 πᾶσα
3431 2627 3586 2677 ἐκπο-

1990 2706 2095 2760 δὼν
2132 2708 2268 2776 ὀργὴ
2296 2723 2308 2735 ·
2343 2707 2472 2760 ἔνθα
2521 2707 2782 2779 συντριὸὴ
2815 2708 3056 2771 διανοίας
3077 2749 3090 2769 ,
3131 2708 3309 2770 οὐδεὶς
3343 2707 3586 2776 παροξυ-

1993 2790 2148 2860 σμός.
2188 2790 2322 2842 Ὑπὸ
2345 2790 2452 2861 γάρ
2491 2791 2720 2855 πένθους
2751 2792 3122 2862 μαστιζομένη
3157 2793 3190 2862 ἡ
3230 2791 3440 2844 διάνοια
3466 2789 3586 2842 οὐδέ

1993 2874 2186 2944 σχολὴν
2215 2871 2326 2944 ἔχει
2353 2874 2691 2945 διεγερθῆναι
2711 2893 2726 2908 ο
2753 2875 2889 2928 ἀλλά
2918 2875 3163 2940 στενάζει
3192 2874 3217 2913 ά
3253 2874 3470 2945 πικρὸν,
3497 2873 3584 2928 καὶ

1990 2958 2288 3013 κλαύσεται
2319 2959 2663 3029 πικρότερον.
2698 2960 2808 3011 Καὶ
2837 2955 2954 3012 οἶδα
2987 2960 3085 3028 μὲν
3113 3001 3127 3020 ,
3159 2959 3241 3012 ὅτι
3273 2957 3459 3011 πολλοὶ
3490 2974 3585 3026 γε-

1989 3041 2123 3095 λῶσι
2150 3042 2324 3094 ταῦτα
2354 3042 2642 3105 ἀκούοντες
2661 3055 2673 3070 °
2707 3042 2824 3096 ἀλλ’
2858 3040 2968 3109 ἐγὼ
3001 3044 3126 3104 τοὺς
3152 3041 3427 3110 γελῶντας
3461 3041 3583 3111 θρη·

1990 3125 2097 3179 νῶν
2127 3126 2186 3178 οὐ
2217 3126 2518 3196 παύσομαι.
2556 3125 2793 3188 Πένθους
2824 3124 2934 3194 γάρ
2965 3127 2992 3177 0
3031 3124 3222 3195 παρὼν
3253 3124 3444 3196 καιρὸς
3492 3123 3584 3178 καὶ

1991 3208 2204 3280 θρήνων
2233 3210 2329 3262 καὶ
2354 3209 2626 3281 ὀδυρμῶν.
2660 3209 2838 3261 Πολλά
2873 3208 2982 3278 γάρ
3013 3209 3108 3260 καὶ⁵
3158 3211 3216 3260 ἐν
3247 3209 3454 3277 ῥήμασι
3493 3207 3584 3261 καὶ

1991 3294 2048 3345 ἐν
2067 3293 2390 3364 πράγμασιν
2414 3293 2824 3363 ἁμαρτάνομεν.
2847 3292 2984 3354 Τοὺς
3005 3291 3061 3344 δὲ
3088 3291 3314 3344 τοιαῦτα
3336 3291 3442 3358 πλη
3453 3307 3584 3361 μμε-

1990 3376 2217 3440 λοῦντας
2245 3378 2440 3443 γέεννα
2473 3376 2775 3446 ἐκδέχεται,
2810 3375 2904 3427 καὶ
2946 3375 3192 3445 ποταμὸς
3217 3372 3354 3440 ζέων
3382 3373 3460 3442 τῷ
3497 3376 3581 3446 ρο-

1991 3460 2090 3530 θίῳ
2129 3460 2223 3512 :06
2253 3460 2424 3529 πυρὸς
2445 3501 2459 3524 ,
2489 3461 2582 3512 καὶ
2622 3459 2900 3530 βασιλείας
2927 3459 3200 3522 ἔκπτωσις
3223 3500 3238 3523 ,
3268 3458 3329 3511 :0
3367 3459 3584 3512 πάντων

1990 3543 2392 3614 χαλεπώτατον.
2437 3542 2655 3596 Τούτων
2715 3539 2810 3596 οὖν
2857 3543 3276 3613 ὴπειλημένων,
3311 3543 3434 3594 είπέ
3469 3558 3584 3610 μοι,

1991 3626 2155 3697 γελᾷς
2187 3629 2250 3680 σὺ
2285 3629 2378 3681 καὶ
2400 3629 2642 3698 τρυφᾷς;
2671 3627 2765 3679 καὶ
2800 3627 2895 3678 τοῦ
2925 3626 3198 3678 Δεσπότου
3225 3641 3318 3677 σου
3356 3622 3582 3696 παροξυ-

1993 3711 2220 3780 νομένου
2242 3712 2333 3762 καὶ
2357 3708 2706 3773 ἀπειλοῦντος
2721 3749 2735 3773 ,
2759 3709 2998 3780 ἕστηκας
3020 3709 3465 3772 ἀναπεπτωκιέκς
3492 3708 3582 3762 καὶ

1993 3797 2054 3850 οὐ
2093 3795 2338 3856 δέδοικας
2387 3794 2461 3864 μὴ
2491 3793 2665 3865 τούτῳ
2713 3793 2896 3864 σαυτῷ
2937 3793 3197 3864 λαμπρὰν
3236 3793 3446 3864 ἀνάψῃς
3487 3791 3582 3864 τὴν

1991 3880 2253 3949 κάμινον;
2287 3878 2401 3930 Οὐκ
2427 3876 2648 3940 ἀκούεις
2686 3878 2737 3930 τί
2767 3877 2888 3930 καθ’
2923 3880 3162 3949 ἑκάστην
3191 3877 3408 3949 ἡμέραν
3442 3875 3543 3945 βοᾷ
3569 3891 3582 3941 ς

1991 3961 2297 4015 Πεινῶντά
2320 3977 2398 4029 με
2421 3959 2633 4024 εἴδετε,
2666 3963 2763 4013 καὶ
2796 3963 2908 4014 οὐκ
2936 3959 3256 4029 ἐθρέψατεο
3292 3955 3582 4028 διψῶντα,

1991 4045 2090 4098 καί
2125 4047 2237 4098 οὐκ
2260 4044 2599 4098 ἐποτίσατε.
2630 4045 2968 4112 Πορεύεσθε
2989 4047 3075 4110 εὶς
3101 4045 3168 4096 τὸ
3191 4042 3310 4112 πῦρ
3341 4041 3406 4094 τὸ
3434 4041 3580 4108 11:01-

1985 4129 2304 4199 μασμένον
2331 4126 2411 4192 τῷ
2445 4127 2704 4192 διαϐόλῳ
2749 4128 2850 4180 καὶ
2901 4127 3026 4184 τοῖς
3048 4128 3328 4197 ἀγγέλοις
3355 4123 3543 4179 αὐτοῦ
3565 4138 3579 4152 '

1991 4214 2084 4267 καὶ
2119 4212 2290 4265 ταῦτα
2313 4212 2531 4266 ἀπειλεῖ
2558 4211 2681 4265 καθ’
2715 4211 2956 4282 ἑκάστην
2980 4213 3217 4282 ἡμέραν.
3267 4211 3406 4263 Ἀλλ’
3430 4208 3580 4278 ἐθρε-

1989 4298 2091 4366 ψα,
2123 4297 2310 4366 φησιν,
2346 4295 2528 4348 αὐτόν.
2568 4295 2703 4347 Πότε
2733 4297 2827 4348 καὶ
2852 4297 3026 4358 πόσας
3055 4295 3304 4366 ήμέρας;
3337 4293 3469 4346 δέκα
3491 4292 3580 4345 καὶ

1991 4380 2200 4442 εἷκοσις
2246 4379 2386 4430 Ἀλλ’
2439 4380 2500 4432 οὐ
2546 4377 2801 4432 τοσοῦτον
2856 4378 3106 4449 βούλεται
3154 4377 3346 4448 χρόνον
3402 4375 3580 4446 μόνον,

1991 4463 2106 4515 ἀλλ’
2140 4463 2263 4514 ὅσον
2305 4463 2398 4513 ἐπὶ
2433 4463 2531 4531 τῆς
2557 4462 2660 4531 γῆς
2689 4461 3008 4530 διατρίϐεις.
3054 4461 3208 4513 Ἐπεὶ
3233 4461 3328 4512 καὶ
3356 4460 3412 4512 αἱ
3439 4475 3579 4530 παρ-

1991 4547 2134 4600 θένοι
2165 4541 2311 4616 εἶχον
2347 4546 2545 4608 ἔλαιον,
2583 4545 2697 4598 ἀλλ’
2736 4547 2836 4598 οὐκ
2878 4545 3082 4616 ἀρκοῦν
3124 4546 3262 4614 πρὸς
3297 4543 3577 4613 σωτηρίαν

1989 4633 2202 4694 αὐταῖς.
2244 4629 2353 4682 Καὶ
2400 4631 2510 4701 γάρ
2561 4632 2655 4684 καὶ
2698 4625 2858 4684 αὗται
2888 4630 3104 4699 ἀνῆψαν
3141 4630 3240 4694 τὰς
3266 4628 3579 4698 λαμπάδας,

1987 4716 2104 4769 ἀλλ’
2132 4714 2572 4785 ἀπεκλείσθησαν
2600 4715 2694 4768 τοῦ
2737 4715 3024 4786 νυμφῶνος
3051 4733 3064 4744 '
3103 4714 3196 4768 καὶ
3245 4715 3392 4786 μάλα
3435 4714 3582 4768 εἰκό-

1987 4816 2116 4860 τως.
2151 4798 2437 4868 Ἔφθησαν
2467 4799 2575 4868 γὰρ
2597 4799 2906 4852 σϐεσθεῖσαι
2951 4799 3058 4867 πρὸ
3087 4799 3188 4862 τῆς
3221 4798 3315 4851 τοῦ
3344 4796 3578 4867 νυμφίου

1989 4885 2316 4955 παρουσίας.
2342 4883 2442 4937 Διά
2467 4883 2622 4936 τοῦτο
2645 4883 2842 4936 πολλοῦ
2869 4886 3003 4954 ἡμῖν
3036 4884 3118 4936 δεῖ
3141 4883 3236 4936 τοῦ
3261 4883 3462 4946 ἐλαίου,
3487 4882 3580 4934 καὶ

1987 4967 2242 5038 δαψιλοῦς
2269 4968 2367 5038 τῆς
2391 4967 2824 5038 φιλανθρωπίας.
2865 4969 3133 5020 Ἀκουσον
3174 4966 3306 5035 γοῦν
3326 4967 3379 5019 τί
3413 4983 3580 5037 φησιν

1987 5056 2016 5107 0
2050 5055 2340 5124 προφήτης
2361 5069 2373 5081 ·
2412 5049 2708 5118 Ἐλέησόν
2733 5069 2824 5117 με,
2861 5053 2894 5104 ό
2921 5051 3100 5117 Θεὸς,
3152 5052 3302 5105 κατὰ
3336 5051 3401 5104 τὸ
3425 5051 3580 5119 μέγα

1987 5137 2161 5202 ἔλεός
2184 5151 2321 5188 σου.
2373 5133 2584 5188 Οὐκοῦν
2619 5134 2710 5187 καὶ
2761 5136 2907 5205 ἡμᾶς
2962 5135 3090 5198 τοὺς
3142 5135 3371 5205 πλησίον
3405 5134 3580 5196 οὕτως

1987 5221 2161 5273 ἐλεεῖν
2191 5219 2289 5284 δεῖ,
2328 5219 2469 5272 κατά
2507 5217 2569 5270 :0
2606 5218 2748 5288 μέγα
2785 5219 2933 5281 ἕλεος
2979 5219 3040 5270 τὸ
3083 5219 3214 5289 παρ’
3256 5219 3408 5287 ἡμῖν.
3461 5211 3576 5269 Οἷοι

1987 5305 2097 5374 γὰρ
2129 5304 2195 5357 ἂν
2215 5302 2505 5372 γενώμεθα
2528 5318 2593 5354 πε
2604 5303 2656 5370 pl
2683 5302 2808 5363 τοὺς
2826 5301 3171 5372 ὁμοδούλους,
3193 5300 3434 5355 τοιούτου
3455 5317 3577 5352 τευ·

1989 5388 2191 5460 ξόμεθα
2220 5387 2316 5440 τοῦ
2359 5386 2655 5442 Δεσπότου.
2707 5387 2867 5438 Ποῖον
2909 5387 2966 5439 δὲ
3018 5387 3166 5448 ἐλεος
3203 5385 3376 5455 μέγα;
3407 5384 3578 5436 ’Ὀταν

1989 5476 2062 5544 μὴ
2105 5473 2170 5526 ἐκ
2205 5471 2299 5524 τοῦ
2335 5471 2778 5542 περισσεύματος
2809 5469 3010 5540 δῶμεν,
3053 5469 3167 5523 ἀλλ’
3201 5471 3266 5522 ἐκ
3299 5469 3392 5522 τοῦ
3424 5469 3576 5522 ὑστε-

1989 5563 2254 5628 ρήματος.
2287 5555 2434 5627 [³557]
2461 5557 2523 5608 Εἰ
2549 5555 2607 5608 δέ
2641 5555 2774 5626 μηδὲ
2796 5556 2862 5606 ἐκ
2889 5554 2984 5607 τοῦ
3012 5551 3477 5624 περισσεύματος,
3495 5552 3578 5612 τίς

1985 5645 2118 5712 ἡμῖν
2148 5642 2298 5694 ἐσται
2331 5641 2519 5705 ἐλπίς;
2557 5639 2722 5692 πόθεν
2760 5639 2868 5692 τῶν
2901 5638 3088 5691 κακῶν
3131 5637 3358 5691 ἐκείνων
3403 5635 3577 5690 ἀπαλ-

1985 5726 2162 5796 λαγῆς
2195 5724 2296 5777 ποῦ
2321 5723 2664 5794 δυνησόμεθα
2695 5726 2888 5792 φυγεῖν
2913 5723 3006 5776 καὶ
3046 5722 3322 5793 σωτηρίαν
3355 5722 3574 5793 εὐρείν;

1986 5811 2050 5864 Εἰ
2078 5811 2188 5881 γάρ
2218 5811 2274 5863 αἱ
2307 5810 2568 5881 παρθένοι
2603 5810 2741 5880 μετά
2779 5809 3066 5872 τοσούτους
3099 5809 3196 5862 καὶ
3223 5807 3576 5878 τηλικούτους

1989 5893 2218 5967 ἱδρῶτας
2247 5894 2504 5965 οὐδεμίαν
2534 5895 2831 5966 οὐδαμόθεν
2873 5895 3030 5966 ἔσχον
3060 5892 3410 5966 παραμυθίαν
3429 5908 3443 5923 ·
3483 5890 3567 5953 τίς

2051 5997 2079 6039 d
2100 5999 2181 6049 Sic
2202 5998 2374 6048 Morel.
2407 6013 2516 6050 cum
2539 6001 2678 6052 codd.
2702 6001 2813 6054 τοις.
2840 6001 2950 6051 709.
2974 6002 3124 6052 Savil.
3156 6007 3207 6052 el
3230 6001 3315 6052 alii
3343 5999 3568 6052 στενάξαι.
