4084 6360
258 392 361 428 Οῧι)

330 481 504 550 (I/[icia
526 479 812 535 Christiana
838 500 987 551 quam
1010 484 1201 553 facilia.
1232 513 1300 522 —
1320 483 1453 549 Quid
1480 485 1620 537 enim
1642 500 1825 553 grave.

252 575 377 639 quid
404 590 691 628 onerosum
718 591 747 628 a
775 576 927 628 nobis
957 576 1137 644 exigit,
1178 575 1302 644 quid
1332 592 1434 628 non
1480 576 1830 630 facillimum?

254 669 434 738 Neque
455 669 597 721 enim
616 668 766 733 dixit,
794 667 1039 721 Infirmus
1055 684 1223 733 eram,
1252 678 1306 722 et
1331 686 1435 722 non
1457 671 1682 723 sanastis
1706 686 1826 733 me;

252 759 365 823 sed,
400 756 521 812 Non
544 759 779 811 visitastis
800 775 895 811 me.
928 757 1041 811 Non
1070 759 1221 819 dixit,
1253 759 1307 813 In
1337 775 1550 813 carcere
1579 775 1747 825 eram,
1777 768 1831 813 et

252 866 359 903 non
386 849 647 904 eduxistis
675 864 796 913 me;
845 849 963 913 sed,
996 849 1116 903 Non
1157 851 1357 903 venistis
1382 851 1449 902 ad
1488 867 1584 904 me.
1619 850 1829 917 Quanto

251 940 411 1009 igitur
441 940 674 995 faciliora
714 952 837 995 sunt
887 952 1172 1011 praecepta,
1222 953 1368 996 tanto
1422 943 1593 1010 majus
1637 943 1831 1010 suppli-

250 1032 391 1085 cium
442 1046 546 1085 non
602 1032 957 1086 servantibus.
1010 1033 1145 1099 Quid
1174 1034 1337 1094 enim,
1369 1048 1571 1101 qumso,
1600 1032 1824 1095 facilius,

252 1138 407 1191 quam
438 1138 710 1177 carcerem
741 1124 934 1178 adire?
975 1126 1100 1194 quid
1149 1126 1412 1179 suavius?
1456 1123 1586 1179 Cum
1630 1125 1828 1179 videris

248 1216 381 1269 alios
413 1215 637 1279 vinctos,
665 1216 798 1270 alios
828 1217 1118 1285 squalidos,
1147 1226 1404 1278 comatos,
1434 1226 1488 1271 et
1526 1217 1713 1285 palmis
1743 1217 1826 1269 in-

250 1305 426 1369 dutos,
457 1306 592 1360 alios
639 1305 779 1361 fame
810 1307 1162 1372 tabescentes,
1218 1317 1297 1361 et‘
1326 1307 1391 1360 ad
1439 1307 1599 1375 pedes
1635 1322 1825 1361 canum

252 1412 399 1450 more
422 1408 781 1464 accurrentes,
822 1398 955 1451 alios
984 1398 1267 1467 discerptis
1293 1399 1569 1464 lateribus,
1598 1397 1732 1451 alios
1761 1413 1827 1451 ex

250 1486 365 1541 foro
393 1489 582 1558 ligatos
607 1500 957 1553 revertentes,
987 1472 1074 1559 qui
1094 1499 1199 1545 tota
1226 1491 1314 1544 die
1344 1490 1732 1553 mendicantes,
1761 1505 1828 1543 ne

250 1582 426 1635 cibum
480 1581 691 1652 quidem
747 1584 1105 1636 necessarium
1159 1582 1543 1652 collegerunt;
1603 1596 1827 1649 veSpere

250 1684 427 1726 autem
460 1690 489 1727 a
516 1673 825 1730 custodibus
863 1673 933 1728 ad
976 1674 1295 1728 laboriosum
1326 1682 1380 1728 et
1406 1676 1635 1727 immane
1674 1673 1828 1725 mini-

250 1766 468 1818 sterium
498 1775 712 1820 coactos
741 1784 755 1831 ;
796 1766 1007 1822 etiamsi
1049 1766 1184 1835 lapis
1212 1781 1379 1830 esses,
1413 1767 1827 1820 humanissimus

251 1856 371 1909 hinc
386 1856 616 1914 evades:
639 1858 844 1911 etiamsi
869 1859 1032 1913 vitam
1058 1858 1268 1912 mollem
1296 1858 1712 1927 dissolutamque
1738 1857 1828 1911 du-

248 1961 358 2007 cas,
408 1946 532 2000 hinc
572 1946 727 2015 plane
768 1948 1115 2018 philosophus
1147 1948 1371 2013 evades,
1412 1949 1536 2003 dum
1585 1950 1828 2003 humanm

248 2036 370 2088 vita:
399 2035 754 2090 conditionem
789 2037 840 2090 in
868 2038 1054 2092 alienis
1092 2039 1480 2093 calamitatibus
1519 2039 1824 2095 intueberis.

249 2127 397 2183 Tune
427 2130 478 2182 in
510 2140 739 2183 mentem
768 2130 944 2185 veniet
971 2132 1275 2185 tremendus
1299 2132 1387 2186 ille
1417 2132 1551 2195 dies,
1578 2134 1828 2201 variaque

249 2222 525 2291 supplicia.
558 2222 682 2277 “me
705 2224 884 2277 animo
907 2238 1145 2287 versans,
1182 2225 1335 2289 iram,
1354 2225 1702 2293 voluptatem,
1728 2240 1828 2279 sae—

249 2314 505 2367 cularium
546 2329 724 2367 rerum
768 2329 1002 2368 amorem
1033 2315 1267 2383 abjicies,
1306 2326 1360 2369 et
1387 2317 1670 2385 tranquillo
1693 2332 1825 2385 quo-

249 2406 328 2457 vis
356 2414 512 2473 portu
538 2407 955 2476 tranquilliorem
985 2408 1214 2460 animam
1251 2407 1472 2462 efﬁcies.
1515 2408 1591 2462 De
1628 2408 1827 2476 judicio

248 2497 339 2552 illo
366 2497 846 2567 pbilosophaberis,
878 2510 1047 2553 tecum
1070 2511 1339 2569 reputans,
1362 2500 1407 2553 si
1426 2500 1565 2569 apud
1585 2500 1828 2555 homines

249 2599 426 2643 tantus
452 2590 585 2644 ordo
618 2605 813 2654 rerum,
839 2600 1014 2644 tantus
1039 2602 1231 2657 terror,
1270 2600 1428 2645 tanta:
1462 2591 1829 2646 comminatio-

250 2696 364 2745 ves,
394 2682 560 2736 multo
585 2683 751 2751 magis
774 2684 911 2751 apud
940 2684 1126 2738 Deum.
1152 2682 1315 2737 Nulla
1338 2684 1469 2737 enim
1495 2694 1712 2755 potestas
1734 2691 1824 2747 est,

250 2774 347 2826 nisi
382 2791 415 2827 a
443 2773 551 2828 Deo
577 2775 754 2846 (Rom.
799 2776 885 2830 l3.
920 2776 996 2846 1).
1036 2776 1135 2842 Qui
1179 2775 1504 2844 principibus
1536 2776 1648 2829 haec
1682 2775 1829 2829 ordi-

250 2866 425 2920 nanda
453 2868 740 2931 commisit,
771 2868 937 2921 multo
972 2868 1139 2937 magis
1166 2868 1279 2940 ipse
1305 2878 1642 2936 exsequetur.

320 2956 375 3009 5.
409 2954 583 3027 Majas
610 2973 671 3010 ea:
698 2957 856 3027 ofﬁcio
881 2959 1103 3010 caritatis
1132 2974 1282 3027 quam
1312 2975 1339 3013 θ
1364 2958 1689 3011 theatralibus
1715 2973 1829 3025 spe-

250 3047 460 3101 ctaculis
487 3048 728 3118 gaudium
757 3050 1049 3118 percipitur.
1112 3048 1313 3103 Visendi
1352 3059 1467 3102 sunt
1506 3050 1825 3102 incarcerati.

250 3135 455 3190 —Nam
485 3137 588 3191 nisi
621 3138 711 3193 ille
740 3138 962 3193 instaret
988 3140 1163 3205 timor,
1187 3139 1366 3194 omnia
1400 3154 1529 3193 sane
1556 3141 1824 3209 perirent:

250 3228 467 3298 quando
491 3238 568 3284 tot
584 3231 979 3286 imminentibus
996 3233 1265 3301 suppliciis
1289 3232 1436 3287 multi
1454 3232 1520 3287 ad
1540 3233 1827 3302 nequitiam

252 3332 375 3374 sese
388 3319 687 3375 conferunt.
710 3320 834 3375 llam
857 3323 900 3375 si
924 3321 1329 3391 pbilos0pberis,
1357 3322 1422 3376 ad
1438 3324 1829 3396 eleemosynam

252 3409 362 3463 eris
389 3413 706 3479 promptior,
729 3426 916 3481 magna
944 3411 1136 3466 frueris
1156 3412 1442 3481 voluptate,
1474 3423 1528 3467 et
1551 3413 1705 3483 longe
1721 3430 1833 3467 ma-

249 3499 387 3568 jore,
414 3516 570 3570 quam
596 3501 685 3572 qui
714 3518 743 3556 a
767 3504 973 3557 theatro
1000 3502 1346 3557 descendunt.
1369 3504 1500 3557 Nam
1522 3505 1663 3574 quia
1686 3505 1832 3559 thea-

255 3601 339 3645 tro
366 3603 608 3662 surgunt,
636 3596 1061 3664 concupiscentia
1085 3596 1292 3649 ardent.
1322 3594 1459 3651 Cum
1486 3598 1665 3652 vident
1689 3600 1830 3653 enim

254 3683 373 3739 illas
405 3686 456 3738 in
482 3700 639 3740 scena
680 3687 950 3752 mulieres,
982 3687 1257 3741 ornatibus
1289 3689 1651 3758 splendentes,
1685 3692 1832 3747 mille

254 3776 430 3831 affecti
464 3776 790 3843 vulneribus,
821 3778 987 3832 instar
1014 3780 1178 3833 maris
1204 3782 1476 3835 mstuantis
1504 3792 1677 3846 erunt,
1706 3782 1830 3837 dum

254 3883 439 3921 earum
475 3878 711 3938 aspectu,
756 3868 969 3934 habitu,
1005 3870 1202 3932 verbis,
1236 3871 1478 3938 incessu,
1520 3875 1832 3943 eaeterisque

254 3958 505 4012 omnibus
527 3961 735 4013 animus
759 3960 1051 4015 obsidetur.
1076 3960 1173 4028 Qui
1195 3974 1371 4015 autem
1389 3964 1457 4017 ab
1473 3964 1563 4016 illo
1580 3964 1685 4018 alio
1707 3980 1831 4034 spe-

254 4052 465 4105 etaeulo
492 4052 855 4121 egrediuntur,
889 4053 1021 4106 nihil
1054 4053 1158 4107 tale
1184 4054 1468 4123 patientur,
1506 4054 1615 4108 imo
1645 4072 1831 4125 magna

255 4142 499 4197 fruentur
528 4145 922 4213 tranquillilate.
952 4145 1305 4213 Compuuctio
1344 4146 1482 4200 enim
1524 4162 1586 4200 ex
1633 4148 1833 4201 vincto-

255 4249 373 4287 rum
414 4243 628 4302 aspectu
673 4246 822 4303 parta
868 4234 1171 4303 hujusmodi
1213 4237 1384 4305 ignem
1432 4245 1598 4290 totum
1629 4241 1831 4291 exstin-

251 4328 385 4397 guit.
412 4326 466 4381 Si
494 4330 708 4382 exeunti
739 4344 804 4383 ex
826 4343 1041 4383 carcere
1068 4337 1313 4381 occurrat
1343 4328 1532 4382 lasciva
1559 4331 1830 4392 meretrix,

254 4418 385 4471 nihil
416 4418 485 4471 illi
512 4418 635 4471 mali
667 4418 876 4472 inferet.
908 4417 1039 4471 Nam
1071 4418 1192 4472 fuco
1223 4419 1348 4471 nulli
1374 4418 1654 4485 obnoxius,
1678 4435 1831 4487 aspe-

252 4521 370 4563 ctus
400 4509 702 4578 hnjusmodi
732 4510 931 4565 retibus
962 4526 1066 4564 non
1096 4512 1353 4579 capietur,
1380 4527 1499 4565 cum
1541 4523 1722 4566 contra
1754 4525 1831 4565 ta-

253 4600 360 4653 lem
389 4610 663 4669 aspectum
694 4610 867 4655 metus
891 4602 1073 4667 judicii
1113 4604 1183 4657 ob
1209 4604 1391 4657 oculos
1422 4613 1681 4658 versetur.
1714 4604 1835 4659 Iden

251 4692 345 4746 ille
369 4694 457 4761 qui
484 4708 644 4748 omne
669 4694 953 4762 voluptatis
983 4710 1150 4762 genus
1174 4705 1425 4765 expertus
1446 4707 1579 4763 erat,
1603 4697 1832 4762 dicebat,

253 4782 443 4835 Melius
466 4793 537 4837 est
559 4786 631 4837 ire
665 4785 717 4836 in
747 4786 948 4837 domum
974 4786 1157 4850 luctus,
1198 4803 1349 4857 quant
1386 4788 1439 4840 in
1476 4787 1680 4841 domum
1707 4790 1836 4842 risus

252 4872 455 4938 (Eccle.
499 4875 549 4928 7.
593 4876 672 4943 5).
716 4876 781 4928 Ει
823 4874 909 4929 hic
954 4878 1109 4930 talem
1154 4888 1385 4932 sectatus
1423 4877 1833 4948 philosophiam,

253 4962 363 5017 illic
394 4964 695 5019 beatissima
714 4966 893 5021 audiet
915 4971 1095 5023 verba.
1117 4968 1195 5023 Ne
1210 4984 1335 5039 ergo
1352 4968 1481 5023 illud
1510 4970 1835 5040 negligamus

251 5070 408 5124 opus.
441 5056 657 5111 Etiamsi
684 5060 823 5111 enim
856 5074 959 5112 non
1000 5060 1265 5128 possimus
1304 5075 1370 5115 eo
1401 5062 1575 5116 cibum
1620 5062 1832 5127 inferre,

255 5164 354 5202 nec
385 5159 684 5217 argentum,
722 5161 775 5203 at
806 5154 1094 5219 poterimus
1138 5154 1319 5208 verbis
1351 5154 1555 5224 lapsum
1602 5155 1834 5207 animum

250 5240 542 5303 consolari,
563 5251 616 5295 et
639 5242 690 5295 in
717 5242 834 5296 aliis
862 5244 1039 5296 multis
1058 5246 1266 5312 juvare,
1300 5246 1411 5300 sive
1432 5260 1523 5299 eos
1538 5246 1627 5315 qui
1644 5247 1693 5299 in
1716 5262 1835 5300 car-

252 5344 435 5383 cerem
475 5340 747 5385 truserunt
774 5333 1123 5402 alloquentes,
1156 5336 1268 5389 sive
1305 5336 1553 5390 custodes
1583 5352 1836 5394 mansue-

254 5420 426 5474 tiores
458 5421 760 5486 reddentes,
793 5433 847 5478 et
884 5426 965 5479 vel
996 5428 1539 5497 quantulumcumque
1563 5430 1679 5497 Opis
1705 5429 1835 5481 affe-

257 5526 459 5565 remus.
510 5512 565 5568 Si
601 5515 821 5576 dixeris,
871 5532 969 5571 nec
996 5518 1127 5584 frugi
1170 5534 1267 5573 nec
1314 5521 1510 5589 probos
1546 5521 1689 5574 viros
1733 5520 1839 5573 illic

255 5616 397 5667 esse,
430 5603 525 5657 sed
555 5603 869 5671 Itomicidas,
911 5609 1275 5675 sepulcrorum
1316 5610 1634 5677 effossores,
1673 5610 1837 5673 fures,

258 5695 519 5761 mazcbos,
540 5696 784 5761 lascivos,
804 5699 1084 5768 multisque
1109 5703 1399 5757 sceleribus
1416 5705 1689 5771 obnoxios,
1716 5718 1838 5757 rur-

260 5797 347 5838 sus
368 5786 498 5839 mihi
527 5788 886 5841 necessarium
915 5789 1057 5843 hunc
1085 5790 1284 5845 aditum
1313 5794 1522 5862 probas.
1555 5792 1669 5848 Non
1696 5796 1835 5849 enim

590 5884 862 5947 Ps'rnoc.
909 5888 1024 5946 Gn.
1075 5888 1232 5947 LIX.

1352 373 1417 426 IN
1454 372 1764 427 JOANNEM
1804 375 2029 428 IIOMIL.
2073 375 2183 429 LX.
2224 377 2292 429 al.
2336 377 2468 431 LIX.

3410 384 3511 438 554

1930 486 2178 554 jubenmr
2205 488 2372 543 bonos
2402 492 2665 554 miserari,
2698 500 2753 545 et
2797 492 2967 547 malos
3000 494 3227 561 punire;
3281 498 3369 549 sed
3409 496 3512 550 Iut-

1928 578 2160 644 jusmodi
2203 579 2583 635 humanitatem
2630 583 2879 637 omnibus
2925 585 3221 653 impertire.
3251 585 3387 641 Nam
3415 589 3511 648 ait.

1934 666 2109 722 Estote
2135 671 2321 723 similes
2360 670 2509 725 Patri
2551 683 2731 738 vestro,
2771 676 2857 743 qui
2897 677 2948 728 in
2977 678 3112 730 caelis
3142 688 3235 743 est,
3266 679 3352 747 qui
3390 680 3512 731 oriri

1933 761 2055 830 facit
2089 761 2245 814 solem
2275 779 2419 815 suum
2458 780 2611 833 super
2652 764 2815 818 malos
2842 776 2887 819 ct
2916 766 3090 829 bonos,
3120 777 3165 820 et
3207 767 3336 837 pluit
3362 786 3513 837 super

1922 850 2091 918 justas
2118 862 2165 904 et
2190 853 2405 921 iniustos
2444 854 2650 925 (Matth.
2679 856 2731 909 5.
2760 856 2874 926 45).
2906 856 2982 911 Ne
3009 873 3137 927 ergo
3178 859 3311 913 alios
3336 862 3513 913 acrius

1932 940 2231 1005 insecteris,
2266 958 2399 996 neve
2428 944 2503 996 sis
2543 944 2709 1010 judex
2750 945 3135 1007 vehementior,
3166 948 3257 1001 sed
3290 949 3432 1001 mitis
3460 958 3514 1001 et

1932 1030 2215 1085 humanus.
2251 1032 2359 1087 Nos
2409 1034 2607 1088 etenim
2659 1036 2758 1089 etsi
2788 1052 2892 1089 non
2940 1036 3134 1092 mtecbi
3182 1039 3369 1098 simus.
3404 1055 3510 1092 non

1929 1122 2298 1190 sepulcrorum
2344 1124 2649 1186 elfossores,
2696 1142 2799 1179 non
2848 1126 3015 1192 fures,
3044 1129 3136 1181 sed
3181 1130 3299 1183 aliis
3329 1114 3512 1184 sumus

1930 1213 2143 1267 obnoxii
2175 1214 2339 1278 vitiis,
2372 1231 2491 1284 qua:
2532 1217 2676 1271 mille
2707 1218 2982 1287 suppliciis
3011 1218 3166 1288 digna
3202 1231 3342 1273 sunt.
3380 1222 3508 1274 Nam

1930 1306 2015 1360 vel
2036 1306 2253 1362 fratrem
2278 1307 2475 1362 fatuum
2504 1309 2830 1375 voeavimus,
2850 1310 2988 1379 quod
3016 1326 3113 1365 nos
3128 1312 3384 1380 gehennae
3408 1312 3511 1366 ob-

1931 1399 2119 1452 noxios
2148 1398 2321 1452 reddit
2347 1416 2360 1462 ;
2392 1399 2479 1454 vel
2508 1400 2761 1455 mulieres
2802 1401 3081 1469 impudicis
3105 1401 3273 1457 oculis
3297 1403 3512 1470 aspexi-

1931 1502 2069 1552 mus,
2097 1488 2239 1556 quod
2283 1497 2365 1542 est
2391 1498 2816 1544 consummatum
2868 1490 3185 1546 adulterium
3216 1510 3229 1546 :
3259 1493 3511 1563 quodque

1930 1583 2168 1634 omnium
2199 1583 2570 1651 gravissimum
2598 1592 2700 1651 est,
2730 1584 2944 1653 indigne
2987 1585 3239 1656 mysteria
3291 1588 3512 1655 partici.

1930 1671 2193 1740 pavimus,
2212 1672 2351 1741 quod
2377 1687 2498 1726 reos
2521 1672 2644 1727 facit
2663 1674 2907 1742 corporis
2927 1675 3277 1745 ets:tnguinis
3292 1675 3511 1730 Christi»

1929 1760 2007 1815 Ne
2036 1777 2165 1831 ergo
2198 1762 2374 1816 acerbi
2423 1764 2645 1816 aliorum
2674 1772 3000 1819 scrutatores
3033 1766 3238 1831 simus;
3279 1764 3374 1820 sed
3417 1781 3513 1819 nn-

1929 1861 2036 1905 stra
2062 1853 2378 1922 cogitemus,
2409 1862 2462 1907 et
2490 1853 2567 1907 sic
2599 1854 3038 1908 inhumanitatem
3078 1854 3215 1909 hanc
3242 1864 3297 1910 et
3319 1855 3512 1909 crude-

1931 1944 2132 1999 litatem
2164 1946 2487 2001 sedabimus.
2531 1946 2613 2001 Ad
2663 1946 2777 2002 haec
2822 1964 2947 2002 vero
2989 1946 3275 2002 dicendum
3323 1946 3507 2005 etiam,

1932 2054 2030 2094 nos
2079 2040 2147 2093 ibi
2200 2040 2397 2109 probos
2442 2041 2588 2094 viros
2632 2042 2827 2094 multos
2874 2050 3183 2109 reperturas
3231 2053 3371 2105 esse,
3414 2039 3511 2092 toti

1931 2130 2247 2199 plermnque
2276 2131 2475 2184 civitati
2520 2132 2897 2199 exaequandos.
2940 2131 3070 2185 Nam
3109 2145 3295 2186 carcer
3322 2130 3432 2195 ille,
3456 2131 3509 2182 in

1929 2236 2036 2290 quo
2083 2221 2279 2291 Joseph
2321 2233 2457 2288 erat,
2506 2223 2703 2277 multos
2752 2224 3025 2291 improbos
3065 2222 3408 2287 continebat;
3456 2229 3512 2274 et

1930 2321 2106 2367 tamen
2132 2314 2367 2383 omnium
2392 2328 2574 2367 curam
2605 2314 2824 2383 gerebat
2845 2314 3019 2382 justus
3045 2314 3153 2379 ille,
3174 2321 3228 2368 et
3247 2328 3369 2367 eum
3392 2312 3511 2366 aliis

1932 2403 2174 2458 occultus
2202 2412 2337 2459 erat.
2371 2404 2502 2458 Nam
2528 2420 2649 2457 cum
2682 2405 2775 2458 toti
2805 2404 3037 2473 )Egypto
3064 2412 3207 2457 esset
3234 2417 3511 2471 exmquan-

1930 2494 2064 2561 dus,
2120 2496 2174 2548 in
2224 2510 2439 2549 carcere
2490 2503 2667 2549 tamen
2714 2503 2830 2549 erat
2878 2493 3079 2548 nemini
3128 2501 3307 2547 notus.
3360 2492 3511 2546 Nunc

1930 2601 2142 2656 quoque
2167 2585 2456 2640 verisimile
2481 2596 2564 2639 εει
2591 2586 2660 2640 ibi
2691 2586 2889 2639 multos
2915 2600 3037 2639 esse
3064 2584 3261 2655 probos
3289 2593 3344 2638 et
3375 2582 3509 2651 frugi

1931 2682 2096 2745 viros,
2127 2681 2225 2734 etsi
2253 2696 2359 2733 non
2387 2680 2637 2734 omnibus
2664 2688 2853 2744 notos;
2882 2688 2937 2733 et
2965 2694 3091 2733 cura
3118 2678 3224 2732 illis
3250 2676 3506 2738 exhibita,

1930 2770 2167 2825 ofﬁcium
2218 2771 2339 2825 aliis
2404 2770 2699 2840 praestitum
2754 2769 2963 2824 abunde
3023 2769 3116 2823 tibi
3175 2778 3507 2837 compensat.

1931 2863 2152 2916 Etiamsi
2186 2877 2314 2916 vero
2343 2862 2523 2917 nullus
2552 2862 2621 2916 ibi
2652 2862 2774 2916 talis
2800 2870 2965 2925 esset,
2992 2876 3182 2930 magna
3212 2871 3386 2913 tamen
3417 2858 3510 2911 tibi

1931 2958 2165 3026 reposita
2195 2968 2276 3011 est
2315 2971 2542 3011 merces.
2568 2954 2727 3010 Certe
2768 2955 3022 3009 Dominus
3059 2964 3182 3007 tuus
3209 2967 3312 3006 non
3338 2950 3510 3020 justus

1932 3049 2092 3102 modo
2135 3048 2524 3117 alloquebatur,
2574 3063 2675 3102 nec
2717 3047 2955 3115 impuros
3003 3045 3271 3116 fugiebat;
3322 3043 3415 3098 sed
3459 3052 3514 3096 et

1931 3138 2286 3193 Chanana-am
2330 3152 2451 3192 cum
2479 3137 2641 3191 multa
2674 3136 3043 3191 benevolentia
3072 3136 3305 3204 excepit,
3336 3141 3391 3189 et
3409 3133 3504 3187 Sa-

1932 3232 2249 3285 maritanam
2276 3230 2557 3285 scelestam
2588 3239 2640 3283 et
2673 3229 2956 3297 impuram,
2986 3228 3248 3296 aliamque
3269 3224 3510 3279 meretri-

1932 3339 2070 3390 cem,
2103 3322 2245 3393 quod
2279 3321 2451 3377 Judaei
2497 3320 2909 3389 exprobrarant,
2939 3317 3155 3385 excepit
3191 3325 3244 3369 et
3284 3313 3510 3380 curavit,

1934 3431 2226 3486 passusque
2247 3424 2330 3469 est
2360 3424 2417 3469 ut
2441 3415 2662 3482 impura:
2688 3411 2924 3465 mulieris
2952 3408 3202 3479 lacrymis
3227 3407 3390 3477 pedes
3430 3406 3513 3460 sui

1934 3508 2254 3577 rigarcntur,
2283 3515 2340 3559 ut
2370 3520 2468 3560 nos
2501 3505 2721 3558 doceret
2764 3502 2995 3557 humane
3035 3507 3343 3570 peccatores
3370 3498 3512 3551 exci-

1935 3614 2084 3669 pere.
2118 3598 2242 3652 Hzec
2262 3598 2404 3652 enim
2434 3596 2661 3650 maxima
2694 3593 2992 3647 humanitas
3034 3600 3134 3645 est.
3171 3590 3308 3657 Quid
3337 3588 3506 3641 dicis?

1934 3689 2080 3743 fures
2105 3700 2161 3744 et
2190 3689 2554 3759 sepulcrorum
2581 3684 2870 3740 ell‘ossores
2906 3697 3173 3737 carcerem
3214 3679 3515 3748 occupant?

1934 3783 2092 3845 Num,
2112 3796 2293 3851 quaaso
2314 3778 2544 3834 civitatis
2574 3777 2763 3832 incola:
2790 3790 2978 3829 omnes
2998 3774 3127 3843 justi
3148 3772 3309 3827 sunt?
3336 3786 3511 3824 tumon

1937 3876 2023 3928 hic
2064 3872 2216 3926 multi
2262 3871 2471 3939 pejores
2502 3878 2645 3935 sunt,
2676 3867 2768 3937 qui
2819 3864 3180 3935 impudentius
3232 3861 3516 3916 furantur?

1937 3964 2039 4018 Alii
2067 3963 2207 4017 enim
2234 3960 2575 4015 solitudinem
2608 3959 2797 4012 saltem
2830 3966 2883 4011 et
2926 3955 3172 4010 tenebras
3197 3953 3510 4015 obtendunt,

1937 4064 1989 4109 et
2019 4055 2132 4108 hazc
2168 4053 2304 4107 clam
2336 4052 2535 4105 faciunt
2561 4068 2573 4101 :
2605 4049 2717 4115 alii,
2745 4050 2916 4117 posita
2947 4046 3112 4108 larva,
3143 4043 3285 4099 nudo
3314 4042 3508 4111 capite,

1938 4144 2077 4198 mala
2118 4150 2447 4212 perpetrant,
2491 4139 2732 4203 violenti,
2778 4147 3041 4206 raptores,
3074 4136 3243 4188 avari.
3290 4131 3517 4186 Dil‘licile

1938 4250 2169 4306 namque
2191 4243 2275 4289 est
2296 4236 2467 4288 virum
2496 4234 2729 4303 reperire
2752 4232 3038 4283 insontem.

2008 4330 2062 4384 6.
2103 4327 2257 4395 Quod
2297 4328 2339 4380 si
2386 4342 2491 4378 non
2519 4339 2705 4376 aurum
2750 4326 3009 4389 rapitnus,
3039 4320 3083 4373 si
3115 4332 3224 4373 non
3256 4327 3331 4372 tot
3358 4326 3413 4371 et
3444 4325 3519 4369 tot

1933 4421 2115 4491 jugera
2141 4428 2319 4481 terrm,
2340 4428 2392 4471 at
2423 4414 2611 4468 fraude
2647 4423 2699 4467 et
2727 4414 2864 4465 furto
2891 4412 3118 4480 idipsnm
3146 4409 3197 4463 in
3225 4408 3519 4463 minoribus

1940 4529 2037 4583 pro
2094 4510 2231 4564 virili
2276 4509 2517 4563 facimus.
2563 4506 2693 4560 Nam
2738 4521 2857 4558 cum
2907 4503 2959 4557 in
3005 4502 3330 4557 commercio
3359 4542 3373 4565 ,
3433 4501 3517 4552 vel

1941 4607 1993 4659 in
2034 4602 2262 4659 emendo
2308 4611 2363 4656 et
2406 4598 2706 4663 vendendo,
2748 4598 2922 4651 minus
2962 4612 3119 4665 quam
3164 4602 3376 4663 oportet
3418 4609 3519 4645 nu—

1940 4712 2148 4752 merare
2192 4692 2588 4756 contendimus,
2631 4702 2951 4756 omnemque
2990 4685 3291 4741 machinam
3334 4700 3519 4738 move-

1942 4806 2080 4850 mus,
2104 4803 2280 4841 annon
2316 4783 2443 4838 illud
2486 4782 2822 4837 latrocinium
2855 4778 2976 4834 est?
3017 4793 3193 4831 annon
3231 4776 3426 4829 furtum
3469 4782 3523 4826 et

1943 4880 2163 4947 rapina?
2201 4877 2279 4931 Ne
2308 4876 2439 4929 mihi
2462 4875 2680 4935 dixeris,
2715 4882 2765 4925 te
2797 4886 2895 4924 nec
2940 4870 3156 4924 domum
3183 4882 3282 4922 nec
3309 4881 3521 4921 servum

1943 4968 2243 5021 abstulisse.
2289 4964 2554 5033 lnjustitia
2588 4977 2817 5031 namque
2847 4977 2953 5014 non
2993 4968 3160 5030 raptae
3206 4958 3285 5013 rei
3331 4956 3518 5025 pretio,

1943 5058 2035 5113 sed
2086 5058 2343 5126 rapientis
2374 5056 2647 5108 voluntate
2676 5053 2949 5123 penditur.
2982 5050 3191 5105 Justitia
3222 5062 3449 5116 namque
3469 5055 3524 5100 et

1945 5150 2201 5219 injustitia
2234 5148 2285 5201 in
2320 5148 2523 5217 magnis
2547 5157 2601 5201 et
2631 5145 2808 5215 parvis
2838 5144 2996 5197 rebus
3016 5142 3261 5196 eamdem
3282 5139 3386 5191 vim
3423 5136 3521 5190 ba-

1945 5245 2103 5298 bent:
2132 5253 2183 5295 et
2212 5242 2378 5295 furem
2404 5241 2612 5309 appello
2640 5250 2744 5293 tam
2767 5255 2887 5292 eum
2912 5238 2997 5306 qui
3026 5244 3237 5290 exsecta
3267 5245 3522 5285 crumena

1946 5351 2133 5389 aurum
2162 5334 2379 5402 abripit,
2398 5347 2554 5401 quam
2583 5339 2874 5392 ementem,
2899 5329 2987 5399 qui
3022 5324 3216 5395 aliquid
3244 5319 3525 5377 defraudat

1945 5426 2012 5479 de
2044 5426 2241 5493 pretio;
2266 5433 2319 5478 et
2343 5422 2555 5491 parietis
2585 5420 2895 5474 eil'ossorem
2920 5433 3070 5480 voco,
3091 5432 3193 5470 non
3215 5427 3338 5468 eum
3366 5409 3526 5464 modo

1947 5520 2059 5587 qui,
2095 5526 2249 5586 rupto
2279 5517 2501 5585 pariete,
2531 5510 2731 5581 aliquid
2763 5511 2902 5564 intus
2933 5506 3175 5585 furatur;
3222 5503 3315 5558 sed
3359 5500 3523 5556 etiam

1946 5626 2068 5664 eum
2099 5609 2209 5680 qui,
2248 5609 2367 5678 jure
2396 5606 2615 5671 violato,
2645 5602 2841 5674 aliquid
2873 5616 2903 5655 a
2933 5600 3173 5671 proximo
3212 5595 3402 5649 aufert.
3448 5590 3528 5647 Ne

1948 5719 2075 5771 ergo
2105 5702 2261 5756 rebus
2286 5701 2483 5754 nostris
2509 5698 2745 5764 omissis,
2772 5696 3063 5750 alienarum
3085 5690 3291 5761 judices
3327 5688 3526 5741 simus:

1950 5810 2126 5864 neque
2166 5793 2290 5847 dum
2324 5792 2671 5848 humanitatis
2692 5800 2899 5859 tempus
2925 5796 3028 5854 est,
3059 5782 3350 5854 nequitiam
3375 5794 3523 5836 seru-

3080 5878 3155 5937 21
