4084 6360
546 274 651 331 535

542 401 723 446 temur
750 406 761 442 :
789 387 882 442 sed
911 387 1201 455 cogitantes
1228 384 1495 454 quomodo
1520 399 1617 437 nos
1647 383 1773 436 olim
1803 381 1974 435 affecti
2002 380 2117 435 fue-

549 486 738 547 rimus,
769 483 934 535 simus
963 479 1175 533 tandem
1205 477 1466 531 mansueti
1494 486 1548 529 et
1580 476 1815 545 benigni.
1841 473 2120 542 Quomodo

547 589 678 643 ergo
705 572 880 627 allecti
922 568 1177 624 eramus?
1220 567 1359 622 Audi
1397 567 1617 622 Paulum
1646 566 1909 619 dicentem
1938 582 1952 617 :
1984 563 2119 617 Era-

549 684 662 719 mus
687 666 819 718 enim
862 662 1136 732 aliquando
1179 671 1225 713 et
1270 676 1362 713 nos
1415 658 1770 721 inobedientes,
1808 656 2118 723 insipientes.

548 766 793 819 errantes,
816 754 1080 807 servientes
1107 750 1369 803 desideriis
1389 759 1436 803 et
1456 748 1789 817 voluptatibus
1817 746 1988 809 variis,
2010 745 2122 796 odi-

551 848 696 912 biles,
725 845 947 898 odientes
970 844 1177 895 invicem
1206 839 1332 911 (Tit.
1356 840 1408 893 3.
1434 840 1487 907 ὅ)
1512 855 1526 904 ;
1560 849 1615 893 ct
1638 852 1874 903 rursum,
1905 835 2123 889 Eramus

548 937 680 990 enim
706 945 889 988 natura
913 934 1007 1001 filii
1028 934 1120 985 ira:
1146 931 1361 1000 (Ephes.
1378 930 1433 983 2.
1457 929 1534 994 3).
1556 928 1661 983 Sed
1687 928 1827 982 Deus
1855 942 1953 981 nos
1972 925 2122 1009 quasi

550 1029 602 1081 in
647 1040 863 1081 carcere
904 1024 1149 1079 detentus
1180 1022 1385 1086 videns,
1414 1029 1469 1075 et
1509 1018 1757 1088 gravibus
1803 1018 2124 1072 constrictos

548 1119 777 1181 catenis,
814 1133 933 1187 qua:
977 1116 1161 1170 ferreis
1203 1114 1360 1183 longe
1402 1111 1698 1181 graviores,
1740 1124 1844 1163 non
1889 1108 2121 1173 erubuit,

549 1209 643 1263 sed
672 1208 816 1262 venit
860 1208 913 1261 in
954 1219 1247 1266 carcerem,
1276 1212 1331 1257 et
1361 1201 1655 1256 innumeris
1690 1200 1880 1268 dignos
1920 1198 2125 1267 suppli-

553 1300 653 1354 ciis
689 1298 873 1353 eduxit
913 1295 1059 1357 inde,
1108 1304 1162 1349 et
1216 1296 1267 1347 in
1320 1307 1543 1363 regnum
1590 1290 1835 1355 induxit;
1888 1290 2127 1357 caeloque

549 1389 945 1459 splendidiores
976 1386 1175 1449 ell‘ecit,
1200 1394 1257 1439 ut
1298 1393 1355 1438 et
1380 1398 1480 1438 nos
1517 1397 1613 1451 pro
1640 1382 1778 1436 virili
1806 1390 1987 1435 nostra
2025 1380 2128 1435 hoc

550 1485 725 1549 ipsum
772 1479 1046 1533 faciamus.
1092 1475 1224 1530 Nam
1264 1489 1385 1528 cum
1434 1472 1711 1541 discipulis
1752 1471 1881 1526 dicit
1910 1487 1925 1526 :
1952 1470 2012 1523 Si
2036 1486 2127 1540 ego

552 1571 654 1625 lavi
697 1570 850 1639 pedes
877 1579 1065 1623 vestros
1092 1566 1339 1621 Dominus
1376 1574 1423 1619 et
1457 1563 1719 1634 Magister,
1746 1572 1793 1616 et
1831 1578 1917 1615 vos
1942 1562 2128 1615 debetis

550 1661 682 1713 alter
703 1660 913 1713 alterius
938 1659 1109 1711 lavare
1134 1657 1286 1726 pedes
1312 1671 1331 1709 :
1359 1655 1642 1723 exemplum
1664 1654 1795 1707 enim
1832 1653 1949 1705 dedi
1967 1653 2125 1717 vobis,

551 1762 607 1805 ut
622 1750 1045 1821 quemadmodum
1066 1764 1156 1819 ego
1177 1748 1274 1818 feci
1293 1746 1449 1809 vobis,
1468 1746 1540 1798 ita
1562 1754 1608 1798 et
1630 1759 1712 1797 vos
1731 1743 1929 1813 faciatis
1949 1741 2125 1813 (Joan.

553 1844 643 1897 15.
673 1840 764 1909 11)
790 1857 804 1893 :
830 1855 937 1894 non
963 1839 1031 1893 de
1060 1837 1301 1892 lavandis
1329 1835 1553 1905 pedibus
1579 1842 1782 1889 tantum
1826 1834 1913 1888 hic
1958 1833 2127 1902 legem

552 1932 663 1994 dat,
693 1930 868 1985 sed'et
894 1930 960 1984 de
984 1929 1105 1983 aliis
1128 1926 1397 1991 omnibus,
1421 1940 1539 1994 qua:
1566 1924 1679 1994 ipse
1704 1924 1859 1977 nobis
1883 1923 2126 1978 contulit.

556 2020 831 2076 Homicida
858 2028 941 2074 est
980 2020 1030 2072 in
1064 2018 1327 2073 carcere?
1376 2017 1445 2069 At
1467 2029 1564 2069 nos
1588 2014 1725 2068 bene
1753 2012 1927 2067 facere
1948 2026 2015 2066 ne
2038 2011 2133 2065 de-

555 2114 828 2166 sistamus.
872 2109 1250 2179 Sepulcrorum
1300 2106 1526 2161 efl'ossor
1566 2114 1670 2168 est,
1718 2113 1810 2156 aut
1853 2102 2131 2157 mtechus?

556 2202 664 2259 Sed
692 2218 759 2257 ne
787 2201 1023 2265 malitiae,
1043 2215 1224 2254 verum
1248 2195 1566 2252 calamitatis
1596 2192 2132 2261 misereamur.S:epe

556 2303 758 2357 autem,
796 2300 857 2346 ut
897 2290 1027 2356 dixi,
1072 2290 1372 2358 reperietur
1417 2286 1491 2339 ibi
1535 2284 1795 2353 quispiam
1842 2283 2133 2337 innumeris

555 2387 687 2441 viris
712 2382 1114 2454 exaquandus;
1159 2390 1212 2435 ct
1251 2381 1294 2433 si
1342 2392 1485 2447 saepe
1527 2377 1735 2430 vinctos
1772 2375 1952 2436 adeas,
1994 2374 2134 2429 hunc

557 2485 806 2530 venatum
832 2471 1153 2542 assequeris.
1181 2470 1329 2524 Sicut
1358 2466 1650 2528 Abraham.
1681 2464 1773 2535 qui
1792 2465 2011 2535 quosvis
2040 2480 2134 2519 ex-

556 2565 807 2636 cipiebat,
838 2565 889 2618 in
933 2562 1152 2632 angelos
1181 2560 1366 2613 incidit
1396 2577 1409 2611 :
1440 2558 1517 2612 sic
1548 2567 1601 2611 et
1632 2571 1729 2611 nos
1760 2557 1813 2609 in
1844 2556 1986 2609 viros
2016 2570 2133 2608 ma-

560 2672 693 2727 gnos
745 2654 1062 2717 incidemus,
1091 2652 1134 2706 si
1166 2651 1218 2705 id
1264 2650 1681 2719 frequentemus.
1711 2645 1769 2700 Si
1814 2659 1941 2699 vero
1973 2644 2129 2698 liceat

555 2746 683 2817 quid
708 2743 1081 2799 admirandum
1110 2740 1311 2804 dicere,
1331 2754 1438 2792 non
1464 2744 1611 2791 tanta
1640 2735 1796 2810 laude
1820 2734 2009 2805 dignus
2029 2742 2131 2799 est,

555 2839 646 2907 qui
698 2850 946 2906 magnum
989 2834 1290 2903 quempiam
1324 2830 1557 2899 excipit,
1597 2843 1758 2898 quam
1810 2828 1856 2881 is
1899 2826 1988 2896 qui
2033 2826 2134 2879 mi-

559 2941 739 2982 serum
775 2936 829 2980 et
854 2923 1141 2979 infelicem.
1174 2921 1269 2975 llle
1313 2934 1541 2989 namque
1570 2933 1675 2972 non
1705 2932 1925 2987 parvum
1974 2932 2134 2985 argu-

558 3026 797 3073 mentum
838 3015 993 3070 all'ert
1034 3015 1115 3068 sui
1163 3011 1477 3082 recipiendi,
1520 3025 1711 3080 nempe
1754 3010 1916 3063 vitam
1947 3023 2131 3069 suam;

564 3109 725 3161 homo
766 3115 943 3161 autem
973 3103 1221 3159 omnibus
1270 3101 1510 3171 abjectus
1536 3108 1593 3155 et
1621 3100 1783 3153 miser
1830 3113 1993 3152 unum
2041 3097 2135 3149 ha-

559 3200 651 3253 bet
691 3206 937 3266 portum»,
963 3208 1155 3264 nempe
1190 3191 1609 3248 misericordiam
1636 3191 1751 3261 ejus
1774 3192 1861 3258 qui
1901 3204 1960 3243 se
2000 3188 2135 3243 bene

559 3289 757 3359 excipit
782 3305 796 3339 :
827 3287 1004 3356 itaque
1032 3285 1146 3340 haec
1172 3284 1475 3339 humanitas
1502 3297 1631 3353 pura
1654 3292 1756 3337 est.
1788 3282 1887 3347 Qui
1914 3280 2062 3335 claro
2080 3288 2137 3335 et

1250 270 1306 324 S.
1346 267 1621 324 JOANNIS
1651 265 2118 322 ClliiYSOSTUMI
2159 267 2470 323 ARCIIIEP.
2511 269 3041 325 CONSTANTINOP.

3686 273 3785 330 δας

2222 385 2509 451 conspicuo
2551 384 2721 436 officia
2760 384 2995 445 exhibet,
3026 399 3169 453 smpe
3214 384 3277 436 ad
3303 386 3707 441 ostentationem
3736 389 3786 442 id

2225 475 2350 526 facit
2383 490 2395 525 :
2428 475 2515 542 qui
2559 490 2687 528 vero
2716 475 2979 543 abiectum
3023 476 3220 543 excipit
3254 475 3664 547 despectumque
3691 480 3792 531 ho-

2224 564 2443 625 minem,
2476 565 2545 617 ob
2574 566 2747 619 solum
2789 566 2880 619 Dei
2908 575 3229 634 praeceptum
3280 566 3331 620 id
3378 569 3518 622 facit.
3546 569 3719 635 Quare
3744 571 3791 624 si

2223 654 2527 707 convivium
2570 668 2840 722 paremus,
2868 655 3087 709 claudos
3115 665 3169 709 et
3216 670 3389 710 caecos
3437 659 3680 727 excipere
3708 660 3793 727 ju-

2224 744 2411 799 bemur
2436 762 2451 810 ;
2496 745 2539 798 si
2561 747 2953 816 eleemosynam
2979 760 3281 814 erogemus,
3312 746 3546 801 minimis
3570 756 3625 801 et
3651 749 3793 803 vilis-

2224 837 2374 889 simis
2407 836 2618 905 elargiri
2650 836 3022 905 prttcipimur:
3053 852 3173 889 nam
3200 837 3294 903 ait,
3326 837 3580 903 Quantum
3618 839 3706 891 uni
3731 854 3797 892 ea:

2226 926 2302 979 his
2323 926 2541 978 minimis
2567 927 2771 995 fecistis,
2798 927 2923 979 mihi
2951 926 3139 995 fecistis
3171 927 3381 997 (Matth.
3407 928 3495 983 25.
3520 930 3633 998 15).
3661 928 3792 983 Cum

2227 1030 2356 1085 ergo
2379 1016 2485 1069 illic
2508 1017 2837 1070 reconditum
2864 1016 3169 1071 thesaurum
3191 1018 3443 1083 sciamus,
3461 1034 3527 1072 eo
3548 1019 3795 1088 frequen-

2229 1116 2310 1160 ter
2343 1106 2724 1175 ingrediamur,
2757 1116 2813 1161 et
2851 1108 2922 1162 ibi
2967 1108 3317 1176 negotiemur,
3362 1124 3424 1163 ac
3471 1108 3795 1164 theatrorum

2226 1198 2461 1253 studium
2492 1199 2583 1252 illo
2605 1200 2924 1253 vertamus'.
2946 1198 3003 1254 Si
3025 1199 3155 1254 nihil
3185 1200 3324 1254 aliud
3350 1200 3673 1256 aﬂ‘erendum
3697 1202 3795 1255 ha-

2230 1290 2377 1351 beas,
2410 1290 2690 1342 verborum
2738 1289 3156 1345 consolationem
3210 1290 3421 1345 adhibe.
3468 1291 3583 1346 Non
3638 1292 3797 1346 modo

2226 1382 2367 1433 enim
2392 1380 2643 1444 alentem,
2671 1380 2765 1435 sed
2790 1389 2845 1435 et
2865 1380 3149 1435 intrantem
3174 1381 3314 1436 Deus
3340 1382 3585 1437 mercede
3609 1383 3794 1437 donat.

2228 1471 2360 1525 Nam
2387 1473 2430 1525 si
2456 1472 2744 1541 ingressus,
2773 1480 3085 1526 trementem
3117 1481 3539 1542 metuentemque
3563 1474 3797 1527 animum

2228 1562 2647 1625 contirmaveris,
2666 1561 2948 1627 hortando,
2963 1562 3218 1632 iuvando,
3233 1577 3389 1632 opem
3410 1564 3794 1632 promittendo,

2231 1652 2619 1723 pliilosOphiam
2646 1652 2909 1717 docendo,
2940 1668 3045 1706 non
3086 1668 3301 1722 parvam
3330 1653 3455 1709 hinc
3500 1655 3800 1710 mercedem

2230 1744 2478 1812 recipies.
2497 1742 2660 1798 Extra
2685 1742 2841 1812 positi
2871 1743 3043 1808 multi,
3065 1751 3116 1797 te
3141 1744 3211 1797 ita
3234 1744 3501 1811 loquente,
3527 1744 3798 1809 ridebunt,

2232 1836 2411 1891 multis
2439 1835 2635 1905 perfusi
2672 1835 2912 1901 deliciis;
2941 1837 3034 1891 sed
3060 1836 3150 1905 qui
3184 1837 3234 1889 in
3260 1837 3556 1892 calamitate
3582 1852 3801 1892 versan-

2236 1939 2343 1994 tur,
2381 1929 2562 1982 animo
2606 1937 2926 1996 compuncto
2965 1943 3086 1983 cum
3136 1928 3393 1982 modestia
3437 1929 3601 1983 multa
3644 1929 3803 1983 dictis

2233 2019 2539 2084 attenderit,
2580 2028 2632 2074 te
2670 2018 2980 2084 laudabunt,
3006 2029 3061 2073 et
3088 2020 3337 2073 meliores
3378 2019 3623 2073 evadent.
3668 2018 3799 2073 Nam

2233 2122 2284 2165 et
2303 2111 2523 2164 Paulum
2552 2110 2929 2179 praedicantem
2946 2109 3113 2165 Judaei
3139 2126 3282 2179 saepe
3301 2110 3622 2176 deriserunt,
3640 2112 3801 2165 vincti

2233 2209 2409 2253 autem
2434 2215 2554 2255 cum
2581 2214 2794 2254 summo
2822 2200 3035 2255 silentio
3063 2201 3368 2254 audiebant.
3398 2200 3539 2255 Nihil
3560 2202 3699 2255 enim
3732 2202 3801 2255 ita

2235 2292 2469 2344 animum
2521 2290 2587 2344 ad
2640 2289 3028 2360 philosophiam
3081 2300 3372 2359 praeparat,
3404 2300 3464 2345 ut
3508 2292 3803 2355 calamitas,

2240 2382 2479 2445 tcntatio,
2496 2397 2765 2435 mrumnze.
2785 2381 2908 2435 Haec
2934 2381 3108 2451 itaque
3130 2383 3444 2450 cogitantes,
3460 2391 3588 2452 quot
3615 2398 3806 2451 nempe

2242 2475 2293 2525 in
2325 2486 2543 2527 carcere
2572 2473 2759 2541 positis
2785 2474 2945 2539 bona,
2966 2482 3094 2542 quot
3118 2472 3272 2527 nobis
3300 2473 3428 2541 ipsis
3447 2472 3805 2535 conferemus,

2237 2564 2280 2616 si
2318 2576 2461 2630 sazpe
2488 2576 2607 2615 cum
2633 2562 2737 2616 illis
2759 2577 3053 2626 versemur,
3076 2562 3314 2617 forenses
3337 2562 3454 2617 illas
3472 2572 3527 2618 et
3546 2564 3808 2632 intempe-

2238 2653 2399 2705 stivas
2434 2652 2846 2706 consuetudines
2870 2667 2937 2707 eo
2964 2663 3253 2719 vertamus,
3288 2663 3343 2708 ut
3367 2665 3421 2707 et
3462 2654 3585 2708 illos
3630 2654 3809 2709 lucre-

2239 2760 2377 2806 mur,
2402 2755 2455 2799 et
2489 2744 2641 2799 nobis
2667 2746 2796 2814 ipsis
2821 2745 3057 2799 laetitiam
3087 2747 3372 2814 pariamus,
3392 2762 3456 2801 ac
3476 2748 3566 2802 Dei
3587 2747 3808 2817 gloriam

2239 2846 2507 2898 curantes,
2539 2846 2737 2891 auerna
2761 2850 3151 2905 consequamur
3190 2838 3349 2903 bona,
3374 2838 3543 2906 gratia
3572 2847 3629 2892 et
3655 2839 3810 2893 beni-

2239 2928 2440 2997 gnitate
2467 2926 2673 2981 Domini
2705 2927 2870 2980 nostri
2898 2926 3027 2981 .lesu
3056 2925 3273 2989 Christi,
3304 2942 3397 2995 per
3423 2943 3580 2998 quem
3609 2937 3664 2982 et
3689 2942 3808 2981 cum

2241 3032 2347 3086 quo
2380 3018 2523 3071 Patri
2550 3018 2719 3088 gloria
2744 3017 3009 3087 simulque
3046 3016 3263 3087 Spiritui
3305 3029 3512 3087 sancto,
3541 3020 3593 3073 iu
3618 3018 3811 3074 saecula

2248 3108 2586 3163 seculorum.
2614 3108 2807 3161 Amen.

2304 3287 2322 3317 ι
2359 3284 2502 3334 Μαι-οι
2524 3284 2667 3347 legit,
2690 3284 2987 3349 sepeliamus,
3012 3298 3117 3349 pro,
3142 3292 3397 3337 vertamus.

555 3410 2359 3444 Μ

1902 3489 2240 3551 HOMILIA
2279 3487 2444 3547 LXI.

554 3645 685 3699 Car.
718 3644 806 3699 10.
828 3659 881 3700 v.
908 3642 1001 3696 9-2.
1035 3640 1197 3695 Facta
1229 3651 1345 3694 sunt
1368 3647 1531 3693 autem
1554 3638 1778 3692 enctenia
1805 3637 1858 3689 in
1883 3634 2143 3703 Jerosoly-

626 3739 723 3791 mis
738 3777 753 3801 ,
780 3746 829 3791 et
851 3737 1007 3789 hiems
1028 3745 1152 3787 erat.
1174 3733 1267 3787 ‘23.
1293 3729 1358 3784 Et
1378 3730 1664 3783 ambulabat
1683 3727 1831 3782 Iesus
1852 3728 1903 3780 in
1926 3726 2133 3794 templo,

630 3829 684 3881 in
716 3828 909 3895 porticu
939 3824 1249 3879 Salomonis.
1284 3821 1375 3874 2L
1405 3819 1850 3875 Circumdederunt
1879 3832 1995 3885 ergo
2028 3830 2137 3867 eum

633 3920 838 3983 Judtei,
884 3926 931 3970 et
974 3916 1205 3969 dicebant
1236 3914 1323 3967 ei:
1358 3912 1629 3980 Quousque
1656 3911 1879 3961 animam
1914 3914 2139 3960 nostram

636 4010 771 4064 tollis
784 4010 809 4063 2

629 4186 656 4239 1
669 4225 682 4237 .
715 4183 945 4238 Christus
965 4176 1400 4233 mansuetudinem
1416 4176 1561 4229 verbo
1577 4182 1623 4227 et
1644 4170 1870 4242 exemplo
1895 4169 2135 4239 prazdica-

557 4278 644 4330 vit.
680 4271 852 4327 Malus
874 4270 1172 4324 Iudaeorum
1198 4266 1416 4319 animus.
1436 4293 1508 4303 —
1526 4262 1711 4317 Omnis
1737 4260 1948 4329 quidem
1968 4259 2136 4312 virtus

559 4367 699 4422 bona
738 4372 854 4429 est,
896 4360 1127 4416 maxime
1165 4367 1340 4412 autem
1368 4352 1719 4409 mansuetudo
1747 4361 1801 4406 et
1833 4350 2135 4405 clementia.

560 4455 687 4509 llaec
710 4466 808 4506 nos
833 4450 1076 4504 homines
1096 4460 1215 4501 esse
1234 4445 1581 4508 demonstrat,
1612 4450 1667 4497 et
1685 4456 1715 4495 a
1742 4441 1867 4495 feris
1893 4439 2095 4494 dirimit
2120 4457 2132 4493 :

563 4547 679 4600 haec
703 4558 803 4599 nos
822 4541 1023 4612 angelis
1049 4545 1309 4607 exarquat.
1338 4535 1463 4589 Ideo
1481 4533 1724 4590 Christus
1748 4531 2053 4600 frequenter
2072 4527 2140 4582 de

564 4636 667 4689 hac
694 4634 892 4687 virtute
910 4630 1072 4685 verba
1096 4628 1251 4692 facit,
1281 4640 1400 4678 eum
1430 4624 1585 4677 mites
1613 4631 1667 4675 et
1694 4629 1995 4674 mansuetos
2021 4632 2140 4671 esse

560 4726 735 4795 jubet.
762 4723 943 4791 Neque
976 4718 1139 4774 verba
1170 4724 1370 4770 tantum
1403 4712 1560 4775 facit,
1588 4711 1680 4766 sed
1713 4718 1767 4764 et
1794 4709 2044 4779 operibus
2071 4706 2139 4759 ad

564 4815 618 4869 id
649 4828 746 4868 nos
770 4810 1028 4874 instituit,
1054 4805 1211 4860 modo
1236 4804 1415 4875 alapas
1444 4801 1745 4871 perferens,
1773 4796 1932 4851 modo
1959 4796 2142 4850 convi-

566 4907 648 4960 cia
676 4913 731 4959 et
759 4901 997 4966 insidias,
1032 4914 1094 4953 ac
1118 4910 1327 4952 rursum
1354 4909 1473 4948 cum
1501 4890 1869 4947 insidiantibus
1896 4902 2137 4943 versans.

569 4996 702 5050 Nam
734 4994 823 5064 qui
852 4991 1237 5047 daemoniacum
1275 4985 1423 5039 illum
1454 4992 1508 5038 et
1543 4982 1930 5037 Samaritanum
1958 4975 2139 5048 appel-

564 5092 837 5153 laverant,
869 5085 959 5157 qui
989 5098 1130 5151 saepe
1154 5079 1402 5136 occidere
1430 5077 1577 5130 illum
1600 5074 1905 5137 voluerant,
1942 5073 2029 5141 qui
2061 5072 2141 5124 la-

564 5180 777 5250 pidibus
807 5174 1172 5245 impelierant,
1206 5170 1257 5223 hi
1288 5166 1687 5223 circumsistunt
1706 5172 1760 5218 et
1780 5164 2137 5230 interrogant,

568 5274 629 5327 Si
657 5282 711 5325 tu
740 5287 790 5325 es
820 5266 1085 5323 Christus?
1114 5264 1294 5333 Neque
1336 5260 1454 5315 illos
1486 5268 1605 5328 post
1637 5261 1717 5310 tot
1747 5255 1979 5323 talesque
2008 5253 2139 5305 insi-

566 5364 683 5418 dias
719 5360 948 5429 repulit,
992 5355 1085 5411 sed
1116 5362 1389 5407 mansuete
1425 5348 1708 5403 admodum
1747 5344 2039 5414 respondit.
2073 5345 2143 5395 At

568 5454 927 5510 necessarium
946 5458 1029 5505 est
1050 5450 1186 5501 hunc
1202 5458 1501 5499 sermonem
1525 5442 1681 5495 altius
1700 5449 1959 5508 repetere.
1984 5435 2143 5489 Facta

570 5558 719 5615 sunt,
750 5546 953 5615 inquit,
985 5539 1206 5595 euctenia
1241 5539 1294 5590 in
1326 5534 1685 5602 Jcrosolymis,
1728 5542 1773 5583 et
1814 5532 1969 5582 hiems
2013 5536 2139 5581 erat.

570 5640 790 5710 Magnus
817 5638 902 5693 hic
922 5635 1037 5691 dies
1060 5633 1224 5688 festus
1248 5636 1300 5684 et
1325 5624 1577 5683 solemnis
1598 5629 1731 5677 erat.
1758 5621 1871 5686 Qua
1899 5619 2036 5675 enim
2058 5616 2144 5673 die

2242 3630 2494 3697 templum
2522 3637 2882 3682 conistructum
2911 3629 3110 3693 fuerat,
3141 3644 3206 3683 ex
3239 3629 3391 3699 longa
3419 3640 3472 3684 et
3492 3629 3701 3683 Persica
3729 3632 3807 3699 (α)

2242 3723 2439 3777 reversi
2469 3723 2791 3789 captivitate,
2823 3721 2958 3775 hanc
2986 3722 3343 3775 celebritatem
3363 3722 3670 3776 solemniter
3685 3737 3806 3791 age-

2243 3814 2388 3867 bant.
2437 3813 2548 3865 Diei
2590 3813 2725 3865 festo
2765 3812 2950 3865 aderat
2990 3812 3254 3865 Christus.
3305 3811 3538 3866 Instante
3585 3827 3809 3881 namque

2244 3913 2444 3969 morte,
2488 3903 2790 3971 frequenter
2826 3904 2875 3956 in
2905 3902 3140 3956 Judzeam
3166 3903 3429 3957 veniebat.
3465 3902 3811 3957 Circumdede-

2241 4005 2360 4047 runt
2396 4010 2514 4064 ergo
2543 4010 2654 4047 eum
2687 3993 2858 4046 Juda'i
2896 4002 2942 4047 et
2986 3994 3212 4047 dicebant
3243 4010 3261 4047 :
3293 3994 3562 4063 Quousque
3591 3995 3811 4047 animam

2241 4097 2464 4140 nostram
2487 4087 2659 4140 tollis?
2685 4086 2747 4141 Si
2776 4095 2829 4137 tu
2853 4102 2905 4139 es
2925 4085 3153 4139 Christus
3170 4128 3185 4152 ,
3213 4086 3293 4139 dic
3322 4086 3462 4139 nobis
3484 4087 3672 4154 palam.
3697 4086 3810 4139 Non

2241 4179 2407 4244 dixit,
2448 4178 2584 4243 Quid
2619 4193 2649 4231 a
2698 4193 2783 4232 me
2821 4177 3097 4246 qumritis?
3133 4177 3512 4231 daemoniacum
3541 4191 3681 4246 saepe
3717 4191 3809 4229 v0-

2241 4272 2423 4337 castis,
2456 4269 2735 4336 furiosum,
2768 4269 3195 4324 Samaritanum:
3226 4270 3335 4323 Deo
3359 4268 3719 4323 adversarium
3760 4276 3814 4321 et

2242 4359 2582 4428 deceptorem
2633 4374 2720 4413 me
2758 4359 2977 4426 putastis
3023 4374 3183 4413 esse:
3225 4368 3278 4412 et
3311 4374 3479 4427 nuper
3520 4358 3807 4419 dicebatis,

2245 4450 2323 4504 Tu
2359 4450 2691 4504 testimonium
2722 4449 2948 4520 perhibes
2981 4450 3043 4502 de
3068 4450 3258 4518 teipso;
3289 4449 3628 4502 testimonium
3670 4458 3816 4500 tuum

2242 4556 2345 4592 non
2374 4548 2448 4593 est
2476 4554 2646 4592 verum
2680 4538 2854 4608 (Joan.
2881 4538 2934 4592 8.
2964 4538 3053 4607 15)
3079 4555 3093 4591 :
3125 4553 3221 4592 cur
3246 4552 3373 4606 ergo
3400 4537 3735 4604 interrogatis
3763 4545 3817 4589 et

2243 4628 2309 4683 de
2336 4645 2421 4683 me
2441 4629 2627 4683 audire
2657 4629 2814 4682 vultis
2833 4669 2847 4690 ,
2879 4628 3029 4696 cujus
3052 4629 3409 4682 testimonium
3437 4627 3692 4695 rejicitis?
3722 4626 3817 4680 Ni-

2244 4719 2318 4773 hil
2349 4719 2538 4774 horum
2574 4719 2738 4783 dixit,
2780 4718 2881 4773 etsi
2924 4729 3105 4773 nosset
3139 4720 3333 4773 malum
3376 4718 3813 4786 interrogantium

2244 4813 2497 4865 animum.
2520 4811 2650 4865 Nam
2672 4810 2811 4880 quod
2836 4826 2956 4865 eum
2982 4811 3427 4866 circumdederint
3443 4851 3459 4875 ,
3481 4825 3544 4866 ac
3562 4812 3814 4879 dixerint,

2249 4903 2521 4973 Quousque
2534 4905 2754 4956 animam
2771 4913 2995 4956 nostram
3015 4904 3185 4957 tollis?
3202 4903 3251 4957 id
3269 4904 3542 4958 videbatur
3556 4918 3618 4958 ex
3635 4918 3819 4958 amore

2246 4994 2476 5063 quodam
2504 5003 2559 5047 et
2585 4993 2821 5048 discendi
2852 4993 3028 5048 studio
3055 4994 3341 5063 proﬁcisci.
3366 4994 3513 5049 Mens
3540 5003 3717 5048 autem
3740 4994 3818 5047 in-

2248 5084 2630 5153 terrogantium
2673 5093 2921 5153 corrupta
2959 5093 3012 5139 et
3048 5084 3267 5139 subdola
3313 5094 3449 5139 erat.
3493 5084 3627 5151 Quia
3674 5085 3814 5138 enim

2245 5190 2406 5243 opera
2432 5174 2712 5228 calumniis
2736 5190 2838 5228 non
2866 5175 3019 5227 obvia
3047 5184 3232 5241 erant,
3260 5174 3436 5229 verbis
3457 5189 3649 5243 capere
3676 5190 3817 5243 quaa-

2247 5270 2466 5333 rebant,
2498 5268 2651 5321 aliter
2678 5258 2833 5336 quam
2862 5269 3008 5337 prius
3035 5268 3450 5336 interrogantes,
3483 5283 3543 5321 ac
3572 5267 3815 5335 frequen-

2249 5368 2330 5410 ter
2360 5359 2723 5422 sciscitantes,
2756 5372 2820 5411 ex
2852 5359 2981 5427 ipsis
3009 5358 3186 5413 verbis
3220 5374 3340 5411 cum
3367 5357 3642 5411 confutare
3671 5357 3811 5409 vole—

2249 5448 2407 5513 bant;
2438 5457 2490 5501 ct
2523 5464 2641 5503 cum
2672 5463 2830 5518 opera
2864 5463 3084 5517 carpere
3121 5464 3224 5502 non
3264 5459 3513 5517 possent,
3547 5462 3614 5501 ex
3642 5446 3810 5499 verbis

2247 5562 2567 5672 Λέαγαῗὶερθ
2606 5562 2978 5625 Chrysostomus
3018 5562 3258 5611 Persidem
3285 5569 3423 5611 vocat
3446 5557 3740 5622 Babyloniam
3757 5556 3805 5603 et

2301 5637 2411 5671 "Vl‘l
2498 5660 2509 5672 .

2301 5637 2509 5673 mnam.
