4084 6360
277 367 380 424 335

275 484 406 537 τόσα
440 488 533 539 καὶ
562 490 695 542 τόσα
716 503 730 519 ·
760 489 874 542 ἀλλ’
903 491 1054 560 ὅμως
1080 488 1265 559 ἀπάτῃ
1307 489 1414 542 τινὶ
1463 489 1558 541 καὶ
1595 488 1767 558 κλοπῇ
1799 487 1859 540 τὸ

280 568 408 621 αὐτὸ
428 570 516 622 ἐπ’
550 571 818 633 ἐλάττοσι,
852 573 946 626 καὶ
972 568 1053 636 οἷς
1081 573 1358 644 δυνάμεθα
1385 571 1855 642 κατεργαζόμεθα.

279 651 444 702 Ὅταν
481 653 591 723 γάρ
644 656 700 706 ἐν
743 659 854 719 τοῖς
915 655 1294 726 συμϐολαίοις,
1350 657 1447 709 καὶ
1506 655 1667 725 ἡνίκα
1717 654 1761 707 δ’
1791 654 1858 706 ἀν

275 735 542 806 ἀγοράσαι
582 737 676 808 δέῃ
704 755 757 792 τι
794 739 828 810 ἢ
853 742 949 793 καὶ
977 738 1309 804 ἀποδόσθαι,
1341 738 1736 808 φιλονεικῶμεν
1765 736 1858 790 καὶ

277 817 592 888 βιαζώμεθα
609 820 828 874 ἔλαττον
861 822 962 893 τῆς
987 822 1144 887 ἀξίας
1177 821 1528 885 καταϐαλεῖν,
1556 824 1650 874 καὶ
1678 821 1857 874 πάντα

275 899 414 970 ὑπὲρ
442 901 632 954 τούτου
661 903 926 972 ποιῶμεν,
955 906 1016 958 οὐ
1055 905 1280 978 λῃστεία
1304 905 1364 958 τὸ
1394 904 1628 976 πρᾶγμά
1664 905 1812 955 ἐστιν
1839 919 1853 965 ;

272 984 333 1036 οὐ
369 985 544 1056 κλοπὴ
575 988 668 1040 καὶ
699 988 1017 1056 πλεονεξία;
1049 991 1141 1060 Μὴ
1170 989 1280 1061 γάρ
1312 1005 1402 1057 μοι
1431 988 1613 1060 εἴπῃς,
1644 988 1725 1039 ὅτι
1756 987 1856 1039 οὐκ

273 1067 469 1129 οἰκίαν,
499 1071 598 1123 οὐκ
629 1071 938 1143 ἀνδράποδα
983 1073 1346 1145 παρεσπάσω.
1393 1073 1457 1124 Ἦ
1511 1073 1620 1142 γάρ
1672 1071 1856 1124 ἀδικία

271 1153 332 1205 οὐ
361 1151 440 1222 τῷ
465 1156 650 1225 μέτρῳ
667 1155 779 1208 τῶν
809 1156 1253 1228 ἀφαιρουμένων,
1285 1156 1417 1209 ἀλλά
1437 1158 1502 1226 τῇ
1537 1155 1855 1226 προαιρέσει

271 1235 376 1288 τῶν
401 1236 743 1290 κλεπτόντων
775 1238 1042 1309 κρίνεται.
1078 1241 1152 1292 Τὸ
1179 1241 1288 1311 γάρ
1323 1239 1504 1294 ἄδικον
1538 1240 1632 1292 καὶ
1672 1238 1734 1290 τὸ
1777 1237 1856 1290 δί-

271 1336 426 1372 καιον
461 1322 519 1374 ἐν
539 1322 797 1392 μεγάλοις
827 1325 922 1377 καὶ
946 1325 1005 1377 ἐν
1039 1325 1256 1396 μικροῖς
1283 1324 1383 1395 τὴν
1407 1323 1577 1394 αὐτὴν
1608 1323 1720 1392 ἔχει
1763 1323 1854 1375 δύ-

274 1420 434 1472 ναμιν
456 1419 468 1432 ⁸
517 1405 613 1458 καὶ
662 1405 1117 1477 βαλαντιοτόμους
1144 1408 1345 1476 ὁμοίως
1399 1406 1508 1474 ἐγὼ
1537 1405 1719 1468 καλῶ,
1751 1405 1854 1458 κᾶν

273 1485 555 1554 βαλάντιόν
577 1505 660 1552 τις
683 1489 956 1560 διατεμὼν
977 1491 1199 1562 χρυσίον
1231 1489 1392 1560 λάϐῃ,
1420 1489 1524 1542 κᾶν
1547 1487 1854 1557 ὠνούμενος

272 1570 422 1640 παρά
444 1588 586 1634 τινος
611 1572 720 1624 τῶν
763 1574 1040 1644 ἀγοραίων
1085 1573 1184 1644 τῆς
1233 1572 1389 1637 ἀξίας
1419 1571 1755 1642 παρασπάσῃ
1798 1587 1852 1622 τι

270 1654 458 1724 τιμῆς·
490 1656 583 1707 καὶ
611 1656 943 1728 τοιχωρύχος
971 1656 1028 1708 δέ
1051 1656 1149 1727 οὐχ
1175 1657 1203 1709 6
1247 1658 1424 1726 τοῖχον
1460 1653 1650 1707 διελὼν
1694 1654 1852 1724 μόνον

270 1738 362 1789 καὶ
411 1737 742 1808 ὑφελόμενός
767 1757 821 1793 τι
848 1740 956 1793 τῶν
986 1739 1154 1803 ἔνδον,
1186 1739 1323 1794 ἀλλά
1355 1740 1502 1793 καὶὸ
1542 1739 1698 1809 δίκην
1736 1739 1852 1792 δια-

269 1820 497 1890 φθείρας
525 1822 620 1875 καὶ
645 1823 976 1892 ἀφελόμενός
1000 1840 1055 1875 τι
1077 1822 1170 1876 τοῦ
1195 1823 1440 1894 πλησίον.
1465 1821 1559 1893 Μὴ
1584 1821 1760 1875 τοίνυν
1781 1822 1852 1875 τὰ

267 1903 512 1973 ἡμέτερα
549 1906 1006 1976 παρατρέχοντες,
1065 1908 1174 1960 τῶν
1221 1906 1519 1978 ἀλλοτρίων
1565 1905 1852 1975 γενώμεθα

267 1986 552 2040 δικασταί·
586 1988 721 2058 μηδέ
744 1990 877 2042 ὅπου
901 1989 1311 2060 φιλανθρωπίας
1341 1991 1551 2060 καιρὸς,
1581 1989 1850 2056 ἐξετάζω·

272 2086 369 2136 μεν
389 2071 656 2141 πονηρίαν
680 2088 692 2101 ’
721 2071 838 2126 ἀλλ’
871 2074 1224 2144 ἐννοήσαντες
1263 2073 1381 2138 πῶς
1436 2074 1532 2126 καὶ
1560 2076 1723 2144 ἡμεῖς
1771 2074 1851 2127 δι-

269 2151 532 2222 εκείμεθα
582 2153 771 2220 πάλαι,
802 2155 1091 2226 γενώμεθά
1143 2173 1273 2210 ποτε
1306 2158 1504 2227 ἥμεροι
1543 2157 1637 2210 καί
1665 2155 1855 2226 φιλάνο

269 2234 498 2306 θρώποι.
528 2237 654 2302 Πῶς
686 2235 781 2293 οὖν
813 2240 1166 2310 διεκείμεθα;
1210 2242 1476 2296 ’Ἄκουσον
1511 2239 1722 2295 Παύλου
1760 2241 1851 2294 λέ-

267 2334 478 2384 γοντος,
513 2315 708 2389 Ἦμεν
732 2321 843 2392 γάρ
874 2337 1020 2378 ποτε
1055 2324 1156 2380 καί
1173 2324 1346 2394 ἡμεῖς
1365 2325 1647 2392 ἀπειθεῖς,
1669 2326 1851 2393 ἀνόη-

267 2419 378 2465 τοι,
404 2406 801 2474 πλανώμενοι,
824 2407 1219 2476 δουλεύοντες
1242 2410 1580 2480 ἐπιθ⁴υμάις
1600 2411 1700 2465 καί
1720 2410 1854 2478 ἠδο-

267 2486 403 2553 ναῖς
437 2491 762 2556 ποικίλαις,
793 2493 1114 2563 στυγητοί,
1138 2493 1468 2563 μισοῦντες
1503 2495 1848 2561 ἀλλήλους’

268 2570 364 2622 καὶ
382 2570 567 2636 πάλιν,
599 2567 793 2642 Ἦμεν
814 2576 923 2646 γὰρ
948 2579 1131 2646 φύσει
1163 2575 1345 2630 τέκνα
1390 2578 1769 2647 όργῆς.·⁹Αλλ’
1822 2581 1852 2632 6

268 2651 401 2717 Θεὸς
429 2653 626 2726 ὥσπερ,
646 2658 705 2710 ἐν
731 2657 1092 2732 δεσμωτηρίῳ
1121 2663 1519 2732 κατεχομένους
1567 2663 1691 2718 ἰδὼν
1711 2704 1726 2727 ,
1757 2667 1851 2718 καὶ

269 2734 492 2820 ἁλύσεσι
521 2738 784 2808 χαλεπαῖς
809 2741 1142 2812 δεδεμένους,
1181 2743 1314 2798 πολὺ
1344 2745 1452 2800 τῶν
1488 2746 1597 2800 ἀπὸ
1631 2747 1849 2820 σιδήρου

267 2818 706 2902 χαλεπωτέραις,
727 2823 828 2876 οὐκ
857 2825 1196 2898 ἐπῃσχύνθη,
1225 2827 1340 2881 ἀλλ’
1367 2824 1500 2898 ἦλθε
1522 2830 1618 2883 καὶ
1646 2818 1850 2902 ἐπέστη

267 2901 347 2972 τῷ
383 2903 762 2977 δεσμωτηρίῳ,
811 2909 905 2961 καὶ
952 2912 1077 2974 τοὺς
1109 2913 1318 2983 μυρίων
1347 2913 1530 2978 ἀξίους
1575 2901 1851 2970 κολάσεων

270 2985 509 3056 ἐξήγαγέ
539 3006 598 3042 τε
627 2991 858 3056 ἐκεῖθεν,
896 2995 990 3047 καὶ
1014 2996 1094 3058 εἰς
1121 2993 1395 3064 βασιλείαν
1418 2997 1614 3068 ἤγαγε,
1639 2999 1849 3054 καὶτοῦ

268 3071 501 3153 ούρανοῦ
534 3072 953 3144 λαμπροτέρους
986 3078 1259 3149 ἐποίησεν,
1315 3081 1404 3134 ἵνα
1451 3082 1544 3135 καὶ
1590 3084 1754 3153 ἡμεῖς
1783 3083 1851 3137 τὰ

269 3152 410 3238 αὑτά
437 3155 680 3226 ποιῶμεν
707 3159 846 3211 κατά
869 3159 1095 3230 δύναμιν
1124 3163 1222 3232 τὴν
1253 3164 1549 3234 ἡμετέραν.
1591 3152 1702 3221 Καὶ
1743 3167 1850 3238 γάρ

269 3237 398 3291 ὅταν
426 3237 559 3312 λέγῃ
586 3253 611 3281 ει
653 3244 766 3304 τοῖς
793 3243 1058 3315 μαθηταῖς
1079 3261 1093 3274 °
1132 3246 1280 3316 [560]
1311 3250 1379 3300 Εἰ
1402 3244 1516 3302 ὀῦν
1539 3249 1653 3318 ἐγὼ
1669 3237 1852 3319 ἔνιψα

270 3325 414 3388 τοὺς
474 3327 664 3394 πόδας
723 3331 755 3380 ό
809 3331 1026 3398 Κύριος
1076 3332 1174 3384 καί
1231 3335 1263 3384 ό
1297 3332 1704 3400 Διδάσκαλος,
1750 3337 1849 3390 καὶ

268 3407 443 3474 ὑμεῖς
502 3410 772 3480 ὀφείλετε
819 3411 1106 3478 ἀλλήλων
1152 3413 1385 3468 νίπτειν
1440 3417 1584 3483 τοὺς
1619 3418 1848 3483 πόδαςο

272 3489 604 3562 ὑπόδειγμα
632 3495 744 3562 γὰρ
772 3495 965 3550 ἔδωκα
993 3496 1156 3565 ὑμῖν,
1179 3499 1279 3550 ἵνα
1304 3500 1500 3566 καθὼς
1518 3501 1632 3568 ἐγὼ
1649 3501 1852 3570 ἐποίη-

269 3589 374 3636 σα,
393 3577 492 3628 καὶ
511 3576 680 3644 ὑμεῖς
697 3576 902 3644 ποιῆτε
923 3593 936 3606 °
960 3579 1059 3632 οὐκ
1090 3580 1182 3632 ἐπὶ
1210 3580 1288 3651 τῷ
1303 3582 1510 3635 νίπτειν
1537 3585 1661 3648 τοὺς
1686 3587 1852 3650 πόδας

269 3655 459 3710 τοῦτον
515 3661 714 3730 γράφει
774 3660 863 3714 τὸν
909 3661 1070 3731 νόμον
1123 3663 1306 3730 μόνον,
1340 3665 1478 3719 ἀλλά
1507 3669 1602 3720 καὶ
1631 3670 1689 3720 ἐν
1739 3673 1851 3733 τοῖς

269 3741 451 3805 ἄλλοις
467 3743 689 3807 ἀπασιν,
718 3739 797 3807 οἷς
827 3746 956 3816 περί
983 3747 1129 3817 ἡμᾶς
1151 3747 1480 3813 ἐπεδείξατο.
1502 3750 1852 3822 Ἀνδροφόνος

270 3826 422 3876 ἐστὶν
442 3828 469 3878 6
506 3827 564 3879 τὸ
591 3827 957 3898 δεσμωτήριον
995 3830 1194 3892 οἰκῶνς
1227 3832 1368 3885 Ἀλλ’
1397 3835 1558 3904 ἡμεῖς
1604 3836 1664 3889 τὸ
1689 3837 1852 3891 καλὸν

270 3907 551 3972 ποιοῦντες
580 3911 654 3981 μὴ
678 3911 1022 3982 ἐκκακῶμεν.
1057 3911 1423 3986 Τυμϐωρύχος
1455 3919 1570 3970 ἐστὶ
1608 3921 1700 3972 καὶ
1731 3938 1851 3989 μοι·

271 3993 364 4060 χός
389 4011 403 4058 ;
424 3993 587 4045 Ἀλλά
624 3994 698 4064 μὴ
728 3995 825 4066 τὴν
848 3995 1068 4059 κακίαν,
1096 3996 1232 4050 ἀλλὰ
1253 4001 1352 4070 τὴν
1379 4002 1664 4073 συμφοράν
1685 4003 1850 4057 ἐλεῶ-

274 4095 395 4146 μεν.
420 4078 686 4142 Πολλάκις
707 4079 933 4151 δέ,ὃπερ
949 4079 1106 4151 ἔφην,
1127 4083 1479 4154 εὑρεθήσεται
1511 4087 1628 4140 ἐκεῖ
1659 4089 1751 4140 καὶ
1772 4085 1852 4152 εἷς

274 4160 490 4230 μυρίων
517 4161 767 4226 ἀντάξιος
812 4164 1038 4236 ἀνδρῶν.
1085 4167 1205 4220 Κάν
1237 4169 1474 4239 συνεχῶς
1504 4171 1674 4242 ἀπίῃς
1708 4173 1848 4244 πρὸς

268 4245 398 4308 τοὺς
423 4244 756 4314 δεδεμένους,
787 4247 889 4299 οὐκ
920 4248 1194 4321 ἀποτεύξῃ
1230 4251 1331 4320 τῆς
1363 4253 1618 4325 τοιαύτης
1652 4256 1716 4326 θή
1729 4274 1843 4326 ρας.

271 4326 483 4397 ’Ὠσπερ
509 4328 617 4397 γάρ
639 4330 666 4381 6
701 4329 952 4400 Ἀϐραὰμ
981 4332 1075 4384 καὶ
1097 4335 1224 4395 τοὺς
1252 4336 1512 4404 τυχόντας
1535 4337 1847 4408 ξενοδοχῶν,

335 4447 358 4475 ⁸
391 4444 564 4495 Morel.
608 4448 720 4494 ὅταν
762 4449 906 4510 λέγει.

1279 369 1344 425 ΙΝ
1387 368 1711 426 JOANNEM
1749 367 1985 425 IIOMIL.
2025 366 2160 422 LXI.
2207 369 2276 423 al.
2322 368 2434 424 LX.

3433 370 3539 426 336

1962 485 2194 554 ἐπέτυχέ
2225 503 2352 539 ποτε
2388 486 2486 540 καὶ
2514 487 2794 557 ἀγγέλων·
2834 487 2977 542 οὕτω
3010 488 3104 542 καὶ
3133 488 3296 559 ἡμεῖς
3320 487 3542 542 ἐπιτευ-

1961 567 2167 638 ξόμεθα
2215 570 2310 622 καὶ
2356 570 2609 640 μεγάλων
2643 572 2874 642 ἀνδρῶν,
2907 571 2974 626 ἀν
3003 571 3162 643 ἔργον
3202 572 3264 624 τὸ
3309 573 3542 642 πρᾶγμα

1961 650 2336 721 ποιησώμεθα.
2371 654 2432 706 Εἰ
2453 652 2512 706 δὲ
2532 655 2638 725 χρὴ
2663 655 2758 708 καὶ
2787 654 3106 724 θαυμαστόν
3130 672 3182 708 τι
3215 655 3411 719 εἰπεῖν,
3441 656 3541 725 οὐχ

1958 733 2131 798 οὕτως
2157 737 2396 789 ἐπαίνων
2424 737 2574 804 ἄξιος
2602 739 2630 791 6
2655 740 2828 809 μέγαν
2848 739 3264 810 ὑποδεχόμενος,
3291 739 3366 803 ὡς
3397 740 3426 792 6
3449 740 3541 793 τὸν

1957 817 2174 888 οἰκτρὸν
2204 820 2297 871 καὶ
2315 819 2683 892 ταλαίπωρον.
2729 823 2966 885 Ἐκεῖνος
2990 823 3088 892 μὲν
3114 826 3223 892 γὰρ
3250 823 3310 876 οὐ
3336 822 3540 893 μικράν

1957 899 2213 971 ἀφορμὴν
2241 901 2354 972 ἔχει
2385 903 2476 956 τὸν
2510 902 2710 958 ἑαυτοῦ
2748 904 2860 973 βίον
2895 905 3031 975 πρὸς
3063 904 3124 956 τὸ
3155 903 3349 957 παθεῖν
3377 901 3435 958 εὖ
3455 921 3468 935 ·
3507 906 3537 958 6

1955 981 2012 1034 δέ
2048 985 2460 1056 ἀπερριμμένοις
2488 987 2583 1040 καὶ
2611 985 2717 1040 ὑπὸ
2749 987 2964 1040 πάντων
3001 987 3410 1058 προδεδομένος,
3439 989 3538 1040 ἕνα

1955 1064 2150 1135 λιμένα
2173 1068 2334 1138 μόνον
2361 1068 2494 1140 ἔχει,
2516 1070 2609 1122 τὸν
2639 1070 2788 1122 ἔλεον
2818 1069 2914 1123 τοῦ
2939 1071 3218 1135 ποιοῦντος
3249 1071 3411 1124 αὐτὸν
3441 1069 3501 1124 εὖ
3523 1088 3536 1100 ·

1955 1147 2096 1202 ὥστε
2129 1151 2508 1222 φιλανθρωπία
2537 1153 2757 1224 καθαρά
2789 1151 2949 1207 τοῦτο
2983 1153 3221 1224 μάλιστά
3251 1157 3390 1208 ἐστι.
3422 1155 3538 1208 Καὶ

1954 1232 1983 1284 6
2011 1231 2112 1302 μὲν
2139 1233 2232 1286 τὸν
2263 1234 2574 1304 θαυμαστὸν
2610 1238 2705 1290 καὶ
2733 1238 3007 1310 περιφανῆ
3033 1237 3373 1308 θεραπεύων,
3409 1239 3539 1291 πολ-

1955 1315 2110 1379 λάκις
2136 1317 2231 1370 καὶ
2257 1317 2394 1389 πρὸς
2424 1319 2730 1390 ἀνθρώπων
2773 1320 3033 1386 ἐπίδειξιν
3062 1320 3221 1374 τοῦτο
3245 1322 3500 1392 ἐποῦλσεν
3520 1339 3534 1354 ο

1952 1401 1982 1450 6
2007 1400 2065 1452 δέ
2093 1399 2182 1453 τὸν
2213 1402 2623 1472 ἀπερριμμένον
2654 1405 2748 1457 καὶ
2774 1403 3218 1475 ἀπεγνωσμένον,
3249 1404 3339 1458 διά
3369 1405 3538 1475 μόνην

1953 1484 2052 1553 τὴν
2085 1484 2306 1555 ἐντολὴν
2327 1484 2420 1538 τοῦ
2443 1486 2580 1538 Θεοῦ
2605 1486 2764 1540 τοῦτο
2785 1487 3098 1558 ἐργάζεται.
3125 1487 3216 1541 Διὸ
3246 1487 3351 1540 κᾶν
3374 1488 3538 1557 δοχὴν

1954 1567 2217 1637 ποιῶμεν,
2248 1569 2456 1639 χωλοὺς
2477 1572 2570 1624 καὶ
2595 1573 2912 1642 ἀναπήρους
2939 1570 3300 1641 ὑποδέχεσθαι
3330 1570 3539 1624 κελευό-

1957 1652 2095 1722 μεθα
2115 1666 2130 1679 ’
2163 1651 2265 1706 κάν
2290 1653 2663 1724 ἐλεημοσύνην
2684 1654 3070 1725 ἐργαζώμεθα,
3108 1653 3420 1724 ἐλαχίστους
3443 1655 3538 1707 καὶ

1954 1734 2192 1798 εὐτελεῖς
2221 1735 2390 1789 ἐλεεῖν
2427 1737 2797 1808 ἐπετάγημεν.
2840 1737 2965 1806 Ἐφ’
3009 1738 3160 1790 ὅσον
3191 1739 3300 1807 γάρ
3328 1735 3537 1805 ἐποιή-

1951 1831 2135 1880 σατε,
2172 1819 2371 1888 φησὶν,
2417 1818 2508 1871 ἐνί
2553 1820 2783 1872 τούτων
2824 1819 2943 1873 τῶν
2987 1819 3330 1888 ἐλαχίστων
3357 1857 3372 1881 ,
3408 1817 3540 1888 ἐμοὶ

1950 1900 2295 1967 ἐποιήσατε.
2328 1901 2543 1965 Εἰδότες
2567 1902 2746 1956 τοίνυν
2772 1902 2864 1955 τὸν
2901 1905 3018 1956 ἐκεῖ
3043 1903 3297 1972 κείμενον
3331 1901 3538 1972 θησαυ-

1957 1983 2082 2053 ρὸν,
2131 1984 2388 2055 εἰσίωμεν
2427 1985 2670 2056 συνεχῶς
2717 1986 2811 2038 καὶ
2859 1983 3404 2056 πραγματευώμεθα,
3443 1985 3540 2037 καὶ

1950 2065 2050 2128 τὰς
2085 2066 2211 2137 περὶ
2240 2067 2308 2121 τά
2341 2067 2546 2138 θέατρα
2581 2068 2820 2133 σπουδάς
2859 2069 2978 2122 ἐκεῖ
3003 2068 3292 2139 τρέφωμεν
3331 2065 3384 2122 ιδ.
3417 2066 3538 2120 Κάν

1955 2150 2122 2221 μηδὲν
2138 2151 2266 2222 ἔχῃς
2289 2153 2642 2219 εἰσενεγκεῖν,
2675 2153 2938 2222 εἰσάγαγε
2961 2152 3060 2224 τὴν
3089 2152 3198 2205 ἀπὸ
3225 2150 3333 2205 τῶν
3361 2149 3538 2219 λόγων

1953 2234 2320 2306 παράκλησιν.
2359 2235 2433 2287 Οὐ
2463 2236 2572 2303 γάρ
2615 2235 2678 2306 δὴ
2713 2236 2872 2306 μόνον
2911 2235 3001 2289 τὸν
3051 2237 3322 2306 τρέφοντα
3347 2275 3363 2301 ,
3396 2232 3538 2287 ἀλλά

1952 2317 2048 2370 καὶ⁸
2075 2317 2166 2371 τὸν
2190 2317 2427 2370 εἰσιόντα
2454 2319 2482 2370 6
2515 2318 2647 2382 Θεὸς
2673 2319 2984 2389 ἀμείϐεται.
3019 2320 3186 2372 Ὅταν
3215 2317 3325 2389 γάρ
3355 2316 3535 2370 εἰσελ-

1953 2399 2062 2455 θὼν
2100 2400 2412 2472 τρέμουσαν
2442 2401 2537 2455 καί¹
2565 2401 2868 2455 δεδοικυῖαν
2896 2402 2996 2472 τὴν
3035 2402 3216 2472 ψυχῆν
3245 2400 3538 2472 διαναστή-

1953 2501 2089 2558 σῃς,
2140 2483 2496 2555 παρακαλῶν,
2535 2484 2767 2556 βοηθῶν,
2803 2484 3237 2556 ὑπισχνούμενος
3275 2483 3532 2554 ἀμύνειν,

1952 2570 2263 2638 φιλοσοφεῖν
2319 2567 2778 2638 παρασκευάζων,
2813 2571 2873 2623 οὐ
2917 2569 3113 2640 μικρὸν
3157 2568 3253 2623 καὶ
3285 2567 3537 2622 ἐντεῦθεν

1951 2653 2098 2728 λήψῃ
2118 2651 2208 2706 τὸν
2239 2652 2456 2723 μισθόν.
2487 2651 2634 2718 Ἐξω
2659 2653 2759 2723 μὲν
2784 2653 2891 2726 γὰρ
2921 2652 3015 2706 σοῦ
3038 2653 3260 2706 τοιαῦτα
3293 2650 3537 2720 διαλεγο-

1954 2739 2138 2808 μένου,
2175 2736 2360 2791 πολλοί
2410 2736 2508 2791 καί
2546 2737 2870 2805 γελάσονται
2909 2738 3016 2791 ὑπὸ
3048 2739 3145 2807 τῆς
3174 2737 3380 2807 πολλῆς
3405 2753 3536 2808 τρυ-

1952 2822 2058 2892 φῆς
2093 2821 2515 2892 διακεχυμένοι·
2552 2821 2678 2874 οἰδέ
2722 2822 2780 2874 ἐν
2824 2822 3134 2893 συμφοραῖς
3181 2820 3355 2885 ὄντες,
3405 2836 3538 2873 κατ-

1951 2904 2285 2975 εσταλμένης
2323 2905 2506 2968 αὐτοῖς
2530 2915 2552 2942 ο
2592 2904 2690 2975 τῆς
2727 2904 2968 2969 διανοίας
2991 2945 3007 2970 ,
3040 2905 3180 2975 μετά
3202 2904 3405 2974 πολλῆς
3436 2904 3537 2974 τῆς

1951 2989 2250 3052 ἐπιεικείας
2283 2989 2380 3042 καὶ
2400 2987 2722 3059 προσέξουσι
2754 2990 2868 3050 τοῖς
2898 2988 3234 3058 λεγομένοις,
3265 2990 3357 3041 καὶ
3377 2990 3537 3040 ἐπαι-

1951 3073 2217 3137 νέσονται,
2240 3073 2336 3128 καὶ
2363 3072 2578 3126 ἔσονται
2606 3071 2868 3142 βελτίους.
2908 3072 3063 3124 Ἑπεί
3092 3072 3185 3126 καὶ
3209 3072 3424 3127 Παύλου
3445 3072 3539 3143 δη-

1954 3157 2326 3228 μηγοροῦντος
2347 3197 2362 3221 ,
2409 3157 2653 3211 Ἰουδαῖοι
2691 3155 2791 3227 μὲν
2823 3155 3084 3220 πολλάκις
3111 3157 3418 3225 κατεγέλων
3439 3173 3453 3187 ·
3485 3157 3538 3209 οἰ

1948 3240 2006 3293 δὲ
2031 3239 2306 3311 δεσμῶται
2337 3239 2481 3310 μετὰ
2524 3239 2730 3308 πολλῆς
2762 3239 3119 3310 ἐπηκροῶντο
3149 3240 3248 3310 τῆς
3281 3240 3536 3310 ἡσυχίας.

1950 3324 2119 3377 Οὐδὲν
2172 3324 2281 3395 γάρ
2322 3323 2494 3387 οὕτως
2535 3326 2616 3387 εἰς
2657 3322 2974 3392 φιλοσοφίαν
3007 3322 3320 3392 ἐπιτηδείαν
3353 3340 3539 3377 κατα-

1953 3407 2209 3470 σκευάζει
2233 3408 2334 3479 τὴν
2358 3406 2537 3477 ψυχὴν
2552 3406 2628 3469 ώς
2658 3406 2936 3476 συμφορά,
2955 3407 3049 3460 καὶ
3080 3405 3406 3477 πειρασμὸς,
3444 3407 3540 3459 καὶ

1951 3492 2129 3562 θλίψις
2163 3493 2506 3562 ἐπικειμένη.
2547 3491 2714 3545 Ταῦτ’
2744 3488 2838 3545 οὖν
2883 3493 3238 3561 ἐννοήσαντες
3283 3494 3534 3557 ἅπαντα,

1949 3575 2050 3628 ὅσα
2083 3575 2183 3645 μὲν
2216 3576 2344 3636 τοὺς
2373 3575 2521 3628 ἔνδον
2560 3573 2746 3643 ἀγαθά
2771 3615 2787 3638 ,
2817 3575 2918 3627 ὅσα
2952 3574 3009 3626 δὲ
3039 3575 3187 3644 ἡμᾶς
3221 3574 3418 3637 αὐτοὺς
3442 3576 3536 3646 ἐρ-

1950 3658 2256 3729 γασόμεθα,
2295 3658 2536 3728 συνεχῶς
2564 3661 2748 3721 αὐτοῖς
2777 3659 3206 3729 ἀναμιγνύμενοι
3237 3657 3286 3722 ἀ,
3317 3659 3412 3713 καὶ
3437 3659 3536 3723 τὰς

1954 3743 2013 3795 ἐν
2045 3743 2219 3812 ἀγορᾷ
2234 3742 2537 3812 διατριϐάς,
2567 3743 2662 3796 καί
2681 3742 2780 3807 τάς
2807 3743 3070 3815 ἀκαίρους
3100 3740 3248 3814 [561]
3280 3740 3536 3814 ἀσχολίας

1952 3826 2070 3878 ἐκεῖ
2095 3825 2591 3895 καταναλώσωμεν,
2624 3826 2711 3879 ἵνα
2733 3827 3018 3890 κάκείνους
3047 3826 3414 3896 κερδάνωμεν,
3442 3826 3538 3878 καὶ⁸

1953 3911 2101 3979 ἡμᾶς
2129 3909 2326 3972 αὐτοὺς
2355 3911 2734 3982 εὐφράνωμεν,
2781 3913 2875 3964 καί
2914 3911 3003 3964 τὸν
3032 3911 3165 3964 Θεὸν
3211 3909 3536 3980 δοξασθῖψαι

1953 3992 2491 4062 παρασκευάσαντες,
2523 3995 2632 4048 τῶν
2662 3997 2896 4050 αἰωνίων
2926 3996 3271 4066 ἐπιτύχωμεν
3291 3995 3536 4064 ἀγαθῶν,

1952 4077 2136 4147 χάριτι
2154 4080 2248 4130 καὶ
2267 4079 2650 4151 φιλανθρωπίᾳ
2674 4081 2770 4134 τοῦ
2803 4082 3007 4152 Κυρίου
3028 4083 3060 4150 ἡ
3069 4083 3183 4150 μῶν
3213 4079 3386 4152 Ἰησοῦ
3403 4080 3539 4150 Χρι-

1955 4159 2102 4225 στοῦ,
2125 4161 2193 4213 δι’
2219 4157 2279 4215 οὗ
2308 4163 2402 4214 καὶ
2431 4163 2549 4232 μεθ’
2574 4158 2634 4216 οὗ
2661 4164 2742 4234 τῷ
2773 4166 2948 4236 Πατρὶ
2971 4164 3147 4236 ἠδόξα
3166 4167 3262 4219 σὺν
3290 4164 3368 4235 τῷ
3397 4165 3538 4234 ἁγίῳ

1955 4243 2252 4314 Πνεύματι,
2279 4247 2356 4308 εἰς
2381 4247 2504 4307 τοὺς
2530 4246 2730 4311 αἰῶνας
2753 4249 2862 4302 τῶν
2892 4248 3124 4306 αἰώνων.
3172 4250 3366 4318 Ἀμήν.

2019 4338 2048 4407 1f
2076 4340 2231 4407 Sagili
2255 4349 2312 4407 μοι
2353 4341 2493 4392 codd.
2517 4342 2614 4389 ἐκεῖ
2628 4344 2910 4407 τρέφωμεν,
2938 4343 3112 4395 Morel.
3155 4345 3252 4407 ἐκεῖ
3275 4345 3535 4407 θρέψωμεν.

1958 4401 2039 4464 alii
2073 4402 2170 4449 ἐκεῖ
2214 4404 2452 4464 θάψωμεν.

2521 4407 2544 4433 θ
2581 4404 2679 4454 Alii
2713 4404 3096 4464 κατεσταλμένης
3126 4404 3312 4456 αὐτῶν.
3367 4404 3397 4446 ὶλ
3436 4404 3538 4456 Alii

1958 4463 2322 4524 ἀναμιγνύμεθφ

1664 4563 3509 4593 _.._._.____._________.___________

1754 4623 1994 4677 OMIAIA
2028 4624 2147 4680 ΞΑ’.

283 4703 563 4784 Ἐγένετο
589 4706 659 4784 δὲ
699 4711 1091 4784 τὰᾼέγκαίνιᾳ
1126 4713 1196 4766 ἐν
1250 4715 1701 4784 Ἰεροσολύμοις,
1749 4719 1850 4772 καὶ

345 4774 566 4857 χειμών
580 4775 805 4857 ἦν.,Καὶ
829 4774 1166 4857 περιεπάτει
1184 4774 1470 4857 όςιτίοόῦς
1493 4774 1562 4839 6;-
1690 4774 1847 4857 ἰερῷ,

345 4845 414 4920 ἐκ
439 4845 516 4914 τῇ
560 4845 712 4920 στοᾷ
745 4845 1150 4920 Σολομῶντος.
1195 4845 1577 4909 Ἐκῦκλωοαν
1605 4845 1720 4913 οὖν
1741 4845 1851 4911 'm'vl

347 4916 451 4994 τόν
477 4920 533 4994 οί
570 4919 852 4994 Ἰουδαῖοι,
877 4916 974 4975 καὶ
997 4916 1212 4990 ἔλεγον
1237 4925 1398 4990 αὐτῷ
1425 4944 1438 4957 ο
1473 4944 1491 4976 ι
1525 4929 1675 4994 Ἕως
1708 4931 1850 4980 πότε

349 4984 460 5050 τὴν
491 4988 704 5057 ψυχὴν
729 4991 897 5059 ἡμῶν
928 4984 1152 5061 αἶρεις’;
1191 5013 1209 5044 ι

349 5128 411 5175 α’.
438 5124 594 5177 Πᾶσα
613 5124 712 5194 μὲν
734 5126 902 5197 ἀρετὴ
920 5130 1101 5193 καλὸν,
1127 5129 1362 5200 μάλιστα
1387 5131 1441 5184 δέ
1470 5134 1737 5188 ἐπιείκεια
1760 5135 1854 5188 καὶ

274 5207 544 5277 πραότης.
591 5207 763 5261 Τοῦτο
809 5209 1127 5282 ἀνθρώπους
1176 5212 1445 5267 δείκνυσιν
1478 5219 1625 5286 ἡμᾶς
1649 5259 1662 5281 ,
1696 5219 1855 5271 τοῦτο

275 5290 384 5342 τῶν
413 5289 618 5360 θηρίων
639 5291 900 5360 διίστησι,
931 5294 1088 5346 τοῦτο
1109 5297 1219 5358 τοῖς
1247 5299 1498 5365 ἀγγέλοις
1526 5302 1854 5371 ἁμιλλᾶσθαι

275 5374 709 5445 παρασκευάζει.
741 5376 840 5428 Διά
854 5377 1012 5430 τοῦτο
1041 5379 1176 5432 καὶό
1196 5380 1432 5450 Χριστὸς
1457 5385 1698 5454 συνεχῶς
1727 5403 1789 5438 πε
1801 5387 1854 5454 ρί

274 5459 482 5530 ταύτης
508 5459 738 5523 πολλοὺς
761 5459 954 5528 λόγους
980 5461 1260 5516 ἀναλίσκει
1283 5465 1382 5535 τῆς
1407 5467 1629 5536 ἀρετῆς,
1649 5467 1854 5537 πράους

274 5539 415 5594 εἷναι
443 5543 535 5595 καὶ
568 5545 832 5606 ἐπιεικεῖς
862 5546 1119 5598 κελεύων.
1157 5547 1231 5598 Οὐ
1266 5547 1458 5615 λόγους
1484 5548 1540 5600 δὲ
1572 5549 1854 5604 ἀναλίσκει

278 5627 457 5698 μόνον,
491 5626 626 5679 ἀλλά
665 5629 758 5680 καὶ
783 5627 869 5680 διά
903 5628 1249 5698 πραγμάτων
1273 5631 1430 5683 τοῦτο
1461 5632 1734 5684 παιδεύει’
1763 5634 1855 5687 νῦν

279 5712 379 5780 μὲν
429 5712 792 5781 ῥαπιζόμενος
842 5715 934 5766 καὶ
979 5714 1182 5783 φέρων,
1229 5714 1324 5769 νῦν
1357 5715 1413 5767 δὲ
1451 5715 1856 5786 λοιδορούμενος

277 5797 370 5846 καὶ
397 5797 900 5865 ἐπιϐουλευόμενος,
924 5801 1016 5852 καί
1033 5800 1193 5853 πάλιν
1214 5801 1307 5852 ἐπὶ
1320 5803 1429 5864 τοῖς
1449 5800 1854 5853 ἐπιδουλεύουσι

277 5877 658 5946 ἐφιστάμενος.
693 5881 754 5932 Οἰ
789 5881 898 5950 γάρ
949 5884 1042 5934 καὶ
1094 5885 1435 5954 δαιμονῶντα
1486 5884 1850 5948 καλέσαντες,

278 5962 370 6012 καὶ
412 5961 777 6031 Σαμαρείτην,
826 5964 918 6015 καὶ
966 5963 1226 6027 πολλάκις
1263 5967 1586 6037 Θελήσαντες
1619 5968 1851 6031 ἀνελεῖν,

279 6047 369 6096 καὶ
405 6044 760 6113 λιθάσαντες,
801 6043 945 6102 οὗτοι
982 6047 1362 6114 κυκλώσαντες
1412 6054 1571 6107 αὐτὸν
1601 6053 1846 6123 ἠρώτων,

1946 4723 2034 4791 Εἰ,
2068 4721 2150 4775 σὺ
2187 4716 2248 4774 εἴ
2289 4724 2322 4773 ό
2368 4723 2656 4788 Χριστός;
2701 4721 2810 4775 Καὶ
2843 4724 2962 4777 οὐδὲ
2997 4723 3170 4788 οὕτως
3214 4725 3414 4787 αὐτοὺς
3455 4724 3537 4779 δι-

1952 4803 2209 4874 εκρούετο
2245 4804 2380 4873 μετά
2431 4804 2696 4867 τοσαύτας
2747 4806 2841 4858 καὶ
2893 4799 3148 4871 τοιαύτας
3200 4807 3534 4872 ἐπιϐουλάς,

1952 4887 2087 4940 ἀλλά
2113 4887 2250 4957 μετά
2268 4887 2470 4957 πολλῆς
2491 4888 2822 4956 ἀπεκρίνατο
2848 4890 2948 4961 τῆς
2970 4893 3272 4956 ἐπιεικείας
3297 4909 3310 4922 °
3335 4893 3538 4964 μᾶλλον

1952 4971 2008 5023 δὲ
2053 4970 2259 5024 ἄνωθεν
2313 4973 2608 5038 ἀναγκαῖον
2650 4971 2902 5036 ἐξετάσαι
2944 4974 3036 5027 τὸν
3088 4975 3244 5044 λόγον
3297 4977 3535 5032 ἅπαντα.

1967 5053 2236 5124 Ἐγένετο
2262 5055 2390 5125 γάρ,
2413 5056 2564 5124 φησὶ,
2590 5055 2659 5107 τὰ
2679 5056 2951 5122 ἐνκαίνια
2977 5058 3046 5110 ἐν
3071 5058 3534 5129 Ἰεροσολύμοις,

1952 5138 2051 5192 καὶ
2080 5140 2297 5206 χειμὼν
2320 5134 2418 5206 ἦν.
2443 5137 2669 5208 Μεγάλη
2698 5157 2782 5202 τις
2807 5134 2876 5210 ἦν
2903 5140 3042 5211 αὕτη
3072 5144 3104 5212 ἡ
3138 5143 3298 5214 ἑορτὴ
3319 5144 3412 5197 καὶ
3440 5144 3537 5214 δη-

1957 5221 2206 5291 μοτελής.
2227 5220 2338 5290 Τὴν
2365 5222 2470 5291 γάρ
2501 5221 2715 5291 ἡμέραν
2739 5221 2858 5275 καθ’
2883 5223 2950 5293 ἡν
2977 5225 3006 5276 6
3035 5225 3162 5288 ναὸς
3191 5226 3535 5296 ᾠκοδομήθη,

1954 5304 2360 5357 ἐπανελθόντων
2394 5305 2572 5358 αὐτῶν
2601 5305 2710 5358 ἀπὸ
2745 5307 2846 5377 τῆς
2881 5310 3103 5380 μακρᾶς
3137 5309 3535 5379 αἰχμαλωσίας,

1953 5390 2053 5457 τῆς
2092 5388 2151 5441 ἐν
2193 5390 2258 5458 τῇ
2305 5387 2567 5458 Περσίδι,
2597 5388 2803 5459 ταύτην
2850 5386 2984 5461 ἦγον
3019 5391 3162 5462 μετά
3203 5391 3402 5460 πολλῆς
3439 5392 3536 5456 τῆς

1958 5471 2212 5540 σπουδῆς.
2256 5471 2342 5523 Ἐν
2377 5469 2550 5541 ταύτῃ
2588 5473 2772 5543 παρῆν
2811 5475 2905 5526 καὶ
2931 5476 2958 5526 6
2981 5473 3214 5544 Χριστὸς
3240 5476 3306 5544 τῇ
3350 5474 3535 5544 ἑορτῇ.

1958 5553 2158 5604 Λοιπὸν
2184 5552 2290 5622 γάρ
2312 5555 2377 5624 τῇ
2397 5552 2628 5623 Ἰουδαία
2661 5556 2899 5625 συνεχῶς
2929 5555 3320 5625 ἐπεχωρίαζεν,
3351 5557 3536 5623 ἐπειδὴ

1955 5637 2016 5688 τὸ
2047 5637 2219 5700 πάθος
2240 5633 2308 5706 ἦν
2335 5641 2428 5690 ἐπὶ
2457 5638 2668 5709 θύραις.
2710 5640 3107 5693 Ἐκύκλωσαν
3133 5637 3247 5694 οὖν
3269 5641 3457 5694 αὑτὸν
3483 5645 3536 5694 οὶ

1970 5721 2242 5774 Ἰουδαῖοι
2265 5722 2362 5774 καὶ
2384 5724 2596 5792 ἔλεγον
2616 5742 2628 5755 ·
2659 5725 2806 5789 Ἕως
2830 5726 2974 5776 πότε
2995 5725 3108 5791 τὴν
3130 5726 3342 5794 ψυχὴν
3371 5725 3534 5797 ἡμῶν

1957 5805 2139 5870 αἴρεις
2169 5822 2182 5868 ;
2213 5809 2278 5859 El
2305 5808 2386 5859 σὺ
2416 5805 2473 5859 εἷ
2496 5812 2527 5859 ό
2554 5809 2804 5875 Χριστὸς
2828 5848 2841 5871 ,
2875 5809 3007 5861 εἰπὲ
3033 5809 3177 5878 ἡμῖν
3210 5813 3534 5879 πορῤησίᾳ.

1959 5889 2068 5940 Καὶ
2098 5889 2196 5941 οὐκ
2231 5887 2373 5952 εἷπε,
2405 5891 2469 5942 Τί
2498 5891 2705 5962 ζητεῖτε
2736 5893 2872 5962 πρός
2909 5909 3012 5962 με;
3042 5894 3385 5964 δαιμονῶντα
3411 5898 3527 5948 ἐκα·

1961 5971 2151 6024 λέσατε
2193 5973 2450 6038 πολλάκις
2501 5977 2593 6028 καὶ
2643 5978 2989 6046 μαινόμενον,
3030 5981 3125 6030 καὶ
3169 5979 3533 6048 Σαμαρείτην,

1964 6057 2054 6108 καί
2085 6057 2326 6110 ἀντίθεον
2361 6055 2496 6113 εἶναι
2529 6062 2810 6130 ἐνομίσατε
2838 6061 2930 6114 καὶ
2963 6062 3160 6117 πλάνον
3183 6079 3194 6093 ·
3225 6065 3316 6116 καὶ
3348 6063 3533 6132 πρώην
