4084 6360
527 326 646 381 357

526 441 741 509 ἐλέγετε
764 480 778 503 ,
812 443 897 494 Σὺ
927 441 1240 507 μαρτυρεῖς
1263 442 1398 508 περί
1424 443 1685 496 σεαυτοῦ
1715 459 1727 471 ·
1754 444 1792 510 ἡ
1819 447 2116 514 μαρτυρία

523 539 643 578 σου
662 526 773 577 οὐκ
800 524 973 577 ἐστιν
993 523 1256 590 ἀιιηοής·
1287 524 1405 588 πῶς
1435 521 1527 578 οὖν
1553 526 1838 592 ἐξετάζετε
1859 529 1955 582 καὶ
1984 530 2114 599 παρ’

525 607 660 679 ἐμοῦ
699 607 952 678 βούλεσθε
987 608 1199 677 μαθεῖν,
1227 602 1288 661 οὗ
1320 609 1419 680 τὴν
1448 611 1756 680 μαρτυρίαν
1789 611 2112 678 ἐκϐάλλετε;

536 693 676 746 Ἀλλ’
704 692 858 744 οὐδὲν
879 691 1084 745 τούτων
1113 687 1256 749 εἷπε.
1284 693 1463 745 καίτοι
1489 710 1553 760 γε
1578 693 1735 756 εἰδὼς
1759 695 1860 764 τὴν
1887 695 2116 766 γνώμην

527 776 644 846 μεθ’
688 771 756 846 ἧς
794 777 1057 846 ἐξήταζον
1103 777 1351 848 πονηράν
1395 775 1581 829 οὖσαν.
1623 777 1698 830 Τό
1746 778 1846 847 μὲν
1877 778 1987 850 γάρ
2020 796 2117 830 κυ-

524 861 729 914 κλῶσαι
779 861 943 914 αὐτόν
994 860 1091 913 καὶ
1129 861 1328 926 είπεῖν,
1365 861 1512 926 Ἕως
1560 865 1706 915 πότε
1757 863 1872 930 τὴν
1902 863 2118 932 ψυχὴν

522 942 693 1014 ἡμῶν
727 945 950 1012 ατρεις;
982 944 1156 998 ἐδόκει
1195 945 1363 998 πόθου
1406 946 1552 1007 τινός
1588 943 1727 998 εἶναι
1757 948 1850 999 καὶ
1879 948 2115 1018 φιλομα-

523 1028 672 1091 θείας
701 1044 714 1057 °
749 1030 783 1097 ἡ
828 1030 885 1080 δὲ
911 1027 1143 1093 διάνοια,
1195 1029 1314 1098 μεθ’
1344 1024 1412 1100 ἧς
1445 1028 1700 1099 ἠρώτων,
1741 1029 2114 1102 διεφθαρμένη

522 1129 605 1175 τις
644 1107 712 1180 ἦν
761 1112 857 1164 καὶ
894 1111 1148 1174 ὕπουλος.
1201 1113 1356 1165 Ἐπεὶ
1391 1125 1418 1152 α
1452 1113 1560 1184 γὰρ
1606 1113 1675 1166 τὰ
1723 1115 1821 1183 μὲν
1852 1114 1989 1184 ἔργα
2014 1116 2116 1167 οὐκ

520 1198 840 1264 ἀνεδέξαντο
882 1196 1247 1265 συκοφαντίαν
1300 1214 1358 1250 τε
1412 1199 1504 1250 καὶ
1560 1199 1858 1268 ἐπήρειαν,
1910 1202 2024 1261 τοῖς
2059 1199 2116 1251 δέ

520 1282 700 1350 λόγοις
739 1281 1106 1350 ἐπισκήπτειν
1135 1276 1279 1350 εἶχον
1301 1321 1316 1342 ,
1347 1281 1550 1351 ἐτέρως
1595 1280 1943 1345 ἐξετάζοντες
1970 1282 2002 1352 ἢ
2040 1283 2116 1344 ώς

519 1365 760 1436 εἴρηται,
791 1364 880 1417 ἀεὶ
917 1363 1140 1428 πεύσεις
1189 1363 1340 1435 [562]
1395 1366 1693 1435 προσῆγον,
1743 1366 2116 1435 ἐπιστομίζειν

519 1449 686 1504 αὐτόν
710 1449 820 1502 ἀπό
843 1447 952 1502 τῶν
972 1449 1147 1515 λόγων
1173 1449 1513 1519 βουλόμενοι,
1549 1451 1644 1503 καὶ
1672 1452 1783 1513 τοῖς
1809 1449 1992 1521 ἔργοις
2023 1451 2115 1503 ού-

517 1535 607 1589 δέν
638 1534 890 1602 ἐγκαλεῖν
920 1532 1242 1603 δυνάμενοι,
1278 1532 1451 1602 λαϐήν
1479 1551 1600 1586 τινα
1648 1533 1756 1586 ἀπό
1788 1535 1897 1585 τῶν
1937 1536 2115 1604 ρημά-

517 1636 628 1672 των
651 1616 959 1687 ἐπεθύμουν
981 1617 1184 1687 εὑρεῖν.
1209 1614 1311 1668 Διά
1337 1616 1496 1670 τοῦτο
1520 1617 1728 1684 ἔλεγον,
1755 1616 1903 1670 Εἰπὲ
1932 1617 2078 1687 ἡμῖν
2095 1633 2111 1648 θ

521 1703 700 1756 καίτοι
732 1701 991 1764 πολλάκις
1022 1697 1165 1754 εἶπε.
1199 1701 1312 1753 Καὶ
1355 1700 1464 1771 γάρ
1499 1703 1565 1771 τῇ
1597 1701 1950 1772 Σαμαρείτιδι
1997 1701 2114 1754 ἔλε-

520 1805 620 1857 γεν
643 1805 656 1818 ·
703 1787 852 1856 Ἐγώ
881 1790 1001 1856 είμι
1040 1789 1072 1839 ό
1111 1784 1320 1839 λαλῶν
1351 1801 1450 1839 σοι
1472 1802 1484 1815 ·
1512 1786 1605 1839 καὶ
1634 1786 1712 1856 τῷ
1743 1785 1962 1855 τυφλῷ,
2000 1787 2111 1839 Καὶ

519 1874 786 1943 ἑώρακας
823 1872 1033 1936 αὐτὸν,
1088 1871 1190 1923 καὶ
1229 1873 1262 1924 ό
1288 1868 1498 1924 λαλῶν
1530 1871 1682 1938 μετὰ
1711 1869 1848 1935 σοῦ,
1883 1869 2112 1936 ἐκεῖνός

519 1960 711 2013 ἐστιν.
748 1957 1043 2019 Κάκείνοις
1074 1956 1133 2009 δέ
1181 1949 1358 2017 εἶπεν,
1406 1957 1455 2008 εί
1489 1955 1584 2008 καὶ
1621 1956 1697 2025 μὴ
1728 1954 1924 2016 οὕτως,
1976 1955 2112 2009 άλλὰ

519 2043 584 2096 δι’
628 2042 832 2112 ἐτέρων
878 2040 1158 2111 ῥημάτων.
1211 2039 1405 2092 Καίτοι
1444 2055 1509 2107 γε
1548 2041 1595 2091 εἰ
1627 2038 1753 2092 νοῦν
1801 2033 1968 2108 εἶχον,
2017 2041 2111 2092 καὶ

529 2126 694 2200 ὶρθῶς
733 2123 1009 2189 ἐξετάζειν
1041 2123 1353 2193 ἠϐούλοντο,
1399 2123 1488 2175 διὰ
1513 2122 1688 2190 λόγων
1726 2122 1889 2175 αὐτόν
1917 2122 2112 2192 ὁμολο-

517 2213 683 2279 γήσαι
715 2209 900 2261 λοιπόν
941 2207 1167 2260 ἐκείνων
1205 2202 1274 2277 ἦν
1298 2220 1312 2236 ⁸
1355 2205 1443 2258 διὰ
1479 2205 1588 2277 γάρ
1617 2205 1726 2258 τῶν
1750 2205 1926 2276 ἔργων
1949 2206 2110 2270 αὐτός

517 2292 835 2359 ἐπεδείξατο
867 2290 1030 2344 τοῦτο
1084 2290 1366 2352 πολλάκις.
1420 2289 1560 2342 Νυνὶ
1604 2290 1660 2342 δέ
1709 2290 1994 2344 σκόπειτὸ
2034 2291 2113 2343 δι-

518 2376 894 2448 εστραμμένον
931 2375 1109 2428 αὐτῶν
1151 2376 1246 2428 καὶ
1294 2375 1618 2443 φιλόνεικον.
1652 2375 1819 2427 Ὅταν
1853 2374 1952 2444 μέν
2002 2375 2110 2447 γὰρ

517 2461 807 2532 δημηγορῇ
842 2459 933 2512 καὶ
975 2458 1063 2512 διὰ
1097 2457 1271 2526 λόγων
1303 2457 1533 2528 παιδεύῃ
1557 2497 1572 2521 ,
1613 2457 1828 2526 λέγουσι
1853 2475 1866 2488 ο
1907 2459 1967 2511 Τί
1995 2474 2106 2527 ση-

512 2545 686 2615 μεῖον
706 2545 1006 2608 δεικνύεις
1030 2558 1048 2606 ,°
1072 2542 1242 2595 Ὀταν
1265 2541 1322 2595 δέ
1351 2541 1438 2594 διά
1465 2540 1577 2594 τῶν
1600 2541 1777 2612 ἔργων
1800 2541 2108 2613 παρέχηται
2153 2555 2166 2593 ,'

516 2629 616 2692 τάς
643 2627 968 2692 ἀποδείξεις,
1000 2625 1251 2693 λέγουσιν
1289 2623 1461 2694 αύτῷ,
1487 2625 1553 2677 Εί
1586 2623 1668 2676 σὺ
1693 2620 1754 2678 εἶ
1777 2627 1810 2677 ό
1831 2623 2104 2692 Χριστός,

515 2711 647 2766 είπὲ
676 2711 824 2782 ἡμῖν
849 2710 1156 2779 παρρησίᾳ
1176 2751 1191 2774 ,
1221 2708 1329 2761 τῶν
1373 2709 1550 2778 ἔργων
1578 2707 1848 2778 βοώντων,
1885 2709 2107 2779 ῥήματα

517 2794 843 2865 ζητοῦντες*
891 2791 1125 2847 καὶτῶν
1158 2793 1419 2864 ῥημάτων
1461 2790 1857 2854 διδασκόντων,
1903 2792 1997 2844 ἐπὶ
2038 2789 2108 2845 τά

517 2879 655 2950 ἔργα
683 2875 1111 2946 καταφεύγουσι,
1137 2875 1276 2947 πρὸς
1294 2875 1354 2927 τό
1375 2873 1617 2928 ἐναντίον
1633 2873 1721 2927 ἀεὶ
1748 2874 1776 2913 ι)
1804 2876 2102 2945 ἱστάμενοι.

520 2963 644 3014 Ὅτι
695 2960 803 3032 γὰρ
841 2960 901 3012 ού
947 2959 1042 3012 τοῦ
1096 2958 1288 3029 μαθεῖν
1341 2958 1529 3011 ’ἐνεκεν
1571 2957 1820 3027 ἐζήτουν,
1857 2956 1917 3010 τό
1951 2956 2124 3036 τέλος.

516 3043 738 3109 ἔδειξεν.
776 3045 873 3096 Ὃν
918 3042 1028 3113 γάρ
1075 3040 1249 3103 οὕτως
1291 3039 1602 3104 ἀξιόπιστον
1645 3036 1783 3093 εῖναι
1829 3039 2122 3111 ἐνόμιζον,ί

510 3129 592 3194 ὡς
633 3129 727 3182 καὶ
760 3127 889 3198 περὶ
934 3125 1130 3180 ἐαυτοῦ
1178 3124 1563 3196 μαρτυροῦντα
1599 3125 1889 3192 δέξασθαι,
1930 3127 2106 3197 μικρά

516 3231 638 3268 τινα
661 3211 1050 3282 φθεγξάμενον,
1083 3209 1284 3272 εύθέως
1309 3208 1584 3275 ἐλίθασαν,
1608 3207 1748 3261 ὥστε
1780 3211 1874 3262 καὶ
1914 3209 1976 3262 τό
2007 3226 2122 3282 κυεῖ

526 3255 638 3268 η...
705 3255 1050 3282 --μηκυνη
1083 3255 1282 3272 πη...
1311 3255 1584 3275 “unm,
1611 3255 1748 3261 π---
1781 3255 1874 3262 --ω
1926 3255 1972 3262 η
2009 3255 2072 3263 η-

513 3255 723 3350 κλῶσόιι
775 3297 868 3348 καὶ
911 3295 970 3347 τό
1012 3292 1318 3347 ἐπικεῖσθαι
1367 3291 1504 3362 μετά
1555 3292 1824 3364 πονηρίας
1872 3255 2122 3361 ἐγίνετολ

516 3381 628 3434 Καὶ
648 3383 676 3433 ό
701 3379 898 3451 τρόπος
927 3377 985 3431 δέ
1015 3378 1113 3448 τῆς
1155 3377 1480 3448 ἐρωτήσεως
1515 3376 1718 3446 πολλῆς
1764 3377 1964 3447 ἔγεμεν
2003 3369 2118 3438 ἀπ-ῗ

511 3464 752 3535 εχθείας.
782 3461 927 3516 Εἰπὲ
957 3461 1063 3532 γάρ
1094 3459 1274 3546 ῆμῖνο
1307 3461 1633 3546 παρρησία,
1657 3460 1806 3514 είσὺ
1908 3465 1942 3515 ό
1965 3463 2114 3546 Χριτ

510 3549 684 3614 στός.
719 3546 911 3600 Καίτοι
951 3561 1016 3613 γε
1053 3543 1192 3615 μετά
1233 3542 1548 3614 παρρησίας
1587 3543 1805 3596 ἅπαντα
1831 3545 2017 3613 ἔλεγεν
2044 3547 2103 3598 ἐν

513 3632 634 3694 ταῖς
664 3630 877 3700 ἐορταῖς
907 3625 1287 3698 ἐπιχωριάζων
1311 3627 1397 3679 ἀεὶ
1415 3664 1431 3690 ,
1459 3626 1556 3679 καὶ
1581 3626 1734 3680 οὐδὲν
1757 3627 1946 3698 κρύφα
1975 3628 2101 3682 ἐλά-

513 3714 594 3768 λει
613 3729 626 3742 ⁸
655 3713 792 3766 ἀλλά
811 3713 897 3765 διὰ
927 3711 1083 3764 τοῦτο
1110 3710 1398 3774 κολακείας
1426 3709 1823 3781 προϐάλλονται
1855 3715 2112 3783 ῥήματα,

511 3798 782 3866 λέγοντες,
816 3796 972 3860 Ἕως
1007 3796 1152 3848 πότε
1174 3793 1291 3862 τὴν
1317 3793 1532 3862 ψυχὴν
1565 3793 1736 3863 ήμῶν
1759 3795 1982 3862 αἵρεις;
2015 3797 2103 3848 ἵνα

514 3881 676 3936 αὐτόν
720 3879 1192 3949 ἐκκαλεσάμενοι,
1241 3878 1404 3932 πάλιν
1453 3876 1578 3930 τινὰ
1635 3878 1805 3949 λαϐὴν
1840 3878 2115 3950 εῦρωσιν.’

514 3969 638 4024 Ὀτι
672 3969 781 4040 γάρ
813 3967 1088 4038 πανταχοῦ
1116 3966 1204 4020 διὰ
1241 3967 1400 4020 τοῦτο
1423 3965 1674 4038 ἠρώτων,
1719 3967 1818 4037 ούχ
1853 3968 1942 4020 ἵνα
1998 3961 2112 4039 μά-’

513 4055 701 4117 θωσιν,
747 4053 860 4106 ἀλλ’
903 4052 992 4104 ἵνα
1033 4053 1148 4114 τοῖς
1178 4051 1497 4120 λεγομένοις
1545 4052 1950 4122 ἐπισκήψωσιν,
1998 4054 2100 4105 οῦκ

511 4140 760 4195 ἐντεῦθεν
793 4139 975 4209 μόνον,
998 4137 1134 4191 ἀλλά
1154 4139 1248 4190 καὶ
1271 4138 1568 4209 ἀλλαχόθεν
1592 4138 1920 4208 πολλαχόθεν
1941 4141 2100 4210 δῆλόν

511 4227 650 4278 ἐστι.
684 4225 793 4277 Καὶ
825 4225 932 4294 γάρ
959 4223 1048 4276 ὅτε
1079 4221 1386 4293 προσῆλθον
1417 4221 1751 4294 ἐρωτῶντες,
1779 4225 1825 4276 εἰ
1861 4225 2099 4288 Ἔξεστι

510 4308 725 4362 δοῦναι
763 4306 1001 4376 κῆνσον
1040 4307 1314 4374 Καίσαρι,
1352 4305 1390 4375 ἢ
1419 4305 1491 4358 οὔ
1514 4321 1528 4337 ·
1558 4308 1652 4359 καὶ
1689 4307 1778 4358 ὅτε
1835 4311 1963 4380 περὶ
1994 4311 2098 4376 ἀφ-

512 4394 681 4455 έσεως
732 4389 992 4460 γυναικός
1037 4389 1381 4457 διελέγοντο·
1439 4391 1534 4444 καὶ
1581 4392 1668 4444 ὅτε
1703 4393 1833 4463 περὶ
1883 4395 2097 4463 ἐκείνης

512 4475 910 4537 ἐπυνθάνοντο,
946 4475 1012 4543 ἣν
1063 4472 1273 4540 ἔφασαν
1323 4472 1463 4526 ἐπτὰ
1508 4473 1709 4544 ἄνδρας
1757 4476 2094 4546 ἐσχηκέναι,

512 4561 776 4616 ἑάλωσαν.
829 4559 930 4610 οὐκ
977 4554 1085 4608 ἀπό
1125 4549 1527 4625 φιλομαθείας,
1569 4557 1685 4610 ἀλλ’
1715 4559 1824 4610 άπό
1868 4559 2096 4631 γνώμης

513 4645 709 4704 σκαιᾶς
756 4641 977 4703 πεύσεις
1028 4639 1178 4710 αὐτῷ
1224 4641 1616 4709 προσάγοντες.
1678 4641 1805 4694 Αλλ¹
1845 4643 1964 4697 ἐκεῖ
1996 4646 2094 4714 μὲν

510 4727 707 4788 αὐτοὺς
741 4725 953 4794 ἐλέγχει
974 4723 1178 4791 λέγων·
1207 4721 1273 4776 Τί
1293 4739 1369 4790 με
1389 4723 1705 4790 πειράζετε,
1735 4729 2053 4793 ὑποκριταί
2074 4745 2094 4792 ;

509 4809 724 4872 δεικνὺς
761 4809 844 4861 ὅτι
889 4803 1032 4860 οἶδεν
1075 4806 1255 4860 αὐτῶν
1287 4807 1356 4859 τὰ
1393 4807 1714 4878 ἀπόρρηταο
1748 4809 1985 4862 ἐνταῦθα
2035 4811 2092 4863 δέ

508 4893 659 4946 οὐδὲν
685 4893 926 4945 τοιοῦτον
945 4890 1264 4960 φθέγγεται,
1294 4889 1564 4944 παιδεύων
1589 4893 1739 4962 ἡμᾶς
1770 4894 1842 4962 μὴ
1862 4895 2092 4948 πάντοτε

508 4976 754 5043 ἐλέγχειν
801 4978 929 5037 τοὺς
977 4972 1466 5036 ἐπιϐουλεύοντας,
1516 4973 1629 5026 ἀλλ’
1675 4977 1950 5047 ἐπιεικείᾳ
1996 4979 2092 5030 καὶ

510 5059 777 5128 πραότητι
813 5057 986 5110 πολλὰ
1034 5057 1244 5128 φέρειν.
1290 5057 1448 5110 Ἐπεὶ
1489 5054 1583 5110 οὖν
1628 5059 1814 5122 ἀνοίας
1857 5056 1946 5130 ἦν,
1982 5061 2090 5112 τῶν

507 5142 684 5210 ἔργων
724 5139 886 5192 αὐτόν
935 5139 1443 5208 ἀνακηρυττόντων,
1493 5139 1591 5209 τὴν
1625 5140 1733 5192 ἀπό
1773 5140 1881 5192 τῶν
1916 5143 2089 5209 λόγων

507 5225 689 5298 ζητεῖν
716 5227 1044 5298 μαρτυρίαν,
1077 5225 1306 5280 ἄκουσον
1337 5226 1452 5290 πῶς
1483 5229 1668 5290 αὐτοῖς
1698 5230 2086 5300 ἀποκρίνεταιο

504 5311 640 5381 ὁμοῦ
683 5313 782 5381 μέν
826 5311 1022 5373 αὐτοὺς
1067 5311 1437 5381 αἰνιττόμενος
1467 5313 1550 5364 ὅτι
1601 5314 1879 5381 περισσῶς
1915 5316 2089 5368 ταῦτα

505 5397 756 5467 ἐζήτουν,
790 5397 884 5448 καὶ
919 5395 1016 5465 ούχ
1059 5394 1197 5467 ὑπὲρ
1227 5393 1321 5446 τοῦ
1361 5395 1549 5464 μαθεῖν
1575 5413 1590 5427 ·
1624 5396 1760 5466 ὁμοῦ
1799 5397 1855 5448 δέ
1889 5399 2086 5468 δηλῶν,

503 5481 586 5532 ὅτι
617 5481 710 5533 καὶ
729 5480 826 5549 τῆς
850 5479 937 5531 διά
961 5478 1070 5532 τῶν
1098 5479 1358 5550 ῥημάτων
1389 5481 1730 5551 σαφεστέραν
1763 5483 1942 5552 ἀφῆκε
1973 5502 2088 5552 φω-

503 5563 623 5632 νὴν,
666 5564 765 5633 τὴν
795 5563 882 5616 διὰ
917 5564 1026 5617 τῶν
1062 5563 1258 5634 ἔργων.
1301 5563 1600 5629 Πολλάκις
1626 5565 1753 5634 γὰρ,
1789 5569 1972 5636 φησὶν,
2009 5565 2089 5620 εἶ-

504 5659 624 5698 πον
655 5645 831 5712 ὑμῖν,
866 5648 963 5699 καί
1000 5650 1071 5700 οὐ
1099 5646 1412 5699 πιστεύετέ
1442 5665 1576 5714 μοι’
1613 5650 1685 5700 τὰ
1724 5649 1867 5716 ἔργα
1901 5650 1938 5702 ίί
1975 5653 2090 5719 ἐγὼ

504 5729 654 5780 ποιῶ
681 5729 750 5779 ἐν
787 5727 865 5792 τῷ
891 5731 1132 5797 ὀνόματι
1163 5731 1268 5782 τοῦ
1314 5731 1539 5797 Πατρός
1563 5749 1703 5798 μου,
1734 5732 1934 5784 ἐκεῖνά
1957 5734 2088 5787 ἐστι

507 5815 580 5866 τὰ
609 5816 1026 5881 μαρτυροῦντα
1048 5817 1177 5883 περὶ
1205 5817 1371 5883 ἐμοῦ.
1401 5818 1577 5885 Ὅπερ
1606 5819 1696 5870 καὶ
1731 5821 1779 5870 οἱ
1806 5821 2089 5873 ἀνεκτότε-

511 5910 593 5964 ροι
651 5897 828 5949 αὐτῶν
865 5899 1102 5966 συνεχῶς
1142 5901 1276 5968 πρὸς
1307 5899 1562 5969 ἀλλήλους
1602 5901 1818 5968 ἔλεγον·
1860 5906 1941 5957 Οὺ
1978 5905 2087 5974 γὰρ

572 6006 599 6033 ⁸
623 6002 720 6053 Alii
741 6004 918 6056 ἐπειδή.
986 6004 1015 6043 b
1039 6005 1140 6053 Vox
1165 6005 1238 6052 ἀεί
1260 6018 1318 6053 ex
1344 6006 1482 6055 codd.
1507 6012 1560 6055 el
1582 6007 1732 6058 Savil.

1247 324 1305 378 S.
1346 322 1631 380 JOANNIS
1668 325 2153 383 CHRYSOSTOMI
2190 330 2514 391 ABCIIIEP.
2554 336 3106 397 CUNSTANTINOP.

3713 347 3819 403 358

2224 450 2475 506 δύναται
2523 457 2837 525 ἄνθρωπος
2885 459 3236 526 ἁμαρτωλὸς
3294 461 3540 515 τοιαῦτα
3599 463 3822 532 σημεῖα

2225 535 2421 589 ποιεῖν
2441 553 2455 566 ⁸
2482 541 2577 591 καὶ
2608 542 2790 603 πάλιν,
2837 544 2920 595 Οὐ
2953 542 3204 598 δύναται
3240 543 3552 613 δαιμόνιον
3592 547 3819 615 ὀφθαλ-

2219 619 2376 686 μοὺς
2396 623 2644 691 τυφλῶν
2679 626 2980 695 ἀνοίγειν·
3021 626 3139 689 καὶ,
3173 627 3379 692 Οὐδεὶς
3424 627 3676 684 δύναται
3708 646 3820 696 ση-

2219 701 2360 770 μεῖα
2389 707 2635 760 τοιαῦτα
2657 709 2875 771 ποιεῖν,
2901 708 3112 778 ἐὰνμὴ
3139 704 3178 780 ᾖ
3199 727 3312 778 μετ
3329 711 3342 730 ’
3366 712 3555 766 αὑτοῦ
3588 716 3621 766 ό
3650 715 3816 780 Θεός.

2225 787 2338 839 Καὶ
2367 786 2699 859 θεωροῦντες
2734 793 2803 847 τά
2832 796 3036 862 σημεῖα
3079 793 3114 847 ἃ
3146 793 3299 866 [3'55]
3334 796 3507 848 ἐποίει
3536 835 3553 858 ,
3589 797 3773 865 ἔλεγον
3799 814 3815 830 ·

2225 869 2322 938 Μή
2357 887 2412 924 τι
2450 869 2631 940 οὗτός
2674 877 2847 930 ἐστιν
2887 880 2920 931 ό
2966 878 3256 944 Χριστός;
3304 878 3488 930 Ἀλλοι
3518 879 3574 932 δέ
3609 879 3815 949 ἔλεγον,

2227 954 2416 1008 Ὅταν
2432 957 2582 1026 ἔλθῃ
2599 963 2632 1012 ό
2657 961 2932 1028 Χριστός,
2955 960 3042 1030 μὴ
3065 962 3319 1014 πλείονα
3335 964 3553 1031 σημεῖα
3574 965 3818 1031 ποιήσει

2223 1032 2312 1092 ὧν
2353 1040 2646 1109 ἐποίησεν
2685 1040 2904 1110 οὖτος;
2936 1046 3045 1098 Καὶ
3083 1047 3237 1098 αὐτοὶ⁵
3279 1047 3336 1100 δὲ
3379 1040 3524 1101 οῦτοι
3566 1048 3817 1102 ἐντεῦθεν

2225 1123 2512 1179 ἐϐούλοντο
2563 1129 2853 1182 πιστεῦσαι
2903 1129 3050 1200 αύτῷ
3106 1131 3388 1199 λέγοντες’
3444 1133 3504 1185 Τί
3561 1133 3818 1202 σημεῖον

2226 1207 2525 1277 δεικνύεις
2550 1211 2716 1281 ἡμῖν,
2742 1214 2842 1266 ἵνα
2867 1213 3085 1283 ἴδωμεν
3105 1223 3204 1269 καὶ
3236 1217 3659 1285 πιστεύσωμεν
3678 1235 3816 1284 σοι;

2299 1291 2364 1360 β’.
2402 1294 2559 1348 Ἐπεὶ
2583 1291 2676 1348 οὖν
2701 1297 3132 1367 προσεποιοῦντο
3160 1299 3281 1351 τότε
3313 1299 3420 1351 ἀπό
3446 1297 3604 1368 ψιλοῦ
3630 1290 3816 1354 πείθε-

2229 1376 2350 1429 σθαι
2369 1380 2434 1449 ρή
2445 1383 2694 1449 ματος,οἱ
2720 1382 2996 1445 τοσούτοις
3015 1381 3088 1454 μὴ
3107 1383 3418 1446 πεισθέντες
3430 1383 3631 1455 ἔργοις,
3659 1384 3784 1452 ἐλέγ
3800 1417 3814 1424 -

2226 1477 2308 1530 χει
2333 1462 2431 1531 τὴν
2458 1464 2724 1535 πονηρίαν
2747 1466 2925 1518 αὐτῶν
2948 1466 3141 1534 λέγων,
3162 1467 3242 1519 ὅτι
3274 1470 3343 1520 El
3372 1468 3495 1533 τοῖς
3522 1468 3718 1538 ἔργοις
3740 1470 3813 1524 οὐ

2227 1548 2573 1613 πιστεύετε,
2605 1547 2732 1614 πῶς
2767 1552 2892 1614 τοῖς
2929 1550 3162 1617 ῥήμασι
3215 1553 3611 1615 πιστεύσετε;
3648 1553 3812 1606 Ὥστε

2227 1631 2453 1702 περιττὴ
2489 1635 2522 1703 ή
2549 1631 2838 1705 ἐρώτησις.
2894 1635 3071 1688 Ἀλλ’
3101 1632 3276 1688 εἷπον
3301 1637 3468 1706 ὑμῖν,
3504 1637 3638 1707 φησὶ
3663 1678 3677 1699 ,
3709 1638 3810 1690 καὶ

2224 1719 2295 1769 οὺ
2340 1718 2653 1772 πιστεύετέ
2675 1737 2797 1787 μοι,
2830 1719 2918 1772 ὅτι
2947 1722 3060 1773 οὐκ
3084 1720 3227 1774 ἐστὲ
3255 1721 3324 1775 ἐκ
3348 1719 3466 1774 τῶν
3502 1721 3813 1789 προϐάτων

2223 1798 2344 1851 τῶν
2378 1801 2556 1869 ἐμῶν.
2602 1801 2743 1868 Ἐγὼ
2780 1802 2882 1871 μὲν
2924 1803 3031 1874 γάρ
3062 1803 3132 1856 τά
3180 1806 3308 1874 παρ’
3360 1806 3598 1874 ἐμαυτοῦ
3633 1809 3812 1858 πάντα

2223 1883 2546 1953 ἐπλήρωσα,
2581 1884 2616 1938 ἃ
2649 1887 2739 1937 τόν
2771 1888 3008 1957 ποιμένα
3043 1891 3266 1958 ποιῆσαι
3301 1892 3467 1961 ἐχρῆν
3492 1907 3504 1920 ·
3547 1892 3595 1942 εί
3627 1890 3684 1942 δέ
3735 1889 3811 1960 μὴ

2221 1967 2570 2020 ἀκολουθεῖτέ
2613 1986 2740 2040 μοι,
2785 1970 2885 2022 οὑκ
2929 1971 3117 2042 ἐπειδὴ
3145 1973 3245 2025 οῦκ
3277 1974 3394 2042 εἰμὶ
3423 1973 3627 2043 ποιμὴν
3650 2012 3666 2035 ,
3696 1973 3809 2026 ἀλλ’

2221 2051 2406 2122 ἐπειδὴ
2435 2053 2594 2128 ὑμεῖς
2623 2054 2726 2107 οὐκ
2751 2055 2874 2108 ἐστέ
2899 2056 3147 2126 πρόϐατα
3169 2058 3236 2110 τά
3263 2057 3392 2128 ἐμά.
3434 2059 3509 2111 τὰ
3535 2059 3641 2131 γὰρ
3669 2061 3813 2126 πρό-

2222 2137 2369 2189 ϐατα
2395 2138 2468 2190 τὰ
2492 2137 2637 2205 ἐμὰ,
2670 2139 2826 2208 φησὶ,
2862 2139 2974 2206 τῆς
3017 2140 3229 2209 φωνῆς
3266 2159 3386 2211 μου
3419 2143 3660 2203 ἀκούει,
3709 2143 3810 2196 καί

2219 2221 2541 2274 ἀκολουθεῖ
2564 2240 2666 2290 μοι
2687 2239 2702 2254 ·
2737 2223 2834 2276 καὶ
2861 2223 3014 2291 ζωὴν
3048 2225 3290 2278 αἰώνιον
3316 2225 3524 2296 δίδωμι
3554 2225 3766 2292 αὐτοῖς
3790 2266 3808 2290 ,

2220 2303 2321 2355 καί
2365 2307 2438 2358 οὺ
2461 2305 2547 2373 μὴ
2581 2307 2922 2360 ἀπόλωνται
2952 2311 3040 2373 εις
3077 2308 3186 2361 τὸν
3219 2307 3435 2362 αἰῶνα·
3469 2309 3569 2363 καὶ
3609 2309 3814 2375 οὐδεὶς

2219 2386 2470 2441 δύναται
2495 2387 2681 2441 ταῦτα
2709 2389 2974 2458 ἁρπάσαι
3011 2393 3081 2444 ἐκ
3122 2391 3234 2460 τῆς
3262 2394 3463 2462 χειρός
3489 2410 3630 2461 μου.
3671 2393 3809 2446 Ὀτι

2219 2475 2252 2526 ό
2286 2472 2512 2539 Πατὴρ,
2547 2473 2615 2538 ὃς
2639 2473 2822 2526 ἔδωκέ
2853 2492 2977 2542 μοι,
2999 2474 3214 2544 μείζων
3237 2475 3478 2529 πάντων
3511 2477 3646 2529 ἐστί
3671 2492 3686 2505 ·
3711 2475 3811 2530 καὶ

2218 2558 2420 2622 οὐδεὶς
2446 2558 2695 2611 δύναται
2739 2557 3021 2626 ἁρπάζειν
3047 2561 3201 2614 αὐτὰ
3240 2560 3310 2613 ἐκ
3337 2559 3448 2626 τῆς
3474 2559 3671 2628 χειρὸς
3701 2559 3810 2611 τοῦ

2217 2640 2449 2709 Πατρός
2469 2658 2610 2709 μου.
2659 2639 2808 2710 Ἐγὼ
2839 2641 2940 2694 καὶ
2973 2644 3004 2695 ό
3033 2643 3238 2710 Πατὴρ
3265 2642 3334 2696 ἓν
3365 2643 3572 2710 ἐσμεν.
3608 2641 3810 2694 Σκόπει

2217 2723 2337 2787 πῶς
2362 2725 2419 2775 ἐν
2444 2723 2522 2792 τῷ
2551 2723 2919 2794 ἀπαγορεύειν
2948 2725 3246 2796 προτρέπει
3276 2727 3356 2788 είς
3376 2726 3476 2794 τὴν
3503 2723 3808 2794 ἀκολούθη-

2219 2818 2302 2854 σιν
2334 2800 2550 2864 αύτούς.
2599 2801 2784 2869 Ὑμεῖς
2813 2803 2923 2856 οὐκ
2963 2801 3212 2856 ἀκούετέ
3239 2819 3392 2871 μου,
3425 2802 3589 2871 φησίν
3609 2818 3622 2831 ’
3665 2801 3810 2856 οὐδὲ

2215 2885 2328 2954 γάρ
2357 2886 2498 2939 ἐστε
2529 2885 2794 2953 πρόϐατα
2817 2900 2832 2915 ⁸
2875 2887 2925 2940 οἱ
2958 2887 3015 2940 δέ
3045 2886 3490 2950 ἀκολουθοῦντες,
3526 2881 3671 2941 οὗτοι
3707 2887 3810 2956 τῆς

2218 2971 2453 3041 ποίμνης
2507 2971 2634 3024 εἰσί.
2688 2970 2873 3025 Ταῦτα
2916 2973 2973 3025 δέ
3005 2972 3212 3041 ἔλεγεν,
3261 2972 3348 3026 ἵνα
3381 2972 3803 3043 φιλονεικήσωσι

2216 3054 2467 3120 γενέσθαι
2515 3053 2787 3126 πρόϐατα.
2831 3052 2966 3109 Εἶτα
3013 3056 3183 3110 εἰπὼν
3227 3050 3303 3109 ὧν
3340 3057 3654 3123 τεύξονται,
3704 3075 3807 3110 πα-

2218 3140 2462 3208 ρακνίζει
2496 3139 2739 3204 τούτους,
2772 3139 2913 3193 ὥστε
2943 3141 3141 3204 αὐτοὺς
3172 3143 3436 3212 διεγεῖραι
3459 3142 3554 3194 καὶ
3582 3143 3664 3204 εἰς
3683 3141 3799 3193 ἐπι-

2216 3222 2417 3294 θυμίαν
2465 3223 2742 3293 ἐμϐαλεῖν.
2775 3225 2840 3277 Τί
2875 3221 2990 3290 οὖν;
3026 3227 3075 3278 εί
3099 3225 3127 3264 ἀ
3159 3226 3247 3280 διὰ
3296 3227 3396 3294 τὴν
3436 3225 3662 3295 δύναμιν
3711 3225 3804 3278 τοῦ

2214 3309 2430 3379 Πατρός
2451 3308 2627 3370 οὐδεὶς
2649 3309 2908 3378 ἁρπάζει,
2948 3310 3013 3362 σὺ
3035 3310 3092 3363 δέ
3119 3311 3220 3363 οὐκ
3250 3311 3475 3381 ίσχύεις.
3505 3310 3618 3362 ἀλλ’
3642 3309 3804 3361 ἀσθε-

2213 3390 2310 3461 νὴς
2338 3385 2390 3443 εἴ
2417 3390 2556 3460 πρὸς
2598 3391 2697 3461 τὴν
2727 3391 3008 3462 φυλακήν;
3039 3392 3329 3464 Οὐδαμῶς.
3359 3393 3469 3446 Καὶ
3505 3394 3590 3446 ἵνα
3624 3392 3804 3463 μάθῃς

2213 3474 2295 3528 ὅτι
2318 3474 2398 3536 τό,
2436 3474 2499 3526 '0
2539 3473 2760 3542 Πατὴρ,
2793 3473 2862 3540 ὃς
2901 3475 3085 3528 ἔδωκέ
3105 3493 3206 3544 μοι
3228 3516 3242 3538 ,
3271 3476 3338 3529 δι’
3376 3477 3618 3540 ἐκείνους
3649 3477 3802 3547 εἴρη-

2219 3574 2324 3619 ται,
2359 3557 2446 3610 ἵνα.
2491 3557 2566 3627 μὴ
2599 3557 2762 3610 πάλιν
2806 3557 2970 3610 αὐτόν
3003 3558 3244 3614 ἀντίθεον
3279 3560 3536 3612 εἴπωσιν·
3585 3559 3758 3612 εἰπὼν
3784 3600 3798 3622 ,

2212 3641 2294 3694 ὅτι
2327 3640 2540 3705 Οὐδεὶς
2558 3640 2800 3709 ἁρπάζει
2817 3643 2969 3695 αὐτὰ
2993 3643 3062 3696 ἐκ
3085 3644 3196 3711 τῆς
3225 3648 3422 3712 χειρός
3439 3663 3579 3712 μου,
3597 3643 3802 3714 προῖὼν

2214 3723 2384 3788 ἔδειξε
2403 3723 2501 3795 τὴν
2524 3724 2692 3777 αὐτοῦ
2717 3727 2875 3794 χεῖρα
2902 3726 3110 3778 καὶτοῦ
3135 3728 3349 3798 Πατρός
3375 3729 3502 3797 μίαν
3524 3724 3711 3780 οὖσαν.
3740 3729 3800 3780 Et

2216 3807 2326 3878 γὰρ
2363 3808 2437 3878 μὴ
2478 3807 2660 3868 τοῦτο,
2697 3807 2989 3880 ἀκόλουθον
3037 3805 3106 3879 ἦν
3138 3813 3332 3874 εἰπεῖν,
3363 3812 3445 3864 ὅτι
3486 3812 3546 3863 '0
3587 3812 3798 3879 Πατὴρ,

2210 3890 2270 3953 ὃς
2305 3890 2473 3942 ἔδωκέ
2513 3908 2637 3960 μοι,
2693 3891 2896 3960 μείζων
2943 3892 3164 3944 πάντων
3191 3894 3334 3958 ἐστὶ,
3371 3895 3466 3946 καὶ
3492 3895 3668 3956 οὐδεὶς
3708 3893 3799 3946 δύ-

2210 3992 2370 4027 ναται
2401 3974 2670 4044 ἁρπάζειν
2719 3973 2863 4028 αύτά
2895 3975 2960 4027 ἐκ
2988 3975 3089 4044 τῆς
3124 3977 3306 4047 χειρός
3360 3995 3485 4046 μου.
3530 3978 3671 4029 Ἀλλ’
3704 3980 3798 4029 οῦκ

2206 4053 2364 4112 ἐἶπεν
2387 4058 2580 4122 οὕτως,
2615 4058 2730 4111 ἀλλ’
2775 4060 2876 4112 Ἐκ
2897 4057 3007 4126 τῆς
3037 4061 3236 4128 χειρὸς
3265 4061 3372 4114 τοῦ
3406 4063 3634 4129 Πατρός
3656 4080 3794 4128 μου.

2210 4137 2367 4201 Εἶτα,
2395 4141 2483 4194 ἵνα
2507 4141 2582 4211 μὴ
2611 4141 2846 4212 νομίσῃς
2855 4181 2868 4204 ς
2911 4143 2991 4194 ὅτε
3023 4143 3185 4206 αὐτὸς
3231 4143 3332 4212 μέν
3359 4145 3506 4196 ἐστιν
3541 4143 3794 4209 ἀσθενὴς,

2208 4225 2299 4278 διὰ
2322 4224 2503 4294 δὲτὴν
2532 4223 2627 4276 τοῦ
2656 4225 2868 4295 Πατρός
2908 4224 3135 4294 δύναμιν
3171 4226 3228 4278 ἐν
3267 4226 3536 4297 ἀσφαλείᾳ
3573 4226 3641 4279 τὰ
3666 4228 3794 4295 πρό-

2208 4309 2348 4362 ϐατά
2365 4310 2533 4374 ἐστιν,
2563 4309 2838 4378 ἐπήγαγεν
2861 4323 2874 4337 ·
2913 4309 3060 4378 Ἐγὼ
3082 4309 3178 4363 καὶ
3204 4313 3237 4364 ό
3258 4311 3461 4379 Πατὴρ
3484 4311 3554 4364 ἐν
3577 4312 3790 4380 ἐσμεν·

2206 4392 2406 4444 ὡσανεὶ
2435 4391 2639 4460 ἔλεγεν,
2672 4393 2745 4444 ού
2779 4391 2868 4444 διά
2895 4392 3055 4446 τοῦτο
3102 4388 3272 4455 εἶπον,
3305 4393 3386 4446 ὃτι
3429 4394 3517 4447 διὰ
3555 4393 3648 4445 τόν
3685 4396 3792 4447 Πα-

2206 4476 2340 4546 τέρα
2363 4476 2537 4538 ούδεὶς
2561 4475 2699 4528 αὐτὰ
2726 4475 2984 4546 ἁρπάζει,
3007 4477 3082 4539 ώς
3113 4476 3274 4539 αὑτός
3295 4476 3535 4529 ἀσθενῶν
3558 4479 3791 4548 τηρῆσαι

2205 4559 2273 4612 τά
2305 4559 2576 4627 πρόϐατα.
2610 4559 2751 4628 Ἐγὼ
2773 4557 2882 4628 γὰρ
2905 4559 3003 4611 καὶ
3033 4561 3065 4612 ό
3094 4559 3296 4626 Πατὴρ
3321 4558 3390 4611 ἓν
3408 4559 3595 4628 ἐσμεν
3616 4579 3627 4590 ’
3654 4561 3792 4614 κατὰ

2205 4641 2304 4712 τὴν
2339 4641 2567 4709 δύναμιν
2589 4641 2822 4694 ἐνταῦθα
2846 4640 3049 4708 λέγων·
3081 4641 3172 4694 καὶ
3206 4643 3312 4712 γὰρ
3343 4645 3470 4712 περὶ
3495 4643 3701 4715 ταύτης
3726 4640 3786 4714 ἦν

2195 4726 2232 4778 ιὸ
2262 4724 2417 4791 λόγος
2451 4725 2594 4786 ἅπας
2637 4724 2806 4792 αὐτῷ.
2845 4725 2906 4776 EE
2950 4725 3007 4776 δέ
3035 4727 3068 4794 ὴ
3102 4725 3391 4797 δύναμιςὴ
3425 4725 3584 4798 αύτὴ,
3637 4729 3789 4796 εῦδη·

2204 4808 2292 4860 λον
2317 4810 2398 4860 ότι
2431 4809 2525 4861 καὶ
2559 4810 2592 4877 ἡ
2641 4807 2818 4860 ούσία,
2868 4808 3086 4877 Ἐπειδὴ
3117 4808 3238 4882 ,γάρ
3276 4809 3444 4880 μυρία
3472 4811 3695 4862 ἐποίουν
3742 4813 3786 4862 οί

2219 4893 2476 4954 Ἰουδαῖοι,
2501 4892 2962 4954 ἐπιϐουλεύοντες.
2993 4891 3452 4960 ἀποσυναγώγους
3490 4894 3784 4956 ποιοῦντες,

2204 4976 2368 5042 λέγει,
2401 4978 2481 5028 ὅτι
2517 4976 2696 5028 πάντα
2732 4975 2917 5038 αὐτοῖς
2957 4977 3078 5046 εἰκῆ
3121 4978 3216 5029 καὶ
3253 4977 3432 5048 μάτην
3475 4979 3788 5048 μεμηχάνη-

2202 5077 2310 5114 ται.
2357 5060 2444 5110 Ἑν
2483 5057 2592 5128 γάρ
2623 5060 2689 5128 τῇ
2722 5058 2865 5128 χειρὶ
2893 5058 2985 5110 τοῦ
3022 5059 3235 5129 Πατρός
3278 5059 3379 5130 μού
3414 5062 3527 5112 ἐστι
3556 5063 3623 5113 τά
3656 5061 3784 5131 πρό-

2203 5143 2360 5204 ϐατα,
2411 5141 2598 5211 ὥσπερ
2640 5143 2667 5192 ὁ
2714 5142 3002 5211 προφήτης
3031 5143 3211 5206 λέγει·
3261 5144 3364 5195 Ἐν
3392 5142 3464 5210 τῇ
3499 5147 3652 5211 χειρί
3673 5163 3784 5212 μου

2202 5223 2587 5292 ἐζωγράφησά
2608 5238 2724 5277 σου
2756 5225 2827 5276 τὰ
2857 5226 3046 5293 τείχη.
3073 5221 3206 5278 Εἶτα
3225 5225 3439 5288 δεικνὺς
3473 5245 3600 5295 μιαν
3625 5225 3783 5280 οὖσαν

2201 5309 2299 5380 τὴν
2327 5311 2506 5379 χεῖρα,
2539 5309 2669 5360 ποτέ
2713 5306 2814 5378 μὲν
2861 5309 3050 5372 αὑτοῦ,
3087 5310 3216 5362 ποτέ
3255 5310 3312 5364 δέ
3339 5310 3434 5362 τοῦ
3468 5312 3683 5382 Πατρός
3713 5306 3783 5363 εἷο

2199 5392 2285 5444 ναί
2317 5409 2482 5462 φησιν
2521 5391 2714 5461 αὑτήν.
2746 5393 2918 5462 Χεῖρα
2961 5392 3017 5445 δὲ
3063 5394 3188 5447 ὅταν
3215 5393 3476 5465 ἀκούσῃς,
3508 5394 3675 5465 μηδὲν
3702 5395 3783 5446 αἱ·

2203 5475 2397 5544 σθητόν
2437 5475 2683 5546 νομίσῃς.
2715 5475 2850 5527 ἀλλά
2881 5477 2979 5546 τὴν
3006 5477 3254 5548 δύναμιν,
3287 5479 3385 5549 τὴν
3428 5478 3694 5542 ἐξουσίαν.
3724 5479 3780 5529 Ι·Σί

2200 5560 2254 5612 δὲ
2290 5559 2378 5612 διὰ
2408 5559 2566 5612 τοῦτο
2606 5560 2780 5622 οὐδεὶς
2816 5559 3083 5630 ἥρπαζεν.
3121 5563 3202 5615 ὅτι
3234 5563 3398 5616 αὐτόν
3436 5563 3777 5632 ἐνεδυνάμου,

2203 5643 2350 5714 ξὸϋιί]
2375 5645 2621 5714 περιττόν
2643 5640 2709 5712 ἦν
2726 5645 2784 5696 τό
2801 5645 2925 5716 ἐξῆς
2941 5649 3135 5711 εἰπεῖν,
3167 5647 3308 5717 Ἐγὼ
3325 5648 3421 5700 καὶ
3440 5652 3473 5701 ό
3499 5649 3698 5715 Πατὴρ
3713 5646 3780 5700 ἓν

2200 5728 2405 5796 ἐσμεν,
2439 5729 2501 5779 Εἰ
2540 5729 2648 5798 γὰρ
2677 5729 2911 5782 ἐλάττων
2935 5726 3022 5800 ἦν.
3048 5731 3246 5800 πολλῆς
3288 5731 3446 5784 τοῦτο
3487 5733 3687 5800 τόλμης
3723 5729 3779 5781 τό

2203 5811 2374 5881 ῥῆμα,
2399 5811 2563 5864 Οὐδὲν
2586 5811 2694 5881 γάρ
2711 5813 2898 5883 ἕτερον
2920 5814 2952 5884 ἢ
2978 5815 3035 5867 τό
3051 5815 3150 5884 τῆς
3178 5816 3459 5888 δυνάμεως
3488 5816 3778 5870 ἰσοστάσιον

2199 5894 2496 5948 δείκνυσιν·
2529 5897 2664 5965 ὅπερ
2710 5892 2802 5950 οῦν
2848 5900 2942 5950 καὶ
2986 5898 3226 5953 Ἰουδαῖοι
3265 5900 3584 5964 συνειδότες,
3616 5897 3777 5958 λίθοις

1799 6014 1821 6041 ε
1848 6011 1947 6059 Alii
1968 6024 2064 6059 om.
2085 6014 2189 6072 γάρ.
2260 6014 2285 6057 d
2313 6012 2393 6063 Sic
2418 6013 2569 6063 Savil.
2598 6022 2650 6064 et
2673 6015 2810 6064 codd.
2851 6014 3035 6066 Aberat
3058 6018 3097 6064 εἰ
3134 6018 3185 6067 in
3214 6017 3382 6068 Monlf.
3430 6019 3568 6069 Enn.
