4084 6360
360 310 463 365 357

362 437 544 478 ansam
587 418 918 490 qumrebant.
961 414 1087 471 Ideo
1123 413 1407 476 dicebant,
1455 409 1553 464 Dic
1597 410 1757 463 nobis.
1791 409 1950 477 Atqui

363 532 505 583 Sa-pe
541 513 693 567 dixit.
740 510 873 565 Nam
915 510 992 563 sic
1035 507 1425 563 Satnaritanam
1474 503 1777 571 alloquutus
1824 508 1947 553 est:

365 608 477 678 Ego
499 622 610 659 sum
640 605 725 674 qui
746 605 924 673 loquor
944 611 1107 654 tecum
1133 600 1311 668 (Joan.
1337 598 1394 651 4.
1420 595 1507 664 26)
1542 604 1596 649 et
1616 608 1759 649 caeco
1778 592 1946 645 dixit:

363 702 431 757 Et
457 699 623 754 vidisti
671 714 818 762 eum,
862 706 907 751 et
941 696 1029 766 qui
1058 695 1279 764 loquitur
1316 702 1504 754 tecum,
1537 689 1623 742 ille
1658 699 1730 740 est
1777 685 1945 758 (Ibid.

356 798 415 853 9.
443 794 555 865 57).
588 793 696 847 Illis
735 805 948 861 quoque
986 789 1149 853 dixit,
1194 787 1287 841 sed
1327 785 1443 838 aliis
1483 783 1677 837 verbis.
1711 779 1871 850 Atqui
1904 778 1948 832 si

359 900 541 945 mente
566 886 893 949 valuissent,
923 891 977 937 et
1005 889 1150 935 recte
1176 878 1460 947 explorare
1484 875 1807 936 voluissent,
1831 886 1952 925 ver-

361 981 441 1034 bis
497 980 668 1049 ipsum
720 973 964 1030 conﬁteri
1019 970 1363 1032 debuissent,
1415 967 1503 1037 qui
1553 964 1804 1034 operibus
1848 961 1949 1014 boc

361 1075 534 1142 ipsum
574 1084 720 1141 saepe
759 1065 1219 1136 comprobaverat.
1258 1060 1410 1115 Nunc
1436 1074 1564 1114 vero
1591 1059 1800 1112 illorum
1829 1070 1949 1124 per-

363 1167 668 1221 versitatem
694 1160 997 1217 considera.
1030 1157 1166 1212 Cum
1196 1155 1544 1210 concionatur
1573 1160 1628 1206 et
1654 1150 1830 1204 verbis
1852 1149 1948 1202 do-

358 1243 447 1313 cet
464 1300 479 1323 ,
509 1259 660 1311 aiunt
686 1273 701 1308 :
734 1253 885 1321 Quod
904 1252 1105 1321 signum
1130 1246 1390 1303 ostendis?
1419 1245 1549 1300 Cum
1571 1253 1747 1297 autem
1770 1240 1945 1311 operi-

356 1352 459 1407 bus
498 1348 982 1405 demonstrationes
1021 1342 1256 1411 profert,
1303 1339 1487 1393 dicunt
1530 1337 1604 1390 illi
1641 1353 1652 1386 :
1688 1335 1749 1390 Si
1793 1345 1847 1387 tu
1895 1350 1945 1386 es

358 1442 609 1505 Christus,
637 1438 721 1491 dic
746 1435 889 1491 nobis
916 1436 1112 1505 palam.
1144 1434 1277 1488 Dum
1298 1446 1463 1501 opera
1482 1430 1750 1491 clamant,
1783 1425 1942 1480 verba

356 1540 637 1604 quaarunt;
670 1540 724 1585 et
745 1545 866 1585 cum
888 1529 1051 1583 verba
1080 1526 1306 1592 docent,
1335 1524 1401 1578 ad
1424 1537 1587 1592 Opera
1608 1519 1941 1588 confugiunt,

356 1623 745 1693 contrariisque
804 1634 1017 1691 semper
1056 1618 1327 1674 insistunt.
1356 1614 1509 1684 Quod
1539 1614 1680 1668 enim
1717 1627 1822 1666 non
1865 1612 1946 1663 di-

354 1714 538 1770 scendi
556 1728 716 1768 causa
737 1713 1149 1781 interrogarent,
1172 1710 1347 1764 exitus
1362 1703 1941 1770 demonstravit.Quem

357 1808 501 1862 enim
540 1806 609 1859 ita
642 1805 745 1859 ﬁde
770 1803 989 1873 dignum
1024 1801 1310 1872 putabant,
1351 1808 1411 1853 ut
1447 1797 1514 1851 de
1540 1798 1718 1865 seipso
1753 1794 1942 1848 testiﬁ-

354 1906 564 1954 cantem
588 1896 967 1959 admitterent,
996 1895 1077 1949 vel
1100 1908 1263 1964 pauca
1292 1893 1593 1962 loquentem
1615 1931 1630 1954 ,
1659 1888 1837 1942 statim
1862 1889 1943 1940 Ia-

355 1990 567 2061 pidibus
600 1989 881 2058 impetunt.
912 1987 1092 2056 Itaque
1133 1983 1273 2054 quod
1315 1981 1711 2038 circumdarent
1736 1994 1858 2033 eum
1890 1989 1944 2032 et

356 2086 652 2146 instarent,
683 2080 737 2135 id
763 2096 826 2135 ex
854 2079 1089 2148 nequitia
1116 2075 1569 2146 proﬁciscebatur.
1600 2071 1787 2125 Modus
1809 2084 1941 2138 quo-

354 2190 460 2246 que
487 2170 852 2242 interrogandi
890 2171 1118 2225 multum
1156 2184 1263 2237 prae
1297 2181 1357 2221 se
1388 2165 1590 2219 ferebat
1614 2161 1816 2217 odium.
1846 2158 1943 2213 Dic

354 2266 499 2320 nobis
529 2265 721 2335 palam,
752 2265 798 2317 si
825 2272 880 2316 tu
897 2278 953 2316 es
982 2260 1233 2315 Christus.
1263 2257 1422 2327 Atqui
1448 2255 1623 2325 palam
1647 2254 1735 2308 ille
1759 2253 1945 2320 loque-

355 2356 511 2410 batur
536 2356 587 2409 in
610 2353 1036 2409 solemnitatibus
1056 2392 1071 2418 ,
1103 2350 1296 2420 quibus
1320 2362 1534 2418 semper
1553 2345 1757 2412 aderat,
1786 2343 1944 2397 nihil-

354 2462 457 2515 que
474 2445 615 2499 clam
635 2444 878 2509 dicebat;
905 2443 1130 2509 ideoque
1146 2439 1427 2494 adulantes
1449 2438 1650 2499 dicunt,
1675 2436 1945 2504 Quousque
1977 2426 1980 2430 Α

355 2539 580 2591 animam
609 2546 838 2591 nostram
862 2534 1036 2588 tollis?
1066 2542 1124 2587 ut
1151 2538 1506 2606 provocantes
1524 2570 1542 2596 ,
1572 2528 1807 2598 aliquam
1834 2526 1941 2580 cri-

354 2628 590 2683 minandi
632 2642 818 2681 ansam
860 2625 1151 2694 reperiant.
1210 2621 1364 2688 Quod
1408 2621 1552 2676 enim
1598 2633 1811 2688 semper
1852 2618 1944 2671 illo

356 2722 540 2774 animo
578 2721 1003 2789 interrogarent,
1033 2732 1141 2771 non
1180 2726 1238 2770 ut
1270 2715 1558 2777 discerent,
1583 2714 1677 2769 sed
1720 2725 1777 2766 ut
1802 2712 1941 2767 dicta

356 2821 675 2881 carperent,
702 2828 810 2866 non
835 2811 960 2865 hinc
989 2809 1164 2865 solum
1181 2850 1196 2875 ,
1231 2807 1324 2863 sed
1341 2817 1395 2862 et
1421 2806 1637 2860 aliunde
1657 2821 1800 2874 saepe
1821 2819 1945 2874 pro-

354 2906 533 2961 batur.
568 2905 702 2960 Nam
738 2921 860 2960 cum
892 2911 1235 2959 accesserunt
1266 2901 1503 2955 dicentes
1535 2917 1546 2952 :
1581 2898 1717 2952 Licet
1742 2913 1944 2950 censum

358 2998 481 3053 dare
503 2996 723 3066 Ctesari,
754 3013 910 3051 necne
940 2994 1165 3067 (Matth.
1186 2993 1278 3047 22.
1308 2993 1433 3062 17)?
1464 3000 1662 3046 etcum
1692 2990 1759 3045 de
1788 3005 1944 3058 repn-

357 3088 551 3145 dianda
576 3104 747 3144 uxore
776 3098 1029 3159 agerent,
1061 3101 1290 3156 cumque
1312 3084 1379 3140 de
1409 3084 1499 3139 illa
1520 3083 1941 3147 sciscitarentur,

357 3198 518 3252 quam
562 3182 812 3237 dicebant
852 3190 1056 3251 septem
1094 3179 1348 3234 habuisse
1390 3178 1571 3245 viros,
1623 3176 1944 3246 deprehensi

356 3285 503 3342 sunt,
537 3290 642 3330 non
662 3275 901 3331 discendi
931 3274 1129 3342 studio,
1157 3273 1253 3330 sed
1273 3289 1343 3330 ex
1370 3288 1535 3343 pravo
1556 3273 1737 3327 animo
1762 3272 1945 3326 scisci-

357 3370 476 3423 tari.
507 3367 612 3424 Sed
641 3379 764 3423 tunc
795 3369 916 3423 illos
942 3368 1179 3439 coarguit
1205 3367 1289 3423 his
1321 3366 1531 3433 verbis,
1571 3366 1707 3433 Quid
1736 3382 1814 3419 me
1837 3375 1945 3418 ten-

358 3462 503 3525 tatis,
535 3460 849 3530 hypocrita?
874 3459 1165 3515 ostendens
1187 3474 1246 3514 se
1273 3458 1485 3513 illorum
1509 3468 1770 3512 secretam
1796 3471 1945 3511 men—

358 3559 466 3603 tem
494 3565 843 3619 cognoscere.
869 3549 964 3603 Hic
984 3564 1111 3605 vero
1138 3548 1268 3602 nihil
1297 3549 1527 3618 loquitur
1547 3548 1742 3612 simile,
1766 3557 1825 3600 ut
1846 3561 1945 3600 nos

358 3642 579 3709 doceat,
613 3642 950 3696 insidiatores
984 3656 1090 3695 non
1113 3655 1323 3709 semper
1349 3654 1477 3694 esse.
1493 3638 1817 3709 arguendos,
1848 3637 1943 3691 sed

360 3736 525 3789 multa
566 3734 805 3789 modeste
838 3742 893 3787 et
927 3741 1205 3787 mansuete
1233 3746 1353 3787 esse
1382 3732 1617 3785 ferenda.
1648 3730 1780 3797 Quia
1815 3743 1944 3798 ergo

360 3828 578 3881 stultum
606 3834 740 3888 erat,
770 3825 900 3894 ipsis
924 3824 1177 3894 operibus
1202 3821 1632 3891 praedicantibus,
1661 3820 1942 3873 verborum

361 3918 666 3973 testimonia
692 3933 934 3987 quaerere
953 3956 968 3980 ,
999 3916 1121 3971 audi
1152 3914 1419 3984 quomodo
1446 3913 1573 3977 ipsis
1600 3911 1941 3981 respondeat,

358 4011 519 4064 simul
565 4009 907 4065 subindicaus
951 4008 1066 4061 haec
1107 4007 1227 4060 illos
1270 4007 1463 4059 frustra
1512 4017 1790 4073 quatrere,
1836 4016 1945 4055 non

360 4100 599 4153 discendi
622 4115 778 4152 causa
798 4141 813 4163 ,
846 4108 900 4152 et
922 4096 1249 4166 significans,
1283 4110 1340 4149 se
1358 4095 1465 4163 jam
1490 4094 1665 4148 verbis
1692 4094 1820 4162 ipsis
1840 4094 1948 4146 cla-

361 4194 557 4246 riorem
579 4193 821 4247 emisisse
847 4207 1031 4245 vocem
1056 4232 1069 4255 ,
1103 4208 1196 4259 per
1225 4206 1386 4259 opera
1414 4190 1638 4243 scilicet.
1672 4188 1803 4242 Nam
1830 4188 1905 4240 ait
1931 4205 1943 4241 :

359 4284 451 4340 25.
485 4283 638 4354 Stepe
668 4285 776 4338 dixi
812 4285 947 4337 vobis
966 4325 979 4345 ,
1011 4296 1056 4335 et
1088 4299 1184 4335 non
1215 4282 1417 4335 creditis
1446 4282 1568 4334 mihi
1597 4297 1615 4334 :
1645 4298 1798 4351 opera
1837 4297 1949 4351 qum

360 4392 452 4445 ego
492 4376 623 4443 [acia
662 4376 715 4428 in
745 4376 946 4428 nomine
985 4373 1155 4427 Patris
1184 4373 1310 4438 mei,
1342 4372 1433 4425 illa
1477 4374 1808 4426 testimonium
1837 4388 1948 4440 pcr-

364 4468 530 4520 hibent
558 4466 621 4520 de
651 4482 746 4519 me.
791 4466 942 4532 Quod
991 4467 1061 4528 ii,
1093 4466 1180 4534 qui
1218 4464 1358 4534 apud
1399 4464 1521 4518 illus
1562 4464 1948 4519 moderatiores

363 4568 543 4623 crant,
579 4574 721 4628 saepe
748 4568 931 4613 mutuo
951 4557 1230 4613 dicebant:
1261 4556 1439 4627 Neque
1464 4558 1594 4610 enim
1618 4567 1775 4627 potest
1800 4559 1949 4610 homo

364 4659 595 4719 peccator
623 4650 730 4703 haec
765 4650 909 4720 signa
956 4651 1121 4719 facere
1148 4652 1163 4717 (
1182 4649 1338 4703 Joan.
1368 4650 1421 4705 9.
1452 4649 1571 4720 16);
1605 4661 1657 4705 et
1700 4666 1944 4713 rursum,

312 4729 317 4732 i
364 4741 487 4795 Non
530 4749 694 4810 potest
733 4741 1037 4794 dwmonium
1083 4758 1331 4795 ctecorum
1374 4743 1548 4795 oculos
1584 4742 1813 4810 aperire;
1864 4752 1945 4804 et,

364 4832 531 4887 Nemo
570 4844 725 4903 potest
758 4832 882 4886 talia
917 4834 1062 4904 signa
1090 4835 1253 4903 facere
1272 4874 1286 4898 ,
1317 4835 1410 4887 nisi
1438 4836 1502 4887 sit
1528 4851 1642 4887 cum
1668 4834 1757 4887 illo
1785 4833 1945 4887 Deus.

364 4923 431 4976 Et
456 4923 695 4977 videntes
725 4924 874 4992 signa
912 4940 1029 4989 quae
1072 4924 1327 4987 faciebat,
1359 4923 1605 4978 dicebant
1639 4943 1651 4978 :
1686 4923 1949 4991 Numquid

364 5012 446 5064 hic
471 5023 541 5065 est
570 5011 799 5067 Christus
816 5014 841 5066 Σ)
872 5013 971 5066 Alii
1003 5024 1178 5066 autem
1204 5013 1449 5068 dicebant
1476 5032 1487 5066 :
1522 5016 1737 5081 Quando
1764 5018 1949 5069 venerit

361 5102 595 5157 Christus
615 5145 629 5164 ,
662 5122 778 5156 num
801 5106 949 5173 plura
975 5106 1122 5174 signa
1144 5107 1321 5175 faciet,
1352 5123 1504 5175 quant
1530 5107 1610 5159 hic
1630 5108 1745 5176 fecit
1772 5107 1832 5178 (Ι
1842 5109 1945 5160 bid.

365 5195 419 5247 7.
444 5196 575 5265 '51)?
598 5194 762 5249 iidem
788 5211 914 5249 vero
944 5195 1041 5265 ipsi
1070 5211 1135 5250 ex
1174 5197 1424 5265 operibus
1447 5199 1691 5251 volebant
1726 5200 1778 5251 in
1804 5199 1949 5252 illum

365 5287 587 5341 credere
612 5286 850 5359 dicentes
877 5304 891 5341 :
927 5287 1073 5352 Quod
1101 5288 1300 5357 signum
1336 5290 1553 5343 ostendis
1590 5289 1729 5343 nobis
1750 5331 1765 5356 ,
1794 5299 1848 5342 ut
1875 5291 1950 5342 ui-

366 5378 575 5430 deamus
601 5386 646 5430 et
673 5377 937 5431 credamus
964 5378 1052 5430 tibi
1079 5378 1126 5447 (Ι
1135 5379 1237 5432 bid.
1266 5378 1320 5430 2.
1346 5379 1475 5450 18)?

443 5464 500 5519 2.
536 5468 803 5532 Quomodo
842 5468 1066 5524 Christus
1086 5470 1294 5524 Judatos
1319 5471 1626 5542 increpando
1646 5474 1797 5527 simul
1833 5473 1953 5528 alli-

366 5563 469 5613 ciat
508 5570 554 5614 et
581 5562 771 5615 invitet.
808 5562 999 5616 Eadem
1037 5565 1261 5632 potentia
1290 5562 1461 5619 Patris
1500 5574 1547 5618 et
1588 5565 1741 5630 Filii,
1779 5567 1953 5620 eadem

368 5670 571 5705 manus.
589 5683 659 5692 —
676 5652 808 5719 Quia
830 5669 958 5725 ergo
981 5663 1104 5709 tunc
1132 5656 1453 5710 simulabant
1480 5673 1539 5711 se
1564 5672 1628 5712 ex
1658 5658 1773 5712 solo
1790 5659 1954 5714 verbo

375 5746 675 5800 rmiituros
696 5787 713 5811 ,
751 5746 840 5815 qui
882 5755 961 5800 tot
992 5747 1253 5817 tantisque
1292 5749 1541 5819 operibus
1570 5765 1676 5805 non
1711 5752 1955 5808 credide-

1459 298 1523 352 IN
1559 294 1873 351 JOANNEM
1914 293 2135 348 HOMIL.
2180 294 2316 351 LXI.
2357 297 2429 350 al.
2468 297 2578 352 LX.

3542 302 3644 358 338

2062 419 2216 477 rant,
2251 411 2459 465 illorum
2497 415 2783 484 nequitiam
2811 416 2985 483 arguit
3016 416 3099 471 liis
3128 417 3344 472 verbis:
3378 419 3439 473 Si
3476 423 3647 489 operi,

2060 501 2152 554 bus
2174 518 2272 555 non
2294 505 2516 570 creditis,
2535 508 2783 576 quomodo
2806 508 2964 561 verbis
2984 509 3237 561 credetis?
3265 509 3440 576 Quare
3462 526 3647 579 super-

2059 593 2163 647 ﬂua
2194 604 2275 649 est
2306 596 2669 668 interregatio.
2702 599 2791 653 26.
2826 600 2930 654 Sed
2950 602 3056 655 dixi
3076 602 3234 670 vobis,
3262 604 3450 674 inquit,
3479 613 3525 658 et
3546 621 3646 658 non

2059 685 2261 739 creditis
2288 687 2432 753 mihi,
2460 689 2579 758 quia
2606 706 2707 743 non
2740 692 2857 744 estis
2880 692 2942 745 de
2971 693 3142 746 ovibus
3167 697 3308 747 meis.
3344 695 3453 764 Ego
3476 704 3645 749 totum

2020 842 2023 843 ν
2059 777 2291 844 pastoris
2319 777 2553 833 ofﬁcium
2578 781 2792 835 exhibui
2817 800 2831 837 :
2858 783 2904 837 si
2933 799 3059 837 vero
3088 801 3173 839 me
3203 800 3311 841 non
3338 788 3642 857 sequimini,

2059 884 2164 921 non
2193 870 2335 939 quod
2356 887 2455 942 ego
2481 888 2585 927 non
2617 885 2800 943 pastor
2819 877 2917 930 sim
2950 881 3200 933 renuistis
3220 923 3235 947 ,
3264 882 3359 936 sed
3381 883 3524 952 quod
3549 900 3645 939 vos

2056 973 2184 1015 oves
2210 976 2344 1017 mete
2366 978 2471 1017 non
2493 964 2629 1018 sitis.
2652 965 2782 1019 Nam
2803 966 2892 1021 27.
2921 967 3047 1022 Oves
3071 986 3193 1023 mea:
3211 1013 3225 1036 ,
3255 972 3447 1042 inquit,
3475 990 3646 1027 uocem

2056 1067 2219 1105 meam
2244 1054 2486 1120 audiunt,
2516 1066 2566 1108 et
2595 1068 2867 1127 sequuntur
2892 1076 2987 1124 me,
3019 1060 3109 1115 28.
3142 1072 3186 1114 et
3224 1064 3378 1115 vitam
3402 1074 3650 1117 teternam

2056 1141 2122 1193 do
2150 1142 2241 1207 eis,
2271 1152 2319 1195 et
2343 1160 2444 1198 non
2475 1147 2707 1214 peribunt
2740 1148 2793 1201 in
2823 1160 3066 1201 teternmn
3090 1166 3109 1204 :
3137 1161 3182 1216 et
3208 1168 3352 1205 nemo
3378 1162 3536 1222 potest
3560 1164 3651 1201 eas

2054 1249 2233 1303 rapere
2261 1233 2323 1286 de
2350 1252 2504 1290 manu
2530 1254 2661 1293 mea.
2694 1239 2783 1293 29.
2820 1240 2954 1306 Quia
2991 1240 3171 1308 Pater,
3201 1248 3283 1313 qui
3315 1245 3451 1298 dedit
3481 1247 3639 1313 mihi,

2054 1329 2219 1397 major
2243 1337 2314 1381 est
2343 1329 2573 1384 omnibus
2594 1347 2612 1384 :
2640 1342 2688 1386 et
2714 1350 2859 1386 nemo
2886 1345 3047 1403 potest
3075 1352 3160 1388 eas
3195 1354 3373 1405 rapere
3397 1339 3461 1392 de
3486 1356 3642 1392 manu

2054 1418 2227 1473 Patris
2256 1422 2371 1474 mei.
2406 1423 2494 1477 50.
2525 1422 2637 1495 Ego
2676 1436 2721 1478 et
2763 1426 2921 1480 Pater
2950 1445 3108 1480 unum
3147 1447 3341 1484 smnus.
3380 1432 3640 1486 Animad-

2052 1520 2202 1567 verte
2229 1515 2496 1583 quomodo
2520 1516 2640 1571 illos
2670 1519 2979 1587 rejicieudo,
3014 1521 3259 1576 hortetur
3295 1534 3472 1578 tamen
3498 1534 3555 1580 ut
3582 1542 3641 1581 se

2052 1614 2362 1674 sequantur.
2404 1606 2536 1683 vos,
2568 1610 2768 1679 inquit,
2813 1629 2914 1665 non
2943 1613 3133 1667 auditis
3161 1630 3276 1676 me;
3315 1632 3473 1686 neque
3508 1620 3644 1671 enim

2051 1698 2168 1751 estis
2194 1714 2346 1764 oves;
2374 1700 2462 1764 qui
2493 1716 2621 1757 vero
2654 1714 2968 1773 sequuntur,
3000 1705 3054 1759 bi
3088 1716 3215 1761 sunt
3247 1723 3312 1761 ex
3338 1710 3484 1762 ovili.
3517 1710 3642 1763 llaec

2052 1802 2212 1857 porro
2231 1790 2462 1857 dicebat,
2491 1803 2548 1846 ut
2572 1794 2644 1847 illi
2669 1809 2797 1850 oves
2819 1811 2937 1850 eSse
2956 1808 3295 1853 conarentur.
3328 1799 3529 1854 Deinde
3552 1802 3637 1855 ubi

2050 1883 2179 1951 quid
2207 1886 2588 1953 consequuturi
2618 1888 2724 1941 sint
2751 1889 3025 1957 exposuit,
3064 1890 3249 1945 incitat
3276 1891 3394 1945 illos
3414 1932 3429 1954 ,
3462 1902 3520 1946 ut
3548 1907 3639 1946 se-

2049 1974 2245 2043 quendi
2267 1974 2589 2031 desiderium
2616 1979 2831 2033 inferat.
2858 1981 2997 2046 Quid
3019 1983 3185 2052 ergo?
3214 1999 3339 2037 num
3365 1984 3434 2039 ob
3466 1985 3639 2039 Patris

2049 2065 2341 2132 potentiam
2374 2082 2532 2121 nemo
2560 2069 2726 2137 rapit,
2756 2078 2812 2123 tu
2838 2085 2967 2125 vero
2996 2071 3126 2126 nihil
3156 2083 3311 2142 potes
3331 2117 3346 2139 ,
3377 2084 3431 2129 et
3463 2086 3643 2130 custo-

2049 2155 2167 2211 dire
2190 2172 2296 2211 non
2328 2158 2506 2213 vales?
2536 2159 2771 2215 Minime.
2801 2160 2871 2216 Ut
2895 2162 3070 2219 discas
3093 2164 3256 2229 enim,
3282 2165 3432 2231 illud,
3462 2164 3639 2233 Pater,

2048 2250 2133 2319 qui
2164 2251 2301 2304 dedit
2331 2251 2488 2317 mihi,
2534 2252 2653 2306 ideo
2692 2253 2891 2308 dictum
2932 2254 3132 2322 fuisse,
3164 2271 3233 2312 ne
3275 2259 3425 2313 illum
3462 2258 3639 2314 denuo

2050 2344 2161 2399 Deo
2183 2345 2547 2400 adversarium
2576 2347 2847 2413 dicerent;
2879 2358 3161 2419 postquam
3196 2350 3438 2415 dixerat,
3473 2350 3640 2405 Nemo

2049 2436 2184 2505 rapit
2204 2453 2287 2491 eas
2311 2436 2373 2491 de
2392 2453 2544 2491 manu
2564 2454 2695 2500 mea,
2719 2438 2892 2508 pergit
2907 2439 3196 2495 ostendens
3214 2456 3368 2495 suam
3391 2450 3446 2496 et
3464 2441 3639 2496 Patris

2050 2545 2267 2584 manum
2299 2546 2456 2585 unam
2486 2545 2627 2586 esse.
2654 2531 2766 2586 Nisi
2794 2533 2940 2587 enim
2971 2532 3072 2588 hoc
3097 2532 3169 2586 ita
3196 2542 3368 2600 esset,
3397 2533 3639 2588 dicturus

2049 2632 2203 2677 erat:
2236 2623 2396 2679 Pater
2429 2625 2521 2694 qui
2550 2624 2699 2679 dedit
2738 2625 2898 2691 mibi,
2943 2625 3115 2695 major
3155 2626 3403 2680 omnibus
3433 2636 3543 2693 est,
3586 2637 3641 2682 et

2050 2730 2210 2769 nemo
2247 2724 2426 2786 potest
2455 2732 2545 2771 eas
2588 2732 2779 2787 rapere
2817 2717 2885 2772 de
2927 2733 3088 2784 manu
3118 2733 3256 2773 mea.
3292 2717 3489 2772 Verum
3532 2735 3636 2773 non

2050 2809 2120 2862 ita
2147 2807 2315 2874 dixit,
2344 2808 2439 2863 scd
2459 2849 2473 2872 ,
2505 2808 2583 2862 De
2610 2826 2765 2862 manu
2795 2808 2969 2863 Patris
3000 2810 3113 2863 mei.
3142 2809 3344 2865 Deinde
3375 2826 3444 2864 ne
3485 2822 3638 2880 putes

2050 2901 2221 2971 ipsum
2254 2916 2373 2955 esse
2411 2901 2680 2956 inﬁrmum
2701 2943 2716 2968 ,
2747 2902 2841 2956 sed
2873 2918 2967 2972 per
2991 2904 3163 2958 Patris
3190 2905 3482 2972 potentiam
3510 2920 3639 2959 oves

2051 2991 2103 3047 in
2133 3002 2246 3048 tuto
2271 3009 2421 3061 esse,
2452 2993 2687 3049 subdidit
2714 3014 2727 3049 :
2755 2994 2867 3065 Ego
2897 3006 2943 3050 et
2974 2996 3128 3051 Pater
3154 3014 3312 3051 unum
3338 3014 3546 3063 sumus;
3576 3012 3641 3052 ac

2049 3085 2093 3139 si
2124 3085 2361 3150 diceret,
2384 3084 2500 3139 Non
2528 3085 2649 3141 ideo
2678 3086 2818 3153 dixi,
2849 3087 2919 3143 ob
2944 3087 3117 3143 Patris
3143 3090 3433 3160 potentiam
3463 3090 3636 3144 nemi-

2049 3191 2175 3231 nem
2202 3192 2296 3232 eas
2324 3192 2444 3233 esse
2472 3189 2747 3248 rapturum
2770 3220 2785 3245 ,
2816 3180 2967 3249 quasi
3008 3181 3126 3235 illas
3158 3196 3258 3250 ego
3283 3195 3501 3237 servare
3530 3195 3637 3235 non

2049 3271 2277 3324 valeam.
2300 3270 2430 3326 Nam
2454 3270 2566 3343 Ego
2588 3283 2635 3325 et
2665 3272 2819 3325 Pater
2838 3290 2989 3326 unum
3010 3289 3216 3338 sumus;
3244 3273 3295 3328 id
3317 3282 3419 3339 est,
3446 3288 3639 3329 secun-

2049 3363 2175 3417 dum
2202 3364 2490 3432 potentiam
2516 3383 2529 3417 :
2563 3379 2687 3417 nam
2712 3364 2779 3417 de
2797 3364 2885 3418 illa
2912 3365 2999 3418 hic
3023 3380 3202 3419 seruio
3222 3374 3357 3419 erat.
3380 3366 3435 3421 Si
3457 3374 3639 3420 autem

2048 3456 2235 3510 eadem
2267 3468 2348 3510 est
2373 3457 2604 3526 potentia
2627 3498 2642 3522 ,
2676 3457 2849 3525 palam
2877 3467 2952 3511 est
2978 3457 3219 3512 eamdem
3246 3473 3367 3515 esse
3387 3459 3637 3514 substan-

2052 3548 2199 3601 tiam.
2229 3545 2361 3601 Cum
2406 3547 2548 3601 enim
2580 3548 2743 3601 multa
2788 3547 3027 3603 facerent
3057 3548 3258 3616 Judaei,
3302 3549 3521 3604 insidias
3546 3564 3641 3619 pa-

2050 3646 2266 3702 rarent,
2297 3647 2447 3692 extra
2477 3653 2800 3709 synagogam
2836 3641 3093 3708 ejicerent
3112 3682 3127 3707 ,
3159 3639 3289 3694 dicit
3314 3640 3434 3695 illos
3461 3642 3642 3696 omnia

2049 3727 2317 3782 incassum
2350 3730 2680 3783 machinatos
2708 3744 2847 3784 esse.
2880 3731 3012 3785 Nam
3052 3731 3104 3785 in
3133 3747 3293 3786 manu
3324 3732 3514 3787 Patris.
3533 3735 3641 3788 mei

2051 3829 2176 3873 sunt
2215 3835 2373 3887 oves,
2420 3828 2479 3874 ut
2517 3820 2775 3890 propheta
2804 3821 2968 3876 dicit:
3000 3822 3068 3876 In
3107 3839 3261 3877 manu
3285 3840 3398 3877 mea
3434 3826 3669 3894 depinxi.

2051 3928 2222 3965 muros
2252 3924 2363 3966 tuos
2396 3911 2414 3981 (
2432 3911 2560 3967 Isai.
2592 3914 2682 3969 49.
2712 3914 2825 3986 16).
2860 3914 3061 3969 Deinde
3091 3930 3249 3969 unam
3277 3930 3397 3971 esse
3425 3931 3643 3970 manum

2052 4003 2358 4066 ostendens,
2391 4003 2533 4057 illam
2564 4003 2724 4059 modo
2750 4020 2922 4070 suam,
2955 4005 3116 4060 modo
3145 4006 3315 4061 Patris
3343 4021 3463 4063 esse
3490 4007 3641 4061 dicit.

2052 4097 2184 4151 Cum
2209 4111 2421 4150 manum
2444 4095 2616 4161 audis,
2641 4096 2771 4151 nihil
2793 4098 2988 4153 sensile
3008 4099 3230 4168 cogites,
3256 4099 3350 4153 sed
3373 4100 3641 4163 virtutem,

2053 4189 2366 4260 potentiam.
2395 4188 2450 4244 Si
2472 4199 2648 4244 autem
2681 4205 2838 4245 nemo
2864 4191 3070 4260 rapuit,
3103 4191 3225 4259 quia
3252 4190 3410 4245 Pater
3429 4192 3527 4247 sibi
3554 4208 3645 4260 po-

2055 4292 2299 4337 testatem
2336 4281 2641 4348 indidisset,
2675 4282 3004 4351 superﬂuum
3043 4281 3230 4338 fuisset
3258 4283 3490 4349 addere,
3532 4283 3669 4355 Ego-

2055 4384 2099 4429 et
2131 4374 2285 4429 Pater
2315 4392 2475 4428 unum
2500 4392 2694 4429 sumus.
2724 4375 2854 4429 Nam
2892 4377 2936 4431 si
2968 4378 3145 4430 minor
3169 4375 3335 4431 Filius
3363 4385 3533 4443 esset,
3566 4389 3645 4432 lc—

2056 4465 2342 4519 merarium
2382 4474 2525 4519 esset
2561 4465 2783 4519 dictum.
2815 4465 2956 4520 Nihil
2996 4477 3143 4522 certe
3180 4467 3326 4521 aliud
3370 4466 3645 4529 declarat,
3680 4474 3687 4483 '

2056 4573 2213 4627 quam
2238 4558 2489 4626 potentiae
2515 4558 2872 4627 aequalitatem
2898 4577 2910 4611 :
2939 4559 3081 4628 quod
3103 4575 3223 4613 cum
3254 4559 3424 4615 Judaei
3452 4561 3651 4615 intelli-

2056 4658 2263 4717 gerent,
2293 4648 2558 4717 lapidibus
2580 4648 2754 4718 ipsum
2784 4649 3130 4718 impetebant.
3153 4650 3334 4721 Neque
3356 4662 3534 4706 tamen
3560 4651 3651 4707 ille

2058 4739 2196 4794 banc
2226 4740 2426 4794 amovit
2445 4741 2772 4810 opinionem.
2801 4741 2958 4810 Atqui
2980 4742 3023 4795 si
3055 4738 3106 4794 id
3133 4741 3267 4796 falso
3288 4743 3491 4812 Opinati
3517 4744 3649 4797 fuis-

2057 4842 2206 4898 sent,
2241 4832 2359 4887 illos
2388 4833 2679 4888 emendare
2703 4835 2939 4903 oportuit
2965 4850 3027 4888 ac
3053 4835 3232 4891 dicere
3257 4853 3270 4888 :
3303 4834 3411 4891 Cur
3441 4839 3542 4892 hoc
3567 4837 3651 4891 fa-

2057 4926 2217 4980 citis?
2244 4942 2349 4980 non
2382 4927 2497 4981 hmc
2523 4928 2632 4981 dixi
2652 4969 2668 4993 ,
2699 4938 2756 4981 ut
2785 4943 2965 4996 parem
2997 4938 3232 4997 paterna:
3262 4945 3434 4983 meam
3460 4938 3651 4999 poten-

2059 5021 2182 5074 tiam
2210 5021 2518 5075 indicarem.
2542 5021 2693 5075 Nunc
2713 5031 2921 5087 contra,
2946 5022 3050 5075 illis
3075 5021 3479 5089 ferocientibus,
3503 5023 3673 5078 illam»

2058 5112 2361 5180 opinionem
2393 5112 2675 5166 conﬁrmat
2710 5120 2766 5165 et
2799 5113 3010 5182 probat.
3042 5112 3159 5167 Non
3187 5128 3307 5168 sese
3337 5123 3559 5183 purgat,
3592 5123 3652 5169 ut

2061 5204 2148 5269 qui
2191 5204 2328 5257 male
2371 5215 2424 5257 et
2452 5204 2585 5259 falso
2612 5205 2840 5270 dixerit;
2875 5206 2981 5258 imo
3009 5207 3128 5269 illos
3158 5206 3433 5275 increpat,
3466 5216 3524 5261 ut
3560 5209 3669 5276 qui,

2059 5309 2168 5347 non
2206 5305 2619 5351 eonsentaneam
2650 5296 2715 5349 de
2756 5312 2815 5351 se
2864 5297 3096 5352 habeant
3140 5299 3465 5367 Opinionem.
3513 5298 3648 5353 Cum

2060 5387 2202 5440 enim
2234 5385 2509 5441 dicerent:
2546 5389 2637 5443 '55.
2674 5388 2751 5442 De
2780 5389 2907 5443 bono
2942 5407 3090 5459 opere
3116 5407 3215 5444 non
3254 5392 3543 5459 lapidamus
3573 5402 3652 5457 te,

2060 5479 2149 5533 sed
2170 5479 2231 5533 de
2254 5479 2594 5550 blasphemia,
2626 5491 2671 5535 et
2689 5484 2809 5555 quia
2831 5483 2979 5536 homo
3000 5500 3113 5536 cum
3142 5484 3211 5537 sis
3231 5526 3245 5548 ,
3279 5484 3407 5553 facis
3435 5486 3665 5553 teipsum:

2061 5570 2265 5637 Deum;
2294 5571 2417 5626 audi
2457 5574 2583 5641 quid
2624 5574 2806 5634 dicat:
2840 5577 2928 5631 35.
2976 5576 3037 5630 Si
3062 5577 3178 5629 illos
3219 5576 3341 5630 dicit
3382 5576 3665 5649 Scriptura»

2061 5664 2209 5730 deos,
2241 5664 2309 5717 ad
2327 5681 2449 5735 quos
2469 5682 2630 5720 sermo
2657 5666 2752 5721 Dei
2773 5674 2936 5738 [actus
2956 5679 3049 5735 est,
3075 5670 3161 5724 56.
3185 5671 3437 5737 quomodo
3457 5687 3544 5726 vos
3564 5674 3643 5725 ὡς

2071 5758 2185 5811 citis
2206 5758 2324 5829 quia
2349 5758 2660 5830 blasphemo,
2689 5762 2811 5831 quia
2828 5763 2956 5832 dixi,
2977 5762 3024 5816 F
3025 5763 3144 5818 ilius
3168 5763 3261 5818 Dei
3288 5766 3437 5818 sum?
3463 5766 3514 5821 ιιι
3536 5780 3671 5833 eSt,-
