4084 6360
510 339 613 394 539

509 456 563 510 Si
589 456 621 509 ii
648 455 735 524 qtti
765 469 859 525 per
887 455 1110 524 gratiam
1138 452 1238 506 hoc
1263 462 1580 522 acceperunt
1601 494 1615 517 ,
1648 468 1751 506 non
1782 462 2103 506 accusantur

510 560 632 599 cum
656 560 713 600 se
738 545 869 600 deos
889 553 1111 607 vocant;
1139 545 1228 613 qtti
1249 558 1315 597 ex
1343 554 1530 598 natura
1552 560 1647 599 sua
1668 544 1768 597 hoc
1795 545 1971 608 habet,
1997 560 2103 614 quo

510 636 628 706 iure
656 636 995 705 increpctur?
1023 633 1221 689 Verum
1245 650 1348 688 non
1382 639 1450 689 ita
1478 634 1648 700 dixit,
1681 636 1775 691 sed
1802 636 2017 690 demum
2048 637 2101 691 id

512 729 792 797 probavit,
824 736 1105 797 postquam
1148 726 1435 781 demissius
1479 727 1729 797 loquutus
1756 737 1837 780 est
1864 727 1946 781 bis
1976 743 2101 782 ver-

508 819 623 874 bis:
656 818 815 884 Quem
842 818 995 873 Pater
1022 821 1354 887 sancti/ienuit
1377 831 1426 873 et
1450 821 1617 883 misit;
1644 830 1698 874 et
1722 830 2001 891 postquam
2034 821 2097 874 il-

509 909 681 965 lorum
706 909 940 964 furorem
967 909 1193 974 sedavit,
1220 920 1347 965 tunc
1367 912 1568 965 claram
1591 910 1746 965 affert
1765 911 2099 967 demonstra-

507 1003 729 1058 tionem.
755 1004 969 1058 lnterim
993 1017 1141 1069 vero,
1166 1013 1222 1058 ut
1243 1002 1613 1058 admitteretur
1635 1004 1685 1059 id
1702 1003 1842 1074 quod
1863 1003 2095 1070 dicebat,

507 1096 765 1153 humilius
806 1098 1059 1167 loquutus
1100 1108 1218 1164 est,
1251 1113 1314 1153 ac
1357 1098 1574 1153 demum
1613 1098 1680 1153 ad
1712 1100 1913 1167 majora
1954 1099 2098 1167 ipsos

506 1188 759 1253 adducit,
790 1188 973 1244 dicens
1001 1207 1013 1242 :
1046 1191 1135 1244 57.
1170 1190 1231 1245 Si
1270 1206 1370 1244 non
1399 1191 1532 1260 facio
1558 1206 1711 1260 opera
1750 1188 1924 1244 Patris
1960 1189 2057 1244 mei
2077 1232 2093 1256 ,

508 1282 665 1335 nolite
692 1282 894 1337 credere
922 1284 1083 1347 mihi;
1111 1284 1198 1339 58.
1227 1284 1305 1337 sin
1334 1294 1503 1337 autent
1531 1284 1687 1352 facio,
1720 1285 1812 1338 etsi
1840 1286 1964 1339 mihi
1992 1302 2094 1340 non

498 1374 723 1440 creditis,
738 1375 971 1445 operibus
995 1378 1121 1431 meis
1148 1376 1352 1431 credite.
1384 1377 1569 1431 Viden’
1590 1377 1857 1448 quomodo
1884 1379 2091 1447 probet,

501 1473 561 1520 ut
580 1466 691 1521 dixi
712 1507 730 1535 ,
759 1481 818 1523 se
846 1468 1001 1523 Patre
1026 1470 1077 1522 in
1106 1469 1253 1523 nullo
1279 1470 1590 1524 inferiorem
1613 1485 1732 1524 esse
1752 1512 1768 1536 ,
1796 1471 1891 1525 sed
1911 1486 2092 1540 acqua-

499 1558 603 1611 lcm
633 1558 894 1614 omnino?
922 1558 1055 1626 Quia
1078 1560 1220 1614 enim
1250 1575 1354 1614 non
1377 1569 1585 1630 poterat
1608 1560 1901 1615 substantia
1924 1561 2091 1630 ipsius

495 1648 702 1718 videri,
744 1651 812 1706 ab
854 1666 1075 1720 operum
1107 1652 1410 1723 aequalitate
1450 1662 1504 1707 et
1549 1652 1825 1708 identitate
1869 1653 2090 1723 tequalis

494 1744 776 1812 potestatis
804 1744 1317 1799 demonstrationem
1347 1744 1520 1799 affert.

561 1833 615 1889 5.
642 1832 876 1903 Ecquid,
905 1850 1087 1904 quaeso
1107 1876 1121 1899 ,
1150 1834 1475 1889 credemus?
1505 1834 1654 1902 Quod
1694 1850 1786 1905 ego
1824 1835 1878 1888 in
1904 1833 2082 1901 Patre,

494 1934 543 1978 et
573 1922 729 1979 Pater
751 1926 805 1979 in
831 1942 909 1979 me
942 1926 1025 1979 sit.
1056 1925 1199 1981 Nihil
1243 1927 1385 1981 enim
1432 1925 1575 1979 aliud
1606 1940 1706 1995 ego
1734 1940 1873 1990 sum,
1927 1942 2084 1996 quam

488 2015 668 2079 Pater,
699 2030 922 2071 manens
952 2016 1153 2083 Filius;
1181 2016 1311 2071 nihil
1336 2017 1479 2071 aliud
1507 2025 1589 2072 est
1617 2017 1724 2083 ille.
1754 2034 1913 2088 quam
1943 2020 2085 2089 quod

486 2120 609 2175 ego,
638 2122 861 2163 manens
883 2107 1075 2162 Pater:
1106 2118 1160 2163 et
1180 2109 1269 2179 qui
1297 2124 1381 2162 me
1403 2109 1566 2173 novit,
1599 2109 1747 2163 novit
1767 2119 1821 2163 et
1846 2108 2079 2177 Patrem,

488 2193 788 2267 Filiumque
812 2197 1012 2252 didicit.
1040 2196 1191 2266 Quod
1220 2199 1262 2253 si
1284 2199 1511 2266 potentia
1537 2200 1710 2253 minor
1738 2208 1901 2265 esset,
1920 2201 2080 2255 etiam

484 2288 717 2359 cognitio
738 2287 867 2344 falsa
886 2300 1047 2345 esset.
1074 2289 1255 2360 Neque
1272 2291 1411 2345 enim
1438 2290 1539 2343 alia
1565 2306 1659 2360 per
1674 2291 1834 2345 aliam
1852 2290 1930 2346 vel
1949 2293 2079 2346 sub-

484 2380 677 2435 stantia
699 2379 785 2434 vel
807 2381 1041 2450 potentia
1058 2382 1188 2437 disci
1212 2391 1404 2452 potest.
1422 2382 1510 2436 59.
1529 2380 1805 2436 Voluerunt
1827 2398 1945 2453 ergo
1964 2400 2078 2437 eum

481 2471 859 2541 apprehendere
871 2488 890 2527 .'
905 2481 950 2526 et
965 2473 1082 2527 exiit
1095 2476 1156 2527 de
1174 2474 1401 2527 manibus
1416 2490 1607 2538 eorum,
1628 2475 1717 2530 40.
1742 2486 1789 2529 et
1802 2474 1922 2529 abiit
1938 2486 2076 2531 trans

482 2563 792 2631 Jordanem,
823 2564 908 2618 ubi
932 2575 1042 2619 erat
1073 2564 1299 2620 Joannes
1329 2567 1590 2636 baptizans
1617 2568 1857 2634 primum.
1882 2569 1972 2623 41.
2002 2568 2071 2622 Et

481 2656 627 2709 multi
659 2668 898 2712 venerunt
934 2658 1003 2711 ad
1046 2675 1158 2712 eum
1182 2701 1196 2724 ,
1231 2667 1279 2712 et
1310 2658 1583 2713 dicebant:
1606 2659 1831 2714 Joannes
1874 2661 2074 2730 quidem

479 2750 681 2819 signum
732 2751 849 2821 fecit
888 2752 1117 2817 nullum;
1161 2754 1329 2805 omnia
1380 2762 1548 2805 autem
1590 2768 1917 2822 quaecumque
1944 2754 2073 2808 dixit

479 2840 708 2897 Joannes
733 2844 798 2898 de
821 2846 917 2898 hoc
936 2883 950 2908 ,
979 2862 1095 2899 vera
1138 2856 1271 2899 sunt.
1323 2846 1611 2916 Postquam
1642 2846 1784 2901 enim
1814 2862 2068 2918 magnum

482 2934 752 3005 quidpiam
775 2944 829 2990 et
858 2936 1087 2991 sublime
1110 2938 1266 3003 dixit,
1287 2938 1466 2991 statim
1494 2938 1716 3004 secedit,
1747 2938 1960 2993 illorum
1981 2955 2069 2994 ce-

479 3025 615 3082 dens
645 3026 834 3090 furori,
865 3036 921 3081 ut
951 3042 1045 3097 per
1070 3028 1365 3083 absentiam
1399 3029 1539 3083 illius
1568 3030 1785 3085 sedetur
1811 3042 1865 3085 et
1888 3034 2068 3102 sopia-

479 3129 584 3171 tur.
604 3117 756 3186 Quod
785 3120 945 3173 etiam
978 3128 1103 3175 tunc
1119 3119 1263 3175 fecit.
1289 3119 1392 3175 Sed
1414 3136 1509 3175 cur
1535 3122 1854 3191 evangelista
1890 3123 2063 3179 locum

476 3209 710 3264 indicat?
737 3209 803 3266 Ut
823 3210 995 3266 discas
1025 3212 1195 3282 ipsum
1216 3212 1335 3267 ideo
1367 3213 1500 3267 istuc
1528 3215 1745 3279 abiisse,
1772 3224 1829 3269 ut
1859 3216 1987 3284 ipsis
2010 3218 2061 3272 in

477 3300 787 3355 memoriam
822 3302 909 3356 illa
953 3314 1266 3371 revocaret,
1296 3319 1415 3374 qua:
1442 3303 1675 3360 Joannes
1717 3306 1825 3361 illic
1864 3307 2065 3363 fecerat

472 3393 826 3465 dixeratque,
879 3410 1085 3450 necnon
1127 3396 1489 3451 testimonium
1543 3397 1728 3467 ipsius.
1772 3398 1910 3454 Istuc
1935 3415 2063 3470 ergo

419 3548 441 3571 ο
475 3499 597 3540 cum
642 3486 915 3542 venissent
938 3529 951 3552 ,
982 3488 1162 3542 statim
1191 3487 1413 3543 Joannis
1440 3489 1701 3544 recordati
1749 3500 1909 3556 sunt;
1940 3491 2061 3547 ideo

472 3578 675 3647 dicunt,
707 3578 933 3634 Joannes
965 3582 1160 3635 nullum
1197 3583 1314 3651 fecit
1340 3583 1576 3654 signant;
1608 3598 1728 3636 nam
1760 3584 1893 3639 alias
1931 3586 2059 3655 quid

469 3672 539 3727 ad
566 3687 680 3727 rem
712 3672 926 3729 iecisset
957 3674 1008 3728 id
1053 3674 1294 3731 addere?
1328 3675 1423 3730 sed
1459 3676 1580 3745 quia
1613 3676 1761 3730 locus
1808 3676 2059 3748 Baptistae

471 3766 789 3822 memoriam
826 3767 1129 3832 revocavit,
1178 3781 1387 3823 necnon
1418 3768 1534 3837 ejus
1573 3768 1883 3823 testimonii.
1926 3768 2059 3826 Vide

467 3866 645 3912 autem
666 3872 827 3928 quam
864 3866 1041 3914 certos
1074 3859 1412 3929 syllogismos
1435 3860 1780 3917 coneinnent.
1797 3862 2054 3930 Joannes,

466 3936 737 4018 inquiunt,
766 3948 969 4003 nullum
997 3949 1121 4005 fecit
1145 3950 1354 4021 signum
1378 3966 1392 4014 ;
1446 3952 1533 4006 hic
1561 3952 1711 4021 signa
1738 3952 1863 4008 facit
1891 3970 1905 4007 :
1932 3955 2058 4011 hinc

465 4055 596 4112 ergo
630 4041 746 4117 ejus
776 4042 1133 4113 praecellentia
1159 4044 1473 4099 ostenditur.
1500 4044 1556 4101 Si
1594 4060 1723 4115 ergo
1752 4046 1825 4100 illi
1848 4047 2054 4102 nullum

464 4132 674 4202 signum
714 4132 894 4188 edenti
928 4134 1285 4200 credidimus,
1317 4135 1485 4190 multo
1511 4138 1679 4205 magis
1715 4138 1836 4193 huic
1862 4140 2055 4195 crede-

465 4239 605 4280 mus.
637 4225 859 4293 Deinde,
889 4226 1011 4296 quia
1039 4224 1271 4282 Joannes
1292 4237 1407 4282 erat
1433 4228 1522 4296 qni
1548 4229 1908 4284 testimonium
1934 4246 2055 4300 per-

465 4314 734 4383 hibuerat,
768 4333 835 4372 ne
856 4319 978 4395 quia
1009 4317 1219 4388 signum
1245 4334 1348 4373 non
1377 4317 1595 4385 fecerat,
1618 4320 1865 4390 indignus
1890 4320 2054 4377 fuisse

464 4415 745 4476 putaretur
772 4408 864 4478 qui
908 4408 1272 4465 testimonium
1300 4408 1485 4475 ferret,
1518 4409 1808 4478 adjiciunt,
1840 4411 2051 4467 etiamsi

464 4504 674 4570 signum
700 4516 808 4556 non
833 4500 1040 4566 fecerit,
1070 4517 1193 4556 vera
1217 4511 1393 4557 tamen
1430 4503 1609 4556 omnia
1636 4502 1702 4558 de
1727 4501 1944 4558 Christo
1965 4504 2049 4557 di-

461 4594 626 4660 xisse,
656 4595 729 4649 ita
772 4604 829 4647 ut
859 4610 963 4649 non
994 4595 1241 4652 Christus
1270 4612 1335 4651 ex
1364 4596 1477 4661 illo,
1508 4596 1602 4651 sed
1629 4596 1718 4651 ille
1762 4612 1833 4651 ex
1866 4599 2050 4667 operi-

460 4690 563 4744 bus
584 4690 782 4745 Christi
813 4691 917 4747 fide
941 4692 1131 4761 dignus
1154 4693 1461 4749 haberetur.
1492 4691 1580 4747 42.
1608 4692 1759 4746 Multi
1788 4711 1906 4765 ergo
1935 4712 2048 4747 cre-

462 4786 697 4837 diderunt
723 4788 777 4849 in
822 4802 957 4840 eum.
1000 4785 1161 4841 Multa
1189 4787 1330 4841 enim
1365 4787 1485 4839 illos
1509 4785 1871 4840 attrahebant.
1913 4786 2046 4841 Nam

462 4879 729 4933 recordati
758 4888 884 4934 sunt
916 4880 1203 4934 verborum
1236 4881 1351 4948 ejus
1372 4922 1387 4945 ,
1416 4895 1538 4932 cum
1569 4880 1741 4948 ipsum
1769 4895 1828 4935 se
1866 4881 2047 4935 fortio-

458 4986 574 5025 rem
600 4970 831 5035 dicebat,
858 4971 1051 5039 lucem,
1082 4972 1262 5037 vitam,
1304 4972 1577 5025 veritatem
1609 4981 1908 5041 caeteraque
1934 4990 2050 5026 om-

457 5066 568 5129 nia;
594 5064 741 5119 vocis
762 5079 975 5134 quoque
1002 5065 1233 5133 desuper
1258 5064 1432 5118 allatae
1456 5106 1470 5129 ,
1498 5064 1834 5133 Spiritusque
1869 5066 2049 5133 specie

455 5157 721 5211 columbae
744 5158 1071 5225 apparentis,
1114 5158 1391 5226 ipsumque
1420 5157 1666 5211 omnibus
1692 5157 2043 5214 ostendentis.

460 5245 541 5300 Ad
582 5245 698 5300 haec
725 5247 1103 5301 miraculorum
1147 5247 1534 5301 demonstratio
1576 5248 1894 5310 accedebat;
1941 5265 2045 5317 qua

461 5339 935 5394 confirmabantur.
956 5339 1086 5393 Nant
1106 5339 1148 5393 si
1170 5339 1382 5401 Joanni,
1406 5340 1666 5413 inquiunt,
1690 5338 2041 5403 credendum,

455 5434 627 5489 multo
656 5435 826 5504 magis
870 5432 1013 5487 huic.
1058 5430 1113 5487 Si
1151 5432 1352 5501 absque
1381 5432 1546 5502 signis
1576 5431 1648 5485 illi
1697 5432 2043 5494 credidimus,

450 5528 626 5582 multo
656 5526 826 5595 magis
856 5525 1002 5589 huic,
1030 5523 1121 5594 qui
1150 5525 1293 5579 illius
1314 5522 1621 5579 testimonio
1641 5523 1962 5587 celebratus,
1993 5530 2047 5577 et

451 5633 519 5671 ex
542 5618 707 5687 signis
735 5618 1132 5673 demonstratus
1161 5624 1263 5672 est.

526 5707 892 5777 Tranquillitas
920 5720 1169 5780 quantum
1199 5711 1384 5762 animce
1413 5710 1588 5774 prosit.
1620 5708 1802 5761 Anima
1829 5723 1860 5759 α
1889 5723 2046 5776 nego-

456 5800 537 5863 tiis
560 5814 765 5866 vacans,
794 5801 845 5853 in
872 5812 1019 5870 portu
1041 5801 1197 5854 sedet.
1230 5800 1502 5854 Mulierum
1527 5799 1840 5868 ofﬁcium.——
1856 5797 2041 5854 Videt?

1219 337 1270 392 S.
1312 336 1587 393 JOANNIS
1624 334 2097 394 CHRYSOSTOMI
2137 336 2452 395 ARCHIEP.
2494 338 3027 398 CONSTANTINOP.

3696 347 3799 402 διο

2212 460 2467 519 quantum
2498 452 2602 507 illis
2630 453 2775 507 locus
2817 454 3107 522 profuerit,
3140 466 3394 527 quantum
3445 464 3797 531 sequestratio

2210 556 2239 591 a
2278 541 2406 595 viris
2450 543 2749 611 improbis?
2790 544 2914 599 Ideo
2956 546 3074 600 illos
3116 547 3418 618 frequenter
3454 552 3521 606 ab
3574 556 3793 608 istorum

2208 634 2479 688 consortio
2508 635 2743 689 abducit.
2778 636 2928 703 Quod
2976 639 3136 692 etiam
3175 642 3227 694 in
3260 643 3423 697 veteri
3460 644 3573 714 lege
3602 643 3796 701 fecisse

2206 724 2644 792 deprehenditur.
2673 726 2887 783 Judteos
2916 730 3102 799 procul
3123 732 3190 786 ab
3210 731 3471 805 [Egyptiis
3498 736 3549 789 in
3580 737 3794 791 deserto

2207 815 2523 885 informans,
2546 828 2598 872 et
2624 820 2773 875 sicin
2801 822 3048 877 omnibus
3066 823 3367 883 instituens.
3395 827 3447 882 ld
3470 830 3609 898 quod
3632 832 3792 885 etiam

2206 908 2363 962 nobis
2388 909 2685 964 faciendum
2717 914 2923 978 suadet,
2950 916 3144 984 jubens
3172 917 3345 973 forum
3372 920 3561 983 vitare,
3596 924 3791 975 tumul-

2205 1007 2422 1069 tumque
2450 1010 2504 1056 et
2531 1004 2760 1069 turbam,
2788 1014 2947 1075 atque
2970 1007 3020 1061 in
3048 1008 3295 1064 cubiculo
3312 1012 3593 1082 tranquille
3608 1029 3784 1070 orare.

2203 1090 2451 1147 Navicula
2479 1095 2622 1149 enim
2648 1104 2962 1167 tempestate
2982 1114 3088 1153 non
3114 1101 3329 1171 agitata,
3363 1104 3597 1159 secundo
3627 1118 3789 1160 vento

2201 1185 2414 1253 navigat
2447 1203 2460 1239 :
2493 1188 2777 1257 animaque
2804 1204 2834 1242 a
2864 1190 3090 1260 negotiis
3120 1207 3317 1249 vacans
3344 1197 3395 1248 in
3428 1206 3581 1264 portu
3611 1197 3782 1252 sedet.

2200 1275 2432 1347 Ideoque
2477 1279 2729 1335 mulieres
2792 1280 3143 1353 philosophiae
3181 1286 3350 1355 magis
3396 1286 3603 1342 deditas
3664 1304 3786 1346 esse

2198 1378 2492 1439 oporteret,
2523 1387 2682 1439 quam
2707 1372 2871 1439 viros,
2894 1389 3014 1444 quae
3035 1376 3113 1430 rei
3144 1375 3388 1433 familiari
3409 1388 3469 1434 ut
3498 1381 3782 1449 plurimum

2198 1462 2531 1519 incumbunt.
2562 1464 2651 1520 Sic
2679 1465 2845 1523 Jacob
2870 1469 3163 1540 simplicior
3188 1473 3307 1537 fuit,
3339 1473 3429 1543 qui
3452 1474 3597 1529 domi
3628 1474 3781 1531 babi-

2197 1562 2367 1619 taret,
2416 1570 2446 1610 a
2494 1556 2807 1613 tumultibus
2854 1558 3010 1614 liber.
3041 1560 3225 1632 Neque
3272 1564 3413 1618 enim
3462 1565 3579 1621 sine
3621 1582 3779 1621 causa

2196 1646 2311 1702 haec
2338 1646 2612 1717 Scriptura
2656 1650 2808 1716 dixit,
2843 1649 3096 1707 Habitans
3129 1654 3333 1709 domum
3363 1656 3515 1727 (Gen.
3546 1658 3637 1714 25.
3664 1659 3776 1730 27).

2194 1739 2354 1809 Atqui
2379 1739 2522 1795 domi
2545 1742 2726 1806 etiam,
2758 1743 2988 1813 inquies,
3023 1760 3247 1817 magnus
3273 1750 3553 1805 tumultus.
3600 1750 3777 1820 Siqui-

2191 1829 2311 1884 dem
2344 1838 2399 1885 tu
2429 1832 2527 1896 vis,
2556 1843 2613 1887 et
2639 1833 2832 1889 multas
2862 1835 2955 1889 tibi
2980 1837 3204 1893 attrabis
3227 1854 3401 1896 curas.
3428 1841 3522 1896 Vir
3546 1854 3694 1899 certe
3722 1846 3776 1900 in

2190 1920 2367 1975 medio
2395 1922 2531 1990 loro,
2563 1932 2619 1978 et
2647 1938 2744 1994 pro
2771 1926 3042 1994 tribunali,
3067 1930 3304 1984 externis
3327 1932 3485 1987 rebus
3510 1937 3657 2003 quasi
3679 1937 3776 1989 litt-

2188 2011 2361 2068 ctibus
2387 2013 2616 2084 agitatur
2647 2032 2661 2067 :
2688 2016 2881 2073 mulier
2898 2034 3046 2086 vero,
3076 2034 3170 2076 seu
3197 2021 3250 2075 itt
3280 2024 3510 2093 quodam
3540 2025 3775 2095 philoso-

2187 2104 2328 2174 phiae
2354 2108 2650 2177 gymnasio,
2684 2108 2828 2163 domi
2856 2111 3071 2177 sedens,
3104 2123 3336 2169 mentem
3367 2117 3643 2187 colligens,
3677 2135 3773 2188 po-

2188 2196 2308 2250 terit
2346 2208 2399 2249 et
2428 2198 2678 2266 precibus
2716 2209 2773 2254 et
2818 2200 3033 2256 lectioni
3058 2206 3375 2275 cwterisque
3422 2208 3772 2279 philosophiae

2184 2288 2452 2344 exercitiis
2482 2290 2810 2347 incumbere.
2839 2294 2916 2348 Ac
2941 2296 3384 2363 quemadmodum
3408 2301 3441 2353 ii
3479 2302 3567 2369 qui
3588 2302 3772 2358 deser-

2185 2391 2295 2435 tum
2327 2382 2581 2449 incolunt,
2611 2398 2641 2437 a
2673 2384 2887 2439 nemine
2906 2386 3222 2442 turbantur:
3246 2389 3322 2444 sic
3344 2392 3534 2447 mulier
3558 2408 3770 2465 semper

2182 2473 2323 2527 intus
2355 2488 2597 2539 manens,
2630 2484 2885 2545 perpetua
2909 2480 3102 2547 poterit
3130 2478 3230 2534 frui
3266 2483 3667 2551 tranquillitate.
3709 2487 3767 2542 Si

2180 2567 2393 2636 quando
2419 2579 2597 2622 autem
2614 2568 2775 2624 domo
2803 2571 2870 2625 sit
2889 2572 3211 2639 exeundum,
3235 2574 3377 2629 nulla
3411 2576 3532 2630 inde
3560 2588 3766 2646 pertur-

2179 2656 2409 2714 bationis
2439 2675 2621 2715 causa.
2647 2661 2773 2717 Sive
2798 2662 2939 2717 enim
2969 2663 3020 2717 in
3051 2664 3331 2719 ecclesiam
3373 2668 3621 2733 veniant,
3652 2670 3764 2725 sive

2176 2751 2242 2805 ad
2266 2752 2511 2807 balneum
2558 2754 2627 2808 sit
2676 2755 3036 2825 pergendum,
3076 2772 3219 2826 saepe
3247 2766 3507 2826 coguntur
3548 2759 3759 2829 qttidem

2174 2843 2427 2898 mulieres
2457 2844 2604 2898 exire
2636 2862 2650 2897 ε
2688 2853 2744 2897 ut
2768 2844 3051 2915 plurimum
3078 2855 3253 2901 autem
3283 2846 3426 2901 domi
3453 2849 3601 2903 sedet
3640 2866 3759 2903 tnu-

2174 2933 2295 2998 lier,
2326 2944 2606 3003 potestque
2638 2935 3025 3004 philosophari,
3056 2936 3541 3008 adventantcmque
3584 2940 3754 2995 virum

2174 3027 2542 3095 perturbatum
2587 3028 2795 3092 sedare,
2827 3043 3189 3097 compescere,
3222 3028 3523 3098 superfluos
3550 3046 3611 3083 ac
3640 3047 3757 3084 mo-

2170 3118 2333 3174 lestos
2360 3120 2477 3189 ejus
2505 3121 2769 3190 cogitatus
2788 3120 3086 3201 eliminqe,
3115 3131 3170 3175 et
3196 3122 3275 3178 sic
3303 3137 3487 3177 rursus
3513 3124 3756 3180 emittere

2169 3214 2315 3268 curis
2342 3214 2393 3267 in
2434 3212 2554 3268 foro
2588 3214 2853 3283 susceptis
2895 3228 3116 3269 vacuum
3139 3256 3155 3281 ,
3194 3224 3249 3270 et
3278 3215 3417 3271 bona
3462 3232 3580 3287 qua:
3609 3216 3753 3272 domi

2168 3304 2356 3359 didicit
2384 3320 2565 3359 secum
2598 3304 2879 3360 ferentem.
2903 3304 3043 3359 Nihil
3069 3308 3234 3374 enim,
3269 3306 3399 3361 nihil
3427 3308 3612 3378 utique
3640 3307 3751 3362 for-

2167 3396 2273 3450 tius
2304 3395 2527 3450 muliere
2574 3395 2656 3465 pia
2703 3406 2758 3450 et
2808 3396 3104 3466 prudente,
3158 3406 3217 3451 ut
3254 3399 3425 3452 virum
3470 3400 3747 3467 informet,

2165 3486 2387 3556 ejusque
2415 3487 2669 3551 animam,
2704 3496 2760 3541 ut
2780 3488 3029 3554 voluerit,
3065 3489 3326 3544 instituat.
3360 3490 3477 3545 Non
3505 3493 3710 3547 amicos
3729 3534 3745 3559 ,

2165 3593 2271 3633 non
2299 3579 2569 3644 doctores,
2592 3594 2698 3633 non
2724 3580 2991 3649 principes
3012 3581 3234 3650 perinde
3258 3582 3412 3647 feret,
3444 3591 3501 3637 ut
3528 3599 3746 3639 uxorem

2164 3681 2492 3734 monentem,
2521 3680 2572 3726 et
2594 3671 2876 3725 consilium
2895 3671 3128 3727 dantem.
3160 3672 3376 3728 Monitio
3404 3673 3601 3744 quippe
3629 3676 3747 3730 talis

2162 3778 2283 3818 cum
2311 3763 2538 3834 quadam
2570 3763 2841 3832 voluptate
2869 3765 3152 3833 conjuncta
3179 3772 3292 3831 est,
3318 3764 3460 3835 quod
3489 3765 3576 3821 illa
3605 3767 3745 3821 mul-

2162 3864 2274 3911 tum
2312 3865 2539 3912 ametur.
2591 3856 2782 3911 Multos
2831 3871 3045 3926 possem
3094 3856 3287 3913 afferre
3319 3862 3464 3913 viros
3500 3874 3740 3928 asperos,

2161 3951 2567 4022 immorigeros,
2601 3950 2669 4005 ab
2717 3951 2969 4006 uxoribus
3018 3952 3305 4023 mitigatos.
3352 3952 3497 4010 Uxor
3538 3955 3637 4009 viri
3690 3965 3745 4012 ct

2161 4059 2361 4099 mensa:
2386 4053 2442 4099 et
2481 4044 2601 4099 lecti
2644 4054 2699 4099 et
2735 4044 3030 4100 liberorum
3071 4047 3456 4115 procreationis
3498 4063 3739 4117 consors,

2159 4136 2272 4206 ipsa
2294 4136 2505 4191 conscia
2536 4134 2800 4191 dictorum
2822 4146 2876 4192 et
2893 4151 3231 4203 arcanorum,
3255 4139 3526 4209 ingressus
3551 4151 3605 4196 et
3624 4142 3742 4196 exi-

2160 4235 2267 4293 tus,
2310 4228 2767 4299 plurimorumque
2792 4228 3043 4297 aliorum,
3074 4229 3127 4284 in
3156 4230 3403 4286 omnibus
3432 4232 3623 4287 marito
3646 4232 3741 4287 de-

2157 4319 2289 4387 dita,
2318 4330 2375 4376 et
2402 4320 2479 4375 sic
2509 4320 2584 4375 illi
2608 4320 2815 4390 juncta,
2845 4330 2903 4376 ut
2940 4336 3035 4391 par
3064 4330 3148 4377 est
3174 4337 3369 4392 corpus
3394 4326 3551 4394 capiti
3574 4340 3737 4395 copu-

2156 4413 2276 4476 lari,
2303 4414 2347 4467 si
2388 4413 2621 4483 prudens
2644 4413 2714 4468 sit
2743 4422 2798 4468 et
2820 4412 3066 4484 diligens,
3107 4416 3225 4484 plus
3245 4430 3403 4486 quam
3428 4430 3615 4472 omnes
3648 4418 3736 4471 alii

2156 4504 2439 4575 conjugem
2471 4505 2669 4560 fovebit
2692 4514 2746 4559 et
2772 4505 2998 4559 curabit.

2226 4598 2279 4652 4.
2312 4596 2497 4652 Uxoris
2527 4597 2817 4650 christianw
2840 4596 3022 4667 agendi
3042 4598 3173 4651 ratio
3199 4598 3365 4667 qualis
3390 4614 3498 4652 esse
3520 4600 3733 4663 debeat;

2154 4691 2302 4761 quale
2339 4690 2405 4743 sit
2444 4690 2605 4759 ipsius
2646 4706 2817 4743 verum
2862 4690 3479 4759 decus.—-—Quamobrem
3518 4692 3729 4757 hortor,

2155 4792 2213 4836 ut
2260 4798 2477 4852 operam
2501 4782 2577 4836 illi
2606 4781 2682 4836 rei
2713 4782 2861 4847 deut,
2893 4794 2948 4836 et
2974 4799 3092 4852 qua:
3122 4784 3314 4838 decent
3352 4784 3626 4838 suadeant.
3672 4786 3734 4840 Ut

2155 4877 2295 4930 enim
2327 4875 2392 4928 ad
2422 4876 2668 4928 virtutem
2695 4890 2847 4935 uxor,
2872 4875 2950 4929 sic
2979 4884 3032 4929 et
3055 4875 3121 4928 ad
3165 4877 3453 4945 nequitiam
3486 4879 3733 4932 inducen-

2155 4968 2276 5021 dam
2309 4968 2527 5021 multam
2558 4968 2663 5020 vim
2711 4967 2882 5021 habet.
2931 4967 3117 5021 Mulier
3170 4969 3515 5033 Absalonem,
3546 4971 3733 5024 mulier

2154 5065 2452 5116 Amnonem
2500 5061 2750 5130 perdidit,
2806 5061 2998 5115 mulier
3041 5061 3235 5116 Jobum
3283 5063 3507 5131 perdere
3549 5075 3733 5117 conata

2154 5165 2237 5209 est
2265 5172 2277 5208 :
2308 5170 2441 5209 uxor
2468 5154 2719 5209 Nabalem
2747 5171 2774 5207 a
2797 5155 2941 5209 cmde
2957 5156 3170 5225 eripuit,
3196 5157 3389 5210 mulier
3411 5168 3572 5212 totam
3603 5174 3734 5226 gen-

2154 5254 2259 5299 tem
2297 5246 2547 5299 servavit.
2579 5245 2711 5299 Nam
2742 5245 2947 5299 chora
2977 5255 3032 5300 et
3078 5244 3258 5300 Judith
3282 5288 3295 5308 ,
3325 5255 3380 5301 et
3407 5247 3526 5300 alia:
3556 5248 3735 5300 multze

2155 5337 2536 5405 imperatorum
2570 5336 2736 5404 probe
2774 5336 2971 5390 functae
2999 5346 3123 5391 sunt
3149 5337 3343 5391 officio.
3375 5338 3500 5393 Ideo
3546 5338 3736 5393 Paulus

2154 5430 2227 5481 ait
2257 5446 2268 5481 :
2300 5428 2435 5492 Quid
2474 5428 2605 5480 enim
2635 5428 2768 5490 scis,
2800 5428 3015 5494 mulier,
3055 5445 3122 5481 an
3148 5430 3309 5482 virum
3350 5428 3544 5482 salvum
3584 5431 3737 5500 facies

2153 5520 2234 5586 (l.
2267 5518 2384 5571 Cor.
2413 5519 2464 5571 7.
2500 5520 2630 5586 16)?
2662 5518 2874 5587 lllisqtte
2909 5519 3236 5588 temporibus
3267 5520 3515 5586 Persida,
3551 5530 3605 5575 et
3632 5521 3738 5574 Ma-

2154 5609 2291 5661 riant
2332 5619 2385 5662 et
2416 5609 2730 5671 Priscillam,
2761 5610 3066 5677 apostolicis
3092 5612 3475 5665 certaminibus
3514 5626 3573 5665 se
3599 5611 3738 5665 dedi.

2156 5700 2302 5755 disse
2335 5700 2535 5755 scimus
2562 5701 2735 5769 (Rom.
2759 5699 2868 5770 l6).
2901 5701 3045 5767 Quas
3071 5710 3122 5756 et
3149 5717 3245 5755 vos
3275 5702 3466 5756 imitari
3499 5703 3736 5766 debetis,

2157 5809 2254 5849 nec
2283 5793 2459 5848 verbis
2481 5793 2671 5861 solum,
2705 5793 2797 5849 sed
2826 5796 2984 5849 etiam
3014 5795 3264 5866 cperibus
3288 5797 3543 5867 conjuges
3569 5796 3733 5856 infor-
