4084 6360
298 475 457 528 αὐτὸν
472 473 761 545 E6u1!1]ov.
780 472 918 525 Ἀλλ’
935 474 1055 526 οὐδὲ
1069 472 1210 526 οὕτω
1222 470 1439 525 καθεῖλε
1459 469 1559 539 τὴν
1569 468 1727 534 δόξαν
1743 468 1876 521 ταύ-

295 574 396 626 την
416 558 510 608 καὶ
532 563 630 623 τὴν
660 556 935 609 ὑπόνοιαν.
965 556 1075 609 Καὶ
1101 554 1205 625 μὴν
1232 557 1281 607 εί
1312 552 1497 616 κακῶς
1512 552 1878 605 ὑπώπτευσαν

299 641 512 699 ἐκεῖνοι,
537 639 643 691 ἔδει
663 638 953 709 διορθῶσαι
973 640 1064 691 καὶ
1087 639 1282 690 εἰπεῖν’
1308 637 1464 699 Τίνος
1489 636 1677 688 ’ἑνεκεν
1705 633 1879 687 ταῦτα

300 725 534 785 ποιεῖτε;
557 721 657 774 οὐκ
685 723 806 792 ἴσην
837 720 1128 791 μαρτυρῶν
1151 721 1273 790 ἐμοὶ
1298 722 1392 773 καὶ
1416 720 1495 790 τῷ
1521 720 1692 787 Πατρί
1720 717 1881 770 δύνα-

304 822 395 876 μιν
420 805 595 858 ταῦτα
634 799 791 856 εἶπον
825 802 954 871 ἐγώ.
999 802 1113 856 Νῦν
1142 804 1199 856 δὲ
1227 805 1335 856 πᾶν
1370 802 1677 856 τούναντίον
1715 804 1879 863 ποιεῖ,

302 888 396 941 καὶ
439 888 622 957 ἵστησι
654 886 754 956 τὴν
798 886 1073 947 ὑπόνοιαν,
1104 887 1197 939 καὶ
1231 887 1520 956 συγκροτεῖ
1548 903 1561 916 ο
1583 885 1677 939 καὶ
1708 882 1883 937 ταῦτα

301 971 681 1042 ἀγριουμένων
713 970 955 1024 ἐκείνων.
990 971 1065 1023 Οὐ
1093 969 1203 1040 γὰρ
1230 971 1576 1037 ἀπολογεῖται
1610 967 1751 1033 ὑπὲρ
1772 967 1882 1021 τῶν

304 1054 608 1125 εἰρημένων
642 1054 717 1116 ὡς
751 1053 941 1114 κακῶς
982 1052 1302 1121 λεχθέντων,
1344 1051 1482 1105 άλλά
1515 1052 1610 1105 καὶ
1651 1050 1882 1112 ἐκείνοις

301 1139 552 1208 ἐπιτιμᾷ,
575 1138 651 1201 ὡς
686 1136 760 1208 μὴ
788 1137 885 1208 τὴν
918 1138 1299 1210 προσήκουσαν
1323 1148 1349 1175 ει
1373 1136 1529 1203 δόξαν
1548 1136 1730 1205 έχουσι
1754 1135 1882 1205 περί

301 1220 488 1276 αὑτοῦ.
531 1221 746 1290 Ἐπειδὴ
764 1220 873 1290 γάρ
892 1220 1096 1287 ἔλεγον,
1128 1221 1210 1272 ὅτι
1233 1220 1367 1287 Περί
1395 1220 1583 1273 καλοῦ
1602 1221 1779 1288 ἔργου
1809 1221 1881 1273 οὐ

300 1302 621 1372 ,λιθάζομέν
641 1319 734 1364 σε,
757 1304 915 1357 ἀλλὰ
934 1303 1066 1371 περὶ
1091 1302 1512 1371 βλασφημίας,
1536 1303 1631 1357 καί
1663 1303 1755 1355 ὅτι
1779 1302 1882 1355 ἀνα

300 1389 533 1453 θρωπος
554 1384 640 1437 ὢν
661 1384 849 1450 ποιεῖς
870 1386 1132 1438 σεαυτὸν
1157 1384 1325 1448 Θεὸν,
1352 1386 1579 1438 ἄκουσον
1602 1384 1654 1437 τί
1682 1402 1845 1453 φησιν
1866 1401 1878 1414 ·

303 1473 372 1525 Εἰ
385 1469 661 1535 ἐκείνους
674 1469 845 1521 εἶπεν
860 1470 899 1537 ἠ
919 1468 1131 1538 Γραφὴ
1149 1468 1344 1534 θεοὺς,
1362 1468 1511 1535 πρὸς
1524 1468 1632 1534 οὓς
1654 1472 1686 1522 ό
1701 1470 1883 1537 λόγος

303 1552 413 1606 τοῦ
447 1551 597 1607 Θεοῦ
626 1552 883 1621 ἐγένετο,
909 1551 1036 1616 πῶς
1060 1551 1232 1621 ὑμεῖς
1251 1552 1457 1620 λέγετε
1486 1550 1576 1604 ὅτι
1598 1552 1886 1619 ,βλασφη-

300 1635 414 1705 μῶ,
443 1636 533 1689 ὅτι
561 1631 751 1701 εἷπον,
780 1635 909 1701 Υίὸς
936 1634 1086 1689 Θεοῦ
1115 1638 1230 1704 ειμι
1246 1650 1263 1696 ;
1286 1635 1353 1687 Ὃ
1374 1634 1432 1687 δὲ
1454 1633 1624 1701 λέγει,
1644 1632 1883 1687 τοιοῦτόν

304 1721 453 1772 ἐστιν
472 1735 485 1749 °
516 1720 579 1772 Εί
607 1721 655 1773 οί
677 1720 858 1789 χάριτι
888 1716 1044 1771 τοῦτο
1075 1716 1352 1780 λαϐόντες,
1381 1717 1482 1770 οὐκ
1518 1716 1877 1785 ἐγκαλοῦνται

305 1801 459 1865 θεοὺς
478 1803 704 1865 ἐαυτοὺς
731 1801 1019 1865 καλοῦντες
1040 1817 1053 1830 ·
1080 1803 1109 1854 6
1135 1803 1200 1871 τῇ
1227 1799 1386 1869 φύσει
1412 1800 1571 1855 τοῦτο
1588 1799 1745 1869 ἔχων,
1765 1800 1882 1863 πῶς

303 1888 370 1942 ἂν
388 1889 475 1959 εῖη
492 1888 699 1950 δίκαιος
716 1888 1070 1958 ἐπιτιμᾶσθαι
1090 1904 1105 1953 ;
1140 1887 1280 1940 Ἀλλ’
1296 1886 1438 1940 οὑτω
1465 1888 1564 1957 μὲν
1590 1888 1690 1940 οὐκ
1708 1883 1881 1949 εἶπεν,

305 1975 533 2045 ὕστερον
563 1975 620 2028 δέ
646 1976 774 2028 αὐτὸ
799 1973 1190 2038 κατεσκεύασε,
1222 1974 1487 2045 πρότερον
1520 1975 1760 2045 χαλάσας
1792 1977 1885 2029 καί

304 2059 564 2127 καθυφεὶς
596 2058 672 2129 τῷ
692 2059 854 2128 λόγῳ,
892 2059 984 2111 καὶ
1008 2057 1177 2111 εἰπών
1197 2076 1210 2089 ·
1246 2060 1356 2111 ‘Or
1382 2063 1415 2113 ό
1438 2059 1641 2127 Πατὴρ
1672 2059 1887 2128 ἡγίασε

303 2147 400 2199 καὶ
425 2146 745 2200 ἀπέστειλε
764 2161 777 2173 ·
803 2146 897 2197 καὶ
918 2145 1459 2216 παραμυθησάμενος
1477 2146 1656 2199 αὐτῶν
1682 2146 1771 2199 τὸν
1796 2146 1886 2199 θυ-

307 2227 425 2299 μὸν,
438 2231 558 2282 τότε
573 2228 765 2295 ἐπάγει
778 2229 924 2298 σαφῆ
936 2228 1033 2299 τὴν
1043 2229 1337 2297 ἀπόφασιν.
1352 2229 1502 2292 Τέως
1519 2228 1616 2299 μὲν
1628 2228 1737 2300 γὰρ
1747 2228 1887 2282 ὥστε

301 2310 559 2380 δεχθῆναι
580 2312 671 2363 τὸν
693 2311 868 2379 λόγον,
892 2312 1273 2382 ταπεινότερον
1296 2311 1567 2383 διελέχθη’
1593 2310 1817 2383 ὕστερον
1832 2313 1887 2366 δέ

303 2395 397 2446 ἐπὶ
427 2395 488 2448 τὸ
528 2392 711 2464 μεῖζον
749 2393 911 2447 αὑτὸν
949 2394 1251 2464 ἀνήγαγεν,
1278 2394 1452 2458 οὕτως
1478 2392 1649 2449 εἰπών
1669 2410 1682 2424 ·
1713 2397 1778 2449 Εἰ
1799 2395 1886 2464 μὴ

306 2476 458 2533 ποιῶ
484 2478 557 2531 τὰ
578 2477 722 2547 ἔργα
736 2478 841 2532 τοῦ
860 2478 1095 2546 Πατρός
1109 2496 1252 2547 μου,
1271 2479 1358 2549 μὴ
1375 2480 1690 2534 πιστεύετέ
1702 2496 1822 2548 μοι·
1837 2478 1892 2533 εί

304 2560 375 2613 δὲ
408 2560 580 2623 ποιῶ,
614 2560 731 2615 κᾶν
765 2561 897 2630 ἐμοὶ
925 2562 999 2614 οὐ
1026 2563 1369 2630 πιστεύητε,
1404 2561 1531 2627 τοῖς
1556 2562 1753 2632 ἔργοις
1772 2580 1890 2631 μου

304 2645 690 2699 πιστεύσατε.
727 2644 889 2716 Ὁρᾷς
906 2643 1024 2707 πῶς
1041 2643 1203 2698 τοῦτο
1222 2646 1358 2716 ὅπερ
1383 2641 1535 2699 εἷπον
1552 2646 1891 2699 κατασκευά-

305 2728 412 2792 ζει,
434 2726 517 2779 ὅτι
549 2729 627 2789 είς
650 2726 802 2780 οὐδέν
823 2730 969 2781 ἐστιν
994 2726 1231 2781 ἐλάττων
1246 2728 1433 2793 αὐτοῦ,
1454 2730 1590 2783 ἀλλά
1616 2729 1890 2799 πανταχοῦ

306 2810 450 2873 τσοςς
484 2809 699 2878 Ἐπειδὴ
723 2808 832 2879 γάρ
848 2808 945 2881 τὴν
964 2810 1149 2864 οὐσίαν
1165 2811 1330 2864 αὐτοῦ
1359 2811 1484 2865 ἰδεῖν
1504 2814 1785 2883 ἀμήχανον
1800 2808 1890 2884 ἦν,

304 2894 413 2946 ἀπὸ
428 2894 527 2963 τῆς
540 2892 648 2945 τῶν
665 2893 841 2963 ἔργων
866 2895 1106 2964 ἰσότητός
1126 2913 1186 2949 τε
1206 2896 1301 2949 καὶ
1316 2897 1641 2967 ταυτότηττκ
1654 2898 1753 2967 τὴν
1765 2898 1894 2951 6.116—

303 2975 470 3039 δειξιν
489 2978 587 3046 τῆς
613 2977 754 3030 κατὰ
778 2977 875 3049 τὴν
901 2977 1547 3051 δύναμινάπαραλλαξίας
1572 2982 1889 3052 παρέχεται.

375 3064 447 3127 γ’.
462 3060 635 3112 Καὶτί
654 3061 1039 3131 πιστεύσομεν,
1057 3065 1180 3116 εἰπέ
1201 3064 1360 3128 ;“Οτι
1374 3064 1489 3133 ἐγὼ
1502 3067 1572 3118 ἐν
1591 3064 1669 3130 τῷ
1687 3067 1890 3134 Πατρί,

305 3143 406 3196 καί
433 3146 466 3197 ό
485 3143 688 3212 Πατὴρ
709 3145 780 3198 ἐν
803 3146 951 3215 ἐμοί.
997 3146 1162 3200 Οὐδὲν
1186 3149 1293 3219 γάρ
1322 3149 1447 3203 ἄλλο
1474 3148 1605 3218 ἐγὼ,
1637 3149 1671 3219 ἦ
1700 3150 1839 3220 ὅπερ
1863 3150 1892 3202 6

306 3226 519 3298 Πατὴρ,
551 3226 727 3297 μένων
750 3228 876 3293 Υἰός
897 3246 911 3260 ο
935 3230 1090 3284 οὐδὲν
1118 3231 1246 3286 ἄλλο
1268 3235 1495 3295 ἐκεῖνος,
1523 3234 1556 3303 ἦ
1581 3235 1719 3303 ὅπερ
1752 3232 1887 3302 ἐγὼ,

310 3310 490 3379 μένων
524 3310 733 3381 Πατήρ.
756 3312 876 3365 Κᾶν
914 3314 1015 3384 ἐμὲ
1065 3314 1180 3384 γνῷ
1222 3332 1324 3379 τις,
1353 3315 1445 3368 τὸν
1477 3316 1699 3387 Πατέρα
1729 3316 1890 3385 ἔγνω,

308 3395 404 3446 καὶ
435 3394 528 3446 τὸν
557 3394 684 3446 Υίδν
714 3394 936 3464 ἔμαθεν.
970 3397 1033 3451 Εἰ
1059 3398 1116 3452 δὲ
1138 3398 1396 3452 ἐλάττονα
1422 3395 1490 3469 ῆν
1518 3399 1586 3452 τά
1607 3400 1708 3469 τῆς
1732 3400 1892 3453 δυνά-

312 3493 479 3546 μεως,
507 3480 598 3530 καὶ
623 3477 692 3530 τά
720 3478 818 3549 τῆς
849 3480 1104 3548 γνώσεως
1123 3482 1429 3552 διέψευστο.
1450 3482 1585 3536 Οὐδὲ
1608 3482 1718 3551 γὰρ
1747 3483 1895 3536 ἔστιν

309 3562 476 3633 ἀλλην
521 3563 587 3615 δι’
638 3562 807 3633 ἄλλης
838 3563 963 3617 οὐτε
1014 3565 1204 3619 οὐσίαν
1249 3566 1374 3621 οὔτε
1414 3567 1643 3636 δύναμιν
1678 3568 1890 3637 μαθεῖν.

323 3642 665 3713 Ἠθέλησαν
685 3642 798 3702 οὖν
820 3648 1007 3702 αὐτὸν
1027 3649 1261 3713 πιάσαι,
1289 3649 1387 3704 καὶ
1406 3650 1668 3718 ἐξῆλθεν
1690 3651 1759 3704 ἐκ
1782 3650 1896 3719 τῆς

309 3730 508 3797 χειρὸς
532 3728 751 3792 αὐτῶν.
779 3730 875 3787 καὶ
901 3730 1175 3800 ἀπῆλθεν
1201 3732 1391 3803 πέραν
1422 3732 1531 3786 τοῦ
1572 3732 1891 3803 Ἰορδάνου,

310 3812 463 3865 ὅπου
485 3807 564 3881 ἦν
597 3811 1182 3879 ἰωάννηςβαπτίζων
1203 3817 1267 3869 τὸ
1293 3819 1605 3885 πρότερον,
1623 3817 1723 3870 καί
1745 3820 1895 3871 πολ-

310 3894 407 3947 λοὶ
433 3891 627 3963 ἦλθον
656 3894 805 3963 πρὸς
830 3899 1036 3961 αὑτὸν,
1079 3900 1175 3952 καί
1221 3900 1459 3968 ἔλεγον
1485 3900 1575 3954 ὅτι
1622 3900 1895 3968 Ἰωάννης

311 3982 561 4048 ἐποίησε
609 3982 863 4050 σημεῖον
917 3984 1127 4038 οὐδέν’
1192 3985 1390 4039 πάντα
1438 3987 1507 4040 δὲ
1561 3986 1679 4040 ὅσα
1724 3983 1897 4040 εἶπεν

325 4064 597 4131 Ἰωάννης
650 4066 784 4132 περὶ
834 4067 1042 4132 αὐτοῦ,
1086 4068 1260 4122 ἐστὶν
1312 4069 1534 4139 ἀληθῆ.
1586 4072 1755 4127 Ὅταν
1788 4076 1897 4145 γάρ

311 4165 364 4200 τι
408 4148 550 4217 μέγα
588 4151 684 4201 καὶ
726 4148 930 4219 ὑψηλὸν
978 4150 1297 4222 φθέγξηται,
1339 4154 1615 4226 ἀναχωρεῖ
1662 4156 1895 4226 ταχέως,

312 4230 546 4294 ἐνδιδοὺς
582 4230 765 4284 αὐτῶν
798 4233 875 4303 τῷ
921 4234 1079 4305 θυμῷ
1125 4233 1267 4288 ὥστε
1301 4235 1561 4305 λωφῆσαι
1593 4238 1688 4291 καὶ
1739 4240 1897 4310 λῆξαι

312 4315 374 4367 τὸ
408 4313 579 4377 πάθος
626 4314 714 4367 διά
764 4318 863 4386 τῆς
911 4316 1178 4381 ἀπουσίας
1226 4319 1428 4372 αὐτοῦ·
1469 4319 1497 4370 ὃ
1533 4319 1595 4391 δὴ
1637 4321 1732 4375 καὶ
1775 4324 1895 4376 τότε

313 4398 559 4467 ἐποίησε.
592 4398 748 4462 Τίνος
777 4398 833 4451 δὲ
873 4398 1057 4453 ἕνεκεν
1085 4402 1177 4455 τὸν
1217 4402 1382 4455 τόπον
1432 4404 1460 4455 ὁ
1502 4403 1897 4474 εὐαγγελιστὴς

312 4481 493 4549 λέγεις
556 4482 673 4536 Ἵνα
734 4481 912 4554 μάθῃς
961 4483 1044 4536 ὅτι
1103 4482 1192 4537 διὰ
1247 4483 1405 4537 τοῦτο
1453 4485 1698 4556 ἀπῆλθεν
1756 4490 1893 4555 ἐκεῖ,

312 4566 746 4637 ἀναμιμνήσκων
789 4566 985 4629 αὐτοὺς
1011 4566 1122 4620 τῶν
1158 4568 1276 4620 ἐκεῖ
1317 4568 1626 4639 γενομένων
1650 4587 1710 4623 τε
1742 4571 1893 4643 [565]

314 4650 407 4702 καὶ
428 4648 725 4719 λεχθέντων
753 4650 903 4723 παρὰ
944 4648 1319 4716 Ἰωάννου,καὶ
1339 4652 1437 4721 τῆς
1469 4654 1779 4724 μαρτυρίας
1799 4655 1897 4724 τῆς

311 4732 544 4786 ἐκείνου.
601 4733 876 4797 Ἐλθόντες
900 4733 1031 4803 γοῦν
1063 4736 1201 4799 ἐκεῖ,
1232 4734 1437 4799 εὐθέως
1475 4738 1898 4809 ἀνεμνήσθησαν

310 4816 409 4869 τοῦ
453 4816 698 4870 Ἰωάννου
719 4833 733 4847 ·
762 4818 850 4872 διὰ
879 4818 1037 4873 τοῦτο
1060 4820 1154 4872 καὶ
1185 4817 1457 4889 λέγουσιν,
1487 4822 1572 4875 ὅτι
1607 4810 1901 4891 Ἰωάννης

309 4900 429 4969 μὲν
454 4901 639 4954 οὐδὲν
662 4901 918 4969 σημεῖον
943 4902 1234 4969 ἐποίησεν
1251 4921 1265 4934 ο
1300 4905 1422 4956 ἐπεὶ
1448 4907 1580 4959 ποία
1607 4905 1899 4969 ἀκολουθία

312 4982 471 5036 τοῦτο
488 4978 557 5052 ἦν
585 4986 898 5054 προσθεῖναι
918 5003 932 5050 ;
956 4984 1071 5038 ἀλλ’
1098 4986 1286 5057 ἐπειδὴ
1317 4989 1345 5040 6
1374 4988 1542 5051 τόπος
1579 4988 1777 5054 αὐτοὺς
1820 4992 1900 5054 εἰς

316 5067 545 5136 μνήμην
569 5068 747 5135 ἤγαγε
777 5068 873 5121 τοῦ
906 5070 1236 5133 Βαπτιστοῦ,
1270 5071 1371 5123 καὶ-
1395 5073 1475 5134 εἰς
1505 5072 1603 5143 τὴν
1631 5074 1729 5144 τῆς
1760 5092 1900 5146 μαρ-

311 5154 515 5223 τυρίας
552 5152 717 5206 αὐτοῦ
772 5156 993 5226 μνήμην
1036 5150 1219 5225 ἦλθον.
1255 5157 1396 5226 Ὅρα
1443 5157 1500 5210 δὲ
1549 5158 1667 5221 πῶς
1714 5159 1900 5211 συλλο-

311 5237 549 5305 γισμοὺς
592 5236 885 5290 πλέκουσιν
930 5238 1466 5309 ἀναμφισϐητήτους.
1508 5241 1761 5313 Ἰωάννης
1803 5244 1899 5311 μὲν

312 5322 541 5389 σημεῖον
597 5321 749 5375 οὐδὲν
807 5321 1096 5389 ἐποίησενο
1153 5316 1307 5386 οὗτος
1368 5324 1425 5377 δὲ
1483 5328 1662 5389 ποιεῖ,
1713 5327 1898 5395 φησίν,

311 5404 535 5457 Οὐκοῦν.
564 5406 862 5460 κάντεῦθεν
898 5408 931 5477 ή
962 5408 1203 5478 ὑπεροχὴ
1242 5408 1537 5463 δείκνυται.
1594 5411 1657 5463 Εἰ
1694 5411 1899 5474 τοίνυν,

312 5489 527 5541 ἐκείνου
564 5494 792 5561 σημεῖον
833 5492 982 5547 οὐδὲν
1022 5495 1369 5562 ποιήσαντος,
1414 5494 1817 5565 ἐπιστεύσαμεν
1849 5497 1899 5559 ι),

311 5572 496 5642 πολλῷ
542 5575 741 5643 μᾶλλον
775 5576 969 5647 τούτῳ.
1009 5572 1161 5640 Εἶτα,
1199 5578 1387 5648 ἐπειδὴ
1426 5579 1587 5640 αὐτὸς
1620 5574 1734 5649 ἦνὸ
1763 5598 1901 5652 μαρ-

310 5657 684 5728 τυρήσας,ῖνα
704 5660 779 5731 μὴ
795 5661 856 5713 τὸ
873 5665 1098 5731 σημεῖον
1122 5662 1280 5715 αὐτὸν
1302 5663 1375 5732 μὴ
1396 5666 1757 5733 πεποιηκέναι
1776 5664 1902 5736 δόξῃ

376 5782 410 5842 ⁸.
438 5778 789 5840 Προσήκουσαν
812 5779 959 5829 deest
984 5781 1032 5828 in
1056 5779 1363 5842 quibusdam.
1428 5779 1457 5819 Β
1484 5780 1563 5829 Sic
1591 5794 1717 5829 unus
1746 5782 1902 5830 codex

315 5839 548 5896 Optimus.
573 5847 631 5890 (τι.
647 5842 719 5887 sic
744 5842 1004 5898 legendum
1028 5839 1319 5903 opinabatur
1342 5842 1573 5899 Savilius,
1596 5856 1710 5891 mss.
1737 5851 1904 5891 aucto-

318 5902 463 5965 mm:
489 5901 774 5965 destitutus.
793 5902 947 5963 Vulgo
971 5905 1271 5951 ἐπίστευσαν.
1305 5905 1456 5953 Paulo
1479 5913 1587 5965 post
1612 5904 1783 5952 Morel.
1817 5905 1903 5951 αῦ-

319 5962 396 6025 τον
429 5964 755 6020 πεποιηκέναι,
791 5970 844 6011 et
876 5962 985 6012 mox
1016 5966 1267 6025 ἐπήγαγεν,
1302 5968 1446 6014 male.
1481 5962 1692 6019 Vlbidmn.
1716 5967 1902 6021 ἀνάξιον

321 6024 403 6078 τὴν
446 6024 719 6089 μαρτυρίαν,
746 6026 847 6089 legi
891 6028 941 6075 in
980 6030 1161 6086 ρυευδι.
1184 6024 1237 6076 ω
1259 6030 1397 6079 Juau.
1426 6037 1651 6079 lL‘ahlUl‘.
1676 6030 1789 6079 Sav.

1358 348 1423 403 IN
1472 345 1789 404 JOANNEM
1829 342 2065 401 HOMIL.
2108 344 2245 400 LXI.
2273 345 2346 401 al.
2378 345 2497 427 LX.‘

3463 346 3588 401 διο·

1984 466 2199 532 ἀνάξιον
2228 468 2327 539 τῆς
2364 469 2666 541 μαρτυρίας
2699 466 3045 536 ἀποφαίνειν.
3065 466 3363 536 ἐπήγαγον·
3388 465 3451 518 Εἰ
3478 466 3579 518 καὶ

1985 554 2209 623 σημεῖον
2233 552 2386 606 οὐδὲν
2412 553 2691 623 ἐποίησεν,
2709 550 2825 604 ἀλλ’
2845 552 2994 620 ὅμως
3021 550 3201 604 πάντα
3216 550 3479 619 ἠλήθευσε
3500 548 3569 601 τά

1984 634 2113 705 περὶ
2145 634 2332 699 αὐτοῦ,
2366 636 2467 688 οὐκ
2496 635 2580 688 ἐτι
2619 633 2809 687 τοῦτον
2851 632 2912 697 ἐξ
2954 633 3186 696 ἐκείνου,
3215 632 3330 687 ἀλλ’
3364 633 3593 687 ἐκεῖνονς

1981 718 2075 787 ἀφ’
2102 713 2177 772 ὧν
2195 712 2351 782 οὗτος
2374 719 2632 789 ἐποίησεν
2655 717 2967 781 ἀξιόπιστον
2984 716 3393 784 ἀποφαίνοντες.
3418 717 3571 768 Πολ-

1979 802 2078 855 λοί
2099 803 2310 856 τοίνυν
2323 803 2701 856 ἐπίστευσαν
2721 803 2809 867 εὶς
2826 800 3034 857 αὐτόν.
3063 798 3242 853 Πολλά
3259 798 3371 869 γὰρ
3386 794 3454 868 ῆν
3473 797 3573 851 αὑ-

1981 886 2107 948 τοὺς
2127 885 2194 938 τά
2210 884 2573 955 ἐφελκόμενα.
2592 884 2703 938 Καὶ
2726 884 2835 953 γὰρ
2855 882 3164 954 ἐμέμνηντο
3180 880 3288 934 τῶν
3311 883 3377 951 ρη
3387 881 3590 948 μάτων-

1986 962 2061 1022 ὧν
2084 968 2290 1038 ἔλεγεν,
2318 969 2663 1039 ἰσχυρότερον
2686 966 2880 1021 ἐαυτοῦ
2903 966 3084 1019 καλῶν
3115 966 3297 1029 αὐτὸν,
3317 967 3410 1017 καὶ
3433 963 3570 1032 φῶς,

1988 1055 2083 1108 καὶ
2107 1054 2273 1126 ζωὴν,
2298 1054 2390 1107 καὶ
2418 1053 2695 1123 ἀλήθειαν,
2715 1053 2808 1105 καὶ
2825 1052 2895 1105 τὰ
2914 1051 3076 1103 λοιπά
3102 1052 3333 1113 ἅπαντα,
3361 1050 3571 1118 καὶτῆς

1984 1139 2166 1209 φωνῆς
2178 1138 2279 1207 τῆς
2291 1137 2495 1192 ἄνωθεν
2510 1136 2844 1207 ἐνεχθείσης,
2859 1133 3062 1188 καὶτοῦ
3079 1134 3217 1186 Πνεύ
3226 1150 3391 1201 ματος
3406 1133 3500 1185 τοῦ
3515 1135 3593 1184 ἐν.

1984 1224 2315 1293 περιστερᾶς
2346 1221 2475 1274 εῖδει
2520 1222 2779 1289 φανέντος
2810 1219 2931 1271 τότε
2976 1218 3070 1271 καὶ
3103 1218 3373 1283 δείξαντος
3411 1216 3573 1271 αὑτὸν

1984 1304 2173 1357 ἀπασιο
2191 1304 2285 1357 καὶ
2301 1303 2437 1373 μετά
2452 1304 2677 1365 τούτων,
2697 1303 2793 1373 τὴν
2807 1301 2915 1354 ἀπὸ
2925 1302 3035 1353 τῶν
3053 1300 3342 1369 θαυμάτων
3359 1300 3575 1353 ἀπόδει-

1984 1386 2066 1452 ξιν
2082 1398 2130 1450 ο,
2148 1387 2227 1449 εἰς
2242 1386 2308 1456 ἢν
2319 1385 2551 1454 ὁρῶντες
2572 1383 3118 1438 ἐϐεϐαιοῦντολοιπόν.
3136 1382 3197 1434 Εἰ
3209 1383 3317 1453 γὰρ
3332 1382 3590 1452 Ἰωάννῃη

1985 1469 2139 1539 φησὶ,
2168 1468 2445 1521 πιστεύειν
2467 1469 2651 1537 ἐχρῆν,
2673 1467 2852 1538 πολλῷ
2877 1467 3078 1539 μᾶλλον
3103 1466 3293 1535 τούτῳ.
3319 1467 3381 1518 Εἰ
3405 1467 3575 1535 χωρὶς

1987 1550 2229 1621 σημείων
2245 1550 2457 1620 ἐκείνῳ,
2474 1550 2652 1619 πολλῴ
2675 1550 2875 1620 μᾶλλον
2887 1549 3079 1620 τούτῳ,
3103 1549 3239 1619 μετά
3254 1551 3352 1618 τῆς
3364 1547 3585 1600 ἐκείνου.
3612 1596 3615 1599 λ

1989 1632 2293 1703 μαρτυρίας
2317 1633 2412 1685 καὶ
2437 1633 2537 1703 τὴν
2564 1634 2671 1687 ἀπὸ
2686 1633 2794 1686 τῶν
2812 1632 3052 1703 σημείων
3083 1629 3352 1694 ἀπόδειξιν
3375 1630 3571 1700 ἔχοντι.

2064 1718 2229 1787 Ὁρᾷς
2258 1718 2382 1770 ὅσον
2412 1717 2610 1780 αὐτοὺς
2658 1716 2869 1785 ῶνησεν
2909 1718 2943 1786 ἠ
2972 1716 3101 1786 περὶ
3128 1716 3220 1768 τὸν
3252 1716 3414 1767 τόπον
3461 1716 3585 1775 δια-ις

1984 1800 2167 1871 τριϐὴ,
2215 1801 2307 1853 καὶ
2351 1802 2385 1869 ἡ
2434 1800 2542 1853 τῶν
2586 1800 2841 1871 πονηρῶν
2893 1799 3202 1870 ἀνθρώπων
3252 1798 3576 1869 ἀπαλλαγή;

1985 1883 2086 1935 Διά
2124 1882 2285 1935 τοῦτο
2329 1883 2528 1946 αὐτοὺς
2573 1883 2812 1951 συνεχῶς
2847 1883 3031 1950 ἐξάγει
3078 1882 3176 1934 καὶ
3224 1883 3425 1949 ἀπάγει
3475 1881 3587 1949 τῆς

1988 1966 2212 2020 ἐκείνων
2247 1965 2564 2029 συνουσίας·
2616 1967 2752 2035 ὅπερ
2797 1961 2890 2018 οὖν
2919 1965 3013 2018 καὶ
3043 1966 3136 2017 ἐπὶ
3188 1964 3288 2033 τῆς
3332 1963 3581 2026 Παλαιᾶς

1990 2050 2223 2119 ποιήσας
2268 2049 2537 2117 φαίνεται,
2587 2049 2775 2118 πόρρω
2821 2047 2929 2100 τῶν
2968 2047 3285 2116 Αἰγυπτίων
3340 2046 3432 2098 ἐπὶ
3477 2046 3577 2113 τῆς

1989 2134 2198 2203 ἐρήμου
2222 2132 2349 2195 τοὺς
2389 2131 2675 2195 Ἰουδαίους
2702 2130 3043 2183 διαπλάττων
3087 2132 3183 2183 καὶ
3212 2128 3488 2201 ῥυθμίζων
3520 2130 3577 2181 ἐν

1990 2214 2214 2268 ἅπασιν.
2271 2215 2337 2266 Ὃ
2366 2215 2460 2267 καὶ
2506 2216 2638 2284 ἡμῖν
2690 2216 2950 2282 παραινεῖ
2993 2216 3189 2277 ποιεῖν,
3236 2213 3441 2282 ἀγορὰς
3474 2212 3577 2281 μὲν

1990 2298 2213 2367 φεύγειν
2257 2297 2493 2351 κελεύων
2539 2298 2633 2351 καὶ
2683 2297 2948 2367 θορύϐους
2998 2299 3093 2350 καὶΙ
3124 2296 3388 2366 ταραχὰς,
3433 2298 3491 2349 ἐν
3521 2296 3587 2353 δέ,

1994 2382 2073 2450 τῷ
2120 2381 2354 2451 ταμιείῳ
2396 2381 2795 2451 προσεύχεσθαι
2853 2381 2991 2451 μετά
3022 2381 3121 2451 τῆς
3166 2382 3413 2451 ἡσυχίας.
3464 2379 3576 2432 Καὶ

1990 2465 2100 2537 γὰρ
2131 2466 2311 2520 πλοῖον
2336 2465 2584 2536 ταραχῆς
2630 2466 3071 2536 ἀπηλλαγμένον.
3105 2465 3162 2530 ἐξ
3194 2464 3383 2535 οὐρίας
3420 2463 3572 2516 πλεί’

1991 2547 2255 2619 καὶψυχὴ
2288 2548 2630 2619 πραγμάτων
2650 2546 2784 2603 οῦσα
2817 2549 2992 2612 ἐκτὸς,
3020 2550 3078 2602 ἐν
3105 2548 3286 2618 λιμένι
3320 2546 3575 2616 κάθηται.

1990 2632 2084 2685 Διὸ
2134 2632 2228 2685 καὶ
2271 2631 2369 2694 τὰς
2416 2634 2679 2699 γυναῖκας
2732 2631 3171 2702 φιλοσοφωτέρας
3214 2630 3322 2683 τῶν
3367 2629 3577 2699 ἀνδρῶν

1993 2715 2162 2787 ἐχρῆν
2212 2709 2373 2775 εἶναι,
2428 2714 2677 2785 οἰκουρίᾳ
2726 2715 3156 2785 προσηλωμένας
3218 2715 3285 2766 τὰ
3335 2714 3575 2766 πλείονα.

1993 2799 2148 2852 Οὕτω
2190 2798 2322 2866 γοῦν
2348 2798 2442 2852 καί
2469 2798 2497 2851 ὁ
2534 2798 2729 2851 Ἰακὼϐ
2781 2798 3055 2862 ἄπλαστος
3107 2798 3343 2866 ἐγένετο.
3390 2799 3591 2869 ἐπειδὴ

1995 2885 2175 2938 οἰκίαν
2221 2883 2377 2954 ᾠκει,
2431 2882 2527 2936 καὶ
2568 2882 2679 2937 τῶν
2724 2884 2782 2937 ἐν
2814 2884 2964 2954 μέσῳ
3014 2883 3257 2955 θορύϐων
3299 2884 3580 2955 ἐλεύθερος

1995 2962 2083 3037 ἦν.
2137 2967 2270 3021 Οὐδὲ
2320 2966 2430 3038 γάρ
2478 2965 2664 3030 ἁπλῶς
2717 2967 2848 3021 αὐτὸ
2890 2966 3133 3021 τέθεικεν
3182 2967 3216 3036 ή
3263 2967 3454 3037 Γραφὴ
3502 2968 3581 3020 εἰ·

1997 3050 2195 3115 ποῦσα,
2244 3048 2435 3103 Οίκῶν
2486 3050 2706 3103 οἰκίαν.
2772 3048 2934 3103 Ἀλλά
2976 3050 3071 3102 καὶ
3109 3052 3166 3103 ἐν
3199 3049 3346 3121 οἰκία
3391 3048 3592 3116 πολὺς,,

2003 3134 2189 3205 φησὶν,
2223 3135 2251 3185 6
2280 3134 2531 3205 069060;.
2573 3133 2791 3204 Ἐπειδὴ
2819 3135 2885 3189 σὺ
2931 3126 3130 3205 βούλει,
3165 3135 3259 3188 καὶ
3300 3137 3591 3207 περιιστᾷς¹

2002 3220 2170 3288 σαυτῇ
2206 3217 2502 3287 φροντίδων
2531 3216 2712 3286 ὄχλον.
2751 3218 2812 3271 '0
2850 3218 3076 3289 μὲνγὰρ
3116 3219 3255 3289 ἀνὴρ
3298 3219 3356 3272 ἐν
3388 3219 3584 3289 μέσαις

1997 3300 2363 3369 στρεφόμενος
2394 3301 2514 3363 ταῖς
2555 3301 2783 3371 ἀγοραῖς
2829 3301 2923 3356 καί⁵
2962 3301 3348 3374 δικαστηρίοις,
3395 3301 3601 3373 ὥσπερ,

1995 3382 2101 3435 ὐπό
2146 3399 2310 3436 τινων
2354 3382 2619 3452 κυμάτων
2664 3384 2780 3436 τῶν
2813 3383 3013 3448 ἔξωθεν
3063 3384 3465 3455 περιαντλεῖται
3495 3386 3583 3438 θο-

2001 3465 2183 3534 ρύϐων
2205 3483 2218 3496 ·
2251 3467 2284 3535 ἡ
2332 3466 2390 3519 δέ
2433 3466 2572 3536 γυνὴ
2597 3466 2847 3536 καθάπερ
2872 3467 2929 3518 ἐν
2960 3484 3065 3519 τινι
3108 3468 3464 3538 διδασκαλείῳ
3491 3486 3583 3537 φι-

1999 3547 2256 3615 λοσοφίας
2281 3550 2347 3619 τῇ
2380 3549 2526 3619 οἰκίᾳ
2559 3549 2867 3619 καθημένη,
2894 3551 2987 3602 καὶ
3015 3550 3105 3602 τὸν
3132 3550 3255 3602 νοῦν
3281 3552 3586 3619 συνάγουσα

1999 3633 2079 3693 είς
2127 3630 2350 3699 ἑαυτὴν,
2409 3631 2502 3683 καὶ
2557 3632 2745 3703 εὐχαῖς
2802 3632 3090 3702 προσέχειν
3115 3633 3208 3685 καὶ
3246 3634 3586 3701 ἀναγνώσεσι

2004 3713 2100 3767 καὶ
2133 3714 2200 3782 τῇ
2234 3713 2372 3785 ἄλλῃ
2408 3713 2698 3781 δυνήσεται
2738 3713 3045 3784 φιλοσοφίᾳ.
3086 3716 3194 3767 Καὶ
3247 3716 3498 3785 καθάπερ
3532 3718 3585 3767 οἰ

1996 3796 2094 3858 τὰς
2112 3796 2352 3868 ἐρήμους
2376 3795 2672 3860 οἰκοῦντες,
2691 3797 2882 3849 οὐδένα
2908 3799 3090 3868 έχουσι
3113 3798 3204 3851 τὸν
3223 3798 3545 3867 ἐνοχλοῦντα
3566 3818 3581 3830 ·

2000 3879 2151 3951 [566]
2185 3879 2329 3931 οὕτω
2357 3880 2452 3932 καὶ
2480 3879 2616 3950 αὓτη
2652 3881 2942 3944 διαπαντὸς
2970 3883 3117 3935 ἔνδον
3141 3878 3297 3946 οῦσα,
3320 3884 3584 3953 διηνεκῶς

1997 3965 2220 4017 δύναται
2248 3963 2542 4016 ἀπολαύειν
2566 3963 2826 4037 γαλήνης.
2870 3966 2932 4017 Εἰ
2973 3966 3030 4018 δέ
3067 3983 3196 4018 ποτε
3229 3966 3322 4019 καὶ
3347 3966 3584 4026 ἐξελθεῖν

1999 4047 2211 4116 ἀνάγκη
2233 4046 2433 4113 γένοιτ’
2457 4044 2544 4108 ἂν,
2574 4047 2849 4107 οὐδὲθτότε
2878 4049 2997 4100 ἐκεῖ
3025 4049 3266 4119 θορύϐων
3307 4050 3581 4115 ὑπόθεσις,

2004 4129 2073 4187 Ἢ
2104 4128 2211 4198 γὰρ
2248 4128 2539 4199 μέχριίτῆς
2583 4128 2819 4183 ἐνταῦθα
2834 4132 3162 4200 παρουσίας,
3192 4133 3225 4202 ἢ
3250 4133 3498 4202 ήνίκαάν
3524 4132 3584 4187 τὸ

2002 4212 2161 4281 σῶμα
2187 4211 2398 4280 λουτρῷ
2428 4210 2835 4281 θεραπευθῆναι
2862 4212 2977 4283 δέῃ.
3011 4215 3309 4282 ἀκαγκαῖαι
3336 4220 3457 4278 ταῖς
3483 4233 3582 4284 γυτ

2005 4297 2179 4363 ναιξίν
2212 4298 2268 4348 αἰ
2313 4295 2482 4361 ἔξοδοι
2503 4311 2517 4325 ⁸
2558 4295 2650 4347 τὸν
2679 4295 2738 4348 δὲ
2768 4296 2989 4359 πλείονα
3022 4299 3211 4368 χρόνον
3242 4298 3387 4351 ἔνδον
3416 4300 3584 4369 κάθη-

2001 4397 2114 4444 ται,
2145 4380 2241 4433 καὶ
2260 4379 2481 4431 δυνατὸν
2507 4378 2679 4449 αὐτήν
2712 4396 2772 4431 τε
2808 4381 3137 4449 φιλοσοφεῖν,
3166 4384 3259 4435 καί
3297 4383 3387 4434 τὸν
3420 4384 3586 4454 ἄνδρα

1999 4463 2322 4535 δεχομένην,
2368 4463 2785 4539 τεταραγμένον.
2831 4464 3233 4527 καταστέλλειν,
3282 4466 3586 4536 ῥυθμίζειν,

2003 4547 2358 4619 περικόπτειν
2386 4545 2551 4599 αὐτοῦ
2580 4545 2649 4599 τὰ
2688 4546 2919 4617 περιττά
2967 4548 3060 4600 καὶ
3103 4548 3270 4620 ἄγρια
3311 4551 3420 4604 τῶν
3444 4553 3587 4621 λογι-

2002 4630 2179 4700 σμῶν,
2213 4629 2308 4683 καὶ
2340 4626 2483 4681 οὕτω
2521 4628 2682 4683 πάλιν
2716 4630 3042 4699 ἐκπέμπειν,
3080 4631 3179 4685 ὅσα
3224 4632 3322 4703 μὲν
3357 4636 3464 4687 ἀπὸ
3492 4637 3589 4702 τῆς

2000 4713 2209 4784 ἀγορᾶς
2238 4711 2572 4781 ἐφελκύσατο
2595 4712 2763 4775 κακὰ,
2788 4713 3147 4784 ἀποθέμενον,
3169 4716 3270 4768 ὅσα
3290 4716 3346 4769 δὲ
3366 4718 3474 4770 ἀπὸ
3492 4720 3589 4787 τῆς

2000 4796 2177 4859 οἰκίας
2196 4794 2367 4865 ἔμαθε
2391 4794 2533 4848 καλά
2558 4794 2677 4864 μεθ’
2695 4794 2886 4848 ἐαυτοῦ
2905 4796 3158 4867 φέροντα.
3180 4799 3345 4852 Οὐδὲν
3361 4802 3489 4870 γὰρ,
3507 4803 3589 4854 οὐ-

2000 4878 2089 4933 δὲν
2123 4878 2471 4950 ἰσχυρότερον
2491 4878 2751 4947 γυναικὸς
2778 4879 3038 4943 εὐλαϐοῦς
3066 4881 3160 4934 καὶ
3186 4884 3434 4954 συνετῆς,
3453 4885 3588 4955 πρὸς

2000 4962 2063 5024 τὸ
2095 4962 2381 5033 ῥυθμίζειν
2407 4961 2595 5032 ἄνδρα,
2615 4962 2707 5015 καί
2730 4962 3078 5018 διαπλάττειν
3103 4965 3270 5019 αὐτοῦ
3295 4967 3393 5037 τὴν
3412 4968 3590 5039 ψυχὴν

2002 5048 2061 5099 ἐν
2074 5043 2160 5109 οἷς
2182 5045 2247 5099 ἂν
2267 5044 2415 5116 θέλῃ.
2442 5044 2577 5098 Οὔτε
2595 5044 2704 5116 γὰρ
2733 5044 2925 5114 φίλων,
2944 5045 3068 5099 οὐτε
3088 5049 3447 5113 διδασκάλων,
3466 5051 3587 5105 οὔτε

2005 5130 2284 5200 ἀρχόντων
2306 5129 2480 5191 οὕτως
2496 5129 2765 5195 ἀνέξεται,
2792 5130 2868 5193 ῶς
2887 5131 3269 5201 τῆςμσυνοίκου
3295 5138 3581 5205 παραινούι

2011 5231 2135 5283 σης,
2179 5212 2276 5266 καὶ
2321 5212 2815 5283 συμϐουλευούσης.
2856 5213 3009 5284 Ἔχει
3046 5217 3155 5287 γάρ
3184 5236 3307 5270 τινα
3345 5222 3438 5273 καὶ
3464 5222 3560 5291 ἡδο

2003 5298 2101 5368 νὴν
2129 5300 2164 5369 ή
2192 5297 2536 5368 παραίνεσις,
2568 5296 2658 5350 διὰ
2685 5298 2747 5349 τὸ
2781 5299 3290 5370 σφόδρατφιλεῖσθαι
3318 5304 3417 5372 τὴν
3453 5322 3583 5375 συμ-

2004 5380 2385 5435 ϐουλεύουσαν.
2418 5380 2530 5432 Καὶ
2570 5381 2801 5441 πολλοὺς
2844 5382 2910 5435 ἂν
2958 5383 3143 5452 ἔχοιμι
3168 5384 3349 5451 λέγειν
3372 5386 3590 5457 ἄνδρας

2006 5464 2275 5536 σκληροὺς
2301 5464 2396 5518 καὶ
2429 5464 2675 5528 ἀπειθεῖς
2701 5467 3195 5537 καταμαλαγέντας
3220 5469 3413 5535 οὕτως.
3440 5473 3590 5530 Αὕτη

2005 5549 2114 5618 γάρ
2151 5548 2555 5618 καὶετραπέζης
2588 5550 2738 5619 αὐτῷ
2762 5551 2856 5602 καὶ
2879 5551 3060 5620 εὐνῆς.
3096 5555 3189 5606 καί
3228 5555 3593 5622 παιδοποιίαςι

2006 5632 2111 5683 xu}
2135 5630 2313 5702 ῥητῶν
2349 5632 2445 5685 καὶ
2485 5634 2836 5706 ἀπορρήτων.
2882 5636 2973 5687 καὶ
3001 5637 3220 5689 εἰσόδων
3250 5640 3345 5693 καί
3376 5640 3593 5705 ἐξόδων.

2006 5715 2120 5767 καῖε
2156 5714 2337 5786 πολλῷ
2394 5715 2656 5771 πλειόνων
2715 5719 3049 5773 κοινωνοῦσα
3092 5722 3325 5792 ἐτέρων,
3389 5729 3483 5780 καὶ
3534 5730 3593 5779 ἐν

2006 5798 2209 5853 ἆπασιν
2252 5800 2400 5871 αὑτῷ
2443 5801 2703 5873 δεδεμένη
2756 5802 2806 5868 ἀ,
2859 5806 2954 5859 καὶ
2998 5804 3169 5871 οὕτως
3203 5809 3351 5881 αὐτῷ
3390 5828 3593 5884 συνημο

2072 5911 2094 5937 ο
2117 5908 2421 5981 ιεεζεηᾶυω.
2446 5914 2644 5981 videtur
2663 5920 2771 5981 _1ﬁ;
2800 5916 2944 5981 Δᾼιῖιπδλ
2967 5919 3064 5966 τῶν
3103 5921 3355 5981 θαυμάτων
3400 5924 3569 5972 ἀποδεῖ

2009 5970 2242 6039 ξφα-ιιι
2288 5972 2564 6039 ξυερὶςιιωι*
2604 5970 2753 6039 etiam
2793 5978 3023 6027 Savilius.
3097 5979 3121 6019 ἀ
3166 5970 3278 6034 Haec
3327 5970 3413 6035 esti
3440 5970 3627 6039 ilic-(Vilia.

2011 6033 2099 6081 cod
2154 6033 2261 6083 7025.
2296 6034 2573 6098 ngch"‘.ur
2608 6038 2850 6100 6F":y.;'vn.
2886 6040 3026 6095 F'nt.
