4084 6360
479 324 579 378 '5“

487 443 646 513 μένη,
695 441 770 505 ὡς
816 442 966 505 είκὺς
1002 442 1163 512 σῶμα
1215 441 1422 513 κεφαλῇ
1475 442 1764 512 συνῆφθαι,
1817 443 1884 496 ἂν
1925 443 2066 513 τύχῃ

482 527 677 596 συνετὴ
716 541 800 588 τις
834 521 967 578 οὖσα
999 527 1092 578 καὶ
1121 525 1385 596 ἐμμελὴς,
1420 527 1664 589 ἅπαντας
1697 528 2064 596 ὑπερϐήσεται

481 611 577 662 καὶ
605 611 824 680 νικήσει
855 611 934 670 εἰς
964 611 1063 679 τὴν
1093 610 1187 663 τοῦ
1220 611 1595 674 συνοικοῦντος
1625 611 1968 681 ἐπιμέλειαν.

549 693 612 747 δ’.
633 693 731 746 Διά
759 692 916 745 τοῦτο
936 692 1208 761 παραινῶ,
1233 693 1392 762 ἔργον
1411 693 1568 746 τοῦτο
1594 694 1859 756 τίθεσθαι,
1879 696 1973 748 καὶ
1996 696 2066 750 τὰ

478 778 665 830 δέοντα
696 776 1105 846 συμϐουλεύειν.
1139 777 1350 847 Ὥσπερ
1371 777 1478 846 γὰρ
1502 777 1636 847 πρὸς
1676 777 1899 848 ἀρετὴν,
1922 778 2065 831 οὕτω

481 863 575 914 καὶ
616 861 753 932 πρὸς
795 861 994 913 κακίαν
1047 860 1248 930 πολλὴν
1278 861 1390 930 ἔχει
1420 861 1520 930 τὴν
1557 861 1730 930 ἰσχύν.
1779 862 1926 932 Αῦτη
1974 863 2066 916 τὸν

492 942 846 1013 ’Λϐεσσαλὼμ
877 943 1179 1005 ἀπώλεσεν,
1210 943 1351 1013 αῦτη
1394 943 1484 995 τὸν
1528 943 1763 1013 Ἀμνὼν,
1807 943 1947 1015 αὕτη
1974 945 2066 998 τόν

493 1027 612 1080 Ἰὼϐ
641 1026 864 1096 ἔμελλεν
885 1043 898 1057 ’
928 1025 1066 1096 αῦτη
1108 1027 1201 1079 τὸν
1248 1026 1439 1080 Νάὁαλ
1469 1025 1749 1098 ἐξήρπασε
1779 1027 1882 1097 τῆς
1925 1045 2066 1097 σφα-

478 1111 605 1181 γῆς,
637 1109 778 1179 αὕτη
805 1108 1099 1180 ὁλόκληρον
1144 1109 1297 1171 ἔθνος
1346 1110 1592 1165 διέσωσε.
1630 1112 1740 1163 Καὶ
1782 1111 1892 1182 γάρ
1935 1110 2067 1164 A66-

479 1195 634 1265 6ώρα
685 1194 778 1246 καὶ
828 1193 1014 1245 Ἰουδὶθ
1050 1192 1261 1264 ἀνδρῶν
1296 1193 1620 1263 στρατηγῶν
1665 1193 2066 1264 κατορθώματα

479 1277 850 1342 ἐπεδείξαντο·
876 1277 970 1330 καὶ
993 1276 1150 1330 ἄλλαι
1173 1277 1229 1330 δὲ
1262 1277 1452 1348 μυρίαι
1479 1279 1754 1344 γυναῖκες.
1780 1279 1878 1330 Διά
1905 1279 2066 1331 τοῦτο

479 1363 574 1417 καί⁵
592 1361 801 1424 Παῦλός
825 1378 956 1430 φησι
975 1379 990 1392 ο
1025 1361 1084 1414 Τί
1123 1363 1232 1430 γὰρ
1250 1358 1440 1427 οἶδας,
1465 1363 1662 1431 γύναι,
1681 1367 1733 1416 ει
1755 1365 1862 1414 τὸν
1877 1362 2067 1430 ἄνδρα

477 1445 730 1509 σώσεις;
773 1447 882 1498 Καὶ
911 1445 1003 1497 ἐπὶ
1048 1445 1154 1497 τῶν
1191 1446 1398 1515 χρόνων
1440 1446 1498 1498 δὲ
1531 1447 1756 1499 ἐκείνων
1790 1447 1889 1516 τὴν
1925 1448 2060 1518 Περ⁴

477 1530 600 1582 σίδα
634 1530 728 1582 καὶ
755 1529 854 1598 τὴν
903 1528 1136 1598 Μαριάμ
1167 1531 1260 1581 καὶ
1284 1528 1382 1598 τὴν
1425 1529 1757 1599 Πρίσκιλλαν
1781 1530 2066 1584 ἀποστολι-

479 1613 592 1666 κῶν
613 1612 897 1681 ἁψαμένας
919 1613 1263 1680 σκαμμάτων
1279 1612 1514 1678 εἴδομεν.
1537 1611 1751 1682 ’Ἀσπερ
1768 1612 2066 1679 ἀναγκαῖον

479 1696 575 1750 καὶ
624 1697 769 1764 ὑμᾶς
812 1693 1026 1764 ζηλοῦν,
1080 1693 1282 1764 καὶμὴ
1331 1696 1538 1763 ῥήμασι
1573 1695 1752 1764 μόνον,
1791 1695 1925 1769 ἀλλὰ
1973 1698 2069 1749 καὶ

479 1779 771 1850 πράγμασι
804 1777 1087 1848 ῥυθμίζειν
1131 1776 1221 1830 τὸν
1256 1775 1624 1830 συνοικοῦντα.
1666 1777 1790 1841 Πῶς
1821 1780 1877 1831 δὲ
1905 1779 2068 1832 αὐτὸν

479 1861 846 1932 παιδεύσομεν
879 1861 968 1914 διὰ
1009 1861 1119 1913 τῶν
1150 1861 1529 1931 πραγμάτων;
1563 1862 1732 1915 Ὅταν
1767 1863 1827 1916 σὲ
1865 1863 1940 1935 μὴ
1971 1881 2068 1916 πο-

478 1945 652 2016 νηράν
689 1941 855 1998 οὖσαν
907 1944 1013 2014 ἴδῃ,
1072 1944 1208 2014 μηδὲ
1262 1943 1528 2013 πολυτελῆ
1577 1945 1669 1998 καὶ
1716 1945 2064 2014 φιλόκοσμον,

483 2028 620 2098 μηδὲ
639 2027 932 2098 προσόδους
963 2027 1262 2097 χρημάτων
1283 2025 1624 2080 ἀπαιτοῦσαν
1652 2030 1931 2098 περιττάς,
1953 2029 2066 2084 ἀλλ’

480 2111 827 2182 άρκουμένην
859 2113 971 2173 τοῖς
1015 2106 1165 2162 οὖσιο
1199 2108 1324 2161 τότε
1359 2110 1486 2178 γάρ,
1518 2110 1640 2161 τότε
1689 2111 1783 2163 καὶ
1826 2111 2067 2182 συμϐου-

479 2193 741 2263 λευούσης
766 2193 1034 2258 ἀνέξεται.
1076 2193 1200 2246 Ἐάν
1220 2193 1274 2244 δὲ
1301 2193 1596 2262 φιλοσοφῇς
1623 2194 1722 2262 μὲν
1754 2197 1867 2258 τοῖς
1897 2198 2070 2265 ῥήμα-

481 2296 587 2340 σιν,
627 2279 685 2330 ἐν
723 2277 781 2330 δὲ
809 2280 922 2340 τοῖς
968 2278 1258 2347 πράγμασι
1286 2277 1548 2330 τάναντία
1577 2281 1758 2348 ποιῇς,
1786 2278 2068 2347 καταγνώ-

482 2361 635 2416 σεταί
670 2378 763 2414 σου
800 2361 1067 2430 φλυαρίαν
1098 2359 1322 2431 πολλήν.
1351 2360 1518 2414 Ὅταν
1549 2360 1606 2413 δὲ
1653 2362 1793 2432 μετά
1820 2362 1930 2416 τῶν
1967 2366 2066 2434 ῥη-

483 2451 668 2520 μάτων
695 2451 787 2503 καὶ
812 2449 908 2519 τὴν
949 2448 1057 2502 ἀπὸ
1101 2450 1211 2500 τῶν
1249 2448 1427 2518 ἔργων
1464 2449 1709 2520 παρέχῃς
1747 2449 1895 2520 αὐτῷ
1922 2450 2067 2504 διδα-

481 2533 726 2593 σκαλίαν,
789 2536 908 2584 τότε
962 2534 1057 2584 καὶ
1106 2531 1428 2599 άποδέξεταί
1477 2549 1536 2585 σε
1574 2536 1669 2586 καὶ
1712 2535 2066 2604 πεισθήσεται

482 2617 681 2684 μᾶλλον
703 2632 716 2644 ·
752 2610 862 2668 οἷον
896 2615 1026 2668 ὅταν
1054 2615 1275 2684 χρυσίον
1299 2615 1374 2685 μὴ
1401 2615 1590 2687 ζητῇς,
1624 2617 1760 2687 μηδὲ
1793 2619 2066 2690 μαργαρί-

477 2717 599 2761 τας,
629 2699 764 2768 μηδὲ
797 2697 1108 2767 ἱματισμῶν
1139 2697 1492 2751 πολυτέλειαν
1513 2717 1526 2730 ·
1556 2699 1672 2754 ἀλλ’
1703 2701 1825 2754 ἀντὶ
1860 2703 2067 2755 τούτων

479 2781 833 2852 κοσμιότητα,
865 2779 1241 2852 σωφροσύνην,
1271 2781 1504 2846 εὐνοιαν,
1538 2783 1633 2837 καὶ
1675 2785 1828 2855 παρά
1859 2785 2066 2856 σαυτῆς

477 2866 650 2918 ταῦτα
689 2865 1012 2935 εἰσαγάγῃς,
1061 2865 1155 2918 καὶ
1195 2867 1325 2936 παρ’
1360 2866 1570 2920 ἐκείνου
1605 2867 1778 2922 ταῦτα
1803 2870 2060 2940 ἀπαιτῇς.

477 2951 542 3003 Εἰ
577 2951 684 3020 γάρ
723 2950 828 3019 χρή
867 2965 920 3000 τι
969 2951 1049 3012 είς
1093 2949 1387 3020 ἀρέσκειαν
1418 2955 1591 3004 ποιεῖν
1633 2953 1844 3022 ἀνδρὸς,
1886 2953 2064 3023 ψυχὴν

476 3036 576 3098 δεῖ,
604 3035 665 3087 οὐ
700 3035 860 3103 σῶμα
891 3035 1117 3103 κοσμεῖν
1141 3034 1234 3086 καὶ
1257 3033 1610 3104 διαφθείρειν.
1635 3036 1773 3088 Οὐδὲ
1796 3037 1905 3104 γὰρ
1920 3037 2063 3088 οὐτω

478 3117 700 3189 χρυσίον
718 3117 1102 3189 περικείμενον
1126 3119 1341 3185 ποιήσει
1363 3119 1667 3187 ἐπέραστον
1690 3121 1784 3172 καὶ
1808 3119 2063 3191 ποθεινὴν

479 3199 634 3271 ιεϋη
664 3199 879 3270 ικεινῳ.
917 3201 992 3262 ὼς
1033 3199 1357 3270 σωφροσύνη
1389 3201 1485 3252 καὶ
1511 3199 1694 3254 εὖνοια
1722 3203 1848 3272 περὶ
1877 3203 2060 3264 αὐτόν’

477 3285 573 3340 καὶ
593 3283 1104 3354 τὸύπεραποθανεῖν
1121 3284 1214 3337 τοῦ
1237 3284 1630 3348 συνοικοῦντος.
1654 3285 1841 3339 Ταῦτα
1862 3287 2064 3356 μᾶλλον

476 3366 754 3438 χειροῦται
778 3367 902 3430 τοὺς
926 3365 1143 3438 ἄνδρας.
1177 3367 1414 3430 Ἐκεῖνος
1437 3367 1538 3436 μὲν
1562 3368 1672 3440 γὰρ
1695 3370 1724 3420 6
1744 3369 1949 3439 κόσμος
1970 3371 2065 3424 καὶ

476 3451 841 3522 προσίσταται
865 3449 1035 3520 αὐτῷ,
1067 3451 1147 3513 είς
1177 3450 1362 3503 στενὸν
1389 3451 1457 3504 τά
1481 3453 1740 3522 χρήματα
1755 3453 1902 3524 αὐτῷ
1929 3453 2064 3506 καθ-

481 3535 654 3599 ιστάς,
679 3534 775 3590 καὶ
805 3533 1049 3604 δαπάνην
1072 3537 1165 3586 καὶ
1198 3533 1455 3605 φροντίδα
1496 3534 1700 3605 πολλὴν
1723 3535 1977 3606 παρέχων
1996 3547 2024 3576 ι
2045 3552 2060 3566 ·

475 3621 544 3672 τὰ
593 3619 651 3672 δὲ
690 3618 955 3690 εἰρημένα
987 3617 1332 3690 προσηλώσει
1363 3620 1430 3688 τῇ
1470 3621 1691 3686 γυναικὶ
1736 3619 1827 3674 τὸν
1870 3620 2060 3691 ἄνδρα.

475 3701 675 3757 Εὕνοια
703 3705 811 3772 γάρ
833 3703 927 3757 καὶ
964 3702 1114 3771 φιλία
1142 3703 1236 3755 καὶ
1267 3701 1430 3765 πόθος
1457 3702 1582 3755 οὐτε
1607 3703 1894 3776 φροντίδας
1925 3721 2066 3775 παρ-

478 3787 614 3856 έχει,
633 3785 754 3842 οὔτε
783 3786 1030 3856 δαπάνην
1068 3786 1381 3856 ἐργάζεται,
1416 3785 1555 3840 ἀλλά
1573 3788 1881 3841 τούναντίον
1898 3789 2060 3842 ἆπαν.

479 3871 746 3932 Κάκεῖνος
780 3869 879 3941 μὲν
918 3872 946 3922 6
982 3870 1188 3938 κόσμος
1219 3869 1323 3921 ὐπὸ
1367 3867 1466 3938 τῆς
1495 3869 1785 3940 συνηθείας
1831 3887 2066 3942 προσκο-

481 3953 580 4022 ρὴς
614 3953 851 4021 γίνεται·
879 3954 909 4004 ὁ
935 3952 991 4005 δὲ
1015 3955 1113 4023 τῆς
1147 3951 1324 4021 ψυχῆς
1354 3951 1476 4004 καθ’
1510 3954 1748 4022 ἑκάστην
1777 3953 1929 4006 ἀνθεῖ
1964 3953 2064 4024 τὴν

475 4035 713 4106 ἡμέραν,
753 4036 849 4090 καὶ
899 4034 1120 4106 μείζονα
1167 4035 1398 4086 ἀνάπτει
1450 4033 1550 4105 τὴν
1602 4034 1980 4104 φλόγα.”Ωστε
2014 4037 2063 4088 εἰ

478 4117 657 4186 βούλει
696 4118 850 4189 ἀνδρὶ
877 4117 1154 4187 ἀρέσκειν,
1173 4116 1366 4186 κόσμει
1389 4117 1486 4188 τὴν
1508 4117 1685 4189 ψυχὴν
1716 4117 2059 4190 σωφροσύνῃ,

478 4200 758 4272 εὐλαϐείᾳ,
793 4200 1099 4271 προστασίᾳ
1129 4199 1326 4260 οἰκίας.
1356 4199 1540 4253 Ταῦτα
1580 4202 1675 4253 καὶ
1721 4201 1920 4272 μᾶλλον
1947 4215 2063 4270 χειά

480 4284 691 4353 ροῦται,
716 4285 809 4338 καὶ
833 4284 1085 4338 οὐδέποτε
1111 4282 1361 4337 παύεται.
1387 4285 1460 4336 Οὐ
1484 4285 1662 4355 γῆρας
1688 4286 1946 4338 καταλύει
1971 4287 2061 4338 τὸν

479 4369 684 4439 κόσμον
726 4370 934 4431 τοῦτον,
966 4369 1025 4420 οὐ
1067 4368 1220 4430 νόσος
1250 4368 1533 4421 ἀπόλλυσι.
1565 4369 1665 4420 Τὸν
1699 4371 1796 4439 μὲν
1825 4371 1932 4438 γάρ
1966 4370 2060 4422 τοῦ

481 4453 728 4523 σώματος
787 4454 988 4522 κόσμον
1040 4451 1228 4521 χρόνος
1273 4451 1438 4515 πολὺς
1478 4451 1728 4517 ἐξέλυσε,
1775 4453 1870 4504 καὶ
1909 4453 2061 4514 νόσος

537 4545 564 4572 ⁸
591 4544 689 4592 Alii
713 4544 926 4607 παρέχει.

1211 327 1270 380 5.
1312 324 1603 380 .IOANNIS
1632 323 2127 380 CIIRYSOSTOMI
2165 326 2484 384 ARCHIEP.
2525 327 3083 384 CONSTANTINOP.

3645 323 3751 380 542

2169 444 2436 507 ἀνάλωσε,
2465 445 2560 497 καὶ
2585 445 2748 514 ἕτερα
2774 445 2996 496 πλείονα
3015 459 3028 472 ⁸
3052 443 3120 495 τὰ
3141 441 3197 494 δὲ
3222 441 3318 508 τῆς
3340 440 3516 510 ψυχῆς
3537 440 3752 494 πάντων

2167 529 2318 580 ἐστὶν
2362 528 2608 598 ἀνώτερα
2639 528 2863 582 τούτων.
2904 529 3169 588 Κάκεῖνος
3219 525 3316 594 μὲν
3353 527 3380 576 6
3419 523 3620 593 κόσμος
3658 525 3753 578 καὶ

2168 613 2359 680 φθόνον
2385 614 2497 683 ἔχει
2526 615 2621 666 καὶ
2655 612 2984 682 ζηλοτυπίαν
3011 611 3244 663 ἀνάπτει
3267 625 3280 638 ·
3305 604 3460 672 οὗτος
3493 604 3548 660 66
3579 608 3750 661 καθα-

2170 696 2260 765 ρός
2290 699 2404 748 ἐστι
2439 699 2762 766 νοσήματος.
2797 695 2890 748 καὶ
2925 694 3105 763 πάσης
3151 692 3496 760 ἀπήλλακται
3542 693 3753 745 κενοδο⁴

2169 777 2304 844 ξίας.
2326 779 2482 833 Οὕτω
2512 782 2606 832 καὶ
2628 779 2698 832 τά
2727 781 2868 833 κατά
2888 779 2986 850 τὴν
3011 778 3186 831 οἰκίαν
3211 775 3554 844 εὐκολώτερα
3575 776 3749 838 ἔσται,

2166 864 2261 915 καὶ
2290 865 2323 931 ὴ
2359 863 2619 932 πρόσοδος
2670 865 2786 932 μετ’
2814 862 3133 931 εὐμαρείας,
3169 861 3297 913 ὅταν
3331 858 3392 911 τὸ
3417 857 3640 928 χρυσίον
3678 858 3752 928 μὴ

2165 947 2244 1016 τῷ
2278 946 2489 1018 σώματι
2520 947 2597 1016 τῷ
2628 948 2704 1014 σῷ
2739 946 3120 1017 περικείμενον
3253 943 3385 1014 μηδὲ
3433 943 3533 1005 τάς
3564 944 3752 1012 χεῖρας

2166 1030 2220 1083 δε
2230 1031 2418 1101 σμοῦν,
2437 1030 2552 1083 ἀλλ’
2570 1033 2648 1092 εἰς
2672 1029 2976 1098 ἀναγκαίας
2997 1029 3300 1099 παραχωρῇ
3322 1028 3348 1065 b
3370 1026 3560 1096 χρείας
3579 1041 3593 1056 ο
3618 1020 3750 1090 οἷον,

2167 1116 2246 1177 εἰς
2291 1114 2583 1184 διατροφὴν
2613 1114 2861 1174 οἰκετῶν,
2886 1113 2981 1165 καὶ
3009 1112 3216 1165 παίδων
3243 1110 3558 1179 ἐπιμέλειαν
3585 1110 3744 1175 ἀναγ-

2167 1199 2350 1260 καίαν,
2369 1199 2464 1251 καὶ
2481 1199 2672 1268 ἐτέρας
2684 1198 2963 1268 χρειώδεις
2979 1196 3403 1266 προφάσεις.⁹⁹Αν
3420 1194 3476 1246 66
3494 1195 3566 1264 μὴ
3583 1193 3754 1246 ταῦτα

2167 1277 2222 1356 ᾗ,
2241 1300 2308 1335 πε
2318 1283 2563 1352 ρικέηται
2585 1283 2641 1335 66
2658 1282 2798 1335 αὐτά
2818 1285 2883 1352 τῇ
2907 1281 3028 1350 ὕψει
3044 1292 3090 1339 ο,
3107 1280 3202 1332 καὶ
3223 1281 3254 1349 ἠ
3277 1277 3475 1349 καρδία
3493 1294 3755 1346 στενοχω-

2171 1365 2352 1434 ρῆται.
2382 1365 2434 1417 τί
2460 1365 2521 1417 τὸ
2551 1365 2771 1434 κέρδος;
2805 1367 2956 1417 ποῖον
2987 1363 3049 1416 τὸ
3073 1363 3295 1430 δφελος;
3331 1363 3444 1414 υύκ
3473 1360 3664 1430 ἀφίησι
3693 1359 3755 1412 τὺ

2167 1450 2373 1519 ταύτης
2417 1449 2602 1519 θαῦμα
2635 1449 2867 1519 ὀφθῆναι
2897 1447 3076 1518 ἐκείνη
3104 1445 3592 1514 λυπουμένη.Ἵστε
3622 1445 3753 1514 γὰρ,

2171 1533 2284 1586 ἴστε
2305 1535 2406 1597 ὅτι,
2433 1534 2538 1587 κᾶν
2559 1533 2728 1603 αὐτὴν
2757 1532 2946 1586 πασῶν
2975 1529 3421 1600 εὐπρεπεστάτην
3441 1528 3526 1597 ἴδῃ
3552 1545 3635 1587 τις
3653 1545 3754 1594 γυ-

2169 1621 2350 1682 ναῖκα,
2383 1619 2443 1671 οὐ
2472 1617 2696 1670 δύναται
2727 1614 3021 1687 τέρπεσθαι
3052 1617 3110 1666 ἐν
3141 1613 3451 1682 ὁδυνωμὲνῃ
3472 1614 3539 1681 τῇ
3568 1611 3749 1681 ψυχῇ·

2167 1702 2258 1754 τὸν
2282 1701 2390 1771 γάρ
2418 1701 2679 1770 μέλλοντα
2705 1697 3020 1769 τέρπεσθαι,
3047 1697 3256 1768 χαίρειν
3281 1697 3359 1748 δεῖ
3382 1696 3642 1766 πρότερον
3662 1694 3754 1747 καὶ

2171 1785 2520 1849 ἀγάλλεσθαι.
2541 1784 2648 1836 Τοῦ
2673 1783 2899 1854 χρυσίου
2934 1782 2990 1835 66
3017 1781 3215 1843 παντὸς
3245 1779 3653 1850 σεσωρευμένου
3674 1779 3754 1841 είς

2169 1866 2260 1920 τὸν
2283 1867 2488 1936 κόσμον
2513 1865 2605 1918 τοῦ
2635 1867 2885 1935 σώματος
2905 1863 2998 1916 τοῦ
3021 1862 3353 1932 γυναικείου,
3382 1861 3476 1915 καὶ
3499 1876 3754 1930 στενοχω-

2173 1950 2293 2022 ρίας
2307 1948 2476 2018 οΰσης
2491 1948 2631 2001 κατά
2645 1947 2744 2019 τὴν
2761 1947 2959 2010 οἰκίαν,
2973 1947 3200 2016 οὐδεμία
3214 1945 3401 2016 τέρψις
3419 1943 3536 1996 ἐστὶ
3548 1944 3625 2014 τῷ
3639 1961 3756 1995 συν-

2167 2031 2598 2087 οικοῦντι.Ὥστε
2617 2033 2666 2084 εί
2686 2031 2988 2102 βουλόμεθα
3004 2032 3257 2100 ἀρέσκειν
3269 2031 3381 2099 τοῖς
3399 2028 3676 2097 ἀνδράσιν,
3695 2029 3756 2078 ἐν

2169 2118 2328 2187 ἡδονῇ
2362 2116 2560 2178 αὐτοὺς
2595 2118 3030 2186 καταστήσομεν*
3063 2117 3121 2167 ἐν
3140 2115 3300 2185 ἡδονῇ
3332 2113 3387 2165 66
3424 2112 3756 2181 καταστήσο-

2173 2217 2291 2270 μεν,
2304 2199 2368 2252 ἂν
2387 2199 2726 2269 περιέλωμεν
2740 2199 2831 2251 τὸν
2848 2199 3051 2268 κόσμον
3067 2197 3297 2259 καὶτοὺς
3311 2195 3751 2260 καλλωπισμούς.

2169 2283 2355 2337 Ταῦτα
2379 2282 2486 2353 γάρ
2519 2282 2734 2336 ἅπαντα
2766 2283 2894 2353 παρ’
2925 2280 3088 2334 αὐτὸν
3116 2280 3214 2350 τῆς
3243 2280 3637 2349 νυμφαγωγίας
3665 2280 3755 2330 τὸν

2169 2367 2359 2438 καιρὸν
2387 2367 2530 2436 ἔχειν
2550 2365 2673 2418 τινὰ
2699 2365 2890 2436 τέρψιν
2922 2365 3099 2424 δοκεῖ·
3128 2363 3351 2434 ὕστερον
3383 2363 3439 2416 66
3465 2363 3542 2433 τῷ
3580 2363 3757 2433 χρόνῳ

2173 2449 2514 2520 μαραίνεται.
2545 2450 2607 2501 Εἰ
2631 2449 2740 2521 γὰρ
2765 2449 2857 2502 τὸν
2888 2448 3118 2518 οὐρανὸν
3142 2445 3284 2499 οὕτω
3309 2446 3472 2499 καλὸν
3489 2447 3638 2506 ὄντα,
3664 2445 3756 2497 καὶ

2167 2532 2260 2585 τὸν
2291 2532 2440 2603 ἥλιον
2473 2531 2616 2586 οὕτω
2639 2531 2912 2602 λαμπρὸν,
2937 2524 2997 2583 οὗ
3026 2528 3184 2599 σῶμα
3209 2528 3359 2581 οὐδὲν
3385 2527 3450 2582 ἂν
3476 2528 3618 2596 ἔχοις
3645 2526 3757 2578 ἴσον

2168 2617 2362 2680 εἰπεῖν,
2399 2616 2499 2687 οὐχ
2528 2616 2729 2686 ὁμοίως
2777 2615 3130 2685 θαυμάζομεν
3163 2613 3250 2666 διὰ
3287 2611 3386 2682 τὴν
3434 2611 3750 2680 συνήθειαν·

2169 2701 2288 2765 πῶς
2319 2700 2478 2771 σῶμα
2508 2699 3021 2770 κεκαλλωπισμένον
3048 2697 3436 2768 θαυμάσομεν;
3465 2695 3652 2748 Ταῦτα
3680 2694 3755 2746 λέ-

2169 2802 2270 2853 γω,
2302 2783 2619 2855 βουλόμενος
2648 2785 2791 2854 ὑμᾶς
2818 2782 3140 2852 κοσμεῖσθαι
3162 2783 3251 2834 τὸν
3268 2781 3471 2851 κόσμον
3495 2779 3586 2830 τὸν
3607 2778 3751 2847 ὑγιῆ,

2169 2869 2228 2922 ὃν
2250 2871 2277 2922 6
2309 2868 2519 2930 Παῦλος
2547 2866 2808 2931 ἐπέταξε·
2843 2867 2939 2934 Μὴ
2969 2865 3178 2934 χρυσῷ
3210 2866 3248 2932 ἢ
3270 2863 3676 2934 μαργαρίταις,
3713 2861 3756 2928 ἣ

2169 2951 2462 3022 ἱματισμῷ
2500 2951 2842 3013 πολυτελεῖ,
2870 2952 3006 3004 ἀλλ’
3035 2950 3066 3001 6
3101 2949 3308 3018 πρέπει
3337 2946 3616 3016 γυναιξίν
3649 2946 3752 2998 ἐπ-

2169 3035 2640 3106 αγγελλομέναις
2655 3034 2997 3089 θεοσέϐειαν
3019 3033 3094 3086 δι’
3112 3035 3300 3101 ἔργων
3323 3030 3576 3099 ἀγαθῶν.
3596 3029 3754 3081 Ἀλλά

2168 3123 2282 3183 τοῖς
2328 3118 2432 3184 ἐξω
2481 3120 2739 3190 ἀρέσκειν
2783 3117 2982 3187 βούλει,
3013 3120 3107 3171 καὶ
3136 3114 3475 3170 ἐπαινεῖσθαι
3507 3113 3639 3185 παρ’
3660 3113 3755 3167 αὐ-

2170 3203 2310 3269 τῶν;
2339 3202 2588 3257 Μάλιστα
2623 3203 2722 3272 μὲν
2749 3199 2842 3255 οὖν
2864 3203 2923 3254 οὐ
2954 3201 3226 3270 σώφρονος
3255 3199 3510 3268 γυναικὸς
3531 3199 3560 3250 ὁ
3589 3197 3752 3261 πόθος

2169 3284 2342 3351 οὗτος.
2384 3287 2532 3357 Πλὴν
2573 3288 2622 3338 εί
2668 3285 2866 3355 βούλει,
2909 3286 3003 3338 καὶ
3036 3284 3258 3346 τούτους
3305 3281 3478 3344 οὕτως
3519 3281 3751 3352 ἐραστάς

2170 3372 2313 3438 ἕξεις
2347 3370 2608 3441 σφοδροὺς
2638 3372 2732 3422 καὶ
2761 3369 2860 3438 τῆς
2887 3366 3240 3437 σωφροσύνης
3257 3365 3564 3426 ἐπαινέτας.
3584 3363 3752 3416 Ἑκεί-

2172 3473 2270 3527 νην
2313 3456 2411 3526 μὲν
2456 3454 2564 3524 γάρ
2623 3453 2795 3515 οὐδεὶς
2839 3451 3185 3504 ἐπαινέσεται
3233 3449 3479 3517 ἐπιεικὴς
3518 3447 3613 3499 καὶ
3661 3446 3750 3516 μέν

2171 3555 2339 3607 τριος,
2370 3537 2506 3590 ἀλλά
2552 3536 2838 3590 ἀκόλαστοι
2884 3535 2977 3587 καὶ
3025 3534 3248 3601 λάγνοι’
3296 3533 3493 3603 μᾶλλον
3521 3532 3599 3592 δὲ,
3631 3531 3750 3583 οὐδέ

2171 3617 2314 3674 οὗτοι
2339 3621 2740 3684 ἐπαινέσονται,
2775 3618 2912 3671 άλλά
2941 3619 3035 3671 καὶ
3056 3617 3242 3680 κακῶς
3269 3617 3506 3687 ἐροῦσιν.
3526 3618 3752 3668 ἀναπτε-

2175 3707 2423 3776 ροῦμενοι
2450 3705 2549 3768 τάς
2590 3704 2742 3773 ὄψεις
2777 3701 2881 3754 ὐπὸ
2908 3702 3006 3771 τῆς
3041 3703 3168 3771 περὶ
3204 3701 3299 3769 τὴν
3337 3701 3568 3767 γυναῖκα
3609 3698 3751 3749 ἀσω·

2171 3791 2289 3853 τίας
2310 3807 2322 3819 ·
2349 3789 2552 3858 ταύτην
2577 3788 2632 3840 δὲ
2667 3788 2908 3840 κάκεῖνοι
2946 3786 3040 3837 καὶ
3067 3781 3234 3849 οῦτοι,
3266 3784 3359 3836 καὶ
3389 3783 3587 3843 πάντες
3618 3782 3751 3832 ἀπο-

2171 3875 2431 3939 δέξονται,
2465 3872 2560 3926 ἆτε
2596 3872 2759 3940 μηδὲν
2792 3868 2944 3940 [568]
2977 3869 3147 3921 κακὸν
3183 3869 3312 3938 παρ’
3349 3865 3519 3934 αὐτῆς
3547 3864 3750 3932 λαμϐάπ

2173 3974 2372 4018 νοντες,
2406 3955 2540 4008 ἀλλά
2567 3956 2661 4008 καὶ
2689 3952 3036 4006 διδασκαλίαν
3067 3951 3381 4020 φιλοσοφίας
3402 3967 3416 3982 ·
3464 3950 3556 4003 καὶ
3584 3949 3749 4009 πολὺς

2175 4041 2273 4110 μὲν
2291 4042 2442 4092 ἔσται
2458 4041 2607 4110 παρὰ
2629 4038 2930 4109 ἀνθρώπων
2946 4040 2973 4090 6
2993 4037 3235 4100 ἔπαινος,
3258 4035 3421 4097 πολὺς
3435 4035 3491 4087 66
3509 4051 3583 4086 πα
3593 4034 3659 4104 ρὰ
3674 4032 3752 4102 τῷ

2171 4120 2290 4190 Θεῷ
2316 4123 2344 4173 6
2383 4120 2591 4190 μισθός.
2622 4119 2823 4172 Τοῦτον
2850 4118 3031 4170 τοίνυν
3057 4116 3389 4186 ζηλώσωμεν
3408 4114 3496 4166 τον
3524 4115 3746 4184 κόσμον,

2178 4205 2266 4258 ἵνα
2283 4205 2378 4257 καὶ
2393 4203 2624 4256 ἐνταῦθα
2643 4202 2779 4273 μετὰ
2798 4201 2980 4262 ἀδείας
3003 4201 3276 4270 ζήσωμεν,
3293 4197 3505 4251 καὶτῶν
3531 4198 3752 4266 μελλόν-

2169 4303 2276 4340 των
2288 4285 2525 4355 ἐπιτύχω
2531 4303 2628 4355 μεν
2639 4284 2874 4352 ἀγαθῶν⁶
2891 4278 2964 4336 ὧν
2978 4284 3184 4350 γένοιτο
3197 4283 3401 4343 πάντας
3414 4282 3558 4350 ἡμᾶς
3571 4283 3638 4331 ἐπ
3649 4297 3751 4330 ,τυ-

2170 4371 2306 4440 χεῖν,
2333 4369 2514 4439 χάριτι
2543 4369 2636 4421 καὶ
2655 4367 3033 4438 φιλανθρωπίᾳ
3046 4366 3137 4418 τοῦ
3163 4365 3367 4437 Κυρίου
3386 4364 3543 4434 ἡμῶν
3572 4365 3746 4434 Ἰησοῦ

2166 4453 2426 4524 Χριστοῦ,
2442 4445 2486 4519 ᾧ
2508 4450 2540 4523 ή
2558 4453 2684 4518 δόξα
2710 4455 2787 4515 εἰς
2806 4454 2931 4514 τοὺς
2948 4450 3147 4512 αἰῶνας
3172 4450 3278 4503 τῶν
3303 4449 3532 4504 αἰώνων.
3551 4451 3606 4500 ’Λ
3617 4455 3747 4518 μὴν.
3770 4439 3778 4446 ’

2229 4543 2255 4580 b
2285 4545 2488 4604 Quidam
2523 4549 2766 4607 προχωρῇ.
2835 4545 2858 4574 ε
2915 4543 3065 4592 Savil.
3093 4549 3145 4589 et.
3169 4542 3275 4590 cod.
3309 4541 3402 4590 705
3424 4541 3592 4598 αὐτὰὴ
3621 4542 3744 4604 ὄψις.

1914 4705 2162 4758 ΟΜΙΛΙΛ
2199 4704 2317 4757 ΞΒ⁹.

471 4791 586 4851 Ἦν
616 4793 683 4847 δέ
699 4811 789 4859 τις
807 4793 1081 4847 ἀσθενῶν
1101 4792 1364 4861 Λάζαρος
1389 4795 1507 4848 ἀπὸ
1524 4791 1844 4861 Βηθανίας,
1865 4795 1933 4848 ἐκ
1950 4795 2062 4863 τῆς

544 4863 743 4933 κώμης
769 4865 998 4929 Μαρίας
1034 4864 1132 4917 καὶ
1169 4863 1409 4929 Μάρθας
1431 4863 1534 4931 τῆς
1555 4863 1827 4933 ἀδελφῆς
1847 4865 2057 4932 αὐτῆς.

545 4933 656 4988 Ἦν
690 4933 758 4986 δὲ
797 4934 994 5002 Μαρία
1032 4933 1070 4998 ὴ
1111 4935 1420 5001 ἀλείψασα
1461 4938 1567 4986 τὸν
1613 4937 1831 5001 Κύριον
1869 4937 2057 5004 μύρῳ.

544 5025 612 5073 α’.
634 5017 827 5074 Πολλοὶ
847 5017 955 5070 τῶν
980 5016 1284 5087 ἀνθρώπων
1304 5018 1432 5070 ὅταν
1451 5017 1600 5070 ἴδωσί
1630 5035 1780 5081 τινας
1800 5018 1909 5071 τῶν
1931 5021 2060 5090 ἀρε-

473 5104 715 5158 σκόντων
757 5099 877 5171 Θεῷ
920 5101 1229 5170 πάσχοντάς
1256 5118 1310 5153 τι
1342 5102 1536 5164 δεινὸν,
1577 5099 1688 5155 οἷον
1716 5103 1748 5173 ἦ
1779 5103 2060 5175 ἀρρωστίᾳ

471 5185 889 5258 περιπεσόντας,
921 5183 956 5254 ἢ
984 5185 1166 5254 πενίᾳ,
1190 5184 1223 5254 ἢ
1255 5185 1398 5256 ἄλλῳ
1424 5187 1530 5238 τινὶ
1557 5186 1802 5257 τοιούτῳ,
1832 5188 2059 5240 σκανδα-

470 5271 708 5336 λίζονται
727 5285 742 5299 ⁸
772 5269 872 5322 οὐκ
905 5267 1126 5331 εἰδότες,
1151 5269 1234 5322 ὅτι
1261 5268 1372 5322 τῶν
1397 5269 1632 5338 μάλιστα
1651 5270 1730 5341 τῷ
1751 5270 1868 5341 Θεῷ
1890 5271 2058 5338 φίλων

469 5355 532 5411 τὸ
558 5355 732 5408 ταῦτα
765 5353 993 5422 πάσχειν
1026 5354 1172 5405 ἐστίν
1190 5367 1205 5382 ο
1236 5355 1357 5407 ἐπεὶ
1385 5355 1479 5408 καὶ
1506 5358 1534 5408 ὁ
1561 5355 1810 5427 Λάζαρος
1836 5357 1944 5409 τῶν
1969 5357 2060 5426 φίο

469 5440 577 5493 λων
605 5436 672 5512 ἦν
699 5439 793 5491 τοῦ
831 5435 1091 5507 Χριστοῦ,
1128 5438 1222 5489 καὶ
1254 5437 1492 5507 ἡσθένεις
1529 5439 1699 5493 Τοῦτο
1722 5441 1852 5508 γοῦν
1881 5443 1975 5494 καὶ
2007 5443 2057 5493 οί

471 5524 790 5594 πέμψαντες
832 5521 1019 5590 ἔλεγον
1043 5537 1055 5550 ·
1091 5521 1213 5575 Ἴδε
1265 5521 1338 5574 ὃν
1391 5522 1590 5590 φιλεῖς
1636 5523 1898 5578 ἀσθενεῖ.
1917 5523 2056 5576 Ἀλλ’

473 5608 674 5676 ἴδωμεν
727 5606 933 5661 ἀνωθεν
985 5606 1085 5675 τὴν
1136 5602 1607 5676 περικοπήν.⁷Ην
1651 5625 1742 5673 τις
1760 5617 1800 5670 ⁸,
1851 5607 2056 5678 φησὶν,

470 5691 739 5747 ἀσθενῶν
775 5690 1036 5757 Λάζαρος
1074 5690 1188 5743 ἀπὸ
1223 5691 1542 5756 Βηθανίας.
1571 5691 1682 5761 Οὐχ
1717 5691 1901 5752 ἁπλῶς
1938 5691 2060 5744 οὐδὲ

472 5777 548 5838 ὡς
595 5775 785 5843 έτυχεν
834 5770 954 5826 εἷπε
1003 5775 1164 5826 πόθεν
1205 5770 1270 5842 ἦν
1296 5777 1322 5827 6
1359 5773 1629 5844 Λάζαρος,
1658 5775 1795 5828 ἀλλά
1821 5775 1910 5828 διά
1937 5791 2058 5826 τινα

475 5856 654 5909 αἰτίαν
679 5857 745 5925 ἢν
782 5856 918 5924 μετὰ
944 5855 1116 5909 ταῦτα
1143 5858 1275 5926 ἐρεῖ.
1307 5858 1455 5920 Τέως
1484 5858 1539 5909 66
1569 5857 1662 5911 τοῦ
1697 5859 2056 5929 προκειμένου

543 5954 571 5985 ⁸
594 5954 771 6007 Morel.
794 5957 852 6008 ἦν
871 5957 962 6024 γάρ
981 5977 1067 6012 τις.
1093 5962 1243 6011 Sam.
1271 5968 1319 6009 cl
1344 5961 1426 6010 alii
1448 5962 1503 6018 ἡν
1538 5979 1622 6017 τις.

2162 4794 2437 4866 ἐχώμεθα.
2472 4796 2581 4849 Καὶ
2623 4796 2720 4859 τάς
2766 4795 2998 4864 ἀδελφάς
3025 4795 3082 4848 δὲ
3111 4793 3275 4849 αὐτοῦ
3308 4795 3454 4866 ἡμᾶς
3505 4795 3745 4849 διδάσκει

2161 4880 2448 4950 χρησίμως
2471 4895 2486 4907 ⁶
2520 4879 2614 4932 καὶ
2640 4879 2719 4930 ἔτι
2747 4879 2776 4932 6
2807 4881 2970 4932 πλέον
3014 4877 3126 4950 εἶχε
3156 4879 3367 4952 Μαρία,
3395 4880 3616 4949 ἐπάγων
3651 4884 3745 4936 καὶ

2161 4963 2336 5030 λέγων
2357 4979 2371 4992 ⁸
2400 4957 2522 5016 τΗν
2564 4960 2633 5014 δὲ
2668 4964 2908 5032 Μαρίαδ
2955 4963 2994 5031 ἡ
3041 4965 3349 5032 ἀλείψασα
3380 4966 3490 5020 τὸν
3528 4969 3745 5034 Κύριον

2155 5047 2343 5114 μύρῳ.
2362 5044 2627 5098 Ἐνταῦθά
2653 5063 2799 5110 τινες
2830 5047 3237 5118 διαποροῦντες,
3269 5048 3414 5112 Πῶς,
3441 5051 3627 5120 φησὶν,
3651 5052 3746 5119 ὴν-

2161 5129 2352 5199 έσχετο
2392 5130 2421 5181 6
2456 5129 2688 5199 Χριστὸς
2717 5131 2974 5197 γυναικὸς
3005 5130 3230 5184 τοιαῦτα
3263 5131 3556 5203 ποιούσης;
3584 5133 3743 5203 Πρῶ-

2163 5229 2255 5266 τον
2287 5213 2385 5281 μὲν
2431 5208 2523 5264 οῦν
2557 5214 2731 5265 ἐκεῖνο
2775 5214 3072 5282 ἀναγκαῖον
3097 5215 3307 5285 μαθεῖν,
3334 5216 3416 5268 ὅτι
3462 5217 3560 5286 οὐχ
3602 5215 3740 5286 αὕτη

2164 5297 2309 5349 ἐστὶν
2331 5298 2362 5365 ἡ
2393 5296 2563 5366 πόρνη
2590 5299 2622 5366 ἡ
2654 5299 2711 5348 ἐν
2735 5295 2813 5365 τῷ
2842 5297 3125 5368 Ματθαίῳ,
3156 5297 3276 5350 οὐδὲ
3299 5300 3331 5368 ἡ
3359 5301 3416 5351 ἐν
3438 5299 3516 5368 τῷ
3537 5301 3740 5368 Λουκᾷ’

2163 5379 2296 5450 ἄλλη
2337 5380 2446 5451 γὰρ
2496 5380 2949 5450 αὐτη.Ἐκεῖναιε
3002 5380 3100 5450 μὲν
3127 5381 3234 5452 γάρ
3285 5381 3479 5450 πόρναι
3507 5381 3570 5450 δή
3601 5400 3743 5445 τινες

2161 5461 2302 5536 ⁸ἦσαν
2322 5465 2414 5518 καὶ
2440 5465 2649 5517 πολλῶν
2671 5465 2939 5533 γέμουσαι
2964 5465 3151 5518 κακῶν
3171 5481 3184 5496 '
3219 5463 3356 5535 αὕτη
3377 5465 3433 5518 δὲ
3453 5467 3548 5519 καὶ
3571 5465 3740 5537 σεμνὴ

2164 5551 2261 5604 καὶ
2295 5549 2575 5603 σπουδαία.
2604 5551 2714 5602 Καὶ
2742 5549 2850 5620 γάρ
2882 5551 3009 5620 περὶ
3031 5553 3128 5620 τὴν
3149 5551 3414 5621 ὑποδοχὴν
3443 5551 3739 5614 ἐσπούδαζε

2163 5634 2258 5688 τοῦ
2291 5636 2548 5707 Χριστοῦ.
2579 5636 2829 5688 Δείκνυσι
2859 5635 2916 5688 δὲ
2941 5639 2968 5689 ὁ
2997 5637 3409 5706 εὐαγγελιστὴς,
3439 5638 3521 5690 ὅτι
3559 5639 3654 5690 καὶ
3686 5637 3740 5688 αἱ

2162 5719 2390 5788 ἀδελφαὶ
2434 5719 2650 5787 ἐφίλουν
2697 5719 2881 5781 αὐτὸν,
2914 5721 3007 5773 καὶ
3057 5721 3206 5790 ὅμως
3259 5721 3603 5790 συνεχώρησε
3653 5720 3740 5771 τὸν

2163 5801 2414 5873 Λάζαρον
2444 5803 2752 5857 ἀποθανεῖν.
2784 5804 2940 5866 Τίνος
2962 5804 3018 5856 66
3047 5805 3230 5857 ἕνεκεν
3258 5805 3356 5857 οὐκ
3401 5805 3627 5855 ἑάσασαι
3654 5802 3741 5852 τὸν

2224 5900 2254 5939 Β
2279 5902 2371 5950 Alii
2392 5903 2556 5962 λέγων·
2580 5904 2705 5958 Αὕτη
2731 5904 2819 5963 γὰρ
2843 5903 2918 5960 ἦν,
2953 5905 3085 5963 φησὶ,
3110 5906 3286 5963 Μαρία.
3335 5906 3356 5931 ε
3396 5903 3506 5950 ΜΟΓ
3556 5901 3734 5962 Aonii

2167 5965 2267 6012 ἀλλ’
2305 5967 2439 6021 ἑτέρα
2470 5981 2537 6020 τις
2570 5967 2732 6024 σεμνή.
2785 5965 2998 6014 Ἑκεῐκιαι.
