4084 6360
263 423 360 480 5H

272 548 440 591 mare.
463 529 530 582 Et
545 521 811 597 quomodo
834 504 1080 572 maritum
1099 510 1349 582 operibus
1364 509 1672 563 erudiemus
1686 505 1709 557 ζ’
1725 502 1859 557 Cum

272 637 325 683 te
354 621 552 676 videbit
592 631 693 672 nec
720 610 1014 682 improbam
1036 649 1051 674 ,
1076 619 1177 660 nec
1202 602 1492 664 curiosam,
1524 616 1622 654 nec
1642 604 1861 651 ornatus

1301 392 1367 449 IN
1402 387 1719 447 JOANNEM
1760 380 1992 441 llOMIL.
2032 379 2190 437 LXII.
2231 378 2301 433 al.
2341 376 2477 432 LXI.

1963 496 2093 550 tioni
2122 501 2499 547 consentanea.
2522 486 2771 556 Alioquin
2810 485 2852 539 si
2884 483 2997 538 hrcc
3023 484 3077 536 iu
3108 483 3290 537 luxum
3338 495 3552 550 prmpo-

1966 598 2181 648 nantur,
2209 586 2336 639 dum
2361 599 2455 638 cor
2479 581 2707 651 angitur,
2733 577 2874 648 quod
2901 578 3110 632 lucrum
3128 576 3151 627 ἲ
3171 590 3290 644 qua:
3314 572 3554 626 utilitas?

3446 362 3552 421 34?.

276 724 564 776 amantem,
611 724 718 763 non
749 701 1044 774 superﬂuos
1072 706 1319 765 sumptus
1346 702 1714 763 expetentetn,
1768 686 1863 741 sed
1967 683 2196 738 Tantum
2231 678 2432 733 cultum
2464 690 2568 728 non
2597 673 2722 727 sinit
2743 671 2895 725 dolor
2921 668 3181 737 aspicere.
3204 665 3362 721 Scitis
3388 666 3551 728 enim,

276 806 628 882 praesentibus
665 807 1007 857 contentam;
1042 802 1168 845 tunc
1216 799 1269 845 te
1310 786 1678 843 consulentem
1707 781 1861 835 feret.

279 874 335 959 Si
365 910 543 955 autem
571 893 750 950 verbis
794 884 1214 959 philosopheris,
1245 882 1406 937 rebus
1440 894 1569 931 vero
1599 874 1866 929 contraria

282 993 493 1057 feceris,
528 998 653 1043 tunc
675 980 1053 1053 loquacitatem
1076 986 1221 1031 tuam
1246 970 1536 1028 damnabit.
1570 967 1661 1022 Sin
1691 963 1868 1019 verbis

284 1083 440 1140 simul
463 1056 518 1136 et
540 1075 794 1147 operibus
813 1068 1115 1125 doctrinam
1144 1065 1369 1127 inferas,
1410 1071 1535 1114 tunc
1564 1070 1615 1113 te
1642 1056 1871 1125 excipiet

284 1188 443 1245 atque
475 1170 643 1241 magis
668 1162 1064 1234 obtemperabit
1093 1178 1107 1214 :
1142 1166 1199 1213 ut
1221 1170 1342 1211 cum
1369 1166 1554 1206 aurum
1587 1164 1692 1203 non
1727 1161 1873 1214 qure-

284 1285 392 1334 res,
426 1278 596 1333 neque
621 1260 937 1331 margaritas
958 1296 972 1319 ,
1004 1267 1179 1321 neque
1204 1249 1638 1303 vestimentorum
1667 1237 1841 1308 magni
1859 1265 1871 1275 -

288 1360 593 1420 licentiam;
637 1350 733 1408 sed
776 1353 966 1406 horum
1017 1347 1156 1410 loco,
1205 1340 1537 1401 modestiam,
1570 1346 1873 1403 temperan-

290 1453 440 1512 tiam,
495 1444 922 1503 benevolentiam
955 1456 971 1492 :
1001 1448 1163 1506 utque
1192 1450 1257 1487 ex
1287 1433 1456 1499 teipsa
1484 1428 1599 1481 hmc
1642 1424 1831 1478 aﬂ'eres
1855 1462 1873 1487 ,

290 1547 369 1599 sic
390 1542 459 1599 ab
477 1540 572 1599 illo
597 1539 785 1596 eadem
815 1535 1016 1603 exiges.
1060 1529 1191 1583 Nam
1221 1525 1268 1579 si
1311 1522 1436 1593 quid
1469 1520 1535 1574 ad
1564 1515 1878 1587 placendum

295 1641 412 1694 viro
431 1637 500 1691 sit
528 1630 813 1703 agendum,
854 1626 1086 1679 animam
1114 1625 1342 1688 oportet,
1390 1629 1495 1666 non
1543 1624 1738 1677 corpus
1786 1622 1878 1659 or-

297 1745 448 1795 nare,
480 1728 586 1780 imo
615 1731 977 1789 corrumpere.
1001 1714 1183 1782 Neque
1208 1709 1348 1764 enim
1377 1708 1448 1759 ita
1490 1714 1539 1759 te
1569 1703 1644 1757 illi
1672 1699 1878 1753 amabi-

299 1820 403 1874 lem
434 1792 635 1871 vaurnm
684 1810 893 1871 reddet,
926 1817 987 1860 ut
1013 1798 1365 1871 temperantia
1398 1805 1451 1851 et
1489 1792 1879 1856 benevolentia,

300 1921 459 1979 atque
477 1906 686 1960 animus
711 1902 775 1955 ad
801 1901 963 1954 vitam
989 1911 1089 1967 pro
1107 1893 1297 1947 marito
1322 1888 1620 1960 ponendam
1646 1896 1877 1954 paratus.

303 1977 431 2055 Ηώς
457 1999 599 2053 viros
637 1996 871 2063 capiunt.
891 1990 1024 2045 Nam
1055 1988 1226 2042 cultus
1249 1984 1337 2037 ille
1367 1979 1666 2049 superﬂuus
1695 1977 1882 2043 ἀὶδνιὶ-

303 2101 389 2147 cet
411 2091 505 2157 illi,
523 2104 634 2143 rem
662 2085 976 2153 familiarem
1003 2085 1272 2142 coarctat,
1294 2084 1347 2129 et
1368 2080 1638 2139 sumptura
1660 2078 1713 2122 et
1733 2082 1887 2121 curas

302 2185 461 2253 parit.
494 2183 564 2234 At
588 2193 706 2248 qua:
724 2176 871 2242 prius
898 2173 1036 2228 dicta
1060 2180 1205 2234 sunt,
1238 2167 1408 2219 virum
1435 2162 1585 2217 uxori
1613 2160 1884 2229 e0pulaut.

309 2271 686 2329 Benevolentia
717 2268 931 2338 quippe,
963 2261 1215 2321 amicitia,
1240 2254 1581 2318 desiderium,
1606 2267 1706 2306 nec
1735 2262 1890 2304 curas

308 2366 527 2430 faciunt,
562 2377 661 2417 nec
681 2361 978 2430 impensam
1004 2355 1255 2424 exigunt;
1282 2351 1388 2403 imo
1415 2345 1742 2401 contrarium
1776 2357 1891 2395 ont-

311 2459 458 2512 nino.
503 2455 734 2510 Ornatus
764 2450 977 2520 quidem
1010 2446 1100 2499 ille
1128 2460 1158 2498 a
1198 2438 1583 2495 consuetudine
1625 2433 1889 2487 fastidium

312 2549 589 2617 ingenerat
623 2560 637 2596 :
671 2541 863 2596 anima:
906 2552 1035 2591 vero
1079 2542 1300 2589 ornatus
1329 2528 1566 2599 quotidie
1593 2524 1789 2587 ﬂoret,
1838 2532 1892 2577 et

312 2639 572 2706 majorem
623 2631 867 2688 accendit
895 2629 1182 2682 ﬂammam.
1228 2622 1408 2688 Itaque
1438 2621 1482 2674 si
1524 2620 1639 2671 viro
1685 2617 1893 2685 placere

312 2730 467 2791 velis,
495 2742 624 2781 orna
656 2726 887 2779 animam
927 2720 1172 2775 castitate
1192 2757 1207 2774 .
1237 2717 1452 2785 pietate,
1484 2712 1559 2766 rei
1586 2710 1894 2765 domestica:

316 2837 463 2876 cura.
492 2819 618 2873 Haec
645 2817 877 2871 maxime
914 2812 1185 2872 alliciunt,
1207 2820 1258 2861 et
1298 2818 1584 2873 numquam
1624 2800 1891 2855 desinunt.

317 2915 470 2968 lltme
493 2920 737 2966 ornatum
785 2923 891 2961 non
931 2914 1177 2960 senectus
1207 2901 1391 2962 solvit,
1420 2913 1522 2951 non
1554 2895 1769 2949 morbus
1805 2908 1897 2945 au-

318 3006 454 3069 fert;
488 3005 582 3059 sed
605 3002 849 3073 corporis
874 3000 1075 3054 cultum
1102 2997 1409 3050 diuturnum
1440 3000 1649 3057 tempus
1695 2985 1893 3049 atterit,

320 3097 538 3152 nnirbus
564 3096 849 3159 consumit,
874 3093 1083 3159 aliaque
1128 3090 1288 3141 multa
1324 3086 1574 3155 perdunt.
1621 3081 1897 3135 Atanima:

320 3194 457 3248 bona
492 3192 575 3245 his
616 3191 861 3244 erunibus
888 3195 1012 3241 sunt
1040 3185 1335 3252 superiora.
1383 3181 1472 3233 llle
1503 3188 1720 3231 ornatus
1764 3177 1897 3228 invi-

321 3284 462 3338 diam
491 3283 629 3352 parit
648 3289 701 3334 et
721 3279 1036 3348 zelotypiam
1064 3291 1078 3337 ;
1107 3274 1193 3327 hic
1222 3288 1347 3324 vero
1372 3287 1400 3324 a
1429 3269 1614 3322 morbo
1638 3266 1821 3335 quovis
1847 3276 1899 3317 et

321 3390 350 3427 a
378 3390 513 3427 vana
543 3373 705 3441 gloria
736 3372 870 3425 liber
895 3377 995 3422 est.
1031 3368 1140 3420 lloc
1171 3372 1323 3434 pacto
1352 3377 1435 3414 res
1459 3359 1748 3412 domestica
1776 3356 1900 3408 faei-

324 3468 424 3521 lior
450 3468 549 3520 crit
570 3507 585 3530 ,
619 3474 672 3518 et
703 3470 989 3531 proventus
1021 3459 1236 3512 uberior
1256 3498 1272 3523 ,
1318 3454 1530 3524 quando
1557 3466 1740 3503 aurum
1792 3464 1895 3500 non

322 3557 532 3626 corpori
566 3564 653 3609 tuo
681 3552 1113 3619 circumpositum
1141 3547 1263 3607 erit,
1296 3559 1394 3597 nec
1443 3556 1630 3596 manus
1681 3539 1896 3607 ligahit;

324 3649 417 3703 sed
448 3664 543 3717 pro
574 3643 889 3701 necessariis
919 3638 1247 3710 expendetur
1273 3635 1459 3688 usibus
1494 3650 1505 3685 :
1537 3641 1593 3683 ut
1634 3630 1683 3681 in
1724 3628 1898 3681 cibum

326 3756 626 3805 servorum,
657 3738 886 3791 filiorum
915 3747 1096 3787 curam
1127 3727 1505 3789 necessariam,
1556 3723 1763 3790 aliaque
1811 3736 1899 3772 ra-

1969 774 2117 829 scitis
2169 771 2370 839 utique,
2399 766 2541 836 quod
2570 765 2615 818 si
2657 763 2777 833 quis
2808 760 3085 814 mulierem
3128 757 3365 811 omnium
3392 771 3554 808 orna-

1972 865 2233 921 tissimam
2261 859 2458 921 videat,
2484 855 2738 911 delectari
2769 868 2874 906 non
2923 857 3118 920 potest,
3164 848 3209 902 si
3239 848 3448 900 animus
3487 845 3558 899 sit

1974 960 2026 1014 in
2052 971 2286 1012 tttmrore
2311 972 2325 1007 :
2349 952 2439 1021 qui
2473 950 2616 1005 enim
2638 947 2751 1003 vult
2775 943 3050 1004 delectari,
3084 941 3269 995 hilaris
3300 940 3555 1007 sitopor-

1976 1058 2072 1105 tet.
2128 1047 2187 1104 Si
2225 1054 2407 1100 autem
2439 1056 2626 1096 aurum
2677 1048 2845 1093 totum
2894 1034 2960 1088 ad
3022 1031 3320 1087 ornandqu
3376 1029 3561 1084 uxoris

1975 1157 2169 1210 corpus
2197 1140 2520 1206 insumptum
2551 1142 2651 1199 est,
2683 1132 2734 1185 in
2752 1128 2994 1199 angustia
3015 1126 3088 1180 rei
3114 1123 3390 1179 familiaris
3420 1123 3561 1176 nulla

1978 1241 2153 1303 potest
2180 1246 2297 1285 esse
2320 1228 2433 1283 heri
2458 1225 2718 1293 voluptas.
2740 1222 3074 1289 Quapropter
3098 1218 3143 1271 si
3164 1216 3322 1269 vultis
3350 1214 3563 1283 placere

1978 1325 2131 1389 viris,
2163 1321 2356 1376 dabitis
2384 1315 2642 1386 voluptati
2666 1314 2841 1367 locum
2866 1326 2880 1362 :
2907 1309 3100 1364 dabitis
3122 1321 3304 1376 porro,
3328 1306 3371 1359 si
3404 1305 3563 1359 talem

1982 1418 2180 1471 cultum
2210 1424 2264 1468 et
2300 1420 2549 1465 ornatum
2578 1405 2794 1462 tollatis.
2826 1402 2953 1457 ΙΙωο
2987 1399 3180 1469 quippe
3200 1398 3375 1451 omnia
3403 1411 3566 1466 spon-

1984 1510 2173 1563 salium
2216 1515 2458 1574 tempore
2486 1498 2769 1571 quamdam
2798 1494 3051 1549 videntur
3078 1491 3274 1545 habere
3318 1488 3566 1555 volupta-

1985 1609 2123 1663 teni;
2155 1597 2473 1663 demumque
2502 1600 2744 1659 tempore
2774 1590 3126 1640 marcescunt.
3149 1581 3203 1635 Si
3223 1579 3363 1635 enim
3379 1578 3568 1632 emlnm

1988 1701 2096 1745 tam
2129 1686 2409 1757 pulchrum
2435 1725 2451 1748 ,
2483 1682 2649 1736 solem
2679 1688 2788 1732 tam
2833 1674 3170 1745 Splendidum
3195 1713 3209 1738 ,
3239 1670 3324 1724 cui
3366 1669 3568 1722 nullum

1987 1797 2083 1852 par
2109 1793 2229 1835 esse
2254 1789 2449 1845 corpus
2465 1771 2686 1834 dixeris,
2711 1768 2781 1822 ob
2806 1763 3247 1821 consuetudinem
3268 1777 3374 1814 non
3404 1773 3570 1828 usque

1990 1874 2124 1927 adeo
2150 1871 2427 1931 miramur,
2457 1861 2727 1935 quomodo
2752 1869 2995 1913 ornatum
3026 1869 3220 1924 corpus
3240 1853 3327 1906 diu
3356 1851 3570 1905 ntirabi‘

1991 1962 2152 2017 mur?
2179 1961 2290 2015 Hoc
2317 1958 2435 2011 dico
2456 1996 2471 2021 ,
2513 1954 2653 2024 quod
2686 1951 2842 2005 velim
2885 1963 2982 2001 vos
3026 1946 3201 2000 ornari
3233 1957 3359 1998 vero
3402 1942 3571 2007 cultu,

1992 2070 2150 2124 quem
2182 2052 2375 2106 Paulus
2411 2046 2701 2117 praecepit:
2734 2041 2854 2095 Non
2883 2055 3007 2092 auro
3046 2049 3092 2090 et
3138 2035 3446 2106 margaritis,
3482 2045 3571 2084 aut

1994 2158 2127 2201 veste
2160 2146 2377 2215 pretiosa
2400 2182 2415 2207 ,
2461 2140 2548 2193 sed
2577 2136 2712 2205 quod
2760 2138 2894 2188 decet
2927 2131 3189 2191 mulieres,
3224 2127 3573 2197 promittentes

1996 2239 2228 2309 pietatem
2246 2250 2332 2303 per
2349 2247 2501 2299 opera
2529 2230 2655 2281 bona
2678 2227 2727 2295 (l
2742 2266 2755 2279 .
2775 2223 2909 2277 Tim.
2927 2222 2981 2275 ‘2.
3004 2220 3038 2275 9
3052 2229 3094 2273 et
3119 2217 3227 2288 10).
3252 2216 3355 2273 Sed
3381 2216 3457 2269 vis
3477 2230 3575 2269 ex-

1999 2327 2162 2382 ternis
2192 2325 2421 2393 placere,
2464 2319 2531 2373 ab
2564 2320 2732 2385 iisque
2781 2312 3020 2367 laudari?
3069 2310 3227 2363 Certe
3273 2324 3376 2361 non
3405 2317 3568 2360 casta:

1996 2415 2236 2471 mulieris
2264 2420 2347 2467 est
2375 2409 2717 2466 desiderium.
2743 2406 2868 2459 Atsi
2898 2403 3052 2466 velis,
3083 2403 3241 2454 etiam
3272 2401 3391 2453 illos
3412 2398 3577 2451 habe-

1999 2509 2082 2564 bis
2120 2516 2173 2560 et
2203 2513 2469 2559 amatores
2499 2509 2554 2554 et
2595 2496 2856 2553 castitatis
2888 2493 3213 2547 laudatores.
3244 2489 3391 2542 Illam
3437 2488 3578 2542 enim

2001 2599 2162 2654 talem
2195 2595 2473 2649 mulierem
2495 2604 2651 2644 nemo
2678 2602 2860 2655 aequus
2880 2584 3172 2638 aestimator
3201 2579 3451 2643 laudabit,
3483 2578 3577 2633 sed

2001 2689 2183 2746 lascivi
2215 2695 2418 2742 tantum
2448 2692 2503 2738 et
2527 2681 2713 2735 molles
2743 2676 3017 2737 homines;
3043 2675 3149 2727 imo
3179 2687 3244 2726 ne
3284 2670 3336 2723 lti
3365 2670 3578 2739 quidem

2001 2783 2326 2844 laudabunt,
2358 2776 2452 2832 sed
2490 2773 2807 2829 maledicent
2834 2811 2848 2825 .
2880 2784 3000 2823 eum
3032 2765 3273 2820 mulieris
3312 2762 3581 2817 lasciviam

2002 2875 2391 2930 intuebuntur:
2424 2867 2647 2937 probam
2694 2878 2821 2917 vero
2863 2861 2999 2914 hanc
3024 2858 3300 2912 mulierem
3350 2864 3401 2908 et
3435 2852 3488 2906 hi
3531 2861 3581 2906 et

2003 2968 2079 3023 illi
2100 2976 2394 3031 onmesque
2417 2958 2739 3019 laudabunt;
2766 2954 2961 3024 quippe
2987 2952 3074 3019 qui
3097 2948 3231 3003 nihil
3258 2947 3325 3001 ab
3348 2946 3434 2999 illa
3459 2944 3582 2998 mali

2003 3057 2325 3126 acceperint,
2358 3051 2449 3107 sed
2483 3046 2831 3120 philosophia:
2857 3043 3151 3098 doctrinam
3183 3058 3196 3092 :
3228 3054 3413 3108 magna
3444 3035 3582 3105 apud

2006 3151 2251 3205 homines
2269 3148 2384 3200 laus
2409 3142 2602 3206 aderit,
2631 3152 2821 3208 magna
2838 3134 2975 3205 apud
2997 3134 3160 3187 Deum
3188 3145 3415 3184 merces.
3435 3128 3584 3181 llune

2007 3258 2134 3312 ergo
2161 3251 2464 3311 quaeramus
2487 3242 2751 3294 ornatum,
2773 3238 2901 3282 utet
2924 3227 3008 3279 hic
3028 3240 3147 3279 cum
3177 3222 3418 3276 libertate
3440 3221 3583 3271 viva-

2007 3349 2127 3388 mus
2150 3374 2164 3396 ,
2196 3341 2249 3385 ct
2274 3330 2447 3384 futura
2475 3334 2868 3391 consequamur
2890 3319 3027 3371 bona
3062 3335 3076 3369 :
3118 3330 3235 3382 qum
3273 3327 3371 3365 nos
3399 3323 3587 3363 omnes

2006 3424 2215 3491 assequi
2243 3420 2548 3487 contingat,
2578 3414 2745 3484 gratia
2776 3420 2830 3463 et
2875 3407 3201 3476 benignitate
3248 3400 3458 3455 Domini
3486 3415 3586 3453 no-

2008 3516 2104 3571 stri
2139 3514 2268 3569 Jesu
2296 3509 2533 3575 Christi,
2576 3505 2661 3560 cui
2701 3503 2869 3574 gloria
2909 3501 2963 3553 in
3005 3496 3198 3551 saecula
3243 3494 3583 3549 saeculorum.

2008 3612 2202 3664 Amen.

326 3853 3590 3914 -____________________.__________——-———————

1598 3964 1945 4027 HOMILIA
1986 3957 2161 4022 LXII
2208 3953 2319 4035 (α).

328 4126 456 4183 Car.
490 4127 576 4181 il.
619 4140 670 4176 v.
705 4124 755 4176 l.
802 4121 924 4174 Erat
953 4128 1120 4171 autem
1163 4114 1368 4184 quidam
1397 4112 1639 4180 languens
1668 4109 1900 4161 Lazarus

401 4237 431 4271 a
474 4217 743 4279 Bethania,
786 4230 847 4266 ex
893 4210 1099 4265 castello
1145 4208 1327 4261 Mariw
1377 4214 1423 4258 et
1463 4203 1683 4257 Martha:
1724 4203 1913 4255 sororis

403 4311 531 4379 ejus.
573 4308 629 4362 2.
683 4304 849 4359 Maria
896 4314 1062 4356 autem
1110 4311 1214 4354 erat
1243 4317 1301 4353 ea
1330 4313 1441 4369 qua:
1469 4296 1612 4349 unxit
1638 4293 1915 4348 Dominum

405 4410 676 4471 unguento.

414 4540 463 4592 l.
521 4536 793 4591 Erumna:
836 4532 1011 4586 amicis
1066 4530 1158 4582 Dei
1220 4527 1437 4581 maxime
1488 4532 1800 4592 competunt.
1839 4518 1919 4572 De

342 4632 514 4687 Maria
559 4645 729 4683 sorore
778 4625 964 4678 Lazari
1010 4623 1238 4695 quaestio.
1269 4617 1510 4672 —-—Multi
1545 4630 1667 4670 cum
1712 4615 1920 4682 aliquos

340 4724 521 4777 vident
570 4720 812 4775 homines
864 4717 971 4770 Deo
1010 4724 1278 4781 acceptos,
1328 4713 1379 4764 in
1410 4722 1702 4763 mrumnam
1731 4720 1920 4775 quam-

343 4816 509 4885 piam,
560 4824 620 4868 ut
649 4812 916 4869 morbum,
954 4815 1343 4877 paupertatem.
1373 4813 1465 4855 aut
1487 4800 1615 4870 quid
1642 4799 1814 4852 simile
1841 4798 1924 4849 in-

345 4906 561 4969 cidisse,
588 4902 981 4973 perturbantur,
1028 4896 1191 4950 nescii
1237 4895 1346 4948 Deo
1387 4891 1571 4945 amicis
1614 4889 1666 4943 id
1696 4887 1926 4941 maxime

347 5007 671 5064 competere.
718 4995 849 5049 Nam
886 4992 1120 5046 Lazarus
1151 5004 1216 5042 ex
1243 4985 1437 5039 Christi
1468 4982 1653 5036 amicis
1679 4990 1824 5044 erat,
1872 4989 1928 5035 et

350 5086 721 5141 inlirmabatur
760 5101 774 5136 :
821 5083 874 5136 id
917 5080 1056 5150 quod
1102 5077 1351 5133 dicebant
1398 5075 1431 5126 ii
1478 5073 1571 5142 qui
1623 5072 1924 5125 miserunt:

352 5178 484 5232 Ecce
517 5192 663 5247 quem
704 5190 846 5227 amas
885 5173 1196 5241 inﬁrmatur.
1246 5166 1351 5221 Sed
1388 5166 1562 5218 locum
1593 5162 1750 5216 altius
1780 5174 1930 5228 repe-

355 5279 548 5322 tamus.
598 5267 744 5327 Erat,
790 5263 979 5333 inquit,
1019 5262 1223 5331 quidam
1250 5260 1491 5328 languens
1518 5254 1743 5307 Lazarus
1771 5268 1803 5303 α
1831 5249 1931 5303 Be-

356 5363 554 5414 thania.
592 5359 705 5413 Non
730 5358 824 5411 abs
865 5372 922 5410 re
948 5355 1087 5408 dixit
1115 5351 1255 5405 unde
1284 5358 1425 5405 esset
1447 5348 1698 5407 Lazarus,
1746 5341 1839 5397 sed
1869 5355 1932 5393 ea

360 5451 425 5505 de
458 5464 640 5514 causa,
688 5462 845 5515 quam
892 5452 1076 5514 postea
1123 5441 1361 5495 dicturus
1408 5447 1508 5492 est.
1550 5434 1765 5488 Interim
1807 5444 1935 5484 vero

422 5619 497 5680 (η)
530 5617 667 5667 Hanc
689 5616 933 5680 homiliam
959 5622 1010 5662 et
1031 5615 1150 5661 duas
1171 5606 1675 5680 sequentesetlidere
1707 5602 1823 5680 olim
1849 5609 1934 5650 Pa-

360 5668 599 5732 ris‘ie'ttses
630 5678 912 5740 typographi
965 5682 1094 5740 tonio
1140 5668 1703 5740 secundo“Bibliotheca:
1727 5672 1934 5736 Patrum,

362 5744 587 5792 Etlitione
611 5726 847 5794 sdcuti'da:
870 5739 1063 5786 nomine
1087 5737 1238 5783 sancti
1265 5732 1416 5780 Basilii
1441 5728 1674 5777 Seleucia:
1701 5726 1933 5794 episcopi,

363 5806 525 5912 tiatiml)
577 5815 741 5849 versas
781 5789 869 5861 per
900 5798 1202 5848 't‘heodorum
1244 5794 1488 5844 Pcltauum
1531 5789 1782 5839 Societat'ts
1825 5793 1939 5835 Jcsu

364 5874 496 5912 "tuo
517 5876 681 5912 orrum.

364 5874 681 5925 ’l'ltculogttat.

2018 4100 2296 4173 przesentia
2325 4104 2634 4151 tractemus.
2676 4091 2900 4145 Sorores
2935 4085 3133 4139 utiliter
3164 4083 3382 4146 indicat,
3413 4087 3467 4134 et
3489 4078 3596 4131 Ma-

2015 4171 2147 4252 riam
2175 4208 2292 4262 qua:
2322 4193 2374 4244 in
2415 4189 2594 4256 aliquo
2633 4181 2936 4252 praestabat,
2989 4178 3093 4232 hoc
3133 4175 3417 4243 adjiciens,
3470 4171 3598 4223 Erat

2017 4299 2185 4343 autem
2230 4284 2401 4338 Maria
2442 4295 2555 4349 qua:
2597 4275 2875 4329 Dominum
2914 4277 3127 4324 auxerat
3172 4275 3447 4335 unguento.
3503 4263 3600 4316 llic

2020 4381 2237 4452 quidam
2279 4375 2629 4445 qu:estionem
2657 4373 2906 4429 movent,
2940 4378 3034 4418 cur
3067 4360 3319 4414 Dominus
3350 4356 3450 4409 hoc
3480 4371 3600 4408 mu-

2019 4474 2207 4529 lierem
2235 4469 2410 4522 facere
2441 4460 2784 4533 permiserit?
2815 4458 2996 4511 Primo
3025 4455 3203 4521 itaque
3241 4452 3416 4502 discas
3444 4463 3602 4517 opor-

2024 4573 2093 4618 tet
2118 4604 2132 4627 ,
2183 4576 2289 4614 non
2329 4559 2465 4610 hanc
2505 4567 2625 4608 esse
2656 4548 2992 4604 meretricem
3021 4544 3091 4597 de
3117 4557 3219 4610 qua
3247 4539 3525 4593 Matthams
3549 4548 3605 4593 et

2025 4654 2220 4716 Lucas,
2264 4649 2357 4703 sed
2387 4646 2545 4700 aliam
2592 4642 2871 4695 honestam
2901 4636 3202 4690 mulierem.
3236 4630 3343 4685 Illae
3376 4644 3607 4697 namque

2028 4746 2280 4800 mulieres
2313 4747 2466 4795 erant
2494 4733 2729 4806 peccatis
2769 4738 2976 4785 onusta:
3005 4744 3017 4779 :
3061 4726 3174 4779 hare
3201 4737 3330 4776 vero
3358 4730 3409 4775 et
3435 4720 3610 4774 hone-

2026 4846 2109 4889 sta
2153 4843 2208 4888 et
2264 4829 2520 4885 studiosa.
2578 4825 2707 4878 Nam
2762 4822 3035 4877 Christum
3084 4816 3338 4885 excipere
3382 4810 3605 4865 curavit.

2027 4926 2218 4979 Narrat
2278 4928 2456 4973 autem
2512 4912 2872 4983 evangelista,
2920 4921 3133 4962 sorores
3172 4916 3386 4974 quoque
3432 4901 3602 4969 ipsum

2030 5016 2322 5077 amavisse;
2370 5018 2425 5065 et
2464 5019 2640 5062 tamen
2671 5005 2931 5060 Lazarum
2971 5000 3105 5055 mori
3148 4996 3412 5068 permisit.
3436 4993 3611 5060 Quare

2032 5123 2161 5169 non,
2208 5112 2268 5158 ut
2305 5100 2548 5157 centurio
2592 5106 2646 5151 et
2686 5095 2936 5164 regulus,
2988 5091 3172 5145 relicto
3224 5089 3387 5141 fratre
3438 5097 3611 5153 :rgro-

2035 5205 2217 5261 tante,
2271 5193 2543 5248 Christum
2592 5188 2820 5250 adeunt,
2867 5184 2959 5238 sed
3011 5181 3266 5236 mittunt?
3312 5176 3613 5232 Admodum

2035 5289 2248 5343 Christo
2279 5283 2531 5346 lidebant,
2575 5280 2781 5348 ipsique
2824 5275 3111 5328 familiares
3154 5279 3331 5324 erant.
3363 5266 3612 5335 Alioquin

2038 5379 2287 5435 mulieres
2312 5383 2465 5429 erant
2495 5370 2753 5433 infirmae,
2783 5375 2836 5421 et
2866 5367 3009 5418 luctu
3038 5362 3429 5417 detinebantur.
3461 5355 3616 5423 Quod

2041 5473 2181 5527 enim
2213 5484 2318 5523 non
2348 5481 2414 5520 ex
2438 5471 2743 5529 contemptu
2769 5459 2847 5511 sic
2874 5457 3134 5519 fecerint,
3183 5462 3362 5522 postea
3392 5451 3616 5503 demon-

2043 5566 2296 5613 strarunt.
2340 5552 2496 5619 Quod
2538 5551 2697 5621 igitur
2725 5548 2840 5602 haec
2882 5546 2972 5600 illa
3000 5559 3106 5596 non
3131 5550 3272 5595 esset
3307 5540 3480 5607 palam
3516 5544 3619 5591 est.

2042 5652 2146 5708 Sed
2170 5651 2335 5713 illam,
2370 5645 2597 5715 inquies,
2628 5658 2722 5695 cur
2746 5639 2959 5694 admisit
2988 5636 3268 5691 Christus?
3308 5640 3364 5683 nt
3389 5630 3623 5682 solveret

2046 5742 2377 5811 nequitiam,
2442 5746 2497 5789 ut
2545 5733 2922 5786 humanitatem
2971 5725 3285 5787 exhiberet,
3334 5732 3386 5774 ut
3446 5720 3624 5774 discas

2047 5833 2246 5889 nullum
2283 5844 2402 5885 esse
2446 5826 2710 5887 morbum,
2763 5823 2849 5892 qui
2899 5820 3015 5889 ejus
3057 5818 3344 5872 bonitatem
3387 5821 3621 5885 superet.
