4084 6360
557 375 665 431 343

554 491 633 549 Ne
677 491 855 555 itaque
896 488 999 543 hoc
1048 497 1253 543 tantum
1296 487 1550 555 respicias
1592 484 1734 555 quod
1775 485 1919 539 illam
1963 484 2135 537 admi-

552 593 705 647 sent,
735 582 828 635 sed
856 591 910 635 et
936 580 1059 635 illud
1087 579 1388 644 considera,
1432 578 1704 647 quomodo
1733 577 2038 630 mutaverit.
2070 575 2138 630 Et

549 689 647 728 Cur
685 674 823 727 hanc
851 681 1111 727 memorat
1140 671 1416 725 historiam
1445 670 1815 739 evangelista?
1860 670 1967 721 imo
2007 682 2137 722 vero

548 765 677 833 quid
720 780 817 820 nos
859 765 972 818 vult
1014 764 1251 826 docere,
1298 778 1418 816 cum
1459 763 1579 815 ait:
1620 762 1674 813 5.
1717 760 1929 813 Amabat
1966 769 2134 813 autem

546 857 699 912 Iesus
724 857 982 911 Martinam
1013 866 1060 910 et
1097 873 1319 909 sororem
1347 857 1477 926 ejus,
1506 865 1553 908 et
1581 853 1875 907 Lazarum!
1909 853 1984 907 Ne
2010 869 2129 907 um—

546 970 705 1023 quam
738 953 1075 1023 indignemur
1099 951 1179 1005 vel
1211 966 1355 1021 aegre
1385 951 1617 1004 feramus
1639 992 1655 1015 ,
1702 950 1746 1003 si
1795 949 1894 1003 viri
1934 949 2133 1003 virtute

545 1046 754 1115 μνωόίιί
796 1055 849 1099 et
888 1046 978 1099 Dei
1008 1044 1199 1105 amici,
1229 1043 1280 1096 in
1310 1042 1556 1097 morbum
1599 1040 1853 1095 incidant.
1895 1042 1949 1096 5.
2002 1040 2133 1094 Ecce

543 1156 691 1206 quem
733 1156 897 1205 amas,
944 1139 1253 1205 inﬁrmatur.
1296 1135 1352 1190 In
1398 1135 1919 1189 commiserationem
1966 1133 2127 1188 Chri-

544 1242 688 1287 stum
740 1230 1051 1301 pertrahere
1099 1230 1372 1283 volebant.
1418 1227 1606 1281 Adhuc
1652 1227 1797 1282 enim
1854 1226 2125 1279 hominem

540 1338 665 1378 esse
708 1323 985 1392 putabant.
1029 1321 1170 1390 quod
1214 1336 1281 1375 ex
1323 1320 1481 1376 dictis
1524 1334 1712 1374 eorum
1752 1319 2012 1388 arguitur,
2064 1318 2127 1371 Si

540 1418 722 1487 fuisses
759 1414 878 1477 hic,
923 1430 1025 1466 non
1071 1413 1249 1483 fuisset
1297 1421 1543 1464 mortuus.
1602 1410 1785 1479 Neque
1839 1408 2122 1474 dixerunt,

540 1509 677 1562 Ecce
703 1506 931 1560 Lazarus
960 1503 1296 1563 inﬁrmatur;
1346 1501 1465 1566 sed,
1497 1500 1627 1555 Ecce
1663 1518 1809 1569 quem
1838 1516 2003 1565 amas,
2039 1502 2123 1552 in-

539 1600 797 1666 ﬁrmatur.
825 1596 961 1663 Quid
994 1610 1121 1663 ergo
1161 1594 1451 1647 Christus?
1490 1595 1543 1647 4.
1575 1591 1701 1646 Ηωε
1722 1592 1993 1660 inﬁrmitas
2022 1608 2123 1645 non

534 1704 608 1747 est
658 1694 727 1746 ad
772 1702 1003 1758 mortem,
1053 1694 1144 1745 sed
1187 1708 1281 1759 pro
1325 1691 1488 1759 gloria
1535 1689 1661 1754 Dei,
1714 1699 1769 1741 ut
1810 1688 2123 1759 gloriﬁcetur

538 1788 704 1843 Filius
732 1787 826 1840 Dei
862 1804 953 1857 per
976 1803 1109 1839 imm.
1143 1784 1277 1839 Vide
1312 1783 1584 1853 quomodo
1624 1796 1833 1836 rursnm
1873 1781 2118 1836 eamdem

531 1880 676 1933 dicat
717 1878 940 1949 gloriam
990 1892 1142 1929 suam
1173 1883 1228 1930 et
1264 1874 1456 1928 Patris.
1520 1873 1652 1927 Cum
1702 1875 1845 1927 enim
1874 1872 2118 1937 dixisset,

535 1972 646 2036 Dei,
698 1970 950 2037 subdidit,
999 1968 1069 2024 Ut
1098 1969 1409 2039 gloriﬁcetur
1456 1966 1621 2020 Filius
1653 1965 1769 2019 Dei.
1820 1964 2119 2034 Haecinﬁr-

530 2064 681 2115 mites
737 2078 837 2115 non
883 2069 955 2113 est
1020 2061 1089 2112 ad
1144 2068 1374 2112 mortem.
1430 2056 1561 2111 Cum
1614 2058 1757 2110 enim
1802 2055 1911 2110 illic
1958 2057 2119 2111 biduo

530 2169 812 2207 mansurus
841 2160 1004 2216 esset,
1038 2150 1263 2205 remittit
1308 2150 1427 2204 illos
1474 2158 1532 2201 ut
1561 2149 1678 2202 ha3c
1708 2149 1973 2203 nuntient.
2000 2148 2117 2214 Qua

530 2248 582 2300 in
630 2261 687 2299 re
736 2243 1037 2299 mirandum
1080 2252 1192 2307 est,
1225 2242 1366 2311 quod
1407 2256 1622 2294 sorores
1669 2256 1791 2293 cum
1844 2240 2119 2294 audissent

530 2352 634 2390 non
682 2351 802 2390 esse
850 2335 916 2388 ad
964 2342 1212 2391 mortem.
1243 2342 1298 2386 et
1326 2340 1510 2400 postea
1542 2333 1678 2385 mori
1708 2332 1986 2397 vidissent,
2035 2332 2117 2384 of-

526 2430 690 2483 fensa:
729 2444 833 2482 nou
875 2428 1090 2486 fuerint.
1139 2442 1256 2481 rem
1286 2436 1470 2481 contra
1514 2426 1744 2480 cessisse
1786 2437 2111 2489 cernentes;

526 2539 709 2579 verum
749 2529 1133 2585 accesserunt,
1184 2535 1285 2575 nec
1330 2529 1585 2590 ptttarunt
1631 2521 1913 2574 mentitum
1962 2521 2111 2574 illum

523 2630 662 2669 esse.
706 2612 795 2667 Illa
836 2624 1012 2666 autem
1053 2612 1331 2681 particula,
1369 2610 1458 2676 Ut,
1489 2629 1594 2665 non
1617 2614 1846 2667 causalis
1875 2623 1980 2679 est,
2012 2614 2107 2669 sed

522 2715 769 2759 eventum
800 2704 1084 2773 significat.
1132 2703 1248 2756 Alia
1287 2718 1515 2773 namque
1550 2703 1649 2758 fuit
1689 2705 1857 2757 morbi
1904 2720 2107 2771 causa;

522 2796 614 2848 illo
655 2804 830 2849 autem
875 2795 941 2848 ad
994 2795 1085 2848 Dei
1128 2795 1351 2861 gloriam
1384 2810 1513 2849 usus
1542 2805 1643 2849 est.
1679 2797 1731 2851 6.
1766 2796 1833 2850 Et
1859 2814 1975 2850 cum
2001 2798 2110 2852 Iure

520 2888 747 2952 dixisset,
789 2888 969 2940 mansit
1008 2888 1061 2939 in
1103 2903 1161 2939 eo
1200 2887 1311 2939 loco
1356 2886 1485 2940 duos
1532 2887 1660 2941 dies.
1706 2888 1813 2941 Cur
1864 2891 2108 2943 mansit?

522 2979 593 3036 Ut
634 2982 902 3049 expiraret
947 2980 1033 3033 ille
1074 2989 1128 3034 et
1176 2979 1543 3049 sepeliretur:
1595 2996 1663 3034 ne
1709 2984 1830 3050 quis
1882 2982 2108 3047 diceret,

520 3071 766 3125 Nondum
790 3070 1101 3125 defunctum
1130 3072 1424 3136 suscitavit,
1474 3072 1679 3141 sopitus
1709 3083 1910 3126 tantmn
1957 3084 2106 3140 erat;

520 3162 635 3227 vel,
686 3162 902 3218 Solutus
944 3161 1237 3227 defecerat,
1291 3179 1400 3217 non
1432 3179 1577 3219 mors
1620 3174 1755 3220 erat.
1800 3165 1923 3222 Ideo
1962 3176 2110 3222 tanto

520 3264 762 3326 tempore
788 3266 986 3321 manet,
1008 3266 1067 3311 ut
1092 3256 1185 3311 illo
1208 3256 1317 3325 jam
1348 3264 1625 3325 corrupto,
1658 3257 1840 3312 dicere
1867 3268 2105 3327 possent,

519 3345 640 3402 Iam
660 3352 795 3419 [mist
834 3350 855 3418 (
873 3348 1030 3402 Jouu.
1063 3350 1150 3403 11.
1182 3348 1310 3417 59).
1344 3350 1398 3402 7.
1428 3347 1624 3401 Deinde
1648 3349 1771 3402 dicit
1797 3350 2060 3418 discipulis
2090 3367 2103 3403 :

524 3441 713 3496 Eamus
738 3443 792 3495 in
810 3442 1067 3496 Juda'am.
1094 3441 1204 3496 Cur
1240 3457 1361 3495 cum
1392 3456 1652 3509 nusquam
1682 3442 1753 3495 ita
1780 3442 2105 3510 pra-dixerit,

522 3534 607 3589 ltic
629 3534 896 3604 praedicit?
924 3534 1084 3587 Valde
1104 3532 1361 3587 timebant
1381 3552 1392 3586 :
1411 3542 1465 3588 et
1484 3534 1608 3601 quia
1632 3532 1711 3587 sic
1738 3532 1913 3587 aﬂ'ecti
1930 3545 2105 3599 erant,

522 3627 779 3696 przrdicit,
827 3640 895 3679 ne
920 3625 1105 3679 statim
1137 3624 1438 3679 turbentur.
1488 3624 1628 3692 Quid
1661 3638 1790 3679 vero
1820 3624 2107 3693 discipuli?

518 3720 575 3773 8.
618 3716 772 3770 Nune
810 3716 1100 3786 maerebant
1142 3726 1191 3769 te
1228 3714 1403 3769 Judtei
1450 3715 1705 3785 lapidare,
1753 3725 1801 3770 et
1843 3728 2021 3770 rursus
2049 3720 2107 3770 eo

520 3807 662 3862 uadis
684 3807 709 3860 .’
730 3807 1014 3861 Timebant
1041 3807 1185 3862 enim
1214 3807 1377 3861 etiam
1403 3806 1475 3871 ei,
1504 3806 1598 3862 sed
1619 3806 1720 3863 sibi
1746 3807 1950 3877 magis;
1981 3822 2109 3861 non-

521 3898 650 3951 tlum
676 3898 818 3951 enim
850 3897 1068 3967 perfecti
1105 3905 1277 3951 erant.
1323 3896 1661 3968 Quapropter
1691 3898 1883 3952 timore
1918 3899 2107 3967 exagi-

520 4000 661 4045 tatus
674 3989 908 4045 Thomas
927 3989 1055 4045 dicit
1069 3989 1120 4044 ei
1139 4007 1154 4043 :
1174 3989 1389 4057 Eamus,
1416 3998 1471 4042 ut
1489 4000 1536 4043 et
1548 4006 1638 4043 nos
1650 3990 1929 4044 moriamur
1941 3991 1959 4058 (
1968 3988 1991 4041 Ι
1999 3990 2102 4044 bid.

520 4082 633 4153 16).
666 4081 931 4136 lnfirmior
970 4095 1199 4150 namque
1242 4091 1295 4135 et
1346 4080 1515 4151 magis
1559 4081 1903 4137 incredulus‘
1945 4097 2104 4151 quam

518 4174 699 4229 cmteri
744 4184 882 4227 erat.
932 4172 1037 4228 Sed
1082 4172 1206 4226 vide
1239 4171 1511 4242 quomodo
1540 4172 1784 4227 Christus
1813 4172 1969 4228 dictis
1996 4174 2107 4227 suis

520 4268 643 4323 illos
667 4267 970 4322 continuet.
1011 4264 1067 4321 9.
1123 4264 1310 4319 Nonne
1333 4265 1600 4319 duodecim
1641 4266 1781 4319 hora:
1811 4274 1927 4319 sunt
1958 4265 2107 4318 diei?

522 4361 619 4416 Vel
649 4362 748 4414 hoc
764 4360 916 4423 dixit,
950 4368 1008 4414 ut
1036 4358 1358 4423 declararet,
1387 4358 1517 4413 nihil
1542 4358 1834 4413 timendum
1856 4373 1976 4414 esse
1998 4360 2109 4413 nul-

518 4451 621 4506 lius
645 4452 745 4506 sibi
774 4450 898 4504 mali
925 4450 1144 4505 conscio
1169 4467 1185 4515 ;
1231 4450 1323 4504 sed
1350 4465 1472 4505 eum
1500 4450 1588 4520 qui
1619 4449 1758 4504 male
1798 4448 1983 4504 fecerit
2013 4466 2109 4519 pu-

521 4542 774 4598 niendum
824 4543 1031 4611 (quare
1075 4541 1229 4597 nobis
1269 4540 1400 4595 nihil
1443 4540 1760 4605 timendum,
1807 4556 1930 4594 cum
1973 4540 2105 4594 nihil

520 4644 693 4689 morte
736 4635 955 4703 dignum
1005 4633 1291 4689 fecerimus
1322 4636 1341 4703 )
1373 4650 1387 4687 :
1417 4633 1503 4687 vel
1544 4633 1623 4687 sic
1670 4632 1958 4700 intelligas,
2004 4632 2105 4698 Qui

522 4730 693 4783 lucem
728 4729 884 4798 hujus
909 4727 1094 4783 mundi
1131 4726 1295 4790 videt,
1328 4726 1383 4780 in
1417 4734 1531 4780 tuto
1557 4734 1681 4792 est;
1714 4726 1760 4779 si
1799 4734 1978 4780 autem
2012 4726 2103 4781 ille

520 4822 573 4875 in
601 4828 715 4875 tuto
739 4830 842 4887 est,
872 4820 1041 4874 multo
1070 4819 1236 4889 magis
1264 4818 1309 4872 is
1332 4818 1419 4888 qui
1444 4832 1652 4872 mecum
1680 4826 1783 4883 est,
1831 4818 1929 4871 nisi
1960 4834 1990 4871 a
2021 4832 2107 4872 me

519 4911 849 4966 discesserit.
880 4910 973 4965 llis
1013 4912 1193 4964 verbis
1220 4909 1338 4963 illos
1364 4908 1723 4974 confirmavit,
1765 4916 1820 4961 et
1860 4922 2105 4963 necessa-

522 5004 657 5058 riam
687 5017 903 5057 causant
934 5001 1190 5063 subdidit,
1214 5015 1309 5055 cur
1336 5001 1428 5055 illo
1456 4999 1792 5069 migrandum
1823 5010 1968 5055 esset
2006 5016 2019 5052 :
2053 5009 2106 5053 et

524 5105 806 5165 postquam
846 5096 1187 5160 declarasset,
1234 5110 1341 5149 non
1381 5094 1550 5147 ituros
1573 5092 1982 5163 Jerosolymam,
2012 5093 2105 5146 sed

524 5189 860 5253 licthaniam,
886 5191 1021 5244 dixit
1054 5207 1067 5243 :
1100 5191 1181 5243 ll.
1206 5187 1438 5242 Lazarus
1463 5188 1653 5240 amicus
1680 5187 1883 5249 dormit,
1911 5196 1957 5238 et
1978 5186 2106 5239 vado

521 5293 575 5336 ut
603 5283 750 5335 illum
776 5294 1003 5336 ea'cttem.
1038 5282 1148 5335 Hoc
1190 5292 1290 5347 est,
1334 5280 1448 5335 Non
1487 5281 1677 5334 iterum
1703 5280 1838 5332 vado
1865 5295 1985 5334 cum
2007 5279 2107 5334 Ju~

523 5375 655 5430 dmis
687 5375 1055 5444 disputaturos
1084 5384 1137 5428 et
1159 5388 1566 5441 congressurus,
1610 5372 1704 5427 sed
1736 5374 1966 5426 amicum
2006 5388 2105 5426 no-

526 5478 692 5524 strum
742 5470 1093 5522 excitaturus.
1135 5466 1223 5520 12.
1253 5466 1445 5521 Dicunt
1475 5466 1719 5537 discipuli
1748 5481 1767 5519 :
1797 5465 2031 5532 Domine,
2063 5466 2104 5519 si

524 5560 729 5625 dormit,
760 5562 928 5615 salvus
954 5562 1068 5613 erit.
1103 5558 1155 5613 Id
1186 5576 1314 5613 vero
1341 5575 1444 5614 non
1488 5560 1605 5615 sine
1639 5575 1797 5615 causa
1837 5560 2104 5622 dixerunt,

522 5651 617 5706 sed
659 5659 719 5705 ut
752 5651 1073 5722 impedirent
1121 5651 1404 5719 quominus
1445 5651 1566 5706 iret.
1602 5650 1776 5719 Dicis,
1821 5651 2105 5723 inquiunt,

586 5803 607 5838 ⁸
646 5803 701 5855 In
724 5809 885 5857 Morel.
911 5806 1116 5870 legitur,
1141 5807 1372 5870 tinudior,
1402 5822 1504 5871 pro,
1531 5807 1685 5873 magis
1720 5809 2017 5863 incredulus.

1298 369 1356 425 S.
1385 368 1663 424 JOANNIS
1698 367 2176 424 CllllYSUSTOHI
2213 370 2533 430 ARCIIIEP.
2570 375 3107 439 CONSTANTIN'UP.

3728 401 3826 459 δη

2428 487 2667 583 dormire
2686 492 2713 547 ἲ
2753 510 2882 562 ergo
2912 499 3042 551 nihil
3071 502 3212 571 cogit
3237 503 3328 557 illo
3351 505 3520 564 abire.
3554 512 3712 583 Atqui
3742 517 3825 573 ille

2245 578 2370 633 ideo
2412 579 2643 647 dixerat,
2684 586 2890 641 Amicus
2929 602 3117 656 noster,
3159 604 3216 648 ut
3244 600 3553 657 ostenderet
3581 578 3823 662 necessa-

2243 671 2377 724 riam
2404 688 2525 728 esse
2550 677 2954 745 profectionem.

2311 761 2541 860 2.__Quia
2586 784 2715 823 vero
2753 772 2828 824 illi
2871 775 3148 843 segniores
3187 791 3365 849 erant,
3414 785 3546 841 dixit
3587 787 3823 860 tandem,

2242 852 2332 947 tt.
2358 853 2595 911 Hortatu
2626 870 2719 913 αι.
2747 861 2930 917 Primo
2952 866 3133 935 itaque
3164 880 3221 923 ut
3246 871 3441 929 fastum
3468 878 3697 947 tolleret,
3741 852 3819 940 sa;

2241 942 2729 1041 loquutusfuerat;
2758 966 2880 1007 cum
2910 967 3091 1011 autem
3120 959 3169 1013 id
3199 960 3273 1015 illi
3303 979 3410 1019 non
3438 942 3813 1041 intelligerent,

2236 1032 2453 1128 adjecit,
2487 1035 2722 1093 Hormus
2746 1053 2840 1109 est,
2880 1045 2969 1100 15.
3000 1058 3048 1100 et
3075 1052 3273 1119 gaudeo
3300 1066 3509 1124 propter
3687 1032 3811 1128 Cur,

2237 1122 2461 1221 Propter
2497 1130 2627 1183 aut!
2666 1131 2818 1199 Quod
2846 1136 3047 1192 absens
3074 1122 3451 1207 przedixerim:
3484 1150 3662 1221 itaque
3691 1122 3811 1210 cum

2234 1219 2647 1314 resuscita-vero,
2678 1225 2821 1279 nulla
2849 1232 3148 1286 remanebit
3172 1236 3428 1304 suspicio.
3466 1219 3651 1297 Viden”
3675 1263 3811 1314 quo-

2232 1308 2393 1409 modo
2420 1310 2593 1367 adhuc
2617 1314 3044 1385 imperfectiores
3066 1337 3250 1380 essent
3273 1329 3538 1402 discipuli,
3566 1354 3666 1393 nec
3693 1308 3811 1409 ejus

2232 1401 2481 1457 virtutem
2509 1416 2565 1458 ut
2606 1422 2701 1475 par
2735 1419 2855 1464 erat
2895 1422 3319 1482 cognoscerent?
3353 1401 3505 1491 Quod
3551 1444 3618 1483 ex
3667 1401 3807 1487 metu

2230 1492 2445 1548 illorum
2491 1500 2702 1553 animos
2749 1504 2999 1561 turbante
3040 1514 3405 1577 proveniebat.
3460 1519 3528 1574 Et
3570 1536 3689 1576 Cum
3722 1526 3808 1579 di-

2230 1585 2325 1645 xit,
2360 1585 2582 1653 Dormit,
2619 1592 2841 1658 addidit,
2878 1594 3023 1650 Vada
3048 1611 3104 1653 ut
3127 1605 3337 1658 excitem
3372 1624 3520 1676 eum;
3563 1629 3683 1667 cunt
3712 1632 3807 1669 au-

2230 1683 2336 1767 tem
2365 1677 2519 1739 dixit.
2549 1679 2787 1739 Mortuus
2814 1698 2908 1750 est,
2940 1705 3045 1743 non
3069 1692 3179 1760 jam
3209 1696 3611 1767 addidit,Vado,
3646 1717 3699 1757 ut
3724 1725 3807 1759 su-

2225 1766 2397 1819 scitem
2427 1785 2561 1823 eum.
2594 1772 2708 1827 Non
2748 1777 2891 1830 enim
2924 1780 3136 1837 volebat
3161 1800 3224 1839 ex
3260 1789 3436 1844 verbis
3474 1766 3765 1861 praedicere
3786 1838 3802 1861 ,

2224 1879 2346 1933 qua:
2375 1880 2539 1934 opere
2566 1869 2979 1926 confirmaturus
3013 1884 3151 1937 erat.
3184 1892 3284 1932 nos
3318 1896 3532 1952 semper
3569 1885 3803 1953 docens,

2225 1972 2416 2010 vanam
2442 1959 2667 2027 gloriam
2696 1975 2820 2015 esse
2859 1962 3184 2033 fugiendam,
3236 1985 3408 2039 neque
3451 1982 3651 2029 temere
3688 1993 3809 2030 esse.

2227 2050 2672 2117 promittendum.
2719 2052 2869 2118 Quod
2901 2056 2945 2107 si
2976 2068 3189 2126 rogatus
3229 2060 3330 2115 hoc
3357 2067 3657 2120 centurioni
3686 2067 3803 2122 fmit

2224 2139 2562 2209 (dixitenim,
2585 2141 2696 2213 Ego
2722 2146 2949 2210 vatiam;
2975 2158 3019 2199 et
3039 2149 3224 2203 curabo
3240 2168 3353 2206 eum
3378 2151 3589 2225 [Matt/1.
3613 2158 3664 2210 8.
3689 2156 3798 2228 7]);

2224 2231 2277 2285 id
2306 2231 2460 2297 dixit,
2493 2245 2549 2287 ut
2572 2235 2691 2303 ejus
2717 2237 2875 2291 fidem
2903 2242 3231 2297 ostenderet.
3265 2245 3319 2299 Si
3346 2248 3467 2315 quis
3496 2265 3626 2303 vero
3650 2251 3798 2306 dixe-

2223 2324 2311 2389 rit,
2342 2326 2449 2381 Cur
2467 2343 2715 2384 somnum
2757 2333 3168 2401 suspicabantur
3188 2353 3310 2393 esse
3332 2340 3603 2411 discipuli,
3631 2360 3803 2414 neque

2221 2427 2487 2471 noverunt
2514 2428 2781 2475 mortuum
2812 2438 2952 2484 esse.
2978 2441 3098 2480 cum
3126 2428 3348 2493 diceret,
3400 2432 3599 2487 Vadam
3630 2446 3683 2490 et
3710 2451 3799 2491 cu-

2222 2506 2353 2560 rabo
2392 2510 2553 2561 eum?
2600 2509 2862 2581 (stultum
2907 2516 3052 2569 enim
3093 2528 3209 2572 erat
3238 2521 3281 2573 si
3310 2532 3559 2590 putarent
3598 2525 3778 2581 lesum

2219 2597 2519 2667 quindecim
2548 2602 2718 2655 stadia
2758 2604 3127 2662 confecturum
3164 2625 3321 2677 esse,
3354 2623 3411 2666 ut
3439 2616 3586 2670 illum
3614 2633 3797 2686 exper-

2216 2688 2487 2757 gefaceret
2517 2692 2535 2760 )
2568 2710 2580 2744 :
2613 2696 2973 2763 respondebo,
3028 2711 3240 2767 putasse
3282 2705 3403 2761 illos
3436 2706 3537 2762 hoc
3576 2712 3794 2780 :enigtna

2217 2796 2359 2847 esse,
2391 2794 2449 2837 ut
2474 2784 2577 2838 alia
2606 2787 2772 2841 multa
2800 2806 2920 2858 quae
2949 2790 3180 2848 dicebat.

2293 2874 2511 2929 Thomas
2557 2879 2784 2932 omnium
2832 2882 3209 2950 inﬁrmissimus
3268 2899 3442 2956 postea
3493 2894 3791 2962 fortissimus

2216 2967 2424 3035 ell'ectus
2471 2982 2563 3024 est.
2606 3002 2680 3011 —
2716 2972 2917 3030 Omnes
2964 2977 3143 3045 itaque
3175 2979 3483 3036 Judmurum
3538 2985 3786 3054 impetum

2217 3060 2606 3119 formidabant:
2640 3068 2877 3120 omnium
2909 3069 3143 3125 maxime
3173 3070 3408 3128 Thomas
3439 3093 3453 3128 :
3484 3075 3603 3130 ideo
3636 3078 3787 3141 dixit,

2217 3154 2305 3208 lli.
2340 3153 2553 3218 Eamus,
2584 3167 2638 3209 ut
2667 3168 2714 3212 et
2741 3176 2833 3213 nos
2853 3162 3130 3215 moriamur
3164 3179 3279 3217 cum
3305 3181 3383 3218 eo.
3413 3166 3637 3233 Quidam
3668 3185 3789 3224 vero

2214 3246 2417 3314 dicunt,
2465 3249 2638 3317 ipsum
2688 3252 2822 3306 mori
2872 3263 3128 3323 optasse;
3171 3256 3265 3309 sed
3296 3274 3402 3312 non
3444 3260 3512 3312 ita
3558 3277 3643 3315 res
3673 3274 3784 3316 est:

2214 3356 2337 3393 nam
2362 3343 2537 3409 potius
2556 3358 2621 3396 ex
2649 3344 2838 3399 timore
2861 3346 3193 3414 loquebatur.
3216 3348 3322 3404 Sed
3356 3367 3459 3405 non
3491 3353 3788 3423 increpatus

2216 3432 2332 3486 fuit.
2386 3433 2515 3504 Ejus
2544 3436 2687 3489 enim
2724 3438 3082 3493 infirmitatem
3124 3441 3303 3497 adhuc
3349 3444 3648 3510 tolerabat;
3702 3446 3788 3497 tit--

2213 3541 2360 3580 mum
2390 3537 2535 3581 certe
2560 3527 2642 3581 his
2672 3531 2908 3584 omnium
2936 3530 3258 3588 fortissimus
3286 3534 3510 3591 effectus
3536 3548 3617 3591 est
3643 3548 3696 3591 et
3723 3540 3789 3590 itt-

2213 3620 2549 3687 superabilis.
2601 3620 2753 3686 Nam,
2803 3625 2946 3692 quod
2972 3624 3327 3682 admiratione
3351 3627 3568 3697 dignum
3601 3640 3703 3692 est,
3746 3631 3790 3683 is

2212 3723 2371 3779 quem
2398 3710 2470 3763 ita
2495 3710 2761 3767 inﬁmum
2782 3723 2905 3769 ante
2928 3729 3142 3770 crucem
3171 3717 3420 3782 vidimus,
3444 3730 3563 3788 post
3581 3736 3789 3775 crucem

2213 3807 2269 3853 et
2297 3809 2418 3870 post
2442 3804 2850 3859 resurrectionis
2889 3804 3047 3861 ﬁdem
3075 3806 3529 3864 ferventissimum
3555 3813 3787 3864 omnium

2213 3894 2592 3961 conspicimus.
2622 3895 2789 3950 Tanta
2817 3906 2901 3952 est
2923 3896 3121 3953 Christi
3144 3901 3335 3956 virtus.
3382 3901 3514 3957 Nam
3556 3906 3643 3973 qui
3673 3920 3789 3958 cum

2212 3983 2428 4039 Christo
2456 3985 2766 4040 Bethaniam
2800 3989 2876 4043 ire
2902 4005 3006 4043 non
3033 3990 3283 4058 audebat,
3334 3994 3420 4048 hic
3446 3994 3663 4050 Christo
3687 4013 3788 4049 non

2213 4087 2477 4145 przesente
2518 4076 2705 4133 orbem
2748 4077 2861 4134 fere
2910 4082 3193 4149 percurrit,
3243 4084 3295 4137 in
3345 4084 3536 4139 tuetliis
3586 4088 3791 4156 populis

2212 4168 2526 4221 versabatur
2551 4171 2925 4239 sanguinariis,
2957 4174 3047 4242 qui
3078 4174 3225 4228 illum
3252 4175 3555 4232 interficere
3584 4194 3787 4245 «ιπηιγε-

2216 4255 2363 4312 bant.
2405 4257 2461 4313 Si
2492 4269 2669 4315 autem
2698 4262 2882 4317 stadiis
2911 4263 3213 4332 quindecim
3244 4265 3473 4320 distabat
3502 4266 3753 4322 Bethania
3774 4310 3788 4331 ,

2213 4366 2334 4419 qua:
2363 4360 2488 4406 sunt
2513 4353 2763 4408 milliaria
2789 4355 2917 4420 duo,
2966 4356 3236 4424 quomodo
3266 4359 3652 4426 quatriduauus
3681 4372 3791 4415 erat

2216 4443 2491 4499 Lazarus?
2537 4446 2728 4500 Mansit
2770 4446 2981 4502 duobus
3024 4449 3231 4515 diebus,
3280 4460 3336 4506 et
3376 4452 3548 4520 pridie
3580 4466 3792 4511 venerat

2216 4540 2434 4594 nuntius
2454 4580 2468 4603 ,
2516 4554 2581 4593 eo
2628 4540 2743 4607 ipso
2781 4541 2967 4595 mortis
2998 4542 3086 4597 die
3112 4561 3126 4597 :
3158 4542 3351 4597 deinde
3375 4553 3562 4611 quarta
3590 4544 3677 4597 die
3698 4544 3782 4597 ad-

2217 4631 2385 4687 venit.
2418 4631 2542 4686 ldeo
2570 4630 2746 4685 donec
2771 4642 3055 4686 vocaretur
3079 4634 3441 4702 exspectavit;
3488 4650 3659 4703 neque
3690 4650 3785 4686 non

2214 4722 2506 4777 accersitus
2559 4723 2704 4777 venit
2754 4738 2823 4778 ne
2872 4737 2974 4793 qua
3024 4725 3256 4780 oriretur
3302 4727 3555 4794 suspicio.
3613 4726 3792 4793 Neque

2218 4814 2367 4882 ipsae,
2400 4829 2520 4883 quae
2545 4814 2881 4879 amabantur,
2911 4825 3208 4881 venerunt;
3255 4816 3349 4870 sed
3376 4818 3462 4870 alii
3493 4817 3787 4871 mittuntur.

2217 4906 2303 4961 18.
2336 4904 2467 4959 Erat
2493 4915 2663 4959 autem
2687 4904 2938 4959 Bethania
2968 4910 3112 4975 quasi
3136 4908 3314 4963 stadiis
3335 4910 3637 4978 quindecim.
3663 4910 3789 4963 Hinc

2216 4996 2546 5065 significatur
2595 4998 2790 5052 multos
2832 5013 2898 5053 ex
2949 4998 3298 5071 Jerosolymis
3341 5001 3610 5065 adfuisse;
3673 5018 3788 5054 nam

2216 5089 2393 5142 statim
2433 5088 2634 5157 adjicit.
2675 5090 2873 5144 multos
2897 5105 2967 5144 ex
2999 5090 3197 5146 Judaeis
3217 5092 3455 5148 adfuisse
3481 5094 3570 5162 qui
3601 5108 3788 5147 conso-

2216 5179 2453 5235 larentur
2470 5196 2562 5235 eas
2585 5180 2762 5252 (Joan.
2796 5182 2883 5235 ll.
2917 5181 3030 5250 l9).
3050 5182 3330 5248 Quomodo
3351 5186 3365 5215 ¹
3385 5200 3413 5237 a
3433 5184 3646 5238 Christo
3659 5185 3790 5238 dile-

2215 5282 2329 5325 ctas
2364 5270 2533 5325 Judaei
2562 5273 3020 5327 consolabantur?
3072 5275 3231 5344 Atqui
3275 5288 3637 5331 convenerant
3669 5287 3723 5329 ut
3751 5277 3791 5327 si

2215 5363 2335 5433 quis
2362 5362 2634 5418 Chriswm
2663 5364 3031 5431 confiteretur,
3074 5378 3223 5420 extra
3253 5382 3576 5438 synagogam
3606 5369 3793 5422 ﬁeret?

2279 5502 2297 5532 ι
2330 5508 2510 5567 omnes
2541 5500 2651 5551 fere
2677 5511 2779 5567 Mss.
2805 5507 2952 5554 nostri
2977 5503 3154 5565 locum,
3180 5515 3236 5556 ut
3272 5507 3321 5555 in
3345 5513 3486 5555 textu
3504 5509 3648 5567 jacet,
3676 5506 3794 5554 επρ-

2215 5569 2356 5629 runt;
2380 5562 2507 5629 ἰξόίιί
2526 5578 2647 5613 vero
2670 5566 2840 5613 sic”...
2874 5585 2896 5611 tt
2911 5568 3048 5626 quasi
3070 5562 3240 5619 stadiis
3260 5564 3537 5629 quindecim
3558 5585 3606 5615 ι.
3637 5562 3795 5629 Neque

2219 5624 2344 5699 illud
2370 5624 2471 5674 sine
2494 5632 2853 5695 causa_notatur
2877 5640 2895 5699 ς
2922 5624 3288 5699 aed-ostendere
3326 5628 3470 5699 coluit
3495 5624 3791 5699 ευίζηᾳρζὶέςια

2216 5685 2371 5755 locum
2393 5699 2496 5755 esse
2518 5687 2793 5748 proximum
2812 5695 2895 5755 ,βε
2933 5702 2996 5737 ex
3013 5690 3097 5738 illa
3141 5690 3450 5755 proximitate
3491 5685 3794 5755 verisimilem

2215 5746 2327 5818 ﬁeri
2350 5746 2605 5818 nui-lterum
2628 5749 2947 5811 praesentiam.
2994 5746 3156 5818 Itaque
3181 5753 3429 5815 subjuuasit
3457 5765 3475 5801 :
3506 5770 3529 5798 ι
3554 5752 3688 5818 Multi
3709 5764 3793 5797 au-

2219 5817 2313 5860 tem
2331 5812 2589 5862 exludatis
2610 5819 2836 5862 venerant
2855 5818 2902 5863 ut
2922 5812 3275 5866 cmsolarcntur
3284 5816 3797 5873 casnouontodmetc.
