4084 6360
283 346 388 404 515

286 463 511 531 ἀδελφὸν
536 462 831 531 κάμνοντα,
863 461 997 531 ὅπερ
1026 460 1277 530 ἐποίησεν
1299 462 1325 511 6
1352 459 1743 527 ἑκατόνταρχος
1766 456 1861 507 καὶ

285 551 315 600 ὁ
343 548 524 616 ἄρχων
556 548 583 597 6
610 544 903 613 βασιλικὸς,
929 543 1171 613 ἀπῆλθον
1198 543 1333 613 πρὸς
1358 542 1540 605 αὑτὸν,
1572 541 1705 593 ἀλλά
1729 538 1863 607 πέμ-

287 648 448 683 πουσι
470 647 483 694 ;
514 630 723 701 Σφόδρα
743 629 1006 701 ἐθάρρουν
1027 628 1103 698 τῷ
1126 628 1364 698 Χριστῷ,
1388 628 1481 681 καὶ
1506 627 1704 696 πολλὴν
1726 625 1863 696 πρὸς

288 717 449 771 αὑτὸν
490 712 633 785 εἶχον
678 714 1188 777 οἰκείωσιν.”Αλλως
1217 714 1294 778 δὲ,
1322 715 1415 767 καὶ
1447 715 1701 781 γυναῖκες
1731 707 1870 783 ἦσαν

287 800 552 863 ἀσθενεῖς,
576 800 668 852 καί⁵
692 801 769 869 τῷ
790 798 978 851 πένθει
1001 799 1313 869 κατείχοντο
1335 815 1348 828 ·
1371 799 1492 850 ἐπεὶ
1514 799 1595 850 ὅτι
1621 798 1681 849 ού
1704 814 1872 850 κατα-

290 884 581 956 φρδνοῦσαι
612 882 769 935 τοῦτο
803 884 1038 946 ἐποίουν,
1077 882 1301 954 ὕστερον
1326 882 1747 951 ἐδήλωσαν.”οτι
1774 879 1871 950 μὲν

287 965 381 1025 οῦν
418 970 517 1023 ούκ
544 964 613 1040 ἦν
643 967 783 1038 αῦτη
813 968 1015 1037 ἐκείνη,
1039 966 1217 1037 δῆλον.
1235 966 1395 1019 Ἀλλά
1421 966 1517 1019 καὶ
1551 965 1763 1032 ἐκείνην
1792 962 1873 1015 τί-

288 1073 377 1121 νος
409 1056 593 1109 ἕνεκεν
630 1054 848 1119 ἐδέξατο
870 1056 898 1107 6
933 1053 1187 1125 Χριστδς,
1219 1052 1414 1122 φησίν;
1453 1052 1569 1103 ’Ὶνα
1602 1049 1738 1121 λύσῃ
1772 1049 1873 1119 τὴν

290 1140 488 1193 κακίαν
508 1157 521 1169 ·
559 1140 644 1192 ἵνα
672 1139 818 1209 δείξῃ
843 1138 943 1208 τὴν
971 1136 1378 1208 φιλανθρωπίαν
1402 1155 1416 1169 ·
1451 1136 1537 1188 ἵνα
1570 1134 1767 1207 μάθῃς,
1791 1134 1873 1186 ὅτι

288 1227 390 1278 ούκ
431 1224 547 1277 ἐστι
598 1224 809 1292 νόσημα
848 1220 1013 1275 νικῶν
1061 1221 1226 1274 αὐτοῦ
1271 1220 1370 1291 τὴν
1420 1219 1747 1289 ἀγαθότητα.
1780 1218 1871 1289 Μὴ

288 1310 467 1363 τοίνυν
512 1308 689 1361 τοῦτο
723 1308 882 1378 μόνον
930 1308 1063 1379 ῖδῃς,
1094 1307 1175 1360 ὅτι
1219 1305 1456 1372 ἐδέξατο,
1493 1304 1628 1359 ἀλλά
1654 1305 1875 1357 κάκεῖνο

291 1392 505 1459 σκόπει,
539 1391 656 1455 πῶς
695 1391 978 1461 μετέϐαλε.
1016 1391 1125 1445 Kal.
1151 1390 1295 1453 τίνος
1332 1390 1518 1442 ’ἐνεκεν
1562 1389 1875 1459 ἀναμιμνή-

294 1488 459 1530 σκεια
496 1475 597 1544 τῆς
640 1474 879 1546 ἱστορίας
926 1474 1130 1545 ταύτης
1180 1475 1330 1545 ἡμᾶς
1371 1476 1400 1528 ὁ
1442 1474 1871 1543 εύαγγελιστήςς

280 1559 493 1629 ⁴μᾶλλον
521 1558 577 1611 δέ
608 1558 659 1611 τί
694 1558 899 1624 διδάξαι
936 1557 1181 1628 βούλεται
1221 1556 1300 1627 τῷ
1337 1557 1539 1625 λέγειν,
1556 1556 1777 1627 Ἡγάπα
1806 1556 1874 1609 δὲ

290 1644 325 1697 ό
360 1644 591 1710 Ἰησοῦς
622 1642 738 1708 τὴν
768 1642 1034 1710 Μάρθαν,
1062 1642 1158 1695 καὶ
1202 1640 1316 1709 τὴν
1359 1640 1634 1709 ἀδελφὴν
1660 1638 1871 1707 αὐτῆς,

290 1728 388 1781 καὶ
430 1727 537 1780 τὸν
563 1726 709 1798 [569]
742 1724 1042 1794 Λάζαρον;
1074 1726 1359 1796 Μηδέποτε
1385 1726 1711 1793 ἀγανακτεῖν
1741 1723 1873 1792 μηδὲ

291 1810 685 1881 δυσχεραίνειν,
708 1811 761 1863 εἴ
784 1827 867 1871 τις
889 1809 1143 1862 ἀσθένεια
1168 1808 1379 1877 γένοιτο
1406 1808 1535 1877 περὶ
1558 1808 1686 1868 τοὺς
1710 1822 1873 1858 σπουο

290 1894 469 1958 δαίους
512 1894 710 1964 ἄνδρας
758 1893 853 1945 καὶ
904 1891 982 1963 τῷ
1027 1891 1144 1961 Θεῷ
1195 1890 1533 1959 φίλους.¹’1δε
1557 1889 1629 1943 ὃν
1654 1888 1869 1958 φιλεῖς,

291 1977 555 2032 ἀσθενεῖ.
608 1977 701 2040 Εἰς
752 1975 929 2029 οἶκτον
976 1975 1379 2029 ἐπισπάσασθαι
1433 1973 1713 2027 ἐϐούλοντο
1780 1974 1874 2027 τὸν

290 2062 676 2133 Χριστόν.Ἕτι
702 2063 810 2133 γὰρ
836 2062 911 2125 ὡς
942 2060 1212 2131 ἀνθρώπῳ
1243 2062 1527 2131 προσεῖχον
1547 2076 1559 2087 ·
1589 2060 1683 2112 καὶ
1715 2058 1873 2128 δῆλον

291 2147 351 2211 ἐξ
381 2141 455 2199 ὧν
483 2147 733 2216 λέγουσιν
753 2162 767 2177 ·
794 2147 861 2198 El
912 2144 985 2212 ἧς
1019 2144 1152 2209 ὧδε,
1181 2147 1292 2198 οὐκ
1339 2144 1415 2197 ἂν
1457 2142 1719 2197 ἀπέθανε
1737 2159 1750 2172 ·
1778 2143 1873 2195 καὶ

291 2232 356 2283 ἐκ
384 2229 475 2282 τοῦ
503 2231 575 2300 μὴ
604 2228 911 2294 είπεῖν,“Ιδε
930 2228 957 2267 b
986 2228 1235 2298 Λάζαρος
1257 2228 1488 2291 ἀσθενεῖ,
1516 2227 1773 2289 ἁλλ’,Ἵδε
1802 2227 1874 2280 ὃν

292 2315 510 2385 φιλεῖς,
542 2314 807 2368 ἀσθενεῖ.
842 2314 908 2365 Τί
932 2310 1026 2366 οῦν
1055 2316 1083 2366 6
1127 2314 1396 2382 Χριστός;
1425 2313 1587 2380 Αὕτη
1622 2314 1661 2381 ἡ
1690 2312 1872 2367 ἀσθέ-

291 2414 423 2451 νεια
443 2399 552 2449 οὐκ
576 2397 707 2451 ἐστι
736 2397 886 2463 πρὸς
915 2399 1193 2459 θάνατον,
1221 2396 1358 2449 ἀλλ’
1381 2396 1533 2462 ὑπὲρ
1555 2394 1665 2463 τῆς
1689 2395 1874 2461 δόξης

292 2480 399 2533 τοῦ
435 2478 603 2543 Θεοῦ,
634 2480 733 2531 ἵνα
757 2477 1027 2547 δοξασθῇ
1054 2479 1126 2531 δι’
1149 2477 1335 2545 αὐτῆς
1361 2482 1392 2531 ὀ
1415 2478 1545 2544 Υἱὸς
1564 2478 1669 2531 τοῦ
1702 2478 1869 2531 Θεοῦ.

295 2562 441 2633 ’Ὀρα
466 2563 581 2624 πῶς
614 2562 776 2616 πάλιν
810 2564 937 2632 μίαν
963 2564 1061 2631 τὴν
1090 2562 1246 2627 δόξαν
1271 2563 1436 2632 φησὶν
1462 2562 1627 2615 αὑτοῦ
1654 2563 1749 2615 καὶ
1780 2562 1873 2615 τοῦ

293 2646 525 2715 Πατρός.
560 2646 742 2699 Εἰπὼν
771 2647 898 2717 γὰρ,
935 2645 1103 2709 Θεοῦ,
1140 2646 1569 2715 ἐπήγαγεν,Ἵνα
1605 2643 1875 2713 δοξασθῇ

294 2736 328 2788 ό
366 2732 493 2798 Υἱὸς
520 2732 626 2785 τοῦ
652 2731 821 2785 Θεοῦ.
847 2731 1007 2798 Αὕτη
1038 2732 1075 2798 ἡ
1112 2730 1392 2784 ἀσθένεια
1420 2732 1532 2784 οὐκ
1556 2729 1685 2783 ἐστι
1726 2729 1875 2797 πρὸς

293 2810 571 2869 θάνατονζ
588 2814 803 2886 Ἐπειδὴ
836 2816 943 2886 γὰρ
964 2826 985 2855 ο
1017 2814 1237 2886 ἔμελλεν
1269 2817 1384 2868 ἐκεῖ
1409 2816 1623 2887 ἡμέρας
1651 2813 1743 2868 δύο
1774 2814 1873 2885 μέο

292 2917 428 2962 νειν,
450 2902 589 2965 τέως
609 2902 804 2965 αύτούς
827 2902 1211 2970 ἀποπέμπεται
1234 2901 1390 2954 τοῦτο
1412 2901 1872 2969 ἀπαγγέλλοντας.

308 2984 426 3053 Ἐφ’
458 2979 503 3052 ᾧ
548 2988 641 3039 καὶ
690 2985 962 3055 θαυμάσαι
996 2984 1110 3037 ἔστι
1145 2984 1243 3046 τὰς
1272 2983 1506 3052 ἀδελφὰς
1536 2981 1722 3046 αὑτοῦ,
1760 2982 1876 3047 πῶς

294 3070 616 3131 ἀκούσασαι,
642 3070 723 3122 ὅτι
757 3072 875 3122 Οὐκ
900 3069 1029 3121 ἐστι
1050 3069 1199 3135 πρὸς
1230 3068 1509 3132 θάνατον,
1548 3067 1643 3121 καὶ¹
1671 3066 1876 3121 ίδοῦσαι

296 3151 459 3211 αὐτὸν
492 3150 847 3215 ἀποθανόντα,
872 3152 971 3202 οὐκ
1002 3152 1520 3222 ἐσκανδαλίσθησαν,
1547 3152 1876 3215 ἀπεναντίας

296 3236 392 3289 τοῦ
416 3235 737 3306 πράγματος
755 3234 1045 3303 γενομένου
1068 3251 1081 3265 ·
1114 3234 1247 3287 ἀλλά
1269 3234 1572 3307 προσῆλθον
1600 3235 1696 3287 καὶ
1712 3234 1873 3297 οὕτω,

298 3320 394 3375 καὶ
428 3320 529 3373 ούκ
572 3318 825 3388 ἐνόμισαν
874 3317 1036 3370 αὐτὸν
1084 3319 1495 3387 διαψεύσασθαι.
1524 3320 1598 3372 Τὸ
1645 3320 1873 3383 δέ,“’1να,

297 3402 532 3457 ἐνταῦθα
559 3403 657 3455 ούκ
683 3401 1029 3468 αἰτιολογίας.
1063 3402 1177 3455 ἀλλ’
1204 3403 1479 3466 ἐκϐάσεως
1503 3403 1638 3455 ἐστι.
1671 3405 1873 3475 Συνέϐη

301 3489 401 3558 μὲν
423 3488 530 3558 γὰρ
557 3486 820 3557 ἑτέρωθεν
843 3489 876 3555 ή
906 3486 1185 3556 ἀρρωστία
1206 3503 1218 3516 ·
1249 3488 1517 3557 ἐχρήσατο
1544 3487 1602 3539 δέ
1632 3487 1768 3557 αύτῇ
1798 3490 1877 3551 εἰς

296 3570 452 3635 δόξαν
484 3571 638 3624 Θεοῦ.
668 3571 775 3626 Καὶ
799 3571 985 3623 ταῦτα
1009 3570 1212 3632 εἰπὼν,
1239 3562 1472 3639 ἔμεινεν
1494 3571 1715 3640 ἡμέρας
1743 3573 1873 3628 δύο.

296 3656 453 3718 Τίνος
477 3656 658 3708 ἕνεκεν
683 3654 931 3724 ἔμεινενς
960 3654 1077 3706 Ἵνα
1108 3654 1445 3729 ἀποπνεύσῃ,
1478 3657 1571 3707 καὶ
1598 3658 1764 3726 ταφῇ,
1790 3656 1877 3709 ἵνα

302 3742 491 3812 μηδεὶς
523 3739 618 3815 ἔχῃ
649 3739 849 3807 λέγειν,
876 3740 958 3791 ὅτι
988 3738 1141 3791 οὔπω
1171 3738 1566 3809 τελευτήσαντα
1591 3741 1750 3793 αὐτὸν
1781 3741 1876 3793 ἀν-

299 3826 528 3897 έστησεν
548 3842 561 3855 ·
597 3825 676 3877 ὅτι
708 3825 872 3894 κάρος
890 3819 979 3895 ἦν,
1007 3824 1088 3876 ὅτι
1108 3823 1324 3886 ἔκλυσις
1348 3820 1436 3895 ἦν,
1462 3825 1543 3877 ὅτι
1580 3826 1874 3894 καταγωγὴ

299 3906 390 3981 ἦν,
424 3912 518 3964 καὶ
559 3911 619 3963 ού
663 3910 906 3972 θάνατος.
942 3908 1039 3961 Διά
1081 3909 1239 3963 τοῦτο
1282 3909 1375 3963 καὶ
1410 3910 1598 3982 χρόνον
1622 3910 1876 3963 τοσοῦτον

303 3994 525 4071 μένειά,
564 3994 638 4057 ὡς
671 3996 765 4046 καὶ
814 3993 1021 4063 φθορὰν
1062 3993 1335 4061 γενέσθαι,
1384 3994 1475 4046 καὶ
1519 3994 1875 4061 είπεῖν,”Ηδη

300 4078 432 4139 ὄζει.
476 4074 620 4131 Εἶτα
655 4077 814 4146 λέγει
849 4077 971 4143 τοῖς
1000 4078 1326 4145 μαθηταῖς·
1364 4080 1621 4147 Ἄγωμεν
1649 4081 1734 4144 εἰς
1763 4078 1876 4146 τὴν

313 4163 628 4217 Ἰουδαίαν.
661 4161 725 4214 Τί
764 4162 961 4231 δήποτε
1012 4159 1247 4229 οὐδαμοῦ
1290 4161 1567 4230 προειπὼν
1617 4160 1873 4233 ἀλλαχοῦ,

300 4247 531 4307 ἐνταῦθα
568 4246 854 4318 προλέγει;
898 4244 1287 4297 Ἐδεδοίκεισαν
1328 4246 1564 4312 σφόδρα·
1614 4245 1708 4297 καὶ
1754 4246 1877 4297 ἐπεὶ

298 4334 471 4405 ταύτῃ
497 4334 775 4394 διέκειντο,
807 4330 1060 4402 προλέγει
1082 4341 1126 4393 θ,
1152 4330 1237 4383 ἵνα
1261 4330 1334 4400 μὴ
1361 4330 1422 4381 τὸ
1449 4329 1641 4402 ἀθρόον
1668 4330 1875 4403 ταράξῃ

297 4417 514 4480 αύτούς.
550 4416 615 4469 Τί
653 4416 711 4472 δὲ
752 4416 799 4468 οἱ
833 4414 1099 4485 μαθηταί;
1141 4414 1270 4467 Νῦν
1311 4413 1557 4479 ἐζήτουν
1603 4431 1677 4467 σε
1729 4416 1875 4468 ἰου-

297 4502 453 4556 δαῐοι
472 4501 734 4563 λιθάσαι,
760 4502 854 4554 καὶ
880 4499 1066 4552 πάλιν
1087 4498 1333 4568 ὑπάγεις
1358 4499 1487 4551 ἐκεῖ
1494 4516 1512 4563 ;
1558 4498 1873 4553 Ἐδεδοίκει-

300 4604 398 4639 σαν
440 4586 539 4657 μὲν
583 4581 676 4638 οὖν
719 4588 811 4638 καί
846 4584 987 4655 ὑπὲρ
1021 4584 1218 4637 αὑτοῦ·
1268 4584 1329 4637 τὸ
1360 4584 1415 4636 δέ
1448 4583 1626 4648 πλέον,
1673 4584 1873 4654 μᾶλλον

298 4671 435 4741 ὑπὲρ
467 4671 673 4724 ἑαυτῶν
694 4688 707 4703 ·
740 4669 890 4722 ούπω
918 4669 1022 4739 γὰρ
1050 4665 1190 4739 ἦσαν
1218 4669 1635 4739 ἀπηρτισμένοι.
1666 4669 1757 4721 Διὸ
1779 4669 1873 4723 καὶ

298 4754 374 4822 τῷ
422 4754 530 4806 δέει
576 4752 992 4821 κατασειόμενος
1017 4752 1164 4819 λέγει
1195 4753 1395 4823 Θωμᾶς
1420 4769 1433 4783 ·
1469 4755 1742 4822 Ἄγωμεν,
1773 4755 1875 4809 ἵνα

298 4839 395 4891 καὶ
440 4838 606 4907 ἡμεῖς
639 4837 1046 4905 ἀποθάνωμεν.
1067 4836 1474 4906 Ἀσθενέστερος
1499 4839 1607 4908 γὰρ
1632 4837 1739 4891 τῶν
1775 4838 1872 4892 ἀλ-

296 4923 403 4975 λων
446 4918 514 4992 ἧν
562 4923 654 4974 καὶ
704 4921 1055 4992 ἀπιστότερος
1079 4922 1123 4974 ί.
1143 4920 1280 4973 Ἀλλ’
1311 4923 1414 4992 δρα
1439 4921 1555 4984 πῶς
1584 4923 1779 4984 αὐτοὺς
1805 4923 1872 4976 δι’

296 5004 371 5061 ὧν
394 5027 525 5078 φησι
552 5008 961 5079 παραθαῤῥύνει
993 5010 1022 5061 6
1047 5008 1268 5079 Ἰησοῦς.
1293 5009 1439 5076 Οὐχὶ
1477 5008 1703 5062 δώδεκα
1726 5003 1873 5076 ὧραί

294 5098 411 5149 εἱσι
437 5094 545 5162 τῆς
564 5093 821 5161 ἡμέρας
854 5093 923 5144 ’Ἦ
953 5092 1109 5145 τοῦτο
1131 5092 1308 5145 τοίνυν
1338 5094 1518 5163 φησὶν,
1545 5095 1625 5147 ὃτι
1649 5096 1676 5146 ό
1706 5094 1873 5163 μηδὲν

296 5177 473 5245 ἐαυτῷ
513 5174 766 5238 συνειδὼς
794 5175 1049 5246 πονηρὸν,
1086 5176 1237 5227 οὐδὲν
1264 5176 1509 5230 πείσεται
1538 5177 1703 5230 δεινόν
1724 5195 1735 5207 ·
1760 5180 1788 5229 ὁ
1816 5178 1872 5231 δὲ

295 5261 364 5312 τὰ
391 5258 570 5328 φαῦλα
605 5259 866 5329 πράσσων
895 5259 1141 5311 πείσεται
1181 5258 1357 5326 (ὥστε
1384 5261 1531 5329 ἡμᾶς
1560 5261 1620 5313 ού
1652 5262 1754 5332 χρὴ
1787 5262 1873 5314 δε-

294 5344 529 5396 δοικέναι
555 5357 568 5370 ·
610 5342 761 5394 οὐδὲν
793 5341 901 5411 γὰρ
936 5342 1083 5407 ἀξιον
1128 5341 1358 5394 θανάτου
1406 5342 1760 5413 ἐπράξαμεν)
1789 5362 1803 5375 ·
1836 5344 1871 5415 ἢ

294 5427 377 5479 ὅτι
404 5428 432 5479 6
458 5424 522 5478 τὸ
549 5426 662 5492 φῶς
694 5424 787 5477 τοῦ
818 5425 1020 5492 κόσμου
1047 5424 1233 5476 τούτου
1263 5425 1493 5494 βλέπων,
1518 5427 1574 5478 ἐν
1603 5428 1873 5500 ἀσφαλείᾳ.

294 5510 443 5561 ἐστίν
465 5510 511 5561 ⁸.
546 5509 609 5561 Εἰ
652 5507 707 5560 δέ
736 5508 763 5558 ὁ
793 5506 854 5558 τὸ
884 5507 996 5574 φῶς
1026 5507 1118 5559 τοῦ
1152 5507 1355 5578 κόσμου
1399 5508 1588 5562 τούτου
1639 5510 1869 5579 βλέπων,

294 5591 474 5662 πολλῷ
509 5592 709 5662 μᾶλλον
737 5592 765 5643 6
804 5592 920 5659 μετ’
954 5591 1108 5661 ἐμοῦ,
1134 5591 1228 5645 ἐὰν
1260 5593 1334 5663 μὴ
1363 5593 1648 5667 ἀποστήσῃ
1680 5595 1870 5648 ἑαυτὸν

358 5694 384 5721 ⁸
406 5694 503 5741 Alii
526 5693 891 5753 ὑπομιμνήσκει.
956 5690 984 5730 δ
1007 5690 1104 5739 Alii
1141 5692 1219 5739 καὶ
1245 5692 1331 5740 ούκ
1354 5693 1504 5740 εἶπεν·
1537 5692 1646 5741 Ἴδε.
1716 5697 1739 5725 °
1787 5694 1872 5745 Sic

294 5755 655 5825 {“ahvil.__recle-
683 5768 790 5825 pro_
820 5767 881 5801 eo
902 5754 1057 5825 quodn
1090 5754 1366 5825 lqgebatgl‘r,
1416 5756 1681 5825 ἐπειδήπερ.
1731 5757 1868 5808 Ευιτ.

293 5815 493 5882 fiSavil.
512 5815 743 5882 τοσοῦτον
771 5818 980 5882 ἔμεινεν.-
1010 5818 1057 5882 ,θ
1084 5815 1182 5864 Alii
1210 5817 1415 5882 σφόδρα.
1463 5818 1552 5864 Διὰ
1570 5815 1713 5866 τοῦτο
1753 5830 1871 5882 προ-

295 5880 447 5943 λέγει.-
508 5876 528 5914 τ
559 5876 731 5943 Morel.
775 5879 854 5943 καὶ
898 5877 1173 5943 δειλότερος.
1210 5876 1401 5943 Deinde
1440 5886 1550 5938 post
1588 5887 1670 5937 τῆς
1693 5876 1870 5943 ἡμέρας

298 5936 655 6003 δῐοξΘΙ.-τοῦτο
688 5940 735 5987 δὲ
783 5941 925 6001 εἶπεν,
962 5936 1159 6002 ἐμφῆναι
1202 5936 1481 6001 βουλόμενος
1525 5943 1594 5991 ὅτι
1636 5936 1659 5989 ό
1706 5936 1865 6003 μήδένξ

298 6000 323 6039 ε
345 5998 513 6049 Morel.
538 6002 689 6050 ἔσται.

1300 346 1361 397 ΙΝ
1401 345 1716 400 JO.\NNEM
1755 340 1984 397 llOMlL.
2031 340 2186 397 LXII.
2229 345 2298 399 al.
2341 344 2472 399 LXI.

3432 346 3535 403 3H

1968 454 2120 521 ἐμοῦ.
2152 457 2373 520 Τούτοις
2398 459 2840 531 παραθαρρύνας,
2876 459 3069 527 ἐπάγει
3097 460 3189 512 καὶ
3232 459 3329 531 τὴν
3355 462 3534 515 αἰτίαν

1969 539 2271 605 ἀναγκαίαν
2308 542 2409 611 τῆς
2440 543 2674 610 ἀφίξεως
2713 543 2813 610 τῆς
2842 544 3048 595 ἐκεῖσε·
3079 544 3173 594 καὶ
3205 543 3439 606 δεικνὺς,
3472 547 3553 598 ὅτι

1970 624 2070 673 ούκ
2120 626 2200 684 εἰς
2248 623 2315 676 τὰ
2350 625 2695 695 Ἰεροσόλυμα
2731 624 3011 695 μέλλουσιν
3040 625 3276 686 ἀπιέναι,
3331 626 3443 679 ἀλλ’
3475 630 3553 689 εἰς

1966 704 2259 774 Βηθανίαν,
2294 706 2555 774 Λάζαρος
2578 711 2609 761 ὁ
2640 709 2838 775 φίλος,
2876 707 3031 777 φησὶ,
3062 709 3423 775 κεκοίμηται,
3457 710 3557 762 και

1968 789 2289 857 πορεύομαι
2344 791 2444 845 ἵνα
2494 790 2804 853 ἐξυπνίσω
2850 793 3065 844 αὐτόν·
3114 794 3407 855 τουτέστιν,
3442 794 3556 846 Ούκ

1968 871 2061 923 ἐπὶ
2100 874 2211 934 τοῖς
2238 872 2418 934 αὐτοῖς
2453 873 2648 942 ἄπειμι
2675 873 2835 926 πάλιν
2865 872 3237 941 διαλεξόμενος
3267 877 3361 928 καὶ
3387 876 3555 945 ὁμόσε

1969 954 2235 1024 χωρήσων
2276 957 2386 1017 τοῖς
2430 954 2581 1027 [570]
2623 956 2916 1018 Ἰουδαίοις,
2963 956 3097 1009 ἀλλά
3142 958 3231 1010 τὸν
3280 958 3428 1026 φίλον
3468 960 3555 1024 ἐξ-

1971 1036 2211 1089 υπνίσων
2251 1037 2341 1090 τὸν
2375 1038 2660 1109 ήμέτερον.
2693 1038 2990 1107 Λέγουσιν
3017 1043 3070 1092 οί
3098 1041 3392 1109 μαθηταί·
3436 1042 3553 1094 Κύ-

1963 1137 2077 1189 ριε,
2112 1124 2163 1174 εἱ
2196 1122 2563 1190 κεκοίμηται.
2587 1122 2946 1187 σωθήσεται.
2974 1124 3145 1177 Τοῦτο
3166 1125 3223 1177 δέ
3251 1126 3347 1195 ούχ
3370 1125 3556 1190 ἁπλῶς

1969 1202 2142 1267 εἷπον,
2175 1206 2291 1258 ἀλλ’
2320 1205 2551 1274 ἐγκόψαι
2601 1206 2913 1277 βουλόμενοι
2947 1207 3044 1277 τήν
3074 1209 3190 1260 ἐκεῖ
3234 1210 3551 1279 παρουσίαν.

1970 1289 2183 1356 Λέγεις,
2214 1290 2398 1358 φησὶν,
2428 1290 2510 1341 ὅτι
2533 1289 2819 1353 καθεύδεις
2848 1290 3045 1342 οὐκοῦν
3073 1291 3134 1342 ού
3160 1293 3473 1360 κατεπείγει
3495 1292 3557 1345 τὸ

1970 1371 2244 1424 ἀπελθεῖν.
2284 1371 2476 1424 Καίτοι
2503 1371 2666 1434 αὐτὸς
2689 1371 2775 1424 διὰ
2798 1372 2955 1425 τοῦτο
2981 1371 3152 1438 εἶπεν,
3185 1375 3267 1427 ὃτι
3293 1375 3353 1427 '0
3378 1377 3557 1444 φίλος

1970 1453 2157 1523 ἡμῶν,
2186 1455 2270 1507 ἵνα
2296 1455 2443 1526 δείξῃ
2468 1456 2771 1523 ἀναγκαίαν
2803 1456 2900 1526 τὴν
2930 1458 3251 1526 παρουσίαν.

2044 1538 2109 1607 β’.
2130 1541 2282 1592 Ἐπεὶ
2300 1536 2393 1593 οῦν
2414 1540 2773 1610 ὀκνηρότερον
2791 1540 3070 1595 διέκειντο.
3099 1543 3217 1594 τότε
3243 1542 3410 1609 λέγει.
3428 1546 3557 1596 Ἀπ-

1968 1618 2163 1673 ἐθανε.
2197 1620 2270 1671 T6
2317 1620 2416 1689 μὲν
2448 1616 2540 1673 οὖν
2587 1620 2871 1691 πρότερον,
2902 1620 2963 1672 τὸ
2992 1620 3347 1689 ἀκόμπαστον
3375 1638 3553 1691 παρα-

1971 1699 2166 1767 στῆσαι
2207 1697 2549 1768 βουλόμενος,
2597 1700 2819 1767 ἔλεγεν·
2857 1699 3043 1769 ἐπειδὴ
3088 1700 3143 1752 δέ
3188 1700 3247 1753 ού
3297 1701 3553 1770 συνῆκαν,

1969 1778 2193 1844 ἐπάγει·
2239 1776 2534 1841 Ἀπέθανε,
2565 1778 2662 1830 καὶ
2704 1779 2887 1846 χαίρω
2916 1777 2989 1829 δι’
3021 1778 3195 1845 ὑμᾶς.
3237 1778 3302 1831 Τί
3334 1778 3551 1849 δήποτε,

1970 1858 2050 1908 Δι’
2081 1856 2269 1924 ὐμᾶς;
2306 1857 2427 1909 Ὅτι
2456 1859 2715 1927 προεῖπον
2747 1857 2845 1910 ούκ
2877 1855 2951 1908 ὣν
2980 1858 3114 1912 ἐκεῖ.
3153 1857 3246 1910 καὶ
3285 1859 3367 1910 δτι
3406 1860 3554 1911 ἐπει-

1968 1936 2104 1989 δὰνι³
2150 1937 2459 2005 ἀναστήσω,
2508 1939 2731 2008 οὐδεμία
2782 1938 2932 1990 ἕσται
2977 1937 3199 2006 ὑποψία.
3235 1938 3394 2008 Ὁρᾷς
3438 1940 3555 2003 πῶς

1968 2014 2047 2067 ἔτι
2078 2014 2428 2084 ἀτελέστερον
2461 2015 2717 2068 διέκειντο
2744 2017 2792 2068 οί
2824 2015 3085 2085 μαθηταὶ,
3118 2016 3210 2068 καὶ
3236 2016 3336 2067 οὐκ
3360 2014 3555 2086 ᾔδεσαν

1968 2094 2133 2147 αὑτοῦ
2174 2094 2272 2165 τὴν
2310 2093 2540 2165 δύναμιν
2576 2094 2651 2156 ὡς
2689 2095 2897 2164 ἐχρῆνς
2940 2095 3109 2146 Τοῦτο
3157 2094 3213 2146 δέ
3253 2095 3468 2146 ἐποίουν
3504 2098 3552 2147 οἱ

1971 2172 2173 2242 μεταξὺ
2226 2172 2380 2240 φόϐοι
2408 2174 2452 2235 ί,
2495 2174 2852 2242 ταράττοντες
2891 2170 3070 2223 αὐτῶν
3110 2171 3206 2235 τάς
3244 2173 3421 2243 ψυχὰς
3460 2176 3553 2227 καὶ

1969 2249 2341 2323 θορυϐοῦντες.
2370 2252 2479 2303 Καὶ
2510 2252 2597 2303 ὅτε
2634 2251 2732 2318 μὲν
2766 2251 2939 2319 ἔλεγε,
2971 2252 3345 2319 Κεκοίμηται,
3368 2253 3547 2319 λέγει·

1966 2332 2297 2400 Πορεύομαι
2333 2332 2431 2384 ἵνα
2457 2331 2766 2394 ἐξυπνίσω
2790 2332 3005 2384 αὐτόν·
3038 2332 3127 2384 ὅτε
3152 2331 3207 2383 δὲ
3236 2326 3408 2394 εἶπεν,
3426 2332 3553 2383 Ἀπ-

1966 2409 2200 2469 ἐθανεν,
2229 2412 2410 2463 οὐκέτι
2443 2410 2769 2481 προσέθηκε,
2803 2411 3131 2479 Πορεύομαι
3153 2411 3253 2462 ἵνα
3285 2410 3549 2475 ἀναστή-

1968 2503 2056 2541 σω
2081 2491 2285 2542 αὺτόν.
2322 2490 2394 2541 Ού
2428 2489 2536 2558 γὰρ
2563 2488 2821 2558 ἠϐούλετο
2854 2492 2963 2551 τοῖς
2997 2490 3201 2559 ῥήμασι
3243 2489 3547 2559 προλέγειν.

1968 2565 2005 2620 ἃ
2029 2567 2117 2619 διὰ
2142 2568 2251 2619 τῶν
2280 2567 2454 2636 ἔργων
2501 2567 2689 2633 ἔμελλε
2737 2567 3103 2637 βεϐαιοῦσθαι.
3136 2569 3198 2620 τὸ
3240 2569 3552 2633 ἀκενόδοξον

1970 2649 2244 2718 πανταχοῦ
2278 2648 2543 2701 διδάσκων
2570 2650 2736 2718 ήμᾶς.
2764 2649 2856 2701 καὶ
2884 2649 2943 2700 τὸ
2975 2649 3047 2717 μὴ
3075 2650 3184 2700 δεῖν
3219 2649 3402 2711 ἁπλῶς
3435 2651 3547 2701 ὑπ-

1974 2729 2287 2799 ισχνεῖσθαι.
2320 2730 2382 2779 Εἰ
2409 2729 2463 2780 δὲ
2488 2728 2580 2779 ἐπὶ
2606 2728 2699 2780 τοῦ
2730 2729 3122 2797 ἑκατοντάρχου
3147 2730 3303 2781 τοῦτο
3330 2730 3554 2801 ἐποίησε

1970 2806 2346 2878 παρακληθεὶς
2394 2803 2549 2871 (εἷπε
2599 2808 2728 2877 γὰρ.
2766 2808 2904 2875 Ἐγὼ
2959 2808 3152 2860 ἐλθὼν
3205 2811 3555 2874 θεραπεύσω

1969 2886 2291 2953 αὐτόν’),ἵνα
2314 2884 2460 2955 δείξῃ
2494 2885 2590 2957 τὴν
2622 2886 2830 2938 ἐκείνου
2862 2886 3064 2948 πίστιν,
3090 2887 3247 2939 τοῦτο
3280 2884 3454 2942 εἶπεν.
3488 2890 3553 2943 Εἰ

1969 2968 2025 3020 δέ
2057 2967 2203 3035 λέγοι
2242 2984 2347 3029 τις,
2378 2968 2546 3021 Πόθεν
2580 2965 2745 3020 ὕπνον
2776 2966 3044 3019 ὑπέλαϐον
3087 2968 3137 3018 οἱ
3169 2968 3427 3039 μαθηταὶ,
3459 2974 3556 3026 καὶΙ

1970 3046 2089 3100 οὐδέ
2128 3045 2236 3099 ἀπὸ
2280 3045 2470 3098 τούτου
2515 3046 2855 3112 συνέγνωσαν
2888 3045 3115 3098 θάνατον
3143 3044 3299 3111 εἶναι,
3330 3047 3471 3117 λέγω
3497 3050 3555 3103 δὲ

1969 3125 2064 3179 τοῦ
2085 3127 2278 3189 εἰπεῖν,
2296 3126 2619 3194 Πορεύομαι
2643 3127 2740 3179 ἵνα
2759 3126 3065 3188 ἐξυπνίσω
3086 3128 3271 3180 αὐτόν
3286 3145 3303 3191 ;
3319 3130 3430 3191 (καὶ
3448 3130 3555 3200 γὰρ

1970 3204 2156 3269 ἀνοίας
2182 3200 2251 3275 ἦν
2270 3204 2400 3272 είγε
2431 3205 2773 3275 προσεδόκων
2796 3204 2983 3257 στάδια
3003 3205 3158 3258 πέντε
3182 3208 3274 3260 καὶ
3302 3209 3431 3261 δέκα
3454 3209 3553 3263 a6-

1970 3284 2061 3337 τὸν
2104 3284 2451 3355 πορεύεσθαι,
2485 3284 2626 3337 ὥστε
2659 3283 3006 3351 ἐξυπνίσαι·)
3048 3286 3223 3338 ἐκεῖνο
3269 3286 3334 3340 ἂν
3382 3289 3541 3339 εἴποι-

1974 3379 2073 3430 μεν
2099 3399 2113 3421 ,
2151 3363 2233 3414 ὅτι
2266 3362 2516 3433 ἐνόμιζον
2551 3362 2709 3415 τοῦτο
2746 3361 2975 3431 αἴνιγμα
3025 3360 3164 3416 εἶναι
3191 3407 3206 3432 ,
3249 3363 3338 3419 οἷα
3385 3366 3556 3419 πολλὰ

1969 3440 2256 3508 διελέγετο.
2502 3505 2506 3510 ,

2042 3521 2249 3583 Πάντες
2275 3520 2372 3589 μὲν
2395 3517 2487 3574 οῦν
2509 3521 2870 3575 ἐδεδοίκεισαν
2905 3521 3003 3592 τὴν
3023 3521 3132 3574 τῶν
3166 3524 3433 3579 Ἰουδαίων
3461 3526 3556 3596 ἔφ-

1970 3598 2107 3660 οδον,
2124 3599 2261 3669 ὑπὲρ
2274 3599 2326 3651 δὲ
2339 3600 2463 3662 τοὺς
2476 3598 2667 3663 ἄλλους
2679 3601 2706 3652 6
2724 3600 2944 3669 Θωμᾶς·
2966 3600 3043 3654 διὸ
3060 3602 3154 3654 καὶ
3168 3602 3371 3670 ἔλεγεν·
3382 3605 3449 3657 Ἀ
3458 3624 3563 3673 γω-

1965 3694 2100 3747 μεν.
2121 3678 2220 3730 ἵνα
2233 3677 2331 3731 καὶ
2348 3678 2517 3746 ἡμεῖς
2534 3678 2922 3747 ἀποθάνωμεν
2928 3680 3053 3747 μετ’
3068 3679 3252 3734 αὑτοῦ
3262 3722 3273 3733 .
3295 3682 3335 3733 Ι(
3345 3682 3399 3734 αί
3413 3699 3555 3745 τινες

1974 3757 2075 3825 μέν
2089 3772 2273 3825 φασιν,
2297 3756 2376 3807 ὃτι
2400 3756 2661 3826 ἐπεθύμει
2682 3757 2775 3809 καὶ
2801 3756 2961 3817 αὐτὸς
2975 3758 3262 3810 ἀποθανεῖν
3286 3772 3298 3785 ·
3320 3759 3419 3813 ούκ
3437 3761 3554 3813 ἐστι

1969 3834 2048 3887 δέ·
2071 3835 2273 3897 δειλίας
2300 3834 2410 3905 γὰρ
2437 3833 2635 3903 μᾶλλον
2663 3835 2723 3888 τὸ
2741 3834 2914 3905 ῥῆμα.
2934 3835 3075 3888 Ἀλλ’
3102 3837 3201 3889 οὐκ
3225 3839 3550 3909 ἐπετιμήθη.

1970 3914 2302 3977 Διεϐἀσταζε
2322 3913 2429 3985 γάρ
2447 3912 2612 3967 αὐτοῦ
2634 3914 2734 3983 τὴν
2757 3915 3044 3969 ἀσθένειαν
3060 3915 3140 3968 ἔτι
3161 3934 3173 3947 ·
3194 3916 3418 3988 ὕστερον
3437 3919 3555 3989 μέν.

1969 4012 2053 4048 τοι
2087 3996 2304 4050 πάντων
2337 3994 2682 4064 ἰσχυρότερος
2711 3995 2902 4062 γέγονε
2932 3998 3026 4049 καὶ
3050 3997 3308 4065 ἄληπτος.
3331 3997 3403 4049 Τὸ
3424 3996 3556 4064 γοῦν

1972 4073 2282 4144 θαυμαστὸν
2303 4072 2315 4122 i
2349 4072 2503 4125 τοῦτό
2529 4074 2795 4133 ἐστιν,ὅτι
2820 4074 2908 4126 τὸν
2927 4074 3099 4139 οὕτως
3111 4074 3313 4144 ἀσθενῆ
3337 4075 3443 4145 πρὸ
3460 4076 3553 4129 τοῦ

1973 4151 2208 4224 σταυροῦ
2248 4151 2385 4221 μετὰ
2418 4150 2511 4204 τὸν
2544 4152 2774 4221 σταυρὸν
2800 4152 2888 4205 καὶ
2924 4154 2983 4205 τὸ
3018 4154 3301 4207 πιστεῦσαι
3334 4157 3399 4223 τῇ
3426 4155 3556 4208 ἀνα-

1973 4231 2161 4283 στάσει
2195 4228 2525 4299 θερμότερον
2549 4230 2769 4283 πάντων
2792 4230 2956 4284 αὑτὸν
2980 4232 3195 4302 ὁρῶμεν
3215 4248 3229 4260 ·
3264 4232 3495 4302 τοσαύτη
3519 4233 3553 4304 ἠ

1970 4309 2062 4361 τοῦ
2093 4307 2332 4377 Χριστοῦ
2361 4306 2610 4377 δύναμις.
2657 4308 2717 4361 Ὀ
2754 4309 2865 4380 γὰρ
2903 4310 3040 4380 μετά
3076 4310 3172 4362 τοῦ
3207 4311 3445 4381 Χριστοῦ
3475 4314 3556 4377 είς

1970 4386 2240 4456 Βηθανίαν
2276 4386 2348 4457 μὴ
2370 4386 2587 4456 τολμῶν
2609 4388 2884 4450 ἀπελθεῖν,
2909 4384 3065 4451 οὗτος
3088 4388 3180 4441 τὸν
3202 4391 3435 4458 Χριστὸν
3452 4393 3553 4462 οὐχ

1968 4468 2132 4537 ὁρῶν,
2158 4465 2343 4535 σχεδὸν
2362 4464 2459 4535 τὴν
2479 4467 2803 4536 οἰκουμένην
2825 4468 2852 4507 ¹ί
2877 4467 3154 4537 διέδραμε,
3179 4469 3273 4521 καὶ
3288 4470 3345 4521 ἐν
3369 4469 3554 4538 μέσοις

1968 4546 2163 4616 δήμοις
2194 4544 2488 4614 ἐστρέφετο
2516 4545 2717 4611 φονῶσι
2750 4547 2845 4600 καὶ
2882 4546 3224 4617 βουλομένοις
3264 4549 3425 4602 αὑτὸν
3454 4551 3547 4604 ἀν-

1969 4626 2130 4678 ελεῖν.
2164 4625 2226 4676 Εἰ
2255 4624 2312 4676 δὲ
2350 4623 2459 4677 ἀπὸ
2512 4623 2810 4679 δεκαπέντε
2856 4627 3087 4680 σταδίων
3122 4622 3190 4698 ἦν
3223 4628 3256 4697 ή
3288 4628 3548 4698 Βηθανία,

1968 4705 2105 4775 ὅπερ
2133 4703 2249 4755 ἐστὶ
2298 4703 2451 4772 μίλια
2496 4704 2608 4768 δύο,
2656 4705 2772 4768 πῶς
2822 4708 3140 4775 τεταρταῖος
3190 4707 3219 4759 ὁ
3261 4705 3550 4777 Λάζαρος;

1973 4781 2197 4850 Ἔμεινε
2226 4780 2341 4838 δύο.
2376 4780 2468 4832 καὶ
2526 4781 2633 4851 πρὸ
2660 4780 2768 4833 τῶν
2793 4781 2886 4834 δύο
2909 4778 3038 4852 ἦλθέ
3064 4800 3150 4845 τις
3196 4784 3554 4851 ἀπαγγέλλων

1970 4859 2091 4914 καθ’
2118 4861 2184 4928 ἥν
2215 4860 2309 4911 καὶ
2337 4858 2687 4927 ἐτελεύτησεν
2707 4876 2720 4890 ·
2746 4855 2863 4913 εἶτα
2898 4864 3020 4914 κατ’
3038 4861 3208 4930 αὐτὴν
3234 4862 3330 4932 τὴν
3356 4864 3553 4935 τετάρ-

1968 4955 2067 5009 την
2122 4937 2337 5008 ἡμέραν
2386 4940 2738 5007 παρεγένετο.
2794 4939 2893 4991 Διά
2948 4938 3107 4992 τοῦτο
3163 4939 3256 4993 καὶ
3289 4940 3553 5012 κληθῆναι

1967 5017 2241 5085 ἀνέμεινε,
2272 5016 2366 5069 καὶ
2394 5016 2515 5085 οὐχὶ
2554 5016 2991 5084 αὐτεπάγγελτος
3022 5014 3204 5088 ἦλθεν,
3247 5019 3333 5072 ἵνα
3362 5022 3434 5089 μή
3467 5038 3553 5086 τις

1970 5094 2289 5167 ὑποπτεύσῃ
2321 5094 2383 5147 τὸ
2412 5096 2654 5161 γεγονός.
2690 5098 2801 5150 Kal.
2824 5097 2945 5150 οὐδὲ
2979 5098 3140 5150 αύταὶ
3189 5099 3552 5169 παρεγένοντο

1969 5174 2026 5227 αἱ
2047 5174 2387 5241 φιλούμεναι,
2422 5173 2558 5225 ἀλλά
2597 5175 2745 5228 ἄλλοι
2789 5176 3118 5245 πέμπονται.
3151 5173 3263 5231 Ἦν
3282 5178 3349 5231 δὲ
3374 5180 3411 5246 ή
3440 5180 3553 5248 Βη-

1969 5250 2145 5329 θανία
2165 5251 2245 5314 ὡς
2267 5248 2386 5329 ἀπὸ
2416 5250 2678 5329 σταδίων
2698 5251 3043 5305 δεκαπέντε.
3088 5254 3371 5307 Ἐντεῦθεν
3398 5256 3549 5329 [571]

1966 5328 2221 5399 δηλοῦται
2259 5328 2354 5406 δτι
2388 5328 2615 5389 πολλοὺς
2656 5330 2764 5381 άπὸ
2804 5330 3191 5401 Ἱεροσολύμων
3227 5333 3371 5397 είκδς
3404 5328 3549 5406 παρί-

1967 5410 2126 5460 εῖναι.
2172 5405 2387 5468 Εὐθέως
2441 5406 2570 5472 γοῦν
2618 5408 2914 5477 ἐπήγαγεν,
2958 5410 3040 5463 ὅτι
3106 5410 3370 5463 Ἰουδαίων
3409 5405 3551 5483 ἦσαν

1968 5486 2154 5538 πολλοὶ
2180 5484 2686 5556 παραμυθούμενοι.
2741 5487 2909 5541 Πόθεν
2942 5487 3356 5558 παρεμυθοῦντο
3392 5488 3410 5527 ι
3452 5491 3551 5544 αὐ-

2030 5580 2058 5619 h
2083 5582 2257 5647 Morel.
2298 5580 2427 5647 ἐκεῖ,
2449 5582 2575 5647 {lyp-:0
2608 5581 2788 5647 ἐπειδή.
2828 5585 2877 5647 Ai
2914 5583 3081 5633 Morel.
3107 5587 3273 5647 φόϐους
3346 5594 3359 5633 J
3398 5585 3548 5637 Savil.

1965 5645 2019 5691 7:6
2048 5645 2135 5706 γὰρ
2154 5647 2289 5702 Θαυμ.
2361 5648 2380 5681 κ
2409 5642 2505 5692 Alii
2527 5643 2615 5705 οὐχ
2632 5645 2754 5705 ὁρῶν
2780 5645 2916 5706 μόνος
2937 5648 3021 5702 τήν
3046 5642 3141 5693 οἰκ.
3211 5643 3422 5695 lOmnes
3444 5648 3551 5697 fere

1966 5708 2264 5770 gs§._noslri
2293 5710 2399 5770 post
2428 5706 2680 5770 δεκαπέντε
2708 5707 2778 5753 sic
2806 5707 3004 5764 habent.
3031 5717 3095 5770 ut
3118 5710 3166 5757 in
3189 5708 3319 5757 serie
3346 5709 3553 5770 legitur.

1968 5766 2097 5815 Edili
2135 5781 2249 5813 vero
2288 5767 2573 5829 δεκαπέντεη
2615 5769 2721 5829 Οὐχ
2760 5770 2920 5823 ἁπλῶς
2957 5768 3099 5818 τοῦτο
3156 5766 3545 5829 ἐπισημαίνεται·

1965 5830 2087 5876 ἀλλὰ
2110 5828 2325 5889 βούλεται
2350 5828 2529 5881 διδάξαι
2551 5828 2622 5875 ὅτι
2649 5828 2781 5889 ἐγγὺς
2802 5829 2876 5887 ἧν,
2901 5831 2980 5877 καὶ
3005 5834 3128 5888 εἰκὸς
3148 5833 3245 5881 ἀπὸ
3266 5828 3435 5879 τούτου
3457 5850 3552 5881 πα-

1967 5888 2347 5964 ρεὶναιέπολλούς.
2378 5889 2462 5961 ᾼιὸ
2491 5890 2572 5964 καί
2596 5888 2738 5964 τοῦτο
2780 5892 2937 5947 δηλῶν
2976 5894 3135 5954 ἐπάγει
3164 5895 3550 5964 λέγωγοιιιολλοὶ

1968 5950 2030 6015 ἔκ
2069 5953 2161 5996 τῶν
2221 5950 2457 6015 Ἰουδαίων
2488 5950 2626 6007 ἦλθον
2660 5953 2735 5999 ivx
2781 5950 3411 6015 παραμυθήσωνταιἀὖτάςο
3455 5960 3549 6006 Καὶ

1968 6014 2066 6068 πώς
2109 6010 2475 6075 παρεμυθοῦντο,
2533 6018 2629 6061 ClC.
