4084 6360
305 337 407 394 345‘

326 451 415 503 Vel
437 447 506 504 ob
529 443 846 500 calamitatis
873 438 1309 509 magnitudinem,
1331 437 1416 490 vel
1434 439 1556 505 quia
1581 445 1640 489 ut
1665 433 1889 488 nobilio-

321 556 408 595 res
452 535 881 596 venerabantur;
922 531 1004 585 vel
1047 531 1183 584 forte
1208 528 1297 596 qui
1329 542 1432 580 non
1463 525 1686 595 improbi
1712 533 1887 587 erant,

316 636 578 684 venerunt
604 644 618 680 :
643 625 791 678 multi
806 623 944 676 enim
967 636 1032 675 ex
1058 621 1185 689 ipsis
1203 617 1562 673 crediderunt.
1587 617 1710 670 llzec
1733 630 1892 685 porro

315 723 445 775 dicit
489 717 848 786 evangelista.
897 713 1080 768 Lazari
1123 721 1348 766 mortem
1386 708 1729 766 confirmans.
1780 707 1892 761 Cur

313 827 470 881 porro
496 808 710 864 Christo
733 807 944 859 obviam
970 803 1114 858 venit
1143 803 1258 856 sine
1289 816 1475 856 sorore
1507 799 1742 854 comite?
1767 798 1893 853 Vult

310 901 534 956 seorsim
567 897 719 952 illum
747 895 918 959 adire,
942 903 996 948 et
1025 909 1136 947 rem
1167 893 1430 946 nuntiare.
1464 891 1750 959 Postquam
1791 903 1890 942 au—

312 1001 419 1045 tem
448 989 694 1045 Christus
717 1001 870 1054 spem
917 984 1108 1038 bonam
1157 982 1440 1047 indiderat,
1491 991 1616 1034 tunc
1657 979 1789 1044 abit,
1839 987 1894 1034 et

317 1079 534 1133 Mariam
575 1087 748 1139 vocat,
794 1085 847 1130 et
893 1074 1126 1128 occurrit
1157 1071 1253 1131 illi,
1283 1072 1429 1125 luctu
1461 1071 1634 1125 adhuc
1660 1071 1888 1138 vigente.

317 1169 505 1225 Viden”
533 1168 732 1224 amoris
762 1165 1212 1236 magnitudinem?
1257 1163 1381 1218 Hmc
1419 1172 1502 1216 est
1527 1162 1593 1217 de
1619 1177 1720 1230 qua
1743 1161 1891 1214 dice-

318 1260 408 1315 bat
432 1278 446 1314 :
478 1259 650 1312 Maria
678 1273 795 1310 vero
820 1256 1058 1325 Optimam
1083 1264 1278 1322 partem
1299 1253 1445 1323 elegit
1483 1252 1502 1316 ί
1511 1251 1633 1304 Luc.
1665 1250 1749 1305 lO.
1778 1248 1890 1320 42).

314 1350 593 1418 Quomodo
615 1364 763 1418 ergo,
794 1347 1021 1415 inquies,
1067 1345 1270 1399 Martha
1309 1359 1453 1398 nunc
1501 1343 1792 1398 ferventior
1819 1342 1895 1394 vi-

314 1441 512 1496 detur?
560 1439 674 1494 Non
716 1447 831 1491 erat
871 1436 986 1490 Iuec
1011 1435 1334 1497 ferventior;
1366 1433 1459 1488 sed
1489 1434 1575 1487 illa
1600 1433 1727 1486 nihil
1755 1433 1895 1486 didi-

313 1542 464 1588 cerat
493 1550 504 1584 :
545 1546 668 1586 nam
712 1529 914 1584 Martha
963 1528 1282 1583 imbecillior
1319 1535 1454 1581 erat.
1485 1522 1619 1579 Cum
1645 1526 1790 1579 enim
1821 1534 1896 1578 tot

315 1633 567 1692 tantaque
609 1621 870 1685 audisset,
919 1619 1093 1674 adhuc
1140 1628 1316 1673 tamen
1361 1616 1510 1681 dicit,
1553 1615 1675 1669 Jam
1719 1620 1896 1686 faetet;

315 1716 679 1785 quatriduanus
703 1725 776 1768 est
804 1715 958 1767 enim.
993 1713 1084 1767 Illa
1115 1726 1270 1773 vero,
1304 1711 1402 1765 etsi
1431 1707 1690 1763 nihildum
1714 1707 1897 1760 audis-

318 1817 421 1872 set,
467 1807 597 1861 nihil
623 1805 920 1874 hujusmodi
943 1805 1159 1874 loquuta
1187 1812 1302 1865 est;
1345 1801 1438 1855 sed
1465 1801 1642 1854 statim
1674 1799 1898 1854 credens

320 1898 450 1952 dixit
478 1915 491 1950 :
514 1896 605 1951 21.
629 1895 863 1960 Domine,
891 1895 934 1948 si
960 1894 1140 1965 fuisses
1165 1893 1267 1959 hic,
1297 1895 1454 1962 frater
1479 1906 1614 1944 meus
1639 1906 1739 1944 non
1765 1890 1898 1960 fuis-

319 2001 392 2046 set
429 2000 677 2044 mortuus.

391 2086 444 2140 5.
475 2083 660 2138 Videte
681 2089 878 2152 quanta
905 2079 977 2134 sit
999 2078 1282 2134 mulierum
1315 2075 1668 2146 philosophia,
1692 2075 1898 2130 etiamsi

323 2175 589 2232 imbecilla
635 2182 817 2228 mente
859 2171 1078 2226 essent?
1106 2169 1236 2224 Viso
1271 2184 1500 2238 namque
1540 2167 1754 2222 Christo
1793 2183 1900 2221 non

321 2268 499 2322 statim
547 2266 599 2320 in
646 2265 868 2328 luctum,
919 2263 974 2316 in
1017 2263 1306 2331 planctum,
1345 2260 1398 2315 in
1440 2262 1696 2330 gemitum
1723 2275 1901 2315 erum-

324 2367 486 2426 punt,
532 2366 589 2411 ut
618 2371 716 2410 nos
743 2355 1007 2418 solemus,
1061 2351 1277 2422 quando
1319 2359 1478 2404 notos
1513 2351 1788 2420 quospiam
1833 2350 1900 2404 ad

323 2451 520 2502 luctum
557 2449 831 2502 venientes
858 2445 1256 2515 conspicimus;
1287 2444 1382 2498 sed
1423 2444 1602 2498 statim
1643 2443 1747 2497 illa;
1786 2459 1902 2497 ma-

321 2540 546 2608 gistrum
591 2538 872 2590 mirantur.
921 2535 1226 2591 Credebant
1258 2535 1441 2603 utique
1467 2535 1637 2588 amba:
1667 2533 1718 2587 in
1748 2533 1903 2588 Chri-

323 2638 494 2692 stum;
543 2628 635 2682 sed
688 2643 793 2682 non
838 2635 1013 2698 utpar
1039 2635 1173 2681 erat.
1213 2625 1456 2679 Nondum
1500 2625 1640 2678 enim
1673 2625 1906 2692 perfecte

325 2720 582 2781 sciebant,
615 2735 715 2772 nec
744 2719 906 2771 Deum
936 2731 1072 2780 esse,
1110 2731 1282 2781 neque
1314 2729 1408 2769 sua
1441 2723 1702 2784 potestate
1729 2723 1782 2768 et
1809 2729 1906 2768 au-

324 2814 567 2866 ctoritate
597 2812 712 2866 lucc
738 2812 909 2865 facere
942 2830 957 2866 :
985 2809 1126 2879 quod
1161 2818 1446 2878 utrumque
1485 2807 1626 2876 ipsas
1667 2805 1902 2860 edocuit.

325 2904 476 2969 Quod
520 2913 693 2956 autem
738 2903 1059 2970 ignorarent,
1113 2907 1255 2968 patet
1287 2914 1354 2952 ex
1398 2913 1465 2952 eo
1501 2897 1641 2966 quod
1682 2897 1764 2950 his
1789 2911 1909 2950 ver-

330 2996 429 3056 bis,
479 2993 539 3048 Si
580 2994 760 3065 fuisses
803 2993 904 3053 hic,
951 2991 1108 3059 frater
1150 2999 1450 3043 nosternon
1480 2998 1606 3041 esset
1637 2996 1864 3040 mortuus
1889 3027 1904 3049 ,

329 3085 656 3148 addiderint,
701 3083 793 3136 29..
865 3082 1202 3150 Qutecumque
1245 3080 1446 3150 petieris
1495 3095 1527 3130 a
1570 3077 1715 3141 Deo,
1767 3076 1907 3128 dabit

332 3179 458 3240 tibi;
488 3177 636 3245 quasi
681 3176 749 3228 de
778 3174 972 3227 virtute
1001 3172 1222 3236 prtcdito
1267 3181 1320 3224 et
1348 3169 1639 3237 conspicuo
1673 3169 1788 3220 viro
1827 3167 1907 3219 lo-

329 3276 568 3336 quentes.
595 3265 728 3320 Vide
771 3274 948 3319 autem
989 3263 1112 3333 quid
1143 3261 1385 3316 Christus
1415 3259 1734 3329 respondeat
1759 3275 1774 3315 ι
1801 3257 1893 3312 25.

335 3359 581 3428 Resurget
616 3358 773 3426 frater
814 3367 972 3419 tuus;
1032 3353 1159 3409 illud
1206 3352 1509 3418 confutans,
1573 3352 1911 3421 Quaecumque

337 3451 556 3516 petieris.
586 3447 766 3516 Neque
795 3447 936 3499 enim
964 3445 1116 3508 dixit,
1152 3444 1356 3506 Petam,
1385 3442 1477 3496 sed
1507 3440 1675 3510 quid?
1724 3439 1913 3493 Resur-

334 3551 411 3610 get
437 3544 593 3611 frater
617 3549 752 3592 tuus.
803 3537 856 3592 Si
899 3537 1121 3590 dixisset
1160 3534 1302 3588 enim
1337 3551 1352 3586 :
1384 3533 1428 3586 Ο
1457 3534 1683 3596 mulier,
1739 3532 1911 3586 adhuc

336 3642 529 3687 terram
575 3628 843 3699 reSpicis?
883 3628 1058 3682 alieno
1099 3641 1206 3679 non
1245 3639 1376 3695 egeo
1403 3624 1627 3684 auxilio,
1654 3638 1681 3674 a
1708 3623 1912 3692 meipso

336 3724 513 3778 omnia
558 3721 734 3788 facio;
766 3721 884 3775 haec
907 3720 1133 3774 molesta
1165 3719 1410 3784 fuissent,
1442 3727 1495 3772 ct
1523 3717 1803 3770 mulierem
1833 3715 1913 3768 of-

339 3813 649 3868 femlissent.
699 3811 850 3866 Nunc
874 3824 1002 3865 vero
1023 3810 1227 3872 dicens,
1260 3807 1530 3877 Resurget,
1568 3805 1800 3860 medium
1833 3814 1912 3858 te-

339 3907 455 3960 nuit
493 3905 730 3971 modum,
773 3914 828 3958 et
872 3918 968 3973 per
992 3901 1267 3970 sequentia
1298 3914 1359 3953 ea
1386 3914 1506 3969 qua:
1531 3899 1641 3952 dixi
1669 3897 1912 3952 subindi-

340 4000 498 4053 cavit.
532 3998 752 4052 Dicente
777 3996 918 4050 enim
950 3995 1059 4054 illa,
1087 3994 1176 4048 24.
1205 3993 1324 4047 Scio
1349 3995 1466 4060 quia
1493 4000 1716 4060 resurget
1742 3991 1794 4043 in
1825 4005 1918 4042 no-

339 4092 541 4144 vissimo
567 4089 665 4148 die,
711 4088 909 4142 clarius
940 4101 1090 4140 suam
1122 4083 1357 4139 ostendit
1395 4082 1790 4143 auctoritatem,
1833 4079 1914 4132 di-

340 4197 489 4247 cens,
516 4181 608 4236 25.
640 4179 749 4250 Ego
776 4196 889 4234 sum
920 4177 1215 4231 resurrectio
1246 4184 1293 4229 et
1322 4175 1462 4238 vita;
1489 4181 1916 4227 commonstrans

343 4287 402 4328 se
427 4288 531 4325 non
561 4271 780 4326 alterius
804 4268 999 4322 auxilio
1033 4281 1211 4336 egere,
1247 4264 1508 4334 siquidem
1539 4262 1654 4331 ipse
1681 4261 1787 4314 vita
1812 4269 1913 4314 est.

344 4361 498 4428 Quod
519 4361 563 4415 si
603 4360 819 4414 alterius
861 4364 1042 4428 egeret
1084 4370 1269 4425 opera,
1318 4351 1587 4422 quomodo
1623 4351 1734 4419 ipse
1761 4349 1919 4404 fuerit

347 4450 671 4504 resurrectio
712 4457 767 4502 et
807 4446 957 4501 vita?
1003 4445 1109 4502 Sed
1157 4459 1263 4497 non
1305 4451 1412 4496 tam
1436 4441 1580 4494 clare
1603 4438 1757 4503 dixit,
1795 4438 1921 4492 sub-
1987 4457 1993 4460 η

351 4539 600 4595 indicavit
649 4547 845 4592 tamen.
893 4538 1124 4590 Rursum
1171 4534 1259 4588 illa
1302 4532 1532 4594 dicente,
1588 4529 1920 4596 Quazcumque

351 4631 656 4700 poposceris,
707 4629 794 4684 ille
836 4628 1091 4696 reponit:
1139 4626 1240 4691 Qui
1284 4623 1444 4677 credit
1481 4623 1536 4675 in
1577 4636 1675 4684 nte,
1726 4620 1920 4673 etiamsi

351 4729 578 4774 mortuus
607 4719 757 4787 fierit,
786 4718 910 4770 vivet
935 4731 951 4779 ;
978 4715 1271 4769 ostendens
1297 4728 1355 4766 se
1383 4715 1641 4765 bonorum
1681 4709 1921 4763 datorem

352 4830 494 4878 esse,
521 4823 575 4867 et
598 4828 627 4865 a
655 4827 715 4866 se
738 4809 1023 4881 petendum
1049 4821 1187 4862 csse.
1216 4805 1306 4858 26.
1341 4803 1406 4856 Et
1448 4803 1610 4856 omnis
1647 4801 1732 4871 qui
1774 4800 1919 4862 vivit,

352 4914 402 4958 et
445 4904 605 4957 credit
631 4901 685 4954 in
712 4916 810 4964 me,
858 4915 958 4952 non
984 4897 1224 4950 morietur
1251 4896 1305 4948 in
1329 4905 1594 4948 aeternum.
1626 4891 1760 4946 Vide
1784 4905 1921 4958 quo-

356 4995 517 5051 modo
554 5003 784 5048 mentem
813 4991 928 5060 ejus
955 4991 1144 5058 erigat.
1170 4987 1282 5041 Non
1311 4987 1454 5040 enim
1487 4993 1692 5038 tantum
1728 4995 1925 5049 qutere-

353 5086 510 5142 batur
539 5082 858 5138 resurrectio
894 5080 1100 5142 Lazari,
1133 5079 1226 5132 sed
1274 5075 1554 5146 oportebat
1592 5083 1646 5127 et
1678 5075 1831 5136 hanc,
1871 5080 1926 5123 et

354 5178 443 5247 qui
482 5184 768 5245 praesentes
815 5188 934 5226 cum
977 5171 1063 5223 illa
1114 5178 1288 5233 erant,
1345 5166 1789 5221 resurrectionem
1813 5162 1927 5217 edi-

357 5283 529 5322 scere.
558 5266 843 5333 Pmpterca
871 5269 1152 5330 antequam
1184 5259 1406 5312 suscitet
1435 5271 1576 5317 eum,
1608 5254 1785 5307 verbis
1813 5251 1928 5321 phi-

361 5357 688 5426 loSOphatUr.
722 5354 872 5421 Quod
913 5353 956 5406 si
986 5349 1309 5405 resurrectio
1335 5347 1404 5400 sit
1432 5357 1485 5400 et
1505 5347 1635 5409 vita,
1679 5358 1781 5397 non
1810 5342 1928 5394 loco

361 5445 836 5509 circumscribitur,
879 5442 972 5496 sed
1018 5440 1210 5509 ubique
1251 5453 1442 5492 sanare
1483 5444 1675 5504 potesn
1721 5433 1773 5486 Si
1803 5447 1928 5484 vero

361 5538 623 5592 dixissent
667 5544 724 5588 ut
768 5533 1030 5595 centurio,
1078 5530 1174 5583 Dic
1215 5529 1360 5582 verbo
1409 5537 1454 5580 et
1499 5524 1760 5579 sanabitur
1808 5538 1930 5590 puer

364 5645 504 5683 meus
546 5625 758 5698 (Matth.
786 5625 838 5680 8.
865 5625 917 5690 8)
943 5664 958 5688 ,
1003 5623 1055 5676 id
1079 5620 1316 5691 profecto
1344 5618 1552 5672 fecisset
1579 5633 1593 5668 :
1627 5615 1750 5681 quia
1799 5626 1928 5665 vero

368 5721 512 5775 illum
541 5719 604 5772 ad
638 5733 695 5773 se
722 5716 1011 5780 vocabant,
1059 5722 1113 5768 ct
1157 5721 1213 5766 ut
1239 5711 1445 5765 veniret
1479 5706 1766 5777 rogabant,
1810 5702 1927 5757 ideo

1360 322 1422 377 IN
1461 319 1770 377 JOANNEM
1812 317 2036 372 IIOMIL.
2080 317 2232 371 LXII.
2273 320 2344 374 al.
2384 320 2517 375 LXI.

3465 328 3566 383 aut

1998 438 2403 504 obtemperavit,
2453 447 2511 491 ut
2551 437 2666 492 illas
2706 453 2736 491 a
2783 447 2888 491 tam
2932 438 3145 505 humili,
3193 456 3350 512 quam
3397 443 3464 497 de
3506 463 3565 499 se

1999 526 2283 591 habebant,
2328 529 2579 594 Opinione
2622 530 2949 594 retraheret,
2996 540 3050 583 et
3077 531 3142 584 ad
3173 532 3344 585 locum
3377 540 3521 588 venit
3552 553 3567 590 :

1999 627 2048 671 et
2081 627 2256 672 tamen
2295 619 2420 672 dum
2464 635 2583 672 sese
2621 629 2964 688 attemperat.
3013 624 3246 677 ostendit
3289 640 3443 692 posse
3489 643 3568 686 se.

1997 711 2156 764 etiam
2178 709 2301 763 dum
2323 710 2519 764 absens
2545 720 2648 772 est,
2675 726 2898 774 sanare;
2930 712 3048 765 ideo
3076 715 3270 768 tardat.
3290 714 3402 769 Non
3426 719 3569 772 enim

2000 801 2210 871 vulgata
2257 803 2441 858 fuisset
2468 805 2638 872 gratia
2668 816 2891 872 repente
2919 808 3136 873 collata,
3179 810 3279 863 nisi
3325 809 3570 866 fmtorem

1999 893 2283 948 emisisset.
2315 893 2385 947 Et
2425 893 2567 949 unde
2595 895 2798 950 sciebat
2829 897 3019 951 mulier
3057 899 3285 952 futuram
3329 915 3573 955 resurre-

1997 985 2227 1039 ctionem
2251 986 2274 1038 ‘l
2312 986 2568 1041 Audierat
2594 987 2865 1042 Christum
2895 990 3058 1044 multa
3086 990 3154 1044 de
3182 994 3574 1049 resurrectione

2000 1073 2329 1142 loquentem,
2360 1077 2454 1131 sed
2487 1094 2628 1134 nunc
2658 1080 2841 1135 videre
2869 1081 3112 1151 cupieba'
3138 1099 3152 1147 ;
3205 1095 3261 1137 et
3287 1085 3408 1138 vide
3437 1101 3575 1154 quo-

2002 1167 2161 1220 modo
2188 1168 2360 1222 adhuc
2387 1169 2530 1222 humi
2562 1174 2828 1226 versetur.
2849 1171 2980 1226 Cutn
3010 1173 3245 1227 audisset
3271 1177 3435 1241 enim,
3466 1175 3576 1246 Ego

2000 1273 2110 1310 sunt
2136 1260 2432 1312 resurrectio
2452 1270 2497 1313 et
2525 1261 2647 1328 vita,
2673 1277 2778 1316 non
2805 1265 3100 1333 respondit.
3123 1265 3399 1320 Resuscita
3419 1283 3574 1330 eum;

2001 1346 2093 1401 sed
2125 1347 2292 1416 qttid?
2319 1349 2477 1403 Credo
2504 1352 2623 1420 quia
2652 1361 2705 1404 tu
2732 1370 2784 1405 es
2812 1351 3044 1407 Christus
3075 1353 3239 1408 Filius
3266 1354 3382 1409 Dei.
3437 1357 3575 1424 Quid

2001 1453 2129 1507 ergo
2158 1438 2400 1504 Christus
2428 1441 2502 1494 illi
2523 1443 2546 1494 ?
2565 1441 2655 1496 25.
2682 1443 2858 1496 Omnis
2884 1445 2971 1514 qui
2997 1445 3155 1498 credit
3181 1445 3234 1498 in
3262 1463 3358 1511 me,
3384 1449 3578 1502 etiamsi

2002 1540 2228 1581 mortuus
2257 1531 2430 1598 fuerit,
2463 1532 2625 1593 vivet,
2658 1533 2702 1586 si
2744 1533 2843 1587 hac
2892 1550 3083 1604 nempe
3113 1546 3285 1590 morte
3331 1549 3574 1593 mortuus

2004 1618 2191 1686 fuerit;
2230 1621 2319 1675 26.
2349 1632 2396 1674 et
2435 1624 2597 1677 omnis
2623 1625 2707 1693 qui
2737 1627 2853 1679 vivit
2879 1636 2924 1679 et
2949 1627 3106 1680 credit
3130 1628 3184 1680 in
3214 1644 3314 1691 me,
3342 1646 3443 1682 non
3468 1647 3580 1682 mo-

2001 1710 2182 1774 rietur,
2206 1711 2290 1763 illa
2322 1711 2562 1766 videlicet
2588 1723 2778 1768 morte.
2797 1713 2930 1768 Cum
2956 1716 3115 1784 igitur
3141 1732 3240 1785 ego
3267 1719 3368 1771 sim
3404 1735 3579 1772 resur-

2005 1801 2195 1863 rectio,
2225 1816 2291 1854 ne
2324 1803 2550 1856 turberis
2573 1804 2615 1856 si
2637 1804 2746 1871 jam
2771 1816 3009 1860 mortuus
3041 1804 3228 1870 fuerit,
3278 1809 3370 1861 sed
3395 1809 3575 1864 crede.

2005 1888 2130 1943 Ilaec
2160 1892 2303 1943 enim
2347 1906 2452 1944 non
2498 1907 2644 1946 mors
2689 1903 2790 1946 est.
2836 1895 3051 1948 Interim
3093 1896 3236 1949 illam
3281 1898 3346 1951 de
3386 1908 3579 1954 eventu

2004 1981 2305 2034 consolatus
2333 1992 2434 2047 εει,
2455 1979 2713 2052 spemque
2741 1983 2955 2052 adjecit,
2976 1994 3085 2038 tum
3113 1986 3295 2040 dicens
3315 2004 3434 2040 eum
3460 2003 3581 2043 esse

1972 2081 2453 2137 'resurrecturum,
2504 2083 2612 2127 tum
2647 2076 2761 2128 haec
2790 2075 3084 2142 proferens,
3140 2076 3248 2147 ligo
3273 2095 3383 2130 sum
3411 2096 3580 2131 resur-

2004 2164 2157 2215 rectio
2181 2179 2200 2227 ;
2228 2172 2334 2214 tum
2362 2163 2522 2217 etiam
2556 2167 2695 2233 quia,
2740 2166 2784 2218 si
2815 2177 3058 2236 resurgat
3086 2176 3141 2221 et
3162 2168 3351 2222 iterum
3383 2171 3580 2222 moria-

2009 2264 2111 2315 tur,
2140 2253 2267 2305 nihil
2291 2253 2413 2306 mali
2446 2268 2698 2322 passurus
2724 2255 2814 2309 sit.
2849 2255 3030 2325 Itaque
3056 2272 3163 2311 non
3192 2267 3278 2312 est
3301 2258 3414 2312 lucc
3439 2274 3582 2312 mors

2008 2343 2372 2407 formidanda;
2401 2343 2502 2396 hoc
2530 2355 2630 2408 est,
2659 2345 2840 2415 Neque
2861 2347 2972 2415 ipse
3000 2357 3241 2403 mortuus
3271 2361 3374 2415 est,
3409 2365 3582 2419 neque

2007 2447 2103 2485 vos
2127 2435 2444 2487 moriemini.
2474 2433 2647 2488 Credis
2677 2436 2810 2490 hoc?
2838 2437 2918 2490 Ait
2943 2437 3038 2490 illa
3065 2455 3083 2491 :
3115 2439 3275 2493 Credo
3309 2441 3428 2510 quia
3456 2455 3507 2492 tu
3530 2458 3582 2495 es

2008 2522 2237 2577 Christus
2283 2523 2446 2578 Filius
2492 2525 2605 2591 Dei,
2651 2527 2736 2594 qui
2763 2527 2815 2579 in
2847 2517 3089 2580 mundum
3117 2529 3314 2582 venisti.
3364 2530 3584 2584 Videtur

2010 2615 2202 2668 mulier
2242 2614 2438 2668 Christi
2482 2615 2680 2669 dictum
2728 2631 2832 2668 non
2881 2617 3229 2673 intellexisse.
3261 2618 3583 2675 Nevitcerte

2010 2721 2405 2775 magnumcsse
2445 2708 2736 2775 quidpiam,
2783 2709 2876 2762 sed
2923 2717 3093 2762 totum
3145 2726 3250 2763 non
3301 2710 3579 2765 intellexit.

2010 2798 2134 2854 Ideo
2163 2799 2229 2853 de
2255 2799 2352 2851 alia
2383 2815 2440 2853 re
2469 2801 2811 2868 interrogata,
2835 2800 2899 2853 de
2917 2801 3018 2853 alia
3045 2801 3352 2869 resipondct.
3386 2802 3440 2855 Id
3457 2819 3585 2856 vero

2012 2889 2223 2943 interim
2255 2891 2452 2943 lucrata
2486 2899 2589 2956 est,
2619 2890 2759 2959 quod
2787 2891 2986 2945 luctum
3019 2901 3263 2962 poneret.
3301 2893 3587 2962 Ilrccquip.

2012 2999 2079 3052 pe
2107 2985 2274 3038 virtus
2320 2995 2405 3038 est
2433 2985 2720 3038 verborum
2759 2985 2978 3039 Christi.
3035 2985 3159 3040 Ideo
3187 2986 3273 3039 illa
3299 2989 3584 3054 praevenit,

2013 3076 2127 3129 lucc
2175 3085 2396 3145 sequuta
2451 3087 2551 3130 est.
2625 3077 2755 3130 Nam
2823 3077 3198 3131 benevolentia
3258 3093 3381 3146 erga
3423 3079 3589 3147 magi-

2013 3179 2182 3220 strnm
2232 3183 2288 3221 re
2335 3169 2579 3236 praesenti
2627 3183 2730 3222 non
2765 3169 2989 3222 multum
3032 3168 3167 3222 allici
3217 3169 3578 3237 permittebat.

1996 3259 2194 3328 Itaque
2243 3275 2364 3314 cum
2409 3261 2573 3329 gratia
2623 3275 2775 3314 mens
2823 3273 3039 3330 quoque
3086 3260 3368 3313 mnliermn
3415 3259 3589 3330 philo-

2014 3351 2359 3421 sophabatur.

2088 3447 2142 3497 4.
2180 3442 2453 3497 Mulierum
2481 3443 2712 3512 planctus
2737 3451 2784 3495 et
2819 3444 2980 3495 luctus
3005 3441 3345 3496 immodestus.
3388 3471 3459 3481 —
3485 3440 3591 3496 Vc-

2016 3553 2132 3591 rum
2160 3552 2301 3590 nunc
2327 3579 2342 3602 ,
2370 3546 2564 3605 praeter
2606 3537 2705 3590 alia
2753 3535 2889 3589 mala
2911 3576 2925 3599 ,
2954 3534 3040 3588 hic
3070 3550 3280 3603 quoque.
3308 3534 3588 3587 mulierum

2017 3629 2231 3682 morbus
2274 3629 2499 3682 obtinet.
2551 3627 2682 3682 Nam
2725 3629 2777 3682 in
2826 3628 2970 3681 luctu
3015 3635 3070 3680 et
3107 3628 3316 3694 planctu
3355 3633 3587 3678 ostenta-

2021 3725 2214 3778 tionem
2244 3724 2511 3788 alI'ectanl,
2537 3722 2752 3776 brachia
2779 3722 2977 3774 nudant
2998 3721 3039 3782 ¹,
3065 3719 3240 3773 crines
3259 3719 3584 3786 discerpunt,
3627 3738 3634 3745 ’

2018 3833 2180 3886 genas
2209 3815 2444 3876 laniant;
2471 3815 2590 3868 alite
2613 3815 2682 3869 ob
2711 3811 2948 3867 dolorem
2974 3829 2988 3876 ;
3020 3811 3137 3864 alim
3171 3810 3236 3863 ad
3275 3811 3590 3863 ostentatio-

2019 3924 2162 3972 nem;
2189 3907 2306 3960 ali:e
2330 3905 2596 3974 impudico
2623 3905 2801 3959 animo
2829 3902 3044 3957 brachia
3073 3901 3271 3955 nudant
3295 3941 3310 3962 ,
3341 3900 3470 3953 viris
3509 3900 3594 3951 iu-

2021 3999 2314 4053 tuentibus.
2340 3997 2474 4064 Quid
2503 3999 2632 4052 facis
2656 4037 2670 4059 ,
2704 4012 2737 4050 ο
2763 3994 2994 4050 mulier?
3043 3994 3118 4048 Te
3157 3995 3208 4047 in
3255 3992 3430 4048 medio
3476 3990 3593 4044 foro

2023 4090 2246 4157 turpiter
2272 4087 2437 4140 nudas
2457 4129 2470 4150 ,
2504 4103 2621 4155 qum
2648 4085 2844 4138 Christi
2877 4085 3175 4138 membrum
3225 4097 3283 4136 es
3307 4122 3322 4146 ,
3355 4081 3510 4150 idque
3539 4080 3592 4132 in

2023 4181 2136 4235 foro
2164 4180 2292 4233 viris
2327 4176 2719 4246 praesentibus?
2747 4175 2933 4229 Crines
2975 4175 3191 4228 vellicas
3214 4213 3230 4238 ,
3279 4183 3477 4226 vestem
3514 4170 3595 4222 di-

2022 4272 2240 4337 scindis,
2263 4285 2484 4340 magnos
2507 4269 2734 4338 ejulatus
2759 4267 2978 4332 emittis,
2997 4267 3244 4320 choreum
3265 4265 3462 4318 circum
3482 4263 3594 4317 effi-

2023 4366 2127 4428 cis,
2161 4373 2214 4418 et
2250 4363 2549 4417 nuenadum
2592 4361 2802 4414 illarum
2844 4358 3124 4429 imaginem
3162 4371 3344 4411 servas
3369 4395 3385 4420 ,
3420 4370 3518 4408 nec
3543 4363 3595 4408 te

2025 4465 2179 4525 putas
2224 4457 2386 4508 Deum
2436 4452 2749 4508 offendere?
2793 4451 2922 4517 Qua:
2959 4449 3046 4504 illa
3108 4449 3354 4503 insania?
3403 4449 3594 4502 Annon

2023 4547 2246 4618 gentiles
2284 4543 2790 4600 ridebunt?Annon
2821 4540 3022 4594 fabulas
3066 4549 3245 4592 nostra
3289 4552 3407 4592 esse
3449 4547 3598 4604 puta-

2026 4643 2152 4692 lnmt
2179 4637 2202 4675 ν
2232 4637 2418 4690 lticent
2441 4635 2603 4699 enim,
2631 4633 2784 4687 Nulla
2819 4641 2901 4685 est
2928 4631 3281 4693 resurrectio;
3315 4629 3407 4683 sed
3435 4629 3595 4682 Chri-

2027 4731 2316 4783 stianorum
2348 4727 2593 4794 dogmata
2626 4723 2849 4777 ridicula
2881 4726 3003 4775 sunt
3026 4762 3042 4787 ,
3073 4720 3283 4775 fraudes
3305 4761 3318 4783 ,
3355 4718 3596 4773 fallaciae.

2028 4823 2107 4874 Ac
2131 4822 2173 4873 si
2199 4819 2340 4872 enim
2373 4817 2502 4870 nihil
2530 4827 2649 4885 post
2677 4816 2813 4868 hanc
2837 4814 2992 4866 vitam
3021 4813 3291 4881 supersit,
3317 4812 3384 4865 ita
3420 4811 3602 4879 lugent;

2027 4912 2164 4981 apud
2205 4911 2323 4962 illos
2359 4907 2642 4970 mulieres;
2689 4906 2820 4958 nihil
2848 4903 3128 4957 attendunt
3152 4903 3436 4971 Scripturis
3465 4903 3596 4957 suis.

2027 5004 2302 5070 Figmenta
2339 5009 2461 5052 sunt
2503 4999 2588 5052 illa
2617 4998 2791 5049 omnia
2823 5037 2838 5058 ,
2870 5007 2927 5047 ut
2970 4994 3098 5062 ipsa:
3122 4993 3489 5062 comprobant.
3543 4993 3599 5044 Si

2029 5097 2170 5149 enim
2199 5094 2476 5148 crederent
2498 5105 2618 5144 eum
2647 5089 2734 5157 qui
2763 5097 3003 5140 mortuus
3026 5093 3108 5138 est
3129 5124 3146 5150 ,
3168 5101 3271 5139 non
3298 5099 3423 5138 vero
3454 5100 3600 5136 mur-

2033 5199 2176 5240 lunnt
2205 5200 2322 5238 esse
2348 5225 2362 5244 ,
2394 5182 2487 5237 sed
2524 5181 2589 5234 ad
2620 5181 2894 5233 meliorem
2925 5177 3082 5230 vitam
3115 5177 3424 5230 translatum
3450 5190 3464 5238 ;
3496 5192 3599 5228 nun

2033 5282 2182 5334 illum
2208 5278 2356 5347 quasi
2387 5276 2495 5345 jam
2521 5275 2659 5328 ultra
2689 5288 2794 5326 non
2821 5280 2964 5325 esset
2992 5270 3233 5339 lugerent
3253 5311 3268 5334 ,
3307 5283 3409 5322 non
3448 5269 3516 5320 ita
3545 5282 3604 5318 se

2034 5377 2385 5433 Inacerarcnt,
2417 5383 2519 5420 non
2553 5366 2670 5418 illas
2709 5365 3014 5418 emitterent
3040 5376 3196 5416 voces
3227 5358 3606 5412 incredulitatis

2099 5527 2112 5556 ι
2151 5521 2241 5572 Alii
2264 5523 2463 5574 habent.
2491 5525 2756 5576 cruentent,
2786 5530 2886 5580 pro,
2906 5517 3107 5566 nudant.
3133 5523 3260 5563 Mure.
3287 5527 3464 5576 nempe
3480 5529 3603 5580 gen-

2035 5585 2210 5639 tilium,
2235 5584 2316 5646 qui
2353 5584 2564 5644 praelicas
2596 5583 2644 5629 in
2679 5577 3199 5646 funerainducebant,
3224 5591 3424 5646 quarum
3456 5577 3607 5624 ollicm

2033 5637 2275 5757 desierin
2310 5637 2422 5694 sunt.
2466 5652 2611 5693 't‘onto
2650 5644 2816 5704 quinto
2848 5642 3156 5702 Antiquitatis
3201 5637 3468 5700 eiplanattc
3518 5642 3610 5689 sub

2038 5721 2102 5757 nu
2129 5721 2244 5755 tum.
