  <div class='ocr_page' id='page_1' title='image "/cluster/home/n/w/nwhite01/storage/ocr_20150623/59/nnc1.0046979891/343.png"; bbox 0 0 4100 6362; ppageno 0'>
   <div class='ocr_carea' id='block_1_1' title="bbox 490 341 591 398">
    <p class='ocr_par' dir='ltr' id='par_1_1' title="bbox 490 341 591 398">
     <span class='ocr_line' id='line_1_1' title="bbox 490 341 591 398; baseline 0 -1"><span class='ocrx_word' id='word_1_1' title='bbox 490 341 591 398; x_wconf 67' lang='grc' dir='ltr'><strong>διν</strong></span> 
     </span>
    </p>
   </div>
   <div class='ocr_carea' id='block_1_2' title="bbox 491 429 2070 533">
    <p class='ocr_par' dir='ltr' id='par_1_2' title="bbox 491 429 2070 533">
     <span class='ocr_line' id='line_1_2' title="bbox 491 429 2070 533; baseline -0.023 -15"><span class='ocrx_word' id='word_1_2' title='bbox 491 474 714 533; x_wconf 82' lang='lat' dir='ltr'><strong>plenas:</strong></span> <span class='ocrx_word' id='word_1_3' title='bbox 747 457 862 513; x_wconf 83' lang='lat' dir='ltr'><strong>Non</strong></span> <span class='ocrx_word' id='word_1_4' title='bbox 890 463 940 509; x_wconf 92' lang='lat' dir='ltr'><strong>te</strong></span> <span class='ocrx_word' id='word_1_5' title='bbox 967 451 1195 521; x_wconf 84' lang='lat' dir='ltr'><strong>amplius</strong></span> <span class='ocrx_word' id='word_1_6' title='bbox 1220 447 1413 502; x_wconf 85' lang='lat' dir='ltr'><strong>videbo</strong></span> <span class='ocrx_word' id='word_1_7' title='bbox 1441 488 1457 511; x_wconf 92' lang='lat'><strong>,</strong></span> <span class='ocrx_word' id='word_1_8' title='bbox 1494 458 1600 497; x_wconf 91' lang='lat' dir='ltr'><strong>non</strong></span> <span class='ocrx_word' id='word_1_9' title='bbox 1630 449 1683 494; x_wconf 92' lang='lat' dir='ltr'><strong>te</strong></span> <span class='ocrx_word' id='word_1_10' title='bbox 1713 429 2070 533; x_wconf 38' lang='lat' dir='ltr'><strong>recup-crabo.</strong></span> 
     </span>
    </p>
   </div>
   <div class='ocr_carea' id='block_1_3' title="bbox 494 526 2080 621">
    <p class='ocr_par' dir='ltr' id='par_1_3' title="bbox 494 526 2080 621">
     <span class='ocr_line' id='line_1_3' title="bbox 494 526 2080 621; baseline -0.022 -11"><span class='ocrx_word' id='word_1_11' title='bbox 494 526 710 609; x_wconf 48' lang='lat' dir='ltr'><strong>bubulae</strong></span> <span class='ocrx_word' id='word_1_12' title='bbox 730 550 868 621; x_wconf 91' lang='lat' dir='ltr'><strong>apud</strong></span> <span class='ocrx_word' id='word_1_13' title='bbox 897 548 1018 603; x_wconf 89' lang='lat' dir='ltr'><strong>illos</strong></span> <span class='ocrx_word' id='word_1_14' title='bbox 1047 544 1226 599; x_wconf 86' lang='lat' dir='ltr'><strong>omnia</strong></span> <span class='ocrx_word' id='word_1_15' title='bbox 1257 550 1399 595; x_wconf 86' lang='lat' dir='ltr'><strong>sunt.</strong></span> <span class='ocrx_word' id='word_1_16' title='bbox 1430 534 1582 603; x_wconf 94' lang='lat' dir='ltr'><strong>Quod</strong></span> <span class='ocrx_word' id='word_1_17' title='bbox 1610 533 1652 587; x_wconf 89' lang='lat' dir='ltr'><strong>si</strong></span> <span class='ocrx_word' id='word_1_18' title='bbox 1677 531 1727 585; x_wconf 90' lang='lat' dir='ltr'><strong>id</strong></span> <span class='ocrx_word' id='word_1_19' title='bbox 1755 526 1897 598; x_wconf 89' lang='lat' dir='ltr'><strong>quod</strong></span> <span class='ocrx_word' id='word_1_20' title='bbox 1920 530 2080 592; x_wconf 83' lang='lat' dir='ltr'><strong>caput</strong></span> 
     </span>
    </p>
   </div>
   <div class='ocr_carea' id='block_1_4' title="bbox 493 622 2078 701">
    <p class='ocr_par' dir='ltr' id='par_1_4' title="bbox 493 622 2078 701">
     <span class='ocr_line' id='line_1_4' title="bbox 493 622 2078 701; baseline -0.021 -1"><span class='ocrx_word' id='word_1_21' title='bbox 493 648 729 701; x_wconf 87' lang='lat' dir='ltr'><strong>mnuium</strong></span> <span class='ocrx_word' id='word_1_22' title='bbox 760 645 1020 698; x_wconf 91' lang='lat' dir='ltr'><strong>bonorum</strong></span> <span class='ocrx_word' id='word_1_23' title='bbox 1044 646 1128 693; x_wconf 90' lang='lat' dir='ltr'><strong>est</strong></span> <span class='ocrx_word' id='word_1_24' title='bbox 1152 650 1256 690; x_wconf 91' lang='lat' dir='ltr'><strong>non</strong></span> <span class='ocrx_word' id='word_1_25' title='bbox 1283 631 1528 694; x_wconf 91' lang='lat' dir='ltr'><strong>credunt,</strong></span> <span class='ocrx_word' id='word_1_26' title='bbox 1555 625 1723 681; x_wconf 90' lang='lat' dir='ltr'><strong>multo</strong></span> <span class='ocrx_word' id='word_1_27' title='bbox 1754 622 1933 676; x_wconf 92' lang='lat' dir='ltr'><strong>minus</strong></span> <span class='ocrx_word' id='word_1_28' title='bbox 1956 630 2078 670; x_wconf 81' lang='lat' dir='ltr'><strong>cre-</strong></span> 
     </span>
    </p>
   </div>
   <div class='ocr_carea' id='block_1_5' title="bbox 494 710 2081 796">
    <p class='ocr_par' dir='ltr' id='par_1_5' title="bbox 494 710 2081 796">
     <span class='ocr_line' id='line_1_5' title="bbox 494 710 2081 796; baseline -0.021 1"><span class='ocrx_word' id='word_1_29' title='bbox 494 742 623 796; x_wconf 83' lang='lat' dir='ltr'><strong>dent</strong></span> <span class='ocrx_word' id='word_1_30' title='bbox 665 746 877 793; x_wconf 62' lang='lat' dir='ltr'><strong>cetera.</strong></span> <span class='ocrx_word' id='word_1_31' title='bbox 909 735 1023 790; x_wconf 87' lang='lat' dir='ltr'><strong>Non</strong></span> <span class='ocrx_word' id='word_1_32' title='bbox 1048 744 1154 786; x_wconf 90' lang='lat' dir='ltr'><strong>tam</strong></span> <span class='ocrx_word' id='word_1_33' title='bbox 1196 725 1484 785; x_wconf 76' lang='lat' dir='ltr'><strong>effeminati</strong></span> <span class='ocrx_word' id='word_1_34' title='bbox 1512 721 1736 794; x_wconf 78' lang='lat' dir='ltr'><strong>gentiles</strong></span> <span class='ocrx_word' id='word_1_35' title='bbox 1762 724 1886 772; x_wconf 92' lang='lat' dir='ltr'><strong>sunt</strong></span> <span class='ocrx_word' id='word_1_36' title='bbox 1910 731 1923 766; x_wconf 89' lang='lat'><strong>:</strong></span> <span class='ocrx_word' id='word_1_37' title='bbox 1951 710 2081 766; x_wconf 90' lang='lat' dir='ltr'><strong>mul-</strong></span> 
     </span>
    </p>
   </div>
   <div class='ocr_carea' id='block_1_6' title="bbox 499 803 2081 901">
    <p class='ocr_par' dir='ltr' id='par_1_6' title="bbox 499 803 2081 901">
     <span class='ocr_line' id='line_1_6' title="bbox 499 803 2081 901; baseline -0.02 -15"><span class='ocrx_word' id='word_1_38' title='bbox 499 833 536 886; x_wconf 93' lang='lat' dir='ltr'><strong>ti</strong></span> <span class='ocrx_word' id='word_1_39' title='bbox 566 830 703 901; x_wconf 91' lang='lat' dir='ltr'><strong>apud</strong></span> <span class='ocrx_word' id='word_1_40' title='bbox 732 829 848 883; x_wconf 93' lang='lat' dir='ltr'><strong>illos</strong></span> <span class='ocrx_word' id='word_1_41' title='bbox 876 824 1343 896; x_wconf 63' lang='lat' dir='ltr'><strong>philosomtantur.</strong></span> <span class='ocrx_word' id='word_1_42' title='bbox 1374 816 1612 873; x_wconf 87' lang='lat' dir='ltr'><strong>Audiens</strong></span> <span class='ocrx_word' id='word_1_43' title='bbox 1647 808 1860 882; x_wconf 78' lang='lat' dir='ltr'><strong>gentilis</strong></span> <span class='ocrx_word' id='word_1_44' title='bbox 1888 803 2081 858; x_wconf 84' lang='lat' dir='ltr'><strong>mulier</strong></span> 
     </span>
    </p>
   </div>
   <div class='ocr_carea' id='block_1_7' title="bbox 498 908 2081 988">
    <p class='ocr_par' dir='ltr' id='par_1_7' title="bbox 498 908 2081 988">
     <span class='ocr_line' id='line_1_7' title="bbox 498 908 2081 988; baseline -0.016 -12"><span class='ocrx_word' id='word_1_45' title='bbox 498 923 660 976; x_wconf 84' lang='lat' dir='ltr'><strong>filium</strong></span> <span class='ocrx_word' id='word_1_46' title='bbox 682 921 732 973; x_wconf 91' lang='lat' dir='ltr'><strong>in</strong></span> <span class='ocrx_word' id='word_1_47' title='bbox 754 932 929 988; x_wconf 83' lang='lat' dir='ltr'><strong>pugna</strong></span> <span class='ocrx_word' id='word_1_48' title='bbox 949 916 1228 981; x_wconf 86' lang='lat' dir='ltr'><strong>cecidisse,</strong></span> <span class='ocrx_word' id='word_1_49' title='bbox 1247 911 1427 967; x_wconf 88' lang='lat' dir='ltr'><strong>statim</strong></span> <span class='ocrx_word' id='word_1_50' title='bbox 1445 908 1711 964; x_wconf 82' lang='lat' dir='ltr'><strong>sciscitata</strong></span> <span class='ocrx_word' id='word_1_51' title='bbox 1732 912 1833 964; x_wconf 86' lang='lat' dir='ltr'><strong>est,</strong></span> <span class='ocrx_word' id='word_1_52' title='bbox 1852 912 2081 970; x_wconf 92' lang='lat' dir='ltr'><strong>quomo-</strong></span> 
     </span>
    </p>
   </div>
   <div class='ocr_carea' id='block_1_8' title="bbox 495 995 2081 1079">
    <p class='ocr_par' dir='ltr' id='par_1_8' title="bbox 495 995 2081 1079">
     <span class='ocr_line' id='line_1_8' title="bbox 495 995 2081 1079; baseline -0.015 -10"><span class='ocrx_word' id='word_1_53' title='bbox 495 1015 565 1069; x_wconf 90' lang='lat' dir='ltr'><strong>do</strong></span> <span class='ocrx_word' id='word_1_54' title='bbox 579 1028 639 1069; x_wconf 91' lang='lat' dir='ltr'><strong>se</strong></span> <span class='ocrx_word' id='word_1_55' title='bbox 656 1026 744 1066; x_wconf 89' lang='lat' dir='ltr'><strong>res</strong></span> <span class='ocrx_word' id='word_1_56' title='bbox 770 1010 976 1079; x_wconf 88' lang='lat' dir='ltr'><strong>publica</strong></span> <span class='ocrx_word' id='word_1_57' title='bbox 998 1009 1217 1063; x_wconf 86' lang='lat' dir='ltr'><strong>haberet</strong></span> <span class='ocrx_word' id='word_1_58' title='bbox 1235 1004 1312 1077; x_wconf 93' lang='lat' dir='ltr'><strong>(a)</strong></span> <span class='ocrx_word' id='word_1_59' title='bbox 1334 1021 1349 1071; x_wconf 93' lang='lat'><strong>;</strong></span> <span class='ocrx_word' id='word_1_60' title='bbox 1367 1004 1606 1073; x_wconf 90' lang='lat' dir='ltr'><strong>aliusque</strong></span> <span class='ocrx_word' id='word_1_61' title='bbox 1624 995 1969 1070; x_wconf 90' lang='lat' dir='ltr'><strong>philosophus</strong></span> <span class='ocrx_word' id='word_1_62' title='bbox 1986 1006 2081 1047; x_wconf 89' lang='lat' dir='ltr'><strong>co-</strong></span> 
     </span>
    </p>
   </div>
   <div class='ocr_carea' id='block_1_9' title="bbox 495 1087 2081 1169">
    <p class='ocr_par' dir='ltr' id='par_1_9' title="bbox 495 1087 2081 1169">
     <span class='ocr_line' id='line_1_9' title="bbox 495 1087 2081 1169; baseline -0.015 -6"><span class='ocrx_word' id='word_1_63' title='bbox 495 1115 737 1169; x_wconf 87' lang='lat' dir='ltr'><strong>ronatus,</strong></span> <span class='ocrx_word' id='word_1_64' title='bbox 757 1115 815 1158; x_wconf 92' lang='lat' dir='ltr'><strong>ut</strong></span> <span class='ocrx_word' id='word_1_65' title='bbox 835 1102 1037 1158; x_wconf 81' lang='lat' dir='ltr'><strong>audivit</strong></span> <span class='ocrx_word' id='word_1_66' title='bbox 1062 1101 1227 1156; x_wconf 89' lang='lat' dir='ltr'><strong>ﬁlium</strong></span> <span class='ocrx_word' id='word_1_67' title='bbox 1247 1113 1344 1169; x_wconf 90' lang='lat' dir='ltr'><strong>pro</strong></span> <span class='ocrx_word' id='word_1_68' title='bbox 1372 1096 1543 1167; x_wconf 90' lang='lat' dir='ltr'><strong>patria</strong></span> <span class='ocrx_word' id='word_1_69' title='bbox 1568 1091 1850 1155; x_wconf 87' lang='lat' dir='ltr'><strong>cecidisse,</strong></span> <span class='ocrx_word' id='word_1_70' title='bbox 1873 1087 2081 1143; x_wconf 90' lang='lat' dir='ltr'><strong>sublata</strong></span> 
     </span>
    </p>
   </div>
   <div class='ocr_carea' id='block_1_10' title="bbox 496 1182 2085 1255">
    <p class='ocr_par' dir='ltr' id='par_1_10' title="bbox 496 1182 2085 1255">
     <span class='ocr_line' id='line_1_10' title="bbox 496 1182 2085 1255; baseline -0.014 0"><span class='ocrx_word' id='word_1_71' title='bbox 496 1214 693 1255; x_wconf 86' lang='lat' dir='ltr'><strong>corona</strong></span> <span class='ocrx_word' id='word_1_72' title='bbox 748 1198 1048 1253; x_wconf 87' lang='lat' dir='ltr'><strong>sciscitatus</strong></span> <span class='ocrx_word' id='word_1_73' title='bbox 1079 1203 1198 1250; x_wconf 92' lang='lat' dir='ltr'><strong>uter</strong></span> <span class='ocrx_word' id='word_1_74' title='bbox 1249 1208 1313 1248; x_wconf 82' lang='lat' dir='ltr'><strong>ex</strong></span> <span class='ocrx_word' id='word_1_75' title='bbox 1360 1190 1569 1245; x_wconf 90' lang='lat' dir='ltr'><strong>duobus</strong></span> <span class='ocrx_word' id='word_1_76' title='bbox 1591 1229 1607 1252; x_wconf 92' lang='lat'><strong>,</strong></span> <span class='ocrx_word' id='word_1_77' title='bbox 1632 1200 1753 1242; x_wconf 91' lang='lat' dir='ltr'><strong>cum</strong></span> <span class='ocrx_word' id='word_1_78' title='bbox 1782 1182 1903 1253; x_wconf 89' lang='lat' dir='ltr'><strong>quis</strong></span> <span class='ocrx_word' id='word_1_79' title='bbox 1940 1190 2085 1235; x_wconf 88' lang='lat' dir='ltr'><strong>esset</strong></span> 
     </span>
    </p>
   </div>
   <div class='ocr_carea' id='block_1_11' title="bbox 497 1274 2081 1357">
    <p class='ocr_par' dir='ltr' id='par_1_11' title="bbox 497 1274 2081 1357">
     <span class='ocr_line' id='line_1_11' title="bbox 497 1274 2081 1357; baseline -0.014 -11"><span class='ocrx_word' id='word_1_80' title='bbox 497 1292 793 1357; x_wconf 86' lang='lat' dir='ltr'><strong>didicisset,</strong></span> <span class='ocrx_word' id='word_1_81' title='bbox 820 1303 1071 1345; x_wconf 86' lang='lat' dir='ltr'><strong>coronam</strong></span> <span class='ocrx_word' id='word_1_82' title='bbox 1100 1287 1277 1342; x_wconf 88' lang='lat' dir='ltr'><strong>statim</strong></span> <span class='ocrx_word' id='word_1_83' title='bbox 1310 1282 1569 1354; x_wconf 84' lang='lat' dir='ltr'><strong>reposuit.</strong></span> <span class='ocrx_word' id='word_1_84' title='bbox 1598 1278 1748 1334; x_wconf 87' lang='lat' dir='ltr'><strong>Multi</strong></span> <span class='ocrx_word' id='word_1_85' title='bbox 1779 1278 1831 1331; x_wconf 93' lang='lat' dir='ltr'><strong>in</strong></span> <span class='ocrx_word' id='word_1_86' title='bbox 1860 1274 2081 1329; x_wconf 91' lang='lat' dir='ltr'><strong>deorum</strong></span> 
     </span>
    </p>
   </div>
   <div class='ocr_carea' id='block_1_12' title="bbox 497 1365 2083 1443">
    <p class='ocr_par' dir='ltr' id='par_1_12' title="bbox 497 1365 2083 1443">
     <span class='ocr_line' id='line_1_12' title="bbox 497 1365 2083 1443; baseline -0.014 -6"><span class='ocrx_word' id='word_1_87' title='bbox 497 1396 717 1437; x_wconf 89' lang='lat' dir='ltr'><strong>suorum</strong></span> <span class='ocrx_word' id='word_1_88' title='bbox 739 1382 996 1435; x_wconf 90' lang='lat' dir='ltr'><strong>honorem</strong></span> <span class='ocrx_word' id='word_1_89' title='bbox 1026 1378 1163 1433; x_wconf 90' lang='lat' dir='ltr'><strong>ﬁlios</strong></span> <span class='ocrx_word' id='word_1_90' title='bbox 1186 1377 1428 1443; x_wconf 92' lang='lat' dir='ltr'><strong>ﬁliasque</strong></span> <span class='ocrx_word' id='word_1_91' title='bbox 1455 1369 1766 1426; x_wconf 90' lang='lat' dir='ltr'><strong>mactandos</strong></span> <span class='ocrx_word' id='word_1_92' title='bbox 1797 1365 2083 1421; x_wconf 80' lang='lat' dir='ltr'><strong>tradidere.</strong></span> 
     </span>
    </p>
   </div>
   <div class='ocr_carea' id='block_1_13' title="bbox 499 1464 2084 1527">
    <p class='ocr_par' dir='ltr' id='par_1_13' title="bbox 499 1464 2084 1527">
     <span class='ocr_line' id='line_1_13' title="bbox 499 1464 2084 1527; baseline -0.012 0"><span class='ocrx_word' id='word_1_93' title='bbox 499 1472 741 1527; x_wconf 66' lang='lat' dir='ltr'><strong>Lacamas</strong></span> <span class='ocrx_word' id='word_1_94' title='bbox 766 1480 942 1525; x_wconf 91' lang='lat' dir='ltr'><strong>autem</strong></span> <span class='ocrx_word' id='word_1_95' title='bbox 988 1469 1239 1523; x_wconf 90' lang='lat' dir='ltr'><strong>mulieres</strong></span> <span class='ocrx_word' id='word_1_96' title='bbox 1268 1466 1407 1520; x_wconf 89' lang='lat' dir='ltr'><strong>ﬁlios</strong></span> <span class='ocrx_word' id='word_1_97' title='bbox 1433 1464 1715 1518; x_wconf 88' lang='lat' dir='ltr'><strong>hortantur</strong></span> <span class='ocrx_word' id='word_1_98' title='bbox 1738 1502 1751 1524; x_wconf 89' lang='lat'><strong>,</strong></span> <span class='ocrx_word' id='word_1_99' title='bbox 1787 1468 1842 1512; x_wconf 93' lang='lat' dir='ltr'><strong>ut</strong></span> <span class='ocrx_word' id='word_1_100' title='bbox 1876 1465 2084 1511; x_wconf 89' lang='lat' dir='ltr'><strong>scutum</strong></span> 
     </span>
    </p>
   </div>
   <div class='ocr_carea' id='block_1_14' title="bbox 499 1551 2087 1635">
    <p class='ocr_par' dir='ltr' id='par_1_14' title="bbox 499 1551 2087 1635">
     <span class='ocr_line' id='line_1_14' title="bbox 499 1551 2087 1635; baseline -0.011 -15"><span class='ocrx_word' id='word_1_101' title='bbox 499 1581 563 1620; x_wconf 77' lang='lat' dir='ltr'><strong>ex</strong></span> <span class='ocrx_word' id='word_1_102' title='bbox 600 1565 784 1635; x_wconf 75' lang='lat' dir='ltr'><strong>prmlio</strong></span> <span class='ocrx_word' id='word_1_103' title='bbox 817 1564 1082 1630; x_wconf 81' lang='lat' dir='ltr'><strong>referant,</strong></span> <span class='ocrx_word' id='word_1_104' title='bbox 1114 1561 1200 1617; x_wconf 94' lang='lat' dir='ltr'><strong>vel</strong></span> <span class='ocrx_word' id='word_1_105' title='bbox 1230 1576 1394 1631; x_wconf 90' lang='lat' dir='ltr'><strong>super</strong></span> <span class='ocrx_word' id='word_1_106' title='bbox 1424 1561 1596 1629; x_wconf 91' lang='lat' dir='ltr'><strong>ipsum</strong></span> <span class='ocrx_word' id='word_1_107' title='bbox 1625 1555 1822 1610; x_wconf 90' lang='lat' dir='ltr'><strong>mortui</strong></span> <span class='ocrx_word' id='word_1_108' title='bbox 1849 1551 2087 1607; x_wconf 85' lang='lat' dir='ltr'><strong>referan-</strong></span> 
     </span>
    </p>
   </div>
   <div class='ocr_carea' id='block_1_15' title="bbox 501 1649 2088 1727">
    <p class='ocr_par' dir='ltr' id='par_1_15' title="bbox 501 1649 2088 1727">
     <span class='ocr_line' id='line_1_15' title="bbox 501 1649 2088 1727; baseline -0.006 -15"><span class='ocrx_word' id='word_1_109' title='bbox 501 1669 609 1714; x_wconf 87' lang='lat' dir='ltr'><strong>tur.</strong></span> <span class='ocrx_word' id='word_1_110' title='bbox 638 1658 810 1714; x_wconf 90' lang='lat' dir='ltr'><strong>Pudet</strong></span> <span class='ocrx_word' id='word_1_111' title='bbox 850 1674 936 1713; x_wconf 85' lang='lat' dir='ltr'><strong>nte</strong></span> <span class='ocrx_word' id='word_1_112' title='bbox 973 1657 1045 1711; x_wconf 87' lang='lat' dir='ltr'><strong>ita</strong></span> <span class='ocrx_word' id='word_1_113' title='bbox 1088 1656 1319 1727; x_wconf 79' lang='lat' dir='ltr'><strong>gentiles</strong></span> <span class='ocrx_word' id='word_1_114' title='bbox 1361 1650 1772 1725; x_wconf 90' lang='lat' dir='ltr'><strong>philosophari,</strong></span> <span class='ocrx_word' id='word_1_115' title='bbox 1816 1649 1942 1703; x_wconf 92' lang='lat' dir='ltr'><strong>dum</strong></span> <span class='ocrx_word' id='word_1_116' title='bbox 1990 1662 2088 1703; x_wconf 88' lang='lat' dir='ltr'><strong>nos</strong></span> 
     </span>
    </p>
   </div>
   <div class='ocr_carea' id='block_1_16' title="bbox 501 1744 2086 1822">
    <p class='ocr_par' dir='ltr' id='par_1_16' title="bbox 501 1744 2086 1822">
     <span class='ocr_line' id='line_1_16' title="bbox 501 1744 2086 1822; baseline -0.009 -15"><span class='ocrx_word' id='word_1_117' title='bbox 501 1753 729 1822; x_wconf 88' lang='lat' dir='ltr'><strong>turpiter</strong></span> <span class='ocrx_word' id='word_1_118' title='bbox 756 1752 984 1822; x_wconf 83' lang='lat' dir='ltr'><strong>agimus.</strong></span> <span class='ocrx_word' id='word_1_119' title='bbox 1013 1750 1115 1819; x_wconf 87' lang='lat' dir='ltr'><strong>Qui</strong></span> <span class='ocrx_word' id='word_1_120' title='bbox 1144 1749 1278 1804; x_wconf 85' lang='lat' dir='ltr'><strong>nihil</strong></span> <span class='ocrx_word' id='word_1_121' title='bbox 1313 1748 1383 1803; x_wconf 90' lang='lat' dir='ltr'><strong>de</strong></span> <span class='ocrx_word' id='word_1_122' title='bbox 1421 1744 1821 1802; x_wconf 85' lang='lat' dir='ltr'><strong>resurrectione</strong></span> <span class='ocrx_word' id='word_1_123' title='bbox 1849 1747 2048 1796; x_wconf 91' lang='lat' dir='ltr'><strong>norunt</strong></span> <span class='ocrx_word' id='word_1_124' title='bbox 2070 1779 2086 1803; x_wconf 89' lang='lat'><strong>,</strong></span> 
     </span>
    </p>
   </div>
   <div class='ocr_carea' id='block_1_17' title="bbox 500 1838 2090 1913">
    <p class='ocr_par' dir='ltr' id='par_1_17' title="bbox 500 1838 2090 1913">
     <span class='ocr_line' id='line_1_17' title="bbox 500 1838 2090 1913; baseline -0.006 -15"><span class='ocrx_word' id='word_1_125' title='bbox 500 1842 723 1913; x_wconf 86' lang='lat' dir='ltr'><strong>perinde</strong></span> <span class='ocrx_word' id='word_1_126' title='bbox 761 1850 927 1913; x_wconf 86' lang='lat' dir='ltr'><strong>agunt</strong></span> <span class='ocrx_word' id='word_1_127' title='bbox 971 1856 1033 1896; x_wconf 91' lang='lat' dir='ltr'><strong>ac</strong></span> <span class='ocrx_word' id='word_1_128' title='bbox 1078 1842 1123 1895; x_wconf 88' lang='lat' dir='ltr'><strong>si</strong></span> <span class='ocrx_word' id='word_1_129' title='bbox 1173 1850 1394 1895; x_wconf 83' lang='lat' dir='ltr'><strong>nossent</strong></span> <span class='ocrx_word' id='word_1_130' title='bbox 1425 1856 1438 1892; x_wconf 93' lang='lat'>:</span> <span class='ocrx_word' id='word_1_131' title='bbox 1469 1838 1558 1908; x_wconf 91' lang='lat' dir='ltr'><strong>qui</strong></span> <span class='ocrx_word' id='word_1_132' title='bbox 1604 1845 1799 1890; x_wconf 92' lang='lat' dir='ltr'><strong>norunt</strong></span> <span class='ocrx_word' id='word_1_133' title='bbox 1847 1847 2090 1889; x_wconf 85' lang='lat' dir='ltr'><strong>resurre-</strong></span> 
     </span>
    </p>
   </div>
   <div class='ocr_carea' id='block_1_18' title="bbox 501 1926 2091 2003">
    <p class='ocr_par' dir='ltr' id='par_1_18' title="bbox 501 1926 2091 2003">
     <span class='ocr_line' id='line_1_18' title="bbox 501 1926 2091 2003; baseline -0.004 -16"><span class='ocrx_word' id='word_1_134' title='bbox 501 1934 731 1988; x_wconf 88' lang='lat' dir='ltr'><strong>ctionem</strong></span> <span class='ocrx_word' id='word_1_135' title='bbox 752 1974 768 1998; x_wconf 91' lang='lat'><strong>,</strong></span> <span class='ocrx_word' id='word_1_136' title='bbox 798 1933 870 1987; x_wconf 92' lang='lat' dir='ltr'><strong>ita</strong></span> <span class='ocrx_word' id='word_1_137' title='bbox 914 1948 972 1987; x_wconf 91' lang='lat' dir='ltr'><strong>se</strong></span> <span class='ocrx_word' id='word_1_138' title='bbox 995 1940 1188 2003; x_wconf 90' lang='lat' dir='ltr'><strong>gerunt</strong></span> <span class='ocrx_word' id='word_1_139' title='bbox 1215 1947 1277 1987; x_wconf 83' lang='lat' dir='ltr'><strong>ac</strong></span> <span class='ocrx_word' id='word_1_140' title='bbox 1304 1932 1348 1985; x_wconf 87' lang='lat' dir='ltr'><strong>si</strong></span> <span class='ocrx_word' id='word_1_141' title='bbox 1397 1930 1539 1985; x_wconf 89' lang='lat' dir='ltr'><strong>illam</strong></span> <span class='ocrx_word' id='word_1_142' title='bbox 1582 1928 1908 1999; x_wconf 83' lang='lat' dir='ltr'><strong>ignorarent.</strong></span> <span class='ocrx_word' id='word_1_143' title='bbox 1942 1926 2091 1981; x_wconf 85' lang='lat' dir='ltr'><strong>Multi</strong></span> 
     </span>
    </p>
   </div>
   <div class='ocr_carea' id='block_1_19' title="bbox 503 2019 2091 2094">
    <p class='ocr_par' dir='ltr' id='par_1_19' title="bbox 503 2019 2091 2094">
     <span class='ocr_line' id='line_1_19' title="bbox 503 2019 2091 2094; baseline -0.003 -18"><span class='ocrx_word' id='word_1_144' title='bbox 503 2023 644 2092; x_wconf 90' lang='lat' dir='ltr'><strong>quod</strong></span> <span class='ocrx_word' id='word_1_145' title='bbox 672 2034 890 2094; x_wconf 86' lang='lat' dir='ltr'><strong>propter</strong></span> <span class='ocrx_word' id='word_1_146' title='bbox 916 2025 1084 2079; x_wconf 91' lang='lat' dir='ltr'><strong>Deum</strong></span> <span class='ocrx_word' id='word_1_147' title='bbox 1112 2038 1221 2079; x_wconf 91' lang='lat' dir='ltr'><strong>non</strong></span> <span class='ocrx_word' id='word_1_148' title='bbox 1265 2024 1502 2079; x_wconf 90' lang='lat' dir='ltr'><strong>facerent</strong></span> <span class='ocrx_word' id='word_1_149' title='bbox 1526 2039 1589 2077; x_wconf 79' lang='lat' dir='ltr'><strong>ex</strong></span> <span class='ocrx_word' id='word_1_150' title='bbox 1626 2022 1860 2076; x_wconf 87' lang='lat' dir='ltr'><strong>humano</strong></span> <span class='ocrx_word' id='word_1_151' title='bbox 1889 2019 2091 2089; x_wconf 87' lang='lat' dir='ltr'><strong>pudore</strong></span> 
     </span>
    </p>
   </div>
   <div class='ocr_carea' id='block_1_20' title="bbox 505 2113 2089 2186">
    <p class='ocr_par' dir='ltr' id='par_1_20' title="bbox 505 2113 2089 2186">
     <span class='ocr_line' id='line_1_20' title="bbox 505 2113 2089 2186; baseline -0.002 -18"><span class='ocrx_word' id='word_1_152' title='bbox 505 2118 719 2172; x_wconf 85' lang='lat' dir='ltr'><strong>faciunt.</strong></span> <span class='ocrx_word' id='word_1_153' title='bbox 775 2117 1155 2186; x_wconf 89' lang='lat' dir='ltr'><strong>Opulentiores</strong></span> <span class='ocrx_word' id='word_1_154' title='bbox 1198 2118 1341 2171; x_wconf 91' lang='lat' dir='ltr'><strong>enim</strong></span> <span class='ocrx_word' id='word_1_155' title='bbox 1399 2116 1653 2170; x_wconf 90' lang='lat' dir='ltr'><strong>mulieres</strong></span> <span class='ocrx_word' id='word_1_156' title='bbox 1710 2113 1934 2182; x_wconf 82' lang='lat' dir='ltr'><strong>capillos</strong></span> <span class='ocrx_word' id='word_1_157' title='bbox 1983 2126 2089 2165; x_wconf 93' lang='lat' dir='ltr'><strong>non</strong></span> 
     </span>
    </p>
   </div>
   <div class='ocr_carea' id='block_1_21' title="bbox 504 2205 2095 2276">
    <p class='ocr_par' dir='ltr' id='par_1_21' title="bbox 504 2205 2095 2276">
     <span class='ocr_line' id='line_1_21' title="bbox 504 2205 2095 2276; baseline -0.002 -16"><span class='ocrx_word' id='word_1_158' title='bbox 504 2209 747 2273; x_wconf 89' lang='lat' dir='ltr'><strong>vellunt,</strong></span> <span class='ocrx_word' id='word_1_159' title='bbox 778 2208 997 2263; x_wconf 87' lang='lat' dir='ltr'><strong>brachia</strong></span> <span class='ocrx_word' id='word_1_160' title='bbox 1028 2224 1135 2264; x_wconf 94' lang='lat' dir='ltr'><strong>non</strong></span> <span class='ocrx_word' id='word_1_161' title='bbox 1175 2207 1416 2272; x_wconf 90' lang='lat' dir='ltr'><strong>nudant;</strong></span> <span class='ocrx_word' id='word_1_162' title='bbox 1447 2206 1587 2276; x_wconf 91' lang='lat' dir='ltr'><strong>quod</strong></span> <span class='ocrx_word' id='word_1_163' title='bbox 1616 2205 1829 2276; x_wconf 90' lang='lat' dir='ltr'><strong>quidem</strong></span> <span class='ocrx_word' id='word_1_164' title='bbox 1861 2219 2095 2261; x_wconf 87' lang='lat' dir='ltr'><strong>summo-</strong></span> 
     </span>
    </p>
   </div>
   <div class='ocr_carea' id='block_1_22' title="bbox 506 2297 2093 2370">
    <p class='ocr_par' dir='ltr' id='par_1_22' title="bbox 506 2297 2093 2370">
     <span class='ocr_line' id='line_1_22' title="bbox 506 2297 2093 2370; baseline -0.001 -18"><span class='ocrx_word' id='word_1_165' title='bbox 506 2314 636 2365; x_wconf 81' lang='lat' dir='ltr'><strong>pere</strong></span> <span class='ocrx_word' id='word_1_166' title='bbox 664 2299 1073 2369; x_wconf 87' lang='lat' dir='ltr'><strong>improbandum</strong></span> <span class='ocrx_word' id='word_1_167' title='bbox 1100 2341 1116 2367; x_wconf 91' lang='lat'><strong>,</strong></span> <span class='ocrx_word' id='word_1_168' title='bbox 1152 2314 1260 2355; x_wconf 92' lang='lat' dir='ltr'><strong>non</strong></span> <span class='ocrx_word' id='word_1_169' title='bbox 1282 2299 1426 2370; x_wconf 91' lang='lat' dir='ltr'><strong>quod</strong></span> <span class='ocrx_word' id='word_1_170' title='bbox 1456 2314 1562 2353; x_wconf 94' lang='lat' dir='ltr'><strong>non</strong></span> <span class='ocrx_word' id='word_1_171' title='bbox 1594 2297 1816 2363; x_wconf 90' lang='lat' dir='ltr'><strong>nudent,</strong></span> <span class='ocrx_word' id='word_1_172' title='bbox 1848 2297 1942 2353; x_wconf 89' lang='lat' dir='ltr'><strong>sed</strong></span> <span class='ocrx_word' id='word_1_173' title='bbox 1970 2297 2093 2367; x_wconf 90' lang='lat' dir='ltr'><strong>quia</strong></span> 
     </span>
    </p>
   </div>
   <div class='ocr_carea' id='block_1_23' title="bbox 508 2388 2097 2462">
    <p class='ocr_par' dir='ltr' id='par_1_23' title="bbox 508 2388 2097 2462">
     <span class='ocr_line' id='line_1_23' title="bbox 508 2388 2097 2462; baseline -0.001 -19"><span class='ocrx_word' id='word_1_174' title='bbox 508 2406 614 2444; x_wconf 91' lang='lat' dir='ltr'><strong>non</strong></span> <span class='ocrx_word' id='word_1_175' title='bbox 642 2392 856 2462; x_wconf 90' lang='lat' dir='ltr'><strong>pietatis</strong></span> <span class='ocrx_word' id='word_1_176' title='bbox 896 2407 1057 2446; x_wconf 90' lang='lat' dir='ltr'><strong>causa</strong></span> <span class='ocrx_word' id='word_1_177' title='bbox 1084 2434 1101 2460; x_wconf 91' lang='lat'><strong>,</strong></span> <span class='ocrx_word' id='word_1_178' title='bbox 1130 2407 1193 2446; x_wconf 90' lang='lat' dir='ltr'><strong>ac</strong></span> <span class='ocrx_word' id='word_1_179' title='bbox 1223 2407 1291 2447; x_wconf 92' lang='lat' dir='ltr'><strong>ne</strong></span> <span class='ocrx_word' id='word_1_180' title='bbox 1319 2400 1503 2460; x_wconf 88' lang='lat' dir='ltr'><strong>turpes</strong></span> <span class='ocrx_word' id='word_1_181' title='bbox 1542 2390 1821 2445; x_wconf 86' lang='lat' dir='ltr'><strong>videantur</strong></span> <span class='ocrx_word' id='word_1_182' title='bbox 1843 2430 1860 2457; x_wconf 95' lang='lat'><strong>,</strong></span> <span class='ocrx_word' id='word_1_183' title='bbox 1894 2388 1995 2443; x_wconf 91' lang='lat' dir='ltr'><strong>hoc</strong></span> <span class='ocrx_word' id='word_1_184' title='bbox 2026 2388 2097 2443; x_wconf 85' lang='lat' dir='ltr'><strong>fa-</strong></span> 
     </span>
    </p>
   </div>
   <div class='ocr_carea' id='block_1_24' title="bbox 508 2481 2097 2551">
    <p class='ocr_par' dir='ltr' id='par_1_24' title="bbox 508 2481 2097 2551">
     <span class='ocr_line' id='line_1_24' title="bbox 508 2481 2097 2551; baseline 0.001 -17"><span class='ocrx_word' id='word_1_185' title='bbox 508 2485 672 2538; x_wconf 92' lang='lat' dir='ltr'><strong>ciunt.</strong></span> <span class='ocrx_word' id='word_1_186' title='bbox 697 2484 875 2540; x_wconf 88' lang='lat' dir='ltr'><strong>Pudor</strong></span> <span class='ocrx_word' id='word_1_187' title='bbox 900 2484 1101 2540; x_wconf 91' lang='lat' dir='ltr'><strong>luctum</strong></span> <span class='ocrx_word' id='word_1_188' title='bbox 1121 2484 1359 2551; x_wconf 86' lang='lat' dir='ltr'><strong>cohibet,</strong></span> <span class='ocrx_word' id='word_1_189' title='bbox 1392 2484 1483 2539; x_wconf 90' lang='lat' dir='ltr'><strong>Dei</strong></span> <span class='ocrx_word' id='word_1_190' title='bbox 1511 2493 1684 2538; x_wconf 91' lang='lat' dir='ltr'><strong>metus</strong></span> <span class='ocrx_word' id='word_1_191' title='bbox 1707 2498 1810 2538; x_wconf 91' lang='lat' dir='ltr'><strong>non</strong></span> <span class='ocrx_word' id='word_1_192' title='bbox 1839 2481 2097 2538; x_wconf 87' lang='lat' dir='ltr'><strong>cohibet?</strong></span> 
     </span>
    </p>
   </div>
   <div class='ocr_carea' id='block_1_25' title="bbox 511 2572 2097 2646">
    <p class='ocr_par' dir='ltr' id='par_1_25' title="bbox 511 2572 2097 2646">
     <span class='ocr_line' id='line_1_25' title="bbox 511 2572 2097 2646; baseline -0.002 -16"><span class='ocrx_word' id='word_1_193' title='bbox 511 2576 578 2630; x_wconf 88' lang='lat' dir='ltr'><strong>Et</strong></span> <span class='ocrx_word' id='word_1_194' title='bbox 604 2576 872 2646; x_wconf 90' lang='lat' dir='ltr'><strong>quomodo</strong></span> <span class='ocrx_word' id='word_1_195' title='bbox 902 2575 1019 2632; x_wconf 62' lang='lat' dir='ltr'><strong>haec</strong></span> <span class='ocrx_word' id='word_1_196' title='bbox 1056 2593 1161 2631; x_wconf 91' lang='lat' dir='ltr'><strong>non</strong></span> <span class='ocrx_word' id='word_1_197' title='bbox 1201 2575 1488 2631; x_wconf 87' lang='lat' dir='ltr'><strong>admodum</strong></span> <span class='ocrx_word' id='word_1_198' title='bbox 1518 2573 1902 2645; x_wconf 87' lang='lat' dir='ltr'><strong>improbanda?</strong></span> <span class='ocrx_word' id='word_1_199' title='bbox 1927 2572 2097 2642; x_wconf 88' lang='lat' dir='ltr'><strong>Opor-</strong></span> 
     </span>
    </p>
   </div>
   <div class='ocr_carea' id='block_1_26' title="bbox 511 2667 2094 2739">
    <p class='ocr_par' dir='ltr' id='par_1_26' title="bbox 511 2667 2094 2739">
     <span class='ocr_line' id='line_1_26' title="bbox 511 2667 2094 2739; baseline -0.002 -18"><span class='ocrx_word' id='word_1_200' title='bbox 511 2676 649 2722; x_wconf 91' lang='lat' dir='ltr'><strong>teret</strong></span> <span class='ocrx_word' id='word_1_201' title='bbox 668 2684 798 2739; x_wconf 86' lang='lat' dir='ltr'><strong>ergo</strong></span> <span class='ocrx_word' id='word_1_202' title='bbox 823 2669 967 2739; x_wconf 91' lang='lat' dir='ltr'><strong>quod</strong></span> <span class='ocrx_word' id='word_1_203' title='bbox 995 2669 1265 2739; x_wconf 69' lang='lat' dir='ltr'><strong>opulenta:</strong></span> <span class='ocrx_word' id='word_1_204' title='bbox 1292 2667 1493 2722; x_wconf 90' lang='lat' dir='ltr'><strong>faciunt</strong></span> <span class='ocrx_word' id='word_1_205' title='bbox 1514 2668 1633 2736; x_wconf 87' lang='lat' dir='ltr'><strong>quia</strong></span> <span class='ocrx_word' id='word_1_206' title='bbox 1660 2668 1927 2736; x_wconf 65' lang='lat' dir='ltr'><strong>opulenta:</strong></span> <span class='ocrx_word' id='word_1_207' title='bbox 1951 2674 2094 2730; x_wconf 88' lang='lat' dir='ltr'><strong>sunt,</strong></span> 
     </span>
    </p>
   </div>
   <div class='ocr_carea' id='block_1_27' title="bbox 513 2756 2100 2830">
    <p class='ocr_par' dir='ltr' id='par_1_27' title="bbox 513 2756 2100 2830">
     <span class='ocr_line' id='line_1_27' title="bbox 513 2756 2100 2830; baseline -0.001 -18"><span class='ocrx_word' id='word_1_208' title='bbox 513 2758 567 2812; x_wconf 90' lang='lat' dir='ltr'><strong>id</strong></span> <span class='ocrx_word' id='word_1_209' title='bbox 596 2775 856 2830; x_wconf 88' lang='lat' dir='ltr'><strong>pauperes</strong></span> <span class='ocrx_word' id='word_1_210' title='bbox 901 2760 972 2815; x_wconf 95' lang='lat' dir='ltr'><strong>ob</strong></span> <span class='ocrx_word' id='word_1_211' title='bbox 1000 2759 1095 2815; x_wconf 91' lang='lat' dir='ltr'><strong>Dei</strong></span> <span class='ocrx_word' id='word_1_212' title='bbox 1125 2761 1371 2815; x_wconf 90' lang='lat' dir='ltr'><strong>timorem</strong></span> <span class='ocrx_word' id='word_1_213' title='bbox 1400 2758 1600 2814; x_wconf 85' lang='lat' dir='ltr'><strong>facere.</strong></span> <span class='ocrx_word' id='word_1_214' title='bbox 1634 2758 1786 2813; x_wconf 83' lang='lat' dir='ltr'><strong>Nunc</strong></span> <span class='ocrx_word' id='word_1_215' title='bbox 1811 2759 1990 2811; x_wconf 84' lang='lat' dir='ltr'><strong>omnia</strong></span> <span class='ocrx_word' id='word_1_216' title='bbox 2020 2756 2100 2810; x_wconf 87' lang='lat' dir='ltr'><strong>in-</strong></span> 
     </span>
    </p>
   </div>
   <div class='ocr_carea' id='block_1_28' title="bbox 514 2845 2099 2919">
    <p class='ocr_par' dir='ltr' id='par_1_28' title="bbox 514 2845 2099 2919">
     <span class='ocr_line' id='line_1_28' title="bbox 514 2845 2099 2919; baseline -0.003 -15"><span class='ocrx_word' id='word_1_217' title='bbox 514 2865 671 2905; x_wconf 90' lang='lat' dir='ltr'><strong>verso</strong></span> <span class='ocrx_word' id='word_1_218' title='bbox 713 2850 901 2905; x_wconf 90' lang='lat' dir='ltr'><strong>ordine</strong></span> <span class='ocrx_word' id='word_1_219' title='bbox 936 2850 1107 2904; x_wconf 91' lang='lat' dir='ltr'><strong>ﬁunt:</strong></span> <span class='ocrx_word' id='word_1_220' title='bbox 1134 2851 1237 2903; x_wconf 69' lang='lat' dir='ltr'><strong>illm</strong></span> <span class='ocrx_word' id='word_1_221' title='bbox 1264 2850 1333 2904; x_wconf 92' lang='lat' dir='ltr'><strong>ob</strong></span> <span class='ocrx_word' id='word_1_222' title='bbox 1366 2864 1554 2902; x_wconf 90' lang='lat' dir='ltr'><strong>vanam</strong></span> <span class='ocrx_word' id='word_1_223' title='bbox 1601 2848 1826 2919; x_wconf 80' lang='lat' dir='ltr'><strong>gloriam</strong></span> <span class='ocrx_word' id='word_1_224' title='bbox 1858 2845 2099 2918; x_wconf 85' lang='lat' dir='ltr'><strong>philoso-</strong></span> 
     </span>
    </p>
   </div>
   <div class='ocr_carea' id='block_1_29' title="bbox 516 2942 2098 3012">
    <p class='ocr_par' dir='ltr' id='par_1_29' title="bbox 516 2942 2098 3012">
     <span class='ocr_line' id='line_1_29' title="bbox 516 2942 2098 3012; baseline -0.001 -17"><span class='ocrx_word' id='word_1_225' title='bbox 516 2942 785 3011; x_wconf 87' lang='lat' dir='ltr'><strong>phautur,</strong></span> <span class='ocrx_word' id='word_1_226' title='bbox 835 2942 917 2996; x_wconf 70' lang='lat' dir='ltr'><strong>ha:</strong></span> <span class='ocrx_word' id='word_1_227' title='bbox 965 2943 1035 2997; x_wconf 90' lang='lat' dir='ltr'><strong>ob</strong></span> <span class='ocrx_word' id='word_1_228' title='bbox 1087 2942 1579 3012; x_wconf 88' lang='lat' dir='ltr'><strong>pusillanimitatem</strong></span> <span class='ocrx_word' id='word_1_229' title='bbox 1624 2942 1851 3009; x_wconf 90' lang='lat' dir='ltr'><strong>turpiter</strong></span> <span class='ocrx_word' id='word_1_230' title='bbox 1913 2950 2098 3010; x_wconf 88' lang='lat' dir='ltr'><strong>agunt.</strong></span> 
     </span>
    </p>
   </div>
   <div class='ocr_carea' id='block_1_30' title="bbox 516 3031 2105 3102">
    <p class='ocr_par' dir='ltr' id='par_1_30' title="bbox 516 3031 2105 3102">
     <span class='ocr_line' id='line_1_30' title="bbox 516 3031 2105 3102; baseline -0.001 -16"><span class='ocrx_word' id='word_1_231' title='bbox 516 3031 653 3098; x_wconf 85' lang='lat' dir='ltr'><strong>Quid</strong></span> <span class='ocrx_word' id='word_1_232' title='bbox 678 3033 776 3086; x_wconf 90' lang='lat' dir='ltr'><strong>hac</strong></span> <span class='ocrx_word' id='word_1_233' title='bbox 794 3033 1152 3102; x_wconf 76' lang='lat' dir='ltr'><strong>inzequalitate</strong></span> <span class='ocrx_word' id='word_1_234' title='bbox 1178 3033 1412 3088; x_wconf 90' lang='lat' dir='ltr'><strong>deterius</strong></span> <span class='ocrx_word' id='word_1_235' title='bbox 1433 3034 1456 3087; x_wconf 90' lang='lat'><strong>?</strong></span> <span class='ocrx_word' id='word_1_236' title='bbox 1476 3033 1663 3087; x_wconf 92' lang='lat' dir='ltr'><strong>Omnia</strong></span> <span class='ocrx_word' id='word_1_237' title='bbox 1694 3033 1967 3086; x_wconf 83' lang='lat' dir='ltr'><strong>hominum</strong></span> <span class='ocrx_word' id='word_1_238' title='bbox 1985 3047 2105 3102; x_wconf 87' lang='lat' dir='ltr'><strong>gra-</strong></span> 
     </span>
    </p>
   </div>
   <div class='ocr_carea' id='block_1_31' title="bbox 519 3124 2104 3197">
    <p class='ocr_par' dir='ltr' id='par_1_31' title="bbox 519 3124 2104 3197">
     <span class='ocr_line' id='line_1_31' title="bbox 519 3124 2104 3197; baseline 0.002 -18"><span class='ocrx_word' id='word_1_239' title='bbox 519 3126 593 3180; x_wconf 93' lang='lat' dir='ltr'><strong>tia</strong></span> <span class='ocrx_word' id='word_1_240' title='bbox 634 3125 878 3180; x_wconf 83' lang='lat' dir='ltr'><strong>facimus.</strong></span> <span class='ocrx_word' id='word_1_241' title='bbox 909 3124 1084 3181; x_wconf 72' lang='lat' dir='ltr'><strong>Verba</strong></span> <span class='ocrx_word' id='word_1_242' title='bbox 1107 3142 1317 3197; x_wconf 90' lang='lat' dir='ltr'><strong>quoque</strong></span> <span class='ocrx_word' id='word_1_243' title='bbox 1346 3127 1585 3182; x_wconf 74' lang='lat' dir='ltr'><strong>stultitia:</strong></span> <span class='ocrx_word' id='word_1_244' title='bbox 1616 3125 1769 3196; x_wconf 89' lang='lat' dir='ltr'><strong>plena</strong></span> <span class='ocrx_word' id='word_1_245' title='bbox 1806 3134 1860 3181; x_wconf 90' lang='lat' dir='ltr'><strong>et</strong></span> <span class='ocrx_word' id='word_1_246' title='bbox 1882 3126 2104 3183; x_wconf 84' lang='lat' dir='ltr'><strong>ridicula</strong></span> 
     </span>
    </p>
   </div>
   <div class='ocr_carea' id='block_1_32' title="bbox 520 3216 2103 3289">
    <p class='ocr_par' dir='ltr' id='par_1_32' title="bbox 520 3216 2103 3289">
     <span class='ocr_line' id='line_1_32' title="bbox 520 3216 2103 3289; baseline 0.001 -19"><span class='ocrx_word' id='word_1_247' title='bbox 520 3216 818 3287; x_wconf 90' lang='lat' dir='ltr'><strong>proferunt.</strong></span> <span class='ocrx_word' id='word_1_248' title='bbox 852 3217 1106 3271; x_wconf 90' lang='lat' dir='ltr'><strong>Dominus</strong></span> <span class='ocrx_word' id='word_1_249' title='bbox 1152 3218 1364 3288; x_wconf 89' lang='lat' dir='ltr'><strong>quidem</strong></span> <span class='ocrx_word' id='word_1_250' title='bbox 1404 3218 1532 3271; x_wconf 88' lang='lat' dir='ltr'><strong>dicit</strong></span> <span class='ocrx_word' id='word_1_251' title='bbox 1556 3236 1569 3271; x_wconf 86' lang='lat'><strong><em>:</em></strong></span> <span class='ocrx_word' id='word_1_252' title='bbox 1593 3217 1739 3271; x_wconf 79' lang='lat' dir='ltr'><strong>Beati</strong></span> <span class='ocrx_word' id='word_1_253' title='bbox 1780 3218 1864 3286; x_wconf 82' lang='lat' dir='ltr'><strong>qui</strong></span> <span class='ocrx_word' id='word_1_254' title='bbox 1893 3219 2103 3289; x_wconf 77' lang='lat' dir='ltr'><strong>lugent,</strong></span> 
     </span>
    </p>
   </div>
   <div class='ocr_carea' id='block_1_33' title="bbox 522 3306 2107 3380">
    <p class='ocr_par' dir='ltr' id='par_1_33' title="bbox 522 3306 2107 3380">
     <span class='ocr_line' id='line_1_33' title="bbox 522 3306 2107 3380; baseline 0.003 -19"><span class='ocrx_word' id='word_1_255' title='bbox 522 3306 590 3362; x_wconf 92' lang='lat' dir='ltr'><strong>de</strong></span> <span class='ocrx_word' id='word_1_256' title='bbox 625 3308 689 3363; x_wconf 91' lang='lat' dir='ltr'><strong>iis</strong></span> <span class='ocrx_word' id='word_1_257' title='bbox 720 3308 981 3379; x_wconf 91' lang='lat' dir='ltr'><strong>loquens,</strong></span> <span class='ocrx_word' id='word_1_258' title='bbox 1034 3308 1123 3377; x_wconf 90' lang='lat' dir='ltr'><strong>qui</strong></span> <span class='ocrx_word' id='word_1_259' title='bbox 1176 3320 1394 3379; x_wconf 86' lang='lat' dir='ltr'><strong>peccata</strong></span> <span class='ocrx_word' id='word_1_260' title='bbox 1446 3310 1959 3380; x_wconf 78' lang='lat' dir='ltr'><strong>lugentzncmoque</strong></span> <span class='ocrx_word' id='word_1_261' title='bbox 2016 3310 2107 3365; x_wconf 91' lang='lat' dir='ltr'><strong>illo</strong></span> 
     </span>
    </p>
   </div>
   <div class='ocr_carea' id='block_1_34' title="bbox 524 3400 2108 3472">
    <p class='ocr_par' dir='ltr' id='par_1_34' title="bbox 524 3400 2108 3472">
     <span class='ocr_line' id='line_1_34' title="bbox 524 3400 2108 3472; baseline 0.001 -19"><span class='ocrx_word' id='word_1_262' title='bbox 524 3400 669 3470; x_wconf 82' lang='lat' dir='ltr'><strong>luget</strong></span> <span class='ocrx_word' id='word_1_263' title='bbox 697 3401 838 3455; x_wconf 90' lang='lat' dir='ltr'><strong>luctu</strong></span> <span class='ocrx_word' id='word_1_264' title='bbox 863 3442 878 3467; x_wconf 92' lang='lat'><strong>,</strong></span> <span class='ocrx_word' id='word_1_265' title='bbox 911 3415 1011 3456; x_wconf 91' lang='lat' dir='ltr'><strong>nec</strong></span> <span class='ocrx_word' id='word_1_266' title='bbox 1031 3410 1181 3456; x_wconf 88' lang='lat' dir='ltr'><strong>curat</strong></span> <span class='ocrx_word' id='word_1_267' title='bbox 1207 3402 1251 3456; x_wconf 94' lang='lat' dir='ltr'><strong>si</strong></span> <span class='ocrx_word' id='word_1_268' title='bbox 1281 3411 1463 3471; x_wconf 87' lang='lat' dir='ltr'><strong>pereat</strong></span> <span class='ocrx_word' id='word_1_269' title='bbox 1486 3402 1695 3467; x_wconf 89' lang='lat' dir='ltr'><strong>anima;</strong></span> <span class='ocrx_word' id='word_1_270' title='bbox 1727 3404 1825 3457; x_wconf 92' lang='lat' dir='ltr'><strong>hoc</strong></span> <span class='ocrx_word' id='word_1_271' title='bbox 1851 3416 1954 3456; x_wconf 91' lang='lat' dir='ltr'><strong>non</strong></span> <span class='ocrx_word' id='word_1_272' title='bbox 1974 3402 2108 3472; x_wconf 87' lang='lat' dir='ltr'><strong>jussi</strong></span> 
     </span>
    </p>
   </div>
   <div class='ocr_carea' id='block_1_35' title="bbox 526 3494 2110 3567">
    <p class='ocr_par' dir='ltr' id='par_1_35' title="bbox 526 3494 2110 3567">
     <span class='ocr_line' id='line_1_35' title="bbox 526 3494 2110 3567; baseline 0.001 -18"><span class='ocrx_word' id='word_1_273' title='bbox 526 3510 711 3550; x_wconf 93' lang='lat' dir='ltr'><strong>sumus</strong></span> <span class='ocrx_word' id='word_1_274' title='bbox 736 3494 934 3561; x_wconf 87' lang='lat' dir='ltr'><strong>facere,</strong></span> <span class='ocrx_word' id='word_1_275' title='bbox 959 3505 1013 3551; x_wconf 91' lang='lat' dir='ltr'><strong>et</strong></span> <span class='ocrx_word' id='word_1_276' title='bbox 1033 3496 1257 3551; x_wconf 89' lang='lat' dir='ltr'><strong>facimus</strong></span> <span class='ocrx_word' id='word_1_277' title='bbox 1285 3498 1323 3549; x_wconf 80' lang='grc' dir='ltr'><strong>ί.</strong></span> <span class='ocrx_word' id='word_1_278' title='bbox 1353 3496 1491 3561; x_wconf 84' lang='lat' dir='ltr'><strong>Quid</strong></span> <span class='ocrx_word' id='word_1_279' title='bbox 1518 3511 1648 3567; x_wconf 87' lang='lat' dir='ltr'><strong>ergo</strong></span> <span class='ocrx_word' id='word_1_280' title='bbox 1672 3538 1686 3562; x_wconf 94' lang='lat'><strong>,</strong></span> <span class='ocrx_word' id='word_1_281' title='bbox 1726 3496 1933 3564; x_wconf 85' lang='lat' dir='ltr'><strong>inquies</strong></span> <span class='ocrx_word' id='word_1_282' title='bbox 1963 3537 1978 3561; x_wconf 94' lang='lat'><strong>,</strong></span> <span class='ocrx_word' id='word_1_283' title='bbox 2008 3495 2110 3550; x_wconf 84' lang='lat' dir='ltr'><strong>ho—</strong></span> 
     </span>
    </p>
   </div>
   <div class='ocr_carea' id='block_1_36' title="bbox 529 3586 2114 3654">
    <p class='ocr_par' dir='ltr' id='par_1_36' title="bbox 529 3586 2114 3654">
     <span class='ocr_line' id='line_1_36' title="bbox 529 3586 2114 3654; baseline 0.001 -13"><span class='ocrx_word' id='word_1_284' title='bbox 529 3586 727 3641; x_wconf 90' lang='lat' dir='ltr'><strong>minem</strong></span> <span class='ocrx_word' id='word_1_285' title='bbox 758 3587 957 3642; x_wconf 87' lang='lat' dir='ltr'><strong>deﬂere</strong></span> <span class='ocrx_word' id='word_1_286' title='bbox 987 3603 1093 3642; x_wconf 92' lang='lat' dir='ltr'><strong>non</strong></span> <span class='ocrx_word' id='word_1_287' title='bbox 1151 3587 1372 3642; x_wconf 85' lang='lat' dir='ltr'><strong>licebit?</strong></span> <span class='ocrx_word' id='word_1_288' title='bbox 1398 3588 1509 3643; x_wconf 89' lang='lat' dir='ltr'><strong>lloc</strong></span> <span class='ocrx_word' id='word_1_289' title='bbox 1533 3604 1637 3642; x_wconf 89' lang='lat' dir='ltr'><strong>non</strong></span> <span class='ocrx_word' id='word_1_290' title='bbox 1662 3598 1783 3643; x_wconf 91' lang='lat' dir='ltr'><strong>veto</strong></span> <span class='ocrx_word' id='word_1_291' title='bbox 1813 3630 1828 3654; x_wconf 92' lang='lat'><strong>,</strong></span> <span class='ocrx_word' id='word_1_292' title='bbox 1861 3588 1954 3643; x_wconf 90' lang='lat' dir='ltr'><strong>sed</strong></span> <span class='ocrx_word' id='word_1_293' title='bbox 2002 3598 2114 3643; x_wconf 90' lang='lat' dir='ltr'><strong>tun-</strong></span> 
     </span>
    </p>
   </div>
   <div class='ocr_carea' id='block_1_37' title="bbox 529 3678 2111 3745">
    <p class='ocr_par' dir='ltr' id='par_1_37' title="bbox 529 3678 2111 3745">
     <span class='ocr_line' id='line_1_37' title="bbox 529 3678 2111 3745; baseline 0.001 -13"><span class='ocrx_word' id='word_1_294' title='bbox 529 3679 710 3733; x_wconf 89' lang='lat' dir='ltr'><strong>siones</strong></span> <span class='ocrx_word' id='word_1_295' title='bbox 733 3720 748 3741; x_wconf 89' lang='lat'><strong>,</strong></span> <span class='ocrx_word' id='word_1_296' title='bbox 777 3678 873 3734; x_wconf 90' lang='lat' dir='ltr'><strong>sed</strong></span> <span class='ocrx_word' id='word_1_297' title='bbox 904 3680 1285 3735; x_wconf 88' lang='lat' dir='ltr'><strong>immoderatos</strong></span> <span class='ocrx_word' id='word_1_298' title='bbox 1323 3679 1503 3735; x_wconf 91' lang='lat' dir='ltr'><strong>ﬂetus.</strong></span> <span class='ocrx_word' id='word_1_299' title='bbox 1552 3680 1669 3735; x_wconf 87' lang='lat' dir='ltr'><strong>Non</strong></span> <span class='ocrx_word' id='word_1_300' title='bbox 1708 3696 1826 3735; x_wconf 88' lang='lat' dir='ltr'><strong>sum</strong></span> <span class='ocrx_word' id='word_1_301' title='bbox 1860 3680 2065 3735; x_wconf 89' lang='lat' dir='ltr'><strong>ferinus</strong></span> <span class='ocrx_word' id='word_1_302' title='bbox 2095 3721 2111 3745; x_wconf 93' lang='lat'><strong>,</strong></span> 
     </span>
    </p>
   </div>
   <div class='ocr_carea' id='block_1_38' title="bbox 531 3770 2115 3843">
    <p class='ocr_par' dir='ltr' id='par_1_38' title="bbox 531 3770 2115 3843">
     <span class='ocr_line' id='line_1_38' title="bbox 531 3770 2115 3843; baseline 0 -18"><span class='ocrx_word' id='word_1_303' title='bbox 531 3786 635 3825; x_wconf 94' lang='lat' dir='ltr'><strong>non</strong></span> <span class='ocrx_word' id='word_1_304' title='bbox 664 3770 984 3827; x_wconf 90' lang='lat' dir='ltr'><strong>inhumanus</strong></span> <span class='ocrx_word' id='word_1_305' title='bbox 1014 3789 1027 3824; x_wconf 88' lang='lat'><strong>:</strong></span> <span class='ocrx_word' id='word_1_306' title='bbox 1059 3772 1170 3827; x_wconf 89' lang='lat' dir='ltr'><strong>scio</strong></span> <span class='ocrx_word' id='word_1_307' title='bbox 1200 3781 1443 3826; x_wconf 89' lang='lat' dir='ltr'><strong>naturam</strong></span> <span class='ocrx_word' id='word_1_308' title='bbox 1470 3772 1630 3835; x_wconf 87' lang='lat' dir='ltr'><strong>ﬂecti,</strong></span> <span class='ocrx_word' id='word_1_309' title='bbox 1664 3782 1720 3827; x_wconf 89' lang='lat' dir='ltr'><strong>et</strong></span> <span class='ocrx_word' id='word_1_310' title='bbox 1749 3773 2115 3843; x_wconf 89' lang='lat' dir='ltr'><strong>quotidianam</strong></span> 
     </span>
    </p>
   </div>
   <div class='ocr_carea' id='block_1_39' title="bbox 533 3865 2114 3937">
    <p class='ocr_par' dir='ltr' id='par_1_39' title="bbox 533 3865 2114 3937">
     <span class='ocr_line' id='line_1_39' title="bbox 533 3865 2114 3937; baseline 0.001 -19"><span class='ocrx_word' id='word_1_311' title='bbox 533 3865 804 3933; x_wconf 86' lang='lat' dir='ltr'><strong>requirere</strong></span> <span class='ocrx_word' id='word_1_312' title='bbox 832 3865 1295 3921; x_wconf 89' lang='lat' dir='ltr'><strong>consuetudinem.</strong></span> <span class='ocrx_word' id='word_1_313' title='bbox 1318 3865 1433 3921; x_wconf 87' lang='lat' dir='ltr'><strong>Non</strong></span> <span class='ocrx_word' id='word_1_314' title='bbox 1460 3881 1743 3934; x_wconf 84' lang='lat' dir='ltr'><strong>possumus</strong></span> <span class='ocrx_word' id='word_1_315' title='bbox 1772 3883 1877 3921; x_wconf 91' lang='lat' dir='ltr'><strong>non</strong></span> <span class='ocrx_word' id='word_1_316' title='bbox 1908 3866 2114 3937; x_wconf 89' lang='lat' dir='ltr'><strong>lugere,</strong></span> 
     </span>
    </p>
   </div>
   <div class='ocr_carea' id='block_1_40' title="bbox 536 3959 2119 4031">
    <p class='ocr_par' dir='ltr' id='par_1_40' title="bbox 536 3959 2119 4031">
     <span class='ocr_line' id='line_1_40' title="bbox 536 3959 2119 4031; baseline 0.001 -18"><span class='ocrx_word' id='word_1_317' title='bbox 536 3959 678 4026; x_wconf 88' lang='lat' dir='ltr'><strong>quod</strong></span> <span class='ocrx_word' id='word_1_318' title='bbox 724 3968 777 4013; x_wconf 91' lang='lat' dir='ltr'><strong>et</strong></span> <span class='ocrx_word' id='word_1_319' title='bbox 815 3959 1062 4015; x_wconf 88' lang='lat' dir='ltr'><strong>Christus</strong></span> <span class='ocrx_word' id='word_1_320' title='bbox 1091 3960 1325 4014; x_wconf 91' lang='lat' dir='ltr'><strong>ostendit</strong></span> <span class='ocrx_word' id='word_1_321' title='bbox 1358 3976 1371 4013; x_wconf 92' lang='lat'><strong>:</strong></span> <span class='ocrx_word' id='word_1_322' title='bbox 1401 3961 1723 4031; x_wconf 79' lang='lat' dir='ltr'><strong>lacrymatus</strong></span> <span class='ocrx_word' id='word_1_323' title='bbox 1747 3962 1889 4015; x_wconf 91' lang='lat' dir='ltr'><strong>enim</strong></span> <span class='ocrx_word' id='word_1_324' title='bbox 1930 3971 2013 4014; x_wconf 93' lang='lat' dir='ltr'><strong>est</strong></span> <span class='ocrx_word' id='word_1_325' title='bbox 2052 3960 2119 4015; x_wconf 89' lang='lat' dir='ltr'><strong>de</strong></span> 
     </span>
    </p>
   </div>
   <div class='ocr_carea' id='block_1_41' title="bbox 541 4050 2119 4122">
    <p class='ocr_par' dir='ltr' id='par_1_41' title="bbox 541 4050 2119 4122">
     <span class='ocr_line' id='line_1_41' title="bbox 541 4050 2119 4122; baseline 0.002 -18"><span class='ocrx_word' id='word_1_326' title='bbox 541 4050 763 4105; x_wconf 81' lang='lat' dir='ltr'><strong>Lazaro.</strong></span> <span class='ocrx_word' id='word_1_327' title='bbox 794 4051 906 4105; x_wconf 88' lang='lat' dir='ltr'><strong>Hoc</strong></span> <span class='ocrx_word' id='word_1_328' title='bbox 944 4060 999 4106; x_wconf 94' lang='lat' dir='ltr'><strong>et</strong></span> <span class='ocrx_word' id='word_1_329' title='bbox 1046 4059 1100 4105; x_wconf 91' lang='lat' dir='ltr'><strong>tu</strong></span> <span class='ocrx_word' id='word_1_330' title='bbox 1140 4050 1298 4105; x_wconf 90' lang='lat' dir='ltr'><strong>facito</strong></span> <span class='ocrx_word' id='word_1_331' title='bbox 1327 4052 1340 4104; x_wconf 92' lang='lat'><strong>!</strong></span> <span class='ocrx_word' id='word_1_332' title='bbox 1375 4051 1671 4122; x_wconf 83' lang='lat' dir='ltr'><strong>lacrymare</strong></span> <span class='ocrx_word' id='word_1_333' title='bbox 1694 4094 1709 4116; x_wconf 92' lang='lat'><strong>,</strong></span> <span class='ocrx_word' id='word_1_334' title='bbox 1748 4052 1842 4108; x_wconf 91' lang='lat' dir='ltr'><strong>sed</strong></span> <span class='ocrx_word' id='word_1_335' title='bbox 1890 4053 2081 4107; x_wconf 90' lang='lat' dir='ltr'><strong>leuiter</strong></span> <span class='ocrx_word' id='word_1_336' title='bbox 2103 4094 2119 4118; x_wconf 93' lang='lat'><strong>,</strong></span> 
     </span>
    </p>
   </div>
   <div class='ocr_carea' id='block_1_42' title="bbox 536 4141 2120 4213">
    <p class='ocr_par' dir='ltr' id='par_1_42' title="bbox 536 4141 2120 4213">
     <span class='ocr_line' id='line_1_42' title="bbox 536 4141 2120 4213; baseline 0.003 -18"><span class='ocrx_word' id='word_1_337' title='bbox 536 4142 628 4196; x_wconf 87' lang='lat' dir='ltr'><strong>sed</strong></span> <span class='ocrx_word' id='word_1_338' title='bbox 665 4142 943 4207; x_wconf 89' lang='lat' dir='ltr'><strong>pudenter,</strong></span> <span class='ocrx_word' id='word_1_339' title='bbox 969 4141 1063 4196; x_wconf 86' lang='lat' dir='ltr'><strong>sed</strong></span> <span class='ocrx_word' id='word_1_340' title='bbox 1087 4158 1208 4196; x_wconf 90' lang='lat' dir='ltr'><strong>cum</strong></span> <span class='ocrx_word' id='word_1_341' title='bbox 1243 4144 1432 4196; x_wconf 90' lang='lat' dir='ltr'><strong>timore</strong></span> <span class='ocrx_word' id='word_1_342' title='bbox 1455 4144 1569 4198; x_wconf 90' lang='lat' dir='ltr'><strong>Dei.</strong></span> <span class='ocrx_word' id='word_1_343' title='bbox 1606 4144 1659 4197; x_wconf 91' lang='lat' dir='ltr'><strong>Si</strong></span> <span class='ocrx_word' id='word_1_344' title='bbox 1683 4144 1760 4199; x_wconf 90' lang='lat' dir='ltr'><strong>sic</strong></span> <span class='ocrx_word' id='word_1_345' title='bbox 1787 4145 2120 4213; x_wconf 85' lang='lat' dir='ltr'><strong>lacrymcris,</strong></span> 
     </span>
    </p>
   </div>
   <div class='ocr_carea' id='block_1_43' title="bbox 539 4232 2117 4304">
    <p class='ocr_par' dir='ltr' id='par_1_43' title="bbox 539 4232 2117 4304">
     <span class='ocr_line' id='line_1_43' title="bbox 539 4232 2117 4304; baseline 0.003 -18"><span class='ocrx_word' id='word_1_346' title='bbox 539 4248 646 4286; x_wconf 92' lang='lat' dir='ltr'><strong>non</strong></span> <span class='ocrx_word' id='word_1_347' title='bbox 670 4232 981 4304; x_wconf 89' lang='lat' dir='ltr'><strong>lacrymaris</strong></span> <span class='ocrx_word' id='word_1_348' title='bbox 1023 4234 1173 4302; x_wconf 91' lang='lat' dir='ltr'><strong>quasi</strong></span> <span class='ocrx_word' id='word_1_349' title='bbox 1226 4235 1673 4290; x_wconf 88' lang='lat' dir='ltr'><strong>resurrectionem</strong></span> <span class='ocrx_word' id='word_1_350' title='bbox 1705 4250 1809 4290; x_wconf 92' lang='lat' dir='ltr'><strong>non</strong></span> <span class='ocrx_word' id='word_1_351' title='bbox 1853 4236 2117 4302; x_wconf 89' lang='lat' dir='ltr'><strong>credens,</strong></span> 
     </span>
    </p>
   </div>
   <div class='ocr_carea' id='block_1_44' title="bbox 538 4323 1589 4394">
    <p class='ocr_par' dir='ltr' id='par_1_44' title="bbox 538 4323 1589 4394">
     <span class='ocr_line' id='line_1_44' title="bbox 538 4323 1589 4394; baseline 0.002 -16"><span class='ocrx_word' id='word_1_352' title='bbox 538 4323 635 4378; x_wconf 88' lang='lat' dir='ltr'><strong>sed</strong></span> <span class='ocrx_word' id='word_1_353' title='bbox 665 4324 813 4394; x_wconf 89' lang='lat' dir='ltr'><strong>quasi</strong></span> <span class='ocrx_word' id='word_1_354' title='bbox 844 4325 1234 4392; x_wconf 90' lang='lat' dir='ltr'><strong>separationem</strong></span> <span class='ocrx_word' id='word_1_355' title='bbox 1264 4340 1367 4379; x_wconf 92' lang='lat' dir='ltr'><strong>non</strong></span> <span class='ocrx_word' id='word_1_356' title='bbox 1392 4325 1589 4380; x_wconf 89' lang='lat' dir='ltr'><strong>ferens.</strong></span> 
     </span>
    </p>
   </div>
   <div class='ocr_carea' id='block_1_45' title="bbox 613 4415 2127 4489">
    <p class='ocr_par' dir='ltr' id='par_1_45' title="bbox 613 4415 2127 4489">
     <span class='ocr_line' id='line_1_45' title="bbox 613 4415 2127 4489; baseline 0.002 -19"><span class='ocrx_word' id='word_1_357' title='bbox 613 4416 667 4471; x_wconf 86' lang='lat'><strong>5.</strong></span> <span class='ocrx_word' id='word_1_358' title='bbox 710 4415 840 4470; x_wconf 90' lang='lat' dir='ltr'><strong>Nam</strong></span> <span class='ocrx_word' id='word_1_359' title='bbox 887 4416 1007 4470; x_wconf 90' lang='lat' dir='ltr'><strong>illos</strong></span> <span class='ocrx_word' id='word_1_360' title='bbox 1034 4417 1194 4469; x_wconf 91' lang='lat' dir='ltr'><strong>etiam</strong></span> <span class='ocrx_word' id='word_1_361' title='bbox 1222 4417 1311 4487; x_wconf 93' lang='lat' dir='ltr'><strong>qui</strong></span> <span class='ocrx_word' id='word_1_362' title='bbox 1346 4433 1568 4489; x_wconf 86' lang='lat' dir='ltr'><strong>peregre</strong></span> <span class='ocrx_word' id='word_1_363' title='bbox 1611 4417 2024 4488; x_wconf 88' lang='lat' dir='ltr'><strong>proﬁciscuntur</strong></span> <span class='ocrx_word' id='word_1_364' title='bbox 2049 4419 2127 4473; x_wconf 89' lang='lat' dir='ltr'><strong>la-</strong></span> 
     </span>
    </p>
   </div>
   <div class='ocr_carea' id='block_1_46' title="bbox 542 4509 2128 4581">
    <p class='ocr_par' dir='ltr' id='par_1_46' title="bbox 542 4509 2128 4581">
     <span class='ocr_line' id='line_1_46' title="bbox 542 4509 2128 4581; baseline 0.004 -20"><span class='ocrx_word' id='word_1_365' title='bbox 542 4509 741 4579; x_wconf 87' lang='lat' dir='ltr'><strong>crymis</strong></span> <span class='ocrx_word' id='word_1_366' title='bbox 767 4509 1137 4578; x_wconf 90' lang='lat' dir='ltr'><strong>prosequimur</strong></span> <span class='ocrx_word' id='word_1_367' title='bbox 1162 4551 1177 4574; x_wconf 91' lang='lat'><strong>,</strong></span> <span class='ocrx_word' id='word_1_368' title='bbox 1206 4512 1300 4563; x_wconf 89' lang='lat' dir='ltr'><strong>sed</strong></span> <span class='ocrx_word' id='word_1_369' title='bbox 1328 4525 1437 4563; x_wconf 92' lang='lat' dir='ltr'><strong>non</strong></span> <span class='ocrx_word' id='word_1_370' title='bbox 1470 4510 1620 4580; x_wconf 92' lang='lat' dir='ltr'><strong>quasi</strong></span> <span class='ocrx_word' id='word_1_371' title='bbox 1647 4510 2015 4581; x_wconf 91' lang='lat' dir='ltr'><strong>desperantes.</strong></span> <span class='ocrx_word' id='word_1_372' title='bbox 2039 4511 2128 4567; x_wconf 90' lang='lat' dir='ltr'><strong>Sic</strong></span> 
     </span>
    </p>
   </div>
   <div class='ocr_carea' id='block_1_47' title="bbox 544 4602 2128 4675">
    <p class='ocr_par' dir='ltr' id='par_1_47' title="bbox 544 4602 2128 4675">
     <span class='ocr_line' id='line_1_47' title="bbox 544 4602 2128 4675; baseline 0.003 -19"><span class='ocrx_word' id='word_1_373' title='bbox 544 4613 600 4657; x_wconf 89' lang='lat' dir='ltr'><strong>ct</strong></span> <span class='ocrx_word' id='word_1_374' title='bbox 620 4611 674 4655; x_wconf 91' lang='lat' dir='ltr'><strong>tu</strong></span> <span class='ocrx_word' id='word_1_375' title='bbox 705 4602 967 4673; x_wconf 89' lang='lat' dir='ltr'><strong>lacrymas</strong></span> <span class='ocrx_word' id='word_1_376' title='bbox 992 4603 1176 4657; x_wconf 90' lang='lat' dir='ltr'><strong>emitte</strong></span> <span class='ocrx_word' id='word_1_377' title='bbox 1200 4643 1215 4667; x_wconf 88' lang='lat'><strong>,</strong></span> <span class='ocrx_word' id='word_1_378' title='bbox 1256 4617 1318 4656; x_wconf 90' lang='lat' dir='ltr'><strong>ac</strong></span> <span class='ocrx_word' id='word_1_379' title='bbox 1341 4604 1386 4656; x_wconf 91' lang='lat' dir='ltr'><strong>si</strong></span> <span class='ocrx_word' id='word_1_380' title='bbox 1435 4605 1861 4669; x_wconf 88' lang='lat' dir='ltr'><strong>proﬁciscentem</strong></span> <span class='ocrx_word' id='word_1_381' title='bbox 1892 4607 2128 4675; x_wconf 77' lang='lat' dir='ltr'><strong>praemit-</strong></span> 
     </span>
    </p>
   </div>
   <div class='ocr_carea' id='block_1_48' title="bbox 547 4694 2127 4763">
    <p class='ocr_par' dir='ltr' id='par_1_48' title="bbox 547 4694 2127 4763">
     <span class='ocr_line' id='line_1_48' title="bbox 547 4694 2127 4763; baseline 0.003 -15"><span class='ocrx_word' id='word_1_382' title='bbox 547 4705 708 4749; x_wconf 87' lang='lat' dir='ltr'><strong>teres.</strong></span> <span class='ocrx_word' id='word_1_383' title='bbox 736 4694 859 4748; x_wconf 71' lang='lat' dir='ltr'><strong>Haec</strong></span> <span class='ocrx_word' id='word_1_384' title='bbox 899 4711 1003 4748; x_wconf 92' lang='lat' dir='ltr'><strong>non</strong></span> <span class='ocrx_word' id='word_1_385' title='bbox 1031 4695 1225 4763; x_wconf 86' lang='lat' dir='ltr'><strong>jnbens</strong></span> <span class='ocrx_word' id='word_1_386' title='bbox 1250 4737 1263 4761; x_wconf 93' lang='lat'><strong>,</strong></span> <span class='ocrx_word' id='word_1_387' title='bbox 1314 4695 1405 4749; x_wconf 88' lang='lat' dir='ltr'><strong>sed</strong></span> <span class='ocrx_word' id='word_1_388' title='bbox 1435 4696 1680 4751; x_wconf 69' lang='lat' dir='ltr'><strong>humana:</strong></span> <span class='ocrx_word' id='word_1_389' title='bbox 1710 4714 1795 4753; x_wconf 90' lang='lat' dir='ltr'><strong>me</strong></span> <span class='ocrx_word' id='word_1_390' title='bbox 1836 4698 2127 4752; x_wconf 85' lang='lat' dir='ltr'><strong>infirmitati</strong></span> 
     </span>
    </p>
   </div>
   <div class='ocr_carea' id='block_1_49' title="bbox 546 4786 2127 4858">
    <p class='ocr_par' dir='ltr' id='par_1_49' title="bbox 546 4786 2127 4858">
     <span class='ocr_line' id='line_1_49' title="bbox 546 4786 2127 4858; baseline 0.003 -18"><span class='ocrx_word' id='word_1_391' title='bbox 546 4795 908 4855; x_wconf 88' lang='lat' dir='ltr'><strong>attemperans</strong></span> <span class='ocrx_word' id='word_1_392' title='bbox 959 4787 1101 4842; x_wconf 89' lang='lat' dir='ltr'><strong>dico.</strong></span> <span class='ocrx_word' id='word_1_393' title='bbox 1145 4786 1274 4840; x_wconf 88' lang='lat' dir='ltr'><strong>Nam</strong></span> <span class='ocrx_word' id='word_1_394' title='bbox 1320 4788 1361 4841; x_wconf 91' lang='lat' dir='ltr'><strong>si</strong></span> <span class='ocrx_word' id='word_1_395' title='bbox 1415 4800 1665 4856; x_wconf 81' lang='lat' dir='ltr'><strong>peccator</strong></span> <span class='ocrx_word' id='word_1_396' title='bbox 1693 4800 1807 4844; x_wconf 87' lang='lat' dir='ltr'><strong>erat</strong></span> <span class='ocrx_word' id='word_1_397' title='bbox 1844 4790 1890 4843; x_wconf 92' lang='lat' dir='ltr'><strong>is</strong></span> <span class='ocrx_word' id='word_1_398' title='bbox 1915 4790 2003 4858; x_wconf 90' lang='lat' dir='ltr'><strong>qui</strong></span> <span class='ocrx_word' id='word_1_399' title='bbox 2030 4790 2127 4844; x_wconf 88' lang='lat' dir='ltr'><strong>de-</strong></span> 
     </span>
    </p>
   </div>
   <div class='ocr_carea' id='block_1_50' title="bbox 549 4872 2131 4939">
    <p class='ocr_par' dir='ltr' id='par_1_50' title="bbox 549 4872 2131 4939">
     <span class='ocr_line' id='line_1_50' title="bbox 549 4872 2131 4939; baseline 0.002 -14"><span class='ocrx_word' id='word_1_400' title='bbox 549 4872 761 4925; x_wconf 82' lang='lat' dir='ltr'><strong>functus</strong></span> <span class='ocrx_word' id='word_1_401' title='bbox 783 4881 885 4934; x_wconf 89' lang='lat' dir='ltr'><strong>est,</strong></span> <span class='ocrx_word' id='word_1_402' title='bbox 916 4872 1005 4939; x_wconf 91' lang='lat' dir='ltr'><strong>qui</strong></span> <span class='ocrx_word' id='word_1_403' title='bbox 1035 4886 1177 4938; x_wconf 64' lang='lat' dir='ltr'><strong>saepe</strong></span> <span class='ocrx_word' id='word_1_404' title='bbox 1205 4872 1366 4924; x_wconf 79' lang='lat' dir='ltr'><strong>Deum</strong></span> <span class='ocrx_word' id='word_1_405' title='bbox 1403 4872 1704 4938; x_wconf 69' lang='lat' dir='ltr'><strong>offenderit,</strong></span> <span class='ocrx_word' id='word_1_406' title='bbox 1727 4872 2005 4928; x_wconf 88' lang='lat' dir='ltr'><strong>deﬂendus</strong></span> <span class='ocrx_word' id='word_1_407' title='bbox 2032 4874 2131 4928; x_wconf 91' lang='lat' dir='ltr'><strong>uti-</strong></span> 
     </span>
    </p>
   </div>
   <div class='ocr_carea' id='block_1_51' title="bbox 617 4981 2045 5049">
    <p class='ocr_par' dir='ltr' id='par_1_51' title="bbox 617 4981 2045 5049">
     <span class='ocr_line' id='line_1_51' title="bbox 617 4981 2045 5049; baseline 0.008 -21"><span class='ocrx_word' id='word_1_408' title='bbox 617 4984 633 5049; x_wconf 61' lang='grc' dir='ltr'>ξ</span> <span class='ocrx_word' id='word_1_409' title='bbox 670 4981 857 5049; x_wconf 75' lang='lat' dir='ltr'><strong>ln_aliis</strong></span> <span class='ocrx_word' id='word_1_410' title='bbox 880 4981 1081 5049; x_wconf 70' lang='lat' dir='ltr'><strong>legitur,</strong></span> <span class='ocrx_word' id='word_1_411' title='bbox 1114 4996 1207 5049; x_wconf 82' lang='lat' dir='ltr'><strong>non</strong></span> <span class='ocrx_word' id='word_1_412' title='bbox 1224 4984 1352 5049; x_wconf 48' lang='grc' dir='ltr'><strong>μω</strong></span> <span class='ocrx_word' id='word_1_413' title='bbox 1373 4999 1535 5049; x_wconf 77' lang='lat' dir='ltr'><strong>sumus</strong></span> <span class='ocrx_word' id='word_1_414' title='bbox 1560 4985 1720 5049; x_wconf 82' lang='lat' dir='ltr'><strong>lugere</strong></span> <span class='ocrx_word' id='word_1_415' title='bbox 1744 4995 1787 5038; x_wconf 79' lang='lat' dir='ltr'><strong>et</strong></span> <span class='ocrx_word' id='word_1_416' title='bbox 1813 4987 2045 5048; x_wconf 75' lang='lat' dir='ltr'><strong>(agemus.</strong></span> 
     </span>
    </p>
   </div>
   <div class='ocr_carea' id='block_1_52' title="bbox 614 5044 2133 5110">
    <p class='ocr_par' dir='ltr' id='par_1_52' title="bbox 614 5044 2133 5110">
     <span class='ocr_line' id='line_1_52' title="bbox 614 5044 2133 5110; baseline 0.005 -18"><span class='ocrx_word' id='word_1_417' title='bbox 614 5044 686 5110; x_wconf 76' lang='lat' dir='ltr'><strong>(a)</strong></span> <span class='ocrx_word' id='word_1_418' title='bbox 706 5044 832 5110; x_wconf 59' lang='lat' dir='ltr'><strong>Hice</strong></span> <span class='ocrx_word' id='word_1_419' title='bbox 845 5053 961 5110; x_wconf 82' lang='lat' dir='ltr'><strong>puto</strong></span> <span class='ocrx_word' id='word_1_420' title='bbox 983 5045 1158 5110; x_wconf 76' lang='lat' dir='ltr'><strong>referri</strong></span> <span class='ocrx_word' id='word_1_421' title='bbox 1182 5045 1241 5094; x_wconf 84' lang='lat' dir='ltr'><strong>ad</strong></span> <span class='ocrx_word' id='word_1_422' title='bbox 1265 5044 1760 5110; x_wconf 58' lang='lat' dir='ltr'><strong>illudapojihtliegnta</strong></span> <span class='ocrx_word' id='word_1_423' title='bbox 1784 5044 1990 5099; x_wconf 47' lang='lat' dir='ltr'><strong>meum</strong></span> <span class='ocrx_word' id='word_1_424' title='bbox 2026 5065 2133 5099; x_wconf 89' lang='lat' dir='ltr'><strong>mu-</strong></span> 
     </span>
    </p>
   </div>
   <div class='ocr_carea' id='block_1_53' title="bbox 553 5106 2134 5179">
    <p class='ocr_par' dir='ltr' id='par_1_53' title="bbox 553 5106 2134 5179">
     <span class='ocr_line' id='line_1_53' title="bbox 553 5106 2134 5179; baseline 0.005 -25"><span class='ocrx_word' id='word_1_425' title='bbox 553 5107 833 5179; x_wconf 43' lang='lat' dir='ltr'><strong>lieris-apud</strong></span> <span class='ocrx_word' id='word_1_426' title='bbox 858 5106 1161 5179; x_wconf 70' lang='lat' dir='ltr'><strong>Plutarchum</strong></span> <span class='ocrx_word' id='word_1_427' title='bbox 1180 5122 1227 5169; x_wconf 88' lang='lat' dir='ltr'><strong>p.</strong></span> <span class='ocrx_word' id='word_1_428' title='bbox 1254 5109 1339 5157; x_wconf 74' lang='grc'><strong>401</strong></span> <span class='ocrx_word' id='word_1_429' title='bbox 1375 5106 1513 5179; x_wconf 42' lang='lat' dir='ltr'><strong>Edit;</strong></span> <span class='ocrx_word' id='word_1_430' title='bbox 1545 5106 1709 5167; x_wconf 55' lang='lat' dir='ltr'><strong>Paris”,</strong></span> <span class='ocrx_word' id='word_1_431' title='bbox 1731 5124 1776 5179; x_wconf 28' lang='lat' dir='ltr'><strong>.s.</strong></span> <span class='ocrx_word' id='word_1_432' title='bbox 1803 5125 1869 5179; x_wconf 89' lang='lat' dir='ltr'><strong>p._</strong></span> <span class='ocrx_word' id='word_1_433' title='bbox 1886 5113 1996 5179; x_wconf 53' lang='lat' dir='ltr'><strong>2st.</strong></span> <span class='ocrx_word' id='word_1_434' title='bbox 2021 5122 2134 5172; x_wconf 70' lang='lat' dir='ltr'><strong>Quae</strong></span> 
     </span>
    </p>
   </div>
   <div class='ocr_carea' id='block_1_54' title="bbox 553 5167 2136 5237">
    <p class='ocr_par' dir='ltr' id='par_1_54' title="bbox 553 5167 2136 5237">
     <span class='ocr_line' id='line_1_54' title="bbox 553 5167 2136 5237; baseline 0.006 -22"><span class='ocrx_word' id='word_1_435' title='bbox 553 5180 663 5216; x_wconf 90' lang='lat' dir='ltr'><strong>cum</strong></span> <span class='ocrx_word' id='word_1_436' title='bbox 688 5167 810 5237; x_wconf 79' lang='lat' dir='ltr'><strong>filios</strong></span> <span class='ocrx_word' id='word_1_437' title='bbox 822 5170 1041 5230; x_wconf 83' lang='lat' dir='ltr'><strong>quinque</strong></span> <span class='ocrx_word' id='word_1_438' title='bbox 1062 5169 1120 5217; x_wconf 91' lang='lat' dir='ltr'><strong>ad</strong></span> <span class='ocrx_word' id='word_1_439' title='bbox 1144 5167 1355 5231; x_wconf 78' lang='lat' dir='ltr'><strong>pugnam</strong></span> <span class='ocrx_word' id='word_1_440' title='bbox 1373 5174 1638 5237; x_wconf 67' lang='lat' dir='ltr'><strong>_ottiisisset,</strong></span> <span class='ocrx_word' id='word_1_441' title='bbox 1660 5174 1777 5221; x_wconf 87' lang='lat' dir='ltr'><strong>etin</strong></span> <span class='ocrx_word' id='word_1_442' title='bbox 1800 5167 2136 5237; x_wconf 42' lang='lat' dir='ltr'><strong>Suburbio‘pu-</strong></span> 
     </span>
    </p>
   </div>
   <div class='ocr_carea' id='block_1_55' title="bbox 552 5232 2135 5298">
    <p class='ocr_par' dir='ltr' id='par_1_55' title="bbox 552 5232 2135 5298">
     <span class='ocr_line' id='line_1_55' title="bbox 552 5232 2135 5298; baseline 0.005 -21"><span class='ocrx_word' id='word_1_443' title='bbox 552 5243 663 5291; x_wconf 67' lang='lat' dir='ltr'><strong>gnte</strong></span> <span class='ocrx_word' id='word_1_444' title='bbox 688 5232 871 5298; x_wconf 76' lang='lat' dir='ltr'><strong>exitum</strong></span> <span class='ocrx_word' id='word_1_445' title='bbox 897 5239 1224 5298; x_wconf 58' lang='lat' dir='ltr'><strong>exstiectaret,</strong></span> <span class='ocrx_word' id='word_1_446' title='bbox 1246 5234 1482 5298; x_wconf 74' lang='lat' dir='ltr'><strong>nuntianti</strong></span> <span class='ocrx_word' id='word_1_447' title='bbox 1506 5232 1764 5298; x_wconf 69' lang='lat' dir='ltr'><strong>ﬁliossuos</strong></span> <span class='ocrx_word' id='word_1_448' title='bbox 1778 5248 1949 5298; x_wconf 80' lang='lat' dir='ltr'><strong>omnes</strong></span> <span class='ocrx_word' id='word_1_449' title='bbox 1972 5236 2021 5283; x_wconf 88' lang='lat' dir='ltr'><strong>in</strong></span> <span class='ocrx_word' id='word_1_450' title='bbox 2047 5232 2135 5298; x_wconf 76' lang='lat' dir='ltr'><strong>pu-</strong></span> 
     </span>
    </p>
   </div>
   <div class='ocr_carea' id='block_1_56' title="bbox 553 5291 2138 5401">
    <p class='ocr_par' dir='ltr' id='par_1_56' title="bbox 553 5291 2138 5401">
     <span class='ocr_line' id='line_1_56' title="bbox 553 5291 2138 5401; baseline 0.006 -63"><span class='ocrx_word' id='word_1_451' title='bbox 553 5305 649 5401; x_wconf 52' lang='lat' dir='ltr'><strong>gna</strong></span> <span class='ocrx_word' id='word_1_452' title='bbox 672 5292 928 5345; x_wconf 79' lang='lat' dir='ltr'><strong>cecidisse.</strong></span> <span class='ocrx_word' id='word_1_453' title='bbox 956 5291 1059 5343; x_wconf 66' lang='lat' dir='ltr'><strong>Vile</strong></span> <span class='ocrx_word' id='word_1_454' title='bbox 1094 5292 1407 5352; x_wconf 74' lang='lat' dir='ltr'><strong>mancipium,</strong></span> <span class='ocrx_word' id='word_1_455' title='bbox 1433 5296 1700 5355; x_wconf 76' lang='lat' dir='ltr'><strong>respondit,</strong></span> <span class='ocrx_word' id='word_1_456' title='bbox 1725 5308 1816 5344; x_wconf 82' lang='lat' dir='ltr'><strong>non</strong></span> <span class='ocrx_word' id='word_1_457' title='bbox 1839 5296 1927 5346; x_wconf 82' lang='lat' dir='ltr'><strong>hoc</strong></span> <span class='ocrx_word' id='word_1_458' title='bbox 1951 5291 2138 5359; x_wconf 60' lang='lat' dir='ltr'><strong>qurere-</strong></span> 
     </span>
     <span class='ocr_line' id='line_1_57' title="bbox 585 5352 2135 5401; baseline 0 0"><span class='ocrx_word' id='word_1_459' title='bbox 585 5352 775 5401; x_wconf 75' lang='lat' dir='ltr'><strong>am:sed</strong></span> <span class='ocrx_word' id='word_1_460' title='bbox 796 5366 887 5401; x_wconf 74' lang='lat' dir='ltr'><strong>duo</strong></span> <span class='ocrx_word' id='word_1_461' title='bbox 904 5353 1003 5401; x_wconf 84' lang='lat' dir='ltr'><strong>loco</strong></span> <span class='ocrx_word' id='word_1_462' title='bbox 1022 5362 1175 5401; x_wconf 80' lang='lat' dir='ltr'><strong>essent</strong></span> <span class='ocrx_word' id='word_1_463' title='bbox 1191 5367 1269 5401; x_wconf 83' lang='lat' dir='ltr'><strong>res</strong></span> <span class='ocrx_word' id='word_1_464' title='bbox 1294 5356 1763 5401; x_wconf 75' lang='lat' dir='ltr'><strong>nali.i113.ltesmuulel</strong></span> <span class='ocrx_word' id='word_1_465' title='bbox 1789 5357 1873 5401; x_wconf 78' lang='lat' dir='ltr'><strong>ille</strong></span> <span class='ocrx_word' id='word_1_466' title='bbox 1890 5360 2135 5401; x_wconf 73' lang='lat' dir='ltr'><strong>viemrinm</strong></span> 
     </span>
    </p>
   </div>
   <div class='ocr_carea' id='block_1_57' title="bbox 585 5352 2136 5417">
    <p class='ocr_par' dir='ltr' id='par_1_57' title="bbox 585 5352 2136 5417">
     <span class='ocr_line' id='line_1_58' title="bbox 585 5352 2136 5417; baseline 0.005 -16"><span class='ocrx_word' id='word_1_467' title='bbox 585 5352 775 5413; x_wconf 75' lang='lat' dir='ltr'><strong>am;sed</strong></span> <span class='ocrx_word' id='word_1_468' title='bbox 796 5366 887 5413; x_wconf 84' lang='lat' dir='ltr'><strong>quo</strong></span> <span class='ocrx_word' id='word_1_469' title='bbox 904 5353 1003 5402; x_wconf 81' lang='lat' dir='ltr'><strong>loco</strong></span> <span class='ocrx_word' id='word_1_470' title='bbox 1022 5362 1175 5403; x_wconf 80' lang='lat' dir='ltr'><strong>essent</strong></span> <span class='ocrx_word' id='word_1_471' title='bbox 1191 5367 1269 5402; x_wconf 83' lang='lat' dir='ltr'><strong>res</strong></span> <span class='ocrx_word' id='word_1_472' title='bbox 1293 5356 1480 5415; x_wconf 65' lang='lat' dir='ltr'><strong>penne.</strong></span> <span class='ocrx_word' id='word_1_473' title='bbox 1495 5352 1765 5417; x_wconf 71' lang='lat' dir='ltr'><strong>Respondet</strong></span> <span class='ocrx_word' id='word_1_474' title='bbox 1789 5357 1873 5407; x_wconf 87' lang='lat' dir='ltr'><strong>ille</strong></span> <span class='ocrx_word' id='word_1_475' title='bbox 1890 5352 2136 5409; x_wconf 60' lang='lat' dir='ltr'><strong>vic&#39;wriam</strong></span> 
     </span>
    </p>
   </div>
   <div class='ocr_carea' id='block_1_58' title="bbox 557 5416 2135 5481">
    <p class='ocr_par' dir='ltr' id='par_1_58' title="bbox 557 5416 2135 5481">
     <span class='ocr_line' id='line_1_59' title="bbox 557 5416 2135 5481; baseline 0.006 -20"><span class='ocrx_word' id='word_1_476' title='bbox 557 5428 714 5481; x_wconf 80' lang='lat' dir='ltr'><strong>penes</strong></span> <span class='ocrx_word' id='word_1_477' title='bbox 746 5416 1002 5481; x_wconf 55' lang='lat' dir='ltr'><strong>sparti-atas</strong></span> <span class='ocrx_word' id='word_1_478' title='bbox 1042 5429 1171 5481; x_wconf 58' lang='lat' dir='ltr'><strong>esse.</strong></span> <span class='ocrx_word' id='word_1_479' title='bbox 1217 5425 1365 5481; x_wconf 40' lang='lat' dir='ltr'><strong>nunc.</strong></span> <span class='ocrx_word' id='word_1_480' title='bbox 1396 5419 1555 5481; x_wconf 80' lang='lat' dir='ltr'><strong>inquit</strong></span> <span class='ocrx_word' id='word_1_481' title='bbox 1596 5417 1691 5477; x_wconf 81' lang='lat' dir='ltr'><strong>illa,</strong></span> <span class='ocrx_word' id='word_1_482' title='bbox 1719 5417 1929 5481; x_wconf 79' lang='lat' dir='ltr'><strong>ﬁliorum</strong></span> <span class='ocrx_word' id='word_1_483' title='bbox 1953 5422 2135 5470; x_wconf 73' lang='lat' dir='ltr'><strong>cardem</strong></span> 
     </span>
    </p>
   </div>
   <div class='ocr_carea' id='block_1_59' title="bbox 555 5476 2139 5542">
    <p class='ocr_par' dir='ltr' id='par_1_59' title="bbox 555 5476 2139 5542">
     <span class='ocr_line' id='line_1_60' title="bbox 555 5476 2139 5542; baseline 0.005 -17"><span class='ocrx_word' id='word_1_484' title='bbox 555 5489 645 5542; x_wconf 77' lang='lat' dir='ltr'><strong>non</strong></span> <span class='ocrx_word' id='word_1_485' title='bbox 670 5476 815 5526; x_wconf 82' lang='lat' dir='ltr'><strong>invita</strong></span> <span class='ocrx_word' id='word_1_486' title='bbox 838 5476 999 5542; x_wconf 57' lang='lat' dir='ltr'><strong>(tudio.</strong></span> <span class='ocrx_word' id='word_1_487' title='bbox 1026 5476 1162 5525; x_wconf 85' lang='lat' dir='ltr'><strong>Alius</strong></span> <span class='ocrx_word' id='word_1_488' title='bbox 1198 5476 1514 5542; x_wconf 83' lang='lat' dir='ltr'><strong>philosophus</strong></span> <span class='ocrx_word' id='word_1_489' title='bbox 1545 5480 1623 5528; x_wconf 89' lang='lat' dir='ltr'><strong>hic</strong></span> <span class='ocrx_word' id='word_1_490' title='bbox 1655 5476 1950 5531; x_wconf 81' lang='lat' dir='ltr'><strong>tuetuoratzts</strong></span> <span class='ocrx_word' id='word_1_491' title='bbox 1983 5482 2139 5533; x_wconf 76' lang='lat' dir='ltr'><strong>Xeno-</strong></span> 
     </span>
    </p>
   </div>
   <div class='ocr_carea' id='block_1_60' title="bbox 556 5538 2137 5649">
    <p class='ocr_par' dir='ltr' id='par_1_60' title="bbox 556 5538 2137 5649">
     <span class='ocr_line' id='line_1_61' title="bbox 556 5538 2137 5649; baseline 0.005 -63"><span class='ocrx_word' id='word_1_492' title='bbox 556 5539 682 5649; x_wconf 55' lang='lat' dir='ltr'><strong>§hon</strong></span> <span class='ocrx_word' id='word_1_493' title='bbox 719 5547 811 5587; x_wconf 87' lang='lat' dir='ltr'><strong>est.</strong></span> <span class='ocrx_word' id='word_1_494' title='bbox 854 5538 989 5587; x_wconf 82' lang='lat' dir='ltr'><strong>Hanc</strong></span> <span class='ocrx_word' id='word_1_495' title='bbox 1031 5552 1178 5600; x_wconf 83' lang='lat' dir='ltr'><strong>porro</strong></span> <span class='ocrx_word' id='word_1_496' title='bbox 1212 5538 1454 5588; x_wconf 73' lang='lat' dir='ltr'><strong>historian:</strong></span> <span class='ocrx_word' id='word_1_497' title='bbox 1494 5543 1649 5590; x_wconf 82' lang='lat' dir='ltr'><strong>refert</strong></span> <span class='ocrx_word' id='word_1_498' title='bbox 1681 5542 1825 5603; x_wconf 82' lang='lat' dir='ltr'><strong>Diog.</strong></span> <span class='ocrx_word' id='word_1_499' title='bbox 1851 5544 2067 5592; x_wconf 79' lang='lat' dir='ltr'><strong>Laertius</strong></span> <span class='ocrx_word' id='word_1_500' title='bbox 2091 5547 2137 5594; x_wconf 90' lang='lat' dir='ltr'><strong>in</strong></span> 
     </span>
     <span class='ocr_line' id='line_1_62' title="bbox 601 5601 2137 5649; baseline 0 0"><span class='ocrx_word' id='word_1_501' title='bbox 601 5602 877 5649; x_wconf 78' lang='lat' dir='ltr'><strong>cnonhonte</strong></span> <span class='ocrx_word' id='word_1_502' title='bbox 909 5614 1081 5649; x_wconf 85' lang='lat' dir='ltr'><strong>versus</strong></span> <span class='ocrx_word' id='word_1_503' title='bbox 1104 5601 1267 5649; x_wconf 88' lang='lat' dir='ltr'><strong>ﬁnem.</strong></span> <span class='ocrx_word' id='word_1_504' title='bbox 1294 5603 1385 5649; x_wconf 85' lang='lat' dir='ltr'><strong>Hic</strong></span> <span class='ocrx_word' id='word_1_505' title='bbox 1408 5606 1688 5649; x_wconf 88' lang='lat' dir='ltr'><strong>memoriter</strong></span> <span class='ocrx_word' id='word_1_506' title='bbox 1713 5604 1917 5649; x_wconf 74' lang='lat' dir='ltr'><strong>louuons</strong></span> <span class='ocrx_word' id='word_1_507' title='bbox 1942 5604 2137 5649; x_wconf 79' lang='lat' dir='ltr'><strong>Chrvso-</strong></span> 
     </span>
    </p>
   </div>
   <div class='ocr_carea' id='block_1_61' title="bbox 601 5601 2141 5667">
    <p class='ocr_par' dir='ltr' id='par_1_61' title="bbox 601 5601 2141 5667">
     <span class='ocr_line' id='line_1_63' title="bbox 601 5601 2141 5667; baseline 0.005 -18"><span class='ocrx_word' id='word_1_508' title='bbox 601 5602 877 5662; x_wconf 80' lang='lat' dir='ltr'><strong>enophonte</strong></span> <span class='ocrx_word' id='word_1_509' title='bbox 909 5614 1081 5667; x_wconf 78' lang='lat' dir='ltr'><strong>versus</strong></span> <span class='ocrx_word' id='word_1_510' title='bbox 1104 5601 1267 5649; x_wconf 89' lang='lat' dir='ltr'><strong>ﬁnem.</strong></span> <span class='ocrx_word' id='word_1_511' title='bbox 1294 5603 1385 5651; x_wconf 82' lang='lat' dir='ltr'><strong>llic</strong></span> <span class='ocrx_word' id='word_1_512' title='bbox 1408 5606 1688 5653; x_wconf 82' lang='lat' dir='ltr'><strong>memoriter</strong></span> <span class='ocrx_word' id='word_1_513' title='bbox 1713 5601 1917 5666; x_wconf 71' lang='lat' dir='ltr'><strong>loquens</strong></span> <span class='ocrx_word' id='word_1_514' title='bbox 1942 5604 2141 5667; x_wconf 73' lang='lat' dir='ltr'><strong>Chryso-</strong></span> 
     </span>
    </p>
   </div>
   <div class='ocr_carea' id='block_1_62' title="bbox 558 5663 1424 5724">
    <p class='ocr_par' dir='ltr' id='par_1_62' title="bbox 558 5663 1424 5724">
     <span class='ocr_line' id='line_1_64' title="bbox 558 5663 1424 5724; baseline 0 -12"><span class='ocrx_word' id='word_1_515' title='bbox 558 5672 757 5721; x_wconf 82' lang='lat' dir='ltr'><strong>stonms,</strong></span> <span class='ocrx_word' id='word_1_516' title='bbox 784 5676 888 5712; x_wconf 84' lang='lat' dir='ltr'><strong>rem</strong></span> <span class='ocrx_word' id='word_1_517' title='bbox 912 5663 1055 5724; x_wconf 91' lang='lat' dir='ltr'><strong>paulo</strong></span> <span class='ocrx_word' id='word_1_518' title='bbox 1078 5676 1222 5713; x_wconf 85' lang='lat' dir='ltr'><strong>secus</strong></span> <span class='ocrx_word' id='word_1_519' title='bbox 1248 5674 1424 5715; x_wconf 88' lang='lat' dir='ltr'><strong>narrat.</strong></span> 
     </span>
    </p>
   </div>
   <div class='ocr_carea' id='block_1_63' title="bbox 1217 293 3030 384">
    <p class='ocr_par' dir='ltr' id='par_1_63' title="bbox 1217 293 3030 384">
     <span class='ocr_line' id='line_1_65' title="bbox 1217 293 3030 384; baseline -0.02 0"><span class='ocrx_word' id='word_1_520' title='bbox 1217 326 1271 384; x_wconf 84' lang='lat' dir='ltr'><strong>S.</strong></span> <span class='ocrx_word' id='word_1_521' title='bbox 1310 316 1585 380; x_wconf 68' lang='lat' dir='ltr'><strong>JOANNIS</strong></span> <span class='ocrx_word' id='word_1_522' title='bbox 1621 296 2097 371; x_wconf 69' lang='lat' dir='ltr'><strong>CHRYSOSTOMI</strong></span> <span class='ocrx_word' id='word_1_523' title='bbox 2136 294 2456 352; x_wconf 79' lang='lat' dir='ltr'><strong>ARCHIEP.</strong></span> <span class='ocrx_word' id='word_1_524' title='bbox 2494 293 3030 352; x_wconf 81' lang='lat' dir='ltr'><strong>CONSTANTINOP.</strong></span> 
     </span>
    </p>
   </div>
   <div class='ocr_carea' id='block_1_64' title="bbox 3662 290 3769 348">
    <p class='ocr_par' dir='ltr' id='par_1_64' title="bbox 3662 290 3769 348">
     <span class='ocr_line' id='line_1_66' title="bbox 3662 290 3769 348; baseline -0.009 0"><span class='ocrx_word' id='word_1_525' title='bbox 3662 290 3769 348; x_wconf 56' lang='grc'><strong>548</strong></span> 
     </span>
    </p>
   </div>
   <div class='ocr_carea' id='block_1_65' title="bbox 2184 420 3771 494">
    <p class='ocr_par' dir='ltr' id='par_1_65' title="bbox 2184 420 3771 494">
     <span class='ocr_line' id='line_1_67' title="bbox 2184 420 3771 494; baseline -0.001 -16"><span class='ocrx_word' id='word_1_526' title='bbox 2184 439 2288 494; x_wconf 90' lang='lat' dir='ltr'><strong>que</strong></span> <span class='ocrx_word' id='word_1_527' title='bbox 2314 433 2433 486; x_wconf 85' lang='lat' dir='ltr'><strong>est;</strong></span> <span class='ocrx_word' id='word_1_528' title='bbox 2463 422 2574 480; x_wconf 83' lang='lat' dir='ltr'><strong>imo</strong></span> <span class='ocrx_word' id='word_1_529' title='bbox 2614 440 2722 479; x_wconf 90' lang='lat' dir='ltr'><strong>non</strong></span> <span class='ocrx_word' id='word_1_530' title='bbox 2768 423 3045 479; x_wconf 92' lang='lat' dir='ltr'><strong>deﬂendus</strong></span> <span class='ocrx_word' id='word_1_531' title='bbox 3086 430 3291 477; x_wconf 90' lang='lat' dir='ltr'><strong>tantum</strong></span> <span class='ocrx_word' id='word_1_532' title='bbox 3320 463 3335 486; x_wconf 94' lang='lat'><strong>,</strong></span> <span class='ocrx_word' id='word_1_533' title='bbox 3383 434 3505 476; x_wconf 91' lang='lat' dir='ltr'><strong>cum</strong></span> <span class='ocrx_word' id='word_1_534' title='bbox 3542 420 3591 474; x_wconf 89' lang='lat' dir='ltr'><strong>id</strong></span> <span class='ocrx_word' id='word_1_535' title='bbox 3638 420 3771 476; x_wconf 90' lang='lat' dir='ltr'><strong>nihil</strong></span> 
     </span>
    </p>
   </div>
   <div class='ocr_carea' id='block_1_66' title="bbox 2186 516 3770 587">
    <p class='ocr_par' dir='ltr' id='par_1_66' title="bbox 2186 516 3770 587">
     <span class='ocr_line' id='line_1_68' title="bbox 2186 516 3770 587; baseline -0.001 -16"><span class='ocrx_word' id='word_1_536' title='bbox 2186 518 2286 587; x_wconf 88' lang='lat' dir='ltr'><strong>ipsi</strong></span> <span class='ocrx_word' id='word_1_537' title='bbox 2311 516 2497 571; x_wconf 81' lang='lat' dir='ltr'><strong>afferat</strong></span> <span class='ocrx_word' id='word_1_538' title='bbox 2523 518 2763 571; x_wconf 82' lang='lat' dir='ltr'><strong>utilitatis</strong></span> <span class='ocrx_word' id='word_1_539' title='bbox 2784 559 2799 583; x_wconf 92' lang='lat'><strong>,</strong></span> <span class='ocrx_word' id='word_1_540' title='bbox 2828 516 2922 571; x_wconf 93' lang='lat' dir='ltr'><strong>sed</strong></span> <span class='ocrx_word' id='word_1_541' title='bbox 2946 532 3008 571; x_wconf 92' lang='lat' dir='ltr'><strong>ea</strong></span> <span class='ocrx_word' id='word_1_542' title='bbox 3040 516 3281 570; x_wconf 85' lang='lat' dir='ltr'><strong>facienda</strong></span> <span class='ocrx_word' id='word_1_543' title='bbox 3313 524 3470 580; x_wconf 91' lang='lat' dir='ltr'><strong>sunt,</strong></span> <span class='ocrx_word' id='word_1_544' title='bbox 3498 530 3615 585; x_wconf 72' lang='lat' dir='ltr'><strong>qua:</strong></span> <span class='ocrx_word' id='word_1_545' title='bbox 3642 530 3770 583; x_wconf 85' lang='lat' dir='ltr'><strong>pos-</strong></span> 
     </span>
    </p>
   </div>
   <div class='ocr_carea' id='block_1_67' title="bbox 2185 608 3773 679">
    <p class='ocr_par' dir='ltr' id='par_1_67' title="bbox 2185 608 3773 679">
     <span class='ocr_line' id='line_1_69' title="bbox 2185 608 3773 679; baseline 0.001 -16"><span class='ocrx_word' id='word_1_546' title='bbox 2185 611 2291 664; x_wconf 87' lang='lat' dir='ltr'><strong>sint</strong></span> <span class='ocrx_word' id='word_1_547' title='bbox 2318 610 2463 663; x_wconf 91' lang='lat' dir='ltr'><strong>illum</strong></span> <span class='ocrx_word' id='word_1_548' title='bbox 2505 610 2693 679; x_wconf 87' lang='lat' dir='ltr'><strong>juvare</strong></span> <span class='ocrx_word' id='word_1_549' title='bbox 2714 652 2728 674; x_wconf 89' lang='lat'><strong>,</strong></span> <span class='ocrx_word' id='word_1_550' title='bbox 2764 619 2822 665; x_wconf 93' lang='lat' dir='ltr'><strong>ut</strong></span> <span class='ocrx_word' id='word_1_551' title='bbox 2868 610 3225 679; x_wconf 73' lang='lat' dir='ltr'><strong>eleemosynze</strong></span> <span class='ocrx_word' id='word_1_552' title='bbox 3248 650 3262 670; x_wconf 85' lang='lat'><strong>,</strong></span> <span class='ocrx_word' id='word_1_553' title='bbox 3291 608 3607 663; x_wconf 88' lang='lat' dir='ltr'><strong>oblationes.</strong></span> <span class='ocrx_word' id='word_1_554' title='bbox 3637 608 3773 665; x_wconf 86' lang='lat' dir='ltr'><strong>Hinc</strong></span> 
     </span>
    </p>
   </div>
   <div class='ocr_carea' id='block_1_68' title="bbox 2184 701 3771 773">
    <p class='ocr_par' dir='ltr' id='par_1_68' title="bbox 2184 701 3771 773">
     <span class='ocr_line' id='line_1_70' title="bbox 2184 701 3771 773; baseline -0.003 -14"><span class='ocrx_word' id='word_1_555' title='bbox 2184 704 2345 759; x_wconf 87' lang='lat' dir='ltr'><strong>etiam</strong></span> <span class='ocrx_word' id='word_1_556' title='bbox 2373 703 2661 758; x_wconf 70' lang='lat' dir='ltr'><strong>lmtandum</strong></span> <span class='ocrx_word' id='word_1_557' title='bbox 2688 714 2791 770; x_wconf 87' lang='lat' dir='ltr'><strong>est,</strong></span> <span class='ocrx_word' id='word_1_558' title='bbox 2820 703 2960 773; x_wconf 91' lang='lat' dir='ltr'><strong>quod</strong></span> <span class='ocrx_word' id='word_1_559' title='bbox 2984 702 3161 756; x_wconf 89' lang='lat' dir='ltr'><strong>omnis</strong></span> <span class='ocrx_word' id='word_1_560' title='bbox 3193 701 3409 755; x_wconf 68' lang='lat' dir='ltr'><strong>malitia:</strong></span> <span class='ocrx_word' id='word_1_561' title='bbox 3434 702 3643 756; x_wconf 89' lang='lat' dir='ltr'><strong>occasio</strong></span> <span class='ocrx_word' id='word_1_562' title='bbox 3668 702 3771 770; x_wconf 87' lang='lat' dir='ltr'><strong>ipsi</strong></span> 
     </span>
    </p>
   </div>
   <div class='ocr_carea' id='block_1_69' title="bbox 2185 792 3772 863">
    <p class='ocr_par' dir='ltr' id='par_1_69' title="bbox 2185 792 3772 863">
     <span class='ocr_line' id='line_1_71' title="bbox 2185 792 3772 863; baseline -0.001 -15"><span class='ocrx_word' id='word_1_563' title='bbox 2185 794 2359 848; x_wconf 87' lang='lat' dir='ltr'><strong>ablata</strong></span> <span class='ocrx_word' id='word_1_564' title='bbox 2391 795 2480 849; x_wconf 91' lang='lat' dir='ltr'><strong>sit.</strong></span> <span class='ocrx_word' id='word_1_565' title='bbox 2522 793 2579 849; x_wconf 92' lang='lat' dir='ltr'><strong>Si</strong></span> <span class='ocrx_word' id='word_1_566' title='bbox 2604 809 2732 848; x_wconf 91' lang='lat' dir='ltr'><strong>vero</strong></span> <span class='ocrx_word' id='word_1_567' title='bbox 2754 794 2933 862; x_wconf 91' lang='lat' dir='ltr'><strong>justus</strong></span> <span class='ocrx_word' id='word_1_568' title='bbox 2962 795 3069 859; x_wconf 91' lang='lat' dir='ltr'><strong>sit,</strong></span> <span class='ocrx_word' id='word_1_569' title='bbox 3100 792 3475 849; x_wconf 82' lang='lat' dir='ltr'><strong>exsultandum</strong></span> <span class='ocrx_word' id='word_1_570' title='bbox 3497 835 3511 859; x_wconf 95' lang='lat'><strong>,</strong></span> <span class='ocrx_word' id='word_1_571' title='bbox 3544 794 3685 863; x_wconf 89' lang='lat' dir='ltr'><strong>quod</strong></span> <span class='ocrx_word' id='word_1_572' title='bbox 3714 794 3772 847; x_wconf 88' lang='lat' dir='ltr'><strong>in</strong></span> 
     </span>
    </p>
   </div>
   <div class='ocr_carea' id='block_1_70' title="bbox 2187 885 3771 953">
    <p class='ocr_par' dir='ltr' id='par_1_70' title="bbox 2187 885 3771 953">
     <span class='ocr_line' id='line_1_72' title="bbox 2187 885 3771 953; baseline -0.001 -11"><span class='ocrx_word' id='word_1_573' title='bbox 2187 896 2301 942; x_wconf 89' lang='lat' dir='ltr'><strong>tuto</strong></span> <span class='ocrx_word' id='word_1_574' title='bbox 2328 886 2397 940; x_wconf 91' lang='lat' dir='ltr'><strong>sit</strong></span> <span class='ocrx_word' id='word_1_575' title='bbox 2437 886 2732 942; x_wconf 87' lang='lat' dir='ltr'><strong>collocatus</strong></span> <span class='ocrx_word' id='word_1_576' title='bbox 2755 927 2771 953; x_wconf 88' lang='lat'><strong>,</strong></span> <span class='ocrx_word' id='word_1_577' title='bbox 2800 894 2855 941; x_wconf 89' lang='lat' dir='ltr'><strong>et</strong></span> <span class='ocrx_word' id='word_1_578' title='bbox 2875 885 3009 941; x_wconf 90' lang='lat' dir='ltr'><strong>liber</strong></span> <span class='ocrx_word' id='word_1_579' title='bbox 3032 885 3099 939; x_wconf 91' lang='lat' dir='ltr'><strong>ab</strong></span> <span class='ocrx_word' id='word_1_580' title='bbox 3126 886 3330 941; x_wconf 89' lang='lat' dir='ltr'><strong>incerto</strong></span> <span class='ocrx_word' id='word_1_581' title='bbox 3376 885 3554 939; x_wconf 85' lang='lat' dir='ltr'><strong>futuro</strong></span> <span class='ocrx_word' id='word_1_582' title='bbox 3588 895 3725 939; x_wconf 88' lang='lat' dir='ltr'><strong>statu</strong></span> <span class='ocrx_word' id='word_1_583' title='bbox 3753 902 3771 941; x_wconf 91' lang='lat'><strong>:</strong></span> 
     </span>
    </p>
   </div>
   <div class='ocr_carea' id='block_1_71' title="bbox 2186 977 3773 1049">
    <p class='ocr_par' dir='ltr' id='par_1_71' title="bbox 2186 977 3773 1049">
     <span class='ocr_line' id='line_1_73' title="bbox 2186 977 3773 1049; baseline -0.001 -14"><span class='ocrx_word' id='word_1_584' title='bbox 2186 981 2229 1035; x_wconf 86' lang='lat' dir='ltr'><strong>si</strong></span> <span class='ocrx_word' id='word_1_585' title='bbox 2255 980 2465 1049; x_wconf 86' lang='lat' dir='ltr'><strong>juvenis</strong></span> <span class='ocrx_word' id='word_1_586' title='bbox 2497 984 2585 1045; x_wconf 90' lang='lat' dir='ltr'><strong>sit,</strong></span> <span class='ocrx_word' id='word_1_587' title='bbox 2608 979 2946 1049; x_wconf 87' lang='lat' dir='ltr'><strong>gaudendum</strong></span> <span class='ocrx_word' id='word_1_588' title='bbox 2973 978 3115 1048; x_wconf 90' lang='lat' dir='ltr'><strong>quod</strong></span> <span class='ocrx_word' id='word_1_589' title='bbox 3141 979 3249 1033; x_wconf 86' lang='lat' dir='ltr'><strong>cito</strong></span> <span class='ocrx_word' id='word_1_590' title='bbox 3278 988 3496 1047; x_wconf 88' lang='lat' dir='ltr'><strong>ereptus</strong></span> <span class='ocrx_word' id='word_1_591' title='bbox 3517 980 3585 1033; x_wconf 91' lang='lat' dir='ltr'><strong>sit</strong></span> <span class='ocrx_word' id='word_1_592' title='bbox 3611 977 3773 1047; x_wconf 86' lang='lat' dir='ltr'><strong>hujus</strong></span> 
     </span>
    </p>
   </div>
   <div class='ocr_carea' id='block_1_72' title="bbox 2187 1070 3772 1140">
    <p class='ocr_par' dir='ltr' id='par_1_72' title="bbox 2187 1070 3772 1140">
     <span class='ocr_line' id='line_1_74' title="bbox 2187 1070 3772 1140; baseline 0 -15"><span class='ocrx_word' id='word_1_593' title='bbox 2187 1073 2309 1126; x_wconf 70' lang='lat' dir='ltr'><strong>vitae</strong></span> <span class='ocrx_word' id='word_1_594' title='bbox 2338 1072 2524 1135; x_wconf 88' lang='lat' dir='ltr'><strong>malis;</strong></span> <span class='ocrx_word' id='word_1_595' title='bbox 2553 1072 2597 1125; x_wconf 88' lang='lat' dir='ltr'><strong>si</strong></span> <span class='ocrx_word' id='word_1_596' title='bbox 2629 1086 2815 1135; x_wconf 80' lang='lat' dir='ltr'><strong>senex,</strong></span> <span class='ocrx_word' id='word_1_597' title='bbox 2847 1071 2987 1139; x_wconf 91' lang='lat' dir='ltr'><strong>quod</strong></span> <span class='ocrx_word' id='word_1_598' title='bbox 3014 1085 3080 1126; x_wconf 92' lang='lat' dir='ltr'><strong>eo</strong></span> <span class='ocrx_word' id='word_1_599' title='bbox 3102 1070 3302 1124; x_wconf 89' lang='lat' dir='ltr'><strong>diutius</strong></span> <span class='ocrx_word' id='word_1_600' title='bbox 3330 1071 3400 1124; x_wconf 91' lang='lat' dir='ltr'><strong>sit</strong></span> <span class='ocrx_word' id='word_1_601' title='bbox 3431 1086 3559 1125; x_wconf 91' lang='lat' dir='ltr'><strong>usus</strong></span> <span class='ocrx_word' id='word_1_602' title='bbox 3585 1112 3599 1134; x_wconf 89' lang='lat'><strong>,</strong></span> <span class='ocrx_word' id='word_1_603' title='bbox 3626 1071 3772 1140; x_wconf 85' lang='lat' dir='ltr'><strong>quod</strong></span> 
     </span>
    </p>
   </div>
   <div class='ocr_carea' id='block_1_73' title="bbox 2190 1162 3776 1233">
    <p class='ocr_par' dir='ltr' id='par_1_73' title="bbox 2190 1162 3776 1233">
     <span class='ocr_line' id='line_1_75' title="bbox 2190 1162 3776 1233; baseline 0.001 -16"><span class='ocrx_word' id='word_1_604' title='bbox 2190 1164 2420 1217; x_wconf 79' lang='lat' dir='ltr'><strong>maxime</strong></span> <span class='ocrx_word' id='word_1_605' title='bbox 2449 1163 2804 1218; x_wconf 83' lang='lat' dir='ltr'><strong>desiderabile</strong></span> <span class='ocrx_word' id='word_1_606' title='bbox 2850 1163 3149 1217; x_wconf 86' lang='lat' dir='ltr'><strong>videbatur.</strong></span> <span class='ocrx_word' id='word_1_607' title='bbox 3182 1163 3260 1218; x_wconf 86' lang='lat' dir='ltr'><strong>Tu</strong></span> <span class='ocrx_word' id='word_1_608' title='bbox 3292 1180 3420 1218; x_wconf 80' lang='lat' dir='ltr'><strong>vero</strong></span> <span class='ocrx_word' id='word_1_609' title='bbox 3448 1162 3530 1218; x_wconf 87' lang='lat' dir='ltr'><strong>his</strong></span> <span class='ocrx_word' id='word_1_610' title='bbox 3555 1175 3776 1233; x_wconf 60' lang='lat' dir='ltr'><strong>praster-</strong></span> 
     </span>
    </p>
   </div>
   <div class='ocr_carea' id='block_1_74' title="bbox 2191 1255 3772 1325">
    <p class='ocr_par' dir='ltr' id='par_1_74' title="bbox 2191 1255 3772 1325">
     <span class='ocr_line' id='line_1_76' title="bbox 2191 1255 3772 1325; baseline 0.002 -17"><span class='ocrx_word' id='word_1_611' title='bbox 2191 1256 2370 1309; x_wconf 86' lang='lat' dir='ltr'><strong>missis</strong></span> <span class='ocrx_word' id='word_1_612' title='bbox 2391 1255 2660 1317; x_wconf 87' lang='lat' dir='ltr'><strong>onmihus,</strong></span> <span class='ocrx_word' id='word_1_613' title='bbox 2693 1256 2913 1310; x_wconf 83' lang='lat' dir='ltr'><strong>ancillas</strong></span> <span class='ocrx_word' id='word_1_614' title='bbox 2942 1256 3007 1310; x_wconf 89' lang='lat' dir='ltr'><strong>ad</strong></span> <span class='ocrx_word' id='word_1_615' title='bbox 3040 1256 3234 1310; x_wconf 90' lang='lat' dir='ltr'><strong>luctum</strong></span> <span class='ocrx_word' id='word_1_616' title='bbox 3266 1256 3456 1311; x_wconf 91' lang='lat' dir='ltr'><strong>incitas</strong></span> <span class='ocrx_word' id='word_1_617' title='bbox 3484 1298 3499 1322; x_wconf 91' lang='lat'><strong>,</strong></span> <span class='ocrx_word' id='word_1_618' title='bbox 3533 1257 3680 1325; x_wconf 89' lang='lat' dir='ltr'><strong>quasi</strong></span> <span class='ocrx_word' id='word_1_619' title='bbox 3718 1258 3772 1311; x_wconf 89' lang='lat' dir='ltr'><strong>in</strong></span> 
     </span>
    </p>
   </div>
   <div class='ocr_carea' id='block_1_75' title="bbox 2189 1345 3779 1418">
    <p class='ocr_par' dir='ltr' id='par_1_75' title="bbox 2189 1345 3779 1418">
     <span class='ocr_line' id='line_1_77' title="bbox 2189 1345 3779 1418; baseline 0.002 -18"><span class='ocrx_word' id='word_1_620' title='bbox 2189 1345 2421 1400; x_wconf 81' lang='lat' dir='ltr'><strong>defuncti</strong></span> <span class='ocrx_word' id='word_1_621' title='bbox 2454 1346 2715 1401; x_wconf 89' lang='lat' dir='ltr'><strong>honorem</strong></span> <span class='ocrx_word' id='word_1_622' title='bbox 2741 1388 2756 1413; x_wconf 94' lang='lat'><strong>,</strong></span> <span class='ocrx_word' id='word_1_623' title='bbox 2792 1348 2934 1418; x_wconf 87' lang='lat' dir='ltr'><strong>quod</strong></span> <span class='ocrx_word' id='word_1_624' title='bbox 2960 1357 3255 1403; x_wconf 80' lang='lat' dir='ltr'><strong>extremum</strong></span> <span class='ocrx_word' id='word_1_625' title='bbox 3282 1348 3517 1404; x_wconf 88' lang='lat' dir='ltr'><strong>dedecus</strong></span> <span class='ocrx_word' id='word_1_626' title='bbox 3537 1359 3637 1403; x_wconf 89' lang='lat' dir='ltr'><strong>est.</strong></span> <span class='ocrx_word' id='word_1_627' title='bbox 3668 1349 3779 1403; x_wconf 59' lang='lat' dir='ltr'><strong>llo-</strong></span> 
     </span>
    </p>
   </div>
   <div class='ocr_carea' id='block_1_76' title="bbox 2190 1439 3773 1511">
    <p class='ocr_par' dir='ltr' id='par_1_76' title="bbox 2190 1439 3773 1511">
     <span class='ocr_line' id='line_1_78' title="bbox 2190 1439 3773 1511; baseline 0.004 -20"><span class='ocrx_word' id='word_1_628' title='bbox 2190 1452 2293 1492; x_wconf 89' lang='lat' dir='ltr'><strong>nor</strong></span> <span class='ocrx_word' id='word_1_629' title='bbox 2320 1439 2459 1492; x_wconf 91' lang='lat' dir='ltr'><strong>enim</strong></span> <span class='ocrx_word' id='word_1_630' title='bbox 2502 1439 2757 1494; x_wconf 91' lang='lat' dir='ltr'><strong>defuncto</strong></span> <span class='ocrx_word' id='word_1_631' title='bbox 2794 1447 2937 1503; x_wconf 88' lang='lat' dir='ltr'><strong>sunt,</strong></span> <span class='ocrx_word' id='word_1_632' title='bbox 2987 1456 3091 1495; x_wconf 90' lang='lat' dir='ltr'><strong>non</strong></span> <span class='ocrx_word' id='word_1_633' title='bbox 3133 1442 3288 1496; x_wconf 90' lang='lat' dir='ltr'><strong>ﬂetus</strong></span> <span class='ocrx_word' id='word_1_634' title='bbox 3314 1483 3328 1509; x_wconf 94' lang='lat'><strong>,</strong></span> <span class='ocrx_word' id='word_1_635' title='bbox 3363 1459 3467 1496; x_wconf 91' lang='lat' dir='ltr'><strong>non</strong></span> <span class='ocrx_word' id='word_1_636' title='bbox 3498 1443 3727 1511; x_wconf 88' lang='lat' dir='ltr'><strong>ejulatus</strong></span> <span class='ocrx_word' id='word_1_637' title='bbox 3756 1487 3773 1509; x_wconf 92' lang='lat'><strong>,</strong></span> 
     </span>
    </p>
   </div>
   <div class='ocr_carea' id='block_1_77' title="bbox 2192 1516 3778 1607">
    <p class='ocr_par' dir='ltr' id='par_1_77' title="bbox 2192 1516 3778 1607">
     <span class='ocr_line' id='line_1_79' title="bbox 2192 1516 3778 1607; baseline 0.004 -22"><span class='ocrx_word' id='word_1_638' title='bbox 2192 1533 2283 1585; x_wconf 83' lang='lat' dir='ltr'><strong>sed</strong></span> <span class='ocrx_word' id='word_1_639' title='bbox 2313 1530 2632 1601; x_wconf 84' lang='lat' dir='ltr'><strong>hymnorum</strong></span> <span class='ocrx_word' id='word_1_640' title='bbox 2680 1516 3114 1603; x_wconf 87' lang='lat' dir='ltr'><strong>psalmorumquc</strong></span> <span class='ocrx_word' id='word_1_641' title='bbox 3169 1546 3359 1590; x_wconf 90' lang='lat' dir='ltr'><strong>cantus</strong></span> <span class='ocrx_word' id='word_1_642' title='bbox 3402 1576 3416 1600; x_wconf 86' lang='lat'><strong>,</strong></span> <span class='ocrx_word' id='word_1_643' title='bbox 3466 1539 3778 1607; x_wconf 89' lang='lat' dir='ltr'><strong>optimaque</strong></span> 
     </span>
    </p>
   </div>
   <div class='ocr_carea' id='block_1_78' title="bbox 2190 1623 3774 1696">
    <p class='ocr_par' dir='ltr' id='par_1_78' title="bbox 2190 1623 3774 1696">
     <span class='ocr_line' id='line_1_80' title="bbox 2190 1623 3774 1696; baseline 0.003 -20"><span class='ocrx_word' id='word_1_644' title='bbox 2190 1623 2320 1678; x_wconf 89' lang='lat' dir='ltr'><strong>vita.</strong></span> <span class='ocrx_word' id='word_1_645' title='bbox 2352 1624 2443 1677; x_wconf 87' lang='lat' dir='ltr'><strong>Ille</strong></span> <span class='ocrx_word' id='word_1_646' title='bbox 2473 1638 2702 1693; x_wconf 89' lang='lat' dir='ltr'><strong>namque</strong></span> <span class='ocrx_word' id='word_1_647' title='bbox 2730 1624 3003 1693; x_wconf 89' lang='lat' dir='ltr'><strong>digressus</strong></span> <span class='ocrx_word' id='word_1_648' title='bbox 3045 1640 3168 1680; x_wconf 92' lang='lat' dir='ltr'><strong>cum</strong></span> <span class='ocrx_word' id='word_1_649' title='bbox 3207 1627 3409 1696; x_wconf 85' lang='lat' dir='ltr'><strong>angelis</strong></span> <span class='ocrx_word' id='word_1_650' title='bbox 3437 1629 3735 1683; x_wconf 88' lang='lat' dir='ltr'><strong>versabitur</strong></span> <span class='ocrx_word' id='word_1_651' title='bbox 3758 1670 3774 1692; x_wconf 87' lang='lat'><strong>,</strong></span> 
     </span>
    </p>
   </div>
   <div class='ocr_carea' id='block_1_79' title="bbox 2193 1714 3778 1789">
    <p class='ocr_par' dir='ltr' id='par_1_79' title="bbox 2193 1714 3778 1789">
     <span class='ocr_line' id='line_1_81' title="bbox 2193 1714 3778 1789; baseline 0.002 -19"><span class='ocrx_word' id='word_1_652' title='bbox 2193 1715 2402 1770; x_wconf 87' lang='lat' dir='ltr'><strong>etiamsi</strong></span> <span class='ocrx_word' id='word_1_653' title='bbox 2436 1714 2608 1771; x_wconf 85' lang='lat' dir='ltr'><strong>funeri</strong></span> <span class='ocrx_word' id='word_1_654' title='bbox 2636 1732 2793 1771; x_wconf 91' lang='lat' dir='ltr'><strong>nemo</strong></span> <span class='ocrx_word' id='word_1_655' title='bbox 2818 1716 2995 1771; x_wconf 86' lang='lat' dir='ltr'><strong>adsit:</strong></span> <span class='ocrx_word' id='word_1_656' title='bbox 3029 1719 3116 1788; x_wconf 94' lang='lat' dir='ltr'><strong>qui</strong></span> <span class='ocrx_word' id='word_1_657' title='bbox 3151 1734 3312 1789; x_wconf 88' lang='lat' dir='ltr'><strong>porro</strong></span> <span class='ocrx_word' id='word_1_658' title='bbox 3349 1721 3624 1788; x_wconf 89' lang='lat' dir='ltr'><strong>improbus</strong></span> <span class='ocrx_word' id='word_1_659' title='bbox 3664 1736 3778 1773; x_wconf 76' lang='lat' dir='ltr'><strong>mo-</strong></span> 
     </span>
    </p>
   </div>
   <div class='ocr_carea' id='block_1_80' title="bbox 2193 1808 3775 1881">
    <p class='ocr_par' dir='ltr' id='par_1_80' title="bbox 2193 1808 3775 1881">
     <span class='ocr_line' id='line_1_82' title="bbox 2193 1808 3775 1881; baseline 0.003 -20"><span class='ocrx_word' id='word_1_660' title='bbox 2193 1808 2331 1862; x_wconf 89' lang='lat' dir='ltr'><strong>ritur</strong></span> <span class='ocrx_word' id='word_1_661' title='bbox 2353 1849 2368 1871; x_wconf 89' lang='lat'><strong>,</strong></span> <span class='ocrx_word' id='word_1_662' title='bbox 2401 1809 2500 1862; x_wconf 90' lang='lat' dir='ltr'><strong>etsi</strong></span> <span class='ocrx_word' id='word_1_663' title='bbox 2547 1817 2709 1862; x_wconf 90' lang='lat' dir='ltr'><strong>totam</strong></span> <span class='ocrx_word' id='word_1_664' title='bbox 2740 1809 3008 1864; x_wconf 88' lang='lat' dir='ltr'><strong>civitatem</strong></span> <span class='ocrx_word' id='word_1_665' title='bbox 3032 1809 3301 1880; x_wconf 81' lang='lat' dir='ltr'><strong>exsequiis</strong></span> <span class='ocrx_word' id='word_1_666' title='bbox 3333 1821 3647 1881; x_wconf 61' lang='lat' dir='ltr'><strong>praesentem</strong></span> <span class='ocrx_word' id='word_1_667' title='bbox 3676 1811 3775 1867; x_wconf 84' lang='lat' dir='ltr'><strong>ha-</strong></span> 
     </span>
    </p>
   </div>
   <div class='ocr_carea' id='block_1_81' title="bbox 2194 1900 2993 1967">
    <p class='ocr_par' dir='ltr' id='par_1_81' title="bbox 2194 1900 2993 1967">
     <span class='ocr_line' id='line_1_83' title="bbox 2194 1900 2993 1967; baseline 0 -10"><span class='ocrx_word' id='word_1_668' title='bbox 2194 1900 2336 1967; x_wconf 87' lang='lat' dir='ltr'><strong>beat,</strong></span> <span class='ocrx_word' id='word_1_669' title='bbox 2370 1901 2500 1956; x_wconf 87' lang='lat' dir='ltr'><strong>nihil</strong></span> <span class='ocrx_word' id='word_1_670' title='bbox 2530 1900 2653 1958; x_wconf 91' lang='lat' dir='ltr'><strong>inde</strong></span> <span class='ocrx_word' id='word_1_671' title='bbox 2676 1902 2993 1957; x_wconf 89' lang='lat' dir='ltr'><strong>lucrabitur.</strong></span> 
     </span>
    </p>
   </div>
   <div class='ocr_carea' id='block_1_82' title="bbox 2270 1994 3777 2065">
    <p class='ocr_par' dir='ltr' id='par_1_82' title="bbox 2270 1994 3777 2065">
     <span class='ocr_line' id='line_1_84' title="bbox 2270 1994 3777 2065; baseline 0.005 -20"><span class='ocrx_word' id='word_1_672' title='bbox 2270 1994 2506 2065; x_wconf 74' lang='lat' dir='ltr'><strong>Defuucli</strong></span> <span class='ocrx_word' id='word_1_673' title='bbox 2548 1998 2798 2065; x_wconf 86' lang='lat' dir='ltr'><strong>quomodo</strong></span> <span class='ocrx_word' id='word_1_674' title='bbox 2825 1998 2923 2051; x_wconf 75' lang='lat' dir='ltr'><strong>sint</strong></span> <span class='ocrx_word' id='word_1_675' title='bbox 2954 1996 3337 2051; x_wconf 82' lang='lat' dir='ltr'><strong>honorandi.—</strong></span> <span class='ocrx_word' id='word_1_676' title='bbox 3355 1997 3447 2052; x_wconf 85' lang='lat' dir='ltr'><strong>Vis</strong></span> <span class='ocrx_word' id='word_1_677' title='bbox 3473 1996 3777 2052; x_wconf 85' lang='lat' dir='ltr'><strong>defunctum</strong></span> 
     </span>
    </p>
   </div>
   <div class='ocr_carea' id='block_1_83' title="bbox 2196 2085 3776 2162">
    <p class='ocr_par' dir='ltr' id='par_1_83' title="bbox 2196 2085 3776 2162">
     <span class='ocr_line' id='line_1_85' title="bbox 2196 2085 3776 2162; baseline 0.003 -22"><span class='ocrx_word' id='word_1_678' title='bbox 2196 2085 2596 2143; x_wconf 87' lang='lat' dir='ltr'><strong>cohonestare?</strong></span> <span class='ocrx_word' id='word_1_679' title='bbox 2638 2089 2755 2143; x_wconf 87' lang='lat' dir='ltr'><strong>Alia</strong></span> <span class='ocrx_word' id='word_1_680' title='bbox 2801 2088 3017 2151; x_wconf 86' lang='lat' dir='ltr'><strong>adhibe,</strong></span> <span class='ocrx_word' id='word_1_681' title='bbox 3042 2090 3414 2162; x_wconf 88' lang='lat' dir='ltr'><strong>eleemosynas</strong></span> <span class='ocrx_word' id='word_1_682' title='bbox 3438 2132 3455 2156; x_wconf 90' lang='lat'><strong>,</strong></span> <span class='ocrx_word' id='word_1_683' title='bbox 3500 2090 3776 2155; x_wconf 89' lang='lat' dir='ltr'><strong>beneﬁcia,</strong></span> 
     </span>
    </p>
   </div>
   <div class='ocr_carea' id='block_1_84' title="bbox 2200 2181 3782 2256">
    <p class='ocr_par' dir='ltr' id='par_1_84' title="bbox 2200 2181 3782 2256">
     <span class='ocr_line' id='line_1_86' title="bbox 2200 2181 3782 2256; baseline 0.005 -23"><span class='ocrx_word' id='word_1_684' title='bbox 2200 2181 2518 2235; x_wconf 91' lang='lat' dir='ltr'><strong>ministeria.</strong></span> <span class='ocrx_word' id='word_1_685' title='bbox 2566 2181 2703 2248; x_wconf 87' lang='lat' dir='ltr'><strong>Quid</strong></span> <span class='ocrx_word' id='word_1_686' title='bbox 2752 2197 2817 2236; x_wconf 80' lang='lat' dir='ltr'><strong>ex</strong></span> <span class='ocrx_word' id='word_1_687' title='bbox 2873 2194 2949 2238; x_wconf 92' lang='lat' dir='ltr'><strong>tot</strong></span> <span class='ocrx_word' id='word_1_688' title='bbox 2995 2183 3208 2239; x_wconf 91' lang='lat' dir='ltr'><strong>ﬂetibus</strong></span> <span class='ocrx_word' id='word_1_689' title='bbox 3253 2184 3429 2240; x_wconf 79' lang='lat' dir='ltr'><strong>lucri?</strong></span> <span class='ocrx_word' id='word_1_690' title='bbox 3477 2186 3589 2256; x_wconf 86' lang='lat' dir='ltr'><strong>Ego</strong></span> <span class='ocrx_word' id='word_1_691' title='bbox 3635 2186 3782 2241; x_wconf 89' lang='lat' dir='ltr'><strong>aliud</strong></span> 
     </span>
    </p>
   </div>
   <div class='ocr_carea' id='block_1_85' title="bbox 2199 2273 3787 2348">
    <p class='ocr_par' dir='ltr' id='par_1_85' title="bbox 2199 2273 3787 2348">
     <span class='ocr_line' id='line_1_87' title="bbox 2199 2273 3787 2348; baseline 0.006 -23"><span class='ocrx_word' id='word_1_692' title='bbox 2199 2274 2415 2341; x_wconf 80' lang='lat' dir='ltr'><strong>gravius</strong></span> <span class='ocrx_word' id='word_1_693' title='bbox 2444 2273 2621 2328; x_wconf 87' lang='lat' dir='ltr'><strong>audivi</strong></span> <span class='ocrx_word' id='word_1_694' title='bbox 2652 2292 2664 2326; x_wconf 94' lang='lat'>:</span> <span class='ocrx_word' id='word_1_695' title='bbox 2695 2276 2889 2330; x_wconf 92' lang='lat' dir='ltr'><strong>multas</strong></span> <span class='ocrx_word' id='word_1_696' title='bbox 2916 2292 3111 2347; x_wconf 82' lang='lat' dir='ltr'><strong>nempe</strong></span> <span class='ocrx_word' id='word_1_697' title='bbox 3162 2291 3283 2332; x_wconf 89' lang='lat' dir='ltr'><strong>esse</strong></span> <span class='ocrx_word' id='word_1_698' title='bbox 3315 2294 3431 2348; x_wconf 67' lang='lat' dir='ltr'><strong>qua:</strong></span> <span class='ocrx_word' id='word_1_699' title='bbox 3484 2293 3579 2348; x_wconf 90' lang='lat' dir='ltr'><strong>per</strong></span> <span class='ocrx_word' id='word_1_700' title='bbox 3627 2278 3787 2334; x_wconf 91' lang='lat' dir='ltr'><strong>ﬂetus</strong></span> 
     </span>
    </p>
   </div>
   <div class='ocr_carea' id='block_1_86' title="bbox 2199 2366 3784 2435">
    <p class='ocr_par' dir='ltr' id='par_1_86' title="bbox 2199 2366 3784 2435">
     <span class='ocr_line' id='line_1_88' title="bbox 2199 2366 3784 2435; baseline 0.004 -16"><span class='ocrx_word' id='word_1_701' title='bbox 2199 2376 2467 2421; x_wconf 89' lang='lat' dir='ltr'><strong>amatores</strong></span> <span class='ocrx_word' id='word_1_702' title='bbox 2495 2366 2774 2435; x_wconf 90' lang='lat' dir='ltr'><strong>alliciunt,</strong></span> <span class='ocrx_word' id='word_1_703' title='bbox 2803 2369 2928 2424; x_wconf 91' lang='lat' dir='ltr'><strong>dum</strong></span> <span class='ocrx_word' id='word_1_704' title='bbox 2959 2370 3295 2425; x_wconf 90' lang='lat' dir='ltr'><strong>vehementia</strong></span> <span class='ocrx_word' id='word_1_705' title='bbox 3325 2371 3498 2426; x_wconf 92' lang='lat' dir='ltr'><strong>luctus</strong></span> <span class='ocrx_word' id='word_1_706' title='bbox 3523 2373 3784 2427; x_wconf 89' lang='lat' dir='ltr'><strong>maritalis</strong></span> 
     </span>
    </p>
   </div>
   <div class='ocr_carea' id='block_1_87' title="bbox 2200 2460 3787 2535">
    <p class='ocr_par' dir='ltr' id='par_1_87' title="bbox 2200 2460 3787 2535">
     <span class='ocr_line' id='line_1_89' title="bbox 2200 2460 3787 2535; baseline 0.004 -21"><span class='ocrx_word' id='word_1_707' title='bbox 2200 2462 2398 2515; x_wconf 88' lang='lat' dir='ltr'><strong>amoris</strong></span> <span class='ocrx_word' id='word_1_708' title='bbox 2429 2460 2622 2517; x_wconf 90' lang='lat' dir='ltr'><strong>famam</strong></span> <span class='ocrx_word' id='word_1_709' title='bbox 2665 2464 2765 2518; x_wconf 87' lang='lat' dir='ltr'><strong>sibi</strong></span> <span class='ocrx_word' id='word_1_710' title='bbox 2814 2474 3146 2535; x_wconf 90' lang='lat' dir='ltr'><strong>comparant.</strong></span> <span class='ocrx_word' id='word_1_711' title='bbox 3181 2465 3225 2520; x_wconf 92' lang='grc' dir='ltr'>Ο</span> <span class='ocrx_word' id='word_1_712' title='bbox 3252 2465 3575 2522; x_wconf 88' lang='lat' dir='ltr'><strong>diabolicum</strong></span> <span class='ocrx_word' id='word_1_713' title='bbox 3598 2467 3787 2521; x_wconf 81' lang='lat' dir='ltr'><strong>inven-</strong></span> 
     </span>
    </p>
   </div>
   <div class='ocr_carea' id='block_1_88' title="bbox 2203 2553 3791 2630">
    <p class='ocr_par' dir='ltr' id='par_1_88' title="bbox 2203 2553 3791 2630">
     <span class='ocr_line' id='line_1_90' title="bbox 2203 2553 3791 2630; baseline 0.004 -22"><span class='ocrx_word' id='word_1_714' title='bbox 2203 2556 2354 2609; x_wconf 91' lang='lat' dir='ltr'><strong>tum!</strong></span> <span class='ocrx_word' id='word_1_715' title='bbox 2387 2553 2432 2610; x_wconf 92' lang='grc' dir='ltr'><strong>Ο</strong></span> <span class='ocrx_word' id='word_1_716' title='bbox 2458 2556 2752 2611; x_wconf 90' lang='lat' dir='ltr'><strong>satanicum</strong></span> <span class='ocrx_word' id='word_1_717' title='bbox 2794 2556 3076 2613; x_wconf 86' lang='lat' dir='ltr'><strong>artificium</strong></span> <span class='ocrx_word' id='word_1_718' title='bbox 3102 2560 3114 2613; x_wconf 92' lang='lat'><strong>!</strong></span> <span class='ocrx_word' id='word_1_719' title='bbox 3141 2557 3429 2630; x_wconf 91' lang='lat' dir='ltr'><strong>Usquequo</strong></span> <span class='ocrx_word' id='word_1_720' title='bbox 3464 2569 3604 2615; x_wconf 86' lang='lat' dir='ltr'><strong>terra</strong></span> <span class='ocrx_word' id='word_1_721' title='bbox 3632 2569 3687 2615; x_wconf 87' lang='lat' dir='ltr'><strong>et</strong></span> <span class='ocrx_word' id='word_1_722' title='bbox 3711 2560 3791 2615; x_wconf 89' lang='lat' dir='ltr'><strong>ci-</strong></span> 
     </span>
    </p>
   </div>
   <div class='ocr_carea' id='block_1_89' title="bbox 2205 2650 3790 2725">
    <p class='ocr_par' dir='ltr' id='par_1_89' title="bbox 2205 2650 3790 2725">
     <span class='ocr_line' id='line_1_91' title="bbox 2205 2650 3790 2725; baseline 0.004 -22"><span class='ocrx_word' id='word_1_723' title='bbox 2205 2650 2286 2705; x_wconf 90' lang='lat' dir='ltr'><strong>nis</strong></span> <span class='ocrx_word' id='word_1_724' title='bbox 2312 2690 2328 2715; x_wconf 93' lang='lat'><strong>,</strong></span> <span class='ocrx_word' id='word_1_725' title='bbox 2360 2664 2635 2722; x_wconf 89' lang='lat' dir='ltr'><strong>usquequo</strong></span> <span class='ocrx_word' id='word_1_726' title='bbox 2672 2653 2893 2722; x_wconf 84' lang='lat' dir='ltr'><strong>sanguis</strong></span> <span class='ocrx_word' id='word_1_727' title='bbox 2919 2663 2972 2708; x_wconf 94' lang='lat' dir='ltr'><strong>ct</strong></span> <span class='ocrx_word' id='word_1_728' title='bbox 2997 2668 3123 2709; x_wconf 89' lang='lat' dir='ltr'><strong>caro</strong></span> <span class='ocrx_word' id='word_1_729' title='bbox 3148 2656 3347 2709; x_wconf 91' lang='lat' dir='ltr'><strong>erimus</strong></span> <span class='ocrx_word' id='word_1_730' title='bbox 3370 2655 3394 2706; x_wconf 67' lang='grc' dir='ltr'><em>ἲ</em></span> <span class='ocrx_word' id='word_1_731' title='bbox 3420 2655 3790 2725; x_wconf 83' lang='lat' dir='ltr'><strong>Respiciamus</strong></span> 
     </span>
    </p>
   </div>
   <div class='ocr_carea' id='block_1_90' title="bbox 2204 2743 3791 2817">
    <p class='ocr_par' dir='ltr' id='par_1_90' title="bbox 2204 2743 3791 2817">
     <span class='ocr_line' id='line_1_92' title="bbox 2204 2743 3791 2817; baseline 0.003 -19"><span class='ocrx_word' id='word_1_732' title='bbox 2204 2743 2257 2798; x_wconf 92' lang='lat' dir='ltr'><strong>in</strong></span> <span class='ocrx_word' id='word_1_733' title='bbox 2287 2744 2449 2797; x_wconf 72' lang='lat' dir='ltr'><strong>caelos</strong></span> <span class='ocrx_word' id='word_1_734' title='bbox 2476 2786 2491 2811; x_wconf 94' lang='lat'><strong>,</strong></span> <span class='ocrx_word' id='word_1_735' title='bbox 2542 2745 2839 2814; x_wconf 89' lang='lat' dir='ltr'><strong>spiritualia</strong></span> <span class='ocrx_word' id='word_1_736' title='bbox 2880 2747 3195 2815; x_wconf 85' lang='lat' dir='ltr'><strong>cogitemus.</strong></span> <span class='ocrx_word' id='word_1_737' title='bbox 3243 2746 3523 2812; x_wconf 90' lang='lat' dir='ltr'><strong>Quomodo</strong></span> <span class='ocrx_word' id='word_1_738' title='bbox 3565 2748 3791 2817; x_wconf 89' lang='lat' dir='ltr'><strong>gentiles</strong></span> 
     </span>
    </p>
   </div>
   <div class='ocr_carea' id='block_1_91' title="bbox 2204 2837 3795 2908">
    <p class='ocr_par' dir='ltr' id='par_1_91' title="bbox 2204 2837 3795 2908">
     <span class='ocr_line' id='line_1_93' title="bbox 2204 2837 3795 2908; baseline 0.003 -18"><span class='ocrx_word' id='word_1_739' title='bbox 2204 2851 2488 2907; x_wconf 88' lang='lat' dir='ltr'><strong>arguemus</strong></span> <span class='ocrx_word' id='word_1_740' title='bbox 2516 2838 2540 2891; x_wconf 72' lang='grc' dir='ltr'><strong>’ἶ</strong></span> <span class='ocrx_word' id='word_1_741' title='bbox 2566 2837 2846 2904; x_wconf 90' lang='lat' dir='ltr'><strong>Quomodo</strong></span> <span class='ocrx_word' id='word_1_742' title='bbox 2874 2838 2942 2894; x_wconf 90' lang='lat' dir='ltr'><strong>de</strong></span> <span class='ocrx_word' id='word_1_743' title='bbox 2968 2839 3363 2894; x_wconf 89' lang='lat' dir='ltr'><strong>resurrectione</strong></span> <span class='ocrx_word' id='word_1_744' title='bbox 3398 2855 3518 2893; x_wconf 90' lang='lat' dir='ltr'><strong>cum</strong></span> <span class='ocrx_word' id='word_1_745' title='bbox 3546 2839 3651 2893; x_wconf 92' lang='lat' dir='ltr'><strong>illis</strong></span> <span class='ocrx_word' id='word_1_746' title='bbox 3675 2854 3795 2908; x_wconf 83' lang='lat' dir='ltr'><strong>age-</strong></span> 
     </span>
    </p>
   </div>
   <div class='ocr_carea' id='block_1_92' title="bbox 2207 2931 3796 3001">
    <p class='ocr_par' dir='ltr' id='par_1_92' title="bbox 2207 2931 3796 3001">
     <span class='ocr_line' id='line_1_94' title="bbox 2207 2931 3796 3001; baseline 0.001 -16"><span class='ocrx_word' id='word_1_747' title='bbox 2207 2947 2326 2986; x_wconf 91' lang='lat' dir='ltr'><strong>mus</strong></span> <span class='ocrx_word' id='word_1_748' title='bbox 2351 2973 2367 2998; x_wconf 94' lang='lat'><strong>,</strong></span> <span class='ocrx_word' id='word_1_749' title='bbox 2396 2932 2664 3001; x_wconf 89' lang='lat' dir='ltr'><strong>quomodo</strong></span> <span class='ocrx_word' id='word_1_750' title='bbox 2701 2931 2769 2988; x_wconf 90' lang='lat' dir='ltr'><strong>de</strong></span> <span class='ocrx_word' id='word_1_751' title='bbox 2806 2932 3133 2988; x_wconf 89' lang='lat' dir='ltr'><strong>virtutibus?</strong></span> <span class='ocrx_word' id='word_1_752' title='bbox 3172 2933 3283 3000; x_wconf 88' lang='lat' dir='ltr'><strong>Qua</strong></span> <span class='ocrx_word' id='word_1_753' title='bbox 3323 2936 3613 2990; x_wconf 89' lang='lat' dir='ltr'><strong>securitate</strong></span> <span class='ocrx_word' id='word_1_754' title='bbox 3657 2935 3796 2988; x_wconf 80' lang='lat' dir='ltr'><strong>vive-</strong></span> 
     </span>
    </p>
   </div>
   <div class='ocr_carea' id='block_1_93' title="bbox 2208 3024 3795 3095">
    <p class='ocr_par' dir='ltr' id='par_1_93' title="bbox 2208 3024 3795 3095">
     <span class='ocr_line' id='line_1_95' title="bbox 2208 3024 3795 3095; baseline 0.003 -19"><span class='ocrx_word' id='word_1_755' title='bbox 2208 3024 2381 3077; x_wconf 89' lang='lat' dir='ltr'><strong>mus?</strong></span> <span class='ocrx_word' id='word_1_756' title='bbox 2425 3027 2503 3077; x_wconf 86' lang='lat' dir='ltr'><strong>An</strong></span> <span class='ocrx_word' id='word_1_757' title='bbox 2554 3025 2767 3093; x_wconf 88' lang='lat' dir='ltr'><strong>ignoras</strong></span> <span class='ocrx_word' id='word_1_758' title='bbox 2811 3040 2876 3080; x_wconf 79' lang='lat' dir='ltr'><strong>ex</strong></span> <span class='ocrx_word' id='word_1_759' title='bbox 2904 3040 3137 3081; x_wconf 70' lang='lat' dir='ltr'><strong>mmrore</strong></span> <span class='ocrx_word' id='word_1_760' title='bbox 3188 3030 3471 3095; x_wconf 89' lang='lat' dir='ltr'><strong>provenire</strong></span> <span class='ocrx_word' id='word_1_761' title='bbox 3518 3028 3795 3082; x_wconf 84' lang='lat' dir='ltr'><strong>mortem?</strong></span> 
     </span>
    </p>
   </div>
   <div class='ocr_carea' id='block_1_94' title="bbox 2212 3113 3796 3185">
    <p class='ocr_par' dir='ltr' id='par_1_94' title="bbox 2212 3113 3796 3185">
     <span class='ocr_line' id='line_1_96' title="bbox 2212 3113 3796 3185; baseline 0.003 -17"><span class='ocrx_word' id='word_1_762' title='bbox 2212 3113 2376 3169; x_wconf 90' lang='lat' dir='ltr'><strong>Dolor</strong></span> <span class='ocrx_word' id='word_1_763' title='bbox 2416 3115 2559 3170; x_wconf 90' lang='lat' dir='ltr'><strong>enim</strong></span> <span class='ocrx_word' id='word_1_764' title='bbox 2605 3126 2840 3172; x_wconf 89' lang='lat' dir='ltr'><strong>mentem</strong></span> <span class='ocrx_word' id='word_1_765' title='bbox 2889 3116 3249 3173; x_wconf 89' lang='lat' dir='ltr'><strong>obteuebrans</strong></span> <span class='ocrx_word' id='word_1_766' title='bbox 3278 3160 3293 3185; x_wconf 92' lang='lat'><strong>,</strong></span> <span class='ocrx_word' id='word_1_767' title='bbox 3338 3134 3445 3173; x_wconf 90' lang='lat' dir='ltr'><strong>non</strong></span> <span class='ocrx_word' id='word_1_768' title='bbox 3474 3118 3635 3173; x_wconf 91' lang='lat' dir='ltr'><strong>modo</strong></span> <span class='ocrx_word' id='word_1_769' title='bbox 3662 3118 3796 3172; x_wconf 89' lang='lat' dir='ltr'><strong>nihil</strong></span> 
     </span>
    </p>
   </div>
   <div class='ocr_carea' id='block_1_95' title="bbox 2211 3209 3795 3277">
    <p class='ocr_par' dir='ltr' id='par_1_95' title="bbox 2211 3209 3795 3277">
     <span class='ocr_line' id='line_1_97' title="bbox 2211 3209 3795 3277; baseline 0.004 -18"><span class='ocrx_word' id='word_1_770' title='bbox 2211 3216 2271 3260; x_wconf 93' lang='lat' dir='ltr'><strong>ut</strong></span> <span class='ocrx_word' id='word_1_771' title='bbox 2297 3223 2393 3277; x_wconf 90' lang='lat' dir='ltr'><strong>par</strong></span> <span class='ocrx_word' id='word_1_772' title='bbox 2419 3218 2563 3263; x_wconf 88' lang='lat' dir='ltr'><strong>esset</strong></span> <span class='ocrx_word' id='word_1_773' title='bbox 2600 3209 2783 3265; x_wconf 87' lang='lat' dir='ltr'><strong>videre</strong></span> <span class='ocrx_word' id='word_1_774' title='bbox 2812 3210 2941 3265; x_wconf 90' lang='lat' dir='ltr'><strong>sinit</strong></span> <span class='ocrx_word' id='word_1_775' title='bbox 2964 3252 2977 3275; x_wconf 92' lang='lat'><strong>,</strong></span> <span class='ocrx_word' id='word_1_776' title='bbox 3012 3213 3105 3268; x_wconf 88' lang='lat' dir='ltr'><strong>sed</strong></span> <span class='ocrx_word' id='word_1_777' title='bbox 3152 3213 3374 3267; x_wconf 92' lang='lat' dir='ltr'><strong>multum</strong></span> <span class='ocrx_word' id='word_1_778' title='bbox 3404 3213 3565 3267; x_wconf 91' lang='lat' dir='ltr'><strong>infert</strong></span> <span class='ocrx_word' id='word_1_779' title='bbox 3591 3212 3795 3267; x_wconf 91' lang='lat' dir='ltr'><strong>damni.</strong></span> 
     </span>
    </p>
   </div>
   <div class='ocr_carea' id='block_1_96' title="bbox 2214 3302 3799 3377">
    <p class='ocr_par' dir='ltr' id='par_1_96' title="bbox 2214 3302 3799 3377">
     <span class='ocr_line' id='line_1_98' title="bbox 2214 3302 3799 3377; baseline 0.004 -22"><span class='ocrx_word' id='word_1_780' title='bbox 2214 3302 2308 3358; x_wconf 89' lang='lat' dir='ltr'><strong>lllo</strong></span> <span class='ocrx_word' id='word_1_781' title='bbox 2336 3303 2515 3372; x_wconf 89' lang='lat' dir='ltr'><strong>itaque</strong></span> <span class='ocrx_word' id='word_1_782' title='bbox 2548 3303 2707 3359; x_wconf 89' lang='lat' dir='ltr'><strong>modo</strong></span> <span class='ocrx_word' id='word_1_783' title='bbox 2736 3305 2901 3359; x_wconf 93' lang='lat' dir='ltr'><strong>Deum</strong></span> <span class='ocrx_word' id='word_1_784' title='bbox 2929 3306 3272 3371; x_wconf 82' lang='lat' dir='ltr'><strong>offendimus,</strong></span> <span class='ocrx_word' id='word_1_785' title='bbox 3308 3322 3370 3361; x_wconf 87' lang='lat' dir='ltr'><strong>ac</strong></span> <span class='ocrx_word' id='word_1_786' title='bbox 3399 3322 3571 3377; x_wconf 90' lang='lat' dir='ltr'><strong>neque</strong></span> <span class='ocrx_word' id='word_1_787' title='bbox 3601 3307 3758 3361; x_wconf 90' lang='lat' dir='ltr'><strong>nobis</strong></span> <span class='ocrx_word' id='word_1_788' title='bbox 3781 3347 3799 3372; x_wconf 89' lang='lat'><strong>,</strong></span> 
     </span>
    </p>
   </div>
   <div class='ocr_carea' id='block_1_97' title="bbox 2215 3396 3802 3466">
    <p class='ocr_par' dir='ltr' id='par_1_97' title="bbox 2215 3396 3802 3466">
     <span class='ocr_line' id='line_1_99' title="bbox 2215 3396 3802 3466; baseline 0.004 -17"><span class='ocrx_word' id='word_1_789' title='bbox 2215 3410 2389 3464; x_wconf 90' lang='lat' dir='ltr'><strong>neque</strong></span> <span class='ocrx_word' id='word_1_790' title='bbox 2437 3396 2688 3451; x_wconf 90' lang='lat' dir='ltr'><strong>defuncto</strong></span> <span class='ocrx_word' id='word_1_791' title='bbox 2733 3411 3051 3466; x_wconf 90' lang='lat' dir='ltr'><strong>prosumus:</strong></span> <span class='ocrx_word' id='word_1_792' title='bbox 3082 3399 3180 3453; x_wconf 88' lang='lat' dir='ltr'><strong>hac</strong></span> <span class='ocrx_word' id='word_1_793' title='bbox 3234 3408 3411 3453; x_wconf 87' lang='lat' dir='ltr'><strong>autem</strong></span> <span class='ocrx_word' id='word_1_794' title='bbox 3453 3400 3659 3455; x_wconf 85' lang='lat' dir='ltr'><strong>ratione</strong></span> <span class='ocrx_word' id='word_1_795' title='bbox 3690 3400 3802 3455; x_wconf 86' lang='lat' dir='ltr'><strong>Deo</strong></span> 
     </span>
    </p>
   </div>
   <div class='ocr_carea' id='block_1_98' title="bbox 2216 3487 3801 3557">
    <p class='ocr_par' dir='ltr' id='par_1_98' title="bbox 2216 3487 3801 3557">
     <span class='ocr_line' id='line_1_100' title="bbox 2216 3487 3801 3557; baseline 0.006 -19"><span class='ocrx_word' id='word_1_796' title='bbox 2216 3487 2491 3557; x_wconf 86' lang='lat' dir='ltr'><strong>placemus</strong></span> <span class='ocrx_word' id='word_1_797' title='bbox 2514 3530 2529 3554; x_wconf 91' lang='lat'><strong>,</strong></span> <span class='ocrx_word' id='word_1_798' title='bbox 2563 3498 2617 3544; x_wconf 91' lang='lat' dir='ltr'><strong>et</strong></span> <span class='ocrx_word' id='word_1_799' title='bbox 2658 3489 2726 3544; x_wconf 88' lang='lat' dir='ltr'><strong>ab</strong></span> <span class='ocrx_word' id='word_1_800' title='bbox 2755 3489 3059 3545; x_wconf 90' lang='lat' dir='ltr'><strong>hominibus</strong></span> <span class='ocrx_word' id='word_1_801' title='bbox 3081 3492 3434 3547; x_wconf 89' lang='lat' dir='ltr'><strong>celebramur.</strong></span> <span class='ocrx_word' id='word_1_802' title='bbox 3468 3492 3598 3549; x_wconf 87' lang='lat' dir='ltr'><strong>Nam</strong></span> <span class='ocrx_word' id='word_1_803' title='bbox 3629 3494 3672 3548; x_wconf 90' lang='lat' dir='ltr'><strong>si</strong></span> <span class='ocrx_word' id='word_1_804' title='bbox 3700 3511 3801 3548; x_wconf 87' lang='lat' dir='ltr'><strong>nos</strong></span> 
     </span>
    </p>
   </div>
   <div class='ocr_carea' id='block_1_99' title="bbox 2218 3583 3800 3655">
    <p class='ocr_par' dir='ltr' id='par_1_99' title="bbox 2218 3583 3800 3655">
     <span class='ocr_line' id='line_1_101' title="bbox 2218 3583 3800 3655; baseline 0.002 -18"><span class='ocrx_word' id='word_1_805' title='bbox 2218 3599 2327 3637; x_wconf 90' lang='lat' dir='ltr'><strong>non</strong></span> <span class='ocrx_word' id='word_1_806' title='bbox 2349 3583 2695 3638; x_wconf 68' lang='lat' dir='ltr'><strong>concidamus</strong></span> <span class='ocrx_word' id='word_1_807' title='bbox 2719 3626 2733 3650; x_wconf 91' lang='lat'><strong>,</strong></span> <span class='ocrx_word' id='word_1_808' title='bbox 2760 3586 2868 3639; x_wconf 91' lang='lat' dir='ltr'><strong>cito</strong></span> <span class='ocrx_word' id='word_1_809' title='bbox 2900 3588 3146 3640; x_wconf 73' lang='lat' dir='ltr'><strong>mmroris</strong></span> <span class='ocrx_word' id='word_1_810' title='bbox 3180 3586 3436 3655; x_wconf 88' lang='lat' dir='ltr'><strong>reliquias</strong></span> <span class='ocrx_word' id='word_1_811' title='bbox 3471 3587 3642 3642; x_wconf 90' lang='lat' dir='ltr'><strong>aufert</strong></span> <span class='ocrx_word' id='word_1_812' title='bbox 3671 3604 3686 3643; x_wconf 70' lang='grc' dir='ltr'><strong>ι</strong></span> <span class='ocrx_word' id='word_1_813' title='bbox 3718 3588 3800 3641; x_wconf 88' lang='lat' dir='ltr'><strong>sin</strong></span> 
     </span>
    </p>
   </div>
   <div class='ocr_carea' id='block_1_100' title="bbox 2220 3674 3847 3746">
    <p class='ocr_par' dir='ltr' id='par_1_100' title="bbox 2220 3674 3847 3746">
     <span class='ocr_line' id='line_1_102' title="bbox 2220 3674 3847 3746; baseline 0.002 -17"><span class='ocrx_word' id='word_1_814' title='bbox 2220 3674 2558 3744; x_wconf 85' lang='lat' dir='ltr'><strong>indignemur</strong></span> <span class='ocrx_word' id='word_1_815' title='bbox 2584 3717 2599 3738; x_wconf 88' lang='lat'><strong>,</strong></span> <span class='ocrx_word' id='word_1_816' title='bbox 2646 3691 2743 3731; x_wconf 90' lang='lat' dir='ltr'><strong>nos</strong></span> <span class='ocrx_word' id='word_1_817' title='bbox 2784 3676 2957 3731; x_wconf 89' lang='lat' dir='ltr'><strong>dolori</strong></span> <span class='ocrx_word' id='word_1_818' title='bbox 3008 3678 3158 3746; x_wconf 90' lang='lat' dir='ltr'><strong>quasi</strong></span> <span class='ocrx_word' id='word_1_819' title='bbox 3197 3676 3468 3732; x_wconf 89' lang='lat' dir='ltr'><strong>dedititios</strong></span> <span class='ocrx_word' id='word_1_820' title='bbox 3502 3677 3695 3732; x_wconf 84' lang='lat' dir='ltr'><strong>reddit.</strong></span> <span class='ocrx_word' id='word_1_821' title='bbox 3746 3679 3803 3732; x_wconf 83' lang='lat' dir='ltr'><strong>Si</strong></span> <span class='ocrx_word' id='word_1_822' title='bbox 3846 3706 3847 3709; x_wconf 56' lang='grc' dir='ltr'><strong>η</strong></span> 
     </span>
    </p>
   </div>
   <div class='ocr_carea' id='block_1_101' title="bbox 2221 3768 3802 3841">
    <p class='ocr_par' dir='ltr' id='par_1_101' title="bbox 2221 3768 3802 3841">
     <span class='ocr_line' id='line_1_103' title="bbox 2221 3768 3802 3841; baseline 0.003 -21"><span class='ocrx_word' id='word_1_823' title='bbox 2221 3769 2420 3837; x_wconf 89' lang='lat' dir='ltr'><strong>gratias</strong></span> <span class='ocrx_word' id='word_1_824' title='bbox 2450 3782 2691 3837; x_wconf 86' lang='lat' dir='ltr'><strong>agamus,</strong></span> <span class='ocrx_word' id='word_1_825' title='bbox 2718 3784 2822 3823; x_wconf 93' lang='lat' dir='ltr'><strong>non</strong></span> <span class='ocrx_word' id='word_1_826' title='bbox 2850 3768 3169 3824; x_wconf 84' lang='lat' dir='ltr'><strong>delebimus.</strong></span> <span class='ocrx_word' id='word_1_827' title='bbox 3205 3770 3274 3824; x_wconf 83' lang='lat' dir='ltr'><strong>Et</strong></span> <span class='ocrx_word' id='word_1_828' title='bbox 3297 3770 3565 3841; x_wconf 91' lang='lat' dir='ltr'><strong>quomodo</strong></span> <span class='ocrx_word' id='word_1_829' title='bbox 3592 3780 3767 3839; x_wconf 84' lang='lat' dir='ltr'><strong>potest</strong></span> <span class='ocrx_word' id='word_1_830' title='bbox 3788 3813 3802 3834; x_wconf 86' lang='lat'><strong><em>.</em></strong></span> 
     </span>
    </p>
   </div>
   <div class='ocr_carea' id='block_1_102' title="bbox 2224 3859 3809 3929">
    <p class='ocr_par' dir='ltr' id='par_1_102' title="bbox 2224 3859 3809 3929">
     <span class='ocr_line' id='line_1_104' title="bbox 2224 3859 3809 3929; baseline 0 -16"><span class='ocrx_word' id='word_1_831' title='bbox 2224 3860 2451 3929; x_wconf 90' lang='lat' dir='ltr'><strong>inquies,</strong></span> <span class='ocrx_word' id='word_1_832' title='bbox 2482 3875 2586 3913; x_wconf 91' lang='lat' dir='ltr'><strong>non</strong></span> <span class='ocrx_word' id='word_1_833' title='bbox 2610 3860 2791 3928; x_wconf 86' lang='lat' dir='ltr'><strong>lugere</strong></span> <span class='ocrx_word' id='word_1_834' title='bbox 2814 3900 2829 3925; x_wconf 91' lang='lat'><strong>,</strong></span> <span class='ocrx_word' id='word_1_835' title='bbox 2856 3861 2944 3929; x_wconf 94' lang='lat' dir='ltr'><strong>qui</strong></span> <span class='ocrx_word' id='word_1_836' title='bbox 2990 3859 3176 3924; x_wconf 91' lang='lat' dir='ltr'><strong>ﬁlium,</strong></span> <span class='ocrx_word' id='word_1_837' title='bbox 3205 3869 3297 3915; x_wconf 89' lang='lat' dir='ltr'><strong>aut</strong></span> <span class='ocrx_word' id='word_1_838' title='bbox 3331 3859 3489 3914; x_wconf 89' lang='lat' dir='ltr'><strong>ﬁliam</strong></span> <span class='ocrx_word' id='word_1_839' title='bbox 3515 3902 3531 3928; x_wconf 92' lang='lat'><strong>,</strong></span> <span class='ocrx_word' id='word_1_840' title='bbox 3553 3871 3645 3914; x_wconf 90' lang='lat' dir='ltr'><strong>aut</strong></span> <span class='ocrx_word' id='word_1_841' title='bbox 3673 3877 3809 3915; x_wconf 84' lang='lat' dir='ltr'><strong>uxo-</strong></span> 
     </span>
    </p>
   </div>
   <div class='ocr_carea' id='block_1_103' title="bbox 2224 3952 3809 4021">
    <p class='ocr_par' dir='ltr' id='par_1_103' title="bbox 2224 3952 3809 4021">
     <span class='ocr_line' id='line_1_105' title="bbox 2224 3952 3809 4021; baseline -0.001 -14"><span class='ocrx_word' id='word_1_842' title='bbox 2224 3968 2338 4007; x_wconf 88' lang='lat' dir='ltr'><strong>rem</strong></span> <span class='ocrx_word' id='word_1_843' title='bbox 2369 3952 2591 4007; x_wconf 90' lang='lat' dir='ltr'><strong>amisit?</strong></span> <span class='ocrx_word' id='word_1_844' title='bbox 2617 3952 2732 4006; x_wconf 90' lang='lat' dir='ltr'><strong>Non</strong></span> <span class='ocrx_word' id='word_1_845' title='bbox 2770 3952 2893 4008; x_wconf 90' lang='lat' dir='ltr'><strong>dico</strong></span> <span class='ocrx_word' id='word_1_846' title='bbox 2936 3968 3040 4007; x_wconf 91' lang='lat' dir='ltr'><strong>non</strong></span> <span class='ocrx_word' id='word_1_847' title='bbox 3070 3952 3375 4021; x_wconf 88' lang='lat' dir='ltr'><strong>lugendum,</strong></span> <span class='ocrx_word' id='word_1_848' title='bbox 3407 3952 3499 4007; x_wconf 90' lang='lat' dir='ltr'><strong>sed</strong></span> <span class='ocrx_word' id='word_1_849' title='bbox 3543 3968 3646 4006; x_wconf 92' lang='lat' dir='ltr'><strong>non</strong></span> <span class='ocrx_word' id='word_1_850' title='bbox 3690 3953 3809 4005; x_wconf 83' lang='lat' dir='ltr'><strong>sine</strong></span> 
     </span>
    </p>
   </div>
   <div class='ocr_carea' id='block_1_104' title="bbox 2226 4046 3795 4117">
    <p class='ocr_par' dir='ltr' id='par_1_104' title="bbox 2226 4046 3795 4117">
     <span class='ocr_line' id='line_1_106' title="bbox 2226 4046 3795 4117; baseline -0.003 -15"><span class='ocrx_word' id='word_1_851' title='bbox 2226 4047 2387 4102; x_wconf 89' lang='lat' dir='ltr'><strong>modo</strong></span> <span class='ocrx_word' id='word_1_852' title='bbox 2417 4047 2705 4117; x_wconf 88' lang='lat' dir='ltr'><strong>lugendum</strong></span> <span class='ocrx_word' id='word_1_853' title='bbox 2735 4062 2876 4102; x_wconf 87' lang='lat' dir='ltr'><strong>esse.</strong></span> <span class='ocrx_word' id='word_1_854' title='bbox 2905 4046 2959 4101; x_wconf 93' lang='lat' dir='ltr'><strong>Si</strong></span> <span class='ocrx_word' id='word_1_855' title='bbox 2992 4048 3132 4101; x_wconf 91' lang='lat' dir='ltr'><strong>enim</strong></span> <span class='ocrx_word' id='word_1_856' title='bbox 3163 4048 3459 4116; x_wconf 87' lang='lat' dir='ltr'><strong>cogitemus</strong></span> <span class='ocrx_word' id='word_1_857' title='bbox 3488 4046 3654 4100; x_wconf 89' lang='lat' dir='ltr'><strong>Deum</strong></span> <span class='ocrx_word' id='word_1_858' title='bbox 3681 4046 3795 4098; x_wconf 87' lang='lat' dir='ltr'><strong>abs-</strong></span> 
     </span>
    </p>
   </div>
   <div class='ocr_carea' id='block_1_105' title="bbox 2227 4138 3805 4212">
    <p class='ocr_par' dir='ltr' id='par_1_105' title="bbox 2227 4138 3805 4212">
     <span class='ocr_line' id='line_1_107' title="bbox 2227 4138 3805 4212; baseline -0.004 -15"><span class='ocrx_word' id='word_1_859' title='bbox 2227 4143 2410 4197; x_wconf 90' lang='lat' dir='ltr'><strong>tulisse</strong></span> <span class='ocrx_word' id='word_1_860' title='bbox 2431 4183 2446 4205; x_wconf 91' lang='lat'><strong>,</strong></span> <span class='ocrx_word' id='word_1_861' title='bbox 2475 4157 2678 4212; x_wconf 91' lang='lat' dir='ltr'><strong>nosque</strong></span> <span class='ocrx_word' id='word_1_862' title='bbox 2709 4157 2803 4197; x_wconf 93' lang='lat' dir='ltr'><strong>seu</strong></span> <span class='ocrx_word' id='word_1_863' title='bbox 2827 4140 2998 4196; x_wconf 88' lang='lat' dir='ltr'><strong>virum</strong></span> <span class='ocrx_word' id='word_1_864' title='bbox 3032 4157 3126 4195; x_wconf 90' lang='lat' dir='ltr'><strong>seu</strong></span> <span class='ocrx_word' id='word_1_865' title='bbox 3170 4141 3334 4195; x_wconf 91' lang='lat' dir='ltr'><strong>ﬁlium</strong></span> <span class='ocrx_word' id='word_1_866' title='bbox 3384 4140 3661 4195; x_wconf 88' lang='lat' dir='ltr'><strong>mortalem</strong></span> <span class='ocrx_word' id='word_1_867' title='bbox 3718 4138 3805 4192; x_wconf 81' lang='lat' dir='ltr'><strong>ha-</strong></span> 
     </span>
    </p>
   </div>
   <div class='ocr_carea' id='block_1_106' title="bbox 2228 4233 3812 4303">
    <p class='ocr_par' dir='ltr' id='par_1_106' title="bbox 2228 4233 3812 4303">
     <span class='ocr_line' id='line_1_108' title="bbox 2228 4233 3812 4303; baseline -0.003 -13"><span class='ocrx_word' id='word_1_868' title='bbox 2228 4235 2377 4299; x_wconf 82' lang='lat' dir='ltr'><strong>bere,</strong></span> <span class='ocrx_word' id='word_1_869' title='bbox 2406 4235 2513 4289; x_wconf 92' lang='lat' dir='ltr'><strong>cito</strong></span> <span class='ocrx_word' id='word_1_870' title='bbox 2552 4235 2970 4289; x_wconf 86' lang='lat' dir='ltr'><strong>consolationem</strong></span> <span class='ocrx_word' id='word_1_871' title='bbox 2988 4234 3350 4289; x_wconf 88' lang='lat' dir='ltr'><strong>admittemus.</strong></span> <span class='ocrx_word' id='word_1_872' title='bbox 3376 4233 3641 4303; x_wconf 87' lang='lat' dir='ltr'><strong>lndignari</strong></span> <span class='ocrx_word' id='word_1_873' title='bbox 3670 4248 3812 4286; x_wconf 85' lang='lat' dir='ltr'><strong>nam-</strong></span> 
     </span>
    </p>
   </div>
   <div class='ocr_carea' id='block_1_107' title="bbox 2228 4327 3815 4400">
    <p class='ocr_par' dir='ltr' id='par_1_107' title="bbox 2228 4327 3815 4400">
     <span class='ocr_line' id='line_1_109' title="bbox 2228 4327 3815 4400; baseline 0.003 -20"><span class='ocrx_word' id='word_1_874' title='bbox 2228 4344 2333 4399; x_wconf 91' lang='lat' dir='ltr'><strong>que</strong></span> <span class='ocrx_word' id='word_1_875' title='bbox 2363 4340 2447 4382; x_wconf 92' lang='lat' dir='ltr'><strong>est</strong></span> <span class='ocrx_word' id='word_1_876' title='bbox 2471 4343 2655 4382; x_wconf 92' lang='lat' dir='ltr'><strong>eorum</strong></span> <span class='ocrx_word' id='word_1_877' title='bbox 2685 4329 2772 4398; x_wconf 93' lang='lat' dir='ltr'><strong>qui</strong></span> <span class='ocrx_word' id='word_1_878' title='bbox 2800 4329 2973 4396; x_wconf 87' lang='lat' dir='ltr'><strong>majus</strong></span> <span class='ocrx_word' id='word_1_879' title='bbox 3001 4328 3270 4398; x_wconf 90' lang='lat' dir='ltr'><strong>quidpiam</strong></span> <span class='ocrx_word' id='word_1_880' title='bbox 3299 4327 3581 4400; x_wconf 89' lang='lat' dir='ltr'><strong>requirunt</strong></span> <span class='ocrx_word' id='word_1_881' title='bbox 3603 4371 3619 4395; x_wconf 94' lang='lat'><strong>,</strong></span> <span class='ocrx_word' id='word_1_882' title='bbox 3652 4346 3815 4399; x_wconf 91' lang='lat' dir='ltr'><strong>quam</strong></span> 
     </span>
    </p>
   </div>
   <div class='ocr_carea' id='block_1_108' title="bbox 2232 4419 3816 4488">
    <p class='ocr_par' dir='ltr' id='par_1_108' title="bbox 2232 4419 3816 4488">
     <span class='ocr_line' id='line_1_110' title="bbox 2232 4419 3816 4488; baseline 0.003 -14"><span class='ocrx_word' id='word_1_883' title='bbox 2232 4428 2419 4474; x_wconf 86' lang='lat' dir='ltr'><strong>natura</strong></span> <span class='ocrx_word' id='word_1_884' title='bbox 2446 4419 2601 4475; x_wconf 87' lang='lat' dir='ltr'><strong>ferat.</strong></span> <span class='ocrx_word' id='word_1_885' title='bbox 2638 4420 2808 4475; x_wconf 88' lang='lat' dir='ltr'><strong>Homo</strong></span> <span class='ocrx_word' id='word_1_886' title='bbox 2838 4430 2892 4475; x_wconf 91' lang='lat' dir='ltr'><strong>et</strong></span> <span class='ocrx_word' id='word_1_887' title='bbox 2931 4421 3171 4476; x_wconf 88' lang='lat' dir='ltr'><strong>mortalis</strong></span> <span class='ocrx_word' id='word_1_888' title='bbox 3216 4432 3372 4477; x_wconf 90' lang='lat' dir='ltr'><strong>natus</strong></span> <span class='ocrx_word' id='word_1_889' title='bbox 3395 4438 3454 4477; x_wconf 93' lang='lat' dir='ltr'><strong>es</strong></span> <span class='ocrx_word' id='word_1_890' title='bbox 3478 4464 3494 4488; x_wconf 91' lang='lat'><strong>,</strong></span> <span class='ocrx_word' id='word_1_891' title='bbox 3528 4438 3638 4477; x_wconf 65' lang='lat' dir='ltr'><strong>.cur</strong></span> <span class='ocrx_word' id='word_1_892' title='bbox 3664 4423 3816 4478; x_wconf 81' lang='lat' dir='ltr'><strong>doles</strong></span> 
     </span>
    </p>
   </div>
   <div class='ocr_carea' id='block_1_109' title="bbox 2230 4511 3815 4585">
    <p class='ocr_par' dir='ltr' id='par_1_109' title="bbox 2230 4511 3815 4585">
     <span class='ocr_line' id='line_1_111' title="bbox 2230 4511 3815 4585; baseline 0.002 -19"><span class='ocrx_word' id='word_1_893' title='bbox 2230 4512 2371 4583; x_wconf 88' lang='lat' dir='ltr'><strong>quod</strong></span> <span class='ocrx_word' id='word_1_894' title='bbox 2395 4511 2687 4567; x_wconf 87' lang='lat' dir='ltr'><strong>secundum</strong></span> <span class='ocrx_word' id='word_1_895' title='bbox 2730 4522 2971 4567; x_wconf 90' lang='lat' dir='ltr'><strong>naturam</strong></span> <span class='ocrx_word' id='word_1_896' title='bbox 3014 4513 3337 4582; x_wconf 83' lang='lat' dir='ltr'><strong>contigerit?</strong></span> <span class='ocrx_word' id='word_1_897' title='bbox 3374 4514 3460 4568; x_wconf 85' lang='lat' dir='ltr'><strong>An</strong></span> <span class='ocrx_word' id='word_1_898' title='bbox 3479 4512 3631 4570; x_wconf 85' lang='lat' dir='ltr'><strong>doles</strong></span> <span class='ocrx_word' id='word_1_899' title='bbox 3669 4515 3815 4585; x_wconf 87' lang='lat' dir='ltr'><strong>quod</strong></span> 
     </span>
    </p>
   </div>
   <div class='ocr_carea' id='block_1_110' title="bbox 2234 4605 3818 4677">
    <p class='ocr_par' dir='ltr' id='par_1_110' title="bbox 2234 4605 3818 4677">
     <span class='ocr_line' id='line_1_112' title="bbox 2234 4605 3818 4677; baseline 0.001 -16"><span class='ocrx_word' id='word_1_900' title='bbox 2234 4606 2484 4661; x_wconf 82' lang='lat' dir='ltr'><strong>comedas</strong></span> <span class='ocrx_word' id='word_1_901' title='bbox 2504 4605 2571 4659; x_wconf 91' lang='lat' dir='ltr'><strong>ad</strong></span> <span class='ocrx_word' id='word_1_902' title='bbox 2598 4607 2759 4660; x_wconf 90' lang='lat' dir='ltr'><strong>vitam</strong></span> <span class='ocrx_word' id='word_1_903' title='bbox 2788 4605 3149 4660; x_wconf 84' lang='lat' dir='ltr'><strong>servandam?</strong></span> <span class='ocrx_word' id='word_1_904' title='bbox 3171 4606 3308 4661; x_wconf 90' lang='lat' dir='ltr'><strong>Num</strong></span> <span class='ocrx_word' id='word_1_905' title='bbox 3331 4608 3528 4677; x_wconf 65' lang='lat' dir='ltr'><strong>quaeris</strong></span> <span class='ocrx_word' id='word_1_906' title='bbox 3553 4608 3670 4663; x_wconf 87' lang='lat' dir='ltr'><strong>sine</strong></span> <span class='ocrx_word' id='word_1_907' title='bbox 3691 4608 3818 4663; x_wconf 91' lang='lat' dir='ltr'><strong>cibo</strong></span> 
     </span>
    </p>
   </div>
   <div class='ocr_carea' id='block_1_111' title="bbox 2233 4697 3819 4768">
    <p class='ocr_par' dir='ltr' id='par_1_111' title="bbox 2233 4697 3819 4768">
     <span class='ocr_line' id='line_1_113' title="bbox 2233 4697 3819 4768; baseline 0 -15"><span class='ocrx_word' id='word_1_908' title='bbox 2233 4700 2416 4753; x_wconf 87' lang='lat' dir='ltr'><strong>vivere</strong></span> <span class='ocrx_word' id='word_1_909' title='bbox 2436 4698 2460 4752; x_wconf 84' lang='lat'><strong>?</strong></span> <span class='ocrx_word' id='word_1_910' title='bbox 2484 4697 2573 4752; x_wconf 91' lang='lat' dir='ltr'><strong>Sic</strong></span> <span class='ocrx_word' id='word_1_911' title='bbox 2596 4698 2737 4752; x_wconf 91' lang='lat' dir='ltr'><strong>circa</strong></span> <span class='ocrx_word' id='word_1_912' title='bbox 2769 4707 2998 4753; x_wconf 91' lang='lat' dir='ltr'><strong>mortem</strong></span> <span class='ocrx_word' id='word_1_913' title='bbox 3022 4697 3182 4752; x_wconf 90' lang='lat' dir='ltr'><strong>facito</strong></span> <span class='ocrx_word' id='word_1_914' title='bbox 3200 4738 3216 4763; x_wconf 92' lang='lat'><strong>,</strong></span> <span class='ocrx_word' id='word_1_915' title='bbox 3242 4713 3342 4753; x_wconf 92' lang='lat' dir='ltr'><strong>nec</strong></span> <span class='ocrx_word' id='word_1_916' title='bbox 3367 4712 3577 4768; x_wconf 74' lang='lat' dir='ltr'><strong>quzeras</strong></span> <span class='ocrx_word' id='word_1_917' title='bbox 3606 4698 3819 4753; x_wconf 76' lang='lat' dir='ltr'><strong>immor-</strong></span> 
     </span>
    </p>
   </div>
   <div class='ocr_carea' id='block_1_112' title="bbox 2238 4790 3817 4851">
    <p class='ocr_par' dir='ltr' id='par_1_112' title="bbox 2238 4790 3817 4851">
     <span class='ocr_line' id='line_1_114' title="bbox 2238 4790 3817 4851; baseline 0 -6"><span class='ocrx_word' id='word_1_918' title='bbox 2238 4793 2515 4851; x_wconf 87' lang='lat' dir='ltr'><strong>talitatem.</strong></span> <span class='ocrx_word' id='word_1_919' title='bbox 2545 4791 2785 4846; x_wconf 88' lang='lat' dir='ltr'><strong>mortalis</strong></span> <span class='ocrx_word' id='word_1_920' title='bbox 2812 4806 2931 4845; x_wconf 90' lang='lat' dir='ltr'><strong>cum</strong></span> <span class='ocrx_word' id='word_1_921' title='bbox 2958 4792 3053 4845; x_wconf 90' lang='lat' dir='ltr'><strong>sis.</strong></span> <span class='ocrx_word' id='word_1_922' title='bbox 3083 4790 3197 4846; x_wconf 85' lang='lat' dir='ltr'><strong>Hoc</strong></span> <span class='ocrx_word' id='word_1_923' title='bbox 3220 4792 3387 4846; x_wconf 89' lang='lat' dir='ltr'><strong>semel</strong></span> <span class='ocrx_word' id='word_1_924' title='bbox 3414 4790 3689 4846; x_wconf 87' lang='lat' dir='ltr'><strong>deﬁnitum</strong></span> <span class='ocrx_word' id='word_1_925' title='bbox 3712 4802 3817 4847; x_wconf 91' lang='lat' dir='ltr'><strong>est.</strong></span> 
     </span>
    </p>
   </div>
   <div class='ocr_carea' id='block_1_113' title="bbox 2237 4885 3820 4957">
    <p class='ocr_par' dir='ltr' id='par_1_113' title="bbox 2237 4885 3820 4957">
     <span class='ocr_line' id='line_1_115' title="bbox 2237 4885 3820 4957; baseline 0.001 -16"><span class='ocrx_word' id='word_1_926' title='bbox 2237 4885 2313 4941; x_wconf 87' lang='lat' dir='ltr'><strong>Ne</strong></span> <span class='ocrx_word' id='word_1_927' title='bbox 2340 4886 2521 4941; x_wconf 88' lang='lat' dir='ltr'><strong>doleas</strong></span> <span class='ocrx_word' id='word_1_928' title='bbox 2552 4928 2565 4949; x_wconf 90' lang='lat'><strong>,</strong></span> <span class='ocrx_word' id='word_1_929' title='bbox 2600 4902 2666 4940; x_wconf 92' lang='lat' dir='ltr'><strong>ne</strong></span> <span class='ocrx_word' id='word_1_930' title='bbox 2711 4896 2765 4940; x_wconf 90' lang='lat' dir='ltr'><strong>te</strong></span> <span class='ocrx_word' id='word_1_931' title='bbox 2804 4901 3050 4940; x_wconf 90' lang='lat' dir='ltr'><strong>maceres</strong></span> <span class='ocrx_word' id='word_1_932' title='bbox 3079 4927 3093 4950; x_wconf 94' lang='lat'><strong>,</strong></span> <span class='ocrx_word' id='word_1_933' title='bbox 3122 4886 3215 4941; x_wconf 90' lang='lat' dir='ltr'><strong>sed</strong></span> <span class='ocrx_word' id='word_1_934' title='bbox 3240 4886 3317 4940; x_wconf 90' lang='lat' dir='ltr'><strong>fer</strong></span> <span class='ocrx_word' id='word_1_935' title='bbox 3339 4901 3401 4941; x_wconf 87' lang='lat' dir='ltr'><strong>ea</strong></span> <span class='ocrx_word' id='word_1_936' title='bbox 3432 4902 3550 4957; x_wconf 66' lang='lat' dir='ltr'><strong>qua:</strong></span> <span class='ocrx_word' id='word_1_937' title='bbox 3571 4887 3820 4942; x_wconf 92' lang='lat' dir='ltr'><strong>omnibus</strong></span> 
     </span>
    </p>
   </div>
   <div class='ocr_carea' id='block_1_114' title="bbox 2238 4978 3822 5049">
    <p class='ocr_par' dir='ltr' id='par_1_114' title="bbox 2238 4978 3822 5049">
     <span class='ocr_line' id='line_1_116' title="bbox 2238 4978 3822 5049; baseline -0.001 -15"><span class='ocrx_word' id='word_1_938' title='bbox 2238 4987 2437 5034; x_wconf 89' lang='lat' dir='ltr'><strong>statuta</strong></span> <span class='ocrx_word' id='word_1_939' title='bbox 2471 4988 2614 5033; x_wconf 90' lang='lat' dir='ltr'><strong>sunt.</strong></span> <span class='ocrx_word' id='word_1_940' title='bbox 2649 4978 2775 5032; x_wconf 90' lang='lat' dir='ltr'><strong>Dole</strong></span> <span class='ocrx_word' id='word_1_941' title='bbox 2818 4979 2885 5032; x_wconf 90' lang='lat' dir='ltr'><strong>de</strong></span> <span class='ocrx_word' id='word_1_942' title='bbox 2938 4978 3187 5046; x_wconf 87' lang='lat' dir='ltr'><strong>peccatis.</strong></span> <span class='ocrx_word' id='word_1_943' title='bbox 3236 4978 3332 5033; x_wconf 92' lang='lat' dir='ltr'><strong>llic</strong></span> <span class='ocrx_word' id='word_1_944' title='bbox 3370 4978 3606 5049; x_wconf 89' lang='lat' dir='ltr'><strong>optimus</strong></span> <span class='ocrx_word' id='word_1_945' title='bbox 3648 4979 3822 5033; x_wconf 90' lang='lat' dir='ltr'><strong>luctus</strong></span> 
     </span>
    </p>
   </div>
   <div class='ocr_carea' id='block_1_115' title="bbox 2238 5070 3822 5141">
    <p class='ocr_par' dir='ltr' id='par_1_115' title="bbox 2238 5070 3822 5141">
     <span class='ocr_line' id='line_1_117' title="bbox 2238 5070 3822 5141; baseline -0.001 -16"><span class='ocrx_word' id='word_1_946' title='bbox 2238 5080 2361 5135; x_wconf 90' lang='lat' dir='ltr'><strong>est,</strong></span> <span class='ocrx_word' id='word_1_947' title='bbox 2394 5070 2510 5125; x_wconf 81' lang='lat' dir='ltr'><strong>haec</strong></span> <span class='ocrx_word' id='word_1_948' title='bbox 2560 5072 2790 5124; x_wconf 84' lang='lat' dir='ltr'><strong>maxima</strong></span> <span class='ocrx_word' id='word_1_949' title='bbox 2838 5070 3192 5140; x_wconf 85' lang='lat' dir='ltr'><strong>philosophia.</strong></span> <span class='ocrx_word' id='word_1_950' title='bbox 3224 5070 3351 5126; x_wconf 68' lang='lat' dir='ltr'><strong>llmc</strong></span> <span class='ocrx_word' id='word_1_951' title='bbox 3390 5084 3519 5140; x_wconf 89' lang='lat' dir='ltr'><strong>ergo</strong></span> <span class='ocrx_word' id='word_1_952' title='bbox 3562 5079 3822 5141; x_wconf 91' lang='lat' dir='ltr'><strong>perpetuo</strong></span> 
     </span>
    </p>
   </div>
   <div class='ocr_carea' id='block_1_116' title="bbox 2238 5163 3823 5234">
    <p class='ocr_par' dir='ltr' id='par_1_116' title="bbox 2238 5163 3823 5234">
     <span class='ocr_line' id='line_1_118' title="bbox 2238 5163 3823 5234; baseline -0.001 -16"><span class='ocrx_word' id='word_1_953' title='bbox 2238 5163 2528 5218; x_wconf 89' lang='lat' dir='ltr'><strong>deﬂeamus</strong></span> <span class='ocrx_word' id='word_1_954' title='bbox 2553 5203 2566 5226; x_wconf 86' lang='lat'><strong>,</strong></span> <span class='ocrx_word' id='word_1_955' title='bbox 2598 5173 2654 5217; x_wconf 95' lang='lat' dir='ltr'><strong>ut</strong></span> <span class='ocrx_word' id='word_1_956' title='bbox 2682 5163 2790 5218; x_wconf 91' lang='lat' dir='ltr'><strong>illic</strong></span> <span class='ocrx_word' id='word_1_957' title='bbox 2818 5163 3069 5234; x_wconf 89' lang='lat' dir='ltr'><strong>gaudium</strong></span> <span class='ocrx_word' id='word_1_958' title='bbox 3111 5178 3501 5233; x_wconf 89' lang='lat' dir='ltr'><strong>consequamur</strong></span> <span class='ocrx_word' id='word_1_959' title='bbox 3527 5203 3542 5229; x_wconf 96' lang='lat'><strong>,</strong></span> <span class='ocrx_word' id='word_1_960' title='bbox 3570 5163 3736 5233; x_wconf 84' lang='lat' dir='ltr'><strong>gratia</strong></span> <span class='ocrx_word' id='word_1_961' title='bbox 3768 5172 3823 5217; x_wconf 89' lang='lat' dir='ltr'><strong>ct</strong></span> 
     </span>
    </p>
   </div>
   <div class='ocr_carea' id='block_1_117' title="bbox 2240 5254 3822 5329">
    <p class='ocr_par' dir='ltr' id='par_1_117' title="bbox 2240 5254 3822 5329">
     <span class='ocr_line' id='line_1_119' title="bbox 2240 5254 3822 5329; baseline 0 -18"><span class='ocrx_word' id='word_1_962' title='bbox 2240 5257 2566 5326; x_wconf 80' lang='lat' dir='ltr'><strong>benignitate</strong></span> <span class='ocrx_word' id='word_1_963' title='bbox 2594 5257 2803 5312; x_wconf 91' lang='lat' dir='ltr'><strong>Domini</strong></span> <span class='ocrx_word' id='word_1_964' title='bbox 2832 5258 2999 5313; x_wconf 90' lang='lat' dir='ltr'><strong>nostri</strong></span> <span class='ocrx_word' id='word_1_965' title='bbox 3035 5256 3164 5314; x_wconf 88' lang='lat' dir='ltr'><strong>Jesu</strong></span> <span class='ocrx_word' id='word_1_966' title='bbox 3192 5254 3427 5325; x_wconf 87' lang='lat' dir='ltr'><strong>Christi,</strong></span> <span class='ocrx_word' id='word_1_967' title='bbox 3452 5256 3537 5313; x_wconf 92' lang='lat' dir='ltr'><strong>cui</strong></span> <span class='ocrx_word' id='word_1_968' title='bbox 3576 5255 3741 5329; x_wconf 83' lang='lat' dir='ltr'><strong>gloria</strong></span> <span class='ocrx_word' id='word_1_969' title='bbox 3764 5255 3822 5311; x_wconf 86' lang='lat' dir='ltr'><strong>in</strong></span> 
     </span>
    </p>
   </div>
   <div class='ocr_carea' id='block_1_118' title="bbox 2239 5352 3023 5408">
    <p class='ocr_par' dir='ltr' id='par_1_118' title="bbox 2239 5352 3023 5408">
     <span class='ocr_line' id='line_1_120' title="bbox 2239 5352 3023 5408; baseline -0.003 -1"><span class='ocrx_word' id='word_1_970' title='bbox 2239 5352 2436 5408; x_wconf 70' lang='lat' dir='ltr'><strong>smcula</strong></span> <span class='ocrx_word' id='word_1_971' title='bbox 2466 5352 2801 5408; x_wconf 69' lang='lat' dir='ltr'><strong>saeculorum.</strong></span> <span class='ocrx_word' id='word_1_972' title='bbox 2831 5352 3023 5407; x_wconf 85' lang='lat' dir='ltr'><strong>Amen.</strong></span> 
     </span>
    </p>
   </div>
  </div>
