2050 3181
685 158 720 187 IN
738 156 892 186 JOANNEM
913 156 1027 184 IIOMIL.
1048 155 1139 184 LXIII.
1160 157 1194 184 al.
1217 156 1294 185 LXII.

1757 161 1810 190 350

827 247 1001 279 HOMILIA
1021 246 1134 276 LXIII.

172 340 236 368 Car.
252 340 296 367 Il.
310 348 336 366 v.
351 339 395 366 50.
425 337 548 365 Nondum
565 341 650 364 autem
669 339 770 363 venerat
783 333 859 361 Iesus
878 333 905 359 in
919 339 965 359 ca-

209 386 322 419 stellum,
342 385 385 412 sed
401 385 487 411 eratin
504 383 568 416 loco,
586 383 629 409 ubi
639 381 747 409 occurrit
761 381 784 408 ei
798 378 961 407 Martha.5|.

207 432 295 459 ludwi
307 437 391 458 autem
401 452 408 463 ,
422 431 465 465 qui
475 435 546 457 erant
560 438 615 456 cum
630 429 692 462 illa,
708 431 760 456 etc.

209 479 235 505 1.
251 478 404 504 Diuitiarum
416 480 573 511 contemptus
591 476 666 502 etiant
675 475 703 501 in
717 477 764 500 hac
779 473 831 500 vita
845 471 963 498 utilis.—

175 525 296 560 Magnnm
324 524 422 554 bonum
437 527 477 550 est
501 518 896 557 philosophiazphilosOphiam
920 517 962 544 di-

175 578 206 597 co
221 575 338 597 nostram
349 590 357 603 ,
373 577 426 596 non
449 573 598 596 externam.
613 566 728 595 Gentilis
746 565 818 594 enim
838 564 961 600 philoso-

173 614 232 650 phia
256 614 336 641 verba
350 619 377 641 et
396 613 493 640 fabulae
513 617 595 640 sunt:
620 612 768 647 fabulaeque
781 610 833 638 illa:
848 609 913 637 nihil
926 608 961 636 ad

173 659 366 695 philosophiam
377 661 520 695 pertinent.
533 658 627 686 Omnia
638 658 737 693 quippe
749 656 818 691 apud
831 656 891 683 illos
904 655 960 690 glo-

171 706 218 733 ria:
236 713 315 733 causa
331 706 405 732 llunt.
424 705 546 740 Magnum
564 706 652 739 itaque
671 704 769 731 bonum
794 700 960 737 philosophia

171 756 210 778 est
224 771 231 781 .
248 758 307 785 quae
329 751 404 777 nobis
423 750 465 778 vel
481 751 507 777 in
530 750 579 777 hac
594 750 645 776 vita
661 749 745 776 vicem
765 755 840 775 suam
862 747 959 775 reddit.

170 796 236 823 Nam
247 797 290 831 qui
302 796 407 823 divitias
417 796 577 827 contemnit,
592 795 646 831 jam
659 795 703 822 hic
716 795 855 821 utilitatem
867 794 959 820 decer-

172 843 218 877 pit,
230 842 371 876 superliuis
381 842 569 877 inutilibusque
579 842 652 869 curis
664 848 772 868 vacuus.
785 840 835 874 Qui
845 840 957 875 gloriam

170 889 270 920 calcat,
285 888 341 923 jam
357 888 400 916 hic
422 888 573 915 mercedem
589 895 665 915 suam
686 886 800 922 recipit,
815 893 875 913 cum
897 886 957 912 nul-

170 935 219 961 lius
234 935 269 962 sit
282 943 373 962 servus
383 955 390 968 ,
409 935 455 962 sed
470 942 532 962 vera
546 934 666 962 libertate
681 934 757 961 liber.
773 933 825 967 Qui
839 932 957 961 cmlestia

171 980 316 1014 desiderat,
329 981 372 1008 hic
382 982 519 1015 praemium
530 981 635 1016 accipit,
649 988 709 1008 cum
718 979 859 1016 praesentia
869 979 957 1006 omnia

170 1026 234 1053 nihil
248 1034 308 1053 esse
321 1027 472 1059 existimet,
488 1031 515 1054 et
529 1027 650 1054 dolorem
665 1033 771 1053 omnem
786 1025 862 1052 facile
875 1031 957 1058 supe-

170 1076 219 1099 ret.
236 1072 275 1099 En
292 1073 370 1108 igitur
395 1073 533 1101 mulierem
561 1072 810 1107 philosophantem,
833 1078 892 1106 qua:
914 1069 957 1097 hic

171 1118 317 1145 mercedem
339 1126 413 1145 suam
438 1118 551 1153 accepit.
569 1117 635 1145 Cum
650 1118 720 1145 enim
736 1116 835 1152 lugenti
848 1120 875 1143 et
887 1123 956 1142 ma:-

169 1163 236 1190 reuti
258 1170 352 1190 omnes
374 1163 539 1196 assiderent,
563 1171 615 1190 nou
638 1162 802 1198 exspectavit
815 1161 849 1188 ad
863 1168 893 1188 se
911 1167 957 1188 ve-

169 1209 284 1236 nientem
298 1209 449 1244 Magistrum
460 1230 468 1243 ,
488 1217 573 1244 neque
587 1209 742 1244 dignitatem
758 1208 877 1236 servavit
887 1228 895 1240 ,
909 1214 956 1235 ne-

167 1263 219 1290 que
234 1256 304 1282 luctu
318 1255 424 1282 detenta
446 1255 505 1283 fuit.
524 1255 591 1283 Nam
607 1259 704 1290 praeter
717 1255 785 1281 hanc
799 1254 953 1286 miseriam,

168 1308 227 1334 quae
242 1300 349 1335 lugent,
364 1301 415 1328 hoc
434 1301 527 1328 morbo
543 1301 665 1328 laborant
678 1300 748 1334 Quod
762 1300 845 1327 velint
857 1306 872 1326 a
887 1307 955 1334 pra:-

168 1345 288 1372 sentibus
302 1345 327 1373 in
352 1346 452 1373 honore
473 1346 574 1373 haberi.
597 1346 680 1373 Secus
693 1345 755 1378 illa,
771 1345 860 1373 statim
876 1349 956 1379 atque

167 1391 283 1425 audivit,
300 1392 353 1419 cito
365 1393 437 1419 venit
451 1393 484 1419 ad
498 1393 582 1419 illuxit.
598 1392 676 1419 Iesus
694 1397 782 1419 autem
796 1391 913 1418 nondum
929 1391 956 1418 in

167 1437 253 1463 vicum
267 1437 421 1464 advunerat.
436 1438 522 1465 Lento
535 1438 606 1465 enim
619 1437 705 1473 gradu
716 1437 858 1469 veniebat,
874 1445 908 1464 ne
921 1436 954 1464 ad

168 1482 271 1516 signum
293 1482 424 1509 edendum
447 1490 589 1511 accurrere
608 1483 761 1516 videretur,
777 1482 825 1510 sed
848 1486 955 1517 rogatus

168 1529 268 1556 venire.
286 1529 332 1557 Vel
346 1530 396 1557 hoc
408 1530 575 1558 subindicare
588 1530 644 1557 vult
657 1530 821 1565 evangelista
835 1536 894 1557 cum
905 1529 953 1561 ait,

167 1575 221 1602 cito
240 1576 388 1603 surrexisse
406 1577 498 1609 illam;
513 1577 553 1604 vel
569 1577 687 1604 declarat
701 1576 737 1604 ita
751 1576 910 1609 accurrisse,
927 1579 956 1603 ut

169 1621 315 1648 adventum
336 1623 395 1655 ejus
416 1627 599 1657 prmverteret.
615 1622 694 1650 Venit
707 1628 795 1649 autem
811 1629 863 1649 non
877 1621 932 1648 sola
946 1641 954 1654 ,

167 1666 214 1692 sed
225 1673 285 1693 cum
295 1665 395 1693 Iudaeis
407 1668 452 1702 qui
466 1667 538 1694 domi
551 1672 635 1695 erant.
652 1668 685 1695 Et
700 1674 825 1702 perquam
841 1666 955 1702 pruden—

169 1715 209 1737 ter
219 1710 242 1737 ei
255 1718 331 1737 soror
341 1711 409 1738 clam
423 1712 539 1746 Magistri
555 1713 699 1740 adventum
725 1712 901 1748 significavit,
921 1720 955 1740 ne

167 1760 266 1782 coetum
281 1757 419 1784 turbaret:
435 1765 521 1792 neque
532 1759 656 1793 surgendi
670 1766 775 1786 causam
787 1759 852 1786 dixit
865 1768 871 1785 :
887 1759 955 1786 alio-

167 1802 230 1835 quin
254 1802 328 1829 multi
351 1804 534 1831 recessissent.
557 1804 631 1831 Nunc
655 1809 743 1831 autem
766 1805 836 1832 illam
860 1813 954 1832 utnnes

167 1847 242 1880 quasi
256 1847 288 1874 ad
304 1847 402 1874 luctum
429 1849 640 1883 proficiscentem
656 1855 802 1885 sequuntur
817 1860 823 1877 :
843 1855 870 1877 et
885 1850 954 1877 forte

168 1891 231 1918 hinc
243 1892 322 1919 etiam
333 1898 467 1920 mortuum
481 1895 562 1922 fuisse
571 1895 702 1922 Lazarum
713 1896 894 1924 conﬁrmatur.
907 1896 953 1924 52.

167 1937 202 1963 Et
216 1937 324 1972 procidit
336 1938 370 1964 ad
380 1938 455 1973 pedes
467 1940 532 1974 ejus.
547 1940 704 1968 Ferventior
716 1941 774 1969 lucc
784 1947 842 1969 erat
851 1962 858 1974 ,
874 1950 953 1977 quant

167 1990 244 2010 soror
254 1984 321 2018 ejus.
333 1984 390 2011 Non
403 1985 507 2012 turbam
519 1986 632 2013 reverita
643 1991 695 2019 est,
710 1995 762 2014 non
773 1988 953 2023 suspicionem

167 2037 246 2063 quam
258 2032 327 2057 circa
338 2030 411 2058 illum
423 2031 556 2059 habebant
570 2032 660 2068 (Multi
671 2033 743 2061 enim
757 2034 806 2068 ipsi
816 2038 892 2062 erant
902 2035 954 2062 ini-

168 2075 229 2102 mici
240 2075 284 2109 qui
299 2075 441 2103 dicebant:
457 2076 519 2104 Non
529 2083 626 2113 poterat
637 2078 688 2112 hic,
706 2080 750 2114 qui
759 2081 857 2115 aperuit
868 2081 954 2107 oculos

167 2120 227 2146 cwci
242 2120 304 2153 nati,
321 2122 402 2156 facere
413 2127 440 2148 ut
450 2122 491 2148 hic
504 2130 554 2149 non
570 2129 708 2151 moreretur
719 2124 814 2161 (loun.
824 2127 868 2153 Η.
880 2126 913 2153 57
925 2126 955 2161 )9

167 2164 218 2191 Sed
242 2171 371 2198 pnesente
392 2166 516 2201 Magistro
541 2167 683 2196 humanam
702 2178 808 2197 omnem
824 2171 954 2199 rationem

168 2211 271 2244 expulit
281 2231 287 2241 .
304 2220 438 2246 umnnque
450 2214 559 2241 curabat
571 2215 687 2250 Magistri
699 2216 837 2244 honorem.
850 2217 883 2245 Et
892 2219 954 2253 quid

167 2256 252 2283 dicit?
265 2258 376 2284 Domine
385 2279 392 2290 ,
406 2259 428 2284 si
447 2259 537 2293 fuisses
550 2260 604 2292 hic,
626 2263 707 2297 frater
719 2271 788 2289 meus
803 2271 854 2290 non
868 2265 955 2299 fuisset

169 2308 284 2329 mortuus
293 2303 374 2339 (Ibid.
387 2312 410 2330 υ.
425 2305 483 2340 21).
493 2306 559 2340 Quid
569 2315 632 2335 vero
640 2307 761 2336 Christus
770 2310 780 2336 I
791 2309 859 2338 Nihil
870 2311 957 2339 adlmc

168 2355 228 2374 cum
245 2348 287 2374 illa
305 2349 431 2383 lnquitur,
448 2359 533 2386 neque
547 2352 611 2379 dixit
625 2353 718 2380 eadem
741 2362 800 2388 quae
813 2356 898 2382 sorori
913 2356 955 2382 di—

168 2398 244 2419 xerat
264 2394 361 2428 (turba
375 2396 472 2431 quippe
492 2398 573 2424 multa
598 2398 706 2430 aderat,
723 2406 750 2427 et
765 2407 816 2427 non
829 2406 887 2428 erat
900 2401 957 2429 hmc

172 2439 297 2473 loquendi
312 2443 452 2476 tempus);
469 2443 514 2469 sed
530 2451 558 2470 se
570 2450 728 2480 attemperat
738 2454 769 2473 ac
781 2447 899 2480 dimittit,
914 2453 955 2474 at-

170 2491 222 2518 que
236 2485 377 2513 humanam
389 2487 439 2514 sibi
455 2494 574 2515 naturam
588 2497 647 2517 esse
661 2491 811 2525 declarans,
829 2493 958 2528 tantisper

171 2528 342 2564 lacrymalur,
355 2537 381 2559 et
394 2533 497 2567 signum
509 2534 598 2561 didert
609 2535 724 2563 interim.
738 2537 805 2570 Quia
817 2539 887 2565 enim
901 2547 958 2566 ma-

170 2582 251 2609 gnum
266 2581 324 2603 erat
338 2578 512 2611 miraculum,
528 2584 556 2606 et
578 2581 656 2615 quale
679 2589 739 2609 raro
759 2583 874 2617 fecerat,
890 2585 958 2612 mul-

171 2622 245 2655 tique
258 2629 307 2655 per
321 2622 383 2649 illud
398 2624 524 2652 credituri
539 2631 615 2652 erant
630 2627 638 2642 ¹
651 2647 659 2659 ,
676 2635 709 2655 ne
722 2628 744 2654 si
760 2629 835 2656 turba
849 2630 958 2658 absente

172 2665 270 2693 factum
284 2672 371 2700 esset,
387 2676 440 2695 non
462 2670 634 2704 crederetur,
649 2672 767 2707 nihilque
782 2674 834 2701 illis
848 2675 959 2709 prodes-

172 2716 230 2743 set,
245 2712 341 2739 multos
363 2714 472 2741 attrahit
493 2720 574 2743 testes
584 2737 592 2748 ,
605 2717 632 2744 in
647 2718 699 2746 hoc
713 2719 765 2746 illis
777 2727 807 2747 se
828 2726 959 2757 attempe-

172 2764 253 2788 rans,
269 2765 303 2784 ne
317 2759 433 2793 prtedam
454 2761 599 2789 amitteret.
615 2762 762 2791 Humanam
777 2770 865 2792 autem
881 2767 958 2794 exhi-

173 2801 220 2829 bet
242 2808 387 2831 naturam:
405 2804 565 2840 lacrymatur
587 2808 658 2835 enim
680 2814 707 2836 et
729 2810 862 2839 turbatur.
884 2812 958 2840 Solet

207 2870 218 2886 ⁸
235 2871 282 2897 Alii
292 2872 391 2901 habent,
403 2880 515 2905 "mgnum
524 2879 592 2900 erant
606 2875 699 2903 lucrum
709 2879 868 2905 consecuturi.

328 2922 463 2954 Psrnoc.
486 2925 544 2956 Gtt.
566 2927 649 2958 LIX.

1017 334 1115 362 quippe
1127 326 1226 355 luctum
1242 327 1373 356 humanus
1384 328 1495 358 allectus
1509 337 1642 362 excitare.
1656 334 1758 363 Deinde
1769 337 1809 364 af-

1017 372 1116 400 fectum
1126 374 1273 410 corripiens
1284 375 1367 410 (illud
1380 378 1450 404 enim
1479 376 1617 412 Infremuit
1627 381 1719 416 spiritu
1730 402 1738 413 ,
1756 383 1806 410 hoc

1016 418 1186 453 signiﬁcat),
1202 420 1379 448 turbationem
1393 422 1527 457 cohibuit,
1542 429 1570 452 et
1584 425 1622 453 sic
1635 426 1782 463 interrogat
1796 438 1802 455 :

1016 464 1061 491 5L
1075 464 1124 492 Ubi
1134 466 1252 500 posuistis
1262 467 1338 493 eum?
1351 475 1384 495 ne
1396 468 1484 496 llettdo
1495 470 1681 507 interrogaret.
1693 472 1747 500 Cur
1757 482 1808 501 au-

1017 514 1071 536 tem
1084 509 1249 545 interrogat?
1258 511 1333 544 Quod
1345 513 1427 540 nollet
1437 521 1498 542 sese
1508 516 1626 550 proferre
1635 538 1643 551 ,
1655 518 1702 545 sed
1715 520 1804 547 omnia

1014 559 1123 588 cuperet
1137 555 1171 582 ab
1184 555 1237 582 illis
1249 556 1369 584 ediscere
1388 564 1514 593 rogatus;
1531 561 1567 588 ita
1582 567 1610 589 ut
1625 563 1698 590 omni
1713 566 1804 599 suspi-

1017 600 1095 627 cione
1109 600 1219 627 liberum
1227 600 1298 630 foret
1307 601 1423 637 signum.
1440 604 1536 633 Dicunt
1548 606 1604 639 illi,
1625 607 1686 635 Veni
1702 614 1725 636 et
1737 610 1803 637 uide.

1014 646 1057 674 55.
1069 646 1237 682 Lacrymutus
1248 653 1284 675 est
1294 648 1382 676 Iesus.
1396 650 1488 679 Viden‘
1501 652 1587 687 ipsum
1600 654 1702 681 nullum
1716 656 1803 684 adhuc

1016 693 1219 721 resurrectionis
1238 694 1343 729 signum
1358 696 1484 731 dedisse,
1500 703 1580 734 atque
1601 701 1728 729 accedere
1748 710 1802 730 non

1014 742 1040 764 ut
1063 738 1253 767 suscitaturum
1263 759 1272 773 ,
1287 741 1335 768 sed
1348 746 1377 768 ut
1396 742 1624 779 lacrymaturum?
1638 746 1664 773 id
1678 747 1748 782 quod
1762 748 1802 775 si-

1011 783 1139 817 gniﬁcant
1162 783 1265 817 Judai,
1288 786 1334 820 qui
1356 786 1503 816 dicebant:
1531 789 1575 817 56.
1598 790 1664 818 Ecce
1676 792 1801 825 quomodo

1015 829 1115 856 amabat
1125 838 1194 857 eum.
1206 830 1315 863 Quidum
1333 838 1415 860 autem
1424 841 1455 860 ea:
1467 834 1519 862 illis
1536 836 1652 864 dicebant
1663 845 1672 864 :
1685 838 1729 865 37.
1739 838 1801 866 Non

1013 879 1112 908 poterat
1125 876 1176 909 hic,
1186 877 1228 912 qui
1235 878 1335 912 aperuit
1344 880 1429 907 oculos
1438 881 1498 907 eieci
1506 902 1515 914 ,
1530 883 1613 917 facere
1622 888 1649 910 ut
1662 889 1686 910 et
1700 878 1740 911 hic
1749 893 1800 913 non

1009 921 1167 948 moreretur?
1181 921 1219 949 Ne
1230 922 1257 949 in
1266 924 1462 953 calamitatibus
1476 927 1585 961 quidem
1598 929 1740 964 nequitiam
1754 938 1800 958 re-

1010 971 1171 1000 presserunt.
1195 968 1277 1003 Atqui
1297 969 1416 998 facturus
1429 976 1470 999 est
1482 980 1538 1000 rem
1558 973 1636 1009 longe
1650 975 1798 1004 mirabilio-

1009 1018 1077 1037 rem.
1092 1011 1158 1039 Nam
1173 1013 1251 1048 longe
1264 1015 1410 1044 mirabilius
1424 1022 1465 1045 est
1477 1023 1538 1052 post
1550 1025 1662 1047 mortem
1673 1021 1705 1048 ad
1718 1022 1797 1050 vitam

1009 1062 1145 1089 revocare,
1159 1065 1238 1092 quam
1253 1059 1395 1088 instantem
1409 1067 1521 1091 mortem
1533 1064 1678 1100 depellere.
1693 1067 1732 1095 Ex
1741 1076 1796 1104 quo

1008 1108 1072 1136 ergo
1081 1102 1138 1137 ejus
1151 1103 1276 1132 virtutem
1291 1106 1382 1134 mirari
1396 1115 1444 1142 par
1455 1114 1514 1137 erat
1523 1130 1530 1141 ,
1546 1110 1618 1138 illum
1633 1102 1796 1142 calumnian-

1009 1150 1069 1179 tur;
1081 1147 1244 1176 conﬁtentur
1256 1154 1344 1178 tamen
1357 1151 1442 1186 ipsum
1454 1154 1547 1182 oculos
1559 1156 1624 1183 caeci
1638 1159 1775 1191 aperuisse
1787 1168 1794 1186 :

1009 1197 1036 1218 et
1049 1199 1109 1219 cum
1122 1194 1285 1228 oportuisset
1297 1195 1358 1223 ideo
1370 1197 1479 1232 mirari,
1495 1199 1535 1227 illi
1545 1205 1638 1229 contra
1652 1203 1797 1231 criminan-

1009 1240 1052 1263 tur
1062 1258 1071 1270 ,
1084 1238 1154 1273 quod
1174 1238 1225 1267 hoc
1243 1240 1324 1268 etiam
1338 1249 1390 1270 non
1405 1242 1508 1272 fecerit.
1522 1245 1614 1281 Neque
1629 1247 1692 1275 inde
1708 1249 1795 1277 solum

1009 1283 1136 1316 probatur
1150 1284 1209 1312 illos
1225 1293 1352 1320 perverso
1364 1288 1445 1316 fuisse
1458 1290 1568 1324 animo;
1584 1292 1634 1320 sed
1646 1294 1717 1327 quod
1732 1301 1793 1322 cum

1009 1327 1125 1355 nondum
1139 1329 1292 1358 advenisset
1303 1351 1310 1363 ,
1325 1339 1375 1359 nec
1389 1333 1523 1368 quidpiam
1539 1337 1724 1372 praestitisset,
1740 1340 1795 1366 cri-

1009 1373 1197 1402 minationibus
1225 1382 1401 1411 pratvertant,
1417 1386 1470 1406 non
1496 1386 1652 1415 exspectato
1671 1383 1711 1411 rei
1732 1384 1796 1413 line.

1009 1417 1100 1446 Viden'
1113 1428 1191 1453 quam
1204 1427 1329 1456 corrupto
1343 1429 1434 1451 essent
1445 1425 1564 1459 judicio?

1042 1464 1069 1490 2.
1082 1463 1252 1500 Euangelista:
1264 1469 1376 1495 huntana
1385 1469 1417 1496 de
1427 1470 1526 1498 Christo
1536 1474 1658 1501 scribunt.
1670 1489 1707 1495 -—
1716 1474 1797 1504 Venit

1006 1516 1071 1544 ergo
1084 1511 1117 1537 ad
1139 1519 1339 1540 manumentum
1350 1534 1358 1547 ,
1373 1520 1400 1542 et
1422 1524 1516 1544 rursus
1527 1517 1651 1546 affectum
1673 1521 1794 1556 corripit.

1007 1553 1061 1581 Cur
1070 1555 1103 1583 de
1112 1557 1240 1585 industria
1254 1558 1399 1587 identidem
1409 1561 1474 1589 dicit
1483 1565 1647 1599 evangelista
1659 1553 1793 1603 lacrynia-

1008 1604 1062 1628 tum
1076 1601 1151 1629 illum
1165 1611 1234 1636 esse,
1249 1609 1277 1632 et
1290 1605 1476 1635 intremuisse?
1496 1608 1529 1636 Ut
1542 1610 1629 1638 discas
1641 1601 1792 1642 illumrvere

1008 1652 1098 1674 natura
1111 1654 1202 1675 nostra
1218 1649 1337 1677 indutum
1354 1651 1446 1680 fuisse.
1460 1653 1525 1687 Quia
1536 1656 1607 1683 enim
1619 1658 1693 1692 plura
1705 1659 1739 1686 de
1748 1667 1793 1687 se-

1007 1692 1065 1726 ipso
1075 1714 1083 1727 ,
1098 1695 1250 1730 maioraque
1264 1704 1343 1731 quam
1366 1699 1452 1733 quivis
1466 1700 1532 1728 alius
1557 1703 1642 1737 palam
1669 1704 1793 1739 dixerat,

1008 1745 1112 1765 rursum
1127 1740 1153 1766 in
1175 1742 1311 1775 corporeis
1330 1742 1470 1772 humiliora
1491 1745 1566 1774 dicit.
1580 1747 1650 1775 Nihil
1662 1749 1696 1777 de
1711 1751 1795 1786 ipsius

1001 1789 1103 1822 .morte,
1113 1790 1141 1811 ut
1150 1786 1244 1819 reliqui
1254 1789 1432 1823 evangelista,
1444 1796 1533 1818 narrat
1541 1791 1597 1825 hic;
1607 1795 1677 1828 quod
1693 1796 1775 1824 tristis
1785 1818 1793 1830 ,

1006 1828 1077 1863 quod
1090 1830 1115 1856 in
1129 1831 1222 1864 agonia
1234 1838 1306 1859 esset
1324 1832 1429 1869 (Matth.
1446 1834 1491 1863 26.
1506 1837 1550 1864 58.
1571 1837 1654 1866 Marc.
1669 1840 1714 1868 ﬂ.
1729 1828 1793 1876 3L);

1006 1874 1053 1901 sed
1065 1880 1156 1901 contra
1169 1877 1240 1910 quod
1253 1879 1364 1912 supinos
1380 1883 1553 1913 prostraverit
1574 1883 1584 1914 (
1596 1883 1674 1912 Joan.
1689 1887 1734 1914 is.
1749 1874 1793 1922 ϐ’).

1006 1919 1081 1951 Quod
1094 1920 1148 1947 illic
1158 1922 1296 1954 omissum,
1318 1924 1361 1951 hic
1379 1927 1522 1960 supplevit,
1544 1928 1607 1956 dum
1621 1930 1720 1959 luctum
1736 1919 1795 1968 ejus

1008 1972 1148 1993 memorat.
1171 1966 1238 1995 Nam
1264 1969 1297 1996 de
1318 1975 1404 1997 morte
1423 1971 1558 2001 disserens
1575 1975 1680 2003 dicebat
1693 1985 1700 2003 :
1715 1966 1796 2005 Pote-

1007 2016 1097 2037 stutem
1107 2012 1184 2039 habeo
1202 2015 1311 2047 ponendi
1325 2016 1438 2043 animum
1450 2026 1532 2045 nteant
1553 2019 1647 2056 (Joan.
1663 2023 1708 2050 I0.
1721 2024 1771 2060 IS)
1787 2034 1794 2052 :

1008 2061 1035 2083 et
1048 2058 1113 2085 nillil
1125 2058 1258 2093 abiectum
1274 2061 1308 2088 ibi
1325 2062 1451 2097 loquitur.
1468 2064 1533 2092 Ideo
1544 2072 1634 2094 autem
1648 2069 1675 2095 in
1690 2058 1794 2104 passi-o-

1007 2110 1043 2130 ne
1065 2104 1147 2131 multa
1162 2105 1200 2132 illi
1219 2106 1333 2135 humana
1347 2109 1519 2145 adscribunt,
1535 2112 1598 2141 hinc
1620 2117 1796 2150 comproban-

1009 2153 1049 2175 tes
1072 2157 1162 2177 veram
1186 2150 1394 2181 incarnationem
1409 2163 1479 2183 esse.
1505 2157 1646 2187 Matthaeus
1671 2161 1705 2188 ab
1728 2169 1796 2197 ago-

1009 2194 1051 2221 nia
1062 2216 1069 2228 ,
1084 2203 1099 2222 a
1126 2199 1323 2230 perturbatione
1333 2220 1341 2230 ,
1353 2208 1368 2227 a
1390 2202 1487 2230 sudore
1501 2203 1582 2237 (Luc.
1600 2205 1646 2233 22.
1662 2207 1706 2234 45.
1722 2194 1774 2245 ιὶ)
1787 2218 1795 2242 ;

1009 2240 1053 2267 hic
1064 2249 1079 2267 a
1093 2241 1163 2269 luctu
1178 2243 1203 2270 id
1216 2244 1319 2272 suadet.
1334 2245 1362 2273 Si
1375 2247 1446 2274 enim
1459 2255 1557 2277 nostrae
1571 2259 1623 2278 non
1638 2252 1732 2281 fuisset
1749 2240 1797 2282 n'a;

1010 2290 1094 2320 tut-te,
1108 2295 1160 2315 non
1175 2296 1190 2315 a
1203 2289 1277 2317 luctu
1290 2293 1372 2319 semel
1383 2297 1411 2320 et
1423 2293 1518 2322 iterum
1538 2302 1679 2332 correptus
1689 2299 1795 2328 fuisset.

1010 2332 1077 2365 Quid
1090 2340 1153 2361 vero
1164 2333 1259 2362 Iesus?
1270 2337 1290 2363 A
1306 2338 1464 2366 criminibus
1473 2347 1527 2367 non
1538 2349 1568 2368 se
1578 2342 1716 2372 defendit:
1729 2346 1793 2380 quid

1010 2378 1080 2406 enim
1092 2387 1159 2414 opus
1168 2385 1224 2407 erat
1234 2383 1322 2410 verbis
1332 2383 1469 2413 confutare
1478 2393 1524 2413 eos
1534 2387 1580 2421 qui
1591 2396 1653 2416 mox
1665 2378 1790 2424 operibus

1010 2429 1086 2452 eratut
1107 2426 1283 2455 confutandii
1296 2429 1324 2456 ld
1339 2430 1409 2465 quod
1423 2432 1510 2459 minus
1525 2434 1664 2462 molestum
1679 2441 1753 2470 erat,
1769 2443 1796 2466 et

1011 2471 1094 2504 magis
1109 2477 1210 2505 poterat
1222 2473 1281 2501 illos
1295 2475 1463 2508 pudefacere.
1477 2477 1523 2505 59.
1537 2479 1578 2504 Ait
1588 2487 1671 2507 autem
1681 2489 1691 2507 :
1704 2481 1796 2510 Tollite

1012 2516 1130 2550 lapidem.
1140 2517 1192 2544 Cur
1198 2527 1250 2545 non
1258 2519 1356 2547 absens
1365 2523 1468 2549 vocavit
1475 2527 1502 2550 et
1509 2526 1721 2560 surgercjussit?
1730 2528 1794 2562 lmo,

1012 2569 1060 2588 cur
1073 2571 1126 2589 non
1149 2564 1235 2591 adhuc
1256 2567 1425 2601 superposito
1448 2569 1534 2604 lapide
1559 2572 1715 2599 suscitavit?
1729 2573 1795 2602 Nam

1013 2608 1055 2641 qui
1067 2613 1169 2641 poterat
1180 2617 1275 2644 corpus
1286 2619 1418 2640 mortuum
1429 2622 1494 2642 voce
1503 2623 1611 2645 movere
1617 2622 1644 2645 el.
1651 2619 1795 2646 animatum

1013 2654 1172 2686 ostendere,
1187 2656 1271 2683 multo
1292 2659 1375 2692 magis
1396 2667 1462 2687 voce
1486 2659 1598 2695 lapidem
1619 2664 1795 2694 removisset:

1013 2699 1058 2732 qui
1085 2699 1201 2726 vinctum
1217 2701 1302 2729 fasciis
1313 2723 1320 2735 ,
1334 2708 1361 2730 et
1373 2704 1527 2739 impeditum
1537 2726 1545 2739 ,
1560 2714 1624 2733 voce
1636 2712 1664 2734 ut
1677 2709 1795 2736 ambula-

1014 2748 1055 2771 ret
1067 2744 1172 2779 effecit,
1188 2746 1267 2781 longe
1280 2748 1381 2776 facilius
1396 2750 1510 2784 lapidem
1523 2752 1682 2780 removisset
1698 2754 1795 2789 (Joan.

1015 2790 1060 2816 tl.
1073 2791 1116 2818 ιδ.
1132 2791 1192 2828 tu).
1206 2792 1273 2827 Quid
1287 2794 1368 2822 dico?
1380 2796 1466 2824 Etiam
1476 2798 1573 2825 absens
1583 2798 1634 2826 hoc
1648 2799 1736 2839 facere
1748 2808 1795 2835 po-

1016 2836 1075 2862 tuit.
1090 2836 1144 2864 Cur
1166 2845 1230 2873 ergo
1252 2846 1304 2867 non
1329 2840 1409 2868 fecit?
1423 2842 1458 2870 Ut
1480 2843 1551 2878 ipsos
1571 2836 1700 2873 miraculi
1713 2847 1796 2878 testes

1014 2880 1126 2918 faceret,
1142 2891 1176 2912 ne
1189 2884 1436 2919 idipsumrdicerent
1449 2890 1519 2924 quod
1529 2890 1599 2918 circa
1614 2898 1715 2919 eccum
1728 2901 1734 2918 :
1750 2891 1796 2919 ut:

1592 2936 1634 2966 22
