4100 6362
525 347 623 404 351
1328 334 1385 391 S.
1423 331 1699 389 JOANNIS
1732 324 2208 385 CllRYSOSTOMI
2249 323 2563 380 ARCHIEP.
2592 321 3123 383 CONSTANTINOP.

532 477 605 521 est
625 506 640 526 ,
685 480 792 519 non
823 471 905 517 est
935 460 1042 515 hic.
1082 456 1217 528 ipsa:
1245 468 1479 521 namque
1507 464 1695 506 manus
1715 490 1730 515 ,
1758 457 1811 501 et
1839 445 1979 517 quod
2005 460 2101 499 ve-

534 556 702 609 nisset
727 552 794 607 ad
832 550 1131 620 sepulcrum
1153 587 1169 612 ,
1202 542 1508 599 testimonio
1557 548 1714 595 erant
1742 537 1987 592 eumdem
2018 535 2100 601 ip-

533 659 651 699 sum
674 658 793 698 esse
807 640 862 712 (.l
870 656 986 693 oan.
1004 638 1056 692 9.
1074 638 1129 692 8.
1152 634 1237 705 9).
1263 634 1442 702 Quare
1462 632 1633 685 sinon
1656 643 1722 684 eo
1743 626 2104 689 advenissent,

534 733 769 804 putaturi
794 737 949 786 erant
971 737 1062 783 aut
1086 727 1399 796 phantasma
1430 736 1553 777 esse
1574 761 1588 785 ,
1620 729 1711 773 aut
1735 718 1893 771 alium
1922 723 2105 769 etnon

535 829 683 883 illum
725 840 847 880 esse
870 838 1029 893 quem
1068 820 1337 875 videbant.
1364 816 1514 871 Nunc
1555 823 1733 868 autem
1775 826 1894 866 cum
1922 809 1986 863 ad
2017 822 2101 862 se-

535 918 775 986 pulcrum
818 913 1097 977 venerint,
1124 907 1352 978 lapidem
1383 904 1738 965 removerint,
1766 901 2009 969 jussique
2036 896 2103 950 li-

530 1018 709 1077 gatum
737 1021 770 1059 a
794 1002 1021 1059 vinculis
1061 1000 1351 1063 solverint,
1383 1005 1437 1050 et
1460 994 1616 1048 amici
1644 992 1732 1062 qui
1761 1006 1827 1046 ex
1856 989 2106 1058 sepulcro

536 1096 856 1161 retulerant,
883 1107 949 1147 ex
979 1090 1167 1161 pannis
1198 1089 1343 1142 illum
1374 1084 1704 1156 agnoverint,
1735 1080 1873 1151 quod
1897 1094 2110 1136 sorores

539 1204 641 1240 non
696 1182 1087 1247 abscesserint,
1135 1179 1276 1248 quod
1322 1178 1485 1231 altera
1515 1174 1743 1238 dixerit,
1772 1171 1893 1224 1am
1933 1174 2107 1241 faetet,

534 1276 899 1347 quatriduanus
924 1273 1056 1328 enim
1085 1280 1192 1334 est;
1230 1271 1338 1334 jam
1370 1266 1485 1320 hazc
1512 1264 1691 1319 omnia
1720 1261 1928 1317 abunde
1956 1270 2108 1329 pote-

536 1376 656 1420 rant
678 1363 950 1435 improbos
976 1362 1074 1431 ipsi
1099 1357 1336 1413 miraculi
1362 1366 1522 1411 testes
1542 1354 1812 1409 cohibere.
1838 1352 1959 1408 Ideo
1981 1366 2111 1422 prte-

533 1457 660 1525 cipit
682 1456 787 1509 illis
817 1463 873 1508 ut
893 1450 1123 1521 lapidem
1148 1464 1179 1504 a
1203 1449 1451 1517 sepulcro
1476 1452 1802 1506 amoverent,
1824 1440 2112 1498 ostendens

536 1563 595 1602 se
618 1548 787 1618 ipsum
806 1543 1102 1599 suscitare:
1136 1539 1255 1595 ideo
1272 1540 1430 1593 etiam
1456 1537 1779 1604 interrogat,
1814 1532 1911 1588 Ubi
1940 1533 2111 1601 posui-

541 1638 630 1690 stis
659 1634 818 1689 eum!
844 1643 901 1687 ut
926 1632 1017 1702 qui
1043 1629 1317 1691 dixerant,
1358 1626 1480 1681 Veni
1505 1636 1552 1679 et
1575 1624 1685 1678 vide
1704 1665 1718 1687 ,
1746 1634 1800 1679 et
1824 1623 1912 1692 qui
1941 1622 2111 1676 duxe-

535 1738 656 1781 rant
675 1726 842 1790 illum,
862 1724 1041 1779 dicere
1060 1736 1168 1775 non
1193 1720 1398 1789 possint
1413 1718 1570 1772 alium
1588 1715 1749 1770 fuisse
1765 1714 2073 1768 suscitatnm
2097 1730 2111 1767 :

540 1827 596 1871 ut
623 1827 676 1871 et
703 1831 804 1869 vox
834 1823 888 1869 et
916 1826 1105 1867 manus
1135 1809 1546 1865 testificarentur
1576 1804 1711 1879 (vox
1739 1803 1987 1870 dicendo,
2016 1801 2115 1856 Ve-

536 1910 588 1962 ni
610 1917 655 1961 et
682 1908 829 1971 vide;
857 1919 1044 1960 manus
1067 1903 1295 1973 lapidem
1321 1899 1553 1954 tollendo
1572 1937 1589 1965 ,
1614 1908 1667 1953 et
1689 1898 1879 1952 fascias
1900 1896 2112 1951 solven-

536 1999 671 2072 do);
701 2000 845 2053 visus
873 2011 1084 2068 quoque
1112 2003 1166 2049 et
1206 1993 1415 2047 auditus
1454 1992 1577 2064 (hic
1600 2006 1785 2045 vocem
1811 1987 2073 2043 audiendo
2095 2028 2111 2054 ,

538 2090 627 2144 ille
660 2098 941 2144 exeuntem
976 2084 1283 2156 videndo);
1316 2082 1544 2137 olfactus
1571 2096 1783 2153 quoque
1811 2080 1993 2144 testis,
2026 2080 2114 2149 qui

538 2180 764 2235 odorem
814 2178 1056 2248 excepit;
1107 2175 1227 2229 Jam
1274 2177 1446 2247 finiet,
1497 2173 1699 2243 inquit;
1750 2172 2116 2243 quatriduanus

540 2274 672 2327 cnim
710 2282 801 2326 est.
836 2271 965 2325 Jure
991 2284 1118 2339 ergo
1145 2267 1291 2330 dixi,
1323 2282 1425 2321 non
1475 2265 1803 2321 intellexisse
1834 2263 2112 2317 mulierem

544 2366 643 2418 hoc
683 2362 879 2418 Christi
926 2360 1123 2415 dictum
1146 2402 1159 2423 ,
1211 2358 1377 2412 Etiam
1402 2359 1447 2412 si
1485 2367 1713 2411 mortuus
1743 2356 1929 2427 fuerit,
1968 2355 2113 2409 vivet.

548 2456 678 2511 Vide
696 2470 827 2525 ergo
848 2454 972 2524 quid
997 2466 1137 2506 nunc
1154 2451 1315 2515 dicat,
1339 2450 1487 2519 quasi
1511 2463 1595 2503 res
1616 2447 1686 2502 ob
1712 2446 2114 2502 diuturnitatem

542 2546 771 2617 amplius
821 2544 932 2597 lieri
964 2557 1070 2596 non
1128 2541 1313 2610 possit.
1346 2540 1451 2593 lies
1474 2539 1616 2593 enim
1661 2536 1917 2606 stupenda
1961 2545 2115 2600 erat,

542 2640 951 2710 quatriduaniun
978 2645 1033 2691 et
1079 2644 1389 2702 corruptum
1438 2632 1663 2686 cadaver
1708 2632 1985 2684 suscitare.
2031 2630 2120 2682 Di-

549 2729 768 2799 scipulis
810 2729 1023 2798 quidem
1053 2726 1218 2791 dixit,
1255 2723 1321 2778 Ut
1349 2722 1659 2794 gloriﬁcetur
1701 2720 1865 2775 Filius
1902 2719 2019 2786 Dei,
2050 2718 2119 2774 dc

549 2821 728 2888 seipso
779 2819 1041 2887 loquens;
1088 2816 1296 2870 mulieri
1334 2829 1461 2868 vero
1503 2814 1613 2867 ait:
1657 2810 1855 2866 Videbis
1904 2812 2118 2883 gloriam

552 2910 649 2964 Dei
668 2952 683 2976 ,
716 2910 782 2965 de
811 2910 968 2964 Patre
996 2907 1152 2962 verba
1180 2905 1402 2960 faciens.
1433 2903 1618 2959 Viden‘
1638 2902 1936 2957 auditorum
1964 2900 2119 2957 diffe-

548 3004 771 3058 rentiam
816 3002 1012 3056 diversi
1060 2999 1323 3055 sermonis
1353 3013 1472 3053 esse
1514 2997 1768 3053 causam?
1799 2996 1853 3050 In
1884 3006 2118 3050 mentem

548 3102 764 3148 revocat
806 3108 869 3148 ea
917 3106 1035 3162 quae
1081 3090 1291 3146 mulieri
1341 3090 1577 3154 dixerat,
1611 3103 1673 3143 ac
1717 3089 1761 3142 si
1802 3087 2116 3157 redarguat,

548 3186 688 3254 quod
718 3186 879 3240 oblita
906 3185 1006 3248 sit;
1039 3183 1123 3238 vel
1154 3197 1274 3237 cum
1303 3181 1469 3237 nollet
1491 3180 1760 3235 adstantes
1788 3180 2081 3249 percellere
2100 3218 2117 3244 ,

547 3275 755 3351 placide
778 3275 906 3329 dicit
931 3293 943 3329 :
976 3275 1067 3330 40.
1099 3271 1287 3328 Nonne
1309 3272 1417 3327 dixi
1440 3271 1563 3339 tibi,
1593 3273 1639 3327 si
1669 3270 1971 3338 credideris,
1993 3270 2120 3325 uide-

547 3373 621 3427 bis
659 3371 875 3442 gloriam
904 3364 999 3419 Dei
1019 3365 1045 3418 ?

613 3467 669 3521 '5.
682 3459 843 3518 Fides
853 3453 1653 3532 quantumsitbonum.Apostoli
1667 3470 1819 3524 quam
1865 3463 2119 3523 prwstan-

548 3558 698 3613 tiores
724 3558 1054 3627 philosophis.
1083 3582 1156 3597 —
1176 3551 1420 3626 Magnum
1460 3565 1587 3625 ergo
1614 3549 1810 3609 bonum
1839 3556 1923 3603 est
1953 3547 2118 3625 fides,

549 3666 797 3721 magnum
852 3655 1067 3719 utique,
1120 3658 1175 3704 et
1226 3650 1513 3702 multorum
1562 3661 1720 3701 causa
1774 3646 2032 3700 bonorum
2065 3639 2118 3703 ¹;

549 3742 621 3797 ita
652 3751 709 3797 ut
737 3741 983 3797 homines
1031 3740 1123 3794 Dei
1171 3754 1333 3808 opera
1388 3740 1440 3792 in
1486 3737 1701 3790 nomine
1747 3735 1911 3805 ipsius
1963 3734 2121 3789 edere

550 3830 775 3901 possint.
818 3829 977 3892 Nam,
1033 3828 1094 3883 St
1145 3827 1413 3882 habueritis
1462 3826 1647 3895 ﬁdem,
1696 3825 1896 3894 inquit,
1949 3824 2121 3878 dicetis

547 3923 705 3976 monti
731 3922 877 3988 huic,
907 3919 1093 3974 Transi
1124 3920 1261 3986 hinc,
1293 3929 1339 3973 et
1368 3918 1596 3973 transibit
1627 3915 1840 3985 (Matth.
1874 3917 1960 3970 ΓΙ.
1994 3915 2117 3981 19);

546 4029 610 4068 ac
654 4027 885 4077 rursum,
930 4012 1029 4077 Qui
1074 4011 1231 4064 credit
1273 4012 1329 4063 in
1378 4026 1476 4076 me,
1526 4024 1708 4077 Opera,
1759 4023 1873 4077 qua:
1912 4023 2003 4078 ego
2043 4010 2123 4076 fu-

547 4106 656 4169 cio,
681 4112 726 4157 et
746 4104 853 4173 ipse
875 4103 1053 4175 faciet,
1081 4111 1128 4155 et
1152 4103 1349 4169 majora
1370 4100 1449 4153 his
1493 4099 1641 4169 faciet
1664 4096 1856 4168 (Joan.
1885 4098 1970 4151 14.
1994 4095 2063 4151 12
2080 4097 2119 4166 ).

547 4194 678 4259 Quae
717 4192 958 4261 majora?
986 4191 1060 4245 Ea
1087 4206 1205 4260 quae
1246 4188 1490 4258 discipuli
1532 4198 1713 4256 postea
1763 4185 1957 4241 fecere.
1989 4185 2121 4240 Nam

547 4285 733 4338 umbra
750 4282 891 4337 Petri
912 4291 1178 4335 mortuum
1198 4279 1473 4334 suscitavit
1494 4276 1628 4350 (Act.
1648 4277 1845 4347 5.15).
1870 4277 1958 4331 Sic
1974 4277 2119 4331 enim

547 4376 715 4446 magis
748 4374 1134 4444 praedicabatur
1174 4371 1374 4426 Christi
1423 4379 1680 4440 potestas.
1712 4369 1985 4439 Siquidem
2014 4385 2123 4425 non

547 4474 653 4520 tam
683 4465 924 4519 mirabile
951 4474 1067 4519 erat
1124 4464 1298 4532 ipsum
1343 4462 1607 4516 viventem
1638 4460 1891 4516 miracula
1921 4461 2081 4517 edere
2102 4502 2120 4530 ,

549 4574 706 4629 qnam
737 4568 855 4628 post
880 4567 1108 4611 mortem
1139 4557 1255 4625 ejus
1282 4556 1416 4610 alios
1445 4556 1497 4608 in
1526 4554 1739 4608 nomine
1767 4554 1931 4623 ipsius
1958 4554 2125 4624 majo-

549 4665 607 4704 ra
651 4660 905 4719 przestare
935 4663 1110 4717 posse.
1138 4647 1269 4702 Nam
1324 4653 1695 4716 argumentum
1727 4645 1859 4699 illud
1890 4659 1992 4699 non
2020 4645 2122 4699 du-

548 4740 694 4794 bium
721 4748 836 4794 erat
880 4737 1286 4793 resurrectionis
1326 4736 1487 4804 ejus:
1528 4750 1648 4805 qua:
1690 4735 1736 4790 si
1765 4734 1834 4790 ab
1877 4734 2124 4790 omnibus

548 4830 661 4885 visa
692 4828 914 4895 fuisset,
940 4844 1043 4883 non
1075 4828 1144 4882 ita
1176 4826 1364 4881 fuisset
1389 4826 1631 4891 credita;
1664 4825 1962 4895 potuissent
1979 4825 2124 4880 enim

548 4920 729 4976 dicere
769 4921 1081 4991 phantasma
1122 4934 1279 4975 esse:
1321 4917 1445 4988 quia
1472 4924 1651 4973 autem
1681 4916 1898 4973 videbat
1919 4933 1984 4972 ex
2009 4916 2125 4972 solo

550 5010 765 5066 nomine
786 5010 901 5079 ejus
927 5011 1083 5080 longe
1108 5008 1308 5078 majora
1333 5008 1482 5078 signa
1501 5007 1620 5062 ﬁeri
1640 5048 1659 5075 ,
1689 5022 1848 5078 quam
1870 5022 1990 5063 cum
2011 5007 2126 5078 ipse

526 5102 688 5156 inter
715 5100 959 5155 homines
989 5107 1317 5163 versaretur,
1346 5097 1504 5152 [idem
1530 5112 1727 5168 negare
1758 5113 1863 5152 non
1894 5106 2122 5167 poterat,

548 5192 651 5246 nisi
678 5190 963 5245 admodum
984 5189 1265 5258 desiperet.
1300 5188 1545 5258 Magnum
1573 5190 1750 5259 itaque
1776 5189 1972 5245 bonum
1996 5189 2126 5245 fides

550 5292 666 5349 est,
694 5297 812 5338 cum
839 5297 905 5335 ex
937 5280 1157 5335 ferventi
1179 5280 1357 5334 animo
1374 5318 1392 5346 ,
1440 5295 1623 5335 amore
1642 5268 1834 5351 magno
1854 5321 1870 5346 ,
1916 5280 2125 5334 ardenti

552 5373 717 5429 corde
760 5372 1018 5442 procedit.
1050 5371 1174 5425 Haec
1202 5386 1300 5425 nos
1328 5369 1674 5440 philosophos
1698 5370 1931 5425 ostendit
1962 5386 1977 5423 :
2007 5369 2126 5423 haec

556 5468 839 5520 humanam
867 5463 1067 5534 detegit
1094 5463 1386 5528 vilitatem,
1416 5470 1470 5516 et
1493 5462 1672 5516 missis
1695 5460 1990 5516 ratiociniis
2009 5501 2024 5527 ,
2053 5459 2123 5515 de

617 5689 631 5715 ³
670 5683 797 5751 Editi
822 5684 1022 5751 habent,
1045 5696 1221 5751 magna
1244 5695 1321 5751 res
1341 5689 1412 5751 est
1432 5679 1556 5744 fides
1573 5714 1591 5745 ,
1613 5689 1659 5734 et
1700 5694 1896 5747 magnos
1918 5680 2126 5747 eﬂ'iciens

553 5752 630 5794 eos
653 5746 894 5805 quijuxta
918 5745 1051 5795 illam
1074 5743 1217 5795 vitam
1238 5743 1507 5796 instituunt.

3689 336 3791 390 553

2217 439 2516 496 caelestibus
2532 440 2954 509 philosoiiliatur;
2976 442 3081 495 imo
3098 442 3270 510 potius
3285 457 3348 498 ea
3364 458 3478 514 quae
3495 461 3600 501 non
3623 459 3796 517 potest

2214 533 2444 587 humana
2475 533 2730 601 sapientia
2760 535 3022 601 reperire,
3059 536 3169 603 ipsa
3200 536 3340 605 capit
3366 545 3419 591 et
3444 536 3639 608 dirigit.
3666 541 3797 597 lluic

2214 624 2392 696 itaque
2421 625 2716 679 hzereamus
2734 668 2750 692 ,
2779 641 2947 695 neque
2974 627 3264 681 ratiociniis
3290 639 3469 684 nostra
3496 635 3795 687 committa-

2215 733 2356 772 mus.
2390 717 2515 781 Cur,
2546 732 2758 786 qumso,
2802 718 3025 787 gentiles
3054 718 3180 772 nihil
3219 722 3451 789 reperire
3482 728 3797 791 potuerunt?

2214 824 2390 863 annon
2440 819 2603 862 totam
2642 810 2786 862 illam
2828 819 3100 863 externam
3150 811 3463 879 sapientiam
3492 816 3794 869 noverant?

2215 916 2312 956 cur
2348 900 2641 970 piscatores
2665 911 2719 955 et
2762 901 3107 957 tentoriorum
3144 902 3361 972 Opifices
3396 920 3649 974 superare
3690 923 3795 960 non

2216 991 2546 1061 potuerunt?
2582 1005 2757 1045 nonne
2781 991 2869 1061 qui
2908 991 2979 1044 illi
3008 992 3328 1056 ratiociniis,
3373 993 3423 1046 hi
3470 993 3591 1048 ﬁdei
3621 1004 3788 1049 totum

2216 1081 2636 1136 commiserant?
2683 1080 2807 1135 Ideo
2865 1081 3137 1136 Platonem
3181 1081 3285 1144 illi,
3334 1082 3687 1153 Pythagoram
3738 1094 3795 1139 et

2218 1172 2353 1227 alios
2382 1187 2567 1227 omnes
2611 1186 2832 1228 errones
2870 1172 3026 1242 longe
3067 1182 3414 1241 superarunt;
3454 1176 3748 1246 astrologos
3772 1218 3789 1242 ,

2217 1261 2619 1316 mathematicos
2640 1304 2655 1327 ,
2699 1270 3035 1331 geometras,
3069 1262 3462 1329 arithmeticos,
3494 1266 3676 1335 quavis
3715 1266 3798 1320 di-

2217 1356 2437 1425 sciplina
2466 1355 2753 1409 instructos
2780 1354 3017 1409 vicerunt
3034 1355 3073 1420 ί,
3114 1354 3284 1424 iisque
3304 1358 3606 1423 superiores
3622 1358 3792 1414 effecti

2216 1454 2376 1509 sunt;
2426 1445 2494 1498 ita
2527 1455 2582 1498 ut
2609 1444 2661 1498 hi
2684 1460 2810 1500 vere
2833 1445 3113 1500 videantur
3143 1445 3476 1517 philosophi,
3509 1450 3580 1503 illi
3608 1460 3784 1506 autem

2218 1536 2363 1590 stulti
2391 1551 2453 1591 ac
2481 1535 2652 1590 deliri.
2689 1537 3065 1592 Animadverte
3104 1538 3279 1606 enim,
3330 1539 3426 1594 hos
3450 1541 3648 1596 dixisse
3674 1544 3792 1597 ani-

2218 1641 2359 1681 mam
2404 1627 2790 1690 immortalem;
2839 1644 2937 1682 nec
2967 1628 3175 1684 dixisse
3201 1630 3359 1684 modo
3379 1672 3394 1696 ,
3425 1614 3516 1685 sed
3555 1634 3709 1686 etiam
3742 1634 3793 1687 id

2219 1721 2469 1774 suasisse.
2508 1720 2587 1774 Illi
2610 1735 2737 1774 vero
2763 1721 2935 1789 primo
2960 1720 3084 1790 quid
3110 1732 3252 1777 esset
3279 1723 3608 1791 nesciebant;
3646 1735 3789 1794 post-

2218 1825 2375 1879 quam
2400 1820 2575 1863 aulem
2607 1811 2956 1879 invenerunt,
3003 1823 3056 1865 et
3079 1812 3435 1867 distinxerunt
3472 1828 3588 1868 eam
3614 1829 3642 1866 a
3668 1830 3791 1869 cor-

2219 1918 2349 1973 pore
2370 1945 2384 1967 ,
2430 1902 2583 1956 divisi
2611 1912 2735 1956 sunt
2767 1903 2903 1956 inter
2930 1919 3017 1967 se,
3062 1904 3181 1957 aliis
3213 1904 3579 1969 incorpoream
3608 1905 3746 1959 illam
3769 1948 3785 1972 ,

2220 1994 2337 2047 aliis
2359 2008 2552 2061 corpus
2585 2008 2704 2047 esse
2720 2034 2734 2057 ,
2761 2001 2955 2047 etcum
2978 2009 3203 2063 corpore
3226 1995 3440 2049 dissolvi
3476 1996 3790 2052 dicentibus.

2218 2085 2417 2140 Caelum
2464 2085 2587 2139 item
2634 2086 2707 2139 illi
2753 2086 3038 2140 animalum
3070 2095 3123 2139 et
3152 2087 3307 2140 deum
3339 2103 3457 2141 esse
3492 2090 3742 2143 dixerunt
3775 2107 3790 2145 :

2222 2177 2510 2246 piscatores
2536 2191 2662 2231 vero
2688 2176 2953 2245 opificium
2978 2193 3095 2231 esse
3117 2178 3207 2231 Dei
3233 2186 3285 2231 et
3313 2178 3560 2234 dixerunt
3595 2190 3649 2235 et
3672 2197 3796 2235 sua-

2220 2279 2423 2321 serunt.
2475 2268 2578 2323 Sed
2625 2268 2765 2338 quod
2807 2270 3028 2339 gentiles
3072 2269 3362 2324 ratiociniis
3392 2281 3624 2338 utantur,
3662 2272 3793 2326 nihil

2221 2361 2412 2413 mirum
2439 2377 2451 2412 :
2477 2360 2617 2430 quod
2647 2369 2823 2415 autem
2852 2360 2886 2414 ii
2913 2362 3001 2430 qui
3033 2360 3218 2415 fideles
3242 2376 3361 2415 esse
3389 2362 3649 2427 videntur,
3676 2364 3793 2417 ani—

2223 2451 2388 2505 males
2427 2453 2760 2506 inveniantur
2782 2493 2798 2518 ,
2830 2452 2933 2506 hoc
2976 2453 3118 2507 luctu
3150 2452 3363 2523 dignum
3395 2465 3476 2508 est
3508 2456 3549 2506 '.
3580 2454 3702 2509 Ideo
3740 2454 3794 2509 hi

2222 2557 2430 2611 quoque
2460 2551 2807 2609 erraverunt,
2829 2553 2883 2597 et
2902 2544 2991 2596 alii
3014 2543 3225 2613 quidem
3243 2544 3423 2598 dicunt
3449 2559 3506 2599 se
3534 2546 3603 2598 ita
3632 2560 3792 2600 nosse

2222 2631 2421 2697 Deum,
2469 2643 2524 2686 ut
2568 2635 2704 2686 Dens
2746 2634 2978 2702 seipsum
3021 2637 3194 2699 novit,
3249 2635 3389 2704 quod
3428 2651 3496 2690 ne
3522 2637 3795 2705 gentilium

2223 2724 2432 2792 quidem
2468 2725 2743 2793 quisquam
2786 2726 2965 2781 dicere
2992 2741 3154 2781 ausus
3187 2737 3269 2782 est
3296 2744 3309 2780 :
3342 2728 3430 2781 alii
3473 2729 3654 2783 dicunt
3684 2745 3793 2785 non

2225 2830 2381 2885 posse
2408 2816 2571 2871 Deum
2604 2817 2718 2871 sine
2747 2817 2989 2886 passione
3019 2818 3234 2887 gignere
3255 2860 3269 2883 ,
3321 2834 3417 2873 nec
3444 2821 3560 2888 plus
3591 2822 3664 2875 illi
3697 2822 3794 2875 tri-

2224 2908 2391 2963 buunt
2418 2923 2574 2977 quam
2607 2909 2907 2963 hominibus
2937 2910 3058 2962 :alii
3086 2910 3267 2965 dicunt
3289 2910 3418 2964 nihil
3444 2911 3691 2980 prodesse
3722 2911 3800 2966 vi-

2224 3010 2330 3055 tam
2356 3002 2575 3072 probam
2598 3043 2613 3069 ,
2643 3001 2725 3054 vel
2756 3014 2956 3055 rectum
2986 3002 3300 3057 institutum.
3335 3001 3441 3058 Sed
3471 3002 3586 3057 haec
3614 3002 3798 3057 confu-

2226 3099 2339 3145 tare
2365 3106 2470 3144 non
2500 3091 2624 3145 licet
2652 3106 2745 3159 per
2768 3100 2994 3159 tempus.
3739 3156 3742 3159 η

2294 3181 2348 3235 4.
2415 3179 2571 3235 Fides
2633 3182 2761 3234 nihil
2831 3182 3031 3251 prodest
3090 3182 3334 3250 improbo.
3403 3180 3588 3235 Contra
3645 3181 3795 3235 adul-

2227 3283 2374 3327 teros.
2436 3301 2506 3312 -—
2550 3273 2700 3340 Quod
2748 3285 2924 3328 autem
2965 3274 3093 3328 lides
3140 3285 3280 3328 recta
3323 3275 3449 3327 nihil
3493 3276 3692 3344 prosit,
3748 3275 3794 3328 si

2229 3375 2479 3432 corrupta
2517 3365 2622 3417 vita
2654 3365 2758 3430 sit,
2799 3375 2854 3419 et
2891 3364 3136 3419 Christus
3162 3373 3216 3419 et
3254 3364 3446 3418 Paulus
3486 3365 3795 3431 declarant,

2206 3454 2315 3523 qui
2357 3454 2458 3508 hoc
2485 3455 2712 3509 maxime
2733 3464 2921 3508 curant
2959 3471 2973 3507 :
3014 3454 3254 3509 Christus
3274 3496 3288 3522 ,
3316 3470 3434 3510 cum
3458 3456 3534 3510 sic
3562 3456 3713 3512 docet
3731 3455 3750 3486 ³
3779 3473 3795 3511 :

2228 3543 2348 3598 Non
2374 3546 2534 3598 omnis
2560 3548 2646 3614 qui
2686 3546 2803 3598 dicit
2845 3546 2966 3618 mihi
2986 3588 3000 3611 ,
3036 3546 3246 3599 Domine
3269 3588 3283 3611 ,
3317 3545 3529 3600 Domine
3552 3588 3568 3611 ,
3597 3547 3800 3600 intrabit

2226 3634 2278 3687 in
2301 3651 2505 3705 regnum
2532 3638 2768 3689 castorum
2796 3637 2993 3705 (Mulli.
3030 3638 3078 3689 7.
3110 3636 3216 3706 21)
3245 3652 3258 3702 ;
3293 3646 3346 3691 et
3375 3652 3613 3702 rursum,
3646 3636 3800 3690 Multi

2231 3727 2395 3785 dicent
2423 3729 2547 3783 mihi
2572 3730 2622 3781 in
2653 3728 2742 3781 illa
2768 3729 2849 3781 die
2880 3744 2898 3782 :
2922 3727 3137 3781 Domine
3156 3769 3170 3792 ,
3208 3745 3373 3782 nonne
3402 3730 3454 3781 in
3487 3730 3684 3782 nomine
3713 3740 3798 3781 tuo

2228 3822 2677 3896 praphetarimtts?
2720 3820 2785 3877 Et
2814 3831 2929 3875 tunc
2964 3820 3236 3887 conﬁtebor
3269 3820 3371 3873 illis
3395 3862 3410 3886 ,
3458 3819 3587 3884 Quia
3634 3822 3799 3873 nescio

2223 3919 2596 3972 vos:discedite
2620 3935 2745 3971 ante
2776 3924 2861 3987 qut
2907 3912 3183 3985 operamini
3223 3913 3527 3985 iniquitatem
3562 3909 3715 3981 (Ibid.
3746 3927 3796 3962 γ.

2225 4009 2315 4064 22.
2343 4010 2413 4064 2'5
2434 4012 2472 4080 ).
2502 4011 2599 4077 Qui
2624 4012 2763 4064 enim
2800 4009 2821 4039 ‘
2850 4025 2954 4062 non
2986 4010 3082 4062 sibi
3108 4010 3405 4074 attendunt,
3434 4004 3585 4062 facile
3607 4003 3669 4056 ad
3703 4018 3799 4057 nc-

2227 4100 2444 4169 quitiam
2493 4116 2635 4170 saepe
2665 4100 2963 4164 declinant,
3010 4100 3216 4153 etiamsi
3268 4098 3422 4152 iidem
3466 4109 3660 4152 rectam
3704 4092 3800 4145 ha-

2228 4195 2409 4246 beant.
2452 4192 2651 4247 Paulus
2680 4202 2852 4246 autem
2884 4191 3125 4245 Hebrmis
3153 4191 3410 4253 scribens,
3445 4189 3559 4243 lucc
3594 4188 3722 4241 dicit
3748 4199 3802 4242 et

2227 4296 2408 4340 monet
2438 4304 2449 4339 :
2484 4284 2671 4338 Pacem
2699 4301 2815 4337 cum
2847 4284 3072 4337 omnibus
3100 4282 3469 4353 persequimini,
3498 4290 3544 4334 et
3572 4280 3770 4346 sancti/i

2227 4382 2498 4442 cntionem,
2528 4380 2634 4431 sine
2660 4393 2759 4448 qua
2788 4394 2930 4430 nemo
2962 4377 3142 4428 videbit
3186 4374 3459 4427 Dominum
3482 4374 3499 4442 (
3522 4371 3681 4425 Hebr.
3711 4372 3801 4425 12.

2229 4471 2296 4524 Μ
2318 4469 2356 4537 ).
2396 4468 2874 4524 Sanctificationem
2906 4467 3137 4536 appellat
3164 4466 3462 4520 castitatem
3483 4504 3499 4530 ,
3541 4474 3596 4517 ut
3626 4477 3796 4516 unus-

2228 4564 2449 4632 quisque
2478 4576 2571 4615 sua
2603 4576 2766 4615 uxore
2792 4567 3073 4614 contentus
3096 4558 3203 4623 sit,
3233 4572 3407 4626 neque
3434 4556 3592 4610 aliam
3623 4553 3799 4609 adeat.

2227 4654 2356 4708 Nam
2383 4654 2472 4724 qui
2500 4652 2901 4708 sua'contentus
2926 4665 3033 4703 non
3062 4657 3146 4704 est
3165 4687 3181 4711 ,
3228 4647 3406 4701 salvus
3435 4661 3555 4700 esse
3582 4646 3801 4713 nequit;

2227 4746 2321 4800 sed
2350 4752 2531 4815 pereat
2555 4750 2795 4813 Oportet,
2825 4742 2923 4797 etsi
2952 4741 3097 4794 mille
3126 4724 3278 4794 bonis
3334 4736 3587 4806 operibus
3615 4737 3683 4787 sit
3719 4735 3808 4787 in-

2232 4847 2483 4891 structus.
2518 4833 2892 4889 Fornicantem
2918 4831 3059 4886 enim
3088 4826 3408 4897 impossibile
3425 4834 3505 4880 est
3534 4825 3728 4878 intrare
3752 4824 3806 4876 in

2228 4942 2449 4997 regnum
2476 4926 2760 4988 caelorum;
2792 4924 2901 4976 imo
2928 4922 2977 4975 id
2999 4921 3105 4989 jam
3132 4934 3236 4972 non
3264 4916 3545 4971 fornicatio
3569 4922 3684 4979 est,
3711 4913 3807 4967 sed

2229 5018 2564 5072 adulterium.
2610 5015 2758 5071 Sicut
2789 5014 2932 5068 enim
2972 5011 3185 5080 alligata
3212 5010 3328 5061 viro
3348 5046 3366 5073 ,
3412 5006 3456 5060 si
3484 5005 3807 5071 cumﬁltero

2229 5119 2412 5175 coeat,
2444 5109 2769 5162 adulteretur
2801 5123 2814 5158 :
2845 5106 2922 5159 sic
2951 5105 3194 5173 alligatus
3225 5102 3411 5167 uxori,
3444 5099 3490 5154 si
3521 5099 3678 5152 aliam
3709 5097 3805 5150 ha-

2230 5203 2386 5269 beat,
2414 5200 2619 5255 adulter
2639 5208 2741 5254 est.
2767 5197 2865 5252 Hie
2886 5210 3015 5251 vero
3041 5209 3146 5249 non
3174 5192 3329 5248 heres
3355 5191 3457 5247 erit
3477 5190 3624 5261 regni
3643 5189 3805 5245 caelo-

2296 5374 2313 5405 ι
2338 5370 2429 5420 Alii
2452 5371 2651 5429 habent,
2664 5366 2802 5432 quasi
2823 5366 3072 5432 puluerem.
3089 5362 3404 5427 dissiparant,
3428 5359 3555 5420 loco,
3572 5359 3690 5410 vicet
3704 5365 3806 5410 unt.

2294 5438 2314 5466 ²
2347 5434 2547 5492 Quidam
2573 5427 2760 5493 legunt,
2784 5427 2870 5493 hoc
2894 5427 3157 5493 ridiculum
3175 5433 3283 5493 est._
3365 5486 3375 5493 _
3488 5483 3498 5493 .
3600 5482 3629 5493 ._
3753 5481 3782 5493 ..

2268 5498 2317 5565 με
2352 5482 2408 5542 fu
2431 5494 2538 5543 aliis
2573 5482 2773 5554 legitur,
2808 5489 3027 5540 Christus
3066 5487 3211 5551 plura
3252 5489 3313 5537 de
3356 5486 3445 5535 hoc
3482 5482 3691 5547 loquitur
3731 5482 3807 5533 di-

2232 5564 2565 5665 wgulfonnnlli
2612 5616 2740 5663 hunc
2769 5613 2929 5661 locum
2973 5613 3044 5661 sic
3091 5610 3401 5679 ell‘ertint.....
3450 5605 3614 5679 «grtia
3652 5605 3813 5679 nescio

2232 5692 2309 5728 νος
2334 5696 2382 5736 ι,
2426 5687 2471 5725 et
2510 5680 2723 5726 iterum:
2759 5694 2780 5720 ιι
2815 5681 3143 5736 Verumtamen
3185 5671 3235 5736 in
3280 5672 3368 5718 hoc
3412 5665 3554 5719 nolite
3597 5665 3813 5733 gaudere

2237 5741 2347 5791 auiti
2370 5733 2566 5801 spiritus
2589 5736 2903 5797 subjiciuntur
2928 5734 3074 5785 vobis.
3093 5750 3115 5778 ι
3145 5733 3231 5794 Qui
3253 5744 3398 5789 enim,
3424 5740 3521 5780 etc.
