4100 6362
550 389 664 447 553

552 502 847 577 φροσύνην,
886 502 1027 556 ὥστε
1068 502 1299 556 ἑκαστον
1346 503 1635 574 ἀρκεῖσθαι
1674 506 1738 573 τῇ
1772 503 1879 575 ἰδίᾳ
1907 503 2131 573 γυναικὶ

550 588 677 660 χρὴ,
702 589 795 642 καὶ
818 588 891 657 μὴ
925 586 1313 657 περιπίπτεινα
1342 589 1524 659 ἑτέρα.
1559 589 1661 640 Τὸν
1692 589 1801 657 γὰρ
1827 589 1904 659 μὴ
1924 584 2131 658 ἀρκού-

553 690 733 742 μενον,
763 674 1044 741 ἀμήχανον
1072 670 1344 739 σωθῆναι·
1365 672 1479 723 ἀλλ’
1506 672 1720 741 ἀνάγκη
1749 671 1966 734 πάντως
1998 672 2132 724 ἀπο-

548 756 758 817 λέσθαι,
787 755 889 809 κᾶν
918 754 1085 825 μυρία
1121 753 1219 827 έχῃ
1248 753 1671 825 κατορθώματα.
1696 757 1850 808 Μετά
1873 754 1983 827 γάρ
2005 770 2132 825 πορσ

549 841 700 902 νείας
729 838 992 892 ἀδύνατον
1023 837 1284 890 εἰσελθεῖν
1318 840 1397 901 είς
1430 839 1527 907 τὴν
1560 837 1835 907 βασιλείαν
1881 838 1992 891 τῶν
2041 837 2132 890 οὑ-

553 923 761 995 ρανῶνο
816 922 1016 993 μᾶλλον
1062 921 1117 975 δὲ
1160 921 1221 973 οὑ
1271 920 1497 991 πορνεία
1541 920 1700 975 τοῦτο
1744 921 1949 983 λοιπὸν,
1996 919 2133 974 ἀλλά

553 1009 787 1079 μοιχεία.
821 1009 1029 1079 Ὥσπερ
1075 1006 1185 1078 γάρ
1229 1007 1262 1075 ἠ
1300 1006 1562 1078 δεδεμένη
1615 1007 1801 1078 ἀνδρὶ,
1848 1006 1917 1059 ἂν
1959 1006 2132 1077 ἑτέρῳ

551 1091 817 1161 συνέλθῃ,
881 1090 1067 1143 λοιπὸν
1118 1089 1509 1160 μεμοίχευται·
1559 1089 1733 1153 οὑτως
1776 1091 1805 1143 ό
1845 1090 2132 1160 δεδεμένος

547 1177 796 1243 γυναικὶ,
835 1175 901 1227 ἂν
940 1175 1135 1245 ἑτέραν
1164 1173 1293 1245 ἔχῃ,
1331 1174 1674 1244 ἐμοίχευσεν.
1710 1174 1769 1223 '0
1800 1174 1858 1227 δὲ
1886 1173 2131 1237 τοιοῦτος

548 1260 606 1311 οὑ
660 1258 1053 1327 κληροιομήσει
1084 1256 1383 1326 βασιλείαν,
1433 1257 1547 1310 ἀλλ’
1578 1257 1659 1320 είς
1688 1257 1914 1324 γέενναν
1957 1257 2132 1326 ἐμπε-

553 1345 745 1397 σεῖται.
782 1342 1050 1394 Ἀκουσον
1085 1340 1120 1394 ἀ
1161 1342 1291 1411 περὶ
1339 1340 1546 1393 τούτων
1594 1341 1758 1412 φησὶν
1801 1342 1829 1394 6
1860 1340 2127 1412 Χριστός·

561 1429 619 1479 '0
650 1426 899 1491 σκώληξ
923 1424 1122 1479 αὐτῶν
1144 1427 1216 1478 οὐ
1248 1424 1622 1490 τελευτήσει,
1664 1424 1765 1477 καὶ
1798 1424 1862 1477 τὸ
1902 1423 2023 1491 πῦρ
2057 1424 2131 1477 οὐ

546 1508 973 1575 σϐεσθήσεται.
1004 1508 1134 1561 Οὑδε
1146 1507 1274 1578 μίαν
1296 1506 1406 1578 γὰρ
1434 1508 1547 1577 ἔχει
1580 1505 1914 1575 συγγνώμην
1934 1507 1962 1559 ό
1988 1505 2129 1576 μετὰ

545 1596 776 1659 γυναῖκα
824 1594 916 1645 καὶ
970 1592 1329 1663 παραμυθίαν
1377 1590 1645 1660 τοσαύτην
1697 1591 1996 1663 ἐξυϐρίζων
2051 1593 2133 1656 είς

547 1675 740 1744 ἑτέραν
761 1692 774 1705 .
801 1675 961 1727 τοῦτο
988 1674 1096 1743 γὰρ
1125 1673 1407 1745 ἀκρασίαι)
1435 1674 1641 1728 λοιπόν.
1675 1675 1736 1727 Εί
1766 1674 1823 1727 δέ
1849 1675 1941 1729 καὶ
1959 1674 2131 1745 αὑτῆς

545 1757 841 1827 ἀπέχονται
876 1758 925 1809 οί
972 1756 1178 1818 πολλοὶ,
1218 1758 1348 1810 ὅταν
1377 1757 1630 1827 νηστείας
1664 1757 1856 1828 καιρὸς
1893 1753 1966 1831 ᾖ,
1999 1758 2128 1811 ὅταν

546 1843 854 1911 προσευχῆς
876 1857 889 1871 '
907 1843 935 1893 6
954 1841 1088 1911 μηδὲ
1110 1840 1280 1913 ταύτῃ
1303 1840 1661 1911 ἀρκούμενος,
1684 1840 1818 1893 ἀλλά
1850 1844 1941 1894 καὶ
1966 1842 2130 1913 ἑτέρα

551 1923 901 1991 μιγνύμενος,
932 1924 1096 1976 πόσον
1122 1918 1276 1987 οὗτος
1311 1924 1541 1994 σωρεύει
1566 1924 1679 1994 πῦρ
1712 1924 1923 1993 ἑαυτῴ;
1954 1926 2015 1979 Et
2037 1925 2129 1978 τὸν

546 2008 893 2060 ἀπολύσαντα
923 2007 1022 2079 τὴν
1052 2008 1247 2061 ἑαυτοῦ
1270 2009 1366 2061 καὶ
1396 2008 1715 2071 ἐκϐαλόντα,
1746 2010 1909 2080 ἑτέρᾳ
1933 2010 2126 2078 μίγνυ·

548 2091 675 2145 σθαι
706 2092 807 2144 οὑκ
840 2092 918 2144 ἔνι
940 2108 954 2121 ·
999 2092 1216 2161 μοιχεία
1252 2092 1359 2163 γὰρ
1393 2091 1551 2145 τοῦτό
1586 2094 1733 2145 ἐστιν
1754 2106 1767 2119 ⁸
1793 2096 1821 2146 6
1849 2092 1997 2146 ἔνδον
2033 2094 2130 2147 αὑ-⁹

546 2174 646 2242 τῆς
696 2175 891 2243 ἑτέραν
956 2175 1298 2242 ἐπεισάγων,
1358 2176 1523 2228 πόσον
1574 2176 1870 2247 ἐργάζεται
1926 2178 2126 2239 κακόν;

546 2257 751 2326 Μηδεὶς
788 2256 968 2310 τοίνυν
1014 2257 1175 2311 τοῦτο
1202 2258 1261 2310 τὸ
1290 2258 1505 2328 νόσημα
1548 2260 1901 2331 συγχωρείτω
1946 2259 2129 2329 μένειν

546 2340 603 2390 ἐν
634 2342 698 2410 τῇ
730 2341 876 2411 ψυχῇ
903 2382 917 2403 ,
957 2340 1093 2393 ἀλλὰ
1140 2341 1437 2413 πρόρριζον
1464 2342 1783 2398 ἀνασπάτω.
1817 2343 1929 2409 Οὐχ
1957 2342 2129 2406 οὓτως

546 2422 724 2475 ἀδικεῖ
751 2423 847 2493 τὴν
876 2427 1133 2491 γυναῖκα,
1166 2425 1239 2488 ὡς
1277 2425 1489 2478 ἑαυτόν.
1526 2424 1687 2480 Οῦτω
1719 2426 1829 2496 γάρ
1856 2427 1917 2479 τὸ
1952 2428 2131 2497 ἀμάραι

545 2520 696 2573 τημα
736 2504 898 2559 τοῦτο
931 2507 1167 2577 χαλεπὸν
1198 2509 1292 2560 καὶ
1348 2508 1753 2576 ἀσύγγνωστον,
1788 2511 1891 2573 ὅτι,
1923 2510 1989 2562 ἂν
2030 2510 2129 2580 μὲν

548 2588 935 2660 εἰδωλολάτρου
971 2592 1253 2661 χωρισθῇ,
1295 2592 1369 2662 μὴ
1408 2592 1735 2661 βουλομένου
1770 2594 2011 2656 ἐκείνου,
2044 2610 2130 2645 κο-

546 2670 697 2733 λάζει
728 2672 826 2743 τὴν
857 2678 1093 2741 γυναῖκα
1141 2678 1169 2728 ό
1201 2675 1365 2739 Θεός·
1403 2677 1600 2746 πόρνου
1632 2678 1690 2731 δὲ
1721 2678 1815 2731 ἐὰν
1844 2679 2125 2750 χωρισθῇ,

544 2756 745 2808 οὐκέτι.
766 2757 927 2829 Ὁρᾷς
954 2760 1077 2812 ὅσον
1112 2760 1227 2812 ἐστὶ
1256 2758 1415 2813 τοῦτο
1445 2761 1634 2824 κακόνς
1683 2762 1818 2815 Ἐὰν
1851 2763 1960 2833 γάρ
1992 2780 2082 2829 τις
2109 2803 2124 2827 ,

548 2840 709 2907 φησι,
776 2840 962 2909 πιστὴ
1023 2842 1212 2911 ἄνδρα
1266 2842 1379 2912 ἔχῃ
1438 2843 1733 2908 ἄπιστον,
1789 2846 1889 2898 καὶ
1944 2846 2127 2913 αὐτὸς

546 2920 809 2991 εὐδοκῇε
848 2924 1033 2978 οίκεῖν
1076 2927 1204 2995 μετ’
1244 2926 1475 2995 αὐτῆς,
1518 2928 1605 2996 μὴ
1649 2928 1869 2997 ἀφιέτω
1919 2932 2126 2985 αὐτόν.

548 3006 683 3077 Περὶ
715 3007 770 3061 δὲ
793 3009 999 3080 πόρνης
1028 3010 1125 3080 οὑχ
1159 3010 1331 3074 οὕτως
1350 3028 1364 3042 ο
1404 3011 1540 3065 ἀλλά
1567 3011 1649 3076 τίς
1682 3012 1823 3066 Ἐάν
1855 3031 1945 3080 τις
1988 3016 2131 3069 ἀπο-

546 3090 712 3158 λύσῃ
753 3091 869 3159 τὴν
908 3094 1164 3161 γυναῖκα
1207 3094 1391 3149 αὑτοῦ
1438 3096 1733 3162 παρεκτὸς
1771 3098 1957 3166 λόγου
1985 3117 2130 3169 πορ-

550 3175 735 3240 νείας,
781 3176 944 3230 ποιεῖ
984 3176 1180 3245 αὐτὴν
1218 3177 1631 3246 μοιχευθῆναι.
1676 3178 1739 3232 ΕΞ
1773 3182 1882 3249 γὰρ
1923 3183 1955 3253 ὴ
2008 3201 2131 3237 συν-

548 3258 705 3311 ουσία
732 3259 889 3330 σῶμα
908 3260 965 3313 ἓν
995 3263 1159 3323 ποιεῖ,
1178 3261 1270 3313 τὸν
1296 3263 1685 3332 συγγινόμενον
1707 3262 1880 3335 πόρνῃ
1910 3266 2128 3339 ἀνάγκη

548 3341 608 3395 ιν
636 3343 796 3412 σῶμα
809 3344 1076 3411 γίνεσθαι.
1102 3344 1227 3406 Πῶς
1264 3345 1357 3398 οὑν
1386 3344 1594 3409 δέξεται
1621 3349 1653 3418 ἠ
1686 3348 1889 3416 κοσμία
1915 3350 2126 3415 τοῦτον,

549 3425 786 3495 Χριστοῦ
823 3427 982 3496 μέλος
1005 3424 1175 3492 οὗσα;
1205 3428 1238 3498 ἢ
1268 3429 1383 3493 πῶς
1415 3431 1582 3500 ἑαυτῇ
1620 3430 1846 3501 συνάψει
1876 3433 1936 3485 τὸ
1966 3434 2128 3503 μέλος

547 3509 649 3578 τῆς
697 3510 931 3581 πόρνης;
973 3513 1083 3565 Καὶ
1130 3512 1232 3582 ὅρα
1264 3512 1361 3583 τὴν
1409 3514 1733 3585 ὑπερϐολήν
1800 3516 1868 3569 Ἡ
1920 3518 2020 3587 μὲν
2055 3519 2133 3590 τῷ

548 3592 763 3663 ἀπίστῳ
791 3594 1137 3660 συνοικοῦσα,
1170 3595 1269 3649 οὑκ
1300 3596 1446 3650 ἑστιν
1468 3598 1779 3669 ἀκάθαρτος
1802 3599 2134 3670 (Ἠγίασται

547 3674 691 3745 γὰρ,
724 3677 905 3747 φησὶν,
954 3681 988 3732 ό
1036 3679 1193 3746 ἀνὴρ
1244 3682 1277 3733 ό
1328 3679 1584 3747 ἄπιστος
1617 3683 1687 3735 ἐν
1719 3680 1795 3752 τῇ
1831 3685 2071 3752 γυναικί
2091 3683 2131 3751 )⁶

548 3759 641 3813 ἐπὶ
673 3761 730 3814 δέ
757 3761 858 3831 τῆς
894 3762 1102 3835 πόρνης
1133 3764 1231 3835 οὑχ
1261 3762 1434 3829 οὕτως
1454 3780 1470 3796 ο
1501 3764 1639 3820 ἀλλά
1678 3766 1769 3833 τί;
1804 3768 1979 3837 Ἄρας
2021 3762 2135 3825 οὖν

611 3850 637 3923 ξ
677 3852 770 3923 ,ῌῆ
813 3853 1080 3923 προσέχειν,
1124 3856 1197 3904 sic
1232 3855 1447 3914 quidam.
1536 3854 1566 3897 δ
1606 3856 1707 3907 Alil
1752 3857 1845 3922 γὰρ
1912 3859 2127 3923 βλακεία.

600 3912 803 3971 Quidam
825 3912 1105 3976 συνευδοκῇ.

1326 388 1383 444 S.
1422 388 1709 445 JOA‘NNIS
1745 388 2236 445 CllllYSOSTOMl
2276 388 2593 443 ARClllEP.
2637 383 3188 443 CONSTAATINOP.

3714 374 3820 431 356

2233 502 2306 556 τὰ
2320 502 2479 571 μέλη
2505 503 2610 556 τοῦ
2639 502 2917 571 Χριστοῦ,
2946 499 3179 566 ποιήσω
3196 495 3355 566 μέλη
3383 494 3643 562 πόρνης-ς
3678 492 3827 545 Ἐκεῖ

2236 585 2339 656 μὲν
2377 587 2485 657 γάρ
2530 588 2559 638 6
2600 586 2872 654 ἁγιασμὸς
2917 587 3067 655 μένει
3118 583 3371 636 κάκείνου
3424 576 3818 639 συνοικοῦντος,

2234 671 2329 724 καὶ
2362 671 2461 723 οὐκ
2487 671 2761 735 ἐξίσταται
2782 686 2795 699 ’
2830 668 3063 721 ἐνταῦθα
3097 667 3153 719 δὲ
3183 666 3475 734 ἀναχωρεῖ.
3510 661 3689 714 Δεινὶν
3713 662 3822 729 γὰρ

2234 755 2268 825 ἠ
2315 754 2558 825 πορνεία.
2589 754 2779 815 δεινὸν,
2816 751 2966 824 [581]
3000 752 3095 805 καὶ
3128 750 3395 804 ἀθάνατον
3432 745 3768 817 προξενοῦσα
3791 745 3819 784 δ

2236 838 2474 892 κόλασιν.
2530 840 2638 891 Καὶ
2686 836 2924 891 ἐνταῦθα
2972 836 3028 890 δὲ
3082 835 3252 907 μυρία
3300 832 3602 885 ἐπισπᾶται
3654 829 3820 882 κακά.

2236 921 2361 975 Βίον
2415 922 2524 993 γὰρ
2574 922 2922 991 ταλαίπωρον
2972 920 3068 973 καὶ
3127 916 3400 988 μοχθηρὸν
3450 913 3821 981 ἀναγκάζεται

2236 1006 2335 1078 ζῇν
2361 1008 2390 1060 6
2432 1006 2700 1071 τοιοῦτος,
2736 1008 2828 1059 καὶ
2855 1006 2965 1058 τῶν
3008 1002 3386 1072 κολαζομένων
3419 999 3573 1052 οὑδὲν
3603 999 3824 1067 ἄμεινον

2232 1089 2531 1152 διάκειται,
2561 1092 2643 1152 είς
2670 1090 2769 1160 τὴν
2802 1088 3091 1159 ἀλλοτρίαν
3121 1086 3297 1140 οἰκίαν
3333 1080 3593 1136 ὑπεισιὼν
3625 1080 3760 1150 μετά
3796 1089 3823 1117 σ

2233 1174 2386 1236 δέους
2420 1176 2515 1227 καὶ
2550 1174 2756 1243 τρόμου
2806 1172 3003 1226 πολλοῦ
3028 1213 3042 1236 ,
3086 1171 3181 1225 καὶ¹
3222 1169 3430 1229 πάντας
3466 1167 3485 1205 τ
3540 1163 3676 1236 ὁμοῦ
3717 1164 3823 1215 ὑπ-

2233 1256 2503 1323 οπτεύων,
2519 1258 2615 1309 καὶ
2636 1258 2873 1320 οἰκέτας.
2890 1257 2983 1309 καὶ
3006 1253 3345 1324 ἐλευθέρους.
3360 1250 3471 1315 Διὸ,
3495 1246 3821 1319 παρακαλῶ,

2236 1341 2579 1396 σπουδάσατε
2627 1340 2973 1411 ἀπηλλάχθαι
3009 1338 3102 1393 τοῦ
3138 1338 3446 1407 νοσήματος
3498 1334 3707 1387 τούτου.
3759 1333 3823 1385 Εἰ

2233 1424 2291 1478 δὲ
2322 1424 2397 1495 μὴ
2428 1423 2704 1487 πείθεσθε,
2740 1423 2845 1476 τῶν
2876 1422 3167 1493 προθύρων
3212 1420 3287 1491 μὴ
3320 1422 3344 1459 ε
3374 1418 3682 1471 ἐπιϐαίνετε
3714 1417 3824 1470 τῶν

2235 1506 2414 1577 ἱερῶν.
2463 1508 2570 1561 Καὶ
2603 1507 2712 1578 γάρ
2743 1508 2812 1560 τά
2841 1505 3032 1576 ψώρας
3066 1502 3503 1573 ἐμπεπλησμένα
3550 1501 3819 1572 πρόϐατα,

2233 1591 2328 1644 καὶ⁵
2364 1590 2521 1643 νόσου
2572 1591 2851 1660 γέμοντα,
2884 1590 2944 1641 οὑ
2994 1589 3076 1641 δεῖ
3124 1586 3262 1657 μετά
3312 1585 3420 1637 τῶν
3472 1585 3823 1651 ὑγιαινόντων

2233 1674 2617 1742 ἀγελάζεσθαι,
2656 1675 2771 1728 ἀλλ’
2818 1673 3143 1727 ἀπελαύνειν
3175 1672 3273 1741 τῆς
3317 1671 3553 1739 ποίμνης
3574 1709 3587 1729 .
3621 1668 3727 1731 ἕως
3754 1668 3823 1720 ἂν

2232 1756 2330 1827 τὴν
2365 1758 2517 1810 νόσον
2544 1757 2875 1811 ἀποθῶνται.
2910 1756 3055 1825 Μέλη
3086 1756 3193 1825 γὰρ
3226 1752 3461 1824 Χριστοῦ
3492 1751 3820 1820 γεγόναμεν·

2234 1840 2309 1911 μὴ
2338 1840 2402 1909 δὴ
2441 1840 2576 1911 μέλη
2613 1842 2818 1912 πόρνης
2851 1840 3159 1910 γενώμεθα.
3198 1841 3313 1892 Οὑκ
3342 1838 3458 1890 ἐστι
3491 1836 3559 1890 τά
3590 1834 3824 1889 ἐνταῦθα

2230 1927 2508 1995 πορνεῖον,
2545 1924 2662 1977 ἀλλ’
2704 1924 2990 1995 ἐκκλησία.
3026 1923 3106 1977 Τά
3134 1922 3189 1975 δὲ
3222 1921 3356 1991 μέλη
3386 1922 3486 1990 τῆς
3517 1920 3723 1989 πόρνης
3754 1918 3824 1971 ἂν

2231 2007 2395 2079 ἔχῃς,
2432 2008 2507 2077 μὴ
2558 2010 2691 2079 στῇς
2734 2009 2792 2060 ἐν
2822 2006 3111 2075 ἐκκλησία,
3147 2006 3235 2057 ’ίνα
3277 2004 3352 2075 μὴ
3398 2003 3688 2074 ἐξυϐρίσῃς
3729 2001 3825 2054 τὸν

2229 2092 2413 2146 τόπον.
2452 2092 2515 2144 El
2548 2091 2657 2161 γάρ
2686 2091 2761 2162 μὴ
2790 2090 2985 2159 γέεννα
3014 2085 3105 2161 ἦν,
3146 2091 3195 2141 εί
3231 2088 3341 2160 γὰρ
3376 2087 3449 2159 μὴ
3481 2087 3700 2148 κόλασις
3728 2079 3822 2155 ἦν,

2234 2176 2371 2246 μετά
2401 2174 2501 2238 τὰς
2536 2175 2811 2243 συνθήκας
2842 2174 3057 2236 ἐκείνας
3094 2173 3189 2226 καὶ
3218 2173 3314 2235 τάς
3348 2170 3649 2241 γαμηλίους
3678 2168 3821 2236 λαμ-

2232 2258 2425 2320 πάδας,
2461 2256 2596 2327 μετᾶ
2624 2258 2724 2325 τὴν
2750 2258 2916 2328 ,εὐνὴν
2947 2256 3043 2330 τὴν
3070 2255 3303 2315 δικαίαν,
3339 2253 3477 2324 μετά
3505 2254 3604 2326 τὴν
3636 2252 3825 2305 παιδοο

2232 2340 2433 2401 ποιίαν,
2478 2341 2615 2411 μετά
2644 2341 2739 2410 τὴν
2765 2340 3073 2404 κοινωνίαν,
3117 2338 3233 2401 πῶς
3272 2337 3437 2407 ἀνέξῃ
3479 2334 3822 2407 προσκολλᾶ-

2237 2424 2359 2477 σθαι
2386 2425 2410 2463 h
2440 2424 2603 2495 ἑτέρα
2631 2440 2644 2487 ;
2676 2423 2790 2486 πῶς
2820 2424 2918 2476 οὑκ
2958 2423 3188 2494 αἰσχύνῃ
3222 2422 3343 2474 οὑδέ
3380 2420 3669 2491 ἑρυθριᾷςς
3709 2421 3827 2472 Οὐκ

2233 2503 2379 2570 οἶδας
2417 2508 2499 2560 ὅτι
2538 2508 2587 2559 οἱ
2622 2508 2757 2575 μετὰ
2796 2506 2896 2578 τὴν
2932 2506 3186 2577 τελευτὴν
3233 2506 3332 2574 τῆς
3377 2503 3585 2557 ἑαυτῶν
3628 2502 3826 2574 ἑτέραν

2231 2591 2669 2659 ἑπεισαγὸμενοι,
2704 2592 2853 2661 παρὰ
2891 2590 3102 2643 πολλῶν
3137 2587 3662 2653 καταγινώσκονται,
3700 2585 3825 2638 καί-

2233 2691 2313 2726 τοι
2360 2676 2421 2727 οὑ
2467 2674 2689 2728 κόλασιν
2739 2675 2851 2743 ἔχει
2880 2674 2941 2726 τὸ
2986 2676 3249 2744 πρᾶγμας
3284 2672 3355 2724 Συ
3410 2672 3465 2723 δὲ
3503 2671 3594 2723 καὶ
3642 2668 3827 2738 ζώσης

2235 2758 2425 2829 ἑτέραν
2455 2758 2787 2825 ἐπεισάγεις.
2827 2759 2937 2811 Καὶ
2970 2760 3138 2829 πόσης
3166 2757 3286 2826 οὑχὶ
3325 2754 3497 2808 ταῦτα
3528 2752 3787 2821 λαγνείας
3807 2795 3823 2815 ,

2232 2842 2389 2896 Μάθε
2427 2842 2479 2895 τί
2516 2844 2644 2912 περὶ
2688 2842 2797 2893 τῶν
2841 2840 3099 2894 τοιούτων
3140 2842 3355 2911 εἴρηται
3381 2856 3394 2869 ’
3443 2838 3504 2891 '0
3549 2835 3818 2901 σκώληξ.

2232 2920 2427 2990 φησὶν,
2460 2920 2661 2974 αὐτῶν
2689 2923 2759 2974 οὐ
2791 2921 3168 2984 τελευτήσει,
3202 2919 3300 2971 καὶ
3331 2917 3397 2971 τὸ
3428 2916 3547 2983 πῦρ
3579 2917 3649 2968 οὐ
3680 2916 3823 2967 σϐε-

2234 3001 2547 3067 σθήσεται.
2566 2997 2759 3070 Φρίξον
2782 2999 2880 3067 τὴν
2900 2998 3149 3067 ἀπειλὴν,
3175 2997 3441 3067 φοϐήθητι
3456 2994 3553 3065 τὴν
3576 2993 3822 3046 κόλασιν.

2237 3080 2350 3131 υὺκ
2380 3078 2526 3131 ἑστιν
2556 3078 2790 3131 ἐνταῦθα
2825 3078 3058 3147 τοσαύτη
3090 3080 3121 3146 ή
3150 3077 3336 3147 ἡδονὴ,
3372 3076 3471 3145 ὅση
3511 3075 3629 3127 ἐκεῖ
3649 3089 3826 3141 τιμω-

2236 3158 2349 3229 ρία.
2391 3156 2551 3209 Ἀλλά
2586 3157 2658 3226 μὴ
2699 3156 2909 3225 γένοιτό
2939 3174 3061 3210 τινα
3095 3156 3397 3209 ὑπεύθυνον
3433 3152 3690 3223 γενέσθαι
3722 3150 3827 3219 τῆς

2235 3236 2508 3298 κολάσεως
2549 3236 2798 3306 ἐκείνης⁹
2842 3236 2977 3290 ἀλλὰ
3021 3238 3119 3307 τὴν
3175 3235 3485 3303 ἁγιωσύνην
3517 3230 3827 3292 ἀσκοῦντας

2239 3316 2366 3369 [δεῖν
2418 3314 2511 3367 τὸν
2553 3313 2809 3382 Χριστὸν,
2859 3316 2955 3369 καὶ
2996 3316 3107 3369 τῶν
3158 3314 3586 3385 ἐπηγγελμένων
3637 3312 3824 3378 τυχεῖν

2235 3394 2453 3461 ἀγαθῶν
2478 3411 2490 3423 ·
2526 3386 2599 3444 ῶν
2630 3394 2841 3461 γένοιτο
2871 3396 3079 3455 πάντας
3108 3397 3255 3465 ἡμᾶς
3290 3392 3616 3453 ἀπολαῦσαι,
3637 3390 3823 3460 χάριτι

2234 3474 2330 3525 καὶ
2359 3472 2741 3542 φιλανθρωπία
2772 3473 2866 3525 τοῦ
2917 3474 3118 3543 Κυρίου
3150 3473 3307 3543 ἡμῶν
3348 3470 3523 3539 Ἰησοῦ
3558 3468 3821 3538 Χριστοῦ,

2235 3552 2355 3621 μεθ’
2386 3547 2447 3606 o6
2485 3552 2562 3619 τῷ
2610 3553 2787 3622 Πατρὶ
2824 3554 2855 3622 ὴ
2902 3552 3027 3617 δόξα
3066 3554 3181 3623 ἀμα
3212 3551 3288 3621 τῷ
3332 3551 3470 3621 ἁγίῳ
3516 3551 3819 3618 Πνεύματι,

2233 3633 2313 3693 εἰς
2340 3631 2467 3693 τοὺς
2494 3630 2697 3694 αἰῶνας
2730 3632 2839 3684 τῶν
2878 3631 3109 3686 αἰώνων.
3160 3632 3357 3702 ’Δμήν.

2297 3742 2325 3780 τι
2348 3741 2445 3791 Alii
2469 3742 2731 3803 ἐπάγουσα.
2802 3757 2825 3783 ε
2850 3745 3077 3793 Nonnulli
3101 3745 3255 3792 οὶκίαν
3278 3744 3443 3791 ἑαυτὸν
3454 3742 3658 3803 εἰσάγων
3678 3739 3817 3801 μετά.

2248 3800 2267 3868 ξ
2453 3800 2712 3868 πανταχοῦ.
2794 3807 2944 3854 Savil.
2986 3807 3162 3865 πάντας
3393 3800 3582 3868 κΜρι-εξιξ
3620 3800 3815 3868 πάντας.

2241 3866 2267 3931 ξ
2295 3865 2391 3931 ΔΑΙἱὶ
2424 3867 2486 3927 μὴ
2530 3864 2773 3929 βούλεσθε,
2805 3871 2900 3916 τῶν
2935 3867 3119 3916 ἀδύτων
3325 3865 3352 3904 ιι
3378 3864 3581 3926 Quidam
3615 3864 3822 3927 προστί-

2121 3946 2125 3949 Α
2236 3927 2413 3977 θεσθαι.

2006 4106 2251 4159 ΟΜΙΛΙΑ
2291 4106 2405 4166 ΞΝ.

560 4190 616 4245 '0
651 4190 720 4245 δὲ
752 4192 991 4259 Ἰησοῦς
1015 4189 1121 4263 ἦρε
1148 4191 1290 4263 τοὺς
1310 4192 1658 4263 ὀφθαλμοὺς
1680 4194 1821 4260 ἀνω,
1853 4194 1952 4249 καὶ
1980 4192 2129 4250 εἶπε·

620 4263 831 4336 ῌάτερ.
867 4261 1201 4336 εύχαριστῶ
1228 4261 1357 4336 σοι,
1396 4262 1484 4336 ὅτι
1505 4261 1783 4336 ἤκουσάς
1808 4283 1948 4334 μου.
1993 4267 2133 4336 Ἐγὼ

619 4334 690 4389 δὲ
718 4333 889 4402 ᾔδειν
906 4333 993 4386 ὅτι
1016 4332 1274 4386 πάντοτέ
1292 4351 1410 4402 μου
1431 4333 1701 4400 ἀκούεις’
1726 4332 1886 4389 ἀλλὰ
1906 4336 2005 4389 διὰ
2025 4332 2134 4391 τὸν

621 4400 810 4475 ὄχλον
841 4404 948 4456 τὸν
973 4400 1335 4472 περιεστῶτα
1362 4400 1557 4469 εἶπον,
1592 4406 1687 4458 καὶ
1718 4406 1787 4458 τά
1820 4404 1966 4475 ἑξῆς.

619 4518 688 4564 α’.
730 4512 795 4563 Ὀ
826 4508 1085 4571 πολλάκις
1140 4505 1314 4571 εἷπον,
1370 4509 1529 4563 τοῦτο
1562 4510 1656 4563 καὶ
1686 4510 1781 4562 νῦν
1811 4512 1942 4581 ἐρῶ,
1977 4512 2057 4565 ὅτι
2104 4514 2133 4565 6

548 4590 783 4660 Χριστὸς
816 4588 913 4657 οὑχ
946 4586 1089 4640 οὕτω
1110 4588 1248 4658 πρὸς
1290 4588 1387 4659 τὴν
1404 4589 1561 4654 ἀξίαν
1585 4592 1686 4661 ὁρᾷ
1706 4592 1801 4661 τὴν
1820 4591 2033 4654 ἑαυτοῦ,
2056 4592 2131 4656 ὡς

548 4668 686 4740 πρὸς
708 4669 807 4737 τὴν
836 4667 1110 4736 σωτηρίαν
1139 4667 1237 4738 τὴν
1262 4668 1534 4739 ἡμετέραν
1554 4686 1567 4698 ο
1596 4668 1704 4721 οὐδ’
1733 4671 1879 4732 ὅπως
1912 4688 1962 4722 τι
1990 4671 2132 4741 μέγα

549 4746 871 4816 φθέγξηται,
896 4745 1012 4797 ἀλλ’
1033 4747 1180 4807 ὃπως
1207 4745 1503 4816 δυνάμενον
1529 4749 1677 4817 ἡμᾶς
1699 4750 2128 4805 ἐπισπάσασθαι.

547 4826 646 4878 Διὰ
670 4825 828 4877 τοῦτο
852 4824 920 4877 τά
954 4825 1051 4895 μὲν
1078 4824 1256 4894 ὑψηλά
1286 4828 1377 4877 καὶ
1411 4826 1641 4896 μεγάλα,
1667 4827 1843 4895 ὀλίγα,
1876 4829 1969 4880 καὶ
1992 4831 2132 4884 αὑτὰ

547 4904 605 4958 δὲ
647 4904 1005 4975 κεκρυμμένα
1028 4912 1078 4935 ⁸·
1111 4906 1178 4956 τὰ
1220 4904 1277 4956 δὲ
1313 4905 1548 4957 ταπεινά
1584 4906 1677 4958 καὶ
1710 4905 1924 4975 εὑτελῆ,
1963 4908 2133 4962 πολλά

550 4985 803 5053 περιρρεῖ
855 4985 967 5045 τοῖς
1017 4980 1180 5035 αὑτοῦ
1226 4983 1424 5051 λόγοις.
1493 4984 1708 5053 Ἐπειδὴ
1766 4986 1875 5056 γὰρ
1922 4986 2133 5052 τούτοις

549 5060 804 5130 ἑνήγοντο
838 5060 1037 5129 μᾶλλον
1060 5101 1074 5124 ,
1122 5059 1335 5124 τούτοις
1368 5063 1459 5115 καὶ
1492 5063 1814 5134 ἐνδιατρίϐει
1835 5105 1848 5127 ,
1883 5065 1976 5118 καὶ
2008 5066 2131 5121 οὕτε

548 5138 689 5193 αὑτά
732 5139 906 5192 διόλου
950 5140 1281 5207 φθέγγεται,
1315 5140 1455 5195 ὥστε
1493 5142 1566 5213 μὴ
1612 5144 1738 5204 τοὺς
1785 5144 1923 5212 μετά
1959 5146 2132 5201 ταῦτα

550 5216 835 5286 βλαϐῆναι,
876 5216 1028 5288 [582]
1057 5216 1180 5270 οὕτε
1210 5218 1350 5271 αύτά
1382 5220 1694 5288 ἀποσιωπᾷ,
1726 5219 1866 5273 ὥστε
1903 5222 1976 5292 μὴ
2007 5227 2133 5289 τοὺς

546 5297 669 5349 τότε
712 5296 1182 5368 σκανδαλισθῆναι.
1220 5298 1281 5350 Οἱ
1331 5298 1428 5368 μὲν
1471 5297 1579 5368 γὰρ
1615 5299 1716 5367 τῆς
1746 5302 2133 5373 ταπεινότητος

549 5375 856 5443 ἐξελθόντες
883 5376 933 5440 δ,
972 5376 1066 5429 καὶ
1108 5374 1169 5440 ἐξ
1214 5377 1332 5439 ἐνὸς
1372 5376 1577 5447 ὑψηλοῦ
1617 5378 1887 5447 δόγματος
1930 5380 1992 5433 τὸ
2025 5386 2133 5437 πᾶν

548 5454 868 5535 δυνήσονται
894 5453 1133 5535 κατιδεῖν
1153 5469 1168 5483 °
1206 5455 1255 5507 οἰ
1291 5454 1347 5507 δὲ
1376 5455 1743 5535 ἀεὶῗταπεινοὶ
1772 5457 1944 5521 ὄντες,
1976 5461 2025 5513 εί
2055 5464 2131 5535 μὴ

550 5534 811 5599 πολλάκις
843 5534 1020 5587 ταῦτα
1056 5534 1253 5605 ἦκουον
1298 5534 1407 5588 οὐδ’
1454 5534 1521 5590 ἂν
1568 5536 1706 5601 ὅλως
1752 5539 2055 5609 προσῆλθον
2080 5552 2126 5592 ε.

563 5612 779 5681 Ἀμέλει
812 5612 944 5682 γοῦν
972 5612 1092 5665 οὑδὲ
1128 5612 1264 5683 μετά
1291 5613 1529 5667 τοσαῦτα
1567 5617 1837 5685 μένουσιν,
1868 5617 2003 5672 ἀλλά
2039 5621 2132 5672 καὶ

550 5687 831 5753 λιθάζουσι
876 5692 973 5744 καὶ
1010 5691 1294 5755 διώκουσι,
1331 5693 1424 5745 καὶ
1479 5693 1724 5765 ἀναιρεῖν
1773 5696 2128 5765 ἐπιχειροῦσι,

552 5767 644 5819 καὶ
674 5766 991 5836 βλάσφημον
1027 5768 1398 5823 ἀποκαλοῦσι·
1432 5770 1527 5822 καὶ
1558 5770 1685 5824 ὅταν
1722 5772 1822 5842 μὲν
1860 5774 1971 5825 ἴσον
2005 5776 2129 5827 ἑαυ-

617 5882 641 5907 ⁴
664 5880 813 5949 Savll.
850 5881 1235 5949 ’.ἐγ-κεκρυμμένα.
1301 5880 1331 5919 δ
1358 5882 1596 5949 105
1618 5890 1661 5933 οἱ
1704 5887 1785 5945 μὲν
1808 5886 1896 5949 γὰρ
1922 5887 2036 5949 πρὸς
2074 5888 2129 5935 τὸ

553 5944 730 5987 τέλειον
757 5942 820 6007 ἐξ.
849 5940 1011 6007 δεινῇ.⁸
1035 5940 1239 6007 νιιτοηθι
1279 5945 1386 6007 cod_.
1404 5944 1545 6007 __7_09,
1582 5949 1626 5994 οἱ
1650 5940 1714 6007 μ.’
1733 5963 1778 6007 γ.
1812 5940 1894 6004 τῆς
1916 5940 2131 5995 ταπεινὸ-

555 6015 707 6116 ἓξὲξ
716 6001 831 6062 πρὸς
865 6000 921 6048 τὸ
946 6001 1122 6049 τέλειον
1144 6004 1209 6058 ἐξ.
1298 6007 1319 6035 ε
1350 6002 1480 6056 Edili
1508 6000 1775 6071 προσῆλθον
1820 6000 1906 6059 alii
1928 6009 2130 6072 ἐκρατή-

2234 4198 2325 4251 τὸν
2365 4202 2489 4270 ποιῇ
2538 4199 2615 4269 τῷ
2653 4200 2791 4270 Θεῷ,
2835 4199 2977 4252 οὕτω
3013 4200 3291 4267 λέγουσιν·
3319 4195 3507 4264 Οὗτος
3532 4199 3822 4264 ,ϐλασφη-

2228 4276 2355 4345 μεῖ·
2391 4279 2518 4331 ὅταν
2550 4278 2604 4330 δὲ
2635 4280 2783 4350 εἴπῃ.
2834 4277 3143 4346 Ἀφέωνταί
3172 4295 3287 4333 σου
3321 4281 3380 4331 αἱ
3406 4277 3700 4345 ἁμαρτίαι,
3735 4274 3821 4330 ἔτι

2235 4356 2329 4408 καὶ
2358 4356 2694 4425 δαιμονῶντα
2741 4357 2994 4409 καλοῦσιν
3017 4373 3030 4386 ο
3065 4358 3254 4428 ῶσπερ
3289 4358 3381 4410 καὶ
3421 4357 3549 4409 ὅταν
3580 4355 3821 4407 θανάτου

2234 4434 2518 4504 κρείττονα
2548 4432 2686 4488 εἶναι
2713 4436 2804 4488 τὸν
2830 4436 3093 4489 ἀκούοντα
3126 4437 3289 4489 αὑτοῦ
3321 4437 3427 4488 τῶν
3466 4436 3745 4507 ῥημάτων,
3781 4433 3818 4505 ἢ

2234 4515 2329 4565 καὶ
2350 4514 2477 4565 ὅταν
2506 4513 2659 4586 λέγῃ,
2703 4514 2849 4583 Ἐγὼ
2880 4516 2949 4568 ἐν
2974 4514 3052 4579 τῷ
3084 4515 3287 4583 Πατρὶ,
3324 4515 3419 4567 καὶ
3458 4518 3489 4567 ό
3516 4512 3715 4577 Πατὴρ
3745 4514 3822 4565 ἐν

2234 4592 2383 4658 ἐμοὶ,
2416 4594 2986 4662 ἑγκαταλιμπάνουσιν
3018 4595 3178 4647 αὑτόν
3204 4612 3214 4620 ·
3246 4595 3340 4646 καὶ
3373 4591 3821 4655 σκανδαλίζονται

2235 4671 2417 4732 πάλιν,
2448 4674 2575 4727 ὃταν
2605 4673 2739 4745 λέγῃ
2775 4675 2837 4724 ἑκ
2872 4672 2963 4724 τοῦ
2994 4672 3224 4745 ούρανοῦ
3256 4671 3711 4741 καταϐεϐηκέναι.
3749 4672 3822 4725 Εἰ

2235 4750 2363 4816 γοῦν
2386 4751 2557 4803 ταῦτα
2584 4754 2684 4804 οὑκ
2706 4752 2900 4821 ἔφερον
2924 4753 3217 4813 σπανιάκις
3247 4750 3535 4819 λεγόμενα,
3566 4750 3725 4819 σχολῇ
3758 4752 3820 4817 γ’

2233 4829 2319 4885 ἂν,
2354 4829 2401 4878 εἰ
2430 4828 2517 4880 διὰ
2547 4830 2762 4881 πάντων
2784 4829 2984 4896 ὑψηλὸς
3013 4824 3079 4898 ἦν
3108 4830 3135 4879 6
3164 4828 3318 4895 λόγος
3344 4828 3436 4880 καὶ
3460 4827 3628 4890 οὕτως
3653 4827 3821 4893 ὑφαί-

2234 4923 2376 4967 νετο,
2401 4907 2701 4976 προσέσχον
2734 4907 2797 4960 ἂν
2827 4908 2993 4977 αὑτῷ.
3025 4908 3194 4959 Ὅταν
3227 4906 3356 4973 γοῦν
3398 4905 3553 4976 λέγῃ,
3605 4906 3822 4971 Καθὼς

2233 4985 2569 5039 ἐνετείλατό
2596 5004 2693 5053 μοι
2720 4990 2751 5038 ό
2783 4986 2999 5054 Πατὴρ,
3034 4986 3186 5039 οὕτω
3210 4985 3397 5039 λαλῶ·
3428 4987 3541 5046 καὶ,
3571 4986 3650 5037 ὅτι
3694 4986 3820 5037 Ἀπ’

2232 5063 2493 5130 ἐμαυτοῦ
2535 5065 2646 5117 οὐκ
2684 5064 2954 5127 ἐλήλυθα
2971 5065 3020 5120 ά.
3054 5065 3175 5117 τότε
3221 5064 3553 5117 πιστεύουσι.
3594 5064 3702 5115 Καὶ
3729 5064 3823 5116 ὃτι

2232 5144 2375 5206 τότε,
2397 5142 2555 5212 δῆλον
2578 5142 2687 5195 ἀπὸ
2715 5142 2807 5194 τοῦ
2835 5143 2924 5194 τὸν
2947 5142 3338 5213 εὑαγγελιστὴν
3360 5142 3517 5194 τοῦτο
3540 5142 3823 5211 ἐπισημή-

2233 5222 2427 5275 νασθαι
2466 5224 2561 5274 καὶ
2592 5224 2801 5282 εἰπεῖν,
2844 5222 2924 5273 ὅτι
2974 5222 3169 5275 Ταῦτα
3215 5220 3400 5275 αὑτοῦ
3436 5220 3819 5285 λαλοῦντος,

2234 5301 2452 5355 πολλοὶ
2489 5301 2863 5355 ἐπίστευσαν
2900 5303 2986 5366 είς
3025 5303 3231 5354 αὐτόν.
3272 5299 3333 5352 Εἰ
3384 5302 3560 5352 τοίνυν
3602 5300 3663 5351 τὸ
3714 5300 3821 5369 μὲν

2233 5381 2463 5432 ταπεινά
2509 5379 2839 5448 φθέγγεσθαι
2888 5379 3023 5450 πρὸς
3073 5380 3253 5431 πίστιν
3301 5380 3550 5447 ἑφείλκε,
3590 5378 3651 5431 τὸ
3692 5378 3751 5431 δὲ
3793 5390 3820 5418 ο

2235 5458 2434 5529 ὑψηλά,
2468 5460 2746 5519 ἀπεσόϐει,
2781 5462 2895 5522 πῶς
2925 5461 3023 5513 οὐκ
3064 5459 3300 5529 ἐσχάτης
3330 5459 3513 5521 ἀνοίας
3546 5458 3619 5528 μὴ
3659 5457 3820 5525 λογί-

2234 5539 2423 5603 ζεσθαι
2452 5540 2561 5591 τῶν
2600 5540 2869 5593 ταπεινῶν
2897 5540 2994 5609 τὴν
3028 5539 3207 5590 αἰτίαν
3238 5540 3413 5590 πᾶσαν
3448 5538 3529 5589 ὅτι
3562 5537 3651 5590 διά
3684 5539 3821 5600 τοὺς

2233 5616 2509 5687 ἀκροατὰς
2533 5620 2745 5689 εἴρηται
2770 5637 2783 5683 ;
2833 5620 2981 5671 Ἐπεὶ
3012 5619 3103 5670 καὶ
3124 5615 3355 5687 ἀλλαχοῦ
3392 5616 3534 5687 μέγα
3555 5633 3605 5668 τι
3636 5618 3821 5669 εἰπεῖν

2236 5696 2533 5767 βουληθεὶς,
2570 5699 2809 5768 ἐσίγησε,
2846 5698 2943 5769 τὴν
2982 5698 3161 5751 αἰτίαν
3193 5696 3393 5766 ταύτην
3428 5697 3682 5766 προσθεὶς
3717 5698 3818 5749 καὶ

2233 5777 2401 5829 εἰπών
2422 5792 2435 5805 ·
2470 5776 2601 5829 Ἵνα
2634 5778 2699 5829 δὲ
2728 5779 2812 5846 μὴ
2849 5776 3349 5845 σκανδαλίσωμεν
3381 5775 3621 5841 αὐτοὺς,
3651 5775 3822 5838 ,βάλε

2295 5886 2321 5926 (1
2344 5887 2495 5937 Savil.
2546 5896 2595 5934 Pl
2620 5889 2789 5935 Morel.
2818 5890 2904 5937 οὐκ
2942 5890 3153 5945 ἐλήλυθα.
3193 5889 3395 5946 Quidam
3434 5901 3546 5935 mss.
3591 5888 3645 5936 οὑ
3679 5888 3822 5935 λαλῶ

2231 5950 2411 6025 οὐδένέι
2477 5950 2726 6025 ο¹ρειὶξίιιηι
2761 5952 3032 6025 φθέγγεσθαι
3059 5954 3217 6025 ¹ξτίστιγ
3250 5951 3426 6025 ἐποίει,
3460 5951 3514 5997 τὸ
3548 5951 3617 5999 δέ.
3656 5950 3824 5999 Paulo

2230 6018 2342 6072 post
2368 6009 2538 6059 Morel.
2578 6013 2662 6069 τήν
2682 6009 2833 6060 αἰτίαν
2853 6009 3033 6061 πᾶσαν
3057 6014 3099 6061 δ.
3126 6029 3152 6060 τ
3194 6014 3244 6061 ά.
3270 6013 3497 6074 εἰρῆσθαι.
