  <div class='ocr_page' id='page_1' title='image "/cluster/home/n/w/nwhite01/storage/ocr_20150623/59/nnc1.0046979891/350.png"; bbox 0 0 4100 6362; ppageno 0'>
   <div class='ocr_carea' id='block_1_1' title="bbox 323 386 431 447">
    <p class='ocr_par' dir='ltr' id='par_1_1' title="bbox 323 386 431 447">
     <span class='ocr_line' id='line_1_1' title="bbox 323 386 431 447; baseline -0.037 0"><span class='ocrx_word' id='word_1_1' title='bbox 323 386 431 447; x_wconf 72' lang='lat'><strong>353</strong></span> 
     </span>
    </p>
   </div>
   <div class='ocr_carea' id='block_1_2' title="bbox 326 490 1901 569">
    <p class='ocr_par' dir='ltr' id='par_1_2' title="bbox 326 490 1901 569">
     <span class='ocr_line' id='line_1_2' title="bbox 326 490 1901 569; baseline -0.01 -9"><span class='ocrx_word' id='word_1_2' title='bbox 326 518 448 560; x_wconf 89' lang='lat' dir='ltr'><strong>rum</strong></span> <span class='ocrx_word' id='word_1_3' title='bbox 466 541 485 568; x_wconf 96' lang='lat'><strong>,</strong></span> <span class='ocrx_word' id='word_1_4' title='bbox 512 499 607 556; x_wconf 82' lang='lat' dir='ltr'><strong>sed</strong></span> <span class='ocrx_word' id='word_1_5' title='bbox 639 500 690 553; x_wconf 90' lang='lat' dir='ltr'><strong>in</strong></span> <span class='ocrx_word' id='word_1_6' title='bbox 718 497 1013 569; x_wconf 75' lang='lat' dir='ltr'><strong>gehennam</strong></span> <span class='ocrx_word' id='word_1_7' title='bbox 1040 493 1256 549; x_wconf 85' lang='lat' dir='ltr'><strong>incidet.</strong></span> <span class='ocrx_word' id='word_1_8' title='bbox 1302 494 1437 549; x_wconf 78' lang='lat' dir='ltr'><strong>Audi</strong></span> <span class='ocrx_word' id='word_1_9' title='bbox 1464 509 1582 564; x_wconf 77' lang='lat' dir='ltr'><strong>qua:</strong></span> <span class='ocrx_word' id='word_1_10' title='bbox 1610 492 1678 548; x_wconf 91' lang='lat' dir='ltr'><strong>de</strong></span> <span class='ocrx_word' id='word_1_11' title='bbox 1708 493 1791 546; x_wconf 89' lang='lat' dir='ltr'><strong>his</strong></span> <span class='ocrx_word' id='word_1_12' title='bbox 1819 490 1901 546; x_wconf 91' lang='lat' dir='ltr'><strong>di-</strong></span> 
     </span>
    </p>
   </div>
   <div class='ocr_carea' id='block_1_3' title="bbox 328 586 1911 656">
    <p class='ocr_par' dir='ltr' id='par_1_3' title="bbox 328 586 1911 656">
     <span class='ocr_line' id='line_1_3' title="bbox 328 586 1911 656; baseline -0.011 -2"><span class='ocrx_word' id='word_1_13' title='bbox 328 600 401 655; x_wconf 89' lang='lat' dir='ltr'><strong>cit</strong></span> <span class='ocrx_word' id='word_1_14' title='bbox 427 596 670 652; x_wconf 81' lang='lat' dir='ltr'><strong>Christus</strong></span> <span class='ocrx_word' id='word_1_15' title='bbox 702 610 715 644; x_wconf 89' lang='lat'>:</span> <span class='ocrx_word' id='word_1_16' title='bbox 756 592 947 645; x_wconf 84' lang='lat' dir='ltr'><strong>Vermis</strong></span> <span class='ocrx_word' id='word_1_17' title='bbox 971 606 1143 644; x_wconf 90' lang='lat' dir='ltr'><strong>eorum</strong></span> <span class='ocrx_word' id='word_1_18' title='bbox 1165 604 1267 642; x_wconf 89' lang='lat' dir='ltr'><strong>non</strong></span> <span class='ocrx_word' id='word_1_19' title='bbox 1292 588 1553 653; x_wconf 90' lang='lat' dir='ltr'><strong>morietur,</strong></span> <span class='ocrx_word' id='word_1_20' title='bbox 1584 596 1630 640; x_wconf 91' lang='lat' dir='ltr'><strong>et</strong></span> <span class='ocrx_word' id='word_1_21' title='bbox 1649 586 1781 656; x_wconf 86' lang='lat' dir='ltr'><strong>ignis</strong></span> <span class='ocrx_word' id='word_1_22' title='bbox 1810 600 1911 638; x_wconf 91' lang='lat' dir='ltr'><strong>non</strong></span> 
     </span>
    </p>
   </div>
   <div class='ocr_carea' id='block_1_4' title="bbox 330 676 1910 758">
    <p class='ocr_par' dir='ltr' id='par_1_4' title="bbox 330 676 1910 758">
     <span class='ocr_line' id='line_1_4' title="bbox 330 676 1910 758; baseline -0.01 -13"><span class='ocrx_word' id='word_1_23' title='bbox 330 691 673 758; x_wconf 68' lang='lat' dir='ltr'><strong>exslinguetur</strong></span> <span class='ocrx_word' id='word_1_24' title='bbox 702 686 721 754; x_wconf 96' lang='lat'><strong>(</strong></span> <span class='ocrx_word' id='word_1_25' title='bbox 750 683 909 737; x_wconf 78' lang='lat' dir='ltr'><strong>Marc.</strong></span> <span class='ocrx_word' id='word_1_26' title='bbox 954 683 1009 738; x_wconf 93' lang='lat'><strong>9.</strong></span> <span class='ocrx_word' id='word_1_27' title='bbox 1032 681 1102 736; x_wconf 78' lang='grc'><strong>45</strong></span> <span class='ocrx_word' id='word_1_28' title='bbox 1124 680 1164 752; x_wconf 95' lang='grc'><strong>).</strong></span> <span class='ocrx_word' id='word_1_29' title='bbox 1197 679 1359 749; x_wconf 67' lang='grc' dir='ltr'><strong>,Νιιῐιε</strong></span> <span class='ocrx_word' id='word_1_30' title='bbox 1386 679 1527 733; x_wconf 90' lang='lat' dir='ltr'><strong>enim</strong></span> <span class='ocrx_word' id='word_1_31' title='bbox 1558 678 1711 733; x_wconf 86' lang='lat' dir='ltr'><strong>venia</strong></span> <span class='ocrx_word' id='word_1_32' title='bbox 1740 676 1788 732; x_wconf 91' lang='lat' dir='ltr'><strong>ei</strong></span> <span class='ocrx_word' id='word_1_33' title='bbox 1821 676 1910 745; x_wconf 85' lang='lat' dir='ltr'><strong>qui</strong></span> 
     </span>
    </p>
   </div>
   <div class='ocr_carea' id='block_1_5' title="bbox 329 767 1911 836">
    <p class='ocr_par' dir='ltr' id='par_1_5' title="bbox 329 767 1911 836">
     <span class='ocr_line' id='line_1_5' title="bbox 329 767 1911 836; baseline -0.009 -2"><span class='ocrx_word' id='word_1_34' title='bbox 329 782 509 835; x_wconf 81' lang='lat' dir='ltr'><strong>uxoris</strong></span> <span class='ocrx_word' id='word_1_35' title='bbox 530 777 952 833; x_wconf 77' lang='lat' dir='ltr'><strong>consolationem</strong></span> <span class='ocrx_word' id='word_1_36' title='bbox 974 773 1178 828; x_wconf 83' lang='lat' dir='ltr'><strong>habens</strong></span> <span class='ocrx_word' id='word_1_37' title='bbox 1195 814 1208 836; x_wconf 88' lang='lat'><strong>,</strong></span> <span class='ocrx_word' id='word_1_38' title='bbox 1241 771 1389 825; x_wconf 84' lang='lat' dir='ltr'><strong>illam</strong></span> <span class='ocrx_word' id='word_1_39' title='bbox 1414 811 1429 836; x_wconf 92' lang='lat'><strong>,</strong></span> <span class='ocrx_word' id='word_1_40' title='bbox 1457 768 1625 823; x_wconf 88' lang='lat' dir='ltr'><strong>altera</strong></span> <span class='ocrx_word' id='word_1_41' title='bbox 1654 767 1911 833; x_wconf 90' lang='lat' dir='ltr'><strong>admissa,</strong></span> 
     </span>
    </p>
   </div>
   <div class='ocr_carea' id='block_1_6' title="bbox 330 859 1915 932">
    <p class='ocr_par' dir='ltr' id='par_1_6' title="bbox 330 859 1915 932">
     <span class='ocr_line' id='line_1_6' title="bbox 330 859 1915 932; baseline -0.009 -7"><span class='ocrx_word' id='word_1_42' title='bbox 330 869 653 925; x_wconf 81' lang='lat' dir='ltr'><strong>contumelia</strong></span> <span class='ocrx_word' id='word_1_43' title='bbox 698 865 862 919; x_wconf 80' lang='lat' dir='ltr'><strong>afficit</strong></span> <span class='ocrx_word' id='word_1_44' title='bbox 889 882 904 919; x_wconf 90' lang='lat'>:</span> <span class='ocrx_word' id='word_1_45' title='bbox 935 865 1049 919; x_wconf 63' lang='lat' dir='ltr'><strong>haec</strong></span> <span class='ocrx_word' id='word_1_46' title='bbox 1088 862 1283 932; x_wconf 85' lang='lat' dir='ltr'><strong>quippe</strong></span> <span class='ocrx_word' id='word_1_47' title='bbox 1331 859 1742 929; x_wconf 79' lang='lat' dir='ltr'><strong>intemperantia</strong></span> <span class='ocrx_word' id='word_1_48' title='bbox 1789 872 1915 912; x_wconf 87' lang='lat' dir='ltr'><strong>vere</strong></span> 
     </span>
    </p>
   </div>
   <div class='ocr_carea' id='block_1_7' title="bbox 331 949 1916 1027">
    <p class='ocr_par' dir='ltr' id='par_1_7' title="bbox 331 949 1916 1027">
     <span class='ocr_line' id='line_1_7' title="bbox 331 949 1916 1027; baseline -0.009 -12"><span class='ocrx_word' id='word_1_49' title='bbox 331 972 434 1016; x_wconf 91' lang='lat' dir='ltr'><strong>est.</strong></span> <span class='ocrx_word' id='word_1_50' title='bbox 475 958 625 1027; x_wconf 90' lang='lat' dir='ltr'><strong>Quod</strong></span> <span class='ocrx_word' id='word_1_51' title='bbox 674 959 716 1013; x_wconf 92' lang='lat' dir='ltr'><strong>si</strong></span> <span class='ocrx_word' id='word_1_52' title='bbox 777 956 927 1012; x_wconf 89' lang='lat' dir='ltr'><strong>multi</strong></span> <span class='ocrx_word' id='word_1_53' title='bbox 958 953 1231 1026; x_wconf 86' lang='lat' dir='ltr'><strong>jejunandi</strong></span> <span class='ocrx_word' id='word_1_54' title='bbox 1275 961 1329 1007; x_wconf 89' lang='lat' dir='ltr'><strong>et</strong></span> <span class='ocrx_word' id='word_1_55' title='bbox 1364 951 1614 1022; x_wconf 84' lang='lat' dir='ltr'><strong>precandi</strong></span> <span class='ocrx_word' id='word_1_56' title='bbox 1662 964 1819 1005; x_wconf 88' lang='lat' dir='ltr'><strong>causa</strong></span> <span class='ocrx_word' id='word_1_57' title='bbox 1848 949 1916 1002; x_wconf 89' lang='lat' dir='ltr'><strong>ab</strong></span> 
     </span>
    </p>
   </div>
   <div class='ocr_carea' id='block_1_8' title="bbox 334 1040 1915 1116">
    <p class='ocr_par' dir='ltr' id='par_1_8' title="bbox 334 1040 1915 1116">
     <span class='ocr_line' id='line_1_8' title="bbox 334 1040 1915 1116; baseline -0.008 -11"><span class='ocrx_word' id='word_1_58' title='bbox 334 1067 500 1105; x_wconf 86' lang='lat' dir='ltr'><strong>uxore</strong></span> <span class='ocrx_word' id='word_1_59' title='bbox 530 1048 831 1113; x_wconf 87' lang='lat' dir='ltr'><strong>abstinent;</strong></span> <span class='ocrx_word' id='word_1_60' title='bbox 881 1047 969 1116; x_wconf 88' lang='lat' dir='ltr'><strong>qui</strong></span> <span class='ocrx_word' id='word_1_61' title='bbox 997 1061 1093 1099; x_wconf 86' lang='lat' dir='ltr'><strong>sua</strong></span> <span class='ocrx_word' id='word_1_62' title='bbox 1124 1059 1230 1099; x_wconf 91' lang='lat' dir='ltr'><strong>non</strong></span> <span class='ocrx_word' id='word_1_63' title='bbox 1258 1053 1544 1098; x_wconf 87' lang='lat' dir='ltr'><strong>contentus</strong></span> <span class='ocrx_word' id='word_1_64' title='bbox 1567 1042 1786 1096; x_wconf 85' lang='lat' dir='ltr'><strong>alteram</strong></span> <span class='ocrx_word' id='word_1_65' title='bbox 1817 1040 1915 1093; x_wconf 84' lang='lat' dir='ltr'><strong>ad-</strong></span> 
     </span>
    </p>
   </div>
   <div class='ocr_carea' id='block_1_9' title="bbox 334 1132 1916 1209">
    <p class='ocr_par' dir='ltr' id='par_1_9' title="bbox 334 1132 1916 1209">
     <span class='ocr_line' id='line_1_9' title="bbox 334 1132 1916 1209; baseline -0.007 -14"><span class='ocrx_word' id='word_1_66' title='bbox 334 1143 528 1205; x_wconf 89' lang='lat' dir='ltr'><strong>mittit,</strong></span> <span class='ocrx_word' id='word_1_67' title='bbox 573 1151 826 1209; x_wconf 92' lang='lat' dir='ltr'><strong>quantum</strong></span> <span class='ocrx_word' id='word_1_68' title='bbox 860 1137 957 1191; x_wconf 92' lang='lat' dir='ltr'><strong>sibi</strong></span> <span class='ocrx_word' id='word_1_69' title='bbox 990 1138 1166 1206; x_wconf 83' lang='lat' dir='ltr'><strong>ignem</strong></span> <span class='ocrx_word' id='word_1_70' title='bbox 1192 1132 1536 1189; x_wconf 80' lang='lat' dir='ltr'><strong>accumulat?</strong></span> <span class='ocrx_word' id='word_1_71' title='bbox 1574 1132 1632 1188; x_wconf 92' lang='lat' dir='ltr'><strong>Si</strong></span> <span class='ocrx_word' id='word_1_72' title='bbox 1658 1148 1762 1186; x_wconf 91' lang='lat' dir='ltr'><strong>non</strong></span> <span class='ocrx_word' id='word_1_73' title='bbox 1792 1132 1916 1185; x_wconf 91' lang='lat' dir='ltr'><strong>licet</strong></span> 
     </span>
    </p>
   </div>
   <div class='ocr_carea' id='block_1_10' title="bbox 334 1224 1916 1303">
    <p class='ocr_par' dir='ltr' id='par_1_10' title="bbox 334 1224 1916 1303">
     <span class='ocr_line' id='line_1_10' title="bbox 334 1224 1916 1303; baseline -0.008 -14"><span class='ocrx_word' id='word_1_74' title='bbox 334 1235 383 1289; x_wconf 86' lang='lat' dir='ltr'><strong>ei</strong></span> <span class='ocrx_word' id='word_1_75' title='bbox 413 1232 502 1302; x_wconf 85' lang='lat' dir='ltr'><strong>qui</strong></span> <span class='ocrx_word' id='word_1_76' title='bbox 531 1248 750 1287; x_wconf 82' lang='lat' dir='ltr'><strong>uxorem</strong></span> <span class='ocrx_word' id='word_1_77' title='bbox 775 1229 1070 1299; x_wconf 80' lang='lat' dir='ltr'><strong>repudiavit</strong></span> <span class='ocrx_word' id='word_1_78' title='bbox 1096 1237 1151 1282; x_wconf 93' lang='lat' dir='ltr'><strong>et</strong></span> <span class='ocrx_word' id='word_1_79' title='bbox 1169 1227 1357 1296; x_wconf 83' lang='lat' dir='ltr'><strong>ejecit,</strong></span> <span class='ocrx_word' id='word_1_80' title='bbox 1388 1242 1506 1280; x_wconf 92' lang='lat' dir='ltr'><strong>cum</strong></span> <span class='ocrx_word' id='word_1_81' title='bbox 1536 1226 1706 1303; x_wconf 87' lang='lat' dir='ltr'><strong>altera</strong></span> <span class='ocrx_word' id='word_1_82' title='bbox 1730 1224 1916 1289; x_wconf 89' lang='lat' dir='ltr'><strong>coire;</strong></span> 
     </span>
    </p>
   </div>
   <div class='ocr_carea' id='block_1_11' title="bbox 338 1314 1921 1394">
    <p class='ocr_par' dir='ltr' id='par_1_11' title="bbox 338 1314 1921 1394">
     <span class='ocr_line' id='line_1_11' title="bbox 338 1314 1921 1394; baseline -0.008 -16"><span class='ocrx_word' id='word_1_83' title='bbox 338 1325 437 1378; x_wconf 90' lang='lat' dir='ltr'><strong>hoc</strong></span> <span class='ocrx_word' id='word_1_84' title='bbox 461 1327 656 1394; x_wconf 89' lang='lat' dir='ltr'><strong>quippe</strong></span> <span class='ocrx_word' id='word_1_85' title='bbox 695 1332 777 1377; x_wconf 89' lang='lat' dir='ltr'><strong>est</strong></span> <span class='ocrx_word' id='word_1_86' title='bbox 803 1320 1159 1384; x_wconf 87' lang='lat' dir='ltr'><strong>adulterium;</strong></span> <span class='ocrx_word' id='word_1_87' title='bbox 1209 1319 1298 1389; x_wconf 89' lang='lat' dir='ltr'><strong>qui</strong></span> <span class='ocrx_word' id='word_1_88' title='bbox 1341 1333 1560 1372; x_wconf 83' lang='lat' dir='ltr'><strong>uxorem</strong></span> <span class='ocrx_word' id='word_1_89' title='bbox 1605 1331 1785 1371; x_wconf 89' lang='lat' dir='ltr'><strong>secum</strong></span> <span class='ocrx_word' id='word_1_90' title='bbox 1829 1314 1921 1367; x_wconf 88' lang='lat' dir='ltr'><strong>ha-</strong></span> 
     </span>
    </p>
   </div>
   <div class='ocr_carea' id='block_1_12' title="bbox 337 1405 1923 1482">
    <p class='ocr_par' dir='ltr' id='par_1_12' title="bbox 337 1405 1923 1482">
     <span class='ocr_line' id='line_1_12' title="bbox 337 1405 1923 1482; baseline -0.008 -11"><span class='ocrx_word' id='word_1_91' title='bbox 337 1417 509 1482; x_wconf 87' lang='lat' dir='ltr'><strong>bens,</strong></span> <span class='ocrx_word' id='word_1_92' title='bbox 560 1415 780 1469; x_wconf 84' lang='lat' dir='ltr'><strong>alteram</strong></span> <span class='ocrx_word' id='word_1_93' title='bbox 814 1412 1053 1476; x_wconf 89' lang='lat' dir='ltr'><strong>inducit,</strong></span> <span class='ocrx_word' id='word_1_94' title='bbox 1100 1420 1358 1480; x_wconf 91' lang='lat' dir='ltr'><strong>quantum</strong></span> <span class='ocrx_word' id='word_1_95' title='bbox 1406 1408 1582 1463; x_wconf 86' lang='lat' dir='ltr'><strong>scelus</strong></span> <span class='ocrx_word' id='word_1_96' title='bbox 1614 1405 1923 1477; x_wconf 80' lang='lat' dir='ltr'><strong>perpetrat?</strong></span> 
     </span>
    </p>
   </div>
   <div class='ocr_carea' id='block_1_13' title="bbox 338 1498 1921 1576">
    <p class='ocr_par' dir='ltr' id='par_1_13' title="bbox 338 1498 1921 1576">
     <span class='ocr_line' id='line_1_13' title="bbox 338 1498 1921 1576; baseline -0.007 -14"><span class='ocrx_word' id='word_1_97' title='bbox 338 1507 507 1563; x_wconf 84' lang='lat' dir='ltr'><strong>Nemo</strong></span> <span class='ocrx_word' id='word_1_98' title='bbox 535 1506 693 1576; x_wconf 92' lang='lat' dir='ltr'><strong>igitur</strong></span> <span class='ocrx_word' id='word_1_99' title='bbox 737 1503 878 1558; x_wconf 92' lang='lat' dir='ltr'><strong>hunc</strong></span> <span class='ocrx_word' id='word_1_100' title='bbox 909 1502 1155 1556; x_wconf 90' lang='lat' dir='ltr'><strong>morbum</strong></span> <span class='ocrx_word' id='word_1_101' title='bbox 1180 1502 1232 1555; x_wconf 92' lang='lat' dir='ltr'><strong>in</strong></span> <span class='ocrx_word' id='word_1_102' title='bbox 1262 1501 1435 1554; x_wconf 83' lang='lat' dir='ltr'><strong>animo</strong></span> <span class='ocrx_word' id='word_1_103' title='bbox 1470 1498 1705 1553; x_wconf 88' lang='lat' dir='ltr'><strong>insidere</strong></span> <span class='ocrx_word' id='word_1_104' title='bbox 1748 1498 1921 1564; x_wconf 85' lang='lat' dir='ltr'><strong>sinat,</strong></span> 
     </span>
    </p>
   </div>
   <div class='ocr_carea' id='block_1_14' title="bbox 340 1595 1924 1664">
    <p class='ocr_par' dir='ltr' id='par_1_14' title="bbox 340 1595 1924 1664">
     <span class='ocr_line' id='line_1_14' title="bbox 340 1595 1924 1664; baseline -0.006 -10"><span class='ocrx_word' id='word_1_105' title='bbox 340 1599 431 1655; x_wconf 84' lang='lat' dir='ltr'><strong>sed</strong></span> <span class='ocrx_word' id='word_1_106' title='bbox 457 1598 709 1653; x_wconf 85' lang='lat' dir='ltr'><strong>radicitus</strong></span> <span class='ocrx_word' id='word_1_107' title='bbox 731 1595 943 1651; x_wconf 91' lang='lat' dir='ltr'><strong>evellat.</strong></span> <span class='ocrx_word' id='word_1_108' title='bbox 973 1595 1155 1664; x_wconf 86' lang='lat' dir='ltr'><strong>Neque</strong></span> <span class='ocrx_word' id='word_1_109' title='bbox 1181 1595 1322 1649; x_wconf 89' lang='lat' dir='ltr'><strong>enim</strong></span> <span class='ocrx_word' id='word_1_110' title='bbox 1349 1602 1454 1647; x_wconf 91' lang='lat' dir='ltr'><strong>tam</strong></span> <span class='ocrx_word' id='word_1_111' title='bbox 1479 1607 1700 1646; x_wconf 91' lang='lat' dir='ltr'><strong>uxorem</strong></span> <span class='ocrx_word' id='word_1_112' title='bbox 1722 1631 1737 1657; x_wconf 94' lang='lat'><strong>,</strong></span> <span class='ocrx_word' id='word_1_113' title='bbox 1766 1606 1924 1660; x_wconf 89' lang='lat' dir='ltr'><strong>quam</strong></span> 
     </span>
    </p>
   </div>
   <div class='ocr_carea' id='block_1_15' title="bbox 343 1683 1929 1761">
    <p class='ocr_par' dir='ltr' id='par_1_15' title="bbox 343 1683 1929 1761">
     <span class='ocr_line' id='line_1_15' title="bbox 343 1683 1929 1761; baseline -0.008 -14"><span class='ocrx_word' id='word_1_114' title='bbox 343 1693 574 1761; x_wconf 90' lang='lat' dir='ltr'><strong>seipsum</strong></span> <span class='ocrx_word' id='word_1_115' title='bbox 603 1688 769 1744; x_wconf 75' lang='lat' dir='ltr'><strong>lzedit.</strong></span> <span class='ocrx_word' id='word_1_116' title='bbox 801 1688 948 1743; x_wconf 84' lang='lat' dir='ltr'><strong>Adeo</strong></span> <span class='ocrx_word' id='word_1_117' title='bbox 977 1700 1143 1757; x_wconf 89' lang='lat' dir='ltr'><strong>grave</strong></span> <span class='ocrx_word' id='word_1_118' title='bbox 1163 1726 1179 1753; x_wconf 98' lang='lat'><strong>,</strong></span> <span class='ocrx_word' id='word_1_119' title='bbox 1205 1685 1340 1740; x_wconf 89' lang='lat' dir='ltr'><strong>adeo</strong></span> <span class='ocrx_word' id='word_1_120' title='bbox 1364 1685 1517 1739; x_wconf 90' lang='lat' dir='ltr'><strong>venia</strong></span> <span class='ocrx_word' id='word_1_121' title='bbox 1542 1683 1817 1753; x_wconf 89' lang='lat' dir='ltr'><strong>indignum</strong></span> <span class='ocrx_word' id='word_1_122' title='bbox 1845 1690 1929 1736; x_wconf 88' lang='lat' dir='ltr'><strong>est</strong></span> 
     </span>
    </p>
   </div>
   <div class='ocr_carea' id='block_1_16' title="bbox 274 1772 1927 1852">
    <p class='ocr_par' dir='ltr' id='par_1_16' title="bbox 274 1772 1927 1852">
     <span class='ocr_line' id='line_1_16' title="bbox 274 1772 1927 1852; baseline -0.006 -15"><span class='ocrx_word' id='word_1_123' title='bbox 274 1780 289 1793; x_wconf 86' lang='lat'>&#39;</span> <span class='ocrx_word' id='word_1_124' title='bbox 344 1782 446 1836; x_wconf 92' lang='lat' dir='ltr'><strong>hoc</strong></span> <span class='ocrx_word' id='word_1_125' title='bbox 473 1789 777 1852; x_wconf 89' lang='lat' dir='ltr'><strong>peccatum,</strong></span> <span class='ocrx_word' id='word_1_126' title='bbox 809 1788 870 1833; x_wconf 92' lang='lat' dir='ltr'><strong>ut</strong></span> <span class='ocrx_word' id='word_1_127' title='bbox 898 1778 943 1834; x_wconf 90' lang='lat' dir='ltr'><strong>si</strong></span> <span class='ocrx_word' id='word_1_128' title='bbox 962 1793 1131 1843; x_wconf 86' lang='lat' dir='ltr'><strong>uxor,</strong></span> <span class='ocrx_word' id='word_1_129' title='bbox 1169 1777 1333 1831; x_wconf 88' lang='lat' dir='ltr'><strong>invito</strong></span> <span class='ocrx_word' id='word_1_130' title='bbox 1362 1774 1590 1846; x_wconf 88' lang='lat' dir='ltr'><strong>conjuge</strong></span> <span class='ocrx_word' id='word_1_131' title='bbox 1618 1775 1778 1830; x_wconf 90' lang='lat' dir='ltr'><strong>etiam</strong></span> <span class='ocrx_word' id='word_1_132' title='bbox 1808 1772 1927 1828; x_wconf 86' lang='lat' dir='ltr'><strong>ido-</strong></span> 
     </span>
    </p>
   </div>
   <div class='ocr_carea' id='block_1_17' title="bbox 344 1864 1927 1940">
    <p class='ocr_par' dir='ltr' id='par_1_17' title="bbox 344 1864 1927 1940">
     <span class='ocr_line' id='line_1_17' title="bbox 344 1864 1927 1940; baseline -0.005 -13"><span class='ocrx_word' id='word_1_133' title='bbox 344 1873 533 1927; x_wconf 88' lang='lat' dir='ltr'><strong>lolatra</strong></span> <span class='ocrx_word' id='word_1_134' title='bbox 553 1912 567 1937; x_wconf 90' lang='lat'><strong>,</strong></span> <span class='ocrx_word' id='word_1_135' title='bbox 590 1871 658 1927; x_wconf 87' lang='lat' dir='ltr'><strong>ab</strong></span> <span class='ocrx_word' id='word_1_136' title='bbox 682 1872 773 1925; x_wconf 92' lang='lat' dir='ltr'><strong>illo</strong></span> <span class='ocrx_word' id='word_1_137' title='bbox 788 1880 1087 1940; x_wconf 88' lang='lat' dir='ltr'><strong>separetur,</strong></span> <span class='ocrx_word' id='word_1_138' title='bbox 1118 1884 1149 1923; x_wconf 90' lang='lat' dir='ltr'><strong>a</strong></span> <span class='ocrx_word' id='word_1_139' title='bbox 1172 1868 1284 1923; x_wconf 90' lang='lat' dir='ltr'><strong>Deo</strong></span> <span class='ocrx_word' id='word_1_140' title='bbox 1312 1868 1578 1937; x_wconf 89' lang='lat' dir='ltr'><strong>puniatur;</strong></span> <span class='ocrx_word' id='word_1_141' title='bbox 1607 1865 1651 1919; x_wconf 91' lang='lat' dir='ltr'><strong>si</strong></span> <span class='ocrx_word' id='word_1_142' title='bbox 1682 1864 1751 1919; x_wconf 92' lang='lat' dir='ltr'><strong>ab</strong></span> <span class='ocrx_word' id='word_1_143' title='bbox 1776 1864 1927 1919; x_wconf 89' lang='lat' dir='ltr'><strong>adul-</strong></span> 
     </span>
    </p>
   </div>
   <div class='ocr_carea' id='block_1_18' title="bbox 348 1956 1927 2031">
    <p class='ocr_par' dir='ltr' id='par_1_18' title="bbox 348 1956 1927 2031">
     <span class='ocr_line' id='line_1_18' title="bbox 348 1956 1927 2031; baseline -0.005 -13"><span class='ocrx_word' id='word_1_144' title='bbox 348 1976 493 2028; x_wconf 88' lang='lat' dir='ltr'><strong>tero,</strong></span> <span class='ocrx_word' id='word_1_145' title='bbox 526 1964 765 2019; x_wconf 90' lang='lat' dir='ltr'><strong>minime.</strong></span> <span class='ocrx_word' id='word_1_146' title='bbox 794 1962 980 2018; x_wconf 84' lang='lat' dir='ltr'><strong>Viden&#39;</strong></span> <span class='ocrx_word' id='word_1_147' title='bbox 1004 1972 1258 2031; x_wconf 91' lang='lat' dir='ltr'><strong>quantum</strong></span> <span class='ocrx_word' id='word_1_148' title='bbox 1285 1962 1353 2015; x_wconf 90' lang='lat' dir='ltr'><strong>sit</strong></span> <span class='ocrx_word' id='word_1_149' title='bbox 1379 1959 1481 2014; x_wconf 90' lang='lat' dir='ltr'><strong>hoc</strong></span> <span class='ocrx_word' id='word_1_150' title='bbox 1506 1958 1748 2012; x_wconf 79' lang='lat' dir='ltr'><strong>malum?</strong></span> <span class='ocrx_word' id='word_1_151' title='bbox 1794 1956 1927 2011; x_wconf 87' lang='lat' dir='ltr'><strong>Nam</strong></span> 
     </span>
    </p>
   </div>
   <div class='ocr_carea' id='block_1_19' title="bbox 351 2050 1933 2126">
    <p class='ocr_par' dir='ltr' id='par_1_19' title="bbox 351 2050 1933 2126">
     <span class='ocr_line' id='line_1_19' title="bbox 351 2050 1933 2126; baseline -0.006 -14"><span class='ocrx_word' id='word_1_152' title='bbox 351 2056 413 2113; x_wconf 85' lang='lat' dir='ltr'><strong>Si</strong></span> <span class='ocrx_word' id='word_1_153' title='bbox 436 2073 536 2126; x_wconf 82' lang='lat' dir='ltr'><strong>qua</strong></span> <span class='ocrx_word' id='word_1_154' title='bbox 566 2056 761 2124; x_wconf 87' lang='lat' dir='ltr'><strong>fidelis,</strong></span> <span class='ocrx_word' id='word_1_155' title='bbox 795 2055 1002 2125; x_wconf 91' lang='lat' dir='ltr'><strong>inquit,</strong></span> <span class='ocrx_word' id='word_1_156' title='bbox 1032 2055 1210 2107; x_wconf 82' lang='lat' dir='ltr'><strong>habeat</strong></span> <span class='ocrx_word' id='word_1_157' title='bbox 1234 2053 1395 2108; x_wconf 81' lang='lat' dir='ltr'><strong>virum</strong></span> <span class='ocrx_word' id='word_1_158' title='bbox 1424 2051 1712 2121; x_wconf 80' lang='lat' dir='ltr'><strong>infidelem,</strong></span> <span class='ocrx_word' id='word_1_159' title='bbox 1742 2059 1789 2104; x_wconf 87' lang='lat' dir='ltr'><strong>et</strong></span> <span class='ocrx_word' id='word_1_160' title='bbox 1822 2050 1933 2120; x_wconf 90' lang='lat' dir='ltr'><strong>ipse</strong></span> 
     </span>
    </p>
   </div>
   <div class='ocr_carea' id='block_1_20' title="bbox 346 2141 1928 2214">
    <p class='ocr_par' dir='ltr' id='par_1_20' title="bbox 346 2141 1928 2214">
     <span class='ocr_line' id='line_1_20' title="bbox 346 2141 1928 2214; baseline -0.004 -12"><span class='ocrx_word' id='word_1_161' title='bbox 346 2148 587 2202; x_wconf 86' lang='lat' dir='ltr'><strong>consentit</strong></span> <span class='ocrx_word' id='word_1_162' title='bbox 605 2146 831 2201; x_wconf 74' lang='lat' dir='ltr'><strong>habitare</strong></span> <span class='ocrx_word' id='word_1_163' title='bbox 848 2146 1093 2212; x_wconf 84' lang='lat' dir='ltr'><strong>camilla,</strong></span> <span class='ocrx_word' id='word_1_164' title='bbox 1116 2162 1177 2199; x_wconf 91' lang='lat' dir='ltr'><strong>ne</strong></span> <span class='ocrx_word' id='word_1_165' title='bbox 1193 2144 1412 2198; x_wconf 79' lang='lat' dir='ltr'><strong>dimittat</strong></span> <span class='ocrx_word' id='word_1_166' title='bbox 1430 2145 1597 2214; x_wconf 89' lang='lat' dir='ltr'><strong>ipsum</strong></span> <span class='ocrx_word' id='word_1_167' title='bbox 1618 2143 1704 2213; x_wconf 92' lang='grc'><strong>(1.</strong></span> <span class='ocrx_word' id='word_1_168' title='bbox 1726 2141 1845 2197; x_wconf 87' lang='lat' dir='ltr'><strong>Cor.</strong></span> <span class='ocrx_word' id='word_1_169' title='bbox 1872 2142 1928 2196; x_wconf 90' lang='lat'><strong>7.</strong></span> 
     </span>
    </p>
   </div>
   <div class='ocr_carea' id='block_1_21' title="bbox 349 2230 1933 2309">
    <p class='ocr_par' dir='ltr' id='par_1_21' title="bbox 349 2230 1933 2309">
     <span class='ocr_line' id='line_1_21' title="bbox 349 2230 1933 2309; baseline -0.006 -15"><span class='ocrx_word' id='word_1_170' title='bbox 349 2240 417 2294; x_wconf 76' lang='grc'><strong>15</strong></span> <span class='ocrx_word' id='word_1_171' title='bbox 438 2242 479 2309; x_wconf 94' lang='grc'><strong>).</strong></span> <span class='ocrx_word' id='word_1_172' title='bbox 525 2238 597 2292; x_wconf 86' lang='lat' dir='ltr'><strong>De</strong></span> <span class='ocrx_word' id='word_1_173' title='bbox 623 2237 867 2293; x_wconf 87' lang='lat' dir='ltr'><strong>adultera</strong></span> <span class='ocrx_word' id='word_1_174' title='bbox 914 2252 1110 2301; x_wconf 90' lang='lat' dir='ltr'><strong>secus;</strong></span> <span class='ocrx_word' id='word_1_175' title='bbox 1145 2235 1238 2291; x_wconf 88' lang='lat' dir='ltr'><strong>sed</strong></span> <span class='ocrx_word' id='word_1_176' title='bbox 1266 2234 1434 2306; x_wconf 73' lang='lat' dir='ltr'><strong>quid?</strong></span> <span class='ocrx_word' id='word_1_177' title='bbox 1460 2233 1521 2289; x_wconf 88' lang='lat' dir='ltr'><strong>Si</strong></span> <span class='ocrx_word' id='word_1_178' title='bbox 1549 2233 1659 2304; x_wconf 88' lang='lat' dir='ltr'><strong>quis</strong></span> <span class='ocrx_word' id='word_1_179' title='bbox 1684 2230 1933 2286; x_wconf 72' lang='lat' dir='ltr'><strong>dimiserit</strong></span> 
     </span>
    </p>
   </div>
   <div class='ocr_carea' id='block_1_22' title="bbox 348 2324 1935 2399">
    <p class='ocr_par' dir='ltr' id='par_1_22' title="bbox 348 2324 1935 2399">
     <span class='ocr_line' id='line_1_22' title="bbox 348 2324 1935 2399; baseline -0.005 -14"><span class='ocrx_word' id='word_1_180' title='bbox 348 2346 557 2385; x_wconf 72' lang='lat' dir='ltr'><strong>uxorem</strong></span> <span class='ocrx_word' id='word_1_181' title='bbox 599 2347 742 2384; x_wconf 89' lang='lat' dir='ltr'><strong>suam</strong></span> <span class='ocrx_word' id='word_1_182' title='bbox 773 2338 955 2399; x_wconf 64' lang='lat' dir='ltr'><strong>preter</strong></span> <span class='ocrx_word' id='word_1_183' title='bbox 997 2343 1203 2381; x_wconf 91' lang='lat' dir='ltr'><strong>causam</strong></span> <span class='ocrx_word' id='word_1_184' title='bbox 1245 2324 1623 2397; x_wconf 75' lang='lat' dir='ltr'><strong>fornicationis,</strong></span> <span class='ocrx_word' id='word_1_185' title='bbox 1669 2324 1789 2395; x_wconf 88' lang='lat' dir='ltr'><strong>facit</strong></span> <span class='ocrx_word' id='word_1_186' title='bbox 1823 2339 1935 2378; x_wconf 87' lang='lat' dir='ltr'><strong>eam</strong></span> 
     </span>
    </p>
   </div>
   <div class='ocr_carea' id='block_1_23' title="bbox 350 2418 1938 2492">
    <p class='ocr_par' dir='ltr' id='par_1_23' title="bbox 350 2418 1938 2492">
     <span class='ocr_line' id='line_1_23' title="bbox 350 2418 1938 2492; baseline -0.003 -16"><span class='ocrx_word' id='word_1_187' title='bbox 350 2422 590 2477; x_wconf 75' lang='lat' dir='ltr'><strong>mcechari</strong></span> <span class='ocrx_word' id='word_1_188' title='bbox 616 2420 831 2492; x_wconf 71' lang='lat' dir='ltr'><strong>(Matth.</strong></span> <span class='ocrx_word' id='word_1_189' title='bbox 854 2421 906 2476; x_wconf 82' lang='lat'><strong>5.</strong></span> <span class='ocrx_word' id='word_1_190' title='bbox 931 2420 1045 2490; x_wconf 73' lang='grc'><strong>52).</strong></span> <span class='ocrx_word' id='word_1_191' title='bbox 1073 2418 1206 2475; x_wconf 82' lang='lat' dir='ltr'><strong>Nam</strong></span> <span class='ocrx_word' id='word_1_192' title='bbox 1228 2420 1273 2473; x_wconf 89' lang='lat' dir='ltr'><strong>si</strong></span> <span class='ocrx_word' id='word_1_193' title='bbox 1298 2418 1600 2488; x_wconf 72' lang='lat' dir='ltr'><strong>coniugium</strong></span> <span class='ocrx_word' id='word_1_194' title='bbox 1628 2432 1789 2473; x_wconf 92' lang='lat' dir='ltr'><strong>unum</strong></span> <span class='ocrx_word' id='word_1_195' title='bbox 1818 2431 1938 2472; x_wconf 91' lang='lat' dir='ltr'><strong>cor-</strong></span> 
     </span>
    </p>
   </div>
   <div class='ocr_carea' id='block_1_24' title="bbox 354 2511 1935 2584">
    <p class='ocr_par' dir='ltr' id='par_1_24' title="bbox 354 2511 1935 2584">
     <span class='ocr_line' id='line_1_24' title="bbox 354 2511 1935 2584; baseline -0.004 -15"><span class='ocrx_word' id='word_1_196' title='bbox 354 2531 451 2584; x_wconf 94' lang='lat' dir='ltr'><strong>pus</strong></span> <span class='ocrx_word' id='word_1_197' title='bbox 496 2513 651 2578; x_wconf 84' lang='lat' dir='ltr'><strong>facit;</strong></span> <span class='ocrx_word' id='word_1_198' title='bbox 700 2513 743 2567; x_wconf 91' lang='lat' dir='ltr'><strong>si</strong></span> <span class='ocrx_word' id='word_1_199' title='bbox 777 2512 897 2583; x_wconf 87' lang='lat' dir='ltr'><strong>quis</strong></span> <span class='ocrx_word' id='word_1_200' title='bbox 922 2527 1042 2566; x_wconf 91' lang='lat' dir='ltr'><strong>cum</strong></span> <span class='ocrx_word' id='word_1_201' title='bbox 1072 2511 1357 2567; x_wconf 87' lang='lat' dir='ltr'><strong>meretrice</strong></span> <span class='ocrx_word' id='word_1_202' title='bbox 1405 2518 1591 2574; x_wconf 87' lang='lat' dir='ltr'><strong>coeat,</strong></span> <span class='ocrx_word' id='word_1_203' title='bbox 1624 2524 1788 2563; x_wconf 91' lang='lat' dir='ltr'><strong>unum</strong></span> <span class='ocrx_word' id='word_1_204' title='bbox 1814 2523 1935 2563; x_wconf 92' lang='lat' dir='ltr'><strong>cum</strong></span> 
     </span>
    </p>
   </div>
   <div class='ocr_carea' id='block_1_25' title="bbox 354 2601 1934 2675">
    <p class='ocr_par' dir='ltr' id='par_1_25' title="bbox 354 2601 1934 2675">
     <span class='ocr_line' id='line_1_25' title="bbox 354 2601 1934 2675; baseline -0.003 -15"><span class='ocrx_word' id='word_1_205' title='bbox 354 2607 439 2661; x_wconf 91' lang='lat' dir='ltr'><strong>illa</strong></span> <span class='ocrx_word' id='word_1_206' title='bbox 464 2620 657 2675; x_wconf 86' lang='lat' dir='ltr'><strong>corpus</strong></span> <span class='ocrx_word' id='word_1_207' title='bbox 689 2604 936 2658; x_wconf 82' lang='lat' dir='ltr'><strong>efficitur.</strong></span> <span class='ocrx_word' id='word_1_208' title='bbox 979 2603 1258 2671; x_wconf 86' lang='lat' dir='ltr'><strong>Quomodo</strong></span> <span class='ocrx_word' id='word_1_209' title='bbox 1292 2617 1419 2673; x_wconf 91' lang='lat' dir='ltr'><strong>ergo</strong></span> <span class='ocrx_word' id='word_1_210' title='bbox 1451 2603 1673 2657; x_wconf 89' lang='lat' dir='ltr'><strong>honesta</strong></span> <span class='ocrx_word' id='word_1_211' title='bbox 1704 2601 1896 2655; x_wconf 89' lang='lat' dir='ltr'><strong>mulier</strong></span> <span class='ocrx_word' id='word_1_212' title='bbox 1917 2640 1934 2664; x_wconf 95' lang='lat'><strong>,</strong></span> 
     </span>
    </p>
   </div>
   <div class='ocr_carea' id='block_1_26' title="bbox 353 2691 1938 2768">
    <p class='ocr_par' dir='ltr' id='par_1_26' title="bbox 353 2691 1938 2768">
     <span class='ocr_line' id='line_1_26' title="bbox 353 2691 1938 2768; baseline -0.004 -17"><span class='ocrx_word' id='word_1_213' title='bbox 353 2713 471 2768; x_wconf 69' lang='lat' dir='ltr'><strong>qua:</strong></span> <span class='ocrx_word' id='word_1_214' title='bbox 500 2706 583 2753; x_wconf 90' lang='lat' dir='ltr'><strong>est</strong></span> <span class='ocrx_word' id='word_1_215' title='bbox 611 2698 907 2751; x_wconf 85' lang='lat' dir='ltr'><strong>membrum</strong></span> <span class='ocrx_word' id='word_1_216' title='bbox 950 2695 1186 2762; x_wconf 86' lang='lat' dir='ltr'><strong>Christi,</strong></span> <span class='ocrx_word' id='word_1_217' title='bbox 1234 2694 1396 2748; x_wconf 90' lang='lat' dir='ltr'><strong>talem</strong></span> <span class='ocrx_word' id='word_1_218' title='bbox 1442 2694 1613 2748; x_wconf 86' lang='lat' dir='ltr'><strong>virum</strong></span> <span class='ocrx_word' id='word_1_219' title='bbox 1654 2691 1938 2747; x_wconf 80' lang='lat' dir='ltr'><strong>admittat?</strong></span> 
     </span>
    </p>
   </div>
   <div class='ocr_carea' id='block_1_27' title="bbox 353 2785 1939 2859">
    <p class='ocr_par' dir='ltr' id='par_1_27' title="bbox 353 2785 1939 2859">
     <span class='ocr_line' id='line_1_27' title="bbox 353 2785 1939 2859; baseline -0.003 -15"><span class='ocrx_word' id='word_1_220' title='bbox 353 2800 444 2844; x_wconf 86' lang='lat' dir='ltr'><strong>aut</strong></span> <span class='ocrx_word' id='word_1_221' title='bbox 490 2788 758 2859; x_wconf 90' lang='lat' dir='ltr'><strong>quomodo</strong></span> <span class='ocrx_word' id='word_1_222' title='bbox 799 2788 900 2841; x_wconf 90' lang='lat' dir='ltr'><strong>sibi</strong></span> <span class='ocrx_word' id='word_1_223' title='bbox 938 2788 1126 2858; x_wconf 89' lang='lat' dir='ltr'><strong>junget</strong></span> <span class='ocrx_word' id='word_1_224' title='bbox 1167 2786 1465 2842; x_wconf 92' lang='lat' dir='ltr'><strong>membrum</strong></span> <span class='ocrx_word' id='word_1_225' title='bbox 1505 2786 1842 2841; x_wconf 80' lang='lat' dir='ltr'><strong>meretricis?</strong></span> <span class='ocrx_word' id='word_1_226' title='bbox 1875 2785 1939 2839; x_wconf 86' lang='lat' dir='ltr'><strong>Et</strong></span> 
     </span>
    </p>
   </div>
   <div class='ocr_carea' id='block_1_28' title="bbox 356 2876 1939 2951">
    <p class='ocr_par' dir='ltr' id='par_1_28' title="bbox 356 2876 1939 2951">
     <span class='ocr_line' id='line_1_28' title="bbox 356 2876 1939 2951; baseline -0.004 -16"><span class='ocrx_word' id='word_1_227' title='bbox 356 2880 475 2935; x_wconf 83' lang='lat' dir='ltr'><strong>vide</strong></span> <span class='ocrx_word' id='word_1_228' title='bbox 499 2895 658 2951; x_wconf 91' lang='lat' dir='ltr'><strong>quam</strong></span> <span class='ocrx_word' id='word_1_229' title='bbox 685 2881 817 2933; x_wconf 89' lang='lat' dir='ltr'><strong>mira</strong></span> <span class='ocrx_word' id='word_1_230' title='bbox 841 2892 929 2933; x_wconf 88' lang='lat' dir='ltr'><strong>res</strong></span> <span class='ocrx_word' id='word_1_231' title='bbox 948 2879 1036 2932; x_wconf 89' lang='lat' dir='ltr'><strong>sit.</strong></span> <span class='ocrx_word' id='word_1_232' title='bbox 1064 2877 1194 2946; x_wconf 74' lang='lat' dir='ltr'><strong>Qua:</strong></span> <span class='ocrx_word' id='word_1_233' title='bbox 1214 2892 1334 2932; x_wconf 93' lang='lat' dir='ltr'><strong>cum</strong></span> <span class='ocrx_word' id='word_1_234' title='bbox 1358 2876 1556 2932; x_wconf 87' lang='lat' dir='ltr'><strong>infideli</strong></span> <span class='ocrx_word' id='word_1_235' title='bbox 1584 2876 1807 2941; x_wconf 87' lang='lat' dir='ltr'><strong>habitat,</strong></span> <span class='ocrx_word' id='word_1_236' title='bbox 1832 2890 1939 2929; x_wconf 90' lang='lat' dir='ltr'><strong>non</strong></span> 
     </span>
    </p>
   </div>
   <div class='ocr_carea' id='block_1_29' title="bbox 356 2967 1942 3044">
    <p class='ocr_par' dir='ltr' id='par_1_29' title="bbox 356 2967 1942 3044">
     <span class='ocr_line' id='line_1_29' title="bbox 356 2967 1942 3044; baseline -0.005 -16"><span class='ocrx_word' id='word_1_237' title='bbox 356 2983 437 3028; x_wconf 87' lang='lat' dir='ltr'><strong>est</strong></span> <span class='ocrx_word' id='word_1_238' title='bbox 467 2974 672 3043; x_wconf 90' lang='lat' dir='ltr'><strong>impura</strong></span> <span class='ocrx_word' id='word_1_239' title='bbox 700 2972 862 3044; x_wconf 89' lang='lat' dir='ltr'><strong>(nam</strong></span> <span class='ocrx_word' id='word_1_240' title='bbox 893 2969 1254 3039; x_wconf 83' lang='lat' dir='ltr'><strong>Sanctiﬁcatus</strong></span> <span class='ocrx_word' id='word_1_241' title='bbox 1279 2978 1351 3023; x_wconf 89' lang='lat' dir='ltr'><strong>est</strong></span> <span class='ocrx_word' id='word_1_242' title='bbox 1377 3010 1392 3034; x_wconf 90' lang='lat'><strong>,</strong></span> <span class='ocrx_word' id='word_1_243' title='bbox 1422 2968 1627 3039; x_wconf 92' lang='lat' dir='ltr'><strong>inquit,</strong></span> <span class='ocrx_word' id='word_1_244' title='bbox 1659 2969 1734 3021; x_wconf 81' lang='lat' dir='ltr'><strong>vir</strong></span> <span class='ocrx_word' id='word_1_245' title='bbox 1755 2967 1942 3036; x_wconf 81' lang='lat' dir='ltr'><strong>inﬁde-</strong></span> 
     </span>
    </p>
   </div>
   <div class='ocr_carea' id='block_1_30' title="bbox 356 3061 1938 3135">
    <p class='ocr_par' dir='ltr' id='par_1_30' title="bbox 356 3061 1938 3135">
     <span class='ocr_line' id='line_1_30' title="bbox 356 3061 1938 3135; baseline -0.004 -16"><span class='ocrx_word' id='word_1_246' title='bbox 356 3066 418 3120; x_wconf 88' lang='lat' dir='ltr'><strong>lis</strong></span> <span class='ocrx_word' id='word_1_247' title='bbox 445 3068 496 3120; x_wconf 87' lang='lat' dir='ltr'><strong>in</strong></span> <span class='ocrx_word' id='word_1_248' title='bbox 523 3066 730 3119; x_wconf 82' lang='lat' dir='ltr'><strong>muliere</strong></span> <span class='ocrx_word' id='word_1_249' title='bbox 762 3066 850 3135; x_wconf 82' lang='lat' dir='ltr'><strong>(l.</strong></span> <span class='ocrx_word' id='word_1_250' title='bbox 879 3063 999 3118; x_wconf 88' lang='lat' dir='ltr'><strong>Cor.</strong></span> <span class='ocrx_word' id='word_1_251' title='bbox 1025 3064 1078 3118; x_wconf 84' lang='lat'><strong>7.</strong></span> <span class='ocrx_word' id='word_1_252' title='bbox 1108 3063 1211 3131; x_wconf 70' lang='grc'><strong>16)</strong></span> <span class='ocrx_word' id='word_1_253' title='bbox 1247 3079 1262 3117; x_wconf 87' lang='lat'><strong>:</strong></span> <span class='ocrx_word' id='word_1_254' title='bbox 1294 3062 1362 3117; x_wconf 92' lang='lat' dir='ltr'><strong>de</strong></span> <span class='ocrx_word' id='word_1_255' title='bbox 1392 3064 1676 3116; x_wconf 88' lang='lat' dir='ltr'><strong>meretrice</strong></span> <span class='ocrx_word' id='word_1_256' title='bbox 1707 3075 1810 3114; x_wconf 93' lang='lat' dir='ltr'><strong>nou</strong></span> <span class='ocrx_word' id='word_1_257' title='bbox 1838 3061 1938 3125; x_wconf 90' lang='lat' dir='ltr'><strong>sic,</strong></span> 
     </span>
    </p>
   </div>
   <div class='ocr_carea' id='block_1_31' title="bbox 357 3152 1943 3229">
    <p class='ocr_par' dir='ltr' id='par_1_31' title="bbox 357 3152 1943 3229">
     <span class='ocr_line' id='line_1_31' title="bbox 357 3152 1943 3229; baseline -0.005 -16"><span class='ocrx_word' id='word_1_258' title='bbox 357 3160 451 3213; x_wconf 89' lang='lat' dir='ltr'><strong>sed</strong></span> <span class='ocrx_word' id='word_1_259' title='bbox 476 3158 745 3229; x_wconf 91' lang='lat' dir='ltr'><strong>quomodo</strong></span> <span class='ocrx_word' id='word_1_260' title='bbox 765 3156 789 3199; x_wconf 72' lang='grc' dir='ltr'><strong>ν</strong></span> <span class='ocrx_word' id='word_1_261' title='bbox 836 3155 1042 3210; x_wconf 82' lang='lat' dir='ltr'><strong>Tollens</strong></span> <span class='ocrx_word' id='word_1_262' title='bbox 1073 3155 1231 3225; x_wconf 90' lang='lat' dir='ltr'><strong>igitur</strong></span> <span class='ocrx_word' id='word_1_263' title='bbox 1255 3153 1478 3208; x_wconf 87' lang='lat' dir='ltr'><strong>membra</strong></span> <span class='ocrx_word' id='word_1_264' title='bbox 1501 3152 1722 3219; x_wconf 88' lang='lat' dir='ltr'><strong>Christi,</strong></span> <span class='ocrx_word' id='word_1_265' title='bbox 1753 3152 1943 3221; x_wconf 82' lang='lat' dir='ltr'><strong>faciam</strong></span> 
     </span>
    </p>
   </div>
   <div class='ocr_carea' id='block_1_32' title="bbox 357 3246 1941 3323">
    <p class='ocr_par' dir='ltr' id='par_1_32' title="bbox 357 3246 1941 3323">
     <span class='ocr_line' id='line_1_32' title="bbox 357 3246 1941 3323; baseline -0.004 -18"><span class='ocrx_word' id='word_1_266' title='bbox 357 3254 579 3305; x_wconf 86' lang='lat' dir='ltr'><strong>membra</strong></span> <span class='ocrx_word' id='word_1_267' title='bbox 598 3252 871 3306; x_wconf 89' lang='lat' dir='ltr'><strong>meretricis</strong></span> <span class='ocrx_word' id='word_1_268' title='bbox 896 3249 1056 3323; x_wconf 85' lang='lat' dir='ltr'><strong>(Ibid.</strong></span> <span class='ocrx_word' id='word_1_269' title='bbox 1076 3251 1128 3303; x_wconf 84' lang='grc'><strong>6.</strong></span> <span class='ocrx_word' id='word_1_270' title='bbox 1155 3248 1300 3317; x_wconf 82' lang='lat' dir='ltr'><strong>l5)?</strong></span> <span class='ocrx_word' id='word_1_271' title='bbox 1326 3248 1436 3301; x_wconf 93' lang='lat' dir='ltr'><strong>Illic</strong></span> <span class='ocrx_word' id='word_1_272' title='bbox 1465 3246 1719 3301; x_wconf 82' lang='lat' dir='ltr'><strong>sanctitas</strong></span> <span class='ocrx_word' id='word_1_273' title='bbox 1744 3255 1941 3311; x_wconf 87' lang='lat' dir='ltr'><strong>manet,</strong></span> 
     </span>
    </p>
   </div>
   <div class='ocr_carea' id='block_1_33' title="bbox 360 3336 1946 3404">
    <p class='ocr_par' dir='ltr' id='par_1_33' title="bbox 360 3336 1946 3404">
     <span class='ocr_line' id='line_1_33' title="bbox 360 3336 1946 3404; baseline -0.004 -7"><span class='ocrx_word' id='word_1_274' title='bbox 360 3344 561 3398; x_wconf 89' lang='lat' dir='ltr'><strong>inlldeli</strong></span> <span class='ocrx_word' id='word_1_275' title='bbox 586 3358 707 3399; x_wconf 91' lang='lat' dir='ltr'><strong>cum</strong></span> <span class='ocrx_word' id='word_1_276' title='bbox 732 3343 815 3395; x_wconf 87' lang='lat' dir='ltr'><strong>illa</strong></span> <span class='ocrx_word' id='word_1_277' title='bbox 843 3342 1114 3395; x_wconf 83' lang='lat' dir='ltr'><strong>habitante</strong></span> <span class='ocrx_word' id='word_1_278' title='bbox 1137 3357 1151 3404; x_wconf 94' lang='lat'><strong>;</strong></span> <span class='ocrx_word' id='word_1_279' title='bbox 1184 3340 1309 3394; x_wconf 89' lang='lat' dir='ltr'><strong>hinc</strong></span> <span class='ocrx_word' id='word_1_280' title='bbox 1336 3338 1561 3394; x_wconf 78' lang='lat' dir='ltr'><strong>recedit.</strong></span> <span class='ocrx_word' id='word_1_281' title='bbox 1593 3336 1767 3393; x_wconf 86' lang='lat' dir='ltr'><strong>Grave</strong></span> <span class='ocrx_word' id='word_1_282' title='bbox 1793 3353 1946 3391; x_wconf 86' lang='lat' dir='ltr'><strong>nam-</strong></span> 
     </span>
    </p>
   </div>
   <div class='ocr_carea' id='block_1_34' title="bbox 360 3430 1944 3503">
    <p class='ocr_par' dir='ltr' id='par_1_34' title="bbox 360 3430 1944 3503">
     <span class='ocr_line' id='line_1_34' title="bbox 360 3430 1944 3503; baseline -0.004 -16"><span class='ocrx_word' id='word_1_283' title='bbox 360 3450 461 3503; x_wconf 89' lang='lat' dir='ltr'><strong>que</strong></span> <span class='ocrx_word' id='word_1_284' title='bbox 493 3434 690 3487; x_wconf 89' lang='lat' dir='ltr'><strong>malmn</strong></span> <span class='ocrx_word' id='word_1_285' title='bbox 723 3444 804 3487; x_wconf 92' lang='lat' dir='ltr'><strong>est</strong></span> <span class='ocrx_word' id='word_1_286' title='bbox 846 3433 1125 3486; x_wconf 86' lang='lat' dir='ltr'><strong>fornicatio</strong></span> <span class='ocrx_word' id='word_1_287' title='bbox 1148 3473 1162 3497; x_wconf 91' lang='lat'><strong>,</strong></span> <span class='ocrx_word' id='word_1_288' title='bbox 1192 3446 1353 3502; x_wconf 89' lang='lat' dir='ltr'><strong>grave</strong></span> <span class='ocrx_word' id='word_1_289' title='bbox 1381 3430 1565 3499; x_wconf 88' lang='lat' dir='ltr'><strong>utique</strong></span> <span class='ocrx_word' id='word_1_290' title='bbox 1585 3469 1600 3494; x_wconf 90' lang='lat'><strong>,</strong></span> <span class='ocrx_word' id='word_1_291' title='bbox 1642 3439 1692 3482; x_wconf 89' lang='lat' dir='ltr'><strong>et</strong></span> <span class='ocrx_word' id='word_1_292' title='bbox 1724 3431 1944 3483; x_wconf 88' lang='lat' dir='ltr'><strong>immor-</strong></span> 
     </span>
    </p>
   </div>
   <div class='ocr_carea' id='block_1_35' title="bbox 1294 376 2544 437">
    <p class='ocr_par' dir='ltr' id='par_1_35' title="bbox 1294 376 2544 437">
     <span class='ocr_line' id='line_1_35' title="bbox 1294 376 2544 437; baseline -0.002 0"><span class='ocrx_word' id='word_1_293' title='bbox 1294 380 1357 436; x_wconf 89' lang='lat' dir='ltr'><strong>IN</strong></span> <span class='ocrx_word' id='word_1_294' title='bbox 1395 379 1706 437; x_wconf 72' lang='lat' dir='ltr'><strong>JOANNEM</strong></span> <span class='ocrx_word' id='word_1_295' title='bbox 1750 376 1973 434; x_wconf 64' lang='grc'><strong>1101111..</strong></span> <span class='ocrx_word' id='word_1_296' title='bbox 2019 376 2204 433; x_wconf 75' lang='lat' dir='ltr'><strong>LXIV.</strong></span> <span class='ocrx_word' id='word_1_297' title='bbox 2244 380 2315 434; x_wconf 88' lang='lat' dir='ltr'><strong>al.</strong></span> <span class='ocrx_word' id='word_1_298' title='bbox 2358 378 2544 437; x_wconf 76' lang='lat' dir='ltr'><strong>LXIII.</strong></span> 
     </span>
    </p>
   </div>
   <div class='ocr_carea' id='block_1_36' title="bbox 3497 383 3600 441">
    <p class='ocr_par' dir='ltr' id='par_1_36' title="bbox 3497 383 3600 441">
     <span class='ocr_line' id='line_1_36' title="bbox 3497 383 3600 441; baseline -0.01 0"><span class='ocrx_word' id='word_1_299' title='bbox 3497 383 3600 441; x_wconf 70' lang='grc'><strong>351</strong></span> 
     </span>
    </p>
   </div>
   <div class='ocr_carea' id='block_1_37' title="bbox 2010 489 3601 561">
    <p class='ocr_par' dir='ltr' id='par_1_37' title="bbox 2010 489 3601 561">
     <span class='ocr_line' id='line_1_37' title="bbox 2010 489 3601 561; baseline 0.006 -18"><span class='ocrx_word' id='word_1_300' title='bbox 2010 490 2115 544; x_wconf 88' lang='lat' dir='ltr'><strong>tale</strong></span> <span class='ocrx_word' id='word_1_301' title='bbox 2136 489 2364 546; x_wconf 83' lang='lat' dir='ltr'><strong>alfereus</strong></span> <span class='ocrx_word' id='word_1_302' title='bbox 2393 490 2733 561; x_wconf 84' lang='lat' dir='ltr'><strong>supplicium.</strong></span> <span class='ocrx_word' id='word_1_303' title='bbox 2767 489 2832 545; x_wconf 81' lang='lat' dir='ltr'><strong>Et</strong></span> <span class='ocrx_word' id='word_1_304' title='bbox 2863 492 2915 545; x_wconf 92' lang='lat' dir='ltr'><strong>in</strong></span> <span class='ocrx_word' id='word_1_305' title='bbox 2947 490 3045 547; x_wconf 83' lang='lat' dir='ltr'><strong>hac</strong></span> <span class='ocrx_word' id='word_1_306' title='bbox 3071 493 3176 548; x_wconf 79' lang='lat' dir='ltr'><strong>vita</strong></span> <span class='ocrx_word' id='word_1_307' title='bbox 3210 493 3487 554; x_wconf 85' lang='lat' dir='ltr'><strong>innumera</strong></span> <span class='ocrx_word' id='word_1_308' title='bbox 3514 510 3601 552; x_wconf 85' lang='lat' dir='ltr'><strong>at-</strong></span> 
     </span>
    </p>
   </div>
   <div class='ocr_carea' id='block_1_38' title="bbox 2014 582 3601 660">
    <p class='ocr_par' dir='ltr' id='par_1_38' title="bbox 2014 582 3601 660">
     <span class='ocr_line' id='line_1_38' title="bbox 2014 582 3601 660; baseline 0.004 -23"><span class='ocrx_word' id='word_1_309' title='bbox 2014 582 2179 637; x_wconf 89' lang='lat' dir='ltr'><strong>trahit</strong></span> <span class='ocrx_word' id='word_1_310' title='bbox 2215 582 2349 637; x_wconf 87' lang='lat' dir='ltr'><strong>mala</strong></span> <span class='ocrx_word' id='word_1_311' title='bbox 2372 624 2387 646; x_wconf 89' lang='lat'><strong>,</strong></span> <span class='ocrx_word' id='word_1_312' title='bbox 2421 582 2583 637; x_wconf 88' lang='lat' dir='ltr'><strong>vitam</strong></span> <span class='ocrx_word' id='word_1_313' title='bbox 2634 584 2906 651; x_wconf 86' lang='lat' dir='ltr'><strong>miseram,</strong></span> <span class='ocrx_word' id='word_1_314' title='bbox 2955 600 3052 640; x_wconf 89' lang='lat' dir='ltr'><strong>nec</strong></span> <span class='ocrx_word' id='word_1_315' title='bbox 3094 587 3369 643; x_wconf 88' lang='lat' dir='ltr'><strong>meliorem</strong></span> <span class='ocrx_word' id='word_1_316' title='bbox 3397 628 3413 655; x_wconf 96' lang='lat'><strong>,</strong></span> <span class='ocrx_word' id='word_1_317' title='bbox 3442 605 3601 660; x_wconf 83' lang='lat' dir='ltr'><strong>quam</strong></span> 
     </span>
    </p>
   </div>
   <div class='ocr_carea' id='block_1_39' title="bbox 2012 673 3597 745">
    <p class='ocr_par' dir='ltr' id='par_1_39' title="bbox 2012 673 3597 745">
     <span class='ocr_line' id='line_1_39' title="bbox 2012 673 3597 745; baseline 0 -15"><span class='ocrx_word' id='word_1_318' title='bbox 2012 689 2197 730; x_wconf 91' lang='lat' dir='ltr'><strong>eorum</strong></span> <span class='ocrx_word' id='word_1_319' title='bbox 2225 675 2316 745; x_wconf 92' lang='lat' dir='ltr'><strong>qui</strong></span> <span class='ocrx_word' id='word_1_320' title='bbox 2346 674 2608 744; x_wconf 89' lang='lat' dir='ltr'><strong>supplicio</strong></span> <span class='ocrx_word' id='word_1_321' title='bbox 2648 673 2973 743; x_wconf 81' lang='lat' dir='ltr'><strong>afficiuntur,</strong></span> <span class='ocrx_word' id='word_1_322' title='bbox 3002 676 3128 731; x_wconf 91' lang='lat' dir='ltr'><strong>dum</strong></span> <span class='ocrx_word' id='word_1_323' title='bbox 3156 678 3205 732; x_wconf 91' lang='lat' dir='ltr'><strong>in</strong></span> <span class='ocrx_word' id='word_1_324' title='bbox 3238 678 3468 735; x_wconf 78' lang='lat' dir='ltr'><strong>alienam</strong></span> <span class='ocrx_word' id='word_1_325' title='bbox 3497 680 3597 734; x_wconf 83' lang='lat' dir='ltr'><strong>du-</strong></span> 
     </span>
    </p>
   </div>
   <div class='ocr_carea' id='block_1_40' title="bbox 2015 766 3598 842">
    <p class='ocr_par' dir='ltr' id='par_1_40' title="bbox 2015 766 3598 842">
     <span class='ocr_line' id='line_1_40' title="bbox 2015 766 3598 842; baseline 0.002 -20"><span class='ocrx_word' id='word_1_326' title='bbox 2015 783 2160 822; x_wconf 91' lang='lat' dir='ltr'><strong>mum</strong></span> <span class='ocrx_word' id='word_1_327' title='bbox 2192 766 2372 821; x_wconf 89' lang='lat' dir='ltr'><strong>furtim</strong></span> <span class='ocrx_word' id='word_1_328' title='bbox 2404 777 2457 821; x_wconf 92' lang='lat' dir='ltr'><strong>et</strong></span> <span class='ocrx_word' id='word_1_329' title='bbox 2485 781 2605 821; x_wconf 93' lang='lat' dir='ltr'><strong>cum</strong></span> <span class='ocrx_word' id='word_1_330' title='bbox 2639 775 2872 821; x_wconf 87' lang='lat' dir='ltr'><strong>tremore</strong></span> <span class='ocrx_word' id='word_1_331' title='bbox 2912 767 3209 837; x_wconf 81' lang='lat' dir='ltr'><strong>ingreditur</strong></span> <span class='ocrx_word' id='word_1_332' title='bbox 3234 811 3250 836; x_wconf 94' lang='lat'><strong>,</strong></span> <span class='ocrx_word' id='word_1_333' title='bbox 3300 785 3598 842; x_wconf 86' lang='lat' dir='ltr'><strong>omnesque</strong></span> 
     </span>
    </p>
   </div>
   <div class='ocr_carea' id='block_1_41' title="bbox 2017 858 3600 930">
    <p class='ocr_par' dir='ltr' id='par_1_41' title="bbox 2017 858 3600 930">
     <span class='ocr_line' id='line_1_41' title="bbox 2017 858 3600 930; baseline 0.002 -18"><span class='ocrx_word' id='word_1_334' title='bbox 2017 868 2296 928; x_wconf 90' lang='lat' dir='ltr'><strong>suspectos</strong></span> <span class='ocrx_word' id='word_1_335' title='bbox 2323 858 2482 913; x_wconf 88' lang='lat' dir='ltr'><strong>habet</strong></span> <span class='ocrx_word' id='word_1_336' title='bbox 2508 899 2521 919; x_wconf 88' lang='lat'><strong>.</strong></span> <span class='ocrx_word' id='word_1_337' title='bbox 2555 868 2658 911; x_wconf 92' lang='lat' dir='ltr'><strong>tam</strong></span> <span class='ocrx_word' id='word_1_338' title='bbox 2689 873 2872 913; x_wconf 89' lang='lat' dir='ltr'><strong>servos</strong></span> <span class='ocrx_word' id='word_1_339' title='bbox 2900 875 3058 928; x_wconf 91' lang='lat' dir='ltr'><strong>quam</strong></span> <span class='ocrx_word' id='word_1_340' title='bbox 3088 860 3304 914; x_wconf 59' lang='lat' dir='ltr'><strong>liberas.</strong></span> <span class='ocrx_word' id='word_1_341' title='bbox 3328 860 3600 930; x_wconf 87' lang='lat' dir='ltr'><strong>Quamob-</strong></span> 
     </span>
    </p>
   </div>
   <div class='ocr_carea' id='block_1_42' title="bbox 2018 949 3607 1019">
    <p class='ocr_par' dir='ltr' id='par_1_42' title="bbox 2018 949 3607 1019">
     <span class='ocr_line' id='line_1_42' title="bbox 2018 949 3607 1019; baseline 0.002 -14"><span class='ocrx_word' id='word_1_342' title='bbox 2018 966 2129 1006; x_wconf 92' lang='lat' dir='ltr'><strong>rem</strong></span> <span class='ocrx_word' id='word_1_343' title='bbox 2172 951 2430 1016; x_wconf 88' lang='lat' dir='ltr'><strong>obsecro,</strong></span> <span class='ocrx_word' id='word_1_344' title='bbox 2481 949 2583 1005; x_wconf 90' lang='lat' dir='ltr'><strong>hoc</strong></span> <span class='ocrx_word' id='word_1_345' title='bbox 2607 966 2704 1005; x_wconf 89' lang='lat' dir='ltr'><strong>vos</strong></span> <span class='ocrx_word' id='word_1_346' title='bbox 2733 951 2985 1019; x_wconf 88' lang='lat' dir='ltr'><strong>expedire</strong></span> <span class='ocrx_word' id='word_1_347' title='bbox 3010 952 3198 1006; x_wconf 84' lang='lat' dir='ltr'><strong>morbo</strong></span> <span class='ocrx_word' id='word_1_348' title='bbox 3240 954 3457 1007; x_wconf 89' lang='lat' dir='ltr'><strong>curetis.</strong></span> <span class='ocrx_word' id='word_1_349' title='bbox 3511 953 3607 1008; x_wconf 91' lang='lat' dir='ltr'><strong>Sin</strong></span> 
     </span>
    </p>
   </div>
   <div class='ocr_carea' id='block_1_43' title="bbox 2018 1042 3603 1112">
    <p class='ocr_par' dir='ltr' id='par_1_43' title="bbox 2018 1042 3603 1112">
     <span class='ocr_line' id='line_1_43' title="bbox 2018 1042 3603 1112; baseline 0.001 -15"><span class='ocrx_word' id='word_1_350' title='bbox 2018 1058 2125 1097; x_wconf 91' lang='lat' dir='ltr'><strong>non</strong></span> <span class='ocrx_word' id='word_1_351' title='bbox 2156 1042 2559 1112; x_wconf 89' lang='lat' dir='ltr'><strong>obsequamini,</strong></span> <span class='ocrx_word' id='word_1_352' title='bbox 2593 1058 2660 1097; x_wconf 91' lang='lat' dir='ltr'><strong>ne</strong></span> <span class='ocrx_word' id='word_1_353' title='bbox 2688 1042 2740 1095; x_wconf 92' lang='lat' dir='ltr'><strong>in</strong></span> <span class='ocrx_word' id='word_1_354' title='bbox 2772 1056 2921 1097; x_wconf 86' lang='lat' dir='ltr'><strong>sacra</strong></span> <span class='ocrx_word' id='word_1_355' title='bbox 2953 1042 3135 1097; x_wconf 89' lang='lat' dir='ltr'><strong>limina</strong></span> <span class='ocrx_word' id='word_1_356' title='bbox 3163 1042 3533 1111; x_wconf 74' lang='lat' dir='ltr'><strong>ingrediamini</strong></span> <span class='ocrx_word' id='word_1_357' title='bbox 3562 1045 3603 1099; x_wconf 78' lang='grc'><strong>⁸.</strong></span> 
     </span>
    </p>
   </div>
   <div class='ocr_carea' id='block_1_44' title="bbox 2019 1134 3605 1204">
    <p class='ocr_par' dir='ltr' id='par_1_44' title="bbox 2019 1134 3605 1204">
     <span class='ocr_line' id='line_1_44' title="bbox 2019 1134 3605 1204; baseline -0.001 -13"><span class='ocrx_word' id='word_1_358' title='bbox 2019 1136 2149 1191; x_wconf 89' lang='lat' dir='ltr'><strong>Nam</strong></span> <span class='ocrx_word' id='word_1_359' title='bbox 2178 1136 2448 1191; x_wconf 87' lang='lat' dir='ltr'><strong>scabiosas</strong></span> <span class='ocrx_word' id='word_1_360' title='bbox 2477 1146 2530 1190; x_wconf 92' lang='lat' dir='ltr'><strong>et</strong></span> <span class='ocrx_word' id='word_1_361' title='bbox 2558 1134 2831 1189; x_wconf 80' lang='lat' dir='ltr'><strong>morbidus</strong></span> <span class='ocrx_word' id='word_1_362' title='bbox 2858 1149 2985 1189; x_wconf 91' lang='lat' dir='ltr'><strong>oves</strong></span> <span class='ocrx_word' id='word_1_363' title='bbox 3014 1150 3116 1188; x_wconf 80' lang='lat' dir='ltr'><strong>non</strong></span> <span class='ocrx_word' id='word_1_364' title='bbox 3145 1143 3359 1204; x_wconf 88' lang='lat' dir='ltr'><strong>oportet</strong></span> <span class='ocrx_word' id='word_1_365' title='bbox 3386 1136 3436 1189; x_wconf 92' lang='lat' dir='ltr'><strong>in</strong></span> <span class='ocrx_word' id='word_1_366' title='bbox 3468 1135 3605 1190; x_wconf 88' lang='lat' dir='ltr'><strong>bene</strong></span> 
     </span>
    </p>
   </div>
   <div class='ocr_carea' id='block_1_45' title="bbox 2020 1225 3605 1297">
    <p class='ocr_par' dir='ltr' id='par_1_45' title="bbox 2020 1225 3605 1297">
     <span class='ocr_line' id='line_1_45' title="bbox 2020 1225 3605 1297; baseline -0.001 -16"><span class='ocrx_word' id='word_1_367' title='bbox 2020 1229 2308 1281; x_wconf 88' lang='lat' dir='ltr'><strong>valentium</strong></span> <span class='ocrx_word' id='word_1_368' title='bbox 2332 1242 2493 1297; x_wconf 83' lang='lat' dir='ltr'><strong>grege</strong></span> <span class='ocrx_word' id='word_1_369' title='bbox 2519 1226 2723 1281; x_wconf 84' lang='lat' dir='ltr'><strong>versari</strong></span> <span class='ocrx_word' id='word_1_370' title='bbox 2746 1268 2759 1288; x_wconf 88' lang='lat'><strong>,</strong></span> <span class='ocrx_word' id='word_1_371' title='bbox 2793 1225 2886 1279; x_wconf 92' lang='lat' dir='ltr'><strong>sed</strong></span> <span class='ocrx_word' id='word_1_372' title='bbox 2914 1225 2982 1279; x_wconf 89' lang='lat' dir='ltr'><strong>ab</strong></span> <span class='ocrx_word' id='word_1_373' title='bbox 3005 1226 3131 1280; x_wconf 81' lang='lat' dir='ltr'><strong>ovili</strong></span> <span class='ocrx_word' id='word_1_374' title='bbox 3158 1225 3433 1295; x_wconf 78' lang='lat' dir='ltr'><strong>exigenda:</strong></span> <span class='ocrx_word' id='word_1_375' title='bbox 3462 1236 3605 1291; x_wconf 88' lang='lat' dir='ltr'><strong>sunt,</strong></span> 
     </span>
    </p>
   </div>
   <div class='ocr_carea' id='block_1_46' title="bbox 2022 1316 3611 1387">
    <p class='ocr_par' dir='ltr' id='par_1_46' title="bbox 2022 1316 3611 1387">
     <span class='ocr_line' id='line_1_46' title="bbox 2022 1316 3611 1387; baseline -0.001 -13"><span class='ocrx_word' id='word_1_376' title='bbox 2022 1321 2193 1375; x_wconf 87' lang='lat' dir='ltr'><strong>donec</strong></span> <span class='ocrx_word' id='word_1_377' title='bbox 2236 1319 2477 1373; x_wconf 88' lang='lat' dir='ltr'><strong>morbum</strong></span> <span class='ocrx_word' id='word_1_378' title='bbox 2507 1317 2797 1387; x_wconf 89' lang='lat' dir='ltr'><strong>deponant.</strong></span> <span class='ocrx_word' id='word_1_379' title='bbox 2839 1318 2971 1372; x_wconf 85' lang='lat' dir='ltr'><strong>Nam</strong></span> <span class='ocrx_word' id='word_1_380' title='bbox 3014 1317 3253 1372; x_wconf 89' lang='lat' dir='ltr'><strong>membra</strong></span> <span class='ocrx_word' id='word_1_381' title='bbox 3288 1316 3485 1373; x_wconf 87' lang='lat' dir='ltr'><strong>Christi</strong></span> <span class='ocrx_word' id='word_1_382' title='bbox 3514 1334 3611 1373; x_wconf 83' lang='lat' dir='ltr'><strong>su-</strong></span> 
     </span>
    </p>
   </div>
   <div class='ocr_carea' id='block_1_47' title="bbox 2023 1407 3603 1467">
    <p class='ocr_par' dir='ltr' id='par_1_47' title="bbox 2023 1407 3603 1467">
     <span class='ocr_line' id='line_1_47' title="bbox 2023 1407 3603 1467; baseline -0.004 0"><span class='ocrx_word' id='word_1_383' title='bbox 2023 1428 2142 1467; x_wconf 92' lang='lat' dir='ltr'><strong>mus</strong></span> <span class='ocrx_word' id='word_1_384' title='bbox 2171 1428 2183 1464; x_wconf 91' lang='lat'><strong>:</strong></span> <span class='ocrx_word' id='word_1_385' title='bbox 2226 1426 2291 1465; x_wconf 90' lang='lat' dir='ltr'><strong>ne</strong></span> <span class='ocrx_word' id='word_1_386' title='bbox 2320 1409 2617 1465; x_wconf 74' lang='lat' dir='ltr'><strong>efficiamur</strong></span> <span class='ocrx_word' id='word_1_387' title='bbox 2645 1410 2882 1463; x_wconf 91' lang='lat' dir='ltr'><strong>membra</strong></span> <span class='ocrx_word' id='word_1_388' title='bbox 2912 1408 3232 1463; x_wconf 85' lang='lat' dir='ltr'><strong>meretricis.</strong></span> <span class='ocrx_word' id='word_1_389' title='bbox 3262 1407 3376 1462; x_wconf 87' lang='lat' dir='ltr'><strong>Non</strong></span> <span class='ocrx_word' id='word_1_390' title='bbox 3406 1418 3488 1463; x_wconf 89' lang='lat' dir='ltr'><strong>est</strong></span> <span class='ocrx_word' id='word_1_391' title='bbox 3518 1408 3603 1462; x_wconf 85' lang='lat' dir='ltr'><strong>lu-</strong></span> 
     </span>
    </p>
   </div>
   <div class='ocr_carea' id='block_1_48' title="bbox 2026 1502 3610 1575">
    <p class='ocr_par' dir='ltr' id='par_1_48' title="bbox 2026 1502 3610 1575">
     <span class='ocr_line' id='line_1_48' title="bbox 2026 1502 3610 1575; baseline 0.001 -18"><span class='ocrx_word' id='word_1_392' title='bbox 2026 1520 2192 1575; x_wconf 88' lang='lat' dir='ltr'><strong>panar</strong></span> <span class='ocrx_word' id='word_1_393' title='bbox 2233 1503 2319 1558; x_wconf 87' lang='lat' dir='ltr'><strong>hic</strong></span> <span class='ocrx_word' id='word_1_394' title='bbox 2366 1504 2545 1568; x_wconf 87' lang='lat' dir='ltr'><strong>locus,</strong></span> <span class='ocrx_word' id='word_1_395' title='bbox 2589 1502 2683 1557; x_wconf 92' lang='lat' dir='ltr'><strong>sed</strong></span> <span class='ocrx_word' id='word_1_396' title='bbox 2731 1502 2979 1557; x_wconf 84' lang='lat' dir='ltr'><strong>ecclesia.</strong></span> <span class='ocrx_word' id='word_1_397' title='bbox 3022 1502 3076 1556; x_wconf 87' lang='lat' dir='ltr'><strong>Si</strong></span> <span class='ocrx_word' id='word_1_398' title='bbox 3106 1502 3402 1557; x_wconf 90' lang='lat' dir='ltr'><strong>membrum</strong></span> <span class='ocrx_word' id='word_1_399' title='bbox 3432 1518 3610 1558; x_wconf 87' lang='lat' dir='ltr'><strong>mere-</strong></span> 
     </span>
    </p>
   </div>
   <div class='ocr_carea' id='block_1_49' title="bbox 2027 1593 3616 1661">
    <p class='ocr_par' dir='ltr' id='par_1_49' title="bbox 2027 1593 3616 1661">
     <span class='ocr_line' id='line_1_49' title="bbox 2027 1593 3616 1661; baseline -0.002 -11"><span class='ocrx_word' id='word_1_400' title='bbox 2027 1599 2175 1651; x_wconf 88' lang='lat' dir='ltr'><strong>tricis</strong></span> <span class='ocrx_word' id='word_1_401' title='bbox 2221 1595 2417 1649; x_wconf 90' lang='lat' dir='ltr'><strong>habeas</strong></span> <span class='ocrx_word' id='word_1_402' title='bbox 2440 1634 2458 1658; x_wconf 89' lang='lat'><strong>,</strong></span> <span class='ocrx_word' id='word_1_403' title='bbox 2508 1609 2575 1648; x_wconf 91' lang='lat' dir='ltr'><strong>ne</strong></span> <span class='ocrx_word' id='word_1_404' title='bbox 2606 1602 2715 1647; x_wconf 89' lang='lat' dir='ltr'><strong>stes</strong></span> <span class='ocrx_word' id='word_1_405' title='bbox 2742 1594 2794 1647; x_wconf 92' lang='lat' dir='ltr'><strong>in</strong></span> <span class='ocrx_word' id='word_1_406' title='bbox 2823 1593 3049 1647; x_wconf 89' lang='lat' dir='ltr'><strong>ecclesia</strong></span> <span class='ocrx_word' id='word_1_407' title='bbox 3074 1634 3088 1661; x_wconf 92' lang='lat'><strong>,</strong></span> <span class='ocrx_word' id='word_1_408' title='bbox 3122 1609 3190 1649; x_wconf 91' lang='lat' dir='ltr'><strong>ne</strong></span> <span class='ocrx_word' id='word_1_409' title='bbox 3227 1594 3401 1647; x_wconf 90' lang='lat' dir='ltr'><strong>locum</strong></span> <span class='ocrx_word' id='word_1_410' title='bbox 3426 1603 3616 1649; x_wconf 89' lang='lat' dir='ltr'><strong>contu-</strong></span> 
     </span>
    </p>
   </div>
   <div class='ocr_carea' id='block_1_50' title="bbox 2027 1685 3610 1756">
    <p class='ocr_par' dir='ltr' id='par_1_50' title="bbox 2027 1685 3610 1756">
     <span class='ocr_line' id='line_1_50' title="bbox 2027 1685 3610 1756; baseline -0.001 -14"><span class='ocrx_word' id='word_1_411' title='bbox 2027 1687 2185 1743; x_wconf 88' lang='lat' dir='ltr'><strong>melia</strong></span> <span class='ocrx_word' id='word_1_412' title='bbox 2211 1685 2435 1740; x_wconf 83' lang='lat' dir='ltr'><strong>afﬁcias.</strong></span> <span class='ocrx_word' id='word_1_413' title='bbox 2487 1685 2705 1739; x_wconf 90' lang='lat' dir='ltr'><strong>Etiamsi</strong></span> <span class='ocrx_word' id='word_1_414' title='bbox 2735 1685 2876 1740; x_wconf 92' lang='lat' dir='ltr'><strong>enim</strong></span> <span class='ocrx_word' id='word_1_415' title='bbox 2907 1685 3150 1756; x_wconf 85' lang='lat' dir='ltr'><strong>gehenna</strong></span> <span class='ocrx_word' id='word_1_416' title='bbox 3182 1685 3324 1740; x_wconf 90' lang='lat' dir='ltr'><strong>nulla</strong></span> <span class='ocrx_word' id='word_1_417' title='bbox 3348 1727 3365 1753; x_wconf 95' lang='lat'><strong>,</strong></span> <span class='ocrx_word' id='word_1_418' title='bbox 3406 1687 3610 1741; x_wconf 88' lang='lat' dir='ltr'><strong>nullum</strong></span> 
     </span>
    </p>
   </div>
   <div class='ocr_carea' id='block_1_51' title="bbox 2030 1778 3617 1851">
    <p class='ocr_par' dir='ltr' id='par_1_51' title="bbox 2030 1778 3617 1851">
     <span class='ocr_line' id='line_1_51' title="bbox 2030 1778 3617 1851; baseline -0.002 -15"><span class='ocrx_word' id='word_1_419' title='bbox 2030 1780 2347 1851; x_wconf 89' lang='lat' dir='ltr'><strong>supplicium</strong></span> <span class='ocrx_word' id='word_1_420' title='bbox 2392 1788 2570 1844; x_wconf 85' lang='lat' dir='ltr'><strong>esset,</strong></span> <span class='ocrx_word' id='word_1_421' title='bbox 2621 1786 2743 1847; x_wconf 90' lang='lat' dir='ltr'><strong>post</strong></span> <span class='ocrx_word' id='word_1_422' title='bbox 2774 1786 2923 1847; x_wconf 88' lang='lat' dir='ltr'><strong>pacta</strong></span> <span class='ocrx_word' id='word_1_423' title='bbox 2956 1778 3042 1831; x_wconf 89' lang='lat' dir='ltr'><strong>illa</strong></span> <span class='ocrx_word' id='word_1_424' title='bbox 3069 1788 3121 1833; x_wconf 92' lang='lat' dir='ltr'><strong>et</strong></span> <span class='ocrx_word' id='word_1_425' title='bbox 3152 1779 3417 1850; x_wconf 83' lang='lat' dir='ltr'><strong>nuptiales</strong></span> <span class='ocrx_word' id='word_1_426' title='bbox 3444 1780 3617 1834; x_wconf 84' lang='lat' dir='ltr'><strong>lucer—</strong></span> 
     </span>
    </p>
   </div>
   <div class='ocr_carea' id='block_1_52' title="bbox 2030 1870 3614 1942">
    <p class='ocr_par' dir='ltr' id='par_1_52' title="bbox 2030 1870 3614 1942">
     <span class='ocr_line' id='line_1_52' title="bbox 2030 1870 3614 1942; baseline -0.002 -15"><span class='ocrx_word' id='word_1_427' title='bbox 2030 1887 2155 1937; x_wconf 89' lang='lat' dir='ltr'><strong>nas,</strong></span> <span class='ocrx_word' id='word_1_428' title='bbox 2188 1871 2522 1942; x_wconf 90' lang='lat' dir='ltr'><strong>postjustum</strong></span> <span class='ocrx_word' id='word_1_429' title='bbox 2542 1870 2736 1924; x_wconf 91' lang='lat' dir='ltr'><strong>lectum</strong></span> <span class='ocrx_word' id='word_1_430' title='bbox 2761 1878 2817 1924; x_wconf 92' lang='lat' dir='ltr'><strong>et</strong></span> <span class='ocrx_word' id='word_1_431' title='bbox 2843 1870 3133 1924; x_wconf 88' lang='lat' dir='ltr'><strong>liberorum</strong></span> <span class='ocrx_word' id='word_1_432' title='bbox 3162 1872 3614 1941; x_wconf 83' lang='lat' dir='ltr'><strong>procreationem,</strong></span> 
     </span>
    </p>
   </div>
   <div class='ocr_carea' id='block_1_53' title="bbox 2032 1959 3622 2033">
    <p class='ocr_par' dir='ltr' id='par_1_53' title="bbox 2032 1959 3622 2033">
     <span class='ocr_line' id='line_1_53' title="bbox 2032 1959 3622 2033; baseline -0.002 -16"><span class='ocrx_word' id='word_1_433' title='bbox 2032 1972 2153 2033; x_wconf 90' lang='lat' dir='ltr'><strong>post</strong></span> <span class='ocrx_word' id='word_1_434' title='bbox 2182 1962 2290 2017; x_wconf 90' lang='lat' dir='ltr'><strong>tale</strong></span> <span class='ocrx_word' id='word_1_435' title='bbox 2315 1961 2670 2026; x_wconf 89' lang='lat' dir='ltr'><strong>consortium,</strong></span> <span class='ocrx_word' id='word_1_436' title='bbox 2694 1959 2965 2031; x_wconf 90' lang='lat' dir='ltr'><strong>quomodo</strong></span> <span class='ocrx_word' id='word_1_437' title='bbox 2980 1959 3146 2015; x_wconf 84' lang='lat' dir='ltr'><strong>audes</strong></span> <span class='ocrx_word' id='word_1_438' title='bbox 3170 1960 3323 2015; x_wconf 90' lang='lat' dir='ltr'><strong>alteri</strong></span> <span class='ocrx_word' id='word_1_439' title='bbox 3349 1961 3622 2032; x_wconf 75' lang='lat' dir='ltr'><strong>copulari?</strong></span> 
     </span>
    </p>
   </div>
   <div class='ocr_carea' id='block_1_54' title="bbox 2032 2051 3617 2122">
    <p class='ocr_par' dir='ltr' id='par_1_54' title="bbox 2032 2051 3617 2122">
     <span class='ocr_line' id='line_1_54' title="bbox 2032 2051 3617 2122; baseline -0.003 -12"><span class='ocrx_word' id='word_1_440' title='bbox 2032 2070 2128 2111; x_wconf 91' lang='lat' dir='ltr'><strong>cur</strong></span> <span class='ocrx_word' id='word_1_441' title='bbox 2157 2070 2262 2109; x_wconf 93' lang='lat' dir='ltr'><strong>non</strong></span> <span class='ocrx_word' id='word_1_442' title='bbox 2290 2053 2492 2108; x_wconf 90' lang='lat' dir='ltr'><strong>vereris</strong></span> <span class='ocrx_word' id='word_1_443' title='bbox 2512 2092 2527 2118; x_wconf 99' lang='lat'><strong>,</strong></span> <span class='ocrx_word' id='word_1_444' title='bbox 2560 2066 2660 2108; x_wconf 89' lang='lat' dir='ltr'><strong>nec</strong></span> <span class='ocrx_word' id='word_1_445' title='bbox 2688 2051 3007 2107; x_wconf 74' lang='lat' dir='ltr'><strong>erubescis?</strong></span> <span class='ocrx_word' id='word_1_446' title='bbox 3051 2052 3133 2107; x_wconf 79' lang='lat' dir='ltr'><strong>An</strong></span> <span class='ocrx_word' id='word_1_447' title='bbox 3164 2052 3379 2122; x_wconf 89' lang='lat' dir='ltr'><strong>ignoras</strong></span> <span class='ocrx_word' id='word_1_448' title='bbox 3406 2066 3499 2107; x_wconf 86' lang='lat' dir='ltr'><strong>eus</strong></span> <span class='ocrx_word' id='word_1_449' title='bbox 3527 2051 3617 2121; x_wconf 94' lang='lat' dir='ltr'><strong>qui</strong></span> 
     </span>
    </p>
   </div>
   <div class='ocr_carea' id='block_1_55' title="bbox 2032 2142 3619 2217">
    <p class='ocr_par' dir='ltr' id='par_1_55' title="bbox 2032 2142 3619 2217">
     <span class='ocr_line' id='line_1_55' title="bbox 2032 2142 3619 2217; baseline 0.001 -22"><span class='ocrx_word' id='word_1_450' title='bbox 2032 2154 2155 2217; x_wconf 79' lang='lat' dir='ltr'><strong>post</strong></span> <span class='ocrx_word' id='word_1_451' title='bbox 2184 2145 2367 2200; x_wconf 79' lang='lat' dir='ltr'><strong>uxoris</strong></span> <span class='ocrx_word' id='word_1_452' title='bbox 2395 2152 2622 2198; x_wconf 91' lang='lat' dir='ltr'><strong>mortem</strong></span> <span class='ocrx_word' id='word_1_453' title='bbox 2647 2185 2662 2209; x_wconf 93' lang='lat'><strong>,</strong></span> <span class='ocrx_word' id='word_1_454' title='bbox 2696 2143 2856 2198; x_wconf 89' lang='lat' dir='ltr'><strong>aliam</strong></span> <span class='ocrx_word' id='word_1_455' title='bbox 2884 2142 3122 2209; x_wconf 91' lang='lat' dir='ltr'><strong>ducunt,</strong></span> <span class='ocrx_word' id='word_1_456' title='bbox 3149 2158 3178 2197; x_wconf 90' lang='lat' dir='ltr'><strong>a</strong></span> <span class='ocrx_word' id='word_1_457' title='bbox 3208 2143 3387 2198; x_wconf 87' lang='lat' dir='ltr'><strong>multis</strong></span> <span class='ocrx_word' id='word_1_458' title='bbox 3413 2143 3619 2213; x_wconf 87' lang='lat' dir='ltr'><strong>impro-</strong></span> 
     </span>
    </p>
   </div>
   <div class='ocr_carea' id='block_1_56' title="bbox 2034 2235 3621 2308">
    <p class='ocr_par' dir='ltr' id='par_1_56' title="bbox 2034 2235 3621 2308">
     <span class='ocr_line' id='line_1_56' title="bbox 2034 2235 3621 2308; baseline -0.003 -13"><span class='ocrx_word' id='word_1_459' title='bbox 2034 2240 2147 2296; x_wconf 91' lang='lat' dir='ltr'><strong>bari</strong></span> <span class='ocrx_word' id='word_1_460' title='bbox 2164 2282 2180 2308; x_wconf 91' lang='lat'><strong>,</strong></span> <span class='ocrx_word' id='word_1_461' title='bbox 2219 2238 2425 2295; x_wconf 86' lang='lat' dir='ltr'><strong>etiamsi</strong></span> <span class='ocrx_word' id='word_1_462' title='bbox 2450 2251 2636 2308; x_wconf 65' lang='lat' dir='ltr'><strong>poenas</strong></span> <span class='ocrx_word' id='word_1_463' title='bbox 2664 2252 2768 2291; x_wconf 91' lang='lat' dir='ltr'><strong>non</strong></span> <span class='ocrx_word' id='word_1_464' title='bbox 2791 2235 2967 2291; x_wconf 89' lang='lat' dir='ltr'><strong>daturi</strong></span> <span class='ocrx_word' id='word_1_465' title='bbox 2994 2238 3137 2292; x_wconf 72' lang='lat' dir='ltr'><strong>sint?</strong></span> <span class='ocrx_word' id='word_1_466' title='bbox 3156 2235 3240 2292; x_wconf 88' lang='lat' dir='ltr'><strong>Tu</strong></span> <span class='ocrx_word' id='word_1_467' title='bbox 3263 2252 3392 2292; x_wconf 88' lang='lat' dir='ltr'><strong>vero</strong></span> <span class='ocrx_word' id='word_1_468' title='bbox 3414 2276 3431 2304; x_wconf 93' lang='lat'><strong>,</strong></span> <span class='ocrx_word' id='word_1_469' title='bbox 3457 2250 3621 2290; x_wconf 85' lang='lat' dir='ltr'><strong>uxore</strong></span> 
     </span>
    </p>
   </div>
   <div class='ocr_carea' id='block_1_57' title="bbox 2034 2328 3625 2404">
    <p class='ocr_par' dir='ltr' id='par_1_57' title="bbox 2034 2328 3625 2404">
     <span class='ocr_line' id='line_1_57' title="bbox 2034 2328 3625 2404; baseline -0.006 -13"><span class='ocrx_word' id='word_1_470' title='bbox 2034 2332 2354 2404; x_wconf 89' lang='lat' dir='ltr'><strong>superstite,</strong></span> <span class='ocrx_word' id='word_1_471' title='bbox 2382 2331 2541 2385; x_wconf 87' lang='lat' dir='ltr'><strong>aliam</strong></span> <span class='ocrx_word' id='word_1_472' title='bbox 2569 2330 2797 2385; x_wconf 87' lang='lat' dir='ltr'><strong>inducis.</strong></span> <span class='ocrx_word' id='word_1_473' title='bbox 2841 2328 3025 2400; x_wconf 88' lang='lat' dir='ltr'><strong>Ecqua</strong></span> <span class='ocrx_word' id='word_1_474' title='bbox 3052 2338 3135 2385; x_wconf 90' lang='lat' dir='ltr'><strong>est</strong></span> <span class='ocrx_word' id='word_1_475' title='bbox 3161 2329 3247 2384; x_wconf 91' lang='lat' dir='ltr'><strong>illa</strong></span> <span class='ocrx_word' id='word_1_476' title='bbox 3289 2329 3625 2384; x_wconf 60' lang='lat' dir='ltr'><strong>incontineno</strong></span> 
     </span>
    </p>
   </div>
   <div class='ocr_carea' id='block_1_58' title="bbox 2037 2421 3622 2496">
    <p class='ocr_par' dir='ltr' id='par_1_58' title="bbox 2037 2421 3622 2496">
     <span class='ocr_line' id='line_1_58' title="bbox 2037 2421 3622 2496; baseline -0.006 -13"><span class='ocrx_word' id='word_1_477' title='bbox 2037 2429 2150 2483; x_wconf 83' lang='lat' dir='ltr'><strong>tia‘t</strong></span> <span class='ocrx_word' id='word_1_478' title='bbox 2182 2426 2335 2482; x_wconf 85' lang='lat' dir='ltr'><strong>Disce</strong></span> <span class='ocrx_word' id='word_1_479' title='bbox 2372 2440 2490 2496; x_wconf 74' lang='lat' dir='ltr'><strong>qua:</strong></span> <span class='ocrx_word' id='word_1_480' title='bbox 2512 2424 2627 2489; x_wconf 68' lang='lat' dir='ltr'><strong>,hac</strong></span> <span class='ocrx_word' id='word_1_481' title='bbox 2649 2424 2718 2479; x_wconf 91' lang='lat' dir='ltr'><strong>de</strong></span> <span class='ocrx_word' id='word_1_482' title='bbox 2759 2438 2818 2478; x_wconf 88' lang='lat' dir='ltr'><strong>re</strong></span> <span class='ocrx_word' id='word_1_483' title='bbox 2857 2422 2997 2478; x_wconf 89' lang='lat' dir='ltr'><strong>dicta</strong></span> <span class='ocrx_word' id='word_1_484' title='bbox 3038 2424 3184 2477; x_wconf 87' lang='lat' dir='ltr'><strong>sint:</strong></span> <span class='ocrx_word' id='word_1_485' title='bbox 3226 2421 3421 2476; x_wconf 83' lang='lat' dir='ltr'><strong>Vermis</strong></span> <span class='ocrx_word' id='word_1_486' title='bbox 3448 2438 3622 2474; x_wconf 88' lang='lat' dir='ltr'><strong>eorum</strong></span> 
     </span>
    </p>
   </div>
   <div class='ocr_carea' id='block_1_59' title="bbox 2038 2512 3616 2587">
    <p class='ocr_par' dir='ltr' id='par_1_59' title="bbox 2038 2512 3616 2587">
     <span class='ocr_line' id='line_1_59' title="bbox 2038 2512 3616 2587; baseline -0.006 -12"><span class='ocrx_word' id='word_1_487' title='bbox 2038 2537 2137 2575; x_wconf 90' lang='lat' dir='ltr'><strong>non</strong></span> <span class='ocrx_word' id='word_1_488' title='bbox 2159 2519 2417 2583; x_wconf 85' lang='lat' dir='ltr'><strong>morietur,</strong></span> <span class='ocrx_word' id='word_1_489' title='bbox 2452 2526 2498 2571; x_wconf 90' lang='lat' dir='ltr'><strong>et</strong></span> <span class='ocrx_word' id='word_1_490' title='bbox 2520 2516 2649 2587; x_wconf 83' lang='lat' dir='ltr'><strong>ignis</strong></span> <span class='ocrx_word' id='word_1_491' title='bbox 2675 2532 2776 2569; x_wconf 90' lang='lat' dir='ltr'><strong>non</strong></span> <span class='ocrx_word' id='word_1_492' title='bbox 2802 2516 3150 2585; x_wconf 72' lang='lat' dir='ltr'><strong>exstinguetur</strong></span> <span class='ocrx_word' id='word_1_493' title='bbox 3176 2514 3195 2586; x_wconf 96' lang='lat'><strong>(</strong></span> <span class='ocrx_word' id='word_1_494' title='bbox 3222 2513 3383 2567; x_wconf 80' lang='lat' dir='ltr'><strong>Marc.</strong></span> <span class='ocrx_word' id='word_1_495' title='bbox 3418 2514 3472 2568; x_wconf 79' lang='lat'><strong>9.</strong></span> <span class='ocrx_word' id='word_1_496' title='bbox 3498 2512 3616 2583; x_wconf 70' lang='grc'><strong>45).</strong></span> 
     </span>
    </p>
   </div>
   <div class='ocr_carea' id='block_1_60' title="bbox 2039 2605 3626 2681">
    <p class='ocr_par' dir='ltr' id='par_1_60' title="bbox 2039 2605 3626 2681">
     <span class='ocr_line' id='line_1_60' title="bbox 2039 2605 3626 2681; baseline -0.007 -13"><span class='ocrx_word' id='word_1_497' title='bbox 2039 2613 2209 2668; x_wconf 80' lang='lat' dir='ltr'><strong>Minas</strong></span> <span class='ocrx_word' id='word_1_498' title='bbox 2252 2610 2641 2681; x_wconf 78' lang='lat' dir='ltr'><strong>perhorresco,</strong></span> <span class='ocrx_word' id='word_1_499' title='bbox 2678 2609 2805 2662; x_wconf 92' lang='lat' dir='ltr'><strong>time</strong></span> <span class='ocrx_word' id='word_1_500' title='bbox 2841 2607 3181 2677; x_wconf 87' lang='lat' dir='ltr'><strong>supplicium.</strong></span> <span class='ocrx_word' id='word_1_501' title='bbox 3221 2605 3338 2660; x_wconf 89' lang='lat' dir='ltr'><strong>Non</strong></span> <span class='ocrx_word' id='word_1_502' title='bbox 3369 2616 3451 2660; x_wconf 88' lang='lat' dir='ltr'><strong>est</strong></span> <span class='ocrx_word' id='word_1_503' title='bbox 3482 2615 3626 2658; x_wconf 87' lang='lat' dir='ltr'><strong>tanta</strong></span> 
     </span>
    </p>
   </div>
   <div class='ocr_carea' id='block_1_61' title="bbox 2040 2696 3631 2771">
    <p class='ocr_par' dir='ltr' id='par_1_61' title="bbox 2040 2696 3631 2771">
     <span class='ocr_line' id='line_1_61' title="bbox 2040 2696 3631 2771; baseline -0.005 -14"><span class='ocrx_word' id='word_1_504' title='bbox 2040 2703 2127 2757; x_wconf 89' lang='lat' dir='ltr'><strong>hic</strong></span> <span class='ocrx_word' id='word_1_505' title='bbox 2152 2702 2399 2771; x_wconf 81' lang='lat' dir='ltr'><strong>voluptas</strong></span> <span class='ocrx_word' id='word_1_506' title='bbox 2418 2742 2433 2766; x_wconf 89' lang='lat'><strong>,</strong></span> <span class='ocrx_word' id='word_1_507' title='bbox 2460 2711 2717 2770; x_wconf 88' lang='lat' dir='ltr'><strong>quantum</strong></span> <span class='ocrx_word' id='word_1_508' title='bbox 2749 2698 2859 2753; x_wconf 89' lang='lat' dir='ltr'><strong>illic</strong></span> <span class='ocrx_word' id='word_1_509' title='bbox 2882 2697 3227 2767; x_wconf 84' lang='lat' dir='ltr'><strong>supplicium.</strong></span> <span class='ocrx_word' id='word_1_510' title='bbox 3262 2696 3459 2751; x_wconf 84' lang='lat' dir='ltr'><strong>Verum</strong></span> <span class='ocrx_word' id='word_1_511' title='bbox 3491 2696 3631 2749; x_wconf 84' lang='lat' dir='ltr'><strong>absit</strong></span> 
     </span>
    </p>
   </div>
   <div class='ocr_carea' id='block_1_62' title="bbox 2040 2786 3629 2866">
    <p class='ocr_par' dir='ltr' id='par_1_62' title="bbox 2040 2786 3629 2866">
     <span class='ocr_line' id='line_1_62' title="bbox 2040 2786 3629 2866; baseline -0.007 -15"><span class='ocrx_word' id='word_1_512' title='bbox 2040 2805 2099 2851; x_wconf 94' lang='lat' dir='ltr'><strong>ut</strong></span> <span class='ocrx_word' id='word_1_513' title='bbox 2125 2795 2245 2866; x_wconf 91' lang='lat' dir='ltr'><strong>quis</strong></span> <span class='ocrx_word' id='word_1_514' title='bbox 2270 2794 2360 2848; x_wconf 90' lang='lat' dir='ltr'><strong>tali</strong></span> <span class='ocrx_word' id='word_1_515' title='bbox 2390 2793 2458 2846; x_wconf 89' lang='lat' dir='ltr'><strong>sit</strong></span> <span class='ocrx_word' id='word_1_516' title='bbox 2482 2791 2746 2846; x_wconf 83' lang='lat' dir='ltr'><strong>obnoxius</strong></span> <span class='ocrx_word' id='word_1_517' title='bbox 2784 2789 3077 2860; x_wconf 85' lang='lat' dir='ltr'><strong>supplicio;</strong></span> <span class='ocrx_word' id='word_1_518' title='bbox 3127 2786 3223 2841; x_wconf 89' lang='lat' dir='ltr'><strong>sed</strong></span> <span class='ocrx_word' id='word_1_519' title='bbox 3270 2788 3471 2841; x_wconf 90' lang='lat' dir='ltr'><strong>utinam</strong></span> <span class='ocrx_word' id='word_1_520' title='bbox 3502 2803 3629 2840; x_wconf 80' lang='lat' dir='ltr'><strong>san-</strong></span> 
     </span>
    </p>
   </div>
   <div class='ocr_carea' id='block_1_63' title="bbox 2040 2878 3630 2948">
    <p class='ocr_par' dir='ltr' id='par_1_63' title="bbox 2040 2878 3630 2948">
     <span class='ocr_line' id='line_1_63' title="bbox 2040 2878 3630 2948; baseline -0.01 -5"><span class='ocrx_word' id='word_1_521' title='bbox 2040 2890 2281 2944; x_wconf 83' lang='lat' dir='ltr'><strong>ctitatem</strong></span> <span class='ocrx_word' id='word_1_522' title='bbox 2315 2894 2582 2939; x_wconf 88' lang='lat' dir='ltr'><strong>sectantes</strong></span> <span class='ocrx_word' id='word_1_523' title='bbox 2622 2882 2894 2935; x_wconf 86' lang='lat' dir='ltr'><strong>videamus</strong></span> <span class='ocrx_word' id='word_1_524' title='bbox 2923 2878 3216 2945; x_wconf 86' lang='lat' dir='ltr'><strong>Christum,</strong></span> <span class='ocrx_word' id='word_1_525' title='bbox 3255 2887 3310 2933; x_wconf 93' lang='lat' dir='ltr'><strong>et</strong></span> <span class='ocrx_word' id='word_1_526' title='bbox 3356 2878 3630 2948; x_wconf 80' lang='lat' dir='ltr'><strong>promissis</strong></span> 
     </span>
    </p>
   </div>
   <div class='ocr_carea' id='block_1_64' title="bbox 2042 2969 3628 3045">
    <p class='ocr_par' dir='ltr' id='par_1_64' title="bbox 2042 2969 3628 3045">
     <span class='ocr_line' id='line_1_64' title="bbox 2042 2969 3628 3045; baseline -0.011 -9"><span class='ocrx_word' id='word_1_527' title='bbox 2042 2981 2283 3036; x_wconf 84' lang='lat' dir='ltr'><strong>fruamur</strong></span> <span class='ocrx_word' id='word_1_528' title='bbox 2322 2976 2477 3031; x_wconf 87' lang='lat' dir='ltr'><strong>bonis</strong></span> <span class='ocrx_word' id='word_1_529' title='bbox 2507 2993 2519 3028; x_wconf 92' lang='lat'><strong>:</strong></span> <span class='ocrx_word' id='word_1_530' title='bbox 2546 2989 2666 3045; x_wconf 78' lang='lat' dir='ltr'><strong>quze</strong></span> <span class='ocrx_word' id='word_1_531' title='bbox 2721 2986 2819 3026; x_wconf 88' lang='lat' dir='ltr'><strong>nos</strong></span> <span class='ocrx_word' id='word_1_532' title='bbox 2850 2984 3037 3024; x_wconf 91' lang='lat' dir='ltr'><strong>omnes</strong></span> <span class='ocrx_word' id='word_1_533' title='bbox 3066 2969 3277 3039; x_wconf 88' lang='lat' dir='ltr'><strong>assequi</strong></span> <span class='ocrx_word' id='word_1_534' title='bbox 3322 2971 3591 3037; x_wconf 80' lang='lat' dir='ltr'><strong>contingat</strong></span> <span class='ocrx_word' id='word_1_535' title='bbox 3613 3008 3628 3033; x_wconf 97' lang='lat'><strong>,</strong></span> 
     </span>
    </p>
   </div>
   <div class='ocr_carea' id='block_1_65' title="bbox 2043 3058 3634 3144">
    <p class='ocr_par' dir='ltr' id='par_1_65' title="bbox 2043 3058 3634 3144">
     <span class='ocr_line' id='line_1_65' title="bbox 2043 3058 3634 3144; baseline -0.008 -19"><span class='ocrx_word' id='word_1_536' title='bbox 2043 3072 2213 3144; x_wconf 89' lang='lat' dir='ltr'><strong>gratia</strong></span> <span class='ocrx_word' id='word_1_537' title='bbox 2238 3078 2292 3124; x_wconf 89' lang='lat' dir='ltr'><strong>et</strong></span> <span class='ocrx_word' id='word_1_538' title='bbox 2319 3066 2651 3137; x_wconf 85' lang='lat' dir='ltr'><strong>benignitate</strong></span> <span class='ocrx_word' id='word_1_539' title='bbox 2683 3063 2889 3127; x_wconf 87' lang='lat' dir='ltr'><strong>Domini</strong></span> <span class='ocrx_word' id='word_1_540' title='bbox 2932 3062 3098 3115; x_wconf 90' lang='lat' dir='ltr'><strong>nostri</strong></span> <span class='ocrx_word' id='word_1_541' title='bbox 3133 3060 3259 3116; x_wconf 77' lang='lat' dir='ltr'><strong>Iesu</strong></span> <span class='ocrx_word' id='word_1_542' title='bbox 3288 3058 3483 3114; x_wconf 87' lang='lat' dir='ltr'><strong>Christi</strong></span> <span class='ocrx_word' id='word_1_543' title='bbox 3517 3058 3634 3123; x_wconf 86' lang='lat' dir='ltr'><strong>qni-</strong></span> 
     </span>
    </p>
   </div>
   <div class='ocr_carea' id='block_1_66' title="bbox 2044 3149 3633 3231">
    <p class='ocr_par' dir='ltr' id='par_1_66' title="bbox 2044 3149 3633 3231">
     <span class='ocr_line' id='line_1_66' title="bbox 2044 3149 3633 3231; baseline -0.01 -12"><span class='ocrx_word' id='word_1_544' title='bbox 2044 3179 2165 3220; x_wconf 91' lang='lat' dir='ltr'><strong>cum</strong></span> <span class='ocrx_word' id='word_1_545' title='bbox 2208 3160 2349 3217; x_wconf 87' lang='lat' dir='ltr'><strong>Patri</strong></span> <span class='ocrx_word' id='word_1_546' title='bbox 2376 3159 2542 3231; x_wconf 90' lang='lat' dir='ltr'><strong>gloria</strong></span> <span class='ocrx_word' id='word_1_547' title='bbox 2575 3169 2787 3226; x_wconf 86' lang='lat' dir='ltr'><strong>unaque</strong></span> <span class='ocrx_word' id='word_1_548' title='bbox 2824 3152 3044 3223; x_wconf 84' lang='lat' dir='ltr'><strong>Spiritui</strong></span> <span class='ocrx_word' id='word_1_549' title='bbox 3089 3160 3311 3218; x_wconf 87' lang='lat' dir='ltr'><strong>sancto,</strong></span> <span class='ocrx_word' id='word_1_550' title='bbox 3343 3151 3396 3206; x_wconf 91' lang='lat' dir='ltr'><strong>iu</strong></span> <span class='ocrx_word' id='word_1_551' title='bbox 3435 3149 3633 3206; x_wconf 56' lang='lat' dir='ltr'><strong>sarcula</strong></span> 
     </span>
    </p>
   </div>
   <div class='ocr_carea' id='block_1_67' title="bbox 2050 3252 2624 3313">
    <p class='ocr_par' dir='ltr' id='par_1_67' title="bbox 2050 3252 2624 3313">
     <span class='ocr_line' id='line_1_67' title="bbox 2050 3252 2624 3313; baseline -0.012 -1"><span class='ocrx_word' id='word_1_552' title='bbox 2050 3255 2390 3313; x_wconf 67' lang='lat' dir='ltr'><strong>Sit-culorum.</strong></span> <span class='ocrx_word' id='word_1_553' title='bbox 2431 3252 2624 3305; x_wconf 87' lang='lat' dir='ltr'><strong>Amen.</strong></span> 
     </span>
    </p>
   </div>
   <div class='ocr_carea' id='block_1_68' title="bbox 2113 3415 3555 3483">
    <p class='ocr_par' dir='ltr' id='par_1_68' title="bbox 2113 3415 3555 3483">
     <span class='ocr_line' id='line_1_68' title="bbox 2113 3415 3555 3483; baseline -0.01 -4"><span class='ocrx_word' id='word_1_554' title='bbox 2113 3434 2130 3465; x_wconf 79' lang='grc' dir='ltr'>ι</span> <span class='ocrx_word' id='word_1_555' title='bbox 2166 3429 2260 3480; x_wconf 81' lang='lat' dir='ltr'><strong>Alli</strong></span> <span class='ocrx_word' id='word_1_556' title='bbox 2281 3426 2483 3483; x_wconf 86' lang='lat' dir='ltr'><strong>habent,</strong></span> <span class='ocrx_word' id='word_1_557' title='bbox 2508 3422 2552 3474; x_wconf 88' lang='lat' dir='ltr'><strong>si</strong></span> <span class='ocrx_word' id='word_1_558' title='bbox 2572 3434 2667 3472; x_wconf 87' lang='lat' dir='ltr'><strong>non</strong></span> <span class='ocrx_word' id='word_1_559' title='bbox 2688 3419 2849 3480; x_wconf 84' lang='lat' dir='ltr'><strong>vultis,</strong></span> <span class='ocrx_word' id='word_1_560' title='bbox 2871 3432 2930 3469; x_wconf 91' lang='lat' dir='ltr'><strong>ne</strong></span> <span class='ocrx_word' id='word_1_561' title='bbox 2945 3418 2999 3470; x_wconf 89' lang='lat' dir='ltr'><strong>in</strong></span> <span class='ocrx_word' id='word_1_562' title='bbox 3020 3418 3169 3482; x_wconf 82' lang='lat' dir='ltr'><strong>adyta</strong></span> <span class='ocrx_word' id='word_1_563' title='bbox 3191 3415 3555 3480; x_wconf 70' lang='lat' dir='ltr'><strong>ingredramini.</strong></span> 
     </span>
    </p>
   </div>
   <div class='ocr_carea' id='block_1_69' title="bbox 1676 3581 2289 3653">
    <p class='ocr_par' dir='ltr' id='par_1_69' title="bbox 1676 3581 2289 3653">
     <span class='ocr_line' id='line_1_69' title="bbox 1676 3581 2289 3653; baseline -0.02 0"><span class='ocrx_word' id='word_1_564' title='bbox 1676 3589 2025 3653; x_wconf 81' lang='lat' dir='ltr'><strong>HOMILIA</strong></span> <span class='ocrx_word' id='word_1_565' title='bbox 2065 3581 2289 3646; x_wconf 76' lang='lat' dir='ltr'><strong>LXIV.</strong></span> 
     </span>
    </p>
   </div>
   <div class='ocr_carea' id='block_1_70' title="bbox 359 3734 1942 3805">
    <p class='ocr_par' dir='ltr' id='par_1_70' title="bbox 359 3734 1942 3805">
     <span class='ocr_line' id='line_1_70' title="bbox 359 3734 1942 3805; baseline -0.009 -5"><span class='ocrx_word' id='word_1_566' title='bbox 359 3745 494 3800; x_wconf 79' lang='lat' dir='ltr'><strong>CAP.</strong></span> <span class='ocrx_word' id='word_1_567' title='bbox 540 3745 626 3798; x_wconf 88' lang='grc'><strong>11.</strong></span> <span class='ocrx_word' id='word_1_568' title='bbox 667 3759 720 3796; x_wconf 95' lang='lat' dir='ltr'><strong>v.</strong></span> <span class='ocrx_word' id='word_1_569' title='bbox 758 3743 849 3798; x_wconf 77' lang='grc'><strong>41.</strong></span> <span class='ocrx_word' id='word_1_570' title='bbox 889 3740 1040 3796; x_wconf 75' lang='lat' dir='ltr'><strong>Iesus</strong></span> <span class='ocrx_word' id='word_1_571' title='bbox 1069 3750 1233 3794; x_wconf 90' lang='lat' dir='ltr'><strong>autem</strong></span> <span class='ocrx_word' id='word_1_572' title='bbox 1259 3781 1274 3805; x_wconf 98' lang='lat'><strong>,</strong></span> <span class='ocrx_word' id='word_1_573' title='bbox 1302 3738 1506 3794; x_wconf 84' lang='lat' dir='ltr'><strong>elevatis</strong></span> <span class='ocrx_word' id='word_1_574' title='bbox 1536 3753 1737 3791; x_wconf 86' lang='lat' dir='ltr'><strong>sursum</strong></span> <span class='ocrx_word' id='word_1_575' title='bbox 1762 3734 1942 3797; x_wconf 84' lang='lat' dir='ltr'><strong>oculis,</strong></span> 
     </span>
    </p>
   </div>
   <div class='ocr_carea' id='block_1_71' title="bbox 436 3826 1946 3903">
    <p class='ocr_par' dir='ltr' id='par_1_71' title="bbox 436 3826 1946 3903">
     <span class='ocr_line' id='line_1_71' title="bbox 436 3826 1946 3903; baseline -0.008 -13"><span class='ocrx_word' id='word_1_576' title='bbox 436 3836 564 3890; x_wconf 75' lang='lat' dir='ltr'><strong>dixit</strong></span> <span class='ocrx_word' id='word_1_577' title='bbox 589 3852 601 3888; x_wconf 91' lang='lat'><strong>:</strong></span> <span class='ocrx_word' id='word_1_578' title='bbox 631 3833 789 3889; x_wconf 90' lang='lat' dir='ltr'><strong>Pater</strong></span> <span class='ocrx_word' id='word_1_579' title='bbox 810 3874 825 3900; x_wconf 93' lang='lat'><strong>,</strong></span> <span class='ocrx_word' id='word_1_580' title='bbox 862 3834 1053 3903; x_wconf 89' lang='lat' dir='ltr'><strong>gratias</strong></span> <span class='ocrx_word' id='word_1_581' title='bbox 1078 3849 1173 3901; x_wconf 89' lang='lat' dir='ltr'><strong>ago</strong></span> <span class='ocrx_word' id='word_1_582' title='bbox 1199 3830 1287 3883; x_wconf 87' lang='lat' dir='ltr'><strong>tibi</strong></span> <span class='ocrx_word' id='word_1_583' title='bbox 1310 3872 1325 3897; x_wconf 93' lang='lat'><strong>,</strong></span> <span class='ocrx_word' id='word_1_584' title='bbox 1355 3830 1596 3901; x_wconf 88' lang='lat' dir='ltr'><strong>quoniam</strong></span> <span class='ocrx_word' id='word_1_585' title='bbox 1629 3826 1817 3881; x_wconf 89' lang='lat' dir='ltr'><strong>audisti</strong></span> <span class='ocrx_word' id='word_1_586' title='bbox 1849 3841 1946 3878; x_wconf 91' lang='lat' dir='ltr'><strong>me.</strong></span> 
     </span>
    </p>
   </div>
   <div class='ocr_carea' id='block_1_72' title="bbox 436 3916 1951 3996">
    <p class='ocr_par' dir='ltr' id='par_1_72' title="bbox 436 3916 1951 3996">
     <span class='ocr_line' id='line_1_72' title="bbox 436 3916 1951 3996; baseline -0.007 -15"><span class='ocrx_word' id='word_1_587' title='bbox 436 3928 527 3981; x_wconf 69' lang='lat'><strong>4‘2.</strong></span> <span class='ocrx_word' id='word_1_588' title='bbox 584 3924 692 3996; x_wconf 87' lang='lat' dir='ltr'><strong>Ego</strong></span> <span class='ocrx_word' id='word_1_589' title='bbox 734 3934 902 3977; x_wconf 90' lang='lat' dir='ltr'><strong>autem</strong></span> <span class='ocrx_word' id='word_1_590' title='bbox 929 3923 1143 3977; x_wconf 86' lang='lat' dir='ltr'><strong>sciebam</strong></span> <span class='ocrx_word' id='word_1_591' title='bbox 1167 3925 1285 3991; x_wconf 86' lang='lat' dir='ltr'><strong>quia</strong></span> <span class='ocrx_word' id='word_1_592' title='bbox 1309 3938 1506 3989; x_wconf 89' lang='lat' dir='ltr'><strong>semper</strong></span> <span class='ocrx_word' id='word_1_593' title='bbox 1546 3936 1625 3973; x_wconf 89' lang='lat' dir='ltr'><strong>me</strong></span> <span class='ocrx_word' id='word_1_594' title='bbox 1651 3919 1834 3983; x_wconf 86' lang='lat' dir='ltr'><strong>audis;</strong></span> <span class='ocrx_word' id='word_1_595' title='bbox 1862 3916 1951 3971; x_wconf 86' lang='lat' dir='ltr'><strong>sed</strong></span> 
     </span>
    </p>
   </div>
   <div class='ocr_carea' id='block_1_73' title="bbox 438 4012 1601 4088">
    <p class='ocr_par' dir='ltr' id='par_1_73' title="bbox 438 4012 1601 4088">
     <span class='ocr_line' id='line_1_73' title="bbox 438 4012 1601 4088; baseline -0.007 -16"><span class='ocrx_word' id='word_1_596' title='bbox 438 4028 644 4088; x_wconf 84' lang='lat' dir='ltr'><strong>propter</strong></span> <span class='ocrx_word' id='word_1_597' title='bbox 669 4016 866 4070; x_wconf 81' lang='lat' dir='ltr'><strong>turbam</strong></span> <span class='ocrx_word' id='word_1_598' title='bbox 894 4015 1297 4069; x_wconf 85' lang='lat' dir='ltr'><strong>circumstantem</strong></span> <span class='ocrx_word' id='word_1_599' title='bbox 1327 4012 1467 4078; x_wconf 73' lang='lat' dir='ltr'><strong>dixi,</strong></span> <span class='ocrx_word' id='word_1_600' title='bbox 1497 4021 1601 4067; x_wconf 89' lang='lat' dir='ltr'><strong>etc.</strong></span> 
     </span>
    </p>
   </div>
   <div class='ocr_carea' id='block_1_74' title="bbox 446 4160 1950 4237">
    <p class='ocr_par' dir='ltr' id='par_1_74' title="bbox 446 4160 1950 4237">
     <span class='ocr_line' id='line_1_74' title="bbox 446 4160 1950 4237; baseline -0.009 -9"><span class='ocrx_word' id='word_1_601' title='bbox 446 4174 500 4229; x_wconf 90' lang='grc'><strong>1.</strong></span> <span class='ocrx_word' id='word_1_602' title='bbox 537 4170 767 4226; x_wconf 84' lang='lat' dir='ltr'><strong>Christus</strong></span> <span class='ocrx_word' id='word_1_603' title='bbox 812 4168 1026 4223; x_wconf 82' lang='lat' dir='ltr'><strong>humilia</strong></span> <span class='ocrx_word' id='word_1_604' title='bbox 1051 4183 1184 4237; x_wconf 77' lang='lat' dir='ltr'><strong>stepe</strong></span> <span class='ocrx_word' id='word_1_605' title='bbox 1212 4165 1450 4237; x_wconf 83' lang='lat' dir='ltr'><strong>loquitur,</strong></span> <span class='ocrx_word' id='word_1_606' title='bbox 1496 4180 1671 4237; x_wconf 90' lang='lat' dir='ltr'><strong>quare.</strong></span> <span class='ocrx_word' id='word_1_607' title='bbox 1703 4193 1774 4204; x_wconf 89' lang='lat'><strong>—</strong></span> <span class='ocrx_word' id='word_1_608' title='bbox 1800 4160 1950 4228; x_wconf 88' lang='lat' dir='ltr'><strong>Quod</strong></span> 
     </span>
    </p>
   </div>
   <div class='ocr_carea' id='block_1_75' title="bbox 372 4257 1951 4334">
    <p class='ocr_par' dir='ltr' id='par_1_75' title="bbox 372 4257 1951 4334">
     <span class='ocr_line' id='line_1_75' title="bbox 372 4257 1951 4334; baseline -0.008 -15"><span class='ocrx_word' id='word_1_609' title='bbox 372 4280 516 4334; x_wconf 71' lang='lat' dir='ltr'><strong>szepe</strong></span> <span class='ocrx_word' id='word_1_610' title='bbox 563 4264 702 4328; x_wconf 87' lang='lat' dir='ltr'><strong>dixi,</strong></span> <span class='ocrx_word' id='word_1_611' title='bbox 746 4263 850 4316; x_wconf 87' lang='lat' dir='ltr'><strong>hoc</strong></span> <span class='ocrx_word' id='word_1_612' title='bbox 888 4270 942 4316; x_wconf 89' lang='lat' dir='ltr'><strong>et</strong></span> <span class='ocrx_word' id='word_1_613' title='bbox 987 4274 1127 4313; x_wconf 89' lang='lat' dir='ltr'><strong>nunc</strong></span> <span class='ocrx_word' id='word_1_614' title='bbox 1156 4258 1366 4323; x_wconf 85' lang='lat' dir='ltr'><strong>dicam,</strong></span> <span class='ocrx_word' id='word_1_615' title='bbox 1418 4257 1663 4311; x_wconf 85' lang='lat' dir='ltr'><strong>Christus</strong></span> <span class='ocrx_word' id='word_1_616' title='bbox 1706 4269 1810 4309; x_wconf 91' lang='lat' dir='ltr'><strong>nou</strong></span> <span class='ocrx_word' id='word_1_617' title='bbox 1845 4265 1951 4307; x_wconf 89' lang='lat' dir='ltr'><strong>tam</strong></span> 
     </span>
    </p>
   </div>
   <div class='ocr_carea' id='block_1_76' title="bbox 372 4346 1949 4424">
    <p class='ocr_par' dir='ltr' id='par_1_76' title="bbox 372 4346 1949 4424">
     <span class='ocr_line' id='line_1_76' title="bbox 372 4346 1949 4424; baseline -0.006 -15"><span class='ocrx_word' id='word_1_618' title='bbox 372 4371 522 4409; x_wconf 87' lang='lat' dir='ltr'><strong>suam</strong></span> <span class='ocrx_word' id='word_1_619' title='bbox 552 4355 894 4424; x_wconf 85' lang='lat' dir='ltr'><strong>dignitatem,</strong></span> <span class='ocrx_word' id='word_1_620' title='bbox 943 4366 1101 4422; x_wconf 88' lang='lat' dir='ltr'><strong>quam</strong></span> <span class='ocrx_word' id='word_1_621' title='bbox 1133 4352 1356 4404; x_wconf 90' lang='lat' dir='ltr'><strong>salutem</strong></span> <span class='ocrx_word' id='word_1_622' title='bbox 1397 4358 1635 4403; x_wconf 85' lang='lat' dir='ltr'><strong>nostram</strong></span> <span class='ocrx_word' id='word_1_623' title='bbox 1687 4346 1949 4416; x_wconf 90' lang='lat' dir='ltr'><strong>respicit,</strong></span> 
     </span>
    </p>
   </div>
   <div class='ocr_carea' id='block_1_77' title="bbox 376 4439 1953 4518">
    <p class='ocr_par' dir='ltr' id='par_1_77' title="bbox 376 4439 1953 4518">
     <span class='ocr_line' id='line_1_77' title="bbox 376 4439 1953 4518; baseline -0.006 -17"><span class='ocrx_word' id='word_1_624' title='bbox 376 4463 474 4503; x_wconf 90' lang='lat' dir='ltr'><strong>nec</strong></span> <span class='ocrx_word' id='word_1_625' title='bbox 500 4448 690 4518; x_wconf 74' lang='lat' dir='ltr'><strong>quaerit</strong></span> <span class='ocrx_word' id='word_1_626' title='bbox 719 4460 969 4515; x_wconf 90' lang='lat' dir='ltr'><strong>magnum</strong></span> <span class='ocrx_word' id='word_1_627' title='bbox 1001 4442 1275 4514; x_wconf 89' lang='lat' dir='ltr'><strong>quidpiam</strong></span> <span class='ocrx_word' id='word_1_628' title='bbox 1303 4442 1513 4505; x_wconf 90' lang='lat' dir='ltr'><strong>dicere,</strong></span> <span class='ocrx_word' id='word_1_629' title='bbox 1565 4440 1658 4496; x_wconf 90' lang='lat' dir='ltr'><strong>sed</strong></span> <span class='ocrx_word' id='word_1_630' title='bbox 1684 4439 1826 4511; x_wconf 89' lang='lat' dir='ltr'><strong>quod</strong></span> <span class='ocrx_word' id='word_1_631' title='bbox 1855 4452 1953 4493; x_wconf 91' lang='lat' dir='ltr'><strong>nos</strong></span> 
     </span>
    </p>
   </div>
   <div class='ocr_carea' id='block_1_78' title="bbox 376 4532 1953 4608">
    <p class='ocr_par' dir='ltr' id='par_1_78' title="bbox 376 4532 1953 4608">
     <span class='ocr_line' id='line_1_78' title="bbox 376 4532 1953 4608; baseline -0.003 -19"><span class='ocrx_word' id='word_1_632' title='bbox 376 4538 543 4608; x_wconf 89' lang='lat' dir='ltr'><strong>possit</strong></span> <span class='ocrx_word' id='word_1_633' title='bbox 569 4538 634 4591; x_wconf 92' lang='lat' dir='ltr'><strong>ad</strong></span> <span class='ocrx_word' id='word_1_634' title='bbox 666 4552 724 4592; x_wconf 88' lang='lat' dir='ltr'><strong>se</strong></span> <span class='ocrx_word' id='word_1_635' title='bbox 751 4536 984 4591; x_wconf 87' lang='lat' dir='ltr'><strong>trahere.</strong></span> <span class='ocrx_word' id='word_1_636' title='bbox 1028 4535 1152 4589; x_wconf 91' lang='lat' dir='ltr'><strong>Ideo</strong></span> <span class='ocrx_word' id='word_1_637' title='bbox 1181 4549 1345 4603; x_wconf 86' lang='lat' dir='ltr'><strong>pauca</strong></span> <span class='ocrx_word' id='word_1_638' title='bbox 1376 4548 1564 4603; x_wconf 90' lang='lat' dir='ltr'><strong>magna</strong></span> <span class='ocrx_word' id='word_1_639' title='bbox 1595 4542 1650 4588; x_wconf 91' lang='lat' dir='ltr'><strong>et</strong></span> <span class='ocrx_word' id='word_1_640' title='bbox 1683 4532 1953 4597; x_wconf 90' lang='lat' dir='ltr'><strong>sublimia,</strong></span> 
     </span>
    </p>
   </div>
   <div class='ocr_carea' id='block_1_79' title="bbox 373 4625 1955 4700">
    <p class='ocr_par' dir='ltr' id='par_1_79' title="bbox 373 4625 1955 4700">
     <span class='ocr_line' id='line_1_79' title="bbox 373 4625 1955 4700; baseline -0.003 -16"><span class='ocrx_word' id='word_1_641' title='bbox 373 4641 534 4700; x_wconf 85' lang='lat' dir='ltr'><strong>atque</strong></span> <span class='ocrx_word' id='word_1_642' title='bbox 559 4631 716 4684; x_wconf 89' lang='lat' dir='ltr'><strong>etiam</strong></span> <span class='ocrx_word' id='word_1_643' title='bbox 746 4628 1075 4683; x_wconf 87' lang='lat' dir='ltr'><strong>subobscure</strong></span> <span class='ocrx_word' id='word_1_644' title='bbox 1096 4626 1252 4693; x_wconf 91' lang='lat' dir='ltr'><strong>dicit,</strong></span> <span class='ocrx_word' id='word_1_645' title='bbox 1286 4626 1501 4680; x_wconf 90' lang='lat' dir='ltr'><strong>humilia</strong></span> <span class='ocrx_word' id='word_1_646' title='bbox 1530 4641 1656 4680; x_wconf 87' lang='lat' dir='ltr'><strong>vero</strong></span> <span class='ocrx_word' id='word_1_647' title='bbox 1676 4634 1728 4679; x_wconf 88' lang='lat' dir='ltr'><strong>et</strong></span> <span class='ocrx_word' id='word_1_648' title='bbox 1751 4625 1955 4694; x_wconf 74' lang='lat' dir='ltr'><strong>abiecta</strong></span> 
     </span>
    </p>
   </div>
   <div class='ocr_carea' id='block_1_80' title="bbox 376 4716 1954 4792">
    <p class='ocr_par' dir='ltr' id='par_1_80' title="bbox 376 4716 1954 4792">
     <span class='ocr_line' id='line_1_80' title="bbox 376 4716 1954 4792; baseline -0.003 -17"><span class='ocrx_word' id='word_1_649' title='bbox 376 4724 681 4792; x_wconf 89' lang='lat' dir='ltr'><strong>frequenter</strong></span> <span class='ocrx_word' id='word_1_650' title='bbox 708 4716 1044 4774; x_wconf 89' lang='lat' dir='ltr'><strong>sermonibus</strong></span> <span class='ocrx_word' id='word_1_651' title='bbox 1072 4717 1349 4772; x_wconf 87' lang='lat' dir='ltr'><strong>admiscet.</strong></span> <span class='ocrx_word' id='word_1_652' title='bbox 1381 4717 1515 4786; x_wconf 91' lang='lat' dir='ltr'><strong>Quia</strong></span> <span class='ocrx_word' id='word_1_653' title='bbox 1545 4718 1685 4772; x_wconf 91' lang='lat' dir='ltr'><strong>enim</strong></span> <span class='ocrx_word' id='word_1_654' title='bbox 1709 4716 1824 4771; x_wconf 64' lang='lat' dir='ltr'><strong>haec</strong></span> <span class='ocrx_word' id='word_1_655' title='bbox 1854 4731 1954 4770; x_wconf 88' lang='lat' dir='ltr'><strong>au-</strong></span> 
     </span>
    </p>
   </div>
   <div class='ocr_carea' id='block_1_81' title="bbox 374 4807 1954 4881">
    <p class='ocr_par' dir='ltr' id='par_1_81' title="bbox 374 4807 1954 4881">
     <span class='ocr_line' id='line_1_81' title="bbox 374 4807 1954 4881; baseline -0.002 -17"><span class='ocrx_word' id='word_1_656' title='bbox 374 4813 576 4867; x_wconf 88' lang='lat' dir='ltr'><strong>ditores</strong></span> <span class='ocrx_word' id='word_1_657' title='bbox 624 4811 794 4881; x_wconf 89' lang='lat' dir='ltr'><strong>magis</strong></span> <span class='ocrx_word' id='word_1_658' title='bbox 841 4810 1184 4874; x_wconf 89' lang='lat' dir='ltr'><strong>alliciebant,</strong></span> <span class='ocrx_word' id='word_1_659' title='bbox 1235 4807 1320 4863; x_wconf 91' lang='lat' dir='ltr'><strong>his</strong></span> <span class='ocrx_word' id='word_1_660' title='bbox 1386 4811 1551 4863; x_wconf 91' lang='lat' dir='ltr'><strong>utitur</strong></span> <span class='ocrx_word' id='word_1_661' title='bbox 1600 4808 1954 4878; x_wconf 89' lang='lat' dir='ltr'><strong>frequentius.</strong></span> 
     </span>
    </p>
   </div>
   <div class='ocr_carea' id='block_1_82' title="bbox 374 4901 1957 4974">
    <p class='ocr_par' dir='ltr' id='par_1_82' title="bbox 374 4901 1957 4974">
     <span class='ocr_line' id='line_1_82' title="bbox 374 4901 1957 4974; baseline -0.003 -14"><span class='ocrx_word' id='word_1_662' title='bbox 374 4906 557 4974; x_wconf 83' lang='lat' dir='ltr'><strong>Neque</strong></span> <span class='ocrx_word' id='word_1_663' title='bbox 586 4919 800 4973; x_wconf 88' lang='lat' dir='ltr'><strong>semper</strong></span> <span class='ocrx_word' id='word_1_664' title='bbox 827 4903 907 4957; x_wconf 92' lang='lat' dir='ltr'><strong>sic</strong></span> <span class='ocrx_word' id='word_1_665' title='bbox 936 4901 1190 4970; x_wconf 89' lang='lat' dir='ltr'><strong>loquitur,</strong></span> <span class='ocrx_word' id='word_1_666' title='bbox 1232 4917 1300 4956; x_wconf 92' lang='lat' dir='ltr'><strong>ne</strong></span> <span class='ocrx_word' id='word_1_667' title='bbox 1333 4912 1515 4971; x_wconf 88' lang='lat' dir='ltr'><strong>postea</strong></span> <span class='ocrx_word' id='word_1_668' title='bbox 1544 4901 1827 4955; x_wconf 90' lang='lat' dir='ltr'><strong>credituris</strong></span> <span class='ocrx_word' id='word_1_669' title='bbox 1856 4918 1957 4955; x_wconf 86' lang='lat' dir='ltr'><strong>uo-</strong></span> 
     </span>
    </p>
   </div>
   <div class='ocr_carea' id='block_1_83' title="bbox 373 4987 1956 5065">
    <p class='ocr_par' dir='ltr' id='par_1_83' title="bbox 373 4987 1956 5065">
     <span class='ocr_line' id='line_1_83' title="bbox 373 4987 1956 5065; baseline -0.003 -14"><span class='ocrx_word' id='word_1_670' title='bbox 373 5006 522 5058; x_wconf 87' lang='lat' dir='ltr'><strong>ceat;</strong></span> <span class='ocrx_word' id='word_1_671' title='bbox 565 5011 738 5065; x_wconf 89' lang='lat' dir='ltr'><strong>neque</strong></span> <span class='ocrx_word' id='word_1_672' title='bbox 768 4987 855 5049; x_wconf 87' lang='lat' dir='ltr'><strong>illa</strong></span> <span class='ocrx_word' id='word_1_673' title='bbox 889 5001 1062 5061; x_wconf 89' lang='lat' dir='ltr'><strong>tacet,</strong></span> <span class='ocrx_word' id='word_1_674' title='bbox 1110 5008 1180 5047; x_wconf 91' lang='lat' dir='ltr'><strong>ne</strong></span> <span class='ocrx_word' id='word_1_675' title='bbox 1219 5003 1512 5063; x_wconf 67' lang='lat' dir='ltr'><strong>praesentes</strong></span> <span class='ocrx_word' id='word_1_676' title='bbox 1542 4992 1793 5048; x_wconf 82' lang='lat' dir='ltr'><strong>offendat.</strong></span> <span class='ocrx_word' id='word_1_677' title='bbox 1825 4992 1956 5047; x_wconf 89' lang='lat' dir='ltr'><strong>Nam</strong></span> 
     </span>
    </p>
   </div>
   <div class='ocr_carea' id='block_1_84' title="bbox 374 5085 1961 5158">
    <p class='ocr_par' dir='ltr' id='par_1_84' title="bbox 374 5085 1961 5158">
     <span class='ocr_line' id='line_1_84' title="bbox 374 5085 1961 5158; baseline -0.002 -16"><span class='ocrx_word' id='word_1_678' title='bbox 374 5088 465 5158; x_wconf 88' lang='lat' dir='ltr'><strong>qui</strong></span> <span class='ocrx_word' id='word_1_679' title='bbox 493 5088 754 5158; x_wconf 75' lang='lat' dir='ltr'><strong>abiectam</strong></span> <span class='ocrx_word' id='word_1_680' title='bbox 784 5087 925 5140; x_wconf 91' lang='lat' dir='ltr'><strong>illam</strong></span> <span class='ocrx_word' id='word_1_681' title='bbox 953 5092 1184 5140; x_wconf 88' lang='lat' dir='ltr'><strong>mentem</strong></span> <span class='ocrx_word' id='word_1_682' title='bbox 1215 5085 1607 5153; x_wconf 88' lang='lat' dir='ltr'><strong>deposuerunt,</strong></span> <span class='ocrx_word' id='word_1_683' title='bbox 1641 5085 1722 5140; x_wconf 85' lang='lat' dir='ltr'><strong>vel</strong></span> <span class='ocrx_word' id='word_1_684' title='bbox 1753 5101 1819 5140; x_wconf 87' lang='lat' dir='ltr'><strong>ex</strong></span> <span class='ocrx_word' id='word_1_685' title='bbox 1853 5100 1961 5139; x_wconf 91' lang='lat' dir='ltr'><strong>uno</strong></span> 
     </span>
    </p>
   </div>
   <div class='ocr_carea' id='block_1_85' title="bbox 375 5176 1959 5247">
    <p class='ocr_par' dir='ltr' id='par_1_85' title="bbox 375 5176 1959 5247">
     <span class='ocr_line' id='line_1_85' title="bbox 375 5176 1959 5247; baseline -0.001 -14"><span class='ocrx_word' id='word_1_686' title='bbox 375 5180 591 5234; x_wconf 90' lang='lat' dir='ltr'><strong>sublimi</strong></span> <span class='ocrx_word' id='word_1_687' title='bbox 627 5178 878 5247; x_wconf 88' lang='lat' dir='ltr'><strong>dogmate</strong></span> <span class='ocrx_word' id='word_1_688' title='bbox 922 5184 1089 5230; x_wconf 92' lang='lat' dir='ltr'><strong>totum</strong></span> <span class='ocrx_word' id='word_1_689' title='bbox 1132 5176 1433 5246; x_wconf 89' lang='lat' dir='ltr'><strong>intelligere</strong></span> <span class='ocrx_word' id='word_1_690' title='bbox 1472 5186 1762 5246; x_wconf 88' lang='lat' dir='ltr'><strong>potuerunt</strong></span> <span class='ocrx_word' id='word_1_691' title='bbox 1814 5195 1828 5232; x_wconf 90' lang='lat'><strong>:</strong></span> <span class='ocrx_word' id='word_1_692' title='bbox 1869 5177 1959 5247; x_wconf 89' lang='lat' dir='ltr'><strong>qui</strong></span> 
     </span>
    </p>
   </div>
   <div class='ocr_carea' id='block_1_86' title="bbox 377 5268 1962 5339">
    <p class='ocr_par' dir='ltr' id='par_1_86' title="bbox 377 5268 1962 5339">
     <span class='ocr_line' id='line_1_86' title="bbox 377 5268 1962 5339; baseline 0.002 -19"><span class='ocrx_word' id='word_1_693' title='bbox 377 5288 504 5326; x_wconf 64' lang='lat' dir='ltr'><strong>vero</strong></span> <span class='ocrx_word' id='word_1_694' title='bbox 533 5271 848 5325; x_wconf 91' lang='lat' dir='ltr'><strong>demissiore</strong></span> <span class='ocrx_word' id='word_1_695' title='bbox 889 5269 1069 5323; x_wconf 91' lang='lat' dir='ltr'><strong>animo</strong></span> <span class='ocrx_word' id='word_1_696' title='bbox 1110 5283 1325 5339; x_wconf 92' lang='lat' dir='ltr'><strong>semper</strong></span> <span class='ocrx_word' id='word_1_697' title='bbox 1351 5279 1503 5323; x_wconf 90' lang='lat' dir='ltr'><strong>erant</strong></span> <span class='ocrx_word' id='word_1_698' title='bbox 1524 5310 1539 5336; x_wconf 94' lang='lat'><strong>,</strong></span> <span class='ocrx_word' id='word_1_699' title='bbox 1578 5268 1681 5323; x_wconf 90' lang='lat' dir='ltr'><strong>nisi</strong></span> <span class='ocrx_word' id='word_1_700' title='bbox 1712 5268 1828 5324; x_wconf 66' lang='lat' dir='ltr'><strong>haec</strong></span> <span class='ocrx_word' id='word_1_701' title='bbox 1852 5269 1962 5324; x_wconf 88' lang='lat' dir='ltr'><strong>fre-</strong></span> 
     </span>
    </p>
   </div>
   <div class='ocr_carea' id='block_1_87' title="bbox 375 5358 1962 5431">
    <p class='ocr_par' dir='ltr' id='par_1_87' title="bbox 375 5358 1962 5431">
     <span class='ocr_line' id='line_1_87' title="bbox 375 5358 1962 5431; baseline -0.001 -16"><span class='ocrx_word' id='word_1_702' title='bbox 375 5372 601 5431; x_wconf 82' lang='lat' dir='ltr'><strong>quenter</strong></span> <span class='ocrx_word' id='word_1_703' title='bbox 646 5360 953 5425; x_wconf 89' lang='lat' dir='ltr'><strong>audissent,</strong></span> <span class='ocrx_word' id='word_1_704' title='bbox 999 5374 1105 5414; x_wconf 90' lang='lat' dir='ltr'><strong>non</strong></span> <span class='ocrx_word' id='word_1_705' title='bbox 1142 5360 1328 5429; x_wconf 91' lang='lat' dir='ltr'><strong>utique</strong></span> <span class='ocrx_word' id='word_1_706' title='bbox 1364 5358 1737 5414; x_wconf 91' lang='lat' dir='ltr'><strong>accessissent.</strong></span> <span class='ocrx_word' id='word_1_707' title='bbox 1779 5359 1962 5430; x_wconf 91' lang='lat' dir='ltr'><strong>Neque</strong></span> 
     </span>
    </p>
   </div>
   <div class='ocr_carea' id='block_1_88' title="bbox 378 5452 1961 5523">
    <p class='ocr_par' dir='ltr' id='par_1_88' title="bbox 378 5452 1961 5523">
     <span class='ocr_line' id='line_1_88' title="bbox 378 5452 1961 5523; baseline 0.001 -16"><span class='ocrx_word' id='word_1_708' title='bbox 378 5462 554 5508; x_wconf 85' lang='lat' dir='ltr'><strong>tamen</strong></span> <span class='ocrx_word' id='word_1_709' title='bbox 586 5463 836 5519; x_wconf 90' lang='lat' dir='ltr'><strong>manent,</strong></span> <span class='ocrx_word' id='word_1_710' title='bbox 866 5460 1143 5523; x_wconf 89' lang='lat' dir='ltr'><strong>postquam</strong></span> <span class='ocrx_word' id='word_1_711' title='bbox 1174 5461 1250 5506; x_wconf 92' lang='lat' dir='ltr'><strong>tot</strong></span> <span class='ocrx_word' id='word_1_712' title='bbox 1273 5462 1328 5507; x_wconf 88' lang='lat' dir='ltr'><strong>et</strong></span> <span class='ocrx_word' id='word_1_713' title='bbox 1358 5460 1503 5507; x_wconf 87' lang='lat' dir='ltr'><strong>tanta</strong></span> <span class='ocrx_word' id='word_1_714' title='bbox 1531 5452 1837 5520; x_wconf 89' lang='lat' dir='ltr'><strong>audierunt,</strong></span> <span class='ocrx_word' id='word_1_715' title='bbox 1866 5453 1961 5508; x_wconf 81' lang='lat' dir='ltr'><strong>sed</strong></span> 
     </span>
    </p>
   </div>
   <div class='ocr_carea' id='block_1_89' title="bbox 380 5543 1959 5614">
    <p class='ocr_par' dir='ltr' id='par_1_89' title="bbox 380 5543 1959 5614">
     <span class='ocr_line' id='line_1_89' title="bbox 380 5543 1959 5614; baseline 0 -16"><span class='ocrx_word' id='word_1_716' title='bbox 380 5544 644 5613; x_wconf 88' lang='lat' dir='ltr'><strong>lapidibus</strong></span> <span class='ocrx_word' id='word_1_717' title='bbox 666 5545 956 5613; x_wconf 89' lang='lat' dir='ltr'><strong>impetunt,</strong></span> <span class='ocrx_word' id='word_1_718' title='bbox 983 5552 1373 5614; x_wconf 87' lang='lat' dir='ltr'><strong>persequuntur</strong></span> <span class='ocrx_word' id='word_1_719' title='bbox 1388 5554 1440 5597; x_wconf 90' lang='lat' dir='ltr'><strong>et</strong></span> <span class='ocrx_word' id='word_1_720' title='bbox 1462 5543 1710 5600; x_wconf 90' lang='lat' dir='ltr'><strong>occidere</strong></span> <span class='ocrx_word' id='word_1_721' title='bbox 1735 5555 1959 5612; x_wconf 83' lang='lat' dir='ltr'><strong>tentant,</strong></span> 
     </span>
    </p>
   </div>
   <div class='ocr_carea' id='block_1_90' title="bbox 382 5637 1960 5708">
    <p class='ocr_par' dir='ltr' id='par_1_90' title="bbox 382 5637 1960 5708">
     <span class='ocr_line' id='line_1_90' title="bbox 382 5637 1960 5708; baseline 0.001 -16"><span class='ocrx_word' id='word_1_722' title='bbox 382 5637 858 5708; x_wconf 89' lang='lat' dir='ltr'><strong>blasphemumque</strong></span> <span class='ocrx_word' id='word_1_723' title='bbox 900 5645 1091 5692; x_wconf 84' lang='lat' dir='ltr'><strong>vocant</strong></span> <span class='ocrx_word' id='word_1_724' title='bbox 1122 5652 1136 5691; x_wconf 89' lang='lat'><strong>:</strong></span> <span class='ocrx_word' id='word_1_725' title='bbox 1167 5652 1230 5691; x_wconf 91' lang='lat' dir='ltr'><strong>ac</strong></span> <span class='ocrx_word' id='word_1_726' title='bbox 1279 5652 1399 5691; x_wconf 93' lang='lat' dir='ltr'><strong>cum</strong></span> <span class='ocrx_word' id='word_1_727' title='bbox 1444 5652 1505 5692; x_wconf 93' lang='lat' dir='ltr'><strong>se</strong></span> <span class='ocrx_word' id='word_1_728' title='bbox 1554 5637 1662 5690; x_wconf 89' lang='lat' dir='ltr'><strong>Deo</strong></span> <span class='ocrx_word' id='word_1_729' title='bbox 1703 5640 1960 5708; x_wconf 72' lang='lat' dir='ltr'><strong>aequalem</strong></span> 
     </span>
    </p>
   </div>
   <div class='ocr_carea' id='block_1_91' title="bbox 381 5714 1961 5803">
    <p class='ocr_par' dir='ltr' id='par_1_91' title="bbox 381 5714 1961 5803">
     <span class='ocr_line' id='line_1_91' title="bbox 381 5714 1961 5803; baseline 0.002 -20"><span class='ocrx_word' id='word_1_730' title='bbox 381 5730 536 5797; x_wconf 85' lang='lat' dir='ltr'><strong>facit,</strong></span> <span class='ocrx_word' id='word_1_731' title='bbox 578 5728 806 5796; x_wconf 91' lang='lat' dir='ltr'><strong>dicunt,</strong></span> <span class='ocrx_word' id='word_1_732' title='bbox 852 5728 954 5782; x_wconf 79' lang='lat' dir='ltr'><strong>Hic</strong></span> <span class='ocrx_word' id='word_1_733' title='bbox 994 5714 1309 5798; x_wconf 84' lang='lat' dir='ltr'><strong>blasphemat</strong></span> <span class='ocrx_word' id='word_1_734' title='bbox 1344 5728 1548 5803; x_wconf 76' lang='lat' dir='ltr'><strong>(Marc.</strong></span> <span class='ocrx_word' id='word_1_735' title='bbox 1594 5729 1647 5786; x_wconf 75' lang='grc' dir='ltr'><strong>Ξ.</strong></span> <span class='ocrx_word' id='word_1_736' title='bbox 1678 5732 1788 5800; x_wconf 88' lang='grc'><strong>7);</strong></span> <span class='ocrx_word' id='word_1_737' title='bbox 1844 5747 1961 5787; x_wconf 87' lang='lat' dir='ltr'><strong>cum</strong></span> 
     </span>
    </p>
   </div>
   <div class='ocr_carea' id='block_1_92' title="bbox 384 5822 1957 5894">
    <p class='ocr_par' dir='ltr' id='par_1_92' title="bbox 384 5822 1957 5894">
     <span class='ocr_line' id='line_1_92' title="bbox 384 5822 1957 5894; baseline 0 -15"><span class='ocrx_word' id='word_1_738' title='bbox 384 5834 559 5881; x_wconf 81' lang='lat' dir='ltr'><strong>autem</strong></span> <span class='ocrx_word' id='word_1_739' title='bbox 577 5825 725 5891; x_wconf 86' lang='lat' dir='ltr'><strong>dicit,</strong></span> <span class='ocrx_word' id='word_1_740' title='bbox 750 5826 1087 5880; x_wconf 80' lang='lat' dir='ltr'><strong>Remittuntur</strong></span> <span class='ocrx_word' id='word_1_741' title='bbox 1114 5824 1202 5877; x_wconf 85' lang='lat' dir='ltr'><strong>tibi</strong></span> <span class='ocrx_word' id='word_1_742' title='bbox 1245 5834 1447 5894; x_wconf 87' lang='lat' dir='ltr'><strong>peccata</strong></span> <span class='ocrx_word' id='word_1_743' title='bbox 1475 5834 1561 5878; x_wconf 84' lang='lat' dir='ltr'><strong>tua</strong></span> <span class='ocrx_word' id='word_1_744' title='bbox 1588 5822 1799 5894; x_wconf 78' lang='lat' dir='ltr'><strong>(Matth.</strong></span> <span class='ocrx_word' id='word_1_745' title='bbox 1820 5825 1873 5881; x_wconf 86' lang='lat'><strong>9.</strong></span> <span class='ocrx_word' id='word_1_746' title='bbox 1904 5828 1957 5880; x_wconf 74' lang='grc'><strong>2.</strong></span> 
     </span>
    </p>
   </div>
   <div class='ocr_carea' id='block_1_93' title="bbox 2054 3713 3641 3791">
    <p class='ocr_par' dir='ltr' id='par_1_93' title="bbox 2054 3713 3641 3791">
     <span class='ocr_line' id='line_1_93' title="bbox 2054 3713 3641 3791; baseline -0.009 -9"><span class='ocrx_word' id='word_1_747' title='bbox 2054 3726 2181 3782; x_wconf 88' lang='lat' dir='ltr'><strong>Luc.</strong></span> <span class='ocrx_word' id='word_1_748' title='bbox 2209 3720 2395 3791; x_wconf 56' lang='grc' dir='ltr'><strong>ἵκεο).</strong></span> <span class='ocrx_word' id='word_1_749' title='bbox 2427 3718 2813 3775; x_wconf 72' lang='grc' dir='ltr'><strong>ἀωπιοηίτιουηι</strong></span> <span class='ocrx_word' id='word_1_750' title='bbox 2833 3724 3050 3781; x_wconf 88' lang='lat' dir='ltr'><strong>vocant;</strong></span> <span class='ocrx_word' id='word_1_751' title='bbox 3070 3722 3126 3770; x_wconf 90' lang='lat' dir='ltr'><strong>ut</strong></span> <span class='ocrx_word' id='word_1_752' title='bbox 3150 3713 3309 3770; x_wconf 91' lang='lat' dir='ltr'><strong>etiam</strong></span> <span class='ocrx_word' id='word_1_753' title='bbox 3336 3729 3456 3770; x_wconf 90' lang='lat' dir='ltr'><strong>cum</strong></span> <span class='ocrx_word' id='word_1_754' title='bbox 3486 3713 3641 3780; x_wconf 81' lang='lat' dir='ltr'><strong>dixit,</strong></span> 
     </span>
    </p>
   </div>
   <div class='ocr_carea' id='block_1_94' title="bbox 2054 3807 3641 3889">
    <p class='ocr_par' dir='ltr' id='par_1_94' title="bbox 2054 3807 3641 3889">
     <span class='ocr_line' id='line_1_94' title="bbox 2054 3807 3641 3889; baseline -0.009 -16"><span class='ocrx_word' id='word_1_755' title='bbox 2054 3819 2145 3889; x_wconf 92' lang='lat' dir='ltr'><strong>qui</strong></span> <span class='ocrx_word' id='word_1_756' title='bbox 2211 3814 2373 3870; x_wconf 87' lang='lat' dir='ltr'><strong>verba</strong></span> <span class='ocrx_word' id='word_1_757' title='bbox 2414 3826 2508 3866; x_wconf 88' lang='lat' dir='ltr'><strong>sua</strong></span> <span class='ocrx_word' id='word_1_758' title='bbox 2553 3808 2795 3874; x_wconf 88' lang='lat' dir='ltr'><strong>audiret,</strong></span> <span class='ocrx_word' id='word_1_759' title='bbox 2862 3818 3035 3863; x_wconf 90' lang='lat' dir='ltr'><strong>morte</strong></span> <span class='ocrx_word' id='word_1_760' title='bbox 3090 3807 3420 3877; x_wconf 91' lang='lat' dir='ltr'><strong>superiorem</strong></span> <span class='ocrx_word' id='word_1_761' title='bbox 3473 3821 3641 3861; x_wconf 84' lang='lat' dir='ltr'><strong>esse:</strong></span> 
     </span>
    </p>
   </div>
   <div class='ocr_carea' id='block_1_95' title="bbox 2055 3897 3645 3971">
    <p class='ocr_par' dir='ltr' id='par_1_95' title="bbox 2055 3897 3645 3971">
     <span class='ocr_line' id='line_1_95' title="bbox 2055 3897 3645 3971; baseline -0.007 -7"><span class='ocrx_word' id='word_1_762' title='bbox 2055 3924 2177 3964; x_wconf 90' lang='lat' dir='ltr'><strong>cum</strong></span> <span class='ocrx_word' id='word_1_763' title='bbox 2204 3916 2386 3961; x_wconf 88' lang='lat' dir='ltr'><strong>autem</strong></span> <span class='ocrx_word' id='word_1_764' title='bbox 2412 3903 2489 3957; x_wconf 82' lang='lat' dir='ltr'><strong>sic</strong></span> <span class='ocrx_word' id='word_1_765' title='bbox 2529 3900 2765 3971; x_wconf 91' lang='lat' dir='ltr'><strong>loquitur</strong></span> <span class='ocrx_word' id='word_1_766' title='bbox 2786 3942 2802 3967; x_wconf 97' lang='lat'><strong>,</strong></span> <span class='ocrx_word' id='word_1_767' title='bbox 2858 3898 2970 3971; x_wconf 86' lang='lat' dir='ltr'><strong>Ego</strong></span> <span class='ocrx_word' id='word_1_768' title='bbox 3000 3900 3051 3952; x_wconf 86' lang='lat' dir='ltr'><strong>in</strong></span> <span class='ocrx_word' id='word_1_769' title='bbox 3082 3898 3240 3955; x_wconf 85' lang='lat' dir='ltr'><strong>Patre</strong></span> <span class='ocrx_word' id='word_1_770' title='bbox 3262 3941 3278 3965; x_wconf 94' lang='lat'><strong>,</strong></span> <span class='ocrx_word' id='word_1_771' title='bbox 3323 3910 3369 3952; x_wconf 90' lang='lat' dir='ltr'><strong>et</strong></span> <span class='ocrx_word' id='word_1_772' title='bbox 3411 3897 3567 3953; x_wconf 83' lang='lat' dir='ltr'><strong>Pater</strong></span> <span class='ocrx_word' id='word_1_773' title='bbox 3594 3901 3645 3953; x_wconf 87' lang='lat' dir='ltr'><strong>in</strong></span> 
     </span>
    </p>
   </div>
   <div class='ocr_carea' id='block_1_96' title="bbox 2056 3991 3645 4070">
    <p class='ocr_par' dir='ltr' id='par_1_96' title="bbox 2056 3991 3645 4070">
     <span class='ocr_line' id='line_1_96' title="bbox 2056 3991 3645 4070; baseline -0.005 -18"><span class='ocrx_word' id='word_1_774' title='bbox 2056 4016 2136 4053; x_wconf 89' lang='lat' dir='ltr'><strong>me</strong></span> <span class='ocrx_word' id='word_1_775' title='bbox 2178 3995 2375 4070; x_wconf 83' lang='lat' dir='ltr'><strong>(Joan.</strong></span> <span class='ocrx_word' id='word_1_776' title='bbox 2407 3994 2495 4048; x_wconf 67' lang='grc'><strong>11.</strong></span> <span class='ocrx_word' id='word_1_777' title='bbox 2542 3992 2687 4062; x_wconf 86' lang='grc'><strong>10),</strong></span> <span class='ocrx_word' id='word_1_778' title='bbox 2733 3992 2906 4062; x_wconf 91' lang='lat' dir='ltr'><strong>ipsum</strong></span> <span class='ocrx_word' id='word_1_779' title='bbox 2958 3991 3304 4061; x_wconf 87' lang='lat' dir='ltr'><strong>relinquunt;</strong></span> <span class='ocrx_word' id='word_1_780' title='bbox 3353 4007 3645 4059; x_wconf 85' lang='lat' dir='ltr'><strong>rursusque</strong></span> 
     </span>
    </p>
   </div>
   <div class='ocr_carea' id='block_1_97' title="bbox 2057 4081 3646 4152">
    <p class='ocr_par' dir='ltr' id='par_1_97' title="bbox 2057 4081 3646 4152">
     <span class='ocr_line' id='line_1_97' title="bbox 2057 4081 3646 4152; baseline -0.006 -8"><span class='ocrx_word' id='word_1_781' title='bbox 2057 4088 2401 4144; x_wconf 76' lang='lat' dir='ltr'><strong>offenduntur</strong></span> <span class='ocrx_word' id='word_1_782' title='bbox 2426 4100 2547 4140; x_wconf 93' lang='lat' dir='ltr'><strong>cum</strong></span> <span class='ocrx_word' id='word_1_783' title='bbox 2578 4085 2686 4149; x_wconf 89' lang='lat' dir='ltr'><strong>ait,</strong></span> <span class='ocrx_word' id='word_1_784' title='bbox 2716 4098 2775 4139; x_wconf 91' lang='lat' dir='ltr'><strong>se</strong></span> <span class='ocrx_word' id='word_1_785' title='bbox 2794 4083 2862 4138; x_wconf 93' lang='lat' dir='ltr'><strong>de</strong></span> <span class='ocrx_word' id='word_1_786' title='bbox 2886 4084 3020 4138; x_wconf 81' lang='lat' dir='ltr'><strong>caelo</strong></span> <span class='ocrx_word' id='word_1_787' title='bbox 3047 4081 3408 4137; x_wconf 87' lang='lat' dir='ltr'><strong>descendisse.</strong></span> <span class='ocrx_word' id='word_1_788' title='bbox 3438 4082 3494 4137; x_wconf 86' lang='lat' dir='ltr'><strong>Si</strong></span> <span class='ocrx_word' id='word_1_789' title='bbox 3520 4098 3646 4152; x_wconf 90' lang='lat' dir='ltr'><strong>ergo</strong></span> 
     </span>
    </p>
   </div>
   <div class='ocr_carea' id='block_1_98' title="bbox 2060 4173 3648 4246">
    <p class='ocr_par' dir='ltr' id='par_1_98' title="bbox 2060 4173 3648 4246">
     <span class='ocr_line' id='line_1_98' title="bbox 2060 4173 3648 4246; baseline -0.006 -11"><span class='ocrx_word' id='word_1_790' title='bbox 2060 4179 2205 4246; x_wconf 63' lang='lat' dir='ltr'><strong>hare,</strong></span> <span class='ocrx_word' id='word_1_791' title='bbox 2234 4177 2334 4233; x_wconf 90' lang='lat' dir='ltr'><strong>etsi</strong></span> <span class='ocrx_word' id='word_1_792' title='bbox 2356 4176 2530 4231; x_wconf 88' lang='lat' dir='ltr'><strong>rarius</strong></span> <span class='ocrx_word' id='word_1_793' title='bbox 2549 4175 2688 4229; x_wconf 90' lang='lat' dir='ltr'><strong>dicta</strong></span> <span class='ocrx_word' id='word_1_794' title='bbox 2707 4214 2728 4242; x_wconf 93' lang='lat'><strong>,</strong></span> <span class='ocrx_word' id='word_1_795' title='bbox 2758 4190 2862 4230; x_wconf 92' lang='lat' dir='ltr'><strong>non</strong></span> <span class='ocrx_word' id='word_1_796' title='bbox 2886 4173 3128 4229; x_wconf 86' lang='lat' dir='ltr'><strong>ferebant</strong></span> <span class='ocrx_word' id='word_1_797' title='bbox 3147 4182 3324 4229; x_wconf 89' lang='lat' dir='ltr'><strong>tamen</strong></span> <span class='ocrx_word' id='word_1_798' title='bbox 3347 4216 3363 4242; x_wconf 95' lang='lat'><strong>,</strong></span> <span class='ocrx_word' id='word_1_799' title='bbox 3394 4175 3479 4228; x_wconf 83' lang='lat' dir='ltr'><strong>vix</strong></span> <span class='ocrx_word' id='word_1_800' title='bbox 3501 4184 3648 4229; x_wconf 88' lang='lat' dir='ltr'><strong>certe</strong></span> 
     </span>
    </p>
   </div>
   <div class='ocr_carea' id='block_1_99' title="bbox 2058 4264 3642 4335">
    <p class='ocr_par' dir='ltr' id='par_1_99' title="bbox 2058 4264 3642 4335">
     <span class='ocr_line' id='line_1_99' title="bbox 2058 4264 3642 4335; baseline -0.002 -10"><span class='ocrx_word' id='word_1_801' title='bbox 2058 4268 2445 4334; x_wconf 88' lang='lat' dir='ltr'><strong>attendissent,</strong></span> <span class='ocrx_word' id='word_1_802' title='bbox 2488 4266 2533 4321; x_wconf 91' lang='lat' dir='ltr'><strong>si</strong></span> <span class='ocrx_word' id='word_1_803' title='bbox 2578 4266 2825 4321; x_wconf 91' lang='lat' dir='ltr'><strong>sublimia</strong></span> <span class='ocrx_word' id='word_1_804' title='bbox 2877 4281 3091 4335; x_wconf 89' lang='lat' dir='ltr'><strong>semper</strong></span> <span class='ocrx_word' id='word_1_805' title='bbox 3127 4264 3378 4335; x_wconf 91' lang='lat' dir='ltr'><strong>loquutus</strong></span> <span class='ocrx_word' id='word_1_806' title='bbox 3433 4266 3642 4322; x_wconf 83' lang='lat' dir='ltr'><strong>fuisset.</strong></span> 
     </span>
    </p>
   </div>
   <div class='ocr_carea' id='block_1_100' title="bbox 2059 4354 3647 4430">
    <p class='ocr_par' dir='ltr' id='par_1_100' title="bbox 2059 4354 3647 4430">
     <span class='ocr_line' id='line_1_100' title="bbox 2059 4354 3647 4430; baseline -0.003 -15"><span class='ocrx_word' id='word_1_807' title='bbox 2059 4359 2285 4430; x_wconf 89' lang='lat' dir='ltr'><strong>Quando</strong></span> <span class='ocrx_word' id='word_1_808' title='bbox 2330 4358 2490 4429; x_wconf 89' lang='lat' dir='ltr'><strong>igitur</strong></span> <span class='ocrx_word' id='word_1_809' title='bbox 2516 4357 2649 4412; x_wconf 91' lang='lat' dir='ltr'><strong>dicit</strong></span> <span class='ocrx_word' id='word_1_810' title='bbox 2680 4373 2694 4411; x_wconf 91' lang='lat'><strong>:</strong></span> <span class='ocrx_word' id='word_1_811' title='bbox 2728 4356 2873 4413; x_wconf 86' lang='lat' dir='ltr'><strong>Sicut</strong></span> <span class='ocrx_word' id='word_1_812' title='bbox 2904 4356 3162 4410; x_wconf 81' lang='lat' dir='ltr'><strong>mandavit</strong></span> <span class='ocrx_word' id='word_1_813' title='bbox 3186 4356 3313 4411; x_wconf 88' lang='lat' dir='ltr'><strong>mihi</strong></span> <span class='ocrx_word' id='word_1_814' title='bbox 3339 4354 3530 4420; x_wconf 87' lang='lat' dir='ltr'><strong>Pater,</strong></span> <span class='ocrx_word' id='word_1_815' title='bbox 3576 4358 3647 4411; x_wconf 87' lang='lat' dir='ltr'><strong>sic</strong></span> 
     </span>
    </p>
   </div>
   <div class='ocr_carea' id='block_1_101' title="bbox 2061 4447 3645 4522">
    <p class='ocr_par' dir='ltr' id='par_1_101' title="bbox 2061 4447 3645 4522">
     <span class='ocr_line' id='line_1_101' title="bbox 2061 4447 3645 4522; baseline -0.002 -16"><span class='ocrx_word' id='word_1_816' title='bbox 2061 4453 2240 4522; x_wconf 87' lang='lat' dir='ltr'><strong>loquor</strong></span> <span class='ocrx_word' id='word_1_817' title='bbox 2282 4449 2459 4522; x_wconf 85' lang='lat' dir='ltr'><strong>(Ibid.</strong></span> <span class='ocrx_word' id='word_1_818' title='bbox 2488 4467 2537 4504; x_wconf 84' lang='grc' dir='ltr'><strong>υ.</strong></span> <span class='ocrx_word' id='word_1_819' title='bbox 2564 4447 2716 4519; x_wconf 77' lang='grc'><strong>51);</strong></span> <span class='ocrx_word' id='word_1_820' title='bbox 2775 4458 2866 4515; x_wconf 91' lang='lat' dir='ltr'><strong>et,</strong></span> <span class='ocrx_word' id='word_1_821' title='bbox 2914 4448 2958 4501; x_wconf 80' lang='grc' dir='ltr'><em>Α</em></span> <span class='ocrx_word' id='word_1_822' title='bbox 2984 4448 3173 4517; x_wconf 89' lang='lat' dir='ltr'><strong>meipso</strong></span> <span class='ocrx_word' id='word_1_823' title='bbox 3214 4464 3314 4502; x_wconf 90' lang='lat' dir='ltr'><strong>non</strong></span> <span class='ocrx_word' id='word_1_824' title='bbox 3368 4449 3480 4503; x_wconf 75' lang='lat' dir='ltr'><strong>veni</strong></span> <span class='ocrx_word' id='word_1_825' title='bbox 3522 4447 3645 4517; x_wconf 88' lang='lat' dir='ltr'><strong>(Id.</strong></span> 
     </span>
    </p>
   </div>
   <div class='ocr_carea' id='block_1_102' title="bbox 2063 4539 3649 4615">
    <p class='ocr_par' dir='ltr' id='par_1_102' title="bbox 2063 4539 3649 4615">
     <span class='ocr_line' id='line_1_102' title="bbox 2063 4539 3649 4615; baseline -0.003 -15"><span class='ocrx_word' id='word_1_826' title='bbox 2063 4547 2116 4600; x_wconf 89' lang='lat'><strong>7.</strong></span> <span class='ocrx_word' id='word_1_827' title='bbox 2147 4545 2218 4600; x_wconf 72' lang='lat'><strong>28</strong></span> <span class='ocrx_word' id='word_1_828' title='bbox 2239 4544 2258 4615; x_wconf 97' lang='lat'><strong>)</strong></span> <span class='ocrx_word' id='word_1_829' title='bbox 2278 4584 2293 4607; x_wconf 94' lang='lat'><strong>,</strong></span> <span class='ocrx_word' id='word_1_830' title='bbox 2343 4552 2469 4598; x_wconf 84' lang='lat' dir='ltr'><strong>tunc</strong></span> <span class='ocrx_word' id='word_1_831' title='bbox 2496 4542 2725 4597; x_wconf 89' lang='lat' dir='ltr'><strong>credunt</strong></span> <span class='ocrx_word' id='word_1_832' title='bbox 2745 4580 2761 4606; x_wconf 97' lang='lat'><strong>,</strong></span> <span class='ocrx_word' id='word_1_833' title='bbox 2812 4549 2869 4595; x_wconf 92' lang='lat' dir='ltr'><strong>ut</strong></span> <span class='ocrx_word' id='word_1_834' title='bbox 2920 4540 3096 4610; x_wconf 88' lang='lat' dir='ltr'><strong>palam</strong></span> <span class='ocrx_word' id='word_1_835' title='bbox 3125 4539 3389 4610; x_wconf 81' lang='lat' dir='ltr'><strong>significat</strong></span> <span class='ocrx_word' id='word_1_836' title='bbox 3418 4555 3649 4611; x_wconf 90' lang='lat' dir='ltr'><strong>evange-</strong></span> 
     </span>
    </p>
   </div>
   <div class='ocr_carea' id='block_1_103' title="bbox 2065 4630 3658 4700">
    <p class='ocr_par' dir='ltr' id='par_1_103' title="bbox 2065 4630 3658 4700">
     <span class='ocr_line' id='line_1_103' title="bbox 2065 4630 3658 4700; baseline -0.004 -9"><span class='ocrx_word' id='word_1_837' title='bbox 2065 4636 2184 4691; x_wconf 85' lang='lat' dir='ltr'><strong>lista</strong></span> <span class='ocrx_word' id='word_1_838' title='bbox 2210 4651 2332 4691; x_wconf 92' lang='lat' dir='ltr'><strong>cum</strong></span> <span class='ocrx_word' id='word_1_839' title='bbox 2364 4634 2529 4698; x_wconf 91' lang='lat' dir='ltr'><strong>dicit,</strong></span> <span class='ocrx_word' id='word_1_840' title='bbox 2578 4631 2706 4688; x_wconf 61' lang='lat' dir='ltr'><strong>Haec</strong></span> <span class='ocrx_word' id='word_1_841' title='bbox 2737 4632 2828 4686; x_wconf 92' lang='lat' dir='ltr'><strong>illo</strong></span> <span class='ocrx_word' id='word_1_842' title='bbox 2854 4631 3111 4700; x_wconf 88' lang='lat' dir='ltr'><strong>loquente.</strong></span> <span class='ocrx_word' id='word_1_843' title='bbox 3160 4630 3306 4683; x_wconf 89' lang='lat' dir='ltr'><strong>multi</strong></span> <span class='ocrx_word' id='word_1_844' title='bbox 3332 4630 3658 4684; x_wconf 83' lang='lat' dir='ltr'><strong>crediderunt</strong></span> 
     </span>
    </p>
   </div>
   <div class='ocr_carea' id='block_1_104' title="bbox 2063 4719 3653 4796">
    <p class='ocr_par' dir='ltr' id='par_1_104' title="bbox 2063 4719 3653 4796">
     <span class='ocr_line' id='line_1_104' title="bbox 2063 4719 3653 4796; baseline -0.005 -15"><span class='ocrx_word' id='word_1_845' title='bbox 2063 4726 2118 4781; x_wconf 81' lang='lat' dir='ltr'><strong>in</strong></span> <span class='ocrx_word' id='word_1_846' title='bbox 2143 4742 2256 4781; x_wconf 88' lang='lat' dir='ltr'><strong>eum</strong></span> <span class='ocrx_word' id='word_1_847' title='bbox 2282 4726 2302 4796; x_wconf 93' lang='lat'><strong>(</strong></span> <span class='ocrx_word' id='word_1_848' title='bbox 2333 4723 2419 4779; x_wconf 89' lang='lat' dir='ltr'><strong>Id.</strong></span> <span class='ocrx_word' id='word_1_849' title='bbox 2450 4741 2498 4778; x_wconf 83' lang='grc' dir='ltr'><strong>υ.</strong></span> <span class='ocrx_word' id='word_1_850' title='bbox 2525 4724 2591 4781; x_wconf 74' lang='grc'><strong>31</strong></span> <span class='ocrx_word' id='word_1_851' title='bbox 2613 4722 2654 4794; x_wconf 91' lang='grc'><strong>).</strong></span> <span class='ocrx_word' id='word_1_852' title='bbox 2686 4721 2740 4777; x_wconf 91' lang='lat' dir='ltr'><strong>Si</strong></span> <span class='ocrx_word' id='word_1_853' title='bbox 2774 4735 2903 4791; x_wconf 81' lang='lat' dir='ltr'><strong>ergo</strong></span> <span class='ocrx_word' id='word_1_854' title='bbox 2939 4720 3157 4775; x_wconf 86' lang='lat' dir='ltr'><strong>humilia</strong></span> <span class='ocrx_word' id='word_1_855' title='bbox 3208 4719 3371 4776; x_wconf 82' lang='lat' dir='ltr'><strong>verba</strong></span> <span class='ocrx_word' id='word_1_856' title='bbox 3398 4719 3465 4775; x_wconf 89' lang='lat' dir='ltr'><strong>ad</strong></span> <span class='ocrx_word' id='word_1_857' title='bbox 3496 4721 3653 4777; x_wconf 79' lang='lat' dir='ltr'><strong>fidem</strong></span> 
     </span>
    </p>
   </div>
   <div class='ocr_carea' id='block_1_105' title="bbox 2066 4814 3656 4884">
    <p class='ocr_par' dir='ltr' id='par_1_105' title="bbox 2066 4814 3656 4884">
     <span class='ocr_line' id='line_1_105' title="bbox 2066 4814 3656 4884; baseline -0.009 -11"><span class='ocrx_word' id='word_1_858' title='bbox 2066 4818 2375 4884; x_wconf 88' lang='lat' dir='ltr'><strong>trahebant,</strong></span> <span class='ocrx_word' id='word_1_859' title='bbox 2409 4816 2654 4872; x_wconf 87' lang='lat' dir='ltr'><strong>sublimia</strong></span> <span class='ocrx_word' id='word_1_860' title='bbox 2676 4830 2801 4869; x_wconf 88' lang='lat' dir='ltr'><strong>vero</strong></span> <span class='ocrx_word' id='word_1_861' title='bbox 2816 4814 3161 4875; x_wconf 84' lang='lat' dir='ltr'><strong>avertebant.</strong></span> <span class='ocrx_word' id='word_1_862' title='bbox 3193 4828 3371 4868; x_wconf 91' lang='lat' dir='ltr'><strong>annon</strong></span> <span class='ocrx_word' id='word_1_863' title='bbox 3397 4821 3656 4868; x_wconf 74' lang='lat' dir='ltr'><strong>extrema:</strong></span> 
     </span>
    </p>
   </div>
   <div class='ocr_carea' id='block_1_106' title="bbox 2065 4902 3655 4977">
    <p class='ocr_par' dir='ltr' id='par_1_106' title="bbox 2065 4902 3655 4977">
     <span class='ocr_line' id='line_1_106' title="bbox 2065 4902 3655 4977; baseline -0.009 -10"><span class='ocrx_word' id='word_1_864' title='bbox 2065 4910 2351 4967; x_wconf 63' lang='lat' dir='ltr'><strong>dementia:</strong></span> <span class='ocrx_word' id='word_1_865' title='bbox 2378 4909 2539 4964; x_wconf 91' lang='lat' dir='ltr'><strong>fuerit</strong></span> <span class='ocrx_word' id='word_1_866' title='bbox 2564 4924 2670 4962; x_wconf 92' lang='lat' dir='ltr'><strong>non</strong></span> <span class='ocrx_word' id='word_1_867' title='bbox 2700 4906 2939 4977; x_wconf 89' lang='lat' dir='ltr'><strong>cogitare</strong></span> <span class='ocrx_word' id='word_1_868' title='bbox 2966 4905 3186 4960; x_wconf 92' lang='lat' dir='ltr'><strong>humilia</strong></span> <span class='ocrx_word' id='word_1_869' title='bbox 3214 4905 3378 4960; x_wconf 92' lang='lat' dir='ltr'><strong>verba</strong></span> <span class='ocrx_word' id='word_1_870' title='bbox 3401 4905 3467 4958; x_wconf 89' lang='lat' dir='ltr'><strong>ad</strong></span> <span class='ocrx_word' id='word_1_871' title='bbox 3510 4902 3655 4953; x_wconf 79' lang='lat' dir='ltr'><strong>audi-</strong></span> 
     </span>
    </p>
   </div>
   <div class='ocr_carea' id='block_1_107' title="bbox 2067 4995 3649 5073">
    <p class='ocr_par' dir='ltr' id='par_1_107' title="bbox 2067 4995 3649 5073">
     <span class='ocr_line' id='line_1_107' title="bbox 2067 4995 3649 5073; baseline -0.009 -15"><span class='ocrx_word' id='word_1_872' title='bbox 2067 5012 2241 5058; x_wconf 93' lang='lat' dir='ltr'><strong>torum</strong></span> <span class='ocrx_word' id='word_1_873' title='bbox 2284 5011 2500 5073; x_wconf 84' lang='lat' dir='ltr'><strong>captum</strong></span> <span class='ocrx_word' id='word_1_874' title='bbox 2546 5006 2897 5070; x_wconf 88' lang='lat' dir='ltr'><strong>attemperata</strong></span> <span class='ocrx_word' id='word_1_875' title='bbox 2946 4998 3105 5052; x_wconf 87' lang='lat' dir='ltr'><strong>esse?</strong></span> <span class='ocrx_word' id='word_1_876' title='bbox 3151 4996 3427 5067; x_wconf 91' lang='lat' dir='ltr'><strong>Siquidem</strong></span> <span class='ocrx_word' id='word_1_877' title='bbox 3459 5003 3517 5049; x_wconf 87' lang='lat' dir='ltr'><strong>et</strong></span> <span class='ocrx_word' id='word_1_878' title='bbox 3545 4995 3649 5049; x_wconf 88' lang='lat' dir='ltr'><strong>alio</strong></span> 
     </span>
    </p>
   </div>
   <div class='ocr_carea' id='block_1_108' title="bbox 2068 5085 3644 5160">
    <p class='ocr_par' dir='ltr' id='par_1_108' title="bbox 2068 5085 3644 5160">
     <span class='ocr_line' id='line_1_108' title="bbox 2068 5085 3644 5160; baseline -0.008 -11"><span class='ocrx_word' id='word_1_879' title='bbox 2068 5091 2218 5159; x_wconf 90' lang='lat' dir='ltr'><strong>loco,</strong></span> <span class='ocrx_word' id='word_1_880' title='bbox 2247 5108 2371 5146; x_wconf 91' lang='lat' dir='ltr'><strong>cum</strong></span> <span class='ocrx_word' id='word_1_881' title='bbox 2399 5106 2646 5160; x_wconf 93' lang='lat' dir='ltr'><strong>magnum</strong></span> <span class='ocrx_word' id='word_1_882' title='bbox 2671 5088 2941 5159; x_wconf 89' lang='lat' dir='ltr'><strong>quidpiam</strong></span> <span class='ocrx_word' id='word_1_883' title='bbox 2974 5087 3117 5157; x_wconf 93' lang='lat' dir='ltr'><strong>loqui</strong></span> <span class='ocrx_word' id='word_1_884' title='bbox 3143 5088 3339 5154; x_wconf 91' lang='lat' dir='ltr'><strong>vellet,</strong></span> <span class='ocrx_word' id='word_1_885' title='bbox 3372 5085 3559 5146; x_wconf 88' lang='lat' dir='ltr'><strong>tacuit,</strong></span> <span class='ocrx_word' id='word_1_886' title='bbox 3588 5092 3644 5137; x_wconf 88' lang='lat' dir='ltr'><strong>et</strong></span> 
     </span>
    </p>
   </div>
   <div class='ocr_carea' id='block_1_109' title="bbox 2067 5177 3649 5247">
    <p class='ocr_par' dir='ltr' id='par_1_109' title="bbox 2067 5177 3649 5247">
     <span class='ocr_line' id='line_1_109' title="bbox 2067 5177 3649 5247; baseline -0.005 -8"><span class='ocrx_word' id='word_1_887' title='bbox 2067 5200 2282 5240; x_wconf 90' lang='lat' dir='ltr'><strong>causam</strong></span> <span class='ocrx_word' id='word_1_888' title='bbox 2312 5182 2507 5237; x_wconf 90' lang='lat' dir='ltr'><strong>silentii</strong></span> <span class='ocrx_word' id='word_1_889' title='bbox 2533 5181 2769 5236; x_wconf 89' lang='lat' dir='ltr'><strong>addidit:</strong></span> <span class='ocrx_word' id='word_1_890' title='bbox 2791 5179 2872 5234; x_wconf 84' lang='lat' dir='ltr'><strong>Ne</strong></span> <span class='ocrx_word' id='word_1_891' title='bbox 2898 5179 3302 5233; x_wconf 79' lang='lat' dir='ltr'><strong>scandalizemus</strong></span> <span class='ocrx_word' id='word_1_892' title='bbox 3332 5195 3433 5238; x_wconf 77' lang='lat' dir='ltr'><strong>eas.</strong></span> <span class='ocrx_word' id='word_1_893' title='bbox 3453 5177 3649 5247; x_wconf 71' lang='lat' dir='ltr'><strong>profice</strong></span> 
     </span>
    </p>
   </div>
   <div class='ocr_carea' id='block_1_110' title="bbox 2068 5270 3656 5344">
    <p class='ocr_par' dir='ltr' id='par_1_110' title="bbox 2068 5270 3656 5344">
     <span class='ocr_line' id='line_1_110' title="bbox 2068 5270 3656 5344; baseline -0.001 -15"><span class='ocrx_word' id='word_1_894' title='bbox 2068 5276 2275 5329; x_wconf 88' lang='lat' dir='ltr'><strong>hamum</strong></span> <span class='ocrx_word' id='word_1_895' title='bbox 2294 5275 2347 5328; x_wconf 90' lang='lat' dir='ltr'><strong>in</strong></span> <span class='ocrx_word' id='word_1_896' title='bbox 2368 5291 2506 5327; x_wconf 88' lang='lat' dir='ltr'><strong>mare</strong></span> <span class='ocrx_word' id='word_1_897' title='bbox 2531 5272 2552 5344; x_wconf 92' lang='lat'><strong>(</strong></span> <span class='ocrx_word' id='word_1_898' title='bbox 2574 5272 2760 5326; x_wconf 85' lang='lat' dir='ltr'><strong>Matth.</strong></span> <span class='ocrx_word' id='word_1_899' title='bbox 2785 5272 2871 5327; x_wconf 90' lang='grc'><strong>17.</strong></span> <span class='ocrx_word' id='word_1_900' title='bbox 2897 5272 2968 5327; x_wconf 71' lang='grc'><strong>26</strong></span> <span class='ocrx_word' id='word_1_901' title='bbox 2983 5273 3025 5342; x_wconf 92' lang='grc'><strong>).</strong></span> <span class='ocrx_word' id='word_1_902' title='bbox 3050 5270 3204 5340; x_wconf 91' lang='lat' dir='ltr'><strong>Quod</strong></span> <span class='ocrx_word' id='word_1_903' title='bbox 3226 5271 3386 5325; x_wconf 84' lang='lat' dir='ltr'><strong>etiam</strong></span> <span class='ocrx_word' id='word_1_904' title='bbox 3409 5271 3495 5325; x_wconf 90' lang='lat' dir='ltr'><strong>hic</strong></span> <span class='ocrx_word' id='word_1_905' title='bbox 3513 5272 3656 5328; x_wconf 85' lang='lat' dir='ltr'><strong>facit.</strong></span> 
     </span>
    </p>
   </div>
   <div class='ocr_carea' id='block_1_111' title="bbox 2066 5363 3654 5437">
    <p class='ocr_par' dir='ltr' id='par_1_111' title="bbox 2066 5363 3654 5437">
     <span class='ocr_line' id='line_1_111' title="bbox 2066 5363 3654 5437; baseline -0.002 -16"><span class='ocrx_word' id='word_1_906' title='bbox 2066 5367 2197 5421; x_wconf 90' lang='lat' dir='ltr'><strong>Nam</strong></span> <span class='ocrx_word' id='word_1_907' title='bbox 2225 5376 2506 5437; x_wconf 89' lang='lat' dir='ltr'><strong>postquam</strong></span> <span class='ocrx_word' id='word_1_908' title='bbox 2532 5364 2774 5432; x_wconf 85' lang='lat' dir='ltr'><strong>dixerat,</strong></span> <span class='ocrx_word' id='word_1_909' title='bbox 2805 5363 2916 5436; x_wconf 82' lang='lat' dir='ltr'><strong>Ego</strong></span> <span class='ocrx_word' id='word_1_910' title='bbox 2956 5365 3173 5418; x_wconf 77' lang='lat' dir='ltr'><strong>sciebam</strong></span> <span class='ocrx_word' id='word_1_911' title='bbox 3200 5365 3321 5433; x_wconf 86' lang='lat' dir='ltr'><strong>quia</strong></span> <span class='ocrx_word' id='word_1_912' title='bbox 3356 5379 3550 5431; x_wconf 86' lang='lat' dir='ltr'><strong>semper</strong></span> <span class='ocrx_word' id='word_1_913' title='bbox 3576 5382 3654 5419; x_wconf 87' lang='lat' dir='ltr'><strong>me</strong></span> 
     </span>
    </p>
   </div>
   <div class='ocr_carea' id='block_1_112' title="bbox 2067 5456 3651 5527">
    <p class='ocr_par' dir='ltr' id='par_1_112' title="bbox 2067 5456 3651 5527">
     <span class='ocr_line' id='line_1_112' title="bbox 2067 5456 3651 5527; baseline -0.004 -14"><span class='ocrx_word' id='word_1_914' title='bbox 2067 5460 2214 5513; x_wconf 86' lang='lat' dir='ltr'><strong>audis</strong></span> <span class='ocrx_word' id='word_1_915' title='bbox 2237 5476 2257 5525; x_wconf 86' lang='lat'><strong>;</strong></span> <span class='ocrx_word' id='word_1_916' title='bbox 2287 5456 2511 5522; x_wconf 90' lang='lat' dir='ltr'><strong>addidit,</strong></span> <span class='ocrx_word' id='word_1_917' title='bbox 2531 5456 2638 5513; x_wconf 86' lang='lat' dir='ltr'><strong>Sed</strong></span> <span class='ocrx_word' id='word_1_918' title='bbox 2658 5465 2861 5527; x_wconf 88' lang='lat' dir='ltr'><strong>propter</strong></span> <span class='ocrx_word' id='word_1_919' title='bbox 2885 5458 3083 5510; x_wconf 87' lang='lat' dir='ltr'><strong>turbam</strong></span> <span class='ocrx_word' id='word_1_920' title='bbox 3099 5456 3505 5508; x_wconf 83' lang='lat' dir='ltr'><strong>circumstantem</strong></span> <span class='ocrx_word' id='word_1_921' title='bbox 3526 5456 3651 5520; x_wconf 72' lang='lat' dir='ltr'><strong>dixi,</strong></span> 
     </span>
    </p>
   </div>
   <div class='ocr_carea' id='block_1_113' title="bbox 2069 5546 3653 5605">
    <p class='ocr_par' dir='ltr' id='par_1_113' title="bbox 2069 5546 3653 5605">
     <span class='ocr_line' id='line_1_113' title="bbox 2069 5546 3653 5605; baseline -0.004 0"><span class='ocrx_word' id='word_1_922' title='bbox 2069 5561 2125 5605; x_wconf 88' lang='lat' dir='ltr'><strong>ut</strong></span> <span class='ocrx_word' id='word_1_923' title='bbox 2155 5551 2383 5605; x_wconf 89' lang='lat' dir='ltr'><strong>credant.</strong></span> <span class='ocrx_word' id='word_1_924' title='bbox 2445 5554 2526 5604; x_wconf 80' lang='lat' dir='ltr'><strong>An</strong></span> <span class='ocrx_word' id='word_1_925' title='bbox 2556 5558 2739 5603; x_wconf 89' lang='lat' dir='ltr'><strong>nostra</strong></span> <span class='ocrx_word' id='word_1_926' title='bbox 2782 5548 2893 5602; x_wconf 63' lang='lat' dir='ltr'><strong>haec</strong></span> <span class='ocrx_word' id='word_1_927' title='bbox 2928 5546 3089 5601; x_wconf 85' lang='lat' dir='ltr'><strong>sunt?</strong></span> <span class='ocrx_word' id='word_1_928' title='bbox 3133 5562 3201 5600; x_wconf 92' lang='lat' dir='ltr'><strong>an</strong></span> <span class='ocrx_word' id='word_1_929' title='bbox 3232 5546 3462 5599; x_wconf 85' lang='lat' dir='ltr'><strong>humana</strong></span> <span class='ocrx_word' id='word_1_930' title='bbox 3517 5562 3653 5599; x_wconf 89' lang='lat' dir='ltr'><strong>con-</strong></span> 
     </span>
    </p>
   </div>
   <div class='ocr_carea' id='block_1_114' title="bbox 2065 5636 3660 5713">
    <p class='ocr_par' dir='ltr' id='par_1_114' title="bbox 2065 5636 3660 5713">
     <span class='ocr_line' id='line_1_114' title="bbox 2065 5636 3660 5713; baseline -0.004 -15"><span class='ocrx_word' id='word_1_931' title='bbox 2065 5643 2274 5713; x_wconf 83' lang='lat' dir='ltr'><strong>jectura</strong></span> <span class='ocrx_word' id='word_1_932' title='bbox 2297 5643 2322 5698; x_wconf 71' lang='lat' dir='ltr'><strong>&#39;I</strong></span> <span class='ocrx_word' id='word_1_933' title='bbox 2346 5642 2478 5697; x_wconf 87' lang='lat' dir='ltr'><strong>Cum</strong></span> <span class='ocrx_word' id='word_1_934' title='bbox 2509 5656 2638 5712; x_wconf 88' lang='lat' dir='ltr'><strong>ergo</strong></span> <span class='ocrx_word' id='word_1_935' title='bbox 2659 5639 2778 5710; x_wconf 88' lang='lat' dir='ltr'><strong>quis</strong></span> <span class='ocrx_word' id='word_1_936' title='bbox 2806 5654 2870 5693; x_wconf 82' lang='lat' dir='ltr'><strong>ex</strong></span> <span class='ocrx_word' id='word_1_937' title='bbox 2894 5640 3105 5708; x_wconf 89' lang='lat' dir='ltr'><strong>scriptis</strong></span> <span class='ocrx_word' id='word_1_938' title='bbox 3127 5653 3185 5692; x_wconf 88' lang='lat' dir='ltr'><strong>se</strong></span> <span class='ocrx_word' id='word_1_939' title='bbox 3204 5636 3516 5707; x_wconf 88' lang='lat' dir='ltr'><strong>persuaderi</strong></span> <span class='ocrx_word' id='word_1_940' title='bbox 3555 5653 3660 5691; x_wconf 83' lang='lat' dir='ltr'><strong>Ilnll</strong></span> 
     </span>
    </p>
   </div>
   <div class='ocr_carea' id='block_1_115' title="bbox 2071 5728 3660 5805">
    <p class='ocr_par' dir='ltr' id='par_1_115' title="bbox 2071 5728 3660 5805">
     <span class='ocr_line' id='line_1_115' title="bbox 2071 5728 3660 5805; baseline -0.006 -15"><span class='ocrx_word' id='word_1_941' title='bbox 2071 5737 2303 5805; x_wconf 89' lang='lat' dir='ltr'><strong>patitur,</strong></span> <span class='ocrx_word' id='word_1_942' title='bbox 2335 5734 2476 5801; x_wconf 89' lang='lat' dir='ltr'><strong>quod</strong></span> <span class='ocrx_word' id='word_1_943' title='bbox 2504 5733 2603 5803; x_wconf 92' lang='lat' dir='ltr'><strong>ipsi</strong></span> <span class='ocrx_word' id='word_1_944' title='bbox 2634 5732 2701 5787; x_wconf 93' lang='lat' dir='ltr'><strong>de</strong></span> <span class='ocrx_word' id='word_1_945' title='bbox 2728 5730 3126 5785; x_wconf 84' lang='lat' dir='ltr'><strong>sublimioribus</strong></span> <span class='ocrx_word' id='word_1_946' title='bbox 3155 5728 3553 5784; x_wconf 79' lang='lat' dir='ltr'><strong>oﬂ‘enderentur</strong></span> <span class='ocrx_word' id='word_1_947' title='bbox 3572 5769 3589 5795; x_wconf 92' lang='lat'><strong>,</strong></span> <span class='ocrx_word' id='word_1_948' title='bbox 3619 5729 3660 5781; x_wconf 89' lang='lat' dir='ltr'><strong>is</strong></span> 
     </span>
    </p>
   </div>
   <div class='ocr_carea' id='block_1_116' title="bbox 2070 5821 3668 5892">
    <p class='ocr_par' dir='ltr' id='par_1_116' title="bbox 2070 5821 3668 5892">
     <span class='ocr_line' id='line_1_116' title="bbox 2070 5821 3668 5892; baseline -0.005 -9"><span class='ocrx_word' id='word_1_949' title='bbox 2070 5828 2295 5884; x_wconf 84' lang='lat' dir='ltr'><strong>audiens</strong></span> <span class='ocrx_word' id='word_1_950' title='bbox 2334 5826 2905 5883; x_wconf 78' lang='lat' dir='ltr'><strong>Christumdiceutem</strong></span> <span class='ocrx_word' id='word_1_951' title='bbox 2933 5839 2991 5877; x_wconf 88' lang='lat' dir='ltr'><strong>se</strong></span> <span class='ocrx_word' id='word_1_952' title='bbox 3022 5823 3151 5877; x_wconf 81' lang='lat' dir='ltr'><strong>ideo</strong></span> <span class='ocrx_word' id='word_1_953' title='bbox 3175 5822 3392 5877; x_wconf 89' lang='lat' dir='ltr'><strong>humilia</strong></span> <span class='ocrx_word' id='word_1_954' title='bbox 3424 5821 3567 5892; x_wconf 89' lang='lat' dir='ltr'><strong>loqui</strong></span> <span class='ocrx_word' id='word_1_955' title='bbox 3600 5836 3668 5875; x_wconf 87' lang='lat' dir='ltr'><strong>ne</strong></span> 
     </span>
    </p>
   </div>
  </div>
