4100 6362
455 342 563 399 355
588 352 591 359 ‘

454 454 913 520 scandalizentur,
955 448 1223 523 quomodo
1248 448 1507 517 suspicari
1530 445 1754 516 poteritl
1785 442 1940 497 illum
1967 455 2036 496 ex

457 555 647 600 natura
688 547 767 601 rei
814 542 995 613 loqui,
1039 550 1096 596 et
1132 555 1238 595 non
1282 555 1378 611 per
1423 536 1804 606 indulgentiam
1847 547 2034 603 quam-

453 638 617 693 dam?
660 637 747 692 Sic
788 644 845 691 et
884 634 1013 691 alibi
1050 648 1185 688 voce
1226 645 1459 701 superne
1498 629 1672 685 delata
1711 627 1885 682 dicit:
1916 624 2040 679 Non

455 739 661 799 propter
690 745 769 782 me
808 728 914 781 hinc
939 742 1036 781 vos:
1059 726 1195 795 facta
1224 734 1318 790 est,
1362 723 1452 777 sed
1491 732 1698 793 propter
1725 735 1811 773 vos
1842 717 2037 789 (Joan.

452 821 542 879 12.
586 822 714 888 50).
760 819 922 889 Atqui
951 831 1147 889 magno
1191 817 1318 872 licet
1358 816 1523 869 multa
1565 814 1634 868 de
1675 827 1735 868 se
1767 810 2040 865 humiliter

454 914 776 982 praedicare;
824 914 914 965 vili
944 920 1127 965 autem
1166 919 1219 963 et
1250 908 1461 976 abjecto
1501 920 1609 961 non
1640 905 1763 959 licet
1790 917 2040 972 magnum

451 1004 725 1075 quidpiam
765 1011 821 1057 et
848 1001 1075 1057 sublime
1102 999 1171 1055 de
1196 1014 1256 1054 se
1280 998 1481 1052 dicere.
1521 996 1653 1050 lllud
1684 1011 1753 1051 ex
1776 1002 2046 1060 attempe-

453 1096 660 1150 ratione
683 1092 911 1163 quadam
938 1091 999 1147 ﬁt
1019 1132 1034 1155 ,
1064 1100 1123 1145 ut
1149 1090 1217 1145 ad
1246 1088 1577 1145 audientium
1610 1086 2039 1141 imbecillitatem

452 1184 885 1242 accommodetur
906 1224 922 1248 ,
951 1183 1059 1237 imo
1086 1181 1284 1251 magis,
1317 1189 1375 1234 ut
1400 1179 1752 1233 humilitatem
1785 1176 1856 1231 illi
1888 1190 2041 1230 exer-

453 1288 647 1344 ceant,
698 1286 753 1332 et
782 1291 906 1330 vere
937 1275 1180 1329 indutum
1209 1287 1374 1327 carne
1398 1285 1519 1326 esse
1557 1272 1770 1330 sciant;
1804 1269 2041 1336 itemque

455 1381 513 1425 ut
532 1370 723 1425 doceat
748 1368 1019 1423 auditores
1039 1406 1058 1434 ,
1089 1380 1376 1435 numquam
1399 1378 1647 1433 magnum
1672 1360 1944 1431 quidpiam
1972 1359 2040 1414 de

453 1480 515 1519 se
545 1461 867 1533 loquendum
894 1474 1051 1524 esse;
1084 1466 1194 1513 tum
1220 1471 1287 1511 eo
1313 1455 1454 1525 quod
1486 1455 1600 1523 ipse
1630 1461 1904 1522 putaretur
1931 1450 2040 1505 Deo

454 1552 795 1609 adversarius
824 1564 981 1617 esse,
1026 1559 1083 1604 et
1109 1547 1254 1619 quod
1282 1561 1387 1601 non
1416 1544 1725 1600 crederetur
1751 1558 1780 1596 a
1809 1542 1921 1597 Deo
1949 1556 2041 1596 ve-

457 1648 573 1701 nire
593 1685 611 1712 ,
659 1643 909 1714 quodque
938 1641 1339 1709 suspicarentur
1374 1637 1548 1707 ipsum
1576 1636 1787 1691 solvere
1828 1634 2000 1704 legem
2021 1673 2037 1696 ,

454 1738 601 1809 quod
628 1736 901 1791 auditores
926 1733 1027 1802 ipsi
1056 1731 1390 1795 inviderent,
1420 1729 1699 1798 ipsumque
1721 1727 1845 1781 odio
1871 1724 2039 1780 habe-

457 1840 619 1897 rent,
648 1830 768 1899 quia
796 1843 857 1883 se
880 1826 1091 1881 dicebat
1115 1823 1375 1894 aequalem
1407 1822 1515 1875 Deo
1532 1822 1573 1872 ³.
1606 1820 1758 1888 Quod
1785 1828 1963 1875 autem
1996 1818 2040 1872 is

456 1925 548 1993 qui
595 1923 718 1978 vilis
760 1920 1107 1989 abjectusque
1140 1926 1260 1981 est,
1304 1914 1554 1969 sublimia
1583 1912 1651 1967 de
1682 1926 1741 1967 se
1769 1911 2036 1980 loquatur,

456 2015 604 2070 nulla
650 2022 824 2084 potest
863 2026 982 2066 esse
1024 2016 1382 2064 consentanea
1412 2019 1568 2060 causa
1592 2044 1609 2068 ,
1655 2002 1749 2058 sed
1782 2001 1832 2056 id
1862 2002 2035 2055 solum

458 2106 776 2176 arrogantia:
812 2112 868 2158 et
902 2101 1247 2171 impudentiae
1291 2097 1654 2160 adscribatur,
1700 2094 2042 2162 audaciaeque

458 2200 603 2253 nulla
623 2198 770 2252 venia
790 2194 1104 2265 digna).Cur
1123 2207 1250 2263 ergo
1272 2191 1491 2246 humilia
1516 2190 1771 2260 loquitur,
1795 2189 1881 2258 qui
1910 2188 2044 2244 inef-

458 2288 635 2342 fabilis
669 2288 807 2341 illius
833 2297 889 2341 et
918 2300 1122 2355 magum
1148 2283 1459 2337 substantias
1482 2290 1565 2337 est
1590 2281 1612 2333 ?
1644 2281 1777 2334 Tutu
1810 2282 1873 2334 iis
1910 2294 2041 2349 quas

459 2380 691 2434 diximus
716 2376 781 2431 de
811 2376 988 2431 causis
1010 2415 1027 2442 ,
1055 2384 1165 2429 tum
1196 2390 1261 2428 ne
1301 2382 1576 2444 putaretur
1604 2370 1872 2440 ingenitus
1898 2385 2039 2424 esse.

458 2469 591 2524 Nam
632 2477 685 2523 et
724 2466 919 2521 Paulus
948 2466 1050 2519 tale
1078 2465 1348 2533 quidpiam
1388 2463 1629 2517 timuisse
1657 2462 1886 2515 videtur.
1920 2460 2041 2515 Ideo

459 2562 566 2613 ait:
594 2557 784 2613 Prwter
806 2573 917 2610 eum
934 2556 1021 2626 qui
1037 2556 1113 2608 illi
1138 2563 1315 2607 cuncta
1336 2554 1543 2621 subjecit
1567 2554 1645 2621 (l.
1671 2551 1899 2605 Cor.15.
1923 2550 2039 2623 27).

462 2652 573 2706 lloc
602 2652 743 2705 enim
770 2649 855 2705 vel
891 2648 1125 2718 cogitare
1166 2648 1384 2714 impium
1432 2654 1595 2699 esset.

532 2740 756 2796 Christus
785 2739 1008 2811 ejusdem
1032 2737 1323 2792 substantia:
1342 2748 1413 2791 est
1442 2754 1501 2789 ac
1524 2735 1696 2789 Pater.
1722 2766 1789 2774 —
1808 2734 1865 2791 Si
1896 2734 2040 2790 enim

465 2834 641 2887 minor
670 2832 826 2886 Patre
852 2840 905 2885 et
939 2844 1004 2884 ex
1030 2830 1131 2882 alia
1157 2828 1451 2883 substantia
1484 2827 1688 2891 fuisset,
1717 2842 1894 2880 anuou
1924 2843 2043 2881 om-

465 2929 551 2982 nia
580 2926 810 2984 fccisset.
845 2938 911 2979 ne
939 2924 1059 2977 talis
1091 2931 1363 2991 putaretur
1386 2923 1547 2974 esse?
1575 2920 1724 2974 Nunc
1752 2936 1879 2974 vero
1915 2935 2045 2975 cou-

468 3018 685 3071 trarium
716 3015 879 3070 efﬁcit
908 3014 1091 3068 dicens
1125 3034 1139 3069 :
1190 3013 1250 3066 Si
1289 3029 1389 3064 non
1432 3012 1565 3081 facio
1612 3027 1765 3079 opera
1814 3013 1923 3082 ejus
1957 3010 2045 3081 qui

465 3108 599 3163 misit
630 3124 737 3170 me,
783 3106 935 3159 nolite
964 3106 1084 3158 mitti
1119 3104 1321 3157 credere
1350 3102 1528 3170 (Joan.
1557 3104 1643 3157 10.
1682 3104 1793 3174 57).
1828 3104 1891 3157 Ει
1919 3118 2040 3157 cum

467 3201 619 3264 dicit,
665 3198 775 3267 Ego
818 3198 871 3251 in
900 3196 1075 3261 Patre,
1104 3206 1148 3249 et
1176 3195 1333 3249 Pater
1360 3197 1412 3248 in
1451 3212 1531 3248 me
1563 3206 1658 3260 est,
1688 3197 2043 3265 mqualitatem

467 3292 623 3346 nobis
658 3289 974 3344 subindicat.
1016 3286 1351 3357 Oportuisset
1379 3287 1523 3340 enim
1559 3302 1679 3339 cum
1709 3287 2043 3341 vehementia

465 3382 607 3435 illam
650 3381 951 3449 opinionem
977 3390 1218 3433 avertere
1241 3417 1259 3443 ,
1291 3380 1333 3431 si
1377 3377 1551 3432 minor
1578 3376 1794 3441 fuisset,
1828 3386 1883 3431 et
1917 3392 2043 3432 nus-

463 3490 623 3541 quam
669 3472 850 3527 dicere
881 3489 896 3525 :
928 3469 1038 3539 Ego
1086 3472 1137 3523 in
1184 3469 1378 3534 Patre,
1425 3482 1472 3523 et
1508 3470 1661 3524 Pater
1689 3474 1739 3523 in
1786 3488 1902 3536 me;
1955 3482 2040 3537 et,

470 3563 639 3620 Unum
664 3579 872 3626 sumus;
895 3571 1007 3628 aut,
1040 3562 1141 3630 Qui
1157 3562 1286 3616 videt
1316 3579 1413 3627 me,
1445 3563 1574 3616 videt
1600 3573 1647 3616 et
1667 3561 1892 3616 Patrem.
1912 3562 2043 3616 Nam

463 3670 589 3715 eum
629 3654 699 3709 de
736 3654 932 3708 virtute
974 3668 1153 3708 sermo
1196 3664 1341 3720 erat,
1390 3653 1619 3719 dicebat,
1666 3653 1776 3722 Ego
1806 3663 1852 3708 et
1891 3653 2047 3707 Pater

464 3763 621 3800 unum
658 3762 829 3801 sumus
866 3745 1025 3819 (Ibid.
1062 3746 1148 3800 10.
1175 3746 1264 3801 58.
1289 3745 1504 3816 et50);
1532 3755 1730 3802 etcum
1782 3747 1849 3802 de
1892 3759 2045 3818 pote-

463 3849 541 3892 sta
551 3850 623 3900 te.
647 3838 795 3895 Sicut
818 3840 954 3892 enim
976 3837 1129 3893 Pater
1144 3840 1351 3893 suscitat
1365 3849 1586 3892 mortuos
1605 3848 1653 3892 et
1670 3837 2073 3907 vivi/icat:sicet

464 3927 633 3982 Filius
657 3944 781 4000 quos
798 3929 903 3982 vult
923 3929 1139 3998 vivi/ica:
1167 3927 1325 3997 (Ibid.
1350 3928 1437 3984 12.
1467 3930 1557 3985 45.
1586 3940 1634 3984 et
1654 3930 1709 3986 5.
1736 3930 1853 4000 21).
1894 3931 2046 3999 Quod

466 4037 573 4075 non
628 4029 838 4094 poterat
879 4020 1093 4085 facere,
1137 4021 1181 4075 si
1233 4021 1452 4075 alterius
1491 4020 1677 4077 fuisset.
1716 4022 2044 4078 substantiae.

464 4112 617 4184 Quod
654 4112 703 4165 si
750 4112 909 4166 etiam
940 4112 1234 4181 potuisset,
1266 4126 1369 4164 non
1404 4110 1455 4165 id
1493 4110 1777 4165 dicendum
1817 4121 1950 4178 erat,
1982 4127 2049 4167 ne

464 4204 865 4274 suspicarentur
908 4218 1066 4256 uuam
1114 4201 1462 4271 eamdemque
1511 4216 1630 4257 esse
1675 4201 2043 4256 substantiam.

464 4294 518 4349 Si
539 4294 702 4359 enim,
731 4308 798 4353 ne
818 4293 1154 4362 suspicentur
1182 4293 1351 4361 ipsum
1382 4306 1502 4346 esse
1526 4292 1633 4345 Deo
1661 4292 2042 4357 adversarium,

466 4388 627 4441 ctiam
660 4400 778 4455 qua:
803 4384 902 4438 sibi
934 4399 1038 4438 non
1069 4386 1395 4438 conveniunt
1434 4399 1575 4453 satpe
1597 4383 1849 4453 loquitur,
1882 4385 2049 4438 multo

466 4478 639 4548 magis
669 4485 798 4532 tunc
823 4477 1078 4553 oportuit.
1102 4476 1253 4531 Nunc
1282 4490 1409 4529 vero
1433 4492 1553 4529 cum
1582 4476 1711 4530 dicit
1740 4493 1753 4528 :
1798 4475 1865 4530 Ut
1891 4476 2051 4528 Itono-

466 4567 662 4635 riﬁcent
691 4565 904 4634 Filium,
926 4567 1054 4621 sicut
1074 4567 1408 4635 honorificam
1428 4565 1633 4620 Patrem
1655 4565 1812 4636 (Ibid.
1836 4568 1888 4621 5.
1912 4566 2005 4632 25)
2029 4584 2044 4632 ;

468 4669 545 4723 et,
592 4657 761 4732 Opera
803 4673 914 4728 qua:
941 4659 1049 4727 ipse
1074 4658 1217 4729 facit,
1248 4667 1293 4709 et
1321 4674 1410 4726 ego
1439 4658 1665 4710 similiter
1690 4657 1822 4722 facio
1865 4656 2043 4729 (Ibid.

468 4764 517 4801 υ.
541 4749 652 4818 56)
680 4766 696 4815 ;
720 4755 777 4804 et
802 4764 860 4804 se
892 4764 1014 4804 esse
1050 4750 1493 4805 resurrectionem
1526 4760 1579 4803 et
1606 4749 1798 4814 vitam,
1847 4753 2048 4804 lucem-

468 4854 575 4909 que
605 4839 809 4904 muudi,
842 4854 961 4894 sese
985 4839 1128 4894 Patri
1158 4841 1490 4909 exmquantis
1510 4840 1668 4895 verba
1694 4850 1836 4902 sunt,
1866 4857 1929 4895 ac
1954 4858 2047 4894 su-

471 4931 764 4998 spicionem
809 4946 967 5000 quam
1014 4931 1089 4984 illi
1134 4930 1398 4985 habebant
1429 4933 1815 4986 conﬁrmantis.
1867 4931 2049 4985 Vidcn’

472 5020 743 5091 quomodo
771 5036 890 5075 sese
916 5030 1106 5091 purgat
1141 5032 1423 5075 accusatus
1452 5022 1591 5091 quod
1622 5022 1792 5092 legem
1832 5025 1999 5077 solvat
2030 5041 2045 5089 ;

473 5113 792 5182 aequalitatis
811 5129 937 5167 vero
962 5128 1080 5167 cum
1108 5113 1264 5166 Patre
1292 5114 1598 5181 opinionem
1628 5130 1733 5168 non
1758 5115 1917 5169 modo
1943 5133 2047 5170 non

474 5204 643 5269 tollit,
676 5203 769 5257 sed
811 5204 1006 5261 firmat.
1038 5203 1126 5256 Sic
1152 5202 1453 5258 dicentibus
1479 5204 1580 5257 illis
1603 5246 1618 5271 ,
1650 5208 1766 5276 quia
1808 5206 2044 5275 blasphe-

534 5382 550 5410 ¹
576 5378 703 5443 Multi
726 5385 833 5443 htss.
857 5378 1146 5443 sichabent,
1167 5386 1285 5443 Cum
1317 5375 1444 5427 enim
1467 5390 1530 5427 ea:
1565 5378 1682 5439 ipsis
1720 5379 1860 5443 rebus
1892 5388 2048 5443 pateat

472 5440 660 5503 aliosde
686 5439 1039 5503 sublimioribus
1061 5439 1255 5503 oﬂ’endi,
1277 5452 1478 5499 cumque
1510 5448 1747 5503 praeterea
1787 5439 1900 5503 ipse"
1916 5443 2049 5492 dicat

472 5501 707 5570 Christus,
730 5515 818 5564 ego
840 5499 1040 5570 humilia
1081 5502 1263 5563 loquor,
1290 5516 1349 5551 ne
1382 5499 1788 5562 scandalizentur,
1808 5499 1914 5564 quis
1936 5503 2048 5565 jam

470 5569 708 5624 suspicari
732 5569 916 5633 poterit,
938 5570 1033 5610 etc.
1142 5625 1150 5633 _

501 5628 556 5692 ___'
592 5623 646 5671 In
669 5624 953 5692 quibusdam
979 5632 1081 5671 MSS.
1114 5636 1183 5672 sic
1216 5622 1773 5692 elfertur.hic.locus...‘..
1815 5626 1942 5684 quod
1964 5639 2048 5676 au-

477 5684 653 5750 ditores
679 5684 772 5745 ipsi
793 5684 1077 5750 inviderent,
1099 5684 1287 5745 etquod
1311 5684 1487 5750 saepius
1510 5684 1560 5732 in
1578 5684 1733 5733 Veteri
1762 5695 2046 5743 Testttttteiuc

477 5749 733 5804 legeretur,
760 5746 985 5795 Dominus
1004 5754 1126 5795 Deus
1148 5755 1268 5807 tuus,
1304 5746 1527 5795 Dominus
1552 5759 1670 5795 unus
1692 5754 1779 5795 est.
1794 5764 1814 5791 ι

1219 335 1279 392 S.
1306 331 1595 390 'JOANNIS
1620 324 2092 387 CHRYSOSTOMI
2134 326 2454 387 ARCHIEP.
2491 330 3021 392 CONSTANTINOP.

3622 337 3723 395 356

2148 442 3175 518 maset]acisteipsumDeum(Joan.10.
3221 447 3348 521 56),
3381 449 3508 506 illud
3549 451 3723 522 ipsum

2146 533 2214 588 ab
2238 548 2459 603 operum
2489 536 2791 605 aequalitate
2819 539 3021 591 statuit.

2214 626 2271 683 2.
2313 626 2435 681 Non
2462 628 2626 681 solum
2652 627 2821 684 Filius
2847 631 2936 683 sed
2964 631 3071 699 ipse
3090 632 3239 684 etiam
3263 629 3418 685 Pater
3438 649 3491 686 se
3516 632 3722 702 indigna

2146 719 2341 773 locutus
2366 728 2458 772 est.
2480 718 2712 773 Christus
2732 737 2824 774 cur
2842 722 3020 775 oravit.
3053 721 3176 776 Non
3204 724 3457 794 indigebat
3473 726 3720 794 precibus.

2154 807 2327 863 Verbis
2355 808 2720 879 humilitatem,
2762 812 2991 882 operibus
3028 815 3298 884 potentiam
3332 817 3724 869 ostendebat.—

2146 898 2352 970 Ecquid
2374 900 2494 956 dico
2519 899 2711 956 Filium
2742 903 2795 957 id
2820 903 3039 969 fecisse,
3070 905 3282 975 quando
3315 906 3472 964 Pater
3499 909 3586 978 qui
3614 924 3720 961 non

2145 1006 2363 1047 carnem
2392 995 2720 1064 assumpsit,
2753 995 2981 1066 idipsum
3006 998 3133 1051 facit
3160 997 3334 1052 ?Nam
3365 1009 3418 1053 et
3453 999 3564 1068 ipse
3601 1014 3719 1069 pas-

2144 1098 2236 1139 sus
2256 1093 2339 1138 est
2366 1085 2527 1139 multa
2554 1086 2622 1141 de
2644 1100 2705 1142 se
2733 1086 2949 1141 humilia
2974 1087 3079 1143 dici
3108 1089 3175 1143 ad
3202 1090 3525 1145 audientium
3575 1092 3718 1145 salu-

2147 1184 2278 1230 tem.
2307 1176 2439 1231 lllud
2482 1178 2647 1245 enim,
2678 1180 2859 1242 Adam,
2900 1182 2985 1234 ubi
3013 1198 3065 1235 es
3084 1180 3240 1251 (Gen.
3268 1183 3324 1238 3.
3353 1184 3410 1252 9)
3438 1183 3461 1236 ?
3490 1194 3540 1237 et
3570 1184 3717 1250 illud,

2150 1265 2217 1322 Ut
2244 1276 2540 1338 cognosdam
2567 1271 2611 1324 si
2651 1272 2781 1339 forte
2805 1274 3077 1326 secundum
3117 1271 3386 1327 clamorem
3412 1292 3584 1328 eorunt
3602 1292 3719 1343 per-

2146 1359 2320 1428 ﬁciant
2354 1360 2528 1430 (Ibid.
2563 1362 2648 1416 18.
2675 1362 2739 1417 21
2767 1362 2787 1434 )
2832 1380 2847 1429 ;
2879 1374 2952 1426 et.
2997 1364 3152 1418 Nunc
3178 1368 3387 1437 cognovi
3413 1369 3546 1437 quod
3573 1379 3625 1420 tu
3653 1370 3717 1422 ti-

2145 1467 2281 1505 meas
2309 1451 2467 1506 Deum
2494 1452 2656 1525 (Ibid.
2682 1454 2773 1508 22.
2805 1456 2915 1523 12);
2938 1466 3009 1520 et,
3031 1456 3093 1511 Si
3119 1462 3250 1528 forte
3271 1459 3477 1513 audiant
3509 1460 3716 1532 (Ezech.

2145 1544 2199 1598 3.
2250 1542 2340 1614 11)
2372 1560 2386 1609 ;
2432 1555 2506 1608 et,
2556 1544 2617 1600 Si
2656 1546 2941 1617 intelligant
2963 1564 2982 1612 ;
3019 1556 3109 1613 et,
3142 1549 3268 1615 Quis
3296 1552 3377 1604 det
3414 1567 3502 1604 cor
3547 1553 3720 1621 pepuli

2145 1636 2297 1705 hujus
2342 1636 2414 1690 sic
2454 1652 2561 1691 esse
2611 1637 2788 1707 (Deut.
2832 1639 2886 1694 5.
2943 1638 3089 1709 29)?
3135 1648 3212 1705 et,
3256 1639 3378 1695 Non
3431 1651 3503 1696 est
3540 1643 3721 1697 similis

2146 1728 2218 1780 tui
2262 1728 2317 1781 in
2344 1729 2475 1794 diis,
2522 1727 2779 1794 Domine;
2812 1740 2873 1789 et
2908 1732 3075 1785 multa
3119 1731 3220 1784 alia
3272 1732 3327 1786 in
3383 1734 3547 1787 veteri
3601 1734 3717 1804 lege
3804 1756 3818 1770 ο

2145 1817 2191 1871 si
2239 1817 2358 1888 quis
2406 1819 2642 1889 colligat,
2696 1819 2911 1891 indigna
2966 1821 3063 1876 Dei
3101 1822 3380 1891 majestate
3422 1838 3542 1879 esse
3566 1840 3714 1880 com-

2146 1910 2333 1978 perict.
2370 1909 2439 1963 Et
2473 1910 2541 1966 de
2583 1910 2768 1966 Achab
2806 1912 3003 1967 dictum
3048 1921 3164 1978 est,
3198 1913 3321 1981 Quis
3358 1914 3568 1980 decipiet
3596 1916 3717 1968 mihi

2144 2001 2315 2055 Achab
2337 2003 2415 2073 (2.
2442 2001 2620 2057 Paral.
2642 2004 2726 2058 18.
2752 2004 2840 2075 19)
2861 2004 2883 2056 ?
2914 2005 2979 2059 Et
3004 2005 3143 2076 quod
3170 2005 3305 2061 facta
3328 2022 3447 2062 cum
3474 2008 3577 2062 diis
3600 2024 3717 2079 ger»

2148 2097 2316 2150 tilium
2358 2099 2754 2166 comparatione
2783 2113 2841 2154 se
2880 2114 3092 2169 semper
3131 2100 3232 2155 illis
3261 2110 3533 2170 pra-ponat
3555 2143 3571 2168 ,
3603 2102 3718 2157 hace

2145 2190 2322 2243 omnia
2353 2188 2565 2258 indigna
2591 2199 2715 2244 sunt
2753 2187 2898 2254 Deo;
2929 2191 3021 2245 sed
3052 2191 3153 2245 alia
3179 2194 3384 2248 ratione
3410 2193 3565 2263 digna
3595 2204 3717 2247 sunt

2147 2278 2259 2332 illo.
2306 2277 2439 2333 Nam
2481 2280 2554 2334 ita
2592 2281 2851 2351 benignus
2880 2291 2993 2345 est,
3028 2292 3085 2335 ut
3116 2293 3331 2352 propter
3367 2284 3588 2338 salutem
3617 2300 3715 2338 no-

2146 2380 2309 2425 stram
2351 2373 2509 2427 verba
2556 2372 2800 2444 dignitati
2830 2389 2941 2429 suae
2980 2376 3345 2431 convenientia
3389 2386 3713 2431 contemnat.

2146 2464 2259 2519 lmo
2304 2472 2359 2518 et
2385 2464 2525 2534 (mod
2573 2465 2732 2517 homo
2774 2465 2943 2519 factus
2967 2466 3073 2533 sit,
3102 2466 3430 2535 formamque
3457 2468 3593 2521 servi
3622 2483 3713 2522 ac-

2145 2556 2383 2625 ceperit,
2429 2556 2569 2624 quod
2598 2555 2818 2611 humilia
2868 2556 3026 2611 verba
3070 2557 3335 2626 loquatur,
3377 2557 3514 2626 quod
3545 2558 3716 2611 viliter

2146 2648 2219 2701 sit
2267 2648 2513 2713 amictus,
2544 2648 2814 2717 indignum
2856 2648 2947 2702 illo
2986 2659 3104 2713 est,
3148 2650 3192 2703 si
3221 2650 3339 2719 quis
3388 2652 3714 2719 majestatem

2145 2738 2263 2808 ejus
2290 2739 2577 2806 respiciat;
2604 2740 2821 2809 dignum
2856 2754 3002 2805 vero,
3033 2741 3077 2792 si
3105 2740 3224 2810 quis
3254 2740 3587 2810 benignitatis
3602 2741 3715 2808 ejus

2146 2831 2441 2886 ineffabiles
2470 2831 2679 2887 divitias
2704 2848 2885 2887 secum
2922 2842 3147 2902 reputet.
3180 2833 3275 2888 Est
3300 2842 3354 2887 et
3376 2835 3477 2887 alia
3507 2832 3716 2887 humili-

2148 2923 2272 2975 tatis
2300 2923 2586 2976 verborum
2627 2936 2808 2978 causa.
2854 2923 3105 2989 Quaenam
3151 2923 3312 2977 lucc?
3348 2923 3477 2988 Quia
3507 2923 3715 2977 Patrem

2146 3014 2360 3084 quidem
2397 3022 2451 3067 et
2478 3024 2738 3068 noverant
2765 3022 2820 3069 et
2838 3013 3249 3081 confitebantur,
3272 3015 3440 3083 ipsum
3466 3030 3588 3069 vero
3612 3030 3715 3068 non

2147 3114 2423 3159 noverant.
2452 3103 2573 3159 Ideo
2590 3102 2895 3173 frequenter
2913 3104 2980 3158 ad
2998 3104 3208 3158 Patrem
3234 3103 3444 3173 refugit,
3466 3103 3604 3173 quod
3626 3103 3717 3159 ille

2148 3195 2203 3249 in
2230 3194 2478 3251 confesso
2506 3205 2668 3261 esset,
2700 3197 2850 3265 quasi
2875 3197 2988 3265 ipse
3024 3196 3259 3251 nondum
3288 3196 3391 3251 fide
3416 3196 3605 3268 dignus
3631 3212 3717 3252 es-

2147 3299 2265 3352 set;
2296 3306 2401 3345 non
2435 3306 2500 3344 ex
2531 3304 2622 3355 se,
2648 3289 2743 3344 sed
2768 3306 2833 3344 ex
2859 3289 3160 3344 auditorum
3192 3290 3414 3345 stultitia
3454 3299 3508 3344 et
3545 3290 3714 3345 imbe-

2147 3382 2387 3436 cillitate.
2419 3381 2543 3437 ldeo
2584 3392 2829 3452 precatur
2868 3390 2923 3436 et
2964 3381 3132 3436 dicit:
3173 3380 3356 3449 Pater,
3394 3382 3582 3453 gratias
3622 3397 3717 3452 ago

2149 3474 2258 3537 tibi,
2288 3474 2526 3544 quoniam
2574 3475 2763 3528 audisti
2798 3491 2893 3528 me.
2933 3474 3064 3529 Nam
3092 3475 3138 3530 si
3168 3491 3297 3546 quos
3334 3476 3445 3530 vult
3467 3476 3714 3539 vivificat,

2148 3576 2203 3621 et
2230 3569 2301 3621 ita
2330 3566 2564 3621 vivificat
2590 3577 2646 3620 ut
2675 3566 2853 3630 Pater,
2880 3582 2977 3621 cur
3008 3576 3252 3634 precatur
3278 3568 3301 3621 7
3325 3566 3428 3621 Sed
3449 3566 3557 3636 jam
3586 3576 3716 3620 tem-

2150 3672 2251 3727 pus
2300 3666 2381 3711 est
2429 3658 2495 3712 ad
2544 3659 2716 3712 locum
2761 3658 2963 3712 venire.
2994 3658 3255 3713 Tulerunt
3294 3673 3421 3728 ergo
3467 3657 3717 3729 lapidem,

2151 3750 2239 3806 ubi
2264 3759 2382 3805 erat
2400 3758 2641 3805 mortuus
2665 3750 2868 3820 jacens.
2900 3750 3051 3804 Jesus
3076 3762 3264 3817 autem,
3296 3750 3494 3804 elevatis
3518 3766 3718 3803 sursum

2150 3841 2331 3905 oculis,
2362 3842 2533 3896 dixit:
2569 3842 2747 3908 Pater,
2780 3843 2969 3913 gratias
2994 3858 3089 3913 ago
3128 3842 3234 3907 tibi,
3270 3842 3506 3911 quoniam
3534 3840 3719 3893 audisti

2149 3950 2249 3987 me.
2294 3932 2404 4003 Ego
2446 3940 2610 3986 autem
2648 3933 2860 3986 sciebant
2899 3935 3033 4003 quod
3058 3950 3251 4003 semper
3288 3948 3365 3985 me
3404 3933 3591 3995 audis;
3633 3934 3720 3985 sed

2151 4035 2352 4095 propter
2374 4024 2570 4077 turbam
2597 4025 2999 4078 circumstantem
3027 4024 3154 4089 dixi,
3199 4034 3251 4077 ut
3276 4026 3478 4078 credant
3515 4024 3631 4091 quia
3666 4033 3721 4076 tu

2150 4131 2230 4168 me
2272 4114 2473 4167 misisti.
2520 4114 2913 4184 lnterrogemus
2941 4129 3067 4182 ergo
3108 4114 3410 4169 haereticum
3443 4113 3554 4185 (a):
3595 4130 3717 4166 num

2152 4221 2245 4271 per
2272 4221 2456 4273 preces
2480 4207 2701 4275 gratiam
2729 4216 3087 4275 consequutus
3111 4215 3375 4261 mortuum
3404 4205 3719 4259 suscitavit?

2152 4296 2416 4364 quomodo
2459 4311 2586 4365 ergo
2626 4297 2726 4349 alia
2778 4297 2893 4351 sine
2946 4296 3190 4364 precibus
3230 4302 3479 4364 operatus
3516 4304 3617 4359 est,
3667 4301 3722 4347 ut

2151 4402 2271 4441 cum
2302 4388 2395 4453 ait,
2423 4386 2535 4440 Tibi
2569 4388 2681 4440 dico
2702 4387 3023 4453 dannonium,
3055 4386 3307 4458 Egredere
3335 4386 3395 4439 ab
3426 4402 3481 4439 eo
3513 4387 3529 4453 (
3556 4385 3719 4438 Marc.

2153 4479 2206 4535 9.
2231 4478 2302 4532 24
2330 4482 2348 4549 )
2378 4494 2393 4544 ;
2424 4486 2497 4545 et,
2539 4477 2684 4542 Volo,
2728 4479 2971 4531 mundare
3000 4478 3175 4548 (Ibid.
3220 4478 3271 4531 1.
3296 4479 3359 4533 41
3386 4480 3404 4547 )
3431 4494 3445 4542 ;
3475 4487 3547 4539 et,
3582 4475 3724 4530 Tolle

2151 4570 2444 4641 grabbatum
2487 4570 2836 4642 tuum(Joan.
2881 4570 2934 4624 5.
2964 4569 3071 4640 9);
3116 4578 3197 4636 et,
3248 4569 3587 4622 Remittuntur
3634 4568 3722 4620 tibi

2155 4674 2356 4733 peccata
2381 4673 2467 4717 tua
2502 4663 2522 4732 (
2548 4663 2728 4716 Matth.
2761 4662 2815 4716 9.
2836 4662 2944 4732 ‘2);
2981 4672 3036 4718 et
3075 4662 3237 4725 mari,
3270 4660 3419 4725 Tace,
3443 4662 3723 4713 obmutesce

2155 4755 2357 4823 (Marc.
2394 4757 2448 4811 4.
2473 4756 2581 4825 59)
2613 4757 2635 4808 ?
2684 4756 2807 4826 quid
2851 4756 2971 4826 plus
3001 4755 3159 4809 habet
3194 4770 3348 4824 quam
3380 4754 3633 4823 apostoli,
3676 4754 3722 4807 si

2154 4857 2209 4902 et
2238 4848 2350 4915 ipse
2390 4848 2634 4917 precibus
2678 4846 2973 4917 operatur?
3013 4847 3123 4901 imo
3152 4863 3218 4901 ne
3253 4849 3351 4915 ipsi
3383 4847 3590 4916 quidem
3630 4861 3723 4914 per

2155 4954 2341 5008 preces
2374 4941 2547 4993 omnia
2585 4939 2886 5003 faciebant,
2916 4939 3009 4993 sed
3041 4954 3181 5008 sarpe
3210 4940 3325 4992 sine
3354 4938 3595 5008 precibus
3627 4952 3723 4991 no-

2156 5030 2298 5084 mine
2332 5029 2457 5083 Jesu
2499 5028 2797 5083 utebantur.
2859 5027 2913 5083 Si
2964 5044 3089 5082 vero
3129 5043 3321 5082 nomen
3364 5027 3477 5096 ejus
3527 5036 3722 5080 tantam

2159 5121 2407 5174 virtutem
2433 5120 2634 5184 habuit,
2664 5120 2927 5190 quomodo
2954 5120 3066 5188 ipse
3100 5119 3341 5189 precibus
3368 5133 3499 5187 opus
3527 5117 3724 5171 habue-

2169 5216 2236 5267 rit
2265 5213 2286 5265 ?
2312 5213 2365 5267 Si
2398 5212 2640 5281 precibus
2668 5213 2917 5282 eguisset,
2951 5212 3103 5279 plane
3126 5226 3316 5264 nomen
3338 5210 3453 5279 ejus
3477 5226 3591 5265 eam
3618 5211 3725 5264 vim

2161 5323 2265 5360 non
2318 5304 2609 5358 habuisset.
2642 5304 2773 5357 Cum
2813 5313 2987 5356 autem
3020 5301 3287 5355 hominem
3330 5300 3491 5366 fecit,
3536 5300 3729 5369 quibus

2155 5407 2237 5452 est
2277 5395 2522 5466 precibus
2561 5411 2687 5450 usus
2716 5396 2739 5447 ?
2767 5411 2940 5449 nonne
2974 5402 3137 5448 multa
3170 5395 3238 5449 ibi
3274 5394 3592 5463 mqualitas?
3622 5393 3727 5445 Γα-

2164 5490 2375 5555 ciamus,
2415 5487 2604 5556 inquit,
2650 5487 2900 5539 hominem
2930 5483 3101 5555 (Gen.
3134 5486 3185 5539 1.
3213 5484 3337 5555 26).
3370 5485 3501 5550 Quid
3547 5495 3726 5538 autem

2159 5754 2206 5802 ιι.
2197 5692 2293 5801 1(a)
2314 5684 2540 5739 Hterctici
2576 5688 2757 5751 quidam
2800 5679 3030 5738 dicebant
3072 5683 3310 5740 Christum
3356 5688 3580 5749 precibus
3606 5702 3735 5749 opus

2258 5766 2363 5802 ere.

2258 5766 2343 5802 ere
2355 5788 2363 5797 .
