4100 6362
299 394 403 448 επις
444 384 449 387 ’

300 506 621 578 ἄγκιστρον
663 509 752 573 είς
781 506 893 574 τὴν
922 509 1275 565 θάλασσαν·
1311 512 1339 565 ὃ
1376 512 1442 584 δὴ
1472 516 1619 567 ποιεῖ
1656 515 1751 569 καὶ
1794 516 1883 567 ἐν·

296 590 492 647 ταῦθα.
509 591 667 645 Μετὰ
694 591 804 663 γὰρ
838 591 898 645 rb
914 595 1088 647 εἰπεῖν
1108 611 1122 623 ’
1161 594 1308 666 Ἐγὼ
1327 596 1497 666 ᾔδειν
1516 598 1607 651 ὅτι
1628 598 1884 653 πάντοτέ

298 691 412 743 μου
437 674 694 740 ἀκούεις,
714 676 1010 755 ἐπήγαγεν
1029 693 1045 708 ο
1065 678 1241 732 Ἀλλά
1259 679 1358 733 διὰ
1381 680 1486 733 τὸν
1515 681 1704 748 ὄχλον
1728 680 1879 755 [τόν]

298 755 659 824 περιεστῶτα
678 754 869 826 εἷπον,
891 760 993 813 ἵνα
1016 763 1409 817 πιστεύσωσι.
1434 762 1527 834 Μὴ
1547 765 1792 837 ἡμέτερα
1814 754 1881 820 τά

301 845 559 913 ῥηματας
595 843 672 915 μὴ
721 844 1025 915 στοχασμὸς
1057 846 1432 916 ἀνθρώπινοςς
1464 847 1635 901 Ὅταν
1674 843 1768 901 οὖν
1798 865 1885 912 τις

298 926 408 979 ἀπὸ
445 926 555 979 τῶν
585 928 989 1000 γεγραμμένων
1034 930 1107 1002 μὴ
1152 931 1413 1003 ἀνέχηται
1452 931 1759 995 πείθεσθαι,
1800 934 1881 988 ὅτι

300 1010 746 1074 ἐσκανδαλίζοντο
790 1012 883 1066 ἐπὶ
923 1015 1037 1078 τοῖς
1080 1014 1327 1085 ὑψηλοῖς,
1362 1013 1576 1068 ἀκούων
1612 1012 1708 1068 τοῦ
1750 1016 1886 1087 Χρι-

303 1093 430 1147 στοῦ
460 1094 706 1163 λέγοντος
733 1094 820 1149 διὰ
849 1095 1006 1149 τοῦτο
1033 1099 1267 1151 ταπεινά
1294 1097 1651 1167 φθέγγεσθαι,
1686 1098 1772 1151 ῖνα
1808 1099 1883 1170 μὴ

303 1177 757 1243 σκανδαλισθῶσι,
787 1177 903 1241 πῶς
930 1178 1113 1231 λοιπὸν
1144 1181 1244 1249 τῆς
1274 1180 1490 1249 φύσεως
1520 1175 1659 1233 εἶναι
1685 1179 1757 1233 τὰ
1790 1181 1882 1233 εὐ-

300 1260 429 1330 τελῆ
449 1272 475 1301 ει
500 1259 830 1313 ὐποπτεύσει
861 1262 1101 1333 ῥήματα,
1127 1262 1261 1315 ἀλλά
1289 1264 1365 1333 μὴ
1388 1261 1881 1331 ωγκαταὸάσεωςς

302 1347 462 1400 Οὕτω
501 1347 596 1401 καὶ
638 1346 874 1418 ἀλλαχοῦ
896 1392 909 1413 ,
943 1348 1127 1418 φωνῆς
1162 1349 1475 1419 ἐνεχθείσης
1501 1348 1727 1414 ἀνωθεν,
1769 1348 1884 1402 ἔλε-

300 1446 430 1499 γεν’
459 1432 542 1484 Οὐ
576 1430 649 1483 δι’
681 1430 786 1499 ἐμὲ
814 1432 853 1499 ἡ
902 1431 1071 1499 φωνὴ
1109 1431 1258 1499 αὓτη
1308 1430 1571 1502 γέγονεν,
1610 1432 1772 1485 ἀλλὰ
1807 1430 1884 1483 δι’

301 1512 477 1584 ὑμᾶς.
509 1513 703 1567 Καίτοι
722 1512 800 1583 τῷ
825 1514 922 1584 μὲν
946 1513 1134 1584 ὑψηλῷ
1158 1513 1334 1580 ἔξεστι
1356 1514 1524 1567 πολλὰ
1545 1515 1671 1583 περὶ
1691 1512 1882 1566 ἑαυτοῦ

300 1597 484 1665 λέγειν
510 1596 771 1650 ταπεινά’
803 1595 882 1666 τῷ
906 1595 962 1648 δέ
987 1596 1226 1667 ταπεινῷ
1250 1599 1311 1650 οὐ
1341 1597 1498 1666 θέμις
1528 1596 1656 1666 περὶ
1687 1594 1881 1649 ἑαυτοῦ

305 1680 450 1750 μέγα
470 1697 522 1733 τι
549 1680 643 1733 καὶ
667 1678 870 1749 ὑψηλόν
897 1678 1253 1748 φθέγξασθαι.
1293 1679 1500 1731 Ἐκεῖνο
1527 1678 1626 1747 μὲν
1650 1678 1758 1747 γὰρ
1778 1675 1886 1729 ἀπὸ

306 1761 767 1831 συγκαταϐάσεως
798 1762 1030 1830 γίνεται,
1073 1763 1167 1816 καὶ
1197 1761 1293 1832 τὴν
1331 1761 1441 1814 τῶν
1484 1759 1885 1829 διδασκομένων

303 1845 586 1899 ἀσθένειαν
620 1846 798 1899 αἰτίαν
826 1845 940 1915 ἔχει
960 1859 977 1873 ”
1016 1845 1215 1914 μᾶλλον
1248 1845 1306 1897 δὲ
1339 1844 1401 1895 τὸ
1434 1844 1652 1910 ἐνάγειν
1683 1845 1763 1904 εἰς
1789 1859 1885 1896 τα-

305 1929 731 1999 πεινοφροσύνην
773 1931 907 2001 ὁρᾷν
946 1927 1009 1989 1),
1057 1929 1151 1981 καὶ
1199 1927 1260 1980 τὸ
1294 1927 1471 1998 σάρκα
1512 1925 1883 1997 περικεῖσθαι,

305 2012 401 2065 καὶ
429 2012 490 2065 rb
529 2013 804 2065 παιδεύειν
836 2014 962 2075 τοὺς
991 2011 1289 2073 ἀκούοντας
1321 2009 1485 2080 μηδὲν
1517 2009 1646 2080 περὶ
1677 2008 1886 2060 ἑαυτῶν

309 2093 452 2162 μέγα
501 2093 677 2147 λαλεῖν
698 2136 712 2157 ,
757 2095 853 2147 καὶ
887 2094 947 2147 rb
984 2091 1301 2164 νομίζεσθαι
1322 2102 1345 2130 ο
1388 2090 1665 2155 ἀντίθεον,
1701 2089 1797 2143 καὶ
1828 2089 1889 2141 τὸ

304 2176 646 2229 ἀπιστεῖσθαι
674 2177 829 2246 ἥκειν
860 2176 1009 2249 παρὰ
1035 2176 1128 2229 τοῦ
1163 2172 1298 2229 Θεοῦ
1319 2215 1334 2239 ,
1373 2176 1468 2228 καὶ
1495 2174 1556 2227 rb
1583 2172 1885 2226 ὑποπτεύε-

308 2259 432 2312 σθαι
461 2259 607 2312 λύειν
636 2260 726 2311 τδν
754 2259 939 2329 νόμον,
969 2259 1141 2312 καὶτὸ
1171 2259 1485 2328 βασκαίνειν
1519 2258 1645 2318 τοὺς
1667 2255 1888 2309 ἀκούον-

307 2360 439 2408 τας,
498 2344 593 2395 καὶ
641 2343 780 2412 πρὸς
831 2342 993 2395 αὐτὸν
1032 2342 1285 2411 ἀπεχθῶς
1330 2339 1637 2394 διακεῖσθαι
1683 2356 1698 2371 ·
1754 2338 1887 2391 διότι

306 2426 492 2495 ἔλεγεν
521 2426 714 2479 ἑαυτὸν
746 2426 856 2478 ίσον
878 2425 956 2497 τῷ
979 2425 1116 2496 Θεῷ·
1151 2426 1213 2479 rb
1234 2426 1291 2479 δὲ
1318 2425 1569 2479 ταπεινὸν
1596 2424 1725 2477 ὄντα
1744 2423 1885 2484 τινὰ,

308 2509 513 2582 ὑψηλόν
546 2528 600 2562 τι
650 2510 780 2579 περὶ
816 2508 1009 2561 ἐαυτοῦ
1044 2509 1244 2577 λέγειν,
1275 2509 1528 2579 οὐδεμίαν
1568 2506 1680 2578 ἔχει
1709 2506 1888 2560 αἰτίαν

308 2592 435 2645 οὔτε
470 2592 689 2661 εὔλογον
711 2590 832 2644 οὐτε
865 2592 1058 2660 ἄλογον
1077 2590 1127 2630 ἀ·
1161 2592 1312 2663 [585]
1355 2592 1469 2645 ἀλλ’
1504 2591 1536 2662 ἤ
1570 2590 1797 2644 ἀπόνοια
1823 2589 1888 2643 ἂν

309 2676 395 2745 εἴη
430 2676 589 2746 μόνον
621 2676 717 2728 καὶ⁸
746 2674 1011 2738 ἀναίδεια,
1042 2677 1135 2728 καὶ
1158 2675 1331 2745 τόλμα
1357 2673 1759 2741 ἀσύγγνωστος.
1795 2672 1891 2724 Τί-

308 2777 399 2821 νος
441 2754 535 2812 οὖν
576 2758 762 2811 ἕνεκεν
806 2758 1038 2811 ταπεινά
1080 2757 1395 2827 φθέγγεται,
1438 2760 1540 2825 τῆς
1572 2757 1887 2828 ἀπορρήτου

309 2844 404 2897 καὶ
442 2843 684 2915 μεγάλης
709 2842 897 2906 οὐσίας
937 2841 1153 2910 ἐκείνης
1187 2840 1299 2905 ὥν;
1332 2841 1454 2893 Τῶν
1484 2857 1543 2893 τε
1583 2840 1889 2913 εἰρημένων

309 2929 518 2995 ἕνεκεν,
548 2928 641 2981 καὶ
663 2926 805 2980 ὥστε
836 2925 911 2997 μὴ
939 2924 1267 2995 νομισθῆναι
1296 2924 1608 2994 ἀγέννητος.
1642 2923 1753 2977 Καὶ
1782 2923 1889 2992 γὰρ

310 3013 521 3077 Παῦλος
553 3012 793 3066 τοιοῦτόν
820 3030 870 3064 τι
900 3012 1149 3079 φαίνεται
1178 3010 1453 3079 φοϐηθείς.
1479 3009 1571 3062 Διὸ
1593 3010 1687 3063 καὶ
1711 3009 1886 3077 ἔλεγε·

309 3097 495 3166 Χωρὶς
538 3095 643 3149 τοῦ
676 3094 1091 3159 ὑποτάξαντος
1124 3092 1286 3159 αὐτῷ
1308 3095 1382 3147 τὰ
1408 3092 1625 3147 πάντα.
1669 3092 1892 3156 Ἀσεϐὲς

311 3180 420 3251 γὰρ
457 3179 615 3233 τοῦτο
647 3179 741 3233 καὶ
776 3177 1121 3247 λογίσασθαι.

381 3262 449 3315 Εἰ
476 3278 539 3332 γε
592 3261 829 3315 ἐλάττων
875 3260 969 3313 τοῦ
1014 3259 1406 3331 γεγεννηκότος
1444 3258 1521 3311 ὣν
1560 3258 1654 3311 καὶ
1697 3258 1892 3329 ἐτέρας

308 3347 521 3412 οὐσίας,
564 3346 678 3409 ἴσος
707 3344 1008 3417 ἐνομίζετο,
1051 3345 1151 3398 οὐκ
1184 3343 1250 3397 ἂν
1276 3338 1368 3396 οὖν
1405 3344 1580 3397 πάντα
1617 3342 1891 3412 ἐποίησεν,

308 3428 450 3483 ὥστε
482 3429 556 3501 μὴ
586 3428 906 3499 νομισθῆναι
934 3428 1129 3493 τοῦτο;
1164 3426 1278 3481 Νῦν
1309 3427 1365 3479 δὲ
1393 3426 1555 3489 αὐτὸς
1584 3426 1894 3478 τούναντίον

311 3516 485 3579 ποιεῖ,
516 3513 691 3581 λέγων
709 3529 722 3543 ·
752 3514 821 3565 Εἰ
851 3512 937 3581 μὴ
965 3512 1113 3567 ποιῶ
1141 3513 1213 3565 τὰ
1242 3511 1386 3580 ἔργα
1410 3511 1516 3564 τοῦ
1543 3509 1895 3579 πέμψαντός

308 3615 407 3668 με,
438 3596 523 3668 μὴ
557 3595 870 3650 πιστεύετέ
892 3613 1012 3665 μοι.
1042 3596 1153 3649 Καὶ
1177 3596 1238 3648 rb
1265 3595 1448 3663 λέγειν
1488 3594 1565 3658 δὲ,
1609 3595 1692 3647 ὅτι
1755 3593 1896 3662 Ἐγὼ

308 3684 378 3736 ἐν
429 3680 510 3746 τῷ
555 3680 737 3749 Πατρὶ
782 3680 881 3733 καί
924 3683 957 3734 ό
1003 3680 1206 3747 Πατὴρ
1238 3679 1308 3732 ἐν
1352 3678 1502 3746 ἐμοὶ,
1533 3678 1632 3747 τὴν
1675 3678 1896 3748 ἰσότητα

310 3765 443 3837 ἡμῖν
462 3763 777 3820 αἰνίττεται.
817 3763 1015 3833 Ἐχρῆν
1035 3762 1093 3816 δὲ
1121 3761 1261 3833 μετὰ
1288 3761 1488 3832 πολλῆς
1512 3760 1645 3814 αὐτὸ
1671 3759 1896 3830 σφοδρό-

311 3867 472 3920 τητος
507 3847 754 3901 καθελεῖν
778 3887 794 3912 ,
840 3847 893 3899 εί
922 3862 985 3914 γε
1023 3846 1447 3917 καταδεέστερος
1483 3840 1573 3914 ἦν,
1601 3843 1697 3898 καὶ
1728 3843 1926 3913 μηδαοί

316 3932 417 4005 μοῦ
448 3932 582 3995 ὅλως
620 3933 813 3995 εἰπεῖν,
844 3930 925 3982 ὃτι
962 3929 1103 3998 Ἐγὼ
1133 3930 1204 3981 ἐν
1232 3927 1313 3993 τῷ
1350 3929 1555 3995 Πατρὶ,
1585 3927 1684 3980 καὶ
1714 3929 1747 3981 ό
1774 3930 1895 3979 Πα-

311 4016 423 4084 τὴρ
454 4016 524 4069 ἐν
559 4014 710 4084 ἐμοὶ,
744 4014 802 4084 ἢ,
831 4015 912 4066 ὅτι
933 4013 1046 4067 "Er
1076 4013 1285 4081 ἐσμεν,
1321 4011 1376 4082 ἢ,
1412 4013 1494 4064 ὅτι
1538 4012 1598 4064 '0
1627 4010 1896 4079 ἑωρακὼς

311 4102 437 4170 ἐμὲ,
465 4099 685 4169 ἑώρακε
728 4098 834 4151 τὸν
864 4099 1112 4165 Πατέρα.
1144 4096 1268 4151 ,Καὶ
1299 4096 1407 4165 γὰρ
1451 4096 1577 4167 περὶ
1615 4096 1896 4165 δυνάμεως

312 4186 402 4238 ὅτε
431 4183 583 4253 λόγος
614 4179 681 4254 ῆν
714 4180 891 4248 αὐτῷ,
933 4180 1119 4248 ἔλεγεν
1142 4195 1155 4209 ·
1207 4178 1356 4247 Ἐγὼ
1388 4179 1487 4231 καὶ
1522 4183 1553 4233 ὀ
1582 4177 1787 4247 Πατὴρ
1828 4178 1898 4231 ἓν

313 4269 519 4335 ἐσμεν.
559 4268 665 4319 Καὶ
698 4267 823 4336 περὶ
856 4264 1104 4329 ἐξουσίας
1137 4264 1226 4316 ὅτε
1267 4262 1425 4331 λόγος
1462 4258 1558 4333 ἦν,
1592 4262 1755 4316 πάλιν
1784 4260 1897 4313 ἕλε-

314 4368 410 4419 γεν
434 4368 449 4381 ’
483 4352 710 4416 ’Ὠσπερ
738 4350 849 4417 γὰρ
892 4351 925 4401 ὁ
967 4346 1171 4415 Πατὴρ
1215 4346 1426 4414 ἐγείρει
1457 4344 1598 4410 τοὺς
1642 4345 1898 4413 νεκροὺς

314 4436 412 4489 καὶ
445 4434 723 4497 ζωοποιεῖ,
754 4434 908 4486 οὕτω
934 4432 1033 4486 καὶ
1063 4437 1097 4485 ὁ
1138 4431 1270 4495 Υἱός
1294 4430 1400 4496 οὓς
1425 4429 1581 4483 θέλει
1612 4428 1893 4488 ζωοποιεῖ·

314 4520 451 4591 ὅπερ
476 4521 535 4572 οὐ
571 4519 794 4571 δυνατὸν
828 4514 895 4587 ἦν
922 4517 1116 4588 ἐτέρας
1143 4514 1271 4569 ὄντα
1315 4513 1503 4577 οὐσίας
1534 4515 1727 4566 ποιεῖν.
1756 4514 1819 4565 Εἰ
1842 4512 1899 4566 δὲ

315 4605 411 4657 καὶ
429 4604 649 4656 δυνατὸν
682 4599 769 4675 ἦν,
798 4604 896 4655 οὐκ
925 4601 1093 4672 ἐχρῆν
1121 4598 1283 4653 τοῦτο
1315 4601 1511 4660 εἰπεῖν,
1537 4598 1634 4675 Δἵνα
1662 4595 1737 4667 μὴ
1767 4598 1899 4649 ὐπο-

316 4687 593 4740 πτεύσωσι
631 4672 758 4758 μίαν
795 4686 887 4739 καὶ
916 4685 1014 4753 τὴν
1055 4684 1224 4755 αὐτὴν
1262 4683 1451 4736 οὐσίαν
1498 4672 1658 4734 εἶναι.
1692 4682 1755 4733 EE
1787 4680 1899 4753 γὰρ

318 4772 404 4824 ἵνα
446 4770 521 4841 μὴ
562 4769 943 4823 ὑποπτεύσωσι
992 4770 1074 4822 ὅτι
1101 4767 1342 4829 ἀντίθεός
1385 4768 1523 4829 ἐστι,
1563 4765 1659 4816 καὶ
1708 4764 1775 4817 τὰ
1823 4763 1897 4834 μὴ

316 4860 661 4925 προσήκοντα
698 4853 846 4924 αὐτῷ
884 4851 1179 4921 φθέγγεται
1219 4850 1499 4911 πολλάκις,
1543 4844 1722 4916 πολλῷ
1766 4848 1900 4916 μᾶλ-

316 4937 406 4990 λον
453 4936 558 4989 ἔδει
600 4938 743 4989 τότε.
785 4936 898 4989 Νῦν
938 4935 997 4989 δὲ
1026 4934 1087 4987 τὸ
1134 4934 1333 5000 λέγειν,
1381 4932 1515 4986 Ἵνα
1543 4928 1755 5000 τιμῶσι
1794 4930 1900 4983 τὸν

324 5022 486 5081 Υἱὸν.
526 5019 719 5085 καθὼς
764 5017 974 5088 τιμῶσι
1015 5018 1123 5072 τὸν
1152 5016 1383 5084 Πατέρα
1408 5032 1421 5044 ·
1456 5015 1549 5067 καὶ
1590 5014 1652 5067 τὸ
1682 5012 1860 5082 λέγειν
1881 5052 1896 5077 ,

323 5106 400 5157 Τὰ
442 5104 584 5171 ἔργα
612 5100 649 5155 ά
680 5101 910 5167 ἐκεῖνος
943 5098 1258 5169 ἐργάζεται.
1287 5097 1447 5168 κάγὼ
1476 5099 1688 5167 ὁμοίως
1718 5095 1896 5149 ποιῶ·

319 5187 414 5239 καὶ
454 5187 514 5238 τὸ
542 5186 719 5254 λέγειν
752 5184 942 5239 ἐαυτὸν
986 5186 1279 5238 ἀνάστασιν
1308 5179 1448 5235 εἶναι
1486 5184 1580 5234 καὶ
1609 5180 1773 5251 ζωὴν,
1806 5181 1899 5234 καὶ

321 5269 438 5339 φῶς
476 5269 571 5322 τοῦ
626 5270 855 5339 κόσμου,
906 5267 1207 5331 ἐξισοῦντός
1252 5268 1368 5319 ἐστι
1423 5266 1501 5334 τῷ
1548 5264 1899 5335 γεγεννηκότι

321 5354 534 5414 ἑαυτὸν,
563 5354 657 5406 καὶ
690 5354 786 5424 τὴν
823 5352 1058 5420 ὑποψίαν
1090 5351 1364 5414 ἱστῶντος,
1403 5351 1469 5419 ἣν
1501 5344 1644 5417 εἶχον
1679 5350 1896 5401 ἐκεῖνοι.

320 5433 475 5499 Εἶδες
504 5436 618 5501 πῶς
645 5437 725 5490 ὅτι
761 5436 859 5507 μὲν
886 5447 910 5475 ο
936 5436 1025 5489 τὸν
1054 5435 1217 5504 νόμον
1243 5434 1303 5487 οὐ
1332 5434 1468 5497 λύει,
1489 5433 1726 5487 τοσαῦτα
1753 5433 1900 5501 λέγει

387 5536 415 5565 ⁸
466 5535 606 5583 Mulli
652 5549 770 5583 mss.
826 5536 898 5582 sic
947 5531 1159 5590 habent,
1209 5532 1321 5579 ὅταν
1361 5532 1451 5593 γὰρ
1502 5530 1596 5578 ἀπὸ
1645 5531 1748 5593 τῶν.
1781 5546 1903 5592 πρα-

321 5601 517 5660 γμάτων
538 5600 804 5658 πεισθῶμεν
828 5596 1313 5660 ὄτι-σκανδαλίζονται
1336 5595 1411 5641 ἐπὶ
1429 5591 1539 5660 ’τοῖς
1571 5591 1790 5660 ὑψηλοῖς,
1820 5591 1901 5660 καὶ

323 5654 465 5715 αὐτὸς
486 5661 618 5720 λέγῃ,
641 5654 825 5706 ὅτίΔιὰ
843 5656 985 5720 τοῦτο
1002 5658 1199 5704 ταπεινὰ
1220 5657 1491 5720 φθέγγομαι,
1505 5655 1583 5702 ἵνα
1601 5655 1663 5720 pg".
1686 5654 1902 5720 σκανδα-

323 5715 632 5776 λισθῶσιξὲίζ
654 5722 719 5769 ἔτι
738 5726 820 5777 τῆς
840 5719 1025 5777 φύσεως
1040 5720 1157 5766 εἶναι
1181 5715 1240 5765 τὰ
1265 5718 1447 5774 εὐτελῆ,
1470 5723 1567 5763 etc.
1606 5715 1609 5716 ⁷
1633 5716 1662 5755 b
1686 5715 1901 5763 Verbum

324 5736 543 5776 λισυωσι,
564 5738 632 5776 τις
654 5736 719 5769 ετι
738 5737 820 5777 της
836 5736 1025 5828 ξυσεως
1040 5736 1157 5766 ειναι
1181 5736 1240 5789 ‘fa
1265 5736 1447 5774 ευτεΛη.
1470 5736 1567 5763 uc.
1636 5736 1662 5755 υ
1695 5736 1713 5757 v
1728 5736 1901 5763 eruum

324 5786 439 5846 ὁρᾷν
465 5789 600 5830 τρειε
630 5784 835 5846 omium
872 5784 984 5829 avil.
1048 5785 1077 5846 f
1107 5781 1207 5829 Alii
1228 5781 1289 5846 μὴ
1314 5779 1597 5846 νομίζεσθαι.
1620 5778 1771 5846 Paulo
1794 5784 1905 5846 post

324 5839 523 5906 qhidam
547 5858 663 5891 ηιμ.
684 5844 764 5890 τὸν
786 5843 930 5904 νόμον
947 5858 956 5866 ·
983 5844 1064 5891 καὶ
1099 5849 1190 5906 τῆν
1209 5839 1303 5906 τῶν
1332 5840 1611 5906 ἀκούοντων.
1624 5839 1903 5906 βασκανίαν,

324 5900 482 5954 καὶτὸ
507 5906 722 5966 λέγεσθαι
744 5900 953 5965 συνεχῶς
986 5906 1033 5952 ἐν
1067 5910 1124 5965 τῇ
1153 5904 1362 5966 Παλαιᾷ,
1388 5901 1560 5966 Κύριος
1592 5900 1761 5966 ὁᾴΘεός
1790 5916 1904 5966 σου,

327 5969 500 6028 Κύριος
523 5950 587 6021 et;
611 5968 735 6014 ἐστι·
758 5950 814 6013 τὸ
835 5950 1266 6028 δ’ἓ-τᾶπεινὸύξείε.
1325 5950 1363 6000 ’τί
1391 5950 1760 6028 Μοξυὶξλαίτίαν,
1775 5950 1906 6028 ac»;

329 6022 472 6079 τοῦτο
516 6029 824 6092 εὐπρόσωπον
890 6039 914 6067 ο
957 6026 1056 6078 Alii
1098 6025 1285 6086 ἐκεῖνοι,
1328 6025 1408 6073 καὶ
1441 6022 1520 6071 νῦν
1538 6024 1589 6073 δὲ
1626 6024 1698 6072 ὅτι
1726 6024 1825 6085 μέν.
1843 6068 1877 6088 ,³η
1924 6088 1929 6093 Ι

1320 398 1386 452 IN
1424 396 1739 454 JOANNEM
1781 399 2013 456 HOMIL.
2057 401 2244 459 LXIV.
2285 404 2358 459 al.
2388 387 2571 460 Lxml

3452 401 3557 458 556

1989 517 2085 571 καὶ
2112 518 2455 587 ἀπολογεῖται
2473 533 2488 548 ο
2522 519 2621 590 τὴν
2644 520 2701 573 δὲ
2725 519 2882 585 δόξαν
2908 518 3006 588 τῆς
3030 517 3272 588 ἰσότητος
3302 522 3401 590 τῆς
3426 520 3563 590 πρὸς

1986 603 2077 656 τὸν
2110 603 2329 674 Πατέρα
2352 604 2413 657 οὐ
2447 603 2607 676 μόνον
2630 604 2689 655 οὐ
2719 604 2992 675 καθαιρεῖ,
3022 602 3158 657 ἀλλά
3184 604 3272 657 καὶ
3309 604 3520 674 ῖστησιν
3546 623 3560 670 ;

1990 686 2147 739 Οὕτω
2194 687 2291 741 καὶ
2329 688 2627 748 εἰπόντων,
2652 685 2734 738 ὅτι
2771 686 3180 754 Βλασφημεῖς,
3235 686 3323 738 ὅτι
3373 685 3564 751 ποιεῖς

1987 773 2252 828 σεαυτόν
2293 774 2473 840 Θεὸν,
2507 771 2617 827 ἀπὸ
2658 771 2758 843 τῆς
2784 772 2893 825 τῶν
2931 772 3106 844 ἔργων
3152 772 3398 843 ἰσότητος
3432 772 3565 824 αὐτὸ

1986 873 2204 928 εστησε.
2592 912 2597 917 ,

2058 938 2122 1008 β’.
2149 940 2256 991 Καὶ
2284 937 2336 991 τί
2355 937 2501 1007 λέγω
2518 937 2603 992 δτι
2631 938 2659 989 ὁ
2684 937 2816 1001 Υἱὸς
2838 936 2999 991 τοῦτο
3027 937 3302 1006 ἐποίησεν,
3332 936 3465 990 ὅπου
3500 953 3563 1004 γε

1984 1022 2079 1074 καὶ
2108 1024 2135 1075 ὁ
2174 1023 2364 1093 Πατὴρ
2395 1024 2421 1074 ὁ
2454 1021 2529 1092 μὴ
2558 1020 2735 1090 σάρκα
2759 1019 2939 1073 λαϐὼν
2964 1019 3025 1073 rb
3053 1019 3185 1073 αὐτὸ
3208 1018 3364 1071 τοῦτο
3384 1021 3560 1071 ποιεῖ.

1984 1105 2095 1158 Καὶ
2142 1104 2249 1176 γὰρ
2283 1104 2304 1143 τ
2344 1105 2439 1157 καὶ
2492 1103 2653 1168 αὐτὸς
2702 1104 2964 1173 ἠνέσχετο
3017 1102 3188 1155 πολλὰ
3226 1103 3355 1172 περὶ
3399 1103 3562 1156 αὐτοῦ

1982 1187 2215 1241 ταπεινά
2245 1187 2502 1259 λεχθῆναι
2534 1187 2622 1239 διὰ
2649 1184 2748 1256 τὴν
2782 1186 3056 1256 σωτηρίαν
3094 1186 3200 1238 τῶν
3230 1186 3557 1242 ἀκουόντων.

1984 1272 2059 1327 Τὸ
2085 1272 2213 1344 γὰρ,
2269 1273 2462 1342 Ἀδὰμ,
2487 1271 2604 1325 ποῦ
2641 1267 2731 1334 sl;
2774 1271 2866 1324 καὶ
2894 1270 2975 1333 rb,
3011 1272 3135 1324 Ἵνα
3171 1270 3311 1339 γνῶ,
3348 1274 3398 1324 ει
3451 1271 3565 1340 ἄρα

1985 1354 2133 1409 κατὰ
2164 1353 2280 1420 τὴν
2320 1352 2592 1422 κραυγὴν
2628 1352 2827 1407 αὐτῶν
2868 1354 3323 1407 συντελοῦνταιθ
3356 1356 3448 1408 καὶ
3481 1356 3561 1420 rb,

1983 1437 2114 1492 Νῦν
2142 1437 2332 1506 ἔγνων
2362 1436 2450 1490 ὅτι
2488 1434 2643 1506 φοϐῇ
2681 1431 2790 1489 τὸν
2831 1436 3115 1490 Θεὸνσύο
3161 1439 3257 1490 καὶ
3299 1436 3377 1500 rb,
3425 1439 3566 1493 Ἐὰν

1985 1521 2099 1588 ἄρα
2130 1522 2438 1574 ἀκούσωσι
2462 1536 2476 1551 ο
2498 1519 2610 1572 ’καὶ
2639 1518 2728 1583 rb,
2781 1518 2923 1571 Ἐὰν
2956 1516 3069 1586 ἄρα
3114 1519 3348 1574 συνῶσι
3368 1536 3382 1549 ·
3433 1522 3527 1573 καὶ
3547 1561 3562 1585 ,

1992 1605 2086 1669 Τις
2139 1602 2317 1656 δώσει
2366 1600 2483 1669 τὴν
2526 1600 2778 1669 καρδίαν
2838 1600 2944 1654 τοῦ
3001 1600 3155 1654 λαοῦ
3201 1603 3415 1656 τούτου
3462 1603 3564 1655 ού-

1985 1704 2098 1754 τως
2153 1683 2344 1751 εἷναι;
2380 1685 2475 1739 καὶ
2528 1684 2591 1738 τὸ
2628 1684 2917 1752 λέγεσθαι,
2974 1686 3097 1737 Οὐκ
3139 1684 3310 1737 ἐστιν
3363 1683 3565 1751 ὅμοιός·

1984 1783 2083 1823 σοι
2132 1769 2202 1821 ὲν
2239 1768 2417 1835 θεοῖς,
2449 1768 2659 1837 Κύριε·
2705 1768 2801 1819 καὶ
2842 1766 3016 1818 πολλά
3062 1766 3223 1835 ἕτερα
3249 1766 3473 1820 τοιαῦτα
3506 1770 3565 1818 ἐν

1985 1855 2049 1921 τῇ
2116 1852 2329 1922 Παλαιᾷ
2377 1851 2430 1904 εἴ
2471 1868 2557 1913 τις
2597 1849 2830 1917 ἐκλέγοι,
2894 1849 3086 1913 ἀνάξια
3130 1852 3229 1919 τῆς
3285 1850 3379 1902 τοῦ
3429 1849 3562 1901 Θεοῦ

1986 1935 2143 2001 ἀξίας
2192 1935 2321 2001 ὄντα
2369 1934 2613 2005 εὐρήσει.
2665 1932 2777 1986 Καὶ
2828 1934 2920 1985 ἐπὶ
2957 1932 3052 1985 τοῦ
3118 1932 3324 2002 Ἀχαάὅ
3376 1932 3433 1985 δὲ
3486 1933 3564 1983 εῖ-

1989 2032 2180 2087 ρηται·
2214 2017 2311 2082 Τίς
2349 2014 2646 2083 ἀπατήσει
2678 2033 2781 2083 μοι
2828 2015 2933 2068 τὸν
2974 2016 3216 2085 Ἅχαά6³;
3244 2015 3353 2068 Καὶ
3389 2016 3448 2066 τὸ
3481 2015 3566 2066 ἀεὶ

1985 2101 2093 2153 τῶν
2123 2100 2452 2172 Ἑλληνικῶν
2475 2100 2611 2154 θεῶν
2642 2100 2781 2155 κατά
2805 2100 3088 2170 σύγκρισιν
3111 2099 3300 2153 ἑαυτὸν
3316 2098 3565 2169 προτιθέ-

1986 2202 2094 2246 ναι,
2112 2185 2289 2238 πάντα
2308 2185 2503 2249 ἀνάξια
2521 2184 2616 2237 τοῦ
2638 2184 2792 2236 Θεοῦ·
2824 2183 2937 2236 ἀλλ’
2964 2183 3162 2252 ἐτέρως
3185 2183 3308 2247 ἄξια
3334 2182 3561 2249 γίνεται.

1987 2268 2098 2322 Καὶ
2112 2267 2220 2340 γὰρ
2245 2267 2387 2320 οὕτω
2406 2269 2431 2308 ⁸
2455 2266 2830 2339 φιλάνθρωπός
2856 2268 3022 2331 ἐστιν,
3043 2266 3117 2329 ὡς
3142 2265 3226 2318 διὰ
3249 2266 3346 2333 τὴν
3367 2264 3569 2335 ἡμετέ-

1970 2367 2087 2427 ,ραν
2122 2351 2396 2422 σωτηρίαν
2427 2350 2522 2403 καὶ
2550 2350 2657 2402 τῶν
2686 2352 2752 2419 τῇ
2780 2349 2905 2418 ἀξία
2934 2348 3098 2401 αὐτοῦ
3125 2349 3438 2418 πρεπόντων
3464 2348 3563 2416 ρη-

1990 2434 2173 2504 μάτων
2207 2434 2501 2503 ὑπεριδεῖν.
2526 2434 2636 2487 Καὶ
2662 2433 2771 2503 γὰρ
2792 2434 2886 2485 καὶ
2913 2431 3043 2485 αὐτὸ
3077 2431 3138 2483 rb
3172 2430 3455 2500 ἄνθρωπον
3483 2447 3567 2495 γε·

1988 2518 2193 2585 νέσθαι,
2227 2516 2374 2589 [584]
2406 2515 2644 2582 ἀνάξιον,
2677 2517 2770 2569 καὶ
2800 2516 2861 2568 τὸ
2895 2516 3080 2568 δούλου
3117 2515 3326 2584 μορφὴν
3358 2513 3562 2570 λαϐεῖν,

1987 2602 2082 2656 καὶ
2105 2600 2336 2655 ταπεινὰ
2359 2599 2689 2670 φθέγγεσθαι
2715 2600 2956 2670 ῥήματα,
2981 2598 3076 2650 καὶ
3100 2597 3329 2649 ταπεινὰ
3350 2613 3416 2647 πε
3427 2597 3567 2665 ριὸε-

1989 2685 2237 2757 ϐλῆσθαι,
2265 2685 2484 2749 ἀνάξιον
2519 2683 2637 2755 μὲν,
2668 2683 2721 2736 εί
2748 2701 2831 2746 τις
2862 2682 2999 2752 πρὸς
3034 2681 3132 2752 τὴν
3161 2681 3316 2745 ἀξίαν
3352 2680 3566 2747 ἐκείνην

1990 2769 2088 2823 ἴδοι
2104 2786 2118 2801 ⁸
2153 2770 2301 2834 ἀξιον
2324 2769 2403 2824 δὲ.
2431 2768 2485 2821 εί
2506 2786 2589 2831 τις
2616 2768 2708 2820 τὸν
2729 2766 2933 2835 ἄφατον
2956 2767 3052 2835 τῆς
3076 2764 3237 2817 αὐτοῦ
3266 2762 3567 2832 φιλανθρω-

1990 2852 2116 2915 πίας
2141 2849 2406 2907 πλοῦτονΙι
2426 2852 2723 2920 λογίσαιτο.
2745 2850 2901 2901 Ἔστι
2921 2848 2977 2900 δὲ
2993 2848 3087 2900 καὶ¹
3105 2846 3265 2917 ἑτέρα
3280 2846 3376 2915 τῆς
3387 2863 3570 2898 ταπει-

1988 2937 2206 3006 νότητος
2226 2938 2335 2989 τῶν
2367 2938 2626 3006 ῥημάτων
2646 2934 2816 2989 αἰτία.
2840 2933 2978 2987 Ποία
2997 2931 3135 3002 αὕτη
3159 2948 3174 2997 ;
3203 2930 3328 2985 Ὅτι
3353 2931 3444 2984 τὸν
3463 2933 3571 3001 μὲν

1989 3021 2210 3091 Πατέρα
2240 3021 2336 3074 καὶ
2367 3021 2564 3091 ᾔδεσαν
2606 3021 2698 3073 καὶ
2742 3018 3056 3088 ὡμολόγουν
3086 3018 3129 3081 ί,
3164 3014 3325 3067 αὐτὸν
3366 3014 3422 3067 δὲ
3469 3015 3572 3067 οὐκ

1988 3103 2202 3174 ᾔδεσαν.
2232 3104 2332 3156 Διά
2366 3102 2524 3157 τοῦτο
2554 3103 2793 3172 συνεχῶς
2826 3102 2912 3153 ἐπ’
2943 3100 3105 3153 αὐτὸν
3132 3097 3464 3165 καταφεύγει
3493 3097 3568 3159 ὼς

1989 3187 2430 3260 ὡμολογημένον,
2462 3187 2557 3241 ara
2579 3187 2741 3249 αὐτὸς
2767 3187 2868 3239 οὐκ
2906 3184 2980 3237 ὣν
3004 3185 3211 3237 οὐδέπω
3235 3184 3568 3249 ἀξιόπιστος.

1991 3273 2066 3325 Οὐ
2087 3271 2238 3343 παρά
2257 3271 2354 3343 τὴν
2380 3271 2585 3325 οἰκείαν
2608 3270 2903 3331 εὐτέλειαν,
2927 3268 3062 3321 ἀλλά
3089 3271 3240 3337 παρὰ
3263 3266 3359 3334 τὴν
3386 3265 3572 3318 ἄνοιαν

1990 3355 2098 3407 τῶν
2143 3356 2447 3408 ἀκουόντων
2477 3355 2571 3407 καλ⁸
2588 3352 2686 3424 τὴν
2717 3352 3017 3406 ἀσθένειαν.
3045 3351 3142 3402 Διά
3174 3348 3329 3400 τοῦτο
3355 3349 3449 3400 καὶ
3483 3346 3574 3399 εῦ-

1991 3456 2146 3513 χεται
2171 3439 2262 3491 καὶ
2291 3439 2464 3507 λέγει’
2503 3438 2714 3506 Πάτερ,
2740 3432 3074 3503 εὐχαριστῶ
3101 3448 3219 3496 σοι,
3263 3431 3351 3484 ὅτι
3385 3428 3574 3499 ἥκου-

1993 3521 2111 3589 σάς
2132 3541 2270 3591 μου.
2313 3523 2376 3575 Εἰ
2408 3521 2516 3593 γάρ
2546 3521 2639 3584 οὓς
2672 3521 2813 3574 θέλει
2867 3518 3145 3583 ζωοποιεῖ,
3181 3516 3275 3569 καὶ
3322 3515 3503 3577 καθὼς
3544 3517 3573 3568 ὁ

1993 3606 2211 3677 Πατὴρ,
2265 3605 2406 3658 οὕτω
2453 3604 2741 3668 ζωοποιεῖ,
2786 3603 2931 3665 τίνος
2984 3601 3169 3654 ἕνεκεν
3229 3598 3570 3668 παρακαλεῖς

2006 3690 2145 3743 Ἀλλ’
2203 3689 2320 3761 ὥρα
2370 3688 2553 3741 λοιπὸν
2604 3690 2684 3751 είς
2730 3686 2862 3740 αὐτὸ
2913 3684 3147 3755 ἐμϐῆναι
3199 3682 3261 3735 rb
3301 3680 3569 3752 χωρίονὶ.

1993 3770 2177 3845 ’Ἦραν
2209 3769 2300 3827 οῦν
2327 3772 2418 3826 τὸν
2449 3773 2614 3835 λίθον,
2647 3765 2709 3825 οὗ
2732 3767 2800 3841 ἦν
2828 3774 2854 3824 ὁ
2882 3766 3161 3836 τεθνηκὼς
3198 3766 3466 3837 κείμενος.
3518 3767 3572 3819 Ὁ

1994 3859 2063 3913 δὲ
2104 3858 2342 3927 Ἰησοῦς
2366 3854 2473 3927 ἦρε
2512 3856 2654 3920 τοὺς
2701 3853 3050 3924 ὀφθαλμοὺς
3083 3852 3227 3914 ἀνω,
3278 3849 3376 3903 καὶ
3408 3845 3569 3903 εἷπε·

1995 3942 2207 4010 Πάτερ,
2232 3939 2567 4010 εὐχαριστῶ
2591 3954 2713 4002 σοι,
2742 3938 2829 3991 ὅτι
2855 3933 3132 4006 ἤκουσάς
3153 3951 3292 4002 μου.
3330 3934 3474 4002 Ἕγω
3506 3931 3575 3984 δὲ

1996 4027 2165 4096 ᾔδειν
2208 4025 2297 4077 ὅτι
2340 4021 2598 4077 πάντοτέ
2634 4039 2755 4089 μου
2788 4021 3028 4085 ἀκούεις
3054 4035 3066 4049 ’
3119 4017 3280 4071 ἀλλὰ
3331 4016 3429 4069 διὰ
3463 4017 3576 4068 τὸν

1997 4111 2185 4177 ὄχλον
2220 4109 2328 4161 τὸν
2373 4105 2739 4174 περιεστῶτα
2788 4100 2981 4164 εἷπον,
3030 4102 3131 4157 ἵνα
3165 4101 3577 4153 πιστεύσωσιν

1995 4195 2085 4248 ὅτι
2125 4193 2206 4247 σύ
2230 4180 2324 4260 ’με
2354 4190 2739 4254 ἀπέστειλας.
2789 4186 3186 4257 Ἐρωτήσωμεν
3232 4179 3325 4236 οῦν
3354 4183 3445 4235 τὸν
3479 4182 3574 4251 μὲν

1996 4280 2267 4352 αίρετικόν
2286 4294 2300 4308 ⁸
2344 4276 2480 4330 Ἀπὸ
2504 4276 2602 4345 τῆς
2631 4274 2795 4344 εὐχῆς
2820 4274 2992 4343 ῥοπὴν
3017 4272 3199 4333 ἔλαϐε,
3238 4272 3331 4324 καὶ
3362 4270 3451 4322 τὸν
3485 4287 3575 4321 νε-

1997 4365 2129 4435 κρὸν
2154 4362 2449 4432 ἀνέστησε;
2482 4359 2599 4422 πῶς
2630 4355 2723 4412 οὖν
2752 4357 2820 4411 τὰ
2849 4357 2979 4411 ἄλλα
3016 4357 3184 4426 χωρὶς
3212 4354 3377 4425 εὐχῆς
3405 4352 3576 4405 ἐποίει

1997 4449 2169 4515 λέγων
2186 4464 2199 4477 ο
2234 4446 2335 4499 Σοί
2361 4444 2534 4513 λέγω,
2554 4443 2619 4496 τὸ
2645 4442 2972 4511 δαιμόνιον,
3001 4439 3212 4504 ἔξελθε
3239 4438 3341 4493 ἀπ’
3367 4435 3576 4499 αὐτοῦ;

1999 4531 2122 4594 καὶ,
2164 4529 2352 4593 Θέλω,
2394 4526 2824 4593 καθαρίσθητι;
2864 4524 2989 4585 καὶ,
3040 4519 3228 4590 Ἀρον
3252 4520 3359 4574 τὸν
3400 4518 3579 4586 κράϐ-

1998 4613 2180 4668 ὅατόν
2203 4626 2355 4673 σου;
2393 4610 2510 4673 καὶ,
2550 4607 2873 4677 Ἀφέωνταί
2896 4621 2997 4659 σοι
3024 4607 3083 4659 al
3112 4602 3388 4674 ἁμαρτίαι
3420 4618 3536 4655 σου
3560 4618 3579 4665 ;

1999 4698 2094 4750 καὶ
2123 4698 2189 4766 τῇ
2232 4693 2495 4764 θαλάσσῃ,
2520 4692 2739 4752 Σιώπα,
2764 4690 3110 4759 πεφίμωσο;
3136 4687 3187 4740 τί
3216 4687 3271 4740 δὲ
3304 4686 3440 4746 ὅλως
3466 4684 3580 4755 ἔχει

1998 4781 2105 4833 τῶν
2135 4777 2450 4832 ἀποστόλων
2501 4775 2684 4837 πλέον,
2731 4775 2873 4842 εἴγε
2916 4773 3008 4826 καὶ
3046 4771 3205 4834 αὐτὸς
3247 4771 3338 4824 ἐπὶ
3371 4766 3582 4839 εὐχῆςι

2000 4867 2174 4930 ποιεῖ;
2226 4862 2438 4917 Μᾶλλον
2490 4860 2546 4913 δὲ
2589 4858 2713 4912 οὐτε
2762 4860 2957 4911 ἐκεῖνοι
3011 4854 3151 4927 μετά
3187 4855 3354 4925 εὐχῆς
3406 4853 3582 4907 πάντα

1999 4950 2246 5011 ἐποίουν,
2296 4945 2432 4999 ἀλλά
2475 4945 2571 4997 καὶ
2608 4944 2777 5014 χωρὶς
2816 4942 2980 5011 εὐχῆς
3014 4939 3275 5002 πολλάκις
3306 4939 3366 4991 τὸ
3409 4938 3583 5006 ὄνομα

1997 5033 2091 5087 τοῦ
2144 5030 2320 5103 Ἰησοῦ
2364 5028 2676 5091 καλοῦντες.
2711 5028 2774 5079 Εἰ
2795 5027 2851 5079 δὲ
2879 5026 2940 5078 rb
2973 5024 3145 5095 ὄνομα
3184 5021 3349 5076 αὐτοῦ
3380 5019 3580 5075 τοσιιιύ⁴

1997 5134 2096 5186 την
2127 5113 2270 5185 εἶχεν
2307 5114 2479 5184 ἰσχὺν,
2515 5111 2633 5175 πῶς
2674 5110 2739 5163 ἂν
2768 5109 2929 5172 αὐτὸς
2958 5108 3121 5178 εὐχῆς
3162 5106 3389 5177 ἐδεήθη;
3430 5105 3490 5158 Εἰ
3521 5102 3582 5158 δὲ

1999 5200 2163 5270 εὐχῆς
2191 5199 2379 5259 ἐδεῖτο,
2414 5198 2515 5250 οὐκ
2549 5195 2616 5249 ἂν
2657 5195 2718 5247 τὸ
2747 5193 2919 5263 ὖνομα
2959 5191 3124 5245 αὐτοῦ
3174 5191 3412 5261 ἴσχυσεν.
3446 5189 3579 5241 Ὅτε

1999 5285 2055 5337 δὲ
2091 5284 2227 5346 ὅλως
2274 5282 2444 5335 ἐποίει
2474 5280 2566 5334 rbv
2600 5279 2911 5349 ἄνθρωπον,
2947 5276 3105 5340 ποίας
3151 5275 3316 5344 εὐχῆς
3348 5271 3575 5343 ἐδεήθη;

1999 5368 2117 5437 οὐχὶ
2144 5366 2403 5435 ὁμοτιμία
2432 5366 2548 5417 ἐκεῖ
2580 5362 2784 5431 πολλή;
2822 5360 3173 5428 Ποιήσωμεν
3216 5357 3358 5427 γὰρ,
3391 5356 3575 5425 φησὶν,

2000 5452 2332 5519 ἄνθρωπον.
2384 5450 2448 5501 Τί
2502 5449 2559 5502 δὲ
2603 5447 3014 5517 ἀσθενέστερον,
3070 5446 3119 5497 εί
3165 5444 3330 5512 εὐχῆς
3371 5441 3574 5507 ἐδεῖτος

2004 5536 2230 5604 Ἴδωμεν
2256 5534 2310 5586 δὲ
2335 5533 2428 5586 καὶ
2458 5533 2542 5595 τίς
2571 5533 2605 5601 ή
2636 5531 2789 5601 εὐχή.
2822 5529 3032 5595 Πάτερ,
3073 5523 3408 5593 εὐχαριστῶ
3438 5540 3571 5589 σοι,

2001 5622 2092 5676 ὅτι
2129 5620 2402 5690 ἤκουσάς
2421 5636 2562 5688 μου.
2608 5616 2705 5681 Τίς
2755 5616 2936 5668 τοίνυν
2973 5611 3144 5673 οὕτως
3170 5608 3376 5680 ηὔξατό
3413 5624 3575 5673 ποτε;

2060 5714 2080 5752 ¹¹
2110 5714 2313 5774 Quidam
2334 5713 2489 5774 σάρκα
2502 5709 2925 5774 περιϐαλόμενοςε..
2955 5703 3200 5774 καὶ-γάρ.-
3222 5704 3271 5774 ..ε
3300 5702 3369 5774 lt_a_
3387 5700 3576 5774 Adprel:

2002 5762 2371 5837 Ξενὶῖξγίνεται,
2397 5762 2468 5837 ὅτι
2502 5762 2810 5837 οὕτωηῐῐιῗςα
2844 5767 3021 5837 Μοικιιζ
3038 5762 3287 5837 {gregem
3328 5762 3482 5837 "Am
3499 5764 3581 5810 καὶ

2004 5825 2137 5887 αὐτό.
2189 5825 2236 5874 Ἰι
2260 5825 2369 5885 Αιὶἴ
2384 5833 2729 5897 φιλανθρωπίας
2748 5832 2925 5897 λὸγκον,
2966 5891 2979 5897 _
3010 5825 3250 5897 [Qui-dan}
3272 5826 3352 5874 καὶ
3372 5825 3582 5897 ἐθαύμα-

2005 5886 2109 5949 σαν.
2185 5902 2198 5949 ι
2236 5898 2346 5946 Mss.
2371 5886 2511 5943 ιὴυιιῑ
2536 5886 2701 5942 λοιπὸν
2717 5886 2935 5948 ἐίςάὐτὸ
2961 5891 3159 5951 ἐμϐῆναι
3190 5889 3245 5937 τὸ
3264 5886 3454 5951 χωρίον.
3484 5886 3582 5951 _Sa-

2004 5947 2278 6010 νὶιξλοιπὸν
2298 5958 2471 6005 ἄνωθεν
2514 5954 2709 6019 ἐξελθεῖν
2744 5947 2801 6003 rb
2832 5970 2902 6015 χ.⁹
2933 5947 3021 6019 σεδ
3053 5947 3584 6019 ορὶῃεζιιῇι-ρεεηάιιηὶ

2013 6009 2124 6073 esse
2152 6020 2424 6077 ἐπεξελθεῖν.
2446 6009 2653 6070 Codices
2672 6030 2785 6067 nus.
2810 6009 3101 6078 s'équimur.‘
3144 6010 3293 6063 iK'Mii
3317 6009 3412 6059 ἀπὸ
3423 6009 3600 6072 εὐχῆς,
