4100 6362
384 441 489 498 557

388 574 673 636 intirmlus,
704 571 748 625 si
787 569 858 623 illi
890 565 1211 638 precandum
1239 564 1382 618 fuit?
1411 561 1513 617 Sed
1545 559 1818 613 videamus
1841 568 1961 623 qua:

388 666 458 719 sit
483 664 654 717 oratio
689 678 702 715 :
747 658 923 721 Pater,
969 658 1163 728 gratias
1198 671 1294 724 ago
1338 652 1446 717 tibi,
1476 652 1595 722 quia
1635 648 1824 702 audisti
1863 662 1961 699 me.

390 756 519 824 Quis
547 766 794 822 umquam
822 751 892 804 ita
921 757 1164 818 precatus
1187 746 1310 801 est?
1335 744 1647 812 Priusquam
1671 738 1799 810 quid
1825 736 1965 791 aliud

392 848 656 915 loquatur,
696 842 845 906 dicit,
878 840 1081 896 Gratias
1122 854 1218 906 ago
1256 838 1365 903 tibi,
1397 834 1683 890 ostendens
1709 847 1767 886 se
1798 830 1969 901 preci-

394 936 491 990 bus
530 951 636 988 non
680 947 861 1004 egere.
909 930 1022 1002 Ego
1059 939 1226 984 autem
1254 925 1469 983 sciebam
1510 926 1627 996 quia
1656 939 1849 993 semper
1891 936 1971 973 me

392 1027 538 1079 audis
566 1028 605 1078 ί.
660 1024 773 1080 Hoc
799 1023 966 1089 dixit,
998 1038 1103 1076 non
1144 1020 1285 1090 quod
1330 1019 1443 1088 ipse
1484 1032 1592 1072 non
1629 1023 1808 1086 posset
1830 1055 1843 1075 .
1875 1011 1968 1066 sed

394 1116 533 1189 quod
584 1132 685 1170 una
726 1126 867 1170 esset
901 1116 1165 1168 voluntas.
1206 1110 1311 1167 Cur
1350 1109 1599 1181 precandi
1638 1108 1803 1161 forma
1844 1122 1972 1160 usus

394 1222 477 1265 est
504 1212 527 1264 ?
553 1210 667 1264 Non
700 1225 805 1273 me,
838 1207 929 1262 sed
958 1207 1104 1260 illum
1134 1205 1397 1258 dicentem
1426 1203 1548 1257 audi
1579 1219 1590 1253 :
1624 1200 1843 1270 Propter
1868 1199 1972 1252 cir-

396 1311 721 1356 cumstantem
752 1299 984 1364 turbam,
1016 1307 1071 1350 ut
1098 1305 1394 1365 cognoscant
1434 1294 1551 1361 quia
1586 1302 1639 1345 tu
1666 1307 1744 1344 me
1769 1288 1969 1342 misisti.

397 1393 514 1448 Non
541 1392 696 1455 dixit,
727 1390 797 1446 Ut
830 1397 1152 1460 cognoscant
1178 1404 1265 1442 me
1297 1387 1556 1440 minorem
1587 1399 1705 1440 esse
1725 1424 1740 1448 ,
1769 1398 1854 1437 me
1879 1397 1972 1437 su-

398 1502 561 1557 perna
595 1487 764 1557 gratia
802 1501 978 1555 egere,
1027 1492 1081 1538 et
1115 1483 1232 1537 sine
1276 1480 1580 1551 precatione
1619 1478 1830 1547 operari
1868 1491 1972 1529 non

401 1594 558 1648 posse
591 1596 605 1641 ;
638 1578 763 1643 sed,
797 1577 928 1644 Quia
958 1587 1013 1630 tu
1054 1592 1133 1629 me
1168 1575 1364 1628 misisti.
1411 1572 1535 1626 Haec
1572 1571 1764 1642 quippe
1796 1569 1972 1623 omnia

403 1670 637 1738 precatio
682 1667 974 1737 signiﬁcat,
1020 1667 1064 1721 si
1108 1666 1418 1735 simpliciter
1458 1664 1604 1718 illam
1631 1662 1973 1730 accipiamus.

401 1757 516 1814 Non
545 1759 699 1825 dixit,
728 1758 913 1813 Misisti
957 1774 1043 1811 me
1069 1757 1357 1820 inlirmmn,
1382 1754 1652 1808 servitutis
1678 1752 1975 1816 conscimn,

403 1852 491 1920 qni
525 1850 655 1904 nihil
686 1866 749 1903 ex
780 1866 865 1904 me
893 1864 1109 1918 possum
1146 1864 1160 1913 ;
1191 1848 1283 1903 sed
1307 1847 1388 1900 bis
1414 1846 1593 1900 missis
1620 1844 1885 1909 omnibus,
1911 1858 1979 1898 ne

402 1943 598 2010 aliquid
644 1943 832 1996 horum
884 1941 1209 2013 suspiceris,
1257 1955 1436 1994 veram
1474 1938 1722 2007 precandi
1762 1951 1978 1991 causam

404 2035 580 2100 allert,
613 2033 690 2089 Ne
732 2050 819 2089 me
866 2034 976 2088 Deo
1016 2031 1375 2087 adversarium
1419 2039 1664 2099 putarent
1693 2044 1708 2094 ;
1737 2043 1804 2083 ne
1832 2028 1981 2082 dice-

406 2135 546 2185 rent.
572 2126 685 2180 Non
709 2136 795 2180 est
832 2141 898 2181 ex
929 2124 1079 2190 Deo;
1112 2133 1169 2177 ut
1197 2122 1474 2178 ostendam
1501 2136 1615 2176 rem
1643 2121 1833 2175 factam
1861 2134 1982 2175 esse

405 2218 695 2274 secundum
740 2218 1069 2272 voluntatem
1112 2226 1296 2280 tuam;
1341 2229 1404 2268 ac
1445 2213 1490 2267 si
1517 2213 1755 2278 diceret,
1783 2213 1840 2267 Si
1872 2212 1983 2266 Deo

406 2313 707 2366 contrarius
732 2326 942 2373 essent,
972 2325 1060 2365 res
1106 2325 1210 2362 non
1255 2306 1620 2378 processisset.
1667 2305 1799 2359 Illud
1833 2319 1980 2369 vero,

410 2402 610 2456 Audisti
655 2418 772 2468 me,
814 2400 975 2454 etiam
1008 2400 1145 2453 inter
1174 2398 1374 2452 amicos
1413 2397 1607 2451 dicitur
1645 2404 1700 2451 et
1726 2395 1980 2465 xequales.

414 2494 522 2565 ligo
552 2503 714 2548 autem
746 2493 957 2546 sciebant
992 2492 1109 2562 quia
1139 2506 1333 2560 semper
1362 2505 1439 2543 me
1462 2488 1608 2543 audis
1632 2504 1652 2553 ;
1682 2486 1733 2543 id
1767 2495 1869 2552 est,
1919 2484 1986 2540 Ut

411 2590 657 2643 voluntas
699 2602 815 2641 mea
860 2585 988 2651 ﬁat,
1016 2602 1121 2639 non
1150 2600 1279 2655 egeo
1308 2583 1585 2654 precibus;
1616 2582 1709 2636 sed
1736 2581 1838 2636 hoc
1867 2581 1988 2635 dico

418 2692 474 2734 ut
505 2681 607 2735 illis
636 2680 888 2735 suadeam
930 2680 1020 2734 tibi
1061 2688 1118 2734 et
1151 2678 1279 2732 mihi
1307 2691 1466 2731 unam
1493 2691 1613 2732 esse
1635 2675 1984 2729 voluntatem.

412 2774 521 2826 Cur
564 2788 692 2842 ergo
740 2772 1018 2842 precaris?
1060 2770 1286 2839 Pr0pter
1326 2770 1567 2823 inﬁrmos
1592 2780 1646 2822 et
1673 2767 1985 2821 crassiores.

414 2865 504 2919 «15.
551 2863 617 2917 Et
659 2880 773 2916 cum
815 2864 922 2916 lucc
952 2862 1176 2923 dixisset,
1208 2860 1441 2913 clamavit
1477 2875 1597 2913 voce
1637 2874 1840 2929 magna.
1884 2854 1992 2911 Cur

419 2973 522 3010 non
550 2956 702 3021 dixit,
735 2955 790 3009 ln
823 2955 1039 3009 nomine
1066 2955 1236 3009 Patris
1262 2955 1365 3009 mei
1394 2953 1514 3008 veni
1543 2952 1687 3007 foras
1714 2952 1737 3006 τ
1765 2967 1861 3007 cur
1883 2966 1991 3006 non

418 3048 569 3113 dixit,
602 3047 809 3103 Suscita
840 3046 1009 3111 illum,
1038 3045 1196 3100 Pater
1221 3046 1244 3098 ?
1271 3044 1365 3100 sed
1394 3045 1478 3099 his
1519 3044 1695 3099 missis
1723 3043 1993 3110 omnibus,

419 3150 801 3210 assumptoque
828 3138 1095 3208 precantis
1120 3137 1321 3203 habitu,
1362 3137 1523 3192 rebus
1546 3136 1674 3205 ipsis
1701 3137 1994 3192 auctorita-

424 3240 529 3283 tum
558 3231 892 3284 demonstrat
915 3229 938 3283 τ
965 3229 1093 3295 Quia
1122 3227 1224 3281 hoc
1250 3226 1525 3297 sapientiae
1546 3241 1656 3281 sua:
1684 3235 1785 3291 est,
1819 3226 1996 3281 verbis

425 3321 816 3386 lmmilitatem,
867 3320 1115 3389 operibus
1163 3321 1449 3387 potentiam
1499 3317 1802 3372 ostendere.
1863 3316 1997 3382 Quia

432 3415 573 3467 enim
596 3413 738 3467 nulla
765 3411 865 3467 alia
895 3411 961 3466 de
992 3426 1049 3466 re
1079 3420 1322 3480 poterant
1353 3409 1499 3463 illum
1536 3422 1810 3473 accusare,
1838 3422 1997 3476 quam

429 3504 570 3575 quod
601 3521 705 3558 non
735 3512 877 3558 esset
901 3518 970 3556 ex
1001 3502 1109 3556 Deo
1129 3539 1145 3566 ,
1167 3510 1220 3555 et
1247 3516 1323 3554 διε
1350 3500 1736 3553 multitudinem
1762 3497 1999 3565 decipie-

429 3596 593 3661 bant;
636 3595 755 3648 ideo
785 3608 851 3648 ex
895 3591 1181 3646 abundanti
1226 3590 1354 3644 illud
1383 3589 1559 3644 verbis
1599 3589 1709 3643 suis
1736 3586 2000 3653 ostendit,

428 3703 493 3742 eo
530 3703 636 3757 quo
681 3684 957 3739 inﬁrmitas
1003 3682 1211 3736 illorum
1256 3682 1496 3751 exigebat
1546 3681 1727 3738 modo.
1784 3680 2001 3734 Poterat

429 3778 571 3835 enim
615 3776 719 3831 alio
753 3775 914 3830 modo
940 3773 1280 3828 concordiam
1320 3772 1607 3827 ostendere
1642 3787 1743 3825 una
1772 3786 1894 3826 cum
1920 3771 2003 3825 di-

431 3872 630 3941 gnitate
677 3884 816 3934 sua;
853 3870 945 3924 sed
992 3884 1058 3923 eo
1109 3868 1259 3922 turba
1311 3866 1592 3935 pervenire
1633 3880 1740 3919 non
1774 3873 2003 3935 poterat.

434 3964 593 4031 Dixit,
626 3964 715 4019 43.
745 3962 960 4028 Lazare,
984 3963 1093 4016 veni
1132 3966 1286 4032 foras.
1319 3960 1431 4015 Hoc
1458 3970 1556 4025 est,
1586 3959 1724 4029 quod
1753 3959 1963 4014 dixerat
1988 3975 2005 4014 :

442 4056 590 4111 Venit
623 4058 769 4123 hora,
799 4056 1000 4127 quando
1027 4054 1211 4108 mortui
1241 4054 1444 4106 audient
1472 4069 1637 4106 vocem
1666 4050 1789 4105 Filii
1819 4051 1931 4116 Dei,
1964 4060 2010 4104 et

435 4153 521 4221 qui
564 4150 857 4215 audierint,
902 4151 1060 4203 vivent
1087 4146 1277 4220 (latnt.
1308 4147 1362 4201 5.
1402 4143 1533 4215 28).
1564 4145 1642 4199 Νε
1676 4154 1826 4214 putes
1868 4143 2010 4197 enim

439 4245 588 4299 illum
619 4243 688 4299 ab
712 4244 883 4298 altero
915 4244 1160 4296 virtutem
1206 4239 1498 4308 accepisse,
1540 4238 1648 4307 jam
1692 4237 1935 4306 superius
1963 4246 2014 4290 te

439 4335 641 4401 docuit,
662 4344 718 4391 et
744 4335 793 4388 id
813 4334 1062 4404 operibus
1089 4330 1337 4387 ostendit.
1354 4330 1466 4383 Non
1488 4328 1639 4391 dixit,
1663 4326 1830 4398 Surge
1853 4344 1868 4394 ;
1897 4326 2011 4393 sed,

451 4427 578 4485 Veni
616 4428 789 4499 foras,
818 4438 1083 4482 mortuum
1117 4436 1381 4496 tamquam
1418 4425 1684 4479 viventem
1712 4423 2011 4492 alloquens.

515 4523 570 4578 5.
611 4520 748 4589 Quid
797 4519 921 4575 huic
968 4519 1213 4589 potestati
1261 4533 1356 4587 par
1404 4515 1787 4583 fueritiQuod
1818 4515 1862 4568 si
1910 4530 2016 4567 non

446 4614 660 4685 propria
708 4614 905 4667 virtute
951 4611 1053 4665 hoc
1097 4608 1242 4672 fecit,
1289 4608 1415 4679 quid
1454 4606 1582 4677 plus
1618 4605 1832 4660 habebit
1860 4618 2016 4674 quam

448 4706 695 4778 apostoli,
729 4704 816 4774 qui
858 4704 1041 4756 dicunt
1070 4718 1085 4754 :
1121 4702 1254 4765 Quid
1292 4700 1434 4753 nobis
1462 4698 1734 4763 attenditis,
1767 4706 2021 4766 tamquam

451 4799 657 4868 propria
698 4797 875 4849 uirtute
918 4804 1003 4847 aut
1053 4793 1238 4865 pietate
1280 4791 1546 4863 fecerimus
1587 4790 1719 4843 hunc
1761 4789 2023 4842 ambulare

452 4890 585 4961 (Act.
617 4885 836 4958 5.12)?
866 4885 994 4939 Nam
1044 4886 1088 4939 si
1135 4900 1236 4936 non
1283 4883 1490 4952 propria
1539 4881 1731 4935 virtute
1776 4879 2019 4943 faciebat,

454 4995 550 5033 cur
579 4994 684 5032 non
714 4977 909 5046 adjecit
936 4976 985 5029 id
1018 4974 1160 5043 quod
1188 4975 1411 5041 apostoli
1450 4974 1515 5026 de
1541 4988 1599 5025 se
1623 4971 1867 5025 dicebant
1896 4972 1918 5024 ?
1954 4972 2025 5025 Ita

453 5079 602 5125 certe
642 5069 717 5124 illi
766 5068 1022 5136 majorem
1064 5064 1449 5135 philosophiam
1494 5073 1547 5118 et
1576 5065 1820 5116 virtutem
1867 5078 2025 5115 exer-

455 5161 684 5224 cuerint,
714 5159 799 5229 qui
828 5158 1046 5228 gloriam
1081 5155 1454 5225 prepulsarint.
1482 5155 1547 5208 Et
1567 5155 1715 5219 alibi,
1747 5151 1875 5217 Viri,
1907 5151 2028 5219 quid

458 5253 566 5305 Ita'c
586 5252 751 5323 facitis
771 5251 796 5305 7
820 5248 1023 5304 Similes
1042 5246 1176 5300 vobis
1197 5248 1419 5299 homines
1438 5263 1605 5299 sumus
1622 5243 1781 5315 (Ibid.
1808 5245 1892 5297 14.
1916 5242 2028 5311 14).

457 5345 594 5400 Num
624 5342 851 5414 apostoli
893 5342 1015 5411 quia
1041 5340 1174 5395 nihil
1203 5354 1296 5409 per
1326 5355 1383 5393 se
1410 5339 1691 5403 iaciebant,
1722 5337 1838 5393 bzec
1877 5337 2030 5391 dixe-

459 5446 617 5502 runt,
649 5444 709 5490 ut
755 5435 856 5490 hoc
891 5434 1061 5504 ipsum
1093 5429 1476 5502 persuaderent
1505 5444 1520 5493 ;
1550 5429 1637 5483 ille
1666 5443 1797 5483 vero
1824 5429 1868 5483 si
1896 5427 2033 5482 hanc

526 5640 542 5669 ί
577 5644 786 5699 Quatuor
818 5641 925 5683 Mss.
949 5632 1135 5682 habent
1157 5644 1227 5699 :___s
1252 5636 1569 5699 (iniecitmtu
1591 5624 1718 5677 enim
1740 5625 1923 5699 volantis
1955 5626 2032 5688 fa-

461 5700 532 5748 ris
549 5688 903 5758 s,'inquit.Qu:e
925 5702 1059 5758 putat
1078 5688 1280 5741 savilius
1299 5688 1540 5758 conjungi.
1552 5700 1693 5758 posse
1713 5700 1820 5756 cum
1844 5688 1904 5737 iis
1923 5700 2033 5750 quae

464 5764 510 5808 in
536 5748 685 5808 texui
702 5748 969 5813 habentut‘,
991 5759 1090 5812 sic,
1121 5763 1262 5820 ¢_Ego
1291 5748 1452 5820 autem
1471 5748 1681 5820 sciebam
1710 5748 1823 5820 quia
1846 5748 2033 5820 semper

463 5836 539 5871 me
562 5821 703 5869 audis
725 5833 737 5867 :
762 5810 1068 5879 qutenmtqne
1079 5810 1223 5879 enini
1232 5815 1333 5864 rato
1351 5820 1401 5863 tu
1423 5811 1559 5879 facis.
1579 5826 1604 5855 ι
1632 5810 1722 5859 sed
1744 5814 1849 5861 sine
1871 5810 2032 5860 Manu-

468 5886 755 5946 scriptorum
776 5874 1061 5931 auctoritate
1079 5877 1194 5929 nihil
1210 5874 1429 5944 iungere
1442 5874 1695 5925 audemus.

1407 424 1473 480 ΙΝ
1511 416 1817 478 JOANNEM
1858 411 2088 469 llOMlL.
2129 410 2311 466 LXIV.
2343 412 2411 464 al.
2452 410 2610 467 LXIII

3553 411 3655 467 55‘!

2069 524 2137 580 de
2164 539 2224 580 se
2263 526 2571 596 opinionem
2603 526 2905 589 habuisset,
2930 542 3105 579 auium
3136 527 3344 581 illorum
3376 530 3650 583 existima-

2073 618 2272 672 tionem
2297 617 2602 682 amovisset,
2627 616 2726 671 nisi
2755 632 2845 669 sua
2868 617 3182 671 anetoritate
3201 628 3454 686 operatus
3476 631 3619 674 esset
3643 622 3658 672 ἒ

2074 708 2257 777 ecquis
2302 709 2402 763 hoc
2434 708 2681 763 dixerit?
2721 708 2877 776 Atqui
2919 717 3099 763 contra
3144 708 3374 777 loquitur
3415 709 3651 765 Christus

2073 797 2258 852 dicens
2282 820 2295 854 :
2322 797 2539 868 PrOpter
2558 800 2958 852 circumstantem
2975 800 3167 851 turbam
3192 801 3318 866 dixi,
3350 812 3404 855 ut
3427 804 3651 857 credant.

2072 886 2257 956 Itaque
2305 890 2349 943 si
2401 889 2789 954 credidissent,
2821 905 2927 944 non
2974 906 3107 960 opus
3154 903 3270 947 erat
3302 896 3567 962 precibus.
3600 896 3653 950 Si

2077 988 2254 1033 autem
2288 982 2492 1049 precari
2529 980 2798 1050 indignum
2833 981 2949 1050 ipso
2986 999 3088 1036 non
3118 994 3249 1043 erat,
3278 1000 3374 1039 cur
3401 987 3502 1041 illis
3534 1004 3653 1042 cau-

2077 1083 2189 1122 sam
2218 1070 2440 1139 imputet
2464 1072 2487 1123 ?
2512 1088 2606 1125 cur
2632 1088 2738 1125 non
2762 1073 2918 1137 dixit,
2951 1073 3014 1130 Ut
3044 1076 3261 1129 credant
3289 1094 3372 1131 me
3403 1095 3503 1132 non
3537 1095 3655 1135 esse

2078 1161 2172 1216 tibi
2223 1164 2479 1231 tequaletn
2509 1163 2533 1216 ?
2561 1164 2841 1233 oportebat
2871 1167 3011 1220 enim
3053 1168 3121 1221 ob
3164 1169 3308 1223 illam
3350 1173 3653 1238 opinionem

2078 1252 2146 1307 ad
2176 1252 2275 1307 hoc
2294 1255 2493 1309 venire.
2516 1254 2622 1308 Sed
2654 1272 2775 1309 cum
2804 1259 2969 1326 legem
2995 1261 3203 1317 solvere
3236 1264 3654 1332 existimabatur,

2079 1343 2186 1398 illis
2229 1344 2359 1397 nihil
2396 1346 2785 1413 prolerentibus
2830 1349 2942 1417 ipse
2984 1350 3180 1405 dictum
3210 1357 3514 1424 expressit:
3544 1357 3659 1413 Νο-

2082 1435 2167 1488 lite
2188 1444 2365 1504 putare
2396 1437 2514 1507 quia
2542 1442 2652 1491 veni
2678 1440 2866 1493 solvere
2888 1442 3045 1512 legem
3067 1443 3279 1512 (Matth.
3304 1448 3357 1501 5.
3385 1450 3451 1503 17
3477 1450 3494 1521 )
3525 1468 3538 1516 ;
3572 1454 3657 1506 hic

2081 1540 2210 1581 vero
2232 1527 2534 1595 opinionem
2562 1531 2755 1584 ﬁrmat.
2784 1530 2840 1585 ln
2868 1547 3092 1599 summa,
3116 1537 3240 1605 quid
3263 1554 3397 1608 opus
3413 1552 3526 1596 erat
3551 1544 3659 1598 circ

2083 1619 2315 1672 coitione
2340 1629 2394 1672 et
2418 1621 2818 1687 :euigmatibus‘?
2846 1625 2987 1677 Satis
3013 1635 3127 1680 erat
3146 1628 3367 1691 dixisse,
3398 1631 3511 1685 Non
3538 1649 3653 1688 sum

2084 1709 2332 1776 mqualis,
2383 1718 2438 1762 et
2478 1726 2589 1763 rem
2642 1713 2869 1767 solvere.
2916 1716 3049 1780 Quid
3095 1734 3221 1788 ergo
3250 1720 3273 1772 ἲ
3299 1737 3474 1776 annon
3506 1725 3657 1790 dixit,

2085 1800 2326 1870 inquies,
2362 1800 2480 1855 Non
2508 1804 2643 1873 facio
2672 1806 2978 1861 uoluntatem
3008 1826 3165 1863 meam
3192 1811 3342 1868 ?Sed
3376 1816 3501 1870 illud
3530 1820 3657 1872 sub-

2087 1891 2314 1945 obscure
2352 1891 2504 1955 dixit,
2536 1904 2590 1947 et
2619 1905 2832 1964 propter
2870 1913 3054 1952 eorum
3096 1901 3531 1973 imbecillitatem,
3568 1924 3662 1963 ea-

2089 1982 2210 2037 dem
2242 1984 2309 2039 de
2335 2000 2519 2053 causa,
2549 2005 2651 2057 qua
2690 1991 2851 2045 etiam
2899 2002 3145 2060 precatus
3178 2006 3278 2051 est.
3321 1998 3455 2067 Quid
3483 2013 3659 2058 autem

2089 2075 2186 2129 sibi
2234 2077 2343 2129 vult
2381 2077 2531 2144 illud,
2564 2080 2815 2143 Quoniam
2859 2085 3047 2137 audisti
3083 2104 3162 2140 me
3189 2089 3217 2143 .7
3244 2089 3356 2145 Hoc
3394 2102 3495 2160 est,
3522 2095 3663 2151 Nihil

2091 2166 2227 2221 inter
2256 2183 2342 2223 me
2370 2180 2424 2224 et
2450 2179 2502 2225 te
2526 2174 2849 2229 contrarium
2888 2186 2989 2231 est.
3018 2175 3471 2244 Quemadmodum
3510 2187 3666 2255 igitur

2089 2256 2242 2327 illud,
2268 2261 2463 2315 Audisti
2488 2279 2584 2331 me,
2607 2280 2713 2318 non
2739 2269 3001 2336 signiﬁcat
3020 2270 3190 2342 ipsqu
3218 2289 3322 2327 non
3345 2291 3500 2345 posse
3520 2278 3664 2350 (nam

2091 2352 2135 2407 si
2168 2353 2270 2409 hoc
2292 2365 2454 2421 esset,
2482 2372 2588 2410 non
2616 2357 2923 2427 impotentia
2945 2364 3140 2431 solum,
3168 2366 3263 2420 sed
3285 2379 3338 2421 et
3370 2370 3665 2439 ignorantia

2094 2456 2258 2510 esset,
2287 2446 2545 2514 siquidem
2577 2459 2702 2502 ante
2739 2453 3094 2519 precationem
3136 2460 3449 2514 nescivisset
3501 2465 3665 2519 Deum

2093 2548 2430 2590 assensurum
2463 2554 2583 2593 esse
2612 2556 2628 2593 :
2657 2542 2701 2594 si
2730 2557 2856 2597 vero
2885 2544 3180 2616 ignorabat,
3210 2553 3477 2620 quomodo
3502 2556 3663 2621 dixit,

2104 2625 2246 2680 Vada
2271 2636 2325 2680 ut
2364 2631 2598 2683 suscitem
2637 2635 2804 2688 eum?
2845 2651 2945 2689 nec
2983 2638 3150 2703 dixit,
3188 2640 3330 2697 Vado
3360 2657 3668 2713 precaturus

2096 2718 2330 2785 Patrem,
2359 2732 2416 2777 ut
2441 2724 2659 2780 suscitet
2685 2726 2846 2802 cum)
2889 2745 2903 2782 :
2934 2733 3399 2806 quemadmodum,
3432 2741 3668 2812 inquam,

2096 2812 2198 2867 hoc
2237 2828 2343 2868 non
2379 2815 2791 2886 imbecillitatis,
2821 2821 2915 2876 sed
2945 2828 3245 2882 concordia:
3266 2841 3349 2884 est
3379 2847 3394 2896 ;
3423 2835 3499 2887 sic
3524 2845 3578 2889 et
3604 2835 3670 2889 il-

2097 2906 2447 2996 lnd,‘Semp_er
2470 2926 2547 2964 me
2559 2911 2726 2965 audis.
2749 2914 2853 2968 Ant
2879 2916 2979 2972 hoc
3004 2918 3308 2989 dicendum,
3337 2934 3427 2978 aut
3455 2941 3674 2996 respon-

2097 2990 2348 3059 dendum,
2384 2994 2496 3049 hmc
2528 3006 2743 3066 propter
2764 2999 2973 3055 illorum
3004 3004 3308 3071 Opinionem
3328 3009 3466 3064 dicta
3491 2990 3671 3068 fuisse.

2101 3086 2253 3152 Quod
2298 3090 2341 3143 si
2373 3106 2473 3145 nec
2513 3091 2809 3161 ignorabat,
2856 3108 2954 3149 nec
2999 3096 3295 3153 imbecillus
3340 3110 3475 3168 erat,
3506 3103 3673 3172 palam

2101 3189 2181 3232 est
2210 3179 2357 3233 illum
2390 3182 2510 3236 ideo
2540 3182 2763 3238 humilia
2790 3184 2949 3239 verba
2986 3186 3257 3256 quuutum
3287 3191 3468 3257 luisse,
3512 3204 3569 3247 ut
3594 3196 3676 3250 vel

2103 3285 2165 3324 ex
2198 3271 2484 3343 hyperbole
2504 3277 2692 3332 credas
2711 3289 2764 3333 et
2784 3278 3025 3335 conﬁteri
3063 3284 3268 3353 cogaris
3288 3326 3303 3350 ,
3344 3287 3457 3341 hinc
3482 3288 3682 3346 dixisse

2108 3361 2250 3415 illum
2282 3378 2385 3418 non
2415 3367 2705 3421 secundum
2733 3367 3043 3437 dignitatem
3070 3387 3240 3441 suam,
3264 3376 3358 3430 sed
3389 3380 3681 3435 secundum

2108 3454 2522 3511 imbecillitatem
2562 3458 2883 3516 auditorum.
2929 3462 3065 3528 Quid
3101 3479 3229 3532 ergo
3265 3468 3413 3520 aiunt
3446 3470 3682 3525 veritatis

2106 3542 2291 3600 bosms
2321 3547 2344 3599 ἲ
2370 3547 2484 3601 Νοη
2518 3549 2581 3603 ad
2615 3550 3030 3608 imbecillitatem
3064 3554 3362 3610 auditorum
3392 3559 3545 3623 dixit,
3578 3562 3685 3615 Au-

2109 3638 2225 3690 disti
2272 3654 2395 3703 me;
2443 3641 2537 3694 sed
2582 3653 2639 3696 ut
2680 3645 2985 3700 ostenderet
3016 3648 3445 3714 praacellentiam.
3489 3652 3685 3708 Verum

2110 3728 2211 3784 hoc
2257 3746 2359 3785 non
2405 3743 2519 3787 erat
2560 3736 2971 3802 przecellentiam
3019 3738 3421 3808 demonstrare,
3466 3745 3557 3800 sed
3589 3747 3686 3801 ad-

2111 3822 2327 3876 modum
2366 3823 2632 3879 humiliter
2679 3832 3266 3903 agere,ostendereque
3313 3851 3371 3890 se
3402 3837 3532 3892 nihil
3575 3840 3691 3910 plus

2112 3927 2270 3980 quam
2313 3912 2582 3970 hominem
2636 3916 2851 3973 habere.
2880 3918 3011 3974 Nam
3056 3926 3258 3991 precari
3305 3944 3409 3981 nou
3450 3939 3532 3983 est
3561 3931 3681 3995 liei,

2116 4020 2215 4058 nec
2240 4006 2353 4074 ejus
2378 4006 2468 4076 qui
2497 4007 2545 4061 in
2571 4009 2759 4063 eodem
2777 4010 2923 4065 sedet
2953 4012 3106 4066 solio.
3136 4014 3324 4070 Viden‘
3343 4020 3479 4072 nulla
3507 4022 3606 4075 alia
3624 4022 3691 4075 de

2116 4111 2274 4150 causa
2316 4098 2379 4152 ad
2411 4098 2509 4154 hoc
2534 4104 2773 4166 venisse,
2808 4105 2905 4158 nisi
2948 4117 3166 4175 propter
3194 4124 3377 4164 eorum
3406 4112 3682 4168 increduli-

2120 4190 2326 4243 tatem?
2365 4192 2738 4248 Animadverle
2762 4210 2889 4265 ergo
2920 4212 3034 4252 rem
3067 4198 3236 4267 ipsam
3266 4201 3383 4272 ejus
3408 4207 3695 4259 auctorita-

2120 4287 2228 4334 tem
2277 4282 2566 4339 testiﬁcari.
2598 4284 2848 4352 Vocavit,
2879 4297 2934 4341 et
2976 4289 3174 4358 prodiit
3205 4303 3447 4348 mortuus
3483 4296 3693 4364 ligatus.

2123 4372 2257 4427 llinc
2283 4388 2350 4427 ne
2380 4373 2650 4429 videretur
2676 4392 2759 4430 res
2784 4393 2905 4432 esse
2933 4381 3245 4448 phantasma
3289 4385 3307 4453 (
3332 4400 3451 4439 nam
3485 4390 3699 4456 prodire

2122 4462 2341 4533 ligatum
2374 4481 2478 4518 non
2507 4467 2685 4522 minus
2704 4470 3073 4525 admirandum
3101 4473 3399 4540 videbatur,
3427 4493 3584 4548 quam
3610 4496 3700 4534 re-

2124 4554 2401 4627 surgere),
2427 4556 2593 4612 Jussit
2619 4561 2741 4613 solvi
2772 4562 2935 4629 illum,
2970 4573 3027 4615 ut
3062 4573 3338 4634 tangentes
3363 4580 3412 4622 et
3443 4572 3701 4626 acceden-

2127 4657 2206 4702 tes
2229 4649 2468 4705 viderent
2491 4667 2613 4706 vere
2644 4652 2789 4707 illum
2817 4670 2957 4713 esse.
2983 4656 3049 4710 Et
3073 4657 3226 4724 dixit,
3253 4661 3340 4715 44.
3372 4662 3535 4718 Sinite
3558 4665 3706 4719 illum

2127 4740 2281 4793 abire.
2311 4740 2496 4796 Viden'
2518 4758 2675 4813 quam
2705 4746 2995 4802 sit'ahenus
3014 4765 3044 4802 a
3070 4750 3206 4803 l'astu
3235 4752 3258 4805 ‘i
3284 4752 3399 4807 Non
3424 4755 3566 4811 ducit
3583 4774 3706 4813 cum

2129 4846 2333 4896 secum,
2368 4850 2539 4905 neque
2565 4839 2711 4906 sequi
2740 4854 2798 4892 se
2819 4839 2991 4907 jubet,
3021 4857 3088 4897 ne
3114 4843 3355 4898 videatur
3384 4861 3503 4902 sese
3524 4860 3709 4904 osten-

2131 4933 2288 4979 tare:
2322 4934 2464 4980 tanta
2512 4929 2758 4983 utebatur
2808 4931 3086 4985 modestia.
3128 4933 3345 5005 Signum
3389 4948 3591 4994 tantum
3624 4943 3710 4997 alii

2134 5016 2484 5083 mirabantur,
2513 5019 2599 5071 alii
2629 5019 2913 5075 Phariszeis
2952 5026 3351 5082 nuntiaverunt.
3384 5030 3520 5096 Quid
3556 5034 3713 5101 igitur

2135 5107 2398 5163 illi?Cum
2429 5110 2607 5164 mirari
2637 5122 2691 5165 et
2716 5113 3094 5183 obstupescere
3122 5120 3468 5186 Oportuissct,
3491 5124 3709 5176 consul-

2136 5206 2249 5253 tant
2274 5210 2330 5253 ut
2360 5202 2503 5256 illum
2549 5202 2889 5269 interﬁciant,
2915 5206 3004 5276 qui
3038 5218 3304 5263 mortuum
3334 5213 3626 5266 suscitavit.
3670 5214 3714 5267 0

2136 5291 2489 5359 insipientiam
2523 5294 2538 5349 !
2588 5293 2721 5347 Eum
2764 5295 2936 5364 quiin
2983 5298 3102 5353 aliis
3144 5302 3455 5369 corporibus
3486 5311 3710 5357 mortem

2138 5391 2510 5450 superaverat,
2535 5386 2691 5439 morti
2719 5400 2777 5440 se
2804 5387 3090 5443 tradituros
3114 5406 3231 5445 esse
3258 5391 3529 5460 putabant,
3551 5402 3604 5447 et
3634 5393 3713 5447 di-

2137 5481 2299 5535 cunt,
2351 5473 2439 5526 47.
2477 5474 2613 5539 Quid
2651 5477 2898 5541 facimus,
2940 5480 3059 5547 quia
3090 5481 3168 5532 hic
3198 5482 3347 5533 homo
3378 5484 3534 5535 mttlta
3570 5483 3716 5554 signa

2140 5564 2259 5635 facit
2284 5564 2312 5619 2
2339 5563 2620 5620 Hominem
2669 5566 2817 5621 illum
2849 5570 3024 5623 adhuc
3066 5580 3288 5636 vocant,
3319 5572 3410 5641 qui
3460 5574 3600 5627 illius
3638 5575 3721 5629 di-

2141 5654 2374 5709 vinitatis
2416 5664 2612 5710 tantam
2653 5670 2975 5728 acceperant
3019 5661 3548 5717 demonstrationem.
3582 5665 3718 5731 Quid

2141 5742 2398 5816 facimus?
2420 5748 2651 5805 Credere
2675 5753 2976 5819 oportebat,
3001 5753 3170 5823 ipsum
3193 5754 3370 5809 colere
3391 5763 3446 5809 et
3466 5756 3715 5824 adorare,

2142 5855 2315 5911 neque
2360 5842 2588 5911 amplius
2630 5846 2898 5901 hominem
2935 5846 3264 5903 existimare.
3297 5848 3386 5903 48.
3418 5848 3478 5905 Si
3508 5849 3716 5905 dimitti-
