4100 6362
431 358 538 417 359

431 494 545 529 mus
561 492 674 529 eum
696 474 793 542 sic,
814 473 1005 527 venient
1033 471 1272 536 Romani,
1299 480 1344 525 et
1371 472 1546 525 tollent
1569 480 1763 541 gentem
1790 478 2014 523 nostram

435 576 479 620 et
522 567 790 619 civitatem.
820 564 957 630 Quid
980 564 1152 618 facere
1179 562 1476 617 deliberant
1504 563 1521 594 ¹
1544 564 1568 616 ?
1597 562 1852 630 Populum
1878 576 2011 615 cou-

429 660 598 714 citare
624 659 839 722 volunt,
870 666 925 710 ut
955 656 1372 724 periclitaturam
1403 656 1473 710 ob
1503 654 1800 726 tyrannidis
1838 654 2011 722 suspi-

428 751 660 805 cionem.
688 749 744 804 Si
784 748 992 803 discant
1038 748 1258 801 Romani
1292 748 1464 815 ipsum
1503 748 1866 817 circumagere
1897 757 2010 799 tur-

426 841 570 909 bam,
600 857 699 896 nos
722 850 995 910 suspectos
1022 840 1314 906 habebunt,
1363 851 1417 895 et
1461 841 1677 896 venient
1714 841 2007 908 tollentque

427 946 664 990 nostram
709 934 997 988 civitatem.
1046 932 1155 987 Cur
1195 933 1423 1002 quznso?
1472 948 1601 987 num
1649 931 2003 987 defeetionem

423 1024 649 1079 docebat
678 1024 701 1077 ?
728 1037 906 1077 nonne
927 1022 1145 1090 jubehat
1178 1024 1430 1076 tributum
1459 1022 1586 1076 dare
1624 1020 1866 1076 Caesari?
1906 1036 2003 1074 an-

368 1114 371 1115 ⁷
424 1130 531 1170 non
554 1129 675 1169 cum
698 1115 845 1168 illum
868 1129 1049 1183 regem
1073 1114 1246 1168 facere
1262 1112 1542 1179 volebatis,
1564 1111 1805 1183 aufugit?
1824 1127 2001 1167 annon

426 1207 586 1261 vilem
616 1215 671 1261 et
689 1206 802 1260 sine
829 1205 968 1259 fastu
1001 1206 1161 1259 vitam
1187 1205 1435 1271 ducebat,
1464 1204 1582 1261 sine
1604 1204 1765 1259 domo
1803 1212 1859 1258 et
1883 1205 2001 1259 aliis

422 1299 725 1371 huiusmodi
752 1300 775 1353 ?
803 1300 926 1353 Hmc
950 1299 1217 1363 dicebant,
1251 1314 1357 1353 non
1389 1306 1708 1361 metuentes,
1730 1296 1823 1351 sed
1855 1297 2000 1350 invi-

422 1392 632 1447 dentes.
679 1391 873 1445 Verum
906 1391 955 1445 id
999 1392 1256 1459 contigit,
1301 1389 1444 1459 quod
1475 1390 1694 1444 minime
1722 1398 2001 1457 exspecta-

422 1483 580 1547 bant,
609 1494 664 1539 et
692 1495 901 1553 gentem
940 1491 994 1538 et
1027 1483 1212 1537 urbem
1244 1490 1495 1548 ceperunt
1521 1522 1536 1542 ,
1566 1480 1686 1549 quia
1725 1479 1996 1534 Christum

422 1578 521 1646 ipsi
552 1578 878 1633 occiderant.
910 1575 1077 1630 Erant
1116 1584 1264 1645 gesta
1314 1574 1458 1628 illius
1506 1573 1686 1642 procul
1716 1572 1859 1626 omni
1907 1586 1997 1625 su-

418 1672 678 1740 spicione.
707 1669 836 1723 Nam
867 1668 956 1738 qui
983 1682 1156 1736 aegros
1184 1666 1404 1720 sanabat
1430 1706 1445 1730 ,
1478 1666 1566 1734 qui
1593 1664 1850 1733 optimum
1873 1664 1995 1717 vita:

418 1765 709 1818 institutum
757 1762 997 1827 docebat,
1034 1770 1088 1816 et
1116 1759 1438 1829 principibus
1465 1773 1649 1827 parere
1670 1756 1915 1825 jubebat,
1950 1756 1995 1810 is

417 1874 519 1909 non
564 1856 864 1919 allectabat,
895 1854 985 1907 sed
1017 1844 1354 1922 propulsabat
1386 1850 1735 1922 tyrannidem.
1782 1851 1883 1913 At,
1914 1850 1994 1902 in-

415 1951 637 2017 quiunt,
671 1948 721 2001 id
762 1963 825 2001 ex
858 1945 1223 2013 snperioribns
1248 1942 1631 2012 conjectamus.
1665 1940 1862 1994 Verum
1891 1941 1991 2009 ipsi

415 2038 771 2092 defectionem
801 2036 1082 2097 docebant,
1131 2050 1285 2087 secus
1331 2034 1440 2085 ille.
1490 2031 1678 2085 Viden’
1719 2032 1805 2085 illa
1850 2030 1988 2083 dicta

416 2130 807 2183 sinmlationem
840 2126 1051 2181 fuisse?
1093 2126 1225 2192 Quid
1258 2126 1399 2179 enim
1440 2124 1612 2177 simile
1660 2122 1990 2177 exhibebat?

413 2238 536 2275 num
564 2220 879 2274 satellitibus
917 2218 1255 2286 stipabatur?
1302 2233 1423 2269 num
1460 2230 1652 2269 currus
1698 2214 1989 2269 trahebat?

409 2328 585 2367 annon
615 2312 927 2366 solitudines
956 2311 1136 2364 obibat
1164 2310 1187 2363 ?
1214 2308 1319 2364 Sed
1353 2325 1419 2363 ne
1448 2309 1754 2362 viderentur
1780 2308 1893 2362 huic
1919 2323 1985 2362 ex

408 2405 567 2458 animi
612 2404 692 2458 sui
736 2402 922 2456 inorbo
954 2401 1152 2459 dicere.
1200 2402 1468 2453 civitatem
1499 2409 1660 2452 totam
1698 2399 1979 2467 periclitari

407 2497 605 2559 dicunt,
636 2505 689 2549 et
718 2493 1021 2562 reipublicae
1050 2491 1269 2547 insidias
1302 2492 1493 2559 parari,
1524 2505 1686 2560 seque
1714 2490 1781 2544 de
1805 2501 1984 2545 extre-

406 2590 506 2641 mis
535 2599 790 2641 metuere.
835 2585 948 2639 Non
990 2584 1103 2638 hinc
1142 2585 1292 2636 vobis
1334 2584 1652 2652 captivitatis
1678 2599 1836 2637 causa
1869 2582 1977 2639 fue'

404 2689 564 2743 runt;
595 2678 689 2733 sed
732 2677 814 2732 his
855 2679 1141 2738 c0ntraria,
1174 2686 1228 2730 et
1258 2676 1392 2729 hanc
1419 2686 1472 2729 et
1502 2675 1900 2747 Bahylonicam.
1929 2685 1985 2730 et

404 2772 547 2825 illam
591 2788 709 2842 qua:
751 2772 848 2826 sub
892 2769 1153 2825 Antiocho
1182 2769 1401 2838 contigit
1446 2779 1768 2837 pepererunt
1817 2786 1832 2822 :
1876 2783 1980 2822 non

401 2864 543 2934 quod
573 2864 710 2932 apud
741 2878 835 2917 vos
868 2864 957 2916 Dei
986 2861 1219 2917 cultores
1261 2868 1459 2917 essent.
1492 2859 1585 2913 sed
1611 2859 1751 2927 quod
1798 2857 1980 2926 injusti

401 2968 457 3013 et
486 2958 651 3012 Deum
684 2958 953 3011 irritantes
982 2972 997 3021 ;
1026 2955 1127 3008 hoc
1156 2968 1250 3007 vos
1279 2951 1531 3022 prodidit.
1556 2951 1753 3005 Verum
1785 2950 1977 3021 hujus-

399 3049 539 3102 modi
568 3064 651 3103 res
677 3059 756 3102 est
788 3048 979 3101 invidia
1013 3065 1027 3102 :
1054 3045 1183 3099 nihil
1208 3046 1459 3099 decorum
1488 3044 1615 3097 sinit
1661 3043 1861 3108 videre,
1882 3060 1977 3097 ex-

401 3151 597 3195 caecata
626 3137 794 3194 semel
837 3139 1034 3191 animo.
1068 3137 1251 3191 Nonne
1284 3137 1438 3189 mites
1472 3150 1590 3189 esse
1619 3134 1863 3189 Christus
1890 3134 1979 3188 do-

398 3234 543 3289 cuit?
566 3248 741 3287 nonne
767 3232 933 3300 alapis
956 3246 1126 3285 cmsos
1148 3230 1198 3283 in
1221 3230 1460 3294 dextera,
1482 3229 1704 3282 alteram
1726 3226 1977 3282 vertere?

399 3340 574 3379 nonne
618 3323 810 3392 injuria
838 3322 1059 3377 allectos
1090 3322 1320 3375 tolerare
1348 3320 1371 3373 ?
1415 3336 1593 3374 nonne
1620 3319 1879 3389 majorem
1908 3318 1975 3373 ad

398 3420 533 3471 mala
577 3416 840 3485 patienda,
873 3430 1033 3484 quam
1074 3414 1162 3467 alii
1194 3414 1260 3468 ad
1290 3414 1431 3469 mala
1460 3412 1701 3468 facienda
1734 3415 1972 3467 animum

396 3510 699 3565 exhibere?
748 3510 991 3562 llaeccine
1040 3507 1369 3578 tyrannidem
1398 3504 1749 3562 alfectantis?
1794 3521 1972 3560 annon

398 3604 571 3673 potius
594 3600 954 3670 [impulsantis
986 3599 1010 3651 ?

466 3696 520 3750 4.
564 3694 758 3748 Verum
784 3734 798 3754 ,
833 3703 888 3744 ut
915 3691 1022 3745 dixi
1045 3734 1058 3755 ,
1091 3691 1266 3760 gravis
1295 3698 1375 3745 est
1407 3689 1602 3744 invidia
1623 3731 1638 3752 ,
1666 3698 1722 3745 et
1749 3689 1972 3743 simula-

391 3788 538 3841 tione
566 3786 739 3854 plena.
774 3784 897 3837 Hmc
921 3783 1104 3837 orbem
1157 3783 1451 3836 innumeris
1505 3782 1741 3850 implevit
1769 3781 1922 3835 malis
1952 3799 1969 3838 :

395 3878 554 3945 hujus
592 3876 761 3929 morbi
803 3889 992 3939 causa,
1027 3873 1133 3927 reis
1162 3883 1215 3927 et
1244 3874 1414 3927 noxiis
1440 3873 1721 3927 tribunalia
1753 3872 1971 3942 replen-

394 3979 479 4023 tur
511 3988 522 3998 ·
570 3968 693 4023 hinc
726 3966 897 4020 oritur
940 3966 1120 4035 gloriae
1152 3976 1207 4019 et
1250 3965 1591 4035 pecuniarum
1632 3980 1805 4030 amor,
1850 3964 1973 4020 hinc

390 4078 543 4115 amor
574 4061 898 4129 principatus
918 4100 932 4122 ,
969 4059 1090 4111 hinc
1118 4059 1363 4123 superbia
1398 4076 1412 4111 :
1446 4057 1568 4112 hinc
1598 4059 1698 4111 viae
1726 4060 1972 4114 scelestis

390 4152 713 4213 latronibus,
758 4166 905 4204 mare
951 4150 1131 4217 piratis
1163 4148 1439 4202 infestatur
1472 4168 1483 4200 :
1519 4151 1643 4204 hinc
1669 4150 1846 4204 caades
1875 4166 1971 4220 per

388 4243 597 4307 orbem,
642 4242 765 4295 hinc
808 4256 974 4311 genus
1016 4251 1253 4295 nostrum
1293 4241 1632 4309 discerpitur.
1660 4241 1965 4309 Quodcum-

388 4351 493 4405 que
520 4336 713 4388 malum
746 4335 925 4398 vides,
973 4335 1095 4388 inde
1128 4334 1480 4401 proficiscitur
1513 4352 1527 4388 :
1558 4333 1661 4388 hoc
1696 4335 1748 4388 in
1784 4335 1969 4390 Eccle-

389 4428 497 4480 sias
539 4426 752 4495 irrepsit
793 4444 804 4478 :
845 4424 946 4479 hoc
976 4425 1178 4493 jamdiu
1225 4427 1499 4479 innumera
1539 4428 1746 4494 peperit
1778 4429 1963 4480 mala:

384 4532 623 4572 amorem
652 4517 890 4585 pecunia:
917 4516 1111 4586 ubique
1136 4515 1336 4569 induxit
1371 4535 1385 4570 :
1420 4516 1504 4570 hic
1536 4517 1752 4570 morbus
1776 4528 1965 4572 cuncta

384 4609 663 4671 subvertit,
692 4608 948 4677 justitiam
980 4608 1216 4675 eorrupit
1248 4606 1433 4676 (Dona
1457 4609 1597 4662 enim
1620 4650 1633 4669 ,
1660 4609 1850 4678 inquit,
1882 4626 1967 4661 sa-

384 4701 628 4769 pientium
667 4702 839 4753 oculos
879 4710 1165 4766 exca‘cant,
1208 4712 1254 4753 et
1309 4711 1564 4769 tamquam
1617 4706 1813 4771 [renum
1852 4704 1962 4769 ori,

383 4802 610 4843 avertunt
639 4793 976 4860 correptiones
1006 4790 1191 4865 [Eccli.
1209 4790 1299 4846 20.
1322 4790 1450 4864 51])
1478 4811 1490 4845 :
1525 4793 1625 4846 hoc
1654 4810 1838 4847 servos
1870 4810 1964 4863 pro

384 4882 569 4936 liberis
603 4881 728 4936 facit
771 4899 785 4935 :
825 4882 892 4936 de
932 4882 1032 4936 hoc
1075 4882 1314 4951 quotidie
1362 4882 1695 4948 disserimus,
1740 4898 1793 4939 et
1833 4887 1963 4940 nihil

384 4973 710 5043 proficimus.
748 4973 897 5029 Feris
930 4973 1138 5044 pejores
1167 4973 1447 5032 efficimur.
1479 4976 1797 5043 pupillorum
1827 4978 1963 5031 bona

381 5066 650 5134 rapimus,
700 5063 888 5118 viduas
934 5064 1193 5118 nudatuus
1216 5107 1230 5127 ,
1260 5078 1526 5134 pauperes
1558 5064 1799 5119 laedimus
1821 5107 1837 5132 ,
1883 5084 1962 5122 va:

446 5200 460 5230 ³
488 5196 583 5247 Alli
606 5197 790 5247 habent
813 5209 827 5246 :
852 5196 975 5257 Quid
996 5202 1067 5246 est
1090 5196 1217 5259 quod
1242 5195 1399 5245 volunt
1422 5194 1586 5245 dicere
1610 5195 1635 5245 ?

1172 354 1229 412 S.
1263 355 1538 412 JOANNIS
1562 353 2034 411 CHRYSOSTOMI
2072 354 2386 413 ARCHIEP.
2429 359 2960 422 CONSTANTINOP.

2120 482 2284 538 super
2306 486 2386 525 va:
2410 474 2711 542 adjicimus.
2754 477 2840 531 Va:
2859 481 3014 546 mihi,
3037 482 3156 551 quia
3174 484 3329 552 periit
3350 486 3462 553 pius
3482 487 3545 540 de
3563 499 3696 544 terra

2120 560 2308 627 (Mich.
2355 563 2409 616 7.
2456 563 2535 632 2).
2577 566 2827 623 Nostrum
2870 571 2981 639 jam
3020 582 3104 626 est
3146 573 3363 643 lugere;
3411 577 3518 631 imo
3567 579 3695 634 illud

2116 653 2353 721 quotidie
2390 655 2698 713 dicendum.
2728 659 2871 714 Nihil
2900 664 3165 730 precando
3194 666 3534 735 proﬁcimus,
3566 672 3692 727 nihil

2114 760 2184 799 ex
2214 748 2454 803 consiliis
2482 761 2537 803 et
2561 752 2777 806 monitis
2808 752 3078 809 lucramur
3105 774 3120 810 :
3153 767 3317 812 restat
3346 770 3403 814 ut
3432 762 3693 834 lacrymas

2111 836 2415 894 fundamus.
2465 842 2594 896 Illud
2620 852 2675 898 et
2702 842 2946 901 Christus
2975 847 3097 902 fecit
3128 867 3142 902 :
3170 866 3289 905 cum
3327 854 3491 909 multa
3533 855 3688 911 Jero—

2112 928 2335 998 Solymis
2358 934 2558 988 monita
2587 934 2842 998 dedisset,
2872 952 2991 993 cum
3018 938 3070 993 id
3097 940 3199 995 illis
3226 941 3356 997 nihil
3386 946 3684 1014 prodesset,

2108 1035 2296 1075 eorum
2331 1022 2546 1078 deflevit
2581 1028 2896 1083 cazcitatem.
2932 1028 3044 1084 Hoc
3064 1040 3117 1085 et
3142 1034 3415 1103 propheta:
3440 1036 3638 1092 faciunt
3669 1055 3683 1090 :

2108 1110 2213 1167 hoc
2253 1121 2309 1169 et
2351 1131 2450 1170 nos
2484 1133 2627 1173 nunc
2673 1118 2946 1176 faciamus.
2976 1122 3387 1194 Lacrymarum,
3430 1127 3682 1196 ﬂetuum,

2107 1206 2339 1275 ejulatus
2375 1225 2517 1265 nunc
2557 1220 2765 1281 tempus
2792 1222 2895 1269 est.
2924 1216 3234 1285 Opportune
3258 1218 3500 1276 dicamus
3527 1238 3541 1274 :
3579 1222 3679 1276 Vo-

2107 1306 2219 1351 cate
2242 1298 2465 1369 lugentes
2491 1302 2755 1368 mulieres,
2794 1314 2840 1357 et
2877 1305 2945 1357 ad
2982 1308 3233 1375 sapientes
3271 1309 3484 1377 mittite,
3522 1321 3568 1365 et
3602 1314 3680 1365 lo-

2104 1399 2324 1454 quantur
2363 1387 2508 1458 (Jer.
2556 1390 2609 1445 9.
2652 1392 2782 1463 17).
2813 1394 2901 1449 Sic
2931 1396 3065 1451 forte
3095 1400 3387 1467 poterimus
3439 1402 3677 1457 morbum

2104 1479 2317 1547 abigere
2344 1495 2527 1534 eorum
2564 1483 2653 1551 qui
2694 1484 2836 1538 aedes
2872 1486 3180 1555 splendidas
3209 1499 3561 1557 construunt,
3589 1494 3678 1563 qui

2102 1584 2165 1624 ex
2195 1571 2376 1639 rapina
2399 1587 2557 1641 agros
2583 1574 2682 1628 sibi
2712 1588 3043 1646 comparant.

2174 1664 2393 1730 Quinam
2413 1666 2513 1719 sint
2536 1684 2647 1721 vere
2673 1668 3211 1743 lugendi.—Lugendi
3229 1684 3435 1745 tempus
3450 1686 3529 1731 est
3550 1695 3564 1732 :
3582 1679 3675 1732 sed

2100 1770 2307 1809 mecum
2351 1772 2445 1812 vos
2485 1759 2661 1828 lugete
2690 1763 2776 1831 qui
2810 1763 3011 1830 nudati,
3038 1767 3129 1836 qui
3158 1768 3266 1821 hesi
3292 1771 3422 1823 estis
3452 1788 3463 1822 :
3497 1781 3675 1825 vestro

2100 1846 2261 1901 luctui
2293 1848 2555 1920 lacrymas
2583 1868 2730 1909 meas
2762 1855 2989 1924 jungite.
3035 1857 3228 1912 Verum
3266 1877 3369 1914 non
3411 1876 3536 1927 nos,
3578 1862 3672 1916 sed

2097 1937 2215 1992 illos
2240 1938 2511 2009 lugeamus
2536 1960 2551 1995 :
2578 1958 2680 1997 non
2713 1960 2806 1999 vos
2833 1945 3105 2012 laeserunt,
3133 1949 3230 2005 sed
3257 1951 3355 2005 sibi
3382 1954 3669 2021 perniciem

2097 2027 2406 2083 intulerunt.
2444 2031 2547 2085 Vos
2570 2034 2714 2087 enim
2746 2050 2839 2104 pro
2867 2036 3058 2106 injuria
3089 2038 3230 2094 illata
3263 2056 3482 2110 regnum
3509 2044 3671 2097 caelo-

2095 2132 2212 2170 rum
2253 2117 2488 2181 habetis:
2518 2123 2591 2176 illi
2634 2138 2732 2192 pro
2772 2126 2923 2181 lucro
2960 2128 3277 2197 gehennam.
3322 2131 3446 2186 ldco
3484 2136 3670 2189 melius

2094 2218 2174 2263 εει
2204 2209 2323 2263 lmdi
2345 2251 2361 2275 ,
2392 2228 2549 2281 quam
2577 2214 2794 2270 laedere.
2824 2216 3120 2288 Lugeamus
3148 2236 3272 2288 eos,
3304 2238 3409 2276 non
3440 2224 3669 2277 humano

2093 2297 2259 2365 luctu,
2290 2302 2383 2355 sed
2420 2318 2485 2357 ex
2514 2303 2708 2359 divinis
2733 2306 3023 2377 Scripturis
3060 2309 3363 2381 desumpto,
3402 2330 3506 2384 quo
3548 2330 3669 2384 pro-

2093 2394 2264 2461 phetae
2287 2393 2553 2449 luxerunt.
2584 2397 2790 2453 Acerbe
2814 2414 2933 2453 cum
2956 2400 3087 2457 lsaia
3117 2402 3414 2473 lugeamus,
3444 2416 3498 2460 et
3526 2407 3668 2461 dica-

2092 2498 2210 2538 mus
2255 2500 2269 2535 :
2336 2484 2420 2538 Vw
2460 2489 2875 2559 conjungentibus
2910 2491 3114 2546 domtln
3164 2493 3366 2561 domui,
3402 2506 3448 2549 et
3490 2515 3667 2567 agrum

2088 2592 2212 2647 agro
2239 2578 2625 2648 adiicientibus,
2654 2589 2765 2634 uta
2801 2583 2963 2636 vicino
2991 2585 3184 2655 aliquid
3219 2591 3489 2656 auferant,
3521 2606 3667 2641 num-

2087 2670 2209 2739 quid
2229 2672 2512 2726 habitabitis
2532 2674 2629 2726 soli
2648 2674 2701 2727 in
2723 2676 2897 2729 terra?
2922 2675 3113 2730 Domus
3136 2695 3333 2748 magnae
3351 2690 3395 2732 et
3418 2682 3660 2749 pulchrte,

2087 2774 2134 2816 et
2161 2781 2261 2817 non
2287 2775 2429 2818 erunt
2455 2767 2540 2835 qui
2568 2767 2622 2820 in
2651 2767 2723 2821 eis
2750 2767 2971 2822 habitent
3014 2768 3167 2838 (lsai.
3200 2773 3254 2828 5.
3286 2772 3339 2828 8.
3367 2783 3411 2825 et
3440 2774 3515 2836 9).
3558 2775 3664 2828 Lu-

2084 2870 2304 2923 geamus
2326 2872 2446 2911 cum
2473 2857 2747 2925 Nahumo,
2779 2868 2834 2915 et
2872 2877 2993 2916 cum
3025 2862 3114 2915 illo
3153 2863 3390 2919 dicamus
3412 2907 3426 2930 ,
3465 2865 3552 2920 Va:
3578 2870 3663 2930 qui

2084 2946 2304 3013 ludiﬁcat
2343 2949 2397 3000 in
2434 2948 2597 3002 altum
2638 2951 2845 3004 domum
2887 2969 3032 3006 suam
3071 2952 3205 3023 (Jer.
3253 2955 3343 3008 22.
3378 2956 3465 3027 l3)
3501 2976 3513 3010 :
3557 2960 3661 3012 imo

2085 3038 2358 3109 lugeamus
2386 3041 2520 3105 illos,
2546 3051 2605 3096 ut
2633 3051 2758 3100 tunc
2776 3042 3020 3099 Christus
3040 3045 3271 3110 Judaeos,
3302 3057 3355 3102 et
3382 3049 3619 3105 dicamus
3642 3069 3657 3104 :

2091 3133 2181 3189 γω
2206 3134 2342 3189 vobis
2378 3135 2638 3201 divitibus,
2680 3137 2799 3205 quia
2838 3138 3029 3191 habetis
3056 3140 3328 3193 mercedem
3369 3152 3581 3195 vestram
3613 3152 3660 3195 et

2081 3230 2471 3283 consolationem
2517 3230 2537 3300 (
2554 3228 2682 3284 Lac.
2712 3228 2765 3285 6.
2793 3228 2921 3302 24).
2953 3230 3041 3286 Sic
3063 3272 3078 3295 ,
3111 3248 3292 3302 quzeso
3312 3275 3327 3298 ,
3358 3249 3456 3288 nos
3482 3235 3659 3304 lugere

2082 3338 2186 3375 non
2226 3322 2543 3376 desistamus
2580 3342 2594 3376 :
2628 3332 2681 3376 et
2710 3322 2808 3376 nisi
2840 3332 2991 3394 turpe
3022 3325 3123 3386 sit,
3157 3325 3465 3395 plangamus
3498 3344 3659 3396 super

2080 3413 2303 3468 fratrum
2336 3415 2632 3484 segnitiem.
2666 3414 2743 3469 Ne
2783 3414 3060 3485 lugeamus
3097 3415 3207 3486 jam
3246 3429 3533 3483 mortuum,
3565 3418 3656 3471 sed

2079 3517 2371 3575 raptorem,
2403 3521 2654 3571 avarum,
2686 3508 3029 3576 pecuniarum
3062 3516 3361 3574 amantem,
3389 3510 3656 3563 insatiabi-

2079 3596 2205 3651 lem.
2232 3594 2340 3650 Cur
2366 3608 2606 3652 mortuos
2633 3599 2890 3668 lugemus,
2925 3599 3073 3653 nullo
3097 3599 3303 3655 fructu?
3331 3602 3435 3655 llos
3474 3602 3656 3672 lugea-

2076 3703 2217 3753 mus,
2262 3688 2351 3758 qui
2394 3690 2583 3742 mutari
2618 3700 2862 3760 possunt.
2887 3690 3080 3745 Verum
3133 3694 3285 3747 nobis
3329 3694 3651 3762 lugentibus,

2076 3780 2175 3847 ipsi
2216 3778 2442 3835 fortasse
2481 3780 2675 3835 rident.
2720 3783 2790 3835 At
2834 3781 2937 3836 hoc
2974 3798 3186 3853 quoque
3228 3783 3370 3838 luctu
3406 3784 3653 3855 dignum,

2075 3871 2198 3941 quia
2221 3872 2395 3926 rident
2420 3871 2489 3926 de
2513 3872 2705 3941 quibus
2727 3872 2908 3943 lugere
2932 3883 3222 3942 oporteret.
3246 3876 3299 3930 Si
3325 3874 3448 3930 ﬂetu
3471 3885 3656 3932 nostro

2076 3973 2443 4025 moverentur,
2473 3961 2790 4017 cessandum
2829 3979 2857 4015 a
2896 3963 3041 4017 luctu
3081 3974 3259 4030 esset,
3291 3981 3413 4020 cum
3441 3966 3516 4021 illi
3541 3967 3651 4036 jam

2074 4053 2140 4106 ad
2181 4052 2608 4107 emendationem
2650 4062 2931 4123 pergerent
2982 4073 2995 4108 :
3035 4069 3222 4110 verum
3262 4057 3382 4125 quia
3421 4057 3497 4111 illi
3538 4058 3655 4112 sine

2074 4160 2234 4198 sensu
2266 4143 2441 4212 supini
2467 4142 2666 4212 iacent,
2698 4159 2796 4197 nos
2822 4143 3000 4198 flendo
3028 4145 3407 4214 persistamns,
3436 4162 3540 4200 non
3572 4146 3653 4199 di-

2073 4237 2210 4290 vites
2250 4244 2449 4288 tantum
2474 4276 2488 4299 ,
2528 4235 2621 4290 sed
2655 4236 2817 4290 etiam
2855 4237 3093 4303 pecunia:
3134 4247 3410 4303 amantes,
3441 4253 3648 4293 avaros.

2072 4329 2188 4384 Non
2238 4327 2391 4381 mala:
2433 4336 2559 4381 sunt
2596 4327 2815 4392 divitiae,
2839 4330 3035 4398 quippe
3058 4328 3251 4398 quibus
3277 4339 3334 4383 ut
3357 4345 3450 4399 par
3470 4340 3552 4385 est
3574 4331 3651 4385 uti

2074 4434 2357 4490 possumus
2402 4418 2454 4473 in
2502 4433 2790 4488 egenorum
2833 4434 3022 4483 usum;
3066 4420 3162 4475 sed
3201 4421 3427 4476 avaritia
3453 4423 3648 4477 malum

2072 4519 2190 4575 est,
2242 4523 2363 4579 quae
2409 4518 2607 4563 aeterna
2660 4510 2797 4578 parit
2844 4509 3124 4579 supplicia.
3168 4511 3464 4581 Lugeamus
3497 4528 3643 4583 ergo.

2073 4603 2234 4657 Forte
2256 4602 2500 4671 quaedam
2531 4610 2783 4671 sequetur
2804 4602 3127 4657 emendatio.
3157 4602 3215 4657 Si
3241 4605 3330 4673 qui
3361 4606 3415 4658 in
3444 4605 3544 4659 hoc
3571 4606 3652 4659 in-

2070 4695 2253 4750 cidere
2291 4693 2487 4748 malum
2521 4708 2627 4747 non
2666 4703 2937 4757 eruantur,
2971 4694 3059 4748 alii
3088 4692 3227 4749 forte
3253 4694 3350 4748 sibi
3381 4696 3650 4749 cavebunt

2072 4804 2139 4842 ne
2168 4788 2220 4842 in
2250 4787 2479 4856 idipsum
2509 4787 2761 4842 incidant.
2795 4786 2949 4841 Faxit
2980 4787 3119 4842 Deus
3145 4799 3199 4841 ut
3226 4798 3279 4842 et
3308 4788 3381 4842 illi
3405 4806 3435 4843 a
3464 4791 3649 4845 morbo

2072 4880 2385 4943 liberentur,
2421 4887 2476 4933 et
2517 4892 2676 4931 nemo
2702 4888 2942 4933 nostrum
2980 4878 3033 4931 in
3072 4878 3219 4932 illum
3254 4879 3470 4946 incidat,
3512 4888 3567 4935 ut
3596 4881 3646 4934 in

2070 4970 2337 5026 communi
2366 4985 2552 5024 omnes
2582 4971 2838 5039 promissa
2865 4986 3255 5040 consequamur
3282 4972 3447 5042 bona,
3479 4975 3645 5041 gratia

2068 5075 2122 5117 et
2158 5063 2484 5132 benignitate
2514 5063 2720 5117 Domini
2752 5064 2915 5117 nostri
2944 5062 3070 5118 Jesu
3097 5063 3318 5131 Christi,
3367 5066 3452 5120 cui
3480 5067 3647 5136 gloria

2069 5156 2121 5209 in
2154 5156 2348 5209 saecula
2380 5155 2718 5208 smculorum.
2747 5156 2940 5209 Amen.

3271 5318 3641 5336 *—

1718 5378 2062 5440 HOMILIA
2103 5380 2296 5441 LXV.

380 5479 509 5537 Car.
556 5480 642 5534 ll.
672 5494 724 5531 ν.
757 5478 844 5533 49.
902 5475 1045 5533 Unus
1082 5488 1249 5529 autem
1290 5493 1352 5530 ex
1392 5476 1495 5530 illis
1541 5477 1761 5548 Caiplms
1785 5522 1798 5545 ,
1845 5498 1959 5534 cum

450 5580 576 5625 esset
623 5570 854 5639 pontifex
898 5569 1020 5622 anni
1068 5568 1226 5630 illius,
1274 5569 1400 5621 dixit
1442 5568 1512 5623 eis
1559 5585 1578 5623 :
1630 5569 1729 5624 Vos
1763 5572 1960 5625 nescitis

451 5663 760 5731 quidquam,
786 5659 873 5716 50.
915 5677 1005 5713 nec
1051 5660 1281 5730 cogitatis
1318 5660 1437 5729 quia
1480 5663 1682 5730 expedit
1723 5664 1877 5728 vobis,
1906 5672 1961 5716 ut

450 5773 585 5809 unus
610 5756 858 5821 moriatur
882 5754 1030 5806 homo
1059 5770 1148 5822 pro
1175 5754 1362 5823 papula
1383 5793 1396 5818 ,
1425 5762 1531 5808 etc.

453 5852 506 5909 ί.
548 5848 734 5916 Inﬁma:
758 5859 872 5902 sunt
896 5856 1063 5916 gentes
1089 5848 1141 5902 in
1165 5848 1367 5903 interitu
1386 5890 1401 5918 ,
1433 5865 1579 5918 quem
1605 5852 1828 5922 fecerunt
1858 5866 1877 5905 :
1907 5851 1960 5905 in

2075 5482 2249 5550 laqueo
2275 5483 2401 5548 isto,
2442 5500 2588 5551 quem
2612 5484 3001 5551 absconderant,
3042 5488 3426 5556 comprehensus
3459 5498 3532 5543 est
3562 5507 3651 5557 pes

2065 5591 2238 5629 eorum
2268 5575 2437 5649 (Psal.
2469 5576 2523 5633 9.
2556 5578 2668 5646 16).
2708 5577 2821 5633 Hoc
2860 5578 3060 5633 Iudaeis
3087 5581 3325 5650 contigit.
3357 5580 3459 5650 Ipsi
3493 5598 3645 5635 nam-

2064 5682 2168 5737 que
2204 5667 2484 5732 dicebant,
2514 5668 2863 5723 occidendum
2889 5684 3011 5725 esse
3038 5670 3252 5739 Jesum,
3295 5688 3361 5727 ne
3403 5674 3644 5729 venirent

2065 5758 2311 5824 Romani,
2341 5770 2394 5815 et
2429 5761 2679 5817 tollerent
2717 5762 2953 5831 ipsorum
3000 5772 3213 5833 gentem
3249 5774 3303 5820 et
3345 5763 3640 5820 civitatem.

2062 5851 2349 5923 Postquam
2390 5862 2570 5910 autem
2614 5854 2926 5911 occiderunt
2966 5869 3124 5924 eum,
3166 5857 3280 5913 haec
3306 5873 3445 5929 pass:
3469 5866 3639 5914 sunt:
