4100 6362
353 341 464 402 359

363 463 644 533 Ῥωμαῖοι,
683 465 1112 526 ὑποπτεύσουσιν
1136 475 1316 546 ἡμᾶς,
1349 479 1454 541 καὶ,
1475 480 1809 544 ἐλεύσονται,
1843 487 1937 538 καὶ

353 547 670 636 καθελρῦσξν
704 551 1191 636 ἡμῶνοτὴνρόλιν.
1225 560 1633 636 Τίνοςμένεκεη
1669 566 1790 618 εἰπέ
1823 583 1934 636 μοι’

360 616 439 706 μή
473 616 958 706 γὰρ-ἀποστασίαν
996 626 1304 694 ἐδίδασκενς
1342 616 1442 683 ἆύκ
1474 616 1939 706 ἐπέτρεψε

355 698 536 788 δοῦναι
583 701 852 774 Καίσαρι;
904 708 1023 778 οὐχὶ
1063 709 1287 779 βασιλέα
1334 715 1494 766 αὐτὸν
1547 698 1940 788 ποιῆσαι-ἠθε-

355 781 588 852 λήσατε,
623 787 718 838 καὶ
758 787 988 857 ἐφυγεν;
1023 791 1142 863 οὐχὶ
1169 794 1260 846 τὸν
1292 795 1480 867 εὐτελῆ
1515 800 1610 852 καὶ
1649 781 1938 870 ἀπέριττον

359 867 703 953 ἐπεδείκνυτο
755 870 868 940 βίον
891 886 941 937 ι,
996 877 1135 945 μήτε
1185 877 1364 932 οἰκίαν
1414 880 1573 950 ἔχων,
1627 867 1773 953 μήτε.
1813 882 1968 938 ἄλλο¹

358 948 467 1002 τῶν
497 953 750 1007 τοιούτων
777 955 963 1022 οὐδέν;
998 958 1180 1012 Ταῦτα
1205 961 1302 1030 μὲν
1330 958 1423 1015 οῦν
1445 948 1657 1033 ἔλεγον,
1683 948 1743 1019 οὐ
1769 985 1938 1038 προσ·

357 1031 640 1120 δοκῶντες,
663 1036 799 1120 ἀλλά
823 1038 1223 1107 βασκαίνοντες.
1260 1045 1448 1116 Ἐξέϐη
1469 1047 1524 1099 δέ
1547 1031 1639 1102 καὶ
1669 1049 1743 1120 μὴ
1772 1031 1940 1119 προσ-

356 1115 636 1169 δοκώντων
658 1119 855 1185 αὐτῶν,
892 1124 984 1175 καὶ
1021 1125 1080 1176 τὸ
1111 1124 1262 1190 ἔθνος
1300 1129 1394 1181 καί
1419 1115 1514 1200 τὴν
1544 1115 1698 1184 πόλιν
1726 1115 1937 1193 ἔλαϐον,

360 1197 787 1285 ἐπειδὴῌάνεῖλον
825 1205 1006 1261 αὐτόν.
1057 1208 1165 1261 Καὶ
1215 1211 1323 1281 γὰρ
1369 1197 1556 1283 πόρρω
1597 1215 1776 1285 πάσης
1836 1217 1942 1268 ὐπ-

359 1285 522 1354 οψίας
548 1281 616 1356 ἦν
646 1286 714 1340 τά
741 1290 1018 1359 γινόμενα.
1038 1292 1096 1345 Ὀ
1124 1291 1232 1363 γὰρ
1266 1281 1491 1366 ἰώμενος
1515 1281 1822 1364 νοσοῦντας,
1847 1299 1941 1352 καὶ

359 1366 580 1438 ἄριστον
630 1370 896 1424 διδάσκων
947 1373 1080 1443 βίον,
1117 1376 1207 1428 καὶ
1243 1376 1469 1446 ἄρχουσι
1509 1380 1794 1434 πείθεσθαι
1821 1384 1940 1435 ἐπι-

359 1453 588 1512 τάττων,
654 1453 774 1523 οὐχὶ
819 1457 1112 1524 τυραννίδα
1159 1460 1414 1529 συνίστη,
1471 1460 1607 1514 ἀλλὰ
1657 1463 1935 1516 κατέλυεν.

372 1533 512 1586 Ἀλλ’
554 1534 665 1588 ἀπὸ
685 1534 792 1588 τῶν
823 1537 1101 1610 προτέρων
1135 1541 1528 1612 στοχαζόμεθα,
1565 1545 1750 1613 φησίν.
1802 1547 1940 1598 Ἀλλ’

361 1616 558 1670 ἐκεῖνοι
604 1617 941 1672 ἀποστασίαν
980 1621 1257 1676 ἐδίδασκον
1280 1637 1293 1650 '
1329 1618 1480 1688 οὗτος
1517 1625 1573 1678 δὲ
1607 1627 1935 1682 τούναντίον.

372 1700 535 1770 Ὁρᾷς
565 1703 648 1754 ὅτι
684 1703 970 1774 ὑπόκρισις
1012 1700 1081 1775 ἦν
1108 1708 1177 1760 τὰ
1208 1706 1512 1776 λεγόμενα;
1569 1709 1635 1762 Τί
1681 1709 1790 1781 γὰρ
1838 1713 1937 1763 ἐπ-

363 1785 599 1849 εδείξατο
625 1786 898 1854 τοιοῦτον;
949 1789 1276 1859 δορυφόρους
1331 1790 1620 1855 σοϐοῦντας
1664 1795 1935 1864 ἐπήγετο;

363 1869 612 1938 ὀχήματα
634 1869 960 1939 ἐπεσὺρετο;
989 1872 1108 1940 οὐχὶ
1128 1871 1228 1934 τάς
1249 1873 1484 1944 ἐρημίας
1507 1875 1730 1928 ἐδίωκεν
1749 1893 1763 1940 ;
1801 1876 1937 1928 Ἀλλ’

365 1951 451 2002 ῖνα
491 1950 566 2021 μὴ
619 1951 840 2016 δόξωσιν
890 1954 998 2007 ἀπὸ
1032 1954 1238 2017 πάθους
1276 1955 1370 2010 τοῦ
1417 1957 1628 2011 ἑαυτῶν
1683 1959 1860 2026 λέγειν
1881 1959 1932 2024 δ,

361 2033 460 2103 τὴν
511 2033 665 2087 πόλιν
725 2034 856 2102 φασὶ
906 2036 1234 2110 κινδυνεύειν
1281 2039 1481 2103 πᾶσαν,
1521 2042 1714 2093 καὶτὸ
1763 2042 1942 2094 κοινὸν

362 2114 840 2180 ἐπιϐουλεύεσθαι,
873 2118 969 2171 καὶ
1007 2119 1136 2190 περὶ
1172 2120 1280 2175 τῶν
1311 2123 1555 2192 ἐσχάτων
1583 2125 1763 2188 αὐτοῖς
1800 2121 1940 2176 εἶναι

363 2197 452 2250 τὸν
495 2197 675 2267 φόϐον.
713 2200 787 2252 Οὐ
838 2198 1014 2253 ταῦτα
1047 2203 1146 2272 τῆς
1190 2204 1564 2274 αἰχμαλωσίας
1619 2206 1746 2277 ὑμῖν
1792 2208 1941 2260 αἴτια

363 2279 605 2348 γέγονεν,
646 2283 781 2336 ἀλλά
832 2283 901 2335 τὰ
938 2285 1187 2349 ἐναντία,
1225 2281 1322 2340 καὶ
1365 2289 1567 2357 ταύτης
1612 2291 1827 2360 καὶτῆς
1860 2291 1942 2352 εἰς

364 2366 680 2442 Βαϐυλῶνα,
719 2367 813 2419 καὶ
844 2371 942 2438 τῆς
988 2369 1080 2422 ἐπὶ
1116 2370 1387 2440 Ἀντιόχου
1418 2372 1515 2442 τῆς
1546 2374 1682 2442 μετά
1729 2373 1905 2426 ταῦτα
1925 2389 1938 2403 ·

363 2447 424 2499 οὑ
469 2447 530 2498 τὸ
567 2441 704 2499 εἶναι
744 2445 873 2516 παρ’
899 2447 1030 2516 ὑμῖν
1082 2441 1501 2519 θεραπεύοντας,
1538 2441 1673 2503 ἀλλὰ
1701 2451 1761 2502 τὸ
1801 2447 1942 2502 εἶναι

364 2529 423 2582 ἐν
469 2530 597 2600 ὑμῖν
641 2529 994 2594 ἀδικοῦντας,
1038 2532 1250 2584 καὶτὸν
1293 2531 1425 2585 Θεὸν
1476 2533 1940 2604 παροργίζοντας,

363 2611 519 2665 τοῦτο
571 2612 713 2682 ὑμᾶς
769 2613 1018 2676 ἐκδότους
1065 2614 1340 2684 ἐποίησεν.
1401 2612 1562 2667 Ἀλλά
1603 2615 1844 2668 τοιοῦτον
1914 2617 1944 2668 ὁ

365 2696 588 2766 φθόνος*
640 2697 789 2749 οὐδὲν
831 2696 939 2748 τῶν
975 2697 1201 2750 δεόντων
1235 2699 1364 2769 ὁρᾷν
1390 2701 1604 2766 ἀφιεὶς,
1642 2697 1790 2763 ἆπαξ
1832 2717 1941 2769 πη-

369 2778 546 2850 pth-sa;
571 2780 668 2850 τὴν
690 2780 888 2850 ψυχήν.
931 2781 1062 2850 Οὐχὶ
1083 2781 1289 2850 πράους
1321 2781 1598 2835 ἐδίδασκεν
1624 2778 1794 2847 εἷναι;
1823 2784 1944 2853 οὐχὶ

369 2862 763 2933 ραπιζομένους
788 2863 886 2932 τὴν
902 2862 1100 2926 δεξιὰν,
1123 2864 1373 2934 στρέφειν
1399 2866 1492 2917 καί
1512 2864 1610 2935 τὴν
1633 2866 1824 2935 ἐτέραν
1844 2884 1858 2930 ;
1880 2866 1942 2918 οὐ

368 2945 552 3015 φέρειν
581 2944 991 3015 ἀδικουμένους;
1021 2946 1080 2997 οὐ
1117 2946 1340 3014 μείζονα
1367 2947 1772 3001 ἐπιδείκνυσθαι
1800 2965 1939 3018 προ·

368 3027 566 3099 θυμίαν
602 3029 737 3100 προς
770 3029 832 3080 τὸ
873 3028 1058 3092 κακῶς
1085 3030 1294 3091 παθεῖν,
1334 3029 1366 3099 ἢ
1397 3031 1573 3102 ἕτεροι
1604 3032 1787 3102 έχουσι
1814 3032 1949 3103 πρὸς

367 3112 428 3165 τὸ
475 3112 658 3174 κακῶς
696 3111 956 3181 ποιῆααις
1002 3111 1166 3164 Ταῦτ’
1206 3108 1319 3173 οὖν,
1354 3114 1474 3166 εἰπέ
1517 3131 1627 3183 μοι,
1657 3115 1949 3185 τυραννίδα

371 3196 750 3258 συνιστῶντος,
787 3194 900 3248 ἀλλ’
931 3195 990 3246 οὐ
1016 3195 1302 3265 τυραννίδα
1331 3197 1753 3266 καθαιροῦντος;

439 3278 500 3334 δ’.
537 3279 674 3331 Ἀλλ’
700 3280 833 3348 ὅπερ
865 3277 1022 3349 ἔφην,
1057 3278 1226 3330 δεινὸν
1251 3281 1282 3348 ἡ
1313 3278 1580 3348 βασκανία
1602 3283 1696 3334 καὶ
1715 3282 1943 3354 ὑποκρί-

373 3378 510 3424 σεως
541 3362 730 3433 γέμον.
767 3362 938 3414 Τοῦτο
960 3361 1058 3432 τὴν
1092 3363 1416 3432 οἰκουμένην
1446 3367 1654 3434 μυρίων
1683 3367 1949 3436 ἐνέπλησε

371 3444 554 3498 κακῶν
579 3462 592 3475 ⁸
634 3447 741 3498 ἀπὸ
783 3445 877 3497 τοῦ
930 3446 1236 3516 νοσήματος
1274 3445 1464 3498 τούτου
1518 3447 1586 3500 τὰ
1628 3447 1952 3519 δικαστήρια

371 3526 708 3599 κρινομένων
735 3528 1118 3598 πεπλήρωται·
1153 3529 1260 3580 ἀπὸ
1290 3528 1480 3581 τούτου
1500 3529 1658 3597 δόξης
1686 3531 1780 3583 καὶ
1817 3547 1952 3600 χρη-

381 3612 564 3682 μάτων
588 3611 727 3682 ἕρως
751 3626 764 3640 ·
817 3610 923 3664 ἀπὸ
961 3610 1149 3662 τούτου
1196 3611 1448 3680 φιλαρχία
1476 3613 1566 3664 καί
1596 3612 1867 3684 ὑπεροψία
1887 3625 1908 3650 ο
1935 3629 1949 3643 ·

374 3695 618 3749 ἐντεῦθεν
647 3695 757 3747 ὁδοὶ
774 3694 975 3766 λῃστὰς
1008 3696 1257 3764 μιαροὺς,
1289 3695 1383 3747 καὶ
1423 3694 1661 3747 Θάλαττα
1690 3695 1953 3766 πειρατὰς

375 3779 486 3850 ἔχει
508 3797 521 3810 ·
549 3778 796 3831 ἐντεῦθεν
817 3779 864 3830 οἱ
885 3778 1023 3830 κατὰ
1043 3777 1141 3848 τὴν
1162 3779 1488 3849 οἰκουμένην
1509 3779 1679 3846 φόνοι,
1705 3779 1952 3832 ἐντεῦθεν

373 3861 434 3914 τὸ
468 3862 618 3930 γένος
643 3861 797 3931 ἡμῶν
826 3861 1163 3913 διέσπασται.
1191 3862 1366 3932 Ὅπερ
1396 3862 1460 3914 ἂν
1486 3863 1598 3934 ἴδῃς
1633 3863 1821 3923 κακὸν,
1846 3863 1955 3915 ἀπὸ

373 3944 576 4012 ταύτης
604 3943 661 3996 ὃν
685 3943 804 4012 ὄψει
822 3959 837 3973 ⁸
863 3942 1018 3996 τοῦτο
1039 3945 1132 3996 καὶ
1157 3945 1236 4007 εἰς
1257 3947 1354 4008 τὰς
1387 3946 1712 4017 Ἐκκλησίας
1738 3944 1956 3998 εἰσεκώ-

380 4045 518 4100 μασε
535 4046 549 4059 ·
576 4027 734 4080 τοῦτο
761 4027 964 4081 ἀνωθεν
988 4029 1056 4082 τὰ
1081 4030 1249 4099 μυρία
1274 4031 1565 4099 εἰργάσατο
1595 4030 1772 4081 δεινὰν
1797 4028 1956 4081 τοῦτο

376 4112 475 4185 τὴν
509 4113 869 4183 φιλαργυρίαν
899 4111 1084 4166 ἔτεκεν
1104 4129 1117 4142 ’
1150 4112 1290 4182 αῦτη
1325 4115 1357 4182 ἡ
1397 4115 1548 4176 νόσος
1578 4114 1644 4166 τά
1669 4114 1778 4166 ἅνω
1807 4115 1957 4167 κάτω

380 4198 622 4267 ἐποίησε,
655 4197 746 4248 καὶ
791 4195 850 4246 τὸ
886 4195 1092 4248 δίκαιον
1132 4196 1401 4265 διέφθειρε
1441 4195 1667 4266 (Δῶραά
1697 4198 1824 4266 γὰρ.
1855 4213 1956 4265 φη·-

382 4282 487 4342 dav,
524 4279 818 4348 ἐκτυφλοῖ
866 4279 1210 4348 ὀφθαλμοὺς
1253 4279 1480 4347 σοφῶν.
1516 4280 1612 4332 καὶ
1655 4281 1732 4346 ὠς
1778 4279 1956 4347 φῖμος

379 4367 658 4432 στόματι,
707 4362 1069 4429 ἀποστρέφει
1126 4361 1434 4430 ἐλέγχους)
1466 4380 1478 4393 ·
1533 4362 1688 4414 τοῦτο
1741 4363 1958 4424 δούλους

381 4446 494 4500 ἀντ’
526 4446 822 4516 ἐλευθέρων
849 4448 1023 4498 ποιεῖ’
1059 4463 1123 4497 πε
1135 4446 1185 4516 ρὶ
1213 4445 1400 4497 τούτου
1437 4445 1557 4498 καθ’
1585 4446 1819 4515 ἑκάστην
1845 4446 1962 4497 δια-

379 4528 649 4597 λεγόμεθα
673 4533 771 4598 τὴν
807 4530 1040 4599 ἡμέραν,
1075 4531 1168 4580 καὶ
1203 4527 1364 4579 πλέον
1394 4529 1545 4580 οὐδὲν
1578 4529 1808 4592 γίνεται.
1841 4529 1956 4599 Θη-

384 4613 514 4684 ρίων
543 4611 802 4682 γινόμεθα
831 4612 1062 4682 χείρους,
1105 4613 1370 4681 ὀρφανοὺς
1414 4612 1751 4681 ἀρπάζομεν,
1787 4612 1964 4681 χήρας

381 4699 713 4771 γυμνοῦμεν,
753 4698 989 4767 πένητας
1023 4698 1337 4769 ἀδικοῦμεν,
1377 4700 1498 4752 οὐαί⁵
1543 4700 1636 4751 ἐπὶ
1679 4699 1802 4751 οὐαὶ
1843 4716 1961 4751 συν-

383 4783 645 4853 άπτομεν.
695 4782 860 4850 Οἵμοι
884 4781 904 4833 .’
928 4781 1016 4834 ὅτι
1059 4782 1339 4836 ἀπόλωλε
1390 4781 1653 4848 εὐλαϐὴς
1695 4780 1812 4834 ἀπὸ
1851 4780 1961 4850 τῆς

382 4864 514 4936 τῆς.
545 4864 693 4937 [588]
723 4865 832 4918 Καὶ
859 4863 1012 4934 ἡμῶν
1041 4865 1154 4916 ἐστι
1179 4865 1236 4916 τὸ
1265 4865 1479 4935 θρηνεῖν
1506 4865 1689 4917 λοιπόν
1709 4881 1723 4895 ·
1757 4864 1958 4934 μᾶλλον

384 4949 441 5002 δέ
473 4948 630 5002 τοῦτο
658 4949 738 5000 δεῖ
763 4949 884 5001 καθ’
911 4948 1145 5017 ἑκάστην
1181 4947 1366 5016 λέγειν
1397 4949 1494 5018 τὴν
1527 4948 1760 5018 ἡμέραν.
1791 4947 1958 5000 Οὐδὲν

384 5036 442 5086 ἐν
472 5034 659 5104 εὐχαῖς
699 5031 951 5103 ἀνύομεν,
1000 5032 1149 5085 οὐδὲν
1181 5033 1236 5086 ἐν
1274 5031 1604 5102 συμϐουλαῖς
1631 5031 1725 5083 καὶ
1755 5047 1960 5100 παραι-

451 5195 477 5224 ⁸
489 5196 638 5244 Savil.
650 5196 731 5242 καὶ
752 5195 1059 5254 ἀκόμπαστον
1073 5191 1327 5254 μετεδίωκε
1342 5191 1457 5252 βίον.
1491 5189 1681 5254 bSanil.
1705 5183 1967 5254 δόξωσιντδ

385 5257 532 5312 πάθος
552 5255 637 5304 τοῦ
658 5257 836 5303 ἑαυτῶν
847 5251 1021 5315 λέγειν.
1091 5257 1114 5285 ο
1128 5252 1224 5315 Alij
1240 5251 1497 5306 κενοδοξία.
1526 5251 1643 5299 Ibid.
1658 5252 1851 5315 quidam
1865 5252 1967 5298 ὁδοὶ

386 5316 750 5381 πολιορκοῦνται
787 5318 866 5381 καὶ
895 5313 1119 5381 θάλαττα.
1245 5315 1448 5381 Q_u_igiam
1481 5313 1742 5381 éfsxeg,_tb
1779 5313 1969 5381 νόσημα

392 5374 542 5428 πάντα
559 5379 760 5426 ἀνωκαὶ
779 5379 911 5426 κάτω
929 5374 1114 5435 ποιοῦν,
1139 5377 1219 5422 καὶ
1245 5375 1490 5423 τὸδίκαιον
1511 5374 1788 5436 διαφθεῖρον.
1804 5376 1963 5430 Δῶρα.

1415 362 1482 417 ΙΝ
1519 362 1834 421 JOANNEM
1879 367 2108 426 HOMIL.
2148 374 2304 431 LXV.
2348 378 2416 434 al.
2461 380 2646 438 LXIV.

3510 386 3617 442 360

2042 491 2097 542 νέ
2110 509 2222 545 τεσι
2242 514 2255 526 ·
2287 495 2532 552 λείπεται
2570 498 2679 568 ἄρα
2707 499 2767 553 τὸ
2801 500 3074 571 δακρύειν.
3108 500 3278 554 Τοῦτο
3307 500 3403 556 καὶ
3429 503 3456 556 ό
3485 503 3617 574 Χρι-

2043 576 2162 639 στὸς
2213 579 2471 649 ἐποίησε·
2517 582 2688 635 πολλά
2724 586 2834 646 τοῖς
2878 586 2935 636 ἐν
2978 585 3372 656 Ἱεροσολύμοις
3421 603 3619 656 παραι-

2039 659 2220 723 νέσας,
2253 663 2329 725 ὡς
2360 665 2510 717 οὐδὲν
2543 666 2828 738 ἐκέρδανον
2861 670 3078 724 ἐκεῖνοι.
3109 669 3410 739 ἐδάκρυσεν
3439 670 3620 722 αὐτῶν

2039 746 2138 815 τὴν
2161 748 2417 816 πώρωσιν
2442 761 2486 801 θ.
2510 749 2679 803 Τοῦτο
2705 754 2798 805 καὶ
2821 753 2869 805 οἱ
2889 753 3164 822 προφῆται
3191 754 3434 806 ποιοῦσιο
3459 755 3618 808 τοῦτο

2041 829 2134 880 καὶ
2165 831 2324 899 ἡμεῖς
2371 832 2697 903 πράττωμεν
2726 834 2840 886 νῦν.
2873 836 3080 906 Θρήνου
3123 837 3313 889 λοιπὸν
3351 839 3380 890 ό
3408 837 3621 908 καιρὸς,

2041 913 2133 964 καὶ
2156 912 2429 982 δακρύων,
2455 915 2549 967 καὶ
2573 918 2838 987 οἰμωγῆς.
2865 917 3128 990 Εὐκαιρον
3150 921 3322 972 εἰπεῖν
3353 919 3447 972 καὶ
3474 921 3622 990 ἡμᾶς

2041 996 2156 1057 νῦν,
2187 1002 2492 1052 Καλέσατε
2534 1002 2640 1067 τὰς
2669 1003 3028 1069 θρηνούσας,
3059 1005 3158 1057 καὶ
3189 1005 3340 1072 πρὸς
3372 1005 3479 1068 τὰς
3519 1021 3623 1058 σο-

2043 1080 2158 1146 φὰς
2189 1081 2607 1142 ἀποστείλατε,
2643 1083 2740 1136 καὶ
2770 1085 3264 1153 φθεγξάσθωσαν.
3299 1087 3450 1155 Τάχα
3481 1085 3623 1138 οὑτω
3707 1117 3709 1119 -

2040 1161 2380 1232 δυνησόμεθα
2422 1167 2666 1220 ἐκϐαλεῖν
2712 1167 2770 1219 τὸ
2800 1169 3015 1237 νόσημα
3052 1167 3158 1220 τῶν
3196 1169 3294 1231 τὰς
3337 1169 3514 1232 οἰκίας
3546 1171 3622 1220 οἰ-

2042 1245 2411 1314 κοδομούντων
2455 1249 2554 1311 τὰς
2597 1249 2874 1321 λαμπρὰς,
2917 1250 3024 1302 τῶν
3057 1251 3260 1321 ἀγροὺς
3297 1251 3622 1322 περιϐαλλο-

2045 1329 2222 1394 μένων
2257 1330 2313 1394 ὲξ
2349 1331 2625 1400 ἁρπαγῆς.

2111 1409 2338 1479 Θρηνεῖν
2376 1411 2661 1484 εὐκαιρον·
2691 1414 2826 1468 ἀλλά
2868 1414 3196 1469 συλλάϐεσθέ
3228 1432 3316 1486 μοι
3348 1417 3437 1468 καὶ
3465 1415 3622 1485 ὑμεῖς

2041 1492 2148 1544 τῶν
2188 1494 2421 1563 θρήνων,
2465 1499 2513 1549 οἱ
2548 1499 2963 1566 γεγυμνωμένοι
3013 1517 3071 1552 τε
3125 1500 3218 1552 καὶ
3265 1499 3618 1568 ἠδικημένοι·

2040 1581 2153 1640 τοῖς
2178 1578 2329 1648 ὑμῶν
2359 1580 2578 1653 θρήνοις
2603 1583 2946 1649 καταγάγετέ
2981 1601 3082 1654 μου
3106 1585 3173 1636 τὰ
3195 1584 3423 1653 δάκρυα.
3463 1582 3622 1634 Ἀλλά

2044 1661 2388 1731 θρηνοῦντες,
2423 1664 2496 1733 μὴ
2528 1665 2774 1727 ἑαυτοὺς.
2805 1667 2918 1718 ἀλλ’
2957 1667 3200 1727 ἐκείνους
3229 1666 3620 1737 θρηνήσωμεν·

2045 1745 2139 1811 οὐχ
2172 1745 2316 1812 ὑμᾶς
2363 1745 2647 1816 ἠδίκησαν,
2681 1748 2795 1800 ἀλλ’
2824 1750 3050 1812 ἑαυτοὺς
3084 1749 3389 1802 ἀπώλεσαν.
3433 1748 3624 1817 Ὑμεῖς

2049 1827 2147 1894 μὲν
2180 1828 2288 1898 γάρ
2320 1829 2468 1898 ἔχετε
2499 1831 2596 1902 τὴν
2637 1831 2912 1900 βασιλείαν
2946 1833 3052 1885 τῶν
3094 1834 3336 1903 οὐρανῶν
3370 1833 3488 1884 ἀντὶ
3525 1831 3625 1899 τῆς

2045 1910 2291 1972 ἀδικίας·
2337 1914 2533 1964 ἐκεῖνοι
2579 1914 2656 1976 δὲ,
2697 1915 2794 1985 τὴν
2825 1915 3050 1980 γέενναν
3094 1917 3214 1968 ἀντὶ
3252 1916 3496 1987 κέρδους.
3527 1916 3628 1967 Διά

2045 1994 2200 2048 τοῦτο
2231 1995 2436 2065 βέλτιον
2459 1998 2759 2053 ἀδικεῖσθαι
2782 2001 2874 2052 καὶ
2901 2000 2974 2070 μὴ
3004 2001 3226 2055 ἀδικεῖν.
3253 2001 3625 2072 Θρηνήσωμεν

2046 2079 2241 2144 αὐτοὺς
2288 2081 2505 2152 θρῆνον,
2549 2083 2623 2152 μὴ
2649 2083 2740 2135 τὸν
2781 2083 3120 2150 ἀνθρώπινον
3153 2084 3196 2146 τ,
3227 2084 3364 2137 ἀλλά
3401 2085 3490 2136 τὸν
3519 2082 3628 2137 ἀπὸ

2045 2163 2154 2215 τῶν
2201 2164 2359 2218 θείων
2406 2167 2656 2237 Γραφῶν,
2689 2167 2748 2220 ὃν
2789 2168 2880 2220 καὶ
2907 2169 2955 2220 οἱ
2988 2169 3264 2239 προφῆται
3298 2167 3624 2238 ἐθρήνησαν.

2046 2247 2414 2318 Θρηνήσωμεν
2466 2249 2601 2320 μετά
2648 2251 2869 2303 Ἡσαΐου
2925 2252 3141 2324 πικρὸν,
3196 2253 3288 2304 καὶ
3343 2251 3624 2320 εἴπωμεν·

2053 2330 2196 2383 Οὐαὶ
2242 2333 2297 2384 οι
2338 2331 2757 2400 συνάπτοντες
2816 2335 3015 2387 οὶκίαν
3073 2335 3224 2402 πρὸς
3276 2335 3487 2398 οὶκίαν,
3527 2332 3626 2386 καὶ

2047 2415 2236 2484 ἀγρὸν
2273 2415 2624 2484 ἐγγίζοντες,
2665 2419 2767 2471 ἵνα
2813 2418 2920 2472 τοῦ
2973 2419 3244 2486 πλησίον
3292 2416 3630 2486 ἀφέλωνται

2047 2513 2132 2550 τι·
2162 2498 2248 2566 μὴ
2285 2500 2558 2565 οἰκήσετε
2601 2502 2776 2569 μόνοι
2825 2501 2922 2553 ἐπὶ
2969 2501 3077 2567 τῆς
3116 2501 3261 2571 τῆς;
3293 2502 3481 2553 Οἱκάι
3521 2516 3627 2568 με·

2047 2579 2224 2650 τάλαι
2256 2582 2356 2635 καί
2385 2583 2586 2646 καλαὶ,
2625 2584 2722 2636 καὶ
2750 2585 2860 2638 οὐκ
2899 2583 3141 2638 ἔσονται
3171 2587 3224 2638 οἰ
3254 2584 3630 2647 ἐνοικοῦντες

2047 2666 2116 2717 ἐν
2149 2665 2380 2732 αὑταῖς.
2427 2667 2797 2739 Θρηνήσωμεν
2850 2669 2986 2738 μετὰ
3019 2668 3111 2720 τοῦ
3148 2669 3375 2736 Ναοὺμ,
3420 2667 3514 2719 καὶ
3548 2666 3627 2718 εῖ-

2050 2767 2240 2814 πωμεν
2277 2751 2394 2819 μετ’
2425 2750 2666 2804 ἐκείνου·
2712 2751 2855 2805 Οὐαὶ
2912 2754 2944 2804 ὁ
2992 2751 3318 2819 οἰκοδομῶν
3349 2754 3434 2816 εἰς
3472 2751 3630 2818 ὕψος

2049 2831 2163 2899 τὴν
2203 2834 2398 2886 οὶκίαν
2433 2834 2654 2888 αὐτοῦ]
2696 2835 2894 2905 μᾶλλον
2924 2834 2979 2887 δὲ
3020 2835 3378 2905 θρηνήσωμεν
3412 2834 3627 2896 αὐτοὺς,

2049 2916 2300 2986 καθάπερ
2324 2917 2416 2969 καὶ
2437 2920 2464 2971 ὁ
2493 2919 2724 2989 Χριστὸς
2746 2921 2868 2981 τοὺς
2898 2919 3041 2979 τότε,
3072 2917 3246 2987 λέγων
3265 2934 3279 2947 ·
3314 2917 3457 2971 Οὐαὶ
3489 2917 3631 2985 ὑμῖν

2051 2999 2173 3065 τοῖς
2214 3001 2569 3066 πλουσίοις]
2606 3001 2694 3054 ὅτι
2741 3001 2994 3070 ἀπέχετε
3041 3003 3149 3055 τὸν
3177 3002 3401 3072 μισθὸν
3441 2999 3627 3069 ὑμῶν,

2050 3083 2149 3136 καὶ
2178 3083 2292 3151 τὴν
2326 3084 2712 3154 παράκλησιν
2736 3087 2923 3155 ὑμῶν.
2952 3085 3130 3149 Οὕτω,
3158 3085 3478 3157 παρακαλῶ,
3507 3084 3632 3154 θρη-

2049 3165 2265 3229 νοῦντες
2303 3167 2398 3220 καὶ
2436 3169 2597 3237 ἡμεῖς
2629 3169 2704 3240 μὴ
2755 3168 3124 3240 παυσώμεθα·
3163 3169 3298 3222 εἰδὲ
3347 3167 3421 3239 μὴ
3459 3166 3632 3236 ἄσχη-

2054 3266 2171 3320 μον,
2197 3250 2292 3302 καὶ
2323 3251 2615 3322 κοψώμεθα
2643 3254 2780 3323 ὑπὲρ
2809 3253 2906 3322 τῆς
2933 3254 3042 3306 τῶν
3065 3252 3308 3320 ἀδελφῶν
3336 3251 3627 3323 ῥᾳθυμίας.

2049 3332 2142 3403 Μὴ
2171 3332 2444 3403 κλαίωμεν
2466 3335 2558 3386 τὸν
2590 3334 2690 3405 ήδη
2716 3336 3039 3406 τεθνηκότα,
3074 3336 3208 3388 ἀλλά
3240 3335 3514 3404 κλαίωμεν
3543 3332 3633 3385 τὸν

2052 3414 2297 3485 ἅρπαγα,
2330 3417 2424 3470 τὸν
2451 3417 2800 3489 πλεονέκτην,
2829 3419 2920 3471 τὸν
2950 3419 3306 3490 φιλάργυρον,
3335 3419 3424 3471 τὸν
3454 3417 3631 3487 ἀπλη-

2054 3517 2197 3554 στον.
2229 3501 2382 3553 Διατί
2421 3503 2650 3571 νεκροὺς
2691 3502 3021 3574 θρηνοῦμεν.
3058 3504 3143 3572 ἐφ’
3181 3497 3254 3556 ὧν
3297 3503 3450 3555 οὐδὲν
3486 3501 3634 3554 ἐστιν

2053 3581 2246 3635 ἀνύσαι
2269 3583 2484 3646 λοιπόν;
2512 3585 2884 3655 Θρηνήσωμεν
2914 3584 3158 3649 τούτους,
3185 3587 3272 3652 ἐφ’
3291 3578 3364 3636 ὧν
3391 3587 3507 3636 ἐστι
3539 3582 3635 3636 καί⁸

2058 3665 2351 3736 μεταϐολή.
2390 3666 2532 3719 Ἀλλ’
2574 3667 2732 3738 ἡμῶν
2767 3667 3128 3740 θρηνούντων,
3158 3669 3300 3738 τάχα
3347 3667 3500 3720 αὐτοὶ
3538 3683 3632 3734 γε-

2054 3749 2238 3802 λῶσιν.
2277 3749 2437 3803 Ἀλλά
2469 3751 2562 3804 καὶ
2605 3751 2762 3806 τοῦτο
2811 3753 3021 3824 θρήνων
3050 3752 3218 3817 ἀξιον,
3252 3754 3332 3805 ὅτι
3378 3751 3632 3820 γελῶσιν,

2055 3834 2139 3900 ἐφ’
2166 3827 2246 3896 οἷς
2275 3832 2382 3886 ἔδει
2411 3834 2644 3889 πενθεῖν.
2671 3837 2734 3889 Εἰ
2771 3837 2867 3908 μὲν
2896 3837 3004 3908 γὰρ
3033 3837 3268 3906 ἔπασχόν
3305 3855 3356 3890 τι
3385 3835 3493 3888 ἀπὸ
3527 3835 3636 3888 τῶν

2054 3915 2304 3984 ὀδυρμῶν
2340 3915 2447 3969 τῶν
2488 3918 2796 3990 ἡμετέρων,
2832 3920 2998 3991 ἐχρῆν
3034 3919 3343 3972 παύσασθαι
3377 3920 3638 3990 ὀδυρομέ-

2054 4016 2174 4061 νους
2199 3998 2274 4061 ὼς
2303 4000 2594 4068 μέλλοντας
2617 4002 2986 4072 διορθοῦσθαι·
3015 4004 3202 4074 ἐπειδὴ
3224 4003 3278 4054 δὲ
3299 4003 3637 4074 ἀναισθήτως

2055 4082 2374 4144 διάκεινται,
2413 4083 2663 4154 μένωμεν
2693 4087 2853 4154 ἡμεῖς
2879 4085 3178 4147 κλαίοντες,
3217 4085 3290 4155 μὴ
3320 4087 3444 4148 τοὺς
3476 4086 3638 4138 πλου-

2055 4165 2281 4229 τοῦντας
2311 4167 2516 4230 ἁπλῶς,
2549 4168 2684 4221 ἀλλά
2713 4170 2838 4232 τοὺς
2869 4168 3257 4239 φιλαργύρους,
3289 4172 3412 4232 τοὺς
3448 4169 3637 4221 πλεον-

2059 4249 2240 4314 έκτας,
2279 4252 2402 4312 τοὺς
2431 4251 2707 4322 ἅρπαγας.
2747 4253 2822 4304 Οὐ
2855 4253 3020 4305 κακὸν
3048 4254 3076 4305 ό
3106 4253 3334 4316 πλοῦτος
3365 4251 3500 4321 (ἐστι
3531 4253 3637 4322 γὰρ

2060 4331 2207 4400 αὐτῷ
2237 4333 2331 4384 καὶ
2363 4335 2444 4395 εἰς
2481 4333 2599 4386 δέον
2642 4335 2970 4404 χρήσασθαι,
3013 4334 3140 4388 ὅταν
3181 4338 3258 4397 είς
3291 4336 3416 4397 τοὺς
3448 4335 3639 4404 δεομέ-

2060 4433 2183 4479 νους
2233 4415 2672 4486 ἀναλίσκωμεν)·
2721 4416 2856 4470 άλλά
2898 4420 3068 4474 κακὸν
3113 4421 3145 4491 ἡ
3185 4418 3492 4484 πλεονεξία,
3542 4417 3640 4480 τὰς

2063 4499 2361 4561 ἀθανάτους
2386 4499 2720 4568 προξενοῦσα
2744 4501 3010 4565 κολάσεις.
3036 4503 3404 4574 Θρηνήσωμεν
3440 4501 3640 4553 τοίνυν.

2067 4583 2226 4642 Ἴσως
2255 4581 2363 4650 γάρ
2393 4597 2475 4642 τις
2505 4581 2657 4635 ἕσται
2688 4583 3002 4654 διόρθωσιςο
3034 4585 3066 4656 ἦ
3105 4585 3207 4638 κάν
3237 4585 3286 4636 οἱ
3313 4585 3645 4653 ἐμπεσόντες

2070 4663 2144 4735 μὴ
2204 4664 2613 4732 ἀπαλλαγῶσιν,
2660 4667 2835 4738 ἕτεροι
2884 4668 3015 4736 γοῦν
3049 4670 3109 4722 οὐ
3172 4667 3645 4738 περιπεσοῦνταιε

2065 4749 2141 4818 τῷ
2162 4747 2339 4817 δεινῷ,
2359 4749 2492 4802 ἀλλά
2517 4748 2858 4818 φυλάξονται.
2885 4753 2922 4802 Γ
2926 4751 3095 4805 ένοιτο
3114 4752 3169 4804 δὲ
3192 4752 3476 4812 κάκείνους
3503 4752 3648 4804 ἐλευ-

2067 4826 2370 4897 θερωθῆναι
2414 4827 2509 4880 τοῦ
2556 4830 2882 4898 νοσήματος,
2915 4830 3010 4882 καὶ
3053 4830 3209 4900 ἡμῶν
3247 4830 3452 4901 μηδένα
3487 4847 3646 4900 περιο

2067 4912 2253 4962 πεσεῖν
2289 4927 2438 4972 ποτε,
2483 4910 2570 4963 ἵνα
2618 4915 2769 4984 κοινῇ
2817 4913 3019 4976 πάντες
3067 4912 3178 4965 τῶν
3220 4913 3648 4984 ἐπηγγελμένων

2065 4992 2317 5064 τύχωμεν
2337 4993 2577 5061 ἀγαθῶν,
2601 4995 2785 5066 χάριτι
2805 4997 2897 5049 καὶ
2923 4996 3300 5067 φιλανθρωπία
3318 4998 3411 5050 τοῦ
3441 4999 3647 5069 Κυρίου

2068 5076 2226 5146 ἡμῶν
2260 5077 2432 5146 Ἰησοῦ
2464 5078 2718 5148 Χριστοῦ,
2816 5081 2850 5150 ἡ
2875 5079 3001 5145 δόξα
3037 5082 3116 5143 εἰς
3155 5080 3282 5146 τοὺς
3309 5081 3509 5139 αἰῶνας
3539 5081 3650 5134 τῶν

2068 5158 2300 5212 αἰώνων.
2344 5161 2401 5211 Ἀ
2410 5161 2534 5230 μήν.

2317 5251 2709 5330 τήκει-συμφοράν.
2787 5249 2810 5330 ς
2834 5251 2938 5326 ’Ᾱιίἰ
2965 5255 3028 5314 μὴ
3049 5253 3132 5330 τόν
3157 5255 3337 5330 ’κοινηόνί
3353 5255 3517 5330 ¹ξξιιιιίι)
3542 5262 3650 5314 ρηςι

2067 5313 2262 5377 quidam
2289 5311 2619 5377 μετάἫσαΐου
2641 5315 2768 5361 οὕτω
2794 5311 3021 5377 λέγοντες,
3045 5317 3185 5364 Οὐαί.
3255 5319 3279 5355 8
3306 5316 3400 5364 ΑιῘὶ
3424 5317 3512 5377 γάρ
3536 5311 3650 5364 ποτε

2070 5375 2222 5434 ἔσται,
2265 5382 2314 5423 et
2339 5389 2451 5423 mox
2477 5375 2832 5437 ἀπαλλαγῶσιν,
2855 5375 2971 5426 ἀλλ’
3005 5378 3155 5436 ἕτεροι
3195 5379 3248 5425 οὐ
3270 5375 3651 5445 περιπεσοῦνται.

1745 5536 1896 5607 [589]
1931 5535 2172 5590 OMIAIA
2210 5537 2328 5591 EE'.

391 5643 497 5713 Εἷς
525 5646 592 5702 δέ
630 5664 718 5712 τις
752 5647 820 5710 ἐξ
854 5644 1051 5698 αὐτῶν
1090 5642 1383 5713 Καϊάφας,
1416 5639 1723 5713 ἀρχιερεὺς
1744 5637 1838 5713 ’ὢν
1866 5639 1973 5693 τοῦ

462 5710 738 5772 ἐνιαυτοῦ
776 5716 1041 5774 ἐκείνου,
1089 5710 1256 5767 εἶπεν
1305 5713 1537 5777 αὐτοῖς·
1599 5710 1796 5779 Ὑμεῖς
1861 5713 1972 5779 οὐκ

463 5789 662 5844 οἴδατε
705 5787 902 5849 οὐδὲν,
933 5783 1076 5839 οὐδὲ
1111 5782 1516 5852 διαλογίζεσθε
1543 5781 1630 5833 ὅτι
1665 5777 1972 5852 συμφέρει

465 5859 629 5927 ὑμῖν,
677 5858 779 5927 ἵνα
830 5855 916 5922 εἷς
943 5854 1269 5927 ᾲίᾷνθρωπος
1293 5849 1300 5852 ⁷
1326 5851 1599 5918 ἀποθάνῃ
1653 5849 1805 5916 ὑπὲρ
1865 5849 1972 5902 τοῦ

466 5925 642 5990 λαοῦ,
681 5926 774 5978 καὶ
812 5928 881 5980 τὰ
908 5925 1051 5993 ἑξῆς.

462 6022 535 6073 α’.
555 6012 964 6084 Ἐνεπάγησαν
988 6012 1132 6080 ἔθνη
1151 6010 1221 6066 ἐν
1253 6007 1538 6080 διαφθορᾷ
1572 6003 1606 6080 ᾖ
1640 6007 1965 6076 ἐποίησαν·

2079 5644 2148 5697 ἐν
2199 5642 2401 5713 παγίδι
2435 5644 2619 5711 ταύτῃ
2652 5637 2693 5714 ᾗ
2721 5643 3014 5711 ἔκρυψαν,
3051 5642 3404 5710 συνελήφθη
3435 5645 3466 5694 ό
3498 5643 3654 5709 ποῦς

2078 5731 2296 5785 αὐτῶν.
2322 5732 2492 5784 Τοῦτο
2523 5732 2615 5784 ἐπὶ
2659 5731 2924 5784 Ἰουδαίων
2951 5730 3192 5798 γέγονεν.
3224 5729 3386 5782 Αὐτοὶ
3418 5730 3516 5800 μὲν
3543 5732 3653 5803 γὰρ

2078 5820 2264 5888 ἔλεγον
2301 5819 2509 5872 ἀνελεῖν
2549 5817 2640 5870 τὸν
2675 5818 2900 5889 Ἰησοῦν,
2932 5819 3020 5870 ἵνα
3053 5817 3128 5887 μὴ
3168 5816 3392 5870 ἔλθωσιν
3432 5819 3480 5870 οί
3517 5817 3652 5871 Ῥω-

2081 5913 2248 5980 μαῖοι,
2279 5909 2373 5960 καὶ
2401 5907 2605 5978 ἄρωσιν
2637 5906 2815 5958 αὐτῶν
2845 5908 2938 5960 καὶ
2967 5901 3031 5956 τὺ
3057 5903 3202 5968 ἔθνος
3229 5907 3323 5960 καὶ
3345 5905 3443 5977 τὴν
3475 5906 3650 5960 πόλιν.

2090 5997 2310 6069 Ἐπειδὴ
2335 5997 2388 6050 δὲ
2422 5995 2651 6059 ἀνεῖλον,
2679 5993 2778 6048 ταῦ
2789 6011 2848 6048 τα
2876 5993 3076 6048 ἔπαθον
3096 6011 3110 6024 ·
3139 5995 3232 6048 καὶ
3262 5993 3406 6067 ἅπερ
3437 5994 3511 6059 ὡς
3535 5994 3652 6050 δια-
