4100 6362
484 346 582 404 36!

482 462 804 536 φευξόμενοι
840 466 1104 544 ἔπραξαν,
1145 468 1319 522 ταῦτα
1363 471 1549 542 ἐπειδὴ
1584 471 1848 542 ἔπραξαν,
1881 474 1942 526 ού
1981 474 2061 526 δι-

481 548 700 612 έφυγον.
737 549 875 602 Ἀλλ’
897 551 924 604 6
955 551 1053 620 μὲν
1086 552 1413 622 ἀναιρεθεὶς,
1447 553 1594 607 ἔστιν
1624 558 1681 608 ἐν
1700 559 1977 627 οὐρανοῖςο
2012 559 2061 610 oi

478 628 532 679 δὲ
586 630 887 697 ἀνελόντες,
917 635 1016 706 τὴν
1045 634 1268 702 γέενναν
1319 637 1741 708 κληρονομοῦσιο
1775 640 1952 693 καίτοι
1997 641 2058 693 ού

479 710 654 766 ταῦτα
671 714 991 784 ἐσκέψαντοο
1013 718 1150 771 ἀλλά
1167 719 1220 771 τί
1239 736 1254 785 ;
1290 719 1620 783 Ἐΰούλοντο,
1645 724 1828 792 φησὶν,
1853 724 2061 776 ἀνελεῖν

479 794 641 847 αὑτὸν
670 797 777 850 ἀπὸ
802 799 901 868 τῆς
926 801 1139 870 ἡμέρας
1161 802 1393 873 ἐκείνης.
1421 800 1586 858 Εἶπον
1614 807 1742 876 γάρ,
1764 807 1844 860 ὅτι
1875 809 2065 861 Ἐλεύ-

479 892 691 958 σονται
755 884 808 934 oi
844 883 1124 952 Ῥωμαῖοι,
1157 886 1249 938 καὶ
1281 887 1538 953 ἀροῦσιν
1571 888 1738 958 ἡμῶν
1773 892 1836 943 τὸ
1864 891 2057 956 ἔθνος.

482 957 584 1026 Εἷς
625 962 692 1015 δέ
725 982 814 1028 τις
845 966 914 1027 ἐξ
947 967 1146 1021 αὐτῶν
1179 970 1466 1038 Καὶϊὶρας.
1503 957 1812 1042 ἀρχιερεὺς
1840 973 1925 1026 ὢν
1955 973 2062 1026 τοῦ

479 1044 758 1098 ἐνιαυτοῦ
804 1048 1060 1111 ἐκείνου,
1091 1047 1280 1112 εἶπεν,
1324 1055 1805 1125 ἀναισχυντότερος
1831 1055 1905 1108 ὣν
1950 1057 2060 1109 τῶν

481 1124 716 1178 λοιπῶν·
757 1129 954 1197 ’Υμεῖς
988 1135 1099 1185 οὐκ
1151 1134 1349 1188 οἴδατε
1391 1135 1591 1190 οὐδέν.
1639 1124 1816 1208 Ἃπερ
1863 1139 2059 1192 ἐκεῖνοι

479 1209 844 1278 ἀμφέϐαλλον.
883 1216 975 1266 καὶ
1006 1219 1063 1268 ἐν
1093 1216 1241 1280 τάξει
1284 1219 1477 1289 βουλῆς
1511 1220 1888 1291 προετίθεσαν,
1924 1222 2062 1285 (ἐλε-

479 1309 575 1360 γον
617 1294 753 1364 γάρ⁶
791 1297 850 1349 Τί
886 1299 1239 1367 amoti/18m)
1284 1303 1440 1354 τοῦτο
1488 1296 1642 1366 οὗτος
1688 1304 2060 1374 ἀναισχύντως
2131 1371 2134 1375 ,

482 1376 577 1427 καὶ
599 1379 776 1446 γυμνῇ
799 1382 864 1448 τῇ
889 1381 1119 1451 κεφαλῇ,
1148 1385 1240 1436 καὶ
1270 1386 1406 1454 μετά
1438 1387 1757 1456 ἰταμότητος
1777 1388 2055 1457 ἀνεϐόησε.

482 1457 546 1508 Τί
576 1461 682 1530 γάρ
709 1476 906 1528 φησιν;
942 1465 1137 1531 Ὑμεῖς
1163 1469 1273 1520 οὐκ
1299 1467 1499 1522 οἴδατε
1531 1469 1732 1531 οὐδὲν,
1761 1469 1902 1522 οὐδὲ
1935 1471 2058 1524 δια-

475 1541 783 1609 λογίζεσθε
817 1545 906 1598 ὅτι
943 1549 1253 1617 συμφέρει,
1298 1553 1398 1604 ἵνα
1427 1550 1515 1618 εἷς
1563 1553 1872 1621 ἄνθρωπος
1909 1555 2058 1608 ἀπο-

476 1625 648 1697 θάνῃ,
678 1628 776 1680 καὶ
811 1627 897 1698 μὴ
932 1629 1081 1684 ὅλον
1111 1633 1176 1685 τὸ
1210 1634 1387 1701 ἔθνος
1414 1637 1735 1706 ἀπόληται.
1785 1639 1961 1692 Τοῦτο
1990 1639 2058 1691 δὲ

473 1711 585 1762 οὐκ
605 1707 794 1846 ¹εἷρξεν
833 1712 932 1782 ἀφ’
963 1715 1202 1782 ἑαυτοῦ,
1228 1719 1390 1774 ἀλλὰ
1435 1719 1892 1790 προεφήτευσεν
1921 1723 2058 1790 ἀρχ-

473 1809 668 1846 ιεοευρ
746 1813 801 1846 ν.

471 1809 668 1860 ιερευς
697 1809 801 1851 ων.

554 1959 716 2031 Ὁρᾷς
749 1961 888 2034 πόση
911 1963 1009 2034 τῆς
1037 1963 1437 2034 ἀρχιερατικῆς
1459 1963 1708 2029 ἐξουσίας
1731 1966 1763 2036 ή
1794 1965 2055 2036 δύναμις;

484 2041 705 2114 Ἐπειδὴ
737 2044 846 2115 γάρ
879 2045 1016 2108 δλως
1044 2046 1244 2115 ὴξίωτο
1281 2046 1380 2117 τῆς
1414 2048 1847 2118 ἀρχιερωσύνης,
1879 2050 2056 2103 καίτοι

469 2125 688 2190 ἀνάξιος
714 2126 788 2181 ῶν
815 2129 910 2183 τοῦ
939 2131 1286 2202 πράγματος,
1321 2135 1746 2202 προεφήτευσεν,
1774 2134 1874 2187 οὐκ
1903 2134 2056 2199 είδὼς

471 2203 616 2276 ἅπερ
645 2207 827 2276 ἔλεγε·
860 2210 1052 2280 καὶτῷ
1084 2210 1310 2280 στόματι
1347 2211 1507 2280 μόνον
1527 2212 1845 2283 ἐκέχρητοή
1872 2214 2054 2283 χάρις,

467 2290 570 2361 τῆς
598 2291 655 2345 δὲ
687 2297 889 2364 μιαρᾶς
929 2293 1157 2363 καρδίας
1187 2296 1285 2364 οὐχ
1328 2295 1521 2364 ἥψατο.
1554 2296 1747 2349 Πολλοὶ
1790 2295 1923 2364 γοῦν
1958 2296 2056 2350 καὶ

468 2373 619 2430 ἄλλοι
646 2377 712 2429 τά
746 2376 1003 2444 μέλλοντα
1030 2373 1204 2442 εἷπον,
1234 2378 1442 2442 ἀνάξιοι
1470 2378 1642 2442 ὄντες,
1669 2380 1696 2431 6
1725 2379 2057 2449 Ναϐουχοδο-

469 2457 650 2530 νόσορ,
691 2461 718 2512 6
755 2458 973 2529 Φαραὼ,
1021 2461 1050 2512 6
1094 2461 1359 2531 Βαλαάμ·
1411 2461 1507 2514 καὶ
1560 2462 1778 2516 πάντων
1828 2464 1856 2533 ή
1905 2463 2056 2517 αἰτία

467 2539 622 2612 δήλη.
657 2545 719 2595 Ὃ
748 2543 804 2595 δὲ
839 2542 1020 2610 λέγει,
1068 2543 1307 2597 τοιοῦτόν
1344 2546 1489 2597 ἐστιν
1511 2561 1524 2574 ·
1570 2544 1756 2615 Ὑμεῖς
1790 2544 2052 2616 κάθησθε,

469 2623 549 2676 ἔτι
586 2624 942 2696 ὀκνηρότερον
988 2625 1066 2696 τῷ
1120 2628 1409 2698 πράγματι
1457 2629 1782 2698 προσέχετε,
1825 2629 1919 2682 καὶ
1955 2629 2055 2682 οὐκ

469 2709 584 2762 ῐστε
630 2711 746 2774 ἐνὸς
791 2710 982 2782 ἀνδρὸς
1015 2712 1288 2783 σωτηρίας
1325 2712 1465 2783 ὑπὲρ
1498 2711 1592 2764 τοῦ
1641 2713 1820 2766 κοινοῦ
1875 2732 2050 2768 κατα-

467 2793 753 2863 φρονῆσαι.
801 2794 943 2865 Ὅρα
993 2795 1133 2865 πόση
1184 2795 1278 2849 τοῦ
1335 2795 1654 2865 Πνεύματος
1701 2797 1734 2868 ή
1782 2797 2048 2868 δύναμις·

465 2874 576 2929 ἀπὸ
593 2877 827 2941 διανοίας
855 2880 1092 2949 πονηρᾶς
1113 2881 1296 2950 ἴσχυσε
1317 2881 1533 2952 ῥήματα
1551 2885 1902 2952 προενεγκεῖν
1919 2900 2054 2954 προ-

467 2962 697 3030 φητείας
727 2961 970 3032 γέμοντα
1003 2963 1342 3036 θαυμαστῆς.
1369 2964 1546 3018 Τέκνα
1574 2966 1630 3019 δέ
1658 2966 1794 3020 Θεοῦ
1824 2968 1892 3022 τὰ
1923 2967 2052 3040 ἔθνη

465 3042 622 3095 καλεῖ
656 3046 684 3096 6
717 3045 1138 3116 εύαγγελιστὴς,
1181 3048 1290 3101 ἀπὸ
1323 3049 1416 3100 τοῦ
1466 3048 1750 3118 μέλλοντος
1794 3050 2048 3106 ἔσεσθαι·

465 3123 656 3196 ὥσπερ
681 3124 773 3180 οὖν
803 3130 898 3181 καὶ
926 3129 1084 3193 αὑτός
1109 3147 1270 3202 φησιο
1296 3132 1406 3186 Καὶ
1437 3131 1598 3186 ἄλλα
1626 3135 1890 3200 πρόϐατα
1909 3135 2048 3202 ἔχω,

466 3211 563 3265 καὶ
614 3212 776 3274 αὐτὸς
827 3212 934 3266 ἀπὸ
986 3214 1081 3267 τοῦ
1119 3215 1406 3286 μέλλοντος
1454 3218 1594 3270 αύτά
1640 3217 1843 3272 καλῶν.
1891 3219 1955 3270 Τί
1993 3217 2050 3270 δέ

467 3296 636 3358 ἐστιν,
677 3296 1004 3366 Ἀρχιερεὺς
1039 3299 1125 3352 ὢν
1152 3299 1258 3353 τοῦ
1285 3299 1565 3353 ἐνιαυτοῦ
1595 3299 1864 3364 ἐκει¹νου;
1894 3301 2050 3354 Μετά

463 3378 574 3430 τῶν
601 3379 775 3432 ἄλλων
807 3382 900 3434 καὶ
929 3380 1088 3435 τοῦτο
1112 3381 1424 3453 διέφθαρτο.
1455 3383 1652 3435 Οὐκέτι
1677 3382 1784 3455 γὰρ
1812 3384 1902 3437 τὸν
1930 3384 2052 3455 χρό-

463 3479 554 3514 νον
583 3461 796 3515 ἅπαντα
826 3464 926 3532 τῆς
958 3464 1099 3534 ζωῆς
1130 3465 1429 3535 ἱεράτευον,
1458 3467 1571 3518 ἀλλ’
1599 3469 1864 3530 ἐνιαυτὸν,
1903 3468 1962 3533 ἐξ
1988 3462 2048 3522 οὗ

463 3545 748 3612 γεγόνασιν
791 3545 995 3617 ὠνηταὶ
1029 3548 1084 3600 αί
1132 3548 1317 3619 ἀρχαί.
1368 3548 1514 3618 Πλὴν
1567 3549 1703 3602 άλλά
1752 3549 1849 3602 καὶ
1905 3549 2049 3604 οὕτω

464 3632 647 3700 παρῆν
679 3630 756 3681 ἐτι
801 3630 860 3682 τὸ
895 3630 1136 3701 Πνεῦμα.
1179 3634 1396 3704 Ἐπειδὴ
1431 3634 1487 3686 δὲ
1538 3635 1637 3698 τὰς
1683 3638 1870 3705 χεῖρας
1905 3630 2048 3706 ἦραν

464 3714 605 3765 κατά
652 3713 745 3764 τοῦ
793 3711 1061 3784 Χριστοῦ,
1117 3715 1177 3768 τὸ
1231 3716 1531 3788 τηνικαῦτα
1595 3719 1792 3780 αὐτοὺς
1853 3719 2050 3786 ἐγκατ-

462 3794 638 3860 έλιπε,
663 3797 756 3848 καὶ
792 3797 1055 3868 μετῆλθεν
1094 3801 1187 3851 ἐπὶ
1213 3801 1340 3862 τοὺς
1371 3801 1720 3862 ἀποστόλους.
1751 3803 1858 3854 Καὶ
1889 3802 2048 3855 τοῦτο

461 3877 522 3931 τὸ
560 3879 958 3950 καταπέτασμα
996 3881 1185 3952 ἐδήλου
1218 3883 1561 3954 σχιζόμενον,
1604 3885 1699 3938 καὶ
1729 3890 1761 3953 ἡ
1792 3885 1884 3937 τοῦ
1915 3887 2049 3956 Χρι-

463 3961 590 4014 στοῦ
631 3965 780 4033 φωνὴ
811 3966 844 4031 ή
879 3963 1111 4032 λέγουσα
1132 3984 1145 3998 ο
1183 3967 1330 4020 Ἰδοὺ
1359 3969 1594 4036 ἀφίεται
1624 3971 1655 4022 ὁ
1687 3965 1851 4034 οἶκος
1879 3969 2048 4037 ὑμῶν

463 4043 612 4117 [590]
651 4046 890 4114 ἕρημος.
934 4050 1040 4100 Καὶ
1075 4048 1333 4119 Ἰώσηπος
1353 4051 1409 4103 δὲ
1432 4053 1570 4121 μετά
1591 4051 1798 4122 βραχὺν
1821 4053 2018 4120 γενόμε
2034 4083 2046 4094 ο

458 4145 546 4191 νος
565 4129 778 4199 χρόνον.
794 4130 895 4201 ἔφη
915 4133 1065 4194 τινὰς
1085 4133 1347 4200 ἀγγέλους
1363 4138 1488 4198 τοὺς
1507 4136 1585 4188 ἔτι
1606 4137 2043 4208 παραμένοντας,

459 4212 624 4282 εἰμὴ
675 4213 985 4285 βουληθεῖεν
1038 4219 1236 4270 ἐκεῖνοι
1297 4217 1670 4288 μεταστῆναι,
1721 4219 2044 4274 καταλιπεῖν

459 4293 676 4358 αὐτούς.
708 4296 855 4360 Ἕως
900 4299 996 4367 μὲν
1029 4300 1137 4369 γὰρ
1169 4300 1198 4350 ὁ
1241 4299 1503 4369 ἀμπελὼν
1541 4302 1818 4374 εἱστήκει,
1867 4303 2044 4358 πάντα

457 4377 666 4445 ἐγίνετο
685 4396 699 4408 ·
748 4380 930 4450 ἐπειδὴ
960 4381 1015 4433 δέ
1045 4383 1134 4434 τὸν
1179 4383 1515 4454 κληρονόμον
1564 4387 1912 4450 ἀπέκτειναν,
1943 4389 2043 4441 οὐκ

457 4460 559 4524 ἐτι,
603 4462 715 4514 ἀλλ’
758 4462 1064 4516 ἀπώλοντοο
1098 4466 1192 4517 καὶ
1229 4467 1477 4538 καθάπερ
1526 4469 1742 4536 ἱμάτιον
1787 4469 2041 4540 λαμπρὸν

457 4544 566 4596 ἀπὸ
595 4546 782 4609 παιδὸς
808 4547 1105 4617 ἀχρήστου,
1147 4547 1255 4600 τῶν
1292 4549 1581 4612 Ἰουδαίων,
1622 4548 1803 4604 λαϐὼν
1828 4551 1856 4604 6
1886 4553 2038 4617 Θεὸς,

455 4631 569 4690 τοῖς
593 4630 898 4699 εὐγνώμοσι
924 4630 1130 4694 δούλοις
1160 4632 1327 4685 ἔδωκε
1358 4635 1470 4696 τοῖς
1499 4633 1558 4699 ἐξ
1581 4632 1771 4697 ἐθνῶν,
1798 4635 2042 4700 ἐκείνους

457 4711 698 4781 ἐρήμους
729 4714 880 4780 ἀφεῖς
914 4715 1008 4767 καὶ
1031 4716 1290 4786 γυμνούς.
1311 4718 1384 4768 Ού
1407 4717 1602 4790 μικρὸν
1631 4717 1687 4771 δέ
1703 4718 1860 4772 τοῦτο
1876 4715 1965 4792 ἦν,
1982 4721 2042 4774 τὸ

456 4797 550 4848 καὶ
581 4796 669 4848 τὸν
704 4797 898 4866 ἐχθρὸν
928 4799 1303 4868 προφητεῦσαι
1342 4801 1538 4855 ταῦτα.
1571 4801 1744 4854 Τοῦτο
1776 4804 1871 4856 καὶ
1913 4804 2042 4868 τοὺς

455 4880 646 4943 ἄλλους
687 4883 1092 4937 ἐπισπάσασθαι
1133 4885 1383 4952 ἠδύνατο.
1427 4884 1585 4939 Κατὰ
1643 4885 1740 4955 μὲν
1783 4887 1894 4959 γάρ
1941 4887 2040 4958 τὴν

455 4963 620 5017 αὑτοῦ
675 4965 1016 5035 προαίρεσιν,
1067 4967 1326 5030 ἐναντίως
1374 4967 1556 5039 ἐξέϐη.
1604 4969 1822 5041 Ἐπειδὴ
1876 4969 2038 5041 γάρει

453 5046 713 5111 ἀπέθανε,
746 5048 832 5103 διὰ
869 5049 1026 5103 τοῦτο
1054 5051 1154 5120 τῆς
1193 5051 1493 5122 μελλούσης
1541 5051 1817 5115 κολάσεως
1859 5053 2039 5124 ἀπηλ-

453 5129 697 5200 λάγησαν
728 5134 776 5184 οἱ
818 5135 1018 5187 πιστοί.
1067 5135 1130 5186 Τί
1174 5137 1343 5201 ἐστιν,
1371 5136 1497 5190 Ἵνα
1534 5136 1850 5206 συναγάγῃ
1895 5137 2038 5206 τοὺς

450 5215 653 5284 ἐγγὺς,
683 5217 778 5269 καὶ
807 5217 947 5282 τοὺς
971 5218 1243 5286 μαλιράν;
1273 5221 1368 5271 “Iuv
1398 5220 1557 5289 σῶμα
1588 5221 1862 5289 ἐποίησεν.
1897 5221 1955 5273 '0
1979 5223 2037 5274 ἐν

463 5299 653 5373 Ῥώμῃ
679 5299 704 5338 b
740 5301 1049 5372 καθήμενος
1087 5303 1214 5366 τοὺς
1251 5303 1446 5366 Ἰνδοὺς
1476 5304 1632 5374 μέλος
1657 5299 1796 5358 εἶναι
1828 5305 2037 5376 νομίζει

516 5447 660 5521 ΙξΑΙὶί
683 5450 842 5521 ἐπειδὴ
861 5450 934 5521 δέ.
963 5447 1032 5521 ub
1057 5447 1397 5521 Nptaﬁavilii:
1431 5449 1619 5521 Βοὶεἱιιε
1663 5463 1726 5521 οφ
1777 5449 2037 5521 Τίιεξοῃίιῃ-

449 5509 574 5577 (acto
607 5516 661 5577 _el
711 5508 1066 5577 (ηιιεδιίοηίὸιιε
1093 5509 1143 5559 in
1168 5512 1426 5577 Joqnnem,
1445 5511 1614 5577 quibus
1645 5511 1791 5577 etiam
1814 5508 2038 5577 αιίδίίρῖιτ

451 5575 580 5638 (ulur
600 5569 862 5638 igyerpres,
897 5573 1033 5638 I_mm=_
1051 5573 1221 5638 Iugum“
1252 5570 1316 5621 ita
1343 5569 1518 5638 expiet.
1546 5573 1754 5638 _omnino
1778 5569 1955 5638 fracte;
1989 5576 2036 5622 τί

451 5635 597 5682 ἐστιν.
619 5633 726 5698 Ἵνα
748 5635 985 5698 συναγάγῃ
1001 5636 1063 5688 εἰς
1078 5635 1173 5698 ,ἓν-ς
1197 5635 1312 5683 ¹¹Οτι
1333 5633 1441 5691 τοῦς
1462 5636 1593 5696 ἐγγὺς
1614 5639 1693 5684 καὶ
1716 5637 1824 5691 τοὺς
1851 5633 2034 5698 μακρὰν

451 5697 500 5742 ἐν
525 5697 667 5758 σῶμα
688 5695 899 5752 ἐποίησε,
921 5698 1002 5743 καὶ
1025 5698 1050 5743 ὀ
1067 5697 1114 5742 ἐν
1147 5695 1327 5758 Ῥώμῃ.
1358 5700 1420 5745 lla
1455 5695 1615 5758 placet
1635 5699 1740 5746 hwc
1765 5695 2031 5758 restitutio,

452 5764 507 5801 ιιι.
541 5755 578 5801 si
626 5758 702 5800 ve!
749 5771 870 5803 unus
915 5759 1069 5803 codex
1127 5755 1534 5818 :udsll'p'ularelinr,
1558 5774 1663 5807 eam
1693 5760 1908 5807 libenter
1957 5755 2032 5806 in;

449 5819 512 5860 ιΙιι
558 5828 699 5859 mem"
751 5820 794 5862 in
841 5823 1023 5864 serium
1093 5819 1340 5876 Inlorpros'
1385 5821 1618 5869 Arelimm
1663 5822 1785 5866 hanc
1831 5830 2031 5867 somnus

453 5878 713 5942 Ιιιειίιιιιιιιιι
745 5881 812 5942 εἰς
851 5881 996 5926 \‘I'rlil
1023 5899 1033 5925 ε
1058 5879 1154 5926 Sed
1181 5879 1294 5939 quid
1319 5881 1493 5942 signal,
1537 5882 1596 5928 ιέι
1634 5888 1956 5940 conngrogaret
1979 5887 2027 5929 in

455 5935 647 6006 ιιιιιιξιξξ),
670 5938 808 6004 Ouml_
841 5952 919 6006 ιρι)
943 5952 1093 5998 prope
1125 5935 1275 5988 erit":
1318 5935 1481 6006 αι”ιμιί
1504 5942 1657 6004 ίυκιιε,
1683 5935 2029 6004 ιιιιιιειῖίὀηηιε

452 5993 684 6048 reddidit,
725 5997 808 6059 qui
855 5993 1137 6057 Ποίξ.ιι”ι“δι·,
1198 6010 1293 6051 ριν.

1183 351 1242 407 S.
1281 349 1567 408 JOANNIS
1603 351 2088 410 CHRYSOSTOMI
2126 355 2444 412 ARCHIEP.
2483 355 3030 413 CONSTANTINOP.

3640 359 3745 414 562

2170 476 2384 532 ἑαυτοῦ.
2417 476 2482 530 Τί
2514 477 2716 548 ταύτης
2752 478 2851 548 τῆς
2894 478 3219 548 συναγωγῆς
3257 479 3406 544 (cev;
3449 479 3559 534 Καὶ
3607 479 3744 531 πάν-

2167 575 2276 611 των
2313 561 2523 631 κεφαλὴ
2566 563 2593 612 6
2631 561 2897 631 Χριστός·
2935 562 3051 614 Ἀπ’
3085 561 3327 627 ἐκείνης
3363 559 3473 629 τῆς
3520 560 3745 630 ἡμέρας

2165 637 2606 692 ἐϐουλεύσαντο
2641 642 2694 692 οἱ
2730 639 3016 703 Ἰουδαῖοι,
3046 640 3147 691 ἵνα
3179 640 3610 693 ἀποκτείνωσιν
3646 643 3745 693 αὑ-

2160 722 2285 773 τόν.
2331 722 2438 774 Καὶ
2479 722 2586 792 μὴν
2631 721 2898 793 πρότερον
2962 724 3210 793 ἐζήτουν.
3255 724 3417 791 Λέγει
3467 723 3602 792 γάρ·
3641 723 3744 776 Διὰ

2159 803 2334 855 τοῦτο
2361 801 2608 869 ἐζήτουν
2630 807 2689 857 οί
2716 804 2980 859 Ἰουδαῖοι
3007 805 3195 858 αὐτὸν
3219 805 3565 860 ἀποκτεῖναι
3583 824 3596 838 ο
3625 808 3738 872 καὶ,

2165 885 2226 937 Τί
2251 903 2328 954 με
2355 884 2575 954 ζητεῖτε
2599 888 2985 954 ἁποκτεῖναι;
3024 889 3184 942 Ἀλλά
3212 891 3330 943 τότε
3365 889 3462 961 μὲν
3493 889 3738 960 ἐζήτουν,

2163 968 2254 1020 νῦν
2285 969 2341 1022 δέ
2385 972 2478 1024 καὶ
2513 971 2797 1039 ἐκύρωσαν
2827 972 2924 1043 τὴν
2962 971 3208 1042 γνώμην,
3245 973 3336 1026 καὶ
3378 974 3452 1038 ῶς
3479 975 3622 1044 ἔργῳ
3663 975 3741 1044 τῷ

2161 1051 2446 1122 πράγματι
2472 1053 2788 1125 κέχρηνται.
2825 1057 3056 1123 Ἰησοῦς
3097 1056 3164 1108 δὲ
3187 1059 3296 1110 οὐκ
3317 1059 3404 1111 ἐτι
3435 1060 3742 1127 παρρησίᾳ

2158 1137 2495 1202 περιεπάτει
2523 1137 2594 1190 ἐν
2630 1136 2702 1205 τῇ
2739 1138 3008 1206 Ἰουδαίᾳ.
3042 1138 3210 1192 Πάλιν
3240 1140 3591 1212 ἀνθρωπίνως
3619 1143 3745 1195 ἐαυ-

2157 1218 2248 1270 τὸν
2275 1217 2459 1286 σώζει,
2491 1220 2588 1273 καὶ
2619 1220 2857 1291 συνεχῶς
2885 1221 3044 1276 τοῦτο
3070 1232 3092 1261 ο
3130 1224 3293 1276 ποιεῖ.

2230 1371 2296 1441 β’.
2319 1372 2428 1444 Τὴν
2454 1373 2510 1426 δέ
2533 1374 2713 1428 αἰτίαν
2746 1370 2918 1440 εἷπον,
2936 1375 3003 1428 δι’
3029 1375 3096 1446 ἣν
3127 1373 3384 1438 πολλάκις
3416 1373 3622 1444 ἀπῆλθε
3647 1376 3740 1428 καὶ

2158 1456 2491 1529 ἀνεχώρησε.
2527 1459 2635 1513 Καὶ
2663 1458 2758 1511 νῦν
2805 1460 2972 1527 ἐγγὺς
3002 1459 3100 1528 τῆς
3129 1459 3335 1530 ἐρήμου
3379 1458 3643 1530 διατρίϐει
3682 1461 3740 1511 ἐν

2170 1539 2430 1610 Ἑφρατά,
2476 1542 2569 1592 καί
2607 1542 2722 1593 ἐκεῖ
2751 1536 2909 1612 ἔμενε
2952 1541 3089 1612 μετὰ
3119 1541 3229 1593 τῶν
3261 1540 3518 1611 μαθητῶν
3548 1541 3734 1596 αὐτοῦ.

2157 1623 2281 1686 Πῶς
2312 1624 2412 1677 οῖει
2442 1624 2788 1697 θορυϐεῖσθαι
2821 1626 2946 1688 τοὺς
2983 1624 3252 1696 μαθητὰς,
3297 1625 3534 1697 ὁρῶντας
3577 1626 3738 1678 αὐτὸν

2155 1705 2510 1776 ἀνθρωπίνως
2553 1709 2890 1779 σωζόμενονς
2923 1710 3110 1773 Οὐδεὶς
3153 1709 3338 1764 λοιπὸν
3381 1709 3736 1780 ἠκολούθησε.

2154 1787 2268 1856 Τῆς
2302 1788 2411 1860 γάρ
2453 1791 2646 1862 ἑορτῆς
2677 1790 2843 1862 οὔσης
2877 1794 3064 1861 ἐγγὺς,
3115 1791 3316 1855 πάντες
3348 1793 3440 1846 ἐπὶ⁸
3475 1793 3544 1846 τὰ
3579 1794 3741 1864 Ἱεροο

2156 1870 2364 1941 σόλυμα
2408 1871 2659 1943 ἔτρεχονο
2703 1875 2858 1928 αὐτοὶ
2896 1875 2974 1940 δέ,
3005 1877 3095 1929 ὅτε
3143 1875 3344 1940 πάντες
3382 1876 3599 1948 ἔχαιρον
3645 1877 3741 1930 καὶ

2153 1953 2572 2025 ἐπανηγύριζον,
2615 1956 2737 2010 τότε
2786 1957 3154 2030 κρύπτονται,
3198 1958 3319 2013 τότε
3367 1961 3426 2012 ἐν
3476 1959 3739 2024 κινδύνοις

2153 2037 2321 2091 εἰσίν·
2360 2038 2476 2092 ἀλλ’
2519 2040 2671 2111 ὅμως
2718 2043 3045 2113 παρέμενον.
3087 2044 3199 2098 Καὶ
3249 2043 3358 2115 γὰρ
3391 2046 3449 2097 ἐν
3479 2047 3546 2114 τῇ
3577 2045 3737 2098 Γαλι-

2151 2117 2298 2190 λαίᾳ,
2329 2121 2424 2175 τοῦ
2457 2123 2649 2194 Πάσχα
2679 2123 2831 2188 δντος
2865 2127 2960 2178 καὶ⁵
2995 2127 3094 2196 τῆς
3124 2127 3536 2198 Σκηνοπηγίας,
3573 2128 3737 2199 ἐκρύ-

2152 2217 2347 2256 πτοντο
2367 2217 2380 2233 ⁶
2413 2207 2506 2258 καὶ
2534 2205 2698 2260 πάλιν
2735 2207 2873 2278 μετά
2901 2207 3107 2271 ταῦτα,
3154 2209 3253 2279 τῆς
3297 2210 3490 2280 ἑορτῆς
3532 2208 3732 2280 οὔσης,

2148 2285 2228 2356 τῷ
2257 2287 2478 2358 φεύγειν
2504 2292 2598 2344 καὶ
2623 2290 2701 2362 τῷ
2726 2290 3060 2364 κρύπτεσθαι
3089 2293 3238 2362 μόνοι
3264 2292 3372 2346 τῶν
3392 2293 3564 2348 ἀλλων
3596 2295 3735 2362 μετὰ

2147 2369 2243 2422 τοῦ
2278 2371 2629 2437 Διδασκάλου,
2673 2375 2772 2446 τὴν
2810 2373 3020 2428 εὔνοιαν
3063 2375 3495 2448 ἐπιδεικνύμενοι
3520 2377 3569 2429 ἀ.
3612 2378 3730 2432 Ἐν-

2149 2453 2337 2507 τεῦθέν
2369 2473 2536 2527 φησιν
2563 2459 2590 2510 6
2621 2459 2834 2522 Λουκᾶς
2867 2459 3028 2511 αὐτὸν
3064 2459 3366 2530 εἰρηκέναι,
3407 2460 3547 2530 Ἐγὼ
3583 2475 3731 2530 πηρ-

2147 2537 2351 2606 ἐμεινα
2378 2541 2520 2609 ὑμῖν
2545 2541 2614 2595 ἐν
2657 2541 2784 2608 τοῖς
2833 2542 3204 2613 πειρασμοῖς.
3236 2543 3423 2598 Ταῦτα
3467 2545 3524 2598 δέ
3555 2545 3729 2615 ἔλεγε,

2147 2619 2362 2685 δεικνὺς
2403 2624 2482 2676 ὅτι
2518 2625 2669 2697 παρά
2710 2626 2810 2696 τῆς
2845 2625 3011 2679 αὐτοῦ
3062 2626 3236 2696 ῥοπῆς
3279 2627 3720 2697 ἐνδυναμοῦνται.

2148 2706 2373 2760 Πολλοὶ
2401 2707 2469 2760 δὲ
2517 2708 2584 2760 ἐκ
2611 2706 2722 2776 τῆς
2758 2707 2953 2778 χώρας
2979 2709 3284 2777 ἀνέϐησαν
3317 2709 3558 2778 ἁγνίσαι
3595 2711 3729 2765 ἑαυ-

2145 2789 2308 2853 τούς.
2349 2791 2459 2843 Καὶ
2501 2791 2733 2845 ἔδωκαν
2767 2794 3174 2862 παραγγελίας
3211 2796 3264 2848 oi
3305 2795 3598 2864 ἀρχιερεῖς
3633 2796 3731 2850 καί

2145 2874 2202 2924 οἱ
2252 2873 2589 2940 Φαρισαῖοι,
2637 2876 2738 2928 ἵνα
2795 2877 3100 2930 πιάσωσιν
3149 2878 3355 2932 αὐτόν.
3407 2878 3732 2950 Θαυμαστὸς

2147 2957 2432 3027 ἀγνισμὸς,
2469 2959 2606 3030 μετά
2637 2961 2924 3029 μιαιφόνου
2955 2961 3346 3032 προαιρέσεως,
3381 2962 3522 3033 μετά
3544 2965 3731 3035 ἀνδρο-

2145 3041 2307 3108 φόνου
2341 3042 2602 3107 διανοίας,
2640 3043 2777 3114 μετά
2822 3044 3160 3115 ᾐμαγμένων
3203 3044 3418 3116 χειρῶν.
3452 3048 3561 3101 Καὶ
3601 3049 3731 3102 ἐνίε-

2143 3140 2280 3190 γον·
2325 3125 2558 3179 Δοκεῖτε
2601 3124 2689 3179 ὅτι
2721 3128 2793 3182 οὐ
2829 3126 2916 3197 μὴ
2959 3128 3107 3197 ἔλθῃ
3145 3127 3214 3181 ὲν
3252 3126 3324 3197 τῇ
3381 3129 3556 3199 ἐορτῇ
3578 3148 3598 3193 ,°
3631 3131 3735 3185 Διά

2143 3207 2237 3259 τοῦ
2283 3209 2476 3279 Πάσχα
2507 3209 2884 3273 ἐπεϐούλευον,
2919 3213 3014 3265 καὶ
3055 3213 3145 3266 τὸν
3184 3214 3375 3284 καιρὸν
3413 3214 3512 3285 τῆς
3538 3217 3730 3288 έορτῆς

2145 3293 2423 3347 ἐποιοῦντο
2467 3295 2658 3367 καιρὸν
2697 3298 2944 3368 σφαγῆς·
2990 3298 3288 3364 τουτέστιν,
3336 3301 3598 3355 Ἐνταῦθα
3628 3304 3730 3356 αὺ-

2146 3375 2236 3428 τὸν
2264 3379 2524 3446 ἐμπεσεῖν
2553 3379 2652 3439 δεῖ.
2678 3379 2771 3433 τοῦ
2803 3381 2996 3452 καιροῦ
3025 3381 3315 3447 καλοῦντος
3335 3384 3516 3438 αὐτόν.
3542 3387 3604 3438 Ὠ
3631 3390 3730 3457 τῆς

2145 3460 2427 3524 ἀσεϐείαςε
2460 3463 2547 3515 ὅτε
2590 3463 2833 3528 πλείονος
2858 3465 2964 3518 ἔδει
2994 3465 3094 3536 τῆς
3124 3467 3431 3531 εὐλαϐείας.
3463 3470 3558 3522 καὶ
3603 3471 3730 3532 τοὺς

2143 3541 2294 3615 [591]
2326 3546 2416 3596 ἐπὶ
2441 3549 2551 3609 τοῖς
2578 3548 2826 3617 ἐσχάτοις
2851 3549 3213 3619 εἰλημμένους
3235 3549 3472 3618 ἀφιέναι,
3494 3551 3614 3605 τότε
3637 3553 3728 3604 τὸν

2142 3625 2294 3709 οὐδὲν
2313 3629 2612 3698 ἠδικηκότα
2634 3631 2895 3702 θηρεῦσαι
2917 3633 3276 3704 ἐπιχειροῦσι.
3296 3635 3488 3688 Καίτοι
3515 3637 3607 3689 καὶ
3627 3638 3728 3709 ἥδη

2142 3708 2302 3762 τοῦτο
2332 3713 2678 3782 ποιήσαντες.
2710 3715 2770 3768 οὐ
2812 3715 2971 3784 μόνον
3001 3717 3153 3770 οὐδὲν
3188 3717 3423 3788 ὤνησαν,
3460 3719 3598 3773 ἀλλά
3627 3708 3723 3774 καῖ

2143 3794 2536 3862 καταγέλαστοι
2563 3797 2840 3865 γεγόνασι.
2862 3799 2961 3852 Διά
2985 3798 3146 3852 τοῦτο
3174 3800 3411 3871 συνεχῶς
3438 3802 3727 3872 ἐμπίπτων

2141 3875 2441 3945 διαφεύγει,
2466 3879 2560 3932 καὶ
2589 3879 3007 3951 βουλευομένους
3032 3893 3054 3920 ε
3081 3883 3242 3936 αὑτὸν
3272 3885 3476 3938 ἀνελεῖν
3506 3887 3730 3956 κατέχει

2143 3961 2239 4013 καὶ
2274 3961 2501 4032 ἀπορεῖν
2546 3967 2706 4028 ποιεῖ,
2736 3967 2800 4036 τῇ
2828 3965 2926 4035 τῆς
2953 3967 3235 4036 δυνάμεως
3262 3969 3530 4034 ἀποδείξει
3559 3989 3721 4023 κατα-

2141 4046 2296 4110 νύξαι
2332 4046 2680 4117 βουλόμενος·
2716 4051 2812 4102 καὶ
2843 4051 2928 4104 ἵνα
2968 4050 3098 4103 ὅταν
3128 4051 3368 4106 λάϐωσιν
3396 4055 3576 4113 αὐτὸν.
3618 4056 3722 4124 μά-

2143 4127 2309 4182 θωσιν
2335 4131 2418 4182 ὅτι
2445 4131 2506 4184 οὐ
2553 4135 2651 4202 τῆς
2679 4134 2885 4196 οἰκείας
2914 4133 3095 4204 ίσχύος
3119 4129 3207 4204 ἦν,
3232 4136 3365 4190 ἀλλὰ
3391 4137 3490 4206 τῆς
3517 4140 3727 4191 ἐκείνου

2143 4215 2542 4284 συγχωρήσεως
2584 4215 2646 4266 τὸ
2675 4217 2978 4285 γινόμενον.
3013 4217 3146 4270 Ούδέ
3180 4218 3287 4288 γὰρ
3324 4219 3446 4271 τότε
3498 4221 3730 4290 ἴσχυσαν

2140 4294 2302 4347 αὑτὸν
2331 4296 2639 4363 συλλαϐεῖν,
2662 4299 2754 4351 καὶ
2778 4299 2951 4352 ταῦτα
2980 4301 3205 4370 πλησίον
3231 4301 3396 4372 οὔσης
3421 4303 3520 4372 τῆς
3557 4305 3727 4374 Βηθα-

2140 4375 2288 4441 νίας·
2320 4381 2414 4431 κα¹ι
2442 4379 2531 4432 ὅτε
2564 4379 2619 4432 δὲ
2652 4381 2964 4438 συνέλαϐον.
2995 4383 3216 4455 ἔρριψεν
3247 4385 3443 4449 αὐτοὺς
3474 4387 3720 4450 ὑπτίους.

2138 4461 2258 4528 Πρὸ
2283 4459 2352 4526 ἐξ
2374 4461 2442 4515 δὲ
2466 4461 2702 4530 ἡμερῶν
2724 4465 2829 4519 τοῦ
2850 4465 3066 4534 Πάσχα
3092 4467 3277 4535 ἦλθεν
3294 4471 3380 4533 εἰς
3399 4471 3719 4535 Βηθανίαν,

2137 4541 2291 4596 ὅπου
2320 4540 2400 4614 ἦν
2438 4542 2700 4612 Λάζαρος
2724 4563 2737 4577 ’
2771 4548 2869 4600 καὶ
2886 4549 3145 4602 εἱστιᾶτο
3171 4553 3308 4618 παρ’
3341 4551 3546 4617 αὐτοῖς
3572 4591 3585 4613 ,
3623 4555 3722 4605 καί

2137 4625 2346 4694 Μάρθα
2372 4627 2652 4693 διακονεῖ,
2690 4629 2788 4683 καὶ
2819 4629 3080 4701 Λάζαρος
3102 4633 3308 4688 ἐσθίει.
3352 4634 3522 4688 Τοῦτο
3544 4637 3599 4688 δὲ
3623 4639 3720 4706 τῆς

2137 4709 2461 4781 εἰλικρινοῦς
2491 4711 2838 4777 ἀναστάσεως
2869 4718 3092 4786 σημεῖον
3130 4711 3219 4786 ἦν,
3250 4717 3310 4770 τὸ
3345 4722 3482 4788 μετά
3508 4721 3720 4790 ἡμέρας

2136 4792 2337 4857 πολλὰς
2366 4795 2462 4847 καὶ
2491 4793 2590 4865 ζῇν
2622 4797 2716 4849 καὶ
2745 4797 2963 4851 ἐσθίειν.
3001 4797 3020 4836 ί
3059 4799 3219 4852 Ὅθεν
3247 4800 3424 4871 δῆλον,
3454 4803 3536 4855 ὅτι
3559 4805 3616 4856 ἐν
3649 4807 3716 4873 τῇ

2135 4876 2284 4948 οἰκίᾳ
2321 4877 2492 4948 αὐτῆς
2517 4879 2577 4932 τὸ
2612 4880 2833 4950 ἄριστον
2853 4875 2921 4951 ἦν
2945 4897 2956 4909 ·
2993 4881 3086 4936 ἀτε
3116 4883 3223 4953 γάρ
3253 4884 3397 4952 φίλοι
3420 4888 3512 4939 καὶ
3535 4885 3720 4955 φιλού-

2140 4977 2310 5030 μενοι,
2347 4961 2590 5032 δέχονται
2639 4965 2730 5018 τὸν
2799 4964 3026 5036 Ἰησοῦν.
3059 4967 3214 5030 Τινὲς
3252 4967 3309 5020 δέ
3339 4987 3500 5038 φασιν
3545 4972 3624 5022 ὅτι
3658 4973 3719 5022 ἐν

2135 5043 2391 5116 ἀλλοτρίᾳ
2419 5045 2564 5116 οίκίᾳ
2592 5046 2748 5098 τοῦτο
2781 5046 3015 5116 ἐγένετο.
3059 5049 3121 5101 'H
3144 5049 3198 5103 δὲ
3230 5051 3419 5121 Μαρία
3447 5052 3506 5104 οὐ
3537 5053 3708 5122 διηκόι

2125 5146 2214 5181 .νει
2237 5146 2250 5159 ·
2286 5129 2561 5200 μαθήτρια
2588 5131 2697 5202 γὰρ
2724 5125 2808 5202 ἦν.
2843 5131 3010 5186 Πάλιν
3031 5132 3261 5186 ἐνταῦθα
3291 5135 3430 5205 αὕτη
3467 5154 3711 5207 πνευμα-

2133 5213 2448 5284 τικώτερον.
2479 5215 2553 5268 Ού
2589 5215 2826 5286 διηκόνει
2845 5215 2954 5287 γὰρ
2974 5215 3049 5280 ὡς
3089 5217 3421 5289 κεκλημένη.
3461 5220 3582 5273 οὐδὲ
3607 5238 3717 5274 κοι-

2133 5298 2230 5366 νὴν
2275 5299 2509 5350 ποιεῖται
2546 5298 2646 5369 τὴν
2678 5299 2980 5371 ὑπηρεσίαν
3005 5317 3020 5330 ο
3063 5300 3176 5353 ἀλλ’
3216 5305 3297 5362 εἰς
3344 5301 3508 5356 αὐτὸν
3555 5304 3716 5372 μόνον

2132 5379 2445 5451 περιίστησι
2474 5381 2572 5450 τὴν
2605 5382 2770 5451 τιμήν
2795 5398 2808 5412 ·
2840 5383 2934 5434 καὶ
2966 5385 3063 5452 οὐχ
3093 5383 3167 5447 ὡς
3199 5384 3467 5456 ἀνθρώπῳ
3496 5387 3715 5456 πρόσει-

2133 5481 2236 5528 σιν,
2263 5463 2376 5516 ἀλλ’
2399 5463 2473 5527 ὡς
2497 5462 2632 5532 Θεῷ.
2665 5463 2737 5516 Τὸ
2763 5464 2869 5535 γάρ
2899 5465 3069 5536 μύρον
3095 5467 3182 5520 διὰ
3209 5468 3365 5521 τοῦτο
3393 5468 3592 5538 ἐξέχεε.
3621 5472 3715 5522 καὶ

2130 5550 2250 5607 ταῖς
2280 5545 2423 5616 θριξὶ
2453 5547 2550 5616 τῆς
2576 5546 2816 5616 κεφαλῆς
2844 5548 3144 5619 ἀπέμαξεν,
3174 5550 3332 5604 ἅτινα
3359 5553 3456 5604 οὐκ
3484 5548 3551 5622 ἦν
3581 5554 3713 5607 ὑπό-

2129 5627 2291 5698 ληψιν
2322 5628 2552 5700 ἐχούσης
2582 5631 2710 5700 περὶ
2743 5630 2910 5683 αὐτοῦ
2957 5633 3232 5702 τοιαύτην,
3271 5635 3386 5688 οἵαν
3417 5637 3466 5688 οῖ
3505 5636 3719 5690 πολλοί.

2192 5821 2214 5848 ο
2263 5818 2360 5880 Alii
2400 5816 2568 5866 ταῦτα.
2635 5815 2661 5856 d
2688 5816 2839 5865 Savil.
2880 5824 2934 5866 et
2973 5816 3166 5865 Boisius
3196 5819 3458 5880 legendum
3501 5827 3714 5868 censent.

2127 5879 2479 5936 ἐπεδείκνυντο,
2521 5886 2574 5927 ει
2622 5888 2759 5928 recte
2805 5880 3035 5939 quidem;
3085 5880 3173 5927 sed
3220 5879 3389 5929 ()mnes
3434 5894 3549 5929 mss.
3604 5882 3723 5928 ἐπι-

2126 5942 2417 6003 δεικνύμενοι
2454 5941 2648 5998 habet".
2752 5944 2775 5970 °
2816 5942 3020 5999 Quidam
3068 5943 3391 6002 βουλομένους.
3483 5942 3500 5974 τ
3558 5943 3709 5990 Addit

2131 6005 2280 6051 Sam.
2329 6003 2409 6048 καὶ
2447 6006 2474 6056 ἡ
2511 6003 2679 6063 Μάρθα
2708 6005 2930 6059 διηκόνει,
2962 6016 3072 6062 qua:
3105 6018 3281 6053 590303
3314 6005 3535 6065 rt'quiril.
3573 6004 3706 6052 [iam
