4100 6362
394 333 504 389 363

397 463 451 505 ut
476 448 816 519 evangelista,
850 446 1019 515 ipsum
1061 442 1185 499 furti
1230 443 1461 498 faciendt
1502 457 1661 497 causa
1694 442 1976 495 mulierem

397 541 741 614 increpasse?
769 539 1024 595 Patientia
1053 552 1147 591 sua
1174 536 1342 590 voluit
1368 550 1489 589 eum
1523 534 1574 588 in
1611 533 1865 601 pudorem
1894 532 1979 586 de-

395 638 613 693 ducere.
664 633 815 702 Quod
861 641 1038 686 autem
1086 639 1268 684 nosset
1312 628 1459 682 illum
1500 643 1619 682 esse
1649 626 1979 696 proditorem

396 741 560 801 patet,
588 730 728 801 quod
772 729 880 798 jam
924 727 1072 781 illum
1102 742 1245 796 smpe
1272 725 1624 795 redarguerit,
1661 732 1718 777 ut
1744 738 1865 777 cum
1895 722 1980 776 di-

396 824 491 885 xit,
514 821 627 875 Non
652 835 838 874 omnes
862 819 1086 873 credunt
1106 816 1283 888 (Joan.
1305 817 1357 871 6.
1376 815 1500 884 65);
1523 813 1750 878 et,Unus
1767 830 1830 869 ea:
1844 814 1982 867 vobis

394 912 625 967 diabolus
651 922 723 965 est
746 909 909 979 (Ibid.
928 926 975 964 υ.
997 910 1110 978 71).
1135 908 1389 963 lndicavit
1411 922 1540 976 ergo
1564 921 1622 960 se
1646 920 1803 960 nosse
1832 904 1979 959 illum

394 1021 517 1061 esse
549 1005 895 1074 proditorem,
944 1019 1049 1056 non
1091 1018 1220 1056 vero
1249 1011 1432 1071 aperte
1458 1000 1747 1069 redarguit,
1776 998 1871 1053 sed
1899 998 1982 1051 in—

392 1098 574 1161 dulsit,
620 1095 760 1166 quod
803 1094 965 1150 vellet
1003 1109 1126 1150 eum
1166 1111 1197 1146 a
1240 1092 1512 1162 proposito
1560 1105 1832 1146 revocare.
1872 1088 1981 1144 Cur

393 1206 523 1260 ergo
549 1189 683 1242 alius
723 1187 879 1254 dixit,
923 1200 1112 1241 omnes
1145 1185 1435 1252 discipulos
1464 1184 1541 1238 sic
1585 1183 1831 1253 loquutos
1860 1197 1981 1236 esse

395 1282 606 1352 (Matth.
638 1280 729 1334 26.
761 1279 859 1351 8)?
901 1278 968 1333 Et
1008 1291 1218 1341 omnes,
1258 1286 1314 1332 et
1356 1277 1482 1340 ille;
1513 1274 1608 1330 sed
1650 1274 1843 1343 reliqui
1873 1289 1977 1328 non

393 1375 584 1430 eodem
611 1376 808 1426 animo.

467 1465 570 1521 Cur
595 1466 822 1520 Christus
848 1464 950 1532 furi
972 1463 1162 1517 [oculos
1187 1461 1511 1516 commiserit.
1533 1491 1605 1501 —
1620 1458 1772 1527 Quod
1795 1459 1837 1512 si
1861 1457 1979 1528 quis

393 1568 620 1631 quaerat,
664 1573 761 1612 cur
809 1557 906 1609 furi
950 1557 1152 1611 loculos
1204 1568 1493 1623 pauperum
1531 1550 1878 1614 commiserit,
1927 1560 1981 1604 et

393 1666 612 1705 avarum
642 1650 1066 1719 diSpeusatorem
1109 1647 1326 1710 fecerit,
1369 1643 1832 1712 respondebimus,
1868 1656 1979 1695 rem

394 1758 644 1798 arcanam
675 1757 839 1796 unum
887 1754 1049 1795 nosse
1093 1740 1289 1801 Deum;
1326 1735 1467 1806 quod
1505 1735 1551 1790 si
1596 1734 1867 1804 quidpiam
1912 1733 1979 1788 sit

326 1866 333 1879 κ
393 1833 748 1904 conjectaudo
784 1831 1071 1887 dicendum
1102 1847 1114 1884 :
1158 1839 1216 1884 ut
1242 1844 1455 1883 omnem
1492 1828 1727 1881 auferret
1753 1840 1979 1881 excusa-

395 1929 555 1983 tionis
582 1942 816 1982 causam.
851 1924 965 1980 Non
997 1926 1139 1979 enim
1170 1923 1353 1979 dicere
1393 1928 1605 1992 poterat
1635 1936 1694 1974 se
1722 1936 1784 1974 ex
1813 1935 1978 1989 pecu-

396 2022 603 2076 niarum
635 2034 818 2074 amore
861 2018 915 2073 id
964 2017 1175 2080 fecisse,
1212 2031 1332 2069 cum
1364 2022 1545 2085 posset
1571 2012 1842 2082 cupiditati
1871 2027 1982 2065 sum

394 2130 460 2169 ex
490 2112 681 2167 loculis
708 2111 883 2166 facere
911 2111 1061 2174 satis,
1085 2108 1179 2164 scd
1208 2124 1273 2163 ex
1301 2107 1504 2177 ingenti
1536 2106 1792 2176 nequitia,
1821 2120 1978 2174 quam

395 2206 611 2262 volebat
654 2204 901 2259 Christus
945 2201 1200 2257 cohibere
1228 2242 1243 2263 ,
1290 2198 1614 2269 indulgentia
1656 2212 1781 2267 erga
1835 2197 1980 2251 illum

396 2297 561 2352 multa
587 2311 735 2351 usus.
765 2294 1120 2363 Quamobrem
1146 2293 1163 2325 ί
1190 2292 1337 2347 illum
1376 2290 1639 2345 furantem
1662 2304 1770 2343 non
1797 2302 1986 2357 argue.

398 2391 508 2456 hat,
536 2390 635 2445 etsi
666 2404 769 2442 non
800 2388 1031 2449 nescius,
1070 2386 1186 2455 ejus
1216 2385 1409 2439 malam
1450 2383 1736 2438 obstrueus
1778 2381 1982 2451 cupidi-

398 2491 579 2544 tatem,
610 2490 665 2536 et
694 2495 906 2534 omnem
938 2477 1189 2532 auferens
1236 2477 1657 2531 excusationem.
1708 2474 1875 2528 Sinite
1915 2473 1982 2526 il-

398 2576 518 2639 lam,
548 2573 747 2642 inquit;
776 2574 827 2625 in
865 2572 995 2625 diem
1024 2569 1299 2639 sepultum
1336 2584 1459 2621 mea:
1488 2568 1581 2620 ltoc
1620 2566 1754 2636 fecit.
1779 2565 1984 2619 Rursus

398 2666 724 2737 proditorem
769 2665 1041 2723 admonet.
1089 2678 1207 2714 rum
1257 2660 1547 2728 sepulturte
1580 2657 1839 2710 meminit.
1876 2654 1984 2709 Sed

400 2774 505 2813 non
534 2758 753 2814 incessit
778 2756 928 2810 illum
958 2754 1201 2819 monitio,
1233 2767 1404 2822 neque
1434 2750 1537 2804 hoc
1558 2750 1780 2804 verbum
1812 2748 1981 2803 emol-

400 2848 512 2903 livit
538 2866 552 2903 :
581 2848 679 2903 etsi
720 2848 981 2916 potuisset
1024 2845 1171 2898 illum
1213 2844 1265 2897 in
1296 2841 1815 2897 commiserationem
1858 2838 1985 2905 inji-

400 2959 555 3007 cere;
588 2959 651 2997 ac
678 2944 721 2996 si
753 2941 957 2995 diceret
986 2957 1000 2993 :
1028 2938 1281 2992 Molestus
1308 2951 1424 2989 sum
1474 2942 1529 2989 et
1561 2947 1861 2995 onerosus;
1890 2931 1983 2986 sed

400 3044 648 3104 exspecta
679 3033 961 3103 paulisper,
1012 3040 1065 3085 et
1094 3030 1357 3100 migrabo.
1410 3027 1523 3080 Huc
1565 3026 1707 3080 enim
1751 3024 1986 3094 respexit

400 3142 521 3182 eum
548 3126 787 3180 diceret:
817 3124 871 3179 8.
906 3121 993 3175 Me
1027 3133 1195 3174 autem
1229 3137 1329 3173 non
1356 3135 1553 3189 semper
1591 3116 1854 3171 habebitis.
1878 3114 1985 3172 Sed

404 3218 533 3272 nihil
589 3216 777 3270 horum
850 3214 1015 3268 ferum
1064 3223 1115 3268 et
1170 3212 1426 3266 furiosum
1478 3210 1746 3263 hominem
1796 3207 1985 3275 ﬂexit,

403 3312 613 3368 etiamsi
642 3311 804 3365 multa
833 3310 936 3363 alia
967 3309 1162 3362 dixerit
1194 3317 1249 3362 et
1276 3305 1483 3371 fecerit,
1514 3304 1674 3373 pedes
1695 3304 1811 3373 ejus
1837 3302 1985 3357 lave-

405 3405 473 3457 rit
499 3404 585 3457 illa
617 3411 792 3467 nocte,
822 3417 883 3456 ac
911 3416 1110 3455 mensae
1152 3407 1462 3454 consortem
1493 3396 1697 3459 fecerit,
1735 3395 1877 3465 quod
1905 3395 1987 3449 vel

405 3497 668 3550 latronum
715 3495 924 3548 animos
966 3493 1206 3547 mulcere
1250 3498 1459 3560 potest;
1492 3497 1545 3543 et
1591 3488 1693 3541 alia
1720 3487 1878 3541 verba
1905 3486 1989 3540 lo-

403 3600 601 3661 quutus
651 3589 750 3653 sit,
802 3602 919 3657 quae
975 3592 1195 3655 possent
1239 3584 1400 3637 etiam
1450 3580 1679 3650 lapidem
1724 3580 1988 3635 emollire.

407 3684 475 3737 Et
502 3682 616 3737 haec
653 3697 759 3736 non
800 3680 966 3733 multo
993 3686 1147 3742 ante,
1181 3676 1277 3731 sed
1317 3676 1370 3729 in
1417 3675 1533 3743 ipso
1572 3673 1697 3736 die,
1745 3687 1813 3727 ne
1852 3682 1990 3727 tem-

406 3790 507 3845 pus
538 3774 589 3828 in
636 3772 959 3827 oblivionem
1010 3769 1306 3825 induceret.
1352 3765 1460 3822 Sed
1508 3765 1766 3820 adversus
1813 3765 1991 3819 omnia

408 3867 657 3939 persnitit.

478 3960 533 4013 5.
571 3957 795 4011 Avaritia
824 3963 1067 4025 quantum
1104 3954 1166 4007 sit
1204 3952 1415 4005 malum.
1445 3950 1602 4004 Amor
1631 3949 1858 4018 pecunia:
1883 3949 1991 4002 dte-

407 4069 553 4107 mone
578 4051 813 4104 deterior.
836 4078 909 4088 —
935 4046 1125 4103 Gravis
1150 4060 1377 4113 namque
1411 4053 1494 4098 est
1523 4042 1747 4096 avaritia
1779 4059 1791 4091 :
1819 4039 1995 4110 gravis

408 4153 575 4207 certe,
609 4158 725 4211 quae
754 4140 938 4193 oculos
967 4148 1021 4192 et
1048 4152 1207 4191 aures
1249 4137 1484 4194 obturet.
1517 4144 1572 4188 et
1602 4132 1713 4188 fera
1741 4132 1994 4187 saeviores

409 4237 586 4292 reddit
613 4251 627 4288 :
660 4248 762 4287 non
792 4229 1192 4293 conscientiam,
1223 4243 1328 4282 non
1356 4227 1663 4287 amicitiam,
1696 4241 1799 4278 non
1823 4225 1996 4278 socie-

406 4338 595 4393 tatem,
628 4341 730 4381 non
762 4323 1030 4393 propriam
1073 4320 1299 4374 salutem
1347 4319 1585 4387 cogitare
1613 4318 1772 4381 sinit;
1807 4314 1901 4370 sed
1928 4315 1995 4369 ah

410 4420 659 4474 omnibus
687 4418 841 4472 simul
864 4424 1131 4476 avertens,
1161 4426 1297 4482 quos
1317 4412 1458 4479 capit
1488 4411 1538 4464 in
1564 4409 1876 4464 servitutem
1903 4423 1994 4462 re-

409 4513 561 4581 digit,
607 4519 662 4562 ut
705 4506 1015 4578 gravissima
1059 4504 1293 4557 domina.
1322 4502 1581 4571 Quodque
1626 4502 1678 4554 in
1722 4500 1821 4555 hac
1864 4499 1994 4553 dura

411 4604 669 4659 servitute
714 4597 948 4654 deterius
992 4606 1115 4663 est,
1166 4595 1362 4663 gratias
1407 4594 1507 4647 sibi
1555 4592 1827 4647 habendas
1877 4605 1996 4646 esse

413 4698 544 4766 ipsis
572 4693 791 4757 suadet;
814 4700 868 4746 et
891 4698 1092 4760 quanto
1121 4687 1288 4756 magis
1316 4686 1391 4740 illi
1429 4685 1678 4749 servitur,
1711 4692 1857 4738 tanto
1882 4698 1999 4737 ma-

412 4791 494 4858 gis
543 4794 768 4855 augetur
811 4782 1054 4850 voluptas
1096 4797 1110 4833 :
1158 4778 1387 4846 hincque
1426 4776 1736 4831 incurahilis
1783 4776 2000 4829 morbus

415 4880 666 4949 gignitur.
714 4876 846 4929 lliuc
888 4880 1080 4927 venatu
1126 4870 1357 4925 difficilis
1410 4870 1525 4923 huic
1570 4869 1678 4922 fera
1729 4878 1840 4933 est;
1886 4868 2000 4921 haec

416 4972 560 5024 Giesi
592 4986 658 5023 ex
682 4966 941 5033 discipulo
985 4972 1041 5019 et
1084 4961 1343 5032 propheta
1384 4960 1654 5031 leprosum
1698 4959 1853 5023 fecit;
1887 4958 2002 5013 haec

419 5063 679 5119 Anauiam
728 5057 991 5128 perdidit;
1040 5054 1155 5108 hate
1206 5053 1396 5107 .lndam
1456 5051 1785 5120 proditorem
1840 5048 1999 5111 fecit;

420 5155 536 5211 haec
563 5151 828 5223 principes
854 5148 1160 5204 Judazorum
1186 5146 1445 5214 corrupit.
1478 5145 1566 5213 qui
1609 5144 1747 5196 dona
1776 5142 2005 5209 accipie-

423 5249 550 5301 bant
573 5255 627 5299 et
653 5244 825 5297 furum
854 5241 984 5295 socii
1014 5238 1417 5300 efficiebantur;
1448 5236 1565 5291 haec
1592 5236 1816 5305 plurima
1846 5233 2004 5287 indu-

422 5341 499 5394 xit
541 5337 698 5396 bella,
729 5333 987 5404 sanguine
1010 5332 1144 5393 vias,
1178 5328 1428 5384 lamentis
1457 5337 1513 5383 et
1538 5327 1823 5397 gemitibus
1849 5326 2008 5380 urbes

425 5430 686 5499 replevit;
712 5427 827 5481 lucc
860 5439 1044 5480 coenas
1086 5424 1342 5493 impnras,
1370 5434 1689 5490 mensasque
1725 5433 2009 5475 exsecran-

476 5569 489 5595 ι
520 5564 572 5615 ln
598 5560 877 5623 Florilegio,
900 5566 959 5623 ut
976 5556 1315 5623 animadvertit
1345 5554 1560 5623 Savilius,
1584 5555 1662 5605 hic
1685 5553 1819 5623 locus
1840 5555 2014 5623 melius

429 5624 617 5673 habere
646 5618 959 5681 videtur,sed
981 5633 1046 5669 ea:
1083 5619 1260 5681 ingenti
1282 5619 1522 5679 nequitia,
1548 5631 1693 5681 quam
1715 5618 1759 5667 si
1790 5620 2011 5670 cohibere

431 5686 649 5735 uoluisset
667 5721 679 5740 ,
706 5697 800 5733 non
822 5673 1103 5732 tradidisset
1130 5673 1496 5734 licuefuctbrem.
1521 5673 1738 5730 Christus
1758 5695 1869 5731 vero
1889 5683 2011 5733 mul-

434 5754 616 5807 tuerga
651 5745 788 5797 illum
823 5743 1121 5808 indulgentia
1165 5742 1407 5804 multaque
1444 5740 1672 5806 patientia
1714 5757 1855 5803 usus,
1877 5747 2016 5808 διιπε-

436 5813 507 5863 rc.‘
518 5817 589 5859 at.
1805 5808 1807 5810 ’

1220 327 1275 381 S'.
1315 324 1592 381 JOANNIS
1617 321 2093 379 CllRYSOSTOMl
2132 323 2448 380 ARCHIEP.
2490 324 3024 381 CONSTANTINOP.

3573 332 3675 390 564

2090 443 2209 510 das,
2240 444 2388 499 cibos
2425 445 2634 516 iniquos
2664 449 2912 504 reddidit.
2952 432 3155 505 Idcirco
3202 451 3467 509 idolorum
3503 459 3676 514 servi-

2090 544 2253 591 tutem
2282 536 2423 590 illam
2467 540 2677 593 vocavit
2705 541 2900 595 Paulus
2921 541 3139 613 (Coloss.
3166 544 3218 598 5.
3258 545 3337 613 5).
3367 545 3472 601 Sed
3504 564 3677 619 neque

2090 625 2157 679 ita
2192 626 2472 686 deterruit.
2516 630 2621 684 Cur
2649 642 2825 687 autem
2871 634 3226 691 idololatriam
3261 637 3426 693 dicit?
3469 639 3676 697 Habent

2090 719 2240 772 mulli
2268 719 2499 787 divitias,
2532 722 2741 792 illisque
2765 724 2838 777 uti
2867 741 2974 780 non
3004 726 3224 792 audent,
3267 728 3363 784 sed
3393 730 3514 786 illas
3540 746 3673 786 con-

2088 822 2319 875 secrant,
2363 825 2417 869 et
2451 816 2733 885 nepotibus
2779 818 3002 873 intactas
3043 823 3429 890 transmittunt,
3457 838 3675 878 eorum-

2087 921 2191 974 que
2222 908 2642 974 successoribus,
2682 912 2833 980 quasi
2865 912 2975 967 Deo
2999 914 3171 968 dicata
3214 931 3445 972 munera
3460 918 3671 971 contin-

2086 1013 2213 1066 gere
2255 1015 2361 1053 non
2402 1002 2616 1056 audent.
2668 1003 2722 1058 Si
2762 1005 2977 1074 quando
3006 1022 3136 1060 vero
3175 1008 3239 1062 iis
3284 1009 3359 1063 uti
3389 1019 3669 1080 cogantur,

2089 1091 2159 1146 ita
2186 1091 2358 1146 affecti
2389 1105 2510 1148 sunt
2538 1110 2600 1150 ac
2628 1095 2671 1150 si
2695 1112 2807 1151 rem
2852 1098 3090 1153 illicitam
3132 1099 3392 1156 facerent.
3424 1102 3672 1172 Alioquin

2086 1192 2266 1237 autem
2293 1200 2356 1239 ac
2378 1187 2421 1239 si
2448 1187 2568 1255 quis
2599 1189 2811 1257 gentilis
2848 1190 3188 1246 simulacrum
3219 1194 3235 1225 ¹
3266 1193 3490 1261 coleret,
3518 1196 3594 1251 sic
3617 1206 3673 1252 tu

2086 1288 2272 1327 aurum
2306 1277 2473 1344 portis
2515 1286 2571 1331 et
2596 1280 2837 1335 vectibus
2875 1284 3072 1346 munis,
3106 1298 3168 1338 ac
3213 1300 3311 1354 pro
3339 1287 3538 1356 templo
3575 1288 3672 1345 tibi

2086 1380 2264 1419 arcam
2292 1367 2500 1434 statuis,
2525 1362 2578 1423 et
2602 1369 2654 1424 in
2676 1374 2853 1426 aureis
2875 1374 3017 1427 vasis
3038 1374 3279 1443 deponis.
3300 1376 3405 1431 Sed
3427 1393 3533 1433 non
3551 1378 3675 1435 ado-

2087 1472 2175 1511 ras
2200 1458 2540 1514 simulacrum
2566 1471 2621 1515 ut
2653 1462 2786 1517 ille?
2820 1465 2889 1519 At
2918 1480 3131 1521 omnem
3164 1468 3263 1538 ipsi
3289 1470 3491 1526 cultum
3514 1472 3669 1527 exhi-

2089 1550 2203 1604 bes.
2237 1550 2548 1619 llujusmodi
2578 1552 2737 1607 homo
2765 1557 2912 1624 prius
2934 1560 3119 1611 oculos
3145 1568 3197 1612 et
3219 1561 3451 1615 animam
3476 1563 3669 1629 tradat,

2086 1657 2244 1710 quam
2268 1643 2468 1698 idolum
2493 1645 2641 1699 illud.
2663 1646 2775 1701 Hoc
2796 1647 2997 1702 faciunt
3024 1650 3137 1703 auri
3165 1660 3455 1709 amatores.
3485 1655 3554 1709 At
3576 1669 3674 1709 au-

2086 1752 2203 1789 rum
2230 1751 2333 1790 non
2351 1738 2534 1802 adoro,
2562 1739 2790 1809 inquies.
2814 1740 3000 1812 Neque
3022 1743 3111 1799 ille
3133 1744 3331 1799 idolum
3345 1747 3558 1815 adorat,
3575 1749 3671 1805 sed

2088 1826 2469 1883 inhabitantem
2492 1829 2811 1887 daemonem.
2839 1832 2909 1887 Ita
2927 1843 2980 1888 et
3005 1843 3080 1897 tu,
3101 1836 3199 1889 etsi
3218 1850 3406 1891 aurum
3430 1854 3534 1892 non
3550 1840 3677 1894 ado-

2086 1934 2196 1983 res,
2219 1921 2311 1975 sed
2338 1921 2486 1975 illum
2512 1922 2705 1978 adores
2728 1923 3028 1980 daemonem
3049 1928 3138 1997 qui
3163 1944 3231 1983 ex
3264 1929 3379 1983 auri
3401 1930 3590 1985 intuitu
3618 1942 3673 1988 et

2086 2012 2519 2082 concupiscentia
2538 2014 2593 2070 in
2612 2024 2752 2070 tuam
2773 2017 2975 2071 involat
2989 2018 3239 2073 animam.
3259 2020 3672 2077 Dmmonenam-

2086 2119 2191 2174 que
2210 2104 2445 2159 deterior
2463 2115 2547 2159 est
2560 2108 2905 2175 pecuniarum
2921 2109 3204 2179 cupiditas,
3226 2111 3314 2166 cui
3334 2113 3481 2168 multi
3504 2116 3673 2186 magis

2086 2198 2477 2268 obsequuntur,
2511 2216 2668 2269 quam
2714 2202 2872 2256 idolis
2909 2203 3019 2256 alii.
3056 2203 3123 2258 Hi
3154 2220 3380 2276 namque
3408 2206 3460 2260 in
3491 2207 3671 2263 multis

2088 2307 2193 2346 non
2218 2300 2435 2361 parent;
2468 2291 2541 2346 illi
2573 2308 2701 2347 vero
2730 2293 2783 2347 in
2810 2294 3058 2349 omnibus
3086 2295 3302 2361 cedunt,
3340 2307 3395 2350 et
3417 2296 3670 2368 quidquid

2087 2382 2392 2438 faciendum
2409 2393 2678 2455 suggerat,
2699 2385 3085 2456 obsequuntur.
3107 2388 3243 2455 Quid
3269 2387 3398 2443 dicit
3416 2390 3673 2445 avaritia?

2090 2477 2219 2532 Esto
2246 2477 2495 2532 omnibus
2513 2478 2680 2533 hostis
2699 2489 2753 2533 et
2775 2478 3044 2544 inimicus,
3070 2489 3313 2535 naturam
3330 2481 3669 2546 obliviscere,

2092 2568 2257 2623 Deum
2285 2579 2589 2635 contemne,
2617 2571 2855 2625 sacrifica
2883 2572 3016 2626 mihi
3048 2573 3274 2642 teipsum
3297 2590 3310 2626 :
3334 2574 3462 2629 etin
3496 2575 3668 2633 omni-

2090 2660 2190 2713 bus
2213 2660 2285 2713 illi
2312 2660 2703 2729 obtemperant.
2727 2660 2888 2715 ldolis
2915 2662 3128 2731 quidem
3159 2662 3321 2717 boves
3347 2673 3403 2719 et
3424 2679 3553 2719 oves
3570 2665 3671 2719 im-

2089 2752 2388 2806 molantur:
2420 2753 2643 2806 avaritia
2666 2761 2841 2808 autem
2869 2752 3017 2816 dicit,
3041 2754 3263 2809 lmmola
3287 2756 3415 2810 mihi
3442 2759 3673 2811 animam

2090 2851 2234 2897 tuam
2259 2862 2272 2897 :
2294 2853 2347 2897 et
2371 2858 2564 2897 avarus
2595 2859 2798 2898 morem
2829 2847 2985 2913 gerit.
3014 2845 3201 2900 Viden‘
3228 2848 3412 2916 quales
3438 2862 3559 2902 aras
3583 2850 3675 2901 ha-

2090 2934 2249 2990 beat?
2278 2936 2455 3006 qualia
2494 2937 2725 3005 excipiat
2764 2937 3063 2992 sacrificia?
3105 2937 3347 3008 Regnum
3398 2939 3489 2992 Dei
3529 2939 3674 2994 avari

2092 3043 2198 3082 non
2229 3027 2580 3096 possidebunt
2609 3030 2684 3096 (l.
2716 3027 2836 3083 Cor.
2870 3029 2922 3083 6.
2953 3028 3075 3099 l0):
3104 3044 3168 3083 ac
3194 3028 3322 3083 nihil
3352 3039 3528 3084 tamen
3560 3030 3674 3084 for-

2093 3120 2314 3173 midant.
2338 3120 2496 3190 Atqui
2518 3122 2630 3174 hrec
2646 3118 2907 3189 cupiditas
2928 3121 3167 3174 omnium
3195 3119 3556 3175 inﬁrmissima
3572 3130 3671 3176 est.

2092 3214 2275 3284 Neque
2299 3214 2441 3268 enim
2461 3216 2660 3277 innata,
2685 3229 2858 3285 neque
2877 3215 3131 3271 naturalis
3148 3224 3231 3271 est
3252 3236 3264 3271 :
3282 3215 3516 3287 alioquin
3534 3216 3675 3271 enim

2095 3307 2250 3360 nobis
2277 3321 2307 3359 a
2338 3306 2600 3376 principio
2619 3306 2912 3362 adfuisset:
2943 3318 2997 3361 at
3028 3308 3181 3362 initio
3201 3324 3385 3362 aurum
3410 3323 3515 3362 non
3538 3317 3674 3372 erat,

2095 3414 2194 3453 nec
2224 3414 2410 3452 aurum
2438 3401 2701 3470 quispiam
2723 3403 2952 3455 amabat.
2983 3402 3052 3454 At
3079 3402 3123 3454 si
3146 3401 3323 3467 vultis,
3352 3400 3524 3455 dicam
3539 3399 3680 3454 unde

2096 3492 2290 3546 malum
2317 3492 2612 3560 irrepserit.
2641 3492 2843 3562 Singuli
2873 3506 2968 3547 eos
2994 3493 3082 3561 qui
3112 3502 3680 3561 pr'.ecesserant:emu-

2098 3586 2209 3649 lati,
2243 3587 2487 3640 morbum
2529 3597 2815 3653 auxerunt,
2862 3595 2917 3640 et
2940 3586 3024 3640 vel
3051 3587 3273 3641 invitum
3307 3588 3490 3642 incitat
3519 3586 3564 3640 is
3588 3586 3678 3654 qui

2098 3682 2388 3751 prmccssit.
2423 3682 2554 3736 Cum
2581 3682 2760 3737 vident
2794 3683 2935 3737 enim
2970 3682 3278 3752 splendidas
3321 3683 3484 3749 aedes,
3516 3697 3679 3752 agro-

2097 3791 2215 3829 rum
2242 3778 2472 3844 copiam,
2500 3791 2773 3829 servorum
2795 3791 3003 3845 greges,
3027 3785 3276 3845 argentea
3295 3790 3443 3841 vasa,
3472 3785 3525 3829 et
3545 3775 3684 3828 mul-

2100 3879 2205 3923 tam
2237 3872 2463 3923 vestium
2489 3871 2814 3938 congeriem,
2858 3869 2987 3923 nihil
3019 3884 3123 3922 non
3166 3877 3330 3937 agunt
3355 3878 3411 3921 ut
3440 3868 3559 3922 illos
3587 3883 3682 3921 su-

2100 3973 2323 4033 perent:
2353 3972 2408 4017 ut
2435 3964 2586 4032 primi
2632 3963 2899 4028 secundis,
2933 3962 2987 4016 hi
3029 3962 3374 4032 sequentibus
3400 3976 3555 4015 causa
3584 3976 3684 4015 cu-

2101 4056 2278 4126 piendi
2307 4056 2586 4109 exsistant.
2620 4054 2773 4122 Quod
2801 4056 2842 4107 si
2872 4054 3166 4109 voluissent
3191 4052 3462 4107 moderate
3500 4066 3682 4120 agere,

2102 4167 2205 4204 non
2239 4150 2357 4203 aliis
2398 4150 2645 4204 doctores
2676 4148 2931 4213 fuissent;
2975 4148 3083 4201 imo
3125 4162 3298 4216 neque
3343 4145 3424 4199 his
3470 4145 3573 4198 ulla
3603 4154 3686 4198 est

2101 4244 2393 4298 excusatio.
2425 4242 2561 4297 Sunt
2588 4243 2733 4297 enim
2770 4241 2855 4295 alii
2884 4242 2972 4310 qui
3004 4241 3258 4310 pecunias
3302 4248 3576 4308 spernant.
3615 4237 3687 4291 Et

2102 4338 2222 4407 quis
2251 4338 2472 4406 spernit,
2507 4336 2749 4405 inquies?
2792 4334 2943 4402 Quod
2975 4334 3115 4389 enim
3160 4333 3374 4404 gravius
3411 4340 3512 4397 est,
3542 4340 3685 4385 tanta

2104 4431 2262 4501 hujus
2293 4431 2403 4483 vitii
2435 4430 2514 4482 vis
2549 4438 2653 4491 est,
2698 4437 2755 4482 ut
2797 4429 3039 4483 videatur
3067 4442 3172 4480 non
3221 4441 3375 4494 posse
3418 4424 3681 4495 superari,

2105 4538 2204 4577 nec
2223 4522 2473 4576 credatur
2492 4520 2791 4590 quempiam
2818 4534 2939 4573 esse
2968 4518 3057 4588 qui
3084 4519 3403 4572 contrariam
3436 4517 3685 4569 virtutem

2105 4624 2360 4669 sectetur.
2396 4613 2585 4667 Multos
2614 4622 2790 4666 tamen
2823 4609 3129 4681 hujusmodi
3161 4624 3442 4663 numerare
3470 4622 3686 4677 possum

2106 4716 2158 4760 ct
2186 4709 2235 4759 in
2261 4705 2478 4759 urbibus
2508 4715 2561 4758 et
2586 4704 2636 4758 in
2668 4703 2954 4757 montibus.
2988 4702 3055 4756 Et
3091 4700 3215 4769 quid
3246 4700 3367 4755 inde
3394 4698 3560 4753 lucri?
3591 4713 3689 4751 ne-

2106 4816 2209 4869 que
2239 4798 2379 4851 enim
2414 4797 2537 4850 hinc
2564 4795 2815 4851 meliores
2836 4793 3090 4848 evadetis.
3120 4791 3366 4861 Alioquin
3389 4801 3688 4844 autemnon

2109 4892 2178 4946 de
2208 4892 2289 4944 his
2320 4891 2470 4945 nobis
2501 4903 2679 4943 sermo
2706 4902 2846 4941 nunc
2873 4896 2975 4951 est,
3007 4901 3105 4940 nec
3130 4885 3355 4939 dicimus
3378 4883 3587 4937 divitias
3608 4880 3691 4935 ef-

2111 4983 2257 5039 fundi
2287 4991 2568 5051 oportere:
2613 4979 2809 5034 vellem
2857 4979 3069 5047 utique;
3098 4976 3191 5030 sed
3222 4977 3341 5046 quia
3374 4974 3545 5043 majus
3574 4987 3695 5027 esse

2112 5091 2248 5131 onus
2268 5075 2496 5139 videtur,
2529 5088 2636 5128 non
2663 5087 2871 5140 cogam,
2896 5069 2988 5124 sed
3018 5067 3205 5122 hortor
3228 5081 3292 5120 ne
3313 5066 3484 5119 aliena
3508 5079 3698 5118 concu-

2113 5167 2351 5239 piscatis,
2384 5176 2544 5235 atque
2574 5180 2641 5217 ex
2668 5161 3006 5216 facultatibus
3036 5159 3355 5229 largiatnini.
3386 5156 3575 5210 Multos
3597 5170 3698 5208 au-

2115 5269 2221 5312 tem
2251 5258 2584 5311 inveniemus
2615 5255 2773 5308 rebus
2802 5254 2914 5307 suis
2956 5260 3258 5315 contentos,
3291 5265 3384 5303 sua
3425 5257 3698 5314 curantes,

2116 5363 2169 5407 et
2198 5368 2262 5407 ex
2292 5350 2449 5420 justis
2498 5348 2766 5403 laboribus
2791 5348 2991 5400 victum
3020 5354 3289 5414 parantes.
3328 5342 3436 5396 Cur
3465 5357 3570 5395 non
3596 5340 3702 5393 hos

2120 5445 2388 5498 imitamur
2416 5450 2470 5495 et
2493 5438 2841 5494 :emulamur?
2868 5436 3175 5507 Cogitemus
3213 5450 3306 5489 eos
3332 5434 3420 5503 qui
3450 5441 3573 5486 ante
3606 5446 3705 5485 nos

2121 5538 2376 5591 fuerunt:
2410 5549 2584 5588 annon
2630 5531 2843 5585 illorum
2876 5529 3072 5600 praedia
3100 5536 3262 5593 stant,
3304 5526 3430 5581 dum
3462 5526 3701 5595 ipsorum

2121 5630 2228 5683 sola
2264 5626 2476 5681 nomina
2514 5621 2997 5679 circumferuntur?
3024 5620 3103 5677 En
3144 5620 3303 5691 hujus
3328 5617 3599 5682 balneum,
3631 5612 3701 5670 il-

2190 5810 2206 5838 ι
2244 5805 2336 5855 Alii
2356 5804 2565 5865 addunt,
2589 5815 2806 5855 summa.
