4100 6362
392 308 502 365 Ξίῖδ

402 420 544 477 Ἀλλ’
568 422 902 495 ἐπετίμησεν
934 425 964 478 6
1000 426 1222 492 Ἰούδας,
1257 429 1611 499 προσχήματι
1637 428 1797 497 δῆθεν
1826 426 1986 479 εὐλα-

390 506 565 571 ϐείας.
599 508 664 559 Τί
691 503 784 560 οὖν
817 510 845 561 6
883 510 1157 579 Χριστὸς;
1208 512 1430 580 Ἔργον
1467 512 1659 565 καλὸν
1698 512 1989 577 ἐποίησεν

389 592 476 654 εἰς
500 590 608 642 τὸν
632 592 1045 661 ἐνταφιασμόν
1067 613 1205 664 μου.
1260 596 1325 648 ΤΞ
1349 596 1547 659 δήποτε
1572 596 1630 649 δὲ
1654 596 1753 648 οὐκ
1786 594 1978 665 ἤλεγξε

390 674 479 726 τὸν
512 674 757 745 μαθητὴν
786 676 878 728 ἐπὶ
904 677 1001 748 τῆς
1027 681 1303 746 γυναικὸς,
1336 682 1455 733 ούδέ
1503 680 1625 734 εἷπε
1658 680 1816 734 τοῦτο
1844 681 1982 749 ὅπερ

392 759 419 808 6
444 757 837 830 εὐαγγελιστὴς
859 757 1034 826 εἶπεν,
1062 764 1144 817 ὅτι
1187 764 1275 816 διά
1297 765 1395 835 τὴν
1425 766 1631 818 οἰκείαν
1656 764 1862 835 κλοπὴν
1887 765 1985 816 ἐπ-

392 840 556 909 ετίμα
608 845 672 912 τῇ
724 845 970 911 γυναικί;
1004 848 1081 918 Τῇ
1137 848 1301 920 πολλῇ
1339 849 1691 921 μακροθυμίᾳ
1725 848 1983 919 ἐντρέψαι

390 923 553 976 αὑτὸν
585 924 853 979 ἐϐούλετο.
880 928 1003 982 Ὅτι
1039 931 1146 1002 γὰρ
1170 932 1288 1003 ᾔδει
1319 934 1402 986 ὅτι
1433 932 1699 1005 προδότης
1731 930 1818 1003 ἦν,
1844 932 1983 986 ἄνω-

391 1007 483 1061 θεν
516 1008 676 1062 αὐτὸν
729 1010 924 1081 ἤλεγξε
956 1014 1238 1080 πολλάκις,
1283 1017 1454 1071 εἰπών
1475 1035 1488 1049 ο
1546 1019 1620 1071 Οὐ
1658 1018 1859 1080 πάντες
1892 1034 1983 1069 πι-

392 1092 639 1147 στεύουσι
665 1111 678 1126 ο
719 1096 835 1161 καί,
865 1091 971 1163 Εἲς
1000 1099 1069 1163 ἐξ
1100 1101 1269 1170 ’ὑμῶν
1289 1101 1568 1169 διάϐολός
1593 1104 1782 1156 ἐστιν.
1828 1103 1983 1172 Ἐδή-

390 1176 530 1229 λωσε
566 1178 665 1248 μὲν
690 1174 803 1242 οὖν,
834 1181 914 1234 ὅτι
952 1177 1091 1238 οἶδεν
1140 1186 1304 1239 αὑτὸν
1332 1186 1619 1258 προδότην,
1659 1187 1760 1240 οὐκ
1788 1186 1980 1258 ἤλεγξε

388 1260 445 1313 δέ
475 1263 746 1331 φανερῶς,
770 1264 905 1321 ἀλλά
930 1268 1329 1340 συνεχώρησεν,
1358 1270 1794 1324 ἀνακαλέσασθαι
1819 1269 1981 1323 αὑτὸν

390 1343 579 1397 θέλων.
613 1346 737 1409 Πῶς
780 1343 873 1401 οῦν
900 1349 1058 1413 ἄλλος
1094 1353 1279 1423 φησὶν,
1309 1354 1393 1405 ὅτι
1424 1353 1624 1417 πάντες
1653 1356 1702 1407 οἱ
1739 1352 1981 1424 μαθηταὶ

387 1428 545 1482 τοῦτο
591 1430 954 1499 ἐφθέγξαντος
994 1437 1104 1489 Καὶ
1152 1439 1375 1503 πάντες,
1440 1441 1690 1504 κάκεῖνος
1715 1455 1728 1469 ·
1784 1438 1897 1493 ἀλλ’
1929 1441 1977 1492 οἰ

388 1510 566 1566 λοιποὶ
594 1515 656 1568 οὐ
685 1518 751 1587 τῇ
780 1517 915 1586 αὐτῇ
946 1520 1289 1592 προαιρέσει.

462 1672 520 1724 Εἰ
544 1673 598 1727 δέ
630 1692 713 1739 τις
739 1676 1003 1740 ἐξετάζοι,
1036 1680 1090 1732 τί
1116 1681 1315 1750 δήποτε
1340 1681 1545 1753 κλέπτῃ
1577 1682 1692 1733 ὄντι
1722 1682 1779 1734 16
1804 1682 1970 1749 γλωσ-

391 1756 620 1826 σόκομον
644 1760 940 1831 ἐνεχείρισε
959 1764 1067 1815 τῶν
1084 1765 1338 1836 πτωχῶν,
1360 1768 1454 1818 καὶ
1475 1768 1778 1834 οἰκονομεῖν
1798 1770 1979 1837 ἐποίη-

390 1854 451 1889 σε
485 1839 816 1912 φιλάργυρον
843 1845 973 1899 ὄντα
998 1863 1011 1911 ;
1037 1848 1212 1901 ἐκεῖνο
1246 1849 1311 1901 ἂν
1339 1850 1607 1918 εἴποιμεν,
1635 1851 1717 1902 ὅτι
1745 1850 1837 1903 τὸν
1878 1852 1977 1921 μὲν

388 1922 698 1992 ἀπόρρητον
729 1926 884 1996 λόγον
914 1930 941 1981 6
966 1929 1098 1993 Θεὸς
1129 1927 1269 1984 οἶδεν
1294 1946 1308 1961 °
1327 1934 1376 1985 εἰ
1403 1933 1458 1985 δέ
1481 1951 1535 1985 τι
1555 1935 1659 2003 χρὴ
1684 1935 1831 2003 ἡμᾶς
1857 1952 1976 1988 στο-

388 2006 719 2089 χαζομένους
746 2013 940 2079 εἰπεῖν,
966 2013 1052 2067 ἵνα
1083 2016 1262 2070 πᾶσαν
1310 2017 1520 2089 ἐκκόψῃ
1550 2018 1840 2088 πρόφασιν.
1898 2019 1974 2071 06

387 2090 497 2159 γάρ
544 2087 688 2162 εἶχεν
720 2096 929 2156 εἰπεῖν,
981 2098 1061 2150 ὃτι
1100 2098 1188 2151 διά
1238 2087 1537 2171 χρημάτων
1582 2087 1761 2172 ἔρωτα
1816 2104 1975 2157 τοῦτο

387 2173 608 2258 ἐποίησε
645 2177 771 2247 (καὶ
799 2179 907 2249 γάρ
939 2180 1130 2252 ἱκανὴν
1168 2179 1313 2253 εἶχεν
1346 2186 1411 2237 ἐκ
1450 2183 1545 2237 τοῦ
1587 2187 1974 2258 γλωσσοκόμου

386 2256 500 2342 τῆς
521 2259 815 2331 ἐπιθυμίας
839 2262 937 2332 τὴν
965 2266 1354 2338 παραμυθίαν)
1381 2286 1394 2299 ο
1427 2268 1564 2323 ἀλλά
1587 2270 1674 2325 διὰ
1709 2256 1975 2342 πονηρίαν

386 2340 608 2412 πολλὴν,
639 2345 705 2415 ἣν
727 2345 978 2400 ἐϐούλετο
1006 2349 1259 2420 κατέχειν
1285 2353 1313 2404 6
1344 2353 1600 2422 Χριστὸς,
1636 2354 1804 2426 πολλῇ
1833 2340 1974 2423 -συγ-

386 2427 685 2481 καταϐάσει
716 2429 852 2501 πρὸς
879 2432 1043 2485 αὑτὸν
1081 2434 1445 2505 κεχρημένος.
1495 2439 1586 2490 Διὸ
1623 2439 1745 2492 οὐδὲ
1785 2439 1976 2493 ἐνεκά-

384 2509 462 2563 λει
490 2509 517 2537 ⁸
550 2512 698 2582 αὐτῷ
739 2515 1046 2581 κλέπτοντι,
1081 2518 1261 2573 καίτοι
1290 2538 1354 2588 γε
1406 2522 1580 2587 εἰδὼς,
1646 2524 1975 2593 ἐμφράττων

383 2594 482 2662 τὴν
523 2596 765 2667 πονηράν
817 2599 1112 2670 ἐπιθυμίαν
1136 2642 1150 2666 ,
1192 2601 1343 2674 [592]
1376 2604 1470 2656 καὶ
1518 2607 1700 2659 πᾶσαν
1739 2607 1974 2676 ἐξαίρων

384 2678 699 2745 ἀπολογίαν.
736 2682 940 2750 Ἅφετε
976 2685 1191 2753 αὐτὴν,
1215 2687 1379 2757 φησίν
1406 2704 1419 2718 ⁸
1448 2691 1533 2754 εἰς
1554 2689 1661 2761 γὰρ
1682 2691 1798 2757 τὴν
1824 2692 1974 2760 ἡμέ-

376 2778 498 2828 ραν
528 2763 635 2816 τοῦ
684 2764 1094 2836 ἐνταφιασμοῦ
1118 2787 1237 2838 μου
1288 2770 1466 2825 τοῦτο
1493 2773 1768 2840 ἐποίησε,
1801 2775 1973 2828 Πάλιν

383 2844 473 2897 τὸν
515 2846 778 2915 προδότην
814 2851 1142 2919 ἀνέμνησεν,
1191 2855 1559 2925 ἐνταφιασμὸν
1598 2856 1787 2910 εἰπών.
1833 2859 1971 2912 Ἀλλ’

384 2928 444 2979 06
474 2928 813 2985 καθικνεῖται
841 2934 1006 2987 αὐτοῦ
1036 2938 1064 2988 ὁ
1111 2936 1353 3007 ἔλεγχος,
1409 2940 1529 2992 0666
1569 2940 1836 3009 μαλάσσει
1856 2941 1883 2981 ιδ
1912 2943 1973 2996 16

385 3010 551 3079 ῥῆμα,
573 3012 749 3065 καίτοι
771 3014 950 3067 ἱκανὸν
976 3017 1137 3071 αὑτὸν
1159 3021 1237 3082 εἰς
1270 3016 1448 3073 οἶκτον
1468 3023 1756 3088 ἐμϐαλεῖν·
1789 3025 1970 3077 ὡσαν-

382 3095 431 3145 εἰ
460 3095 643 3163 ἔλεγεν
667 3115 679 3127 ”
732 3099 1012 3169 Ἐπαχθής
1071 3105 1185 3171 εἰμι
1220 3105 1314 3156 καί
1343 3107 1599 3176 φορτικός
1627 3124 1640 3137 ⁸
1668 3106 1806 3161 ἀλλά
1838 3109 1970 3162 ἀνά-

383 3195 564 3246 μεινον
591 3181 804 3250 μικρὸν,
834 3183 926 3235 καὶ
951 3183 1343 3256 ἀπελεύσομαι.
1376 3189 1483 3240 Καὶ
1506 3191 1613 3261 γὰρ
1651 3191 1809 3244 τοῦτο
1843 3210 1971 3245 κατ-

382 3262 676 3326 εσκεύαζεν
700 3266 756 3317 ἐν
785 3266 862 3335 τῷ
885 3266 1064 3335 λέγειν
1083 3287 1096 3299 ο
1115 3269 1253 3338 Ἐμὲ
1291 3270 1360 3324 δὲ
1384 3273 1455 3326 οὺ
1482 3272 1743 3327 πάντοτε
1778 3275 1966 3344 ἔχετε.

393 3344 533 3397 Ἀλλ’
582 3347 734 3401 οὐδὲν
792 3350 996 3404 τούτων
1049 3352 1140 3405 τὸν
1193 3352 1435 3425 θηριώδη
1488 3357 1583 3409 καὶ
1644 3359 1970 3428 μαινόμενον

380 3428 689 3508 ἐπέκαμψε,
715 3432 893 3486 καίτοι
924 3450 987 3501 γε
1027 3435 1121 3487 καὶ
1150 3435 1361 3489 τούτων
1393 3438 1573 3508 πολλῷ
1606 3440 1826 3493 πλείονα
1873 3443 1969 3495 καὶ

380 3507 501 3564 εἷπε
531 3515 625 3566 καὶ
654 3516 877 3585 ἐποίησε
899 3554 913 3578 ,
956 3518 1051 3570 καί
1099 3520 1224 3582 τοὺς
1262 3520 1427 3584 πόδας
1452 3507 1616 3575 αὐτοῦ
1667 3523 1815 3593 ἕνιψε
1846 3524 1967 3578 κατ’

379 3595 547 3666 αὐτὴν
572 3598 670 3667 τὴν
704 3600 895 3663 νύκτα,
933 3601 1026 3654 καὶ
1054 3603 1336 3673 τραπέζης
1383 3606 1535 3675 αὐτῷ
1570 3609 1840 3676 μετέδωκε
1876 3611 1969 3663 καὶ

380 3680 541 3733 ἀλῶν·
568 3681 596 3734 ὃ
621 3683 714 3735 καὶ
739 3684 836 3747 τάς
861 3685 1161 3756 λῃπρικάς
1189 3682 1299 3741 οἶδε
1328 3690 1579 3759 κατέχειν
1621 3692 1800 3762 ψυχὰς
1832 3694 1850 3762 (
1870 3698 1966 3749 καὶ

381 3764 603 3835 ῥήματα
632 3766 791 3837 ἕτερα
824 3768 1140 3836 ἐφθέγξατο,
1175 3773 1334 3825 ἰκανά
1365 3776 1458 3827 καί
1490 3775 1634 3829 λίθον
1662 3778 1928 3848 μαλάξαι)
1952 3799 1964 3810 ο

377 3848 663 3937 καὶμταῦτα
695 3852 756 3903 ού
786 3852 893 3937 πρὸ
920 3854 1117 3907 πολλοῦ
1144 3855 1237 3908 τοῦ
1262 3858 1479 3927 χρόνου,
1507 3861 1623 3913 ἀλλ’
1649 3863 1705 3914 ἐν
1738 3864 1874 3934 αὐτῇ
1898 3868 1963 3937 τῇ

376 3932 581 4019 ἡμέρα,
630 3934 718 3987 ἵνα
751 3935 886 4019 μηδὲ
930 3940 959 3991 6
986 3939 1178 4009 χρόνος
1208 3941 1287 4003 είς
1325 3941 1495 4014 λήθην
1519 3944 1754 4019 ἐμϐάλῃ.

377 4014 516 4087 πρὸς
545 4016 761 4071 ἅπαντα
795 4018 945 4090 ἔστη.

443 4179 716 4263 γ’.-Δεινὸν
733 4177 840 4249 γὰρ
870 4181 901 4250 ἡ
930 4180 1283 4253 φιλαργυρία,
1310 4183 1482 4237 δεινόν
1501 4204 1513 4216 ο
1537 4188 1631 4241 καὶ
1653 4189 1966 4263 ὀφθαλμοὺς

374 4263 470 4315 καὶ
502 4256 613 4314 ὦτα
645 4264 832 4332 πηροῖ,
878 4264 970 4315 καὶ
1013 4264 1204 4336 θηρίου
1244 4267 1660 4340 χαλεπωτέρους
1696 4256 1869 4339 ποιεῖ,
1902 4256 1963 4331 ού

376 4346 635 4413 συνειδὸς,
668 4348 727 4399 o6
755 4346 958 4415 φιλίαν,
992 4348 1051 4401 o6
1088 4350 1395 4416 κοινωνίαν,
1424 4353 1485 4405 ού
1513 4354 1611 4425 τὴν
1637 4358 1737 4428 τῆς
1758 4361 1967 4427 οἰκείας

374 4430 552 4501 ψυχῆς
576 4431 850 4502 σωτηρίαν
881 4431 1131 4500 ἐννοῆσαι
1152 4434 1530 4505 συγχωροῦσα,
1549 4440 1686 4495 ἀλλά
1708 4443 1965 4513 καθάπαξ

373 4515 592 4568 πάντων
622 4516 999 4585 ἀποστήσασα,
1034 4516 1254 4580 δούλους
1288 4519 1458 4591 αὐτῆς
1482 4526 1629 4576 ποιεῖ
1648 4529 1775 4589 τοὺς
1810 4530 1965 4585 ἀλόν-

372 4616 493 4684 τας,
521 4598 881 4684 καθάπερλτις
912 4602 1166 4684 τυραννὶς
1186 4602 1418 4674 χαλεπή.
1446 4606 1557 4658 Καὶ
1577 4607 1638 4660 τὸ
1669 4609 1839 4665 δεινὸν
1865 4614 1964 4684 τῆς

373 4682 516 4735 οὕτω
545 4685 748 4753 πικρᾶς
779 4682 1045 4747 δουλείας,
1076 4685 1157 4737 ὅτι
1204 4686 1297 4738 καὶ
1326 4688 1489 4756 χάριν
1536 4691 1721 4756 αὐτοῖς
1761 4706 1784 4733 ε
1818 4682 1963 4766 ἔχειν

372 4764 655 4818 ἀναπείθει
676 4781 689 4793 ⁸
735 4765 830 4819 καὶ
862 4767 1081 4837 ὅσῳπερ
1116 4766 1182 4820 ἂν
1213 4768 1352 4840 αὐτῇ
1389 4770 1589 4840 μᾶλλον
1612 4764 1957 4844 δουλεύσωσι,

372 4850 611 4919 τοσούτῳ
632 4850 703 4931 τά
730 4854 829 4921 τῆς
858 4852 1050 4921 ἡδονῆς
1078 4849 1322 4916 αὔξεται.
1366 4855 1477 4907 Καὶ
1511 4857 1686 4931 ταύτῃ
1728 4864 1964 4931 μάλιστα

376 4933 595 5018 ἀνίατον
616 4930 676 5018 τὸ
705 4932 918 5003 νόσημα
959 4933 1187 5001 γίνεται,
1226 4934 1396 5007 ταύτῃ
1432 4930 1739 4998 δυσάλωτον
1774 4947 1833 4999 16
1866 4948 1965 5018 θη-

379 5017 513 5103 ρίον.
543 5017 836 5103 Τοῦτοῗτὸν
861 5019 1022 5103 Γιεζῆ
1051 5019 1254 5090 λεπρὸν
1290 5022 1413 5074 ἀντί
1443 5024 1686 5095 μαθητοῦ
1714 5031 1808 5082 καὶ
1829 5017 1965 5103 προ-ο

377 5102 546 5170 φήτου
569 5102 835 5173 πεποίηκε
856 5121 868 5133 ·
891 5102 1053 5155 τοῦτο
1083 5104 1211 5167 τοὺς
1244 5105 1374 5174 περί
1409 5105 1659 5163 Ἀνανίαν
1686 5102 1959 5171 ἀπώλεσεο

377 5182 535 5236 τοῦτο
572 5183 664 5239 τὸν
716 5185 914 5238 Ἰούδαν
945 5185 1214 5257 προδότην
1258 5180 1554 5259 εἰργάσατο
1577 5209 1591 5223 ·
1645 5196 1804 5251 τοῦτο
1835 5202 1962 5265 τοὺς

378 5268 645 5322 Ἰουδαίων
674 5269 941 5340 ἄρχοντας
969 5269 1265 5342 διέφθειρε,
1293 5273 1669 5343 λαμϐάνοντας
1688 5279 1837 5352 δῶρα
1866 5287 1961 5339 καὶ

372 5355 662 5417 κοινωνοὺς
694 5353 942 5409 κλεπτῶν
961 5357 1303 5427 γενομένους.
1337 5359 1507 5413 Τοῦτο
1547 5364 1773 5434 μυρίους
1800 5368 1961 5422 πολέ-

315 5426 328 5461 .λ
377 5454 510 5508 μους
539 5439 830 5509 εισήγαγεν
855 5454 870 5468 ο
907 5426 1158 5511 αἱμάτων
1190 5441 1288 5513 μὲν
1328 5443 1427 5507 τάς
1451 5426 1635 5513 ὁδούς,
1659 5426 1874 5520 θρήνων
1903 5454 1960 5508 δὲ

433 5670 457 5696 ⁸
484 5667 542 5716 In
567 5669 836 5740 lf‘loqilegjo
860 5672 1095 5740 hic_loc_us
1119 5674 1191 5722 sic
1210 5673 1362 5740 habet
1390 5694 1400 5727 :
1441 5682 1498 5739 ἢν
1523 5683 1562 5729 εἰ
1588 5684 1810 5735 ἐϐούλετο
1840 5707 1956 5740 κατ-

371 5728 514 5791 έχειν,
536 5728 883 5817 τὸέεύεργέτῃν
909 5736 1075 5813 ούκδᾶν
1101 5738 1393 5817 παρέδωκεν.
1414 5728 1473 5792 ςό

361 5795 738 5867 συγκαταϐάσειι
756 5796 885 5867 πρός.
913 5798 1054 5867 αύτὸν
1066 5795 1377 5867 κεχρημένος,
1417 5795 1639 5867 ἠνείχετοΙ
1673 5795 1825 5859 αὐτδῦ

371 5855 747 5931 κροθυμῶν.-Διὸ
788 5855 897 5931 οῦδὲ
935 5861 999 5931 ἐν.
1061 5855 1317 5931 PQ'Oidam
1346 5855 1471 5917 ὀύδὲ
1494 5855 1726 5931 κ’δλάσειξ-
1747 5855 1758 5858 -
1775 5855 1953 5927 2{Ei-lviii

371 5913 703 5989 χάριν-αὐτῆς,
755 5921 901 5970 male.
945 5913 1153 5971 Maximi
1193 5934 1307 5983 pars
1347 5913 1789 5991 ωεὶιίιεέτῖρἶἷιιηι

357 5990 541 6033 αυτοις.
603 5985 790 6041 optume
827 5985 869 6031 si
891 5991 1146 6036 constrnas
1176 6003 1285 6041 cum
1319 5992 1572 6055 ἀναπείθει,
1600 5991 1722 6060 ipsis
1759 5998 1947 6056 suadet.

1559 6031 1572 6055 ’
1602 6031 1721 6056 'rVI'
1759 6031 1947 6056 curua“.

1401 308 1467 365 IN
1503 307 1822 365 JOANNEM
1862 303 2099 362 HOMIL.
2136 305 2300 360 LXV.
2344 306 2418 360 al.
2473 304 2655 360 LXIV.

2099 424 2195 476 καὶ
2221 424 2478 493 οἰμωγῶν
2507 425 2605 487 τὰς
2628 423 2814 486 πόλεις
2839 420 3157 493 πληρῶσαν.
3186 418 3356 474 Τοῦτο
3378 421 3474 474 καὶ
3504 420 3699 477 δεῖπνα

2092 507 2317 575 ἐποίησε
2366 508 2618 576 γενέσθαι
2658 508 2948 577 ἀκάθαρτα
2982 506 3077 558 καὶ
3132 506 3415 575 τραπέζας
3449 506 3686 574 ἐναγεῖς,

2097 590 2191 642 καὶ
2221 590 2493 660 ἐδέσματα
2528 591 2873 661 παρανομίας
2903 589 3191 658 ἐνέπλησε.
3236 588 3334 640 Διά
3376 588 3534 641 τοῦτο
3563 590 3696 642 αὐτὸ

2101 674 2543 747 εἰδωλολατρείαν
2572 674 2829 729 ἐκάλεσεν
2863 677 2890 727 6
2921 674 3154 732 Παῦλος.
3196 672 3336 725 Ἀλλ’
3367 672 3485 725 ούδέ
3521 672 3695 736 οὕτως

2092 758 2350 827 ἐφόϐησε.
2407 758 2560 812 Διατί
2602 758 2658 810 δὲ
2716 758 3163 829 εἰδωλολατρείαν
3212 756 3411 826 φησίν;
3464 758 3691 825 Ἔχουσι

2092 841 2278 895 πολλοί
2304 844 2583 913 χρήματα,
2622 844 2718 895 καὶ
2742 842 3057 913 χρήσασθαι
3088 842 3272 903 αὐτοῖς
3305 842 3367 893 ού
3396 840 3691 909 τολμῶσιν,

2090 930 2226 984 ἀλλὰ
2254 932 2593 1002 ἁφιεροῦσιν,
2630 932 2710 994 εἰς
2739 930 2997 998 ἐγγόνους
3027 931 3124 983 καὶ
3157 931 3215 995 ἐξ
3246 928 3486 995 ἐγγόνων
3514 944 3694 997 παρα-

2096 1016 2409 1086 πέμποντες
2439 1016 2719 1084 ἀνέπαφα,
2756 1014 3011 1085 καθάπερ
3037 1014 3200 1066 τινῶν
3230 1011 3595 1081 ἀναθημάτων
3627 1009 3691 1063 οὐ

2088 1098 2401 1167 τολμῶντες
2438 1098 2698 1167 ἅψασθαι.
2728 1097 2854 1151 Ἐὰν
2884 1098 2941 1151 δέ
2970 1114 3101 1150 ποτε
3129 1097 3224 1150 καὶ
3245 1092 3689 1162 ἀναγκασθῶσιν,

2088 1182 2279 1254 ὥσπερ
2305 1182 2566 1252 ἀθέμιτόν
2595 1201 2647 1236 τι
2678 1183 3009 1251 πράξαντες,
3050 1180 3196 1234 οὓτω
3221 1181 3543 1234 διάκεινται.
3579 1179 3692 1231 Καὶ

2087 1268 2263 1331 ἄλλως
2292 1268 2370 1329 δέ,
2402 1267 2592 1339 ῶσπερ
2621 1268 2682 1320 τὸ
2710 1266 2897 1330 ξόανον
2928 1265 3184 1335 περιέπει
3210 1266 3238 1316 6
3259 1264 3491 1333 Ἕλλην’
3545 1260 3691 1314 οὓτω

2089 1351 2154 1403 σὺ
2188 1350 2250 1401 16
2274 1351 2495 1419 χρυσίον
2522 1350 2547 1389 ά
2576 1351 2769 1421 θύραις
2809 1349 3092 1412 πιστεύεις
3144 1348 3239 1401 καί
3279 1346 3520 1417 μοχλοῖς,
3567 1345 3690 1398 ἀντὶ

2086 1431 2215 1485 ναοῦ
2237 1433 2297 1484 τὸ
2328 1433 2581 1484 κιϐώτιον
2615 1433 3045 1494 κατασκευάζων
3096 1431 3191 1484 καὶ
3239 1427 3691 1497 ἐναποτιθέμενος

2088 1514 2340 1567 σκεύεσιν
2389 1517 2670 1586 ἀργυροῖς.
2728 1514 2868 1568 Ἀλλ’
2924 1519 2984 1568 o6
3039 1515 3392 1584 προσκυνεῖς,
3436 1511 3689 1581 καθάπερ

2086 1600 2292 1660 ἐκεῖνος
2322 1599 2382 1650 τὸ
2436 1597 2653 1663 ξόανον;
2722 1598 2882 1651 Ἀλλά
2940 1598 3121 1650 πᾶσαν
3152 1596 3526 1649 ἐπιδείκνυσαι
3557 1593 3689 1665 περὶ

2086 1682 2218 1734 αὐτὸ
2249 1681 2568 1753 θεραπείαν.
2601 1683 2769 1735 Πάλιν
2804 1684 3011 1743 ἐκεῖνος
3043 1679 3216 1750 ἡδέως
3239 1679 3303 1732 ἂν
3329 1680 3454 1741 τοὺς
3488 1676 3689 1745 ὀφθαλ-

2088 1766 2224 1835 μοὺς
2252 1767 2345 1818 καὶ
2377 1765 2475 1837 τὴν
2501 1766 2679 1835 ψυχὴν
2704 1765 2945 1836 πρόοιτο,
2981 1764 3013 1834 ἢ
3040 1764 3100 1816 16
3134 1763 3338 1829 ξόανον.
3376 1761 3546 1815 Τοῦτο
3594 1762 3688 1815 καὶ

2084 1844 2134 1896 οἰ
2169 1845 2228 1896 τὸ
2260 1846 2483 1916 χρυσίον
2510 1844 2807 1913 φιλοῦντες.
2852 1844 2992 1896 Ἀλλ’
3023 1844 3081 1895 o6
3117 1842 3412 1914 προσκυνῶ
3448 1843 3507 1895 16
3557 1859 3688 1911 χρυ-

2086 1926 2222 1991 σίον,
2257 1928 2442 1997 φησίν.
2475 1927 2610 1981 Ούδέ
2642 1930 2850 1990 ἐκεῖνος
2876 1926 2936 1979 16
2965 1925 3206 1985 εἴδωλον.
3254 1926 3410 1996 φησί,
3442 1941 3687 1995 προσκυ-

2083 2013 2184 2075 νεῖ,
2221 2012 2357 2064 ἀλλά
2388 2015 2478 2065 τὸν
2510 2013 2826 2066 ἐνοικοῦντα
2858 2011 3108 2080 δαίμονα.
3147 2009 3302 2063 Οὕτω
3326 2009 3417 2062 καί
3458 2010 3543 2068 σὺ,
3580 2007 3686 2061 κᾶν

2088 2095 2162 2165 μὴ
2210 2096 2268 2147 16
2310 2097 2529 2165 χρυσίον
2577 2097 2911 2166 προσκυνῇς,
2941 2094 3078 2148 ἀλλά
3117 2094 3208 2145 τὸν
3238 2093 3346 2146 ἀπὸ
3380 2092 3479 2161 τῆς
3508 2091 3687 2161 ὅψεως

2081 2179 2176 2232 τοῦ
2216 2181 2443 2249 χρυσίου
2483 2182 2698 2249 καὶτῆς
2741 2178 3038 2250 ἐπιθυμίας
3090 2176 3449 2248 ἐπιπηδῶντά
3485 2192 3577 2227 σου
3615 2176 3682 2245 τῇ

2085 2261 2233 2333 [595]
2260 2263 2404 2334 ψυχῇ
2440 2264 2691 2334 δαίμονα.
2730 2263 2998 2333 Δαίμονος
3030 2261 3140 2333 γὰρ
3167 2258 3550 2330 χαλεπώτερον
3583 2257 3681 2327 τῆς

2081 2347 2448 2417 φιλαργυρίας
2501 2349 2532 2418 ή
2566 2346 2853 2417 ἐπιθυμία,
2906 2348 3001 2400 καὶ
3047 2346 3223 2417 ταύτῃ
3256 2344 3443 2398 πολλοὶ
3480 2342 3683 2413 μᾶλλον

2081 2429 2395 2495 πείθονται,
2432 2431 2463 2499 ἢ
2512 2431 2690 2501 ἕτεροι
2724 2433 2837 2493 τοῖς
2863 2427 3125 2493 εἰδώλοις.
3189 2428 3419 2481 Ἐκεῖνοι
3446 2425 3545 2497 μὲν
3573 2423 3683 2495 γὰρ

2079 2513 2251 2566 πολλὰ
2293 2516 2720 2585 παρακούουσιν,
2748 2514 2982 2567 ἐνταῦθα
3013 2513 3068 2565 δὲ
3107 2512 3286 2565 πάντα
3320 2510 3554 2566 εἴκουσι.
3585 2508 3683 2562 καὶ

2078 2594 2216 2667 ὅπερ
2246 2596 2312 2650 ἂν
2343 2597 2471 2669 εἴπῃ
2494 2598 2753 2667 ποιῆσαι,
2777 2598 3075 2650 πείθονται.
3103 2596 3167 2648 Τί
3197 2596 3382 2663 λέγει;
3414 2592 3682 2664 Πολέμιος

2079 2679 2190 2744 ἔσο,
2224 2682 2408 2752 φησὶν,
2444 2682 2638 2752 ἐχθρὸς
2677 2682 2965 2735 ἁπάντων·
2996 2680 3181 2749 ἀγνόει
3212 2680 3310 2750 τὴν
3344 2677 3531 2747 φύσιν,
3576 2691 3680 2729 κα-

2075 2764 2337 2836 ταφρόνει
2376 2764 2535 2826 Θεοῦ,
2584 2765 2891 2819 κατάθυσόν
2945 2782 3035 2831 μοι
3084 2763 3318 2816 σαυτόν’
3355 2763 3451 2815 καὶ
3498 2760 3683 2815 πάντα

2078 2849 2376 2902 πείθονται.
2431 2848 2542 2903 Καὶ
2588 2850 2701 2911 τοῖς
2756 2849 2854 2918 μὲν
2885 2847 3092 2911 ξοάνοις
3133 2846 3261 2917 βοῦς
3290 2846 3386 2900 καὶ
3427 2844 3682 2915 πρόϐατα

2078 2930 2298 2984 θύουσιν
2319 2949 2331 2962 ⁸
2361 2934 2394 3002 ἡ
2427 2932 2483 2984 δέ
2522 2932 2856 3004 φιλαργυρία
2883 2931 3058 3000 λέγει⁸
3084 2929 3257 2983 Θῦσόν
3288 2947 3377 3000 μοι
3408 2930 3509 2998 τὴν
3544 2945 3679 3004 σαυ-

2075 3014 2168 3067 τοῦ
2189 3014 2388 3085 ψυχὴν,
2421 3016 2513 3067 καὶ
2547 3016 2743 3068 πείθει.
2768 3003 2951 3086 νὈρᾷς
2983 3014 3127 3076 οἵους
3157 3012 3271 3083 ἔχει
3304 3010 3519 3082 βωμούς
3544 3027 3559 3076 ;
3589 3003 3681 3063 οἷα

2075 3097 2289 3167 δέχεται
2314 3097 2530 3168 θύματα
2555 3115 2568 3163 ;
2604 3096 2892 3151 Βασιλείαν
2921 3096 3057 3149 Θεοῦ
3084 3098 3144 3149 o6
3169 3096 3678 3167 κληρονομήσουσιν

2075 3182 2123 3233 οἱ
2179 3181 2540 3233 πλεονέκται·
2579 3183 2673 3234 καὶ
2706 3181 2827 3234 οὐδὲ
2866 3179 3009 3233 οῦτω
3042 3180 3336 3233 δεδοίκασι.
3390 3178 3583 3231 Καίτοι
3611 3193 3676 3245 γε

2075 3265 2293 3318 πάντων
2322 3267 2355 3334 ή
2389 3264 2656 3334 ἐπιθυμία
2677 3263 2817 3334 αῦτη
2836 3263 3226 3333 ἀσθενεστέρα.
3255 3263 3328 3315 O6
3357 3261 3467 3331 γὰρ
3496 3259 3675 3331 ἐμφυ-

2072 3366 2183 3413 τος,
2212 3349 2333 3401 0666
2358 3350 2561 3418 φυσική
2591 3365 2601 3377 ·
2695 3348 2805 3418 γὰρ
2833 3347 2901 3400 ἂν
2930 3347 3079 3418 παρὰ
3107 3346 3205 3416 τὴν
3232 3345 3406 3416 ἀρχὴν
3430 3343 3675 3414 ἐνετέθηο

2073 3432 2169 3485 νῦν
2195 3432 2253 3484 66
2286 3431 2508 3502 χρυσίον
2536 3432 2636 3484 οὐκ
2661 3427 2728 3501 ἦν
2756 3431 2983 3496 ἄνωθεν,
3009 3431 3129 3483 ούδέ
3170 3430 3279 3502 ἤρα
3312 3446 3396 3491 τις
3425 3426 3673 3500 χρυσίου.

2086 3516 2224 3568 Ἀλλ’
2247 3518 2295 3568 εἰ
2316 3515 2593 3585 βούλεσθε,
2624 3516 2769 3584 λέγω
2788 3515 2951 3569 πόθεν
2969 3514 3187 3585 εἰσῆλθε
3211 3514 3269 3568 16
3288 3514 3478 3567 κακόν.
3505 3513 3678 3566 Ἕκα-

2076 3617 2199 3663 στος
2232 3600 2323 3651 τὸν
2353 3599 2460 3671 πρὸ
2490 3600 2655 3652 αὑτοῦ
2706 3599 2997 3669 ζηλοῦντες
3048 3598 3324 3652 ἐπέτεινον
3348 3598 3410 3651 16
3433 3597 3672 3667 νόσημα,

2074 3685 2288 3739 καὶτὸν
2333 3686 2392 3738 o6
2442 3684 2765 3755 βουλόμενον
2801 3687 2828 3737 6
2875 3682 3163 3752 προλαϐὼν
3213 3682 3470 3753 ἐρεθίζει.
3503 3682 3676 3734 Ὅταν

2072 3767 2181 3838 γάρ
2208 3767 2391 3820 ἴδωσιν
2417 3767 2596 3829 οἰκίας
2629 3767 2912 3836 λαμπράς.
2949 3767 3042 3819 καὶ
3080 3764 3286 3834 πλῆθος
3314 3763 3526 3833 ἀγρῶν,
3579 3763 3675 3816 καὶ

2071 3851 2426 3922 ἀνδραπόδων
2480 3850 2688 3918 ἀγέλας
2715 3891 2730 3914 ,
2766 3851 2861 3903 καί⁹
2890 3851 3110 3920 ἀργυρᾶ
3142 3847 3333 3916 σκεύη,
3365 3848 3460 3900 καὶ
3502 3846 3673 3900 πολὺν

2074 3937 2304 4005 ἱματίων
2336 3936 2591 4006 φορυτὺν,
2640 3936 2819 3988 πάντα
2863 3935 3218 4004 πράττουσιν,
3250 3932 3392 3986 ῶστε
3425 3931 3671 4003 ὑπερϐα-

2071 4019 2256 4071 λέσθαι
2276 4034 2290 4047 '
2317 4017 2457 4071 ὥστε
2475 4021 2523 4071 οἰ
2553 4019 2762 4089 πρῶτοι
2789 4017 2898 4069 τῶν
2928 4016 3200 4086 δευτέρων
3222 4018 3384 4070 αἴτιοι
3408 4015 3669 4083 γίνονται,

2071 4105 2314 4157 κάκεῖνοι
2343 4103 2450 4156 τῶν
2484 4106 2601 4173 μετ’
2619 4102 2838 4165 αὐτούς.
2862 4103 2924 4154 Εἰ
2949 4101 3006 4153 66
3039 4100 3322 4152 ἐϐούλοντο
3352 4102 3671 4169 σωφρονεῖν,

2070 4188 2170 4239 οὐκ
2195 4186 2260 4239 ἂν
2283 4189 2394 4248 τοῖς
2420 4186 2600 4246 ἄλλοις
2626 4186 2865 4253 ἐγίνοντο
2882 4184 3214 4245 διδάσκαλοι,
3239 4182 3436 4253 μᾶλλον
3465 4182 3523 4234 66
3549 4182 3671 4235 0666

2069 4271 2279 4331 τούτοις
2313 4269 2457 4322 ἐστιν
2482 4269 2766 4336 ἀπολογία.
2802 4269 2925 4321 Είσί
2951 4269 3060 4338 γάρ
3096 4268 3192 4320 καλ⁸
3233 4267 3409 4337 ἕτεροι
3448 4265 3669 4336 χρημά-

2070 4372 2177 4407 των
2211 4352 2699 4424 καταφρονοῦντες.
2737 4353 2845 4404 Καὶ
2873 4352 2975 4414 τίς,
3016 4352 3170 4419 φησὶ,
3206 4353 3572 4420 καταφρονεῐ;
3596 4348 3671 4401 T6

2070 4438 2179 4506 γὰρ
2205 4437 2397 4502 δεινὸν,
2423 4438 2504 4490 ὅτι
2526 4436 2631 4489 ὑπὸ
2671 4435 2874 4505 πολλῆς
2900 4435 3100 4497 κακίας
3124 4437 3203 4496 είς
3233 4434 3494 4487 ἀδύνατον
3523 4435 3671 4486 δοκεῖ

2070 4521 2445 4592 περιεστάναι,
2464 4519 2699 4572 καίὀύδέ
2729 4517 3045 4572 πιστεύεται
3076 4535 3160 4581 τις
3185 4518 3488 4589 κατορθῶν.
3517 4517 3669 4570 Εῑπω

2070 4605 2251 4657 τοίνυν
2281 4603 2509 4666 πολλοὺς
2543 4603 2668 4664 τοὺς
2695 4603 2754 4654 ἐν
2782 4603 2903 4664 ταῖς
2931 4601 3138 4665 πόλεσι,
3170 4601 3266 4655 καὶ
3310 4604 3436 4664 τοὺς
3465 4601 3521 4654 ἐν
3552 4604 3665 4665 τοῖς

2069 4688 2241 4759 ὄρεσι.
2280 4689 2390 4740 Καὶ
2415 4686 2467 4739 τί
2486 4686 2548 4738 τὸ
2578 4687 2802 4756 κέρδος;
2829 4686 2950 4739 0666
2982 4686 3090 4756 γὰρ
3120 4686 3227 4738 ἀπὸ
3249 4685 3453 4738 τούτων
3479 4684 3666 4737 ἔσεσθε

2072 4772 2334 4844 βελτίους.
2383 4770 2595 4833 ’Ἄλλως
2634 4769 2691 4821 66
2721 4809 2736 4833 ,
2770 4770 2831 4820 οὐ
2861 4768 2990 4839 περί
3021 4768 3227 4821 τούτων
3273 4771 3405 4838 ἡμῖν
3435 4771 3463 4821 6
3510 4767 3668 4835 λόγος

2069 4855 2185 4918 νῦν,
2213 4854 2354 4908 ὥστε
2381 4854 2618 4905 κενῶσαι
2649 4851 2717 4904 τά
2739 4851 2869 4905 ὄντα
2890 4867 2902 4880 ·
2935 4850 3238 4921 ἐϐουλόμην
3262 4851 3318 4904 δέ
3341 4867 3353 4880 ·
3389 4851 3529 4921 πλὴν
3550 4851 3664 4904 ἀλλ’

2068 4940 2256 5009 ἐπειδὴ
2284 4936 2467 5009 μεῖζον
2502 4936 2656 5007 ὑμῶν
2703 4936 2765 4988 16
2796 4935 3016 5006 φορτίον
3044 4974 3057 4995 ,
3112 4936 3213 4988 οὐκ
3261 4936 3560 5002 ἀναγκάζω
3603 4946 3625 4973 ε
3648 4952 3661 4965 ·

2068 5024 2184 5077 ἀλλ’
2213 5022 2353 5076 ὥστε
2391 5021 2466 5093 μὴ
2491 5021 2599 5073 τῶν
2623 5020 2925 5092 ἀλλοτρίων
2950 5018 3201 5087 ἐφίεσθαι
3231 5018 3502 5088 παραινῶ,
3522 5017 3663 5070 ὥστε

2068 5111 2134 5161 ἐκ
2161 5108 2269 5160 τῶν
2289 5106 2460 5160 ὅντων
2489 5106 2846 5176 μεταδιδόναι.
2869 5104 3103 5167 Πολλοὺς
3125 5103 3181 5156 δὲ
3201 5103 3478 5165 τοιούτους
3500 5103 3660 5173 εὑρή-

2069 5208 2235 5261 σομεν
2267 5192 2379 5253 τοῖς
2403 5189 2626 5252 οἰκείοις
2659 5188 3051 5257 ἀρκουμένους,
3084 5185 3193 5239 τῶν
3224 5185 3430 5238 ἐαυτῶν
3470 5187 3663 5253 ἐπιμε-

2065 5274 2381 5344 λουμένους,
2416 5273 2509 5325 καὶ
2542 5272 2651 5326 ἀπὸ
2682 5271 2908 5325 δικαίων
2939 5272 3144 5334 ζῶντας
3171 5271 3366 5322 πόνων.
3404 5268 3555 5320 Διατί
3583 5268 3657 5339 μὴ

2064 5356 2290 5419 τούτους
2319 5355 2588 5427 ζηλοῦμεν
2614 5357 2708 5409 καὶ
2743 5353 3092 5426 μιμούμεθα;
3129 5353 3501 5422 Ἐννοήσωμεν
3531 5351 3657 5414 τοὺς

2064 5443 2172 5515 πρὸ
2192 5441 2349 5513 ἡμῶν
2368 5458 2379 5469 ·
2412 5442 2531 5511 οὐχ).
2563 5440 2632 5493 τὰ
2660 5442 2917 5509 κτήματα
2944 5437 3123 5490 αὐτῶν
3152 5437 3374 5505 ἕστηκε,
3410 5435 3568 5504 μόνον
3588 5435 3657 5487 τά

2063 5526 2305 5596 ὀνόματα
2358 5524 2536 5577 αὐτῶν
2582 5521 2919 5586 διασώζοντα
2960 5520 2981 5559 τ
3008 5540 3023 5589 ;
3053 5518 3147 5574 τοῦ
3195 5518 3364 5581 δεῖνος
3395 5518 3456 5570 16
3488 5516 3656 5588 βαλα-

2126 5752 2169 5819 ᾆ-
2195 5753 2291 5806 Alii
2321 5756 2485 5819 ὥσπερ
2517 5771 2586 5811 τις
2610 5754 2772 5819 ξόανον
2794 5754 2850 5819 16
2870 5753 3069 5819 λίθινον,
3088 5751 3215 5800 οὕτω
3245 5751 3325 5819 καὶ
3348 5750 3404 5798 τὸ
3429 5750 3650 5819 χρυσίον.

1866 5815 1956 5882 ματ
2064 5816 2256 5882 Ibidem
2310 5819 2431 5865 editi
2462 5815 2692 5882 πιστεύῃ.
2736 5817 2889 5866 Savil.
2918 5817 3216 5882 _su§picalur
3257 5815 3522 5882 leggmlum
3574 5828 3657 5882 πιτ

2063 5878 2262 5938 στεύεις,
2311 5884 2363 5926 el.
2386 5882 2457 5926 sic
2481 5880 2527 5926 in
2554 5873 2745 5927 duobus
2766 5892 2882 5926 man.
2918 5873 3125 5939 legiiur.
3162 5938 3170 5939 ί
3198 5887 3221 5913 ε
3257 5873 3357 5939 Alii
3382 5887 3492 5939 ngp_
3510 5873 3654 5939 pauci

2066 5935 2516 6001 o6m1avayxo'nﬁw.
2629 5940 2650 5976 τ
2688 5940 2771 5988 Sic
2798 5939 2951 5991 Savil.
2975 5935 3047 5989 ἐι
3083 5938 3225 5990 codd.
3258 5936 3369 6000 705,
3406 5935 3525 5987 709.7
3553 5935 3649 5986 Le-

2064 6000 2277 6064 gebalur
2316 6002 2612 6058 διασώζεται.
2638 6003 2770 6053 Enn.
