4100 6362
432 327 540 385 565

432 446 593 506 νεῖον,
619 444 713 496 καὶ
735 442 829 495 τοῦ
843 444 1012 506 δεῖνος
1030 444 1091 496 τὸ
1116 445 1464 515 προάστειον,
1488 444 1581 496 καὶ
1603 443 1664 495 τὸ
1688 442 2015 509 κατάλυμα;

433 526 553 595 οὐχὶ
583 526 785 589 εὐθέως
814 525 1137 597 θεασάμενοι
1175 528 1465 597 στένομεν,
1507 524 1813 587 ἐννοοῦντες
1853 524 2021 575 πόσον

436 609 597 660 πόνον
615 610 894 679 ὑπέμεινε,
921 610 1091 673 πόσας
1112 610 1369 680 ἁρπαγὰς
1398 610 1636 681 ἥρπασε,
1670 608 1763 660 καὶ
1784 604 2021 675 οὐδαμοῦ

438 693 708 758 φαίνεται,
770 691 882 743 ἀλλ’
917 693 1251 763 ἐντρυφῶσιν
1306 692 1481 763 ἑτεροι
1518 695 1628 754 τοῖς
1660 689 1891 749 ἐκείνου,
1930 686 2024 748 οὓς

436 774 556 826 οὐδὲ
596 776 985 846 προσεδόκησε,
1024 778 1164 845 τάχα
1210 776 1264 827 δὲ
1298 777 1391 827 καὶ
1427 774 1632 845 ἐχθροὶ,
1666 774 1877 827 ἐκείνου
1924 770 2024 840 τὴν

438 858 673 927 ἐσχάτην
706 858 937 919 διδόντος
968 858 1145 928 δίκην.
1173 858 1359 911 Ταῦτα
1385 859 1476 911 καὶ
1503 860 1651 929 ἡμᾶς
1682 857 1852 927 μένει.
1880 855 2026 908 Πάν-

438 957 545 1002 τως
579 942 685 1009 γὰρ
715 941 1152 1012 ἀποθανούμεθα,
1186 943 1402 1004 πάντως
1437 943 1498 994 τὸ
1538 941 1669 994 αὐτὸ
1699 939 1852 1003 τέλος
1894 939 2025 990 ὑπο-

442 1025 774 1094 στησόμεθα.
802 1026 980 1097 Πόσην
1013 1027 1203 1096 ὀργὴν,
1244 1028 1362 1079 εἰπέ
1402 1044 1510 1097 μοι,
1545 1028 1715 1096 πόσην
1754 1024 2023 1091 δαπάνην,

441 1109 614 1170 πόσας
650 1108 947 1177 ἀπεχθείας
980 1121 1005 1149 ι
1036 1110 1381 1179 ὑπέστησανί
1444 1111 1551 1163 Καὶ
1601 1110 1654 1161 τί
1702 1109 1763 1161 τὸ
1796 1107 2025 1177 κὲρδος;

441 1191 679 1254 Κόλασις
716 1192 1001 1256 ἀθάνατος,
1036 1194 1130 1246 καὶ
1165 1194 1227 1245 τὸ
1258 1193 1527 1262 μηδεμιᾶς
1556 1194 1739 1261 τυχεῖν
1767 1206 2019 1259 παραμυ-

444 1272 566 1337 θίας
585 1290 599 1304 ⁶
628 1274 775 1345 [394]
803 1276 897 1329 καὶ
926 1276 986 1328 τὸ
1019 1275 1093 1346 μὴ
1124 1276 1335 1340 ζῶντας
1367 1277 1547 1346 μόνον,
1580 1275 1715 1329 ἀλλὰ
1740 1276 1834 1328 καὶ
1858 1272 2029 1327 ἀπελ-

445 1356 636 1423 θόντας
666 1359 1088 1429 κατηγορεῖσθαι
1119 1360 1270 1431 παρὰ⁵
1297 1360 1534 1415 πάντων.
1561 1360 1626 1413 Τί
1654 1360 1747 1424 δὲς
1779 1358 1889 1412 τῶν
1909 1357 2033 1410 πολ-

510 1530 536 1556 ⁸
582 1528 754 1578 Morel.
799 1530 951 1586 πόσας
993 1531 1227 1593 ἀπεχθεῖς,
1274 1532 1529 1580 mPndose.

1119 329 1175 382 S.
1216 327 1504 383 10\N‘.\'IS
1534 321 2029 381 CHRYSHSTOMl
2070 315 2390 373 ΑΠΓΠΙΕΡ.
2427 310 2980 368 CONSTANTINOP.

3604 303 3708 359 3156

2123 433 2233 486 λῶν
2285 432 2384 494 τάς
2412 432 2627 492 εἰκόνας
2667 428 2795 481 ὅταν
2836 427 3038 495 ίδωμεν
3080 421 3443 491 ἀνακειμένας
3496 421 3555 474 ἐν
3587 421 3709 483 ταῖς

2125 517 2345 580 οἰκίαις,
2362 515 2484 584 οὐχὶ
2506 513 2706 583 μᾶλλον
2732 508 2931 581 θρηνοῦ
2941 525 3069 579 μεν;
3099 506 3337 576 Ἀληθῶς
3358 503 3537 566 καλῶς
3559 500 3711 557 εἶπεν

2129 603 2157 652 ὁ
2187 601 2499 671 Προφήτης·
2527 595 2703 661 Πλὴν
2720 593 2918 663 μάτην
2952 590 3317 659 ταράσσεται
3340 587 3457 653 πᾶς
3484 587 3708 653 ἀνθρω-

2133 701 2245 750 πος
2267 682 2396 744 ζῶν.
2416 680 2642 752 Ταραχὴ
2664 680 2773 750 γάρ
2798 678 2967 741 δντως
2990 680 3023 747 ἡ
3046 676 3173 746 περὶ
3196 675 3263 727 τὰ
3293 672 3521 726 τοιαῦτα
3550 688 3714 724 σπου-

2126 768 2188 839 δή
2217 783 2229 794 ·
2259 766 2473 838 ταραχὴ
2505 765 2599 818 καὶ
2630 763 2857 836 θόρυϐος
2883 762 3151 832 περιττός.
3200 758 3339 812 Ἀλλ’
3369 758 3468 810 οὐκ
3507 758 3565 807 ἐν
3595 758 3713 819 ταῖς

2132 852 2318 921 μοναῖς
2350 852 2469 912 ταῖς
2513 848 2750 909 αἰωνίοις
2795 845 2953 899 τοῦτό
2987 847 3154 907 ἐστιν,
3188 843 3307 897 οὐδὲ
3343 844 3399 894 ἐν
3428 842 3548 902 ταῖς
3582 857 3713 907 σκη-

2129 939 2246 997 ναῖς
2285 936 2540 997 ὲκείναις.
2588 930 2855 986 Ἐνταῦθα
2912 930 3009 1000 μὲν
3044 931 3152 999 γὰρ
3190 928 3377 997 ἕτερος
3419 923 3711 995 ἐμόχθησε,

2130 1021 2224 1073 καὶ
2252 1019 2437 1089 ἕτερος
2485 1016 2779 1071 ἀπολαύει”
2831 1017 2949 1067 ἐκεῖ
2998 1014 3054 1066 δὲ
3092 1014 3202 1064 τῶν
3254 1009 3449 1063 ἑαυτοῦ
3502 1007 3714 1077 μόχθων

2128 1103 2358 1164 ἕκαστος
2381 1101 2533 1153 ἔσται
2563 1099 2773 1170 κύριος,
2810 1099 2904 1152 καὶ
2940 1094 3339 1150 πολυπλασίονα
3369 1092 3596 1161 λήψεται
3617 1090 3714 1158 τὴν

2129 1185 2387 1255 ἀμοιϐήν.
2422 1184 2564 1255 Πρὸς
2602 1184 2820 1252 ἐκείνην
2846 1182 3022 1235 τοίνυν
3056 1177 3405 1248 ἐπειγώμεθα
3448 1175 3546 1245 τὴν
3585 1173 3718 1242 κτῆ-

2132 1284 2245 1321 σιν·
2285 1270 2402 1320 ἐκεῖ
2421 1264 2923 1335 κατασκευάζωμεν
2970 1265 3183 1326 ἑαυτοῖς
3231 1261 3428 1323 οἰκίας,
3464 1258 3550 1311 ἴνα
3581 1259 3707 1310 ἀνα-

2131 1350 2469 1419 παυσώμεθα
2502 1350 2560 1401 ἐν
2601 1347 2823 1418 Χριστῷ
2861 1346 3036 1417 Ἰησοῦ
3066 1346 3144 1417 τῷ
3175 1345 3364 1414 Κυρίῳ
3391 1341 3569 1413 ἡμῶν,
3597 1339 3715 1410 μεθ’

2130 1428 2193 1489 οὗ
2222 1435 2301 1505 τῷ
2329 1434 2503 1503 Πατρὶ
2524 1435 2558 1504 ἡ
2584 1433 2729 1499 δόξα.
2750 1433 2868 1503 ἅμα
2890 1430 2967 1501 τῷ
2992 1432 3132 1500 ἁγίῳ
3163 1428 3459 1499 Πνεύματι,
3488 1427 3565 1489 εἰς
3592 1424 3718 1486 τοὺς

2131 1519 2356 1582 αίῶνας.
2406 1518 2598 1588 Ἀμήν.

1143 1690 3703 1719 _________________________.____—

1921 1830 2187 1883 'OMIAIA
2226 1826 2364 1895 Ξςο.

454 1970 650 2038 Ἔγνω
698 1965 813 2023 οὖν
867 1970 1050 2038 ὄχλος
1085 1969 1280 2034 πολὺς
1321 1970 1388 2021 ἐκ
1428 1966 1546 2020 τῶν
1610 1966 1915 2038 Ἰουδαίων
1946 1964 2038 2018 ὅτι

522 2036 642 2093 ἐκεῖ
674 2040 803 2091 ἐστι
829 2056 843 2069 ’
878 2036 973 2091 καὶ
1008 2037 1218 2109 ἦλθον,
1252 2041 1323 2109 οὐ
1343 2038 1466 2109 baca
1496 2038 1601 2109 τὸν
1660 2036 2035 2109 Ἰησοῦιςμό-

522 2128 653 2168 νον.
686 2110 823 2163 ἀλλ’
851 2111 952 2162 ἵνα
974 2105 1070 2162 καὶ
1103 2109 1210 2162 τὸν
1240 2107 1505 2177 Λάζαρον
1530 2107 1763 2170 ἴδωσιν,
1791 2106 1864 2159 ὃν
1882 2105 2041 2174 ἤγει-

516 2196 627 2247 ρεν
655 2180 723 2231 ἐκ
744 2179 993 2247 νεκρῶν.

526 2276 594 2330 α’.
628 2277 838 2346 Ὥσπερ
866 2276 895 2327 ό
923 2275 1153 2339 πλοῦτος
1178 2275 1305 2337 τοὺς
1345 2276 1405 2328 οὐ
1438 2274 1806 2343 προσέχοντας
1838 2274 2041 2344 ἐκτραο

454 2359 695 2429 χηλίζειν
734 2358 944 2423 εἴωθεν,
983 2358 1127 2412 οὕτω
1156 2358 1249 2411 καὶ
1280 2359 1498 2427 ἡάρχὴ.
1542 2357 1779 2417 Ἐκεῖνος
1805 2356 1902 2424 μὲν
1934 2356 2041 2427 γὰρ

454 2445 534 2505 εἰς
558 2441 889 2505 πλεονεξίαν,
922 2441 1062 2507 αὕτη
1092 2442 1149 2495 δέ
1170 2444 1248 2505 είς
1277 2442 1534 2494 ἀπόνοιαν
1565 2441 1708 2507 ἄγει.
1743 2441 1886 2512 Ὅρα
1910 2438 2043 2507 γοῦν

454 2528 516 2579 τὸ
541 2528 840 2599 ἀρχόμενον
867 2526 1072 2596 πλῆθος
1100 2526 1210 2578 τῶν
1251 2525 1516 2577 Ἰουδαίων
1549 2526 1812 2592 ὑγιαῖνον,
1839 2524 1965 2586 τοὺς
1986 2524 2044 2576 δὲ

456 2611 723 2679 ἄρχοντας
755 2609 1206 2680 διεφθαρμένους.
1246 2610 1368 2661 Ὂτι
1402 2610 1511 2677 γάρ
1546 2603 1693 2660 οὗτοι
1744 2606 1893 2675 αὐτῴ
1924 2606 2046 2659 ἐπί-

464 2712 672 2756 στευον,
725 2695 942 2763 λέγουσι
997 2696 1094 2765 μὲν
1143 2696 1380 2763 συνεχῶς
1409 2695 1459 2746 οἰ
1512 2691 1916 2761 εὐαγγελισταὶ,
1964 2691 2045 2744 ὅτι

460 2778 680 2831 Πολλοί
724 2778 794 2829 ἐκ
834 2778 941 2831 τοῦ
993 2778 1181 2845 ὄχλου
1207 2779 1581 2830 ἐπίστευσαν
1632 2774 1813 2840 αὐτῷ.
1869 2776 1963 2827 Ἐκ
1990 2773 2047 2826 δὲ

459 2861 569 2912 τῶν
619 2861 897 2931 ἀρχόντων
931 2861 1214 2929 ἠπίστουν.
1250 2862 1355 2913 Καὶ
1408 2860 1561 2912 αὐτοὶ
1615 2858 1886 2927 λέγουσιν,
1928 2857 2049 2927 οὐχὶ

460 2945 490 2996 ὁ
519 2945 710 3013 ὄχλος.
767 2944 860 3009 Μή
902 2963 992 3009 τις
1026 2943 1146 2997 τῶν
1194 2945 1504 3014 ἀρχόντων
1550 2945 1917 2998 ἐπίστευσεν
1960 2945 2049 3006 είς

461 3029 686 3091 αὐτόν;
748 3027 909 3080 Ἀλλά
946 3028 998 3079 τί
1027 3044 1195 3099 φησι;
1264 3029 1332 3081 Τὸ
1369 3028 1623 3094 πλῆθος,
1668 3030 1721 3081 οὶ
1764 3026 1848 3095 μὴ
1893 3026 2047 3079 εἰδό-

462 3127 563 3177 τες
603 3112 711 3164 τὸν
765 3112 933 3175 Θεὸν,
965 3110 1387 3178 ἐπικατὰρατοί
1430 3114 1569 3164 εἰσι.
1603 3112 1740 3174 Τοὺς
1774 3110 2052 3161 πιστεύον-

462 3211 563 3257 τας
628 3195 1064 3265 ὲπικαταράτους
1119 3194 1332 3263 ἐλεγον,
1383 3197 1610 3258 ἑαυτοὺς
1659 3195 1715 3249 δὲ
1768 3193 2051 3264 ἀναιροῦν-

464 3294 609 3340 τας,
679 3279 950 3340 συνετούς.
1010 3277 1121 3330 Καὶ
1175 3278 1408 3331 ἐνταῦθα
1456 3279 1513 3330 δὲ
1569 3279 1629 3331 τὸ
1683 3277 1868 3348 θαῦμα
1922 3277 2050 3329 θεα-

470 3363 731 3432 σάμενοι,
770 3362 1052 3415 ἐπίστευον
1085 3362 1135 3413 οἰ
1188 3362 1407 3415 πολλοῦ
1448 3365 1495 3415 οί
1544 3362 1599 3415 δὲ
1652 3362 1907 3432 ἄρχοντες
1952 3361 2052 3414 οὑκ

466 3444 736 3516 ἠρκοῦντο
809 3446 968 3515 μόνον
1020 3448 1132 3507 τοῖς
1198 3446 1419 3509 οἰκείοις
1475 3448 1697 3508 κακοῖς,
1762 3444 1898 3497 ἀλλά
1957 3444 2053 3496 καὶ

468 3531 560 3584 τὸν
581 3528 830 3599 Λάζαρον
860 3529 1069 3581 ἀνελεῖν
1110 3529 1446 3599 ἐπεχείρουν.
1494 3529 1673 3581 Ἔστω
1697 3541 1747 3591 ι,
1797 3530 1888 3580 τὸν
1922 3528 2055 3599 Χρι-

472 3613 619 3672 στὸν,
650 3614 731 3666 ὅτι
761 3613 820 3665 τὸ
851 3612 1122 3665 σάϐϐατον
1170 3612 1343 3675 ἔλυεν,
1382 3614 1465 3665 ὅτι
1512 3613 1625 3665 ἴσον
1659 3613 1850 3666 ἐαυτὸν
1879 3612 2054 3665 ἐποίει

470 3697 550 3768 τῷ
590 3699 765 3770 Πατρὶ
789 3737 803 3759 ,
838 3697 933 3750 καὶ
984 3696 1072 3749 διὰ
1118 3699 1244 3759 τοὺς
1303 3696 1606 3765 Ῥωμαίους
1645 3695 1739 3759 οὓς
1774 3713 1944 3764 φατε·
1977 3696 2055 3766 τῷ

474 3778 710 3851 Δαζάρῳ
736 3780 787 3832 τί
816 3779 1027 3849 ἔχοντες
1072 3782 1343 3847 ἐγκαλεῖν,
1369 3780 1686 3850 ἐπεχείρουν
1707 3780 1870 3831 αὑτὸν
1897 3782 2054 3833 ἀναι-

478 3867 592 3934 ρεῖν
612 3880 626 3928 ;
650 3864 740 3934 Μὴ
763 3859 873 3933 ἆρα
899 3863 959 3915 τὸ
982 3862 1159 3924 καλῶς
1191 3862 1402 3923 παθεῖν,
1427 3862 1711 3932 ἑγκλημα;
1752 3863 1915 3932 Ὁρᾷς
1940 3862 2057 3924 πῶς

477 3947 659 4001 αὐτῶν
693 3947 885 4017 φονικὴ
915 3948 949 4016 ἠ
993 3946 1346 4017 προαίρεσις;
1404 3947 1599 3999 Καίτοι
1647 3944 1819 3997 πολλά
1855 3947 2057 4015 σημεῖα

388 4018 398 4027 ’
480 4031 803 4098 εἰργάσατοο
840 4030 953 4083 ἀλλ’
981 4029 1130 4081 οὐδὲν
1160 4030 1356 4091 αὐτοὺς
1386 4027 1531 4081 οὕτω
1557 4028 1936 4097 ἐξεθηρίωσεν,
1959 4028 2058 4097 οὐχ

480 4111 509 4157 ό
529 4109 991 4177 παραλελυμένος,
1011 4108 1379 4178 ούχότυφλός.
1395 4109 1564 4159 Τοῦτο
1581 4113 1685 4175 γάρ
1704 4108 1797 4159 καὶ
1812 4111 1877 4173 τῇ
1896 4106 2056 4172 φύσει

483 4191 925 4261 θαυμαστότερον
941 4189 1030 4261 ἦν,
1051 4193 1145 4245 καὶ
1167 4191 1306 4262 μετά
1324 4191 1491 4244 πολλὰ
1509 4191 1768 4258 ἐγεγόνει.
1791 4188 1940 4261 [595]
1961 4190 2056 4241 καὶ

478 4270 547 4344 ἦν
574 4275 874 4345 παράδοξον
893 4275 1085 4345 νεκρὸν
1100 4292 1190 4326 τετ
1199 4276 1303 4345 ραή
1313 4292 1377 4343 με
1386 4292 1477 4344 ρον
1504 4274 1631 4327 ίδεῖν
1648 4291 1712 4325 πε
1723 4272 2056 4342 ριπατοῦντα.

481 4360 575 4409 καὶ
609 4358 999 4428 φθεγγόμενον.
1024 4358 1185 4412 Καλά
1226 4376 1291 4426 γε
1326 4358 1424 4429 (οὐ
1466 4359 1575 4427 γάρ
1600 4374 1613 4421 ;
1639 4359 1656 4426 )
1681 4357 1780 4427 τῆς
1807 4356 1999 4426 ἑορτῆς
2027 4354 2057 4395 ι’

484 4435 552 4489 τὰ
572 4436 991 4508 κατορθώματα,
1011 4437 1194 4505 φόνοις
1212 4436 1579 4505 ἀναμιγνύναι
1610 4436 1706 4506 τὴν
1732 4438 2060 4506 πανήγυριν.

488 4520 696 4580 ’Ἄλλως
725 4520 800 4581 δὲ,
835 4522 952 4572 ἐκεῖ
991 4521 1088 4590 μὲν
1118 4520 1337 4571 ἐδόκουν
1371 4519 1621 4587 ἐγκαλεῖν
1669 4521 1728 4570 τὸ
1770 4519 2063 4580 σάϐϐατον,

482 4604 578 4653 καὶ
607 4602 777 4672 ταύτῃ
811 4602 1046 4670 ἀπάγειν
1090 4602 1214 4664 τοὺς
1250 4602 1437 4671 ὄχλους
1464 4619 1476 4630 ι
1504 4602 1737 4653 ἐνταῦθα
1764 4602 1841 4661 δὲ,
1878 4600 2064 4671 ἐπειδὴ

486 4685 649 4753 μηδὲν
701 4682 847 4755 εἶχον
889 4685 1231 4755 μέμψασθαι,
1290 4686 1433 4738 κατὰ
1479 4686 1571 4737 τοῦ
1626 4684 2064 4754 θεραπευομένου

484 4768 764 4821 ποιοῦνται
794 4770 893 4838 τὴν
942 4770 1305 4839 ἐπιχείρησιν.
1371 4767 1637 4821 Ἐνταῦθα
1670 4767 1778 4837 γὰρ
1827 4768 1935 4819 οὐδ’
1984 4769 2066 4819 ὅτι

483 4851 819 4905 ἐναντιοῦται
847 4851 921 4920 τῷ
949 4854 1121 4921 Πατρὶ
1148 4849 1289 4922 εἶχον
1331 4854 1523 4904 εἰπεῖν.
1569 4853 1633 4903 'H
1662 4853 1771 4921 γάρ
1807 4853 1939 4921 εὐχὴ
1970 4853 2067 4905 αὺ-

481 4936 607 4997 τοὺς
635 4935 1009 5005 ἐπεστόμιζεν.
1046 4935 1198 4988 Ἐπεὶ
1225 4932 1316 4988 οὖν
1349 4935 1444 4988 καὶ
1468 4935 1496 4986 ὃ
1521 4936 1607 4987 ἀεὶ
1652 4936 1940 4988 ἐνεκάλουν
1983 4937 2068 4988 ἀν-

480 5018 669 5088 ῄρητο,
726 5019 820 5071 καὶ
862 5019 924 5070 τὸ
964 5022 1186 5086 σημεῖον
1230 5018 1482 5089 λαμπρὸν
1516 5014 1616 5088 ἦν,
1651 5019 1743 5071 ὲπί
1773 5020 1862 5070 τὸν
1907 5019 2066 5087 φόνον

482 5100 743 5170 ὁρμῶσιν.
765 5101 926 5153 Ὥστε
952 5103 1046 5154 καὶ
1073 5103 1166 5154 ἐπὶ
1180 5101 1273 5155 τοῦ
1292 5102 1494 5169 τυφλοῦ
1513 5101 1670 5155 τοῦτο
1693 5101 1758 5154 ἂν
1776 5103 2063 5171 ἐποίησαν,

482 5186 533 5236 εἰ
561 5186 634 5253 μὴ
666 5181 806 5255 εἶχον
833 5184 1083 5253 ἐγκαλεῖν
1118 5186 1178 5238 τὸ
1206 5187 1497 5241 σάϐϐατον.
1535 5186 1743 5245 Ἀλλως
1762 5186 1839 5248 δὲ,
1859 5188 2067 5250 ἐκεῖνος

546 5355 571 5382 ⁸
600 5352 922 5429 ΙῗΙοΓίΙςείυῐη
945 5352 1095 5429 ἣᾳὺθ]
1126 5366 1179 5429 ξ..
1215 5352 2066 5429 ἐπεχείρουν’Ἐϐουλεύσαντοιγάρὴοί

481 5414 710 5489 ἀργεερεῐς
754 5416 829 5460 ἵνα
846 5415 926 5485 διςὶ
952 5415 1033 5489 τριν
1070 5416 1284 5489 ῥάςαρον
1313 5414 1686 5489 ἀποκτείνωσιν,⁸
1709 5414 2041 5489 ὅτιηπολλοὶήψδι
2058 5415 2069 5432 '

484 5474 627 5523 αὖτὸν
650 5478 830 5534 ὑπῆγον
850 5476 945 5521 τῶν
986 5474 1245 5527 Ἰουδαίων.
1266 5478 1346 5523 καὶ
1374 5477 1622 5525 ἐπίστευον
1650 5476 1713 5530 εἰς
1742 5477 1822 5522 τὸν
1854 5474 2057 5532 Ἰησοῦν.

485 5535 665 5600 Ἔστω.
732 5536 760 5575 Ι)
786 5538 1196 5600 ᾹΙὶἱφθεγγόμενον
1220 5574 1231 5584 .
1255 5537 1327 5585 Οὐ
1338 5538 1710 5600 γάρτῆςέορτῆς.
1727 5537 1909 5584 Ibidem
1926 5535 2066 5600 Savi-

484 5600 581 5661 l_ius
603 5596 651 5645 in
678 5602 805 5661 nolis
833 5612 843 5661 ζ
871 5596 1079 5661 Καλάγε
1102 5605 1186 5655 τῆς
1212 5596 1377 5661 έορτῆίς
1404 5596 1468 5646 τὰ
1507 5596 1870 5661 κατορθώματα,
1910 5599 2065 5660 φόνοις

481 5659 783 5722 ἀναμιγνύναι
794 5660 879 5722 τήν
890 5660 1174 5722 πανήγυριν.
1201 5658 1375 5708 Latum
1384 5661 1509 5709 hunc
1518 5658 1774 5722 perspicue
1783 5658 2064 5721 corniplum

480 5732 556 5784 su;
577 5717 772 5784 restitue
786 5733 812 5768 ε
837 5717 1104 5781 Florilegid
1126 5735 1136 5765 :
1162 5722 1202 5784 ᾧ
1222 5727 1306 5778 τῆς
1323 5722 1488 5776 ἀνοίας
1505 5717 1600 5769 τῶν
1620 5717 1762 5784 δῆθεν
1778 5717 2059 5784 ἀρχιερέωνί

482 5737 550 5767 διε
581 5737 772 5769 reuuue
786 5737 812 5768 ε
837 5737 868 5767 ι
882 5737 1104 5781 wruegw
1126 5737 1136 5765 :
1162 5739 1202 5767 ω
1222 5737 1306 5778 της
1323 5737 1488 5776 ανοιας
1505 5738 1600 5769 των
1620 5737 1755 5778 οηυεν
1778 5737 1911 5784 αρχιε
1944 5737 2059 5769 εωνι

482 5780 563 5826 καὶ
584 5780 671 5844 γάρ
691 5789 773 5839 τῆς
798 5784 961 5843 ἑορτῆς
982 5784 1138 5829 αὐτῶν
1158 5781 1216 5838 ἠν
1238 5784 1541 5843 κατόρθωμα.
1568 5783 1723 5844 φόνοις
1744 5783 1887 5844 ἀναμ.
1910 5737 2063 5841 Suam

485 5841 746 5911 perspicue
792 5841 1071 5911 corruptam
1117 5844 1299 5911 §erjem
1348 5841 1635 5911 ρτοιριριιιιιιι
1687 5841 1927 5911 δινῇιὶυε,
1968 5856 2063 5911 ε,ξο

520 5903 814 5972 (περὶᾳιιιιιιε⁶
842 5905 1042 5955 numina
1080 5907 1136 5955 et
1174 5903 1358 5956 claram
1396 5903 1627 5967 arbitror,
1684 5906 1829 5954 modo
1875 5907 2061 5955 ironice

508 5965 623 6020 oqui
656 5965 982 6024 iuleiligalur.

2143 1966 2242 2036 μὲν
2271 1966 2483 2035 ἄσημος
2501 1960 2591 2035 ἧν,
2628 1964 2723 2018 καὶ
2753 1962 3006 2027 ἐξέϐαλον
3034 1960 3198 2015 αὐτὸν
3228 1961 3291 2011 ἐκ
3312 1958 3405 2011 τοῦ
3431 1955 3575 2028 ἰεροῦ
3597 1974 3609 1987 ο
3634 1950 3722 2010 οὗ·

2139 2067 2231 2112 τος
2264 2050 2320 2101 δὲ
2352 2048 2623 2119 ἐπίσημος
2639 2063 2653 2078 ’
2691 2047 2785 2100 καὶ
2807 2045 2967 2115 δῆλον
3000 2046 3063 2097 ἐκ
3087 2042 3183 2096 τοῦ
3206 2042 3432 2105 πολλοὺς
3452 2041 3621 2094 ἐλθεῖν
3644 2043 3723 2104 εἰς

2143 2132 2496 2203 παραμυθίαν
2526 2131 2636 2185 τῶν
2673 2129 2953 2199 ἀδελφῶν*
2989 2128 3085 2181 καὶ
3116 2128 3335 2181 πάντων
3373 2124 3621 2195 ὁρώντων
3662 2124 3726 2177 τὸ

2144 2216 2329 2286 θαῦμα
2352 2215 2587 2283 ἐγένετο,
2620 2216 2714 2269 καὶ
2738 2213 2876 2283 μετὰ
2912 2212 3109 2279 πολλῆς
3128 2211 3229 2279 τῆς
3251 2208 3723 2279 παραδοξοποιίας.

2144 2301 2244 2354 Διά
2284 2298 2462 2363 τοῦτο,
2511 2300 2713 2361 πάντες
2745 2298 2965 2368 ἔτρεχον
2997 2296 3274 2366 ὀψόμενοι.
3312 2293 3483 2347 Τοῦτο
3510 2289 3603 2346 οὖν
3631 2291 3729 2345 αύ-

2144 2383 2269 2444 τοὺς
2299 2381 2510 2442 ἔδακνε,
2534 2381 2595 2433 τὸ
2624 2382 2723 2451 τῆς
2746 2380 2941 2451 ἑορτῆς
2968 2378 3213 2448 ἑστώσης
3245 2378 3456 2439 πάντας
3492 2375 3728 2444 ἀφέντας

2147 2467 2240 2520 ἐπὶ
2268 2465 2365 2536 τὴν
2398 2464 2668 2535 Βηθανίαν
2703 2463 2977 2535 ἔρχεσθαι.
3028 2462 3424 2534 Ἐπεχείρησαν
3448 2456 3541 2513 οὗν
3566 2458 3729 2513 αὑτὸν

2147 2549 2380 2613 ἀνελεῖν,
2398 2551 2493 2603 καὶ
2511 2550 2632 2602 οὐδὲ
2649 2548 2867 2602 ἐδόκουν
2889 2548 3095 2618 τολμᾷν
3111 2565 3123 2578 ·
3145 2546 3317 2610 οὕτως
3333 2542 3473 2617 ἦσαν
3499 2545 3723 2615 φονικοί.

2149 2635 2261 2687 Καὶ
2287 2632 2376 2686 διά
2406 2632 2567 2685 τοῦτο
2595 2632 2896 2702 ἀρχόμενος
2924 2633 2952 2684 ό
2973 2632 3156 2701 νόμος,
3191 2629 3300 2683 ἀπὸ
3331 2630 3522 2682 τούτου
3564 2628 3731 2700 ἆρχε-

2148 2735 2272 2770 ται·
2300 2720 2383 2771 Οὐ
2412 2720 2730 2786 φονεύσεις
2752 2732 2766 2745 '
2792 2717 2884 2770 καὶ
2911 2716 2940 2767 ό
2970 2716 3257 2786 προφήτης
3287 2714 3445 2767 τοῦτο
3468 2713 3691 2780 ἐγκαλεῖ

2142 2805 2210 2855 AI
2228 2802 2413 2870 χεῖρες
2435 2800 2635 2854 αὐτῶν
2651 2801 2897 2869 αἵματος
2914 2799 3186 2866 πλήρεις.
3206 2797 3330 2860 Πῶς
3343 2793 3436 2851 οὖν
3452 2794 3734 2869 παρρησίᾳ

2156 2886 2231 2957 μὴ
2265 2884 2584 2956 περιπατῶν
2626 2886 2684 2937 ἐν
2719 2886 2782 2955 τῇ
2830 2882 3081 2953 Ἰουδαίᾳ,
3113 2882 3207 2934 καὶ
3256 2883 3338 2945 εἰς
3384 2882 3484 2947 τὴν
3529 2880 3733 2950 ἔρημον

2152 2968 2473 3041 ἀναχωρῶν,
2513 2966 2677 3021 πάλιν
2707 2966 3015 3037 εἰσέρχεται
3045 2967 3185 3036 μετά
3220 2964 3564 3036 παρῤησίας;
3598 2962 3729 3014 26t-

2155 3070 2254 3116 σας
2288 3053 2377 3105 τὸν
2408 3052 2580 3122 θυμὸν
2615 3054 2679 3121 τῇ
2730 3051 3094 3121 ἀναχωρήσει.
3137 3050 3508 3120 πεπαυμένοις
3548 3048 3734 3109 αὐτοῖς

2154 3138 2463 3203 ἐφίσταται.
2503 3135 2714 3199 Ἀλλως
2745 3135 2823 3197 δὲ,
2857 3134 2919 3187 τὸ
2951 3134 3154 3204 πλῆθος
3180 3133 3242 3186 τὸ
3275 3134 3516 3204 προάγον
3550 3133 3641 3185 καὶ
3673 3130 3734 3183 rb

2154 3221 2417 3289 ἑπόμενον
2446 3219 2628 3273 ἰκανὸν
2647 3214 2716 3289 ἦν
2736 3220 2817 3282 εἰς
2844 3217 3085 3285 ἀγωνίαν
3109 3217 3304 3280 αὐτοὺς
3327 3215 3601 3285 ἐμϐαλεῖν.
3629 3213 3736 3267 Οὐ-

2152 3306 2240 3357 δὲν
2270 3305 2381 3375 γάρ
2424 3302 2599 3366 οὕτως
2643 3303 2993 3355 ἐπεσπάσατο
3038 3302 3234 3364 αὐτοὺς
3284 3302 3531 3369 σημεῖον.
3567 3297 3641 3361 ὡς
3672 3296 3736 3351 τδ

2153 3387 2247 3439 τοῦ
2279 3385 2551 3456 Λαζάρου.
2602 3386 2712 3438 Καὶ
2740 3383 2898 3447 ἄλλος
2925 3384 2981 3437 δέ
3015 3384 3409 3452 εὑαγγελιστής
3440 3398 3621 3449 φησιν,
3651 3380 3735 3433 ὅτι

2169 3471 2182 3489 '
2196 3470 2604 3537 Υπέστρωσαν
2623 3466 2745 3533 τοῖς
2771 3467 2958 3520 ποσὶν
2973 3466 3159 3521 αὐτοῦ
3180 3466 3250 3519 τὰ
3276 3466 3496 3534 ίμὰτια·
3524 3463 3639 3523 καὶ,
3654 3465 3735 3515 ὅτι

2154 3551 2330 3607 Πᾶσα
2347 3551 2385 3618 ή
2406 3553 2585 3615 πόλις
2601 3550 2851 3617 ἐσείσθη
2866 3566 2881 3580 ο
2904 3549 3042 3619 μετά
3060 3549 3328 3616 τοσαύτης
3354 3547 3522 3617 εἰσῄει
3546 3545 3733 3615 τιμῆς.

2168 3635 2375 3689 Ἑποίει
2407 3633 2463 3687 δὲ
2491 3634 2670 3697 τοῦτο,
2697 3632 3033 3703 προφητείαν
3052 3632 3151 3701 τὴν
3178 3631 3276 3701 μὲν
3308 3629 3517 3689 τυπῶν,
3545 3629 3644 3699 τὴν
3678 3627 3736 3679 δέ

2158 3717 2415 3787 πληρῶν⁶
2453 3716 2545 3769 καὶ
2579 3716 2641 3767 τὸ
2687 3715 2818 3768 αὐτὸ
2846 3714 2948 3783 τῆς
2986 3714 3085 3784 μὲν
3122 3714 3337 3782 ἐγένετο
3371 3713 3535 3784 ἀρχὴ,
3558 3714 3654 3781 τῆς
3678 3711 3737 3764 δέ

2155 3800 2279 3852 τέλο
2290 3819 2329 3861 ;.
2354 3799 2427 3851 Tb
2447 3799 2545 3870 μὲν
2560 3798 2689 3868 γάρ,
2706 3796 2879 3865 Χαῖρε
2899 3798 2989 3850 ὅτι
3006 3801 3039 3850 ὁ
3051 3797 3353 3862 ,ϐασιλεύς
3374 3813 3489 3850 σου
3503 3795 3739 3863 ἔρχεταί

2157 3900 2257 3937 σοι
2300 3882 2507 3951 πρᾶος,
2542 3881 2878 3953 προφητείαν
2918 3880 3250 3950 πληροῦντος
3281 3876 3377 3951 ἦν·
3410 3881 3470 3932 τὸ
3506 3880 3559 3932 δὲ
3595 3877 3735 3951 [ἐπὶ]

2156 3966 2275 4019 ὄνον
2293 3964 2534 4026 καθίσαι,
2556 3965 2745 4034 μέλλον
2761 3965 2991 4033 πρᾶγμα
3013 3962 3503 4032 προδιατυποῦντος
3519 3974 3566 4026 ο,
3583 3964 3663 4016 ὅτι
3677 3962 3740 4015 τδ

2159 4048 2469 4118 ἀκάθαρτον
2493 4048 2603 4099 τῶν
2623 4046 2793 4099 ἐθνῶν
2820 4047 2975 4114 γένος
2998 4044 3221 4115 ἔμελλεν
3245 4045 3553 4115 ὑποχείριον
3570 4044 3735 4113 ἔχειν.

2160 4131 2284 4194 Πῶς
2311 4130 2367 4183 δὲ
2402 4132 2449 4183 οί
2480 4129 2627 4182 ἄλλοι
2660 4130 2847 4198 φασὶν,
2888 4129 2970 4181 ὅτι
3018 4128 3264 4199 μαθητὰς
3297 4127 3507 4197 ἔπεμψε
3536 4129 3628 4180 καλ⁸
3662 4125 3741 4180 εἷ-

2161 4230 2262 4265 πεν
2277 4230 2289 4242 ·
2311 4213 2549 4266 Λύσατε
2565 4214 2680 4278 τὴν
2696 4212 2841 4264 ὄνον
2857 4211 3075 4264 καὶτὸν
3091 4209 3297 4263 πῶλον
3311 4226 3325 4239 ο
3344 4203 3495 4272 οὗτος
3516 4210 3571 4261 δὲ
3586 4208 3740 4261 οὐδὲν

2160 4296 2400 4349 τοιοῦτόν
2433 4314 2615 4365 φησιν,
2652 4296 2765 4348 ἀλλ’
2800 4296 2881 4348 ὅτι
2920 4294 3134 4366 ὀνάριον
3169 4294 3343 4363 εὑρὼν
3379 4293 3735 4357 ἐπεκάθισεν;

2165 4380 2288 4432 Ὅτι
2322 4380 2609 4448 ἀμφότερα
2640 4377 2894 4445 γενέσθαι
2928 4377 3075 4440 είκὸς
3097 4373 3186 4448 ἦν,
3209 4378 3302 4430 καὶ
3327 4379 3464 4448 μετά
3491 4377 3551 4429 τὸ
3576 4376 3728 4446 λυθῆ-

2165 4480 2250 4515 ναι
2288 4463 2388 4533 τὴν
2426 4462 2545 4514 δνον
2591 4462 2833 4529 ἀγόντων
2867 4461 2975 4514 τῶν
3008 4461 3283 4532 μαθητῶν,
3322 4463 3550 4532 εὑρόντα
3579 4459 3744 4512 αὑτὸν

2166 4545 2501 4598 ἐπικαθίσαι.
2537 4546 2617 4597 Τὰ
2647 4545 2703 4598 δὲ
2732 4545 2858 4614 βαΐα
2880 4546 2989 4597 τῶν
3016 4546 3274 4613 φοινίκων
3300 4548 3394 4598 καὶ
3419 4546 3524 4598 τῶν
3548 4544 3742 4597 ἐλαιῶν

2166 4629 2375 4691 ἔλαϐον,
2405 4630 2498 4681 καὶ
2526 4630 2596 4681 τά
2648 4630 2840 4698 ἱμάτια
2894 4630 3278 4700 ὑπεστόρεσαν.
3316 4629 3618 4692 δεικνύντες
3659 4630 3741 4681 ὅτι

2165 4712 2346 4764 λοιπὸν
2374 4712 2592 4780 μείζονα
2620 4712 2652 4781 ἦ
2680 4712 2809 4781 περὶ
2837 4715 3118 4781 προφήτου
3141 4711 3298 4776 δόξαν
3330 4708 3474 4781 εἶχον
3498 4712 3623 4782 περὶ
3644 4711 3743 4763 αὑ-

2164 4795 2281 4854 τοῦ,
2295 4796 2389 4847 καὶ
2408 4795 2591 4861 ἔλεγον
2610 4811 2621 4822 ·
2654 4796 2937 4855 Ὡσαννὰ,
2955 4795 3359 4864 εὐλογημένος
3380 4800 3411 4848 ό
3423 4796 3745 4863 ἐρχόμενος

2164 4879 2234 4930 ἐν
2254 4879 2493 4945 ὀνόματι
2514 4878 2755 4945 Κυρίου.
2799 4878 2962 4947 Ὁρᾷς
2992 4878 3072 4929 ὄτι
3098 4878 3255 4929 τοῦτο
3288 4879 3519 4947 μάλιστα
3548 4879 3743 4940 αὐτοὺς

2165 4960 2457 5027 ἀπέπνιγε,
2498 4960 2561 5012 τὸ
2599 4959 2887 5028 πεισθῆναι
2922 4961 3129 5023 πάντας
3166 4962 3245 5012 ὅτι
3279 4964 3378 5013 οὐκ
3413 4962 3556 5013 ἑστιν
3597 4961 3744 5012 ἀντί-

2167 5044 2316 5107 θεος;
2352 5046 2457 5095 Καὶ
2488 5043 2644 5096 τοῦτο
2675 5042 2909 5112 μάλιστα
2933 5043 3107 5113 διῄρει
3143 5043 3233 5095 τὸν
3262 5044 3449 5113 δῆμον,
3478 5045 3536 5097 τὸ
3568 5044 3744 5110 λέγειν

2167 5127 2330 5180 αὑτὸν
2368 5127 2519 5199 παρὰ
2563 5125 2657 5179 τοῦ
2705 5126 2919 5197 Πατρὸς
2955 5126 3145 5196 ἥκειν;
3198 5127 3261 5178 Τί
3294 5127 3349 5179 δέ
3389 5129 3523 5187 ἐστι.
3569 5126 3744 5192 Χαῖρε

2166 5210 2424 5278 σφόδρα.
2456 5211 2706 5279 θύγατερ
2748 5207 2937 5269 Σιών;
2986 5209 3203 5278 Ἐπειδὴ
3250 5210 3450 5273 πάντες
3483 5210 3659 5261 αὐτῶν
3692 5210 3742 5261 οἰ

2170 5294 2408 5364 βασιλεῖς
2431 5295 2505 5357 ὡς
2529 5294 2620 5346 ἐπὶ
2645 5294 2705 5344 τὸ
2736 5292 2871 5345 πολὺ
2890 5291 3065 5345 ἄδικοί
3091 5310 3238 5355 τινες
3270 5289 3410 5364 ἦσαν
3439 5295 3531 5346 καὶ
3558 5293 3746 5344 πλεον-

2169 5381 2346 5441 έκται,
2379 5379 2474 5431 καὶ
2516 5376 2841 5447 παρέδωκαν
2888 5378 3086 5439 αὐτοὺς
3140 5380 3250 5439 τοῖς
3293 5379 3524 5448 ἐχθροῖς,
3563 5377 3747 5429 καὶτὸ

2169 5460 2318 5533 [596]
2337 5461 2539 5531 πλῆθος
2565 5460 2900 5530 διέστρεφον,
2927 5458 3022 5512 καὶ
3047 5459 3378 5521 ὑπευθύνους
3394 5460 3609 5511 ἐποίουν
3631 5461 3746 5520 τοῖς

2168 5548 2474 5619 πολεμίοις⁸
2520 5548 2742 5617 Θάρρει,
2789 5548 2982 5617 φησίν·
3023 5540 3178 5610 οὗτος
3210 5547 3271 5598 ού
3309 5546 3568 5611 τοιοῦτος,
3608 5546 3747 5599 ἀλλὰ

2167 5635 2342 5704 πρᾶος
2370 5633 2465 5685 καὶ
2496 5631 2777 5701 ἐπιεικής⁸
2822 5632 2915 5683 καὶ
2938 5630 3212 5683 δείκνυται
3241 5630 3348 5682 ἀπὸ
3368 5632 3468 5700 τῆς
3492 5630 3633 5682 δνου.
3667 5629 3744 5679 Ού

2169 5717 2277 5789 γὰρ
2305 5715 2665 5786 στρατόπεδον
2715 5715 3106 5787 ἐπισυρόμενος
3152 5713 3422 5783 εἰσῆλθεν,
3464 5714 3576 5766 ἀλλ’
3625 5713 3747 5765 ὄνον

2170 5803 2309 5875 ἑχων
2344 5801 2525 5873 μόνον.
2558 5800 2745 5854 Τοῦτο
2782 5798 2850 5852 δὲ
2879 5802 2992 5854 οὐκ
3025 5800 3276 5870 ᾔδεσαν,
3307 5800 3494 5870 φησὶν,
3539 5802 3592 5855 οί
3631 5814 3749 5868 μαι

2232 5968 2256 5996 ⁸
2286 5964 2380 6017 Alii
2421 5959 2876 6028 προανατυποῦντος.
