4100 6362
403 334 507 391 365

403 450 506 509 lius
535 449 900 504 suburbanum
928 458 983 503 et
1011 444 1364 502 diversorium
1387 463 1401 500 :
1424 460 1602 499 annon
1624 444 1803 498 statim
1832 452 1995 512 atque

403 545 519 598 lnec
552 541 819 606 videmus,
848 538 1268 610 ingemiscimus,
1294 537 1590 607 cogitantes
1618 543 1749 605 quot
1784 535 1996 589 labores

401 635 735 700 sustinuerit,
766 643 897 702 quot
922 641 1226 702 quantaque
1253 628 1521 699 rapuerit?
1550 635 1608 683 et
1624 642 1886 696 nusquam
1908 626 1996 680 ille

400 738 652 798 apparet;
698 728 793 782 sed
822 727 912 781 alii
940 725 1056 795 ejus
1085 724 1427 780 facultatibus
1455 721 1812 786 delectantur,
1859 735 1994 789 quos

401 822 489 876 ille
519 835 807 891 numquam
835 827 1102 890 putasset;
1137 826 1194 872 et
1223 816 1361 871 forte
1400 816 1560 870 etiam
1609 814 1830 875 inimici,
1863 812 1990 866 dum

401 923 672 969 extremas
718 914 809 967 ille
851 912 944 965 dat
987 924 1192 981 pinnas.
1228 908 1429 963 Eadem
1461 922 1559 962 nos
1588 916 1828 960 manent.
1858 904 1991 959 Nam

401 1004 517 1059 sine
544 1003 707 1059 dubio
737 1006 1050 1070 moriemur,
1092 1000 1449 1070 eumdemque
1478 999 1638 1053 ﬁnem
1683 998 1990 1052 sortiemnr.

400 1096 633 1164 Quanta,
661 1109 862 1165 quaeso,
894 1092 1039 1155 odia,
1070 1099 1302 1162 quantos
1329 1098 1595 1160 sumptus,
1631 1097 1856 1157 quantas
1885 1088 1991 1140 ini-

403 1190 634 1245 tnicitias
658 1187 1064 1243 sustinuerunt?
1093 1186 1161 1240 Et
1187 1184 1314 1255 quid
1340 1183 1463 1261 inde
1485 1183 1654 1237 lucri?
1683 1180 1990 1235 lmmortale

400 1280 740 1351 supplicium,
769 1288 824 1335 et
844 1278 1143 1333 consolatio
1163 1277 1329 1343 nulla,
1354 1275 1755 1331 criminationes
1782 1272 1850 1327 ab
1870 1287 1990 1326 om-

399 1376 557 1429 nibus
586 1390 690 1428 non
722 1373 921 1427 viventi
953 1370 1131 1436 modo,
1162 1370 1258 1425 sed
1287 1370 1452 1424 etiam
1475 1368 1729 1423 defuncto
1757 1365 1987 1419 oblatas.

398 1467 535 1534 Quid
566 1466 759 1537 porro?
802 1481 927 1520 cum
953 1464 1242 1520 multorum
1277 1462 1540 1533 imagines
1569 1463 1620 1515 in
1649 1459 1856 1515 aedibus
1886 1472 1988 1527 po-

1465 331 1529 386 ΙΝ
1567 328 1878 386 JOANNEM
1924 328 2152 405 IIOMQIL.
2193 331 2375 388 LXVI.
2417 336 2487 390 al.
2532 336 2689 392 LXV.

3575 348 3680 405 560

2102 455 2231 500 sitas
2260 449 2645 516 conSpicimus,
2674 468 2850 507 annon
2882 455 3047 525 magis
3074 455 3348 528 lugemus?
3374 460 3507 517 Vere
3530 463 3684 531 plane

2099 536 2234 590 dixit
2264 539 2557 609 propheta:
2602 541 2955 600 Verumtamen
2983 564 3109 602 vane
3150 552 3480 608 conturbatur
3520 559 3687 612 omnis

2100 628 2248 682 homo
2274 632 2442 686 vivens
2463 632 2634 699 (Psal.
2659 635 2747 691 38.
2782 637 2894 708 12).
2920 639 3256 697 Perturbatiu
3284 647 3427 700 enim
3456 663 3582 703 vere
3602 659 3688 705 est

2100 721 2356 777 harumce
2388 741 2566 780 rerum
2590 742 2751 794 cura;
2786 732 3117 799 perturbatio
3143 745 3198 791 et
3226 739 3469 795 anxietas
3492 756 3683 810 snper-

2098 812 2225 867 llua.
2254 812 2423 870 Secus
2446 827 2624 873 autem
2658 821 2710 874 in
2740 824 2954 879 aeternis
2980 826 3086 881 illis
3114 832 3484 887 mansionibus
3513 844 3567 889 et
3602 846 3685 890 ta-

2098 904 2420 963 bernaculis.
2454 909 2553 966 Hic
2592 912 2731 967 alius
2763 914 3041 986 laboravit,
3080 920 3216 976 alius
3240 923 3480 980 laborum
3513 926 3687 985 fructu

2098 1000 2335 1069 potitur;
2367 1003 2437 1057 ibi
2468 1020 2599 1060 vero
2648 1006 2893 1063 laborum
2921 1026 3141 1068 suorum
3171 1017 3397 1086 quisque
3434 1018 3688 1078 dominus

2058 1166 2065 1173 ε
2096 1092 2221 1158 erit,
2253 1102 2307 1147 et
2331 1095 2678 1168 multiplicem
2696 1100 2921 1169 accipiet
2937 1107 3264 1173 mercedem.
3286 1108 3366 1163 Ad
3395 1110 3536 1165 illam
3559 1128 3687 1183 ergo

2097 1188 2494 1253 possessionem
2519 1204 2902 1260 properemus:
2924 1196 3035 1250 illic
3064 1213 3316 1267 paremus
3347 1203 3502 1259 nobis
3518 1206 3684 1267 ades.

2097 1288 2157 1331 ut
2175 1280 2511 1348 quiescamus
2529 1284 2579 1337 in
2602 1283 2815 1341 Christo
2840 1287 2969 1343 Jesu
2989 1290 3218 1347 Domino
3237 1304 3446 1361 nostro,
3468 1298 3685 1366 quicum

2097 1369 2241 1424 Patri
2269 1381 2324 1426 et
2344 1373 2566 1443 Spiritui
2596 1387 2785 1433 sancto
2810 1380 2977 1449 gloria
3006 1382 3059 1437 in
3082 1385 3299 1440 samula.
3331 1388 3524 1443 Amen.

441 1598 3664 1629 MM

1716 1682 2068 1748 HOMILIA
2109 1679 2329 1742 LXVI.

396 1842 523 1895 CAP.
556 1840 644 1894 12.
692 1855 743 1892 v.
774 1840 830 1895 9.
862 1838 1102 1911 Cognovit
1152 1854 1270 1909 ergo
1304 1836 1448 1890 turba
1476 1835 1635 1888 multa
1682 1847 1745 1886 ea:
1788 1829 1987 1884 Iudaeis

466 1935 585 2003 quia
611 1932 716 1985 illic
746 1943 914 1987 esset:
940 1942 985 1987 et
1010 1939 1266 1999 venerunt,
1298 1946 1399 1983 non
1435 1937 1642 1998 propter
1669 1924 1845 1977 Iesum
1866 1931 1985 1974 tan-

468 2036 595 2092 tum,
626 2025 713 2081 sed
740 2034 794 2077 ut
838 2033 884 2077 et
918 2023 1175 2077 Lazarum
1204 2022 1424 2075 viderent
1449 2061 1463 2086 ,
1491 2035 1637 2090 quem
1657 2014 1916 2071 suscitavit
1956 2028 1990 2065 a

468 2141 699 2195 mortuis.

470 2232 523 2286 1.
565 2228 1027 2297 Quemadmodum
1075 2228 1275 2283 divitiae
1321 2229 1562 2281 incautos
1604 2224 1829 2293 perdere
1855 2236 1989 2276 con-

398 2331 708 2387 sueverunt.
733 2323 804 2377 ita
834 2330 891 2376 et
913 2322 1243 2393 principatus
1269 2339 1282 2374 :
1314 2320 1418 2375 illze
1449 2321 1594 2375 enim
1624 2319 1675 2372 in
1707 2316 1990 2371 avaritiam

396 2415 688 2479 deducunt,
710 2414 797 2469 hic
823 2417 875 2469 in
900 2415 1283 2484 arrogantiam.
1307 2413 1442 2468 Vide
1464 2427 1592 2482 ergo
1618 2412 1755 2480 apud
1777 2408 1992 2464 Jndzeos

398 2510 665 2566 subditam
684 2509 899 2580 quidem
921 2509 1128 2563 turbam
1156 2523 1364 2573 sanam,
1379 2507 1646 2577 principes
1668 2512 1844 2559 autem
1866 2517 1990 2555 cor-

400 2612 605 2673 ruptos.
637 2602 792 2671 Quod
821 2602 964 2657 enim
997 2602 1146 2672 plebs
1196 2601 1249 2654 in
1292 2600 1441 2653 illum
1486 2597 1771 2660 crederet,
1804 2593 1994 2649 testiﬁ-

398 2705 589 2751 cantur
614 2694 809 2765 passim
836 2693 1176 2763 evangelista}
1202 2710 1215 2746 :
1249 2690 1403 2745 Multi
1421 2691 1484 2743 de
1505 2688 1651 2742 turba
1670 2686 1992 2740 crediderunt

402 2786 456 2841 in
472 2802 586 2839 eum
616 2783 797 2855 (Joan.
831 2783 883 2839 7.
912 2783 1026 2855 3i).
1058 2783 1133 2837 Ex
1153 2780 1482 2852 principibus
1503 2788 1681 2832 autem
1709 2776 1859 2830 multi
1885 2790 1991 2828 non

400 2877 709 2935 credebant.
732 2877 835 2948 Ipsi
848 2893 976 2932 vero
988 2876 1192 2940 dicunt,
1207 2888 1311 2929 non
1332 2872 1504 2937 turba,
1526 2868 1790 2941 Numquid
1810 2866 1994 2935 aliquis

402 2987 467 3024 ea:
486 2970 796 3040 principibus
823 2968 1038 3022 credidit
1064 2968 1118 3021 in
1140 2983 1252 3021 eum
1280 2964 1441 3036 (Ibid.
1469 2965 1523 3019 7.
1558 2964 1627 3017 48
1650 2964 1706 3032 )?
1732 2961 1835 3018 Sed
1865 2958 1993 3030 quid

402 3060 631 3116 dicunt?
653 3060 826 3114 Turba
846 3059 1043 3131 pepuli,
1080 3059 1167 3128 qui
1195 3074 1297 3111 non
1318 3065 1503 3109 norunt
1527 3053 1707 3119 Deum,
1739 3051 1994 3107 maledicti

401 3160 518 3206 sunt
548 3149 709 3222 (Ibid.
760 3165 805 3203 v.
848 3149 965 3219 b9).
1018 3149 1123 3203 Eos
1179 3146 1269 3215 qui
1320 3145 1626 3209 credebant,
1682 3143 1994 3199 maledictos

402 3242 687 3308 dicebant;
713 3257 776 3297 se
803 3256 933 3296 vero
960 3240 1048 3310 qui
1080 3239 1396 3294 occiderunt
1419 3237 1688 3292 Christum
1714 3277 1729 3301 ,
1762 3235 1994 3305 pruden-

404 3343 505 3390 tes.
531 3335 626 3391 Hic
652 3347 866 3405 quoque
895 3334 1048 3387 multi
1079 3332 1168 3401 qui
1192 3330 1504 3385 miraculum
1534 3327 1794 3393 viderant,
1815 3326 1988 3382 credi-

403 3420 595 3483 derunt
618 3444 635 3493 ;
663 3428 932 3498 principes
951 3435 1153 3490 autem,
1174 3439 1278 3478 non
1298 3422 1459 3477 modo
1482 3437 1585 3476 non
1604 3425 1839 3476 contenti
1866 3434 1992 3489 pro-

405 3520 536 3589 priis
560 3520 715 3573 malis
736 3526 908 3580 erant,
925 3516 1019 3571 sed
1039 3516 1199 3571 etiam
1224 3516 1479 3569 Lazarum
1503 3512 1804 3568 interﬁcere
1823 3522 1995 3566 tenta-

404 3609 533 3665 bant
550 3611 566 3640 ¹
588 3609 642 3680 (J
647 3606 976 3679 οαη.12.10).
999 3607 1151 3673 Esto,
1171 3605 1463 3667 Christum,
1481 3605 1571 3674 qui
1588 3604 1865 3660 sabbatum
1888 3603 1995 3657 sol-

407 3702 588 3762 vebat.
615 3700 704 3770 qui
733 3714 791 3754 se
819 3699 1077 3769 aequalem
1106 3697 1246 3751 Patri
1271 3696 1520 3761 faciebat,
1554 3705 1773 3765 propter
1796 3694 1995 3749 Roma-

406 3808 505 3848 nos
541 3793 841 3847 interﬁcere
870 3790 1153 3861 quanatis;
1183 3791 1235 3843 in
1272 3789 1474 3843 Lazaro
1499 3787 1623 3857 quid
1655 3786 1873 3861 sceleris
1900 3785 1995 3839 de-

402 3884 783 3955 prehendistis,
810 3892 871 3937 ut
895 3882 1139 3953 cogitetis
1166 3880 1511 3935 interﬁcere?
1540 3882 1621 3933 An
1672 3879 1991 3933 beneﬁcium

403 3977 647 4047 accipere
677 3977 886 4031 crimini
930 3975 1206 4030 dandum?
1237 3974 1423 4028 Viden’
1454 3974 1852 4043 sanguinarium
1882 3972 1995 4025 illo-

409 4084 530 4123 rum
587 4067 963 4138 propositum?
1005 4067 1161 4136 Atqui
1206 4066 1370 4119 multa
1415 4066 1563 4134 signa
1614 4067 1849 4129 fecerat;
1898 4063 1992 4118 sed

405 4161 607 4215 nullum
667 4174 761 4215 eos
816 4160 888 4213 ita
934 4159 1266 4225 eﬂ‘eraverat,
1321 4172 1428 4212 non
1480 4158 1841 4227 paralyticus,
1887 4170 1993 4212 non

405 4268 599 4307 caecus.
627 4252 738 4306 Hoc
766 4253 909 4306 enim
954 4261 1009 4305 et
1038 4260 1225 4305 natura
1267 4250 1563 4304 mirabilius
1591 4260 1706 4303 erat
1731 4291 1745 4315 ,
1773 4258 1829 4303 et
1875 4258 1997 4318 post

405 4346 505 4399 alia
538 4344 699 4398 multa
733 4344 963 4409 factum;
994 4324 1188 4413 resque
1215 4341 1473 4411 stupenda
1504 4349 1622 4396 erat
1647 4341 1827 4395 videre
1848 4356 1993 4395 mor-

407 4448 557 4491 tuum
579 4434 987 4506 quatriduanum
1012 4434 1375 4489 ambulantem
1406 4442 1461 4488 et
1500 4434 1833 4503 loquentem.
1866 4432 1994 4486 Pul-

408 4530 536 4584 chra
555 4543 684 4581 sane
702 4526 820 4581 festi
844 4526 1037 4587 ofﬁcia.
1057 4526 1292 4595 caidihus
1311 4525 1676 4580 celebritatem
1703 4526 1928 4579 miscere
1947 4525 1990 4578 ³.

408 4621 678 4676 Praeterea
704 4619 813 4673 illic
840 4618 906 4672 de
936 4618 1137 4671 violato
1166 4616 1387 4670 sabbato
1416 4616 1742 4671 accusabant
1770 4631 1913 4678 eum.
1942 4623 1998 4671 et

410 4716 512 4769 hac
558 4715 767 4770 ratione
809 4712 1062 4782 pupulum
1112 4710 1451 4765 adducebant
1503 4729 1516 4764 :
1562 4709 1649 4765 hic
1700 4727 1829 4764 vero
1875 4709 1998 4779 quia

411 4807 542 4861 nihil
593 4814 839 4875 poterant
877 4804 1119 4859 criminis
1172 4802 1389 4867 offerre,
1443 4812 1630 4857 contra
1682 4802 1995 4857 suscitatum

410 4899 809 4953 machinantur.
837 4896 1019 4966 Neque
1044 4904 1289 4966 poterant
1320 4894 1407 4949 hic
1428 4893 1610 4949 dicere
1635 4935 1649 4957 ,
1680 4894 1851 4962 ipsum
1878 4906 1999 4946 esse

414 4988 558 5044 Patri
588 4988 995 5052 adversarium;
1038 4985 1278 5057 precatio
1319 4984 1463 5039 enim
1515 4983 1804 5039 cohibebat
1849 4983 1991 5037 illos.

474 5129 497 5189 ¹ί
526 5125 646 5177 Haec
661 5134 932 5189 sequuntur
954 5126 1005 5174 in
1026 5120 1329 5183 Florilegio:
1355 5119 1568 5189 inierimt
1600 5120 1727 5170 enim
1749 5118 2002 5189 consilium

417 5188 663 5252 Principes
687 5180 989 5252 sacerdotum
1001 5193 1057 5252 nt
1092 5180 1326 5252 (Mirum
1347 5182 1703 5252 interﬁcerent,
1727 5183 1841 5252 quia
1863 5180 2003 5231 multi

413 5243 607 5313 propter
646 5263 757 5299 eum
794 5249 855 5298 ab
876 5249 945 5299 eis
976 5248 1276 5298 desciverant
1312 5252 1358 5296 et
1394 5243 1705 5295 crediderant
1740 5245 1794 5294 in
1814 5251 1999 5294 Jesum.

414 5320 542 5368 εειο,
568 5318 664 5362 etc.

480 5375 499 5404 ²
534 5365 677 5435 savii.
705 5372 833 5422 hunc
854 5370 1014 5421 locum
1047 5369 1176 5435 male
1193 5369 1381 5417 habere
1398 5365 1664 5435 contendit,
1691 5367 1947 5435 ipsumque
1972 5380 2002 5435 e_

416 5432 682 5496 Florilegio
692 5435 763 5482 sic
774 5435 947 5484 restitu
953 5446 1041 5496 ere
1049 5433 1193 5495 jubet
1215 5445 1229 5480 ε
1250 5439 1288 5479 0
1300 5429 1619 5496 Sacerdatum_
1630 5427 1904 5496 (interdicta,
1920 5427 2006 5491 qui

422 5495 553 5546 diem
580 5489 751 5551 {Earum
772 5496 841 5545 ita
862 5489 1065 5558 egregie
1090 5498 1237 5557 agunt
1280 5500 1331 5541 ut
1365 5490 1524 5558 caedes
1547 5489 1812 5558 celebritati
1832 5489 2007 5540 misce-

419 5563 521 5607 ant.
546 5565 692 5616 Quam
717 5551 998 5619 corrupiam'
1008 5551 1197 5619 seriem
1213 5551 1717 5619 pronuntiatﬁavilius
1730 5564 1868 5619 ,_ego
1887 5566 2004 5619 per-

418 5610 633 5680 spicuam
650 5621 844 5669 omnino
862 5610 914 5680 et
933 5616 1110 5666 claram
1127 5610 1362 5680 arbitror._
1376 5610 1568 5660 lt'onice
1582 5610 1847 5680 hicdicitur
1873 5610 2007 5662 {Pub-

421 5674 541 5730 ἀπα
559 5695 671 5732 sane
690 5681 796 5744 [esti
815 5679 989 5744 officia.
1010 5678 1221 5729 caedibus
1245 5676 1567 5744 celebritatem
1592 5674 1825 5733 "timere;
1846 5690 1905 5744 _ac
1922 5690 2009 5744 pc-

418 5744 566 5791 rinde
586 5736 716 5791 clari!
742 5736 907 5791 er'ca
931 5744 1230 5791 eanimunt.
1256 5738 1532 5801 Florilegus
1564 5746 1728 5785 autem
1765 5736 2006 5787 multaide

423 5806 530 5857 auis
549 5805 745 5862 addidit,
771 5817 879 5865 qua:
900 5805 951 5853 in
974 5802 1293 5863 C‘irysostomi
1318 5801 1676 5850 comnmntariis
1708 5814 1802 5850 non
1828 5810 1981 5851 erant.

750 5891 1018 5952 ΡΑτιιοι..
1068 5894 1181 5952 Cn.
1233 5893 1394 5961 LIX.

2097 1824 2361 1892 Quoniam
2407 1829 2567 1900 igitur
2610 1834 2815 1890 sublata
2854 1844 2971 1891 erat
3006 1838 3218 1893 assidua
3265 1840 3352 1896 illa
3399 1844 3690 1898 accusandi

2097 1922 2341 1987 materia,
2396 1923 2715 1995 signumque
2760 1929 3107 1998 conspicuum
3160 1940 3314 1997 erat,
3373 1932 3439 1987 ad
3487 1932 3693 1989 czedem

2095 2008 2339 2066 feruntur
2364 2030 2377 2068 :
2405 2013 2745 2087 idipsumque
2772 2018 2962 2074 facturi
2990 2032 3143 2076 erant
3162 2038 3287 2093 erga
3316 2038 3542 2088 caecum,
3589 2026 3695 2082 nisi

2095 2102 2302 2156 sabbati
2330 2106 2531 2158 crimen
2553 2106 2832 2164 adfuisset.
2862 2111 3112 2181 Alioquin
3153 2112 3399 2182 ignobilis
3428 2115 3520 2169 ille
3548 2126 3690 2178 erat,

2096 2192 2645 2265 cjeceruntqueillum
2667 2198 2735 2254 de
2761 2200 2991 2269 templo:
3022 2201 3106 2256 hic
3126 2214 3304 2258 autem
3329 2204 3409 2259 vir
3438 2205 3683 2274 insignis,

2098 2296 2154 2338 ut
2187 2284 2354 2355 liquet
2393 2303 2457 2342 ex
2488 2304 2554 2344 eo
2582 2291 2725 2359 quod
2773 2293 2926 2348 multi
2969 2309 3185 2350 sorores
3209 2296 3327 2366 ejus
3354 2296 3690 2351 consulatum

2096 2381 2372 2445 venerint;
2402 2389 2458 2435 et
2499 2383 2821 2439 miraculum
2848 2386 3151 2442 videntibus
3179 2389 3430 2444 omnibus
3479 2389 3687 2445 editum

2098 2467 2290 2535 fuerat,
2342 2480 2502 2541 atque
2549 2474 2815 2543 stupenda
2859 2477 3040 2532 modo.
3096 2477 3222 2533 ldeo
3277 2494 3469 2534 omnes
3515 2482 3689 2534 visum

2097 2561 2468 2616 accurrebant.
2519 2564 2631 2620 l-loc
2663 2566 2785 2620 illos
2811 2568 3131 2635 mordebat,
3160 2569 3303 2641 quod
3330 2572 3565 2627 instante
3598 2586 3688 2627 so-

2097 2650 2371 2709 lemnitate
2397 2696 2413 2719 ,
2448 2655 2537 2710 illa
2577 2658 2742 2713 missa
2785 2675 2974 2715 omnes
3002 2661 3318 2718 Bethaniam
3349 2663 3686 2721 advolarent.

2099 2743 2249 2797 lllum
2280 2761 2407 2815 ergo
2434 2748 2683 2804 occidere
2710 2750 2879 2805 moliti
2908 2762 3052 2819 sunt,
3080 2763 3135 2808 et
3164 2754 3295 2810 nihil
3325 2756 3529 2812 audere
3577 2757 3682 2812 sibi

2097 2834 2465 2892 videbantur:
2512 2839 2581 2893 ita
2630 2842 2956 2913 sanguinarii
2986 2855 3160 2899 erant.
3208 2846 3336 2901 ideo
3382 2848 3464 2903 lex
3509 2848 3688 2904 abhis

2097 2928 2275 2983 verbis
2297 2929 2505 2999 incipit,
2536 2930 2659 2986 Non
2685 2934 2881 2989 occides
2901 2934 3101 3007 (Exod.
3127 2938 3219 2994 ‘20.
3244 2940 3378 3010 i3);
3409 2950 3464 2996 et
3483 2939 3552 2996 de
3576 2941 3678 2997 huc

2097 3022 2358 3089 propheta
2380 3034 2614 3089 accusat,
2650 3024 2839 3080 Manus
2863 3044 3037 3083 eorum
3064 3032 3313 3102 sanguine
3338 3032 3503 3102 plena:
3531 3031 3583 3106 (Ι
3587 3036 3684 3087 sai.

2099 3115 2152 3170 1.
2177 3116 2288 3184 15).
2307 3116 2589 3183 Quomodo
2604 3134 2733 3191 ergo
2743 3135 2863 3176 cum
2882 3138 2989 3177 non
3018 3124 3189 3193 palam
3218 3125 3271 3180 in
3290 3125 3474 3182 Judzea
3491 3128 3683 3183 ambu-

2096 3207 2331 3287 larettet
2357 3210 2409 3264 in
2438 3210 2708 3266 desertum
2740 3215 3083 3280 secessisset,
3114 3220 3305 3273 iterum
3335 3218 3563 3276 ﬁdenter
3602 3221 3686 3273 in-

2097 3305 2203 3351 trat
2223 3299 2246 3352 ?
2269 3299 2556 3368 Postquam
2585 3315 2802 3358 secessu
2832 3304 2963 3359 iram
2987 3306 3200 3361 illorum
3221 3307 3542 3376 sedaverat,
3567 3311 3682 3379 jam

2096 3391 2308 3459 quietos
2336 3392 2467 3448 adit.
2495 3394 2915 3466 Alioquin'plebs
2941 3398 3250 3467 praecedens
3273 3408 3327 3454 et
3347 3401 3680 3472 subsequens

2097 3492 2309 3551 poterat
2327 3484 2432 3539 illis
2444 3495 2643 3541 metum
2669 3488 2906 3544 incutere
2926 3490 3089 3545 :nihil‘
3104 3493 3247 3547 enim
3262 3508 3378 3548 eam
3402 3494 3688 3549 itaallexe-

2097 3585 2181 3629 rat
2206 3614 2221 3640 ,
2249 3584 2309 3629 ut
2332 3576 2539 3645 signum
2565 3577 2769 3632 Lazari.
2790 3580 2942 3635 Alius
2969 3595 3135 3650 porro
3160 3584 3488 3654 evangelista
3529 3586 3684 3654 dicit,

2099 3666 2401 3723 Straverunt
2424 3671 2514 3723 sub
2545 3671 2751 3740 pedibus
2779 3674 2889 3744 ejus
2917 3676 3210 3730 vestimenta
3227 3676 3376 3749 (Luc.
3410 3679 3500 3735 19.
3535 3681 3603 3736 36
3625 3680 3683 3748 );

2096 3769 2183 3823 et,
2236 3761 2413 3814 Omnis
2454 3763 2629 3816 civitas
2655 3776 2904 3819 commota
2933 3776 3006 3821 est
3032 3767 3247 3836 (Matth.
3277 3770 3368 3826 21.
3398 3771 3534 3843 10);
3562 3788 3686 3828 cum

2099 3858 2248 3904 tanto
2283 3852 2490 3908 scilicet
2546 3854 2753 3910 honore
2786 3857 3203 3926 ingrediebatur.
3255 3862 3366 3916 Hoc
3397 3879 3559 3931 porro
3602 3864 3685 3919 fa-

2098 3944 2275 3998 ciebat
2327 3954 2380 3997 ut
2412 3946 2745 4014 pr0pbetiam
2775 3948 2935 4003 aliam
2976 3952 3261 4020 ﬁgurat-et,
3292 3954 3447 4008 aliam
3490 3957 3687 4026 imple-

2098 4042 2182 4088 ret
2214 4053 2226 4089 :
2254 4046 2311 4089 et
2349 4034 2487 4090 idem
2531 4035 2632 4090 fuit
2672 4039 2895 4094 alterius
2924 4041 3262 4111 principium,
3290 4045 3512 4100 alterius
3542 4048 3686 4102 ﬁnis.

2097 4128 2228 4182 Nam
2260 4129 2409 4193 illud,
2432 4128 2631 4185 Ltelare
2657 4132 2777 4201 quia
2818 4132 2930 4187 Rea:
2958 4143 3074 4189 tuus
3111 4138 3243 4189 venit
3269 4137 3357 4192 tibi
3394 4151 3688 4194 mansuetus

2100 4220 2285 4288 (Ibid.
2349 4238 2398 4274 v.
2442 4221 2560 4292 5),
2618 4224 2955 4293 prophetiam
3018 4226 3204 4295 implet
3248 4246 3261 4280 :
3307 4230 3447 4297 quod
3507 4243 3688 4286 autem

2100 4314 2252 4366 asino
2278 4313 2545 4379 insideat,
2578 4331 2690 4391 rem
2721 4315 2954 4370 futuram
3000 4318 3395 4387 prmsigniﬁcat,
3435 4321 3557 4389 quia
3586 4324 3692 4375 im-

2100 4405 2357 4459 mundum
2407 4407 2684 4475 gentilium
2717 4422 2885 4477 genus
2932 4409 3206 4463 subditum
3246 4409 3524 4467 habiturus
3550 4422 3689 4468 erat.

2100 4495 2382 4564 Quomodo
2407 4509 2585 4551 autem
2630 4499 2718 4552 alii
2748 4498 2931 4554 dicunt
2960 4500 3132 4568 ipsum
3160 4500 3448 4570 discipulos
3475 4504 3688 4559 misisse

2101 4595 2156 4640 et
2184 4586 2402 4651 dixisse,
2434 4588 2625 4642 Solvite
2649 4591 2845 4643 asinam
2867 4600 2914 4645 et
2945 4592 3144 4660 pullum
3176 4592 3389 4661 (Marc.
3424 4595 3509 4649 ll.
3544 4596 3652 4667 l2)
3676 4604 3717 4662 ;'

2102 4679 2191 4735 hic
2228 4695 2358 4735 vero
2389 4680 2519 4735 nihil
2560 4682 2734 4736 simile
2760 4683 2928 4749 dicit,
2961 4683 3057 4738 sed
3088 4683 3305 4739 invento
3345 4687 3516 4743 asello
3543 4693 3686 4744 inse-

2101 4770 2282 4826 disse?
2310 4770 2607 4841 Utrumque
2653 4773 2848 4829 factum
2893 4790 3015 4830 esse
3055 4776 3311 4833 credibile
3337 4788 3442 4845 est,
3471 4791 3526 4835 et
3573 4792 3698 4851 post

2103 4865 2330 4920 solutam
2359 4867 2585 4931 asinam,
2604 4867 2926 4924 ducentibus
2952 4871 3251 4941 discipulis,
3278 4876 3498 4932 invento
3524 4880 3693 4933 asello

2104 4957 2377 5012 Christum
2411 4959 2693 5015 insedisse.
2725 4960 2925 5016 Ramos
2970 4973 3148 5018 autem
3191 4968 3488 5035 palmarum
3521 4981 3574 5026 et
3595 4972 3698 5025 oli-

2106 5063 2291 5103 varum
2323 5062 2682 5119 acceperunt,
2714 5063 2767 5107 et
2792 5055 3109 5111 vestimenta
3151 5066 3488 5127 straverunt,
3514 5074 3699 5118 osten-

2105 5142 2295 5198 dentes
2324 5158 2382 5198 se
2411 5145 2666 5213 majorem
2692 5146 2761 5200 de
2787 5147 2877 5202 illo
2902 5189 2915 5210 ,
2953 5164 3113 5217 quam
3142 5151 3209 5206 de
3238 5152 3522 5223 pr0pbeta,
3574 5156 3695 5226 opi-

2107 5235 2323 5293 nionem
2371 5238 2606 5304 haberc;
2632 5249 2685 5294 et
2713 5241 2960 5296 dicebant
2998 5263 3011 5297 :
3048 5245 3134 5300 13.
3164 5245 3451 5313 Hosanna,
3487 5250 3694 5305 benedi-

2107 5340 2216 5384 ctus
2253 5331 2339 5401 qui
2366 5332 2497 5385 venit
2541 5332 2593 5385 in
2623 5334 2824 5389 nomine
2864 5334 3090 5391 Domini.
3131 5338 3290 5395 Vides
3322 5341 3423 5396 hoc
3464 5344 3699 5399 maxime

2110 5423 2237 5477 illos
2255 5423 2445 5479 dolore
2467 5424 2715 5482 obruisse
2742 5468 2755 5485 .
2786 5428 2928 5497 quod
2955 5444 3147 5484 omnes
3185 5446 3499 5500 persuasum
3529 5433 3699 5489 habe-

2110 5523 2231 5567 rent
2275 5515 2449 5582 ipsum
2501 5531 2606 5570 non
2662 5532 2782 5572 esse
2834 5518 2943 5573 Deo
2995 5518 3403 5576 adversarium?
3462 5522 3532 5577 Et
3587 5525 3692 5580 hoc

2111 5606 2342 5661 maxime
2372 5610 2626 5677 populum
2656 5610 2953 5676 scindebat,
2985 5613 3128 5682 quod
3156 5629 3214 5669 se
3246 5615 3448 5671 diceret
3476 5632 3504 5671 a
3532 5618 3693 5675 Patre

2114 5700 2317 5754 venire.
2344 5700 2482 5767 Quid
2512 5702 2612 5756 sibi
2643 5703 2756 5756 vult
2783 5704 2907 5756 illud
2931 5744 2945 5768 ,
2979 5703 3063 5758 15.
3098 5703 3298 5760 Laetare
3321 5710 3555 5777 multum,
3587 5714 3695 5780 [ilia

2115 5793 2282 5850 Sion?
2305 5795 2436 5863 Quia
2469 5812 2655 5851 omnes
2684 5797 2917 5865 ipsorum
2948 5814 3103 5869 rcges
3129 5812 3187 5857 ut
3214 5802 3498 5872 plurimum
3531 5809 3695 5880 iniqui

3261 5896 3340 5955 23
