4100 6362
470 342 574 403 381'

470 466 625 513 erant
653 465 703 512 et
730 455 934 522 cupidi,
966 455 1213 523 ipsosque
1236 454 1478 507 hostibus
1508 451 1806 515 tradebant,
1836 449 2046 520 plebem

471 548 854 603 subvertebant
894 556 947 601 et
976 545 1219 599 hostibus
1265 544 1506 598 subditos
1546 543 1836 597 reddebant
1868 560 1881 595 :
1911 541 2053 595 Con-

472 638 600 705 flde,
628 637 817 707 inquit,
844 636 928 689 hic
949 649 1052 688 nou
1077 634 1195 688 talis
1216 642 1319 698 est,
1348 633 1442 687 sed
1470 641 1777 687 mansuetus
1802 640 1856 686 et
1877 631 2049 695 mitis;

471 729 613 798 quod
653 744 717 783 es
749 726 1244 781 asina'ostenditur.
1293 724 1476 794 Neque
1525 726 1665 777 enim
1693 722 1929 778 exercitu
1959 722 2055 775 sti-

471 831 625 888 palus
660 821 932 888 ingressus
958 827 1041 872 est
1064 857 1080 879 ,
1110 816 1206 871 sed
1233 830 1354 870 cum
1383 816 1531 869 asina
1562 823 1785 868 tantum.
1820 813 1906 867 16.
1939 812 2052 866 Hoc

470 921 638 965 autem
666 910 970 976 nesciebant,
1001 909 1187 978 inquit,
1216 907 1459 978 discipuli
1488 907 1617 976 ejus,
1649 904 1785 975 quod
1814 904 2053 971 scriptum

472 1003 534 1057 ile
557 1002 648 1055 illo
677 1013 824 1058 esset.
859 999 1045 1056 Viden‘
1077 1000 1197 1055 illos
1224 1000 1451 1069 plurima
1479 999 1773 1068 ignorasse,
1794 998 1916 1067 quia
1941 996 2054 1063 ipse

472 1094 708 1149 nondum
753 1096 833 1148 eis
875 1092 1247 1148 revelaverat?
1294 1091 1426 1145 Nam
1474 1105 1594 1145 cum
1639 1089 1813 1155 dixit,
1860 1087 2055 1143 Solvite

475 1187 720 1257 templum
747 1186 841 1240 hoc
866 1227 883 1253 ,
911 1195 958 1239 et
986 1187 1039 1238 in
1071 1184 1228 1239 tribus
1261 1184 1435 1237 diebus
1463 1179 1689 1235 excitabo
1716 1180 1848 1234 illud
1873 1178 2050 1250 (Joan.

476 1279 531 1333 2.
568 1270 669 1347 19)
709 1296 722 1333 :
755 1292 931 1346 neque
975 1287 1100 1331 tunc
1144 1276 1521 1330 intellexerunt
1550 1272 1794 1342 discipuli
1822 1270 1957 1341 ejus.
1989 1270 2056 1325 Et

471 1371 609 1426 alius
638 1370 961 1440 evangelista
986 1368 1175 1437 (Marc.
1195 1367 1249 1424 9.
1272 1365 1329 1438 9)
1346 1366 1499 1433 dicit,
1527 1363 1899 1421 absconditum
1924 1361 2056 1419 fuis-

475 1478 536 1519 se
587 1476 889 1518 sermonem
920 1460 988 1515 ab
1030 1461 1129 1527 eis,
1158 1473 1257 1513 nec
1282 1459 1500 1514 scivisse
1533 1463 1957 1511 resurrecturum
1986 1454 2052 1507 il-

472 1556 582 1610 lum
623 1569 742 1610 esse
767 1570 797 1607 a
824 1553 1071 1607 mortuis.
1100 1552 1206 1608 Sed
1239 1553 1341 1607 hoc
1378 1552 1501 1621 jure
1547 1548 1917 1605 absconditum
1947 1546 2055 1601 illis

471 1657 608 1703 erat.
623 1647 958 1717 Quapropter
981 1646 1116 1700 alius
1131 1644 1455 1715 evangelista
1472 1642 1683 1714 (Matth.
1710 1642 1798 1696 17.
1816 1640 1908 1709 22)
1930 1654 2053 1694 nar-

472 1749 553 1792 rat
598 1738 743 1807 ipsos
776 1738 980 1807 singula
1025 1737 1303 1791 audientes
1327 1735 1563 1790 doluisse
1588 1744 1640 1789 et
1677 1744 1897 1788 maestos
1927 1731 2055 1785 fuis-

471 1846 553 1885 se.
600 1831 654 1885 Id
696 1843 872 1885 autem
914 1830 1254 1900 contingebat
1284 1828 1426 1898 quod
1459 1828 1901 1882 resurrectionem
1948 1838 2055 1878 non

470 1934 711 1978 nossent.
743 1923 813 1977 Et
848 1922 968 1993 jure
995 1922 1049 1977 id
1092 1921 1455 1977 occultabatur
1501 1919 1651 1990 ipsis,
1683 1918 1804 1987 quia
1844 1916 2054 1971 illorum

472 2025 685 2084 captum
716 2015 1005 2084 superabat
1039 2030 1052 2065 :
1081 2014 1243 2067 asinae
1286 2027 1414 2067 vero
1443 2010 1661 2064 historia
1688 2024 1784 2063 cur
1829 2007 1932 2062 illis
1966 2021 2058 2062 oc-

470 2108 615 2163 culta
644 2108 781 2175 fuit?
805 2106 937 2175 Quia
968 2107 1082 2161 hcce
1109 2121 1321 2176 quoque
1342 2120 1428 2158 res
1456 2118 1644 2173 magna
1664 2110 1801 2157 erat.

542 2201 596 2254 2.
621 2199 758 2256 Vide
775 2210 955 2254 autem
979 2198 1320 2268 evangelista:
1344 2194 1756 2265 philosophiam,
1785 2190 2057 2263 quomodo

473 2307 580 2348 non
608 2293 888 2348 erubescat
902 2292 1175 2361 pristinam
1192 2290 1399 2345 illorum
1422 2288 1770 2358 ignorantiam
1791 2284 2053 2355 profiteri.

469 2384 624 2452 Quod
654 2385 905 2454 scriptum
933 2393 1076 2438 esset
1096 2382 1334 2436 sciebant
1355 2398 1369 2444 ;
1390 2380 1530 2450 quod
1557 2395 1687 2434 vero
1711 2379 1780 2434 de
1806 2378 1897 2432 illo
1924 2378 2059 2432 scri-

474 2488 619 2545 ptum
647 2486 807 2541 esset,
840 2476 887 2529 id
910 2475 1240 2545 ignorabant.
1260 2472 1390 2527 Nam
1413 2481 1557 2527 certe
1574 2472 1678 2526 hoc
1702 2472 1807 2525 illis
1834 2469 2059 2525 offendi-

473 2568 595 2623 culo
623 2567 852 2623 futurum
883 2575 1017 2634 erat,
1038 2566 1081 2620 si
1105 2581 1198 2621 rex
1225 2580 1345 2620 cum
1374 2572 1534 2629 esset,
1556 2564 1669 2617 haec
1697 2571 1842 2618 esset
1868 2577 2057 2631 passu-

473 2676 587 2725 rus,
614 2668 772 2729 atque
803 2659 869 2713 ita
896 2658 1199 2713 tradendus.
1227 2657 1473 2727 Alioquin
1504 2665 1681 2709 autem
1714 2670 1817 2709 non
1852 2665 1957 2708 tam
1981 2652 2058 2708 fa-

473 2751 579 2805 cile
604 2750 743 2821 quod
766 2765 987 2819 regnum
1016 2749 1143 2803 illud
1162 2757 1308 2804 esset
1334 2748 1738 2802 intellexissent.
1771 2745 1901 2800 Nam
1923 2746 2057 2800 alius

468 2843 798 2913 evangelista
818 2843 965 2909 dicit,
989 2842 1057 2897 de
1080 2840 1235 2911 hujus
1264 2841 1445 2895 mundi
1472 2855 1635 2910 regno
1662 2838 1765 2894 dici
1786 2839 2057 2908 putavisse

479 2936 498 3006 (
530 2933 669 2988 Ibid.
692 2934 782 2990 20.
804 2934 920 3001 25).
954 2934 1039 2987 17.
1092 2930 1477 3000 Testiﬁcabatur
1516 2940 1686 2985 autem
1715 2930 1861 2983 turba
1880 2970 1895 2994 ,
1921 2930 2058 3000 quod

472 3025 729 3080 Lazarum
756 3028 1123 3080 resuscitasset.
1158 3025 1273 3077 Non
1316 3025 1459 3078 enim
1505 3033 1583 3078 tot
1608 3034 1828 3093 repente
1871 3024 2057 3077 mutati

476 3118 722 3182 fuissent,
757 3117 945 3188 inquit,
981 3116 1080 3170 nisi
1111 3116 1263 3185 signo
1288 3115 1662 3173 credidissent.
1696 3114 1782 3169 19.
1810 3113 2060 3168 Pharisaei

476 3220 645 3265 autem
672 3211 907 3263 dixerunt
932 3210 1056 3274 illis,
1094 3208 1282 3263 Videtis
1310 3209 1427 3279 quia
1453 3208 1581 3261 nihil
1607 3208 1892 3278 proﬁcitis?
1932 3206 2060 3260 Ecce

475 3304 697 3358 mundus
718 3314 852 3359 totus
874 3315 987 3374 post
1008 3304 1151 3358 illum
1173 3303 1296 3358 abit.
1333 3303 1443 3356 Hoc
1461 3303 1657 3357 dictum
1693 3302 1820 3355 mihi
1851 3302 2059 3356 videtur

477 3399 545 3451 ab
576 3398 640 3451 iis
663 3399 751 3467 qui
778 3412 921 3450 same
951 3396 1146 3451 mentis
1170 3404 1341 3459 erant,
1373 3408 1469 3449 nec
1488 3395 1752 3449 audebant
1782 3393 1952 3461 palam
1974 3393 2057 3447 lo-

476 3489 601 3558 qui;
632 3498 687 3544 et
715 3503 779 3543 ex
807 3496 1003 3543 eventu
1053 3485 1397 3540 confutabant
1428 3486 1567 3550 illos,
1624 3493 1683 3538 ut
1719 3484 1806 3554 qui
1855 3485 2059 3538 inutilia

476 3589 765 3634 tentarent.
797 3579 1048 3633 Mundam
1099 3589 1275 3633 autem
1307 3578 1391 3631 hic
1427 3577 1631 3631 turbam
1659 3585 1869 3630 vocant.
1911 3574 2061 3631 Solet

476 3673 622 3725 enim
643 3670 915 3739 Scriptura
947 3670 1202 3724 mundum
1234 3668 1413 3723 dicere
1443 3680 1500 3723 et
1542 3678 1815 3723 creaturas
1841 3710 1854 3732 ,
1887 3677 1941 3722 et
1967 3683 2061 3723 eos

478 3763 568 3832 qui
601 3764 652 3816 in
682 3763 919 3832 nequitia
946 3763 1168 3818 vivunt:
1201 3761 1327 3815 illud
1379 3761 1592 3830 quidem
1638 3776 1759 3813 cum
1791 3762 1882 3820 ait,
1914 3759 2060 3827 Effe-

476 3870 593 3907 rens
618 3853 891 3907 secundum
911 3870 1172 3907 numerum
1193 3852 1436 3906 mundum
1464 3869 1609 3905 suum
1635 3851 1785 3922 (Isai.
1813 3852 1899 3907 40.
1925 3852 2017 3922 26)
2043 3870 2057 3907 :

479 3942 581 3997 hoc
605 3959 734 3999 vero
758 3959 878 3997 cum
914 3942 1063 4009 dicit,
1093 3943 1318 3996 Mundus
1359 3959 1445 3996 vos
1493 3958 1595 3996 non
1633 3944 1761 4008 odit,
1790 3958 1869 3996 me
1892 3953 2061 3996 autem

478 4037 583 4090 odit
613 4036 790 4109 (Joan.
823 4038 876 4090 7.
900 4035 976 4108 7).
1008 4035 1133 4091 Hum
1163 4044 1407 4089 accurate
1427 4034 1566 4089 scire
1593 4049 1688 4103 par
1707 4042 1807 4099 est,
1831 4050 1899 4089 ne
1927 4050 2061 4103 prae-

480 4140 561 4185 ter
605 4133 879 4186 nominum
926 4130 1365 4199 signiﬁcationem
1410 4126 1643 4182 haeretici
1699 4142 1883 4181 ansam
1930 4128 2061 4182 arri-

480 4225 646 4292 piant.
674 4223 762 4277 20.
790 4221 952 4275 Erant
978 4231 1146 4273 autem
1184 4220 1389 4289 quidam
1436 4220 1664 4290 gentiles,
1696 4221 1782 4290 qui
1823 4220 2062 4274 ascende-

477 4327 593 4370 rant
620 4317 836 4371 adorare
860 4317 911 4369 in
939 4315 1274 4369 solemnitate.
1321 4313 1453 4367 Cum
1498 4314 1606 4383 jam
1634 4328 1800 4383 prope
1834 4322 1980 4369 esset
2004 4322 2062 4367 ut

481 4410 735 4482 proselyti
768 4410 974 4473 fierent,
1011 4416 1268 4462 venerant
1292 4406 1357 4460 ad
1382 4407 1796 4469 solemnitatem,
1836 4415 1892 4461 et
1923 4404 2060 4460 fama

478 4503 732 4559 commoti
779 4501 961 4555 dicunt
992 4517 1004 4552 :
1034 4500 1125 4553 21.
1171 4497 1418 4552 Volumus
1442 4496 1619 4550 Iesum
1644 4498 1828 4551 videre.
1862 4497 2063 4565 Philip-

480 4612 579 4666 pus
606 4605 780 4649 autem
810 4593 1077 4647 Andream
1110 4593 1241 4659 adit,
1275 4599 1457 4659 utpote
1476 4589 1565 4660 qui
1594 4590 1764 4665 ipsum
1794 4588 2063 4657 prtecede-

482 4697 585 4753 ret,
615 4698 667 4741 et
696 4702 808 4740 rem
836 4686 882 4740 ei
906 4686 1281 4740 coiumunicat.
1321 4684 1512 4738 Verum
1541 4697 1647 4736 non
1673 4683 1789 4737 sine
1816 4682 2063 4737 cautione

482 4793 581 4834 nec
603 4778 776 4847 palam
802 4777 852 4831 id
880 4775 1009 4830 facit
1037 4794 1051 4830 :
1083 4775 1325 4829 audierat
1365 4776 1530 4839 enim,
1562 4772 1629 4826 In
1662 4777 1795 4827 viam
1838 4776 2061 4843 gentium

481 4884 544 4923 ne
574 4866 797 4921 abieritis
827 4867 847 4937 (
879 4865 1067 4919 Matth.
1098 4865 1185 4921 10.
1220 4867 1253 4920 5
1280 4863 1320 4935 ).
1354 4864 1479 4918 Ideo
1506 4879 1619 4918 rem
1650 4879 1771 4919 cum
1802 4864 2062 4933 discipqu

477 4960 925 5015 communicatam
971 4958 1222 5028 Magistro
1249 4957 1410 5011 refert
1441 4970 1455 5009 :
1483 4958 1643 5010 ambo
1682 4958 1822 5010 enim
1871 4957 1923 5010 id
1974 4973 2062 5011 re-

481 5052 719 5106 tulerunt
744 5052 815 5106 ei.
872 5052 964 5106 Ille
992 5068 1120 5105 vero
1163 5051 1287 5120 quid
1323 5050 1492 5105 dicit?
1536 5050 1626 5103 25.
1666 5048 1811 5104 Venit
1855 5051 1981 5103 liora
2010 5060 2065 5102 ut

480 5142 790 5212 clari/icetur
816 5141 984 5196 Filius
1030 5144 1265 5197 hominis.
1297 5142 1389 5195 24.
1423 5140 1541 5195 Nisi
1584 5159 1800 5213 granum
1829 5143 2066 5213 frumenti

480 5234 669 5288 cadens
691 5234 747 5288 in
772 5243 960 5288 terram
995 5245 1253 5287 mortuum
1282 5233 1456 5303 fuerit,
1484 5234 1653 5302 ipsum
1678 5233 1844 5286 solum
1874 5242 2062 5286 manet.

480 5325 620 5392 Quid
650 5326 912 5396 signiﬁcat
956 5326 1121 5387 illud,
1168 5325 1309 5379 Venit
1356 5326 1523 5379 hora?
1564 5325 1810 5388 Dixerat,
1842 5323 1909 5377 In
1935 5326 2067 5378 viam

482 5420 704 5487 gentium
733 5434 796 5471 ne
815 5417 1056 5482 abieritis,
1085 5432 1295 5470 omnem
1327 5416 1523 5471 Judaris
1555 5416 1914 5485 praescindens
1942 5432 2065 5483 per-

484 5509 700 5562 vicacia:
721 5523 940 5573 ausam;
972 5508 1088 5562 illos
1114 5507 1372 5563 cohibuit.
1405 5508 1537 5562 Cum
1567 5516 1743 5562 autem
1776 5508 1848 5561 illi
1872 5508 2066 5561 inuno-

486 5600 648 5668 rigeri
693 5609 991 5664 manerent,
1049 5601 1277 5670 gentiles
1318 5612 1494 5655 autem
1538 5600 1795 5654 accedere
1847 5602 2065 5663 vellent,

488 5692 722 5761 Tempus
748 5693 984 5756 demum,
1014 5694 1199 5762 inquit.
1226 5703 1307 5747 est
1336 5693 1400 5746 ad
1427 5695 1724 5761 passionem
1759 5693 2066 5758 accedendi,

492 5792 611 5837 cum
656 5784 830 5840 omnia
877 5785 1092 5854 impleta
1131 5786 1255 5841 sint.
1297 5783 1427 5840 Nam
1469 5786 1510 5840 si
1536 5787 1936 5842 contumacibus
1967 5786 2070 5841 illis

1235 341 1290 397 S.
1324 338 1599 395 .IOANNIS
1635 334 2110 394 CHRYSOSTOMI
2151 337 2466 393 ARCIIIEP.
2506 337 3039 394 CONSTANTINOP.

3628 339 3733 397 3‘38

2158 465 2369 519 semper
2399 452 2753 517 luereremus,
2788 452 3011 521 illosque
3044 452 3301 507 accedere
3341 453 3579 510 volentes
3622 472 3729 512 non

2155 543 2577 608 admitteremus,
2602 544 2873 615 indignum
2895 544 2995 600 hoc
3019 558 3160 601 esset
3185 547 3510 614 providentia
3534 559 3732 603 nostra.

2155 635 2287 702 Quia
2331 636 2489 706 igitur
2524 637 2816 706 discipulos
2864 651 2990 692 suos
3029 648 3149 706 post
3190 654 3400 693 crucem
3444 640 3508 693 ad
3552 649 3736 709 gentes

2157 728 2416 781 missurus
2456 736 2573 783 erat
2598 769 2612 793 ,
2642 743 2761 782 cum
2802 728 2945 783 videt
2986 729 3104 782 illas
3140 728 3249 797 jam
3280 729 3533 783 accedere
3559 769 3574 794 ,
3620 730 3732 795 ait,

2156 817 2392 886 Tempus
2419 828 2503 873 est
2543 830 2599 873 ut
2640 819 2707 874 ad
2737 834 2950 874 crucem
2981 820 3210 873 veniam.
3259 819 3374 874 Non
3419 830 3572 875 antea
3612 822 3737 877 sivit

2157 911 2446 976 accedere,
2483 923 2540 966 ut
2564 912 2614 966 id
2644 924 2787 967 esset
2814 913 2865 966 in
2897 914 3255 968 testimonium
3285 914 3407 969 illis.
3439 917 3734 986 Antequam

2158 1004 2300 1058 enim
2328 1004 2472 1058 illum
2502 1005 2844 1073 repellerent,
2871 1016 3149 1076 antequam
3174 1006 3224 1060 in
3252 1022 3465 1062 crucem
3496 1019 3734 1078 agerent,

2159 1110 2263 1148 non
2294 1095 2461 1159 dixit,
2492 1095 2683 1150 Euntes
2703 1099 2873 1150 docete
2900 1113 3072 1151 omnes
3094 1108 3301 1168 gentes;
3324 1099 3417 1154 sed
3440 1141 3455 1161 ,
3501 1099 3564 1154 In
3606 1103 3739 1155 uiam

2157 1187 2381 1257 gentium
2420 1203 2485 1241 ne
2512 1188 2733 1242 abieritis
2754 1188 3075 1244 (Matth.28.
3097 1189 3183 1245 19.
3205 1200 3252 1244 et
3274 1192 3361 1245 10.
3382 1192 3463 1262 5);
3492 1200 3548 1248 et
3568 1232 3585 1257 ,
3617 1191 3739 1247 Non

2158 1280 2341 1333 missus
2366 1295 2481 1334 sum
2507 1281 2605 1334 nisi
2632 1280 2699 1334 ad
2728 1296 2843 1334 oues
2882 1298 2996 1350 quia
3035 1262 3293 1352 perierunt
3332 1284 3510 1338 donius
3536 1283 3740 1349 Israel;

2159 1378 2214 1426 et
2236 1412 2251 1434 ,
2283 1369 2403 1425 Non
2427 1381 2499 1425 est
2536 1372 2719 1425 bonum
2751 1374 2925 1442 accipe
2940 1390 2993 1427 re
3016 1390 3197 1444 panem
3233 1376 3451 1440 ﬁliorum
3476 1418 3490 1439 ,
3531 1386 3578 1430 et
3618 1377 3742 1433 dare

2158 1462 2365 1516 canibus
2386 1460 2560 1534 (Ibid.
2592 1464 2679 1518 15.
2710 1463 2801 1519 24.
2827 1464 2898 1519 26
2922 1466 2961 1535 ).
2990 1465 3125 1522 Cum
3146 1475 3321 1522 autem
3344 1468 3467 1522 odio
3489 1468 3741 1524 haberent

2159 1566 2303 1618 eum,
2331 1561 2386 1607 et
2415 1552 2486 1607 ita
2514 1552 2637 1608 odio
2662 1553 2940 1620 haberent,
2967 1564 3023 1611 ut
3044 1557 3371 1623 occiderent,
3403 1559 3731 1628 superﬂuum

2159 1654 2273 1697 erat
2318 1645 2643 1712 persistere,
2691 1647 3048 1702 renitentibus
3091 1647 3215 1703 illis;
3262 1648 3391 1703 Nam
3432 1659 3743 1705 recusarunt

2160 1733 2308 1787 illum
2364 1734 2640 1803 dicentes,
2692 1735 2811 1792 Non
2850 1738 3089 1793 habemus
3131 1756 3300 1811 regem
3350 1742 3448 1795 nisi
3494 1741 3742 1798 Caesarem

2162 1825 2340 1895 (Joan.
2368 1827 2455 1881 19.
2488 1828 2615 1899 15).
2661 1828 2811 1884 Tunc
2835 1829 3049 1884 demum
3081 1831 3198 1885 illos
3224 1831 3425 1886 dimisit
3446 1875 3459 1895 ,
3489 1833 3611 1902 quia
3642 1834 3740 1903 ipsi

2161 1920 2366 1988 priores
2393 1920 2722 1977 dimiserant.
2754 1923 2878 1978 Ideo
2906 1923 3061 1988 dicit,
3109 1923 3313 1990 Quoties
3357 1926 3491 1980 uolui
3520 1942 3732 1996 congre-

2162 2026 2285 2079 gare
2308 2011 2443 2079 ﬁlios
2470 2026 2663 2067 vestros
2686 2055 2701 2081 ,
2730 2023 2778 2067 et
2801 2015 3034 2069 noluistis
3060 2016 3079 2086 (
3106 2015 3292 2070 Matth.
3320 2018 3410 2071 25.
3435 2017 3501 2072 '57
3518 2016 3581 2089 )‘l
3609 2016 3743 2085 Quid

2162 2102 2261 2157 sibi
2289 2104 2418 2168 vult,
2453 2103 2680 2158 Granum
2708 2108 2968 2177 frumenti,
2998 2108 3097 2161 nisi
3121 2110 3305 2163 cadens
3326 2109 3378 2162 in
3403 2119 3587 2163 terram
3613 2127 3748 2164 mor-

2163 2201 2301 2246 tuum
2332 2196 2525 2264 fuerit?
2553 2196 2629 2251 De
2650 2212 2808 2252 cruce
2838 2198 3091 2267 loquitur.
3116 2198 3195 2255 Ne
3218 2202 3358 2255 enim
3386 2202 3742 2266 turbarentur.

2168 2284 2465 2355 cogitantes
2493 2296 2618 2342 tunc
2642 2288 2792 2343 illum
2816 2292 3049 2345 occisum
3073 2290 3266 2358 fuisse,
3294 2308 3413 2347 cum
3443 2304 3627 2363 gentes
3651 2310 3743 2350 ac-

2163 2389 2475 2445 cesserunt,
2507 2380 2675 2436 dicit:
2704 2382 2816 2437 Hoc
2842 2384 2988 2453 ipsos
3027 2385 3259 2439 maxime
3285 2385 3352 2440 ad
3387 2386 3744 2442 accedendum

2164 2471 2365 2526 inducit
2388 2513 2404 2539 ,
2436 2472 2539 2527 hoc
2577 2474 3011 2542 prredicationem
3061 2492 3233 2531 meam
3279 2479 3510 2548 augebit.
3546 2479 3745 2536 Deinde

2163 2565 2284 2633 quia
2312 2564 2647 2620 sermonibus
2672 2582 2776 2621 non
2807 2568 2877 2621 ita
2920 2568 3292 2637 persuadebat.
3322 2585 3350 2623 a
3380 2585 3557 2624 rerum
3578 2586 3743 2642 expe-

2164 2659 2355 2713 rientia
2390 2660 2532 2729 ipsos
2561 2661 2725 2715 allicit
2753 2661 2936 2717 dicens
2971 2681 2983 2717 :
3018 2663 3071 2717 lu
3106 2662 3371 2719 frumento
3403 2666 3504 2721 hoc
3530 2667 3741 2732 accidit,

2165 2759 2224 2802 ut
2254 2760 2493 2805 mortuus
2514 2752 2766 2821 majorem
2806 2754 3031 2808 fructum
3065 2754 3270 2810 all‘erat.
3299 2755 3352 2810 Si
3381 2755 3481 2811 hoc
3502 2757 3555 2811 in
3580 2758 3741 2812 semi-

2164 2842 2340 2906 nibus,
2372 2843 2539 2896 multo
2570 2846 2738 2915 magis
2762 2845 2815 2898 in
2843 2861 2949 2899 me.
2984 2845 3174 2901 Verum
3205 2847 3445 2917 discipuli
3477 2848 3614 2903 dicta
3639 2864 3745 2904 non

2166 2934 2561 2991 intellexerunt.
2593 2938 2765 3005 Quare
2797 2937 3103 3009 frequenter
3152 2939 3253 2996 hoc
3296 2943 3487 3010 repetit
3515 2957 3743 3012 evange-

2165 3026 2283 3082 lista
2305 3069 2320 3089 ,
2352 3037 2411 3082 ut
2431 3042 2645 3084 excuset
2672 3046 2766 3086 eos
2788 3032 2927 3100 quod
2952 3042 3133 3101 postea
3155 3032 3403 3103 fugerint.
3446 3035 3745 3091 istiusmodi

2165 3133 2470 3174 sermonem
2498 3120 2566 3174 de
2610 3123 3005 3177 resurrectione
3032 3122 3309 3193 disputans
3352 3125 3546 3181 Paulus
3573 3127 3747 3181 attulit

2170 3210 2252 3281 (1.
2282 3210 2399 3265 Cor.
2432 3211 2518 3266 15.
2549 3211 2637 3266 56.
2664 3228 2771 3282 sqq.

2239 3305 2291 3359 5.
2321 3304 2487 3371 Quam
2514 3320 2644 3375 ergo
2670 3306 3066 3362 excusationem
3095 3308 3366 3364 habebunt
3395 3310 3427 3364 ii
3456 3310 3541 3380 qui
3570 3326 3748 3367 resur-

2167 3396 2458 3451 rectionem
2489 3413 2593 3451 non
2624 3398 2868 3464 credunt,
2897 3414 3016 3453 cum
3047 3399 3189 3454 illam
3219 3401 3269 3454 in
3298 3402 3588 3457 seminibus
3616 3420 3749 3473 quo-

2167 3486 2295 3541 tidie
2325 3488 2674 3556 contemplari
2704 3491 3002 3558 possimus,
3034 3490 3085 3544 in
3118 3491 3308 3559 plantis
3333 3507 3577 3562 quoque,
3609 3504 3665 3549 et
3693 3494 3746 3548 in

2166 3579 2507 3646 generatione
2553 3578 2777 3631 nostra?
2826 3579 3004 3634 Primo
3053 3582 3195 3635 enim
3245 3584 3514 3652 Corrumpi
3563 3599 3748 3641 semen

2166 3681 2410 3740 Oportet,
2444 3682 2497 3725 et
2540 3671 2664 3725 inde
2705 3670 2815 3725 fieri
2846 3673 3263 3741 generationem.
3294 3672 3593 3735 Universim
3621 3692 3749 3731 vero

2166 3778 2288 3816 cum
2332 3764 2468 3818 Deus
2501 3762 2698 3830 aliquid
2743 3764 2901 3827 facit,
2936 3765 3094 3818 nullis
3136 3779 3269 3834 opus
3311 3774 3393 3820 est
3434 3766 3747 3824 ratiociniis.

2167 3853 2446 3919 Quomodo
2479 3853 2623 3907 enim
2662 3867 2760 3907 nos
2805 3869 2869 3908 ex
2915 3869 3020 3907 non
3059 3855 3386 3909 exstantibus
3430 3854 3595 3910 fecit?
3628 3856 3752 3912 lla'e

2167 3946 2484 4002 Christianis
2510 3946 2630 4001 dico
2652 3986 2667 4010 ,
2700 3945 2790 4016 qui
2833 3962 2892 4002 se
2928 3947 3112 4002 dicunt
3155 3947 3441 4017 Scripturis
3479 3949 3700 4004 credere
3733 3969 3746 4004 :

2167 4040 2360 4095 addam
2406 4039 2545 4094 aliud
2585 4055 2649 4094 ex
2696 4038 2943 4095 humanis
2987 4040 3297 4095 ratiociniis.
3332 4040 3409 4095 Ex
3448 4042 3750 4096 hominibus

2167 4135 2257 4189 alii
2290 4134 2550 4204 improbi.
2584 4134 2674 4188 alii
2720 4134 2865 4203 probi
2912 4144 3038 4188 sunt
3067 4151 3080 4186 :
3108 4151 3173 4188 ex
3219 4134 3475 4203 improbis
3511 4135 3661 4189 multi
3691 4152 3751 4191 re

2168 4241 2421 4296 prOSpera
2464 4225 2533 4280 ad
2577 4234 2870 4281 extremam
2916 4236 3245 4281 senectutem
3284 4226 3653 4289 devenerunt;
3683 4243 3751 4282 ex

2170 4318 2350 4387 probis
2374 4333 2528 4373 secus
2556 4333 2643 4372 res
2668 4319 2849 4373 cessit.
2875 4317 3221 4385 Quandonam
3248 4333 3377 4389 ergo
3406 4330 3460 4374 et
3487 4335 3592 4390 quo
3617 4330 3753 4374 tem-

2169 4425 2298 4478 pore
2340 4411 2530 4479 singuli
2575 4425 2668 4478 pro
2710 4411 2901 4464 merito
2929 4410 3228 4481 accipient?
3256 4409 3431 4476 Sane,
3466 4412 3750 4481 inquiunt,

2169 4503 2263 4557 sed
2294 4517 2578 4571 corporum
2610 4502 2933 4556 resurrectio
2961 4517 3065 4556 non
3093 4512 3193 4555 est.
3222 4500 3339 4556 Non
3366 4502 3590 4557 audiunt
3618 4504 3755 4558 Pan-

2172 4594 2280 4648 lum
2312 4595 2600 4658 dicentem,
2636 4594 2842 4664 Oportet
2876 4594 3197 4663 corruptibile
3227 4594 3318 4647 hoc
3347 4594 3554 4648 induere
3580 4595 3753 4648 incor-

2170 4692 2454 4760 ruptionem
2480 4689 2556 4758 (1.
2588 4688 2701 4743 Cor.
2736 4690 2823 4743 15.
2856 4687 2987 4760 55)?
3014 4688 3129 4742 Non
3156 4688 3222 4742 de
3248 4688 3421 4741 anima
3453 4691 3583 4757 (non
3609 4689 3753 4742 enim

2171 4786 2346 4839 anima
2372 4782 2750 4853 corrumpitur)
2779 4801 2793 4836 :
2820 4791 2873 4837 et
2899 4782 3218 4836 resurrectio
3243 4782 3438 4836 dicitur
3462 4782 3529 4835 de
3555 4780 3642 4834 illo
3664 4782 3757 4850 qui

2172 4876 2365 4932 cecidit
2394 4894 2407 4930 :
2435 4875 2627 4931 cecidit
2653 4890 2781 4929 vero
2806 4888 3018 4943 corpus.
3050 4873 3158 4928 Cur
3183 4882 3361 4928 autem
3393 4888 3497 4927 non
3528 4874 3606 4927 vis
3636 4888 3759 4928 esse

2172 4969 2411 5038 corporis
2433 4968 2876 5022 resurrectionem
2896 4966 2969 5038 (a)
2989 4967 3011 5021 ἲ
3031 4982 3206 5020 annon
3227 4965 3492 5035 possibilis
3513 4965 3624 5020 Deo
3644 4964 3762 5019 est?

2174 5061 2278 5115 Sed
2310 5061 2412 5114 hoc
2455 5075 2650 5131 negare
2688 5069 2943 5113 extrema!
2985 5058 3302 5128 insipientia:
3339 5065 3501 5113 esset.
3542 5058 3613 5111 At
3652 5072 3759 5110 non

2173 5154 2367 5207 decet?
2389 5151 2497 5205 Cur
2527 5166 2630 5205 non
2662 5151 2815 5205 decet
2842 5151 2943 5205 hoc
2971 5151 3335 5220 corruptibile,
3363 5150 3502 5219 quod
3528 5156 3582 5202 et
3613 5146 3764 5200 labo-

2174 5260 2287 5297 rem
2311 5254 2364 5296 et
2390 5254 2617 5297 mortem
2639 5257 2745 5296 una
2768 5242 2948 5309 subiit,
2974 5256 3200 5296 coronas
3219 5242 3377 5295 etiam
3406 5235 3762 5309 participare?

2174 5334 2306 5389 Nam
2337 5336 2380 5388 si
2413 5350 2517 5388 non
2545 5334 2801 5399 deceret,
2830 5350 2935 5387 non
2966 5347 2995 5385 a
3027 5332 3288 5401 principio
3313 5327 3512 5384 factum
3539 5330 3721 5385 fuisset
3743 5368 3759 5392 ,

2177 5443 2348 5496 neque
2375 5426 2616 5481 Christus
2642 5442 2856 5481 carnem
2884 5426 3215 5496 sumpsisset.
3236 5423 3383 5489 Quod
3414 5432 3593 5478 autem
3616 5437 3762 5475 sum-

2180 5522 2363 5588 pSerit,
2396 5520 2647 5590 illamque
2672 5518 3088 5583 resuscitaverit,
3117 5517 3238 5572 audi
3266 5516 3390 5586 quid
3414 5515 3555 5570 dicat
3580 5532 3592 5566 :
3620 5512 3763 5582 Infer

2179 5614 2360 5685 digitos
2389 5623 2516 5677 tuos,
2549 5624 2595 5666 et
2620 5613 2731 5665 vide
2753 5612 2872 5680 quia
2896 5610 3101 5680 spiritus
3131 5625 3243 5663 ossa
3269 5618 3315 5662 et
3344 5623 3519 5661 nervos
3547 5622 3647 5659 non
3673 5605 3765 5655 ha-

2242 5728 2314 5788 (a)
2339 5727 2570 5777 Hieretici
2612 5733 2752 5776 erant
2795 5723 2882 5787 qui
2927 5722 3151 5773 dicereut
3176 5734 3374 5772 carnem
3414 5733 3513 5770 non
3544 5729 3765 5769 resurre-

2182 5797 2367 5839 cturum
2386 5801 2523 5838 esse.
