4100 6362
333 444 439 503 367

333 561 508 629 θηται
526 557 732 621 αὐτοῦ,
766 557 855 611 ὅτι
877 553 956 627 ἦν
978 557 1069 611 ἐπ’
1090 556 1248 621 αὐτῷ
1274 560 1695 627 γεγραμμένον.
1737 557 1899 628 Ὁρᾷς

332 643 412 695 ὅτι
448 642 518 695 τά
556 640 776 693 πλείονα
804 642 1052 709 ἠγνόουν,
1088 640 1273 711 ἐπειδὴ
1301 640 1462 704 αὐτὸς
1494 641 1591 693 οὐκ
1619 641 1899 694 ἀπεκάλυ-

334 742 465 779 πτεν
491 724 700 789 αὐτοῖς;
732 724 840 776 Καὶ
872 724 978 794 γάρ
1006 724 1093 776 ὅτε
1124 720 1302 776 εἶπεν
1344 725 1582 779 Λύσατε
1614 726 1722 777 τὸν
1746 724 1899 778 ναὸν

332 807 566 870 τοῦτον,
596 808 691 861 καὶ
721 807 792 860 ἐν
824 806 1018 875 τρισὶν
1044 807 1289 875 ἡμέραις
1320 806 1502 876 ἐγερῶ
1540 806 1748 871 αὑτὸν,
1778 805 1901 859 οὐδὲ

330 894 449 946 τότε
485 893 678 963 ᾔδεσαν
698 905 723 934 ι
743 893 791 945 οί
822 891 1076 963 μαθηταί.
1105 893 1214 944 Καὶ
1246 892 1402 955 ἄλλος
1429 892 1486 945 δέ
1513 891 1903 961 εὐαγγελιστὴς

330 977 495 1043 λέγει,
524 977 605 1029 ὅτι
643 972 710 1046 ἦν
755 974 1133 1047 κεκρυμμένος
1165 976 1193 1028 ό
1232 974 1389 1043 λόγος
1431 974 1526 1028 ἀπ’
1575 974 1775 1037 αὐτῶν,
1807 976 1903 1029 καὶ

328 1061 427 1113 οὐκ
454 1059 652 1129 ᾔδεσαν
688 1059 769 1111 ὅτι
793 1059 873 1111 δεῖ
901 1058 1063 1112 αὐτὸν
1098 1058 1396 1128 ἀναστῆναι
1436 1059 1500 1111 ἐκ
1529 1057 1637 1111 τῶν
1666 1058 1900 1128 νεκρῶν.

340 1141 501 1194 Ἀλλά
550 1140 709 1194 τοῦτο
742 1142 841 1211 μὲν
875 1142 1099 1205 εἰκότως
1140 1141 1461 1213 ἐκρύπτετο.
1498 1142 1589 1195 Διὸ
1620 1141 1715 1194 καὶ
1742 1141 1902 1204 ἄλλος

327 1227 477 1294 λέγει
505 1226 911 1297 εὐαγγελιστὴς,
943 1227 1024 1279 ὅτι
1056 1226 1178 1279 καθ’
1220 1226 1451 1279 ἕκαστον
1484 1224 1770 1288 ἀκούοντες
1804 1226 1900 1295 ήλ-

328 1329 477 1378 γουν,
508 1312 603 1365 καὶ
634 1307 772 1381 ἦσαν
802 1312 860 1363 ἐν
910 1310 1216 1381 κατηφείᾳο
1266 1308 1427 1362 τοῦτο
1458 1309 1535 1373 δὲ,
1588 1309 1651 1363 ἐκ
1695 1308 1788 1361 τοῦ
1822 1309 1898 1379 μὴ

327 1394 518 1446 εἰδέναι
551 1394 640 1445 τὸν
670 1392 796 1463 περὶ
822 1396 920 1464 τῆς
949 1392 1297 1454 ἀναστάσεως
1324 1391 1503 1460 λόγον.
1552 1390 1710 1445 Ἀλλά
1742 1391 1901 1443 τοῦτο

330 1478 428 1547 μέν
460 1477 684 1538 εἰκότως
720 1475 1042 1546 ἐκρύπτετο,
1079 1476 1175 1529 ᾶτε
1210 1471 1395 1543 μεῖξον
1430 1474 1463 1546 ἢ
1500 1474 1619 1528 κατ’
1662 1473 1893 1537 αὐτούς·

325 1560 386 1612 τὸ
415 1560 595 1631 μέντοι
632 1560 730 1629 τῆς
775 1560 895 1612 ὅνου
944 1557 1086 1612 διατί
1136 1559 1320 1621 αὐτοῖς
1364 1558 1463 1611 οὐκ
1502 1556 1894 1627 ἀπεκαλύφθη;

328 1644 449 1697 Ὅτι
483 1644 577 1695 καὶ
606 1641 763 1695 τοῦτο
793 1641 936 1713 μέγα
967 1636 1058 1712 ἦν.

396 1823 608 1894 β’.Ὅρα
628 1822 684 1875 δὲ
709 1821 1023 1891 φιλοσοφίαν
1042 1819 1450 1890 εὐαγγελιστοῦ,
1474 1820 1589 1884 πῶς
1617 1821 1717 1873 οὐκ
1736 1822 1895 1875 ἐπαι-

326 1909 577 1978 σχύνεται
598 1906 697 1977 τὴν
719 1905 987 1975 προτέραν
1008 1905 1186 1959 αὐτῶν
1204 1905 1425 1973 ἀγνοιαν
1449 1904 1761 1975 ἐκπομπεύε
1771 1922 1818 1958 ιν
1844 1907 1890 1960 b.

326 1992 448 2045 Ὅτι
483 1991 580 2061 μὲν
613 1985 706 2043 οῦν
730 1989 1057 2060 γέγραπται,
1079 1990 1275 2060 ᾔδεσαν
1295 2007 1307 2019 ο
1336 1991 1418 2043 ὅτι
1444 1989 1501 2042 δέ
1528 1989 1615 2042 ἐπ’
1638 1990 1785 2060 αὐτῷ
1805 1991 1898 2059 γέ-

323 2092 587 2147 γραπται,
626 2074 725 2126 οὐκ
745 2073 960 2143 ᾔδεσαν.
1017 2073 1127 2128 Kal
1154 2073 1260 2143 γὰρ
1282 2072 1347 2126 ἂν
1375 2072 1756 2127 ἐσκανδωιισεν
1800 2075 1895 2126 αὐ-

322 2160 468 2220 τοὺς,
500 2156 554 2210 εἴ
578 2173 640 2224 γε
674 2155 921 2225 βασιλεὺς
942 2153 1017 2208 ῶν
1046 2156 1271 2209 τοιαῦτα
1312 2156 1495 2226 μέλλοι
1528 2158 1776 2226 πάσχειν,
1802 2159 1895 2210 καὶ

323 2240 493 2302 οὕτως
519 2237 839 2291 ἐκδίδοσθαι.
870 2238 978 2291 Kal
1006 2237 1179 2301 ἄλλως
1200 2238 1276 2304 δὲ,
1301 2239 1403 2292 οὐκ
1431 2238 1498 2292 ἂν
1533 2238 1735 2301 εὐθέως
1758 2238 1895 2309 ἐχώ-

325 2337 495 2393 ρησαν
527 2321 626 2391 τὴν
660 2320 860 2389 γνῶσιν
888 2323 987 2390 τῆς
1022 2321 1317 2390 βασιλείας,
1347 2323 1412 2391 ἢν
1438 2322 1608 2390 ἔλεγε.
1651 2322 1760 2375 Kal
1785 2323 1894 2394 γὰρ

322 2404 479 2469 ἄλλος
506 2404 895 2474 εὐαγγελιστής
912 2422 1096 2475 φησιν,
1123 2406 1202 2458 ὅτι
1220 2407 1350 2476 περὶ
1378 2406 1649 2476 βασιλείας
1676 2406 1893 2459 ἐδόκουν

320 2488 524 2557 ταύτης
548 2486 817 2556 λέγεσθαι.
848 2486 1194 2556 Ἐμαρτύρει
1221 2488 1288 2541 δὲ
1326 2492 1359 2543 ό
1408 2490 1613 2558 ὄχλος,
1659 2488 1749 2541 ὅτι
1789 2490 1893 2544 ἀν·

320 2570 547 2637 ἐστησε
573 2570 680 2623 τὸν
703 2568 988 2637 Λάζαρον.
1018 2570 1091 2623 Οὐ
1116 2570 1224 2642 γάρ
1243 2570 1309 2625 ἂν
1341 2572 1583 2625 τοσοῦτοι
1608 2571 1894 2641 μετέθεντο

320 2653 599 2724 ἐξαίφνης,
624 2653 811 2723 φησὶν,
844 2654 892 2705 εί
920 2653 993 2723 μὴ
1028 2653 1348 2707 ἐπίστευσαν
1373 2654 1449 2725 τῷ
1482 2655 1710 2726 σημείῳ.
1735 2658 1801 2710 Οί
1826 2655 1894 2709 δὲ

320 2738 629 2806 Φαρισαῖοι
661 2735 835 2792 εἶπον
869 2736 1017 2806 πρὸς
1041 2739 1294 2804 αὐτούς·
1327 2738 1620 2813 Θεωρεῖτε,
1652 2739 1743 2792 ὅτι
1780 2741 1891 2793 οὐκ

318 2823 599 2895 ὠφελεῖτε
625 2821 804 2876 οὐδέν
815 2838 834 2886 ;
868 2821 979 2875 Ἴδε
1007 2825 1039 2875 ό
1081 2823 1307 2890 κόσμος
1350 2823 1541 2877 ὀπίσω
1570 2823 1757 2877 αὐτοῦ
1781 2826 1893 2878 ὑπ-

319 2908 466 2976 άγει.
497 2910 651 2959 Δοκεῖ
677 2906 733 2959 δέ
775 2923 864 2976 μοι
892 2904 1049 2958 τοῦτο
1078 2900 1216 2957 εἶναι
1247 2906 1356 2958 τῶν
1391 2905 1741 2973 ὑγιαινόντων
1770 2910 1890 2975 μὲν,

318 2991 379 3043 οὐ
401 2989 718 3061 τολμώντων
735 2990 791 3042 δέ
815 2988 1313 3058 παρρησιάσασθαι,
1346 2983 1463 3041 εἶτα
1481 2988 1587 3040 ἀπὸ
1607 2989 1704 3059 τῆς
1727 2988 1893 3042 ἐκϐά-

321 3090 457 3136 σεως
482 3073 817 3143 κατεχόντων
852 3072 1049 3133 αὐτοὺς
1081 3071 1155 3133 ὡς
1185 3072 1421 3141 ἀνήνυτα
1457 3071 1889 3141 ἐπιχειροῦντας.

319 3156 538 3227 Κόσμον
566 3156 623 3210 δέ
660 3155 894 3210 ἐνταῦθα
924 3155 1086 3209 πάλιν
1116 3154 1205 3207 τὸν
1237 3154 1393 3224 ὄχλον
1425 3153 1606 3223 φασίν.
1638 3149 1760 3207 Οίδε
1782 3155 1891 3227 γὰρ

318 3244 353 3310 ὴ
381 3240 571 3312 Γραφὴ
605 3241 806 3310 κόσμον
838 3239 931 3293 καὶ
972 3239 1070 3310 τὴν
1120 3238 1295 3292 κτίσιν
1327 3237 1526 3305 λέγειν,
1558 3238 1652 3291 καὶ
1679 3240 1804 3302 τοὺς
1833 3240 1891 3291 ἐν

319 3324 552 3394 πονηρίᾳ
591 3322 815 3386 ζῶντας.
866 3322 973 3374 Kal
1013 3322 1075 3375 τὸ
1114 3321 1211 3390 μέν
1244 3336 1430 3390 φησιν,
1462 3320 1589 3373 ὃταν
1631 3320 1786 3392 λέγῃ,
1828 3322 1890 3373 '0

318 3406 585 3476 ἐκφέρων
611 3406 761 3459 κατὰ
792 3405 1040 3475 ἀριθμὸν
1060 3404 1168 3457 τὸν
1201 3404 1433 3473 κόσμον
1454 3404 1640 3457 αὑτοῦ
1661 3419 1674 3431 '
1706 3405 1767 3457 τὸ
1810 3404 1888 3468 δὲ,

319 3492 443 3545 ὅταν
472 3491 625 3561 λέγῃ,
664 3491 724 3542 '0
750 3490 974 3558 κόσμος
1003 3485 1158 3558 ὑμᾶς
1183 3489 1253 3541 οὐ
1272 3486 1458 3557 μισεῖ,
1481 3486 1587 3556 ἐμὲ
1616 3486 1684 3540 δὲ
1707 3488 1887 3557 μισεῖ.

319 3574 431 3627 Καὶ
460 3573 563 3644 χρὴ
595 3572 766 3625 ταῦτα
809 3570 1052 3643 ἀκριϐῶς
1085 3570 1308 3633 εἰδέναι,
1354 3570 1441 3622 ἵνα
1487 3570 1561 3640 μὴ
1616 3570 1765 3639 παρά
1792 3570 1891 3639 τὴν

320 3656 592 3726 σημασίαν
620 3655 729 3708 τῶν
765 3654 1042 3723 ὀνομάτων
1070 3652 1240 3723 λαϐὴν
1288 3653 1617 3725 παρέχωμεν
1654 3655 1764 3715 τοῖς
1807 3656 1891 3705 ai-

319 3742 571 3809 ρετικοῖς.
609 3734 801 3793 Ἦσαν
840 3736 907 3791 δέ
936 3753 1096 3802 τινες
1135 3735 1254 3788 τῶν
1298 3735 1603 3801 Ἑλλήνων
1634 3735 1891 3789 ἀναϐάν-

316 3838 414 3887 τες
454 3820 878 3889 προσκυνῆσαι
915 3822 1003 3884 είς
1046 3820 1163 3888 τὴν
1204 3819 1439 3887 ἑορτήν.
1498 3818 1696 3885 Ἐγγὺς
1739 3818 1890 3880 ὄντες

316 3904 503 3957 λοιπὸν
536 3905 629 3959 τοῦ
660 3906 987 3977 προσήλυτοι
1019 3903 1281 3972 γίνεσθαι,
1315 3898 1454 3973 ἦσαν
1483 3912 1505 3939 ο
1538 3905 1616 3964 εἰς
1646 3901 1744 3970 τὴν
1770 3902 1889 3972 ἐορ-

314 3989 437 4060 τήν.
469 3989 580 4057 Τῆς
618 3991 803 4059 φήμης
831 3984 921 4041 οὖν
953 3988 1307 4059 διαδοθείσης,
1335 3986 1550 4055 λέγουσι
1571 4001 1585 4015 ·
1627 3985 1891 4055 Θέλομεν

316 4073 424 4125 τὸν
472 4071 711 4138 Ἰησοῦν
752 4072 918 4125 ίδεῖν.
963 4071 1020 4124 '0
1065 4071 1122 4124 δὲ
1159 4071 1420 4132 Φίλιππος
1461 4072 1779 4140 παραχωρεῖ
1810 4067 1889 4138 τῷ

330 4155 571 4225 Ἀνδρέᾳ,
605 4154 699 4207 άτε
736 4156 842 4226 πρὸ
878 4155 1042 4210 αὐτοῦ
1072 4154 1205 4219 ὄντι,
1250 4155 1347 4207 καὶ
1386 4154 1447 4206 τὸ
1476 4156 1707 4223 πρᾶγμα
1742 4152 1890 4223 αὐτῷ

317 4240 609 4293 κοινοῦται.
661 4240 798 4293 Ἀλλ’
829 4241 950 4293 οὐδὲ
982 4234 1133 4302 οὗτος
1170 4238 1354 4301 ἁπλῶς
1386 4238 1631 4292 αὐθεντεῖ
1651 4256 1663 4268 ·
1686 4239 1889 4307 ῆκουσε

316 4321 443 4391 γάρ,
487 4323 569 4374 ὃτι
601 4325 704 4387 Ek;
731 4323 875 4377 όδόν
899 4322 1089 4378 ἐθνῶν
1113 4322 1199 4392 μὴ
1246 4322 1562 4389 ἀπέλθητε.
1606 4321 1704 4375 Διά
1732 4322 1891 4376 τοῦτο

318 4405 457 4475 μετά
474 4405 566 4458 τοῦ
602 4405 845 4476 μαθητοῦ
874 4408 1291 4477 κοινωσάμενος,
1322 4405 1401 4475 τῷ
1426 4405 1730 4474 διδασκάλῳ
1760 4407 1891 4459 ἀνα-

317 4487 497 4559 φέρει·
535 4489 832 4560 ἀμφότεροι
862 4490 971 4559 γὰρ
1018 4485 1170 4541 εἷπον
1212 4488 1379 4558 αὐτῷ.
1428 4488 1485 4541 Ὀ
1514 4489 1571 4541 δὲ
1604 4488 1656 4540 τί
1689 4505 1886 4559 φησιν;

315 4565 543 4626 Ἦλθεν
558 4574 595 4639 ἡ
620 4571 759 4640 ὥρα,
775 4574 875 4625 ἵνα
904 4571 1174 4639 δοξασθῂ
1197 4576 1230 4626 ό
1265 4570 1397 4635 Υἱὸς
1421 4572 1527 4625 τοῦ
1552 4572 1884 4640 ἀνθρώπου.

328 4658 469 4710 Ἐὰν
491 4657 578 4726 μὴ
612 4662 645 4712 ό
669 4663 887 4722 κόκκος
920 4658 1024 4711 τοῦ
1065 4666 1237 4710 σίτου
1267 4657 1473 4710 πεσὼν
1500 4658 1585 4722 εὶς
1618 4656 1731 4723 τὴν
1772 4655 1890 4725 γῆν

316 4740 609 4808 ἀποθάνῃ,
652 4742 836 4808 αὐτὸς
860 4742 1044 4810 μόνος
1075 4741 1262 4810 μένει.
1293 4740 1357 4792 Τί
1390 4743 1558 4801 ἐστιν,
1596 4735 1820 4793 Ἶιλθεν
1850 4742 1887 4808 ἡ

313 4822 433 4889 ὥρα
454 4841 472 4887 ;
496 4826 737 4892 Ἔλεγεν,
758 4828 861 4890 Εἰς
893 4825 1037 4878 ὁδὸν
1057 4825 1247 4879 ἐθνῶν
1268 4823 1354 4893 μὴ
1374 4825 1692 4890 ἀπέλθητε,
1709 4825 1888 4877 πᾶσαν

317 4906 752 4979 [59ηέγκόπτων
772 4907 1161 4977 ἀγνωμοσύνης
1181 4908 1449 4978 πρόφασιν
1468 4905 1577 4960 ἀπὸ
1599 4905 1885 4969 Ἰουδαίων,

316 4994 410 5046 καὶ
440 4994 687 5060 κατεῖχεν
717 4990 930 5052 αὐτούς.
973 4991 1124 5043 Ἐπεὶ
1152 4985 1242 5043 οὖν
1274 4990 1536 5060 ἐπέμενον
1563 4981 1707 5041 οὗτοι
1730 4989 1887 5041 ἀπει-

316 5078 554 5139 θοῦντες,
580 5078 775 5128 ἐκεῖνοι
800 5075 855 5127 δὲ
875 5073 1153 5128 ἐϐούλοντο
1176 5074 1513 5145 προσελθεῖν,
1545 5072 1751 5143 Καιρὸς
1783 5073 1889 5125 λοι-

314 5162 439 5225 πὸν,
461 5161 645 5229 φησὶν,
674 5159 767 5211 ἐπὶ
790 5158 850 5211 τὸ
874 5158 1043 5221 πάθος
1071 5158 1266 5219 ἐλθεῖν,
1286 5158 1502 5211 πάντων
1526 5156 1889 5226 πεπληρωμέ-

314 5260 442 5297 νων.
496 5244 557 5296 Εἰ
590 5244 698 5314 γὰρ
751 5242 1034 5312 μέλλοιμεν
1077 5241 1286 5305 τούτοις
1325 5241 1423 5310 μὲν
1469 5240 1564 5291 καὶ
1604 5239 1889 5293 ἀπειθοῦσι

316 5327 719 5398 προσεδρεύειν,
749 5326 986 5387 ἐκείνους
1009 5324 1065 5377 δὲ
1100 5325 1192 5377 καὶ
1222 5323 1571 5393 βουλομένους
1604 5322 1680 5392 μὴ
1717 5337 1887 5393 προσ-

318 5411 513 5471 ίεσθαι.
562 5412 753 5477 ἀνάξια
790 5412 889 5480 τῆς
926 5409 1200 5479 ἡμετέρας
1246 5407 1397 5460 ἐσται
1440 5406 1610 5460 ταῦτα
1656 5407 1891 5477 κηδεμο-

314 5497 452 5559 νίας.
489 5495 641 5549 Ἐπεὶ
666 5492 759 5549 οὖν
784 5495 1006 5566 ἔμελλεν
1032 5495 1262 5563 ἀφήσειν
1283 5492 1409 5556 τοὺς
1437 5490 1682 5561 μαθητὰς
1702 5492 1794 5543 ἐπὶ
1822 5492 1890 5544 τά

315 5580 443 5651 ἔθνη
496 5580 679 5632 λοιπὸν
714 5579 847 5632 ἰέναι
881 5577 1019 5647 μετά
1046 5580 1135 5629 τὸν
1180 5576 1432 5647 σταυρὸν,
1464 5576 1567 5646 ὁρᾷ
1606 5575 1662 5627 δὲ
1693 5576 1887 5637 αὐτοὺς

315 5664 730 5735 προπηδῶντας,
762 5664 927 5733 φησί·
958 5661 1159 5732 Καιρὺς
1193 5662 1284 5713 ἐπὶ
1315 5661 1403 5713 τὸν
1432 5660 1661 5731 σταυρὸν
1691 5660 1884 5713 ἐλθεῖν.

313 5746 391 5801 Οὐ
427 5747 689 5817 πρότερον
716 5748 826 5818 γὰρ
850 5747 1045 5808 αὐτοὺς
1074 5748 1275 5807 εἴασεν,
1308 5745 1393 5797 ἵνα
1478 5745 1556 5807 είς
1589 5743 1888 5815 μαρτύριον

313 5830 518 5892 αὐτοῖς.
547 5830 690 5893 Ἕως
712 5830 819 5901 γὰρ
839 5828 927 5883 διὰ
953 5828 1061 5882 τῶν
1093 5828 1268 5899 ἔργων
1296 5828 1454 5881 αὐτὸν
1481 5827 1884 5898 διεκρούσαντο,

378 6018 415 6082 '_
447 6017 544 6082 Alii
577 6018 699 6082 ,οὐδὲ
748 6016 891 6082 τοῦτο
938 6020 1148 6082 ᾔδεσαν.
1196 6020 1226 6060 ιι
1260 6020 1489 6068 Nonnulli
1546 6020 1873 6082 ὶκπομπεύων.

316 6080 342 6108 ⁸
385 6078 535 6128 Savil.
559 6081 706 6143 ᾐεσαν
746 6078 1011 6141 legendam
1045 6081 1310 6142 supicalur,
1355 6089 1509 6131 recte.
1598 6124 1609 6133 .

1316 441 1383 497 ΙΝ
1418 441 1733 499 JOANNEM
1772 442 2003 499 HOMIL.
2049 443 2233 501 LXVI.
2269 447 2339 501 al.
2369 446 2527 504 LXV.

3471 456 3573 509 568

2006 555 2111 623 ἕως
2146 559 2306 613 αὐτὸν
2334 561 2706 634 ἐσταύρωσαν,
2746 564 2845 617 οὐκ
2866 561 3008 625 εἷπε,
3054 567 3447 633 Πορευθέντες
3469 586 3580 636 μη-

2006 643 2335 706 θητεύσατε
2366 645 2562 699 πάντα
2595 644 2667 698 τὰ
2697 647 2845 715 ἔθνη
2866 690 2879 712 ,
2914 647 3050 709 ἀλλ’,
3078 650 3179 713 Ε’ίς
3214 649 3357 702 όδὸν
3389 650 3583 703 ἐθνῶν

2000 721 2089 792 μὴ
2118 723 2413 793 ἀπέλθητε
2436 741 2450 757 ο
2486 728 2601 792 καὶ,
2641 730 2762 782 Οὐκ
2791 729 3163 796 ἀπεστάλην,
3195 733 3245 783 εὶ
3269 730 3356 799 μὴ
3388 735 3475 798 είς
3510 736 3582 789 τὰ

2003 808 2268 874 πρόϐατα
2298 809 2371 863 τὰ
2398 810 2757 865 ἀπολωλότα
2784 812 2954 865 οἴκου
2994 813 3240 881 Ἰσραήλ
3258 830 3272 845 ⁸
3309 815 3423 878 καὶ,
3457 818 3580 870 Οὐκ

2002 888 2135 941 ἐστι
2188 892 2380 945 καλὸν
2421 895 2629 947 λαϐεῖν
2673 894 2781 948 τὸν
2821 894 3005 963 ἄρτον
3050 894 3167 948 τῶν
3196 896 3440 959 τέκνων,
3478 899 3578 951 καὶ

2002 971 2211 1027 δοῦναι
2241 975 2364 1040 τοῖς
2392 978 2718 1043 κυναρίοις.
2763 979 2981 1050 Ἐπειδὴ
3010 979 3067 1031 δέ
3104 979 3372 1050 ἐμίσησαν
3393 980 3576 1043 αὐτὸν,

2002 1057 2096 1108 καὶ
2120 1056 2292 1120 οὕτως
2336 1059 2602 1130 ἐμίσησαν
2647 1061 2722 1125 ὡς
2764 1062 2995 1124 ἀνελεῖν,
3027 1064 3281 1135 περιττὸν
3310 1061 3378 1135 ῆν
3410 1082 3579 1136 προσ-

2001 1139 2241 1208 εδρεύειν
2289 1140 2722 1213 διακρουομένων
2752 1145 2994 1200 ἐκείνων.
3040 1147 3147 1199 Kal
3180 1146 3289 1216 γὰρ
3327 1151 3568 1220 παρῃτή-

2003 1238 2164 1275 σαντο
2211 1225 2371 1278 αὐτὸν
2419 1226 2701 1294 λέγοντες·
2762 1230 2883 1281 Οὐκ
2934 1228 3156 1299 ἔχομεν
3189 1232 3472 1296 βασιλέα,
3524 1234 3577 1287 ει

1992 1307 2081 1394 μὴ
2120 1311 2404 1378 Καίσαρα.
2443 1314 2575 1366 Τότε
2603 1313 2664 1385 δὴ
2693 1314 2878 1368 λοιπὸν
2904 1317 3102 1380 αὐτοὺς
3130 1319 3364 1388 ἀφῆκεν,
3387 1321 3576 1394 ἐπειδὴ

1999 1393 2153 1446 αὐτοὶ
2189 1396 2424 1466 ἀφῆκαν.
2458 1396 2555 1450 Διά
2597 1398 2755 1451 τοῦτο
2781 1398 2961 1467 λέγει·
3010 1401 3273 1468 Ποσάκις
3305 1393 3579 1471 ἠθέλησα

1998 1475 2465 1548 ἐπισυναγαγεῖν
2512 1480 2584 1535 τὰ
2620 1480 2801 1535 τέκνα
2843 1484 3028 1552 ὑμῶν,
3076 1484 3172 1538 καὶ
3207 1487 3317 1539 οὐκ
3354 1486 3575 1553 ἠθελη-

1997 1569 2184 1621 σατε]
2236 1569 2302 1621 Τί
2350 1571 2525 1625 ἐστιν·
2574 1572 2637 1624 '0
2687 1573 2906 1637 κόκκος
2952 1574 3061 1628 τοῦ
3109 1576 3304 1637 σίτου,
3348 1575 3456 1629 ἐὰν
3488 1579 3577 1645 μὴ

1997 1651 2204 1704 πεσὼν
2254 1652 2557 1721 ἀποθάνῃ;
2608 1656 2742 1725 Περὶ
2793 1656 2888 1709 τοῦ
2946 1658 3181 1729 σταυροῦ
3234 1659 3401 1727 λέγει.
3458 1660 3579 1713 ’Ὶνα

1997 1732 2107 1801 γάρ
2136 1734 2210 1803 μὴ
2235 1734 2570 1807 θορυϐῶνται
2605 1737 2909 1802 ἐννοοῦντες
2934 1740 3036 1801 ὅτι,
3066 1741 3154 1794 ὅτε
3194 1744 3287 1794 καὶ
3321 1741 3578 1810 ’Έλληνες

1998 1818 2323 1889 προσῆλθον,
2356 1820 2477 1872 τότε
2512 1821 2772 1892 ἀνῃρέθη,
2802 1822 2972 1890 λέγει·
3002 1824 3143 1876 Αὐτὸ
3175 1825 3271 1894 μέν
3296 1820 3387 1878 οὖν
3421 1825 3578 1879 τοῦτο

2000 1898 2237 1969 μάλιστα
2286 1902 2483 1964 αὐτοὺς
2521 1906 2662 1955 ποιεῖ
2707 1905 3052 1974 προσελθεῖν,
3112 1908 3201 1959 καὶ
3238 1908 3464 1978 αὐξήσει
3517 1909 3578 1961 τὸ

1996 1984 2262 2053 κήρυγμα
2294 1985 2354 2036 τὸ
2376 1986 2526 2053 ἐμόν.
2560 1982 2712 2046 Εἶτα,
2736 1988 2922 2059 ἐπειδὴ
2957 1989 3063 2041 ἀπὸ
3087 1989 3257 2053 λόγων
3288 1990 3386 2059 οὐχ
3407 1990 3578 2052 οὕτως

1995 2064 2230 2127 ἔπειθεν,
2263 2067 2371 2119 ἀπὸ
2400 2069 2498 2138 τῆς
2524 2069 2632 2122 τῶν
2672 2072 3010 2141 πραγμάτων
3052 2072 3247 2142 πείρας
3278 2074 3408 2127 αὐτὸ
3442 2074 3577 2144 μεθ-

1994 2148 2167 2201 οδεύει
2213 2150 2389 2219 λέγων
2411 2168 2424 2183 ο
2485 2152 2637 2206 Ἐπεῖ¹
2668 2156 2763 2207 καὶ
2795 2156 2852 2207 ἐν
2881 2155 2958 2226 τῷ
2986 2156 3117 2225 σίτῳ
3145 2157 3305 2210 τοῦτο
3330 2158 3571 2226 γίνεται·

1998 2232 2196 2302 μᾶλλον
2240 2234 2391 2303 φέρει
2432 2236 2661 2306 καρπὸν,
2694 2237 2822 2289 ὅταν
2868 2238 3134 2312 ἀποθάνῃ.
3190 2241 3253 2293 El
3286 2240 3344 2294 δὲ
3374 2242 3432 2295 ἐν
3462 2244 3577 2305 τοῖς

1997 2316 2273 2387 σπέρμασι
2304 2317 2484 2383 τοῦτο,
2534 2319 2712 2390 πολλῷ
2746 2321 2944 2390 μᾶλλον
2993 2325 3050 2376 ἐν
3095 2324 3238 2393 ἐμοί.
3292 2325 3432 2379 Ἀλλ’
3473 2326 3575 2379 οὐκ

1991 2398 2190 2469 ⁴ᾔδεσαν
2224 2400 2273 2452 οἱ
2311 2400 2552 2471 μαθηταὶ
2598 2403 2667 2456 τά
2712 2403 3001 2474 λεγόμενα.
3036 2406 3127 2458 Διὸ
3158 2408 3397 2477 συνεχῶς
3441 2408 3574 2461 αὐτὸ

1992 2482 2205 2552 τίθησιν
2258 2485 2287 2537 ό
2337 2485 2749 2557 εὐαγγελιστὴς,
2802 2488 3236 2559 ἀπολογούμενος
3288 2492 3426 2561 ὺπέρ
3475 2493 3574 2563 τῆς

1997 2566 2137 2634 μετὰ
2167 2566 2338 2620 ταῦτα
2367 2570 2565 2639 φυγῆς.
2590 2569 2791 2623 Τοῦτον
2816 2573 2911 2625 καὶ
2936 2574 3063 2643 περὶ
3097 2577 3196 2644 τῆς
3224 2575 3574 2639 ἀναστάσεως

1992 2649 2371 2718 διαλεγόμενος
2397 2654 2425 2704 ὁ
2453 2651 2663 2716 Παῦλος
2688 2654 2779 2706 τὸν
2805 2654 2962 2723 λόγον
2995 2656 3234 2726 ἐκίνησε.

2063 2739 2132 2801 γ’.
2171 2734 2335 2787 Ποίαν
2373 2730 2466 2788 οὖν
2516 2736 2727 2802 ἕξουσιν
2765 2738 3057 2807 ἀπολογίαν
3095 2743 3143 2793 οἱ
3175 2744 3241 2811 τῇ
3279 2743 3575 2796 ἀναστάσει

1992 2816 2419 2883 διαπιστοῦντες,
2446 2822 2503 2872 ἐν
2527 2824 2638 2884 τοῖς
2663 2821 2942 2893 σπέρμασι
2970 2823 3062 2876 τοῦ
3089 2824 3413 2895 πράγματος
3452 2826 3572 2879 καθ’

1993 2901 2229 2971 ἑκάστην
2260 2902 2637 2973 μελετωμένου
2661 2904 2760 2974 τὴν
2784 2905 3019 2975 ἡμέραν,
3048 2908 3142 2959 καὶ
3162 2909 3219 2959 ἐν
3247 2912 3452 2977 φυτοῖς,
3478 2912 3574 2963 xal

1992 2983 2085 3035 ἐπὶ
2116 2984 2215 3053 τῆς
2258 2984 2526 3052 γενέσεως
2555 2986 2656 3055 τῆς
2700 2988 3008 3058 ήμετέρας;
3044 2990 3315 3061 Πρότερον
3346 2990 3455 3063 γὰρ
3494 2992 3577 3045 δεῖ

1993 3068 2265 3140 φθαρῆναι
2322 3070 2383 3123 τὸ
2432 3073 2670 3142 σπέρμα,
2706 3073 2801 3125 καὶ
2851 3073 2973 3127 τότε
3028 3074 3281 3141 γενέσθαι
3335 3076 3571 3145 γένεσιν.

1994 3151 2170 3216 Ὀλως
2214 3153 2270 3206 δὲ
2301 3154 2429 3207 ὅταν
2479 3157 2508 3207 ὁ
2557 3155 2690 3218 Θεός
2723 3172 2775 3208 τι
2820 3159 2970 3227 ποιῇ,
3012 3156 3287 3227 λογισμῶν
3327 3159 3426 3211 οὐκ
3458 3159 3573 3213 ἔστι

1992 3236 2169 3306 χρεία.
2206 3237 2330 3300 Πῶς
2362 3238 2471 3308 γάρ
2501 3237 2560 3302 ἐξ
2592 3240 2692 3292 οὐκ
2724 3239 2891 3293 ὄντων
2917 3242 3065 3312 ἡμᾶς
3097 3241 3351 3311 ἐποίησε;
3391 3242 3576 3295 Ταῦτα

1992 3320 2131 3389 πρὸς
2160 3322 2521 3389 Χριστιανοὺς
2542 3322 2706 3392 λέγω,
2725 3324 2850 3387 τοὺς
2871 3323 3128 3393 λέγοντας
3147 3324 3426 3378 πείθεσθαι
3441 3326 3575 3399 Γρα-

1992 3407 2136 3472 φαῖς.
2181 3404 2324 3472 Ἐγὼ
2346 3405 2402 3459 δὲ
2430 3408 2523 3458 καὶ
2547 3406 2733 3477 ἕτερον
2766 3408 2875 3478 ἐρῶ
2909 3409 3017 3461 ἀπὸ
3045 3409 3321 3479 λογισμῶν
3354 3410 3567 3482 ἀνθρω-

1991 3488 2182 3541 πίνων.
2235 3488 2356 3541 Τῶν
2408 3488 2711 3559 ἀνθρώπων
2756 3491 2806 3542 οἱ
2839 3492 2937 3561 μὲν
2969 3493 3026 3543 ἐν
3060 3494 3227 3562 κακίᾳ
3270 3494 3572 3560 διάγουσιν,

1990 3574 2041 3625 οἱ
2089 3574 2145 3626 δὲ
2175 3575 2233 3626 ἐν
2276 3575 2464 3644 ἀρετῇ.
2514 3574 2676 3626 Ἀλλά
2721 3574 2831 3626 τῶν
2870 3575 2929 3628 ἐν
2979 3576 3145 3645 κακίᾳ
3190 3576 3575 3647 διατριϐόντων

1992 3656 2177 3709 πολλοὶ
2223 3659 2303 3718 εἰς
2336 3656 2557 3726 ἔσχατον
2589 3658 2766 3727 γῆρας
2803 3652 2966 3727 ἦλθον
3017 3658 3411 3723 εὐπαθοῦντες
3462 3663 3573 3715 τῶν

1991 3740 2047 3791 δέ
2087 3742 2145 3792 ἐν
2182 3740 2373 3811 ἀρετῇ,
2404 3742 2472 3792 τὰ
2513 3740 2729 3792 ἐναντία
2759 3740 3172 3809 ὑπομείναντες.
3212 3742 3348 3794 Πότε
3381 3739 3474 3796 οῦν
3504 3745 3574 3797 τὰ

1992 3825 2113 3876 κατ’
2155 3824 2327 3889 ἀξίαν⁸
2371 3822 2708 3893 ἀπολήψεται
2750 3824 3015 3889 ἐκαστος;
3069 3828 3126 3877 ἐν
3174 3825 3313 3895 ποίῳ
3360 3827 3572 3898 καιρῷς

1991 3907 2120 3967 Nal.
2173 3906 2371 3977 φησίν·
2423 3907 2558 3960 ἀλλά
2602 3907 2873 3978 σωμάτων
2915 3911 3016 3962 οὐκ
3062 3908 3209 3961 ἐστιν
3254 3909 3571 3975 ἀνάστασις.

1992 3990 2106 4043 Οὐκ
2134 3989 2391 4043 ἀκούουσι
2420 3989 2514 4043 τοῦ
2542 3989 2755 4043 Παύλου
2784 3990 3061 4059 λέγοντος·
3093 3991 3196 4045 Δεῖ
3221 3992 3286 4046 τὸ
3312 3996 3575 4060 φθαρτὸν

1990 4074 2169 4129 τοῦτο
2232 4072 2604 4127 ἐνδύσασθαι
2654 4074 3033 4142 ἀφθαρσίαν;
3088 4076 3162 4127 Οὐ
3217 4077 3345 4146 περὶ¹
3394 4076 3573 4147 ψυχῆς

1992 4157 2135 4226 (οὐδέ
2168 4155 2277 4226 γάρ
2309 4155 2589 4225 φθείρεται
2632 4156 2665 4225 ἡ
2706 4156 2908 4226 ψυχή)·
2946 4158 3040 4210 καὶ
3082 4158 3375 4222 ἀνάστασις
3417 4158 3570 4232 [398]

1989 4240 2047 4293 δέ
2068 4238 2165 4292 τοῦ
2198 4239 2547 4300 πεπτωκότος
2578 4238 2826 4307 λέγεται·
2858 4240 3018 4293 ἔπεσε
3038 4241 3093 4294 δὲ
3119 4242 3180 4294 τὸ
3214 4242 3392 4313 σῶμα.
3418 4243 3572 4296 Διατί

1990 4324 2047 4377 δὲ
2072 4325 2133 4376 οὐ
2166 4322 2341 4393 βούλει
2363 4322 2657 4376 ἀνάστασιν
2689 4320 2825 4376 εἶναι
2850 4324 3380 4395 σώματος;Πότερον
3407 4328 3467 4379 οὐ
3488 4326 3573 4379 δυ-

1990 4409 2146 4461 νατὸν
2164 4407 2244 4476 τῷ
2262 4405 2409 4476 Θεῷ;
2445 4406 2604 4459 Ἀλλά
2623 4406 2782 4459 τοῦτο
2804 4408 2901 4476 μὲν
2922 4408 3156 4476 ἐσχάτης
3173 4410 3355 4474 ἀνοίας
3371 4410 3566 4478 λέγειν.

2005 4492 2142 4543 Ἀλλ’
2157 4492 2216 4543 οὐ
2234 4494 2434 4560 πρέπει
2456 4508 2469 4555 ;
2491 4489 2644 4543 Διατί
2659 4490 2720 4541 οὐ
2744 4491 2944 4560 πρέπει
2963 4491 3023 4543 τὸ
3042 4492 3277 4561 φθαρτὸν
3296 4494 3391 4547 καὶ
3409 4495 3571 4548 πόνου

1991 4578 2083 4625 καὶ
2112 4572 2344 4625 θανάτου
2380 4572 2735 4641 κοινωνῆσαν,
2760 4574 3084 4642 κοινωνῆσαι
3115 4575 3210 4626 καὶ
3232 4574 3340 4627 τῶν
3364 4578 3567 4645 στεφά-

1990 4674 2130 4721 νων;
2178 4656 2240 4708 Εἰ
2284 4657 2392 4725 γάρ
2428 4655 2501 4724 μὴ
2532 4655 2789 4725 ἔπρεπεν,
2818 4655 2925 4707 οὐδ’
2962 4656 3027 4708 ἂν
3065 4656 3216 4727 παρά
3252 4656 3349 4727 τὴν
3396 4660 3573 4729 ἀρχὴν

1989 4739 2224 4805 ἐγένετο,
2262 4740 2361 4790 οὐκ
2411 4739 2475 4790 ἂν
2508 4739 2687 4808 σάρκα
2722 4739 2884 4803 αὐτὸς
2928 4740 3205 4793 ἀνέλαϐεν.
3241 4741 3360 4793 Ὅτι
3392 4742 3450 4794 δέ
3481 4745 3573 4795 καὶ

1990 4821 2239 4883 ἀνέλαϐε,
2296 4822 2389 4874 καὶ
2438 4821 2609 4890 αὐτὴν
2654 4822 2972 4891 ἀνέστησεν,
3026 4823 3257 4876 ἄκουσον
3302 4824 3356 4876 τί
3403 4841 3572 4892 φησι-

1990 4904 2149 4958 Βάλε
2182 4904 2325 4970 τοὺς
2358 4903 2717 4969 δακτύλους,
2752 4906 2850 4957 καὶ
2890 4905 3001 4968 ίδε,
3035 4906 3123 4959 ὅτι
3160 4907 3395 4976 πνεῦμα
3421 4905 3576 4961 ὀστᾶ

1992 4989 2089 5042 καὶ
2111 4989 2294 5056 νεῦρα
2315 4991 2425 5041 οὐκ
2447 4988 2590 5055 ἕχει.
2620 4988 2770 5041 Διατί
2793 4990 2849 5043 δέ
2866 4990 2957 5043 τὸν
2983 4991 3233 5061 Λάζαρον
3250 4993 3571 5063 ἀνέστησεν,

1990 5073 2041 5124 εί
2072 5071 2276 5140 βέλτιον
2307 5067 2375 5141 ἦν
2401 5072 2569 5141 χωρὶς
2599 5071 2847 5141 σώματος
2881 5074 3179 5143 ἀναστῆναι
3204 5093 3218 5140 ;
3242 5075 3294 5126 τί
3323 5078 3382 5128 ἐν
3420 5076 3573 5141 τάξει

1995 5154 2222 5223 σημείου
2243 5155 2337 5207 καὶ
2366 5154 2685 5223 εὐεργεσίας
2713 5155 2846 5207 αὐτὸ
2876 5159 3047 5220 ποιεῖ;
3087 5158 3140 5209 τί
3166 5158 3223 5210 δέ
3246 5158 3381 5221 ὅλως
3401 5158 3573 5211 ἔδωκε

1990 5240 2225 5306 τροφάς;
2262 5237 2345 5307 Μὴ
2390 5237 2568 5289 τοίνυν
2614 5240 2894 5291 ἀπατᾶςθε
2935 5241 3086 5310 παρὰ
3120 5241 3229 5295 τῶν
3258 5243 3569 5314 αίρετικῶν,

1990 5321 2283 5389 ἀγαπητοί.
2323 5322 2433 5373 Kal
2459 5321 2569 5390 γάρ
2602 5322 2894 5386 ἀνάστασίς
2927 5326 3064 5391 ἐστι,
3093 5327 3186 5378 καὶ
3225 5327 3404 5395 κρίσις
3430 5328 3564 5381 ἐστί.

1992 5403 2179 5456 Ταῦτα
2206 5405 2262 5456 δέ
2290 5404 2623 5476 ἀναιροῦσιν,
2656 5406 2771 5459 ὅσοι
2799 5407 2873 5478 μὴ
2904 5408 3185 5476 βούλονται
3217 5410 3399 5464 δοῦναι
3414 5411 3569 5480 λόγον

1992 5486 2098 5539 τῶν
2137 5488 2560 5557 πεπραγμένων.
2598 5490 2708 5541 Kal
2742 5490 2851 5559 γὰρ
2889 5490 2971 5543 δεῖ
3000 5490 3097 5562 τὴν
3130 5494 3427 5547 ἀνάστασιν
3458 5512 3569 5548 τοι-

1990 5570 2160 5637 αύτην
2186 5565 2343 5629 εἶναι,
2369 5570 2455 5622 οἵα
2480 5571 2701 5637 γέγονεν
2724 5573 2755 5641 ή
2785 5572 2878 5625 τοῦ
2902 5574 3157 5644 Χριστοῦ.
3187 5577 3435 5646 ’Λπαρχὴ
3460 5578 3569 5648 γὰρ

1990 5656 2216 5716 ἐκεῖνος,
2250 5653 2343 5706 καὶ
2374 5654 2712 5722 πρωτότοκος
2734 5656 2843 5709 ἀπὸ
2870 5658 2977 5709 τῶν
3004 5658 3231 5729 νεκρῶν.
3270 5660 3331 5712 Εἰ
3360 5660 3418 5712 δέ
3441 5661 3570 5713 ἀνά-

1992 5754 2181 5800 στασις
2208 5732 2367 5788 τοῦτό
2408 5738 2544 5798 ἐστι,
2586 5738 2765 5807 ψυχῆς
2799 5740 3098 5811 καθαρμὸς,
3150 5743 3247 5796 καὶ
3282 5744 3572 5815 ἁμαρτιῶν

1988 5821 2296 5891 ἀπαλλαγὴ,
2344 5823 2372 5872 ὁ
2407 5820 2464 5872 δὲ
2508 5821 2743 5890 Χριστὸς
2780 5823 2877 5892 οὐχ
2914 5824 3151 5896 ἥμαρτε,
3190 5826 3307 5890 πῶς
3333 5828 3569 5899 ἀνέστη;

1989 5903 2105 5966 πῶς
2131 5906 2291 5973 ἡμεῖς
2314 5904 2411 5974 τῆς
2442 5906 2684 5974 κατάρας
2710 5906 2997 5978 ἀπηλλάγη
3007 5911 3270 5979 μεν,εῖγε
3295 5912 3390 5965 καὶ
3406 5912 3570 5976 αὐτὸς

1987 5989 2233 6059 ἥμαρτες
2264 5989 2381 6053 πῶς
2422 5988 2478 6041 δέ
2512 5990 2687 6057 λέγει·
2719 5992 2995 6059 Ἔρχεται
3023 5996 3056 6046 ό
3092 5993 3293 6062 ἄρχων
3330 5994 3438 6048 τοῦ
3466 5998 3567 6048 κό-

1989 6088 2147 6141 σμου
2180 6076 2415 6132 τούτου.
2452 6076 2547 6128 καί
2576 6075 2645 6128 ἐν
2676 6075 2802 6144 ἐμοὶ
2835 6080 2942 6130 οὐκ
2974 6077 3097 6145 ἕχει
3138 6079 3351 6145 οὺδέν;
3380 6081 3566 6135 Ταῦτα
