4100 6362
385 291 490 346 369

384 408 461 463 ba
480 407 669 483 (Joan.
696 406 786 464 20.
816 406 931 479 27).
957 407 1065 464 Cur
1091 408 1349 464 Lazarum
1372 410 1671 473 suscitavit,
1702 411 1746 466 si
1775 410 1968 464 melius

384 510 500 553 erat
523 497 640 553 sine
666 514 892 568 corpore
922 502 1244 569 resurgere?
1269 516 1365 555 cur
1391 501 1528 555 inter
1551 502 1697 571 signa
1723 511 1777 556 et
1804 501 1970 556 bene-

384 593 508 648 ficia
538 595 638 648 hoc
667 594 883 664 posuit?
917 611 1013 650 cur
1039 596 1189 650 cibos
1215 594 1480 664 pra‘buit?
1507 595 1585 650 Ne
1611 597 1805 666 itaque,
1829 596 1965 650 dile-

384 685 453 740 cti
470 727 484 751 ,
518 687 584 740 ab
608 685 871 742 haereticis
898 686 1255 756 decipiamini.
1278 688 1347 743 Et
1374 687 1719 753 resurrectio,
1742 696 1801 741 et
1824 687 1965 758 judi-

384 779 523 832 cium
552 790 654 832 est.
690 779 814 833 Hac
835 789 1015 835 autem
1044 778 1113 833 de
1143 779 1320 834 medio
1350 778 1541 834 tollunt
1568 789 1829 850 quotquot
1865 796 1965 834 no-

382 867 500 923 hmt
526 883 748 938 operum
773 884 990 924 suorum
1020 871 1278 925 rationem
1306 870 1553 926 reddere.
1581 870 1805 940 Oportet
1822 871 1965 926 enim

384 959 831 1015 resurrectionem
881 961 1037 1016 talem
1086 976 1246 1029 esse,
1290 964 1460 1032 qualis
1504 962 1604 1017 fuit
1648 964 1967 1019 resurrectio

382 1052 601 1106 Christi.
628 1052 884 1108 Primitias
911 1054 1053 1109 enim
1085 1054 1173 1108 ille
1200 1065 1302 1119 est,
1331 1065 1386 1109 et
1408 1056 1794 1126 primogenitus
1824 1072 1968 1110 mor-

384 1150 617 1197 tuorum.
648 1143 800 1210 Quod
838 1144 883 1198 si
922 1146 1243 1200 resurrectio
1282 1155 1364 1200 est
1392 1148 1581 1201 animae
1611 1147 1879 1216 purgatio,
1914 1157 1968 1202 et

384 1238 626 1292 liberatio
652 1252 682 1291 a
713 1226 981 1306 peCcatis;
1009 1238 1255 1293 Christus
1281 1254 1408 1293 vero
1435 1255 1540 1293 non
1569 1240 1809 1308 peccavit
1834 1258 1846 1292 :
1871 1252 1967 1295 cur

382 1328 720 1383 resurrexit?
747 1328 1014 1398 quomodo
1043 1344 1141 1383 nos
1167 1346 1196 1383 a
1228 1330 1602 1385 maledictione
1635 1331 1843 1386 liberati
1873 1346 1967 1386 su-

381 1436 519 1483 mus,
552 1422 597 1474 si
625 1422 739 1490 ipse
767 1423 1043 1490 peccavit?
1071 1422 1339 1492 quomodo
1364 1422 1517 1489 dicit,
1556 1421 1699 1477 Venit
1734 1424 1967 1496 princeps

384 1513 538 1583 hujus
568 1515 766 1579 mundi,
797 1523 845 1567 et
870 1514 923 1567 in
953 1530 1034 1567 me
1057 1531 1157 1568 non
1184 1514 1329 1568 habet
1361 1516 1636 1585 quidquam
1664 1515 1844 1586 (Joan.
1873 1518 1963 1573 14.

383 1602 512 1670 50)?
535 1601 667 1655 Nam
698 1602 801 1657 hoc
825 1602 1321 1672 impeccabilitatem
1350 1605 1467 1673 ejus
1495 1604 1774 1676 significat.
1805 1606 1968 1675 igitur

383 1694 676 1749 secundum
712 1696 852 1761 illos,
881 1704 975 1751 aut
1013 1713 1119 1751 non
1157 1699 1410 1764 surrexit,
1440 1698 1523 1753 vel
1554 1708 1614 1753 ut
1642 1710 1962 1769 resurgeret,

382 1796 506 1851 ante
548 1788 998 1842 resurrectionem
1043 1790 1297 1857 peccavit.
1330 1787 1434 1844 Sed
1475 1800 1529 1845 et
1561 1793 1881 1857 resurrexit,
1913 1803 1967 1847 ct

384 1886 657 1942 peccatum
703 1893 807 1933 non
852 1879 994 1934 fecit.
1038 1881 1176 1950 Ergo
1210 1885 1536 1949 resurrexit;
1567 1892 1619 1939 et
1658 1886 1772 1941 haec
1798 1901 1964 1955 prava

382 1969 623 2022 doctrina
662 1970 795 2023 nihil
829 1970 976 2025 aliud
1010 1982 1092 2025 est
1128 1989 1288 2042 quam
1334 1974 1506 2028 inanis
1542 1975 1724 2045 gloriae
1760 1978 1962 2046 proles.

385 2058 535 2113 llunc
561 2074 688 2129 ergo
718 2061 963 2116 morbum
991 2061 1272 2133 fugiamus.
1299 2065 1429 2121 Nam
1454 2065 1792 2137 Corrumpunt
1811 2070 1967 2123 bonos

381 2162 541 2206 mores
566 2152 818 2221 colloquia
843 2171 997 2222 prava
1025 2157 1098 2225 (l.
1132 2154 1250 2211 Cor.
1282 2158 1367 2212 15.
1400 2159 1510 2225 55).
1541 2159 1655 2214 Νοη
1696 2171 1821 2216 sunt
1850 2160 1965 2221 haec

380 2241 743 2310 apostolorum
770 2243 1037 2314 dogmata.
1066 2246 1299 2303 Marcion
1331 2258 1386 2303 et
1412 2250 1721 2306 Valentinus
1748 2253 1863 2309 hac
1888 2254 1966 2308 in-

384 2345 668 2389 novarunt.
700 2336 988 2406 Fugiamus
1019 2355 1180 2410 ergo,
1210 2340 1413 2396 dilecti.
1442 2343 1582 2398 Nihil
1614 2346 1832 2415 prodest
1859 2348 1965 2402 vita

382 2425 542 2490 bona,
569 2442 689 2481 cum
715 2444 871 2498 prava
897 2430 1137 2486 doctrina
1162 2451 1175 2485 :
1203 2445 1259 2488 ut
1284 2434 1515 2490 vicissim
1542 2437 1673 2492 nihil
1700 2453 1828 2494 sana
1854 2439 1954 2494 do-

382 2518 581 2580 ctrina,
612 2534 732 2575 cum
761 2521 867 2575 vita
892 2534 1164 2594 corrupta.
1195 2525 1318 2581 Hzec
1342 2529 1570 2597 gentiles
1596 2540 1917 2602 pepererunt
1949 2551 1961 2586 :

384 2608 500 2666 haec
526 2611 601 2666 illi
626 2624 890 2667 auxerunt
914 2614 982 2669 ab
1007 2618 1240 2673 externis
1266 2629 1483 2687 accepta
1519 2619 1851 2692 philosophis
1871 2665 1886 2689 ,
1913 2633 1968 2678 et

387 2706 665 2760 materiam
696 2721 799 2760 non
826 2706 1019 2763 factam
1046 2718 1102 2764 et
1134 2712 1299 2767 multa
1329 2710 1700 2782 hujuscemodi
1725 2724 1966 2770 statuen-

386 2804 486 2852 tes.
514 2796 582 2852 Ut
598 2812 729 2868 ergo
750 2797 999 2855 dixerunt
1020 2816 1125 2855 non
1147 2817 1267 2858 esse
1287 2813 1583 2859 creatorem
1606 2806 1721 2861 sine
1747 2807 1967 2862 materia

387 2903 493 2942 non
519 2888 653 2944 facta
681 2908 695 2944 :
721 2892 797 2946 sic
818 2902 875 2947 et
898 2898 1344 2952 resurrectionem
1370 2907 1648 2968 negarunt.
1681 2900 1876 2956 Verum
1901 2916 1968 2955 ne

386 2978 452 3031 iis
479 2981 817 3036 attendamus
841 3023 856 3047 ,
891 2999 1011 3039 cum
1042 2986 1355 3043 immensam
1386 2989 1477 3044 Dei
1519 3000 1834 3059 potestatem
1866 3007 1966 3047 no-

386 3082 599 3126 scamus
627 3089 641 3126 :
669 3088 738 3128 ne
764 3075 1124 3133 attendamus.
1154 3077 1319 3133 Vobis
1360 3080 1474 3136 haec
1500 3081 1642 3139 dico.
1685 3083 1793 3139 Nos
1824 3086 1966 3139 enim

387 3164 643 3221 adversus
668 3167 788 3223 illos
812 3184 1047 3240 pugnare
1073 3186 1178 3226 non
1203 3174 1586 3231 recusabimus.
1618 3177 1722 3233 Sed
1749 3179 1970 3235 inermis

386 3266 443 3310 et
482 3258 685 3325 nudus,
715 3260 815 3315 etsi
851 3260 904 3315 in
940 3262 1261 3319 infirmiores
1296 3265 1573 3333 inciderit,
1607 3268 1732 3325 licet
1759 3271 1965 3337 fortior,

388 3347 543 3404 facile
565 3351 823 3420 capietur.
851 3352 983 3408 Nam
1012 3353 1059 3409 si
1084 3354 1371 3425 Scripturis
1395 3359 1764 3429 attenderetis,
1791 3372 1846 3417 et
1875 3377 1969 3416 vos

388 3441 625 3510 quotidie
648 3444 713 3498 ad
742 3459 972 3515 pugnam
992 3449 1342 3517 appararetis,
1372 3466 1477 3506 non
1503 3462 1692 3507 auctor
1714 3453 1864 3508 vobis
1887 3471 1970 3508 cs-

391 3549 504 3589 sem
536 3544 592 3590 ut
622 3551 847 3607 pugnam
874 3539 1132 3597 adversus
1167 3542 1287 3597 illos
1325 3544 1566 3599 vitaretis
1585 3586 1601 3611 ,
1632 3545 1728 3602 sed
1754 3563 1966 3602 manum

389 3640 673 3684 conserere
692 3618 970 3686 suaderem
992 3650 1004 3685 :
1026 3648 1148 3687 nam
1176 3632 1327 3690 fortis
1346 3644 1430 3691 est
1446 3637 1660 3693 veritas.
1682 3637 1817 3706 Quia
1841 3655 1971 3695 vero

390 3719 677 3790 Scripturis
700 3722 776 3777 uti
803 3725 1041 3789 nescitis,
1066 3741 1410 3798 congressum
1440 3731 1621 3794 timeo,
1647 3747 1714 3787 ne
1739 3732 1970 3789 inermes

390 3823 489 3863 vos
514 3810 587 3865 illi
620 3823 976 3881 prosternant.
1002 3816 1145 3872 Nihil
1172 3818 1337 3886 enim,
1365 3820 1498 3876 nihil
1524 3823 1706 3894 utique
1730 3824 1969 3881 imbecil-

392 3898 492 3954 lius
519 3901 582 3955 iis
609 3903 699 3973 qui
728 3902 957 3973 Spiritus
982 3907 1181 3963 auxilio
1202 3921 1324 3964 sunt
1351 3910 1611 3968 destituti.

468 3991 894 4065 Philosophorum
918 4016 1101 4055 mores.
1123 4031 1193 4043 —
1211 4002 1363 4070 Quod
1389 4005 1431 4058 si
1461 4007 1725 4064 exteriore
1752 4020 1966 4065 utantur

1380 296 1445 350 ΙΝ
1481 295 1797 353 ,ΙΟᾹΝΝΕΜ
1837 296 2063 352 HOMIL.
2107 295 2313 354 LXVII.
2354 301 2423 354 al.
2465 299 2646 357 LXVI.

3538 316 3649 375 370

2073 412 2328 479 sapientia
2351 455 2365 473 ,
2413 416 2706 470 mirandum
2754 434 2857 471 non
2898 430 3012 489 est,
3044 422 3145 475 sed
3168 424 3341 492 potius
3370 424 3647 485 ridendum

2068 504 2210 570 qtmd
2251 505 2425 559 stultis
2469 517 2683 560 utamur
2727 509 3049 567 doctoribus.
3087 514 3270 585 Neque
3306 520 3448 573 enim
3475 521 3561 576 vel
3585 523 3653 578 de

2074 588 2205 663 Deo,
2244 602 2326 654 vel
2357 600 2425 655 de
2453 614 2692 656 creatura
2723 604 2847 673 quid
2877 621 3062 660 saninn
3094 608 3167 663 illi
3199 608 3438 667 invenire
3464 624 3655 684 potue-

2067 700 2233 752 runt;
2274 691 2367 746 sed
2398 707 2459 747 ea
2488 708 2606 762 qua:
2632 694 2771 761 apud
2803 711 2898 749 uas
2932 697 3085 751 vidua
3114 701 3295 765 novit,
3326 701 3655 774 Pythagoras

2066 794 2293 849 (prorsus
2334 782 2611 851 ignoravit.
2641 784 2747 839 Sed
2778 785 2965 841 dicunt
2992 790 3222 842 animam
3255 790 3535 861 fruticem,
3570 796 3653 865 pi-

2064 884 2216 924 scem
2238 912 2256 937 ,
2284 886 2470 926 canem
2513 874 2649 927 lieni.
2691 875 2884 941 Hisne,
2914 893 3128 947 qumso,
3158 883 3438 938 attendas?
3466 894 3522 939 et
3549 901 3652 955 qua

2064 961 2316 1016 ratione?
2343 962 2517 1032 Magni
2555 973 2679 1019 sunt
2714 966 2789 1019 illi
2824 968 2874 1020 in
2914 969 3066 1034 vico,
3096 972 3372 1027 cincinnos
3398 974 3653 1044 pulchros

2068 1051 2248 1118 alunt,
2290 1053 2463 1120 palliis
2506 1054 2794 1110 induuntur
2830 1075 2842 1108 :
2885 1057 3140 1115 hactenus
3172 1063 3429 1134 pertingit
3465 1079 3653 1120 eorum

2066 1141 2423 1211 philosophia.
2450 1142 2503 1199 Si
2534 1146 2672 1199 intus
2692 1148 2968 1216 respicias,
2990 1152 3149 1219 cinis,
3182 1154 3373 1221 pulvis,
3407 1155 3539 1210 nihil
3568 1172 3655 1211 sa-

2070 1244 2197 1285 num
2225 1242 2327 1299 est,
2356 1234 2449 1289 sed
2475 1234 2778 1304 Sepuicrum
2803 1250 2978 1310 patens
3002 1253 3073 1295 est
3093 1253 3265 1312 guttur
3287 1262 3457 1300 eorum
3479 1247 3651 1318 (Psal.

2070 1322 2124 1376 5.
2156 1324 2284 1391 ll);
2315 1328 2490 1380 omnia
2531 1327 2862 1385 immunditie
2882 1339 2943 1385 et
2966 1334 3114 1388 sanie
3138 1335 3300 1404 plena
3323 1377 3338 1399 ,
3374 1347 3429 1393 ct
3465 1354 3651 1394 eorum

2071 1413 2317 1484 dogmata
2362 1419 2632 1474 vermibus
2687 1433 2911 1477 scatent.
2966 1425 3173 1483 Primus
3213 1444 3397 1484 eorum
3454 1447 3697 1501 aquam:

2071 1506 2209 1559 dixit
2248 1523 2369 1563 esse
2414 1510 2609 1576 deum;
2641 1512 2731 1581 qui
2775 1528 3030 1584 sequutus
3071 1528 3190 1587 est,
3233 1520 3445 1591 ignem;
3476 1524 3683 1585 alius..-

2069 1613 2247 1653 acrem
2278 1600 2358 1671 (α)
2383 1617 2396 1667 ;
2432 1613 2484 1657 et
2516 1617 2702 1660 omnes
2728 1606 2794 1660 ad
2822 1622 3045 1677 corpora
3074 1611 3232 1666 delati
3253 1623 3398 1669 sunt.
3433 1615 3610 1671 llmne
3634 1656 3683 1682 ,.

2070 1704 2250 1757 qua'so
2273 1733 2287 1756 ,
2316 1693 2560 1756 mireris,
2590 1696 2678 1765 qui
2713 1713 2780 1752 ne
2821 1699 3117 1769 incorporei
3144 1705 3357 1773 quidem
3391 1708 3481 1763 Dei
3504 1691 3650 1761 noti-

2072 1781 2195 1832 tiam
2225 1783 2487 1852 attigero?
2515 1785 2666 1852 Quod
2698 1789 2741 1841 si
2771 1800 2953 1857 postea
2979 1792 3103 1861 quid
3134 1806 3417 1861 noverunt,
3450 1798 3502 1851 id
3529 1814 3655 1853 eve-

2071 1872 2148 1923 nit
2175 1881 2451 1941 post-quum
2478 1875 2532 1927 in
2558 1875 2787 1947 Egypto
2810 1893 2932 1933 cum
2964 1884 3161 1937 nostris
3184 1885 3475 1956 colloquuu
3498 1898 3649 1943 sunt.

2070 1960 2175 2016 Sed
2211 1978 2278 2017 ne
2315 1979 2410 2019 vos
2448 1966 2671 2021 nimium
2721 1973 3089 2038 perturbemus
3113 2015 3128 2039 ,
3162 1975 3247 2031 hic
3278 1978 3462 2033 orandi
3491 1981 3653 2036 linem

2071 2052 2346 2108 faciamus.
2374 2056 2431 2111 Si
2459 2057 2600 2111 enim
2630 2060 2841 2115 illorum
2868 2062 3164 2119 doctrinam
3197 2083 3494 2139 proponere
3521 2072 3654 2127 inci-

2070 2144 2298 2212 piamus,
2325 2147 2453 2216 quid
2478 2148 2545 2204 de
2574 2150 2703 2216 Deo,
2731 2153 2855 2221 quid
2882 2154 2949 2209 de
2972 2158 3210 2223 materia,
3235 2159 3361 2228 quid
3386 2160 3453 2215 de
3478 2163 3655 2217 anima

2072 2248 2126 2292 et
2163 2236 2232 2292 de
2269 2254 2496 2308 corpore
2520 2241 2785 2311 dixerint,
2825 2262 3047 2317 magnus
3074 2261 3429 2321 consequetur
3465 2255 3605 2310 risus
3638 2275 3651 2311 :

2073 2344 2245 2398 neque
2282 2341 2463 2385 nostra
2506 2334 2738 2403 egebunt
2780 2337 3176 2407 conlutatione;
3215 2342 3317 2413 ipsi
3355 2345 3496 2399 enim
3534 2360 3659 2403 sese

2072 2430 2258 2476 nuituo
2286 2422 2617 2481 confodiunt.
2643 2427 2742 2492 Qui
2773 2438 2957 2484 contra
2990 2446 3087 2486 nos
3115 2432 3181 2487 de
3210 2437 3429 2490 materia
3458 2437 3653 2493 librant

2074 2514 2293 2579 scripsit
2348 2514 2419 2586 (b)
2437 2555 2454 2581 ,
2482 2516 2714 2586 seipsum
2741 2519 2996 2575 confodit.
3037 2522 3213 2590 Quare
3243 2540 3311 2581 ne
3334 2541 3430 2582 vos
3460 2526 3671 2583 frustra.

2072 2601 2435 2671 detineamus,
2482 2620 2581 2661 nec
2623 2621 2930 2665 sermonum
2976 2611 3338 2682 labyrinthum
3382 2626 3676 2685 texamus,

2072 2689 2156 2745 his
2194 2693 2399 2759 missis,
2444 2695 2548 2751 hoc
2587 2696 2826 2754 dicemus
2867 2718 2879 2754 :
2920 2701 3221 2758 divinarum
3260 2704 3655 2776 Scripturarum

2072 2780 2291 2837 lectioni
2321 2785 2722 2854 attendendum,
2754 2806 2929 2860 neque
2964 2793 3140 2848 verbis
3169 2796 3481 2853 certandum
3510 2812 3653 2867 esse,

2072 2876 2219 2930 nullo
2248 2876 2440 2933 fructu.
2471 2879 2621 2945 Quod
2650 2881 2813 2936 etiam
2848 2884 3045 2940 Paulus
3086 2885 3422 2943 Timotheum
3462 2888 3654 2958 docet,

2072 2972 2173 3025 etsi
2202 2972 2363 3025 multa
2391 2973 2704 3028 instructum
2732 2976 2990 3045 sapientia
3013 3018 3029 3045 ,
3054 2987 3111 3034 et
3133 2981 3405 3051 signorum
3430 2983 3655 3054 gratiam

2076 3061 2359 3117 habentem
2390 3063 2465 3135 (2.
2501 3063 2631 3119 Tim.
2663 3066 2717 3120 2.
2750 3067 2859 3136 14).
2889 3066 2990 3138 1ρεί
3019 3085 3149 3140 ergo
3188 3072 3657 3141 obtemperemus,

2073 3152 2403 3223 ahjectisque
2451 3156 2640 3223 nugis,
2686 3157 2936 3226 operibus
2980 3176 3196 3215 manum
3237 3162 3655 3231 admoveamus,

2076 3243 2295 3297 fratrum
2320 3246 2488 3299 amori
2515 3245 2657 3311 dico,
2681 3246 3045 3318 hospitalitati,
3071 3262 3125 3306 et
3150 3268 3394 3323 magnam
3426 3253 3657 3311 eleemo-

2075 3351 2221 3408 synae
2247 3338 2507 3393 rationem
2535 3340 2825 3397 habeamus
2851 3360 2865 3409 ;
2894 3355 2952 3397 ut
2980 3347 3239 3413 promissa
3268 3362 3659 3419 consequamur

2075 3428 2214 3485 bona
2234 3470 2249 3496 ,
2276 3430 2445 3500 gratia
2474 3439 2529 3486 et
2562 3431 2888 3503 benignitate
2915 3434 3126 3492 Domini
3155 3439 3321 3493 nostri
3349 3438 3475 3495 Jesu
3501 3439 3657 3497 Chri-

2075 3521 2164 3589 sti,
2194 3523 2279 3578 cui
2302 3522 2469 3593 gloria
2496 3522 2549 3577 in
2580 3524 2774 3579 smcula
2800 3526 3135 3583 saeculorum.
3166 3530 3360 3587 Amen.

2138 3654 2212 3730 (ᾳ)
2243 3657 2647 3730 Justinusttartyr
2670 3658 2721 3730 in
2744 3660 3039 3730 Parmae-tico
3058 3661 3116 3710 ad
3140 3661 3353 3730 Graecos,
3376 3664 3518 3730 paulo
3550 3678 3659 3730 post

2076 3716 2284 3776 initium,
2296 3717 2361 3790 de
2384 3730 2547 3790 rerum
2556 3716 2776 3790 pinnium
2798 3722 3323 3790 principiosecundutn
3340 3716 3667 3790 philosopho-‘-

2074 3790 2182 3825 rum
2220 3780 2515 3851 sententiam
2556 3778 3259 3852 loquitur,'aitquejhaletem
3282 3778 3450 3838 dicere
3484 3778 3684 3852 aquam.

2076 3850 2189 3909 esse
2212 3840 2437 3915 omnium.
2448 3854 2613 3889 rerum
2629 3840 2945 3915 principium,
2962 3844 3261 3897 Heraclitum
3285 3840 3662 3915 Metapontinutn

2075 3900 2258 3968 ignem,
2269 3900 2651 3968 -Anaximenem:
2664 3900 2897 3968 Milesium
2910 3900 2939 3963 ,⁷
2958 3920 3144 3968 aerem,
3169 3916 3265 3960 etc.

2124 3959 2211 4036 9(b)
2239 3962 2553 4036 Philosophus
2572 3965 2766 4027 quidam
2789 3959 2969 4017 librum
3000 3970 3067 4020 de
3103 3959 3306 4023 materia
3327 3980 3495 4026 contra
3516 3974 3661 4029 cun.

2075 4029 2256 4073 stianos
2277 4029 2488 4087 scripsit.

1685 4233 2031 4296 HOMILIA
2074 4237 2326 4299 LXVII.
3010 4234 3011 4237 ¹

394 4361 520 4417 cn.
554 4362 640 4417 12.
666 4380 716 4417 v.
745 4364 837 4420 25.
866 4366 968 4435 Qui
1000 4378 1138 4422 amat
1161 4368 1383 4423 animum
1409 4388 1584 4437 suam,
1618 4372 1787 4443 perdet
1822 4392 1968 4437 eam;

465 4462 514 4506 et
550 4454 635 4522 qui
672 4454 779 4508 odit
815 4458 1038 4512 animant
1075 4475 1222 4513 suam
1258 4461 1312 4514 in
1349 4461 1443 4515 hoc
1474 4464 1695 4526 mundo,
1728 4466 1781 4518 in
1820 4468 1970 4520 vitam

464 4556 702 4602 tetentam
719 4551 944 4605 custodit
970 4568 1100 4607 eam.
1128 4552 1217 4607 26.
1243 4553 1306 4608 Si
1327 4559 1438 4625 quis
1457 4556 1580 4609 mihi
1602 4558 1869 4624 ministrat,
1891 4576 1972 4614 me

464 4650 719 4707 sequatur.

466 4730 517 4783 1.
547 4728 781 4785 Prwsens
804 4733 905 4786 uita
924 4750 1026 4787 non
1052 4736 1213 4791 dulcis
1232 4738 1444 4805 videtur,
1469 4740 1567 4794 nisi
1589 4742 1653 4795 de
1675 4742 1848 4811 futura
1872 4760 1972 4797 non

394 4820 745 4890 cogitantibus.
777 4823 1040 4891 Quomodo
1076 4828 1165 4897 qui
1201 4839 1336 4883 amat
1365 4832 1584 4885 animam
1615 4849 1761 4886 suam
1795 4836 1973 4901 perdat

393 4926 523 4964 eam.
553 4941 627 4952 —
655 4912 833 4969 Dulcis
860 4928 943 4972 εει
971 4932 1207 4987 praesens
1233 4921 1336 4974 vita
1356 4963 1372 4987 ,
1401 4930 1455 4977 et
1483 4923 1661 4977 multae
1692 4924 1845 4993 plena
1874 4940 1970 4980 vo-

395 5000 647 5071 luptatis;
670 5020 856 5061 verum
881 5024 993 5075 non
1007 5011 1275 5077 omnibus,
1301 5013 1392 5068 sed
1420 5014 1484 5068 iis
1509 5015 1597 5084 qui
1621 5015 1716 5084 ipsi
1740 5027 1963 5071 urerent.

396 5089 449 5143 Si
488 5094 606 5161 quis
644 5111 772 5152 vero
800 5096 985 5152 carlum
1026 5101 1309 5170 respiciat,
1342 5112 1395 5157 et
1424 5103 1559 5157 bona
1593 5105 1663 5159 ibi
1693 5107 1925 5176 reposita
1948 5149 1962 5172 ,

397 5180 502 5233 cito
523 5182 664 5237 illam
686 5187 959 5257 despiciet,
983 5198 1036 5244 et
1058 5206 1155 5259 pro
1177 5192 1342 5246 nihilo
1363 5192 1594 5247 habebit.
1622 5194 1753 5250 Nam
1780 5206 1833 5251 et
1851 5212 1970 5252 cor-

397 5283 586 5338 porum
618 5274 951 5341 pulchritudo
971 5321 985 5345 ,
1016 5280 1186 5336 donec
1222 5282 1321 5335 alia
1355 5283 1649 5351 speciosior
1676 5296 1965 5355 appareat,

399 5361 451 5414 in
487 5362 835 5421 admiratione
880 5369 1102 5428 habetur
1131 5392 1147 5429 :
1176 5388 1295 5429 cum
1336 5389 1464 5428 vero
1501 5373 1783 5432 formosius
1811 5379 1967 5447 quid-

399 5454 538 5523 piam
580 5458 934 5527 conspicitur,
974 5464 1196 5527 primum
1237 5468 1615 5523 contemnitur.
1656 5468 1713 5523 Si
1746 5470 1970 5526 velimus

400 5562 527 5617 ergo
554 5548 696 5604 illam
726 5551 917 5607 intueri
944 5553 1402 5623 pulchritudinem,
1425 5567 1480 5614 et
1506 5559 1658 5629 regni
1684 5560 1825 5616 illius
1850 5576 1970 5630 spe-

400 5640 534 5695 ciem
554 5681 571 5707 ,
598 5643 704 5697 cito
738 5645 1022 5715 praesentia
1047 5647 1253 5703 vincula
1281 5648 1656 5706 dissolvemus.
1689 5650 1967 5707 Vinculum

400 5732 541 5786 enim
571 5742 653 5789 est
676 5748 851 5790 rerum
883 5738 1221 5807 pmsentium
1251 5753 1417 5797 amor.
1446 5741 1512 5797 Et
1540 5740 1641 5798 hoc
1671 5742 1825 5798 nobis
1849 5756 1967 5799 sua.-

2075 4378 2211 4433 dens
2247 4380 2527 4450 Christus,
2569 4385 2692 4440 audi
2736 4388 2861 4457 quid
2904 4388 3047 4444 dicat
3078 4409 3091 4446 :
3128 4392 3227 4458 Qui
3262 4399 3656 4454 amat'am'mam

2075 4485 2252 4535 suam,
2294 4474 2467 4539 perdet
2507 4489 2657 4539 eam;
2691 4486 2741 4530 et
2778 4481 2864 4548 qui
2905 4481 3013 4534 odit
3049 4484 3271 4537 animum
3302 4501 3449 4540 suam
3483 4488 3535 4542 in
3566 4491 3661 4543 hoc

2075 4560 2285 4627 mundo,
2310 4563 2362 4617 in
2392 4564 2542 4618 vitam
2557 4576 2795 4621 aeternam
2815 4572 3056 4625 custodiet
3075 4590 3204 4627 eam.
3232 4574 3333 4642 Qui
3356 4579 3482 4631 mihi
3508 4582 3657 4634 mini-

2075 4660 2236 4713 strat,
2267 4669 2347 4705 me
2384 4665 2620 4725 sequatur
2647 4666 2739 4711 :‘et
2772 4659 2858 4712 ubi
2884 4676 2975 4732 ego
3016 4679 3127 4715 sum
3149 4705 3165 4728 ,
3201 4665 3308 4718 illic
3346 4676 3394 4721 et
3432 4671 3660 4725 minister

2077 4758 2217 4796 meus
2240 4745 2350 4797 erit.
2383 4744 2509 4801 ﬂare
2545 4749 2809 4818 renigmati
2848 4752 3038 4806 similia
3070 4752 3340 4820 videntur,
3377 4775 3550 4830 neque
3575 4770 3658 4815 ta-

2077 4846 2198 4885 men
2240 4842 2397 4901 sunt,
2426 4836 2520 4890 sed
2554 4839 2734 4892 multa:
2773 4841 2928 4909 plena
2968 4844 3261 4911 sapientiae.
3295 4846 3363 4901 Et
3389 4850 3659 4917 quomodo

2081 4922 2177 4988 Qui
2198 4935 2334 4978 amat
2359 4928 2580 4981 animam
2601 4946 2764 4994 suam,
2793 4934 2964 5000 perdet
2983 4953 3090 4988 eam
3106 4938 3132 4991 Ρ
3155 4937 3253 5004 Qui
3278 4940 3522 4997 absurdis
3543 4944 3658 5012 ejus

2075 5016 2521 5084 concupiscentiis
2545 5018 2895 5089 obtemperat,
2925 5026 3011 5093 qui
3045 5027 3161 5095 plus
3189 5044 3347 5098 quam
3380 5047 3477 5102 par
3499 5042 3580 5088 est
3605 5034 3656 5088 ei

2075 5104 2330 5176 indulget.
2376 5106 2499 5162 Ideo
2536 5109 2790 5166 admonet
2824 5116 3117 5184 quispiam,
3151 5118 3276 5174 Noli
3314 5124 3574 5178 ambulare
3599 5126 3655 5179 in

2075 5196 2432 5265 cupiditatibus
2456 5200 2641 5253 animo:
2665 5210 2765 5254 tum
2791 5203 2982 5271 (Et-cli.
3014 5207 3099 5262 18.
3136 5210 3266 5281 50).
3297 5211 3385 5267 Sic
3414 5215 3555 5268 enim
3584 5215 3653 5269 il-

2074 5286 2177 5340 lam
2202 5288 2395 5357 perdes
2420 5289 2574 5361 (nam
2604 5308 2633 5346 a
2661 5293 2744 5347 via
2770 5294 2837 5347 ad
2865 5296 3115 5353 virtutem
3140 5311 3331 5369 agente
3355 5304 3606 5374 abducit)
3636 5325 3650 5360 :

2074 5388 2370 5445 utcontra,
2399 5381 2499 5446 Qui
2525 5384 2629 5436 odit
2666 5401 2776 5437 eam
2814 5387 2867 5439 in
2900 5387 2995 5441 hoc
3026 5390 3214 5444 mundo
3232 5434 3247 5457 ,
3277 5394 3486 5447 servabit
3515 5412 3647 5451 eam.

2072 5469 2209 5537 Quid
2230 5481 2333 5539 est,
2360 5472 2459 5539 Qui
2483 5476 2588 5529 odit
2616 5492 2725 5530 eam
2743 5478 2769 5530 .’
2790 5476 2888 5545 Qui
2918 5479 2994 5534 illi
3021 5482 3313 5550 perniciosa
3338 5486 3541 5555 jubenti
3565 5505 3652 5543 re.

2072 5560 2233 5615 sistit.
2261 5561 2443 5633 Neque
2468 5564 2633 5629 dixit,
2662 5568 2761 5635 Qui
2795 5584 2899 5625 non
2927 5572 3098 5627 credit
3124 5574 3171 5627 ei
3196 5590 3211 5636 ;
3254 5575 3346 5630 sed
3366 5617 3382 5641 ,
3414 5575 3513 5642 Qui
3542 5580 3665 5634 odit

2073 5671 2202 5708 eam.
2231 5654 2689 5723 Quemadmodum
2720 5664 2861 5717 enim
2891 5665 3106 5721 odiosos
3141 5681 3239 5723 nec
3267 5669 3449 5725 audire
3475 5670 3649 5726 liben-

2074 5755 2185 5813 ter,
2219 5762 2317 5802 nec
2347 5748 2536 5804 videre
2579 5752 2785 5821 placide
2830 5770 3111 5824 possumus
3140 5776 3153 5814 :
3181 5758 3258 5814 sic
3286 5770 3339 5815 et
3377 5762 3681 5831 anilitas“.
