4100 6362
506 298 604 356 371

501 431 624 470 cum
645 412 914 469 contraria
937 412 1031 467 Del
1052 410 1310 467 voluntati
1328 411 1566 481 praecipit
1580 409 1926 466 vehementer
1943 423 2090 463 aver-

500 506 607 559 sari
638 513 869 572 oportet.
895 502 1029 570 Quia
1054 503 1193 556 enim
1215 500 1322 571 jam
1348 501 1416 556 de
1456 512 1629 555 morte
1664 501 1978 570 loquuturus
2006 508 2089 554 est

499 594 636 659 illis,
665 594 731 650 de
760 603 934 649 morte
961 593 1164 647 scilicet
1192 607 1307 657 sua,
1329 592 1692 661 prmvidetque
1722 592 1841 645 illos
1868 592 1919 645 iu
1950 604 2086 645 mte-

498 688 697 741 stitiam
719 686 1036 755 delapsuros
1059 699 1201 749 esse,
1226 699 1338 739 rem
1352 683 1654 747 ,sublimiori
1679 684 1837 738 modo
1861 691 2080 738 tractat:

496 778 634 846 Quid
661 777 801 842 dico,
831 778 875 831 si
902 785 1128 832 mortem
1156 792 1330 831 meam
1356 792 1464 830 non
1492 776 1702 831 fortiter
1728 775 1949 831 feratis?
1971 774 2083 829 Nisi

494 885 594 925 vos
637 869 739 939 ipsi
785 868 1123 934 moriamini,
1159 868 1292 923 nihil
1334 868 1487 924 vobis
1528 869 1657 922 lucri
1700 867 1983 935 supererit.
2016 866 2083 921 Et

494 960 618 1016 vide
642 960 911 1031 quomodo
938 960 1360 1015 consolationem
1388 960 1623 1015 sermoni
1651 959 1926 1014 admiscet.
1956 958 2082 1013 Val-

492 1050 563 1107 de
586 1050 777 1105 durum
804 1060 859 1105 et
889 1050 1172 1106 molestum
1200 1058 1317 1105 erat
1344 1050 1548 1115 audire,
1588 1049 1858 1104 hominem
1887 1048 2080 1103 anima:

490 1157 605 1197 sure
632 1143 1057 1198 amantissimum
1088 1143 1224 1197 mori
1255 1153 1525 1211 Oportere.
1556 1141 1758 1211 Ecquid
1786 1150 1963 1195 vetera
1993 1157 2080 1196 re-

489 1250 739 1291 censeam
760 1277 776 1303 ,
806 1236 1023 1307 quando
1052 1251 1195 1290 nunc
1220 1236 1380 1290 etiam
1408 1236 1603 1290 multos
1631 1234 1961 1290 inveniemus
1986 1234 2077 1305 qui

489 1328 719 1385 libenter
746 1329 926 1384 omnia
955 1328 1205 1395 tolerent,
1233 1338 1291 1383 ut
1322 1328 1419 1383 hac
1443 1329 1549 1383 vita
1578 1327 1839 1393 fruantur,
1867 1326 2077 1382 etiamsi

486 1420 659 1477 futura
703 1421 959 1478 credant?
1011 1422 1102 1492 qui
1142 1436 1265 1477 cum
1303 1422 1486 1476 vident
1530 1420 1789 1487 aediﬁcia,
1829 1419 2073 1490 opiﬁcia,

484 1512 790 1580 machinas,
823 1513 1177 1585 lacrymantes
1205 1514 1327 1567 talia
1368 1512 1553 1568 dicunt
1582 1530 1595 1567 :
1623 1513 1830 1579 Quanta
1864 1512 2071 1567 machi-
2118 1570 2125 1577 ,

484 1617 647 1663 natur
672 1606 856 1671 homo.
880 1616 934 1663 et
953 1607 1126 1677 pulvis
1146 1606 1406 1661 efﬁcitur?
1431 1605 1503 1660 Ita
1532 1621 1719 1676 magna
1745 1615 1828 1660 est
1850 1605 2072 1675 hujusce

482 1697 609 1753 vitae
629 1699 1082 1768 concupiscentia.
1108 1698 1231 1753 Haec
1252 1698 1428 1768 itaque
1448 1698 1657 1752 vincula
1684 1698 1895 1753 solvens
1914 1698 2071 1753 Chri—

481 1804 599 1847 stus
621 1792 696 1847 ait
722 1809 737 1846 :
769 1790 872 1857 Qui
902 1792 1009 1846 odit
1045 1792 1268 1845 animam
1291 1808 1435 1846 suam
1461 1791 1514 1843 in
1543 1791 1637 1844 hoc
1666 1791 1876 1853 mundo,
1908 1792 1962 1845 in
1989 1792 2068 1846 vi-

482 1894 589 1937 tam
613 1893 857 1939 teternam
883 1885 1127 1938 custodiet
1162 1899 1294 1936 eam.
1323 1881 1472 1950 Quod
1513 1891 1691 1937 autem
1722 1892 1776 1936 ut
1802 1882 1921 1938 illos
1947 1898 2066 1937 mo-

481 1984 671 2041 neret,
699 1984 754 2030 et
782 1982 980 2029 metum
1016 1988 1203 2029 eorum
1239 1975 1505 2040 solveret,
1537 1973 1652 2028 htec
1680 1973 1873 2028 dixerit
1895 2015 1911 2037 ,
1942 1974 2066 2029 audi

480 2084 549 2124 ex
579 2068 924 2139 sequentibus
950 2084 964 2123 :
994 2067 1086 2123 26.
1116 2068 1217 2136 Qui
1245 2066 1369 2120 mihi
1398 2067 1664 2132 ministrat,
1693 2084 1772 2120 me
1794 2076 2065 2135 sequatur;

479 2160 549 2215 de
574 2169 747 2215 morte
784 2160 1005 2230 loquens
1024 2200 1039 2225 ,
1070 2168 1128 2215 et
1156 2167 1216 2213 ut
1240 2175 1337 2230 per
1374 2174 1536 2229 opera
1567 2159 1739 2227 ipsum
1773 2166 2065 2228 sequantur

477 2252 716 2321 exigens.
746 2250 986 2307 Minister
1010 2252 1155 2308 enim
1181 2268 1305 2307 eum
1342 2252 1427 2308 cui
1471 2252 1736 2305 ministrat
1764 2251 1914 2321 sequi
1942 2266 2061 2304 oni-

476 2343 607 2397 nino
635 2341 813 2398 debet.
847 2342 912 2397 Et
941 2343 1218 2397 considera
1249 2341 1588 2413 quandonam
1624 2341 1740 2397 haec
1768 2342 2013 2411 loquatur
2045 2358 2059 2395 :

474 2451 583 2490 non
628 2450 749 2490 cum
795 2435 1265 2505 persequutionem
1308 2435 1671 2504 patiebantur,
1712 2432 1807 2489 sed
1844 2449 1965 2488 cum
2006 2433 2059 2487 in

472 2528 667 2582 ﬁducia
696 2526 995 2598 degebant,
1025 2537 1078 2582 et
1109 2526 1163 2581 iu
1201 2535 1313 2581 tuto
1339 2540 1458 2581 esse
1492 2526 1753 2597 putabant
1774 2568 1789 2590 ,
1820 2540 1849 2579 a
1876 2526 2060 2581 multis

471 2618 720 2674 honorati
746 2630 799 2674 et
823 2619 981 2682 culti;
1009 2633 1132 2673 cum
1163 2633 1281 2674 sese
1305 2619 1515 2688 erigere
1554 2627 1801 2688 poterant
1826 2627 1879 2673 et
1901 2617 2057 2672 audi-

469 2728 531 2767 re
562 2730 576 2767 :
608 2712 673 2767 Et
702 2712 846 2767 tollat
874 2729 1073 2767 crucem
1101 2729 1267 2780 suam,
1290 2722 1336 2766 et
1359 2720 1596 2782 sequatur
1618 2728 1698 2765 me
1724 2710 1934 2781 (Matth.
1968 2711 2055 2768 16.

466 2804 563 2876 24)
589 2822 603 2857 :
632 2804 683 2859 id
708 2813 813 2870 est,
839 2803 1062 2858 Paratus
1083 2818 1299 2872 semper
1319 2812 1436 2858 esto
1454 2803 1520 2858 ad
1545 2802 1800 2871 pericula,
1824 2801 1889 2856 ad
1915 2817 2057 2856 mor-

466 2904 608 2959 tem,
637 2895 703 2950 ad
737 2895 1072 2965 migrandum
1101 2909 1166 2950 ex
1196 2898 1296 2949 hac
1329 2897 1459 2949 vita.
1496 2894 1701 2949 Deinde
1726 2909 1845 2949 cum
1875 2894 2054 2963 gravia

464 2997 521 3042 et
546 2987 772 3042 molesta
803 2986 1045 3053 dixisset,
1077 2988 1357 3056 premium
1382 2986 1548 3041 addit.
1577 2985 1861 3055 Quodnam
1892 2984 2055 3040 illud?

464 3076 617 3143 Quod
664 3077 835 3146 ipsum
882 3086 1157 3147 sequatur,
1190 3076 1332 3146 quod
1371 3078 1440 3131 sit
1474 3092 1581 3131 una
1613 3091 1793 3131 secum
1825 3094 1840 3134 :
1868 3084 2052 3131 osten-

462 3170 598 3225 deus
637 3169 749 3224 fore
787 3177 844 3223 ut
880 3169 1204 3225 resurrectio
1233 3179 1459 3222 mortem
1487 3176 1761 3237 sequatur.
1790 3168 1921 3222 Nam
1954 3166 2053 3222 Ubi

461 3276 575 3312 sum
600 3275 690 3330 ego
710 3300 725 3326 ,
754 3260 955 3329 inquit,
980 3257 1088 3313 illic
1113 3268 1162 3314 et
1190 3259 1418 3312 minister
1445 3275 1603 3313 meus.
1630 3258 1730 3315 Ubi
1772 3269 1853 3313 est
1890 3259 2049 3313 Chri-

459 3353 617 3407 stus?
642 3352 699 3408 lu
724 3352 890 3406 caelis.
922 3352 1063 3423 Ergo
1086 3353 1246 3408 etiam
1280 3361 1404 3407 ante
1441 3352 1886 3407 resurrectionem
1922 3353 2051 3407 illuc

459 3452 515 3499 et
532 3444 706 3499 anima
728 3452 781 3498 et
807 3453 986 3499 mente
1011 3443 1416 3499 transferamur.
1438 3444 1500 3499 Si
1517 3444 1627 3513 quis
1647 3445 1771 3497 mihi
1795 3446 2049 3498 ministra-

456 3536 620 3599 verit,
657 3534 833 3606 diliget
874 3552 991 3589 eum
1034 3533 1214 3592 Pater.
1241 3534 1351 3591 Cur
1387 3551 1493 3589 non
1528 3535 1689 3601 dixit,
1732 3535 1887 3604 Ego?
1914 3535 2046 3602 Quia

456 3626 694 3691 nondum
725 3637 1140 3687 consentaneam
1172 3627 1240 3683 de
1280 3629 1395 3697 ipso
1421 3629 1725 3698 opinionem
1754 3629 2043 3696 habebant,

455 3717 550 3772 sed
593 3717 851 3788 majorem
895 3719 963 3775 de
1005 3719 1185 3775 Patre.
1218 3719 1316 3790 Qui
1345 3722 1486 3775 enim
1524 3721 1759 3776 nondum
1803 3723 2047 3777 sciebant

453 3808 628 3879 ipsum
661 3826 781 3868 esse
809 3820 1260 3877 resurrecturum,
1292 3814 1562 3884 quomodo
1588 3831 1833 3884 magnam
1859 3815 1925 3870 de
1951 3816 2045 3870 illo

453 3904 759 3972 opinionem
800 3905 1208 3973 concepissent?
1244 3904 1601 3973 Quamobrem
1639 3906 1761 3961 ﬁliis
1799 3906 2043 3963 Zebedrei

452 3994 529 4049 ait
552 4010 566 4046 :
594 3992 716 4048 Non
736 4003 809 4047 est
832 4010 995 4048 meum
1014 3994 1167 4059 dare,
1194 3995 1283 4048 sed
1307 3996 1483 4065 quibus
1512 4008 1745 4065 paratum
1771 4007 1841 4051 est
1870 4015 1903 4051 a
1929 3997 2041 4052 Pa-

452 4095 529 4140 tre
552 4102 661 4139 meo
688 4085 879 4157 (Marc.
908 4085 994 4141 10.
1020 4084 1134 4161 40).
1158 4088 1317 4157 Atqui
1346 4088 1459 4157 ipse
1484 4099 1563 4144 est
1588 4090 1677 4158 qui
1699 4090 1920 4159 judicat.
1944 4091 2043 4146 Hic

448 4193 581 4233 vero
607 4193 666 4233 se
694 4180 983 4247 genuinum
1013 4180 1209 4235 Filium
1234 4180 1496 4236 declarat.
1534 4183 1655 4237 Illos
1687 4185 1831 4237 enim
1862 4194 1919 4238 ut
1944 4200 2039 4253 ge-

447 4269 597 4323 nuini
624 4277 681 4324 et
705 4269 815 4324 veri
845 4269 960 4324 Filii
987 4271 1262 4325 ministros
1290 4272 1540 4342 excipiet.
1567 4272 1657 4326 27.
1690 4272 1843 4326 Nunc
1868 4274 2041 4327 anima

446 4378 561 4425 mea
590 4361 791 4419 turbata
818 4371 913 4416 est.
941 4360 1010 4416 Et
1038 4363 1160 4432 quid
1182 4363 1388 4421 dicam?
1417 4364 1590 4429 Pater,
1616 4364 1845 4433 salvi/ica
1871 4381 1950 4418 me
1978 4382 2041 4419 ea:

448 4456 544 4515 hac
570 4454 715 4508 liora.
744 4452 905 4524 Atqui
936 4453 1050 4507 haec
1077 4469 1182 4507 non
1220 4463 1344 4513 sunt
1378 4465 1604 4509 mortem
1630 4454 1780 4510 adire
1803 4456 2036 4510 suaden-

445 4546 536 4609 tis,
565 4544 675 4609 imo
700 4544 963 4609 hortantis
988 4545 1189 4615 utique.
1221 4545 1299 4599 Ne
1333 4545 1575 4601 dicerent
1599 4546 1741 4601 enim
1766 4562 1911 4610 eum,
1941 4545 2039 4600 hu-

444 4636 622 4697 manis
647 4644 919 4697 carentem
950 4635 1252 4700 doloribus,
1283 4635 1439 4690 facile
1475 4632 1544 4691 de
1584 4644 1758 4691 morte
1797 4636 2034 4706 philoso-

446 4727 633 4796 phari,
664 4735 719 4784 et
745 4728 863 4783 sine
888 4742 986 4783 suo
1015 4727 1258 4797 periculo
1283 4742 1381 4782 nos
1411 4728 1610 4784 hortari
1635 4744 1651 4794 ;
1683 4728 1919 4783 ostendit
1943 4744 2033 4795 se,

445 4822 573 4881 licet
598 4836 717 4880 eam
746 4821 1089 4887 formidaret,
1119 4823 1289 4892 ipsam
1319 4829 1505 4889 utpote
1533 4822 1715 4875 utilem
1747 4836 1852 4874 non
1879 4836 2033 4876 recu-

443 4930 584 4980 sare.
636 4914 762 4970 Haec
809 4929 972 4985 porro
1017 4914 1085 4968 ad
1132 4923 1459 4983 assumptam
1503 4928 1756 4977 carnem,
1808 4930 1915 4968 non
1966 4914 2033 4968 ad

443 5009 777 5067 divinitatem
818 5008 1105 5078 pertinent.
1153 5005 1358 5061 Idcirco
1383 5005 1496 5059 ait:
1529 5003 1685 5059 Nunc
1722 5006 1895 5059 anima
1922 5023 2033 5060 mea

442 5102 644 5157 turbata
672 5110 746 5155 est
766 5116 786 5154 :
807 5099 931 5169 (nisi
957 5100 1100 5155 enim
1132 5101 1232 5153 hoc
1257 5108 1433 5163 esset,
1461 5114 1564 5168 qua
1593 5099 1735 5153 serie
1761 5098 1877 5154 haec
1900 5114 2032 5154 con-

440 5193 591 5263 sequi
622 5204 862 5263 possent,
888 5191 1064 5255 Pater,
1088 5190 1314 5259 salvi/ica
1339 5208 1417 5246 me
1436 5207 1501 5245 ea:
1528 5191 1624 5243 hac
1648 5191 1774 5245 hara
1795 5192 1842 5261 ?)
1869 5201 1923 5247 et
1958 5192 2029 5245 ita

439 5286 783 5354 perturbatus
812 5291 896 5339 est
922 5291 979 5337 ut
1007 5281 1219 5340 liberari
1254 5296 1314 5337 se
1354 5281 1682 5352 postularet,
1713 5282 1759 5336 si
1795 5282 2037 5353 effugero.

512 5385 642 5432 sset.

512 5392 642 5432 sset.

440 5392 564 5521 p02.
596 5466 721 5523 Haec
762 5466 1010 5522 humanae
1050 5474 1253 5521 natura:
1298 5467 1578 5524 inﬁrmitas
1621 5476 1723 5523 est.
1754 5464 1860 5522 Sed
1899 5469 2028 5537 quid

438 5557 611 5613 dicam
643 5574 753 5614 non
779 5558 950 5614 habeo
970 5598 985 5622 ,
1016 5573 1138 5613 cum
1177 5568 1407 5612 mortem
1436 5558 1713 5628 deprecer.
1744 5558 2028 5630 Propterea

437 5648 549 5703 ueni
572 5649 625 5702 in
644 5649 820 5703 horam
847 5651 976 5703 hanc
999 5665 1097 5705 :ac
1120 5650 1168 5705 si
1193 5649 1396 5704 diceret
1421 5667 1435 5701 :
1468 5650 1690 5705 Etiamsi
1728 5654 2025 5721 turbemur,

437 5748 497 5805 et
518 5749 942 5809 consternemur,
974 5750 1201 5801 mortem
1232 5756 1298 5799 ne
1324 5739 1606 5813 fugiamus.
1633 5740 1765 5798 Nam
1793 5745 1861 5799 ita
1894 5760 2019 5818 per-

1145 299 1200 351 S.
1242 297 1521 353 JOANNIS
1558 294 2035 353 CllRYSOSTOMl
2073 295 2391 353 ARCHIEP.
2434 301 2966 365 CONSTANTINOP.

3670 325 3774 381 37?.

2199 410 2440 507 turbatus
2466 429 2722 507 egnpnon
2752 418 3053 490 fugiendum
3081 424 3201 480 dico
3232 441 3246 479 :
3275 427 3550 486 ferendum
3577 436 3773 507 quippe

2194 498 2326 555 illud
2365 511 2449 556 est
2474 506 2617 573 quod
2647 509 2859 565 accidit.
2901 511 3017 567 Non
3048 514 3168 568 dico
3188 556 3203 579 ,
3239 517 3426 574 Libera
3455 538 3542 578 tne
3575 498 3640 579 ex

2192 589 2362 656 hora;
2392 594 2483 648 sed
2508 635 2524 661 ,
2550 596 2641 652 28.
2676 599 2849 667 Pater,
2882 604 3108 673 clari/ica
3147 624 3327 664 nomen
3360 623 3519 667 tuum.
3553 616 3770 675 Etiamsi

2189 684 2520 749 perturbatio
2562 689 2628 743 ad
2659 688 2776 746 haec
2818 692 3040 750 dicenda
3085 701 3408 770 compellat,
3444 709 3768 765 contrarium

2188 772 2342 838 dico,
2374 775 2612 847 Cleri/ica
2649 798 2828 837 nomen
2857 794 3031 853 tuum;
3061 789 3113 843 id
3143 800 3257 860 est,
3292 792 3406 851 Duc
3435 796 3486 850 in
3508 812 3719 856 crucem
3751 821 3765 856 :

2186 865 2327 958 quod
2366 866 2654 925 humanum
2693 874 2942 931 affectum
2982 878 3214 948 iudicat,
3250 894 3597 958 naturamque
3631 893 3767 948 mori

2185 956 2475 1025 nolentem,
2490 962 2584 1016 sed
2602 964 2759 1020 vitam
2786 982 2999 1026 servare
3013 974 3333 1042 cupientem;
3357 956 3693 1052 ostenditque
3709 1000 3769 1041 se

2184 1062 2293 1142 non
2307 1060 2456 1105 extra
2478 1054 2738 1111 humanos
2749 1058 2967 1116 atl‘ectus
2983 1077 3121 1119 esse.
3136 1063 3284 1121 Sicut
3298 1069 3439 1123 enim
3457 1086 3627 1142 neque
3638 1089 3734 1130 esu
3745 1105 3764 1115 -

2184 1138 2291 1194 rire
2313 1156 2486 1211 neque
2503 1144 2740 1203 dormire
2765 1151 2975 1207 crimini
3001 1153 3179 1222 datur,
3207 1160 3285 1213 sic
3322 1175 3497 1231 neque
3533 1138 3765 1233 praesen-

2184 1238 2289 1328 tem
2317 1233 2475 1328 vitam
2502 1248 2707 1309 Optare.
2730 1240 2974 1300 Christus
2998 1261 3125 1301 vero
3148 1263 3343 1320 corpus
3371 1253 3555 1309 habuit
3583 1272 3609 1309 a
3642 1274 3765 1328 pec-

2179 1322 2315 1378 catis
2361 1325 2623 1395 liberum,
2680 1347 2785 1387 non
2826 1349 2856 1388 a
2906 1339 3239 1396 naturalibus
3295 1322 3758 1405 necessitatibus:

2178 1415 2409 1487 alioquin
2444 1436 2637 1493 corpus
2679 1440 2783 1481 non
2814 1426 3022 1486 fuisset.
3056 1431 3150 1486 His
3184 1435 3345 1490 etiam
3376 1437 3516 1493 aliud
3557 1440 3759 1499 docuit.

2176 1508 2455 1576 Quodnam
2486 1514 2651 1569 illud?
2674 1516 2744 1572 Ut
2785 1519 2829 1573 si
2870 1537 3119 1591 umquam
3153 1524 3205 1580 in
3232 1530 3486 1585 maestitia
3523 1542 3578 1586 et
3615 1544 3759 1591 metu
3824 1582 3830 1589 .

2175 1604 2366 1671 simus,
2400 1622 2468 1662 ne
2495 1608 2613 1665 ideo
2638 1627 2668 1665 a
2700 1616 2972 1682 proposito
2994 1618 3309 1675 resiliamus.
3341 1621 3759 1695 Pater,ctari/ica

2173 1708 2355 1749 nomen
2380 1705 2543 1753 tuum.
2565 1700 2807 1758 Ostendit
2833 1720 2892 1760 se
2919 1722 3016 1777 pro
3039 1710 3263 1766 veritate
3287 1714 3443 1781 mori,
3475 1731 3586 1770 rem
3611 1716 3757 1773 illam

2170 1784 2396 1854 gloriam
2428 1789 2520 1845 Dei
2542 1808 2760 1849 vocans.
2793 1796 2857 1850 Et
2885 1796 2987 1853 hoc
3006 1810 3127 1869 post
3147 1816 3359 1858 crucem
3383 1806 3621 1876 contigit.
3651 1808 3757 1863 Fu-

2172 1888 2348 1934 turum
2371 1892 2488 1938 erat
2513 1892 2573 1939 ut
2595 1887 2742 1943 orbis
2770 1900 3172 1948 converteretur
3191 1937 3206 1962 ,
3229 1910 3292 1951 ac
3312 1912 3505 1953 nomen
3537 1900 3631 1956 Dei
3658 1915 3753 1956 co-

2168 1982 2473 2040 gnosceret,
2504 1975 2709 2047 ipsique
2732 1981 2979 2048 serviret;
3007 1999 3112 2039 non
3143 1985 3317 2042 Patris
3342 2004 3535 2061 nempe
3556 2008 3752 2048 nomen

2168 2060 2465 2131 dumtaxat,
2495 2067 2590 2122 sed
2620 2070 2778 2124 etiam
2807 2072 2927 2127 Filii
2956 2091 2967 2126 :
2997 2084 3229 2132 attamen
3254 2078 3381 2134 illud
3414 2060 3571 2138 tacet.
3607 2082 3753 2139 Venit

2168 2168 2288 2242 ergo
2308 2171 2406 2210 vox
2433 2158 2496 2212 de
2520 2161 2658 2216 ctelis
2688 2179 2707 2216 :
2733 2162 2801 2217 Et
2824 2166 3101 2235 σιω-ἱκεσαυὶ
3119 2211 3135 2236 ,
3164 2180 3211 2224 et
3236 2171 3417 2225 iterum
3440 2174 3749 2242 clariﬁcabo.

2169 2241 2269 2300 Ubi
2307 2247 2657 2306 clariﬁcavit?
2683 2252 2738 2308 In
2773 2258 3211 2324 praecedentibus.
3240 2260 3309 2316 Et
3334 2263 3524 2322 iterum
3553 2241 3750 2322 clariﬁ-

2165 2336 2298 2391 cabo
2322 2350 2441 2407 post
2455 2356 2689 2400 crucem.
2709 2347 2845 2415 Quid
2872 2365 2999 2419 ergo
3025 2350 3310 2409 Christus?
3358 2356 3447 2412 30.
3473 2357 3593 2413 Non
3632 2377 3751 2429 pro-

2164 2437 2276 2496 pter
2314 2448 2394 2485 me
2419 2448 2516 2488 vox
2542 2436 2648 2490 [nec
2690 2442 2827 2509 facta
2855 2451 2949 2507 est,
2980 2446 3069 2496 sed
3095 2456 3301 2515 propter
3318 2465 3424 2503 vos.
3463 2449 3542 2504 Illi
3570 2462 3745 2507 autem

2166 2522 2454 2612 tonitruum
2484 2542 2603 2583 esse
2630 2540 2917 2600 putarunt,
2949 2534 3034 2589 vel
3063 2537 3310 2606 angelum
3339 2539 3438 2608 ipsi
3468 2540 3745 2612 loquutum

2161 2610 2345 2670 fuisse.
2397 2617 2461 2671 Et
2500 2619 2640 2675 unde
2682 2621 2783 2678 hoc
2813 2628 3099 2693 putarunt?
3137 2644 3313 2685 annon
3340 2633 3481 2687 clara
3516 2610 3570 2689 et
3613 2651 3746 2690 con-

2160 2704 2341 2772 spicua
2372 2722 2469 2760 vox
2505 2707 2635 2764 fuit?
2669 2711 2865 2768 Verum
2892 2716 2999 2770 cito
3023 2718 3255 2773 avolavit
3288 2720 3357 2776 ab
3391 2722 3493 2779 illis
3514 2767 3532 2793 ,
3562 2735 3744 2794 utpote

2160 2798 2529 2865 crassiorihus,
2548 2804 2868 2871 carnalibus,
2899 2809 3175 2878 segnibus.
3195 2812 3297 2866 Alii
3320 2828 3509 2869 sonum
3536 2825 3740 2873 tantum

2158 2889 2492 2944 retinuerunt
2512 2934 2525 2954 .
2555 2893 2642 2947 alii
2668 2896 3002 2954 articulatam
3032 2900 3198 2958 fuisse
3237 2920 3420 2961 vocem
3450 2920 3737 2973 noverant;

2157 2981 2283 3048 quid
2311 2998 2435 3036 vero
2462 2986 2802 3054 signiﬁcaret,
2832 3007 2937 3045 non
2966 2992 3114 3048 item.
3143 2995 3281 3063 Quid
3306 3014 3435 3068 ergo
3460 2999 3742 3057 Christus?

2159 3070 2281 3127 Non
2307 3087 2514 3142 propter
2541 3094 2620 3131 me
2636 3079 2743 3132 [nec
2760 3097 2857 3134 vox
2880 3085 3030 3151 venit,
3048 3086 3138 3139 sed
3157 3098 3362 3158 propter
3380 3105 3484 3145 vos.
3511 3090 3619 3146 Cur
3638 3092 3741 3148 hoc

2155 3164 2326 3221 dixit?
2347 3168 2426 3222 Ad
2452 3169 2575 3223 illud
2599 3172 2891 3242 respiciens
2916 3176 3054 3245 quod
3079 3192 3290 3249 semper
3305 3179 3572 3251 dicebant,
3592 3183 3740 3238 illum

2155 3272 2219 3312 ex
2264 3260 2375 3315 Deo
2406 3278 2509 3316 non
2537 3279 2679 3318 esse.
2717 3266 2814 3333 Qui
2843 3268 2985 3322 enim
3013 3284 3043 3323 a
3073 3270 3183 3325 Deo
3206 3274 3555 3341 clariﬁcatur,
3601 3293 3737 3346 quo-

2154 3352 2312 3407 modo
2342 3369 2445 3409 non
2474 3368 2556 3410 est
2593 3373 2657 3412 ex
2703 3359 2811 3414 Deo
2839 3402 2854 3425 ,
2883 3361 3035 3432 cujus
3064 3379 3261 3419 nomen
3304 3376 3520 3441 propter
3564 3368 3735 3438 ipsum

2152 3443 2496 3500 clariﬁcatur?
2518 3446 2640 3503 ideo
2660 3464 2758 3504 vox
2777 3451 2948 3507 delata
2975 3464 3077 3508 est.
3095 3455 3383 3525 Pr0pterea
3408 3459 3578 3530 inquit
3601 3461 3733 3531 ipse,

2152 3535 2275 3590 Non
2306 3550 2511 3609 propter
2531 3558 2608 3595 me
2629 3543 2736 3596 lure
2756 3561 2853 3599 vom
2870 3545 3018 3610 venit,
3045 3547 3135 3602 sed
3153 3558 3360 3618 prapter
3380 3566 3464 3607 vos
3490 3566 3509 3605 :
3537 3551 3650 3606 Non
3679 3563 3738 3607 ut

2149 3630 2346 3701 aliquid
2373 3647 2402 3685 a
2432 3648 2516 3688 me
2541 3635 2837 3703 ignoratum
2863 3638 2931 3693 ab
2962 3638 3046 3692 illa
3077 3641 3289 3696 audiam
3332 3642 3551 3716 (omnia
3590 3646 3735 3703 enim

2148 3738 2267 3791 quae
2297 3724 2469 3805 Patris
2493 3737 2618 3781 sunt
2641 3728 2842 3801 novi),
2885 3731 2979 3786 sed
3024 3743 3241 3802 propter
3267 3750 3385 3790 vos.
3418 3736 3551 3802 Quia
3587 3739 3731 3792 enim

2149 3816 2401 3872 dicebant
2428 3822 2671 3890 angelum
2700 3822 2972 3893 loquutum
2995 3825 3069 3879 illi
3101 3841 3244 3894 esse,
3272 3828 3356 3883 vel
3381 3827 3577 3884 factum
3609 3846 3731 3885 esse

2149 3909 2440 3963 tonitruum
2466 3952 2480 3977 ,
2509 3920 2564 3966 et
2592 3928 2696 3967 non
2726 3914 3075 3969 advertebant
3102 3957 3118 3982 ,
3156 3918 3326 3986 inquit
3349 3959 3363 3984 ,
3397 3933 3613 3991 propter
3638 3936 3734 3976 vos

2148 3998 2377 4054 delatam
2412 4016 2532 4057 esse
2559 4019 2743 4058 vocem
2769 4045 2785 4071 ,
2814 4014 2871 4060 ut
2898 4006 3023 4061 hinc
3048 4004 3448 4064 concitarefnini
3471 4010 3538 4065 ad
3562 4011 3730 4065 inter-

2145 4094 2441 4164 rogandum
2486 4097 2613 4166 quid
2654 4096 2854 4153 dictum
2900 4098 3107 4155 fuisset.
3143 4101 3220 4155 Illi
3252 4118 3379 4157 vero
3408 4103 3729 4173 stupefacti,

2147 4199 2323 4254 neque
2347 4186 2425 4240 sic
2463 4186 2857 4258 interrogarunt
2875 4230 2891 4255 ,
2922 4204 3042 4244 cum
3069 4191 3318 4247 audirent
3347 4192 3399 4247 id
3424 4191 3491 4247 a'd
3526 4207 3584 4249 se
3610 4208 3733 4264 per-

2147 4275 2337 4332 tinere.
2366 4276 2632 4333 Nescienti
2680 4281 2821 4335 enim
2864 4281 3020 4351 cuius
3055 4283 3227 4352 gratia
3275 4283 3579 4351 diceretur,
3610 4285 3731 4352 jure

2143 4384 2253 4422 non
2279 4369 2502 4438 insignis
2526 4387 2628 4425 vox
2656 4371 2932 4427 videbatur
2951 4388 3093 4429 esse.
3125 4373 3346 4444 Propter
3365 4392 3452 4431 vos
3476 4392 3572 4431 vos:
3586 4376 3731 4431 dela-

2144 4469 2198 4513 ta
2216 4470 2309 4514 est.
2331 4460 2517 4517 Videu’
2541 4465 2808 4533 quomodo
2823 4479 2913 4520 res
2937 4462 3166 4523 humiles
3181 4483 3365 4523 eorum
3382 4471 3552 4540 gratia
3575 4470 3731 4538 ﬁant,

2144 4570 2251 4609 nou
2281 4555 2434 4624 quasi
2463 4554 2629 4611 Filius
2652 4558 2850 4613 auxilio
2880 4560 3059 4629 egeat?
3079 4561 3165 4616 3i.
3200 4560 3354 4617 Nunc
3373 4563 3627 4633 judicium
3653 4577 3731 4621 est

2143 4645 2341 4712 mundi,
2364 4663 2498 4700 nunc
2528 4649 2759 4717 princeps
2785 4649 2939 4719 ltujus
2967 4652 3141 4705 mundi
3170 4653 3308 4723 infra
3332 4654 3578 4726 ejicietur.
3613 4655 3729 4711 Hoc

2141 4736 2410 4803 quomodo
2438 4746 2648 4807 aptatur
2669 4739 2767 4806 illi,
2796 4740 3107 4810 Clariﬁcavi,
3139 4754 3185 4796 et
3213 4744 3547 4813 clariﬁcabo.’
3571 4746 3728 4816 Opti-

2141 4841 2228 4880 me
2253 4837 2307 4881 et
2338 4828 2625 4884 admodum
2652 4843 3035 4890 consentanee.
3066 4835 3199 4903 Quia
3229 4838 3372 4890 enim
3402 4836 3572 4902 dixit,
3608 4836 3731 4891 δια-

2139 4919 2371 4987 riﬁcubo,
2393 4920 2609 4975 modum
2628 4922 2814 4993 gloriae
2833 4925 3086 4980 ostendit.
3107 4926 3237 4993 Quis
3256 4928 3344 4983 ille
3359 4928 3584 4984 modus?
3608 4929 3725 4993 Ille,

2141 5010 2331 5081 inquit,
2366 5010 2615 5082 Ejicietur
2641 5015 2803 5086 infra.
2831 5016 2967 5083 Quid
2992 5017 3092 5072 sibi
3119 5018 3233 5073 vult
3264 5019 3392 5074 illud
3421 5039 3434 5075 :
3464 5020 3729 5075 Iudicium

2140 5111 2213 5157 est
2234 5102 2409 5155 mundi
2430 5104 2585 5175 hujus
2601 5104 2627 5157 ?
2648 5108 2722 5159 Ac
2745 5107 2789 5159 si
2812 5106 3032 5172 diceret,
3061 5107 3327 5164 Judicium
3358 5111 3461 5166 erit
3486 5119 3543 5166 et
3569 5112 3722 5167 ultio.

2137 5193 2449 5260 Quomodo?
2478 5193 2685 5251 Occidit
2710 5198 2937 5268 primum
2968 5199 3233 5256 hominem
3260 5243 3276 5268 ,
3304 5218 3463 5272 quem
3503 5212 3726 5273 peccato

2135 5285 2425 5339 obnoxium
2473 5286 2677 5343 invenit
2706 5288 2845 5358 (Per
2883 5302 3142 5359 peccatum
3178 5294 3310 5346 enim
3344 5311 3480 5349 mors
3522 5296 3726 5348 intravit

2135 5374 2311 5447 [Hann
2346 5378 2399 5433 5.
2433 5377 2545 5451 12])
2576 5398 2587 5431 :
2619 5381 2669 5434 in
2700 5396 2785 5435 me
2800 5381 2903 5437 hoc
2927 5398 3033 5437 non
3065 5383 3284 5439 invenit.
3310 5384 3418 5440 Cur
3437 5402 3564 5457 ergo
3590 5388 3725 5441 insi-

2132 5467 2236 5532 liit,
2268 5477 2322 5523 et
2349 5471 2507 5524 morti
2531 5472 2784 5527 tradidit?
2810 5488 2907 5527 cur
2938 5474 2988 5528 in
3016 5474 3167 5529 .ludae
3191 5476 3423 5531 animam
3453 5478 3724 5547 ingressus

2133 5570 2237 5624 est,
2266 5569 2324 5615 ut
2351 5578 2435 5617 me
2465 5565 2771 5619 occideret?
2799 5565 2874 5620 Ne
2903 5566 3031 5619 mihi
3057 5568 3199 5622 enim
3234 5568 3346 5639 jam
3371 5568 3573 5625 dixeris
3597 5609 3614 5635 ,
3648 5570 3720 5626 ita

2134 5654 2299 5711 Deum
2331 5656 2725 5726 dispensavisse
2759 5677 2771 5711 :
2802 5658 2904 5714 hoc
2930 5662 3209 5718 enimnon
3244 5663 3444 5721 diaboli
3470 5674 3591 5730 est,
3623 5667 3721 5723 sed

2136 5748 2300 5818 ipsius
2328 5749 2620 5819 sapientiae.
2650 5749 2967 5821 Exploretur
2996 5752 3206 5810 interim
3233 5772 3384 5814 mens
3410 5757 3625 5829 maligni
3655 5758 3718 5818 ῆι,
