4100 6362
371 303 471 360 371

368 435 504 474 γιον
528 415 785 488 φυλάξει
830 414 1044 485 αὑτήν.
1083 414 1205 470 Ὅτι
1250 414 1360 487 γὰρ
1395 415 1623 479 ἐκείνοις
1667 415 1948 487 παραινῶν

372 500 546 570 ἔλεγε,
579 502 670 553 καὶ
702 500 793 553 τὸν
820 500 984 568 φόϐον
1021 498 1201 552 αὐτῶν
1237 498 1545 564 ὐπεκλύων,
1576 499 1808 553 ἄκουσον
1839 498 1948 550 τῶν

372 583 501 653 ἑξῆς
521 602 536 615 ·
575 584 638 636 '0
667 583 795 652 ἐμοὶ
830 581 1143 642 διακονῶν,
1187 582 1315 645 ἐμοὶ
1345 583 1745 636 ἀκολουθείτω
1769 598 1783 609 ⁸
1821 580 1951 652 περὶ

371 669 466 723 τοῦ
493 668 724 722 θανάτου
757 666 951 735 λέγων,
997 667 1090 720 καὶ
1122 667 1218 737 τὴν
1252 667 1340 719 διὰ
1379 667 1486 719 τῶν
1525 667 1700 737 έργων
1736 664 1956 719 ἀκολού-

374 752 532 822 θησιν
563 752 827 804 ἀπαιτῶν.
860 752 951 803 Δεῖ
973 750 1339 821 γὰρ’πάντως
1385 750 1476 803 τὸν
1506 749 1853 803 διακονοῦντα
1879 748 1957 819 τῷ

371 835 771 905 διακονουμένῳ
798 833 1045 887 ἕπεσθαι.
1074 834 1182 886 Καὶ
1212 834 1403 886 σκόπει
1424 834 1553 886 πότε
1582 835 1763 896 αὐτοῖς
1787 832 1957 885 ταῦτα

373 918 714 986 διαλέγεται·
742 918 841 987 οὐχ
872 917 959 970 ὅτε
991 915 1274 969 ἐδιώκοντο
1296 956 1310 981 ,
1351 916 1467 969 ἀλλ’
1495 917 1582 969 ὅτε
1620 915 1954 988 ἐθάρρησαν,

372 1003 465 1056 ὅτε
495 1001 752 1072 ἐνόμισαν
780 1003 837 1054 ἐν
867 1000 1136 1070 ἀσφαλείᾳ
1166 996 1324 1058 εἶναι.
1361 1001 1451 1053 διὰ
1488 1000 1585 1070 τὴν
1604 998 1713 1052 τῶν
1747 998 1957 1052 πολλῶν

374 1083 539 1155 τιμὴν
566 1084 662 1137 καὶ
696 1083 997 1155 θεραπείαν
1016 1100 1030 1114 ·
1057 1083 1147 1135 ὅτε
1174 1083 1271 1136 xu).
1309 1082 1658 1153 διαναστῆναι
1700 1081 1959 1151 ἠδύναντο

375 1168 471 1221 καὶ
508 1165 740 1220 ἀκοῦσαι
762 1184 776 1197 ·
808 1166 919 1221 Καὶ
964 1166 1158 1235 ἀράτω
1196 1165 1303 1221 τὸν
1338 1165 1604 1234 σταυρὸν
1646 1165 1831 1219 αὑτοῦ
1858 1164 1959 1219 καί

374 1250 773 1305 ἀκολουθείτω
809 1267 912 1319 μοι
931 1267 944 1281 ·
982 1249 1262 1303 τουτέστιν
1283 1292 1298 1312 ,
1340 1251 1451 1302 Ἀεὶ
1476 1249 1959 1320 παρατεταγμένος

376 1335 487 1400 ἔσο,
520 1336 705 1405 φησὶν,
742 1334 876 1404 πρὸς
898 1334 1197 1400 κινδύνους,
1228 1333 1364 1403 πρὸς
1389 1333 1637 1397 θάνατον,
1662 1333 1797 1403 πρὸς
1825 1334 1960 1385 ἀπο-

376 1418 576 1490 δημίαν
611 1418 708 1491 τὴν
737 1419 1006 1473 ἐντεῦθεν.
1058 1412 1191 1471 Εἶτα
1226 1417 1501 1487 ἐπειδὴτά
1543 1416 1776 1487 φορτικά
1813 1412 1955 1478 εἷπε,

377 1504 472 1556 xu).
492 1502 554 1554 τὸ
599 1501 830 1555 ἔπαθλον
862 1500 1065 1571 τίθησι.
1095 1501 1251 1552 Ποῖον
1296 1500 1352 1552 δὲ
1391 1498 1547 1552 τοῦτο
1578 1495 1680 1570 ὴν;
1711 1499 1783 1552 Τὸ
1810 1499 1958 1571 αύτῷ

376 1584 708 1646 ἀκολουθεῖν,
736 1584 830 1637 καὶ
858 1580 995 1637 εἶναι
1030 1583 1157 1637 ἔνθα
1190 1583 1305 1635 ἐστί
1325 1600 1337 1613 ·
1371 1583 1585 1646 δεικνὺς
1617 1584 1698 1636 ὅτι
1724 1584 1957 1638 ἀνάστα-
1984 1585 1991 1592 ”

292 1730 295 1733 λ
380 1686 464 1732 σις
500 1668 590 1722 τὸν
617 1668 845 1722 θάνατον
874 1666 1193 1733 διαδέξεται.
1227 1666 1413 1719 Ὅπου
1440 1666 1548 1737 γάρ
1584 1669 1731 1736 εἰμι,
1767 1667 1953 1736 φησὶν,

376 1753 511 1820 ἐγὼ,
537 1751 663 1806 ἐκεῖ
696 1751 793 1805 καὶ
818 1754 851 1805 ό
873 1750 1155 1816 διάκονος
1179 1753 1212 1803 ό
1231 1750 1393 1816 ἐμός.
1413 1750 1523 1803 Ποῦ
1553 1750 1608 1803 δέ
1633 1753 1661 1802 6
1686 1751 1953 1821 Χριστός;

392 1836 478 1889 Ἐν
506 1836 773 1906 οὐρανοῖς.
814 1834 924 1886 Καὶ
964 1833 1071 1903 πρὸ
1112 1835 1211 1902 τῆς
1245 1833 1590 1896 ἀναστάσεως
1620 1833 1798 1885 τοίνυν
1841 1834 1957 1886 ἐκεῖ

381 1918 735 1987 μεταστῶμεν
760 1920 827 1987 τῇ
856 1917 1001 1987 ψυχῇ
1030 1916 1125 1969 καὶ
1146 1915 1221 1985 τῷ
1252 1915 1348 1984 νῷ.
1392 1916 1528 1968 Ἐάν
1555 1933 1645 1980 τις
1671 1914 1799 1985 ἐμοὶ
1827 1914 1956 1968 δια-

383 2001 557 2069 πονῇ,
589 2000 889 2070 ἀγαπήσει
923 1999 1111 2052 αὐτὸν
1145 2000 1177 2051 ό
1202 1998 1425 2065 Πατήρ.
1455 1999 1607 2051 Διατί
1633 2000 1733 2051 ούκ
1763 1994 1915 2051 εἶπεν
1944 2038 1958 2061 ,

394 2085 564 2153 Ἐγώς
609 2084 828 2154 Ἐπειδὴ
858 2084 1070 2136 οὐδέπω
1095 2082 1196 2153 τὴν
1225 2085 1606 2152 προσήκουσαν
1634 2083 1761 2155 περὶ
1793 2081 1957 2136 αὑτοῦ

379 2172 534 2239 δόξαν
564 2167 706 2243 εἶχον
726 2212 739 2234 .
766 2171 899 2224 ἀλλά
939 2170 1161 2241 μείζονα
1185 2172 1313 2239 περὶ
1344 2169 1440 2223 τοῦ
1474 2171 1707 2241 Πατρός.
1759 2173 1821 2225 Οἱ
1851 2172 1960 2241 γὰρ

383 2256 519 2327 μηδέ
538 2257 617 2309 ὅτι
647 2254 945 2323 ἀναστῆναι
972 2254 1134 2306 αὑτὸν
1160 2254 1325 2324 ἐχρῆν
1359 2254 1578 2317 εἰδότες,
1608 2253 1726 2317 πῶς
1751 2255 1962 2324 μεγάλα

382 2344 510 2411 περὶ
557 2342 721 2397 αὐτοῦ
750 2340 1161 2410 ἐφαντάσθησαν
1201 2340 1312 2412 [ἄν]
1337 2353 1393 2406 ας
1434 2341 1525 2394 Διὸ
1561 2341 1656 2394 xu).
1685 2344 1798 2403 τοῖς
1829 2344 1961 2405 υίοῖς

320 2448 331 2461 ο
382 2426 671 2480 Ζεϐεδαίου
699 2424 862 2495 φησίν
881 2441 895 2456 ·
928 2426 1050 2478 Οὐκ
1077 2424 1250 2478 ἐστιν
1270 2424 1417 2494 ἐμὸν
1445 2424 1676 2490 δοῦναι,
1709 2427 1845 2481 ἀλλ’
1872 2420 1962 2491 οἷς

382 2510 735 2577 ἡτοίμασται
757 2510 915 2576 παρὰ
943 2508 1048 2562 τοῦ
1086 2510 1317 2576 Πατρός
1340 2527 1478 2578 μου·
1507 2510 1683 2563 καίτοι
1712 2526 1774 2578 γε
1800 2510 1963 2574 αὑτός

381 2594 531 2645 ἐστιν
560 2594 590 2646 ὁ
616 2593 836 2663 κρίνων.
882 2592 1147 2646 Ἐνταῦθα
1169 2593 1225 2645 δέ
1252 2593 1423 2644 καὶτὸ
1450 2594 1670 2662 γνήσιον
1696 2594 1963 2665 παρίστη-

384 2692 489 2729 σιν.
527 2676 615 2739 Ὢς
633 2676 743 2746 γὰρ
770 2675 995 2745 γνησίου
1035 2675 1222 2738 παιδὸς
1249 2675 1554 2739 διακόνους,
1587 2674 1757 2739 οῦτως
1794 2677 1822 2728 6
1846 2677 1961 2729 Πα-

382 2761 487 2832 τὴρ
517 2759 858 2825 ἀποδέξεται.
897 2759 1026 2814 Νῦν
1056 2761 1096 2826 ἡ
1120 2758 1291 2827 ψυχή
1317 2777 1435 2827 μου
1464 2759 1831 2826 τετάρακται.
1850 2761 1961 2815 Καὶ

368 2846 445 2896 ’τι
482 2844 664 2906 είπω;
699 2842 909 2911 Πάτερ,
938 2840 1148 2896 σῶσόν
1174 2860 1251 2910 με
1282 2842 1350 2895 ἐκ
1390 2840 1500 2909 τῆς
1539 2842 1694 2910 ὥρας
1718 2843 1958 2910 ταύτης.

386 2928 495 2979 Καὶ
531 2926 639 2997 μὴν
662 2924 821 2977 τοῦτο
841 2926 941 2977 οὐκ
967 2924 1048 2976 ἐτι
1068 2925 1096 2964 ιι
1129 2926 1569 2996 προτρεπομένου
1615 2926 1706 2979 ἐπὶ
1744 2926 1836 2979 τὸν
1869 2926 1964 2978 θά-

374 3027 542 3063 νατον
575 3009 767 3062 ἐλθεῖν.
804 3008 1055 3062 Μάλιστα
1092 3008 1188 3078 μὲν
1218 3004 1309 3060 οὖν
1349 3009 1810 3079 προτρεπομένου.
1844 3010 1962 3062 Ἵνα

386 3095 498 3163 γάρ
526 3094 601 3165 μὴ
630 3092 883 3161 λέγωσιν,
914 3093 996 3145 ὅτι
1029 3092 1201 3153 Αὐτὸς
1231 3091 1335 3155 ἔξω
1357 3092 1465 3143 τῶν
1499 3091 1705 3145 ὠδίνων
1742 3090 1818 3145 ὢν
1853 3091 1963 3147 τῶν

385 3176 741 3248 ἀνθρωπίνων
762 3215 776 3240 ,
817 3174 1053 3238 εὐκόλως
1083 3176 1211 3243 περὶ
1254 3174 1482 3226 θανάτου
1517 3173 1833 3241 φιλοσοφεῖ,
1869 3176 1963 3229 xu).

386 3264 520 3332 ἡμῖν
547 3259 606 3324 ἐξ
632 3258 913 3313 ἀκινδύνου
932 3260 1207 3326 παραινεῖ,
1236 3257 1505 3311 δείκνυσιν
1527 3258 1607 3309 ὅτι
1633 3256 1807 3309 καίτοι
1823 3258 1965 3325 ἀγω-

385 3345 514 3399 νιῶν
544 3345 739 3407 αὑτὸν,
772 3344 921 3413 ὅμως
966 3341 1054 3394 διά
1082 3341 1141 3393 τὸ
1186 3342 1456 3411 χρήσιμον
1486 3341 1548 3393 ού
1594 3344 1960 3412 παραιτεῖται.

385 3429 569 3483 Ταῦτα
600 3428 657 3480 δέ
683 3427 783 3497 τῆς
812 3423 1118 3493 οἰκονομίας
1149 3425 1314 3486 ἐστὶν,
1339 3423 1399 3474 οὐ
1429 3422 1530 3492 τῆς
1565 3423 1835 3495 θεότητος.
1862 3425 1961 3479 Διά

385 3511 542 3565 τοῦτό
568 3526 737 3580 φησι·
770 3508 899 3562 Νῦν
920 3506 958 3573 ἡ
995 3504 1162 3574 ψυχή
1188 3524 1306 3574 μου
1337 3504 1704 3573 τετάρακται·
1732 3507 1875 3577 (ἐπεὶ¹
1912 3510 1960 3561 εί

391 3595 465 3666 μὴ
493 3594 649 3648 τοῦτό
677 3595 814 3654 ἐστι,
846 3591 1006 3644 ποίαν
1032 3588 1351 3641 ἀκολουθίαν
1381 3587 1494 3657 ἔχει
1522 3588 1581 3640 τὸ
1613 3588 1800 3659 λεχθὲν
1823 3631 1836 3653 ,
1868 3592 1963 3644 καὶ

386 3680 448 3733 τὸ
471 3680 644 3731 εἰπεῖν
660 3695 674 3709 ·
701 3675 914 3742 Πάτερ,
938 3671 1145 3727 σῶσόν
1162 3688 1239 3738 με
1267 3671 1335 3723 ἐκ
1366 3669 1474 3738 τῆς
1495 3670 1649 3740 ὥρας
1677 3675 1896 3741 ταύτης
1920 3675 1961 3742 ;)

388 3763 483 3816 xu).
511 3759 654 3815 οὕτω
694 3760 1051 3830 τετάρακται,
1082 3755 1157 3817 ὡς
1187 3755 1280 3807 xu).
1323 3755 1644 3826 ἀπαλλαγὴν
1677 3755 1879 3827 ζητεῖν,
1913 3757 1967 3810 εί

388 3864 453 3917 γε
478 3846 603 3916 ἐνῆν
633 3845 933 3913 διαφυγεῖν.

461 3929 525 3998 β’.
541 3926 725 3979 Ταῦτα
749 3927 846 3996 τῆς
872 3922 1215 3993 ἀνθρωπίνης
1246 3921 1458 3990 φύσεως
1487 3921 1554 3975 τὰ
1589 3921 1959 3992 ἀσθενήματα.

400 4010 539 4064 Ἀλλ’
577 4010 677 4063 οὐκ
717 4008 825 4078 ἔχω
854 4006 904 4058 τί
933 4008 1089 4071 εἴπω,
1123 4006 1319 4075 φησὶν,
1349 4004 1668 4076 ἀπαλλαγὴν
1707 4006 1965 4075 αἰτούμε-

388 4114 498 4158 νος.
527 4095 628 4148 Διὰ
654 4092 762 4164 γὰρ
790 4091 964 4144 τοῦτο
1011 4085 1203 4159 ἦλθον
1246 4091 1332 4154 είς
1376 4088 1491 4156 τὴν
1521 4089 1679 4156 ὤραν
1702 4090 1925 4158 ταύτην
1944 4107 1959 4119 ο

389 4179 590 4232 ὡσανεὶ
632 4176 818 4244 έλεγε·
849 4172 967 4227 Κᾶν
999 4170 1377 4243 θορυϐώμεθα,
1413 4170 1518 4224 κᾶν
1543 4170 1958 4241 ταραττώμεθα,

391 4262 469 4334 μὴ
497 4260 785 4330 φεύγωμεν
808 4256 1035 4311 θάνατον
1060 4272 1073 4286 ·
1096 4254 1217 4309 ἐπεὶ
1247 4253 1402 4322 κάγὼ
1425 4254 1517 4305 νῦν
1543 4255 1963 4323 ταραττόμενος,

387 4347 450 4398 ού
478 4345 620 4413 λέγω
665 4341 806 4395 ὥστε
837 4341 1059 4408 φυγεῖν·
1091 4338 1171 4392 δεῖ
1213 4337 1321 4407 γὰρ
1352 4336 1537 4406 φέρειν
1574 4336 1634 4389 τὸ
1667 4338 1838 4391 ἐπιόν.
1889 4338 1961 4389 Οὐ

388 4428 551 4495 λέγω,
594 4421 924 4487 Ἀπόλλαξόν
956 4438 1023 4491 με
1048 4421 1112 4472 ἐκ
1140 4420 1242 4489 τῆς·
1266 4418 1414 4489 ὧρας
1454 4420 1686 4488 ταύτης.
1716 4420 1851 4473 ἀλλὰ
1881 4422 1962 4485 TE;

388 4513 604 4581 Πάτερ,
625 4510 895 4574 δόξασόν
915 4524 1030 4561 σου
1056 4504 1124 4559 τὸ
1149 4505 1355 4574 ὄνομα.
1386 4504 1578 4557 Καίτοι
1601 4505 1700 4575 τῆς
1717 4505 1965 4576 ταραχῆς

391 4597 545 4651 τοῦτο
571 4592 983 4664 ἀναγκαζούσης
1006 4590 1207 4659 λέγειν,
1235 4589 1295 4642 τὸ
1327 4587 1567 4651 ἐναντίον
1594 4588 1757 4658 λέγω,
1789 4591 1967 4654 Δόξα-

390 4682 508 4735 σόν
537 4696 653 4734 σου
675 4679 742 4732 τὸ
791 4676 979 4744 ὄνομα
1000 4690 1021 4709 ·-
1050 4673 1345 4736 τουτέστιν,
1385 4674 1592 4741 Ἀγαγε
1642 4672 1826 4727 λοιπὸν
1871 4675 1965 4728 ἐπὶ

389 4764 479 4817 τὸν
533 4760 793 4831 σταυρόν·
839 4757 873 4810 δ
900 4757 1034 4810 πολὺ
1062 4755 1124 4808 τὸ
1172 4754 1510 4826 ἀνθρώπινον
1562 4754 1960 4821 ἐπιδείκνυται,

390 4851 485 4903 xu).
512 4850 609 4919 τὴν
636 4844 784 4920 μοε]
811 4843 973 4914 φύσιν
1004 4842 1077 4913 μὴ
1116 4841 1443 4910 βουλομένην
1477 4841 1766 4896 ἀποθανεῖν
1786 4883 1800 4907 ,
1826 4843 1964 4897 ἀλλά

389 4932 489 5002 τῆς
514 4928 795 4999 παρούσης
823 4924 1190 4995 ἀντεχομένην
1233 4923 1376 4992 ζωῆς
1400 4938 1414 4953 ·
1461 4925 1696 4987 δεικνὺς,
1734 4926 1817 4978 ὅτι
1864 4926 1964 4979 οὐκ

391 5015 497 5080 ἔξω
527 5014 634 5068 τῶν
684 5011 1041 5083 ἀνθρωπίνων
1094 5008 1283 5062 παθῶν
1334 5004 1423 5078 ἦν.
1483 5009 1691 5079 ’Ὠσπερ
1740 5011 1847 5081 γὰρ
1905 5011 1965 5064 τὸ

320 5164 323 5167 Α
392 5100 582 5169 πεινῇν
614 5095 1010 5166 οὐκ-ἔγκλημα,
1044 5092 1165 5144 ούδέ
1190 5090 1253 5143 τὸ
1298 5090 1606 5143 καθεύδειν·
1639 5091 1810 5156 οὔτως
1842 5094 1963 5145 οὐδὲ

318 5260 344 5312 ,1

326 5399 357 5440 Τ

304 5560 371 5593 ..λυ-

392 5181 453 5234 τὸ
476 5183 575 5252 τῆς
595 5180 877 5252 παρούσης
904 5180 1047 5247 ζωῆς
1074 5174 1337 5244 ἐφίεσθαι.
1384 5174 1440 5227 Ὀ
1461 5175 1516 5226 δέ
1543 5176 1774 5245 Χριστὸς
1806 5178 1965 5245 σῶμα

393 5254 635 5337 καθαρὸν
689 5263 1100 5333 ἁμαρτημάτων
1148 5253 1311 5327 εἶχεν,
1339 5259 1457 5326 οὐχὶ
1491 5259 1735 5337 φυσικῶν
1783 5260 1966 5328 ἀναγα-

341 5382 357 5417 ~_
394 5348 507 5401 κῶν
550 5345 994 5417 ἀπηλλαγμένον·
1034 5343 1158 5395 ἐπεὶ
1190 5340 1296 5393 οὐδ’
1326 5340 1390 5393 ἂν
1426 5341 1581 5411 σῶμα
1616 5336 1702 5411 ἦν.
1757 5344 1857 5394 Διά
1901 5341 1965 5413 δὴ

344 5427 348 5478 ἶ
391 5429 733 5484 τούτωνκαὶ
786 5427 970 5497 ἕτερόν
1020 5444 1073 5479 τι
1119 5423 1424 5477 ἐπαίδευσε.
1480 5426 1639 5477 Ποῖον
1672 5424 1735 5493 δὴ
1771 5426 1963 5490 τοῦτο;

395 5514 535 5577 Ἵνα,
591 5513 644 5565 εἴ
692 5528 821 5564 ποτε
874 5513 930 5563 ἐν
984 5508 1155 5577 ἀγῶνι
1188 5506 1593 5575 κατασταίημεν
1635 5507 1729 5559 xu)
1773 5506 1964 5578 δειλίᾳ,

398 5597 533 5668 μηδέ
604 5593 779 5655 οὕτως
845 5592 1286 5662 ἀποπηδήσωμεν
1373 5589 1481 5641 τῶν
1566 5592 1962 5660 προκειμένων.

398 5682 617 5749 Πάτερ,
689 5678 959 5742 δόξασόν
1034 5690 1150 5729 σου
1225 5673 1293 5727 τὸ
1370 5672 1577 5741 ὄνομα.
1650 5674 1965 5740 Δείκνυσιν,

461 5908 486 5940 ⁸
512 5905 611 5959 Alli
634 5904 956 5967 ἐφαντάζοντο.
1025 5899 1050 5938 b
1075 5900 1219 5948 Savll.
1262 5898 1347 5946 οὐκ
1375 5898 1494 5949 ἔστι,
1541 5896 1709 5946 Mone].
1736 5898 1822 5946 οὐκ
1842 5900 1927 5949 ἔτι.

1386 301 1453 358 ΙΝ
1488 301 1806 360 JOANNEM
1840 302 2072 359 HOMIL.
2113 305 2317 362 LXVII.
2358 311 2429 366 aI.
2458 304 2663 391 LXVI,

2056 418 2138 470 ὅτι
2203 421 2344 492 ὑπὲρ
2417 422 2676 494 ἀληθείας
2741 418 3103 490 ἀποθνήσκει,
3183 416 3343 485 δόξαν
3403 417 3483 483 είς
3533 417 3629 474 τὸν

2056 503 2186 556 Θεὸν
2225 504 2284 557 τὸ
2325 506 2558 576 πρᾶγμα
2604 503 2807 559 καλῶν.
2845 504 2957 577 lia)
3004 501 3163 554 τοῦτο
3210 500 3492 554 συνέϐαινε
3530 519 3629 571 με-

2054 586 2123 639 τὰ
2152 586 2243 640 τὸν
2272 589 2524 659 σταυρόν.
2559 588 2822 658 ’Ἐμελλεν
2847 585 3198 657 ἐπιστρέφειν
3241 586 3274 655 ἡ
3309 586 3625 655 οἰκουμένη,

2054 669 2148 724 καὶ
2177 671 2463 741 γνωρίζειν
2485 671 2545 725 τὸ
2576 672 2744 741 ὄνομα
2768 669 2860 723 τοῦ
2898 668 3033 722 Θεοῦ
3057 668 3152 721 καὶ
3180 666 3503 740 θεραπεύειν
3530 669 3629 721 αύ-

2050 753 2142 806 τόν
2162 770 2175 782 ·
2209 755 2387 809 καίτοι
2414 755 2474 808 οὐ
2502 754 2560 807 τὸ
2592 755 2685 807 τοῦ
2718 752 2928 824 Πατρός
2961 752 3140 823 μόνον,
3168 752 3303 805 ἀλλά
3326 752 3422 805 καὶ
3449 751 3511 804 τὸ
3534 750 3628 805 τοῦ

2057 836 2189 889 Υἱοῦ
2211 853 2224 868 ·
2255 837 2370 890 ἀλλ’
2404 838 2553 908 ὅμως
2587 836 2746 889 τοῦτο
2788 837 2934 906 σιγᾷ.
2963 831 3184 889 Ἦλθεν
3210 830 3324 889 οὖν
3351 833 3520 903 φωνὴ
3558 835 3629 890 ἐκ

2052 920 2171 974 τῶν
2206 921 2480 988 οὐρανῶν
2502 938 2516 951 ·
2549 921 2657 975 Καὶ
2697 921 2981 985 ἐδόξασα,
3012 908 3328 973 καῖπάλιν
3359 919 3624 983 δοξάσω.

2052 1004 2162 1059 Ποῦ
2190 1005 2473 1071 ἐδόξασεν;
2512 1005 2599 1057 Ἐν
2634 1007 2747 1068 τοῖς
2777 1004 2886 1075 πρὸ
2917 1003 3124 1056 τούτων
3158 1002 3487 1072 γενομένοις.
3517 1004 3632 1055 Καὶ

2054 1089 2217 1142 πάλιν
2245 1088 2453 1153 δοξάσω
2487 1088 2625 1158 μετά
2656 1088 2748 1142 τὸν
2780 1087 3033 1157 σταυρόν.
3079 1087 3143 1139 Τί
3178 1084 3271 1139 οὖν
3300 1089 3328 1139 6
3358 1088 3629 1157 Χριστός;

2060 1176 2142 1226 Οὐ
2182 1173 2256 1226 δι’
2293 1173 2397 1241 ἐμὲ
2424 1174 2461 1241 ἡ
2491 1173 2659 1241 φωνὴ
2682 1174 2831 1241 αὕτη
2859 1172 3127 1241 γέγονεν,
3157 1172 3319 1225 ἀλλὰ
3347 1172 3423 1224 δι’
3448 1170 3628 1240 ὑμᾶς.

2067 1257 2292 1309 Ἐκεῖνοι
2321 1257 2378 1309 δὲ
2418 1257 2646 1327 βροντὴν
2672 1257 2932 1327 ἐνόμισαν
2959 1252 3120 1317 εἶναι,
3154 1255 3187 1324 ἢ
3215 1254 3445 1323 ἄγγελον
3480 1256 3630 1327 αὐτῷ

2053 1338 2426 1410 λελαληκέναι.
2452 1341 2562 1393 Καὶ
2585 1340 2748 1392 πόθεν
2772 1340 2931 1392 τοῦτο
2960 1340 3250 1410 ἐνὸμισαν;
3279 1341 3354 1410 μὴ
3382 1339 3490 1409 γὰρ
3510 1341 3633 1411 οὐχὶ

2053 1422 2221 1493 τρανὴ
2246 1425 2339 1476 xu).
2372 1422 2609 1493 εὔσημος
2637 1419 2703 1493 ἦν
2736 1426 2767 1494 ἠ
2807 1424 2956 1494 φωνή
2980 1440 2994 1489 ;
3030 1423 3189 1476 Ἀλλά
3214 1423 3423 1493 ταχέως
3452 1425 3633 1477 αὐτῶν

2054 1506 2308 1576 ἀπέπτη,
2362 1506 2459 1559 ἅτε
2498 1507 2818 1579 παχυτέρων
2859 1505 3027 1560 ὄντων
3074 1508 3166 1559 καὶ
3214 1507 3490 1576 σαρκικῶν
3537 1509 3633 1563 καὶ

2056 1589 2337 1660 ῥᾳθύμων.
2392 1591 2500 1642 Καὶ
2525 1592 2573 1642 οἱ
2602 1591 2698 1660 μὲν
2729 1592 2819 1643 τὸν
2849 1586 2980 1660 ἦχον
3026 1594 3274 1660 κατεῖχον
3295 1607 3308 1621 ·
3342 1592 3391 1643 οἱ
3424 1591 3513 1651 δέ,
3548 1592 3634 1647 ὅτι

2060 1673 2158 1742 μὲν
2184 1668 2540 1744 ἔναρθρος-ἦν
2569 1674 2603 1743 ἡ
2632 1672 2814 1743 φωνὴ,
2846 1673 3069 1745 ᾔδεσαν·
3119 1674 3169 1725 τί
3212 1674 3269 1725 δὲ
3310 1675 3630 1744 ἐσήμαινεν,

2056 1756 2155 1808 οὐκ
2189 1756 2288 1808 ἔτι.
2323 1756 2387 1808 Τί
2414 1752 2507 1809 οὖν
2540 1758 2569 1809 6
2597 1757 2867 1828 Χριστός;
2899 1759 2980 1810 Οὺ
3002 1757 3075 1809 δι’
3095 1758 3199 1825 ἐμὲ
3228 1759 3265 1826 η
3286 1758 3454 1826 φωνὴ
3479 1758 3631 1825 αὕτη

2056 1840 2321 1909 γέγονεν,
2361 1840 2521 1894 ἀλλὰ
2560 1840 2636 1893 δι’
2666 1840 2837 1910 ὑμᾶς.
2863 1840 2962 1893 Διά
2989 1841 3057 1895 τί,
3082 1841 3240 1895 τοῦτο
3272 1836 3460 1905 εἴπεν;
3489 1842 3637 1912 Πρὸς

2057 1924 2233 1977 ἐκεῖνο
2266 1925 2612 1995 ἐνιστάμενος
2632 1936 2652 1963 ε
2688 1926 2716 1977 δ
2746 1925 2931 1993 ἔλεγον
2980 1926 3066 1979 ἀεὶ
3091 1966 3105 1987 ,
3140 1927 3220 1978 ὅτι
3251 1926 3350 1977 οὐκ
3380 1924 3523 1979 ἔστιν
3568 1928 3639 1982 ἐκ

2056 2007 2147 2059 τοῦ
2195 2007 2353 2060 Θεοῦ.
2392 2008 2451 2061 '0
2482 2008 2592 2079 γὰρ
2638 2009 2741 2062 ὑπὸ
2785 2008 2877 2061 τοῦ
2914 2008 3049 2062 Θεοῦ
3080 2007 3460 2079 δοξαζόμενος,
3517 2008 3633 2074 πῶς

2056 2092 2155 2144 ούκ
2184 2090 2330 2145 ἐστιν
2359 2093 2424 2144 ἐκ
2456 2090 2549 2144 τοῦ
2578 2092 2738 2155 Θεοῦ,
2783 2085 2846 2159 ,οὗ
2873 2091 2932 2145 τὸ
2976 2091 3145 2160 ὄνομα
3192 2093 3261 2145 δι’
3288 2094 3450 2147 αὐτὸν
3478 2092 3635 2157 δοξάστ

2057 2172 2240 2239 (erat;
2287 2173 2385 2227 Διά
2415 2175 2522 2245 γάρ
2550 2175 2709 2228 τοῦτο
2744 2177 2839 2228 xu).
2876 2178 2908 2246 ἡ
2959 2178 3109 2246 φωνὴ
3158 2177 3380 2249 ἠνέχθη.
3413 2178 3503 2230 Διὸ
3534 2178 3631 2230 καὶ

2056 2256 2217 2320 αὐτός
2257 2274 2442 2328 φησιν,
2480 2261 2562 2311 Οὐ
2595 2258 2670 2310 δι’
2715 2257 2820 2325 ἐμὲ
2861 2259 2899 2325 ἡ
2943 2259 3113 2327 φωνὴ
3165 2261 3315 2327 αὕτη
3356 2263 3639 2329 γέγονεν..

2056 2340 2217 2395 ἀλλὰ
2254 2341 2328 2394 δι’
2362 2339 2517 2409 ὑμᾶς
2542 2351 2555 2373 ⁶
2595 2343 2693 2412 ούχ
2722 2342 2809 2394 ἵνα
2838 2342 2949 2410 ἐγὼ
2987 2342 3144 2414 μάθω
3169 2362 3220 2396 τι
3255 2345 3462 2411 ἀγνοῶν
3499 2345 3638 2415 παρ’.

2059 2424 2227 2493 αὐτῆς
2275 2425 2494 2494 (πάντα
2528 2424 2638 2495 γάρ
2662 2419 2799 2499 αοῖδα
2830 2424 2899 2479 τὰ
2934 2424 3030 2478 τοῦ
3062 2427 3275 2498 [lu-:96;
3301 2432 3317 2493 )
3343 2466 3357 2491 ,
3385 2427 3523 2481 άλλά
3563 2428 3632 2481 δι’

2059 2510 2223 2579 ὑμᾶς.
2280 2509 2495 2580 Ἐπειδὴ
2547 2508 2656 2579 γὰρ
2704 2509 2924 2578 ἔλεγον,
2968 2510 3049 2563 ὅτι
3091 2510 3321 2579 ἄγγελος
3367 2512 3651 2581 ἐλάλησεν-

2058 2593 2226 2663 αὑτῷ,
2260 2593 2293 2663 ἢ
2331 2592 2528 2664 βροντὴ
2575 2595 2789 2661 γέγονε,
2844 2594 2939 2645 xu).
2982 2595 3041 2646 ού
3088 2598 3397 2665 προσεῖχον,
3432 2598 3626 2666 φησὶν,

2057 2678 2141 2731 ὅτι
2162 2678 2240 2729 Δι’
2258 2678 2401 2747 ὑμᾶς
2426 2678 2662 2744 ἐγένετο,
2692 2678 2777 2729 ἵνα
2799 2676 2899 2730 κᾶν
2925 2675 3096 2734 οὕτως
3118 2680 3385 2749 ἐνάγησθε
3418 2680 3552 2751 πρὸς
3572 2682 3645 2738 τὰ

2059 2762 2329 2833 ἐρωτῆσαι
2353 2762 2403 2814 τί
2429 2762 2489 2813 τὸ
2523 2761 2727 2830 λεχθέν.
2758 2762 2821 2813 Οί
2854 2760 2910 2814 δὲ
2942 2762 3284 2832 ἐπτοημένοι,
3312 2764 3432 2816 ούδέ
3461 2764 3633 2829 οὕτως

2058 2845 2341 2907 ἐπύθοντο,
2386 2844 2713 2907 ἀκούσαντες
2752 2845 2832 2896 ὅτι
2862 2845 3043 2908 αὐτοῖς
3074 2846 3265 2915 ἀνήκει
3291 2846 3351 2900 τὸ
3377 2849 3629 2918 πρᾶγμα.

2059 2929 2149 2999 Τῷ
2168 2928 2277 2998 γὰρ
2299 2927 2399 2981 οὐκ
2425 2928 2584 2981 εἰδότι
2608 2928 2743 2997 πρὸς
2765 2928 2792 2980 ὂ
2817 2928 3053 2995 ἐλέγετο,
3081 2929 3305 2992 είκότως
3333 2931 3432 2983 ούκ
3461 2929 3635 2983 ἐδόκει

2058 3010 2300 3081 εὔσημος
2332 3007 2468 3062 εἶναι
2499 3012 2531 3079 ὴ
2576 3011 2750 3080 φωνή.
2786 3011 2864 3063 Δι’
2894 3005 3049 3080 ὑμᾶς
3081 3013 3120 3079 ἡ
3154 3012 3322 3081 φωνὴ
3362 3013 3641 3081 γέγονενί

2072 3094 2236 3165 Ὁρᾷς
2270 3093 2352 3146 ὃτι
2381 3093 2451 3144 τὰ
2474 3091 2704 3145 ταπεινά
2734 3093 2802 3146 δι’
2832 3094 3028 3158 αὐτοὺς
3059 3096 3289 3162 γίνεται,
3321 3096 3419 3165 οὐχ
3441 3095 3517 3158 ὼς
3538 3096 3634 3148 τοῦ

2060 3177 2191 3229 Υἱοῦ
2245 3176 2498 3247 δεομένου
2561 3175 2847 3246 βοηθείας;
2891 3177 3023 3231 Νῦν
3080 3179 3278 3244 κρίσις
3332 3178 3467 3232 ἐστὶ
3524 3180 3634 3234 τοῦ
3678 3168 3681 3171 ’

2060 3264 2293 3330 κόσμου
2345 3262 2580 3314 τούτου.
2634 3259 2769 3313 Νῦν
2810 3260 2879 3313 δὲ
2937 3264 2969 3315 ό
3009 3260 3207 3330 ἅρχων
3248 3262 3353 3316 τοῦ
3402 3263 3637 3331 κόσμου

2058 3348 2274 3399 τούτου
2308 3345 2463 3398 κάτω
2491 3345 2892 3412 βληθήσεται.
2929 3344 3109 3398 Τοῦτο
3127 3346 3286 3399 ποίαν
3311 3345 3638 3399 ἀκολουθίαν

2060 3433 2173 3502 ἔχει
2200 3432 2333 3501 πρὸς
2374 3431 2455 3492 τὺ,
2494 3431 2803 3495 Ἐδόξασα,
2851 3429 2950 3482 καὶ
2991 3429 3266 3493 δοξάσω;
3302 3430 3510 3501 Πολλὴν
3542 3434 3639 3485 καὶ

2060 3516 2268 3585 σφόδρα
2314 3513 2657 3584 συνᾴδουσαν.
2721 3512 2937 3582 Ἐπειδὴ
2978 3510 3084 3580 γάρ
3131 3508 3291 3579 εἷπε,
3349 3512 3634 3578 Δοξάσω,

2059 3597 2297 3651 δείκνυσι
2334 3601 2426 3648 καὶ
2460 3597 2549 3648 τὸν
2578 3595 2777 3664 τρόπον
2814 3594 2915 3664 τῆς
2953 3595 3129 3665 δόξης.
3159 3596 3254 3658 Τίς
3288 3594 3344 3647 δὲ
3371 3598 3400 3649 6
3437 3597 3639 3665 τρόπος

2061 3682 2246 3745 ἐστίν;
2284 3680 2522 3741 Ἐκεῖνος
2546 3677 2921 3746 Βληθήσεται
2949 3676 3126 3739 κάτω,
3157 3679 3309 3746 φησί.
3338 3679 3402 3730 Τί
3423 3678 3479 3730 δέ
3498 3681 3641 3744 ἐστι,

2060 3764 2270 3831 Κρὶσις
2315 3761 2445 3815 ἐστὶ
2490 3761 2597 3814 τοῦ
2643 3763 2874 3828 κόσμου
2913 3761 3127 3813 τούτου
3150 3777 3170 3825 ;
3202 3760 3417 3813 Ὠσανεὶ
3453 3762 3647 3829 έλεγει

2060 3848 2422 3916 Δικαστήριον
2452 3844 2602 3896 ἔσται
2637 3843 2731 3895 καὶ
2759 3841 3058 3912 ἐκδίκησις.
3090 3843 3214 3906 Πῶς
3242 3845 3336 3896 καὶ
3374 3844 3479 3896 τίνι
3512 3846 3639 3916 τρό-

2063 3949 2148 4000 πῳ
2170 3946 2184 3993 ;
2211 3928 2411 3982 Ἀνεῐλε
2436 3928 2527 3980 τὸν
2549 3926 2763 3997 πρῶτον
2790 3924 3098 3996 ἄνθρωπον,
3127 3925 3427 3979 ὑπεύθυνον
3457 3927 3659 3980 λαϐὼν..

2056 4016 2126 4083 τῇ
2163 4010 2406 4083 ἁμαρτία
2465 4009 2605 4080 (Διὰ
2649 4009 2759 4079 γὰρ
2792 4007 2903 4078 τῆς
2949 4009 3236 4077 ἁμαρτίας
3275 4009 3561 4076 εἰσῆλθεν
3605 4015 3639 4065 ό

2062 4095 2348 4163 θάνατος)
2370 4112 2382 4123 ·
2415 4095 2472 4145 ἐν
2503 4093 2624 4163 ἐμοὶ
2652 4092 2809 4144 τοῦτο
2836 4093 2935 4162 οὺχ
2975 4087 3123 4163 εὗρε.
3151 4090 3307 4155 Τίνος
3339 4090 3430 4144 οὖν
3451 4092 3637 4145 ἕνεκεν

2061 4177 2381 4247 ἐνεπήδησε,
2417 4176 2511 4228 καὶ
2548 4174 2761 4244 θανάτῳ
2790 4174 3109 4244 παρέδωκε;
3156 4174 3300 4236 τίνος
3344 4175 3527 4228 ἕνεκεν
3557 4177 3639 4237 είς

2062 4259 2160 4327 τὴν
2198 4256 2367 4308 Ἰούδα
2399 4254 2574 4324 ψυχὴν
2617 4247 2871 4307 ἐνέϐαλεν
2906 4253 3046 4306 ὥστε
3088 4270 3153 4324 με
3187 4254 3432 4319 ἀνελεῖν;
3483 4254 3635 4328 [405]

2062 4339 2154 4407 Μὴ
2183 4336 2291 4406 γάρ
2328 4352 2415 4405 μοι
2446 4337 2605 4404 είπῃς
2629 4334 2741 4394 νῦν.
2779 4335 2859 4386 ὅτι
2885 4336 2913 4386 6
2943 4333 3073 4395 Θεὸς
3099 4334 3417 4403 ᾡκονόμησε
3438 4352 3451 4365 ·
3478 4333 3639 4388 τοῦτο

2062 4421 2173 4490 γὰρ
2205 4420 2264 4471 ού
2299 4417 2395 4470 τοῦ
2428 4417 2698 4481 διαϐόλου,
2742 4416 2877 4469 ἀλλά
2905 4416 3000 4485 τῆς
3031 4415 3194 4469 αὑτοῦ
3236 4418 3425 4484 σοφίας
3447 4433 3460 4449 ·
3500 4418 3638 4479 τέως

2063 4502 2274 4555 ἐκείνου
2312 4503 2344 4571 ἡ
2386 4499 2580 4571 γνώμη
2612 4498 2950 4565 ἐξεταζέσθω
2977 4499 3070 4550 τοῦ
3096 4498 3364 4570 Πονηροῦ.
3394 4499 3518 4563 Πῶς
3543 4496 3649 4553 οὖν,

2063 4585 2311 4656 κρίνεται
2335 4587 2362 4637 ὀ
2390 4584 2591 4654 κόσμος
2621 4583 2679 4635 ἐν
2702 4581 2856 4651 ἐμοί;
2898 4582 3112 4636 Ὠσανεὶ
3133 4582 3479 4653 δικαστηρίου
3501 4583 3637 4641 καθπ

2063 4669 2355 4739 εζομέναυ,
2400 4667 2719 4738 λεχθήσεται
2764 4667 2901 4734 πρὸς
2942 4666 3141 4729 αὑτὸν,
3185 4667 3399 4729 Ἔστω,
3430 4669 3642 4735 πάντας

2062 4752 2290 4816 ἀνεῖλες,
2336 4750 2425 4803 διά
2454 4750 2513 4803 τὸ
2541 4748 2863 4819 ἁμαρτίαςά
2914 4748 3247 4812 ὑπευθύνους
3290 4751 3499 4819 εὑρεῖν·
3546 4752 3638 4804 τὸν

2062 4836 2297 4908 Χριστὸν
2313 4833 2455 4888 διατί
2478 4834 2724 4899 ἀνεῖλες;
2756 4834 2856 4886 οὐκ
2885 4831 3104 4905 εὔδηλον
3128 4835 3209 4887 ὅτι
3237 4835 3438 4899 ἀδίκως
3459 4852 3474 4900 ;
3499 4837 3643 4893 00x:-

2063 4922 2156 4977 οὖν
2187 4922 2257 4981 δι’
2289 4919 2455 4977 αὑτοῦ
2485 4918 2903 4990 ἐκδικηθήσεται
2933 4920 2960 4971 6
2986 4918 3187 4987 κόσμος
3231 4919 3395 4983 ἅπας.
3428 4921 3547 4973 Ἵνα
3579 4921 3651 4977 δὲ,

2065 5009 2157 5065 καὶ
2218 5005 2550 5081 σαφέστερον
2600 4999 2665 5077 ᾖ,
2718 5007 2811 5056 καὶ
2862 5005 2955 5056 ἐπὶ
3011 5003 3449 5075 παραδείγματος
3506 5006 3645 5061 αὐτὸ,

2070 5091 2278 5160 ποιήσω
2308 5088 2567 5160 φανερόν·
2590 5088 2770 5139 Ἔστω
2797 5104 2877 5150 τις
2907 5087 3077 5157 βίαιος
3104 5087 3365 5156 τύραννος
3385 5129 3400 5152 ,
3430 5090 3640 5153 πάντας

2063 5174 2191 5235 τοὺς
2220 5172 2591 5243 ἐμπίπτοντας
2623 5171 2834 5239 μυρίοις
2864 5169 3204 5241 περιϐάλλων
3231 5174 3441 5233 κακοῖς.
3471 5165 3645 5235 Οὗτος

2065 5256 2160 5308 ἐάν
2194 5254 2484 5325 συμϐαλὼν
2519 5253 2745 5323 βασιλεῖ,
2784 5252 2946 5323 ἢηυίῷ
2970 5252 3253 5323 βασιλέως,
3288 5254 3452 5327 ἀνέλῃ
3477 5255 3647 5307 αὑτὸν-

2065 5339 2332 5403 ἀδίκως,ό
2362 5338 2570 5391 ἐκείνου
2601 5337 2829 5399 θάνατος
2857 5336 2952 5388 καὶ
2980 5337 3107 5399 τοὺς
3137 5337 3330 5400 ἄλλους
3352 5338 3639 5409 ἐκδικῆσαι

2066 5424 2377 5495 δυνήσεται.
2418 5423 2599 5475 Ἔστω
2646 5438 2727 5489 τις
2768 5421 3051 5490 ὀφειλέτας
3097 5423 3363 5487 ἀπαιτῶν,
3408 5425 3502 5477 xu).
3547 5442 3641 5477 τυ-

2068 5506 2271 5571 πτέτω,
2300 5507 2392 5558 καὶ
2427 5507 2507 5568 είς
2536 5504 2911 5576 δεσμωτήριον
2936 5505 3273 5575 ἐμϐαλλέτω·
3305 5502 3423 5559 εἶτα
3454 5508 3517 5559 ἐκ
3539 5510 3640 5578 τῆς

2068 5592 2240 5661 αὐτῆς
2275 5589 2531 5652 ἀπονοίας
2557 5591 2652 5641 καὶ
2684 5589 2775 5641 τὸν
2802 5589 2954 5642 οὐδὲν
2980 5589 3259 5657 ὀφείλοντα
3288 5590 3391 5642 ὑπὸ
3411 5590 3511 5661 τὴν
3542 5591 3641 5642 αὺ-

2068 5676 2166 5745 τὴν
2202 5673 2425 5744 εἱρκτὴν
2470 5673 2670 5741 ἀγέτω.
2717 5668 2886 5737 Οὗτος
2934 5676 3028 5727 καὶ
3052 5667 3126 5727 ὧν
3168 5676 3247 5737 είς
3285 5674 3408 5737 τοὺς
3447 5675 3641 5738 ἀλλους

2135 5841 2157 5867 ε
2209 5838 2305 5904 Alii
2355 5836 2505 5904 έκεῖνο
2544 5838 2809 5904 ἱστάμενος.
2876 5836 2901 5875 d
2933 5838 3329 5904 PulatﬂSavilius
3372 5831 3667 5904 lvgcnduml

2070 5900 2337 5964 ἁμαρτίαις.
2362 5900 2539 5959 llecLe,
2572 5900 2675 5948 sed
2695 5903 2959 5951 reclamant
2998 5900 3203 5951 codices
