4100 6362
473 312 580 368 575

473 429 735 500 ἐποίησε,
774 430 933 486 δώσει
976 433 1167 505 δίκην·
1214 440 1500 511 ἀναιρήσει
1550 442 1660 515 γὰρ
1700 444 1864 497 αὑτὸν
1913 446 2055 497 ἐκεῖ·

471 529 562 576 νος
580 526 629 568 ιι,
1206 546 1219 557 .

542 600 610 665 γ’.
642 598 797 651 οὕτω
822 600 914 653 καὶ
943 603 1033 654 ἐπὶ
1053 602 1193 657 Υίοῦ
1232 606 1473 675 γέγονεν.
1502 602 1604 664 Ὧν
1644 611 1752 683 γὰρ
1784 615 1864 675 είς
1910 615 2055 683 ὑμᾶς

469 680 725 752 ἐποίησεν
746 686 773 736 6
805 684 1071 753 διάϐολος,
1113 689 1180 740 δι’
1222 684 1297 742 ὧν
1321 694 1401 754 εἰς
1427 693 1519 745 τὸν
1560 680 1797 765 Χριστὸν
1824 680 2054 768 ἐτόλμη-

470 782 585 830 σεν,
615 768 1049 839 ἀπαιτηθήσεται
1089 771 1268 845 δίκην.
1301 776 1410 828 Καὶ
1438 778 1519 831 ὅτι
1549 780 1707 832 τοῦτο
1738 780 2050 846 αἰνίττεται,

467 848 702 904 ἄκουσον
724 851 775 903 τί
804 871 969 923 φησι·
1001 855 1134 909 Νῦν
1161 861 1194 911 ὁ
1216 858 1420 928 ἄρχων
1436 862 1542 917 τοῦ
1571 865 1806 933 κόσμου
1837 868 2053 921 τούτου

461 934 843 1019 ,βληθήσεται
884 938 1065 1003 κάτω,
1100 941 1185 995 διὰ
1232 945 1324 997 τοῦ
1355 945 1587 1000 θανάτου
1617 948 1709 1001 τοῦ
1742 950 1898 1019 ἐμοῦ.
1940 953 2051 1006 Καὶ

464 1017 582 1085 ἐγὼ
611 1018 679 1071 δὲ
707 1020 816 1073 ἐὰν
852 1022 1092 1091 ὑψωθῶ,
1124 1025 1359 1093 πάντας
1404 1028 1644 1084 ἑλκύσω
1689 1017 1840 1101 πρός
1871 1034 2053 1102 ἐμάν-ι

463 1102 606 1153 τόνθ
639 1104 909 1169 τουτέστι,
944 1108 1040 1159 καὶ
1081 1109 1208 1173 τοὺς
1248 1111 1306 1176 ἐξ
1345 1110 1535 1168 ἐθνῶν.
1586 1115 1696 1168 Καὶ
1729 1115 1819 1168 ἵνα
1860 1120 1932 1187 μή
1967 1135 2052 1182 τις

464 1184 758 1270 εῖπη,Πῶς
792 1186 1120 1261 βληθήσεται
1154 1194 1325 1260 κάτω,
1347 1198 1395 1248 εί
1423 1197 1519 1249 καὶ
1546 1197 1641 1250 σοῦ
1674 1184 2048 1270 περιγίνεταις

462 1265 635 1335 λέγει,
660 1270 733 1322 Οὐ
757 1275 1099 1343 περιγίνεται
1123 1293 1136 1306 ·
1166 1277 1284 1342 πῶς
1313 1278 1422 1349 γὰρ
1448 1280 1541 1334 τοῦ
1576 1282 1671 1336 καὶ
1701 1265 1830 1348 τοὺς
1858 1265 2051 1350 ἄλλους

462 1350 750 1441 ξλκοντοςς
796 1359 907 1411 Καὶ
947 1360 1009 1411 οὐ
1059 1360 1207 1431 λέγει
1240 1364 1340 1433 τὴν
1371 1364 1694 1432 ἀνάστασιν,
1744 1368 1857 1422 ἀλλ’
1885 1369 1915 1423 δ
1951 1370 2050 1441 τῆς

462 1436 814 1523 ἀναστάσεως
844 1442 1006 1495 πλέον
1033 1444 1182 1512 ἐστὶ,
1215 1447 1453 1515 Πάντας
1493 1451 1735 1506 ἑλκύσω
1776 1454 1925 1521 πρὸς
1952 1436 2052 1523 ἐξιλ-

460 1520 668 1573 αυτόν.
711 1523 773 1574 El
809 1525 906 1593 μὲν
933 1526 1039 1599 γὰρ
1073 1523 1261 1592 εἶπεν,
1298 1532 1379 1584 ὅτι
1426 1520 1851 1604 Ἀναστήσομαι.
1896 1520 2050 1593 οῦπω

458 1604 621 1674 δῆλον
644 1606 725 1659 ὅτι
755 1609 847 1661 καὶ
876 1610 1227 1665 πιστεύσουσι
1249 1633 1261 1645 -
1290 1615 1367 1685 τῷ
1396 1616 1452 1668 δὲ
1482 1619 1675 1683 εἰπεῖν,
1711 1622 1792 1674 ὅτι
1821 1624 2049 1676 Πιστεύ-

462 1704 670 1751 σουσιν,
715 1690 1004 1764 ἀμφότερα
1037 1697 1534 1763 συναποδέδεικται,
1570 1702 1651 1755 ὅτι
1686 1704 1780 1757 καὶ
1812 1707 2050 1778 ἀναστή-

462 1789 634 1861 σεται.
662 1773 725 1825 Εί
752 1776 1084 1861 γάρλνεκρὺς
1118 1780 1319 1851 ἔμεινε,
1348 1784 1442 1835 καὶ
1471 1784 1625 1852 ψιλὸς
1650 1786 1935 1857 ἄνθρωπος
1956 1773 2045 1861 ἦν,

459 1855 659 1943 οὐδεὶς
677 1858 751 1943 ἀν
792 1859 1107 1943 ἐπίστευσε.
1156 1864 1394 1931 Πάντας
1418 1868 1659 1923 ἑλκύσω
1692 1855 1843 1939 πρὸς
1869 1855 2049 1943 ἐμαιν-

457 1938 586 1992 τόν.
615 1940 739 2003 Πῶς
783 1936 876 1994 οὖν
912 1960 1114 2014 φησιν,
1154 1949 1237 2000 ὅτι
1286 1951 1314 2001 6
1346 1951 1535 2023 Πατὴρ
1569 1952 1752 2021 ἓλκει;
1807 1956 1889 2009 ὅτι
1922 1958 2048 2010 Υἱοῦ

465 2022 736 2108 ἕλκοντος,
769 2026 959 2097 Πατὴρ
990 2028 1157 2085 έλκει.
1199 2032 1445 2087 Ἑλκύσω
1471 2022 1551 2096 δέ,
1582 2039 1769 2108 φησὶν,
1807 2038 1902 2092 ἅτε
1944 2042 2048 2094 ὑπὸ

457 2107 726 2177 τυράννου
763 2113 1163 2181 κατεχομένους
1188 2155 1203 2177 ,
1256 2118 1351 2170 καὶ
1395 2120 1487 2188 ἀφ’
1524 2107 1735 2174 ἑαυτῶν
1773 2124 1934 2194 μόνον
1985 2125 2047 2178 οὐ

457 2192 791 2263 δυναμένους
832 2198 1151 2266 προσελθεῖν
1176 2238 1190 2261 ,
1231 2203 1327 2254 καὶ
1374 2204 1472 2266 τὰς
1515 2205 1724 2260 ἐκείνου
1768 2192 1955 2279 χεῖρας
1984 2210 2045 2262 οὐ

457 2275 761 2363 διαφυγεῖν,
800 2278 895 2332 ἅτε
938 2281 1324 2353 ἀντεχομένου.
1370 2285 1629 2358 Ἀλλαχοῦ
1660 2289 1717 2344 δὲ
1758 2275 1918 2344 τοῦτο
1947 2294 2048 2363 ἀρ-

456 2360 639 2431 παγὴν
674 2362 851 2415 καλεῖ.
879 2362 1089 2431 Οὐδεὶς
1120 2367 1368 2422 δύναται
1396 2369 1469 2422 τὰ
1501 2374 1692 2440 σκεύη
1733 2373 1839 2428 τοῦ
1869 2360 2045 2444 ἰσχὺ-

455 2445 568 2512 ροῦ
600 2444 947 2512 διαρπάσαι,
987 2448 1098 2503 ἐὰν
1124 2450 1212 2519 μὴ
1258 2451 1496 2521 πρῶτον
1520 2455 1683 2525 δήσῃ
1718 2457 1826 2511 τὸν
1872 2460 2048 2527 ισχυ-

453 2528 586 2595 ρὸν,
615 2530 711 2581 καὶ
739 2531 874 2584 τότε
895 2532 967 2586 τὰ
992 2535 1184 2603 σκεύη
1216 2536 1403 2591 αὑτοῦ
1427 2537 1755 2609 διαρπάσῃ.
1779 2541 1966 2595 Ταῦτα
1990 2542 2048 2596 δὲ

453 2612 516 2662 τι
564 2611 738 2681 βίαιον
772 2614 938 2670 αὐτοῦ
980 2619 1263 2687 παριστῶν
1312 2620 1519 2690 ἔλεγεν.
1556 2624 1735 2695 Ὅπερ
1783 2622 1876 2679 οὖν
1930 2629 2049 2681 ἐκεῖ

454 2698 735 2770 ἁρπαγὴν,
770 2698 1006 2753 ἐνταῦθα
1052 2701 1200 2769 ἕλξιν
1225 2705 1470 2760 ἐκάλεσε.
1503 2706 1668 2763 Ταῦτ’
1699 2704 1791 2764 οὖν
1821 2710 2046 2780 εἰδότες,

525 2882 554 2912 ⁸
578 2881 754 2932 Morel.
774 2884 917 2941 αὐτὸς
944 2885 1138 2943 ἐκεῖνος.

1156 322 1215 375 S.
1254 321 1542 378 JOANNIS
1580 322 2074 379 CHRYSOSTOMI
2114 310 2436 384 ARCHIEP.
2473 328 3025 391 CONSTANTINOP.

3630 342 3735 399 574

2160 445 2556 517 διαναστῶμεν,
2587 449 2901 520 δοξάσωμεν
2944 451 3035 505 τὸν
3079 451 3231 515 Θεὸν,
3271 451 3345 523 μὴ
3382 451 3471 505 διὰ
3503 453 3738 523 πίστεως

2161 530 2341 599 μόνον,
2360 532 2496 585 ἀλλά
2520 534 2614 585 καὶ
2642 534 2729 586 διά
2755 534 2869 604 βίου
2894 553 2906 564 ·
2937 536 3058 587 ἐπεὶ
3087 537 3188 589 οὐκ
3218 535 3284 588 ἂν
3316 538 3402 607 εἴη
3428 537 3576 603 δόξα,
3598 539 3736 594 ἀλλά

2159 615 2496 686 βλασφημία.
2533 619 2608 671 Οὐ
2634 620 2739 690 γὰρ
2770 618 2911 671 οὕτω
2942 618 3341 690 βλασφημεῖται
3373 621 3734 692 Θεὸς,Ἔλλη-

2156 716 2246 762 νος
2291 702 2442 764 ὄντος
2476 703 2696 773 μιαροῦ,
2726 703 2801 766 ὡς
2830 702 3158 773 Χριστιανοῦ
3186 706 3603 777 διεφθαρμένου.
3646 710 3737 763 Διὸ

2155 782 2219 852 δὴ
2267 783 2457 853 δέομαι
2496 786 2673 840 πάντα
2720 789 2914 849 ποιεῖν,
2949 786 3089 840 ὥστε
3118 788 3435 853 δοξάζεσθαι
3461 790 3550 843 τὸν
3580 792 3733 846 Θεόν.

2158 864 2297 920 Οὐαὶ
2338 868 2470 938 γὰρ,
2512 870 2667 941 φησὶ,
2703 869 2782 940 τῷ
2824 869 2995 941 δούλῳ
3027 872 3238 943 ἐκείνῳ,
3272 873 3340 927 δι’
3380 867 3441 928 οῦ
3475 874 3536 927 τὸ
3568 875 3737 945 ὄνομα

2156 949 2251 1003 τοῦ
2277 951 2412 1003 Θεοῦ
2442 952 2845 1024 βλασφημεῖται
2865 954 3011 1023 (ὅταν
3040 955 3098 1009 δὲ
3119 955 3253 1009 Οὐαὶ
3281 952 3337 1029 ᾖ,
3363 958 3510 1012 πᾶσα
3533 958 3735 1023 εὐθέως

2155 1034 2377 1098 κόλασις
2406 1037 2499 1089 καὶ
2523 1038 2763 1110 τιμωρία
2792 1037 3007 1105 ἕπεται)
3027 1056 3041 1071 ο
3088 1039 3357 1111 μακάριος
3380 1040 3457 1103 δὲ,
3492 1041 3560 1094 δι’
3590 1034 3649 1095 οὗ
3673 1042 3734 1095 τὸ

2153 1117 2323 1187 ὄνομα
2358 1119 2662 1186 δοξάζεται.
2705 1124 2797 1193 Μὴ
2825 1122 3004 1175 τοίνυν
3028 1123 3105 1186 ὡς
3138 1124 3196 1175 ἐν
3224 1123 3300 1194 τῷ
3337 1125 3519 1178 σκότει
3542 1118 3692 1195 ὦμεν
3716 1144 3730 1158 ·

2154 1201 2289 1255 ἀλλά
2332 1205 2512 1257 πάντα
2549 1205 2843 1276 φεύγωμεν
2889 1205 2958 1258 τὰ
2993 1207 3388 1279 ἁμαρτήματα,
3436 1209 3586 1281 μοι]
3624 1212 3731 1282 μά-

2152 1284 2309 1338 λιστα
2353 1287 2409 1339 δὲ
2442 1288 2509 1342 τὰ
2538 1290 2616 1352 εἰς
2650 1289 2836 1361 κοινὴν
2860 1290 3205 1344 διαϐαίνοντα
3255 1291 3463 1363 βλάϐην
3485 1333 3500 1356 ,
3544 1294 3733 1366 ἐπειδὴ

2157 1368 2391 1437 μάλιστα
2436 1371 2493 1424 ἐν
2530 1372 2740 1436 τούτοις
2773 1375 2801 1426 6
2838 1372 2971 1436 Θεὸς
3014 1373 3433 1444 βλασφημεῖται.
3463 1375 3596 1429 Τίνα
3624 1379 3734 1448 γὰρ

2154 1450 2349 1523 ἕξομεν
2382 1455 2737 1527 συγγνώμην,
2782 1457 2911 1509 ὃταν
2944 1458 3150 1521 έτέοοις
3186 1458 3370 1513 δοῦναι
3401 1462 3735 1531 προσταττό-

2155 1551 2327 1606 μενοι,
2368 1536 2437 1590 τά
2464 1538 2667 1608 ἐτέρων
2698 1539 3067 1609 ἀρπάζωμεν;
3108 1542 3190 1602 τίς
3218 1544 3349 1612 ἡμῖν
3389 1542 3543 1596 ἔσται
3577 1544 3733 1609 ἐλπὶς

2155 1619 2464 1690 σωτηρίας;
2502 1622 2561 1674 Εἰ
2598 1621 2671 1692 μὴ
2700 1622 2969 1675 πεινῶντα
3008 1622 3264 1695 ἔθρεψας,
3296 1626 3530 1697 κολάζῃ”
3577 1628 3627 1680 εί
3674 1628 3733 1681 δὲ

2151 1703 2246 1754 καὶ
2278 1703 2554 1767 ἀπέδυσας
2588 1706 2958 1774 ἐνδεδυμένον.
2995 1708 3153 1770 ποίας
3182 1706 3345 1780 τεύξῃ
3399 1710 3730 1781 συγγώμης;

2151 1782 2339 1835 Ταῦτα
2370 1785 2607 1854 συνεχῶς
2636 1785 2887 1854 λέγοντες
2915 1786 2971 1839 οὺ
2999 1788 3340 1859 παυσόμεθα.
3365 1791 3523 1854 Ἴσως
3546 1792 3652 1864 γὰρ
3684 1795 3731 1846 οἱ

2149 1867 2389 1937 τήμερον
2421 1869 2494 1940 μὴ
2528 1869 2863 1933 ἀκούσαντες
2885 1911 2897 1933 ,
2949 1869 3139 1943 αὔριον
3173 1873 3529 1928 ἀκούσονται·
3578 1878 3627 1929 οἱ
3674 1877 3731 1930 δὲ

2149 1950 2248 2022 τὴν
2279 1950 2469 2023 αὔριον
2496 1952 2570 2025 μὴ
2602 1956 2984 2025 προσέχοντες,
3011 1957 3111 2026 τὴν
3132 1957 3249 2027 μετ’
3273 1959 3486 2031 ἐκείνην
3507 1960 3733 2032 πεισθή-

2150 2050 2358 2089 σονται.
2408 2036 2470 2088 Εἰ
2516 2036 2575 2089 δέ
2610 2054 2755 2101 τινες
2801 2039 2896 2091 καὶ
2936 2040 3177 2103 ἀπειθῶς
3218 2035 3330 2094 εἶεν
3376 2043 3731 2113 διακείμενοι,

2151 2118 2267 2171 ἀλλ’
2320 2121 2451 2190 ἡμῖν
2490 2122 2783 2176 ἀνεύθυνον
2834 2123 2985 2177 ἔσται
3015 2126 3075 2178 τὺ
3098 2125 3468 2199 δικαστήριον.
3512 2130 3584 2182 Τὸ
3623 2130 3733 2200 γάρ

2149 2203 2308 2272 ἡμῶν
2355 2205 2777 2276 ἐπληρώσαμεν.
2812 2209 3024 2262 Γένοιτο
3073 2208 3130 2261 δὲ
3178 2212 3315 2280 μήτε
3342 2212 3487 2281 ἡμᾶς
3512 2214 3734 2282 αἰσχυν-

2150 2288 2312 2359 θῆναι
2343 2292 2436 2342 ἐπὶ
2462 2295 2573 2355 τοῖς
2602 2292 2937 2361 λεγομένοις,
2960 2295 3094 2364 μήτε
3124 2296 3269 2363 ὑμᾶς
3296 2297 3730 2367 ἐγκαλύψασθαι,

2149 2374 2289 2428 ἀλλά
2334 2377 2544 2441 πάντας
2575 2377 2867 2449 δυνηθῆναι
2901 2379 3039 2448 μετά
3069 2381 3383 2451 παρρησίας
3412 2380 3602 2452 στῆναι
3640 2382 3733 2433 ἐπὶ

2148 2458 2242 2511 τοῦ
2283 2457 2528 2529 βήματος
2556 2460 2651 2513 τοῦ
2684 2461 2945 2531 Χριστοῦ,
2984 2462 3070 2516 ἵνα
3095 2465 3189 2516 καὶ
3221 2464 3374 2517 αὐτοὶ
3412 2464 3733 2535 δυνηθῶμεν

2149 2542 2535 2611 καυχήσασθαι
2583 2543 2669 2612 ἐφ’
2712 2546 2867 2615 ἡμῖν,
2912 2545 3005 2598 καὶ
3052 2547 3161 2599 τῶν
3209 2546 3497 2619 ἡμετέρων
3548 2547 3733 2600 κακῶν

2148 2625 2502 2697 παραμυθίαν
2527 2627 2647 2681 τινὰ
2676 2627 2880 2691 λαϐεῖν,
2910 2631 3007 2701 τὴν
3050 2630 3321 2701 ὑμετέραν
3362 2631 3732 2703 εὐδοκίμησιν,

2148 2712 2208 2763 ἐν
2263 2709 2486 2780 Χριστῷ
2544 2711 2717 2782 Ἰησοῦ
2770 2711 2849 2781 τῷ
2893 2713 3083 2783 Κυρίῳ
3129 2715 3306 2784 ήμῶν,
3361 2715 3481 2785 μεθ’
3535 2709 3595 2769 οὗ
3656 2716 3735 2786 τῷ

2149 2794 2327 2865 Ila-c9).
2353 2795 2385 2864 ή
2414 2793 2573 2861 δόξα,
2610 2797 2727 2867 ἅμα
2754 2796 2833 2868 τῷ
2866 2796 3008 2869 ἁγίῳ
3038 2796 3319 2869 Πνεύματι
3346 2800 3425 2863 είς
3453 2798 3579 2864 τοῦς
3605 2800 3736 2855 αἰῶ-

2150 2894 2268 2941 νας.
2314 2878 2506 2949 Ἀμήν.

456 3011 3733 3051 MM

1791 3174 1798 3183 .
1893 3128 2138 3182 OMIAIA
2172 3127 2301 3185 EH'.

474 3210 782 3289 Ἀπεκρίθη
824 3225 987 3289 avrum
1020 3214 1066 3289 d_
1104 3212 1327 3289 δχλοςζ
1364 3213 1565 3289 Ἡμεῖς
1605 3218 1956 3289 ἠκούσαμεν
1985 3221 2054 3275 ἐκ

533 3280 638 3357 τοῦ
672 3282 885 3357 νόμου,
914 3279 1003 3335 ὅτι
1033 3285 1066 3336 ὁ
1092 3279 1357 3357 Χριστός
1376 3279 1557 3357 μένει
1588 3279 1674 3355 είς
1699 3291 1807 3343 τὸν
1829 3279 2017 3345 ἆίῶνιι
2036 3308 2052 3324 ο

533 3350 634 3428 καί
665 3350 792 3428 πῶς
815 3350 1014 3428 ,ᾆέγεις
1035 3350 1149 3428 σὺ,
1167 3353 1267 3428 μότι
1297 3350 1400 3408 δεῖ
1423 3350 1740 3428 ὑψωθῆναι
1769 3361 1878 3413 τὸν
1908 3363 2054 3416 Υἱὸν

533 3419 641 3475 τοῦ
659 3419 1000 3488 ἀνθρώπου;
1030 3425 1126 3490 Τίς
1153 3424 1323 3479 ἐστιν
1344 3431 1376 3481 ό
1418 3419 1553 3493 Υἱὸς
1573 3419 1681 3485 τοῦ
1700 3431 2015 3499 ἀνθρώπου
2035 3449 2053 3496 ;

532 3528 602 3606 α’.
644 3522 974 3593 Εύφώρατον
1008 3526 1040 3595 ή
1072 3526 1249 3598 πλάνη
1278 3530 1375 3581 καί⁵
1415 3530 1669 3596 ἀσθενὲς,
1702 3532 1807 3586 κᾶν
1838 3534 2054 3606 μυρίοις

461 3603 661 3671 ἔξωθεν
682 3606 971 3675 ἀλείφηται
994 3608 1270 3680 χρώμασι.
1304 3613 1414 3665 Καὶ
1442 3614 1694 3687 καθάπερ
1716 3617 1765 3669 οί
1787 3603 1856 3669 τά
1878 3603 2053 3689 σαθρά

457 3691 569 3743 τῶν
602 3691 797 3762 τοίχων
827 3693 1131 3758 κονιῶντες,
1169 3696 1269 3748 οὐκ
1303 3696 1546 3768 ἰσχύουσι
1567 3698 1653 3752 διὰ
1686 3700 1789 3770 τῆς
1822 3701 2052 3772 ἀλοιφῆς

458 3773 733 3846 διορθοῦν·
766 3775 908 3829 οὓτω
933 3778 1027 3831 καὶ
1059 3781 1107 3833 οἱ
1136 3778 1459 3851 ψευδόμενοι
1484 3783 1682 3856 ῥᾳδίως
1711 3785 2048 3856 ἐλέγχονται·

459 3858 489 3910 δ
515 3859 579 3929 δὴ
609 3862 703 3912 καὶ
736 3861 1013 3914 ἐνταῦθαιι
1046 3864 1381 3921 πεπόνθασιν
1411 3869 1461 3919 οί
1500 3868 1767 3922 Ἰουδαῖοι.
1792 3869 1899 3922 Τοῦ
1938 3870 2050 3941 γὰρ

459 3942 697 4003 Χριστοῦ
730 3944 867 4015 πρὸς
912 3945 1111 4009 αὐτοὺς
1156 3948 1437 4013 εἰπόντος·
1474 3951 1654 4005 Ὅταν
1684 3952 1904 4020 ὑψωθῶ
1929 3954 2049 4008 ἀπὸ

458 4024 573 4093 τῆς
612 4025 761 4094 τῆς,
810 4026 1043 4093 πάντας
1088 4030 1329 4084 ἑλκύσω
1360 4033 1511 4101 πρὸς
1539 4035 1818 4103 ἐμαυτόν.
1858 4037 2051 4107 Ἡμεῖς

458 4108 835 4190 ἠκούσαμεν,
870 4113 1055 4182 φησὶν,
1087 4114 1205 4168 ἀπὸ
1236 4115 1345 4169 τοῦ
1372 4118 1586 4186 νόμου,
1624 4119 1713 4172 ὅτι
1737 4123 1769 4173 ό
1790 4121 2049 4190 Χριστὸς

452 4188 622 4259 μένει
647 4194 735 4257 εἰς
766 4193 874 4247 τὸν
905 4193 1119 4249 αἰῶνα·
1151 4198 1248 4251 καί
1280 4197 1405 4265 πῶς
1435 4201 1518 4254 σὺ
1540 4201 1759 4272 λέγεις,
1781 4188 1870 4258 ὅτι
1896 4188 2051 4274 ὑψω-

459 4276 637 4356 θῆναι
682 4276 777 4331 δεῖ
817 4279 923 4331 τὸν
985 4281 1123 4334 Υίὸν
1168 4282 1275 4336 τοῦ
1321 4284 1682 4354 ἀνθρώπσυ;
1737 4288 1837 4356 Τίς
1878 4290 2050 4344 ἐστιν

459 4355 641 4423 οὗτος
688 4364 720 4413 ό
766 4361 899 4426 Υἱὸς
931 4362 1037 4417 τοῦ
1076 4365 1435 4433 άνθρώπου;
1474 4372 1618 4442 Ἀρα
1660 4355 1860 4443 ᾔδεσαν
1894 4374 1976 4426 ὅτι
2018 4375 2048 4427 6

458 4444 696 4528 Χριστὸς
721 4444 987 4511 ἀθάνατός
1011 4448 1095 4511 τίς
1128 4450 1266 4513 ἐστι,
1294 4452 1390 4505 καὶ
1419 4452 1566 4525 ζωὴν
1595 4454 1709 4526 ἔχει
1741 4457 1915 4528 πέρας
1941 4458 2043 4513 οὐκ
2096 4463 2105 4472 ”

458 4525 927 4613 ἔχουσανρὺκοῦν
958 4532 1197 4587 κάκεῖνοι
1217 4535 1415 4605 ᾔδεσαν
1436 4537 1572 4608 ὅπερ
1594 4525 1768 4609 έλεγε.
1794 4525 1903 4595 Καὶ
1932 4543 2041 4613 γὰρ

459 4610 731 4682 πολλαχοῦ
762 4612 871 4664 τῶν
905 4613 1133 4684 Γραφῶν
1155 4617 1290 4687 ὁμοῦ
1317 4621 1410 4674 καὶ
1432 4621 1492 4673 τὸ
1515 4622 1688 4686 πάθος
1722 4626 1815 4678 καὶ
1848 4628 1880 4695 ἡ
1907 4610 2041 4680 ἀνάλ-

460 4710 651 4781 στάσις
684 4696 882 4781 κεῖται.
920 4699 1029 4781 Καὶ
1056 4700 1166 4770 γὰρ
1203 4701 1434 4767 Ἡσαΐας
1465 4703 1580 4774 ἅμα
1603 4706 1776 4760 ταῦτα
1801 4709 2039 4781 τίθησιν,

471 4776 567 4865 ςΩς
591 4778 890 4865 πρόϐατον
906 4780 1013 4865 ,ἐπὶ
1030 4783 1280 4865 σφαγὴν
1300 4784 1481 4856 ἤχθη,
1496 4788 1691 4859 λέγων,
1707 4793 1801 4846 καὶ
1825 4791 1893 4846 τὰ
1914 4776 2041 4865 ἑξῆς

459 4859 694 4946 ἅπαντα.
734 4861 843 4914 Καὶ
891 4864 919 4915 6
956 4864 1117 4919 Δαυῒδ
1165 4868 1223 4921 ἐν
1266 4869 1344 4940 τῷ
1394 4871 1634 4945 δευτέρῳ
1678 4874 1899 4946 ψαλμῷ,
1947 4859 2042 4930 κάὶ

458 4944 694 5012 ἀλλαχοῦ
728 4945 999 5017 πολλαχοῦ
1037 4950 1299 5006 συνάπτει
1330 4954 1503 5009 ταῦτα
1535 4944 1984 5030 ἀμφότεραξΚαὶ
2011 4961 2041 5013 ὁ

457 5029 805 5113 πατριάρχης
848 5030 906 5089 δὲ
961 5032 1151 5101 εἰπὼν,
1211 5036 1563 5094 Ἀναπεσὼν
1615 5029 1901 5113 ἐκοιμήθη
1960 5047 2043 5110 ὡς

456 5112 637 5174 λέων,
666 5114 917 5182 ἐπήγαγε
937 5132 951 5146 ’
978 5117 1088 5170 Καὶ
1114 5119 1195 5185 ὡς
1218 5123 1493 5191 σκύμνος
1521 5125 1788 5193 λέοντος,
1808 5112 1899 5195 τίς
1916 5130 2043 5199 ἐγε-

449 5199 553 5270 ρεῖ
583 5203 808 5267 αὐτόν;
852 5202 1020 5271 Ὁμοῦ
1063 5206 1157 5258 καὶ
1201 5207 1263 5260 τὸ
1297 5208 1468 5273 πάθος
1496 5212 1590 5265 καὶ
1620 5213 1718 5284 τὴν
1743 5214 2040 5271 ἀνάστασιν

457 5284 822 5339 ἐνδείκνυται.
894 5287 1034 5340 Ἀλλ’
1089 5284 1236 5343 οὗτοι
1305 5294 1616 5363 νομίζοντες
1666 5299 2040 5369 ἐπιστομίζειν

456 5368 619 5423 αὑτὸν
657 5370 752 5423 καὶ
798 5369 1070 5425 δεικνύναι
1106 5374 1207 5427 οὐκ
1252 5375 1384 5430 ὄντα
1433 5379 1667 5445 Χριστὸν
1716 5382 1781 5434 ἐκ
1827 5368 2037 5449 τούτου,

455 5448 811 5524 ὁμολογοῦσιν
843 5454 922 5507 ὅτι
961 5457 988 5509 ὁ
1015 5458 1255 5527 Χριστὸς
1284 5462 1363 5521 είς
1398 5460 1487 5513 τὸν
1520 5462 1694 5517 αἰῶνα
1729 5466 1901 5534 μένει.
1935 5467 2042 5521 Καὶ

457 5539 560 5608 ὅρα
585 5539 701 5602 πῶς
734 5540 1079 5611 κακούργως.
1103 5543 1178 5595 Οὐ
1210 5543 1319 5615 γὰρ
1344 5539 1516 5612 εἷπον,
1547 5547 1628 5599 ὃτι
1658 5549 1848 5619 Ἡμεῖς
1870 5552 2038 5621 ἡκού-

460 5637 633 5705 σαμεν
660 5623 746 5705 ὅτι
832 5625 1080 5705 Χριστὸς
1105 5626 1257 5678 οὐδὲν
1288 5628 1507 5697 πάσχει,
1541 5631 1662 5685 οὐδὲ
1692 5631 1843 5705 [4031
1878 5653 2041 5688 σταυ-

461 5700 671 5770 ροῦται,
697 5700 972 5764 ἀλλ’,”οτι
1005 5703 1174 5771 μένει
1202 5708 1291 5771 εὶς
1318 5708 1424 5760 τὸν
1459 5708 1647 5764 αἰῶνα
1670 5700 1890 5767 ’-καίτοι
1919 5717 2039 5769 οὐδὲ

458 5782 615 5870 τοῦτο
646 5785 1024 5870 τὸᾼείρημένον
1050 5789 1291 5843 ἐναντίον
1323 5787 1411 5863 ἦν.
1444 5795 1524 5865 Τῇ
1549 5795 1658 5866 γὰρ
1687 5797 1956 5870 ἀθανασίᾳ
1979 5801 2040 5853 τὸ

462 5863 634 5927 πάθος
682 5866 783 5918 οὐκ
829 5870 1045 5936 ἐγένετο
1088 5872 1335 5941 κώλυμα.
1378 5863 1660 5934 Ἐντεῦθεν
1706 5880 1853 5936 ἔστιν
1890 5863 2038 5951 ἰδεῖν,

524 5970 553 6006 ⁸
573 5972 669 6022 Καὶ
686 5971 881 6023 ἐνταῦθα
903 5975 1046 6029 deest
1072 5980 1120 6029 in
1144 5980 1452 6042 quibusdam.

2155 3223 2239 3275 ὅτι
2298 3221 2468 3278 πολλά
2518 3223 2627 3277 τῶν
2678 3224 2999 3296 ἀμφιϐόλων
3044 3226 3319 3287 συνίεσαν,
3379 3225 3471 3278 καὶ
3516 3226 3733 3292 ἑκόντες

2155 3304 2551 3377 ἐκακούργουν.
2596 3307 2811 3361 Ἐπειδὴ
2849 3307 2957 3377 γὰρ
3003 3308 3139 3378 ἔφθη
3189 3309 3319 3378 περὶ
3356 3308 3583 3365 θανάτου
3626 3310 3735 3365 δια-

2153 3387 2364 3458 λεχθεὶς
2393 3390 2681 3457 ἀνωτέρω,
2717 3390 3048 3454 ἀκούσαντες
3076 3392 3137 3444 τὸ
3168 3391 3446 3461 ὑψωθῆναι
3478 3394 3730 3460 ἐνταῦθα,

2151 3468 2312 3523 τοῦτο
2340 3471 2729 3531 ὑπώπτευσαν.
2762 3472 2894 3527 Εἶτα
2922 3474 3171 3542 λέγουσι·
3210 3476 3307 3540 Τίς
3347 3475 3518 3529 ἐστιν
3555 3473 3725 3544 οὗτος

2153 3556 2187 3607 ὁ
2230 3554 2363 3620 Υἱὸς
2384 3556 2490 3609 τοῦ
2518 3556 2873 3625 ἀνθρώπου;
2915 3559 3026 3612 Καὶ
3056 3557 3214 3611 τοῦτο
3251 3557 3595 3631 κακούργως.
3638 3561 3730 3632 Μὴ

2152 3637 2264 3708 γάρ
2291 3638 2356 3709 δὴ
2383 3640 2634 3711 νομίσῃς,
2668 3643 2852 3711 φησὶν,
2899 3643 2981 3696 ὅτι
3007 3642 3134 3712 περὶ
3170 3643 3263 3696 σοῦ
3286 3644 3445 3696 τοῦτο
3478 3644 3727 3715 λέγομεν,

2153 3723 2247 3775 καὶ⁵
2279 3724 2441 3797 εἴπῃς
2467 3725 2548 3778 ὅτι
2575 3725 2641 3778 δι’
2672 3725 2968 3796 ἀπέχθειαν
3006 3726 3423 3798 ἐναντιούμεθα.
3460 3727 3587 3782 Ἰδοὺ
3623 3728 3733 3801 γάρ

2151 3807 2253 3859 οὐκ
2281 3806 2500 3877 οἴδαμεν
2532 3810 2659 3879 περὶ
2683 3810 2824 3872 τίνος
2851 3810 3052 3878 λέγεις,
3100 3811 3196 3864 καὶ
3243 3812 3393 3881 ὅμως
3437 3812 3734 3881 ἀποφαινό-

2155 3890 2319 3961 μεθα.
2351 3891 2415 3945 Τί
2440 3888 2533 3946 οῦν
2574 3896 2603 3946 6
2651 3893 2919 3965 Χριστόςδ
2962 3895 3356 3971 Ἐπιστομίζων
3381 3896 3603 3958 αὐτοὺς,
3638 3896 3732 3949 καὶ

2151 3972 2399 4040 δεικνὺς,
2426 3976 2508 4028 ὅτι
2550 3976 2610 4029 τὸ
2646 3977 2814 4041 πάθος
2845 3978 2996 4031 οὐδὲν
3037 3977 3265 4048 κώλυμα
3295 3980 3431 4048 πρὸς
3453 3978 3515 4031 τὸ
3549 3979 3733 4048 μένειν

2150 4057 2313 4110 αὑτὸν
2340 4061 2419 4119 εἰς
2446 4059 2537 4112 τὸν
2570 4059 2763 4127 αἰῶνα,
2796 4063 2947 4123 Ἔτι,
2980 4062 3133 4132 φησὶ,
3159 4062 3378 4130 μικρὸν
3407 4062 3631 4131 χρόνον
3661 4062 3730 4116 τὸ

2150 4140 2280 4211 φῶς
2311 4144 2438 4211 μεθ’
2465 4143 2634 4212 ὑμῶν
2670 4145 2831 4197 ἐστι·
2868 4145 3065 4215 δηλῶν,
3105 4146 3187 4197 ὅτι
3223 4148 3252 4198 6
3293 4145 3521 4208 θάνατος
3564 4146 3730 4198 αὑτοῦ

2153 4225 2487 4295 μετάστασις
2527 4229 2665 4283 ἐστι.
2709 4229 2819 4281 Καὶ
2863 4229 2971 4300 γὰρ
2999 4228 3061 4281 τὸ
3103 4228 3219 4298 φῶς
3257 4228 3319 4282 τὸ
3356 4229 3581 4300 ήλιακὺν
3630 4231 3732 4284 οὐκ

2151 4310 2497 4381 ἀναιρεῖται,
2540 4311 2677 4365 ἀλλά
2719 4312 2915 4383 μικρὸν
2950 4314 3313 4383 ὑποχωρῆσαν
3346 4312 3507 4367 πάλιν
3542 4313 3731 4381 φαίνε-

2146 4410 2259 4447 ται.
2287 4396 2688 4463 Περιπατεῖτε,
2710 4396 2821 4462 ἕως
2842 4396 2909 4449 τὸ
2944 4395 3071 4465 φῶς
3092 4396 3279 4466 ἔχετε.
3310 4397 3470 4450 Ποῖον
3500 4398 3733 4455 ἐνταῦθα

2149 4476 2296 4545 λέγει
2324 4480 2550 4549 καιρόν;
2576 4475 2687 4550 ἆρα
2715 4482 2815 4549 τὴν
2843 4480 3126 4551 παροῦσαν
3154 4480 3299 4550 ζωὴν
3325 4479 3565 4544 ἃπασαν,
3585 4480 3617 4550 ἢ
3640 4482 3731 4537 τὸν

2151 4562 2257 4632 πρὸ
2283 4562 2376 4615 τοῦ
2408 4564 2644 4633 σταυροῦ
2675 4564 2901 4635 χρόνον;
2933 4563 3150 4632 Ἔγωγε
3184 4560 3336 4633 οἶμαι
3365 4564 3728 4634 ἀμφοτέρους.

2148 4644 2248 4698 Διά
2276 4645 2387 4716 γὰρ
2413 4646 2511 4717 τὴν
2540 4647 2746 4716 ἄφατον
2774 4646 2941 4701 αὐτοῦ
2972 4647 3381 4718 φιλανθρωπίαν
3416 4648 3598 4700 πολλοὶ
3635 4649 3730 4701 καὶ

2152 4729 2292 4798 μετά
2325 4730 2415 4783 τὸν
2445 4731 2677 4801 σταυρὸν
2715 4732 3066 4784 ἐπίστευσαν.
3105 4732 3271 4798 Λέγει
3303 4730 3360 4783 δέ
3390 4730 3563 4784 ταῦτα
3595 4748 3727 4784 κατ-

2149 4812 2387 4881 επείγων
2436 4815 2632 4879 αὐτοὺς
2658 4818 2737 4878 εἰς
2766 4815 2863 4887 τὴν
2915 4815 3115 4880 πίστιν,
3162 4816 3298 4885 ὅπερ
3340 4824 3434 4867 και
3472 4815 3734 4885 ἀνωτέρω

2148 4898 2471 4963 πεποίηκεν,
2501 4898 2645 4952 οὓτω
2682 4899 2876 4967 λέγων,
2916 4902 3045 4956 Ἔτι
3075 4900 3295 4969 μικρὸν
3339 4899 3562 4967 χρόνον
3599 4900 3731 4967 μεθ’

2148 4979 2319 5049 ὑμῶν
2353 4983 2489 5049 ειμι.
2526 4983 2581 5034 '0
2606 4981 2947 5051 περιπατῶν
2986 4982 3055 5035 ἐν
3083 4980 3157 5049 τῇ
3186 4983 3423 5047 σκοτίᾳ,
3459 4982 3573 5034 οὐκ
3603 4976 3730 5035 οἵδε

2147 5063 2266 5118 ποῦ
2300 5064 2536 5134 ὑπάγει.
2561 5066 2710 5118 Πόσα
2734 5065 2863 5133 γοῦν
2897 5067 2946 5120 οί
2971 5065 3216 5117 Ἰουδαῖοι
3246 5065 3343 5119 νῦν
3373 5064 3726 5134 πράττουσιν,

2148 5148 2243 5199 καὶ
2261 5148 2360 5201 οὐκ
2387 5148 2532 5201 ῐσασι
2562 5150 2613 5201 τί
2636 5149 2999 5220 πράττουσινί
3031 5149 3147 5203 ἀλλ’
3174 5149 3249 5212 ὡς
3272 5152 3330 5202 ἐν
3358 5149 3555 5219 σκότῳ,
3584 5146 3729 5201 οὕτω

2150 5228 2487 5298 βαδίζοντες,
2545 5231 2762 5286 δοκοῦσι
2821 5232 2918 5301 μὲν
2971 5231 3069 5303 τὴν
3114 5232 3281 5303 ὀρθὴν
3329 5232 3535 5285 ὁδεύειν
3588 5231 3726 5297 ὁδὸν,

2146 5315 2246 5385 τὴν
2292 5316 2349 5369 δέ
2404 5318 2649 5372 ἐναντίαν
2696 5318 3005 5388 βαδίζουσι,
3057 5319 3301 5372 σάϐϐατα
3352 5317 3731 5391 τηροῦντεςδ,

2148 5399 2245 5450 καὶ
2309 5400 2471 5469 νόμον
2522 5401 2915 5468 φυλάττοντες,
2971 5402 3066 5455 καὶ
3120 5401 3426 5474 βρωμάτων
3479 5419 3729 5471 παρατη-

2151 5482 2371 5552 ρήσεις·
2400 5483 2494 5536 καὶ
2520 5495 2541 5522 ο
2582 5486 2683 5537 οὐκ
2715 5486 2862 5537 ἴσασι
2893 5483 2996 5537 ποῦ
3027 5485 3413 5556 περιπατοῦσι.
3449 5486 3548 5539 Διά
3574 5485 3729 5537 τοῦτο

2148 5562 2333 5631 ἐλεγεο
2382 5567 2756 5633 Περιπατεῐτε
2798 5571 2886 5633 εὶς
2918 5568 2986 5621 τὸ
3024 5567 3178 5637 φῶς,
3226 5570 3327 5622 ἵνα
3375 5569 3493 5623 υἱοὶ
3532 5566 3730 5636 φωτὸς

2147 5648 2439 5716 γένησθε·
2500 5650 2815 5713 τουτέστιν,
2873 5651 3000 5722 ἐμοὶ
3047 5650 3173 5705 υίοί,
3231 5652 3424 5706 Καίτοι
3480 5652 3539 5705 ἐν
3593 5666 3730 5721 προ-

2208 5812 2238 5851 b
2264 5810 2395 5881 Edili
2419 5811 2662 5881 σάϐϐατον
2685 5812 3069 5877 κατηγοροῦντες.
3099 5814 3245 5881 Βενὶιγ.
3280 5818 3421 5881 pu_l_a_t
3452 5812 3726 5881 legendum

2144 5872 2411 5945 τηροῦντες.
2441 5876 2661 5933 Quatuor
2681 5872 2925 5945 ιιιῃθιὴριι
3086 5880 3266 5945 noslrjs
3284 5872 3726 5945 σάϐϐαταίτηροῦντ

2146 5952 2229 5997 τες
2249 5934 2447 5991 habent,
2476 5949 2587 5997 quae
2620 5943 2697 5983 es:
2738 5937 2864 5984 haud
2886 5939 3034 5987 dubie
3062 5952 3176 5990 vera
3220 5939 3385 5990 lectio.
3454 5940 3476 5970 ε
3501 5934 3726 5989 Δςέεδδίι

2150 5996 2230 6043 καί
2277 6010 2304 6046 e
2341 5998 2490 6047 Savil.
2518 6005 2569 6048 et
2594 6000 2701 6049 cod.
2727 5998 2834 6049 709.
2875 5999 3006 6053 Enr.
