4100 6362
350 284 460 339 5‘75

348 410 476 465 lius.
515 407 794 475 Quomodo
820 421 949 477 ergo
974 404 1201 460 mundus
1240 406 1294 460 in
1326 421 1412 460 me
1437 405 1737 475 judicatur?
1765 406 1928 472 Quasi

343 503 639 559 constituto
664 500 864 571 judicio
884 542 899 566 ,
929 499 1134 554 dicetur
1163 499 1235 552 illi
1269 517 1282 553 :
1312 499 1471 565 Esto,
1501 513 1687 553 omnes
1714 499 1927 554 occide-

342 600 458 663 ris,
487 596 581 652 sed
616 596 737 665 quia
776 603 995 663 peccato
1034 592 1294 647 obnoxios
1328 592 1609 660 reperisti;
1654 589 1925 645 Christum

344 706 477 745 vero
501 706 596 747 cur
619 689 895 746 occidisti?
921 701 1097 741 nonne
1117 686 1271 754 plane
1298 686 1512 753 injuste?
1537 684 1639 739 Per
1655 683 1927 738 Christum

344 802 475 856 ergo
504 794 645 840 totus
665 782 894 837 mundus
920 778 1293 834 vindicabitur.
1324 776 1477 842 Quod
1506 785 1561 830 ut
1584 775 1778 829 clarius
1804 789 1926 829 eva-

345 876 473 942 dat,
501 873 748 944 exemplo
783 881 917 926 utar.
941 869 1023 925 Sit
1048 870 1312 923 violentus
1339 876 1597 938 tyrannus
1623 866 1884 935 quispiam
1903 906 1919 929 ,

343 971 434 1035 qui
473 969 525 1022 in
554 980 745 1020 manus
770 978 893 1018 suas
929 961 1222 1015 incidentes
1257 972 1445 1012 omnes
1482 955 1777 1011 innumeris
1803 954 1923 1009 affi-

342 1062 450 1115 ciat
477 1058 654 1114 malis.
684 1057 783 1111 Hic
808 1056 851 1109 si
890 1068 1010 1108 cum
1038 1066 1165 1121 rege
1198 1050 1284 1105 vel
1314 1065 1434 1104 cum
1463 1048 1576 1103 filio
1616 1047 1757 1117 regis
1791 1061 1925 1100 con-

342 1166 557 1222 gressus
577 1191 591 1214 ,
624 1148 833 1204 occidat
856 1146 1005 1200 illum
1037 1145 1229 1213 injuste
1248 1184 1264 1210 ,
1290 1143 1406 1212 ejus
1428 1156 1573 1196 mors
1601 1141 1760 1196 etiam
1791 1139 1922 1193 alios

344 1244 530 1299 ulcisci
570 1240 786 1311 poterit.
833 1236 914 1293 Sit
943 1236 1133 1306 aliquis
1166 1235 1313 1304 quia
1338 1231 1666 1288 debitoribus
1707 1231 1918 1299 exigat,

342 1336 621 1396 verberet,
654 1333 706 1386 in
732 1344 1005 1385 carcerem
1025 1326 1305 1395 conjiciat;
1329 1324 1522 1380 deinde
1560 1322 1744 1377 eadem
1766 1336 1920 1375 arro-

339 1428 515 1498 gantia
546 1426 675 1480 nihil
706 1424 987 1479 debentem
1028 1419 1248 1490 perinde
1277 1431 1450 1489 cogat.
1482 1418 1678 1472 Eorum
1719 1431 1836 1485 qua:
1865 1415 1918 1469 in

341 1522 472 1574 alios
499 1519 764 1575 commisit
788 1526 911 1571 tunc
937 1527 1125 1585 ptenas
1150 1512 1297 1568 dabit
1329 1532 1344 1567 :
1375 1511 1466 1567 ille
1486 1525 1716 1581 namque
1745 1510 1918 1580 ipsum

339 1616 568 1673 occidet.

410 1710 466 1766 5.
496 1706 583 1762 Sic
613 1716 666 1760 et
710 1704 761 1758 in
812 1702 947 1757 Filio
990 1701 1187 1756 factum
1228 1708 1331 1755 est.
1377 1698 1576 1754 Eorum
1624 1697 1917 1765 enim'qua:

338 1807 522 1854 c0ntra
551 1812 644 1851 vos
669 1794 855 1849 fecerit
882 1793 1145 1869 diabolus,
1168 1806 1269 1861 per
1314 1805 1377 1846 ea
1408 1805 1526 1860 quae
1552 1797 1738 1844 contra
1767 1786 1918 1842 Chri-

339 1901 478 1944 stmn
506 1903 666 1942 ausus
704 1887 822 1951 fuit,
852 1885 1000 1939 dabit
1026 1899 1230 1953 pteuas.
1260 1881 1411 1947 Quod
1438 1890 1617 1936 autem
1646 1880 1698 1934 id
1728 1880 1916 1934 subin-

336 1980 560 2042 dicetur,
593 1977 714 2033 audi
744 1994 758 2031 :
791 1975 943 2029 Nunc
970 1976 1199 2043 princeps
1222 1974 1373 2042 hujus
1397 1972 1573 2024 mundi
1593 1971 1816 2041 ejicietur
1836 1972 1918 2024 in-

336 2073 437 2139 fra,
472 2087 565 2141 per
585 2079 810 2124 mortem
838 2083 1031 2123 meam.
1064 2066 1153 2122 52.
1181 2064 1247 2119 Ει
1270 2082 1359 2136 ego
1386 2065 1430 2120 si
1458 2065 1707 2119 exaltatus
1732 2068 1875 2135 fuero
1897 2105 1912 2131 ,

336 2179 506 2217 omnes
537 2162 735 2215 traham
778 2160 846 2213 ad
882 2159 1158 2228 meipsum;
1189 2159 1287 2211 hoc
1311 2166 1429 2223 est,
1470 2156 1628 2211 etiam
1666 2156 1913 2225 gentiles.

336 2256 402 2309 Iit
423 2270 489 2309 ne
510 2255 629 2323 quis
650 2253 872 2315 diceret,
891 2250 1171 2318 Quomodo
1190 2247 1432 2318 ejicietur
1458 2247 1615 2312 infra,
1630 2248 1675 2301 si
1702 2255 1754 2302 te
1774 2247 1917 2301 vice-

335 2347 442 2401 rit?
481 2345 595 2399 Non
624 2344 839 2407 vincet,
868 2341 1058 2412 inquit.
1100 2338 1378 2402 Quomodo
1414 2336 1556 2393 enim
1591 2337 1769 2391 vincet
1792 2351 1914 2391 eum

334 2438 425 2507 qui
455 2436 588 2491 alios
616 2436 822 2489 trahit?
848 2435 955 2489 Nec
981 2433 1215 2503 loquitur
1247 2431 1316 2487 de
1361 2430 1786 2494 resurrectione;
1820 2430 1911 2484 sed

336 2528 480 2599 quod
521 2527 909 2582 resurrectione
949 2525 1120 2594 majus
1147 2532 1258 2591 est,
1287 2522 1472 2578 Omnes
1498 2522 1696 2575 traham
1718 2521 1786 2577 ad
1812 2537 1915 2574 me-

333 2621 520 2690 ipsum.
536 2618 665 2672 Nam
682 2619 724 2673 si
741 2618 982 2685 dixisset,
1000 2617 1312 2685 Resurgam,
1327 2617 1561 2670 nondum
1585 2616 1755 2686 palam
1773 2623 1915 2669 esset

334 2711 481 2780 ipsos
523 2725 642 2765 esse
685 2708 1026 2763 credituros:
1059 2722 1179 2762 cum
1221 2716 1399 2762 autem
1445 2706 1609 2773 dicit,
1641 2706 1909 2770 Credent,

334 2814 618 2872 utrumque
642 2801 896 2866 declarat,
920 2808 975 2854 et
1000 2808 1427 2855 resurrecturum
1446 2813 1504 2853 se
1529 2798 1830 2853 confirmat.
1853 2797 1912 2852 Si

332 2894 474 2949 enim
505 2901 744 2946 mortuus
770 2892 1073 2956 mansisset,
1102 2899 1156 2945 et
1185 2889 1345 2944 homo
1372 2903 1536 2959 purus
1562 2900 1724 2954 esset,
1755 2904 1912 2944 nemo

333 2985 667 3040 credidisset.
696 2970 882 3037 Omnes
906 2982 1106 3035 traham
1130 2981 1198 3034 ad
1213 2981 1479 3048 meipsum.
1504 2980 1613 3034 Cur
1635 2995 1762 3049 ergo
1786 2980 1913 3034 dicit

335 3076 544 3130 Patrem
577 3072 829 3128 trahere?
857 3072 988 3139 Quia
1021 3072 1263 3126 trahente
1285 3071 1437 3135 Filio,
1471 3070 1633 3125 trahit
1660 3080 1714 3125 et
1734 3071 1909 3125 Pater.

334 3170 562 3223 'l‘raham
582 3208 598 3233 ,
623 3166 833 3237 inquit,
864 3173 1048 3236 utpote
1072 3179 1101 3218 a
1134 3175 1358 3234 tyranno
1383 3162 1628 3218 detentus
1646 3204 1662 3229 ,
1690 3163 1777 3233 qui
1806 3178 1913 3216 non

333 3262 540 3333 possint
564 3275 659 3329 per
683 3274 741 3313 se
760 3259 1033 3324 accedere,
1057 3265 1111 3312 et
1124 3256 1238 3327 ejus
1249 3256 1554 3311 obsistentis
1574 3271 1757 3312 manus
1777 3255 1913 3311 effu-

1306 289 1372 345 IN
1409 289 1720 348 ]ΟΑΝἰἝΜ
1759 292 1989 350 IIOM‘IL.
2018 297 2248 355 LXVIII.
2282 302 2351 356 al.
2384 301 2591 359 LXVII.

3509 315 3616 372 δη

2030 414 2510 484 gere.Alihiautem
2533 418 2659 474 illud
2672 421 2908 491 rapinam
2925 423 3271 481 vocat.Netno
3286 432 3617 498 potestspolia

2034 508 2178 567 fortis
2199 524 2395 578 rapere,
2421 510 2520 563 nisi
2539 511 2678 579 prius
2704 515 2884 582 fortem
2921 514 3127 586 alliget,
3151 524 3198 571 et
3223 527 3343 571 tunc
3368 535 3489 574 vasa
3507 522 3617 589 eius

2031 601 2199 670 rapiat
2222 600 2435 673 (Matth.
2471 602 2557 657 12.
2589 602 2700 676 ‘29).
2734 604 2829 660 His
2850 608 2965 674 eius
2994 609 3297 664 violentiam
3332 611 3614 681 signiﬁcat.

2029 691 2179 760 Quod
2216 708 2345 763 ergo
2388 694 2494 748 illic
2530 694 2803 764 rapinam,
2834 696 2920 751 hic
2963 700 3277 755 tractionem
3308 703 3613 771 appellavit.

2030 783 2156 839 Haec
2183 799 2303 838 cum
2332 785 2593 851 sciamus,
2634 787 2957 853 excitemur,
3004 789 3364 859 glorificemus
3408 794 3573 849 Deum
3595 836 3612 861 ,

2030 892 2136 931 non
2170 892 2263 945 per
2288 877 2445 933 fidem
2476 886 2700 945 Lautum,
2725 879 2817 934 sed
2841 881 3003 935 etiam
3031 897 3127 951 per
3153 884 3348 948 vitam;
3375 886 3612 957 alioquin

2028 985 2136 1024 non
2167 972 2333 1041 gloria
2358 1012 2374 1036 ,
2406 972 2499 1026 sed
2536 973 2863 1043 blasphemia
2898 974 2954 1028 in
2997 974 3161 1029 Deum
3192 986 3355 1032 esset.
3387 978 3502 1032 Non
3541 980 3612 1035 ita

2026 1060 2428 1131 bIaSphematur
2453 1064 2590 1118 Deus
2617 1063 2684 1118 ab
2710 1065 3042 1120 exsecrando
3068 1068 3280 1135 gentili,
3315 1078 3371 1122 ut
3399 1084 3429 1123 a
3458 1068 3613 1125 Chri-

2026 1156 2202 1209 Stiano
2230 1166 2500 1224 corrupto.
2530 1155 2733 1212 Idcirco
2752 1159 2953 1225 omnia,
2976 1159 3222 1226 obsecro,
3248 1160 3524 1230 faciamus,
3556 1172 3613 1218 ut

2026 1247 2168 1301 Deus
2213 1248 2379 1317 gloria
2421 1247 2705 1303 afficiatur.
2735 1249 2868 1303 Nam
2898 1250 2991 1316 ait,
3038 1250 3129 1306 Vae
3166 1266 3322 1308 servo
3364 1254 3480 1320 illi,
3512 1269 3612 1323 per

2024 1355 2183 1410 quem
2217 1355 2413 1396 nomen
2460 1340 2552 1395 Dei
2593 1341 2990 1411 blasphematur
3022 1343 3267 1415 (quando
3301 1356 3480 1401 autem
3514 1346 3607 1402 Vas

2023 1432 2241 1499 dicitur,
2264 1434 2439 1487 omnis
2467 1434 2733 1488 cruciatus
2753 1435 2994 1504 sequitur
3020 1445 3179 1505 atque
3207 1437 3548 1509 supplicium)
3582 1456 3597 1493 :

2022 1524 2211 1579 beatus
2237 1534 2413 1578 autem
2432 1525 2522 1579 ille
2551 1533 2653 1588 est,
2690 1540 2782 1593 per
2806 1542 2968 1595 quem
2996 1542 3189 1582 nomen
3234 1528 3351 1597 ejus
3378 1529 3609 1583 honora-

2024 1624 2129 1669 tur.
2159 1613 2235 1669 Ne
2256 1614 2433 1684 itaque
2452 1616 2619 1670 simus
2638 1615 2788 1685 quasi
2810 1616 3138 1683 intenebris,
3163 1618 3256 1672 sed
3280 1619 3458 1673 omnia
3484 1634 3607 1689 pee-

2021 1716 2138 1762 cata
2163 1707 2422 1776 fugiamus
2446 1748 2461 1774 ,
2492 1708 2723 1761 maxime
2748 1716 2925 1762 autem
2956 1708 3043 1762 illa
3082 1724 3201 1779 quae
3246 1709 3299 1763 in
3338 1710 3605 1779 publicam

2021 1797 2311 1867 perniciem
2364 1806 2676 1852 transeunt:
2708 1798 2759 1851 in
2802 1798 2884 1852 bis
2931 1797 3073 1852 enim
3121 1802 3417 1868 praesertim
3463 1801 3605 1857 Deus

2021 1889 2441 1958 blasphematur.
2474 1889 2642 1957 Quam
2672 1890 2815 1943 enim
2842 1891 3052 1945 veniam
3104 1906 3528 1962 consequemur,
3557 1895 3604 1948 si

2019 1984 2138 2037 aliis
2159 1983 2287 2037 dare
2312 1982 2468 2052 jussi,
2498 1982 2671 2036 aliena
2696 1982 3006 2051 rapiamus?
3028 1998 3155 2052 quae
3179 1984 3335 2039 nobis
3360 1985 3462 2039 erit
3481 2000 3606 2056 spes

2021 2075 2207 2128 salutis
2232 2074 2257 2125 ‘i
2283 2073 2338 2129 Si
2364 2074 2688 2128 esurientem
2714 2088 2820 2127 non
2848 2075 2982 2141 alas,
3007 2075 3265 2144 punieris;
3287 2076 3332 2130 si
3361 2076 3603 2132 indutum

2021 2183 2184 2222 exuas
2209 2207 2225 2233 ,
2272 2181 2430 2236 quam
2462 2166 2806 2235 consequeris
2844 2167 3092 2221 veniam?
3136 2168 3259 2223 Haec
3302 2168 3606 2239 frequenter

2020 2260 2197 2315 dicere
2219 2273 2322 2312 non
2347 2258 2694 2314 cessabimus.
2727 2257 2889 2314 Forte
2914 2260 3005 2329 qui
3036 2259 3195 2314 hodie
3222 2277 3327 2315 non
3356 2262 3599 2330 audiunt,

2019 2366 2138 2405 cras
2185 2350 2447 2405 audient:
2500 2350 2588 2418 qui
2639 2364 2759 2404 cras
2808 2365 2913 2404 non
2966 2352 3244 2407 attendent
3273 2394 3289 2419 ,
3348 2353 3604 2423 postridie

2019 2443 2256 2498 audient.
2306 2441 2458 2509 Quod
2486 2442 2531 2495 si
2561 2442 2651 2511 qui
2705 2442 3029 2512 immorigeri
3074 2443 3221 2509 sint,
3262 2458 3362 2498 nos
3408 2445 3598 2499 saltem

2021 2536 2220 2589 innoxii
2242 2533 2498 2603 judicium
2521 2548 2624 2586 non
2648 2531 2964 2595 subibimus,
3000 2533 3091 2602 qui
3107 2546 3226 2603 qua:
3243 2543 3420 2589 nostra
3449 2544 3604 2590 erant

2019 2627 2434 2698 impleverimus.
2454 2624 2666 2684 Utinam
2694 2640 2791 2680 nec
2818 2641 2912 2680 nos
2936 2626 3005 2680 de
3019 2626 3174 2681 dictis
3203 2628 3599 2695 erubescamus,

2018 2737 2119 2777 nec
2160 2735 2256 2775 vos
2300 2719 2505 2789 pudore
2550 2716 2852 2771 alliciamini
2876 2758 2891 2781 ,
2923 2718 3017 2772 sed
3047 2733 3234 2774 omnes
3257 2735 3378 2774 eum
3409 2720 3601 2775 fiducia

2019 2824 2162 2869 stare
2189 2814 2451 2882 possimus
2478 2820 2601 2863 ante
2632 2809 2860 2863 tribunal
2890 2810 3107 2876 Christi,
3142 2820 3199 2865 ut
3221 2821 3275 2866 et
3297 2827 3398 2867 nos
3426 2812 3599 2880 possi-

2019 2924 2137 2964 mus
2192 2910 2242 2963 in
2287 2906 2437 2961 vobis
2486 2903 2722 2975 gloriari,
2756 2903 2929 2973 deque
2952 2903 3104 2957 malis
3144 2904 3339 2959 nostris
3367 2903 3598 2973 aliquam

2019 3001 2436 3055 consolationem
2458 2999 2721 3069 aeripere;
2736 3007 2968 3052 vestram
2990 3009 3181 3062 nempe
3211 2994 3596 3063 probationem,

2019 3092 2072 3146 in
2112 3091 2322 3146 Christo
2337 3092 2462 3147 lesu
2491 3092 2715 3145 Domino
2742 3098 2948 3154 nostro,
2978 3086 3190 3155 quicum
3212 3086 3351 3139 Patri
3373 3086 3541 3156 gloria
3575 3125 3593 3151 ,

2019 3182 2281 3252 simulque
2308 3182 2524 3251 Spiritui
2550 3191 2735 3236 sancto
2764 3181 2817 3234 in
2846 3177 3061 3234 sarcula.
3092 3177 3283 3232 Amen.

1617 3493 1964 3556 HOMILIA
2003 3493 2283 3556 LXVIII.

334 3633 460 3687 Car.
493 3632 580 3687 12.
609 3649 664 3686 v.
699 3633 788 3687 34.
828 3632 1105 3703 Respondit
1131 3635 1174 3685 ei
1196 3632 1382 3686 turba:
1410 3631 1522 3687 Nos
1546 3634 1827 3690 audivimus
1853 3652 1917 3689 ea:
2010 3635 2291 3707 significat.
2325 3635 2520 3691 Verum
2550 3634 2604 3688 hi
2632 3641 2909 3704 sperantes
2955 3648 3016 3689 se
3044 3633 3119 3688 illi
3151 3633 3424 3688 silentium
3471 3632 3576 3688 im-

406 3726 531 3795 lege,
552 3725 685 3791 quod
709 3724 935 3779 Christus
962 3734 1125 3778 manet
1150 3725 1203 3778 in
1221 3734 1458 3778 wternum
1478 3741 1497 3779 :
1519 3735 1566 3778 et
1592 3726 1842 3794 quomodo
1863 3735 1917 3781 tu

404 3819 549 3885 dicis,
584 3818 791 3886 Oportet
814 3819 1025 3872 exaltari
1051 3816 1243 3872 Filium
1272 3818 1531 3874 hominis?
1562 3818 1686 3885 Quis
1711 3830 1780 3873 est
1824 3821 1916 3873 iste

406 3908 572 3963 Filius
600 3909 855 3963 hominis?

405 4003 459 4056 I.
500 4000 642 4055 Mors
686 3999 875 4057 Christi
922 4019 1024 4056 non
1070 4002 1232 4073 obfuit
1274 3990 1541 4073 quominus
1595 4015 1816 4059 maneret
1859 4005 1913 4059 in

334 4106 592 4147 mentum.
621 4124 691 4134 —
712 4093 877 4148 Error
902 4093 1232 4163 deprehensu
1263 4095 1431 4150 facilis
1457 4104 1512 4149 et
1537 4094 1778 4151 infirmus
1807 4106 1909 4165 est,

332 4185 540 4238 etiamsi
563 4186 802 4239 exterius
823 4185 967 4239 mille
988 4186 1304 4255 depingatur
1327 4187 1611 4242 coloribus.
1638 4188 1706 4242 Et
1728 4204 1913 4258 quem-

332 4274 613 4329 admodum
641 4276 715 4338 ii,
746 4276 834 4344 qui
878 4276 1044 4330 ruina:
1074 4278 1342 4345 proximos
1373 4279 1599 4346 parietes
1626 4280 1909 4347 oblinunt,

333 4381 438 4421 non
474 4367 594 4420 illos
622 4374 798 4420 tamen
830 4367 990 4422 illitos
1034 4368 1247 4422 firmant
1278 4387 1290 4421 :
1323 4370 1401 4423 sic
1428 4370 1516 4439 qui
1546 4371 1910 4438 mentiuntur,

334 4455 489 4509 facile
518 4455 899 4510 confutantur:
946 4456 999 4511 id
1046 4458 1184 4526 quod
1233 4458 1319 4513 hic
1363 4459 1503 4528 passi
1553 4467 1680 4514 sunt
1715 4459 1907 4516 Judaai.

333 4545 464 4599 Nam
510 4546 726 4601 Christo
748 4544 881 4616 ipsis
920 4546 1162 4614 dicente,
1204 4549 1330 4604 Cum
1374 4549 1622 4605 exaltatus
1668 4554 1848 4622 fuero,
1878 4568 1913 4605 a

331 4646 464 4689 terra
492 4653 662 4691 omnes
704 4638 902 4691 traham
926 4638 995 4691 ad
1033 4640 1308 4711 meipsum;
1350 4641 1461 4695 Nos
1493 4643 1795 4709 audivimus,
1824 4644 1908 4698 in-

331 4733 551 4799 quiunt,
581 4747 613 4783 a
640 4730 745 4801 lege
767 4773 783 4796 ,
811 4733 930 4803 quia
959 4732 1188 4787 Christus
1213 4744 1374 4787 manet
1394 4735 1449 4788 in
1474 4744 1738 4790 aeternum.
1772 4736 1910 4801 Quo-

332 4822 483 4874 modo
510 4832 563 4875 tu
589 4822 712 4900 dicis
732 4863 745 4888 ,
782 4821 991 4893 Oportet
1021 4825 1237 4877 exaltari
1281 4824 1477 4879 Filium
1506 4826 1760 4881 hominis?
1783 4828 1909 4894 Quis

332 4923 404 4964 est
432 4912 525 4966 iste
554 4910 725 4965 Filius
755 4914 1020 4967 hominis?
1066 4914 1271 4968 Norant
1300 4916 1456 4984 igitur
1487 4916 1758 4972 Christum
1788 4934 1908 4973 esse

333 5000 730 5067 immortalem,
771 5015 824 5057 et
862 5005 1024 5058 vitam
1070 5004 1267 5060 habere
1312 5007 1426 5060 sine
1472 5009 1718 5064 termino.
1766 5009 1909 5079 Ergo

332 5091 457 5160 quid
500 5092 705 5148 diceret
735 5094 1117 5165 intelligebant.
1151 5097 1362 5152 Etenim
1394 5098 1444 5152 in
1470 5098 1759 5167 Scripturis
1790 5116 1909 5169 pas-

334 5183 433 5234 sim
457 5192 511 5236 et
555 5185 731 5251 passio
773 5193 829 5240 et
875 5188 1199 5242 resurrectio
1246 5198 1550 5244 occurrunt.
1581 5190 1712 5243 Nam
1745 5190 1907 5245 Isaias

335 5271 449 5325 haec
475 5273 631 5327 simul
658 5276 843 5342 ponit:
871 5275 1148 5341 Tamquam
1176 5278 1279 5330 ovis
1308 5278 1375 5331 ad
1403 5280 1698 5333 occisionem
1727 5282 1908 5334 ductus

333 5374 404 5414 est
432 5361 586 5430 (Isai.
612 5365 700 5419 55.
736 5367 791 5434 7)
813 5408 828 5430 ,
856 5377 909 5420 et
934 5383 1051 5435 quae
1080 5374 1375 5438 sequuntur
1402 5370 1598 5425 omnia.
1631 5370 1699 5423 Et
1744 5370 1908 5425 David

333 5453 386 5505 in
420 5454 655 5509 secundo
686 5456 915 5522 Psalmo,
944 5467 997 5511 et
1022 5458 1147 5512 alibi
1170 5474 1313 5527 scepe
1341 5459 1456 5513 haec
1483 5460 1639 5514 ambo
1667 5462 1903 5529 copulat.

336 5543 639 5599 I’atriarcha
662 5562 871 5617 quoque
891 5562 1010 5603 cum
1032 5549 1181 5608 dicit.
1207 5549 1449 5603 Decidens
1469 5551 1700 5602 dormivit
1726 5561 1781 5602 ut
1803 5551 1903 5617 leo,

334 5634 676 5705 addiditque,
710 5637 776 5691 Et
817 5649 873 5692 ut
912 5638 1110 5692 catulus
1151 5640 1329 5706 leonis,
1360 5641 1472 5709 quis
1509 5640 1766 5693 suscitabit
1792 5657 1906 5694 eum

336 5721 489 5791 (Gen.
528 5726 617 5782 49.
649 5727 738 5799 9)?
764 5728 1024 5800 simulque
1054 5730 1353 5799 passionem
1379 5738 1433 5786 et
1465 5732 1904 5788 resurrectionem

2018 3729 2291 3798 posituros
2319 3741 2382 3782 ac
2428 3727 2891 3781 demonstraturos
2942 3725 3115 3795 ipsum
3163 3740 3268 3778 non
3299 3738 3418 3778 esse
3441 3722 3594 3778 Chri-

2018 3829 2180 3883 stum,
2209 3817 2331 3872 hinc
2350 3816 2617 3871 Christum
2644 3816 2696 3870 in
2723 3825 2980 3871 aeternum
3011 3830 3228 3870 manere
3252 3814 3594 3870 confitentur.

2019 3910 2087 3963 Et
2112 3909 2232 3964 vide
2258 3924 2416 3978 quam
2445 3908 2693 3977 maligne.
2724 3906 2839 3961 Non
2868 3906 3116 3960 dixerunt
3144 3906 3285 3960 enim
3307 3945 3322 3971 ,
3348 3903 3457 3960 Nos
3495 3918 3594 3959 au-

2018 4000 2245 4055 divimus
2270 4000 2409 4069 quod
2436 3999 2681 4053 Christus
2700 4014 2806 4053 non
2829 4012 3104 4066 passurus,
3133 4011 3240 4050 non
3274 3994 3594 4065 crucifigen-

2017 4091 2116 4146 dus
2142 4093 2241 4156 sit,
2289 4091 2417 4155 sed,
2451 4091 2602 4155 Quod
2644 4098 2808 4143 manet
2851 4089 2904 4142 in
2928 4098 3189 4143 internum.
3237 4087 3395 4157 Atqui
3421 4100 3596 4155 neque

2017 4183 2119 4239 hoc
2146 4183 2342 4238 dictum
2367 4183 2690 4238 contrarium
2720 4190 2855 4237 erat.
2895 4181 3080 4235 Passio
3109 4194 3339 4250 namque
3368 4179 3596 4235 immor-

2018 4275 2237 4329 talitatis
2285 4289 2389 4328 nou
2438 4272 2537 4327 fuit
2583 4272 3037 4341 impedimentum.
3085 4270 3220 4325 Hinc
3260 4269 3442 4325 videre
3467 4269 3595 4325 licet

2017 4368 2181 4422 multa
2211 4382 2305 4421 eos
2330 4366 2548 4422 scivisse
2576 4381 2693 4434 qua:
2735 4368 2788 4419 in
2827 4363 3044 4419 dubium
3077 4361 3257 4416 vocari
3307 4371 3590 4431 poterant,

2015 4468 2175 4529 atque
2202 4470 2394 4528 sponte
2421 4472 2515 4511 sua
2544 4458 2859 4526 malignatos
2883 4470 3022 4511 esse.
3047 4455 3179 4523 Quia
3202 4454 3345 4509 enim
3374 4465 3500 4508 ante
3521 4452 3592 4508 de

2014 4560 2187 4606 morte
2213 4549 2537 4605 disseruerat
2560 4589 2574 4612 ,
2605 4563 2725 4603 cum
2772 4547 2860 4602 hic
2900 4546 3144 4600 audirent
3171 4545 3320 4599 illum
3345 4545 3590 4599 exaltan-

2015 4641 2139 4696 dum
2165 4654 2316 4703 esse,
2362 4642 2463 4694 hoc
2501 4638 2751 4707 suspicati
2792 4647 2937 4692 sunt.
2987 4636 3187 4690 Deinde
3213 4635 3430 4701 dicunt,
3465 4634 3592 4699 Quis

2013 4742 2085 4787 est
2113 4734 2207 4786 iste
2233 4731 2400 4784 Filius
2444 4730 2708 4784 hominis?
2750 4729 2820 4784 Et
2864 4729 2965 4783 hoc
3012 4728 3259 4797 maligne.
3292 4726 3370 4782 Ne
3401 4736 3587 4796 putes,

2012 4822 2298 4893 inquiunt,
2331 4835 2428 4874 nos
2452 4820 2519 4875 de
2549 4829 2601 4875 te
2631 4822 2730 4875 hoc
2768 4819 2945 4874 dicere
2967 4860 2983 4883 ,
3015 4834 3118 4873 neu
3148 4818 3315 4882 dicas,
3360 4831 3460 4872 nos
3488 4817 3590 4871 ini-

2012 4914 2230 4970 micitia:
2277 4928 2438 4969 causa
2469 4914 2559 4967 tibi
2606 4911 2993 4967 contradicere.
3043 4911 3182 4965 Ecce
3226 4910 3495 4965 nescimus
3520 4907 3593 4964 de

2012 5024 2120 5078 quo
2146 5008 2381 5076 loquaris
2402 5047 2417 5073 ,
2462 5015 2516 5061 et
2541 5015 2719 5060 tamen
2762 5004 2877 5059 haec
2924 5002 3261 5074 proferimus.
3291 5002 3430 5070 Quid
3460 5016 3589 5071 ergo

2013 5096 2299 5152 Christus?
2338 5094 2485 5165 Ipsos
2510 5094 2747 5150 confutat
2768 5135 2782 5160 ,
2816 5091 3151 5163 ostenditque
3179 5093 3477 5162 passionem
3506 5090 3588 5145 ni-

2012 5186 2089 5242 hil
2109 5188 2298 5242 obesse
2318 5187 2599 5256 quominus
2617 5185 2730 5254 ipse
2752 5193 2964 5238 maneat
2982 5184 3035 5237 in
3062 5196 3342 5238 aeternum.
3365 5182 3455 5237 55.
3480 5181 3587 5234 Ad-

2014 5279 2133 5344 huc,
2156 5278 2344 5348 inquit,
2364 5277 2614 5330 modicum
2630 5284 2823 5345 tempus
2845 5260 3013 5327 lumen
3028 5275 3082 5326 in
3106 5273 3239 5327 vobis
3260 5281 3365 5335 est;
3387 5270 3588 5341 signifi-

2010 5383 2140 5423 cans
2180 5377 2406 5423 mortem
2469 5381 2617 5421 suam
2664 5380 2783 5420 esse
2828 5364 3252 5420 translationem.
3303 5362 3434 5418 Nam
3493 5361 3583 5416 lux

2012 5459 2142 5514 solis
2169 5472 2274 5513 non
2303 5457 2658 5526 exstinguitur
2677 5497 2690 5519 ,
2715 5456 2809 5511 sed
2835 5471 3002 5525 parvo
3027 5464 3266 5523 tempore
3303 5450 3584 5518 secedens,

2009 5565 2221 5605 rursum
2251 5556 2491 5617 apparet.
2537 5546 2804 5600 Ambulate
2845 5546 2965 5599 dum
2993 5546 3154 5600 lucem
3186 5543 3394 5597 habetis.
3424 5540 3579 5607 Quod

2012 5640 2098 5696 hic
2126 5650 2332 5709 tempus
2376 5637 2610 5693 indicat?
2651 5653 2717 5691 an
2761 5647 2926 5691 totam
2957 5638 3091 5690 hanc
3118 5635 3317 5689 vitam?
3344 5649 3411 5688 an
3439 5644 3577 5688 tom-

2010 5748 2107 5803 pus
2132 5743 2254 5789 ante
2279 5732 2531 5790 crucem?
2555 5730 2844 5802 Utrumque
2868 5730 3111 5787 arbitror.
3136 5728 3216 5785 Ob
3253 5725 3577 5785 ineffabilem
