4100 6362
498 321 603 380 575

498 441 641 496 enim
686 438 804 508 ejus
848 436 1267 508 benignitatem,
1320 435 1472 489 multi
1498 435 1662 489 etiam
1705 445 1826 503 post
1866 449 2081 489 crucem

498 533 869 588 crediderunt.
898 530 1023 585 Haec
1054 544 1214 599 porro
1244 529 1372 582 dicit
1413 538 1469 582 ut
1505 527 1625 582 illos
1648 526 1715 581 ad
1755 526 2080 582 credendum

497 624 754 688 concitet,
780 631 837 676 ut
857 622 1017 677 etiam
1033 621 1277 689 superius
1303 620 1429 675 fecit
1454 621 1525 674 ita
1546 619 1750 678 dicens.
1773 619 1951 672 Adhuc
1974 634 2082 672 mo-

499 715 675 769 dicum
706 723 901 784 tempus
919 712 1174 767 vobiscum
1207 728 1340 765 sum.
1377 710 1478 777 Qui
1504 710 1729 765 ambulat
1753 712 1807 763 in
1840 710 2080 772 tenebris,

500 810 655 863 nescit
673 823 769 877 quo
791 808 943 861 vadat
965 804 1143 876 (Ioan.
1160 805 1213 860 7.
1239 804 1351 876 35).
1372 804 1577 872 Quanta
1600 819 1740 858 nunc
1755 804 1922 859 Juda-i
1944 805 2085 871 igno-

500 909 683 953 rantes
715 897 946 964 faciunt,
973 913 1037 953 ac
1065 898 1109 951 si
1139 897 1192 951 in
1223 897 1457 953 tenebris
1481 896 1851 951 ambularent!
1882 896 2082 950 Viden-

501 996 587 1043 tur
612 986 713 1042 sibi
739 995 883 1042 recta
905 986 1150 1042 incedere
1171 988 1254 1040 via
1273 1029 1286 1051 ,
1309 986 1435 1042 dum
1464 987 1729 1041 contraria
1762 985 2080 1055 procedunt,

500 1077 778 1133 sabbatum
805 1087 1102 1145 servantes,
1122 1088 1179 1133 et
1194 1080 1360 1148 legem
1377 1078 1723 1148 ciborumque
1742 1078 2079 1132 observatio-

501 1184 619 1234 nes;
637 1178 691 1223 et
708 1169 951 1223 nesciunt
968 1170 1053 1223 ubi
1072 1169 1364 1224 ambulent.
1384 1168 1506 1223 ideo
1527 1168 1766 1223 dicebat:
1792 1170 1881 1224 56.
1896 1168 2083 1221 Ambu-

501 1259 668 1313 latein
699 1260 917 1327 luce,ut
953 1259 1049 1328 ﬁlii
1078 1260 1205 1315 lucis
1237 1262 1379 1325 sitis;
1412 1260 1463 1315 id
1492 1269 1593 1325 est,
1630 1259 1723 1313 filii
1755 1260 1879 1314 mei.
1923 1260 2083 1327 Atqui

500 1352 554 1407 in
582 1353 841 1421 principio
879 1353 1050 1423 inquit
1092 1353 1416 1422 evangelista
1448 1369 1461 1404 :
1494 1351 1617 1406 Non
1644 1369 1707 1406 ea:
1730 1353 2079 1422 sanguinibus,

499 1459 657 1513 neque
680 1460 744 1497 ea:
764 1444 1017 1497 voluntate
1040 1445 1227 1507 carnis,
1244 1444 1330 1498 sed
1359 1460 1421 1498 ea:
1437 1443 1544 1497 Deo
1574 1444 1677 1496 nati
1697 1452 1812 1498 sunt
1833 1441 2012 1513 (Joan.
2030 1444 2080 1497 1.

500 1535 629 1604 15);
654 1535 705 1590 id
741 1548 843 1602 est,
863 1552 929 1592 ex
944 1535 1244 1591 Patre:hic
1258 1539 1521 1605 veroipse
1539 1536 1656 1590 illos
1696 1536 1913 1606 gignere
1946 1535 2081 1589 dici-

415 1613 419 1617 ’
500 1635 605 1693 tur,
624 1635 679 1681 ut
696 1627 834 1681 scias
850 1643 1006 1682 unam
1024 1642 1143 1685 esse
1162 1629 1524 1695 operationem
1542 1627 1715 1682 Patris
1731 1637 1784 1682 et
1803 1627 1939 1682 Filii.
1955 1626 2083 1681 Htec

500 1718 737 1787 loquutus
759 1717 930 1784 Iesus,
953 1720 1097 1783 abiit,
1118 1728 1166 1773 et
1185 1719 1446 1773 abscondit
1467 1735 1522 1772 se
1545 1719 1607 1772 ab
1630 1719 1719 1773 eis.
1738 1717 1847 1773 Cur
1866 1719 2084 1773 abscon-

498 1807 578 1863 dit
601 1824 660 1863 se
685 1824 826 1863 nunc
836 1790 864 1862 ’ἲ
884 1807 1063 1879 Neque
1079 1809 1221 1864 enim
1249 1808 1452 1879 lapides
1472 1816 1656 1863 contra
1677 1823 1797 1862 eum
1822 1808 2078 1876 tulerunt,

506 1917 683 1972 neque
719 1902 1176 1973 hlasphemarunt,
1206 1911 1263 1956 ut
1285 1911 1408 1956 ante
1437 1901 1693 1957 fecerant.
1725 1901 1833 1956 Cur
1862 1915 1990 1971 ergo
2020 1914 2081 1954 se

496 1992 818 2049 abscondit?
846 1992 981 2049 Cum
1015 1993 1068 2047 in
1098 1992 1258 2047 corda
1290 2000 1629 2062 penetraret,
1659 1990 1861 2046 sciebat
1889 2005 2079 2045 eorum

497 2084 708 2140 animos
731 2085 1073 2155 exasperari,
1104 2084 1315 2140 etiamsi
1357 2084 1491 2139 nihil
1516 2085 1867 2154 loquerentur
1894 2102 1909 2139 :
1940 2084 2079 2139 scic-

495 2179 589 2235 hat
616 2179 823 2235 fervere
866 2178 988 2233 illos
1015 2188 1070 2234 et
1092 2178 1296 2234 caedem
1321 2179 1557 2247 spirare;
1589 2192 1765 2247 neque
1793 2183 2076 2247 exspecta-

494 2270 571 2324 vit
600 2269 773 2326 donec
798 2270 850 2324 in
877 2284 1014 2339 opus
1043 2269 1432 2339 procederent,
1464 2267 1559 2323 sed
1588 2266 1869 2322 abscondit
1898 2282 1985 2330 se,
2017 2276 2078 2322 ut

494 2362 705 2417 illorum
743 2361 995 2416 invidiam
1030 2360 1259 2416 sedaret.
1289 2359 1424 2415 Vide
1452 2359 1722 2429 quomodo
1751 2358 1804 2414 id
1836 2358 2077 2415 subindi-

494 2463 581 2508 cet
621 2454 979 2524 evangelista,
1020 2453 1112 2522 qui
1152 2452 1330 2508 statim
1371 2452 1519 2507 addit
1553 2469 1567 2505 :
1599 2452 1689 2507 57.
1736 2451 1863 2507 Cum
1909 2463 2075 2507 autem

492 2557 634 2627 tanta
662 2548 807 2617 signa
835 2547 1066 2617 fecisset,
1097 2563 1200 2601 non
1226 2546 1547 2601 crediderunt
1580 2546 1636 2599 in
1659 2562 1791 2601 eum.
1825 2545 1954 2613 Qum
1984 2545 2073 2600 illa

499 2650 643 2695 tanta
687 2639 876 2711 signa?
918 2640 994 2695 Ea
1019 2656 1139 2711 quae
1176 2639 1519 2710 praetermisit
1547 2638 1891 2709 evangelista,
1922 2648 1977 2693 ut
2005 2653 2074 2694 ex

490 2732 838 2802 sequentibus
859 2733 1031 2802 palam
1056 2740 1155 2787 est.
1185 2731 1319 2788 Nam
1346 2746 1469 2786 cum
1496 2731 1825 2796 secessisset,
1846 2739 1899 2786 et
1924 2741 2075 2801 post-

504 2836 567 2877 ea
597 2837 846 2877 reversus
871 2831 1047 2887 esset,
1069 2836 1255 2878 rursus
1282 2822 1489 2893 placide
1530 2822 1651 2877 illos
1674 2822 1962 2892 alloquitur
1989 2823 2073 2878 bis

493 2913 673 2969 verbis
696 2931 712 2968 :
738 2913 840 2979 Qui
865 2914 1025 2967 credit
1042 2914 1095 2968 in
1119 2930 1218 2980 me,
1251 2931 1354 2968 non
1382 2913 1615 2968 credit.in
1645 2929 1744 2979 me,
1766 2915 1855 2968 sed
1875 2916 1927 2968 in
1957 2931 2073 2969 eum

492 3006 580 3077 qui
604 3005 739 3060 misit
762 3021 843 3059 me
886 3003 1065 3077 (Ibid.
1109 3006 1196 3060 12.
1226 3006 1336 3073 44).
1369 3004 1501 3060 Vide
1525 3003 1651 3073 quid
1678 3003 1804 3060 facit
1836 3022 1850 3057 :
1882 3005 1948 3059 ab
1975 3004 2077 3059 hu-

492 3096 707 3152 milibus
750 3096 972 3166 incipit,
1016 3105 1072 3151 et
1110 3094 1345 3165 confugit
1387 3095 1455 3149 ad
1484 3094 1734 3161 Patrem,
1774 3094 2073 3163 iterumque

492 3187 699 3244 extollit
722 3202 1046 3244 sermonem.
1092 3188 1162 3242 Et
1202 3202 1325 3242 cum
1367 3201 1461 3242 eos
1500 3186 1747 3241 efferatos
1789 3185 2068 3257 intelligit,

491 3280 750 3348 discedit,
775 3288 832 3336 et
853 3295 1040 3336 rursus
1067 3288 1370 3350 comparet,
1395 3278 1535 3334 etab
1560 3278 1849 3334 humilibus
1877 3279 2071 3334 iterum

490 3374 696 3443 incipit.
745 3374 813 3429 Et
853 3372 1069 3428 ubinam
1118 3372 1219 3427 hoc
1258 3371 1421 3427 fecit?
1466 3371 1578 3424 lmo
1606 3370 1702 3425 'ubi
1751 3386 1857 3425 non
1909 3369 2070 3426 fecit?

492 3466 627 3521 Vide
652 3465 777 3536 quid
808 3465 959 3519 initio
1005 3464 1187 3519 dicat:
1220 3463 1367 3519 Sicut
1410 3465 1598 3529 audio,
1633 3462 2070 3533 judico;deinde

490 3558 768 3613 sublimius
790 3598 805 3621 ,
838 3556 985 3612 Sicut
1014 3558 1144 3611 enim
1173 3555 1330 3609 Pater
1353 3556 1558 3610 suscitat
1585 3566 1807 3610 mortuos
1834 3565 1879 3608 et
1901 3556 2069 3624 viviﬁ-

490 3660 590 3716 cat,
616 3650 689 3705 sic
710 3658 756 3703 et
782 3648 949 3703 Filius
974 3664 1096 3719 quos
1120 3647 1226 3702 vult
1270 3648 1489 3715 vivi/icat
1527 3647 1546 3717 (
1576 3646 1714 3701 Ibid.
1738 3647 1790 3703 5.
1822 3647 1911 3703 50.
1938 3647 2064 3715 21);

491 3743 792 3810 iterumque
814 3782 831 3807 ,
875 3740 985 3810 Ego
1010 3757 1113 3793 non
1144 3740 1327 3810 judico
1350 3755 1437 3793 vos
1457 3780 1470 3801 ,
1507 3739 1641 3793 alius
1666 3750 1740 3794 est
1764 3741 1849 3809 qui
1864 3739 2067 3810 judicat

490 3833 510 3901 (
539 3831 675 3887 Ibid.
703 3832 757 3888 8.
784 3830 898 3903 50).
928 3832 1265 3900 Rursumque
1299 3830 1532 3887 secedit:
1565 3841 1854 3902 posteaque
1880 3831 1931 3885 in
1963 3830 2069 3887 Ga-

491 3922 630 3977 lilaea
677 3937 1025 3993 comparans,
1057 3921 1387 3992 Operamini,
1420 3922 1619 3992 inquit,
1657 3939 1757 3976 non
1793 3922 1956 3976 cibum
1980 3922 2068 3992 qui

491 4015 621 4085 perit
647 4013 806 4086 (Ibid.
830 4014 883 4069 6.
903 4014 1019 4083 27).
1046 4012 1253 4067 Etcum
1277 4028 1466 4082 magna
1492 4013 1558 4068 de
1583 4028 1643 4068 se
1662 4014 1901 4081 dixisset,
1924 4012 2067 4084 quod

489 4121 559 4162 ex
583 4105 716 4161 caelo
744 4105 1119 4167 descenderit,
1150 4103 1291 4173 quod
1323 4104 1485 4157 vitam
1515 4115 1769 4158 mternam
1793 4104 1917 4169 det,
1944 4120 2068 4158 rur-

489 4213 609 4254 sum
643 4196 900 4252 abscedit.
932 4196 997 4251 Et
1026 4197 1079 4251 in
1106 4194 1434 4267 Scenopegia
1463 4212 1673 4251 rursum
1702 4197 1920 4252 adstans
1939 4237 1955 4264 ,
1987 4197 2057 4252 id-

489 4288 661 4359 ipsum
688 4287 831 4343 facit.

558 4380 615 4434 2.
660 4380 738 4435 Ac
760 4387 1019 4451 perpetuo
1043 4378 1225 4433 videas
1254 4378 1404 4433 illum
1448 4378 1744 4433 doctrinam
1792 4393 1941 4433 suam
1970 4393 2067 4433 va-

491 4469 714 4526 riantem
734 4510 750 4535 ,
776 4469 1058 4539 praesentia
1079 4510 1095 4537 ,
1125 4470 1387 4537 absentia,
1412 4468 1722 4536 humilibus,
1751 4470 2066 4526 sublimibus

491 4563 689 4618 verbis.
716 4562 868 4629 Quod
897 4563 1059 4618 etiam
1104 4563 1192 4618 hic
1232 4562 1375 4617 fecit.
1405 4562 1532 4616 Cum
1570 4573 1737 4616 autent
1758 4572 1898 4616 tanta
1922 4564 2068 4632 signa

490 4654 706 4723 fecisset,
735 4669 839 4707 non
865 4652 1186 4708 crediderunt
1210 4652 1265 4706 in
1293 4669 1425 4718 eum,
1455 4652 1657 4722 inquit,
1687 4653 1776 4707 58.
1803 4661 1861 4705 ut
1882 4653 2066 4723 imple-

488 4756 624 4800 retur
649 4760 811 4799 sermo
834 4743 992 4799 Isaite
1011 4785 1028 4810 ,
1053 4760 1199 4814 quem
1224 4743 1353 4797 dixit
1378 4760 1397 4797 :
1425 4742 1642 4799 Domine
1666 4784 1681 4805 .
1710 4744 1823 4815 quis
1852 4744 2067 4798 credidit

490 4835 688 4889 auditui
715 4843 887 4889 nostro
903 4836 930 4889 ?
955 4844 1002 4890 et
1027 4833 1287 4888 brachium
1313 4833 1519 4888 Domini
1542 4836 1624 4888 cui
1650 4835 1921 4888 revelatum
1950 4834 2067 4889 est?

491 4928 561 4984 Et
596 4943 827 4995 rursum,
855 4927 977 4982 Non
1005 4936 1291 4999 potuerunt,
1322 4928 1513 4998 inquit,
1543 4930 1762 4997 credere,
1788 4931 1911 5002 quia
1938 4931 2067 4984 dixit

489 5019 660 5077 Isaias
689 5034 709 5074 :
730 5019 922 5074 Audita
958 5019 1205 5084 audietis,
1233 5030 1282 5074 et
1322 5036 1422 5073 non
1468 5021 1777 5091 intelligetis.
1807 5022 1899 5075 41.
1940 5019 2067 5076 Htec

488 5124 658 5169 autem
682 5111 815 5165 dixit
838 5111 1040 5181 quando
1068 5110 1191 5164 vidit
1224 5110 1439 5181 gloriam
1476 5113 1588 5181 ejus
1605 5152 1623 5180 ,
1649 5121 1695 5167 et
1721 5112 1960 5181 loquutus
1985 5121 2059 5167 est

489 5206 553 5259 de
571 5222 648 5260 eo.
676 5203 816 5260 Ecce
842 5202 1036 5257 iterum
1059 5200 1181 5267 hoc,
1218 5201 1370 5267 Quia,
1400 5212 1474 5266 et,
1506 5201 1668 5267 Dixit,
1694 5218 1799 5257 non
1825 5204 2067 5258 causales

488 5302 613 5349 sunt
638 5309 831 5362 voces,
860 5293 956 5349 sed
997 5301 1243 5347 eventum
1287 5294 1663 5363 significantes.
1694 5294 1881 5364 Neque
1920 5296 2063 5349 enim

488 5386 611 5457 quia
653 5385 708 5441 id
732 5385 867 5440 dixit
907 5385 1099 5451 Isaias,
1130 5384 1252 5439 ideo
1278 5401 1383 5440 non
1409 5386 1783 5452 crediderunt;
1814 5386 1907 5441 sed
1939 5389 2063 5457 quia

489 5476 743 5533 credituri
784 5490 891 5531 non
920 5486 1106 5540 erant,
1134 5477 1255 5532 ideo
1282 5475 1399 5532 haec
1436 5477 1569 5532 dixit
1592 5475 1774 5531 Isaias.
1806 5478 1914 5532 Cur
1935 5494 2067 5549 ergo

490 5584 597 5624 non
642 5567 713 5622 ita
757 5567 990 5637 loquitur
1033 5568 1389 5635 evangelista,
1439 5567 1536 5622 sed
1580 5567 2005 5623 incredulitatem
2031 5585 2061 5625 a

492 5655 769 5727 prophetia
790 5697 805 5722 ,
845 5672 952 5712 non
990 5657 1321 5727 prophetiam
1352 5659 1419 5710 ab
1452 5657 1821 5713 incredulitate
1840 5670 1961 5713 esse
1980 5658 2061 5713 di-

495 5749 571 5805 cit
598 5764 610 5802 :
643 5747 750 5805 imo
776 5752 829 5805 in
858 5749 1201 5820 sequentibus
1231 5748 1359 5805 illud
1388 5749 1770 5820 significantius
1798 5749 1946 5821 ponit
1983 5750 2060 5806 sic

1246 319 1302 374 S.
1332 316 1611 374 JOANNIS
1647 315 2124 373 CHRYSOSTOMI
2162 317 2477 376 ARCIIIEP.
2517 321 3049 382 CONSTANTINOP.

3662 332 3769 389 376

2193 433 2418 504 loquens
2441 477 2457 501 ,
2491 434 2766 508 Propterea
2814 457 2915 495 non
2956 450 3184 511 poterant
3224 444 3458 513 credere,
3480 449 3597 517 quia
3638 451 3768 506 dixit

2188 526 2401 583 Isaias?
2428 529 2525 585 ilic
2565 532 2806 601 pluribus
2830 536 2941 588 vult
2968 534 3267 605 significare
3292 538 3579 607 Scriptura:
3606 556 3763 596 vera-

2187 619 2435 686 citatem,
2466 631 2521 676 et
2549 624 2689 693 quod
2715 640 2832 694 quae
2863 625 2949 678 illa
2988 627 3271 695 praedixit,
3317 645 3422 684 non
3470 631 3578 685 alio
3605 648 3764 701 quam

2188 726 2295 781 quo
2319 712 2458 766 dixit
2483 714 2642 767 modo
2670 718 2967 771 evenerint.
2996 717 3074 772 Ne
3102 719 3221 788 quis
3249 720 3390 774 enim
3412 721 3633 786 diceret,
3659 723 3768 779 Cur

2187 802 2333 856 venit
2354 802 2629 857 Christus?
2657 821 2760 860 non
2789 806 2992 861 sciebat
3016 824 3122 862 non
3143 809 3437 865 credituros
3458 811 3616 867 illos?
3639 830 3764 882 pro-

2187 895 2377 963 phetas
2404 896 2640 963 inducit,
2667 898 2756 968 qui
2798 898 2899 953 hoc
2938 901 3336 968 praesciverunt.
3360 900 3517 958 Venit
3544 914 3720 958 autem
3744 945 3762 970 ,

2186 1000 2256 1038 ne
2280 985 2508 1055 aliquam
2550 988 2753 1056 peccati
2792 990 2872 1043 sui
2903 992 3300 1047 excusationem
3330 992 3606 1049 haberent.
3634 996 3764 1061 Qua:

2186 1075 2328 1128 enim
2358 1076 2601 1143 praedixit
2633 1077 2888 1148 propheta
2909 1121 2925 1145 ,
2957 1091 3015 1133 ut
3037 1096 3254 1149 prorsus
3279 1081 3451 1136 futura
3480 1084 3721 1153 praedixit
3746 1102 3762 1137 :

2188 1167 2288 1220 nisi
2324 1167 2467 1221 enim
2513 1170 2731 1224 omnino
2779 1169 2950 1223 futura
2998 1181 3212 1239 essent,
3261 1188 3367 1227 non
3410 1174 3761 1243 praedixisset.

2187 1259 2355 1314 Erant
2378 1267 2554 1315 autem
2588 1276 2805 1329 prorsus
2828 1259 3001 1316 futura
3022 1302 3038 1328 ,
3073 1278 3194 1317 cum
3233 1264 3307 1318 illi
3334 1264 3653 1320 incurabiles
3679 1280 3765 1320 es-

2186 1361 2326 1405 sent.

2257 1439 2550 1508 Prop/retia:
2594 1441 2788 1495 nullam
2833 1442 3097 1513 imponunt
3135 1446 3495 1500 necessitatem.
3532 1476 3602 1486 —
3629 1446 3763 1502 illud

2185 1543 2384 1599 autem,
2416 1531 2537 1586 Non
2558 1543 2843 1601 potuerunt,
2873 1534 2921 1587 id
2944 1545 3044 1598 est,
3064 1534 3373 1589 Nolucrunt.
3396 1536 3504 1591 Nec
3530 1538 3759 1591 mireris.

2184 1624 2317 1679 Nam
2363 1625 2488 1679 alibi
2538 1641 2745 1695 quoque
2791 1627 2865 1680 ait
2913 1644 2927 1680 :
2975 1626 3075 1691 Qui
3117 1638 3277 1698 potest
3320 1645 3535 1699 capere,
3587 1632 3762 1697 capiat

2187 1715 2400 1788 (Matth.
2442 1715 2527 1771 19.
2577 1717 2698 1785 12).
2740 1718 2829 1773 Sic
2854 1732 2998 1787 saepe
3040 1719 3177 1775 solet
3205 1729 3516 1790 potestatem
3544 1737 3640 1791 pro
3661 1738 3760 1778 vo-

2185 1811 2387 1865 luntate
2412 1826 2630 1880 ponere.
2664 1811 2963 1881 lterutnque
2987 1853 3002 1877 ,
3036 1812 3158 1867 Non
3199 1824 3359 1884 potest
3408 1817 3626 1869 mundus
3674 1833 3760 1869 uos

2184 1903 2301 1956 odio
2340 1902 2543 1967 habere;
2568 1920 2647 1957 me
2682 1914 2851 1957 autem
2876 1904 2993 1958 odio
3020 1905 3166 1959 liabet
3204 1905 3382 1976 (loan.
3410 1907 3462 1961 7.
3497 1908 3574 1976 7).
3607 1908 3758 1975 Quod

2182 1994 2342 2048 etiam
2388 1994 2441 2047 in
2482 1995 2757 2049 communi
2806 2010 2903 2049 usu
2952 1997 3266 2052 observatur
3307 2016 3321 2052 :
3361 2006 3419 2052 ut
3464 2013 3585 2053 cum
3630 1998 3760 2053 dicit

2183 2086 2466 2155 quispiam,
2497 2101 2602 2139 non
2631 2102 2845 2156 possum
2873 2087 3020 2142 illum
3050 2090 3208 2144 talem
3242 2104 3444 2157 amare,
3472 2091 3758 2146 voluntatis

2182 2176 2571 2232 vehementiam
2622 2186 2941 2246 potestatem
2981 2195 3224 2234 vocans:
3259 2196 3323 2235 ac
3369 2197 3616 2246 rursum,
3665 2181 3758 2237 Ille

2182 2265 2304 2320 talis
2334 2266 2446 2319 fieri
2477 2281 2581 2319 non
2614 2275 2789 2336 potest
2816 2267 3007 2324 bonus.
3031 2268 3099 2324 Et
3125 2269 3377 2340 propheta
3400 2271 3525 2340 quid
3553 2271 3666 2327 ait?
3695 2271 3759 2326 Si

2182 2359 2391 2412 mutabit
2417 2356 2663 2428 £thiops
2681 2360 2860 2429 pellem
2883 2376 3048 2426 suam,
3078 2371 3123 2415 et
3146 2360 3334 2431 pardus
3362 2363 3584 2415 maculas
3613 2379 3756 2426 suas;

2179 2463 2227 2507 et
2253 2453 2472 2524 populus
2518 2454 2597 2508 hic
2636 2455 2818 2520 poterit
2863 2453 2985 2508 bene
3021 2456 3225 2525 facere,
3270 2454 3356 2524 qui
3398 2454 3575 2507 didicit
3619 2456 3756 2507 mala

2181 2546 2323 2615 (Jer.
2353 2548 2438 2601 15.
2468 2546 2587 2616 25).
2614 2546 2731 2602 Non
2759 2547 2881 2602 ideo
2910 2546 3024 2601 haec
3061 2546 3224 2617 dicit,
3251 2546 3393 2616 quod
3422 2563 3524 2599 non
3550 2547 3755 2614 possint

2179 2637 2255 2692 illi
2286 2636 2534 2691 virtutem
2558 2653 2849 2704 exercere;
2881 2637 2976 2692 sed
3019 2636 3160 2705 quod
3203 2636 3442 2701 nollent,
3486 2637 3605 2691 ideo
3647 2652 3756 2690 non

2180 2744 2359 2800 posse.
2390 2728 2501 2784 Hoc
2529 2737 2704 2783 autem
2735 2729 2821 2783 hic
2846 2728 2947 2783 sibi
2969 2730 3079 2782 vult
3100 2727 3443 2797 evangelista,
3466 2743 3571 2781 non
3596 2741 3752 2796 posse

2178 2823 2389 2877 mentiri
2423 2821 2770 2893 prophetam,
2817 2836 2988 2890 neque
3034 2830 3209 2875 tamen
3256 2820 3377 2874 ideo
3425 2818 3752 2887 impossibile

2177 2921 2297 2969 erat
2342 2913 2460 2967 illos
2489 2912 2729 2967 credere.
2779 2911 2995 2967 Poterat
3032 2911 3173 2966 enim
3221 2909 3333 2965 ﬁeri
3375 2918 3433 2964 ut
3460 2910 3616 2964 etiam
3650 2909 3752 2962 illis

2176 3006 2515 3062 credentibus
2540 3021 2698 3060 verax
2745 3014 2887 3059 esset
2924 3003 3202 3074 prOpbeta.
3242 3002 3423 3073 Neque
3448 3002 3591 3058 enim
3636 3001 3751 3056 hate

2175 3098 2418 3163 dixisset,
2448 3098 2492 3151 si
2522 3096 2773 3153 credituri
2807 3096 3047 3151 fuissent.
3097 3093 3235 3156 Cur,
3270 3095 3512 3164 inquies,
3546 3108 3648 3149 non
3675 3092 3749 3147 ita

2175 3190 2345 3245 dixit?
2367 3189 2499 3257 Quia
2522 3191 2654 3243 tales
2673 3187 2927 3258 quasdam
2955 3188 3301 3256 proprietates
3327 3185 3487 3240 habet
3514 3186 3751 3255 Scriptu-

2175 3297 2267 3347 ra,
2300 3290 2354 3335 et
2380 3280 2431 3335 id
2461 3280 2577 3349 ejus
2621 3279 2823 3347 legibus
2861 3277 3279 3333 concedendum.
3328 3276 3453 3333 Haec
3482 3294 3631 3347 porro
3668 3277 3750 3329 di-

2175 3373 2278 3433 xit,
2306 3387 2419 3424 cum
2447 3372 2570 3423 vidit
2595 3369 2812 3441 gloriam
2848 3371 2975 3440 ejus.
3014 3368 3219 3437 Cujus?
3248 3369 3439 3423 Patris.
3485 3367 3592 3423 Cur
3620 3384 3747 3438 ergo

2175 3461 2410 3517 Joannes
2434 3463 2501 3517 de
2531 3461 2666 3516 Filio
2698 3462 2948 3531 loquitur,
2977 3471 3029 3515 et
3055 3461 3247 3515 Paulus
3270 3461 3336 3516 de
3364 3459 3564 3530 Spiritu
3585 3461 3609 3514 ?
3632 3460 3746 3515 Non

2175 3562 2234 3607 ut
2259 3551 2652 3607 confundentes
2685 3552 2997 3623 hypostases
3018 3592 3033 3617 ,
3064 3551 3156 3606 sed
3188 3565 3345 3605 unam
3389 3551 3747 3621 significantes

2174 3644 2505 3713 dignitatem.
2531 3644 2660 3698 Nam
2690 3660 2808 3711 qua:
2834 3644 3004 3698 Patris
3031 3653 3152 3698 sunt
3175 3685 3189 3709 ,
3213 3642 3332 3697 Filii
3364 3652 3522 3709 sunt,
3555 3654 3609 3697 et
3627 3653 3747 3708 quae

2174 3735 2293 3791 Filii
2320 3776 2335 3803 ,
2362 3736 2537 3790 Patris
2567 3737 2607 3787 ί.
2638 3736 2797 3804 Atqui
2825 3735 2989 3789 multa
3020 3750 3116 3799 per
3140 3735 3358 3805 angelos
3390 3734 3543 3801 dixit,
3576 3743 3629 3788 et
3654 3749 3747 3788 ne-

2174 3841 2264 3881 mo
2296 3836 2468 3881 tamen
2513 3825 2624 3892 ait,
2652 3826 2802 3881 Sicut
2825 3825 2959 3880 dixit
3000 3825 3249 3895 angelus;
3301 3825 3392 3879 sed
3422 3825 3581 3896 quid?
3609 3825 3749 3878 Deus

2172 3917 2326 3972 dixit.
2355 3916 2487 3985 Quae
2512 3918 2653 3972 enim
2702 3932 2733 3971 a
2782 3918 2891 3971 Deo
2936 3933 3032 3987 per
3057 3917 3274 3987 angelos
3298 3918 3434 3971 dicta
3461 3926 3616 3982 sunt,
3655 3916 3745 3969 Dei

2174 4019 2328 4075 sunt;
2360 4024 2466 4065 non
2505 4009 2632 4063 item
2659 4025 2777 4080 qua:
2822 4008 2917 4063 Dei
2959 4018 3102 4071 sunt,
3139 4008 3444 4078 angelorum
3476 4018 3616 4062 sunt.
3652 4008 3748 4061 Hic

2174 4115 2307 4155 vero
2336 4100 2412 4154 ait
2447 4100 2609 4155 verba
2647 4100 2875 4170 Spiritus
2909 4114 3048 4155 esse.
3080 4098 3145 4153 Et
3186 4100 3421 4170 loquutus
3462 4108 3535 4152 est
3576 4099 3638 4151 de
3664 4114 3741 4151 eo.

2172 4191 2310 4259 Quid
2338 4192 2587 4262 loquutus
2612 4192 2727 4246 est?
2758 4190 2875 4245 Vidi
2912 4190 3183 4245 Dominum
3208 4191 3459 4245 sedentem
3484 4206 3635 4259 super
3658 4205 3747 4242 so-

2176 4283 2298 4335 lium
2328 4283 2581 4337 eazcelsum
2605 4281 2753 4354 (Isai.
2783 4281 2836 4336 6.
2867 4282 2945 4352 1),
2974 4291 3076 4337 etc.
3120 4281 3353 4338 Gloriam
3392 4296 3519 4350 ergo
3551 4280 3636 4335 hic
3663 4280 3747 4334 di-

2171 4374 2245 4429 cit
2276 4375 2534 4430 visionem
2562 4375 2727 4442 illam,
2749 4373 2971 4439 fumum,
2994 4388 3184 4428 arcana
3212 4373 3427 4427 audisse
3469 4372 3744 4446 mysteria;

2173 4464 2455 4534 Seraphim
2484 4465 2680 4520 vidisse
2698 4504 2713 4531 ,
2741 4464 2912 4535 fulgur
2938 4479 2969 4518 a
2996 4464 3191 4517 throno
3217 4463 3470 4519 exsiliens
3490 4502 3505 4525 ,
3530 4462 3581 4515 in
3604 4462 3745 4530 quod

2170 4557 2439 4625 respicere
2477 4564 2768 4625 potestates
2813 4555 2917 4609 illae
2960 4569 3067 4608 non
3092 4554 3359 4609 valebant.
3400 4552 3468 4606 Et
3512 4553 3747 4621 loquutus

2171 4656 2247 4700 est
2275 4647 2337 4701 de
2358 4662 2437 4701 eo.
2482 4646 2618 4712 Quid
2665 4647 2914 4716 loquutus
2956 4644 3072 4701 est?
3101 4645 3253 4711 Quod
3297 4644 3527 4700 audierit
3557 4659 3743 4697 vocem

2171 4736 2457 4802 dicentem,
2484 4737 2644 4805 Quem
2663 4738 2874 4802 mittant,
2902 4746 2949 4790 et
2968 4736 3077 4805 quis
3106 4737 3236 4790 ibit?
3256 4735 3322 4789 Et
3347 4735 3474 4801 dixi,
3498 4734 3629 4788 Ecce
3654 4750 3745 4802 ego

2171 4843 2306 4893 sum,
2340 4827 2480 4880 mitte
2505 4843 2605 4880 me.
2638 4826 2705 4880 Et
2731 4827 2880 4891 dixit,
2912 4825 3101 4879 Auditu
3127 4826 3361 4891 audietis,
3384 4834 3432 4879 et
3460 4841 3562 4879 non
3596 4825 3747 4878 intelo

2172 4918 2363 4987 ligetis;
2384 4926 2430 4972 et
2454 4918 2673 4971 videntes
2688 4916 2932 4983 videbitis,
2954 4925 3001 4970 et
3026 4918 3272 4971 nescietis.
3300 4915 3585 4971 Emcavit
3610 4917 3746 4971 enim

2170 5011 2342 5064 oculos
2364 5025 2535 5063 eorum
2554 5051 2570 5076 ,
2592 5019 2637 5063 et
2662 5009 2918 5063 induravit
2956 5024 3044 5063 cor
3067 5025 3258 5070 eorum,
3290 5025 3354 5063 ne
3380 5014 3510 5081 forte
3543 5010 3767 5087 videant.

2170 5101 2330 5155 oculis
2354 5141 2369 5166 ,
2397 5109 2445 5153 et
2467 5100 2616 5153 corde
2640 5100 2923 5170 intelligant
2948 5098 3103 5170 (Isai.
3133 5100 3186 5153 6.
3218 5098 3350 5156 840
3373 5098 3418 5171 ).
3447 5100 3528 5155 En
3556 5115 3743 5154 rursus

2169 5192 2326 5245 aliam
2352 5191 2700 5261 quaestionem
2717 5231 2733 5258 ,
2761 5207 2880 5259 quae
2902 5191 3043 5245 nulla
3065 5199 3242 5245 tamen
3267 5200 3382 5255 est,
3412 5193 3458 5244 si
3486 5200 3630 5247 recte
3657 5201 3744 5245 at-

2170 5282 2472 5337 tendamus.
2518 5280 2974 5349 Quemadmodum
3019 5282 3163 5336 enim
3205 5281 3287 5339 sol
3327 5281 3531 5337 debiles
3558 5282 3743 5337 oculos

2169 5372 2445 5442 percellit,
2479 5388 2586 5425 non
2631 5387 2727 5440 per
2775 5372 3043 5440 propriam
3087 5380 3329 5426 naturam
3362 5388 3377 5424 :
3406 5372 3487 5427 sic
3531 5386 3744 5442 quoque

2167 5464 2360 5519 accidit
2387 5464 2472 5531 iis,
2498 5464 2587 5533 qui
2615 5463 2708 5518 Dei
2734 5463 2909 5517 verbis
2945 5479 3053 5519 non
3080 5464 3382 5520 attendunt.
3414 5463 3490 5519 Ita
3520 5474 3575 5520 et
3601 5464 3743 5519 Pha-

2168 5556 2348 5612 raonis
2373 5571 2467 5611 cor
2496 5555 2772 5610 indurasse
2795 5555 3014 5624 dicitur,
3045 5556 3189 5628 quod
3228 5557 3423 5614 accidit
3446 5558 3553 5614 illis
3580 5539 3746 5615 etiam

2230 5700 2248 5730 ι
2282 5694 2421 5745 Savil.
2440 5694 2576 5759 tegit,
2595 5700 2639 5744 et
2662 5706 2771 5757 qua
2786 5692 2924 5756 Filii,
2940 5694 3159 5759 Spiritus,
3184 5700 3237 5746 et
3250 5695 3319 5768 sic
3333 5707 3506 5747 annos
3524 5693 3633 5746 fere
3652 5700 3741 5743 Na:-

2168 5772 2431 5823 ιωδςτιιιιι.
