4100 6362
343 311 451 368 375

345 430 546 501 οιμίοις
574 431 737 503 φησὶν
772 431 801 483 ό
829 430 1235 501 εύαγγελιστὴς,
1262 430 1344 484 ὅτι
1377 433 1499 484 Οὺκ
1526 428 1595 493 ἐξ
1623 425 1907 496 αἱμάτων,

346 517 489 571 οὐδὲ
534 518 603 571 ἐκ
634 516 966 585 θελήματος
996 518 1223 583 σαρκὸς
1243 554 1257 577 ,
1298 515 1435 569 ἀλλ’
1462 515 1532 567 ἐκ
1561 514 1709 567 Θεοῦ
1747 512 1913 579 ἐγεν-

346 601 657 670 νήθησαν,
694 601 975 662 τουτέστι,
1012 598 1107 652 τοῦ
1147 599 1390 668 Πατρόςο
1428 596 1659 651 ἐνταῦθα
1713 594 1769 648 δὲ
1815 593 1913 646 αύ-

346 685 437 747 τὸς
492 684 705 751 λέγεται
765 682 987 745 τούτους
1029 683 1242 752 γεννᾷν,
1288 682 1375 734 ἵνα
1424 680 1635 751 μάθῃς,
1684 678 1764 732 ὅτι
1819 677 1917 746 μία

349 767 596 838 ἐνέργεια
636 765 848 835 Πατρός
894 764 990 818 καὶ
1039 764 1192 819 Υίοῦ.
1262 764 1451 818 Ταῦτα
1506 760 1689 815 είπὼν
1738 763 1771 814 ό
1815 761 1919 828 ’1η-

346 851 534 916 σοῦς,
574 848 673 903 καί
719 848 997 903 ἀπελθὼν
1034 848 1136 902 ἀπ’
1168 844 1395 911 αὐτῶν,
1441 846 1683 913 ἐκρύϐη.
1720 842 1835 896 Νῦν
1868 842 1919 895 τί

348 932 683 1003 κρύπτεται;
715 931 850 985 Οὐδὲ
882 931 988 1001 γὰρ
1039 931 1217 994 λίθους
1249 927 1391 1003 ἦραν
1436 929 1553 983 κατ’
1586 926 1770 990 αὐτοῦ,
1801 927 1921 980 οὐδὲ

347 1017 779 1089 ὲϐλασφήμησάν
824 1033 877 1070 τι
930 1015 1170 1069 τοιοῦτον
1219 1010 1330 1069 οἷον
1380 1014 1707 1086 ἔμπροσθεν.
1762 1013 1919 1076 Τίνος

346 1096 440 1154 οὖν
467 1100 653 1153 ἕνεκεν
679 1098 920 1171 ὲκρύϐη;
952 1100 1064 1164 Τὰς
1087 1099 1312 1169 καρδίας
1343 1097 1659 1168 ἐμϐατεύων
1689 1097 1800 1168 ᾔδει
1828 1096 1918 1150 τὸν

348 1184 521 1254 θυμὸν
543 1184 726 1247 αὐτοῖς
751 1184 1118 1255 ἀγριαίνοντα,
1146 1185 1195 1237 εί
1219 1184 1314 1236 καὶ
1350 1182 1518 1253 μηδὲν
1558 1182 1886 1251 ἐφθέγγοντο
1903 1194 1916 1208 ⁸

346 1268 464 1341 ᾔδει
493 1268 685 1333 ζέοντα
733 1267 827 1321 καὶ
880 1267 1143 1335 φονῶντα,
1182 1267 1277 1319 καὶ
1312 1265 1373 1318 ού
1420 1266 1742 1336 περιέμενεν
1778 1263 1919 1317 ὥστε

348 1353 427 1413 είς
450 1350 609 1420 ἔργον
634 1348 887 1417 ἐξελθεῖν,
916 1349 1053 1403 ἀλλά
1077 1348 1399 1419 κρύπτεται,
1429 1346 1919 1417 παραμυθούμενος

346 1435 523 1488 αὐτῶν
561 1434 652 1488 τὸν
701 1433 915 1503 φθόνον.
949 1433 1091 1503 Ὅρα
1130 1432 1260 1500 γοῦν
1297 1431 1413 1495 πῶς
1441 1431 1602 1484 αὐτὸν
1641 1429 1861 1502 ᾐνίξατο
1890 1430 1920 1481 ό

346 1518 761 1588 εὐαγγελιστής.
799 1516 1016 1579 Εὐθέως
1043 1514 1173 1584 γοῦν
1203 1517 1482 1585 ἐπήγαγε·
1539 1514 1808 1568 Τοσαῦτα
1851 1512 1921 1566 δὲ

345 1602 535 1657 αὑτοῦ
566 1600 785 1669 σημεῖα
838 1599 1255 1667 πεποιηκότος,
1308 1601 1419 1651 οὐκ
1473 1597 1795 1651 ἐπίστευον
1833 1598 1921 1662 είς

346 1683 555 1738 αὐτόν.
586 1685 721 1736 Ποῖα
749 1681 1019 1749 τοσαῦτα;
1055 1682 1193 1735 Ὀσα
1228 1679 1528 1751 παρέλιπεν
1573 1681 1601 1732 ὁ
1632 1677 1919 1748 εύαγγελι·

350 1766 505 1837 στής.
539 1767 647 1819 Kal
676 1768 741 1820 ὲκ
783 1765 890 1818 τῶν
920 1764 1058 1835 μετά
1097 1762 1270 1817 ταῦτα
1310 1763 1367 1816 δὲ
1398 1761 1555 1815 τοῦτο
1599 1762 1776 1832 δῆλον.
1813 1760 1922 1814 Kal

347 1852 458 1921 γὰρ
496 1851 858 1920 ὑποχωρήσας
901 1850 996 1902 καὶ
1034 1847 1237 1911 ἐνδοὺς,
1281 1849 1375 1901 καὶ
1410 1844 1717 1899 ἐπανελθὼν
1759 1844 1922 1899 πάλιν

350 1932 655 2003 ὑφειμένως
694 1933 877 1994 αὐτοῖς
914 1930 1239 1999 διαλέγεται,
1284 1930 1426 1983 οῦτω
1476 1930 1685 1997 λέγων’
1732 1928 1794 1982 '0
1823 1945 1921 1981 πι-

348 2016 583 2069 στεύων
609 2017 694 2080 εὶς
716 2013 839 2083 ἐμὲ,
864 2015 935 2068 οὐ
980 2015 1247 2067 πιστεύει
1276 2017 1363 2080 είς
1382 2014 1508 2082 ἐμὲ,
1531 2013 1670 2067 ἀλλ’
1706 2014 1793 2077 εις
1818 2012 1923 2064 τόν

348 2098 670 2169 πέμψαντά
721 2116 817 2169 με.
863 2098 1006 2169 Ὅρα
1050 2099 1158 2169 γὰρ
1184 2098 1236 2151 τί
1292 2102 1454 2151 ποιεῖ’
1513 2098 1770 2168 Ἀρχεται
1815 2094 1923 2149 ἀπὸ

348 2184 619 2237 ταπεινῶν
655 2184 749 2237 καὶ
802 2183 1278 2253 συνεσταλμένων,
1335 2183 1427 2237 καὶ
1473 2181 1810 2251 καταφεύγει
1842 2183 1923 2244 είς

348 2269 440 2321 τὸν
463 2269 707 2340 Πατέρα·
742 2262 859 2322 εἶτα
891 2268 1055 2323 πάλιν
1080 2268 1231 2340 [406]
1260 2268 1452 2336 ἀνάγει
1483 2268 1574 2320 τὸν
1602 2267 1778 2336 λόγον.
1809 2266 1924 2343 Kal

348 2352 479 2405 ὃταν
527 2353 609 2425 ἴδῃ
643 2352 1120 2424 ὲκθηριουμένους,
1150 2353 1442 2422 ὑποχωρεῖ,
1480 2352 1572 2404 καὶ
1627 2352 1788 2405 πάλιν
1826 2350 1925 2417 ὲφσ·

354 2434 591 2498 ίσταται,
614 2436 710 2489 καὶ
739 2437 846 2489 ἀπὸ
860 2435 1130 2489 ταπεινῶν
1156 2436 1569 2505 προοιμιάζεται
1598 2434 1777 2488 πάλιν.
1815 2434 1924 2487 Kal

352 2519 457 2571 ποῦ
502 2518 662 2572 τοῦτο
718 2520 977 2590 ὲποίησε;
1024 2518 1135 2571 Ποῦ
1170 2519 1276 2589 γὰρ
1314 2519 1414 2571 οὐκ
1458 2517 1745 2589 ὲποίησεν;
1780 2517 1924 2588 ὐρα

352 2602 482 2669 γοῦν
502 2604 560 2657 ἐν
601 2603 743 2679 ἀρχῇ
765 2594 817 2654 τί
847 2618 1016 2673 φησι·
1059 2602 1263 2667 Καθὼς
1293 2602 1508 2667 ἀκούω,
1545 2602 1755 2670 κρίνω·
1803 2595 1924 2653 εἶτα

353 2686 702 2758 ὑψηλότερον,
748 2688 976 2754 Ὠσπερ
1026 2686 1137 2755 γὰρ
1181 2689 1214 2740 ό
1251 2687 1452 2754 Πατὴρ
1512 2686 1724 2755 ἐγειξρει
1782 2684 1924 2749 τοὺς

350 2770 605 2838 νεκροὺς
643 2769 743 2823 καὶ
768 2770 1047 2833 ζωοποιεῖ,
1084 2771 1235 2823 οὕτω
1269 2771 1366 2823 καί
1395 2773 1427 2824 ό
1476 2770 1608 2835 Υἱὸς
1629 2769 1737 2836 οὓς
1765 2768 1924 2824 θέλει

354 2852 653 2913 ζωοποιεῖ⁶
718 2852 901 2916 πάλιν,
958 2852 1105 2922 Ἐγὼ
1154 2855 1224 2906 οὐ
1277 2854 1459 2920 κρίνω
1514 2843 1689 2922 ὑμᾶς,
1734 2852 1924 2918 ἄλλος

351 2935 524 2988 ἐστίν
552 2938 585 2989 ό
618 2936 854 3004 κρίνων.
914 2932 1049 2989 Εἶτα
1098 2936 1372 3007 ἀναχωρεῖ
1406 2935 1599 2989 πάλιν·
1636 2930 1753 2987 εἶτα
1800 2937 1922 2988 ὲπι-

358 3020 489 3082 στάς
511 3023 576 3092 τῇ
596 3020 873 3092 Γαλιλαίᾳ,
912 3018 1276 3088 Ἐργὰζεσθε,
1322 3020 1475 3088 φησὶ,
1513 3019 1599 3089 μὴ
1631 3016 1748 3085 τὴν
1767 3019 1925 3088 ,ϐρῶ-

352 3120 459 3157 σιν
496 3102 608 3171 τὴν
636 3101 1087 3172 ἀπολλυμένην.
1125 3104 1235 3156 Kal
1266 3102 1435 3155 εἰπὼν
1466 3104 1591 3174 περὶ
1627 3104 1791 3157 αὐτοῦ
1824 3122 1923 3174 με-

354 3188 514 3256 γάλα,
549 3190 630 3242 ὅτι
681 3191 745 3241 ἐκ
788 3187 883 3241 τοῦ
925 3187 1151 3259 ούρανοῦ
1210 3186 1604 3258 καταϐέϐηκεν,
1655 3189 1736 3241 ὃτι
1782 3188 1924 3258 ζωὴν

354 3271 571 3324 αἰώνιον
603 3272 806 3337 δίδωσι,
838 3272 999 3325 πάλιν
1021 3273 1310 3341 ἀναχωρεῖ.
1338 3272 1447 3323 Kal
1478 3274 1545 3341 τῇ
1575 3272 1926 3342 Σκηνοπηγίᾳ

356 3355 517 3408 πάλιν
546 3356 791 3419 ὲπιστάς,
826 3355 886 3408 τὸ
923 3355 1053 3408 αὐτὸ
1079 3353 1237 3407 τοῦτο
1269 3348 1437 3406 ποιεῖῖ

429 3522 494 3592 β’.
524 3523 633 3576 Kal
657 3521 916 3591 διηνεκῶς
952 3522 1049 3576 ἴδοι
1080 3540 1162 3585 τις
1196 3522 1261 3575 ἂν
1282 3520 1423 3574 οὕτω
1455 3522 1797 3575 ποικίλλοντα
1828 3523 1925 3594 τὴν

354 3606 723 3671 διδασκαλίαν,
753 3606 1045 3677 παρουσίᾳ.
1087 3606 1344 3677 ἀπουσίᾳ,
1378 3611 1673 3671 ταπεινοῖς,
1705 3607 1927 3679 ὑψηλοῖς

356 3691 555 3759 λόγοις.
604 3693 669 3745 Ὀ
693 3692 783 3744 καὶ
802 3690 1034 3744 ἐνταῦθα
1066 3691 1356 3760 πεποίηκε.
1398 3690 1666 3744 Τοσαῦτα
1713 3690 1781 3743 δὲ
1824 3694 1929 3746 αὺ-

356 3775 463 3828 τοῦ
496 3775 715 3843 σημεῖα
751 3775 1167 3842 πεποιηκότος,
1202 3776 1313 3827 οὐκ
1345 3773 1669 3829 ἐπίστευον
1699 3779 1785 3841 είς
1821 3779 1929 3830 αὺ-

357 3857 484 3922 τὸν,
520 3858 704 3926 φησὶν,
758 3857 860 3910 ἵνα
923 3854 1210 3924 πληρωθῇ
1255 3859 1288 3910 ό
1340 3858 1522 3926 λόγος
1577 3858 1815 3912 Ἡσαΐου
1858 3860 1931 3913 ὃν

358 3936 486 3993 εἶπε
518 3956 531 3969 ·
561 3941 758 4007 Κύριε,
782 3940 874 4005 τίς
898 3939 1222 3994 ἐπίστευσε
1241 3937 1315 4007 τῇ
1340 3938 1492 4008 ἀκοῇ
1516 3940 1686 4010 ἡμῶν
1708 3958 1728 4005 ;
1769 3942 1867 3995 καί
1897 3944 1929 3996 ό

356 4022 624 4095 βραχίων
670 4024 886 4090 Κυρίου
927 4024 1043 4075 τίνι
1095 4023 1525 4091 ἁπεκαλύφθη;
1578 4026 1687 4077 Καὶ
1745 4025 1926 4090 πάλιν,

364 4108 484 4160 Οὐκ
495 4105 815 4175 ἠδύναντο,
834 4106 989 4176 φησὶ,
1005 4107 1330 4170 πιστεύειν,
1348 4105 1437 4159 ὅτι
1459 4103 1628 4160 εἶπεν
1649 4109 1895 4173 Ἡσαΐας
1911 4124 1925 4138 ο

259 4189 262 4193 ’
375 4190 540 4258 Ἀκοῇ
569 4191 885 4253 ἀκούσετε,
918 4192 1017 4244 καὶ
1041 4195 1112 4245 οὐ
1138 4190 1224 4260 μὴ
1249 4190 1500 4257 συνῆτε.
1537 4192 1727 4246 Ταῦτα
1753 4191 1821 4245 δὲ
1851 4191 1931 4247 εἷς

361 4292 494 4338 πεν,
526 4274 623 4327 ὅτε
640 4274 761 4327 εἶδε
782 4273 896 4341 τὴν
925 4272 1111 4338 δόξαν
1137 4273 1322 4327 αὐτοῦ
1349 4274 1450 4328 καί
1490 4274 1756 4343 ἐλάλησε
1799 4276 1932 4344 περὶ

360 4358 567 4412 αὑτοῦ.
617 4359 747 4429 Ἰδοὺ
790 4358 954 4414 πάλιν
989 4358 1072 4421 τὸ,
1108 4356 1259 4423 Ὅτι,
1304 4358 1398 4410 καὶ
1436 4354 1641 4424 Εἶπεν,
1681 4361 1801 4430 οὐχὶ
1848 4362 1932 4414 al-

361 4441 653 4509 τιολογίας,
702 4440 815 4494 ἀλλ’
865 4441 1161 4504 ἐκϐάσεως.
1220 4440 1353 4494 Οὐδὲ
1395 4440 1501 4513 γάρ
1546 4442 1733 4513 ἐπειδὴ
1777 4438 1931 4496 εἶπεν

375 4527 621 4592 Ἡσαΐας,
653 4527 753 4581 οὐκ
772 4526 1055 4579 ἐπίστευον
1076 4542 1090 4555 ⁸
1122 4525 1234 4578 ἀλλ’
1257 4526 1442 4597 ἐπειδὴ
1471 4526 1569 4579 οὐκ
1591 4526 1815 4598 ἔμελλον
1845 4547 1933 4581 πι-

366 4611 595 4675 στεύειν,
639 4611 728 4669 διά
762 4610 920 4664 τοῦτο
972 4606 1124 4668 εἶπεν
1172 4610 1413 4673 Ἡσαΐας.
1466 4611 1529 4663 Τί
1566 4608 1660 4664 οὖν
1702 4613 1801 4682 ούχ
1836 4612 1930 4665 οὗ·

362 4714 470 4760 τως
507 4697 535 4747 ὁ
575 4694 964 4765 εύαγγελιστὴς
994 4694 1159 4763 λέγει,
1210 4694 1345 4748 ἀλλά
1384 4694 1483 4765 τὴν
1529 4696 1785 4750 ἀπιστίαν
1824 4697 1932 4751 ἀπὸ

362 4779 460 4847 τῆς
520 4780 873 4849 προφητείας,
914 4780 975 4832 ού
1024 4780 1123 4847 τὴν
1161 4780 1495 4850 προφητείαν
1530 4780 1637 4833 ἀπὸ
1668 4780 1770 4849 τῆς
1804 4782 1933 4833 ἀπι-

365 4862 517 4925 στίας
573 4857 711 4914 εἷναί
758 4879 915 4931 φησι·
964 4864 1058 4916 καὶ
1104 4862 1326 4932 προῖὼν,
1378 4862 1730 4933 σφοδρότερον
1775 4863 1933 4917 τοῦτο

362 4946 493 5004 αὐτὸ
507 4947 740 5015 τίθησιν,
771 4946 911 4999 οὕτω
935 4946 1109 5014 λέγων
1129 4961 1141 4973 '
1176 4945 1279 4999 Διὰ
1308 4947 1481 5000 τοῦτο
1502 4950 1613 5001 οὐκ
1638 4949 1934 5017 ἠδύναντο

361 5032 687 5092 πιστεύειν.
720 5031 809 5087 ὅτι
840 5027 1009 5084 εἶπεν
1044 5031 1317 5098 Ἡσαΐας;
1359 5030 1634 5086 Ἐντεῦθεν
1654 5035 1934 5103 παραστῆ-

365 5132 456 5168 σαι
486 5114 575 5168 διά
618 5114 825 5168 πολλῶν
885 5115 1131 5185 βούλεται
1174 5115 1234 5168 τὸ
1282 5117 1380 5185 τῆς
1415 5116 1633 5185 Γραφῆς
1663 5118 1892 5186 ἀψευδές
1915 5135 1930 5149 ·

362 5200 459 5252 καὶ
501 5199 584 5251 ὅτι
611 5198 756 5268 ἅπερ
776 5200 1199 5269 προεφήτευσεν,
1231 5198 1329 5268 οὐχ
1357 5199 1558 5269 ἑτέρως
1591 5199 1773 5270 ἐξέϐη,
1814 5201 1932 5254 ἀλλ’

362 5282 436 5344 ὡς
468 5276 637 5334 εἶπεν.
675 5281 788 5333 ’Ίνα
836 5280 945 5351 γὰρ
1000 5283 1072 5350 μή
1111 5298 1196 5343 τις
1225 5281 1381 5352 λέγῃ,
1436 5283 1545 5339 Kal
1579 5283 1720 5347 τίνος
1751 5285 1933 5337 ἕνεκεν

360 5359 525 5434 ἦλθεν
551 5368 579 5418 ὁ
609 5365 881 5434 Χριστός;
918 5364 1020 5417 οὐκ
1068 5364 1186 5436 ᾔδει
1244 5366 1325 5417 ὅτι
1373 5364 1471 5417 οὐκ
1514 5364 1737 5434 ἔμελλον
1786 5366 1934 5436 αὺτῷ

362 5448 685 5519 προσέχειν;
725 5446 819 5501 καὶ
846 5449 973 5510 τοὺς
995 5450 1276 5519 προφήτας
1304 5448 1685 5517 εἰσάγειτοῦτο
1704 5449 1929 5514 εἰδότας.

360 5526 535 5583 Ἦλθε
567 5532 644 5591 δὲ,
674 5532 758 5588 ἵνα
782 5531 1051 5602 πρόφασιν
1085 5533 1157 5603 μὴ
1203 5533 1365 5602 έχωσι
1392 5532 1517 5603 περὶ
1542 5532 1641 5602 τῆς
1663 5534 1934 5603 ἁμαρτίας

361 5616 562 5667 αὐτῶν.
610 5618 678 5668 Ἀ
726 5617 834 5686 γὰρ
881 5618 1138 5685 προεῖπεν
1170 5618 1199 5668 ὁ
1238 5618 1543 5687 προφήτης,
1589 5617 1665 5680 ὼς
1716 5617 1932 5680 πάντως

362 5699 595 5767 ἐσόμενα
625 5702 903 5767 προεῖπεν.
941 5700 1001 5750 Εἰ
1043 5700 1151 5767 γὰρ
1191 5699 1262 5770 μὴ
1306 5701 1523 5762 πάντως
1560 5699 1781 5769 ἔμελλεν
1814 5699 1931 5751 έσε-

363 5782 509 5846 σθαι,
539 5783 638 5834 οὐκ
670 5784 736 5835 ἂν
772 5788 1030 5854 προεῖπε·
1071 5785 1285 5847 πάντως
1322 5784 1378 5836 δὲ
1426 5783 1646 5855 ἔμελλεν
1690 5783 1929 5848 ἔσεσθαι,

363 5867 555 5936 ἐπειδὴ
586 5868 820 5931 ἀνιάτως
845 5864 989 5938 εἶχον
1014 5869 1229 5920 ἐκεῖνοι.

434 5960 495 6017 Εἰ
527 5960 580 6014 δὲ
600 5964 769 6015 κεῖται
793 5962 872 6028 τὸ,
910 5963 1029 6017 Οὐκ
1051 5960 1366 6029 ἠδύναντο,
1402 5962 1517 6016 ἀντὶ
1540 5960 1651 6028 τοῦ,
1673 5962 1783 6016 Οὐκ
1806 5961 1929 6033 ἤθει

1324 310 1394 365 ΙΝ
1427 306 1740 365 JOANNEM
1777 302 1989 360 IIOMIL
2051 303 2279 359 LXVIII.
2320 306 2390 360 aI.
2433 305 2643 362 LXVII.

3483 313 3588 371 376

2019 424 2343 485 λον,κεῖται.
2377 427 2486 480 Kal
2523 428 2596 497 μὴ
2627 426 2931 497 θαυμάσῃς.
2953 427 3063 480 Kal
3096 427 3202 499 γὰρ
3222 427 3317 481 καὶ
3353 428 3586 499 ἀλλαχοῦ

2022 526 2205 579 φησιν.
2260 510 2322 561 Ὀ
2342 509 2672 578 δυνάμενος
2698 509 2926 578 χωρεῖν,
2956 512 3230 578 χωρείτω.
3266 512 3453 577 Οὕτως
3478 510 3587 568 οἶδε

2022 594 2291 665 πολλαχοῦ
2311 595 2538 665 δύναμιν
2571 596 2668 665 τὴν
2689 594 3004 666 προαίρεσιν
3027 595 3225 664 λέγειν.
3254 599 3364 651 Kal
3393 599 3553 654 πάλιν
3569 617 3585 633 ο

2026 680 2108 730 Οὐ
2137 677 2383 731 δύναται
2401 680 2434 731 ὁ
2458 679 2683 745 κόσμος
2711 677 2915 747 μισεῖν
2940 680 3096 751 ὑμᾶς
3118 696 3131 710 ’
3170 680 3274 749 ἐμὲ
3308 683 3375 735 δὲ
3401 683 3587 753 μισεῖ.

2022 759 2193 813 Τοῦτο
2214 760 2270 812 δὲ
2296 760 2389 812 καὶ
2421 762 2478 811 ὲν
2502 763 2567 828 τῇ
2593 764 2742 832 κοινῇ
2774 765 3031 835 συνηθείᾳ
3061 765 3458 835 φυλαττόμενον
3492 766 3589 819 ῐδοι

2020 859 2103 906 τις
2124 843 2189 896 ἄν
2213 858 2227 872 ο
2259 842 2334 904 ὼς
2356 843 2481 895 ὅταν
2510 842 2639 912 λέγῃ
2670 862 2751 907 τις
2776 862 2789 876 ·
2831 847 2905 899 Ού
2935 848 3165 917 δύναμαι
3191 848 3472 919 ἀγαπῆσαι
3499 850 3591 901 τὸν

2021 926 2186 980 δεῖνα·
2214 927 2281 987 ,τὸ
2317 927 2545 998 σφοδρὸν
2597 928 2697 997 τῆς
2749 928 3077 1001 βουλήσεως,
3120 931 3349 1001 δύναμιν
3394 932 3587 999 λέγων.

2022 1009 2135 1062 Kal
2172 1009 2369 1063 πάλινο
2425 1010 2499 1062 Ού
2531 1009 2749 1065 δύναται
2773 1014 2801 1065 ό
2842 1013 2987 1065 δεῖνα
3027 1012 3279 1081 γενέσθαι
3326 1014 3581 1084 χρηστός.

2021 1092 2130 1144 Kal
2167 1093 2196 1143 ό
2234 1093 2518 1163 προφήτης
2537 1092 2593 1145 δὲ
2613 1094 2665 1146 τί
2710 1112 2872 1165 φησιν
2896 1111 2910 1159 ;
2936 1097 3003 1148 El
3030 1095 3353 1159 ἀλλάξεται
3377 1097 3595 1163 Αἰθίοψ

2020 1175 2088 1228 τὸ
2120 1175 2305 1244 δέρμα
2331 1176 2536 1241 αὑτοῦ,
2564 1177 2659 1229 καὶ
2687 1177 2979 1246 πάρδαλις
3011 1180 3082 1233 τὰ
3111 1180 3469 1247 ποικίλματα
3488 1181 3593 1234 αὺ-

2022 1259 2152 1327 τῆς,
2200 1260 2353 1313 καὶὸ
2382 1259 2531 1325 λαός
2561 1257 2732 1327 οὗτος
2758 1262 3088 1331 δυνήσεται
3116 1259 3186 1318 εὖ
3220 1262 3468 1330 ποιῆσαι
3490 1281 3595 1332 με·

2015 1348 2297 1418 μαθηκὼς
2325 1349 2499 1403 κακά.
2536 1350 2609 1403 Ού
2631 1350 2788 1404 τοῦτό
2810 1368 2996 1422 φησιν,
3022 1353 3104 1405 ὅτι
3132 1351 3391 1408 ἀδύνατος
3412 1353 3594 1416 αὐτοῖς

2022 1433 2176 1504 ἡτῆς
2208 1434 2409 1505 ἀρετῆς
2468 1435 2731 1507 ἐργασία·
2778 1436 2892 1488 ἀλλ’
2946 1437 3028 1489 ὅτι
3065 1437 3127 1489 οὐ
3172 1436 3468 1506 βούλονται,
3508 1438 3595 1491 διὰ

2021 1515 2178 1568 τοῦτο
2225 1517 2285 1568 οὐ
2339 1516 2613 1570 δύνανται.
2675 1519 2784 1571 Kal
2827 1518 2855 1571 ὃ
2910 1517 3058 1586 λέγει
3100 1521 3129 1571 ό
3169 1519 3593 1591 εύαγγελιστής,

2020 1598 2178 1651 τοῦτό
2215 1615 2401 1670 φησιν,
2448 1600 2529 1653 ὅτι
2572 1600 2830 1653 ἀδύνατον
2872 1596 2940 1672 ἦν
2976 1601 3277 1671 ψεύσασθαι
3319 1601 3467 1673 [407]
3504 1604 3596 1656 τὸν

2023 1683 2327 1756 προφήτην.
2383 1682 2456 1736 Ού
2502 1681 2606 1754 μὴν
2641 1682 2729 1736 διὰ
2774 1683 2931 1737 τοῦτο
2978 1683 3235 1738 ἀδύνατον
3290 1681 3359 1756 ἦν
3398 1686 3595 1749 αὐτοὺς

2024 1766 2332 1819 πιστεῦσαι.
2374 1766 2530 1837 Ἐνῆν
2575 1767 2707 1837 γὰρ,
2764 1767 2861 1821 καὶ
2924 1768 3331 1821 πιστευσάντων
3392 1769 3593 1835 αὐτῶν,

2022 1850 2224 1919 ἀψευδῆ
2281 1849 2478 1920 μένειν.
2530 1851 2605 1903 Ού
2660 1851 2769 1923 γὰρ
2800 1850 2867 1905 ἂν
2890 1852 3061 1906 ταῦτα
3091 1858 3371 1927 προεῖπεν,
3404 1856 3452 1908 εί
3502 1874 3595 1909 πιο

2025 1934 2234 1986 στεύειν
2257 1934 2499 2003 ἔμελλον.
2540 1934 2607 1986 Τί
2654 1933 2769 2001 οὖν,
2821 1937 3006 2006 φησὶν,
3057 1938 3155 2007 οὐχ
3193 1936 3369 2001 οὕτως
3396 1935 3587 2000 εἶπεν,

2026 2017 2148 2069 Ὅτι
2190 2016 2454 2085 ίδιώματά
2496 2034 2615 2071 τινα
2643 2019 2676 2088 ἡ
2702 2019 2892 2091 Γραφὴ
2929 2018 3155 2073 τοιαῦτα
3211 2020 3343 2091 ἔχει,
3380 2022 3475 2074 καὶ
3510 2022 3590 2074 δεῖ

2023 2101 2133 2161 τοῖς
2154 2098 2339 2168 νόμοις
2370 2099 2540 2170 αὐτῆς
2572 2106 2936 2172 παραχωρεῖν.
2977 2103 3166 2157 Ταῦτα
3191 2103 3260 2155 δὲ
3289 2100 3478 2168 εἷπεν,
3500 2104 3599 2158 ὅτε

2022 2179 2143 2237 εἶδε
2164 2183 2278 2249 τὴν
2313 2182 2501 2247 δόξαν
2540 2186 2747 2240 αὐτοῦ.
2804 2186 3000 2251 Τίνος;
3055 2188 3159 2241 Τοῦ
3195 2190 3429 2259 Πατρός.
3471 2189 3598 2252 Πῶς

2023 2262 2117 2319 οὖν
2153 2266 2181 2317 ὁ
2201 2266 2452 2337 Ἰωάννης
2481 2268 2718 2337 περὶτοῦ
2747 2268 2876 2322 Υίοῦ
2908 2269 3075 2337 λέγει,
3099 2273 3127 2323 ό
3148 2271 3205 2322 δὲ
3236 2272 3446 2335 Παῦλος
3469 2272 3599 2342 περὶ

2022 2350 2118 2404 τοῦ
2171 2351 2519 2422 Πνεύματος;
2549 2352 2661 2422 Οὐχ
2684 2353 2761 2416 ὼς
2794 2353 3205 2423 συναλείφοντες
3236 2358 3335 2418 τὰς
3363 2357 3597 2409 ὑποστά-

2026 2452 2160 2498 σεις,
2203 2434 2341 2488 ἀλλά
2381 2435 2509 2506 μίαν
2556 2436 2711 2500 ἀξίαν
2755 2436 3040 2506 δηλοῦντες
3080 2433 3240 2501 εἶναι,
3277 2439 3429 2508 φησί.
3488 2442 3598 2493 Kal

2023 2519 2129 2587 γὰρ
2157 2518 2226 2571 τά
2256 2518 2349 2571 τοῦ
2377 2517 2591 2589 Πατρὸς
2620 2518 2712 2571 τοῦ
2752 2519 2882 2572 Υἱοῦ
2904 2560 2918 2583 ,
2970 2522 3064 2573 καὶ
3101 2521 3169 2574 τά
3200 2520 3293 2574 τοῦ
3343 2521 3472 2574 Υίοῦ
3502 2521 3595 2574 τοῦ

2024 2601 2237 2671 Πατρός
2265 2602 2383 2654 ἐστι
2421 2615 2468 2654 ι.
2516 2602 2707 2656 Καίτοι
2738 2601 2907 2655 πολλά
2938 2603 3003 2655 δι’
3032 2603 3277 2670 ἀγγέλων
3318 2602 3459 2665 εἷπε,
3502 2604 3598 2657 καὶ

2024 2685 2199 2747 οὐδεὶς
2227 2684 2393 2753 λέγει,
2434 2686 2615 2751 καθὼς
2643 2681 2796 2739 εἶπεν
2827 2688 2856 2739 ὁ
2904 2686 3132 2755 ἄγγελος
3154 2704 3167 2717 ·
3225 2686 3361 2740 ἀλλά
3409 2688 3500 2753 τίς
3540 2690 3598 2741 Ὀ

2024 2767 2155 2831 Θεὸς
2183 2762 2354 2821 εἶπεν.
2385 2769 2467 2822 Τὰ
2507 2770 2604 2839 μὲν
2630 2769 2739 2841 γὰρ
2769 2770 2874 2822 ὑπὸ
2918 2769 3012 2822 τοῦ
3050 2769 3182 2822 Θεοῦ
3239 2771 3306 2823 δι’
3350 2771 3598 2839 ἀγγέλων

2025 2851 2309 2922 εἰρημένα,
2333 2852 2426 2905 τοῦ
2446 2850 2580 2905 Θεοῦ
2612 2852 2676 2905 ἂν
2714 2852 2836 2923 εἴη’
2874 2852 2974 2905 οὐκ
3027 2853 3108 2906 ἔτι
3156 2853 3213 2905 δὲ
3254 2854 3349 2907 καὶ
3384 2854 3450 2906 τά
3502 2853 3598 2906 τοῦ

2024 2934 2181 2998 Θεοῦ,
2234 2935 2339 2988 τῶν
2381 2936 2649 3004 ἀγγέλων.
2732 2935 2994 2990 Ἐνταῦθα
3040 2936 3097 2990 δὲ
3137 2937 3230 2990 τοῦ
3284 2938 3601 3007 Πνεύματός

2027 3036 2191 3089 φησιν
2232 3016 2370 3073 εἶναι
2410 3020 2477 3072 τὰ
2509 3022 2747 3090 ῥήματα.
2784 3021 2891 3074 Kal
2919 3018 3187 3087 ἐλάλησε
3217 3021 3351 3087 περὶ
3391 3022 3597 3074 αὐτοῦ.

2026 3103 2093 3155 Τί
2132 3101 2638 3173 ὲλάλησεν;ΕῘδον
2687 3103 2796 3156 τὸν
2853 3104 3071 3171 Κύριον
3113 3102 3450 3171 καθήμενον
3500 3103 3600 3157 ἐπὶ

2026 3189 2244 3255 θρόνου
2268 3187 2531 3256 ὑψηλοῦ,
2558 3188 2652 3241 καὶ
2695 3186 2765 3240 τὰ
2818 3187 2963 3255 ἑξῆς.
3017 3185 3185 3251 Δόξαν
3223 3183 3314 3240 οῦν
3370 3187 3604 3241 ἐνταῦθά

2027 3288 2184 3341 φησι,
2213 3270 2315 3341 τὴν
2341 3270 2463 3340 ϐψιν
2489 3272 2724 3341 ἐκείνην,
2748 3272 2838 3324 τὸν
2864 3270 3091 3334 καπνὸν,
3141 3271 3203 3323 τὸ
3230 3270 3459 3323 ἀκοῦσαι
3501 3288 3605 3339 μυ-

2030 3355 2265 3427 στηρίων
2336 3356 2684 3427 ἀπορρήτων,
2744 3355 2807 3408 τὸ
2862 3356 2988 3408 ίδεῖν
3037 3354 3106 3407 τὰ
3170 3354 3440 3424 Σεραφὶμ,
3502 3354 3604 3425 τὴν

2028 3440 2316 3510 ἀστραπήν
2342 3439 2441 3508 τὴν
2471 3438 2577 3491 ἀπὸ
2622 3437 2715 3491 τοῦ
2765 3438 2956 3508 θρόνου
2988 3437 3263 3505 πηδῶσαν,
3359 3436 3605 3489 ἀντιϐλέ-

2027 3523 2127 3593 ψαι
2154 3523 2209 3575 αἱ
2234 3523 2488 3591 δυνάμεις
2540 3521 2640 3575 οὐκ
2682 3516 2838 3590 ,εἶχον
2888 3523 3112 3574 ἐκεῖναι.
3173 3519 3285 3573 Kal
3336 3519 3604 3586 ἐλάλησα

2030 3605 2165 3673 περὶ
2217 3605 2424 3658 αὐτοῦ.
2466 3604 2531 3656 Τί
2570 3603 2860 3673 έλάλησενς
2896 3605 3017 3656 ’Ὁτι
3048 3603 3249 3672 ἤκουσε
3284 3601 3468 3671 φωνήν
3517 3601 3605 3653 λέ-

2030 3705 2231 3757 γουσαν
2255 3704 2269 3719 ο
2322 3690 2459 3742 Τίνα
2507 3688 2866 3748 ἀποστείλω,
2920 3686 3017 3739 καὶ
3068 3685 3159 3751 τίς
3215 3686 3604 3751 πορεύσεται;

2030 3773 2140 3827 Kal
2185 3766 2385 3825 εἷπον·
2434 3769 2579 3825 Ἰδοὺ
2612 3768 2726 3840 ἐγώ
2763 3774 2901 3837 εἰμι,
2952 3769 3320 3823 ἀπόστειλόν
3352 3784 3448 3837 με.
3495 3765 3604 3820 Kal

2032 3853 2237 3909 εἶπενο
2311 3852 2489 3922 Ἀκοῇ
2545 3854 2870 3917 ἀκούσετε,
2921 3853 3020 3905 καὶ
3081 3855 3152 3907 οὐ
3204 3852 3291 3922 μὴ
3347 3850 3600 3919 συνῆτε,

2033 3940 2131 3994 καὶ
2152 3940 2490 4004 βλέποντες
2516 3935 2804 4005 βλέψετε,
2830 3936 2929 3989 καὶ
2975 3937 3046 3989 οὺ
3082 3935 3167 4005 μὴ
3214 3936 3397 4003 ἴδητε.
3439 3936 3605 3989 Ἐτύ-

2033 4027 2238 4092 εολωσε
2267 4022 2377 4091 γὰρ
2403 4020 2601 4074 αὐτῶν
2629 4019 2770 4084 τοὺς
2799 4019 3166 4091 ὀφθαλμοὺς,
3202 4020 3297 4072 καί
3332 4020 3605 4087 πεπωρω-

2034 4123 2141 4159 κεν
2199 4102 2397 4158 αὐτῶν
2446 4101 2563 4171 τὴν
2610 4102 2880 4171 καρδίαν,
2922 4102 3007 4171 μή
3062 4118 3207 4155 ποτε
3274 4101 3439 4154 ιδωσι
3480 4100 3605 4166 τοῖς

2037 4186 2381 4255 ὀφθαλμοῖς,
2405 4185 2504 4239 καὶ
2552 4183 2626 4252 τῇ
2672 4185 2881 4253 καρδίᾳ
2908 4183 3199 4239 συνῶσιν.
3256 4184 3385 4236 Ἰδοὺ
3443 4183 3604 4237 πάλιν

2036 4270 2222 4340 ἕτερον
2271 4267 2491 4339 ζήτημα
2515 4283 2530 4299 ’
2578 4267 2693 4321 ἀλλ’
2739 4268 2841 4320 οὐκ
2881 4268 3059 4329 ἐστιν,
3095 4268 3188 4319 ἐὰν
3222 4266 3397 4337 ὀρθῶς
3437 4282 3607 4337 προσ-

2035 4353 2267 4423 έχωμεν.
2320 4353 2531 4421 Ὥσπερ
2563 4350 2670 4421 γὰρ
2704 4353 2734 4404 ό
2763 4351 2913 4421 ἥλιος
2944 4350 3051 4403 τῶν
3096 4350 3337 4403 ἀσθενῶν
3385 4350 3607 4420 πλήττει

2034 4437 2132 4498 τὰς
2162 4434 2311 4503 ὄψεις
2336 4434 2395 4487 οὐ
2437 4432 2587 4503 παρὰ
2613 4433 2712 4503 τήν
2736 4433 2943 4486 οἰκείαν
2986 4432 3165 4502 φύσιν,
3209 4432 3351 4486 οὕτω
3383 4435 3477 4487 καὶ
3513 4435 3608 4487 ἐπὶ

2035 4518 2143 4570 τῶν
2172 4517 2247 4588 μὴ
2293 4516 2666 4587 προσεχόντων
2698 4520 2809 4580 τοῖς
2851 4518 2943 4570 τοῦ
2977 4516 3111 4569 Θεοῦ
3160 4516 3340 4585 λόγοις
3376 4518 3604 4585 γίνεται.

2036 4600 2193 4653 Οὕτω
2220 4601 2314 4653 καὶ
2342 4603 2436 4652 ἐπὶ
2464 4600 2559 4653 τοῦ
2583 4600 2783 4673 Φαραὼ
2804 4599 2902 4669 τὴν
2929 4600 3156 4669 καρδίαν
3186 4600 3481 4671 σκληρῦναι
3516 4602 3606 4654 λέ-

2035 4699 2211 4751 γεται,
2250 4683 2392 4737 οὕτω
2423 4686 2521 4739 καὶ
2542 4685 2766 4739 ἐπὶτῶν
2797 4682 3240 4754 φιλονεικούντων
3286 4702 3338 4736 τι
3374 4687 3486 4745 τοῖς
3512 4684 3607 4737 τοῦ

2035 4769 2171 4823 Θεοῦ
2201 4769 2378 4838 λόγοις
2410 4771 2642 4840 γίνεται.
2692 4770 2908 4840 ’ἰδίωμα
2937 4768 2994 4824 δὲ
3030 4769 3124 4822 καὶ
3156 4768 3315 4821 τοῦτο
3344 4769 3442 4839 τῆς
3468 4771 3609 4839 Γρα-

2037 4856 2164 4925 φῆς,
2204 4854 2278 4918 ὡς
2302 4864 2331 4905 δ
2365 4856 2458 4908 xal
2495 4856 2575 4921 τὸ,
2606 4854 2951 4923 Παρέδωκεν
2982 4856 3071 4920 είς
3115 4854 3403 4922 ἀδόκιμον
3433 4853 3615 4918 νοῦν,

2036 4938 2130 4991 καὶ
2147 4938 2225 4999 τὸ,
2272 4939 2564 5006 Ἀπένειμε
2592 4938 2716 5003 τοῖς
2740 4938 2962 4997 ἔθνεσι,
2997 4937 3266 5001 τουτέστι,
3294 4937 3611 5008 Συνεχὼρηέ

2038 5038 2151 5083 σεν,
2208 5020 2440 5090 ἀφῆκεν.
2494 5022 2628 5091 Οὐχὶ
2649 5020 2759 5090 γὰρ
2811 5020 3139 5092 ἐνεργοῦντα
3175 5020 3334 5073 αὑτὸν
3376 5020 3607 5073 ἐνταῦθα

2036 5109 2267 5177 εἰσάγει,
2297 5109 2412 5162 ἀλλ’
2444 5111 2509 5162 ὲκ
2529 5109 2626 5179 τῆς
2650 5110 2851 5180 ἐτέρων
2878 5109 3139 5180 πονηρίας
3163 5108 3336 5162 ταῦτα
3352 5109 3611 5177 γινόμενα

2034 5199 2326 5252 δείκνυσιν.
2350 5199 2516 5252 Ὅταν
2539 5197 2648 5268 γὰρ
2678 5197 3189 5269 έγκαταλειφθῶμεν
3206 5198 3311 5250 ὑπὸ
3336 5197 3428 5250 τοῦ
3448 5196 3603 5258 Θεοῦ,

2036 5280 2442 5355 παραδιδόμεθα
2486 5280 2564 5351 τῷ
2590 5281 2858 5352 διαϐόλῳο
2896 5281 2974 5351 τῷ
3016 5281 3248 5351 διαϐόλῳ
3274 5280 3331 5333 δὲ
3370 5280 3608 5351 παραδο-

2035 5366 2241 5431 θέντες,
2296 5366 2463 5438 μυρία
2520 5366 2801 5438 πάσχομεν
2839 5366 3006 5420 δεινά.
3057 5366 3240 5418 Φοϐῶν
3284 5365 3461 5417 τοίνυν
3514 5365 3611 5418 τὸν

2036 5453 2330 5525 ἀκροατὴν,
2385 5456 2567 5525 φησὶν,
2640 5455 3031 5523 Ἕσκλήρυνε,
3096 5456 3191 5507 καὶ
3237 5452 3605 5522 Παρέδωκεν.

2037 5540 2159 5592 ’Ὀτι
2187 5537 2296 5608 γὰρ
2329 5538 2488 5599 αὐτὸς
2516 5538 2578 5590 ού
2620 5538 2779 5607 μόνον
2804 5538 2865 5590 οὐ
2905 5537 3286 5609 παραδίδωσιν,
3330 5535 3442 5589 ἀλλ’
3483 5532 3607 5587 οὐδὲ

2036 5622 2523 5691 ὲγκαταλιμπάνει,
2582 5621 2680 5674 ἐὰν
2730 5621 2805 5692 μὴ
2855 5620 3227 5691 βουληθῶμεν,
3275 5620 3507 5675 ἄκουσον
3551 5616 3609 5670 τί

2096 5830 2122 5858 ⁸
2163 5829 2313 5892 δαγὶι.
2348 5830 2442 5876 Καὶ
2474 5830 2535 5876 τὰ
2562 5828 2647 5877 τοῦ
2681 5830 2793 5879 fio-3
2815 5866 2827 5882 .
2858 5829 2944 5880 τοῦ
2974 5831 3246 5892 Πνεύματός
3288 5832 3419 5882 ἐστι.
3449 5838 3500 5879 et
3535 5832 3607 5878 sic

2033 5904 2207 5956 omnes
2228 5890 2331 5939 fere
2355 5893 2687 5956 manuscrlpu.
2753 5892 2781 5928 δ
2812 5892 2889 5947 Ὡς
2911 5894 3047 5940 dedit
3069 5890 3215 5941 Savil.
3249 5901 3297 5943 el
3319 5894 3462 5956 pavlo
3487 5901 3611 5946 οηια

2034 5966 2095 6004 ex
2119 5952 2292 6002 eodem
2318 5959 2527 6001 accessu
2552 5953 2724 6012 γίνεται
2747 5965 2853 6016 post
2880 5956 3045 6013 λόγοις.
3083 5957 3211 6003 Eun.
