4100 6362
506 290 613 349 377

507 424 672 479 φησιν
690 421 704 436 ’
760 408 907 478 Οὐχί
934 411 993 462 al
1021 409 1293 478 ἁμαρτίαι
1320 411 1487 481 ὑμῶν
1509 411 1818 465 διιστῶσιν
1857 413 2078 481 ἀναμέο

505 511 626 549 σον
645 495 790 564 ἐμοῦ
814 496 910 547 καί
944 494 1149 565 ὑμῶν;
1198 497 1291 548 καὶ
1338 499 1500 551 πάλιν
1520 515 1533 528 ·
1580 503 1644 551 01
1666 502 2080 568 μακρύνοντες

505 579 758 645 ὐαυτοὺς
787 579 905 633 ἀπὸ
932 582 1073 645 σοῦ,
1102 580 1496 636 ἀπολοῦνται.
1535 583 1592 637 ὐ
1606 584 1663 636 δὲ
1698 584 1854 654 Ὠσηέ
1876 601 2042 654 φησιν
2061 599 2074 614 ο

519 663 845 718 Ἐπελάθου
894 665 1080 731 νόμου
1131 665 1277 718 Θεοῦ
1330 681 1468 727 σου,
1541 666 1905 736 ἐπιλήσομαί
1962 686 2079 721 σου

506 748 691 815 κάγώ·
742 748 832 799 καὶ
864 748 1022 810 αὐτὸς
1054 747 1109 801 δέ
1146 750 1203 800 ἐν
1238 752 1351 811 τοῖς
1397 749 1780 817 Εύαγγελίοις’
1814 750 2081 817 Ποσὰκις

503 830 773 896 ἠθέλησα
792 830 1255 899 ἐπισυναγαγεῖν
1281 830 1353 884 τὰ
1385 831 1561 885 τέκνα
1605 834 1794 901 ὑμῶν,
1834 834 1931 886 καὶ
1966 836 2079 887 οὐκ

504 913 842 979 ἠθελήσατε
859 912 879 965 !
916 912 1009 966 καὶ
1044 915 1072 966 ό
1110 914 1335 977 Ἡσαΐας
1373 914 1429 967 δέ
1468 915 1627 966 πάλιν
1652 932 1665 945 ·
1698 911 1938 979 Ἦλθον,
1980 915 2081 968 καὶ

503 996 613 1048 οὐκ
640 992 717 1064 ἦν
745 995 1079 1065 ἄνθρωπος’
1131 996 1416 1063 ἐκάλεσα,
1463 998 1562 1050 καὶ
1612 1000 1724 1051 οὑκ
1772 994 1850 1067 ἦν
1886 1001 1919 1051 ό
1964 1001 2079 1051 ὑπ-

503 1079 929 1147 ακουσόμενος.
952 1079 1135 1132 Ταῦτα
1150 1080 1206 1132 δέ
1237 1080 1404 1146 λέγει.
1438 1080 1652 1145 δεικνὺς
1674 1084 1819 1151 ἡμᾶς
1841 1082 2080 1151 ἀρχομέ-

502 1183 626 1230 νους
650 1167 749 1235 τῆς
779 1167 1233 1237 ἐγκαταλείψεως,
1272 1171 1365 1222 καὶ
1395 1170 1603 1232 αἰτίους
1635 1170 1950 1239 γινομένους
1981 1169 2081 1238 τῆς

502 1253 795 1316 ἀπωλείας.
822 1254 890 1309 Ὀ
916 1257 1024 1324 7&9
1054 1254 1183 1317 Θεὸς
1210 1255 1268 1307 ού
1309 1254 1467 1325 μόνον
1493 1256 1554 1307 οὑ
1604 1254 1921 1308 καταλιπεῖν
1958 1254 2080 1307 οὐδὲ

503 1340 727 1393 κολάσαι
759 1339 1029 1409 βούλεται,
1070 1340 1207 1393 ἀλλά
1234 1342 1328 1394 καὶ
1356 1342 1445 1394 ὅτε
1501 1340 1742 1403 κολάζει,
1787 1341 1862 1411 μὴ
1907 1340 2080 1393 θέλων

502 1428 632 1481 αὐτὸ
664 1431 821 1481 ποιεῖ.
857 1428 939 1481 Οὔ
975 1429 1261 1497 ϐούλομαι
1294 1429 1421 1499 7&9.
1458 1427 1610 1498 [408]
1657 1428 1813 1499 φησὶ,
1842 1417 1949 1481 τὸν
1978 1427 2081 1480 θά-

501 1529 687 1565 νατον
719 1512 824 1565 τοῦ
850 1512 1221 1579 ἀμαρτωλοῦ,
1247 1513 1328 1577 ῶς
1360 1513 1427 1565 τὸ
1454 1513 1812 1579 ἐπιστρέψαι
1843 1512 1940 1564 καὶ
1974 1510 2081 1577 ζῇν

500 1597 706 1648 αὐτόν.
750 1596 806 1647 '0
838 1594 895 1647 δὲ
918 1595 1150 1665 Χριστὸς
1178 1595 1272 1647 καὶ
1301 1595 1394 1647 ἐπὶ
1411 1597 1475 1664 τῇ
1501 1596 1850 1664 καταστροφῇ
1885 1595 2082 1663 Ἰερου-

504 1682 683 1752 σαλὴμ
703 1682 927 1751 δακρύει
945 1699 958 1712 °
993 1682 1021 1735 ὃ
1056 1684 1147 1734 καὶ
1172 1696 1196 1722 ιι
1222 1685 1381 1752 ἡμεῖς
1411 1684 1504 1735 ἐπὶ
1535 1684 1704 1751 φίλων
1724 1682 2005 1752 ποιοῦμεν.

1248 294 1305 347 S.
1340 291 1627 349 JOANMS
1661 292 2148 350 CIIRYSOSTOMI
2188 296 2509 354 ARCIIIEP.
2560 300 3109 359 CONSTANTINOP.

3653 310 3756 365 578

2184 416 2504 484 ἐπιμελείας
2536 419 2629 471 καὶ
2670 421 2770 489 τῆς
2807 419 2943 490 πρὸς
2968 420 3229 491 ἀλλήλους
3265 423 3506 493 ἀγάπης,
3540 424 3634 477 καὶ
3681 426 3755 499 μὴ

2184 500 2584 569 σπαράττωμεν
2608 501 2763 570 ἡμῶν
2784 502 2851 554 τὰ
2884 501 3020 572 μέλη
3044 504 3224 573 (τοῦτο
3239 507 3346 575 γὰρ
3369 507 3712 576 μαινομένων
3726 509 3754 548 b

2182 581 2276 633 καὶ
2311 581 2677 652 ἐξεστηκότων
2696 584 2862 652 ἐστίν)
2887 602 2901 613 ·
2933 584 3047 637 ἀλλ’
3077 586 3189 655 ὅσῳ
3239 586 3305 639 ἂν
3339 587 3522 650 κακῶς
3555 588 3757 641 διακει-

2185 665 2375 733 μένους
2405 665 2618 735 ίδωμεν,
2657 666 3078 738 θεραπεύσωμεν
3127 670 3344 739 μᾶλλον.
3384 671 3491 723 Καὶ⁵
3518 672 3625 741 7&9
3663 672 3755 725 καὶ

2181 750 2239 800 ἐν
2265 750 2378 811 τοῖς
2416 747 2629 818 σώμασι
2668 752 2895 813 πολλοὺς
2927 752 3186 813 πολλάκις
3224 763 3247 790 ο
3280 752 3495 823 ὁρῶμεν
3523 753 3755 824 δυστρά-

2180 829 2320 883 πελα
2343 831 2563 900 ἔχοντας
2584 833 2678 885 καὶ
2700 834 2892 887 ἀνίατα
2920 837 3220 904 νοσήματα,
3252 836 3348 887 καὶ
3378 837 3440 887 ού
3472 836 3756 905 παυόμεθα

2180 908 2510 972 ἐπιτιθέντες
2543 909 2831 981 φάρμακα.
2857 912 2921 963 Τί
2952 914 3059 982 7&9
3094 912 3388 980 ποδαλγίας
3443 916 3660 983 χεῖρον;
3702 914 3754 966 τί

2179 991 2235 1043 δέ
2260 991 2594 1062 χειράγρας;
2632 991 2719 1065 ἆρ’
2775 991 2867 1048 οὖν
2912 996 3329 1066 περικόπτωμεν
3356 997 3423 1049 τὰ
3449 997 3629 1063 κῶλα;
3654 999 3755 1051 Οὐ-

2179 1075 2366 1146 δαμῶς
2384 1092 2399 1106 ⁶
2434 1076 2569 1131 άλλά
2592 1079 2767 1131 πάντα
2796 1079 3055 1150 ποιοῦμεν
3076 1079 3215 1132 ὥστε
3239 1082 3591 1151 παραμυθίας
3612 1082 3754 1145 τινὸς

2181 1164 2506 1227 ἀπολαῦσαι,
2561 1166 2748 1237 ἐπειδὴ
2812 1166 2971 1219 λῦσαι
3019 1167 3078 1219 τὸ
3123 1168 3291 1220 κακὸν
3337 1169 3398 1220 ού
3456 1167 3753 1238 δυνάμεθα.

2181 1251 2352 1303 Τοῦτο
2380 1251 2473 1303 καὶ
2500 1253 2592 1304 ἐπὶ⁵
2628 1251 2737 1306 τῶν
2764 1253 3007 1322 ἀδελφῶν
3032 1256 3277 1324 ποιῶμεν
3305 1273 3317 1285 ι
3339 1255 3454 1315 καὶ,
3480 1254 3545 1308 ἂν
3563 1254 3756 1307 ἀνίατα

2181 1334 2395 1396 νοσῶσι,
2430 1334 2677 1404 μένωμεν
2695 1335 3105 1405 θεραπεύοντες,
3144 1339 3237 1389 καὶ
3273 1336 3631 1407 βαστάζωμεν
3658 1339 3756 1391 ἀλ-

2180 1416 2357 1485 λήλων
2380 1417 2449 1469 τὰ
2481 1416 2642 1487 βάρη.
2692 1418 2850 1471 Οῦτω
2883 1420 2992 1490 7&9
3030 1419 3389 1491 πληρώσομεν
3415 1419 3624 1473 καὶτὸν
3678 1420 3757 1471 νόη

2185 1524 2283 1576 μον
2311 1507 2404 1560 τοῦ
2444 1506 2702 1577 Χριστοῦ,
2732 1508 2826 1560 καὶ
2862 1507 3164 1577 τευξόμεθα
3188 1507 3295 1560 τῶν
3320 1507 3751 1576 ἐπηγγελμένων

2182 1590 2418 1659 ἀγαθῶν.
2465 1590 2645 1659 χάριτι
2680 1591 2772 1642 καὶ
2805 1590 3186 1660 φιλανθρωπίᾳ
3228 1588 3319 1642 τοῦ
3354 1590 3560 1659 Κυρίου
3596 1590 3753 1660 ἡμῶν

2190 1672 2363 1743 Ἰησοῦ
2390 1672 2647 1739 Χριστοῦ,
2691 1672 2810 1742 μεθ’
2850 1668 2913 1726 οὗ
2951 1672 3028 1742 τῷ
3067 1674 3244 1743 Πατρὶ
3274 1675 3307 1743 ἡ
3352 1672 3481 1738 δόξα
3520 1673 3635 1741 ἅμα
3667 1671 3747 1741 τῷ

571 1777 640 1836 γ’.
665 1770 828 1821 Ταῦτ’
862 1766 954 1823 οὖν
985 1770 1205 1832 εἰδότες,
1242 1770 1416 1823 πάντα
1461 1771 1788 1840 πράττωμεν
1820 1769 1957 1823 ὥστε
2004 1770 2077 1840 μὴ
2177 1757 2316 1826 ἁγίῳ
2386 1753 2684 1822 “Way-“ﬂ.
2756 1758 2836 1819 εἰς
2904 1756 3029 1817 τοὺς
3085 1755 3286 1818 αἰῶνας
3344 1754 3452 1806 τῶν
3522 1755 3753 1807 αἰώνων-

500 1851 827 1920 ἀφίστασθαι
853 1850 948 1903 τοῦ
978 1852 1133 1915 Θεοῦ,
1167 1853 1280 1905 ἀλλ’
1314 1851 1564 1921 ἐχώμεθα
1593 1852 1691 1921 τῆς
1723 1852 1863 1905 κατὰ
1900 1852 2077 1923 ψυχὴν

565 1944 593 1974 ⁸
616 1944 711 2007 Alii
750 1944 951 2007 Χριστὸς
992 1944 1251 1993 ἀπολλύναι
1286 1945 1471 2005 μέλλων
1496 1944 1581 2000 τήν
1641 1942 1953 2006 Ἰερουσαλὴμ
1996 1946 2077 1992 καὶ

501 2005 711 2069 δακρύει,
742 2007 769 2053 ὃ
797 2005 895 2053 καί.

2190 1840 2385 1908 Ἀμήν.

2236 1857 2294 1908 ιμ
2336 1855 2385 1891 ν.

2236 1941 2264 1978 δ
2298 1840 2513 2001 ᾌυὶἀεω
2545 1943 2681 2004 μέλη,
2705 1943 2820 2003 ὅπερ
2856 1941 3163 2005 μαινομένων.
3221 1943 3247 1972 ⁸
3270 1942 3367 1991 Alli
3390 1942 3584 2002 σώμασι
3604 1938 3753 1988 πολλὰ

2174 2005 2417 2060 πολλάκις.

2003 2211 2245 2267 ΟΜΙΛΙΑ
2282 2209 2400 2264 ΞΘ⁹.

500 2300 691 2370 Ὅμως
734 2302 941 2370 μέντοι
972 2300 1073 2353 καί
1098 2300 1167 2354 ἐκ
1198 2301 1318 2354 τῶν
1355 2302 1665 2370 ἀρχόντων
1696 2302 1916 2355 πολλοὶ
1949 2302 2081 2355 ἐπί-

571 2387 844 2425 στευσαν
860 2373 948 2435 εις
968 2372 1157 2423 αὐτόν
1178 2389 1192 2403 ·
1236 2373 1398 2425 ἀλλὰ
1425 2372 1523 2426 διὰ
1553 2372 1694 2438 τοὺς
1718 2375 2083 2439 Φαρισαίους

572 2443 643 2495 οὺ
648 2460 682 2509 χ
696 2442 1061 2511 ὡμολόγουν,
1083 2441 1278 2509 ἵναμὴ
1300 2443 1753 2511 ἀποσυνάγωγοι
1773 2444 2081 2511 γένωνται.

584 2512 934 2582 Ἠγάπησαν
951 2510 1071 2582 γὰρ
1102 2512 1215 2582 τὴν
1237 2512 1425 2574 δόξαν
1448 2512 1564 2564 τῶν
1592 2510 2083 2582 ἀνθρώπωνμὰλ-

571 2585 686 2635 λον
719 2580 871 2650 ἥπερ
904 2580 1018 2648 τὴν
1040 2580 1229 2645 δόξαν
1254 2582 1359 2635 τοῦ
1383 2582 1529 2636 Θεοῦ
1558 2594 1607 2636 α.

578 2705 649 2753 α’.
681 2687 865 2751 Πάντα
905 2698 1002 2768 μέν
1048 2697 1271 2767 φεύγειν
1301 2698 1502 2769 ὁμοίως
1530 2701 1660 2771 ἡμῖν
1693 2701 1987 2769 ἀναγκαῖον
2016 2699 2086 2753 τά

502 2783 603 2855 τὴν
652 2780 829 2851 ψυχὴν
882 2780 1262 2850 διαφθείροντα
1320 2782 1466 2852 πάθη
1493 2800 1508 2814 ·
1574 2782 1755 2853 πολλῷ
1810 2785 1866 2837 δὲ
1922 2783 2084 2836 πλέον

505 2869 692 2922 ἐκεῖνα
737 2866 807 2918 τά
848 2864 1017 2918 πολλὰ
1058 2864 1151 2917 καὶ
1201 2865 1260 2929 ἐξ
1308 2866 1516 2919 ἑαυτῶν
1558 2868 1809 2921 τίκτοντα
1837 2869 2088 2940 ἁμαρτή-

511 2968 691 3024 ματαο
745 2944 855 3003 οἷόν
891 2966 945 3001 τι
981 2949 1144 3017 λέγω,
1177 2951 1209 3019 ἡ
1249 2949 1603 3021 φιλαργυρία.
1654 2952 1809 3005 Ἔστι
1852 2952 1950 3021 μὲν
1994 2949 2087 3007 οὖν

508 3034 631 3089 καθ’
660 3031 820 3086 ἐαυτὸ
851 3032 1022 3085 δεινὸν
1059 3033 1119 3084 τὺ
1146 3034 1358 3103 νόσημα
1379 3049 1392 3063 °
1420 3034 1599 3104 πολλῷ
1615 3035 1670 3087 δὲ
1694 3026 1902 3103 γίνεται
1930 3036 2088 3106 χαλε-

509 3117 776 3187 πώτερον,
816 3115 899 3168 ὃτι
938 3112 1063 3185 ῥίζα
1084 3116 1177 3167 καὶ
1208 3117 1391 3187 μήτηρ
1428 3118 1545 3169 ἐστὶ
1574 3118 1791 3172 πάντων
1828 3118 1938 3171 τῶν
1987 3137 2089 3174 κα-

509 3199 642 3254 κῶν.
675 3198 925 3253 Τοιοῦτον
958 3200 1104 3269 καὶὴ
1136 3198 1431 3264 κενοδοξία.
1489 3200 1621 3254 Ἰδοὺ
1654 3200 1785 3267 γοῦν
1823 3202 1917 3254 καὶ
1944 3196 2088 3257 οὗτοι

509 3284 609 3353 τῆς
638 3281 871 3344 πίστεως
904 3281 989 3334 διὰ
1014 3282 1106 3357 τὸν
1133 3283 1232 3352 τῆς
1259 3282 1417 3352 δόξης
1446 3284 1841 3354 ἀπερράγησαν
1887 3284 2084 3355 ἔρωτα.

509 3364 736 3420 Πολλοὶ
759 3364 888 3434 γὰρ,
916 3366 1101 3434 φησὶν.
1131 3365 1231 3418 καί
1252 3366 1321 3419 ἐκ
1343 3365 1459 3419 τῶν
1487 3368 1797 3435 ἀρχόντων
1820 3370 2091 3423 ἐπίστευ-

510 3464 632 3504 σαν
653 3452 740 3514 είς
777 3448 963 3502 αὐτόν
984 3465 997 3478 ⁸
1033 3448 1131 3502 διὰ
1155 3448 1223 3501 δὲ
1257 3449 1398 3515 τοὺς
1432 3450 1759 3516 Ἰουδαίους
1790 3454 1901 3521 οὐχ
1939 3454 2088 3521 ὠμο-

510 3532 757 3601 λόγουν,
800 3532 900 3584 ἵνα
933 3531 1017 3600 μὴ
1056 3531 1516 3602 ἀποσυνάγωγοι
1550 3532 1854 3602 γένωνται.
1909 3536 2087 3608 Ὅπερ

510 3612 604 3670 οὖν
634 3616 728 3669 καὶ
756 3615 939 3676 αὐτοῖς
981 3616 1007 3653 δ
1040 3614 1247 3669 ἀνωθεν
1300 3615 1475 3683 ἔλεγε·
1511 3616 1644 3683 Πῶς
1694 3618 1959 3674 δύνασθε
1996 3636 2092 3673 πι-

513 3700 770 3763 στεύειν,
806 3698 994 3762 δόξαν
1045 3698 1182 3768 παρ’
1208 3699 1498 3765 ἀλλήλων
1522 3702 1952 3770 λαμϐάνοντες,
1991 3705 2089 3759 καὶ

511 3782 628 3851 τὴν
652 3782 841 3847 δόξαν
862 3782 976 3850 τὴν
1002 3784 1160 3850 παρὰ
1179 3783 1285 3836 τοῦ
1306 3787 1515 3851 ,μόνου
1557 3785 1706 3839 Θεοῦ
1734 3789 1807 3841 οὐ
1850 3787 2093 3855 ζητοῦνο

511 3880 641 3931 τες;
692 3866 805 3919 Οὐκ
852 3864 960 3936 ἄρα
1026 3865 1281 3935 ἄρχοντες
1331 3862 1491 3936 ἦσαν,
1557 3868 1691 3921 ἀλλὰ
1745 3869 1922 3923 δοῦλοι
1969 3871 2091 3924 δου-

513 3950 661 4003 Λείαν
675 3948 773 4021 τὴν
802 3950 1059 4018 ἐσχάτην.
1076 3949 1221 4019 Πλὴν
1242 3950 1378 4003 ἀλλὰ
1395 3952 1489 4003 καὶ
1508 3946 1661 4014 οὗτος
1681 3951 1905 4024 ὕστερον
1926 3953 2088 4025 ἐλύθη

510 4038 541 4087 ὁ
571 4033 750 4103 φόϐος.
799 4031 1047 4103 Οὑδαμοῦ
1100 4034 1208 4103 7&9
1236 4034 1330 4085 ἐπὶ
1367 4033 1476 4086 τῶν
1530 4035 1843 4088 ἀποστόλων
1872 4037 2090 4107 ὁρῶμεν

510 4117 684 4186 τούτῳ
717 4116 1114 4186 κατεχομένους
1166 4115 1245 4186 τῷ
1300 4116 1485 4170 πάθει.
1534 4119 1643 4171 Καὶ
1675 4119 1783 4188 7&9
1833 4119 2090 4189 ἄρχοντες

510 4200 599 4256 ἐπ’
651 4200 872 4253 ἐκείνων
927 4200 1252 4253 ἐπίστευσαν
1304 4201 1397 4253 καὶ
1464 4202 1647 4271 ἱερεῖς.
1722 4203 1785 4255 Ἠ
1830 4202 1939 4273 γὰρ
1994 4204 2089 4256 τοῦ

509 4283 824 4354 Πνεύματος
860 4282 1021 4353 χάρις
1048 4283 1300 4345 ἐλθοῦσα,
1330 4283 1540 4346 πάντας
1563 4286 1761 4347 αὐτοὺς
1782 4285 2090 4355 ἀδάμαντος

510 4370 733 4440 ἐποίησε
767 4369 1175 4441 στερροτέρους.
1218 4370 1373 4423 Ἐπεὶ
1394 4366 1488 4423 οὖν
1507 4372 1666 4425 τοῦτο
1697 4367 1765 4442 ἦν
1788 4372 1849 4425 τὸ
1882 4372 2089 4425 κωλύον

509 4453 704 4516 αὐτοὺς
742 4454 1029 4506 πιστεῦσαι
1082 4452 1225 4513 τότε,
1271 4452 1501 4507 ἄκουσον
1546 4458 1599 4508 τί
1648 4471 1843 4524 φησιν*
1891 4456 1950 4509 '0
1994 4473 2090 4509 πι-

508 4537 740 4591 στεύων
758 4539 845 4599 είς
880 4536 1004 4604 ἐμὲ,
1036 4538 1106 4589 οὐ
1126 4537 1395 4589 πιστεύει
1418 4540 1505 4602 είς
1541 4538 1663 4606 ἐμὲ,
1698 4538 1835 4592 ἀλλ’
1870 4540 1957 4602 είς
1985 4539 2090 4592 τὸν

510 4617 833 4687 πέμψαντά
869 4635 966 4687 με·
1005 4619 1203 4672 ὡσανεὶ
1243 4619 1422 4686 ἐλεγεο
1461 4620 1526 4671 Τί
1557 4620 1828 4673 δεδοίκατε
1866 4623 2086 4674 πιστεῦο

512 4718 603 4753 σαι
637 4703 716 4764 εἰς
745 4701 882 4770 ἐμέ;
911 4702 991 4764 είς
1038 4701 1130 4754 τὸν
1163 4703 1295 4755 Θεὸν
1326 4704 1358 4772 ή
1399 4702 1547 4774 [409]
1602 4704 1786 4766 πίστις
1823 4705 2088 4757 διαϐαίνει

510 4782 576 4835 δι’
609 4782 766 4852 ἐμοῦ,
807 4782 995 4854 ῶσπερ
1023 4779 1116 4836 οὖν
1165 4786 1259 4837 καὶ
1286 4786 1319 4854 ή
1354 4786 1600 4839 ἀπιστία.
1661 4788 1801 4856 Ὅρα
1843 4786 1959 4850 πῶς
2000 4787 2090 4839 διὰ

510 4866 726 4919 πάντων
757 4865 817 4918 τὸ
845 4866 1262 4937 ἀπαράλλακτον
1316 4867 1554 4921 δείκνυσι
1592 4868 1692 4939 τῆς
1731 4870 1935 4933 οὐσίας.
1973 4871 2083 4922 Καὶ

510 4948 611 5000 οὐκ
652 4942 823 5009 εἶπεν,
861 4948 919 4999 '0
978 4948 1248 5002 πιστεύων
1282 4950 1423 5020 ἐμοὶ,
1458 4952 1545 5003 ἵνα
1581 4954 1653 5022 μή
1684 4970 1766 5015 τις
1818 4953 1968 5026 εἴπῃ,
2001 4952 2082 5005 ὅτι

509 5029 621 5083 τῶν
678 5031 937 5106 ῥημάτων
986 5031 1170 5084 ἕνεκεν
1213 5032 1416 5100 ἔλεγεν,
1446 5033 1475 5085 ὃ
1503 5034 1595 5087 καὶ
1638 5035 1723 5087 ἐπ’
1781 5035 2084 5106 ἀνθρώπων

511 5109 734 5163 δυνατὸν
788 5104 856 5179 ἦν
925 5111 1119 5163 εἰπεῖν.
1189 5112 1248 5164 '0
1311 5113 1418 5183 7&9
1459 5115 1571 5175 τοῖς
1615 5104 1933 5178 ἀποστόλοις
1988 5131 2082 5166 πι-

515 5191 741 5255 στεύων,
782 5192 882 5244 οὐκ
934 5193 1114 5256 αὐτοῖς
1147 5193 1414 5257 πιστεύει,
1467 5195 1602 5248 ἀλλά
1651 5196 1730 5266 τῷ
1767 5197 1905 5267 Θεῷ.
1950 5196 2087 5250 Ἀλλ’

514 5274 609 5329 ενα.
626 5274 823 5347 μάθῃς,
863 5275 944 5328 ὅτι
975 5277 1104 5347 περὶ
1130 5278 1226 5345 τῆς
1260 5279 1339 5340 εἰς
1371 5278 1469 5348 τὴν
1518 5279 1707 5332 οὐσίαν
1736 5280 1969 5344 πίστεως
1991 5281 2089 5332 αύ-

511 5356 606 5409 τοῦ
631 5374 814 5426 φησιν,
833 5358 933 5410 οὐκ
968 5353 1139 5424 εἶπεν,
1170 5357 1230 5410 Ὀ
1262 5360 1532 5413 πιστεύων
1569 5378 1669 5430 μου
1695 5363 1804 5423 τοῖς
1824 5364 2084 5431 ῥήμασιν,

513 5438 649 5507 ἀλλ’,
666 5439 717 5491 Ὀ
739 5441 1037 5494 πιστεύων
1053 5442 1139 5505 εὶς
1158 5441 1280 5509 ἐμέ.
1304 5442 1414 5494 Καὶ
1435 5442 1577 5494 διατί
1602 5442 1873 5512 μηδαμοῦ,
1900 5444 2084 5512 φησὶν,

514 5517 666 5575 εἶπεν
692 5524 1092 5595 ἀντιστρόφως’
1130 5524 1186 5576 '0
1212 5525 1479 5578 πιστεύων
1504 5527 1583 5588 είς
1612 5526 1701 5578 τὸν
1732 5526 1967 5596 Πατέρα,
1996 5528 2095 5579 οὐκ

514 5605 593 5668 είς
609 5604 699 5683 τὸν
726 5607 942 5678 Πατέρα
959 5608 1234 5671 πιστεύει,
1259 5607 1371 5661 ἀλλ’
1388 5610 1466 5670 είς
1496 5608 1595 5678 ἐμέ
1617 5624 1631 5671 ;
1669 5609 1790 5661 ’Ότι
1816 5606 1967 5664 εἷπον
2002 5610 2093 5673 ἂν,

529 5853 542 5864 .
573 5799 602 5829 ι
623 5792 971 5867 εεῖίιημᾶλλον
1008 5797 1239 5867 ἧπερητῆν
1263 5797 1399 5867 δόξαν
1426 5796 1511 5867 τοῦ
1540 5798 1683 5867 Θεοῦ,
1709 5806 1763 5867 eAt
1797 5804 1869 5867 sic
1899 5803 2083 5867 legitug

528 5854 580 5925 in
616 5854 840 5925 υνιιιιίιειὶίε
871 5854 1255 5925 θξρῐιιριειῆὺιις.
1277 5858 1463 5925 -ᾋοι-ςι.
1512 5854 1686 5925 μαλλον
1726 5864 1841 5925 ὑπὲρ
1875 5854 1978 5923 τὴιΪ
1999 5864 2089 5915 τοῦ

517 5916 660 5965 Θεοῦ.
710 5916 749 5989 ἱ1³
783 5916 955 5966 Morel.
1004 5919 1243 5979 γένωνται.
1274 5921 1366 5969 Καὶ
1401 5916 1616 5983 ὅπερόύν
1636 5923 1811 5981 αὐτοῖς.

2200 2300 2330 2354 Ἰδοὺ
2381 2302 2541 2371 ἡμεῖς
2575 2298 2902 2370 πιστεύομεν
2935 2301 3014 2363 είς
3039 2299 3129 2353 τὸν
3168 2299 3385 2369 Πατέρα
3410 2338 3423 2359 ,
3460 2298 3555 2351 καὶ
3588 2298 3667 2359 εἰς
3695 2296 3753 2349 σέ

2183 2386 2245 2438 ού
2281 2383 2630 2454 πιστεύομεν.
2658 2385 2765 2436 Καὶ
2796 2383 2905 2455 γὰρ
2950 2383 3339 2453 ἀσθενέστερον
3365 2382 3441 2434 ἐτι
3470 2382 3749 2435 διέκειντο.

2183 2474 2313 2536 Τοῖς
2344 2470 2474 2540 γοῦν
2512 2472 2777 2542 μαθηταῖς
2810 2471 3190 2542 διαλεγόμενος
3222 2469 3393 2532 οὕτως
3428 2464 3577 2521 εἶπεν
3608 2484 3622 2498 ³
3652 2472 3750 2521 Πι-

2182 2557 2427 2609 στεύετε
2459 2556 2543 2619 είς
2572 2555 2679 2608 τὸν
2697 2553 2861 2619 Θεὸν,
2894 2555 2992 2608 καί
3027 2556 3113 2620 είς
3133 2552 3237 2623 ἐμὲ
3256 2553 3583 2606 πιστεύετε.
3622 2550 3755 2604 Τού-

2183 2655 2308 2701 τους
2353 2637 2410 2693 δέ
2452 2637 2873 2707 ἀσθενεστέρους
2931 2636 3072 2708 ὀρῶν
3108 2637 3201 2689 τοῦ
3250 2635 3475 2689 τοιαῦτα
3526 2633 3755 2687 ἀκοῦσαι

2189 2722 2431 2795 ῥήματα,
2462 2720 2636 2783 ἄλλως
2666 2721 2867 2787 ἐνάγει.
2903 2720 3182 2773 Δείκνυσιν
3214 2714 3305 2772 οὖν
3340 2719 3421 2771 ὃτι
3453 2730 3476 2760 ε
3508 2719 3606 2771 οὑκ
3641 2718 3755 2771 ἐστι

2188 2803 2476 2858 πιστεῦσαι
2518 2802 2598 2873 τῷ
2643 2803 2852 2874 Πατρὶ,
2890 2803 2966 2873 μὴ
3014 2801 3413 2865 πιστεύσαντας
3457 2802 3536 2864 είς
3572 2801 3751 2859 αὐτόν.

2187 2890 2299 2943 Καὶ
2331 2888 2416 2940 ῐνα
2448 2887 2523 2958 μὴ
2568 2887 2815 2957 νομίσῃς,
2854 2887 2937 2939 ὅτι
2960 2886 3037 2949 ῶς
3065 2887 3151 2938 ἐπ’
3181 2886 3467 2957 ἀνθρώπου
3502 2884 3751 2954 είρηται,

2186 2976 2381 3045 ἐπάγει
2402 2992 2418 3009 ο
2457 2975 2511 3027 Ὀ
2536 2972 2766 3042 θεωρῶν
2796 2974 2900 3042 ἐμὲ
2922 3016 2937 3039 ,
2963 2972 3168 3042 θεωρεῖ
3183 2972 3290 3026 τὸν
3320 2970 3637 3040 πέμψαντά
3658 2987 3751 3040 με.

2188 3062 2253 3115 Τί
2285 3059 2377 3116 οῦν
2403 3079 2418 3127 ;
2454 3061 2614 3132 σῶμά
2638 3062 2784 3114 ἐστιν
2815 3060 2843 3111 ό
2874 3060 3039 3125 Θεός;
3074 3058 3353 3130 Οὐδαμῶς.
3386 3057 3625 3129 Θεωρίαν
3649 3058 3757 3127 γὰρ

2187 3146 2286 3216 τὴν
2319 3144 2412 3198 τοῦ
2454 3144 2547 3197 νοῦ
2587 3160 2751 3215 φησιν
2778 3141 3029 3206 ἐνταῦθα,
3061 3144 3155 3195 καὶ
3184 3140 3429 3195 ἐντεῦθεν
3464 3141 3525 3193 τὸ
3560 3140 3756 3210 ὁμοού-

2192 3246 2305 3282 σιον
2332 3227 2523 3299 δηλῶν.
2557 3228 2667 3282 Καὶ
2688 3229 2740 3280 τί
2772 3229 2938 3291 ἐστιν,
2978 3227 3034 3277 '0
3058 3226 3356 3279 πιστεύων
3375 3228 3460 3291 εις
3483 3223 3624 3293 ἐμέ;
3670 3224 3757 3287 Ὠς

2190 3312 2257 3366 ἂν
2277 3312 2419 3364 εἴποι
2449 3327 2534 3373 τις
2556 3328 2569 3340 ·
2614 3310 2753 3367 ’0.τὸ
2781 3310 2875 3363 τοῦ
2903 3307 3148 3377 ποταμοῦ
3180 3308 3568 3377 ἀναιρούμενος
3594 3306 3758 3377 ὕδωρ,

2190 3396 2251 3448 ού
2300 3396 2361 3449 τὸ
2403 3394 2497 3447 τοῦ
2533 3392 2803 3465 ποταμοῦ,
2853 3392 2990 3446 ἀλλά
3020 3393 3079 3445 τὸ
3120 3391 3220 3461 τῆς
3248 3392 3429 3461 πηγῆς
3469 3389 3755 3461 λαμὸάνει.

2190 3479 2406 3533 Μᾶλλον
2440 3479 2497 3531 δὲ
2536 3479 2628 3530 καὶ
2666 3477 2805 3545 αὕτη
2839 3477 2918 3530 ἔτι
2964 3474 3327 3546 ἀσθενεστέρα
3358 3477 3391 3545 ἡ
3427 3475 3587 3527 είκὼν
3624 3474 3758 3544 πρὸς

2191 3560 2253 3613 τὸ
2302 3561 2683 3631 προκείμενον.
2737 3559 2879 3628 Ἐγὼ
2918 3557 3041 3627 φῶς
3087 3560 3175 3623 εὶς
3210 3558 3317 3610 τὸν
3358 3558 3590 3624 κόσμον
3616 3556 3759 3621 ἐλή-

2189 3646 2365 3697 λυθα.
2412 3644 2629 3714 Ἐπειδὴ
2656 3642 2765 3713 γὰρ
2802 3646 2831 3696 ὁ
2859 3643 3048 3712 Πατὴρ
3082 3641 3255 3711 τούτῳ
3279 3638 3523 3693 καλεῖται
3556 3655 3761 3692 παντα-

2188 3725 2286 3795 Χοῦ
2324 3726 2383 3777 ἐν
2408 3728 2475 3797 τῇ
2504 3726 2716 3797 Παλαιᾷ
2741 3724 2836 3779 καὶ
2863 3726 2921 3778 ἐν
2942 3727 3008 3795 τῇ
3038 3726 3236 3793 Καινῇ,
3267 3722 3361 3775 καὶ
3388 3721 3535 3791 αὐτῷ
3559 3724 3759 3793 κέχρη-

2187 3824 2276 3860 ται
2319 3808 2398 3879 τῷ
2427 3809 2669 3879 ὀνόματι.
2718 3808 2815 3862 Διά
2845 3807 3002 3861 τοῦτο
3030 3807 3125 3860 καὶ
3167 3806 3377 3868 Παῦλος
3418 3806 3757 3876 ἀπαύγασμα

2188 3890 2351 3943 αὐτὸν
2385 3891 2558 3953 καλεῖ,
2590 3891 2837 3945 ἐντεῦθεν
2876 3890 3081 3961 μαθών.
3120 3891 3228 3942 Καὶ
3265 3888 3466 3958 πολλὴν
3492 3888 3765 3941 δείκνυσιν

2188 3973 2422 4027 ἐνταῦθα
2453 3975 2552 4047 τὴν
2583 3975 2717 4046 πρὸς
2747 3975 2838 4028 τὸν
2860 3974 3076 4045 Πατέρα
3108 3973 3448 4042 συγγένειαν,
3488 3973 3580 4024 καὶ
3608 3972 3758 4025 οὐδὲν

2187 4055 2249 4109 τὸ
2280 4056 2467 4126 μέσον,
2499 4056 2554 4109 εῐ
2578 4074 2642 4126 γε
2689 4057 2787 4128 τὴν
2816 4059 2896 4119 είς
2930 4057 3092 4111 αὑτὸν
3126 4057 3307 4109 πίστιν
3343 4054 3417 4125 μὴ
3464 4057 3541 4117 είς
3575 4054 3755 4119 αὑτὸν,

2188 4139 2303 4193 ἀλλ’
2328 4140 2408 4203 είς
2431 4142 2634 4194 ἐκεῖνον
2661 4141 2954 4196 διαϐαίνειν
2986 4140 3170 4209 φησίν.
3192 4140 3311 4204 Φῶς
3333 4141 3388 4193 δὲ
3420 4140 3608 4195 ἐαυτὸν
3630 4138 3759 4190 ἐκάο

2188 4222 2332 4288 λεσε,
2365 4223 2453 4276 διὰ
2484 4224 2548 4277 τὸ
2579 4224 2678 4295 τῆς
2702 4224 2911 4293 πλάνης
2938 4223 3322 4283 ἀπαλλάττειν,
3350 4225 3443 4277 καὶ
3476 4224 3535 4276 τὸ
3569 4222 3757 4292 νοητὸν

2188 4304 2335 4358 λύειν
2385 4305 2595 4370 σκότος.
2652 4305 2793 4359 Ἐἀν
2835 4308 2924 4371 τίς
2954 4324 3072 4375 μου
3100 4305 3186 4374 μὴ
3229 4307 3495 4373 ἀκούσῃ,
3530 4304 3643 4373 ἐγὼ
3685 4306 3760 4357 οὺ

2188 4389 2371 4454 κρίνω
2397 4389 2602 4441 αὐτόν.
2624 4391 2707 4442 Οὐ
2724 4389 2834 4457 γὰρ
2846 4385 3036 4458 ἦλθον
3051 4390 3151 4441 ἵνα
3176 4388 3353 4456 κρίνω
3380 4388 3487 4440 τὸν
3506 4390 3755 4456 κόσμον.

2187 4471 2445 4523 ἀλλ’ἵνα
2470 4472 2650 4524 σώσω
2677 4472 2785 4525 τὸν
2813 4474 3062 4541 κόσμον.
3093 4472 3207 4524 Ἵνα
3228 4470 3335 4541 γὰρ
3364 4472 3437 4541 μὴ
3466 4471 3761 4540 νομίσωσιν

2186 4553 2270 4605 ὅτι
2302 4552 2366 4604 δι’
2400 4554 2682 4606 ἀσθένειαν
2732 4555 2857 4617 τοὺς
2895 4552 3366 4624 καταφρονοῦντας
3402 4552 3717 4623 παρέδραμε
3738 4592 3752 4613 ,

2188 4634 2278 4688 διὰ
2296 4636 2454 4688 τοῦτο
2471 4632 2590 4688 εἷπε
2608 4637 2689 4700 τὸ,
2708 4639 2830 4690 Οὐκ
2847 4633 3035 4706 ἦλθον
3055 4637 3155 4689 ἵνα
3178 4636 3356 4703 κρίνω
3384 4636 3490 4688 τὸν
3505 4637 3754 4704 κόσμον.

2262 4718 2327 4788 β’.
2366 4716 2522 4782 Εἶτα,
2547 4720 2632 4772 ἵνα
2665 4720 2739 4790 μὴ
2773 4720 3129 4792 ρᾳθυμότεροι
3153 4719 3321 4790 ταύτῃ
3348 4718 3626 4786 γένωνται,
3657 4736 3759 4787 μα-

2190 4801 2375 4866 θόντες
2399 4803 2477 4855 ὅτι
2503 4804 2532 4855 ό
2558 4802 2829 4855 πιστεύων
2856 4804 3107 4867 σώζεται,
3131 4805 3158 4855 ὁ
3181 4803 3236 4855 δέ
3265 4802 3508 4855 ἀπιστῶν
3538 4802 3762 4864 κολάζρα

2190 4904 2281 4938 ται
2316 4885 2343 4923 ά
2373 4928 2386 4949 ,
2416 4888 2516 4957 ὅρα
2546 4886 2661 4949 πῶς
2706 4887 2886 4948 αὐτοῖς
2927 4886 3021 4938 καὶ
3051 4886 3278 4955 φοϐερὸν
3308 4886 3573 4954 ἐπέστησε
3614 4885 3765 4937 δικα-

2194 4974 2434 5041 στήριον,
2467 4971 2688 5038 ἐπάγων
2719 4972 2811 5023 καὶ
2839 4971 3010 5038 λέγων
3029 4986 3042 4999 ⁸
3088 4970 3141 5022 Ὀ
3161 4970 3264 5038 ἐμὲ
3284 4968 3525 5033 ἀθετῶν,
3553 4971 3647 5022 καὶ
3672 4970 3779 5039 μὴ.

2189 5052 2505 5119 λαμϐάνων
2548 5054 2620 5105 τὰ
2662 5052 2899 5122 ῥήματά
2939 5071 3058 5122 μου
3084 5093 3100 5116 ,
3148 5052 3273 5121 ἔχει
3313 5052 3419 5105 τὸν
3484 5053 3764 5119 κρίνοντα

2193 5135 2397 5188 αὐτόν.
2432 5136 2494 5188 Εί
2523 5138 2550 5189 ό
2578 5136 2769 5206 Πατὴρ
2799 5136 2991 5189 οὐδένα
3024 5136 3219 5206 κρίνει,
3252 5135 3344 5188 καὶ
3378 5135 3440 5186 σὺ
3468 5135 3567 5186 οὐκ
3597 5130 3763 5203 ἦλθες

2196 5217 2283 5270 ἵνα
2310 5218 2499 5289 κρίνῃς
2526 5219 2617 5272 τὸν
2650 5220 2875 5289 κόσμον,
2917 5218 3001 5280 τίς
3028 5219 3190 5272 αὑτὸν
3221 5217 3396 5287 κρίνει
3424 5235 3437 5281 ;
3493 5217 3548 5269 ’0
3580 5221 3765 5286 λόγος

2194 5300 2267 5353 ὂν
2307 5302 2601 5369 ἐλάλησα,
2644 5302 2874 5367 ἐκεῖνος
2923 5300 3113 5368 κρινεῖ
3146 5302 3352 5354 αὐτόν.
3396 5299 3612 5369 Ἐπειδὴ
3654 5301 3777 5371 7&9.

2194 5384 2399 5452 ἔλεγον.
2432 5385 2513 5437 ὅτι
2538 5386 2638 5438 οὐκ
2664 5386 2815 5438 ἐστιν
2852 5387 2915 5437 ἐκ
2961 5383 3056 5436 τοῦ
3086 5383 3244 5449 Θεοῦ,
3270 5384 3441 5446 οὕτως
3471 5379 3591 5435 εἷπε
3615 5402 3629 5414 ⁸
3656 5384 3766 5436 δει-

2197 5468 2347 5530 κνὺς,
2373 5468 2455 5520 ὃτι
2486 5469 2546 5519 ού
2577 5468 2697 5519 τότε
2723 5468 3039 5538 δυνήσονται
3062 5467 3233 5521 ταῦτα
3255 5466 3451 5534 λέγειν,
3483 5466 3619 5519 ἀλλὰ
3636 5506 3652 5533 ,
3684 5467 3771 5518 Τά

2199 5550 2449 5618 ῥήματα,
2479 5550 2513 5603 ἃ
2538 5552 2778 5622 ἐλάλησα
2808 5552 2924 5618 νῦν,
2957 5554 3014 5605 ἐν
3046 5552 3199 5619 τάξει
3236 5554 3491 5620 στήσεται
3530 5555 3766 5621 κατηγὸ-

2196 5647 2325 5700 ρου,
2388 5633 2676 5703 ἐλέγχοντα
2733 5637 2929 5694 αὐτοὺς
2999 5636 3093 5688 καὶ
3169 5636 3351 5688 πᾶσαν
3404 5634 3764 5686 διακόπτοντα

2193 5713 2506 5782 ἀπολογίαν.
2563 5716 2674 5768 Καὶ
2721 5720 2754 5769 ό
2798 5720 2979 5787 λόγος
3022 5716 3095 5771 ὃν
3128 5717 3422 5784 ἐλάλησα.
3464 5717 3621 5780 Ποῖος
3672 5716 3762 5767 λό-

2253 5808 2274 5835 ε
2301 5806 2450 5854 SaVil.
2474 5808 2623 5868 ἐνάγει
2646 5808 2824 5863 δεικνὺς
2846 5809 2938 5857 ὅτι.
3002 5806 3029 5846 ἀ
3057 5808 3235 5857 Putant
3256 5808 3446 5856 Boisius
3470 5812 3522 5855 et
3552 5807 3769 5855 Savillus

2190 5867 2599 5979 Iegeuﬁzulessc
2626 5870 2679 5917 οὐ
2728 5872 2991 5926 κολάζεται.
3035 5871 3135 5920 Sed
3178 5870 3377 5932 negatio
3423 5869 3481 5919 ab
3537 5869 3773 5920 omnibus

2394 5942 2447 5979 es
