4100 6362
399 338 502 392 377

401 452 490 519 qui
519 448 611 503 Dei
640 447 797 502 dictis
823 454 1140 516 repugnant.
1168 442 1471 511 Pr0prictas
1493 450 1670 497 autem
1696 442 1809 494 haec
1833 440 1981 495 Scri-

400 554 572 613 ptura:
602 552 722 608 est,
752 550 810 596 ut
829 550 883 595 et
908 540 1058 605 illud,
1082 538 1319 592 Tradidit
1359 554 1442 591 eos
1477 537 1532 590 in
1574 535 1842 605 reprobum
1867 552 1986 588 sen-

397 651 509 688 sum
529 632 705 703 (Rom.
731 635 783 687 l.
804 631 921 703 28);
952 643 1001 687 el
1027 630 1174 686 illud.
1194 628 1459 683 Distribuit
1482 628 1710 700 gentibus
1733 629 1749 699 (
1757 626 1905 681 Deut.
1930 625 1986 681 4.

401 726 493 795 19)
519 741 533 789 ;
567 724 616 778 id
645 733 731 779 est
755 764 770 789 ,
800 723 1102 786 concessit,
1134 720 1355 776 dimisit.
1403 719 1520 774 Non
1547 719 1691 773 enim
1720 719 1866 772 illum
1903 716 1989 771 hic

400 826 711 886 operantem
739 815 961 880 inducit,
991 814 1085 870 sed
1113 830 1177 868 ex
1200 813 1426 867 aliorum
1453 811 1688 881 nequitia
1719 814 1833 866 haec
1854 810 1988 865 facta

400 924 520 963 esse
545 907 825 978 signiﬁcat.
844 907 977 962 Cum
999 909 1141 962 enim
1159 905 1577 976 derelinquimur
1606 920 1635 958 a
1666 905 1798 968 Deo,
1819 903 1987 958 tradi-

401 1016 521 1052 mur
540 998 787 1062 diabolo;
808 999 1018 1054 diabolo
1038 998 1211 1053 traditi
1231 1038 1246 1061 ,
1270 998 1562 1052 innumeris
1591 995 1853 1051 aflicimur
1877 1011 1990 1048 ma-

402 1091 564 1146 lis.Ut
582 1090 877 1145 auditorem
902 1106 1029 1160 ergo
1058 1099 1276 1152 terreat,
1304 1090 1397 1154 ait,
1422 1087 1705 1153 Induravit,
1731 1098 1803 1152 et,
1838 1088 1990 1141 tradi-

402 1184 496 1237 dit.
526 1182 656 1237 Nam
684 1183 826 1252 quod
859 1182 945 1236 ille
976 1197 1079 1236 non
1109 1180 1268 1235 modo
1295 1195 1397 1234 non
1423 1179 1613 1243 tradat,
1642 1179 1736 1233 sed
1767 1194 1865 1233 nec
1891 1194 1989 1233 nos

403 1275 651 1339 deserat,
681 1275 781 1327 nisi
813 1274 1062 1339 nolimus,
1096 1273 1217 1327 audi
1246 1272 1368 1341 qttid
1400 1272 1540 1325 dicat
1563 1272 1770 1326 :Nonne
1785 1282 1990 1340 peccata

403 1377 565 1419 vestra
592 1365 820 1417 dividunt
867 1380 945 1417 me
991 1381 1023 1417 a
1054 1364 1189 1417 vobis
1212 1362 1364 1435 (Isai.
1393 1362 1481 1417 59.
1512 1362 1609 1431 ‘2)?
1638 1376 1699 1415 ac
1729 1377 1940 1427 rursum
1971 1376 1985 1412 :

408 1456 507 1524 Qui
534 1448 766 1527 elongant
791 1473 843 1509 se
867 1472 897 1508 a
921 1467 985 1521 te,
1017 1456 1244 1526 peribunt
1272 1453 1442 1524 (Psal.
1471 1454 1560 1508 79..
1588 1454 1702 1523 27).
1732 1452 1869 1507 Osce
1894 1468 1990 1505 au-

404 1560 510 1604 tem
539 1549 702 1603 dicit:
734 1547 900 1601 Oblita
934 1564 986 1601 es
1013 1548 1137 1618 legis
1176 1546 1271 1600 Dei
1297 1548 1397 1610 tui,
1422 1556 1467 1599 et
1498 1562 1587 1615 ego
1616 1546 1688 1598 tui
1718 1544 1990 1597 obliviscar

406 1642 559 1713 (Osee
584 1642 637 1696 4.
663 1642 753 1712 6);
778 1649 831 1695 et
862 1642 973 1709 ipse
1000 1640 1050 1693 in
1084 1638 1386 1708 Evangeliis
1417 1653 1429 1691 :
1464 1638 1671 1703 Quoties
1700 1636 1838 1689 volui
1866 1652 1988 1688 con-

404 1750 613 1804 gregare
639 1734 771 1802 ﬁlios
798 1743 1014 1795 vestros,
1065 1741 1112 1785 et
1152 1731 1384 1784 noluistis
1413 1729 1428 1800 (
1456 1728 1583 1783 Luc.
1616 1728 1704 1782 I3.
1750 1728 1819 1782 54
1841 1728 1905 1797 )?
1936 1736 1990 1781 et

410 1828 575 1881 Isaias
617 1842 871 1881 rursum:
912 1824 1067 1890 Veni,
1098 1833 1144 1877 et
1191 1840 1291 1877 non
1335 1832 1441 1875 erat
1486 1821 1899 1885 homowocavi,
1941 1829 1989 1873 et

404 1939 506 1976 non
532 1930 638 1974 erat
664 1921 750 1989 qui
776 1920 973 1972 audiret
999 1902 1154 1987 (isai.
1184 1916 1272 1971 50.
1306 1916 1387 1986 2).
1419 1915 1545 1969 Haec
1568 1923 1747 1967 autem
1773 1912 1901 1967 dicit
1928 1921 1989 1966 ut

404 2013 650 2068 ostendat
676 2028 771 2067 nos
796 2013 998 2080 priores
1020 2011 1073 2064 in
1100 2024 1259 2065 causa
1282 2022 1401 2063 esse
1417 2022 1512 2061 cur
1531 2005 1984 2075 derelinquamur,

404 2115 459 2159 et
503 2120 600 2159 cur
647 2118 945 2173 pereamus.
996 2100 1140 2156 Deus
1170 2099 1313 2155 enim
1358 2113 1463 2152 non
1496 2095 1656 2151 modo
1695 2109 1795 2149 nec
1818 2094 1987 2149 relin-

406 2210 592 2265 quere,
620 2208 718 2249 nec
743 2194 929 2263 punire
958 2208 1056 2247 nos
1085 2191 1229 2257 vult;
1259 2188 1351 2244 sed
1383 2188 1543 2243 etiam
1569 2187 1779 2259 quando
1811 2187 1983 2256 punit,

405 2301 511 2342 non
541 2287 711 2341 libens
738 2285 841 2341 hoc
871 2284 1017 2339 facit.
1050 2281 1190 2338 Nolo
1218 2281 1384 2346 enim,
1416 2280 1609 2351 inquit,
1634 2287 1843 2334 mortem
1869 2294 1988 2349 pec-

1395 328 1458 383 IN
1496 326 1812 383 JOANNEM
1852 325 2083 381 lIOMIL.
2128 325 2311 381 LXIX.
2352 327 2424 380 aI.
2467 327 2697 383 LXVIII.

3571 334 3673 392 378

2088 440 2293 504 caloris,
2326 441 2415 494 sed
2460 452 2513 495 ut
2559 452 2877 495 convertatur
2914 452 2962 495 et
2999 444 3128 496 vivat
3155 441 3174 516 (
3197 442 3385 498 Ezech.
3418 447 3505 500 I8.
3536 448 3606 502 ’52
3636 452 3675 512 ).

2093 528 2339 584 Christus
2368 541 2542 586 autem
2570 533 2635 587 de
2655 533 2863 588 excidio
2882 533 3229 607 Jerosolyma:
3256 536 3581 610 Iacrymatur
3612 541 3629 572 ί
3659 553 3674 589 :

2094 621 2233 691 quod
2266 638 2363 677 nos
2392 624 2550 676 etiam
2580 639 2705 693 erga
2736 625 2937 679 amicos
2968 625 3214 681 facimus.

2163 714 2217 769 5.
2257 713 2382 769 Haec
2411 730 2530 768 cum
2560 717 2809 782 sciamus,
2835 718 2965 772 nihil
2992 734 3097 773 non
3124 735 3342 790 agamus
3368 736 3435 775 ne
3457 734 3560 775 nos
3584 735 3676 777 se-

2094 819 2341 872 paremus
2369 822 2398 859 a
2447 807 2575 871 Deo,
2626 807 2719 861 sed
2765 810 2957 864 animae
2983 820 3183 865 nostrae
3217 826 3360 866 cura:
3401 813 3681 882 amorique

2092 894 2330 950 fraterno
2372 912 2588 966 operam
2621 897 2811 953 demus
2836 941 2849 964 ,
2898 917 3070 970 neque
3101 910 3283 956 nostra
3312 902 3680 973 discerpamus

2092 988 2330 1041 membra
2367 987 2536 1058 (illud
2582 990 2725 1043 enim
2774 990 3062 1044 furentium
3094 1003 3149 1047 et
3187 1002 3368 1048 mente
3397 1004 3679 1063 captorum

2092 1078 2246 1149 est);
2289 1080 2380 1135 sed
2413 1090 2612 1151 quanto
2642 1082 2791 1152 pejus
2815 1083 3036 1138 all'eCtos
3069 1084 3338 1150 videmus,
3368 1094 3519 1140 tanto
3561 1101 3679 1141 ma-

2088 1168 2260 1238 jorem
2295 1169 2665 1238 impendamus
2692 1188 2898 1227 curam.
2922 1173 3053 1227 Nam
3083 1176 3281 1229 multos
3305 1191 3448 1245 saepe
3463 1178 3681 1246 conspi-

2092 1260 2261 1313 cimus
2312 1260 2614 1315 diflicilibus
2665 1263 3152 1334 insanabilibusque
3182 1267 3424 1335 corporis
3472 1266 3679 1321 morbis

2050 1368 2053 1371 ·
2091 1349 2337 1405 laborare
2361 1392 2375 1415 ,
2408 1366 2506 1405 nec
2536 1352 2695 1407 ﬁnem
2737 1352 2961 1409 facimus
3014 1355 3321 1425 imponendi
3366 1357 3679 1426 pharmaca.

2091 1441 2236 1507 Quid”
2251 1441 2501 1511 podagra,
2532 1443 2658 1511 quid
2686 1444 2930 1515 chiragra
2964 1446 3114 1516 pejus
3138 1447 3160 1498 ?
3185 1464 3310 1502 num
3341 1448 3474 1503 “ideo
3501 1464 3677 1502 mem-

2092 1530 2183 1584 bra
2212 1532 2614 1589 abscindimus?
2642 1536 2889 1602 Minime;
2930 1539 3023 1593 sed
3054 1539 3187 1593 nihil
3228 1556 3334 1595 non
3360 1540 3581 1597 facimus
3621 1548 3681 1596 ot

2092 1623 2282 1678 saltem
2336 1625 2633 1693 leniamus,
2684 1631 2727 1682 si
2759 1644 2953 1685 sanare
2984 1646 3089 1685 non
3135 1633 3421 1702 possimus.
3468 1633 3582 1689 Hoc
3626 1643 3682 1689 et

2090 1715 2232 1769 circa
2274 1714 2466 1772 fratres
2511 1728 2723 1774 nostros
2758 1720 3035 1778 faciamus.
3074 1723 3129 1780 Si
3162 1725 3440 1780 incurabili
3488 1727 3680 1782 morbo

2090 1804 2352 1869 laborent,
2379 1822 2566 1863 curare
2588 1825 3011 1879 perseveremus,
3033 1815 3364 1886 aliorumque
3383 1832 3546 1872 onera
3565 1834 3683 1872 mn-

2092 1905 2182 1951 tuo
2212 1898 2469 1963 feramus.
2503 1900 2593 1956 Sic
2618 1903 2760 1956 enim
2787 1904 2984 1960 Christi
3011 1906 3179 1976 legem
3216 1908 3589 1977 implebimns,
3622 1920 3679 1965 et

2090 1990 2353 2058 promissa
2399 2007 2791 2063 consequemur
2837 1996 2996 2065 bona,
3042 2000 3208 2068 gratia
3257 2009 3313 2056 et
3352 2000 3683 2071 benignitate

2090 2080 2297 2135 Domini
2329 2085 2494 2138 nostri
2511 2084 2638 2140 Jesu
2653 2086 2875 2154 Christi,
2898 2090 3110 2159 quicum
3127 2090 3271 2145 Patri
3297 2092 3462 2162 gloria
3488 2093 3676 2148 simul-

2089 2185 2193 2241 que
2214 2171 2434 2242 Spiritui
2466 2184 2672 2246 sancto,
2701 2178 2755 2233 in
2781 2180 2976 2235 saecula
3004 2182 3344 2237 saeculorum.
3370 2185 3561 2238 Amen.

2089 2346 2302 2459 nuituﬂﬁ
2323 2350 2509 2402 habent
2530 2365 2545 2401 :
2569 2352 2786 2408 Christus
2806 2357 3080 2410 Jerusalem
3098 2366 3309 2412 evertere
3328 2374 3506 2426 parans
3521 2362 3681 2425 lacry-

465 2559 3666 2592 .wM—“M

1721 2620 2065 2683 HOMILIA
2108 2624 2335 2690 LXIX.

404 2780 531 2836 CAP.
573 2778 660 2832 l2.
715 2793 769 2831 ν.
820 2775 910 2831 42.
971 2773 1325 2828 Verumtamen
1362 2785 1426 2824 ea:
1475 2766 1782 2837 principibus
1838 2762 1986 2817 multi

471 2870 789 2925 crediderunt
812 2869 866 2922 in
893 2882 1044 2929 eum;
1071 2864 1159 2918 sed
1180 2872 1384 2934 prapter
1409 2859 1701 2914 Pharisaeos
1727 2873 1829 2910 non
1853 2870 1977 2908 eon-

478 2965 769 3033 ﬁtebantur,
800 2971 858 3015 ut
886 2962 947 3014 de
968 2973 1227 3030 synagoga
1254 2970 1359 3009 non
1377 2954 1697 3024 ejicerentur.
1724 2950 1815 3004 45.
1842 2946 1986 3001 Dile-

471 3066 651 3114 wunt
691 3056 825 3115 enim
858 3052 1075 3125 gloriam
1104 3049 1366 3105 hominum
1393 3044 1553 3115 magis
1589 3058 1742 3112 quam
1771 3039 1986 3112 gloriam

476 3150 594 3205 Dei.

478 3242 532 3296 1.
575 3238 803 3294 Avaritia
827 3235 1152 3307 gravissimus
1172 3231 1395 3286 morbus.
1420 3226 1719 3284 Substantia
1742 3222 1915 3278 Patris
1940 3230 1987 3276 et

408 3334 531 3389 Filii
555 3337 937 3404 ἀπαράλλακτος,
970 3328 1143 3383 eadem
1167 3320 1546 3396 ipsa.—Pravi
1590 3333 1778 3373 omnes
1822 3316 1987 3370 animi

404 3426 624 3481 aliectus
660 3423 879 3478 omnino
907 3417 1143 3490 fugiendi
1173 3416 1328 3470 nobis
1372 3421 1535 3475 sunt;
1564 3410 1659 3464 sed
1685 3411 1841 3478 longe
1870 3421 1987 3460 ma-

404 3519 486 3588 gis
511 3518 545 3571 ii
565 3516 652 3586 qui
680 3515 825 3585 plura
850 3512 1060 3582 pariunt
1086 3515 1301 3579 peccata
1334 3524 1348 3561 :
1386 3503 1620 3571 exempli
1649 3515 1831 3563 causa,
1858 3514 1989 3552 ava-

405 3608 547 3672 ritia,
574 3621 698 3677 quae
719 3620 789 3659 ex
815 3618 874 3658 se
899 3601 1075 3672 gravis
1101 3607 1185 3654 est
1208 3596 1449 3661 morbus,
1472 3593 1565 3649 sed
1595 3592 1749 3661 longe
1779 3589 1990 3659 gravior

411 3698 639 3755 efﬁcitur
658 3739 674 3763 ,
705 3696 826 3767 quia
852 3694 1001 3749 radix
1049 3701 1103 3748 et
1128 3699 1297 3745 mater
1323 3698 1405 3744 est
1434 3687 1671 3741 omnium
1703 3685 1983 3738 malorum.

412 3790 684 3862 Ejusmodi
713 3798 798 3845 est
828 3788 999 3842 inanis
1021 3785 1209 3855 gloria.
1239 3782 1379 3837 Ecce
1401 3781 1457 3833 hi
1487 3779 1557 3834 ob
1575 3777 1761 3848 gloriae
1781 3774 1987 3843 cupidi-

410 3899 529 3939 nem
561 3898 591 3934 a
619 3882 723 3936 ﬁde
747 3891 872 3936 sunt
898 3878 1087 3933 avulsi.
1111 3876 1243 3943 Nam
1268 3873 1442 3939 Multi,
1466 3872 1560 3935 ait,
1592 3886 1654 3925 ea:
1680 3867 1989 3941 principibus

408 3974 723 4029 crediderunt
750 3973 803 4025 in
844 3985 999 4033 eum;
1046 3968 1134 4022 sed
1160 3975 1366 4037 propter
1398 3963 1608 4017 Iudaeos
1636 3977 1739 4015 non
1776 3960 1987 4026 conﬁte-

409 4067 607 4135 bantur,
636 4074 691 4117 ut
731 4063 792 4117 de
826 4075 1084 4133 synagoga
1113 4074 1212 4111 non
1238 4056 1556 4126 ejicerentur.
1599 4050 1655 4106 Id
1699 4050 1841 4119 quod
1884 4049 1990 4102 illis

409 4171 569 4226 supra
600 4155 813 4211 dicebat
842 4170 856 4207 :
887 4150 1137 4223 quomodo
1166 4149 1369 4220 potestis
1408 4145 1611 4201 credere
1635 4185 1651 4211 ,
1683 4143 1901 4213 gloriam
1928 4140 1991 4193 ab

408 4248 617 4302 invicem
638 4246 957 4313 accipientes,
986 4252 1030 4296 et
1053 4242 1290 4311 gloriam,
1318 4253 1430 4309 quia
1455 4253 1486 4289 a
1507 4235 1615 4290 solo
1638 4232 1746 4287 Deo
1774 4241 1868 4296 est,
1893 4247 1992 4284 non

409 4349 684 4411 quterentes
732 4339 910 4409 (Joan.
939 4337 993 4392 5.
1024 4333 1157 4406 44)?
1196 4332 1315 4387 Non
1359 4344 1489 4399 ergo
1518 4326 1786 4398 principes
1815 4333 1988 4390 erant,

412 4430 506 4484 sed
536 4428 699 4492 servi,
727 4437 965 4483 extrema
995 4425 1269 4479 servitute.
1300 4420 1566 4475 Caeterum
1598 4418 1686 4471 hic
1715 4423 1896 4487 postea
1924 4415 1992 4468 ti—

413 4536 530 4575 mor
571 4519 809 4574 sublatus
849 4524 952 4571 est.
983 4516 1251 4584 Nusquam
1294 4512 1437 4567 enim
1477 4510 1577 4565 sub
1603 4507 1861 4577 apostolis
1890 4505 1993 4560 hoc

413 4610 599 4667 morbo
628 4617 813 4679 captos
841 4607 1106 4663 videmus.
1126 4604 1258 4660 Nam
1289 4612 1415 4659 tunc
1445 4610 1501 4656 et
1528 4600 1791 4672 principes
1811 4606 1865 4654 et
1902 4612 1991 4651 sa-

411 4702 657 4758 cerdotes
686 4699 1044 4754 crediderunt.
1074 4696 1254 4753 Gratia
1279 4695 1421 4750 cnim
1465 4692 1697 4762 Spiritus
1732 4704 1991 4760 superve-

413 4792 565 4848 niens
606 4790 727 4844 illos
755 4803 941 4843 omnes
966 4787 1247 4841 adamante
1281 4785 1546 4839 ﬁrmiores
1583 4782 1832 4838 reddidit.
1858 4778 1990 4834 Cum

414 4883 573 4952 igitur
600 4881 702 4936 hoc
739 4895 807 4935 ne
834 4890 957 4934 tunc
976 4877 1257 4932 crederent
1281 4874 1583 4945 impediret,
1613 4872 1736 4927 audi
1758 4870 1884 4941 quid
1910 4869 1993 4924 di-

413 4981 500 5028 cat
528 4993 543 5026 :
571 4973 661 5027 44.
702 4971 801 5039 Qui
815 4970 974 5025 credit
993 4970 1047 5022 in
1067 4985 1165 5033 me,
1188 4983 1287 5022 non
1309 4968 1468 5020 credit
1492 4966 1547 5019 in
1570 4980 1668 5030 me,
1690 4963 1782 5017 sed
1804 4963 1858 5016 in
1878 4978 1992 5016 eum

413 5065 497 5133 qui
526 5065 660 5119 misit
683 5078 802 5127 nte;
828 5077 891 5117 ac
917 5061 961 5115 si
1002 5062 1226 5123 diceret,
1255 5058 1365 5113 Cur
1394 5056 1592 5111 timetis
1621 5055 1672 5108 in
1692 5069 1777 5108 me
1802 5051 1991 5107 crede-

416 5155 515 5210 re?
538 5156 670 5210 ﬁdes
695 5170 789 5224 per
813 5168 903 5209 me
930 5152 1121 5207 transit
1146 5151 1199 5205 in
1230 5151 1395 5204 Deum
1415 5190 1431 5216 ,
1462 5158 1520 5202 ut
1549 5148 1708 5201 etiam
1742 5143 1991 5199 incredu-

324 5250 333 5259 '
416 5246 561 5301 litas.
583 5245 714 5301 Vide
737 5259 844 5316 quo
870 5252 1024 5314 pacto
1046 5256 1145 5313 per
1172 5244 1351 5295 omnia
1368 5237 1718 5293 substantiam
1748 5234 1991 5290 eamdem

419 5336 673 5391 declaret.
699 5334 817 5389 Non
840 5331 1111 5399 dixit,Qui
1133 5329 1305 5385 credit
1331 5328 1481 5390 mihi,
1513 5341 1583 5381 ne
1616 5326 1736 5395 quis
1764 5325 1989 5388 diceret,

419 5427 488 5481 de
516 5425 692 5481 verbis
731 5424 846 5495 ejus
888 5433 1092 5482 tantum
1123 5420 1227 5476 hoc
1254 5419 1379 5486 dici,
1408 5417 1550 5489 quod
1585 5416 1652 5471 de
1690 5414 1992 5469 hominibus

407 5530 629 5588 quoque
653 5516 759 5570 dici
788 5521 1015 5585 poterat.
1043 5512 1176 5567 Nam
1218 5511 1306 5582 qui
1336 5508 1593 5580 apostolis
1631 5506 1834 5570 credit,
1884 5519 1993 5560 non

419 5610 549 5679 ipsis
577 5609 769 5674 credit,
790 5607 882 5663 sed
904 5607 1033 5662 Deo.
1055 5604 1251 5661 Verum
1281 5614 1338 5657 ut
1357 5602 1531 5657 discas
1552 5600 1617 5655 de
1646 5598 1748 5653 ﬁde
1778 5598 1830 5650 in
1861 5596 1991 5651 sub-

422 5704 669 5756 stantiam
697 5716 847 5755 suam
881 5699 995 5753 llaec
1024 5698 1129 5767 agi,
1162 5711 1268 5750 non
1310 5694 1465 5757 dicit,
1496 5692 1595 5757 Qui
1622 5690 1792 5744 credit
1817 5687 1993 5742 verbis

426 5795 580 5861 meis,
612 5792 728 5861 sed,
761 5791 859 5856 Qui
883 5788 1039 5844 credit
1066 5789 1118 5841 in
1136 5802 1232 5842 me.
1251 5784 1314 5840 Et
1336 5799 1451 5848 cur,
1477 5782 1702 5855 inquies,
1736 5793 1992 5850 nusquam
2020 5846 2023 5849 _

2088 2772 2205 2826 vice
2235 2789 2387 2830 versa
2418 2777 2566 2844 dicit,
2620 2779 2716 2847 Qui
2742 2780 2915 2836 credit
2961 2783 3014 2837 in
3060 2783 3313 2850 Patrem,
3359 2798 3465 2839 non
3507 2784 3680 2841 credit

2089 2864 2143 2918 in
2174 2865 2405 2932 Patrem,
2438 2870 2529 2924 sed
2564 2871 2614 2925 in
2646 2872 2771 2926 me?
2797 2872 2929 2938 Quia
2959 2872 3220 2930 dixissent
3273 2876 3369 2941 illi,
3408 2875 3550 2931 Ecce
3576 2890 3676 2931 nos

2090 2956 2142 3010 in
2177 2956 2390 3016 Patrem
2414 2960 2704 3028 credimus,
2733 2962 2785 3016 in
2812 2973 2862 3017 te
2903 2978 3010 3017 non
3038 2964 3328 3020 credimus.
3359 2964 3492 3020 Nam
3522 2964 3679 3020 inﬁr-

2089 3052 2289 3107 miores
2315 3052 2489 3108 adhoc
2520 3065 2692 3109 erant.
2743 3056 3045 3126 Discipulos
3073 3058 3218 3112 enim
3266 3058 3545 3127 all0quens
3596 3060 3675 3114 sic

2090 3142 2320 3207 dicebat,
2351 3143 2563 3200 Creditis
2587 3147 2641 3198 in
2667 3144 2853 3213 Deum,
2887 3158 2934 3201 et
2959 3152 3014 3201 in
3052 3164 3132 3202 me
3167 3148 3674 3220 credite(Joau.14.

2091 3235 2118 3291 1
2148 3235 2187 3304 ).
2222 3235 2330 3292 llos
2356 3246 2533 3291 autem
2562 3254 2686 3293 cum
2718 3239 3042 3295 inﬁrmiores
3068 3241 3133 3295 ad
3162 3243 3277 3296 haec
3302 3242 3567 3297 audienda
3599 3242 3678 3296 vi-

2090 3327 2275 3392 deret,
2327 3328 2484 3383 aliter
2518 3329 2768 3384 instituit.
2820 3329 3067 3386 Ostendit
3111 3346 3240 3401 ergo
3272 3348 3379 3387 non
3411 3347 3572 3401 posse
3622 3334 3676 3387 in

2091 3416 2305 3471 Patrem
2328 3418 2548 3473 credere
2570 3434 2684 3482 cos,
2711 3420 2801 3489 qui
2831 3435 2935 3475 non
2967 3422 3023 3475 in
3045 3437 3104 3476 se
3134 3422 3375 3477 credant.
3401 3422 3467 3477 Et
3487 3439 3553 3477 ne
3580 3438 3677 3492 pu-

2091 3518 2172 3565 tes
2202 3509 2253 3563 id
2290 3511 2440 3577 quasi
2479 3510 2548 3567 de
2576 3510 2792 3565 homine
2830 3512 2934 3566 dici
2963 3554 2980 3575 ,
3008 3513 3189 3567 subdit
3219 3531 3231 3566 :
3257 3514 3347 3569 45.
3406 3514 3507 3581 Qui
3544 3515 3678 3568 videt

2091 3618 2191 3666 me,
2208 3604 2340 3656 videt
2363 3620 2477 3657 eum
2508 3606 2592 3674 qui
2627 3606 2765 3659 misit
2789 3622 2887 3660 me.
2911 3606 3047 3672 Quid
3072 3608 3239 3676 ergo?
3274 3623 3340 3662 an
3365 3624 3559 3677 corpus
3591 3617 3677 3665 est

2093 3693 2256 3748 Deus?
2281 3695 2514 3750 Minime.
2535 3696 2806 3752 Visionem
2824 3700 3019 3768 quippe
3052 3699 3333 3754 mentalem
3360 3699 3447 3755 hic
3470 3701 3677 3771 signiﬁ-

2092 3796 2216 3850 cat,
2276 3796 2330 3840 et
2374 3787 2497 3841 hinc
2541 3788 3141 3844 consubstantialitatem
3197 3789 3547 3845 demonstrat.
3616 3793 3680 3847 Et

2092 3877 2219 3947 quid
2250 3878 2349 3932 sibi
2376 3878 2489 3955 vttlt
2534 3878 2663 3933 illud
2686 3922 2699 3944 ,
2734 3880 2831 3946 Qui
2859 3880 3015 3933 credit
3042 3881 3094 3934 in
3114 3882 3232 3935 me?
3260 3882 3338 3935 Ac
3368 3882 3411 3935 si
3442 3882 3562 3950 quis
3591 3882 3678 3937 di-

2093 3976 2257 4031 ccret,
2299 3968 2397 4035 Qui
2425 3984 2615 4038 aquam
2649 3968 2716 4023 de
2761 3970 2977 4023 ﬂumine
3007 3969 3179 4036 tollit,
3211 3984 3314 4024 non
3340 3969 3407 4025 de
3436 3971 3675 4035 ﬂumine,

2094 4061 2185 4115 sed
2213 4061 2276 4115 de
2308 4060 2453 4116 fonte
2477 4062 2688 4130 accipit.
2716 4061 2827 4115 lmo
2850 4062 3110 4116 inﬁrmius
3138 4063 3240 4117 hoc
3265 4064 3565 4132 exemplum
3592 4062 3679 4119 est

2094 4152 2161 4205 ad
2187 4168 2298 4206 rem
2327 4154 2675 4222 propositam.
2701 4152 2792 4207 46.
2816 4153 2927 4223 Ego
2944 4153 3037 4208 lux
3055 4155 3108 4207 in
3127 4155 3370 4207 mundum
3395 4156 3523 4208 veni.
3539 4155 3676 4209 Cum

2094 4246 2236 4299 enim
2260 4245 2416 4300 Pater
2444 4254 2499 4301 et
2519 4246 2570 4298 in
2588 4246 2756 4300 veteri
2774 4254 2828 4299 et
2857 4246 2911 4298 in
2939 4260 3072 4297 nova
3102 4245 3218 4314 lege
3248 4245 3325 4299 sic
3352 4247 3674 4316 appelletur,

2095 4349 2150 4395 et
2173 4337 2277 4394 hoc
2306 4340 2420 4408 ipse
2447 4349 2622 4394 utatur
2656 4339 2905 4404 nomine;
2937 4337 3056 4392 ideo
3079 4338 3276 4393 Paulus
3308 4338 3430 4391 hinc
3455 4339 3681 4395 edoctus

2095 4430 2436 4500 splendorem
2468 4430 2622 4484 vdeat
2652 4429 2799 4483 illum
2845 4426 3045 4498 (Hebr.
3078 4428 3131 4481 1.
3163 4426 3253 4497 5).
3286 4427 3506 4482 Multam
3533 4440 3681 4485 certe

2096 4536 2217 4576 cum
2248 4521 2405 4575 Patre
2432 4519 2743 4574 afﬁnitatem
2770 4518 2858 4572 hic
2884 4517 3131 4582 ostendit,
3165 4517 3272 4572 imo
3303 4518 3498 4572 nullam
3524 4518 3682 4575 dilic-

2095 4611 2319 4666 rentiam
2346 4627 2359 4663 :
2390 4626 2511 4664 nam
2551 4610 2709 4665 iidem
2757 4609 2811 4663 in
2833 4624 2914 4675 se,
2948 4625 3051 4662 non
3078 4608 3131 4662 in
3157 4623 3218 4664 se
3243 4648 3258 4673 ,
3290 4608 3386 4663 sed
3427 4609 3480 4664 in
3530 4610 3682 4666 illum

2096 4704 2322 4758 transire
2345 4701 2492 4756 dicit.
2534 4700 2730 4755 Lucem
2760 4715 2919 4769 porro
2946 4715 3004 4754 se
3048 4699 3275 4764 vocavit,
3308 4698 3453 4768 quod
3490 4700 3557 4754 ab
3590 4716 3683 4754 cr-

2095 4809 2220 4849 rere
2255 4792 2474 4855 liberet,
2503 4800 2556 4846 et
2582 4791 2724 4861 quod
2752 4790 3056 4860 spirituales
3086 4790 3258 4844 solvat
3286 4790 3553 4845 tenebras.
3588 4792 3680 4846 47.

2096 4885 2158 4941 Si
2182 4885 2294 4956 quis
2332 4900 2412 4939 me
2448 4900 2559 4959 non.
2602 4884 2851 4949 audierit,
2882 4899 2973 4953 ego
3004 4898 3104 4935 non
3126 4882 3306 4951 judico
3335 4883 3503 4935 illum.
3554 4881 3680 4938 Non

2095 4980 2227 5031 enim
2253 4976 2363 5029 veni
2384 4985 2439 5028 ut
2458 4974 2686 5045 judicent
2724 4976 2989 5036 mundum,
3025 4973 3113 5028 sed
3142 4983 3197 5025 ut
3223 4973 3497 5041 salviﬁcem
3522 4990 3676 5027 mun-

2096 5068 2237 5121 dum.
2266 5066 2343 5121 Ne
2370 5074 2619 5135 putarent
2649 5064 2791 5118 enim
2815 5078 2873 5117 se
2903 5072 3119 5133 prepter
3142 5064 3507 5117 inlirmitatcm
3537 5079 3672 5118 con-

2095 5166 2386 5227 temptores
2413 5158 2703 5222 dimisisse,
2744 5156 2864 5209 ideo
2885 5155 3018 5209 dixit
3046 5171 3060 5209 :
3092 5154 3214 5209 Non
3242 5155 3351 5208 veni
3376 5163 3429 5207 ut
3455 5155 3681 5225 judicent

2095 5250 2356 5305 mundum.

2164 5345 2219 5399 2.
2246 5342 2449 5400 Deinde
2478 5358 2545 5398 ne
2575 5341 2701 5396 hinc
2726 5342 3002 5411 segniores
3021 5339 3169 5401 ﬁant,
3208 5337 3349 5409 quod
3395 5336 3683 5393 didicerint

2096 5451 2216 5490 eum
2234 5436 2323 5507 qui
2339 5434 2529 5502 credit,
2547 5435 2748 5489 salvum
2770 5434 2908 5497 fieri,
2928 5443 2983 5489 et
3001 5433 3088 5503 qui
3109 5448 3214 5486 non
3232 5431 3423 5495 credit,
3445 5431 3617 5500 puniri
3638 5432 3679 5497 ¹,

2095 5526 2218 5583 vide
2244 5541 2402 5596 quam
2430 5525 2835 5579 formidolosum
2866 5525 2969 5579 illis
2995 5522 3223 5585 tribunal
3260 5531 3514 5586 tinuetur,
3557 5537 3680 5578 cum

2160 5663 2177 5693 ¹
2212 5667 2382 5709 Putant
2408 5661 2589 5710 Boisius
2612 5667 2664 5711 et
2683 5658 2884 5709 Savilius
2914 5656 3176 5721 legendum
3202 5669 3315 5705 esse
3341 5668 3458 5721 non
3488 5653 3675 5715 puniri.

2097 5721 2617 5834 Certe’itlaailcgqndum
2639 5724 2753 5773 mihi
2775 5719 2982 5785 quoque
3008 5720 3202 5769 videtur
3227 5732 3237 5767 :
3266 5719 3352 5767 sed
3377 5731 3549 5767 omnes
3572 5726 3678 5768 Mss.

2097 5796 2262 5848 puum
2387 5797 2449 5833 eu
2478 5818 2490 5832 .
