4100 6362
354 332 461 391 579

355 469 488 523 70;;
528 452 653 503 Ὅτι
704 452 805 505 ἀπ’
849 454 1110 521 ἐμαυτοῦ
1142 458 1253 509 οὐκ
1299 455 1569 522 ἐλήλυθα
1595 496 1611 521 ,
1653 453 1800 525 [MO]
1835 453 1923 505 ὅτι

354 542 391 593 ό
411 536 651 604 πέμψας
668 553 744 603 με
771 536 991 604 Πατὴρ,
1027 538 1255 604 ἐκεῖνός
1278 557 1378 607 μοι
1397 541 1618 592 ἔδωκεν
1637 536 1921 604 ἐντολὴν,

345 621 413 674 ’τί
441 619 588 672 εἴπω
636 618 735 671 καὶ
763 619 819 671 τί
854 622 1107 688 λαλήσω
1128 637 1139 651 ν
1173 623 1267 674 καὶ
1296 623 1397 675 ὅσα
1434 621 1657 675 τοιαῦτα
1686 621 1849 691 ἕτερα
1870 631 1918 673 α.

359 706 502 773 Ἀρα
527 703 699 757 ταῦτα
738 705 806 758 δι’
835 706 1031 770 αὑτοὺς
1056 707 1228 770 οὑτως
1253 707 1503 775 ἐλέγετο,
1536 706 1625 759 ἵνα
1655 703 1926 776 μηδεμίαν

356 789 554 859 ἔχωσιν
586 789 880 857 ἀπολογίας
914 792 1208 860 πρόφασιν.
1256 792 1409 844 Ἐπεὶ
1449 792 1498 843 εί
1535 788 1610 859 μὴ
1637 786 1798 841 τοῦτο
1833 781 1923 857 ᾖν,

354 872 409 925 τί
454 873 675 925 Ἡσαΐου
722 872 883 926 πλέον
923 873 1063 937 ἔξεις
1117 873 1227 926 Kal
1276 872 1385 943 γὰρ
1424 873 1631 934 ἐκεῖνος
1684 869 1745 923 τὸ
1791 867 1926 920 αὑτὸ

356 954 513 1009 τοῦτό
540 972 671 1024 φησι
692 972 713 1007 ·.
734 956 949 1022 Κύριος
976 955 1187 1009 δίδωσι
1200 974 1302 1025 μοι
1322 954 1612 1021 γλῶσσαν
1634 951 1923 1017 παιδείας,

354 1038 464 1091 τοῦ
482 1037 697 1105 γνῶναι
711 1038 892 1104 ἡνίκα
908 1038 1001 1092 δεῖ
1014 1038 1204 1092 εἰπεῖν
1225 1040 1429 1108 λόγον.
1447 1037 1511 1090 Τί
1534 1038 1589 1090 δὲ
1623 1033 1885 1104 Ἰερεμίου
1908 1050 1922 1099 ;

358 1121 454 1173 καὶ
480 1120 588 1190 γὰρ
615 1123 816 1183 ἐκεῖνος
841 1123 929 1174 ὅτε
963 1122 1241 1193 ἐπέμπετο
1264 1122 1555 1174 ἐνεπνεῖτο.
1586 1118 1651 1171 Τί
1679 1117 1735 1170 δὲ
1768 1115 1926 1179 Ἰεζε-

357 1204 519 1272 κιήλ;
552 1204 642 1255 καὶ
676 1204 785 1275 γάρ
812 1206 907 1257 καὶ
938 1200 1093 1268 οὗτος
1123 1205 1221 1275 τὴν
1260 1203 1524 1272 κεφαλίδα
1563 1196 1923 1267 καταφαγὼν,

356 1285 528 1349 οὑτως
572 1288 886 1355 ἐφθέγγετο.
936 1289 1145 1353 Ι’Λλλως
1168 1290 1225 1342 δὲ
1248 1331 1262 1354 ,
1289 1287 1673 1359 εὑρεθήσονται
1701 1284 1750 1336 oI
1797 1281 1927 1352 μέλ-

356 1368 539 1431 λοντες
560 1370 777 1424 ἀκούειν
803 1372 938 1442 ὅπερ
962 1372 1163 1439 ἔλεγεν,
1187 1374 1349 1425 αίτιοι
1377 1372 1474 1441 τῆς
1502 1370 1752 1437 γνώσεως
1775 1366 1926 1426 ὄντες

356 1451 522 1522 αὐτῷ.
554 1454 613 1505 EI
639 1453 747 1524 γὰρ
788 1455 875 1507 ὅτε
911 1457 1208 1527 ἐπέμπετο,
1240 1455 1459 1525 ἐντολὴν
1502 1453 1620 1505 τότε
1660 1449 1847 1512 ἔλαϐε,
1872 1446 1925 1500 τί

356 1535 484 1605 εἴπῃ
505 1576 519 1598 ,
552 1535 735 1589 λοιπὸν
762 1538 905 1608 ἐρεῖς
929 1578 944 1601 ,
982 1540 1064 1591 ὅτι
1099 1538 1193 1591 καὶ
1223 1540 1351 1607 πρὶν
1395 1538 1427 1608 ἢ
1462 1535 1777 1605 πεμφθῆναι
1824 1531 1924 1584 οὑκ

356 1616 492 1687 ᾔδει.
527 1620 636 1672 Kal
676 1621 728 1672 τί
766 1620 969 1673 τούτων
1002 1622 1359 1691 ἀσεϐέστερον
1407 1620 1515 1672 τῶν
1547 1618 1827 1689 ῥημάτων,
1875 1613 1923 1665 εί

355 1699 528 1762 οὕτως
574 1702 710 1755 αὑτά
751 1720 833 1765 τις
866 1703 1072 1772 δέχοιτο
1096 1743 1110 1765 ,
1147 1704 1239 1756 καὶ
1277 1704 1352 1774 μὴ
1386 1699 1791 1771 καταμανθάνοι
1824 1698 1924 1765 τῆς

355 1784 737 1854 ταπεινότητος
764 1786 942 1839 αὑτῶν
963 1788 1060 1859 τὴν
1086 1787 1259 1839 αἰτίαν
1281 1787 1307 1825 b
1330 1803 1344 1852 ;
1381 1786 1519 1838 Ἀλλ’
1541 1788 1569 1837 6
1594 1783 1690 1853 μὲν
1714 1779 1923 1841 Παῦλός

357 1883 488 1935 φησι
510 1868 604 1920 καὶ
639 1868 799 1930 αὐτὸς
828 1869 1020 1921 εἰδέναι
1049 1870 1293 1933 καὶτοὺς
1326 1867 1825 1940 μαθητευομένους,
1862 1862 1924 1913 Τί

356 1948 424 1999 τὸ
470 1947 701 2017 θέλημα
740 1951 847 2003 τοῦ
894 1952 1040 2005 Θεοῦ
1074 1953 1138 2006 τὸ
1179 1953 1404 2021 ἀγαθὸν
1448 1950 1547 2004 καὶ
1594 1945 1925 2014 εὐάρεστον

358 2031 456 2083 καὶ
498 2032 757 2086 τέλειον·
793 2036 822 2086 6
869 2035 925 2089 δέ
972 2036 1099 2100 Υίδς
1140 2037 1240 2089 οὑκ
1270 2036 1537 2105 ἠπίστατο
1568 2032 1672 2094 ἕως
1704 2027 1922 2096 ἐντολὴν

358 2114 546 2179 ἔλαϐες
577 2117 670 2168 καὶ
711 2117 829 2179 πῶς
858 2117 923 2169 ἂν
960 2118 1072 2189 ἔχοι
1119 2119 1275 2187 λόγον
1308 2118 1495 2183 τοῦτο;
1536 2117 1700 2186 Ὀρᾷς
1729 2113 1809 2165 δτι
1835 2109 1923 2162 διὰ

356 2198 511 2250 τοῦτο
543 2201 621 2261 είς
653 2200 955 2272 ὑπερϐολὴν
977 2203 1361 2273 ταπεινότητος
1385 2201 1452 2254 τὰ
1481 2200 1745 2270 λεγόμενα
1773 2199 1918 2265 ἄγει,

358 2278 443 2331 ἵνα
488 2282 774 2345 κάκείνους
816 2285 1226 2355 ἐπισπάσηται,
1260 2286 1354 2338 καὶ
1398 2286 1525 2347 τοὺς
1581 2284 1718 2354 μετά
1752 2283 1925 2336 ταῦτα

357 2363 715 2436 ἐπιστομίσῃ;
765 2365 865 2419 Διά
916 2367 1047 2435 γοῦν
1088 2367 1245 2420 τοῦτο
1279 2366 1595 2439 ἀνθρώπινα
1628 2367 1923 2435 φθέγγεται

359 2447 600 2516 ῥήματα,
630 2450 716 2501 ἵνα
745 2449 849 2503 κᾶν
880 2450 1052 2512 οὕτως
1082 2450 1369 2521 ἀναγκάσῃ
1394 2451 1585 2518 φυγεῖν
1612 2451 1672 2502 τὸ
1710 2450 1925 2512 εύτελές

356 2529 465 2581 τῶν
492 2530 809 2599 λεχθέντων,
840 2534 1144 2596 συνειδότας
1166 2535 1328 2587 ὅτιού
1359 2536 1456 2603 τῆς
1477 2531 1691 2601 φύσεώς
1724 2532 1924 2585 ἐστιτά

359 2606 643 2676 λεγόμενα,
670 2611 805 2663 ἀλλά
832 2612 931 2680 τῆς
969 2614 1077 2664 τῶν
1122 2613 1428 2665 ἀκουόντων
1462 2610 1764 2672 ἀσθενείας.
1808 2612 1917 2663 Καὶ

358 2689 489 2746 οἶδα
511 2693 599 2746 ὅτι
619 2694 655 2760 εὴ
679 2695 897 2763 ἐντολὴ
919 2697 1103 2750 αὐτοῦ
1124 2696 1232 2763 ζωὴ
1257 2695 1493 2759 αἰώνιός
1507 2696 1694 2748 ἐστιν.
1727 2696 1785 2748 Ἀ
1812 2691 1925 2749 οὖν

357 2775 554 2836 λαλῶ.
584 2777 777 2843 καθὼς
808 2779 1144 2833 ἐνετείλατό
1165 2797 1266 2848 μοι
1297 2780 1328 2831 6
1364 2778 1563 2845 Πατήρ
1590 2796 1746 2847 μου,
1771 2778 1923 2829 οὕτω

357 2858 544 2913 λαλῶ.
588 2862 749 2933 Ὁρᾷς
787 2862 849 2915 τὸ
888 2864 1145 2916 ταπεινὸν
1183 2863 1290 2915 τῶν
1336 2862 1680 2934 είρημένωνς
1726 2862 1786 2915 Ὀ
1815 2864 1922 2932 γὰρ

358 2943 576 3013 ἐντολὴν
612 2944 811 3003 λαϐὼν.
842 2946 941 2999 οὑκ
971 2945 1117 2999 ἐστιν
1159 2946 1352 2999 ἐαυτοῦ
1381 2946 1592 3016 κύριος.
1641 2947 1830 2998 Καίτοι
1857 2962 1921 3013 γε

358 3026 519 3087 αὑτός
562 3044 759 3103 φησιν⁹
795 3028 1023 3095 Ὠσπερ
1056 3030 1163 3099 γὰρ
1213 3032 1245 3083 ὁ
1293 3028 1494 3094 Πατὴρ
1542 3028 1747 3097 ἐγείρει
1783 3028 1922 3094 τοὺς

357 3109 607 3176 νεκροὺς
638 3111 734 3163 καὶ
766 3108 1030 3171 ζωοποιεῖ
1042 3152 1056 3176 ,
1079 3112 1231 3165 οὕτω
1265 3111 1361 3164 καὶ
1387 3114 1420 3164 ό
1459 3112 1590 3176 Υίὸς
1617 3111 1724 3176 οὓς
1766 3112 1925 3166 θέλει

358 3186 638 3248 ζωοποιεῖ.
674 3189 802 3245 Είτα
829 3196 1035 3266 ἐγεῖραι
1079 3195 1177 3265 μὲν
1203 3194 1295 3257 οὓς
1325 3194 1468 3246 θέλει
1496 3194 1743 3260 ἐξουσίαν
1771 3195 1881 3265 ἔχει
1904 3235 1921 3258 ,

359 3277 530 3327 εἰπεῖν
554 3276 607 3328 δὲ
627 3277 655 3328 ὃ
688 3276 931 3346 βούλεται
960 3280 1058 3331 οὑκ
1085 3278 1232 3347 ﬁxam;
1261 3281 1324 3331 ’Ὀ
1354 3274 1446 3331 οὖν
1474 3279 1615 3331 θέλει
1643 3282 1815 3332 εἰπεῖν
1837 3279 1922 3332 διὰ

359 3359 449 3411 τοῦ
475 3361 794 3431 είρημένου,
829 3362 983 3415 τοῦτό
1006 3366 1183 3416 ἐστιν’
1215 3363 1294 3415 ὅτι
1323 3365 1422 3415 οὐκ
1469 3362 1581 3431 ἔχει
1615 3375 1637 3400 υ
1663 3362 1821 3430 φύσιν
1863 3364 1922 3416 τὸ

361 3445 589 3513 πρᾶγμα
616 3445 778 3513 ἔτερα
807 3447 902 3515 μὲν
919 3449 1125 3499 ἐκεῖνον
1146 3445 1344 3513 λέγειν,
1367 3446 1528 3517 ἐτερα
1554 3446 1611 3498 δέ
1637 3448 1735 3517 ἐμὲ
1757 3447 1923 3515 φθέγ-

358 3527 569 3592 γεσθαι.
600 3529 708 3581 Καὶ
744 3525 877 3581 οἶδα
907 3528 1054 3597 ὅτίή
1084 3528 1302 3598 ἐντολὴ
1334 3530 1519 3583 αὐτοῦ
1549 3529 1658 3597 ζωὴ
1688 3530 1924 3596 αἰώνιός

358 3608 506 3662 ἐστι.
538 3611 676 3681 Πρὸς
709 3612 947 3673 ἐκείνους
968 3614 1093 3674 τοὺς
1114 3612 1313 3666 πλάνον
1339 3613 1499 3666 αὑτὸν
1522 3612 1776 3680 λέγοντας
1792 3655 1806 3676 ,
1832 3616 1925 3667 καὶ

359 3694 449 3744 ἐπὶ
470 3693 615 3766 λύμῃ
639 3695 1092 3765 παραγεγονέναι,
1115 3695 1269 3748 τοῦτο
1299 3690 1469 3751 εἶπεν.
1502 3698 1669 3749 Ὅταν
1697 3696 1751 3749 δέ
1769 3697 1923 3769 λέγῃ,

372 3774 519 3843 Ἐγὼ
543 3780 613 3830 οὐ
632 3779 831 3844 κρίνω,
862 3778 935 3849 μὴ
968 3774 1105 3830 εἶναι
1130 3779 1226 3847 τῆς
1248 3778 1521 3842 ἀπωλείας
1548 3779 1655 3832 τῶν
1670 3779 1924 3833 τοιούτων

362 3860 551 3912 ἐαυτὸν
575 3860 843 3914 δείκνυσιν
871 3862 1045 3913 αῖτιον
1072 3860 1120 3914 ιι.
1150 3862 1248 3914 Διά
1275 3861 1382 3933 γὰρ
1415 3862 1619 3916 τούτων
1644 3863 1925 3933 μονονουχὶ

358 3943 799 4013 διαμαρτύρεται,
828 3945 1036 4014 μέλλων
1056 3945 1385 4013 ἀφίστασθαι
1413 3945 1593 3999 αὐτῶν
1612 3947 1705 3999 καὶ
1731 3946 1925 4017 μηκέτι

363 4026 748 4094 συγγίνεσθαι,
790 4030 873 4081 ὃτι
902 4028 1065 4082 Οὑδέν
1109 4028 1219 4097 ἐγὼ
1251 4029 1328 4092 ὡς
1381 4029 1511 4082 ῐδιον
1556 4029 1926 4100 φθεγγόμενος

360 4111 635 4180 διελέχθην
668 4113 825 4181 ὑμῖν,
867 4112 1001 4166 ἀλλά
1034 4114 1211 4167 πάντα
1251 4112 1327 4175 ὡς
1364 4113 1516 4183 παρά
1552 4113 1646 4166 τοῦ
1690 4113 1921 4182 Πατρός.

362 4196 472 4247 Καὶ
505 4195 594 4248 διὰ
615 4195 772 4249 τοῦτο
800 4199 879 4260 εἰς
902 4197 968 4250 τὰ
994 4197 1227 4249 ταπεινά
1258 4198 1349 4249 τὸν
1383 4197 1540 4265 λόγον
1569 4197 1705 4267 πρὸς
1730 4198 1926 4259 αὑτοὺς

363 4278 730 4341 κατέκλεισεν,
751 4280 838 4331 ἵνα
871 4279 1003 4350 εἴπῃ
1022 4319 1036 4341 ,
1061 4281 1143 4333 ὅτι
1172 4280 1320 4342 Ἕως
1348 4280 1536 4343 τέλους
1561 4279 1763 4349 ταύτην
1793 4278 1926 4348 πρὸς

361 4362 554 4423 αὐτοὺς
599 4362 830 4431 ὑστέραν
876 4362 1060 4432 ἀφῆκα
1111 4364 1313 4433 φωνήν.
1363 4363 1529 4416 Ποίαν
1582 4363 1645 4434 δὴ
1685 4361 1923 4432 ταύτην;

362 4445 565 4508 Καθὼς
593 4444 795 4511 εἴρηκέ
826 4463 924 4513 μοι
956 4449 988 4498 ό
1016 4445 1237 4514 Πατὴρ,
1261 4445 1413 4499 οὕτω
1442 4445 1627 4500 λαλῶ.
1662 4446 1723 4498 EI
1749 4445 1805 4498 δὲ
1830 4435 1926 4499 av;

361 4526 537 4588 τίθεος
570 4528 737 4597 ἥμην.
768 4528 1077 4581 τούναντίον
1107 4527 1170 4580 ἂν
1202 4524 1355 4581 εἷπον
1378 4545 1389 4558 ·
1423 4530 1504 4582 ὅτι
1535 4528 1686 4581 οὐδὲν
1712 4528 1821 4581 τῶν
1850 4526 1927 4597 τῷ

362 4609 479 4679 Θεῷ
508 4610 806 4662 δοκούντων
830 4611 973 4677 λέγω
994 4653 1006 4675 ,
1036 4610 1176 4663 ὥστε
1219 4613 1297 4674 είς
1331 4612 1568 4681 ἐμαυτὸν
1597 4611 1928 4680 περιστῆσαι

359 4693 456 4763 τὴν
494 4692 670 4758 δόξαν.
720 4693 856 4746 Νυνὶ
898 4694 955 4746 δὲ
992 4693 1247 4747 τοσοῦτον
1284 4695 1363 4758 είς
1402 4695 1563 4747 αὑτὸν
1619 4695 1793 4747 πάντα
1830 4695 1926 4745 ἀν-

361 4777 585 4846 ήγαγον,
618 4776 693 4839 ὡς
723 4776 885 4846 μηδὲν
918 4776 1048 4845 ἐμὸν
1077 4779 1244 4847 φῆσαι
1275 4787 1321 4830 θ.
1356 4777 1512 4840 Τίνος
1538 4773 1630 4831 οῦν
1663 4777 1846 4831 ἕνεκεν
1866 4777 1926 4830 οὑ

359 4857 639 4911 πιστεύετέ
671 4876 759 4929 μοι
787 4858 1017 4926 λέγοντι,
1050 4860 1128 4912 ὃτι
1153 4859 1371 4930 ἐντολὴν
1400 4859 1613 4922 ἔλαϐον,
1650 4861 1744 4913 καὶ
1776 4859 1926 4931 [411]

358 4942 501 4994 οὑτω
529 4941 773 5012 σφοδρῶς
792 4941 1102 5012 ἀναιροῦντι
1115 4943 1215 5014 τὴν
1242 4944 1482 5014 πονηρὰν
1498 4943 1650 5014 ὑμῶν
1675 4943 1928 4996 ὑπόνοιαν

358 5026 457 5096 τὴν
485 5025 582 5093 τῆς
614 5025 1012 5087 ἀντιστάσεωςς
1057 5026 1270 5095 Ὠσπερ
1299 5026 1408 5097 γὰρ
1437 5028 1562 5089 τοὺς
1592 5025 1811 5097 ἐντολὴν
1842 5026 1928 5079 δε-

358 5110 621 5180 χομένους
654 5108 915 5163 ἀδύνατον
944 5108 1071 5163 ἄλλο
1100 5127 1153 5163 τι
1181 5112 1355 5162 ποιεῖν
1384 5111 1416 5179 ἢ
1448 5110 1648 5177 λέγειν,
1678 5110 1711 5181 ἢ
1745 5110 1845 5163 ὅσα
1877 5111 1928 5162 οἱ

361 5192 673 5263 πέμψαντες
714 5191 993 5261 βούλονται
1019 5231 1034 5255 ,
1062 5191 1166 5255 ἓως
1200 5192 1268 5247 ἀν
1306 5192 1524 5263 ἐντολὴν
1553 5191 1801 5263 πληρῶσι
1831 5191 1930 5244 καὶ

362 5277 438 5347 μὴ
472 5276 966 5347 παραχαράττωσιν
984 5292 997 5306 ο
1026 5274 1198 5338 οὑτως
1227 5275 1345 5328 οὐδὲ
1371 5276 1471 5346 ἐμὲ
1494 5274 1621 5329 ἄλλο
1644 5293 1697 5328 τι
1722 5274 1927 5344 πρᾶξαι

358 5361 392 5428 ἢ
438 5361 610 5413 εἰπεῖν
650 5359 904 5421 δυνατὸν,
936 5358 1050 5412 ἀλλ’
1091 5359 1124 5428 ἢ
1157 5359 1300 5428 ἀπερ
1348 5361 1377 5412 6
1416 5359 1605 5431 Πατὴρ
1655 5359 1924 5428 βούλεται.

365 5446 423 5496 Ἃ
446 5443 553 5511 γὰρ
571 5444 684 5512 ἐγὼ
700 5441 867 5503 ποιῶ,
891 5442 1116 5508 ἐκεῖνος
1138 5442 1314 5509 ποιεῖ,
1338 5441 1427 5495 ὅτι
1441 5443 1569 5509 μετ’
1595 5442 1740 5510 ἐμοῦ
1772 5444 1923 5507 ἐστι,

358 5529 450 5580 καὶ
480 5529 580 5579 οὑκ
612 5527 788 5596 ἀφῆκέ
832 5544 898 5596 με
934 5526 1091 5596 μόνον
1115 5528 1157 5579 δ’
1179 5527 1386 5597 Πατήρ.
1436 5525 1600 5597 Ὁρᾷς
1646 5526 1763 5589 πῶς
1790 5543 1925 5577 παν-

356 5610 520 5681 ταχοῦ
547 5611 783 5663 δείκνυσι
807 5609 1145 5680 συνημμένον
1169 5609 1245 5679 τῷ
1262 5610 1635 5684 γεγεννηκότι,
1659 5610 1751 5662 καὶ
1772 5608 1925 5661 οὐδὲν
1992 5670 1997 5675 ἢ

420 5748 445 5775 ⁸
472 5745 642 5808 Morel.
668 5744 864 5793 τοιαῦτα
890 5746 1015 5808 ἐργα.
1084 5746 1217 5808 bAIiI
1235 5744 1389 5791 αὑτῶν
1410 5745 1495 5801 τὴν
1514 5744 1778 5808 πρόφασινς
1803 5746 1921 5794 ἀλλ’.

419 5810 441 5835 ο
484 5806 733 5869 ΑΙὶἰμξχεῃ
778 5808 835 5855 Τί
859 5804 1076 5855 οὖνέστι
1115 5805 1170 5853 τὸ
1194 5808 1432 5869 εἰρημένον
1471 5804 1641 5869 τοῦτο’,
1671 5807 1827 5866 φησὶν,
1853 5808 1925 5869 ὅτι

355 5868 443 5915 οὐκ
466 5869 502 5915 ἐ.
569 5866 596 5905 ιι
619 5866 715 5917 Ᾰιίἱ
746 5869 799 5916 οὑ
820 5870 980 5931 κρίνω,
1000 5868 1120 5931 ,Οὑκ
1153 5866 1247 5931 εἰμί
1269 5874 1351 5925 τῆς
1381 5868 1620 5931 ἀπωλείας
1636 5868 1928 5931 τῶν-’τοιού-

354 5946 451 5976 των
482 5930 630 5986 αίτιος
652 5966 666 5988 ,
709 5929 866 5992 φησὶν,
908 5930 1009 5978 ἀλλ’
1035 5929 1206 5980 αὐτοί.
1255 5931 1278 5961 ο
1310 5931 1512 5989 Quidam
1538 5929 1680 5990 μηδὲν
1730 5929 1848 5977 ’ίδιὸν
1879 5946 1924 5976 τι

360 5997 523 6052 φῆσαι.

1322 333 1385 386 ΙΝ
1423 332 1737 387 ,ΙΟΑΝΝΕΜ
1783 330 2014 386 1103111..
2049 332 2230 387 LXIX.
2278 336 2349 390 aI.
2394 336 2622 392 LXVIII.

3501 341 3604 395 580

2033 454 2198 523 μέσον
2232 456 2325 521 6v;
2364 460 2473 511 Kal
2506 460 2614 531 γὰρ
2640 461 2770 513 ὅταν
2818 460 2972 533 λέγῃ.
3020 461 3143 514 Ἀπ’
3186 458 3449 527 ἐμαυτοῦ
3493 463 3603 514 οὐκ

2028 538 2297 603 ἐλήλυθα
2315 580 2329 599 ,
2360 543 2421 595 οὑ
2446 543 2545 612 τὴν
2575 544 2821 607 ἐξουσίαν
2847 545 3247 616 ἀφαιρούμενος
3276 544 3443 611 λέγει,
3468 544 3603 597 ἀλλὰ

2027 619 2087 671 τὸ
2114 620 2390 695 ἀλλότριον
2416 626 2510 677 καὶ
2533 626 2774 679 ἐναντίον
2807 627 3065 697 ἀναιρῶν.
3107 629 3168 681 El
3190 628 3299 698 γὰρ
3321 626 3601 698 ἄνθρωποι

2029 702 2207 773 κύριοι
2245 705 2471 768 ἑαυτῶν,
2501 708 2680 778 πολλῷ
2714 709 2911 779 μᾶλλον
2945 711 2973 761 6
2999 710 3291 780 μονογενὴς
3317 709 3463 771 Υίός.
3500 708 3603 762 Καὶ

2028 786 2109 838 ὅτι
2132 786 2290 840 τοῦτό
2312 789 2459 841 ἐστιν
2492 790 2708 860 ἀληθὲς,
2732 791 2964 845 ἄκουσον
2996 792 3049 844 τί
3074 808 3237 861 φησιν
3264 791 3292 842 6
3320 791 3529 853 Παῦλος
3553 790 3598 830 ί·

2042 869 2367 924 Ἐκένωσεν
2414 873 2650 937 ἑαυτὸν,
2700 874 2798 927 καὶ
2855 874 3198 942 παρέδωκεν
3219 874 3373 941 ὑπὲρ
3411 874 3599 943 ἡμῶν.

2040 951 2179 1004 Ἀλλ’
2229 954 2365 1025 ὅπερ
2398 954 2558 1025 ἔφην,
2597 957 2768 1009 δεινὸν
2800 959 2833 1028 ἡ
2879 957 3184 1023 κενοδοξία,
3219 957 3411 1014 δεινόν.
3447 957 3595 1029 Αὕτη

2026 1034 2135 1105 γάρ
2170 1037 2263 1089 καὶ
2291 1037 2530 1102 ἐκείνους
2574 1038 2648 1109 μὴ
2681 1038 2978 1102 πιστεύειν,
3017 1040 3112 1092 καὶ
3157 1039 3378 1111 ἐτέρους
3413 1040 3599 1105 κακῶς

2027 1117 2302 1171 πιστεύειν
2342 1121 2719 1191 παρεσκεύασε
2743 1163 2757 1185 ,
2789 1124 2883 1175 καὶ
2920 1122 2956 1175 ἀ
2988 1121 3054 1174 δι’
3094 1123 3336 1185 ἐκείνους
3381 1123 3603 1191 ἐλέγετο

2027 1198 2432 1271 φιλανθρωπίας
2458 1204 2663 1265 ἕνεκεν,
2691 1206 2863 1258 ταῦτα
2888 1206 2967 1267 εἰς
2994 1205 3245 1258 ἀσέϐειαν
3270 1205 3517 1259 ἐκλαϐεῖν
3552 1208 3596 1260 ⁸.

2094 1290 2161 1351 γ’.
2196 1284 2489 1354 Φεύγωμεν
2527 1286 2705 1338 τοίνυν
2744 1288 2803 1340 τὸ
2838 1286 3025 1358 θηρίον
3050 1287 3205 1341 τοῦτο
3235 1288 3322 1341 διὰ
3354 1289 3595 1343 πάντων.

2025 1365 2275 1420 Ποικίλον
2301 1369 2409 1439 γάρ
2438 1369 2554 1421 ἐστι
2576 1369 2667 1422 καὶ
2689 1370 3041 1433 παντοδαπὸν,
3059 1372 3151 1424 καὶ
3177 1370 3451 1441 πανταχοῦ
3483 1370 3598 1423 δια-

2028 1449 2240 1519 σπείρει
2265 1449 2357 1502 τὸν
2378 1453 2575 1504 οἰκεῖον
2597 1452 2694 1512 ίὸν,
2720 1455 2813 1506 καὶ
2840 1455 2899 1505 ἐν
2920 1456 3185 1523 χρήμασι,
3204 1455 3297 1506 καὶ
3321 1455 3378 1506 ἐν
3398 1456 3598 1525 τρυφῇ,

2027 1533 2120 1584 καὶ
2166 1535 2224 1585 ἐν
2275 1534 2459 1588 κάλλει
2502 1537 2790 1605 σωμάτων.
2838 1539 2937 1589 Διὰ
2974 1537 3132 1591 τοῦτο
3175 1538 3452 1608 πανταχοῦ
3500 1539 3600 1609 τὴν

2026 1616 2216 1685 χρείαν
2261 1619 2695 1690 ὑπερϐαίνομεν’
2744 1621 2833 1673 διὰ
2862 1622 3020 1675 τοῦτο
3055 1624 3089 1693 ἡ
3126 1624 3253 1693 περὶ
3292 1624 3360 1675 τὰ
3411 1623 3601 1693 ἱμάτια

2026 1699 2345 1766 πλεονεξία,
2382 1704 2409 1755 6
2451 1703 2618 1766 πολὺς
2661 1704 2767 1756 τῶν
2816 1706 3040 1759 οἰκετῶν
3087 1707 3284 1776 ἐσμός’
3316 1705 3405 1758 διὰ
3442 1706 3601 1758 τοῦτο

2026 1784 2300 1852 πανταχοῦ
2325 1784 2469 1855 μὲνὴ
2492 1786 2649 1856 χρεία
2674 1789 3168 1859 καταπεφρόνηται.
3193 1789 3286 1842 καὶ
3303 1790 3358 1839 ἐν
3380 1789 3597 1851 οἰκίαις,

2026 1865 2119 1916 καὶ
2160 1868 2219 1917 ἐν
2256 1866 2493 1935 ἱματίοις
2518 1908 2533 1930 ,
2571 1870 2666 1921 καὶ
2712 1870 2771 1921 ἐν
2818 1872 3067 1943 τραπέζῃ
3096 1888 3108 1900 ·
3142 1874 3175 1941 ἡ
3221 1872 3277 1925 δὲ
3313 1872 3598 1935 πλεονεξία

2026 1950 2236 2016 κρατεῖ.
2281 1948 2466 2002 Βούλει
2500 1950 2658 2020 δόξης
2695 1952 3023 2016 ἀπολαύειν;
3056 1953 3328 2025 Ἐργασαι
3368 1954 3598 2025 ἐλεημο-

2029 2030 2227 2100 σύνην’
2268 2033 2389 2086 τότε
2424 2052 2482 2087 σε
2517 2036 2895 2089 ἐπαινέσονται
2938 2039 2986 2089 οἱ
3032 2037 3285 2105 ἀγγελοιο
3324 2038 3443 2090 τότε
3472 2054 3531 2090 σε
3570 2038 3599 2089 6

2027 2113 2157 2176 Θεὸς
2194 2115 2532 2182 ἀποδέξεται.
2564 2119 2677 2170 Νῦν
2707 2118 2805 2189 μὲν
2843 2119 2954 2189 γὰρ
2982 2120 3041 2172 τὸ
3072 2118 3256 2190 θαῦμα
3294 2120 3457 2191 μέχρι
3489 2119 3598 2171 τῶν

2025 2198 2333 2267 χρυσοχόων
2365 2200 2563 2271 ἕστηκε
2595 2202 2687 2255 καὶ
2713 2203 2822 2256 τῶν
2857 2204 3109 2271 ὑφαντῶν
3134 2221 3147 2234 ·
3181 2207 3245 2257 σὺ
3278 2205 3335 2257 δέ
3360 2204 3599 2272 ἀστεφά-

2026 2296 2192 2343 νωτος
2215 2282 2533 2352 ἀναχωρεῖς,
2565 2286 2809 2355 κατάρας
2833 2287 3016 2356 ὁρῶσα
3044 2287 3275 2357 σεαυτὴν
3300 2287 3596 2357 δεχομένην

2026 2362 2303 2426 πολλάκις.
2346 2366 2439 2417 Ἂν
2468 2365 2720 2419 δὲταῦτα
2745 2369 2817 2439 μὴ
2842 2369 2919 2439 τῷ
2952 2369 3162 2439 σώματι
3198 2369 3446 2440 περιθῇς,
3482 2368 3596 2422 ἀλλ’

2025 2448 2104 2508 εἰς
2129 2446 2225 2508 τὰς
2249 2449 2519 2518 γαστέρας
2560 2451 2669 2503 τῶν
2699 2454 3012 2520 πενομένων
3053 2451 3301 2523 κενώσῃς
3320 2494 3335 2515 ,
3376 2453 3542 2515 πολὺς
3569 2454 3598 2505 6

2025 2530 2216 2599 κρότος
2245 2533 2579 2601 πανταχόθεν
2609 2534 2781 2597 ἐσται,
2808 2535 2972 2598 πολὺς
2996 2538 3023 2588 6
3042 2536 3278 2599 ἔπαινος.
3304 2534 3436 2589 Τότε
3461 2535 3600 2590 αὑτὰ

2023 2613 2201 2679 ἕξεις,
2242 2614 2368 2666 ὅταν
2409 2616 2614 2684 ἑτέροις
2665 2617 2802 2685 δῷς·
2840 2620 2942 2681 ’έως
2974 2620 3017 2672 δ’
3053 2620 3118 2673 ἂν
3152 2621 3284 2690 μόνη
3328 2619 3596 2690 κατέχῃς,

2025 2696 2122 2748 οὑκ
2153 2696 2314 2765 ἔχεις.
2346 2697 2629 2768 Θησαυρδς
2655 2700 2763 2771 γὰρ
2791 2699 3017 2765 ἄπιστος
3041 2704 3073 2772 ἡ
3110 2702 3256 2754 οἰκία
3282 2719 3294 2731 ·
3324 2701 3598 2772 θησαυρὸς

2023 2779 2080 2830 δὲ
2110 2778 2324 2847 βέϐαιος
2354 2782 2409 2832 αἱ
2444 2780 2551 2833 τῶν
2583 2784 2833 2853 πενήτων
2878 2787 3075 2854 χεῖρες.
3116 2784 3181 2837 Τί
3214 2784 3274 2837 τὸ
3316 2784 3473 2854 σῶμα
3504 2802 3598 2836 κο-

2027 2863 2183 2928 σμεῖς
2208 2902 2219 2922 ,
2250 2861 2348 2931 τῆς
2386 2862 2560 2933 ψυχῆς
2590 2866 2942 2937 ὴμελημένης
2962 2906 2975 2930 .
3028 2866 3338 2937 ἀκαθαρσίᾳ
3372 2884 3599 2936 κατεχο-

2029 2943 2228 3012 μένης;
2260 2945 2312 2996 τί
2340 2944 2413 3016 μὴ
2440 2946 2708 3017 τοσαύτην
2734 2950 3029 3017 ἀπονέμεις
3048 2952 3114 3020 τῇ
3145 2949 3289 3020 ψυχῇ
3319 2949 3597 3019 πρόνοιαν,

2025 3026 2155 3097 ὅσην
2178 3026 2256 3097 τῷ
2285 3028 2497 3097 σώματι
2520 3047 2534 3091 ;
2568 3031 2760 3083 Καίτοι
2782 3048 2843 3098 γε
2868 3031 3087 3085 πλείονα
3115 3032 3223 3085 ἔδει
3244 3048 3257 3063 ·
3290 3032 3406 3086 ἀλλ’
3426 3033 3597 3101 ὅμως,

2024 3111 2294 3179 ἀγαπητοὶ
2311 3115 2359 3173 h,
2378 3111 2479 3164 κᾶν
2499 3114 2597 3183 τὴν
2620 3114 2739 3183 τσην
2756 3116 2891 3186 αὐτῇ
2910 3117 3170 3187 παρέχειν
3192 3117 3297 3170 ἔδει
3316 3116 3595 3187 πρόνοιαν.

2027 3192 2159 3244 Εἰπὲ
2184 3193 2310 3271 γάρ
2347 3211 2465 3263 μοι·
2507 3195 2560 3247 εί
2583 3196 2667 3259 τίς
2711 3214 2771 3249 σε
2802 3198 2985 3269 ἤρετο,
3017 3201 3066 3252 τί
3100 3199 3298 3268 βούλει.
3333 3200 3393 3253 τὸ
3434 3200 3596 3271 σῶμά

2027 3292 2119 3327 σου
2154 3270 2293 3329 εἶναι
2328 3276 2578 3349 λαμπρὸν
2608 3280 2700 3332 καὶ
2722 3281 2999 3350 εὐεκτοῦν,
3028 3285 3122 3336 καὶ
3152 3283 3269 3353 ὥρᾳ
3297 3286 3472 3354 νικᾷν,
3504 3286 3601 3338 καὶ

2029 3358 2217 3427 ἱμάτια
2252 3363 2436 3430 φορεῖν
2470 3361 2691 3431 εὐτελῆ·
2731 3363 2763 3434 ἢ
2799 3364 2957 3416 τοῦτο
2997 3367 3095 3433 μέν
3144 3367 3425 3436 ἀνάπηρον
3456 3367 3600 3436 ἔχειν

2027 3441 2121 3492 καὶ
2152 3441 2321 3493 νόσων
2346 3444 2822 3514 ἐμπεπλησμένον,
2850 3447 2943 3499 καὶ
2965 3452 3323 3518 χρυσοφορεῖν
3349 3448 3441 3502 καὶ
3470 3449 3601 3502 καλ-

2025 3521 2387 3587 λωπίζεσθαις
2430 3525 2490 3577 οὑ
2521 3525 2697 3596 πολλῷ
2727 3527 2924 3597 μᾶλλον
2961 3528 3102 3582 εἵλου
3135 3531 3193 3583 ἐν
3217 3534 3280 3602 τῇ
3318 3530 3475 3599 φύσει
3503 3530 3599 3583 τοῦ

2028 3606 2280 3677 σώματος
2323 3606 2466 3685 ἔχειν
2510 3609 2609 3679 τὴν
2644 3611 2966 3680 εὐμορφίαν,
3003 3612 3035 3683 ἢ
3071 3616 3135 3684 τῇ
3181 3614 3442 3685 περιϐολῇ
3490 3615 3600 3667 τῶν

2030 3689 2299 3759 ίματίων;
2344 3684 2461 3742 εἶτα
2500 3690 2594 3743 ἐπὶ
2632 3691 2730 3761 μὲν
2760 3692 2853 3745 τοῦ
2888 3693 3136 3763 σώματος
3168 3684 3324 3748 τοῦτο
3359 3684 3596 3767 αἱρήσῃ.

2027 3772 2120 3824 ἐπὶ
2159 3771 2215 3825 δὲ
2258 3772 2355 3841 τῆς
2391 3773 2569 3843 ψυχῆς
2606 3774 2947 3839 τούναντίον,
2996 3778 3089 3831 καὶ
3139 3778 3371 3847 αἰσχρὰν
3425 3780 3597 3850 αὑτὴν

2027 3854 2225 3923 ἔχουσα
2251 3856 2347 3908 καὶ
2365 3855 2580 3926 δυσειδῆ
2605 3858 2699 3911 καὶ
2726 3858 2985 3927 μέλαιναν
3004 3877 3017 3892 ·
3049 3861 3150 3914 οῖει
3174 3877 3227 3913 τι
3251 3860 3598 3932 καρποῦσθαι

2027 3937 2133 3989 ἀπὸ
2171 3936 2279 3989 τῶν
2312 3938 2549 4008 χρυσίων
2576 3957 2591 4005 ;
2624 3940 2734 3993 Kal
2769 3941 2941 4011 πόσης
2972 3943 3145 3996 ταῦτα
3179 3943 3397 4007 ἀνοίας;
3430 3944 3597 4014 Στρέ-

2024 4020 2123 4089 ψον
2158 4021 2247 4073 τὸν
2279 4022 2482 4092 κόσμον
2523 4021 2671 4094 [412]
2714 4024 2899 4078 τοῦτον
2934 4025 3103 4088 ἔνδον,
3139 4026 3233 4078 καὶ
3265 4026 3335 4078 τά
3380 4026 3597 4096 περιδέ-

2032 4121 2156 4174 ραια
2186 4102 2356 4157 ταῦτα
2394 4108 2457 4175 τῇ
2507 4105 2651 4177 ψυχῇ
2701 4106 2943 4176 περίθες.
2993 4109 3074 4161 Τά
3106 4110 3203 4178 μὲν
3232 4109 3339 4180 γάρ
3385 4108 3599 4179 σώματι

2029 4187 2384 4257 περικείμενα
2435 4186 2558 4241 οὑτε
2606 4191 2686 4253 εὶς
2735 4190 2965 4257 ὑγίειαν,
3000 4189 3125 4243 οὔτε
3171 4194 3250 4254 είς
3294 4192 3599 4261 εὐμορφίαν

2027 4267 2191 4321 αὑτοῦ
2223 4268 2377 4322 τοῦτο
2407 4270 2643 4339 ὀνίνησιν
2669 4288 2681 4301 ·
2713 4271 2835 4324 οὒτε
2860 4274 2967 4344 γὰρ
2996 4273 3058 4343 τὸ
3099 4274 3264 4343 μέλαν
3294 4274 3485 4327 λευκὸν
3506 4276 3599 4345 ἐρ-

2028 4353 2276 4418 γάσεται,
2301 4351 2424 4406 οὑτε
2448 4353 2509 4406 τὸ
2533 4354 2757 4425 αἰσχρὸν
2778 4355 2939 4408 καλὸν
2962 4356 2993 4427 ἢ
3018 4356 3220 4420 εὑειδές
3239 4373 3251 4386 ⁸
3276 4360 3340 4427 τῇ
3368 4356 3424 4408 δὲ
3452 4357 3598 4428 ψυχῇ

2028 4432 2094 4486 ἂν
2133 4434 2384 4505 περιθῇς,
2413 4436 2620 4505 ταχέως
2650 4437 2816 4505 αὑτὴν
2837 4438 2958 4490 ἀντὶ
2991 4438 3248 4509 μελαίνης
3276 4438 3475 4511 λευκὴν
3507 4441 3601 4511 ἐρ-

2030 4516 2194 4587 γάσῃ,
2222 4517 2341 4569 ἀντί
2382 4521 2613 4588 αἰσχρᾶς
2644 4521 2737 4572 καὶ
2768 4519 3042 4583 δυσειδοῦς
3071 4520 3239 4592 καλὴν
3267 4524 3360 4573 καὶ
3395 4523 3596 4595 εὐειδῆ.

2030 4600 2141 4650 Kal
2179 4600 2279 4652 οὑκ
2306 4601 2435 4671 ἐμὸς
2465 4605 2492 4654 6
2532 4601 2708 4671 λόγος,
2750 4603 2866 4655 ἀλλ’
2888 4603 3053 4657 αὑτοῦ
3092 4605 3184 4656 τοῦ
3222 4605 3422 4676 Κυρίου
3458 4606 3600 4661 οὑτω

2031 4680 2281 4749 λέγοντος
2304 4700 2317 4713 ·
2367 4684 2500 4737 Ἐὰν
2522 4681 2672 4739 ὦσιν
2711 4687 2773 4738 αἱ
2807 4686 3079 4754 ἁμαρτίαι
3104 4686 3270 4755 ὑμῶν
3299 4689 3378 4754 ὡς
3414 4706 3601 4755 φοινι-

2029 4764 2197 4831 κοῦν,
2220 4766 2299 4831 ὡς
2319 4769 2492 4834 χιόνα
2518 4767 2792 4821 λευκανῶ
2811 4785 2824 4799 ·
2861 4769 2972 4831 καὶ,
2994 4770 3133 4821 Δότε
3158 4770 3598 4838 ἐλεημοσύνην,

2030 4849 2125 4900 καὶ
2152 4848 2346 4903 πάντα
2368 4850 2509 4919 ὑμῖν
2526 4852 2695 4905 ἐσται
2721 4851 2966 4919 καθαρά.
2994 4854 3067 4905 Οὑ
3096 4854 3298 4923 σαυτὴν
3318 4853 3374 4906 δὲ
3402 4853 3591 4923 μόνην,

2028 4930 2163 4983 ἀλλά
2188 4933 2283 4984 καὶ
2308 4933 2397 4986 τὸν
2422 4934 2591 5004 ἄνδρα
2619 4932 2763 4986 οὑτω
2786 4934 3102 5005 διακειμένη
3132 4935 3297 4987 καλὸν
3327 4936 3595 5007 ποιήσεις.

2032 5015 2128 5065 Ἂν
2157 5017 2265 5086 γὰρ
2300 5016 2449 5069 ἴδωσι
2496 5018 2588 5070 τὸν
2631 5018 2834 5087 κόσμον
2885 5016 3073 5070 τοῦτον
3105 5019 3445 5090 ἀποθεμένας
3472 5060 3488 5086 ,
3535 5022 3598 5075 οὑ

2030 5097 2231 5169 πολλὴν
2264 5098 2443 5163 ἕξουσι
2482 5099 2730 5170 δαπάνης
2776 5099 3023 5170 ἀνάγκην
3048 5118 3061 5129 ·
3097 5102 3197 5155 οὑκ
3245 5102 3457 5172 ἔχοντες
3498 5104 3555 5156 δὲ
3580 5144 3597 5171 ,

2032 5181 2340 5248 πλεονεξίας
2361 5184 2757 5252 ἀποστήσονται
2783 5182 2981 5252 πάσης,
3006 5184 3100 5237 καὶ
3132 5187 3209 5247 είς
3230 5186 3600 5256 ἐλεημοσύνην

2031 5264 2242 5316 ἔσονται
2276 5264 2662 5335 εὑκολώτεροι,
2700 5265 2794 5317 καὶ
2820 5267 2975 5335 ὑμεῖς
2998 5265 3053 5319 δὲ
3094 5267 3275 5329 αὑτοῖς
3303 5267 3597 5339 δυνήσεσθε

2032 5348 2168 5417 μετά
2215 5349 2525 5419 παρρησίας
2562 5348 2948 5417 συμϐουλεύειν
2991 5349 3059 5402 τά
3083 5350 3289 5402 δέοντα.
3336 5350 3449 5403 Νῦν
3502 5351 3600 5421 μὲν

2028 5431 2136 5502 γάρ
2167 5434 2347 5485 πᾶσαν
2382 5430 2703 5503 παρῄρησθε
2735 5434 2834 5502 τὴν
2876 5433 3131 5503 τοιαύτην
3157 5433 3419 5496 ἐξουσίαν.
3452 5435 3597 5503 Ποίῳ

2026 5515 2136 5586 γὰρ
2169 5515 2396 5585 στόματι
2426 5514 2596 5568 ταῦτα
2625 5516 2967 5582 διαλέξεσθε;
3003 5517 3175 5579 ποίοις
3217 5517 3271 5569 δὲ
3302 5517 3597 5588 ὀφθαλμοῖς

2091 5743 2111 5781 ἲ
2134 5744 2304 5793 Morel.
2323 5743 2475 5791 καίτοι
2497 5742 2637 5791 τοῦτό
2660 5744 2785 5791 ἐστιν
2808 5743 2990 5800 ἀληθές.
3013 5741 3228 5789 Δείκνυσι
3252 5742 3340 5804 γὰρ
3364 5744 3390 5790 6
3410 5742 3601 5802 Παῦλος

2026 5806 2085 5853 δι’
2127 5807 2191 5853 ὧν
2242 5824 2409 5867 φησιν.
2460 5806 2610 5867 ῨεῨΑΙὶι
2644 5807 2707 5860 εἰς
2736 5806 2962 5867 ἀσέϐειαν
2980 5804 3220 5867 εἵλκυσαν.
3284 5803 3324 5840 δ
3354 5804 3503 5852 διιγίΙ.
3544 5814 3600 5855 οι

2026 5881 2136 5915 ηιςε.
2177 5864 2428 5927 ἀγαπητοί.
2458 5866 2630 5913 Morel.
2658 5873 2710 5913 el
2747 5868 2854 5913 cod.
2880 5864 2970 5911 709
3009 5864 3267 5924 ἀγαπητόν,
3301 5878 3410 5925 quas
3449 5867 3601 5914 lecti»

2025 5926 2468 5989 fnrtasscinelior.
2494 5929 2530 5973 si
2563 5939 2732 5975 vocem
2777 5927 2868 5975 ἔδει
2904 5933 3199 5987 sequentem
3243 5926 3422 5976 tollere
3472 5940 3606 5989 pub

2028 5988 2311 6050 sumpseris,
2336 5989 2503 6037 invitis
2524 6002 2640 6037 mss.
