4100 6362
530 334 631 392 381

526 448 872 520 άντιϐλέψετε
903 453 1272 527 ἐλεημοσύνην
1316 458 1646 511 ἀπαιτοῦσαι
1693 460 1821 523 τοὺς
1861 460 2096 530 ἄνδρας.

524 534 654 587 ὅταν
682 536 748 589 τὰ
778 536 995 590 πλείονα
1022 541 1101 601 είς
1129 540 1225 610 τὴν
1244 541 1339 593 τοῦ
1373 541 1621 611 σώματος
1650 543 1940 614 περιϐολὴν
1965 545 2098 596 ἀνα-

526 616 783 688 λίσκητε;
824 621 955 673 Τότε
988 621 1189 695 δυνήσῃ
1224 623 1364 693 μετά
1406 625 1719 695 παρρησίας
1758 625 2100 693 διαλέγεσθαι

524 700 605 771 τῷ
651 704 804 773 ἀνδρὶ
852 706 979 775 περὶ
1029 706 1428 778 ἐλεημοσύνης,
1468 711 1597 762 ὅταν
1630 710 1720 762 τὸν
1761 711 1964 779 κόσμον
1992 710 2102 760 τῶν

527 786 765 856 χρυσίων
791 788 988 859 ἀποϐῇ.
1026 790 1143 843 Κᾶν
1172 792 1335 861 μηδὲν
1370 792 1593 864 ἀνύσῃς,
1619 793 1677 845 τὸ
1709 796 1910 863 σαυτῆς
1934 792 2104 862 ἐπλή-

530 886 711 940 ρωσας
753 870 895 923 ἅπαν
921 888 932 898 ·
974 872 1171 941 μᾶλλον
1219 874 1275 927 δὲ
1314 876 1595 946 ἀμήχανον
1644 877 1717 947 μὴ
1759 877 1852 929 καὶ
1899 878 2105 929 ἐκεῖνον

528 954 807 1023 κερδᾶναι,
838 954 926 1008 διὰ
944 956 1052 1008 τῶν
1079 958 1417 1027 πραγμάτων
1442 959 1623 1013 αὐτῶν
1656 972 1681 999 α
1721 959 2100 1030 διαλεγομένη.

591 1129 618 1157 ι
642 1129 742 1179 Alii
767 1130 913 1193 αὐτῷ.

1230 342 1284 393 S.
1327 338 1613 399 JOANNIS
1650 340 2141 399 CIIRYSOSTOMI
2180 342 2500 401 ARCHIEP.
2542 341 3091 399 CONSTANTINOP.

3671 329 3777 385 382

2209 459 2269 512 Τι’
2294 458 2398 527 γὰρ
2425 456 2611 524 οἶδας,
2639 458 2812 526 γύναι
2832 498 2845 520 ,
2872 458 2921 509 εἰ
2947 456 3051 508 τὸν
3072 448 3259 516 ἄνδρα
3287 446 3502 509 σώσεις
3524 461 3540 527 ς
3567 442 3779 527 Ὠσπερ

2204 524 2307 593 οῦν
2326 524 2420 595 νῦν
2451 542 2544 593 καὶ
2571 524 2709 609 ὺπέρ
2732 538 2929 606 ἑαυτῆς
2954 536 3049 588 καὶ
3080 535 3219 602 ὑπὲρ
3240 531 3446 583 ἐκείνου
3473 526 3663 609 δώσεις
3686 524 3778 609 τὸν

2204 625 2393 692 λόγον,
2428 623 2631 687 οὕτως,
2667 606 2761 676 ἐὰν
2803 622 2899 691 τὴν
2943 616 3241 688 φαντασίαν
3284 612 3487 681 ταύτην
3531 606 3777 692 ἀποδύσῃ

2208 690 2410 770 πᾶσαν,
2443 707 2664 760 διπλοῦν
2696 706 2788 758 τὸν
2821 690 3082 773 στέφανον
3106 699 3269 763 ἕξεις,
3302 695 3437 765 μετά
3465 694 3560 745 τοῦ
3588 690 3779 760 ἀνδρὲς

2206 790 2691 860 στεφανηφοροῦσα
2720 790 2814 841 καὶ
2840 784 3201 856 πομπεύουσα
3238 781 3380 833 κατὰ
3408 779 3532 837 τοὺς
3569 774 3780 860 ἀκηρά-

2202 856 2329 935 τους
2361 856 2565 934 αἰῶνας
2596 872 2837 933 ἐκείνους
2860 911 2874 933 ,
2908 867 3133 922 καὶτῶν
3162 863 3395 916 αἰωνίων
3434 856 3781 913 ἀπολαύουσα

2202 956 2422 1024 ἀγαθῶν
2445 974 2456 986 ’
2489 951 2563 1009 ὧν
2594 956 2804 1024 γένοιτο
2846 953 3055 1013 πάντας
3086 950 3233 1018 ἡμᾶς
3266 944 3567 1013 ἐπιτυχεῖν,
3597 939 3781 1024 χάριτι

2201 1021 2296 1091 καὶ
2331 1021 2712 1107 φιλανθρωπίᾳ
2741 1036 2835 1088 τοῦ
2866 1034 3071 1106 Κυρίου
3100 1029 3258 1101 ἡμῶν
3294 1026 3469 1098 Ἰησοῦ
3503 1021 3740 1094 Χριστοῦ
3760 1058 3778 1085 ,

2198 1116 2243 1191 ᾦ
2272 1125 2304 1195 η
2334 1122 2463 1187 δόξα
2494 1125 2573 1184 εἰς
2601 1122 2725 1182 τοὺς
2747 1119 2948 1180 αἰῶνας
2982 1117 3090 1168 τῶν
3120 1111 3351 1166 αἰώνων.
3406 1108 3597 1178 Ἀμήν.

3398 1238 3765 1253 -ῇ

1982 1332 2227 1388 ΟΜΙΛΙΑ
2282 1330 2357 1386 Ο’.

526 1424 647 1494 Πρὸ
676 1423 744 1494 δέ
773 1422 881 1489 τῆς
926 1423 1132 1491 ἑορτῆς
1176 1426 1281 1480 τοῦ
1315 1417 1555 1493 Πάσχαξ
1581 1423 1751 1494 εἰδὼς
1790 1428 1822 1478 ό
1865 1425 2103 1490 Ἰησοῦς

598 1495 688 1546 ὅτι
709 1490 894 1561 ἦλθεν
914 1490 1097 1546 αὐτοῦ
1131 1498 1167 1563 ἡ
1192 1496 1330 1565 ὥρα,
1364 1490 1713 1564 ἰνίμεταϐᾗ
1747 1495 1815 1565 ἐκ
1856 1496 1960 1548 τοῦ
2003 1496 2104 1565 κό-

597 1581 756 1631 σμου
780 1565 993 1616 τούτου
1016 1566 1165 1631 πρὸς
1194 1563 1298 1618 τὸν
1328 1563 1576 1632 Πατέρα,
1614 1564 1936 1632 ἀγαπήσας
1964 1563 2105 1626 τοὺς

600 1634 786 1720 ἰδίους
808 1634 948 1699 τοὺς
972 1635 1041 1687 ἐν
1064 1634 1143 1701 τῷ
1169 1637 1403 1705 κόσμῳ,
1442 1639 1530 1702 εἰς
1576 1636 1751 1701 τέλος
1789 1634 2106 1705 ἠγάπησεν

598 1721 839 1768 αυτους.

598 1798 666 1854 α’.
695 1800 952 1867 Μιμηταί
977 1817 1096 1869 μου
1127 1801 1385 1868 γίνεσθε,
1416 1802 1580 1871 φησὶν
1605 1803 1632 1853 6
1662 1800 1894 1863 Παῦλος.
1913 1799 2107 1866 καθὼς

528 1885 690 1953 κάγὼ
709 1884 985 1951 Χριστοῦ.
1011 1885 1109 1937 Διὰ
1137 1886 1245 1954 γάρ
1273 1885 1430 1938 τοῦτο
1458 1886 1551 1938 καὶ
1593 1885 1770 1956 σάρκα
1804 1887 1867 1937 ἐκ
1887 1884 1978 1937 τοῦ
2002 1902 2103 1952 φυι

534 1969 776 2038 ράματος
796 1966 954 2019 ἔλαϐε
982 1967 1072 2019 τοῦ
1095 1968 1388 2038 ἡμετέρου,
1420 1968 1507 2021 ἵνα
1529 1968 1596 2020 δι’
1614 1969 1780 2037 αὐτῆς
1805 1966 1954 2036 ἡμᾶς
1980 1984 2107 2020 παι-

528 2051 693 2122 δεύσῃ
726 2050 821 2120 τὴν
852 2051 1071 2121 ἀρετήν.
1111 2053 1212 2103 Ἐν
1231 2050 1337 2120 γάρ
1374 2050 1686 2118 ὁμοιώματι
1716 2051 1959 2117 σαρκὸς,
2001 2067 2105 2119 φη-

532 2137 636 2195 σὶν,
666 2135 971 2202 ἁμαρτίας,
1021 2134 1117 2185 καί
1150 2134 1279 2200 περὶ
1315 2133 1604 2201 ἁμαρτίας
1647 2135 1953 2201 κατέκρινε
1993 2132 2108 2199 τὴν

530 2218 821 2287 ἁμαρτίαν
842 2217 909 2269 ἐν
940 2215 1016 2284 τῇ
1045 2218 1225 2283 σαρκί
1251 2234 1264 2247 ·
1298 2218 1387 2269 καὶ
1420 2217 1579 2279 αὐτὸς
1617 2219 1645 2269 6
1678 2217 1929 2287 Χριστὸς,
1978 2214 2105 2270 Μά-

530 2305 660 2356 θετε
681 2301 780 2355 ἀπ’
804 2300 950 2369 ἐμοῦ
972 2302 1061 2353 ὅτι
1088 2300 1275 2368 πρᾶός
1303 2303 1418 2369 εἰμι
1451 2301 1546 2353 καί
1569 2302 1847 2366 ταπεινὸς
1876 2297 1950 2368 τῇ
1968 2316 2108 2367 καρ-

529 2382 649 2449 δίᾳ.
673 2383 779 2435 Kal.
810 2382 978 2435 ταῦτα
1011 2384 1071 2436 οὑ
1102 2384 1188 2438 διὰ
1221 2385 1479 2454 ῥημάτων
1516 2384 1695 2453 μόνον,
1730 2383 1864 2436 ἀλλά
1899 2384 1991 2436 καὶ
2022 2382 2110 2436 διά

530 2467 639 2518 τῶν
672 2466 1011 2536 πραγμάτων
1039 2466 1305 2519 ἐδίδασκε.
1347 2468 1457 2521 Καὶ
1496 2466 1604 2535 γὰρ
1630 2468 1723 2519 καὶ
1766 2465 2109 2536 Σαμαρείτην

530 2551 626 2603 καὶ
646 2550 986 2621 δαιμονῶντα
1006 2550 1103 2602 αὑτ
1112 2552 1169 2603 ὸν
1197 2550 1445 2615 ἐκάλουν,
1473 2551 1565 2603 καὶ
1583 2551 1800 2610 πλάνον,
1821 2551 1913 2603 καὶ
1934 2549 2111 2610 λίθους

532 2632 763 2701 ἠφίεσαν
791 2634 911 2685 κατ’
938 2631 1102 2684 αὑτοῦ
1131 2648 1144 2663 '
1181 2635 1274 2685 καὶ
1304 2633 1399 2685 νῦν
1425 2634 1521 2703 μὲν
1548 2634 1826 2703 ὑπηρέτας
1850 2632 2111 2685 ἀπέστελ-

531 2714 622 2769 λον
660 2719 709 2769 οἰ
740 2717 1021 2786 Φαρισαῖοι
1045 2712 1185 2769 ὥστε
1218 2715 1378 2768 αὑτὸν
1402 2715 1685 2769 συλλαϐεῖν
1722 2732 1763 2775 ι,
1805 2715 1899 2769 νῦν
1932 2715 1987 2767 δέ
2011 2716 2105 2768 άλ-

533 2798 656 2862 λους
684 2798 944 2852 καθίεσαν
967 2798 1413 2861 ἐπιϐουλεύοντας
1435 2816 1446 2829 ·
1476 2799 1569 2851 καί
1597 2799 1749 2851 αὐτοὶ
1767 2798 1825 2852 δὲ
1854 2797 2111 2860 πολλάκις

538 2883 689 2955 [M5]
720 2882 1030 2954 ὑϐρίζοντες
1056 2883 1342 2947 διετέλουν,
1380 2885 1473 2935 καὶ
1500 2883 1671 2936 ταῦτα
1714 2883 1864 2936 οὐδὲν
1896 2883 2112 2953 ἔχοντες

535 2967 808 3035 ἐγκαλεῖν,
853 2966 987 3019 ἀλλὰ
1032 2967 1125 3019 καὶ
1182 2965 1626 3038 εὐεργετούμενοι
1674 2966 1970 3036 διηνεκῶς·
2019 2966 2113 3020 καὶ

537 3052 686 3121 ὅμως
713 3051 741 3089 b
773 3050 909 3119 μετά
931 3049 1168 3102 τοσαῦτα
1201 3051 1301 3101 οὐκ
1326 3049 1614 3117 ἀφίσταται
1645 3050 1837 3115 αὐτοὺς
1860 3045 1918 3104 εὖ
1946 3050 2114 3103 ποιῶν

538 3135 630 3187 καὶ¹
658 3134 743 3187 διὰ
779 3134 1038 3204 ῥημάτων
1072 3134 1162 3185 καὶ
1189 3132 1277 3185 διὰ
1306 3133 1669 3205 πραγμάτων.
1698 3136 1807 3187 Καὶ
1828 3134 2035 3187 οἰκέτου
2056 3133 2113 3185 δέ

537 3234 684 3280 τινος
715 3217 1042 3286 ραπίσαντος
1071 3216 1250 3283 αὑτὸν,
1279 3217 1442 3288 φησίν
1460 3234 1473 3248 ⁸
1512 3220 1581 3271 Εἰ
1614 3217 1730 3283 μέν
1750 3216 1947 3283 κακῶς
1974 3215 2115 3269 ἐλά-

537 3304 724 3367 λησα,
747 3302 1137 3369 μαρτύρησον
1181 3301 1317 3368 περὶ
1345 3300 1451 3353 τοῦ
1473 3300 1661 3354 κακοῦ
1688 3316 1701 3329 ·
1730 3300 1865 3353 εἰδὲ
1896 3298 2114 3363 καλῶς,

540 3390 598 3441 τί
618 3405 692 3457 με
712 3386 938 3453 δέρεις;
971 3386 1109 3438 Ἀλλ’
1130 3387 1313 3440 ἐκεῖνα
1337 3385 1435 3455 μὲν
1464 3385 1599 3455 πρὸς
1625 3385 1748 3448 τοὺς
1776 3383 2004 3454 ἐχθροὺς
2025 3384 2117 3435 καὶ

542 3473 666 3534 τοὺς
694 3468 1137 3532 ἐπιϐουλεύοντας
1155 3486 1169 3499 ·
1197 3469 1396 3538 ἴδωμεν
1427 3468 1483 3520 δὲ
1508 3468 1599 3520 καὶ
1626 3470 1761 3538 πρὸς
1784 3468 1909 3529 τοὺς
1939 3465 2118 3536 μαθη-

541 3556 640 3618 τάς
668 3555 720 3607 τί
747 3556 892 3608 ποιεῖ
922 3552 1047 3607 νῦν·
1093 3552 1291 3623 μᾶλλον
1330 3552 1386 3606 δὲ
1424 3552 1518 3605 καὶ
1544 3551 1579 3605 ἃ
1609 3551 1703 3604 νῦν
1752 3551 2117 3605 ἐπιδείκνυται

544 3639 680 3708 πρὸς
701 3638 790 3691 τὸν
813 3649 836 3676 ο
858 3637 1160 3691 ἐπίϐουλον.
1191 3637 1287 3688 Ὃν
1314 3635 1422 3705 γὰρ
1450 3634 1684 3705 μάλιστα
1712 3636 1928 3687 πάντων
1950 3634 2117 3704 ἐχρῆν

547 3724 743 3791 μισεῖν,
797 3722 877 3775 ὅτι
919 3720 1165 3791 μαθητὴς
1217 3719 1329 3781 ῶν,
1384 3718 1478 3771 καὶ
1522 3717 1809 3788 τραπεζῶν
1848 3717 1941 3770 καὶ
1973 3717 2119 3771 ἀλῶν

544 3806 897 3873 κοινωνήσας,
932 3804 1025 3855 καὶ
1056 3802 1309 3871 θαύματα
1352 3802 1496 3867 ἰδὼν,
1528 3803 1620 3855 καὶ
1655 3800 1922 3854 τοσούτων
1959 3801 2121 3859 ἀξιω-

546 3888 678 3950 θεὶς,
709 3887 922 3938 πάντων
949 3884 1169 3955 ἐποίησε
1198 3885 1568 3955 χαλεπώτερα,
1591 3884 1757 3946 λίθοις
1786 3885 1883 3954 μὲν
1908 3885 1967 3935 ού
1995 3883 2120 3951 βάλ-

545 3969 652 4021 λων
683 3968 805 4021 οὑδέ
835 3966 1083 4039 ὑϐρίσας,
1106 3967 1240 4021 ἀλλά
1260 3968 1490 4038 προδοὺς
1513 3969 1674 4021 αὑτὸν
1704 3969 1796 4021 καί
1822 3967 2117 4035 παραδοὺς,

545 4050 733 4107 τοῦτον
766 4053 867 4120 ὅρα
918 4051 1033 4114 πῶς
1083 4050 1418 4121 φιλοφρόνως
1458 4052 1694 4121 δέχεται,
1726 4051 1928 4102 νίπτων
1958 4048 2122 4102 αὑτοῦ

546 4135 671 4198 τοὺς
704 4134 887 4198 πόδας.
915 4135 1025 4186 Καὶ
1048 4134 1156 4205 γάρ
1186 4134 1355 4206 ταύτῃ
1376 4135 1535 4186 αὑτὸν
1566 4136 1855 4203 κατασχεῖν
1876 4132 2125 4184 ἐϐούλετο

545 4220 647 4289 τῆς
669 4219 929 4289 πονηρίας
962 4218 1196 4286 ἐκείνης.
1237 4219 1430 4271 Καίτοι
1474 4235 1537 4286 γε
1578 4217 1727 4286 ἐνῆν,
1757 4218 1912 4287 εἴπερ
1941 4215 2123 4286 ἢθελε,

549 4304 643 4355 καὶ
673 4302 903 4373 ξηρᾶναι
940 4302 1102 4354 αὐτὸν
1126 4301 1203 4362 ὼς
1236 4301 1333 4370 τὴν
1362 4301 1555 4372 συκῆν,
1580 4301 1673 4354 καὶ
1703 4300 1979 4369 διατεμεῖν
2014 4298 2124 4352 ὥσ-

550 4400 657 4454 περ
682 4386 780 4448 τὰς
805 4385 1004 4455 πέτρας
1038 4381 1258 4454 ἔρρηξε,
1287 4385 1380 4436 καὶ
1406 4383 1677 4453 διασχίσαι
1720 4382 1906 4453 ὥσπερ
1935 4382 1996 4434 τὸ
2028 4399 2129 4434 κα-

549 4468 901 4536 ταπέτασμα·
935 4467 1050 4519 ἀλλ’
1080 4468 1180 4519 οὐκ
1211 4465 1460 4519 ἐϐούλετο
1495 4467 1731 4537 ἀνάγκῃ,
1767 4465 1903 4518 ἀλλά
1936 4481 2129 4534 προαι-

554 4550 701 4622 ρέσει
723 4550 823 4619 τῆς
853 4550 1142 4619 ἐπιϐουλῆς
1175 4551 1337 4602 αὐτὸν
1360 4551 1688 4617 ἀπαγαγεῖν.
1717 4548 1816 4601 Διά
1845 4548 2003 4601 τοῦτο
2034 4547 2128 4600 καὶ

552 4635 731 4687 νίπτει
753 4636 877 4697 τοὺς
906 4635 1088 4696 πόδας.
1117 4634 1228 4686 Καὶ
1252 4633 1374 4685 οὑδέ
1402 4634 1558 4686 τοῦτο
1587 4632 1783 4703 ᾐδέσθη
1804 4634 1831 4684 6
1856 4631 2130 4684 ταλαίπω-

559 4736 647 4790 ρος
676 4720 880 4779 ἐκεῖνος
903 4718 995 4770 καὶ
1020 4718 1218 4779 ἄθλιος.
1255 4716 1375 4784 Πρὸ
1398 4716 1465 4769 δὲ
1501 4716 1610 4785 τῆς
1639 4716 1849 4784 ἑορτῆς
1874 4716 1982 4769 τοῦ
2012 4714 2131 4767 Πά-

558 4817 702 4869 σχα,
730 4801 912 4870 φησὶν,
949 4800 1117 4865 εἰδὼς
1154 4804 1185 4854 ὀ
1234 4800 1469 4865 Ἰησοῦς
1513 4799 1602 4852 ὅτι
1640 4796 1827 4869 ἦλθεν
1873 4796 2060 4851 αὑτοῦ
2091 4799 2130 4865 ἡ

557 4883 698 4950 ὥρα.
728 4883 801 4935 UO
832 4882 951 4935 τότε
976 4882 1126 4943 εἰδώς
1145 4900 1157 4912 ·
1177 4882 1290 4935 ἀλλ’
1316 4884 1397 4936 ὅτι
1424 4882 1675 4950 ἐποίησεν
1702 4882 1838 4950 ὅπερ
1857 4881 2130 4951 ἐποίησεν,

558 4966 725 5020 πάλαι
749 4965 901 5027 εἰδὼς
919 4967 969 5027 ά,
1000 4965 1181 5035 φησίν.
1211 4965 1345 5018 Ἵνα
1366 4963 1614 5034 μεταϐῇ.
1637 4964 2066 5033 Μεγαλοφρόνως
2085 4975 2130 5016 ε.

557 5052 586 5102 6
614 5047 1002 5117 εὐαγγελιστὴς
1039 5047 1332 5117 μετάϐασιν
1383 5047 1547 5101 αὑτοῦ
1589 5047 1680 5099 τὸν
1718 5048 1942 5100 θάνατον
1984 5047 2135 5099 καλεῖ

572 5132 910 5199 Ἀγαπήσεις
936 5128 1076 5193 τοὺς
1102 5129 1308 5195 ἰδίους.
1338 5133 1425 5193 εἰς
1472 5130 1645 5195 τέλος
1683 5130 1999 5197 ἠγάπησεν
2024 5131 2134 5184 αὐ·

562 5216 703 5280 τούς
724 5254 738 5269 .
770 5209 923 5276 Εἶδες
952 5212 1069 5272 πῶς
1106 5212 1311 5282 μέλλων
1364 5214 1859 5281 ἐγκαταλιμπάνειν
1897 5213 2090 5276 αὐτοὺς
2113 5256 2127 5278 ,

563 5296 926 5368 σφοδροτέραν
945 5296 1042 5368 τὴν
1062 5296 1280 5366 ἀγάπην
1315 5298 1709 5363 ἐπιδείκνυται;
1733 5298 1806 5351 Τὸ
1833 5298 1961 5369 γάρ,
1977 5298 2133 5366 Ἀτα-

562 5383 787 5447 πήσας,
820 5384 906 5446 εἰς
935 5381 1110 5446 τέλος
1136 5377 1455 5448 ἠγάπησεν
1487 5381 1706 5446 αὐτοὺς
1726 5422 1742 5447 ,
1775 5381 1931 5435 τοῦτο
1962 5382 2129 5453 δηλοῖ·

564 5464 730 5518 Οὐδὲν
760 5464 1004 5517 ἐνέλιπεν
1038 5457 1113 5516 ὧν
1151 5463 1240 5515 τὸν
1285 5462 1490 5531 σφόδρα
1539 5464 1836 5529 ἀγαπῶντα
1872 5464 2019 5528 εἰκὸς
2064 5461 2133 5535 ἦν

566 5547 809 5617 ποιῆσαι.
852 5547 915 5599 Τί
949 5548 1147 5616 δήποτε
1182 5546 1238 5597 δὲ
1278 5548 1376 5598 οὐκ
1406 5548 1464 5611 ἐξ
1497 5546 1668 5615 ἀρχῆς
1699 5543 1857 5600 τοῦτο
1880 5549 2137 5616 ἐποίησε;

568 5630 648 5683 Τά
682 5632 900 5700 μείζονα
929 5630 1150 5701 ὕστερον
1176 5632 1487 5699 ἐργάζεται,
1520 5630 1660 5682 ὦστε
1698 5630 1715 5668 τ
1744 5632 1920 5683 αὐτῶν
1940 5634 2143 5683 ἐπιτεῖι

632 5743 658 5769 ⁸
682 5742 778 5789 Alii
806 5743 947 5790 αὐτὸν
969 5743 1163 5791 ἀνελεῖν.
1229 5742 1257 5779 b
1283 5740 1484 5799 Quidam
1518 5742 1760 5797 διηνεκῶς,
1785 5742 1887 5787 ἀλλ’
1931 5741 2075 5801 ὅμως.

574 5810 600 5840 ⁸
622 5802 714 5853 Alii
736 5803 815 5850 νῦν
835 5804 957 5850 ποιεῖ
980 5806 1093 5865 πρὸς
1112 5804 1221 5865 τὸνε
1258 5804 1283 5839 εἴ
1301 5804 1455 5850 Locus
1477 5815 1504 5865 ε
1530 5804 1676 5865 Sani.
1699 5810 1749 5847 el
1770 5804 1909 5865 co_dd.
1926 5802 2137 5865 705,709

574 5874 838 5915 correctus.
858 5866 904 5911 in
922 5862 1082 5912 Monilf.
1098 5864 1354 5924 ivgebalur
1375 5866 1453 5910 ὅτε
1476 5864 1712 5920 ἐποίησεν,
1736 5862 2134 5924 εἰξιὺρτιιιπάλαι.

578 5930 711 5977 Enn“.
774 5934 793 5954 ⁸
826 5925 1025 5981 Quidum
1069 5923 1421 5985 μεγαλοφώνως.
1468 5924 1575 5971 Mox
1614 5936 1761 5971 verba
1809 5923 2139 5982 ’Λγαπήσας...

579 5985 746 6038 οώιούς
768 5985 1056 6035 ὀραὶιὸιίγιι.
1080 5989 1214 6033 hort.
1285 5987 1298 6023 ¹
1328 5988 1424 6035 Alii
1456 5988 1649 6046 ὕστερον
1671 5986 1883 6045 ἐπετίθει,
1905 5988 2044 6033 ὥστε.

2203 1439 2290 1474 ναι
2322 1421 2423 1491 τὴν
2450 1420 2746 1480 οἰκείωσιν,
2778 1416 2871 1470 καὶ
2921 1414 3121 1485 πολλὴν
3165 1412 3348 1474 αὐτοῖς
3377 1408 3781 1481 προαποθέσθαι

2205 1504 2547 1574 παράκλησιν
2586 1502 2722 1572 πρὸς
2742 1499 2810 1553 τά
2839 1497 3097 1569 μέλλοντα
3143 1495 3354 1549 ἐπιέναι
3382 1492 3549 1574 δεινά.
3603 1491 3786 1574 ’ἰδίους

2204 1588 2261 1641 δὲ
2290 1573 2492 1649 αὐτοὺς
2518 1585 2663 1651 λέγει
2694 1581 2835 1636 κατά
2851 1582 2941 1634 τὸν
2964 1580 3064 1648 τῆς
3087 1578 3411 1639 οἰκειώσεως
3442 1573 3597 1643 λόγον
3616 1591 3628 1604 ·
3662 1573 3785 1627 ἐπεὶ

2204 1671 2300 1724 καὶ
2328 1670 2521 1731 ἄλλους
2557 1668 2719 1729 ἰδίους
2751 1666 2934 1732 λέγει,
2971 1664 3113 1716 κατὰ
3143 1661 3233 1715 τὸν
3279 1660 3375 1727 τῆς
3403 1658 3781 1729 δημιουργίας,

2205 1754 2280 1816 ὼς
2306 1754 2432 1805 ὅταν
2461 1752 2597 1823 λέγῃ
2618 1768 2632 1781 ·
2662 1753 2726 1803 Οἱ
2762 1750 2900 1802 ἴδιοι
2920 1746 3107 1801 αὐτὸν
3145 1746 3216 1798 οὐ
3246 1741 3603 1823 παρέλαϐον.
3635 1740 3699 1792 Τί
3728 1738 3784 1792 δέ

2208 1838 2347 1899 ἐστι,
2378 1834 2526 1900 Τοὺς
2556 1822 2625 1887 έν
2649 1833 2730 1899 τῷ
2771 1836 3012 1901 κόσμῳ;
3056 1827 3273 1897 Ἐπειδὴ
3303 1822 3441 1896 ἦσαν
3472 1824 3634 1879 αὑτοῦ
3667 1824 3783 1877 ίδιοι

2205 1922 2299 1974 καὶ
2345 1921 2394 1972 οἱ
2443 1917 2912 1987 τετελευτηκότες,
2942 1918 2991 1968 οἰ
3045 1914 3173 1984 περὶ
3219 1912 3309 1964 τὸν
3374 1909 3642 1981 Ἀϐραάμ,
3691 1908 3787 1962 καὶ

2219 2004 2424 2064 Ἰσαάκ,
2457 2004 2551 2056 καὶ
2611 1999 2826 2064 Ἰακὼϐ,
2861 1998 2956 2051 καὶ
2982 1998 3031 2049 oi
3068 1996 3186 2049 κατ’
3232 1993 3471 2053 ἐκείνους
3494 2010 3506 2023 ο
3546 1990 3659 2043 ἀλλ’
3687 1990 3787 2045 ούκ

2206 2088 2265 2141 ἐν
2299 2085 2378 2155 τῷ
2411 2086 2599 2155 κόσμῳ
2630 2080 2768 2154 ἦσαν
2809 2084 3025 2135 ἐκεῖνοι.
3070 2080 3233 2148 Ὁρᾷς
3276 2078 3356 2129 ὅτι
3402 2075 3644 2137 Παλαιᾶς
3692 2075 3786 2125 καὶ

2207 2170 2419 2238 Καινῆς
2456 2168 2617 2230 αὑτός
2644 2170 2790 2220 ἐστιν
2829 2166 2857 2217 6
2882 2163 3044 2227 Θεόςς
3081 2162 3146 2215 Τί
3184 2160 3240 2213 δέ
3270 2160 3434 2221 ἐστιν,
3471 2161 3573 2222 Εἰς
3619 2157 3788 2219 τέλος

2206 2250 2525 2320 ἠγάπησεν
2548 2250 2767 2313 αὐτούς
2789 2264 2807 2313 ;
2842 2248 2986 2299 Ἀντὶ
3005 2244 3117 2306 τοῦ,
3144 2244 3337 2313 ἔμενεν
3364 2240 3593 2308 ἀγαπῶν
3621 2239 3789 2308 διηνε-

2209 2334 2342 2397 κῶς,
2375 2335 2469 2387 καὶ
2492 2333 2790 2402 τεκμήριον
2817 2331 2913 2401 τῆς
2944 2329 3145 2398 πολλῆς
3174 2327 3395 2396 ἀγάπης
3425 2323 3580 2377 τοῦτο
3610 2323 3784 2390 λέγει·

2209 2417 2387 2470 καίτοι
2412 2432 2476 2483 γε
2510 2413 2747 2485 ἀλλαχοῦ
2780 2414 2968 2484 ἓτερον
3000 2408 3140 2475 εἷπε,
3164 2410 3245 2470 τὸ,
3277 2410 3377 2478 τὴν
3408 2406 3585 2477 ψυχὴν
3618 2405 3790 2458 θεῖναι

2211 2499 2352 2570 ὑπὲρ
2391 2499 2500 2550 τῶν
2534 2497 2703 2566 φίλων
2732 2495 2918 2549 αὑτοῦ.
2967 2493 3106 2547 Ἀλλ’
3140 2491 3293 2545 οὑπω
3325 2493 3499 2542 ἐκεῖνο
3526 2488 3787 2556 ἐγεγόνει.

2211 2582 2369 2643 Τίνος
2398 2582 2454 2635 δὲ
2484 2581 2669 2634 ἕνεκεν
2691 2579 2849 2631 τοῦτο
2875 2577 2971 2631 νῦν
2993 2576 3283 2646 ἐποίησεν;
3310 2574 3432 2625 Ὅτι
3454 2570 3630 2640 πολλῷ
3661 2570 3794 2623 θαυ-

2216 2665 2545 2735 μαστότερον
2576 2660 2665 2734 ἦν,
2689 2664 2777 2716 ὅτε
2808 2662 3187 2732 λαμπρότερος
3222 2657 3372 2729 παρὰ
3400 2658 3564 2709 πᾶσιν
3596 2656 3791 2723 ἐφάνη’

2212 2750 2304 2801 καὶ
2334 2746 2687 2817 παραμυθίαν
2724 2746 2779 2798 δὲ
2816 2746 2876 2797 οὐ
2905 2742 3109 2813 μικράν
3142 2742 3398 2795 κατέλιπε
3428 2738 3634 2810 μέλλων
3664 2738 3796 2790 ἀνα-

2212 2834 2430 2901 χωρεῖν.
2490 2829 2707 2901 Ἐπειδὴ
2756 2830 2865 2899 γάρ
2899 2828 3122 2896 ἔμελλον
3170 2824 3455 2877 ὀδυνᾶσθαι
3507 2820 3791 2891 σφοδρῶς,

2213 2914 2540 2986 ἀντίρροπον
2570 2914 2751 2976 αὐτοῖς
2778 2913 2863 2964 διὰ
2890 2912 3093 2963 τούτων
3121 2909 3463 2981 παράκλησιν
3490 2908 3793 2972 ἐπεισάγει.

2215 2998 2323 3051 Καὶ
2346 2997 2593 3049 δείπνου
2616 2994 2959 3064 γενομένου,
2987 2993 3094 3045 τοῦ
3123 2991 3404 3044 διαϐόλου
3423 2988 3796 3053 βεϐληκότος

2214 3084 2295 3146 εἰς
2323 3080 2439 3148 τὴν
2475 3079 2725 3148 καρδίαν
2755 3076 2965 3140 Ἰούδα,
3001 3077 3101 3129 ἵνα
3125 3072 3368 3142 παραδῷ
3386 3064 3594 3126 ἱιὺτόν.
3626 3070 3796 3121 Τοῦτο

2217 3162 2650 3232 ἐκπληττόμενος
2700 3156 2852 3213 εἶπεν
2898 3160 2926 3211 6
2955 3156 3344 3226 εὑαγγελιστὴς
3368 3164 3415 3218 ε,
3465 3153 3659 3223 δηλῶν,
3711 3153 3795 3204 ὅτι

2215 3247 2404 3299 τοῦτον
2426 3246 2514 3298 τὸν
2542 3246 2643 3315 ἤδη
2675 3242 2963 3314 προδοῦναι
2981 3242 3232 3311 ἑλόμενον
3260 3240 3420 3294 αὑτὸν
3454 3238 3621 3306 ἐνιψε.
3644 3235 3793 3307 [414]

2218 3330 2466 3383 Δείκνυσι
2488 3329 2544 3381 δὲ
2564 3327 2731 3381 αὑτοῦ
2754 3326 2956 3393 πολλὴν
2994 3325 3091 3396 τὴν
3121 3324 3404 3393 πονηρίαν,
3445 3322 3528 3373 ὅτι
3549 3320 3667 3373 οὐδὲ
3684 3319 3795 3371 τῶν

2221 3412 2365 3463 ἁλῶν
2406 3411 2565 3463 αὑτὸν
2619 3411 2652 3479 ἡ
2692 3408 2943 3462 κοινωνία
2985 3407 3270 3476 κατέσχεν,
3312 3404 3340 3456 ὃ
3390 3404 3625 3473 μάλιστα
3656 3396 3796 3454 οἶδεν

2220 3494 2435 3562 ἐπέχειν
2470 3492 2752 3561 πονηρίαν,
2788 3492 2848 3544 οὑ
2899 3490 2960 3543 τδ
2996 3490 3157 3560 μέχρι
3190 3490 3287 3559 τῆς
3319 3487 3553 3557 ἐσχάτης
3585 3485 3798 3555 ἡμέρας

2221 3579 2557 3648 παραμεῖναι
2609 3575 2701 3627 τὸν
2746 3572 3064 3627 διδάσκαλον
3124 3570 3287 3625 αὑτοῦ
3347 3567 3798 3631 διαϐαστάζοντα.

2214 3660 2404 3726 Εἰδὼς
2428 3659 2495 3712 δὲ
2526 3663 2557 3712 ό
2591 3657 2852 3725 Ἰησοῦς,
2881 3658 2969 3710 ὅτι
2996 3656 3191 3710 πάντα
3216 3654 3375 3720 αὐτῷ
3411 3658 3498 3718 εἰς
3519 3651 3683 3720 χεῖρα
3704 3649 3801 3702 δέο

2220 3745 2410 3799 δωκεν
2436 3745 2461 3783 h
2488 3747 2520 3797 ό
2550 3742 2771 3810 Πατὴρ,
2814 3743 2911 3793 καί
2955 3740 3045 3793 ὅτι
3080 3739 3198 3794 ἀπὸ
3239 3738 3385 3792 Θεοῦ
3422 3735 3663 3803 ἐξῆλθε,
3697 3732 3799 3785 καί

2222 3829 2371 3897 πρὸς
2392 3828 2498 3881 τὸν
2521 3826 2669 3880 Θεὸν
2698 3825 2930 3894 ὑπάγει.
2982 3821 3246 3876 Ἐνταῦθα
3272 3822 3365 3875 καὶ
3394 3818 3683 3889 θαυμάζων
3707 3816 3798 3868 λέ·-

2225 3930 2333 3981 γει.
2365 3912 2447 3964 ὅτι
2481 3911 2539 3964 '0
2564 3908 2835 3971 τοσοῦτος,
2883 3908 2974 3959 καὶ
3015 3904 3351 3975 τηλικοῦτος,
3405 3906 3433 3956 6
3483 3901 3632 3970 παρά
3662 3898 3799 3951 Θεοῦ

2224 3996 2415 4054 ἐλθὼν,
2474 3993 2565 4046 καὶ
2597 3992 2733 4061 πρὸς
2759 3989 2921 4042 αὑτὸν
2952 3988 3126 4042 ἀπιὼν
3153 4026 3166 4049 ,
3215 3989 3242 4039 6
3289 3987 3507 4038 πάντων
3558 3982 3799 4052 κρατῶν,

2222 4079 2381 4131 τοῦτο
2414 4077 2728 4146 εἰργάσατο,
2784 4074 2878 4127 καὶ
2918 4073 3037 4125 οὐδὲ
3070 4071 3241 4132 οὓτως
3265 4070 3541 4137 ἀπηξίωσε
3574 4066 3804 4119 καταδέ-

2225 4161 2422 4227 ξασθαι
2456 4161 2691 4231 πρᾶγμα
2717 4155 2989 4209 τοσοῦτον.
3020 4154 3321 4225 Παράδοσιν
3353 4152 3431 4213 δὲ,
3466 4152 3540 4208 ὡς
3568 4150 3691 4219 ἐμοὶ
3713 4148 3803 4199 δο-

2226 4246 2332 4304 κεῖ,
2357 4244 2456 4312 τὴν
2491 4242 2599 4295 τῶν
2628 4239 2835 4292 πιστῶν
2869 4237 3141 4307 σωτηρίαν
3192 4234 3423 4287 ἐνταῦθα
3475 4234 3647 4285 καλεῖ.
3692 4231 3806 4283 Καὶ

2226 4328 2336 4395 γάρ
2370 4328 2497 4379 ὅταν
2524 4325 2678 4393 λέγῃ,
2703 4321 2904 4375 Πάντα
2928 4338 3026 4388 μοι
3054 4318 3348 4386 παρεδόθη
3371 4317 3525 4383 παρὰ
3546 4314 3647 4367 τοῦ
3682 4317 3802 4365 Πα-

2226 4394 2366 4476 τρός
2385 4425 2524 4477 μου,
2555 4405 2757 4473 ταύτην
2783 4404 2929 4471 λέγει
2954 4402 3051 4472 τὴν
3079 4402 3368 4469 παράδοσιν
3390 4415 3401 4428 ·
3430 4399 3505 4458 ὡς
3526 4398 3618 4449 καί⁵
3648 4394 3806 4447 ἀλλα-

2228 4492 2325 4563 χοῦ
2357 4508 2541 4561 φησιν,
2568 4489 2669 4543 Σοί
2704 4488 2722 4524 ί
2756 4484 2937 4556 ἦσαν,
2962 4486 3058 4537 καί
3091 4485 3220 4553 ἑμοί
3244 4482 3465 4547 αὐτοὺς
3498 4480 3759 4542 δέδωκας
3775 4492 3803 4563 μ’

2230 4559 2325 4628 καὶ
2362 4559 2541 4635 πάλιν,
2563 4571 2774 4635 Οὐδεὶς
2797 4568 3044 4622 δύναται
3074 4566 3272 4619 ἐλθεῖν
3297 4566 3445 4632 πρός
3467 4580 3562 4631 με,
3591 4562 3697 4615 ἐὰν
3714 4559 3805 4627 μὴ

2230 4664 2264 4713 ό
2298 4658 2497 4724 Πατὴρ
2522 4655 2754 4721 ἐλκύσῃ
2781 4652 2968 4705 αὐτόν
2985 4665 3001 4681 ’
3034 4652 3128 4704 καὶ
3147 4652 3249 4713 ὅτι,
3287 4651 3428 4702 Ἐὰν
3463 4648 3548 4716 μὴ
3574 4642 3612 4716 ᾖ
3637 4645 3810 4697 δεδο-

2226 4741 2416 4809 μένον
2436 4736 2594 4802 αὐτῷ
2612 4737 2680 4790 ἐκ
2702 4736 2807 4789 τοῦ
2831 4734 3108 4802 οὐρανοῦ.
3146 4734 3211 4784 Ἢ
3245 4730 3401 4784 τοῦτο
3436 4727 3527 4783 οὖν
3551 4745 3731 4797 φησιν,
3770 4725 3809 4796 ἦ

2232 4828 2314 4880 ὅτι
2335 4825 2487 4878 οὐδὲν
2516 4820 2866 4874 ἐλαττοῦσθαι
2899 4818 3123 4887 ἔμελλεν
3155 4817 3261 4870 ἀπὸ
3284 4815 3493 4875 τούτου,
3535 4814 3641 4866 ἀπὸ
3668 4812 3809 4865 Θεοῦ

2234 4907 2484 4975 ἐξελθὼν,
2511 4907 2605 4959 καὶ
2631 4904 2765 4976 πρὸς
2792 4903 2880 4955 τὸν
2900 4902 3031 4955 Θεὸν
3060 4901 3307 4967 ὑπάγων,
3330 4899 3423 4950 καὶ
3446 4897 3623 4950 πάντα
3642 4896 3807 4965 ἔχων.

2235 4991 2404 5043 Ὅταν
2432 4989 2490 5041 δὲ
2513 4987 2751 5059 ἀκούσῃς
2780 4985 3098 5056 παράδοσιν,
3125 4982 3289 5051 μηδὲν
3320 4978 3654 5050 ἀνθρώπινον
3675 4981 3813 5030 ὑπο-

2234 5074 2406 5144 λάϐῃς
2430 5089 2442 5101 ·
2478 5073 2575 5141 τὴν
2613 5071 2722 5140 γὰρ
2755 5071 2833 5132 είς
2884 5068 2975 5121 τὸν
3011 5066 3230 5135 Πατέρα
3262 5064 3593 5117 ἐνδείκνυται
3640 5062 3813 5131 τιμὴν

2236 5159 2331 5212 καὶ
2360 5156 2629 5225 ὁμόνοιαν.
2662 5154 2872 5223 Ὥσπερ
2903 5150 3009 5220 γάρ
3040 5153 3068 5202 6
3106 5147 3293 5217 Πατὴρ
3325 5145 3469 5216 αύτῷ
3502 5145 3813 5216 παραδίδω-

2238 5260 2342 5303 σιν,
2372 5239 2514 5293 οὓτω
2544 5238 2639 5291 καὶ
2689 5235 2849 5297 αὐτὸς
2898 5233 2973 5303 τῷ
3007 5230 3196 5302 Πατρί.
3257 5230 3367 5283 Καὶ
3398 5229 3547 5299 δηλοῖ
3597 5227 3813 5292 Παῦλος

2236 5324 2436 5392 λέγων’
2478 5323 2662 5374 ’Ὅταν
2690 5316 2932 5385 παραδῷ
2960 5315 3073 5382 τὴν
3089 5314 3413 5378 ,βασιλείαν
3435 5310 3515 5376 τῷ
3552 5309 3670 5392 (fed)
3706 5312 3811 5364 καὶ

2237 5389 2441 5474 Πατρί.
2485 5400 2988 5475 Ἀνθρωπινώτερον
3029 5398 3085 5450 δὲ
3118 5397 3248 5451 αὑτὸ
3283 5395 3510 5448 ἐνταῦθα
3539 5389 3677 5455 εἷπε,
3707 5393 3814 5464 τὴν

2245 5490 2443 5561 πολλὴν
2470 5487 2597 5555 περὶ
2632 5486 2824 5547 αὐτοὺς
2866 5482 3178 5552 ἐπιμέλειαν
3224 5478 3569 5547 δεικνύμενος
3602 5475 3615 5525 i
3650 5515 3665 5536 ,
3716 5477 3815 5527 καὶ

2237 5575 2337 5643 τὴν
2368 5574 2570 5640 ἄφατον
2605 5569 2730 5639 περὶ
2778 5567 2972 5628 αὑτοὺς
3016 5564 3294 5633 ἐμφαίνων
3327 5562 3546 5631 ἀγάπην
3574 5600 3588 5622 ,
3618 5560 3700 5643 ,ὅτι
3733 5560 3815 5621 ὡς

2238 5642 2450 5711 οἰκείων
2482 5650 2796 5722 ἐπεμελεῖτο
2816 5648 3019 5711 λοιπὸν,
3052 5647 3315 5701 διδάσκων
3351 5646 3547 5706 αὐτοὺς
3574 5642 3674 5712 τὴν
3706 5658 3815 5710 μη-

2305 5803 2327 5839 8
2353 5786 2554 5857 Quida‘m
2598 5793 2965 5855 ἐκπληττόμενος
3004 5793 3318 5857 παρενέϐαλεν
3344 5793 3369 5837 6
3411 5790 3567 5850 εύαγγ.
3624 5790 3665 5857 ’Β
3698 5786 3816 5857 _Alii

2242 5852 2532 5923 παρέξωκεν,
2554 5870 2665 5917 quae
2692 5852 2863 5923 _lectiq
2902 5852 3213 5923 gqgﬁrmaiyr
3241 5854 3461 5923 inm-ne}
3489 5864 3596 5898 mox
3619 5852 3813 5923 ὑπάγει,

2243 5926 2273 5978 ἢ
2313 5911 2454 5967 τοῦτό
2490 5911 2647 5979 φησιν,
2687 5918 2775 5965 ὅτι.
2846 5916 2862 5955 ἱ
2892 5918 2991 5969 Alii
3020 5915 3302 5976 παράδοσιν,
3328 5915 3484 5970 καθώς
3513 5928 3673 5974 φησιν,
3708 5911 3816 5959 Σοί.

2255 5988 2268 6034 ἰ
2304 5983 2402 6035 Alii
2426 5980 2767 6040 ἐνδεικνύμενος
