4100 6362
284 380 381 438 sst
418 358 424 365 ’

286 497 498 562 reddes,
527 509 623 567 pro
650 496 789 567 turpi
815 506 868 550 et
892 495 1149 563 deformi,
1170 497 1441 567 pulchram
1471 507 1525 553 et
1545 497 1857 554 formosam.

286 591 401 645 Non
431 603 583 644 meus
622 588 709 645 hic
755 603 934 644 sermo
961 597 1077 655 est,
1106 590 1200 643 sed
1224 590 1431 645 Domini
1478 589 1705 645 dicentis
1750 607 1766 643 :
1797 590 1861 646 Si

285 684 473 754 fuerint
510 692 716 752 peccata
745 691 905 735 vestra
944 691 997 735 ut
1023 683 1278 736 coccinum
1302 722 1318 748 ,
1339 693 1395 736 ut
1433 683 1593 736 nivem
1618 682 1859 737 dealbabo

286 774 440 845 (lsai.
468 775 521 830 ί.
563 775 689 843 18);
722 784 814 839 et,
847 774 976 829 Date
1020 776 1382 847 eleemosynam
1406 816 1421 839 ,
1451 786 1501 829 et
1520 776 1689 829 omnia
1725 775 1860 831 vobis

286 866 479 919 munda
515 874 662 920 erant
688 864 836 931 (Luc.
868 867 953 921 ll.
982 868 1095 937 ll).
1128 866 1183 922 Si
1211 867 1282 921 ita
1307 866 1382 921 sis
1412 865 1599 921 atl‘ecta
1625 906 1641 933 ,
1674 883 1779 921 non
1810 877 1862 922 te

290 957 458 1011 solam
485 998 501 1025 ,
531 957 624 1013 sed
656 959 828 1013 virum
860 975 1068 1029 quoque
1115 967 1263 1014 tuum
1308 959 1598 1014 formosum
1643 960 1859 1016 reddes.

289 1049 419 1104 Nam
466 1050 509 1103 si
540 1060 591 1105 te
637 1049 816 1104 luxum
848 1052 1201 1123 deponentem
1244 1051 1470 1121 viderit,
1520 1068 1625 1107 non
1658 1054 1862 1125 magnis

290 1155 426 1209 opus
450 1138 552 1195 erit
579 1142 877 1211 sumptibus
904 1161 918 1197 :
954 1143 1077 1197 hinc
1127 1151 1306 1198 autem
1338 1142 1564 1199 habendi
1596 1144 1860 1213 cupidita-

294 1238 399 1285 tem
428 1230 693 1302 deponet,
724 1243 779 1286 et
807 1232 1023 1301 pronior
1045 1234 1146 1288 erit
1172 1232 1239 1287 ad
1268 1234 1657 1305 eleemosynam
1679 1274 1695 1300 ,
1725 1243 1779 1288 et
1808 1244 1863 1289 tu

292 1322 518 1377 ﬁdenter
557 1323 756 1393 poteris
807 1323 882 1377 illi
914 1339 975 1379 ea
1014 1339 1133 1394 qua:
1180 1324 1374 1381 decent
1420 1325 1667 1381 suadere.
1713 1324 1866 1380 Nunc

292 1424 469 1469 autem
496 1455 510 1476 ,
542 1429 574 1468 ο
604 1431 697 1469 vos
732 1414 980 1470 mulieres
1000 1458 1015 1480 ,
1049 1433 1152 1470 non
1183 1432 1359 1487 parem
1392 1417 1597 1473 habetis
1627 1427 1864 1488 potesta-

292 1512 421 1559 tem.
455 1504 575 1573 Quo
600 1522 717 1571 ore,
740 1520 841 1576 qua
867 1506 1040 1563 fronte
1083 1510 1336 1579 conjuges
1376 1509 1441 1565 ad
1470 1510 1863 1581 eleemosynam

295 1598 631 1656 hortabimini
657 1642 672 1667 ,
702 1616 823 1657 cum
854 1602 1140 1658 maximam
1165 1617 1324 1674 Opum
1352 1612 1556 1672 partem
1583 1601 1649 1657 ad
1676 1616 1864 1672 corpo-

1294 382 1358 438 IN
1393 382 1708 439 JOANNEM
1739 383 1972 440 llOMlL.
2012 384 2178 445 LXX.
2215 387 2287 442 al.
2327 388 2512 445 LXIX.

3440 403 3549 459 333

1968 500 2043 555 ris
2062 509 2305 557 ornatum
2324 503 2636 560 insumatis?
2654 506 2788 562 Tum
2811 509 3008 580 poteris
3022 524 3142 568 cum
3169 512 3358 570 fiducia
3374 515 3546 573 virum

1965 591 2033 648 de
2061 592 2399 667 eleemosyna
2454 597 2653 669 alloqui
2676 641 2693 667 ,
2724 615 2843 655 cum
2894 618 3115 660 aureum
3143 607 3344 661 cultum
3376 610 3547 679 depo-

1966 683 2158 739 sueris.
2194 685 2412 741 Etiamsi
2444 702 2573 743 vero
2604 689 2735 745 nihil
2771 693 3023 762 proficias
3043 737 3059 761 ,
3090 697 3230 766 quod
3258 706 3405 753 tuum
3432 711 3550 755 erat

1968 784 2136 830 totum
2167 777 2396 847 implesti
2424 796 2437 833 :
2469 780 2578 835 imo
2604 781 2719 838 fieri
2745 787 2928 854 nequit
2956 797 3010 840 ut
3030 787 3177 842 illum
3205 805 3312 847 non
3337 789 3545 860 ﬂectas,

1968 883 2089 923 eum
2117 885 2217 940 per
2244 886 2330 926 res
2360 872 2500 943 ipsas
2527 874 2779 946 loqueris.
2828 876 2963 943 Quid
2987 882 3120 935 enim
3162 884 3259 937 scis
3276 925 3293 950 ,
3320 885 3502 939 mulier
3526 926 3541 947 .

1968 976 2035 1014 an
2058 963 2219 1016 virum
2243 972 2381 1018 tuum
2421 966 2615 1020 salvum
2643 968 2840 1037 factura
2867 972 2935 1026 sis
2965 972 3039 1044 (l.
3075 972 3191 1027 Cor.
3217 975 3270 1033 7.
3298 976 3386 1039 lli)
3411 977 3434 1029 ?
3478 976 3548 1031 Ut

1970 1064 2110 1109 nunc
2136 1064 2191 1109 et
2230 1070 2325 1126 pro
2348 1065 2400 1110 te
2435 1066 2490 1111 et
2515 1073 2611 1128 pro
2638 1060 2729 1114 illo
2759 1062 3021 1117 rationem
3045 1064 3311 1120 redditura
3340 1082 3401 1121 es
3426 1084 3439 1120 :
3468 1067 3547 1123 sic

1971 1144 2014 1199 si
2045 1144 2222 1199 luxum
2247 1138 2548 1216 hujusmodi
2570 1148 2830 1220 deponas,
2849 1152 3112 1222 duplicem
3134 1170 3389 1212 coronam
3412 1171 3546 1213 eon-

1972 1236 2244 1305 sequeris,
2275 1253 2395 1293 cum
2426 1239 2539 1295 viro
2568 1252 2819 1298 coronata
2862 1254 2915 1299 et
2957 1245 3186 1316 gloriosa
3216 1262 3310 1317 per
3341 1247 3547 1304 infinita

1972 1326 2060 1381 illa
2090 1329 2279 1383 saecula
2302 1371 2318 1397 ,
2346 1338 2401 1386 et
2424 1333 2638 1390 teternis
2667 1334 2847 1390 fruens
2891 1336 3081 1394 bonis:
3112 1355 3232 1408 quae
3280 1354 3379 1394 nos
3423 1356 3544 1394 om-

1973 1434 2070 1475 nes
2111 1421 2321 1491 assequi
2349 1425 2654 1495 contingat,
2684 1430 2848 1498 gratia
2877 1439 2931 1485 et
2972 1431 3299 1502 benignitate
3336 1432 3546 1488 Domini

1974 1514 2140 1567 nostri
2170 1513 2295 1569 .lesu
2323 1514 2554 1586 Christi,
2583 1520 2671 1575 cui
2701 1521 2866 1593 gloria
2895 1524 2948 1578 in
2977 1525 3173 1580 saecula
3202 1525 3545 1581 sazculorum.

1976 1603 2167 1659 Amen.
2224 1658 2227 1661 .

306 1740 3480 1769 _________..________________________________

1596 1802 1937 1865 HOMlLIA
1977 1803 2178 1869 LXX.

293 1948 421 2005 CAP.
478 1945 564 2004 l3.
633 1963 685 2000 v.
718 1949 770 2002 l.
826 1948 954 2001 Ante
998 1948 1132 2002 diem
1197 1946 1377 2018 festum
1426 1946 1667 2010 Pascha,
1716 1944 1865 2000 Iesus

373 2043 535 2098 sciens
553 2043 671 2112 quia
696 2042 823 2096 venit
842 2041 967 2095 hora
991 2041 1121 2112 ejus,
1145 2050 1199 2094 ut
1225 2051 1445 2095 transeat
1472 2056 1535 2095 ea:
1561 2040 1652 2094 hoc
1679 2040 1869 2092 mundo

366 2135 435 2188 ad
463 2132 689 2196 Patrem,
712 2149 825 2185 cum
845 2132 1098 2191 dilexisset
1122 2148 1261 2197 suos,
1294 2131 1383 2201 qui
1414 2140 1554 2184 erant
1578 2130 1631 2183 in
1658 2130 1864 2195 mundo,

366 2227 418 2280 in
445 2227 597 2294 finem
633 2224 811 2280 dilexit
846 2239 950 2278 eos.

372 2318 422 2371 l.
467 2315 697 2371 Christus
741 2315 891 2370 nobis
926 2312 1203 2384 exemplar.
1256 2312 1433 2384 Ipsius
1473 2330 1596 2384 erga
1639 2312 1868 2367 inimicos

298 2407 671 2478 lmn’gnitas.-—
691 2405 1100 2460 lmitatoresmei
1127 2413 1298 2469 estote,
1334 2404 1501 2475 inquit
1528 2404 1742 2470 Paulus,
1770 2404 1869 2458 sie-

298 2512 353 2556 ut
376 2514 423 2556 et
456 2519 544 2574 ego
570 2501 755 2555 Christi
785 2501 877 2569 (i.
900 2498 1018 2554 Cor.
1052 2498 1139 2554 ll.
1168 2496 1259 2570 1).
1288 2497 1410 2552 ldeo
1439 2497 1579 2553 enim
1604 2511 1666 2551 ex
1697 2510 1867 2550 massa

302 2602 483 2651 nostra
525 2608 740 2649 carnem
786 2593 1029 2661 accepit,
1075 2600 1133 2645 ut
1166 2605 1263 2661 per
1312 2604 1427 2644 eam
1477 2602 1574 2643 nos
1617 2589 1867 2642 virtutem

295 2685 531 2740 doceret.
562 2682 633 2737 In
658 2683 1038 2738 similitudinem
1057 2722 1071 2746 ,
1118 2680 1320 2751 inquit,
1346 2680 1513 2734 carnis
1552 2679 1780 2750 peccati,
1824 2689 1869 2731 et

296 2778 361 2831 de
405 2785 606 2846 peccato
633 2785 890 2846 peccatum
916 2775 971 2828 in
998 2784 1152 2828 carne
1177 2773 1433 2827 damnavit
1463 2773 1638 2843 (Rom.
1686 2771 1739 2827 8'.
1773 2771 1827 2843 3)
1854 2790 1868 2835 ;

298 2869 519 2940 ipseque
562 2866 806 2923 Christus
852 2869 927 2921 ait
964 2883 979 2921 :
1026 2865 1213 2921 Discite
1244 2883 1276 2919 a
1302 2882 1414 2931 me,
1443 2866 1559 2933 quia
1587 2864 1721 2917 mitis
1759 2877 1868 2916 sum

297 2970 344 3016 et
374 2961 577 3015 Immitis
613 2960 762 3015 corde
807 2958 1019 3033 (Matth.
1072 2959 1161 3013 li.
1206 2958 1319 3027 29).
1368 2956 1490 3010 Haec
1538 2970 1640 3009 non
1692 2953 1868 3009 verbis

299 3064 502 3107 tantum
531 3094 543 3115 ,
579 3052 673 3105 sed
705 3062 756 3105 et
806 3051 965 3105 rebus
1009 3049 1209 3105 docuit.
1236 3049 1369 3104 Nam
1396 3057 1449 3103 et
1476 3048 1866 3103 Samaritauum

300 3157 355 3200 et
401 3145 788 3198 daemoniacum
839 3143 1011 3213 ipsum
1057 3140 1357 3204 vocabant,
1386 3148 1441 3194 et
1486 3138 1819 3206 deceptorem
1850 3178 1866 3205 ,

302 3237 609 3308 lapidesque
638 3237 691 3291 in
722 3237 892 3305 ipsum
916 3233 1184 3304 iaciebant
1210 3250 1224 3287 :
1254 3243 1309 3288 et
1337 3246 1479 3287 nunc
1525 3231 1736 3301 quidem
1768 3232 1870 3285 mi-

303 3332 501 3384 nistros
541 3329 806 3383 miserunt
833 3325 1086 3381 Pharisaei
1112 3364 1128 3387 .
1156 3332 1216 3379 ut
1243 3324 1389 3379 illum
1418 3331 1698 3393 caperent;
1730 3334 1873 3376 nunc

301 3422 437 3476 alios
483 3420 825 3491 subiecerunt
873 3418 1212 3474 insidiatores
1256 3435 1271 3472 :
1326 3416 1425 3485 ipsi
1472 3426 1682 3487 quoque
1728 3429 1872 3485 sazpe

302 3512 654 3568 contumelias
681 3512 1012 3576 inferebant,
1043 3525 1163 3565 cum
1193 3518 1366 3564 tamen
1401 3508 1528 3563 nihil
1577 3510 1789 3562 adesset
1817 3508 1869 3561 in

301 3622 408 3675 quo
434 3613 750 3660 accusarent
777 3604 980 3673 ipsum,
1011 3604 1106 3659 sed
1136 3602 1390 3658 beneficia
1437 3602 1739 3671 frequenter
1779 3616 1870 3655 ac-

301 3700 561 3768 ciperent.
592 3696 971 3752 Verumtamen
1016 3704 1136 3765 post
1177 3695 1292 3749 haec
1333 3704 1474 3748 tanta
1498 3737 1512 3759 ,
1548 3709 1652 3748 non
1702 3700 1873 3747 cessat

303 3806 399 3846 eos
448 3800 503 3845 et
548 3789 727 3845 verbis
767 3798 822 3843 et
864 3789 1122 3858 operibus
1149 3787 1335 3857 iuvare
1363 3800 1380 3841 :
1408 3793 1609 3840 etcum
1640 3798 1672 3839 a
1716 3797 1873 3839 servo

304 3884 530 3956 quodam
556 3882 874 3947 caederetur,
895 3882 969 3935 ait
994 3898 1007 3933 :
1042 3878 1102 3935 Si
1127 3881 1257 3934 male
1281 3879 1516 3951 loquutus
1556 3894 1667 3932 sum
1685 3916 1703 3944 ,
1732 3879 1873 3931 testi-

305 3981 529 4034 monium
553 3978 753 4049 per/«ibe
773 3977 835 4029 de
863 3974 997 4029 malo
1019 3992 1038 4039 ;
1066 3975 1110 4029 si
1138 3982 1306 4027 autem
1332 3972 1454 4028 bene
1475 4011 1491 4038 ,
1519 3972 1639 4041 quid
1667 3987 1745 4026 me
1772 3986 1874 4025 cat-

308 4073 388 4127 dis
415 4071 592 4145 (Joan.
624 4070 712 4126 18.
739 4067 879 4140 25)?
908 4066 1101 4122 Verum
1127 4065 1243 4121 hate
1266 4064 1493 4120 inimicis
1518 4074 1573 4120 et
1597 4064 1875 4119 insidiato-

310 4164 456 4219 ribus
499 4162 649 4218 dixit.
683 4161 967 4215 Videamus
996 4168 1202 4223 autcm,
1234 4157 1358 4227 quid
1386 4170 1525 4211 nunc
1567 4155 1724 4210 faciat
1750 4170 1872 4224 erga

308 4252 615 4324 discipulos;
641 4254 747 4306 imo
764 4266 881 4321 qua:
903 4263 1044 4303 nunc
1064 4246 1316 4302 exhibeat
1335 4261 1458 4317 erga
1486 4244 1869 4301 insidiatorem.

309 4346 413 4413 Qui
442 4345 582 4401 enim
613 4343 850 4399 omnium
904 4341 1131 4395 maxime
1167 4339 1291 4394 odio
1320 4337 1511 4408 dignus
1552 4346 1703 4404 erat,
1754 4336 1874 4405 quia

310 4453 432 4494 cum
461 4435 752 4506 discipulus
781 4442 834 4487 et
864 4445 1062 4487 mensae
1108 4444 1329 4485 consors
1356 4437 1537 4493 esset,
1564 4443 1685 4482 eum
1712 4428 1877 4481 mira-

310 4528 428 4585 cula
455 4526 713 4591 vidisset,
746 4534 798 4579 et
827 4533 904 4578 tot
950 4523 1198 4593 dignatus
1220 4529 1365 4576 esset
1394 4518 1706 4574 muneribus
1725 4560 1740 4584 ,
1778 4518 1877 4573 de-

313 4619 524 4674 terrima
553 4616 787 4671 omnium
815 4613 940 4669 fecit
966 4631 980 4668 :
1009 4629 1113 4667 non
1141 4610 1402 4680 lapidibus
1420 4650 1437 4677 ,
1470 4626 1575 4664 non
1606 4618 1883 4665 contume-

312 4712 397 4765 liis
446 4708 702 4779 impetiit,
747 4705 839 4761 sed
872 4705 1020 4759 illum
1066 4703 1296 4773 prodidit
1341 4720 1354 4755 :
1407 4702 1546 4756 hunc
1588 4717 1714 4755 vero
1760 4700 1879 4754 vide

312 4816 472 4873 quam
514 4800 743 4870 benigne
784 4797 1033 4867 excipiat.
1087 4795 1237 4849 Lavit
1286 4794 1402 4863 ejus
1451 4792 1647 4862 pedes,
1696 4802 1752 4846 ut
1782 4792 1883 4845 hoc

312 4894 491 4951 officio
521 4894 692 4962 ipsum
725 4890 1000 4946 cohiberet
1042 4903 1072 4942 a
1099 4896 1241 4941 tanta
1275 4888 1529 4958 nequitia.
1576 4886 1733 4957 Atqui
1780 4902 1879 4957 po-

312 4992 454 5039 terat
482 4984 653 5053 ipsum
680 4982 817 5036 sicut
844 4981 1001 5035 ﬁcum
1050 4978 1348 5045 arefacere,
1379 4978 1422 5032 si
1468 4977 1758 5044 voluisset,
1796 4976 1882 5031 vel

315 5074 617 5130 discindere
662 5072 800 5126 sicut
824 5079 1003 5141 petras
1026 5067 1274 5134 discidit,
1300 5076 1356 5123 et
1382 5069 1519 5122 sicut
1548 5068 1672 5122 item
1704 5068 1880 5123 velum

313 5165 496 5236 templi
539 5162 770 5219 discidit.
817 5162 1014 5217 Verum
1042 5161 1214 5216 noluit
1243 5161 1321 5226 vi,
1365 5161 1459 5215 sed
1488 5162 1759 5230 proposito
1784 5176 1882 5216 vo-

315 5255 533 5311 luntatis
558 5270 587 5307 a
618 5252 916 5322 proditione
936 5251 1221 5306 abducere.
1254 5250 1379 5305 Ideo
1408 5251 1533 5304 lavit
1561 5252 1676 5319 ejus
1697 5250 1879 5320 pedes.

313 5347 497 5418 Neque
537 5345 638 5400 hac
662 5345 729 5400 de
772 5360 831 5399 re
858 5344 1069 5399 erubuit
1094 5343 1275 5398 infelix
1320 5351 1374 5397 et
1404 5343 1565 5397 miser
1594 5343 1700 5398 ille.
1750 5345 1883 5398 Ante

313 5441 449 5495 diem
490 5442 672 5509 festum
712 5435 927 5491 Pascha:
953 5477 968 5500 ,
998 5436 1187 5504 inquit,
1216 5435 1374 5490 sciens
1406 5433 1556 5490 Jesus
1596 5436 1713 5505 quia
1754 5436 1883 5491 venit

314 5534 444 5587 hora
472 5534 601 5603 eius.
646 5530 758 5585 Non
792 5539 917 5584 tunc
964 5530 1191 5597 primum
1232 5529 1413 5593 scivit,
1453 5529 1548 5585 sed
1595 5543 1715 5583 cum
1758 5528 1882 5584 fecit

318 5625 371 5682 id
400 5624 542 5698 quod
572 5622 732 5686 fecit,
759 5622 867 5691 jam
899 5621 1026 5675 olim
1058 5621 1277 5677 sciebat.
1305 5620 1372 5677 Ut
1399 5632 1639 5676 transeat.
1680 5621 1883 5693 Magni-

319 5716 421 5773 lice
462 5716 785 5787 evangelista
826 5714 1108 5769 transitum
1136 5713 1251 5784 ejus
1278 5724 1500 5769 mortem
1531 5723 1707 5769 vocat.
1756 5713 1883 5770 Cum

318 5809 577 5865 dilexisset
614 5824 753 5871 suos,
780 5808 833 5860 in
870 5804 1023 5874 ﬁnem
1055 5806 1229 5860 dilexit
1254 5824 1356 5862 eos.
1391 5807 1577 5864 Viden'
1618 5809 1884 5881 quomodo

635 5909 903 5971 Parnm.
953 5913 1067 5971 Cn.
1125 5911 1280 5971 LIX.

1980 1944 2266 2004 relicturus
2314 1964 2408 2004 eos
2457 1951 2913 2009 vehementiorem
2965 1946 3556 2015 amorem'exhiheat?

1976 2035 2111 2093 illud
2139 2042 2278 2095 enim
2297 2083 2310 2108 ,
2341 2042 2467 2097 Cum
2494 2044 2751 2101 dilexisset
2776 2063 2917 2114 suos,
2948 2048 3004 2103 in
3031 2049 3184 2119 ﬁnem
3214 2050 3394 2106 dilexit
3421 2067 3506 2106 eos
3529 2093 3547 2118 ,

1976 2129 2079 2186 hoc
2100 2133 2358 2203 significat
2389 2155 2403 2191 :
2436 2136 2565 2192 nihil
2590 2140 2928 2209 praetermisit
2955 2156 3140 2197 eorum
3162 2158 3279 2213 quae
3299 2144 3553 2201 ardenter

1974 2235 2241 2282 amantem
2270 2238 2482 2298 oportet
2524 2230 2721 2287 facere.
2765 2233 2874 2288 Cur
2920 2250 3025 2289 non
3069 2250 3098 2288 a
3142 2236 3405 2307 principio
3448 2236 3553 2293 hoc

1974 2316 2102 2372 fecit
2126 2317 2150 2371 ‘.’
2178 2318 2372 2388 Majora
2404 2321 2454 2375 in
2493 2332 2741 2378 extremo
2767 2325 2914 2390 facit,
2944 2336 3003 2380 ut
3042 2339 3227 2380 eorum
3272 2328 3546 2382 caritatem

1975 2420 2186 2482 augeat,
2214 2418 2267 2466 et
2310 2427 2557 2483 magnum
2591 2415 2740 2469 iudat
2791 2417 3029 2471 animum
3057 2417 3125 2472 ad
3170 2418 3338 2472 futura
3372 2417 3549 2488 perfe-

1974 2502 2137 2557 renda
2166 2503 2326 2557 mala.
2349 2504 2487 2561 Suos
2512 2516 2689 2562 autem
2717 2506 2846 2562 dicit
2865 2508 3155 2562 secundum
3179 2508 3550 2565 familiaritatis

1974 2592 2233 2649 rationem
2258 2610 2274 2658 ;
2326 2609 2446 2649 nam
2477 2603 2532 2650 et
2559 2596 2693 2651 alios
2721 2612 2850 2652 suos
2880 2606 3035 2653 vocat
3065 2599 3359 2654 secundum
3390 2614 3545 2655 crea-

1975 2685 2170 2738 tionem
2198 2702 2212 2750 ;
2241 2694 2297 2739 ut
2323 2702 2444 2739 cum
2475 2686 2624 2753 dicit,
2662 2687 2757 2743 Sui
2786 2704 2897 2742 eum
2923 2706 3022 2743 non
3047 2699 3343 2760 receperunt
3366 2690 3545 2761 (Joan.

1975 2775 2172 2843 1.“).
2224 2776 2359 2843 Quid
2403 2777 2504 2832 sibi
2553 2780 2666 2832 vult
2696 2778 2845 2844 illud,
2881 2778 2982 2845 Qui
3024 2790 3170 2832 erant
3212 2779 3264 2832 in
3308 2780 3497 2833 munda
3525 2781 3553 2834 τ’

1973 2865 2109 2934 Quia
2132 2869 2211 2923 sui
2243 2880 2396 2924 erant
2423 2871 2582 2925 etiam
2606 2873 2819 2937 mortui,
2851 2871 3141 2937 Abraham,
3171 2870 3335 2937 Isaae,
3358 2872 3545 2935 .laCob,

1975 2959 2211 3031 ipsisque
2232 2961 2432 3017 similes
2457 2977 2471 3028 ;
2504 2963 2598 3017 sed
2629 2962 2681 3016 hi
2705 2977 2809 3017 non
2834 2963 2886 3017 in
2915 2961 3115 3017 mundo
3139 2972 3313 3018 erant.
3360 2963 3551 3018 Viden'

1976 3065 2096 3106 eum
2123 3066 2241 3106 esse
2267 3052 2431 3106 Deum
2455 3062 2509 3107 et
2537 3054 2733 3108 veteris
2762 3062 2815 3107 et
2842 3067 2993 3108 nova:
3015 3053 3148 3123 legis
3166 3052 3195 3108 Υ
3218 3052 3355 3121 Quid
3382 3055 3550 3125 signi-

1974 3143 2100 3198 licat
2128 3141 2275 3210 illud,
2308 3142 2375 3197 In
2403 3145 2556 3212 finem
2580 3144 2758 3199 dilexit
2783 3144 2908 3200 eos?
2954 3142 3011 3199 ld
3036 3155 3138 3211 est,
3168 3156 3347 3200 amare
3368 3161 3552 3217 perae.

1974 3234 2213 3301 veravit,
2247 3249 2313 3289 ac
2338 3234 2592 3290 ferventis
2639 3235 2838 3290 amoris
2867 3235 3076 3306 signum
3109 3236 3211 3292 hoc
3240 3250 3360 3291 esse
3399 3237 3547 3291 dicit.

1973 3323 2136 3394 Atqui
2181 3324 2322 3379 aliud
2370 3325 2492 3381 alibi
2520 3326 2766 3393 dixerat,
2797 3325 3026 3381 animam
3052 3341 3205 3382 suam
3250 3342 3310 3383 se
3352 3341 3551 3398 ponere

1976 3430 2079 3487 pro
2113 3418 2299 3474 amicis
2347 3420 2481 3474 suis.
2524 3419 2629 3476 Sed
2668 3421 2902 3477 nondum
2951 3419 3055 3475 hoc
3098 3419 3380 3475 acciderat.
3444 3420 3553 3476 Cur

1976 3516 2156 3565 autem
2181 3509 2283 3565 hoc
2304 3526 2445 3567 nunc
2470 3511 2632 3567 fecit?
2659 3512 2791 3581 Quia
2814 3511 2867 3568 id
2889 3512 3046 3585 longe
3073 3512 3368 3568 mirabilius
3396 3526 3512 3568 crat
3531 3553 3548 3579 ,

1976 3601 2189 3671 quando
2217 3611 2323 3657 tant
2349 3603 2671 3675 conspicuus
2698 3603 2837 3674 apud
2868 3619 3055 3660 omnes
3078 3619 3199 3661 esse
3227 3605 3506 3660 videbatur
3532 3626 3565 3669 ,η

1977 3704 2081 3748 nec
2101 3708 2313 3762 parvam
2339 3695 2760 3750 consolationem
2780 3695 3131 3750 abscessurus
3157 3695 3395 3766 reliquit.
3420 3697 3551 3761 Quia

1979 3785 2121 3839 enim
2154 3787 2205 3839 in
2232 3800 2464 3841 monere
2494 3785 2796 3841 vehementi
2829 3786 2990 3842 futuri
3025 3794 3203 3855 erant,
3234 3802 3417 3857 parem
3452 3788 3555 3843 illls

1978 3878 2399 3933 consolationem
2432 3878 2651 3933 inducit.
2678 3877 2734 3932 ἓ.
2770 3877 2835 3932 Et
2860 3894 2999 3933 coma
3024 3882 3159 3949 facta
3184 3919 3199 3943 ,
3227 3894 3341 3932 cum
3379 3879 3557 3933 diabo-

1981 3966 2060 4021 lus
2097 3968 2211 4037 jam
2249 3969 2463 4023 misisset
2491 3968 2543 4022 in
2567 3984 2655 4022 cor
2683 4010 2698 4037 ,
2730 3979 2786 4022 ut
2814 3971 3031 4023 traderet
3068 3984 3179 4024 eum
3207 3967 3397 4025 Iudas.
3442 3968 3556 4025 lloc

1981 4059 2113 4113 dicit
2144 4060 2416 4130 perculsus
2444 4061 2768 4131 evangelista
2794 4102 2808 4128 ,
2842 4076 3065 4116 narrans
3094 4062 3363 4132 quomodo
3391 4063 3558 4133 pedes

1982 4153 2120 4219 ejus,
2148 4152 2237 4222 qui
2269 4154 2440 4224 ipsum
2465 4154 2688 4223 prodere
2710 4154 3029 4217 instituerat,
3056 4153 3265 4208 laverit.
3288 4152 3556 4224 lugentem

1987 4259 2145 4311 porro
2171 4243 2286 4315 ejus
2313 4246 2603 4314 nequitiam
2633 4244 2887 4311 ostendit,
2916 4243 3059 4315 quod
3085 4260 3184 4299 nec
3212 4259 3410 4299 mensa:
3437 4258 3559 4298 cono

1984 4335 2209 4391 sortium
2256 4336 2428 4406 ipsum
2478 4334 2817 4402 cohibuerit,
2848 4351 2968 4406 quae
3011 4350 3098 4391 res
3145 4335 3377 4390 maxime
3420 4335 3561 4389 solet

1984 4427 2240 4481 malitiam
2290 4430 2606 4494 continere,
2637 4443 2737 4483 nec
2780 4427 3009 4482 suaserit
3050 4426 3128 4481 illi
3178 4437 3238 4482 ut
3282 4441 3450 4497 usque
3490 4427 3559 4481 ad

1988 4518 2232 4572 ultimmn
2260 4517 2405 4573 diem
2452 4533 2572 4573 cum
2616 4517 2867 4589 Magistro
2895 4533 2955 4573 se
2983 4526 3266 4587 superante
3298 4529 3557 4575 maneret.

1985 4611 2038 4664 3.
2072 4610 2251 4665 Sciens
2278 4620 2445 4664 autem
2467 4610 2637 4676 .lesus,
2660 4611 2777 4680 quia
2806 4609 2976 4663 omnia
3016 4609 3227 4662 tradidit
3251 4609 3296 4663 ei
3326 4607 3479 4663 Pater
3506 4611 3560 4664 in

1983 4718 2197 4767 manus,
2232 4711 2277 4755 et
2306 4703 2427 4771 quia
2465 4718 2496 4755 a
2525 4700 2632 4755 Deo
2660 4702 2840 4766 exivit,
2868 4710 2914 4755 et
2940 4701 3009 4753 ad
3053 4700 3215 4753 Deum
3254 4702 3413 4756 vadit.
3460 4702 3561 4758 Hic

1986 4792 2145 4846 etiam
2180 4786 2527 4846 mirabundus
2574 4791 2699 4845 dicit
2735 4809 2747 4843 :
2778 4790 2910 4846 Cum
2943 4799 3120 4845 tantus
3150 4800 3206 4846 et
3234 4791 3557 4855 talis’esset.

1985 4883 2075 4953 qni
2101 4898 2130 4937 a
2158 4883 2268 4937 Deo
2293 4883 2534 4948 exierat,
2565 4891 2619 4936 et
2661 4882 2727 4935 ad
2780 4882 2947 4935 Deum
2986 4882 3130 4945 ibat,
3176 4881 3267 4950 qui
3313 4881 3564 4936 omnibus

1986 4973 2309 5044 imperabat,
2342 4972 2442 5026 hoc
2467 4981 2639 5027 tamen
2669 4971 2809 5037 fecit,
2844 4988 2941 5026 nec
2964 4971 3279 5042 dedignatus
3314 4980 3398 5028 est
3449 4989 3563 5029 rem

1988 5067 2147 5121 talem
2182 5064 2420 5136 aggredi.
2447 5064 2582 5120 Cum
2627 5065 2909 5119 tradidisse
2938 5066 3032 5129 ait,
3061 5074 3114 5119 ut
3146 5076 3295 5135 puto,
3325 5065 3563 5121 fidelium

1985 5159 2211 5214 salutem
2238 5157 2472 5227 respicit.
2502 5155 2634 5210 Nam
2674 5171 2794 5210 cum
2821 5155 2969 5220 dicit,
3002 5156 3190 5209 Omnia
3227 5157 3353 5211 mihi
3378 5157 3565 5209 tradita

1986 5260 2105 5308 sunt
2131 5269 2163 5305 α
2196 5251 2351 5305 Patre
2376 5267 2486 5304 meo
2533 5248 2745 5321 (Matth.
2793 5249 2881 5302 ll.
2929 5249 3045 5316 27),
3078 5252 3145 5304 de
3191 5247 3295 5303 hoc
3323 5247 3562 5302 tradendi

1986 5360 2183 5416 genere
2212 5344 2464 5413 loquitur,
2494 5354 2550 5397 ut
2590 5349 2644 5397 et
2685 5340 2812 5395 alibi
2843 5342 2918 5394 ait
2949 5356 2962 5394 :
3013 5339 3113 5395 Tui
3139 5350 3323 5406 erant,
3350 5350 3398 5395 et
3438 5340 3565 5393 mihi

1987 5455 2071 5494 eos
2099 5438 2275 5493 dedisti
2303 5437 2479 5510 (Joan.
2510 5436 2596 5491 l7.
2629 5434 2717 5508 6);
2748 5446 2803 5491 et
2828 5451 3065 5501 rursum,
3098 5432 3265 5489 Nemo
3292 5443 3449 5504 potest
3476 5448 3563 5488 ve-

1987 5530 2096 5584 nire
2122 5530 2190 5582 ad
2218 5546 2296 5582 me
2319 5571 2332 5590 ,
2363 5529 2460 5581 nisi
2494 5526 2649 5582 Pater
2674 5529 2883 5583 traxerit
2930 5544 3083 5592 eum;
3110 5536 3197 5593 et,
3228 5524 3348 5581 Nisi
3387 5526 3563 5579 datum

1986 5624 2052 5677 sit
2080 5624 2123 5675 ei
2153 5623 2215 5676 de
2249 5621 2374 5676 ctelo
2414 5618 2576 5691 (Ibid.
2606 5620 2658 5675 6.
2691 5622 2778 5686 44;
2812 5631 2858 5674 et
2885 5621 2938 5678 3.
2969 5618 3084 5691 27).
3127 5617 3224 5674 Vel
3269 5619 3367 5673 hoc
3391 5617 3559 5681 dicit,

1989 5716 2073 5781 vel
2100 5731 2159 5772 se
2180 5715 2309 5770 nihil
2337 5729 2405 5769 ex
2438 5714 2541 5770 hoc
2566 5714 2912 5770 minuendum
2942 5728 3082 5781 esse,
3111 5714 3200 5783 qui
3227 5727 3255 5766 a
3283 5712 3390 5767 Deo
3412 5710 3560 5767 exie-

1988 5809 2097 5877 rit,
2124 5807 2190 5864 ad
2222 5808 2392 5864 Deum
2420 5805 2579 5862 vadat
2615 5816 2668 5861 et
2696 5806 2871 5861 omnia
2916 5805 3205 5862 contineat.
3254 5803 3387 5858 Cum
3431 5816 3561 5854 vero

3154 5905 3231 5964 24
