4100 6362
524 311 636 370 383

538 424 672 480 illud
700 422 910 479 tradere
947 420 1132 487 audis,
1165 419 1298 477 nihil
1325 422 1611 476 humanum
1651 420 1977 492 suspiceris:
2005 418 2103 473 lto-

529 532 716 571 norem
744 517 884 570 enim
908 513 1051 569 Patri
1078 511 1344 567 redditum
1373 522 1426 568 et
1446 512 1790 568 concordiam
1820 511 2099 581 signiﬁcat.

525 608 677 663 Sicut
707 609 847 662 enim
881 607 1038 660 Pater
1093 605 1192 675 ipsi
1239 605 1398 659 tradit
1429 646 1446 671 ,
1479 605 1556 659 sic
1597 605 1711 675 ipse
1735 603 1916 669 Patri;
1961 603 2105 675 quod

525 701 765 756 declarat
809 700 1003 755 Paulus
1028 699 1243 764 dicens,
1277 698 1402 752 Cum
1447 698 1709 751 tradiderit
1746 714 1956 768 regnum
1996 696 2105 752 Deo

527 805 573 849 et
603 794 746 847 Patri
789 794 861 865 (1.
895 792 1014 846 Cor.
1050 792 1136 846 15.
1165 789 1280 862 24).
1313 791 1411 846 llic
1437 800 1615 845 autem
1641 790 1936 844 humaniori
1957 804 2105 845 more

527 884 760 952 loquitur
783 925 799 949 ,
833 881 1151 938 ineffabilem
1192 898 1315 952 erga
1357 882 1478 935 illos
1502 880 1761 936 exhibens
1785 881 2060 936 caritatem
2085 923 2102 946 ,

523 989 752 1044 quorum
778 988 963 1028 curam
992 982 1051 1026 ut
1077 987 1293 1026 suorum
1321 972 1572 1042 gerebat,
1605 972 1805 1027 docens
1845 972 1968 1025 illos
1999 971 2102 1026 huc

522 1067 806 1123 niilitatem
857 1075 1082 1121 matrem
1132 1067 1433 1132 bonorum,
1489 1080 1648 1136 quam
1695 1073 1751 1120 et
1799 1064 2006 1120 initium
2051 1073 2107 1119 et

525 1162 691 1215 finem
741 1161 956 1214 virtutis
994 1174 1116 1214 esse
1146 1160 1293 1214 dicit.
1339 1158 1447 1214 Nec
1478 1168 1679 1213 temere
1704 1160 1847 1229 jacet
1882 1158 2029 1224 illud,
2059 1160 2105 1212 Α

530 1253 634 1306 Deo
661 1254 841 1318 emittit,
871 1261 915 1306 et
944 1252 1011 1305 ad
1039 1252 1198 1304 Deum
1227 1247 1401 1315 vadit;
1428 1252 1523 1306 sed
1552 1261 1608 1305 ut
1633 1251 1901 1306 discamus
1929 1251 2101 1321 ipsum

527 1345 684 1413 digna
730 1343 926 1398 "fecisse
952 1343 1068 1412 ejus
1096 1344 1186 1413 qui
1219 1342 1362 1397 illinc
1389 1344 1607 1397 exiisset
1632 1350 1686 1397 et
1728 1342 1852 1396 illuc
1883 1341 2063 1396 ivisset
2083 1382 2099 1408 ,

526 1453 849 1507 omnemque
876 1436 1064 1489 fastum
1094 1436 1510 1490 conculcarisse.
1537 1435 1589 1490 4.
1620 1435 1685 1488 Et
1712 1451 1828 1489 cum
1853 1435 2102 1488 surrexis-

528 1539 601 1584 set
626 1546 657 1582 a
682 1544 824 1582 creua
842 1569 858 1596 ,
889 1528 1066 1597 positis
1092 1527 1325 1582 uestibus.

591 1619 648 1675 2.
694 1617 823 1673 Vide
848 1617 1118 1688 quomodo
1157 1633 1262 1672 non
1297 1616 1521 1672 lavando
1546 1619 1759 1681 solum,
1799 1616 1893 1672 sed
1921 1626 1976 1671 et
1998 1615 2105 1671 alio

523 1725 736 1780 quoque
761 1709 922 1764 modo
951 1709 1305 1763 humilitatem
1333 1709 1601 1763 exhibeat.
1631 1708 1744 1762 Non
1767 1706 1912 1762 enim
1952 1716 2103 1761 ante-

524 1819 684 1872 quam
704 1801 1061 1862 recumberet.
1083 1802 1177 1856 sed
1195 1811 1472 1871 postquam
1497 1815 1684 1855 omnes
1712 1799 2102 1865 recubuissent,

524 1903 652 1948 tunc
693 1893 952 1948 surrexit.
979 1892 1184 1948 Deinde
1211 1907 1316 1945 non
1345 1890 1516 1946 solum
1546 1890 1684 1944 lavat
1712 1932 1728 1956 ,
1772 1890 1868 1943 sed
1919 1889 2103 1958 positis

525 1984 782 2038 vestibus.
810 1983 994 2051 Neque
1037 1982 1121 2038 his
1155 1991 1436 2037 contentus
1459 2023 1473 2049 ,
1516 1983 1682 2036 linteo
1719 1997 1778 2035 se
1807 1981 2102 2050 pratcinxit.

525 2073 788 2145 Nequcid
828 2077 958 2129 satis
985 2074 1197 2141 habuit,
1231 2074 1324 2128 sed
1352 2075 1465 2143 ipse
1491 2074 1683 2142 pelvim
1718 2073 1975 2142 implevit,
2005 2088 2101 2126 ne-

529 2181 625 2236 que
665 2165 817 2220 alteri
864 2166 1184 2234 implendam
1215 2165 1469 2231 tradidit,
1501 2165 1595 2219 sed
1624 2165 1738 2220 hzec
1788 2165 1967 2219 omnia
1989 2165 2104 2234 ipse

523 2255 649 2310 facit
680 2273 692 2308 :
733 2254 816 2310 his
854 2255 1101 2310 omnibus
1129 2255 1416 2311 ostendens
1454 2255 1570 2312 hrec
1608 2271 1712 2310 non
1746 2255 2104 2327 perfunctorie

525 2347 681 2402 nobis
709 2362 828 2403 esse
871 2347 1109 2403 facienda
1139 2389 1153 2412 ,
1187 2363 1307 2402 cum
1344 2357 1489 2403 recte
1531 2348 1750 2404 facimus
1779 2389 1793 2413 ,
1846 2348 1940 2403 sed
1983 2363 2104 2404 cum

523 2440 670 2494 omni
699 2439 967 2510 diligentia
997 2450 1051 2494 et
1078 2441 1371 2499 alacritate.
1409 2439 1633 2495 Videtur
1678 2456 1839 2512 porro
1881 2441 2009 2496 mihi
2039 2442 2105 2497 il-

521 2531 632 2588 lum
665 2533 955 2603 proditoris
984 2535 1212 2604 primum
1239 2534 1431 2589 lavisse
1457 2535 1648 2604 pedes.
1686 2535 1825 2607 quod
1855 2535 2051 2591 dixerit
2087 2577 2103 2601 ,

515 2623 576 2680 Β.
609 2623 770 2694 Coepit
809 2626 980 2680 lavare
999 2628 1154 2694 pedes
1184 2626 1550 2694 discipulorum
1576 2643 1593 2680 :
1621 2636 1676 2682 et
1712 2627 2018 2694 addiderit,
2049 2627 2103 2682 6.

534 2713 679 2769 Venit
709 2715 776 2768 ad
799 2715 1312 2782 Simonem-Petrum,
1345 2720 1431 2789 qui
1459 2720 1580 2772 dicit
1600 2719 1645 2772 ei
1668 2736 1686 2773 :
1712 2718 1792 2773 Tu
1823 2720 1946 2773 mihi
1971 2721 2107 2775 lanas

526 2806 676 2877 pedes
696 2807 722 2861 γ
748 2806 842 2862 His
881 2809 1146 2872 manibus,
1178 2810 1366 2878 inquit,
1401 2810 1593 2878 quibus
1614 2811 1800 2867 oculos
1825 2813 2102 2881 aperuisti,

529 2899 772 2967 leprosos
801 2899 1068 2954 mundasti
1091 2940 1106 2966 ,
1138 2910 1375 2956 mortuos
1418 2901 1731 2957 suseitssti?
1761 2902 1884 2958 llaec
1911 2903 2106 2973 quippe

522 3004 770 3058 magnam
800 2988 997 3043 habent
1037 2990 1332 3059 emphasim
1360 3008 1372 3044 :
1400 3006 1566 3059 quare
1593 3005 1696 3044 non
1719 2991 1822 3044 alio
1847 3006 1980 3062 opus
2012 2992 2107 3047 ha-

533 3077 680 3144 buit,
710 3094 866 3146 quam
896 3079 984 3133 illa
1014 3094 1163 3146 voce,
1197 3079 1276 3133 Tu
1297 3122 1311 3146 ,
1342 3095 1461 3151 quae
1480 3097 1585 3151 ,per
1611 3097 1669 3136 se
1697 3091 1864 3137 totum
1899 3083 2106 3152 signifi-

521 3179 632 3225 cat.
681 3171 812 3227 Jure
854 3182 1029 3226 autem
1079 3188 1328 3241 quaeras:
1371 3174 1478 3228 Cur
1527 3174 1704 3228 nullus
1749 3175 1887 3229 alius
1934 3176 2105 3245 ipsum

527 3263 780 3326 cohibuit,
817 3262 916 3316 nisi
958 3262 1146 3317 Petrus
1170 3305 1185 3328 ,
1218 3263 1356 3340 quod
1403 3279 1507 3318 non
1540 3265 1684 3334 parvi
1710 3269 1907 3319 amoris
1947 3280 2106 3320 reve-

527 3357 819 3426 rentizeque
844 3355 1054 3426 signum
1082 3354 1224 3410 fuit?
1255 3357 1366 3424 Qua
1397 3371 1525 3428 ergo
1552 3357 1620 3410 de
1647 3372 1807 3412 causa
1834 3359 1858 3411 'l
1886 3357 2106 3413 Videtur

530 3446 660 3502 mihi
709 3449 882 3516 primo
934 3447 1221 3517 proditoris
1264 3447 1440 3519 .pedes
1485 3449 1756 3516 ablttisse;
1804 3449 1999 3504 deinde
2036 3449 2104 3505 ad

528 3539 743 3595 Petrum
772 3541 983 3596 venisse
1006 3581 1021 3606 ,
1049 3542 1288 3611 aliosque
1310 3542 1564 3611 deinceps
1591 3543 1890 3598 admonitos
1919 3543 2102 3601 fuisse.

523 3632 677 3700 Quod
707 3633 850 3688 enim
879 3633 1041 3687 alium
1084 3633 1386 3704 quempiam
1436 3644 1559 3689 ante
1589 3635 1735 3688 illum
1759 3635 1948 3689 laverit
1971 3675 1986 3697 ,
2013 3650 2106 3706 pa-

527 3724 629 3777 lam
657 3732 740 3778 est
766 3739 832 3778 ex
863 3724 947 3778 his
989 3724 1169 3778 verbis
1193 3765 1209 3789 ,
1239 3727 1368 3778 Cum
1395 3735 1572 3780 autem
1601 3727 1745 3779 venit
1771 3725 1837 3779 ad
1865 3725 2102 3780 Petrum.

525 3812 630 3868 Sed
661 3829 768 3868 non
812 3822 896 3869 est
933 3814 1222 3869 vehemens
1266 3824 1547 3869 accusator
1575 3816 1919 3886 evangelista.
1973 3816 2104 3871 Illud

524 3905 700 3972 enim,
753 3904 911 3974 Carpit
939 3947 954 3971 ,
999 3904 1101 3958 hoc
1137 3904 1457 3960 subindicat.
1502 3905 1720 3960 Etiamsi
1754 3920 1885 3961 vero
1915 3906 2105 3960 Petrus

532 4000 732 4066 primus
759 4007 937 4058 esset,
980 3996 1268 4052 verisimile
1297 4005 1379 4052 est
1409 3997 1756 4068 proditorem.
1782 4007 1966 4067 utpote
2004 4013 2102 4067 pe-

522 4088 806 4149 tulantem,
827 4096 952 4141 ante
976 4088 1318 4158 coryphmum
1345 4088 1678 4144 accubuisse.
1706 4089 1935 4143 Aliunde
1957 4104 2107 4143 nam-

523 4197 628 4249 que
663 4181 779 4248 ejus
819 4180 1106 4249 petulantta
1143 4178 1593 4249 dignoscebatur,
1641 4179 1854 4250 quando
1891 4181 2104 4235 intinxit

523 4289 644 4326 cum
684 4272 950 4342 Magistro,
983 4281 1033 4326 et
1065 4273 1275 4343 quando
1303 4272 1658 4343 reprehensus
1698 4289 1802 4327 non
1843 4287 2104 4342 compun—

523 4371 642 4418 ctus
665 4372 774 4418 -est.
826 4363 1013 4418 Petrus
1041 4373 1214 4418 autem
1252 4362 1360 4433 jam
1387 4363 1553 4418 semel
1583 4373 1735 4418 antea
1764 4365 2063 4433 increpatus
2087 4406 2102 4428 ,

527 4453 618 4521 qui
653 4452 739 4505 illa
771 4467 834 4507 ex
861 4451 1060 4506 amoris
1090 4453 1422 4507 vehementia
1452 4451 1696 4519 dixerat,
1729 4453 1799 4507 ita
1826 4469 2102 4523 repressus

532 4551 634 4608 est,
666 4551 721 4596 ut
747 4543 936 4596 anxius
973 4551 1025 4594 et
1051 4551 1284 4596 tremens
1325 4543 1494 4597 altero
1528 4559 1661 4611 opus
1688 4536 1906 4598 haberet
1929 4543 1994 4598 ad
2023 4545 2104 4598 in-

525 4631 940 4700 terrogandnm;
973 4631 1060 4686 hic
1099 4647 1225 4686 vero
1259 4647 1401 4702 saepe
1441 4633 1798 4700 reprehensus
1828 4649 1894 4687 ne
1937 4635 2105 4688 sensit

524 4722 758 4790 quidem.
787 4722 920 4777 Cum
949 4737 1077 4792 ergo
1115 4723 1351 4777 venisset
1390 4722 1456 4778 ad
1489 4723 1702 4777 Petrum
1726 4764 1742 4789 ,
1776 4723 1910 4777 Dicit
1928 4724 1972 4776 ei
2003 4722 2102 4776 Pe-

525 4822 671 4866 trus:
704 4811 918 4866 Domine
943 4852 956 4876 ,
990 4821 1043 4866 tu
1073 4813 1195 4866 ntilti
1221 4813 1362 4867 lavas
1405 4813 1552 4883 pedes
1577 4813 1602 4866 1’
1633 4814 1686 4866 7.
1717 4814 1994 4883 Respondit
2022 4815 2104 4868 ei:

531 4901 680 4967 Quod
703 4918 793 4972 ego
823 4903 956 4974 facio
986 4911 1040 4956 tu
1068 4904 1228 4957 nescis
1250 4903 1397 4956 modo
1417 4943 1432 4968 ,
1456 4902 1580 4956 scies
1607 4913 1774 4957 autem
1802 4914 1975 4973 postea
2000 4919 2017 4957 :
2049 4905 2100 4958 id

525 5003 628 5060 est,
653 5005 907 5064 quantum
957 4994 1081 5049 hinc
1105 4994 1239 5050 lucri
1263 5036 1279 5060 ,
1309 5003 1557 5063 quantam
1605 4995 1861 5048 doctrina:
1899 4995 2100 5049 utilita-

527 5095 656 5148 tem,
688 5095 741 5140 et
764 5095 1016 5155 quantam
1044 5085 1144 5140 hoc
1171 5085 1236 5140 ad
1266 5086 1612 5140 humilitatem
1635 5101 1734 5140 nos
1759 5087 1953 5142 ducere
1975 5103 2104 5158 pos-

524 5179 614 5232 sit.
659 5178 796 5244 Quid
836 5192 964 5248 ergo
993 5179 1180 5232 Petrus
1207 5177 1231 5231 ?
1255 5177 1444 5233 Adhuc
1494 5178 1708 5232 cohibet
1747 5186 1800 5233 et
1841 5177 2007 5232 dicit:
2045 5180 2100 5235 8.

525 5266 646 5322 Non
667 5267 857 5322 lavttbis
887 5267 1010 5320 mihi
1029 5267 1177 5338 pedes
1197 5269 1250 5321 in
1278 5278 1538 5322 teternum.
1559 5269 1694 5336 Quid
1723 5269 1870 5336 facis,
1902 5270 2104 5326 Petre?

523 5375 628 5413 non
666 5345 965 5414 recordaris
1005 5374 1190 5414 eorum
1237 5375 1356 5430 quae
1383 5360 1530 5429 prius
1556 5361 1692 5414 dicta
1719 5362 1886 5416 sunt?
1912 5365 2102 5416 Annon

524 5464 646 5504 cum
671 5449 874 5516 dixisti,
909 5448 1171 5519 Propitius
1200 5459 1305 5503 esto
1327 5449 1436 5511 tibi,
1469 5450 1684 5515 audisti,
1717 5449 1852 5505 Vade
1875 5459 1982 5519 post
2002 5468 2100 5518 me,

524 5541 747 5593 satana?
799 5555 969 5609 neque
1015 5540 1285 5608 resipiscis
1308 5582 1323 5606 ,
1368 5540 1460 5593 sed
1490 5541 1664 5594 adhuc
1691 5541 1975 5596 vehemens
2002 5541 2103 5596 es?

532 5629 726 5696 Etiam,
761 5631 965 5700 inquit:
993 5646 1076 5686 res
1097 5633 1236 5685 enim
1264 5647 1450 5702 magna
1479 5642 1531 5688 et
1563 5643 1784 5702 stupore
1813 5633 1963 5703 plena
1991 5635 2101 5704 agi-

529 5732 634 5776 tur.
662 5723 794 5788 Quia
823 5725 980 5792 igitur
1001 5724 1049 5778 id
1081 5740 1144 5778 ex
1172 5725 1218 5779 vi
1248 5726 1445 5779 amoris
1465 5724 1713 5794 faciebat,
1739 5723 1863 5779 hinc
1889 5739 2098 5798 quoque

1306 306 1363 364 s.
1405 305 1683 364 .IOANNIS
1719 300 2188 361 cuttvsosrout
2229 302 2542 363 saeuum.
2580 265 3114 368 consrAN'rtNoc.

3679 318 3786 374 585

2213 422 2420 493 capitur
2451 438 2480 477 a
2523 423 2757 479 Christo.
2791 424 2861 481 Ut
2903 441 3030 496 ergo
3063 435 3188 482 tunc
3226 423 3569 485 vehementer
3609 432 3782 488 incre-

2213 513 2356 583 pavit
2379 555 2393 576 ,
2426 515 2664 584 dixitque
2685 557 2700 581 ,
2734 515 3049 570 Scandalum
3071 534 3124 572 es
3155 519 3278 572 ntilti
3300 516 3511 591 (Matth.
3538 523 3623 578 16.
3652 523 3783 584 33):

2211 605 2289 660 sic
2313 615 2365 660 et
2390 605 2492 660 hoc
2518 606 2636 661 loco
2661 607 2788 661 dicit
2808 649 2822 671 ,
2864 606 2984 661 Nisi
3010 609 3174 662 lavero
3206 619 3254 663 te
3277 652 3290 674 ,
3315 628 3414 664 non
3446 612 3645 667 habebis
3666 633 3785 684 par-

2211 705 2309 750 tem
2340 713 2550 751 mecum.
2580 699 2714 766 Quid
2746 715 2873 770 ergo
2903 698 3112 755 fervens
3144 701 3231 756 ille
3260 703 3557 771 ardensque
3583 705 3700 760 vir?
3726 710 3781 761 9.

2211 787 2444 856 Domine,
2463 804 2564 844 non
2591 799 2786 843 tantunt
2811 793 2963 861 pedes
2983 809 3137 858 meos,
3160 793 3248 846 sed
3273 803 3317 847 et
3343 811 3522 849 manus
3543 806 3589 851 et
3611 809 3780 867 caput.

2210 879 2528 936 Recusando
2556 881 2864 946 vehemens,
2895 885 3246 938 concedendo
3273 885 3643 943 vehementior
3663 890 3784 944 effi-

2210 969 2368 1026 citur.
2409 970 2703 1042 Utrumque
2729 983 2906 1028 autem
2949 991 3013 1030 ex
3049 991 3232 1031 amore
3258 977 3524 1046 prodibat.
3553 980 3659 1036 Sed
3687 999 3788 1037 cur

2209 1075 2316 1114 non
2343 1060 2478 1115 dixit
2503 1062 2656 1117 Jesus
2677 1105 2692 1128 ,
2721 1080 2823 1134 qua
2845 1064 2912 1120 de
2943 1081 3102 1121 causa
3127 1068 3174 1122 id
3213 1067 3411 1124 faceret
3441 1112 3457 1138 ,
3489 1072 3584 1127 sed
3611 1075 3783 1128 minas

2209 1153 2412 1208 addidit
2438 1153 2462 1207 ?
2487 1153 2618 1221 Quia
2655 1155 2745 1210 ille
2792 1172 2897 1210 non
2922 1156 3028 1211 alio
3068 1158 3228 1212 modo
3257 1175 3459 1214 morem
3507 1163 3779 1231 gessisset.

2208 1244 2339 1299 Nam
2368 1245 2413 1299 si
2460 1245 2704 1303 Christus
2727 1247 2983 1312 dixisset,
3013 1249 3141 1304 Sine
3165 1266 3180 1316 ;
3213 1251 3312 1306 hoc
3334 1253 3474 1307 enim
3499 1254 3658 1308 modo
3687 1271 3782 1310 vos

2208 1334 2414 1389 docebo
2453 1335 2838 1392 humilitatem:
2867 1339 3058 1394 millies
3100 1356 3158 1395 se
3197 1342 3447 1397 humilem
3500 1344 3614 1399 fore
3657 1363 3780 1414 pro-

2209 1429 2460 1495 misisset,
2495 1447 2558 1485 ne
2589 1432 2844 1487 Dominus
2874 1434 2975 1488 hoc
3000 1434 3215 1490 faceret.
3250 1437 3318 1490 At
3346 1453 3484 1492 nunc
3509 1440 3631 1508 qttid
3655 1441 3781 1496 dicit

2209 1519 2454 1575 Christus
2479 1523 2503 1576 ἳ
2531 1523 2680 1590 Quod
2711 1523 2900 1579 Petrus
2922 1526 3148 1579 maxime
3181 1527 3434 1594 timebat,
3469 1545 3535 1583 ne
3563 1545 3781 1600 separa-

2209 1623 2356 1667 retur
2388 1629 2415 1664 a
2445 1613 2686 1669 Domino.
2731 1614 2821 1668 llle
2858 1617 2998 1670 enim
3028 1625 3141 1670 erat
3167 1619 3254 1687 qui
3284 1616 3588 1689 frequenter
3617 1664 3632 1686 ,
3661 1638 3767 1690 qtto

2210 1705 2329 1765 iret.
2360 1705 2741 1777 interrogabat.
2771 1706 2896 1761 ldeo
2921 1708 3158 1774 dicebat,
3186 1709 3420 1763 Animam
3445 1730 3604 1766 nteant
3641 1715 3771 1767 dabo

2207 1813 2299 1868 pro
2322 1807 2386 1851 te.
2417 1796 2550 1852 Nam
2580 1798 2623 1852 si
2662 1813 2781 1852 cum
2819 1800 3043 1866 audivit,
3075 1800 3223 1867 Quod
3247 1818 3336 1872 ego
3357 1804 3490 1874 facio
3528 1815 3581 1857 tu
3622 1807 3779 1859 nescis

2211 1888 2382 1953 modo,
2410 1889 2534 1942 scies
2559 1899 2725 1943 autent
2750 1902 2940 1960 postea,
2972 1907 3038 1946 ne
3058 1892 3135 1946 sic
3157 1893 3367 1962 quidem
3389 1895 3613 1959 abstitit,
3645 1899 3780 1950 mul-

2211 1991 2265 2035 to
2291 1981 2465 2036 minus
2499 1983 2541 2035 si
2572 1983 2831 2037 scivisset.
2857 1982 2979 2039 Ideo
3005 1983 3136 2039 dixit
3160 2025 3175 2050 ,
3208 1985 3352 2040 Scies
3379 1997 3543 2040 autent
3564 1996 3736 2054 postea
3760 2030 3776 2054 ,

2207 2087 2403 2142 gnarus
2429 2089 2572 2138 eum,
2596 2074 2640 2128 si
2661 2074 2923 2140 scivisset,
2951 2075 3125 2130 adhuc
3150 2088 3562 2147 repugnaturum
3596 2079 3777 2134 fuisse.

2209 2163 2389 2233 Neque
2409 2163 2543 2218 dixit
2577 2165 2766 2220 Petrus
2787 2206 2801 2232 ,
2837 2165 2977 2221 Doce
3006 2181 3147 2222 nunc
3179 2155 3265 2223 me
3292 2209 3307 2233 ,
3346 2178 3403 2223 ut
3437 2170 3606 2223 sinam
3637 2187 3652 2235 ;
3685 2171 3778 2225 sed

2208 2253 2348 2322 quod
2379 2255 2535 2325 longe
2563 2255 2929 2312 vehementius
2956 2266 3093 2322 erat,
3121 2274 3188 2314 ne
3209 2261 3348 2316 scire
3377 2263 3588 2330 quidem
3616 2265 3779 2318 susti-

2211 2345 2361 2410 nuit,
2393 2345 2487 2400 sed
2519 2346 2678 2400 instat
2709 2362 2892 2404 rursus
2918 2366 2931 2402 :
2964 2347 3086 2404 Non
3108 2351 3296 2406 lavabis
3327 2353 3450 2405 mihi
3477 2355 3642 2422 pedes.
3679 2353 3778 2409 Ulti

2209 2444 2386 2489 autem
2426 2437 2781 2493 comminatus
2824 2447 2945 2506 est,
2992 2441 3167 2494 statim
3213 2443 3392 2496 cessit.
3423 2442 3556 2511 Quid
3603 2456 3779 2498 autem

2210 2526 2492 2596 significat,
2541 2528 2680 2583 Scies
2709 2531 2926 2600 postea?
2950 2530 3286 2601 quandonam
3309 2532 3332 2586 ?
3359 2533 3580 2600 Quando
3607 2535 3655 2585 itt
3679 2550 3777 2588 no-

2211 2620 2352 2675 mine
2382 2636 2501 2675 mco
2527 2620 2784 2675 dtemonia
2810 2622 3014 2691 ejicies,
3041 2638 3160 2678 cum
3189 2639 3274 2678 me
3296 2624 3493 2678 videris
3519 2626 3568 2678 in
3592 2625 3778 2680 caelum

2209 2712 2425 2777 assumi,
2452 2726 2570 2767 cum
2599 2727 2626 2765 a
2652 2712 2848 2782 Spiritu
2876 2714 3124 2769 didiceris
3166 2730 3251 2770 me
3276 2731 3306 2769 a
3330 2715 3530 2770 dextris
3557 2718 3744 2771 sedere
3761 2759 3778 2782 ,

2210 2811 2335 2856 tunc
2379 2817 2669 2871 cognosces
2713 2804 2837 2873 quid
2888 2820 3028 2860 nunc
3092 2806 3286 2859 laetum
3341 2806 3432 2860 sit.
3476 2807 3610 2874 Quid
3651 2823 3779 2877 ergo

2208 2891 2451 2948 Christus
2475 2893 2499 2947 ἲ
2527 2894 2658 2960 Quia
2687 2895 2875 2949 Petrus
2917 2893 3124 2950 dixerat
3148 2935 3163 2960 ,
3204 2894 3324 2949 Non
3363 2904 3558 2950 tantum
3584 2899 3733 2966 pedes
3761 2937 3778 2963 ,

2209 2986 2297 3038 sed
2321 2995 2368 3039 et
2397 3002 2574 3039 manus
2597 2996 2642 3040 et
2667 2998 2816 3057 caput
2841 3028 2855 3051 ,
2899 2987 2985 3042 10.
3018 2987 3117 3055 Qui
3143 2989 3275 3042 lotus
3299 2998 3371 3042 est
3397 3029 3410 3052 ,
3453 2989 3641 3060 inquit,
3681 3007 3780 3043 non

2209 3076 2434 3148 indiget,
2462 3078 2558 3130 nisi
2600 3089 2655 3132 ut
2686 3079 2834 3147 pedes
2863 3078 2990 3133 lavet
3015 3120 3032 3146 ,
3061 3079 3149 3134 sed
3172 3089 3245 3133 est
3284 3081 3502 3134 mundus
3533 3091 3683 3134 totus.
3719 3080 3779 3133 Et

2210 3189 2295 3228 vos
2331 3174 2506 3226 mundi
2561 3175 2676 3228 estis
2701 3175 2740 3240 ί,
2777 3174 2864 3228 sed
2906 3189 3006 3228 non
3059 3189 3246 3228 omnes.
3297 3175 3383 3229 11.
3415 3173 3612 3229 Sciebat
3649 3176 3780 3228 enim

2209 3264 2322 3333 quis
2360 3265 2637 3318 traditurus
2663 3275 2784 3318 esset
2823 3281 2953 3318 eum.
2995 3264 3050 3320 Si
3086 3265 3264 3319 mundi
3301 3275 3427 3320 sunt
3452 3308 3466 3329 .
3510 3282 3605 3321 cur
3636 3267 3780 3322 laws

2212 3354 2373 3424 pedes
2402 3368 2583 3408 eorum
2602 3353 2624 3406 l
2643 3352 2710 3410 Ut
2724 3354 3488 3410 nosmodestiamdiscamus'.
3504 3354 3627 3412 Ideo
3641 3356 3779 3426 quod

2211 3447 2522 3502 vilissimum
2563 3447 2920 3500 membrorum
2976 3447 3182 3501 videtur
3202 3461 3360 3512 esse,
3409 3446 3577 3501 solum
3633 3447 3779 3501 lavit.

2210 3540 2347 3606 Quid
2368 3538 2630 3610 significat
2659 3539 2812 3603 illttd,
2843 3539 2942 3606 Qui
2976 3539 3110 3594 lotus
3130 3549 3199 3594 est
3224 3539 3249 3594 .9
3274 3538 3329 3594 Id
3355 3547 3467 3602 est.
3501 3540 3587 3609 qui
3617 3555 3782 3609 purus

2211 3639 2312 3686 est.
2339 3629 2473 3685 Num
2497 3631 2571 3684 illi
2600 3631 2714 3700 puri
2741 3640 2918 3696 erant,
2945 3630 3034 3700 qui
3058 3630 3288 3685 nondum
3315 3645 3342 3683 a
3372 3631 3602 3702 peccatis
3633 3631 3781 3686 liberi

2211 3729 2394 3785 erant,
2424 3736 2520 3776 nec
2545 3720 2744 3791 Spiritu
2769 3720 3001 3791 dignati,
3031 3736 3152 3776 cum
3189 3721 3362 3776 adhuc
3387 3731 3659 3791 peccatum
3682 3721 3783 3775 do—

2211 3813 2507 3866 minaretur
2531 3853 2548 3877 ,
2581 3821 2634 3868 et
2659 3811 3047 3867 maledictionis
3076 3812 3483 3884 chirographum
3507 3823 3778 3879 maneret,

2212 3903 2436 3957 necdum
2465 3902 2676 3957 victima
2721 3911 2866 3958 esset
2909 3902 3125 3957 oblata?
3150 3903 3426 3970 Quomodo
3465 3904 3621 3972 igitur
3664 3904 3784 3957 illos

2209 4007 2331 4047 esse
2359 4008 2518 4062 puros
2550 3993 2723 4048 dicit?
2751 3994 2943 4049 Verum
2988 4009 3053 4048 ne
3100 4005 3252 4064 putes
3273 4035 3288 4060 ,
3327 3994 3446 4064 quia
3475 4010 3638 4064 puros
3666 3995 3784 4048 illos

2209 4083 2337 4139 dicit
2356 4127 2370 4148 ,
2399 4099 2518 4139 esse
2549 4099 2764 4154 prorsus
2791 4099 2819 4137 a
2846 4085 3076 4155 peccatis
3123 4085 3316 4140 liberos
3337 4128 3353 4153 ,
3397 4085 3597 4140 addidit
3623 4103 3636 4138 :
3661 4083 3783 4138 Jam

2209 4191 2294 4229 vos
2320 4176 2493 4229 mundi
2537 4175 2652 4230 estis
2671 4217 2688 4244 ,
2731 4186 2936 4246 propter
2962 4193 3236 4230 sermonem
3261 4193 3403 4246 quem
3423 4178 3655 4246 loquutus
3670 4193 3783 4229 sum

2209 4266 2342 4320 vobis
2365 4283 2384 4332 ;
2406 4265 2506 4320 hoc
2526 4275 2608 4320 est
2631 4308 2644 4329 ,
2671 4265 2780 4320 llac
2805 4276 3006 4319 tantum
3041 4268 3246 4320 ratione
3272 4266 3453 4321 mundi
3484 4267 3634 4321 estis.
3664 4265 3782 4320 Jam

2210 4358 2380 4413 lucem
2418 4358 2694 4427 accepistis
2721 4399 2738 4424 ,
2787 4358 2898 4427 jam
2928 4374 2955 4410 a
2985 4357 3206 4412 Jutlaico
3233 4374 3414 4413 errore
3448 4358 3598 4413 liberi
3629 4359 3780 4412 estis.

2209 4450 2338 4504 Nam
2371 4450 2623 4520 propheta
2653 4451 2817 4506 dicit:
2850 4449 3131 4516 Lauamini,
3159 4452 3335 4504 mundi
3375 4461 3549 4514 estote,
3577 4451 3779 4520 abjicite

2211 4543 2455 4596 malitiam
2490 4543 2550 4595 ab
2589 4543 2850 4595 animabus
2874 4543 3048 4596 vestris
3074 4541 3228 4612 (Isai.
3258 4542 3311 4596 1.
3339 4539 3446 4612 16).
3476 4540 3656 4609 Itaque
3691 4541 3782 4610 qtti

2211 4634 2328 4687 talis
2353 4643 2451 4695 est,
2480 4633 2616 4686 lotus
2637 4641 2750 4699 est,
2779 4643 2832 4686 et
2856 4649 3039 4702 purus.
3068 4633 3201 4698 Quia
3232 4647 3360 4702 ergo
3384 4647 3594 4686 omnem
3625 4634 3784 4684 mali-

2211 4725 2334 4778 tiam
2382 4725 2450 4779 ah
2489 4725 2662 4778 anima
2711 4733 3064 4794 respuerant,
3092 4735 3146 4778 et
3172 4741 3299 4794 pura
3329 4735 3505 4779 mente
3535 4741 3653 4779 cum
3695 4724 3786 4777 illo

2211 4815 2589 4870 versabantur:
2621 4815 2740 4870 ideo
2764 4815 3055 4870 secundum
3083 4815 3447 4886 propheticum
3480 4831 3784 4869 sermonem

2209 4907 2356 4970 dicit,
2383 4906 2482 4972 Qui
2512 4906 2652 4960 lotus
2695 4915 2805 4969 est,
2837 4905 2946 4975 jam
2987 4905 3214 4959 mundus
3235 4915 3336 4960 est.
3363 4904 3476 4959 Non
3505 4905 3782 4958 lavacrum

2208 4995 2338 5049 illud
2363 5012 2456 5064 per
2501 5011 2693 5066 aquam
2721 5005 2776 5051 et
2796 4995 3075 5050 Iudaicum
3103 4996 3233 5050 dicit
3257 5036 3271 5062 ,
3319 4995 3414 5050 sed
3443 4995 3786 5049 conscientia:

2209 5087 2598 5156 purgationem.

2278 5181 2332 5234 5.
2373 5178 2651 5233 Viduarum
2697 5190 2742 5234 et
2769 5181 3076 5250 pupillorum
3106 5179 3332 5233 habenda
3356 5195 3481 5232 cura
3503 5187 3591 5234 est.
3610 5208 3678 5217 —
3701 5179 3781 5230 Si-

2208 5286 2327 5325 mus
2356 5286 2484 5340 ergo
2512 5280 2565 5324 et
2591 5286 2688 5325 nos
2714 5272 2894 5324 mundi
2919 5288 2933 5336 ;
2966 5271 3230 5325 discamus
3257 5271 3391 5324 bene
3422 5270 3616 5323 facere.
3646 5270 3780 5335 Quid

2208 5371 2291 5419 est
2338 5363 2473 5417 bene
2504 5362 2720 5417 facere?
2746 5361 2981 5415 Judicate
3007 5363 3220 5433 pupillo,
3249 5362 3497 5430 defendite
3534 5361 3734 5413 uiduattt
3765 5376 3784 5412 :

2207 5465 2253 5510 et
2275 5456 2453 5521 uenite,
2484 5456 2832 5524 disceptentus,
2856 5455 2979 5507 dicit
3008 5453 3258 5507 Dominus
3286 5453 3444 5524 (Ibid.
3475 5455 3524 5506 1.
3550 5451 3634 5505 17.
3669 5450 3778 5514 18).

2270 5612 2287 5642 ί
2309 5610 2542 5671 Posthaec
2562 5609 2753 5670 quidam
2776 5615 2880 5658 Mss.
2907 5607 2999 5657 alia
3023 5608 3217 5666 addunt,
3242 5619 3350 5671 quae
3373 5605 3616 5656 habentur
3639 5603 3781 5663 infra,

2210 5680 2260 5723 et
2275 5670 2492 5721 consulto
2518 5671 2592 5718 hic
2613 5672 2917 5719 omittuntur.

2273 5737 2293 5766 ³
2327 5732 2457 5782 Alias
2489 5730 2686 5794 legitur,
2709 5739 2757 5781 ut
2782 5747 2963 5783 υυδ.....
2990 5726 3206 5781 dissatis.
