4100 6362
369 319 476 378 385

370 434 505 503 τέρα
526 432 633 488 τῶν
658 435 877 506 ἀγαθῶν
901 440 1000 513 τῆν
1018 442 1538 513 ταπεινοφροσύνην,
1561 441 1629 511 ἢν
1653 441 1748 493 καὶ
1769 440 1944 511 ἀρχὴν

372 458 505 503 τερα
526 458 633 488 των
658 458 877 506 αγαυων
970 459 1000 494 ν
1018 458 1538 513 ταπεινοφροσυνην,
1561 458 1629 511 ην
1653 458 1748 493 και
1769 458 1944 511 αρχην

372 516 467 569 καὶ
492 516 643 582 τέλος
693 458 1065 590 ἔφησενᾜναι
1096 529 1195 596 τῆς
1223 525 1442 595 ἀρετῆς.
1495 526 1609 594 Ούχ
1651 523 1838 586 ἁπλῶς
1886 521 1944 574 δὲ

370 599 692 682 πρόσκειται
722 616 749 644 ι
786 604 865 667 16,
908 607 1042 665 Ἀπὸ
1079 608 1225 662 Θεοῦ
1264 598 1482 675 ἐξῆλθε
1513 606 1612 660 καὶ
1651 605 1801 673 πρὸς
1832 604 1938 657 τὸν
1986 668 1996 682 ,

372 685 523 737 Θεὸν
545 680 788 757 ὑπάγειο
810 690 923 743 ἀλλ’
955 692 1040 744 ἵνα
1075 693 1334 762 μάθωμεν
1365 692 1447 743 ὅτι
1477 690 1602 756 ἄξια
1645 689 1816 743 ἐποίει
1845 684 1939 741 τοῦ

371 766 581 822 ἐκεῖθεν
605 769 847 835 ἐλθόντος
873 776 966 826 καὶ
998 776 1115 828 ἐκεῖ
1142 774 1416 838 ἀπιόντος,
1447 774 1659 827 ἅπαντα
1687 789 1939 826 καταπα-

371 932 445 986 td
464 932 680 1002 ἱμάτια.

444 1015 511 1085 β’.
538 1017 676 1088 Ὅρα
706 1019 821 1083 πῶς
852 1022 913 1074 οὐ
934 1022 1012 1092 τῷ
1044 1022 1196 1092 νίψαι
1228 1023 1408 1094 μόνον,
1455 1022 1590 1077 ἀλλά
1615 1024 1709 1076 καὶ
1742 1021 1942 1093 ἐτέρως

371 1094 436 1152 16
460 1102 714 1155 ταπεινὸν
744 1105 1098 1160 ἐνδείκνυται.
1126 1108 1201 1160 Ού
1240 1107 1349 1181 γάρ
1384 1107 1513 1178 πρὶν
1544 1106 1578 1177 ἢ
1616 1105 1945 1174 κατακλιθῆ-

372 1196 482 1246 ναι,
514 1185 650 1239 ἀλλά
690 1188 831 1255 μετά
856 1187 917 1240 τὸ
964 1189 1256 1244 ἀναπεσεῖν
1310 1192 1538 1255 πάντας,
1572 1191 1692 1244 τότε
1722 1189 1939 1258 ἀνέστη.

378 1266 607 1320 Ἔπειτα
635 1269 755 1323 οὐδὲ
785 1270 970 1335 ἀπλῶς
1000 1274 1197 1336 νίπτει,
1228 1273 1367 1327 ἀλλά
1393 1274 1462 1327 τὰ
1488 1274 1679 1344 ἱμάτια
1702 1271 1946 1325 ἀποτιθέ-

377 1363 555 1415 μενος.
582 1350 690 1403 Kal
716 1352 837 1406 οὐδὲ
873 1354 1037 1426 μέχρι
1051 1355 1256 1410 τούτων
1289 1356 1442 1426 ἔστη,
1462 1355 1598 1409 ἀλλὰ
1618 1355 1714 1409 καὶ
1740 1354 1944 1406 λέντιον

372 1429 686 1493 διεζώσατο.
722 1436 831 1489 Kal
854 1438 975 1490 οὐδὲ
1006 1438 1179 1510 τούτῳ
1204 1438 1470 1510 ἠρκέσθη,
1503 1438 1639 1492 ἀλλά
1663 1439 1758 1492 καὶ
1785 1435 1946 1498 αὐτὸς

375 1512 619 1582 ἐγέμισε,
654 1518 749 1570 καὶ
775 1520 873 1590 οὐχ
902 1521 1075 1593 ἑτέρῳ
1104 1522 1386 1593 πληρῶσαι
1415 1523 1443 1563 ιι
1468 1521 1774 1585 ἐκέλευσεν,
1809 1518 1946 1574 ἀλλά

376 1594 554 1649 πάντα
593 1599 755 1664 αὐτὸς
804 1604 1093 1671 ἐργάζεται
1137 1604 1330 1668 ταῦτα,
1361 1605 1449 1659 διὰ
1493 1606 1710 1661 πάντων
1735 1603 1948 1666 δεικνὺς

376 1676 457 1730 ὅτι
488 1679 589 1733 οὐκ
641 1682 1064 1756 ἀφοσιουμένους
1102 1687 1185 1739 δεῖ
1220 1690 1391 1741 ποιεῖν
1428 1688 1497 1741 τά
1542 1686 1786 1749 τοιαῦτα,
1820 1687 1948 1739 ὅταν

377 1756 437 1814 εὖ
464 1761 724 1834 ποιῶμεν,
754 1766 888 1821 άλλά
915 1769 1051 1839 μετά
1078 1770 1259 1841 πάσης
1308 1770 1635 1843 προθυμίας.
1684 1769 1841 1841 Ἐμοὶ
1892 1768 1949 1821 δὲ

375 1843 523 1898 δοκεῖ
545 1845 639 1899 τοῦ
660 1850 916 1919 προδότου
946 1850 1161 1921 πρώτου
1194 1850 1345 1920 νίψαι
1387 1853 1514 1915 τοὺς
1552 1853 1739 1916 πόδας,
1765 1855 1831 1906 ἐκ
1854 1848 1947 1903 τοῦ

377 1932 569 1997 εἰπεῖν,
593 1933 850 2003 Ἤρξατο
871 1937 1104 1990 νίπτειν
1129 1936 1272 2002 τοὺς
1291 1936 1481 2003 πόδας
1502 1938 1623 1990 τῶν
1643 1935 1943 2005 μαθητῶν.

378 2012 472 2065 καὶ
495 2015 813 2083 ἐπαγαγεῖν,
850 2017 1123 2087 Ἔρχεται
1146 2019 1295 2086 πρὸς
1315 2019 1550 2087 Σίμωνα
1584 2019 1829 2087 Πέτρον,
1847 2016 1949 2071 καὶ

376 2094 536 2164 λέγει
568 2097 726 2163 αὐτῷ
750 2100 1005 2167 ἐκεῖνος’
1033 2103 1115 2156 Σύ
1136 2120 1256 2171 μου
1286 2103 1517 2168 νίπτεις
1544 2101 1686 2169 τοὺς
1713 2101 1944 2168 πόδας;

378 2178 510 2241 Ταῖς
537 2182 692 2250 χερσὶ
710 2182 954 2247 ταύταις,
985 2185 1167 2255 φησὶν,
1215 2179 1303 2248 αἷς
1334 2184 1645 2257 ὀφθαλμοὺς
1681 2184 1943 2256 ἀνέῳξας,

378 2263 471 2314 καὶ
494 2262 725 2333 λεπροὺς
754 2265 1049 2338 ἐκάθηρας,
1077 2269 1171 2322 καὶ
1190 2271 1415 2340 νεκροὺς
1441 2270 1775 2340 ἀνέστησαςς
1814 2268 1949 2322 Πολ-

377 2345 472 2417 λὴν
493 2347 600 2418 γάρ
624 2348 858 2418 ἔμφασιν
885 2351 978 2403 καὶ
1005 2351 1166 2405 τοῦτο
1186 2352 1300 2423 ἔχει
1320 2367 1333 2381 '
1363 2353 1552 2424 διόπερ
1579 2354 1700 2407 ούδέ
1728 2353 1948 2421 ἐδέησεν

377 2429 526 2499 αὐτῷ
558 2447 609 2483 τι
646 2431 801 2485 πλέον
829 2434 1023 2497 εἰπεῖν,
1053 2435 1085 2504 ἢ
1118 2436 1176 2488 16
1200 2437 1305 2490 Σύ.
1346 2437 1456 2490 Kal
1504 2439 1612 2508 γάρ
1635 2436 1755 2489 καθ’
1786 2434 1948 2489 ἑαυτὸ

381 2513 565 2567 ἱκανὸν
600 2510 667 2586 ἦν
719 2517 781 2569 16
828 2520 935 2571 πᾶν
971 2519 1325 2586 ἐνδείξασθαι.
1356 2520 1618 2590 Ζητήσειε
1657 2519 1700 2572 δ’
1751 2519 1817 2574 ἄν
1862 2535 1947 2582 τις

378 2598 621 2664 είκότως,
646 2598 762 2664 πῶς
783 2601 957 2664 οὐδεὶς
980 2601 1142 2654 αὐτὸν
1168 2602 1277 2654 τῶν
1302 2601 1477 2656 ἄλλων
1501 2601 1791 2668 ἐκώλυσεν,
1813 2602 1950 2656 ἀλλά

378 2680 582 2751 Πέτρος
613 2681 792 2751 μόνος,
829 2681 981 2755 [415]
1005 2684 1140 2755 ὅπερ
1165 2684 1225 2738 ού
1254 2684 1449 2755 μικροῦ
1484 2684 1708 2756 φίλτρου
1734 2686 1830 2738 καὶ
1863 2689 1947 2739 αἰ-

376 2761 501 2826 δοῦς
534 2759 623 2835 ἦν.
655 2764 753 2829 Τίς
785 2761 877 2819 οὖν
915 2767 1062 2820 ἐστιν
1090 2769 1122 2838 ή
1152 2768 1336 2832 αἰτίας
1381 2768 1536 2839 Ἐμοὶ
1566 2768 1713 2821 δοκεῖ
1757 2767 1950 2838 πρότε-

378 2862 471 2916 ρον
495 2846 584 2900 τὸν
615 2848 879 2919 προδότην
893 2848 1062 2918 νίψαι,
1086 2845 1206 2903 εἶτα
1232 2851 1369 2915 πρὸς
1394 2851 1486 2904 τὸν
1518 2850 1722 2923 Πέτρον
1751 2849 1946 2912 ἐλθεῖν,

378 2928 472 2980 καὶ
502 2930 627 2994 τοὺς
673 2928 865 2994 ἀλλους
915 2932 1008 2984 ἀπ’
1037 2932 1247 2986 ἐκείνου
1293 2944 1316 2972 ο
1346 2932 1700 3003 παιδευθῆναι
1741 2930 1946 2985 λοιπόν.

380 3010 501 3063 Ὅτι
536 3011 635 3080 μὲν
685 3008 779 3065 οὖν
808 3013 966 3067 ἄλλον
993 3014 1115 3067 τινὰ
1142 3016 1247 3086 πρὸ
1276 3014 1463 3069 ἀὐτοῦ
1491 3015 1664 3085 ἐνιψε,
1707 3014 1862 3087 δῆλον
1884 3017 1951 3068 ὲκ

377 3095 473 3148 τοῦ
499 3097 695 3151 εἰπεῖν.
726 3097 856 3150 Ὅτε
885 3098 941 3150 δὲ
972 3094 1104 3168 ἦλθε
1134 3099 1270 3166 πρὸς
1283 3100 1506 3172 Πέτρον.
1538 3099 1677 3153 Ἀλλ’
1704 3100 1803 3153 οὐκ
1835 3098 1949 3153 ἔστι

380 3180 608 3250 σφοδρὸς
626 3183 928 3254 κατήγορος
946 3185 974 3236 6
987 3185 1397 3255 εὐαγγελιστής·
1427 3184 1490 3237 16
1514 3183 1645 3255 γάρ,
1668 3185 1946 3251 ΙἨρξατο,

377 3263 535 3319 τοῦτό
564 3264 713 3316 ἐστιν
730 3266 1125 3337 αίνιττομένου.
1157 3269 1218 3320 El
1241 3268 1296 3320 δὲ
1328 3269 1421 3320 καὶ
1444 3268 1474 3319 6
1503 3267 1707 3337 Πέτρος
1732 3265 1949 3337 πρῶτος

377 3343 467 3419 ἦν,
494 3349 607 3404 ἀλλ’
633 3350 779 3415 εἰκὸς
803 3350 894 3403 τὸν
919 3352 1182 3424 προδότην
1207 3351 1395 3422 ἰταμὸν
1420 3351 1565 3418 ὄντα,
1600 3353 1697 3406 καὶ
1728 3351 1833 3421 πρὸ
1853 3349 1949 3405 τοῦ

380 3434 677 3506 κορυφαίου
716 3434 1127 3505 κατακλιθῆναι.
1170 3435 1280 3489 Kal
1323 3434 1431 3507 γὰρ
1462 3436 1556 3489 καὶ
1587 3434 1853 3506 ἑτέρωθεν
1886 3434 1951 3489 16

383 3518 575 3588 ἰταμὸν
598 3516 764 3573 αὐτοῦ
794 3518 1089 3582 δείκνυται,
1112 3520 1238 3573 ὅταν
1279 3518 1458 3590 βάπτῃ
1495 3518 1632 3589 μετά
1667 3517 1762 3571 τοῦ
1796 3518 1949 3572 Διδα-

383 3601 603 3666 σκάλου,
660 3602 754 3654 καὶ
808 3603 937 3655 ὅταν
990 3602 1345 3671 ἐλεγχόμενος
1402 3601 1477 3672 μὴ
1522 3600 1946 3671 κατανύσσηται.

393 3680 530 3735 Ἀλλ’
563 3685 593 3737 6
620 3684 719 3752 μὶν
746 3683 951 3757 Πέτρος
975 3684 1121 3750 ἅπαξ
1148 3683 1489 3754 ἐπιτιμηθεὶς
1522 3684 1582 3736 ἐν
1610 3686 1722 3747 τοῖς
1747 3682 1952 3753 ἐμπρο-

382 3764 528 3829 σθεν,
561 3766 656 3818 καὶ
678 3765 852 3820 ταῦτα
880 3766 988 3819 ἀπὸ
1015 3767 1396 3837 φιλοστοργίας
1418 3767 1488 3820 τά
1512 3768 1728 3838 ῥήματα
1756 3766 1949 3831 εἰπὼν,

381 3848 522 3903 οὕτω
551 3849 871 3919 συνεστάλη,
902 3849 977 3914 ὠς
1000 3850 1095 3903 καὶ
1119 3850 1366 3916 ἀγωνιῶν
1394 3850 1488 3904 καὶ⁸
1521 3849 1736 3920 τρέμων
1760 3849 1950 3921 ἑτέρου

379 3932 633 4006 δεηθῆναι
668 3933 803 4006 πρὸς
828 3931 928 4004 τὴν
956 3931 1220 4005 ἐρώτησιν
1239 3948 1253 3964 ο
1285 3928 1437 3995 οὗτος
1454 3933 1511 3987 δὲ
1534 3933 1774 4004 συνεχῶς
1798 3933 1951 4000 ὲλεγ-

384 4017 610 4088 χόμενος
628 4015 730 4071 οὐκ
764 4017 1046 4088 ᾐσθάνετο.
1079 4018 1208 4070 Ὀτε
1239 4015 1369 4083 γοῦν
1389 4012 1521 4086 ἦλθε
1551 4016 1688 4086 πρὸς
1723 4016 1816 4069 τὸν
1848 4017 1952 4069 Πέ-

382 4116 530 4171 τρον,
559 4100 731 4168 Λέγει
760 4099 922 4166 αὐτῷ
952 4100 1208 4166 ἐκεῖνος’
1238 4102 1433 4169 Κύριε,
1462 4102 1543 4154 σύ
1575 4117 1695 4170 μου
1721 4100 1952 4166 νίπτεις

383 4185 523 4252 τοὺς
541 4185 732 4252 πόδας
752 4198 769 4250 ς
788 4185 951 4253 Λέγει
977 4184 1125 4254 αὐτῷ
1145 4203 1158 4216 ·
1178 4186 1239 4237 ’Ὀ
1259 4184 1374 4254 ἐγὼ
1392 4184 1538 4238 ποιῶ
1558 4184 1641 4239 σὺ
1659 4186 1771 4239 οὐκ
1786 4180 1952 4251 οἶδας

383 4269 532 4337 ἄρτι,
566 4266 768 4338 γνώσῃ
797 4266 867 4320 δέ
888 4266 1039 4336 μετὰ
1074 4266 1258 4320 ταῦτα
1279 4281 1295 4298 °
1341 4266 1582 4320 τουτέστι
1605 4307 1622 4333 ,
1654 4267 1717 4320 τὸ
1762 4267 1952 4337 κέρδος

380 4350 505 4404 ὅσον
525 4350 588 4403 16
619 4350 684 4403 ἐκ
708 4350 919 4411 τούτου,
940 4349 1037 4421 τὴν
1061 4349 1327 4418 ὠφέλειαν
1350 4349 1449 4418 τῆς
1475 4349 1839 4420 διδασκαλίας,
1856 4348 1951 4402 καὶ

382 4433 500 4497 πῶς
519 4433 701 4486 ἱκανὸν
720 4435 800 4496 είς
820 4434 1000 4486 πᾶσαν
1018 4432 1243 4501 ἀγαγεῖν
1267 4430 1762 4503 ταπεινοφροσύνην
1780 4432 1949 4501 ἡμᾶς.

380 4516 447 4570 Τί
471 4511 565 4571 οὖν
591 4519 620 4570 6
652 4517 889 4585 Πέτρος;
925 4516 1045 4570 Ἔτι
1066 4515 1283 4578 κωλύει,
1307 4516 1400 4570 καὶ
1426 4514 1573 4584 λέγει
1591 4530 1606 4545 ·
1639 4517 1721 4569 οὐ
1737 4514 1824 4583 μὴ
1857 4516 1950 4567 νί-

380 4603 505 4668 ψῃς
535 4600 676 4667 τοὺς
703 4600 894 4665 πόδας
922 4617 1042 4669 μου
1081 4604 1169 4665 εὶς
1195 4600 1303 4653 τὸν
1341 4599 1546 4653 αὶῶνα.
1589 4596 1656 4653 Τί
1685 4600 1876 4665 ποιεῖς,
1905 4595 1952 4653 ῶ

381 4682 555 4753 Πέτρε
581 4700 595 4748 ;
622 4684 682 4736 ού
718 4682 990 4753 μέμνησαι
1040 4681 1149 4735 τῶν
1192 4682 1472 4753 προτέρων
1518 4682 1816 4753 ρημάτων;
1848 4683 1953 4735 οὐκ

379 4756 562 4831 εἶπας,
591 4767 799 4831 Ἵλεώς
817 4782 934 4830 σοι,
952 4766 1045 4820 καὶ
1067 4766 1326 4837 ἧκουσας,
1350 4766 1565 4834 Ὕπαγε
1592 4766 1784 4821 ὀπίσω
1805 4783 1947 4835 μου,

378 4849 615 4907 daturi
631 4867 646 4883 ·
687 4851 780 4904 καὶ
805 4852 923 4904 οὐδὲ
954 4849 1097 4904 οῦτω
1124 4848 1451 4924 σωφρονίζῃ,
1473 4849 1586 4903 ἀλλ’
1616 4850 1695 4902 ἔτι
1722 4849 1950 4922 σφοδρὸς

379 4932 463 5001 εἷς
494 4934 622 5001 Ναὶ,
651 4934 818 5005 φησί·
851 4934 984 4987 πολὺ
1001 4934 1110 5004 γάρ
1126 4934 1187 4986 16
1214 4934 1495 5003 γινόμενον
1521 4933 1612 4986 καὶ
1634 4932 1950 5004 ἐκπλήξεως

378 5018 570 5089 γέμον.
623 5016 777 5071 Ἐπεὶ
808 5012 902 5070 σῦν
936 5017 1044 5070 ἀπὸ
1076 5016 1278 5085 πολλῆς
1307 5014 1528 5085 ἀγάπης
1556 5014 1716 5068 τοῦτο
1747 5014 1950 5085 ἐπρατ-

376 5118 469 5156 τεν
503 5103 744 5165 ἐκεῖνος,
800 5101 907 5154 ἀπὸ
934 5103 1032 5171 τῆς
1055 5101 1225 5170 αὐτῆς
1266 5099 1427 5152 αὐτὸν
1463 5099 1737 5170 χειροῦται
1788 5098 1949 5153 πάλιν

377 5186 473 5238 καὶ
493 5186 523 5238 6
547 5184 800 5251 Χριστὸς,
833 5183 1020 5255 ὥσπερ
1049 5179 1143 5238 οὖν
1170 5183 1266 5237 καὶ
1290 5184 1408 5237 ἐκεῖ
1435 5183 1677 5255 σφοδρῶς
1694 5183 1950 5253 ἐπιτιμή-

378 5280 480 5329 σας
505 5267 599 5320 καὶ
619 5267 809 5331 εἰπὼν,
831 5266 1183 5321 Σκάνδαλόν
1201 5284 1301 5336 μοι
1316 5262 1400 5321 εἷ’
1431 5266 1573 5319 οῦτω
1600 5267 1693 5320 καὶ
1714 5264 1944 5321 ἐνταῦθα

375 5350 569 5420 λέγων,
613 5350 748 5404 Ἐὰν
785 5351 870 5420 μὴ
910 5354 1067 5421 νίψω
1116 5367 1212 5415 σε,
1264 5353 1376 5406 οὐκ
1403 5351 1563 5421 ἔχεις
1603 5351 1783 5420 μέρος
1814 5350 1944 5422 μετ’

374 5434 544 5503 ἐμοῦ.
572 5434 637 5485 Τί
666 5431 759 5487 οὖν
784 5435 813 5486 6
843 5434 1040 5505 θερμὸς
1067 5435 1163 5488 καὶ
1189 5435 1447 5505 διακαής;
1478 5436 1673 5502 Κύριε,
1692 5434 1777 5503 μὴ
1804 5436 1946 5501 τοὺς

376 5515 569 5581 πόδας
586 5534 705 5584 μου
722 5518 929 5585 μόνον,
964 5517 1125 5571 ἀλλὰ
1166 5518 1265 5571 καὶ
1313 5518 1421 5583 τὰς
1450 5517 1652 5587 χεῖρας
1681 5516 1781 5571 καὶ
1833 5516 1947 5585 τὴν

376 5599 670 5667 κεφαλήν.
700 5600 811 5653 Kal
833 5601 891 5653 ἐν
918 5602 983 5671 τῇ
1012 5601 1337 5672 παραιτήσει
1385 5601 1640 5672 σφοδρὸς,
1672 5602 1766 5653 καὶ
1790 5601 1849 5654 ἐν
1880 5603 1944 5671 τῇ

377 5682 722 5752 συγχωρήσει
745 5682 1092 5752 σφοδρότερος
1118 5683 1351 5751 γίνεται·
1384 5685 1614 5754 ἑκάτερα
1635 5682 1691 5736 δέ
1722 5683 1782 5748 ἐξ
1809 5683 1945 5751 ἁγά-

375 5781 507 5831 πης.
532 5763 685 5817 Διατί
713 5765 823 5836 γάρ
859 5766 958 5818 οὐκ
990 5763 1133 5829 εἷπε,
1163 5766 1306 5830 τίνος
1335 5768 1520 5820 ένεκεν
1550 5768 1722 5821 ἐποίει
1751 5767 1940 5820 τοῦτο·

440 5849 470 5912 ‘_
493 5844 727 5912 Nonnulli
750 5849 930 5912 ἀρετῆς.
951 5848 1007 5912 Τί
1028 5849 1110 5897 οὖν
1128 5848 1419 5912 πρόσκειται.
1446 5851 1595 5898 Paulo
1614 5857 1723 5912 post
1752 5850 1946 5912 quidam

377 5907 567 5981 ῦπάγει,
587 5907 829 5980 τουτέστιν
850 5908 955 5964 ἄξιοι
977 5910 1138 5967 ἐποίει.
1169 5907 1177 5911 ”
1204 5910 1232 5947 ¹⁹
1259 5913 1355 5962 Alii
1378 5907 1630 5974 ἐμπλῆσαᾷ
1702 5915 1723 5943 ο
1752 5907 1846 5963 Alii
1867 5912 1946 5959 ὑπ’

380 5984 578 6016 ςκεινου.

1394 328 1457 384 ΙΝ
1499 325 1818 384 JOANNEM
1850 321 2086 379 liOMlL.
2128 326 2287 381 LXX;
2317 329 2384 382 al.
2425 328 2606 385 LXIX.

3511 330 3619 385 386

2050 437 2165 491 ἀλλ’
2195 441 2422 511 ἀπειλὴν
2470 442 2776 503 ἐνέθεικεν;
2834 443 2954 495 Ὅτι
3004 443 3209 505 ἐκεῖνος
3255 439 3354 511 μὲν
3403 438 3505 494 οὒκ
3553 444 3620 496 ἂν

2048 523 2297 593 ἐπείσθη.
2326 525 2387 577 El
2413 524 2522 595 γάρ
2544 520 2714 590 εἶπεν,
2743 526 2963 588 Ἔασον,
2993 513 3082 579 διὰ
3102 518 3210 595 γάρ
3228 513 3420 577 τούτου
3452 519 3624 578 πείθω

2050 606 2194 675 ὑμᾶς
2237 611 2707 678 ταπεινοφρονεῖν,
2743 608 3008 678 ὑπέσχετο
3034 608 3101 661 ἂν
3139 610 3400 680 μυριάκις
3440 608 3620 672 τοῦτο,

2051 689 2188 761 ὑπὲρ
2222 690 2315 742 τοῦ
2348 691 2423 761 μὴ
2449 692 2538 743 16v
2566 692 2842 761 Δεσπότην
2870 691 3025 744 τοῦτο
3058 692 3303 761 ποιῆσαι.
3346 690 3459 745 Νῦν
3482 692 3540 744 δὲ
3569 692 3624 745 τί

1989 820 2005 848 ._
2048 790 2248 842 φησιν;
2300 776 2365 828 Ὃ
2410 774 2644 845 μάλιστα
2692 775 2944 828 ἐδεδοίκει
2972 775 3302 846 καὶέτρεμε,
3330 774 3391 828 16
3418 776 3626 845 διασχι-

371 849 481 903 τῶν
500 851 686 922 τῦφον.
715 854 823 908 Kal
838 856 1104 924 ἀναστὰς
1124 859 1243 914 ἀπὸ
1268 857 1373 912 τοῦ
1397 857 1666 922 δείπνου,
1696 856 1794 909 καὶ
1820 855 1943 921 θεὶς

2051 858 2240 927 σθῆναι
2268 858 2452 912 αὐτοῦ.
2479 859 2653 923 Αύτδς
2680 859 2789 929 γάρ
2817 859 2963 911 ἐστιν
3008 860 3037 911 6
3090 860 3327 929 συνεχῶς
3360 860 3579 930 ἐρωτῶν
3602 899 3623 927 ,

1982 944 2014 992 .'.
2043 938 2171 995 Ποῦ
2195 940 2479 1010 ὑπάγεις;
2512 943 2709 1014 Διόπερ
2737 943 2831 996 καὶ
2856 942 3038 1011 ἔλεγεν
3055 985 3070 1007 ,
3097 944 3177 997 ὅτι
3221 943 3329 997 Kal
3355 944 3469 1012 τὴν
3503 947 3623 1012 ψυ-

2045 1024 2187 1091 χὴν,
2232 1026 2404 1094 φησὶ,
2438 1024 2610 1078 δώσω
2633 1024 2659 1064 ἀ
2682 1028 2837 1094 ὑπὲρ
2864 1025 2999 1080 σοῦ.
3034 1027 3096 1079 El
3116 1027 3225 1097 γὰρ
3258 1025 3515 1090 ἀκούσας,
3540 1027 3623 1079 ὃτι

2048 1111 2170 1161 Οὐκ
2201 1102 2369 1173 οἶδας
2390 1106 2421 1160 ὃ
2449 1107 2594 1161 ποιῶ
2612 1107 2746 1177 ἐγὼ,
2770 1108 2973 1177 γνώσῃ
3006 1108 3074 1161 δὲ
3092 1109 3243 1178 μετὰ
3272 1110 3476 1172 ταῦτα,
3505 1100 3624 1163 οὐδὲ

2044 1179 2218 1254 οὕτως
2270 1189 2480 1262 ἀπέστη
2506 1233 2521 1256 ,
2562 1190 2741 1260 πολλῷ
2776 1191 2993 1262 μᾶλλον,
3046 1193 3093 1245 εἰ
3141 1191 3332 1263 ἔμαθε.
3364 1193 3463 1247 Διά
3513 1192 3623 1263 γάρ

2045 1272 2203 1326 τοῦτο
2229 1269 2351 1327 εἶπε
2374 1313 2389 1338 ,
2417 1273 2634 1342 Γνώσῃ
2665 1274 2735 1327 δὲ
2764 1275 2916 1342 μετά
2954 1274 3142 1328 ταῦτα
3162 1313 3178 1338 ,
3206 1270 3392 1340 εἰδὼς,
3422 1276 3502 1328 ὅτι
3528 1270 3625 1327 ἐάν

2045 1357 2141 1410 νῦν
2184 1357 2353 1429 μάθῃ,
2390 1356 2755 1412 ὰντικείσεται
2788 1356 2891 1410 ἐτι.
2948 1358 3057 1411 Kal
3088 1358 3188 1411 οὐκ
3218 1354 3369 1423 εἷπε,
3406 1358 3625 1424 Δίδαξω

2045 1437 2138 1495 οὖν
2193 1458 2261 1512 με
2283 1481 2296 1503 ,
2333 1441 2420 1496 ἵνα
2454 1441 2610 1510 ἀφῶ·
2666 1440 2783 1494 ἀλλ’
2813 1441 2842 1494 ὃ
2889 1440 3068 1511 πολλῷ
3124 1441 3477 1512 σφοδρότερον
3516 1437 3623 1512 ἦν,

2045 1525 2166 1578 οὐδὲ
2195 1524 2387 1593 μαθεῖν
2409 1526 2666 1594 ἠνέσχετο
2687 1564 2704 1591 ,
2736 1522 2849 1577 ἀλλ’
2880 1524 3152 1578 ἐνίσταται
3186 1523 3367 1585 πάλιν,
3400 1523 3576 1590 λέγων
3605 1539 3622 1552 ο

2042 1609 2124 1661 Οὐ
2155 1606 2242 1676 μὴ
2290 1608 2478 1676 νίψῃς
2513 1624 2633 1677 μου
2690 1607 2835 1673 τοὺς
2889 1607 3099 1673 πόδας.
3144 1606 3361 1676 Ἐπειδὴ
3385 1605 3441 1658 δὲ
3461 1606 3626 1676 ἠπεί-

2034 1690 2252 1760 ιλησεν,
2311 1690 2515 1753 εὐθέως
2580 1689 2812 1759 ἐχάλασε
2862 1688 2955 1742 τὸν
3011 1688 3184 1742 τόνον.
3238 1688 3305 1741 Τί
3359 1687 3510 1759 [416]
3566 1686 3626 1741 δέ

2050 1776 2196 1834 ἐστι,
2245 1774 2465 1840 Γνώσῃ
2518 1773 2670 1843 μετὰ
2719 1771 2938 1835 ταῦτα;
2984 1770 3138 1825 Μετά
3186 1771 3359 1825 ταῦτα
3383 1811 3400 1837 ,
3451 1772 3623 1836 πότε;

2049 1852 2216 1907 Ὅταν
2255 1854 2333 1925 τῷ
2382 1854 2501 1925 ἐμῷ
2547 1854 2771 1925 ὀνόματι
2800 1853 3054 1924 δαιμόνια
3097 1854 3369 1927 ἐκϐάλῃς,
3421 1854 3622 1923 φησίν·

2047 1936 2173 1990 ὃταν
2204 1936 2319 2010 ἴδῃς
2346 1939 2426 2000 εἰς
2456 1937 2582 2000 τοὺς
2609 1937 2871 2009 οὐρανοὺς
2894 1937 3407 2007 ἀναλαμϐανόμενον
3425 1952 3440 1966 ·
3494 1936 3627 1989 ὅταν

2048 2020 2198 2091 παρά
2243 2019 2335 2071 τοῦ
2382 2019 2695 2090 Πνεύματος
2732 2019 2945 2090 μάθῃς.
2987 2020 3069 2072 ὅτι
3123 2021 3187 2072 ἐκ
3230 2018 3420 2083 δεξιῶν
3454 2017 3629 2086 κάθη-

2050 2122 2149 2174 μαι
2171 2115 2195 2143 θ
2218 2145 2232 2169 ,
2256 2104 2377 2157 τότε
2405 2105 2524 2175 εἴσῃ
2551 2104 2613 2157 16
2638 2105 2732 2158 νῦν
2756 2104 3059 2175 γινόμενον.
3082 2104 3147 2156 Τί
3174 2098 3267 2157 οὖν
3293 2106 3321 2156 6
3356 2101 3624 2173 Χριστός;

2060 2186 2275 2258 Ἐπειδὴ
2296 2186 2448 2241 εἶπεν
2474 2190 2503 2240 6
2522 2188 2747 2258 Πέτρος.
2772 2188 2866 2256 Μὴ
2893 2187 3033 2253 τοὺς
3058 2187 3247 2252 πόδας
3269 2203 3387 2255 μου
3406 2187 3627 2253 μόνον,

2046 2272 2205 2328 ἀλλὰ
2234 2272 2332 2326 καὶ
2356 2273 2461 2337 τὰς
2493 2270 2696 2339 χεῖρας
2720 2272 2816 2323 καὶ
2852 2270 2967 2338 τὴν
2997 2270 3293 2339 κεφαλὴν,
3332 2270 3383 2321 Ὀ
3415 2272 3627 2322 λελουο

2042 2355 2248 2425 μένος,
2293 2353 2479 2425 φησὶν,
2512 2356 2584 2407 οὐ
2636 2354 2843 2423 χρείαν
2877 2355 3001 2422 ἔχει
3042 2348 3092 2406 εί
3122 2352 3208 2421 μὴ
3251 2351 3394 2417 τοὺς
3431 2350 3626 2415 πόδας

2048 2439 2339 2508 νίψασθαι
2381 2437 2595 2506 μόνον,
2639 2439 2775 2491 ἀλλ’
2819 2438 2949 2491 ἐστι
3000 2435 3259 2503 καθαρὸς
3303 2435 3466 2500 ὅλος.
3513 2434 3627 2489 Kal

2048 2521 2211 2591 ὑμεῖς
2244 2523 2490 2589 καθαροί
2526 2522 2685 2585 ἐστε,
2712 2520 2849 2573 ἀλλ’
2877 2519 3011 2588 οὐχὶ
3047 2518 3288 2583 πάντες.
3316 2517 3480 2587 ’ῌδει
3513 2516 3627 2584 γὰρ

2012 2645 2020 2671 ,
2047 2608 2154 2657 τὸν
2183 2602 2583 2672 παραδιδόντα
2610 2603 2813 2656 αὐτόν.
2841 2602 2950 2654 Kal
2974 2603 3022 2654 εί
3059 2599 3289 2671 καθαροί
3322 2602 3448 2662 εἰσι,
3478 2599 3626 2661 τίνος

2046 2689 2231 2741 ἕνεκεν
2267 2687 2476 2749 νίπτεις
2498 2687 2624 2748 τοὺς
2654 2686 2848 2751 πόδας;
2874 2686 3039 2738 Ὥστε
3070 2686 3219 2757 ἡμᾶς
3248 2682 3268 2722 ί
3311 2683 3627 2754 μετριάζειν

2050 2769 2262 2839 μαθεῖν.
2291 2768 2390 2822 Διά
2420 2768 2579 2822 τοῦτο
2618 2770 2719 2822 οὐκ
2749 2770 2834 2838 ἐφ’
2867 2769 3054 2840 ἕτερον
3087 2768 3252 2840 μέρος
3293 2763 3477 2837 ἦλθεν,
3507 2765 3625 2820 ἀλλ’

2045 2854 2075 2906 δ
2104 2854 2211 2907 τῶν
2243 2853 2422 2909 ἄλλων
2460 2854 2782 2926 ἀτιμότερον
2813 2849 2952 2908 εἶναι
2983 2854 3147 2907 δοκεῖ.
3176 2851 3240 2905 Τί
3268 2851 3327 2905 δέ
3365 2853 3534 2913 ἐστιν,
3569 2851 3625 2902 '0

2044 2937 2440 3006 λελουμένος;
2468 2938 2612 2990 Ἀντῖ
2634 2937 2753 2998 τοῦι
2788 2937 2845 2990 ’0
2886 2936 3149 3007 καθαρός.
3189 2931 3318 3005 'Ap‘
3352 2930 3447 2989 οὖν
3470 2935 3627 2988 αὐτοὶ

2048 3020 2276 3092 καθαροὶ
2295 3016 2437 3091 ἦσαν
2454 3037 2468 3083 ;
2485 3020 2614 3088 οἶγε
2643 3020 2855 3075 οὐδέπω
2876 3022 2901 3060 ε
2922 3019 3029 3074 τῶν
3049 3018 3461 3091 ἁμαρτημάτων
3485 3014 3627 3087 ἦσαν

2047 3103 2475 3174 ἀπηλλαγμένοι,
2518 3106 2635 3158 οὐδὲ
2684 3104 2998 3174 Πνεύματος
3033 3103 3349 3174 ἠξιωμένοι.
3380 3103 3475 3157 ἆτε
3522 3100 3625 3170 τῆς

2048 3188 2320 3260 ἁμαρτίας
2342 3188 2423 3241 έτι
2452 3187 2782 3258 κρατούσης,
2810 3189 2908 3258 τῆς
2933 3189 3179 3255 κατάρας
3208 3186 3303 3239 τοῦ
3334 3186 3628 3257 χειρογρά-

2049 3288 2150 3342 φου
2199 3271 2472 3342 μένοντος,
2515 3271 2611 3324 τοῦ
2647 3272 2845 3341 ἱερείου
2878 3269 3091 3323 οὐδέπω
3136 3267 3625 3341 προσενεχθέντος;

2048 3353 2167 3418 πῶς
2200 3350 2294 3408 οὖν
2333 3354 2531 3417 αὐτοὺς
2572 3354 2840 3423 καθαροὺς
2878 3350 3018 3406 εἶναι
3052 3352 3231 3418 λέγεις
3266 3351 3404 3403 Ἀλλ’
3430 3351 3517 3403 ἵνα
3550 3350 3628 3420 μὴ

2047 3436 2328 3495 διά,ταῦτα
2350 3437 2577 3509 νομίσῃς
2604 3439 2797 3500 αὐτοὺς
2820 3435 3092 3507 καθαροὺς
3117 3435 3193 3498 ώς
3215 3434 3627 3505 ἁμαρτημάτων

2048 3522 2532 3592 ἀπηλλαγμένους,
2590 3523 2866 3591 ἐπήγαγεν
2890 3536 2905 3549 ·
2952 3519 3096 3587 Ἤδη
3148 3518 3318 3587 ὑμεῖς
3378 3515 3629 3585 καθαροί

2048 3604 2188 3658 ἐστε
2225 3605 2323 3657 διὰ
2361 3604 2466 3658 τὸν
2501 3605 2688 3673 λόγον
2715 3602 2788 3655 ὃν
2822 3601 3101 3668 ἐλάλησα
3140 3598 3310 3670 ὑμῖν·
3343 3599 3624 3663 τουτέστι,

2051 3687 2233 3757 Ταύτῃ
2253 3686 2394 3750 τέως
2410 3686 2531 3739 ἐστέ
2559 3685 2808 3756 καθαροί.
2837 3686 2975 3757 Ἤδη
3005 3684 3065 3738 16
3092 3682 3208 3752 φῶς
3228 3682 3500 3747 ἐδέξασθε,
3521 3682 3627 3752 ἥδη

2049 3770 2149 3840 τῆς
2188 3769 2393 3839 πλάνης
2436 3768 2785 3839 ἀπηλλάγητε
2816 3767 2917 3838 τῆς
2950 3768 3262 3836 Ἰουδαϊκῆς.
3298 3767 3409 3818 Καὶ
3440 3765 3549 3835 γὰρ
3597 3766 3628 3817 6

2050 3855 2334 3924 προφήτης
2377 3850 2541 3921 φησί’
2571 3853 2908 3915 Λούσασθε,
2943 3851 3187 3918 καθαροὶ
3217 3850 3476 3920 γίνεσθε,
3508 3850 3626 3918 ἀφ..

2048 3937 2215 3991 έλετε
2242 3936 2348 4003 τὰς
2373 3935 2666 4004 πονηρίας
2693 3933 2813 3988 ἀπὸ
2846 3933 2963 3987 τῶν
2998 3933 3216 4003 ψυχῶν
3239 3931 3427 4002 ὑμῶν.
3459 3934 3625 3985 ’Ὢστε

2049 4021 2079 4073 6
2108 4018 2345 4081 τοιοῦτος
2380 4017 2628 4071 λέλουται
2656 4017 2752 4071 καὶ
2780 4016 3018 4087 καθαρός
3046 4017 3181 4069 ἐστι.
3217 4017 3367 4069 Ἐπεὶ
3391 4012 3485 4068 οὖν
3519 4017 3627 4067 πᾶς

2052 4119 2151 4156 σαν
2189 4100 2455 4172 πονηρίαν
2499 4100 2728 4173 ἔρριψαν
2773 4099 2882 4153 ἀπὸ
2927 4099 3027 4169 τῆς
3058 4100 3237 4171 ψυχῆς
3265 4101 3495 4164 ἐκεῖνοι,
3526 4098 3632 4151 καὶ

2052 4182 2191 4255 μετὰ
2223 4184 2551 4255 εἰλικρινοῦς
2586 4182 2823 4246 διανοίας
2855 4182 3094 4253 συνῆσαν
3140 4180 3310 4252 αὐτῷ,
3348 4182 3436 4235 διά
3466 4180 3626 4234 τοῦτό

2049 4282 2184 4337 φησι
2220 4268 2362 4321 κατὰ
2388 4268 2477 4320 τὸν
2509 4266 2846 4338 προφητικὸν
2876 4264 3054 4333 λόγον,
3091 4265 3149 4319 Ὀ
3177 4265 3498 4334 λελουμένος
3521 4263 3623 4334 ήδη

2050 4348 2287 4421 καθαρός
2313 4351 2447 4405 ἐστι.
2484 4350 2592 4403 Kal
2623 4349 2732 4417 γάρ
2763 4351 2879 4402 ἐκεῖ
2911 4348 3132 4420 λουτρὸν
3160 4349 3221 4401 οὐ
3253 4348 3315 4400 16
3345 4348 3412 4400 δι’
3435 4347 3625 4410 ὓδατος

2049 4431 2196 4500 λέγει
2218 4433 2281 4485 16
2312 4432 2620 4497 Ἰουδαϊκὸν,
2645 4432 2779 4485 ἀλλὰ
2802 4432 2893 4487 τὸν
2919 4433 3019 4503 τῆς
3051 4431 3408 4502 συνειδήσεως
3431 4431 3459 4470 ιι
3487 4431 3625 4484 καθ-

2050 4514 2247 4586 αρμόν.
3690 4534 3693 4537 λ

2120 4598 2193 4665 γ’.
2216 4596 2508 4667 Γενώμεθα
2534 4597 2712 4651 τοίνυν
2741 4599 2836 4652 καὶ
2868 4600 3024 4670 ἡμεῖς
3056 4597 3283 4668 καθαροί
3307 4616 3321 4630 ·
3360 4595 3623 4668 μάθωμεν

2050 4680 2214 4735 καλὸν
2240 4685 2435 4736 ποιεῖν.
2462 4682 2527 4735 Τί
2554 4682 2608 4734 δέ
2639 4686 2755 4737 ἐστι
2786 4684 2847 4736 τὸ
2867 4684 3029 4736 καλόν
3051 4699 3068 4747 ;
3096 4685 3338 4752 Κρίνετε
3360 4681 3621 4750 ὀρφανῷ,

2049 4764 2151 4817 καὶ
2180 4765 2532 4819 δικαιώσατε
2559 4764 2782 4832 χήραν·
2814 4767 2913 4820 καὶ
2948 4765 3141 4826 δεῦτε,
3175 4765 3272 4819 καὶ
3298 4764 3626 4835 διαλεχθῶ-

2044 4863 2181 4914 μεν,
2228 4848 2391 4916 λέγει
2445 4848 2680 4915 Κύριος.
2728 4848 2900 4911 Πολὺς
2943 4841 3097 4913 οὗτος
3137 4851 3165 4902 6
3209 4848 3363 4916 λόγος
3398 4848 3457 4901 ἐν
3502 4849 3627 4911 ταῖς

2050 4928 2293 4999 Ι“ραφαῖς
2341 4932 2450 4984 τῶν
2488 4932 2673 5002 χηρῶν
2716 4933 2811 4985 καὶ
2855 4931 2963 4984 τῶν
3009 4930 3259 5002 ὀρφανῶν
3282 4945 3297 4960 ⁸
3330 4929 3447 4984 ἀλλ’
3492 4931 3626 5000 ἡμῖν

2048 5012 2223 5076 οὐδεὶς
2260 5013 2449 5066 τούτου
2487 5014 2662 5080 λόγος.
2698 5015 2886 5068 Καίτοι
2930 5030 2993 5082 γε
3038 5015 3289 5085 ἐννόησον
3335 5014 3522 5084 ἡλίκον
3560 5013 3626 5066 τὸ

2050 5095 2302 5148 ἔπαθλον.
2344 5097 2479 5150 Ἐὰν
2521 5093 2657 5159 ὦσι,
2691 5098 2875 5169 φησὶν,
2909 5100 2970 5152 al
3018 5098 3294 5167 ἁμαρτίαι
3334 5096 3503 5166 ὑμῶν
3542 5098 3626 5162 ὡς

2048 5178 2387 5246 φοινικοῦν,
2416 5180 2498 5246 ώς
2542 5180 2719 5248 χιόνα
2760 5178 3068 5235 λευκανῶο
3104 5180 3215 5234 ἐὰν
3243 5178 3312 5232 δὲ
3354 5175 3505 5233 ὦσιν
3543 5180 3625 5245 ὡς

2047 5256 2349 5329 κόκκινον,
2381 5264 2464 5331 ὡς
2500 5264 2666 5332 ἔριον
2706 5263 3001 5319 λευκανῶ.
3039 5265 3150 5317 Καὶ
3196 5263 3305 5334 γάρ
3339 5263 3623 5332 ἀπροστά-

2046 5361 2233 5405 τευτον
2261 5351 2296 5421 ὴ
2328 5350 2503 5420 χήρα·
2532 5349 2626 5403 διά
2658 5349 2816 5403 τοῦτο
2845 5348 3047 5419 πολλὴν
3076 5346 3216 5418 ὑπὲρ
3250 5346 3421 5415 αὐτῆς
3452 5346 3624 5397 ποιεῖ-

2108 5520 2137 5562 d
2161 5519 2259 5572 Alii
2276 5520 2439 5577 δώσω,
2467 5516 2554 5565 alii
2574 5515 2814 5563 ἐπιδώσω.
2882 5526 2907 5553 θ
2932 5513 3061 5577 Edili
3082 5508 3301 5577 διάθηται,
3330 5524 3444 5559 mss.
3488 5524 3627 5577 p669

2043 5596 2221 5633 (mines
2242 5573 2467 5642 κάθημαι,
2489 5590 2603 5642 qlia
2642 5576 3056 5642 vera_es_l_lectio.
3092 5573 3153 5622 Et
3181 5576 3328 5642 βιαιο
3361 5575 3619 5642 ause-fdi}!

2044 5632 2168 5708 παρὰ
2192 5640 2276 5691 τοῦ
2300 5632 3195 5708 Πατρόςξμίδηυςοιςὶρῐῖτρι-ερωηςξι“
3210 5635 3339 5708 παρὰ
3360 5632 3446 5708 τοῦ
3470 5634 3620 5708 Πνεῦ-

2046 5696 2210 5766 ματος,
2236 5710 2288 5751 ρι
2332 5696 2435 5766 ιιωέ
2469 5706 2558 5766 εει
2596 5711 2710 5747 vera
2748 5696 2909 5747 Iéclio.
2943 5696 3051 5766 Ubi_
3073 5696 3300 5766 τόνοι-ιιρ
3337 5707 3480 5766 voces
3519 5697 3620 5743 lla-

2044 5757 2151 5828 τρός
2173 5757 2226 5815 εὶ
2247 5764 2518 5828 Πνεύμέιτος
2545 5762 2595 5809 in
2626 5773 2742 5828 mm,
2766 5773 2898 5820 εει-ρο
2933 5757 3183 5828 continu-di,
3217 5758 3337 5828 qula_
3360 5764 3618 5828 unfamtu

2046 5817 2216 5876 vbci'm
2239 5828 2310 5874 sic
2346 5817 2564 5872 alterum.
2592 5836 2679 5883 πρς
2702 5827 2755 5868 ει
2772 5817 2880 5879 πνέ,
2907 5828 3084 5881 estque
3105 5817 3345 5883 ίιιιελτρει
3366 5837 3391 5866 ν
3427 5820 3477 5867 in
3501 5817 3614 5883 nisa.

2045 5889 2264 5948 quwdam
2287 5884 2572 5948 similliudo.
2633 5880 2653 5916 ’·
2676 5883 2774 5948 Alii
2796 5884 2922 5932 ὥστε
2941 5880 3080 5944 ὑμᾶς.
3147 5882 3172 5920 8
3193 5880 3441 5942 Αῐιίῆσαν,
3461 5881 3617 5930 καίτοι

2049 5944 2251 5998 οὐδέπω.
2320 5952 2346 5984 ιι
2370 5946 2468 5997 Alii
2494 5944 2809 6003 δημιουργίας.
