4100 6362
401 403 510 461 388

399 518 733 588 Frequenter
769 515 823 572 in
860 514 1133 587 Scriptura
1173 511 1447 577 viduarum
1475 521 1531 567 et
1560 512 1881 585 pupillorum
1922 510 1982 566 tit

400 610 637 664 mentio:
666 617 724 669 at
754 606 909 667 nobis
938 607 1148 671 illorum
1195 605 1337 659 nulla
1384 605 1521 659 ratio
1550 613 1653 659 est.
1693 604 1854 674 Atqui
1884 619 1980 659 co-

399 714 506 771 gita
542 709 757 771 quanta
800 700 873 756 sit
907 699 1138 770 reposita
1178 712 1406 753 merces.
1434 697 1498 753 Si
1526 697 1750 766 fuerint,
1789 698 1975 767 inquit,

399 801 604 859 peccata
633 802 795 859 vestra
831 793 963 847 sicut
988 792 1257 863 puniceum
1287 831 1303 855 ,
1332 799 1387 843 ut
1414 790 1574 843 nivem
1616 788 1860 843 dealbabo
1876 803 1898 854 ;
1934 789 1979 842 si

400 895 454 937 ut
482 884 745 945 coccinum
767 926 785 951 ,
825 893 880 939 ut
907 887 1078 947 lanam
1108 882 1348 939 dealbabo
1377 881 1531 953 (lsai.
1563 883 1617 937 1.
1645 880 1758 954 18).
1785 881 1980 937 Delen-

392 990 523 1033 sore
552 992 780 1047 namque
804 986 950 1034 caret
976 976 1131 1032 vidua
1157 991 1171 1040 ;
1196 975 1316 1031 ideo
1339 990 1583 1046 magnam
1622 974 1767 1030 illius
1793 989 1975 1029 curam

397 1069 577 1128 habet.
608 1069 777 1126 Vidua
822 1071 966 1131 enim
1009 1085 1131 1125 eum
1168 1069 1341 1140 possit
1377 1066 1639 1125 secundas
1680 1066 1830 1123 adire
1874 1082 1974 1122 nu-

398 1163 535 1233 ptias
560 1204 578 1231 ,
617 1163 689 1219 ob
731 1163 823 1219 Dei
870 1164 1113 1218 timorem
1152 1162 1422 1218 viduitatis
1463 1174 1728 1216 aerumnas
1758 1160 1972 1215 tolerat.

394 1256 606 1313 Manum
649 1271 779 1327 ergo
803 1256 931 1327 ipsis
956 1256 1291 1329 porrigamus
1331 1269 1520 1315 omnes
1549 1260 1606 1309 et
1632 1252 1730 1308 viri
1759 1261 1815 1308 et
1846 1268 1975 1307 mu-

362 1414 365 1415 ,
394 1349 578 1415 lieres,
600 1364 675 1413 ne
696 1348 912 1419 quando
939 1347 1210 1407 viduitatis
1241 1346 1512 1403 molestias
1536 1344 1843 1401 subeamus.
1877 1343 1972 1400 Sin

386 1440 680 1506 subeamus
703 1481 718 1504 ,
747 1456 993 1509 magnam
1040 1439 1194 1495 nobis
1234 1436 1585 1507 experinndm
1633 1435 1973 1505 benignitatis

360 1588 363 1595 ,
390 1546 577 1599 ansam
602 1531 927 1601 parabimus.
956 1531 1074 1591 Non
1099 1545 1259 1602 parva
1308 1530 1386 1584 vis
1418 1530 1771 1599 lacrymarum
1798 1527 1971 1583 viduae

1403 399 1470 455 ΙΝ
1506 398 1818 456 ,ιθΑΝΝΕλι
1857 398 2092 455 1101111..
2133 399 2320 457 LXXI.
2360 403 2433 459 al.
2476 400 2640 460 LXX.

3575 422 3683 478 386

2052 524 2214 581 νει,
2244 515 2339 571 sed
2385 526 2564 588 potest
2611 519 2700 575 illa
2737 522 2821 578 vel
2870 522 3044 593 ipsum
3074 527 3266 584 cadum
3312 534 3547 602 aperire.
3599 538 3679 596 Ne

2089 622 2218 677 ergo
2263 607 2368 664 illis
2410 610 2726 667 insultemus
2750 655 2767 680 ,
2815 631 2915 672 nec
2952 619 3311 680 calamitatem
3339 641 3630 698 augeamus
3658 675 3675 697 ,

2088 701 2181 756 sed
2213 704 2356 759 omni
2383 705 2542 760 modo
2570 706 2804 765 feramus
2829 726 3009 782 opem.
3037 715 3092 770 Si
3114 716 3183 770 ita
3212 718 3468 777 faciamus
3489 765 3503 788 ,
3538 726 3677 780 mul-

2087 802 2193 848 tam
2221 797 2375 852 nobis
2409 800 2753 857 securitatem
2785 807 3214 876 comparabimus
3240 822 3295 869 et
3330 814 3382 871 in
3416 816 3519 873 hoc
3566 836 3675 874 sa:-

2084 887 2206 940 eulo
2235 897 2289 945 et
2314 890 2368 943 in
2415 892 2613 975 futuro.
2637 893 2753 950 Non
2784 899 2925 953 enim
2952 899 3038 955 hic
3082 911 3285 961 tantum
3309 948 3327 975 ,
3350 910 3446 965 sed
3474 921 3532 967 et
3561 913 3672 970 illic

2083 979 2239 1035 nobis
2257 997 2415 1051 opem
2456 970 2666 1053 ferent,
2711 988 2835 1044 dum
2867 994 3152 1055 maximam
3196 970 3533 1068 peccatorum
3572 1023 3670 1061 no-

2052 1078 2314 1147 strorum
2346 1084 2552 1142 partem
2594 1077 2664 1133 ob
2702 1079 2966 1138 beneﬁcia
2998 1085 3127 1155 ipsis
3168 1092 3405 1159 praestita
3448 1094 3668 1154 abscin-

2081 1160 2238 1228 dent,
2270 1172 2325 1219 et
2347 1165 2401 1219 id
2426 1166 2581 1223 nobis
2609 1172 2971 1231 conciliabunt
2992 1219 3008 1243 ,
3043 1187 3103 1233 ut
3131 1182 3550 1250 possimusante
3574 1189 3668 1243 tri-

2078 1255 2242 1314 bunal
2267 1257 2467 1315 Christi
2513 1262 2725 1321 adstare
2752 1282 2874 1323 cum
2904 1268 3135 1340 ﬁducia;
3167 1277 3308 1345 quod
3339 1294 3439 1336 nos
3473 1297 3667 1342 omnes

2077 1350 2289 1418 assequi
2327 1354 2621 1424 contingat,
2653 1359 2821 1427 gratia
2853 1370 2907 1415 et
2943 1361 3275 1435 benignitate
3312 1370 3523 1429 Domini
3559 1391 3662 1431 no-

2077 1438 2174 1493 εει-ἰ
2202 1439 2330 1496 Jesu
2366 1440 2586 1512 Christi,
2628 1447 2712 1530 cui
2761 1450 2929 1521 gloria
2972 1454 3026 1510 in
3078 1460 3270 1521 saecula
3319 1466 3658 1531 saeculorum

2077 1528 2271 1585 Amen.

1210 1670 1213 1673 ’
1723 1709 2072 1772 HOMILIA
2112 1690 2339 1774 LXXI.

387 1865 519 1922 CAP.
564 1866 649 1923 15.
694 1881 748 1919 v.
791 1863 880 1921 12.
923 1862 993 1918 Et
1032 1863 1225 1934 accepit
1266 1862 1557 1918 vestimenta
1582 1875 1674 1917 sua
1698 1899 1715 1925 ,
1766 1865 1816 1912 et
1852 1870 1968 1910 cum

358 1944 359 1951 ‘
460 1958 760 2013 recubuisset
780 1958 995 2023 iterum,
1023 1956 1154 2010 dixit
1174 1955 1246 2010 eis
1274 1972 1288 2010 :
1313 1954 1473 2011 Scitis
1491 1954 1614 2024 quid
1636 1950 1841 2023 fecerim
1873 1965 1967 2005 vo-

357 2044 361 2060 ²
456 2051 532 2104 bis
552 2052 578 2106 Υ
601 2059 703 2106 etc.

458 2142 511 2200 1.
559 2141 681 2197 Post
727 2144 925 2212 lapsum
988 2154 1251 2215 resurgere
1301 2139 1651 2213 diﬁcillimum
1692 2145 1783 2193 est.
1810 2136 1966 2192 Iudae

386 2234 685 2306 pervicacia.
714 2264 782 2274 —
810 2233 1173 2288 Perniciosum
1199 2240 1283 2287 est
1306 2272 1322 2297 ,
1356 2230 1533 2287 dilecti
1556 2272 1573 2299 ,
1600 2230 1961 2301 perniciosum

386 2327 610 2395 utique,
645 2325 695 2379 in
727 2324 1047 2395 profundum
1094 2325 1357 2379 malorum
1405 2321 1663 2378 incidere.
1707 2321 1786 2376 Ex
1837 2321 1962 2376 hine

350 2404 355 2414 ’
384 2416 526 2470 enim
556 2415 776 2471 difficile
803 2415 1133 2470 convertitur
1161 2414 1392 2469 animus.
1425 2412 1657 2484 ideoque
1683 2412 1814 2468 nihil
1853 2427 1959 2467 non

383 2506 647 2577 agendum
673 2515 792 2569 est,
830 2515 890 2561 ut
932 2521 999 2577 ne
1037 2521 1068 2560 a
1098 2504 1357 2575 principio
1407 2503 1698 2574 capiamur.
1730 2503 1960 2559 Facilius

381 2597 581 2668 quippe
603 2606 688 2653 est
733 2613 841 2652 non
886 2597 1117 2664 cadere,
1149 2613 1306 2667 quam
1362 2596 1566 2667 lapsum
1618 2594 1953 2665 resipiscere.

381 2680 515 2751 Vide
541 2702 689 2757 ergo.
719 2687 932 2756 quando
953 2688 1118 2742 semel
1148 2688 1327 2757 lapsus
1353 2686 1632 2752 estJudas,
1660 2696 1789 2755 quot
1809 2686 1959 2742 obla-

353 2772 450 2835 ‘tis
477 2779 579 2835 sibi
626 2780 837 2833 auxiliis
862 2819 877 2845 ,
924 2796 1027 2833 non
1062 2791 1239 2834 tamen
1278 2788 1541 2848 resurgat.
1573 2779 1715 2834 Dixit
1756 2778 1916 2834 Jesus
1938 2819 1954 2845 ,

382 2873 529 2930 Unus
553 2882 768 2929 vestrum
789 2873 1020 2928 diabolus
1040 2883 1151 2939 est;
1182 2873 1336 2940 dixit,
1368 2871 1489 2927 Non
1518 2889 1688 2928 omnes
1708 2874 1956 2936 credunt;

377 2967 542 3033 dixit,
590 2966 710 3021 Non
758 2966 821 3020 de
873 2964 1103 3018 omnibus
1155 2966 1309 3028 dico;
1349 2975 1443 3030 et,
1492 2962 1615 3020 Scio
1660 2980 1784 3033 quos
1829 2963 1958 3033 elegi

372 3060 557 3129 (Joau.
589 3061 643 3118 ϐ.
677 3061 764 3116 71.
797 3058 882 3115 15.
916 3067 961 3109 et
1006 3059 1090 3113 15.
1124 3056 1223 3129 18)
1251 3074 1266 3112 :
1290 3065 1346 3113 et
1373 3056 1505 3111 nihil
1539 3056 1729 3112 horum
1762 3057 1950 3112 sensit.

377 3150 661 3224 Postquam
685 3160 854 3205 autem
884 3150 1007 3205 lavit
1034 3148 1201 3219 pedes,
1227 3158 1273 3203 et
1300 3149 1489 3219 accepit
1516 3148 1806 3202 vestimenta
1832 3164 1949 3213 suo,

373 3260 488 3297 cum
536 3240 855 3308 recubuisset,
910 3242 1020 3295 ait:
1052 3239 1206 3296 Scitis
1248 3240 1368 3308 quid
1406 3239 1607 3309 fecerint
1651 3238 1806 3293 vobis.
1835 3237 1952 3293 Non

374 3335 513 3389 ultra
548 3333 757 3389 Petrum
788 3335 1001 3398 solum,
1034 3332 1127 3387 sed
1160 3347 1347 3386 ontnes
1384 3331 1693 3401 alloquitur.
1721 3332 1809 3386 15.
1852 3328 1953 3384 Vos

372 3430 562 3483 vocatis
601 3444 677 3491 nte
722 3427 1027 3497 Magistrum
1054 3437 1100 3480 et
1125 3424 1404 3479 Dominum
1428 3426 1482 3489 ¹;
1512 3434 1559 3478 et
1600 3424 1721 3479 bene
1743 3424 1951 3490 dicitis;

372 3536 484 3575 sum
522 3520 723 3575 etenim.
762 3518 862 3573 Vos
885 3519 1071 3573 vocatis
1110 3535 1207 3572 me.
1241 3519 1455 3581 Illorum
1494 3516 1753 3585 judicium
1794 3532 1952 3572 acce-

374 3623 521 3683 ptum
548 3612 733 3670 habet.
763 3612 964 3669 Deinde
995 3628 1062 3667 ne
1088 3611 1154 3666 ad
1183 3610 1393 3675 illorum
1418 3613 1641 3683 gratiam
1669 3611 1783 3668 hzcc
1808 3612 1949 3668 dicta

371 3720 492 3761 esse
531 3705 811 3764 videantur
831 3746 845 3771 ,
881 3704 1057 3759 subdit
1082 3746 1096 3768 ,
1128 3704 1255 3759 Sum
1290 3705 1492 3758 etenim.
1519 3704 1652 3760 Cum
1687 3721 1816 3775 ergo
1837 3720 1951 3760 ser-

371 3811 584 3851 monem
623 3811 808 3849 eorum
846 3795 1073 3860 inducit,
1099 3796 1208 3865 jam
1234 3810 1495 3851 onerosus
1522 3812 1626 3851 non
1657 3808 1772 3863 est;
1807 3797 1947 3867 quod

371 3887 865 3950 illumconlirmet,
906 3888 1032 3942 nulli
1082 3889 1371 3959 suspicioni
1409 3889 1698 3945 obnoxium
1751 3890 1945 3945 reddit.

372 3980 503 4037 Sum
530 3980 709 4037 etenim
733 4022 748 4044 ,
775 3980 963 4050 inquit.
999 3978 1186 4034 Viden’
1214 3995 1318 4051 quo
1344 3993 1516 4050 pacto,
1545 3982 1758 4052 quando
1782 3981 1948 4038 disci-

372 4071 525 4140 pulos
564 4070 888 4139 alloquitur,
932 4069 1000 4125 de
1043 4084 1102 4124 se
1126 4071 1359 4139 apertius
1396 4070 1662 4142 loquatur.
1711 4071 1780 4128 Ut
1821 4088 1949 4143 ergo

368 4162 539 4217 dicit:
576 4161 750 4219 Nolite
800 4179 978 4218 vocare
1024 4164 1321 4232 magistrum
1351 4181 1503 4232 super
1542 4173 1727 4219 terram
1769 4182 1788 4220 :
1818 4184 1948 4220 unus

370 4255 501 4307 enim
528 4263 815 4325 praeceptor
859 4262 1017 4306 vester
1056 4263 1126 4307 est
1156 4254 1369 4325 (Matth.
1401 4254 1487 4310 25.
1520 4255 1573 4311 8.
1606 4256 1703 4326 9);
1737 4258 1803 4311 ita
1831 4260 1946 4327 ait,

372 4344 439 4399 Et
466 4345 621 4399 nolite
656 4362 836 4399 vocare
885 4355 1081 4413 patrem
1121 4363 1272 4417 super
1311 4358 1515 4403 terram.
1551 4348 1681 4404 Illud
1726 4361 1903 4404 autem
1929 4391 1946 4416 ,

372 4451 508 4490 unus
537 4446 591 4492 et
612 4453 766 4503 unus,
800 4452 903 4491 non
932 4437 999 4492 de
1021 4436 1177 4493 Patre
1204 4448 1405 4493 tantum
1427 4439 1640 4505 dicitur,
1670 4441 1764 4496 sed
1787 4441 1947 4496 etiam

370 4528 436 4582 de
464 4529 579 4599 ipso
603 4527 775 4592 Filio;
816 4529 896 4582 sin
944 4528 1013 4583 de
1048 4544 1107 4584 se
1154 4546 1258 4585 non
1305 4530 1612 4600 loqueretur
1635 4572 1650 4597 ,
1679 4534 1948 4603 quomodo

368 4621 611 4685 dixisset,
646 4620 715 4676 Ut
742 4621 835 4690 ﬁlii
863 4622 989 4676 lucis
1023 4623 1132 4676 sitis
1152 4623 1334 4693 (Joan.
1362 4624 1446 4678 12.
1477 4624 1609 4694 56)?
1635 4629 1713 4680 Ac
1739 4641 1945 4695 rursus,

370 4715 414 4769 si
448 4713 756 4783 magistrum
788 4714 959 4768 solum
984 4715 1193 4770 Patrem
1223 4716 1447 4783 diceret,
1465 4717 1735 4788 quomodo
1768 4720 1846 4773 sic
1867 4720 1948 4775 lo-

367 4817 644 4876 queretur,
674 4805 804 4860 Sum
824 4806 1001 4860 ctenim
1022 4809 1047 4861 ?
1080 4817 1132 4863 et
1152 4848 1165 4872 ,
1193 4806 1337 4864 Unus
1362 4818 1433 4864 est
1471 4821 1748 4880 prazceptor
1769 4822 1942 4879 vester,

367 4896 601 4953 Christus
617 4899 644 4951 Ρ

440 4987 823 5059 Discipulorum
863 4989 1013 5058 pedes
1056 4989 1175 5043 lavit
1204 4988 1432 5047 Christus
1472 5005 1523 5047 ut
1563 5013 1653 5050 nos
1697 4996 1948 5051 humilita-

372 5090 467 5132 tem
485 5081 871 5135 ἀσθενεῖν-11.
893 5081 954 5135 Si
968 5097 1106 5151 ergo,
1135 5082 1324 5150 inquit,
1343 5098 1437 5154 ego
1468 5084 1731 5143 Dominus‘
1755 5100 1805 5144 et
1832 5088 1947 5144 Ma-

371 5170 525 5240 gister
571 5171 673 5224 lavi
718 5170 869 5239 pedes
911 5182 1097 5225 vestros
1119 5213 1133 5238 ,
1166 5181 1210 5225 et
1256 5190 1341 5227 vos
1368 5174 1552 5232 debetis
1580 5179 1708 5233 alter
1735 5180 1948 5236 alterius

373 5262 542 5315 lavare
569 5262 739 5331 pedes.
773 5263 860 5318 15.
890 5260 1198 5334 Exemplum
1221 5266 1338 5320 dedi
1357 5268 1513 5333 vobis,
1547 5278 1601 5322 ut
1627 5274 1948 5341 quemadmo—

372 5353 493 5406 dum
523 5369 613 5424 ego
655 5354 752 5424 feci
792 5354 947 5418 vobis,
991 5355 1063 5408 ita
1107 5366 1153 5409 et
1196 5371 1280 5411 vos
1305 5360 1525 5429 faciatis.
1553 5362 1711 5431 Atqui
1740 5379 1843 5418 non
1869 5376 1950 5420 est

376 5444 628 5513 idipsum.
657 5445 749 5501 liie
774 5461 1003 5517 namque
1021 5446 1270 5519 Magister
1290 5460 1371 5506 est
1398 5462 1452 5508 et
1482 5453 1753 5520 Dominus,
1777 5468 1832 5511 et
1857 5474 1950 5515 vos

376 5548 563 5592 mutuo
603 5541 870 5594 conservi.
899 5540 1034 5606 Quid
1064 5557 1192 5611 ergo
1230 5543 1330 5598 sibi
1356 5547 1467 5601 vult
1495 5548 1623 5602 illud
1645 5589 1660 5615 ,
1695 5548 1779 5604 Ita
1798 5551 1823 5603 ?
1850 5553 1951 5606 Eo-

374 5628 497 5683 dem
527 5630 724 5686 studio.
753 5630 876 5686 ideo
906 5648 970 5688 ex
998 5633 1290 5704 majoribus
1319 5636 1479 5692 rebus
1504 5641 1746 5711 exempla
1767 5642 1947 5711 sumit,

439 5768 458 5832 ξ
484 5761 580 5814 Alii
605 5770 659 5832 et
681 5763 842 5832 ttorel.
869 5765 1060 5832 legunt,
1086 5769 1364 5832 Magistrum
1380 5777 1426 5821 et
1441 5771 1703 5830 Christian.

439 5828 461 5858 '
480 5826 659 5881 litorei.
685 5824 828 5891 legit,
849 5824 1081 5892 Christus,
1106 5824 1212 5895 pro,
1240 5833 1484 5887 Dominus.

2073 1863 2132 1908 ut
2156 1856 2344 1913 saltem
2366 1862 2541 1919 minus
2566 1865 2841 1927 faciamus.
2864 1872 2996 1930 Nam
3019 1880 3254 1951 magistri
3278 1886 3453 1954 pueris
3475 1887 3657 1947 literas

2071 1948 2458 2016 pulcherrimas
2483 1959 2741 2029 scribunt,
2775 1973 2851 2031 ut,
2878 1967 3002 2023 licet
3031 1948 3414 2046 imperfectius,
3440 1979 3657 2038 imiten-

2227 2040 2325 2097 Ubi
2375 2061 2516 2103 nunc
2558 2062 2685 2107 sunt
2727 2056 2816 2125 qui
2848 2040 3139 2118 conservos
3185 2067 3337 2121 nihili
3373 2040 3660 2138 pendunt?

2070 2128 2170 2227 ubi
2191 2133 2279 2201 qui
2311 2133 2542 2194 honores
2568 2147 2868 2212 expetunt?
2895 2149 3190 2210 Proditoris
3220 2128 3385 2227 pedes
3409 2128 3662 2221 Christus

2068 2220 2216 2287 lavit,
2263 2226 2510 2299 sacrilegi
2558 2240 2612 2286 et
2657 2233 2809 2304 furis,
2859 2239 3128 2314 etiamque
3174 2220 3489 2316 proditionis
3521 2229 3653 2311 tem-

2066 2326 2197 2382 pore
2215 2354 2230 2379 ,
2259 2324 2314 2369 et
2341 2331 2462 2372 cum
2491 2322 2634 2377 nulla
2677 2325 3061 2397 resipiscentia:
3087 2350 3211 2405 spes
3239 2349 3383 2395 esset
3404 2382 3419 2404 .
3450 2358 3652 2400 mensae

2066 2417 2368 2463 Consortem
2412 2411 2627 2482 etTecit;
2669 2426 2726 2472 et
2767 2429 2821 2474 tu
2864 2422 3031 2480 altum
3061 2428 3241 2499 sapis,
3284 2442 3339 2488 et
3364 2437 3647 2505 supercilia

2065 2497 2321 2553 extollis?
2362 2501 2533 2559 Pedes
2583 2517 2767 2566 mutuo
2812 2512 3051 2572 lavemus
3076 2558 3090 2583 ,
3121 2497 3330 2593 inquit,
3376 2497 3646 2599 etiamque

2044 2601 2363 2648 servorum.
2398 2596 2465 2651 Et
2500 2599 2627 2669 quid
2656 2617 2929 2674 magnum,
2969 2610 3014 2664 si
3060 2626 3337 2669 servorum
3387 2596 3644 2689 quoque?

2064 2678 2163 2736 llic
2186 2685 2327 2737 enim
2359 2685 2497 2743 liber
2524 2701 2578 2745 et
2600 2707 2788 2750 servus
2808 2699 3026 2756 nomine
3056 2709 3213 2758 tenus
3235 2678 3647 2776 diﬂ‘erunt,'illie

2062 2786 2191 2827 vero
2212 2775 2288 2831 rei
2312 2778 2553 2836 veritate.
2582 2782 2713 2838 Nam
2741 2786 2832 2842 ille
2858 2799 3043 2845 natura
3070 2794 3324 2852 Dominus
3348 2808 3451 2864 est,
3473 2775 3527 2856 et
3547 2817 3644 2859 nos

2062 2864 2241 2930 servi;
2274 2881 2451 2938 neque
2476 2879 2653 2928 tamen
2680 2874 2734 2930 id
2772 2876 2949 2937 facere
2986 2896 3131 2939 nunc
3168 2889 3455 2944 recusavit.
3492 2889 3645 2948 Nune

2059 2967 2189 3010 vero
2232 2957 2448 3027 mirum,
2497 2962 2543 3016 si
2589 2978 2697 3019 non
2741 2966 2926 3025 liberis
2965 2979 3027 3027 ut
3065 2975 3237 3031 servis
3278 2986 3334 3032 et
3363 2988 3422 3035 ut
3448 2982 3643 3051 emptis

2036 3230 2351 3301 imitemur,
2382 3236 2491 3291 imo
2515 3255 2580 3294 ex
2607 3241 2869 3300 diametro
2897 3230 3127 3318 oppositi
3169 3261 3226 3307 et
3260 3254 3383 3309 elati
3414 3230 3636 3327 stemus,

2058 3348 2233 3403 neque
2275 3335 2515 3393 debitum
2541 3340 2872 3400 reddamus?
2910 3345 3022 3402 Nos
3050 3350 3247 3420 quippe
3284 3363 3469 3409 mutuo
3492 3354 3641 3411 debi-

2058 3432 2203 3481 tores
2223 3430 2498 3487 constituit
2523 3431 2684 3500 Deus,
2712 3436 2826 3507 ipse
2849 3439 2996 3509 prius
3016 3456 3260 3509 exorsus,
3286 3453 3340 3500 et
3364 3446 3417 3501 in
3444 3449 3639 3505 minori

2058 3526 2209 3585 parte
2234 3517 2527 3578 debitores.
2561 3523 2680 3594 Ipse
2706 3542 2937 3600 namque
2966 3531 3225 3589 Dominus
3255 3545 3406 3603 erat;
3446 3548 3498 3593 et
3540 3555 3640 3596 nos

2054 3622 2185 3664 vero
2222 3612 2267 3667 si
2315 3613 2367 3668 id
2404 3613 2682 3684 faciamus,
2714 3635 2838 3691 erga
2866 3637 3159 3683 conservos
3197 3627 3442 3686 facimus.
3486 3635 3638 3701 Quod

2054 3702 2226 3771 ipsum
2249 3705 2600 3764 subindicavit
2620 3725 2743 3766 cum
2772 3712 3009 3782 diceret,
3043 3716 3105 3773 Si
3130 3736 3247 3790 ergo
3271 3737 3362 3792 ego
3387 3720 3640 3779 Dominus

2053 3804 2101 3850 et
2131 3795 2413 3867 Magister;
2438 3814 2500 3855 ae
2526 3816 2735 3858 rursum
2753 3845 2769 3871 ,
2802 3804 2891 3860 ita
2917 3817 2965 3861 et
2990 3824 3093 3865 vos.
3120 3809 3468 3884 Consequens
3493 3816 3636 3873 enim

2053 3897 2170 3942 erat
2198 3889 2395 3956 dicere,
2424 3891 2634 3960 Quanto
2661 3895 2830 3966 magis
2854 3912 2950 3953 vos
2972 3900 3159 3955 servi?
3182 3917 3367 3958 verum
3395 3905 3524 3961 illud
3546 3923 3641 3962 au-

2055 3980 2286 4037 ditorum
2324 3985 2667 4042 conscientia:
2705 3988 2944 4060 reliquit.
2989 3991 3101 4047 Cur
3134 4004 3312 4049 autem
3354 3995 3457 4052 hoc
3499 4014 3640 4054 nunc

2054 4072 2216 4128 fecit?
2246 4072 2513 4131 Honorem
2536 4082 2911 4150 consequuturi
2934 4093 3106 4151 erant,
3129 4083 3221 4140 alii
3244 4088 3522 4157 majorem,
3549 4089 3648 4144 alii

2055 4166 2337 4225 minorem.

2124 4257 2179 4311 2.
2210 4258 2286 4313 Ne
2313 4251 2471 4330 igitur
2497 4275 2618 4317 sese
2651 4262 2907 4321 adversus
2934 4266 3068 4322 alios
3097 4270 3416 4327 extollerent
3439 4313 3455 4339 ,
3486 4273 3633 4331 dice-

2054 4359 2277 4420 rentque
2304 4360 2363 4406 ut
2381 4362 2559 4419 antea,
2596 4354 2721 4422 Quis
2746 4359 2911 4429 major
2936 4361 3050 4414 est?
3072 4377 3245 4432 neque
3268 4364 3358 4419 alii
3385 4365 3641 4423 adversus

2054 4442 2187 4496 alios
2216 4444 2647 4515 indignarentur,
2685 4463 2897 4505 onmem
2923 4452 2990 4507 ab
3018 4453 3151 4523 ipsis
3192 4457 3325 4512 tollit
3352 4458 3639 4516 elationem

2054 4533 2237 4590 dicens
2268 4537 2808 4612 :.Quantumcnmque
2832 4558 3055 4616 magnus
3074 4546 3168 4612 sis,
3196 4564 3302 4604 non
3329 4550 3492 4607 debes
3512 4567 3645 4623 erga.

2054 4627 2269 4685 fratrem
2320 4631 2485 4714 altum
2530 4650 2735 4703 sapere.
2787 4636 2968 4709 Neque
3014 4640 3147 4697 dixit
3190 4643 3243 4699 id
3285 4646 3428 4717 quod
3466 4649 3647 4719 majus

2055 4734 2171 4780 erat
2198 4742 2211 4778 :
2245 4725 2301 4781 Si
2330 4742 2428 4799 ego
2453 4730 2739 4799 proditoris
2767 4733 2930 4804 pedes
2955 4734 3081 4801 lavi,
3116 4738 3240 4808 quid
3273 4756 3519 4811 magnum
3547 4785 3562 4808 ,
3591 4745 3637 4799 si

2054 4832 2150 4872 vos
2177 4819 2443 4875 sociorum
2473 4823 2639 4891 pedes
2676 4824 2902 4881 iavetis?
2928 4828 3023 4883 sed
3063 4845 3182 4884 cum
3213 4831 3316 4887 hoc
3340 4835 3514 4905 reipsa
3544 4851 3639 4893 ex-

2054 4908 2314 4966 hibuisset
2335 4952 2351 4979 ,
2385 4913 2436 4968 id
2467 4927 2821 4986 spectatorum
2847 4918 3049 4989 judicio
3072 4922 3306 4994 reliquit.
3338 4925 3460 4982 Ideo
3489 4927 3637 4983 dice.

2054 5001 2163 5068 bat,
2191 5005 2289 5070 Qui
2307 5005 2476 5074 fecerit
2497 5018 2541 5062 et
2559 5009 2802 5077 docuerit,
2821 5012 2901 5066 hic
2921 5030 3131 5085 magnus
3152 5018 3406 5073 vocabitur
3422 5018 3499 5090 (Μ
3505 5019 3637 5074 aula.

2055 5096 2109 5151 5.
2160 5097 2270 5166 l9).
2316 5096 2430 5153 Hoc
2467 5099 2608 5154 enim
2656 5116 2779 5156 vere
2819 5103 3015 5159 docere
3050 5117 3165 5175 est,
3197 5124 3318 5162 cum
3350 5125 3447 5179 per
3474 5125 3633 5181 opera

2054 5186 2294 5243 docetur.
2333 5190 2502 5256 Quem
2531 5192 2676 5247 enim
2716 5192 2909 5250 fastum
2942 5196 3045 5251 hoc
3088 5215 3194 5253 non
3247 5201 3431 5255 tollat?
3474 5219 3633 5272 quam

2056 5297 2161 5336 non
2206 5284 2561 5353 arrogantiam
2601 5294 2655 5340 et
2697 5289 2996 5358 superbiam
3026 5290 3451 5369 deprimatiQut
3488 5298 3636 5351 sedet

2038 5376 2216 5445 super
2239 5375 2528 5435 Cherubim
2552 5417 2567 5440 ,
2592 5378 2876 5447 proditoris
2908 5381 3069 5450 pedes
3098 5382 3257 5450 lavit;
3286 5393 3341 5439 tu
3366 5401 3490 5441 vero
3514 5428 3528 5450 ,
3561 5391 3630 5442 mi

2056 5465 2219 5521 homo
2239 5510 2254 5532 ,
2284 5468 2375 5538 qui
2404 5468 2562 5532 cinis,
2593 5479 2731 5525 terra
2762 5480 2817 5527 et
2842 5473 3017 5543 pulvis
3044 5488 3103 5529 es
3122 5516 3137 5539 ,
3169 5475 3394 5546 teipsum
3420 5480 3634 5535 extollis

2056 5567 2111 5612 et
2154 5560 2317 5613 altum
2365 5560 2547 5632 sapis?
2593 5578 2757 5633 ecqua
2786 5565 3028 5633 gehenna
3069 5565 3259 5638 dignus
3289 5585 3397 5625 non
3436 5571 3635 5628 lueris?

2055 5650 2207 5717 Quod
2234 5651 2277 5705 si
2302 5652 2439 5707 altos
2462 5668 2653 5710 sensus
2679 5657 2876 5726 capias,
2892 5673 2989 5728 ego
3009 5658 3101 5713 tibi
3126 5664 3433 5718 monstrabo
3453 5666 3623 5730 viam:

2057 5740 2183 5811 quid
2222 5742 2365 5799 enim
2406 5745 2475 5799 sit
2516 5745 2749 5818 ignoras.
2790 5748 2890 5815 Qui
2919 5749 3078 5806 rebus
3106 5755 3462 5823 prmsentibus
3486 5759 3633 5827 quasi

2059 5834 2261 5906 magnis
2292 5834 2455 5894 lueret
2476 5878 2494 5907 ,
2542 5837 2628 5896 hic
2664 5838 2783 5895 vitis
2812 5848 2868 5898 et
2894 5841 3086 5913 abiecti
3113 5854 3201 5903 est
3224 5844 3407 5906 animi.
3453 5846 3637 5923 itaque
