4100 6362
504 381 605 436 587

498 512 605 550 non
654 506 730 551 est
779 497 1046 551 humilitas
1090 497 1206 552 sine
1250 498 1610 567 magnitudine
1657 497 1856 562 animi;
1906 509 2080 565 neque

497 589 655 642 aliam
695 589 852 643 habet
890 605 1101 644 causam
1144 590 1391 658 superbia
1438 588 1537 642 nisi
1576 588 2081 657 pusillanimitatem.

457 673 468 695 ⁹
496 682 954 751 Quemadmodum
975 684 1116 737 enim
1145 683 1347 754 pueruli
1372 683 1559 737 vilibus
1586 682 1809 746 inhiant,
1835 681 2079 751 sphzeris,

498 777 721 841 trochis,
751 777 898 836 talis.
927 792 1111 839 magna
1141 793 1266 830 vero
1297 791 1364 832 ne
1393 777 1714 853 cogitatione
1743 774 1957 843 quidem
1987 789 2047 827 ca

497 883 626 937 pere
670 876 892 938 possunt
921 886 934 920 :
966 869 1042 928 sic
1080 877 1133 922 et
1173 883 1312 922 nunc
1352 867 1440 937 qui
1485 865 1909 937 philosophatur,
1943 880 2079 933 pra:-

496 963 664 1015 sentia
690 960 816 1013 nihil
843 959 1168 1015 existimabit
1199 965 1345 1026 (non
1381 973 1510 1027 ergo
1554 956 1640 1010 illa
1672 956 1870 1010 habere
1902 954 1985 1007 vel
2015 953 2081 1008 ab

496 1053 600 1105 alio
630 1052 840 1120 assequi
870 1051 1111 1121 optabit)
1142 1066 1157 1114 ;
1200 1051 1288 1120 qui
1319 1065 1446 1104 vero
1487 1065 1588 1102 non
1637 1046 2038 1117 pltilOSOphatur
2061 1087 2077 1112 ,

494 1157 681 1200 contra
713 1145 953 1208 affectus,
977 1145 1207 1212 araneis,
1231 1144 1450 1206 umbrzc,
1482 1141 1702 1196 somniis
1728 1151 1781 1195 et
1808 1139 2080 1194 vilioribus

493 1236 657 1290 rebus
699 1235 940 1291 hmrebit.
989 1236 1076 1290 i6.
1131 1235 1286 1288 Amen
1307 1275 1322 1300 ,
1369 1249 1513 1286 amen
1543 1233 1655 1285 dico
1681 1232 1816 1285 vobis
1839 1247 1857 1284 :
1880 1247 1980 1283 non
2009 1238 2080 1282 est

491 1344 662 1382 servus
688 1329 851 1398 major
879 1328 1082 1380 domino
1107 1341 1230 1390 suo;
1262 1342 1418 1392 neque
1445 1325 1705 1394 apostolus
1736 1323 1901 1392 major
1926 1331 1996 1374 est
2022 1337 2080 1374 eo

491 1421 578 1490 qui
602 1421 737 1472 misit
766 1436 897 1473 eum.
933 1419 1018 1473 17.
1048 1419 1108 1473 Si
1129 1419 1236 1472 lucc
1262 1419 1418 1483 scitis,
1451 1417 1579 1470 beati
1617 1417 1754 1470 eritis
1783 1415 1825 1468 si
1864 1414 2079 1486 feceritis

491 1529 571 1564 ea.
619 1512 704 1565 18.
740 1509 859 1564 Non
890 1511 953 1564 de
988 1510 1218 1564 omnibus
1261 1510 1395 1563 vobis
1423 1509 1569 1568 dico.
1599 1508 1686 1561 sed
1726 1519 1781 1560 ut
1811 1508 2080 1574 impleatur

493 1603 764 1671 Scriptura
791 1617 808 1655 :
843 1601 940 1668 Qui
969 1602 1242 1654 manduca!
1281 1616 1462 1669 panem
1495 1615 1718 1664 mecum,
1752 1599 1932 1651 levavit
1967 1597 2076 1650 cal-

492 1711 699 1749 caneunt
739 1711 885 1748 suum
925 1703 1100 1747 contra
1128 1708 1224 1751 me.
1257 1692 1310 1746 ld
1341 1690 1482 1761 quod
1512 1691 1756 1759 superius
1794 1690 1945 1755 dixit,
1992 1689 2079 1746 hic

494 1801 706 1857 quoque
735 1785 958 1854 repetit,
990 1794 1047 1838 ut
1077 1784 1380 1853 redarguat.
1413 1783 1543 1836 Nam
1573 1784 1617 1838 si
1653 1798 1756 1836 non
1786 1792 1869 1837 est
1894 1798 2078 1837 servus

492 1878 666 1948 major
687 1878 904 1931 domino
933 1890 1052 1939 suo.
1087 1891 1262 1945 neque
1287 1875 1562 1943 apostolus
1590 1875 1757 1944 major
1778 1889 1844 1929 eo
1868 1877 1956 1944 qui
1979 1878 2080 1928 mi-

491 1971 564 2024 sit
593 1971 802 2037 ipsum;
835 1978 890 2022 et
923 1968 966 2022 si
1001 1970 1099 2022 hoc
1135 1983 1165 2022 a
1207 1982 1293 2021 me
1322 1966 1518 2021 factum
1550 1976 1632 2021 est
1669 1985 1682 2020 :
1713 1968 1880 2022 multo
1912 1968 2078 2036 magis

491 2077 522 2116 a
565 2061 715 2115 vobis
756 2059 847 2113 ﬁat
890 2067 1120 2129 oportet.
1167 2057 1400 2123 Deinde,
1446 2072 1514 2112 ne
1548 2057 1665 2127 quis
1693 2058 1937 2111 diceret:
1970 2057 2079 2111 Cur

490 2149 595 2206 ltoc
621 2149 790 2203 dicis?
818 2164 959 2204 nunc
992 2151 1136 2204 enim
1164 2148 1430 2204 nescimus
1458 2165 1472 2202 :
1504 2147 1606 2203 hoc
1633 2147 1804 2218 ipsum
1840 2147 2032 2216 adjecit
2060 2164 2074 2201 :

490 2244 605 2300 Non
639 2255 693 2300 ut
721 2243 1083 2315 ignorantibus
1107 2243 1222 2297 haec
1245 2242 1398 2297 dico:
1428 2241 1522 2299 sed
1545 2251 1603 2295 ut
1627 2257 1722 2310 per
1749 2256 1932 2310 opera,
1956 2255 2074 2311 qua:

489 2339 631 2392 dicta
660 2349 784 2391 sunt
812 2336 1126 2396 exhibeatis.
1165 2334 1295 2389 Nam
1336 2333 1476 2391 scire
1513 2334 1752 2403 quidem,
1793 2333 2072 2396 omnium;

489 2429 666 2491 facere
697 2446 824 2484 vero
841 2471 855 2494 ,
880 2444 984 2490 non
1007 2428 1269 2489 omnium.
1298 2427 1422 2482 ldeo
1451 2426 1592 2481 enim
1623 2425 1724 2480 hoc
1745 2425 1906 2491 dicit,
1932 2422 2077 2478 Beati

489 2525 608 2581 estis
637 2524 681 2578 si
710 2525 816 2584 licet:
846 2522 1084 2593 feceritis.
1114 2520 1238 2576 ldeo
1265 2518 1696 2590 frequentissime
1722 2517 1825 2572 hoc
1851 2526 2034 2586 repeto
2055 2557 2070 2582 ,

489 2616 592 2673 etsi
631 2630 727 2669 vos
764 2614 945 2671 sciatis
967 2653 982 2677 ,
1016 2621 1074 2668 ut
1101 2627 1195 2666 vos
1236 2610 1302 2665 ad
1339 2610 1600 2680 agendum
1645 2608 1912 2663 inducam.
1941 2607 2075 2662 Nam

489 2707 650 2767 etiam
690 2705 863 2764 Judaei
907 2713 1137 2768 norunt,
1171 2701 1263 2758 sed
1295 2717 1402 2755 non
1431 2701 1548 2755 ideo
1577 2709 1702 2754 sunt
1744 2699 1885 2754 beati
1910 2739 1924 2759 .
1952 2713 2074 2754 cum

488 2800 605 2853 haec
629 2814 731 2855 non
763 2797 980 2857 faciant.
1015 2796 1136 2850 Non
1163 2796 1224 2848 de
1249 2795 1479 2848 onmibus
1520 2794 1657 2848 vobis
1704 2793 1836 2848 dico.
1880 2791 2072 2861 Papae,

487 2900 683 2963 quanta
725 2889 1008 2960 patientia!
1056 2887 1302 2943 Nondum
1351 2887 1679 2955 proditorem
1725 2887 1932 2956 arguit,
1978 2884 2075 2940 sed

487 3002 604 3042 rem
636 2985 855 3055 obtegit,
896 2984 1020 3037 hinc
1064 2982 1138 3037 illi
1176 2980 1502 3051 pmnitentiae
1544 2981 1718 3034 locum
1749 2978 2071 3034 concedens.

487 3079 558 3140 Et
599 3075 774 3148 arguit
811 3084 865 3130 et
907 3090 1012 3129 non
1041 3074 1232 3143 arguit,
1267 3071 1380 3126 haec
1407 3071 1589 3126 dicens
1627 3088 1642 3126 :
1682 3070 1780 3137 Qui
1805 3070 2075 3124 manduca:

488 3185 673 3241 panem
699 3183 913 3233 mecum,
948 3165 1123 3219 le'vavit
1148 3165 1439 3225 calcaneum
1465 3178 1609 3216 suum
1631 3173 1806 3216 contra
1841 3178 1938 3215 me.
1981 3161 2073 3216 Vi-

485 3264 641 3325 detur
665 3260 794 3316 mihi
825 3258 974 3321 illttd,
1008 3256 1060 3312 Ν
1065 3274 1129 3311 οη
1153 3267 1225 3311 est
1249 3273 1419 3311 servus
1450 3259 1616 3324 major
1641 3256 1845 3309 domino
1868 3271 1979 3318 suo,
2004 3253 2072 3308 ad

484 3356 590 3411 hoc
618 3354 816 3412 dictum
846 3365 984 3415 esse,
1022 3359 1080 3403 ut
1106 3349 1152 3403 si
1180 3349 1412 3420 quipiam
1442 3363 1473 3402 a
1498 3348 1686 3414 servis,
1723 3347 1806 3401 vel
1843 3347 1961 3402 aliis
1989 3346 2072 3402 vi-

484 3446 710 3505 lioribus
737 3442 981 3514 personis
1009 3440 1298 3512 quidquam
1343 3439 1464 3501 mali
1510 3440 1796 3509 patiantur,
1845 3454 1913 3494 ne
1957 3448 2072 3499 tur-

482 3537 710 3600 bentur,
754 3535 819 3590 ad
861 3533 1012 3596 Judze
1048 3531 1351 3600 exemplum
1382 3531 1749 3605 respicientes,
1781 3530 1871 3600 qui
1912 3531 2072 3586 innu-

481 3645 630 3686 mera
677 3633 1036 3695 consequutus
1083 3624 1219 3678 bona
1251 3665 1266 3690 ,
1316 3623 1582 3681 contraria
1627 3622 1892 3695 rependit.
1946 3621 2072 3677 Ideo

487 3721 759 3786 subdidit,
807 3718 906 3792 Qui
959 3717 1231 3770 manducat
1283 3730 1478 3768 mecum
1522 3731 1740 3784 partem;
1789 3714 2072 3785 missisque

481 3815 604 3868 aliis
631 3811 881 3873 omnibus
907 3851 922 3876 ,
957 3809 1057 3862 hoc
1079 3849 1094 3872 ,
1123 3806 1262 3875 quod
1295 3807 1466 3874 ipsum
1500 3815 1703 3875 poterat
1732 3805 1983 3861 cohibere
2017 3815 2072 3860 et

481 3906 688 3978 pudore
713 3903 949 3964 aflicere,
976 3898 1212 3970 protulit.
1237 3897 1336 3964 Qui
1366 3911 1394 3950 a
1422 3912 1507 3951 me
1534 3896 1794 3962 alebatur,
1823 3896 1912 3966 qui
1939 3895 2068 3951 mihi

479 4012 682 4054 mensa:
710 4007 932 4049 consors
966 3998 1110 4052 erat,
1141 3989 1329 4059 inquit.
1371 3989 1496 4043 Haec
1538 4003 1696 4058 porro
1733 3989 1982 4056 dicebat,
2010 3999 2071 4047 ut

484 4090 610 4143 illos
637 4085 939 4140 institueret
981 4080 1048 4134 ad
1092 4079 1349 4134 beneﬁcia
1383 4080 1447 4133 iis
1480 4080 1810 4149 praestanda,
1847 4081 1936 4152 qui
1966 4079 2070 4135 sibi

481 4183 684 4239 malum
728 4177 1009 4240 inferrent,
1055 4174 1262 4228 etiamsi
1311 4171 1631 4229 insanabiles
1677 4161 1882 4230 essent.
1935 4173 2066 4255 Cu'tu

479 4274 612 4333 dicit
633 4279 834 4336 autem,
877 4266 1000 4328 Non
1027 4264 1090 4318 de
1116 4265 1251 4319 vobis
1277 4265 1508 4318 omnibus
1549 4265 1661 4318 dico
1683 4307 1698 4330 ,
1723 4280 1790 4319 ne
1817 4265 2068 4320 omnibus

482 4371 729 4430 timorem
759 4363 1043 4422 incuteret,
1069 4356 1217 4417 illum
1243 4355 1452 4410 tandem
1481 4365 1726 4426 segregat
1749 4355 1833 4415 his
1854 4357 2029 4411 verbis
2046 4397 2063 4423 ,

480 4460 580 4522 Qui
604 4453 874 4515 manducat
899 4467 1093 4512 mecum
1117 4464 1317 4521 panem.
1351 4446 1483 4508 Illud
1514 4448 1678 4511 enim,
1711 4445 1833 4500 Non
1860 4447 1923 4502 de
1965 4463 2069 4502 ont-

475 4550 642 4610 nibus,
673 4561 777 4600 non
806 4545 1024 4605 omnino
1053 4556 1216 4594 unum
1239 4539 1540 4608 quempiam
1567 4536 1910 4607 designabat:
1940 4553 2066 4608 pro-

474 4653 655 4716 plcrea
680 4635 935 4701 subdidit,
971 4632 1074 4698 Qui
1100 4632 1374 4685 manducat
1404 4646 1601 4690 mecum
1621 4646 1826 4701 panem,
1865 4631 2064 4686 misero

475 4733 789 4792 declarans,
837 4742 897 4782 se
945 4740 1050 4779 non
1102 4725 1435 4794 ignorantem
1465 4722 1558 4776 sed
1589 4723 1759 4794 probe
1801 4723 2062 4780 scientem

477 4819 882 4893 comprehendi,
915 4817 966 4872 id
999 4817 1140 4887 quod
1178 4817 1327 4870 illum
1370 4817 1601 4870 maxime
1628 4816 1880 4874 cohibere
1906 4825 2061 4888 pote-

472 4931 578 4982 rat,
607 4916 790 4986 Neque
825 4911 979 4978 dixit,
1025 4909 1209 4964 Tradit
1255 4925 1370 4974 tne;
1416 4909 1532 4976 sed,
1561 4908 1766 4964 Levavit
1795 4927 1947 4980 super
1983 4925 2064 4964 me

472 4987 788 5072 calcaneum,
828 5014 884 5058 ut
909 5003 1089 5057 dolum
1119 5011 1173 5054 et
1197 5001 1430 5056 occultas
1458 5001 1676 5056 insidias
1705 5002 2019 5057 declararet.

543 5104 595 5157 '5.
642 5099 798 5154 Miser
816 5105 910 5160 est,
939 5112 1036 5147 non
1058 5093 1143 5158 qui
1165 5094 1374 5162 patitur,
1396 5095 1484 5147 sed
1506 5096 1594 5164 qui
1615 5097 1766 5166 infert
1794 5095 2056 5165 injuriam.

468 5196 672 5250 ——llaec
702 5206 860 5262 porro
881 5188 1076 5257 scripta
1101 5195 1244 5250 sunt,
1272 5196 1332 5240 ut
1360 5203 1426 5241 ne
1445 5187 1687 5257 injuriam
1710 5187 2060 5243 inferentibus

467 5297 915 5345 succenseatnus,
960 5279 1055 5332 sed
1100 5279 1219 5331 illos
1267 5294 1552 5348 arguamus
1599 5290 1653 5333 et
1680 5278 2052 5350 deploremus.

468 5375 744 5448 Lacrytnis
760 5373 902 5428 cnim
931 5370 1073 5440 digni
1095 5378 1240 5431 sunt,
1276 5387 1378 5422 non
1407 5371 1686 5438 patientes,
1706 5371 1800 5426 sed
1827 5372 2058 5427 inferen-

469 5482 551 5525 tes
581 5466 850 5537 injuriam.
895 5461 1027 5520 Nam
1067 5475 1126 5515 sc
1169 5461 1399 5514 maxime
1431 5461 1633 5515 hcdunt
1659 5471 1860 5531 raptor,
1898 5478 2054 5535 syco-

471 5561 688 5640 phanta,
720 5555 838 5611 etsi
867 5553 958 5625 qui
1010 5549 1154 5604 aliud
1203 5550 1328 5604 mali
1385 5550 1652 5618 inferant;
1697 5553 1850 5607 nobis
1876 5564 2052 5608 autem

467 5652 624 5717 valde
665 5655 919 5718 prosunt,
973 5644 1075 5698 nisi
1127 5659 1226 5698 nos
1277 5644 1378 5713 ipsi
1425 5645 1764 5710 ulciscatnur.
1809 5647 2053 5718 Exempli

467 5759 651 5810 causa,
681 5740 855 5810 rapuit
879 5738 1164 5808 quiSpiatn,
1195 5745 1249 5797 et
1283 5745 1338 5790 tu
1365 5753 1464 5816 pro
1490 5739 1681 5807 injuria
1711 5740 1912 5809 gratias
1941 5741 2051 5796 Deo

474 5833 625 5908 egisti
647 5873 660 5899 ,
681 5832 884 5901 ipsique
919 5827 1143 5899 gloriam
1169 5829 1430 5890 rctulisti?
1454 5831 1553 5886 l’cr
1577 5833 1862 5903 gratiarum
1885 5835 2048 5892 actio-

1193 385 1250 443 S.
1287 385 1566 442 JOANNIS
1600 381 2068 440 CHRYSOSTOMI
2108 383 2426 440 ARCHILP.
2465 386 3001 446 CONSTANTINOP.

3667 395 3774 450 388

2193 512 2315 552 nem
2348 498 2624 554 innumera
2663 502 2878 572 praemia
2904 511 3262 574 consequutus
3289 517 3387 560 es:
3418 505 3769 576 quemadnm-

2187 589 2312 644 dum
2345 591 2431 645 ille
2470 591 2788 652 immensum
2829 595 2929 649 sibi
2985 595 3161 665 ignem
3215 599 3508 668 apparavit.
3550 591 3615 653 Si
3648 604 3767 669 quis

2188 698 2316 737 vero
2341 683 2533 738 dixerit
2560 702 2573 737 :
2601 685 2757 752 Quid,
2789 686 2832 739 si
2881 686 3102 742 inferior
3136 703 3256 741 cum
3280 703 3476 756 essem,
3516 689 3764 760 injuriam

2188 787 2295 826 non
2347 774 2493 842 potui
2545 776 2891 844 propulsare?
2939 777 3307 846 responderim
3358 795 3487 849 ego,
3538 780 3762 834 Potuisti

2189 867 2448 937 indignari
2493 878 2547 922 et
2588 884 2953 924 succensere:
2988 869 3103 925 hare
3145 872 3286 928 enim
3331 873 3384 927 in
3431 882 3611 928 nostra
3640 882 3767 928 sunt

2187 968 2470 1028 potestate,
2505 960 2784 1029 imprecari
2815 961 3050 1026 laedenti,
3079 963 3359 1032 ipsumque
3401 964 3552 1024 mille
3597 964 3763 1020 male-

2185 1052 2343 1106 dictis
2356 1053 2604 1121 prosequi
2629 1061 2684 1106 et
2701 1052 2978 1107 infamare.
3011 1053 3108 1121 Qui
3134 1053 3233 1108 hoc
3256 1070 3359 1110 non
3387 1055 3528 1116 facit,
3554 1057 3764 1109 omissa:

2187 1145 2436 1198 vindicta:
2473 1145 2771 1200 mercedem
2803 1146 3039 1215 reciplet.
3064 1144 3283 1202 Constat
3307 1148 3446 1202 enim
3470 1161 3611 1211 eum,
3643 1164 3762 1202 cum

2186 1235 2290 1292 hoc
2313 1247 2493 1307 posset
2525 1238 2719 1300 facere,
2745 1253 2848 1292 non
2871 1237 3065 1293 fecisse
3093 1247 3293 1294 tamen.
3319 1239 3449 1293 Nam
3475 1241 3563 1309 qui
3604 1240 3763 1295 hesus

2185 1335 2287 1392 est,
2318 1328 2488 1382 obviis
2518 1327 2818 1398 quibusque
2855 1330 3018 1384 armis
3068 1329 3234 1383 utitur
3257 1370 3271 1394 ,
3304 1330 3350 1384 si
3381 1329 3625 1399 injuriam
3655 1344 3763 1384 non

2186 1418 2339 1482 ferat,
2375 1419 2688 1482 maledictis,
2733 1419 3010 1485 conviciis,
3044 1420 3251 1475 insidiis
3299 1421 3579 1475 laedentem
3630 1420 3762 1475 ulci-

2185 1511 2372 1564 scitur.
2394 1510 2474 1564 Ab
2498 1510 2579 1564 his
2594 1526 2720 1581 ergo
2741 1523 2794 1563 tu
2813 1511 2855 1565 si
2881 1526 2984 1564 non
3004 1511 3162 1564 modo
3182 1511 3469 1575 abstineas,
3493 1511 3585 1567 sed
3603 1512 3763 1566 etiam

2187 1619 2284 1673 pro
2331 1603 2422 1656 illo
2471 1603 2724 1672 preceris,
2756 1601 2858 1656 hoc
2898 1612 3053 1672 pacto
3085 1602 3194 1657 Deo
3223 1603 3411 1657 similis
3435 1601 3653 1658 effectus
3679 1617 3758 1656 es.

2189 1693 2361 1758 Orate,
2390 1693 2578 1763 inquit,
2627 1709 2720 1762 pro
2767 1693 3174 1761 persequentibus
3216 1708 3323 1758 vos,
3355 1703 3410 1746 ut
3440 1693 3548 1746 sitis
3577 1692 3764 1746 similes

2186 1785 2334 1840 Patri
2360 1795 2538 1850 vestro,
2564 1787 2734 1856 quiest
2762 1786 2816 1839 in
2843 1785 2980 1840 caalis
3007 1785 3216 1855 (Matth.
3245 1785 3298 1841 5.
3321 1786 3410 1844 44.
3439 1786 3552 1855 45).
3576 1785 3764 1848 Viden’

2184 1888 2381 1947 quanta
2432 1879 2697 1933 lucremur
2721 1894 2790 1934 ex
2838 1878 2999 1933 illatis
3029 1879 3272 1948 injuriis?
3320 1879 3462 1933 Nihil
3493 1880 3562 1934 ita
3595 1879 3762 1935 Deum

2184 1971 2433 2038 deleCtat,
2463 1982 2521 2025 ut
2546 1988 2651 2026 non
2674 1971 2903 2027 reddere
2932 1973 3127 2027 malum
3147 1988 3242 2042 pro
3255 1972 3415 2038 malo,
3432 1973 3537 2027 imo
3566 1972 3762 2028 bonum

2183 2080 2281 2136 pro
2315 2065 2453 2118 malo
2494 2063 2740 2120 reddere.
2767 2063 3048 2119 Contraria
3087 2080 3215 2134 ergo
3244 2065 3465 2120 reddere
3486 2064 3758 2134 jubetnur,

2184 2154 2379 2219 ofﬁcia,
2415 2168 2618 2223 preces.
2649 2153 2774 2210 ldeo
2799 2154 3041 2210 Christus
3075 2170 3196 2209 eum
3238 2155 3327 2223 qui
3377 2169 3434 2208 se
3461 2155 3762 2224 proditurus

2183 2255 2300 2301 erat
2344 2245 2618 2301 beneﬁciis
2643 2246 2926 2309 afﬁciebat,
2982 2246 3146 2316 pedes
3175 2247 3291 2316 ejus
3345 2247 3574 2314 lavabat,
3624 2247 3760 2306 clam

2181 2337 2456 2408 arguebat,
2478 2353 2632 2406 parce
2662 2337 3105 2407 reprehendebat,
3128 2338 3338 2402 ofﬁciis,
3356 2351 3557 2402 mensa,
3580 2337 3763 2392 osculo

2182 2429 2516 2500 dignabatur.
2549 2428 2729 2498 Neque
2758 2437 2935 2482 tamen
2970 2429 3058 2482 ille
3088 2430 3331 2498 resipuit,
3372 2428 3466 2484 sed
3513 2428 3760 2483 Christus

2181 2538 2276 2577 sua
2305 2537 2467 2593 agens
2497 2523 2746 2592 perstitit.
2766 2521 2961 2577 Verum
2984 2529 3110 2592 age,
3134 2538 3416 2577 servorum
3439 2523 3680 2591 exemplo
3710 2530 3762 2576 te

2185 2613 2521 2680 erudiamus,
2550 2624 2729 2682 atque,
2766 2612 2906 2682 quod
2935 2611 3162 2666 validius
3189 2620 3291 2677 est,
3326 2628 3392 2666 ex
3425 2613 3539 2681 ipso
3584 2612 3761 2666 Veteri

2185 2703 2551 2768 Testamento,
2581 2716 2637 2758 ιιι
2683 2704 2862 2758 videas
2889 2720 2988 2758 nos
3017 2705 3213 2758 nullam
3243 2705 3633 2760 excusationem
3663 2703 3759 2757 ha.

2180 2793 2330 2864 bere,
2359 2796 2405 2850 si
2436 2795 2745 2866 injuriarum
2777 2794 3140 2850 recordemur.
3167 2794 3340 2848 Vultis
3382 2794 3596 2866 Moysen
3628 2795 3759 2851 affe-

2180 2903 2315 2953 ram,
2342 2888 2428 2943 vel
2449 2887 2609 2945 altius
2629 2888 2900 2958 repetant?
2925 2887 3135 2954 Quanto
3158 2887 3300 2941 enim
3324 2889 3610 2941 vetustiora
3637 2895 3761 2940 sunt

2179 2981 2446 3050 exempla,
2497 2989 2643 3034 tanto
2679 2980 2745 3035 ad
2789 2979 3218 3052 persuadendum
3275 2979 3503 3048 aptiora.
3548 2977 3759 3046 Quare?

2179 3072 2313 3146 Quia
2337 3081 2462 3127 tunc
2490 3071 2758 3128 difﬁcilior
2785 3081 2904 3126 erat
2941 3072 3133 3126 virtus.
3158 3069 3338 3141 Neque
3358 3071 3500 3125 enim
3531 3079 3655 3124 tunc
3679 3068 3757 3131 illi

2178 3166 2323 3236 leges
2347 3167 2575 3235 scriptas
2603 3163 2888 3230 habebant,
2932 3179 3037 3218 non
3067 3173 3304 3218 veterum
3336 3161 3618 3232 exempla;
3663 3160 3756 3216 sed

2177 3256 2319 3311 nuda
2357 3272 2453 3326 per
2495 3271 2553 3310 se
2582 3265 2768 3308 natura
2797 3254 3084 3324 pugnabat,
3118 3263 3172 3308 et
3220 3254 3336 3308 sine
3363 3265 3519 3325 portu
3545 3254 3630 3308 vel
3659 3268 3754 3312 ora

2179 3348 2374 3419 ubique
2427 3362 2556 3402 nare
2611 3346 2918 3415 cogebatur.
2985 3345 3322 3415 Quapropter
3373 3345 3485 3401 Noe
3536 3344 3757 3398 laudans

2179 3439 2475 3511 Scriptura,
2505 3453 2611 3494 non
2638 3437 2796 3493 modo
2823 3437 3117 3508 perfectum
3146 3447 3319 3500 vocat,
3348 3436 3444 3492 sed
3492 3436 3658 3501 addit,
3690 3435 3755 3490 In

2177 3535 2496 3606 generatione
2513 3549 2603 3587 sua
2624 3529 2828 3602 (Cenes.
2854 3531 2906 3586 6.
2928 3529 3006 3600 9).
3031 3530 3330 3586 Ostendens
3355 3529 3448 3583 illo
3493 3538 3756 3598 tempore,

2177 3641 2298 3682 cum
2321 3626 2486 3685 multa
2509 3632 2690 3679 essent
2733 3623 3114 3692 impedimenta
3141 3640 3154 3677 :
3190 3638 3311 3676 nam
3342 3621 3430 3676 alii
3461 3631 3581 3691 post
3606 3622 3757 3676 illum

2176 3719 2506 3782 claruerunt,
2536 3731 2640 3775 non
2674 3726 2849 3770 tamen
2869 3715 3014 3769 illum
3043 3714 3351 3769 inferiorem
3382 3712 3566 3768 fuisse.
3599 3713 3759 3768 Tem-

2176 3809 2396 3882 poribus
2417 3809 2559 3864 enim
2594 3807 2710 3863 suis
2739 3805 3007 3876 perfectus
3052 3814 3189 3860 erat.

2215 3901 2246 3956 J
2255 3902 2408 3971 oseph
2425 3901 2711 3970 exemplum
2725 3898 3072 3970 patientitB.-—
3086 3898 3216 3966 Quis
3237 3912 3365 3968 ergo
3380 3905 3502 3953 ante
3519 3897 3756 3969 Moysetn

2179 3997 2389 4068 patiens
2417 3994 2555 4049 fuit?
2600 3994 2793 4048 Beatus
2816 4007 2876 4046 ac
2899 4001 3150 4046 strenuus
3177 3991 3266 4046 ille
3291 3989 3511 4059 Joseph,
3544 3990 3631 4060 qui
3659 4005 3754 4044 ca-

2174 4088 2351 4142 stitate
2374 4086 2602 4156 fulgens,
2631 4099 2737 4138 non
2767 4085 2942 4138 minus
2963 4082 3212 4153 patientia
3245 4081 3592 4151 resplendttit.
3613 4080 3754 4143 Ven-

2172 4177 2315 4233 ditus
2339 4185 2422 4232 est
2452 4191 2572 4232 cum
2597 4174 2796 4228 nullum
2827 4174 3070 4236 lmsisset,
3104 4172 3212 4226 imo
3244 4171 3418 4226 ofﬁcia
3448 4171 3608 4226 etiam
3636 4187 3752 4226 scr-

2173 4272 2299 4326 vilia
2323 4270 2542 4325 omnino
2571 4267 2924 4337 praestitisset.
2963 4266 3066 4335 lpsi
3093 4266 3393 4321 convicium
3438 4265 3749 4331 intulerunt,

2172 4378 2272 4418 nec
2300 4378 2358 4418 se
2386 4362 2526 4416 nltus
2573 4371 2672 4425 est,
2731 4359 2854 4415 licet
2882 4369 3093 4427 patrem
3144 4371 3325 4413 secum
3360 4357 3575 4413 haberet
3613 4376 3625 4411 :
3656 4357 3750 4410 sed

2170 4454 2300 4509 abiit
2349 4453 2523 4506 cibum
2554 4451 2785 4505 all'erens
2815 4450 2918 4503 illis
2955 4449 3008 4503 in
3052 4448 3358 4513 desertum;
3390 4457 3445 4502 et
3495 4463 3614 4502 cum
3645 4462 3749 4502 non

2171 4544 2434 4599 inveniret
2478 4557 2590 4606 eos,
2650 4556 2752 4595 non
2794 4540 3102 4605 maledixit,
3135 4556 3310 4610 neque
3360 4555 3606 4594 reversus
3647 4549 3747 4602 est,

2168 4636 2379 4693 etiamsi
2402 4650 2586 4689 ansam
2614 4633 2850 4702 arripere
2884 4643 3085 4700 posset,
3117 4632 3160 4685 si
3189 4631 3471 4695 voluisset;
3504 4630 3597 4684 sed
3625 4646 3748 4700 erga

2169 4729 2291 4784 illas
2319 4727 2495 4793 feras,
2538 4740 2663 4795 erga
2709 4725 2829 4778 illos
2861 4725 3137 4786 immanes,
3193 4722 3372 4776 fratris
3414 4736 3627 4789 semper
3671 4722 3726 4774 af

2169 4820 2366 4875 fectum
2414 4819 2664 4874 servavit.
2714 4815 2921 4870 Rursus
2952 4814 3003 4868 in
3045 4827 3263 4868 carcere
3303 4812 3620 4866 constitutus
3645 4852 3660 4873 .
3697 4821 3750 4864 et

2167 4925 2383 4964 causam
2410 4919 2646 4979 rogatus,
2673 4907 2806 4960 nihil
2833 4906 2957 4960 mali
2984 4905 3052 4960 de
3090 4904 3344 4959 fratribus
3367 4903 3617 4972 loquutus
3646 4915 3745 4958 est.

2168 5002 2261 5058 sed
2293 5012 2513 5064 tantum,
2536 4999 2671 5053 Nihil
2696 4999 2830 5064 feci;
2851 5010 2926 5063 et,
2953 4999 3114 5054 Furta
3140 4999 3366 5053 sublatus
3389 5014 3503 5052 sum
3527 4998 3590 5055 de
3617 5006 3747 5055 terra

2169 5095 2500 5150 Hebraeorum
2530 5090 2681 5161 (Gen.
2727 5090 2816 5145 40.
2848 5092 2954 5160 l5).
2985 5093 3059 5144 Ac
3092 5101 3273 5158 postea
3302 5103 3490 5151 rursus
3519 5087 3610 5148 ubi
3643 5102 3734 5155 po-

2167 5199 2413 5249 testatem
2465 5186 2688 5257 accepit,
2723 5186 2842 5238 illos
2889 5184 3021 5237 aluit
3067 5193 3121 5237 et.
3159 5199 3188 5236 a
3239 5183 3395 5236 malis
3450 5181 3746 5238 innumeris

2163 5281 2374 5350 eripuit.
2401 5279 2532 5340 Nam
2559 5279 2602 5332 si
2624 5277 2920 5346 vigilemus,
2951 5291 3056 5327 non
3079 5283 3247 5343 potest
3263 5273 3489 5345 proximi
3511 5271 3741 5340 nequitia

2163 5386 2260 5427 nos
2291 5387 2322 5433 _a
2354 5371 2545 5424 virtute
2574 5368 2825 5438 dejicere.
2880 5367 2949 5420 At
2997 5365 3189 5418 fratres
3219 5366 3336 5432 ejus
3364 5371 3571 5417 contra.
3611 5359 3742 5414 Nam

2160 5471 2309 5521 veste
2351 5461 2504 5522 illum
2553 5467 2847 5522 exuerunt,
2894 5466 2949 5512 et
3011 5456 3256 5510 occidere
3301 5463 3601 5517 tentarunt,
3651 5468 3742 5506 so-

2160 5554 2471 5624 mniumque
2506 5551 2920 5621 exprobrarunt,
2951 5547 3162 5602 etiamsi
3186 5547 3362 5606 cibum
3384 5546 3450 5600 ab
3472 5546 3562 5602 illo
3589 5559 3742 5598 acce-

2159 5655 2372 5717 perant,
2400 5655 2557 5714 atque
2588 5644 2694 5697 vita
2726 5653 2780 5698 et
2829 5642 3081 5696 libertate
3125 5639 3272 5693 illum
3324 5637 3556 5708 spoliare
3605 5626 3738 5689 nite-

2155 5743 2368 5798 bantur.
2394 5738 2470 5792 Illi
2493 5736 2862 5796 comedebant,
2883 5744 2937 5788 et
2967 5734 3163 5788 nudum
3188 5730 3405 5786 fratrem
3432 5730 3483 5784 in
3504 5730 3736 5784 cisterna

2158 5833 2447 5894 demissum
2476 5827 2905 5885 contemnebant.
2937 5825 3074 5894 Quid
3108 5826 3204 5882 hac
3235 5822 3440 5879 feritate
3458 5820 3735 5876 deterius?
