4100 6362
484 329 618 387 639

508 444 706 513 γένοιτ’
747 441 815 497 ἃν
845 444 1062 516 χεῖρον;
1094 443 1277 498 πόσων
1306 442 1649 514 ἀνδροφόνων
1668 442 1771 495 οὐκ
1797 437 1938 512 ἦσαν
1966 441 2080 512 χεί-

480 544 669 599 -ρους;
700 528 812 581 Kal
843 528 980 598 μετὰ
1001 528 1173 582 ταῦτα
1203 527 1260 581 δὲ
1282 526 1446 581 αὑτὸν
1475 524 1869 588 ἀνελκύσαντες
1903 537 1952 590 ι,
1979 541 2081 595 μυ-

511 613 649 684 ρίοις
670 611 921 675 θανάτοις
948 611 1294 684 παρέδωκαν,
1312 608 1619 681 ἀνθρώποις
1651 607 1948 680 βαρϐάροις
1986 608 2081 660 καὶ

506 693 722 765 ἀγρίοις
751 694 911 747 αὑτὸν
941 694 1270 765 ἀποδόμενοι
1300 693 1439 766 πρὸς
1471 692 1779 764 βαρϐάρους
1801 690 2081 763 μέλλουσιν

440 774 465 851 β’
505 776 749 832 ἀπιέναι.
791 776 929 830 Ἀλλ’
963 777 1121 841 αὐτὸς
1156 778 1443 847 γενόμενος
1479 775 1768 846 βασιλεὺς,
1825 774 1884 827 ού
1920 772 2082 843 μόνον

506 857 609 927 τὴν
634 856 906 927 τιμωρίαν
934 856 1121 920 αὐτοῖς
1142 857 1379 926 ἀφῆκεν,
1399 854 1533 909 ἀλλά
1561 854 1655 907 καὶ
1680 853 1780 923 τῆς
1804 851 2081 923 ἁμαρτίας

507 938 728 1005 αὐτοὺς,
752 938 816 992 τό
842 955 906 1007 γε
931 941 1010 1003 είς
1043 939 1204 993 αὑτὸν
1230 936 1385 1012 ἧκον,
1412 935 1741 1008 ἀπήλλαξεν,
1772 933 2081 1004 οἰκονομίαν

484 1021 644 1075 -Θεοῦ
670 1021 740 1075 τὰ
765 1022 1104 1092 γεγενημένα
1122 1022 1324 1085 καλῶν,
1341 1023 1401 1075 οὐ
1418 1020 1685 1093 πονηρίαν
1699 1018 1944 1073 ἐκείνων.
1972 1017 2083 1072 Kal

507 1104 652 1177 ἀπερ
680 1105 737 1159 δὲ
763 1106 1019 1176 ἐποίησεν
1060 1108 1141 1169 εἰς
1169 1106 1385 1167 αὐτοὺς,
1431 1105 1492 1158 οὐ
1536 1101 1917 1174 μνησικακῶν,
1964 1100 2080 1154 ἀλλ’

509 1188 654 1258 ὑπὲρ
689 1188 785 1242 τοῦ
832 1188 1060 1257 ἀδελφοῦ
1092 1188 1263 1241 ταῦτα
1305 1189 1482 1242 πάντα
1523 1186 1874 1257 ὑπεκρίνατο.
1928 1182 2083 1237 Μετά

504 1270 640 1341 γοῦν
667 1270 839 1325 ταῦτα
857 1271 1045 1340 ἐπειδὴ
1064 1265 1203 1325 εἶδεν
1231 1268 1625 1340 ἀντεχομένους
1641 1266 1806 1323 αὐτοῦ
1828 1268 1878 1330 b,
1893 1265 2083 1337 ἐρῤιψε

488 1353 569 1406 τὸ
596 1356 939 1426 προσωπεῖον
961 1353 1163 1415 εὐθέως
1184 1353 1279 1406 καὶ
1305 1350 1535 1415 ὼλόλυξε
1558 1351 1655 1405 καὶ
1687 1349 2085 1420 περιεπτύξατο

486 1437 583 1501 πῶς
614 1438 683 1491 τά
725 1438 955 1509 μέγιστα
994 1434 1450 1507 εὐηργετημένος,
1476 1436 1504 1487 ὀ
1532 1434 1701 1487 πάλαι
1749 1432 1879 1502 παρ’
1909 1429 2084 1484 αὐτῶν

504 1524 851 1596 ἀνῃρημένος
872 1542 886 1556 ·
920 1524 1011 1579 καί.
1054 1524 1261 1585 πάντας
1309 1522 1505 1585 αὐτοὺς
1539 1522 1619 1584 είς
1652 1520 1931 1588 Αἴγυπτον
1954 1534 2084 1571 κατ-

572 1629 720 1682 ⁴Αιίὶ
740 1629 1111 1684 ἀνασπάσαντες.
1178 1626 1206 1664 ³)
1226 1626 1397 1676 Morel.
1420 1626 1759 1688 ἀπεχομένους
1780 1622 1969 1678 αὐτούς.

1222 328 1279 383 S.
1314 325 1599 383 JOANNIS
1634 320 2126 381 CHRYSOSTOMI
2162 324 2482 385 ARCﬂlEP.
2522 324 3067 385 CONSTANTINOP.

3648 329 3752 387 390

2181 444 2376 514 ήγαγε,
2409 446 2505 498 καί⁸
2544 444 2766 515 μυρίαις
2790 443 3129 515 εὐεργεσίαις
3170 440 3457 513 ἠμείψατο.
3486 443 3619 497 Τίνα
3659 439 3752 497 οὖν

2180 527 2374 598 ῑξομεν
2393 528 2689 596 ἀπολογίαν
2713 528 2849 599 μετά
2875 527 3037 597 νόμον
3058 526 3151 580 καὶ
3171 528 3332 597 χάριν
3359 527 3453 579 καί
3479 526 3751 599 τοσαύτης

2181 611 2498 681 φιλοσοφίας
2527 611 2787 674 ἐπίδοσιν,
2826 610 2959 681 μηδέ
2996 610 3087 663 τὸν
3135 610 3241 680 πρὸ
3270 609 3366 678 τῆς
3407 609 3627 679 χάριτος
3658 610 3751 664 καὶ

2179 694 2274 747 τοῦ
2307 694 2473 765 νόμου
2521 692 2896 764 ζηλώσαντες;
2943 692 3026 755 τίς
3071 693 3218 763 ἡμᾶς
3262 692 3607 763 ἐξαιρήσεται
3649 691 3750 761 τῆς

2181 778 2490 842 κολάσεως;
2522 777 2596 830 Οὐ
2620 778 2727 848 γάρ
2750 775 2881 841 ἔστι,
2912 776 3013 829 οὐκ
3034 774 3147 828 ἐστι
3178 793 3232 827 τι
3268 774 3629 846 μνησικακίας
3648 790 3750 844 χα-

2181 862 2509 931 λεπώτερον.
2548 861 2658 914 Kal
2689 858 2847 912 τοῦτο
2876 858 3142 929 ἐδήλωσεν
3161 859 3190 911 ό
3221 858 3288 910 τὰ
3323 858 3492 927 μυρία
3514 856 3752 910 τάλαντα

2180 946 2411 1015 ὀφείλων
2429 958 2443 974 ·
2478 941 2596 997 εἶτα
2612 944 2711 996 οὑκ
2730 940 3063 1011 ,ἀπαιτηθεὶς
3084 941 3179 994 καὶ
3204 940 3362 993 πάλιν
3397 938 3748 1010 ἀπαιτηθείς⁶

2181 1031 2282 1084 οὐκ
2300 1026 2623 1097 ἀπαιτηθεκ
2657 1024 2774 1095 μὲν,
2805 1023 2894 1077 διὰ
2913 1025 3013 1096 τὴν
3035 1024 3130 1077 τοῦ
3144 1023 3281 1077 Θεοῦ
3309 1022 3718 1095 φιλανθρωπίαν
3732 1038 3747 1053 ·

2182 1111 2506 1182 ἀπαιτηθείς
2531 1109 2589 1162 δὲ
2622 1108 2711 1162 διὰ
2736 1109 2833 1178 τὴν
2860 1107 3067 1161 οίκείαν
3096 1107 3381 1177 πονηρίαν,
3403 1106 3498 1160 καὶ
3523 1105 3584 1159 τδ
3616 1122 3753 1177 μνη-

2154 1222 2155 1225 η
2184 1195 2481 1264 ακακῆσαι
2498 1191 2578 1263 τῷ
2598 1189 2887 1260 συνδούλῳ.
2907 1190 3084 1260 "Amp
3122 1189 3301 1243 πάντα
3332 1188 3611 1259 μαθόντες,
3644 1189 3750 1257 ἀφο

2162 1314 2165 1315 ν
2189 1279 2343 1350 ῶμεν
2364 1279 2476 1341 τοῖς
2504 1274 2730 1345 πλησίον
2752 1273 2819 1327 τὰ
2836 1274 3053 1344 ἀμαρτή
3062 1287 3225 1343 ματα,
3246 1272 3342 1326 καὶ
3356 1274 3469 1335 τοῖς
3491 1271 3751 1336 ἐναντίοις

2183 1362 2379 1425 αὐτοὺς
2409 1356 2788 1430 ἀμειϐὡμεθα,
2820 1356 2910 1411 ἵνα
2941 1356 3035 1409 καί⁵
3060 1355 3160 1426 τῆς
3191 1355 3342 1427 παρά
3378 1355 3471 1409 τοῦ
3497 1355 3631 1409 Θεοῦ
3656 1354 3752 1408 τύ-

2183 1462 2370 1520 χωμεν
2415 1442 2846 1514 φιλανθρωπίας,
2903 1440 3087 1512 χάριτι
3120 1440 3215 1520 καὶ
3256 1437 3750 1511 φιλανθρωπίᾳτοῦ

2184 1516 2387 1602 Κυρίου
2421 1528 2577 1599 ἡμῶν
2623 1524 2797 1593 Ἰησοῦ
2827 1521 3086 1595 Χριστοῦ,
3120 1516 3165 1591 ᾧ
3187 1525 3220 1593 ἡ
3249 1522 3377 1589 δόξα
3403 1524 3498 1576 καὶ
3530 1522 3591 1575 τὸ
3617 1522 3752 1594 κρά-

2182 1632 2274 1678 τος
2299 1615 2379 1676 εἰς
2397 1613 2524 1675 τοὺς
2549 1610 2751 1674 αἰῶνας
2774 1608 2882 1662 τῶν
2906 1606 3135 1662 αἰώνων.
3172 1607 3364 1678 Ἀμήν.

507 1734 3737 1785 _____________________________________

1810 1830 1960 1905 [ηε]
1995 1828 2239 1885 omum
2278 1824 2402 1881 οε.

518 1935 726 2008 Ἀμὴν,
777 1932 941 2008 ὐμῂις
971 1928 1330 2008 λέγωᾷᾦμῖν,
1372 1931 1405 1984 ό
1438 1926 1769 2008 ,έῖαμὸρίνςιιν⁸
1797 1924 2073 2008 ἔας’τινα

575 1996 960 2076 Exigi-01,1110
997 1996 1305 2076 λαμϐᾴκει,
1345 1998 1462 2076 ¹καί
1507 1996 1539 2053 ὅ
1584 1996 1689 2068 ἐμὲ
1732 1996 2074 2065 λαμϐάνων,

576 2068 1009 2146 λαμϐάκείτόν
1038 2068 1359 2139 πέμψαντά
1393 2086 1481 2131 με.

571 2169 876 2239 α⁹.Μεγάλη
888 2166 989 2237 τῆς
1006 2166 1134 2237 περὶ
1153 2166 1277 2227 τοὺς
1293 2163 1508 2226 δούλους
1522 2161 1615 2216 τοῦ
1631 2159 1763 2214 Θεοῦ
1786 2157 2078 2230 θεραπείας

503 2256 539 2328 ἡ
573 2253 927 2314 ἀνταπόδοσις
974 2263 1025 2313 α,
1065 2250 1158 2303 καὶ
1205 2249 1332 2311 τοὺς
1366 2246 1613 2317 καρποὺς
1656 2242 1902 2328 ἐντεῦθεν
1945 2242 2077 2328 ἡμῖν

488 2322 846 2395 ἀποδίδωσιν.
893 2335 957 2388 '0
987 2334 1311 2403 δεχόμενος
1348 2330 1478 2402 γὰρ,
1530 2328 1715 2399 φησὶν,
1753 2324 1927 2395 ὑμᾶς,
1973 2322 2079 2393 ἐμὲ

502 2421 771 2489 δέχεται·
810 2421 843 2473 ὀ
868 2416 937 2470 δὲ
961 2414 1284 2485 λαμϐάνων
1324 2412 1449 2481 ἐμὲ,
1472 2409 1761 2481 λαμϐάνει
1804 2406 1911 2461 τὸν
1942 2404 2080 2475 πέμ-

492 2500 709 2574 ψαντά
748 2517 842 2571 με.
884 2498 991 2553 Τοῦ
1035 2498 1093 2551 δὲ
1137 2497 1229 2551 τὸν
1260 2496 1495 2567 Χριστὸν
1540 2493 1817 2559 δέξασθαι,
1851 2490 1945 2574 καὶ
1977 2489 2078 2574 τὸν

490 2570 696 2643 ,τούτου
728 2570 972 2653 Πατέρα,
1004 2581 1058 2634 τί
1104 2580 1304 2649 γένοιτ’
1344 2578 1411 2632 ἂν
1457 2578 1607 2641 ίσονς
1643 2576 1753 2629 Kal
1778 2573 1908 2627 ποία
1936 2570 2077 2643 αῦτη

494 2667 795 2724 ἀκολουθία
826 2665 959 2737 πρὸς
985 2664 1055 2719 τά
1084 2661 1392 2733 ἔμπροσθεν
1422 2658 1719 2732 εἰρημένα;
1749 2656 1802 2710 τί
1822 2656 1880 2709 δέ
1902 2655 2078 2737 κοινὸν

504 2753 620 2823 ιχει
652 2749 787 2823 πρὸς
823 2748 851 2801 ὃ
876 2736 1059 2811 εἶπεν,
1103 2746 1245 2801 Ἐὰν
1281 2743 1491 2811 ποιῆτε
1532 2740 1751 2823 ταῦτα,
1800 2736 2080 2823 μακάριοι

496 2820 664 2900 ἐστε,
697 2820 758 2885 τὸ
788 2832 1106 2899 ἐπαγαγεῖν,
1155 2829 1215 2881 ’0
1259 2826 1583 2895 δεχόμενος
1624 2821 1817 2893 imae;
1850 2820 2077 2891 Μεγάλη

502 2918 601 2972 καὶ
634 2915 839 2986 σφόδρα
885 2913 1217 2984 συνᾴδουσα·
1254 2911 1346 2963 καὶ
1396 2908 1589 2961 σκόπει
1621 2905 1759 2968 πῶς.
1805 2903 2021 2973 Ἐπειδὴ
2047 2903 2075 2943 ι)

488 2999 615 3071 ,γάρ
651 2997 873 3069 Ξμελλον
904 2996 1123 3062 ἐξιέναι,
1160 2993 1256 3047 καὶ
1301 2991 1472 3045 πολλά
1520 2990 1751 3060 πάσχειν
1788 2988 1956 3071 δεινά,
1985 2987 2078 3041 δύο

502 3069 724 3152 τρόποις
743 3079 940 3143 αὐτοὺς
969 3076 1405 3149 παραμυθεῖται·
1438 3072 1518 3127 ἐνί
1552 3073 1670 3143 μὲν,
1696 3071 1774 3142 τῷ
1794 3069 1923 3143 παρ’
1947 3071 2074 3123 ἐαυ-

500 3163 598 3218 τοῦ
620 3179 634 3193 ·
652 3162 824 3234 ἑτέρῳ
843 3160 921 3225 δέ,
942 3159 1020 3229 τῷ
1042 3158 1170 3231 παρ’
1185 3158 1406 3229 ἐτέρων.
1444 3156 1572 3211 Ἐάν
1598 3154 1707 3226 γὰρ
1729 3153 2074 3224 φιλοσοφῆτε,

492 3247 691 3317 φησὶν,
723 3245 823 3315 ἐμὲ
852 3242 942 3296 διά
988 3242 1190 3305 παντὸς
1223 3241 1439 3312 ἔχοντες
1474 3241 1532 3292 ἐν
1565 3238 1777 3311 μνήμῃ,
1812 3238 1908 3290 καὶ
1936 3236 2078 3310 ἀπερ

493 3330 727 3395 ιπαθον,
777 3327 872 3381 καὶ
922 3327 1067 3398 ἀπερ
1116 3325 1347 3395 ἐποίησα
1413 3322 1801 3395 περιφέροντες
1832 3320 2076 3387 ἅπαντα,

503 3413 705 3485 ῥαδίως
736 3412 911 3465 οίσετε
937 3410 1007 3464 τά
1026 3409 1194 3463 δεινά.
1219 3408 1294 3462 υύ
1320 3406 1495 3476 τούτῳ
1513 3405 1571 3459 δὲ
1600 3404 1746 3477 μόνῳ
1766 3404 1845 3475 τῷ
1868 3403 2076 3474 τρόπῳ,

500 3496 642 3551 ἀλλά
673 3495 766 3550 καὶ
796 3493 874 3566 τῷ
907 3492 1057 3564 παρά
1105 3493 1321 3546 πάντων
1352 3488 1555 3559 πολλῆς
1583 3487 1879 3542 ἀπολαύειν
1914 3486 2079 3557 θεραο

492 3579 686 3641 νπείας.
720 3578 830 3632 Kal
861 3576 924 3629 τὸ
949 3575 1048 3647 μὲν
1073 3574 1339 3645 πρότερον
1366 3571 1657 3642 ἐδήλωσεν,
1698 3569 1868 3624 εἰπών
1887 3585 1901 3600 ·
1938 3570 2081 3622 Ἐὰν

504 3660 718 3729 ποιῆτε
740 3659 947 3724 ταῦτα,
974 3656 1255 3729 μακάριοι
1279 3656 1420 3710 ἐστε
1442 3671 1457 3687 ·
1488 3654 1548 3709 τὸ
1571 3655 1628 3708 δὲ
1652 3654 1855 3726 ἕτερον,
1894 3652 1956 3706 '0
1985 3652 2080 3707 δε-

491 3744 759 3815 ηχόμενος
773 3738 947 3813 ὑμᾶς,
970 3739 1074 3811 ἐμὲ
1094 3739 1349 3810 δέχεται,
1379 3737 1573 3806 λέγων.
1596 3738 1706 3801 Τάς
1734 3735 1842 3808 γὰρ
1862 3736 2078 3790 πάντων

498 3826 739 3899 ἀνέῳξεν
764 3825 945 3889 αὐτοῖς
973 3823 1169 3888 οἰκίας,
1205 3822 1346 3875 ῶστε
1382 3821 1475 3875 καὶ
1502 3822 1567 3874 ἐκ
1590 3820 1691 3891 τῆς
1716 3820 1826 3875 τῶν
1860 3820 2078 3891 τρόπων

502 3908 842 3981 φιλοσοφίας,
871 3908 966 3962 καὶ
986 3908 1051 3961 ἐκ
1077 3908 1175 3977 τῆς
1193 3904 1301 3958 τῶν
1323 3903 1734 3975 θεραπευόντων
1764 3901 2080 3974 προθυμίας

500 3992 695 4063 διπλῆν
722 3990 867 4064 ἔχειν
894 3988 1257 4061 παράκλησιν.
1286 3982 1443 4054 Εἶτα,
1475 3985 1666 4056 ἐπειδὴ
1695 3984 1871 4040 ταῦτα
1896 3984 2079 4047 αὐτοῖς

496 4077 784 4142 διετάξατο
830 4074 907 4139 ὡς
961 4073 1214 4145 μέλλουσι
1263 4073 1364 4143 τὴν
1409 4070 1733 4143 οἰκουμένην
1775 4070 2080 4139 διατρέχειν

498 4158 757 4221 ιπασαν,
807 4155 1002 4210 ἐννοῶν
1045 4156 1126 4209 ὅτι
1178 4155 1454 4224 ἑκατέρων
1498 4154 1705 4207 τούτων
1733 4155 1762 4207 ὁ
1810 4152 2079 4224 προδότης

499 4241 906 4315 ἀπεστέρηται,
952 4240 1045 4293 καί
1072 4237 1283 4299 οὐδενὸς
1327 4236 1507 4290 αὐτῶν
1538 4236 1927 4300 ἀπολαύσεται,
1956 4234 2079 4289 οὔτε

499 4325 602 4396 τῆς
623 4326 682 4379 ἐν
712 4325 824 4386 τοῖς
851 4321 1034 4385 πόνοις
1060 4320 1357 4390 ὑπομονῆς,
1389 4319 1512 4373 οὔτε
1552 4320 1649 4390 τῆς
1686 4320 1794 4373 τῶν
1828 4320 2081 4389 ὑποδεχο-

496 4410 684 4483 μένων
731 4404 1026 4478 θεραπείας
1056 4415 1079 4443 ε
1108 4443 1125 4469 ,
1155 4404 1430 4474 ἐταράχθη
1478 4402 1661 4457 πάλιν.
1694 4402 1873 4472 Ὅπερ
1906 4402 2019 4483 καὶ,
2050 4404 2079 4455 ὁ

507 4482 896 4561 εὐαγγελιστης
948 4486 1474 4558 ἐπισημαινόμενος,
1524 4486 1619 4539 καὶ
1658 4484 1834 4556 δηλῶν
1876 4484 1961 4537 ὅτι
2003 4482 2069 4536 δι’

502 4576 707 4630 ἐκεῖνον
726 4571 1079 4645 ταράσσεται,
1096 4568 1291 4637 ἐπάγει
1308 4584 1322 4598 ·
1340 4567 1536 4622 Ταῦτα
1548 4568 1733 4622 εἰπὼν
1747 4571 1780 4622 ό
1809 4566 2068 4635 Ἰησοῦς,

501 4656 795 4726 ἐταράχθη
817 4653 899 4720 τῷ
924 4654 1234 4722 πνεύματι,
1249 4652 1752 4721 καὶέμαρτύρησε,
1766 4651 1862 4705 καὶ
1882 4646 2067 4704 εἶπεν·

500 4736 611 4805 Εἷς
632 4739 699 4804 ἐξ
721 4736 888 4807 ὑμῶν
912 4730 1251 4803 παράδώσει
1274 4750 1369 4803 με.
1397 4735 1566 4787 Πάλιν
1583 4735 1662 4797 εἰς
1691 4735 1896 4796 πάντας
1919 4749 2073 4802 περι-

507 4824 689 4893 ίστησι
718 4821 811 4873 τὸν
849 4818 1015 4888 φόϐον
1037 4816 1113 4888 τῷ
1151 4815 1227 4887 μὴ
1248 4816 1508 4885 ὀνομαστὶ
1528 4817 1701 4869 εἰπεῖν
1726 4832 1739 4846 ·
1776 4818 1825 4868 οἱ
1858 4816 1913 4868 δὲ
1945 4817 2073 4869 ἀπο-

512 4902 753 4976 ροῦνται,
783 4901 960 4955 καίτοι
1001 4900 1214 4962 ἑαυτοῖς
1250 4899 1416 4969 μηδὲν
1460 4897 1761 4960 συνειδότες
1794 4896 2027 4968 πονηρόν
2054 4913 2068 4927 ·

500 4987 613 5041 τῶν
636 4983 979 5055 οίκείωνχάρ
992 4980 1267 5052 λογισμῶν
1285 4980 1383 5051 τὴν
1402 4980 1673 5049 ἀπόφασιν
1695 4979 1790 5032 τοῦ
1833 4976 2070 5049 Χριστοῦ

500 5069 833 5144 πιστοτέραν
857 5065 1108 5138 ἡγοῦντο.
1148 5065 1238 5118 Διὸ
1270 5065 1366 5118 καί⁸
1408 5063 1633 5117 ἔϐλεπον
1675 5065 1755 5127 εἰς
1787 5062 2069 5133 ἀλλήλους.

498 5152 593 5223 Τῷ
623 5152 720 5223 μὲν
746 5144 839 5204 οὖν
866 5147 894 5186 ά
926 5151 1006 5213 εἰς
1027 5147 1125 5202 Eva
1149 5149 1477 5218 περιστῆσαι
1499 5147 1560 5200 τὸ
1583 5148 1710 5211 πᾶν,
1740 5146 2074 5215 ὑπετέμνετο

500 5235 593 5290 τὸν
621 5234 785 5304 φόϐον
805 5247 819 5261 ·
850 5230 929 5302 τῷ
955 5233 1013 5284 δὲ
1038 5230 1370 5302 προσθεῖναι,
1404 5227 1509 5294 Εἷς
1536 5228 1605 5294 ἐξ
1630 5227 1822 5299 ὑμῶν,
1851 5226 2073 5280 συνετά-

504 5334 703 5393 ρασσεν
733 5317 997 5380 ἅπαντας.
1026 5314 1090 5367 Τί
1119 5309 1249 5377 οὗν;
1276 5315 1338 5366 Ol
1371 5313 1469 5384 μὲν
1502 5311 1651 5366 ἄλλοι
1681 5312 1962 5383 βλέπουσιν
1991 5312 2073 5373 είς

500 5402 766 5474 ἀλλήλους
783 5417 797 5431 ·
829 5400 859 5452 ὁ
882 5398 939 5452 δὲ
966 5396 1241 5467 πανταχοῦ
1267 5396 1467 5468 θερμὸς
1493 5398 1697 5469 Πέτρος
1726 5397 1804 5467 τῷ
1853 5396 2073 5467 Ἰωάννῃ

501 5487 665 5541 νεύει.
700 5483 918 5554 Ἐπειδὴ
944 5483 1051 5553 γὰρ
1080 5483 1175 5536 καὶ
1197 5481 1460 5553 πρότερον
1481 5481 1806 5551 ἐπετιμήθη,
1835 5480 1928 5533 καὶ
1950 5479 2073 5549 βου-

500 5568 728 5643 λομένου
748 5567 897 5640 νίψαι
919 5565 1181 5632 ἐκώλυσε,
1203 5565 1300 5619 καί
1325 5564 1600 5635 πανταχοῦ
1624 5564 1937 5636 εὑρίσκεται
1964 5563 2073 5617 ἀπὸ

566 5740 596 5771 ⁸
615 5737 713 5790 Alii
733 5738 985 5794 ἀντίδοσις.
1043 5734 1076 5778 δ
1095 5732 1398 5797 Αιίἱηῦμᾶτω
1442 5734 1537 5783 Καὶ
1558 5728 1678 5797 πολὺ
1721 5731 1778 5781 τὸ
1816 5732 2073 5797 ἀκόλουθον

486 5802 632 5859 ἐστιν
672 5800 803 5849 ἰδεῖν.
852 5799 1062 5856 Ἔπειδή.
1129 5802 1151 5827 (³
1194 5795 1369 5859 ᾋρτει.
1395 5800 1457 5859 εἰ.
1483 5796 1678 5856 quidam
1710 5807 1827 5859 mss.
1861 5795 1969 5859 οὔτε
1989 5800 2073 5851 τῆς

504 5856 600 5909 ἀπὸ
641 5862 737 5908 τῶν
788 5854 1051 5921 δεχομένων
1092 5856 1329 5921 θερί-Μοξ
1365 5854 1553 5921 aliqum
1590 5869 1704 5921 Ipss.
1744 5857 2073 5917 ἐπεσημήνατο

490 5923 664 5976 ’δηλῶν
684 5920 791 5973 ’ὃτιη
814 5911 883 5985 η”δ
902 5911 983 5973 Sic
1001 5911 1155 5971 Sui]:
1178 5918 1350 5969 Morel.
1384 5911 1551 5978 τὸμὲν
1573 5916 1671 5967 οὖν.

2179 1918 2346 1973 πόθου
2378 1915 2478 1988 μὲν
2502 1913 2709 1987 ὁρμῶν,
2740 1910 3141 1982 ἐγκαλούμενος
3162 1910 3243 1976 δὲ,
3268 1910 3459 1965 τούτου
3484 1909 3640 1980 χάριν
3664 1910 3748 1963 δε-

2177 1999 2394 2065 δοικὼς,
2429 1996 2553 2052 οὔτε
2571 1996 2869 2069 ἡσύχασεν,
2889 1993 3012 2049 οὔτε
3040 1993 3357 2063 ἐφθέγξατο,
3375 1993 3509 2048 ἀλλά
3532 1993 3617 2048 διὰ
3648 1993 3748 2064 μέ-

2180 2100 2274 2137 σου
2304 2080 2399 2136 τοῦ
2440 2080 2690 2134 Ἰωάννου
2727 2078 2975 2147 βούλεται
3011 2076 3222 2148 μαθεῖν.

2264 2166 2471 2220 Ἐκεῖνο
2486 2164 2543 2217 δέ
2562 2164 2710 2230 ἀξιον
2726 2162 3071 2233 διαπορῆσαι,
3087 2161 3139 2213 τί
3155 2160 3351 2232 δήποτε
3368 2160 3581 2214 πάντων
3600 2160 3749 2228 ἀγω-

2177 2246 2444 2312 νιὼντων,
2484 2248 2792 2319 τρεμόντων
2818 2285 2836 2310 ,
2879 2244 2973 2297 τοῦ
3013 2245 3309 2316 κορυφαίου
3361 2243 3673 2307 δεδοικότος,
3717 2246 3748 2297 ὁ

2189 2333 2440 2404 Ἰωάννης
2465 2330 2653 2403 ῶσπερ
2688 2329 2968 2404 ἐντρυφῶν
3016 2328 3166 2401 [ιῖδῖ
3212 2329 3493 2383 ἀνάκειται
3543 2330 3620 2392 εἰς
3654 2327 3745 2381 τὸν

2177 2418 2377 2472 κόλπον
2390 2415 2485 2470 τοῦ
2511 2414 2709 2485 Ἰησοῦ·
2744 2415 2838 2469 καὶ
2860 2415 2960 2467 οὐκ
2980 2411 3260 2467 ἀνάκειται
3291 2412 3470 2483 μόνον,
3494 2410 3627 2464 ἀλλά
3652 2411 3746 2463 καὶ

2175 2500 2255 2571 τῷ
2285 2499 2498 2569 στήθει·
2530 2497 2703 2553 καὶοῦ
2723 2498 2879 2551 τοῦτο
2912 2496 3071 2567 μόνον
3097 2494 3245 2559 ἀξιον
3283 2495 3579 2565 ζητήσεως,
3609 2492 3746 2548 ἀλλά

2177 2584 2273 2637 καί
2297 2582 2358 2636 τὸ
2378 2582 2523 2651 ἐξῆς.
2560 2580 2704 2634 Τίδέ
2734 2579 2891 2634 τοῦτό
2915 2583 3091 2643 tactv;
3132 2579 3198 2630 Ὀ
3220 2578 3348 2648 περί
3371 2577 3559 2631 ἐαυτοῦ
3576 2577 3743 2645 λέγει,

2182 2668 2287 2719 Ὃν
2308 2664 2511 2734 ἠγάπα
2532 2666 2564 2717 ό
2602 2663 2860 2731 Ἰησοῦς.
2878 2662 3031 2717 Διατί
3049 2662 3159 2733 γὰρ
3179 2661 3365 2732 μηδεὶς
3388 2661 3571 2731 ἕτερος
3589 2661 3745 2713 τοῦτο

2177 2744 2298 2803 εἰπε
2330 2750 2458 2819 περὶ
2479 2748 2663 2811 αὐτοῦ,
2680 2747 2858 2801 καίτοι
2882 2748 2976 2800 καὶ
3003 2748 3051 2800 οί
3076 2746 3225 2801 ἀλλοι
3255 2745 3578 2815 ἠγαπῶντο;
3607 2745 3744 2799 Ἀλλ’

2172 2824 2332 2894 οὗτος
2358 2830 2518 2885 πλέον
2541 2831 2650 2886 τῶν
2668 2831 2862 2886 ἀλλων.
2891 2830 2955 2884 El
2974 2830 3030 2883 δὲ
3062 2830 3249 2901 μηδεὶς
3271 2829 3428 2893 ἀλλος
3447 2829 3600 2884 τοῦτο
3619 2830 3747 2901 περὶ

2178 2914 2342 2969 αὐτοῦ
2364 2909 2536 2980 εἷπεν,
2556 2914 2671 2968 ἀλλ’
2687 2914 2848 2977 αὐτὸς
2870 2913 3000 2986 περὶ
3015 2913 3229 2979 ἑαυτοῦ,
3249 2912 3557 2984 θαυμαστὸν
3571 2913 3744 2967 οὐδέν.

2177 2998 2329 3052 Ποιεῖ
2346 2999 2404 3051 δέ
2424 2999 2554 3052 αὐτὸ
2574 2999 2668 3053 καὶ
2680 2997 2912 3061 Παῦλος,
2943 2997 3136 3068 καιροῦ
3160 2996 3469 3060 καλοῦντος,
3499 2996 3639 3051 οὕτω
3659 2995 3745 3049 λέ-

2164 3098 2310 3151 γων·
2337 3081 2480 3135 οῖδα
2493 3082 2806 3151 ἄνθρωπον
2824 3082 2939 3149 πρὸ
2963 3079 3114 3135 ἐτῶν
3132 3080 3606 3149 δεκατεσσάρων·
3621 3080 3748 3135 καί·

2179 3181 2263 3217 τοι
2289 3181 2352 3232 γε
2368 3165 2429 3218 ού
2449 3164 2620 3242 μικρά
2636 3162 2800 3233 αὑτοῦ
2815 3164 3026 3235 διῆλθεν
3043 3162 3291 3234 ἐγκώμια
3306 3163 3471 3235 ἕτερα
3497 3172 3541 3217 ε.
3562 3164 3629 3217 Ἦ
3653 3181 3747 3234 μι-

2179 3248 2310 3318 κρὸν
2329 3242 2465 3301 εἷναί
2482 3264 2562 3301 σοι
2577 3247 2797 3320 δοκεῖτὸ
2812 3246 3139 3312 ἀκούσαντα,
3164 3247 3221 3301 Ἀ
3232 3248 3506 3303 κολούθει
3516 3264 3636 3317 μοι,
3653 3246 3745 3299 εὑ-

2180 3331 2314 3393 θέως
2332 3331 2534 3399 ἀφέντα
2563 3329 2634 3383 τά
2659 3328 2853 3384 δίκτυα
2884 3329 2976 3383 καὶ
3003 3329 3092 3382 τὸν
3114 3329 3745 3400 πατέρα,-ἀκολουθῆσαι,

2179 3414 2274 3469 καὶ
2293 3413 2353 3467 τὸ
2371 3412 2509 3484 μετά
2527 3412 2735 3485 Πέτρου
2755 3413 2914 3483 μόνον
2929 3412 3090 3466 αὐτὸν
3111 3412 3297 3466 λαϐεῖν
3320 3413 3399 3475 είς
3409 3412 3471 3465 τὸ
3490 3413 3632 3484 ὅρος,
3654 3412 3746 3466 καὶ

2178 3495 2416 3566 ἀλλαχοῦ
2445 3495 2606 3550 πάλιν
2628 3498 2707 3559 είς
2727 3496 2904 3549 οἰκίαν
2925 3495 3263 3563 εἰσελθόντα;
3292 3496 3461 3559 Αὐτὸς
3481 3497 3535 3551 δὲ
3564 3497 3747 3569 ἡλίκον

2180 3580 2455 3650 ἐγκώμιον
2485 3577 2581 3632 τοῦ
2620 3579 2828 3650 Πέτρου
2870 3578 3073 3648 διῆλθε,
3104 3580 3196 3632 καὶ
3224 3579 3324 3632 οὐκ
3370 3580 3743 3650 ἀπεκρύψατο,

2179 3663 2462 3734 εἰρηκέναι
2478 3662 2570 3715 τὸν
2584 3663 2629 3715 Χ
2640 3662 2817 3733 ριστὸν
2829 3661 3022 3730 λέγων·
3038 3662 3243 3729 Πέτρε,
3261 3660 3457 3731 φιλεῖς
3470 3679 3547 3731 με
3557 3661 3749 3717 πλέον

2176 3748 2434 3812 τούτων;
2466 3746 2577 3801 Kal
2618 3746 2895 3816 πανταχοῦ
2940 3746 2997 3799 δὲ
3035 3746 3305 3799 δείκνυσιν
3344 3746 3506 3799 αὑτὸν
3548 3745 3747 3817 θερμὸν

2179 3831 2276 3886 καί
2307 3830 2546 3900 γνησίως
2578 3829 2771 3899 ἔχοντα
2823 3828 2959 3899 πρὸς
3002 3829 3185 3883 αὐτόν.
3217 3830 3347 3882 Ὅτε
3383 3828 3512 3897 γοῦν
3541 3829 3745 3897 ἔλεγεν,

2177 3910 2368 3978 Οὗτος
2394 3913 2463 3967 δὲ
2491 3914 2549 3966 τί
2560 3929 2579 3977 ;
2604 3914 2669 3967 ἐκ
2692 3913 2888 3967 πολλοῦ
2907 3913 3073 3967 πόθου
3099 3912 3257 3966 τοῦτο
3277 3912 3449 3981 έλεγε.
3472 3913 3572 3966 Διά
3590 3912 3747 3966 τοῦτο

2178 3992 2272 4050 οὖν
2302 3996 2460 4059 ἀλλος
2488 3996 2661 4060 οὐδεὶς
2693 3991 2815 4050 εἷπε
2850 3997 2978 4067 περί
2999 3995 3165 4052 αὐτοῦ
3185 4009 3199 4023 ⁸
3232 3995 3347 4050 ἀλλ’
3370 3995 3491 4049 οὐδὲ
3525 3995 3543 4035 ί
3586 3996 3747 4060 αὐτὸς

2178 4075 2331 4132 εἶπεν
2360 4079 2447 4145 ἂν,
2476 4081 2523 4132 εἰ
2556 4080 2630 4149 μὴ
2662 4080 2741 4143 εἰς
2774 4079 2930 4133 τοῦτο
2950 4080 3172 4133 ἐνέπεσε
3200 4079 3261 4134 τδ
3297 4078 3512 4151 χωρίον.
3542 4078 3605 4133 Εἰ
3637 4079 3747 4150 γὰρ

2164 4160 2372 4227 εἰπὼν,
2412 4162 2495 4214 ὅτι
2549 4161 2754 4232 Πέτρος
2794 4162 3011 4215 ἔνευσεν
3058 4162 3278 4234 Ἰωάννῃ
3318 4162 3610 4232 ἐροπῆσαι,
3650 4160 3747 4215 καὶ

2164 4244 2349 4316 ¹μηδὲν
2397 4245 2525 4299 ἄλλο
2560 4245 2887 4316 προσέθηκε,
2918 4245 3118 4316 πολλὴν
3147 4246 3318 4299 ἐποίει
3350 4245 3449 4316 τὴν
3492 4244 3743 4316 ἀπορίαν,

2180 4331 2275 4385 καὶ
2323 4328 2505 4397 ζητεῖν
2552 4328 2863 4398 ἠνάγκαζεν
2900 4330 3046 4399 ⁴Ιιμὸἳς
3092 4330 3191 4399 τὴν
3220 4328 3431 4383 αἰτίαν·
3469 4328 3557 4382 διὰ
3588 4328 3747 4381 τοῦτο

2176 4411 2321 4465 λύων
2335 4412 2497 4474 αὐτὸς
2514 4410 2735 4482 ταύτην,
2771 4411 3073 4473 Ἀνέκειτο,
3098 4412 3251 4481 φησὶ,
3277 4414 3361 4477 είς
3380 4410 3488 4465 τὸν
3516 4413 3747 4465 κόλπον

2176 4495 2284 4550 τοῦ
2318 4494 2534 4562 Ἰησοῦ.
2559 4496 2629 4548 Ἢ
2654 4494 2849 4564 μικρὸν
2864 4494 2964 4547 οίει
2990 4495 3380 4565 μεμαθηκέναι,
3405 4494 3643 4558 ἀκούσας
3662 4496 3746 4549 ὅτι

2176 4578 2424 4632 ἀνέκειτο
2450 4620 2465 4644 ,
2494 4579 2589 4632 καὶ
2608 4578 2878 4648 τοσαύτης
2901 4578 3083 4641 αὐτοῖς
3108 4581 3133 4619 ε
3153 4577 3508 4641 όδιδάσκαλος
3539 4577 3747 4648 μετεδί-

2175 4662 2267 4716 δου
2289 4662 2602 4735 παρρησίας
2625 4681 2641 4729 ;
2672 4663 2736 4716 Εί
2768 4663 2863 4716 καὶ
2886 4662 3073 4715 τούτου
3094 4662 3193 4733 τὴν
3221 4662 3400 4716 αἰτίαν
3429 4662 3608 4732 ζητεῖς
3642 4678 3747 4732 μα-

2179 4745 2311 4809 θεῖν,
2344 4746 2566 4817 ἀγάπης
2593 4746 2652 4799 τὸ
2698 4746 2930 4816 πρᾶγμα
2972 4740 3072 4815 ἧν·
3119 4745 3207 4797 διά
3233 4744 3386 4797 τοῦτό
3416 4762 3599 4815 φησιν,
3637 4747 3747 4799 Ὃν

2177 4829 2373 4897 ἐφίλει
2397 4832 2429 4884 ό
2464 4828 2727 4896 Ἰησοῦς.
2776 4826 2919 4894 Ἐγὼ
2946 4828 3002 4880 δὲ
3034 4828 3193 4881 αὐτὸν
3228 4827 3322 4880 καὶ
3353 4826 3419 4879 δι’
3447 4827 3574 4880 ἄλλο
3596 4823 3745 4897 οἶμαι

2179 4910 2338 4964 τοῦτο
2370 4914 2567 4977 ποιεῖν,
2599 4909 2919 4981 βουλόμενον
2942 4910 3112 4976 δεῖξαι
3136 4910 3411 4980 ἀλλότριον
3440 4909 3628 4963 ἐαυτὸν
3650 4909 3745 4961 τοῦ

2180 4994 2543 5065 ἐγκλήματος.
2591 4995 2691 5047 Διὰ
2737 4993 2895 5047 τοῦτο
2929 4993 3361 5065 παρρησιάζεται
3405 4994 3499 5047 καὶ
3534 4992 3743 5065 θαρρεῖ.

2191 5078 2345 5167 ςΕπεὶ
2380 5079 2468 5131 διὰ
2511 5078 2564 5130 τί
2611 5079 2684 5149 μὴ
2702 5078 2772 5167 *ἐν
2814 5077 2959 5148 ἄλλῳ
2986 5076 3368 5167 χωρίῳιτοῦτο
3409 5071 3582 5167 εἶπεν,
3632 5077 3789 5167 ἀλλ’,

2178 5159 2267 5213 ὅτε
2295 5163 2323 5213 ὁ
2368 5164 2661 5232 κορυφαῖος
2700 5161 2952 5225 ἐνευσεν;
2986 5161 3103 5213 Ἵνα
3138 5158 3245 5229 γὰρ
3280 5160 3353 5229 μὴ
3384 5160 3627 5232 νομίσῃς,
3664 5161 3747 5213 ὅτι

2177 5243 2254 5306 ὼς
2291 5244 2496 5313 μείζονι
2540 5243 2655 5298 ϐντι
2700 5244 2937 5307 ἔνευσεν,
2972 5243 3141 5311 λέγει,
3177 5242 3373 5295 ὅτιδιά
3415 5244 3514 5312 τὴν
3549 5242 3747 5313 πολλὴν

2178 5325 2399 5395 ἀγάπην
2444 5327 2599 5380 τοῦτο
2628 5328 2856 5394 ἐγίνετο.
2885 5327 2950 5380 Τί
2982 5326 3038 5379 δὲ
3071 5326 3165 5379 καὶ
3193 5325 3475 5378 ἐπιπίπτει
3515 5326 3592 5396 τῷ
3620 5328 3748 5397 στή-

2180 5406 2298 5473 θει;
2337 5408 2505 5463 Οὐδὲν
2550 5410 2757 5463 οὐδέπω
2811 5409 2942 5481 περὶ
2988 5408 3153 5461 αὐτοῦ
3204 5408 3348 5477 μέγα
3392 5408 3745 5463 ὑπώπτευον·

2178 5488 2354 5554 ἄλλως
2375 5490 2455 5549 δὲ.
2489 5492 2583 5546 καὶ
2612 5493 2711 5562 τὴν
2744 5492 2982 5561 ἀθυμίαν
3013 5491 3408 5561 κατεπράῦνεν.
3449 5492 3609 5555 Εἰκὸς
3638 5493 3747 5562 γάρ

2180 5573 2274 5627 καὶ
2305 5573 2404 5645 τὴν
2428 5574 2549 5644 ὄψιν
2577 5574 2759 5628 αὐτῶν
2786 5570 2926 5627 εἶναι
2971 5574 3188 5645 κατηφῆ
3227 5574 3369 5629 τότε.
3405 5574 3469 5627 Εἰ
3493 5575 3601 5643 γὰρ
3626 5577 3749 5637 ταῖς

2174 5688 2183 5697 ’
2246 5686 2270 5716 ο
2292 5675 2439 5726 Savil.
2467 5664 2520 5739 εί
2552 5676 2746 5727 Boisius
2787 5678 2869 5726 hic
2904 5678 3181 5739 legendum;
3212 5682 3386 5738 putant
3416 5677 3570 5725 καίτοι
3606 5694 3659 5738 γε
3689 5679 3747 5727 οὐ

2178 5739 2325 5849 μικρὰ
2351 5737 2498 5787 αὐτοῦ
2524 5739 2708 5811 διῆλθον
2734 5737 3263 5811 ἶτεροιηεεά
3286 5741 3439 5811 magi‘s
3460 5737 3644 5808 arridet
3668 5739 3750 5815 ἰιξο

2201 5812 2319 5849 ocus
2339 5807 2395 5847 ut
2434 5806 2511 5847 est
2548 5813 2597 5848 In
2626 5802 2772 5848 edms
2802 5807 2855 5848 et
2889 5815 3003 5849 mss.
3027 5798 3268 5848 ommbus.
3341 5797 3360 5837 ί
3389 5799 3538 5847 mn.
3582 5801 3628 5847 τί
3667 5817 3750 5848 ουν

2178 5861 2319 5923 ἄλλος
2344 5862 2477 5908 οὐδὲν
2501 5861 2603 5923 εἷπε
2619 5864 2724 5923 περὶ
2744 5860 2890 5909 αὐτοῦ
2912 5876 2925 5920 ;
2965 5863 3037 5909 ὅτι
3060 5862 3191 5923 οὐδέ.
3250 5861 3279 5901 ε
3303 5861 3455 5910 Savil.
3476 5868 3532 5913 Et
3570 5861 3744 5912 Morel.

2182 5922 2357 5974 αὐτοῖς.
2394 5921 2785 5973 ευδυίευιυεοδι
2823 5924 2972 5973 Savil.
3013 5922 3279 5973 lcuendum
3302 5923 3447 5970 αὐτῶ.
