4100 6362
354 381 459 437 389

351 510 481 567 quot
508 495 579 551 illi
609 489 890 548 homicidis
937 503 1043 543 non
1079 458 1420 541 immaniores
1449 481 1644 537 erant?
1667 479 1929 533 Eductum

353 600 538 665 postea
572 587 721 642 illum
749 584 894 640 mille
920 581 1181 636 mortibus
1211 577 1562 641 tradiderunt,
1597 574 1721 628 dum
1747 572 1930 626 vendi-

351 685 544 739 derunt
568 678 805 733 barbaris
830 685 883 731 et
908 674 1036 730 feris
1062 671 1383 733 hominibus,
1442 669 1530 739 qui
1562 667 1627 722 ad
1671 666 1930 720 barbaros

351 771 839 846 proficiscebantur.
860 767 1056 822 Verum
1087 764 1176 820 ille
1202 762 1415 835 quando
1446 777 1537 816 rex
1564 748 1783 816 effectus
1821 768 1927 824 est,

350 884 455 922 non
481 866 639 921 modo
669 880 770 918 non
802 861 941 917 ultus
962 858 1080 914 illos
1100 867 1202 924 est,
1233 855 1326 912 sed
1348 857 1509 911 etiam
1534 869 1561 906 a
1592 863 1810 922 peccato
1864 850 1931 903 il-

353 960 455 1025 los,
481 966 738 1029 quantum
768 956 821 1008 in
850 955 963 1024 ipso
983 960 1119 1015 erat,
1149 949 1409 1011 liberavit,
1431 946 1557 999 dum
1587 959 1699 998 rem
1726 952 1928 1011 gestam

355 1052 446 1107 Dei
497 1047 883 1123 providentiam
930 1043 1158 1107 vocavit,
1213 1055 1322 1095 non
1364 1038 1574 1094 illorum
1617 1032 1925 1103 nequitiam.

351 1145 482 1212 Qua:
510 1158 636 1197 vero
665 1150 850 1196 contra
878 1139 999 1193 illos
1025 1138 1149 1192 fecit
1167 1176 1182 1198 ,
1213 1149 1319 1188 non
1365 1128 1683 1186 ulciscenda:
1724 1124 1932 1195 injuriae

352 1235 552 1295 animo,
586 1232 679 1288 sed
705 1246 801 1301 pro
828 1231 987 1284 fratre
1016 1228 1102 1282 illa
1126 1222 1415 1280 simulavit.
1446 1221 1636 1276 Postea
1675 1233 1805 1272 vero
1843 1215 1931 1269 ubi

353 1324 484 1379 vidit
505 1324 622 1378 illos
644 1322 861 1377 fratrem
890 1335 1046 1375 suum
1086 1315 1397 1379 defendere,
1431 1312 1599 1383 posita
1625 1310 1791 1373 larva,
1823 1317 1927 1362 sta-

354 1417 446 1472 tim
480 1417 800 1471 lamentatus
824 1420 926 1479 est,
954 1410 1391 1480 amplexatusque
1418 1413 1499 1460 est
1534 1403 1670 1467 illos,
1705 1415 1768 1453 ac
1790 1399 1836 1453 si
1862 1397 1929 1453 ab

351 1512 431 1564 eis
452 1523 637 1564 maena
676 1505 929 1561 beneficia
962 1501 1276 1572 accepisset,
1298 1497 1387 1569 qui
1414 1511 1547 1567 pene
1567 1493 1634 1547 ab
1672 1492 1777 1546 illis
1803 1488 1929 1542 olim

354 1602 702 1671 interemptus
750 1598 922 1653 fuerat
951 1616 963 1651 :
996 1605 1156 1666 atque
1199 1592 1320 1648 illos
1348 1603 1537 1645 omnes
1564 1588 1614 1642 in
1641 1585 1929 1656 [Egyptum

350 1694 601 1760 deduxit,
634 1692 883 1762 milleque
924 1685 1197 1743 beneficiis
1241 1680 1551 1739 cumulavit.
1605 1678 1773 1746 Quam
1804 1688 1931 1742 ergo

1330 372 1406 427 VIN
1440 367 1751 427 JOANNEM
1782 363 2015 423 HOMIL.
2054 361 2266 423 LXXII.
2305 361 2376 418 al.
2416 361 2605 421 LXXI.

3498 372 3627 431 .590

2039 475 2403 531 defensionem
2432 478 2763 545 habebimus,
2791 480 2881 551 qui
2910 492 3027 552 post
3075 482 3250 555 legem
3284 494 3348 541 .et
3366 488 3624 557 gratiam,

2039 579 2159 643 post
2205 579 2408 627 tantum
2440 573 2789 643 philosophiae
2835 587 3199 646 augmentum,
3233 594 3299 635 ne
3326 580 3480 637 illum
3505 584 3627 654 qni-

2038 660 2160 716 dem
2190 663 2277 732 qui
2302 674 2426 718 ante
2472 664 2641 734 legem
2670 674 2723 719 et
2747 668 2971 737 gratiam
3005 668 3103 723 fuit
3146 670 3458 728 imitamur?
3504 677 3627 745 quis

2014 768 2137 837 .nos
2163 769 2190 806 a
2222 755 2483 824 supplicio
2523 756 2758 812 eximet"
2785 757 2925 813 Nihil
2968 771 3044 815 est
3078 763 3243 828 enim,
3266 765 3457 837 utique
3493 767 3626 825 nihil

2037 844 2272 899 deterius
2322 847 2628 913 injuriarum
2675 850 2952 905 memoria.
3000 851 3070 907 Et
3119 854 3222 911 hoc
3282 857 3622 914 manifestqu

2036 936 2269 991 reddidit
2298 939 2343 992 is
2376 941 2466 1009 qui
2495 939 2681 996 decem
2714 944 2875 996 millia
2919 945 3118 1001 talenta
3148 947 3377 1004 debebat
3404 949 3621 1020 (Matth.

2040 1025 2128 1080 i8.
2173 1026 2288 1097 24),
2323 1030 2411 1098 qui
2463 1032 2609 1099 prius
2637 1032 2822 1087 debito
2844 1034 3141 1101 absolutus,
3175 1051 3361 1108 postea
3392 1040 3460 1094 ad
3499 1043 3617 1097 sol-

2038 1119 2273 1173 ventlnm
2315 1133 2532 1177 coactus
2563 1134 2674 1191 est;
2704 1127 3000 1193 absolutus,
3037 1144 3131 1199 per
3177 1132 3269 1187 Dei
3298 1135 3623 1190 misericor—

2039 1210 2213 1277 diam;
2233 1224 2448 1269 coactus
2466 1232 2593 1271 vero
2613 1234 2710 1287 per
2725 1221 2993 1291 propriam
3014 1225 3326 1292 nequitiam,
3341 1228 3481 1297 quod
3503 1244 3624 1284 con-

2039 1316 2197 1357 Servo
2224 1319 2320 1358 suo
2346 1305 2582 1362 debitum
2624 1326 2728 1364 non
2764 1308 3051 1368 remiserit.
3076 1315 3278 1383 Quibus
3306 1320 3620 1393 perspectis,

2040 1396 2289 1464 proximo
2312 1409 2525 1469 peccata
2558 1402 2909 1471 dimittamus,
2936 1407 3044 1461 imo
3068 1408 3343 1465 beneficiis
3360 1412 3480 1467 illos
3500 1429 3624 1482 pro-

2039 1502 2345 1558 sequamur,
2378 1501 2437 1545 ut
2461 1493 2879 1551 misericordiam
2907 1498 2999 1553 Dei
3026 1515 3437 1569 consequamur,
3455 1508 3623 1574 gratia

2040 1588 2095 1633 et
2119 1580 2445 1652 benignitate
2472 1584 2683 1640 Domini
2725 1589 2893 1644 nostri
2935 1590 3064 1646 Jesu
3093 1593 3312 1661 Christi,
3337 1596 3623 1669 cuiqgloria

2040 1679 2095 1725 et
2125 1671 2407 1743 imperium
2430 1675 2483 1730 in
2513 1678 2703 1737 smcula
2736 1682 3075 1738 saeculorum.
3115 1686 3308 1741 Amen.
3439 1662 3447 1670 δ

358 1812 3610 1852 ἐμρη

1696 1874 2045 1940 HOMILIA
2086 1876 2347 1942 LXXII.

345 2045 479 2101 Car.
512 2044 610 2099 1‘3.
650 2058 704 2100 ν.
741 2041 833 2097 20.
878 2039 1038 2095 Amen
1061 2078 1078 2105 ,
1106 2051 1252 2090 amen
1284 2034 1398 2088 dico
1423 2030 1583 2094 vobis,
1630 2024 1714 2094 qui
1751 2018 1933 2088 accipit

348 2142 351 2145 λ
423 2138 468 2191 si
491 2152 636 2206 quem
666 2135 847 2187 misero
869 2173 883 2197 ,
928 2146 1006 2184 me
1044 2129 1265 2198 accipit:
1292 2125 1379 2197 qui
1404 2132 1570 2178 autent
1606 2135 1686 2173 me
1708 2116 1891 2187 accipit
1914 2154 1929 2181 ,

422 2229 606 2298 accipit
631 2243 741 2280 eum
764 2227 847 2296 qui
872 2240 951 2277 me
978 2223 1132 2276 misit.

425 2321 476 2375 l.
510 2319 695 2389 Magna
741 2317 831 2372 Dei
875 2329 1080 2369 merces
1117 2311 1310 2368 collata
1350 2309 1414 2365 iis
1451 2307 1541 2379 qui
1589 2319 1774 2361 servos
1807 2317 1935 2359 suos

343 2410 533 2469 "fovent
562 2423 613 2465 et
653 2409 914 2465 beneficio
949 2406 1188 2462 afficiunt
1219 2447 1234 2471 ,
1267 2402 1497 2472 indeque
1542 2400 1742 2454 fructus
1781 2397 1935 2451 nobis

354 2503 692 2575 proveniunt.
724 2500 856 2555 Nam
892 2498 989 2565 Qui
1014 2498 1188 2568 recipit
1228 2514 1347 2561 vos,
1394 2494 1598 2564 inquit,
1628 2508 1708 2545 me
1734 2489 1934 2557 recipit;

349 2606 401 2650 et
424 2598 505 2661 qui
535 2593 711 2663 recipit
740 2608 838 2656 me,
870 2591 1047 2661 recipit
1079 2606 1192 2643 eum
1239 2588 1325 2652 qui
1364 2587 1497 2639 misit
1536 2600 1633 2637 me.
1662 2580 1931 2637 Christum

349 2698 412 2744 et
447 2687 563 2757 ejus
588 2685 798 2739 Patrem
843 2684 1082 2753 recipere
1111 2722 1126 2747 ,
1156 2679 1281 2750 quid
1325 2678 1448 2732 huic
1490 2676 1666 2730 officio
1695 2673 1931 2745 mquipa-

354 2777 625 2834 randum?
670 2776 737 2831 Et
778 2790 898 2846 quae
938 2772 1317 2843 consequentia
1363 2770 1430 2824 ad
1479 2768 1618 2823 dicta
1645 2764 1932 2835 superius?

352 2869 478 2937 'quid
511 2869 625 2923 hzcc
653 2881 937 2923 commune
964 2866 1163 2920 habent
1190 2879 1310 2918 cum
1343 2862 1405 2916 iis
1432 2877 1551 2931 quae
1580 2873 1738 2927 supra
1760 2856 1930 2924 dixit,

351 2959 499 3015 Beati
510 2961 681 3025 eritis,
708 2960 753 3011 si
780 2958 887 3012 hac
916 2942 1131 3027 feceritis
1156 2972 1175 3011 :
1207 2955 1306 3022 Qui
1332 2954 1510 3022 recipit
1539 2950 1668 3005 vos?
1711 2948 1924 3019 Optime

354 3054 471 3109 lucc
514 3061 813 3108 consonant
845 3069 858 3106 :
891 3050 1012 3106 vide
1042 3059 1219 3104 autem
1266 3046 1552 3117 quomodo.
1585 3044 1715 3111 Quia
1742 3042 1931 3097 exituri

352 3154 505 3199 erant
531 3186 544 3209 ,
570 3152 623 3197 et
647 3142 827 3214 gravia
880 3141 1042 3196 multa
1085 3139 1289 3209 passuri
1321 3180 1335 3203 ,
1364 3137 1571 3191 duobus
1615 3135 1735 3189 illos
1763 3132 1934 3188 modis

353 3237 698 3291 consolatur:
729 3246 784 3291 et
804 3250 834 3289 a
865 3250 944 3301 se,
973 3233 1117 3288 etab
1140 3232 1279 3287 aliis.
1304 3229 1357 3286 Si
1389 3228 1744 3301 philosophati
1774 3227 1936 3280 fueri-

356 3331 423 3385 tis
454 3372 467 3395 ,
500 3329 668 3399 inquit
697 3369 714 3395 ,
746 3329 955 3398 meique
981 3326 1291 3381 memoriam
1324 3322 1663 3379 servaveritis
1687 3364 1704 3390 ,
1733 3329 1787 3376 ct
1816 3336 1933 3390 quae

356 3437 542 3491 passus
585 3438 701 3476 sum
755 3431 807 3475 et
836 3435 954 3490 quae
1001 3419 1100 3474 feci
1142 3418 1319 3472 omnia
1362 3425 1680 3479 versantes,
1729 3412 1934 3467 facilius

354 3530 623 3568 aerumnas
649 3513 853 3567 feretis.
886 3511 1066 3581 Neque
1103 3510 1205 3564 hoc
1248 3509 1419 3565 solum
1449 3506 1607 3562 modo
1627 3548 1643 3575 ,
1666 3506 1761 3562 sed
1790 3505 1930 3576 quod

354 3607 514 3659 etiam
546 3605 615 3659 ab
660 3605 909 3659 erunibus
947 3602 1111 3657 multa
1144 3600 1316 3655 officia
1345 3600 1461 3654 sitis
1494 3598 1783 3668 accepturi.
1820 3597 1933 3652 Pri-

354 3713 504 3752 mum
532 3712 658 3751 vero
685 3694 1006 3765 significavit
1046 3708 1167 3748 cum
1203 3691 1337 3745 dixit
1369 3732 1384 3756 ,
1426 3689 1485 3745 Si
1527 3691 1636 3743 lucc
1670 3689 1882 3760 feceritis
1914 3728 1931 3754 ,

356 3792 486 3845 beati
510 3791 681 3854 eritis;
702 3791 927 3843 alterum
965 3802 1092 3842 vero
1117 3801 1237 3840 cum
1269 3786 1396 3838 dicit
1427 3825 1443 3852 ,
1488 3783 1588 3849 Qui
1607 3800 1692 3837 vos
1712 3783 1887 3850 recipit
1916 3822 1932 3846 ,

357 3900 436 3938 me
465 3884 659 3954 recipit.
691 3881 938 3937 Omnium
983 3880 1177 3950 quippe
1207 3877 1396 3931 domos
1428 3876 1556 3945 ipsis
1581 3874 1828 3944 aperuit;
1863 3875 1934 3927 ita

352 3986 415 4029 ut
441 3992 503 4030 ex
552 3990 758 4030 morum
790 3973 1078 4045 probitate,
1108 3981 1161 4024 et
1186 3985 1251 4024 ex
1274 3968 1373 4022 sibi
1403 3981 1620 4037 operam
1652 3965 1933 4020 ferentium

357 4070 579 4123 caritate
623 4066 887 4136 duplicem
936 4064 1196 4118 haberent
1244 4059 1683 4116 consolationem.
1734 4057 1937 4113 Deinde

359 4159 776 4231 postquam‘hzec
798 4156 904 4212 illis
928 4156 1199 4227 przecepit,
1220 4162 1401 4223 utpote
1420 4163 1583 4206 totum
1606 4152 1787 4206 orbem
1817 4167 1938 4220 per-

360 4252 582 4317 vasnris,
634 4250 873 4320 cogitans
922 4232 1248 4318 proditorem
1294 4245 1378 4300 bis
1430 4244 1667 4313 utrisque
1718 4242 1934 4311 privari,

361 4344 598 4413 nihilque
628 4343 817 4396 horum
847 4350 1295 4410 consequuturnm
1336 4352 1485 4401 esse,
1534 4350 1705 4405 neque
1744 4346 1809 4387 ex
1842 4348 1936 4402 pa-

358 4434 544 4489 tientia
576 4434 627 4487 in
656 4432 944 4499 laboribus,
970 4446 1149 4500 neque
1191 4445 1262 4483 ex
1294 4427 1693 4497 suscipientium
1725 4424 1936 4486 ofﬁciis,

362 4527 607 4580 turbatus
630 4534 714 4579 est
743 4538 975 4578 rursum.
1005 4521 1157 4588 Quod
1174 4521 1480 4591 significans
1505 4517 1851 4586 evangelista,
1885 4524 1939 4569 et

362 4617 509 4671 illum
528 4616 650 4673 ideo
668 4615 934 4670 turbatum
959 4613 1256 4675 declarans,
1272 4610 1454 4680 adjicit
1474 4626 1486 4661 :
1509 4608 1569 4662 2|
1587 4649 1599 4662 .
1617 4607 1809 4660 Etcum
1833 4606 1940 4659 lucc

364 4707 575 4760 dixisset
598 4704 633 4758 Ι
638 4722 768 4770 esus,
793 4704 1022 4757 turbatus
1047 4711 1119 4755 est
1146 4701 1346 4770 spiritu,
1382 4709 1430 4753 et
1446 4706 1754 4769 protestatus
1777 4706 1869 4760 est,
1895 4704 1941 4749 et

364 4801 497 4853 dixit
524 4817 543 4854 :
576 4798 718 4854 Unus
747 4814 808 4851 ea:
828 4797 964 4851 vobis
992 4812 1070 4849 me
1094 4795 1275 4848 tradet.
1307 4795 1498 4847 lterum
1520 4791 1767 4846 omnibus
1785 4791 1940 4843 timo-

364 4907 480 4949 rem
507 4893 717 4953 incutit,
737 4890 876 4961 quod
904 4906 1007 4942 non
1029 4888 1173 4941 illum
1195 4887 1503 4941 nominatim
1523 4884 1727 4938 efferat.
1756 4882 1835 4936 Illi
1860 4896 1944 4936 ve-

362 5002 428 5043 ro
450 4987 588 5041 anxii
618 4996 740 5040 sunt
758 4982 1162 5054 (Joan.i3.‘22),
1186 4982 1310 5035 licet
1330 4980 1523 5032 nullius
1548 4977 1644 5032 sibi
1668 4976 1790 5031 mali
1817 4990 1945 5030 con-

364 5082 494 5145 scii,
524 5080 645 5149 quia
697 5078 890 5133 Christi
943 5075 1259 5132 sententiam
1312 5073 1556 5125 tutiorem
1609 5085 1766 5139 quam
1820 5082 1943 5121 suas

370 5175 511 5242 ipsas
558 5171 907 5240 cogitationes
952 5157 1234 5222 ducebant.
1285 5165 1461 5233 Quare
1511 5179 1568 5217 se
1612 5173 1795 5216 mutuo
1847 5177 1946 5216 re—

372 5266 685 5338 spiciebant.
731 5263 879 5331 Quod
933 5262 984 5314 in
1032 5275 1193 5313 nntnn
1252 5256 1601 5326 proditionem
1653 5255 1944 5323 restringe-

373 5366 471 5422 ret,
500 5357 750 5410 timorem
776 5352 1074 5411 tninuebat;
1106 5349 1245 5419 quod
1270 5347 1505 5411 adderet,
1536 5346 1678 5400 Unus
1699 5362 1761 5399 ea:
1786 5346 1942 5411 vobis,

370 5463 561 5503 omnes
596 5444 962 5501 eonturbabat.
1011 5441 1147 5508 Quid
1177 5438 1345 5509 ergo?
1383 5437 1482 5491 Alii
1511 5437 1721 5506 quidem
1759 5450 1947 5489 omnes

373 5556 433 5595 sc
484 5549 665 5593 mutuo
703 5536 1024 5606 respiciunt;
1058 5534 1248 5588 Petrus
1292 5544 1421 5585 vero
1462 5543 1674 5598 semper
1713 5526 1944 5589 fervens,

375 5630 565 5689 Joanni
589 5630 775 5683 annuit
793 5626 953 5700 (Ibid.
975 5624 1093 5695 24).
1122 5624 1253 5692 Quia
1275 5622 1415 5676 enim
1441 5618 1641 5690 pridem
1664 5627 1945 5687 correptus

365 5720 574 5786 Inerat,
600 5733 654 5777 et
674 5724 849 5777 lavare
877 5719 1140 5774 volentem
1166 5716 1499 5774 cohibuerat,
1519 5721 1572 5767 et
1589 5711 1783 5781 ubique
1805 5726 1948 5765 eom-

377 5827 526 5891 paret
544 5806 727 5873 amore
752 5814 966 5882 ardens,
996 5811 1091 5869 sed
1120 5811 1442 5882 increpatur,
1463 5807 1584 5864 ideo
1610 5806 1824 5873 timens,
1844 5820 1944 5860 ne-

2039 2034 2143 2116 que
2168 2025 2401 2092 quievit,
2440 2044 2613 2101 neque
2642 2031 2892 2104 loquutus
2921 2047 3032 2102 est,
3078 2039 3174 2096 sed
3200 2042 3421 2101 Joannis
3462 2062 3623 2116 opera

2035 2114 2144 2167 vult
2174 2117 2433 2173 ediscere.

2108 2205 2231 2273 Cur,
2261 2213 2454 2265 ueteris
2474 2213 2783 2285 timentibus,
2802 2217 3031 2278 Joannes
3050 2223 3105 2278 in
3133 2226 3248 2280 sinu
3270 2226 3460 2284 Christi
3475 2248 3623 2287 recu-

2035 2295 2213 2375 bat.—
2235 2299 2361 2355 Illud
2394 2319 2552 2372 porro
2579 2310 2805 2377 qttmsitu
2833 2311 3048 2381 dignum
3076 2325 3192 2382 est,
3233 2334 3330 2373 cur
3373 2323 3624 2383 omnibus

2036 2393 2236 2456 anxiis,
2295 2396 2644 2467 timentibus,
2698 2404 2985 2474 coryphteo
3029 2418 3337 2478 metuente,
3388 2412 3624 2471 Joannes

2036 2485 2184 2552 quasi
2217 2486 2367 2542 Ianus
2391 2489 2444 2544 in
2467 2492 2586 2545 sinu
2609 2492 2734 2550 Jesu
2767 2497 3023 2565 recubat;
3055 2516 3155 2557 nec
3182 2504 3401 2560 recubat
3424 2506 3620 2575 solum,

2036 2575 2131 2630 sed
2164 2578 2215 2631 in
2247 2590 2428 2649 pectus
2477 2583 2660 2639 incidit
2688 2605 2701 2640 :
2728 2603 2899 2658 neque
2926 2588 3030 2646 hoc
3055 2592 3229 2647 solum
3266 2597 3490 2664 qumsitu
3538 2600 3625 2655 di-

2038 2684 2197 2737 gnum
2226 2681 2327 2735 est,
2352 2673 2443 2727 sed
2471 2684 2522 2729 ct
2553 2676 2694 2731 aliud
2720 2693 3077 2752 consequens.
3107 2684 3243 2751 Quid
3270 2686 3399 2742 illud
3422 2689 3446 2741 τ
3470 2688 3623 2756 Quod

2036 2758 2104 2815 de
2129 2775 2187 2814 se
2216 2761 2362 2827 dicit,
2399 2765 2558 2831 Quem
2588 2768 2823 2840 diligebat
2851 2769 3023 2828 Jesus.
3070 2772 3177 2829 Cur
3207 2792 3365 2831 nemo
3391 2778 3529 2834 alius
3564 2780 3615 2834 id

2037 2853 2104 2909 de
2132 2870 2191 2911 sc
2219 2854 2382 2922 dixit,
2411 2859 2652 2927 quamvis
2678 2862 2768 2915 alii
2799 2878 3010 2935 quoque
3049 2869 3393 2924 amarentur?
3421 2869 3619 2927 Verum

2036 2944 2124 3001 hic
2165 2949 2332 3019 magis
2361 2966 2520 3019 quam
2549 2952 2657 3007 alii.
2690 2955 2841 3021 Quod
2871 2957 2915 3011 si
2962 2959 3140 3013 nullus
3179 2960 3316 3016 alius
3345 2961 3447 3017 hoc
3473 2963 3545 3018 de
3564 2980 3624 3020 se

2036 3037 2194 3103 dixit,
2228 3038 2322 3093 sed
2353 3041 2466 3110 ipse
2494 3042 2660 3109 solus,
2684 3044 2816 3100 nihil
2836 3047 3048 3102 mirum.
3079 3049 3389 3120 Hocipsum
3418 3068 3622 3124 oppor-

2039 3139 2167 3186 tnno
2193 3140 2434 3201 tempore
2468 3134 2595 3191 facit
2622 3137 2815 3193 Paulus
2844 3140 2925 3194 his
2953 3143 3129 3198 verbis
3162 3160 3177 3199 :
3209 3145 3332 3200 Scio
3370 3148 3623 3203 hominem

2036 3231 2153 3275 ante
2191 3240 2352 3279 annos
2399 3229 2777 3297 quatuordecim
2806 3231 2885 3302 (2.
2930 3230 3047 3289 Cor.
3076 3234 3162 3289 12.
3193 3235 3263 3306 2).
3306 3238 3464 3307 Atqui
3516 3255 3621 3293 non

2038 3329 2232 3381 paucas
2259 3316 2392 3371 alias
2420 3320 2500 3373 sui
2538 3321 2721 3377 laudes
2758 3334 3115 3394 prosequutus
3140 3335 3242 3382 est.
3275 3331 3354 3383 An
3385 3340 3539 3398 putas
3570 3331 3621 3385 id

2038 3420 2224 3473 parum
2256 3422 2395 3475 esse,
2425 3412 2566 3479 quod
2603 3421 2659 3467 ut
2685 3414 2908 3482 audivit,
2955 3416 3177 3486 Sequere
3202 3435 3281 3475 me
3308 3419 3518 3490 (Matth.
3565 3424 3620 3478 4.

2035 3495 2128 3565 20)
2150 3538 2163 3560 ,
2191 3499 2390 3569 “statim
2419 3502 2623 3557 relictis
2651 3505 2855 3559 retibus
2880 3517 2934 3561 et
2959 3519 3110 3577 patre
3130 3522 3388 3581 sequutus
3418 3514 3521 3581 sit,
3569 3524 3625 3570 et

2036 3586 2177 3655 quod
2207 3603 2327 3642 eum
2373 3589 2534 3645 Petro
2562 3592 2709 3648 solus
2738 3606 3042 3666 assumptus
3068 3598 3135 3653 sit
3160 3599 3213 3654 in
3236 3611 3476 3658 montem
3507 3602 3622 3677 (Id.

2039 3677 2126 3731 17.
2155 3677 2234 3748 i),
2265 3689 2320 3733 et
2335 3696 2517 3736 rursus
2533 3697 2652 3737 cum
2680 3684 2730 3738 in
2749 3684 2965 3740 domum
2996 3688 3267 3759 ingressus
3287 3701 3371 3747 est
3391 3691 3537 3766 (Luc.
3564 3694 3620 3752 8.

2039 3767 2167 3840 5i)?
2197 3768 2316 3840 Ipse
2366 3788 2497 3827 vero
2545 3788 2799 3845 quantum
2832 3777 2976 3835 Petri
3006 3783 3306 3838 eucomium
3361 3789 3620 3858 narravit,

2040 3876 2139 3916 nec
2169 3864 2333 3917 tacuit
2361 3864 2561 3921 dixisse
2587 3866 2858 3924 Christum
2889 3870 2960 3925 illi
2992 3889 3005 3925 :
3032 3870 3206 3938 Petre,
3238 3892 3381 3931 antas
3402 3894 3480 3931 me
3506 3878 3624 3948 plus

2041 3953 2118 4008 his
2145 3954 2324 4025 (Joan.
2348 3957 2439 4012 2t.
2464 3958 2591 4030 45)?
2618 3961 2684 4015 Et
2706 3962 2901 4033 ubique
2927 3964 3073 4019 illum
3106 3965 3400 4024 ferventem
3430 3980 3483 4025 et
3508 3971 3623 4026 sin-

2040 4061 2164 4101 cere
2212 4049 2309 4116 ipsi
2363 4050 2611 4106 affectum
2639 4053 2873 4109 exhibet.
2917 4055 3141 4122 Quando
3181 4069 3355 4114 autem
3389 4061 3622 4129 dicebat,

2044 4137 2145 4191 Hic
2188 4150 2350 4195 autem
2372 4143 2493 4213 quid
2524 4144 2684 4215 (Ibid.
2710 4163 2756 4199 υ.
2777 4147 2898 4218 ρων
2921 4164 2983 4203 ex
3018 4165 3203 4205 amore
3230 4168 3421 4223 magno
3441 4156 3519 4212 sic
3545 4157 3626 4220 lo?

2040 4232 2319 4300 qoebatur.
2356 4234 2476 4289 Ideo
2516 4252 2673 4291 nemo
2709 4238 2843 4293 alius
2866 4239 2968 4294 hoc
2998 4240 3066 4297 de
3096 4242 3185 4296 illo
3209 4243 3373 4309 dixit,
3402 4246 3493 4303 sed
3528 4265 3621 4301 ne-

2040 4340 2144 4393 que
2172 4326 2283 4394 ipse
2312 4325 2544 4382 Joannes
2569 4328 2809 4395 dixisset,
2848 4332 2949 4385 nisi
2976 4333 3027 4386 in
3059 4332 3197 4388 hunc
3220 4335 3494 4393 incidisset
3538 4340 3618 4393 lo-

2042 4428 2183 4468 cum.
2204 4415 2333 4469 Nam
2365 4417 2408 4469 si
2438 4427 2715 4487 postquam
2756 4419 2887 4474 dixit
2925 4421 3143 4476 Petrum
3164 4425 3414 4481 annuisse
3436 4426 3628 4485 Joanni

2042 4504 2101 4559 ιιι
2133 4507 2506 4577 interrogaret,
2536 4510 2664 4565 nihil
2696 4510 3006 4579 addidisset,
3030 4529 3127 4568 nos
3153 4526 3300 4572 certe
3326 4516 3375 4572 itt
3409 4518 3627 4574 dubium

2044 4602 2388 4672 conjecissct,
2423 4616 2477 4658 et
2499 4621 2712 4661 causam
2734 4606 3005 4678 inquirere
3026 4610 3293 4681 coegisset
3322 4629 3335 4665 :
3366 4612 3485 4667 ideo
3514 4615 3630 4684 ipse

2043 4695 2197 4751 af'f'ert
2228 4712 2241 4748 :
2272 4697 2520 4752 Recubuit
2550 4714 2701 4768 super
2726 4709 2900 4769 pectus
2938 4700 3085 4756 Iesu.
3119 4704 3201 4756 An
3229 4719 3415 4773 parum
3446 4717 3496 4762 te
3542 4708 3624 4763 tli—

2043 4786 2239 4873 dicisse
2269 4797 2441 4858 putas,
2492 4805 2611 4869 cum
2653 4791 2962 4846 recubuisse
2989 4793 3164 4855 audis,
3211 4804 3265 4848 et
3306 4797 3446 4866 quod
3484 4807 3628 4852 tanta

2045 4878 2186 4948 apud
2215 4879 2522 4954 Magistrum
2568 4882 2833 4937 frueretur
2863 4884 3093 4937 fiducia?
3139 4885 3195 4939 Si
3233 4902 3360 4940 vero
3411 4904 3625 4944 causam

2045 4974 2264 5041 quaeris,
2295 4973 2346 5027 id
2371 4989 2435 5028 ex
2466 4989 2652 5030 amore
2682 4977 3026 5044 proveniebat
3057 5000 3070 5033 :
3101 4978 3220 5032 ideo
3239 4979 3332 5046 ait,
3357 4982 3513 5046 Quem
3543 4984 3624 5034 di-

2048 5062 2228 5133 ligebat
2252 5063 2419 5118 Jesus.
2449 5065 2561 5135 Ego
2588 5081 2713 5120 vero
2739 5079 2868 5137 puto
2890 5068 3035 5122 illum
3065 5070 3133 5123 ob
3154 5070 3313 5124 aliam
3340 5086 3557 5128 causam
3578 5075 3629 5129 id

2049 5155 2237 5209 fecisse
2262 5198 2276 5221 ,
2310 5169 2362 5209 ut
2385 5159 2693 5213 ostenderet
2731 5174 2790 5213 se
2819 5174 2848 5213 a
2870 5161 3095 5216 crimine
3124 5162 3378 5218 alienum.
3415 5165 3539 5220 Ideo
3562 5167 3626 5220 ft-

2048 5245 2238 5302 denter
2265 5251 2391 5318 agit.
2417 5249 2549 5303 Nam
2587 5266 2684 5304 cur
2709 5267 2813 5306 non
2844 5252 2948 5306 alio
2991 5254 3042 5307 in
3076 5254 3194 5309 loco
3233 5256 3283 5311 id
3314 5256 3476 5321 dicit,
3535 5261 3629 5315 sed

2050 5337 2305 5394 innucnte
2330 5342 2653 5411 corypharo?
2682 5342 2758 5398 Ne
2789 5353 2943 5414 putes
2972 5346 3112 5398 enim
3147 5346 3246 5417 ipsi
3297 5348 3535 5405 inuuisse
3577 5362 3634 5407 ut

2050 5432 2261 5498 majori,
2294 5432 2457 5487 aitet:
2503 5450 2685 5489 amore
2715 5437 2884 5489 multo
2927 5435 2976 5489 id
3018 5436 3311 5503 profectum
3350 5455 3494 5496 esse.
3529 5442 3637 5498 Cur

2052 5523 2104 5576 in
2138 5534 2317 5591 pectus
2345 5523 2540 5578 Christi
2568 5525 2791 5579 incidit?
2811 5526 2965 5592 Quod
3002 5527 3130 5580 nihil
3177 5529 3353 5583 adhuc
3382 5547 3634 5601 magnum

2051 5614 2117 5668 de
2140 5614 2230 5668 illo
2258 5615 2607 5683 opinarentur
2636 5634 2648 5670 :
2685 5627 2940 5687 praetcrea
2974 5632 3260 5674 maerorem
3285 5622 3355 5675 ita
3379 5621 3634 5681 leniebat.

2051 5706 2351 5762 Verisimile
2379 5724 2606 5779 namque
2625 5718 2708 5764 est
2736 5709 2857 5763 illos
2878 5710 3025 5765 vultu
3047 5721 3270 5767 mmstos
3301 5712 3484 5770 fuisse.
3502 5715 3634 5772 Nam

2054 5800 2098 5855 si
2118 5792 2295 5855 animo
2317 5800 2516 5855 turbati
2546 5812 2718 5869 erant,
2752 5802 2920 5859 multo
2961 5802 3129 5875 magis
3156 5804 3329 5861 vultu.
3360 5805 3487 5865 lllos
3513 5808 3634 5865 lenit
