4100 6362
477 350 580 408 39!

478 477 534 520 et
565 461 741 518 verbis
779 469 832 516 et
871 457 1310 528 interrogatione,
1340 456 1465 511 hinc
1493 457 1678 511 invitat
1704 455 2062 524 conceditque

481 569 533 613 ut
560 560 611 612 in
638 563 824 627 pectus
853 569 1008 610 suum
1040 551 1261 606 recidat.
1290 551 1423 605 Vide
1445 561 1623 606 autem
1650 566 1812 621 quam
1832 551 1902 604 sit
1928 550 2062 604 alie-

481 665 581 706 nus
610 665 638 702 a
663 649 819 704 fastu.
852 645 965 701 Non
987 644 1117 699 dicit
1141 645 1336 714 quippe
1363 658 1579 705 nomen,
1613 642 1726 707 sed,
1759 642 1916 709 Quem
1941 641 2063 694 dili-

479 745 625 813 gebat
652 758 671 794 :
699 737 1161 809 Quemadmodum
1197 745 1251 790 et
1281 736 1474 790 Paulus
1520 751 1638 788 cum
1671 735 1904 800 diceret,
1942 733 2063 788 Scio

481 834 732 888 hominem
775 841 892 884 ante
917 846 1079 882 annos
1118 828 1516 896 quatuordecim.
1551 826 1701 880 Tunc
1728 835 1906 879 autem
1953 825 2062 894 pri-

482 939 628 978 mum
660 924 832 990 ipsum
864 919 1105 975 confulat
1125 919 1301 982 Jesus,
1325 933 1498 987 neque
1526 927 1699 970 tamen
1726 917 2061 983 nominatim;

479 1017 574 1071 sed
591 1013 896 1086 quomodo?
922 1012 1012 1068 26.
1043 1012 1139 1066 Cui
1160 1028 1251 1081 ego
1277 1011 1541 1063 intinctum
1571 1027 1750 1078 panem
1771 1025 2058 1080 porrexero.

478 1109 663 1164 Modus
717 1123 929 1178 quoque
997 1105 1471 1173 reprehensionem
1525 1103 1779 1156 all'erebat
1833 1119 1846 1156 :
1892 1117 2064 1171 neque

477 1204 620 1259 enim
648 1216 885 1257 mensam
918 1200 1178 1255 reveritus
1209 1208 1322 1258 est.
1374 1211 1494 1251 cum
1525 1196 1713 1250 eodem
1754 1205 2064 1250 vesceretur

475 1311 639 1366 pane.
673 1294 838 1359 Esto,
886 1307 991 1346 non
1023 1291 1326 1345 cohibuerit
1355 1304 1552 1343 mensae
1601 1287 1963 1351 consortium;
1997 1287 2064 1342 ab

480 1406 547 1445 eo
569 1388 870 1443 buccellam
894 1387 1046 1456 panis
1074 1385 1317 1453 accipere
1338 1398 1494 1451 quem
1522 1397 1628 1435 non
1655 1380 1921 1436 ﬂexisset?
1945 1380 2061 1434 Non

474 1483 628 1536 illum
652 1490 817 1534 certe.
845 1478 1182 1547 Quapropter
1205 1474 1296 1529 27.
1328 1473 1472 1528 Tunc
1493 1485 1703 1528 satanas
1733 1475 1785 1527 in
1811 1475 1957 1527 illum
1984 1475 2064 1526 in-

476 1574 647 1638 travit,
690 1571 806 1640 ejus
847 1571 1100 1624 deridens
1143 1567 1542 1638 impudentiam.
1574 1567 1753 1621 Donec
1799 1568 1851 1621 in
1895 1567 2063 1622 choro

476 1665 594 1729 fuit,
625 1680 732 1718 non
761 1677 920 1716 ausus
949 1659 1272 1730 estiugredi,
1306 1659 1398 1713 sed
1425 1659 1767 1714 extrinsecus
1786 1674 2060 1728 oppugna-

475 1758 564 1811 bat
594 1775 608 1810 :
640 1764 917 1826 postquam
939 1769 1065 1806 vero
1093 1754 1264 1822 ipsum
1295 1750 1541 1805 Christus
1567 1750 1737 1819 palam
1758 1750 1883 1805 fecit
1903 1758 1956 1805 et
1972 1766 2059 1804 se-

475 1847 730 1917 gregavit,
764 1845 930 1898 libere
951 1843 1165 1896 demum
1209 1843 1258 1894 in
1283 1841 1431 1895 illum
1464 1840 1684 1894 insiluit.
1716 1840 1898 1909 Neque
1916 1841 2058 1895 enim

476 1939 598 1992 talis
621 1953 741 1991 cum
768 1945 914 1989 esset
935 1934 1052 1989 sine
1079 1949 1173 2002 spe
1203 1931 1610 1993 emendationis.
1660 1931 1883 1987 decebat
1908 1933 2058 1987 illum

473 2029 654 2081 adhuc
673 2029 818 2081 intus
838 2040 1079 2080 manere.
1113 2023 1237 2077 Ideo
1259 2023 1417 2091 ejecit
1447 2023 1592 2076 illum
1615 2063 1629 2086 ,
1675 2032 1729 2076 et
1756 2033 2058 2092 separatum

476 2120 626 2174 illum
658 2128 872 2175 satanas
901 2116 1114 2184 abripit,
1146 2114 1488 2184 dimissisque
1512 2113 1616 2167 illis
1641 2126 1799 2167 noctu
1831 2115 1845 2143 ¹
1876 2113 2060 2184 prodi-

475 2220 567 2264 tor
597 2209 838 2264 recessit.
863 2209 952 2261 27.
989 2205 1121 2258 Dicit
1147 2206 1192 2259 ei
1237 2204 1408 2270 Iesus,
1429 2204 1620 2269 Amice,
1645 2205 1779 2271 quod
1804 2204 1951 2272 facis,
1976 2205 2060 2274 [ac

470 2305 643 2356 citius.
672 2302 766 2356 28.
789 2300 900 2353 Hoc
930 2308 1098 2352 autem
1125 2313 1267 2351 nemo
1285 2297 1426 2349 scivit
1447 2296 1887 2350 discumbentium.

549 2395 604 2449 2.
649 2395 828 2462 Papae,
857 2401 1113 2462 quantum
1145 2405 1308 2444 sensu
1337 2390 1484 2444 omni
1511 2389 1764 2444 carebat!
1791 2390 2064 2460 quomon

473 2503 578 2541 non
612 2485 783 2540 ﬂexus
816 2494 918 2544 est,
955 2499 1053 2538 nec
1085 2482 1337 2545 erubuit.
1372 2483 1466 2538 sed
1506 2482 1867 2552 impudentior
1894 2485 2062 2540 factus

476 2580 677 2634 exivit?
700 2578 832 2632 Illud
874 2586 1074 2642 autem,
1106 2575 1214 2629 Fac
1258 2577 1539 2641 citius,non
1569 2576 1880 2647 imperantis
1905 2619 1920 2643 ,
1962 2593 2063 2633 nec

473 2671 811 2726 consulentis
837 2679 958 2734 est;
993 2669 1086 2723 sed
1110 2667 1504 2736 exprobrantis,
1550 2677 1604 2721 et
1645 2668 2064 2723 demoostrantis

477 2779 537 2819 se
567 2772 753 2832 optare
783 2770 838 2817 ut
864 2761 1160 2827 resipiscat.
1192 2759 1295 2814 Sed
1327 2774 1448 2813 cum
1467 2758 1757 2813 obduratus
1786 2771 1948 2821 esset,
1978 2761 2065 2815 di-

483 2860 630 2913 misit
661 2873 808 2913 eum.
840 2855 913 2910 Et
934 2871 1100 2920 neum,
1132 2855 1324 2924 inquit,
1350 2854 1764 2909 discumbentium
1788 2855 1946 2908 novit.
1971 2854 2066 2910 llic

477 2966 671 3021 magna
697 2950 921 3020 quaestio
953 2947 1157 3005 moveri
1189 2947 1376 3016 possit,
1408 2961 1514 3015 quo
1545 2957 1700 3014 pacto
1729 2946 2066 3017 interrogau-

483 3044 628 3098 tibus
653 3040 954 3109 discipulis,
985 3040 1104 3108 quis
1125 3046 1308 3104 esset,
1341 3038 1504 3100 dicit,
1535 3036 1634 3092 Cui
1680 3037 1943 3093 intinctam
1973 3056 2067 3108 pa-

479 3153 596 3191 nem
637 3149 938 3204 porrexero,
975 3147 1151 3202 neque
1198 3131 1278 3185 sic
1328 3130 1747 3194 intellexerunt;
1782 3131 1882 3184 nisi
1927 3131 2067 3187 forte

478 3230 618 3286 clam
641 3227 857 3289 dixerit.
880 3226 950 3280 ita
981 3235 1037 3278 ut
1081 3239 1240 3279 nemo
1269 3223 1495 3278 audiret.
1522 3222 1653 3277 Nam
1684 3223 1803 3277 ideo
1835 3222 2069 3278 Joannes

481 3336 644 3392 supra
673 3326 859 3389 pectus
887 3315 1228 3380 recumbens,
1256 3315 1324 3368 ad
1341 3329 1521 3368 aurem
1548 3313 1659 3370 fere
1682 3315 2066 3385 interrogabat,

483 3413 558 3468 ita
590 3421 644 3465 ut
676 3410 919 3482 proditor
948 3425 1052 3462 non
1083 3407 1256 3476 palam
1274 3407 1429 3462 ﬁeret
1455 3425 1468 3461 :
1497 3415 1550 3462 et
1587 3406 1830 3465 Christus
1866 3409 1945 3463 sic
1985 3425 2071 3463 re—

483 3502 720 3574 spondit,
745 3511 802 3556 ut
826 3516 932 3555 non
959 3497 1298 3554 manifestum
1326 3499 1473 3552 illum
1498 3496 1717 3554 faceret.
1749 3497 2070 3570 thuamvis

483 3611 604 3651 cum
636 3592 875 3662 emphasi
921 3589 1076 3645 Jesus
1102 3589 1297 3646 dixerit
1328 3605 1341 3642 :
1371 3589 1566 3656 Amice,
1621 3589 1756 3658 quod
1798 3591 1958 3660 facis,
1988 3594 2070 3662 {ac

482 3687 632 3741 citius
653 3701 670 3739 :
693 3685 763 3740 illi
784 3698 958 3754 neque
983 3683 1062 3738 sic
1081 3681 1474 3737 intellexerunt.
1504 3681 1615 3736 Hoc
1642 3690 1820 3738 autem
1838 3682 2067 3748 diccbat,

484 3790 546 3835 ut
589 3777 899 3833 ostenderet
923 3791 986 3831 ea
1017 3790 1135 3845 qua:
1164 3773 1364 3831 Iudaeis
1393 3774 1483 3829 ille
1511 3773 1580 3829 de
1615 3783 1788 3829 morte
1839 3775 2067 3839 dixerat,

484 3887 611 3928 vera
641 3885 794 3935 esse;
823 3883 1015 3937 nempe
1045 3885 1058 3921 :
1095 3865 1397 3921 Potestatem
1424 3867 1582 3921 habeo
1605 3868 1825 3936 ponendi
1849 3868 2072 3923 animam

483 3980 682 4029 meam,
718 3971 761 4016 et
807 3969 1098 4031 potestatem
1122 3959 1279 4013 habeo
1313 3959 1494 4013 iterum
1522 3959 1755 4012 sumendi
1796 3975 1954 4024 eam;
1991 3968 2069 4026 et,

490 4053 657 4110 Nemo
697 4053 826 4107 tollit
862 4068 974 4105 eam
1002 4067 1033 4102 a
1058 4067 1137 4103 me
1166 4049 1350 4119 (Joan.
1380 4049 1468 4105 10.
1497 4050 1605 4118 18).
1652 4049 1915 4116 Quamdiu
1944 4065 2072 4121 ergo

489 4149 725 4203 retinere
745 4144 929 4209 voluit,
954 4157 1113 4198 nemo
1139 4152 1323 4196 contra
1344 4143 1545 4211 potuit;
1575 4158 1696 4197 cum
1718 4143 1958 4212 permisit
1979 4158 2074 4197 au-

494 4252 601 4296 tem
623 4282 639 4308 ,
682 4249 807 4295 tunc
836 4237 992 4292 facile
1022 4235 1139 4290 fuit.
1174 4235 1299 4290 Haec
1324 4235 1482 4305 igitur
1522 4235 1700 4290 omnia
1727 4235 2073 4292 subindicans

487 4334 650 4398 dixit,
706 4329 856 4395 Quod
897 4328 1042 4399 facis,
1075 4330 1158 4398 fac
1187 4327 1334 4380 citius
1360 4343 1378 4380 :
1416 4341 1589 4395 neque
1621 4337 1747 4381 tunc
1788 4325 1933 4384 illurn
1973 4342 2072 4381 no-

489 4433 600 4477 tum
649 4421 793 4476 fecit.
835 4418 994 4474 Forte
1022 4433 1250 4486 namque
1279 4417 1425 4471 illum
1463 4417 1908 4486 discerpsissent,
1939 4416 2074 4472 forte

493 4517 685 4571 l-‘etrus
738 4511 1041 4566 occidisset.
1113 4509 1238 4563 Ideo
1288 4507 1340 4562 id
1404 4524 1562 4562 nemo
1625 4509 2071 4564 discumbentium

492 4609 662 4664 novit.
708 4604 866 4672 Quid,
901 4617 1072 4671 neque
1119 4600 1396 4655 Joannes?
1441 4599 1518 4654 Ne
1568 4600 1655 4654 ille
1682 4600 1892 4668 quidem
1921 4619 1934 4657 :
1968 4616 2071 4658 non

492 4699 694 4772 putavit
721 4698 862 4751 enim
889 4693 1209 4764 discipulum
1247 4692 1299 4746 in
1330 4701 1530 4746 tantam
1566 4701 1948 4760 prorupturum
1983 4694 2076 4746 ini-

491 4794 772 4864 quitatem.
800 4787 931 4855 Quia
961 4786 1101 4840 enim
1128 4783 1312 4855 procul
1341 4793 1492 4837 erant
1519 4798 1550 4835 a
1581 4791 1728 4836 tanto
1757 4785 1982 4848 scelere,
2008 4785 2076 4842 de

496 4887 618 4940 aliis
659 4881 791 4937 nihil
838 4878 1143 4948 hujusmodi
1211 4877 1467 4945 suspicari
1509 4885 1776 4945 poterant.
1831 4876 1900 4932 Ut
1947 4892 2076 4947 ergo

493 4979 642 5048 prius
668 4976 882 5029 dixerat
903 4973 1027 5034 illis,
1057 4969 1176 5024 Non
1202 4970 1267 5022 de
1291 4969 1522 5022 omnibus
1547 4969 1680 5034 dico,
1712 4981 1767 5024 et
1789 4969 1917 5023 nihil
1944 4985 2072 5038 ape-

491 5079 670 5129 ruerat
705 5086 722 5126 :
752 5069 829 5122 sic
873 5077 927 5121 et
957 5081 1098 5119 nunc
1125 5064 1193 5119 de
1220 5063 1326 5116 alio
1359 5062 1460 5116 dici
1490 5072 1762 5133 putarunt.
1816 5063 1905 5118 50.
1951 5062 2077 5116 Erat

493 5174 660 5218 autem
677 5176 778 5214 nox
796 5157 998 5229 quando
1015 5157 1184 5219 exivit,
1207 5155 1394 5220 inquit.
1415 5152 1523 5208 Cur
1542 5155 1670 5209 mihi
1695 5164 1902 5224 tempus
1920 5153 2077 5208 dicis?

494 5255 564 5312 Ut
591 5254 768 5308 discas
810 5251 925 5320 ejus
953 5246 1300 5317 petulantiam
1321 5287 1334 5309 ,
1367 5245 1521 5314 cujus
1554 5246 1807 5314 impetum
1851 5261 1916 5299 ne
1945 5255 2078 5298 tem-

492 5364 590 5417 pus
621 5344 834 5416 quidem
860 5341 1119 5395 cohibuit.
1150 5338 1255 5392 Sed
1287 5353 1464 5407 neque
1496 5338 1595 5391 hoc
1616 5339 1760 5392 illum
1792 5339 1966 5404 palam
2003 5337 2081 5392 l'e-

491 5440 583 5491 cit.
617 5436 694 5492 Illi
719 5435 875 5504 igitur
899 5444 1041 5486 metu
1064 5429 1265 5485 detenti
1286 5439 1342 5483 et
1369 5429 1654 5485 formidine
1673 5430 1859 5494 multa,
1895 5429 2076 5484 turba-

495 5531 711 5594 hautur,
730 5537 785 5583 et
804 5543 982 5582 veram
1001 5525 1267 5578 dictorum
1290 5537 1506 5577 causam
1531 5538 1634 5576 non
1655 5532 1879 5577 norant:
1900 5523 2078 5590 suspi-

493 5623 756 5674 cabantur
770 5629 970 5683 autem,
995 5617 1061 5671 Ut
1083 5617 1250 5688 egenis
1266 5614 1461 5685 aliquid
1487 5615 1627 5668 daret
1658 5614 1834 5685 (Joan.
1858 5616 1946 5670 13.
1963 5614 2078 5684 29),

503 5706 602 5760 ista
630 5703 855 5757 dixisse.
887 5701 1103 5755 Multam
1137 5701 1279 5755 enim
1307 5698 1526 5768 gerebat
1555 5714 1847 5772 pauperum
1875 5715 2077 5770 curam,

562 5817 576 5844 ι
618 5810 711 5863 Alli
733 5814 943 5874 habent,
966 5813 1114 5876 foras,
1138 5810 1262 5874 loco,
1302 5818 1460 5863 noctu.

1135 344 1194 400 S.
1233 341 1510 400 JOANNIS
1544 339 2020 400 CHRYSOSTOMI
2063 341 2380 400 ARCHIEP.
2419 343 2946 407 CONSTANTINOP.

3637 344 3740 399 392

2177 465 2235 510 ut
2261 472 2358 512 nos
2387 458 2454 512 ad
2487 459 2718 530 idipsum
2752 461 2962 516 naviter
2988 461 3254 532 agendum
3288 463 3608 522 institueret.
3643 470 3747 526 Ne-

2171 563 2278 618 que
2311 549 2427 603 sine
2456 564 2617 604 causa
2658 551 2709 605 id
2740 551 3027 621 putabant;
3059 552 3148 606 ille
3173 569 3402 624 namque
3430 555 3633 612 loculos
3653 557 3743 612 hac

2171 639 2329 694 bebat
2350 638 2528 712 (Joan.
2550 640 2635 696 12.
2665 640 2741 713 6).
2760 643 2915 712 Atqui
2935 659 3092 698 nemo
3113 648 3386 713 pecuniam
3413 647 3511 716 ipsi
3534 647 3746 706 dedisse

2171 740 2418 785 narratur
2441 749 2455 785 :
2485 747 2669 786 verum
2693 733 2836 802 quod
2867 733 3140 803 discipulae
3169 749 3234 789 ex
3261 736 3415 791 bouis
3437 739 3548 792 suis
3577 739 3644 792 ad
3669 739 3746 792 vi-

2170 832 2314 874 ctum
2339 823 2637 877 necessaria
2658 823 2760 894 ipsi
2786 823 3225 894 suppeditabant;
3252 825 3350 880 hoc
3379 827 3464 882 ille
3487 843 3743 899 nusquam

2170 912 2252 968 vel
2286 913 2657 968 subiudicavit.

2244 1005 2345 1059 Cur
2374 1004 2601 1060 Christus
2629 1005 2820 1061 loculos
2846 1007 3092 1062 habuerit.
3137 1007 3355 1063 Peccata
3395 1011 3610 1065 aliorum
3643 1028 3741 1064 non

2169 1098 2457 1154 revelanda.
2483 1130 2553 1140 —
2576 1097 2682 1153 Cur
2712 1116 2870 1170 porro
2900 1102 2943 1154 is
2964 1103 3052 1171 qui
3079 1101 3247 1171 juhet,
3276 1119 3376 1158 nec
3405 1121 3619 1172 peram,
3649 1121 3746 1158 nc—

2169 1211 2272 1265 que
2293 1211 2387 1262 tes,
2417 1212 2586 1264 neque
2611 1197 2856 1251 baculum
2885 1195 3034 1262 ferri,
3064 1198 3269 1252 loculos
3295 1198 3498 1254 ferebat
3527 1201 3589 1254 ad
3619 1217 3740 1269 pau-

2171 1303 2353 1358 perum
2382 1289 2768 1344 ministerium?
2810 1288 2879 1345 Ut
2903 1289 3076 1345 diseas
3100 1292 3184 1346 vel
3217 1307 3338 1346 eum
3365 1293 3454 1363 qui
3491 1294 3618 1347 nihil
3649 1294 3736 1347 ha-

2170 1380 2293 1434 beat
2331 1390 2386 1436 et
2425 1395 2636 1436 crucem
2684 1391 2896 1450 portet,
2943 1382 3078 1436 hanc
3123 1383 3351 1438 maxime
3401 1400 3512 1437 rem
3557 1400 3748 1439 curare

2168 1483 2434 1541 oportere.
2461 1473 2619 1527 Multa
2644 1473 2784 1528 enim
2808 1472 3055 1538 faciebat,
3077 1484 3132 1527 ut
3159 1490 3257 1529 nos
3284 1475 3598 1530 institueret.
3635 1477 3746 1530 lloc

2170 1565 2327 1635 igitur
2355 1565 2536 1620 Jesum
2564 1566 2763 1620 dixisse
2790 1575 3041 1636 putarunt
3069 1565 3314 1636 discipuli
3340 1609 3355 1630 ,
3389 1577 3445 1621 ut
3473 1571 3743 1637 quidpiam

2168 1656 2486 1725 pauperibus
2532 1655 2766 1710 daretur.
2817 1655 3001 1726 Neque
3049 1666 3224 1712 tamen
3273 1657 3373 1713 hoc
3415 1658 3738 1727 proditorem

2168 1746 2346 1812 ﬂexit,
2382 1747 2522 1818 quod
2551 1748 2617 1802 ad
2647 1748 2882 1802 ultimam
2915 1763 3081 1818 usque
3109 1749 3249 1803 diem
3286 1749 3431 1804 illum
3461 1749 3740 1805 traducere

2165 1851 2218 1891 ct
2240 1848 2422 1894 notum
2447 1839 2621 1895 facere
2643 1840 2890 1895 noluerit.
2916 1840 3029 1894 Hoc
3055 1849 3110 1896 et
3135 1841 3288 1896 nobis
3311 1857 3522 1912 quoque
3548 1842 3739 1897 iacien-

2165 1933 2290 1987 dum
2313 1944 2396 1988 est
2416 1951 2428 1988 :
2447 1936 2905 1990 contubernalium
2930 1944 3145 2002 peccata
3168 1950 3271 1991 non
3295 1936 3577 1992 revelanda
3597 1947 3742 2009 sunt,

2165 2025 2371 2078 etiamsi
2403 2025 2715 2080 incurabilia
2753 2027 2879 2081 sint.
2923 2026 3134 2081 Etenim
3174 2038 3355 2096 postea
3383 2028 3482 2098 ipsi
3508 2028 3574 2083 ad
3615 2044 3743 2099 pro-

2165 2116 2398 2172 dendum
2438 2118 2708 2173 accedenti
2753 2120 2994 2174 osculum
3034 2119 3211 2184 dedit,
3243 2136 3305 2176 ac
3353 2137 3467 2176 rem
3509 2123 3743 2192 suscepit

2166 2220 2364 2264 tantam
2385 2252 2400 2275 ,
2428 2226 2548 2265 cum
2577 2211 2644 2265 ad
2673 2212 2830 2282 longe
2866 2210 3335 2268 fortnidabiliorem
3379 2223 3652 2283 pergeret,
3678 2214 3744 2269 ad

2165 2318 2377 2358 crucem
2422 2320 2642 2374 nempe,
2692 2314 2747 2359 et
2791 2315 3018 2360 mortem
3065 2306 3745 2375 ignominiosissitnamzac

2167 2410 2378 2450 rursum
2408 2395 2515 2450 illic
2543 2395 2920 2465 benignitatem
2949 2411 3096 2451 suam
3130 2397 3461 2452 ostendebat.
3492 2398 3586 2452 llic
3616 2414 3745 2454 vero

2167 2503 2280 2542 rem
2325 2487 2468 2541 illam
2513 2488 2737 2558 gloriam
2767 2498 2938 2554 vocat,
2981 2487 3179 2543 docens
3223 2488 3354 2543 nihil
3398 2489 3532 2544 adeo
3570 2499 3742 2559 turpe,

2167 2579 2302 2633 adeo
2328 2579 2738 2649 ignominiosum
2761 2593 2900 2642 esse,
2929 2579 3069 2650 quod
3099 2595 3202 2634 non
3234 2581 3513 2636 clariorem
3538 2581 3743 2650 reddat,

2167 2673 2380 2742 quando
2423 2672 2715 2726 secundum
2759 2672 2921 2727 Deum
2965 2672 3210 2726 efﬁcitur.
3258 2672 3543 2744 Postquam
3590 2674 3747 2745 igitur

2169 2764 2373 2818 exierat
2399 2763 2564 2818 Judas
2594 2764 2658 2817 ad
2687 2764 3014 2834 prodendum
3041 2805 3054 2829 ,
3087 2765 3216 2819 dicit
3248 2783 3262 2820 :
3289 2766 3378 2821 3i.
3411 2766 3566 2822 Nunc
3591 2769 3744 2822 clari-

2170 2856 2350 2924 ﬁcatus
2385 2865 2458 2908 est
2500 2853 2546 2907 F
2548 2853 2667 2909 ilius
2709 2856 2926 2909 hominis
2951 2871 2970 2910 :
3002 2856 3124 2910 hinc
3159 2857 3336 2926 lapsos
3364 2858 3746 2927 discipulorum

2170 2947 2380 3001 animos
2406 2947 2635 3017 erigens,
2667 2947 3004 3018 suadensque
3051 2956 3106 3002 ut
3149 2964 3253 3004 non
3299 2949 3458 3004 modo
3502 2967 3608 3004 non
3651 2950 3747 3005 tri-

2170 3047 2396 3103 stentur,
2421 3038 2514 3093 sed
2539 3039 2698 3092 etiam
2723 3038 3004 3108 gaudeant.
3038 3038 3162 3094 Ideo
3193 3040 3404 3095 Petrum
3435 3054 3466 3094 a
3491 3040 3750 3111 principio

2172 3130 2485 3200 increpavit.
2534 3129 2664 3184 Nam
2713 3129 2853 3199 quod
2897 3140 3068 3184 morte
3110 3131 3228 3200 quis
3274 3144 3501 3186 mortem
3548 3132 3745 3198 vincat,

2171 3223 2336 3292 gloria
2368 3230 2452 3276 est
2490 3236 2696 3291 magna.
2735 3221 2800 3275 Et
2842 3221 2942 3276 hoc
2971 3230 3052 3276 est
3081 3222 3221 3293 quod
3251 3223 3342 3278 ille
3367 3222 3436 3278 de
3464 3223 3640 3292 seipso
3661 3222 3744 3278 di-

2173 3315 2245 3369 cit
2268 3331 2280 3366 :
2305 3313 2430 3369 Cum
2459 3315 2707 3367 exaltatus
2734 3318 2898 3383 fuero,
2923 3325 3041 3367 tunc
3061 3317 3368 3385 cognoscetis
3388 3316 3505 3385 quia
3530 3332 3620 3387 ego
3641 3332 3750 3368 sum

2175 3405 2367 3480 (Joan.
2397 3407 2450 3460 8.
2484 3406 2575 3461 28.
2619 3406 2703 3460 1‘2.
2739 3407 2809 3461 55
2834 3407 2882 3477 );
2913 3417 2967 3461 et
2995 3423 3205 3461 rursum
3231 3449 3247 3475 ,
3283 3407 3476 3463 Solvite
3512 3407 3751 3477 templum

2176 3499 2270 3552 hoc
2301 3497 2495 3568 (Joan.
2528 3498 2582 3550 2.
2615 3497 2678 3552 l9
2701 3499 2750 3568 );
2787 3500 3101 3568 iterumque,
3132 3499 3350 3570 Signum
3380 3516 3481 3553 non
3510 3499 3748 3567 dabitur,

2175 3595 2274 3648 nisi
2302 3595 2498 3665 signant
2523 3593 2674 3650 Jonas
2702 3594 2863 3667 (Luc.
2897 3596 2984 3650 il.
3007 3596 3075 3650 ‘29
3091 3596 3133 3668 ).
3176 3596 3453 3663 Quomodo
3481 3599 3624 3653 enim
3649 3613 3750 3653 non

2175 3687 2340 3756 gloria
2365 3687 2433 3742 sit
2461 3688 2688 3742 maxima
2715 3728 2730 3752 ,
2772 3697 2890 3756 post
2919 3697 3145 3742 mortem
3175 3688 3378 3757 majora
3409 3703 3567 3758 posse
3593 3703 3750 3759 quam

2174 3787 2300 3834 ante
2337 3778 2606 3835 mortem?
2644 3777 2715 3834 Ut
2749 3777 2890 3834 enim
2922 3780 3241 3834 resurrectio
3269 3779 3612 3845 crederetur,
3640 3793 3751 3834 ma-

2171 3873 2291 3943 jora
2333 3871 2506 3928 fecere
2539 3872 2802 3941 discipuli.
2835 3870 2888 3927 Si
2919 3872 3061 3927 enim
3098 3887 3204 3927 non
3235 3873 3487 3938 vixisset,
3527 3883 3581 3928 et
3620 3871 3754 3928 Deus

2175 3979 2282 4021 non
2319 3964 2502 4018 fuisset
2525 4005 2540 4029 ,
2569 3963 2837 4032 quomodo
2865 3962 2918 4017 hi
2943 3963 2994 4017 in
3025 3963 3240 4019 nomine
3279 3963 3394 4032 ejus
3426 3973 3570 4018 tanta
3596 3963 3751 4019 fecis-
3849 4031 3853 4035 _

2176 4055 2329 4110 sent?
2358 4055 2445 4110 32.
2469 4054 2536 4109 Et
2556 4054 2693 4108 Deus
2720 4054 3016 4124 clariﬁcabit
3043 4071 3176 4109 eum.
3203 4055 3337 4124 Quid
3364 4067 3465 4121 est,
3491 4055 3630 4110 Deus
3650 4057 3753 4110 cla-

2175 4151 2394 4218 riﬁcabit
2415 4165 2527 4201 eum
2549 4149 2602 4202 in
2625 4149 2832 4217 seipse?
2861 4149 2972 4203 Hoc
3000 4159 3101 4216 est,
3135 4163 3226 4219 per
3246 4150 3501 4219 seipsum,
3534 4166 3639 4204 non
3663 4164 3754 4220 per

2176 4243 2359 4296 alium.
2406 4238 2476 4295 Et
2515 4241 2686 4295 statim
2727 4240 3024 4308 clariﬁcabit
3061 4255 3213 4305 eum;
3243 4239 3293 4294 id
3321 4249 3421 4302 est,
3449 4240 3607 4295 simul
3634 4256 3751 4297 cum

2177 4351 2350 4392 cruce.
2385 4334 2503 4391 Non
2531 4343 2647 4406 post
2680 4334 2892 4404 longum
2917 4345 3148 4404 tempus,
3181 4335 3370 4406 inquit,
3400 4351 3500 4391 nec
3522 4336 3609 4390 diu
3637 4343 3755 4406 post

2177 4429 2623 4485 resurrectionem
2655 4429 2804 4482 illum
2831 4427 3016 4483 reddet
3034 4428 3402 4498 splendidum;
3444 4430 3539 4485 sed
3577 4430 3753 4485 statim

2179 4520 2232 4575 in
2264 4521 2375 4590 ipsa
2404 4534 2562 4575 cruce
2581 4520 2883 4589 conspicuae
2911 4535 2999 4574 res
3022 4521 3372 4590 apparebunt.
3406 4520 3501 4576 Sol
3529 4536 3754 4591 namque

2177 4614 2489 4669 obscuratus
2530 4612 2674 4675 est',
2714 4621 2878 4681 petra:
2919 4610 3100 4666 scissa:
3144 4620 3288 4677 sunt,
3328 4612 3505 4667 velum
3547 4627 3754 4683 quoque

2178 4705 2402 4760 scissum
2425 4713 2524 4768 est,
2554 4702 2716 4757 multa
2738 4717 2958 4771 corpora
2986 4713 3286 4757 sanctorum
3316 4705 3406 4774 qui
3432 4704 3755 4760 dormierant

2179 4797 2425 4851 suscitata
2476 4805 2600 4851 sunt
2625 4811 2640 4850 :
2671 4795 2970 4864 sepulcrum
2994 4795 3263 4864 signacula
3293 4794 3542 4863 habebat,
3574 4805 3754 4851 custo-

2179 4888 2277 4942 des
2300 4887 2625 4952 assidebant,
2649 4895 2703 4940 et
2729 4902 2848 4939 cum
2881 4886 3016 4954 lapis
3043 4887 3252 4956 corpori
3283 4890 3648 4958 superpositus
3673 4905 3758 4943 es-

2182 4990 2284 5045 set,
2326 4994 2521 5048 corpus
2563 4978 2800 5033 surrexit
2832 4996 2845 5032 :
2872 4987 2991 5047 post
3018 4979 3359 5050 quadraginta
3392 4981 3506 5036 dies
3533 4982 3758 5051 Spiritus

2181 5075 2335 5128 datus
2357 5081 2457 5135 est,
2479 5081 2534 5127 et
2559 5073 2736 5126 statim
2764 5087 2954 5128 omnes
2981 5073 3130 5127 illum
3163 5074 3519 5144 praedicarunt
3547 5075 3755 5146 (Matth.

2179 5165 2270 5220 s7.
2317 5166 2404 5219 δι.
2441 5180 2552 5234 sqq.
2599 5162 2727 5216 Luc.
2769 5163 2858 5218 εδ.
2886 5165 3015 5235 45).
3064 5164 3177 5221 Hoc
3223 5176 3307 5221 est
3349 5167 3515 5233 illud,
3551 5167 3756 5236 Gloriﬁ-

2182 5256 2313 5309 cabit
2339 5255 2483 5309 illum
2509 5256 2563 5308 in
2590 5258 2751 5324 seipso
2771 5294 2786 5318 ,
2819 5263 2865 5307 et
2897 5255 3064 5308 statim
3100 5257 3406 5327 gloriﬁcabit
3445 5260 3588 5313 illum
3609 5275 3629 5313 :
3657 5276 3760 5313 non

2183 5362 2278 5416 per
2301 5347 2518 5415 angelos
2543 5354 2596 5400 et
2624 5345 2973 5416 archangelos
2996 5387 3012 5412 ,
3042 5362 3148 5401 non
3175 5362 3270 5418 per
3294 5348 3451 5404 aliam
3479 5350 3757 5420 quamdam

2185 5441 2517 5504 potestatem,
2547 5433 2640 5486 sed
2671 5447 2762 5500 per
2783 5434 3038 5501 scipsum.

2256 5516 2305 5571 ὅ.
2343 5517 2621 5584 Quomodo
2659 5515 2968 5571 clarilicavit
3005 5531 3101 5586 per
3136 5518 3411 5588 seipsum?
3451 5519 3637 5575 Omnia
3682 5521 3755 5574 la-

2186 5608 2376 5664 ciendo
2402 5609 2468 5662 ad
2495 5609 2712 5678 gloriam
2744 5607 2881 5661 Filii.
2916 5609 3073 5678 Atqui
3100 5612 3277 5666 omnia
3299 5611 3471 5667 Filius
3499 5612 3641 5667 fecit.
3674 5613 3761 5666 \‘i-

2186 5698 2309 5755 den’
2331 5700 2500 5769 ipsum
2524 5713 2684 5769 Opera
2711 5699 2825 5753 Filii
2854 5699 2919 5754 ad
2946 5699 3156 5756 Patrem
3179 5701 3418 5758 referre’
3446 5704 3534 5760 55.
3563 5702 3758 5762 Filioti.

2259 5813 2273 5844 ι
2302 5810 2395 5862 Alii
2419 5810 2606 5875 legunt,
2632 5811 2793 5864 radios
2817 5813 3002 5874 avertit,
3029 5813 3148 5875 loco,
3169 5817 3445 5866 obscuratus
3468 5824 3554 5867 est.
