4100 6362
334 410 433 467 τοι

336 521 535 593 ψυχαῖς
547 516 727 572 αὐτῶν
745 514 1148 588 ἐταράχθησαν,
1167 513 1348 586 πολλῷ
1372 513 1574 585 μᾶλλον
1600 513 1718 576 ταῖς
1735 509 1831 580 δψε
1840 526 1915 566 σι.

338 602 767 673 Μειλισσόμενος
813 600 995 654 τοίνυν
1034 600 1232 662 αὐτοὺς
1282 598 1380 652 καὶ
1423 596 1501 666 τῷ
1541 595 1685 666 λόγῳ
1729 594 1823 647 καὶ
1850 594 1916 663 τῇ

341 688 630 759 ἐρωτήσει,
674 683 1020 753 προοδοποιεῖ
1062 682 1157 737 καὶ
1199 683 1473 753 συγχωρεῖ
1497 680 1789 734 ἀναπεσεῖν
1826 677 1919 731 ἐπὶ

340 772 403 824 τὸ
430 769 646 839 στῆθος.
684 768 885 820 Σκόπει
918 766 975 819 δέ
998 766 1163 819 αὑτοῦ
1198 767 1293 821 καὶ
1329 766 1391 819 16
1437 764 1811 834 ἀκόμπαστον.
1844 760 1919 814 Ού

342 856 455 926 γὰρ
476 851 595 907 εἷπε
632 852 693 905 16
738 852 929 922 ὄνομα.
974 850 1088 905 ἀλλ’
1121 851 1203 905 δτι
1248 853 1359 904 ⁸ον
1392 849 1597 919 ἠγάπα
1620 864 1635 878 ·
1670 845 1921 918 καθάπερ

345 940 442 993 καὶ
473 936 705 999 Παῦλος.
734 936 823 988 ὅτε
859 933 1075 1003 ἐλεγεν·
1100 930 1246 987 Οἶδα
1278 933 1594 1001 ἄνθρωπον
1629 929 1743 998 πρὸ
1772 928 1924 983 ἐτῶν

346 1017 828 1087 δεκατεσσάρων.
879 1019 1014 1071 Τότε
1062 1017 1127 1088 δὴ
1178 1016 1396 1091 πρῶτον
1433 1015 1597 1071 αὑτὸν
1636 1014 1847 1084 ἐλέγχει
1894 1013 1923 1065 6

362 1103 587 1174 Ἰησοῦς,
619 1101 715 1155 καὶ
742 1101 863 1154 ούδέ
889 1100 1009 1154 τότε
1034 1099 1321 1171 ὀνομαστί·
1360 1099 1496 1152 ἀλλά
1523 1097 1673 1162 πῶς;
1703 1092 1780 1168 τῼ
1809 1094 1923 1165 ἐγὼ

343 1188 558 1257 ,ϐάψας
589 1187 653 1240 τὸ
680 1185 914 1254 ψωμίον
929 1182 1222 1237 ἐπιδώσω.
1246 1184 1355 1237 Καὶ
1373 1185 1401 1237 6
1422 1182 1621 1255 τρόπος
1650 1183 1923 1251 ἐντρεπτι-

349 1272 472 1335 κός⁶
504 1269 627 1323 0666
649 1267 756 1340 γὰρ
776 1266 874 1338 τὴν
902 1266 1181 1338 τράπεζαν
1203 1266 1426 1337 ᾐδέσθη,
1443 1266 1537 1319 τοῦ
1564 1264 1729 1319 αὐτοῦ
1756 1263 1921 1335 ἀρτου

350 1354 704 1423 κοινωνήσας.
745 1350 946 1413 Ἔστω,
989 1352 1023 1419 ὴ
1057 1350 1310 1403 κοινωνία
1360 1349 1472 1402 τῶν
1518 1348 1663 1402 ἀλῶν
1698 1347 1800 1400 οὐκ
1837 1346 1925 1397 ἐν-

350 1436 577 1509 έτρεψε·
602 1433 663 1488 16
693 1433 789 1487 καὶ
816 1434 945 1505 παρ’
976 1433 1140 1487 αὐτοῦ
1172 1432 1428 1497 δέξασθαι
1453 1430 1514 1484 τὸ
1536 1431 1770 1502 ψωμίον,
1802 1428 1924 1483 τίνα

352 1521 453 1593 τύκ
489 1521 556 1573 ἂν
587 1517 969 1582 ἐπεσπάσατο;
1018 1515 1159 1569 Ἀλλ’
1203 1518 1305 1570 ούκ
1335 1518 1562 1571 ἐκεῖνον.
1609 1514 1701 1568 Διὸ
1729 1514 1826 1567 καὶ
1863 1513 1926 1567 '0

352 1602 625 1668 σατανᾶς
660 1604 795 1655 τότε
824 1600 1115 1669 εἰσῆλθεν
1145 1603 1234 1667 εις
1275 1599 1483 1663 αὐτὸν,
1506 1599 1741 1669 γελάσας
1765 1597 1927 1652 αὐτὸν

353 1690 450 1760 τῆς
467 1684 869 1756 ἀναισχυντίας.
897 1684 1039 1746 Ἕως
1067 1682 1177 1755 γὰρ
1198 1678 1265 1754 ἦν
1281 1682 1375 1736 τοῦ
1401 1682 1584 1754 χοροῦ,
1607 1683 1707 1735 οὐκ
1725 1681 1926 1751 ἐτόλμα

354 1770 710 1841 ἐπιπηδῆσαι,
730 1767 844 1821 ἀλλ’
873 1766 1071 1831 ἔξωθεν
1090 1766 1460 1839 προσέϐαλλεν
1480 1768 1505 1796 ⁸
1523 1783 1537 1797 ο
1559 1765 1747 1837 ἐπειδὴ
1776 1764 1926 1837 [424]

352 1855 411 1908 δέ
454 1854 612 1924 δῆλον
659 1851 823 1906 αὐτὸν
879 1850 1101 1921 ἐποίησε
1143 1850 1237 1904 καὶ
1279 1850 1578 1923 ἀφώρισεν,
1617 1848 1929 1921 ἐπεπὴδησε

354 1938 539 1993 λοιπὸν
575 1936 714 2009 μετά
740 1934 924 1997 ἀδείας
942 1949 957 1965 ·
994 1934 1114 1987 οὐδὲ
1149 1935 1259 2008 γὰρ
1283 1934 1389 1989 ἔδει
1416 1933 1655 1989 τοιοῦτον
1686 1934 1815 1988 ὄντα
1835 1932 1931 1986 καὶ

356 2021 686 2092 ἀδιόρθωτον
720 2018 823 2071 ’ἐπὶ
860 2016 995 2070 πολὺ
1036 2018 1266 2088 μένοντα
1313 2018 1566 2089 κατέχειν
1613 2018 1779 2071 ένδον.
1831 2015 1931 2069 Διά

359 2105 518 2160 τοῦτο
561 2104 657 2157 καὶ
685 2101 939 2169 ἐξέϐαλεν
968 2100 1134 2154 αὐτόν
1174 2100 1378 2164 λοιπὸν,
1412 2102 1505 2155 καὶ
1544 2100 1930 2173 ἀποτμηθέντα

359 2188 626 2258 λαμϐάνει
656 2186 777 2238 τότε
808 2186 1037 2248 ἐκεῖνος,
1058 2183 1154 2237 καὶ
1180 2182 1496 2239 καταλιπὼν
1524 2184 1721 2247 αὐτοὺς
1744 2181 1933 2252 ἐξῆλθε

360 2272 553 2334 νυκτός
579 2271 630 2324 δ.
661 2268 831 2338 Λέγει
853 2266 1012 2334 αὐτῷ
1032 2271 1065 2322 ὁ
1094 2267 1334 2335 Ἰησοῦς
1352 2283 1367 2297 ο
1400 2267 1643 2337 Ἐταῷε,
1668 2267 1700 2321 6
1722 2266 1932 2333 ποιεῖς,

359 2356 618 2422 ποίησον
633 2352 857 2421 τάχιον.
875 2351 984 2406 Kal
999 2351 1191 2417 οὐδεὶς
1205 2350 1358 2420 ἔγνω
1376 2349 1495 2405 τῶν
1510 2350 1932 2420 ἀνακειμένων.

434 2438 499 2509 β’.
525 2437 717 2503 Βαϐαῖ,
753 2436 892 2507 πόση
927 2437 961 2507 ἡ
991 2434 1313 2503 ἀναισθησία
1336 2436 1347 2488 !
1373 2436 1489 2499 πῶς
1514 2436 1613 2489 ούκ
1632 2434 1933 2507 ἐμαλάχθη,

359 2522 481 2576 ούὸἐ
500 2519 763 2593 ᾐσχύνθη,
782 2518 917 2572 ἀλλά
936 2512 1411 2589 ἀναισχυντότερος
1436 2519 1727 2589 γενόμενος
1752 2517 1898 2589 ἐξῄει
1917 2520 1930 2572 ί

361 2606 437 2659 T6
463 2605 542 2669 δὲ,
572 2604 840 2670 Ποίησον
858 2600 1088 2670 τάχιον,
1104 2602 1164 2654 ού
1180 2602 1607 2672 προστάττοντός
1623 2603 1792 2665 ἐστιν,
1815 2602 1937 2657 ούδέ

365 2685 858 2759 συμϐουλεύοντος,
908 2684 1022 2739 ἀλλ’
1067 2684 1417 2748 ὀνειδίζοντος
1464 2686 1559 2740 καὶ
1607 2686 1934 2751 δεικνύντος,

362 2772 446 2826 ὅτι
467 2771 630 2834 αὐτὸς
648 2771 746 2841 μὲν
764 2769 1016 2822 ἐϐούλετο
1029 2767 1426 2841 διορθώσασθαι
1446 2787 1458 2801 ο
1479 2771 1667 2843 ἐπειδὴ
1688 2771 1742 2824 δὲ
1760 2772 1939 2845 66mp-

369 2855 555 2918 θώτως
571 2849 736 2923 εἶχεν,
756 2853 980 2923 ἀφίησιν
996 2852 1178 2907 αύτόν.
1202 2851 1308 2907 Kal
1329 2852 1502 2907 τοῦτο
1516 2853 1732 2919 οὐδεὶς,
1752 2857 1935 2924 φησιν,

363 2938 519 3007 ἔγνω
539 2936 659 2990 τῶν
677 2934 1105 3004 ἀνακειμένων.
1130 2934 1335 3007 Πολλὴν
1358 2937 1424 2990 ἀν
1438 2953 1524 3000 τις
1552 2936 1784 2991 ἐνταῦθα
1799 2939 1937 2990 ἀπο-

367 3021 488 3092 ρίαν
500 3019 671 3091 εῦροι,
689 3018 743 3072 εἰ
759 3036 845 3087 γε,
869 3018 1261 3091 ἐρωτησάντων
1277 3017 1385 3071 τῶν
1408 3018 1683 3091 μαθητῶν,
1695 3020 1779 3085 τίς
1798 3023 1934 3085 ἐστι,

365 3104 541 3172 λέγει’
565 3099 637 3175 ᾮ
661 3102 874 3173 ,βάψας
896 3103 963 3157 τὸ
983 3105 1219 3172 ψωμίον
1240 3102 1533 3169 ἐπιδώσω,
1546 3105 1640 3159 καὶ
1658 3104 1779 3159 οὐδὲ
1798 3104 1940 3159 οὕτω

369 3190 639 3259 συνῆκαν
685 3188 826 3259 πλὴν
859 3188 908 3240 εί
952 3187 1026 3258 μὴ
1070 3187 1243 3259 λάθρα
1279 3188 1521 3260 εἴρηκεν,
1559 3188 1700 3243 ὥστε
1736 3189 1940 3262 μηδένα

368 3274 622 3329 ἀκοῦσαι.
650 3273 761 3326 Καὶ
785 3272 891 3341 γὰρ
909 3273 938 3325 6
974 3272 1226 3342 Ἰωάννης
1253 3272 1341 3326 διὰ
1362 3272 1523 3326 τοῦτο
1541 3274 1691 3345 παρά
1714 3273 1777 3327 16
1805 3274 1938 3345 στῆ-

371 3359 462 3422 θος
495 3354 800 3419 ἀναπεσὼν,
829 3355 1007 3426 ἐρωτᾷ
1043 3358 1323 3425 μονονουχὶ
1367 3356 1503 3427 πρὸς
1546 3357 1609 3410 τὸ
1639 3354 1753 3422 οὖς.
1799 3359 1941 3413 ὥστε

374 3441 449 3513 μὴ
494 3439 747 3509 γενέσθαι
792 3438 1023 3509 φανερὸν
1060 3439 1151 3491 τὸν
1184 3439 1475 3510 προδότηνο
1512 3440 1605 3494 καὶ
1645 3442 1674 3493 6
1708 3443 1942 3517 Χριστὸς

371 3525 543 3588 οὕτως
584 3523 938 3594 ἀπεκρίνατο,
969 3523 1063 3575 καὶ
1092 3522 1211 3575 ούδέ
1233 3523 1353 3575 τότε
1383 3522 1547 3576 αὐτὸν
1590 3524 1812 3594 ἐποίησε
1839 3544 1942 3596 φα-

370 3608 527 3679 νερόν
543 3622 556 3636 ·
572 3607 667 3659 καὶ
688 3608 716 3660 6
736 3606 835 3677 μὲν
860 3607 1064 3677 καίπερ
1092 3606 1439 3676 ἐμφαντικῶς
1467 3606 1656 3669 είπὼν,
1694 3609 1938 3679 Ἑταῖρε,

373 3693 406 3746 δ
428 3690 639 3757 ποιεῖς,
662 3691 922 3758 ποίησον
932 3689 1141 3756 τάχιον
1160 3703 1174 3718 ⁸
1197 3691 1245 3742 οί
1262 3690 1316 3742 δὲ
1331 3690 1452 3742 ούδέ
1466 3689 1607 3744 οὕτω
1628 3693 1874 3747 συνίεσαν
1892 3704 1938 3750 ο.

373 3775 547 3828 Τοῦτο
566 3774 623 3827 δέ
645 3774 817 3841 ἐλεγε,
843 3773 1057 3835 δεικνὺς
1083 3773 1163 3826 ὅτι
1192 3772 1364 3843 ἀληθῆ
1394 3774 1464 3827 τά
1492 3774 1628 3844 πρὸς
1654 3777 1781 3840 τοὺς
1816 3778 1944 3831 Ἰου-

370 3858 551 3921 δαίους
572 3858 834 3927 εἰρημένα
852 3852 918 3928 ἦν
949 3855 1097 3927 αύτῷ
1126 3855 1366 3926 περὶτοῦ
1402 3857 1652 3913 θανάτου.
1691 3860 1802 3914 Καὶ
1833 3860 1944 3932 γὰρ

371 3940 506 4011 πρὸς
530 3941 767 4002 ἐκείνους
794 3938 980 4011 εῖρηκε
1006 3938 1087 4003 16,
1132 3938 1454 4003 Ἐ’ξουσίαν
1483 3941 1601 4009 ἔχω
1620 3941 1807 3997 θεῖναι
1830 3942 1945 4012 τὴν

370 4026 460 4091 ψυ
464 4023 583 4091 χήν
596 4041 737 4091 μου.
756 4022 854 4076 καί
869 4022 1159 4085 ἐξουσίαν
1171 4022 1287 4091 ἔχω
1307 4022 1495 4077 πάλιν
1507 4024 1715 4078 λαϐεῖν
1727 4027 1942 4096 αὐτήν·

370 4105 487 4169 καὶ,
521 4105 731 4170 Οὐδείς
756 4106 907 4173 ατρει
932 4108 1127 4173 αὐτὴν
1157 4106 1257 4159 ἀπ’
1287 4105 1452 4175 ἐμοῦ.
1475 4106 1619 4171 Ἕως
1656 4107 1786 4176 γοῦν
1822 4122 1948 4164 κατ-

371 4192 536 4260 εῖχεν.
560 4189 730 4252 οὐδεὶς
759 4190 975 4260 ἴσχυσεν
996 4206 1008 4219 ·
1035 4190 1219 4261 ἐπειδὴ
1246 4190 1302 4244 δέ
1328 4189 1509 4261 ἀφῆκε
1543 4192 1750 4258 λοιπὸν,
1796 4193 1947 4248 εῦκο-

372 4270 463 4326 λον
484 4272 605 4326 τότε
631 4273 693 4325 16
715 4274 945 4343 πρᾶγμα
962 4272 1191 4340 γίνεται.
1219 4271 1385 4327 Ταῦτ’
1404 4271 1499 4329 οῦν
1527 4275 1743 4334 ἅπαντα
1771 4280 1944 4333 αίνιτ·

372 4355 597 4426 τόμενος
614 4351 787 4421 εἶπεν,
817 4358 885 4408 '0
905 4355 1115 4422 ποιεῖς,
1144 4357 1405 4423 ποίησον
1424 4358 1635 4427 τάχιον
1658 4378 1673 4391 ο
1710 4363 1805 4417 καὶ
1823 4362 1946 4423 ούδέ

372 4439 495 4492 τότε
532 4438 695 4491 αὐτὸν
723 4437 881 4506 δῆλον
913 4438 1133 4507 ἐποίησε
1161 4436 1211 4492 ά.
1246 4439 1398 4508 Τάχα
1434 4442 1543 4512 γὰρ
1569 4442 1634 4496 ἂν
1660 4445 1821 4499 αὐτὸν
1853 4446 1947 4500 καὶ

372 4522 691 4583 διέσπασαν.
719 4522 860 4592 τάχα
887 4523 955 4576 ἂν
988 4525 1016 4576 6
1043 4524 1248 4593 Πέτρος
1275 4524 1368 4577 καὶ
1391 4525 1598 4580 ἀνεῖλεν
1627 4528 1809 4583 αὐτόν.
1845 4528 1946 4584 Διά

372 4605 531 4659 τοῦτο
569 4606 780 4671 Οὐδεὶς
810 4605 961 4674 ἔγνω
1002 4604 1122 4659 τῶν
1146 4606 1563 4676 ἀνακειμένων.
1590 4606 1737 4683 τΛρα
1765 4612 1886 4666 οὐδέ
1917 4614 1947 4666 6

387 4688 663 4760 Ἰωάννης;
712 4688 844 4742 0666
861 4683 1033 4751 οὗτοςσ
1066 4688 1128 4742 06
1154 4688 1263 4760 γὰρ
1301 4691 1367 4743 ἂν
1395 4692 1822 4765 προσεδόκησεν,
1865 4696 1948 4749 ὅτι

381 4771 625 4843 μαθητὴς
638 4773 730 4824 ἐπὶ
740 4769 995 4824 τοσοῦτον
1018 4772 1260 4843 χωρήσει
1283 4783 1307 4812 ε
1332 4776 1694 4846 παρανομίας.
1727 4778 1945 4851 Ἐπειδὴ

376 4855 486 4925 γάρ
514 4855 703 4925 πόρρω
729 4854 831 4923 τῆς
874 4853 1130 4925 τοιαύτης
1166 4857 1433 4927 πονηρίας
1468 4852 1629 4928 ἦσαν,
1665 4860 1786 4915 ούδέ
1814 4864 1945 4934 περὶ

380 4938 579 5008 ἐτέρων
609 4937 833 5019 τοιαῦτα
861 4938 1184 4992 ὑποπτεύειν
1206 4938 1369 5012 εῐχον.
1395 4942 1606 5014 Ὥσπερ
1626 4940 1718 4998 οῦν
1736 4946 1946 5019 ἐμπρο-

380 5022 506 5075 σθεν
536 5022 719 5085 αὐτοῖς
755 5016 930 5084 εἶπεν,
965 5022 1047 5075 ὃτι
1076 5025 1157 5077 Οὐ
1192 5024 1325 5091 περὶ
1361 5026 1602 5081 πάντων
1638 5016 1813 5100 λέγω,
1852 5016 1948 5087 καὶ

378 5104 613 5175 ούδαμοῦ
633 5104 961 5187 ἐξεκάλυψεν
977 5122 991 5135 ·
1015 5105 1159 5159 οὕτω
1179 5109 1271 5161 καὶ
1296 5110 1529 5165 ἐνταῦθα
1542 5112 1798 5184 ἐνόμισαν
1817 5117 1949 5187 περὶ

379 5188 564 5258 ἐτέρου
586 5187 854 5254 λέγεσθαι.
882 5185 993 5241 Ἦν
1010 5188 1079 5242 δὲ
1096 5190 1210 5255 νὺξ
1235 5190 1333 5245 ὅτε
1353 5192 1594 5261 ἐξῆλθε,
1619 5197 1770 5265 φησί.
1794 5185 1947 5252 Διατί

385 5288 473 5341 μοι
513 5272 605 5324 τὸν
640 5271 829 5341 καιρὸν
867 5271 1072 5338 λέγεις;
1105 5273 1222 5326 Ἷνα
1263 5275 1441 5347 μάθῃς
1477 5278 1575 5349 τὴν
1624 5280 1944 5354 ἰταμότητα,

379 5357 462 5409 ὅτι
492 5356 613 5408 οὑδέ
634 5358 662 5408 ὁ
689 5355 880 5425 καιρὸς
906 5356 1066 5408 αὐτὸν
1090 5358 1284 5428 ἐπέσχε
1314 5361 1410 5429 τῆς
1426 5364 1621 5434 ὁρμῆς.
1665 5366 1804 5419 Ἀλλ’
1826 5367 1947 5421 ούδέ

381 5438 538 5491 τοῦτο
564 5439 724 5491 αὐτὸν
756 5437 1053 5521 κατάδηλον
1078 5439 1320 5511 ἐποίησε.
1363 5444 1590 5499 Ἐκεῖνοι
1635 5447 1764 5515 γοῦν
1800 5450 1949 5521 φόϐῳ

384 5521 736 5592 κατεχόμενοι
770 5518 789 5558 ί
822 5521 914 5573 καὶ
950 5522 1161 5595 ἀγωνίᾳ
1205 5524 1373 5597 πολλῇ
1407 5528 1528 5581 τότε
1560 5518 1941 5603 τεθορύϐηντο,

342 5677 346 5681 ’
376 5668 1448 5757 -.-ἑέίίξεᾚετξρεξξαὲξὲέ.--¹ἰέίέἓὶἐξῆέ9εϊ
1471 5679 1623 5757 έξξδς·
1688 5680 1949 5757 tuim-

376 5733 527 5792 mav.
562 5733 688 5781 Ἀλλ’
710 5733 737 5780 6
759 5733 839 5793 μὲν
861 5733 1034 5792 γυμνότ
1087 5750 1139 5782 ον
1165 5733 1475 5797 έλεγεναύτὸ,
1501 5740 1563 5790 Ὃ
1592 5733 1799 5800 ποιεῖς...
1826 5733 1948 5795 έκεῖ-

377 5809 451 5860 χοι
497 5793 923 5860 δέᾼούησυνίεσαν.
958 5748 1251 5860 ’ἀιὸυίὼιῃι
1293 5801 1404 5849 ούδέ
1441 5801 1549 5850 τότε
1587 5804 1745 5860 αὐτοῖς
1784 5807 1943 5860 δῆλον.

379 5854 529 5930 Punug
549 5854 766 5930 _Savil'i}1,s
792 5838 1241 5930 legganm‘ax‘rrg‘i;
1261 5838 1645 5930 ,ἐκέίνοννδῇλξδ
1657 5838 1943 5930 ν’

386 5928 411 5957 e
438 5916 647 5991 Ουξξίδφ,
673 5917 810 5991 ἐξῄει.
843 5912 903 5991 :f
951 5912 1378 5991 ηρτειζβπδίηᾳε.
1408 5912 1620 5991 ’Ἐκεῖνοι
1661 5912 1946 5991 ὲὸῧύ-ᾌόϐῳ

381 5993 491 6055 κατ.
518 5978 675 6055 iant“:
702 5979 901 6055 και
916 5979 1228 6055 ῃφριϐῳλμοι
1261 5978 1569 6049 τεθορύϐηντο
1592 5978 1891 6053 νεεὶτὶριιὶωί
1912 5978 1944 6042 ἒ

384 6039 492 6088 cod.
522 6039 628 6090 705.
660 6040 940 6102 chcbalur
969 6039 1259 6105 ἐθορύϐηντο.

1336 400 1407 458 ΙΝ
1442 397 1758 456 JOANNEM
1797 394 2028 453 ﬂOMIL.
2071 397 2282 453 LXXII.
2315 398 2387 455 al.
2431 397 2619 456 LXXI.

3501 401 3611 459 392

2026 510 2120 562 καὶ
2150 508 2249 581 τὴν
2281 510 2380 582 μέν
2406 512 2580 585 ἀληθῆ
2598 512 2705 567 τῶν
2727 514 2848 587 είρη
2859 514 3035 586 μένων
3057 515 3235 571 αἰτίαν
3249 514 3348 570 οὐκ
3376 513 3574 587 ᾔδεσαν
3589 530 3606 546 ο

2026 592 2348 649 ὑπώπτευον
2375 596 2455 662 δέ,
2486 599 2570 651 ὅτι
2599 600 2625 639 ⁸
2653 599 2782 666 Τοῖς
2802 599 3065 666 πένησιν
3093 601 3195 655 ἵνα
3215 618 3271 654 τι
3299 597 3403 665 δῷ,
3433 598 3610 654 ταῦτα

2024 677 2199 747 ἔλεγε.
2235 678 2445 752 Πολλὴν
2479 682 2588 752 γὰρ
2622 685 2859 736 ἐποιεῖτο
2882 683 2993 736 τῶν
3022 683 3256 753 πτωχῶν
3285 682 3386 755 τὴν
3413 681 3611 752 ἐπιμέ-

2022 758 2193 825 λειαν,
2217 761 2485 817 διδάσκων
2512 766 2606 817 καὶ
2640 766 2787 836 ἡμᾶς
2820 766 3023 838 πολλὴν
3046 767 3188 838 ὑπὲρ
3221 766 3414 820 τούτου
3439 767 3612 821 ποιεῖς

2025 844 2149 899 σθαι
2177 846 2432 918 σπουδήν.
2471 848 2722 902 Ἐδόκουν
2750 849 2805 902 δέ
2827 849 2925 921 οὐχ
2952 850 3158 917 ἁπλῶς,
3190 850 3304 904 ἀλλ’
3337 848 3530 920 ἐπειδὴ
3547 849 3611 903 16

2021 930 2406 1001 γλωσσόκομον
2432 927 2545 1003 εἶχε
2570 950 2584 963 ·
2611 932 2788 987 καίτοι
2818 951 2881 1002 γε
2903 936 2931 973 ιι
2961 935 3135 998 οὐδεὶς
3168 935 3417 1006 φαίνεται
3443 950 3611 1005 προσ-

2023 1013 2264 1081 ενεγκὼν
2295 1015 2443 1085 αύτῷ
2469 1017 2760 1088 χρήματα·
2797 1016 2911 1069 ἀλλ’
2942 1018 3024 1071 ὅτι
3066 1018 3163 1086 μέν
3197 1018 3422 1089 ἔτρεφον
3448 1015 3610 1069 αὑτὸν

2023 1098 2090 1151 ἐκ
2118 1097 2227 1152 τῶν
2280 1099 2635 1171 ὑπαρχόντων
2674 1103 2731 1154 αἱ
2784 1100 3106 1174 μαθήτριαι,
3153 1096 3306 1154 εἴπεο
3347 1101 3507 1153 τοῦτο
3552 1098 3611 1152 δέ

2027 1180 2177 1253 [425]
2206 1182 2442 1253 οὐδαμοῦ
2478 1184 2717 1255 ᾐνίξατο.

2098 1264 2222 1328 Πῶς
2247 1265 2323 1330 δέ,
2360 1265 2435 1337 μὴ
2462 1270 2665 1338 πήραν,
2693 1266 2767 1339 μὴ
2794 1266 3018 1338 χαλκὸν,
3052 1266 3126 1337 μὴ
3152 1265 3345 1337 ῥάϐδον
3377 1264 3614 1318 κελεύων

2026 1348 2404 1420 ἐπιφέρεσθαι,
2444 1350 2833 1422 γλωσσόκομον
2871 1350 3170 1423 ἐπεφέρετο
3206 1348 3343 1419 πρὸς
3372 1348 3469 1418 τὴν
3502 1348 3613 1402 τῶν

2027 1433 2273 1502 πενήτων
2299 1432 2609 1498 διακονίαν;
2638 1434 2755 1488 Ἵνα
2785 1433 2985 1505 μάθῃς,
3020 1434 3102 1487 ὅτι
3135 1433 3228 1489 καὶ
3252 1432 3343 1485 τὸν
3397 1431 3605 1502 σφόδρα

2028 1516 2313 1586 ἀκτήμονα
2346 1518 2442 1571 καὶ
2479 1519 2900 1589 ἐσταυρωμένον
2935 1517 3130 1571 τούτου
3159 1516 3241 1570 δεῖ
3281 1513 3377 1569 τοῦ
3410 1515 3613 1586 μέρους

2029 1598 2230 1671 πολλὴν
2258 1601 2531 1654 ποιεῖσθαι
2560 1602 2658 1672 τὴν
2688 1602 2965 1672 πρόνοιαν.
2992 1599 3170 1653 Πολλά
3203 1599 3309 1672 γὰρ
3340 1598 3477 1670 πρὸς
3512 1599 3615 1667 τὴν

2030 1684 2306 1754 ἡμετέραν
2334 1683 2634 1754 οἰκονομῶν
2661 1684 3013 1738 διδασκαλίαν
3038 1685 3295 1752 ἔπραττε.
3327 1682 3497 1735 Τοῦτο
3523 1677 3616 1734 οὖν

2031 1768 2127 1820 καὶ
2158 1766 2337 1835 λέγειν
2382 1767 2641 1838 ἐνόμισαν
2674 1768 2724 1819 οἱ
2758 1767 3019 1838 μαθηταὶ,
3069 1768 3157 1820 ἵνα
3196 1769 3310 1828 τοῖς
3345 1765 3537 1835 πένησί
3563 1781 3617 1818 τι

2030 1849 2125 1921 δῷ.
2147 1852 2257 1905 Καὶ
2282 1851 2403 1905 οὒδέ
2430 1851 2589 1904 τοῦτο
2610 1852 2888 1923 ἐνέτρεψε,
2914 1852 2976 1905 16
3006 1852 3195 1923 μέχρις
3221 1850 3456 1922 ἐσχάτης
3478 1848 3617 1922 ὴμέ-

2038 1951 2134 2007 ρας
2166 1934 2241 2006 μὴ
2279 1934 2502 2005 θελῆσαι
2547 1936 2711 1989 αὑτὸν
2751 1936 3276 2008 παραδειγματίσαι.
3320 1933 3492 1988 Τοῦτο
3523 1935 3619 1989 καὶ

2031 2018 2182 2088 ἡμᾶς
2204 2018 2287 2071 δεῖ
2311 2021 2508 2083 ποιεῖν,
2526 2020 2619 2072 καὶ
2647 2018 2723 2089 μὴ
2744 2020 3115 2089 ἐκπομπεύειν
3132 2019 3202 2071 τά
3219 2017 3327 2071 τῶν
3349 2018 3621 2071 συνόντων

2035 2101 2431 2172 ἁμαρτήματα,
2479 2100 2583 2155 κάν
2611 2102 2846 2166 ἀνιάτως
2870 2103 3054 2177 έχωσι.
3084 2104 3192 2157 Καὶ
3224 2095 3331 2174 γάρ
3356 2101 3451 2157 καὶ
3480 2099 3621 2170 μετὰ

2032 2183 2204 2237 ταῦτα
2234 2183 2443 2238 ἐλθόντι
2475 2185 2768 2257 προδοῦναι
2807 2186 3019 2256 φίλημα
3054 2185 3240 2240 ἔδωκε.
3274 2184 3369 2238 καὶ
3395 2181 3620 2240 κατεδέ-

2037 2266 2165 2331 ξατο
2194 2270 2430 2338 πρᾶγμα
2451 2267 2724 2329 τοσοῦτον,
2752 2269 2847 2321 καὶ
2872 2270 2966 2321 ἐπὶ
2993 2269 3054 2322 16
3079 2267 3259 2343 πολλῷ
3285 2265 3621 2336 τολμηρότε-

2040 2366 2131 2421 ρον
2179 2350 2394 2422 προῄει,
2439 2352 2533 2405 τὸν
2568 2351 2803 2423 σταυρὸν
2835 2352 2999 2406 αὐτὸν
3035 2354 3081 2414 ί,
3127 2351 3219 2409 τὸν
3263 2350 3492 2405 θάνατον
3527 2348 3622 2402 τὸν

2036 2434 2401 2489 ἐπονείδιστον
2421 2452 2437 2467 ο
2468 2435 2565 2490 καὶ
2592 2436 2755 2490 πάλιν
2773 2438 2890 2489 ἐκεῖ
2909 2436 3008 2506 τὴν
3027 2434 3192 2490 αὐτοῦ
3209 2432 3622 2504 φιλανθρωπίαν

2037 2520 2404 2574 ἐπεδείκνυτο.
2446 2519 2557 2573 Καὶ
2585 2519 2741 2584 δόξαν
2789 2518 3026 2574 ἐνταῦθα
3068 2520 3129 2572 16
3177 2520 3410 2592 πρᾶγμα
3441 2516 3619 2579 καλεῖ,

2036 2604 2303 2658 διδάσκων
2329 2606 2480 2675 ἡμᾶς
2512 2603 2594 2657 ὅτι
2627 2604 2781 2658 ούδέν
2810 2602 2984 2667 οὕτως
3016 2602 3239 2674 αἰσχρὸν
3280 2602 3376 2658 καὶ
3408 2600 3621 2656 ἐπονεί-

2036 2687 2235 2755 διστον,
2272 2687 2301 2741 6
2334 2688 2409 2758 μὴ
2455 2686 2838 2758 λαμπρότερον
2882 2688 3027 2739 ποιεῖ
3059 2686 3150 2738 τὸν
3185 2684 3461 2757 μετιόντα.
3494 2684 3624 2740 ὃταν

2037 2771 2179 2825 κατά
2201 2770 2333 2824 Θεὸν
2358 2771 2600 2839 γίνηται.
2633 2769 2785 2824 Μετά
2804 2768 2936 2838 γοῦν
2962 2769 3023 2821 16
3047 2768 3281 2835 ἐξελθεῖν
3302 2767 3393 2820 τὸν
3424 2766 3623 2821 Ἰούδαν

2037 2854 2131 2908 ἐπὶ
2164 2853 2225 2907 16
2274 2852 2288 2903 i
2331 2852 2686 2924 παραδοῦναι,
2708 2852 2889 2920 λέγει·
2917 2852 3048 2906 Νῦν
3072 2850 3374 2918 ἐδοξάσθη
3416 2853 3449 2903 ό
3491 2850 3625 2914 Υἱὸς

2037 2936 2145 2990 τοῦ
2174 2934 2492 3005 ἀνθρώπου
2517 2953 2531 2967 ·
2568 2934 2739 3006 ταύτῃ
2781 2934 3139 2998 πεπτωκότας
3163 2935 3291 2996 τοὺς
3330 2932 3625 3001 λογισμοὺς

2037 3019 2149 3074 τῶν
2177 3018 2439 3091 μαθητῶν
2470 3019 2730 3083 ἀνιστῶν,
2763 3018 2861 3072 καὶ
2891 3018 3095 3071 πείθων
3127 3018 3200 3089 μὴ
3234 3016 3394 3088 μόνον
3427 3016 3501 3085 μὴ
3526 3031 3627 3067 κα-

2038 3106 2253 3175 τηφεῖν,
2279 3102 2416 3156 ἀλλά
2445 3102 2536 3156 καὶ
2569 3101 2799 3174 χαίρειν.
2837 3101 2938 3154 Διά
2964 3100 3123 3154 τοῦτο
3156 3101 3251 3156 καὶ
3290 3099 3481 3171 Πέτρῳ
3509 3099 3535 3138 ι
3565 3097 3628 3164 ἐξ

2038 3187 2215 3257 ἀρχῆς
2249 3186 2573 3257 ἐπετίμησε.
2606 3184 2680 3238 1'6
2705 3186 2813 3254 γάρ
2854 3185 2915 3238 ἐν
2949 3184 3166 3255 θανάτῳ
3208 3184 3499 3253 γενόμενον
3528 3196 3628 3233 πε-

2042 3269 2359 3342 ριγενέσθαι
2391 3268 2650 3335 θανάτου,
2678 3268 2804 3335 δόξα
2841 3268 3075 3339 μεγάλη.
3106 3268 3217 3321 Καὶ
3234 3267 3391 3320 τοῦτό
3422 3268 3570 3320 ἐστιν
3596 3263 3628 3318 δ

2042 3354 2173 3423 περὶ
2206 3352 2403 3406 ἐαυτοῦ
2434 3353 2617 3421 ἔλεγεν
2633 3369 2647 3383 ·
2687 3353 2873 3406 Ὅταν
2895 3350 3135 3421 ὑψωθῶ,
3159 3352 3294 3404 τότε
3318 3348 3628 3420 γνώσεσθε

2042 3434 2133 3489 ὅτι
2155 3435 2269 3507 ἐγώ
2295 3437 2413 3505 ειμι
2432 3452 2445 3465 ·
2479 3437 2575 3490 καὶ
2596 3435 2780 3499 πάλιν,
2805 3436 3044 3489 Λύσατε
3065 3434 3173 3487 τὸν
3196 3432 3349 3487 ναόν
3378 3431 3593 3487 τοῦτον
3609 3447 3623 3464 '

2042 3520 2140 3573 καὶ
2180 3520 2363 3584 πάλιν,
2400 3520 2657 3589 Σημεῖόν
2679 3522 2752 3575 οὐ
2785 3519 3107 3585 δοθήσεται
3139 3518 3302 3587 ὑμῖν,
3346 3520 3400 3571 εὶ
3428 3515 3513 3585 μὴ
3558 3516 3629 3571 τὸ

2040 3603 2296 3674 σημεῖον
2326 3601 2508 3658 Ἰωνᾶ.
2536 3604 2660 3667 Πῶς
2681 3604 2789 3675 γὰρ
2815 3603 2875 3657 06
2903 3603 3028 3666 δόξα
3052 3602 3281 3673 μεγάλη,
3301 3601 3360 3655 τὸ
3378 3601 3471 3653 καὶ
3492 3599 3629 3671 μετά

2044 3685 2274 3742 θάνατον
2311 3686 2529 3758 ίσχῦσαι
2562 3687 2672 3741 τῶν
2702 3687 2809 3758 πρὸ
2832 3686 2926 3740 τοῦ
2958 3686 3191 3741 θανάτου
3232 3685 3476 3758 μείζονα.
3509 3685 3629 3738 Ἵνα

2042 3768 2151 3843 γὰρ
2197 3770 2459 3841 πιστευθῇ
2499 3772 2533 3843 ὴ
2580 3770 2900 3834 ἀνάστασις,
2947 3772 3172 3841 μείζονα
3215 3772 3542 3841 εἰργάσαντο
3576 3768 3627 3821 οί

2047 3854 2307 3926 μαθηταί.
2337 3855 2400 3908 El
2428 3854 2485 3908 δέ
2522 3853 2597 3925 μὴ
2623 3853 2746 3924 ἐζη,
2776 3855 2871 3907 καὶ
2893 3854 3025 3919 Θεὸς
3058 3849 3148 3926 ἦν,
3169 3852 3287 3915 πῶς
3310 3856 3365 3907 ἐν
3398 3852 3627 3922 ὀνόματι

2043 3937 2207 3991 αὑτοῦ
2221 3936 2462 3991 τοσαῦτα
2485 3937 2810 4007 εἰργάσαντο
2832 3930 3007 4003 06101;
3031 3937 3192 3991 Καὶό
3212 3935 3358 4003 Θεὸς
3379 3934 3629 3999 δοξάσει

2042 4022 2247 4077 αὐτόν.
2262 4020 2329 4073 Τί
2354 4022 2494 4085 ἐστι,
2512 4019 2619 4073 Kal
2636 4022 2669 4074 ό
2688 4020 2832 4086 Θεὸς
2852 4020 3101 4085 δοξάσει
3119 4019 3306 4074 αὐτὸν
3321 4020 3389 4072 ἐν
3404 4016 3631 4083 ἐαυτῷς

2044 4106 2324 4169 Τουτέστι,
2357 4106 2429 4159 δι’
2469 4105 2686 4168 ἐαυτοῦ,
2712 4106 2773 4158 ού
2801 4104 2868 4159 δι’
2898 4106 3112 4177 ἐτέρου.
3144 4107 3251 4162 Kal
3277 4103 3497 4170 εὐθέως
3532 4103 3632 4157 δο-

2046 4189 2221 4254 ξάσει
2248 4191 2465 4244 αὐτόν’
2498 4190 2799 4255 τουτέστιν,
2833 4189 2949 4260 ἅμα
2973 4190 3053 4260 τῷ
3077 4190 3314 4260 σταυρῷ.
3351 4189 3486 4243 0666
3523 4188 3631 4261 γάρ

2045 4273 2134 4327 διά
2172 4273 2367 4344 χρόνου
2397 4272 2617 4337 πολλοῦ,
2648 4273 2837 4343 φησὶν,
2864 4273 2985 4327 0666
3022 4273 3111 4327 16v
3134 4274 3343 4346 μακρὸν
3372 4274 3471 4345 τῆς
3499 4275 3631 4327 ἀνα-

2049 4358 2293 4422 στάσεως
2322 4359 2585 4429 ἀναμενεῖ
2608 4356 2823 4428 καιρὸν,
2864 4357 2984 4410 οὐδὲ
3020 4358 3142 4411 τότε
3164 4358 3325 4424 δείξει
3353 4357 3628 4428 λαμπρὸν,

2046 4440 2163 4495 ἀλλ’
2187 4441 2388 4505 εὐθέως
2418 4443 2480 4495 ἐν
2502 4442 2650 4513 αὺτῷ
2665 4441 2746 4513 τῷ
2776 4440 2999 4512 σταυρῷ
3019 4442 3086 4495 τά
3106 4441 3335 4513 λαμπρὰ
3356 4445 3628 4513 φανεῖται.

2058 4524 2118 4578 Ὀ
2136 4524 2269 4593 γοῦν
2302 4525 2455 4596 ἥλιος
2484 4526 2775 4598 ἐσκοτίσθη
2823 4524 2867 4589 ι,
2898 4527 2954 4579 al
2976 4526 3172 4595 πέτραι
3203 4527 3538 4597 ἐρῤάγησαν,
3566 4525 3632 4580 16

2048 4607 2455 4678 καταπέτασμα
2486 4610 2736 4681 ἐσχίσθη,
2764 4607 2935 4663 πολλά
2969 4609 3199 4677 σώματα
3225 4607 3333 4661 τῶν
3370 4625 3632 4680 κεκοιμη-

2057 4691 2242 4759 μένων
2296 4690 2472 4759 άγίων
2509 4692 2742 4764 ὴγέρθη,
2773 4693 2802 4745 6
2838 4693 3005 4760 τάφος
3051 4691 3337 4763 σήμαντρα
3368 4685 3503 4762 εἶχε,
3538 4692 3633 4745 καὶ

2049 4772 2291 4843 φύλακες
2318 4774 2790 4846 παρεκαθέζοντοο
2824 4777 2919 4831 καὶ
2946 4776 3297 4845 ἐπικειμένου
3314 4775 3392 4847 τῷ
3419 4776 3631 4848 σώματι

2045 4858 2141 4911 τοῦ
2187 4858 2359 4924 λίθου,
2392 4860 2590 4931 ἀνέστη
2639 4860 2698 4913 16
2731 4850 2924 4930 σῶμαο
2969 4860 3379 4931 τεσσαράκοντα
3425 4863 3631 4935 ἡμέραι

2046 4941 2346 5013 παρῆλθον,
2378 4943 2475 4995 καὶ
2504 4945 2537 5013 ὴ
2586 4942 2681 4996 τοῦ
2712 4943 3027 5013 Πνεύματος
3069 4939 3199 5013 ἦλθε
3232 4945 3485 5016 χορηγία,
3536 4946 3634 4999 καὶ

2049 5023 2253 5088 πάντες
2280 5025 2444 5078 αὐτὸν
2462 5025 2666 5089 εὐθέως
2687 5027 3071 5096 ἀνεκήρυττον.
3090 5025 3260 5080 Τοῦτό
3276 5030 3415 5090 ἐστι,
3443 5026 3630 5090 Δοξάο

2049 5121 2149 5165 σει
2170 5107 2360 5162 αὐτὸν
2382 5107 2454 5162 ἐν
2477 5108 2743 5174 ἐαυτῷω,
2769 5109 2867 5162 καὶ
2902 5111 3122 5175 εὐθέως
3146 5110 3394 5174 δοξάσει
3419 5111 3630 5165 αὐτόν’

2048 5193 2110 5244 06
2141 5190 2208 5245 δι’
2241 5190 2488 5261 ἀγγέλων
2522 5193 2616 5246 καὶ
2649 5193 3026 5264 ἀρχαγγέλων,
3057 5193 3178 5247 οὐδὲ
3197 5195 3263 5249 δι’
3292 5195 3458 5268 ἄλλης
3487 5195 3633 5259 τινὸς

2047 5270 2351 5341 δυνάμεως,
2379 5271 2515 5325 ἀλλὰ
2537 5272 2604 5325 δι’
2632 5272 2848 5326 ἐαυτοῦ.

2118 5356 2186 5418 γ’.
2209 5350 2333 5415 Πῶς
2362 5350 2419 5406 δέ
2452 5351 2547 5405 καὶ
2578 5351 2794 5417 ἐδόξατε
2820 5351 2887 5404 δι’
2912 5351 3107 5417 αύτοῦς
3129 5352 3313 5406 Πάντα
3330 5352 3543 5424 πράξας
3562 5354 3633 5408 τὰ

2048 5429 2184 5500 πρὸς
2228 5430 2384 5496 δόξαν
2420 5431 2513 5486 τοῦ
2538 5433 2669 5486 Υίοῦ
2689 5449 2703 5462 ·
2735 5432 2912 5486 καίτοι
2946 5433 3123 5486 πάντα
3146 5436 3175 5486 6
3199 5434 3325 5496 Υἱὸς
3349 5435 3625 5505 ἐποίησεν.

2060 5512 2222 5584 Ὁρᾷς
2234 5514 2316 5568 ὅτι
2334 5515 2403 5569 τά
2430 5515 2521 5568 ὑπ’
2540 5514 2707 5570 αὐτοῦ
2735 5515 2995 5585 γινόμενα
3020 5516 3096 5586 τῷ
3112 5517 3288 5586 Πατρὶ
3307 5516 3618 5590 ἀνατίθησιι

2048 5592 2199 5669 [426]
2231 5599 2461 5661 Τεκνία.
2483 5599 2570 5653 ἔτι
2585 5599 2805 5669 μικρὸν
2818 5598 2947 5667 μεθ’
2966 5596 3134 5668 ὑμῶν
3164 5601 3301 5670 ειμι.
3328 5599 3627 5670 Ζητήσετέ

2112 5690 2139 5729 8
2171 5690 2270 5740 Alii
2298 5692 2477 5763 ᾔδεσαν
2496 5705 2510 5718 ·
2541 5692 2765 5763 ἐνόμισαν
2785 5690 3084 5763 ,δὴ-φησίν,
3121 5694 3211 5763 ὅτι.
3278 5688 3335 5763 Β.
3512 5692 3633 5763 aqb—

2045 5747 2257 5833 29399.
2277 5747 2410 5833 "3"};
2437 5747 3250 5833 ιιεεειιξεὶφὲεςξὲεζέιίιέξιιὲςειηιεπ-
3320 5753 3339 5796 ι
3369 5757 3466 5833 AA“
3489 5757 3633 5833 καλυ

2044 5814 2335 5877 πώτερον....
2360 5814 2441 5885 16v
2464 5814 2737 5878 δέίσταυρὸν
2757 5814 2921 5865 αὐτοῦ.
2946 5814 3113 5889 Μαοιδὲι.
3142 5818 3223 5865 τὸν
3243 5818 3447 5880 σταυρὸν
3467 5814 3629 5866 αὐτόν.

2054 5882 2071 5919 J
2113 5873 2261 5922 Putat
2310 5874 2459 5924 εει-ιι.
2509 5878 2777 5929 legendum
2819 5877 2897 5925 ἐπὶ
2942 5894 3029 5927 τω.
3100 5879 3127 5919 k
3171 5880 3253 5928 Sic
3300 5885 3441 5929 recte
3484 5878 3629 5927 codd.

2044 5911 2157 5990 705.
2179 5911 2289 5983 ’ῑόξλ
2310 5911 2900 5994 νιῖὸὶὲἰι.’ἷὶ⁵ᾆ”“ξ’.“ἰῐιῖιῖἶ
2951 5911 3117 5990 Τλιίί
3154 5911 3287 5998 ἐιῖὦς
3303 5911 3629 5991 ’ἓξὶίτψῗ

2047 6005 2084 6029 ’⁸
2123 5996 2293 6045 ΜΟΓΘΙ-
2340 5999 2388 6045 ὲν
2427 6000 2575 6051 αὐτῷ.
2618 5954 2729 6050 λῖἷιι
2766 6003 2913 6051 verba
2949 6004 3029 6051 καὶ
3061 6005 3363 6051 ἆογαγγέὶων
3389 6015 3418 6051 e
3452 5956 3605 6051 3m

3488 5956 3604 6051 mn

2047 6005 2084 6029 ³·
2123 5996 2293 6045 Morel.
2340 5999 2388 6045 ὲν
2414 6000 2575 6067 αὐτῷ.
2618 5996 2729 6050 Mox
2766 6003 2913 6055 verba
2949 6004 3029 6053 καὶ
3061 5996 3363 6067 ἀρχαγγέλων
3389 6015 3418 6051 e
3452 5996 3486 6050 S

2049 6068 2381 6110 accesserunt.
2411 6061 2543 6111 linat.
