4100 6362
516 313 626 369 395

498 445 604 499 με,
648 428 747 485 καί
768 426 965 494 καθὼς
990 422 1162 482 εἷπον
1197 428 1323 495 τοῖς
1370 430 1703 497 Ἰουδαίοις,
1749 431 1837 484 ὅτι
1886 430 2081 483 Ὅπου

506 511 717 580 ὑπάγω
746 510 883 580 ἐγὼ,
919 510 1087 579 ὑμεῖς
1112 512 1184 564 οὐ
1224 510 1489 566 δύνασθε
1527 513 1760 567 ἐλθεῖν·
1804 512 1904 566 καὶ
1934 512 2075 580 ὑμῖν

512 592 667 663 λέγω
695 592 844 662 ἄρτι.
882 594 1141 664 Ἀρχεται
1173 593 1358 646 λοιπὸν
1392 596 1499 647 τῶν
1543 594 1801 667 λυπηρῶν
1841 594 1978 664 μετά
2021 592 2082 646 τὸ

462 740 467 745 η
513 678 742 731 δεῖπνον.
770 680 895 730 Ὅτε
939 680 1047 745 γαρ
1088 677 1286 741 Ἰούδας
1331 678 1572 748 ἐξῆλθεν,
1606 680 1708 733 οὐκ
1754 678 1836 731 ἔτι
1876 677 2085 748 ἑσπέρα

514 756 604 831 ἦν,
640 761 772 813 ἀλλά
807 759 922 825 νύξ.
978 762 1193 832 Ἐπειδὴ
1242 760 1349 831 γὰρ
1381 761 1602 831 ἔμελλον
1636 761 1829 832 μικρὸν
1863 760 2087 828 ὕστερον

517 843 926 913 ἐπιστήσεσθαι,
979 844 1086 896 ἔδει
1136 843 1308 897 πάντα
1348 844 1833 914 παρακαταθέσθαι
1882 844 2085 903 αὐτοῖς,

514 926 657 979 ὥστε
693 925 835 995 ἔχειν
866 928 917 979 ἐν
976 928 1160 998 μνήμῃ
1181 943 1195 958 ·
1237 927 1435 997 μᾶλλον
1464 928 1520 980 δέ
1552 928 1611 979 16
1654 927 1875 996 Πνεῦμα
1914 927 2089 980 πάντα

464 1060 469 1063 .
517 1010 713 1070 αὐτοὺς
743 1009 1014 1079 ἀνέμνησε
1052 1022 1100 1062 ﬂ.
1138 1008 1314 1062 Πολλὰ
1361 1011 1470 1080 γὰρ
1519 1011 1684 1072 εἰκὸς,
1726 1010 1820 1062 ἃτε
1872 1008 2088 1078 πρῶτον

516 1093 640 1144 τότε
664 1091 981 1153 ἀκούοντας,
1009 1093 1104 1144 καὶ
1132 1092 1405 1156 τοιούτους
1435 1093 1728 1162 μέλλοντας
1752 1091 2090 1161 ττειρασμούς

518 1174 828 1246 ὑπομένειν,
846 1176 1171 1230 ἀποϐάλλειν
1194 1177 1409 1240 αὐτούς.
1429 1177 1491 1231 Οί
1513 1177 1622 1246 γὰρ
1642 1175 1775 1246 πρὸς
1799 1174 1962 1228 ὐπνον
1993 1190 2092 1227 καο

517 1258 900 1329 ταφερόμενοι,
934 1258 1114 1319 καθὼς
1140 1261 1232 1312 καὶ
1257 1259 1442 1330 ἕτερός
1488 1276 1652 1330 φησιν
1681 1257 2089 1327 εὐαγγελιστὴς,

524 1342 623 1396 καὶ
672 1341 881 1411 ἀθυμίᾳ
929 1342 1299 1411 συνεχόμενοι,
1340 1342 1522 1404 καθὼς
1569 1343 1665 1396 καὶ
1709 1342 1871 1405 αὐτὸς
1909 1343 1939 1394 6
1968 1339 2093 1410 Χρι-

524 1425 648 1488 στὸς
675 1425 848 1492 λέγει·
908 1426 1070 1479 Ἀλλ’
1120 1425 1209 1478 ὅτι
1249 1425 1435 1479 ταῦτα
1482 1425 1799 1493 λελάληκα
1842 1425 2004 1490 ὑμῖν,
2050 1425 2091 1492 ἠ

467 1564 471 1568 ,
517 1511 686 1576 λύπη
734 1506 1129 1575 πεπλήρωκεν
1173 1507 1339 1575 ὑμῶν
1387 1509 1503 1574 τὴν
1540 1510 1817 1576 καρδίαν·
1871 1508 1988 1571 πῶς
2027 1506 2094 1560 ἂν

518 1590 695 1644 ταῦτα
740 1593 916 1644 πάντα
977 1590 1240 1659 κατέσχον
1293 1591 1566 1662 ἀκριϐῶς;
1624 1592 1690 1644 Τί
1746 1592 1948 1661 δήποτε
2000 1584 2093 1642 οῦν

523 1675 775 1743 ἐλέγετος
804 1676 903 1728 Ὀὐ
957 1675 1153 1746 μικρὸν
1191 1676 1374 1737 αὐτοῖς
1408 1676 1617 1742 ἐγίνετο
1665 1675 1854 1746 κέρδος
1886 1675 1967 1737 είς
1994 1674 2096 1743 τὴν

524 1757 763 1830 Χριστοῦ
803 1760 982 1824 δόξαν,
1015 1759 1075 1812 16
1114 1759 1300 1826 σαφῶς
1339 1760 1537 1813 εἰδέναι
1575 1760 1713 1830 μετὰ
1744 1758 1918 1812 ταῦτα
1964 1759 2097 1811 ὐπο-

529 1843 1023 1913 μιμνησκομένους,
1072 1842 1151 1894 ὃτι
1202 1842 1374 1895 ταῦτα
1406 1843 1570 1895 πάλαι
1619 1843 1916 1912 ἀκηκοότες
1955 1837 2094 1912 ἦσαν

526 1924 679 1995 παρά
700 1923 794 1978 τοῦ
834 1924 1092 1995 Χριστοῦ.
1140 1925 1298 1987 Τίνος
1336 1926 1394 1977 δὲ
1443 1926 1626 1979 ἕνεκεν
1661 1923 2094 1997 προκαταϐάλλει

525 2008 706 2063 αὐτῶν
733 2008 831 2078 τὴν
859 2008 1058 2079 ψυχὴν,
1080 2008 1274 2076 λέγων,
1302 2011 1429 2063 Ἔτι
1467 2010 1685 2077 μικρὸν
1722 2009 1944 2077 χρόνον
1963 2006 2093 2075 μεθ’

525 2092 695 2161 ὑμῶν
712 2095 828 2161 είμι
846 2108 865 2155 ;
885 2093 1009 2155 Τοῖς
1028 2093 1126 2162 μὲν
1153 2092 1260 2163 γάρ
1291 2092 1560 2155 Ἰουδαίοις
1585 2092 1810 2155 εἰκότως
1842 2091 2060 2158 ἐλέγετο
2076 2106 2091 2120 ·

523 2176 674 2246 ἡμᾶς
693 2175 749 2229 δέ
766 2174 907 2237 τίνος
928 2175 1111 2227 ἕνεκεν
1129 2174 1324 2242 ἐπίσης
1347 2177 1425 2237 εἰς
1446 2176 1545 2244 τὴν
1569 2176 1739 2244 αὐτὴν
1762 2174 1914 2238 τάξιν
1943 2173 2095 2237 ἄγεις

525 2258 753 2320 ἐκείνοις
781 2259 894 2321 τοῖς
949 2256 1291 2326 ἀγνὼμοσινς
1328 2256 1612 2326 Οὐδαμῶς.
1649 2258 1758 2311 Καὶ
1794 2258 1936 2320 τίνος
1978 2256 2095 2309 ἐνε-

527 2357 625 2395 κεν
644 2336 785 2403 εῐπε,
805 2338 1009 2405 Καθὼς
1034 2336 1206 2393 εἷπον
1232 2339 1353 2405 τοῖς
1390 2340 1735 2404 Ἰουδαίοις;
1773 2342 2095 2409 Ἀνέμνησεν

525 2423 609 2478 ὅτι
643 2424 763 2494 οὐχὶ
796 2421 889 2476 νῦν
918 2422 1027 2475 ἀπὸ
1068 2423 1168 2491 τῆς
1216 2422 1324 2474 τῶν
1355 2422 1542 2475 δεινῶν
1586 2423 1884 2493 παρουσίας
1924 2422 2096 2478 ταῦτα

529 2506 817 2579 προλέγει·
850 2505 966 2559 ἀλλ’
999 2505 1204 2559 ἀνωθεν
1235 2506 1375 2559 αὐτά
1407 2506 1648 2577 προῄδει,
1685 2508 1775 2560 καὶ
1824 2506 2098 2578 μάρτυρες

528 2592 683 2645 αὐτοί
723 2592 773 2643 οἱ
806 2590 1160 2652 ἀκούσαντες,
1190 2591 1272 2644 ὅτι
1303 2590 1557 2661 καὶπρὸς
1607 2591 1890 2653 Ἰουδαίους
1927 2594 2099 2645 ταῦτα

528 2674 705 2743 ἔλεγε.
725 2674 814 2728 Διὸ
837 2674 932 2728 καὶ
949 2674 1257 2744 προσέθηκε
1274 2675 1355 2735 τὺ,
1380 2675 1585 2728 Τεκνία
1604 2693 1616 2706 ·
1634 2674 1721 2727 ἵνα
1746 2674 2095 2738 ἀκούσαντες,

529 2757 737 2823 Καθὼς
765 2752 937 2810 εἷπον
970 2755 1097 2820 τοῖς
1131 2756 1462 2823 Ἰουδαίοις,
1495 2756 1569 2827 μὴ
1602 2757 1696 2810 καὶ
1729 2757 1863 2829 πρὸς
1904 2758 2100 2821 αὐτοὺς

528 2840 733 2910 ὁμοίως
756 2839 1011 2911 εἰρῆσθαι
1040 2839 1103 2891 16
1147 2841 1434 2910 εἰρημένον
1467 2839 1779 2910 νομίσωσιν.
1812 2842 1886 2893 Οὐ
1935 2860 2101 2897 κατα-

531 2921 742 2976 ϐάλλων
768 2922 946 2975 τοίνυν
972 2923 1189 2987 αὐτοὺς,
1228 2922 1365 2975 ἀλλά
1405 2921 1896 2993 παραμυθούμενος
1931 2925 2103 2979 ταῦτά

531 3021 717 3075 φησιν,
737 3004 823 3058 ἵνα
842 3005 916 3075 μὴ
938 3003 1316 3074 ἀπροσδόκητα
1342 3006 1635 3059 ἐπιστάντα
1657 3006 1839 3069 αὐτοῖς
1860 3006 1928 3059 τὰ
1953 3005 2102 3059 δεινά

532 3086 828 3158 ἐκταράξῃ,
858 3088 1042 3142 Ὅπου
1079 3086 1193 3156 ἐγὼ
1225 3087 1459 3157 ὑπάγω,
1504 3089 1666 3156 ὑμεῖς
1723 3090 1795 3143 οὐ
1842 3088 2105 3144 δύνασθε

530 3171 747 3227 ἐλθεῖν.
761 3171 1056 3233 Δείκνυσιν,
1077 3172 1159 3225 ὄτι
1173 3174 1199 3224 6
1216 3171 1441 3234 θάνατος
1455 3172 1618 3227 αὐτοῦ
1641 3172 1967 3242 μετάστασις
1989 3175 2103 3227 ἐστι

533 3255 628 3309 καὶ
654 3254 939 3325 μετάθεσις
969 3254 1226 3323 ἀμείνων,
1247 3256 1326 3318 εἰς
1358 3254 1521 3309 τόπον
1553 3254 1779 3326 σώματα
1806 3255 1868 3307 οὐ
1884 3254 2106 3325 δεχόμε-

533 3353 624 3391 νον
652 3337 883 3407 φθαρτά.
912 3336 1095 3390 Ταῦτα
1121 3337 1177 3390 δὲ
1207 3337 1375 3405 λέγει,
1399 3338 1599 3391 καὶτὸν
1624 3339 1702 3402 εἰς
1725 3336 1888 3391 αὐτὸν
1912 3336 2109 3406 διεγεί-

530 3438 644 3493 ρων
666 3420 828 3474 πόθον
843 3419 936 3473 καὶ
952 3418 1276 3490 θερμότερον
1294 3420 1480 3475 ποιῶν.
1503 3422 1647 3475 Ἴστε
1664 3419 1771 3490 γὰρ
1783 3421 1864 3473 ὅτι
1890 3420 2107 3474 ἐπειδὰν

536 3504 734 3575 ῖδωμεν
759 3501 867 3556 τῶν
904 3502 1172 3573 φιλτάτων
1204 3503 1354 3566 τινάς
1380 3504 1797 3575 ἀναχωροῦντας
1820 3543 1837 3568 ,
1874 3504 2107 3573 μάλιστα

532 3585 1043 3659 διαθερμαινόμεθα,
1066 3586 1160 3639 καί
1193 3586 1389 3655 μᾶλλον
1406 3586 1434 3626 ιι
1460 3587 1587 3641 ὅταν
1617 3588 1813 3657 ἴδωμεν
1841 3590 1919 3650 εἰς
1945 3588 2108 3649 τόπον

534 3672 815 3735 ἀπιόντας,
831 3671 909 3732 είς
921 3668 979 3722 δν
996 3669 1115 3722 οὐδὲ
1127 3669 1349 3722 δυνατὸν
1366 3671 1499 3740 ἡμῖν
1524 3670 1801 3725 ἀπελθεῖν.
1838 3672 2109 3735 Ἐκείτους

540 3757 639 3825 μὲν
675 3749 767 3807 οῦν
800 3751 1000 3822 φοϐῶν,
1035 3750 1210 3805 ταῦτα
1255 3749 1428 3819 έλεγε,
1475 3752 1686 3816 τούτοις
1717 3754 1773 3807 δὲ
1812 3753 1904 3807 τὸν
1948 3755 2109 3808 πόθον

538 3837 809 3902 ἐξάπτων.
844 3834 1093 3896 Τοιοῦτός
1132 3835 1279 3886 ἐστιν
1308 3837 1336 3888 6
1386 3835 1588 3899 τόπος,
1642 3836 1783 3890 ὥστε
1826 3838 1899 3907 μὴ
1953 3838 2109 3906 μόνον
2157 3832 2165 3838 ’

538 3921 800 3985 ἐκείνους,
831 3918 967 3973 ἀλλὰ
1003 3917 1137 3988 μηδέ
1168 3918 1310 3988 ὑμᾶς
1349 3919 1475 3983 τοὺς
1526 3919 1814 3985 φιλτάτους
1851 3918 2109 3973 δύνασθαι

537 4001 944 4076 παραγενέσθαι
975 4002 1108 4055 ἐκεῖ.
1146 4000 1410 4055 Ἐνταῦθα
1442 4002 1535 4054 καὶ
1561 4002 1622 4055 τὸ
1645 4001 1862 4072 ἀξίωμα
1890 4002 1950 4055 16
1981 4004 2108 4057 ἐαυ-

538 4086 635 4140 τοῦ
670 4086 921 4140 δείκνυσι.
953 4084 1064 4137 Καὶ
1102 4083 1244 4152 ὑμῖν
1271 4084 1425 4153 λέγω
1463 4084 1613 4154 ἄρτι.
1649 4086 1748 4141 Διά
1780 4085 1832 4138 τί
1852 4125 1868 4150 ,
1905 4088 2107 4155 Ἀρτις

550 4170 782 4242 Ἑτέρως
815 4167 1076 4231 ἐκείνοις,
1129 4167 1223 4221 καὶ
1269 4168 1466 4239 ἑτέρως
1515 4169 1663 4240 ὑμῖν·
1699 4170 1997 4237 τουτέστιν,
2045 4172 2107 4225 οὐ

541 4253 661 4325 μετ’
698 4253 938 4306 ἐκείνων.
982 4248 1090 4303 Ποῦ
1129 4250 1185 4303 δὲ
1228 4251 1387 4303 αὐτὸν
1417 4251 1687 4323 ἐζήτησαν
1734 4255 1782 4306 οί
1831 4253 2106 4320 Ἰουδαίοις

538 4336 645 4390 ποῦ
674 4335 728 4389 δὲ
761 4336 810 4388 οἱ
848 4333 1085 4405 μαθηταί
1105 4351 1119 4399 ;
1157 4336 1218 4385 Οἱ
1253 4334 1492 4404 μαθηταὶ
1532 4335 1650 4405 μὲν,
1684 4336 1771 4389 ὅτε
1806 4337 2027 4406 ἔφυγον·
2060 4340 2110 4393 οί

547 4419 793 4474 Ἰουδαῖοι
836 4417 926 4482 δὲ,
974 4418 1062 4471 ὅτε
1108 4417 1176 4470 τὰ
1217 4418 1486 4488 ἀνήκεστα
1536 4418 1773 4491 ἔπασχον
1820 4421 1969 4476 δεινά
2016 4423 2111 4477 καὶ

540 4504 720 4558 πάντα
752 4502 1146 4572 ὑπερϐαίνοντα
1171 4501 1325 4568 λόγον
1345 4542 1361 4566 ,
1392 4500 1493 4570 τῆς
1521 4502 1724 4565 πόλεως
1758 4502 1929 4574 αὐτῆς
1954 4505 2113 4558 ἀλού-

542 4604 664 4657 σης,
690 4587 786 4641 καὶ
810 4585 908 4654 τῆς
940 4583 1199 4654 θεηλάτου
1230 4582 1493 4637 πάντοθεν
1525 4584 1644 4637 κατ’
1673 4584 1850 4638 αὐτῶν
1879 4588 2113 4658 φερομέ-

540 4687 638 4741 νης
678 4668 868 4740 ὀργῆς.
914 4668 1172 4728 Ἐκείνοις
1210 4666 1306 4736 μὲν
1352 4662 1444 4718 οῦν
1474 4666 1594 4719 τότε
1639 4667 1792 4735 ἔλεγε
1822 4669 1844 4696 °
1884 4668 1972 4721 διά
2014 4669 2114 4741 τὴν

538 4750 818 4817 ἀπιστίαν,
851 4750 977 4821 ὑμῖν
1002 4750 1059 4803 δὲ
1091 4748 1207 4817 νῦν,
1235 4748 1323 4802 διά
1350 4748 1412 4802 τὸ
1440 4750 1513 4819 μὴ
1549 4750 1928 4820 ἀπροσδόκητα
1959 4752 2117 4805 ἐπελ-

541 4835 654 4889 θεῖν
709 4833 778 4887 τά
834 4834 1001 4888 δεινά.
1065 4833 1360 4899 Ἐντολὴν
1414 4832 1633 4899 καινὴν
1691 4832 1897 4902 δίδωμι
1949 4835 2110 4903 ὑμῖν.

553 4916 772 4988 Ἐπειδὴ
804 4916 910 4986 γάρ
942 4918 1019 4978 είς
1042 4915 1266 4987 θόρυϐον
1295 4916 1441 4987 (427)
1468 4916 1662 4977 αὐτοῦς
1684 4916 1941 4985 ἐμπεσεῖν
1970 4918 2116 4981 εἰκὸς

538 4995 609 5071 ἦν
640 4999 812 5052 ταῦτα
840 4997 1153 5061 ἀκούοντας,
1184 4998 1259 5061 ὡς
1286 4999 1525 5068 ἐρήμους
1553 4996 1843 5067 μέλλοντας
1874 4999 2113 5063 ἔσεσθαι,

542 5082 952 5153 παραμυθεῖται
978 5081 1193 5145 αὐτοὺς,
1217 5080 1312 5150 τὴν
1342 5082 1557 5134 πάντων
1582 5080 1687 5133 τῶν
1716 5081 1935 5146 ἀγαθῶν
1960 5082 2117 5153 ῥίζαν

541 5168 635 5220 καὶ
665 5165 963 5234 ἀσφάλειαν
987 5163 1326 5234 περιϐάλλων
1347 5164 1549 5227 αὐτοῖς,
1577 5164 1675 5235 τὴν
1706 5165 1943 5233 ἀγάπην·
1973 5167 2119 5220 ὠσαο

541 5251 622 5302 νεὶ
649 5248 855 5317 ἔλεγεν·
910 5246 1148 5315 Ἀλγεῖτε
1197 5247 1449 5308 ἀπιόντος
1482 5247 1651 5316 ἐμοῦ;
1696 5248 1809 5299 ἀλλ’
1848 5248 1942 5301 ἐὰν
1977 5252 2118 5318 ἀγα-

543 5336 682 5385 πᾶτε
714 5330 992 5403 ἀλλήλους,
1018 5329 1205 5382 έσεσθε
1236 5329 1589 5399 ἰσχυρότεροι.
1619 5328 1741 5391 Πῶς
1767 5325 1859 5382 οῦν
1881 5332 1942 5384 οὐ
1962 5333 2120 5386 τοῦτο

544 5412 731 5480 εἷπεν;
768 5416 891 5469 Ὅτι
927 5414 955 5466 ὃ
986 5413 1172 5466 τούτου
1211 5411 1410 5480 μᾶλλον
1443 5410 1652 5481 ὤνησεν
1704 5412 1898 5476 αὐτοὺς
1930 5410 2116 5467 εἶπεν·

559 5500 660 5553 Ἐν
691 5501 879 5566 τούτῳ
915 5497 1246 5566 γνώσονται
1296 5494 1515 5559 πάντες
1561 5493 1651 5547 ὅτι
1694 5496 1823 5564 ἐμοὶ
1863 5499 2122 5565 μαθηταί

545 5582 706 5637 ἐστε.
743 5583 841 5635 Διά
869 5582 977 5653 γὰρ
1007 5579 1195 5633 τούτου
1223 5577 1251 5617 ἀ
1299 5577 1417 5647 ἅμα
1447 5577 1737 5647 ἐδήλωσεν,
1771 5581 1851 5632 ὅτι
1898 5582 1957 5634 οὐ
1994 5584 2119 5635 σϐε-

550 5666 805 5736 σθήσεται
828 5667 857 5718 6
880 5663 1058 5735 χορὸς,
1088 5662 1250 5721 ὁπότε
1281 5660 1377 5715 καὶ
1401 5659 1688 5730 γνώρισμα
1717 5663 1901 5726 αὐτοῖς
1929 5664 2117 5720 ἔδωκε.

610 5829 637 5858 ⁸
676 5829 772 5878 Alii
804 5829 956 5876 πάντα
988 5829 1330 5889 ὑπεμίμνησκε.
1396 5823 1639 5889 1ΞΜιῑλλον
1654 5829 1873 5878 additum
1898 5843 1926 5879 ο
1950 5831 2120 5887 εει-ἧι..

555 5900 748 5950 necnon
773 5898 845 5945 el,
863 5891 1011 5950 infra,
1034 5888 1177 5937 vérha
1199 5891 1277 5936 διὰ
1298 5891 1362 5950 τί,
1401 5888 1533 5950 ᾇρτι;
1560 5890 1735 5950 quibus
1764 5891 1882 5939 infra
1927 5894 2121 5945 carebat

555 5949 722 5997 Moulf.
752 5950 886 5999 Enn.
953 5954 975 5982 ο
998 5945 1007 5950 ⁷
1033 5952 1127 6001 Alii
1161 5945 1357 6011 ἔλεγον(
1400 5945 1548 6002 dAlii
1574 5945 1652 6001 καὶ
1676 5954 1751 6000 διὰ
1788 5951 1944 6002 τοῦτο.

1190 314 1249 369 S.
1285 313 1565 373 JOANNIS
1599 312 2086 375 CHRYSOSTOMI
2118 313 2437 371 ARCHIEP.
2470 285 3019 369 CONSTANTINOP:

3638 298 3754 355 39‘

2187 429 2355 485 Τοῦτο
2374 430 2429 483 δὲ
2453 427 2624 491 εἶπεν,
2645 429 2732 481 ὅτε
2751 426 2780 477 6
2803 422 3063 495 προδότης
3084 417 3262 472 αὐτῶν
3281 410 3608 482 ἀπεσχίσθη.
3629 410 3758 470 Πῶς

2186 515 2243 567 δέ
2274 514 2442 585 αὐτὴν
2470 512 2687 581 ἐντολὴν
2707 511 2855 577 λέγει
2879 504 3071 575 καινὴν
3098 502 3194 557 καὶ
3216 502 3272 585 ἐν
3298 496 3605 585 τῇμΠαλαιᾷ
3636 510 3757 585 κει-

2191 598 2355 667 μένην
2379 578 2591 657 ε’Δύτδς
2643 578 2811 662 αὐτὴν
2844 589 3065 657 ἐποίησε
3106 584 3291 654 καινὴν
3319 581 3401 651 τῷ
3429 579 3633 667 τρόπῳ·
3663 578 3761 630 ἐπ-

2185 665 2360 751 ἦγαγε
2388 678 2519 747 γοῦν
2539 694 2553 708 ·
2588 676 2793 741 Καθὼς
2820 672 3108 742 ἠγάπησα
3129 669 3303 751 ὑμᾶς.
3342 666 3417 719 Οὐ
3459 665 3567 751 γὰρ
3616 677 3757 751 δτι-ρο..

2187 745 2552 832 ῦπηργμένων
2580 760 2708 829 ὑμῖν
2747 754 3182 827 κατορθωμάτων
3217 749 3438 832 ὄφλημα
3470 749 3596 832 ὑμῖν
3620 745 3755 832 ,ἀπο

2189 827 2391 911 έδυέέεάξ
2422 845 2537 898 ἀλλ’
2568 827 2731 905 αὐτὸς
2763 838 3033 909 κατῆρξα,
3064 834 3254 905 φησίν.
3287 831 3443 885 Οῦτω
3478 829 3571 883 καὶ
3611 827 3757 896 ὑμᾶς

2187 931 2490 1000 εὐεργετεῖν
2535 928 2660 991 τοὺς
2707 925 2996 994 φιλτάτους
3034 920 3161 992 χρὴ,
3198 918 3294 971 καὶ
3323 915 3398 986 μὴ
3442 912 3756 1000 όφεψίλοντας

2188 994 2387 1074 αὐτοῖς.
2434 1012 2543 1065 Καὶ
2594 1010 2751 1079 ἀφεὶς
2802 1009 2973 1061 εἰπεῖν
3025 1004 3096 1058 τά
3133 1001 3406 1071 θαύματα,
3441 997 3480 1055 ἃ
3530 994 3755 1079 ἔμελλον

2189 1098 2382 1161 ποιεῖν,
2408 1095 2513 1148 ἀπὸ
2539 1078 2879 1161 τῆςίάγάπης
2906 1091 3102 1153 αὐτοὺς
3128 1082 3537 1158 χαρακτηρίζει·
3570 1078 3635 1131 Τί
3659 1078 3756 1148 δή⁹

2191 1196 2353 1245 ποτε;
2388 1180 2510 1232 Ὄτι
2561 1178 2717 1231 τοῦτο
2759 1175 2992 1248 μάλιστά
3029 1176 3144 1228 ἐστι
3172 1171 3233 1225 τδ
3274 1166 3511 1223 δεικνύω
3545 1161 3767 1248 ἀνθρώῗ

2186 1278 2325 1325 ’κους
2358 1262 2565 1330 ἁγίους.
2595 1260 2780 1331 Πάσης
2808 1260 2915 1329 γάρ
2943 1261 3091 1311 ἐστιν
3116 1253 3317 1326 ἀρετῆς
3351 1248 3625 1311 ὑπόθεσις.
3655 1250 3716 1331 Δι

2187 1344 2378 1397 τούτου
2409 1328 2662 1415 μάλιστα
2708 1328 2801 1397 καὶ
2853 1328 3136 1411 σωζόμεθα
3164 1336 3391 1399 πάντες.
3431 1331 3602 1386 Τοῦτο
3644 1328 3767 1400 γάρ

2189 1431 2336 1482 ἐστιν
2364 1425 2523 1492 εἶναι,
2566 1428 2721 1499 φησὶ,
2766 1426 3030 1498 μαθητήν.
3071 1422 3261 1486 Οὕτως
3289 1419 3433 1490 ὑμᾶς
3465 1416 3703 1499 ἅπαντες
3725 1423 3761 1450 ⁸

2190 1486 2602 1575 ἐπαινέσονται,
2628 1486 2778 1565 ’δτὸιηί
2806 1486 2986 1563 ἴδωσιν
3037 1506 3185 1577 ὑμᾶς
3238 1486 3606 1575 μιμουμένους
3652 1486 3768 1567 τὴ*

2192 1594 2330 1666 ἐμὴν
2359 1594 2599 1664 ἀγάπην.

2260 1664 2324 1734 δ).
2350 1679 2414 1732 Τί
2450 1674 2575 1745 οὗν;
2608 1677 2667 1729 οὐ
2691 1674 2869 1745 πολλῷ
2902 1672 3107 1745 μᾶλλον
3129 1670 3199 1725 τά
3224 1668 3477 1739 θαύματα
3516 1664 3768 1719 δείκνυσιν.

2148 1748 2151 1749 ν
2190 1761 2388 1826 τοῦτο;
2421 1760 2705 1831 Οὐδαμῶς.
2738 1756 3089 1825 Πολλοίγὰρ
3127 1753 3363 1821 ἐροῦσι·
3410 1750 3613 1831 Κύριε,
3645 1746 3760 1831 οὐκ

2191 1844 2261 1897 ἐν
2296 1842 2376 1908 τῷ
2403 1828 2645 1911 ὀνόματί
2669 1856 2785 1897 σου
2808 1839 3079 1908 δαιμόνια
3099 1834 3493 1903 ἐξεϐόλομεν;
3527 1830 3621 1884 καὶ
3649 1828 3757 1884 πά-

2192 1926 2276 1979 λιν
2298 1928 2593 1996 χαιρόντων
2618 1923 2795 1979 αὐτῶν
2815 1923 2894 1976 ὅτι
2910 1921 2979 1975 τά
2999 1919 3250 1990 δαιμόνια
3269 1919 3450 1978 αὐτοῖς
3470 1912 3760 1996 ὑπακούει,

2195 1995 2346 2078 φησί·
2376 2007 2471 2076 Μὴ
2503 2008 2734 2077 χαίρετε
2761 2005 2851 2059 ὅτι
2882 2004 2954 2058 τὰ
2986 2003 3261 2071 δαιμόνια
3286 1999 3426 2068 ὑμῖν
3444 1995 3758 2078 ὑπακούει,

2192 2091 2331 2145 ἀλλ’
2372 2090 2460 2145 ὅτι
2488 2092 2561 2145 τὰ
2584 2091 2845 2158 ὀνόματα
2870 2084 3032 2156 ὑμῶν
3066 2085 3385 2154 τέτραπται
3411 2077 3628 2143 ἐντοῖς
3651 2077 3755 2130 οὑ-

2187 2172 2413 2243 ρανοῖς.
2441 2174 2549 2225 Καὶ
2588 2174 2695 2243 μὴν
2728 2172 2889 2225 τοῦτο
2918 2170 3020 2239 τὴν
3058 2168 3382 2237 οἰκουμένην
3420 2162 3757 2243 ἐπηγάγετο,

2195 2241 2379 2328 ἐπειδὴ
2409 2241 2600 2310 ἐκεῖνο
2626 2241 2821 2327 προῆν·
2852 2256 2900 2308 εἰ
2922 2253 2981 2307 δέ
3014 2251 3088 2322 μὴ
3112 2247 3179 2322 ἦν
3214 2252 3387 2303 ἐκεῖνο
3406 2286 3422 2310 ,
3451 2244 3575 2300 οὐτε
3603 2241 3757 2328 10610

2196 2325 2522 2411 παρέμενεν.
2541 2325 2710 2393 Τοῦτο
2726 2325 2857 2405 γοῦν
2875 2336 3073 2400 εὐθέως
3094 2334 3291 2396 αὐτοὺς
3314 2330 3534 2401 ἐποίησε
3561 2325 3757 2411 καλοὺς

2196 2410 2290 2476 καὶ
2303 2422 2557 2490 ἀγαθοὺς,
2571 2421 2664 2476 καὶ
2688 2421 2751 2475 τὸ
2768 2421 2868 2490 τὴν
2883 2419 3109 2491 καρδίαν
3128 2417 3345 2475 πάντων
3362 2415 3458 2469 καὶ
3470 2413 3568 2483 τὴν
3580 2410 3757 2481 ψυχὴν

2196 2501 2333 2557 εἰναι
2366 2505 2514 2574 μίαν.
2545 2505 2607 2557 El
2633 2504 2689 2559 δὲ
2709 2504 2994 2573 διέστησαν
3013 2504 3106 2557 ἀπ’
3150 2501 3411 2572 ἀλλήλων,
3446 2497 3659 2553 ᾶπαντα
3693 2492 3762 2549 ἀν

2195 2588 2479 2642 ἀπολώλει.
2522 2589 2635 2644 Οὐκ
2663 2589 2884 2651 ἐκείνοις
2913 2586 3172 2643 δὲταῦτα
3201 2584 3467 2652 διελέγετο
3499 2581 3677 2651 μόνοις
3710 2576 3761 2638 ί.

2196 2673 2333 2726 ἀλλά
2374 2673 2469 2727 καὶ
2513 2675 2644 2727 πᾶσι
2678 2674 2790 2736 τοίς
2842 2671 3093 2742 μέλλουσι
3142 2668 3418 2723 πιστεύειν
3456 2666 3536 2733 εἰς
3566 2660 3761 2723 αὐτόν·

2198 2757 2320 2810 ἐπεί¹
2351 2757 2444 2810 καὶ
2473 2754 2568 2810 νῦν
2597 2756 2746 2809 οὐδὲν
2774 2755 2899 2810 ἀλλο
2926 2756 3074 2811 ἐστὶν
3101 2753 3163 2807 τὸ
3191 2755 3541 2821 σκανδαλίζον
3568 2750 3764 2819 "E111;—

2198 2858 2315 2904 νας,
2343 2841 2377 2909 ἢ
2407 2839 2466 2893 τὸ
2499 2839 2575 2911 μὴ
2608 2840 2827 2911 ἀγάπην
2852 2834 3015 2895 εῖναι.
3057 2839 3221 2895 Ἀλλά
3247 2842 3340 2895 καὶ
3364 2839 3427 2893 16
3458 2838 3657 2908 σημεῖα
3686 2834 3762 2904 μὴ

2200 2922 2443 2992 γίνεσθαι
2475 2921 2767 2991 ἐγκαλοῦσι
2788 2958 2804 2985 ,
2836 2927 3021 2996 φησίν.
3067 2925 3206 2978 ’Δλλ’
3226 2923 3328 2994 οὐχ
3349 2921 3540 2983 οὕτως.
3567 2915 3676 2973 Ποῦ
3704 2915 3766 2969 δέ

2201 3006 2297 3077 τὴν
2325 3004 2543 3076 ἀγάπην
2576 3003 2916 3067 ἐπεδείξαντο
2936 3010 2986 3063 οἰ
3012 3005 3329 3069 ἀπόστολοις
3358 3003 3531 3073 Ὅρᾷς
3562 2999 3765 3069 Πέτρον

2203 3090 2298 3145 καὶ
2341 3088 2591 3159 Ἰωάννην
2617 3088 3002 3156 ἀδιασπάστως
3022 3092 3244 3163 ἔχοντας
3270 3088 3532 3158 ἀλλήλων,
3558 3083 3652 3139 καὶ
3672 3083 3766 3139 ἐπὶ

2202 3173 2263 3226 τὸ
2292 3172 2434 3243 ἱερὸν
2468 3170 2889 3241 ἀναϐαίνοντας;
2930 3177 3062 3247 ὁρᾷς
3092 3172 3302 3228 Παῦλον
3337 3168 3479 3226 οὕτω
3506 3167 3643 3237 πρὸς
3669 3164 3768 3219 αὐ-

2204 3256 2328 3318 τοὺς
2350 3252 2690 3320 διακείμενον
2710 3276 2724 3291 ·
2749 3259 2843 3312 καὶ
2866 3259 3087 3329 ἀπορεῖς
3106 3274 3121 3323 ;
3150 3256 3213 3309 Εἰ
3237 3254 3345 3323 γὰρ
3365 3251 3435 3306 τὰ
3460 3250 3596 3307 ἀλλα
3622 3247 3725 3301 ἐκέ
3746 3277 3765 3288 -

2205 3354 2423 3410 κτηντο,
2441 3337 2620 3411 πολλῷ
2635 3341 2844 3411 μᾶλλον
2865 3338 3008 3412 εἶχον
3034 3342 3133 3410 τὴν
3163 3338 3373 3412 μητέρα
3396 3335 3506 3390 τῶν
3529 3332 3767 3402 ἀγαθῶν.

2219 3422 2351 3475 ’Δπδ
2377 3420 2485 3494 γάρ
2509 3423 2684 3495 ψυχῆς
2713 3424 2971 3497 ἐναρέτου
3002 3424 3158 3478 τοῦτο
3183 3422 3244 3477 16
3272 3422 3502 3493 πρᾶγμα
3543 3415 3762 3487 βλαστά-

2205 3524 2306 3562 νει·
2337 3508 2465 3562 ἐνθα
2513 3507 2570 3561 δέ
2617 3508 2887 3579 πονηρία,
2930 3506 3088 3561 τοῦτο
3126 3506 3436 3578 ξηραίνεται
3481 3501 3539 3555 16
3582 3498 3767 3568 φυτόν.

2208 3591 2385 3645 Ὅταν
2406 3589 2536 3661 γὰρ,
2561 3591 2713 3662 φησί,
2747 3588 3063 3659 πληθυνθῇ
3097 3591 3136 3656 ἡ
3163 3588 3398 3657 ἀνομία,
3431 3582 3771 3654 ψυγήσεται

2206 3675 2246 3742 ἠ
2271 3673 2468 3743 ἀγάπη
2497 3671 2615 3727 τῶν
2647 3672 2913 3728 πολλῶν.
2944 3672 3054 3730 Καὶ
3084 3671 3353 3741 Ἕλληνας
3379 3668 3434 3723 δέ
3476 3668 3573 3737 οὐχ
3601 3663 3772 3725 οὕτως

2208 3756 2475 3824 ἐπάγεται
2506 3758 2729 3827 σημεῖα,
2756 3756 2832 3819 ὡς
2864 3755 2996 3826 βίος·
3030 3755 3144 3827 βίον
3175 3755 3234 3809 δέ
3260 3753 3410 3807 οὐδὲν
3434 3750 3606 3814 οὕτως
3636 3744 3773 3801 εἶναι

2173 3888 2177 3893 .
2210 3840 2384 3901 ποιεῖ,
2428 3838 2503 3901 ὡς
2542 3839 2753 3908 ἀγάπη.
2798 3839 3011 3893 Ἐκεῖνα
3047 3838 3144 3908 μὲν
3187 3836 3297 3905 γὰρ
3327 3836 3452 3897 τοὺς
3490 3830 3771 3891 ποιοῦντας

2209 3920 2469 3984 πολλάκις
2489 3920 2583 3975 καὶ
2612 3920 2844 3985 πλάνους
2876 3920 3156 3977 ἐκάλεσαν·
3186 3919 3305 3990 βίου
3337 3918 3394 3972 δέ
3425 3914 3772 3971 ἐπιλαϐέσθαι

2196 4005 2307 4057 ,οὐκ
2334 4003 2405 4064 ,ἂν
2430 4003 2601 4074 ἔχοιεν
2622 4003 2886 4077 καθαροῦ.
2911 4004 3040 4060 Ὅτε
3056 4004 3163 4074 ,μὲν
3198 3998 3291 4059 οῦν
3326 3999 3479 4055 οὔπω
3503 3998 3565 4054 16
3605 3999 3771 4068 κήρυ·

2209 4105 2327 4158 γμα
2355 4086 2591 4141 διαδοθέν
2622 4082 2711 4157 ἦν,
2738 4088 2965 4150 εἰκότως
3002 4085 3154 4159 Ιό28]
3182 4086 3251 4139 τά
3292 4084 3492 4155 σημεῖα
3533 4081 3773 4150 ἐθαυμά-

2210 4172 2351 4237 ζετο·
2378 4171 2472 4225 νῦν
2495 4171 2550 4224 δὲ
2575 4171 2683 4227 ἀπὸ
2720 4170 2834 4240 βίου
2882 4170 2987 4242 χρὴ
3035 4170 3430 4241 θαυμάζεσθαι.
3462 4165 3636 4223 Οὐδὲν
3664 4166 3768 4234 γὰρ

2209 4254 2381 4318 οὐτως
2405 4254 2654 4326 ἐντρέπει
2695 4254 2959 4324 Ἕλληνας
2980 4294 2996 4319 ,
3028 4253 3107 4316 ὡς
3137 4252 3327 4322 ἀρετή·
3354 4250 3508 4305 οὐδὲν
3545 4248 3773 4303 σκανδα-

2209 4336 2368 4402 λίζει,
2402 4337 2480 4399 ὼς
2516 4337 2717 4392 κακία·
2746 4337 2839 4391 καὶ
2867 4336 3110 4400 εἰκότως.
3149 4336 3315 4389 Ὅταν
3341 4331 3449 4403 γὰρ
3480 4332 3563 4401 ῖδῃ
3593 4331 3775 4383 πλεον-

2210 4418 2488 4487 εκτοῦντα,
2511 4421 2856 4492 ἁρπάζοντα,
2882 4419 2954 4474 τὰ
2976 4420 3195 4475 ἐναντία
3218 4416 3525 4480 κελεύοντα,
3548 4415 3641 4470 καὶ
3668 4414 3774 4477 τοῖς

2210 4504 2500 4576 ὁμοφύλοις
2540 4504 2615 4568 ὼς
2658 4504 2865 4575 θηρίοις
2909 4502 3245 4575 κεχρημένον
3291 4501 3381 4556 τὸν
3422 4497 3775 4555 κελευσθέντα

2211 4590 2305 4649 καὶ
2335 4586 2559 4658 ἐχθροὺς
2584 4588 2823 4658 ἀγαπᾷν,
2854 4586 3015 4657 λῆρον
3044 4588 3159 4657 ἐρεῖ
3175 4584 3246 4639 τὰ
3285 4583 3572 4657 εἰρημένα.
3611 4582 3775 4637 Ὅταν

2214 4670 2299 4744 ῐδῃ
2327 4669 2591 4740 τρέμοντα
2622 4670 2870 4733 θάνατον,
2900 4668 3015 4733 πῶς
3030 4669 3250 4733 δέξεται
3278 4669 3403 4730 τοὺς
3430 4668 3557 4736 περὶ
3578 4665 3775 4721 ἀθανα-

2215 4752 2335 4816 σίας
2369 4751 2589 4820 λόγους;
2623 4752 2793 4807 Ὀταν
2821 4751 2905 4824 ῐδῃ
2932 4751 3323 4823 φιλαρχοῦντας
3348 4751 3441 4805 καὶ
3471 4752 3582 4812 τοῖς
3603 4748 3778 4812 ἄλλοις

2215 4832 2560 4897 δουλεύοντας
2604 4834 2851 4901 πάθεσιν,
2901 4834 3292 4906 ἀκριϐέστερον
3341 4834 3399 4886 ἐν
3426 4834 3538 4895 τοῖς
3588 4828 3776 4884 ἐαυτοῦ

2162 4985 2189 4999 _
2218 4918 2371 4999 μενεῖ
2395 4916 2678 4984 δόγμασιν,
2700 4918 2852 4972 οὐδὲν
2876 4919 3017 4989 μέγα
3040 4919 3168 4987 περί
3185 4916 3339 4999 ήμῶν
3360 4913 3774 4999 φανταζόμενος-

2229 4997 2415 5068 Ἦμεῖς
2442 5000 2550 5071 γάρ
2577 5001 2746 5071 ἐσμεν
2785 5001 2967 5065 αἴτιοι,
3013 5003 3197 5072 ἡμεῖς,
3244 4998 3338 5051 τοῦ
3369 4998 3550 5069 μένειν
3588 4997 3780 5060 αὐτοὺς

2218 5083 2308 5137 ἐπὶ
2352 5083 2451 5151 τῆς
2481 5083 2705 5156 πλάνης.
2738 5085 2857 5139 Τῶν
2894 5086 2992 5155 μὲν
3036 5085 3145 5155 γὰρ
3178 5083 3461 5154 δογμάτων
3509 5082 3616 5135 τῶν
3654 5081 3779 5154 παρ’

2219 5166 2425 5229 ἑαυτοῖς
2452 5167 2618 5221 πάλαι
2648 5169 3014 5237 κατέγνωσαν,
3041 5169 3135 5221 καὶ
3159 5168 3226 5220 τὰ
3248 5167 3489 5238 ἡμέτερα
3513 5166 3569 5219 δὲ
3587 5167 3782 5236 ὁμοίως

2219 5248 2604 5320 θαυμάζουσιν·
2646 5252 2711 5303 ἐκ
2738 5251 2831 5303 τοῦ
2884 5251 3002 5321 βίου
3050 5251 3107 5303 δέ
3158 5251 3312 5321 ἡμῶν
3347 5249 3662 5304 κωλύονται.
3711 5248 3781 5302 T6

2218 5334 2318 5400 μὲν
2360 5331 2468 5402 γάρ
2516 5332 2603 5386 διά
2639 5332 2812 5400 λόγων
2859 5333 3257 5403 φιλοσοφῆσαι,
3296 5332 3515 5387 εὔκολον
3567 5330 3782 5401 (πολλοὶ

2219 5413 2327 5484 γὰρ
2356 5416 2450 5466 καὶ
2476 5416 2608 5486 παρ’
2639 5415 2816 5469 αὐτῶν
2852 5416 3010 5469 τοῦτο
3047 5415 3350 5486 ἐποίησαν)·
3384 5414 3701 5485 ἐπιζητοῦσι
3728 5413 3783 5467 δέ

2218 5495 2316 5565 τὴν
2345 5495 2431 5548 διὰ
2466 5497 2574 5549 τῶν
2604 5497 2778 5568 ἔργων
2818 5499 3095 5565 ἐπίδειξιν.
3158 5498 3316 5551 Ἀλλὰ
3349 5499 3476 5562 τούς
3528 5498 3783 5560 παλαιοὺς

2219 5579 2350 5649 παρ’
2386 5580 2516 5649 ἡμῖν
2554 5582 2921 5636 ἐννοείτωσαν.
2966 5583 3104 5636 Ἀλλ’
3142 5581 3391 5652 οὐδαμῶς
3423 5580 3781 5643 πιστεύουσιν,

2218 5660 2354 5715 ἀλλά
2382 5664 2507 5726 τοὺς
2536 5663 2631 5716 νῦν
2660 5666 2867 5730 ζῶντας
2897 5666 3265 5737 ἐπιζητοῦσιν.
3299 5664 3483 5729 Δεῖξον
3514 5664 3620 5736 γάρ
3657 5680 3743 5732 μοι
3763 5702 3779 5725 ο

2220 5746 2376 5815 φησὶ,
2399 5746 2498 5816 τὴν
2524 5746 2703 5801 πίστιν
2727 5748 2816 5802 διὰ
2838 5749 2945 5803 τῶν
2968 5750 3144 5821 έργων
3170 5767 3286 5805 σου.
3327 5748 3463 5803 Ἀλλ’
3495 5747 3593 5801 οὐκ
3620 5746 3781 5799 ἔστιν·

2287 5904 2309 5931 ε
2352 5891 2498 5943 Savil.
2558 5891 2790 5952 ἅπαντες,
2836 5891 3027 5944 melius.
3074 5889 3279 5950 Quidam
3329 5888 3552 5944 ἅπαντας.
3623 5882 3643 5925 ί
3689 5883 3783 5939 Alii

2225 5955 2381 6013 μόνον.
