4100 6362
272 376 379 434 393

273 493 445 547 adhuc
473 487 725 542 modicum
752 481 999 536 vobiscum
1020 492 1154 531 sum.
1185 472 1430 538 Quteretis
1458 485 1556 531 me,
1582 475 1628 526 et
1652 480 1751 517 non
1769 463 1848 516 in-

274 583 479 639 venietis
508 589 593 635 :et
620 584 747 632 sicut
789 575 896 628 dixi
935 570 1156 635 Iudicis,
1189 567 1283 622 Ubi
1320 581 1412 635 ego
1448 573 1593 623 sunt,
1628 574 1713 612 vos
1752 574 1853 610 non

277 675 481 747 potestis
505 674 700 732 venire;
726 676 771 722 et
798 667 934 721 vobis
953 664 1065 718 dico
1095 661 1263 715 modo.
1308 658 1424 712 .Iam
1457 655 1621 709 tristia
1650 651 1879 706 orditur

279 776 398 838 post
417 778 645 820 etenam.
667 761 796 816 Nam
818 773 940 812 cum
961 754 1124 810 ludas
1143 751 1326 815 exivit,
1345 763 1450 803 non
1474 759 1692 816 vespera
1715 752 1866 804 erat,-

277 833 372 913 sed
401 873 528 912 nox.
577 855 709 909 Cum
748 851 889 905 enim
931 846 1088 917 paulo
1114 851 1234 914 post
1259 840 1536 896 adventuri
1562 845 1743 891 essent
1768 833 1856 902 qui

279 951 426 1004 illum
457 951 726 1016 caperent,
750 938 1028 1010 oportebat
1054 932 1356 989 ontnia‘illis
1379 928 1776 988 commendare.
1802 933 1859 977 ut

280 1039 537 1096 memoria
565 1035 857 1091 retinerent
889 1048 902 1084 :
931 1029 1038 1083 imo
1067 1027 1244 1098 potius
1270 1023 1500 1092 Spiritus
1524 1020 1702 1075 omnia
1730 1017 1861 1084 ipsis

281 1131 625 1203 suggerebat;
655 1125 924 1192 multaque
951 1129 1096 1186 tunc,
1130 1124 1188 1172 ut
1211 1115 1497 1171 verisimile
1523 1121 1623 1176 est,
1647 1110 1859 1181 abiece-

284 1233 426 1284 runt,
453 1228 638 1290 utpote
665 1217 751 1288 qui
783 1226 906 1269 tunc
934 1213 1162 1282 primum
1191 1207 1468 1272 audirent,
1499 1215 1553 1259 et
1579 1212 1655 1258 tot
1687 1210 1861 1256 tenta-

286 1319 456 1372 tiones
483 1313 686 1382 passuri
713 1314 910 1365 essent.
943 1303 1072 1359 Nam
1095 1303 1183 1373 qui
1213 1303 1264 1356 in
1287 1313 1530 1355 somnum
1559 1311 1670 1367 pra:
1695 1294 1862 1348 tristi-

285 1409 353 1461 tia
386 1406 518 1475 lapsi
543 1399 1002 1468 sunt,utaitalius
1025 1394 1347 1463 evangelista
1367 1389 1517 1460 (Luc.
1540 1388 1631 1442 22.
1665 1387 1756 1458 45)
1777 1403 1790 1450 ;
1812 1395 1865 1441 et

282 1500 402 1567 ipse
427 1509 638 1567 quoque
665 1492 911 1548 Christus
941 1483 1012 1542 ait
1036 1503 1051 1546 :
1085 1486 1189 1541 Sed
1219 1485 1336 1554 quia
1359 1483 1466 1536 [nec
1494 1481 1727 1551 loquutus
1754 1495 1867 1532 sum

288 1591 446 1654 vobis,
473 1587 676 1642 tristitia
699 1585 922 1654 implevit
949 1598 1035 1636 cor
1062 1590 1276 1634 vestrum
1303 1576 1479 1649 (Joan.
1507 1575 1592 1629 16.
1618 1574 1708 1643 6);
1736 1587 1869 1641 quo—

290 1682 450 1738 modo
477 1681 591 1735 hme
616 1678 792 1732 omnia
833 1682 1082 1730 accurate
1122 1671 1352 1727 retinere
1394 1667 1723 1738 potuissent?
1763 1665 1867 1720 Sed

290 1790 386 1827 cur
415 1773 515 1826 illis
541 1768 887 1825 dicebantur?
925 1765 1044 1821 Non
1087 1764 1353 1819 modicum
1399 1760 1527 1830 ipsis
1567 1759 1770 1813 lucrum
1802 1756 1870 1811 ad

290 1866 484 1921 Christi
515 1865 740 1934 gloriam
769 1860 1084 1916 obveniebat
1108 1899 1123 1922 ,
1154 1856 1295 1927 quod
1336 1855 1450 1910 hrec
1488 1855 1630 1909 clare
1672 1852 1872 1906 scirent

293 1967 498 2024 postea,
520 1956 642 2010 dum
662 1954 1068 2008 recordarentur
1086 1965 1143 2003 se
1161 1949 1272 2001 hate
1297 1962 1326 2000 a
1354 1943 1565 1998 Christo
1586 1943 1868 1997 audiviSse.

291 2049 401 2101 Cur
427 2056 602 2100 autem
636 2046 846 2099 illorum
874 2043 1108 2097 animum
1133 2040 1278 2109 prius
1306 2035 1507 2106 dejicit,
1532 2035 1737 2099 dicens,
1767 2034 1873 2088 Ad-

295 2139 392 2191 huc
429 2138 679 2192 modicum
717 2146 910 2206 tempus
945 2133 1196 2188 vobiscum
1233 2130 1380 2184 sum?
1417 2127 1616 2183 Judtcis
1641 2142 1870 2196 namque

291 2231 412 2301 jure
450 2230 724 2284 dicebatur
747 2271 764 2296 ,
794 2243 891 2283 nos
917 2242 1046 2282 vero
1073 2239 1236 2296 quare
1261 2239 1384 2278 cum
1413 2221 1633 2291 ingratis
1660 2219 1764 2273 illis
1790 2220 1876 2272 lo-

295 2324 421 2379 eas?
446 2323 660 2378 Minime
686 2322 841 2376 facio.
874 2319 939 2373 Et
960 2334 1056 2372 cur
1073 2319 1168 2381 ait,
1201 2316 1344 2371 Sicut
1369 2314 1476 2366 dixi
1502 2311 1742 2366 Judceis?
1767 2311 1876 2366 Re-

298 2417 449 2472 duxit
471 2417 521 2471 in
549 2414 889 2478 memoriam,
919 2412 1042 2483 quia
1067 2427 1169 2465 non
1194 2424 1334 2464 nunc
1361 2407 1431 2462 ob
1457 2406 1716 2460 malorum
1742 2421 1881 2476 prata

298 2509 526 2563 sentiam
567 2508 680 2561 haec
727 2504 1002 2576 pra-dixit,
1053 2501 1147 2556 sed
1192 2501 1300 2569 jam
1348 2499 1472 2552 olim
1518 2497 1876 2568 praeviderat,

301 2601 510 2671 ipsique
549 2608 710 2654 testes
745 2605 928 2660 erant,
971 2595 1059 2666 qui
1103 2592 1377 2648 audierant
1419 2591 1592 2661 ipsum
1632 2589 1746 2643 luce
1784 2587 1881 2643 Ju-

299 2691 433 2747 datis
460 2691 747 2746 dicentem.
778 2688 954 2755 Quare
996 2684 1199 2740 addidit
1231 2679 1363 2742 Illud
1384 2722 1399 2748 ,
1434 2680 1609 2734 Filioli
1627 2695 1648 2744 ;
1675 2689 1733 2734 ut
1759 2695 1880 2735 cum

299 2782 546 2836 audirent
586 2779 712 2835 illud
737 2820 753 2844 ,
801 2779 948 2833 Sicut
988 2775 1094 2829 dixi
1137 2773 1368 2836 Judwis,
1418 2788 1485 2827 ne
1529 2780 1774 2842 putarent
1810 2772 1888 2825 si-

306 2876 419 2931 mili
465 2874 623 2929 modo
666 2871 768 2928 sibi
810 2869 1010 2926 dictum
1057 2868 1240 2922 fuisse.
1292 2866 1407 2921 Non
1461 2880 1588 2934 ergo
1643 2872 1701 2918 ut
1749 2861 1884 2932 deji-

302 2979 448 3024 ceret
489 2970 701 3023 illorum
744 2966 952 3020 animos
993 2963 1094 3018 hoc
1135 2961 1304 3027 dixit,
1345 2959 1438 3014 sed
1483 2968 1539 3012 ut
1576 2957 1886 3013 consolare-

308 3073 429 3126 tur,
469 3073 537 3114 ne
577 3059 956 3124 inexspectatm
984 3069 1235 3107 atrtutntn:
1267 3051 1413 3120 ipsos
1443 3048 1738 3102 turbarent.
1774 3046 1889 3112 Quo

304 3170 396 3225 ego
433 3152 596 3216 vado,
628 3166 714 3202 vos
751 3164 851 3201 non
893 3145 1097 3215 potestis
1141 3143 1325 3196 venire.
1374 3140 1617 3196 Ostendit
1659 3149 1887 3192 mortem

305 3259 456 3298 suam
500 3255 620 3296 esse
664 3237 1061 3293 translationem
1089 3242 1143 3288 et
1173 3233 1449 3287 transitum
1481 3231 1546 3284 ad
1585 3230 1805 3284 meliora
1835 3236 1890 3283 et

305 3335 374 3388 ad
400 3333 572 3386 locum
598 3327 961 3398 eorruptibilia
985 3339 1210 3393 corpora
1242 3339 1345 3376 non
1373 3321 1738 3390 recipientem.
1761 3319 1891 3372 llaec

307 3441 467 3497 porro
503 3423 630 3476 dicit
667 3420 826 3474 etiaut
856 3427 914 3472 ut
941 3430 1128 3472 eorum
1161 3429 1286 3483 erga
1327 3428 1386 3468 se
1420 3427 1656 3466 amorem
1696 3410 1892 3464 excitet

309 3526 367 3572 et.
391 3513 759 3570 ferventiorent
785 3510 1000 3565 efficiat.
1026 3508 1185 3563 Scitis
1205 3508 1346 3560 enim
1368 3503 1712 3573 cumaliquos
1737 3500 1892 3555 nobis

310 3606 660 3661 amicissimos
682 3601 921 3656 videmus
941 3598 1312 3659 abscedentes,
1336 3611 1430 3651 nos
1457 3595 1622 3665 magis
1643 3593 1890 3659 incendi;

310 3697 548 3754 maxime
586 3710 706 3749 cum
751 3693 990 3747 videmus
1026 3705 1120 3744 eos
1160 3689 1212 3742 itt
1252 3689 1424 3744 locum
1464 3687 1760 3742 concedere
1787 3698 1894 3753 quo

312 3803 412 3844 nos
437 3790 512 3842 ire
542 3802 644 3840 non
669 3799 968 3854 possumus.
1001 3779 1070 3837 Ut
1094 3796 1221 3850 ergo
1250 3779 1462 3833 Juda‘os
1494 3786 1717 3833 terreret
1741 3818 1755 3839 .
1781 3774 1896 3829 haec

312 3881 466 3945 dixit,
483 3889 642 3949 utque
656 3877 1036 3945 discipulorum
1053 3889 1290 3927 amorem
1309 3870 1636 3926 incenderet.
1653 3869 1795 3923 Talis
1816 3875 1898 3922 est

313 3972 403 4038 ille
447 3972 613 4034 locus,
649 3985 754 4039 quo
800 3983 904 4020 non
945 3967 1020 4020 illi
1062 3963 1243 4030 modo,
1275 3963 1370 4018 sed
1417 3977 1516 4017 nec
1557 3975 1648 4015 vos
1688 3974 1900 4030 quoque

315 4061 620 4117 amicissimi
667 4059 881 4129 possitis
923 4057 1126 4111 venire.
1187 4055 1281 4109 llic
1327 4069 1536 4124 quoque
1583 4052 1898 4121 dignitatem

317 4168 466 4208 suam
497 4151 749 4206 ostendit.
778 4149 845 4203 Et
866 4149 1000 4203 vobis
1025 4149 1137 4200 dico
1164 4148 1331 4198 modo.
1366 4146 1489 4208 Cur,
1520 4144 1705 4196 modo?
1734 4143 1901 4196 Aliter

318 4243 444 4310 illis,
467 4244 620 4298 aliter
646 4242 826 4306 vobis;
859 4241 911 4295 id
933 4247 1034 4303 est,
1056 4254 1161 4292 non
1191 4254 1311 4292 cum
1343 4237 1466 4290 illis.
1496 4234 1722 4290 Ubinam
1751 4235 1900 4288 illum

319 4337 644 4407 quaesierunt
661 4334 869 4390 Judaei?
897 4332 982 4387 ubi
1004 4330 1286 4400 discipuli?
1318 4328 1586 4397 Discipuli,
1610 4343 1729 4381 cum
1758 4326 1904 4396 fuge-

321 4439 474 4493 rent;
504 4428 670 4483 Judtei
697 4441 825 4481 vero
844 4469 857 4489 ,
889 4423 1102 4494 quando
1131 4423 1182 4476 in
1218 4420 1551 4475 calamitates
1582 4420 1823 4490 ingentes
1850 4425 1906 4472 et

323 4521 584 4578 inauditas
613 4520 942 4582 inciderunt,
977 4514 1108 4570 urbe
1145 4522 1295 4583 capta
1318 4555 1333 4579 ,
1365 4519 1421 4567 et
1446 4513 1522 4566 ira
1556 4511 1646 4566 Dei
1675 4511 1906 4579 undique

325 4617 446 4672 illos
473 4613 907 4670 circumsidente.
956 4607 1240 4678 Discipulis
1265 4621 1394 4676 ergo
1425 4613 1548 4658 tunc
1578 4615 1793 4673 promer
1820 4603 1906 4655 itt-

323 4709 692 4767 credulitatem
722 4707 791 4761 ita
821 4704 1070 4773 loquutus
1094 4709 1177 4755 est
1205 4718 1218 4754 :
1244 4698 1396 4752 vobis
1425 4711 1565 4750 nunc
1589 4711 1706 4765 ego,
1742 4710 1808 4747 ne
1831 4694 1912 4747 in-

325 4809 683 4871 exspectatam
711 4795 946 4851 subeatis
966 4792 1346 4848 calamitatem.
1374 4789 1463 4843 Si.
1489 4787 1792 4840 Mandatum
1819 4802 1912 4838 no-

327 4909 442 4946 vum
489 4890 554 4944 do
594 4889 752 4943 vobis.
802 4886 934 4940 Cum
980 4884 1122 4940 enim
1167 4880 1456 4938 verisimile
1497 4888 1638 4934 esset
1682 4879 1819 4938 illos.
1848 4877 1912 4930 iis

327 4984 546 5045 auditis.
573 4998 636 5036 ac
670 4982 716 5036 si
760 4979 956 5035 deserti
997 4991 1215 5049 prorsus
1250 4981 1451 5039 essent,
1482 4972 1533 5026 in
1558 4969 1916 5041 perturbatio-

330 5095 452 5134 nem
479 5076 791 5145 delapsuros
816 5089 936 5128 esse
960 5089 974 5126 :
997 5069 1306 5126 consolatur
1342 5067 1486 5134 ipsos
1508 5105 1524 5131 ,
1554 5064 1790 5118 omnium
1820 5063 1917 5117 bo-

333 5186 520 5224 norum
565 5168 743 5222 radice
781 5165 847 5219 ad
891 5163 1235 5218 securitatem
1273 5158 1518 5212 mtttticns
1557 5170 1680 5222 eos,
1723 5167 1916 5223 nempe

332 5263 589 5323 caritate;
619 5273 681 5312 ac
703 5258 746 5310 si
775 5257 980 5311 diceret
1006 5271 1020 5309 :
1048 5252 1130 5306 Me
1155 5251 1382 5305 abeunte
1407 5246 1632 5301 doletis?
1656 5260 1840 5300 verum
1871 5243 1917 5298 si

338 5365 434 5404 vos
456 5359 642 5403 mutuo
667 5347 918 5418 diligatis,
943 5344 1191 5399 fortiores
1221 5341 1391 5396 eritis.
1421 5339 1528 5393 Cur
1555 5353 1683 5407 ergo
1713 5353 1820 5391 non
1846 5336 1918 5390 ita

340 5442 506 5496 dixit?
551 5441 682 5509 Quia
709 5439 846 5510 quod
876 5439 1033 5507 longe
1073 5435 1252 5490 utilius
1287 5441 1401 5487 erat
1435 5429 1696 5501 protulit:
1730 5427 1820 5484 '55.
1855 5426 1921 5481 In

339 5538 434 5590 hoc
453 5542 749 5606 cognoscent
769 5547 940 5587 omnes
960 5528 1093 5600 quod
1113 5525 1346 5593 discipuli
1372 5524 1467 5577 mei
1492 5525 1625 5577 estis.
1658 5520 1751 5575 His
1777 5519 1921 5575 enim

343 5626 681 5696 significavit,
703 5625 924 5680 chorum
946 5637 1103 5679 suum
1125 5634 1412 5690 numquam
1437 5631 1558 5671 esse
1583 5613 1918 5679 solvendum,

347 5729 625 5790 postquam
653 5719 755 5771 hoc
780 5715 1029 5771 indicium
1059 5714 1161 5767 illis
1186 5711 1424 5766 dederat.
1462 5706 1573 5762 lloc
1599 5721 1728 5761 vero
1753 5705 1920 5768 dixit,

347 5810 559 5880 quando
584 5809 823 5881 proditor
841 5806 910 5863 ab
937 5805 1040 5862 illis
1067 5812 1342 5876 separatus
1366 5809 1468 5859 est.
1497 5799 1604 5856 Cur
1621 5808 1798 5855 autem
1823 5798 1922 5854 hoc

1249 355 1315 413 IN
1351 347 1662 412 JO.\NNE.\|
1702 344 1928 402 HOMIL.
1971 342 2181 400 LXXII.
2220 344 2296 398 al.
2336 343 2518 399 LXXI.

3425 346 3527 404 598

1961 457 2270 513 mandatum
2300 459 2428 513 dicit
2451 473 2644 513 novum
2672 473 2792 514 esse
2813 499 2830 525 ,
2863 458 3004 529 quod
3035 460 3087 514 in
3119 459 3300 515 Veteri
3324 476 3539 531 quoque

1960 547 2304 604 Testamento
2327 550 2554 619 positum
2574 551 2722 604 erat?
2751 550 2867 619 Ipse
2896 551 3021 604 illud
3050 568 3242 606 novum
3271 552 3397 608 fecit
3425 554 3541 622 ipso

1960 640 2302 708 praecipiendi
2334 640 2526 703 modo;
2559 641 2735 694 intulit
2756 641 2922 702 enim,
2951 642 3098 696 Sicut
3119 643 3272 696 dilexi
3291 659 3398 700 vos.
3426 646 3541 700 Non

1961 731 2102 784 enim
2129 732 2322 786 vestris
2346 732 2770 802 prati-edentibus
2797 734 2999 788 meritis
3023 734 3260 789 debitum
3289 739 3541 806 persolvi,
3562 769 3566 774 -

1963 822 2056 876 sed
2090 823 2206 892 ipse
2235 825 2370 892 cmpi
2393 865 2408 889 ,
2446 824 2630 893 inquit.
2675 824 2765 878 Sic
2790 833 2845 878 et
2868 840 2962 878 vos
2991 835 3203 895 oportet
3234 829 3420 884 amicis
3449 845 3544 885 ve—

1965 916 2090 968 stris
2130 915 2384 970 beneficia
2417 926 2668 985 praestare
2691 958 2707 979 ,
2751 916 2898 970 nullo
2933 916 3112 972 debito
3140 919 3448 976 obstrictos.
3481 923 3546 977 Et

1965 1009 2179 1062 omissis
2204 1009 2473 1063 miraculis
2498 1025 2616 1078 qua:
2643 1009 2837 1062 edituri
2868 1019 3056 1077 erant,
3085 1027 3149 1065 ex
3175 1013 3397 1068 caritate
3427 1015 3548 1068 illus

1965 1101 2260 1168 distinguit.
2293 1100 2500 1167 Quare?
2531 1101 2660 1168 Quia
2691 1101 2793 1154 hoc
2819 1102 3048 1156 maxime
3076 1113 3380 1158 sanctorum
3413 1106 3550 1158 indi-

1967 1194 2106 1247 cium
2132 1202 2183 1246 et
2209 1205 2576 1262 argumentum
2597 1202 2714 1249 est:
2743 1209 2955 1248 omnem
2981 1196 3176 1263 quippe
3199 1195 3398 1250 indicat
3421 1212 3547 1250 sau-

1971 1287 2229 1339 ctilatem.
2280 1285 2381 1339 l’er
2416 1285 2517 1336 hoc
2544 1285 2772 1338 maxime
2797 1298 2984 1339 omnes
3007 1285 3231 1340 salutem
3263 1292 3552 1358 consequi-

1971 1395 2110 1431 mur.
2176 1377 2288 1431 lloe
2339 1387 2458 1440 est,
2511 1377 2717 1446 inquit,
2764 1391 2882 1430 esse
2934 1377 3272 1447 discipulum.
3321 1379 3411 1435 Sic
3456 1395 3570 1436 vos

1970 1470 2258 1524 laudabunt
2277 1485 2485 1538 omnes,
2515 1485 2635 1524 cum
2666 1485 2760 1523 vos
2790 1469 3020 1526 viderint
3045 1487 3216 1526 nteant
3247 1474 3439 1528 imitari
3467 1474 3554 1529 di-

1973 1562 2276 1615 lectionem.

2042 1656 2095 1709 4.
2129 1654 2265 1720 Quid
2309 1654 2473 1723 ergo?
2518 1669 2694 1707 annon
2739 1655 2916 1724 potius
2947 1656 3046 1710 hoc
3077 1656 3326 1711 miracula
3369 1669 3555 1713 osten-

1973 1745 2137 1800 dunt?
2167 1745 2404 1799 Minime.
2437 1744 2589 1798 illiilli
2617 1747 2747 1798 enim
2779 1747 2943 1799 dicent
2970 1763 2989 1800 :
3018 1746 3235 1803 Domine
3254 1791 3269 1812 ,
3302 1767 3468 1803 nonne
3502 1753 3555 1806 in

1974 1840 2174 1891 nomine
2201 1847 2285 1890 tuo
2312 1838 2560 1890 da'monia
2601 1837 2826 1905 ciicimus
2870 1837 3092 1906 (Matth.
3122 1841 3173 1892 7.
3202 1840 3274 1892 22
3294 1841 3346 1910 )?
3375 1853 3426 1896 et
3461 1844 3560 1896 ite-

1975 1946 2114 1995 rum,
2142 1929 2496 2000 gaudentibus
2522 1930 2668 1998 ipsis,
2699 1930 2837 1999 quod
2867 1929 3126 1986 daemonia
3155 1933 3255 1987 sibi
3287 1945 3552 2002 parerent,

1976 2021 2104 2076 dicit
2128 2039 2140 2074 :
2175 2019 2258 2074 Ne
2285 2020 2551 2090 gaudeatis
2587 2023 2704 2092 quia
2733 2022 2983 2076 daemonia
3021 2023 3156 2077 vobis
3185 2025 3560 2095 subjiciuntur;

1977 2112 2065 2166 sed
2090 2111 2208 2182 quia
2235 2112 2438 2164 noutina
2469 2120 2632 2165 vestra
2657 2113 2846 2182 scripta
2871 2123 2988 2166 sunt
3021 2115 3074 2166 in
3103 2115 3239 2168 ctelis
3270 2115 3438 2186 (Luc.
3470 2119 3558 2173 10.

1977 2204 2094 2276 20).
2119 2205 2278 2274 Atqui
2308 2203 2409 2259 ltoe
2429 2205 2618 2258 orbem
2640 2204 2880 2270 adduxit,
2899 2207 3019 2277 quia
3045 2207 3171 2261 illud
3193 2209 3303 2278 jant
3336 2210 3518 2265 aderat
3545 2231 3558 2266 :

1979 2296 2025 2350 si
2075 2295 2202 2349 illud
2248 2310 2354 2349 non
2401 2295 2680 2361 adfuisset,
2711 2296 2810 2351 hoc
2857 2313 2964 2352 non
3007 2300 3310 2355 mansisset.
3357 2302 3562 2359 Caritas

1981 2389 2120 2443 enim
2149 2388 2268 2443 illos
2288 2388 2468 2441 statim
2495 2387 2662 2442 honos
2685 2388 2982 2460 probosque
3007 2391 3254 2455 reddidit.
3283 2392 3563 2464 eﬂ'ecitquc

1984 2489 2041 2532 ut
2065 2493 2252 2534 omnes
2279 2495 2439 2533 unum
2461 2494 2553 2534 cor
2579 2489 2632 2534 et
2652 2480 2825 2533 anima
2848 2491 3047 2537 essent.
3080 2482 3210 2536 Nam
3235 2485 3279 2538 si
3300 2482 3564 2539 dissensio

1984 2569 2190 2636 fuisset,
2222 2571 2397 2624 omnia
2428 2570 2660 2639 peritura
2690 2581 2863 2624 erant.
2894 2571 3076 2642 Neque
3101 2574 3205 2626 illis
3235 2583 3436 2628 tantum
3465 2575 3564 2629 huc

1985 2660 2235 2730 loquutus
2264 2671 2379 2724 est,
2411 2659 2504 2714 sed
2535 2671 2586 2714 ct
2615 2660 2862 2714 omnibus
2893 2661 2945 2714 in
2978 2663 3147 2732 ipsunt
3180 2676 3359 2732 postea
3387 2665 3565 2719 credi-

1988 2753 2120 2807 turis
2151 2769 2163 2804 :
2192 2751 2452 2822 siquidem
2477 2761 2530 2805 et
2553 2766 2692 2805 nunc
2717 2751 2848 2806 nihil
2872 2752 3014 2806 aliud
3040 2754 3324 2823 gentilibus
3342 2755 3569 2810 offendi-

1985 2845 2106 2899 culo
2134 2855 2236 2910 est,
2263 2860 2419 2913 quam
2458 2843 2598 2913 quod
2641 2845 2833 2897 caritas
2865 2860 2968 2898 non
2997 2845 3153 2899 adsit.
3183 2848 3290 2912 At,
3319 2848 3524 2917 inquies
3547 2889 3566 2916 ,

1988 2951 2086 2989 nos
2115 2950 2326 3006 quoque
2356 2945 2583 3004 arguunt
2607 2935 2746 3004 quod
2772 2935 2918 3004 signa
2941 2951 3047 2990 non
3071 2936 3224 2993 ﬁant.
3245 2937 3435 2993 Verum
3462 2955 3570 2995 non

1987 3048 2156 3102 usque
2197 3033 2349 3086 adeo.
2399 3032 2453 3085 In
2492 3048 2600 3102 quo
2637 3044 2814 3087 autem
2844 3034 3182 3091 dilectionem
3223 3039 3574 3094 ostenderunt

1989 3124 2256 3194 apostoli?
2300 3124 2482 3178 Viden’
2527 3126 2740 3179 Petrum
2782 3135 2835 3179 et
2873 3126 3136 3182 Joannem
3167 3129 3255 3198 qui
3282 3145 3570 3200 numquam

1990 3226 2325 3285 separantur,
2355 3217 2407 3269 in
2436 3217 2690 3286 templum
2719 3218 3103 3275 ascendentes?
3131 3221 3302 3276 viden’
3327 3222 3570 3288 Paulum,

1991 3322 2098 3375 quo
2129 3321 2322 3374 nempe
2353 3307 2421 3359 sit
2453 3321 2579 3375 erga
2617 3307 2734 3361 illos
2772 3307 2993 3374 all'ectu;
3038 3320 3092 3364 et
3122 3319 3295 3366 tamen
3324 3312 3531 3366 dubitas
3551 3313 3577 3366 ?

1991 3397 2124 3452 Nam
2155 3400 2196 3452 si
2224 3398 2343 3452 aliis
2385 3397 2600 3452 fuerunt
2627 3399 2906 3454 virtutibus
2933 3402 3197 3468 instructi,
3223 3404 3388 3457 multo
3411 3407 3580 3476 magis

1996 3491 2260 3544 bonorum
2291 3503 2511 3545 matrem
2541 3492 2910 3558 possederunt.
2943 3494 3066 3548 Hcce
3086 3495 3282 3566 quippe
3309 3496 3377 3550 ab
3404 3499 3578 3553 anima

1996 3583 2192 3637 virtute
2219 3583 2438 3652 prmdita
2468 3585 2762 3653 germinat;
2793 3595 2847 3638 at
2875 3585 2959 3639 ubi
2990 3590 3222 3656 nequitia
3255 3599 3357 3649 est.
3390 3606 3580 3647 exare-

1998 3677 2117 3730 scit.
2149 3675 2275 3730 Cum
2300 3675 2626 3730 abundaverit
2651 3677 2908 3747 iniquitas,
2935 3678 3124 3748 inquit,
3142 3682 3431 3752 refrigescet
3457 3685 3586 3737 cari-

1999 3777 2074 3822 tas
2099 3769 2372 3821 multorum
2397 3766 2416 3838 (
2440 3767 2626 3821 Matth.
2658 3767 2748 3822 Ἡ.
2775 3769 2845 3822 12
2864 3770 2903 3839 ).
2935 3770 3174 3826 Gentiles
3202 3786 3348 3828 certe
3378 3791 3481 3828 non
3511 3775 3579 3829 ita

2002 3870 2218 3916 movent
2245 3861 2416 3931 signa,
2438 3871 2496 3914 ut
2522 3862 2626 3916 vita
2659 3878 2673 3915 :
2704 3861 2861 3914 vitam
2890 3862 3018 3916 nihil
3045 3864 3113 3916 ita
3141 3865 3388 3932 inStitoit,
3419 3877 3475 3920 ut
3504 3866 3586 3922 di-

2001 3952 2180 4006 lectio.
2204 3951 2332 4006 Natu
2356 3953 2625 4022 signorum
2655 3950 2887 4006 editores
2914 3953 3229 4022 deceptores
3253 3971 3395 4024 saepe
3419 3971 3582 4010 Voca-

2003 4053 2160 4107 runt;
2202 4043 2365 4097 vitam
2394 4058 2520 4096 vero
2549 4057 2731 4111 puram
2764 4059 3052 4113 numquam
3089 4059 3310 4114 carpere
3341 4058 3580 4116 possunt.

2004 4135 2266 4201 Quamdiu
2290 4150 2416 4203 ergo
2439 4134 2743 4200 prmdicatio
2770 4150 2874 4188 non
2900 4145 3102 4189 tantum
3131 4136 3446 4205 profecerat.
3466 4139 3590 4210 jure

2006 4230 2153 4298 signa
2186 4228 2238 4281 in
2264 4227 2617 4281 admiratione
2646 4239 2798 4281 erant
2827 4245 2841 4282 :
2870 4243 3011 4282 nunc
3041 4236 3216 4282 autem
3246 4245 3311 4283 ex
3341 4231 3444 4284 vita
3485 4233 3588 4285 nti-

2008 4319 2202 4373 rabiles
2227 4333 2347 4373 esse
2370 4326 2599 4386 Oportet.
2623 4316 2765 4371 Nihil
2796 4319 2939 4373 enim
2969 4320 3196 4389 gentiles
3223 4320 3291 4373 ita
3326 4321 3508 4387 afficit,
3537 4335 3594 4379 ut

2009 4414 2213 4467 virtus:
2258 4412 2386 4467 nihil
2420 4414 2490 4466 ita
2522 4413 2628 4467 illis
2655 4413 2976 4468 offendieulo
3011 4425 3112 4479 est,
3147 4426 3202 4470 ut
3239 4417 3594 4487 improbitas;

2010 4515 2064 4559 et
2099 4506 2216 4573 jure
2252 4503 2489 4574 quidem.
2531 4504 2662 4558 Cum
2701 4504 2842 4558 enim
2871 4505 3063 4560 viderit
3088 4522 3306 4562 avarunt
3332 4521 3386 4564 et
3410 4522 3595 4579 rapto-

2013 4614 2125 4652 rcm
2166 4598 2430 4652 contraria
2475 4595 2903 4666 praecipientem,
2951 4614 3179 4669 eumque
3217 4599 3307 4670 qui
3352 4601 3599 4658 inimicos

2012 4691 2486 4760 diligerejubetur,
2513 4690 2563 4744 itt
2589 4691 2914 4745 contribules
2941 4707 3065 4745 suos
3090 4733 3104 4754 ,
3135 4703 3401 4762 tamquam
3433 4694 3485 4749 in
3515 4696 3596 4751 le-

2015 4798 2123 4846 ras,
2147 4783 2480 4846 saevientem,
2512 4797 2675 4850 nugas
2703 4791 2962 4851 przeeepta
2989 4779 3072 4835 illa
3097 4783 3323 4852 vocabit.
3356 4784 3487 4840 Cum
3520 4789 3600 4841 vi-

2017 4874 2480 4943 deritquempiant
2511 4873 2697 4926 mortis
2721 4872 3004 4928 formidine
3033 4884 3279 4943 captum,
3308 4893 3414 4947 quo
3446 4889 3601 4947 pacto

2019 4965 2434 5020 immortalitatis
2474 4965 2770 5020 doctrinam
2809 4965 3067 5037 accipiet?
3111 4969 3243 5024 Cum
3285 4971 3601 5029 ambitiosos

2019 5061 2228 5123 viderit,
2260 5062 2484 5131 aliisque
2520 5061 2681 5114 animi
2719 5062 2916 5115 morbis
2956 5072 3143 5132 captos
3165 5104 3182 5130 ,
3225 5066 3397 5133 potius
3425 5067 3476 5118 itt
3505 5082 3602 5120 sua

2019 5153 2258 5207 manebit
2285 5152 2545 5207 sententia
2569 5193 2583 5217 ,
2628 5150 2865 5222 nihilque
2893 5152 2961 5208 de
2992 5155 3146 5209 nobis
3167 5171 3416 5226 magnunt
3449 5168 3604 5227 puta-

2023 5241 2119 5296 bit.
2147 5242 2254 5297 Nos
2283 5243 2446 5306 enim,
2479 5259 2575 5297 nos
2602 5243 2784 5313 utique
2825 5243 2878 5298 in
2914 5259 3074 5301 causa
3110 5261 3296 5302 sumus
3323 5263 3419 5302 cur
3443 5249 3518 5303 illi
3549 5250 3604 5304 in

2023 5347 2121 5386 suo
2168 5348 2352 5387 errore
2401 5335 2706 5402 persistant.
2751 5333 2884 5389 Nam
2943 5335 3238 5392 doctrinam
3289 5339 3435 5394 illam
3478 5341 3606 5396 olim

2025 5440 2174 5479 suam
2203 5427 2563 5496 repudiarunt,
2594 5436 2650 5482 et
2679 5438 2860 5482 nostra
2889 5428 3256 5495 admirantur;
3284 5431 3380 5485 sed
3409 5448 3476 5487 ex
3503 5435 3610 5488 vita

2026 5527 2206 5572 nostra
2230 5529 2502 5573 arcentur.
2541 5518 2674 5574 Nam
2697 5520 2877 5576 verbis
2905 5521 3267 5592 philosophari
3299 5522 3456 5580 facile
3479 5536 3564 5582 est
3595 5545 3611 5583 :

2029 5611 2181 5665 multi
2204 5611 2344 5666 enitn
2373 5611 2514 5682 apud
2541 5612 2659 5667 illos
2686 5612 2738 5668 id
2764 5613 3008 5669 fecerunt
3033 5632 3045 5667 :
3069 5614 3244 5669 adhuc
3269 5631 3400 5672 vero
3431 5621 3614 5689 requi-

2029 5714 2154 5757 runt
2193 5719 2354 5773 opera
2395 5705 2554 5759 bona.
2582 5704 2803 5762 Veteres
2835 5708 2957 5762 illos
2982 5711 3071 5779 qui
3100 5708 3238 5779 apud
3273 5725 3370 5765 nos
3399 5711 3608 5772 fuerunt

2039 5798 2350 5869 recogitent.
2381 5800 2448 5855 At
2477 5798 2552 5855 illi
2581 5814 2685 5857 non
2711 5800 2973 5871 credunt,
3005 5813 3059 5863 ct
3083 5819 3179 5859 nos
3206 5816 3497 5875 prtesentes
3524 5813 3618 5864 ob-
