4100 6362
523 360 632 416 595

525 481 763 533 servant.
794 470 1030 530 Ostende
1068 466 1250 532 nobis,
1287 466 1552 535 inquiunt,
1584 463 1743 518 fidem
1786 479 1880 532 per
1922 475 2106 530 opera.

530 570 656 624 llaec
697 580 956 635 nusquam
998 571 1140 618 sunt.
1186 560 1291 616 Sed
1317 575 1437 614 cum
1469 572 1568 612 nos
1587 557 1769 612 vident
1803 557 1921 626 plus
1946 570 2104 624 quam

528 664 668 716 feras
698 660 969 730 proximos
998 665 1209 709 nostros
1241 653 1544 721 discerpere
1567 691 1583 717 ,
1628 665 1726 703 nos
1751 649 1897 703 orbis
1923 647 2106 718 perni-

529 755 666 808 eiem
695 758 908 805 vocant.
941 749 1064 802 Ilaec
1088 745 1314 817 gentiles
1341 744 1590 804 retinent,
1620 756 1689 796 ne
1714 740 1780 795 ad
1807 753 1905 793 nos
1931 747 2108 793 trans-

531 853 673 898 eant.
724 843 902 910 itaque
930 855 1027 893 nos
1057 839 1242 890 borum
1275 849 1460 905 pinnas
1486 832 1730 887 dabimus
1753 872 1768 896 ,
1801 845 1906 884 non
1936 829 2107 884 solum

528 937 669 1007 quod
700 937 836 988 mala
871 942 1239 1002 perpetremus
1262 969 1276 993 ,
1307 927 1401 982 sed
1430 926 1588 979 etiam
1618 923 1758 992 quod
1787 937 1980 976 nomen
2015 921 2106 975 Dei

533 1028 946 1098 blaspliemetur.
1002 1025 1288 1090 Quousque
1331 1017 1590 1088 pecuniis,
1633 1013 1838 1068 deliciis
1885 1011 2109 1081 aliisque

530 1121 671 1173 vitiis
715 1118 877 1172 dediti
912 1117 928 1147 ί
974 1112 1210 1170 erimus?
1256 1111 1632 1166 Abstineamus
1676 1105 1929 1175 denique.
1971 1103 2110 1158 Audi

528 1213 653 1283 quid
676 1213 743 1266 de
768 1210 1082 1282 quibusdam
1112 1204 1394 1261 insensatis
1420 1203 1560 1255 dicat
1591 1199 1846 1268 preplteta
1881 1215 1893 1250 :
1923 1196 2104 1251 Come-

595 1326 612 1359 ί
633 1331 769 1374 Putat
807 1325 990 1373 Boisius
1014 1318 1298 1383 legendum.
1323 1313 1484 1374 vincti,
1510 1325 1682 1363 verum
1703 1312 1812 1360 sine
1836 1308 1934 1359 ulla
1954 1315 2111 1358 manu-

527 1390 813 1451 scriptorum
825 1391 1127 1434 auctoritate.

1272 352 1328 408 S.
1366 349 1642 406 JOANNIS
1677 344 2150 403 CIIRYSOSTOMI
2189 343 2506 400 ARCHIEP.
2546 344 3079 402 CONSTANTINOP.

3687 347 3788 402 396

2209 458 2390 511 damus
2413 467 2458 511 et
2485 457 2709 512 bibamus
2732 476 2750 513 :
2777 475 2891 513 cras
2915 464 3046 513 enim
3065 459 3336 513 moriemur
3357 461 3374 526 (
3396 458 3520 512 lsai.
3549 459 3635 513 3:2.
3670 462 3730 513 l3
3749 470 3782 526 ).

2213 549 2290 603 De
2318 551 2671 618 praesentibus
2693 551 2794 606 hoc
2816 551 2995 607 dicere
3033 567 3140 607 non
3177 566 3459 620 possumus
3491 568 3506 605 :
3536 553 3604 605 ita
3640 552 3791 606 multi

2213 642 2451 696 omnium
2473 642 2608 697 bona
2633 643 2940 699 absorbent.
2970 644 3119 712 Quod
3149 645 3253 698 illis
3283 643 3622 714 exprobrans
3645 645 3792 699 dice-

2212 732 2304 788 bat
2347 734 2600 804 propheta
2632 754 2645 790 :
2676 734 2940 804 Numquid
2973 736 3071 791 soli
3095 732 3380 791 habitabilis
3404 747 3589 790 terram
3617 737 3637 806 (
3661 736 3788 790 lsai.

2214 825 2266 880 5.
2297 825 2394 894 8)?
2422 826 2775 893 Quamobrem
2807 830 2971 884 timeo
2995 845 3060 884 ne
3079 828 3205 898 quid
3233 830 3354 884 mali
3383 829 3608 893 accidat,
3633 838 3687 882 et
3712 831 3791 881 in-

2213 927 2424 986 gentem
2449 919 2600 972 nobis
2624 919 2953 974 attrahamus
2976 920 3068 974 Dei
3092 920 3368 975 ultionem.
3403 920 3554 988 Quod
3585 935 3651 973 ne
3679 920 3788 984 fiat,

2214 1008 2461 1062 virtutem
2485 1025 2828 1066 exerceamus
2849 1027 3060 1068 omnem
3082 1053 3098 1077 ,
3122 1022 3178 1066 ut
3201 1012 3372 1066 futura
3403 1027 3788 1081 consequamur

2216 1097 2374 1164 bona,
2399 1102 2563 1169 gratia
2586 1111 2640 1155 et
2663 1103 2982 1172 benignitate
3008 1103 3214 1157 Domini
3239 1104 3402 1158 nostri
3423 1103 3547 1158 Jesu
3568 1102 3787 1165 Christi,

2216 1203 2312 1256 per
2353 1206 2509 1258 quem
2553 1201 2607 1246 et
2647 1207 2767 1247 cum
2794 1209 2899 1263 quo
2931 1194 3073 1249 Patri
3101 1197 3265 1265 gloria
3287 1237 3302 1261 ,
3336 1211 3542 1266 unaque
3572 1195 3791 1264 Spiritui

2216 1289 2436 1345 sancto,
2477 1297 2617 1336 nunc
2656 1292 2710 1338 et
2751 1299 2963 1354 semper
3013 1296 3068 1341 et
3112 1288 3164 1341 in
3213 1287 3406 1341 smcula
3451 1288 3787 1341 szeculorum.

2216 1369 2407 1422 Amen.

545 1484 3781 1515 um

1818 1563 2164 1626 HOMILIA
2205 1566 2496 1633 LXXIII.

526 1706 653 1762 CAP.
699 1706 786 1759 13.
835 1719 885 1755 v.
918 1701 1006 1756 56.
1050 1698 1185 1752 Dicit
1227 1695 1403 1751 Simon
1441 1693 1621 1747 Petrus
1654 1705 1672 1743 :
1703 1687 1953 1753 Domine,
2005 1701 2102 1756 quo

599 1798 785 1852 vadis?
816 1793 1090 1865 Respondit
1119 1793 1164 1845 ei
1191 1789 1342 1842 Iesus
1371 1804 1390 1842 :
1432 1785 1542 1852 Quo
1581 1799 1672 1854 ego
1699 1780 1850 1848 vado,
1877 1796 1979 1833 non
2010 1795 2121 1848 po-_

598 1901 668 1944 tes
697 1889 836 1956 sequi
866 1899 943 1939 me
971 1883 1156 1947 modo;
1186 1880 1404 1949 sequeris
1434 1885 1598 1930 autem
1632 1883 1821 1943 postea.

603 1983 653 2036 1.
699 1979 839 2034 Petri
864 1978 1056 2046 fervens
1082 1975 1298 2026 animus.
1334 1969 1546 2023 Dilectio
1570 1968 1678 2019 sine
1697 1978 1919 2033 superna
1943 1960 2109 2033 gratia

527 2071 655 2128 nihil
695 2080 788 2125 est.
817 2097 889 2110 —-
915 2066 1160 2136 Magnum
1187 2061 1457 2134 quidpiam
1480 2057 1716 2121 dilectio,
1761 2065 1818 2110 et
1853 2054 1972 2125 igne
2011 2066 2107 2107 ve-

529 2163 861 2225 hementius,
907 2156 1048 2228 quod
1089 2153 1154 2209 ad
1197 2155 1368 2223 ipsum
1409 2150 1595 2204 caelum
1624 2145 1858 2202 sustollit
1887 2163 1902 2200 :
1929 2142 2108 2198 nullus

529 2263 705 2328 potest
744 2253 883 2306 obex
912 2250 1166 2318 impetum
1197 2245 1314 2312 ejus
1343 2241 1615 2297 cohibere.
1660 2235 2110 2328 Ferventissimus

529 2325 689 2420 igitur
715 2343 925 2407 Petrus,
967 2356 1086 2394 cum
1112 2337 1352 2392 audisset
1381 2333 1668 2396 dicentem,
1701 2329 1812 2397 Quo
1839 2343 1928 2399 ego
1953 2325 2105 2389 vado,

526 2453 613 2494 vos
641 2453 741 2490 non
777 2433 981 2506 potestis
1010 2431 1196 2496 uenire,
1243 2427 1371 2497 quid
1418 2424 1588 2480 dicit?
1626 2421 1861 2485 Domine,
1889 2435 1987 2490 quo
2022 2434 2111 2472 va-

528 2531 647 2584 dis?
673 2528 782 2583 Hoc
809 2537 984 2580 autem
1013 2523 1243 2586 dicebat,
1276 2535 1381 2574 non
1409 2527 1516 2573 tam
1550 2513 1813 2581 discendi,
1839 2527 1999 2584 quam
2023 2527 2110 2567 se-

527 2623 725 2694 quendi
766 2621 913 2675 illum
957 2616 1246 2672 desiderio.
1278 2612 1392 2668 Non
1417 2622 1579 2666 ausus
1603 2617 1750 2664 certe
1777 2615 1859 2661 est
1887 2605 2067 2660 dicere
2089 2645 2104 2668 ,

531 2714 733 2776 Venio;
782 2710 876 2765 sed
899 2710 991 2774 ait,
1047 2707 1158 2774 Quo
1184 2705 1365 2760 vadis?
1389 2702 1633 2757 Christus
1658 2714 1765 2754 non
1794 2697 1990 2757 verbis.
2015 2694 2109 2750 sed

528 2807 707 2860 animo
735 2803 852 2872 ejus
879 2798 1184 2869 respondet,
1219 2805 1277 2850 ut
1304 2811 1372 2850 ex
1397 2793 1526 2864 ipsis
1561 2791 1677 2861 ejus
1715 2788 1895 2845 verbis
1935 2787 2108 2858 palam

530 2896 648 2951 est?
669 2893 806 2961 Quid
831 2891 974 2946 enim
999 2889 1106 2943 ait?
1129 2887 1241 2954 Quo
1267 2902 1358 2957 ego
1385 2884 1535 2950 vado,
1568 2899 1668 2938 non
1698 2891 1836 2951 potes
1857 2879 2005 2933 modo
2032 2893 2113 2932 me

530 2987 688 3053 sequi.
715 2979 898 3039 Viden’
933 2982 1083 3036 illum
1109 2979 1256 3048 sequi
1284 2977 1573 3047 optavisse,
1620 2973 1848 3044 ideoque
1877 2971 2109 3026 interro-

531 3077 727 3148 gasse?
766 3075 834 3131 Ut
862 3072 1061 3128 audivit
1085 3080 1282 3136 autem,
1316 3068 1551 3139 Sequeris
1580 3075 1753 3136 postea
1771 3105 1786 3128 ,
1834 3077 2006 3130 neque
2034 3061 2111 3116 sic

534 3169 858 3225 desiderium
890 3164 1149 3230 cohibuit,
1179 3163 1278 3218 etsi
1302 3159 1620 3232 sperandum
1647 3156 1893 3222 audiret;
1924 3154 2018 3210 sed
2045 3169 2110 3209 eo

533 3262 678 3316 venit
707 3269 762 3312 ut
787 3257 990 3312 diceret
1021 3272 1035 3309 :
1068 3255 1155 3310 57.
1199 3253 1366 3320 Quare
1395 3266 1495 3305 non
1521 3262 1725 3319 possunt
1761 3257 1807 3300 te
1833 3246 1972 3310 sequi
1997 3259 2109 3297 mo-

531 3357 597 3410 do
615 3357 640 3407 2’
660 3353 894 3406 Animam
913 3361 1074 3404 meam
1097 3363 1188 3418 pro
1218 3355 1264 3400 te
1295 3357 1500 3415 ponam.
1525 3342 1657 3410 Quia
1683 3340 1826 3396 enim
1853 3338 2112 3410 prodilim

531 3447 617 3502 nis
645 3453 842 3499 metum
873 3441 1227 3511 deposuerat,
1282 3447 1335 3492 et
1375 3437 1515 3490 inter
1545 3433 1740 3504 probos
1769 3430 2108 3493 censebatur,

531 3555 652 3595 cum
682 3536 869 3592 fiducia
897 3533 1134 3598 demum,
1163 3532 1281 3586 aliis
1307 3529 1608 3592 silentibus,
1632 3526 1950 3582 sciscitatur.
1973 3522 2111 3591 Quid

529 3629 630 3698 ais,
648 3629 806 3684 Petre
823 3629 849 3682 ?
868 3626 996 3682 dicit
1025 3625 1136 3690 ille,
1163 3621 1283 3678 Non
1308 3631 1478 3692 potes;
1505 3629 1559 3676 et
1587 3629 1644 3674 tu
1668 3617 1822 3681 dicis,
1844 3615 2110 3673 Possum?

535 3721 915 3791 Experimento
941 3718 1118 3788 itaque
1144 3715 1291 3771 dices
1317 3713 1655 3769 dilectionem
1696 3721 1840 3766 tuam
1874 3711 1989 3766 sine
2017 3725 2110 3764 su-

534 3829 694 3884 perna
723 3813 888 3881 gratia
917 3808 1048 3864 nihil
1075 3822 1214 3863 esse.
1235 3805 1387 3862 Unde
1411 3805 1586 3876 palam
1614 3812 1718 3870 est,
1751 3818 1872 3857 eum
1899 3801 2108 3870 iapsum

531 3906 683 3959 illum
705 3904 770 3958 ad
795 3902 1072 3957 utilitatem
1104 3899 1243 3954 Petri
1275 3897 1602 3968 permisisse.
1631 3891 1856 3952 Volebat
1893 3893 2107 3963 quidem

533 3998 783 4053 Christus
823 3996 905 4049 bis
940 3992 1164 4064 prolatis
1193 3990 1369 4046 verbis
1399 3989 1568 4059 ipsum
1607 3987 1884 4043 instituere
1929 4003 1943 4040 :
1985 3985 2109 4055 quia

532 4108 659 4146 vero
686 4091 774 4145 ille
813 4089 867 4143 in
896 4084 1231 4142 vehementia
1270 4097 1363 4138 sua
1393 4081 1786 4153 perseverabat,
1833 4095 1937 4134 non
1968 4078 2107 4147 inje-

529 4187 602 4242 cit
638 4183 874 4255 quidem,
906 4194 1078 4249 neque
1116 4178 1325 4245 impulit
1348 4176 1414 4230 ad
1449 4175 1806 4244 negationem,
1836 4171 1929 4226 sed
1954 4171 2110 4225 dese-

531 4281 654 4343 ruit,
686 4285 742 4331 ut
767 4289 917 4330 suam
952 4272 1216 4328 edisceret
1245 4269 1630 4324 infirmitatem.
1676 4266 1815 4319 Dixit
1850 4263 2006 4318 Jesus
2048 4276 2108 4316 se

530 4367 842 4424 tradendum
872 4365 1025 4428 fore;
1075 4360 1349 4431 respondit
1385 4360 1474 4414 ille
1508 4377 1521 4412 :
1557 4357 1817 4428 Propitius
1845 4367 1950 4410 esto
1980 4355 2107 4409 tibi:

529 4477 633 4514 non
670 4461 763 4513 erit
807 4457 897 4512 tibi
949 4456 1042 4509 hoc
1082 4452 1312 4524 (Matth.
1345 4453 1432 4507 16.
1464 4450 1593 4523 22).
1641 4451 1952 4520 Correptus,
1999 4465 2104 4503 non

526 4551 838 4607 emendatus
859 4557 976 4610 est;
1003 4547 1094 4603 sed
1119 4563 1238 4601 cum
1270 4545 1428 4600 vellet
1453 4546 1551 4614 ipsi
1579 4544 1735 4600 .lesns
1766 4543 1928 4613 pedes
1955 4544 2104 4597 lava-

529 4661 609 4706 re.
640 4644 794 4707 dixit,
840 4639 963 4697 Non
1001 4639 1190 4693 lavabis
1226 4638 1351 4691 milli
1379 4637 1526 4707 pedes
1556 4637 1607 4688 in
1637 4645 1878 4690 retentum
1912 4637 1950 4688 ³.
1993 4635 2104 4687 Att-

530 4737 682 4789 dicns
710 4747 944 4797 rursum,
978 4729 1100 4784 Non
1123 4742 1264 4800 potes
1297 4743 1376 4782 me
1409 4729 1550 4796 sequi
1577 4727 1724 4780 modo
1745 4768 1760 4792 ,
1787 4726 1916 4781 dicit
1947 4743 1962 4779 :
1991 4722 2105 4779 Etsi

529 4843 701 4880 omnes
727 4837 772 4878 te
797 4823 1102 4894 negaverint,
1151 4837 1240 4890 ego
1279 4835 1380 4872 non
1416 4819 1623 4888 negabo.
1669 4818 1801 4884 Quia
1837 4819 1996 4887 igitur
2023 4818 2101 4870 vi-

528 4921 657 4975 dere
677 4927 793 4973 erat
818 4916 962 4970 illum
994 4915 1043 4968 in
1071 4913 1427 4982 arrogantiam
1451 4910 1652 4979 prolabi
1675 4950 1689 4973 ,
1735 4909 2102 4964 contradicere

527 5012 896 5073 meditantem,
949 5016 1130 5063 monet
1172 5007 1384 5060 demum
1425 5018 1492 5058 ne
1520 5012 1794 5072 repugnet.
1836 5003 1889 5057 Id
1941 5016 2100 5072 porro

523 5103 868 5161 subindicans
888 5099 1080 5162 Lucas,
1109 5098 1306 5152 dixisse
1340 5097 1483 5150 illum
1514 5097 1587 5148 ait
1616 5113 1628 5148 :
1663 5095 1726 5148 Et
1771 5111 1862 5164 ego
1913 5111 2005 5163 pro
2054 5105 2101 5148 te

522 5197 716 5266 rogavi,
759 5203 814 5248 ut
861 5209 963 5246 non
1006 5192 1236 5260 deficeret
1273 5189 1402 5258 ﬁdes
1445 5197 1531 5241 tua
1570 5188 1720 5258 (Luc.
1753 5188 1842 5242 2‘2.
1877 5187 2009 5257 '59.);
2043 5187 2097 5242 id

519 5299 634 5353 est,
666 5285 745 5342 Ne
780 5298 1000 5354 prorsus
1029 5291 1083 5337 et
1110 5297 1278 5351 usque
1308 5281 1359 5334 in
1390 5281 1546 5334 finem
1575 5295 1761 5350 pereas
1790 5296 1804 5334 :
1839 5281 1890 5333 in
1922 5280 2096 5334 omni-

517 5382 615 5435 bus
640 5377 994 5433 humilitatem
1013 5375 1234 5436 docens,
1280 5381 1334 5428 et
1357 5388 1586 5442 arguens
1617 5374 1898 5428 humanam
1937 5383 2094 5428 natu-

515 5486 630 5526 rain
665 5483 758 5539 per
782 5483 840 5523 se
870 5467 1003 5523 nihil
1029 5481 1167 5521 esse.
1207 5465 1338 5533 Quia
1382 5468 1522 5519 enim
1563 5466 1866 5521 dilectionis
1914 5468 1994 5521 vis
2037 5465 2088 5522 id

515 5559 802 5624 efficiebat,
829 5569 888 5613 ut
912 5558 978 5613 ad
1008 5557 1482 5612 contradicendum
1513 5565 1726 5625 paratus
1752 5565 1913 5621 esset,
1943 5556 2089 5612 illum

513 5650 581 5703 ad
611 5649 1030 5718 resipiscendum
1059 5656 1266 5713 monet,
1297 5662 1364 5701 ne
1395 5655 1577 5716 postea
1609 5647 1660 5701 in
1689 5645 1916 5717 idipsum
1953 5647 2089 5703 inci-

581 5800 598 5830 ί
634 5799 725 5847 Alii
747 5799 932 5862 legunt,
958 5815 1049 5850 non
1073 5798 1162 5850 hoc
1184 5797 1333 5862 facies
1355 5799 1405 5852 in
1427 5807 1675 5852 a'temum.

2217 1688 2387 1753 deret,
2416 1707 2536 1749 cum
2566 1697 2711 1753 orbis
2733 1699 2894 1755 totius
2922 1701 3431 1758 administrationem
3462 1707 3788 1776 susciperet:

2213 1781 2308 1836 sed
2339 1793 2395 1838 ut
2423 1801 2630 1842 memor
2656 1805 2844 1846 eorum
2882 1809 3000 1863 qua:
3039 1794 3140 1849 sibi
3175 1797 3501 1863 acciderant,
3556 1799 3790 1868 seipsum

2212 1889 2578 1944 cognosceret.
2627 1878 2696 1937 Et
2739 1883 2860 1940 vide
2898 1895 3128 1956 quantus
3169 1888 3238 1941 sit
3279 1888 3478 1959 lapsus.
3509 1888 3624 1944 Non
3649 1892 3790 1945 enim

2213 1969 2379 2024 semel
2409 1979 2501 2024 aut
2520 1972 2622 2036 bis,
2646 1974 2739 2029 sed
2766 1990 3000 2047 eousque
3030 1980 3307 2048 processit,
3339 1989 3396 2035 ut
3426 1981 3658 2037 breviter
3683 1998 3790 2037 nea

2213 2069 2401 2126 garet;
2453 2069 2512 2116 ut
2553 2063 2784 2120 disceret
2820 2082 2879 2122 se
2917 2083 3021 2122 non
3063 2070 3133 2124 ita
3177 2070 3446 2137 dilexisse,
3483 2081 3540 2126 ut
3568 2073 3792 2128 dilectus

2213 2147 2406 2205 fuerat.
2439 2154 2684 2210 Attamen
2713 2157 2762 2211 ei
2790 2161 2878 2228 qui
2909 2159 2978 2214 ita
3010 2160 3188 2229 lapsus
3219 2159 3410 2229 fuerat,
3455 2179 3665 2217 rursum
3712 2163 3793 2218 (li-

2214 2243 2287 2296 cit
2319 2260 2333 2297 :
2364 2243 2546 2317 Diligis
2573 2264 2654 2301 me
2672 2247 2788 2319 plus
2817 2250 2894 2304 his
2911 2252 2938 2304 ἲ
2965 2251 3144 2321 Itaque
3170 2269 3273 2307 non
3297 2254 3436 2323 quod
3461 2254 3682 2325 frigidus
3708 2270 3793 2310 es-

2215 2344 2317 2400 set,
2363 2337 2456 2392 sed
2503 2340 2644 2408 quod
2695 2357 2927 2412 superna
2978 2345 3206 2400 nudatus
3248 2356 3393 2401 esset
3434 2348 3790 2416 ope,cccitlit.

2219 2426 2562 2484 Dilectionem
2593 2448 2719 2504 ergo
2747 2434 2889 2489 Petri
2918 2435 3276 2504 amplectitur,
3319 2439 3792 2493 contradictionem

2215 2533 2345 2573 vero
2387 2521 2511 2577 inde
2551 2536 2753 2593 partam
2800 2527 3043 2581 succidit.
3085 2527 3139 2582 Si
3169 2527 3362 2599 diligis,
3412 2529 3575 2584 debes
3601 2530 3792 2583 dilectu

2215 2608 2606 2681 obtemperare.
2643 2615 2781 2671 Dixit
2813 2617 2900 2672 ille
2929 2628 2983 2673 et
3014 2619 3103 2674 tibi
3135 2630 3188 2675 et
3218 2621 3378 2676 sociis
3399 2663 3412 2685 ,
3459 2621 3579 2676 Non
3608 2633 3745 2692 potes
3771 2639 3791 2676 :

2215 2701 2341 2769 quid
2369 2704 2692 2760 contendis?
2735 2706 2849 2762 Non
2885 2709 3132 2779 intelligis
3162 2710 3288 2781 quid
3318 2712 3386 2766 sit
3419 2711 3509 2765 Dei
3535 2713 3787 2782 negatio?

2215 2795 2348 2860 Quia
2380 2811 2505 2852 vero
2536 2797 2634 2853 hac
2660 2800 2711 2854 in
2745 2815 2802 2855 re
2832 2817 2935 2855 non
2961 2803 3037 2855 vis
3059 2803 3284 2870 discere,
3315 2819 3422 2858 non
3452 2820 3607 2874 posse
3649 2805 3789 2877 quod

2215 2899 2316 2956 ego
2349 2887 2471 2941 dico
2499 2903 2604 2942 non
2635 2889 2788 2955 ﬁeri;
2841 2892 2892 2946 in
2937 2895 3217 2958 negatione
3259 2903 3347 2950 tua
3384 2896 3434 2949 id
3463 2895 3643 2960 dices,
3695 2898 3792 2954 etsi

2217 2975 2320 3033 hoc
2345 2980 2437 3034 tibi
2467 2981 2776 3037 incredibile
2804 2983 2974 3038 visum
3003 2986 3090 3038 sit.
3123 2986 3234 3040 lloc
3256 2986 3468 3055 quidem
3493 2988 3790 3051 nesciebas;

2217 3068 2374 3140 hujus
2393 3087 2521 3126 vero
2544 3073 2894 3143 cognitionem
2916 3077 2930 3106 ¹
2952 3075 3002 3129 in
3029 3077 3206 3130 animo
3224 3077 3484 3142 habebas;
3505 3078 3596 3133 sed
3617 3090 3791 3133 tamen

2215 3169 2400 3215 contra
2425 3178 2581 3233 quam
2605 3165 2950 3234 exspectabas
2980 3167 3193 3222 accidit.
3250 3169 3484 3222 Animam
3511 3188 3672 3225 meum
3703 3188 3792 3242 pra

2216 3257 2264 3304 te
2287 3269 2491 3323 ponam.
2533 3256 2663 3322 Quia
2706 3259 2846 3312 enim
2893 3258 3136 3314 audierat
3181 3260 3438 3330 majorem
3474 3261 3573 3316 hac
3603 3265 3791 3318 carita-

2217 3350 2322 3398 tem
2345 3347 2610 3400 neminem
2641 3347 2856 3414 habere,
2892 3349 3090 3405 insiluit
3113 3351 3311 3414 statim,
3341 3351 3652 3407 insatiabilis
3672 3367 3789 3408 cum

2215 3445 2359 3491 esset
2395 3445 2452 3492 et
2490 3453 2736 3508 suprema
2785 3443 3048 3514 attingere
3090 3445 3272 3499 vellet.
3333 3447 3404 3498 At
3449 3447 3695 3500 Christus
3737 3455 3790 3501 ut

2216 3528 2480 3593 ostendat,
2504 3523 2572 3584 ad
2602 3545 2658 3586 se
2687 3540 2890 3587 tantum
2917 3534 3184 3602 pertinere
3207 3534 3320 3590 hmc
3341 3551 3460 3590 cum
3478 3538 3790 3593 auctoritate

2214 3619 2380 3691 loqui,
2425 3621 2595 3678 dicit:
2630 3623 2718 3680 39.
2760 3625 3037 3696 Antequam
3078 3627 3244 3697 gallus
3277 3638 3480 3694 cantet;
3530 3628 3633 3685 hoc
3677 3641 3787 3696 est,

2215 3722 2376 3767 nunc.
2425 3713 2608 3784 Neque
2631 3715 2772 3769 enim
2800 3717 2958 3785 longe
2986 3718 3169 3772 aberat
3199 3736 3213 3774 :
3247 3719 3567 3790 intempesta
3594 3723 3789 3791 quippe

2215 3815 2372 3860 nocte
2419 3806 2755 3878 loquebatur,
2793 3817 2850 3864 et
2888 3811 2997 3879 jam
3043 3813 3215 3882 prima
3245 3823 3300 3868 et
3340 3815 3572 3869 secunda
3614 3817 3788 3885 vigilia

2215 3900 2563 3966 praeterierat.
2615 3902 2633 3970 (
2663 3901 2788 3971 Cap.
2819 3903 2931 3972 14.)
2970 3905 3022 3959 1.
3051 3904 3172 3958 Νοη
3201 3905 3423 3960 turbetur
3447 3923 3536 3961 cor
3555 3918 3787 3963 vestrum.

2214 3988 2327 4046 Hoc
2363 3993 2509 4052 dicit.
2553 3995 2675 4064 quia
2725 3997 3018 4052 verisimile
3055 4007 3170 4053 erat
3210 3999 3353 4070 ipsos
3383 4001 3482 4054 ista
3515 4001 3788 4056 audientes

2216 4085 2455 4140 turbatos
2485 4087 2666 4141 fuisse.
2709 4087 2763 4143 Si
2792 4089 2932 4143 enim
2960 4085 3259 4159 coripbaaus
3291 4091 3360 4145 ita
3395 4091 3606 4147 fervens
3635 4092 3788 4146 audi-

2212 4177 2289 4232 vit
2325 4188 2636 4247 negaturum
2667 4197 2725 4235 se
2751 4196 2870 4237 esse
2889 4192 3174 4253 antequam
3200 4185 3372 4254 gallos
3405 4193 3486 4240 ter
3513 4196 3784 4251 cantaret;

2211 4270 2468 4327 credibile
2505 4281 2622 4328 erat
2666 4274 2810 4343 ipsos
2855 4285 3100 4344 magnam
3143 4277 3496 4333 calamitatem
3536 4287 3785 4350 passuros

2211 4375 2350 4426 esse,
2396 4376 2514 4430 quae
2546 4371 2727 4433 posset
2755 4365 2838 4419 vel
2869 4363 3236 4420 adamantinos
3275 4363 3480 4422 animos
3521 4376 3785 4424 eVertere.

2211 4453 2342 4519 Quia
2369 4455 2526 4523 igitur
2551 4469 2646 4523 par
2674 4462 2791 4509 erat
2819 4455 2939 4509 illos
2966 4454 3080 4511 inec
3108 4457 3405 4527 cogitantes
3437 4461 3649 4522 terreri,
3670 4460 3787 4515 vide

2210 4545 2479 4613 quomodo
2505 4546 2647 4614 ipsos
2668 4547 2994 4610 censoletur,
3017 4545 3137 4601 Non
3166 4549 3394 4602 turbetur
3421 4566 3508 4604 cor
3532 4560 3748 4604 vestrum
3768 4565 3788 4604 :

2213 4635 2314 4689 hoc
2361 4638 2533 4706 primo
2577 4638 2867 4692 divinitatis
2919 4653 3028 4692 sua:
3072 4641 3324 4694 virtutem
3372 4641 3781 4709 demonstrans,

2211 4726 2352 4794 (ιιιοά
2379 4742 2440 4782 ea
2479 4743 2598 4795 qurc
2644 4729 2716 4781 illi
2769 4728 2819 4782 in
2870 4739 3046 4783 mente
3088 4729 3368 4795 habebant,
3404 4733 3514 4801 ipse
3547 4734 3709 4787 sciret
3733 4745 3787 4787 ct

2210 4817 2385 4887 palam
2419 4818 2634 4872 faceret.
2687 4819 2903 4873 Creditis
2947 4821 2998 4872 in
3043 4818 3228 4885 Deum,
3273 4831 3321 4875 et
3350 4824 3402 4875 in
3441 4839 3520 4875 me
3557 4824 3783 4886 credite;

2209 4907 2261 4962 id
2288 4920 2392 4975 est,
2439 4924 2625 4964 omnes
2661 4923 2913 4963 utrumme
2955 4912 3377 4980 pertransibunt.
3411 4913 3541 4967 Nam
3573 4914 3703 4968 fides-
3733 4915 3784 4965 in

2207 5015 2294 5054 me
2323 5010 2377 5054 et
2407 5001 2457 5054 in
2496 5000 2701 5054 Patrem
2734 5003 2916 5055 fortior
2956 5007 3037 5053 est
3075 5005 3328 5057 aerumnis
3370 5004 3638 5069 omnibus,
3687 5019 3786 5057 nec

2208 5092 2350 5146 sinet
2391 5108 2486 5146 vos
2517 5093 2670 5146 malis
2701 5093 2876 5147 obrui.
2909 5092 3108 5147 Deinde
3150 5095 3327 5148 subdit
3372 5113 3386 5149 :
3427 5094 3482 5149 2.
3530 5093 3596 5147 In
3635 5095 3785 5148 domo

2206 5184 2384 5241 Patris
2405 5187 2496 5240 mei
2525 5187 2807 5240 mansiones
2837 5189 3009 5240 multa."
3034 5196 3171 5244 sunt.
3213 5187 3282 5241 [τι
3323 5198 3636 5244 mmrentcm
3681 5188 3782 5241 Pe-

2207 5286 2346 5331 trum
2378 5277 2687 5332 consolatur
2714 5277 2932 5343 dicens,
2977 5277 3213 5345 Sequeris
3258 5290 3427 5333 autem
3467 5289 3639 5349 postea
3665 5295 3683 5333 :
3709 5280 3785 5334 sic

2207 5367 2451 5423 eamdem
2489 5368 2590 5422 illis
2627 5381 2775 5436 spem
2803 5369 3054 5437 suggerit.
3084 5367 3161 5421 Ne
3192 5377 3439 5436 putarent
3465 5370 3603 5422 enim
3632 5371 3696 5422 aii
3723 5369 3805 5442 ἰΙοί

2204 5456 2311 5516 lum
2331 5462 2500 5515 solum
2527 5459 2922 5529 promissionem
2943 5461 3227 5528 pertinere,
3245 5461 3349 5514 ait:
3366 5461 3428 5514 In
3444 5461 3592 5514 domo
3613 5460 3786 5514 Patris

2200 5554 2300 5608 mei
2339 5553 2621 5607 mansiones
2662 5552 2834 5605 multa:
2873 5561 3031 5611 sunt:
3084 5552 3130 5604 si
3176 5567 3273 5620 quo
3313 5555 3493 5617 minus,
3544 5551 3783 5606 dixissem

2201 5647 2371 5712 vobis,
2402 5645 2520 5715 quia
2572 5645 2698 5697 vado
2739 5657 2919 5712 parare
2958 5642 3094 5695 vobis
3142 5640 3307 5695 locum
3332 5659 3351 5696 :
3385 5644 3437 5697 id
3480 5652 3563 5698 est
3586 5683 3601 5710 ,
3631 5624 3782 5712 Quod

2265 5803 2281 5833 ι
2320 5800 2413 5849 Alii
2439 5801 2636 5854 habent.
2664 5797 3014 5862 conscientiam,
3041 5813 3154 5861 [T0,
3181 5797 3507 5861 cognitimiem.
