4100 6362
374 320 483 377 395

373 432 508 488 ἀλλά
540 430 741 504 μᾶλλον
760 431 993 505 δρῶντες
1017 432 1110 487 καὶ
1134 429 1319 503 θηρίου
1348 431 1754 502 σπαράττοντας
1784 431 1931 501 ήμᾶς

373 518 498 580 τοὺς
532 516 779 588 πλησίον,
810 514 986 588 λύμην
1024 518 1171 588 ἡμᾶς
1207 514 1426 569 καλοῦσι
1461 518 1561 586 τῆς
1590 514 1930 585 οἰκουμένης.

376 597 560 653 Ταῦτα
592 598 855 670 Ἕλληνας
888 598 1124 669 κατέχει,
1157 599 1251 652 καὶ
1272 598 1373 652 οὐκ
1394 597 1587 667 ἀφίησι
1620 596 1754 667 πρὸς
1788 597 1936 665 ἡμᾶς

380 684 728 753 μεταστῆναι.
766 682 924 734 Ὥστε
956 682 1115 751 ἡμεῖς
1146 681 1240 734 καὶ
1269 679 1471 734 τούτων
1498 679 1650 749 δίκην
1670 678 1934 747 δώσομεν.

378 769 471 837 οὐχ
502 767 643 835 ύπέρ
668 758 743 818 ὧν
770 764 953 828 κακῶς
976 764 1282 834 πράττομεν
1310 763 1489 833 μόνον,
1516 760 1651 816 ἀλλά
1679 761 1772 815 καὶ
1795 760 1936 831 ύπέρ

376 843 448 901 ὧν
489 849 882 919 βλασφημεῖται
932 847 992 899 τὸ
1023 847 1192 917 ὄνομα
1227 844 1321 898 τοῦ
1367 844 1524 898 Θεοῦ.
1574 845 1752 914 Μέχρι
1793 842 1938 904 τίνος

378 935 643 1003 χρήμασι,
668 931 996 1002 καῖτρυφῇ,
1032 931 1255 992 καὶτοῖς
1293 928 1473 991 ἀλλοις
1500 927 1663 997 ἐσμὲν
1692 926 1936 1000 προδεδο-

381 1017 529 1087 μένοι
556 1029 583 1057 ι
613 1016 877 1080 πάθεσιν;
926 1014 1271 1083 Ἀποστῶμεν
1294 1007 1386 1066 οὖν
1424 1011 1623 1065 λοιπόν.
1674 1011 1939 1063 Ἀκουσον

377 1101 430 1153 τί
460 1117 623 1169 φησιν
650 1101 678 1153 6
701 1100 983 1171 προφήτης
1011 1097 1137 1167 περί
1160 1112 1321 1149 τινων
1348 1096 1587 1165 ἀνοήτων
1608 1110 1622 1123 ·
1659 1091 1940 1161 Φάγωμεν

381 1182 477 1238 καί
516 1183 742 1251 πίωμεν
764 1199 779 1212 ·
807 1180 1017 1249 αὔριον
1046 1179 1156 1249 γὰρ
1199 1176 1684 1247 ἀποθνήσκομεν.
1728 1174 1853 1227 Ἐπὶ
1881 1171 1940 1225 δὲ

443 1363 470 1392 ⁸
495 1360 696 1425 Conjicit
737 1362 930 1411 Bolsius
965 1359 1310 1425 προδεδιμίνοι.

409 1486 2030 1515 _________________________

1382 316 1452 373 IN
1488 314 1802 374 JOANNEM
1839 313 2073 371 HOMIL.
2112 311 2407 369 LXXIllal.
2441 307 2661 367 LXXII.

2031 428 2143 484 τῶν
2160 428 2440 499 παρόντων
2460 426 2581 479 οὐδὲ
2601 422 2758 478 τοῦτο
2784 422 2927 478 ἔστιν
2949 422 3140 476 εἰπεῖν·
3163 417 3304 473 οὕτω
3328 417 3510 471 πολλοὶ
3541 419 3615 474 τὰ

2033 510 2142 563 τῶν
2168 509 2417 563 ἀπάντων
2457 506 2892 578 περιϐάλλονται.
2939 503 3093 556 Οὕτω
3123 502 3217 555 καὶ
3260 501 3442 564 αὐτοῖς
3471 502 3611 554 ὀνει-

2036 592 2195 656 δίζων
2224 592 2406 660 ἔλεγεν
2441 591 2470 643 6
2508 590 2816 659 προφήτης·
2871 585 2965 654 Mi]
2997 585 3270 651 οἰκήσετε
3304 585 3479 654 μόνοι
3508 584 3608 638 ἐπὶ

2038 674 2150 743 τῆς
2178 668 2323 745 τῆςς
2371 672 2461 725 Διδ
2502 671 2599 725 καὶ
2633 671 2845 724 δέδοικα
2894 671 2965 741 μή
3006 686 3058 722 τι
3088 668 3310 737 γένηται
3354 661 3613 737 χαλεπὸν⁹

3504 306 3613 364 590

2042 756 2137 811 καὶ
2164 752 2363 824 πολλήν
2386 751 2820 825 έπισπασώμεθα
2841 753 2940 823 τὴν
2965 751 3118 822 παρὰ
3150 750 3241 802 τοῦ
3273 747 3407 802 Θεοῦ
3439 761 3611 818 τιμω-

2044 838 2186 912 ρίαν.
2222 834 2400 912 Ὅπερ
2443 840 2529 893 ἵνα
2561 838 2637 909 μὴ
2678 836 2927 907 γένηται,
2974 834 3073 904 τῆς
3113 833 3310 902 ἀρετῆς
3339 830 3610 901 ἐπιμελῶς

2047 922 2186 995 μεθα
2216 919 2243 962 ll
2276 920 2479 991 πάσης,
2526 922 2616 975 ἵνα
2654 919 2884 974 καὶτῶν
2937 915 3231 987 μελλόντων
3271 913 3615 985 ἐπιτύχωμεν

2042 1006 2282 1076 ἀγαθῶν,
2311 1007 2492 1079 χάριτι
2521 1008 2616 1060 καὶ
2662 1003 3049 1079 φιλανθρωπίᾳ
3079 1002 3171 1054 τοῦ
3209 1000 3412 1069 Κυρίου

2055 1084 2227 1161 Ἰησοῦ
2259 1077 2514 1159 Χριστοῦ,
2548 1089 2615 1141 δι’
2640 1084 2698 1142 οὗ
2729 1088 2822 1140 καὶ
2850 1085 2966 1157 μεθ’
2994 1077 3054 1137 οὗ
3086 1083 3163 1153 τῷ
3196 1083 3369 1153 [la-:91
3406 1082 3610 1154 ήδόξα,

2044 1172 2160 1244 ἃμα
2188 1171 2265 1243 τῷ
2310 1171 2449 1240 ἀγίῳ
2494 1170 2811 1241 Πνεύματι,
2845 1169 2939 1223 νῦν
2968 1169 3062 1223 καῖ¹
3111 1167 3198 1222 ἀεὶ
3228 1168 3320 1220 καὶ
3365 1167 3444 1231 εἰς
3486 1166 3613 1230 τοὺς

2045 1260 2245 1324 αἰῶνας
2271 1260 2380 1312 τῶν
2404 1258 2634 1312 αἰώνων.
2674 1259 2731 1311 Ἀ
2742 1260 2867 1330 μήν.

2108 1351 2137 1391 δ
2163 1349 2364 1411 Quidam
2393 1351 2738 1412 ἐπιλαθώμεθα.

1708 1559 1857 1635 [ιεεη
1897 1558 2143 1624 omum
2174 1558 2294 1615 or'.

392 1662 563 1734 Λέγει
591 1656 1038 1734 Σίμωνρηέτρρς
1062 1673 1078 1690 ·
1114 1656 1316 1734 Ῑςύριε,
1339 1653 1457 1709 ποῦ
1488 1652 1767 1734 ᾗπᾴγεις;
1797 1656 1958 1734 ςΑπε-

464 1724 633 1800 κρίθη
656 1724 831 1795 ἀὐτῷ
864 1733 896 1783 ό
930 1724 1220 1800 Ἰησοῦς·
1252 1727 1442 1800 ’0πὲου
1476 1725 1682 1800 ὐπάῌγω
1716 1724 1849 1793 ἐγὼ,
1873 1725 1948 1800 ού

462 1793 724 1857 δύνασαί
768 1793 869 1868 ,ιιοι
909 1793 1028 1852 νῦν
1075 1795 1489 1865 ἀκολουθῆσαι
1518 1808 1535 1825 ·
1578 1796 1836 1863 ὕστερον
1878 1793 1952 1847 δὲ

464 1869 902 1933 ἀκολουθήσεις
931 1886 1045 1923 um.

452 1988 521 2043 α’.
539 1989 696 2058 Μέγα
712 1988 899 2057 ἀγάπη
921 1985 1103 2041 καλόν·
1126 1985 1297 2057 πυρός
1324 1986 1437 2038 ἐστι
1456 1985 1832 2057 σφοδρότερον,
1851 1982 1944 2038 καὶ

381 2071 517 2143 πρὸς
547 2072 708 2125 αὑτὸν
744 2070 916 2123 ἄνεισι
946 2068 1037 2122 τὸν
1082 2067 1337 2140 οὐρανόν·
1377 2070 1469 2121 καὶ
1501 2068 1651 2121 οὐδέν
1696 2070 1810 2121 ἐστι
1839 2067 1946 2121 κώ-

379 2156 524 2224 λυμα
548 2169 599 2217 ι,
648 2156 786 2225 ὅπερ
830 2152 1000 2222 αὐτῆς
1046 2150 1146 2222 τὴν
1198 2151 1450 2223 ῥαγδαῖον
1485 2152 1660 2224 ὁρμὴν
1704 2154 1945 2223 ἐπισχεῖν

379 2240 688 2309 δυνήσεται.
727 2238 785 2290 ὐ
813 2235 940 2305 γοῦν
968 2235 1296 2306 θερμότατος
1331 2235 1553 2305 Πέτρος,
1576 2232 1835 2299 ἀκούσας,
1861 2236 1944 2288 ὅτι

382 2321 574 2376 Ὅπου
597 2320 712 2391 ἐγὼ
732 2318 957 2388 ὑπάγω,
985 2318 1155 2388 ὑμεῖς
1172 2319 1243 2371 οὐ
1263 2317 1528 2370 δύνασθε
1543 2317 1762 2379 ἐλθεῖν,
1784 2319 1834 2371 τί
1861 2316 1949 2369 λέ-

376 2423 500 2475 γεις
526 2406 721 2472 Κύριε,
750 2403 867 2456 ποῦ
892 2400 1174 2472 mairem;
1199 2401 1369 2454 Τοῦτο
1394 2400 1450 2453 δέ
1480 2395 1653 2465 εἶπεν,
1678 2401 1775 2473 οὐχ
1802 2400 1945 2455 οὕτω

380 2489 571 2560 μαθεῖν
611 2486 952 2557 βουλόμενος,
985 2486 1060 2549 ὡς
1099 2483 1458 2553 ἀκολουθῆσαι
1493 2482 1795 2554 ἐπιθυμῶν.
1834 2485 1944 2537 Φα-

377 2570 550 2643 νερῶς
581 2571 678 2643 μὲν
707 2566 800 2624 οὖν
841 2572 1037 2632 εἰπεῖν,
1071 2570 1153 2622 ὅτι
1189 2569 1491 2640 Ἔρχομαι,
1532 2569 1632 2621 οὐκ
1680 2567 1944 2637 ἐτόλμησε

376 2657 543 2719 τέως·
574 2655 707 2726 φησὶ¹
726 2655 802 2716 δὲ,
832 2651 959 2707 Ποῦ
983 2650 1270 2722 ύπάγεις;
1301 2652 1358 2702 '0
1389 2650 1621 2720 Χριστὸς
1644 2650 1699 2703 δὲ
1719 2652 1779 2703 ού
1808 2650 1943 2723 πρὸς

377 2739 445 2793 τά
474 2739 716 2810 ῥήματα,
744 2736 879 2791 ἀλλά
902 2735 1037 2808 πρὸς
1063 2735 1161 2807 τὴν
1181 2734 1419 2788 διάνοιαν
1442 2733 1790 2805 ἀπεκρίνατο.
1819 2734 1943 2787 Ὅτι

376 2823 486 2893 γάρ
509 2821 665 2875 τοῦτο
690 2820 869 2891 ῆθελε,
899 2819 966 2872 δι’
988 2812 1061 2871 ὧν
1083 2819 1111 2870 6
1140 2818 1371 2889 Χριστὸς
1396 2813 1518 2869 εἶπε
1544 2818 1724 2887 δῆλον.
1750 2817 1814 2871 Τί
1834 2818 1943 2890 γάρ

377 2922 574 2977 φησιν;
610 2905 803 2959 Ὅπου
845 2902 961 2973 ἐγὼ
994 2899 1226 2971 ὑπάγω,
1273 2901 1345 2954 οὐ
1394 2899 1658 2954 δύνασαί
1683 2917 1783 2970 μοι
1826 2901 1945 2955 νῦν

377 2987 803 3055 ἀκολουθῆσαι.
844 2986 1006 3056 Ὁρᾷς
1042 2985 1122 3037 ὅτι
1158 2983 1220 3036 τὸ
1260 2983 1617 3054 ἀκολουθῆσαι
1664 2984 1941 3049 ἐπεπόθει,

378 3073 472 3125 καὶ
500 3070 587 3125 διὰ
617 3070 773 3123 τοῦτο
805 3070 1019 3141 ἐρωτᾷς
1061 3065 1324 3129 ’Δκούσας
1355 3066 1431 3132 δὲ,
1466 3067 1549 3121 ὅτι
1593 3066 1943 3135 Ἀκολουθή-

377 3169 510 3222 σεις
534 3154 812 3221 ὕστερον,
843 3151 963 3206 ούδέ
998 3150 1140 3204 οὕτω
1165 3149 1255 3203 τὸν
1281 3148 1442 3203 πόθον
1474 3152 1692 3220 κατεῖχε
1715 3165 1731 3182 ·
1762 3150 1943 3205 καίτοι

377 3239 619 3311 χρηστὰς
662 3236 880 3300 ἐλπίδας
927 3234 1142 3300 λαϐὼν,
1177 3233 1289 3287 ἀλλ’
1324 3232 1496 3297 οὕτως
1545 3235 1822 3303 ἐπείγεται
1865 3234 1940 3299 ὡς

378 3325 571 3385 εἰπεῖν,
603 3321 763 3376 Διατί
796 3322 866 3376 οὐ
900 3318 1159 3389 δύναμαί
1197 3334 1297 3373 σοι
1333 3318 1451 3372 νῦν
1490 3318 1900 3388 ἀκολουθῆσαι
1920 3336 1943 3386 ;

382 3405 502 3476 Τὴν
546 3405 758 3476 ψυχήν
800 3422 919 3475 μου
959 3402 1112 3471 ὑπὲρ
1159 3402 1275 3457 σοῦ
1326 3402 1515 3472 θήσω.
1584 3402 1804 3476 Ἐπειδὴ
1834 3404 1945 3476 γὰρ

377 3489 704 3543 ἀπεσείσατο
738 3489 828 3542 τὸν
866 3487 1031 3556 φόϐον
1060 3486 1161 3556 τῆς
1193 3486 1511 3557 προδοσίας,
1544 3488 1639 3541 καὶ
1666 3487 1776 3541 τῶν
1813 3505 1945 3559 γνη-

380 3573 508 3626 σίων
535 3573 706 3641 ἐφάνη
728 3571 821 3624 καὶ
846 3568 1005 3633 αὐτὸς
1032 3568 1128 3632 ὢν,
1159 3569 1295 3640 μετά
1322 3568 1633 3641 παρρησίας
1652 3569 1718 3623 δι’
1747 3569 1942 3624 ἑαυτοῦ

375 3654 560 3709 λοιπὸν
581 3655 761 3727 ἐρωτᾷ
778 3653 885 3707 τῶν
911 3652 1086 3706 ἀλλων
1112 3652 1408 3722 σιγώντων.
1439 3653 1504 3707 Τί
1524 3653 1720 3723 λέγεις,
1745 3655 1940 3727 Πέτρες

376 3733 550 3801 εἶπεν,
578 3738 659 3791 ὃτι
688 3740 769 3791 Οὐ
795 3736 1070 3790 δύνασαι·
1108 3736 1203 3790 καὶ
1234 3736 1297 3789 σὺ
1328 3734 1524 3804 λέγεις,
1561 3738 1641 3791 ὅτι
1662 3738 1938 3809 Δύναμαι;

376 3819 581 3876 οὐκοῦν
620 3820 741 3892 είσῃ
787 3819 874 3873 διά
918 3823 1017 3893 τῆς
1056 3821 1253 3891 πείρας
1284 3820 1485 3891 αὐτῆς,
1526 3821 1606 3874 ὅτι
1649 3822 1799 3876 οὐδέν
1843 3821 1937 3876 σού

376 3905 523 3959 ἐστιν
566 3905 598 3974 ή
642 3904 851 3975 ἀγάπη,
898 3905 972 3975 μὴ
1012 3904 1112 3975 τῆς
1161 3904 1368 3959 ἀνωθεν
1413 3904 1694 3975 παρούσης
1745 3906 1938 3977 ῥοπῆς.

379 3986 540 4041 Ὅθεν
564 3986 737 4055 δῆλον.
763 3988 847 4040 ὅτι
874 3986 1049 4039 καὶτὸ
1076 3984 1274 4057 πτῶμα
1302 3988 1495 4051 ἐκεῖνο,
1525 3985 1690 4041 αὑτοῦ
1716 3987 1943 4058 κηδόμε-

376 4085 463 4132 νος
517 4069 910 4140 στντχώρησεν.
958 4068 1238 4122 Ἐϐούλετο
1280 4068 1378 4138 μὲν
1421 4068 1531 4139 γάρ
1575 4070 1671 4122 καὶ
1709 4068 1797 4122 διά
1831 4069 1941 4122 τῶν

373 4166 607 4223 manu»;
645 4150 968 4204 παιδεῦσαι·
1016 4150 1201 4221 ἐπειδὴ
1238 4151 1296 4204 δὲ
1327 4150 1559 4218 ἐπέμενε
1600 4154 1665 4221 τῇ
1712 4151 1939 4223 σφοδρό-

372 4249 515 4305 τητι,
547 4233 709 4296 αὐτὸς
757 4234 853 4304 μὲν
880 4234 979 4286 οὑκ
1016 4232 1266 4286 ἐνέόαλεν
1298 4232 1480 4296 αὐτὸν,
1516 4232 1638 4285 οὔτε
1676 4227 1816 4286 ὦσεν
1848 4236 1941 4289 ἐπὶ

372 4316 471 4384 τὴν
507 4315 752 4386 ἄρνησιν,
782 4317 930 4370 είασε
956 4316 1014 4370 δέ
1045 4316 1273 4388 ἔρημον,
1296 4314 1435 4368 ὥστε
1473 4315 1661 4383 μαθεῖν
1691 4315 1789 4386 τὴν
1816 4316 1941 4369 ἐαυ-

373 4397 465 4450 τοῦ
490 4398 788 4453 ἀσθένειαν.
814 4395 998 4464 Εἶπεν,
1030 4387 1111 4453 ὅτι
1139 4398 1219 4452 δεῖ
1240 4387 1629 4468 παραδοθῆναι,
1654 4399 1747 4450 καὶ
1769 4398 1935 4468 λέγει·

375 4479 570 4546 Ἵλεώς
586 4497 704 4534 σοι·
733 4480 903 4550 οὐμὴ
926 4480 1095 4535 ἔσται
1114 4498 1211 4535 σοι
1237 4481 1430 4535 τοῦτο.
1467 4479 1822 4551 Ἐπετιμήθη.
1844 4482 1938 4535 καὶ

373 4564 472 4615 οὐκ
500 4562 794 4633 ἐπαιδεύθη
817 4579 831 4594 ·
863 4562 997 4616 ἀλλά
1021 4563 1203 4627 πάλιν,
1232 4562 1553 4633 βουλομένου
1581 4562 1675 4615 τοῦ
1701 4562 1936 4634 Χριστοῦ

373 4645 522 4713 νίψαι
554 4645 717 4700 αὐτοῦ
749 4646 873 4708 τοὺς
909 4645 1107 4710 πόδας,
1144 4644 1326 4713 φησίν·
1368 4646 1450 4698 Οὐ
1477 4644 1562 4713 μὴ
1605 4646 1794 4714 νίψῃς
1819 4664 1939 4714 μου

372 4730 513 4795 τοὺς
553 4729 741 4795 πόδας
764 4729 793 4768 ι)
825 4730 912 4794 είς
939 4728 1047 4780 τὸν
1077 4728 1279 4783 αἰῶνα.
1340 4726 1604 4791 Ἀκούσας
1632 4729 1794 4783 πάλιν
1813 4771 1827 4793 ,
1856 4730 1937 4783 ὅτι

377 4814 457 4865 Οὺ
509 4811 768 4867 δύνασαί
804 4828 905 4880 μοι
943 4809 1060 4864 νῦν
1107 4810 1534 4878 ἀκολουθῆσαι,
1585 4811 1765 4878 λέγει·
1812 4811 1939 4866 Κᾶν

371 4894 593 4960 πάντες
624 4894 1023 4962 ἀρνήσωνται,
1066 4891 1180 4961 ἐγὼ
1225 4895 1333 4947 οὐκ
1371 4894 1729 4963 ἀρνήσομαι.
1785 4894 1940 4948 Ἐπεὶ⁸

372 4973 463 5029 οὖν
510 4977 655 5039 εἰκὸς
690 4972 757 5046 ἦν
793 4975 954 5029 αὑτὸν
983 4978 1076 5028 καὶ
1109 4977 1185 5038 εἰς
1220 4976 1474 5029 ἀπόνοιαν
1506 4978 1739 5048 ἀρθῆναι
1783 4978 1939 5050 μελε-

371 5060 549 5114 τῶντα
568 5057 869 5126 ἀντιλέγειν
895 5058 1065 5127 αύτῷ,
1092 5057 1335 5110 παιδεύει
1361 5058 1546 5112 λοιπὸν
1565 5062 1724 5114 αὑτὸν
1751 5062 1825 5133 μὴ
1846 5062 1939 5114 ἀν-

371 5145 661 5197 τιπίπτειν.
698 5140 866 5194 Τοῦτο
906 5140 1036 5208 γοῦν
1084 5141 1177 5194 καὶ
1218 5142 1246 5194 ό
1288 5144 1500 5205 Λουκᾶς
1550 5145 1934 5214 αἰνιττόμενος,

371 5228 529 5280 αὐτόν
558 5243 721 5295 φησιν
756 5223 1053 5295 εἰρηκέναι,
1083 5222 1190 5277 Καὶ
1215 5222 1327 5292 ἐγὼ
1353 5224 1610 5294 ἐδεήθην
1642 5225 1775 5295 περὶ
1798 5228 1934 5289 σοῦ,

372 5311 470 5363 ἵνα
494 5308 579 5378 μὴ
619 5310 865 5377 ἐκλείπῃ
898 5308 936 5373 ἠ
978 5309 1183 5373 πίστις
1224 5323 1359 5361 σου·
1398 5310 1691 5372 τουτέστιν,
1735 5298 1820 5363 ῖνα
1859 5310 1937 5382 μὴ

371 5394 452 5454 εἰς
477 5391 628 5455 τέλος
655 5390 827 5461 ἀπόλῃ
847 5407 862 5421 ·
884 5389 971 5443 διὰ
996 5390 1211 5442 πάντων
1248 5390 1746 5461 ταπεινοφροσύνην
1775 5392 1937 5446 αὑτὸν

370 5473 655 5534 διδάσκων,
695 5475 787 5525 καὶ
822 5473 919 5543 τὴν
955 5472 1296 5543 ἀνθρωπίνην
1327 5471 1564 5541 ἐλέγχων
1596 5473 1757 5543 φύσιν
1784 5474 1936 5529 οὐδὲν

369 5557 539 5627 αὐτὴν
565 5555 685 5609 καθ’
708 5556 905 5623 ἐαυτὴν
925 5551 1110 5609 οὖσαν.
1151 5555 1363 5626 Ἐπειδὴ
1377 5555 1529 5627 γάρή
1556 5556 1724 5627 πολλὴ
1744 5556 1935 5628 ἀγάπη

369 5638 705 5707 άντιλογικὺν
733 5637 892 5690 αὑτὸν
914 5638 1155 5708 ἐποίησε,
1183 5638 1505 5708 σωφρονίζει
1532 5638 1716 5693 λοιπὸν
1742 5640 1927 5704 αὐτὸν,

370 5722 457 5775 ἵνα
487 5723 559 5793 μὴ
584 5723 677 5775 καὶ
702 5724 759 5774 ἐν
787 5724 898 5785 τοῖς
927 5723 1063 5788 μετά
1083 5721 1256 5776 ταῦτα
1277 5722 1434 5775 τοῦτο
1460 5722 1607 5793 πάθη
1627 5761 1640 5784 ,
1676 5722 1802 5774 ὅταν
1832 5722 1933 5792 τῆς

369 5805 518 5877 [450]
558 5804 882 5873 οἰκουμένης
928 5804 1027 5872 τὴν
1072 5804 1382 5875 οἰκονομίαν
1428 5805 1771 5875 ἀναδέξηται·
1814 5805 1931 5858 ἀλλ’

429 5908 459 5940 ι
479 5904 632 5974 ςενιι,
888 5897 1144 5974 καιιπυρὸς
1367 5895 1934 5974 σροδρὸτερφῗνῗοιξραο

365 5971 446 6018 νόν
470 5983 480 5993 ·
514 5968 595 6015 καὶ
631 5958 765 6013 οὐδέν
788 5958 887 6011 ἐστι
914 5958 1125 6017 κώλυμα.
1197 5958 1224 5994 ι’
1247 5960 1341 6020 ῥίίῆ
1364 5958 1419 6006 οὗ
1446 5958 1509 6020 μή
1531 5958 1744 6013 ποιήσεις
1763 5958 1851 6005 τοῦ

373 6037 396 6065 ο
426 6035 522 6081 Vox
565 6028 715 6085 καιρῷ
750 6028 953 6073 accessu
976 6021 1192 6071 aSavil.
1245 6018 1371 6068 Em:-

2062 1655 2146 1707 ἴνα
2174 1647 2714 1719 ἀναμιμνῃσκόμενος
2739 1642 2814 1700 ὧν
2837 1647 3033 1700 ἔπαθεν
3056 1647 3390 1719 ὲπιγινώσκῃ
3412 1650 3619 1702 ἑαυτόν.

2057 1735 2167 1787 Καὶ
2205 1734 2306 1803 ὅρα
2329 1729 2665 1801 σφοδρότητα
2690 1728 2996 1798 πτώματος.
3022 1731 3095 1783 Ού
3120 1730 3229 1800 γάρ
3254 1730 3400 1793 ἅπαξ
3427 1733 3519 1783 καὶ
3540 1732 3623 1794 δὶς

2053 1815 2211 1869 τοῦτο
2228 1814 2451 1877 ἔπαθεν,
2471 1812 2584 1867 ἀλλ’
2604 1811 2774 1875 οὕτως
2789 1813 3003 1882 ἐξέστη,
3019 1812 3093 1874 ὡς
3115 1814 3180 1865 ἐν
3195 1815 3387 1882 βραχεῖ
3401 1814 3577 1885 καιρῷ
3594 1824 3622 1854 ι

2058 1900 2248 1970 ’τρίτον
2275 1902 2450 1953 εἰπεῖν
2491 1899 2553 1952 τὸ
2600 1902 2754 1972 ῥῆμα
2776 1900 2838 1954 τὸ
2865 1901 2965 1970 τῆς
3010 1901 3308 1971 ἀρνήσεως·
3346 1901 3431 1953 ἵνα
3463 1902 3630 1973 μάθῃ,

2062 1981 2143 2034 ὅτι
2175 1982 2273 2052 οὐχ
2309 1981 2482 2045 οὕτως
2522 1982 2830 2052 ἠγάπησεν,
2863 1982 2939 2046 ὡς
2967 1984 3249 2054 ἠγαπήθη.
3304 1983 3442 2036 Ἀλλ’
3481 1983 3631 2055 ὅμως

2062 2063 2144 2136 τῷ
2180 2064 2326 2118 οὕτω
2371 2065 2589 2118 πεσόντι
2621 2065 2784 2120 πάλιν
2830 2065 3015 2137 λέγει·
3071 2065 3323 2137 Ἀταπᾷς
3342 2083 3419 2136 με
3442 2067 3634 2121 πλέον

2061 2149 2315 2213 τούτων;
2372 2146 2561 2213 Οὕτως
2617 2148 2717 2202 οὐκ
2774 2148 2882 2202 ἀπὸ
2936 2148 3187 2218 ψύξεως,
3255 2149 3371 2203 ἀλλ’
3408 2151 3472 2202 ἐκ
3533 2143 3633 2202 τοῦ

2059 2232 2413 2302 γυμνωθῆναι
2456 2232 2558 2301 τῆς
2595 2231 2802 2286 ἀνωθεν
2850 2232 3103 2303 βοηθείας
3136 2232 3347 2301 γέγονε.
3386 2234 3498 2304 Τὴν
3533 2234 3635 2303 μὲν

2059 2311 2152 2368 οὖν
2178 2315 2397 2386 ἀγάπην
2434 2314 2755 2385 ἀποδέχεται
2783 2314 2873 2369 τοῦ
2900 2315 3126 2386 Πέτρου,
3156 2316 3252 2385 τὴν
3282 2316 3338 2373 δὲ
3367 2315 3427 2381 ἐξ
3459 2316 3632 2385 αὐτῆς

2058 2397 2382 2469 τικτομένην
2419 2397 2726 2467 ἀντιλογίαν
2771 2399 3113 2470 περικόπτει.
3150 2400 3211 2451 Εἰ
3250 2401 3357 2471 γάρ
3387 2400 3633 2469 ἀγαπᾷς,

2058 2480 2290 2549 ὀφείλεις
2314 2480 2392 2552 τῷ
2417 2480 2756 2552 ἠγαπημένῳ
2790 2480 3093 2535 πείθεσθαι.
3134 2477 3269 2535 Είπε
3297 2484 3391 2535 καὶ
3424 2483 3506 2534 σοὶ
3537 2482 3633 2535 καὶ

2057 2567 2170 2629 τοῖς
2222 2566 2360 2635 μετά
2405 2564 2523 2627 σού,
2568 2566 2651 2619 Οὐ
2690 2564 2985 2619 δύνασαι·
3029 2565 3083 2618 τί
3132 2566 3483 2636 φιλονεικεῖςς
3530 2564 3633 2619 οὐκ

2057 2646 2203 2715 οἶδας
2231 2651 2284 2705 τί
2310 2652 2438 2706 ποτέ
2467 2654 2612 2705 ἐστιν
2642 2652 3010 2724 ἀπαγόρευσις
3036 2652 3208 2720 Θεοῦ;
3245 2653 3461 2724 Ἐπειδὴ
3487 2652 3543 2704 δέ
3572 2652 3632 2705 ἐν

2056 2737 2231 2807 τούτῳ
2257 2736 2445 2808 μαθεῖν
2474 2737 2534 2790 ού
2565 2735 2740 2800 θέλεις
2762 2737 2842 2790 ὃτι
2863 2736 2960 2807 οὐχ
2987 2731 3097 2789 οἷόν
3124 2754 3183 2790 τε
3213 2738 3287 2809 μὴ
3322 2735 3573 2805 γενέσθαι
3600 2736 3631 2788 6

2056 2819 2233 2889 λέγω,
2274 2824 2331 2873 ἐν
2360 2823 2424 2890 τῇ
2466 2820 2692 2891 ἀρνήσει
2734 2818 2866 2874 αὐτὸ
2914 2819 3180 2893 μαθήσῃά
3210 2837 3225 2851 ·
3272 2821 3446 2873 καίτοι
3491 2818 3628 2873 πολύ

2060 2919 2141 2957 σοι
2168 2902 2324 2956 τοῦτο
2348 2903 2469 2956 τότε
2501 2902 2858 2972 ἀπιστότερον
2884 2903 3153 2972 ἐφαίνετο.
3186 2903 3354 2957 Τοῦτο
3396 2904 3493 2974 μὲν
3519 2902 3629 2974 γάρ

2056 2989 2177 3043 ούδέ
2206 2986 2354 3059 ᾔδεις
2377 3004 2391 3018 ·
2427 2986 2637 3040 ἐκείνου
2666 2987 2723 3040 δὲ
2757 2988 2856 3058 τὴν
2904 2986 3104 3055 γνῶσιν
3142 2998 3165 3026 ο
3204 2988 3367 3051 αὐτὸς
3401 2983 3545 3057 εἶχες
3570 2989 3630 3039 ὲν

2055 3074 2122 3143 τῇ
2149 3070 2316 3141 ψυχῇ·
2362 3068 2476 3124 ἀλλ’
2508 3070 2658 3141 ὅμως
2695 3069 2903 3138 ἐγίνετο
2951 3069 3012 3123 τὸ
3061 3070 3197 3142 μηδέ
3234 3069 3625 3141 προσδοκηθέν.

2059 3156 2179 3224 Τὴν
2206 3153 2419 3225 ψυχήν
2457 3172 2578 3224 μου
2614 3152 2765 3221 ὑπὲρ
2801 3151 2919 3207 σοῦ
2956 3152 3143 3220 θήσω.
3201 3152 3417 3222 Ἐπειδὴ
3453 3150 3473 3191 ΐ
3517 3152 3629 3223 γάρ

2052 3239 2307 3311 ἧκουσεν,
2349 3238 2430 3291 ὅτι
2486 3236 2709 3308 μείζονα
2752 3236 2959 3307 ταύτης
2999 3237 3221 3306 ἀγάπην
3271 3235 3445 3303 ούδεὶς
3487 3234 3625 3305 ἔχει,

2056 3320 2399 3393 ἐπεπήδησεν
2436 3320 2659 3387 εὐθέως,
2702 3320 2998 3390 ἀκόρεστος
3042 3319 3119 3372 ὢν
3161 3317 3396 3372 καὶτῶν
3440 3316 3629 3389 ἄκρων

2056 3405 2396 3475 ἐφικνεῖσθαι
2440 3404 2781 3475 βουλόμενος.
2817 3402 2956 3456 Ἀλλ’
3008 3404 3036 3457 6
3093 3402 3362 3475 Χριστὸς,
3413 3401 3631 3466 δεικνὺς

2054 3487 2136 3541 ὅτι
2168 3486 2335 3541 αὑτοῦ
2382 3487 2543 3561 μόνου
2590 3487 2707 3541 ἐστὶ
2738 3486 2912 3540 ταῦτα
2954 3485 3091 3556 μετά
3125 3485 3410 3547 αύθεντίας
3450 3487 3627 3553 ἐπαγ-

2061 3570 2354 3639 γέλλεσθαι,
2379 3571 2532 3640 φησί·
2554 3571 2699 3639 Πρὶν
2719 3570 3015 3637 ἀλέκτορα
3034 3567 3329 3638 φωνῆσαι·
3353 3568 3623 3632 τουτέστι,
3694 3608 3703 3619 .

2051 3652 2166 3708 νῦν.
2195 3654 2329 3707 Οὐδὲ
2356 3654 2465 3725 γὰρ
2489 3649 2557 3724 ἦν
2592 3653 2726 3706 πολὺ
2765 3653 2826 3706 τὸ
2860 3652 3137 3723 διάστημα
3157 3668 3170 3682 ·
3213 3653 3353 3721 ἀωρί
3377 3651 3485 3721 γάρ
3513 3652 3629 3703 τῶν

2050 3739 2261 3791 νυκτῶν
2290 3738 2577 3806 διελέγετο,
2609 3738 2702 3791 καὶ
2726 3737 2916 3808 πρώτη
2945 3739 3038 3791 καὶ
3063 3737 3291 3807 δευτέρα
3315 3732 3383 3807 ῆν
3406 3736 3625 3807 φυλακὴ

2048 3820 2348 3876 διελθοῦσα.
2378 3822 2476 3889 Μὴ
2505 3819 2902 3890 ταρασσέσθω
2925 3818 3093 3890 ὑμῶν
3123 3819 3162 3887 ἡ
3190 3817 3422 3888 καρδία.
3449 3819 3627 3873 Τοῦτο

2047 3904 2219 3974 λέγει,
2269 3905 2457 3976 ἐπειδή
2505 3905 2651 3968 εἰκὸς
2688 3899 2756 3975 ἦν
2800 3904 2998 3967 αὐτοὺς
3044 3903 3383 3966 ἀκούσαντας
3421 3905 3620 3973 ταράτ-

2046 3987 2255 4042 τεσθαι.
2293 3988 2354 4039 Εἰ
2384 3986 2492 4058 γάρ
2527 3989 2557 4040 6
2586 3989 2881 4058 κορυφαῖος
2921 3988 3015 4040 καὶ
3044 3986 3186 4040 οὕτω
3209 3986 3466 4056 διάπυρος
3513 3986 3625 4055 πρό

2047 4070 2231 4141 φωνῆς
2259 4068 2551 4139 ἀλέκτορος
2577 4069 2698 4141 τρίς
2732 4069 3144 4140 ἀπαρνήσεσθαι
3179 4070 3381 4139 ἢκουσε
3400 4084 3412 4097 ·
3445 4068 3620 4139 μεγάεο

2045 4153 2146 4223 λην
2169 4154 2292 4206 τινὰ
2318 4152 2621 4223 προσδοκᾷν
2649 4153 2845 4216 αὐτοὺς
2865 4153 3185 4223 περίστασιν
3216 4150 3617 4222 ὑποστήσεσθαι

2046 4236 2192 4302 εἰκὸς
2233 4232 2322 4308 ἦν,
2358 4236 2545 4307 ἱκανὴν
2589 4237 2683 4289 καὶ
2719 4236 2817 4300 τὰς
2860 4237 3255 4308 ἀδαμαντίνους
3288 4236 3617 4306 περιτρέψαι

2043 4318 2241 4390 ψυχάς.
2276 4320 2429 4372 Ἐπεί
2447 4314 2540 4371 οὖν
2564 4318 2737 4372 ταῦτα
2763 4319 3141 4389 λογιζομένους
3169 4318 3313 4380 εἰκὸς
3334 4314 3400 4390 ἦν
3420 4318 3621 4380 αὐτοὺς

2045 4403 2139 4455 καὶ
2175 4403 2460 4473 ἐκστῆναι,
2507 4403 2609 4473 ὅρα
2654 4399 2772 4466 πῶς
2811 4404 3007 4464 αὐτοὺς
3049 4400 3476 4472 παραμυθεῖται,
3513 4401 3617 4467 Μὴ

2044 4483 2433 4552 ταρασσέσθω
2452 4483 2616 4554 ὑμῶν
2636 4487 2673 4554 ἠ
2696 4485 2927 4554 καρδία,
2948 4485 3142 4553 λέγων·
3167 4484 3339 4554 τούτῳ
3363 4483 3562 4556 πρώτῳ
3585 4484 3620 4526 τ

2042 4566 2143 4637 τῆς
2175 4566 2422 4637 θεότητος
2461 4567 2622 4621 αὐτοῦ
2654 4569 2753 4638 τὴν
2789 4567 3018 4637 δύναμιν
3054 4567 3460 4636 ἐνδεικνύμενος
3483 4608 3499 4632 ,
3530 4568 3614 4621 ὅτι

2040 4649 2078 4705 6.
2104 4651 2246 4704 κατὰ
2273 4651 2451 4722 ψυχὴν
2480 4647 2626 4722 εἶχον
2647 4693 2661 4715 ,
2690 4652 2865 4707 ταῦτα
2896 4649 3003 4705 οἶδε
3033 4653 3127 4705 καὶ
3156 4653 3239 4713 εἰς
3271 4650 3433 4719 μέσον
3464 4651 3613 4719 ἄγει.

2041 4735 2359 4788 Πιστεύετε
2396 4737 2483 4800 εἰς
2514 4736 2622 4787 τὸν
2671 4736 2838 4801 Θεὸν,
2881 4733 2980 4789 καί
3016 4736 3104 4799 είς
3131 4732 3236 4803 ἐμὲ
3264 4733 3611 4787 πιστεύετε·

2041 4816 2306 4879 τουτέστι,
2341 4819 2517 4870 πάντα
2552 4817 2944 4889 παρελεύσεται
2972 4818 3041 4871 τά
3072 4816 3241 4870 δεινά.
3284 4816 3350 4869 Ἦ
3383 4815 3492 4889 γάρ
3532 4816 3615 4880 εἰς

2043 4898 2143 4969 ἐμὲ
2194 4900 2373 4962 πίστις
2425 4900 2518 4952 καὶ
2568 4900 2655 4966 τρν
2704 4900 3069 4971 γεγεννηκότα
3114 4900 3454 4969 δυνατωτέρα
3502 4897 3614 4951 τῶν

2043 4982 2301 5035 ἐπιόντων
2330 4981 2476 5047 ἐστὶ,
2500 4985 2594 5036 καὶ
2623 4983 2772 5036 ούδέν
2801 4985 2950 5036 ἐάσει
2980 4983 3249 5053 κρατῆσαι
3282 4981 3388 5035 τῶν
3415 4982 3610 5051 δυσχε-

2044 5066 2169 5137 ρῶν.
2209 5061 2341 5119 Εἶτα
2380 5067 2608 5134 ἐπάγει·
2650 5066 2751 5120 Ἐν
2786 5064 2859 5133 τῇ
2898 5067 3053 5132 οἰκίᾳ
3094 5065 3198 5118 τοῦ
3239 5066 3467 5131 Πατρός
3488 5082 3610 5132 μου

2040 5150 2213 5220 μοναὶ
2256 5149 2482 5203 πολλαί
2521 5150 2698 5203 εἰσιν.
2743 5150 2951 5220 Ὥσπερ
2991 5149 3082 5201 τὸν
3130 5149 3334 5219 Πέτρον
3378 5147 3608 5201 ἀλύοντα

2039 5234 2437 5305 παραμυθεῖται
2490 5232 2664 5302 λέγων
2688 5248 2702 5263 ·
2744 5232 3195 5299 Ἀκολουθήσεις
3221 5232 3289 5285 δὲ
3315 5232 3571 5298 ὕστερον
3588 5247 3605 5263 ·

2037 5317 2179 5370 οὕτω
2208 5317 2297 5371 καὶ
2322 5316 2531 5379 τούτοις
2566 5315 2769 5386 ταύτην
2794 5316 2893 5385 τὴν
2923 5316 3112 5369 ἐλπίδα
3146 5316 3453 5383 ὑποφαίνει.
3486 5316 3608 5370 Ἵνα

2037 5399 2145 5471 γὰρ
2187 5400 2259 5469 μὴ
2294 5400 2584 5470 νομίσωσιν
2624 5400 2818 5468 ἐκείνῳ
2857 5400 3004 5470 μόνῳ
3039 5400 3133 5469 τὴν
3162 5398 3496 5466 ἐπαγγελίαν
3519 5398 3606 5450 δε-

2035 5482 2240 5545 δόσθαι,
2273 5481 2466 5551 φησίν·
2518 5483 2620 5535 Ἔν
2652 5480 2727 5550 τῇ
2759 5484 2915 5549 οίκίᾳ
2953 5482 3058 5535 τοῦ
3089 5482 3316 5548 Πατρός
3350 5498 3468 5550 μου
3498 5497 3599 5550 μοι

2035 5566 2130 5619 ναὶ
2169 5565 2391 5618 πολλαί
2437 5566 2614 5619 εἰσιν.
2642 5567 2711 5618 Εἰ
2737 5565 2806 5617 δέ
2832 5565 2921 5634 μὴ
2945 5604 2960 5626 ,
2995 5561 3166 5618 εἷπον·
3199 5564 3276 5618 ἂν
3301 5564 3463 5633 ὑμῖν,
3493 5567 3607 5618 Πο-

2031 5648 2279 5715 ρεύομαι
2304 5648 2331 5687 h
2362 5645 2671 5716 ἑτοιμάσαι
2695 5648 2882 5701 τόπον
2908 5647 3070 5718 ὑμῖν·
3088 5648 3382 5714 τουτέστιν,
3411 5646 3493 5700 ὃτι
3511 5646 3609 5700 καὶ

2040 5731 2182 5801 ὑμᾶς
2227 5731 2430 5791 ἐκεῖνος
2479 5730 2509 5782 6
2556 5729 2733 5800 χῶρος
2782 5729 2993 5797 δέξεται
3030 5732 3059 5783 6
3101 5728 3196 5782 καὶ
3241 5729 3334 5784 τὸν
3377 5730 3601 5798 Πέτρον.

2112 5825 2140 5864 ά
2187 5826 2283 5876 Alil
2312 5827 2427 5875 αὐτὸ
2450 5829 2570 5889 elo-g7.
2646 5831 2670 5857 "
2693 5827 2786 5877 Alii
2811 5829 2867 5877 τὸ
2890 5828 3116 5885 συνειδὸς.
3141 5830 3293 5878 Paulo
3316 5834 3426 5884 post
3445 5828 3614 5878 Morel.

2049 5889 2496 5953 μήλπροσδοκηθὲνε
2538 5888 2565 5925 τ
2594 5889 2764 5953 Morel.
2789 5890 3056 5953 ἐπειδήπερ.
3124 5892 3619 5953 ειηιοτρτεείρεὶεδο

2045 5950 2241 5997 videtur
2261 5949 2414 6022 τούτῳ
2437 5951 2507 6021 τῷ
2533 5951 2715 6023 τρόπῳ,
2733 5949 3120 6023 «ποί-νοτιὶιίίιος
3139 5949 3312 6023 βοείοξ
3339 5952 3442 6023 δρα,
3456 5949 3619 6003 omnia

2044 6014 2344 6073 exemparia
2388 6012 2542 6075 τούτῳ
2568 6012 2756 6075 πρώτῳ
2825 6012 3025 6065 habent.
3094 6012 3265 6068 n'Alii
3302 6013 3616 6078 πορεύσομαι.
