4100 6362
509 341 614 395 ειη

516 449 772 520 Ἀφθονία
801 452 909 523 7&9
952 453 1070 506 ἐκεῖ
1108 454 1275 525 πολλὴ
1305 453 1665 523 καταγωγίων
1683 493 1701 518 ,
1731 452 1826 506 καὶ
1861 451 1961 505 ούκ
1989 449 2072 502 ἐνι

503 536 681 587 είπεῖν
706 536 788 589 ὅτι
819 537 1133 608 ἐτοιμασίας
1160 537 1347 593 δεῖται.
1399 538 1615 609 Ἐπειδὴ
1647 538 1755 609 γὰρ
1778 532 1949 600 εἶπεν,
1986 537 2072 591 Οὐ

503 615 769 697 δύνααθέ
794 634 895 685 μοι
932 616 1048 669 νῦν
1087 618 1519 691 ἀκολουθῆσαι,
1548 626 1635 679 ἵνα
1679 626 1753 691 μὴ
1782 626 2074 697 νομίσωσιν

502 698 585 759 εἰς
619 696 771 760 τέλος
803 698 1169 768 ἐκκεκόφθαι,
1199 702 1474 775 ἐπήγαγεν
1494 720 1520 749 α
1539 723 1554 739 ·
1583 708 1732 773 Ἵνα,
1771 696 1923 763 ὀπου
1966 705 2079 775 ἐγώ

501 782 639 846 ειμι,
677 778 775 832 καί
810 782 979 849 ὑμεῖς
1004 783 1129 836 ἐκεῖ
1161 780 1285 853 ἦτε.
1314 787 1591 861 Τοσαύτην
1623 792 1763 863 ὑπὲρ
1796 791 1888 845 τοῦ
1934 791 2075 863 πρά-

501 878 711 931 γματος
748 863 937 917 τούτου
980 868 1286 939 πεποίημαι
1325 871 1424 942 τὴν
1455 876 1725 946 σπουδὴν,
1754 876 1835 928 ὃτι
1864 876 1963 946 ήδη
2012 875 2083 928 ἂν

501 947 691 999 τούτου
719 947 1008 1017 ἐγενόμην,
1042 951 1090 1002 εί
1126 953 1202 1022 μὴ
1239 953 1406 1008 πάλαι
1438 955 1588 1029 [451]
1612 960 1739 1029 ύμῖν
1771 956 2079 1028 παρεσκεύ-

500 1046 666 1095 αστο,
712 1031 925 1095 δεικνὺς
966 1034 1047 1087 ὅτι
1088 1035 1293 1109 σφῶρα
1331 1039 1529 1105 αὐτοὺς
1566 1042 1671 1113 χρὴ
1710 1040 1934 1113 θαρρεῖν
1981 1040 2081 1095 καῒ

500 1114 842 1168 πεποιθέναι.

572 1195 640 1265 β’.
671 1193 801 1249 Εἶτα
834 1197 920 1251 ἵνα
954 1199 1028 1271 μή
1047 1199 1171 1273 δόξῃ
1187 1200 1375 1275 ὥσπερ
1396 1205 1736 1275 ψυχαγωγῶν
1761 1206 1958 1269 αὐτοὺς
1990 1206 2079 1260 λέ-

498 1296 638 1349 γειν,
702 1282 838 1335 ἀλλά
891 1284 1253 1339 πιστεύσωσιν
1290 1288 1373 1340 ὅτι
1420 1288 1591 1353 οὕτως
1634 1291 1813 1353 ἐστὶν,
1850 1291 2074 1358 ἐπάγει·

498 1365 607 1417 Καὶ
648 1364 800 1419 ὅπου
829 1366 1038 1436 ὑπάγω
1081 1368 1313 1437 οῖδατε,
1362 1372 1461 1425 καὶ
1506 1372 1621 1440 τὴν
1670 1372 1814 1425 όδὺν
1852 1372 2071 1429 οἴδατε.

509 1447 672 1518 Ὁρᾷς
703 1449 819 1513 πῶς
840 1449 1056 1503 δίδωσιν
1091 1452 1276 1516 αὐτοῖς
1307 1454 1583 1521 ἀπόδειξιν
1629 1454 1723 1508 τοῦ
1775 1456 1850 1526 μὴ
1890 1455 2074 1520 ἁπλῶς

494 1531 669 1584 ταῦτα
702 1532 990 1604 είρῆσθαι;
1024 1533 1194 1587 Τοῦτο
1224 1536 1280 1589 δέ
1304 1536 1451 1604 λέγει
1479 1538 1529 1602 ι’,
1562 1538 1682 1590 ἐπεὶ
1706 1538 1942 1592 συνεῖδεν
1972 1539 2072 1591 αὑ-

494 1614 604 1667 τῶν
636 1617 733 1685 τὴν
778 1615 952 1687 ψυχὴν
997 1615 1155 1670 τοῦτο
1188 1617 1374 1671 λοιπὸν
1419 1619 1689 1690 ζητοῦσαν
1741 1620 1954 1691 μαθεῖν.
2010 1622 2070 1675 Ὀ

498 1697 598 1767 μὲν
639 1699 748 1769 γὰρ
782 1699 985 1769 Πέτρος
1024 1701 1121 1771 οὐχ
1178 1702 1317 1773 ὑπὲρ
1361 1702 1455 1755 τοῦ
1509 1703 1719 1774 μαθεῖν,
1768 1703 1883 1756 ἀλλ’
1930 1703 2071 1759 ὥστε

493 1780 875 1850 ἀκολουθῆσαι,
908 1782 1091 1850 ἔλεγεν
1121 1784 1257 1855 ὅπερ
1294 1784 1500 1852 ἔλεγεν.
1544 1785 1765 1856 Ἐπειδὴ
1803 1786 1859 1839 δὲ
1890 1787 2072 1840 ἐπετι-

495 1863 643 1935 μήθη
682 1866 909 1931 ἐκεῖνος,
943 1868 1037 1919 καὶ
1066 1866 1097 1919 ὃ
1123 1867 1261 1931 τέως
1289 1868 1550 1923 ἀδύνατον
1584 1868 1759 1922 ἐδόκει
1788 1865 1943 1931 εἶναι,
1974 1869 2069 1922 δυ-

492 1948 652 1999 νατὸν
681 1948 840 2011 αὐτὸς
861 1950 1180 2020 ἀπεφήνατο
1207 1962 1255 2017 ε,
1278 1951 1537 2005 ἀδύνατον
1560 1952 1617 2005 δέ
1638 1952 1822 2021 φανὲν,
1844 1955 1925 2015 είς
1948 1955 2053 2007 ἐπιο

493 2028 693 2101 θυμίαν
715 2033 874 2085 αὐτὸν
907 2034 1082 2104 ήγαγε
1107 2032 1199 2086 τοῦ
1222 2035 1426 2103 γνῶναι
1450 2034 1588 2105 μετὰ
1607 2034 1893 2106 ἀκριϐείας
1914 2035 2064 2089 αύτό·

491 2114 583 2169 διὰ
606 2115 762 2168 τοῦτο
782 2115 991 2181 τούτοις
1015 2116 1167 2187 φησί·
1187 2118 1296 2172 Καὶ
1313 2117 1428 2185 τὴν
1447 2117 1593 2172 ὀδόν
1608 2118 1827 2172 οῖδατε.
1857 2119 2067 2189 ’Ὠσπερ

490 2198 601 2270 γάρ
625 2197 815 2265 εἰπὼν,
850 2200 1190 2270 Ἄπαρνήσῃ
1219 2217 1319 2270 με,
1346 2200 1575 2271 μηδενὸς
1600 2201 1770 2271 μηδὲν
1800 2201 2069 2271 προφθεγ-

492 2280 755 2353 ξαμένου,
794 2284 889 2337 καὶ
932 2284 1001 2336 τά
1044 2284 1103 2337 ἐν
1146 2286 1212 2355 τῇ
1260 2284 1457 2355 καρδία
1488 2284 1724 2354 ἐρευνῶν
1757 2284 1931 2353 ἔλεγε,
1966 2284 2063 2355 Πὴ

488 2358 874 2433 ταράττεσθε·
898 2365 1039 2419 οὓτω
1069 2367 1163 2420 καὶ
1193 2365 1427 2420 ἐνταῦθα
1460 2366 1650 2430 είπὼν,
1690 2368 1770 2421 ὅτι
1816 2367 2025 2422 Οἴδατε
2045 2410 2060 2434 ,

487 2446 585 2519 τὴν
610 2448 906 2521 ἐπιθυμίαν
944 2448 1131 2520 ἐδήλου
1162 2447 1259 2519 τὴν
1295 2450 1354 2501 ἐν
1392 2452 1458 2520 τῇ
1489 2449 1698 2521 διανοίᾳ
1727 2450 1934 2517 αὐτῶν,
1972 2452 2066 2506 καὶ

487 2531 649 2595 αὐτὸς
681 2533 863 2595 αὐτοῖς
898 2531 1079 2585 δίδωσι
1125 2533 1397 2603 πρόφασιν
1427 2532 1521 2586 τοῦ
1550 2533 1845 2604 ἐρωτῆσαι.
1880 2532 1952 2586 Τὸ
1982 2534 2061 2599 δέ,

488 2615 613 2670 Ποῦ
634 2614 883 2685 ὑπάγεις
905 2633 924 2681 ;
951 2616 1157 2687 Πέτρος
1180 2616 1279 2687 μὲν
1300 2616 1407 2670 ἀπὸ
1435 2615 1811 2689 φιλοστοργίας
1835 2617 2061 2688 πολλῆς,

485 2700 687 2769 Θωμᾶς
704 2698 761 2751 δὲ
782 2699 889 2752 ἀπὸ
907 2697 1108 2763 δειλίας
1127 2698 1294 2768 λέγει.
1320 2700 1518 2767 Κύριε,
1547 2701 1656 2753 οὐκ
1678 2698 1923 2769 οἴδαμεν
1941 2698 2061 2754 ποῦ

484 2782 756 2852 ὑπάγεις.
797 2780 901 2835 Τὸν
928 2782 1092 2836 τόπον
1120 2783 1221 2835 οὐκ
1254 2783 1431 2853 ἴσμεν,
1464 2782 1631 2853 φησί·
1663 2782 1761 2835 καὶ
1801 2782 1916 2849 τὴν
1939 2782 2070 2837 ἐκεῖ

484 2867 795 2936 φέρουσαν
822 2865 967 2921 ὁδὸν
998 2865 1124 2933 πῶς
1151 2868 1431 2935 εἰσόμεθα
1443 2882 1463 2929 ;
1504 2866 1610 2919 Καὶ
1642 2865 1745 2937 ὅρα
1786 2865 1904 2935 μεθ’
1928 2866 2057 2937 ὅσης

487 2949 812 3019 ὑποστολῆς.
838 2950 911 3003 Ού
935 2949 1042 3021 γάρ
1072 2947 1245 3014 εἶπεν,
1268 2950 1405 3003 Είπέ
1434 2951 1565 3021 ἡμῖν
1595 2949 1686 3003 τὸν
1711 2949 1893 3003 τόπον⁸
1919 2950 2057 3016 ἀλλ’,

488 3036 609 3087 οὑκ
632 3033 878 3102 οῖδαμεν
892 3035 1009 3088 ποῦ
1040 3033 1308 3103 ὑπάγεις.
1334 3032 1503 3087 Τοῦτο
1530 3034 1640 3106 γὰρ
1668 3034 1834 3087 πάλαι
1857 3031 2083 3101 πάντες’

487 3118 683 3189 μαθεῖν
707 3117 913 3171 ὥδινον.
944 3117 1004 3171 Εἰ
1025 3118 1134 3189 7&9
1168 3117 1406 3170 Ἰουδαῖοι
1427 3117 1718 3188 διηπόρουν
1744 3117 2056 3182 ἀκούοντες,

483 3200 661 3256 καίτοι
685 3219 749 3271 γε
770 3201 1147 3271 ἀπαλλαγῆναι
1166 3200 1329 3254 αὑτοῦ
1360 3201 1693 3271 βουλόμενοι,
1720 3200 1901 3271 πολλῷ
1930 3202 2059 3271 μᾶλ-

482 3283 574 3338 λον
597 3286 648 3339 οί
678 3286 946 3357 μηδέποτε
974 3285 1137 3338 αὐτοῦ
1162 3284 1495 3356 χωρισθῆναι
1520 3283 1832 3354 βουλόμενοι
1862 3284 2057 3354 μαθεῖν

482 3368 692 3438 ήθελον.
744 3368 1134 3422 Ἐδεδοίκεισαν
1183 3369 1281 3438 μὲν
1321 3362 1415 3421 οῦν
1462 3366 1625 3420 αὑτὸν
1678 3366 1952 3438 ἐρωτῆσαι
1982 3371 2053 3431 ε’,

482 3451 730 3522 θρωτῶσι
773 3450 832 3504 δὲ
867 3452 1048 3521 ὅμως,
1080 3450 1187 3504 ἀπό
1232 3467 1295 3504 τε
1343 3450 1439 3504 τοῦ
1476 3448 1672 3505 πολλοῦ
1699 3449 1725 3489 ά
1764 3449 1929 3503 πόθου
1961 3451 2057 3504 καί⁵

480 3535 580 3607 τῆς
613 3535 868 3603 ἀγωνίας.
903 3534 967 3589 Τί
991 3530 1085 3587 οὖν
1122 3536 1150 3587 0
1178 3534 1444 3605 Χριστός;
1493 3532 1633 3603 Ἐγώ
1680 3535 1798 3603 είμι
1836 3533 1875 3600 ἠ
1915 3534 2056 3601 όδές

480 3620 581 3673 καί
619 3620 657 3687 ή
688 3618 939 3683 ἀλήθεια
968 3618 1065 3671 καί
1094 3617 1132 3685 ἡ
1166 3617 1300 3686 ζωή.
1327 3617 1539 3683 Οὐδεὶς
1576 3618 1826 3671 δύναται
1855 3616 2056 3672 ἐλθεῖν

478 3702 627 3769 πρὸς
670 3702 779 3755 τὸν
810 3705 1059 3769 Πατέρα,
1088 3703 1142 3755 εί
1174 3698 1259 3770 μὴ
1299 3701 1373 3755 δι’
1405 3701 1571 3770 ἐμοῦ.
1606 3700 1671 3754 Τί
1702 3696 1794 3754 οὖν
1825 3701 1927 3753 οὐκ
1964 3701 2055 3753 εύ-

480 3784 616 3849 θέως
660 3784 957 3857 ἐρωτηθεὶς
1005 3784 1160 3855 παρά
1186 3784 1282 3838 τοῦ
1318 3783 1558 3853 Πέτρου,
1591 3783 1717 3838 Ποῦ
1765 3784 2051 3853 ὑπάγεις;

478 3865 649 3933 εἶπεν,
707 3868 848 3938 Ἐγὼ
884 3868 1019 3940 πρὸς
1048 3868 1139 3921 τὸν
1169 3868 1389 3937 Πατέρα
1426 3867 1767 3938 πορεύομαι·
1811 3868 1966 3938 ὑμεῖς
1994 3868 2054 3921 δέ

476 3953 539 4006 ού
572 3951 799 4006 δύνασθε
827 3950 1001 4005 ἐλθεῖν
1034 3950 1129 4005 νῦν
1152 3968 1167 3983 ·
1206 3949 1343 4005 ἀλλά
1378 3951 1648 4004 τοσούτων
1681 3951 1932 4004 ἐνέϐαλεν
1964 3951 2025 4004 λό

475 4054 587 4107 γων
622 4037 890 4109 περίοδον,
926 4036 1225 4107 ἐρωτήσεις
1268 4035 1362 4087 καὶ
1394 4034 1714 4105 ἀποκρίσεις
1744 4035 2045 4102 συντιθείς;

489 4122 759 4186 Ἰουδαίοις
791 4121 888 4192 μὲν
917 4120 1026 4191 γάρ
1059 4118 1281 4183 είκότως
1310 4117 1467 4171 τοῦτο
1489 4120 1589 4172 οὐκ
1625 4118 1777 4186 ἔλεγε
1797 4134 1811 4149 ·
1838 4117 2049 4184 τούτοις

473 4206 531 4259 δέ
571 4205 746 4272 διατί;
784 4200 919 4258 Εἷπε
973 4203 1073 4274 μὲν
1116 4201 1212 4255 καὶ
1240 4202 1449 4265 τούτοις
1479 4202 1575 4255 καὶ
1629 4201 1927 4267 Ἰουδαίοις,
1962 4203 2047 4257 ὅτι

474 4290 538 4342 ἐκ
567 4288 659 4341 τοῦ
691 4286 826 4341 Θεοῦ
861 4286 1071 4357 ἐξῆλθε,
1107 4278 1202 4339 καὶ
1232 4285 1368 4357 πρὸς
1396 4284 1488 4337 τὸν
1521 4284 1654 4338 Θεὸν
1686 4285 1917 4355 ὑπάγει·
1950 4287 2047 4341 καὶ

472 4371 568 4425 νῦν
593 4372 650 4424 δέ
679 4370 809 4423 αὐτὸ
836 4369 983 4438 λέγει
1006 4367 1336 4439 σαφέστερον
1363 4367 1397 4438 ἧ
1424 4367 1706 4440 πρότερον.
1734 4369 1944 4434 Ἀλλως
1962 4370 2042 4434 δὲ,

472 4455 567 4507 καὶ
609 4454 883 4517 Ἰουδαίοις
920 4454 1018 4523 μέν
1052 4452 1236 4520 σαφῶς
1272 4449 1445 4513 οὕτως
1489 4452 1588 4504 ούκ
1625 4446 1801 4506 εἶπεν.
1843 4452 1906 4506 El
1934 4453 2044 4523 7&9

470 4533 642 4597 εἶπεν.
672 4537 753 4591 ὃτι
773 4538 847 4591 Ού
874 4535 1101 4591 δύνασθε
1134 4534 1269 4607 πρὸς
1301 4533 1392 4587 τὸν
1424 4533 1642 4605 Πατέρα
1666 4534 1859 4600 ἐλθεῖν,
1889 4537 1937 4588 εί
1965 4537 2043 4606 μὴ

469 4622 536 4674 δι’
583 4621 717 4692 ἐμοῦ
745 4632 791 4689 ο,
842 4619 1043 4683 εὐθέως
1086 4618 1153 4672 ἂν
1185 4616 1353 4685 τῦφον
1381 4616 1442 4671 τὸ
1482 4618 1718 4689 πρᾶγμα
1761 4618 2039 4689 ἐνόμισαν·

468 4705 563 4759 νῦν
584 4705 642 4758 δέ
669 4704 1015 4775 ἀποκρύψας,
1038 4703 1117 4765 είς
1140 4701 1381 4769 ἀγωνίαν
1410 4700 1608 4765 αὐτοὺς
1631 4701 1902 4756 ἐνέϐαλεν.
1932 4702 2043 4756 Καὶ

466 4793 579 4853 τοῖς
616 4788 885 4860 μαθηταῖς
909 4788 967 4841 δέ
995 4787 1139 4851 τίνος
1169 4785 1354 4839 ἕνεκεν
1382 4784 1556 4848 οὕτως
1587 4780 1730 4851 εἶπε,
1764 4786 1919 4855 φησὶ,
1946 4787 2041 4840 καὶ

464 4872 543 4943 τῷ
577 4873 795 4941 [lsi-:90»;
832 4870 985 4943 ᾜδει
1022 4870 1185 4923 αὐτοῦ
1214 4867 1413 4939 πολλὴν
1444 4868 1779 4939 προθυμίαν,
1826 4869 1920 4922 καὶ
1957 4870 2039 4923 δτι

467 4956 671 5027 μᾶλλον
696 4954 944 5009 ἐντεῦθεν
973 4954 1307 5008 ἐπικείσεται
1337 4951 1587 5022 ἐνοχλῶν.
1619 4953 1781 5005 Ὥστε
1810 4948 1903 5005 οῦν
1940 4954 2037 5006 αύ-

462 5042 554 5093 τὸν
580 5040 920 5107 ἀπαγαγεῖν,
958 5037 1208 5109 κρύπτει.
1238 5035 1602 5104 Κατορθώσας
1630 5035 1686 5089 δέ
1713 5036 1847 5107 ὅπερ
1881 5036 2038 5089 ἐϐού-

461 5124 585 5177 λετο
625 5123 715 5177 διά
756 5126 857 5193 τῆς
898 5121 1166 5189 ἀσαφείας
1212 5120 1306 5173 καὶ
1349 5118 1443 5173 τοῦ
1483 5119 1689 5191 κρύψαι
1731 5119 1820 5173 τὸν
1853 5119 2033 5187 λόγον,

464 5208 623 5262 πάλιν
658 5207 789 5260 αὐτὸ
813 5204 1169 5259 ἐκκαλύπτει.

532 5290 715 5345 Εἰπὼν
744 5289 873 5361 γὰρ,
909 5290 992 5341 ὅτι
1026 5287 1219 5340 Ὅπου
1254 5284 1391 5354 εἰμὶ,
1426 5284 1624 5350 οὐδεὶς
1652 5284 1901 5338 δύναται
1939 5285 2035 5339 ἐλ-

460 5375 606 5439 θεῖν,
638 5365 948 5443 ἐπήγαγεν·
992 5370 1088 5423 Ἐν
1113 5367 1187 5436 τῇ
1212 5369 1367 5434 οἰκίᾳ
1392 5368 1497 5420 τοῦ
1527 5369 1755 5435 Πατρός
1782 5386 1901 5437 μου
1921 5386 2031 5437 μο-

458 5459 557 5512 ναί
585 5458 810 5511 πολλαί
841 5457 991 5509 εισι·
1026 5454 1121 5507 καὶ
1153 5452 1335 5515 πάλιν,
1366 5450 1576 5516 Οὐδεὶς
1616 5452 1848 5519 ἔρχεται
1882 5452 2031 5518 πρὸς

460 5543 567 5595 τὸν
593 5540 844 5607 Πατέρα,
860 5542 913 5593 εὶ
931 5537 1017 5608 μὴ
1041 5537 1114 5590 δι’
1145 5535 1313 5605 ἐμοῦ.
1344 5536 1515 5587 Τοῦτο
1539 5530 1632 5588 οῦν
1650 5534 1750 5587 οὐκ
1779 5533 2029 5587 ἐϐούλετο

462 5628 641 5688 αὐτοῖς
676 5628 824 5696 παρὰ
852 5627 950 5695 τὴν
981 5623 1155 5695 ἀρχὴν
1184 5624 1378 5683 εἰπεῖν,
1415 5619 1556 5673 ὥστε
1593 5620 1667 5690 μὴ
1700 5622 1779 5683 εἰς
1807 5619 2029 5685 πλείονα

461 5708 698 5778 ἀθυμίαν
720 5708 994 5776 ἐμϐαλεῖν·
1010 5705 1195 5776 ἐπειδὴ
1216 5705 1271 5758 δὲ
1293 5704 1487 5766 αὐτοὺς
1504 5701 2026 5775 κατεπράϋνε,[452]

531 5831 563 5899 '_
593 5829 761 5899 ξιον-ει.
813 5833 1111 5899 ἐκκεκόφθαι,
1140 5832 1417 5899 τῶο-εἶπε
1454 5836 1536 5899 καὶ
1562 5836 1738 5899 ἐπάγει.
1805 5837 1834 5878 ιτ
1857 5836 2027 5887 Morel.

468 5890 701 5953 εἰρῆσθαγ
743 5893 891 5953 ἐκεῖνο
913 5896 963 5943 δὲ
996 5890 1149 5943 εἶπεν.
1218 5898 1239 5925 ε
1273 5895 1442 5944 Morel.
1472 5890 1673 5952 ἔδειξεν.’
1724 5900 1771 5931 (³⁸
1802 5902 2032 5953 Additum

468 5949 923 6054 ἐρωτῆσαιεευγίι.
953 5953 1083 6002 Eon.
1148 5953 1176 5991 δ
1201 5956 1296 6003 Alii
1317 5957 1410 6003 ὑπὸ
1431 5957 1517 6006 τοῦ
1532 5949 1731 6013 πολλοῦ.
1800 5949 1840 6007 δ’
1871 5949 2030 6013 Verba

469 6024 491 6054 ι
551 6012 616 6054 wh
655 6014 714 6054 δι’
745 6027 861 6054 Inoa
905 6025 1215 6054 nominarunt
1266 6033 1295 6054 ιι
1343 6018 1468 6054 ειη-ιι
1523 6022 1634 6054 Rm-

469 6012 509 6056 εἰ
551 6012 616 6069 μὴ
655 6014 714 6057 δι’
745 6012 861 6072 ἐμοῦ
905 6025 1220 6065 accesserunt
1266 6033 1295 6064 υ
1342 6018 1486 6067 sam.
1520 6022 1652 6073 Enn.

1192 343 1248 398 s.
1283 340 1568 402 JOANNIS
1602 320 2085 405 cnmsosfom
2114 344 2434 401 ARCHIEP.
2470 330 3025 402 CONSTKNTINOP.

2172 454 2291 508 τότε
2314 450 2481 519 λέγει.
2521 450 2656 503 Ἀπὸ
2681 448 2792 518 γὰρ
2813 449 2914 518 τῆς
2933 446 3301 517 ἐπιτιμήσεως
3326 440 3422 496 τοῦ
3445 442 3649 513 Πέτρου
3676 443 3738 496 τὸ

2170 536 2306 589 πολὺ
2335 538 2437 608 τῆς
2456 537 2694 608 ἀθυμίας
2716 537 2965 603 ἐξέϐαλεν
2992 535 3036 598 ί,
3064 540 3141 600 είς
3170 536 3334 605 φόϐον
3371 554 3432 591 τε
3467 538 3741 607 ἐμπεσόν-

2168 634 2259 682 τες
2294 620 2501 689 μήποτε
2532 621 2599 674 τὰ
2640 620 2781 674 αύτά
2817 620 3122 682 ἀκούσωσι,
3160 620 3571 673 κατεστέλλοντο
3605 624 3741 692 μᾶλο

2169 698 2280 755 λον.
2320 701 2465 771 Ἐγώ
2489 704 2605 772 ειμι
2636 704 2675 770 ἠ
2704 702 2863 770 ὁδός.
2898 703 3067 756 Τοῦτο
3091 701 3360 766 ἀπόδειξις
3383 702 3497 766 τοῦ,
3529 704 3738 770 οὐδεὶς

2167 783 2400 852 ἔρχεται
2427 788 2477 840 εὶ
2503 786 2590 855 μὴ
2622 786 2697 840 δι’
2728 786 2873 856 ἐμοῦ
2894 802 2909 817 ·
2950 786 3010 839 τὸ
3040 786 3120 849 δέ,
3154 787 3263 839 Καὶ
3298 784 3545 852 ἀλήθεια
3572 788 3669 840 καὶ
3696 788 3736 856 ἠ

2168 864 2301 935 ζωὴ,
2334 868 2449 932 τοῦ,
2472 870 2555 922 ὅτι
2577 870 2793 932 πάντως
2820 869 2993 922 ταῦτα
3012 869 3185 941 ἐσται.
3215 869 3379 922 οὐδὲν
3408 870 3587 923 τοίνυν
3608 872 3735 941 παρ’

2167 951 2301 1021 ἐμοῦ
2324 952 2537 1021 ψεῦδος,
2573 955 2620 1006 εί
2650 953 2911 1023 ἀλήθεια·
2947 940 3015 1005 ει
3033 952 3091 1006 δι
3116 953 3209 1007 καὶ
3246 953 3379 1023 ζωὴ.
3421 952 3547 1006 οὔτε
3573 940 3737 1019 αὐτὸς

2166 1037 2195 1088 ὁ
2231 1034 2460 1101 θάνατος
2499 1038 2643 1108 ὑμᾶς
2687 1036 2929 1092 κωλῦσαι
2969 1038 3255 1108 δυνήσεται
3298 1037 3491 1095 ἐλθεῖν.
3528 1039 3737 1105 ’Δλλως

2166 1116 2244 1179 δέ,
2268 1120 2315 1172 εί
2347 1120 2390 1158 ί·
2422 1118 2569 1190 Ἐγώ
2593 1126 2709 1190 ειμι
2734 1122 2774 1188 ἡ
2797 1120 2955 1185 ὁδὸς,
2978 1121 3038 1173 οὐ
3064 1120 3320 1191 δεήσεσθε
3348 1121 3442 1174 τοῦ
3472 1133 3738 1193 χειραγω-

2165 1201 2389 1269 γοῦντος
2407 1219 2421 1232 ·
2446 1207 2494 1257 εί
2513 1204 2571 1257 δέ
2595 1205 2691 1257 καὶ
2711 1206 2744 1274 ἠ
2767 1202 3014 1274 ἀλήθεια,
3043 1204 3105 1256 ού
3135 1203 3328 1272 ψεῦδος
3349 1203 3420 1256 τά
3440 1205 3730 1275 λεγόμενα·

2166 1287 2215 1338 εί
2238 1286 2296 1340 δέ
2321 1287 2417 1340 καὶ
2440 1287 2576 1357 ζωὴ,
2602 1288 2704 1342 κᾶν
2738 1288 3065 1359 ἀποθάνητε,
3100 1287 3353 1352 τεύξεσθε
3383 1288 3491 1341 τῶν
3516 1290 3736 1360 εἰρημέ-

2165 1387 2291 1423 νων.
2330 1371 2402 1423 Τὸ
2436 1371 2534 1441 μὲν
2564 1367 2658 1424 οὖν
2705 1372 2803 1440 τῆς
2834 1371 2955 1424 ὁδοῦ
2988 1372 3083 1424 καὶ
3111 1372 3353 1442 συνῆκαν
3391 1373 3485 1426 καὶ
3520 1372 3732 1441 ὡμολό-

2164 1468 2340 1524 γησαν
2361 1471 2375 1483 ·
2403 1454 2474 1506 τὰ
2504 1454 2560 1508 δέ
2582 1454 2743 1507 λοιπά
2764 1454 2991 1523 ἠγνόουν
3016 1470 3028 1482 ·
3060 1454 3122 1507 οὐ
3154 1453 3259 1526 μὴν
3287 1454 3526 1525 ἐτόλμων
3558 1457 3731 1508 είπεῖν

2165 1536 2308 1608 ἅπερ
2339 1537 2587 1606 ἠγνόουν.
2639 1537 2776 1589 Ἀλλ’
2803 1538 2953 1608 ὅμως
2981 1538 3179 1608 πολλὴν
3222 1538 3331 1591 ἀπὸ
3361 1538 3458 1608 τῆς
3485 1538 3603 1593 ὀδοῦ
3632 1540 3731 1607 τὴν

2165 1620 2519 1691 παραμυθίαν
2574 1620 2784 1675 ἔλαϐον.
2836 1622 2897 1674 Εἰ
2935 1622 3112 1673 τοίνυν
3154 1619 3265 1690 ἐγὼ
3311 1620 3498 1692 κύριός
3538 1623 3653 1692 εἰμι
3681 1624 3729 1690 5,

2164 1703 2315 1773 φησὶ,
2346 1702 2439 1756 τοῦ
2475 1702 2613 1774 πρὸς
2639 1703 2729 1756 τὸν
2757 1704 2975 1774 Πατέρα
3020 1705 3277 1773 ἀγαγεῖν,
3313 1703 3529 1767 πάντως
3572 1703 3731 1774 ἥξετε

2162 1787 2299 1839 ἐκεῖ.
2336 1786 2468 1840 Ούδέ
2502 1786 2611 1856 γάρ
2656 1786 2802 1840 ἐστιν
2841 1786 3035 1858 ἐτέραν
3066 1786 3238 1840 ἐλθεῖν
3280 1786 3418 1841 ὁδόν.
3461 1787 3644 1840 Είπὼν
3674 1787 3731 1841 δὲ

2162 1869 2489 1941 ἔμπροσθεν,
2534 1869 2742 1936 Οὐδεὶς
2778 1870 3023 1923 δύναται
3060 1870 3261 1925 ἐλθεῖν
3297 1871 3446 1937 πρός
3479 1886 3574 1938 με,
3621 1870 3730 1924 ἐὰν

2155 1953 2243 2023 μὴ
2270 1956 2304 2008 ό
2343 1952 2545 2020 Πατὴρ
2578 1954 2808 2021 ἐλκύσῃ
2840 1954 3053 2007 αὐτόν·
3096 1954 3190 2006 καὶ
3218 1953 3401 2017 πάλιν,
3449 1952 3581 2007 Ἐὰν
3616 1953 3730 2021 ἐγὼ

2159 2037 2379 2106 ὑψωθῶ
2413 2038 2531 2092 ἀπὸ
2560 2035 2671 2106 τῆς
2695 2036 2826 2107 γῆς,
2859 2035 3089 2102 πάντας
3113 2036 3351 2090 ἑλκύσω
3379 2035 3527 2104 πρὸς
3548 2036 3728 2105 ἐμαυ-

2160 2122 2268 2177 τόν
2290 2135 2302 2148 ⁸
2337 2121 2429 2174 καὶ
2461 2120 2554 2175 νῦν
2582 2121 2764 2186 πάλιν,
2798 2119 3005 2186 Οὐδεὶς
3029 2120 3260 2189 ἔρχεται
3288 2119 3437 2186 πρὸς
3467 2119 3572 2172 τὸν
3608 2122 3729 2174 Πα-

2160 2189 2319 2269 τέρα,
2352 2203 2405 2254 εὶ
2426 2201 2512 2271 μὴ
2552 2200 2627 2255 δι’
2657 2200 2822 2271 ἐμοῦ,
2864 2201 3134 2253 δείκνυσιν
3165 2201 3278 2253 ῖσον
3314 2198 3506 2253 ἐαυτὸν
3532 2198 3609 2269 τῷ
3639 2216 3729 2269 γε·

2159 2285 2465 2356 γεννηκότι.
2486 2284 2611 2349 Πῶς
2632 2285 2689 2339 δέ
2718 2282 2910 2349 είπὼν,
2939 2285 3131 2338 Ὅπου
3154 2282 3360 2353 ὑπάγω
3380 2282 3601 2345 οἴδατε,
3628 2282 3727 2338 καί

2160 2366 2275 2437 τὴν
2305 2368 2449 2423 ὁδὸν
2472 2368 2690 2433 οἴδατε,
2722 2369 3003 2439 ἐπήγαγεν
3023 2385 3036 2398 ·
3066 2369 3135 2420 Et
3154 2366 3259 2436 ἐμὲ
3278 2365 3607 2436 ἐγνώκειτε,
3631 2365 3728 2420 καί

2158 2451 2267 2505 τὸν
2312 2451 2544 2520 Πατέρα
2564 2470 2683 2521 μου
2716 2449 3024 2521 ἐγνώκειτε
3056 2450 3153 2511 ἂν,
3196 2449 3291 2502 καὶ
3330 2449 3544 2519 ἀπάρτι
3586 2448 3731 2519 7rd»-

2159 2537 2345 2588 σεσθε
2373 2535 2579 2601 αὑτὸν,
2613 2535 2711 2588 καὶ
2747 2532 3041 2602 ἑωράκατε
3081 2534 3299 2598 αὑτόν;
3328 2533 3462 2604 Οὐχ)⁵
3494 2536 3729 2587 ἐναντιο-

2160 2616 2350 2685 λογῶν·
2378 2616 2576 2687 ᾔδεσαν
2606 2618 2702 2687 μὲν
2726 2619 2834 2687 γάρ
2864 2616 3044 2681 αὑτὸν,
3075 2617 3172 2685 οὐχ
3196 2614 3336 2669 οὕτω
3359 2616 3416 2669 δέ
3441 2616 3515 2679 ὡς
3540 2619 3722 2689 ἐχρῆν.

2159 2702 2293 2755 Θεὸν
2331 2701 2429 2771 μὲν
2461 2702 2568 2773 γάρ
2610 2700 2828 2772 ᾔδεσαν,
2860 2700 3080 2770 Πατέρα
3119 2700 3177 2753 δέ
3227 2700 3469 2753 οὐδέπω·
3504 2698 3727 2770 ὕστερον

2158 2784 2268 2855 γάρ
2290 2783 2351 2837 τὸ
2371 2783 2593 2855 Πνεῦμα
2617 2783 2864 2846 ἐπελθὸν,
2882 2785 3059 2836 πᾶσαν
3076 2784 3132 2835 ἐν
3153 2784 3336 2846 αὐτοῖς
3359 2782 3725 2836 κατεσκεύασε

2157 2867 2256 2939 τήν
2283 2868 2501 2937 γνῶσιν.
2544 2870 2608 2921 Ὃ
2654 2868 2712 2921 δὲ
2747 2867 2929 2937 λέγει,
2968 2866 3208 2921 τοιοῦτόν
3240 2868 3421 2920 ἐστιν·
3460 2865 3521 2920 Et
3549 2867 3727 2938 ᾔδειτε

2155 2951 2255 3023 τὴν
2282 2953 2420 3023 ἐμὴν
2446 2953 2634 3006 οὐσίαν
2676 2954 2770 3005 καὶ
2796 2953 2893 3023 τὴν
2921 2952 3099 3017 ἀξίαν,
3135 2950 3229 3003 καὶ
3266 2950 3363 3022 τὴν
3391 2949 3485 3004 τοῦ
3516 2951 3726 3022 Πατρὸς

2156 3036 2354 3109 ᾔδειτε.
2380 3038 2490 3090 Καὶ
2513 3035 2729 3106 ἀπάρτι
2757 3036 3062 3106 γνώσεσθε
3078 3034 3291 3098 αὑτὸν,
3314 3035 3409 3087 καὶ
3435 3034 3726 3102 ἑωράκατε

2156 3120 2344 3174 αὑτὸν
2368 3120 2448 3190 (τὸ
2477 3120 2578 3189 μὲν
2608 3120 2911 3191 μέλλοντος,
2934 3118 2993 3171 τὸ
3013 3118 3070 3170 δέ
3094 3118 3403 3187 παρόντος)·
3426 3118 3721 3182 τουτέστιν,

2155 3201 2222 3255 δι’
2255 3202 2411 3274 ἐμοῦ.
2454 3203 2613 3272 Ὀψιν
2643 3203 2699 3256 δέ
2729 3203 2873 3270 λέγει
2903 3203 3003 3263 τὴν
3037 3201 3177 3254 κατά
3221 3200 3459 3255 διάνοιαν
3500 3202 3719 3269 γνῶσιν.

2155 3283 2294 3349 Τοὺς
2343 3286 2441 3354 μὲν
2486 3286 2594 3357 γὰρ
2641 3286 2949 3357 ὁρωμένους
3001 3284 3275 3354 δυνάμεθα
3319 3285 3412 3337 καὶ
3454 3287 3585 3356 ὀρᾷν
3628 3284 3723 3338 καὶ

2155 3368 2389 3437 ἀγνοεῖν·
2424 3370 2548 3432 τοὺς
2581 3366 2639 3420 δέ
2673 3367 3107 3438 γινωσκομένους
3154 3368 3215 3420 ού
3248 3367 3521 3438 δυνάμεθα
3557 3366 3720 3436 γινώ-

2156 3468 2309 3504 σκειν
2337 3452 2431 3504 καὶ
2471 3452 2704 3520 ἀγνοεῖν.
2749 3451 2850 3504 Διά
2876 3450 3033 3504 τοῦτό
3078 3467 3244 3522 φησι·
3279 3451 3388 3505 Καὶ
3431 3449 3721 3520 ἑωράκατε

2152 3536 2367 3588 αὐτόν·
2412 3534 2601 3605 ὥσπερ
2640 3535 2825 3605 φησὶν,
2860 3535 3037 3605 Ὠφθη
3087 3534 3183 3589 καὶ
3219 3535 3489 3603 ἀγγέλοις.
3532 3534 3719 3587 Καίτοι

2152 3634 2216 3686 γε
2252 3618 2353 3672 ούκ
2378 3619 2515 3689 αὑτὴ
2545 3619 2579 3689 ή
2609 3618 2765 3670 οὐσία
2797 3616 2950 3689 ὤφθη
2973 3632 2985 3645 ·
3011 3618 3127 3671 ἀλλ’
3156 3619 3306 3688 ὅμως
3335 3618 3499 3690 φησὶν
3520 3611 3715 3687 ὦφθαι,

2150 3701 2350 3773 δηλαδὴ
2387 3701 2461 3765 ὡς
2490 3702 2718 3765 ἐκείνοις
2765 3702 2892 3755 ἰδεῖν
2921 3702 3168 3756 δυνατόν.
3200 3701 3357 3755 Οὕτω
3392 3702 3448 3755 δέ
3486 3703 3715 3773 εἴρηται,

2152 3785 2239 3838 ῖνα
2276 3785 2453 3855 μάθῃς
2484 3785 2566 3836 ὅτι
2604 3786 2633 3837 ό
2671 3784 2833 3837 αὐτὸν
2864 3785 2889 3823 h
2920 3783 3204 3856 ἑωρακὼς,
3232 3785 3324 3839 τὸν
3352 3786 3716 3857 γεγεννηκότα

2150 3864 2308 3920 οἶδεν.
2351 3866 2670 3920 Ἐθεάσαντο
2699 3866 2756 3919 δὲ
2786 3866 2947 3920 αὑτὸν
2969 3868 3028 3919 ού
3062 3870 3239 3939 γυμνῇ
3265 3870 3332 3940 τῇ
3361 3868 3540 3939 οὐσία,
3583 3867 3717 3922 ἀλλὰ

2152 3952 2330 4023 σάρκα
2356 3951 2837 4022 περιϐεϐλημένον.
2868 3948 2991 4004 Οἵδε
3019 3951 3075 4004 δέ
3102 3951 3336 4022 ἀλλαχοῦ
3360 3970 3452 4005 και
3474 3951 3571 4021 τὴν
3597 3951 3715 4021 ἂιαιν

2147 4038 2348 4106 γνῶσιν
2374 4035 2581 4105 λέγειν·
2616 4035 2690 4099 ὡς
2719 4036 2848 4088 ὃταν
2874 4032 3033 4108 λέγῃ,
3065 4036 3353 4104 Μακάριοι
3384 4038 3437 4090 οὶ
3475 4033 3715 4103 καθαροί

2147 4117 2223 4189 τῇ
2253 4119 2462 4188 καρδίᾳ
2492 4119 2579 4171 ὅτι
2610 4111 2778 4172 αὐτοὶ
2808 4116 2916 4171 τὸν
2945 4118 3091 4172 Θεὸν
3127 4118 3397 4187 ὄψονται.
3427 4118 3713 4191 Καθαροὺς

2145 4204 2224 4267 δέ,
2263 4204 2384 4274 οὐχὶ
2421 4202 2549 4266 τοὺς
2597 4202 2852 4273 πορνείας
2892 4200 3377 4272 ἀπηλλαγμένους,
3411 4201 3547 4255 ἀλλά
3590 4202 3712 4265 τοὺς

2145 4290 2363 4342 πάντων
2387 4286 2799 4358 ἁμαρτημάτων
2828 4286 2989 4356 φησί·
3024 4287 3174 4339 πᾶσα
3203 4284 3312 4358 γάρ
3346 4286 3589 4359 ἁμαρτία
3618 4285 3710 4358 ρύ-

2146 4390 2245 4427 πον
2275 4372 2516 4442 ἐντίθησι
2543 4373 2609 4442 τῇ
2632 4370 2800 4442 ψυχῇ.

2214 4456 2488 4527 γ’.Πάντα
2517 4456 2696 4509 τοίνυν
2721 4454 3073 4525 πράττωμεν,
3107 4452 3247 4507 ὥστε
3280 4452 3593 4525 ἀποσμῆξαι
3614 4451 3709 4524 τὴν

2145 4540 2440 4613 ῥυπαρίαν.
2480 4540 2814 4610 Ἀποσμήχει
2840 4537 2897 4591 δέ
2931 4538 3146 4608 πρῶτον
3172 4536 3234 4590 τὸ
3261 4535 3484 4607 λουτρόν
3503 4554 3516 4567 ·
3553 4535 3708 4588 ὓστε-

2144 4641 2237 4695 ρον
2274 4624 2329 4675 δέ
2362 4623 2456 4677 καὶ
2493 4621 2676 4691 ἐτεραι
2708 4621 2818 4676 ὁδοὶ
2844 4621 3035 4674 πολλαὶ
3062 4620 3154 4674 καὶ
3186 4619 3546 4675 παντοδαπαί.
3580 4618 3704 4671 Φιλ-

2141 4706 2427 4778 άνθρωπος
2464 4704 2573 4775 γάρ
2609 4703 2684 4757 ὣν
2723 4706 2753 4757 0
2798 4703 2929 4767 Θεὸς
2966 4706 3058 4758 καὶ
3115 4702 3255 4774 μετά
3297 4702 3473 4757 ταῦτα
3508 4702 3703 4755 ἔδωκεν

2139 4793 2273 4860 ἡμῖν
2308 4790 2460 4852 ὀδοὺς
2500 4786 2751 4858 ποικίλης
2784 4786 3136 4857 ἀπαλλαγῆς·
3176 4779 3250 4840 ὧν
3285 4784 3477 4859 πρώτη
3517 4784 3702 4840 πασῶν

2138 4874 2286 4927 ἐστιν
2332 4874 2365 4944 ή
2403 4870 2490 4925 διά
2518 4870 2618 4941 τῆς
2659 4868 3046 4941 ἐλεημοσύνης.
3108 4870 3526 4940 Ἐλεημοσύναις
3573 4868 3697 4937 γάρ,

2139 4956 2296 5027 φησὶ,
2330 4956 2422 5009 καὶ
2443 4954 2687 5007 πίστεσιν
2710 4952 3167 5022 ἀποκαθαίρονται
3191 4952 3477 5023 ἁμαρτίαι.
3521 4950 3701 5021 Ἐλεη-

2140 5040 2377 5113 μοσύνην
2408 5039 2465 5092 δέ
2493 5037 2555 5090 ού
2588 5038 2686 5106 τὴν
2723 5036 2783 5100 ἐξ
2810 5033 3022 5100 ἀδικίας
3054 5036 3195 5105 λέγω
3214 5052 3227 5066 ·
3263 5036 3421 5089 τοῦτο
3450 5034 3557 5107 γὰρ
3583 5034 3699 5087 ούδέ

2138 5126 2286 5200 [455]
2317 5123 2673 5195 ἐλεημοσύνη,
2709 5122 2822 5176 ἀλλ’
2849 5122 3066 5194 ὠμότης
3096 5122 3189 5175 καὶ
3219 5121 3602 5192 ἀπανθρωπία.
3636 5119 3701 5172 Τί

2136 5211 2244 5281 γὰρ
2297 5209 2488 5278 ὄφελος
2549 5207 2773 5261 ἐκδῦσαι
2813 5208 3034 5278 ἕτερον,
3080 5207 3174 5259 καὶ
3221 5205 3437 5259 ἐνδῦσαι
3478 5206 3695 5275 ἐτερον;

2148 5294 2280 5347 Ἀπὸ
2303 5294 2411 5363 γὰρ
2435 5292 2615 5345 οἴκτου
2644 5289 2738 5344 τοῦ
2770 5292 3089 5361 πράγματος
3117 5290 3379 5362 ἄρχεσθαι
3407 5290 3485 5343 δεῖ
3503 5308 3515 5319 ·
3542 5288 3699 5341 τοῦτο

2132 5378 2190 5431 δέ
2218 5376 2599 5447 ἀπανθρωπία.
2628 5372 2747 5427 Κᾶν
2777 5374 2886 5443 γὰρ
2915 5375 3095 5427 πάντα
3119 5373 3189 5425 τά
3217 5373 3343 5443 παρ’
3376 5373 3575 5439 ἐτέρων
3604 5370 3699 5423 δῶ-

2136 5478 2256 5531 μεν,
2290 5460 2441 5513 ούδέν
2472 5459 2663 5530 κέρδος
2699 5459 2851 5527 ἡμῖν.
2891 5458 3001 5511 Καὶ
3047 5457 3316 5509 δείκνυσιν
3349 5459 3378 5509 0
3411 5457 3693 5525 Ζακχαῖος,

2131 5546 2189 5605 ὃς
2213 5543 2337 5597 τότε
2364 5544 2563 5613 ἔφησεν
2591 5540 2924 5607 ἐξιλεοῦσθαι
2950 5542 3039 5594 τὸν
3072 5540 3223 5603 Θεὸν,
3250 5540 3370 5603 δοὺς
3400 5539 3508 5593 τῶν
3533 5542 3697 5606 ἀφαι-

2136 5628 2398 5697 ρεθέντων
2424 5623 2871 5696 τετραπλασίονα.
2915 5624 3105 5692 Ἡμεῖς
3133 5623 3190 5675 δὲ
3221 5623 3389 5693 μυρία.
3423 5622 3695 5692 ἁρπάζον-

2131 5727 2244 5772 τες,
2285 5710 2377 5762 καὶ
2407 5709 2561 5775 ὀλίγα
2591 5705 2853 5771 διδόντες,
2885 5706 3175 5776 νομίζομεν
3208 5705 3364 5758 ἵλεων
3397 5707 3569 5757 ποιεῖν
3606 5704 3695 5758 τὸν

2205 5828 2241 5895 ίλ
2270 5829 2367 5895 Alii
2405 5832 2639 5895 ἐξέκοψεν,
2662 5893 2667 5895 Α
2694 5836 2746 5895 et
2776 5835 2922 5894 paulo
2956 5841 3066 5895 post
3105 5841 3137 5895 ἡ
3174 5838 3283 5893 ὁδός
3303 5855 3315 5867 ⁸
3346 5841 3603 5895 τουτέστιν,
3625 5843 3699 5890 ὁτι

2135 5891 2197 5940 δι’
2225 5891 2341 6002 ἐμοῦ
2374 5891 2594 5955 ἔρχεσθε·
2626 5893 2681 5941 τὸ
2716 5891 2869 5941 δέθκαί
2889 5898 2919 5951 ἡ
2944 5891 3150 5958 ἀλήθεια,
3173 5901 3245 5948 ὅτι
3269 5891 3487 5958 -πάνεως,
3550 5891 3696 5951 τίθη

2136 5954 2248 6002 Savi
2275 5990 2286 6000 .
2339 5954 2521 6002 Aberat
2552 5955 2609 6002 εἰ.
2647 5955 2781 6002 Eon.
2849 5957 2874 5994 Β
2915 5958 3011 6002 Alli
3058 5960 3097 6002 εἰ
3134 5962 3222 6002 mia
3252 5962 3345 6002 ἐγὼ
3385 5962 3543 6002 animi):
3577 5966 3689 6002 ςῐυι-

2136 5954 2286 6027 ξεγῇιε
2325 5954 2521 6027 λΑυετμι
2552 5955 2609 6027 εί.
2647 5955 2801 6027 Egit."
2849 5957 2891 6027 Β.
2915 5958 3028 6027 Αίιὶ,
3058 5960 3097 6006 εί
3134 5954 3222 6024 γὰρ
3252 5962 3345 6022 ἐγὼ
3385 5954 3544 6025 κύριός
3577 5966 3717 6027 εἶμι..

2096 6074 2102 6079 ο
2137 6013 2164 6052 ιι
2190 6014 2283 6065 Alli
2322 6017 2529 6065 δυνατόν.
2558 6017 2747 6071 Δεικνὺς
2777 6017 2847 6065 ὃτι
2871 6019 2897 6067 ὁ
2917 6017 3072 6069 αὐτόν.
