4100 6362
288 440 394 498 397

285 568 383 609 vos
407 553 493 609 ille
521 550 671 607 locus
692 558 1013 619 excepturus
1041 546 1114 601 sit
1135 546 1225 617 qui
1251 554 1306 601 et
1330 544 1568 599 Petrum.
1600 540 1729 595 Nam
1754 554 1867 594 ma-

287 662 389 718 gna
417 644 488 701 ibi
517 651 600 701 est
628 641 962 696 mansionum
988 640 1162 709 copia,
1191 653 1290 693 nec
1319 645 1495 707 potest
1518 634 1622 691 dici
1652 634 1744 689 ille
1770 647 1866 702 ap-

288 750 472 809 paratu
498 750 632 806 npus
658 734 875 789 habere.
904 732 1035 801 Quia
1064 730 1206 785 enim
1232 730 1385 794 dixit,
1416 727 1539 782 Non
1564 725 1769 798 potestis
1788 738 1866 777 me

292 830 428 900 sequi
458 829 647 892 modo;
672 841 755 882 sne
784 833 1030 895 putarent
1058 824 1305 879 exclusos
1331 836 1392 877 se
1419 835 1561 887 esse,
1586 818 1732 874 addit
1761 834 1775 871 :
1806 818 1861 873 5.

291 920 356 976 Ut
382 922 468 975 ubi
491 936 581 991 ego
606 936 750 984 sum,
799 926 848 971 et
872 933 959 971 vos
984 916 1114 970 sitis.
1148 915 1372 968 Tantam
1404 912 1626 980 hujusce
1664 909 1742 963 rei
1772 923 1866 962 cu-

286 1028 400 1067 ram
424 1011 626 1072 habeo,
679 1018 738 1064 ut
792 1006 843 1063 id
876 1006 986 1079 jam
1035 1006 1277 1061 fecissem
1297 1045 1312 1067 ,
1360 1002 1463 1057 nisi
1487 1002 1596 1071 jam
1621 1001 1747 1054 olim
1768 1015 1866 1053 vo-

289 1106 369 1159 bis
397 1113 748 1175 prarparatum
774 1110 919 1157 esset
948 1117 963 1155 :
995 1098 1285 1155 ostendens
1313 1096 1536 1163 multum
1579 1094 1708 1164 ipsis
1743 1106 1866 1148 esse

287 1195 658 1341 ῆᾱῗάῐῖἓξιάθ
683 1299 751 1339 ne
778 1282 1052 1337 videretur
1078 1279 1130 1334 id
1158 1277 1339 1334 dicere
1377 1274 1629 1331 adulandi
1667 1288 1826 1329 causa
1846 1314 1863 1340 ,

288 1381 381 1437 sed
421 1378 701 1435 crederent
726 1391 840 1432 rem
868 1376 941 1429 ita
971 1388 1029 1429 se
1059 1372 1278 1433 habere,
1318 1368 1501 1425 subdit
1530 1386 1544 1423 :
1575 1368 1629 1422 4.
1664 1366 1730 1422 Et
1765 1382 1865 1435 quo

288 1489 379 1544 ego
411 1470 540 1525 uado
566 1470 720 1532 scitis,
754 1477 801 1523 et
833 1467 966 1521 viam
991 1465 1149 1519 scitis.
1180 1462 1371 1518 Viden’
1388 1459 1659 1531 quomodo
1683 1467 1867 1513 osten-

287 1564 379 1619 dat
415 1564 491 1619 eis
519 1562 634 1617 haec
664 1576 767 1615 non
799 1559 994 1616 frustra
1018 1557 1161 1613 dicta
1189 1555 1374 1610 fuisse.
1400 1552 1533 1609 Illud
1559 1567 1687 1608 vero
1711 1551 1863 1616 dicit,

289 1656 431 1727 quod
462 1655 623 1709 sciret
668 1653 788 1708 illos
830 1652 967 1706 hanc
1005 1665 1204 1721 cupere
1227 1648 1489 1703 notitiam.
1516 1646 1647 1701 Nam
1678 1646 1868 1700 Petrus

290 1767 394 1805 non
441 1747 676 1803 discendi
720 1761 899 1813 causa,
939 1745 1034 1801 sed
1080 1742 1138 1799 ut
1176 1751 1491 1814 sequeretur
1514 1757 1659 1801 eum,
1701 1754 1864 1808 supe-

290 1843 434 1896 riora
461 1841 712 1910 loquutus
734 1846 838 1893 est.
870 1837 1004 1905 Quia
1045 1852 1176 1892 vero
1219 1837 1529 1905 increpatus
1555 1833 1646 1887 ille
1672 1831 1863 1896 fuerat,

292 1943 346 1985 et
371 1932 583 1986 interim
607 1929 849 1985 Christus
883 1929 1025 1999 quod
1055 1929 1385 1999 impossibile
1409 1928 1708 1993 videbatur,
1740 1941 1856 1997 pos-

286 2023 443 2078 sibile
469 2039 587 2079 esse
611 2024 956 2085 monstravit;
984 2032 1182 2077 etcum
1210 2022 1542 2093 impossibile
1572 2020 1861 2081 videretur,

284 2116 629 2186 cupiditatem
653 2112 1127 2186 injecitquid'illud
1148 2125 1291 2171 esset
1318 2115 1669 2186 cognoscendi
1701 2131 1715 2168 :
1745 2114 1866 2168 ideo

284 2208 360 2262 ait
389 2207 492 2262 illis
519 2224 535 2262 :
564 2206 630 2260 Et
650 2208 784 2260 viam
814 2209 971 2261 scitis.
1000 2208 1150 2263 Sicut
1194 2208 1336 2262 enim
1364 2208 1451 2261 ubi
1480 2207 1635 2272 dixit,
1675 2205 1761 2260 Me
1786 2222 1866 2259 ne-

281 2298 443 2369 gabis,
470 2313 589 2354 cum
619 2313 776 2354 nemo
804 2298 1091 2370 quidquam
1117 2299 1364 2369 praefatus
1386 2307 1549 2364 esset,
1582 2308 1636 2351 ut
1661 2313 1781 2367 qua;
1809 2298 1861 2351 in

280 2392 531 2448 cordibus
560 2404 717 2447 erant
759 2400 1111 2455 scrutaretur,
1158 2391 1380 2457 addidit,
1433 2389 1519 2446 Ne
1555 2389 1861 2445 turbemini:

284 2486 354 2538 ita
385 2493 438 2538 et
464 2483 565 2541 hoc
591 2485 732 2549 loco,
764 2485 856 2540 ubi
885 2484 1041 2551 dixit,
1091 2484 1266 2548 Scitis,
1311 2484 1657 2554 cupiditatem
1697 2484 1860 2539 animi

280 2590 467 2630 eorum
508 2576 818 2642 declaravit,
842 2585 894 2631 et
921 2577 1035 2646 ipse
1060 2576 1152 2631 dat
1176 2577 1283 2631 illis
1313 2575 1675 2647 interrogandi
1701 2591 1859 2631 occa-

278 2668 508 2722 sionem.
555 2665 688 2722 Illud
713 2682 861 2734 vero,
897 2667 1010 2735 Quo
1034 2667 1176 2722 radis
1193 2668 1219 2721 .9
1242 2667 1431 2722 Petrus
1450 2683 1517 2723 ex
1541 2667 1594 2723 vi
1627 2667 1826 2721 amoris
1842 2708 1859 2731 ,

278 2756 513 2813 Thomas
541 2773 669 2813 vero
699 2774 812 2828 pra:
843 2758 1034 2813 timore
1061 2758 1210 2813 dicit.
1239 2758 1293 2813 5.
1336 2757 1572 2824 Domine,
1615 2758 1861 2811 nescimus

276 2866 374 2921 quo
401 2852 565 2907 uadis.
593 2851 792 2907 Locum
822 2856 1109 2915 nescimus,
1153 2852 1341 2922 inquit,
1373 2851 1437 2904 Et
1462 2851 1713 2921 quomodo
1740 2867 1861 2922 pos-

277 2961 451 2999 sumus
471 2946 603 2999 viam
632 2946 801 3000 scire}
847 2944 981 3001 Vide
1009 2960 1169 3015 quam
1193 2954 1529 3001 reverenter.
1568 2944 1686 3001 Non
1716 2946 1859 3001 enim

275 3034 429 3098 dixit,
462 3037 556 3090 Die
578 3036 733 3091 nobis
762 3035 972 3102 locum;
1003 3035 1118 3103 scd,
1152 3034 1423 3090 Nescimus
1441 3052 1540 3099 quo
1559 3036 1721 3090 vadis.
1747 3035 1859 3090 Hoc

275 3127 417 3180 enim
453 3126 561 3196 jam
598 3126 726 3182 olim
756 3141 946 3183 omnes
971 3126 1177 3182 discere
1201 3126 1505 3200 cupiebant.
1534 3126 1665 3182 Nam
1696 3126 1741 3181 si
1768 3127 1861 3182 Ju-

275 3218 375 3273 dari
407 3219 458 3273 id
485 3219 763 3275 audientes
797 3220 961 3275 animi
984 3220 1310 3290 pendebant,
1338 3220 1548 3276 tametsi
1575 3220 1860 3291 cupiebant

274 3310 423 3366 illum
466 3312 788 3378 abscedere;
832 3313 1002 3367 multo
1048 3313 1215 3383 magis
1244 3313 1281 3367 ii
1310 3314 1400 3383 qui
1434 3328 1721 3383 numquam
1751 3329 1851 3366 vo-

274 3402 453 3458 lebant
477 3403 547 3457 ab
571 3403 662 3458 illo
684 3404 942 3473 separari,
972 3404 1021 3459 id
1049 3404 1260 3459 discere
1285 3404 1591 3473 cupiebant.
1623 3404 1857 3459 Revere-

275 3494 469 3547 bantur
496 3503 674 3549 autem
707 3496 853 3549 illum
898 3496 1264 3565 interrogare;
1309 3495 1639 3565 interrogant
1681 3505 1886 3570 tamen.

273 3598 328 3641 et
355 3603 537 3643 amore
562 3597 617 3643 et
640 3588 909 3642 anxietate
929 3587 1097 3643 ducti.
1137 3587 1273 3657 Quid
1312 3604 1440 3658 ergo
1465 3587 1752 3643 Christus?
1800 3591 1854 3643 t5.

275 3678 387 3749 Ego
411 3696 523 3733 sum
550 3681 652 3746 via,
694 3681 896 3744 ueritas,
943 3689 990 3734 et
1016 3682 1136 3736 vita.
1170 3679 1336 3735 Nemo
1362 3682 1495 3736 venit
1523 3681 1591 3734 ad
1614 3679 1853 3746 Patrem,

274 3772 372 3824 nisi
408 3788 498 3842 per
535 3788 635 3825 me.
681 3770 789 3827 Cur
818 3787 946 3843 ergo
970 3772 1324 3843 interrogatus
1348 3788 1378 3826 a
1410 3773 1568 3828 Petro
1596 3789 1704 3844 quo
1731 3774 1853 3842 irct,

274 3880 380 3919 non
410 3865 587 3919 statim
616 3864 911 3934 respondit,
942 3865 1058 3936 Ego
1080 3866 1146 3921 ad
1176 3866 1389 3921 Patrem
1414 3866 1572 3931 vado,
1599 3881 1696 3921 vos
1727 3882 1857 3922 vero

274 3972 380 4010 non
409 3957 632 4027 potestis
677 3972 817 4013 nunc
840 3958 1059 4024 venire;
1090 3959 1184 4014 sed
1214 3967 1420 4014 tantum
1446 3959 1728 4015 verborum
1750 3959 1856 4014 cir-

274 4048 474 4103 cuitum
503 4049 699 4116 intulit,
743 4058 821 4104 tot
856 4049 1303 4120 interrogationes
1340 4060 1396 4105 et
1434 4051 1856 4122 responsiones?

275 4138 475 4194 Judaeis
501 4156 729 4211 namque
769 4140 961 4196 merito
989 4155 1095 4195 non
1128 4139 1229 4195 hoc
1254 4140 1421 4207 dixit;
1450 4141 1532 4195 bis
1568 4157 1697 4196 vero
1721 4157 1853 4211 qua-

276 4230 373 4284 re?
416 4230 632 4285 Dixerat
657 4229 871 4300 quidem
895 4241 951 4287 et
977 4231 1060 4288 bis
1090 4241 1146 4287 et
1173 4231 1393 4299 Judaeis,
1417 4246 1477 4288 se
1506 4247 1571 4287 ex
1600 4233 1710 4287 Deo
1738 4231 1854 4285 exi-

275 4323 438 4386 visse,
461 4330 517 4376 et
539 4321 606 4376 ad
633 4322 798 4377 Deum
824 4322 903 4379 ire
930 4341 943 4376 :
973 4331 1028 4378 et
1055 4337 1196 4377 nunc
1226 4322 1278 4377 id
1306 4322 1499 4378 clarius
1521 4322 1669 4389 dicit,
1696 4307 1855 4393 quam

279 4414 447 4481 prius.
491 4414 559 4467 At
583 4412 783 4469 Judteis
809 4428 915 4469 non
944 4414 1013 4469 ita
1039 4414 1184 4470 clare
1206 4413 1359 4469 dixit.
1384 4413 1514 4468 Nam
1541 4414 1584 4468 si
1614 4413 1853 4480 dixisset,

277 4504 394 4559 Non
420 4506 643 4576 potestis
666 4507 733 4561 ad
756 4507 971 4562 Patrem
995 4508 1180 4562 venire
1206 4508 1306 4563 nisi
1338 4522 1434 4577 per
1463 4522 1569 4574 me,
1601 4507 1653 4561 id
1680 4524 1743 4561 ex
1775 4507 1854 4561 fa-

278 4608 364 4653 stu
392 4598 496 4653 dici
524 4599 899 4669 putavissent:
934 4615 1055 4655 cum
1082 4600 1223 4655 celat
1242 4615 1391 4667 vero,
1437 4599 1627 4654 dubios
1661 4599 1852 4654 reddit.

281 4690 370 4755 At,
401 4690 627 4759 inquies,
658 4704 755 4745 cur
779 4689 1051 4759 discipulis
1091 4698 1145 4745 et
1176 4690 1335 4745 Petro
1362 4690 1431 4744 ita
1461 4690 1638 4745 dixit?
1669 4690 1856 4745 Fervi-

279 4782 406 4835 dum
442 4790 663 4837 noverat
696 4782 842 4837 Petri
866 4782 1121 4846 animum,
1150 4793 1204 4837 et
1240 4781 1308 4837 ad
1337 4782 1646 4837 instandum
1678 4782 1854 4852 inqui-

282 4874 616 4944 rendumque
651 4888 899 4944 pronum.
941 4873 1010 4930 Ut
1038 4890 1165 4944 ergo
1196 4874 1344 4929 illum
1378 4878 1602 4941 avertat,
1634 4874 1858 4929 obscure

283 4965 536 5035 loquitur.
587 4966 873 5036 Postquam
912 4976 1090 5021 autem
1138 4966 1189 5020 id
1219 4966 1359 5036 quod
1386 4967 1599 5022 volebat
1622 4983 1720 5037 per
1746 4982 1859 5022 ser-

283 5056 460 5110 monis
482 5056 860 5112 obscuritatem
880 5055 1076 5121 eﬂ'ecit,
1108 5056 1301 5110 iterum
1331 5055 1383 5110 id
1404 5058 1626 5112 revelat.

352 5148 581 5202 Christus
609 5150 769 5204 multa
791 5150 1022 5203 cautione
1048 5148 1102 5203 in
1128 5149 1445 5204 instituendis
1470 5150 1728 5220 discipulis
1753 5159 1861 5203 ute-

280 5241 450 5297 batur.
483 5241 554 5297 Se
579 5242 725 5297 Patri
749 5244 995 5313 aqualem
1019 5243 1249 5298 ostendit.
1293 5241 1431 5297 Visio
1459 5260 1551 5313 pro
1581 5244 1863 5314 cognitione

282 5335 779 5404 accipitur.—Cum
806 5316 1029 5393 dixisset
1054 5338 1219 5403 enim,
1252 5333 1351 5391 Ubi
1374 5352 1505 5403 sum,
1533 5352 1675 5390 nemo
1702 5345 1862 5406 potest

284 5427 471 5492 venire,
502 5427 650 5482 addit
681 5445 694 5480 :
742 5426 811 5483 In
849 5428 999 5483 domo
1049 5426 1222 5483 Patris
1252 5428 1349 5481 mei
1384 5418 1669 5481 mansiones
1693 5426 1863 5482 multat

285 5528 436 5582 sunt;
477 5527 533 5573 et
568 5534 752 5573 rursus
775 5536 788 5571 :
823 5519 988 5573 Nemo
1012 5521 1143 5574 venit
1167 5520 1233 5573 ad
1261 5518 1492 5583 Patrem,
1519 5519 1618 5573 nisi
1646 5536 1735 5588 per
1763 5536 1858 5574 me.

289 5610 402 5665 lloc
429 5610 607 5681 itaque
635 5611 849 5665 nolebat
875 5612 977 5665 illis
1000 5612 1149 5667 initio
1176 5610 1376 5677 dicere,
1404 5627 1471 5665 ne
1497 5611 1550 5665 in
1578 5625 1862 5665 maerorem

288 5700 544 5769 majorem
568 5700 842 5758 induceret
868 5718 883 5755 :
911 5711 1189 5772 postquam
1218 5711 1396 5759 autem
1419 5703 1541 5758 illos
1559 5702 1865 5759 consolatus

289 5801 393 5856 est,
418 5792 522 5848 hoc
550 5792 700 5849 dicit.
746 5794 958 5849 Etenim
985 5794 1054 5851 ab
1078 5794 1442 5865 increpatione
1469 5795 1611 5850 Petri
1642 5795 1864 5851 multum

294 5886 543 5942 ritoeroris
579 5885 817 5954 abstulit,
842 5894 1243 5960 metuentesque
1268 5903 1338 5947 ne
1366 5902 1427 5947 ea
1457 5888 1567 5960 ipsa
1596 5888 1858 5959 audirent,

620 5992 885 6053 PATROL.
929 5998 1044 6055 Gn.
1101 5995 1251 6053 ΗΧ.

1261 428 1328 486 ΙΝ
1364 423 1680 486 JOANNEM
1719 420 1949 480 ﬂOMlL.
1989 420 2223 478 LXXIII.
2263 422 2338 478 al.
2376 420 2588 479 LXXII.

3444 424 3547 481 398

1974 536 2097 593 hinc
2123 537 2293 607 magis
2313 537 2755 608 reprimebantur.
2789 536 2898 610 Ego
2925 555 3037 595 sum
3064 541 3165 596 nia.
3190 540 3316 597 Ηειιο
3339 552 3421 597 est
3456 560 3553 597 ex—

1969 628 2188 700 plicatio
2221 629 2362 684 illius
2387 631 2536 698 dicti,
2585 630 2751 687 Nemo
2787 634 2939 700 venit,
2982 634 3079 689 nisi
3121 651 3211 705 per
3249 652 3330 692 me
3368 650 3390 692 :
3418 638 3549 694 illu'd

1969 737 2117 785 vero,
2151 723 2219 777 Et
2240 726 2423 780 veritas
2451 734 2497 779 et
2526 726 2649 794 vita,
2689 727 2952 798 signiﬁcat
2980 727 3095 784 hzec
3125 745 3343 799 prorsus
3372 730 3551 788 futura

1970 828 2111 871 esse.
2141 816 2198 871 Si
2225 818 2442 883 veritas,
2474 818 2605 874 nihil
2647 834 2678 874 a
2719 835 2806 876 me
2851 821 3040 877 falsum
3077 824 3242 879 exibit
3271 842 3285 879 :
3313 825 3359 880 si
3387 826 3546 881 etiam

1970 906 2101 969 vita,
2139 922 2206 962 ne
2242 923 2390 964 mors
2410 909 2624 980 quidem
2649 927 2746 968 vos
2774 913 3038 984 impedire
3067 918 3283 986 poterit,
3309 918 3437 988 quin
3471 919 3553 974 in-

1970 998 2306 1065 grediamini.
2335 1003 2585 1073 Alioquin
2616 1020 2769 1071 vero,
2800 1007 2844 1060 si
2876 1005 2989 1078 Ego
3010 1024 3121 1062 sum
3149 1011 3248 1075 via,
3276 1010 3412 1067 duce
3445 1029 3549 1067 non

1971 1091 2197 1158 egebitis
2232 1110 2245 1146 :
2279 1094 2324 1148 si
2350 1096 2548 1150 veritas
2572 1113 2713 1164 sum,
2763 1114 2870 1155 non
2919 1100 3109 1171 loquor
3135 1102 3267 1158 falsa
3302 1106 3387 1159 :si
3416 1107 3548 1171 vita,

1971 1182 2179 1236 etiamsi
2210 1185 2531 1253 moriamini,
2563 1190 2826 1258 promissa
2849 1196 3269 1263 consequemini.
3306 1196 3457 1263 Quod
3483 1197 3552 1252 de

1970 1275 2054 1327 via
2093 1275 2324 1343 dicebat,
2375 1280 2752 1337 intellexerunt
2789 1295 2844 1339 et
2877 1285 3107 1342 confessi
3150 1296 3315 1343 sunt:
3346 1290 3552 1359 reliqua

1973 1382 2101 1421 vero
2140 1369 2455 1439 ignorabant
2484 1389 2497 1425 :
2527 1388 2633 1427 non
2678 1382 2855 1431 tamen
2900 1375 2969 1432 de
3012 1378 3117 1431 illis
3144 1379 3412 1435 audebant
3441 1383 3552 1437 sci-

1969 1459 2171 1513 scitari.
2222 1461 2471 1517 Attamen
2499 1465 2723 1518 multum
2755 1482 2820 1521 ex
2851 1468 2933 1521 via
2966 1470 3351 1527 consolationis
3394 1488 3551 1529 acce-

1971 1563 2182 1621 perunt.
2209 1553 2265 1609 Si
2302 1571 2430 1625 ergo
2457 1557 2509 1611 in
2543 1574 2658 1613 mea
2690 1568 2955 1630 potestate
2980 1571 3082 1627 est,
3114 1564 3305 1633 inquit,
3350 1566 3415 1619 ad
3445 1566 3550 1621 Pa-

1973 1652 2107 1698 trem
2133 1645 2420 1714 adducere,
2464 1649 2601 1705 istuc
2638 1652 2857 1706 omnino
2885 1654 3129 1709 venietis.
3183 1655 3368 1726 Neque
3407 1658 3549 1713 enim

1970 1736 2072 1790 alia
2099 1738 2281 1793 venire
2318 1740 2541 1809 potestis
2584 1742 2687 1796 via.
2741 1742 2873 1797 Cum
2904 1754 3079 1801 autem
3108 1746 3331 1803 dixisset
3357 1758 3511 1804 antea
3533 1791 3549 1814 ,

1973 1827 2137 1882 Nemo
2182 1840 2342 1900 potest
2388 1835 2556 1888 venire
2590 1835 2660 1887 ad
2705 1852 2805 1901 me,
2854 1838 2954 1891 nisi
3002 1838 3159 1893 Pater
3192 1843 3401 1909 traxerit
3437 1859 3553 1897 eum

1972 1918 2152 1989 (Joan.
2178 1922 2231 1977 6.
2263 1922 2391 1993 M);
2434 1940 2497 1979 ac
2541 1942 2771 1992 rursum,
2827 1930 2889 1983 Si
2924 1946 3016 2000 ego
3061 1933 3313 1987 excitatus
3354 1938 3496 2005 fuero
3522 1953 3554 1989 a

1970 2019 2123 2075 terra,
2170 2030 2342 2068 omnes
2384 2018 2584 2072 traham
2616 2019 2685 2072 ad
2712 2022 2957 2091 meipsum
2997 2021 3177 2092 (Ibid.
3206 2025 3296 2078 12.
3323 2025 3451 2096 33);
3497 2036 3554 2082 et

1969 2118 2111 2158 nunc
2146 2104 2358 2171 iterum,
2404 2106 2574 2163 Nemo
2599 2111 2731 2164 venit
2756 2114 2825 2165 ad
2849 2112 3075 2179 Patrem,
3123 2117 3223 2171 nisi
3246 2135 3335 2187 per
3363 2135 3462 2183 me,
3492 2134 3554 2174 se

1970 2192 2112 2247 Patri
2139 2196 2396 2266 aequalem
2435 2201 2689 2255 ostendit.
2746 2203 3026 2270 Quomodo
3050 2215 3226 2261 autem
3255 2223 3375 2263 cum
3397 2210 3552 2264 dixe-

1969 2284 2057 2347 rit,
2089 2284 2203 2350 Quo
2232 2288 2416 2341 vadum
2435 2291 2594 2357 scitis;
2620 2302 2668 2347 et
2688 2294 2821 2347 riam
2840 2296 3001 2361 scitis,
3026 2297 3205 2352 subdit
3242 2318 3256 2353 :
3288 2300 3342 2354 7.
3370 2300 3432 2355 Si
3465 2318 3554 2354 co-

1966 2377 2257 2445 gnovissetis
2291 2397 2389 2445 me,
2433 2393 2479 2435 et
2515 2382 2723 2438 Patrem
2756 2402 2922 2441 meum
2949 2389 3120 2461 utique
3154 2394 3508 2463 cognouissetis
3533 2409 3553 2448 .°

1965 2475 2017 2521 et
2054 2469 2236 2523 ωηοάο
2271 2474 2578 2542 cognoscetis
2625 2491 2758 2542 eum,
2792 2486 2841 2530 et
2868 2479 3063 2534 vidistis
3096 2483 3258 2536 eum!
3304 2482 3419 2537 Non
3450 2484 3551 2539 sibi

1965 2561 2281 2617 contradicit
2326 2578 2342 2618 :
2395 2577 2655 2621 noverant
2698 2568 2843 2623 enim
2889 2571 3073 2637 illum,
3123 2588 3229 2627 non
3273 2583 3449 2629 tamen
3494 2587 3552 2630 ut

1965 2655 2265 2724 Oportebat.
2300 2657 2463 2713 Deum
2495 2661 2636 2715 enim
2668 2674 2926 2719 noverant
2946 2706 2962 2731 ,
3010 2666 3224 2723 Patrem
3254 2684 3381 2725 vero
3412 2687 3552 2725 non-

1966 2746 2092 2801 dum
2129 2766 2143 2801 :
2174 2764 2293 2803 nam
2325 2750 2554 2821 Spiritus
2583 2765 2765 2823 postea
2794 2758 3015 2813 veniens
3047 2768 3212 2815 totam
3238 2761 3344 2817 illis
3370 2765 3555 2833 cogni-

1968 2840 2167 2896 tionem
2196 2843 2394 2898 intulit.
2444 2844 2557 2901 Hoc
2597 2858 2777 2904 autem
2820 2851 2936 2905 vult
2978 2851 3159 2908 dicere
3206 2871 3220 2908 :
3270 2854 3324 2910 Si
3375 2870 3548 2910 meatu

1966 2936 2196 2991 nossetis
2233 2937 2582 2994 substantiam
2626 2950 2681 2996 et
2730 2942 3063 3012 dignitatem,
3107 2945 3280 3000 Patris
3327 2961 3541 3018 quoque

1966 3026 2219 3080 nossetis.
2261 3025 2330 3081 Et
2377 3029 2528 3083 modo
2572 3034 2882 3101 cognoscetis
2920 3050 3051 3101 eum,
3103 3046 3148 3088 et
3193 3037 3391 3090 uidistis
3434 3054 3550 3092 eum

1966 3115 2211 3186 (alterum
2234 3119 2415 3187 futuri,
2439 3122 2667 3177 alterum
2700 3123 3033 3197 praesentis);
3061 3125 3166 3181 hoc
3188 3136 3291 3194 est,
3319 3143 3417 3199 per
3438 3145 3546 3184 lue.

1966 3208 2235 3265 Visionem
2268 3226 2398 3265 vero
2434 3212 2583 3278 dicit,
2627 3215 2821 3269 mentis
2856 3218 3236 3287 cognitionem.
3270 3219 3376 3273 Eos
3404 3222 3546 3275 enim

1963 3302 2055 3372 qui
2080 3302 2347 3371 videntur,
2376 3319 2658 3373 possumus
2686 3306 2867 3362 videre
2892 3318 2945 3363 et
2968 3310 3212 3378 ignorare
3240 3326 3255 3365 :
3287 3326 3382 3365 eos
3412 3326 3543 3365 vero

1963 3396 2053 3464 qui
2077 3407 2489 3466 cognoscuntur,
2523 3413 2629 3452 non
2658 3413 2942 3469 possumus
2968 3414 3294 3469 cognoscere
3318 3410 3374 3455 et
3398 3400 3551 3470 igno-

1963 3504 2104 3544 rare.
2132 3488 2255 3544 ideo
2282 3490 2375 3557 ait,
2409 3491 2475 3545 Et
2500 3491 2694 3547 vidistis
2724 3509 2869 3557 eum;
2893 3502 2950 3546 ut
2975 3493 3121 3548 visus
3146 3502 3250 3558 est,
3273 3492 3464 3564 inquit,
3493 3505 3548 3548 et

1962 3582 2259 3652 angelis“.
2289 3582 2423 3636 Tim.
2454 3583 2507 3639 ὅ.
2535 3585 2644 3653 16).
2670 3584 2826 3653 Atqui
2858 3598 2963 3638 non
2992 3584 3105 3654 ipsa
3143 3584 3437 3640 substantia
3467 3587 3548 3639 vi-

1961 3689 2019 3728 sa
2044 3683 2165 3741 est;
2198 3676 2293 3729 sed
2336 3685 2510 3729 tamen
2540 3677 2705 3729 visam
2736 3691 2855 3730 esse
2884 3675 3051 3740 dicit,
3083 3685 3142 3730 ut
3183 3675 3435 3732 videlicet
3463 3679 3546 3733 vi-

1962 3766 2090 3820 dere
2138 3776 2406 3837 poterant.
2435 3767 2525 3822 Sic
2548 3782 2678 3821 vero
2714 3768 2964 3835 loquutus
2998 3779 3101 3835 cst,
3127 3777 3186 3822 ut
3211 3768 3389 3825 discas
3419 3785 3541 3824 eum

1961 3858 2050 3926 qui
2077 3858 2248 3927 ipsum
2279 3859 2441 3921 novit,
2473 3857 2781 3913 Genitorem
2807 3874 3018 3929 quoque
3042 3860 3159 3928 ejus
3188 3875 3365 3916 nosse.
3388 3859 3542 3917 Vide-

1962 3948 2091 4003 bant
2118 3965 2277 4021 porro
2308 3950 2455 4004 illum
2483 3965 2588 4005 non
2617 3951 2753 4004 nuda
2791 3952 3118 4020 substantia,
3161 3952 3254 4008 sed
3280 3968 3441 4009 carne
3466 3954 3550 4009 iu-

1960 4042 2162 4097 dutum.
2197 4043 2336 4097 Alibi
2363 4060 2572 4113 quoque
2605 4045 2863 4099 visionem
2886 4046 3248 4115 cognitionem
3276 4046 3545 4116 appellat;

1962 4144 2021 4187 ut
2046 4149 2167 4188 cum
2190 4134 2321 4188 dicit
2347 4154 2359 4188 :
2385 4135 2529 4189 Beati
2554 4136 2742 4187 mundo
2769 4136 2937 4201 corde,
2985 4136 3227 4205 quoniam
3256 4136 3354 4206 ipsi
3384 4135 3548 4189 Deum

1962 4227 2196 4282 ridebunt
2225 4226 2438 4299 (Matth.
2462 4228 2515 4282 5.
2544 4228 2622 4298 8).
2663 4227 2886 4281 Mundos
2912 4238 3087 4283 autem
3126 4228 3276 4293 dicit,
3304 4243 3406 4281 non
3434 4238 3553 4281 tan-

1964 4330 2076 4375 tum
2111 4337 2142 4376 a
2190 4320 2558 4386 fornicatione,
2604 4319 2699 4375 sed
2743 4336 2771 4372 a
2824 4320 3057 4389 peccatis
3102 4320 3350 4376 omnibus
3378 4336 3394 4375 :
3425 4335 3548 4374 nam

1963 4428 2120 4467 onme
2146 4424 2419 4480 peccatum
2447 4411 2708 4466 maculam
2734 4411 2867 4465 indit
2892 4412 3104 4465 anima).

2034 4505 2087 4559 5.
2119 4502 2257 4558 Nihil
2290 4505 2463 4574 itaque
2491 4518 2595 4557 non
2618 4518 2855 4573 agamus,
2879 4512 2936 4556 ut
2955 4501 3142 4557 sordes
3162 4502 3548 4574 abstergamus.

1962 4599 2231 4668 Abstergit
2257 4609 2431 4652 autem
2463 4598 2633 4667 primo
2666 4600 2964 4660 lavacrum;
3004 4598 3197 4652 deinde
3227 4598 3344 4653 alite
3372 4599 3552 4652 multa:

1963 4700 2018 4743 et
2042 4690 2198 4744 varia:
2224 4691 2338 4743 vim.
2372 4689 2502 4744 Nam
2531 4690 2767 4744 clemens
2796 4704 2916 4743 cum
2943 4689 3011 4744 sit
3042 4690 3212 4755 Deus,
3242 4690 3372 4745 alias
3399 4690 3554 4746 nobis

1964 4784 2241 4853 variasque
2279 4783 2419 4849 vias,
2459 4783 2648 4853 quibus
2690 4799 3010 4854 purgemur,
3049 4784 3294 4853 aperuit,
3325 4800 3552 4854 quarum

1965 4876 2133 4946 prima
2163 4886 2243 4930 est
2269 4876 2626 4948 eleemosyna.
2652 4876 3018 4949 Eleemosyuis
3038 4876 3177 4931 enim
3205 4887 3258 4931 et
3287 4876 3392 4933 [ide
3424 4894 3554 4949 pur-

1964 4977 2155 5039 gantur
2179 4976 2392 5038 peccata
2425 4967 2625 5041 (Eccli.
2659 4970 2711 5025 ’5.
2744 4970 2843 5040 55)
2864 5011 2878 5034 ,
2912 4971 3098 5040 inquit.
3147 4971 3550 5042 Eleemosynis,

1968 5058 2178 5130 inquam
2198 5101 2215 5125 ,
2260 5076 2365 5115 non
2394 5076 2456 5115 ex
2488 5062 2664 5130 inique
2698 5063 2859 5132 partis
2894 5081 2907 5117 :
2941 5062 3067 5117 illud
3099 5063 3239 5118 enim
3271 5080 3379 5119 non
3406 5065 3555 5119 elec-

1966 5167 2187 5223 mosyna
2208 5194 2223 5219 ,
2248 5150 2341 5207 sed
2371 5153 2729 5208 inhumanitas
2749 5162 2803 5208 et
2823 5155 3110 5210 crudelitas
3131 5165 3232 5210 est.
3255 5156 3384 5224 Quae
3408 5157 3553 5211 enim
3587 5152 3591 5159 ί

1969 5245 2167 5299 utilitas
2197 5245 2420 5300 alterum
2451 5246 2701 5315 spoliare,
2731 5248 2957 5302 alterum
2988 5248 3245 5303 induere?
3275 5252 3317 5303 A
3348 5250 3556 5304 miseri-

1968 5338 2147 5393 cordia
2190 5338 2545 5409 incipiendum
2588 5348 2671 5394 est
2709 5357 2724 5393 :
2765 5340 2997 5412 alioquin
3041 5341 3343 5395 immanitas
3382 5350 3547 5396 esset.

1972 5429 2083 5484 Etsi
2111 5431 2250 5484 enim
2278 5430 2454 5484 omnia
2479 5430 2649 5485 aliena
2673 5420 2883 5499 demus,
2909 5431 3039 5486 nihil
3067 5432 3190 5487 hinc
3215 5432 3346 5487 lucri
3378 5432 3549 5497 nobis,

1972 5529 2030 5575 ut
2048 5521 2279 5577 ostendit
2298 5520 2602 5594 Za_cch:eus,
2626 5521 2716 5594 qui
2739 5537 2797 5577 se
2820 5522 2982 5577 Deum
3007 5523 3216 5592 placare
3235 5523 3556 5578 dicitdaudo

1971 5612 2319 5683 quadruplum
2357 5592 2540 5668 eorum
2571 5592 2690 5686 qua:
2720 5623 2969 5685 rapuerat
2992 5615 3150 5689 (Luc.
3183 5616 3271 5670 19.
3313 5616 3405 5688 8).
3448 5615 3554 5672 Nos

1972 5719 2099 5759 νυΓο
2124 5706 2210 5774 qui
2240 5706 2515 5760 innumera
2542 5707 2808 5776 rapimus,
2837 5716 2890 5762 et
2914 5723 3077 5777 pauca
3103 5707 3313 5775 damus,
3343 5708 3556 5779 placare

1976 5798 2141 5853 Deum
2175 5808 2449 5869 putamus,
2488 5799 2790 5870 ignorantes
2818 5815 2917 5855 nos
2947 5801 3093 5856 illum
3124 5800 3293 5872 magis
3324 5800 3556 5856 irritare.

1981 5889 2105 5959 Dic,
2136 5906 2338 5961 quaeso,
2370 5890 2531 5963 mihi,
2564 5892 2609 5949 si
2646 5892 2853 5950 asinum
2883 5903 3149 5951 mortuum
3175 5902 3231 5949 et
3259 5891 3497 5951 ftetidutn
3530 5905 3565 5949 e

3109 6002 3189 6061 25
