4100 6362
604 426 713 482 399

603 541 774 597 triviis
801 542 867 597 ad
895 558 1041 599 aram
1072 552 1297 601 tractum
1320 545 1544 603 oﬂ‘erres
1567 548 1620 602 in
1645 549 1987 613 sacriticium,
2009 566 2189 607 nonne

603 640 656 687 te
679 648 868 689 omnes
891 634 1184 704 lapidarent
1206 646 1263 691 ut
1290 637 1509 707 impium
1529 648 1584 693 et
1606 640 2031 695 exsecrandum?
2050 642 2186 708 Quid

598 736 747 789 vero,
779 725 823 778 si
854 726 1070 795 probem
1092 767 1107 791 ,
1154 728 1472 783 sacrificium
1501 746 1566 785 ex
1601 731 1782 800 rapina
1827 733 1994 801 magis
2034 748 2188 789 exse-

597 813 855 868 crandum
886 830 1025 881 esse,
1057 832 1214 886 quam
1242 816 1608 874 defensionem
1640 820 1987 876 habebimus?
2016 823 2187 878 Pona-

595 918 714 956 mus
740 906 881 958 enim
912 905 1179 961 cimelium
1215 922 1282 961 ex
1312 908 1495 978 rapina
1527 919 1733 979 partum
1768 928 1781 963 :
1816 926 1991 967 annon
2019 916 2185 983 magis

591 992 771 1060 faetet,
815 1011 973 1065 quam
1009 998 1192 1053 asinus
1233 1000 1516 1055 mortuus?
1563 1001 1655 1057 Vis
1701 1000 1907 1058 discere
1954 1014 2183 1073 quantus

590 1086 660 1139 sit
689 1087 889 1154 peccati
915 1089 1115 1143 fauor?
1138 1090 1275 1145 Audi
1302 1092 1616 1161 prophetam
1644 1092 1909 1149 dicentem
1947 1112 1961 1149 :
1989 1095 2182 1150 Patru-

589 1186 736 1232 orunt
763 1188 810 1232 et
841 1194 1103 1251 corruptae
1128 1193 1247 1238 sunt
1275 1185 1529 1241 cicatrices
1566 1202 1690 1241 mea:
1750 1186 1769 1257 (
1793 1186 1937 1243 Psal.
1966 1190 2055 1244 57.
2088 1192 2175 1261 6).

586 1266 666 1323 'f‘u
695 1285 822 1325 vero
866 1272 1030 1327 Deum
1059 1275 1236 1331 verbis
1261 1279 1525 1347 precaris,
1566 1287 1624 1334 ut
1662 1279 1923 1336 scelerum
1964 1290 2175 1338 tuorum

585 1360 969 1431 obliviscatur;
1000 1366 1127 1421 dum
1172 1384 1266 1438 per
1302 1370 1517 1439 rapinas
1554 1382 1609 1427 et
1647 1371 1864 1429 fraudes
1900 1386 2016 1430 tuas
2046 1376 2172 1432 illud

583 1452 731 1519 agis,
774 1462 832 1508 ut
864 1470 1047 1511 eorum
1096 1472 1311 1528 semper
1352 1461 1684 1529 recordetur,
1724 1463 1851 1519 dum
1898 1475 2172 1534 peccatum

582 1551 732 1599 tuum
757 1562 865 1602 ara:
890 1548 1199 1617 imponitur.
1228 1551 1346 1607 Jam
1372 1568 1500 1608 vero
1527 1569 1630 1609 non
1659 1554 1762 1610 hoc
1786 1556 1954 1611 solum
1989 1573 2171 1626 pecca-

581 1644 693 1691 tum
719 1648 828 1705 est,
861 1640 1125 1711 sed,quod
1152 1654 1235 1698 est
1258 1646 1492 1714 gravius,
1522 1656 1827 1703 sanctorum
1857 1650 2062 1705 animas
2092 1651 2172 1705 in-

578 1726 788 1796 quinas.
820 1729 934 1785 Hoc
961 1733 1103 1787 enim
1135 1733 1268 1803 lapis
1296 1743 1379 1789 est
1406 1736 1502 1805 (a),
1540 1744 1594 1791 et
1634 1737 1995 1793 sanetilicatur
2023 1756 2036 1792 :
2065 1740 2168 1796 illa:

575 1826 763 1903 autem
789 1835 1002 1892 semper
1028 1824 1296 1879 Christum
1344 1824 1519 1882 ferunt
1565 1844 1579 1880 :
1622 1838 1675 1883 et
1714 1829 1879 1885 audes
1918 1840 2023 1885 tam
2062 1831 2163 1885 im—

576 1907 776 1963 munda
800 1911 1029 1968 offerre?
1064 1913 1315 1980 Minime,
1353 1917 1591 1987 inquies;
1634 1934 1739 1974 non
1779 1936 1871 1976 eas
1914 1922 2165 1991 pecunias

576 2000 766 2069 oll‘ero,
790 2005 885 2060 sed
914 2006 1067 2060 alias.
1097 2006 1330 2063 Ridicula
1359 2009 1472 2065 hmc
1492 2019 1546 2065 et
1566 2013 1783 2081 nugacia
1811 2021 1951 2068 sunt.
1980 2013 2164 2070 Nescis

571 2095 715 2163 quod
747 2097 790 2151 si
820 2098 872 2153 in
900 2100 1118 2155 multam
1148 2104 1421 2171 pecuniam
1449 2103 1530 2159 vel
1554 2084 1701 2159 'stilla
1730 2106 2001 2169 iniustitia:
2026 2106 2162 2161 inci-

568 2187 740 2255 derit,
772 2200 895 2245 tota
936 2192 1277 2262 inquinatur?
1324 2193 1393 2250 Ut
1430 2192 1573 2250 enim
1616 2196 1659 2249 si
1708 2196 1826 2265 quis
1870 2196 1921 2250 in
1970 2212 2159 2265 purum

569 2277 770 2333 fontem
803 2281 983 2335 fimum
1016 2281 1243 2352 injiciat,
1278 2292 1441 2339 totam
1481 2300 1671 2354 aquam
1714 2284 1890 2340 reddit
1926 2286 2161 2339 immun-

564 2368 688 2423 dam
722 2386 736 2423 :
770 2369 840 2424 ita
867 2371 912 2425 si
951 2373 1004 2427 in
1043 2373 1253 2429 divitias
1275 2376 1457 2445 rapina
1484 2376 1829 2446 ingrediatur,
1852 2378 2029 2432 omnia
2054 2376 2153 2433 fte-

565 2468 684 2515 tore
750 2461 951 2531 implet.
1005 2462 1141 2530 Quid
1189 2468 1357 2536 ergo“t
1418 2481 1606 2522 manus
1662 2467 1903 2522 lavamus
1936 2482 2056 2522 cum
2107 2468 2157 2521 in

563 2551 845 2606 ecclesiam
904 2554 1262 2625 ingredimur,
1324 2572 1419 2612 cor
1473 2573 1600 2612 vero
1658 2573 1763 2613 non
1811 2559 1982 2613 item?
2030 2574 2157 2613 num

566 2656 756 2697 manus
794 2660 977 2700 vocent
1018 2648 1299 2702 emittunt?
1319 2649 1507 2704 Anima
1530 2650 1688 2705 verba
1714 2651 1912 2719 profert
1946 2667 1962 2709 :
2000 2650 2051 2705 in
2092 2650 2151 2705 il-

566 2733 673 2789 lam
707 2736 844 2791 Dcns
875 2740 1089 2808 respicit
1135 2758 1150 2796 :
1197 2742 1281 2795 illa
1323 2740 1516 2797 fmdata
1543 2784 1558 2808 ,
1606 2742 1738 2797 nihil
1782 2742 1998 2812 prodest
2040 2758 2157 2798 cor-

562 2827 708 2893 poris
750 2829 970 2897 puritas.
1003 2830 1133 2899 Quae
1169 2833 1366 2888 utilitas
1408 2834 1453 2888 si
1503 2849 1691 2888 manus
1727 2835 2019 2889 exteriores
2063 2834 2156 2888 ab-

560 2927 796 2987 stergas,
863 2921 1148 2978 interiores
1198 2941 1327 2980 vero
1370 2927 1604 2996 impuras
1658 2928 1964 2999 relinquas?
2024 2927 2153 2983 Illud

565 3022 728 3077 grave
753 3018 869 3079 est,
912 3012 1043 3068 illud
1082 3016 1259 3071 omnia
1299 3018 1598 3085 subvertit,
1646 3018 1785 3089 quod
1831 3034 1991 3090 parva
2031 3036 2151 3076 cum

618 3125 693 3188 (a)
713 3124 878 3177 Altare
902 3127 1026 3192 lapis
1048 3136 1175 3180 erat.

1313 431 1371 487 S.
1410 432 1688 490 JOANNIS
1725 434 2203 493 CllRYSOSTOMl
2239 440 2553 499 ARCHIEP.
2595 444 3130 509 CONSTANTINOP.

3774 465 3879 521 £00

2299 567 2442 612 metu
2490 571 2768 623 curantes,
2818 580 3003 635 magna
3053 578 3475 627 contemnamus.
3523 574 3689 630 lllotis
3730 589 3875 634 certe

2295 652 2538 706 manibus
2557 668 2711 710 orare
2740 656 3047 715 indifferens
3065 672 3180 727 est;
3206 663 3349 719 illota
3374 680 3503 721 vero
3526 670 3871 738 conscientia,

2293 743 2420 797 illud
2450 755 2529 799 est
2571 748 2809 804 omnium
2853 752 3112 808 malorum
3157 754 3521 816 deterrimum.
3570 763 3707 817 Audi
3747 764 3873 833 quid

2289 838 2489 893 dictum
2520 840 2588 893 sit
2607 840 2827 909 Judmis,
2852 844 2919 899 de
2943 847 3032 900 tali
3061 848 3393 904 immunditia
3420 853 3661 908 sollicitis
3688 873 3702 908 :
3730 854 3867 914 Lava

2286 949 2318 984 a
2349 932 2541 986 malitia
2570 950 2657 988 cor
2685 945 2825 989 tuum
2878 937 3026 1007 (Jer.
3052 941 3105 995 4.
3140 941 3262 1012 14).
3299 943 3585 1016 Quousque
3615 957 3774 1001 erunt
3812 950 3863 1003 in

2287 1032 2339 1077 te
2373 1026 2719 1095 cogitationes
2758 1028 2999 1084 laborum
3039 1035 3290 1087 tuorum?
3337 1034 3597 1092 Lavemus
3637 1047 3693 1093 et
3732 1054 3863 1105 nos,

2286 1131 2389 1169 non
2421 1118 2551 1183 luto,
2585 1119 2677 1173 sed
2708 1135 2840 1199 aqpa
2871 1137 2998 1191 pura
3024 1165 3038 1186 ,
3072 1125 3445 1197 eleemosyna,
3487 1144 3590 1184 non
3621 1132 3859 1186 avaritia.

2283 1206 2438 1263 Prius
2464 1225 2492 1262 a
2524 1212 2706 1280 rapina
2733 1214 2969 1278 abstine,
2988 1220 3047 1269 ct
3076 1225 3199 1270 tunc
3225 1217 3617 1291 eleemosynam
3647 1222 3858 1293 largire.

2281 1299 2620 1357 Declinemus
2640 1320 2668 1356 a
2690 1305 2851 1370 malo,
2870 1314 2925 1360 et
2944 1305 3197 1362 faciamus
3219 1308 3414 1363 bonum
3439 1310 3606 1382 (Psal.
3634 1312 3722 1368 36.
3742 1314 3854 1387 27).

2349 1394 2681 1467 Eleemosyna
2709 1414 2773 1452 ea:
2797 1400 2977 1469 rapina
3002 1401 3165 1455 scelus
3190 1413 3283 1455 est.
3300 1433 3368 1442 —-
3385 1403 3569 1459 Manus
3596 1419 3785 1461 coerce
3824 1423 3856 1459 a

2276 1490 2458 1559 rapina
2479 1531 2494 1555 ,
2536 1500 2591 1544 et
2617 1491 2695 1546 sic
2723 1507 2817 1546 eas
2852 1493 2920 1548 ad
2959 1493 3355 1566 eleemosynam
3389 1501 3616 1568 porrige.
3645 1498 3701 1553 Si
3727 1514 3855 1555 vero

2278 1582 2465 1637 iisdem
2511 1582 2754 1639 manibus
2798 1584 2968 1639 alios‘
3010 1586 3333 1656 spolicmus,
3377 1590 3582 1645 etiamsi
3630 1605 3733 1644 non
3785 1606 3851 1645 ex

2274 1672 2459 1729 ablatis
2485 1675 2619 1729 alios
2648 1674 2959 1742 induamus,
2986 1694 3161 1749 neque
3188 1681 3267 1735 sic
3289 1682 3603 1750 supplicium
3634 1682 3850 1754 effugie-

2270 1779 2408 1818 mus.
2436 1764 2524 1820 Sic
2549 1767 2691 1821 enim
2722 1769 3109 1838 propitiationis
3139 1771 3361 1826 materia
3389 1773 3611 1829 sceleris
3638 1791 3848 1846 quoque

2269 1856 2488 1911 materia
2515 1866 2616 1913 est.
2649 1856 2837 1915 Melius
2862 1868 3007 1916 certe
3031 1873 3114 1917 est
3141 1878 3244 1917 non
3280 1864 3519 1919 misereri
3542 1906 3557 1931 ,
3588 1882 3747 1936 quam
3771 1867 3847 1923 sic

2272 1950 2531 2005 misereri.
2561 1950 2830 2020 Siquidem
2856 1952 3020 2008 Caino
3044 1955 3235 2010 melius
3263 1956 3442 2012 fuisset
3470 1958 3598 2012 nihil
3626 1975 3843 2028 prorsus

2267 2042 2477 2097 oil'erre.
2510 2042 2565 2098 Si
2605 2059 2734 2099 vero
2774 2045 2862 2115 qui
2902 2046 3105 2102 minora
3132 2048 3352 2115 obtulit,
3386 2050 3550 2104 Deum
3580 2052 3842 2117 irritavit;

2265 2139 2352 2208 qui
2380 2138 2550 2193 aliena
2596 2140 2721 2205 dat,
2767 2140 3035 2210 quomodo
3079 2155 3183 2196 non
3228 2143 3570 2212 provocnbit?
3610 2144 3721 2215 Ego
3747 2146 3840 2199 tibi

2265 2229 2404 2296 dixi,
2435 2230 2637 2299 inquit,
2668 2230 2746 2286 Ne
2774 2231 2983 2300 rapias;
3011 2241 3065 2285 et
3094 2242 3146 2286 tu
3178 2248 3263 2287 me
3292 2247 3356 2287 ex
3385 2236 3549 2302 raptis
3576 2233 3843 2290 honoras?

2264 2320 2390 2389 quid
2414 2321 2721 2375 existimas?
2740 2338 2805 2375 an
2833 2337 2917 2376 me
2938 2322 3020 2377 bis
3044 2321 3333 2378 delectari?
3353 2324 3499 2379 Dicet
3528 2324 3685 2394 igitur
3704 2326 3797 2380 tibi
3821 2343 3834 2380 ε

2264 2412 2581 2469 Existimasti
2624 2416 2811 2484 inique,
2856 2416 2991 2486 quod
3036 2431 3122 2470 ero
3160 2417 3235 2470 tui
3272 2416 3469 2471 similis.
3507 2416 3729 2488 Arguam
3757 2428 3834 2478 te.

2263 2519 2309 2561 et
2360 2517 2578 2562 statuam
2630 2519 2805 2562 contra
2851 2510 3033 2579 faciem
3085 2518 3223 2563 tuam
3262 2520 3464 2579 peccata
3515 2520 3601 2563 tua
3656 2510 3833 2581 (Psal.

2262 2600 2351 2656 49.
2386 2599 2509 2672 21).
2554 2600 2658 2656 Sed
2693 2601 2830 2655 absit
2859 2609 2915 2654 ut
2942 2601 3060 2670 quis
3089 2600 3245 2655 talem
3272 2601 3453 2655 audiat
3480 2616 3699 2667 vocem;
3736 2617 3833 2656 ve-

2262 2709 2376 2749 rum
2416 2695 2616 2747 utinam
2654 2703 2771 2763 post
2815 2708 2971 2762 puras
3008 2702 3249 2763 erogatas
3273 2693 3672 2765 elccmosynas,
3712 2709 3832 2749 cum

2260 2786 2551 2856 splendidis
2595 2785 2961 2854 lampadibus,
3004 2785 3055 2839 in
3107 2786 3393 2839 thalamum
3444 2786 3829 2854 ingrecliamur,

2258 2880 2423 2952 gratia
2452 2888 2507 2936 et
2531 2880 2854 2951 benignitate
2883 2878 3087 2931 Domini
3133 2877 3299 2932 nostri
3332 2876 3459 2933 Jesu
3487 2876 3717 2945 Christi,
3745 2878 3828 2933 cui

2257 2974 2423 3045 gloria
2453 2973 2504 3027 in
2536 2972 2729 3027 saecula
2758 2970 3093 3025 smculorum.
3124 2968 3313 3024 Amen.

2320 3132 2337 3164 ¹
2372 3131 2429 3182 In
2448 3138 2551 3180 Mss.
2577 3128 2743 3179 multis
2765 3127 2963 3191 legitur,
2988 3139 3243 3189 pauperes,
3265 3125 3391 3187 loco,
3416 3126 3550 3177 alios.

1844 3311 2191 3374 HOMILIA
2232 3307 2517 3370 LXXIV.

552 3448 683 3504 CAP.
732 3452 819 3507 14.
870 3467 923 3506 v.
971 3453 1025 3510 8.
1072 3452 1208 3508 Dicit
1238 3454 1283 3508 ei
1312 3452 1585 3524 Philippus
1616 3472 1635 3509 :
1662 3451 1910 3521 Domine,
1940 3455 2143 3510 ostende

625 3541 767 3596 nobis
806 3538 1047 3611 Patrem,
1091 3555 1137 3598 et
1172 3542 1350 3616 suﬁicit
1389 3546 1551 3601 nobis.
1583 3547 1637 3602 9.
1681 3546 1819 3601 Dicit
1851 3548 1898 3601 ei
1933 3545 2083 3602 Jesus
2124 3562 2143 3600 :

624 3634 786 3689 Tanto
815 3646 1039 3706 tempore
1066 3638 1317 3692 vobiscum
1346 3656 1492 3704 sum,
1525 3649 1571 3694 et
1598 3656 1699 3693 non
1726 3639 2001 3711 cognovisti
2025 3655 2103 3693 me
2120 3679 2137 3706 ,

623 3725 903 3800 Philippe?
934 3729 1036 3796 Qui
1063 3730 1193 3785 videt
1221 3748 1327 3797 me,
1356 3731 1486 3787 videt
1515 3742 1561 3786 et
1592 3731 1818 3787 Patrem.

620 3820 674 3875 1.
703 3820 922 3877 Dicebat
946 3822 1202 3895 propheta
1227 3823 1424 3879 Judacis
1453 3841 1467 3877 :
1496 3823 1680 3881 Facies
1704 3827 1976 3881 meretricis
2002 3830 2138 3898 facta

546 3921 620 3967 est
649 3912 737 3967 tibi
764 3912 897 3984 (.Ier.
923 3916 976 3970 3.
1000 3916 1081 3986 5),
1116 3917 1205 3986 qui
1232 3916 1571 3986 impudenter
1586 3933 1706 3973 cum
1729 3919 1976 3973 omnibus
2000 3918 2133 3988 agis.

549 4003 619 4058 Ut
653 4014 834 4061 autem
873 4005 1104 4075 videtur,
1142 4023 1247 4062 non
1292 4008 1363 4062 illi
1406 4008 1605 4063 civitati
1647 4018 1853 4064 tantum
1889 4009 1992 4065 hoc
2015 4009 2135 4079 jure

545 4095 777 4164 dicatur,
806 4097 900 4152 sed
928 4098 1086 4153 etiam
1131 4097 1197 4154 iis
1235 4099 1323 4169 qui
1368 4099 1574 4154 veritati
1616 4100 1951 4169 impudenter
1991 4101 2133 4155 obsi-

544 4196 710 4242 stunt.
741 4189 960 4244 Dicente
998 4189 1140 4245 enim
1170 4189 1435 4260 Philippo,
1470 4189 1691 4246 Ostende
1718 4192 1860 4246 nobis
1891 4189 2128 4259 Patrem,

544 4280 825 4349 respondit
846 4280 1090 4336 Christus
1120 4301 1132 4336 :
1170 4281 1329 4336 Tanto
1358 4293 1580 4354 tempore
1606 4283 1859 4337 vobiscum
1898 4299 2042 4345 sum,
2084 4294 2131 4337 et

543 4386 645 4425 non
673 4373 947 4444 cognovisti
975 4389 1083 4437 me,
1113 4371 1397 4443 Philippe?
1429 4372 1494 4427 Et
1519 4382 1693 4428 tamen
1725 4372 1938 4443 quidam
1972 4384 2126 4439 sunt,

540 4464 630 4534 qui
659 4475 777 4534 post
803 4463 918 4520 hmc
945 4466 1106 4521 verba
1134 4467 1324 4521 Filium
1354 4482 1384 4521 a
1416 4466 1571 4521 Patre
1600 4467 1938 4523 abscindunt.
1969 4468 2125 4538 Atqui

541 4572 701 4629 quam
730 4558 987 4628 majorem
1009 4560 1203 4630 quaeris
1226 4560 1706 4630 prepinquitatem?
1735 4560 1959 4629 Quidam
1984 4562 2125 4615 enim

540 4666 607 4705 ex
647 4649 749 4706 hoc
775 4651 917 4706 dicto
955 4652 1007 4705 in
1044 4650 1259 4706 Sabellii
1291 4652 1533 4706 morbum
1579 4652 1896 4708 inciderunt.
1929 4653 2123 4707 Verum

538 4750 593 4796 et
618 4740 701 4795 his
724 4750 777 4796 et
802 4740 905 4796 illis
930 4740 1148 4809 relictis,
1183 4752 1238 4797 ut
1262 4757 1329 4797 ex
1354 4743 1615 4798 diametro
1643 4754 1697 4799 et
1724 4744 1884 4814 impie
1912 4745 2127 4814 opposi-

537 4833 641 4899 tis,
672 4841 979 4889 accuratuin
1008 4823 1294 4889 verborum
1323 4848 1539 4889 sensum
1567 4834 1926 4904 exploremus.
1961 4833 2122 4889 Tanto

536 4937 762 4999 tempore
784 4925 1038 4980 vobiscum
1064 4942 1206 4993 sum,
1232 4936 1280 4980 et
1305 4943 1406 4979 non
1434 4927 1707 4997 cognovisti
1736 4944 1832 4991 me,
1858 4925 2117 4997 Philippe.

528 5004 673 5081 Quid
693 5015 876 5070 enim?
898 5023 1024 5071 tune
1049 5016 1207 5072 Pater
1227 5031 1285 5072 es
1306 5033 1464 5086 quem
1492 5018 1739 5088 inquiro?
1762 5018 1901 5083 Non,
1930 5019 2117 5088 inquit.

536 5108 661 5165 .deo
686 5122 791 5162 non
821 5107 972 5172 dixit,
999 5106 1112 5164 Non
1140 5108 1434 5179 cognovisti
1460 5123 1613 5174 eum;
1640 5108 1757 5175 sed,
1787 5108 1908 5164 Non
1932 5127 2121 5182 cogno-

531 5200 644 5254 visti
674 5214 793 5266 me;
823 5197 952 5255 nihil
983 5199 1124 5255 aliud
1153 5199 1434 5255 declarans
1453 5240 1468 5266 ,
1495 5215 1653 5271 quam
1693 5215 1799 5254 non
1828 5200 1970 5255 aliud
2000 5216 2119 5256 esse

535 5292 762 5360 Filium,
803 5305 960 5362 quam
990 5290 1129 5360 quod
1176 5299 1262 5346 est
1303 5291 1480 5359 Pater,
1525 5306 1744 5346 manens
1784 5299 1961 5348 tamen
2005 5293 2118 5361 ipse

531 5385 717 5441 Filius.
769 5383 879 5440 Cur
927 5383 1205 5453 Philippus
1252 5384 1322 5438 ad
1368 5381 1804 5453 interrogandum
1852 5383 2117 5438 accessit?

531 5478 748 5534 Dixerat
770 5476 1035 5545 Christus,
1060 5475 1121 5532 Si
1139 5477 1492 5549 cognovissetis
1517 5493 1615 5544 me,
1647 5487 1693 5530 et
1719 5476 1925 5530 Patrem
1950 5494 2115 5530 meum

526 5570 695 5639 utique
719 5570 1074 5640 cognovissetis
1114 5566 1312 5642 (Joan.
1354 5568 1442 5623 14.
1482 5568 1587 5640 7);
1627 5567 1931 5639 Judaeisque
1970 5582 2112 5638 smpe

532 5658 632 5716 hoc
680 5660 854 5733 ipsum
903 5660 1133 5717 dixerat.
1183 5660 1318 5728 Quia
1363 5674 1491 5730 ergo
1532 5674 1653 5714 eum
1703 5660 2011 5729 frequenter
2060 5670 2113 5714 ct

527 5749 718 5807 Petrus
732 5762 787 5807 et
799 5752 824 5809 J
834 5753 967 5808 udazi
984 5753 1584 5824 interrogaverant,quis
1597 5762 1739 5808 esset
1751 5751 1927 5818 Pater,
1947 5753 2109 5807 inter-

527 5852 805 5910 rogaverat
835 5843 962 5899 item
990 5844 1245 5912 Thomas,
1277 5854 1332 5901 et
1358 5845 1531 5901 nullus
1560 5846 1686 5916 quid
1711 5845 1912 5902 clarum
1947 5859 2104 5902 acce-

2247 3460 2417 3524 perat,
2450 3450 2541 3506 sed
2573 3450 2745 3504 adhuc
2770 3465 2857 3506 res
2886 3449 3256 3521 ignorabatur;
3292 3466 3361 3505 ne
3389 3452 3643 3507 molestus
3672 3450 3821 3505 vide-

2222 3554 2395 3599 .retur
2420 3558 2539 3599 esse
2568 3544 2876 3614 Philippus,
2922 3553 2976 3598 et
3013 3559 3135 3599 cum
3171 3543 3368 3599 Judmis
3412 3545 3664 3600 tentando
3699 3560 3819 3599 eum

2244 3633 2571 3702 fastidiosus,
2604 3646 2655 3688 ut
2686 3636 2837 3698 dixit,
2870 3635 3090 3690 Ostende
3112 3635 3253 3689 nobis
3280 3635 3488 3691 Patrem
3521 3644 3661 3689 tuum
3680 3676 3697 3703 ,
3726 3634 3820 3689 ad-

2238 3728 2397 3797 jccit,
2444 3725 2513 3780 Et
2556 3728 2735 3797 sul/icit
2775 3727 2951 3793 nobis;
2993 3727 3122 3782 nihil
3162 3727 3295 3782 ultra
3321 3728 3627 3799 qumrimus.
3661 3727 3815 3796 Atqui

2240 3818 2482 3874 Christus
2501 3819 2706 3875 dixerat
2730 3838 2742 3873 :
2769 3820 2827 3875 Si
2854 3820 3201 3891 cognovissetis
3221 3835 3325 3886 me,
3353 3828 3397 3873 et
3426 3818 3631 3873 Patrem
3655 3834 3817 3872 meum

2240 3913 2409 3981 utique
2432 3912 2804 3983 cognovissetis,
2837 3920 2892 3967 et
2920 3926 3015 3982 per
3038 3927 3098 3966 se
3117 3911 3327 3966 Patrem
3351 3909 3666 3965 ostendebat
3691 3926 3705 3965 :
3730 3910 3817 3966 ille

2239 4020 2368 4059 vero
2397 4005 2618 4059 mutavit
2645 4004 2887 4060 ordinem
2917 4005 3101 4061 dicens
3118 4046 3135 4070 ,
3164 4004 3397 4060 Ostende
3422 4004 3657 4069 Patrem,
3682 4018 3745 4059 ac
3768 4003 3814 4059 si

2235 4094 2503 4151 Christum
2524 4107 2767 4152 accurate
2782 4105 3145 4168 cognosceret.
3170 4096 3364 4152 Verum
3383 4111 3487 4152 non
3514 4097 3591 4152 illi
3612 4111 3813 4152 morem

2235 4190 2403 4259 gessit
2426 4188 2701 4257 Christus,
2742 4190 2835 4247 sed
2865 4190 2931 4246 ad
2958 4191 3095 4245 viam
3132 4189 3359 4256 direxit,
3389 4189 3621 4245 suadens
3648 4188 3720 4244 illi
3756 4196 3814 4242 ut

2237 4299 2331 4353 per
2359 4299 2417 4343 se
2455 4282 2666 4338 Patrem
2706 4290 3073 4354 cognosceret.
3105 4280 3222 4353 Ipse
3260 4294 3387 4337 vero
3413 4283 3619 4336 carneis
3644 4280 3814 4335 oculis

2235 4376 2407 4443 ipsum
2436 4374 2618 4429 videre
2650 4374 2887 4433 volebat.
2937 4375 3073 4429 forte
3101 4374 3221 4446 quia
3250 4372 3491 4429 audierat
3530 4373 3695 4427 Deum
3729 4374 3810 4425 vi-

2233 4464 2375 4519 disse
2419 4465 2727 4535 prophetas.
2777 4464 2972 4521 Verum
3018 4466 3108 4520 illa
3148 4463 3431 4520 humiliore
3472 4465 3632 4519 modo
3670 4463 3807 4518 dicta

2233 4566 2391 4620 sunt,
2421 4574 2454 4611 0
2481 4557 2741 4628 Philippe.
2775 4557 2898 4612 Ideo
2922 4558 3131 4613 dicebat
3161 4556 3403 4613 Christus
3431 4576 3443 4612 :
3480 4557 3638 4611 Deum
3668 4572 3808 4610 nemo

2229 4648 2352 4701 vidit
2374 4665 2613 4718 umquam
2645 4648 2829 4720 (Joan.
2860 4650 2909 4703 1.
2954 4650 3089 4720 18);
3131 4662 3185 4705 et
3226 4665 3435 4705 rursum
3460 4692 3476 4716 ,
3510 4648 3687 4703 Omnis
3722 4648 3809 4718 qui

2228 4739 2418 4792 audivit
2444 4756 2475 4793 a
2500 4739 2627 4806 Deo,
2650 4752 2695 4794 et
2716 4741 2926 4808 didicit,
2954 4743 3083 4795 venit
3108 4742 3177 4795 ad
3199 4758 3294 4796 me.
3318 4740 3496 4811 Neque
3513 4758 3680 4794 vocem
3700 4742 3806 4808 ejus

2226 4835 2457 4896 audistis,
2475 4849 2631 4904 neque
2647 4835 2823 4903 faciem
2843 4838 2952 4903 ejus
2969 4834 3159 4888 vidistis
3180 4834 3338 4905 (Ibid.
3361 4832 3413 4887 6.
3437 4834 3524 4889 45.
3548 4845 3592 4887 et
3611 4832 3669 4888 5.
3692 4835 3802 4906 37).

2228 4925 2296 4979 Et
2325 4926 2375 4979 in
2409 4924 2587 4980 Veteri
2615 4924 2975 4988 Testamento,
3018 4924 3183 4980 Nemo
3207 4926 3387 4981 videbit
3416 4926 3597 4995 {aciem
3620 4942 3799 4992 meant,

2225 5029 2271 5074 et
2296 5022 2417 5073 vivet
2445 5019 2636 5089 (Exod.
2660 5020 2746 5073 55.
2776 5018 2889 5088 9.0).
2912 5018 3047 5085 Quid
3068 5034 3197 5089 ergo
3212 5018 3486 5075 Christus?
3504 5020 3799 5074 Admodum

2224 5110 2461 5179 increpat
2494 5128 2507 5164 :
2538 5108 2701 5163 Tanto
2730 5121 2951 5180 tempore
2973 5110 3224 5163 vobiscum
3248 5127 3381 5175 sum,
3411 5120 3460 5164 et
3483 5126 3584 5164 non
3611 5127 3799 5181 cogno-

2220 5204 2334 5256 visti
2363 5218 2474 5269 me,
2507 5202 2786 5273 Philippe?
2814 5202 2927 5256 Non
2957 5202 3116 5267 dixit,
3151 5203 3262 5257 Non
3294 5204 3468 5258 vidisti
3509 5219 3635 5269 me;
3666 5203 3757 5257 sed
3783 5244 3795 5263 τ

2223 5293 2344 5347 Νοη
2373 5295 2645 5365 cognovisti
2673 5311 2768 5347 me.
2800 5293 3063 5364 Numquid
3106 5304 3157 5349 te
3201 5310 3359 5349 nosse
3401 5296 3564 5349 volo?
3609 5296 3793 5366 inquit.

2220 5384 2430 5439 Patrem
2460 5395 2607 5439 tuum
2636 5385 2816 5441 videre
2847 5401 2985 5440 nunc
3009 5400 3220 5455 quaero;
3250 5395 3303 5441 tu
3329 5402 3456 5441 vero
3480 5386 3610 5441 mihi
3636 5386 3795 5449 dicis.

2219 5476 2341 5532 Non
2366 5478 2641 5548 cognovisti
2663 5478 2780 5531 me?
2802 5493 3043 5547 quamam
3068 5478 3181 5533 haec
3202 5479 3579 5549 consequentia
3596 5478 3620 5532 ?
3640 5478 3793 5533 Mults

2217 5582 2367 5624 Sane.
2398 5568 2530 5636 Quia
2558 5568 2701 5623 enim
2731 5568 2897 5623 Filius
2924 5568 3152 5638 idipsum
3180 5580 3260 5623 est
3286 5569 3425 5638 quod
3466 5568 3643 5634 Pater,
3677 5584 3791 5622 ma-

2216 5676 2348 5715 nens
2372 5671 2546 5715 tamen
2569 5659 2755 5724 Filius,
2774 5659 2895 5729 jure
2920 5660 2971 5713 in
2996 5674 3056 5715 se
3077 5660 3287 5715 Patrem
3316 5659 3568 5715 ostendit.
3596 5660 3795 5715 Deinde

2216 5752 2527 5823 hypostascs
2551 5749 2881 5821 distinguens
2908 5752 2982 5806 ait
3006 5769 3020 5805 :
3052 5751 3153 5819 Qui
3176 5752 3308 5806 videt
3332 5767 3429 5817 me,
3458 5752 3589 5806 videt
3614 5761 3661 5805 et
3691 5749 3795 5804 Pa-

2212 5854 2367 5913 trem,
2394 5858 2460 5900 nc
2486 5842 2603 5916 quis
2628 5842 2825 5900 diceret
2850 5845 3095 5900 eumdem
3122 5858 3241 5901 esse
3263 5842 3472 5899 Patrem
3495 5853 3550 5900 et
3573 5842 3790 5900 Filium.
