4100 6362
289 434 401 495 599

290 556 429 610 Θεὸν
451 595 466 620 ,
493 552 594 607 οὐκ
635 551 838 616 εἰδότες
866 552 948 605 ὅτι
980 550 1182 622 μᾶλλον
1214 552 1378 605 αὑτὸν
1406 564 1433 592 ι
1474 552 1874 624 παροξύνομεν.

290 641 433 695 Εἰπὲ
464 638 574 709 γάρ
606 653 717 707 μοι,
748 637 799 689 εῖ
826 652 891 704 γε
925 635 1045 688 ὄνον
1086 636 1278 706 νεκρὸν
1326 636 1422 689 καὶ
1461 635 1737 706 σεσηπότα
1770 638 1879 691 ἀπὸ

288 724 394 794 τῆς
426 721 633 793 τριόδου
668 720 761 773 καὶ
787 719 895 771 τῶν
927 719 1182 788 άμφόδων
1209 718 1447 781 ἑλκύσας
1474 719 1568 771 ἐπὶ
1593 720 1654 773 τὸ
1686 719 1875 774 θυσια-

293 810 517 877 στήριον
544 804 756 874 ἔφερες,
791 798 901 873 ἆρα
931 803 1032 855 οὐκ
1078 801 1143 856 ἂν
1176 801 1413 864 ἅπαντές
1451 819 1510 855 σε
1546 803 1877 857 κατέλευσαν

291 895 372 954 ὡς
397 890 564 959 ἐναγῆ
593 889 687 943 καὶ
718 887 964 958 μυσαρόν
988 888 1051 953 b;
1096 888 1162 940 Τί
1191 883 1305 952 οὖν,
1346 887 1441 939 ἐὰν
1482 887 1704 956 ἐλέγξω,
1734 889 1815 942 ὅτι
1843 890 1875 959 ὴ

294 974 457 1027 θυσία
490 976 521 1043 ἠ
555 970 615 1036 ἐξ
644 973 901 1043 ἁρπαγῆς
934 971 1299 1042 μυσαρωτέρα
1326 971 1540 1033 τούτου,
1569 972 1727 1032 ποίας
1755 989 1879 1024 τευ-

293 1056 502 1127 ξόμεθα
543 1055 867 1123 ἁπολογίας;
903 1055 1097 1125 Θῶμεν
1152 1056 1261 1126 γάρ
1294 1073 1345 1108 τι
1396 1054 1676 1125 κειμήλιον
1717 1072 1865 1122 γεγε⁹

292 1140 491 1211 νῆσθαι
542 1138 602 1203 ἐξ
645 1138 917 1210 ἁρπαγῆς·
974 1138 1094 1209 οὐχὶ
1141 1138 1262 1191 ὄνου
1316 1138 1642 1206 τεθνηκότος
1677 1138 1877 1209 μᾶλλον

292 1224 489 1285 δδωδες
520 1222 707 1275 Βούλει
739 1222 931 1292 μαθεῖν
962 1221 1103 1291 πόση
1127 1222 1225 1292 τῆς
1253 1220 1530 1292 ἁμαρτίας
1555 1224 1588 1292 ἠ
1625 1222 1876 1290 σηπεδὼν

296 1310 474 1372 ἐστιν;
516 1308 781 1359 ’Ἄκουσον
814 1304 907 1356 τοῦ
943 1306 1227 1375 Προφήτου
1258 1305 1509 1374 λέγοντος
1531 1323 1544 1335 ·
1580 1305 1878 1373 Προσώζε-

298 1408 423 1445 σαν
447 1390 543 1443 καὶ
567 1389 893 1455 ἐσάπησαν
920 1391 973 1442 οί
993 1387 1284 1457 μώλωπές
1301 1406 1439 1457 μου.
1468 1389 1541 1441 Σὺ
1569 1388 1626 1441 δὲ
1652 1389 1739 1442 διὰ
1777 1390 1876 1459 μέν

302 1476 562 1546 ῥημάτων
585 1473 677 1525 τὸν
711 1472 843 1525 Θεὸν
873 1473 1041 1537 ἀξιοῖς
1072 1471 1424 1524 ἐπιλαθέσθαι
1452 1466 1526 1523 ὧν
1556 1475 1730 1534 ποιεῖς
1772 1490 1871 1525 κα-

298 1558 432 1611 κῶνο
454 1556 617 1618 αὐτὸς
637 1556 693 1609 δέ
711 1555 778 1608 δι’
803 1548 878 1608 ὧν
898 1556 1072 1618 ποιεῖς
1102 1555 1362 1624 ἁρπάζων
1392 1555 1486 1607 καὶ
1511 1554 1871 1619 πλεονεκτῶν,

296 1642 393 1695 καὶ
446 1639 890 1711 παρασκευάζεις
942 1637 1249 1709 μεμνῆσθαι
1280 1637 1572 1709 διηνεκῶς,
1614 1638 1876 1702 ἐπιτιθείς

298 1744 396 1779 σου
429 1725 529 1795 τὴν
571 1723 849 1794 ἁμαρτίαν
883 1723 977 1775 ἐπὶ
1025 1721 1086 1774 τὸ
1120 1720 1524 1790 θυσιαστήριον.
1560 1722 1675 1774 Νῦν
1719 1722 1775 1775 δὲ
1812 1722 1873 1775 οὐ

294 1810 452 1863 τοῦτο
492 1809 651 1879 μόνον
683 1808 798 1860 ἐστὶ
829 1808 891 1860 τὸ
928 1805 1256 1877 ἁμάρτημα,
1292 1804 1430 1858 ἀλλὰ
1464 1806 1557 1858 καὶ
1582 1805 1641 1859 τὸ
1682 1804 1874 1858 τούτου

293 1892 695 1965 χαλεπώτερον,
734 1891 816 1943 ὃτι
863 1889 964 1953 τὰς
1003 1888 1113 1942 τῶν
1158 1888 1326 1956 ἁγίων
1378 1887 1628 1957 μολύνεις
1673 1888 1873 1958 ψυχάς.

295 1975 467 2029 Τοῦτο
503 1976 599 2045 μέν
628 1974 740 2044 γὰρ
766 1972 911 2035 λίθος
941 1972 1080 2038 ἐστὶ,
1112 1973 1207 2024 καὶ
1233 1970 1553 2040 ἁγιάζεται·
1584 1972 1789 2025 ἐκεῖναι
1819 1971 1877 2025 δέ

292 2061 382 2115 διὰ
416 2058 614 2121 παντὸς
644 2058 804 2112 αὑτὸν
838 2057 1064 2128 φέρουσι
1099 2055 1191 2109 τὸν
1226 2053 1460 2126 Χριστόν
1487 2070 1499 2083 ·
1535 2054 1631 2107 καὶ
1667 2054 1873 2126 τολμᾷς

292 2147 410 2197 ἐκεῖ
442 2143 682 2212 πέμπειν
720 2140 828 2193 ἀπὸ
860 2139 1115 2210 τοιαύτης
1148 2138 1531 2210 ἀκαθαρσίας;
1568 2138 1726 2208 Οὐχὶ,
1779 2156 1877 2209 φη-

295 2228 379 2281 σίν
398 2242 412 2256 ·
439 2226 541 2279 οῦκ
568 2222 710 2279 αὐτὰ
738 2222 807 2276 τά
830 2224 1113 2294 χρήματα,
1141 2221 1255 2275 ἁλλ’
1282 2222 1465 2292 ἕτερα.
1498 2221 1676 2284 Γέλως
1704 2221 1877 2275 ταῦτα

292 2310 388 2363 καὶ
416 2309 602 2380 λῆρος.
638 2307 755 2360 Οὐκ
783 2301 950 2370 οἶδας,
981 2306 1063 2359 ὅτι
1097 2304 1202 2359 κᾶν
1230 2307 1310 2368 είς
1340 2305 1476 2357 πολὺ
1511 2304 1716 2374 πλῆθος
1748 2322 1877 2376 χρη-

294 2392 484 2462 μάτων
520 2391 619 2460 τῆς
651 2388 865 2452 ἀδικίας
890 2388 1107 2463 ἐμπέσῃ
1135 2389 1308 2459 ῥανὶς,
1341 2388 1518 2442 πάντα
1551 2388 1873 2459 μολύνεται;

291 2473 562 2545 Καθάπερ
608 2468 702 2526 οὖν
747 2474 827 2536 είς
876 2472 1057 2542 πηγὴν
1104 2470 1356 2542 καθαρὰν
1399 2472 1605 2542 κόπρον
1647 2490 1733 2535 τις
1778 2474 1877 2542 ἐμ-

290 2557 493 2621 ϐαλὼν,
536 2558 719 2611 πᾶσαν
768 2556 974 2627 αὐτὴν⁶
1014 2554 1323 2625 ἀκάθαρτον
1358 2556 1688 2625 εἰργάσατοο
1733 2555 1876 2609 οὕτω

290 2643 387 2698 καὶ
414 2644 470 2695 ἐν
494 2641 710 2713 πλούτῳ
737 2638 1020 2705 πλεονεξία
1045 2656 1131 2702 τις
1157 2638 1474 2691 εἰσελθοῦσα
1495 2679 1508 2701 ,
1536 2641 1714 2693 πάντα
1740 2640 1876 2692 ἀπο-

291 2727 445 2780 πνεῖν
483 2727 627 2778 ποιεῖ
655 2724 757 2794 τῆς
796 2723 1005 2776 ἐκεῖθεν
1052 2722 1334 2785 δυσωδίας.
1369 2716 1505 2776 Εἶτα
1534 2724 1725 2794 χεῖρας
1775 2723 1874 2792 μέν

291 2808 611 2879 νιπτόμεθα,
652 2809 734 2873 είς
767 2804 1062 2877 ἐκκλησίαν
1089 2807 1349 2870 εἰσιόντες
1370 2823 1383 2836 ’
1413 2806 1512 2877 τὴν
1546 2807 1602 2860 δέ
1644 2806 1874 2876 καρδίαν

289 2892 508 2957 οῦκέτι;
541 2892 634 2961 Μὴ
663 2890 773 2962 γάρ
803 2893 857 2943 αί
890 2892 1071 2961 χεῖρες
1110 2891 1294 2960 φωνὴν
1322 2891 1582 2960 ἀφιᾶσινς
1626 2888 1688 2942 Ὴ
1726 2890 1873 2962 ψυχὴ

292 2975 603 3046 προφέρειο
649 2975 716 3028 τὰ
746 2977 969 3046 ῥήματα
1029 2974 1108 3037 είς
1141 2973 1355 3044 ἐκείνην
1396 2976 1425 3027 6
1452 2974 1584 3037 Θεὸς
1628 2974 1869 3046 καθορᾷ.

289 3060 442 3113 οὐδὲν
471 3060 553 3114 δεῖ
576 3059 676 3131 τῆς
704 3059 799 3112 τοῦ
831 3059 1082 3129 σώματος
1109 3058 1497 3129 καθαρότητος,
1533 3059 1749 3129 ἐκείνης
1777 3076 1874 3129 με-

293 3143 654 3215 μολυσμένης.
694 3143 759 3195 Τί
790 3142 899 3213 γάρ
930 3140 1141 3211 ὄφελος,
1180 3140 1247 3194 ἂν
1280 3140 1379 3203 τὰς
1404 3141 1604 3207 ἔξωθεν
1638 3142 1735 3212 μὲν
1769 3144 1875 3211 χεῖο

293 3243 392 3297 ρας
425 3226 773 3298 ἀποσμήξῃς,
816 3228 915 3290 τὰς
955 3227 1012 3278 δέ
1043 3226 1191 3279 ἔνδον
1231 3225 1571 3296 ἀκαθάρτους
1607 3226 1767 3297 ἕχῃς;
1800 3227 1874 3279 Τὸ

354 3331 382 3360 ⁸
422 3329 628 3389 Quidam
660 3330 743 3377 τὸν
780 3329 919 3388 Θεὸν,
962 3328 1118 3377 καίτοι
1164 3345 1218 3389 γε
1257 3330 1433 3390 μᾶλλον
1474 3330 1635 3377 αὐτόν.
1700 3329 1729 3369 ιι
1774 3330 1872 3379 Alii

290 3392 475 3465 μιαρόν.
544 3392 561 3408 '
607 3392 765 3449 Αὺτήν
792 3391 993 3451 aberat;
1034 3393 1243 3439 accessit.
1276 3404 1305 3439 ε
1329 3390 1478 3440 Savil.
1522 3392 1663 3442 Enn.
1727 3396 1749 3423 ο
1777 3392 1874 3445 Alii

287 3469 559 3516 προσφερει.

1210 430 1277 487 IN
1313 431 1629 489 JOANNEM
1668 432 1903 491 HOMIL.
1946 433 2181 493 LXXIV.
2221 435 2291 492 al.
2327 434 2559 490 LXXIII.

3450 442 3559 497 400

1978 554 2089 625 γὰρ
2119 552 2290 608 δεινὸν
2327 553 2422 606 καὶ
2454 553 2630 607 πάντα
2657 553 2984 623 ἁνατρὲπον,
3018 553 3176 607 τοῦτό
3206 554 3344 619 ἐστι,
3380 557 3561 610 ὅτιοτα

1981 637 2155 709 μικρὰ
2190 636 2509 702 δεδοικότες,
2536 636 2645 690 τῶν
2687 637 2939 707 μεγάλων
2969 638 3441 709 καταφρονοῦμεν.
3485 641 3561 693 Τὸ

1980 720 2079 791 μὲν
2105 715 2198 774 οὖν
2226 720 2469 783 ἀνίπτοις
2498 719 2686 791 χερσὶν
2720 718 2979 784 εῦξασθαι
3002 760 3016 782 ,
3048 719 3341 792 ἀδιάφορον
3365 737 3378 751 ·
3412 722 3475 774 τὸ
3501 722 3562 775 δὲ

1976 805 2188 876 ἀνίπτῳ
2229 804 2454 874 διανοίᾳ,
2496 803 2655 857 τοῦτό
2701 806 2816 856 ἐστι
2847 803 2908 856 τὸ
2941 804 3160 858 πάντων
3198 804 3425 876 ἔσχατον
3452 806 3562 859 τῶν

1977 888 2183 941 κακῶν.
2216 888 2481 941 Ἀκουσον
2512 889 2606 941 καὶ
2656 887 2931 951 Ἰουδαίοις
2955 891 3068 952 τοῖς
3094 889 3222 959 περὶ
3252 889 3352 953 τάς
3378 889 3563 942 τοιαύ-

1977 989 2075 1034 τας
2100 971 2440 1043 ἀκαθαρσίας
2462 971 2874 1042 ἡσχολημένοις,
2891 971 2943 1024 τί
2960 971 3235 1043 είρηταιά·
3272 972 3561 1026 Ἁπόπλυ-

1976 1074 2073 1109 ναι
2096 1056 2213 1110 ἀπὸ
2234 1057 2449 1121 κακίας
2471 1055 2584 1124 τὴν
2606 1055 2860 1123 καρδίαν
2878 1070 3017 1109 σου.
3041 1057 3185 1119 Ἕως
3202 1056 3329 1109 πότε
3348 1056 3561 1110 ἔσονταί

1979 1158 2060 1194 σοι
2083 1141 2422 1211 διαλογισμοὶ
2448 1141 2623 1193 πόνων
2643 1157 2767 1207 σου;
2810 1139 3236 1210 Ἀποπλύνωμεν
3256 1140 3351 1192 καὶ
3373 1144 3558 1211 ἡμεῖς,

1982 1227 2056 1296 μὴ
2089 1225 2354 1295 βορϐόρῳ,
2378 1224 2493 1278 ἀλλ’
2518 1222 2671 1276 ὕδατι
2696 1223 2943 1293 καθαρῷ,
2972 1222 3332 1296 ἐλεημοσύνη,
3359 1225 3453 1277 καὶ
3486 1224 3561 1296 μὴ

1976 1308 2276 1379 πλεονεξίᾳ.
2302 1307 2523 1378 Πρῶτον
2545 1305 2892 1376 ἀπαλλάγηθι
2908 1304 3001 1359 τοῦ
3027 1306 3424 1378 ἀρπάζειν,καὶ
3439 1310 3561 1362 τότε

1976 1391 2237 1455 ἐπίδειξαι
2263 1390 2360 1461 τὴν
2389 1389 2779 1460 ἐλεημοσύνην.
2821 1390 3189 1460 Ἐκκλίνωμεν
3224 1392 3333 1444 ἀπὸ
3360 1392 3559 1457 κακοῦ,

1975 1475 2070 1526 καὶ
2104 1476 2418 1544 ποιήσωμεν
2434 1472 2655 1540 ἀγαθόν.
2677 1473 2880 1542 Στῆσον
2900 1472 2998 1535 τὰς
3016 1476 3205 1543 χεῖρας
3228 1473 3339 1527 ἀπὸ
3372 1475 3561 1528 πλεον-

1974 1557 2143 1623 εξίας,
2164 1558 2257 1609 καὶ
2279 1556 2450 1619 οὕτως
2476 1557 2645 1618 αὑτὰς
2674 1556 2767 1609 ἐπὶ
2792 1556 2895 1626 τὴν
2923 1556 3297 1628 ἐλεημοσύνην
3320 1557 3439 1624 ἄγε.
3463 1560 3561 1611 “Av

1973 1640 2031 1693 δὲ
2059 1642 2177 1703 ταῖς
2202 1640 2394 1701 αὑταῖς
2418 1640 2611 1701 ἄλλους
2640 1637 2999 1709 ἀποδύσωμεν
3022 1650 3067 1703 ε,
3093 1641 3143 1692 εί
3170 1640 3265 1692 καὶ
3297 1641 3371 1709 μὴ
3403 1640 3556 1713 [ιδι]

1974 1726 2086 1786 τοῖς
2138 1722 2199 1787 ἐξ
2238 1722 2461 1776 ἐκείνων
2493 1721 2870 1794 ἀφῃρημένοις
2913 1722 3207 1794 ἐνδύωμεν,
3250 1724 3373 1776 οὐδὲ
3416 1722 3561 1777 οὕτω

1977 1804 2340 1875 διαφεύγομεν
2397 1807 2495 1875 τὴν
2550 1805 2788 1857 κόλασιν.
2850 1804 2917 1857 Ἥ
2973 1805 3082 1876 γὰρ
3142 1806 3398 1871 ὑπόθεσις
3464 1804 3560 1860 τοῦ

1981 1888 2210 1959 ἱλασμοῦ
2260 1887 2441 1956 πάσης
2472 1886 2851 1957 πλημμελείας
2894 1887 3151 1952 ὑπόθεσις
3192 1889 3421 1956 γίνεται.
3450 1887 3560 1941 Τοῦ

1976 1972 2083 2042 γὰρ
2108 1970 2281 2034 οὕτως
2303 1970 2473 2023 ἐλεεῖν
2497 1970 2557 2022 τὸ
2584 1971 2656 2041 μὴ
2679 1971 2847 2024 ἐλεεῖν
2875 1972 3145 2043 κρεῖττον.
3187 1970 3340 2026 Ἐπεὶ
3363 1972 3457 2026 καὶ
3481 1971 3562 2042 τῷ

1976 2056 2116 2109 Κάῖν
2147 2053 2351 2123 βέλτιον
2385 2049 2453 2125 ἦν
2496 2054 2629 2124 μηδὲ
2657 2054 2793 2116 ὅλως
2818 2055 3229 2124 προσενεγκεῖν.
3258 2056 3321 2109 EI
3350 2055 3408 2109 δὲ
3438 2057 3467 2109 6
3490 2054 3563 2108 τά

1977 2137 2183 2190 ἐλάττω
2216 2136 2467 2207 κομίσας,
2499 2136 2590 2188 τὸν
2620 2137 2753 2190 Θεὸν
2780 2136 3099 2207 παρώξυνεν
3115 2154 3128 2169 ο
3154 2139 3183 2190 6
3205 2136 3277 2189 τά
3303 2137 3562 2209 ἀλλότρια

1976 2221 2170 2284 διδοὺς,
2202 2221 2323 2284 πῶς
2351 2222 2409 2273 οὐ
2442 2221 2767 2293 παροξυνεῖ;
2812 2219 2952 2289 Ἐγώ
2984 2238 3066 2274 σοι
3093 2216 3267 2284 εἶπον,
3292 2222 3448 2292 φησὶ,
3483 2221 3559 2292 μὴ

1977 2302 2244 2374 ἁρπάζειν
2264 2319 2277 2332 ·
2306 2304 2402 2358 καὶ
2429 2303 2491 2357 σύ
2522 2321 2589 2375 με
2609 2303 2670 2369 ἐξ
2692 2304 2873 2357 αι⁹ιτῶν
2892 2306 3059 2376 τιμᾷς
3078 2322 3092 2369 ;
3110 2305 3163 2357 τί
3190 2304 3453 2375 νομίζειςς
3475 2305 3560 2358 ὃτι

1975 2388 2173 2459 ἥδομαι
2194 2387 2427 2453 τούτοις;
2442 2387 2651 2441 Οὐκοῦν
2674 2390 2791 2459 ἐρεῖ
2808 2389 2945 2457 πρὸς
2962 2388 3042 2439 σέ·
3077 2388 3393 2454 ’Υπέλαὸες
3415 2388 3559 2443 ἀνο-

1970 2472 2140 2539 μίαν,
2160 2469 2248 2524 ὅτι
2275 2472 2493 2540 ἔσομαί
2514 2485 2615 2524 σοι
2632 2471 2857 2540 ὅμοιος.
2875 2470 3133 2540 Ἐλέτξω
3150 2487 3242 2534 σε,
3262 2471 3362 2525 καὶ
3382 2485 3561 2539 παρα-

1975 2553 2185 2620 στήσω
2222 2554 2371 2608 κατὰ
2413 2555 2739 2623 πρόσωπόν
2778 2570 2896 2608 σου
2938 2556 3045 2620 τὰς
3087 2554 3379 2622 ἁμαρτίας
3415 2569 3555 2608 σου.

1988 2638 2148 2691 Ἀλλά
2187 2639 2262 2709 μὴ
2292 2642 2502 2707 γένοιτο
2551 2639 2756 2710 μηδένα
2792 2637 2998 2709 ταύτης
3028 2637 3260 2692 ἀκοῦσαι
3298 2638 3397 2707 τῆς
3440 2655 3558 2707 φω-

1974 2722 2092 2793 νῆς,
2139 2722 2254 2775 ἀλλ’
2287 2721 2659 2793 ἐλεημοσύνην
2689 2721 2937 2792 καθαράν
2980 2721 3424 2792 ἐργασαμένους,
3465 2720 3560 2774 καὶ

1975 2805 2231 2877 λαμπρὰς
2261 2806 2356 2871 τάς
2387 2807 2674 2877 λαμπάδας
2704 2806 2945 2876 ἔχοντας,
2977 2804 3151 2868 οὓτως
3181 2807 3262 2867 είς
3290 2805 3383 2858 τὸν
3415 2822 3557 2875 νυμ-

1976 2891 2130 2959 φῶνα
2154 2891 2433 2954 εἰσελθεῖν,
2464 2892 2648 2963 χάριτι
2678 2891 2773 2943 καὶ
2810 2887 3189 2960 φιλανθρωπίᾳ
3222 2887 3316 2941 τοῦ
3350 2888 3558 2960 Κυρίου

1974 2974 2131 3045 ἡμῶν
2166 2974 2339 3041 Ἰησοῦ
2366 2974 2625 3045 Χριστοῦ,
2655 2968 2699 3043 ᾧ
2727 2976 2763 3046 ἡ
2792 2973 2921 3041 δόξα
2952 2974 3032 3037 είς
3058 2972 3182 3036 τοὺς
3209 2972 3412 3036 αἰῶνας
3448 2973 3558 3026 τῶν

1975 3056 2207 3111 αἰώνων.
2251 3058 2444 3129 Ἀμήν.

2037 3207 2063 3247 ἀ
2088 3208 2631 3285 ΝραυυιιὶαακῶνεὶΔιόε
2641 3209 2884 3285 τοῦτομαὶ
2904 3208 3088 3285 Ἰουδ...
3106 3208 3153 3256 τί
3174 3225 3330 3285 φηςιν.
3354 3225 3424 3285 νο
3456 3214 3559 3263 Mn-

1976 3270 2217 3332 nuscripli
2243 3272 2383 3319 mulli
2408 3273 2466 3334 ἆν
2486 3273 2537 3320 δὲ
2554 3271 2655 3326 ταῖς
2676 3272 2837 3327 αὐταῖς
2871 3272 2980 3334 τοὺς
3009 3270 3229 3334 πτωχούς
3253 3272 3556 3333 ἀποδύωμεν,

1980 3336 2055 3379 vel
2082 3334 2414 3409 ἀποδύσωμεν.
2455 3333 2584 3409 Εόὶξξ
2620 3334 2790 3409 ἄλλους
2820 3332 3271 3409 άποδύωμενζΜοκ
3308 3335 3561 3409 ριφῃρημέτ

1974 3411 2089 3468 νοις,
2125 3396 2215 3468 ,ξιιξὶ
2238 3396 2528 3468 διδομένοις..
2550 3395 2702 3468 [ᾎυιο
2729 3402 2840 3455 post
2874 3407 2987 3468 mss:
3013 3407 3112 3441 non
3134 3396 3273 3457 pauci
3302 3395 3507 3445 ἐπείκαὶ
3530 3399 3559 3447 6

1976 3456 2097 3503 Κάῐν
2123 3457 2318 3518 βελτίων
2338 3456 2395 3515 ἡν
2420 3456 2538 3517 μηδέ
2553 3457 2674 3510 ὅλως
2696 3456 3039 3518 προσενεγκὼν.

1750 3654 1992 3707 ΟΜῙΛΙΑ
2031 3651 2149 3711 ΟΔ’.

289 3743 461 3821 Λέγει
507 3743 669 3821 αὐτῷ
717 3741 1538 3821 Φίλιστποςχῐξύριείηδεῖξον
1575 3743 1720 3821 ἡμῖν
1757 3744 1872 3821 τὸν

364 3812 597 3881 Πατέρα
627 3855 641 3877 ,
682 3814 780 3866 καὶ
834 3812 1007 3881 ἀρκεῖ
1044 3812 1207 3881 ἡμῖν.
1260 3813 1428 3881 Λέγει
1470 3812 1629 3878 αὐτῷ
1677 3816 1709 3867 ὁ
1757 3815 1869 3880 Ἰη-

363 3884 554 3970 σοῦς-ς
596 3885 894 3970 Τοσοῦτον
931 3883 1533 3970 Ϋμεθόηῠαῶν
1578 3887 1713 3969 ειμι,
1754 3884 1868 3970 ,καί

360 3956 473 4009 οὐκ
514 3953 782 4023 ἔγνωκάς
822 3969 920 4022 με,
970 3953 1265 4017 thauma;
1321 3953 1384 4007 ’0
1427 3953 1699 4023 ἑωρακὼς
1742 3953 1868 4024 ἐμὲ,

361 4025 581 4094 ἑώρακε
612 4025 720 4078 τὸν
747 4023 1000 4092 Πατέρα.

362 4136 433 4185 α’.
460 4132 518 4184 ’0
550 4131 651 4199 μὲν
680 4132 966 4202 προφήτης
989 4130 1173 4201 ἔλεγεν
1200 4132 1503 4196 Ἰουδαίοις·
1522 4134 1700 4200 Ὀψις
1727 4132 1868 4199 πόρ-

287 4233 401 4284 νης
433 4215 670 4285 ἐγένετό
693 4233 811 4281 σοι,
833 4215 1417 4285 ἀπηναισχύντησας
1440 4217 1589 4285 πρὸς
1616 4215 1867 4281 πάντας.

300 4301 390 4361 Ὠς
419 4299 563 4352 ἔοικε
583 4299 660 4363 δέ,
679 4299 779 4352 οὐκ
807 4298 990 4370 ἐκείνῃ
1013 4302 1078 4371 τῇ
1105 4300 1257 4353 πόλει
1278 4300 1483 4353 δίκαιον
1512 4300 1671 4370 μόνον
1697 4299 1870 4353 ταῦτα

288 4384 484 4447 εἰπεῖν,
515 4381 652 4435 ἀλλά
672 4386 766 4435 καὶ
794 4383 905 4444 τοῖς
924 4382 1296 4452 ἀναισχύντως
1323 4383 1459 4454 πρὸς
1486 4381 1584 4453 τὴν
1612 4381 1869 4453 ἀλήθειαν

287 4466 688 4519 ἀντιδλέπουσι.
725 4464 832 4518 Τοῦ
880 4466 989 4535 γὰρ
1038 4466 1302 4519 Φιλίππου
1348 4466 1483 4537 πρὸς
1514 4467 1606 4518 τὸν
1638 4465 1869 4539 Χριστὸν

289 4549 555 4614 εἰπόντος,
584 4544 790 4613 Δεῖξον
816 4550 963 4617 ἡμῖν
987 4551 1094 4603 τὸν
1120 4550 1349 4620 Πατέρα
1371 4568 1506 4613 σου,
1529 4550 1662 4619 φησί
1686 4565 1699 4579 ·
1729 4553 1870 4603 Τοσ-

288 4634 472 4689 οῦτον
518 4635 739 4703 χρόνον
776 4634 904 4701 μεθ’
934 4632 1100 4702 ὑμῶν
1134 4636 1268 4703 ειμι,
1302 4634 1400 4687 καὶ
1450 4636 1560 4687 οὐκ
1607 4632 1870 4702 ἔγνωκάς

284 4734 381 4787 με,
412 4718 710 4777 dmum“;
740 4716 852 4769 Καὶ
884 4716 1031 4785 ὅμως
1064 4718 1209 4779 τινές
1238 4717 1345 4770 είσι
1374 4716 1468 4769 καὶ
1503 4715 1639 4786 μετὰ
1667 4716 1735 4769 τὰ
1773 4717 1871 4788 ῥή-

292 4817 439 4871 ματα
462 4798 637 4852 ταῦτα
662 4798 1049 4867 ἁποσχίζοντες
1073 4800 1167 4852 τοῦ
1190 4800 1575 4871 γεγεννηκότος
1606 4800 1693 4852 τὸν
1718 4800 1863 4853 Υἱόν.

289 4884 483 4938 Καίτοι
516 4882 674 4935 ποίαν
710 4882 880 4952 μείζω
912 4881 1115 4953 ταύτης
1141 4882 1323 4953 ζητεῖς
1349 4882 1662 4954 ἐγγύτητα;
1712 4883 1867 4946 Τινὲς

287 4966 397 5036 γάρ
444 4967 509 5018 ἐκ
561 4965 659 5033 τῆς
709 4966 919 5035 ρἡεως
970 4965 1173 5035 ταύτης
1221 4968 1313 5019 καὶ
1344 4968 1424 5029 εἰς
1457 4965 1553 5037 τὴν
1581 4965 1867 5018 Σαϐελλίου

288 5052 443 5103 νόσον
474 5048 753 5101 ἐνέπεσον.
772 5047 931 5100 Ἀλλὰ
959 5049 1054 5101 καὶ
1083 5048 1304 5113 τούτους
1327 5050 1419 5102 καὶ
1446 5049 1685 5112 ἐκείνους
1706 5049 1869 5116 ἀφέν-

286 5150 378 5196 τες
420 5134 597 5201 ὴμεῖς,
626 5130 701 5193 ὡς
746 5131 811 5183 ἐκ
838 5130 1130 5202 διαμέτρου
1166 5132 1635 5203 παρανομοῦντας,
1670 5132 1869 5201 ἴδωμεν

285 5217 395 5269 τῶν
438 5214 743 5287 εἰρημένων
792 5215 891 5285 τὴν
950 5215 1254 5286 ἀκρίϐειαν.
1305 5217 1601 5270 Τοσοῦτον
1649 5217 1871 5285 χρόνον

281 5299 409 5369 μεθ’
441 5297 607 5367 ὑμῶν
655 5300 792 5366 ειμι,
839 5297 938 5350 καί
988 5300 1097 5351 οὐκ
1144 5298 1409 5367 ἔγνωκάς
1443 5316 1537 5367 με,
1591 5300 1867 5364 Φίλιππε,

288 5381 453 5453 φησί;
481 5381 545 5433 Τί
572 5379 711 5451 γάρ;
740 5382 802 5433 σὺ
830 5376 879 5433 εἴ
898 5383 926 5433 6
948 5380 1135 5451 Πατὴρ
1154 5382 1211 5434 ὃν
1234 5381 1506 5451 ἐπιζητῶ;
1530 5383 1683 5452 Οὐχὶ,
1714 5383 1865 5452 φησί.

285 5468 385 5520 Διά
410 5464 565 5520 τοῦτο
597 5464 716 5517 οῦδέ
746 5462 916 5528 εἶπεν,
952 5464 1065 5516 Οὐκ
1094 5464 1337 5532 ἔγνωκας
1365 5466 1553 5517 αὐτόν’
1581 5466 1716 5529 ἀλλ’,
1747 5468 1867 5519 Οὐκ

284 5548 551 5619 ἔγνωκάς
571 5564 647 5616 με
666 5565 680 5578 ο
717 5548 868 5600 οὐδὲν
902 5547 1029 5600 ἄλλο
1060 5548 1359 5618 ἐμφαίνων,
1401 5548 1432 5619 ἢ
1464 5549 1543 5601 ὅτι
1575 5548 1725 5601 οὐδὲν
1750 5548 1867 5600 ἐτε-

290 5635 381 5705 ρόν
408 5634 555 5685 ἐστιν
578 5634 606 5684 6
639 5630 779 5692 Υἱὸς,
811 5631 842 5698 ἢ
871 5629 1028 5683 τοῦτο
1055 5632 1190 5702 ὅπερ
1214 5632 1361 5685 ἐστὶν
1388 5634 1416 5684 ό
1450 5634 1657 5703 Πατὴρ,
1692 5632 1867 5702 μένων

283 5720 344 5771 ἐν
374 5716 451 5787 τῷ
477 5711 614 5768 εἶναι
645 5716 792 5777 Υἱός.
825 5715 995 5767 Πόθεν
1024 5715 1079 5769 δέ
1111 5718 1202 5768 ἐπὶ
1229 5716 1385 5769 τοῦτο
1423 5713 1583 5786 ἦλθεν
1617 5720 1644 5769 ὁ
1680 5716 1866 5768 Φίλιπ-

282 5817 420 5863 ποςς
455 5800 710 5868 Ἐλεγεν’
748 5800 817 5852 El
846 5798 950 5866 ἐμὲ
984 5798 1312 5867 ἐγνώκειτε,
1346 5800 1443 5853 καὶ
1488 5799 1594 5853 τὸν
1636 5799 1867 5867 Πατέρα

276 5901 397 5953 μου
426 5882 733 5951 ἐγνώκειτε
764 5880 869 5933 ἀν’
904 5882 998 5935 καὶ
1038 5887 1149 5945 τοῖς
1187 5883 1460 5943 Ἰουδαίοις
1494 5883 1749 5946 πολλάκις
1786 5879 1865 5935 εί·-

282 5984 383 6019 πεν
412 5967 589 6020 τοῦτο.
609 5966 759 6017 Ἐπεὶ
801 5961 895 6018 οὖν
945 5965 1226 6038 ἠρώτησεν
1257 5968 1417 6021 αὐτὸν
1450 5971 1478 6020 ὁ
1514 5969 1717 6039 Πέτρος
1747 5968 1868 6023 πολ·

286 6050 464 6117 λάκις,
504 6051 598 6106 καὶ
644 6049 901 6114 Ἰουδαῖοι,
926 6050 1009 6113 τίς
1056 6052 1202 6105 ἐστιν
1250 6055 1278 6105 ὀ
1323 6051 1529 6125 Πατὴρ,
1584 6052 1866 6124 ἠρώτησεν

1971 3746 2135 3798 αὑτὸν
2182 3746 2275 3799 καὶ
2324 3748 2353 3799 6
2387 3746 2607 3815 Θωμᾶς,
2637 3746 2732 3798 καὶ
2762 3744 2936 3808 οὐδεὶς
2965 3744 3114 3799 οὐδὲν
3145 3745 3315 3815 ἔμαθε
3365 3750 3557 3819 σαφὲς,

1970 3828 2083 3880 ἀλλ’
2108 3828 2187 3881 ἐτι
2216 3830 2460 3898 ἠγνοεῖτο
2483 3828 2550 3881 τὰ
2571 3828 2859 3898 λεγόμενα,
2886 3828 2971 3881 ῐνα
2999 3828 3072 3899 μὴ
3099 3828 3226 3901 δόξῃ
3246 3834 3560 3904 προσκορὴς

1970 3908 2110 3965 εἶναι
2159 3916 2188 3966 6
2237 3913 2523 3977 Φίλιππος,
2556 3913 2652 3965 καὶ
2696 3912 2984 3982 διενοχλεῖν
3034 3912 3196 3967 αὐτὸν
3245 3915 3383 3982 μετὰ
3433 3918 3558 3980 τοὺς

1983 3995 2264 4060 Ἰουδαίους
2295 3996 2513 4067 ἐρωτῶν
2544 3996 2638 4050 καὶ
2668 3997 2852 4057 αὐτὸς,
2884 3994 3091 4059 Δεῖξον
3129 3995 3275 4065 ’ἡμῖν
3302 4000 3410 4051 τὸν
3440 4002 3559 4051 Πα-

1970 4079 2109 4147 τέρα
2142 4095 2277 4144 σου,
2306 4082 2575 4149 ἐπήγαγε,
2619 4080 2717 4133 καί
2766 4079 2939 4147 ἀρκεῖ
2980 4079 3151 4148 ἡμῖν·
3196 4081 3346 4134 οὐδὲν
3397 4081 3559 4134 πλέον

1971 4164 2259 4234 ζητοῦμεν.
2296 4164 2488 4217 Καίτοι
2531 4165 2559 4215 6
2612 4163 2839 4233 Χριστὸς
2866 4162 3051 4230 ἔλεγεν
3077 4179 3090 4192 °
3127 4166 3198 4217 Εί
3239 4164 3343 4231 ἐμὲ
3378 4164 3559 4233 ἐγνώ..

1969 4265 2145 4311 κειτε,
2176 4247 2272 4300 καί
2316 4248 2422 4301 τὸν
2461 4248 2691 4315 Πατέρα
2727 4264 2846 4315 μου
2891 4244 3201 4315 ἐγνώκειτε
3243 4246 3338 4309 ἂν,
3368 4250 3457 4301 καὶ
3490 4249 3557 4302 δι’

1972 4331 2164 4384 ἑαυτοῦ
2209 4331 2298 4384 τὸν
2352 4331 2571 4402 Πατέρα
2619 4331 2841 4401 ἐδήλου·
2874 4331 2901 4382 ό
2929 4330 2984 4383 δὲ
3030 4329 3181 4402 [455]
3228 4331 3557 4405 ἀντέστρεψε

1969 4415 2068 4485 τὴν
2110 4414 2279 4479 τάξιν,
2312 4414 2405 4467 καί
2440 4431 2606 4485 φησιο
2641 4413 2745 4466 Τὸν
2784 4412 3004 4483 Πατέρα
3051 4413 3241 4479 δεῖξον,
3273 4414 3347 4478 ὡς
3393 4416 3558 4470 αὑτὸν

1971 4496 2127 4562 εἰδὼς
2170 4497 2588 4569 ἀκριϐῶς.Ἀλλ’
2613 4498 2713 4550 οὐκ
2743 4497 2993 4567 ἀνέχεται
3024 4498 3187 4551 αὐτοῦ
3237 4501 3265 4551 ό
3300 4498 3554 4571 Χριστὸς,

1970 4583 2083 4635 ἀλλ’
2119 4583 2213 4635 ἐπὶ
2238 4582 2336 4653 τὴν
2365 4582 2483 4635 όδὸν
2513 4581 2674 4635 αὑτὸν
2702 4582 2905 4652 ῖστησι,
2940 4582 3008 4635 δι’
3029 4581 3193 4635 αὐτοῦ
3222 4582 3314 4636 τὸν
3336 4584 3558 4656 Πατέρα

1974 4666 2264 4737 μανθάνειν
2285 4665 2484 4718 πείθων
2504 4684 2516 4696 ο
2539 4665 2702 4727 αὐτὸς
2721 4664 2817 4717 δέιι
2839 4668 2952 4728 τοῖς
2972 4664 3065 4718 τοῦ
3092 4666 3341 4737 σώματος
3355 4668 3558 4737 ὀφθαλ-

1974 4753 2093 4820 μοῖς
2122 4749 2329 4812 τούτοις
2358 4748 2608 4801 ἐϐούλετο
2634 4748 2778 4809 ίδεῖν,
2807 4747 2936 4811 ἴσως
2969 4748 3096 4819 περὶ
3120 4749 3228 4801 τῶν
3260 4751 3557 4822 προφητῶν

1970 4833 2204 4895 ἀκούων,
2242 4834 2323 4885 ὅτι
2368 4829 2507 4885 εἶδον
2548 4832 2638 4884 τὸν
2686 4831 2836 4886 Θεόν.
2857 4830 3019 4883 Ἀλλά
3050 4832 3460 4899 συγκατάϐασις
3486 4829 3556 4905 ἦν

1971 4919 2171 4979 ἐκεῖνα,
2199 4911 2243 4969 ὧ
2272 4915 2522 4970 Φίλιππε.
2550 4914 2649 4967 Διά
2675 4913 2832 4981 τοῦτο
2864 4917 2891 4967 ό
2924 4915 3156 4985 Χριστὸς
3190 4915 3370 4984 ἔλεγε·
3408 4918 3558 4970 Θεὸν

1971 5000 2171 5064 οὐδεὶς
2200 4996 2417 5066 ἑώρακε
2446 4998 2682 5051 πώποτε
2700 5012 2715 5026 ·
2750 4998 2843 5050 καὶ
2870 4997 3051 5063 πάλιν,
3083 4996 3209 5064 Πᾶς
3234 5002 3266 5051 ὀ
3286 4999 3558 5065 ἀκούσας

1972 5081 2131 5150 παρὰ
2156 5082 2260 5135 τοῦ
2294 5081 2459 5145 Θεοῦ,
2487 5080 2584 5134 καὶ
2612 5080 2837 5149 μαθὼν,
2866 5082 3097 5150 ἔρχεται
3128 5082 3277 5150 πρός
3296 5099 3386 5149 με.
3410 5083 3558 5135 Οὔτε

1971 5165 2181 5233 φωνὴν
2212 5165 2397 5218 αὐτοῦ
2430 5165 2744 5232 ἀκηκόατε,
2780 5164 2918 5218 οὕτε
2963 5165 3122 5230 εἶδος
3161 5164 3348 5217 αὑτοῦ
3380 5165 3559 5231 ἐωρά-

1973 5265 2131 5301 κατε.
2169 5249 2278 5301 Καὶ
2306 5250 2362 5300 ἐν
2392 5250 2456 5318 τῇ
2492 5248 2720 5317 Παλαιᾲ,
2760 5247 2967 5311 Οὐδεὶς
3005 5248 3215 5315 ὄψεται
3259 5247 3325 5301 τὸ
3368 5250 3558 5315 πρόσ-

1974 5332 2138 5384 ωπόν
2157 5349 2297 5399 μου,
2334 5331 2432 5384 καὶ
2462 5330 2719 5395 ζήσεται.
2758 5329 2821 5383 Τί
2850 5328 2945 5384 οὖν
2970 5333 2999 5385 6
3028 5331 3299 5401 Χριστό;;
3345 5332 3557 5403 Σφόδρα

1977 5414 2372 5485 ἐπιτιμητικῶς
2394 5431 2407 5444 ο
2466 5414 2761 5468 Τοσοῦτον
2798 5418 3019 5483 χρόνον
3050 5416 3179 5484 μεθ’
3206 5414 3373 5484 ὑμῶν
3416 5418 3554 5484 ειμι,

1976 5498 2072 5550 καὶ
2102 5501 2212 5552 οὐκ
2240 5498 2505 5567 ἔγνωκάς
2525 5515 2620 5567 με,
2662 5500 2957 5561 Φίλιππες
2987 5500 3093 5553 Καὶ
3118 5500 3215 5552 οὐκ
3242 5496 3415 5555 εἶπεν.
3443 5500 3557 5551 Οὐκ

1974 5577 2111 5645 εἶδές
2151 5600 2238 5652 με,
2270 5583 2407 5640 ἀλλ’,
2438 5584 2558 5636 Οὐκ
2589 5584 2856 5651 ἔγνωκάς
2890 5602 2985 5653 με.
3020 5584 3111 5654 Μὴ
3146 5585 3255 5654 γάρ
3288 5601 3345 5636 σε
3382 5583 3561 5653 βούλου

1977 5682 2093 5736 μαι.
2128 5668 2281 5735 φησὶ,
2318 5667 2535 5735 μαθεῖν;
2576 5668 2678 5720 Τὸν
2713 5670 2930 5740 Πατέρα
2966 5685 3058 5720 σου
3093 5669 3219 5721 ίδεῖν
3249 5667 3397 5734 ζητῶ
3426 5669 3519 5722 νῦν
3540 5686 3553 5699 ·

1976 5751 2039 5800 σὺ
2076 5749 2130 5801 δέ
2162 5767 2250 5819 μοι
2276 5750 2475 5818 λέγεις,
2514 5754 2635 5803 Οὐκ
2678 5752 2944 5821 ἔγνωκάς
2978 5768 3091 5821 με;
3123 5752 3281 5805 ποίαν
3310 5749 3401 5805 οὖν
3428 5754 3556 5805 ἀκο-

1973 5832 2186 5886 λουθίαν
2208 5834 2318 5905 ἔχει
2338 5834 2525 5899 τοῦτο;
2549 5835 2755 5905 Πολλὴν
2783 5836 2880 5907 μὲν
2901 5833 3012 5890 οὖν.
3034 5836 3249 5906 Ἐπειδὴ
3272 5836 3379 5905 γὰρ
3400 5834 3559 5888 τοῦτό

1973 5918 2139 5982 ἐστιν,
2166 5919 2305 5990 ὅπερ
2346 5918 2494 5971 ἐστὶν
2538 5918 2567 5970 6
2611 5919 2823 5993 Πατὴρ,
2858 5922 3033 5993 μένων
3060 5920 3208 5987 Υἱὸς,
3236 5920 3459 5984 εἰκότως
3498 5921 3557 5974 ἐν

2036 6067 2063 6097 ι
2087 6067 2260 6125 Morel.
2291 6068 2449 6126 αὐτοῖς
2470 6070 2539 6131 δέ,
2566 6068 2713 6119 male.
