4100 6362
514 426 621 484 ιοι·

509 538 658 611 αὐτῷ
698 539 932 593 δείκνυσι
973 537 1065 591 τὸν
1115 539 1501 610 γεγεννηκότα.
1537 534 1669 594 Εἶτα
1717 539 1939 610 διαιρῶν
1983 537 2083 600 τὰς

510 622 855 686 ὑποστάσεις,
895 620 1089 689 φησίν⁸
1137 620 1191 672 Ὀ
1234 621 1508 689 ἑωρακὼς
1553 623 1677 691 ἐμὲ,
1712 622 1933 690 ἑώρακε
1976 624 2084 674 τὸν

510 704 759 772 Πατέρα,
789 706 875 756 ἵνα
918 704 989 773 μή
1030 721 1116 767 τις
1153 704 1303 775 εἴπῃ,
1331 707 1412 758 ὄτι
1455 707 1616 770 0010;
1668 706 1873 777 Πατὴρ,
1925 704 2087 767 0010;

510 788 659 850 Υἱός.
679 789 740 840 Εί
765 786 874 857 γὰρ
902 786 1061 849 0010;
1092 783 1159 857 ἦν
1188 788 1217 837 0
1243 790 1447 858 Πατὴρ,
1482 788 1580 840 οὑκ
1612 788 1675 842 ἂν
1701 785 1875 849 εἶπεν,
1906 787 1965 836 Ἥ
1994 788 2094 837 ἐω·

516 869 700 942 ρακὼς
729 871 852 941 ἐμὲ,
884 872 1089 922 ἐκεῖνον
1114 870 1343 941 ἑώρακε.
1380 871 1503 933 Πῶς
1530 873 1585 923 δὲ
1615 873 1715 924 οὐκ
1742 868 1892 923 εἶπεν
1922 867 2090 937 αὐτῷ,

523 954 782 1007 Ἀδύνατα
824 956 1011 1017 αἰτεῖς,
1051 954 1145 1007 καὶ
1189 957 1249 1007 00
1294 955 1434 1007 κατά
1469 956 1783 1027 άνθρωπον;
1820 955 1943 1023 ἐμοὶ
1984 952 2092 1021 γὰρ

515 1038 662 1108 μόνῳ
698 1037 856 1089 τοῦτο
886 1037 1364 1107 δυνατόν.Ἐπειδὴ
1404 1033 1578 1094 εἶπεν.
1600 1038 1783 1105 Ἀρκεῖ
1814 1037 1979 1105 ἡμῖν,
2016 1035 2091 1098 ὡς

509 1122 672 1176 αὑτὸν
695 1121 867 1183 είδὼς,
891 1122 1159 1173 δείκνυσιν
1188 1122 1269 1173 ὄτι
1297 1120 1417 1173 ούδέ
1440 1121 1597 1175 αὑτὸν
1620 1116 1963 1191 ἐώρακεν.⁷Η
1983 1121 2091 1188 γάρ

509 1207 577 1271 ἂν
626 1208 876 1259 κάκεῖνον
921 1201 1077 1266 εἶδεν,
1109 1207 1157 1257 εἰ
1206 1206 1298 1258 καὶ
1342 1206 1500 1259 αὑτὸν
1541 1206 1845 1277 ὴδυνὴθηα.
1893 1208 2091 1274 Διόπερ

512 1292 722 1360 ἔλεγεν·
770 1291 823 1342 '0
856 1289 1125 1357 ἑωρακὼς
1172 1289 1295 1357 ἐμὲ,
1326 1289 1550 1357 ἑώρακε
1600 1291 1706 1342 τὸν·
1748 1290 1998 1356 Πατέρα.
2030 1287 2095 1339 Et

512 1391 595 1435 11;
638 1373 738 1442 ἐμὲ
782 1368 911 1432 εἶδε,
944 1373 1194 1425 κάκεῖνον
1225 1373 1512 1441 δᾲεταιβο
1545 1373 1600 1425 δέ
1649 1372 1817 1440 λέγει,
1852 1372 2092 1425 τοιοῦτόν

512 1458 679 1519 ἐστιν,
713 1457 788 1508 ὃτι
827 1454 961 1507 Οὔτε
990 1455 1112 1524 ἐμὲ,
1135 1454 1258 1507 οὔτε
1294 1459 1499 1508 ἐκεῖνον
1524 1456 1745 1509 δυνατόν
1768 1458 1913 1508 ἐστιν
1939 1455 2087 1508 ίδεῖν.

522 1539 581 1590 ’0
614 1538 722 1607 γάρ
746 1538 1008 1599 Φίλιππος
1054 1538 1153 1607 τὴν
1201 1537 1266 1589 δι’
1298 1537 1474 1605 ὅψεως
1520 1536 1700 1609 ἐζήτει
1726 1538 1927 1607 γνῶσιν
1947 1555 1961 1568 °
1998 1537 2093 1590 καὶ

510 1620 696 1690 ἐπειδὴ
740 1620 903 1673 αὑτὸν
950 1620 1051 1690 μὲν
1100 1620 1403 1690 ἑωρακέναι
1454 1620 1724 1689 ἐνόμιζεν,
1759 1620 2009 1673 ἐϐούλετο
2036 1619 2093 1671 δὲ

510 1704 603 1755 καὶ
629 1702 719 1754 τὸν
748 1701 967 1775 Πατέρα
993 1703 1163 1766 οὕτως
1201 1704 1347 1767 ἰδεῖν,
1374 1704 1645 1756 δείκνυσιν
1672 1705 1752 1757 δτι
1782 1704 1901 1756 οὐδὲ
1931 1703 2093 1757 αὑτὸν

511 1780 668 1839 εἶδεν.

582 1868 646 1922 ΕΞ
668 1868 722 1921 δέ
745 1868 889 1935 λέγοι
912 1886 993 1931 τις
1018 1868 1137 1938 ὄψιν
1161 1868 1395 1924 ἐνταῦθα
1421 1870 1517 1940 τὴν
1540 1869 1896 1938 γνῶσιν,ούδέ
1919 1868 2093 1938 τούτῳ

510 1951 790 2018 ἀντιλέγω.
813 1952 870 2003 '0
894 1952 1001 2022 γάρ
1024 1951 1123 2021 ἐμὲ
1152 1953 1330 2019 γνοὺς,
1368 1955 1552 2021 φησὶν,
1578 1952 1718 2020 ἔγνω
1737 1952 1829 2005 τὸν
1852 1953 2089 2022 Πατέρα,

524 2034 660 2086 Ἀλλ’
691 2036 790 2087 οὐκ
818 2030 939 2087 εἶπε
965 2035 1143 2095 τοῦτο,
1182 2036 1317 2089 ἀλλά
1343 2036 1403 2088 10
1436 2035 1720 2105 ὁμοούσιον
1745 2034 2092 2105 παραστῆσαι

513 2119 835 2186 βουλόμενος
870 2116 1058 2172 εἶπεν⁶
1103 2121 1159 2172 ’0
1193 2121 1291 2189 τὴν
1336 2121 1474 2190 ἐμὴν
1524 2120 1713 2172 οὐσίαν
1759 2117 1935 2180 εἰδὼς,
1984 2113 2093 2169 οἶδε

511 2203 603 2255 καὶ
632 2204 729 2273 τὴν
759 2203 851 2255 τοῦ
882 2203 1109 2273 Πατρός.
1145 2204 1255 2257 Καὶ
1297 2204 1348 2256 τί
1375 2203 1563 2267 τοῦτο;
1602 2203 1753 2272 φησί.
1791 2203 1900 2255 Καὶ
1929 2200 2034 2271 γάρ
2065 2202 2093 2254 0

509 2285 607 2355 τὴν
636 2285 812 2337 κτίσιν
842 2285 1016 2349 εἰδὼς,
1058 2282 1164 2338 οἶδε
1199 2288 1291 2339 καὶ
1340 2287 1431 2339 τὸν
1482 2286 1633 2339 Θεόν.
1670 2285 1862 2337 Καίτοι
1893 2284 2093 2346 πάντες

512 2370 657 2421 ἴσασι
677 2368 775 2438 τὴν
796 2368 973 2420 κτίσιν
1004 2369 1097 2421 καὶ
1127 2372 1404 2440 ἑωράκασι
1424 2386 1439 2402 ο
1468 2369 1555 2421 τὸν
1579 2370 1635 2421 δὲ
1661 2369 1796 2421 Θεὸν
1819 2368 1920 2419 οὐκ
1946 2367 2093 2419 ίσασι

509 2454 728 2515 πάντες.
764 2452 948 2514 Αλλως
986 2453 1064 2516 δὲ,
1106 2454 1303 2522 ἴδωμεν
1329 2454 1382 2506 τί
1410 2456 1437 2507 0
1465 2454 1729 2516 Φίλιππος
1758 2452 1911 2523 ζητεῖ
1943 2452 2089 2504 ίδείν.

508 2528 655 2605 ’Λρα
692 2534 791 2605 τὴν
832 2536 1021 2604 σοφίαν
1050 2534 1142 2588 τοῦ
1180 2536 1419 2607 Πατρός;
1461 2534 1569 2605 ἆρα
1608 2537 1707 2607 τὴν
1745 2536 2091 2604 ἀγαθότητα;

510 2620 643 2688 οὐχί
668 2636 681 2650 ·
729 2619 864 2672 ἀλλά
909 2620 1040 2672 0010
1065 2620 1091 2659 δ
1126 2621 1185 2673 10
1219 2621 1270 2673 τί
1308 2622 1435 2673 ποτέ
1478 2624 1626 2674 ἐστιν
1666 2624 1694 2674 0
1746 2621 1896 2682 Θεὸς,
1925 2620 2094 2688 αὐτὴν

508 2701 605 2771 τὴν
635 2701 842 2755 οὐσίαν.
877 2702 1018 2771 Πρὸς
1048 2703 1202 2755 τοῦτο
1235 2699 1325 2755 οὖν
1372 2705 1724 2773 ἀποκρίνεται
1768 2706 1795 2756 0
1823 2702 2054 2771 Χριστός
2077 2718 2091 2732 ⁸

520 2786 576 2835 '0
606 2784 875 2850 ἑωρακὼς
903 2784 1101 2850 ἐμέ.’0
1132 2785 1187 2838 δὲ
1220 2786 1316 2855 τὴν
1349 2787 1525 2839 κτίσιν
1562 2786 1704 2847 ἰδὼν,
1734 2786 1851 2856 οὐχὶ
1880 2784 2093 2839 καὶτοῦ

508 2865 643 2919 Θεοῦ
690 2867 787 2935 τὴν
831 2867 1019 2919 οὐσίαν
1053 2862 1210 2919 εἶδεν.
1249 2869 1323 2920 ΕΖ
1354 2886 1443 2934 τις
1473 2864 1634 2921 εἶδεν
1673 2868 1797 2937 ἐμὲ,
1826 2868 1933 2922 τὸν
1975 2871 2095 2921 Πα-

509 2949 649 3018 τέρα
687 2968 807 3019 μου
852 2946 993 3005 εἶδε.
1029 2950 1212 3020 φησίν.
1245 2951 1306 3003 Εί
1340 2950 1396 3003 δὲ
1426 2952 1618 3022 ἐτέρας
1657 2951 1846 3014 οὐσίας
1875 2947 1963 3021 ἦν,
1994 2952 2095 3002 οὐκ

513 3033 579 3085 ἃν
608 3032 764 3086 τοῦτο
793 3028 1093 3086 εἶπεν.”ινα
1118 3033 1172 3085 δὲ
1201 3034 1296 3086 καὶ
1328 3035 1633 3105 παχυτέρου
1656 3036 1880 3105 ἅψωμαι
1908 3035 2091 3101 λόγου,

509 3116 681 3177 οὐδεὶς
730 3116 929 3187 χρυσὸν
973 3115 1204 3183 ἀγνοῶν,
1253 3118 1310 3169 ἐν
1350 3116 1577 3187 ἀργύρῳ
1609 3117 1701 3169 τοῦ
1740 3117 1961 3186 χρυσίου
1995 3116 2095 3186 τὴν

511 3199 698 3252 οὐσίαν
731 3200 856 3251 ἰδεῖν
878 3199 1134 3252 δύναται·
1164 3200 1224 3251 00
1258 3199 1366 3270 γὰρ
1398 3200 1531 3270 άλλη
1560 3200 1626 3252 δι’
1652 3200 1819 3269 ἄλλης
1846 3199 2094 3269 φαίνεται

498 3282 691 3349 φύσις.
716 3282 815 3334 Διὰ
841 3281 997 3335 τοῦτο
1026 3283 1120 3336 καὶ
1149 3283 1329 3347 καλῶς
1357 3284 1689 3354 ἐπετίμησεν
1715 3284 1883 3337 εἰπών
1902 3300 1916 3315 ⁸
1940 3282 2093 3356 [456]

518 3365 817 3419 Τοσοῦτον
864 3364 1087 3433 χρόνον
1134 3367 1262 3433 μεθ’
1290 3363 1456 3434 ὑμῶν
1504 3366 1943 3438 εἱμι.Τοσαύτης
1991 3368 2094 3419 ἀπ⁸

514 3449 742 3511 έλαυσας
775 3448 1141 3514 διδασκαλίας,
1169 3445 1306 3513 εἶδες
1355 3452 1553 3518 σημεῖα
1601 3451 1737 3519 μετά
1787 3449 2092 3514 αύθεντίας,

513 3534 608 3587 καὶ
656 3533 830 3585 πάντα
878 3533 1021 3602 ἆπερ
1069 3532 1321 3602 θεότητος
1355 3529 1422 3603 ἦν
1472 3534 1600 3594 ἴδια,
1633 3520 1725 3587 καὶ
1765 3533 1802 3587 ἀ
1843 3536 1871 3586 0
1905 3533 2094 3605 Πατὴρ

516 3618 675 3685 μόνος
730 3613 1038 3685 ἐργάζεται,
1093 3616 1462 3685 ἁμαρτήματα
1512 3615 1767 3686 λυόμενα,
1807 3617 2095 3689 ἀπόρρητα

513 3702 592 3762 είς
641 3701 802 3770 μέσον
844 3699 1107 3769 ἀγόμενα,
1140 3699 1367 3753 θάνατον
1396 3699 1804 3769 ἀναχωροῦντα,
1834 3700 2095 3773 δημιουρ-

514 3783 641 3850 γίαν
677 3784 784 3836 ἀπὸ
812 3783 914 3851 γῆς
941 3782 1253 3852 γινομένην,
1289 3781 1399 3836 Καὶ
1426 3784 1537 3835 οὐκ
1565 3782 1834 3851 ἔγνωκάς
1858 3799 1971 3852 με;

589 3866 653 3936 β’.
690 3866 907 3937 Ἐπειδὴ
933 3867 1041 3938 γὰρ
1067 3867 1243 3937 σάρκα
1270 3866 1603 3937 περιέκειτο,
1632 3866 1722 3918 διὰ
1743 3866 1899 3919 τοῦτο
1918 3865 2092 3931 εἶπεν,

518 3953 639 4004 Οὺκ
662 3950 930 4019 ἔγνωκάς
947 3966 1043 4018 με.
1070 3945 1221 4013 Εἶδες
1247 3948 1336 4001 τὸν
1363 3948 1614 4019 Πατέρα;
1638 3948 1731 4018 Μὴ
1756 3948 1907 4021 ζήτει
1937 3949 2097 4003 πλέον

519 4035 675 4086 ἰδεῖνο
705 4036 764 4085 ἐν
796 4033 989 4102 ἐκείνῳ
1010 4031 1117 4101 γάρ
1153 4049 1217 4101 με
1248 4030 1517 4102 ἑώρακας.
1550 4032 1613 4084 Εἰ
1644 4027 1783 4094 εἶδές
1815 4049 1903 4101 με,
1930 4032 2096 4102 μηδὲν

514 4116 912 4189 περιεργάζουο
964 4117 1055 4168 καὶ
1099 4116 1207 4186 γὰρ
1257 4116 1314 4167 ἐν
1362 4114 1486 4183 ἐμοὶ
1534 4116 1740 4168 ἐκεῖνον
1783 4115 1975 4183 ἔγνως.
2013 4118 2095 4169 Οὐ

515 4202 816 4266 πιστεύεις
865 4199 951 4252 ὅτι
992 4198 1107 4268 ἐγὼ
1148 4200 1217 4251 ὲν
1266 4197 1347 4263 τῷ
1390 4199 1611 4266 Πατρί;
1660 4200 1971 4262 Τουτέστιν,
2009 4201 2095 4255 Ἐν

516 4285 698 4354 ἐκείνῃ
727 4286 795 4354 τῇ
829 4283 985 4353 οὐσίᾳ.
1014 4282 1295 4351 φαίνομαι.
1329 4282 1405 4335 Τὰ
1422 4281 1677 4350 ῥήματα,
1705 4282 1743 4337 ἂ
1770 4284 1882 4354 ἐγὼ
1907 4284 2094 4349 λαλῶ,

516 4370 617 4422 ἀπ’
649 4365 909 4436 ἐμαυτοῦ
940 4367 1011 4419 οὺ
1042 4363 1227 4419 λαλῶ.
1257 4361 1410 4429 Εἶδες
1442 4365 1741 4436 ἐγγύτητος
1770 4367 2094 4441 ὑπερϐολὴν,

517 4453 609 4503 καὶ
640 4452 769 4520 μιᾶς
793 4450 980 4510 οὐσίας
1010 4449 1341 4518 ύπόδειγμα;
1375 4448 1428 4499 Ὁ
1458 4449 1526 4501 δὲ
1551 4449 1774 4517 Πατὴρ,
1804 4453 1835 4502 ὁ
1868 4451 1939 4503 ἐν
1967 4450 2097 4520 ἐμοὶ

512 4533 731 4601 μένων,
778 4532 960 4598 αὐτὸς
990 4531 1150 4585 ποιεῖ
1192 4530 1263 4584 τὰ
1302 4531 1466 4600 ἔργα.
1512 4533 1635 4596 Πῶς
1682 4533 1788 4585 ἀπὸ
1837 4533 2097 4604 ῥημάτων

518 4619 844 4687 ἀρξάμενος,
878 4616 971 4669 ἐπὶ
1010 4615 1079 4667 τὰ
1109 4614 1246 4685 ἔργα
1270 4610 1435 4686 ἦλθε;
1469 4617 1541 4668 Τὸ
1566 4617 1672 4687 γὰρ
1704 4616 1993 4670 ἀκόλουθον
2029 4613 2097 4688 ἦν

519 4703 709 4761 είπείν,
738 4700 910 4761 A010;
944 4698 1093 4751 λαλεῖ
1118 4700 1187 4752 τά
1221 4699 1463 4770 ρήματαο
1492 4699 1625 4752 ἀλλά
1648 4698 1740 4751 δύο
1772 4700 1982 4770 τίθησιν
2008 4701 2097 4751 ἐν-

518 4783 713 4847 ταῦθα,
746 4783 876 4852 περ).
907 4782 1253 4843 διδασκαλίας
1282 4782 1376 4834 καὶ
1402 4782 1673 4851 σημείων*
1712 4783 1744 4853 ἢ
1782 4783 1967 4854 ἐπειδὴ
2002 4784 2097 4836 καὶ

520 4870 588 4922 τὰ
623 4870 842 4939 ῥήματα
875 4866 1011 4935 ἔργα
1039 4861 1125 4936 ἦν.
1160 4864 1283 4928 Πῶς
1308 4861 1401 4918 οὖν
1442 4865 1601 4929 0010;
1640 4869 1817 4931 1101535;
1849 4868 1955 4919 Καὶ
1993 4865 2097 4938 μὴν

521 4950 754 5022 ἀλλαχοῦ
782 4966 977 5021 φησιν·
1015 4952 1083 5003 EI
1115 4949 1199 5017 μὴ
1223 4947 1373 5002 ποιῶ
1418 4948 1490 5003 τὰ
1531 4950 1672 5017 ἔργα
1720 4948 1828 5002 τοῦ
1874 4951 2099 5017 Πατρός

516 5054 657 5108 μου,
692 5036 778 5103 μὴ
814 5034 1123 5086 πιστεύετέ
1152 5049 1284 5100 μοι’
1313 5032 1430 5095 πῶς
1473 5028 1564 5086 οῦν
1605 5033 1839 5086 ἐνταῦθα
1863 5033 1953 5086 τὸν
1988 5034 2099 5086 Πα-

519 5123 653 5191 τέρα
683 5118 816 5189 φησι
851 5119 1051 5180 ποιεῖνς
1107 5117 1178 5168 Τὸ
1218 5115 1348 5168 αὐτὸ
1387 5114 1545 5169 τοῦτο
1590 5116 1783 5187 δηλῶν,
1818 5118 1896 5169 ὅτι
1945 5116 2098 5169 οὐδὲν

526 5207 688 5275 μέσον
720 5202 929 5273 Πατρδς
957 5202 1049 5254 καὶ
1070 5201 1298 5253 Υίοῦ.“Ὀ
1317 5200 1373 5252 δέ
1398 5200 1566 5269 λέγει,
1592 5200 1749 5253 τοῦτό
1780 5204 1925 5254 ἐστιν
1946 5220 1960 5233 ·
1986 5203 2099 5255 Οὐκ

520 5288 587 5339 ἂν
610 5285 783 5346 ἄλλως
826 5284 1079 5353 ἐποίησεν
1126 5283 1157 5335 0
1204 5284 1414 5353 Πατὴρ,
1448 5286 1540 5336 καὶ
1590 5283 1764 5347 ἄλλως
1814 5283 1958 5351 ἐγώο
2006 5286 2100 5337 καὶ

528 5372 633 5440 μὴν
665 5368 899 5438 ἀλλαχοῦ
930 5369 1022 5420 καὶ
1052 5367 1211 5430 0010;
1239 5370 1332 5421 καὶ
1379 5369 1407 5419 0
1451 5368 1641 5439 Πατὴρ
1672 5366 1984 5438 ἐργάζεται,
2015 5368 2101 5420 λέ-

523 5472 635 5522 γων
657 5469 672 5483 ο
720 5453 773 5505 Ὁ
806 5451 1003 5518 Πατήρ
1025 5468 1144 5519 μου
1176 5450 1286 5515 ἕως
1313 5450 1441 5517 ἄρτι
1469 5450 1786 5519 ἐργάζεται»
1823 5452 1983 5519 κάγὼ
2008 5452 2099 5518 έρ-

524 5538 798 5605 τάζομαιῤ
830 5538 945 5587 ἐκεῖ
982 5537 1079 5605 μὲν
1104 5535 1164 5587 10
1190 5534 1602 5605 ἀπαράλλακτον
1631 5534 1739 5587 τῶν
1782 5535 1979 5606 ἔργων,
2013 5538 2101 5588 ἐν·

524 5620 696 5673 ταῦθα
726 5621 782 5673 δὲ
807 5620 867 5672 τὸ
899 5619 1092 5672 ταύτὸν
1117 5619 1541 5687 ἐνδεικνύμενος.
1572 5620 1633 5672 Εί
1665 5619 1719 5671 δὲ
1747 5620 1779 5688 ἡ
1815 5620 2102 5690 πρόχειρος

526 5705 634 5757 τῶν
667 5704 862 5770 λέξεων
896 5704 1132 5774 ἔμφασις
1159 5703 1520 5774 ταπεινότητα
1560 5702 1831 5772 ἐμφαίνει,
1867 5703 1939 5774 μὴ
1973 5703 2103 5756 θαυ-

535 5790 731 5859 μάσῃς.
780 5787 1051 5856 Πρότερον
1099 5788 1208 5857 γάρ
1256 5786 1447 5853 εἰπὼν,
1476 5789 1557 5840 Οὐ
1585 5788 1927 5852 πιστεύεις,
1978 5787 2099 5839 τότε

529 5872 687 5923 τοῦτο
714 5867 1044 5939 ἐφθέγξατοο
1085 5868 1317 5935 δεικνὺς,
1345 5870 1425 5922 ὅτι
1475 5869 1615 5941 ὑπὲρ
1661 5870 1752 5923 τοῦ
1802 5872 1881 5933 είς
1923 5870 2103 5922 πίστιν

598 5984 624 6012 ⁸
653 5983 809 6045 ΜητρὶΔ
850 5985 887 6030 εἰ
909 5986 990 6031 καὶ
1011 5982 1154 6032 τοῦτο
1174 5986 1397 6045 ἠδυνήθη.
1463 5986 1493 6027 b
1519 5987 1601 6037 Sic
1618 5987 1749 6037 bene
1775 5986 1947 6043 SM”,
1987 5986 2103 6037 αὐτὸ

536 6056 637 6094 non
672 6042 883 6092 habebat
914 6045 1079 6094 Momf.
1115 6045 1247 6094 Ευιτ.

1191 425 1247 478 S.
1289 424 1576 479 JOANNIS
1613 420 2102 479 CHRYSOSTOMI
2143 418 2462 473 ARCHIEP.
2499 412 3047 476 CONSTANT‘INOP.

3649 415 3755 470 003

2189 538 2350 591 αὑτὸν
2377 540 2603 607 ἀγαγεῖν
2623 536 2793 598 οὕτως
2816 538 3146 607 ἐσχημάτισε
3170 537 3239 590 τά
3262 536 3501 607 ῥήματα.
3524 532 3636 595 Τὰς
3658 531 3766 602 γάρ

2188 621 2416 691 καρδίας
2458 621 2635 674 αὐτῶν
2680 621 3029 676 ἐνεϐάτευεε.
3074 623 3389 674 Πιστεύετε
3434 620 3522 673 ὅτι
3561 616 3771 685 ἐγὼέν

2196 702 2274 769 τῷ
2304 706 2508 772 Πατρί,
2555 705 2651 757 καί
2679 708 2711 758 ό
2747 704 2949 771 Πατὴρ
2994 705 3062 757 ἐν
3092 704 3261 771 ἐμοίς
3296 703 3441 755 Ἔδει
3490 701 3587 770 μὲν
3626 700 3769 769 ὑμᾶς

2192 786 2735 858 ἀκούοντας,Πατέρα
2764 788 2855 840 καὶ
2888 787 3033 849 Υίδν,
3070 787 3233 857 μηδὲν
3264 786 3448 855 ἕτερον
3479 783 3659 855 ζητεῖν
3691 785 3771 845 εἰς

2194 870 2537 939 παράστασιν
2572 871 2669 939 τῆς
2699 873 2839 925 κατά
2886 870 2985 940 τὴν
3029 870 3216 923 ούσίαν
3252 869 3588 937 συγγενείας.
3619 868 3681 920 Εἰ
3712 867 3771 920 δὲ

2195 953 2321 1022 ὑμῖν
2352 956 2449 1007 οὐκ
2477 955 2638 1025 ἀρκεῖ
2664 952 2819 1007 τοῦτο
2852 954 2987 1024 1190;
3018 954 3078 1005 10
3108 952 3278 1016 δεῖξαι
3306 953 3367 1004 τὸ
3390 951 3649 1022 ὁμότιμον
3676 950 3772 1002 καὶ

2192 1037 2498 1104 δμοούσιον,
2531 1038 2631 1091 κᾶν
2676 1038 2783 1092 ἀπὸ
2826 1038 2978 1091 τῶνα
3014 1037 3188 1108 ἔργων
3220 1037 3435 1107 μάθετε.
3470 1035 3579 1088 Καὶ
3620 1034 3770 1089 τὺ.Ὀ

2193 1120 2464 1188 ἑωρακὼς
2498 1122 2619 1189 ἐμὲ,
2646 1122 2864 1190 ἑώρακε
2897 1121 3000 1174 τὸν
3031 1120 3258 1187 Πατέρα
3274 1138 3410 1188 μου.
3444 1121 3491 1171 εί
3526 1119 3652 1188 περὶ
3682 1116 3772 1187 ἐρ-

2192 1220 2305 1271 γων
2342 1205 2579 1272 ἐλέγετο,
2617 1205 2715 1257 οὐκ
2751 1206 2815 1258 ἂν
2863 1204 3086 1274 ὕστερον
3120 1199 3299 1256 εἶπεν
3347 1205 3415 1255 El
3447 1201 3514 1253 δὲ
3538 1200 3646 1269 μὴ,
3674 1198 3772 1251 διὰ

2192 1287 2265 1338 τὰ
2292 1286 2437 1355 ἔργα
2474 1289 2786 1341 πιστεύετὲ
2810 1304 2927 1357 μοι.
2978 1284 3108 1341 Εἶτα
3133 1287 3366 1348 δεικνὺς,
3395 1286 3477 1337 ὅτι
3508 1284 3567 1337 o0
3600 1282 3776 1334 ταῦτα

2192 1368 2413 1423 δύναται
2439 1373 2617 1439 μόνον,
2646 1371 2781 1424 ἀλλά
2803 1373 2899 1425 καὶ
2916 1371 3079 1441 ἕτερα
3102 1370 3281 1439 πολλῷ
3301 1368 3506 1421 τούτων
3530 1366 3770 1435 μείζονα,

2197 1451 2315 1521 μεθ’
2342 1454 2645 1524 ὑπερϐολῆς
2677 1454 2817 1507 αύτά
2844 1455 3076 1524 τίθησιν.
3112 1454 3186 1505 00
3220 1452 3328 1522 γὰρ
3360 1450 3526 1519 λέγει.
3558 1450 3638 1501 011
3666 1448 3775 1501 Καὶ

2196 1536 2419 1605 μείζονα
2442 1537 2648 1590 τούτων
2677 1538 2913 1607 δύναμαι
2944 1539 3193 1607 ποιῆσαισ
3229 1538 3364 1600 ἀλλ’,
3387 1536 3415 1589 ὃ
3444 1533 3621 1603 πολλῷ
3646 1532 3775 1585 θαυ-

2198 1621 2528 1690 μαστότερον
2562 1618 2649 1691 ἦν,
2696 1623 2806 1675 Καὶ
2856 1623 3064 1693 ἐτέροις
3096 1623 3330 1690 δύναμαι
3375 1618 3579 1677 δοῦναι,
3618 1616 3772 1685 φησι,

2194 1704 2291 1756 καὶ
2343 1705 2563 1773 μείζονα
2614 1707 2839 1773 ποιῆσαι
2892 1706 3115 1759 τούτων.
3157 1704 3353 1773 Ἁμὶιν,
3416 1700 3580 1769 ἀμὴν
3622 1696 3776 1764 λέγω

2192 1786 2354 1854 ὑμῖν,
2384 1787 2472 1840 ὅτι
2503 1788 2862 1842 δπιστεύων
2882 1792 2967 1855 είς
2997 1789 3125 1857 ἐμὲ,
3154 1789 3226 1841 τὰ
3257 1787 3399 1855 ἔργα
3428 1783 3465 1839 ἄ
3492 1783 3606 1852 ἐγὼ
3630 1780 3778 1833 ποιῶ

2194 1870 2472 1937 κάκεῖνος
2509 1872 2777 1937 ποιήσει,
2814 1873 2909 1925 καί
2956 1871 3197 1941 μείζονα
3241 1870 3467 1923 τούτων·
3514 1864 3773 1929 ποιήσει,

2194 1953 2281 2006 ὅτι
2314 1955 2460 2021 πρὸς
2487 1956 2593 2008 τὸν
2624 1956 2851 2023 Πατέρα
2891 1957 3230 2024 πορεύομαι.
3264 1948 3775 2019 Τουτέστιν,”Υμῶν

2196 2037 2312 2088 ἐστὶ
2341 2037 2524 2090 λοιπὸν
2566 2038 2625 2091 10
2655 2039 3091 2108 θαυματουργεῖν
3110 2054 3124 2068 ⁸
3154 2036 3265 2105 ἐγὼ
3291 2036 3398 2105 γὰρ
3438 2036 3770 2104 ἀπέρχομαι.

2197 2118 2327 2174 Εἶτα
2378 2123 2563 2192 ἐπειδὴ
2610 2123 2804 2194 ἤνυσεν
2837 2123 2973 2191 ὅπερ
3021 2123 3049 2174 ὁ
3095 2119 3250 2187 λόγος
3281 2119 3548 2178 ἐϐούλετο,
3588 2116 3770 2186 φησὶν,

2194 2204 2276 2257 011
2316 2206 2377 2256 '0
2402 2204 2479 2257 ἂν
2514 2205 2801 2273 αἰτήσητε
2825 2205 2896 2257 ἐν
2922 2204 3002 2269 τῷ
3034 2203 3279 2273 ὀνόματί
3309 2220 3448 2271 μου.
3478 2198 3770 2267 λήψεσθε,

2195 2288 2293 2341 καὶ
2342 2288 2457 2357 ἐγὼ
2503 2289 2681 2343 τοῦτο
2724 2288 2975 2351 ποιήσω,
3008 2289 3108 2341 ἵνα
3154 2288 3224 2341 ἐν
3268 2287 3393 2355 ἐμοὶ
3440 2280 3709 2349 δοξασθῇ
3739 2283 3776 2335 ό

2195 2370 2417 2438 Πατήρ.
2437 2372 2597 2442 Ὀρᾷς
2628 2370 2746 2433 πῶς
2770 2372 2928 2424 πάλιν
2950 2372 3112 2429 0010;
3140 2374 3283 2423 ποιεῖ
3310 2368 3501 2430 τοῦτο;
3535 2368 3774 2434 Ποιήσω

2194 2453 2324 2524 γάρ,
2350 2456 2533 2523 φησὶν,
2562 2454 2694 2523 ἐγώ.
2727 2454 2831 2507 Καὶ
2856 2456 2956 2508 οὐκ
2982 2453 3155 2517 εἶπεν,
3175 2453 3333 2518 Ἀξιῶ
3360 2454 3447 2506 τὸν
3479 2450 3628 2523 [457]
3662 2452 3774 2504 Πα-

2195 2537 2355 2607 τέραο
2380 2536 2516 2599 ἀλλ’,
2536 2538 2661 2591 Ἵνα
2681 2538 2951 2605 δοξασθῇ
2981 2538 3051 2590 ἐν
3077 2538 3203 2604 ἐμοὶ
3233 2541 3265 2591 ό
3290 2534 3509 2602 Πατήρ.
3543 2534 3645 2587 Καὶ
3668 2533 3775 2602 μὴν

2196 2619 2424 2689 ἀλλαχοῦ
2456 2620 2639 2688 ἔλεγεν
2660 2636 2673 2650 ·
2711 2619 2763 2673 Ὁ
2787 2621 2931 2687 Θεὸς
2962 2620 3207 2683 δοξάσει
3243 2619 3431 2672 αὐτὸν
3454 2618 3523 2670 ἐν
3547 2614 3734 2680 ἑαυτῷ
3755 2631 3769 2643 ·

2195 2701 2428 2755 ἐνταῦθα
2448 2702 2528 2764 δὲ,
2551 2704 2724 2767 A010;
2760 2703 2972 2768 δοξάσει
2994 2704 3086 2756 τὸν
3114 2702 3333 2771 Πατέρα
3353 2703 3575 2757 ε.”Οταν
3605 2698 3711 2768 γὰρ
3744 2699 3774 2751 ὀ

2195 2783 2323 2846 Υἱὸς
2353 2785 2608 2855 φαίνηται
2636 2787 2843 2856 μεγάλα
2872 2785 3184 2856 δυνάμενος,
3217 2786 3603 2854 δοξασθήσεται
3626 2784 3653 2834 0
3678 2798 3774 2849 75-

2193 2867 2492 2937 γεννηκώς.
2530 2869 2595 2922 Τί
2621 2869 2677 2921 δέ
2706 2871 2873 2924 ἐστιν.
2893 2871 2988 2921 Ἐν
3020 2869 3100 2933 τῷ
3131 2868 3373 2937 ὀνόματι
3412 2884 3530 2935 μου
3549 2882 3566 2927 ;
3600 2866 3777 2934 Ὅπερ

2193 2953 2241 3002 οἱ
2272 2953 2560 3005 ἀπόστολοι
2587 2953 2793 3021 ἔλεγον,
2812 2955 2907 3005 Ἐν
2934 2953 3014 3018 τῷ
3038 2954 3275 3021 ὀνόματι
3303 2949 3498 3018 Ἰησοῦ
3520 2947 3777 3015 Χριστοῦ

2194 3034 2411 3101 ἐγείραι
2444 3036 2539 3088 καί
2575 3035 2898 3104 περιπάτει.
2932 3036 3118 3090 Πάντα
3144 3035 3251 3106 γὰρ
3284 3034 3352 3087 τὰ
3383 3036 3601 3103 σημεῖα,
3631 3031 3777 3101 ἀπερ

2194 3118 2479 3187 ἐποίησαν,
2515 3119 2673 3181 0010;
2705 3120 2946 3190 ἐνήργει.
2989 3118 3096 3172 Καὶ
3126 3119 3253 3187 χείρ
3280 3118 3499 3184 Κυρίου
3542 3112 3622 3185 ἦν
3646 3115 3774 3184 μετ’

2194 3200 2410 3254 αὐτῶν.
2431 3200 2578 3269 Ἐγὼ
2600 3201 2852 3265 ποιήσω,
2878 3202 3064 3269 φησίν.
3082 3203 3243 3272 Ὁρᾷς
3275 3198 3591 3263 αύθεντίαν;
3618 3198 3686 3251 τὰ
3706 3196 3776 3248 δι’

2195 3282 2369 3336 ἄλλων
2402 3284 2561 3346 0010;
2596 3286 2772 3336 ποιεῖ’
2803 3284 2872 3337 τά
2903 3284 2960 3336 δέ
3003 3284 3069 3337 δι’
3096 3282 3261 3338 αὐτοῦ
3302 3283 3402 3336 00x
3436 3281 3627 3351 ίσχύει,
3658 3278 3775 3333 ἀλλ’

2197 3366 2301 3417 ὑπὸ
2346 3366 2438 3418 τοῦ
2488 3367 2699 3437 Πατρδς
2737 3367 3161 3438 ἐνεργούμενος;
3210 3367 3319 3420 Καὶ
3363 3366 3447 3429 τίς
3494 3364 3560 3418 ἂν
3604 3362 3776 3416 ταῦτα

2196 3450 2340 3501 εἴποι
2363 3466 2377 3514 ;
2409 3450 2565 3513 Τίνος
2591 3450 2648 3502 δὲ
2669 3450 2853 3505 ἕνεκεν
2880 3450 3128 3522 δεύτερον
3150 3452 3280 3505 0010
3299 3450 3475 3519 τίθησι
3498 3465 3512 3513 ;
3535 3446 3775 3500 Βεϐαιῶν

2195 3532 2287 3585 10v
2322 3533 2516 3587 ἐαυτοῦ
2549 3534 2727 3602 λόγον,
2761 3534 2857 3587 καὶ
2892 3534 3105 3597 δεικνὺς
3131 3535 3212 3586 ὅτι
3262 3534 3331 3585 τά
3379 3532 3617 3601 πρότερα
3651 3545 3776 3596 συγ·

2197 3617 2548 3681 καταϐάσεως
2575 3613 2661 3689 ἦν.
2699 3618 2771 3670 Τὸ
2807 3618 2884 3680 δέ,
2915 3618 3072 3684 Πρὸς
3113 3619 3218 3670 τὸν
3255 3616 3485 3683 Πατέρα
3525 3612 3775 3681 1109500-

2190 3718 2318 3768 μαι,
2356 3701 2513 3753 τοῦτό
2556 3703 2703 3755 ἐστιν
2734 3718 2749 3734 ·
2786 3703 2898 3755 Οὐκ
2929 3700 3240 3770 ἀπολοῦμαι
3265 3740 3279 3763 ,
3307 3699 3419 3752 ἀλλ’
3446 3698 3536 3752 ἐπὶ
3570 3697 3667 3766 τῆς
3697 3696 3777 3747 0E-

2198 3784 2351 3847 κείας
2398 3783 2553 3848 ἀξίας
2589 3784 2756 3855 μένω,
2789 3786 2883 3838 καὶ
2913 3786 2969 3837 ἐν
2999 3786 3112 3847 τοῖς
3143 3784 3391 3853 οὐρανοῖς
3420 3784 3557 3850 εἰμι.
3590 3780 3774 3833 Πάντα

2196 3866 2251 3917 δέ
2275 3866 2446 3919 ταῦτα
2470 3867 2960 3938 παραμυθούμενος
2982 3868 3176 3931 00100;
3205 3867 3410 3933 ἔλεγεν.
3428 3862 3641 3933 Ἐπειδὴ
3663 3861 3776 3930 γὰρ

2196 3950 2343 4012 εἰκὸς
2371 3946 2438 4021 ἦν
2472 3951 2668 4014 00100;
2701 3951 2923 4022 μηδέπω
2962 3952 3086 4014 τοὺς
3120 3951 3248 4021 περὶ
3294 3950 3393 4019 τῆς
3427 3946 3776 4008 ἀναστάσεως

2196 4033 2403 4097 εἰδότας
2429 4034 2621 4101 λόγους
2654 4037 2854 4088 ἐννοεῖν
2885 4053 2938 4088 τι
2974 4034 3316 4103 σκυθρωπὸν.
3347 4033 3553 4100 ἑτέροις
3596 4032 3769 4096 01107-

2196 4117 2442 4185 γέλλεται
2463 4118 2687 4172 τοιαῦτα
2706 4118 2894 4173 δώσειν
2916 4119 3134 4182 αὐτοὺς,
3161 4116 3434 4186 πανταχοῦ
3457 4113 3774 4185 θεραπεύων

2196 4203 2415 4265 αὐτοὺς,
2447 4202 2542 4255 καὶ
2566 4203 2778 4265 δεικνὺς
2806 4203 2888 4256 011
2920 4202 3069 4273 μένει
3094 4199 3379 4271 διηνεκῶς,
3411 4198 3505 4251 καὶ
3526 4197 3587 4251 00
3620 4195 3771 4268 μένει

2201 4287 2383 4357 μόνον,
2422 4284 2556 4338 ἀλλὰ
2584 4286 2678 4338 καὶ
2711 4286 2934 4356 μείζονα
2958 4283 3282 4348 ἐπιδείξεται
3310 4281 3558 4349 δύναμιν.

2266 4368 2337 4438 7'.
2375 4368 2852 4438 Ἀκολουθήσωμεν
2901 4369 3078 4420 τοίνυν
3109 4365 3256 4436 αύτῷ
3288 4366 3382 4418 καὶ
3410 4364 3663 4433 λάϐωμεν
3681 4360 3770 4414 τὸν

2199 4453 2448 4524 σταυρόν.
2475 4452 2537 4503 Et
2565 4451 2673 4520 γάρ
2702 4450 2795 4504 καὶ
2825 4451 2898 4521 μὴ
2921 4451 3150 4520 πάρεστι
3170 4448 3424 4531 διωγμὸς,
3450 4446 3562 4500 ἀλλ’
3583 4444 3767 4531 ἐτέρου

2198 4523 2429 4605 πάρεστι
2471 4534 2702 4587 θανάτου
2743 4534 2950 4603 καιρός.
2981 4523 3331 4601 Νεκρώσατὲ
3358 4529 3488 4601 γάρ,
3520 4526 3673 4598 φησι,
3699 4523 3774 4579 τὰ

2194 4621 2350 4689 μέλη
2380 4617 2547 4686 ὑμῶν
2573 4618 2647 4671 τὰ
2685 4617 2781 4670 ἐπὶ
2814 4617 2923 4685 τῆς
2956 4617 3088 4688 γῆς.
3136 4616 3424 4685 Σϐέσωμεν
3451 4610 3543 4667 οῦν
3582 4612 3769 4665 ἐπιθυο

2202 4703 2351 4771 μίαν,
2378 4692 2782 4769 ἀποκτείνωμεν
2820 4700 3007 4770 θυμὸν,
3041 4700 3316 4769 ἀνέλωμεν
3363 4697 3570 4766 φθόνον.
3601 4693 3773 4747 Τοῦτό

2199 4788 2314 4840 ἐστι
2367 4786 2526 4840 θυσία
2577 4784 2745 4848 ζῶσα.
2775 4786 2888 4838 Ούκ
2917 4787 2996 4847 είς
3024 4785 3226 4855 τέφραν
3256 4782 3393 4849 αὕτη
3424 4783 3457 4852 ἡ
3490 4779 3645 4834 θυσία
3678 4795 3769 4830 τε·

2197 4868 2381 4940 λευτᾷ,
2412 4869 2533 4921 οὑδέ
2566 4868 2645 4930 είς
2671 4868 2877 4920 καπνὸν
2906 4868 3189 4937 διαχεῖται,
3222 4865 3344 4919 οὐδὲ
3372 4864 3542 4929 ξύλων
3574 4862 3767 4925 δεῖται,

2199 4954 2293 5006 καὶ
2324 4950 2516 5022 πυρός,
2548 4950 2641 5003 καὶ
2672 4951 3133 5022 μαχαίρας,”Εχει
3176 4949 3285 5018 γὰρ
3310 4947 3421 5018 πῦρ
3452 4946 3545 5000 καὶ
3581 4945 3772 5014 μάχαι-

2203 5052 2324 5103 ραν,
2348 5034 2407 5086 τὸ
2452 5033 2673 5103 Πνεῦμα
2696 5031 2756 5084 τὸ
2782 5032 2955 5101 ἅγιον.
2984 5032 3169 5104 Ταύτῃ
3196 5031 3537 5102 χρησάμενος
3563 5030 3628 5097 τῇ
3663 5043 3770 5095 μα-

2200 5117 2385 5187 χαίρᾳ.
2417 5115 2675 5186 περίτεμε
2720 5116 2818 5183 τῆς
2863 5116 3086 5188 καρδίας
3129 5115 3191 5167 τὸ
3221 5112 3472 5183 περιττὸν
3500 5112 3592 5165 καὶ
3613 5109 3771 5164 ἀλλό-

2198 5219 2226 5252 τ
2234 5218 2371 5270 ριον,
2389 5201 2594 5267 ἄνοιξον
2610 5202 2668 5253 τὸ
2692 5200 2934 5271 μεμυκὸς
2949 5199 3048 5269 τῆς
3070 5201 3257 5268 ἀκοῆς.
3271 5197 3350 5250 Τὰ
3368 5197 3473 5267 γάρ
3490 5196 3773 5265 νοσήματα

2199 5286 2295 5338 καὶ
2335 5286 2389 5337 αἱ
2432 5287 2665 5355 πονηραὶ
2716 5285 3003 5354 ἐπιθυμίαι
3051 5285 3381 5353 ἐμφράττειν
3421 5279 3643 5333 εἰώθασι
3676 5277 3771 5331 τοῦ

2198 5368 2357 5436 λόγου
2382 5368 2478 5437 τὴν
2506 5370 2725 5423 εἴσοδον.
2754 5369 2863 5421 Καὶ
2888 5367 2993 5438 γὰρ
3022 5366 3315 5437 χρημάτων
3344 5362 3606 5432 ἐπιθυμία
3641 5378 3771 5431 προ-

2200 5453 2416 5505 τεθεῖσα
2443 5453 2541 5505 0011
2572 5454 2792 5521 ἀφίησιν
2818 5450 3045 5503 ἀκοῦσαι
3092 5450 3181 5501 τόν
3228 5450 3354 5519 περὶ
3404 5444 3770 5514 ἐλεημοσύνης

2201 5534 2376 5601 λόγον,
2415 5538 2508 5588 καὶ
2554 5534 2820 5603 βασκανία
2867 5533 3280 5603 παραγενομένη
3330 5528 3642 5598 διατειχίζει
3674 5526 3774 5599 τὴν

2202 5619 2329 5687 περὶ
2378 5618 2476 5687 τῆς
2527 5619 2746 5687 ἀγάπης
2792 5616 3153 5678 διδασκαλίαν,
3186 5615 3278 5669 καὶ
3319 5614 3505 5684 ἕτερον
3559 5610 3772 5679 νόσημα

2204 5702 2438 5771 ἐμπεσὸν
2466 5701 2624 5754 πάλιν
2654 5700 2995 5771 νωθροτέραν
3020 5700 3189 5769 αὐτὴν
3217 5696 3608 5758 κατασκευάζει
3639 5693 3774 5762 1190;

2204 5786 2398 5837 πάντα.
2418 5783 2719 5854 Ἀνέλωμεν
2740 5782 2917 5836 τοίνυν
2937 5781 3036 5846 τὰς
3062 5781 3302 5853 πονηρὰς
3330 5778 3640 5850 ἐπιθυμίας.
3665 5777 3777 5830 Καὶ

2269 5983 2290 6010 ε
2321 5980 2413 6029 Alii
2456 5980 2745 6029 ἐνεϐάτευσε.
2810 5979 2838 6019 ά
2892 5978 3152 6028 Μοτθ1.καὶ
3186 5976 3281 6026 ἀπὸ
3324 5977 3435 6023 τῶν.
3505 5988 3530 6016 ο
3574 5973 3625 6021 In
3667 5972 3780 6033 qub-

2205 6043 2406 6093 busdam
2431 6044 2553 6103 hac,
2585 6044 2666 6090 καὶ
2692 6044 2781 6105 μὴν
2814 6040 3061 6105 ἀλλαχοῦ..
3102 6042 3184 6089 τὸν
3206 6040 3415 6104 Πατέρα,
3454 6036 3652 6086 desunt.
