4100 6362
307 294 400 350 Ml
1267 280 1335 337 1N
1372 277 1691 336 JOANNEM
1731 274 1963 332 llOMlL.
2005 267 2236 332 LXXIV.
2279 277 2349 330 al.
2392 277 2621 333 LXXIII.

303 409 357 466 Si
386 409 528 463 enim
559 403 697 459 idem
729 402 842 471 ipse
867 400 1025 455 Pater
1042 405 1207 463 esset,
1232 410 1337 451 non
1362 395 1584 456 diceret.
1609 392 1709 460 Qui
1734 390 1880 445 videt

304 514 427 563 me,
472 496 620 551 illum
648 492 812 549 videt.
838 489 1117 559 Quomodo
1141 497 1316 541 autem
1345 500 1449 539 non
1479 483 1613 540 dixit
1654 483 1735 548 ei,
1778 482 1884 537 lm-

306 588 578 661 possibilia
600 586 750 655 petis,
776 598 894 653 qua:
915 596 1018 636 non
1039 580 1147 636 sint
1164 579 1281 649 puri
1304 575 1571 631 hominis?
1590 572 1720 629 mihi
1743 572 1883 626 enim

308 688 510 735 tantum
541 677 643 731 hoc
669 673 920 746 possibile
944 682 1044 727 est.
1072 670 1204 738 Quia
1230 669 1472 732 dixerat,
1501 665 1695 736 Sufficit
1721 664 1883 727 nobis,

307 770 457 841 quasi
487 769 659 838 ipsum
688 765 928 829 vidisset,
957 761 1187 817 ostendit
1214 774 1334 814 eum
1364 773 1534 827 neque
1562 771 1620 811 se
1648 754 1843 808 vidisse
1869 771 1883 808 :

304 859 543 929 alioquin
591 858 737 912 illum
778 854 1031 918 vidisset,
1072 852 1115 906 si
1155 866 1214 905 se
1240 850 1423 903 videre
1449 848 1725 916 potuisset.
1767 844 1891 899 Ideo

306 926 560 1005 dicebat:
594 946 693 1015 Qui
731 944 862 999 videt
898 959 1010 1007 me,
1040 941 1169 995 videt
1208 949 1253 993 et
1280 938 1507 993 Patrem.
1552 937 1607 989 Si
1645 934 1763 1003 quis
1806 926 1892 987 me

306 1043 454 1106 vidit,
470 1050 524 1096 et
543 1040 689 1094 illum
709 1036 934 1097 videbit;
959 1036 1059 1087 hoc
1075 1040 1156 1087 est
1181 1049 1194 1085 :
1217 1029 1399 1098 Neque
1422 1043 1528 1092 me,
1553 1041 1725 1096 neque
1746 1026 1891 1079 illum

310 1144 484 1206 potest
507 1133 627 1203 quis
655 1130 853 1184 videre.
881 1126 1156 1194 Philippus
1187 1123 1329 1178 enim
1356 1121 1500 1175 visus
1537 1120 1891 1189 cognitionem

307 1226 617 1298 quaerebat:
645 1233 698 1279 et
717 1223 839 1292 quia
860 1234 919 1275 se
941 1218 1083 1273 illum
1106 1216 1299 1270 vidisse
1316 1212 1552 1283 putabat,
1578 1211 1895 1279 volebatque

308 1322 389 1374 sic
414 1318 624 1373 Patrem
662 1314 877 1379 videre,
905 1309 1140 1366 ostendit
1176 1308 1345 1378 ipsum
1386 1319 1561 1374 neque
1587 1319 1645 1358 se
1673 1302 1892 1357 vidisse.

384 1406 887 1465 Consttbstantialitas
911 1401 1102 1458 Christi
1137 1398 1443 1467 declaratur.
1482 1396 1639 1449 Antor
1673 1394 1898 1465 pecunia:

312 1505 539 1559 unde.â€”
558 1498 710 1569 Quod
737 1498 781 1553 si
809 1496 929 1567 quis
958 1494 1045 1548 hic
1072 1491 1328 1547 visionem
1356 1503 1451 1558 pro
1478 1489 1782 1557 cognitione
1812 1487 1895 1540 in-

313 1595 480 1665 telligi
517 1592 679 1656 velit,
726 1604 831 1643 non
871 1585 1253 1642 contradicam.
1294 1580 1427 1635 Nam
1468 1580 1558 1649 qui
1597 1593 1682 1633 me
1717 1578 1896 1641 novit,

314 1687 518 1758 inquit,
550 1683 697 1739 novit
732 1690 786 1735 et
822 1680 1057 1734 Patrem.
1099 1678 1169 1731 At
1207 1691 1312 1730 non
1350 1674 1453 1729 hoc
1494 1672 1661 1740 dicit,
1710 1672 1803 1727 sed
1843 1681 1901 1725 ut

311 1777 915 1837 consubstantialitatem
958 1772 1202 1829 ostendat
1235 1770 1363 1824 dicit
1394 1786 1409 1823 :
1439 1768 1539 1836 Qui
1582 1767 1728 1822 novit
1769 1765 1898 1820 sub-

314 1872 561 1926 stantiam
584 1883 782 1931 meam,
806 1866 953 1922 novit
971 1875 1024 1919 et
1049 1864 1239 1917 Patris.
1268 1862 1336 1915 Et
1358 1860 1482 1931 quid
1508 1860 1628 1921 hoc,
1657 1844 1901 1925 inquies?

313 1962 446 2017 Nam
486 1961 574 2030 qui
618 1959 765 2015 novit
805 1966 1104 2012 creaturam
1132 1995 1148 2020 ,
1195 1953 1344 2007 novit
1392 1961 1447 2006 et
1500 1951 1686 2003 Deum.
1740 1944 1901 2016 Atqui

316 2062 614 2109 creaturam
639 2065 825 2105 omnes
864 2056 1060 2102 norunt
1087 2057 1143 2100 et
1170 2044 1385 2107 vident;
1420 2042 1583 2096 Deum
1629 2053 1755 2094 vero
1794 2053 1899 2092 non

316 2160 504 2200 omnes
549 2151 766 2198 norunt.
810 2141 889 2195 Ad
936 2140 1085 2204 ha'c,
1144 2137 1419 2190 videamus
1459 2132 1585 2204 quid
1632 2131 1903 2201 Philippus

321 2237 505 2292 videre
540 2243 743 2306 quaerat
783 2250 797 2287 :
844 2248 969 2287 num
1013 2230 1323 2300 sapientiam
1364 2224 1574 2281 Patris?
1614 2238 1740 2278 num
1786 2224 1900 2289 ejus

317 2327 640 2384 bonitatem?
699 2325 943 2387 Minime;
998 2321 1127 2387 sed,
1178 2320 1303 2390 quid
1366 2318 1436 2373 sit
1493 2316 1674 2381 Deus,
1732 2315 1899 2384 ipsam

316 2420 689 2475 substantiam.
735 2416 815 2471 Ad
856 2415 959 2469 hoc
986 2412 1272 2483 respondet
1295 2409 1544 2464 Christus
1580 2429 1596 2466 :
1645 2407 1744 2474 Qui
1770 2405 1901 2459 videt

320 2529 417 2566 me.
445 2512 544 2580 Qui
567 2519 743 2564 autem
769 2516 1067 2563 creaturam
1097 2504 1260 2568 videt,
1291 2518 1396 2555 non
1416 2500 1521 2554 "Dei
1550 2498 1899 2554 subsmutiam

317 2604 483 2659 videt.
516 2604 616 2670 Qui
644 2602 774 2655 videt
802 2616 914 2663 me,
950 2597 1079 2651 videt
1109 2605 1153 2650 et
1178 2594 1384 2649 Patrem
1404 2633 1418 2657 ,
1467 2591 1654 2659 inquit.
1686 2587 1741 2643 Si
1768 2588 1902 2640 alte-

317 2698 428 2751 rius
463 2704 606 2749 esset
646 2690 990 2752 substantiae,
1033 2701 1139 2740 non
1179 2684 1283 2739 hoc
1321 2683 1563 2737 dixisset.
1608 2678 1679 2734 Ut
1722 2688 1900 2731 autem

316 2787 577 2843 crassiore
626 2795 743 2839 utar
773 2796 1023 2837 sermone
1055 2796 1068 2831 :
1101 2793 1259 2833 nemo
1297 2776 1386 2846 qui
1426 2789 1612 2828 aurum
1661 2773 1899 2841 ignoret,

319 2881 371 2933 in
401 2886 622 2949 argento
651 2876 764 2930 auri
797 2872 1148 2928 substantiam
1181 2869 1361 2922 videre
1390 2873 1601 2935 potest:
1632 2878 1737 2916 non
1760 2862 1898 2916 enim

316 2971 418 3023 alia
446 2980 632 3023 natura
661 2982 755 3035 per
777 2965 932 3018 aliam
958 2962 1304 3032 dignoscitur.
1334 2958 1456 3012 Ideo
1474 2958 1591 3023 jure
1613 2952 1904 3021 increpavit

317 3062 502 3115 dicens
530 3075 544 3112 :
573 3057 737 3112 Tanta
768 3066 989 3124 tempore
1017 3054 1268 3109 vobiscum
1296 3066 1429 3103 sum.
1460 3047 1625 3101 Tanta
1657 3045 1902 3114 dignatus

317 3168 378 3206 es
402 3151 661 3215 doctrina,
687 3148 860 3203 vidisti
882 3148 1030 3217 signa
1051 3161 1171 3199 cum
1191 3142 1506 3197 auctoritate
1529 3139 1685 3202 facta,
1711 3146 1767 3192 et
1789 3151 1904 3189 om-

319 3247 406 3300 nia
431 3261 549 3315 quae
572 3242 863 3298 divinitatis
888 3248 1039 3294 erant
1064 3235 1297 3305 propria,
1327 3240 1382 3287 et
1407 3231 1547 3300 quod
1578 3231 1734 3284 Pater
1757 3227 1904 3281 solus

319 3337 481 3398 facit,
514 3344 726 3405 peccata
759 3333 982 3387 remissa
1006 3372 1021 3394 ,
1050 3342 1243 3384 arcana
1280 3327 1331 3380 in
1381 3323 1609 3378 medium
1638 3321 1858 3375 adducta
1885 3360 1901 3383 ,

322 3433 550 3494 fugatam
578 3438 835 3493 mortem,
863 3422 1189 3479 creationem
1214 3435 1279 3473 ex
1308 3427 1444 3472 terra
1478 3415 1687 3479 factam,
1716 3410 1783 3464 Et
1805 3428 1905 3465 non

322 3519 597 3589 cognovisti
625 3517 740 3570 me?

391 3611 444 3665 2.
483 3610 613 3676 Quia
646 3608 785 3661 enim
823 3619 983 3659 carne
1021 3599 1375 3656 circumdatus
1407 3606 1550 3660 erat,
1588 3593 1707 3648 ideo
1736 3592 1904 3657 dixit,

325 3702 447 3757 Non
469 3700 739 3772 cognovisti
756 3714 854 3753 me.
877 3696 1063 3751 Vidisti
1082 3676 1331 3748 Patrem?
1353 3689 1429 3744 Ne
1452 3703 1660 3759 quaeras
1676 3686 1904 3754 amplius

323 3796 507 3849 videre
538 3812 553 3848 :
582 3794 636 3847 in
669 3807 755 3845 me
796 3788 939 3845 enim
979 3788 1125 3840 illum
1172 3783 1369 3837 vidisti.
1411 3782 1466 3835 Si
1496 3779 1671 3833 vidisti
1702 3791 1815 3840 me,
1842 3790 1908 3829 ne

325 3886 537 3940 curiose
564 3883 797 3953 inquiras
824 3898 839 3935 :
867 3880 1060 3933 etenim
1090 3878 1140 3929 in
1167 3890 1253 3929 me
1276 3873 1448 3943 ipsum
1477 3868 1635 3925 nosti.
1667 3867 1754 3922 10.
1786 3864 1907 3919 ÎÎ¿Î·

325 3977 487 4029 credis
506 3976 623 4043 quia
648 3989 736 4043 ego
757 3973 811 4025 in
836 3969 1027 4023 Patre?
1049 3967 1160 4021 Hoc
1187 3974 1288 4030 est,
1315 3964 1369 4016 In
1393 3963 1478 4016 illa
1504 3958 1795 4015 substantia
1818 3973 1912 4025 ap-

314 4052 510 4136 lpareo.
549 4063 711 4118 Verba
734 4077 846 4133 quae
868 4077 957 4131 ego
977 4061 1172 4129 loquor,
1201 4073 1233 4109 a
1263 4055 1451 4120 meipso
1476 4068 1577 4105 non
1598 4051 1791 4118 loquor.
1821 4049 1912 4101 Vi-

329 4159 448 4213 deuâ€˜
463 4155 867 4228 propinquitatis
884 4166 1182 4211 excessum,
1200 4156 1254 4201 et
1271 4147 1421 4199 unius
1443 4143 1750 4198 substantiae
1764 4156 1913 4209 argu-

332 4249 609 4304 mentum?
643 4246 800 4301 Pater
828 4253 992 4297 autem
1016 4242 1067 4294 in
1094 4257 1171 4293 me
1198 4254 1425 4298 manens,
1454 4236 1560 4303 ipse
1589 4233 1705 4301 facit
1736 4247 1909 4301 opera.

333 4339 612 4405 Quomodo
635 4354 667 4392 a
693 4336 872 4391 verbis
899 4347 1055 4389 orsus
1075 4371 1090 4396 ,
1123 4330 1310 4383 transit
1340 4326 1404 4379 ad
1435 4324 1634 4394 opera?
1678 4322 1753 4376 Ex
1782 4336 1912 4375 con-

335 4432 575 4503 sequenti
602 4431 742 4484 enim
771 4427 951 4480 dicere
975 4423 1173 4488 debuit,
1208 4420 1320 4489 Ipse
1346 4418 1576 4485 loquitur
1598 4414 1792 4478 verba;
1819 4411 1913 4467 sed

335 4524 443 4577 duo
482 4521 567 4575 hic
606 4519 777 4589 ponit,
816 4514 1112 4570 doctrinam
1147 4521 1200 4565 et
1225 4510 1407 4579 signa;
1440 4506 1525 4560 vel
1570 4505 1709 4574 quod
1753 4505 1911 4558 etiam

334 4615 496 4669 verba
528 4622 708 4667 essent
732 4623 913 4677 opera.
946 4602 1222 4673 Quomodo
1246 4615 1375 4669 ergo
1404 4598 1526 4652 facit
1552 4595 1675 4650 ille?
1702 4594 1911 4649 Etenim

335 4707 460 4761 alihi
485 4706 613 4759 dicit
643 4722 654 4757 :
685 4703 745 4757 Si
772 4718 872 4754 non
903 4699 1033 4770 facio
1061 4711 1213 4764 opera
1266 4691 1439 4745 Patris
1469 4690 1585 4753 mei,
1614 4687 1769 4741 nolite
1794 4687 1915 4739 milii

338 4800 541 4854 credere
563 4794 759 4867 (Joan.
789 4793 875 4849 10.
909 4789 1010 4861 57)
1050 4807 1062 4843 :
1095 4785 1359 4857 quomodo
1407 4797 1533 4851 ergo
1578 4781 1663 4835 hic
1704 4781 1913 4834 Patrem

337 4891 516 4947 facere
544 4888 713 4943 dicit?
765 4886 875 4939 Hoc
903 4884 1074 4951 ipsum
1103 4878 1361 4941 indicans,
1393 4873 1522 4928 nihil
1548 4872 1777 4925 medium
1799 4885 1918 4925 esse

340 4984 476 5037 inter
519 4982 727 5034 Patrem
768 4986 822 5030 et
865 4976 1086 5035 Filium;
1140 4971 1240 5022 hoc
1287 4975 1391 5030 est,
1438 4964 1551 5018 Non
1602 4963 1753 5017 aliter
1798 4963 1920 5016 fecit

342 5074 517 5135 Pater,
541 5072 693 5125 aliter
717 5084 816 5137 ego
839 5065 973 5121 facio
1002 5082 1015 5118 :
1041 5059 1302 5130 siquidem
1324 5056 1447 5110 alibi
1469 5063 1524 5109 et
1549 5055 1663 5122 ipse
1687 5062 1740 5105 et
1763 5052 1918 5105 Pater

340 5165 549 5235 operari
586 5162 779 5217 dicitur
804 5177 817 5212 :
846 5158 1001 5210 Pater
1027 5170 1166 5207 meus
1194 5165 1349 5218 usque
1397 5148 1544 5199 modo
1584 5154 1850 5213 aperatur,
1873 5152 1920 5194 et

340 5273 432 5326 ego
460 5270 638 5324 operor
664 5250 852 5319 (Joan.
886 5249 939 5303 5.
971 5248 1035 5299 17
1064 5247 1103 5313 ).
1144 5241 1256 5296 Illic
1300 5238 1495 5293 nullam
1539 5252 1657 5291 esse
1698 5250 1918 5304 operum

340 5346 714 5409 differentiam,
768 5342 854 5395 hic
905 5338 1132 5406 idipsum
1184 5333 1402 5388 indicat.
1457 5327 1606 5396 Quod
1660 5326 1703 5379 si
1750 5326 1917 5395 prima

343 5439 517 5493 fronte
542 5435 706 5490 verba
736 5433 964 5503 aliquam
1015 5426 1268 5482 exhibent
1320 5420 1694 5482 humilitatem,
1726 5428 1792 5469 ne
1819 5413 1920 5467 tui-

342 5530 498 5586 reris.
530 5527 660 5583 Nam
691 5541 811 5580 eum
862 5522 1007 5591 prius
1051 5518 1292 5579 dixisset,
1327 5511 1445 5566 Non
1473 5508 1653 5570 credis,
1701 5518 1821 5558 tunc
1846 5505 1924 5558 sic

345 5623 596 5693 loquutus
615 5627 698 5675 est
722 5634 737 5680 ;
765 5613 1053 5670 oStendens
1075 5626 1135 5665 se
1166 5606 1285 5662 ideo
1307 5606 1376 5657 ita
1401 5602 1556 5657 verba
1580 5610 1920 5664 temperasse,

342 5728 401 5772 Î¹Î¹Î¹
428 5716 576 5770 illum
614 5709 681 5767 ad
718 5707 878 5764 tidem
923 5703 1232 5760 adduceret.
1287 5697 1345 5754 In
1393 5693 1643 5752 cordibus
1689 5702 1923 5760 namque

3472 280 3575 333 409.

1990 408 2174 448 eorum
2200 395 2527 450 versabatur.
2563 398 2649 451 Î—.
2678 396 2892 451 Creditis
2937 398 3058 467 quia
3077 414 3167 469 ego
3213 397 3265 451 in
3311 394 3486 459 Patre,
3529 406 3577 448 et

1989 483 2147 540 Pater
2188 487 2241 541 in
2282 489 2400 542 me?
2449 488 2739 558 Oportebat
2764 504 2913 546 certe
2936 506 3030 544 vos
3053 491 3334 546 audientes
3364 488 3574 545 Patrem

1990 587 2046 632 et
2074 578 2284 644 Filium,
2316 595 2419 633 non
2450 581 2593 635 aliud
2620 597 2861 650 quterere
2902 581 2968 636 ad
3015 581 3394 638 declarandum
3445 586 3577 640 sub-

1993 662 2239 725 stantiam
2270 687 2389 727 esse
2416 672 2678 727 eamdem.
2707 672 2856 740 Quod
2883 673 2929 727 si
2956 672 3059 727 hoc
3088 688 3196 727 non
3220 674 3349 729 satis
3376 683 3457 729 est
3484 689 3577 729 vo-

2002 761 2083 816 bis
2124 762 2189 817 ad
2237 763 2703 818 demonstrandam
2737 765 2954 819 honoris
2981 765 3336 834 aequalitatem
3364 777 3419 821 et
3446 782 3583 823 con-

1995 855 2489 912 sobstantialitatem
2514 899 2529 923 ,
2555 857 2623 911 ab
2651 858 2901 928 operibus
2926 874 3138 927 quoque
3174 858 3383 915 discite.
3416 859 3568 913 Illud-

1996 962 2119 1015 que,
2152 946 2253 1013 Qui
2282 947 2415 1000 videt
2444 965 2539 1013 me,
2568 948 2698 1002 videt
2723 960 2769 1003 et
2802 949 3003 1003 Patrem
3031 965 3215 1012 nteant,
3243 952 3285 1004 si
3313 950 3380 1005 de
3399 952 3577 1020 operi-

1996 1036 2093 1091 bus
2109 1036 2305 1091 dictum
2327 1046 2487 1105 esset,
2520 1054 2624 1093 non
2646 1039 2868 1094 dixisset
2894 1050 3073 1109 postea
3100 1057 3112 1092 :
3140 1040 3237 1095 Sin
3266 1042 3431 1095 minus
3460 1059 3579 1109 pro-

2000 1138 2110 1197 pter
2133 1145 2288 1197 opera
2314 1130 2502 1183 credite
2528 1131 2672 1184 mihi.
2704 1131 2903 1186 Deinde
2927 1131 3219 1186 ostendens
3247 1146 3306 1186 se
3330 1146 3434 1187 non
3461 1132 3579 1186 hate

2000 1226 2200 1273 tantum
2246 1234 2433 1290 posse,
2469 1221 2562 1276 sed
2605 1231 2661 1277 et
2697 1222 2799 1277 alia
2849 1223 2930 1278 his
2973 1223 3138 1275 multo
3185 1224 3383 1290 majora
3411 1264 3425 1287 ,
3458 1200 3591 1279 cum,

1999 1310 2293 1381 hyperbole
2320 1313 2409 1366 illa
2438 1314 2603 1383 ponit.
2658 1313 2842 1383 Neque
2884 1314 3026 1367 enim
3057 1314 3218 1379 dicit,
3250 1314 3343 1369 His
3372 1316 3583 1384 majora

2002 1415 2218 1470 possum
2247 1401 2458 1467 facere;
2488 1402 2748 1470 sed,an
2782 1404 2935 1473 longe
2982 1403 3295 1468 mirabilius,
3350 1405 3413 1458 Et
3440 1405 3578 1468 aliis,

2002 1493 2192 1563 inquit,
2224 1508 2437 1562 possum
2468 1494 2768 1548 facultatem
2809 1494 2938 1548 dare
2968 1492 3169 1562 majora
3213 1494 3295 1548 his
3325 1494 3571 1549 faciendi.

2004 1582 2094 1636 12.
2124 1584 2302 1645 Amen,
2331 1600 2477 1636 amen
2496 1583 2609 1636 dico
2631 1583 2786 1646 vobis,
2810 1584 2893 1653 qui
2920 1583 3075 1636 credit
3097 1584 3149 1636 in
3170 1600 3265 1645 me,
3294 1599 3447 1651 Opera
3469 1599 3581 1653 qua:

2003 1689 2096 1744 ego
2139 1675 2292 1745 facio,
2325 1683 2369 1727 et
2394 1674 2503 1743 ipse
2552 1674 2724 1743 faciet,
2755 1683 2800 1727 et
2828 1676 3025 1743 majora
3052 1674 3131 1728 Itis
3158 1674 3327 1744 faciet,
3368 1676 3487 1745 quia
3514 1674 3582 1727 ad

2008 1765 2212 1820 Patrem
2238 1766 2388 1820 vado.
2439 1767 2551 1821 lloc
2597 1776 2699 1830 est,
2749 1765 2995 1820 Vestrum
3022 1766 3122 1820 erit
3149 1766 3396 1835 deinceps
3424 1767 3583 1820 mira-

2004 1861 2123 1915 cula
2178 1860 2372 1925 edere;
2425 1874 2527 1929 ego
2570 1860 2710 1915 enim
2760 1859 2916 1914 abeo.
2977 1857 3178 1913 Deinde
3229 1873 3349 1913 cum
3404 1857 3582 1927 perfe-

2004 1953 2167 2007 cisset
2214 1967 2277 2006 ea
2329 1968 2447 2021 qute
2497 1966 2678 2007 sermo
2734 1951 3035 2016 indicabat,
3068 1950 3193 2006 dicit
3223 1968 3236 2003 :
3266 1950 3354 2004 15.
3405 1949 3584 2016 Quod-

2004 2060 2214 2115 cumque
2267 2045 2506 2114 petieritis
2555 2044 2610 2098 in
2665 2045 2864 2097 nomine
2918 2059 3046 2102 meo.
3075 2042 3363 2111 accipietis,
3395 2051 3441 2094 et
3492 2057 3582 2110 ego

2005 2136 2099 2188 hoc
2145 2134 2350 2205 faciam,
2382 2135 2517 2187 utin
2546 2150 2624 2188 me
2670 2134 2980 2204 gloriï¬cemr
3030 2132 3206 2189 Pater.
3240 2132 3423 2186 Videnâ€™
3451 2147 3588 2199 quo-

2006 2228 2164 2282 tnodo
2198 2242 2407 2282 rursum
2451 2227 2553 2281 hoc
2598 2228 2713 2295 ipse
2758 2226 2953 2280 faciat?
2985 2224 3096 2296 Ego
3125 2227 3346 2295 faciam,
3377 2224 3579 2293 inquit,

2005 2330 2060 2376 et
2082 2336 2189 2376 non
2209 2320 2369 2385 dixit,
2394 2320 2611 2389 Rogabo
2640 2320 2847 2373 Patrem
2871 2338 2885 2385 ;
2913 2317 3030 2382 sed,
3062 2316 3129 2371 Ut
3153 2318 3205 2371 in
3234 2331 3313 2369 me
3331 2314 3583 2385 glori/ice-

2006 2425 2089 2470 tur
2118 2415 2288 2469 Pater.
2324 2416 2398 2486 (a)
2437 2406 2457 2480 l
2485 2414 2643 2484 Atqui
2676 2412 2885 2467 dicebat
2913 2410 3039 2465 alibi
3069 2427 3082 2462 :
3117 2408 3585 2478 Deusgloriï¬cabit

2005 2525 2114 2561 eum
2139 2508 2191 2561 in
2209 2508 2403 2577 seipso;
2427 2508 2510 2561 hic
2530 2521 2676 2565 vero.
2700 2504 2815 2575 lpse
2834 2501 3149 2573 glorificabit
3169 2498 3425 2572 Patrem.]
3448 2500 3581 2554 Cum

2006 2600 2146 2653 enim
2197 2597 2364 2653 Filius
2410 2613 2619 2667 magna
2657 2611 2812 2665 posse
2862 2592 3309 2663 deprehendetur,
3356 2591 3578 2647 Genitor

2005 2692 2401 2761 gloriï¬cabitur.
2449 2692 2581 2758 Quid
2622 2689 2721 2745 sibi
2758 2691 2865 2743 vult
2890 2689 3038 2755 illud,
3088 2686 3154 2742 In
3195 2687 3394 2741 nomine
3432 2702 3540 2739 meo
3558 2686 3593 2739 1â€

2006 2783 2155 2851 Quod
2187 2782 2411 2851 apostoli
2438 2782 2704 2843 dicebant,
2728 2780 2795 2834 1Î·
2821 2780 3019 2833 nomine
3041 2777 3168 2832 Jesu
3216 2776 3399 2832 Christi
3434 2792 3582 2846 surge
3656 2774 3673 2793 â€˜

2006 2885 2054 2930 et
2078 2876 2301 2930 ambula.
2332 2874 2520 2929 Omnia
2548 2874 2742 2944 quippe
2771 2874 2918 2941 signa
2946 2888 3065 2943 quae
3086 2871 3160 2925 illi
3188 2870 3435 2935 edebant,
3469 2871 3581 2937 ipse

2006 2969 2344 3039 operabatur,
2382 2968 2443 3021 Et
2470 2985 2650 3023 manus
2678 2966 2885 3021 Domini
2908 2976 3017 3021 erat
3041 2981 3156 3019 cum
3184 2964 3288 3018 illis
3315 2964 3463 3036 (Act.
3489 2965 3579 3018 Îœ.

2006 3062 2130 3133 21).
2163 3063 2252 3117 14.
2284 3061 2396 3132 Ego
2425 3061 2648 3132 faciam,
2687 3058 2878 3127 inquit.
2932 3057 3119 3111 Videuâ€™
3171 3055 3535 3110 auctoritatem
3558 3053 3584 3107 ?

2007 3171 2124 3225 quze
2153 3169 2247 3224 per
2266 3154 2399 3207 alios
2421 3152 2574 3218 ï¬unt,
2597 3151 2711 3221 ipse
2732 3148 2855 3203 facit
2878 3164 2893 3210 ;
2922 3157 2977 3203 et
2999 3163 3117 3217 quae
3144 3162 3237 3215 per
3262 3160 3340 3209 se,
3367 3161 3469 3199 non
3492 3159 3583 3212 po-

2009 3248 2128 3302 terit
2149 3288 2165 3313 ,
2194 3247 2293 3301 nisi
2320 3246 2477 3300 Patre
2499 3244 2606 3298 vim
2636 3240 2833 3296 dante?
2860 3240 3053 3310 Ecquis
3079 3238 3192 3292 hzee
3219 3234 3450 3291 dixerit?
3476 3234 3586 3290 Cur

2011 3340 2113 3394 hoc
2136 3336 2427 3395 secundum
2459 3334 2644 3405 ponit?
2670 3332 2741 3388 Ut
2766 3347 2920 3387 suum
2948 3330 3231 3384 confirmet
3255 3341 3580 3385 sermonem,

2009 3441 2063 3487 et
2104 3430 2350 3485 ostendat
2402 3429 2575 3497 priora
2624 3441 2720 3495 per
2766 3422 3259 3493 attemperationem
3299 3420 3588 3491 quamdam

2010 3525 2148 3580 dicta
2173 3524 2353 3578 fuisse.
2381 3520 2509 3576 Illud
2534 3528 2731 3582 autem,
2754 3517 2834 3572 Ad
2860 3516 3067 3569 Patrem
3094 3514 3242 3580 vado,
3271 3512 3321 3567 id
3345 3523 3446 3577 est,
3469 3512 3591 3566 Non

2010 3630 2192 3687 pereo,
2225 3614 2317 3668 sed
2360 3613 2413 3667 in
2455 3612 2667 3681 propria
2720 3608 2976 3677 dignitate
3017 3621 3208 3661 maneo
3233 3645 3247 3667 ,
3280 3613 3334 3658 et
3361 3605 3413 3657 in
3439 3605 3588 3658 caelis

2010 3722 2149 3762 sutn.
2206 3706 2328 3760 Haec
2352 3719 2510 3773 porro
2534 3701 2710 3754 omnia
2744 3700 2850 3754 illis
2886 3697 2954 3752 ad
2995 3696 3412 3752 consolationem
3441 3694 3587 3748 dice-

2012 3799 2119 3854 bat.
2142 3799 2274 3864 Quia
2298 3797 2438 3852 enim
2469 3794 2721 3849 credibile
2744 3800 2858 3847 erat
2884 3806 3007 3854 eos,
3035 3790 3124 3859 qui
3152 3788 3381 3842 nondum
3412 3802 3592 3841 resur-

2013 3892 2264 3947 rectionis
2302 3889 2560 3944 rationem
2590 3886 2754 3955 probe
2785 3891 3062 3949 noverant,
3094 3882 3243 3935 triste
3286 3880 3485 3950 aliquid
3533 3880 3585 3933 in

2013 3985 2191 4040 animo
2214 3997 2448 4047 versare,
2471 3980 2587 4034 aliis
2608 3981 2750 4049 ipsos
2775 3977 2891 4032 haec
2914 3976 3132 4030 daturos
3158 3988 3278 4029 esse
3305 3972 3587 4043 promittit,

2016 4078 2209 4146 ubique
2237 4088 2429 4130 curans
2453 4073 2591 4135 illos,
2619 4079 2673 4126 et
2697 4068 2983 4124 ostendens
3010 4081 3067 4120 se
3093 4079 3304 4134 semper
3332 4078 3551 4118 manere
3571 4079 3595 4127 ;

2017 4184 2117 4224 nec
2146 4182 2359 4221 manere
2392 4164 2582 4228 modo,
2610 4160 2705 4217 sed
2744 4160 2903 4215 etiam
2949 4158 3204 4227 majorem
3234 4154 3589 4210 exhibiturutn

2016 4276 2074 4315 se
2110 4261 2378 4313 virtutem.

2088 4356 2141 4411 5.
2189 4352 2402 4408 Moralis
2426 4349 2727 4404 exhortatio.
2776 4345 3100 4411 Sacri/icium
3122 4357 3263 4396 nam
3281 4356 3431 4407 quam
3458 4352 3592 4407 prte-

2015 4457 2108 4503 stet
2134 4445 2382 4514 sacrificio
2410 4444 2583 4498 veteris
2612 4441 2753 4510 legis.
2770 4468 2843 4479 â€”
2862 4438 3157 4507 Sequamur
3183 4450 3308 4504 ergo
3338 4433 3506 4497 illum,
3538 4439 3594 4485 et

2018 4553 2231 4594 crucem
2254 4536 2519 4590 tollamus.
2544 4530 2763 4586 Etiamsi
2789 4529 2929 4582 enim
2959 4526 3103 4581 nulla
3131 4525 3200 4580 sit
3232 4521 3599 4592 persequutio,

2018 4631 2237 4687 alterius
2262 4638 2440 4683 tamen
2464 4625 2653 4679 mortis
2699 4632 2906 4690 tempus
2948 4619 3118 4673 adest.
3160 4612 3594 4682 Mortiï¬cate,in-

2019 4724 2168 4792 quit,
2193 4719 2413 4774 membra
2460 4725 2622 4772 vestra
2642 4755 2657 4782 ,
2684 4729 2796 4784 quae
2817 4719 2931 4767 sunt
2954 4724 3105 4778 super
3160 4717 3343 4760 terram
3360 4706 3376 4772 (
3394 4702 3506 4759 Col.
3540 4703 3595 4757 3.

2020 4814 2112 4886 5).
2134 4812 2541 4881 Exstinguamus
2564 4822 2691 4876 ergo
2710 4798 3211 4870 concupiscentiam,
3228 4794 3595 4865 opprimamus

2020 4908 2174 4969 iram,
2198 4904 2445 4957 tollamus
2469 4897 2740 4954 invidiam.
2770 4895 2881 4949 Hoc
2899 4902 2980 4947 est
3006 4892 3179 4945 vivum
3226 4887 3544 4943 sacriï¬cium
3578 4903 3592 4936 :

2020 4999 2161 5069 quod
2176 4994 2489 5051 sacriï¬cium
2511 5007 2615 5046 non
2636 4988 2829 5045 desinit
2847 4987 2899 5040 in
2921 4985 3177 5045 cinerem,
3196 4997 3300 5037 non
3323 4982 3374 5036 in
3397 4981 3598 5034 fumqu

2021 5089 2370 5153 diffunditur,
2420 5100 2525 5138 non
2578 5092 2698 5151 eget
2750 5080 2906 5148 lignis
2954 5086 3009 5131 et
3066 5076 3220 5145 igne,
3268 5072 3348 5128 vel
3401 5071 3598 5141 gladio.

2023 5182 2203 5250 Ignem
2251 5179 2445 5248 quippe
2472 5176 2632 5230 habet
2657 5182 2709 5227 et
2735 5171 2990 5242 gladium,
3023 5167 3278 5237 Spiritum
3332 5171 3598 5217 sanctum.

2024 5273 2137 5328 lloe
2156 5288 2283 5327 usus
2308 5269 2502 5340 gladio,
2520 5263 2836 5320 circumcide
2852 5260 3029 5315 cordis
3043 5255 3308 5326 superflua
3331 5263 3385 5308 et
3402 5253 3599 5318 aliena,

2025 5368 2171 5441 aperi
2199 5366 2469 5422 obturatas
2496 5372 2669 5413 aures.
2691 5355 2854 5410 Morbi
2883 5365 3109 5421 namque
3132 5356 3186 5403 et
3214 5345 3368 5401 malae
3406 5357 3602 5398 conca.

2026 5434 2296 5533 piscentiae
2320 5455 2495 5510 solent
2512 5450 2675 5505 verbo
2700 5447 2899 5500 aditum
2926 5443 3224 5498 obstruere.
3252 5434 3603 5491 Pecuniarum

2027 5523 2454 5621 concupiscentia
2481 5558 2585 5598 non
2614 5539 2742 5595 sinit
2784 5535 2971 5591 audire
3019 5530 3238 5587 verbum
3268 5525 3336 5581 de
3367 5523 3602 5580 eleemo-

2096 5687 2170 5753 (a)
2200 5679 2562 5747 In~quibusdam
2584 5676 2763 5726 desunt
2782 5683 2890 5735 quze
2912 5666 3100 5719 uncinis
3120 5661 3420 5715 clauduntur.
