4100 6362
498 287 605 343 605

495 418 661 475 syna;
709 400 903 456 invidia
944 397 1206 455 accedens
1233 408 1378 452 arcet
1402 396 1701 453 doctrinam
1730 396 1801 451 de
1824 396 2075 460 caritate;

493 495 737 564 aliusque
783 506 994 547 rursum
1038 491 1287 559 ingruens
1313 489 1530 544 morbus
1554 489 1784 543 animam
1808 486 1981 542 reddit
2010 485 2077 540 ad

492 588 673 642 omnia
700 586 1023 656 segniorem.
1050 582 1323 637 Tollamus
1350 597 1479 652 eligo
1504 582 1668 636 malas
1697 579 2080 648 concupiscen-

493 682 613 738 tias.
643 679 774 734 Nam
800 676 994 733 sufficit
1023 677 1179 744 velle,
1208 684 1263 730 et
1287 676 1463 729 omnia
1490 674 1918 743 exstinguuntur.
1968 670 2076 738 Ne,

492 786 694 841 quaeso,
726 769 853 823 illud
898 766 1254 829 attendamus,
1287 765 1629 835 pecuniarum
1681 778 1920 817 amorem
1957 776 2078 817 esse

491 862 861 936 tyrannidem,
914 861 1008 917 sed
1062 876 1191 915 vere
1247 858 1583 930 tyrannidem
1631 871 1752 911 esse
1796 854 2075 924 segnitiem

490 963 748 1009 nostram.
806 952 953 1007 Multi
993 960 1141 1006 certe
1178 959 1301 1005 sunt
1342 950 1431 1019 qui
1466 957 1739 1018 argentum
1769 945 1895 1016 quid
1924 946 1992 999 sit
2017 959 2077 1001 se

491 1044 700 1100 nescire
720 1044 923 1098 dicunt.
972 1042 1155 1113 Neque
1180 1042 1322 1096 enim
1355 1040 1606 1094 naturalis
1635 1049 1717 1095 est
1746 1039 1833 1094 illa
1865 1036 2075 1107 cupidi-

489 1144 587 1190 tas.
614 1136 894 1191 Naturales
922 1135 1116 1205 quippe
1142 1133 1365 1188 affectus
1404 1133 1472 1185 ab
1514 1130 1664 1186 initio
1704 1128 1862 1183 infusi
1899 1137 2024 1183 sunt
2057 1145 2071 1181 :

489 1243 677 1282 aurum
723 1243 851 1283 vero
888 1235 946 1281 et
986 1235 1265 1297 argentum
1311 1240 1377 1279 an
1422 1234 1586 1288 esset,
1617 1223 1784 1277 multo
1834 1230 2075 1291 tempore

487 1317 725 1389 ignotum
750 1318 867 1372 fuit.
889 1316 1042 1374 Unde
1062 1332 1190 1387 ergo
1204 1317 1372 1371 crevit
1392 1315 1508 1370 haec
1527 1314 1824 1383 cupiditas?
1840 1313 1918 1367 Ex
1937 1328 2070 1367 vana

484 1410 675 1480 gloria,
711 1420 765 1465 et
785 1425 990 1465 summa
1018 1410 1244 1465 desidia.
1275 1408 1355 1464 Ex
1381 1406 1760 1479 cupiditatibus
1785 1408 1926 1463 enim
1954 1407 2072 1461 alia:

483 1513 606 1557 sunt
624 1502 963 1569 necessariae,
987 1502 1103 1556 alia:
1124 1500 1417 1565 naturales,
1438 1500 1557 1554 alia:
1579 1509 1846 1554 neutrum.
1877 1498 2073 1553 Exem-

483 1595 557 1663 pli
586 1609 744 1651 causa
769 1612 784 1647 :
807 1609 925 1664 qua:
965 1595 1009 1648 si
1055 1609 1162 1649 non
1210 1592 1523 1663 expleantur
1547 1592 1744 1648 animal
1773 1592 2067 1662 perimunt,

482 1685 567 1739 lue
596 1695 719 1739 sunt
748 1684 1016 1740 naturales
1044 1696 1100 1740 et
1128 1684 1475 1750 necessarize;
1506 1692 1565 1738 ut
1591 1683 1730 1749 cibi,
1760 1691 1916 1752 potus
1936 1723 1953 1747 ,
1984 1695 2074 1736 so-

484 1776 597 1830 mni
641 1776 904 1846 cupiditas
933 1793 948 1833 :
977 1791 1130 1831 amor
1171 1791 1301 1831 vero
1329 1790 1638 1846 corporum,
1668 1774 1929 1830 naturalis
1954 1774 2072 1845 qui-

480 1867 603 1922 dem
630 1879 734 1934 est,
752 1868 846 1923 sed
874 1884 980 1922 non
1008 1868 1360 1924 necessarius.
1379 1868 1525 1923 Multi
1551 1867 1692 1923 enim
1715 1867 1887 1937 ipsum
1913 1881 2070 1936 supe-

480 1967 685 2024 rarunt,
707 1974 804 2014 nec
828 1960 1119 2030 perierunt.
1141 1959 1491 2014 Pecuniarum
1512 1974 1641 2013 vero
1664 1958 1948 2028 cupiditas,
1971 1972 2071 2013 nec

481 2050 739 2104 naturalis
766 2066 863 2106 nec
884 2053 1185 2106 necessaria
1212 2059 1333 2117 est,
1360 2050 1455 2106 sed
1484 2049 1771 2121 superﬂua.
1804 2049 1861 2105 Si
1886 2049 2069 2104 volue-

482 2143 651 2197 rimus
673 2185 687 2209 ,
716 2144 833 2212 ejus
862 2142 1156 2198 dominium
1183 2158 1289 2199 non
1315 2143 1653 2213 recipiemus.
1684 2142 1839 2197 Certe
1865 2142 1934 2198 de
1959 2142 2068 2196 vir-

480 2235 701 2306 ginitate
725 2235 946 2307 loquens
969 2235 1215 2291 Christus
1238 2236 1333 2302 ait,
1364 2235 1463 2303 Qui
1488 2244 1647 2305 potest
1671 2251 1869 2306 capere,
1898 2235 2068 2305 capiat

1286 282 1345 341 S.
1382 282 1659 339 JOANNIS
1692 279 2164 337 CIIRYSOSTOMI
2210 283 2528 341 ARCHIEP.
2568 286 3102 347 CONSTANTINOP.

3670 300 3770 355 406

2184 398 2410 467 (Matth.
2436 399 2523 456 19.
2550 401 2655 473 li)
2682 420 2697 457 :
2726 403 2795 459 de
2813 404 3012 461 divitiis
3033 422 3162 463 vero
3186 422 3293 464 non
3319 409 3466 472 item.
3494 411 3589 466 sed
3608 415 3772 483 quid?

2187 488 2308 543 Nisi
2331 492 2445 561 quis
2472 496 2828 550 renuntiaverit
2853 500 3084 553 omnibus
3105 517 3222 571 quia
3244 505 3463 572 possidet
3492 505 3647 576 (Luc.
3680 509 3768 562 14.

2184 581 2305 651 55).
2336 598 2440 636 non
2467 593 2553 639 est
2576 601 2662 641 me
2686 588 2898 658 dignus.
2951 591 3031 645 Ad
3062 592 3114 647 id
3140 594 3281 663 quod
3306 594 3459 650 facile
3485 609 3567 652 est
3590 600 3770 655 horta-

2186 681 2307 737 tur;
2338 674 2402 727 ad
2432 674 2483 729 id
2512 691 2641 731 vero
2668 679 2810 748 quod
2842 681 3037 737 multos
3068 695 3371 755 exsuperat,
3402 688 3625 745 arbitrio
3652 707 3765 747 rem

2184 765 2467 833 permittit.
2498 767 2607 822 Cur
2646 785 2773 838 ergo
2804 786 2904 826 nos
2931 774 3075 827 omni
3108 776 3378 844 privamus
3424 779 3769 837 defensione?

2181 854 2313 910 Nam
2341 859 2433 929 qui
2461 875 2492 914 a
2518 860 2832 918 violentiure
2857 866 3045 920 morbo
3069 878 3256 937 captus
3276 871 3398 934 erit,
3423 887 3528 926 non
3554 890 3769 944 magnas

2182 947 2328 1003 dabit
2358 964 2545 1019 ptenas
2572 970 2585 1004 :
2616 954 2705 1023 qui
2735 970 2863 1009 vero
2890 957 2958 1012 ab
2989 958 3281 1016 inﬁrmiore
3322 961 3513 1018 affectu
3540 966 3767 1034 capitur,

2182 1040 2326 1095 omni
2352 1042 2591 1110 privatur
2612 1044 2943 1103 defensione.
2992 1049 3129 1116 Quid
3159 1053 3301 1107 enim
3328 1055 3768 1123 respondebimus

2181 1132 2394 1201 quando
2421 1134 2565 1189 dicet
2593 1154 2605 1189 :
2633 1135 2970 1194 Esurientem
2993 1157 3081 1197 me
3108 1141 3334 1210 vidistis,
3368 1153 3425 1200 et
3458 1162 3565 1202 non
3594 1149 3766 1203 nutri-

2182 1224 2331 1280 vistis
2355 1224 2375 1298 (
2392 1225 2577 1281 Matth.
2598 1227 2689 1283 25.
2721 1229 2869 1301 42)?
2898 1248 3056 1301 quam
3105 1237 3508 1294 excusationem
3550 1239 3767 1295 habebi-

2182 1317 2335 1372 mus?
2361 1333 2726 1389 paupertatem
2756 1323 3114 1392 objiciemus?
3167 1329 3238 1382 At
3262 1344 3368 1384 non
3398 1345 3583 1385 sumus
3611 1332 3765 1386 vidua

2182 1408 2271 1463 illa
2302 1411 2666 1479 pauperiores,
2696 1428 2815 1482 quae
2838 1413 3048 1471 duobus
3071 1416 3326 1487 depositis
3354 1420 3548 1487 obolis,
3580 1437 3767 1477 omnes

2180 1504 2471 1572 superavit.
2525 1502 2709 1575 Neque
2752 1507 2895 1561 enim
2926 1508 3051 1563 doni
3083 1511 3500 1581 magnitudinem
3543 1516 3765 1585 requirit

2182 1593 2345 1661 Deus,
2375 1594 2469 1649 sed
2502 1595 2789 1653 voluntatis
2821 1598 3035 1653 modum
3070 1617 3084 1655 :
3114 1611 3168 1654 et
3196 1601 3295 1656 hoc
3323 1602 3389 1657 ad
3417 1602 3557 1659 illius
3587 1606 3765 1675 provi-

2179 1684 2413 1741 dentiam
2445 1688 2696 1758 pertinet.
2756 1688 2902 1744 lllius
2933 1691 3111 1761 itaque
3136 1691 3521 1763 benignitatem
3564 1696 3759 1759 mirati,

2178 1795 2299 1864 quze
2324 1796 2607 1851 possumus
2633 1782 2953 1849 offeramus;
2985 1794 3044 1839 ut
3068 1785 3195 1840 etin
3227 1787 3479 1856 przesenti
3507 1788 3611 1843 vita
3637 1798 3690 1844 et
3710 1788 3763 1843 itt

2178 1872 2349 1927 futura
2374 1875 2591 1929 multam
2614 1878 2926 1947 consequuti
2968 1878 3062 1933 Dei
3095 1878 3457 1946 clementiam,
3486 1881 3763 1950 promissis

2180 1964 2282 2019 frui
2331 1965 2490 2021 bonis
2534 1968 2839 2037 possimus,
2886 1969 3054 2038 gratia
3096 1981 3149 2025 et
3192 1970 3514 2042 benignitate
3553 1972 3763 2028 Domini

2179 2057 2345 2110 nostri
2371 2056 2500 2112 Jcsu
2547 2057 2767 2129 Christi,
2798 2061 2881 2115 cui
2912 2062 3081 2133 gloria
3114 2062 3165 2117 in
3195 2065 3390 2120 smcula
3420 2064 3760 2123 saeculorum.

2178 2150 2369 2206 Amen.

1794 2458 2142 2522 HOMlLIA
2184 2456 2443 2517 LXXV.

472 2600 603 2657 CAP.
636 2602 721 2657 l4.
750 2618 798 2655 v.
832 2602 921 2657 15.
952 2602 1014 2658 Si
1052 2602 1262 2673 diligitis
1302 2618 1401 2668 me,
1427 2601 1667 2656 mandata
1688 2618 1800 2657 mea
1831 2612 2023 2657 servate
2046 2618 2065 2655 :

546 2694 633 2749 16.
659 2704 705 2748 et
730 2710 820 2766 ego
850 2694 1036 2766 rogabo
1065 2692 1294 2760 Patrem,
1323 2704 1371 2748 et
1392 2694 1551 2748 alium
1578 2693 1901 2748 Paracletum
1927 2694 2066 2747 dabit

544 2786 700 2854 vobis,
727 2796 783 2840 ut
814 2797 1014 2841 maneat
1042 2787 1296 2841 vobiscum
1310 2788 1363 2841 in
1383 2797 1649 2850 attentum,
1693 2787 1783 2842 17.
1812 2786 2066 2856 Spiritum

541 2876 788 2943 ueritatis,
816 2895 961 2947 quem
986 2879 1206 2933 mundus
1231 2895 1332 2932 non
1357 2887 1517 2949 potest
1543 2879 1793 2950 accipere,
1816 2880 1935 2950 quia
1962 2896 2065 2935 non

541 2970 675 3024 uidet
704 2988 839 3037 eum,
866 2988 955 3025 nec
981 2973 1073 3026 scit
1105 2988 1240 3027 eum.

548 3064 598 3117 1.
626 3061 767 3118 Deus
796 3065 901 3118 vult
922 3080 1011 3133 per
1030 3081 1185 3134 opera
1226 3065 1395 3137 diligi.
1442 3064 1630 3122 Contra
1656 3064 1977 3121 Sabellitmos
2013 3075 2064 3121 et

470 3152 988 3209 Pneumotomochos.
1019 3185 1091 3196 —
1117 3157 1382 3225 Operibus
1418 3173 1633 3226 semper
1668 3172 1909 3227 egemus,
1953 3174 2060 3213 non

470 3247 755 3302 verborum
777 3249 1155 3305 ostentatione.
1186 3250 1353 3320 Loqui
1373 3250 1513 3305 enim
1540 3261 1594 3306 et
1616 3252 1927 3320 promittere
1942 3252 2059 3307 cui-

469 3340 549 3394 vis
575 3339 726 3396 facile
751 3351 863 3407 est;
896 3343 1107 3412 operari
1140 3358 1243 3397 non
1281 3344 1428 3398 item.
1463 3343 1572 3399 Cur
1602 3343 1718 3399 haec
1753 3344 1897 3399 dixi?
1926 3345 2059 3412 Quia

470 3432 625 3487 multi
647 3448 787 3488 nunc
815 3443 939 3488 sunt
966 3434 1055 3504 qui
1086 3433 1269 3489 dicunt
1288 3450 1347 3489 se
1370 3435 1533 3490 Deum
1562 3434 1751 3491 timere
1777 3445 2056 3501 clamare;

468 3523 564 3578 sed
612 3524 865 3592 operibus
899 3526 1165 3579 contraria
1209 3525 1466 3581 exhibent
1512 3543 1525 3580 :
1566 3525 1706 3581 Deus
1749 3537 1927 3581 autem
1962 3542 2061 3597 per

466 3634 630 3689 opera
650 3618 797 3691 diligi
825 3620 1035 3690 quaerit.
1062 3619 1188 3675 Ideo
1211 3620 1487 3689 discipulis
1516 3619 1726 3675 dicebat
1754 3639 1767 3674 :
1802 3620 1864 3675 Si
1889 3621 2060 3693 diligi-

467 3713 531 3767 tis
556 3729 664 3778 me,
691 3713 935 3767 mandata
963 3729 1076 3767 mea
1106 3711 1390 3768 servabitis.
1437 3712 1571 3768 Cum
1612 3712 1755 3767 enim
1794 3712 2022 3769 dixisset
2040 3754 2057 3778 ,

469 3805 832 3877 Quodcumque
860 3806 1120 3875 petieritis,
1152 3821 1244 3877 ego
1278 3805 1500 3877 faciam;
1526 3820 1592 3859 ne
1614 3815 1862 3874 putarent
1890 3805 2058 3860 solam

467 3896 778 3965 petitionem
805 3912 925 3952 esse
955 3897 1115 3961 satis,
1148 3897 1421 3951 subdidit:
1455 3897 1516 3952 Si
1535 3896 1744 3968 diligitis
1770 3914 1881 3961 me;
1908 3907 2055 3964 tunc,

467 3988 659 4060 inquit,
689 3988 899 4045 faciam.
944 3989 1075 4057 Quia
1104 4001 1281 4045 autem
1308 3989 1596 4045 verisimile
1634 3999 1750 4044 erat
1787 4004 1902 4055 eos,
1934 4004 2057 4045 cum

463 4081 730 4138 dicentem
752 4081 1047 4147 audissent,
1071 4082 1151 4135 Ad
1186 4080 1393 4135 Patrem
1437 4080 1591 4148 vado,
1630 4081 1873 4136 turbatos
1902 4095 2053 4147 esse,

462 4173 632 4230 dicit:
664 4173 778 4230 Non
819 4185 902 4231 est
927 4174 1030 4230 hoc
1049 4175 1293 4244 diligere,
1337 4187 1480 4229 nunc
1510 4173 1729 4237 turbari,
1763 4172 1858 4228 sed
1900 4172 2056 4227 dictis

462 4268 858 4338 obtemperare.
892 4266 1019 4322 Dedi
1043 4266 1194 4321 vobis
1220 4266 1550 4331 mandatum,
1580 4273 1638 4319 ut
1656 4264 1888 4335 diligatis
1915 4264 2055 4319 invi—

463 4375 606 4425 cem,
639 4371 696 4414 ut
721 4359 800 4414 sic
824 4360 1051 4416 invicem
1080 4357 1308 4423 faciatis,
1340 4367 1397 4411 ut
1419 4372 1519 4428 ego
1562 4356 1664 4412 feci
1710 4356 1882 4411 vobis.
1926 4355 2056 4410 llaec

465 4461 551 4507 est
571 4452 809 4519 dilectio,
834 4452 915 4506 his
935 4452 1328 4520 obtemperare,
1354 4458 1409 4505 et
1431 4448 1627 4505 dilecto
1643 4449 1960 4504 concedere.
1989 4447 2055 4501 Et

460 4544 650 4613 rogabo
670 4543 897 4605 Patrem,
941 4554 988 4597 et
1016 4542 1175 4597 otium
1215 4541 1539 4596 Paracletum
1561 4540 1699 4595 dabit
1729 4541 1885 4595 vobis.
1920 4540 2054 4595 Sese

460 4634 793 4701 demittentis
813 4635 973 4690 verba
995 4643 1138 4689 sunt.
1168 4634 1298 4702 Quia
1320 4637 1464 4689 enim
1492 4649 1612 4689 cum
1641 4633 1877 4689 nondum
1901 4633 2051 4689 illum

462 4729 630 4798 probe
667 4736 1071 4797 cognoscerent,
1117 4726 1412 4781 verisimile
1454 4735 1591 4787 erat.
1633 4741 1729 4781 eos
1774 4726 1916 4780 illius
1952 4727 2052 4780 ab-

459 4820 627 4873 sentis
655 4818 1015 4885 consortium,
1046 4816 1230 4882 verba,
1279 4817 1658 4887 carnalemque
1702 4818 2045 4888 praesentiam

457 4907 754 4963 admodum
768 4907 1128 4979 exquisituros
1151 4922 1293 4971 esse,
1322 4915 1379 4961 et
1404 4906 1629 4973 nullam,
1662 4908 1778 4974 ipso
1806 4907 2050 4969 absente.

459 5009 777 5068 accepturos
803 4999 1256 5063 consolationem;
1284 4998 1408 5067 quid
1436 4998 1550 5051 ait?
1580 4996 1790 5068 Rogabo
1820 4996 2048 5058 Patrem,

457 5100 506 5148 et
532 5092 693 5144 otium
723 5088 1049 5144 Parocletum
1086 5089 1225 5143 dabit
1252 5089 1429 5153 vobis;
1466 5088 1515 5142 id
1542 5098 1642 5153 est,
1678 5089 1851 5143 Alium
1881 5089 2053 5157 qualis

457 5198 559 5255 ego
585 5198 726 5238 sum.
756 5182 1092 5238 Erubescant
1114 5182 1203 5252 qui
1229 5180 1445 5236 Sabellii
1476 5180 1666 5234 morbo
1699 5178 1973 5242 laborant,
1995 5189 2052 5233 et

459 5276 551 5345 qui
581 5275 651 5330 de
677 5272 881 5344 Spiritu
923 5289 1026 5327 non
1049 5282 1197 5329 recte
1237 5274 1493 5327 sentiunt.
1522 5269 1655 5329 Nam
1697 5271 1749 5324 in
1790 5270 1891 5324 hoc
1931 5284 2050 5324 ser-

460 5385 622 5425 mone
648 5370 838 5423 mirum
859 5367 988 5423 illud
1014 5376 1116 5431 est,
1136 5366 1279 5437 quod
1306 5366 1541 5420 ltznrcses
1565 5380 1630 5418 ex
1657 5364 1918 5418 diametro
1948 5379 2050 5432 0p-

457 5464 662 5531 positas
692 5476 798 5515 uno
825 5463 930 5516 ictu
961 5469 1284 5530 prosternat.
1331 5458 1463 5513 Nam
1505 5473 1628 5512 cum
1666 5456 1813 5520 dicit,
1846 5455 2047 5523 Alium,

458 5553 764 5626 hypostasis
792 5552 934 5607 illius
955 5551 1309 5606 differentiam
1338 5548 1570 5613 indicat;
1594 5563 1715 5602 cum
1746 5562 1874 5602 vero
1896 5545 2046 5613 dicit,

458 5644 817 5711 Porocietum,
857 5643 1209 5712 substantiam
1240 5642 1504 5707 eamdem.
1541 5641 1715 5709 Quare
1744 5639 1893 5705 dicit,
1941 5639 2049 5693 Ro-

457 5739 586 5815 gabo
621 5738 866 5792 Patrem?
889 5739 1020 5806 Quia
1054 5737 1097 5791 si
1138 5735 1384 5804 dixisset,
1432 5736 1540 5807 Ego
1569 5735 1796 5803 mitt‘nn,
1832 5751 1933 5791 non
1974 5735 2043 5789 ita

2171 2598 2527 2654 credidissent
2557 2616 2573 2652 :
2605 2614 2748 2656 nunc
2774 2601 2921 2657 enim
2947 2601 2998 2657 id
3028 2612 3199 2669 curat,
3229 2613 3282 2659 ut
3311 2604 3540 2675 Spiritus
3569 2607 3758 2662 creda-

2170 2697 2294 2745 tur:
2329 2705 2451 2743 nant
2475 2698 2657 2760 postea
2682 2705 2743 2747 se
2773 2692 3056 2747 missurum
3086 2695 3230 2749 illum
3260 2710 3380 2751 esse
3406 2697 3534 2751 dicit
3567 2715 3580 2750 :
3608 2696 3755 2750 Acci-

2170 2782 2275 2853 pite
2292 2781 2543 2851 Spiritum
2563 2792 2793 2836 sanctum
2830 2784 3025 2854 (Joon.
3053 2784 3142 2841 20.
3189 2786 3299 2858 29.)
3343 2806 3357 2841 :
3403 2787 3490 2842 hic
3525 2803 3650 2843 vero
3694 2803 3754 2843 se

2167 2881 2475 2943 rogaturum
2523 2888 2644 2929 esse
2671 2874 2883 2930 Patrem
2914 2876 3062 2943 dicit,
3114 2889 3170 2931 ut
3209 2878 3312 2933 fide
3341 2879 3532 2950 dignus
3576 2896 3754 2936 Sermo

2166 2963 2297 3033 ipsis
2324 2974 2487 3019 esset.
2517 2964 2752 3020 Joannes
2777 2967 2972 3038 quippe
2997 2968 3065 3024 de
3092 2970 3183 3024 illo
3211 2969 3341 3025 dicit
3370 2989 3383 3024 :
3416 2972 3494 3026 De
3531 2971 3752 3041 plenitu-

2165 3059 2283 3113 dine
2309 3060 2418 3131 ejus
2452 3075 2544 3113 nos
2581 3076 2753 3115 omnes
2796 3062 3080 3131 occepimus
3121 3063 3300 3135 (Ibid.
3357 3066 3406 3120 1.
3435 3066 3539 3136 16)
3568 3085 3581 3120 :
3610 3068 3751 3137 quod

2164 3162 2343 3207 autem
2373 3152 2622 3221 habebat,
2650 3154 2919 3224 quomodo
2940 3155 3007 3211 ab
3031 3156 3201 3211 altero
3229 3157 3534 3228 acciperet?
3563 3159 3630 3213 Et
3655 3162 3752 3213 ite-

2164 3260 2283 3298 rtttn
2318 3243 2477 3314 :Ipse
2518 3261 2602 3298 vos
2657 3246 2928 3317 baptizabit
2981 3249 3034 3303 in
3087 3248 3289 3319 Spiritu
3329 3261 3502 3305 sancto
3546 3262 3597 3305 et
3645 3252 3753 3323 igni

2169 3334 2319 3406 (Luc.
2350 3336 2405 3391 5.
2428 3336 2540 3409 16).
2562 3337 2700 3403 Quid
2731 3354 2859 3394 vero
2887 3339 3003 3408 plus
3030 3340 3301 3396 habuisset
3325 3357 3482 3411 quam
3505 3344 3748 3410 apostoli.

2163 3429 2209 3480 si
2241 3427 2451 3483 Patrem
2484 3438 2765 3498 rogaturus
2794 3439 2910 3485 erat
2957 3439 3015 3485 ut
3056 3432 3173 3487 aliis
3213 3432 3387 3498 daret,
3442 3434 3652 3503 quando
3678 3433 3749 3487 illi

2162 3534 2307 3589 saepe
2352 3520 2468 3575 sine
2521 3524 2828 3591 precatione
2878 3526 3093 3595 operari
3149 3525 3441 3582 videntur?
3485 3528 3751 3599 quomodo

2163 3622 2341 3667 autent
2370 3614 2413 3668 si
2442 3630 2536 3684 per
2575 3629 2763 3683 preces
2793 3616 3022 3686 Spiritus
3051 3633 3079 3671 a
3108 3617 3264 3674 Patre
3296 3620 3554 3687 mittitur,
3581 3621 3692 3690 ipse
3718 3636 3749 3675 a

2163 3706 2342 3775 seipse
2369 3707 2604 3762 involat?
2624 3709 2892 3778 quomodo
2918 3710 2985 3764 ab
3005 3710 3111 3765 alio
3137 3712 3397 3779 mittatur,
3428 3713 3518 3783 qui
3558 3713 3750 3783 ubique

2164 3812 2402 3867 praesens
2428 3812 2530 3865 est,
2562 3802 2652 3870 qui
2682 3800 2870 3857 dividit
2897 3803 3183 3874 unicuique
3208 3821 3303 3860 sua
3330 3806 3469 3861 sicut
3496 3806 3627 3870 vult.
3657 3806 3748 3876 qui

2162 3906 2283 3944 cum
2309 3892 2625 3949 auctoritate
2647 3893 2777 3948 dicit
2808 3911 2823 3950 :
2848 3895 3121 3967 Segregate
3140 3898 3265 3952 mihi
3290 3898 3516 3953 Paulum
3543 3910 3589 3953 et
3614 3899 3748 3953 Bar-

2163 3983 2346 4038 nabom
2367 3986 2510 4054 (Act.
2549 3987 2636 4042 15.
2662 3987 2697 4041 2
2721 3988 2775 4058 )?
2803 3987 2963 4059 Atqui
2994 3989 3102 4045 Deo
3150 3991 3523 4046 ministrabant
3553 3992 3625 4045 illi
3652 3992 3751 4044 mi-

2162 4077 2351 4143 nistri;
2379 4087 2614 4134 attamen
2639 4094 2759 4134 cum
2781 4080 3097 4135 auctoritate
3116 4096 3211 4136 eos
3236 4081 3301 4136 ad
3347 4083 3618 4152 proprium
3648 4083 3748 4136 εἰιιὶ

2161 4184 2296 4239 opus
2321 4171 2546 4236 vocavit,
2579 4186 2685 4225 non
2716 4172 2855 4242 quod
2885 4172 2950 4226 ad
2968 4172 3112 4228 aliud
3135 4190 3266 4243 opus
3286 4187 3551 4240 evocaret,
3576 4176 3666 4230 sed
3691 4185 3750 4229 ttt

2161 4270 2476 4330 potestatem
2506 4277 2654 4317 suam
2682 4263 3009 4321 ostenderet.
3039 4265 3174 4333 Quid
3204 4283 3332 4337 ergo
3373 4267 3476 4322 sihi
3510 4268 3638 4331 vnlt,
3665 4268 3749 4321 in-

2160 4353 2331 4422 quies,
2389 4354 2541 4420 iilud,
2590 4354 2801 4424 Rogabo
2851 4357 3100 4412 Patrem?
3126 4358 3194 4416 Ut
3245 4361 3491 4416 ostendat
3543 4371 3747 4431 tempus

2159 4445 2422 4500 adventus
2465 4447 2580 4515 ejus
2609 4463 2749 4503 esse.

2232 4536 2333 4590 Cur
2361 4536 2589 4604 Spiritus
2613 4550 2817 4595 sanctus
2842 4557 2941 4595 non
2963 4541 3162 4597 advenit
3189 4553 3431 4613 prazsente
3455 4542 3747 4599 Christo.»—

2159 4627 2290 4682 Cutn
2323 4629 2469 4684 enim
2497 4630 2615 4685 illos
2643 4646 2737 4701 per
2766 4633 3085 4688 sacrificium
3123 4636 3461 4702 mundasset,
3492 4647 3618 4693 tunc
3646 4636 3744 4692 atl-

2162 4721 2362 4775 volavit
2392 4722 2621 4792 Spiritus
2660 4734 2897 4779 sanctus.
2927 4726 3037 4781 Cur
3068 4742 3171 4781 non
3201 4730 3508 4797 supervenit
3534 4728 3746 4797 quando

2158 4821 2276 4867 erat
2300 4829 2421 4867 cum
2454 4814 2558 4868 illis
2577 4814 2770 4871 Jesus?
2797 4818 2927 4885 Quia
2951 4819 3188 4874 nondum
3214 4820 3448 4875 oblatum
3472 4821 3641 4877 fuerat
3659 4836 3746 4875 sa-

2158 4906 2442 4960 crificium.
2476 4905 2609 4961 Cum
2635 4920 2813 4963 autem
2838 4911 2947 4979 jam
2982 4923 3257 4981 peccatum
3297 4912 3530 4966 deletum
3573 4921 3742 4978 esset,

2158 5008 2211 5051 et
2239 4997 2339 5066 ipsi
2370 4998 2437 5051 ad
2475 5000 2711 5068 pericula
2741 5001 2924 5067 missi,
2956 5002 3022 5056 ad
3057 5018 3282 5073 pugnam
3312 5019 3373 5058 se
3402 5012 3741 5073 appararent,

2160 5086 2485 5143 hortatorem
2526 5092 2663 5145 mitti
2689 5093 2946 5161 oportuit.
2983 5092 3095 5148 Cur
3118 5109 3245 5148 vero
3280 5110 3384 5149 non
3415 5095 3594 5148 statim
3620 5103 3745 5163 post

2158 5181 2611 5234 resurrectionem
2644 5181 2873 5251 Spiritus
2904 5183 3087 5238 venit?
3122 5183 3190 5239 Ut
3216 5185 3334 5254 ejus
3364 5185 3566 5252 majore
3601 5184 3741 5252 capti

2158 5271 2445 5338 desiderio,
2477 5290 2597 5328 cum
2624 5276 2813 5344 majori
2843 5277 3012 5346 gratia
3034 5276 3179 5330 illum
3205 5277 3533 5347 acciperent.
3565 5277 3745 5329 Donec

2156 5367 2300 5421 enim
2324 5381 2446 5421 cum
2473 5368 2573 5422 illis
2599 5365 2846 5422 Christus
2864 5377 3000 5433 erat,
3029 5385 3132 5422 non
3155 5367 3575 5430 afﬂictabantur;
3600 5379 3720 5437 post

2155 5473 2314 5531 quam
2345 5467 2524 5512 autem
2567 5457 2846 5523 discessit,
2895 5459 3075 5513 nudati
3119 5469 3172 5513 et
3217 5460 3268 5513 in
3318 5460 3506 5513 timore
3551 5473 3744 5527 magno

2156 5558 2452 5614 versantes,
2472 5564 2592 5603 cum
2616 5565 2809 5620 magno
2827 5550 2974 5605 illum
2993 5549 3258 5605 desiderio
3277 5551 3550 5619 excepturi
3569 5558 3741 5605 erant.

2165 5640 2434 5694 Vobiscum
2462 5651 2647 5704 manet,
2700 5641 2802 5696 hoc
2846 5651 2948 5708 est,
2981 5656 3048 5695 tte
3094 5653 3213 5708 post
3257 5650 3484 5695 mortem
3529 5640 3744 5710 quidem

2159 5735 2418 5790 abscedit.
2446 5734 2521 5790 Ne
2543 5751 2671 5790 vero
2695 5735 3027 5792 Paracletum
3052 5735 3352 5801 audientes,
3378 5735 3535 5789 aliam
3564 5745 3745 5788 rursus
