4100 6362
297 274 405 332 403

1216 277 1280 334 IN
1318 278 1636 339 JOANNEM
1679 283 1914 343 HOMIL.
1966 284 2175 344 Lxxv.
2219 287 2291 343 al.
2326 249 2562 341 Lxxwl

3433 282 3541 339 ωε

294 394 404 464 1&9
429 393 593 464 ἀρκεῖ
622 391 866 463 θελῆσαι,
900 390 994 445 καὶ
1021 389 1197 445 πάντα
1232 390 1503 447 ἔσϐεσται.
1537 396 1627 467 Μὴ
1660 396 1769 467 γὰρ
1796 397 1861 469 δὴ
1961 396 2148 452 αὐτοῦ
2172 395 2323 452 πᾶσι
2350 396 2476 462 τοῖς
2499 398 2863 465 ὑπάρχουσι,
2892 395 2992 449 οὐκ
3017 394 3132 449 ἔστι
3161 411 3262 465 μου
3290 394 3537 463 άξιος.⁶¹ο

296 475 454 529 τοῦτο
487 475 705 545 ἴδωμεν,
732 477 814 529 ὅτι
839 475 1154 545 τυραννικὸν
1186 476 1215 528 6
1236 474 1344 528 τῶν
1373 477 1671 547 χρημάτων
1702 479 1860 551 ἔρως,

297 558 411 611 ἀλλ’
437 559 518 613 ὅτι
562 560 663 627 τῆς
705 558 976 630 ἡμετέρας
1021 558 1292 631 ῥᾳθυμίας
1318 560 1350 628 ἡ
1374 560 1645 631 τυραννίς.
1673 563 1863 616 Πολλοί

297 641 427 707 γοῦν
452 642 560 705 οὐδ’
587 644 668 695 ὃτι
696 642 843 695 ἔστιν
870 641 1131 714 ἀργύριον
1152 640 1347 695 εἰδέναι
1369 642 1636 711 λέγουσιν.
1658 646 1731 699 Οὐ
1756 646 1864 717 γάρ

297 724 415 776 ἐστι
440 726 639 795 φυσικὴ
666 728 698 798 ὴ
729 726 990 795 ἐπιθυμία
1019 724 1179 797 αῦτη.
1196 726 1260 777 Αἰ
1285 724 1394 797 γάρ
1413 728 1641 795 φυσικαὶ
1663 728 1866 782 ἄνωθεν

300 806 396 858 καὶ
419 806 476 872 ἐξ
507 807 681 877 ἀρχῆς
710 808 1119 878 κατεϐλήθησαν
1139 824 1153 837 ·
1192 808 1390 878 χρυσὸς
1417 809 1474 862 δέ
1508 811 1600 863 καὶ
1630 810 1867 881 ἄργυρος

300 890 395 941 καὶ
430 890 592 961 μέχρι
619 891 812 945 πολλοῦ
840 893 1032 963 χρόνου
1058 891 1163 945 οὐδ’
1185 893 1214 945 ὃ
1236 910 1287 944 τι
1308 893 1438 945 ποτέ
1459 894 1573 947 ἐστι
1594 893 1867 964 γνώριμον

297 967 386 1042 ἦν.
418 973 585 1027 Πόθεν
628 970 719 1028 οὖν
753 975 965 1046 ηὐξήθη
995 977 1028 1047 ἡ
1056 974 1315 1045 ἐπιθυμία
1345 975 1513 1046 αὐτη;
1556 976 1689 1029 Ἀπὸ
1714 993 1867 1029 κενο-

299 1054 479 1122 δοξίας
524 1059 615 1111 καὶ
659 1058 931 1129 ῥᾳθυμίας
977 1058 1227 1127 ἐσχάτης.
1261 1057 1381 1110 Τῶν
1414 1058 1522 1127 γὰρ
1566 1058 1869 1129 ἐπιθυμιῶν

300 1141 358 1192 αἰ
388 1141 489 1210 μέν
507 1143 642 1194 εἰσιν
664 1143 976 1210 ἀναγκαῖαι,
1005 1144 1060 1195 αἰ
1081 1142 1137 1194 δὲ
1161 1142 1406 1210 φυσικαὶ,
1433 1142 1490 1194 αἰ
1516 1142 1572 1195 δὲ
1593 1142 1870 1213 οὐδέτερον

300 1222 525 1277 τούτων.
559 1220 682 1279 Οἷόν
712 1244 763 1279 τι
795 1226 965 1295 λέγω·
1015 1227 1134 1279 ὅσαι
1183 1226 1259 1296 μὴ
1302 1224 1669 1296 πληρούμεναι
1719 1225 1871 1296 φθεί-

304 1323 457 1375 ρουσι
499 1308 561 1361 τὸ
593 1308 752 1372 ζῶον,
786 1306 944 1365 αὗται
971 1311 1195 1378 φυσικαὶ
1226 1310 1319 1363 καὶ
1349 1310 1641 1377 ἀναγκαῖαι
1675 1309 1873 1380 τυγχά-

301 1406 483 1443 νουσιν
501 1407 516 1422 ·
549 1386 659 1447 οἷον
682 1394 714 1464 ὴ
739 1393 846 1446 τῶν
878 1393 1061 1447 σιτίων
1090 1393 1184 1446 καὶ
1218 1393 1417 1457 ποτῶν,
1445 1392 1541 1446 καὶ
1564 1393 1596 1463 ή
1621 1392 1716 1445 τοῦ
1740 1393 1844 1446 καθ
1860 1422 1874 1433 -

300 1472 473 1527 εύδειν
496 1475 756 1547 ἐπιθυμία
770 1492 783 1505 ·
803 1479 831 1530 6
852 1476 907 1529 δέ
931 1476 1039 1530 τῶν
1064 1476 1328 1544 σωμάτων
1349 1474 1507 1546 ἔρως,
1527 1476 1753 1547 φυσικὸς
1776 1476 1875 1546 μὲν

301 1556 468 1623 ἔστιν,
495 1560 595 1612 οὐκ
622 1560 917 1628 ἀναγκαῖος
943 1559 1019 1613 δέ.
1053 1558 1242 1612 Πολλοί
1270 1557 1378 1628 γάρ
1403 1555 1551 1630 [458]
1579 1557 1740 1610 αὐτοῦ
1780 1575 1877 1610 πει

303 1641 634 1712 ριγεγόνασι,
662 1643 755 1697 καὶ
804 1643 903 1696 οὐκ
938 1642 1315 1696 ἀπώλοντο.Ἠ
1340 1641 1398 1694 δὲ
1425 1641 1532 1695 τῶν
1576 1644 1873 1713 χρημάτων

300 1723 562 1794 ἐπιθυμία
582 1723 703 1778 οὐτε
732 1726 954 1796 φυσικὴ,
974 1724 1100 1777 οὔτε
1124 1724 1414 1793 ἀναγκαία,
1447 1723 1582 1778 ἀλλὰ
1610 1726 1834 1796 περιττή
1858 1743 1871 1754 ·

300 1805 404 1860 κᾶν
432 1805 772 1878 βουλώμεθα,
803 1809 865 1861 οὐ
894 1807 1158 1879 δεχόμεθα
1190 1809 1360 1879 αὐτῆς
1382 1807 1480 1877 τὴν
1504 1806 1697 1878 ἀρχήν.
1717 1808 1875 1878 Ἀμέ-

300 1889 382 1942 λει
427 1890 522 1944 καὶ
550 1893 578 1944 6
605 1892 838 1961 Χριστὸς
868 1895 994 1962 περί
1028 1891 1325 1963 παρθενίας
1352 1890 1731 1960 διαλεγόμενός
1766 1908 1873 1963 φη-

302 1990 416 2027 σιν·
464 1974 516 2027 Ὁ
544 1973 878 2043 δυνάμενος
921 1974 1151 2042 χωρεῖν,
1186 1974 1464 2042 χωρείτω·
1500 1974 1628 2045 περὶ
1656 1973 1713 2027 δέ
1741 1991 1874 2045 χρη-

304 2056 489 2126 μάτων
518 2057 616 2129 οὐχ
638 2056 830 2121 οὕτως,
846 2057 981 2112 ἀλλὰ
998 2057 1051 2110 τί
1073 2073 1088 2123 ;
1129 2058 1263 2111 Ἐὰν
1286 2056 1369 2126 μή
1394 2074 1482 2123 τις
1504 2056 1875 2124 ἀποτάξηται

1965 482 2065 553 μὲν
2107 481 2215 552 γάρ
2242 476 2312 552 ἦν
2337 478 2557 534 εὔκολον
2600 478 2831 550 παρῄνει
2850 494 2864 510 ·
2906 480 2935 533 6
2967 478 3024 532 δὲ
3054 478 3370 551 ὑπερϐαίνει
3409 476 3537 542 τοὺς

1965 566 2212 629 πολλοὺς,
2243 564 2524 637 ἐπιτρέπει
2564 566 2629 633 τῇ
2682 563 3015 635 προαιρέσει.
3045 562 3111 616 Τί
3136 562 3315 617 τοίνυν
3358 563 3540 634 πάσης

1964 646 2369 719 ἀποστεροῦμεν
2404 646 2629 710 ἐαυτοὺς
2674 646 3001 715 ἀπολογίας;
3042 645 3101 699 Ὀ
3149 646 3247 716 μὲν
3293 645 3402 714 γάρ
3436 645 3541 698 ὑπὸ

1964 731 2056 785 τοῦ
2099 729 2563 802 τυραννικωτέρω
2596 730 2801 793 πάθους
2845 730 3025 792 ἁλοὺς,
3052 729 3112 781 οὐ
3150 729 3350 799 πολλὴν
3382 727 3542 780 δώσει

1965 815 2122 885 δίκην
2142 833 2155 845 ·
2191 817 2219 868 6
2246 812 2303 866 δὲ
2339 813 2443 866 ὑπὸ
2463 813 2559 866 τοῦ
2589 811 2849 876 ἀσθενοῦς
2876 811 3181 884 χειρωθεὶς,
3214 811 3395 882 πάσης
3438 811 3544 864 ἀπ-

1967 898 2255 969 εστέρηται
2298 897 2614 966 ἀπολογίας.
2655 897 2720 949 Τί
2761 897 2870 968 γάρ
2918 895 3170 967 ἐροῦμεν,
3203 896 3330 950 ὅταν
3383 895 3541 968 λέγῃ,

1968 982 2242 1035 Πεινῶντά
2276 998 2342 1051 με
2378 981 2565 1044 εἴδετε,
2594 980 2687 1033 καὶ
2710 980 2809 1032 οὐκ
2830 979 3131 1051 ἐθρέψατε;
3167 978 3323 1032 ποίαν
3350 978 3555 1048 ἐξομεν

1969 1063 2297 1131 ἀπολογίαν;
2326 1063 2425 1133 τὴν
2456 1061 2647 1117 πενίαν
2671 1060 3089 1134 προϐαλούμεθα
3117 1062 3332 1125 πάντως
3356 1078 3372 1127 ;
3405 1060 3545 1114 Ἀλλ’

1968 1147 2067 1199 οὐκ
2104 1146 2271 1215 ἐσμὲν
2308 1147 2404 1216 τῆς
2436 1148 2611 1218 χήρας
2662 1145 2876 1216 ἐκείνης
2921 1146 3256 1216 πενέστεροι,
3289 1146 3412 1215 ἥτις
3452 1142 3559 1197 δύα

1969 1229 2189 1292 ὀϐολοὺς
2237 1228 2475 1299 βαλοῦσα
2502 1270 2517 1293 ,
2569 1228 2776 1291 πάντας
2822 1228 3268 1299 ὑπερηκόντισεν.
3320 1228 3396 1281 Οὐ
3438 1227 3559 1297 γὰρ.

1972 1312 2244 1382 ποσότητα
2293 1312 2590 1381 εἰσφοριῐιίςει
2635 1313 2856 1365 ἀπαιτεῖ
2900 1312 2928 1364 6
2968 1310 3098 1374 Θεὸς
3123 1352 3138 1375 ,
3191 1309 3327 1365 ἀλλά
3375 1309 3553 1380 μέτρα

1972 1393 2224 1464 γνώμης·
2258 1396 2348 1447 καί
2382 1392 2541 1447 τοῦτο
2572 1394 2630 1447 δὲ
2673 1394 2772 1463 τῆς
2818 1393 2983 1447 αὐτοῦ
3027 1393 3372 1464 κηδεμονίας.
3404 1393 3548 1447 Θαυ-

1977 1477 2245 1548 μάσαντες
2276 1477 2455 1531 τοίνυν
2482 1477 2645 1531 αὐτοῦ
2674 1478 2772 1549 τὴν
2810 1478 3321 1549 φιλανθρωπίαν,τὰ
3350 1477 3551 1531 δυνατά

1977 1560 2469 1630 συνεισενέγκωμεν
2493 1577 2506 1590 ·
2535 1561 2621 1614 ἵνα
2650 1560 2746 1614 καὶ
2778 1560 2919 1614 κατὰ
2944 1560 3033 1614 τὸν
3052 1561 3293 1632 παρόντα
3322 1559 3434 1629 βίον
3458 1559 3551 1612 καὶ

1979 1642 2122 1696 κατά
2141 1642 2232 1695 τὸν
2255 1641 2517 1712 μέλλοντα
2537 1643 2737 1715 πολλῆς
2765 1644 3019 1714 τυχόντες
3040 1646 3137 1715 τῆς
3156 1642 3249 1697 τοῦ
3272 1640 3408 1695 Θεοῦ
3432 1642 3552 1711 φιλ-

1979 1724 2313 1796 ανθρωπίας,
2337 1725 2655 1796 δυνηθῶμεν
2685 1725 2991 1781 ἀπολαῦσαι
3006 1727 3113 1780 τῶν
3128 1726 3552 1798 ἐπηγγελμένων

1979 1811 2112 1879 ἡμῖν
2160 1809 2399 1878 ἀγαθῶν,
2432 1810 2613 1882 χάριτι
2664 1811 2757 1864 καὶ
2805 1811 3184 1883 φιλανθρωπίᾳ
3225 1810 3319 1863 τοῦ
3347 1810 3551 1881 Κυρίου

1980 1892 2137 1963 ὴμῶν
2178 1892 2351 1963 Ἰησοῦ
2376 1893 2635 1965 Χριστοῦ,
2664 1887 2708 1962 ᾧ
2733 1896 2766 1965 ή
2801 1893 2927 1960 δόξα
2953 1896 3033 1959 εἰς
3055 1896 3183 1958 τούς
3214 1892 3416 1957 αἰῶνας
3444 1893 3552 1947 τῶν

1981 1974 2212 2033 αἰώνων.
2230 1978 2287 2030 ’Δ
2295 1977 2423 2048 μήν.

2044 2068 2071 2096 ³
2092 2066 2263 2118 Morel.
2289 2074 2452 2133 φορᾶς.

308 2178 3485 2217 —‘———-—_—————————————————_—____—_.

1796 2275 2036 2330 OMIAIA
2074 2275 2191 2334 OE'.

315 2368 455 2423 Ἕὰν
491 2369 756 2439 ἀγαπᾶτέ
774 2386 870 2440 με,
907 2368 1015 2440 τὰς
1036 2362 1287 2440 ἐντολὰς
1313 2367 1421 2440 τὰς
1442 2368 1587 2438 ἐμὰς
1611 2368 1874 2440 τηρήσα-

377 2454 471 2491 τε·
520 2442 616 2510 καὶ
666 2439 786 2510 ἐγὼ
827 2439 1102 2508 ἐρωτήσω
1131 2439 1237 2492 τὸν
1267 2439 1519 2507 Πατέρα,
1557 2441 1652 2493 καὶ
1683 2439 1877 2510 ἄλλον

376 2507 768 2579 Παρακλητον
809 2507 985 2564 δώσει
1024 2510 1184 2579 ὑμῖν,
1226 2510 1326 2562 ἵνα
1366 2510 1517 2578 μένῃ
1560 2510 1688 2577 μεθ’
1710 2507 1877 2577 ὑμῶν

376 2581 463 2644 εις
480 2578 683 2643 αἰῶνα,
713 2581 777 2633 τὸ
806 2580 1046 2648 Πνεῦμα
1064 2578 1185 2645 τῆς
1206 2580 1512 2645 ἀληθείας,
1536 2579 1567 2633 6
1595 2583 1628 2634 ό
1651 2580 1877 2647 κόσμος

376 2651 449 2703 οὐ
494 2648 741 2703 δύναται
779 2650 1006 2716 λαϐεῖν,
1039 2651 1127 2703 ὅτι
1173 2653 1246 2704 οὺ
1290 2650 1487 2719 θεωρεῖ
1522 2649 1691 2716 αὐτὸ,
1738 2648 1879 2705 οὐδὲ

380 2720 656 2789 γινώσκει
683 2720 851 2775 αὐτό.

380 2815 449 2869 α’.
478 2816 692 2885 Ἔργων
714 2816 845 2886 ἡμῖν
873 2815 954 2868 δεῖ
976 2816 1068 2869 καὶ
1092 2815 1342 2886 πράξεων
1365 2813 1661 2885 πανταχοῦ,
1693 2815 1752 2869 ού
1779 2814 1878 2883 τῆς

304 2899 397 2955 διά
427 2901 687 2971 ῥημάτων
716 2900 1045 2965 ἐπιδείξεως.
1079 2901 1266 2953 Εἰπεῖν
1292 2900 1400 2970 γάρ
1429 2899 1521 2952 καὶ
1550 2897 1877 2968 ὑποσχέσθαι

307 2984 472 3037 παντί
502 3001 603 3037 που
645 2984 844 3054 ῥᾴδιον,
874 2985 1079 3053 πρᾶξαι
1111 2982 1167 3035 δὲ
1197 2982 1378 3036 οὐκέτι
1409 2981 1609 3051 ὁμοίως
1638 2980 1876 3035 εὐκολον.

304 3066 374 3120 Τί
401 3067 597 3137 δήποτε
625 3067 682 3119 δὲ
713 3066 885 3120 ταῦτα
930 3062 1113 3130 εἴπον;
1147 3067 1267 3120 Ὅτι
1311 3065 1494 3119 πολλοί
1521 3064 1617 3118 νῦν
1646 3066 1751 3118 εἰσι
1796 3064 1881 3117 λέ-

305 3166 494 3218 γοντες
521 3148 798 3218 φοϐεῖσθαι
823 3149 914 3202 τὸν
940 3148 1071 3202 Θεὸν
1104 3150 1196 3202 καὶ
1228 3150 1467 3219 ἀγαπᾷν,
1490 3151 1601 3211 τοῖς
1621 3148 1676 3200 δὲ
1701 3147 1881 3219 ἔργοις

306 3233 376 3286 τά
406 3233 623 3285 ἐναντία
652 3231 1082 3285 ἐπιδείκνυνται·
1111 3234 1139 3285 6
1171 3231 1228 3285 δὲ
1253 3231 1385 3294 Θεὸς
1412 3230 1510 3301 τὴν
1532 3230 1619 3283 διὰ
1646 3230 1755 3282 τῶν
1788 3229 1880 3299 ἔρ-

308 3334 421 3384 γων
440 3317 659 3386 ἀγάπην
692 3317 956 3386 ἐπιζητεῖ.
992 3315 1091 3369 Διά
1126 3315 1284 3369 τοῦτο
1316 3316 1411 3369 καὶ
1445 3314 1580 3385 πρὸς
1612 3314 1737 3378 τούς
1777 3332 1879 3384 μα-

306 3400 478 3472 θητάς
512 3400 718 3470 ἔλεγεν·
738 3401 872 3454 Ἐὰν
902 3397 1168 3469 ἀγαπᾶτέ
1194 3416 1270 3468 με
1292 3438 1307 3462 ,
1348 3399 1452 3465 τὰς
1481 3396 1731 3463 ἐντολάς
1768 3415 1880 3465 μου

308 3482 618 3551 τηρήσετε.
638 3483 855 3553 Ἐπειδὴ
879 3483 987 3554 γάρ
1019 3477 1191 3544 εἶπεν,
1225 3483 1305 3535 ὅτι
1344 3483 1403 3533 Ὃ
1436 3482 1545 3535 ἐὰν
1573 3479 1878 3546 αἰτήσητε,

307 3566 424 3636 ἐγὼ
451 3566 701 3632 ποιήσω,
731 3566 816 3618 ἵνα
864 3565 937 3635 μὴ
984 3564 1275 3635 νομίσωσιν
1307 3564 1495 3627 ἁπλῶς
1533 3563 1631 3635 τὴν
1669 3564 1880 3633 αῐτησιν

312 3650 538 3719 ἰσχύειν,
571 3650 881 3720 ἐπήγαγεν·
928 3648 1069 3702 Ἐὰν
1093 3646 1360 3717 ἀγαπᾶτέ
1391 3662 1496 3718 με·
1546 3646 1689 3710 τότε,
1725 3647 1879 3719 φησί,

310 3735 542 3804 ποιήσω.
561 3733 778 3805 Ἐπειδὴ
822 3732 878 3785 δέ
921 3733 1066 3796 εἰκὸς
1089 3728 1155 3804 ἦν
1186 3734 1381 3795 αὐτοὺς
1427 3734 1520 3788 καὶ
1563 3732 1878 3794 ἀκούοντας,

308 3818 392 3870 ὅτι
613 3817 760 3883 πρὸς
802 3815 911 3867 τὸν
951 3815 1181 3883 Πατέρα
1223 3817 1605 3885 πορεύομαιι,
1639 3816 1884 3888 θορυϐεῖ-

310 3900 459 3965 σθαι,
487 3900 677 3972 φησίν·
697 3900 770 3953 Οὐ
803 3899 960 3953 τοῦτό
985 3900 1101 3952 ἐστι
1118 3901 1180 3953 τὸ
1204 3901 1423 3971 ἀγαπᾷν
1446 3902 1509 3954 τὸ
1540 3900 1882 3972 θορυϐεῖσθαι

308 3984 425 4051 νῦν,
459 3984 596 4039 ἀλλά
627 3983 687 4037 τὸ
714 3982 995 4037 πείθεσθαι
1014 3986 1128 4045 τοῖς
1154 3983 1486 4054 λεγομένοις.
1519 3985 1735 4038 Ἔδωκα
1756 3986 1882 4053 ὐμῖν

308 4070 549 4140 ἐντολὴν,
601 4069 686 4121 ἵνα
732 4067 980 4135 ἀγαπᾶτε
1024 4066 1313 4136 ἀλλήλους·
1372 4069 1458 4122 ῖνα
1505 4068 1645 4122 οὕτω
1693 4069 1882 4138 ποιῆτε

305 4153 578 4224 ἀλλήλοις,
618 4149 800 4212 καθὼς
824 4150 917 4203 καὶ
943 4150 1054 4218 ἐγὼ
1086 4150 1215 4219 ὑμῖν
1253 4151 1504 4221 ἐποίησα.
1535 4151 1705 4204 Τοῦτό
1736 4153 1882 4204 ἐστιν

306 4236 498 4304 ἀγάπη
524 4275 538 4297 ,
574 4234 637 4287 τὸ
672 4232 951 4286 πείθεσθαι
1005 4231 1152 4304 [ιὸθ]
1199 4232 1429 4298 τούτοις,
1456 4234 1550 4287 καὶ
1593 4233 1760 4287 εἴκειν
1804 4234 1882 4304 τῷ

309 4320 647 4390 ποθουμένῳ.
678 4318 787 4372 Καὶ
822 4317 1098 4386 ἐρωτήσω
1122 4318 1229 4371 τὸν
1252 4318 1505 4387 Πατέρα,
1545 4318 1644 4373 καί
1690 4318 1883 4372 ἄλλον

306 4402 702 4471 Παράκλητον
738 4401 917 4455 δώσει
963 4402 1122 4470 ὑμῖν.
1163 4401 1628 4469 Συγκαταϐάσεως
1664 4400 1822 4454 πάλιν
1855 4403 1883 4455 6

304 4487 481 4555 λόγος.
502 4484 720 4555 Ἐπειδὴ
751 4485 859 4555 γὰρ
886 4484 1095 4537 οὐδέπω
1124 4484 1286 4537 αὐτὸν
1311 4484 1618 4553 ἐγνωκότας
1644 4484 1790 4547 εἰκὸς
1817 4480 1882 4555 ἦν

308 4568 513 4639 σφόδρα
546 4569 823 4635 ἐπιζητεῖν
847 4568 946 4639 τὴν
976 4567 1261 4621 συνουσίαν
1292 4568 1527 4639 ἐκείνην,
1548 4566 1617 4619 τά
1640 4569 1879 4639 ῥήματα,

305 4652 405 4723 τὴν
439 4651 577 4704 κατά
612 4651 788 4721 σάρκα
815 4648 979 4702 αὐτοῦ
1026 4650 1345 4721 παρουσίαν,
1383 4651 1478 4704 καὶ
1514 4650 1783 4721 μηδεμίαν
1806 4649 1883 4701 δέ·

306 4734 497 4805 χεσθαι
546 4734 900 4805 παραμυθίαν
933 4733 1195 4796 ἀπόντος·
1230 4733 1281 4786 τί
1326 4750 1528 4803 φησινς
1573 4732 1882 4802 Ἐρωτήσω

302 4816 413 4870 τὸν
450 4816 699 4882 Πατέρα,
732 4816 831 4869 καὶ
863 4814 1056 4869 ἄλλον
1082 4815 1470 4885 Παράκλητον
1498 4815 1675 4869 δώσει
1700 4816 1843 4886 ὑμῖν
1863 4832 1877 4846 ·

302 4899 803 4960 τουτέστιν,”Αλλον
842 4897 919 4961 ὼς
956 4898 1075 4967 ἐμέ.
1104 4898 1557 4969 Αἰσχυνθήτωσαν
1600 4901 1694 4953 καί
1726 4902 1775 4952 οἰ
1809 4898 1878 4952 τά

304 4982 593 5035 Σαϐελλίου
635 4982 938 5044 νοσοῦντες,
967 4982 1062 5034 καί
1100 4982 1149 5033 οῖ
1189 4981 1435 5051 περὶτοῦ
1470 4982 1787 5052 Πνεύματος
1813 4984 1875 5035 οὐ

301 5065 401 5137 τὴν
434 5069 815 5135 προσήκουσαν
844 5064 1002 5130 δόξαν
1034 5064 1267 5134 ἔχοντες.
1301 5066 1408 5117 Καὶ
1449 5066 1557 5135 γὰρ
1599 5064 1659 5118 τὸ
1691 5064 1876 5135 θαῦμα

300 5148 396 5200 τοῦ
429 5148 589 5216 λόγου
618 5147 776 5200 τοῦτό
805 5150 973 5210 ἐστιν,
1005 5148 1085 5200 ὅτι
1110 5147 1206 5208 τὰς
1237 5149 1301 5200 ἐκ
1322 5147 1609 5218 διαμέτρου
1633 5148 1877 5211 ἑστώσας

301 5231 544 5301 αἱρέσεις
580 5233 678 5301 μιᾷ
714 5230 896 5300 πληγῇ
946 5231 1266 5298 κατήνεγκε.
1301 5228 1390 5300 Τῷ
1424 5230 1520 5300 μὲν
1549 5230 1657 5302 γὰρ
1682 5233 1878 5295 εἰπεῖν,

304 5317 543 5378 Ἀλλον,
572 5314 840 5367 δείκνυσιν
870 5314 1035 5366 αὐτοῦ
1069 5314 1165 5383 τῆς
1200 5314 1547 5376 ὑποστάσεως
1572 5314 1669 5385 τὴν
1695 5315 1882 5383 διαφο-

302 5397 403 5466 ράν
426 5413 438 5426 ο
464 5395 542 5466 τῷ
563 5395 617 5448 δέ
644 5398 840 5456 εἰπεῖν,
866 5395 1276 5464 Παράκλητον,
1295 5398 1392 5468 τῆς
1419 5397 1605 5459 οὐσίας
1631 5398 1727 5465 τὴν
1757 5413 1883 5464 συγ-

298 5480 537 5548 γένειαν.
580 5481 733 5533 Διατί
782 5479 838 5532 δέ
887 5497 1071 5552 φησιν,
1106 5478 1414 5547 Ἐρωτήσω
1463 5484 1568 5532 τὸν
1612 5479 1879 5546 Πατέρας

302 5566 425 5617 Ὅτι
444 5567 492 5617 εἰ
514 5561 686 5629 εἶπεν,
704 5564 845 5633 Ἐγὼ
862 5564 1080 5634 πέμψω,
1108 5566 1205 5617 οὐκ
1224 5565 1288 5618 ἂν
1309 5565 1507 5634 ὁμοίως
1529 5564 1874 5617 ἐπίστευσαν·

298 5648 395 5701 νῦν
426 5650 483 5702 δέ
514 5649 573 5702 τὸ
604 5647 1033 5717 σπουδαζόμενον
1080 5648 1234 5701 τοῦτό
1268 5650 1434 5713 ἐστιν,
1471 5647 1612 5701 ὥστε
1665 5664 1881 5700 πιστευ-

296 5734 459 5803 θῆναι
483 5733 936 5803 αὐτόν.”Υστερον
985 5732 1094 5803 γὰρ
1133 5733 1294 5796 αὐτός
1328 5749 1491 5804 φησιν
1524 5731 1687 5785 αὐτὸν
1734 5729 1879 5799 πέμ-

299 5833 446 5877 πειν,
495 5816 702 5884 λέγων·
754 5814 972 5870 Λάϐετε
1005 5814 1249 5886 Πνεῦμα
1285 5815 1492 5886 ἅγιον·
1541 5813 1775 5870 ἐνταῦθα
1823 5812 1879 5866 δέ

368 5909 397 5938 ⁸
434 5909 532 5958 Alii
575 5908 865 5972 ἀπέρχομαι.

1977 2388 2142 2441 φησιν
2176 2374 2386 2445 ἐρωτᾷν
2430 2374 2521 2428 τὸν
2555 2374 2790 2447 Πατέρα,
2821 2375 2961 2429 ὥστε
2988 2374 3298 2440 ἀξιόπιστον
3328 2372 3559 2443 ποιῆσαι

1976 2456 2159 2520 αὐτοῖς
2188 2458 2279 2511 τὸν
2304 2458 2482 2527 λόγον.
2501 2459 2717 2529 Ἐπειδὴ
2760 2460 2788 2512 ό
2833 2457 3085 2529 Ἰωάννης
3113 2457 3245 2529 φησί
3286 2456 3415 2529 περὶ
3456 2456 3556 2511 αὐ-

1976 2540 2090 2605 τοῦ,
2116 2540 2198 2593 ὅτι
2238 2541 2337 2595 Ἐκ
2363 2541 2470 2595 τοῦ
2507 2541 2894 2611 πληρώματος
2920 2541 3105 2595 αὐτοῦ
3138 2540 3308 2611 ἡμεῖς
3329 2539 3555 2604 πάντες

1976 2624 2303 2693 ἐλάϐομεν·
2338 2624 2367 2677 6
2411 2625 2469 2678 δὲ
2512 2621 2644 2696 εἶχε,
2694 2625 2812 2689 πῶς
2858 2627 2986 2697 παρ’
3017 2624 3202 2696 ἐτέρου
3249 2622 3550 2694 λαμϐάνεις

1979 2709 2088 2762 Καὶ
2144 2708 2338 2761 πάλιν·
2393 2708 2586 2775 Αὐτὸς
2615 2708 2770 2778 ὑμᾶς
2812 2709 3099 2774 ,ϐαπτίσει
3142 2709 3211 2762 ἐν
3255 2708 3553 2775 Πνεύματι

1978 2791 2123 2861 ἁγίῳ
2148 2792 2242 2845 καὶ
2273 2792 2435 2859 πυρί.
2468 2793 2532 2845 Τί
2560 2792 2617 2845 δὲ
2646 2791 2752 2845 τῶν
2774 2790 3087 2845 ἀποστόλων
3110 2790 3291 2845 πλεῖον
3314 2787 3478 2859 εἶχεν,
3501 2790 3552 2842 εἰ

1977 2877 2069 2929 τὸν
2117 2876 2339 2947 Πατέρα
2387 2874 2568 2941 ἀξιοῦν
2613 2875 2834 2946 ἔμελλεν
2879 2875 3018 2929 ὥστε
3067 2875 3265 2928 διδόναι
3313 2874 3549 2945 ἑτέροις,

1978 2958 2140 3011 ὁπότε
2174 2960 2369 3012 ἐκεῖνοι
2416 2959 2673 3023 πολλάκις
2719 2958 2813 3011 καὶ
2858 2959 3027 3030 χωρὶς
3068 2958 3233 3027 εὐχῆς
3271 2956 3552 3025 φαίνονται

1978 3041 2136 3094 τοῦτο
2170 3042 2478 3108 ποιοῦντες;
2506 3043 2623 3107 πῶς
2644 3042 2720 3105 δέ,
2752 3043 2800 3095 εἰ
2836 3042 2973 3095 κατὰ
3015 3040 3238 3106 ἀξίωσιν
3282 3040 3433 3112 παρὰ
3456 3038 3550 3091 τοῦ

1980 3125 2194 3196 Πατρὸς
2222 3126 2520 3196 πέμπεται,
2549 3124 2677 3179 αὐτὸ
2716 3125 2810 3195 ἀφ’
2845 3124 3040 3178 ἐαυτοῦ
3075 3124 3399 3194 ἐφίπταται;
3435 3122 3555 3186 πῶς

1979 3209 2035 3261 δὲ
2085 3210 2215 3279 παρ’
2246 3207 2434 3279 ἐτέρου
2480 3208 2754 3277 πέμπεται
2804 3208 2863 3261 τὸ
2908 3207 3182 3279 πανταχοῦ
3225 3206 3417 3275 παρὸν,
3457 3207 3552 3260 καὶ

1980 3290 2219 3361 διαιροῦν
2252 3291 2356 3360 ἰδίᾳ
2381 3290 2593 3362 ἑκάστῳ
2617 3291 2798 3354 καθὼς
2826 3291 3093 3362 βούλεται,
3116 3290 3210 3344 καὶ
3233 3291 3390 3358 λέγον
3415 3290 3553 3360 μετά

1983 3372 2296 3436 αὐθεντίας·
2342 3375 2693 3443 Ἀφορίσατε
2736 3373 2811 3441 δή
2856 3392 2957 3443 μοι
3008 3373 3113 3428 τὸν
3156 3374 3402 3428 Παῦλον
3451 3373 3551 3426 καί

1982 3457 2088 3510 τὸν
2117 3457 2462 3526 Βαρνάϐαν;
2494 3456 2683 3511 Καίτοι
2710 3458 2788 3529 τῷ
2809 3458 2930 3529 Θεῷ
2958 3459 3331 3529 ἐλειτούργουν
3359 3459 3407 3511 οἰ
3439 3457 3552 3509 λει-

1980 3539 2356 3611 τουργοῦντες,
2383 3540 2497 3594 ἀλλ’
2521 3542 2670 3610 ὅμως
2714 3540 2850 3611 μετὰ
2896 3541 3179 3605 αὐθεντίας
3210 3544 3289 3606 εἰς
3328 3542 3391 3595 τὸ
3424 3540 3553 3594 ἴδιον

1983 3624 2142 3695 ἔργον
2172 3624 2427 3678 ἐκάλεσεν
2446 3640 2460 3654 ·
2497 3625 2593 3694 οὐχ
2621 3625 2701 3678 ὅτι
2739 3626 2826 3678 ἐπ’
2850 3625 2977 3680 ἄλλο
3005 3625 3164 3697 ἔργον
3197 3624 3401 3687 ἐκάλει,
3438 3624 3552 3679 ἀλλ’

1984 3707 2070 3761 ἵνα
2105 3708 2203 3779 τὴν
2230 3706 2474 3772 ἐξουσίαν
2500 3708 2668 3777 δείξῃ.
2702 3707 2767 3760 Τί
2808 3704 2922 3772 οὖν,
2972 3710 3155 3779 φησὶν,
3197 3708 3551 3777 ἐστὶν,Ἐρω-

1981 3788 2145 3855 τήσω
2171 3790 2278 3844 τὸν
2302 3790 2564 3859 Πατέρα;
2594 3792 2821 3854 Δεικνύς
2848 3791 2948 3862 τῆς
2982 3791 3280 3863 παρουσίας
3308 3792 3400 3845 τὸν
3426 3808 3550 3845 και-

1986 3873 2096 3944 ρόν.

2056 3957 2183 4011 Ὅτε
2219 3957 2326 4027 γὰρ
2373 3956 2569 4021 αὐτοὺς
2607 3956 2845 4028 ἐκάθαρε
2892 3955 2981 4010 διά
3012 3956 3112 4026 τῆς
3159 3955 3385 4021 θυσίας,
3430 3956 3553 4009 τότε

1982 4041 2195 4111 ἐπέπτη
2229 4041 2287 4093 τὸ
2335 4039 2559 4111 Πνεῦμα
2585 4040 2646 4092 τὸ
2701 4040 2875 4108 ἅγιον.
2907 4039 3016 4093 Καὶ
3060 4039 3113 4091 τί
3164 4040 3364 4111 δήποτε
3402 4038 3553 4104 ὄντος

1985 4127 2101 4196 μετ’
2134 4123 2310 4178 αὐτῶν
2342 4125 2441 4177 οὐκ
2480 4124 2783 4196 ἐπήρχετο;
2816 4124 2938 4178 Ὀτι
2968 4124 3177 4178 οὐδέπω
3209 4120 3278 4195 ἦν
3319 4126 3352 4195 ἡ
3393 4123 3554 4178 θυσία

1981 4208 2342 4281 ἀνηνεγμένη.
2377 4207 2591 4278 Ἐπειδὴ
2616 4208 2673 4261 δέ
2704 4208 2891 4262 λοιπὸν
2919 4210 3012 4262 καὶ
3042 4210 3077 4278 ἡ
3098 4208 3339 4282 ἁμαρτία
3365 4208 3559 4279 ἐλύθη,

1983 4293 2077 4345 καί
2103 4292 2254 4345 αὐτοί
2284 4290 2420 4362 πρὸς
2461 4289 2738 4353 κινδύνους
2762 4291 3091 4360 ἐπέμποντο,
3122 4292 3216 4345 καὶ
3260 4290 3395 4364 πρὸς
3425 4294 3559 4355 τοὺς

1983 4375 2198 4444 ἀγῶνας
2230 4374 2542 4438 άπεδύοντο,
2581 4373 2686 4426 ἔδει
2728 4373 2818 4427 τὸν
2850 4374 3135 4443 ἁλείφοντα
3171 4374 3362 4430 ἐλθεῖν.
3399 4374 3557 4438 Τίνος.

1980 4459 2037 4512 δὲ
2071 4459 2255 4513 ἔνεκεν
2287 4457 2386 4510 οὐκ
2405 4455 2605 4519 εὐθέως
2636 4456 2774 4526 μετά
2803 4456 2901 4526 τὴν
2930 4456 3224 4510 ἀνάστασιν
3245 4457 3305 4510 τὸ
3330 4456 3555 4526 Πνεῦμα

1982 4543 2234 4614 ἔρχεται;
2260 4542 2377 4595 Ἵνα
2406 4542 2463 4593 ἐν
2493 4540 2659 4611 πολλῇ
2688 4540 2854 4594 αὐτοῦ
2881 4542 3246 4605 καταστάντες
3265 4541 3552 4612 ἐπιθυμίᾳ,

1985 4628 2125 4700 μετά
2159 4626 2361 4696 πολλῆς
2407 4626 2539 4679 αὐτὸ
2566 4626 2822 4692 δέξωνται
2860 4626 3100 4696 χάριτος.
3134 4626 3278 4689 Ἕως
3312 4625 3409 4695 μὲν
3445 4624 3563 4696 1&9

1980 4712 2048 4786 ἦν
2077 4716 2193 4785 μετ’
2220 4712 2396 4766 αὐτῶν
2422 4712 2451 4763 6
2478 4710 2730 4783 Χριστὸς,
2758 4710 2858 4763 οὐκ
2884 4706 3027 4780 ἦσαν
3053 4713 3111 4764 ἐν
3132 4708 3339 4780 θλίψει·
3365 4709 3553 4781 ἐπειδὴ

1982 4801 2037 4855 δέ
2078 4798 2306 4869 ἀπῆλθε,
2340 4795 2718 4865 γυμνωθέντες
2754 4796 2848 4848 καί
2887 4796 2944 4847 ἐν
2982 4793 3131 4865 φόϐῳ
3162 4793 3341 4863 πολλῷ
3386 4811 3557 4847 κατα-

1986 4885 2227 4946 στάντες,
2264 4880 2404 4951 μετά
2447 4879 2647 4949 πολλῆς
2685 4876 2909 4948 ἔμελλον
2948 4878 3079 4929 αὐτὸ
3110 4877 3208 4945 τῆς
3250 4876 3557 4948 προθυμίας

1980 4966 2251 5038 δέχεσθαι.
2292 4963 2429 5019 Μεθ’
2469 4962 2635 5031 ὑμῶν
2666 4962 2853 5031 μένει.
2888 4960 3059 5014 Τοῦτο
3100 4960 3276 5031 δηλοῖ,
3321 4961 3401 5014 ὅτι
3436 4961 3556 5015 οὐδέ

1985 5052 2124 5123 μετά
2170 5047 2425 5118 τελευτὴν
2472 5047 2784 5116 ἀφίσταται.
2826 5045 2943 5098 Ἵνα
2976 5043 3033 5097 δέ
3076 5043 3151 5114 μὴ
3202 5044 3561 5115 Παράκλητον

1981 5136 2332 5197 ἀκούσαντες,
2364 5131 2524 5186 πάλιν
2556 5131 2892 5202 ἐνσάρκωσιν
2931 5129 3124 5200 ἑτέραν
3153 5129 3554 5193 ύποπτεύσωσι,

1984 5221 2078 5275 καὶ
2110 5218 2404 5289 ὀφθαλμοῖς
2445 5215 2885 5287 προσδοκήσωσιν
2927 5213 3059 5267 αὐτὸ
3098 5213 3354 5285 θεωρεῖν,
3414 5212 3558 5283 διορ-

1984 5302 2241 5374 θούμενός
2279 5317 2472 5370 φησιν·
2500 5301 2568 5351 Ὃ
2599 5301 2632 5351 ὀ
2675 5299 2905 5366 κόσμος
2935 5299 3007 5351 οὐ
3048 5296 3295 5351 δύναται
3327 5294 3554 5360 λαϐεῖν,

1983 5386 2072 5439 ὅτι
2100 5386 2171 5439 οὑ
2206 5382 2407 5452 θεωρεῖ
2455 5383 2623 5437 αὑτό.
2668 5381 2741 5433 Οὐ
2771 5380 2881 5451 γὰρ
2917 5379 3088 5443 οὕτως
3127 5381 3256 5450 ὑμῖν
3304 5377 3563 5433 συνέσται

1984 5469 2172 5539 ὥσπερ
2194 5465 2335 5536 ἐγώ·
2372 5465 2486 5518 ἀλλ’
2516 5466 2573 5517 ἐν
2611 5464 2801 5525 αὐταῖς
2848 5464 3061 5532 οἰκήσει
3103 5465 3221 5524 ταῖς
3263 5462 3561 5532 ὑμετέραις

1980 5554 2203 5623 ψυχαῖς·
2236 5552 2395 5605 τοῦτο
2425 5550 2533 5621 γάρ
2558 5551 2675 5602 ἐστι
2712 5548 2793 5608 τὸ,
2822 5547 2971 5619 [440]
3000 5548 3097 5599 Ἐν
3134 5544 3276 5615 ὑμῖν
3305 5545 3477 5599 ἔσται
3505 5546 3556 5600 ι’.

1983 5636 2206 5706 Πνεῦμα
2243 5636 2300 5687 δὲ
2335 5634 2591 5702 ἀληθείας
2641 5632 2772 5685 αὐτὸ
2806 5631 2994 5691 καλεῖ,
3029 5630 3115 5683 διά
3146 5629 3336 5684 τούτου
3374 5640 3396 5670 ε
3432 5630 3561 5691 τούς

1981 5719 2181 5783 τύπους
2215 5720 2341 5782 τοὺς
2365 5719 2423 5770 ἐν
2453 5719 2521 5787 τῇ
2549 5714 2762 5785 Παλαιᾷ
2775 5712 2967 5784 δηλῶν.
2988 5712 3119 5766 Ἵνα
3144 5714 3274 5783 μεθ’
3309 5711 3474 5782 ὑμῶν
3495 5707 3560 5784 ᾖ.

2044 5840 2071 5879 b
2101 5837 2269 5887 Morel.
2293 5836 2467 5900 ἐνῦμῖν
2491 5837 2634 5900 μένει.
2700 5834 2725 5865 °
2749 5834 2838 5900 Δεᾲ
2862 5832 3052 5895 τούτου,
3075 5847 3162 5897 pro
3193 5832 3272 5882 διὰ
3291 5830 3503 5894 τούτους,
3528 5843 3583 5882 ορ.

1982 5902 2135 5953 Savil.
2162 5907 2213 5951 cl
2238 5894 2763 5960 coddfreséﬁpsimus.
2786 5894 2923 5946 Εοιτ.
