4100 6362
535 265 637 324 ιοε

537 381 604 434 Τί
637 381 776 444 ἐστι,
818 381 958 436 Μεθ’
1004 381 1172 451 ὑμῶν
1193 380 1268 455 ﬂ;
1317 385 1386 439 Ὅ
1419 403 1584 457 φησιν
1630 385 1814 449 αὐτὸς,
1843 385 1924 439 ὅτι
1973 383 2115 452 Ἐγὼ

531 471 662 538 μεθ’
692 467 859 538 ὑμῶν
886 472 1023 538 εἰμι.
1047 470 1252 536 Ἀλλως
1273 472 1349 537 δὲ,
1377 474 1492 536 καὶ,
1515 472 1700 544 ἕτερόν
1721 491 1773 526 τι
1795 473 2112 539 αίνίττεται,

534 559 617 610 ὅτι
650 557 725 610 Οὐ
753 557 999 612 πείσεται
1034 557 1209 614 ταῦτα
1236 561 1380 633 ἅπερ
1407 563 1538 630 ἐγὼ,
1572 561 1696 616 οὔτε
1731 563 2107 634 ἀποφοιτήσει.

539 645 610 697 Ὀ
649 647 684 699 ὁ
715 646 939 712 κόσμος
993 648 1066 700 οὐ
1113 647 1360 702 δύναται
1401 650 1639 712 λαϐεῖν,
1683 649 1772 703 ὅτι
1808 652 1882 705 οὐ
1913 649 2118 712 θεωρεῖ

533 734 701 787 αὐτό.
723 733 787 785 Τί
808 734 938 802 7&9.
962 735 1082 787 είπέ
1104 753 1212 806 μοι,
1227 738 1335 791 τῶν
1353 739 1529 792 ἄλλων
1549 739 1822 809 θεωρητόν
1837 746 1861 775 ⁸
1881 755 1896 805 ;
1922 740 2109 796 Οὐδέν.

545 819 685 872 Ἀλλ’
729 821 963 874 ἐνταῦθα
1006 823 1103 893 τὴν
1152 825 1352 892 γνῶσίν
1396 843 1578 895 φησιν.
1628 827 1906 895 Ἐπήγαγε
1947 827 2108 894 γοῦν’

536 906 688 960 Οὐδὲ
714 906 993 976 γινώσκει
1023 912 1202 964 αὐτό·
1242 907 1351 965 οἶδε
1385 913 1494 984 γὰρ
1517 911 1612 966 καὶ⁸
1633 914 1660 953 b
1692 915 1784 966 ἐπὶ
1816 914 1916 985 τῆς
1954 915 2124 986 ἀκριέ

530 992 660 1057 ϐοῦς
692 992 946 1061 γνώσεως
972 995 1205 1068 Θεωρίαν
1247 998 1446 1066 λέγειν.
1479 1000 1696 1072 Ἐπειδὴ
1741 1000 1851 1072 γὰρ
1889 1000 1996 1054 τῶν
2025 1003 2112 1055 αί-

530 1077 774 1149 σθήσεων
803 1083 1108 1154 τρανοτέρα
1140 1086 1288 1138 ἐστὶν
1318 1088 1350 1157 ὴ
1379 1085 1520 1155 ὄψις,
1551 1087 1639 1140 διά
1671 1087 1871 1157 ταύτης
1898 1089 1985 1140 ἀεὶ
2011 1089 2110 1158 τὴν

527 1164 730 1236 ἀκριϐῆ
762 1169 1060 1240 παρίστησι
1099 1172 1320 1240 γνῶσιν.
1355 1173 1576 1243 Κόσμον
1607 1173 1665 1227 δὲ
1709 1174 1943 1228 ἐνταῦθα
1981 1177 2109 1241 τοὺς

527 1253 799 1324 πονηρούς
827 1273 991 1326 φησι,
1041 1259 1134 1310 καὶ
1167 1257 1337 1331 ταύτῃ
1385 1261 1880 1333 παραμυθούμενος
1911 1263 2109 1327 αὐτοὺς

524 1337 620 1390 τοῦ
647 1339 826 1394 δοῦναι
849 1343 1032 1406 αὐτοῖς
1056 1344 1226 1415 δῶρον
1261 1346 1707 1418 ἐξαίρετον.”ορα
1731 1351 1917 1414 πόσοις
1936 1352 2107 1422 ἐπῆρε

523 1426 616 1480 τὸν
643 1430 768 1500 περὶ
797 1432 960 1485 αὐτοῦ
985 1432 1159 1501 λόγον.
1179 1430 1366 1500 Εἶπεν,
1391 1437 1472 1489 ὃτι
1490 1436 1682 1500 ’Ἄλλος
1703 1439 1777 1502 ὼς
1800 1438 1908 1508 ἐγώ
1927 1442 2072 1493 ἐστιν
2087 1457 2102 1473 ο

525 1511 706 1580 εἶπεν,
737 1519 820 1571 ὄτι
849 1521 963 1572 Οὐκ
991 1522 1216 1593 ἀφίησιν
1257 1524 1429 1593 ὑμᾶς·
1466 1520 1639 1588 εἶπεν,
1665 1528 1748 1580 ὅτι
1788 1527 1930 1596 Πρὸς
1964 1529 2106 1598 ὑμᾶς

528 1603 722 1672 μόνους
766 1606 1008 1678 ἔρχεται,
1032 1609 1221 1681 ῶσπερ
1255 1608 1348 1665 οῦν
1386 1615 1482 1666 καὶ
1520 1613 1662 1682 ἐγώ·
1695 1611 1867 1680 εἶπεν,
1899 1617 1981 1671 ὅτι
2018 1619 2104 1670 Ἐν

525 1691 654 1760 ὑμῖν
685 1693 834 1760 μένει
851 1714 863 1725 ·
887 1696 1001 1749 ἀλλ’
1027 1697 1148 1750 οὐδὲ
1175 1698 1317 1752 οὓτω
1335 1697 1432 1772 τὴν
1454 1700 1690 1770 ἀθυμίαν
1720 1701 1898 1754 αὐτῶν
1920 1703 2106 1768 ἐξέϐα-

523 1777 634 1833 λεν.
667 1781 838 1836 Αὐτὸν
879 1785 990 1856 γὰρ
1027 1784 1254 1857 ἐζήτουν
1283 1787 1384 1850 ἐτι.
1428 1790 1522 1842 καὶ
1546 1789 1645 1861 τὴν
1691 1790 1978 1860 συνήθειαν
2008 1792 2104 1861 τὴν

523 1868 721 1931 αὐτοῦ,
765 1871 922 1926 τοῦτο
972 1873 1103 1942 γοῦν
1155 1873 1506 1946 θεραπεύων,
1561 1878 1760 1948 φησίνο
1795 1880 1948 1934 Οὐδὲ
1989 1880 2103 1949 ἐγὼ

521 1953 740 2042 ἀφήσω
774 1956 928 2027 ὑμᾶς
975 1963 1307 2030 ὀρφανούς⁸
1351 1965 1599 2034 ἔρχομαι
1630 1969 1778 2033 πρὸς
1807 1969 1984 2037 ὑμᾶς.
2011 1970 2101 2042 Μὴ

519 2041 756 2112 δείσητε,
786 2049 976 2117 φησίνο
999 2049 1058 2101 ού
1089 2049 1178 2102 διὰ
1203 2050 1360 2104 τοῦτο
1384 2048 1536 2105 εἶπον
1564 2052 1722 2107 ἀλλον
1744 2041 2101 2127 Παράκλητον

521 2129 782 2198 πέμπειν,
805 2133 880 2196 ὡς
907 2136 1067 2199 αὐτὸς
1090 2137 1243 2207 ὑμῶν
1262 2141 1340 2201 είς
1367 2140 1518 2205 τέλος
1536 2142 1973 2214 ἀπανιστάμενος
1993 2161 2006 2174 ⁶
2039 2147 2099 2199 ού

518 2215 608 2271 διὰ
636 2220 791 2276 τοῦτο
816 2219 988 2287 εἷπον,
1014 2227 1096 2280 ὅτι
1119 2230 1260 2296 llap‘
1290 2230 1434 2297 ὑμῖν
1455 2230 1643 2299 μένει,
1667 2233 1742 2296 ὡς
1771 2233 1953 2288 οὐκέτι
1972 2234 2100 2304 ὀψό-

522 2322 683 2375 μενος
710 2309 871 2376 ὑμᾶς.
911 2314 1019 2365 Καὶ
1049 2314 1158 2386 7&9
1190 2316 1283 2369 καὶ⁹
1312 2317 1473 2380 αὐτὸς
1497 2318 1729 2389 ἔρχομαι
1764 2320 1901 2391 πρὸς
1931 2323 2095 2390 ὑμᾶς·

522 2395 642 2481 ρὺκ
671 2396 887 2464 ἀφήσω
905 2401 1059 2468 ὑμᾶς
1082 2404 1399 2472 ὀρφανούς.
1427 2405 1645 2477 Ἐπειδὴ
1667 2407 1775 2478 γὰρ
1801 2410 2100 2481 ἀρχόμενος

517 2479 690 2550 ἔλεγε,
725 2487 951 2551 Τεκνία,
993 2489 1079 2542 διὰ
1125 2492 1284 2545 τοῦτο
1331 2493 1426 2546 καὶ
1473 2494 1710 2549 ἐνταῦθά
1745 2479 1908 2568 φησιν
1926 2479 1953 2528 ’ἡ
1977 2502 2098 2553 Οὐκ

516 2569 734 2640 ἀφήσω
758 2574 915 2643 ὑμᾶς
953 2579 1276 2647 ὀρφανούς.

587 2658 653 2730 β’.
673 2661 831 2731 Παρὰ
858 2665 954 2732 μὲν
969 2661 1060 2718 οὖν
1075 2667 1173 2738 τὴν
1192 2668 1365 2739 ἀρχὴν
1387 2669 1592 2738 ἔλεγεν,
1609 2671 1691 2725 ὅτι
1705 2672 1920 2737 ’Ήξετε
1941 2673 2094 2729 ὅπου

511 2746 628 2816 ἐγὼ
647 2749 853 2819 ὑπάγω
871 2766 883 2780 '
912 2756 1024 2810 καὶ,
1047 2755 1131 2807 ὅτι
1163 2756 1260 2806 Ἐν
1291 2754 1369 2823 τῇ
1388 2757 1545 2823 οἰκίᾳ
1571 2759 1680 2812 τοῦ
1714 2761 1945 2829 Πατρός
1974 2781 2093 2832 μου

507 2834 690 2898 μοναὶ
721 2839 945 2890 πολλαί
979 2841 1170 2892 εἰσινο
1219 2841 1456 2897 ἐνταῦθα
1492 2843 1569 2908 δέ,
1601 2846 1788 2918 ἐπειδὴ
1819 2849 2030 2920 μακρὸς
2064 2852 2093 2904 6

514 2921 704 2991 χρόνος
728 2924 933 2988 ἐκεῖνος
955 2920 1040 2997 ἦν,
1071 2926 1250 2981 δίδωσι
1276 2928 1335 2982 τὸ
1361 2929 1604 3000 Πνεῦμα.
1633 2932 1769 2983 Ἀλλ’
1797 2934 1984 3004 ἐπειδὴ
2017 2936 2090 3006 μὴ

513 3007 734 3072 εἰδότες,
754 3011 781 3063 ὃ
811 3029 863 3064 τι
891 3014 1021 3068 ποτέ
1053 3009 1120 3086 ἦν
1152 3015 1213 3068 τὸ
1239 3015 1553 3086 λεγόμενον,
1589 3020 1688 3072 οὐκ
1729 3014 1875 3089 εἶχον
1903 3023 2092 3094 ἱκανὴν

513 3096 882 3168 παράκλησιν,
930 3102 1052 3155 Οὐκ
1101 3102 1317 3171 ἀφήσω
1362 3103 1518 3172 ὑμᾶς
1551 3107 1884 3175 ὀρφανοὺς,
1919 3108 2088 3178 λέγει.

514 3182 683 3236 Τοῦτο
715 3184 825 3257 7&9
853 3187 1086 3258 μάλιστα
1113 3191 1355 3262 ἐζήτουν.
1387 3193 1523 3246 Ἀλλ’
1547 3195 1735 3266 ἐπειδὴ
1767 3196 1848 3258 τὸ,
1881 3198 2090 3266 Ἔρχο-

506 3286 614 3339 μαι
643 3281 666 3311 ο
701 3274 853 3341 πρὸς
884 3273 1059 3344 ὑμᾶς,
1098 3277 1382 3347 δηλοῦντος
1408 3275 1476 3350 ἦν
1510 3281 1833 3351 παρουσίαν,
1878 3283 1965 3336 ἴνα
2015 3284 2089 3357 μὴ

514 3357 679 3412 πάλιν
703 3360 800 3430 τὴν
826 3362 997 3434 αὐτὴν
1019 3363 1321 3435 ἐπιζητῶσι
1352 3367 1674 3437 παρουσίαν,
1697 3371 1815 3422 οἵαν
1843 3370 1936 3424 καὶ
1959 3374 2090 3442 πρός

510 3462 689 3516 τερον.
717 3448 820 3517 δρα
851 3449 968 3514 πῶς
1003 3451 1134 3504 αὐτὸ
1165 3452 1352 3522 σαφῶς
1397 3455 1493 3524 μὲν
1529 3456 1628 3508 οὐκ
1659 3450 1832 3521 εἶπεν,
1871 3460 2090 3529 ᾐνίξατο

511 3534 588 3588 δέ.
611 3534 796 3588 Εἰπὼν
821 3537 1086 3608 γάρ,¹Ἑτι
1104 3541 1338 3609 μικρὸν,
1364 3542 1461 3596 καὶ
1487 3545 1520 3596 ὁ
1545 3545 1775 3613 κόσμος
1798 3547 1870 3599 οὐ
1891 3548 2098 3614 θεωρεῖ

506 3639 602 3693 με,
627 3624 927 3694 ἐπήγαγεν,
946 3627 1128 3695 Ὑμεῖς
1152 3627 1220 3680 δὲ
1243 3631 1507 3697 θεωρεῖτέ
1523 3648 1601 3700 με
1620 3649 1634 3664 ο
1657 3632 1858 3686 ὡσανεὶ⁸
1885 3633 2087 3703 ἐλεγενο

516 3711 785 3781 Ἔρχομαι
814 3713 912 3783 μὲν
951 3715 1084 3785 πρὸς
1115 3717 1278 3786 ὑμᾶς,
1309 3719 1371 3770 ού
1413 3719 1521 3789 μὴν
1551 3718 1752 3790 ὁμοίως
1788 3720 1864 3784 ὡς
1892 3723 2087 3792 πρότε-

514 3817 606 3871 ρον
637 3801 760 3855 καθ’
799 3804 1034 3875 ἑκάστην
1063 3806 1191 3876 ὑμῖν
1234 3807 1323 3860 ἀεὶ⁹
1349 3807 1373 3847 ἀ
1407 3809 1795 3879 συγγινόμενος
1821 3811 1920 3882 τὴν
1949 3813 2088 3882 ἡμέ-

511 3905 633 3957 ραν.
665 3891 773 3944 Καὶ
796 3891 882 3943 ἵνα
918 3891 993 3962 μὴ
1033 3892 1255 3960 λέγωσι,
1289 3893 1412 3957 Πῶς
1452 3891 1544 3949 οῦν
1586 3896 1858 3960 Ἰουδαίοις
1886 3893 2046 3962 εἴπας
2069 3917 2084 3932 ·

524 3974 752 4044 Ἀπὰρτι
776 3980 889 4030 οὐκ
929 3979 1154 4044 ὄψεσθέ
1168 3995 1280 4048 με;
1319 3980 1431 4033 λύει
1463 3981 1562 4052 τὴν
1593 3983 1863 4037 ἀντίθεσιν
1895 3985 2082 4052 εἰπὼν,

509 4064 665 4131 Πρὸς
696 4061 852 4132 ὑμᾶς
890 4065 1116 4135 μόνους·
1167 4068 1288 4120 ἐπεὶ
1336 4068 1430 4121 καὶ
1469 4069 1531 4121 τὸ
1579 4069 1803 4141 Πνεῦμα
1848 4072 2085 4127 τοιοῦτόν

509 4154 676 4205 ἐστιν.
704 4153 828 4205 Ὅτι
849 4153 964 4222 ἐγὼ
997 4153 1089 4218 ζῶ,
1125 4156 1222 4209 καὶ
1255 4157 1425 4224 ὑμεῖς
1462 4157 1737 4221 ζησεσθε.
1761 4159 1835 4212 Οὐ
1880 4160 1989 4232 7&9
2021 4161 2084 4234 δὴ

504 4239 537 4290 6
573 4240 803 4311 σταυρὸς
851 4239 1114 4311 διίστησιν
1166 4244 1311 4312 ἡμᾶς
1344 4246 1423 4306 είς
1455 4243 1636 4308 τέλος,
1685 4245 1800 4298 ἀλλ’
1842 4246 1874 4319 ἢ
1914 4247 2085 4320 ῥοπὴν

510 4326 714 4396 μικρὰν
757 4327 1096 4400 ἀποκρύπτει
1129 4329 1308 4400 μόνον.
1345 4331 1496 4402 Ζωὴν
1531 4332 1586 4385 δέ
1631 4351 1719 4404 μοι
1777 4335 1926 4388 δοκεῖ
1964 4337 2084 4407 οὐχὶ

505 4412 603 4484 τὴν
634 4415 915 4486 παροῦσαν
939 4415 1118 4486 μόνον,
1153 4416 1289 4470 ἀλλά
1310 4419 1403 4472 καὶ
1429 4419 1526 4491 τὴν
1559 4421 1858 4491 μέλλουσαν
1881 4423 2080 4492 λέγειν.

519 4503 616 4554 Ἐν
652 4501 857 4570 ἐκείνῃ
901 4500 977 4570 τῇ
1021 4501 1212 4574 ἡμέρᾳ
1251 4505 1578 4573 γνώσεσθε,
1615 4507 1705 4561 ὅτι
1735 4508 1850 4579 ἐγὼ
1891 4511 1962 4563 ἐν
2004 4510 2083 4575 τῷ

505 4587 709 4657 Πατρὶ,
747 4589 843 4642 καί
881 4589 1050 4658 ὑμεῖς
1081 4589 1150 4643 ἐν
1187 4590 1349 4662 ἐμοί,
1383 4593 1481 4646 καὶ
1509 4595 1624 4664 ἐγὼ
1650 4597 1720 4650 ἐν
1755 4599 1917 4666 ὑμῖν.
1958 4598 2083 4652 Ἐπὶ

509 4677 608 4752 μὲν
629 4674 721 4731 οῦν
747 4679 842 4732 τοῦ
875 4679 1110 4751 Πατρὸς,
1141 4681 1329 4743 οὐσίας
1358 4681 1509 4757 [Mi]
1546 4683 1724 4736 ἐστίν·
1757 4685 1849 4737 ἐπὶ
1890 4685 1946 4737 δὲ
1985 4687 2077 4740 a6-

503 4763 633 4825 τῶν,
669 4765 921 4834 ὁμονοίας
953 4767 1047 4819 καὶ
1099 4766 1350 4838 βοηθείας
1391 4768 1489 4838 τῆς
1528 4768 1679 4839 παρά
1719 4768 1814 4822 τοῦ
1850 4769 1984 4824 Θεοῦ
2019 4773 2080 4826 τὸ

504 4856 810 4927 εἰρημένον,
838 4859 949 4910 Καὶ
972 4857 1090 4920 πῶς
1119 4859 1232 4927 ἔχει
1259 4859 1436 4926 λόγον,
1476 4860 1596 4914 είπέ
1627 4878 1737 4930 μοι,
1766 4864 1931 4932 φησί;
1962 4864 2078 4928 πῶς

507 4942 608 5010 μὲν
642 4939 735 4995 οῦν
777 4943 837 4995 τὸ
870 4945 1110 4998 ἐναντίον
1143 4945 1254 5015 ἔχει
1291 4945 1476 5015 λόγον;
1517 4947 1652 5000 πολὺ
1683 4949 1791 5020 γὰρ
1823 4949 1883 5002 τὸ
1915 4951 2077 5020 μέσον

504 5031 600 5085 καὶ
632 5030 834 5101 σφόδρα
863 5031 1089 5103 ἄπειρον
1119 5032 1214 5085 τοῦ
1242 5033 1478 5105 Χριστοῦ
1522 5036 1617 5087 καὶ
1647 5036 1756 5090 τῶν
1796 5037 2074 5108 μαθητῶν.

505 5117 568 5172 Εἰ
597 5118 654 5172 δὲ
702 5119 771 5174 τὰ
814 5119 956 5174 αὑτά
1001 5123 1178 5175 κεῖται
1209 5123 1460 5191 ῥήματα,
1502 5123 1575 5193 μὴ
1621 5124 1925 5198 θαυμάσῃς.
1956 5123 2076 5180 Οἵδε

501 5205 614 5276 γὰρ
641 5208 673 5274 ἡ
697 5208 890 5280 Γραφὴ
917 5207 1178 5272 πολλάκις
1203 5211 1318 5272 τοῖς
1346 5209 1528 5272 αὐτοῖς
1555 5211 1796 5281 ῥήμασιν
1816 5215 1908 5266 ἐπὶ
1939 5214 2074 5268 Θεοῦ

504 5294 599 5345 καὶ
619 5294 924 5365 ἀνθρώπων
949 5295 1220 5366 κειμένοις
1242 5298 1342 5367 οὐχ
1374 5298 1574 5366 ὁμοίως
1603 5300 1930 5368 κεχρῆσθαι’
1955 5303 2075 5355 ἐπεὶ

503 5382 599 5435 καὶ
627 5381 740 5443 θεοὶ
762 5383 1057 5453 λεγόμεθα,
1100 5385 1197 5437 καὶ
1227 5387 1336 5438 υῑοὶ
1361 5387 1519 5451 Θεοῦ,
1555 5388 1649 5442 καὶ
1680 5389 1742 5440 οὐ
1771 5389 1869 5459 τὴν
1905 5391 2074 5461 αὐτὴν

506 5470 659 5539 ἰσχὺν
681 5469 794 5540 ἔχει
817 5469 880 5522 τδ
907 5470 1064 5541 ῥῆμα
1089 5472 1174 5539 ἐφ’
1208 5471 1366 5541 ἡμῶν
1385 5474 1478 5526 καὶ
1506 5473 1598 5526 τοῦ
1629 5471 1766 5526 Θεοῦ
1801 5474 2068 5544 κείμενον.

623 5653 760 5728 Ungi?
780 5654 939 5728 ῥίψει
966 5657 1246 5728 θεωρητῶνς
1281 5657 1370 5707 sed
1403 5657 1552 5728 ειίεπι
1587 5637 1659 5707 εἷο
1696 5657 1856 5728 sgrjc-s
1889 5658 2072 5728 imper:

507 5712 635 5781 recta
658 5713 947 5781 yidebitur,
968 5712 1076 5781 nisi"
1099 5712 1304 5781 addatur
1333 5717 1580 5780 quidpiam
1601 5755 1617 5777 ,
1651 5717 1787 5767 verbi
1818 5712 1992 5781 graui.
2025 5724 2071 5772 τί

505 5775 613 5833 γὰρ,
630 5776 737 5842 ,εἰπέ
756 5792 835 5836 μοι
844 5790 863 5842 _;
888 5779 1165 5842 τῶνᾶλλων
1190 5775 1438 5842 θεωρητῶν
1455 5775 1536 5835 ’ἒν;
1569 5775 1678 5828 cum
1698 5775 1880 5840 dupli-Ci
1913 5779 2068 5831 intor-

509 5838 793 5905 ﬁ"e§ﬁ_tif{ne:_
844 5838 877 5905 Ρ,
902 5837 998 5886 Alii
1020 5840 1120 5887 οἶδε
1140 5840 1238 5890 καί.
1266 5837 1407 5891 σΑιη
1436 5842 1594 5900 ἐπειδὴ
1630 5837 1841 5905 ἔρχομαι.
1908 5845 1937 5883 ἀ
1972 5845 2069 5894 ’Λεί

507 5891 646 5945 dedit
665 5894 816 5945 Savil.
844 5898 976 5950 Ευιτ.

1227 273 1288 328 s.
1325 253 1615 327 JOANNiS
1648 267 2142 325 cumsosrom
2181 268 2502 327 ARCHIEP.
2541 273 3085 330 coxsmmmov.

3676 274 3784 332 ιοε

2221 387 2330 439 Καὶ
2351 386 2514 442 εἰκὼν
2544 390 2573 443 6
2593 390 2720 454 Υίὺς
2749 389 2986 458 λέγεται,
3006 390 3100 444 καὶ
3123 389 3248 458 δόξα
3265 407 3280 422 ·
3307 391 3401 444 καὶ
3433 392 3595 464 ἡμεῖς
3612 407 3625 420 ’
3649 393 3785 450 ἀλλὰ

2219 475 2353 528 πολὺ
2380 475 2440 530 τὺ
2468 476 2652 545 μέσον.
2680 477 2790 531 Καὶ
2817 478 2997 542 πάλιν,
3027 478 3222 548 Ὑμεῖς
3249 479 3317 536 δὲ
3343 482 3622 550 Χριστοῖι,
3649 486 3782 551 X9;-

2218 563 2367 630 στὸς
2399 562 2468 616 δὲ
2496 564 2646 618 Θεοῦ
2665 579 2681 596 ⁸
2715 565 2813 635 οὐχ
2849 565 3047 635 ὁμοίως
3079 566 3136 620 δὲ
3165 567 3300 622 Θεοῦ
3339 571 3368 622 6
3402 571 3658 640 Χριστὸς,
3691 575 3782 627 καὶ

2211 649 2374 717 ἡμεῖς
2422 648 2518 702 τοῦ
2564 651 2821 718 Χριστοῦ.
2879 652 2944 704 Τί
2991 653 3048 706 δέ
3100 655 3245 708 ἐστιν
3297 655 3326 708 ὃ
3375 657 3556 722 λέγεις
3616 659 3781 713 Ὅταν

2211 736 2452 799 ἀναστῶ,
2483 739 2668 809 φησὶν,
2693 740 2906 794 είσεσθε
2935 742 3017 795 ὅτι
3047 743 3147 796 οὐκ
3187 745 3522 816 ἀπέσχισμαι
3546 748 3642 801 τοῦ
3669 750 3780 802 Πα-

2210 823 2362 893 τρός,
2384 825 2521 879 ἀλλά
2549 827 2648 898 τὴν
2675 827 2842 898 αὐτὴν
2867 828 2976 898 ἐχω
3007 831 3252 902 δύναμιν,
3271 835 3364 886 καὶ
3379 835 3458 887 ὅτι
3485 835 3605 904 μεθ’
3626 837 3779 907 ὑμῶν

2211 915 2327 984 είμι
2358 912 2642 984 διηνεκῶς,
2667 916 2774 969 τῶν
2804 920 3143 988 πραγμάτων
3173 921 3656 993 ἀνακηρυττόντων
3683 926 3776 996 τὴν

2211 1001 2341 1070 περὶ
2366 1003 2509 1072 ὑμᾶς
2529 1003 2776 1075 βοήθειαν
2803 1007 2932 1078 παρ’
2956 1006 3089 1076 ἐμοῦ
3113 1008 3424 1079 γινομένην,
3441 1011 3548 1063 τῶν
3571 1011 3779 1083 ἐχθρῶν

2211 1091 2680 1162 κατεσταλμένων,
2713 1093 2863 1164 ὑμῶν
2897 1095 3441 1166 παρρησιαζομένων,
3459 1099 3565 1152 τῶν
3595 1099 3779 1154 δεινῶν

2211 1179 2276 1232 ἐκ
2309 1181 2476 1250 μέσου
2518 1183 2839 1251 γινομένων,
2871 1183 2964 1236 τοῦ
3007 1187 3360 1256 κηρύγματος
3391 1188 3510 1242 καθ’
3542 1188 3778 1261 ἑκάστην

2210 1266 2500 1332 ἀνθοῦντος
2526 1268 2625 1341 τὴν
2650 1271 2884 1342 ἡμέραν,
2917 1272 3132 1326 πάντων
3163 1275 3418 1330 εἰκόντων
3457 1276 3554 1329 καὶ
3597 1295 3777 1348 παρα-

2209 1355 2528 1427 χωρούντων
2581 1358 2659 1428 τῷ
2721 1359 2862 1431 λόγῳ
2912 1362 3008 1432 τῆς
3052 1362 3349 1428 εὐσεϐείας.
3407 1364 3614 1432 Καθὼς
3669 1368 3780 1421 ἀπ-

2207 1447 2442 1503 έστειλέ
2461 1467 2559 1520 με,
2595 1450 2754 1520 κάγὼ
2774 1451 3100 1507 ἀπέστειλα
3140 1453 3316 1523 ὑμᾶς.
3345 1455 3505 1527 Ὁρᾷς
3536 1457 3618 1510 ὅτι
3657 1459 3776 1511 οὐδὲ

2208 1537 2442 1592 ἐνταῦθα
2468 1538 2566 1610 τὴν
2590 1541 2758 1611 αὐτὴν
2791 1542 2943 1610 ίσχὺν
2973 1543 3005 1612 ἡ
3039 1541 3182 1607 λέξις
3218 1542 3361 1614 ﬁxes;
3398 1543 3460 1597 Εί
3486 1545 3595 1617 γὰρ
3623 1547 3776 1600 τοῦτο

2206 1623 2379 1689 οὕτως
2407 1625 2755 1698 ἐκδεξόμεθα,
2780 1627 2932 1682 οὐδὲν
2961 1628 3172 1682 ἔσονται
3197 1629 3538 1698 διεστηκότες
3567 1633 3615 1684 οί
3645 1632 3772 1685 ἀπόο

2209 1714 2383 1768 στολοι
2410 1713 2505 1769 τοῦ
2540 1715 2795 1786 Χριστοῦ.
2818 1717 2969 1771 Διατί
2994 1718 3051 1770 δέ
3079 1735 3234 1788 φησι,
3269 1721 3402 1773 Τότε
3430 1719 3772 1788 γνώσεσθες

2209 1804 2327 1856 Ὅτι
2349 1803 2469 1856 τότε
2501 1799 2639 1859 είδον
2671 1805 2832 1859 αὑτὸν
2854 1807 3160 1861 ἀναστάντα
3189 1808 3280 1860 καὶ
3309 1807 3536 1861 συνόντα
3558 1810 3769 1870 αὐτοῖς·

2205 1892 2325 1944 τότε
2365 1892 2464 1963 τὴν
2492 1893 2691 1962 ἀκριϐῆ
2734 1893 2920 1947 πίστιν
2957 1895 3177 1965 ἔμαθον.
3211 1895 3436 1964 Μεγάλη
3477 1894 3588 1966 7&9
3615 1899 3650 1965 ἠ
3675 1895 3770 1948 τοῦ

2205 1980 2522 2050 Πνεύματος
2549 1980 2776 2052 δύναμις
2801 1978 2890 2053 ἦν,
2919 1983 2952 2053 ἡ
2983 1983 3160 2036 πάντα
3196 1983 3391 2046 αὐτοὺς
3419 1982 3768 2038 παιδεύουσα.

2217 2068 2278 2120 '0
2323 2068 2479 2145 ἔχων
2519 2088 2640 2138 μου
2698 2070 2803 2135 τὰς
2856 2071 3139 2137 ἐντολὰς.
3179 2072 3277 2126 καί
3317 2071 3513 2141 τηρῶν
3559 2073 3769 2139 αὐτὰς,

2201 2156 2431 2222 ἐκεῖνός
2461 2158 2632 2211 ἐστιν
2658 2162 2691 2212 ό
2721 2157 2970 2228 ἀγαπῶν
2997 2176 3094 2228 με.
3114 2160 3188 2212 Οὐ
3219 2160 3326 2230 7&9
3352 2161 3514 2230 ἀρκεῖ
3543 2161 3604 2214 τὸ
3628 2161 3771 2231 ἔχειν

2206 2243 2384 2312 μόνον,
2411 2243 2546 2298 ἀλλὰ
2568 2247 2662 2298 καὶ⁷
2692 2246 2936 2315 φυλακῆς
2965 2248 3094 2316 ἡμῖν
3125 2247 3206 2299 δεῖ
3231 2247 3509 2319 ἀκριϐοῦς.
3538 2249 3690 2302 Διατί
3712 2248 3770 2302 δὲ

2202 2331 2460 2397 πολλάκις
2483 2334 2665 2397 αὐτοῖς
2693 2336 2752 2388 τὸ
2777 2335 2906 2388 αὐτὸ
2931 2335 3104 2402 λέγεις
3143 2333 3284 2390 οἷον·
3329 2337 3470 2391 Ἐὰν
3503 2338 3771 2407 ἀγαπᾶτέ

2194 2437 2290 2488 με,
2322 2421 2426 2485 τὰς
2460 2421 2711 2488 ἐντολάς
2737 2441 2856 2491 μου
2882 2423 3200 2492 τηρήσετε·
3233 2425 3347 2488 καὶ,
3380 2426 3440 2479 '0
3474 2425 3631 2494 ἔχων
3663 2428 3770 2492 τὰς

2197 2511 2450 2578 ἐντολάς
2469 2530 2609 2581 μου,
2639 2511 2740 2564 καὶ
2757 2512 2954 2580 τηρῶν
2973 2515 3159 2578 αὐτάς
3177 2530 3190 2544 ·
3219 2515 3332 2579 καὶ,
3364 2514 3506 2568 Ἐάν
3542 2515 3632 2582 τίς
3647 2535 3769 2584 μου

2197 2598 2437 2666 ἀκούσῃ
2483 2599 2590 2652 τὸν
2635 2601 2840 2668 λόγον,
2880 2601 2977 2654 καὶ
3023 2601 3257 2672 τηρήσῃ
3286 2603 3502 2665 αὑτὸν,
3539 2604 3769 2670 ἐκεῖνός

2195 2685 2368 2740 ἐστιν
2408 2689 2442 2740 ό
2472 2688 2719 2756 ἀγαπῶν
2743 2704 2846 2757 με·
2881 2693 2914 2742 ὁ
2942 2689 3037 2758 ,μὴ
3063 2691 3300 2744 ἁκούων
3332 2709 3449 2760 μου
3478 2693 3620 2757 τοὺς
3663 2695 3766 2746 λύε

2195 2791 2362 2842 τους,
2391 2776 2501 2828 οὐκ
2542 2775 2744 2843 ἀγαπᾷ
2777 2793 2872 2845 με.
2917 2773 3082 2848 Οἶμαι
3112 2779 3275 2832 αὐτὸν
3310 2779 3637 2833 αἰνίττεσθαι
3667 2780 3765 2849 τὴν

2195 2860 2433 2931 ἀθυμίαν
2480 2862 2678 2916 αὐτῶν.
2737 2863 2955 2935 Ἐπειδὴ
2997 2865 3105 2936 7&9
3139 2865 3310 2919 πολλὰ
3350 2867 3480 2937 περὶ
3534 2867 3763 2920 θανάτου

2193 2949 2377 3012 αὐτοῖς
2413 2949 2794 3019 ἐφιλοσόφησε,
2826 2950 3030 3020 λέγων·
3075 2953 3138 3006 ὀ
3171 2953 3371 3022 μισῶν
3406 2953 3521 3020 τὴν
3551 2955 3766 3025 Ψυχὴν

2191 3032 2378 3092 αὐτοῦ
2410 3037 2576 3102 ἐντῷ
2608 3041 2813 3108 κόσμῳ
2844 3042 3050 3108 τούτῳ,
3076 3043 3162 3107 εἰς
3199 3041 3351 3109 ζωὴν
3383 3042 3623 3097 αιώνιον
3651 3063 3765 3112 5w-

2191 3125 2364 3190 λάξει
2391 3127 2612 3195 αὐτήν·
2644 3129 2758 3191 καὶ,
2785 3127 3020 3198 Ἐὰνμή
3054 3147 3142 3194 τις
3168 3129 3326 3198 λάϐῃ
3362 3130 3469 3183 τὸν
3499 3131 3765 3198 atavch

2191 3213 2398 3277 αὐτοῦ,
2426 3214 2523 3268 καί
2553 3215 2944 3284 ἀκολουθήσῃ
2974 3235 3092 3287 μοι,
3121 3221 3232 3272 οὐκ
3257 3218 3388 3272 ἐστι
3416 3236 3534 3286 μου
3559 3218 3728 3284 ἄξιος
3747 3235 3760 3248 ο

2195 3301 2377 3372 μέλλει
2403 3301 2459 3354 δὲ
2491 3304 2585 3358 καὶ
2617 3303 2777 3375 ἕτερα
2806 3305 3024 3358 πλείονα
3050 3305 3250 3373 λέγειν,
3271 3305 3540 3371 ὀνειδίζων
3568 3307 3765 3367 αὐτούς

2193 3407 2386 3459 φησιν·
2412 3392 2679 3462 Νομίζετε
2716 3393 2872 3463 ὑμεῖς
2903 3391 2962 3456 ἐξ
2990 3393 3208 3463 ἀγάπης
3238 3394 3466 3463 πάσχειν
3490 3392 3551 3446 τὸ
3581 3393 3765 3445 λυπεῖ-

2194 3479 2351 3541 σθαι;
2387 3478 2461 3531 Τὸ
2495 3479 2570 3550 μὴ
2605 3478 2892 3533 λυπεῖσθαι
2928 3481 3024 3550 μὲν
3059 3477 3152 3534 οὖν
3187 3481 3408 3551 ἀγάπης
3438 3476 3527 3550 ἦν.
3556 3481 3681 3534 Ὀτι
3706 3481 3764 3533 δὲ

2190 3567 2345 3620 τοῦτο
2361 3565 2427 3620 δι’
2443 3567 2563 3621 ὅλου
2586 3567 2990 3622 κατασκευάσαι
3017 3567 3282 3637 βούλεται,
3310 3569 3390 3631 είς
3409 3568 3537 3623 αὐτὸ
3560 3567 3764 3636 προῖὼν

2189 3654 2282 3706 τὸν
2329 3653 2485 3722 λόγον
2533 3654 3026 3722 ἀνεκεφαλαίωσεν.
3072 3657 3142 3709 El
3182 3656 3293 3725 γὰρ
3347 3655 3616 3723 ἠγαπᾶτέ
3652 3669 3760 3724 με,

2189 3742 2386 3813 φησὶν,
2433 3740 2684 3810 ἐχάρητε
2738 3738 2842 3807 ἂν,
2887 3741 2975 3794 ὅτι
3016 3741 3165 3808 πρὸς
3219 3741 3328 3795 τὸν
3371 3741 3604 3809 Πατέρα
3642 3760 3763 3811 μου

2189 3831 2528 3898 πορεύομαι.
2561 3828 2677 3881 Νῦν
2703 3828 2814 3898 7&9
2842 3828 2948 3880 ὑπὸ
2979 3827 3177 3893 δειλίας
3211 3827 3370 3882 τοῦτο
3402 3830 3658 3900 πάσχετε.
3687 3829 3764 3881 Τδ

2187 3916 2246 3970 δέ
2273 3915 2417 3969 οὕτω
2443 3916 2745 3970 διακεῖσθαι
2765 3916 2900 3987 πρὸς
2923 3913 3174 3980 θάνατον,
3202 3917 3300 3969 οὐκ
3327 3916 3444 3970 ἐστι
3473 3917 3581 3971 τῶν
3610 3917 3761 3986 ἐμῶν

2189 4005 2415 4059 ἐντολῶν
2433 4005 2810 4076 μεμνημένους
2830 4007 3001 4058 ποιεῖν
3025 4015 3049 4044 ο
3065 4021 3078 4036 ’
3105 4007 3274 4076 ἐχρῆν
3289 4004 3398 4076 γὰρ
3427 4007 3572 4075 ὑμᾶς
3599 4023 3762 4059 σταυ-

2191 4094 2436 4165 ροῦσθαι,
2469 4096 2520 4148 εί
2552 4111 2616 4162 γε
2654 4093 2820 4156 ὅντως
2853 4094 3102 4163 ἠγαπᾶτέ
3143 4111 3231 4164 με.
3276 4095 3388 4148 Καὶ
3415 4095 3522 4165 7&9
3557 4097 3587 4148 6
3628 4097 3760 4164 ἐμὸς

2187 4182 2344 4251 λόγος
2367 4184 2622 4254 παραινεῖ
2653 4180 2726 4252 μὴ
2759 4181 3035 4249 φοϐεῖσθαι
3060 4181 3167 4234 ἀπὸ
3189 4182 3296 4235 τῶν
3325 4182 3761 4235 ἀποκτεινόντων

2186 4273 2247 4323 τὸ
2275 4268 2452 4340 σῶμα.
2498 4269 2637 4332 Τοὺς
2674 4267 2945 4331 τοιούτους
2977 4269 3072 4320 καὶ
3117 4271 3146 4322 6
3184 4270 3372 4341 Πατὴρ
3403 4270 3595 4340 ἀγαπᾷ
3619 4311 3634 4332 ,
3664 4270 3759 4321 καὶ

2187 4357 2317 4426 ἐγώ.
2350 4357 2460 4412 Καὶ
2484 4357 2790 4425 ἐμφανίσω
2813 4357 3015 4422 αὐτοῖς
3033 4357 3311 4424 ἐμαυτόν.
3337 4353 3468 4410 Εἶτα
3483 4358 3510 4409 6
3534 4357 3755 4419 Ἰούδας,

2184 4447 2292 4502 Καὶ
2317 4448 2394 4514 τί,
2434 4445 2618 4516 φησὶν,
2647 4445 2734 4498 ὅτι
2762 4444 2906 4514 ἡμῖν
2935 4444 3185 4514 μέλλεις
3210 4445 3550 4515 ἐμφανίζειν
3577 4462 3759 4500 σεαυ-

2183 4536 2290 4589 τόν
2307 4550 2326 4598 ;

2252 4617 2324 4686 γ’.
2341 4620 2501 4690 Ὁρᾷς
2519 4616 2626 4670 ἀπὸ
2639 4615 2836 4680 δειλίας
2850 4617 3050 4688 πεπιλη
3057 4617 3226 4688 μένην
3241 4618 3419 4672 αὐτῶν
3443 4618 3542 4689 τὴν
3554 4617 3755 4688 ψυχήνς

2185 4704 2334 4778 [442]
2369 4704 2643 4775 Συνεχύθη
2681 4704 2790 4776 γὰρ
2828 4704 2922 4757 καὶ
2963 4703 3239 4776 ἐταράχθη
3261 4745 3277 4772 ,
3314 4706 3410 4758 καὶ
3458 4705 3709 4775 ἐνόμισεν
3737 4747 3752 4766 ,

2182 4793 2372 4863 ῶσπερ
2401 4793 2526 4854 τοὺς
2555 4793 2779 4863 νεκροὺς
2821 4791 3034 4862 ὁρῶμεν
3078 4792 3246 4862 ὅναρ,
3274 4792 3417 4846 οὕτω
3456 4795 3553 4846 καὶ
3588 4792 3755 4844 αὑτὸν

2184 4879 2401 4950 μέλλειν
2443 4878 2690 4950 ὁρᾶσθαι.
2730 4880 2827 4932 Ἴν⁹
2867 4875 2958 4934 οῦν
2997 4877 3071 4950 μὴ
3106 4879 3264 4934 τοῦτο
3305 4879 3753 4945 ὑποπτεύσωσιν,

2181 4968 2415 5021 ἄκουσον
2446 4968 2497 5018 τί
2522 4983 2712 5036 φησιν’
2751 4966 2890 5036 Ἐγὼ
2931 4968 3027 5020 καὶ
3065 4970 3098 5020 ὀ
3138 4968 3343 5036 Πατὴρ
3383 4968 3755 5038 ἐλευσόμεθα

2181 5055 2331 5124 πρὸς
2375 5055 2580 5119 αὐτὸν,
2613 5054 2710 5107 καὶ
2744 5053 2945 5123 μονὴν
2988 5057 3124 5124 παρ’
3167 5055 3328 5122 αὐτῷ
3375 5056 3748 5124 ποιήσομεν·

2182 5143 2465 5212 μονονουχὶ
2497 5142 2666 5208 λέγων
2685 5159 2698 5173 ο
2723 5143 2931 5212 Ὥσπερ
2961 5144 2987 5194 6
3008 5142 3195 5214 Πατὴρ
3223 5143 3513 5213 ἐμφανίζει
3536 5145 3748 5206 ἐαυτὸν,

2177 5229 2321 5283 οὕτω
2353 5232 2448 5283 καὶ
2488 5231 2616 5296 ἐγώ.
2646 5231 2719 5283 Οὐ
2751 5229 2921 5300 ταύτῃ
2961 5231 3017 5282 δέ
3046 5233 3234 5301 μόνον,
3263 5233 3399 5286 ἀλλὰ
3442 5234 3536 5286 καὶ
3567 5232 3643 5304 τῷ
3676 5235 3753 5285 εί-

2177 5321 2319 5378 πεῖν,
2343 5319 2425 5370 ὅτι
2454 5318 2663 5385 Μονὴν
2688 5317 2824 5386 παρ’
2859 5317 3019 5383 αὐτῷ
3046 5319 3405 5388 ποιήσομεν.
3433 5322 3614 5374 ἀνεῖλε
3650 5320 3752 5390 τὴν

2176 5408 2414 5478 ὑποψίαν
2433 5424 2447 5437 °
2479 5409 2614 5478 ὅπερ
2632 5408 2921 5478 ὀνειράτων
2942 5410 3043 5462 οὐκ
3071 5409 3207 5463 ἐστι.
3229 5412 3302 5464 Σὺ
3328 5411 3385 5464 δέ
3417 5428 3508 5481 μοι
3535 5411 3633 5464 θέα
3658 5409 3751 5462 τὸν

2177 5495 2424 5568 μαθητὴν
2454 5496 2548 5548 καὶ
2586 5493 2974 5566 θορυόούμενον
3007 5499 3103 5550 καὶ
3142 5499 3204 5550 οὐ
3236 5498 3520 5568 τολμῶντα
3561 5499 3752 5568 σαφῶς

2175 5589 2367 5649 εἰπεῖν,
2411 5585 2547 5656 ὅπερ
2591 5586 2766 5637 εἰπεῖν
2814 5583 3099 5656 ἐπεθύμει.
3129 5589 3203 5638 Ού
3242 5587 3348 5658 γὰρ
3386 5584 3569 5641 εἶπεν·
3610 5588 3750 5640 Οὐαὶ

2171 5675 2339 5743 ἡμῖν,
2380 5673 2460 5726 ὅτι
2505 5672 2898 5742 ἀποθνήσκεις,
2941 5673 3035 5724 καὶ
3082 5673 3160 5736 ὡς
3203 5675 3253 5726 οί
3293 5674 3751 5744 τετελευτηκότες

2238 5920 2262 5948 ο
2289 5906 2449 5954 Ποιεῐν
2471 5904 2612 5952 deest
2640 5903 2687 5954 in
2711 5903 2997 5965 quibude
