4100 6362
337 294 442 349 105

335 407 757 465 incarnationem
783 402 1201 474 suspicarentur.
1229 408 1614 468 sperarentque
1646 412 1706 453 se
1744 398 1913 454 oculis

334 502 509 569 ipsum
538 512 661 553 esse
692 498 932 558 visuros,
975 494 1116 548 hanc
1139 506 1393 546 amovens
1420 490 1777 559 suspicionem
1805 492 1916 545 ait:

337 594 498 661 Quem
526 591 746 645 mundus
774 606 875 643 non
904 597 1063 659 potest
1086 586 1329 654 accipere,
1358 584 1479 655 quia
1507 600 1606 638 non
1627 584 1759 637 videt
1782 600 1914 637 eum.

332 685 449 741 Non
476 684 617 739 enim
649 684 718 737 ita
746 682 1021 735 vobiscum
1050 678 1226 748 deget,
1259 685 1317 730 ut
1340 691 1470 747 ego;
1501 674 1598 730 sed
1631 676 1682 728 in
1709 677 1918 731 anima-

334 778 434 833 bus
461 776 653 832 vestris
681 773 970 837 habitabit;
1003 772 1106 827 hoc
1123 770 1267 824 enim
1288 769 1386 823 sibi
1409 768 1520 823 vult
1547 767 1677 822 illud
1700 808 1714 831 ,
1749 764 1813 820 In
1833 783 1918 820 vo-

333 870 408 924 bis
437 876 624 922 manet.
640 865 893 936 Spiritum
918 873 1094 919 autem
1115 862 1354 917 veritatis
1374 877 1496 916 eum
1515 860 1768 931 appellat,
1796 859 1919 913 hinc

336 964 532 1031 ﬁguras
557 959 755 1013 veteris
785 957 914 1027 legis
954 955 1233 1010 denotans.
1279 952 1343 1007 Ut
1377 954 1630 1006 vobiscum
1666 952 1750 1006 sit.
1780 950 1914 1017 Quid

335 1054 435 1106 sibi
462 1054 574 1107 vult
598 1051 757 1116 illttd,
790 1050 1055 1105 Vobiscum
1074 1050 1181 1103 sit?
1204 1048 1257 1103 ld
1275 1048 1413 1118 quod
1441 1051 1554 1116 ipse
1572 1048 1643 1100 ait
1666 1087 1681 1111 ,
1709 1047 1815 1117 Ego
1833 1064 1919 1100 vo-

338 1144 529 1198 biscum
569 1161 682 1198 sum
723 1142 946 1211 (Matth.
969 1142 1060 1197 28.
1088 1141 1203 1209 20).
1247 1141 1508 1194 Praeterea
1535 1138 1675 1193 aliud
1707 1153 1919 1207 quoque
1954 1164 1957 1167 η

336 1236 674 1289 subindicat:
705 1233 820 1289 Non
845 1234 1032 1289 eadem
1056 1233 1282 1302 patietur
1304 1245 1421 1300 qua:
1445 1244 1543 1298 ego
1566 1244 1751 1299 passus
1771 1243 1912 1292 sum,

340 1346 513 1401 neque
543 1328 819 1383 abscedet.
873 1328 1029 1395 Quem
1065 1325 1283 1380 mundus
1321 1341 1421 1377 non
1466 1333 1623 1393 potest
1660 1323 1913 1391 accipere,

338 1426 456 1495 quia
482 1440 583 1477 non
614 1423 745 1476 videt
776 1438 907 1476 eum.
941 1420 1077 1488 Quid
1108 1419 1273 1489 ergo?
1299 1434 1364 1471 an
1392 1433 1457 1471 ex
1489 1431 1713 1470 numero
1740 1412 1919 1468 visibi.

340 1516 467 1570 lium
496 1514 647 1570 erat?
688 1513 921 1569 Minime.
967 1510 1072 1567 Sed
1112 1510 1199 1564 hic
1239 1508 1593 1577 mgnitioncm
1638 1506 1916 1575 intelligit;

339 1606 486 1662 addit
514 1608 692 1670 enim,
722 1604 902 1674 Neque
941 1604 1196 1675 cognoscit
1235 1616 1389 1655 eum:
1416 1601 1552 1655 solet
1588 1600 1731 1654 enim
1758 1614 1917 1653 act-u-

340 1708 510 1753 ratam
558 1697 917 1768 cognitionem
959 1695 1219 1749 visionem
1264 1691 1553 1762 appellare.
1598 1691 1731 1757 Quia
1775 1690 1916 1745 enim

339 1806 593 1847 sensuum
644 1789 972 1845 clarissimus
1014 1788 1161 1842 visus
1206 1795 1325 1852 est,
1372 1800 1470 1855 per
1514 1784 1654 1838 hunc
1703 1798 1919 1838 sensum

341 1898 554 1952 semper
583 1890 883 1937 accuratam
903 1881 1259 1950 cognitionem
1282 1878 1516 1931 denotat.
1545 1874 1795 1930 Mundum
1822 1890 1919 1928 au-

342 1986 450 2032 tem
479 1977 565 2031 hic
588 1984 745 2030 vocat
774 1974 1071 2043 improbos,
1103 1972 1332 2041 hincque
1361 1969 1648 2038 discipulos
1673 1968 1919 2023 consola-

344 2075 452 2132 tur,
484 2066 624 2136 quod
654 2065 758 2120 illis
784 2066 1035 2119 eximium
1062 2062 1248 2117 afferat
1281 2062 1500 2116 donum.
1534 2060 1666 2114 Vide
1690 2069 1918 2129 quanto-

342 2172 473 2226 pere
500 2156 627 2210 doni
656 2155 1075 2226 magnitudinem
1116 2153 1353 2209 extollat.
1389 2152 1523 2208 Dicit
1559 2153 1719 2207 alium
1763 2166 1917 2216 esse,

340 2265 502 2319 quam
530 2252 644 2319 ipse
671 2249 771 2314 sit;
801 2248 966 2313 addit,
998 2248 1111 2303 Non
1142 2248 1409 2315 relinquet
1436 2260 1563 2310 vos;
1594 2246 1806 2311 subdit,
1838 2244 1919 2299 Ad

340 2340 489 2410 ipsos
509 2351 711 2396 tantum
739 2350 1017 2396 venturum
1046 2356 1166 2395 esse
1186 2382 1199 2403 ,
1230 2351 1286 2394 nt
1309 2350 1363 2395 et
1381 2354 1480 2409 ego
1500 2339 1654 2405 veni;
1686 2339 1839 2402 dixit,
1863 2338 1919 2393 In

336 2432 494 2487 vobis
520 2443 735 2499 manet;
764 2433 858 2488 sed
887 2447 1061 2502 neque
1088 2432 1167 2486 sic
1196 2432 1405 2486 illorum
1438 2445 1721 2486 mterorem
1749 2445 1918 2498 expu-

342 2524 425 2579 lit.
452 2524 602 2579 lllum
632 2526 774 2580 enim
802 2527 1234 2592 consortiumque
1255 2522 1371 2590 ejus
1393 2521 1566 2576 adhuc
1588 2520 1912 2591 quaerebant.

342 2616 440 2671 Cui
470 2617 548 2671 rei
572 2625 630 2669 ut
647 2616 943 2679 medeatur,
975 2615 1047 2668 ait
1070 2629 1084 2665 :
1115 2614 1202 2668 18.
1230 2612 1409 2681 Neque
1428 2628 1517 2682 ego
1542 2627 1623 2665 vos
1644 2611 1923 2680 relinquant

343 2708 601 2777 orphanos
629 2723 648 2761 :
671 2708 814 2761 venio
841 2706 909 2759 ad
932 2722 1037 2760 vos.
1058 2704 1138 2760 Nc
1156 2706 1411 2769 timeatis,
1441 2703 1643 2772 inquit;
1676 2718 1782 2756 non
1806 2702 1923 2756 ideo

343 2800 453 2854 dixi
485 2815 570 2855 me
591 2800 751 2853 alium
779 2798 1108 2853 Paracletum
1132 2796 1413 2850 missurum
1440 2809 1561 2849 esse
1588 2794 1756 2861 vobis,
1784 2794 1924 2863 quod

344 2904 443 2945 vos
479 2889 544 2944 ad
587 2892 745 2944 linem
775 2905 944 2959 usque
990 2878 1271 2944 relicturus
1310 2887 1409 2940 sim
1439 2904 1453 2940 :
1484 2900 1590 2940 non
1636 2886 1757 2939 ideo
1784 2885 1921 2951 dixi,

344 2982 496 3050 Apud
516 2998 601 3035 vos
620 2992 809 3049 manet,
831 2983 981 3051 quasi
1004 2997 1108 3035 non
1131 2982 1265 3034 ultra
1287 2995 1382 3034 vos
1400 2981 1610 3034 visurus
1625 2980 1745 3033 sim.
1767 2978 1926 3034 Certe

346 3073 461 3141 ipso
491 3088 703 3142 quoque
728 3074 887 3127 venio
922 3068 988 3127 ad
1015 3088 1128 3128 vos.
1163 3071 1283 3126 Non
1315 3057 1595 3142 relinquam
1622 3086 1707 3125 vos
1741 3072 1930 3142 orpha-

346 3185 459 3222 nos.
491 3168 620 3235 Quia
650 3169 790 3221 enim
818 3183 847 3221 a
880 3167 1139 3238 principio
1166 3166 1408 3233 dixerat,
1450 3164 1629 3221 Filioli
1650 3182 1670 3221 :
1700 3165 1819 3221 ideo
1843 3164 1929 3221 hic

347 3263 425 3315 ait
448 3277 463 3315 :
496 3259 617 3313 Non
642 3261 921 3331 relinquant
946 3269 1032 3314 vos
1053 3261 1329 3330 orphonos.

415 3353 471 3408 2.
504 3352 660 3408 Initio
684 3354 861 3424 itaque
880 3353 1015 3408 dixit
1040 3370 1052 3408 :
1086 3352 1185 3408 Ubi
1209 3371 1299 3423 ego
1324 3353 1472 3417 vado,
1496 3352 1732 3419 venietis;
1757 3359 1831 3419 et,
1860 3351 1927 3407 In

345 3446 494 3499 domo
524 3442 698 3499 Patris
723 3447 820 3498 mei
849 3445 1130 3498 mansiones
1154 3445 1325 3497 multae
1352 3454 1505 3506 sunt;
1538 3445 1622 3498 hic
1653 3459 1779 3499 vero
1804 3444 1926 3514 quia

346 3537 653 3591 diuturnum
677 3548 793 3592 erat
824 3547 1052 3607 tempus,
1080 3537 1171 3591 dat
1196 3538 1470 3606 Spiritum.
1499 3535 1604 3592 Sed
1632 3552 1772 3596 cum.
1802 3537 1925 3606 quid

346 3630 553 3684 diceret
578 3646 683 3684 non
713 3630 1102 3699 intelligentes,
1147 3646 1250 3683 nou
1282 3639 1366 3683 sat
1396 3628 1518 3684 inde
1548 3629 1926 3683 consolationis

350 3720 636 3784 baberent,
675 3718 796 3773 Non
835 3720 1117 3790 relinquam
1146 3735 1231 3773 vos
1267 3720 1552 3787 orphanos,
1588 3721 1773 3789 inquit.
1816 3720 1927 3777 lloc

345 3815 489 3868 enim
523 3812 755 3866 maxime
794 3810 1155 3881 requirebant.
1187 3810 1293 3867 Sed
1320 3812 1439 3880 quia
1471 3810 1595 3865 illud
1617 3851 1632 3875 ,
1666 3809 1822 3864 Venio
1859 3809 1927 3862 ad

344 3921 453 3969 vos,
476 3904 815 3974 presentiam
833 3903 1194 3973 signiﬁcabat:
1216 3918 1282 3957 ne
1299 3917 1481 3957 rursus
1499 3902 1738 3957 eamdem
1758 3903 1925 3972 ipsam

346 3995 683 4065 prtesentiam
709 3995 1076 4063 requirerent,
1103 4009 1261 4064 quant
1301 3995 1448 4063 prius
1467 4035 1481 4058 ,
1514 3994 1633 4047 vide
1659 3994 1926 4063 quomodo

347 4090 451 4144 hoc
477 4091 649 4159 ipsum
673 4106 777 4145 non
800 4091 943 4145 clare
967 4089 1181 4161 quidem
1203 4089 1414 4152 dixerit,
1438 4088 1530 4143 sed
1552 4088 1821 4143 subindica
1832 4103 1925 4142 ve-

347 4183 439 4236 rit.
470 4182 600 4238 Cum
629 4183 849 4238 dixisset
877 4185 1041 4245 enim,
1073 4184 1159 4238 19.
1192 4183 1370 4236 Adhuc
1396 4183 1645 4237 modicum
1665 4224 1680 4248 ,
1710 4193 1757 4236 et
1781 4200 1928 4236 mun-

346 4275 443 4329 dus
467 4291 544 4328 me
578 4291 680 4328 non
709 4276 871 4341 videt;
902 4275 1168 4337 subdidit,
1206 4272 1306 4327 Vos
1334 4285 1498 4327 autem
1522 4274 1696 4328 videtis
1724 4291 1836 4340 me;
1864 4290 1928 4330 ac

346 4366 392 4417 si
428 4365 669 4420 diceret:
703 4364 872 4419 Venio
901 4366 1115 4436 quidem
1145 4365 1209 4419 ad
1239 4381 1361 4430 vos,
1396 4365 1488 4419 sed
1531 4380 1637 4419 non
1681 4374 1738 4419 ut
1780 4368 1926 4435 prius

346 4458 585 4532 quotidie
616 4458 889 4511 vobiscum
919 4467 1245 4513 versaturus.
1288 4457 1354 4511 Et
1397 4472 1465 4512 ne
1502 4457 1774 4520 dicereut,
1821 4457 1927 4513 Cttr

345 4563 474 4617 ergo
509 4548 707 4604 Judaeis
733 4548 933 4614 dixisti,
973 4546 1096 4602 Iam
1124 4566 1224 4602 non
1255 4549 1480 4602 videbitis
1508 4565 1587 4602 me
1626 4546 1800 4621 (Joan.
1835 4549 1921 4604 16.

348 4638 482 4705 10)?
509 4639 863 4709 objectionem
880 4640 1041 4694 solvit
1067 4639 1313 4703 dicendo,
1332 4639 1412 4692 Ad
1434 4656 1517 4693 vos
1544 4647 1770 4696 tantum.
1793 4640 1926 4695 Nam

344 4728 579 4798 Spiritus
602 4746 814 4799 quoque
840 4730 958 4784 talis
982 4740 1082 4784 est.
1115 4730 1246 4795 Quia
1271 4747 1360 4801 ego
1381 4733 1510 4795 vivo,
1542 4741 1590 4784 et
1617 4748 1704 4785 vos
1731 4733 1921 4787 vivetis.

343 4822 495 4875 Crux
523 4822 668 4875 enim
694 4837 799 4877 nou
825 4835 993 4891 usque
1016 4819 1083 4875 ad
1115 4820 1275 4875 ﬁnem
1302 4835 1400 4874 nos
1424 4822 1710 4890 separabit,
1737 4823 1831 4877 sed
1858 4822 1923 4877 ad

345 4912 719 4967 brevissimum
744 4921 951 4981 tempus
980 4926 1065 4966 me
1096 4910 1404 4965 abscondet.
1427 4910 1605 4965 Vitam
1634 4923 1840 4979 autem,
1870 4924 1925 4968 ut

342 5004 555 5060 videtur
580 5005 729 5067 mihi,
755 5021 860 5059 non
892 5012 1207 5073 praesentem
1233 5013 1458 5069 tantum,
1492 5004 1583 5058 sed
1611 5016 1664 5059 et
1692 5004 1922 5060 futuram

340 5096 493 5151 dicit.
518 5097 607 5151 20.
640 5096 706 5150 In
734 5097 825 5150 illa
854 5096 936 5150 die
963 5097 1299 5167 cognoscetis,
1327 5097 1447 5167 quia
1475 5113 1564 5167 ego
1587 5099 1639 5150 in
1668 5096 1849 5163 Patre,
1881 5110 1925 5153 et

342 5203 429 5241 vos
452 5189 505 5241 in
534 5205 630 5251 me,
649 5199 696 5242 et
726 5205 817 5259 ego
833 5192 885 5242 in
910 5188 1065 5242 vobis.
1094 5187 1150 5242 In
1181 5188 1336 5243 Patre
1356 5190 1644 5243 secundum
1673 5190 1922 5243 substan-

346 5280 493 5341 tiam,
528 5280 580 5333 in
610 5280 761 5334 vobis
788 5279 1079 5335 secundum
1108 5278 1446 5334 concordiam
1472 5289 1525 5334 et
1559 5281 1812 5333 auxilium
1839 5282 1919 5334 di-

345 5370 544 5426 vinitus
573 5373 886 5440 prtestitum.
916 5372 986 5426 Et
1012 5387 1148 5441 qua,
1182 5386 1393 5440 quzeso,
1428 5371 1672 5426 ratione?
1705 5388 1803 5442 qua
1834 5388 1921 5425 ra-

345 5461 489 5515 tione
520 5461 634 5516 lucc
676 5462 942 5517 contraria
968 5462 1230 5533 quadrare
1262 5462 1519 5531 possunt?
1548 5462 1711 5516 multa
1742 5464 1920 5530 enim,

344 5553 452 5606 imo
479 5553 683 5609 inﬁnita
708 5565 789 5610 est
813 5554 1060 5610 distantia
1086 5556 1225 5609 inter
1242 5554 1508 5609 Christum
1536 5563 1590 5608 et
1608 5553 1915 5626 discipulos.

343 5642 565 5698 Etiamsi
593 5644 780 5700 eadem
812 5646 922 5714 ipsa
955 5644 1117 5700 verba
1142 5644 1384 5714 jaceant,
1420 5659 1486 5699 ne
1516 5644 1743 5699 mireris.
1771 5644 1921 5701 Solet

342 5736 483 5793 enim
507 5737 780 5808 Scriptura
807 5738 995 5797 iisdem
1023 5738 1198 5795 verbis
1222 5737 1288 5793 de
1310 5738 1421 5794 Deo
1441 5745 1496 5794 et
1520 5736 1588 5794 de
1614 5736 1918 5796 hominibus

1296 283 1363 338 IN
1399 281 1709 339 JOANNEM
1749 282 1979 339 HOMIL.

2018 282 2230 340 LXXV.
2269 284 2340 338 al.
2384 283 2613 340 LXXIV.
3499 291 3603 349 406

2025 399 2202 465 dictis,
2233 399 2448 456 diverso
2477 401 2637 455 modo
2663 401 2763 458 uti.
2787 400 2918 456 Nam
2943 411 2997 457 et
3022 401 3095 458 dii
3124 402 3352 459 dicimur
3372 405 3449 475 (1.
3482 405 3603 463 Cor.

2022 493 2077 548 8.
2103 492 2183 561 5),
2210 502 2265 548 et
2298 494 2388 548 lllii
2413 494 2502 549 Dei
2527 493 2669 567 (Gal.
2698 496 2751 550 '5.
2774 495 2869 566 26)
2894 514 2908 550 :
2936 512 3032 551 nec
3054 496 3294 551 eamdem
3317 499 3421 551 vim
3445 497 3605 554 habet

2022 602 2143 641 cum
2174 586 2241 643 de
2266 588 2422 642 nobis
2450 587 2663 651 dicitur,
2690 605 2847 660 quam
2874 606 2994 645 cum
3022 590 3089 646 de
3121 592 3246 645 Deo.
3278 591 3455 661 Imago
3478 594 3603 646 item

2020 681 2217 735 dicitur
2244 681 2411 736 Filius
2443 682 2659 750 (Coloss.
2690 685 2740 738 1.
2770 682 2859 754 15)
2891 696 2942 738 et
2966 684 3132 754 gloria
3155 685 3228 755 (1.
3259 684 3376 740 Cor.
3409 686 3495 740 Η.
3518 685 3596 756 7),

2022 782 2077 825 ut
2118 782 2172 828 et
2218 789 2350 836 nos;
2378 774 2470 829 sed
2522 775 2683 828 multa
2730 785 2811 829 est
2859 775 3174 831 dill'crentia.
3204 776 3467 841 Rursum,
3499 776 3600 830 Vos

2020 875 2189 916 autem
2214 862 2421 925 Christi,
2452 864 2682 919 Christus
2718 882 2832 919 vero
2876 866 2966 919 Dei
3004 866 3077 939 (1.
3110 865 3227 920 Cor.
3253 868 3304 922 '5.
3331 868 3464 933 25);
3499 883 3602 920 non

2023 955 2091 1008 ita
2139 965 2313 1009 tamen
2361 965 2444 1010 est
2488 956 2578 1010 Dei
2618 956 2891 1020 Christus,
2924 964 2983 1012 ut
3024 972 3120 1012 nos
3158 974 3341 1012 sumus
3381 958 3599 1012 Christi.

2021 1047 2156 1116 Quid
2188 1064 2346 1117 porro
2378 1050 2479 1103 sibi
2509 1051 2658 1104 vult?
2687 1053 2816 1105 Cum
2845 1067 3215 1117 resurrexero,
3248 1052 3439 1121 inquit,
3470 1054 3607 1107 scie—

2023 1141 2090 1194 tis
2114 1157 2197 1194 me
2219 1156 2323 1194 non
2350 1157 2376 1193 a
2408 1142 2563 1195 Patre
2591 1144 2848 1211 separari,
2882 1143 2974 1197 sed
3002 1143 3244 1199 eamdem
3274 1143 3471 1199 habere
3493 1144 3605 1199 vir-

2023 1242 2187 1288 tutem
2210 1276 2223 1296 ,
2265 1242 2320 1288 et
2358 1250 2443 1289 me
2469 1236 2742 1290 vobiscum
2787 1244 3041 1306 perpetuo
3081 1252 3234 1302 esse,
3272 1237 3432 1292 rebus
3478 1239 3606 1306 ipsis

2021 1325 2432 1392 praedicantibus
2459 1326 2715 1380 auxilium
2738 1341 2765 1378 a
2792 1342 2877 1381 me
2905 1327 3055 1381 vobis
3082 1329 3396 1394 prazstitum,
3429 1328 3607 1382 inimi-

2021 1416 2101 1472 cis
2138 1417 2431 1487 repressis,
2460 1418 2610 1471 vobis
2656 1417 2881 1472 lidenter
2911 1420 3221 1489 agentibus,
3270 1420 3512 1476 molestis
3538 1419 3607 1474 de

2022 1509 2199 1564 medio
2219 1508 2466 1578 sublatis,
2498 1509 2874 1578 praedicatione
2900 1512 3135 1581 quotidie
3158 1511 3401 1576 ﬂorente,
3433 1512 3608 1565 omni-

2022 1600 2121 1656 bus
2149 1602 2247 1671 piae
2280 1600 2534 1655 doctrina:
2559 1602 2884 1657 cedentibus.
2921 1602 3065 1657 Sicut
3097 1604 3233 1666 misit
3254 1620 3333 1657 me
3359 1602 3535 1669 Pater,
3560 1613 3607 1657 et

2022 1711 2112 1765 ego
2142 1694 2257 1749 misi
2280 1711 2366 1749 vos
2402 1693 2595 1767 (Joan.
2636 1695 2724 1751 20.
2758 1695 2875 1767 2i).
2910 1695 3071 1750 Vides
3109 1696 3196 1751 hic
3225 1712 3433 1767 quoque
3465 1697 3604 1753 idem

2023 1786 2221 1841 dictum
2255 1801 2360 1839 non
2386 1785 2628 1840 eamdem
2658 1786 2764 1840 vim
2808 1787 3041 1842 habere?
3066 1787 3199 1842 Nam
3230 1790 3273 1843 si
3304 1788 3491 1842 eodem
3520 1804 3610 1842 ac-

2021 1864 2281 1948 cipiamus
2309 1877 2484 1942 modo,
2518 1878 2647 1931 nihil
2675 1878 2923 1933 diﬁ‘erent
2946 1880 3169 1947 apostoli
3192 1895 3221 1933 a
3243 1879 3474 1934 Christo.
3499 1879 3609 1934 Cur

2022 1984 2187 2038 porro
2209 1970 2314 2034 ait,
2343 1968 2489 2023 Tunc
2516 1970 2865 2039 cognoscetis?
2892 1970 3022 2037 Quia
3053 1980 3179 2025 tunc
3208 1970 3455 2025 viderunt
3485 1986 3606 2024 eum

2022 2061 2382 2116 resurrexisse
2406 2069 2459 2115 et
2485 2076 2665 2116 secum
2691 2062 2916 2116 versari.
2946 2061 3094 2117 Tunc
3116 2078 3297 2118 veram
3329 2063 3485 2118 ﬁdem
3523 2062 3607 2116 di-

2022 2152 2290 2208 dicerunt.
2335 2151 2522 2222 Magna
2565 2152 2762 2221 quippe
2805 2152 3033 2222 Spiritus
3075 2154 3245 2209 virtus
3291 2164 3441 2220 erat,
3490 2170 3609 2225 qua:

2024 2248 2203 2301 omnia
2230 2246 2458 2301 docebat
2487 2245 2625 2299 illos.
2657 2244 2749 2299 «ξι.
2781 2245 2880 2312 Qui
2921 2246 3069 2300 habet
3108 2249 3348 2301 mandata
3376 2264 3518 2312 mea,
3562 2256 3609 2300 et

2024 2347 2187 2393 servat
2222 2355 2301 2403 ea,
2327 2339 2415 2391 ille
2440 2347 2511 2391 est
2537 2338 2622 2407 qui
2651 2337 2817 2408 diligit
2847 2355 2944 2393 me.
2974 2339 3088 2394 Non
3112 2340 3252 2394 enim
3286 2340 3478 2395 sufﬁcit
3512 2341 3606 2392 Ita-

2023 2430 2153 2485 bere
2181 2429 2377 2494 solum,
2400 2428 2494 2485 sed
2518 2427 2669 2482 nobis
2685 2440 2929 2483 accurata
2953 2445 3085 2500 opus
3107 2440 3190 2487 est
3213 2432 3477 2486 custodia.
3499 2430 3609 2485 Cur

2026 2532 2202 2577 autem
2233 2522 2335 2577 hoc
2358 2523 2531 2592 ipsum
2562 2520 2669 2574 illis
2698 2535 2842 2590 saepe
2871 2521 3041 2576 dicit?
3068 2533 3150 2588 ut,
3183 2522 3244 2578 Si
3272 2523 3481 2593 diligitis
3508 2539 3605 2587 me,

2025 2614 2264 2668 mandata
2286 2631 2393 2668 mea
2419 2624 2631 2682 servate,-
2649 2622 2718 2677 et,
2745 2614 2843 2681 Qui
2861 2615 3006 2669 habet
3027 2625 3276 2686 prtecepta
3294 2632 3422 2679 mea,
3437 2626 3483 2668 et
3499 2632 3608 2667 ser-

2025 2716 2108 2760 vat
2127 2724 2209 2772 ea;
2226 2716 2299 2772 et,
2323 2708 2381 2762 Si
2399 2709 2510 2778 quis
2526 2710 2739 2763 audierit
2766 2724 3045 2764 sermonem
3062 2725 3246 2775 meum,
3269 2719 3315 2762 et
3342 2711 3608 2761 servaverit

2027 2815 2159 2864 eum,
2176 2799 2263 2853 ille
2278 2810 2347 2853 est
2370 2801 2455 2870 qui
2475 2800 2637 2871 diligit
2657 2817 2733 2854 me
2756 2816 2774 2855 :
2793 2800 2879 2871 qui
2900 2816 2999 2854 non
3017 2799 3158 2853 audit
3176 2816 3427 2853 sermones
3450 2817 3605 2866 meos,

2028 2906 2128 2943 non
2159 2890 2323 2961 diligit
2350 2907 2429 2944 me
2458 2889 2639 2962 (Joan.
2673 2892 2761 2946 14.
2792 2890 2885 2945 2'5.
2914 2890 3040 2961 24).
3071 2890 3205 2945 Puto
3234 2890 3381 2944 illum
3428 2890 3611 2944 subin-

2029 2981 2206 3037 dicare
2237 2982 2449 3036 illorum
2480 2997 2789 3039 maerorem.
2819 2983 2953 3050 Quia
2984 2983 3125 3037 enim
3156 2981 3224 3037 de
3251 2993 3421 3037 morte
3448 2982 3609 3037 multa

2030 3072 2434 3143 plliiOSOpilalllS
2461 3083 2601 3138 erat,
2634 3074 2818 3129 dicens
2844 3093 2857 3128 :
2891 3074 2993 3141 Qui
3021 3074 3126 3128 odit
3150 3074 3371 3127 animam
3398 3091 3540 3127 suam
3560 3074 3612 3127 in

2029 3168 2123 3220 hoc
2147 3167 2354 3230 mundo,
2387 3168 2440 3221 in
2470 3167 2622 3221 vitam
2647 3179 2886 3222 teternam
2906 3167 3150 3223 custodiet
3172 3184 3282 3222 eam
3312 3168 3490 3240 (Joan.
3523 3167 3611 3221 i2.

2031 3259 2158 3329 25);
2191 3269 2275 3322 et,
2311 3258 2431 3314 Nisi
2457 3262 2568 3324 quis
2595 3263 2839 3331 acceperit
2869 3277 3064 3315 crucem
3092 3278 3265 3326 suam,
3298 3270 3344 3315 et
3380 3272 3614 3331 sequatur

2031 3370 2137 3416 me,
2166 3369 2267 3405 non
2291 3363 2363 3407 est
2391 3369 2468 3406 me
2501 3353 2681 3423 dignus
2715 3351 2926 3423 (Matth.
2956 3351 3043 3407 10.
3069 3353 3162 3423 58)
3187 3370 3200 3417 ;
3233 3353 3487 3421 pluraque
3514 3353 3613 3405 atl-

2032 3443 2135 3503 buc
2155 3444 2392 3499 dicturus
2412 3453 2546 3508 erat,
2569 3444 2897 3512 exprobrans
2917 3444 2996 3497 eis
3015 3442 3143 3497 dicit
3168 3461 3180 3496 :
3206 3443 3408 3497 Putatis
3432 3458 3524 3497 vos
3546 3458 3613 3497 ex

2030 3549 2215 3589 amore
2242 3534 2421 3588 tristes
2442 3536 2598 3588 esse?
2627 3534 2741 3588 Non
2773 3535 2973 3589 tristari
3000 3535 3177 3605 potius
3202 3534 3503 3589 dilectionis
3529 3549 3614 3588 es-

2030 3636 2115 3680 set
2154 3626 2427 3679 indicium.
2460 3626 2591 3693 Quia
2623 3636 2801 3680 autem
2839 3623 2967 3679 illud
3008 3627 3121 3679 vult
3146 3624 3398 3692 efﬁcere,
3442 3627 3492 3679 in
3523 3640 3612 3679 se-

2032 3717 2314 3786 quentibus
2340 3716 2390 3770 id
2413 3718 2623 3786 repetit.
2658 3716 2718 3772 Si
2746 3718 2877 3770 enim
2900 3717 3172 3788 diligeretis
3190 3732 3301 3782 me,
3330 3717 3612 3787 gauderetis

2030 3811 2232 3878 utique,
2269 3811 2387 3879 quia
2413 3806 2480 3861 ad
2512 3807 2717 3862 Patrem
2744 3808 2892 3863 vado.
2921 3807 3073 3863 Nunc
3106 3817 3285 3863 autem
3317 3824 3425 3877 prae
3465 3818 3611 3862 metu

2033 3905 2082 3959 id
2110 3904 2372 3974 patimini.
2406 3903 2557 3969 Quod
2581 3918 2710 3957 vero
2739 3903 2880 3957 circa
2905 3910 3133 3957 mortem
3162 3901 3241 3956 sic
3267 3901 3573 3956 alliciamini
3593 3941 3610 3965 ,

2030 4012 2136 4050 non
2160 4004 2241 4049 est
2261 4010 2445 4049 eorum
2468 3995 2554 4063 qui
2575 3992 2941 4047 mandatorum
2964 4006 3203 4046 meorum
3229 3992 3611 4047 reccrdantur:

2032 4096 2303 4156 oporteret
2331 4085 2472 4139 enim
2502 4100 2595 4139 vos
2624 4083 2860 4155 cruciﬁgi
2881 4124 2896 4148 ,
2940 4084 2987 4139 si
3012 4099 3139 4139 vere
3175 4083 3466 4154 diligeretis
3500 4098 3610 4137 me.

2031 4177 2140 4232 Vos
2168 4178 2307 4231 enim
2337 4176 2579 4231 hortatus
2616 4192 2769 4240 sum,
2811 4185 2869 4229 ut
2904 4190 3008 4229 nou
3048 4175 3278 4229 timentis
3303 4174 3370 4228 ab
3397 4174 3487 4239 iis,
3521 4174 3608 4242 qui

2031 4268 2281 4323 occidunt
2307 4283 2519 4336 corpus.
2552 4267 2708 4321 Tales
2736 4267 2892 4322 Pater
2930 4275 3106 4333 amat,
3138 4276 3192 4320 et
3232 4281 3332 4335 ego
3367 4280 3507 4319 amo.
3546 4264 3611 4317 Et

2030 4360 2361 4431 manifestabo
2388 4360 2458 4412 eis
2484 4358 2747 4428 meipsum.
2775 4358 2908 4411 Tum
2930 4355 3115 4422 Judas,
3140 4357 3231 4411 21.
3264 4357 3331 4410 Et
3350 4357 3492 4425 quid,
3524 4356 3609 4410 iu-

2029 4453 2166 4523 qttit,
2190 4452 2307 4520 quia
2328 4454 2733 4521 manifestaturus
2762 4466 2815 4503 es
2834 4448 2977 4504 nobis
3002 4450 3251 4520 teipsum?

2101 4545 2153 4598 3.
2184 4540 2373 4597 Viden’
2402 4542 2632 4594 animam
2659 4556 2843 4594 eorum
2865 4555 2896 4594 a
2920 4541 3111 4595 timore
3133 4540 3419 4595 obrutam?
3451 4538 3607 4595 Com-

2030 4643 2206 4689 motus
2249 4633 2596 4703 turbatusque
2621 4640 2735 4695 est,
2771 4646 2834 4686 ac
2871 4632 3125 4702 putabat,
3158 4634 3295 4687 sicut
3322 4632 3373 4687 in
3406 4634 3610 4687 somnis

2031 4737 2272 4782 mortuos
2296 4727 2558 4790 videmus,
2587 4725 2665 4779 sic
2691 4724 2838 4779 illum
2869 4739 2928 4779 se
2958 4725 3197 4779 visurum
3237 4740 3376 4781 esse.
3408 4725 3485 4780 Ne
3514 4725 3611 4795 igi-

2031 4832 2118 4874 tur
2156 4820 2258 4875 hoc
2298 4819 2715 4888 suspicarentur,
2769 4816 2891 4872 audi
2929 4817 3054 4887 quid
3082 4818 3256 4872 dicat:
3286 4818 3377 4873 25.
3420 4817 3531 4888 Ego
3559 4828 3608 4872 et

2038 4913 2189 4967 Pater
2211 4914 2461 4967 veniemus
2488 4912 2556 4965 ad
2581 4928 2714 4975 eum,
2741 4921 2788 4964 et
2810 4911 3119 4965 mansionem
3147 4910 3286 4979 apud
3311 4926 3423 4965 eum
3453 4911 3610 4982 facie-

2031 5021 2144 5058 mus
2169 5019 2189 5058 :
2219 5019 2281 5056 ac
2308 5003 2353 5057 si
2380 5002 2617 5068 diceret,
2643 5002 2791 5057 Sicut
2819 5000 2976 5056 Pater
3011 4998 3314 5055 manifestat
3337 4999 3567 5070 seipsum
3587 5040 3604 5065 ,

2031 5098 2109 5150 sic
2146 5105 2200 5150 et
2226 5110 2344 5164 ego.
2374 5094 2556 5164 Neque
2586 5094 2688 5149 hoc
2728 5094 3123 5159 tantummodo,
3156 5092 3251 5149 sed
3277 5094 3434 5149 etiam
3465 5094 3606 5164 quod

2030 5188 2305 5257 adjecerit,
2326 5186 2382 5239 Μ
2387 5188 2644 5241 ansionem
2664 5187 2803 5256 apud
2820 5204 2933 5242 eum
2950 5187 3211 5259 faciemus,
3234 5201 3446 5242 omnem
3473 5186 3609 5239 tollit

2031 5281 2385 5350 suspicionem
2412 5298 2426 5335 :
2459 5279 2513 5335 id
2541 5281 2735 5350 quippe
2775 5297 2879 5336 non
2908 5280 2975 5334 ad
3009 5280 3215 5335 somnia
3246 5280 3494 5349 pertinet.
3524 5278 3608 5333 Tu

2029 5387 2158 5427 vero
2182 5371 2311 5424 mibi
2358 5370 2653 5441 perpendas
2678 5371 2995 5440 discipulum
3022 5380 3077 5426 et
3112 5371 3374 5427 turbatum
3415 5379 3469 5424 et
3498 5385 3603 5424 non

2028 5464 2310 5518 audentem
2347 5464 2490 5518 clare
2528 5464 2705 5519 dicere
2748 5464 2888 5534 quod
2927 5463 3195 5533 cupiebat.
3235 5463 3418 5533 Neque
3455 5463 3599 5517 enim

2028 5556 2197 5610 dixit:
2231 5553 2323 5607 Vze
2354 5554 2527 5617 nobis,
2559 5554 2701 5624 quod
2730 5554 2999 5621 moriaris,
3032 5563 3087 5609 et
3110 5554 3180 5608 ita
3210 5553 3363 5609 nobis
3389 5555 3602 5623 appari-

2028 5657 2181 5703 turus
2208 5663 2268 5703 es
2294 5656 2352 5702 ut
2376 5646 2571 5702 mortui
2595 5654 2870 5715 apparent.
2898 5644 3013 5700 Non
3044 5646 3123 5700 sic
3161 5645 3284 5711 ille;
3313 5646 3438 5713 sed,
3471 5644 3607 5711 Quid

2027 5752 2101 5797 est
2129 5743 2248 5813 quia
2270 5738 2675 5812 manifestatum:
2697 5753 2747 5793 es
2767 5737 2910 5793 nobis
2928 5735 3160 5809 teipsum,
3190 5749 3236 5793 et
3262 5754 3362 5794 non
3384 5737 3608 5794 mundo?
