4100 6362
459 284 563 340 ω’]

456 394 590 449 Dicit
618 408 748 463 ergo
769 434 784 459 ,
810 391 918 447 Vos
939 400 1188 461 acceptos
1216 389 1388 445 habeo
1405 432 1420 455 ,
1449 389 1571 458 quia
1594 404 1690 443 vos
1719 388 2024 442 mandatum

455 502 630 540 meum
653 485 894 541 servatis.
922 482 996 538 Ne
1017 483 1156 536 enim
1181 490 1361 551 postea
1382 480 1621 536 videntes
1644 482 1839 549 ipsum,
1862 480 2031 550 phan-

457 588 627 632 tasma
653 592 713 632 se
738 576 917 631 videre
945 582 1227 645 putarent,
1274 573 1394 627 ideo
1434 571 1548 626 haec
1574 572 1831 641 praedicit.
1867 571 1930 626 Et
1961 586 2029 625 ne

454 681 541 732 eo,
572 681 678 735 quo
704 666 814 721 dixi
836 705 851 729 ,
892 664 1051 720 modo
1082 665 1249 733 ipsum
1287 664 1651 733 appariturum
1692 678 1811 718 esse
1837 663 2026 732 Opina-

458 767 665 821 rentur,
696 771 908 811 causam
951 756 1202 825 apponit,
1231 755 1372 824 quod
1403 769 1593 823 nempe
1633 754 1882 808 mandata
1912 753 2028 822 ejus

458 855 752 910 servarent,
777 846 905 899 dicit
930 848 1087 898 etiam
1129 846 1383 915 Spiritum
1413 854 1655 900 sanctum
1686 846 1762 899 sic
1802 845 1908 900 illis
1931 859 2029 913 ap-

458 939 748 1007 pariturum
767 954 906 993 esse.
925 938 1074 1005 Quod
1093 939 1135 992 si
1151 948 1298 993 tanto
1317 950 1554 1007 tempore
1571 952 1691 991 cum
1710 937 1799 990 illo
1812 936 2026 1000 versati,

458 1030 598 1085 illam
625 1030 973 1084 substantiam
998 1044 1103 1083 non
1135 1028 1330 1095 ferunt,
1366 1031 1471 1083 imo
1496 1045 1563 1083 ne
1590 1028 1890 1098 intelligunt
1914 1029 2031 1097 qui-

456 1120 577 1173 dem
601 1138 614 1183 ;
642 1120 765 1187 quid
787 1120 1021 1174 futurum
1044 1130 1157 1175 erat
1179 1122 1221 1175 si
1249 1121 1315 1173 ab
1342 1121 1491 1174 initio
1516 1120 1595 1175 sic
1622 1119 1726 1174 illis
1754 1120 2031 1189 apparuis-

456 1211 575 1265 set?
608 1210 726 1265 ldeo
749 1225 869 1265 cum
897 1212 1000 1265 illis
1022 1212 1273 1278 comedit,
1301 1228 1367 1265 ne
1393 1213 1707 1281 phantasma
1738 1226 1858 1266 esse
1882 1219 2031 1280 pute-

457 1315 561 1359 tur.
590 1305 720 1359 Nam
763 1306 807 1359 si
844 1319 1007 1374 super
1051 1320 1216 1374 aquas
1255 1305 1617 1358 ambulantem
1653 1303 1894 1358 videntes
1918 1345 1932 1367 ,
1978 1302 2029 1357 id

456 1399 845 1461 existimarunt,
878 1398 999 1451 licet
1027 1397 1165 1451 idem
1191 1398 1366 1450 vultus
1390 1411 1453 1450 ac
1473 1398 1678 1465 species
1700 1395 2028 1460 viderentur,

458 1503 555 1541 nec
575 1489 799 1542 multum
823 1488 1043 1543 distaret
1073 1489 1195 1553 ille;
1226 1486 1349 1557 quid
1378 1502 1480 1541 non
1507 1486 1759 1557 suspicati
1785 1486 2027 1551 fuissent,

455 1581 498 1635 si
526 1582 702 1635 statim
730 1582 991 1636 vidissent
1018 1582 1163 1635 illum
1205 1592 1566 1651 resurgentem
1587 1622 1602 1647 ,
1634 1595 1789 1650 quem
1816 1590 2028 1649 captum

458 1676 707 1730 viderant
731 1684 785 1729 et
807 1674 1136 1729 involutum?
1166 1674 1450 1744 Propterea
1485 1672 1792 1744 frequenter
1817 1671 1945 1727 dicit
1970 1672 2032 1725 il-

456 1770 519 1824 lis
539 1785 597 1825 se
625 1770 988 1841 appariturum
1015 1785 1155 1834 esse,
1184 1786 1300 1837 cur,
1325 1779 1379 1826 et
1406 1769 1672 1840 quomodo
1692 1769 2031 1839 appariturus

454 1866 544 1930 sit,
582 1880 649 1918 ne
680 1864 827 1918 illum
858 1879 978 1920 esse
1004 1864 1317 1935 phantasma
1346 1871 1548 1933 putent.
1578 1863 1668 1918 24.
1703 1862 1802 1928 Qui
1827 1880 1927 1916 non
1952 1863 2034 1915 di-

457 1956 568 2023 ligit
587 1972 684 2020 me,
709 1972 958 2010 sermones
978 1973 1113 2009 meos
1142 1972 1240 2010 non
1269 1964 1451 2009 servat.
1491 1953 1556 2008 Et
1577 1970 1737 2009 sermo
1762 1970 1909 2024 quem
1933 1970 2029 2007 au-

456 2048 622 2114 distis,
657 2064 757 2101 non
791 2057 863 2101 est
889 2065 1055 2111 meus,
1089 2048 1176 2102 sed
1203 2048 1312 2116 ejus
1336 2048 1423 2116 qui
1452 2048 1586 2101 misit
1611 2063 1709 2100 me.
1736 2045 1916 2115 itaque
1942 2045 2030 2116 qui

456 2139 572 2195 haec
592 2141 748 2194 verba
768 2156 872 2195 non
897 2141 1061 2205 audit,
1083 2155 1180 2195 nec
1198 2157 1306 2206 me,
1336 2156 1433 2195 nec
1453 2139 1666 2196 Patrem
1689 2139 1878 2210 diligit.
1900 2139 2030 2194 Nam

455 2234 500 2286 si
524 2232 621 2287 hoc
642 2232 938 2287 dilectionis
956 2232 1163 2302 signum
1183 2242 1293 2295 est,
1312 2231 1497 2286 audire
1522 2231 1787 2298 mandata,
1812 2233 2033 2302 ipsaque

457 2327 629 2383 Patris
642 2337 790 2391 sunt;
811 2329 897 2398 qui
919 2329 1083 2393 audit,
1104 2342 1209 2381 non
1233 2326 1423 2381 Filium
1443 2326 1623 2392 modo,
1640 2324 1734 2381 sed
1751 2326 1909 2381 etiam
1929 2325 2032 2380 Pa-

457 2429 591 2474 trem
605 2431 765 2473 amat.
781 2420 1056 2486 Quomodo
1069 2434 1246 2474 sermo
1261 2429 1379 2473 tuus
1392 2427 1493 2480 est.
1510 2427 1563 2473 et
1574 2432 1681 2472 non
1700 2417 1846 2472 tuus?
1860 2417 1911 2471 Id
1929 2426 2027 2481 est,

457 2513 595 2568 Nihil
625 2526 775 2569 extra
801 2514 1007 2568 Patrem
1034 2515 1241 2583 loquor,
1272 2528 1445 2582 neque
1472 2512 1740 2581 proprium
1761 2509 2031 2581 quidpiam

457 2614 649 2674 prmter
695 2605 944 2673 placitum
980 2604 1118 2673 ejus.
1160 2604 1251 2659 25.
1298 2602 1422 2657 Ha‘c
1453 2603 1686 2672 loquutus
1723 2619 1834 2655 sum
1859 2600 2029 2667 vobis,

456 2698 595 2766 apud
635 2713 721 2750 vos
761 2713 987 2750 manens.
1036 2696 1168 2763 Quia
1212 2694 1327 2749 haec
1364 2694 1590 2749 obscura
1631 2700 1819 2759 erant,
1851 2702 1904 2748 et
1930 2693 2033 2746 alia

458 2803 564 2841 non
594 2786 980 2856 intelligebant,
1015 2786 1066 2839 in
1090 2785 1430 2855 pluribusque
1451 2783 1794 2849 dubitabant;
1827 2798 1893 2838 ne
1917 2799 2035 2837 rur-

458 2896 549 2934 sus
576 2881 932 2942 turbarentur,
961 2895 1094 2935 neve
1113 2880 1373 2940 dicerent.
1401 2880 1531 2945 Quae
1560 2879 1863 2949 praecepta?
1890 2877 2033 2932 omni

460 2971 727 3026 anxietate
753 2972 945 3039 eripuit
968 2971 1118 3037 illos,
1156 2971 1376 3025 dicens:
1407 2970 1495 3025 26.
1527 2969 1821 3023 Paracletus
1844 2980 2029 3033 autem,

459 3078 603 3132 quem
633 3063 789 3115 mittet
812 3061 969 3116 Pater
987 3063 1038 3115 in
1064 3062 1264 3116 nomine
1300 3079 1431 3129 meo,
1463 3062 1549 3116 ille
1576 3078 1660 3116 vos
1690 3061 1901 3115 docebit.
1931 3060 2039 3116 0b-

459 3169 613 3208 scura
644 3154 779 3208 forte
807 3170 945 3208 nunc
972 3154 1120 3208 vobis
1147 3155 1424 3220 dicuntur;
1453 3153 1545 3209 sed
1568 3154 1756 3209 doctor
1784 3153 1874 3209 ille
1892 3154 2036 3209 clare

462 3258 559 3299 vos
586 3243 816 3298 docebit.
849 3244 977 3299 Illud
1004 3254 1181 3299 autem
1201 3286 1215 3308 ,
1242 3244 1393 3314 Apud
1421 3261 1507 3300 vos
1534 3246 1769 3311 manebit,
1798 3244 2039 3299 subindi-

458 3344 544 3389 cat
565 3350 623 3390 se
643 3336 906 3390 abiturum
929 3351 1066 3391 esse.
1093 3337 1295 3391 Deinde
1311 3353 1376 3391 ne
1399 3338 1699 3401 tristentur,
1726 3337 1801 3391 ait
1822 3355 1834 3392 :
1860 3337 2037 3392 Donec

460 3427 597 3496 apud
632 3427 747 3481 illos
782 3428 893 3497 ipse
920 3428 1202 3495 manserit,
1239 3443 1339 3483 nec
1370 3428 1599 3498 Spiritus
1627 3430 1863 3495 venerit,
1905 3428 2036 3484 nihil

464 3534 712 3589 magnum
741 3520 824 3574 vel
853 3520 1077 3575 sublime
1108 3529 1356 3590 poterunt
1382 3521 1691 3590 intelligere.
1724 3521 1848 3575 Haec
1877 3536 2036 3591 porro

461 3609 592 3663 dicit
621 3609 739 3663 illos
764 3623 1069 3680 praeparans
1107 3621 1164 3665 ut
1196 3625 1464 3666 secessum
1494 3627 1645 3666 suum
1678 3627 1938 3683 generose
1963 3611 2041 3667 fe-

463 3709 605 3768 rant,
634 3712 815 3771 utpote
839 3703 927 3773 qui
951 3718 1138 3773 magna
1161 3703 1290 3774 ipsis
1311 3703 1447 3758 bona
1472 3703 1852 3759 conciliaturus
1871 3715 2033 3760 esset.

464 3794 795 3865 Frequenter
816 3811 943 3850 vero
968 3796 1295 3851 Paracletunt
1320 3806 1495 3861 vocat,
1520 3797 1590 3850 ob
1614 3811 1897 3862 aerumnas,
1922 3798 2039 3867 qui-

462 3886 563 3940 bus
590 3895 715 3942 tunc
743 3887 1135 3958 alﬁigebantur.
1166 3887 1296 3954 Quia
1338 3888 1497 3958 igitur
1528 3887 1609 3941 his
1636 3887 1829 3943 auditis
1859 3888 2038 3942 turba-

462 3975 678 4043 bantur,
708 3978 1001 4047 cogitantes
1028 3980 1319 4045 molestias,
1351 3980 1485 4034 bella
1509 3993 1562 4036 et
1585 3995 1854 4036 secessum
1884 3980 2036 4050 ejus,

465 4066 586 4123 vide
610 4068 877 4138 quomodo
906 4068 1029 4123 illos
1054 4071 1254 4125 soletur
1274 4071 1463 4125 iterum
1488 4072 1712 4128 dicens:
1738 4071 1826 4125 27.
1850 4072 2038 4127 Pacem

463 4158 691 4227 relinquo
718 4160 854 4213 vobis
876 4175 895 4213 :
921 4176 983 4215 ac
1003 4161 1047 4214 si
1074 4160 1295 4226 diceret,
1325 4162 1461 4229 Quid
1491 4163 1668 4218 datnni
1693 4164 1844 4219 vobis
1881 4165 1984 4218 erit
2007 4180 2037 4218 a

466 4250 952 4317 perturbationibus
982 4250 1191 4317 mundi,
1227 4253 1270 4306 si
1308 4269 1490 4323 ptlt'ellt
1533 4271 1736 4309 mecum
1766 4255 2039 4311 habeatis?

462 4340 647 4411 Neque
689 4342 829 4395 enim
876 4343 992 4397 talis
1032 4343 1145 4397 haec
1176 4358 1276 4412 pax
1321 4355 1422 4398 est.
1474 4345 1704 4400 Externa
1753 4363 1852 4416 pax
1895 4348 2036 4403 enim

464 4434 764 4502 perniciosa
788 4449 930 4503 saepe
959 4444 1043 4490 est
1068 4445 1122 4491 et
1144 4436 1371 4502 inutilis,
1404 4437 1638 4508 nihilque
1660 4441 1910 4509 prodest:
1939 4458 2038 4512 ego

465 4539 594 4579 vero
623 4526 778 4580 talem
801 4527 951 4581 vobis
980 4527 1050 4581 do
1079 4543 1294 4596 pacem,
1326 4538 1381 4581 ut
1404 4529 1547 4583 illam
1578 4540 1762 4585 mutuo
1788 4536 2034 4601 servetis,

462 4615 605 4684 quod
629 4632 725 4669 vos
755 4615 1004 4673 fortiores
1029 4618 1244 4674 efﬁciet.
1272 4619 1377 4674 Sed
1407 4621 1529 4689 quia
1561 4637 1768 4675 rursum
1792 4622 2031 4690 dixerat,

463 4708 733 4778 Relinquo,
763 4710 900 4779 quod
923 4711 1222 4766 recedentis
1247 4723 1381 4774 erat,
1406 4712 1627 4783 illosque
1648 4714 1861 4771 turbare
1884 4726 2036 4785 pote-

465 4810 569 4866 rat,
601 4800 720 4855 ideo
748 4817 953 4855 rursum
979 4803 1053 4856 ait
1078 4821 1092 4855 :
1126 4802 1246 4856 Non
1269 4803 1491 4857 turbetur
1517 4822 1604 4858 cor
1622 4816 1855 4869 vestrum,
1883 4823 2038 4877 neque

466 4891 721 4961 formidet.
752 4890 937 4946 Videu’
963 4907 1055 4946 eos
1078 4894 1266 4961 partim
1290 4909 1492 4952 amore.
1524 4896 1713 4963 partim
1746 4906 1889 4949 metu
1922 4907 2035 4949 tur-

467 4983 621 5037 batos
649 4983 801 5039 esse?
829 4985 916 5037 28.
949 4986 1173 5039 Audistis
1202 4987 1320 5053 quia
1348 5003 1437 5057 ego
1463 4988 1571 5040 dixi
1596 4989 1760 5053 vobis,
1806 4987 1945 5041 l’ado
1971 4990 2037 5042 ad

467 5074 705 5138 l’atrc‘n,
735 5084 781 5127 et
815 5075 955 5126 venio
988 5075 1053 5127 ad
1089 5092 1193 5130 vos.
1232 5075 1293 5130 Si
1322 5077 1594 5147 diligeretis
1618 5095 1728 5143 me,
1755 5080 2037 5149 gauderetis

464 5177 654 5235 utique,
676 5167 796 5233 quia
815 5167 942 5220 vado
967 5170 1033 5221 ad
1061 5168 1266 5223 Patrem
1287 5186 1305 5223 :
1329 5172 1448 5239 quia
1479 5170 1631 5224 Pater
1656 5176 1819 5241 major
1845 5188 1923 5225 me
1942 5181 2033 5226 est.

468 5258 532 5311 Et
551 5257 689 5328 quod
710 5258 956 5328 gaudium
984 5261 1082 5315 hoc
1106 5262 1233 5330 ipsis
1254 5262 1535 5316 allaturum
1556 5263 1703 5316 erat?
1728 5279 1885 5333 quam
1908 5279 2037 5317 con-

463 5349 776 5404 solationem
795 5350 818 5403 ‘l

536 5440 592 5494 4.
634 5440 897 5507 Quomodo
933 5442 1165 5496 Christus
1205 5443 1268 5496 de
1310 5461 1361 5497 se
1389 5444 1625 5512 loquens,
1667 5443 2034 5511 discipulorum

463 5531 792 5586 imbecillitati
832 5551 1111 5589 sermonem
1141 5546 1453 5605 atlemperet.
1486 5537 1597 5602 Qua
1636 5538 1829 5590 ratione
1875 5535 2033 5589 Pater

458 5623 527 5674 sit
545 5624 706 5692 major
722 5623 877 5679 Filio.
898 5657 968 5667 —
982 5627 1117 5693 Quid
1140 5629 1236 5682 sibi
1262 5630 1371 5681 vult
1389 5629 1487 5682 hoc
1503 5628 1739 5681 dictum?
1763 5627 2030 5682 Nihildum

466 5722 719 5770 noverant
742 5716 810 5772 de
836 5722 1223 5777 resurrectione
1246 5762 1261 5787 ,
1303 5736 1474 5791 neque
1513 5720 1580 5775 de
1622 5719 1832 5776 Christo
1870 5736 2022 5788 eam,

1188 274 1239 331 δ.
1276 273 1553 332 ῘΟᾹΝΜΞ
1581 271 2051 330 CHRYSOSTOMI
2089 271 2405 333 ARCHIEP.
2442 274 2971 334 CONSTANTINOP.

3605 285 3704 341 ωε

2137 402 2294 456 quam
2343 402 2439 457 par
2487 401 2622 456 erat,
2682 392 2986 460 Opinionem
3037 393 3305 451 habebant
3354 413 3369 450 :
3415 396 3704 466 (quomodo

2134 482 2276 533 enim
2306 479 2636 550 habuissent,
2667 485 2757 552 qui
2790 500 2857 540 ne
2886 485 3129 542 sciebant
3152 488 3365 558 quidem
3384 487 3555 558 ipsum
3584 504 3705 545 esse

2133 572 2617 643 resurrecturum?)
2640 573 2849 630 Patrem
2872 591 2999 631 vero
3018 593 3265 648 magnum
3282 594 3400 635 esse
3428 580 3700 648 putabant.

2135 662 2271 718 Dicit
2300 679 2427 735 ergo
2465 682 2479 718 :
2518 664 2573 720 Si
2600 667 2729 721 mihi
2762 669 2992 734 timetis,
3035 670 3186 740 quasi
3230 687 3337 725 non
3374 672 3580 727 valeam
3618 688 3705 727 me

2136 756 2292 819 tueri,
2322 773 2495 828 neque
2520 758 2787 815 conﬁditis
2810 777 2893 816 me
2919 773 3037 831 post
3063 778 3275 818 crucem
3308 778 3340 819 α
3370 763 3519 819 vobis
3550 778 3706 834 posse

2133 849 2304 904 videri
2326 867 2340 912 ;
2393 858 2568 905 tamen
2594 852 2871 907 audientes
2897 868 2984 908 me
3009 853 3076 909 ad
3106 855 3317 910 Patrem
3343 855 3421 910 ire
3438 896 3455 922 ,
3476 856 3707 925 gaudere

2135 942 2347 997 tandem
2395 945 2663 1012 oportuit,
2690 946 2813 1015 quia
2841 946 2909 1000 ad
2937 947 3191 1018 majorem
3224 948 3359 1003 vado
3377 990 3393 1015 ,
3423 949 3708 1017 omniaque

2136 1032 2273 1087 mala
2312 1032 2444 1087 solvi
2469 1045 2709 1103 possunt.
2754 1034 2853 1090 Vos
2880 1037 3093 1091 audistis
3113 1079 3127 1102 ,
3155 1038 3273 1108 quia
3297 1055 3386 1110 ego
3412 1039 3519 1093 dixi
3546 1040 3683 1093 vobis

2122 1122 2241 1177 .Cur
2272 1122 2375 1178 hoc
2401 1124 2642 1194 adjecit?
2667 1125 2741 1180 Ita
2769 1129 2935 1198 gestis
2954 1129 3113 1185 rebus
3136 1131 3344 1185 conﬁdo
3364 1172 3379 1196 ,
3412 1132 3581 1202 inquit
3603 1172 3619 1197 ,
3652 1140 3710 1185 ut

2136 1215 2424 1284 praedicere
2463 1232 2567 1271 non
2607 1234 2816 1273 verear.
2861 1220 2954 1275 29.
2982 1222 3095 1277 Hoc
3120 1238 3279 1294 ergo,
3310 1231 3364 1278 et
3388 1239 3505 1295 qua:
3534 1225 3707 1278 futura

2134 1314 2279 1372 sunt,
2303 1304 2424 1360 Dixi
2454 1310 2589 1362 vobis
2613 1310 2906 1382 priusquam
2933 1312 3077 1381 ﬁant,
3112 1324 3165 1366 ut
3184 1330 3300 1368 cum
3333 1318 3470 1385 facta
3497 1316 3705 1385 fuerint,

2134 1400 2350 1455 credatis
2368 1442 2385 1469 ,
2412 1402 2532 1472 quia
2560 1418 2659 1474 ego
2684 1420 2801 1460 sum
2834 1423 2849 1460 :
2879 1421 2942 1461 ac
2970 1407 3015 1461 si
3040 1407 3244 1465 diceret
3271 1427 3287 1466 :
3311 1409 3448 1465 Num
3476 1411 3702 1476 sciretis,

2135 1492 2237 1546 nisi
2271 1508 2370 1562 ego
2407 1494 2681 1551 dicerem?
2720 1512 2893 1568 neque
2934 1499 3165 1557 dicerem
3188 1543 3203 1566 ,
3234 1501 3334 1557 nisi
3361 1502 3707 1559 conﬁderem.

2135 1582 2323 1638 Viden’
2356 1600 2658 1641 sermonem
2701 1590 3000 1645 auditorum
3044 1592 3222 1662 captui
3259 1595 3711 1663 attemperatum?

2132 1671 2263 1727 Nam
2292 1689 2413 1730 cum
2441 1676 2605 1741 dicit,
2641 1676 2861 1746 Putatis,
2892 1683 3009 1749 quia
3034 1697 3134 1735 non
3162 1698 3367 1753 possum
3391 1693 3571 1756 rogare
3597 1683 3710 1738 Pa-

2135 1776 2281 1832 trem,
2309 1777 2355 1822 et
2403 1771 2645 1825 exhibebit
2690 1773 2815 1826 mihi
2855 1774 3115 1829 duodecim
3154 1775 3374 1847 legiones
3416 1779 3711 1849 angelorum

2138 1856 2361 1928 (Matth.
2402 1860 2493 1916 26.
2537 1863 2667 1934 53)?
2712 1864 3004 1920 secundum
3058 1867 3358 1923 auditorum
3404 1869 3709 1939 opinionem

2136 1948 2382 2019 loquutus
2415 1962 2516 2007 est.
2548 1952 2717 2009 Nemo
2741 1955 2885 2009 enim
2904 1996 2920 2022 ,
2951 1957 3052 2012 etsi
3074 1957 3303 2014 insaniat
3326 2001 3342 2026 ,
3370 1959 3565 2016 dixerit
3586 1976 3708 2015 eum

2136 2059 2239 2098 non
2282 2046 2514 2114 potuisse
2551 2048 2652 2103 sibi
2692 2064 2847 2115 opem
2887 2049 3056 2115 ferre,
3102 2051 3195 2105 sed
3222 2052 3426 2123 angelis
3450 2067 3585 2123 opus
3610 2053 3709 2107 ha-

2136 2134 2314 2190 buisse
2350 2152 2575 2193 :verum
2614 2141 2735 2209 quia
2771 2140 2920 2195 illum
2960 2156 3081 2196 esse
3120 2141 3389 2197 hominem
3416 2143 3707 2214 putabant,

2137 2226 2256 2281 ideo
2297 2227 2458 2294 dixit,
2499 2227 2781 2284 Duodecim
2809 2232 3029 2303 legiones
3052 2234 3367 2304 angelorum.
3395 2235 3553 2305 Atqui
3587 2250 3710 2291 cum

2137 2318 2512 2392 interrogasset
2537 2332 2760 2388 tantum,
2785 2325 3006 2394 supinos
3028 2327 3330 2395 prostravit.
3359 2327 3416 2384 Si
3441 2328 3559 2397 quis
3584 2343 3713 2383 vero

2135 2410 2328 2466 dixerit
2350 2412 2608 2482 majorem
2628 2429 2750 2470 esse
2775 2415 3009 2483 Patrem,
3034 2426 3092 2471 ut
3110 2417 3230 2472 Filii
3254 2419 3568 2488 principium
3593 2417 3709 2490 (a);

2136 2519 2242 2556 non
2274 2502 2397 2559 huic
2424 2505 2869 2561 contradicemus.
2899 2510 2969 2561 At
2997 2507 3099 2564 hoc
3128 2525 3230 2562 non
3262 2508 3387 2563 facit
3417 2509 3608 2564 Filium
3634 2510 3714 2563 al-

2139 2593 2301 2647 terius
2319 2608 2437 2649 esse
2460 2594 2788 2651 substantiae.
2811 2597 2926 2652 Hoc
2951 2609 3126 2653 autem
3151 2600 3266 2653 vult
3289 2600 3504 2655 dicere:
3535 2602 3713 2656 Donec

2138 2683 2224 2739 hic
2249 2684 2422 2749 fuero,
2451 2701 2546 2756 par
2573 2695 2656 2742 est
2679 2703 2775 2744 vos
2803 2698 2988 2758 putare
3006 2690 3147 2760 quod
3174 2706 3272 2746 nos
3300 2692 3661 2761 periclitemur
3692 2710 3708 2746 :

2137 2777 2181 2830 si
2204 2791 2364 2845 porro
2386 2778 2510 2834 illuc
2531 2779 2740 2845 abeam,
2768 2780 3019 2837 conﬁdite
3045 2783 3214 2861 nosiu
3247 2792 3360 2837 tuto
3380 2799 3534 2851 esse;
3561 2784 3708 2839 illum

2137 2868 2279 2922 enim
2329 2885 2486 2925 nemo
2528 2871 2743 2927 vincere
2790 2882 2985 2942 potest.
3037 2873 3162 2929 Hzec
3218 2890 3379 2945 porro
3421 2876 3597 2931 omnia
3644 2877 3711 2932 ad

2137 2961 2517 3031 discipulorum
2548 2963 2908 3019 inﬁrmitatem
2940 2981 2999 3022 se
3025 2967 3312 3023 demittens
3334 2968 3562 3023 dicebat.
3598 2968 3712 3038 Ipse

2138 3066 2368 3121 namque
2411 3053 2655 3121 conﬁdo,
2704 3071 2803 3110 nec
2833 3066 3059 3111 mortem
3086 3073 3237 3113 curo.
3278 3058 3402 3113 ldeo
3434 3060 3507 3113 ait
3540 3077 3555 3115 :
3590 3058 3714 3114 llrec

2138 3144 2247 3198 dixi
2291 3144 2426 3199 vobis
2475 3146 2766 3215 priusquam
2792 3149 2941 3215 ﬁant.
2972 3148 3104 3218 Quia
3150 3150 3292 3204 enim
3340 3165 3434 3206 vos
3480 3150 3713 3207 nondum

2139 3236 2361 3304 potestis
2388 3236 2488 3291 hac
2516 3236 2584 3292 de
2612 3253 2670 3293 re
2694 3252 2994 3295 sermonem
3022 3255 3215 3312 capere
3234 3283 3250 3307 ,
3284 3256 3312 3295 a
3344 3242 3520 3308 Patre,
3552 3255 3711 3312 quem

2139 3343 2388 3397 magnum
2418 3328 2714 3397 appellatis,
2756 3333 3171 3388 consolationem
3200 3333 3423 3388 adduco.
3450 3333 3713 3387 Consola-

2142 3429 2226 3475 tus
2254 3434 2382 3490 ergo
2406 3419 2559 3487 illos,
2602 3421 2770 3475 tristia
2812 3438 3020 3478 rursum
3062 3422 3218 3478 aﬁ‘ert
3262 3441 3275 3479 :
3320 3424 3407 3479 50.
3449 3422 3572 3477 Jam
3614 3440 3715 3477 non

2139 3512 2275 3566 ultra
2324 3514 2501 3580 loquar
2548 3514 2819 3568 vobiscum.
2856 3514 3066 3583 Quare?
3115 3514 3259 3570 Venit
3301 3517 3432 3570 enim
3484 3517 3716 3587 princeps

2140 3603 2293 3673 hujus
2314 3605 2510 3671 mundi,
2538 3615 2582 3659 et
2607 3607 2660 3659 in
2686 3624 2765 3660 me
2792 3625 2891 3661 non
2917 3608 3063 3661 habet
3085 3609 3382 3680 quidquam.
3415 3609 3714 3678 Principetu

2141 3696 2322 3749 mundi
2369 3697 2635 3751 diabolum
2685 3698 2833 3766 dicit,
2878 3708 2931 3754 et
2971 3700 3241 3769 improbos
3288 3700 3552 3757 homines.
3599 3700 3714 3757 Non

2140 3788 2282 3841 enim
2313 3788 2444 3842 caelo
2469 3800 2523 3845 et
2544 3802 2700 3844 terra:
2732 3791 2987 3860 imperat;
3018 3807 3138 3846 nam
3167 3792 3344 3847 omnia
3370 3794 3649 3848 evertisset
3663 3802 3721 3849 et

2142 3881 2549 3949 prostravisset;
2576 3883 2671 3937 sed
2699 3882 2805 3937 illis
2834 3883 3154 3950 dominatur,
3187 3885 3275 3955 qui
3306 3900 3365 3939 se
3394 3885 3469 3939 illi
3494 3884 3717 3940 dedide-

2142 3978 2283 4024 runt.
2316 3970 2439 4026 ideo
2481 3982 2635 4028 vocat
2672 3974 2820 4028 illum
2863 3976 3155 4044 principem
3188 3976 3529 4032 tenebrarum
3561 3977 3719 4046 hujus

2140 4062 2322 4116 saeculi
2366 4079 2380 4116 :
2427 4063 2674 4118 tenebras
2703 4073 2879 4118 autem
2909 4063 2993 4119 hic
3017 4064 3141 4120 dicit
3183 4066 3321 4121 mala
3351 4082 3535 4135 opera.
3581 4067 3718 4133 Quid

2142 4150 2308 4222 ergo?
2336 4151 2651 4209 diabolusne
2680 4162 2730 4209 te
2757 4155 2963 4225 perdit?
3002 4156 3220 4212 Minime
3246 4168 3281 4212 ':
3320 4158 3454 4212 nihil
3492 4158 3635 4213 enim
3665 4160 3718 4214 in

2141 4260 2227 4299 me
2250 4243 2424 4299 habet.
2452 4243 2559 4299 Cur
2582 4260 2709 4316 ergo
2737 4256 2787 4302 te
2813 4246 2887 4300 illi
2916 4247 3279 4303 interﬁciunt?
3304 4248 3436 4318 Quia
3462 4250 3534 4304 ita
3562 4250 3719 4315 volo,

2141 4345 2195 4391 et
2240 4344 2296 4390 ut
2341 4346 2627 4407 cognoscat
2655 4337 2901 4402 mundus,
2929 4339 3070 4407 quod
3094 4338 3304 4393 Patrem
3331 4339 3572 4410 diligam.
3602 4340 3717 4394 Non

2141 4428 2280 4480 enim
2308 4429 2446 4497 quod
2470 4429 2571 4483 sim
2597 4430 2753 4483 morti
2777 4430 3060 4496 obnoxius,
3087 4445 3260 4501 neque
3288 4432 3428 4501 quod
3460 4433 3536 4486 illi
3562 4433 3721 4504 quid-

2140 4521 2280 4591 piam
2310 4520 2531 4576 debeam
2552 4562 2569 4587 ,
2596 4522 2688 4577 sed
2715 4522 2784 4576 ob
2812 4538 3049 4578 amorem
3079 4538 3205 4592 erga
3230 4524 3441 4579 Patrem
3472 4524 3587 4580 haec
3614 4541 3721 4579 su-

2140 4612 2260 4665 beo.
2298 4612 2408 4666 Hoc
2434 4622 2607 4666 autem
2635 4613 2726 4677 ait,
2761 4622 2818 4667 ut
2844 4614 3034 4668 iterum
3063 4613 3277 4668 illorum
3305 4615 3542 4669 animum
3568 4615 3719 4670 exci-

2142 4712 2215 4757 tct
2234 4745 2249 4767 ,
2281 4715 2335 4757 ut
2359 4705 2587 4770 discant,
2620 4705 2789 4773 ipsum
2818 4720 2922 4759 non
2952 4704 3197 4773 invitum,
3222 4708 3315 4762 sed
3344 4707 3638 4773 lubentem,
3664 4715 3720 4761 et

2140 4795 2407 4850 diabolum
2429 4796 2812 4866 despicientem
2835 4797 2901 4851 ad
2925 4799 3027 4853 hoc
3050 4799 3253 4854 venire.
3284 4799 3400 4854 Non
3426 4800 3569 4855 enim
3591 4802 3721 4856 satis

2140 4897 2262 4940 erat
2295 4887 2514 4949 dixisse,
2559 4888 2738 4941 Adhuc
2776 4890 3027 4943 modicum
3074 4900 3271 4959 tempus
3314 4891 3569 4945 vobiscum
3608 4909 3718 4946 sum

2145 4977 2321 5044 (Joan.
2356 4980 2407 5033 7.
2439 4978 2568 5053 33);
2597 4981 2689 5035 sed
2719 4982 2865 5047 illud,
2901 4983 3050 5037 triste
3072 4984 3229 5051 licet,
3262 4984 3568 5054 frequenter
3596 5001 3721 5039 ver-

2141 5080 2243 5136 sat,
2285 5079 2340 5125 et
2372 5070 2495 5140 jure
2537 5071 2789 5140 quidem;
2829 5072 3002 5129 donec
3042 5082 3219 5129 autem
3268 5089 3575 5130 sermonem
3620 5075 3721 5128 illis

2139 5171 2412 5229 acceptum
2456 5162 2662 5229 reddat,
2712 5164 2911 5217 lretiora
2955 5165 3238 5220 admiscet.
3281 5166 3404 5220 Ideo
3432 5167 3719 5237 aliquando

2139 5249 2267 5305 dicit
2298 5270 2311 5305 :
2356 5251 2493 5305 Vada
2523 5264 2568 5306 et
2598 5255 2777 5318 venio;
2802 5264 2852 5308 et
2870 5296 2884 5317 ,
2913 5254 2977 5309 Ut
3005 5256 3087 5307 ubi
3113 5272 3205 5326 ego
3228 5273 3362 5321 sum,
3388 5268 3435 5311 et
3464 5273 3551 5311 vos
3574 5259 3722 5320 sitis;

2139 5352 2211 5406 et,
2235 5341 2348 5395 Non
2366 5344 2586 5412 potestis
2606 5359 2690 5397 me
2708 5358 2848 5398 nunc
2866 5346 3037 5414 sequi,
3056 5347 3351 5417 sequemini
3372 5356 3553 5402 autem
3578 5357 3721 5418 post-

2200 5540 2272 5602 (a)
2289 5540 2364 5606 Ea
2384 5541 2540 5591 solum
2563 5543 2750 5606 ratione
2783 5549 2947 5606 potest
2982 5550 3115 5593 Patet
3168 5545 3320 5606 major
3347 5544 3473 5602 diei;
3505 5546 3603 5594 imo
3626 5558 3719 5593 nou

2136 5605 2535 5667 propriemajor,
2562 5605 2651 5651 sed
2675 5605 2835 5667 prior:
2864 5611 2916 5653 ut
2946 5606 3107 5665 quivis
3143 5605 3284 5667 pater
3320 5620 3415 5655 non
3442 5616 3515 5655 est
3554 5617 3723 5654 natura

2137 5667 2288 5779 mari:
2328 5664 2423 5715 ﬁlio
2435 5664 2534 5715 ’suo
2553 5698 2568 5725 ,
2614 5664 2703 5715 sed
2746 5669 2876 5728 prior
2908 5664 3111 5716 tantum.
3147 5664 3228 5717 La
3252 5676 3329 5719 est
3353 5681 3494 5717 meus
3515 5668 3721 5731 Chrys:-

2141 5738 2239 5775 tmo
2279 5742 2306 5773 ’.
