4100 6362
234 285 343 345 407

246 414 465 483 μέλλεις
511 414 646 486 ήμῖν
678 415 998 486 ἐφίστασθαι
1019 434 1034 448 ·
1065 418 1179 473 ἀλλ’
1204 420 1305 474 οὑκ
1336 417 1490 476 εἶπεν
1527 422 1719 486 οὕτως,
1753 420 1907 487 ἀλλά,

246 500 314 555 Τί
337 501 514 556 ἔστιν
546 502 637 555 ὅτι
663 502 809 573 ἡμῖν
846 504 1088 573 μέλλεις
1116 507 1454 577 ἐμφανίζειν
1494 510 1773 572 σεαυτὸν,
1809 506 1909 560 καί

241 588 485 656 οὐχίτῷ
516 591 758 660 κόσμῳ;
786 593 947 662 Λέγει
979 591 1093 659 οὖν,
1122 596 1203 649 ὅτι
1237 596 1412 667 ’Υμᾶς
1443 598 1795 668 ἀποδέχομαι,
1826 597 1907 651 ὃτι

244 678 409 749 ὑμεῖς
439 679 538 751 τὴν
560 680 781 752 ἐντολήν
808 700 909 753 μου
932 689 1165 755 τηρεῖτε.
1196 688 1312 739 Ἰνα
1342 688 1449 758 γὰρ
1478 689 1550 759 μὴ
1583 688 1721 758 μετά
1743 686 1915 742 ταῦτα

242 766 482 836 ὁρῶντες
530 768 693 822 αὑτὸν
729 770 1021 842 φάντασμα
1070 773 1366 843 νομίσωσι,
1410 774 1495 827 6:6:
1539 774 1695 827 10610
1744 775 1915 828 ταῦτα

246 854 524 925 προλέγει.
569 857 681 910 Καὶ
716 858 801 912 ἵνα
844 859 918 930 μὴ
945 859 1138 924 οὑτως,
1180 860 1257 925 ὡς
1284 857 1457 927 εἷπον,
1491 861 1783 933 νομίσωσιν
1813 864 1916 916 αὑ-

244 946 361 1005 τοῖς
386 944 689 1013 φαίνεσθαι,
712 947 860 1018 λέγει
891 951 984 1003 καὶ
1008 950 1107 1022 τὴν
1136 952 1316 1006 αἰτίαν
1339 969 1354 985 ·
1377 953 1463 1007 διά
1489 953 1549 1007 τὸ
1576 953 1673 1017 τὰς
1697 953 1915 1018 ἐντολάς

249 1045 353 1099 μου
385 1036 594 1103 τηρεῖν,
628 1034 775 1103 λέγει
817 1037 897 1090 61:
935 1037 1031 1089 καὶ
1062 1037 1122 1091 10
1154 1038 1378 1110 Πνεῦμα
1404 1039 1547 1092 οὑτω
1579 1039 1760 1109 μέλλει
1789 1039 1915 1105 φαί-

245 1117 453 1172 νεσθαι.
482 1121 539 1172 Εἰ
570 1121 628 1174 δὲ
655 1123 908 1178 τοσοῦτον
940 1126 1089 1196 αὑτῷ
1118 1127 1501 1197 συγγενόμενοι
1527 1126 1735 1197 χρόνον,
1764 1126 1917 1179 οὑπω

246 1206 502 1275 φέρουσιν
524 1209 739 1280 ἐκείνην
764 1211 861 1283 τὴν
884 1214 1092 1277 οὐσίαν,
1120 1214 1317 1284 μᾶλλον
1342 1215 1399 1268 δὲ
1426 1215 1545 1268 οὑδέ
1573 1213 1785 1268 νοοῦσιν
1814 1215 1915 1268 αὑ·-

244 1294 379 1363 τήνο
427 1294 481 1347 τί
529 1296 595 1350 ἂν
628 1296 850 1361 ἔπαθον,
881 1301 929 1353 εἰ
961 1302 1109 1372 παρὰ
1156 1303 1255 1371 τὴν
1300 1301 1474 1372 ἀρχὴν
1514 1301 1688 1365 οὕτως
1732 1302 1917 1365 αὑτοῖς

244 1380 455 1452 ἐφάνη;
497 1385 595 1437 Διά
626 1385 784 1438 τοῦτο
824 1388 918 1441 καὶ
960 1388 1247 1451 συνεσθίει,
1282 1390 1369 1442 ἴνα
1402 1389 1475 1457 μὴ
1521 1390 1816 1458 φάντασμα
1853 1389 1916 1441 10

246 1472 481 1541 πρᾶγμα
514 1473 763 1546 νομισθῇ.
794 1476 858 1529 Εἰ
885 1476 994 1546 γὰρ
1030 1478 1123 1529 ἐπὶ
1157 1478 1263 1530 τῶν
1289 1477 1495 1531 ὑδάτων
1531 1478 1727 1539 ἰδόντες
1760 1475 1917 1529 τοῦτο

244 1556 525 1628 ἐνόμισαν,
555 1562 733 1614 καίτοι
778 1563 878 1633 τῆς
921 1564 1093 1631 αὐτῆς
1120 1564 1296 1633 ὅψεως
1328 1564 1681 1635 φαινομένης,
1729 1564 1822 1617 καὶ
1853 1563 1914 1617 οὑ

247 1645 356 1714 πρὸ
400 1646 595 1700 πολλοῦ
623 1648 957 1713 διαστάντος,
982 1651 1036 1704 τί
1070 1650 1136 1704 ἂν
1178 1651 1561 1715 ὑπώπτευσαν,
1596 1651 1648 1703 εἰ
1679 1668 1743 1720 γε
1777 1646 1917 1703 εἶδον

245 1733 409 1786 αὑτὸν
458 1734 661 1798 εὐθέως
716 1738 1057 1802 ἀναστάντα,
1114 1740 1173 1792 ὃν
1221 1737 1360 1792 εἶδον
1411 1738 1773 1809 κατεχόμενον
1824 1739 1917 1791 καὶ

245 1820 779 1893 ἐσπαργανωμένονς
812 1825 913 1879 Διά
949 1826 1107 1879 τοῦτο
1150 1826 1390 1897 συνεχῶς
1422 1828 1602 1890 αὐτοῖς
1634 1825 1800 1895 λέγει,
1835 1827 1916 1879 61:

248 1911 521 1977 φανεῖται,
539 1911 633 1964 καὶ
658 1912 800 1967 διατί
830 1916 1097 1983 φανεῖται,
1124 1916 1219 1968 καὶ
1245 1915 1381 1979 πῶς,
1407 1916 1494 1967 ἵνα
1524 1915 1597 1984 μὴ
1626 1914 1917 1983 φάντασμα

247 1998 565 2066 νομίσωσιν.
605 2001 667 2054 '0
707 2000 794 2071 μὴ
824 2001 1072 2072 ἀγαπῶν
1108 2020 1204 2073 με,
1242 2003 1385 2070 τοὺς
1427 2003 1650 2072 λόγους
1682 2020 1803 2071 μου
1844 2004 1917 2056 οὺ

245 2085 431 2153 τηρεῖ.
476 2088 588 2141 Καί
621 2091 654 2141 ό
688 2090 890 2158 λόγος,
933 2090 1006 2143 ὃν
1036 2091 1357 2158 ἠκούσατε,
1399 2092 1511 2144 οὐκ
1547 2091 1718 2145 ἐστιν
1755 2089 1918 2159 ἐμὸς,

245 2172 408 2228 ἀλλὰ
448 2175 557 2229 τοῦ
596 2175 947 2246 πέμψαντός
971 2195 1067 2245 με.
1094 2180 1255 2231 Ὥστε
1298 2180 1400 2232 οὑκ
1440 2178 1538 2248 ἐμὲ
1576 2179 1755 2249 μόνον,
1803 2178 1919 2232 ἀλλ’

244 2261 369 2315 οὐδὲ
395 2264 489 2316 τὸν
522 2264 741 2335 Πατέρα
765 2266 952 2337 ἀγαπᾷ
972 2269 1000 2319 ὁ
1028 2267 1102 2337 μὴ
1132 2266 1335 2320 τούτων
1359 2267 1571 2320 ἀκούων
1590 2266 1697 2319 τῶν
1722 2266 1917 2334 λόγων.

246 2349 313 2402 Εἰ
339 2350 448 2420 γὰρ
472 2351 632 2405 τοῦτο
657 2356 958 2423 τεκμήριον
998 2356 1242 2426 ἀγάπης,
1272 2356 1334 2408 τὸ
1373 2354 1596 2408 ἀκούειν
1633 2354 1741 2407 τῶν
1772 2356 1920 2407 ἐντο-

244 2436 377 2500 λῶν,
397 2434 556 2493 αὑται
584 2440 642 2494 δέ
669 2441 763 2494 τοῦ
800 2442 1009 2513 Πατρός
1038 2445 1198 2506 εἰσιν,
1226 2444 1254 2495 6
1282 2442 1514 2503 ἁκούων,
1541 2443 1661 2512 οὑχί
1678 2442 1770 2494 τὸν
1792 2442 1919 2494 Υἰὸν

250 2526 434 2593 μόνον,
464 2526 602 2581 ἀλλά
640 2528 734 2581 καὶ
760 2529 848 2582 τὸν
876 2531 1095 2600 Πατέρα
1128 2532 1402 2601 ἠγάπησε.
1436 2530 1558 2595 Πῶς
1594 2530 1650 2583 δὲ
1684 2529 1796 2594 σὸς,
1828 2530 1919 2583 καὶ

244 2613 310 2665 06
337 2616 459 2678 σόςς
483 2615 795 2680 Τουτέστιν,
816 2618 896 2670 ὅτι
922 2619 1087 2671 Οὐδὲν
1114 2618 1218 2683 ἔξω
1238 2618 1330 2671 τοῦ
1351 2618 1558 2689 Πατρδς
1589 2617 1919 2687 φθέγγομαι,

246 2699 369 2754 οὑδέ
402 2701 531 2754 ίδιόν
562 2719 616 2754 τι
644 2702 771 2757 ἀλλο
805 2705 955 2777 παρά
979 2707 1039 2758 10
1077 2706 1267 2758 δοκοῦν
1298 2704 1446 2775 αὑτῷ
1470 2721 1513 2758 ι.
1560 2704 1749 2759 Ταῦτα
1783 2703 1922 2758 ἐλά-

246 2792 416 2856 λησα
454 2791 613 2859 ὑμῖν,
640 2795 775 2861 παρ’
822 2794 966 2863 ὑμῖν
1005 2794 1224 2863 μένων.
1266 2792 1482 2865 Ἐπειδὴ
1528 2792 1702 2847 ταῦτα
1734 2793 1920 2863 ἀσαφῆ

245 2870 339 2947 ἦν,
372 2879 465 2931 καὶ
492 2879 559 2932 τά
591 2880 691 2949 μὲν
716 2881 835 2934 οὑδὲ
866 2882 1138 2944 συνίεσαν,
1172 2883 1243 2936 τὰ
1273 2883 1329 2935 δὲ
1357 2883 1576 2936 πλείονα
1614 2882 1705 2935 καί
1738 2880 1919 2951 ἀμφέ-

248 2964 465 3027 ϐαλλον,
499 2966 587 3019 ἵνα
626 2969 700 3036 μὴ
735 2966 1071 3038 θορυϐὦνται
1109 2970 1292 3033 πάλιν,
1330 2969 1463 3039 μηδέ
1504 2969 1724 3037 λέγωσι,
1757 2969 1922 3031 Ποίας

248 3053 472 3116 ἐντολάς
492 3071 506 3119 ;
530 3054 838 3125 ἀπήλλαξεν
861 3057 1059 3121 αὑτοὺς
1084 3058 1182 3125 τῆς
1202 3056 1436 3124 ἀγωνίας
1462 3057 1695 3127 ἀπάσης,
1721 3054 1917 3109 εἰπών·

260 3141 317 3192 '0
343 3140 412 3195 δὲ
457 3144 872 3211 Παράκλητος,
908 3144 980 3197 ὃν
1018 3144 1239 3213 πέμψει
1272 3148 1304 3198 d
1332 3144 1535 3212 Πατὴρ
1570 3145 1639 3198 ἐν
1676 3142 1756 3209 τῷ
1786 3145 1917 3197 ὀνό-

244 3230 392 3297 ματί
434 3249 587 3298 μου,
632 3231 863 3298 ἐκεῖνος
905 3230 1060 3301 ὑμᾶς
1114 3232 1362 3297 διδάξει.
1412 3233 1565 3303 Τάχα
1617 3233 1800 3303 ἀσαφῆ
1854 3232 1923 3286 τά

249 3319 519 3389 εἰρημένα
549 3320 643 3374 νῦν
666 3322 793 3393 ὑμῖν
814 3340 826 3354 ’
855 3321 970 3376 ἀλλ’
994 3322 1109 3374 ἐστί
1128 3326 1146 3343 ⁸
1164 3321 1368 3375 τούτων
1395 3322 1571 3392 σαφὴς
1595 3321 1913 3384 διδάσκαλος

249 3407 480 3471 ἐκεῖνος.
518 3409 591 3462 Τὸ
624 3409 703 3470 δέ,
751 3411 894 3479 Παρ’
925 3410 1067 3478 ὑμῖν
1113 3409 1310 3479 μένει,
1348 3409 1716 3479 αἰνιττομένου
1751 3409 1920 3471 ἐστὶν,

250 3496 335 3548 61:
366 3497 527 3560 αὐτὸς
557 3498 797 3552 ἄπεισιν.
840 3493 974 3551 Εἶτα
1008 3499 1095 3550 ἵνα
1136 3498 1211 3569 μὴ
1254 3497 1563 3561 λυπῶνται,
1611 3499 1807 3567 φησίν,
1841 3498 1922 3551 ὅτι

251 3583 361 3647 ἐως
389 3584 455 3638 ἂν
489 3585 618 3657 παρ’
656 3587 839 3649 αὐτοῖς
872 3586 1030 3657 μένῃ,
1066 3588 1158 3638 καὶ
1191 3587 1253 3639 10
1301 3584 1527 3652 Πνεῦμα
1559 3585 1634 3657 μὴ
1675 3586 1921 3657 ἔρχηται,

253 3672 407 3725 οὐδὲν
442 3674 583 3744 μέγα
627 3674 746 3726 ούδέ
776 3672 977 3742 ὑψηλὸν
1008 3675 1325 3744 δυνήσονται
1365 3673 1615 3727 συνιδεῖν.
1648 3674 1831 3727 Ταῦτα
1867 3673 1922 3726 δὲ

253 3761 407 3828 λέγει
463 3762 898 3835 παρασκευάζων
944 3763 1141 3825 αὑτοὺς
1185 3762 1446 3830 γενναίως
1492 3761 1735 3829 ἐνεγκεῖν
1772 3761 1921 3835 1445]

253 3849 421 3903 αὑτοῦ
468 3850 563 3920 τὴν
619 3850 996 3921 ἀναχώρησιν,
1040 3850 1115 3912 ὡς
1152 3849 1401 3919 μεγάλων
1439 3848 1619 3902 αἰτίαν
1660 3851 1923 3920 ἐσομένην

255 3943 440 4005 αὑτοῖς
478 3939 717 4008 ἀγαθῶν.
748 3938 992 4009 Συνεχῶς
1026 3937 1082 3991 δὲ
1112 3938 1467 4009 Παράκλητον
1503 3939 1678 4003 καλεῖ,
1710 3940 1797 3993 διὰ
1826 3940 1925 4004 τὰς

257 4028 588 4099 συνεχούσας
621 4027 818 4090 αὑτοὺς
856 4027 975 4079 τότε
1018 4025 1244 4095 θλίψεις.
1299 4024 1455 4079 Ἐπεὶ
1490 4022 1583 4080 οὑν
1619 4028 1712 4079 καὶ
1752 4027 1923 4080 ταῦτα

256 4117 546 4181 ἀκούοντες
583 4115 936 4186 ἐταράττοντο
983 4113 1284 4176 ἐννοοῦντες
1315 4112 1414 4177 τὰς
1448 4114 1771 4185 ἐπαχθείας,
1798 4117 1926 4178 τοὺς

256 4204 551 4275 πολέμους,
578 4203 676 4274 τὴν
709 4201 1054 4273 ἀναχώρησιν
1092 4201 1189 4273 τήν
1224 4200 1409 4267 αὑτοῦ,
1438 4202 1539 4272 ὅρα
1578 4202 1695 4262 πῶς
1725 4200 1924 4266 αὑτοὺς

256 4293 610 4347 καταστέλλει
638 4290 797 4346 πάλιν
826 4290 1028 4359 λέγων’
1069 4290 1335 4359 Εἰρήνην
1361 4290 1572 4359 ἀφίημι
1608 4290 1749 4359 ὑμῖν
1770 4307 1784 4320 ·
1824 4308 1924 4361 μο-

258 4381 469 4450 νονουχὶ
518 4379 726 4447 λέγων,
778 4378 843 4429 Τί
905 4376 1207 4448 βλάπτεσθε
1253 4376 1361 4431 ἀπὸ
1417 4377 1515 4447 τῆς
1566 4375 1659 4429 τοῦ
1716 4376 1921 4447 κόσμου

255 4469 523 4540 ταραχῆς,
557 4467 661 4528 ἐως
691 4466 757 4520 ἂν
793 4465 1107 4538 εἰρηνεύητε
1140 4464 1275 4536 πρὸς
1312 4464 1407 4536 μέ;
1456 4465 1530 4517 ()6
1561 4462 1669 4535 γάρ
1702 4464 1922 4533 τοιαύτη

258 4557 398 4628 αῦτη
426 4560 459 4628 ἡ
497 4557 707 4629 εἰρήνη.
747 4554 813 4608 Ἦ
845 4555 943 4626 μὲν
972 4557 1080 4627 γάρ
1108 4555 1323 4620 ἔξωθεν,
1355 4555 1446 4608 καί
1473 4554 1564 4608 ἐπὶ
1595 4554 1747 4625 κακῷ
1781 4555 1926 4622 γίνε-

257 4664 349 4700 ται
377 4644 636 4709 πολλάκις
667 4646 756 4697 καὶ
783 4644 1057 4713 ἀνόνητος,
1081 4644 1174 4696 καὶ
1200 4644 1325 4707 τοὺς
1358 4642 1579 4712 ἔχοντας
1604 4643 1754 4695 οὐδὲν
1783 4642 1927 4712 ὠφέ-

257 4731 457 4795 λησεν
505 4726 617 4794 ἐγὼ
662 4726 721 4779 δὲ
772 4726 965 4796 δίδωμι
1007 4725 1280 4795 τοιαύτην,
1333 4725 1473 4779 ὥστε
1513 4726 1629 4796 μετ’
1680 4725 1925 4797 ἀλλήλων

257 4815 583 4885 εἰρηνεύειν,
610 4814 747 4883 ὅπερ
778 4813 919 4882 ὑμᾶς
956 4812 1337 4883 ἰσχυροτέρους
1372 4816 1534 4865 ποιεῖ.
1569 4811 1708 4864 Ἀλλ’
1738 4812 1925 4883 ἐπειδὴ

258 4904 420 4956 πάλιν
436 4896 613 4964 εἶπεν,
637 4901 885 4969 Ὰφίημι,
916 4900 1053 4969 ὅπερ
1074 4896 1141 4970 ἦν
1169 4900 1596 4970 ἀναχωροῦντος,
1624 4900 1718 4953 καὶ
1744 4900 1925 4954 ἰκανὸν

256 4987 325 5061 ἦν
356 4991 552 5053 αὐτοὺς
589 4991 827 5070 συγχεῖν,
858 4986 947 5040 διὰ
984 4987 1142 5039 τοῦτο
1178 4988 1337 5040 πάλιν
1376 4988 1542 5058 φησί’
1580 4988 1676 5055 Μὴ
1706 5003 1927 5055 ταρασ-

255 5081 459 5134 σέσθω
490 5076 658 5147 ὑμῶν
684 5075 722 5143 ἡ
750 5075 984 5144 καρδία,
1013 5074 1173 5144 μηδὲ
1209 5074 1503 5129 δειλιάτω.
1540 5074 1704 5145 Ὀρᾷς
1734 5076 1817 5129 ὃτι
1856 5074 1925 5128 τά

260 5168 361 5238 μὲν
405 5166 510 5218 ὑπὸ
542 5163 920 5235 φιλοστοργίας
948 5162 996 5228 δ,
1032 5162 1100 5215 τὰ
1148 5162 1206 5216 δὲ
1250 5162 1354 5216 ὑπὸ
1401 5163 1598 5226 δειλίας
1643 5163 1921 5233 ἕπασχονς

270 5256 591 5309 Ἠκούσατε
619 5252 707 5306 ὅτι
733 5251 847 5321 ἐγὼ
866 5249 1039 5305 εἷπον
1064 5251 1227 5322 ὑμῖν,
1260 5251 1349 5305 ὅτι
1383 5250 1616 5321 Ὑπάγω
1646 5252 1794 5319 πρὸς
1818 5252 1927 5307 τὸν

259 5344 525 5414 Πατέρα,
570 5344 667 5396 καὶ
712 5343 958 5412 ἔρχομαι
992 5344 1142 5411 πρὸς
1180 5340 1355 5411 ὑμᾶς.
1411 5342 1480 5393 El
1518 5339 1785 5410 ἠγαπᾶτέ
1824 5359 1923 5409 με,

255 5432 512 5503 ἐχάρητε
540 5431 616 5486 ἂν
651 5431 740 5484 ὅτι
775 5432 1098 5500 πορεύομαι
1134 5429 1285 5497 πρὸς
1324 5428 1431 5482 τὸν
1474 5428 1723 5495 Πατέρα,
1764 5428 1855 5481 ὅτι
1891 5432 1924 5482 ό

254 5521 463 5591 Πατὴρ
496 5520 708 5591 μείζων
733 5521 852 5591 μού
878 5520 1068 5574 ἐστιν.
1094 5518 1204 5571 Καὶ
1234 5516 1394 5571 ποίαν
1424 5514 1581 5569 τοῦτο
1609 5516 1791 5580 αὑτοῖς
1825 5534 1923 5587 χα-

258 5611 362 5683 ράν
396 5611 581 5678 φέρειν
610 5608 862 5678 ἔμελλεν;
895 5606 1053 5660 ποίαν
1083 5604 1468 5676 παραμυθίαν;

328 5698 373 5751 δ’
381 5739 395 5752 .
429 5697 493 5750 Τί
513 5693 605 5751 οὖν
628 5699 743 5749 ἐστι
767 5696 829 5748 10
851 5695 1172 5766 εἰρημένον;
1201 5692 1424 5746 Οὐδέπω
1448 5691 1645 5762 ᾔδεσαν
1662 5692 1790 5762 περί
1817 5693 1916 5762 τῆς

257 5787 629 5851 ἀναστάσεως,
660 5786 782 5839 οὑδὲ
823 5785 941 5837 οἵαν
975 5782 1144 5855 ἐχρῆν
1186 5782 1315 5854 περί
1345 5782 1508 5835 αὑτοῦ
1546 5782 1703 5847 δόξαν
1746 5778 1921 5854 εἶχον·

324 5904 349 5933 ⁸
387 5899 481 5952 Alli
529 5901 701 5950 δοκοῦν
741 5901 926 5965 ἐκείνῳ.
990 5902 1006 5921 ⁹
1046 5902 1332 5965 Legendum
1380 5902 1575 5952 videtur
1621 5902 1725 5951 ἀλλ’
1772 5904 1922 5952 ἔσται.

260 5965 292 6005 υ
320 5965 523 6029 Quidam
543 5965 637 6012 ἀπὸ
659 5964 998 6027 φιλοστοργίας.

1335 292 1403 349 ΙΝ
1440 291 1756 349 JOANNEM
1788 290 2021 348 HOMIL.
2064 293 2278 355 LXXV.
2301 290 2391 353 ‘al.
2432 296 2667 355 LXXIV.

3581 296 3685 355 408

2015 424 2155 494 (πῶς
2175 427 2306 498 γὰρ,
2337 428 2384 481 οί
2417 426 2555 497 μηδέ
2574 427 2655 479 61:
2689 426 3047 497 ἀναστήσεται
3076 422 3343 493 εἰδότεςς)
3371 420 3463 475 10v
3493 423 3550 477 δέ
3573 423 3687 478 Πα-

2014 513 2148 583 τέρα
2194 515 2367 584 μέγαν
2396 512 2533 567 εἶναι
2574 512 2841 584 ἐνόμιζον.
2875 512 3036 580 Λέγει
3070 505 3184 573 οῦν,
3213 512 3295 564 ὅτι
3335 511 3398 563 Εἰ
3425 511 3520 564 καὶ
3556 510 3687 582 περὶ

2016 600 2149 671 ἐμοῦ
2185 601 2455 654 δεδοίκατε
2484 600 2559 664 ὼς
2582 601 2682 654 οὑκ
2719 599 3015 670 ἀρκοῦντος
3038 597 3273 669 ἐμαυτοῦ
3305 608 3327 635 ε
3362 597 3684 667 προστῆναι,

2013 688 2135 741 οὑδὲ
2163 688 2411 759 θαρρεῖτε
2441 689 2521 741 ὅτι
2556 687 2690 757 μετὰ
2716 687 2804 740 τὸν
2830 687 3064 756 σταυρὸν
3098 685 3258 739 πάλιν
3284 686 3427 755 ὑμᾶς
3447 684 3648 755 δψομαι
3668 701 3681 716 ·

2014 775 2151 828 ἀλλά
2189 775 2520 839 ἀκούσαντες
2552 776 2631 828 ὅτι
2666 775 2803 846 πρὸς
2840 775 2931 828 τὸν
2967 774 3185 840 Πατέρα
3215 774 3549 843 ἀπέρχομαι,
3579 771 3686 824 ἔδει

2014 864 2226 934 χαίρειν
2259 863 2465 927 λοιπὸν,
2510 865 2591 917 61:
2621 863 2757 932 πρὸς
2782 862 2873 916 10v
2910 862 3131 932 μείζονα
3161 862 3376 932 ἄπειμι,
3407 861 3501 915 καὶ
3532 860 3687 912 δυνα-

2013 952 2103 1004 τὸν
2138 952 2315 1005 πάντα
2357 950 2517 1004 λῦσαι
2553 950 2624 1003 τὰ
2655 950 2824 1004 δεινά.
2862 949 3050 1019 Ὑμεῖς
3082 951 3406 1018 ἠκούσατε,
3445 947 3534 1001 ὅτι
3570 947 3687 1016 ἐγὼ

2012 1036 2186 1093 εἷπον
2231 1040 2393 1110 ὑμῖν.
2437 1041 2590 1094 Διατί
2634 1040 2792 1092 τοῦτο
2839 1039 3109 1104 τέθεικεν;
3144 1039 3264 1092 '01:
3298 1038 3439 1091 οὑτω
3484 1038 3687 1110 σφόδρα

2016 1128 2221 1199 θαρρῶ,
2254 1128 2408 1200 φησὶ,
2440 1132 2549 1191 τοῖς
2577 1128 2902 1197 γινομένοις,
2933 1128 3007 1190 ὡς
3050 1128 3143 1179 καί
3175 1130 3482 1197 προειπεῖν
3514 1126 3687 1189 οὕτως

2013 1217 2074 1269 οὑ
2114 1216 2346 1269 δέδοικα.
2393 1216 2563 1269 Τοῦτο
2603 1217 2735 1283 γοῦν
2787 1217 2879 1268 καὶ
2930 1214 3068 1284 μετά
3110 1214 3282 1268 ταῦτα
3312 1216 3501 1268 Εἶπον
3548 1213 3688 1282 ὑμῖν

2014 1302 2156 1371 πρίν
2193 1303 2490 1373 γενέσθαι,
2528 1304 2625 1366 ἵν’,
2670 1303 2817 1355 ὅταν
2861 1301 3139 1370 γένηται,
3188 1302 3555 1367 πιστεύσητε
3605 1301 3687 1354 ὅτι

2014 1390 2123 1458 ἐγώ
2165 1393 2311 1461 εἰμι’
2354 1391 2555 1445 ὡσανεὶ
2587 1391 2760 1458 ἔλεγε,
2793 1390 2885 1460 Μὴ
2916 1390 3117 1460 ᾔδειτε,
3160 1390 3209 1442 εἰ
3251 1389 3325 1459 μὴ
3358 1387 3471 1457 ἐγὼ
3502 1385 3685 1453 εἷπον;

2012 1480 2113 1532 οὑκ
2136 1477 2201 1532 ἂν
2233 1479 2290 1532 δὲ
2319 1475 2492 1545 εἰπον,
2525 1480 2575 1532 εἰ
2611 1479 2685 1549 μὴ
2722 1478 3007 1548 ἐθάρρουν.
3043 1473 3196 1540 Εἶδες
3230 1474 3689 1543 συγκαταϐάσεως

2011 1567 2103 1620 τὸν
2148 1566 2304 1635 λόγον
2333 1568 2498 1632 δντα;
2528 1568 2636 1620 Καὶ
2678 1566 2786 1634 76:9
2825 1566 2953 1617 61av
2993 1564 3148 1635 λέγῃ,
3196 1562 3431 1616 Δοκεῖτε
3474 1561 3564 1614 ὅτι
3615 1564 3689 1616 οὐ

2012 1652 2271 1723 δύναμαι
2308 1653 2725 1722 παρακαλέσαι
2754 1652 2862 1705 τὸν
2895 1651 3143 1719 Πατέρα,
3181 1651 3278 1704 καί
3312 1648 3691 1718 παραστήσει

2008 1762 2106 1812 μοι
2127 1742 2354 1796 δώδεκα
2376 1741 2676 1811 λεγεῶνας
2693 1739 2998 1809 ἁγγέλων;
3022 1740 3158 1809 πρὸς
3176 1739 3277 1809 τὴν
3302 1738 3556 1791 ὑπόνοιαν
3580 1735 3690 1789 τῶν

2013 1830 2320 1884 ἀκουόντων
2351 1829 2664 1898 φθέγγεται.
2700 1828 2835 1881 Οὑδέ
2865 1827 2974 1898 γάρ
3006 1827 3070 1880 ἂν
3106 1827 3279 1879 ἐκεῖνο
3312 1824 3454 1877 εἴποι
3483 1841 3569 1886 τις
3598 1822 3686 1884 ἂν,

2014 1916 2118 1969 κᾶν
2156 1916 2357 1985 σφόδρα
2445 1914 2704 1986 μεμηνὼς
2733 1917 2814 1968 61:
2834 1915 2933 1967 οὑκ
2957 1913 3176 1967 ἐδύνατο
3197 1911 3372 1982 ἐαυτῷ
3398 1911 3687 1982 βοηθῆσαι,

2014 2004 2131 2057 ἀλλ’
2159 2003 2407 2071 ἀγγέλων
2437 2004 2608 2057 ἐδεῖτο
2625 2021 2638 2035 ·
2668 2003 2782 2056 ἀλλ’
2810 2002 2996 2073 ἐπειδὴ
3020 2002 3149 2072 περί
3175 2000 3339 2054 αὑτοῦ
3373 1999 3447 2062 ὡς
3477 1997 3574 2052 ἀνθ
3585 1997 3693 2068 ρώ-

2015 2110 2117 2145 που
2150 2092 2306 2159 δόξαν
2348 2089 2514 2162 εἶχον,
2562 2092 2650 2144 διὰ
2700 2089 2857 2144 τοῦτό
2898 2107 3066 2159 φησι,
3117 2088 3349 2142 Δώδεκα
3391 2085 3692 2156 λεγεῶνας

2015 2179 2304 2249 ἀγγέλων.
2338 2179 2527 2233 Καίτοι
2563 2196 2626 2248 γε
2660 2178 2847 2241 ἁπλῶς
2882 2178 3076 2240 αὑτοὺς
3101 2176 3373 2247 ἠρώτησε,
3413 2174 3507 2228 καί
3538 2173 3689 2244 ἔρρι-

2014 2268 2113 2337 ψεν
2160 2270 2241 2331 εἰς
2276 2267 2347 2320 16:
2382 2268 2578 2321 ὀπίσω.
2624 2266 2688 2320 Εἰ
2723 2266 2779 2320 δέ
2824 2266 2970 2334 λέγοι
3026 2282 3110 2327 τις
3163 2264 3382 2334 μείζονα
3430 2257 3567 2314 εἰναι
3598 2261 3693 2315 10v

2020 2355 2242 2428 Πατέρα
2275 2354 2398 2408 καθ’
2429 2354 2457 2407 6
2493 2354 2664 2418 αἴτιος
2696 2352 2791 2406 τοῦ
2820 2352 2975 2417 Υἰοῦ,
3005 2351 3126 2404 οὑδέ
3155 2349 3312 2402 τοῦτο
3335 2346 3690 2418 ἀντεροῦμεν.

2027 2444 2169 2496 Ἀλλ’
2205 2444 2266 2496 οὑ
2301 2444 2406 2515 μὴν
2434 2444 2594 2497 τοῦτο
2623 2442 2817 2513 ἐτέρας
2846 2437 2984 2494 εἶναι
3009 2441 3099 2493 τὸν
3134 2439 3265 2492 Υἱὸν
3297 2439 3483 2500 οὑσίας
3526 2436 3691 2488 ποιεῖ.

2021 2534 2087 2583 Ὃ
2115 2532 2171 2584 δὲ
2199 2530 2368 2599 λέγει,
2402 2530 2644 2584 τοιοῦτόν
2697 2531 2876 2582 ἐστιν·
2908 2529 3054 2591 Ἕως
3097 2528 3194 2598 μέν
3236 2526 3301 2580 ἂν
3352 2523 3584 2579 ἐνταῦθα
3623 2517 3691 2586 ὦ,

2014 2618 2160 2681 εἰκὸς
2188 2618 2427 2688 νομίζειν
2458 2618 2601 2689 ὑμᾶς
2630 2618 2711 2670 61:
2752 2616 3136 2686 κινδυνεύομεν
3156 2632 3171 2646 ο
3219 2614 3315 2667 ἐάν
3346 2613 3403 2666 δέ
3424 2613 3552 2666 ἐκεῖ
3586 2611 3695 2664 ἀπο

2017 2706 2177 2769 έλθω,
2226 2706 2481 2777 θαρρεῖτε
2536 2706 2618 2759 61:
2660 2706 2718 2757 ἐν
2772 2705 3047 2774 ἀσφαλείᾳ
3094 2702 3292 2773 ἐσμέν
3326 2700 3534 2754 ἐκείνου
3582 2700 3695 2772 γάρ

2016 2795 2191 2856 οὐδεὶς
2225 2792 2607 2865 περιγενέσθαι
2655 2792 2962 2862 δυνήσεται.
3003 2790 3189 2843 Ταῦτα
3230 2789 3287 2843 δέ
3327 2789 3508 2842 πάντα
3555 2786 3695 2859 πρὸς

2020 2882 2171 2955 1444]
2210 2882 2308 2952 τὴν
2349 2881 2633 2934 ἀσθένειαν
2675 2880 2785 2932 τῶν
2822 2880 3076 2950 μαθητῶν
3107 2878 3344 2946 ἐλέγετο.
3378 2877 3489 2930 Καὶ
3532 2876 3695 2939 αὑτὸς

2022 2972 2119 3043 μὲν
2146 2970 2255 3041 γὰρ
2280 2969 2468 3042 θαρρῶ
2497 2968 2549 3031 ἀ,
2578 2970 2672 3021 καὶ
2701 2968 2759 3021 06
2790 2968 3059 3039 φροντίζω
3080 2965 3173 3019 τοῦ
3199 2964 3560 3019 θανάτου.Διά
3580 2962 3692 3034 γὰρ

2016 3059 2176 3111 τοῦτο
2209 3055 2351 3123 εἶπε,
2389 3058 2577 3111 Ταῦτα
2611 3051 2785 3110 εἷπον
2810 3054 2954 3125 ὑμῖν
2984 3053 3126 3122 πρὶν
3152 3052 3449 3123 γενέσθαι.
3476 3050 3695 3122 Ἐπειδὴ

2017 3148 2094 3213 δὲ,
2128 3148 2279 3217 φησί,
2324 3148 2481 3217 ὑμεῖς
2511 3147 2721 3200 οὐδέπω
2750 3143 2981 3199 δύνασθε
3010 3144 3102 3197 τὸν
3151 3140 3278 3213 περί
3308 3139 3518 3193 τούτων
3544 3138 3697 3205 δέξα·

2020 3234 2144 3287 σθαι
2173 3235 2353 3303 λόγον,
2387 3235 2482 3287 καὶ
2515 3234 2622 3288 ἀπὸ
2672 3232 2767 3286 τοῦ
2798 3232 3031 3303 Πατρὸς,
3071 3231 3129 3284 ὃν
3173 3228 3471 3299 ὀνομάζετε
3520 3226 3695 3295 μέγαν

2020 3319 2177 3384 εἶναι,
2207 3324 2411 3391 εἰσάγω
2434 3322 2532 3393 τὴν
2552 3321 2920 3393 παράκλησιν.
2944 3316 3491 3389 Παραμυθησάμενος
3515 3314 3699 3368 τοίνυν

2018 3412 2232 3475 αὐτοὺς,
2268 3412 2427 3464 πάλιν
2459 3411 2605 3478 λέγει
2641 3410 2713 3463 τά
2749 3408 2973 3479 λυπηρά
2994 3423 3009 3437 °
3036 3405 3249 3461 Οὐκέτι
3282 3402 3535 3469 λαλήσω
3566 3401 3698 3471 μεθ’

2019 3498 2205 3567 ὑμῶν.
2253 3498 2441 3563 Διατί;
2480 3499 2753 3565 Ἔρχεται
2802 3494 2914 3564 γὰρ
2959 3496 2991 3547 ό
3034 3493 3141 3547 τοῦ
3196 3494 3429 3559 κόσμου
3478 3490 3695 3545 τούτου

2021 3586 2223 3654 ἅρχων
2246 3626 2261 3651 ,
2306 3585 2403 3637 καί
2448 3585 2517 3637 ὲν
2553 3582 2683 3653 έμυί
2711 3582 2837 3651 ἔχει
2873 3579 3073 3634 οὐδέν.
3104 3579 3324 3647 Κόσμου
3355 3578 3411 3630 δὲ
3458 3576 3697 3648 ἄρχοντα

2018 3675 2110 3726 τὸν
2136 3672 2380 3725 διάϐολόν
2416 3688 2582 3740 φησι,
2617 3671 2711 3722 καὶ
2746 3670 2870 3732 τοὺς
2904 3668 3171 3739 πονηροὺς
3205 3665 3524 3737 ἀνθρώπους
3556 3662 3697 3715 οὑτω

2020 3759 2224 3813 καλῶν.
2260 3758 2335 3810 06
2364 3757 2472 3827 γάρ
2494 3754 2723 3827 ούρανοῦ
2750 3756 2906 3826 ἄρχει
2930 3754 3024 3807 καὶ
3047 3753 3171 3823 γῆς,
3196 3751 3316 3804 ἐπεὶ
3341 3750 3405 3803 ἂν
3442 3748 3697 3820 ἐνέτρεψε

2022 3847 2197 3901 πάντα
2232 3845 2325 3899 καὶ
2365 3842 2633 3897 κατέϐαλε
2655 3860 2669 3874 '
2696 3843 2853 3913 ἄρχει
2893 3842 2951 3895 δὲ
2980 3840 3089 3894 τῶν
3122 3840 3347 3902 ἑαυτοὺς
3376 3836 3698 3909 παραδιδόν-

2019 3950 2126 3985 των
2163 3930 2443 4001 αὑτῷ.Διά
2466 3929 2624 3982 τοῦτο
2647 3930 2738 3982 καί
2762 3930 2995 4000 ἄρχοντα
3014 3926 3107 3981 τοῦ
3137 3929 3360 3988 σκότους
3384 3925 3477 3977 τοῦ
3503 3922 3697 3986 αἰῶνος

2019 4018 2208 4073 τούτου
2256 4018 2431 4081 καλεῖ,
2464 4016 2653 4078 σκότος
2686 4014 2918 4068 ἐνταῦθα
2956 4014 3116 4067 πάλιν
3156 4013 3253 4075 τάς
3282 4011 3520 4082 πονηρὰς
3551 4010 3696 4079 πρά-

2021 4106 2132 4174 ξεις
2169 4106 2367 4159 καλῶν.
2401 4106 2466 4158 Τί
2502 4101 2622 4171 οὗν;
2657 4105 2685 4157 6
2718 4103 2959 4166 διάϐολός
2999 4120 3058 4155 σε
3104 4102 3352 4171 ἀναιρεῖ;
3398 4096 3692 4168 Οὑδαμώς⁶

2019 4199 2081 4250 οὑ
2124 4197 2233 4265 γάρ
2287 4194 2399 4265 ἔχει
2448 4196 2505 4246 ἐν
2555 4194 2679 4265 ἐμοὶ
2721 4193 2897 4247 οὐδέν.
2949 4190 3073 4255 Πῶς
3112 4186 3203 4243 οῦν
3247 4206 3307 4241 σε
3345 4185 3692 4256 ἀναιροῦσιν;

2033 4284 2253 4353 Ἐπειδὴ
2287 4282 2581 4352 βούλομαι,
2628 4281 2723 4333 καὶ
2759 4281 2845 4345 ἵνα
2895 4279 3008 4350 γνῷ
3041 4281 3068 4332 ό
3106 4278 3342 4348 κόσμος,
3369 4275 3450 4328 61:
3499 4273 3695 4342 ἀγαπῶ

2019 4372 2110 4425 τὸν
2147 4371 2384 4441 Πατέρα.
2426 4370 2500 4422 06
2528 4369 2637 4438 76:9
2672 4367 2970 4430 ὑπεύθυνος
2998 4365 3072 4419 ῶν
3102 4365 3336 4435 θανάτῳ,
3358 4363 3543 4434 φησὶν,
3573 4361 3695 4415 οὑδὲ

2019 4459 2251 4529 ὀφείλων
2282 4457 2448 4527 αὐτῷ,
2488 4457 2576 4511 διά
2607 4457 2665 4510 δέ
2706 4455 2805 4527 τὴν
2834 4456 3056 4525 ἀγάπην
3088 4454 3188 4524 τὴν
3240 4454 3320 4515 εἰς
3345 4452 3434 4506 τὸν
3474 4450 3695 4522 Πατέρα

2022 4548 2297 4618 ὑπομένω.
2323 4546 2495 4599 Τοῦτο
2533 4545 2590 4597 δέ
2626 4562 2820 4615 φησιν,
2865 4544 2949 4601 ἵνα
2983 4542 3143 4595 πάλιν
3186 4540 3365 4595 αὑτῶν
3415 4538 3691 4609 ἀναστήσῃ

2020 4637 2121 4709 τὴν
2156 4637 2353 4708 ψυχὴν,
2386 4636 2480 4690 καὶ
2523 4634 2767 4705 μάθωσιν
2800 4634 2882 4687 61:
2914 4633 3016 4685 οὑκ
3060 4631 3229 4694 ἄκων,
3274 4630 3390 4683 ἀλλ’
3433 4627 3573 4682 ἐκὼν
3601 4627 3693 4679 ἐπὶ

2021 4729 2181 4781 τοῦτο
2225 4728 2472 4799 ἔρχεται,
2519 4728 2613 4779 καὶ
2656 4727 2738 4779 61:
2782 4723 3141 4795 καταφρονῶν
3184 4721 3279 4775 τοῦ
3317 4720 3584 4775 διαϐόλου.
3617 4718 3692 4773 06

2022 4815 2131 4886 γάρ
2160 4816 2320 4887 ήρκει
2348 4814 2409 4867 10
2455 4816 2659 4876 εἰπεῖν,
2706 4814 2790 4866 61:
2832 4812 3059 4879 Μικρὸν
3106 4811 3329 4879 χρόνον
3374 4811 3501 4879 μεθ’
3528 4804 3696 4875 ὑμῶν

2021 4906 2175 4972 εἰμι,
2222 4902 2357 4957 ἀλλὰ
2401 4901 2641 4971 συνεχῶς
2690 4899 2823 4955 αὑτό
2866 4899 3088 4969 στρέφει
3128 4898 3287 4951 τοῦτο
3328 4898 3389 4950 10
3417 4894 3691 4965 λυπηρὸν,

2022 4992 2266 5056 εἰκότως,
2289 4992 2394 5054 ἓως
2420 4992 2486 5045 ἂν
2511 4990 2644 5044 αὑτὸ
2665 4992 2795 5061 παρ’
2828 4991 3008 5053 αὑτοῖς
3039 4989 3444 5058 εὐπαράδεκτον
3468 4988 3690 5056 ποιήσῃ.

2023 5080 2379 5150 παρυφαίνων
2409 5079 2558 5148 αὑτῷ
2580 5078 2647 5131 τά
2678 5078 2909 5150 χρηστά.
2929 5077 3026 5130 Διά
3048 5076 3206 5129 τοῦτο
3228 5076 3359 5127 ποτέ
3390 5074 3489 5144 μὲν
3520 5072 3689 5139 λέγει,

2034 5166 2270 5235 ’Υπάγω
2310 5166 2409 5220 καί
2443 5166 2721 5235 ἔρχομαι·
2757 5165 2872 5225 καὶ,
2912 5165 2995 5217 61:
3034 5163 3228 5216 Ὅπου
3271 5160 3387 5230 εἰμί
3429 5158 3562 5227 ἐγὼ,
3590 5158 3692 5213 ἵνα

2020 5256 2117 5308 καὶ
2146 5255 2317 5324 ὑμεῖς
2344 5251 2487 5325 ἦτε;
2518 5256 2630 5318 καὶ,
2668 5253 2743 5306 U6
2777 5251 3004 5306 δύνασθέ
3047 5268 3136 5321 μοι
3182 5250 3275 5303 νῦν
3306 5245 3687 5316 ἀκολουθῆσαι,

2021 5342 2419 5413 ἀκολουθήσετε
2452 5342 2510 5394 δέ
2558 5342 2782 5412 ὕστερον
2802 5356 2815 5370 ’
2845 5341 2959 5401 καί,
2993 5340 3146 5406 Πρὸς
3181 5338 3286 5390 τὸν
3316 5333 3545 5401 Πατέρα
3584 5349 3689 5387 πο-

2011 5430 2259 5499 ρεύομαι
2278 5448 2292 5462 ·
2326 5431 2439 5493 καί,
2482 5430 2545 5482 '0
2577 5428 2780 5495 Πατὴρ
2816 5427 3027 5496 μείζων
3051 5425 3168 5494 μού
3196 5424 3327 5478 ἐστι
3350 5438 3363 5451 ·
3398 5422 3513 5484 καὶ,
3542 5419 3691 5488 Πρὶν

2020 5516 2296 5586 γενέσθαι
2322 5518 2529 5584 εἴρηκα
2554 5517 2722 5585 ὑμῖν·
2746 5517 2859 5579 καί,
2880 5516 2960 5567 ὃτι
2977 5513 3091 5567 Οὑκ
3117 5511 3225 5565 ἀπὸ
3248 5510 3489 5578 ἀνάγκης
3514 5508 3689 5562 ταῦτα

2020 5604 2235 5676 πάσχω,
2279 5604 2416 5658 άλλά
2454 5605 2522 5657 δι’
2570 5604 2791 5673 ἀγάπην
2823 5601 2915 5655 τοῦ
2967 5602 3211 5670 Πατρός·
3266 5597 3406 5651 ὥστε
3438 5595 3688 5666 ἐννοῆσαι

2019 5692 2234 5755 αὐτοὺς,
2266 5692 2344 5744 61:
2371 5691 2471 5743 οὑκ
2509 5691 2753 5761 ὀλέθριον
2790 5688 2851 5742 10
2889 5690 3123 5758 πρᾶγμα
3161 5684 3278 5738 οὐδὲ
3312 5682 3517 5754 βλάϐην
3542 5681 3685 5751 ἐχον,

2019 5780 2074 5832 εί
2101 5796 2163 5848 γε
2208 5779 2237 5833 6
2280 5796 2338 5833 τε
2374 5778 2579 5850 σφόδρα
2624 5778 2787 5833 αὑτὸν
2832 5770 3085 5845 ἀγαπῶν,
3126 5773 3278 5828 καὶὸ
3321 5768 3686 5841 ἀγαπώμενος

2094 5972 2116 5999 ε
2145 5970 2347 6028 Quidam
2370 5965 2560 6016 ἑαυτοῦ.
2629 5966 2656 6003 d
2677 5963 2774 6016 Alii
2800 5966 2885 6026 μὲν
2904 5964 3079 6029 θαρῥῶ.
