4100 6362
393 258 502 317 609

394 375 528 447 παρ’
572 374 737 428 αὐτοῦ
781 373 925 428 οὕτω
969 373 1239 444 βούλεται.
1288 376 1388 430 Διά
1437 376 1501 446 δὴ
1544 375 1703 430 τοῦτο
1742 376 1814 430 τὰ
1860 377 2075 447 χρηστά

395 463 569 517 ταῦτα
608 464 930 534 ἀναμιγνὺς,
967 462 1205 533 συνεχῶς
1230 463 1382 531 ἔλεγε
1426 465 1519 517 καὶ
1544 464 1613 517 τά
1638 464 1881 535 λυπηρὰ.
1913 467 2078 533 ἐγγυ-

401 550 619 621 μνάζων
664 550 843 603 αὐτῶν
886 549 982 621 τήν
1015 549 1270 604 διάνοιαν.
1310 551 1419 603 Καὶ
1459 550 1567 622 γὰρ
1615 552 1695 613 τὸ,
1740 550 1883 620 ῙΙαρ’
1935 549 2077 620 ὑμῖν

390 638 583 707 μένει,
627 638 741 701 καὶ,
783 639 865 691 δτι
896 637 1193 707 Συμςρέρει
1220 638 1365 707 ὑμῖν
1404 640 1438 710 ἡ
1472 638 1843 710 ἀναχώρησις,
1896 655 2077 708 παρα-

402 726 740 798 μυθουμένου
766 721 854 797 ἦν.
877 724 976 779 Διὰ
1015 727 1124 795 γάρ
1142 743 1225 778 τοι
1251 726 1409 780 τοῦτο
1443 726 1731 799 προλαϐὼν
1766 727 1932 799 μυρία
1956 722 2077 780 εἶπε

400 816 526 887 περὶ
553 814 645 867 τοῦ
682 813 1017 885 Πνεύματος,
1056 814 1117 867 τὸ
1148 826 1198 877 ι,
1239 814 1335 868 Ἐν
1364 814 1510 884 ὑμῖν
1537 816 1691 877 ἐστι,
1733 816 1849 881 καὶ,
1884 816 1949 868 '0
1981 815 2080 868 κό-

398 918 556 970 σμος
601 904 672 957 οὐ
725 902 975 956 δύναται
1036 903 1280 965 λαϐεῖν,
1331 904 1463 968 καὶ,
1507 903 1703 968 Αὐτὸς
1742 902 2079 971 ἀναμνήσει

400 990 617 1053 πάντα,
656 992 768 1053 καὶ,
820 991 1064 1061 Πνεῦμα
1102 992 1412 1058 ἀληθείας,
1454 993 1569 1053 καὶ,
1610 990 1853 1059 Πνεῦμα
1886 990 2075 1060 ἅγιον,

400 1080 524 1141 καὶ,
552 1079 986 1147 Παρὰκλλητον,
1019 1081 1135 1133 καὶ.
1188 1080 1269 1133 ὃτι
1314 1080 1609 1149 Συμφέρει
1644 1079 1822 1149 ὑμῖν·
1868 1080 1953 1132 ἵνα
2004 1078 2079 1150 μὴ

400 1166 683 1238 ἀθυμῶσιν
705 1167 780 1229 ὡς
809 1167 1021 1231 οὐδενὸς
1051 1168 1204 1231 ὄντος
1230 1167 1322 1221 τοῦ
1353 1168 1797 1239 προστησομένου
1828 1167 1923 1221 καὶ
1954 1166 2081 1237 βοη-

402 1255 678 1326 θήσοντος.
713 1255 1023 1326 Συμφέρειν
1048 1256 1105 1309 δέ
1140 1255 1308 1325 λέγει,
1344 1256 1520 1327 δηλῶν
1552 1256 1633 1309 δτι
1672 1255 2081 1326 πνευματικοὺς

400 1342 600 1406 αὐτοὺς
641 1344 956 1413 ἐργάσεται.

471 1430 533 1487 ε’.
551 1430 721 1485 Τοῦτο
740 1432 872 1500 γοῦν
888 1432 982 1486 καὶ
1000 1432 1219 1503 δρῶμεν
1233 1433 1617 1505 γεγενημένον.
1637 1434 1698 1487 Οἱ
1720 1432 1829 1504 γὰρ
1847 1430 2081 1503 τρέμον-

399 1534 493 1583 τες
527 1522 621 1572 καὶ
665 1520 985 1583 δεδοικότες,
1021 1521 1159 1590 μετά
1191 1520 1253 1573 τὸ
1288 1521 1474 1575 λαϐεῖν
1506 1521 1566 1575 τὸ
1597 1520 1843 1592 Πνεῦμα,
1876 1523 1957 1583 είς
1988 1520 2083 1590 μέ-

404 1625 530 1672 σους
551 1608 775 1681 ἥλλοντο
789 1611 914 1673 τοὺς
935 1609 1235 1674 κινδύνους,
1267 1610 1361 1663 καὶ
1396 1609 1533 1680 πρὸς
1567 1608 1806 1681 σίδηρον,
1829 1608 1924 1662 καὶ
1945 1608 2077 1681 πῦρ,

403 1698 499 1751 καὶ
530 1699 713 1770 θηρία,
763 1700 859 1752 καὶ
907 1698 1143 1768 πελάγη,
1189 1700 1283 1752 καὶ
1331 1698 1468 1769 πρὸς
1520 1699 1700 1751 πᾶσαν
1741 1697 2079 1751 ἀπεδύσαντο

403 1789 692 1860 τιμωρίαν·
727 1789 822 1841 καὶ
854 1789 903 1840 οί
939 1788 1295 1859 ἀγράμματοι
1340 1786 1435 1841 καὶ
1473 1786 1675 1840 ἰδιῶται
1719 1787 1857 1857 μετά
1884 1787 2082 1839 τοσαύ-

402 1894 504 1948 της
541 1876 841 1945 διελέγοντο
874 1876 1207 1948 παρρησίας,
1243 1875 1318 1939 ὡς
1352 1875 1673 1946 ἐκπλήττειν
1712 1875 1839 1937 τοὺς
1872 1875 2085 1946 ἀκροω-

406 1966 625 2036 μένους.
673 1964 807 2018 ’Λπὸ
833 1964 941 2035 γάρ
986 1963 1225 2034 πηλίνων
1259 1962 1512 2035 σιδηροῦς
1546 1962 1743 2025 αὐτοὺς
1769 1962 1990 2031 ἐποίησε
2026 1961 2086 2014 1:6

408 2051 654 2123 Πνεῦμα,
686 2054 781 2105 καὶ
815 2053 1050 2123 πτηνοὺς
1078 2051 1393 2123 εἰργάσατο,
1431 2051 1525 2104 καὶ
1572 2048 1708 2121 πρὸς
1745 2048 1899 2121 [ΗΞ]
1932 2049 2085 2102 οὐδὲν

407 2140 516 2194 τῶν
549 2140 905 2210 ἀνθρωπίνων
954 2142 1282 2193 καταπεσεῖν
1325 2138 1555 2208 ἀφῆκεν.
1613 2137 1848 2208 Τοιαύτη
1894 2137 2003 2209 γάρ
2052 2138 2085 2209 ἡ

408 2229 571 2301 χάρις
604 2228 819 2298 ἐκείνη·
870 2227 972 2281 κᾶν
1012 2227 1253 2298 ἀθυμίαν
1291 2225 1449 2297 εῦρῃ,
1489 2225 1715 2289 διαλύει,
1765 2225 1866 2279 κᾶν
1894 2225 2086 2278 ἐπιθυ-

414 2312 544 2382 μίαν
571 2311 836 2382 πονηρὰν,
885 2312 1121 2382 δαπανᾷ,
1153 2310 1254 2363 κᾶν
1290 2309 1512 2377 δειλίαν,
1542 2309 1818 2372 ἐκϐάλλει,
1865 2310 1959 2363 καὶ
1990 2310 2089 2362 οὐκ

410 2398 604 2469 ἀφίησι
639 2400 826 2451 λοιπὸν
869 2398 1157 2465 ἄνθρωπον
1197 2395 1337 2451 εἶναι
1378 2398 1472 2452 τὸν
1510 2398 1848 2468 μετασχόντα
1898 2398 2087 2461 αὐτοῦ,

410 2488 527 2541 ἀλλ’
558 2488 747 2558 ὥσπερ
788 2490 868 2551 εἰς
908 2488 1071 2540 αὐτὸν
1107 2486 1451 2556 μεταστάντα
1482 2486 1573 2539 τὸν
1617 2486 1866 2556 οὐρανὸν,
1912 2486 2091 2539 πάντα

410 2576 480 2629 τὰ
510 2579 626 2629 ἐκεῖ
653 2576 1018 2645 φαντάζεσθαι
1048 2574 1483 2647 παρασκευάζει.
1515 2573 1613 2627 Διά
1639 2574 1802 2626 τοῦτο
1834 2572 2007 2637 οὐδείς
2038 2590 2092 2625 τι

410 2663 521 2717 τῶν
551 2665 906 2738 ὑπαρχόντων
934 2663 1083 2743 αὐτῶ
1122 2664 1148 2702 b
1176 2663 1361 2732 ἔλεγεν
1395 2661 1524 2715 ἴδιον
1554 2658 1695 2715 εἶναι
1713 2679 1725 2691 ·
1763 2660 1899 2714 ἀλλά
1928 2677 2094 2731 προσ-

412 2753 743 2826 εκαρτέρουν
788 2756 908 2815 ταῖς
956 2753 1141 2822 εὐχαῖς
1188 2753 1247 2805 ἐν
1292 2749 1613 2819 ἀγαλλιάσει
1665 2748 1756 2803 καὶ
1804 2748 2094 2819 ἀφελότητι

414 2839 667 2911 καρδίας.
682 2840 724 2891 Τ
728 2839 885 2891 ούτου
907 2838 1016 2909 γάρ
1043 2838 1278 2909 μάλιστα
1299 2837 1469 2890 δεῖται
1489 2837 1549 2889 τὸ
1580 2835 1805 2907 Πνεῦμα
1829 2836 1890 2888 τὸ
1917 2835 2093 2903 ἇγιον·

428 2930 482 2982 ’0
514 2927 624 2998 γὰρ
655 2928 883 2995 καρπὸς
903 2927 1009 2981 τοῦ
1032 2926 1382 2994 Πνεύματος
1403 2923 1578 2993 χαρὰ,
1610 2925 1839 2992 εἰρήνη,
1865 2924 2091 2989 πίστις,

415 3017 706 3085 πραότης.
740 3016 851 3068 Καὶ
885 3014 992 3086 μὴν
1022 3016 1115 3068 καὶ
1143 3013 1371 3082 ἀλγοῦσι
1402 3012 1665 3077 πολλάκις
1696 3014 1744 3065 οί
1796 3030 2095 3083 πνευματι-

416 3106 526 3168 κοὶ,
562 3104 746 3177 φησίν·
784 3104 898 3157 ἀλλ’
933 3106 967 3175 ἡ
1008 3101 1154 3174 λύπη
1190 3104 1367 3174 χαρᾶς
1407 3104 1554 3155 ἐστιν
1600 3100 1784 3172 ἡδίων.
1818 3101 1972 3155 Ἐπεὶ
2003 3102 2099 3154 καὶ

419 3197 449 3246 6
481 3194 623 3247 Κάἷν
670 3191 936 3262 ἐλυπήθη,
974 3190 1111 3243 ἀλλά
1157 3190 1256 3260 τὴν
1298 3188 1391 3243 τοῦ
1439 3189 1645 3258 κόσμου
1690 3186 1894 3259 λύπην·
1950 3191 2044 3243 καὶ
2072 3189 2101 3242 ό

420 3280 632 3345 Παῦλος
659 3280 925 3351 ἐλυπήθη,
957 3278 1093 3331 ἀλλά
1119 3277 1217 3349 τὴν
1246 3277 1389 3331 κατά
1414 3276 1567 3331 Θεόν.
1592 3278 1706 3329 Πᾶν
1736 3277 1844 3349 γὰρ
1874 3278 2009 3349 ὅπερ
2036 3278 2101 3331 ἂν

420 3364 878 3441 ᾖπνευματικὸν,
934 3366 1124 3437 κέρδος
1157 3364 1270 3434 ἔχει
1320 3364 1596 3435 μέγιστον·
1650 3364 1840 3435 ὥσπερ
1892 3364 1989 3418 καὶ
2040 3364 2101 3417 τὸ

420 3458 685 3531 κοσμικδν
716 3459 860 3512 ἆπαν
889 3456 1093 3528 ζημίαν
1128 3455 1384 3525 ἐσχάτην.
1426 3454 1891 3525 Ἐπισπασώμεθα
1919 3454 2101 3507 τοίνυν

419 3548 523 3618 τὴν
560 3549 774 3618 ἄμαχον
816 3545 909 3599 τοῦ
964 3543 1281 3615 Πνεύματος
1325 3542 1578 3613 βοήθειαν
1618 3541 1717 3604 τὰς
1748 3542 1968 3605 ἐντολὰς
2004 3560 2102 3615 τη-

426 3636 671 3707 ροῦντες,
729 3635 824 3688 καὶ
871 3633 1021 3687 οὐδὲν
1066 3631 1174 3685 τῶν
1219 3630 1467 3700 ἀγγέλων
1525 3629 1763 3701 ἐσόμεθα
1825 3630 2101 3693 ἐλάττους.

425 3721 567 3776 Οῦτε
596 3721 704 3792 γάρ
736 3724 952 3783 ἐκεῖνοι,
995 3719 1183 3790 ἐπειδὴ
1229 3715 1511 3788 ἀσώματοι
1542 3717 1670 3777 είσι,
1700 3714 1933 3768 τοιοῦτοί
1967 3715 2105 3767 εἰσιν

424 3809 498 3883 (εί
546 3808 656 3881 γάρ
706 3806 865 3861 τοῦτο
910 3803 999 3879 ἦν,
1039 3806 1216 3868 οὐδεὶς
1270 3804 1336 3857 ἂν
1373 3805 1483 3857 τῶν
1522 3803 1829 3872 ἀσωμάτων
1890 3801 2108 3869 ἐγένετο

491 3961 519 3992 ⁸
541 3958 715 4009 Morel.
753 3958 855 4006 εἷπε
876 3958 982 4019 περὶ
1009 3955 1174 4012 αὐτοῦ,
1199 3955 1275 4004 τό.
1340 3953 1369 3994 b
1402 3956 1499 4003 Alii
1531 3952 1697 4002 αὐτοῦ.

1328 4074 1482 4088 —'

1206 260 1265 315 S.
1306 260 1593 318 JUANNIS
1628 259 2127 320 CHRYSOSTUMI
2168 260 2488 317 ARCHIEP.
2530 258 3079 317 CONSTANTINOP.

3750 250 3845 310 ιὶθ

2178 376 2462 447 πονηρός)·
2514 374 2629 429 ἀλλ’
2663 375 2697 445 ἡ
2736 374 3057 446 προαίρεσις
3109 367 3386 443 πανταχοῦ
3418 374 3638 427 πάντων
3688 378 3847 429 αἰτία.

2177 463 2278 516 Διά
2308 462 2467 516 τοῦτο
2497 462 2592 515 καὶ
2632 463 2688 514 ἐν
2716 465 2829 524 τοῖς
2858 462 3169 531 ἀσωμάτοις
3194 459 3494 531 ἀνθρώπων
3520 461 3733 532 χείρους
3763 465 3850 515 καὶ

2178 551 2390 619 ἀλόγων
2423 549 2749 620 εὑρέθησαν,
2800 550 2895 602 καὶ
2933 551 2990 602 ἐν
3032 552 3144 612 τοῖς
3182 548 3409 618 σώματα
3445 548 3683 619 ἔχουσιν,
3715 550 3850 602 ἀσω-

2181 642 2368 710 μάτων
2403 639 2707 712 κρείττους.
2746 640 2956 704 Πάντες
3006 639 3135 707 γοῦν
3182 640 3231 692 οί
3277 639 3475 695 δίκαιοι
3505 642 3603 709 τὴν
3642 640 3745 710 γῆν
3774 641 3850 692 οἱ·

2180 730 2424 795 κοῦντες.
2456 731 2551 785 καὶ
2589 730 2817 801 σώματα
2842 730 3077 801 ἔχοντες,
3103 730 3474 800 κατώρθωσαν
3485 731 3630 803 άπερ
3653 733 3853 801 κατωρ-

2180 817 2380 871 θωσαν.
2420 819 2507 881 Ὡς
2549 817 2658 888 γὰρ
2693 820 3066 888 παρεπίδημοι
3113 818 3265 882 ὅντες
3298 818 3392 871 καὶ
3443 818 3602 883 ξένοι,
3630 820 3730 889 τὴν
3756 820 3853 889 γῆν

2180 906 2425 977 ᾤκησαν·
2461 906 2553 959 τὸν
2599 906 2656 959 δὲ
2694 906 2943 978 οὐρανὸν,
2988 906 3062 969 ὡς
3108 905 3345 959 πολῖται.
3393 907 3485 977 Μὴ
3514 906 3693 959 τοίνυν
3726 906 3853 976 μηδὲ

2184 996 2247 1047 σύ
2282 994 2426 1063 λέγε,
2466 996 2651 1066 Σάρκα
2697 995 3034 1066 περίκειμαι,
3080 994 3140 1047 οὐ
3169 993 3401 1064 δύναμαι
3452 994 3855 1064 περιγενέσθαι,

2182 1083 2304 1136 οὐδὲ
2332 1084 2441 1136 τῶν
2469 1084 2607 1155 ὑπὲρ
2643 1084 2846 1154 ἀρετῆς
2892 1081 3131 1154 ἱδρώτων
3164 1082 3443 1135 λαϐέσθαι.
3498 1084 3590 1153 Μὴ
3623 1100 3856 1152 κατηγο-

2186 1175 2357 1243 ρήσῃς
2399 1181 2421 1209 °
2457 1170 2551 1223 τοῦ
2594 1169 2959 1241 Δημιουργοῦ.
2986 1170 3047 1222 Εἰ
3083 1169 3190 1239 γάρ
3223 1170 3283 1222 τὸ
3309 1169 3489 1239 σάρκα
3517 1173 3704 1241 φορεῖν
3734 1170 3858 1223 ἁδύ-

2183 1274 2342 1312 νατον
2381 1261 2525 1311 ποιεῖ
2556 1257 2655 1329 τὴν
2686 1257 2909 1329 ἀρετὴν,
2947 1257 3045 1327 οὐχ
3080 1256 3236 1327 ἡμῶν
3273 1256 3335 1308 τὸ
3380 1256 3651 1326 ἔγκλημα·
3688 1257 3766 1309 ὃτι
3802 1257 3859 1308 δέ

2184 1346 2243 1399 οὐ
2284 1347 2429 1399 ποιεῖ
2472 1344 2752 1406 ἀδύνατον,
2782 1344 2982 1411 ἔδειξεν
3007 1347 3035 1398 6
3059 1344 3167 1398 τῶν
3196 1344 3369 1412 ἁγίων
3394 1343 3572 1414 χορός.
3603 1343 3707 1396 Τδν
3730 1342 3859 1410 γοῦν

2185 1433 2393 1489 Παῦλον
2427 1433 2527 1487 οὐκ
2565 1431 2803 1485 ἐκώλυσε
2841 1433 2938 1503 τῆς
2972 1432 3172 1503 σαρκὸς
3212 1434 3245 1502 ἡ
3278 1431 3439 1499 φύσις
3477 1431 3728 1499 γενέσθαι
3751 1448 3860 1483 τοι·

2184 1523 2362 1586 οῦτον,
2392 1518 2504 1586 οἷος
2531 1522 2765 1591 ἐγένετο·
2815 1522 2937 1575 οὐδὲ
2964 1520 3169 1591 Πέτρον
3203 1521 3388 1573 λαϐεῖν
3422 1521 3520 1583 τὰς
3569 1520 3715 1582 κλεῖς
3752 1518 3859 1571 τῶν

2189 1611 2456 1683 οὐρανῶν.
2499 1611 2611 1664 Καὶ
2653 1611 2682 1663 6
2730 1608 2903 1680 Ἑνὼχ
2942 1608 3000 1662 δὲ
3050 1608 3228 1680 σάρκα
3268 1608 3523 1679 φορέσας,
3576 1608 3859 1677 μετετέθη,

2188 1701 2283 1753 καὶ
2316 1701 2413 1770 οὐχ
2444 1699 2747 1775 εὐρίσκετο.
2774 1697 2931 1751 Οῦτω
2959 1697 3053 1751 καὶ
3072 1700 3101 1751 6
3124 1696 3309 1760 Ἠλίας
3337 1696 3562 1767 ἡρπάγη
3598 1696 3736 1766 μετά
3762 1694 3861 1763 τῆς

2188 1788 2408 1858 σαρκὸς,
2433 1788 2525 1840 καὶ
2548 1787 2576 1839 6
2614 1785 2865 1858 Ἀϐραάμ
2888 1785 3034 1861 ,μετά
3058 1784 3153 1837 τοῦ
3187 1784 3372 1838 Ἰσαὰκ
3402 1784 3497 1837 καὶ
3522 1783 3615 1836 τοῦ
3642 1783 3861 1851 ἐγγόνου

2189 1876 2366 1946 σάρκα
2399 1874 2610 1944 ἔχοντες
2637 1874 2902 1943 ἔλαμψαν·
2929 1875 3021 1926 καὶ
3052 1874 3080 1925 ὁ
3109 1873 3306 1942 Ἰωσὴφ
3340 1872 3478 1943 μετά
3506 1870 3707 1941 ταύτης
3734 1870 3866 1923 ἐπά-

2186 1963 2342 2017 λαισε
2372 1964 2508 2033 πρὸς
2550 1964 2611 2015 τὸ
2655 1962 2953 2016 ἀκόλαστον
2991 1963 3167 2015 ἐκεῖνο
3204 1961 3447 2029 γύναιον.
3500 1962 3609 2013 Καὶ
3640 1959 3691 2012 τί
3723 1960 3868 2024 λέγω

2190 2053 2407 2121 σάρκα;
2450 2050 2569 2103 Κᾶν
2600 2050 2708 2121 γὰρ
2742 2050 2933 2102 ἅλυσιν
2964 2052 3032 2120 τῇ
3064 2049 3225 2119 σαρκὶ
3256 2047 3507 2118 περιθῇς,
3534 2046 3685 2099 οὐδὲν
3718 2044 3869 2097 ἐϐλάς

2190 2138 2279 2210 6η.
2317 2138 2381 2191 Εἰ
2414 2140 2523 2210 γάρ
2551 2139 2644 2191 καὶ
2677 2137 2787 2206 ἐγὼ
2828 2137 3068 2206 δέδεμαι,
3100 2136 3264 2207 φησὶν
3294 2137 3322 2188 6
3357 2134 3591 2198 Παῦλος,
3636 2132 3788 2187 Ἀλλ’
3834 2134 3869 2184 ὁ

2188 2228 2372 2297 λόγος
2404 2226 2511 2281 τοῦ
2544 2226 2691 2281 Θεοῦ
2723 2228 2794 2279 οὐ
2825 2224 3075 2279 δέδεται.
3132 2225 3241 2277 Καὶ
3290 2224 3343 2276 τί
3392 2224 3537 2290 λέγω
3576 2222 3750 2290 δεσμά
3776 2221 3871 2272 καὶ

2192 2316 2417 2383 ἆλυσιν;
2455 2315 2697 2387 Πρόσθες
2745 2314 2841 2367 καὶ
2890 2313 3263 2384 δεσμωτήριον
3292 2310 3319 2349 ά
3368 2312 3462 2364 καὶ
3495 2309 3739 2379 κλεῖθρα,
3775 2309 3871 2360 καὶ

2192 2405 2311 2458 οὐδὲ
2343 2404 2485 2457 οῦτω
2513 2402 2742 2473 κώλυμα
2779 2402 2991 2471 γίνεται
3026 2400 3199 2453 ταῦτα
3228 2403 3293 2471 τῇ
3333 2402 3523 2469 ἀρετῇ.
3558 2396 3715 2451 Οῦτω
3743 2396 3873 2463 γοῦν

2193 2490 2660 2564 ἐμυσταγώγησεν
2698 2493 2726 2544 6
2763 2490 2992 2554 Παῦλος.
3036 2489 3243 2558 Δεσμὸς
3280 2489 3388 2559 γὰρ
3418 2487 3593 2557 ψυχῆς
3628 2486 3690 2539 οὐ
3722 2484 3871 2553 σίδη-

2198 2600 2310 2654 ρος,
2343 2582 2480 2635 ἀλλὰ
2512 2580 2681 2634 δειλία
2710 2580 2805 2632 καὶ
2833 2579 3132 2649 χρημάτων
3169 2577 3455 2647 ἐπιθυμία,
3482 2576 3577 2629 καὶ
3597 2575 3665 2627 τά
3700 2572 3871 2644 μυρία

2196 2673 2365 2742 πάθη.
2394 2671 2581 2724 Ταῦτα
2612 2671 2825 2739 δεσμεῖ,
2859 2670 2965 2721 κᾶν
3000 2667 3293 2736 λελυμένον
3322 2662 3378 2739 ᾖ,
3408 2665 3469 2717 1:6
3506 2663 3687 2733 σῶμα.
3732 2660 3875 2713 Ἀλλ’

2197 2759 2306 2813 ἀπὸ
2336 2757 2427 2811 τοῦ
2466 2757 2717 2828 σώματος
2749 2756 2922 2809 ταῦτα
2949 2756 3214 2817 τίκτεται,
3269 2754 3421 2823 φησί.
3463 2752 3669 2821 Σκῆψις
3704 2747 3876 2802 ταῦτα

2199 2847 2293 2901 καὶ
2326 2846 2594 2917 πρόφασις
2634 2845 2858 2915 ψευδής.
2888 2845 2949 2896 El
2988 2844 3097 2914 γάρ
3122 2843 3229 2895 ἀπὸ
3254 2841 3349 2893 τοῦ
3381 2839 3631 2909 σώματος
3664 2837 3869 2889 ἐτίκτεο

2199 2952 2281 2996 το.
2310 2935 2510 2997 πάντες
2543 2932 2609 2986 ἂν
2651 2934 2792 2986 αὐτὰ
2834 2932 3128 3002 ὑπέμενον.
3157 2930 3371 2999 Ὠσπερ
3420 2927 3529 2996 γὰρ
3578 2925 3746 2979 κόπον
3782 2922 3881 2977 καὶ

2203 3021 2369 3074 ῦπνον
2402 3021 2495 3073 καὶ
2521 3018 2581 3073 τὸ
2606 3022 2800 3089 πεινῇν
2825 3019 2917 3070 καὶ
2942 3017 3100 3087 διψῇν
3125 3016 3224 3068 οὐκ
3248 3014 3325 3067 ἔνι
3355 3014 3659 3081 διαφυγεῖν,
3693 3009 3882 3080 ἐπειδὴ

2181 3106 2414 3190 ⁵φύσεώς
2448 3110 2616 3161 ἐστιν·
2668 3105 2812 3159 οῦτω
2864 3104 3186 3167 καὶταῦτα,
3236 3106 3284 3156 εἰ
3325 3099 3479 3174 [446]
3519 3098 3743 3154 τοιαῦτα
3788 3093 3881 3167 ἦν,

2196 3196 2385 3250 οὐδένα
2423 3196 2489 3249 ἂν
2518 3194 2737 3265 ἀφῆκαν
2766 3194 2869 3260 ἕξω
2894 3195 2993 3265 τῆς
3024 3192 3203 3246 αὐτῶν
3240 3186 3379 3245 εἶναι
3425 3188 3766 3259 τυραννίδος.
3814 3184 3885 3237 Εἰ

2197 3284 2254 3337 δὲ
2288 3284 2475 3337 πολλοὶ
2521 3283 2929 3352 διαφεύγουσιν,
2976 3281 3196 3351 εὐδηλον
3235 3282 3316 3333 ὄτι
3366 3276 3721 3350 ρᾳθυμούσης
3764 3276 3885 3327 ἐστὶ

2199 3371 2378 3443 ψυχῆς
2415 3372 2484 3424 τὰ
2512 3371 2739 3425 τοιαῦτα
2769 3368 3149 3439 ἐλαττώματα.
3185 3367 3403 3436 Ταύτην
3432 3366 3610 3419 τοίνυν
3640 3363 3888 3432 ἐγκόιῖιω-

2212 3477 2336 3531 μεν,
2373 3461 2468 3513 καὶ
2502 3460 2577 3531 μὴ
2605 3458 3002 3528 κατηγορῶμεν
3031 3455 3123 3509 τοῦ
3158 3455 3429 3525 σώματος,
3454 3454 3569 3508 ἀλλ’
3600 3450 3886 3516 ὑποτάξω-

2213 3565 2313 3618 μεν
2344 3547 2476 3600 αὐτὸ
2518 3550 2585 3617 τῇ
2633 3545 2798 3616 ψυχῇ·
2841 3545 2929 3597 ῖνα
2979 3544 3193 3614 εὐήνιον
3230 3542 3467 3611 ἔχοντες,
3509 3539 3618 3593 τῶν
3652 3538 3890 3594 αἰωνίων

2208 3634 2557 3705 ἐπιτύχωμεν
2595 3632 2842 3700 ἀγαθῶν,
2871 3632 3055 3703 χάριτι
3085 3630 3180 3683 καὶ
3221 3629 3603 3701 φιλανθρωπία
3638 3626 3732 3681 τοῦ
3771 3627 3892 3679 Κυ-

2212 3723 2329 3793 ρίου
2359 3723 2519 3793 ήμῶν
2548 3719 2723 3792 Ἰησοῦ
2771 3719 3031 3792 Χριστοῦ,
3071 3712 3116 3787 ᾧ
3160 3719 3193 3789 ἡ
3236 3718 3361 3785 δόξα
3394 3720 3473 3781 είς
3508 3717 3636 3779 τοὺς
3687 3713 3893 3775 αἰῶνας

2210 3808 2320 3863 τῶν
2350 3807 2585 3861 αἰώνων.
2620 3808 2818 3876 Ἀμήν.

2277 3899 2299 3926 ε
2341 3896 2438 3945 Alii
2476 3896 2795 3957 περιγενέσθαι
2823 3894 2920 3941 τῶν
2957 3892 3076 3955 ὑπὲρ
3102 3892 3152 3940 ἀ.
3190 3893 3224 3942 ί.
3253 3892 3335 3947 Μή
3366 3904 3538 3949 κατηγ.
3606 3884 3636 3925 (ι
3685 3882 3895 3942 Quidam

2214 3957 2535 4021 δεσμωτήρια.

2003 4153 2249 4206 omum
2287 4154 2424 4220 oq'.

443 4257 792 4329 Ἐγείρεσθε.
816 4253 1067 4329 ἀπίωμεν
1097 4249 1399 4329 έγτεῦᾷεν-
1439 4244 1798 4329 Ἐγώ.ειμε.ῆ
1837 4244 2110 4329 ᾅμπελος

505 4317 544 4398 ἦ
572 4317 851 4398 ἀληθινή·
879 4317 1058 4391 ’ὑμεῖς
1084 4322 1155 4377 τὰ
1180 4320 1478 4391 κλήματα,
1509 4317 1611 4373 καὶ
1640 4322 1672 4373 ό
1702 4317 1904 4383 Πατήρ
1928 4334 2049 4386 μου
2078 4318 2111 4370 ό

505 4396 761 4471 γεωργός
783 4396 974 4448 ἐστιν.

505 4488 579 4544 α’.
610 4486 800 4555 Δείλην
829 4483 923 4536 καὶ
957 4481 1216 4552 ἄνανδρον
1257 4479 1358 4551 τὴν
1399 4478 1578 4549 ψυχὴν
1608 4479 1641 4549 ἡ
1690 4476 1901 4547 ἀμαθία
1937 4475 2110 4528 ποιεῖ·

432 4571 721 4645 ὡσπεροῦν
745 4568 987 4642 μεγάλην
1012 4566 1107 4620 καὶ
1128 4564 1339 4636 ὑψηλὴν
1364 4562 1524 4634 ἡτῶν
1546 4562 1811 4645 οὐρανίων
1826 4559 2113 4645 δογμάτων

435 4640 757 4719 παίδευσις(
778 4652 1033 4722 οὐδεμιᾶς
1077 4649 1185 4722 γάρ
1218 4646 1570 4700 ἀπολαύουσα
1596 4643 1935 4712 ἐπιμελείας,
1966 4640 2111 4711 δειλή

436 4740 520 4804 τίς
548 4742 716 4799 ἐστιν,
746 4738 807 4789 οὐ
833 4736 976 4788 κατὰ
1014 4733 1198 4802 φύσιν,
1233 4731 1369 4785 ἀλλά
1409 4728 1551 4783 κατά
1583 4728 1925 4799 προαίρεσιν.
1951 4728 2117 4779 Ὅταν

437 4824 550 4895 γὰρ
579 4822 675 4875 ῐδω
695 4820 785 4873 τὸν
810 4820 1053 4890 ἀνδρεῖον
1077 4817 1210 4870 ποτὲ
1240 4814 1339 4885 μὲν
1353 4812 1650 4884 τολμητὴν,
1675 4812 1770 4864 νῦν
1793 4811 1851 4895 δὲ
1874 4813 1892 4831 '
1918 4808 2114 4895 δειλὸν,

437 4893 627 4964 οὐκέτι
654 4904 869 4975 φύσεως
901 4900 1042 4956 εἷναί
1066 4918 1209 4972 φημι
1234 4900 1296 4952 τὸ
1328 4898 1521 4961 πάθος·
1550 4898 1621 4951 τά
1642 4896 1751 4967 γὰρ
1777 4893 1879 4963 τῆς
1904 4894 2118 4963 φύσεως

440 4990 774 5063 ἀμετάθετα.
822 4987 1014 5050 Πάλιν,
1047 4987 1176 5039 ὅταν
1218 4984 1311 5037 ἴδω
1350 4984 1475 5047 τοὺς
1521 4981 1616 5035 νῦν
1659 4980 1863 5041 δειλοὺς
1924 4977 2119 5048 ἀθρόον

440 5074 718 5146 τολμητὰς,
780 5071 1125 5140 γινομένους,
1172 5067 1233 5120 τὸ
1281 5066 1414 5120 αὐτὸ
1466 5066 1628 5119 πάλιν
1673 5064 2004 5135 ψηφίζομαι,
2051 5063 2117 5131 τῇ

446 5157 770 5230 προαιρέσει
796 5156 857 5207 τὸ
888 5156 995 5207 πᾶν
1019 5151 1316 5215 ἀνατιθείς.
1352 5152 1505 5203 Ἐπεὶ
1533 5151 1627 5203 καὶ
1647 5152 1694 5202 οί
1724 5148 1961 5219 μαθηταὶ
1992 5146 2121 5230 σνρόῖ

444 5228 549 5312 δρα
580 5228 721 5315 ἦσαν
756 5241 922 5296 δειλοὶ
961 5238 1090 5310 πρὶν
1115 5238 1148 5307 ἢ
1177 5234 1369 5307 μαθεῖν
1393 5236 1535 5303 άπερ
1570 5233 1759 5305 ἐχρῆν,
1784 5230 2001 5315 καὶτῆς
2030 5228 2122 5281 τοῦ

446 5312 766 5395 Πνεύματος
799 5321 1096 5391 ἀξιωθῆναι
1137 5320 1365 5388 δωρεᾶς·
1414 5316 1640 5387 ὕστερον
1682 5314 1863 5385 μέντοι
1894 5312 2124 5395 λεόντων

447 5393 697 5480 ἐγένοντο
718 5407 1067 5480 θρασύτεροι.
1096 5404 1206 5458 Καὶ
1238 5403 1442 5475 Πέτρος
1471 5399 1725 5469 κορασίου
1759 5398 1858 5450 οὐκ
1888 5393 2123 5480 ἐνεγκὼν

448 5478 699 5566 ἀπειλὴν,
743 5478 885 5545 κατά
918 5490 1162 5560 κεφαλῆς
1193 5486 1469 5559 ἐκρέματο
1492 5486 1587 5537 καὶ⁵
1613 5480 1996 5566 ἐμαστιγοῦτο,
2030 5478 2126 5532 καὶ

454 5563 991 5651 μυρίακινδυνεύων
1021 5574 1120 5627 οὐκ
1148 5571 1329 5639 ἐσίγα·
1371 5569 1484 5623 ἀλλ’
1515 5567 1709 5651 ὥσπερ
1728 5565 1859 5651 δναρ
1900 5563 2124 5651 πάσχων

450 5644 774 5729 ἀέπασχεν,
826 5657 999 5719 οὔτως
1058 5652 1535 5727 ἐπαρρησιάζετο·
1598 5650 1712 5702 ἀλλ’
1766 5648 1825 5699 οὐ
1878 5644 2122 5729 πρδῌτοῦ

456 5726 713 5812 σταυροῦ.
738 5739 840 5793 Διά
873 5739 1029 5792 τοῦτο
1053 5741 1081 5793 6
1109 5726 1342 5809 Χριστὸς
1367 5734 1571 5802 ἔλεγεν·
1591 5731 1941 5800 Ἐγείρεσθε,
1977 5726 2128 5795 ἁγιω-

518 5828 537 5847 ⁶
563 5830 643 5877 Sic
662 5827 793 5876 bene
826 5829 931 5873 md.
956 5827 1061 5874 709.
1098 5824 1285 5884 Manlii,
1308 5824 1460 5873 Savil.
1492 5827 1542 5872 cl
1565 5820 1672 5870 end.
1694 5817 1787 5870 705
1825 5816 1904 5865 τὸν
1920 5814 2130 5876 ἀνδρεῖον

456 5889 543 5953 μὲν
562 5890 695 5949 nati,
715 5888 790 5937 νῖν.
826 5890 877 5937 δέ
918 5888 1052 5937 Enn.

2212 4262 2328 4314 μεν
2352 4245 2657 4299 ἐντεῦθεν.
2693 4244 2853 4306 Τίνος
2893 4242 3102 4307 ἕνεκεν,
3132 4239 3252 4293 εἰπέ
3309 4255 3434 4308 μοις
3487 4236 3588 4289 οὐκ
3636 4234 3750 4305 ⁴ᾔδει
3796 4230 3899 4303 τὴν

2218 4328 2368 4400 ῶραν
2400 4329 2523 4383 καθ’
2552 4329 2617 4399 ἣν
2645 4326 2868 4397 ἔμελλεν
2895 4322 3284 4394 ἐπιστήσεσθαι
3311 4322 3340 4373 6
3375 4320 3604 4381 Ἰούδας;
3639 4316 3750 4370 ἀλλ’
3782 4314 3901 4400 ἐδε-

2218 4396 2387 4466 δοίκει
2418 4412 2493 4483 μὴ
2518 4396 2634 4464 ἐκεῖ
2658 4396 2826 4462 ἐλθὼν
2854 4409 3104 4478 κατάσχῃ
3144 4406 3361 4469 αὐτοὺς,
3396 4404 3491 4456 καὶ
3526 4401 3656 4473 πρὶν
3757 4396 3901 4483 πλη·

2222 4496 2396 4568 ρῶσαι
2535 4493 2762 4566 ἀρίστην
2784 4477 3153 4553 διδασκαλίαν,
3187 4487 3481 4541 ἐπιστῶσιν
3508 4487 3557 4537 οἰ
3582 4477 3904 4568 ἐπιϐρυλεύ-

2221 4596 2409 4647 οντες;
2436 4580 2675 4645 Ἄπαγε·
2709 4576 2898 4647 πόρρω
2922 4575 3097 4629 ταῦτα
3137 4573 3301 4627 αὐτοῦ
3344 4570 3446 4641 τῆς
3476 4568 3651 4634 ἀξίας.
3700 4565 3761 4617 Εἰ
3790 4561 3905 4647 :06-

2222 4682 2317 4717 νυν
2373 4663 2447 4734 μὴ
2491 4646 2861 4726 ἐδεδοίκει,ίτί
2909 4659 3109 4729 δήποτε
3152 4656 3515 4723 ἀπανίστησιν
3554 4649 3770 4734 αὐτοὺς,
3803 4646 3906 4734 κα)

2228 4729 2471 4818 μετὰ-τὸ
2523 4743 2831 4815 πληρῶσαι,
2883 4743 3004 4794 τότε
3039 4743 3118 4802 εἰς
3167 4739 3257 4791 τὸν
3289 4738 3463 4807 κῆπον
3513 4734 3635 4801 ἄγει
3682 4729 3772 4782 τὸν
3820 4729 3906 4818 τῷ

2237 4810 2405 4900 Ἰούδᾳ
2439 4810 2736 4897 γνώριμον;
2785 4828 2846 4879 Εἰ
2894 4826 2949 4879 δὲ
2988 4826 3081 4877 καὶ
3113 4821 3443 4892 παρεγένετο
3491 4820 3518 4869 ό
3557 4814 3776 4900 Ἰούδας,
3801 4810 3909 4861 οὐκ

2224 4897 2453 4985 ἠδύνατο
2480 4914 2657 4966 αὐτῶν
2696 4911 2953 4981 πηρῶσαι
2980 4910 3079 4972 τάς
3118 4908 3288 4977 ὄψεις,
3326 4905 3354 4957 ὂ
3386 4904 3479 4956 καὶ
3523 4900 3595 4971 μὴ
3642 4897 3910 4985 παρόντος

2227 4982 2533 5070 ἐποίησεη
2576 4998 2719 5060 τίνος
2763 4993 2856 5049 οὖν
2901 4995 3085 5047 ἕνεκεν
3133 4992 3465 5059 ἀφίσταται;
3513 4983 3741 5070 Μικρὸν.
3772 4982 3911 5070 ἀνα-

2227 5061 2456 5134 πνεῦσαι
2501 5061 2683 5132 δίδωσι
2743 5081 2856 5141 τοῖς
2901 5077 3188 5147 μαθηταῖς.
3240 5075 3350 5126 Καὶ
3385 5072 3495 5141 γάρ
3538 5068 3685 5130 εἰκὸς
3715 5061 3783 5134 ἦν
3808 5062 3911 5114 αὐ·

2228 5168 2374 5228 τοὺς,
2403 5164 2500 5218 ἅτε
2529 5166 2584 5215 ἐν
2611 5162 2896 5232 καταδήλῳ
2924 5160 3108 5231 χωρίῳ
3136 5159 3317 5219 ὄντας,
3346 5156 3574 5225 τρέμειν
3618 5151 3711 5202 καὶ
3741 5147 3912 5232 δεδοι-

2230 5249 2406 5307 κέναι,
2439 5246 2547 5299 ἀπό
2578 5261 2639 5296 τε
2667 5241 2760 5296 τοῦ
2811 5242 3025 5312 καιροῦ,
3063 5239 3172 5293 ἀπό
3213 5255 3271 5290 τε
3308 5236 3402 5289 τοῦ
3435 5237 3625 5287 τόπου.
3654 5230 3765 5283 Καὶ
3797 5227 3913 5312 γάρ

2230 5334 2327 5398 νὺξ
2357 5330 2425 5404 ἦν
2459 5331 2755 5402 βαθυτάτη.
2786 5328 2880 5381 καὶ
2911 5310 2981 5398 ἦν
3011 5323 3145 5395 μηδὲ
3172 5323 3430 5393 προσχεῖν
3465 5319 3492 5359 b
3520 5319 3659 5404 τοῖς-
3679 5310 3913 5404 λεγομέ-

2232 5398 2523 5480 νοις,’ἀλλ’
2581 5415 2667 5468 ἀεὶ
2708 5398 3171 5487 περιστρέφεσθαι
3217 5408 3310 5460 καί⁵
3360 5399 3729 5487 φαντάζεσθαι
3764 5398 3917 5487 τοὺς

2234 5500 2720 5571 ἐπιστησομένους·
2764 5482 2861 5551 καὶ
2906 5482 3139 5565 μάλιστα
3180 5492 3342 5543 ὁπότε
3372 5490 3467 5541 καὶ
3499 5488 3526 5539 6
3569 5483 3727 5550 λόγος
3756 5482 3784 5532 6
3811 5482 3913 5571 τοῦ

2232 5565 2560 5640 Διδασκάλου
2594 5583 2897 5654 προσδοκᾷν
2925 5578 3097 5633 ἐποίει
3117 5578 3186 5631 τά
3208 5575 3374 5629 δεινά.
3397 5574 3519 5623 Ἔτι
3544 5571 3652 5637 γὰρ
3668 5565 3913 5654 μικρὸν.ἶ

2235 5673 2418 5741 φησιν,
2449 5670 2543 5723 καὶ
2574 5651 2673 5720 οὐκ
2717 5651 2852 5735 είμὶ-
2886 5664 3005 5735 μεθ’
3040 5663 3214 5733 ὑμῶν,
3254 5657 3348 5711 καὶ
3386 5657 3665 5741 ’βρχεται
3800 5651 3922 5699 τοῦ

2234 5732 2466 5824 κόσμου
2498 5754 2711 5807 τούτου
2749 5732 2968 5820 ἄρχων.
3006 5748 3158 5801 Ἐπεὶ
3208 5740 3302 5797 οὐν
3334 5739 3506 5793 ταῦτα
3540 5736 3635 5790 καὶ
3684 5732 3753 5787 τά
3786 5746 3915 5784 τοι,-⁵

2302 5864 2327 5891 “
2362 5862 2451 5911 Alii
2476 5862 2502 5910 δ
2525 5860 2604 5909 καὶ
2623 5858 2851 5923 παροῦσιν
2874 5857 3084 5915 ἐποίησε.
3153 5853 3181 5896 ι)
3207 5851 3410 5914 Quidam
3434 5847 3700 5911 προσέχειν.
