4100 6362
260 110 304 143 ιι,

276 226 293 317 i

293 356 300 389 i

278 427 392 486 ιω

272 558 344 598 ea
386 541 567 613 (Joan.
598 541 686 596 15.
716 538 868 612 36);
906 547 995 601 et,
1027 537 1107 591 Ad
1159 536 1363 591 Patrem
1409 539 1575 601 vado;
1624 547 1712 602 et,
1756 537 1865 590 Pa-

276 645 363 688 ter
390 634 559 704 major
587 650 665 687 me
690 642 800 699 est;
832 641 905 697 et,
936 632 1215 701 Antequam
1241 632 1419 698 ﬁerent
1460 632 1567 684 dixi
1591 630 1764 694 vobis;
1794 639 1869 698 et,

274 725 403 780 Non
420 740 486 779 ex
510 723 827 779 necessitate
850 722 962 778 haec
978 722 1172 792 patior,
1194 720 1289 775 sed
1314 720 1383 774 ob
1404 720 1576 775 Patris
1595 734 1831 775 amorem
1853 737 1869 786 ;

282 826 349 871 ut
390 826 718 887 cognoscant
747 814 842 881 illi,
876 830 981 869 non
1028 814 1379 883 perniciosam
1421 828 1519 868 nec
1561 813 1870 867 damnosam

279 924 403 963 rem
433 922 589 971 esse;
620 906 881 977 siquidem
912 906 1199 959 admodum
1228 904 1483 975 diligebat
1509 904 1677 969 illum,
1707 914 1759 958 et
1790 907 1872 957 di-

282 999 459 1054 lectus
487 1004 557 1053 ita
584 999 811 1053 volebat.
841 997 963 1052 ideo
985 999 1099 1051 haec
1127 997 1331 1052 laetiora
1352 996 1674 1061 admiscens,
1706 996 1873 1049 tristia

283 1108 506 1163 quoque
555 1092 865 1162 frequenter
913 1090 1271 1155 memorabat,
1313 1100 1372 1144 ut
1422 1090 1633 1144 illorum
1668 1089 1875 1142 animos

288 1196 589 1241 exerceret.
619 1185 749 1239 Nam
776 1185 928 1248 illud,
953 1185 1105 1253 Apud
1130 1200 1216 1237 vos
1238 1183 1455 1237 manebit
1477 1182 1868 1253 (Joan.M.17),

288 1289 367 1345 et,
400 1279 623 1349 Expedit
651 1279 787 1333 vobis
804 1276 913 1347 (Id.
941 1277 1027 1333 16.
1051 1278 1129 1348 7),
1160 1288 1216 1330 ut
1245 1276 1514 1341 recedam,
1548 1274 1875 1330 consolantis

290 1379 465 1426 erant.
499 1369 624 1425 Ideo
656 1370 800 1439 prius
831 1369 1109 1423 innumera
1158 1368 1226 1422 de
1271 1367 1468 1434 Spiritu
1513 1366 1752 1427 dixerat,
1786 1375 1871 1431 ut,

291 1463 361 1517 1η
403 1464 540 1517 vobis
586 1471 690 1527 est,
737 1470 813 1525 et,
848 1461 1072 1515 Mundus
1102 1478 1201 1514 non
1242 1470 1404 1530 potest
1430 1475 1624 1528 capere,
1655 1469 1728 1521 et,
1756 1455 1782 1509 1
1792 1472 1877 1524 pse

290 1557 433 1610 vobis
480 1564 712 1625 suggeret
754 1555 957 1616 omnia,
1001 1562 1089 1618 et,
1122 1553 1346 1625 Spiritus
1395 1552 1655 1616 veritatis,
1700 1550 1876 1617 Spiri-

294 1658 375 1703 tus
416 1658 621 1702 sanctus
642 1688 658 1713 ,
679 1655 771 1713 et,
816 1645 1115 1699 Paracletus
1136 1686 1151 1710 ,
1197 1656 1247 1699 et
1270 1684 1287 1709 ,
1328 1642 1550 1712 Expedit
1594 1640 1730 1695 vobis
1762 1636 1781 1694 Ξ
1812 1656 1878 1694 ne

293 1742 476 1796 animo
504 1738 793 1795 deﬁcerent
829 1741 979 1807 quasi
1010 1736 1154 1791 omni
1177 1751 1278 1806 ope
1304 1745 1360 1789 et
1386 1735 1586 1789 auxilio
1615 1733 1876 1787 destituti.

294 1833 565 1902 Expedire
594 1842 770 1886 autem
799 1830 956 1897 dicit,
997 1828 1287 1884 ostendens
1324 1841 1384 1882 se
1420 1827 1539 1879 illos
1572 1823 1880 1895 spiritualcs

296 1917 650 1971 redditurum.

367 2008 418 2061 5.
453 2005 642 2061 Gratia:
669 2007 741 2060 vis
770 2022 1035 2076 magna.-
1057 2004 1170 2058 lloc
1192 2003 1372 2073 utique
1401 2001 1596 2056 factum
1617 1999 1878 2054 videmus.

297 2098 426 2153 Nam
459 2100 533 2153 illi
564 2109 853 2154 trementes
874 2110 927 2152 et
955 2107 1273 2160 metuentes,
1296 2105 1514 2163 accepto
1545 2104 1724 2164 postea
1755 2094 1845 2160 Spi
1866 2123 1878 2131 -

298 2191 400 2244 ritu
423 2200 627 2253 sancto,
656 2190 707 2243 in
733 2189 962 2258 pericula
992 2189 1384 2251 iusiliebant,et
1411 2186 1637 2253 ferrum,
1660 2184 1877 2247 bestias,

297 2281 495 2345 maria,
532 2280 789 2349 supplicia
829 2280 1006 2332 omnia
1037 2277 1285 2341 adibant;
1317 2286 1370 2331 et
1397 2276 1630 2331 illiterati
1673 2276 1880 2329 idiota--

297 2387 399 2440 qne
425 2387 545 2427 cum
577 2380 720 2426 tanta
752 2372 943 2424 ﬁducia
973 2370 1343 2440 loquebantur,
1379 2378 1436 2422 ut
1462 2368 1732 2421 auditores
1756 2382 1881 2436 per-

299 2462 577 2518 cellerent.
614 2463 686 2516 Ex
714 2462 873 2517 luteis
898 2461 1039 2515 enim
1071 2459 1297 2529 Spiritus
1325 2459 1443 2513 illos
1475 2460 1677 2513 ferreos
1706 2456 1883 2511 reddi-

299 2555 397 2619 dit,
428 2554 676 2608 volueres
704 2554 913 2618 ell'ecit,
941 2567 1041 2607 nec
1066 2551 1189 2605 sivit
1214 2566 1308 2605 eos
1332 2553 1399 2603 ab
1430 2550 1658 2604 humana
1689 2548 1792 2601 ulla
1824 2562 1883 2600 re

300 2647 583 2717 prosterni.
612 2646 754 2700 Talis
796 2652 879 2699 est
924 2643 1225 2713 ltujusmodi
1271 2642 1439 2712 gratia
1474 2659 1488 2695 :
1521 2641 1566 2694 si
1599 2654 1882 2694 maerorem

302 2737 573 2801 inveniat,
606 2738 747 2792 illum
776 2735 967 2803 solvit,
1001 2736 1483 2804 concupiscentiam
1506 2733 1696 2787 malam
1723 2734 1885 2785 absu-

301 2829 431 2893 mit,
471 2829 713 2882 timorem
754 2827 949 2896 exigit,
992 2842 1090 2881 nec
1118 2826 1246 2880 sinit
1275 2825 1357 2879 sui
1396 2824 1707 2895 participem
1750 2824 1885 2877 ultra

303 2919 570 2974 hominem
600 2935 750 2984 esse;
780 2919 871 2973 sed
905 2919 1055 2987 quasi
1088 2918 1138 2971 in
1166 2919 1325 2973 caelos
1359 2916 1671 2970 translatum
1707 2916 1886 2969 omnia

303 3027 422 3081 quae
450 3011 557 3066 illic
582 3019 707 3065 sunt
736 3010 1087 3079 contemplari
1115 3010 1287 3079 jubet.
1336 3009 1458 3063 Ideo
1487 3024 1643 3062 nemo
1668 3008 1768 3062 sibi
1793 3010 1885 3060 ali-

302 3103 429 3174 quid
474 3104 746 3173 proprium
792 3117 913 3157 esse
956 3101 1202 3165 dicebat,
1250 3100 1341 3154 sed
1386 3100 1796 3169 perseverabant
1836 3099 1886 3152 in

304 3195 634 3251 orationibus
661 3236 675 3259 ,
707 3195 758 3248 in
798 3194 977 3248 laetitia
1008 3203 1061 3247 ct
1100 3194 1151 3246 in
1182 3191 1523 3261 simplicitate
1548 3191 1725 3246 cordis
1752 3190 1885 3263 (Act.

304 3288 359 3342 2.
392 3289 507 3359 46).
540 3287 650 3342 lloc
677 3289 820 3343 enim
848 3287 1077 3341 maxime
1115 3287 1341 3355 requirit
1378 3286 1605 3354 Spiritus
1631 3294 1844 3338 sanctus
1873 3302 1885 3336 :

306 3377 529 3433 Fructus
549 3379 681 3432 enim
705 3378 928 3446 Spiritus
952 3389 1023 3431 est
1047 3378 1308 3448 gaudium,
1339 3392 1461 3445 pax,
1491 3378 1633 3443 ﬁdes,
1659 3393 1892 3430 mansue-

308 3469 429 3521 tudo
460 3468 599 3541 (Gal.
712 3468 802 3521 22.
832 3467 947 3537 25).
981 3469 1137 3534 Atqui
1167 3482 1329 3536 saepe,
1362 3467 1587 3537 inquies,
1616 3467 1892 3521 tristantur

308 3559 607 3628 spirituales
648 3558 911 3613 homines.
944 3560 1011 3613 At
1056 3558 1167 3612 lucc
1212 3559 1420 3612 tristitia
1460 3558 1651 3628 gaudio
1686 3558 1892 3613 dulcior

305 3662 410 3707 cst.
457 3652 588 3708 Nam
630 3652 759 3706 Cain
802 3654 1145 3707 contristatus
1182 3663 1300 3715 est,
1343 3652 1436 3706 sed
1483 3652 1691 3705 tristitia
1736 3652 1892 3719 hujus

310 3745 492 3799 mundi
518 3763 532 3800 :
560 3745 756 3799 Paulus
786 3759 993 3813 quoque
1021 3744 1364 3797 contristatus
1406 3752 1530 3809 est,
1565 3742 1659 3798 sed
1697 3758 1892 3797 secun-

308 3838 435 3890 dum
481 3837 669 3890 Deum.
713 3834 977 3905 Quidquid
1014 3836 1156 3889 enim
1202 3816 1481 3903 spirituale
1524 3844 1642 3897 est,
1687 3833 1902 3887 lucrum-

311 3927 473 3982 habet
514 3929 837 3993 maximum;
865 3926 1117 3997 quidquid
1164 3926 1442 3991 satcularc,
1468 3933 1763 3979 extremum
1808 3924 1895 3979 da-

311 4034 516 4073 mnum.
534 4018 874 4073 Attrahamus
897 4018 1055 4088 igitur
1075 4017 1229 4071 nobis
1251 4017 1711 4087 inexpugnabilem
1735 4017 1896 4085 Spiri-

314 4122 400 4167 tus
429 4128 603 4182 opem,
624 4128 718 4182 per
745 4122 1130 4182 praeceptorum
1162 4110 1613 4177 observationem,
1646 4120 1698 4164 et
1730 4110 1894 4163 nihilo

1241 422 1308 479 IN
1343 422 1659 481 JOANNEM
1698 420 1928 477 "OMiL.
1970 420 2205 478 LXXVI.
2246 422 2316 476 al.
2358 422 2568 479 LXXV.

3457 426 3561 488 410

1977 537 2257 592 inferiores
2279 540 2483 609 angelis
2508 540 2727 595 erimus.
2756 540 2938 612 Neque
2961 541 3103 598 enim
3132 543 3227 610 illi,
3253 547 3352 601 etsi
3383 548 3534 603 iocor

1979 629 2145 698 porci,
2178 628 2308 682 tales
2337 639 2460 683 sunt
2486 629 2554 700 (si
2585 632 2726 685 enim
2756 632 2857 688 hoc
2883 634 2952 688 ita
2983 646 3144 699 esset,
3180 638 3353 693 nullus
3383 638 3562 694 incor-

1980 736 2174 790 poreus
2213 722 2382 776 malus
2421 722 2646 787 fuisset)
2672 742 2685 779 :
2710 726 2802 780 sed
2834 728 3079 783 voluntas
3122 731 3324 786 arbitrii
3366 732 3560 805 ubique

1980 815 2029 865 in
2060 828 2217 867 causa
2250 824 2350 867 est.
2381 814 2611 885 Ideoque
2636 818 2793 871 etiam
2826 820 2965 875 inter
2994 822 3338 892 ineorporeos
3364 838 3559 895 reperti

1979 915 2098 958 sunt
2131 905 2450 970 hominibus,
2482 908 2748 979 etiamque
2774 912 2978 975 brutis,
3009 914 3250 982 pejores;
3280 926 3333 970 et
3360 916 3413 970 in
3438 931 3555 970 eor-

1982 990 2330 1064 poreis‘multi
2360 1000 2685 1069 incorporeis
2709 1003 2977 1058 meliores.
3002 1005 3198 1061 Omnes
3221 1008 3413 1077 quippe
3432 1008 3559 1077 juSIi

1983 1099 2176 1142 terram
2208 1090 2565 1146 inhabitantes
2588 1134 2601 1155 ,
2629 1097 2871 1163 corporei
2902 1096 3059 1163 licet,
3096 1097 3229 1152 bena
3257 1115 3415 1168 opera
3444 1102 3527 1155 edi
3551 1129 3560 1137 -

1980 1180 2189 1236 derunt.
2234 1183 2365 1237 Nam
2412 1194 2467 1238 ut
2507 1188 2808 1255 peregrini,
2852 1200 3048 1242 terram
3096 1191 3460 1258 incoluerunt;
3506 1203 3565 1248 ut

1980 1275 2144 1335 cives,
2172 1277 2382 1329 czelum.
2410 1276 2484 1330 Ne
2511 1294 2634 1347 ergo
2658 1280 2824 1345 dicas,
2850 1279 3021 1334 Carne
3042 1283 3397 1336 circumdatus
3422 1300 3561 1349 sum,

1982 1366 2196 1419 vincere
2223 1382 2326 1419 non
2358 1381 2591 1436 possum,
2619 1386 2792 1438 neque
2822 1387 2915 1440 pro
2939 1374 3135 1429 virtute
3166 1374 3373 1429 labores
3398 1377 3567 1430 susci-

1985 1473 2130 1526 pere.
2178 1458 2255 1513 Ne
2285 1475 2505 1515 accuses
2540 1458 2868 1517 Creatorem.
2922 1464 3051 1518 Nam
3089 1466 3131 1519 si
3166 1482 3291 1521 caro
3316 1468 3564 1523 virtutem

1986 1549 2365 1616 impossibilem
2399 1550 2611 1616 reddit,
2642 1567 2746 1606 non
2778 1554 2829 1606 in
2857 1554 3007 1623 culpa
3036 1570 3224 1609 sumus
3259 1575 3269 1609 :
3300 1557 3441 1627 quod
3469 1573 3565 1611 au-

1986 1650 2090 1693 tent
2135 1641 2517 1709 impossibilem
2561 1659 2666 1696 non
2715 1644 2940 1712 reddat,
2982 1647 3217 1701 OSIendit
3259 1659 3564 1704 sanctorum

1984 1733 2198 1788 chorus.
2234 1735 2454 1789 Paulum
2484 1737 2680 1806 quippe
2716 1748 2898 1793 natura
2942 1744 3118 1795 carnis
3148 1759 3250 1796 non
3294 1744 3570 1813 impedivit

1984 1826 2269 1895 qumninus
2290 1828 2406 1881 talis
2424 1828 2693 1895 evaderet,
2715 1846 2813 1885 nec
2836 1831 3071 1899 Petrum,
3092 1836 3375 1903 quominus
3393 1838 3570 1891 claves

1985 1917 2236 1970 cmlorum
2266 1919 2549 1987 acciperet.
2584 1918 2766 1975 Enoch
2798 1937 3012 1977 carnem
3044 1937 3257 1994 gestans
3284 1928 3570 1983 translatus

1985 2021 2087 2075 est,
2120 2022 2172 2063 et
2200 2026 2303 2064 non
2335 2013 2469 2066 ultra
2499 1996 2782 2071 visustic
2809 2025 2861 2070 et
2888 2016 3031 2070 Elias
3056 2034 3173 2071 cum
3205 2035 3365 2074 carne
3390 2030 3572 2089 raptus

1986 2113 2099 2165 est;
2132 2104 2418 2165 Abraham,
2456 2105 2598 2160 Isaae
2639 2116 2693 2161 et
2737 2107 2899 2161 Jaeob
2934 2111 2986 2162 in
3022 2124 3184 2165 carne
3220 2111 3554 2180 resplendue'

1987 2207 2150 2261 runt;
2200 2197 2397 2267 Josepb
2451 2214 2613 2253 carne
2656 2212 2873 2268 opertus
2919 2202 3238 2271 impudicam
3291 2205 3567 2258 mulierem

1988 2292 2278 2359 soperavit.
2326 2293 2527 2361 Ecquid
2571 2294 2691 2349 dico
2734 2310 2947 2349 carnem
2986 2312 3104 2365 qua:
3145 2298 3352 2352 etiamsi
3384 2309 3570 2353 catena

1987 2383 2420 2451 constringatur,
2463 2400 2568 2437 non
2608 2386 2854 2440 laeditur?
2892 2388 2998 2439 Etsi
3041 2402 3138 2457 ego
3173 2389 3379 2442 vinctus
3412 2404 3569 2455 sum,

1990 2474 2160 2544 inquit
2203 2477 2438 2542 Paulus,
2480 2478 2543 2530 At
2587 2480 2789 2532 verbum
2832 2480 2927 2533 Dei
2969 2498 3067 2533 non
3099 2490 3169 2534 est
3197 2481 3570 2552 alligatum(2.

1988 2567 2120 2623 Tim.
2160 2568 2214 2622 2.
2258 2569 2355 2641 9).
2400 2570 2599 2640 Ecquid
2632 2573 2749 2626 dico
2789 2574 2996 2628 vincula
3026 2584 3079 2628 et
3113 2577 3394 2630 catenam?
3423 2576 3574 2631 Adde

1989 2680 2258 2719 carcerem
2288 2675 2341 2719 et
2369 2666 2599 2719 claustra
2625 2708 2640 2731 ,
2667 2678 2721 2721 et
2750 2684 2917 2736 neque
2946 2669 3023 2723 sic
3052 2669 3136 2723 illa
3166 2671 3377 2724 virtutis
3404 2672 3574 2739 impe-

1990 2756 2225 2810 dimenta
2251 2767 2425 2810 erunt.
2462 2757 2535 2811 Ita
2562 2772 2689 2828 ergo
2715 2758 2871 2813 docet
2901 2760 3115 2814 Paulus.
3148 2760 3278 2815 Nam
3307 2761 3573 2815 vinculum

1990 2849 2181 2901 animze
2202 2889 2216 2911 ,
2246 2864 2351 2902 non
2385 2848 2580 2903 ferrum
2604 2892 2619 2915 ,
2644 2851 2737 2904 sed
2766 2851 2925 2903 timor
2950 2862 3003 2905 et
3028 2852 3290 2918 cupiditas
3319 2854 3572 2921 pecunia-

1993 2956 2108 2992 rum
2133 2980 2148 3005 ,
2178 2940 2552 3011 innumerique
2580 2943 2769 2995 morbi.
2801 2942 2925 2996 Haec
2953 2944 3190 2997 vinciunt
3216 2960 3411 3015 corpus
3430 2987 3444 3011 ,
3473 2945 3573 3000 etsi

1992 3032 2223 3085 solutum
2268 3038 2356 3085 sit.
2399 3035 2468 3087 At
2510 3032 2624 3087 haec
2664 3048 2695 3087 a
2736 3048 2959 3103 corpore
2999 3036 3316 3105 pariuntur,
3348 3036 3573 3106 inquies.

1998 3123 2119 3176 ll:cc
2148 3125 2397 3177 obtentus
2438 3131 2563 3177 sunt
2603 3134 2657 3179 et
2700 3108 2849 3179 variae
2892 3127 3271 3182 cavillationes.
3305 3127 3435 3182 Nam
3465 3128 3511 3182 si
3542 3146 3569 3180 a

1993 3233 2219 3288 corpore
2247 3226 2581 3287 parerentur,
2607 3232 2793 3273 onmes
2819 3220 2895 3273 sic
2919 3230 3099 3275 essent
3128 3218 3322 3275 allecti.
3344 3219 3413 3276 Ut
3432 3221 3574 3274 enim

1996 3310 2361 3365 lassitudinem
2382 3350 2396 3373 ,
2424 3324 2697 3374 sonmmn,
2732 3310 2926 3366 famem
2948 3351 2964 3378 ,
2994 3311 3131 3363 sitim
3162 3326 3268 3364 non
3296 3326 3577 3379 possumus

1996 3405 2184 3463 vitare,
2211 3402 2329 3471 quia
2358 3401 2471 3455 haec
2496 3403 2750 3456 naturalia
2778 3412 2903 3457 sunt
2926 3419 2938 3454 :
2964 3403 3039 3455 sic
3061 3411 3113 3455 et
3137 3401 3271 3467 ha-c,
3297 3402 3341 3455 si
3363 3402 3576 3471 quidem

1998 3495 2119 3548 talia
2140 3504 2341 3556 essent,
2363 3492 2628 3547 nemiuem
2653 3495 2890 3548 sinerent
2911 3508 3004 3546 sua
3027 3493 3307 3564 tyraimide
3329 3491 3575 3548 liberum.

1996 3586 2147 3654 Quod
2176 3588 2218 3639 si
2247 3586 2396 3639 mulli
2431 3585 2545 3639 luce
2573 3586 2865 3655 ell‘ugiunt,
2902 3587 3072 3655 palam
3103 3596 3185 3642 est
3220 3589 3334 3642 haec
3360 3589 3485 3642 vitia
3512 3606 3576 3643 ex

1998 3678 2183 3733 deside
2223 3679 2398 3731 anima
2446 3677 2738 3747 prolicisci.
2786 3678 2911 3731 Haec
2960 3678 3118 3748 igitur
3162 3678 3576 3746 abseindamus,

1998 3785 2169 3839 neque
2195 3784 2391 3838 corpus
2420 3771 2749 3835 incnsemus;
2778 3770 2871 3825 sed
2903 3771 3072 3841 ipsum
3107 3772 3297 3824 animat
3325 3771 3580 3841 subjicia-

1999 3877 2135 3923 mus,
2167 3870 2223 3914 ut
2252 3862 2340 3914 illo
2367 3861 2431 3914 ad
2465 3861 2753 3930 parendum
2786 3863 3021 3927 inducto,
3052 3871 3249 3917 aeterna
3280 3878 3581 3933 consequa-

2001 3968 2119 4004 mur
2145 3951 2280 4005 bona
2308 3994 2323 4017 ,
2356 3954 2523 4021 gratia
2560 3962 2615 4006 et
2644 3952 2965 4022 benignitate
3010 3954 3215 4007 Domini
3256 3954 3423 4008 nostri
3456 3954 3584 4009 Jesu

1904 4085 1913 4095 .
2000 4043 2230 4109 Christi,
2258 4044 2341 4097 cui
2372 4045 2536 4113 gloria
2572 4045 2623 4097 in
2650 4047 2841 4099 Sil'CUla
2868 4045 3204 4099 satculornm.
3235 4049 3424 4099 Amen.

1606 4294 1950 4355 HOMILIA
1993 4296 2281 4357 LXXVI.

315 4445 445 4501 CAP.
485 4446 570 4500 H.
610 4461 665 4499 v.
707 4444 795 4499 51.
849 4442 1055 4513 Surgite
1081 4483 1097 4505 ,
1130 4456 1303 4495 eamus
1355 4440 1492 4492 hinc.
1545 4437 1673 4493 CAP.
1716 4439 1803 4494 15.
1842 4454 1897 4495 v.

391 4540 442 4593 1.
486 4537 596 4608 Ego
625 4554 737 4591 sum
766 4537 879 4591 vitis
905 4552 1021 4589 vera
1052 4550 1070 4590 :
1094 4550 1179 4588 vos
1206 4533 1436 4605 palmites
1457 4576 1471 4599 ,
1500 4543 1546 4587 et
1576 4532 1735 4586 Pater
1764 4551 1901 4587 meus

388 4628 611 4698 agricola
639 4638 729 4682 est.

389 4721 442 4774 1.
491 4713 788 4789 Ignorantia
824 4718 1213 4772 imbecillitatem
1255 4719 1409 4787 parit.
1448 4717 1703 4787 Discipuli
1750 4735 1902 4789 quant

317 4811 595 4865 nteticulasi
618 4820 735 4864 ante
759 4808 946 4863 Christi
971 4809 1553 4863 mortem—Timidam
1581 4820 1635 4863 et
1661 4810 1901 4864 imbecil-

318 4902 423 4956 lem
453 4900 684 4954 animam
727 4900 1020 4969 ignorantia
1063 4899 1259 4963 efﬁcit;
1302 4908 1359 4952 ut
1387 4914 1633 4969 magnam
1660 4908 1713 4955 et
1742 4902 1905 4954 subli-

317 5007 458 5046 mem
489 4990 719 5047 czelestis
747 4992 1005 5046 doctrina:
1045 4989 1308 5045 institutio
1339 5008 1352 5045 :
1382 5006 1502 5045 nam
1533 4991 1577 5045 si
1608 5005 1715 5045 non
1756 4992 1906 5046 iusti-

320 5093 503 5139 tuatur
525 5126 541 5150 ,
571 5083 911 5138 formidolosa
946 5092 1028 5138 est
1052 5127 1066 5149 ,
1100 5099 1205 5136 non
1238 5091 1425 5138 natura
1450 5124 1464 5149 ,
1495 5084 1589 5139 sed
1619 5085 1907 5138 voluntatis

322 5176 615 5245 proposito.
630 5176 762 5230 Cum
787 5176 927 5231 enim
952 5176 1255 5245 quempiam
1272 5176 1426 5231 video
1448 5186 1722 5231 strenuum
1746 5178 1907 5231 modo

320 5268 575 5323 audacem
601 5309 616 5332 ,
651 5268 810 5322 modo
841 5268 1244 5323 formidolosum
1271 5311 1285 5336 ,
1319 5284 1424 5323 non
1452 5271 1561 5339 jam
1594 5271 1896 5325 naturaevi-

321 5360 451 5412 tium
496 5373 615 5413 esse
658 5360 780 5414 dico
821 5377 835 5414 :
875 5360 1133 5413 naturalia
1177 5361 1321 5414 enim
1367 5361 1716 5415 immutabilia
1761 5371 1905 5416 sunt.

321 5450 573 5516 Rursum,
600 5465 722 5505 cum
754 5451 908 5505 video
939 5467 1078 5506 nunc
1106 5452 1445 5506 meticulosos
1470 5453 1768 5522 quospiam,
1801 5462 1902 5504 sta-

322 5544 525 5613 timque
564 5543 795 5599 audaces
822 5585 840 5611 ,
873 5544 1099 5614 idipsum
1140 5543 1277 5599 facio
1306 5562 1320 5599 :
1350 5544 1573 5599 arbitrio
1612 5553 1778 5599 totum
1815 5544 1906 5599 ad-

322 5636 523 5689 scribo.
540 5634 671 5689 Nam
695 5635 936 5705 discipuli
963 5636 1247 5691 admodum
1266 5637 1433 5692 timidi
1456 5647 1605 5691 erant
1622 5647 1906 5706 antequam

325 5725 376 5780 id
391 5727 531 5795 quod
559 5743 653 5795 par
680 5738 793 5781 erat
820 5728 1140 5796 ediscerent,
1159 5738 1214 5784 et
1234 5729 1378 5784 dono
1394 5729 1621 5799 Spiritus
1643 5729 1808 5783 sancti
1826 5729 1909 5784 di-

327 5832 614 5888 gnareutur
642 5836 655 5873 :
687 5820 1019 5889 postmodum
1042 5837 1166 5878 vero
1190 5822 1433 5879 leonibus
1456 5822 1769 5878 audaciores
1792 5820 1908 5878 fue-

2008 4454 2151 4496 runt.
2184 4442 2253 4497 Et
2294 4443 2511 4507 Petrus,
2545 4442 2633 4512 qui
2664 4442 2853 4512 puella:
2896 4442 3067 4496 minas
3111 4457 3218 4496 non
3250 4441 3469 4507 tulerat,
3503 4438 3587 4495 in-

2010 4548 2164 4587 verso
2207 4534 2380 4601 capite
2409 4549 2677 4603 appensus
2697 4575 2710 4597 ,
2741 4543 2794 4587 et
2819 4535 3146 4599 verberatus,
3174 4532 3421 4603 milleque
3443 4532 3588 4603 peri-

2008 4626 2143 4679 culis
2192 4626 2499 4694 expositns,
2555 4641 2659 4678 non
2706 4625 2949 4689 tacebat,
3000 4623 3091 4678 sed
3143 4624 3291 4694 quasi
3339 4624 3452 4678 hmo
3496 4639 3588 4694 per

2007 4716 2270 4769 somniant
2301 4727 2586 4785 pateretur,
2631 4717 2707 4770 sic
2749 4717 2913 4771 libere
2954 4716 3301 4784 loquebatur;
3344 4717 3436 4771 sed
3483 4732 3589 4770 non

2007 4817 2131 4861 ante
2158 4822 2390 4860 crucem.
2433 4808 2552 4861 Ideo
2593 4806 2838 4861 Christus
2883 4806 3093 4861 dicebat
3121 4823 3133 4859 :
3166 4807 3391 4877 Surgite,
3420 4825 3591 4861 eamus

2009 4900 2142 4951 hinc.
2176 4900 2286 4965 Qua
2313 4899 2381 4954 de
2405 4914 2585 4964 causa,
2616 4900 2838 4968 qua-so?
2878 4914 2943 4951 an
2972 4899 3244 4967 ignorabat
3275 4900 3459 4953 horam
3486 4915 3589 4969 qua

2009 5002 2427 5061 superventurus
2472 5000 2587 5045 erat
2633 4991 2833 5045 ludas?
2887 5006 2954 5044 an
3018 4991 3237 5046 timebat
3303 5007 3371 5046 ne
3426 4991 3561 5046 adre

2009 5086 2193 5147 niens,
2228 5098 2354 5137 suos
2380 5083 2839 5153 apprehenderet,
2889 5092 2944 5137 et
2969 5092 3251 5154 antequam
3294 5083 3593 5138 doctrinas»

2011 5178 2150 5230 illam
2182 5178 2436 5246 Optimam
2462 5176 2791 5246 eompleret,
2824 5176 3163 5232 insidiatores
3199 5178 3594 5246 irrumperent?

2009 5269 2162 5320 Absit
2194 5284 2207 5319 :
2243 5270 2353 5321 haec
2382 5269 2564 5338 procul
2611 5270 2678 5322 ab
2714 5268 2879 5335 ipsius
2903 5268 3157 5337 dignitate
3196 5279 3337 5324 sunt.
3376 5269 3432 5323 Si
3487 5285 3592 5322 non

2012 5358 2264 5423 timebat,
2295 5376 2389 5413 cur
2415 5360 2570 5413 istinc
2591 5359 2805 5413 abducit
2823 5374 2935 5422 eos,
2960 5368 3014 5413 et
3039 5360 3303 5428 completo
3324 5374 3591 5427 sermone,

2012 5458 2135 5504 tunc
2162 5452 2226 5505 ad
2276 5450 2487 5505 hortum
2518 5450 2668 5505 Juda:
2702 5462 2886 5505 notum
2933 5451 3191 5505 adducit?
3220 5451 3437 5506 Etiamsi
3467 5467 3593 5506 vero

2010 5542 2173 5597 Judas
2200 5544 2534 5611 advenisset,
2566 5560 2741 5599 annon
2775 5554 2982 5615 poterat
3012 5545 3244 5614 ipsorum
3283 5544 3467 5599 oculos
3494 5561 3593 5599 ex-

2011 5653 2245 5703 czecare;
2288 5636 2341 5691 id
2379 5636 2519 5707 quod
2547 5638 2662 5707 ipso
2709 5654 2813 5692 non
2856 5646 3117 5707 praesente
3145 5636 3306 5691 fecit?
3332 5653 3428 5692 cur
3469 5653 3595 5706 ergo
3640 5699 3647 5707 θ

2009 5729 2272 5784 discedit?
2301 5728 2370 5785 Ut
2410 5728 2678 5785 modicum
2732 5729 3028 5799 respirandi
3073 5739 3281 5798 tempus
3323 5728 3594 5799 discipulis

2010 5820 2123 5878 det.
2144 5820 2446 5877 Verisimile
2462 5822 2657 5893 quippe
2680 5830 2795 5878 erat
2815 5837 2927 5891 eos,
2955 5830 3139 5892 utpote
3160 5822 3213 5877 in
3233 5821 3431 5894 patenti
3455 5821 3594 5891 loco,
