4100 6362
424 433 519 488 Ml

426 546 709 605 tremuisse
731 554 788 601 et
811 539 1148 605 formidasse,
1174 547 1231 594 et
1248 553 1278 592 a
1307 546 1566 606 tempore.
1594 542 1650 590 et
1674 550 1707 589 ι
1732 534 1873 590 loco.
1893 531 2008 587 Nox

426 643 626 714 quippe
652 648 767 694 erat
800 634 1084 707 profunda,
1115 645 1213 687 nec
1242 637 1489 700 poterant
1516 627 1672 681 dictis
1698 622 2009 714 attendere,

425 712 548 789 cum
588 744 800 798 semper
826 726 1007 780 animo
1042 730 1318 778 versarent
1354 733 1483 784 eos,
1531 719 1619 788 qui
1671 732 1729 771 se
1777 712 2011 769 invasuri

428 832 627 888 essent,
653 836 773 875 cum
793 818 1023 873 maxime
1038 814 1269 885 Magistri
1293 826 1470 867 sermo
1494 809 1632 864 mala
1654 803 2011 876 exspectanda

427 932 549 972 esse
572 915 805 969 doceret.
839 910 1019 963 Adhuc
1039 908 1309 967 modicum,
1344 905 1546 974 inquit,
1576 912 1629 956 et
1660 916 1765 955 non
1791 915 1887 954 ero
1915 913 2011 951 vo-

428 1011 666 1072 biscum;
715 1016 789 1071 ct,
832 1004 973 1058 Venit
1017 1004 1251 1073 princeps
1282 1000 1431 1069 hujus
1482 996 1656 1049 mundi
1703 993 1881 1063 (Joan.
1920 992 2007 1045 14.

428 1100 516 1155 19.
544 1097 657 1169 50).
685 1095 815 1151 Cum
846 1095 967 1149 talia
999 1109 1127 1163 ergo
1153 1091 1429 1144 audientes
1470 1088 1833 1149 turbarentur,
1875 1098 1938 1137 ac
1967 1082 2012 1135 si

429 1204 551 1244 mox
573 1187 814 1258 capiendi
845 1193 1059 1248 essent,
1091 1184 1142 1237 in
1172 1182 1334 1235 alium
1367 1179 1488 1233 illos
1516 1176 1664 1231 ducit
1692 1176 1866 1230 locum
1893 1192 1907 1239 ;
1957 1180 2016 1226 ut

431 1290 675 1351 putantes
701 1293 759 1333 se
779 1278 887 1347 jam
918 1278 967 1330 in
997 1285 1109 1329 tuto
1131 1289 1280 1337 esse,
1302 1272 1469 1325 libere
1488 1269 1701 1324 demum
1727 1266 1971 1321 audirent
1997 1283 2011 1320 :

431 1386 621 1440 magna
650 1370 846 1439 quippe
894 1366 1139 1435 dogmata
1198 1362 1429 1417 audituri
1483 1370 1656 1415 erant.
1705 1359 1829 1414 Ideo
1879 1358 1953 1412 ait
1997 1375 2012 1412 :

429 1467 835 1535 Surgite,eamus
860 1463 975 1515 hinc
997 1477 1016 1514 :
1040 1458 1233 1514 deinde
1263 1457 1446 1527 adjicit
1476 1475 1489 1509 :
1528 1454 1680 1525 (Cap.
1713 1448 1885 1520 i5.)l.
1904 1450 2015 1521 Ego

430 1574 541 1609 sum
569 1557 701 1617 uitis,
732 1571 817 1608 vos
844 1552 1094 1622 palmites.
1121 1549 1256 1619 Quid
1283 1549 1397 1603 vult
1423 1562 1518 1617 per
1542 1546 1679 1601 hanc
1710 1545 2014 1616 parabolam

430 1646 805 1701 subindicare?
836 1646 968 1699 Eum
998 1644 1087 1713 qui
1115 1659 1220 1697 non
1247 1640 1405 1696 dictis
1427 1639 1664 1694 attendat
1693 1638 1873 1692 vivere
1909 1650 2015 1690 non

434 1755 595 1809 posse
619 1778 635 1802 ,
673 1747 729 1793 et
766 1737 939 1791 futura
984 1737 1131 1805 signa
1159 1749 1186 1787 a
1232 1733 1428 1787 Christi
1472 1732 1667 1785 virtute
1701 1736 2016 1799 proventura

430 1846 571 1886 esse.
600 1828 755 1883 Pater
772 1846 913 1883 meus
937 1828 1160 1898 agricola
1186 1834 1279 1880 est.
1304 1824 1440 1893 Quid
1461 1823 1650 1893 igitur?
1676 1821 1874 1875 auxilio
1897 1830 2018 1890 eget

433 1923 637 1978 Filius?
672 1923 826 1977 Absit
856 1938 870 1975 :
916 1921 1017 1977 hoc
1064 1918 1364 1988 exemplum
1412 1916 1461 1972 id
1496 1931 1603 1971 non
1634 1914 1851 1970 indicat.
1884 1912 2018 1967 Vide

431 2032 589 2085 quam
644 2014 927 2084 diligenter
974 2013 1113 2067 hanc
1161 2010 1469 2081 parabolam
1520 2016 1861 2078 exsequatur.
1901 2005 2017 2060 Non

432 2107 575 2160 enim
601 2105 749 2172 dicit,
778 2104 1010 2159 radicem
1047 2102 1293 2173 agricola:
1313 2116 1441 2156 cura
1464 2099 1601 2163 frui,
1631 2098 1723 2153 sed
1751 2098 2015 2168 palmites.

435 2199 602 2253 ltadix
628 2198 770 2253 enim
793 2212 897 2252 non
923 2196 1009 2251 hic
1034 2206 1381 2259 memoratur,
1405 2193 1497 2247 sed
1524 2192 1681 2246 docet
1708 2190 1839 2245 nihil
1864 2204 2022 2258 posse

437 2297 555 2359 illos
578 2296 789 2366 operari
818 2296 935 2351 sine
961 2310 1073 2350 sua;
1097 2294 1308 2350 virtutis
1333 2292 1551 2357 auxilio,
1567 2300 1624 2347 et
1652 2293 1721 2345 ita
1747 2294 1890 2359 ipsos
1920 2290 2021 2345 sibi

440 2387 545 2441 fide
578 2387 827 2457 conjungi
873 2397 1141 2456 Oportere,
1195 2394 1252 2439 ut
1281 2384 1483 2455 palmes
1530 2383 1621 2437 viti
1667 2382 1927 2453 jungitur.
1963 2381 2021 2435 2.

439 2477 653 2532 Omnem
688 2478 946 2547 palmitem
990 2477 1044 2530 in
1082 2493 1162 2530 me
1187 2492 1287 2529 non
1328 2475 1567 2545 ferentem
1604 2478 1845 2545 fructum,
1885 2473 2024 2527 tollet

437 2587 553 2624 eum
589 2570 766 2625 Pater.
822 2571 919 2625 llic
962 2572 1124 2624 vitam
1173 2569 1509 2635 subindicat,
1556 2567 1869 2632 declarans,
1916 2584 2023 2622 non

438 2679 597 2734 posse
625 2664 925 2733 quempiam
962 2664 1079 2717 sine
1106 2661 1359 2730 operibus
1391 2662 1441 2715 in
1475 2662 1590 2730 ipso
1618 2675 1758 2715 esse.
1805 2658 1870 2712 Et
1913 2676 2024 2711 om-

439 2773 552 2811 nem
590 2757 677 2826 qui
718 2761 815 2828 fert
844 2756 1086 2826 fructum,
1140 2754 1371 2825 purgabit
1417 2770 1573 2817 eum;
1610 2752 1660 2807 id
1703 2761 1818 2817 est,
1862 2751 2027 2805 Multo

442 2847 545 2902 frui
572 2850 716 2903 cultu
747 2849 972 2903 curabit.
1005 2847 1165 2917 Atqui
1204 2847 1355 2901 radix
1401 2846 1550 2916 prius
1578 2860 1736 2914 quam
1784 2843 2027 2914 palmites

442 2958 567 2998 cura
596 2958 730 3012 Opus
776 2944 968 3007 habet;
1014 2940 1331 2997 circumfodi
1375 2950 1430 2997 et
1478 2940 1665 2995 nudari
1696 2938 1901 2994 debet:
1932 2937 2027 2992 sed

443 3037 577 3091 nihil
618 3036 703 3091 hic
741 3035 807 3090 de
836 3036 1015 3091 radice
1048 3036 1207 3100 dicit,
1254 3050 1438 3090 verum
1470 3033 1649 3087 omnia
1691 3032 1757 3087 de
1794 3031 2030 3102 palmiti-

445 3128 575 3191 bus.
608 3129 898 3183 ostendens
935 3142 993 3182 se
1024 3127 1238 3197 quidem
1270 3127 1370 3181 sibi
1402 3125 1689 3191 sufficere;
1739 3123 2030 3194 discipulos

444 3234 620 3279 autem
661 3223 824 3277 multa
855 3236 1014 3293 egere
1055 3220 1300 3289 agricolae
1326 3234 1451 3275 cura
1476 3258 1491 3285 ,
1542 3215 1882 3288 quantumvis
1926 3216 2033 3269 sint

444 3317 641 3372 virtute
672 3312 899 3383 praediti.
928 3312 1051 3368 Ideo
1081 3313 1154 3366 ait
1185 3330 1199 3367 :
1234 3311 1511 3366 Palmitem
1540 3310 1629 3380 qui
1656 3309 1883 3364 fructum
1909 3307 2029 3373 fert,

448 3416 653 3477 purgat.
685 3406 819 3460 Eum
851 3406 942 3476 qui
973 3404 1179 3459 nullum
1207 3404 1342 3470 fert,
1375 3418 1481 3457 non
1510 3403 1761 3472 relinquit
1797 3402 1848 3456 in
1882 3402 1990 3456 vite
2013 3442 2030 3469 ,

449 3516 623 3571 neque
652 3509 827 3571 potest
854 3499 924 3554 ibi
954 3514 1172 3553 manere
1196 3515 1209 3551 :
1238 3513 1360 3553 eum
1389 3512 1519 3551 vero
1538 3496 1627 3567 qui
1654 3496 1759 3550 fert
1782 3494 2031 3561 fructum,

448 3592 855 3648 fructuosiorem
884 3592 1066 3647 efllcit.
1100 3590 1213 3646 Hoc
1236 3590 1304 3645 dc
1330 3589 1584 3645 aerumnis
1612 3605 1735 3644 mox
1783 3588 2037 3643 inducen-

450 3685 535 3740 dis
567 3686 785 3755 intelligi
812 3684 1032 3739 dixeris.
1059 3682 1189 3738 Illud
1215 3684 1383 3745 enim,
1412 3673 1660 3751 Purgabit
1686 3697 1820 3744 eum,
1851 3678 1903 3734 id
1929 3690 2033 3746 est,

452 3776 651 3833 incidet
674 3818 690 3844 ,
718 3775 858 3830 unde
887 3775 1092 3844 palmes
1122 3774 1445 3829 fructuosior
1469 3772 1717 3827 efficitur.
1776 3772 1909 3826 Hinc
1944 3786 2035 3825 os-

451 3870 706 3935 tenditur,
733 3870 1053 3923 tentationes
1080 3867 1201 3922 illos
1223 3867 1470 3921 fortiores
1495 3866 1725 3919 efficere.
1750 3862 1949 3918 Deinde
1971 3876 2040 3916 ne

453 3963 848 4033 interrogarent
874 3962 943 4017 de
977 3962 1294 4031 quibusnam
1328 3960 1441 4013 haec
1465 3958 1700 4023 diceret,
1746 3972 1881 4012 neve
1919 3956 2040 4011 illos

453 4056 647 4111 iterum
668 4056 923 4111 sollicitos
952 4054 1219 4120 redderet,
1247 4054 1322 4107 ait
1346 4070 1360 4108 :
1388 4054 1442 4107 5.
1467 4051 1589 4105 Jam
1614 4068 1698 4105 vos
1722 4050 1897 4104 mundi
1922 4050 2037 4103 estis

454 4158 661 4219 prapter
690 4164 990 4214 sermonem,
1030 4163 1178 4217 quem
1221 4146 1459 4217 loquutus
1501 4162 1612 4199 sum
1649 4144 1806 4198 vobis.
1856 4142 2041 4197 Viden'

453 4240 725 4310 quomodo
768 4256 828 4297 se
877 4249 934 4295 ut
981 4240 1255 4310 palmitum
1310 4249 1610 4294 curatorem
1659 4237 1886 4292 efferat?
1927 4236 2042 4307 Ego

458 4347 556 4387 νυε
577 4332 819 4403 purgavi,
848 4331 1037 4402 inquit,
1064 4331 1190 4386 licet
1215 4332 1459 4399 superius
1484 4330 1585 4385 hoc
1611 4330 1822 4385 Patrem
1854 4330 2043 4384 fecisse

456 4424 693 4481 declaret
724 4443 738 4480 :
771 4424 865 4480 sed
895 4424 1038 4479 nulla
1064 4432 1145 4479 est
1174 4422 1312 4479 inter
1336 4422 1546 4477 Patrem
1586 4430 1639 4476 et
1668 4418 1858 4474 Filium
1884 4418 2043 4474 dili'e-

459 4520 650 4574 rentia.
684 4517 871 4573 Vestra
896 4532 1107 4588 quoque
1133 4515 1368 4571 afferatis
1394 4522 1625 4585 oportet.
1650 4513 1849 4568 Deinde
1876 4521 1932 4566 ut
1952 4528 2041 4567 os-

463 4610 719 4666 tendatse
745 4624 930 4664 eorum
962 4607 1259 4663 ministerio
1288 4624 1393 4661 non
1418 4622 1553 4677 epus
1574 4605 1857 4661 habentem
1889 4604 1939 4660 id
1970 4602 2047 4660 fe-

462 4702 622 4769 cisse,
644 4700 740 4756 sed
770 4710 827 4755 ut
848 4701 947 4770 ipsi
970 4700 1313 4772 proficerent,
1341 4698 1521 4753 subdit
1547 4716 1560 4753 :
1592 4699 1646 4753 4.
1681 4698 1828 4753 Sicut
1853 4696 2045 4768 palmes

463 4811 565 4849 non
590 4802 752 4864 potest
772 4797 905 4863 ferre
928 4796 1147 4865 fructum
1176 4810 1209 4847 a
1231 4794 1495 4862 semetipso
1520 4807 1540 4845 :
1565 4792 1637 4846 sic
1666 4808 1755 4845 nec
1784 4791 1869 4859 qui
1890 4791 1943 4844 in
1970 4806 2048 4844 me

462 4904 565 4942 non
590 4896 776 4941 manet.
805 4884 882 4941 Ne
926 4901 1035 4956 pra:
1063 4895 1207 4940 metu
1248 4883 1709 4949 abscinderentur,
1754 4882 2045 4937 emollitam

466 4979 750 5035 formidine
778 4979 1016 5050 ipsorum
1044 4979 1273 5033 animam
1304 4977 1557 5044 roborat,
1588 4983 1643 5031 et
1684 4977 1783 5031 sibi
1827 4975 2047 5044 conglu-

468 5075 637 5135 tinat,
682 5070 983 5141 bonamque
1019 5085 1168 5139 spem
1220 5068 1391 5125 all‘ert.
1425 5067 1593 5122 Radix
1642 5068 1786 5123 enim
1830 5076 2046 5129 manet;

466 5164 662 5220 auferri
687 5174 780 5219 aut
807 5164 1073 5233 relinqui,
1107 5164 1382 5232 palmitum
1418 5170 1519 5215 est.
1557 5159 1757 5213 Deinde
1803 5159 2051 5229 utrinque

466 5256 783 5327 procedens,
812 5270 842 5309 a
872 5254 1026 5309 bonis
1052 5262 1106 5307 et
1133 5268 1163 5307 a
1190 5252 1429 5307 tristibus
1450 5293 1465 5317 ,
1498 5250 1673 5320 priora
1699 5264 1726 5301 a
1758 5248 1913 5302 nobis
1933 5248 2048 5301 exi-

464 5353 561 5422 git.
590 5351 644 5407 5.
680 5350 779 5418 Qui
804 5360 970 5403 manet
1012 5349 1067 5401 in
1090 5363 1202 5414 me,
1228 5356 1275 5401 et
1306 5362 1397 5417 ego
1427 5344 1481 5398 in
1525 5361 1605 5397 eo.
1628 5342 1816 5397 Viden’
1858 5340 2049 5395 Filium

468 5460 574 5499 non
600 5442 776 5497 minus
794 5456 953 5512 quam
978 5439 1193 5495 Patrem
1215 5436 1283 5492 ad
1308 5435 1690 5507 discipulorum
1715 5447 1896 5488 curam
1919 5447 2051 5486 con-

468 5536 641 5592 ferre?
669 5536 827 5591 Pater
867 5542 1092 5604 purgat,
1123 5531 1236 5602 ipse
1261 5529 1315 5584 in
1341 5544 1401 5584 se
1424 5528 1679 5583 continet.
1710 5525 1924 5579 Manere
1963 5538 2056 5576 au-

470 5640 575 5684 tem
598 5629 651 5683 in
692 5627 870 5681 radice
892 5665 908 5692 ,
935 5624 988 5680 id
1013 5624 1175 5679 efficit
1195 5663 1209 5688 ,
1235 5630 1295 5677 ut
1321 5620 1564 5691 palmites
1591 5617 1819 5672 fructum
1861 5615 2051 5668 ferant.

469 5722 602 5777 Nam
632 5719 773 5791 quod
814 5733 919 5776 non
960 5725 1242 5787 purgatum
1281 5721 1464 5769 manet
1490 5714 1540 5766 in
1572 5709 1789 5771 radice,
1825 5706 2053 5760 fructum

471 5815 570 5867 fert
592 5851 609 5877 ,
632 5812 757 5867 licet
778 5826 885 5865 non
914 5820 1168 5881 quantum
1194 5812 1468 5877 oporteret
1494 5820 1508 5869 ;
1535 5800 1675 5873 quod
1700 5814 1807 5855 non
1833 5805 2056 5864 manet,

476 5905 627 5962 nihil.
662 5906 908 5959 Attamen
934 5918 1158 5973 purgare
1186 5902 1344 5958 etiam
1372 5898 1491 5955 Filii
1516 5911 1635 5954 esse
1655 5904 1928 5952 ostensum
1949 5901 2052 5958 est,

1161 424 1217 480 S.
1254 420 1532 479 JOANNIS
1567 415 2039 475 CllRYSOSTOMl
2077 414 2395 473 ARCHIEP.
2435 417 2964 475 CONSTANTINOP.

3592 423 3698 481 ΗΞ

2120 540 2175 587 et
2209 531 2261 587 ln
2303 532 2481 589 radice
2526 550 2779 599 manere,
2811 536 3024 602 Patris,
3081 537 3172 607 qui
3223 536 3456 595 radicem
3493 544 3698 612 genuit.

2187 624 2244 679 2.
2285 624 2537 680 Fructum
2585 645 2686 682 non
2735 631 2868 700 ferre
2918 639 3161 700 quantum
3205 631 3416 687 malum.
3472 634 3673 689 Christu

2117 717 2396 819 discipulos
2420 720 2652 774 hortatur
2696 722 3099 793 consolaturque,
3133 725 3185 777 in
3206 726 3377 779 multis
3402 742 3456 779 se
3474 717 3741 819 ἰηιιεεὶι-ἰ

2119 809 2249 863 litati
2276 827 2452 864 eorum
2502 822 2862 882 attemperans.
2884 845 2955 855 —-
2990 815 3174 871 Viden‘
3209 818 3479 887 quomodo
3520 821 3698 875 omnia
3726 809 3737 867 ἱ

2118 903 2422 957 communia
2452 904 2589 970 sint,
2624 915 2679 960 et
2705 922 2932 976 purgare
2955 949 2973 974 ,
3017 916 3072 962 et
3094 908 3287 965 radicis
3329 911 3523 967 virtute
3560 911 3699 968 frui?
3728 922 3733 947 τ

2119 993 2362 1064 Magnum
2390 1007 2536 1052 certe
2564 997 2974 1065 detrimentum,
3006 1002 3138 1057 nihil
3166 1018 3322 1071 posse
3355 1002 3567 1070 facere;
3612 1022 3703 1061 ve-
3730 994 3735 1003 ’

2120 1103 2237 1142 rum
2265 1104 2371 1143 non
2406 1089 2490 1143 hic
2527 1091 2732 1146 sistitur
2766 1108 2942 1162 paena,
2974 1095 3068 1149 sed
3111 1096 3331 1151 ulterius
3359 1098 3621 1167 procedit.
3643 1100 3698 1154 6.

2123 1180 2369 1248 Mittetur,
2421 1185 2621 1254 inquit,
2678 1189 2845 1255 foras,
2893 1202 2998 1242 non
3041 1189 3268 1258 amplius
3314 1192 3612 1259 excoletur,
3653 1205 3705 1247 et

2120 1283 2308 1327 arescet
2330 1292 2349 1340 ;
2374 1275 2424 1328 id
2450 1284 2532 1329 est
2551 1317 2565 1340 ,
2597 1275 2653 1331 Si
2681 1278 2814 1347 quid
2835 1278 3016 1335 habuit
3035 1296 3101 1335 ex
3122 1281 3299 1337 radice
3317 1324 3333 1349 ,
3372 1284 3424 1337 id
3449 1284 3699 1353 deponit;

2121 1366 2165 1420 si
2194 1382 2351 1436 quam
2382 1368 2602 1437 gratiam
2627 1409 2643 1436 ,
2688 1370 2773 1424 illa
2803 1370 3047 1438 nudatur,
3076 1382 3133 1428 et
3159 1375 3303 1429 omni
3350 1376 3475 1431 inde
3500 1378 3703 1431 auxilio

2122 1466 2175 1511 et
2203 1460 2307 1512 vita
2349 1459 2628 1529 spoliatur.
2676 1461 2870 1532 Ecquis
2916 1464 3080 1518 finis?
3117 1463 3183 1518 In
3213 1467 3375 1536 ignem
3424 1468 3699 1539 injicietur.

2123 1549 2227 1605 Sed
2258 1565 2361 1604 non
2397 1552 2514 1606 talis
2539 1562 2621 1607 est
2650 1552 2738 1623 qui
2770 1562 2949 1608 manet
2982 1555 3035 1609 in
3070 1556 3198 1611 vite.
3244 1558 3445 1613 Deinde
3469 1561 3706 1615 ostendit

2123 1642 2357 1711 quid'sit
2396 1658 2657 1711 manere,
2688 1656 2742 1700 et
2765 1646 2881 1700 ait:
2922 1647 2975 1700 7.
3022 1646 3084 1702 Si
3129 1648 3277 1703 verba
3319 1666 3433 1704 mea
3472 1652 3526 1705 in
3568 1653 3706 1706 vobis

2124 1736 2417 1789 manserint.
2467 1735 2652 1791 Videu’
2671 1753 2758 1792 me
2799 1738 2920 1807 jure
2966 1742 3213 1809 superius
3257 1742 3479 1811 dixisse,
3531 1745 3702 1814 ipsum

2123 1840 2346 1894 cperum
2392 1826 2901 1886 demonstrationem
2965 1834 3245 1902 quaerere?
3303 1832 3434 1889 Cum
3484 1836 3708 1893 dixisset

2123 1920 2287 1985 enim,
2317 1920 2700 1991 Quodcumque
2723 1923 2999 1991 petieritis,
3031 1923 3242 1991 faciam,
3265 1925 3498 1993 addidit,
3539 1927 3601 1982 Si
3627 1928 3708 1982 di-

2126 2013 2280 2083 ligitis
2308 2030 2418 2080 me,
2462 2015 2705 2069 mandata
2729 2033 2841 2070 mea
2861 2027 3052 2072 servate
3071 2032 3091 2083 ;
3112 2029 3167 2073 et
3196 2018 3283 2074 hic
3304 2061 3319 2086 ,
3349 2020 3411 2075 Si
3456 2023 3707 2076 manseri-

2126 2106 2191 2158 tis
2218 2105 2271 2158 in
2300 2121 2379 2158 me
2394 2145 2411 2172 ,
2438 2103 2489 2159 et
2511 2107 2659 2161 verba
2679 2123 2791 2161 mea
2814 2109 2867 2162 in
2888 2108 3023 2163 vobis
3044 2111 3339 2176 manserint,
3362 2112 3712 2180 auodcumque

2126 2198 2420 2266 volueritis,
2472 2201 2640 2268 petite,
2680 2208 2726 2254 et
2764 2200 2849 2269 [iet
2892 2201 3029 2255 vobis
3087 2200 3264 2271 (Joan.
3312 2203 3400 2257 14.
3458 2205 3543 2259 14.
3591 2205 3704 2273 15).

2129 2290 2255 2345 llzcc
2279 2301 2458 2346 autem
2483 2291 2728 2357 dicebat,
2763 2292 3054 2349 ostendens
3081 2294 3205 2349 illos
3247 2295 3337 2364 qui
3385 2296 3711 2351 insidiaban-

2131 2390 2217 2436 tur
2256 2382 2335 2447 ei,
2368 2382 2707 2438 combustum
2738 2384 2836 2449 iri;
2864 2384 3009 2454 ipsos
3036 2394 3217 2439 autem
3246 2385 3472 2441 fructum
3511 2387 3711 2442 laturos

2129 2489 2270 2530 esse.
2298 2474 2442 2530 Metu
2472 2477 2650 2546 itaque
2675 2491 2740 2531 ex
2771 2476 2853 2532 his
2882 2478 2934 2531 in
2966 2478 3087 2532 illos
3117 2477 3394 2546 translato,
3428 2490 3709 2550 postquam

2130 2568 2364 2623 ostendit
2408 2569 2551 2639 ipsos
2597 2569 3031 2639 inexpugnabiles
3062 2570 3210 2635 fore,
3256 2572 3367 2625 ait:
3408 2571 3462 2626 8.
3508 2571 3573 2626 In
3619 2574 3715 2626 hoc

2129 2662 2439 2731 clariﬁcatus
2455 2673 2526 2716 est
2551 2661 2704 2717 Pater
2724 2680 2883 2729 meus,
2902 2672 2954 2716 ut
2970 2664 3252 2733 eﬂiciamini
3270 2665 3365 2719 mei
3388 2665 3645 2735 discipuli,
3666 2675 3714 2719 et

2133 2757 2353 2826 fructum
2396 2754 2673 2824 plurimum
2694 2753 2940 2821 offeratis.
2973 2754 3107 2810 Hinc
3133 2754 3237 2809 [ide
3257 2755 3473 2826 diguttm
3507 2771 3713 2811 sermo.

2134 2863 2256 2903 nem
2303 2837 2519 2915 proferi.
2549 2846 2683 2902 Nam
2719 2848 2764 2904 si
2796 2848 2862 2902 ad
2900 2848 3121 2919 gloriam
3167 2849 3337 2903 Patris
3373 2850 3542 2920 vergit
3575 2850 3717 2918 quod

2135 2938 2337 2995 fructus
2361 2938 2636 3004 afferatur,
2666 2954 2770 2994 non
2814 2940 3045 3010 negliget
3080 2939 3302 3010 gloriam
3332 2954 3503 2995 suam.
3545 2940 3611 2994 Et
3635 2944 3716 3010 ef-

2136 3033 2374 3102 ﬁciemini
2409 3032 2506 3085 mei
2532 3031 2786 3100 discipuli.
2812 3030 3001 3086 Viden‘
3040 3031 3307 3099 quomodo
3344 3031 3433 3087 ille
3478 3032 3567 3102 qui
3618 3032 3720 3087 fert

2137 3125 2364 3181 fructum
2408 3125 2696 3193 discipulus
2725 3125 2833 3178 sit?
2859 3123 2996 3191 Quid
3025 3122 3288 3192 significat
3316 3123 3443 3178 illud
3467 3164 3485 3191 ,
3513 3122 3579 3178 In
3620 3125 3717 3180 hoc

2136 3222 2444 3291 clariﬁcatus
2472 3231 2543 3274 est
2576 3219 2777 3274 Pater?
2820 3218 2876 3274 id
2902 3228 3024 3284 est,
3073 3218 3312 3284 Gaudet,
3362 3234 3481 3274 cum
3528 3233 3623 3273 vos
3668 3220 3720 3273 in

2138 3332 2225 3373 me
2254 3318 2501 3383 manetis,
2530 3331 2651 3370 cum
2683 3314 2911 3370 fructum
2939 3314 3109 3370 fertis.
3151 3314 3203 3370 9.
3239 3313 3387 3369 Sicut
3430 3314 3604 3368 dilexit
3642 3330 3725 3367 me

2140 3409 2319 3477 Pater,
2349 3420 2394 3464 et
2420 3426 2511 3481 ego
2539 3410 2694 3464 dilexi
2730 3426 2835 3463 vos.
2866 3410 2961 3465 llic
2984 3408 3198 3464 demum
3238 3408 3518 3463 humanius
3550 3410 3720 3479 loqui-

2141 3513 2263 3557 tur:
2298 3518 2419 3556 nam
2449 3500 2612 3567 illud,
2662 3510 2718 3557 ut
2742 3502 2809 3555 ad
2836 3501 3081 3556 homines
3120 3501 3320 3560 dictum
3350 3504 3366 3534 ¹
3388 3543 3403 3568 ,
3455 3504 3723 3572 propriam

2140 3600 2247 3649 vim
2288 3595 2468 3649 habet.
2500 3593 2634 3649 Nam
2667 3594 2758 3663 qui
2785 3594 2921 3648 mori
2947 3594 3116 3649 voluit
3139 3635 3153 3658 ,
3176 3595 3265 3664 qui
3305 3608 3491 3649 servos
3511 3635 3524 3657 ,
3548 3593 3725 3647 inimi-

2140 3701 2233 3742 cos
2258 3694 2315 3741 et
2345 3686 2523 3740 hostes
2554 3695 2699 3741 tanto
2725 3685 2969 3756 dignatus
2996 3696 3078 3741 est
3109 3685 3344 3750 honore,
3387 3686 3475 3756 qui
3518 3685 3584 3740 ad
3618 3700 3726 3740 ca:-

2143 3778 2250 3832 lum
2276 3777 2445 3840 duxit,
2472 3787 2726 3848 quantum
2753 3780 2951 3831 amoris
2980 3777 3195 3832 modum
3216 3776 3497 3832 exhibuit?
3521 3777 3577 3833 Si
3598 3793 3727 3847 ergo

2143 3874 2239 3923 vos
2253 3868 2439 3939 diligo,
2460 3870 2732 3924 confidite.
2758 3870 2813 3925 Si
2841 3870 3015 3925 Patris
3040 3880 3122 3925 est
3141 3870 3310 3940 gloria
3338 3869 3477 3940 quod
3500 3870 3724 3924 fructum

2146 3960 2345 4026 feratis,
2384 3961 2515 4015 nihil
2545 3962 2742 4016 malum
2785 3962 3148 4031 suspicemini.
3185 3962 3386 4016 Deinde
3413 3979 3480 4016 ne
3510 3963 3727 4031 supinos

2144 4055 2411 4122 redderet,
2444 4056 2565 4110 vide
2594 4056 2864 4126 quomodo
2898 4071 3085 4110 rursus
3123 4055 3407 4110 devinciat.
3440 4055 3640 4109 Manete
3675 4056 3729 4108 in

2146 4148 2409 4202 dilectione
2438 4165 2568 4201 mea.
2613 4147 2726 4203 Hoc
2747 4148 2798 4202 in
2827 4156 3004 4203 vestra
3034 4156 3117 4202 est
3139 4157 3423 4218 potestate.
3452 4147 3729 4216 Quomodo

2145 4250 2322 4296 autem
2354 4240 2457 4295 hoc
2482 4240 2623 4295 erit?
2650 4240 2736 4295 10.
2767 4240 2826 4295 Si
2854 4249 3103 4311 pracepta
3130 4256 3240 4293 mea
3271 4240 3601 4305 servaveritis,
3623 4240 3727 4292 sic-

2146 4342 2201 4387 ut
2244 4342 2290 4387 et
2334 4349 2425 4403 ego
2466 4343 2717 4403 praecepta
2753 4332 2927 4388 Patris
2975 4333 3071 4387 mei
3114 4333 3325 4386 servavi.
3377 4332 3578 4387 Rursus
3628 4334 3729 4385 Int-

2147 4442 2307 4483 mano
2346 4441 2494 4481 more
2535 4441 2712 4481 sermo
2751 4425 3012 4496 procedit.
3061 4424 3245 4496 Neque
3280 4426 3426 4480 enim
3464 4424 3731 4495 legislator

2150 4522 2432 4595 praeceptis
2454 4519 2698 4575 subditus
2717 4534 2838 4574 esse
2856 4518 3104 4573 debebat.
3128 4517 3317 4572 Viden’
3348 4518 3399 4572 id
3422 4516 3563 4587 quod
3587 4531 3731 4570 sem-

2151 4632 2247 4687 per
2273 4614 2412 4676 dico,
2439 4613 2526 4667 hic
2554 4612 2712 4666 etiam
2737 4610 2975 4665 exhiberi
2994 4618 3210 4679 propter
3226 4607 3526 4662 auditorum
3558 4606 3729 4661 imbe-

2149 4707 2468 4765 cillitatem?
2503 4706 2635 4761 Nam
2666 4704 2957 4759 secundum
2986 4702 3195 4758 illorum
3234 4701 3539 4771 opinionem
3571 4700 3733 4754 multa

2150 4800 2313 4867 dicit,
2342 4814 2406 4854 ac
2430 4813 2526 4867 per
2552 4798 2730 4853 omnia
2760 4796 3028 4863 ostendit,
3058 4795 3181 4850 illos
3225 4795 3278 4849 in
3316 4804 3430 4849 tuto
3480 4807 3601 4849 esse
3622 4832 3638 4858 ,
3681 4802 3735 4847 et

2153 4892 2398 4947 inimicos
2428 4891 2639 4945 illorum
2672 4903 2888 4959 pessum
2925 4887 3036 4950 ire,
3065 4897 3224 4957 atque
3271 4886 3452 4940 omnia
3479 4900 3598 4956 qua;
3637 4885 3734 4938 ha-

2154 4984 2313 5047 bent,
2356 4998 2387 5037 a
2417 4982 2553 5037 Filio
2595 4980 2827 5043 habere,
2857 4987 2915 5035 et
2960 4980 3004 5032 si
3027 4978 3189 5032 vitam
3235 4994 3419 5048 puram
3466 4984 3658 5046 agant,
3706 4991 3735 5028 a

2156 5077 2315 5131 nullis
2354 5090 2606 5146 umquam
2650 5082 2960 5143 superatum
3007 5071 3091 5125 iri.
3126 5069 3504 5125 Animadverte
3558 5078 3736 5123 autem

2154 5184 2275 5223 cum
2293 5178 2486 5238 quanta
2510 5167 2757 5235 loquatur
2773 5163 2903 5233 ipsis
2919 5163 3256 5217 auctoritate.
3276 5160 3392 5216 Non
3418 5159 3551 5214 dixit
3570 5159 3735 5221 enim,

2156 5264 2367 5319 Manete
2407 5263 2459 5317 in
2488 5260 2775 5316 dilectione
2797 5258 3009 5323 Patris;
3040 5255 3166 5322 sed,
3210 5253 3277 5308 In
3311 5254 3577 5307 dilectione
3604 5268 3735 5304 mea.

2157 5356 2361 5411 Deinde
2389 5369 2456 5409 ne
2480 5353 2753 5415 dicerent,
2784 5351 3068 5420 Postquam
3100 5362 3199 5401 nos
3224 5346 3470 5401 omnibus
3496 5344 3741 5398 inimicos

2158 5447 2366 5513 fecisti,
2398 5457 2524 5501 tunc
2552 5461 2649 5500 nos
2674 5445 2933 5514 relinquis
2970 5451 3024 5497 et
3050 5440 3295 5505 recedis;
3324 5436 3557 5493 ostendit
3581 5450 3640 5489 se
3675 5434 3740 5487 il-

2160 5542 2241 5596 los
2274 5557 2381 5595 non
2414 5540 2718 5610 relinquere
2738 5580 2754 5606 ,
2775 5537 2867 5591 sed
2897 5537 2966 5591 ita
2995 5535 3124 5605 ipsis
3149 5533 3417 5604 copulari,
3450 5531 3492 5585 si
3528 5527 3741 5599 quidem

2159 5633 2359 5698 velint,
2390 5640 2446 5686 ut
2483 5632 2755 5700 palmitem
2786 5628 2899 5684 viti.
2930 5626 3270 5696 Rursumque
3300 5640 3365 5677 ne
3411 5621 3629 5675 nimimn
3673 5616 3740 5669 fi-

2161 5725 2349 5779 dentes
2377 5725 2551 5793 supini
2591 5722 2917 5785 evaderent,
2955 5736 3059 5773 non
3091 5718 3366 5772 immotum
3399 5714 3510 5766 fore
3544 5710 3743 5763 bonum

2162 5816 2325 5876 dicit.
2358 5816 2401 5870 si
2432 5816 2645 5869 desides
2674 5813 2889 5868 fuerint.
2920 5812 3051 5867 Hinc
3078 5825 3144 5863 ne
3169 5808 3268 5862 sibi
3291 5814 3458 5862 totum
3484 5800 3743 5863 referret,

2230 5909 2248 5943 ⁸
2284 5909 2447 5962 Morel.
2473 5907 2613 5973 tegit,
2638 5915 2689 5959 ut
2708 5907 2768 5957 ab
2792 5904 2977 5959 homine
2999 5904 3199 5956 diction.
