4100 6362
238 412 341 470 441

233 538 379 592 at,“
400 532 691 591 ἀκούοντες
728 525 1104 598 ἐθορυϐοῦντο,
1140 528 1215 591 ὡς
1262 529 1461 583 αὐτίκα
1511 529 1655 599 μάλα
1689 527 1894 583 ἀλωσό-

236 642 413 696 μενοι,
442 622 565 690 ἀγει
589 619 668 680 εἰς
692 617 855 669 τόπον
890 617 1084 679 αὐτοὺς
1115 616 1325 688 ἕτερον,
1356 618 1445 670 ἵνα
1489 618 1810 687 νομίσαντες
1832 616 1891 669 ἐν

233 711 506 782 ἀσφαλείᾳ
547 702 708 770 εἶναι,
757 705 895 776 μετὰ
933 704 1114 768 ἀδείας
1137 703 1322 757 λοιπὸν
1355 704 1616 758 ἀκούωσι.
1647 705 1755 757 Καὶ
1789 703 1897 773 7&9

232 800 461 870 ἔμελλον
489 794 736 866 μεγάλων
766 791 1092 845 ἀκούσεσθαι
1125 791 1430 862 δογμάτων.
1473 792 1572 844 Διά
1600 790 1758 843 τοῦτό
1801 806 1903 858 φη-

234 902 343 941 σιν·
379 885 733 953 Ἐγείρεσθε,
777 880 1008 949 ἄγωμεν
1049 879 1350 935 ἐντεῦθεν.
1389 875 1525 933 Εἶτα
1556 876 1851 947 ἐπαγαγών
1876 890 1899 917 ει

234 990 421 1043 φησιν·
454 968 603 1043 [447]
621 966 766 1037 Ἐγώ
795 969 910 1036 εἰμι
944 968 982 1035 ἡ
1009 965 1294 1035 ἄμπελος.
1323 965 1491 1035 ὑμεῖς
1514 967 1585 1019 τὰ
1605 965 1900 1033 κλήματα.

234 1060 304 1112 Τί
338 1056 585 1129 βούλεται
616 1054 703 1108 διά
752 1053 850 1123 τῆς
890 1053 1202 1125 παραϐολῆς
1242 1052 1600 1116 αἰνίττεσθαι;
1637 1053 1759 1105 Ὅτι
1811 1050 1902 1102 τὸν

240 1146 318 1217 μὴ
356 1144 695 1216 προσέχοντα
724 1145 836 1203 τοῖς
862 1140 1174 1210 λεγομένοις
1203 1138 1303 1210 ζῇν
1325 1140 1424 1192 οὑκ
1461 1138 1560 1202 ἔνι,
1591 1139 1684 1192 καὶ
1712 1140 1793 1191 ὅτι
1834 1137 1903 1190 τὰ

240 1231 501 1303 μέλλοντα
522 1232 724 1301 σημεῖα
744 1228 849 1280 ἀπὸ
868 1228 966 1297 τῆς
988 1227 1082 1280 τοῦ
1104 1226 1340 1297 Χριστοῦ
1367 1226 1574 1294 γίνεται
1600 1226 1900 1293 δυνάμεως.

249 1318 316 1371 '0
347 1315 547 1385 Πατήρ
577 1334 695 1385 μου
726 1317 759 1368 ὁ
784 1317 1037 1384 γεωργός
1057 1314 1207 1368 ἐστι.
1240 1313 1306 1365 Τί
1332 1309 1425 1365 οὖν
1450 1329 1463 1377 ;
1492 1312 1771 1383 ἐνεργείας
1799 1312 1905 1363 δεῖ-

238 1421 331 1457 ται
356 1405 385 1456 6
413 1404 568 1469 Υἰός;
597 1403 833 1468 ’Δπαγεο
868 1400 929 1452 τὸ
957 1400 1065 1471 7&9
1095 1399 1399 1467 ὑπόδειγμα
1441 1398 1599 1451 τοῦτο
1640 1398 1701 1449 οὐ
1741 1397 1900 1449 τοῦτο

237 1491 407 1559 δηλοῖ.
444 1490 587 1562 Ὀρα
630 1489 761 1558 γοῦν
809 1488 925 1558 μεθ’
972 1488 1102 1557 ὅσης
1146 1485 1429 1557 ἀκριϐείας
1479 1485 1768 1556 ἐπέρχεται
1804 1484 1904 1550 τὴν

241 1577 576 1649 παραϐολήν.
603 1578 677 1631 Οὐ
705 1576 813 1646 7&9
837 1574 933 1645 τὴν
968 1573 1121 1643 ῥίζαν
1143 1572 1435 1626 ἀπολαύειν
1456 1573 1555 1640 τῆς
1590 1572 1904 1642 ἐπιμελείας

241 1664 336 1719 τοῦ
365 1664 631 1736 γεωργοῦ,
673 1663 809 1718 ἀλλά
855 1663 921 1715 τά
962 1661 1213 1732 κλήματά
1254 1676 1438 1731 φησιν.
1474 1661 1539 1712 Ἡ
1584 1658 1708 1730 ῥίζα
1754 1658 1811 1712 δέ
1837 1658 1903 1711 δι’

241 1752 394 1806 οὐδὲν
418 1752 788 1823 παρείληπται
826 1749 1079 1813 ἐνταῦθα,
1128 1748 1241 1801 ἀλλ’
1269 1748 1355 1800 ἵνα
1398 1746 1662 1818 μάθωσιν,
1695 1747 1777 1799 ὅτι
1805 1746 1906 1817 τῆς

242 1840 411 1894 αὑτοῦ
449 1839 729 1910 δυνάμεως
771 1839 940 1909 χωρὶς
966 1836 1117 1890 οὐδὲν
1145 1835 1471 1907 ἐργάζεσθαι
1512 1834 1782 1894 δύνανται,
1812 1834 1907 1887 καὶ

241 1927 326 1980 ὅτι
355 1926 526 1990 οὕτως
549 1925 745 1989 αὐτοὺς
778 1924 1018 1996 ἡνῶσθαι
1058 1923 1139 1976 δεῖ
1182 1926 1249 1993 τῇ
1292 1922 1491 1988 πίστει,
1533 1921 1609 1985 ὼς
1637 1920 1697 1974 τὸ
1721 1920 1908 1991 κλῆμα

242 2017 310 2085 τῇ
336 2014 583 2085 ἀμπέλῳ.
624 2012 753 2068 Πᾶν
780 2011 985 2081 κλῆμα
1033 2011 1104 2064 ἐν
1139 2010 1269 2079 ἐμοὶ
1299 2009 1385 2078 μὴ
1438 2008 1621 2078 φέρον
1653 2008 1904 2075 καρπὸν,

242 2103 395 2171 αἴρει
444 2102 588 2156 αὐτὸ
642 2104 675 2156 ό
729 2100 951 2167 Πατήρ.
991 2098 1254 2154 Ἐνταῦθα
1300 2098 1392 2152 τὸν
1432 2097 1545 2167 βίον
1590 2096 1905 2161 αἰνίττεται,

242 2189 473 2253 δεικνὺς,
498 2190 578 2242 ὃτι
603 2188 771 2259 χωρὶς
802 2186 977 2258 ἔργων
1018 2187 1117 2239 οὑκ
1158 2185 1305 2238 ἐστιν
1332 2179 1472 2239 εἶναι
1513 2185 1569 2236 ἐν
1598 2182 1765 2253 αὑτῷ.
1797 2182 1906 2236 Καὶ

243 2275 367 2331 πᾶν
398 2276 465 2330 τὸ
489 2276 722 2344 καρπὸν
754 2275 958 2344 φέρον,
983 2275 1245 2341 καθαίρει
1280 2271 1446 2334 αὐτὸ,
1480 2271 1746 2332 τουτέστι,
1768 2269 1908 2323 Πολ-

243 2364 343 2431 λῆς
371 2362 688 2433 ἐπιμελείας
726 2361 1020 2416 ἀπολαύειν
1059 2362 1222 2414 ποιεῖ.
1273 2359 1467 2413 Καίτοι
1501 2359 1532 2428 ή
1587 2358 1710 2427 ῥίζα
1738 2356 1908 2409 δεῖται

244 2450 562 2522 ἐπιμελείας
612 2450 719 2520 πρὸ
766 2448 874 2502 τῶν
902 2448 1216 2519 κλημάτων,
1254 2445 1757 2517 περισκαπτομένη,
1806 2462 1907 2513 γυο

248 2538 542 2610 μνουμένηο
574 2538 687 2592 ἀλλ’
715 2536 867 2590 οὐδὲν
898 2535 1132 2589 ἐνταῦθα
1163 2534 1291 2606 περί
1318 2534 1521 2604 ταύτης
1545 2534 1728 2603 φησὶν,
1775 2531 1911 2585 ἀλλά

242 2625 306 2678 rb
337 2627 443 2679 πᾶν
478 2625 607 2697 περί
657 2624 971 2695 κλημάτων·
1020 2622 1252 2684 δεικνὺς,
1293 2622 1374 2675 ὅτι
1408 2619 1569 2683 αὐτὸς
1606 2619 1701 2689 μὲν
1733 2618 1909 2688 ἐαυτῷ

244 2713 423 2783 ἀρκεῖ,
451 2714 501 2765 οἰ
528 2713 583 2766 δὲ
616 2712 854 2783 μαθηταὶ
877 2712 1085 2765 δέονται
1112 2709 1311 2779 πολλῆς
1339 2708 1489 2779 παρά
1526 2706 1619 2760 τοῦ
1663 2706 1907 2776 γεωργοῦ

247 2799 514 2871 βοηθείας,
544 2800 645 2853 κᾶν
680 2800 884 2871 σφόδρα
908 2798 1150 2869 ἐνάρετοι
1185 2790 1307 2850 ὦσι,
1338 2792 1438 2847 Διά
1467 2793 1625 2846 τοῦτό
1654 2809 1808 2862 φησι,
1840 2790 1907 2845 Τὸ

246 2887 480 2955 καρπὸν
528 2885 711 2956 φέρον
764 2885 1027 2954 καθαίρει
1060 2885 1226 2938 αὑτό.
1279 2883 1351 2935 Τὸ
1401 2881 1499 2953 μὲν
1549 2881 1677 2951 γάρ,
1723 2877 1909 2948 ἐπειδὴ

245 2976 492 3047 ἄκαρπόν
523 2976 689 3037 ἐστιν,
726 2974 845 3027 οὐδὲ
878 2974 936 3026 ἐν
960 2974 1025 3043 τῇ
1052 2970 1279 3042 ἀμπέλῳ
1306 2964 1444 3022 εἶναι
1467 2966 1707 3021 δύναται’
1736 2966 1792 3018 τὸ
1831 2966 1907 3029 δὲ,

246 3063 431 3134 ἐπειδὴ
495 3062 704 3131 καρπὸν
758 3062 934 3132 φέρει,
988 3058 1356 3128 γονιμώτερον
1405 3055 1536 3110 αὑτὸ
1596 3051 1908 3126 ἐργάζεται.

247 3148 416 3203 Τοῦτο
446 3148 502 3202 δέ
527 3149 620 3203 καὶ
647 3147 783 3220 πρὸς
810 3147 908 3212 τὰς
938 3146 1144 3217 θλίψεις
1168 3144 1346 3199 αὐτῶν
1378 3142 1629 3215 εἰρῆσθαι
1667 3140 1764 3205 τάς
1792 3142 1911 3194 τότε

247 3237 593 3308 ἐπαγομένας
621 3237 767 3290 εἴποι
787 3253 869 3299 τις
897 3235 980 3289 ἄν.
1006 3234 1079 3287 Τὸ
1098 3233 1227 3304 γάρ,
1265 3232 1539 3299 Καθαίρει
1571 3230 1738 3293 αὐτὸ,
1766 3246 1914 3299 περιο

247 3323 459 3389 κόπτει,
496 3324 664 3386 ἐστὶν,
696 3323 832 3393 ὅπερ
857 3320 1222 3391 γονιμώτερον
1254 3322 1398 3372 ποιεῖ
1427 3319 1489 3371 rb
1517 3318 1721 3388 κλῆμα.
1750 3315 1913 3368 Ὅθεν

246 3408 521 3464 δείκνυται
542 3410 623 3463 ὃτι
650 3411 699 3462 οἰ
731 3409 1025 3479 πειρασμολ⁵
1070 3406 1266 3477 μᾶλλον
1302 3406 1498 3468 αὐτοὺς
1536 3401 1912 3475 ἰσχυροτέρους

250 3495 593 3567 ἐργάζονται.
636 3492 769 3550 Εἶτα
794 3497 879 3549 ἵνα
914 3495 987 3565 μὴ
1020 3494 1239 3562 λέγωσι,
1272 3494 1407 3566 Περί
1438 3493 1598 3545 τίνων
1626 3490 1798 3544 ταῦτα
1824 3488 1911 3541 λέ-

249 3602 336 3653 γει
358 3602 372 3651 ;
397 3585 492 3638 καὶ
526 3586 687 3639 πάλιν
714 3585 795 3646 εἰς
824 3582 1080 3652 φροντίδα
1106 3582 1301 3644 αὑτοὺς
1330 3579 1562 3651 ἐμϐάλῃ,
1588 3579 1740 3650 φησί·
1767 3578 1911 3645 Ἤδη

248 3672 419 3741 ὑμεῖς
470 3671 717 3740 καθαροί
764 3670 905 3724 ἐστε
938 3670 1037 3725 διὰ
1066 3670 1175 3723 τὸν
1224 3669 1430 3738 λόγον,
1483 3668 1555 3721 ὃν
1602 3666 1914 3733 λελάληκα

250 3760 411 3831 ὑμῖν.
446 3762 610 3832 Ὁρᾷς
660 3758 777 3822 πῶς
826 3756 1020 3812 ἐαυτὸν
1078 3757 1288 3825 εἰσάγει
1336 3754 1759 3826 ἐπιμελούμενον
1802 3751 1914 3806 τῶν

252 3850 580 3921 κλημάτωνς
618 3848 759 3919 Ἐγὼ
788 3848 897 3919 7&9
941 3848 1084 3918 ὑμᾶς
1134 3845 1405 3916 ἐκάθηρα,
1441 3844 1593 3916 φησί.
1630 3845 1823 3897 Καίτοι
1850 3859 1915 3911 γε

252 3939 511 4011 ἀνωτέρω
546 3938 786 3991 δείκνυσι
812 3936 904 3990 τὸν
934 3936 1153 4006 Πατέρα
1180 3934 1339 3988 τοῦτο
1368 3932 1641 3986 ποιοῦντα·
1675 3931 1793 3985 ἀλλ’
1822 3931 1915 3984 οὑ-

250 4026 339 4080 δέν
375 4026 542 4096 μέσον
586 4025 798 4097 Πατρὸς
835 4024 928 4077 καὶ
962 4022 1115 4077 Υίοῦ.
1147 4025 1238 4075 Δεῖ
1279 4022 1335 4075 δὲ
1370 4019 1608 4092 ὑπάρξαι
1636 4018 1820 4072 λοιπὸν
1848 4022 1917 4072 τὰ

252 4112 384 4182 παρ’
405 4109 578 4179 ὑμῶν.
604 4104 735 4162 Εἶτα
764 4109 851 4162 ἵνα
881 4107 1049 4181 δείξῃ,
1080 4108 1167 4160 ὅτι
1193 4107 1312 4176 οὐχὶ
1342 4106 1437 4176 τῆς
1462 4104 1641 4158 αὐτῶν
1668 4104 1917 4175 δεόμενος

251 4196 523 4260 διακονίας
552 4196 581 4236 δ
611 4194 767 4250 τοῦτο
790 4194 1063 4265 ἐποίησεν,
1102 4193 1326 4248 ἀλλ’ἵνα
1358 4191 1756 4263 προκόπτωσιν,
1784 4190 1918 4244 ἐπά-

252 4302 359 4355 γει’
379 4285 605 4353 Ὠσπερ
635 4283 701 4337 τὸ
738 4281 940 4351 κλῆμα
968 4284 1039 4336 οὐ
1067 4281 1314 4336 δύναται
1343 4281 1442 4349 ἀφ’
1469 4280 1683 4334 ἑαυτοῦ
1716 4278 1918 4349 φέρειν

252 4373 504 4443 καρπὸν,
550 4372 738 4438 οὕτως
781 4371 924 4425 οὐδὲ
967 4373 1000 4425 ό
1042 4370 1112 4424 ἐν
1138 4369 1267 4440 ἐμοὶ
1286 4368 1373 4438 μὴ
1407 4369 1625 4438 μένων.
1657 4368 1772 4421 Ἵνα
1809 4367 1917 4437 7&9

259 4463 334 4535 μὴ
369 4463 477 4517 ἀπὸ
509 4461 607 4531 τῆς
654 4459 854 4523 δειλίας
903 4458 1294 4529 ἀποσχισθῶσι,
1345 4456 1713 4527 χαυνωθεῖσαν
1740 4455 1917 4508 αὐτῶν

251 4551 329 4623 τῷ
358 4552 508 4621 φόϐῳ
528 4550 627 4621 τὴν
652 4548 831 4620 ψυχὴν
848 4548 1163 4616 ἐπισφίγγει
1187 4548 1282 4599 καὶ
1310 4544 1486 4616 ἐαυτῷ
1516 4543 1805 4614 συγκολλᾷ,
1824 4543 1916 4595 καὶ

253 4637 497 4711 χρηστάς
538 4636 808 4691 ὑποτείνει
852 4635 1036 4688 λοιπὸν
1072 4634 1314 4697 ἐλπίδας.
1357 4633 1420 4685 Ἠ
1481 4631 1579 4703 μέν
1631 4631 1742 4701 γάρ
1794 4630 1917 4702 ῥίζα

255 4730 430 4798 μένει·
501 4725 565 4779 rb
604 4725 661 4778 δὲ
705 4722 953 4795 αῐρεσθαι
1001 4724 1095 4776 καὶ
1146 4720 1421 4792 ἀφίεσθαι,
1473 4719 1581 4772 τῶν
1626 4719 1917 4789 κλημάτων

251 4815 419 4869 ἐστίν.
446 4810 579 4868 Εἶτα
604 4811 945 4881 ἐκατέρωθεν
984 4810 1371 4881 παρορμήσας,
1401 4809 1494 4860 καὶ
1524 4806 1632 4859 ἀπὸ
1650 4806 1757 4857 τῶν
1779 4822 1913 4876 χρη-

253 4902 397 4957 στῶν
450 4901 544 4955 καὶ
591 4901 700 4955 ἀπὸ
743 4900 850 4953 τῶν
878 4898 1157 4969 λυπηρῶν,
1202 4896 1271 4948 τὰ
1321 4895 1450 4965 παρ’
1503 4894 1661 4964 ήμῶν
1699 4894 1919 4946 ἀπαιτεῖ

252 4988 467 5060 πρῶτα.
497 4989 551 5040 '0
578 4988 651 5041 ἐν
677 4985 804 5055 ἐμοὶ
828 4984 1049 5054 μένων,
1098 4980 1260 5052 κάγὼ
1294 4980 1364 5032 ἐν
1392 4977 1571 5044 αὐτῷ.
1610 4979 1770 5049 Ὁρᾷς
1824 4978 1918 5032 καὶ

250 5076 346 5130 τὸν
375 5076 505 5128 Υἰδν
531 5074 632 5127 οὑκ
659 5073 879 5127 ἔλαττον
912 5068 1264 5123 συντελοῦντα
1290 5065 1385 5120 τοῦ
1420 5064 1632 5136 Πατρὸς
1664 5065 1800 5136 πρὸς
1821 5064 1918 5135 τὴν

248 5160 362 5215 τῶν
391 5160 648 5232 μαθητῶν
680 5158 1030 5230 ἐπιμέλειαν;
1074 5156 1132 5210 '0
1172 5155 1271 5224 μὲν
1299 5153 1408 5224 γὰρ
1430 5153 1618 5223 Πατὴρ
1643 5152 1916 5222 καθαίρει,

251 5251 416 5313 αὐτὸς
450 5249 509 5303 δὲ
555 5251 613 5302 ἐν
641 5248 819 5318 ἑαυτῷ
855 5245 1096 5315 κατέχει.
1142 5243 1216 5296 Τὸ
1242 5243 1300 5296 δέ
1338 5244 1395 5295 ἐν
1426 5243 1492 5312 τῇ
1542 5241 1669 5313 ῥίζῃ
1715 5240 1915 5310 μένειν,

250 5338 411 5391 τοῦτο
443 5338 589 5388 ποιεῖ
624 5336 992 5407 καρποφορεῖν
1030 5331 1101 5385 τά
1135 5331 1412 5401 κλήματα.
1446 5328 1519 5381 Τὸ
1552 5328 1648 5398 μὲν
1685 5328 1792 5399 7&9
1844 5330 1917 5398 μὴ

252 5423 672 5494 καθαιρόμενον,
697 5422 854 5493 μένον
874 5421 931 5474 δέ
951 5422 1010 5474 ἐν
1029 5422 1097 5491 τῇ
1126 5418 1272 5490 ῥίζῃ,
1302 5416 1457 5489 φέρει
1479 5415 1718 5487 καρπὸν,
1748 5417 1798 5468 εἰ
1827 5417 1920 5468 καὶ

257 5512 335 5583 μὴ
360 5513 484 5565 ὅσον
513 5509 777 5581 προσῆκε·
802 5509 863 5562 rb
894 5509 949 5562 δέ
982 5508 1055 5579 μὴ
1085 5507 1271 5577 μένον,
1292 5506 1400 5560 οὐδ’
1426 5505 1582 5568 ὅλως.
1618 5504 1755 5557 ’Δλλ’
1772 5505 1921 5573 ὅμως

254 5595 408 5671 μ48]
434 5596 530 5649 καὶ
548 5596 607 5649 τὸ
627 5595 910 5665 καθαίρειν
931 5593 1025 5647 τοῦ
1050 5591 1178 5645 Υίοῦ
1200 5591 1411 5662 ἐδείχθη
1440 5590 1519 5654 ὃν,
1538 5590 1706 5643 καὶτὸ
1738 5590 1920 5660 μένειν

254 5688 315 5738 ἐν
345 5688 412 5756 τῇ
439 5682 584 5755 ῥίζῃ,
616 5683 708 5736 τοῦ
736 5682 948 5751 Πατρὸς
963 5681 1057 5734 τοῦ
1087 5680 1181 5734 καὶ
1205 5681 1305 5749 τὴν
1323 5678 1481 5751 ῥίζαν
1509 5677 1916 5748 γεγεννηκότος.

327 5773 391 5843 β’.
412 5771 563 5835 Εἶδες
588 5771 705 5835 πῶς
734 5771 888 5824 κοινὰ
915 5770 1115 5834 πάντα,
1136 5768 1309 5823 καὶτὸ
1337 5768 1597 5839 καθᾶραι,
1618 5768 1710 5820 καὶ
1736 5766 1794 5819 rb
1821 5767 1920 5836 τῆς

251 5860 536 5931 δυνάμεως
579 5860 678 5929 τῆς
715 5859 825 5913 ἀπὺ
859 5858 959 5928 τῆς
993 5858 1148 5929 ῥίζης
1183 5856 1507 5923 άπολαύειν;
1559 5855 1785 5926 Μεγάλη
1821 5854 1920 5925 μὲν

252 5944 351 6003 οῦν
379 5948 551 6019 ζημία
585 5949 678 6001 καὶ
716 5948 775 6000 τὸ
820 5946 986 6018 μηδὲν
1011 5945 1272 6000 δύνασθαι
1299 5948 1492 5998 ποιεῖν·
1534 5945 1672 6016 πλὴν
1715 5945 1775 5998 οὐ
1824 5945 1920 6013 μέ-

319 6052 353 6093 λ
372 6052 542 6101 Morel.
563 6053 835 6112 ἀπαγαγών.
901 6051 931 6091 δ
952 6050 1185 6099 Nonnulli
1210 6050 1528 6105 διδασκαλίας.

1280 413 1350 469 ΙΝ
1385 412 1702 470 ,ιοΑΝΝΕΜ
1743 411 1976 468 HOMIL.
2017 409 2226 466 LXXVI
2266 411 2335 465 al.
2374 408 2588 465 LXXV.

3552 415 3659 470 412

2006 546 2096 599 χρι
2122 528 2311 581 τούτου
2349 527 2530 597 ἵστησι
2572 524 2671 596 τήν
2719 526 2958 589 κόλασιν,
3003 524 3138 579 ἀλλά
3183 525 3489 599 περαιτέρω
3525 547 3663 599 προ-

2008 616 2132 684 άγει
2164 615 2256 667 τὸν
2285 614 2463 681 λόγον.
2509 611 2761 679 Ἐϐλήθη
2789 612 2916 682 γὰρ,
2950 615 3133 681 φησὶν,
3165 613 3300 679 ἔξω,
3335 615 3434 668 οὐκ
3461 615 3540 668 ἐτι
3563 618 3665 686 τῆς

2003 701 2313 771 γεωργικῆς
2341 699 2609 755 ἀπολαῦον
2632 700 2831 770 χειρός·
2860 703 2966 754 Καὶ
2989 700 3347 769 ξηραίνεταιο
3363 702 3662 768 τουτέστιν,

2004 789 2072 840 Εἴ
2103 805 2157 841 τι
2191 784 2304 858 εἶχε
2340 787 2439 858 τῆς
2489 786 2664 858 ῥίζης,
2694 784 3030 839 ἀποτίθεται·
3077 786 3129 837 εί
3168 803 3286 839 τινα
3332 786 3513 856 χάριν,
3562 803 3662 854 γυ-

2006 878 2230 948 μνοῦται
2273 878 2497 947 ταύτης,
2538 877 2631 930 καὶ
2678 876 2978 947 ἐρημοῦται
3017 876 3115 944 τῆς
3158 875 3363 929 ἐκεῖθεν
3412 875 3664 946 βοηθείας

2005 966 2099 1018 καὶ
2130 965 2293 1034 ζωῆς.
2315 965 2424 1018 Καὶ
2447 964 2497 1016 τί
2527 964 2588 1016 rb
2614 963 2793 1028 τέλος;
2822 961 2923 1027 Εἰς
2946 962 3012 1015 τὸ
3035 962 3152 1029 πῦρ
3177 961 3491 1026 βάλλεται.
3523 963 3664 1016 Ἀλλ’

2002 1052 2061 1104 οὑ
2098 1053 2337 1116 τοιοῦτος
2362 1054 2389 1105 6
2431 1051 2609 1123 μένων
2639 1053 2765 1123 παρ’
2796 1049 2963 1119 αὐτῷ.
3014 1047 3146 1103 Εἶτα
3181 1050 3419 1104 δείκνυσι
3452 1050 3504 1104 τί
3546 1053 3663 1104 ἐστι

2002 1139 2063 1191 τὸ
2095 1142 2292 1210 μεῖναι,
2322 1140 2417 1194 καί
2467 1157 2646 1211 φησιν·
2689 1138 2824 1192 Ἐὰν
2855 1138 2927 1192 τὰ
2966 1137 3204 1206 ῥῆματά
3247 1156 3366 1207 μου
3413 1138 3482 1191 ἐν
3522 1136 3666 1207 ὑμῖν

1998 1228 2197 1293 μείνῃ.
2232 1226 2418 1298 Ὁρᾷς,
2454 1229 2537 1281 ὅτι
2581 1228 2675 1280 καὶ
2717 1226 2823 1297 πρὸ
2859 1224 3048 1278 τούτου
3093 1225 3316 1289 εἰκότως
3344 1226 3549 1293 ἔλεγον,
3582 1226 3665 1279 ὃτι

2004 1316 2101 1385 τὴν
2134 1315 2221 1369 διὰ
2247 1315 2353 1369 τῶν
2387 1315 2561 1386 ἔργων
2592 1314 2849 1380 ἐπίδειξιν
2878 1313 3064 1385 ζητεῖ;
3120 1311 3301 1365 Εἰπὼν
3334 1314 3465 1384 7&9,
3495 1315 3577 1366 ὅτι
3598 1315 3667 1366 Ὃ

2004 1402 2101 1454 ἐὰν
2144 1402 2399 1473 αἰτήσητε
2451 1403 2680 1471 ποιήσω,
2742 1402 3041 1473 ἐπήγαγεν·
3078 1401 3219 1454 Ἐὰν
3266 1400 3531 1470 ἀγαπᾶτέ
3565 1418 3666 1469 με,

2005 1495 2110 1555 τὰς
2133 1491 2385 1557 ἐντολὰς
2421 1491 2527 1555 τὰς
2563 1491 2706 1560 ἐμὰς
2746 1492 3059 1558 τηρήσετε·
3112 1490 3204 1543 καὶ
3229 1489 3483 1552 ἐνταῦθα,
3524 1491 3670 1543 Ἐὰν

1999 1577 2220 1647 μένητε
2247 1577 2317 1632 ἐν
2347 1579 2497 1648 ἐμοὶ,
2528 1580 2625 1633 καί
2666 1580 2738 1633 τὰ
2764 1578 3003 1649 ῥήματά
3033 1596 3151 1647 μου
3201 1578 3269 1631 ἐν
3296 1577 3440 1647 ὑμῖν
3464 1579 3667 1647 μείνῃ,

2006 1665 2037 1719 ὃ
2083 1667 2190 1719 ἐὰν
2235 1666 2550 1734 θελήσητε,
2589 1668 2936 1735 αἰτήσεσθε,
2991 1667 3087 1721 καί
3142 1666 3455 1736 γενήσεται
3502 1664 3665 1735 ὑμῖν.

2007 1753 2191 1806 Ταῦτα
2212 1754 2267 1806 δέ
2290 1753 2461 1822 ἔλεγε,
2487 1754 2698 1817 δεικνὺς
2728 1755 2808 1807 ὅτι
2832 1757 2879 1807 οἱ
2910 1754 3008 1825 μὲν
3034 1753 3473 1816 ἐπιϐουλεύοντες
3496 1752 3666 1823 αὐτῷ,

2007 1842 2463 1910 κατακαήσονται,
2490 1842 2641 1895 αὑτοὶ
2670 1841 2727 1895 δὲ
2754 1843 2962 1913 καρπὸν
2988 1843 3213 1895 οἴσουσι.
3244 1841 3347 1893 Τὸν
3382 1841 3545 1909 φόϐον
3567 1841 3670 1892 τοί-

2006 1945 2101 1980 νυν
2133 1928 2224 1982 τὸν
2257 1928 2313 1995 ἐξ
2345 1929 2523 1983 αὐτῶν
2556 1930 2636 1993 εἰς
2666 1930 2906 1993 ἐκείνους
2937 1930 3210 2001 μεταθεὶς,
3252 1929 3347 1982 καὶ
3383 1929 3560 1994 δείξας
3588 1930 3671 1981 ὅτι

2010 2016 2162 2069 αὐτοὶ
2193 2015 2625 2085 ἀκαταγώνιστοι
2674 2017 2907 2083 ἔσονται,
2961 2018 3142 2087 φησίνο
3174 2020 3278 2071 Ἐν
3324 2019 3512 2083 τούτῳ
3542 2016 3671 2071 ἐδο-

2009 2103 2203 2172 ξάσθη
2234 2107 2266 2157 ό
2292 2104 2493 2173 Πατήρ
2507 2122 2647 2174 μου,
2674 2106 2775 2157 ἵνα
2797 2104 2966 2175 ὑμεῖς
2984 2124 3083 2175 μοι
3109 2106 3367 2173 γένησθε
3391 2103 3670 2173 μαθηταί,

2009 2191 2107 2244 καὶ
2142 2191 2376 2260 καρπὸν
2404 2192 2604 2246 πολὺν
2640 2192 2878 2261 φέρητε.
2918 2192 3198 2245 Ἐντεῦθεν
3225 2192 3315 2244 τὸν
3344 2191 3499 2258 λόγον
3522 2190 3669 2255 ἀξιό-

2010 2295 2200 2332 πιστον
2235 2282 2396 2332 ποιεῖ.
2437 2281 2500 2332 Εἰ
2546 2280 2654 2351 γάρ
2694 2281 2776 2342 εἰς
2814 2280 2970 2346 δόξαν
3008 2279 3103 2332 τοῦ
3135 2279 3347 2348 Πατρός
3389 2279 3582 2347 ἀνήκει
3610 2278 3672 2331 rb

2008 2369 2399 2436 καρποφορεῖν,
2434 2367 2534 2420 οὐκ
2563 2366 2825 2436 ἀμελήσει
2866 2366 2967 2435 τῆς
3004 2365 3160 2436 δόξης
3191 2366 3289 2436 τῆς
3313 2364 3524 2417 ἐαυτοῦ.
3561 2364 3671 2418 Καὶ.

2008 2450 2343 2521 γενήσεσθε
2393 2452 2523 2521 ἐμοὶ
2564 2452 2842 2521 μαθηταί.
2878 2452 3041 2521 Ὁρᾷς
3088 2451 3205 2514 πῶς
3243 2453 3271 2505 6
3326 2450 3419 2503 rbv
3460 2451 3673 2521 καρπὸν

2010 2538 2210 2609 φέρων,
2249 2541 2452 2601 ἐκεῖνός
2492 2542 2606 2592 ἐστι
2659 2538 2935 2608 μαθητής;
2978 2540 3019 2590 Τ
3027 2540 3041 2591 ί
3070 2539 3125 2591 δέ
3152 2540 3318 2602 ἐστιν,
3354 2540 3455 2592 Ἐν
3486 2541 3676 2602 τούτῳ

2008 2626 2309 2695 ἐδοξάσθη
2355 2630 2387 2681 ό
2433 2626 2667 2693 Πατὴρς
2723 2626 3001 2689 Τουτέστι,
3049 2626 3226 2696 χαίρει
3275 2627 3403 2679 ὅταν
3448 2627 3505 2678 ἐν
3549 2627 3673 2696 ἐμοὶ

2013 2715 2230 2785 μένητε,
2265 2715 2392 2767 ὅταν
2435 2713 2644 2782 καρπὸν
2687 2712 2910 2784 φέρητε.
2963 2712 3165 2778 Καθὼς
3195 2712 3475 2781 ἠγάπησέ
3520 2729 3597 2781 με
3640 2715 3674 2766 ὁ

2011 2800 2235 2869 Πατὴρ,
2284 2801 2446 2869 κάγὼ
2489 2799 2779 2868 ἠγάπησα
2830 2797 3005 2868 ὑμᾶς.
3045 2799 3306 2852 Ἐνταῦθα
3343 2799 3526 2851 λοιπὸν
3573 2798 3671 2849 ἀν-

2013 2887 2426 2959 θρωπινώτερον
2453 2887 2774 2954 διαλέγεται’
2802 2886 2863 2939 rb
2883 2885 3012 2957 7&9,
3040 2885 3113 2949 ώς
3148 2885 3282 2955 πρὸς
3305 2881 3623 2954 ἀνθρώπους
3645 2892 3669 2921 ⁸

2014 2975 2321 3046 εἰρημένον,
2373 2976 2472 3045 τὴν
2501 2975 2703 3026 οἰκείαν
2736 2972 2847 3043 ἔχει
2887 2973 3059 3043 ἰσχύν.
3102 2973 3158 3024 '0
3193 2972 3299 3042 γὰρ
3330 2972 3425 3024 καὶ
3465 2970 3674 3024 ἀποθα-

2012 3067 2123 3115 νεῖν
2155 3063 2425 3133 ἐλόμενος,
2457 3062 2550 3115 καὶ
2584 3060 2799 3123 δούλους
2830 3059 2988 3123 ὂντας
3020 3060 3109 3112 καὶ
3138 3058 3365 3129 ἐχθροὺς
3398 3058 3486 3111 καί
3516 3057 3677 3109 πολε-

2016 3150 2171 3221 μίους
2214 3149 2482 3220 τοσαύτης
2526 3147 2868 3213 καταξιώσας
2909 3147 3097 3218 τιμῆς,
3144 3146 3238 3199 καὶ
3288 3146 3367 3209 εἰς
3415 3144 3676 3215 οὐρανοὺς

2013 3238 2304 3307 ἀναγαγὼν
2335 3238 2385 3301 ἀ,
2421 3238 2583 3290 πόσον
2622 3235 2933 3302 ἐπεδείξατο
2965 3236 3159 3307 μέτρον
3185 3234 3432 3303 ἀγάπης;
3470 3234 3532 3286 Εἰ
3564 3233 3676 3286 τοί-

2012 3345 2109 3380 νυν
2143 3326 2341 3395 ἀγαπῶ
2371 3326 2534 3395 ὐμᾶς,
2566 3323 2835 3395 θαρῥείτεο
2867 3326 2915 3377 εἰ
2942 3323 3036 3377 τοῦ
3069 3323 3283 3393 Πατρός
3314 3324 3429 3374 ἐστι
3458 3320 3586 3387 δόξα
3616 3319 3678 3374 τὸ

2014 3415 2402 3486 καρποφορεῖν,
2440 3412 2603 3484 μηδὲν
2632 3410 2962 3465 ὑποπτεύετε
3006 3411 3256 3481 πονηρόν.
3303 3405 3437 3463 Εἶτα
3466 3409 3553 3461 ῖνα
3600 3408 3677 3479 μὴ

2016 3504 2237 3565 ὑπτίους
2279 3501 2599 3574 ἐργάσηται,
2651 3501 2750 3570 ὅρα
2796 3500 2912 3562 πῶς
2964 3498 3278 3567 ἐπισφίγγει
3325 3496 3503 3551 πάλιν.
3540 3497 3679 3550 Μεί-

2014 3609 2158 3647 νατε
2182 3593 2254 3645 ἐν
2286 3589 2360 3658 τῇ
2404 3588 2608 3659 ἀγάπῃ
2643 3587 2718 3654 τῇ
2759 3586 2892 3657 ἐμῆ·
2925 3586 3115 3639 τούτου
3143 3585 3252 3654 γὰρ
3292 3585 3448 3651 ὑμεῖς
3474 3583 3674 3652 κύριοι.

2015 3680 2139 3742 Πῶς
2166 3679 2222 3731 δέ
2249 3678 2407 3730 τοῦτο
2446 3675 2633 3739 Errat;
2674 3674 2817 3728 Ἐὰν
2854 3674 2960 3738 τὰς
2999 3672 3251 3736 ἐντολάς
3284 3689 3402 3740 μου
3436 3668 3675 3738 τηρῆτε,

2015 3768 2167 3835 φησί,
2198 3765 2389 3831 καθὼς
2411 3763 2527 3833 ἐγὼ
2555 3762 2662 3817 τοῦ
2692 3762 2921 3830 Πατρός
2952 3763 3058 3827 τὰς
3087 3761 3339 3824 ἐντολὰς
3360 3757 3677 3825 τετήρηκα.

2016 3853 2184 3908 Πάλιν
2218 3851 2570 3924 ἀνθρωπίνως
2606 3852 2635 3905 6
2675 3850 2830 3918 λόγος
2878 3848 3140 3918 πρόεισιν.
3181 3847 3253 3900 Οὑ
3294 3846 3401 3918 γὰρ
3430 3845 3607 3915 δήπου
3650 3846 3681 3897 6

2015 3939 2309 4011 νομοθέτης
2353 3939 2457 3992 ὑπὸ
2504 3938 2723 4001 ἐντολὰς
2779 3935 2969 4007 έμελλε
3012 3933 3311 3989 κείσεσθαι.
3362 3933 3527 4003 Ὀρᾷς
3572 3932 3675 3996 ὅτι,

2014 4030 2151 4100 ὅπερ
2178 4030 2266 4083 ἀεὶ
2292 4028 2453 4097 λέγω,
2476 4027 2635 4080 τοῦτο
2663 4026 2757 4079 καὶ
2778 4024 3009 4078 ἐνταῦθα
3038 4023 3308 4075 δείκνυται
3338 4021 3426 4074 διὰ
3454 4020 3551 4091 τὴν
3572 4020 3681 4072 τῶν

2017 4116 2384 4189 ἀκροωμένων
2426 4114 2742 4179 ἀσθένειαν;
2789 4112 2932 4184 Πρὸς
2959 4112 3065 4184 7&9
3095 4111 3193 4179 τὴν
3224 4110 3476 4162 ὑπόνοιαν
3501 4105 3680 4161 αὐτῶν

2016 4205 2085 4258 τὰ
2126 4204 2295 4259 πολλὰ
2320 4204 2488 4273 λέγει,
2519 4204 2615 4257 καὶ
2656 4202 2744 4256 διὰ
2782 4201 2999 4255 πάντων
3023 4199 3293 4251 δείκνυσιν
3327 4199 3384 4250 ἐν
3414 4194 3681 4266 ἀσφαλείᾳ

2020 4293 2202 4357 ὂντας,
2241 4293 2335 4346 καί
2377 4294 2502 4355 τοὺς
2543 4290 2771 4362 ἐχθροὺς
2818 4287 2995 4341 αὑτῶν
3023 4285 3443 4355 ἀπολλυμένους,
3478 4284 3571 4337 καὶ
3597 4284 3681 4335 ὅτι

2019 4383 2127 4434 πᾶν
2155 4382 2290 4451 ὅπερ
2318 4379 2550 4450 ἔχουσιν,
2588 4379 2697 4430 ἀπὸ
2736 4375 2829 4429 τοῦ
2864 4375 2993 4427 Υἱοῦ
3020 4374 3252 4443 ἔχουσιν,
3295 4372 3389 4425 καὶ
3427 4372 3529 4431 ὅτι,
3569 4369 3681 4440 βίον

2021 4468 2087 4521 ἂν
2119 4467 2489 4532 ἐπιδείξωνται
2520 4464 2782 4534 καθαρὸν,
2809 4464 2982 4524 οὐδεὶς
3016 4460 3195 4514 αὑτῶν
3220 4460 3501 4529 περιέσται
3524 4457 3679 4512 ποτέ.

2021 4555 2217 4608 Σκόπει
2254 4554 2311 4606 δέ
2354 4552 2515 4605 αὑτὸν
2560 4548 3019 4620 αὑθεντικώτερον
3057 4548 3237 4608 αὐτοῖς
3277 4545 3679 4613 διαλεγόμενον.

2020 4639 2096 4693 Οὑ
2124 4641 2232 4710 7&9
2262 4632 2403 4700 εἷπε,
2440 4638 2672 4692 Μείνατε
2703 4638 2760 4688 ἐν
2802 4638 2867 4706 τῇ
2908 4634 3095 4704 ἀγάπῃ
3124 4631 3217 4684 τοῦ
3263 4629 3414 4702 [449]
3446 4629 3679 4701 Πατρὸς,

2021 4727 2153 4793 ἀλλ’,
2189 4727 2290 4781 Ἕν
2316 4725 2389 4794 τῇ
2410 4726 2544 4795 ἐμῇ,
2574 4721 2703 4777 Εἶτα
2738 4724 2823 4776 ἵνα
2855 4723 2927 4792 μὴ
2954 4721 3201 4788 λέγωσιν,
3235 4719 3322 4772 ὅτε
3352 4719 3511 4771 πᾶσιν
3536 4718 3683 4787 ἡμᾶς

2022 4814 2456 4885 ἐξεπολέμωσας,
2481 4814 2602 4865 τότε
2628 4812 2775 4882 ἡμᾶς
2800 4810 2965 4880 ἀφίης
3003 4809 3096 4860 καὶ
3130 4807 3449 4876 ἀναχωρεῖς’
3482 4805 3683 4857 δείκνυ·

2021 4920 2105 4956 σιν
2132 4904 2213 4956 ὅτι
2243 4903 2343 4954 οὑκ
2371 4901 2615 4971 ἀφίησιν,
2650 4898 2763 4951 ἀλλ’
2795 4898 2966 4959 οὕτως
3008 4896 3192 4955 αὐτοῖς
3218 4893 3560 4962 κεκόλληται,
3587 4891 3682 4945 ἐὰν

2020 4992 2267 5053 θέλωσιν,
2289 4988 2364 5052 ὡς
2392 4989 2453 5041 rb
2482 4987 2666 5057 κλῆμα
2694 4988 2751 5038 ἐν
2781 4988 2847 5055 τῇ
2879 4983 3128 5055 ἀμπέλῳ.
3161 4981 3267 5035 Καὶ
3300 4980 3462 5034 πάλιν
3496 4979 3581 5031 ἴνα
3607 4979 3681 5048 μὴ

2020 5078 2409 5151 θαρρήσαντες,
2448 5076 2628 5129 ὕπτιοι
2662 5075 2943 5143 γένωνται,
2973 5072 3033 5124 ού
3070 5072 3233 5141 φησὶν
3263 5069 3515 5137 ἀκίνητον
3544 5063 3682 5119 εἶναι

2017 5167 2077 5219 τὸ
2102 5166 2286 5226 καλὸν,
2328 5165 2422 5217 ἐὰν
2456 5162 2791 5235 ῥᾳθυμῶσιν.
2817 5157 2948 5213 Εἶτα
2979 5160 3063 5212 ἵνα
3102 5158 3176 5228 μὴ
3200 5158 3279 5220 εἰς
3309 5155 3498 5209 ἐαυτὸν
3524 5170 3683 5222 περι-

2022 5259 2193 5327 στήσῃ
2232 5256 2293 5308 rb
2327 5256 2581 5325 πρᾶγμα,
2633 5251 2725 5303 καὶ
2779 5252 2964 5302 πεσεῖν
3019 5247 3414 5317 παρασκευάσῃ
3459 5241 3680 5312 μᾶλλον,

2020 5344 2202 5413 φησίν·
2238 5344 2341 5396 Ἑν
2370 5343 2561 5404 τούτῳ
2587 5337 2885 5402 ἐδοξάσθη
2914 5339 2946 5390 ὀ
2988 5333 3211 5401 Πατήρ.
3257 5329 3540 5400 Πανταχοῦ
3575 5330 3685 5398 7&9

2018 5433 2117 5502 τὴν
2142 5428 2335 5484 ἐαυτοῦ
2366 5428 2457 5481 καὶ
2500 5426 2599 5498 τὴν
2623 5425 2718 5477 τοῦ
2747 5423 2960 5495 Πατρὸε
2989 5422 3262 5474 δείκνυσιν
3299 5418 3518 5484 ἀγάπην
3546 5414 3685 5502 πρὸς

2020 5500 2237 5580 αύτούς.
2294 5514 2410 5570 Οὐκ
2451 5516 2558 5584 ἄρα
2603 5514 2671 5566 τὰ
2708 5512 2974 5565 Ἰουδαίων
3027 5508 3175 5571 δόξα,
3224 5504 3359 5560 ἀλλά
3396 5503 3589 5566 ταῦτα,
3648 5500 3687 5555 ἃ

2020 5605 2240 5674 ἔμελλον
2279 5603 2596 5674 λαμϐάνειν.
2629 5598 2760 5654 Εἶτα
2794 5600 2882 5652 ἴνα
2912 5598 2987 5669 μὴ
3030 5597 3285 5663 λέγωσιν,
3324 5589 3687 5659 Ἐξεπέσομεν

2020 5694 2129 5746 τῶν
2159 5694 2450 5762 πατρῴων,
2480 5687 2985 5759 ἐγκατελείφθημεν
3032 5696 3077 5750 θ,
3112 5681 3310 5753 γυμνοί
3352 5679 3446 5732 καὶ
3489 5677 3686 5748 ἔρημοι

2021 5784 2239 5836 πάντων
2282 5779 2609 5851 ἐγενόμεθα*
2648 5779 2742 5841 Εἰς
2776 5776 2897 5847 ἐμέ,
2926 5775 3082 5845 φησί,
3121 5772 3364 5843 βλέπετε*
3396 5767 3687 5838 ήγάπημαι

2021 5870 2171 5940 παρὰ
2214 5870 2307 5922 τοῦ
2340 5868 2576 5939 Πατρός,
2606 5866 2721 5921 ἀλλ’
2768 5867 2919 5937 ὅμως
2948 5864 3144 5935 πάσχω
3174 5858 3348 5913 ταῦτα
3374 5857 3445 5911 τὰ
3471 5856 3691 5926 προκεί-

2085 5988 2107 6014 °
2146 5983 2317 6033 Morel.
2342 5984 2456 6047 πρὸς
2493 5984 2756 6045 ἀνθρώπου.
2821 5978 2848 6019 (1
2874 5980 3024 6031 Savil.
3051 5978 3315 6041 ἀναγαγών.
3356 5973 3455 6027 Alii
3485 5970 3687 6030 ἀνάγων.

2026 6051 2050 6079 ε
2076 6048 2279 6107 Quidam
2299 6046 2677 6107 ἑγκατελίπομεν.
