4100 6362
208 356 341 451 )HS

206 468 287 529 fet
319 468 385 523 ad
412 468 615 536 lapsum
643 461 898 533 majorem
920 457 1230 524 deduceret,
1256 457 1370 512 ait:
1399 453 1467 510 In
1497 455 1591 509 hoc
1622 453 1817 523 clariﬁ-

232 571 378 614 catus
423 566 494 612 est
526 555 705 610 Pater.
744 552 952 623 Ubique
978 549 1121 606 enim
1149 557 1204 604 et
1230 563 1383 603 suum
1419 556 1471 602 et
1499 546 1670 602 Patris
1695 560 1821 616 erga

234 653 360 707 illos
409 664 650 705 amorem
678 647 1032 703 demonstrat.
1083 643 1200 699 Non
1231 657 1360 713 ergo
1388 656 1473 697 res
1514 640 1823 697 Iudaeorum

234 744 408 814 gloria
436 742 606 797 Patris
634 749 788 796 erant
808 778 824 801 ,
855 738 949 792 sed
977 752 1039 793 ea
1063 752 1182 805 quae
1209 736 1310 806 ipsi
1349 743 1503 790 erant
1528 733 1821 805 accepturi.

236 835 376 890 'I‘um
407 849 474 889 ne
504 833 777 896 dicerent,
830 829 908 883 Ex
940 828 1175 898 paternis
1218 826 1547 894 excidimus,
1578 827 1828 881 omnibus

239 925 423 979 nudati
454 922 757 993 desertique
783 935 969 976 sumus
999 937 1012 974 :
1046 918 1102 972 In
1130 933 1216 973 me
1238 958 1253 982 ,
1284 917 1488 988 inquit,
1534 916 1782 985 respicite
1809 932 1825 969 :

240 1017 437 1088 diligor
460 1032 489 1071 a
517 1017 696 1079 Patre,
725 1024 780 1071 et
806 1024 981 1069 tamen
1015 1013 1130 1069 hmo
1157 1029 1277 1083 quae
1308 1028 1451 1069 nunc
1477 1012 1708 1078 adsunt,
1736 1026 1830 1081 pa-

243 1112 371 1166 tior.
397 1110 513 1165 Non
533 1124 661 1180 ergo
686 1124 782 1164 vos
814 1110 1060 1178 relinquo
1095 1122 1255 1174 nunc,
1285 1107 1425 1176 quod
1447 1122 1544 1162 vos
1577 1123 1682 1163 non
1710 1106 1832 1161 dili-

239 1219 385 1275 gant.
417 1203 548 1259 Nam
574 1204 619 1258 si
647 1218 746 1273 ego
772 1202 1086 1265 interlicior,
1115 1216 1214 1254 nec
1242 1210 1417 1255 tamen
1444 1199 1545 1255 hoc
1572 1214 1668 1269 pro
1695 1198 1831 1253 indi-

241 1296 329 1351 cio
361 1294 531 1350 habeo
568 1309 654 1349 me
682 1310 787 1349 non
817 1292 987 1348 amari
1014 1308 1044 1346 a
1078 1293 1255 1357 Patre,
1288 1307 1461 1361 neque
1489 1306 1583 1345 vos
1627 1291 1829 1345 turbari

245 1403 343 1457 par
371 1396 470 1442 est.
500 1385 632 1440 Nam
656 1386 700 1439 si
728 1387 781 1440 in
803 1384 1087 1440 dilectione
1117 1399 1233 1438 mea
1258 1382 1538 1447 maneatis,
1566 1381 1695 1436 nihil
1718 1382 1832 1437 haec

245 1480 401 1534 vobis
423 1493 617 1534 nocere
636 1479 773 1533 mala
802 1485 1073 1546 poterunt,
1102 1485 1356 1546 quantum
1382 1475 1448 1529 ad
1468 1474 1824 1530 dilectionem.

321 1571 375 1624 3.
406 1569 633 1624 Christus
669 1584 758 1637 per
782 1584 936 1637 opera
964 1566 1272 1636 diligendus.
1296 1566 1483 1619 Contra
1525 1565 1758 1635 rapinam
1785 1575 1831 1618 et

161 1660 169 1670 ’
246 1664 533 1717 avaritiam.
580 1660 690 1719 Sub
731 1662 883 1730 ﬁnem
929 1660 1140 1715 Numeri
1189 1659 1427 1713 laudatur
1459 1667 1833 1729 paupertas.—

247 1758 384 1825 Quia
410 1757 569 1827 igitur
599 1770 787 1825 magna
816 1752 1347 1822 inexpugnabilisque
1374 1766 1460 1805 res
1486 1760 1571 1806 est
1591 1751 1830 1817 dilectio,

250 1864 352 1904 nec
376 1864 438 1903 ea
479 1850 531 1901 in
573 1846 753 1901 verbis
796 1845 967 1900 solum
1011 1844 1293 1908 consistit,
1338 1843 1482 1897 illam
1536 1858 1631 1912 per
1671 1858 1834 1912 opera

250 1940 619 1995 exhibeamus.
645 1938 761 2007 Ipse
790 1952 888 1991 nos
915 1936 1158 1989 inimicos
1184 1935 1284 1989 sibi
1312 1932 1709 1999 reconciliavit;
1738 1948 1835 1987 nos

251 2030 409 2085 amici
441 2029 583 2093 facti,
617 2029 746 2082 tales
782 2040 1096 2081 maneamus
1128 2042 1141 2077 :
1177 2024 1290 2093 ipse
1312 2024 1494 2094 coepit,
1520 2038 1619 2077 nos
1644 2024 1833 2077 saltem

253 2136 541 2192 sequamur
567 2137 581 2174 :
612 2120 727 2189 ipse
758 2132 860 2171 non
883 2116 951 2172 ad
980 2116 1255 2186 proprium
1295 2116 1397 2170 sibi
1433 2116 1637 2169 lucrum
1664 2114 1838 2183 diligit

253 2214 429 2281 (nullo
454 2214 597 2267 enim
643 2209 890 2280 indiget),
933 2224 1032 2263 nos
1058 2209 1248 2263 saltem
1290 2207 1357 2262 atl
1387 2207 1665 2262 utilitatem
1714 2221 1839 2269 ηυδε

253 2314 389 2359 tram
422 2323 435 2359 :
466 2306 579 2375 ipse
608 2318 706 2358 nos
742 2302 984 2357 inimicos
1005 2301 1230 2366 dilexit,
1261 2314 1359 2354 nos
1383 2300 1569 2354 saltem
1608 2299 1837 2354 amicum

252 2399 556 2468 diligamus.
582 2398 650 2451 At
679 2410 821 2451 nunc
845 2396 1113 2450 contraria
1146 2393 1389 2448 facimus.
1418 2393 1667 2461 Quotidie
1688 2408 1839 2448 nam-

251 2506 356 2560 que
383 2499 599 2559 propter
628 2502 726 2542 nos
751 2486 1151 2557 blasphematur
1178 2486 1319 2541 Deus
1343 2528 1358 2550 ,
1387 2485 1455 2541 ob
1482 2486 1721 2554 rapinas,
1769 2486 1841 2541 ob

251 2582 549 2636 avaritiam.
593 2578 841 2634 Fortasse
880 2594 1009 2634 vero
1051 2578 1311 2648 quispiam
1340 2587 1572 2633 vestrum
1610 2577 1839 2645 dixerit,

252 2675 502 2742 Quotidie
530 2673 596 2727 de
621 2672 843 2725 avaritia
868 2670 1109 2725 disseris.
1144 2669 1358 2726 Utinam
1387 2669 1606 2740 singulis
1630 2684 1843 2740 quoque

255 2768 499 2822 noctibus
530 2766 579 2822 id
625 2766 856 2820 liceret:
897 2764 1100 2818 utinam
1130 2772 1185 2818 et
1223 2763 1275 2816 in
1307 2760 1424 2816 foro
1466 2761 1653 2832 sequi,
1694 2772 1749 2817 et
1775 2761 1842 2817 ad

254 2875 496 2914 mensam
526 2874 739 2930 possem
765 2858 997 2911 :utinam
1026 2855 1298 2917 mulieres,
1323 2854 1517 2921 amici,
1542 2855 1655 2921 lilii,
1678 2854 1840 2919 servi,

253 2951 522 3021 agricolae,
555 2950 711 3005 vicini
735 2990 749 3013 ,
780 2950 1063 3019 ipsumque
1095 2947 1453 3017 pavimentum
1482 2956 1537 3001 et
1571 2946 1802 3017 parietes
1824 2988 1840 3013 ,

256 3044 310 3097 in
337 3044 472 3098 hanc
502 3051 718 3112 possent
745 3054 1030 3109 erumpere
1056 3054 1241 3094 vocem
1263 3080 1279 3105 ,
1311 3049 1369 3092 ut
1411 3040 1628 3107 paulum
1655 3040 1841 3093 remit-

259 3143 510 3188 teremus.
541 3133 736 3188 Orbem
767 3146 995 3200 namque
1040 3138 1208 3184 totum
1238 3129 1432 3183 invasit
1456 3129 1542 3183 hic
1585 3128 1803 3183 morbus
1825 3169 1841 3193 ,

256 3226 603 3294 omniumque
653 3223 854 3277 detinet
877 3222 1084 3276 animos
1108 3262 1124 3287 ,
1174 3235 1359 3290 magna
1398 3228 1543 3274 certe
1583 3234 1845 3273 mamonae

259 3316 519 3388 tyrannis.
550 3318 597 3370 A
624 3315 838 3370 Christo
864 3312 1129 3383 redempti
1156 3327 1371 3378 sumus,
1417 3321 1471 3367 et
1498 3326 1631 3366 auro
1673 3311 1844 3365 servi-

256 3426 395 3466 mus.
428 3410 603 3465 Alium
629 3408 903 3464 dominum
934 3405 1285 3477 przedieamus
1305 3446 1320 3470 ,
1362 3414 1417 3460 et
1463 3404 1553 3459 alii
1585 3404 1841 3475 ob~equi-

257 3519 415 3568 nmr;
458 3514 513 3557 et
555 3500 813 3572 quidquid
857 3500 1079 3571 jusserit
1116 3498 1398 3568 diligenter
1435 3498 1717 3552 audimus:
1749 3513 1846 3568 ge-

258 3610 393 3660 nus,
426 3593 712 3648 amicitiam
734 3632 750 3655 ,
796 3603 1039 3646 naturam
1064 3629 1081 3657 ,
1129 3590 1309 3660 leges,
1348 3599 1403 3644 et
1426 3590 1602 3644 oumia
1631 3604 1728 3659 pro
1758 3590 1847 3643 illo

257 3687 641 3742 obliviscimnr.
674 3684 844 3741 Nemo
871 3683 1091 3753 reSpicit
1130 3682 1185 3737 in
1215 3683 1403 3737 caelum
1426 3723 1443 3748 ,
1476 3697 1633 3737 nemo
1672 3682 1846 3738 futura

256 3782 470 3851 cogitat.
502 3779 607 3835 Sed
632 3789 842 3846 tempus
863 3778 985 3844 erit,
1013 3790 1133 3831 cum
1162 3775 1367 3829 nullum
1390 3774 1492 3829 erit
1517 3773 1705 3829 hormn
1727 3791 1849 3830 ver-

261 3873 449 3927 borum
477 3871 706 3925 lucrum.
736 3869 867 3924 Nam
899 3866 965 3922 In
989 3869 1213 3939 inferno,
1261 3864 1466 3936 inquit,
1496 3865 1609 3935 quis
1634 3866 1844 3935 conﬁte-

258 3962 392 4015 bitur
418 3961 503 4014 tibi
545 3961 717 4030 (l’sal.
744 3960 797 4015 6.
822 3960 920 4031 6)?
948 3956 1313 4013 Desiderabile
1348 3964 1433 4011 est
1460 3969 1672 4021 aurum,
1707 3957 1847 4009 mul-

260 4064 447 4122 tasque
508 4053 661 4107 nobis
715 4050 916 4120 profert
954 4050 1209 4115 delicias,
1262 4057 1319 4104 et
1383 4047 1539 4102 nobis
1587 4047 1848 4103 honorem

258 4150 545 4212 conciliat;
578 4146 674 4201 sed
702 4160 809 4201 non
836 4152 1041 4200 tantum
1067 4148 1325 4214 quantum
1361 4140 1571 4195 caelum.
1622 4140 1846 4195 Divitem

262 4254 491 4309 namque
517 4236 669 4292 multi
690 4237 917 4292 oderunt
942 4246 996 4291 et
1022 4242 1372 4299 aversantur;
1402 4232 1599 4288 virtute
1641 4232 1850 4303 pracdi-

261 4342 375 4386 tum
403 4340 580 4385 autem
604 4339 917 4385 reverentur
939 4335 993 4382 et
1014 4326 1301 4381 honorant.
1328 4326 1420 4390 At,
1455 4324 1685 4395 inquies,
1718 4340 1850 4394 pau-

263 4440 357 4494 per
384 4422 680 4489 deridetur,
731 4419 938 4475 etiamsi
969 4419 1162 4473 virtute
1206 4415 1459 4487 praeditus
1507 4415 1597 4469 sit.
1652 4414 1845 4469 Verum

260 4534 366 4572 non
415 4516 552 4586 apud
584 4515 843 4577 homines,
870 4513 962 4568 sed
990 4512 1130 4581 apud
1162 4526 1257 4566 eos
1279 4510 1367 4580 qui
1395 4509 1603 4564 ratione
1640 4509 1846 4579 praediti

287 4620 3152 4649 ____________________________________—

1161 342 1223 401 IN
1256 340 1571 400 JOANNEM
1610 338 1838 397 HOMIL.
1878 337 2135 395 LXXVII.
2177 338 2249 393 al.
2289 336 2519 395 LXXVI.

3412 340 3516 397 ιιι

1936 468 2043 508 non
2098 461 2266 507 sunt:
2316 467 2482 522 quare
2522 450 2653 506 nihil
2693 453 3009 508 curandum.
3041 453 3224 525 Neque
3270 458 3414 512 enim
3469 472 3516 514 st

1929 542 2064 600 asmi
2090 554 2277 599 contra
2319 560 2416 599 nos
2448 546 2733 614 ruderent,
2777 547 3085 619 graculique
3117 550 3477 608 acclamarent
3500 595 3517 619 ,

1931 638 2201 706 sapientes
2223 652 2353 692 vero
2378 636 2655 693 laudarent
2672 653 2882 704 omnes,
2911 639 3015 696 hoc
3041 640 3208 697 misso
3236 658 3517 710 consessu,

1931 729 1999 784 ad
2030 730 2306 784 brutorum
2356 730 2617 785 clamores
2646 746 2744 786 nos
2797 722 3152 789 verteremus.
3203 736 3339 792 Sunt
3376 741 3518 795 enim

1932 823 2164 892 graculis
2210 823 2413 879 similes
2444 833 2500 878 et
2542 824 2711 881 asinis
2748 827 2960 895 pejores
3016 828 3053 883 ii
3102 829 3193 900 qui
3236 835 3520 901 prmsentia

1932 915 2285 971 admirantur.
2318 915 2474 973 Certe
2504 917 2550 972 si
2580 926 2827 974 terrenus
2872 936 2969 975 rex
3016 931 3069 978 te
3108 924 3330 990 laudet,
3379 928 3521 997 vulgi

1934 1008 2327 1063 multitudinem
2382 1010 2514 1065 nihil
2539 1011 2787 1077 curabis,
2821 1012 3032 1068 etiamsi
3063 1023 3114 1070 te
3164 1031 3352 1071 omnes
3379 1018 3522 1074 deri-

1932 1100 2150 1155 deant:
2204 1110 2257 1155 et
2298 1116 2420 1156 cum
2471 1103 2842 1159 universorum
2898 1105 3154 1162 Dominus
3209 1117 3261 1163 te
3307 1110 3521 1175 laudet,

1933 1192 2107 1246 adlmc
2135 1192 2510 1248 cantharorum
2542 1202 2598 1249 et
2624 1195 2850 1250 culicum
2883 1196 3069 1251 laudes
3096 1199 3337 1268 quaeris?
3367 1200 3524 1257 Tales

1934 1287 2073 1341 enim
2105 1295 2231 1341 sunt
2273 1286 2399 1354 isti,
2444 1287 2491 1343 si
2531 1302 2652 1343 cum
2686 1288 2795 1342 Deo
2822 1299 3235 1357 comparentur;
3288 1291 3398 1348 imo
3444 1294 3524 1349 his

1934 1394 2146 1448 quoque
2176 1378 2395 1433 viliores
2419 1388 2564 1435 sunt.
2588 1378 2875 1451 Quousque
2892 1381 2943 1434 in
2967 1396 3124 1435 caeno
3150 1384 3526 1440 versabimur?

1934 1485 2213 1539 quousque
2242 1471 2502 1539 parasitos
2524 1481 2577 1525 et
2602 1468 2742 1541 gula:
2771 1472 2981 1530 deditos
3006 1485 3339 1545 spectatores
3370 1478 3525 1532 nobis

1936 1562 2274 1617 statuemus?
2301 1562 2379 1617 Illi
2405 1563 2671 1619 aleatores
2717 1564 2947 1639 probare
2976 1575 3229 1635 possunt,
3258 1568 3522 1632 ebriosos,

1937 1656 2180 1711 lurcones
2215 1674 2228 1709 :
2259 1657 2509 1713 virtutem
2562 1666 2741 1713 autem
2786 1668 2842 1713 et
2884 1659 3067 1714 vitium
3098 1676 3167 1716 ne
3211 1661 3265 1717 in
3303 1663 3526 1717 somniis

1935 1746 2151 1817 quidem
2180 1748 2455 1818 imaginari
2499 1748 2697 1805 valent.
2740 1748 2903 1804 Certe
2946 1750 2991 1804 si
3021 1751 3142 1820 quis
3186 1760 3241 1807 te
3284 1752 3527 1808 derideat

1936 1838 2080 1908 quod
2134 1848 2291 1894 terra:
2320 1840 2499 1895 sulcos
2523 1840 2721 1896 ducere
2746 1843 2958 1896 nescias
2977 1883 2993 1906 ,
3040 1856 3145 1895 non
3173 1857 3315 1912 aegre
3342 1842 3484 1898 Ieres
3504 1884 3523 1911 ,

1940 1932 2046 1984 imo
2075 1930 2308 1985 vicissim
2333 1931 2604 1987 deridebis
2630 1948 2774 1999 eum,
2796 1933 2885 2003 qui
2910 1932 3003 1988 tibi
3027 1932 3330 2003 hujusmodi
3352 1936 3528 2006 impe-

1939 2024 2113 2078 ritiam
2136 2025 2427 2094 exprobret
2458 2042 2473 2079 :
2502 2040 2623 2080 cum
2648 2036 2829 2080 autem
2856 2026 3107 2082 virtutem
3132 2028 3213 2082 vis
3251 2042 3526 2093 exercere,

1939 2132 2033 2172 eos
2050 2119 2137 2188 qui
2161 2119 2305 2172 illam
2330 2132 2549 2188 prorsus
2572 2120 2835 2190 ignorant,
2859 2130 3191 2190 spectatores
3212 2121 3304 2176 tibi
3330 2121 3529 2177 consti-

1945 2211 2093 2266 tuis?
2127 2210 2425 2280 Eapropter
2454 2226 2739 2280 numquam
2788 2212 3128 2280 pervenimus
3154 2212 3220 2267 ad
3252 2213 3395 2267 illam
3442 2229 3530 2268 ar-

1942 2311 2071 2358 tem.
2102 2302 2220 2357 Non
2251 2304 2394 2358 enim
2419 2303 2604 2372 peritis
2628 2343 2643 2367 ,
2671 2302 2766 2356 sed
2800 2304 2997 2373 ignaris
3023 2314 3204 2359 nostra
3236 2306 3528 2360 committi-

1941 2410 2082 2449 mus.
2138 2393 2218 2450 IlIi
2280 2410 2407 2451 vero
2449 2412 2555 2451 non
2609 2395 2904 2451 secundum
2958 2396 3090 2452 artis
3143 2397 3387 2468 regulas,
3434 2398 3530 2453 sed

1942 2488 2236 2545 secundum
2268 2489 2619 2559 ignorantiam
2649 2505 2799 2544 suam
2832 2491 2916 2544 illa
2944 2490 3251 2562 explorant.
3278 2490 3528 2560 Quapro-

1947 2594 2082 2652 pter,
2100 2583 2347 2644 obsecro,
2371 2582 2761 2637 multitudinem
2780 2581 3158 2652 despiciamus,
3177 2583 3287 2637 imo
3307 2582 3531 2638 uecIau-

1943 2674 2039 2728 des
2059 2675 2449 2741 desideremus,
2468 2689 2573 2727 non
2598 2674 2871 2743 pecunias,
2896 2688 3000 2729 non
3023 2674 3269 2729 divitias:
3302 2690 3402 2729 nec
3418 2689 3536 2728 ma-

1945 2766 2191 2835 lumquid
2225 2766 2593 2821 existimemus
2622 2774 3008 2835 paupertatem.
3048 2764 3179 2819 Nam
3211 2765 3531 2836 prudentiae,

1945 2860 2234 2929 patientia),
2254 2857 2539 2927 omnisque
2568 2857 2917 2927 philosophia:
2946 2856 3198 2927 magistra
3242 2868 3530 2926 paupertas

1946 2963 2047 3006 est.
2063 2950 2336 3020 Siquidem
2356 2949 2589 3004 Lazarus
2610 2949 2663 3003 in
2683 2957 2992 3019 paupertate
3011 2948 3162 3014 vixit,
3182 2957 3236 3003 et
3251 2959 3535 3002 coronatus

1945 3054 2028 3099 est
2057 3059 2070 3096 :
2108 3042 2272 3098 Jacob
2298 3058 2487 3112 panem
2530 3041 2702 3096 solum
2748 3041 3040 3111 expetebat
3068 3058 3083 3094 :
3112 3039 3313 3110 Ioseph
3345 3040 3396 3095 in
3442 3056 3536 3095 ex-

1950 3144 2114 3189 trema
2148 3142 2460 3204 paupertate
2493 3148 2597 3187 non
2628 3131 2786 3187 modo
2814 3148 3023 3199 servus,
3048 3131 3143 3187 sed
3173 3132 3333 3187 etiam
3362 3132 3536 3201 capti-

1948 3243 2046 3282 vus
2070 3236 2215 3292 erat,
2245 3224 2473 3295 idquue
2504 3225 2651 3279 illum
2696 3225 2863 3295 magis
2901 3224 3219 3289 laudamus;
3251 3238 3423 3293 neque
3466 3222 3535 3277 ita

1948 3321 2208 3377 miramur
2256 3334 2377 3374 cum
2429 3316 2756 3372 frumentum
2802 3316 3170 3386 dispensaret,
3224 3327 3281 3370 ut
3314 3330 3436 3371 cum
3486 3316 3536 3369 in

1949 3429 2167 3470 carcere
2193 3412 2448 3484 degeret,
2478 3426 2586 3465 non
2616 3410 2690 3465 ita
2719 3424 2841 3464 cum
2864 3408 3167 3465 diademate
3197 3419 3255 3463 ut
3302 3424 3423 3464 cum
3450 3423 3540 3463 ca-

1953 3516 2071 3560 tena
2102 3504 2455 3576 cingebatur;
2487 3515 2597 3557 non
2638 3499 2853 3573 quando
2884 3501 2936 3555 in
2964 3500 3100 3556 solio
3140 3498 3398 3564 sedebat,
3441 3500 3538 3556 sed

1950 3598 2164 3668 quando
2195 3596 2400 3652 insidiis
2438 3595 2796 3667 impetebatur
2822 3602 2879 3650 et
2907 3592 3257 3649 vendebatur.
3287 3592 3411 3647 Haec
3440 3592 3540 3646 ita-

1950 3706 2057 3761 que
2086 3689 2262 3743 omnia
2300 3689 2596 3757 cogitantes
2620 3728 2636 3755 ,
2668 3700 2877 3742 necnon
2922 3698 3151 3741 coronas
3178 3684 3263 3739 his
3288 3686 3542 3739 certami-

1954 3782 2110 3836 nibus
2142 3789 2370 3851 paratas,
2404 3794 2472 3834 ne
2490 3779 2733 3843 divitias,
2767 3777 3053 3843 honorem,
3081 3775 3322 3840 delicias,
3353 3785 3544 3845 poten-

1956 3876 2081 3930 tiam
2104 3915 2121 3940 ,
2154 3874 2247 3929 sed
2275 3880 2661 3943 paupertatem,
2690 3880 2937 3936 catenas,
2969 3868 3200 3935 vincula,
3230 3868 3539 3938 patientiam

1954 3984 2052 4039 pro
2074 3968 2269 4022 virtute
2298 3975 2599 4035 susceptam
2632 3963 2934 4017 laudemus;
2972 3960 3189 4015 Illorum
3231 3961 3374 4016 enim
3421 3960 3543 4015 ﬁnis

1955 4060 2186 4116 tumultu
2230 4074 2294 4114 ac
2324 4055 2812 4128 perturbationibus
2858 4054 3048 4124 plenus
3089 4064 3207 4119 est,
3253 4062 3309 4109 et
3347 4055 3399 4109 in
3439 4054 3539 4107 liae

1953 4158 2060 4211 vita
2091 4155 2209 4210 haec
2233 4154 2487 4209 desinunt
2519 4169 2533 4205 :
2568 4150 2758 4205 horum
2808 4164 2937 4204 vero
2981 4148 3224 4214 fructus,
3270 4147 3458 4204 caelum
3488 4159 3546 4202 et

1953 4249 2188 4305 cazlestia
2221 4247 2383 4312 bona,
2415 4260 2533 4315 qua:
2562 4258 2660 4298 nec
2684 4242 2871 4298 oculus
2897 4241 3061 4307 vidit,
3093 4256 3194 4297 nec
3222 4241 3370 4295 auris
3395 4239 3547 4294 audi-

1954 4342 2030 4396 vit
2058 4358 2072 4395 :
2105 4356 2225 4411 qua:
2254 4354 2354 4394 nos
2384 4352 2570 4392 omnes
2595 4334 2809 4405 assequi
2836 4335 3131 4404 contingat,
3157 4334 3324 4404 gratia
3352 4342 3408 4388 et
3446 4333 3545 4388 be-

1954 4436 2210 4507 nignitate
2242 4432 2451 4487 Domini
2499 4429 2666 4484 nostri
2712 4427 2841 4483 Jesu
2888 4426 3119 4495 Christi,
3162 4427 3250 4481 cui
3278 4425 3445 4495 gloria
3489 4422 3544 4479 in

1956 4528 2149 4584 saecula
2177 4525 2517 4581 saeculorum.
2546 4524 2740 4576 Amen.

3173 4613 3543 4627 —

1536 4692 1885 4755 HOMILIA
1927 4686 2247 4751 LXXVII.

259 4821 391 4877 ΟΑΡ.
435 4820 522 4875 15.
552 4834 603 4872 v.
637 4819 722 4872 11.
770 4816 892 4870 Haec
919 4815 1154 4885 loquutus
1187 4831 1299 4868 sum
1330 4814 1483 4875 vobis,
1516 4823 1571 4866 ut
1598 4812 1845 4883 gaudium

336 4929 498 4966 meum
524 4913 579 4964 in
606 4909 742 4963 vobis
785 4916 1003 4970 maneat,
1047 4917 1093 4959 et
1121 4906 1361 4975 gaudium
1392 4915 1609 4958 vestrum
1642 4906 1707 4958 sit
1735 4906 1844 4972 ple-

337 5023 477 5061 num.
509 5004 595 5060 I2.
629 5002 741 5056 Hoc
777 5010 849 5055 est
878 5008 1186 5071 prcceptum
1211 5014 1398 5063 meum,
1432 5006 1483 5050 ut
1511 4996 1739 5067 diligatis
1766 4996 1849 5050 in-

335 5104 511 5164 virem,
529 5101 659 5152 sicut
687 5097 841 5151 dilexi
868 5111 973 5149 vos.

335 5197 388 5250 1.
428 5191 617 5248 Oumia
649 5190 784 5243 bona
815 5198 939 5241 tunc
964 5183 1265 5240 mercedem
1293 5182 1512 5247 habent,
1540 5196 1660 5236 cum
1693 5181 1847 5236 debi-

264 5298 377 5340 tum
409 5285 567 5338 linem
587 5287 1020 5349 consequuntur:
1045 5276 1088 5330 si
1118 5274 1538 5343 intercipiantur,
1570 5282 1694 5327 tunc
1719 5289 1848 5327 nau-

266 5376 490 5445 fragium
510 5384 611 5429 est.
641 5372 707 5427 Et
740 5372 877 5425 sicut
901 5369 1070 5433 navis,
1112 5368 1405 5422 innumeris
1441 5375 1631 5421 onusta
1660 5365 1849 5420 merci-

266 5467 387 5531 bus,
418 5466 515 5519 nisi
542 5464 607 5518 ad
638 5473 848 5533 portum
896 5459 1183 5530 appulerit,
1227 5457 1320 5511 sed
1362 5458 1413 5511 in
1456 5455 1633 5511 medio
1664 5456 1849 5525 pelago

266 5559 660 5628 submergatur,
688 5553 820 5609 nihil
850 5568 917 5609 ex
946 5554 1105 5622 longa
1136 5550 1472 5622 navigatione
1503 5550 1631 5603 lucri
1662 5547 1847 5614 refert,

268 5654 361 5708 sed
388 5668 455 5707 eo
486 5652 745 5718 majorem
772 5648 972 5717 patitur
998 5646 1376 5710 calamitatem,
1395 5659 1503 5713 quo
1527 5643 1705 5713 plures
1733 5658 1850 5695 sus-

271 5745 427 5799 tinuit
453 5744 663 5798 labores
695 5758 709 5793 :
748 5740 828 5794 sic
857 5738 1050 5793 anima:
1074 5751 1193 5804 quae
1221 5744 1347 5789 ante
1386 5734 1542 5789 linem
1578 5733 1849 5795 decidunt,

269 5838 316 5893 si
343 5840 392 5892 in
416 5835 605 5892 tnediis
624 5830 1002 5886 certaminibus
1028 5836 1204 5881 ruant.
1239 5826 1365 5881 Ideo
1390 5825 1583 5881 Paulus
1602 5826 1849 5897 gloriam,

578 5928 848 5990 Ριτιιοι.
895 5927 1012 5988 Gtt.
1059 5926 1221 5986 LIX.

1958 4810 2218 4865 honorem
2244 4815 2298 4862 et
2323 4820 2506 4875 pacem
2547 4804 2803 4875 consequi
2833 4818 2927 4858 eos
2953 4803 3103 4869 dicit,
3134 4802 3223 4872 qui
3254 4801 3549 4858 secundum

1956 4902 2219 4956 bonorum
2265 4912 2487 4967 Operum
2535 4895 2846 4967 patientiam
2890 4904 3114 4949 currunt
3144 4894 3325 4964 (Rom.
3365 4895 3422 4950 2.
3470 4894 3549 4965 7).

1956 4990 2111 5060 Quod
2136 4991 2296 5046 etiam
2326 5005 2465 5044 nunc
2482 4988 2727 5044 Christus
2746 4988 3019 5058 discipulis
3041 4988 3232 5041 innuit.
3251 4986 3384 5054 Quia
3402 4989 3549 5043 enim

1957 5085 2081 5140 illos
2100 5093 2397 5152 acceperat,
2436 5090 2490 5137 et
2514 5097 2575 5137 ea
2606 5081 2672 5137 de
2702 5097 2762 5136 re
2802 5081 2876 5136 illi
2902 5081 3069 5151 gavisi
3096 5090 3280 5145 erant,
3321 5079 3547 5136 deinde-

1958 5192 2063 5248 que
2118 5176 2314 5246 passio,
2368 5175 2642 5245 tristiaque
2686 5173 2849 5228 verba
2894 5173 3143 5242 gaudium
3188 5172 3547 5242 interceptum

1959 5280 2144 5335 erant;
2174 5278 2453 5340 postquam
2482 5269 2601 5323 illos
2629 5267 2870 5338 pluribus
2889 5267 3195 5338 alloquutus
3214 5267 3549 5322 consolatus-

1958 5380 2064 5435 que
2086 5363 2277 5427 Iuerat,
2307 5362 2468 5418 dicit:
2492 5359 2620 5415 Hac
2641 5361 2877 5431 loquutus
2898 5376 3011 5413 sum
3038 5359 3198 5424 vobis,
3226 5367 3284 5412 ut
3304 5358 3548 5429 gaudium

1959 5472 2130 5510 meum
2149 5455 2204 5508 in
2228 5454 2366 5508 vobis
2394 5462 2619 5519 maneat,
2650 5463 2695 5507 et
2715 5452 2961 5524 gaudium
2992 5462 3210 5505 vestrum
3241 5450 3547 5519 impleatur;

1961 5548 2063 5604 hoc
2082 5556 2185 5615 est,
2216 5546 2294 5603 Ne
2318 5546 2605 5602 discedatis
2633 5560 2663 5599 a
2690 5561 2794 5610 me,
2831 5560 2965 5600 neve
3001 5560 3029 5599 a
3063 5558 3225 5599 cursu
3252 5542 3544 5599 desistatis.

1960 5640 2139 5698 Gavisi
2167 5640 2298 5695 estis
2326 5638 2379 5694 in
2428 5654 2535 5703 me,
2567 5644 2622 5693 et
2646 5637 2934 5692 admodum
2977 5633 3167 5707 gavisi,
3215 5634 3310 5690 sed
3356 5633 3548 5691 incidit

1963 5733 2194 5787 tristitia.
2215 5731 2362 5786 Hane
2379 5729 2552 5800 ejieio,
2580 5737 2639 5784 ut
2664 5730 2714 5784 in
2736 5729 2843 5784 line
2866 5728 3116 5799 gaudium
3134 5728 3344 5793 veniat;
3367 5735 3549 5783 mter.-

1961 5823 2098 5880 dens
2124 5822 2403 5892 praesentia
2432 5834 2538 5876 non
2568 5834 2686 5877 esse
2725 5822 2868 5876 luctu
2898 5820 3078 5890 digna,
3125 5820 3220 5874 sed
3249 5821 3425 5890 potius
3452 5820 3549 5875 Ia:-

3115 5910 3194 5965 26
