4126 6366
557 396 659 457 HE

555 516 691 571 tttia.
716 512 830 569 Vos
856 510 962 569 vidi
992 508 1356 582 perturbatos;
1386 521 1488 561 non
1528 500 1847 570 contempsi,
1876 510 1974 551 nec
2000 492 2134 554 dixi,

554 607 663 665 Cur
688 606 897 662 strenui
924 620 1029 659 non
1057 601 1322 657 manetis?
1350 598 1445 654 sed
1475 598 1728 665 loquutus
1753 606 1869 645 sum
1902 604 1986 653 ea,
2017 600 2138 657 quae

555 717 650 755 vos
679 696 943 753 consolari
976 700 1211 765 possent.
1241 691 1331 746 Sic
1356 706 1449 744 vos
1483 688 1604 741 volo
1624 699 1837 754 semper
1859 683 1910 736 in
1935 681 2034 734 hac
2058 678 2139 731 di-

557 794 784 849 lectione
810 804 1045 845 servare.
1082 786 1319 842 Audistis
1356 784 1424 838 de
1464 796 1657 850 regno;
1686 776 1851 848 gavisi
1890 774 2038 828 estis.
2074 770 2140 827 Ut

559 886 736 967 itaque
764 883 1014 955 gaudium
1042 889 1276 934 vestrum
1295 877 1597 945 impleatur,
1623 873 1735 926 hate
1760 868 1867 923 dixi
1894 866 2065 920 vobis.

630 958 683 1031 Ν
687 995 750 1030 οη
778 984 937 1048 potest
968 991 1071 1029 esse
1088 968 1286 1025 dilectio
1311 968 1406 1022 Dei
1417 969 1523 1021 sine
1543 965 1809 1019 dilectione
1826 958 2143 1048 proximi.—_-

556 1070 668 1123 Hoc
686 1076 757 1122 est
769 1046 935 1119 autem
953 1072 1280 1136 praeceptum,
1295 1070 1349 1114 ut
1366 1058 1589 1130 diligatis
1601 1056 1830 1118 invicem,
1845 1052 1970 1105 sicut
1985 1046 2141 1101 dilexi

552 1180 657 1217 vos.
675 1161 862 1215 Viden’
884 1160 971 1214 Dei
996 1157 1333 1212 dilectionem
1348 1169 1467 1208 cum
1486 1159 1666 1205 nostra
1678 1146 2072 1216 complicatam,
2087 1148 2142 1195 et

552 1252 703 1323 quasi
725 1260 911 1305 catena
928 1264 1210 1303 annexam.
1235 1246 1359 1301 ldeo
1379 1241 1660 1313 aliquando
1677 1239 1782 1294 duo
1803 1238 1929 1291 dicit
1953 1248 2143 1304 prrece-

555 1358 663 1416 pta,
691 1345 1189 1415 aliquandotmum:
1218 1355 1387 1409 neque
1424 1337 1565 1391 enim
1599 1344 1770 1404 potest
1800 1331 1886 1401 qui
1918 1329 2138 1383 alteram

553 1437 780 1505 accepit,
808 1437 1033 1489 alteram
1065 1451 1169 1487 non
1201 1432 1418 1486 habere.
1449 1426 1750 1497 Aliquando
1780 1425 1907 1477 dicit
1929 1439 1941 1476 :
1961 1419 2023 1472 In
2049 1421 2141 1472 hoc

554 1530 635 1582 lea:
647 1540 692 1582 et
710 1528 969 1597 propheta:
979 1526 1196 1596 pendent
1213 1523 1423 1595 (Matth.
1436 1520 1527 1574 2'2.
1542 1519 1656 1590 40);
1674 1515 1977 1587 aliquando,
1999 1513 2143 1579 Qua:-

554 1637 765 1689 cumque
801 1619 949 1672 vultis
987 1628 1041 1671 ut
1080 1620 1271 1689 faciant
1296 1615 1430 1668 vobis
1454 1613 1700 1675 homines,
1729 1620 1880 1663 etvos
1900 1609 1970 1660 eis
1993 1606 2144 1677 facite

555 1710 775 1781 (Ibid.7.
798 1708 884 1780 12)
902 1709 1136 1763 ,Ιίωοθει
1153 1708 1293 1763 enim
1306 1707 1389 1760 lex
1405 1712 1458 1760 et
1475 1698 2141 1773 prophetze.Et,Plenitudo

555 1802 677 1872 legis
703 1792 773 1855 est
800 1782 998 1854 dilectio
1022 1799 1197 1871 (Rom.
1242 1799 1331 1852 15.
1376 1796 1485 1866 10).
1514 1795 1665 1861 Quod
1694 1793 1851 1847 etiam
1885 1791 1970 1844 hic
1989 1788 2139 1843 dicit.

555 1892 687 1946 Nam
715 1893 757 1945 si
780 1906 981 1944 manere
1001 1906 1067 1944 ex
1093 1889 1379 1943 dilectione
1409 1885 1623 1956 pendet,
1645 1882 1859 1937 dilectio
1881 1889 2055 1934 autem
2075 1894 2140 1933 ex

558 1994 945 2055 praeceptorum
976 1983 1372 2046 observatione,
1416 1987 1741 2049 prmeeptum
1781 1989 1911 2028 vero
1950 1982 2051 2037 est,
2086 1981 2143 2027 ut

557 2078 837 2147 diligamus
868 2077 1127 2141 invicem;
1161 2088 1378 2128 manere
1409 2072 1460 2125 in
1490 2071 1601 2126 Deo
1627 2086 1692 2123 ex
1721 2068 2005 2123 dilectione
2027 2082 2142 2119 mu-

559 2180 644 2224 tua
673 2171 849 2223 datur.
889 2168 1075 2236 Neque
1114 2166 1452 2221 dilectionem
1483 2162 1655 2218 solum
1691 2161 1836 2223 dicit,
1866 2158 1959 2213 sed
1981 2157 2141 2212 etiam

559 2262 772 2314 modum
802 2261 1096 2331 significat:
1127 2258 1273 2314 Sicut
1304 2257 1456 2310 dilexi
1500 2271 1604 2309 vos.
1653 2254 1855 2307 Rursus
1885 2250 2139 2316 ostendit,

556 2368 825 2407 secessum
857 2366 1011 2405 suum
1046 2365 1153 2403 non
1183 2364 1246 2404 ex
1292 2348 1435 2409 odio,
1460 2346 1553 2401 sed
1585 2360 1650 2398 ex
1677 2343 1965 2398 dilectione
1990 2341 2138 2394 oriri.

557 2445 737 2513 Itaque
782 2460 865 2499 me
897 2443 1064 2514 magis
1095 2442 1276 2497 mirari
1320 2458 1436 2496 eam
1474 2441 1543 2493 oh
1579 2454 1793 2493 causztm
1837 2436 2140 2506 Oportebat.

558 2537 659 2590 Pro
682 2537 830 2590 vobis
851 2536 990 2588 extim
1020 2535 1248 2589 animam
1278 2548 1447 2586 meam
1479 2546 1640 2601 pono.
1662 2530 1856 2584 Verum
1882 2543 2140 2598 nusquam

556 2630 626 2681 ita
658 2630 925 2698 loquitur;
958 2628 1050 2680 sed
1082 2642 1239 2696 supra
1283 2641 1402 2680 cum
1452 2625 1713 2693 optimum
1745 2632 2013 2691 pastorem
2042 2621 2140 2676 de-

557 2719 773 2780 scribit;
806 2719 891 2773 hic
936 2734 1085 2783 vero,
1127 2734 1247 2774 cum
1284 2717 1537 2771 admonet
1579 2716 1716 2781 illos,
1749 2725 1804 2770 et
1843 2714 2142 2769 dilectionis

557 2811 975 2879 magnitudinem
1007 2811 1258 2874 ostendit,
1282 2809 1516 2878 seipsum
1543 2807 1662 2875 quis
1678 2807 1747 2860 sit
1762 2804 2015 2859 declarat.
2035 2804 2144 2858 Cur

556 2916 732 2957 autem
765 2904 961 2973 ubique
990 2905 1330 2956 dilectionem
1360 2900 1599 2956 extollit?
1622 2900 1760 2968 Quia
1802 2899 1904 2953 hoc
1944 2907 2027 2952 est
2061 2897 2142 2951 di-

557 2995 879 3065 scipulorum
914 2995 1191 3061 indicium,
1237 2993 1339 3050 hoc
1370 2994 1621 3048 virtutem
1660 2991 1826 3046 foret.
1859 2991 1983 3045 Ideo
2005 2990 2144 3045 Pau-

560 3090 641 3143 lus
666 3090 732 3143 de
761 3089 848 3143 illa
877 3089 991 3142 lucc
1020 3088 1170 3155 dicit,
1203 3095 1386 3157 utpote
1409 3101 1567 3141 verus
1592 3084 1791 3141 Christi
1825 3083 2139 3153 discipulus,

555 3181 644 3251 qui
688 3181 831 3235 illam
862 3181 1216 3250 experiretur.
1260 3180 1348 3234 14.
1414 3177 1514 3233 Vos
1541 3178 1691 3231 amici
1720 3179 1818 3230 mei
1859 3177 1993 3231 estis.
2020 3173 2143 3228 1am

556 3289 656 3325 non
685 3271 852 3325 dicam
890 3287 977 3326 vos
1001 3287 1168 3326 servos
1191 3288 1210 3326 :
1239 3271 1326 3326 15.
1358 3270 1475 3341 quia
1504 3287 1675 3325 servus
1708 3269 1864 3323 nescit
1905 3267 2029 3339 quid
2057 3271 2140 3337 fa-

555 3365 654 3418 ciat
686 3363 921 3418 dominus
947 3365 1075 3430 eius.
1108 3361 1210 3418 Vos
1235 3364 1385 3417 amici
1404 3364 1500 3417 mei
1526 3366 1676 3426 estis;
1701 3362 1823 3432 quia
1846 3361 2016 3414 omnia
2030 3374 2145 3428 qua

555 3458 725 3513 audivi
741 3475 772 3511 a
796 3457 955 3513 Patre
980 3474 1107 3523 meo,
1135 3467 1254 3511 nota
1281 3458 1374 3529 feci
1399 3455 1555 3511 vobis.
1576 3454 1686 3510 Cur
1702 3469 1829 3526 ergo
1854 3453 1947 3517 ait,
1977 3452 2144 3507 Multa

557 3548 715 3604 habeo
743 3548 879 3604 vobis
900 3550 1085 3611 dicere,
1108 3548 1195 3602 sed
1216 3565 1316 3601 non
1337 3548 1542 3617 potestis
1569 3556 1767 3617 portare
1785 3546 1935 3599 ntodo
1961 3545 2139 3617 (Joan.

558 3639 643 3693 16.
670 3636 795 3710 12)?
820 3639 950 3693 Cum
974 3639 1123 3706 dicit,
1152 3638 1336 3693 Dnmia
1360 3654 1473 3701 qua:
1498 3637 1691 3705 audivi,
1722 3638 1851 3691 nihil
1868 3637 2007 3691 aliud
2031 3636 2142 3690 vult

554 3730 862 3799 signiﬁcari,
896 3746 1053 3800 quam
1086 3731 1227 3799 quod
1270 3729 1403 3783 nihil
1447 3730 1681 3784 alienum
1728 3730 2004 3799 loquatur;
2047 3728 2141 3783 sed

554 3837 673 3889 quae
702 3837 732 3874 a
761 3821 916 3875 Patre
942 3821 1163 3875 audivit.
1191 3821 1321 3888 Quia
1355 3836 1482 3874 vero
1502 3821 1627 3874 illud
1648 3822 1877 3875 maxime
1893 3818 2141 3874 amicitia:

555 3926 675 3967 esse
696 3912 925 3977 videtur,
956 3927 1076 3966 cum
1125 3927 1318 3965 arcana
1348 3911 1628 3974 dicuntur;
1670 3910 1770 3963 hac
1797 3925 2029 3979 quoque,
2063 3909 2143 3963 in—

555 4004 684 4072 quit,
710 4004 911 4074 dignati
933 4005 1061 4058 estis
1082 4005 1267 4073 gratia.
1290 4003 1426 4058 Cum
1448 4019 1577 4057 vero
1594 4003 1723 4057 dicit
1751 4002 1955 4063 Omnia,
1988 4002 2143 4056 intel-

557 4098 688 4166 ligas
718 4112 802 4161 ea,
835 4112 953 4167 quae
980 4096 1165 4150 audire
1195 4097 1314 4150 illos
1344 4097 1647 4165 oportebat.
1679 4094 1879 4149 Deinde
1902 4093 2044 4148 aliud
2066 4092 2144 4148 ef-

557 4187 659 4241 fert
681 4203 784 4241 non
804 4188 1021 4257 vulgare
1038 4187 1283 4241 amicitias
1302 4186 1823 4256 signum.Quodnam
1860 4184 2021 4239 illud?
2052 4185 2139 4239 16.

559 4278 679 4331 Νοη
707 4295 791 4332 vos
816 4295 893 4332 me
914 4278 1148 4349 elegistis,
1177 4278 1364 4347 inquit,
1388 4278 1477 4331 sed
1497 4295 1586 4347 ego
1616 4278 1739 4347 elegi
1768 4294 1872 4330 vos.
1901 4276 2015 4347 Ego
2049 4292 2143 4331 ve-

555 4381 718 4425 stram
745 4370 1029 4423 amicitiam
1057 4370 1253 4424 ardens
1279 4369 1518 4439 quzesivi.
1552 4368 1732 4438 Neque
1762 4368 1863 4422 hoc
1886 4369 2015 4421 satis
2044 4367 2143 4421 ha-

557 4464 686 4528 buit,
719 4464 835 4529 sed,
869 4462 1031 4517 Posui
1056 4478 1162 4529 vos,
1206 4463 1396 4531 inquit,
1426 4461 1476 4516 id
1503 4470 1603 4526 est,
1637 4461 1904 4524 Plantavi,
1936 4471 1991 4513 ut
2020 4461 2145 4515 eatis

556 4556 753 4624 (adhuc
775 4556 828 4609 in
855 4555 1162 4625 metaphora
1191 4554 1313 4610 vitis
1340 4554 1622 4623 persistit),
1651 4552 1702 4607 id
1730 4562 1830 4619 est,
1862 4551 1932 4608 Ut
1960 4562 2147 4607 exten-

556 4646 779 4713 damini,
808 4656 854 4700 et
884 4647 1106 4714 fructum
1136 4645 1384 4713 offeratis,
1431 4655 1477 4698 et
1516 4649 1713 4714 fructus
1738 4654 1897 4699 vester
1923 4654 2141 4697 maneat.

558 4737 709 4804 Quod
733 4738 776 4792 si
807 4737 1011 4792 fructus
1042 4747 1274 4794 maneat.
1308 4737 1475 4790 multo
1502 4736 1670 4806 magis
1700 4751 1815 4790 vos.
1859 4735 1973 4789 Non
2004 4737 2144 4790 enim

559 4842 654 4881 vos
682 4829 856 4882 amavi
888 4837 1115 4893 tantum,
1166 4829 1359 4898 inquit,
1411 4828 1506 4882 sed
1556 4828 1761 4897 magnis
1810 4842 2020 4896 quoque
2051 4827 2145 4881 be-

562 4920 767 4975 neﬁciis
794 4920 965 4988 affeci,
996 4923 1193 4991 ubique
1224 4932 1484 4976 terrarum
1514 4922 1759 4991 palmites
1788 4930 1996 4975 vestros
2016 4936 2146 4990 pro-

564 5028 787 5083 pagans.
864 5060 867 5063 .

630 5104 683 5158 2.
731 5103 914 5159 Viden’
957 5114 1086 5174 quot
1114 5105 1286 5158 modis
1314 5105 1655 5159 diiectionem
1686 5119 1836 5159 suam
1863 5105 2149 5158 ostendat?

561 5212 682 5253 cum
712 5208 916 5252 secreta
944 5199 1135 5267 aperit,
1165 5213 1284 5250 cum
1317 5200 1461 5265 prior
1487 5197 1552 5250 ad
1583 5198 1867 5251 amicitiam
1898 5199 2147 5261 accurrit,

563 5304 686 5344 cum
708 5304 898 5359 magna
927 5289 1055 5359 ipsis
1081 5289 1293 5343 confert
1317 5289 1594 5349 beneﬁcia,
1621 5298 1674 5342 et
1703 5289 1793 5343 illa
1814 5305 1933 5358 quae
1964 5304 2150 5358 passus

561 5390 641 5435 est
670 5397 767 5449 pro
799 5381 904 5434 illis
931 5381 1201 5435 sustinuit.
1225 5380 1358 5434 Hinc
1375 5380 1611 5435 ostendit
1635 5396 1693 5434 se
1721 5390 1980 5450 perpetuo
2003 5398 2153 5434 man-

563 5488 748 5527 surum
771 5489 891 5527 cum
922 5474 1024 5527 illis
1055 5473 1281 5527 fructum
1309 5473 1604 5525 emissuris.
1634 5471 1803 5541 Ipsius
1829 5473 1968 5526 enim
1997 5474 2150 5526 auxi-

564 5565 635 5618 lio
659 5564 727 5619 ad
758 5563 987 5620 fructum
1013 5566 1287 5621 ferendmn
1312 5582 1445 5633 opus
1474 5566 1689 5619 habent.
1720 5564 1787 5620 Ut
1810 5566 2155 5635 quodcumque

565 5658 804 5725 petieritis
831 5657 1037 5710 Patrem
1066 5658 1118 5710 in
1146 5659 1345 5711 nomine
1371 5674 1500 5720 meo,
1542 5658 1623 5710 det
1650 5659 1806 5712 vobis.
1855 5658 2011 5725 Atqui
2039 5657 2154 5725 ejus

566 5762 594 5798 a
621 5762 726 5817 quo
751 5750 947 5816 petitur
971 5759 1075 5814 est,
1119 5750 1327 5803 facere:
1350 5749 1395 5801 si
1418 5764 1544 5803 vero
1564 5764 1595 5802 a
1624 5748 1779 5803 Patre
1809 5750 2026 5817 petitur.
2060 5763 2155 5801 cur

568 5835 733 5891 Filius
763 5838 812 5893 id
852 5837 1008 5893 facit?
1038 5839 1104 5894 Ut
1130 5840 1304 5893 discas
1343 5855 1449 5894 non
1479 5841 1738 5895 minorem
1780 5855 1896 5894 esse
1937 5838 2149 5893 Filium.

1353 395 1412 447 s.
1467 384 1742 446 J0.—\N.\'|S
1775 377 2252 438 cunvsos'rotu
2293 375 2607 430 answer.
2649 370 3181 430 CONSTANTINOP.

2246 490 2331 544 17.
2364 487 2487 542 Haec
2508 486 2740 557 loquutus
2765 503 2876 540 sum
2892 488 3047 552 vobis,
3068 495 3125 539 ut
3145 484 3367 556 diligatis
3384 482 3626 550 invicem;
3653 483 3703 538 id
3720 496 3826 555 est,

2244 582 2359 637 Non
2382 580 2711 651 exprobrans
2738 580 2851 634 haec
2876 580 3018 646 dico,
3048 594 3133 633 me
3152 578 3384 633 animam
3407 592 3578 633 meam
3602 592 3823 648 ponere,

2245 692 2331 731 me
2373 676 2602 744 priorem
2645 673 2711 727 ad
2759 688 2854 727 vos
2896 672 3215 736 accurrisse,
3243 671 3337 726 sed
3365 678 3423 725 ut
3446 670 3513 725 ad
3540 670 3825 725 amicitiam

2245 781 2340 821 vos
2372 766 2637 820 inducam.
2670 764 2871 819 Deinde
2897 763 3017 834 quia
3053 762 3519 832 persequutionem
3568 776 3597 814 a
3648 761 3829 816 multis

2245 858 2374 929 pati,
2418 866 2472 912 et
2514 856 2825 925 exprobrari
2854 856 3045 910 durum
3076 864 3193 909 erat
3218 862 3272 909 et
3298 853 3655 917 intolerabile,
3686 854 3828 923 quod

2246 959 2427 1020 posset
2451 949 2609 1004 etiam
2641 948 2921 1003 sublimem
2951 949 3188 1001 animum
3230 947 3489 1016 dejicere;
3515 946 3635 1001 ideo
3670 947 3829 1000 innu-

2246 1042 2407 1095 meris
2441 1041 2726 1110 praemissis
2752 1041 2818 1095 ad
2860 1040 2960 1095 hoc
2986 1041 3151 1099 venit,
3182 1049 3460 1110 postquam
3498 1040 3733 1095 animum
3762 1040 3829 1093 il-

2244 1132 2417 1187 lorum
2439 1132 2782 1197 demulserat,
2811 1143 2865 1187 et
2893 1148 2960 1187 ex
2988 1132 3275 1187 abundanti
3297 1142 3687 1188 monstraverat
3713 1130 3831 1189 haec

2246 1239 2345 1294 pro
2376 1224 2482 1278 illis
2508 1223 2645 1277 facta
2678 1239 2818 1289 esse,
2849 1234 2906 1278 ut
2933 1234 2985 1279 et
3012 1224 3114 1277 alia
3146 1238 3266 1293 qua:
3282 1223 3392 1292 jam
3423 1223 3751 1278 ostenderat.

2318 1312 2545 1367 Christus
2577 1314 2852 1379 discipulos
2880 1312 3051 1367 multis
3076 1314 3239 1367 modis
3259 1312 3572 1367 consolatur.
3591 1343 3664 1354 —
3681 1312 3831 1368 Sicut

2244 1406 2385 1459 enim
2416 1405 2549 1459 dixit
2576 1420 2680 1459 non
2706 1405 2863 1458 modo
2900 1419 3007 1458 non
3047 1405 3358 1469 dolendum,
3388 1405 3480 1460 sed
3508 1407 3666 1460 etiam
3694 1421 3830 1474 gau-

2245 1498 2500 1564 dendum,
2529 1499 2669 1568 quod
2703 1500 2802 1553 iret
2827 1498 2891 1551 ad
2921 1499 3159 1563 Patrem;
3189 1514 3294 1552 non
3325 1501 3463 1554 enim
3488 1507 3543 1552 ut
3564 1499 3830 1567 relinque-

2246 1598 2328 1645 ret
2358 1590 2475 1644 illos
2503 1590 2604 1644 hoc
2630 1606 2689 1645 se
2714 1589 2891 1645 facere
2914 1590 3060 1655 dicit,
3085 1589 3179 1646 sed
3210 1590 3350 1661 quod
3373 1590 3493 1645 illos
3510 1591 3662 1645 valde
3681 1606 3830 1644 ama-

2246 1692 2359 1736 ret:
2395 1683 2465 1736 ita
2492 1693 2541 1737 et
2568 1682 2655 1737 hic
2679 1683 2912 1737 ostendit
2932 1683 3238 1751 laetandum,
3259 1699 3363 1738 non
3388 1684 3830 1743 dolendumesse.

2247 1774 2315 1828 Et
2355 1774 2721 1829 animadverte
2751 1791 2855 1843 quo
2901 1785 3054 1844 pacto
3099 1775 3289 1845 probet
3333 1775 3484 1829 illud.
3528 1775 3643 1829 Non
3686 1777 3829 1831 enim

2247 1864 2414 1919 dixit:
2440 1865 2564 1920 Scio
2592 1881 2703 1919 rem
2732 1881 2852 1921 esse
2881 1867 3182 1930 molestam,
3217 1867 3310 1921 sed
3341 1877 3556 1936 propter
3594 1883 3679 1921 me
3701 1867 3829 1922 illud

2247 1958 2526 2022 sustinete,
2572 1958 2695 2027 quia
2736 1967 2954 2027 prepter
2983 1973 3068 2013 me
3113 1959 3376 2028 patimini.
3414 1957 3658 2013 Nondum
3684 1960 3828 2013 enim

2249 2050 2361 2103 hu-c
2391 2049 2660 2104 subiciens
2688 2050 3069 2104 consolationis
3088 2065 3246 2104 causa
3268 2051 3482 2105 fuisset:
3507 2063 3833 2120 quaprOpter

2246 2142 2405 2195 missa
2439 2142 2545 2207 illa,
2578 2142 2733 2195 aliam
2766 2141 3033 2210 proponit.
3062 2141 3267 2210 Quam?
3294 2140 3447 2209 Quod
3496 2142 3687 2211 prioris
3723 2143 3833 2195 vir-

2246 2234 2374 2285 tutis
2404 2231 2504 2286 hoc
2532 2240 2675 2287 esset
2700 2241 3092 2302 argumentum,
3124 2242 3179 2286 et
3204 2242 3389 2285 contra
3418 2231 3704 2287 dolendum
3741 2247 3831 2285 es-

2246 2334 2345 2386 set,
2373 2340 2477 2377 non
2507 2324 2648 2394 quod
2698 2340 2837 2379 nunc
2884 2325 3056 2379 odiosi
3099 2325 3234 2390 sitis,
3265 2324 3358 2379 sed
3385 2327 3428 2379 si
3455 2325 3828 2394 diligeremini.

2248 2416 2359 2470 Hoc
2389 2416 2532 2470 enim
2564 2416 2884 2484 subindicat,
2910 2432 3029 2471 cum
3057 2417 3162 2472 ait:
3198 2416 3285 2472 19.
3319 2418 3382 2473 Si
3408 2419 3470 2471 de
3494 2417 3683 2471 mundo
3708 2433 3833 2471 esse-

2248 2510 2328 2571 tis,
2360 2509 2579 2562 mundus
2608 2512 2743 2581 quod
2768 2528 2914 2563 suum
2946 2520 3072 2565 esset
3102 2510 3352 2579 diligeret.
3381 2511 3562 2581 Itaque
3579 2511 3622 2566 si
3650 2510 3833 2582 dilige-

2246 2603 2461 2666 remitti,
2492 2603 2845 2671 improbitatis
2868 2603 3119 2657 iudicium
3142 2604 3467 2673 prazberetis.
3492 2602 3689 2659 Deinde
3705 2604 3831 2674 quia
3871 2651 3874 2654 .

2247 2691 2330 2745 his
2372 2693 2527 2747 dictis
2572 2693 2701 2746 nihil
2752 2693 3069 2763 profecerat,
3103 2694 3294 2749 iterum
3325 2694 3705 2764 prosequitur:
3737 2693 3828 2749 20.

2248 2782 2370 2837 Non
2396 2795 2468 2838 est
2495 2801 2663 2839 servus
2707 2788 2874 2855 major
2922 2786 3126 2839 domino
3168 2802 3279 2839 suo.
3324 2786 3386 2840 Si
3427 2802 3507 2839 me
3550 2786 3833 2855 persequuti

2246 2889 2381 2942 sunt,
2411 2888 2455 2932 et
2481 2894 2567 2933 vos
2588 2889 2964 2949 persequentur.
2995 2880 3126 2933 llinc
3160 2879 3388 2934 maxime
3421 2879 3652 2934 ostendit
3690 2879 3833 2949 ipsos

2246 2970 2542 3026 imitatores
2574 2970 2704 3025 fore.
2741 2971 2918 3025 Donec
2957 2971 3098 3025 enim
3140 2971 3382 3025 Christus
3417 2971 3469 3025 in
3511 2985 3674 3025 carne
3715 2970 3829 3036 fuit,

2245 3072 2431 3116 contra
2460 3063 2630 3132 ipsum
2657 3062 2987 3125 certabatur;
3022 3071 3300 3131 postquam
3325 3071 3501 3116 autem
3529 3072 3833 3131 assumptus

2245 3164 2328 3209 est
2359 3197 2373 3223 ,
2415 3156 2671 3210 adversus
2712 3156 2831 3209 illos
2878 3166 3167 3226 pugnatum
3213 3165 3311 3208 est.
3356 3154 3487 3209 Hinc
3516 3154 3636 3224 quia
3682 3154 3833 3223 pauci

2246 3260 2429 3301 centra
2485 3256 2688 3301 tantum
2746 3246 2998 3316 pepulum
3046 3247 3402 3301 concertaturi
3461 3243 3829 3311 turbabantur,

2247 3340 2484 3409 ipsorum
2516 3341 2723 3395 animos
2747 3341 2904 3409 erigit
2924 3340 3128 3403 dicens,
3162 3338 3299 3394 hanc
3326 3352 3447 3395 esse
3476 3339 3708 3393 maxime
3735 3338 3831 3393 lte-

2249 3432 2391 3488 tandi
2412 3447 2650 3502 causam,
2678 3433 2819 3504 quod
2848 3434 2916 3489 ab
2932 3432 3036 3488 illis
3053 3433 3176 3489 odio
3194 3433 3550 3489 haberentur:
3575 3431 3648 3487 lta
3665 3432 3829 3499 enim,

2247 3524 2437 3595 inquit,
2468 3523 2594 3578 mihi
2624 3524 2927 3594 passionum
2950 3534 3230 3580 consortes
3254 3526 3424 3581 eritis.
3454 3524 3571 3579 Non
3586 3539 3715 3594 ergo
3737 3539 3833 3580 vos

2248 3618 2446 3673 turbari
2465 3626 2704 3686 oportet;
2724 3634 2828 3672 non
2848 3620 2990 3672 enim
3008 3634 3093 3673 me
3115 3620 3349 3687 potiores
3371 3620 3526 3683 estis;
3545 3618 3829 3689 siquidem,

2246 3721 2301 3765 ut
2328 3711 2457 3776 dixi,
2493 3710 2613 3765 Non
2638 3722 2710 3765 est
2733 3729 2902 3765 servus
2931 3713 3097 3783 major
3125 3713 3327 3766 domino
3356 3728 3469 3766 suo.
3517 3711 3644 3767 Inde
3676 3712 3830 3767 tertia

2247 3804 2489 3873 sequitur
2514 3804 2809 3858 consolatio
2843 3822 2855 3856 :
2889 3803 3029 3873 quod
3060 3803 3217 3858 Pater
3256 3820 3357 3858 una
3389 3818 3510 3859 cum
3539 3804 3670 3873 ipsis
3698 3820 3833 3859 cou-

2249 3896 2462 3949 tutnclia
2491 3894 2773 3949 afﬁciatur.
2796 3896 2886 3949 21.
2925 3894 3051 3949 Iltec
3075 3896 3246 3949 omnia
3266 3897 3450 3965 facient
3468 3897 3623 3962 vobis,
3643 3897 3831 3965 inquit,

2250 3995 2454 4057 prepter
2482 4004 2662 4040 nomen
2687 4004 2877 4050 meum,
2909 3988 3027 4055 quia
3054 3989 3283 4041 nesciunt
3309 4005 3421 4042 eum
3448 3989 3535 4059 qui
3561 3989 3696 4043 misit
3718 4004 3835 4053 me;

2249 4080 2350 4133 hoc
2379 4089 2482 4146 est,
2514 4080 2665 4134 Illum
2697 4095 2907 4150 quoque
2932 4080 3256 4135 contumelia
3297 4080 3556 4136 afﬁciunt.
3608 4082 3689 4135 Ad
3723 4085 3835 4137 lure

2248 4170 2368 4224 illos
2398 4173 2542 4225 omni
2586 4171 2739 4225 venia
2771 4170 3015 4240 indignos
3065 4173 3438 4241 pronuntians,
3486 4174 3643 4226 aliam
3685 4172 3835 4227 affert

2248 4266 2670 4321 consolationem
2704 4265 2788 4320 his
2816 4265 3027 4319 verbis:
3052 4264 3141 4319 22.
3169 4265 3231 4321 Si
3260 4283 3363 4319 non
3395 4269 3657 4333 venissem,
3688 4277 3736 4329 et
3759 4267 3839 4320 lo-

2248 4367 2435 4424 quutus
2468 4356 2677 4427 fuissem
2702 4356 2794 4421 eis,
2838 4366 3098 4425 peccatum
3126 4373 3225 4411 non
3252 4357 3518 4421 haberent;
3548 4358 3837 4413 ostendens

2250 4450 2396 4518 ipsos
2423 4449 2602 4518 inique
2647 4448 2698 4501 in
2744 4463 2802 4503 se
2828 4460 2882 4503 et
2914 4450 2964 4502 in
2997 4450 3287 4519 discipulos
3323 4466 3444 4506 esse
3472 4461 3706 4506 acturos.
3732 4454 3840 4508 Cur

2251 4557 2379 4611 ergo
2407 4557 2504 4596 nos
2530 4542 2579 4594 in
2613 4540 2728 4595 bare
2770 4541 3025 4597 induxisti
3067 4544 3238 4597 mala?
3283 4559 3459 4599 annon
3508 4546 3839 4616 praavidebas

2252 4635 2390 4689 bella
2420 4644 2474 4689 et
2500 4634 2659 4689 odia?
2681 4634 2805 4689 ideo
2828 4634 2976 4687 addit
3000 4654 3010 4688 :
3039 4634 3129 4691 25.
3165 4636 3263 4703 Qui
3294 4653 3375 4691 me
3400 4638 3529 4703 odit,
3554 4649 3601 4692 et
3632 4636 3838 4693 Patrem

2252 4745 2417 4782 meum
2439 4729 2566 4782 odit.
2588 4728 2705 4782 Non
2730 4745 2947 4798 parvum
2969 4731 3091 4785 hinc
3115 4731 3221 4786 illis
3252 4731 3566 4801 supplicium
3596 4746 3841 4800 praenun-

2252 4822 2366 4874 tiat.
2400 4822 2533 4889 Quia
2564 4824 2705 4877 enim
2733 4821 2928 4891 ubique
2959 4823 3342 4890 obtendebant,
3386 4839 3445 4878 se
3487 4832 3705 4893 propter
3749 4822 3843 4875 Pa-

2254 4925 2387 4967 trem
2417 4914 2688 4967 Christum
2715 4916 2983 4985 persequi,
3017 4916 3121 4970 illis
3147 4931 3360 4971 omnem
3388 4916 3637 4972 auferens
3659 4916 3843 4969 defen-

2254 5010 2482 5073 sionem,
2503 5010 2617 5062 haac
2634 5008 2788 5063 dixit.
2809 5011 3015 5064 Nullam
3036 5011 3179 5066 enim
3195 5011 3395 5067 habent
3412 5012 3808 5066 eXt-usationem
3829 5028 3841 5063 :

2255 5101 2537 5155 verborum
2575 5102 2872 5155 doctrinam
2919 5103 3049 5171 ipsis
3098 5103 3332 5171 pricbui,
3380 5105 3633 5171 cperibus
3683 5103 3840 5155 verba

2256 5194 2568 5247 conﬁrmavi
2595 5194 2887 5248 secundum
2912 5194 3110 5265 Moysis
3138 5196 3329 5265 legem,
3362 5197 3453 5264 qui
3488 5195 3601 5249 haec
3628 5194 3841 5249 facienti

2259 5296 2311 5339 et
2340 5287 2536 5341 dicenti
2565 5287 3105 5355 obtemperarejubet
3134 5302 3342 5349 oumes,
3376 5286 3589 5354 quando
3626 5286 3764 5339 dicta
3790 5294 3843 5339 et

2258 5381 2322 5432 ad
2360 5381 2610 5447 pietatem
2650 5379 2873 5446 ducunt,
2918 5390 2972 5433 et
3001 5381 3205 5447 magnis
3237 5390 3361 5432 sunt
3393 5380 3519 5433 fulta
3553 5379 3838 5433 miraculis.

2260 5471 2367 5526 Nec
2396 5473 2712 5541 simpliciter
2737 5472 2990 5526 miracula
3019 5472 3177 5535 dixit,
3211 5472 3304 5526 sed
3331 5472 3505 5541 qualia
3536 5487 3692 5525 nemo
3712 5473 3843 5525 alius

2263 5563 2520 5628 patravit:
2552 5562 2703 5629 cujus
2748 5563 2825 5616 rei
2876 5562 2972 5629 ipsi
3021 5571 3183 5615 testes
3227 5572 3530 5616 erantcum
3558 5564 3840 5618 dicerem.-

2264 5651 2556 5722 Numquam
2580 5655 2728 5706 homo
2757 5653 2828 5706 sic
2851 5652 3097 5721 apparuit
3128 5653 3178 5705 in
3202 5650 3367 5707 Israel
3399 5652 3615 5721 (Matth.
3639 5653 3692 5708 9.
3721 5654 3841 5712 '53):

2264 5756 2337 5811 et,
2358 5745 2400 5798 A
2418 5744 2605 5799 swculo
2628 5761 2726 5797 non
2747 5752 2819 5797 est
2839 5744 3085 5807 auditum,
3113 5743 3253 5807 quod
3270 5744 3379 5812 quis
3400 5744 3653 5813 aperuerit
3679 5744 3846 5797 oculos

2266 5837 2389 5889 eieci
2415 5835 2521 5888 nati
2551 5833 2728 5905 (Joan.
2759 5834 2812 5888 9.
2835 5835 2925 5904 '52)
2949 5852 2961 5887 :
2994 5835 3117 5889 item
3140 5834 3207 5888 de
3229 5834 3451 5901 Lazaro,
3472 5846 3630 5905 atque
3657 5835 3847 5890 similia

3721 373 3823 430 HG
3920 399 3925 404 ~
