4126 6366
340 385 444 442 ιιε

335 496 464 565 ρεῖν.
533 491 831 545 Ἠκούσατε
865 489 993 561 περὶ
1023 487 1333 557 βασιλείας·
1382 488 1640 558 ἐχάρητε.
1687 490 1779 542 Ἵν’
1822 482 1915 541 οὖν

299 559 597 646 ”’πληρωθῇ
629 578 662 644 ἡ
699 574 845 644 χαρὰ
870 559 1046 642 ὑμῶν,
1074 572 1244 624 ταῦτα
1274 568 1426 624 εἷπον
1450 572 1596 640 ὑμῖν.

311 683 316 688 ι
397 658 561 726 Αὕτη
599 656 665 710 δέ
711 657 880 709 ἐστιν
912 656 951 721 ἡ
980 654 1221 721 ἐντολὴ,
1270 655 1370 708 ἵνα
1413 653 1682 724 ἀγαπᾶτε
1723 653 1918 721 ἀλλή-

335 745 510 804 λους,
539 739 734 804 καθὼς
760 739 874 808 ἐγὼ
901 738 1191 807 ἠγάπησα
1223 736 1399 806 ὑμᾶς.
1445 739 1609 810 Ὀρᾷς
1649 735 1744 790 τοῦ
1785 737 1920 790 Θεοῦ

338 824 436 889 τὴν
468 823 690 892 ἀγάπην
715 821 1214 892 συμπεπλεγμένην
1233 824 1306 890 τῇ.
1325 821 1588 892 ἡμετέρᾳ,
1614 821 1709 874 καὶ
1735 819 1924 889 ὥσπερ

342 907 528 974 σειράν
545 923 666 957 τινα
689 905 1072 975 συνημμένην;
1097 907 1194 958 Διά
1211 903 1368 958 τοῦτο
1397 905 1527 958 ποτὲ
1555 904 1651 974 μὲν
1673 902 1765 956 δύο
1791 902 1924 970 φησὶ

343 989 439 1049 τὰς
471 988 708 1052 ἐντολάς.
744 990 873 1042 ποτὲ
901 989 957 1042 δὲ
991 989 1121 1058 μίαν
1145 1001 1158 1016 ·
1200 989 1260 1040 οὐ
1286 989 1394 1057 7&9
1420 988 1500 1040 ἔνι
1527 988 1626 1058 τῆς
1654 986 1926 1058 προτέρας

345 1072 659 1142 λαϐὒμενον,
696 1074 768 1143 μὴ
802 1073 903 1143 τὴν
927 1073 1091 1142 ἀλλην
1122 1072 1287 1142 ἐχειν.
1312 1071 1449 1126 Ποτέ
1475 1071 1573 1142 μὲν
1601 1073 1708 1142 γάρ
1730 1087 1922 1142 φησιν·

359 1157 412 1208 'l;‘
423 1175 455 1207 ν
493 1159 680 1219 τούτῳ
714 1160 744 1209 d
774 1157 955 1225 νόμος
986 1156 1083 1208 καὶ
1116 1158 1171 1208 οὶ
1222 1155 1518 1224 προφῆται
1568 1150 1924 1223 κρέμανται·

351 1241 478 1293 ποτέ
515 1242 590 1302 δὲ,
626 1241 781 1292 Ὅσα
804 1239 1003 1292 θέλετε
1038 1241 1137 1291 ἵνα
1161 1237 1415 1291 ποιῶσιν
1450 1239 1594 1307 ὑμῖν
1622 1241 1676 1291 οἱ
1709 1236 1926 1305 ἂνθρω-

350 1340 470 1386 ποι,
504 1324 573 1376 τὰ
596 1325 746 1377 αὐτὰ
772 1323 868 1376 καὶ
896 1323 1064 1392 ὑμεῖς
1104 1322 1323 1375 ποιεῖτε
1357 1323 1581 1388 αὐτοῖς.
1625 1313 1794 1384 Οὗτος
1822 1321 1930 1389 γάρ

353 1413 500 1462 ἐστιν
533 1410 561 1459 6
589 1409 754 1477 νόμος
785 1409 878 1461 καὶ
920 1411 967 1460 οἱ
1021 1407 1317 1478 προιςῆται.
1353 1407 1480 1467 Καὶ,
1509 1405 1806 1473 Πλήρωμα
1834 1411 1932 1457 νο-

345 1509 467 1562 μου
500 1494 538 1558 ἡ
567 1493 770 1560 ἀγάπη
799 1511 810 1522 ·
839 1491 866 1543 ὃ
891 1494 981 1544 καὶ
1003 1489 1235 1542 ἐνταῦθα
1265 1490 1429 1557 λέγει.
1455 1491 1514 1540 Εἰ
1533 1491 1641 1558 γάρ
1664 1488 1723 1540 τὸ
1737 1487 1933 1556 μεῖναι

353 1575 462 1628 ἀπὸ
497 1575 598 1643 τῆς
639 1576 858 1644 ἀγάπης
896 1574 1126 1641 γίνεται,
1181 1575 1213 1643 ἠ
1251 1573 1305 1625 δὲ
1341 1572 1526 1639 ἀγάπη
1559 1571 1666 1624 ἀπὸ
1699 1570 1796 1639 τῆς
1825 1568 1934 1620 τῶν

355 1659 582 1712 ἐντολῶν
611 1665 913 1726 τηρήσεως,
943 1661 976 1728 ἡ
1014 1659 1069 1710 δὲ
1103 1656 1287 1724 ἐντολή
1319 1657 1488 1715 ἐστιν,
1521 1655 1606 1706 ἵνα
1632 1651 1934 1722 ἀγαπῶμεν

356 1743 618 1814 ἀλλήλους
640 1758 653 1771 ·
685 1745 744 1803 τὸ
780 1746 957 1812 μεῖναι
986 1743 1043 1794 ἐν
1077 1740 1154 1810 τῷ
1178 1740 1318 1809 Θεῷ,
1357 1739 1464 1792 ἀπὸ
1494 1741 1592 1810 τῆς
1615 1739 1748 1810 πρὸς
1780 1736 1938 1806 ἀλλή-

356 1827 482 1889 λους
509 1828 726 1896 ἀγάπης
749 1826 971 1894 γίνεται.
1009 1826 1117 1876 Καὶ
1153 1824 1250 1894 οὐχ
1285 1821 1472 1885 ἁπλῶς
1509 1822 1728 1889 ἀγάπην
1751 1819 1933 1891 φησὶν,

357 1910 496 1963 ἀλλά
527 1911 622 1963 καὶ
660 1911 751 1961 τὸν
784 1911 985 1979 τρόπον
1021 1908 1196 1979 δηλοῖ·
1249 1906 1453 1972 Καθὼς
1494 1903 1607 1976 ἐγὼ
1651 1903 1939 1974 ἠγάπησα

358 1993 534 2063 ὑμᾶς.
606 1991 771 2045 Πάλιν
829 1992 1131 2055 δείκνυσιν,
1206 1991 1288 2043 ὅτι
1361 1989 1482 2058 οὐχὶ
1546 1987 1735 2057 μίσους
1791 1988 1938 2041 ἐστὶν

362 2075 499 2146 αὕτη
527 2078 560 2147 ή
594 2075 960 2145 ἀναχώρησις,
992 2074 1125 2127 ἀλλά
1157 2074 1378 2142 ἀγάπης
1403 2091 1414 2102 ·
1450 2073 1592 2125 ὥστε
1629 2089 1697 2142 με
1737 2071 1938 2142 μᾶλλον

364 2164 529 2233 ἐχρῆν
568 2159 943 2231 θαυμάζεσθαι
986 2159 1126 2228 ὑπὲρ
1169 2158 1380 2212 τούτου.
1418 2157 1591 2226 ’Υπὲρ
1640 2155 1750 2225 7&9
1790 2151 1939 2226 [452]

365 2245 519 2314 ὑμῶν
555 2246 653 2313 τὴν
697 2245 875 2314 ψυχήν
927 2261 1026 2313 μου
1069 2242 1276 2313 τίθημι.
1329 2241 1466 2294 Ἀλλ’
1520 2238 1754 2309 οὐδαμοῦ
1802 2236 1944 2290 οὕτω

367 2329 527 2396 φησὶν
551 2327 681 2379 αὐτὸ
706 2344 718 2356 ·
746 2327 878 2380 ἀλλά
905 2327 1159 2397 ἀνωτέρω
1189 2327 1304 2395 μὲν,
1336 2325 1426 2376 τὸν
1452 2324 1674 2394 ἄριστον
1702 2319 1944 2390 1ὅπογρά-

367 2429 482 2480 φων
519 2411 786 2482 ποιμένα·
822 2410 1056 2465 ἐνταῦθα
1095 2409 1173 2468 δὲ,
1215 2413 1272 2461 ἐν
1311 2407 1388 2478 τῷ
1427 2408 1710 2477 παραινεῖν
1747 2403 1944 2465 αὐτοὺς

368 2497 462 2546 καὶ
503 2495 774 2548 δεικνύναι
816 2495 917 2563 τῆς
954 2494 1172 2562 ἀγάπης
1218 2493 1278 2545 τὸ
1324 2491 1571 2562 μέγεθος,
1619 2489 1712 2540 καὶ
1755 2487 1945 2539 ἐαυτὸν

368 2581 517 2642 ὅστις
561 2579 695 2632 ἐστί.
739 2579 893 2641 Τίνος
934 2580 992 2632 δὲ
1041 2580 1226 2630 ἕνεκεν
1275 2574 1548 2644 πανταχοῦ
1592 2573 1690 2642 τὴν
1725 2571 1946 2640 ἀγάπην

369 2664 626 2732 ἐιιαίρει;
662 2664 784 2715 ’Ότι
832 2662 990 2714 τοῦτό
1015 2662 1132 2714 ἐστι
1169 2660 1227 2712 τὸ
1269 2660 1466 2730 δεῖγμα
1511 2657 1620 2710 τῶν
1670 2655 1944 2726 μαθητῶν,

368 2745 526 2798 τοῦτο
562 2746 622 2798 τὸ
667 2745 998 2817 συγκροτοῦν
1045 2746 1143 2812 τὴν
1177 2745 1400 2814 ἀρετήν.
1446 2741 1544 2794 Διά
1583 2739 1743 2794 τοῦτο
1790 2738 1950 2793 κα“ι,ὁ

372 2827 582 2892 Παῦλος
606 2829 841 2881 τοσαῦτα
866 2829 993 2898 περὶ
1043 2828 1211 2896 αὐτῆς
1238 2843 1421 2897 φησιν,
1462 2825 1556 2878 ἀτε
1589 2822 1836 2894 μαθητὴς
1876 2819 1950 2872 ὢν

372 2912 597 2982 γνήσιος
639 2910 734 2963 τοῦ
789 2910 1052 2982 Χριστοῦ,
1116 2911 1212 2962 καὶ⁸
1266 2911 1460 2978 πεῖραν
1515 2907 1686 2976 αὐτῆς
1747 2902 1948 2957 λαϐών.

385 2993 572 3062 Ὑμεῖς
601 2995 766 3063 φίλοι
809 3012 928 3064 μου
961 2995 1120 3048 ἐστέ.
1177 2995 1296 3046 Οὐκ
1327 2993 1415 3046 ἔτι
1449 2989 1606 3058 ὑμᾶς
1625 2987 1780 3058 λέγω
1812 2986 1953 3039 δού-

375 3081 553 3143 λους·
605 3081 638 3131 ό
696 3079 803 3147 γὰρ
833 3077 1055 3142 δοῦλος
1109 3076 1221 3128 οὐκ
1248 3071 1372 3128 οἵδε
1418 3074 1475 3126 τί
1512 3071 1726 3125 ποιεῖὸ
1752 3071 1956 3138 κύριος

376 3162 586 3217 αὐτοῦ.
637 3161 821 3230 Ὑμεῖς
862 3162 1027 3230 φίλοι
1064 3177 1182 3227 μου
1232 3157 1406 3212 ἑστέ·
1448 3157 1645 3216 πάντα
1691 3155 1800 3224 γὰρ
1840 3152 1958 3206 ὅσα

377 3245 620 3313 ἤκουσα
647 3248 804 3312 παρά
832 3244 938 3298 τοῦ
986 3241 1215 3310 Πατρός
1250 3259 1392 3310 μου,
1443 3238 1738 3309 ἐγνώρισα
1791 3235 1954 3305 ὑμῖν.

381 3331 506 3392 Πῶς
533 3325 625 3383 οὖν
666 3329 831 3397 λέγει,
874 3331 1078 3381 Πολλὰ
1126 3326 1244 3395 ἔχω
1267 3325 1468 3395 λέγειν
1504 3323 1667 3392 ὑμῖν,
1716 3319 1853 3376 ἀλλ’
1888 3319 1959 3372 οὐ

381 3413 647 3467 δύνασθε
665 3411 995 3478 βαστάζειν
1021 3411 1181 3480 ἄρτι;
1205 3411 1369 3463 Οὐδὲν
1392 3409 1517 3464 ἄλλο
1540 3407 1629 3460 διὰ
1645 3405 1740 3459 τοῦ
1760 3404 1963 3459 Πάντα

385 3499 480 3550 καὶ
504 3498 597 3551 τοῦ
623 3498 878 3551 ἀκοῦσαι
901 3495 1326 3558 κατασκευάζει,
1353 3494 1387 3564 ἦ
1415 3494 1498 3546 ὅτι
1513 3492 1665 3545 οὐδὲν
1685 3488 1963 3558 ἀλλότριον

387 3583 703 3650 φθέγγεται,
738 3581 851 3633 ἀλλ’
893 3580 925 3649 ἢ
973 3580 1042 3634 τά
1075 3579 1168 3632 τοῦ
1200 3578 1432 3648 Πατρός.
1473 3573 1692 3644 Ἐπειδὴ
1723 3573 1781 3626 δὲ
1807 3571 1966 3624 τοῦτο

394 3665 630 3735 μάλιστα
658 3665 806 3716 δοκεῖ
841 3663 1020 3730 φιλίας
1055 3660 1192 3715 εῐναι
1228 3661 1287 3714 τὸ
1321 3663 1393 3712 τά
1433 3660 1722 3730 ἀπόρρητα
1765 3656 1964 3722 λεγειν,

391 3749 485 3804 καὶ
522 3747 725 3817 ταύτης
779 3745 1069 3816 ἠξιώθητε,
1117 3747 1270 3816 φησὶ,
1299 3745 1399 3816 τῆς
1432 3741 1734 3804 κοινωνίας.
1767 3739 1969 3792 Πάντα

391 3834 448 3886 δὲ
473 3830 765 3902 ὄτανεῖπῃ.
797 3832 900 3884 ὅσα
924 3832 1119 3884 αὐτοὺς
1141 3829 1368 3883 ἀκοῦσαι
1403 3828 1590 3899 ἐχρῆν,
1621 3827 1790 3894 λέγει.
1841 3819 1970 3876 Εἶτα

393 3917 487 3970 καὶ
535 3915 663 3968 ἀλλο
712 3917 1032 3986 τεκμήριον,
1086 3915 1146 3966 οὐ
1201 3915 1263 3966 τὸ
1315 3912 1495 3981 τυχὸν,
1539 3910 1720 3980 φιλίας
1763 3907 1968 3978 τίθησι.

393 3999 552 4052 Ποῖον
580 3999 643 4067 δὴ
676 4000 868 4063 τοῦτο;
904 4001 1025 4065 Οὐχ
1055 3996 1224 4065 ὑμεῖς
1261 4013 1336 4070 με
1373 3994 1751 4059 ἐξελέξασθε,
1787 3993 1970 4060 φησὶν,

395 4083 536 4136 ἀλλ’
591 4080 706 4149 ἐγὼ
745 4081 1115 4148 ἐξελεξάμην·
1167 4079 1352 4148 ὑμᾶς·
1403 4079 1702 4139 τουτέστιν,
1728 4073 1869 4142 Ἐγὼ
1906 4075 1972 4144 τῇ

401 4164 551 4235 φιλίᾳ.
582 4164 886 4234 ἐπέδραμον
906 4165 972 4234 τῇ
1004 4161 1262 4233 ὑμετέρᾳι
1293 4161 1401 4214 Καὶ
1427 4160 1546 4212 οὐδὲ
1567 4157 1799 4212 ἐνταῦθα
1825 4156 1972 4227 ἐστη-

401 4249 540 4302 ἀλλά
557 4249 669 4310 καὶ,
687 4249 934 4314 Ἔθηκα,
961 4247 1144 4315 φησὶν,
1169 4244 1343 4315 ὑμᾶς,
1369 4244 1666 4305 τουτέστιν,
1686 4243 1976 4311 ἐφύτευσα,

405 4332 540 4385 Ἵνα
574 4331 743 4400 ὑμεῖς
775 4329 1038 4399 ὑπάγητε
1066 4329 1174 4396 (ἔτι
1194 4331 1259 4398 τῇ
1294 4328 1572 4398 μεταφορᾷ
1600 4327 1862 4398 κέχρηται
1882 4327 1981 4396 τῆς

405 4415 703 4483 ἀμπέλου)’
739 4415 1036 4470 τουτέστιν.
1065 4413 1151 4464 ἵνα
1186 4411 1468 4481 ἐκταθῆτε,
1491 4411 1600 4463 Καὶ
1631 4410 1862 4478 καρπὸν
1886 4408 1984 4478 φέ-

400 4515 569 4564 ρητε,
611 4498 710 4551 καὶ
742 4501 773 4550 ὀ
796 4497 1023 4563 καρπὸς
1043 4495 1209 4565 ὑμῶν
1227 4495 1406 4562 μένῃ.
1431 4495 1492 4546 Εἰ
1514 4495 1570 4546 δὲ
1591 4497 1618 4546 ὁ
1639 4494 1850 4564 καρπὸς
1885 4493 1982 4562 μέ-

409 4599 510 4644 νει,
560 4580 737 4649 πολλῷ
789 4580 985 4649 μᾶλλον
1020 4580 1195 4648 ὑμεῖς.
1251 4578 1324 4630 Οὐ
1381 4577 1488 4646 γάρ
1538 4575 1768 4647 ἐφίλησα
1825 4575 1985 4646 μόνον

412 4666 573 4734 ὑμᾶς,
601 4665 783 4733 φησὶν,
819 4663 953 4716 ἀλλά
979 4663 1074 4714 καὶ
1099 4663 1168 4715 τὰ
1199 4662 1426 4731 μέγιστα
1466 4660 1826 4730 εὐηργέτησα,
1855 4676 1988 4711 παν-

412 4747 576 4816 ταχοῦ
601 4747 698 4814 τῆς
723 4747 1042 4816 οἰκουμένης
1075 4745 1328 4797 ἐκτείνων
1362 4756 1387 4783 α
1425 4743 1577 4813 ὑμῶν
1609 4743 1675 4795 τὰ
1713 4743 1986 4813 κλήματα.

490 4829 553 4897 β’.
603 4831 761 4900 Ὁρᾷς
804 4831 868 4882 δι’
899 4830 1038 4881 ὅσων
1075 4828 1314 4880 δείκνυσι
1357 4828 1454 4896 τὴν
1503 4825 1760 4896 ἀγάπην;
1811 4824 1887 4894 τῷ
1922 4825 1992 4876 τὰ

418 4915 701 4985 ἀπόρρητα
722 4915 912 4973 εἰπεῖν,
928 4911 1005 4981 τῷ
1027 4911 1255 4980 πρώτως
1284 4909 1602 4979 ἐπιδραμεῖν
1624 4912 1688 4978 τῇ
1719 4907 1888 4978 φιλίᾳ,
1914 4907 1993 4977 τῷ

424 4997 634 5068 μεγάλα
663 4998 845 5056 αὐτοῖς
861 4995 1190 5066 χαρίσασθαι
1215 4993 1282 5045 τά
1306 4993 1507 5060 ἀγαθά,
1536 4991 1613 5061 τῷ
1633 4991 1824 5044 παθεῖν
1857 4991 1995 5060 ὑπὲρ

423 5078 602 5130 αὐτῶν
629 5078 770 5147 άπερ
795 5077 997 5144 ἔπασχε
1022 5077 1164 5127 τότε.
1214 5073 1346 5124 Ἀπὸ
1372 5074 1427 5124 δὲ
1461 5073 1649 5126 τούτου
1696 5073 1992 5136 δείκνυσιν,

424 5165 504 5216 ὅτι
544 5163 638 5215 καὶ
672 5162 975 5231 παραμένει
1009 5157 1270 5228 διηνεκῶς
1298 5158 1478 5219 αὐτοῖς
1506 5157 1755 5226 μέλλουσι
1795 5157 1997 5209 διδόναι

428 5246 656 5315 καρπόν.
707 5245 941 5313 Ἀνάγκη
972 5244 1078 5314 γὰρ
1116 5244 1214 5312 τῆς
1246 5241 1372 5310 παρ’
1404 5240 1568 5292 αὐτοῦ
1591 5241 1836 5309 βοηθείας
1862 5243 1998 5292 ἀπο-

429 5329 711 5391 λαύοντας,
739 5327 881 5379 οὕτω
908 5331 1002 5379 καὶ
1031 5325 1467 5396 καρποφορῆσαι.
1499 5325 1628 5378 Ἵνα
1653 5323 1682 5376 ὃ
1705 5325 1812 5377 ἐὰν
1839 5325 2002 5392 αἰτή-

431 5427 578 5476 σητε
625 5412 731 5464 τὸν
769 5410 998 5477 Πατέρα
1054 5410 1124 5462 ἐν
1157 5409 1236 5473 τῷ
1279 5407 1521 5476 ὀνόματί
1560 5425 1700 5475 μου,
1730 5405 1812 5471 δῷ
1840 5407 2002 5474 ὑμῖν.

432 5496 627 5549 Καίτοι
649 5496 742 5549 τοῦ
770 5496 1088 5566 αἰτουμένου
1122 5495 1238 5547 ἐστὶ
1269 5493 1329 5546 τὸ
1362 5493 1581 5561 ποιῆσαι
1612 5509 1623 5520 ·
1655 5494 1702 5543 εἰ
1732 5491 1788 5545 δὲ
1833 5494 1860 5544 6
1895 5493 2006 5545 Πα-

433 5586 539 5656 τὴρ
567 5588 817 5647 αἰτεῖται,
851 5585 965 5646 πῶς
993 5587 1020 5637 6
1052 5584 1177 5647 Υἱὸς
1209 5584 1387 5645 ποιεῖς
1421 5582 1533 5632 Ἵνα
1573 5581 1768 5653 μάθῃς,
1800 5583 1882 5634 ὅτι
1908 5583 2008 5634 οὐκ

437 5670 675 5723 ἐλάττων
702 5671 731 5721 ὁ
762 5671 906 5732 Υἱός.
965 5668 1152 5721 Ταῦτα
1185 5666 1499 5731 λελάληκα
1531 5665 1690 5732 ὑμῖν,
1729 5666 1828 5720 ἵνα
1866 5666 2011 5734 ἀγα-

437 5753 590 5807 πᾶτε
634 5753 969 5818 ἀλλήλους.
1016 5751 1312 5813 τουτέστιν,
1362 5751 1475 5802 Οὐκ
1535 5749 1804 5812 ὀνειδίζων
1840 5749 2011 5802 ταῦτα

1284 377 1348 431 IN
1385 375 1706 432 JOANNEM
1743 375 1978 432 IIOMIL.
2022 373 2262 429 LXXVII
2294 375 2362 427 al.
2399 370 2634 428 LXXVI.

3485 361 3598 421 416

2023 487 2350 558 ἐπέδραμον,
2378 485 2492 539 ἀλλ’
2514 487 2594 548 εἰς
2622 483 2803 553 φιλίαν
2828 481 2973 553 ὑμᾶς
3002 481 3233 550 ἐνάγων.
3254 476 3388 534 Εἶτα
3412 479 3602 552 ἐπειδὴ

2021 569 2083 622 τὸ
2104 567 2394 623 διώκεσθαι
2421 567 2569 638 παρά
2587 567 2697 620 τῶν
2719 565 2927 620 πολλῶν
2951 564 3047 618 καὶ
3066 565 3416 630 ὀνειδίζεσθαι
3445 564 3605 634 χαλε-

2025 656 2126 707 πὸν
2173 650 2240 724 ἦν
2277 654 2372 706 καὶ
2413 654 2733 722 ἀνήκεστον,
2766 651 2860 704 καὶ
2918 649 3103 703 ἱκανὸν
3144 649 3240 702 καὶ
3264 649 3364 718 τὴν
3392 647 3606 719 ὑψηλὴν

2025 738 2363 792 ταπεινῶσαι
2403 736 2602 808 ψυχὴν,
2630 736 2719 788 διὰ
2748 736 2905 788 τοῦτο
2939 735 3107 806 μυρία
3140 733 3442 802 προειπὼν,
3481 733 3604 786 τότε

2025 825 2105 885 εἰς
2131 822 2288 875 τοῦτο
2324 821 2567 889 καθῆκεν
2601 822 2630 873 6
2663 820 2917 892 Χριστός.
2954 820 3262 891 Προλεάνας
3285 818 3396 887 γάρ
3424 817 3608 872 αὐτῶν

2025 907 2124 973 τὴν
2155 904 2354 974 ψυχὴν,
2399 903 2571 966 οὕτως
2610 905 2704 955 ἐπὶ
2729 901 2905 956 ταῦτα
2933 901 3173 974 ἔρχεται,
3226 902 3322 955 καὶ
3361 901 3500 955 αὐτὰ
3541 903 3609 955 ἐκ

2029 989 2344 1058 περιουσίας
2376 988 2588 1050 δεικνὺς
2613 987 2753 1058 ὑπὲρ
2777 985 2955 1040 αὐτῶν
2988 986 3137 1050 ὄντα,
3182 985 3373 1056 ὥσπερ
3406 987 3503 1039 καὶ⁹
3540 984 3611 1038 τὰ

2029 1073 2163 1127 ἄλλα
2191 1073 2460 1137 ἀπέδειξε.

2101 1157 2368 1228 Καθάπερ
2400 1157 2509 1227 7&9
2540 1150 2714 1218 εἶπεν,
2751 1157 2832 1208 ὅτι
2867 1155 2928 1208 οὐ
2971 1155 3171 1224 μᾶλλον
3204 1155 3233 1194 δ
3269 1156 3368 1209 οὐκ
3401 1153 3610 1222 ἀλγεῖν,

2030 1238 2165 1292 ἀλλά
2189 1241 2279 1293 καὶ
2311 1241 2521 1312 χαίρειν
2541 1240 2640 1304 δεῖ,
2667 1241 2747 1293 ὅτι
2777 1239 3087 1309 ἀπέρχομαι
3113 1237 3249 1307 πρὸς
3272 1240 3364 1292 τὸν
3393 1240 3612 1311 Πατέρα

2034 1324 2051 1392 (
2077 1323 2134 1376 οὐ
2165 1325 2273 1394 γὰρ
2313 1323 2808 1394 ἐγκαταλιμπάνων
2840 1321 3058 1384 αὐτοὺς,
3102 1321 3240 1374 ἀλλά
3267 1321 3362 1375 καὶ
3406 1322 3612 1392 σφόδρα

2035 1407 2223 1476 φιλῶν,
2283 1408 2439 1462 τοῦτο
2489 1407 2710 1476 ποιεῖ)’
2770 1406 2914 1460 οὕτω
2967 1407 3062 1459 καὶ
3108 1405 3344 1460 ἐνταῦθα
3404 1406 3612 1460 δείκνυ-

2037 1508 2119 1544 σιν
2160 1488 2334 1561 [4551,
2365 1492 2444 1544 ὅτι
2469 1490 2701 1560 χαίρειν,
2735 1490 2833 1542 οὐκ
2863 1489 3050 1557 ἀλγεῖν
3076 1490 3172 1544 δεῖ.
3208 1490 3318 1542 Καὶ
3355 1489 3458 1561 ὅρα
3495 1489 3612 1551 πῶς

2037 1575 2167 1627 αὐτὸ
2207 1575 2621 1639 κατασκευάζει.
2664 1575 2738 1627 Οὐ
2766 1573 2871 1642 7&9
2907 1569 3078 1636 εἶπεν,
3115 1569 3245 1627 Οἶδα
3283 1572 3528 1644 λυπηρὸν
3556 1573 3616 1625 ὃν

2035 1659 2097 1711 τὸ
2129 1659 2380 1728 πρᾶγμα,
2411 1658 2545 1711 ἀλλά
2582 1659 2647 1711 δι’
2684 1659 2783 1728 ἐμὲ
2814 1659 3029 1729 φέρετε,
3061 1657 3246 1729 ἐπειδὴ
3288 1659 3382 1712 καὶ
3413 1658 3482 1711 δι’
3517 1657 3619 1728 ἐμὲ

2040 1743 2296 1812 πάσχετε.
2344 1742 2570 1795 Οὐδέπω
2615 1741 2723 1811 γὰρ
2759 1741 2898 1810 αὕτη
2934 1744 2966 1813 ἠ
3020 1743 3291 1813 πρόφασις
3353 1741 3512 1813 ἱκανὴ
3549 1735 3619 1812 ἦν

2040 1823 2567 1894 παραμυθήσασθαι.
2614 1825 2812 1896 Διόπερ
2848 1825 3018 1896 αὐτὴν
3045 1826 3226 1892 ἀφεὶς,
3257 1825 3451 1895 ἑτέραν
3482 1841 3620 1896 προ-

2040 1908 2244 1978 τίθησι.
2292 1909 2458 1962 Ποίαν
2485 1909 2549 1979 δὴ
2575 1908 2782 1978 ταύτην
2807 1926 2822 1973 ;
2855 1910 2976 1962 ’Ὁτι
2999 1909 3098 1978 τῆς
3121 1909 3390 1979 προτέρας
3420 1908 3625 1979 ἀρετῆς

2041 1992 2201 2046 τοῦτο
2229 1995 2552 2064 τεκμήριον.
2588 1995 2699 2046 Καὶ
2729 1994 3044 2048 τούναντίον
3088 1993 3276 2060 ἀλγεῖν
3302 1993 3491 2063 ἐχρῆν,
3524 1991 3624 2063 οὐχ

2043 2078 2126 2130 ὂτι
2157 2078 2400 2148 μισεῖσθε
2426 2077 2542 2140 νῦν,
2575 2077 2691 2130 ἀλλ’
2737 2080 2784 2131 εί
2823 2077 3080 2146 ἐμέλλετε
3118 2076 3412 2144 φιλεῖσθαι.
3453 2074 3627 2128 Τοῦτο

2043 2160 2153 2230 γάρ
2196 2162 2490 2214 αἰνίττεται
2544 2165 2608 2214 ἐκ
2636 2160 2730 2214 τοῦ
2772 2160 2972 2228 λέγειν·
3026 2161 3095 2212 El
3130 2160 3198 2213 ἐκ
3242 2159 3349 2212 τοῦ
3393 2161 3626 2228 κόσμου

2043 2241 2170 2314 ἦτε,
2201 2247 2234 2298 ὁ
2267 2244 2495 2312 κόσμος
2533 2243 2600 2298 ἂν
2647 2244 2714 2296 τὸ
2744 2243 2901 2297 ῑδιον
2932 2244 3143 2311 ἐφίλει.
3190 2244 3354 2296 Ὥστε
3407 2244 3456 2296 εί
3503 2244 3628 2310 kept..-

2045 2327 2263 2389 λεῖσθε,
2316 2327 2537 2394 εὔδηλον
2602 2329 2684 2381 ὅτι
2747 2326 3010 2398 πονηρίας
3061 2327 3349 2397 ἐξεφέρετε
3407 2327 3626 2396 δεῖγμα.

2048 2408 2201 2476 Εἶτα,
2235 2404 2431 2479 ἐπειδη
2453 2411 2610 2465 τοῦτο
2642 2409 2922 2480 προειπὼν
2956 2412 3057 2464 οὐκ
3092 2412 3449 2483 ἐξειργάσατο
3471 2410 3625 2471 αὐτὸ,

2049 2497 2404 2569 ἐπεξέρχεται
2434 2497 2594 2550 πάλιν
2619 2497 2698 2567 τῷ
2723 2497 2865 2567 λόγῳ
2893 2515 2904 2527 ·
2934 2498 3057 2549 Οὐκ
3090 2495 3223 2550 ἐστι
3248 2495 3471 2561 δοῦλος
3504 2494 3632 2564 μεί-

2052 2579 2159 2640 (cur
2188 2580 2294 2634 τοῦ
2315 2582 2524 2650 κυρίου
2553 2581 2761 2634 αὑτοῦ.
2791 2583 2861 2632 El
2888 2579 2993 2649 ἐμὲ
3017 2579 3294 2644 ἐδίωξαν,
3337 2579 3436 2632 καὶ
3472 2577 3632 2646 ὑμᾶς

2052 2663 2396 2729 διώξουσιν.
2428 2665 2637 2732 Ἔδειξε
2671 2663 2917 2736 ζηλωτάς
2944 2664 3142 2728 αὐτοὺς
3164 2663 3307 2718 κατὰ
3335 2663 3494 2717 τοῦτο
3523 2662 3632 2732 μά-

2051 2747 2208 2800 λιστα
2245 2750 2584 2817 γινομένους.
2615 2749 2764 2812 Ἕως
2811 2747 2910 2819 μὲν
2940 2747 3050 2818 γὰρ
3072 2744 3141 2818 ἦν
3175 2749 3232 2802 ἐν
3261 2749 3425 2819 σαρκὶ
3445 2750 3475 2802 6
3498 2749 3635 2818 Χρι-

2056 2831 2198 2894 στὸς.
2232 2831 2369 2902 πρὸς
2396 2833 2601 2885 ἐκεῖνον
2621 2832 2714 2884 τὸν
2737 2831 2972 2902 πόλεμον
2992 2828 3138 2902 εἶχον
3158 2849 3171 2862 ·
3200 2833 3391 2902 ἐπειδὴ
3413 2832 3471 2886 δὲ
3503 2849 3635 2903 μετ-

2056 2916 2208 2986 έστη,
2253 2915 2388 2986 πρὸς
2412 2917 2610 2980 αὐτοὺς
2629 2915 2792 2969 πάλιν
2814 2913 2978 2988 ἦλθεν
3009 2917 3042 2986 ὴ
3073 2916 3242 2986 μάχη.
3276 2912 3408 2968 Εἶτα
3445 2915 3633 2987 ἐπειδὴ

2056 3001 2227 3069 ὀλίγοι
2272 3001 2423 3065 ὄντες
2461 2999 2817 3070 ἐθορυϐοῦντο
2845 3001 3020 3070 δήμου
3067 2999 3322 3052 τοσούτου
3355 2997 3640 3068 μέλλοντες

2059 3088 2294 3157 πόλεμον
2334 3087 2748 3157 καταδέχεσθαι,
2785 3086 3065 3156 ἀνίστησιν
3108 3084 3290 3139 αὐτῶν
3327 3083 3428 3154 τὴν
3463 3083 3639 3153 ψυχὴν

2058 3170 2252 3237 λέγων,
2270 3172 2352 3224 ὅτι
2379 3170 2552 3224 Τοῦτο
2573 3170 2805 3240 μάλιστα
2834 3171 3010 3242 χαρᾶς
3035 3167 3195 3239 ἔργον
3228 3169 3345 3221 ἐσιὴ¹
3373 3167 3435 3221 τὸ
3465 3170 3640 3239 μισεῖ-

2063 3255 2187 3308 σθαι
2238 3257 2368 3326 παρ’
2409 3254 2620 3308 αὐτῶν·
2657 3253 2801 3308 οὕτω
2846 3256 2956 3325 γάρ
3003 3271 3095 3323 μοι
3137 3253 3498 3324 κοινωνήσετε
3533 3251 3643 3304 τῶν

2063 3337 2272 3390 παθῶν.
2326 3339 2398 3392 Οὐ
2442 3339 2620 3390 τοίνυν
2668 3339 2810 3408 ὑμᾶς
2863 3335 3211 3408 θορυϐεῖσθαι
3243 3340 3348 3406 χρὴ
3374 3349 3389 3364 ·
3434 3334 3495 3388 οὐ
3534 3333 3646 3404 γὰρ

2065 3422 2224 3492 ὑμεῖς
2274 3420 2409 3491 ἐμοῦ
2448 3421 2762 3492 κρείττους·
2811 3419 3003 3490 ὥσπερ
3051 3414 3145 3472 οὖν
3199 3420 3294 3472 καὶ
3353 3417 3646 3489 προλαϐὼν

2065 3503 2238 3568 εἶπον,
2265 3507 2387 3559 Οὐκ
2416 3505 2548 3559 ἔστι
2577 3505 2799 3571 δοῦλος
2820 3503 3036 3572 μείζων
3063 3504 3171 3558 τοῦ
3200 3505 3412 3572 κυρίου
3435 3503 3643 3557 αὑτοῦ.

2067 3586 2203 3644 Εἶτα
2225 3591 2319 3644 καὶ
2352 3589 2509 3661 τρίτη
2541 3588 2884 3661 παραμυθία,
2926 3590 3008 3642 ὅτι
3039 3589 3132 3640 καὶ
3161 3589 3188 3642 6
3220 3587 3407 3660 Πατὴρ
3434 3587 3652 3658 ὑϐρίζε-

2067 3694 2158 3730 ται
2209 3678 2325 3747 μετ⁹
2371 3676 2571 3731 αὐτῶν.
2627 3675 2816 3730 Ταῦτα
2855 3673 2965 3746 γὰρ
3021 3674 3257 3728 ἅπαντα
3298 3674 3649 3739 ποιήσουσι,

2072 3760 2228 3830 φησὶ,
2259 3759 2358 3813 διὰ
2394 3760 2459 3814 τὸ
2491 3759 2678 3830 ὄνομά
2701 3777 2842 3830 μου,
2880 3759 2972 3812 ὅτι
2998 3759 3109 3812 οὐκ
3133 3757 3334 3810 οῑδασι
3359 3756 3468 3810 τὸν
3502 3755 3654 3824 πέμ-

2071 3843 2275 3912 ψαντά
2299 3859 2403 3913 με·
2428 3843 2696 3906 τουτέστι,
2724 3843 2978 3895 κάκεῖνον
3002 3841 3336 3910 ὑϐρίζουσιν.
3369 3836 3513 3911 Πρὸς
3538 3838 3656 3892 τού-

2072 3945 2187 3990 τοις
2219 3927 2552 3999 συγγνώμης
2585 3927 2782 3990 αὑτοὺς
2825 3924 3165 3995 ἀποστερῶν,
3217 3924 3312 3977 καὶ
3344 3922 3514 3986 τιθεὶς
3561 3923 3657 3976 καὶ

2077 4013 2272 4084 ἑτέραν
2311 4011 2686 4083 παραμυθίαν,
2711 4010 2877 4082 φησίν
2899 4027 2913 4040 ο
2945 4010 3012 4062 El
3045 4007 3147 4076 μὴ¹
3171 4003 3364 4076 ἦλθον
3388 4004 3490 4058 καί
3516 4005 3660 4059 ἐλά-

2077 4101 2246 4165 λησα
2273 4097 2498 4163 αὐτοῖς,
2527 4095 2819 4164 ἁμαρτίαν
2851 4093 2963 4146 οὐκ
2984 4088 3173 4161 εἶχον,
3204 4089 3421 4152 δεικνὺς
3441 4089 3523 4142 ὅτι
3553 4087 3661 4140 ἀδί-

2080 4199 2194 4245 κως
2222 4183 2317 4235 κα¹ι
2339 4181 2504 4244 τάείς
2527 4179 2691 4234 αὑτὸν
2715 4178 2810 4231 καὶ
2836 4176 2907 4230 τὰ
2939 4177 3019 4238 είς
3049 4175 3290 4237 ἐκείνους
3307 4172 3658 4245 ἐργάσονται.

2083 4267 2147 4319 Τί
2175 4261 2268 4319 οὖν
2288 4266 2380 4318 ἐπὶ
2409 4262 2647 4318 τοσαῦτα
2673 4263 2818 4332 ἡμᾶς
2846 4261 3055 4330 ἤγαγες
3080 4269 3102 4298 ο
3136 4258 3319 4320 κακᾶς
3361 4256 3485 4326 οὐχὶ
3521 4273 3663 4327 προ-

2084 4349 2232 4422 ᾔδεις
2254 4350 2380 4409 τοὺς
2404 4347 2673 4417 πολέμους
2689 4385 2705 4408 ,
2730 4345 2826 4398 καὶ
2851 4343 2912 4396 τὸ
2951 4344 3106 4420 μῖσος
3129 4357 3144 4407 ;
3174 4341 3272 4393 Διά
3307 4338 3466 4392 τοῦτο
3499 4337 3665 4392 πάλιν

2088 4434 2253 4502 φησίν
2276 4446 2290 4460 ·
2327 4432 2389 4485 '0
2414 4433 2519 4500 ἐμὲ
2542 4429 2762 4500 μισῶν,
2797 4427 2894 4482 καί
2919 4427 3027 4480 τὸν
3066 4425 3301 4492 Πατέρα
3325 4441 3446 4492 μου
3474 4423 3664 4492 μισεῖ,

2089 4518 2148 4570 οὐ
2189 4517 2391 4586 μικρὰν
2427 4514 2523 4568 καὶ
2563 4511 2816 4566 ἐντεῦθεν
2851 4510 3034 4573 αὐτοῖς
3074 4506 3480 4579 προαναφωνῶν
3511 4506 3666 4560 κόλα-

2091 4618 2195 4653 σιν.
2265 4598 2482 4669 Ἐπειδὴ
2534 4597 2642 4666 γάρ
2694 4597 2805 4650 ἄνω
2867 4596 2960 4648 καὶ
3025 4594 3174 4648 κάτω
3219 4589 3667 4661 προεφασίζοντο,

2091 4685 2173 4736 ὅτι
2218 4683 2306 4736 διὰ
2336 4683 2428 4735 τὸν
2468 4681 2688 4752 Πατέρα
2716 4678 2880 4734 αὑτὸν
2915 4677 3160 4739 ἐδίωκον.
3205 4674 3445 4746 ἀναιρῶν
3489 4675 3673 4730 αὐτῶν

2093 4771 2192 4838 τὴν
2230 4766 2524 4836 ἀπολογίαν
2567 4765 2742 4819 ταῦτα
2769 4765 3008 4836 εἴρηκεν.
3052 4761 3129 4813 Οὐ
3163 4759 3270 4830 γὰρ
3318 4758 3502 4830 έχουσι
3536 4761 3671 4830 πρό-

2097 4869 2288 4920 φασιν·
2333 4851 2431 4922 τὴν
2470 4849 2578 4904 ἀπὸ
2620 4849 2730 4902 τῶν
2760 4849 2937 4917 λόγων
2983 4843 3335 4900 διδασκαλίαν
3396 4845 3673 4916 παρεσχό-

2101 4955 2228 5006 μην,
2295 4937 2392 5006 τὴν
2448 4935 2554 4988 ἀπὸ
2606 4933 2715 4986 τῶν
2779 4931 2958 5005 ἔργων
3024 4928 3341 5000 προσέθηκα
3395 4927 3538 4981 κατὰ
3583 4928 3678 4981 τὸν

2099 5020 2378 5082 Μωῦσέως
2405 5019 2567 5087 νόμον
2586 5034 2598 5046 ·
2630 5017 2688 5081 ὃς
2714 5015 2792 5086 τῷ
2829 5016 2896 5067 τά
2924 5013 3149 5070 τοιαῦτα
3194 5011 3436 5066 ποιοῦντι
3465 5011 3559 5064 καὶ
3585 5011 3676 5062 λέ-

2101 5121 2248 5171 γοντι
2283 5102 2565 5155 πείθεσθαι
2596 5102 2842 5163 ἅπαντας
2895 5097 3204 5157 ἐκέλευσεν,
3249 5097 3379 5148 ὅταν
3411 5096 3507 5147 καὶ
3544 5092 3680 5163 πρὸς

2103 5188 2384 5242 εὐσέῦειαν
2436 5187 2564 5260 ἄγῃ.
2602 5184 2695 5239 καὶ
2721 5183 2976 5253 θαύματα
3013 5180 3228 5251 παρέχῃ
3272 5178 3526 5248 μέγιστα.
3569 5177 3682 5248 Οὐχ

2107 5272 2290 5335 ἁπλῶς
2323 5271 2380 5324 δὲ
2402 5266 2524 5324 εἷπε
2558 5271 2778 5341 σημεῖα,
2803 5265 2940 5320 ἀλλά
2965 5264 3002 5319 ἀ
3028 5264 3216 5334 μηδεὶς
3248 5261 3405 5324 ἄλλος
3434 5260 3682 5330 ἐποίησε.

2105 5358 2216 5412 Καὶ
2261 5357 2463 5408 τούτων
2489 5355 2641 5408 αὐτοὶ
2681 5354 2954 5424 μάρτυρες
2987 5348 3128 5403 οὕτω
3158 5346 3407 5414 λέγοντες
3429 5359 3445 5374 ·
3507 5343 3688 5398 Οὐδέ-

2108 5457 2252 5495 ποτε
2273 5440 2460 5504 οὕτως
2485 5437 2675 5507 ἐφάνη
2715 5438 3023 5504 ἄνθρωπος
3053 5433 3122 5486 ἐν
3151 5431 3232 5496 τῷ
3267 5429 3522 5498 Ἰσραήλ·
3568 5428 3686 5491 καὶ,

2112 5527 2236 5579 Οὐκ
2291 5523 2564 5592 ἠκούσθη
2603 5523 2671 5576 ἐκ
2725 5520 2833 5574 τοῦ
2889 5517 3134 5580 αἰῶνος,
3184 5515 3271 5568 ὅτι
3331 5511 3537 5582 ῇνοιξέ
3598 5530 3691 5578 τις

2111 5608 2456 5679 ὀφθαλμοὺς
2504 5607 2738 5674 τυφλοῦ
2773 5603 3239 5673 γεγεννημένου·
3298 5597 3391 5650 καὶ
3432 5597 3491 5648 τὸ
3552 5597 3692 5650 κατά

2113 5696 2204 5746 τὸν
2237 5693 2484 5763 Λάζαρον
2536 5690 2806 5751 τοιοῦτον,
2840 5689 2932 5741 καὶ
2958 5686 3027 5738 τὰ
3066 5684 3198 5737 ἄλλα
3243 5683 3421 5736 πάντα
3445 5681 3695 5745 τοιαῦτα,

2117 5779 2210 5831 καὶ
2265 5779 2293 5829 6
2335 5777 2433 5846 τῆς
2461 5773 2900 5844 θαυματουργίας
2926 5770 3123 5841 τρόπος
3147 5784 3158 5796 ⁸
3191 5766 3353 5822 καινά
3381 5766 3476 5819 καὶ
3514 5766 3694 5835 παρά-

440 5841 605 5909 λέγω,
638 5840 720 5892 δτι
767 5840 866 5909 τὴν
912 5840 1090 5909 ψυχήν
1143 5853 1245 5907 μου
1287 5834 1496 5905 τίθημι,
1531 5835 1611 5889 δτι
1647 5835 1860 5907 πρῶτος
1887 5835 2016 5907 ὑμῖν
2118 5860 2247 5926 δοξα
2303 5834 2535 5914 ἀπάντα.
2568 5834 2580 5844 ’
2602 5859 2644 5911 Τ
2651 5834 2759 5919 ίνος
2792 5834 2885 5908 οὖν
2922 5834 3128 5916 ἕνεκεν,
3179 5851 3342 5922 φησὶ,
3383 5849 3476 5902 καὶ
3512 5849 3569 5901 σὲ
3600 5834 3699 5900 καὶ

494 6039 523 6069 ⁸
559 6035 809 6085 ἐκτιίνων
834 6035 979 6083 deest
1022 6045 1073 6081 ω
1099 6030 1409 6095 quibusdam.

2182 5947 2212 5986 b
2234 5945 2490 6004 lmen-pres
2513 5943 2748 5995 Arclinus
2779 5937 2906 6003 legit
2929 5939 2983 5988 οὐ
3007 5938 3169 6000 μόνον,
3195 5936 3376 5987 melius
3400 5940 3455 5983 ul
3484 5933 3696 5983 vidntur.

2127 6013 2151 6044 ⁸
2178 6009 2350 6058 Morel.
2373 6009 2542 6069 ἧγαγι.
