4126 6366
417 397 524 456 ιδίτ

411 512 559 583 ἡμᾶς
608 509 925 576 διώκουσινς
991 511 1122 564 Ὀτι
1189 511 1260 564 ἐκ
1318 510 1421 564 τοῦ
1484 512 1716 578 κόσμου
1753 511 1864 562 οὐκ
1911 504 2072 559 ἐστέ.

408 603 478 654 El
502 602 572 652 ἐκ
601 601 706 654 τοῦ
726 601 959 669 κόσμου
988 599 1112 667 ἦτε,
1137 603 1168 652 ὀ
1193 601 1422 668 κόσμος
1455 598 1532 652 ἃν
1565 599 1632 652 τὸ
1672 598 1827 650 ιδιον
1857 597 2071 663 ἐφίλει.

409 686 931 758 Προαναμιμνήσκει
977 687 1084 739 τῶν
1119 687 1382 758 ῥημάτων
1427 689 1645 749 αὐτούς,
1692 679 1766 738 ὧν
1809 686 1900 736 καὶ
1939 684 2075 751 πρὸς

408 775 534 836 τοὺς
567 774 828 844 ἀδελφοὺς
867 772 987 828 εἷπε
1016 775 1141 837 τοὺς
1173 775 1367 828 ἐαυτοῦ
1389 792 1400 803 ·
1451 775 1565 827 ἀλλ’
1596 777 1710 826 ἐκεῖ
1739 774 1835 842 μὲν
1868 768 2074 839 ἠθικώ-

406 878 584 933 τερον,
628 863 714 915 ἵνα
751 863 825 934 μή
862 862 1041 935 πλήξῃ
1063 880 1076 893 ·
1105 862 1336 916 ἐνταῦθα
1381 863 1436 915 δὲ
1467 861 1614 932 [454]
1637 860 1965 921 τούναντίον,
2016 857 2075 910 τὸ

408 952 516 1003 πᾶν
543 953 876 1022 ἀπεκάλυψε.
913 951 1016 1006 Καὶ
1041 951 1206 1005 πόθεν
1244 952 1400 1021 δῆλον
1443 952 1524 1004 ὃτι
1558 951 1646 1003 διά
1685 949 1844 1002 τοῦτο
1888 946 2076 1016 μισού-

410 1038 549 1108 μεθα
570 1055 584 1103 ;
603 1039 733 1091 Ἀπὸ
761 1039 868 1092 τῶν
894 1042 972 1103 είς
1004 1041 1104 1110 ἐμὲ
1127 1039 1448 1109 γινομένων.
1474 1039 1629 1101 Τίνος
1653 1041 1780 1107 γὰρ,
1813 1036 1935 1089 εἰπέ
1962 1052 2074 1105 μοι,

404 1126 513 1180 τῶν
552 1128 850 1198 λεχθέντων
891 1128 924 1200 ἢ
966 1128 1074 1181 τῶν
1101 1127 1452 1199 πραχθέντων
1481 1124 1833 1178 ἐπιλαϐέσθαι
1862 1124 2078 1193 ἔχοντες

404 1218 506 1268 οὐκ
534 1215 783 1281 ἐδέξαντό
833 1233 936 1286 με;
975 1213 1108 1269 Εἶτα
1161 1215 1348 1286 ἐπειδὴ
1387 1215 1449 1268 τὸ
1485 1217 1714 1286 πρᾶγμα
1775 1213 2079 1284 ἔκπληκτον

405 1299 474 1374 ἦν
501 1305 652 1375 ήμῖν,
686 1301 806 1357 εἶπε
853 1306 948 1359 καὶ
976 1307 1074 1374 τὴν
1115 1304 1322 1357 αίτίαν·
1357 1303 1624 1367 τουτέστι,
1669 1303 1768 1371 τὴν
1811 1301 2078 1370 πονηρίαν

407 1396 505 1464 τὴν
547 1393 744 1446 αὐτῶν.
793 1394 900 1446 Καὶ
951 1394 1070 1447 οὐδὲ
1121 1393 1352 1447 ἐνταῦθα
1399 1393 1646 1455 ἵσταται,
1682 1391 1819 1445 ἀλλά
1859 1390 1950 1443 καὶ
1987 1390 2079 1442 τὸν

407 1481 700 1552 Προφήτην
733 1482 1020 1549 ἐπάγεται,
1063 1481 1274 1545 δεικνὺς
1307 1482 1468 1534 αὐτὸν
1509 1481 1711 1535 ἀνωθεν
1761 1495 2081 1551 προαναφω-

404 1568 600 1622 νοῦντα
627 1570 719 1621 καὶ
748 1569 998 1638 λέγοντα,
1028 1570 1110 1622 ὅτι
1152 1569 1492 1639 Ἐμίσησάν
1513 1586 1590 1638 με
1618 1567 1845 1636 δωρεάν
1869 1583 1880 1596 ·
1926 1566 1955 1618 ὃ
1985 1566 2080 1618 καὶ

408 1657 620 1718 Παῦλος
652 1659 814 1710 ποιεῖ.
854 1656 1074 1709 Πολλῶν
1099 1658 1208 1726 γάρ
1255 1656 1644 1726 θαυμαζόντων
1681 1655 1794 1718 πῶς
1837 1654 2079 1707 Ἰουδαῖοι

406 1748 507 1798 οὐκ
540 1744 889 1807 ἐπίστευσαν,
937 1747 1223 1816 προφήτας
1270 1745 1393 1813 άγει
1438 1744 1801 1816 προλέγοντας
1850 1743 2075 1804 ἄνωθεν,

408 1829 501 1881 καί
526 1830 624 1900 τὴν
655 1829 835 1881 αἰτίαν
858 1827 1171 1898 δηλοῦντας,
1212 1830 1294 1882 ὅτι
1335 1831 1368 1898 ή
1412 1828 1645 1898 πονηρία
1691 1827 1870 1879 αὐτῶν
1915 1827 2009 1879 καὶ
2041 1830 2074 1898 ή

406 1916 634 1970 ἀπόνοια
651 1916 758 1984 τῆς
786 1915 1042 1977 ἀπιστίας
1076 1915 1246 1971 αἰτία.
1297 1915 1360 1968 Τί
1407 1912 1530 1982 οῦν;
1580 1919 1626 1967 εἰ
1653 1915 1742 1968 τὸν
1785 1915 1941 1982 λόγον
1981 1931 2076 1967 σου

405 2004 506 2055 οὐκ
534 2003 827 2072 ἐτήρησαν,
855 2001 942 2054 διὰ
965 1999 1121 2054 τοῦτο
1160 2002 1279 2056 ούδέ
1302 2002 1393 2055 τὸν
1422 2003 1687 2072 ἡμέτερον
1715 2003 2075 2072 τηρήσουσιν·

406 2093 455 2143 εἰ
490 2091 548 2144 σέ
578 2090 821 2154 ἐδίωξαν,
855 2090 944 2143 διά
967 2090 1124 2144 τοῦτο
1151 2091 1246 2143 καὶ
1272 2092 1417 2161 ἡμᾶς
1454 2088 1760 2155 διώξουσιν·
1797 2092 1846 2143 εἰ
1878 2092 2079 2160 σημεῖα

407 2175 576 2242 εἶδον,
613 2173 699 2232 οἷα
729 2178 904 2241 οὐδεὶς
951 2177 1108 2242 ἄλλος
1152 2179 1484 2249 πεποίηκεν·
1533 2182 1580 2231 εἰ
1611 2179 1870 2249 ῥημάτων
1910 2179 2076 2249 ήκου-

366 2304 369 2306 -
410 2281 554 2322 σανιι
597 2269 722 2320 οἴων
755 2267 952 2332 οὐδεὶς,
999 2269 1093 2320 καὶ
1121 2268 1272 2320 οὐδὲν
1302 2269 1616 2320 ἀπώναντο·
1653 2271 1700 2320 εἰ
1744 2267 1834 2320 τὸν
1863 2268 2078 2338 Πατέρα

410 2374 505 2409 σου
541 2355 778 2427 μισοῦσι,
809 2359 900 2409 καὶ
938 2356 996 2408 σὲ
1029 2341 1144 2426 μετ’
1184 2357 1425 2409 ἐκείνου·
1455 2357 1618 2419 τίνος,
1669 2356 1854 2426 φησὶν,
1893 2356 2078 2408 ἕνεκεν

408 2445 555 2514 ἡμᾶς
588 2442 877 2508 ἐνέϐαλεςς
904 2443 1021 2506 πῶς
1049 2445 1208 2512 ἡμεῖς
1250 2443 1551 2508 ἀξιόπιστοι
1586 2443 1770 2497 λοιπὸν
1802 2443 2077 2514 ἐσόμεθα;

407 2533 490 2595 τίς
523 2531 578 2584 δὲ
606 2531 858 2602 προσέξει
889 2531 995 2584 τῶν
1026 2530 1311 2600 ὁμοφύλων
1344 2533 1511 2602 ήμῖν;

479 2618 548 2687 γ’.
575 2619 664 2672 Ἰν’
692 2614 786 2672 οὖν
819 2617 893 2689 μὴ
917 2618 1088 2671 ταῦτα
1118 2618 1420 2682 ἐννοοῦντες
1445 2617 1801 2689 θορυϐῶνται,
1822 2618 1921 2690 ὅρα
1960 2619 2079 2672 οἵαν

410 2707 604 2773 ἐπάγει
656 2707 1024 2777 παράκλησιν.
1066 2705 1254 2759 Ὅταν
1293 2706 1440 2774 ἔλθῃ
1479 2710 1510 2760 ό
1549 2708 1934 2775 Παρᾶκλητος
1959 2747 1972 2772 ,
2008 2707 2081 2760 ὃν

409 2795 524 2863 ἐγὼ
557 2795 789 2863 πέμψω,
832 2793 898 2846 τὸ
933 2793 1174 2863 Πνεῦμα
1202 2792 1309 2862 τῆς
1343 2795 1627 2861 ἀληθείας
1647 2835 1658 2856 ,
1701 2793 1732 2848 6
1781 2794 1940 2862 παρὰ
1973 2794 2079 2848 τοῦ

410 2882 642 2948 Πατρός
675 2882 1078 2948 ἐκπορεύεται,
1096 2881 1325 2947 ἐκεῖνος
1350 2883 1721 2951 μαρτυρήσει
1750 2882 1879 2950 περὶ
1908 2882 2074 2950 ἐμοῦ.

411 2971 518 3024 Καὶ
566 2969 734 3038 ὑμεῖς
769 2969 836 3021 δὲ
875 2968 1245 3038 μαρτυρεῖτε,
1281 2968 1374 3020 ὅτι
1414 2969 1513 3021 ἀπ’
1545 2969 1739 3038 ἀρχῆς
1761 2972 1888 3037 μετ’
1932 2971 2078 3039 ἐμοῦ

411 3058 568 3111 ἐστε.
614 3057 848 3120 Ἐκεῖνος
882 3057 1190 3120 ἀξιόπιστος
1213 3055 1391 3108 ἔσται·
1428 3057 1649 3126 Πνεῦμα
1681 3060 1790 3127 γάρ
1821 3058 2079 3130 ἀληθείας

415 3145 549 3200 ἐστί.
591 3145 690 3197 Διά
719 3143 875 3197 τοῦτο
918 3145 978 3196 ού
1014 3142 1234 3212 Πνεῦμα
1268 3143 1440 3211 ἆγιον,
1475 3143 1588 3196 ἀλλ’
1617 3146 1900 3212 ἀληθείας
1948 3148 2080 3200 αὐτὸ

413 3232 661 3285 ἐκάλεσε.
712 3231 785 3284 Τὸ
816 3232 891 3294 δὲ,
933 3233 1002 3283 Ὃ
1040 3233 1198 3297 παρὰ
1248 3229 1354 3283 τοῦ
1392 3230 1624 3298 Πατρός
1662 3233 2076 3300 ἐκπορεύεται,

411 3319 562 3390 δηλοῖ
588 3320 669 3372 ὅτι
701 3319 877 3372 πάντα
903 3314 1040 3370 οἶδεν
1070 3317 1330 3388 ἀκριϐῶς,
1366 3316 1614 3388 καθάπερ
1645 3321 1738 3372 καί
1759 3322 1919 3404 αρτός
1945 3339 2080 3394 φησι

415 3425 480 3460 πε
493 3408 543 3479 ρί
572 3405 784 3470 ἐαυτοῦ,
819 3407 899 3458 ότι
937 3403 1078 3458 Οἶδα
1102 3408 1287 3459 πόθεν
1309 3404 1574 3476 ἔρχομαι,
1592 3409 1689 3462 καί
1713 3409 1830 3463 ποῦ
1851 3410 2081 3480 ὑπάγω·

414 3496 510 3547 καὶ
543 3497 658 3547 ἐκεῖ
681 3495 808 3565 περὶ
842 3493 1098 3563 ἀληθείας
1127 3493 1524 3562 διαλεγόμενος.
1561 3497 1663 3550 Ὃν
1693 3497 1807 3564 ἐγὼ
1841 3496 2076 3566 πέμψω.

427 3583 556 3636 Ἰδοὺ
587 3583 686 3635 οὐκ
715 3583 792 3634 ἐτι
831 3582 859 3632 6
897 3582 1082 3651 Πατὴρ
1130 3581 1289 3649 μόνος
1309 3621 1324 3645 ,
1352 3580 1485 3636 ἀλλά
1514 3585 1607 3637 καὶ
1638 3586 1665 3637 6
1704 3585 1833 3648 Υίός
1874 3587 2022 3638 ἐστιν
2053 3587 2082 3640 6

416 3671 671 3740 πέμπων.
705 3669 812 3723 Καὶ
843 3670 1000 3738 ὑμεῖς
1030 3668 1085 3720 δὲ
1112 3669 1262 3737 ἔχετε
1293 3669 1352 3721 τὸ
1381 3670 1711 3738 ἀξιόπιστον,
1737 3674 1787 3726 οί
1830 3673 1927 3726 σὺν
1956 3674 2082 3744 ἐμοὶ

416 3759 716 3828 γενόμενοι,
771 3760 820 3810 οἱ
860 3757 934 3828 μὴ
979 3759 1108 3830 παρ’
1135 3757 1337 3828 ἐτέρων
1369 3759 1683 3830 ἀκηκοότες.
1719 3760 1830 3813 Καὶ
1862 3762 1910 3814 οί
1943 3761 2081 3814 ἀπό-

418 3847 594 3898 στολοι
618 3846 865 3899 ἐντεῦθεν
888 3844 1328 3915 διισχυρίζονται,
1355 3844 1633 3914 λέγοντες·
1671 3849 1900 3914 Οῖτινες
1935 3864 2084 3902 συν-

417 3935 713 4002 εφιίγομεν
735 3933 830 3985 καί
854 3934 1223 4000 συνεπίομεν
1243 3932 1420 3999 αὐτῷ.
1445 3936 1564 3987 Ὅτι
1589 3934 1644 3987 δέ
1671 3935 1732 3988 ού
1761 3937 1896 4007 πρὸς
1923 3939 2082 4007 χάριν

415 4022 1030 4091 ειρηται,ὲπιμαρτυρεῖ
1053 4020 1114 4071 τὸ
1139 4019 1363 4089 Πνεῦμα
1391 4024 1503 4084 τοῖς
1533 4022 1865 4093 λεγομένοις.
1893 4025 2084 4079 Ταῦτα

414 4109 726 4177 λελάληκα
754 4107 916 4176 ὑμῖν,
958 4109 1057 4162 ἵνα
1092 4107 1178 4176 μὴ
1223 4107 1710 4177 σκανδαλισθῆτε
1733 4128 1745 4142 ·
1781 4113 2079 4178 τουτέστιν,

415 4200 542 4252 ὅταν
590 4199 735 4268 ἴδητε
782 4196 1009 4258 πολλοὺς
1056 4196 1444 4261 ἀπειθοῦντας,
1474 4199 1565 4250 καὶ
1592 4198 1739 4252 δεινά
1774 4200 2084 4271 πάσχοντας

417 4289 580 4356 ὑμᾶς.
623 4284 1156 4353 Ἀποσυναγώγους
1187 4283 1556 4352 ποιήσουσιν
1580 4285 1752 4354 ὑμᾶς.
1792 4289 1930 4360 Ἤδη
1970 4291 2080 4360 γὰρ

417 4377 719 4433 συνέθεντο,
752 4373 846 4426 ἐάν
873 4389 956 4436 τις
984 4373 1291 4444 ὁμολογήσῃ
1321 4373 1411 4426 τὸν
1437 4374 1691 4444 Χριστὸν,
1727 4377 1812 4429 ἵνα
1853 4379 2084 4432 ἀποσυν-

417 4465 630 4532 άγωγος
656 4462 901 4532 γένηται.
946 4462 1106 4515 Ἀλλ’
1139 4461 1372 4529 ἔρχεται
1407 4460 1547 4530 ὥρα,
1591 4463 1692 4516 ἵνα
1723 4463 1842 4531 πᾶς
1872 4469 1904 4518 ὀ
1937 4467 2083 4520 ἀπο-

417 4553 654 4615 κτείνας
702 4548 856 4618 ὐμᾶς
900 4548 1049 4615 δόξῃ
1093 4550 1376 4616 λατρείαν
1416 4549 1781 4618 προσφέρειν
1824 4552 1902 4619 τῷ
1938 4553 2079 4620 Θεῷ.

417 4639 572 4692 Οῦτω
593 4639 683 4690 τὸν
715 4637 978 4706 ὑμέτερον
1002 4635 1249 4701 διώξουσι
1271 4637 1296 4675 δ
1327 4636 1508 4706 φόνον,
1542 4637 1618 4702 ὡς
1651 4640 1888 4709 πρᾶγμα
1923 4643 2081 4694 εὐσε-

416 4729 529 4789 ϐὲς,
561 4727 652 4780 καὶ
689 4726 766 4796 τῷ
796 4725 914 4796 Θεῷ
937 4725 1190 4796 ἀρέσκον.
1220 4721 1352 4779 Εἶτα
1379 4727 1477 4798 τὴν
1510 4728 1861 4797 παραμυθίαν
1886 4731 2082 4800 ἐπάγει

416 4816 605 4870 πάλιν·
636 4812 748 4866 Καὶ
773 4813 958 4867 ταῦτα
983 4813 1376 4882 ποιήσουσιν,
1408 4815 1498 4867 ὅτι
1526 4817 1640 4868 οὐκ
1677 4815 1954 4884 ἔγνωσαν
1976 4819 2084 4872 τόν

419 4902 666 4969 Πατέρα,
699 4901 841 4954 οὐδὲ
865 4900 986 4970 ἐμέ.
1033 4901 1216 4972 Ἀρκεῖ
1246 4901 1372 4971 ὑμῖν
1416 4903 1493 4964 είς
1539 4902 1886 4972 παράκλησιν
1916 4904 1978 4956 τὸ
2015 4905 2080 4959 δι’

415 4989 515 5058 ἐμὲ
547 4989 639 5041 καὶ
676 4987 768 5038 τὸν
812 4987 1030 5058 Πατέρα
1078 4987 1250 5040 ταῦτα
1290 4989 1540 5057 πάσχειν.
1586 4989 1849 5043 Ἐνταῦθα
1889 4991 2084 5064 ἀναμι-

417 5079 648 5149 μνήσκει
681 5075 841 5128 πάλιν
870 5075 1066 5136 αὐτοὺς
1097 5074 1468 5145 μακαρισμοῦ,
1502 5074 1561 5128 ὃν
1584 5077 1883 5148 ἀρχόμενος
1905 5079 2080 5151 ἔλεγε·

412 5164 704 5232 Μακάριοι
735 5163 896 5226 ἐστε,
919 5161 1066 5215 ὅταν
1085 5163 1464 5216 ὀνειδίσωσιν
1481 5163 1655 5232 ὑμᾶς,
1680 5166 1776 5219 καί
1805 5165 2080 5234 διώξωσι,

413 5253 513 5306 καί
544 5253 760 5306 εἴπωσι
790 5249 914 5304 πᾶν
944 5251 1214 5318 πονηρὸν
1245 5248 1408 5320 ρἦα
1437 5251 1566 5305 καθ’
1597 5251 1765 5321 ὑμῶν
1797 5255 2083 5326 ψευδόμε-

411 5359 528 5404 νοι,
559 5341 770 5396 ἕνεκεν
796 5338 961 5410 ἐμοῦ.
989 5339 1232 5408 Χαίρετε
1257 5340 1353 5393 καὶ
1383 5340 1775 5410 ἀγαλλιᾶσθε.
1809 5342 1897 5397 ὅτι
1927 5348 1960 5398 ὁ
1983 5365 2082 5415 μι-

412 5430 564 5495 σθός
579 5428 750 5499 ὑμῶν
781 5427 975 5495 πολὺς
997 5428 1067 5482 ἐν
1087 5426 1212 5493 τοῖς
1231 5427 1528 5494 οὐρανοῖς.
1554 5429 1742 5484 Ταῦτα
1767 5430 2084 5498 λελάληκα

415 5516 566 5589 [455]
602 5516 766 5582 ὑμῖν,
795 5517 916 5578 ἵνα,
940 5515 1086 5569 ὅταν
1111 5515 1259 5584 ἔλθῃ
1281 5515 1319 5583 ἠ
1345 5513 1486 5582 ὥρα,
1510 5520 1927 5586 μνημονεύητε
1955 5521 2082 5572 τού-

410 5622 539 5659 των·
585 5605 730 5661 ὥστε
769 5605 878 5658 ἀπὸ
913 5603 1118 5657 τούτων
1140 5607 1156 5625 ‘
1187 5603 1281 5656 καὶ
1315 5603 1384 5656 τὰ
1421 5602 1585 5656 λοιπά
1634 5606 1801 5659 πιστά
1837 5607 2076 5676 ἡγεῖσθε.

413 5692 489 5745 Οὐ
511 5691 618 5761 γάρ
637 5692 788 5756 ἕξετε
818 5693 1014 5754 εἰπεῖν,
1041 5691 1127 5744 ὅτι
1151 5689 1462 5743 κολακεύων
1493 5692 1638 5762 ὑμᾶς
1663 5693 1731 5746 τὰ
1756 5695 1893 5765 πρὸς
1920 5695 2080 5766 χάριν

413 5778 598 5845 ελεγον
639 5780 799 5848 μόνον
818 5817 834 5842 ,
869 5781 967 5848 οὐχ
996 5778 1076 5830 ὅτι
1111 5779 1329 5849 ἀπάτης
1359 5775 1427 5851 ἦν
1456 5779 1523 5832 τὰ
1551 5781 1849 5852 εἰρημένα·
1886 5785 1946 5836 οὑ
1972 5786 2077 5855 γάρ

479 6004 499 6028 ⁸
533 6005 704 6078 Mqrej.
754 6009 941 6078 ῥήματα
962 6013 1192 6078 ἥξουσαν.
1257 6013 1287 6052 b
1312 6013 1518 6078 Quidam
1538 5984 1767 6078 μδόξουσιξ
1832 6020 1872 6078 ’γ
1891 6015 2074 6074 Verba,

420 6067 548 6114 ὥστε
587 6067 683 6114 ἀπὸ
700 6067 898 6129 τούτων,
925 6085 952 6118 e
979 6073 1128 6120 Savll.
1158 6080 1212 6123 ct
1244 6067 1384 6123 codd.
1410 6067 1636 6139 suppleti
1663 6069 1810 6128 ἐυθε-
1858 6077 1994 6130 Enn.

1219 397 1278 453 S.
1310 393 1592 452 JOANNIS
1628 385 2113 448 CIIBYSOSTOMI
2161 385 2482 441 ARCHIEP.
2526 382 3068 441 CONSTANTI‘NOP.

3743 378 3848 436 418

2183 501 2249 554 ἂν
2272 502 2300 553 ὁ
2329 501 2536 570 μέλλων
2565 503 2801 571 ἀπατᾷν,
2837 499 2932 552 καὶ
2961 497 3132 549 ταῦτα
3163 499 3422 567 προεῖπεν
3453 498 3585 569 ὑμῖν
3612 501 3679 553 τὰ
3707 504 3848 555 ἀπο-

2181 589 2470 659 τρέποντα.
2503 590 2603 640 Διά
2631 588 2788 640 τοῦτο
2811 583 2900 639 οῦν
2933 588 3211 655 προεῖπον,
3243 585 3328 637 ἵνα
3361 585 3434 656 μὴ
3468 588 3850 660 ἀπροσδόκητα

2183 675 2560 746 προσπεσόντα
2585 676 2726 744 ὑμᾶς
2757 674 3058 746 διαταράξῃ
3076 689 3089 702 ·
3126 677 3220 725 καὶ
3251 672 3318 724 δι’
3349 673 3539 743 ἐτέραν
3566 676 3620 726 δὲ
3646 677 3847 741 αἰτίαν,

2177 763 2266 815 ἴνα
2303 763 2376 832 μὴ
2410 762 2637 832 λέγητε,
2670 763 2751 814 ὅτι
2782 763 2842 813 οὐ
2877 760 3130 832 προῄδειν
3170 760 3400 828 ἐσόμενα
3438 760 3632 815 ταῦτα.
3684 767 3849 830 Μνη-

2173 849 2458 916 μονεύετε
2490 843 2582 900 οὖν
2607 887 2621 909 ,
2663 865 2752 916 ρτι
2781 846 2894 916 ἐγὼ
2917 847 3089 900 εἷπον
3109 845 3272 913 ὑμῖν.
3308 846 3416 898 Καὶ
3443 846 3552 916 γάρ
3579 849 3664 900 ἀεὶ
3698 866 3850 920 περι-

2179 936 2438 1005 ετίθησαν
2469 936 2656 1005 σχῆμα
2675 939 2741 1006 τῇ
2773 934 2951 1000 διώξει
2971 933 3148 987 αὐτῶν
3175 932 3430 1003 πονηρὸν,
3461 933 3535 996 ὡς
3564 934 3849 1004 λυμεῶνας

2178 1022 2511 1085 ἐλαύνοντες.
2561 1022 2699 1074 Ἀλλ’
2739 1025 2839 1074 οὐκ
2889 1019 3139 1091 ἐθορύϐει
3188 1021 3314 1082 τοὺς
3367 1021 3617 1092 μαθητὰς
3666 1022 3847 1087 τοῦτο,

2184 1111 2630 1181 προακούσαντας
2679 1113 2774 1164 καὶ
2821 1111 3029 1174 εἰδότας
3074 1110 3213 1180 ὺπέρ
3258 1103 3333 1163 ὧν
3380 1111 3651 1182 ἔπασχον·
3689 1114 3848 1184 ἱκανὴ

2179 1199 2288 1268 γάρ
2310 1201 2507 1262 αὐτοὺς
2531 1201 2564 1271 ή
2591 1199 2738 1252 αἰτία
2770 1199 2878 1251 τῶν
2907 1199 3206 1269 γινομένων
3231 1199 3556 1270 ἀναστῆσαι.
3575 1200 3674 1254 Διά
3693 1201 3849 1256 τοῦτο

2181 1287 2350 1357 αὐτὴν
2392 1286 2666 1358 πανταχοῦ
2705 1288 3058 1359 περιστρέφει
3085 1287 3288 1354 λέγων·
3324 1289 3438 1340 Ούκ
3473 1287 3714 1355 ἐγνωσάν
3757 1306 3846 1358 με,

2183 1374 2308 1436 καὶ,
2357 1373 2439 1426 ὅτι
2491 1375 2568 1426 Δι’
2598 1375 2696 1444 ἐμὲ
2725 1376 3026 1444 ποιήσουσι,
3058 1375 3150 1426 καὶ
3180 1374 3269 1428 διά
3299 1374 3359 1426 τὸ
3385 1374 3555 1443 ὄνομά
3593 1393 3724 1444 μου,
3758 1376 3851 1428 καὶ

2180 1463 2268 1515 διά
2296 1462 2388 1514 τὸν
2418 1462 2655 1532 Πατέρα,
2682 1464 2798 1525 καὶ,
2827 1464 2909 1515 ὅτι
2945 1461 3086 1530 Ἐγὼ
3114 1462 3326 1533 πρῶτος
3357 1462 3580 1528 ἔπαθον,
3613 1465 3726 1530 καὶ,
3767 1466 3848 1520 ὅτι

2183 1549 2298 1602 Οὐκ
2323 1548 2432 1601 ἀπὸ
2458 1549 2672 1608 δικαίας
2695 1548 2872 1610 αἰτίας
2905 1548 3076 1601 ταῦτα
3096 1550 3358 1618 τολμῶσι.

2251 1636 2312 1690 δ’.
2347 1635 2530 1688 Ταῦτα
2559 1637 2652 1689 καὶ
2689 1639 2849 1706 ἡμεῖς
2896 1637 2955 1688 ἐν
2987 1638 3100 1699 τοῖς
3135 1640 3462 1707 πειρασμοῖς
3509 1641 3845 1710 στρέφωμεν,

2181 1722 2309 1774 ὅταν
2357 1722 2507 1792 παρά
2556 1723 2807 1792 πονηρῶν
2841 1739 2890 1774 τι
2935 1723 3233 1792 πάσχωμεν
3275 1722 3614 1793 ἀνθρώπων,
3652 1726 3731 1786 εἰς
3759 1726 3848 1778 τὸν

2181 1809 2421 1880 ἀρχηγὸν
2438 1809 2591 1879 ήμῶν
2610 1810 2841 1880 ὁρῶντες
2861 1809 2953 1861 καὶ
2973 1809 3258 1879 τελειωτὴν
3275 1810 3370 1880 τῆς
3391 1810 3642 1874 πίστεως,
3660 1815 3748 1866 καὶ
3766 1813 3848 1865 ὅτι

2183 1897 2336 1968 παρὰ
2366 1898 2582 1965 φαύλων
2618 1897 2937 1969 ἀνθρώπων,
2970 1898 3062 1950 καὶ
3086 1898 3165 1950 ὅτι
3197 1898 3262 1948 δι’
3297 1898 3520 1969 ἀρετὴν,
3549 1902 3642 1952 καὶ
3667 1901 3747 1954 ὅτι
3779 1901 3847 1952 δι’

2183 1985 2467 2038 αὑτόν.“Αν
2491 1985 2596 2056 γὰρ
2625 1984 2796 2038 ταῦτα
2819 1984 3112 2054 ἐννοῶμεν,
3137 1984 3354 2038 ᾶπαντα
3380 1988 3552 2058 ῥᾷστα
3583 1987 3733 2040 ἔσται
3755 1990 3848 2043 καὶ

2185 2074 2414 2144 φορητά.
2438 2072 2498 2125 Ι·Ξί
2525 2074 2630 2144 γάρ
2652 2073 2792 2143 ὑπὲρ
2815 2072 3114 2143 ἀγαπητῶν
3139 2091 3222 2136 τις
3251 2075 3473 2144 πάσχων
3497 2077 3590 2127 καὶ
3620 2077 3848 2144 ἐναϐρύ-

2182 2177 2359 2213 νεται·
2388 2160 2476 2213 διά
2503 2161 2593 2212 τὸν
2623 2160 2754 2212 Θεὸν
2783 2161 2876 2212 ἐάν
2907 2178 2990 2223 τις
3021 2160 3170 2232 πάθῃ
3202 2179 3290 2222 τι,
3326 2163 3484 2213 ποίαν
3511 2162 3737 2232 λήψεται
3765 2167 3850 2218 αῖ-

2184 2249 2374 2320 σθησιν
2401 2248 2507 2300 τῶν
2531 2247 2747 2313 δεινῶν;
2782 2249 2839 2300 Εἰ
2871 2248 2977 2320 γὰρ
3009 2249 3168 2310 αὑτὸς
3198 2250 3431 2318 πρᾶγμα
3461 2251 3842 2315 ἐπονείδιστον,

2181 2337 2274 2389 τὸν
2306 2337 2555 2408 σταυρὸν,
2577 2338 2734 2402 δόξαν
2763 2337 2946 2389 ἐκάλει
2976 2335 3041 2389 δι’
3067 2338 3099 2406 ή
3109 2338 3213 2407 μᾶς
3233 2353 3246 2366 ·
3272 2336 3451 2406 πολλῷ
3479 2338 3677 2406 μᾶλλον
3702 2340 3846 2410 ἡμᾶς

2181 2423 2323 2476 οὕτω
2367 2424 2668 2477 διακεῖσθαι
2714 2425 2840 2494 χρή.
2894 2424 2956 2477 Et
3002 2424 3110 2495 γάρ
3161 2424 3346 2478 παθῶν
3391 2423 3533 2478 οὕτω
3572 2426 3846 2494 δυνάμεθα

2181 2513 2575 2582 καταφρονεῖν,
2615 2510 2795 2580 πολλῷ
2823 2511 3023 2579 μᾶλλον
3052 2511 3349 2581 χρημάτων
3393 2512 3489 2563 καὶ
3515 2512 3843 2579 πλεονεξίας.

2182 2601 2274 2651 Δεῖ
2300 2601 2509 2663 τοίνυν,
2542 2600 2671 2652 ὅταν
2699 2616 2752 2651 τι
2789 2599 3070 2668 μέλλωμεν
3110 2599 3534 2668 πάσχειν-ἀηδὲς
3556 2641 3570 2660 ,
3613 2602 3688 2672 μὴ
3722 2601 3847 2664 τοὺς

2183 2687 2396 2752 πόνους,
2425 2685 2558 2739 άλλά
2585 2687 2678 2739 καὶ
2710 2688 2836 2749 τοὺς
2862 2688 3157 2753 στεφάνους
3185 2686 3404 2740 ἐννοεῖν.
3427 2687 3637 2758 Ὠσπερ
3671 2689 3778 2759 γὰρ
3798 2691 3845 2743 οἱ

2183 2775 2416 2846 ἔμποροι
2456 2775 2517 2827 οὐ
2542 2774 2612 2826 τά
2645 2775 2859 2844 πελάγη
2902 2776 3082 2845 μόνον,
3115 2774 3250 2827 ἀλλά
3278 2775 3371 2828 καλ⁸
3398 2778 3464 2828 τά
3504 2777 3671 2847 κέρδη
3699 2777 3844 2845 λογί-

2185 2863 2395 2927 ζονται·
2430 2863 2572 2916 οὓτω
2611 2864 2705 2916 καὶ
2752 2863 2900 2932 ἡμᾶς
2934 2863 3025 2914 τὸν
3054 2862 3297 2932 οὐρανὸν,
3335 2863 3429 2916 καὶ
3461 2863 3559 2934 τὴν
3590 2865 3725 2935 πρὸς
3761 2865 3849 2919 τὸν

2182 2953 2315 3006 θεὸν
2349 2952 2662 3023 παρρησίαν
2695 2949 3107 3017 ἀναλογίζεσθαι
3157 2952 3283 3020 χρή.
3324 2949 3434 3002 Κᾶν
3469 2951 3565 3021 ήδὺ
3609 2956 3751 3024 φανῇ
3789 2954 3849 3007 τὸ

2184 3041 2558 3101 πλεονεκτεῖν,
2602 3039 2853 3108 ἐννόησον
2901 3039 2982 3090 ὃτι
3029 3037 3057 3088 6
3089 3037 3320 3107 Χριστὸς
3351 3039 3412 3091 οὐ
3444 3037 3724 3107 βούλεται,
3756 3045 3850 3096 καὶ

2183 3128 2343 3198 ἀηδὲς
2370 3127 2568 3190 εὐθέως
2599 3129 2867 3194 φανεῖται.
2898 3124 3066 3176 Πάλιν
3110 3127 3174 3176 ἂν
3202 3124 3433 3194 ἐπαχθὲς
3452 3136 3474 3164 ο
3569 3125 3629 3178 τὸ
3659 3129 3848 3199 πένησι

2182 3217 2405 3278 διδόναι,
2459 3217 2534 3286 μὴ
2585 3215 2747 3285 μέχρι
2788 3215 2886 3283 τῆς
2928 3212 3172 3281 δαπάνης
3216 3213 3419 3283 σ.ήσης
3449 3213 3537 3266 τὸν
3572 3213 3846 3285 λογισμὸν⁹

2183 3305 2299 3360 ἀλλ’
2325 3305 2524 3367 εὐθέως
2564 3303 2840 3374 μετάγαγε
2881 3301 2978 3371 τὴν
2999 3300 3237 3353 διάνοιαν
3267 3301 3359 3352 ἐπὶ
3387 3301 3476 3352 τὸν
3505 3303 3714 3370 ἀμητόν
3738 3303 3846 3355 ἀπὸ

2182 3393 2277 3447 τοῦ
2305 3393 2526 3464 σπόρου.
2553 3392 2662 3445 Καὶ
2687 3392 2813 3444 ὅταν
2838 3388 3092 3459 φορτικὸν
3185 3397 3244 3438 10
3272 3393 3626 3459 καταφρονεῖν
3648 3391 3850 3460 ἔρωτος

2184 3483 2439 3550 γυναικὸς
2468 3479 2774 3550 ἀλλοτρίας,
2812 3477 3026 3544 λογίζου
3054 3475 3144 3528 τὸν
3168 3475 3276 3527 ἀπὸ
3311 3474 3406 3528 τοῦ
3448 3475 3609 3528 πόνου
3646 3479 3848 3545 στέφα-

2184 3586 2304 3632 νον,
2343 3570 2432 3621 καὶ
2482 3566 2676 3637 ῥᾳδίως
2723 3563 2888 3626 οἴσεις
2934 3561 3026 3616 τὸν
3068 3562 3247 3617 πόνον.
3296 3561 3360 3615 Εί
3399 3563 3507 3633 γάρ
3549 3561 3849 3631 ἀνθρώπων

2185 3657 2348 3728 φόϐος
2373 3655 2671 3725 ἀποτρέπει
2693 3653 2801 3703 τῶν
2828 3651 3044 3704 ἀτόπων
3066 3650 3427 3721 πραγμάτων,
3448 3650 3626 3720 πολλῷ
3649 3651 3852 3722 μᾶλλον

2184 3749 2214 3801 6
2251 3744 2343 3799 τοῦ
2378 3741 2616 3815 Χριστοῦ
2642 3741 2826 3802 πόθος.

2253 3832 2471 3904 Σκληρά
2495 3831 2528 3900 ή
2558 3829 2725 3899 ἀρετή
2747 3846 2759 3859 ·
2785 3827 2921 3882 ἀλλά
2945 3827 3258 3898 περιθῶμεν
3286 3825 3455 3895 αὐτῆς
3483 3829 3548 3897 τῇ
3588 3827 3710 3898 ὄψει
3747 3829 3849 3900 τῆς

2183 3921 2292 3975 τῶν
2323 3919 2621 3992 μελλόντων
2653 3915 2984 3983 ἐπαγγελίας
3012 3915 3072 3966 16
3106 3913 3353 3985 μέγεθος.
3381 3915 3442 3964 Οἱ
3471 3915 3568 3982 μὲν
3591 3917 3698 3986 γάρ
3728 3919 3851 3970 ὲνά.

2187 4026 2352 4082 ρετοι,
2404 4005 2500 4060 καὶ
2555 4004 2722 4074 χωρίς
2760 4003 2966 4054 τούτων
3013 4003 3180 4072 αὐτὴν
3236 4001 3358 4053 καθ’
3403 4001 3600 4072 ἑαυτήν
3642 4003 3850 4075 ὡραίαν

2185 4097 2372 4168 ὁρῶσι,
2403 4094 2497 4147 καὶ
2526 4092 2613 4144 διὰ
2647 4090 2805 4142 τοῦτο
2830 4090 2999 4160 αὐτὴν
3037 4088 3414 4159 μετέρχονται,
3449 4087 3541 4139 καὶ
3565 4088 3650 4143 διά
3681 4091 3742 4142 τὸ
3771 4091 3848 4162 τῷ

2185 4183 2305 4254 Θεῷ
2347 4179 2558 4245 δοκοῦν,
2607 4180 2706 4231 οὐκ
2747 4177 2839 4229 ἐπὶ
2886 4175 3106 4247 μισθῷά
3156 4175 3510 4247 ἐργάζονται·
3571 4178 3661 4230 καὶ
3709 4179 3851 4248 μέγα

2185 4273 2441 4345 ἡγοῦνται
2488 4270 2547 4322 τὸ
2585 4267 2900 4336 σωφρονεῖν,
2929 4265 2990 4316 ού
3024 4264 3112 4317 διά
3143 4264 3204 4316 τὸ
3235 4264 3308 4334 μὴ
3366 4263 3706 4328 κολάζεσθαι,
3734 4265 3849 4318 ἀλλ’

2186 4359 2375 4430 ἐπειδὴ
2403 4360 2430 4410 6
2457 4357 2589 4417 Θεὸς
2626 4353 2906 4418 ἐπέταξεν.
2927 4352 2992 4404 El
3022 4352 3078 4404 δέ
3113 4368 3195 4412 τις
3229 4352 3630 4424 ἀσθενέστερος,
3665 4355 3755 4405 καὶ
3780 4355 3851 4408 τά

2188 4449 2415 4522 βραδεῖα
2449 4443 2713 4497 ἐννοείτω.
2741 4439 2895 4493 Οὕτω
2921 4441 3013 4492 καὶ
3040 4441 3132 4492 ἐπὶ
3160 4438 3260 4507 τῆς
3289 4440 3656 4511 ὲλεημοσύνης
3684 4441 3851 4495 ποιῶ-

2189 4554 2309 4607 μεν,
2345 4535 2437 4586 καὶ
2460 4530 2696 4599 ἐλεῶμεν
2722 4527 2850 4589 τοὺς
2879 4525 3200 4596 ὁμοφύλους,
3235 4523 3384 4597 [456]
3425 4527 3499 4596 μὴ
3542 4527 3602 4597 δὴ
3626 4537 3649 4564 ο
3692 4545 3850 4598 περι..

2186 4625 2399 4695 ορῶμεν
2428 4617 2531 4672 ὑπὸ
2559 4616 2652 4669 τοῦ
2683 4614 2844 4684 λιμοῦ
2876 4613 3284 4684 φθειρομένους.
3321 4614 3446 4676 Πῶς
3473 4613 3579 4685 γὰρ
3604 4615 3702 4668 οὐκ
3731 4618 3852 4669 ἀτο.

2187 4728 2309 4773 τιον,
2350 4707 2545 4767 αὐτοὺς
2575 4704 2672 4774 μὲν
2716 4702 2810 4754 ἐπὶ
2845 4703 2943 4770 τῆς
2971 4701 3251 4772 τραπέζης
3285 4700 3613 4764 καθέζεσθαι
3642 4703 3847 4770 γελῶν·

2184 4816 2282 4861 τας
2314 4795 2409 4850 καὶ
2432 4792 2773 4866 τρυφῶντας,
2798 4790 2998 4859 ἐτέρων
3036 4789 3092 4842 δὲ
3125 4789 3210 4841 διὰ
3243 4789 3336 4841 τοῦ
3359 4790 3599 4858 ἀμφόδου
3627 4793 3851 4862 παριόν-

2184 4909 2291 4944 των
2316 4885 2610 4947 ἀκούοντας
2638 4881 3072 4951 ὀλοφυρομένων,
3098 4879 3232 4950 μηδὲ
3262 4880 3685 4951 ἐπιστρέφεσθαι
3708 4881 3844 4952 πρὸς

2183 4983 2283 5050 τὴν
2317 4975 2598 5046 ὀλολυγὴν,
2628 4971 2764 5024 ἀλλά
2785 4970 2876 5023 καὶ
2907 4968 3280 5039 δυσχεραίνειν
3304 4969 3397 5021 καὶ
3427 4969 3720 5023 ἀπατεῶνα
3755 4987 3849 5022 κα-

2185 5068 2324 5134 λεῖν;
2379 5063 2443 5118 Τί
2484 5064 2684 5131 λέγεις,
2732 5058 3020 5128 άνθρωπε;
3064 5058 3132 5110 δι’
3166 5057 3328 5126 ἀρτον
3375 5057 3473 5110 ἕνα
3506 5073 3590 5120 τις
3633 5059 3849 5128 ἀπάτην

2186 5157 2410 5219 πλέκει;
2442 5152 2571 5211 Ναὶ,
2625 5148 2808 5218 φησίν.
2857 5145 3065 5199 Οὐκοῦν
3095 5145 3264 5215 ταύτῃ
3295 5143 3529 5214 μάλιστα
3560 5136 3844 5198 ἐλεέίσθω·

2185 5243 2356 5312 ταύτῃ
2401 5237 2632 5309 μάλιστα
2678 5235 2777 5303 τῆς
2816 5234 3061 5303 ἀνάγκης
3103 5232 3544 5285 ἀπαλλαττέσθω.
3592 5232 3657 5285 Εἰ
3685 5231 3742 5284 δὲ
3771 5233 3846 5304 μὴ

2188 5331 2364 5401 βούλει
2393 5327 2597 5387 δοῦναι,
2631 5325 2765 5394 μηδέ
2797 5321 3058 5394 ὑϐρίσῃς·
3104 5323 3153 5374 εἰ
3183 5321 3239 5375 δὲ
3276 5321 3351 5392 μὴ
3397 5322 3575 5393 βούλει
3608 5321 3760 5377 λῦσαι
3787 5323 3848 5376 τὸ

2185 5421 2462 5486 ναυάγιον,
2515 5413 2588 5485 μὴ
2617 5411 2762 5485 ῶσῃς
2794 5414 2874 5473 εἰς
2917 5408 3208 5482 βάραθρον.
3251 5409 3533 5481 Ἐννόησον
3569 5411 3677 5484 γὰρ
3720 5412 3848 5464 ὃταν

2185 5505 2550 5578 προσελθόντα
2572 5500 2768 5572 άπὼσῃ
2795 5498 2886 5552 τὸν
2912 5499 3138 5568 πένητα,
3165 5498 3248 5561 τίς
3274 5499 3374 5573 ἔσῃ
3403 5499 3491 5551 τὸν
3512 5499 3642 5552 Θεὸν
3671 5515 3846 5570 παρα-

2185 5595 2384 5649 καλῶν.
2417 5586 2491 5662 *ρ
2530 5591 2638 5659 γὰρ
2665 5587 2860 5656 μέτρῳ
2892 5585 3177 5655 μετρεῖτε,
3209 5587 3391 5656 φησὶν,
3439 5585 3848 5654 ἀντιμετρηθήο

2184 5701 2353 5737 σεται
2390 5680 2554 5751 ὑμῖν.
2593 5679 2872 5746 Ἐννόησον
2897 5675 3012 5738 πῶς
3047 5675 3354 5746 συντριϐεὶς
3388 5676 3593 5737 ἐκεῖνος
3639 5675 3847 5741 ἄπεισι,

2183 5773 2337 5827 κάτω
2387 5767 2661 5836 κεκυφὼς,
2708 5763 3050 5835 ὀδυρόμενος,
3080 5768 3214 5834 μετά
3253 5764 3351 5834 τῆς
3389 5763 3579 5827 πενίας
3619 5763 3711 5817 καὶ
3751 5762 3848 5833 τὴν

2249 6017 2270 6080 ‘_-'
2318 6013 2489 6080 Μοτεῑ.
2520 6010 2666 6080 ’πάλιν
2705 6009 2992 6080 ιςινεπιιιχῖδέςι
3009 6009 3161 6080 τηειρ.
3219 6007 3246 6048 d
3269 6007 3351 6058 Sic
3379 6005 3529 6057 Savil.
3563 6004 3847 6069 Legebalul'

2190 6076 2270 6125 ἐπὶ
2290 6076 2488 6138 μισθῶν.
2520 6074 2653 6121 Εοιτ.
2727 6077 2747 6099 υ
2774 6072 2874 6119 Ani
2900 6072 3036 6128 μηδέ.
