4126 6366
365 383 461 439 11⁵1
1309 358 1373 421 ΙΝ
1409 355 1726 419 JOANNEM
1763 352 1984 411 IIOMIL.

2090 351 2293 406 XXVII.
2331 352 2400 405 aI.
2442 350 2675 406 LXXVI.
3531 340 3636 398 H8

361 495 520 552 multa
550 488 776 564 proferri
805 494 1046 559 possent,
1071 496 1278 538 necnon
1309 475 1687 533 miraculorum
1717 467 1945 526 modus:

356 586 535 643 omnia
554 563 709 639 certe
740 594 895 643 nova,
924 587 977 632 et
1006 571 1286 645 stupenda.
1321 570 1431 625 Cur
1472 583 1623 637 ergo,
1663 563 1853 634 inquit,
1896 571 1949 614 et

363 693 413 736 te
438 688 491 734 et
516 692 614 731 nos
644 668 1076 744 persequuntur?
1109 666 1243 731 Quia
1288 663 1351 718 de
1376 660 1565 715 mundo
1594 675 1694 712 non
1722 656 1858 710 estis.
1890 653 1953 708 Si

361 777 425 829 de
444 768 632 826 mundo
662 767 850 831 essetis,
881 762 1101 818 mundus
1124 758 1258 827 quod
1273 772 1422 811 suum
1442 764 1515 810 est
1532 752 1779 823 diligeret.
1801 750 1953 805 Prius

367 866 418 920 in
448 860 760 918 memoriam
803 856 905 911 illis
946 860 1163 907 revocat
1199 848 1383 912 verba,
1413 862 1533 917 quae
1563 843 1815 899 fratribus
1842 841 1955 895 suis

366 958 607 1011 dixerat:
638 950 734 1005 sed
759 949 869 1004 illic
892 945 1103 1016 quidem
1129 942 1352 1004 cautius,
1383 954 1450 993 ne
1470 938 1614 1007 ipsos
1634 932 1951 998 offenderet;

369 1048 453 1102 hic
479 1059 608 1100 vero
639 1052 824 1097 contra
848 1047 1020 1092 totum
1052 1032 1323 1090 revelavit.
1355 1029 1422 1084 Et
1464 1027 1606 1082 unde
1650 1026 1817 1095 liquet
1857 1036 1955 1077 nos

375 1147 651 1209 propterea
679 1132 804 1188 odio
835 1126 1053 1184 haberi?
1080 1126 1157 1180 Ex
1188 1125 1251 1178 iis
1274 1138 1392 1193 qua:
1423 1121 1473 1175 in
1518 1134 1603 1173 me
1640 1117 1782 1172 facta
1808 1123 1955 1169 sunt.

374 1232 504 1288 Nam
537 1228 676 1299 quod
707 1226 972 1280 dictorum
1018 1228 1358 1291 gestoruinve
1398 1228 1637 1268 meorum
1668 1222 1957 1279 coarguere

378 1330 678 1394 potuerunt,
713 1327 769 1372 ut
814 1331 900 1371 me
932 1330 1037 1368 non
1087 1307 1424 1379 reciperent?
1458 1303 1657 1359 Deinde
1700 1316 1822 1355 cum
1870 1314 1958 1354 res

378 1413 635 1485 stupenda
664 1410 816 1464 nobis
858 1413 1023 1469 esset,
1074 1416 1290 1458 causam
1320 1412 1532 1469 quoque
1560 1395 1723 1458 dixit;
1766 1407 1959 1460 nempe

379 1511 613 1578 ipsorum
644 1502 955 1569 nequitiam.
979 1498 1160 1569 Neque
1177 1496 1279 1550 hoc
1296 1493 1426 1549 satis
1454 1491 1658 1553 habuit,
1688 1488 1779 1543 sed
1799 1489 1959 1542 etiam

380 1599 696 1671 prophetam
743 1592 979 1653 adducit.
1027 1588 1318 1645 05teudeus
1349 1586 1495 1639 illum
1524 1583 1639 1638 lucc
1675 1582 1786 1651 jam
1830 1581 1959 1635 olim

382 1690 766 1763 prmnuntiasse
794 1704 856 1741 ac
885 1686 1121 1740 dixisse:
1148 1682 1238 1737 25.
1275 1681 1406 1749 Quia
1439 1679 1555 1733 odio
1582 1679 1861 1730 habuerunt
1887 1692 1965 1729 me

382 1782 542 1854 gratis
569 1779 740 1841 lPsal.
765 1778 851 1833 68.
877 1776 953 1847 5).
976 1774 1126 1843 Quod
1147 1783 1201 1828 et
1230 1772 1422 1827 Paulus
1454 1770 1594 1824 facit.
1620 1768 1796 1824 Multis
1821 1766 1965 1822 enim

382 1874 697 1930 mirantibus
742 1870 882 1941 quod
929 1869 1100 1925 Judaei
1145 1882 1252 1921 non
1281 1864 1627 1926 crediderint,
1676 1860 1965 1932 prophetas

382 1968 537 2023 affert
578 1967 626 2020 id
654 1966 779 2020 olim
809 1963 1244 2035 prtenuntiantes,
1284 1968 1339 2013 et
1375 1974 1590 2014 causam
1635 1956 1967 2027 proferentes

386 2058 788 2122 incredulitatis,
824 2071 1016 2125 nempe
1041 2054 1297 2109 malitiam
1315 2059 1366 2107 et
1386 2051 1742 2121 arrogantiam
1760 2064 1966 2104 eorum.

386 2152 522 2220 Quid
551 2149 716 2221 ergo?
741 2150 785 2204 si
813 2162 1117 2203 sermonem
1153 2155 1300 2200 tuum
1331 2158 1436 2197 non
1468 2148 1766 2204 Servarunt,
1799 2153 1971 2209 neque

388 2252 627 2298 nostrum
656 2240 977 2296 servabunt:
1004 2238 1049 2292 si
1081 2247 1131 2292 te
1161 2237 1461 2305 persequuti
1491 2241 1637 2297 sunt,
1663 2242 1717 2286 et
1738 2245 1837 2285 nos
1852 2246 1974 2299 per-

387 2342 711 2404 sequentur:
737 2336 780 2386 si
813 2331 1063 2386 viderunt
1083 2328 1230 2399 signa
1256 2325 1431 2398 qualia
1460 2324 1637 2379 nullus
1662 2323 1798 2377 alius
1818 2322 1970 2388 fecit;

390 2431 434 2484 si
462 2428 623 2486 verba
648 2427 932 2482 audierunt
962 2439 1066 2478 non
1100 2422 1355 2477 hactenus
1379 2418 1578 2481 audita,
1608 2426 1661 2473 et
1691 2415 1824 2470 nihil
1853 2429 1977 2485 pro-

392 2522 666 2585 fecerunt;
710 2520 752 2573 si
802 2518 1011 2572 Patrem
1043 2524 1187 2570 tuum
1216 2523 1271 2568 et
1299 2521 1351 2567 te
1379 2510 1640 2565 oderunt:
1671 2523 1768 2563 cur
1794 2522 1892 2561 nos
1923 2507 1975 2559 in

396 2615 598 2670 mt'diOs
651 2611 916 2681 injecisti?
945 2606 1215 2679 quomodo
1261 2618 1358 2659 nos
1402 2604 1506 2658 fide
1549 2602 1693 2672 digni
1738 2599 1978 2655 erimus?

394 2707 515 2778 quis
540 2722 605 2760 ex
630 2701 1018 2759 contribulibus
1052 2714 1150 2754 nos
1174 2697 1384 2752 audiet?

468 2801 519 2854 5.
552 2797 628 2853 Ne
650 2799 826 2867 itaque
850 2794 965 2849 haec
984 2792 1278 2861 cogitantes
1301 2789 1656 2851 turbarentur,
1680 2784 1801 2841 vide
1821 2799 1980 2855 quam

397 2893 584 2948 afferat
631 2889 1072 2946 consolationem.
1112 2883 1202 2939 26.
1251 2882 1379 2938 Cum
1421 2880 1605 2935 venerit
1646 2877 1980 2943 Paracletus,

399 3002 542 3053 quem
571 3000 659 3054 ego
685 2982 896 3046 mittam,
923 2978 1173 3047 Spiritum
1197 2973 1438 3039 veritatis,
1463 2973 1549 3041 qui
1573 2990 1603 3024 a
1636 2971 1785 3024 Patre
1810 2986 1985 3040 proce-

402 3078 504 3143 dit,
532 3077 619 3130 ille
648 3073 982 3129 testimonium
1007 3067 1277 3140 perhibcbit
1303 3067 1365 3121 de
1389 3082 1489 3122 me.
1513 3064 1602 3118 27.
1638 3063 1703 3115 Et
1730 3079 1815 3116 ros
1845 3061 1984 3115 testi-

405 3173 629 3222 monium
654 3165 988 3236 pcrhibebitis,
1012 3163 1128 3232 quia
1150 3160 1212 3212 ab
1235 3159 1377 3212 initio
1397 3172 1589 3210 mecum
1613 3155 1747 3209 estis.
1768 3154 1860 3208 Ille
1886 3151 1987 3205 fide

404 3261 595 3330 dignus
622 3260 724 3315 erit
750 3278 764 3313 :
789 3273 909 3312 nam
938 3256 1167 3324 Spiritus
1190 3252 1425 3307 veritatis
1451 3257 1551 3305 est.
1586 3249 1705 3303 Ideo
1733 3261 1836 3302 nco
1864 3244 1987 3315 Spi-

410 3354 567 3407 ritum
598 3363 836 3406 sanctum
862 3391 878 3415 ,
906 3347 998 3403 sed
1030 3346 1279 3416 Spiritum
1307 3341 1527 3396 veritatis
1558 3340 1727 3409 ipsum
1755 3338 1987 3391 vocavit.

410 3444 538 3498 Illud
565 3458 710 3506 vero,
740 3443 888 3509 Quia
913 3438 1071 3493 Patre
1092 3436 1334 3504 procedit,
1359 3433 1591 3488 ostendit
1617 3433 1784 3501 ipsum
1811 3429 1990 3484 omnia

412 3542 655 3589 accurate
686 3547 842 3587 nosse
861 3574 875 3598 ,
904 3530 1043 3601 quod
1073 3529 1232 3584 etiam
1262 3527 1327 3581 de
1355 3526 1532 3595 seipso
1558 3523 1683 3578 dicit
1708 3521 1951 3576 Christus
1975 3536 1988 3571 :

414 3624 533 3680 Scio
558 3627 690 3679 unde
708 3626 867 3688 venio,
890 3633 934 3676 et
955 3638 1052 3693 quo
1072 3620 1220 3683 vado,
1240 3628 1293 3673 et
1314 3617 1400 3672 hic
1418 3618 1486 3671 de
1508 3616 1723 3669 veritate
1749 3614 1991 3682 loquens.

417 3716 574 3781 Quem
608 3732 699 3786 ego
729 3715 945 3767 mittam.
976 3713 1113 3767 Ecce
1150 3726 1254 3765 non
1296 3710 1453 3763 Pater
1491 3707 1636 3761 solus
1659 3746 1675 3771 ,
1707 3704 1801 3761 sed
1833 3706 1993 3758 etiam

416 3809 581 3864 Filius
608 3806 788 3861 mittit.
818 3805 888 3860 Et
912 3820 1006 3860 vos
1032 3819 1240 3875 quoque
1270 3802 1375 3857 ﬁde
1396 3800 1537 3870 digni
1566 3799 1712 3853 eritis
1732 3839 1745 3863 ,
1770 3797 1857 3868 qui
1886 3811 1999 3849 mc-

417 3918 535 3956 cum
566 3900 740 3955 fuistis
763 3940 777 3963 ,
808 3913 979 3968 neque
1009 3898 1076 3951 ab
1104 3897 1221 3949 aliis
1247 3893 1487 3949 audistis.
1533 3891 1741 3961 Ipsique
1771 3886 1996 3958 apostoli

420 3992 544 4047 hinc
580 4000 949 4046 asseverantes
981 3989 1269 4059 loquuntur
1299 4001 1312 4038 :
1348 3985 1446 4052 Qui
1471 4000 1584 4038 cum
1610 4000 1666 4036 eo
1693 3982 2000 4035 comedimus

418 4095 466 4139 et
508 4083 763 4150 bibimus(
786 4082 899 4134 Act.
928 4080 1017 4134 10.
1057 4081 1118 4134 Μ
1151 4078 1190 4148 ).
1230 4077 1381 4145 Quod
1422 4085 1599 4130 autem
1646 4074 1760 4128 haec
1798 4087 1901 4126 non
1934 4071 2000 4125 ad

420 4178 643 4248 gratiam
664 4176 801 4230 dicta
824 4176 950 4240 sint,
978 4173 1289 4228 testificatur
1313 4172 1424 4239 ipse
1444 4170 1695 4239 Spiritus.
1727 4162 1996 4239 (Cap.16.)

423 4271 477 4325 I.
505 4268 629 4324 ch
649 4270 883 4336 loquutus
909 4284 1020 4321 sum
1041 4266 1198 4332 vobis,
1222 4274 1275 4319 ut
1295 4280 1395 4317 non
1416 4262 1859 4325 scandalizemini;
1880 4274 2002 4313 cum

424 4376 615 4429 nempe
640 4360 884 4415 videbitis
914 4359 1109 4412 multos
1138 4373 1243 4410 non
1274 4354 1555 4411 credentes
1575 4395 1589 4417 ,
1622 4360 1677 4408 et
1703 4366 1797 4405 vos
1824 4352 2004 4421 gravia

424 4453 707 4523 patientes.
735 4450 790 4504 2.
822 4449 985 4504 Extra
1018 4464 1329 4521 synagogam
1367 4447 1552 4516 facient
1580 4460 1687 4498 vos.
1716 4442 1833 4497 lam
1863 4442 2005 4495 enim

428 4544 802 4609 decreverant,
845 4551 904 4596 ut
931 4542 975 4596 si
1003 4542 1120 4611 quis
1147 4540 1415 4595 Christum
1450 4539 1817 4597 confiteretur,
1856 4543 2007 4587 extra

426 4651 747 4708 synagogam
788 4634 1091 4705 ejiceretur.
1135 4633 1241 4689 Sed
1276 4634 1408 4688 venit
1448 4632 1574 4686 hora
1597 4673 1612 4697 ,
1644 4638 1698 4683 ut
1730 4629 1892 4683 omnis
1921 4625 2008 4696 qui

428 4730 661 4797 inter/icit
689 4744 793 4791 vos,
823 4727 1091 4782 arbitretur
1112 4743 1166 4781 se
1190 4726 1475 4797 obsequium
1504 4732 1745 4795 praestare
1771 4721 1901 4775 Deo.
1934 4719 2008 4773 Ita

428 4831 662 4877 vestram
698 4819 987 4875 moliuntur
1022 4819 1040 4851 ¹
1067 4834 1255 4874 necem
1276 4859 1292 4883 ,
1330 4833 1394 4872 ac
1419 4818 1461 4871 si
1503 4832 1614 4871 rem
1654 4815 1791 4884 piam
1817 4823 1871 4867 et
1902 4813 2011 4866 Deo

429 4922 635 4985 gratam
659 4920 898 4982 agerent.
930 4912 1132 4968 Deinde
1158 4911 1574 4967 consolationem
1606 4922 1790 4962 rursus
1816 4906 1970 4961 affert
1994 4923 2008 4959 :

430 5007 486 5061 3.
524 5005 594 5060 Et
632 5006 739 5062 hac
773 5006 994 5076 facient,
1024 5004 1142 5077 quia
1171 5020 1272 5057 non
1300 5010 1541 5055 noverunt
1579 4997 1786 5052 Patrem
1810 5037 1825 5063 ,
1856 5012 2014 5067 neque

431 5120 530 5158 me.
563 5103 728 5159 Vobis
766 5102 833 5157 ad
866 5098 1286 5156 consolationem
1317 5094 1445 5148 satis
1484 5101 1567 5148 est
1587 5132 1600 5155 ,
1629 5089 1768 5161 quod
1798 5098 2015 5159 propter

434 5212 518 5250 me
541 5205 594 5250 et
624 5205 840 5266 propter
865 5194 1076 5248 Patrem
1109 5191 1223 5243 haec
1250 5186 1542 5257 patiamini.
1572 5184 1668 5238 Hic
1694 5184 1798 5237 illis
1824 5183 1874 5236 in
1898 5197 2013 5235 me-

437 5288 655 5341 moriam
684 5295 901 5341 revocat
926 5281 1305 5337 beatitudinem
1351 5279 1515 5342 illam,
1547 5291 1703 5346 quam
1742 5275 1794 5327 in
1822 5273 2017 5342 princi-

437 5381 523 5449 pio
565 5379 859 5448 protulerat
887 5396 901 5432 :
928 5375 1070 5430 Beati
1100 5374 1216 5428 estis
1255 5388 1367 5425 cum
1397 5370 1531 5423 vobis
1569 5366 1974 5429 exprobraverint
1997 5405 2013 5431 ,

437 5480 483 5524 et
524 5470 808 5541 persequuti
839 5485 920 5523 vos
950 5468 1170 5539 fuerint,
1203 5474 1247 5517 et
1276 5462 1491 5516 dixerint
1518 5475 1663 5513 omne
1687 5458 1876 5511 malum
1904 5472 2018 5509 uer-

440 5562 553 5614 bum
589 5563 852 5616 adversum
886 5576 972 5613 vos
1006 5558 1296 5611 mentientes
1320 5596 1333 5619 ,
1365 5562 1566 5623 propter
1594 5567 1690 5602 me.
1722 5547 1944 5602 Gaudete
1972 5555 2020 5602 et

442 5652 704 5718 exsatiate,
730 5653 848 5719 quia
877 5666 1063 5705 merces
1092 5659 1251 5703 uestra
1279 5646 1436 5699 multa
1464 5654 1536 5697 est
1561 5643 1613 5696 in
1642 5642 1777 5696 ctelis
1802 5638 2017 5713 (Matth.

509 5825 527 5862 ί
552 5829 744 5886 quidam
769 5828 968 5888 habent,
993 5822 1296 5888 reputabant,
1316 5834 1421 5884 pro,
1439 5817 1714 5870 moliuntur.

2053 466 2107 522 5.
2132 467 2217 521 11.
2248 462 2357 539 12).
2387 465 2441 519 4.
2473 463 2599 519 IItec
2626 465 2859 530 loquutus
2886 478 2997 516 sum
3027 461 3165 515 nobis
3188 501 3201 524 ,
3230 469 3285 513 ut
3312 474 3426 513 cum
3452 461 3637 513 uenerit

2054 561 2180 614 hora
2210 574 2380 613 eorum
2398 598 2414 623 ,
2443 555 2831 612 reminiscamini
2867 554 3058 609 horum
3078 595 3093 617 ,
3120 563 3175 608 et
3201 561 3392 608 caetera
3421 551 3526 607 ﬁde
3553 552 3639 605 di-

2054 668 2156 723 gna
2180 651 2440 706 habeatis.
2462 649 2642 720 Neque
2659 650 2801 704 enim
2822 648 3001 703 dicere
3024 646 3262 718 poteritis
3282 661 3369 700 me
3388 644 3637 700 adulandi

2055 752 2148 797 aut
2176 742 2359 813 gratia:
2385 741 2632 796 ineundre
2661 756 2819 797 causa
2845 739 2959 794 haec
2986 739 3205 803 dixisse,
3234 752 3410 807 neque
3437 739 3640 794 fallacia

2058 849 2180 889 esse
2210 833 2370 889 verba
2399 848 2539 888 mea.
2566 832 2698 887 Nam
2726 831 2772 887 si
2796 832 2915 902 quis
2934 846 3030 886 vos
3050 830 3300 902 decipere
3322 831 3504 895 vellet,
3536 846 3641 883 non

2058 926 2173 981 haec
2197 926 2513 996 prmdiceret
2536 941 2655 995 qure
2683 941 2777 978 vos
2806 926 3077 979 deterrere
3104 933 3339 993 possent.
3366 922 3491 978 Ideo
3516 938 3644 992 ergo

2058 1018 2312 1088 praedixi,
2340 1032 2408 1071 ne
2433 1018 2579 1071 isticc
2606 1017 2968 1086 inexspectata
2997 1029 3091 1070 vos
3120 1014 3397 1069 turbarent
3425 1033 3437 1069 :
3462 1022 3516 1069 et
3542 1014 3644 1068 alia

2058 1123 2271 1179 quoque
2305 1108 2373 1163 de
2412 1124 2571 1163 causa
2600 1150 2614 1174 ,
2658 1123 2727 1163 ne
2767 1107 3017 1162 diceretis
3058 1122 3143 1162 me
3182 1106 3296 1162 haec
3327 1107 3496 1161 futura
3527 1122 3647 1160 esse

2060 1217 2165 1256 non
2206 1200 2556 1270 praescivisse.
2600 1199 3018 1254 Reminiscamini
3054 1199 3249 1269 igitur,
3277 1199 3395 1268 quia
3425 1215 3515 1270 ego
3540 1199 3649 1252 dixi

2064 1294 2221 1348 vobis.
2243 1293 2373 1348 Nam
2396 1307 2607 1363 semper
2628 1292 2793 1347 Judmi
2817 1293 3089 1347 obtentum
3117 1292 3313 1345 malum
3335 1290 3646 1359 afferehant,

2060 1403 2155 1442 cur
2180 1389 2298 1442 illos
2328 1395 2796 1457 persequerentur,
2827 1386 2973 1456 ipsos
2999 1385 3262 1455 pellentes
3287 1386 3437 1455 quasi
3467 1385 3650 1455 perui-

2062 1482 2257 1535 ciosos.
2315 1480 2509 1534 Verum
2551 1478 2665 1534 haec
2702 1478 2992 1548 discipulos
3035 1493 3139 1531 non
3180 1476 3499 1543 turbabant,
3530 1474 3651 1546 quia

2064 1574 2179 1628 haec
2220 1573 2394 1628 futura
2433 1572 2746 1637 audierant,
2792 1581 2847 1627 et
2884 1571 3126 1626 sciebant
3165 1585 3263 1624 cur
3302 1578 3653 1639 paterentur:

2065 1682 2184 1736 qua:
2209 1681 2368 1721 causa
2390 1675 2505 1720 erat
2532 1664 2599 1719 ad
2622 1663 2905 1734 erigendos
2932 1663 3168 1732 ipsorum
3195 1662 3401 1716 animos
3428 1660 3652 1715 idonea:

2066 1759 2319 1827 illamque
2340 1756 2460 1812 ideo
2476 1756 2672 1825 ubique
2693 1764 2872 1811 versat
2891 1754 3097 1821 dicens,
3121 1753 3234 1808 Non
3260 1763 3518 1808 noverunt
3538 1768 3654 1814 me;

2067 1860 2121 1905 et
2141 1892 2156 1918 ,
2186 1851 2408 1919 Propter
2434 1865 2520 1905 me
2552 1849 2781 1915 facient,
2811 1858 2865 1903 et
2896 1859 3112 1919 propter
3138 1862 3332 1903 nomen
3364 1862 3541 1902 meum
3560 1889 3572 1910 ,
3606 1855 3661 1900 ct

2071 1952 2289 2015 propter
2310 1942 2520 1997 Patrem
2539 1940 2717 2012 (Joan.
2736 1941 2823 1996 16.
2841 1941 2894 1996 3.
2919 1951 2967 1995 et
2988 1940 3076 1995 15.
3099 1937 3213 2013 ‘21);
3236 1948 3309 2005 et,
3331 1939 3439 2009 Ego
3456 1940 3660 2008 primus

2072 2049 2261 2106 passus
2288 2049 2440 2099 sum;
2471 2044 2544 2097 et,
2576 2032 2692 2088 Non
2724 2047 2791 2087 ex
2813 2032 2954 2102 jnsta
2981 2045 3139 2085 causa
3169 2033 3282 2085 lucc
3309 2031 3524 2085 audent.

2144 2127 2197 2181 4.
2240 2124 2308 2179 1η
2331 2124 2685 2179 tentationibus
2711 2123 2845 2177 unde
2869 2122 3148 2178 consolatio
3171 2120 3438 2176 sumenda.
3454 2149 3527 2161 —-
3542 2121 3666 2176 Iltrc

2074 2230 2175 2271 nos
2200 2230 2412 2286 quoque
2440 2215 2492 2270 in
2519 2214 2902 2270 tentationibus
2922 2214 3103 2267 animo
3128 2227 3420 2276 \ersemus,
3449 2227 3569 2267 cum
3598 2211 3667 2265 ab

2077 2308 2332 2379 improbis
2377 2308 2575 2378 aliquid
2621 2308 2891 2377 patimur;
2937 2305 3130 2360 ducem
3175 2313 3415 2359 nostrum
3452 2315 3506 2359 et
3545 2303 3667 2357 fidei

2078 2400 2427 2470 perfectorem
2454 2398 2840 2468 respiciamus;
2866 2407 2920 2452 et
2945 2396 3088 2467 quod
3115 2395 3183 2450 ab
3208 2395 3465 2465 improbis
3485 2437 3498 2459 ,
3527 2394 3667 2465 quod

2081 2502 2298 2565 propter
2323 2492 2596 2556 virtutem,
2627 2499 2680 2546 et
2710 2498 2928 2561 propter
2953 2488 3222 2543 Christum
3254 2488 3504 2557 patimur.
3536 2487 3667 2541 Nam

2080 2586 2125 2641 si
2158 2590 2271 2641 haec
2295 2585 2588 2656 cogitemus
2608 2626 2623 2652 ,
2656 2583 2827 2639 facilia
2861 2585 3037 2639 omnia
3076 2594 3131 2640 et
3170 2583 3463 2640 tolerabilia
3490 2592 3666 2639 erunt.

2080 2677 2212 2733 Nam
2239 2679 2282 2732 si
2310 2692 2405 2748 pro
2422 2676 2631 2731 dilectis
2655 2676 2854 2747 aliquid
2882 2691 3069 2746 passus
3090 2677 3352 2747 quispiam
3374 2675 3668 2745 gloriatur;

2084 2771 2127 2826 si
2158 2770 2277 2838 quis
2317 2777 2533 2838 propter
2562 2767 2730 2821 Deum
2770 2782 2959 2837 passus
2995 2767 3192 2832 fuerit,
3225 2783 3382 2837 quem
3414 2768 3675 2821 malorum

2084 2875 2304 2915 sensum
2340 2858 2595 2915 habebit?
2621 2858 2677 2914 Si
2717 2859 2860 2914 enim
2889 2857 3135 2913 Christus
3171 2873 3282 2913 rem
3322 2860 3676 2928 probrosam,

2086 2967 2303 3007 crucem
2329 2965 2552 3019 nempe,
2581 2950 2806 3020 gloriam
2836 2958 3053 3019 propter
3084 2965 3182 3005 nos
3210 2950 3434 3005 vocabat
3467 2969 3481 3005 :
3512 2951 3678 3003 multo

2090 3043 2257 3112 magis
2288 3058 2386 3097 nos
2417 3042 2519 3096 hoc
2549 3042 2742 3096 affectu
2773 3056 2891 3095 esse
2920 3041 3201 3096 debemus.
3250 3040 3387 3098 Etsi
3416 3042 3680 3096 cruciatus

2090 3135 2171 3189 sic
2212 3141 2561 3187 contemnere
2600 3146 2885 3203 possumus
2908 3172 2924 3198 ,
2953 3132 3121 3187 multo
3160 3132 3327 3202 magis
3353 3134 3605 3204 pecunias
3629 3142 3685 3186 et

2093 3224 2389 3278 avaritiam.
2419 3222 2645 3292 Oportet
2680 3237 2808 3292 ergo
2832 3261 2847 3287 ,
2875 3223 3089 3291 quando
3122 3222 3248 3292 quid
3278 3238 3441 3292 grave
3475 3225 3681 3291 passuri

2094 3329 2299 3380 sumus,
2332 3329 2438 3369 non
2467 3314 2679 3368 labores
2706 3315 2877 3367 solum
2900 3355 2913 3377 ,
2946 3313 3038 3368 sed
3070 3315 3229 3368 etiam
3258 3329 3485 3369 coronas
3510 3315 3683 3383 resili-

2095 3424 2238 3464 cere.
2286 3407 2354 3463 Ut
2387 3407 2528 3461 enim
2560 3416 2891 3461 mercatores
2922 3420 3029 3462 non
3069 3406 3237 3460 maria
3268 3406 3438 3459 solum
3464 3447 3478 3469 ,
3510 3407 3603 3460 sed
3633 3415 3689 3461 et

2098 3502 2243 3554 lucra
2270 3499 2507 3569 cogitant
2536 3516 2549 3551 :
2579 3498 2655 3553 sic
2682 3508 2735 3554 et
2761 3512 2860 3551 nos
2885 3498 3095 3563 caelum,
3123 3505 3177 3552 et
3200 3512 3319 3552 eam
3346 3512 3466 3568 quas
3496 3512 3689 3555 secun-

2097 3591 2224 3645 dum
2251 3591 2416 3645 Deum
2440 3599 2522 3645 est
2548 3589 2793 3643 fiduciam
2820 3589 3053 3657 cogitare
3077 3596 3310 3658 oportet.
3338 3590 3490 3657 Quod
3521 3591 3565 3644 si
3594 3590 3688 3644 tibi

2099 3681 2285 3736 dulces
2310 3680 2588 3735 videantur
2611 3696 2761 3749 opes,
2792 3681 2968 3750 cogita
2993 3678 3262 3735 Christum
3300 3697 3404 3735 non
3435 3680 3488 3735 id
3518 3682 3651 3736 velle
3671 3722 3688 3749 ,

2101 3783 2155 3828 et
2193 3773 2371 3827 statim
2412 3772 2631 3841 ingratae
2676 3772 2767 3827 tibi
2797 3771 3140 3827 videbuntur.
3184 3772 3419 3827 Rursum
3444 3773 3487 3825 si
3519 3775 3690 3827 mole-

2101 3871 2244 3918 stum
2272 3873 2351 3917 est
2378 3863 2700 3933 pauperibus
2734 3861 2869 3917 dare
2894 3903 2909 3928 ,
2943 3879 3009 3918 ne
3038 3864 3332 3933 impensam
3368 3873 3567 3918 tantum
3594 3879 3688 3918 co-

2102 3956 2240 4025 gites
2269 3997 2284 4022 ,
2331 3956 2426 4012 sed
2473 3972 2503 4010 a
2550 3966 2793 4011 semente
2839 3956 2905 4011 ad
2951 3971 3183 4011 messem
3230 3957 3407 4012 statim
3454 3957 3692 4011 animum

2106 4051 2418 4105 transferas.
2479 4050 2544 4104 Et
2588 4049 2633 4103 si
2680 4049 2871 4104 durum
2922 4049 3016 4103 tibi
3060 4049 3271 4104 videtur
3313 4049 3582 4104 abstinere
3627 4050 3695 4105 ab

2109 4155 2292 4196 amore
2320 4141 2510 4196 aliena:
2539 4141 2719 4195 uxoris
2742 4182 2757 4206 ,
2792 4151 2965 4195 tecum
2997 4150 3183 4209 reputa
3211 4154 3466 4194 coronam
3495 4154 3559 4193 ex
3592 4139 3694 4193 hoc

2110 4232 2293 4289 lahore
2317 4244 2522 4302 partam
2543 4272 2559 4299 ,
2586 4243 2639 4288 et
2669 4232 2823 4287 facile
2850 4232 3087 4286 laborem
3114 4230 3275 4286 feres.
3309 4229 3443 4285 Nam
3469 4231 3514 4285 si
3540 4232 3698 4286 timor

2112 4326 2388 4381 hominum
2426 4339 2457 4379 a
2496 4324 2653 4379 malis
2684 4322 3010 4379 facinoribus
3038 4323 3269 4391 avertit,
3301 4331 3500 4393 quanto
3528 4322 3698 4393 magis

2110 4419 2309 4476 Christi
2338 4433 2489 4473 amor
2507 4418 2533 4472 ‘l

2194 4511 2401 4566 Virtutis
2447 4527 2633 4565 merces
2676 4509 2837 4581 ipsius
2889 4508 3111 4563 laborem
3164 4508 3313 4563 leuat.
3364 4507 3700 4579 Eleemosyua

2113 4602 2508 4659 commendatur.
2534 4630 2607 4643 -—
2635 4601 2777 4655 Dura
2810 4602 2977 4655 virtus
3002 4608 3118 4665 est;
3148 4600 3241 4655 sed
3270 4598 3369 4669 ipsi
3395 4598 3699 4671 circumpo-

2117 4711 2303 4751 namus
2335 4709 2554 4764 magnas
2595 4693 2897 4748 futurorum
2936 4692 3338 4762 promissiones.
3368 4690 3529 4746 Probi
3558 4690 3701 4747 enim

2117 4788 2285 4857 ipsam
2315 4802 2411 4857 per
2437 4802 2495 4841 se
2520 4787 2793 4852 virtutem,
2822 4784 3000 4839 missis
3021 4783 3252 4847 caeteris,
3280 4784 3579 4852 speciosam
3609 4784 3704 4839 ha-

2118 4879 2283 4946 bent,
2327 4879 2554 4948 ideoque
2591 4876 2760 4947 ipsam
2799 4876 3022 4939 colunt,
3059 4888 3123 4929 ac
3158 4882 3378 4944 propter
3405 4874 3501 4930 Dei
3538 4874 3704 4945 placi-

2120 4982 2254 5037 tum,
2278 4987 2382 5026 non
2405 4980 2623 5041 pr0pter
2641 4969 2942 5025 mercedem
2965 4977 3112 5023 recte
3131 4976 3294 5038 agunt
3318 4985 3332 5021 :
3356 4982 3708 5039 magnamque

2120 5079 2233 5120 rem
2265 5063 2647 5120 continentiam
2678 5070 2864 5133 putant
2883 5103 2899 5128 ,
2931 5077 3037 5116 non
3067 5069 3125 5115 ut
3151 5060 3471 5131 supplicium
3499 5061 3705 5125 vitent,

2121 5157 2216 5213 sed
2240 5158 2359 5225 quia
2388 5156 2439 5211 id
2470 5156 2611 5210 Deus
2639 5155 2910 5224 praecepit.
2938 5153 2993 5207 Si
3019 5152 3138 5222 quis
3165 5168 3292 5208 vero
3322 5150 3580 5206 infirmior
3605 5153 3704 5217 sit,

2125 5250 2170 5303 is
2201 5249 2414 5320 praemia
2444 5248 2660 5317 cogitet.
2694 5246 2783 5300 Sic
2810 5246 2953 5299 circa
2988 5243 3385 5313 eleemosynam
3414 5240 3666 5295 faciamus
3687 5280 3705 5305 ,

2123 5350 2178 5397 et
2227 5340 2604 5396 contribulium
2656 5348 2959 5391 nostrorum
3008 5334 3357 5389 misereamur
3397 5349 3414 5386 :
3456 5347 3523 5387 ne
3570 5332 3709 5387 fame

2126 5442 2344 5488 enectus
2389 5430 2766 5501 despiciamus.
2799 5427 3077 5493 Quomodo
3113 5426 3254 5480 enim
3287 5438 3393 5478 non
3422 5420 3710 5477 absurdum

2128 5524 2306 5589 fuerit,
2331 5538 2430 5577 nos
2453 5522 2519 5577 ad
2548 5535 2785 5576 mensam
2811 5518 2999 5574 sedere
3025 5517 3077 5571 in
3103 5517 3235 5582 risu,
3260 5515 3311 5569 in
3338 5512 3558 5579 deliciis,
3583 5513 3709 5568 dum

2128 5619 2261 5673 alios
2287 5617 2337 5670 in
2367 5615 2522 5669 trivio
2551 5613 2793 5668 audimus
2821 5610 3102 5681 ejulantes,
3133 5621 3303 5677 neque
3332 5606 3397 5661 ad
3423 5603 3713 5675 ejulantem

2131 5725 2229 5764 nos
2250 5716 2583 5768 convertere,
2608 5703 2701 5759 sed
2722 5717 2845 5759 eum
2866 5701 3091 5756 moleste
3114 5701 3273 5762 ferre,
3295 5705 3351 5753 et
3373 5696 3713 5766 deceptorem

2133 5817 2343 5858 vocare.
2389 5798 2524 5868 Quid
2567 5798 2696 5852 dicis
2718 5838 2734 5863 ,
2765 5812 2797 5850 ο
2828 5793 3028 5848 homo?
3065 5806 3132 5846 an
3173 5805 3269 5861 pro
3299 5803 3434 5861 pane
3461 5800 3570 5844 uno
3598 5782 3724 5857 quis
