4126 6366
451 326 553 385 419

442 438 671 512 decipit?
699 437 894 505 Etiam,
920 435 1087 493 dices.
1116 421 1239 490 Ideo
1264 448 1392 505 ergo
1419 432 1586 503 magis
1611 430 1770 486 debet
1792 428 1857 483 ad
1887 444 2034 483 com-

441 533 838 589 miserationem
884 543 1135 591 movere,
1177 526 1299 581 ideo
1342 527 1572 580 maxime
1614 540 1679 580 ex
1718 524 2034 578 necessitate

440 623 711 680 eruendus
739 634 841 678 est.
868 621 924 676 Si
949 634 1077 674 vero
1106 620 1234 673 dare
1266 618 1421 683 nolis,
1450 618 1637 671 saltem
1668 631 1736 670 ne
1764 624 2036 669 contume-

442 716 569 771 liam
599 715 797 770 inferas
825 732 838 768 :
867 714 909 767 si
941 713 1079 767 nolis
1105 728 1169 767 ex
1204 711 1476 780 naufragio
1502 710 1731 779 eripere,
1758 724 1826 763 ne
1856 707 2036 776 impel-

442 807 522 863 las
565 808 617 861 in
663 805 995 862 barathrum.
1026 804 1227 878 Tecum
1260 814 1447 873 reputa
1473 844 1487 867 ,
1532 816 1652 854 eum
1690 799 2031 855 accedentem

441 900 656 970 repellis
683 940 699 966 ,
727 898 853 968 quid
895 898 1059 952 Deum
1106 894 1344 964 rogando
1375 895 1753 962 impetraturus
1792 892 1883 945 sis.
1921 892 2033 956 Qua

441 992 576 1046 enim
610 1007 845 1044 mensura
868 1030 885 1053 ,
914 989 1084 1060 lnquit
1103 1030 1117 1053 ,
1147 988 1306 1041 mensi
1332 986 1528 1058 fueritis
1550 1026 1564 1049 ,
1586 986 1873 1039 remetiatur
1899 983 2032 1038 vobis

441 1098 462 1156 ι
486 1082 675 1137 Matth.
704 1082 757 1136 7.
784 1080 819 1135 2
839 1080 880 1153 ).
920 1079 1107 1151 Cogita
1146 1077 1415 1150 quomodo
1446 1076 1534 1131 ille
1563 1076 1806 1145 repulsus
1836 1075 2029 1143 abeat,

442 1192 613 1249 prono
637 1175 810 1247 capite
829 1216 844 1240 ,
875 1176 1061 1246 lugens
1081 1214 1096 1237 ,
1130 1171 1460 1243 paupertatis
1489 1170 1647 1226 simul
1673 1180 1727 1225 et
1754 1179 2032 1224 contume-

442 1272 526 1327 lia:
551 1270 748 1326 vulnus
789 1268 1048 1324 referens.
1088 1266 1222 1322 Nam
1262 1265 1307 1319 si
1348 1263 1654 1319 mendicare
1692 1261 2031 1317 maledictum

443 1361 639 1431 putatis
661 1401 677 1426 ,
703 1367 973 1431 petentem
1006 1374 1111 1412 non
1141 1356 1384 1425 accipere
1408 1396 1424 1421 ,
1457 1363 1513 1409 et
1546 1369 1665 1407 cum
1695 1352 2033 1407 contumeliis

440 1453 739 1517 discedere,
768 1452 941 1523 cogita
966 1459 1217 1522 quantam
1243 1448 1440 1503 excitet
1467 1454 1858 1516 tempestatem.
1889 1445 2031 1511 Quo-

443 1560 612 1616 usque
656 1544 783 1599 feris
826 1543 1028 1598 similes
1067 1543 1305 1604 erimus,
1345 1550 1400 1595 et
1442 1548 1684 1594 naturam
1726 1539 1893 1608 ipsam
1936 1553 2033 1607 per

441 1637 718 1692 avaritiam
746 1633 1147 1705 ignorabimns?
1179 1632 1326 1686 Multi
1350 1630 1417 1686 de
1450 1631 1530 1684 his
1561 1630 1915 1700 ingemiscunt
1939 1647 1951 1682 :
1978 1639 2031 1683 at

447 1732 569 1787 volo
600 1747 703 1785 non
743 1744 882 1783 nunc
921 1734 1124 1781 tantum
1145 1766 1160 1791 ,
1190 1725 1282 1780 sed
1314 1739 1526 1793 semper
1554 1721 1693 1776 hanc
1723 1721 2031 1777 misericor-

444 1823 586 1879 diam
616 1821 880 1877 obtinere.
911 1818 1094 1888 Cogita
1122 1815 1252 1871 mihi
1278 1816 1419 1871 diem
1446 1815 1614 1878 illam,
1643 1807 1746 1884 qua
1774 1813 2033 1869 stabimus

442 1926 566 1971 ante
590 1911 818 1969 tribunal
839 1911 1033 1968 Christi
1056 1927 1068 1962 :
1090 1907 1302 1979 quando
1323 1906 1744 1962 misericordiam
1768 1915 2031 1974 petemus,

442 2018 497 2065 ct
530 2010 581 2063 in
610 2006 842 2062 medium
869 2004 1129 2058 adductos
1166 2002 1408 2057 Christus
1435 2000 1513 2054 sic
1541 2000 1840 2069 alloquetur
1865 2014 1879 2053 :
1900 1998 2034 2053 Pro-

443 2110 565 2171 pter
594 2112 784 2169 panem
814 2111 976 2151 unum
996 2135 1012 2159 ,
1034 2102 1127 2147 aut
1155 2108 1317 2147 unum
1343 2091 1555 2146 obolum
1580 2132 1597 2156 ,
1626 2098 1823 2143 tantam
1854 2090 1903 2143 in
1938 2092 2034 2141 lio-

443 2208 563 2249 rum
607 2190 800 2245 animis
843 2186 1089 2242 excitatis
1130 2192 1536 2254 tempestatem;
1583 2182 1705 2251 quid
1750 2182 2033 2237 dicemus?

439 2299 601 2356 quam
645 2280 1011 2336 defensionem
1054 2276 1379 2333 aﬂ‘eremus?
1417 2274 1566 2342 Quod
1608 2275 1749 2329 enim
1792 2274 1937 2343 ipsos
1978 2274 2030 2326 in

439 2375 674 2431 medium
701 2371 1027 2427 adducturus
1054 2370 1143 2434 sit,
1166 2367 1287 2422 audi
1318 2383 1380 2422 ex
1410 2367 1526 2435 ejus
1552 2366 1727 2421 verbis
1753 2383 1766 2418 :
1788 2363 1853 2418 In
1877 2382 2033 2436 quan-

439 2483 547 2525 tum
575 2487 676 2524 non
708 2468 894 2539 fecistis
928 2466 1016 2520 uni
1042 2480 1104 2519 ea:
1130 2464 1240 2530 his,
1269 2479 1426 2533 neque
1449 2462 1574 2516 mihi
1602 2462 1789 2533 fecistis
1813 2460 2027 2534 (Matth.

435 2566 529 2622 25.
558 2565 674 2636 45).
706 2562 887 2633 Neque
916 2561 1057 2616 enim
1089 2559 1165 2615 illi
1197 2568 1322 2613 tunc
1351 2558 1532 2612 dicent
1570 2555 1768 2627 aliquid
1796 2555 1862 2610 ad
1889 2570 1989 2611 nos
2011 2596 2026 2622 ,

435 2658 531 2715 sed
572 2657 713 2712 Deus
752 2670 846 2725 pro
875 2654 983 2709 illis
1011 2668 1108 2706 nos
1148 2659 1421 2721 eoarguet.
1452 2649 1585 2703 Nam
1616 2648 1876 2702 Lazarum
1906 2645 2028 2717 qni-

436 2750 559 2805 dem
588 2748 738 2804 dives
767 2746 918 2812 vidit,
949 2743 1289 2813 Lazarusque
1318 2740 1448 2795 nihil
1479 2740 1528 2796 ei
1554 2740 1703 2803 dicit,
1734 2738 1827 2793 sed
1858 2737 2028 2793 Abra-

443 2841 566 2898 ham
592 2856 691 2912 pro
718 2854 785 2895 eo
811 2840 1057 2909 loquutus
1085 2844 1189 2893 est.
1221 2835 1311 2891 Sic
1339 2843 1392 2888 et
1430 2833 1750 2903 pauperibus
1778 2832 2023 2899 eveniet,

435 2937 527 3007 qui
566 2949 707 2990 nunc
732 2949 762 2987 a
792 2933 948 2988 nobis
976 2937 1322 3001 spernuntur.
1354 2926 1471 2982 Non
1504 2928 1645 2980 enim
1678 2942 1891 2980 manum
1922 2943 2024 2981 ex-

441 3026 724 3083 tendentes
752 3024 1051 3079 videbimus
1074 3061 1092 3089 ,
1129 3023 1328 3075 misero
1368 3019 1546 3073 habitu
1574 3062 1587 3082 ,
1618 3019 1712 3074 sed
1752 3020 1805 3074 in
1844 3020 2027 3089 requie

435 3120 772 3177 constitutos.
803 3115 911 3171 Nos
953 3122 1130 3169 autem
1169 3113 1380 3167 illorum
1423 3114 1656 3182 speciem
1696 3121 1751 3167 et
1788 3112 2023 3168 habitum

435 3213 716 3268 induemns
747 3220 945 3280 :atque
972 3209 1173 3262 utinam
1201 3207 1373 3260 solum
1406 3205 1643 3261 habitum
1666 3247 1680 3266 .
1714 3222 1813 3262 nec
1833 3249 1847 3273 ,
1880 3207 2024 3275 quod

435 3305 607 3359 multo
641 3303 856 3374 gravius
894 3302 1034 3363 erit,
1078 3300 1419 3369 supplicium.
1464 3298 1647 3367 Neque
1688 3300 1831 3353 enim
1876 3300 2026 3355 dives

435 3400 524 3454 ille
552 3397 619 3452 de
656 3396 812 3451 micis
840 3394 1065 3450 saturari
1101 3392 1348 3462 cupiebat
1380 3392 1449 3445 ibi
1478 3433 1492 3457 ,
1526 3392 1618 3445 sed
1650 3393 1947 3446 torrebatur
1972 3404 2025 3449 et

434 3494 667 3564 graviter
709 3491 1079 3553 cruciabatur;
1129 3498 1182 3543 et
1221 3487 1420 3542 audivit
1453 3504 1465 3539 :
1496 3486 1751 3555 Recepisti
1795 3489 1927 3542 bona
1972 3489 2025 3542 in

434 3584 538 3639 vita
567 3592 673 3649 tua,
700 3593 746 3636 et
775 3581 1001 3635 Lazarus
1027 3580 1163 3633 mala
1188 3578 1339 3645 (Luc.
1365 3579 1451 3633 16.
1478 3578 1592 3648 25).
1626 3578 1703 3632 Ne
1729 3580 1885 3647 igitur
1914 3595 2025 3633 ma-

435 3691 601 3746 gnum
631 3673 903 3745 quidpiam
934 3686 1055 3727 esse
1091 3670 1302 3725 divitias
1330 3670 1716 3725 existimemus.
1749 3670 1841 3724 Hae
1870 3685 2021 3724 nam-

437 3780 544 3836 que
573 3764 823 3819 viaticum
852 3762 919 3817 ad
958 3762 1275 3832 supplicium
1312 3760 1468 3815 nobis
1497 3770 1682 3827 erunt,
1713 3761 1813 3815 nisi
1850 3771 2025 3815 atten-

437 3856 667 3921 damus-;
695 3864 754 3910 ut
776 3864 959 3910 contra
978 3896 993 3919 ,
1026 3854 1070 3909 si
1099 3853 1436 3908 attendamus
1461 3894 1477 3918 ,
1507 3863 1789 3923 paupertas
1816 3856 2023 3909 addita-

435 3957 672 4003 mentum
699 3946 853 4003 nobis
875 3946 979 4000 erit
1000 3945 1312 4001 deliciarum
1334 3956 1388 4000 et
1409 3946 1623 4015 quietis.
1647 3946 1782 4001 Nam
1808 3958 2025 4016 peccata

433 4043 789 4112 abstergimus
808 4040 852 4095 si
876 4039 1011 4095 hanc
1031 4055 1151 4094 eum
1174 4039 1460 4110 gratiarum
1483 4040 1692 4095 actione
1708 4041 2022 4110 toleremus,

433 4143 490 4188 et
523 4147 769 4203 magnam
794 4130 935 4201 apud
964 4130 1130 4186 Deum
1158 4132 1483 4201 acquirimus
1506 4131 1775 4188 fiduciam.

504 4225 561 4281 5.
600 4223 677 4279 Ne
717 4237 847 4293 ergo
892 4237 1106 4292 semper
1151 4223 1391 4292 requiem
1436 4239 1775 4293 quaeramus,
1821 4236 1878 4279 ut
1918 4227 2025 4281 illic

432 4316 618 4386 requie
647 4313 918 4370 fruamur:
943 4313 1038 4369 sed
1070 4329 1165 4386 pro
1190 4316 1387 4368 virtute
1414 4314 1624 4370 labores
1649 4317 2022 4387 suscipiamus,

432 4407 701 4477 superﬂua
728 4420 1057 4467 resecemus,
1085 4414 1139 4459 et
1165 4405 1295 4459 nihil
1325 4407 1552 4475 amplius
1575 4422 1898 4476 quaeramus,
1928 4409 2023 4464 sed

431 4499 485 4554 in
516 4513 777 4569 pauperes
797 4499 976 4553 omnia
1002 4508 1183 4553 nostra
1206 4498 1561 4555 effundamus.
1589 4500 1842 4567 Qum-nam
1871 4503 2024 4556 nobis

431 4591 537 4646 erit
560 4590 841 4646 excusatio
862 4630 880 4655 ,
911 4590 1126 4661 quando
1156 4590 1271 4660 ipse
1301 4592 1454 4648 nobis
1489 4594 1677 4648 caelum
1719 4598 2021 4663 promittit,

432 4698 533 4740 nos
578 4689 758 4738 autem
796 4698 971 4754 neque
1009 4699 1200 4753 panem
1241 4684 1339 4753 ipsi
1383 4685 1719 4754 przebemns?
1747 4704 1868 4743 cum
1910 4690 2024 4759 ipse

1155 321 1214 379 S.
1255 320 1531 377 JOANNIS
1569 314 2045 375 CllRYSOSTUMI
2090 313 2411 370 ARCHIEP.
2451 314 2988 373 CONSTANTINOI’.

3620 320 3722 381 1'30

2140 428 2232 481 tibi
2270 428 2435 482 solem
2468 430 2593 482 oriri
2626 440 2778 484 curet
2810 430 3020 501 (illatth.
3046 433 3098 488 5.
3129 434 3235 505 45)
3263 476 3280 501 ,
3327 449 3381 493 et
3426 456 3584 497 omne
3632 447 3725 498 tibi

2137 530 2502 573 creaturarum
2534 523 2885 576 ministerium
2920 525 3182 592 praabeat;
3215 540 3267 581 tu
3286 546 3411 585 vero
3434 548 3502 587 ne
3523 546 3725 589 veSIeni

2137 612 2350 683 quidem
2374 613 2469 668 des
2498 615 2616 684 ipsi,
2642 632 2813 685 neque
2841 621 3012 686 ipsum
3045 622 3165 673 tecti
3195 634 3495 679 consortem
3528 627 3725 682 facias?

2138 703 2206 756 Et
2240 705 2363 773 quid
2400 705 2521 759 dico
2558 706 2726 761 solem
2758 718 2811 761 et
2847 713 3187 765 creaturam?
3216 714 3422 783 Corpus
3450 719 3539 773 tibi
3571 736 3723 773 Sttunt

2136 795 2322 862 dedit,
2365 810 2417 851 et
2463 799 2773 868 sanguinein
2818 803 3145 871 pretiosum;
3181 816 3233 859 tu
3275 824 3401 862 vero
3440 827 3506 865 ne
3544 824 3643 881 pot
3678 842 3701 864 ι.

2142 889 2357 960 quidem
2387 891 2459 944 illi
2489 892 2733 959 praebes?
2761 896 2827 947 At
2854 897 3017 973 semel
3048 899 3275 953 dedisti?
3301 900 3490 956 Verum
3521 921 3621 958 non
3710 938 3719 955 λ

2138 980 2240 1036 hoc
2284 983 2645 1038 misericordia
2676 1004 2687 1037 :
2718 986 2890 1041 donec
2925 990 3068 1043 enim
3108 990 3309 1047 habens
3347 1011 3450 1048 non
3488 997 3720 1063 dedetis,

2136 1074 2372 1130 nondum
2408 1086 2575 1131 totum
2607 1079 2910 1148 implevisti.
2942 1081 3073 1135 Nam
3109 1086 3338 1154 virgines
3364 1104 3482 1157 qua:
3522 1090 3721 1159 lampa-

2137 1168 2235 1224 des
2260 1168 2550 1235 babebant,
2577 1173 2753 1227 oleum
2781 1190 2993 1244 quoque
3018 1176 3301 1244 habebant,
3327 1183 3417 1237 sed
3446 1200 3550 1238 non
3573 1188 3722 1240 suffi-

2136 1259 2303 1314 ciens.
2329 1260 2657 1331 Oportebat,
2687 1266 2728 1319 si
2765 1276 2847 1320 tua
2876 1266 3051 1331 dares,
3084 1286 3187 1324 non
3219 1274 3287 1325 ita
3317 1290 3532 1343 parcum
3556 1292 3674 1331 esse
3705 1297 3720 1332 :

2136 1370 2278 1409 nunc
2302 1370 2433 1410 vero
2461 1373 2581 1409 eum
2608 1374 2668 1412 ea
2695 1376 2812 1427 qua:
2844 1361 3049 1415 Domini
3081 1376 3203 1417 sunt
3231 1366 3458 1436 largiris,
3494 1385 3588 1424 cur
3616 1381 3720 1425 tam

2137 1455 2294 1501 tenax
2324 1448 2423 1502 es?
2456 1447 2699 1504 Vultisne
2729 1452 2898 1505 dicam
2931 1463 3088 1507 tanta:
3115 1471 3329 1511 causam
3363 1460 3722 1515 inhumanita-

2139 1539 2244 1592 tis‘t
2273 1539 2336 1593 Hi
2366 1540 2453 1609 qui
2486 1555 2582 1610 per
2605 1543 2882 1595 avaritiam
2916 1545 3166 1614 colligunt
3186 1587 3202 1612 ,
3231 1548 3293 1601 ad
3329 1550 3719 1622 eleemosyuain

2136 1640 2263 1683 sunt
2292 1630 2421 1700 pigri
2449 1648 2460 1683 :
2488 1647 2609 1685 nam
2637 1634 2725 1701 qui
2755 1634 2823 1686 ita
2856 1636 3043 1689 lucrari
3072 1638 3276 1703 didicit,
3304 1642 3604 1709 expendere
3631 1660 3722 1698 ne-

2136 1722 2257 1775 scit.
2291 1722 2568 1789 Quomodo
2594 1725 2734 1777 enim
2763 1725 2839 1779 sic
2868 1728 2932 1778 ad
2962 1730 3199 1795 rapinam
3235 1743 3469 1799 paratus,
3502 1736 3565 1788 ad
3595 1750 3721 1789 con-

2137 1814 2358 1866 trarium
2384 1829 2442 1870 se
2464 1818 2819 1871 coaverterit?
2845 1818 2932 1887 qui
2958 1819 3127 1873 aliena
3153 1824 3306 1891 rapit,
3333 1827 3599 1893 quomodo
3621 1844 3714 1882 sua

2136 1903 2226 1956 alii
2253 1904 2438 1958 dabit?
2465 1907 2675 1961 Etenim
2702 1908 2849 1962 canis
2877 1910 2966 1979 qui
2995 1913 3243 1967 carnibus
3270 1922 3408 1970 vesci
3445 1921 3676 1972 assuevit
3700 1960 3715 1985 ,

2137 2010 2241 2047 non
2275 1998 2407 2050 ultra
2449 2008 2623 2066 potest
2654 2016 2866 2070 gregem
2898 2004 3165 2059 custodire
3192 2023 3205 2059 :
3230 2006 3350 2061 ideo
3376 2024 3471 2064 eos
3499 2013 3584 2082 qui
3619 2013 3719 2065 Iin-

2131 2089 2364 2159 jnsmodi
2409 2104 2532 2146 sunt
2573 2104 2814 2162 pastores
2852 2106 3107 2152 mactant.
3150 2099 3299 2167 Quod
3338 2118 3403 2157 ne
3433 2120 3530 2158 nos
3560 2107 3717 2161 etiam

2138 2182 2419 2251 patiamur,
2440 2198 2469 2236 a
2497 2184 2583 2237 tali
2606 2185 2725 2239 cibo
2743 2186 3124 2245 abstineamus.
3142 2190 3273 2246 Nam
3298 2193 3348 2247 bi
3367 2195 3616 2252 carnibus
3633 2216 3715 2252 ve-

2135 2281 2374 2336 scuntur,
2402 2274 2488 2343 qui
2520 2290 2611 2343 per
2637 2275 2829 2331 famem
2861 2288 3084 2333 mortem
3118 2281 3392 2337 inducunt.
3422 2286 3535 2340 Non
3570 2289 3715 2343 vides

2134 2363 2402 2431 quomodo
2423 2365 2598 2418 omnia
2621 2368 2923 2424 communia
2949 2370 3100 2425 nobis
3122 2372 3265 2428 Deus
3292 2378 3567 2443 permisit?
3588 2379 3717 2433 Nam

2132 2453 2180 2507 si
2209 2469 2472 2524 pauperes
2492 2472 2611 2512 esse
2637 2460 2895 2528 permisit,
2918 2460 2971 2515 id
3000 2462 3051 2516 in
3078 2462 3299 2519 divitum
3326 2470 3546 2536 gratiam
3569 2470 3713 2536 fecit,

2134 2554 2191 2599 ut
2218 2556 2435 2615 possent
2473 2562 2568 2617 per
2610 2550 3002 2623 eleemosynam
3049 2566 3264 2623 peccata
3306 2558 3597 2628 deponere.
3638 2563 3714 2618 'l'u

2131 2651 2261 2693 vero
2290 2638 2389 2694 hac
2415 2640 2467 2693 in
2498 2656 2554 2695 re
2582 2642 2814 2699 crudelis
2835 2652 2888 2699 et
2920 2645 3237 2701 inhumanus
3263 2665 3339 2705 es.
3376 2650 3525 2707 Unde
3550 2654 3717 2724 liquet

2132 2738 2205 2798 te,
2230 2732 2273 2787 si
2302 2733 2353 2787 in
2380 2734 2670 2803 majoribus
2696 2736 2833 2792 hanc
2858 2737 3085 2795 haberes
3114 2751 3450 2811 potestatem,
3476 2748 3715 2805 innume-

2131 2838 2220 2877 ras
2256 2825 2608 2882 admissurum
2644 2828 2819 2885 etrdes
2843 2871 2859 2897 ,
2896 2842 2949 2886 et
2979 2833 3147 2889 lucem
3178 2836 3441 2907 vitamque
3471 2843 3715 2898 omnibus

2130 2914 2541 3007 interclusurum
2586 2920 2771 2977 fuisse.
2811 2923 2963 2992 Quod
3003 2942 3072 2981 ne
3110 2927 3299 2994 fieret,
3334 2932 3713 2989 insatiabilitati

2131 3013 2223 3067 tali
2246 3013 2383 3067 viam
2410 3016 2669 3082 praecidit.
2697 3016 2848 3085 Quod
2876 3018 2920 3071 si
2948 3018 3064 3075 haec
3083 3022 3356 3086 audientes
3377 3042 3518 3096 a-gre
3543 3028 3711 3096 fertis,

2129 3106 2298 3159 multo
2320 3108 2486 3175 magis
2509 3122 2628 3177 ego,
2655 3110 2741 3178 qui
2767 3108 2882 3164 hzec
2906 3111 3129 3168 videam.
3158 3121 3445 3187 Quousque
3468 3129 3520 3174 tu
3541 3122 3710 3190 dives,

2130 3198 2219 3252 ille
2263 3213 2462 3267 panper
2501 3202 2639 3253 erit?
2673 3201 2849 3271 Usque
2888 3204 2952 3256 ad
2999 3220 3274 3274 vesperam
3305 3225 3318 3261 :
3349 3212 3566 3266 ulterius
3604 3230 3709 3269 non

2131 3290 2272 3345 licet.
2307 3292 2456 3345 Adeo
2483 3293 2624 3347 enim
2657 3294 2832 3347 brevis
2860 3306 2941 3349 est
2971 3298 3103 3363 vita,
3136 3311 3189 3353 et
3217 3301 3390 3354 omnia
3416 3303 3525 3373 jam
3556 3306 3606 3359 in
3631 3307 3713 3375 ja-

2130 3384 2250 3436 nuis
2292 3395 2448 3449 sunt,
2492 3394 2547 3439 ut
2586 3384 2762 3439 brevis
2806 3388 2932 3441 hora
2976 3391 3151 3444 omnia
3193 3395 3541 3451 existimanda
3583 3399 3708 3453 sint.

2128 3476 2265 3542 Quid
2304 3478 2395 3530 tibi
2427 3493 2563 3547 opus
2594 3488 2676 3533 est
2713 3480 3045 3537 redundante
3074 3500 3212 3555 penu
3239 3527 3253 3551 ,
3281 3490 3406 3557 quid
3436 3505 3709 3547 servorum

2130 3576 2183 3620 et
2225 3568 2651 3639 dispensatornm
2696 3574 2895 3642 grege?
2934 3590 3031 3628 cur
3074 3593 3175 3629 non
3225 3581 3397 3645 potius
3442 3582 3530 3635 tibi
3572 3584 3712 3638 mille

2130 3661 2486 3733 cleemosyna:
2509 3679 2781 3732 przeconcs
2801 3671 3118 3733 comparas?
3141 3671 3313 3725 Penus
3338 3674 3533 3727 nullam
3557 3678 3711 3729 emit-

2132 3754 2194 3807 tit
2219 3770 2403 3808 vocem
2430 3797 2445 3822 ,
2475 3756 2568 3809 sed
2601 3757 2741 3811 fures
2779 3760 2972 3813 multos
3000 3762 3160 3815 allicit
3191 3782 3203 3817 :
3229 3780 3394 3831 penus
3426 3782 3549 3821 vero
3586 3784 3712 3836 pau-

2129 3860 2313 3914 perum
2358 3846 2423 3900 ad
2462 3847 2632 3901 Deum
2675 3850 2843 3918 ipsum
2892 3852 3167 3920 ascendit,
3202 3867 3515 3923 prmsentem
3550 3860 3710 3913 vitam

2130 3939 2304 3993 reddit
2332 3954 2546 3995 suavem
2568 3982 2584 4007 ,
2617 3946 2899 4012 omniaque
2928 3945 3095 3999 solvet
3125 3956 3336 4014 peccata
3358 3990 3371 4015 ,
3402 3964 3464 4003 ac
3486 3949 3705 4019 gloriam

2130 4033 2267 4100 apud
2298 4033 2482 4099 Deum,
2506 4033 2762 4089 honorem
2785 4035 2923 4104 apud
2953 4035 3194 4091 homines
3219 4040 3422 4094 afferet.
3451 4042 3556 4094 Cnr
3583 4058 3710 4110 ergo

2132 4125 2224 4179 tibi
2257 4135 2333 4179 tot
2370 4126 2505 4180 bona
2552 4127 2798 4181 invides?
2826 4128 2943 4182 Tibi
2981 4131 3121 4184 enim
3166 4132 3322 4201 longe
3358 4134 3525 4203 magis
3553 4150 3708 4204 quam

2131 4219 2451 4288 pauperibus
2498 4219 2813 4273 beneficium
2864 4232 3083 4289 pnestas
3113 4239 3125 4275 :
3159 4223 3261 4276 illis
3304 4240 3531 4295 namque
3569 4241 3709 4295 pra:-

2128 4311 2297 4364 sentia
2325 4310 2563 4379 largiris;
2600 4310 2690 4363 tibi
2723 4326 2850 4365 vero
2877 4311 3106 4365 futuram
3135 4314 3355 4383 gloriam
3384 4328 3436 4369 et
3468 4316 3710 4370 fiduciam

2129 4416 2355 4471 apparas
2382 4420 2393 4454 :
2420 4417 2577 4470 quam
2609 4417 2706 4455 nos
2735 4418 2925 4457 omnes
2958 4408 3153 4457 utinam
3187 4422 3531 4476 assequamur
3551 4451 3564 4472 ,
3592 4427 3711 4477 gra-

2132 4494 2200 4547 tia
2229 4505 2283 4548 et
2309 4496 2632 4563 benignitate
2662 4495 2865 4549 Domini
2896 4499 3057 4550 nostri
3086 4496 3209 4551 Jesu
3239 4498 3457 4568 Christi,
3486 4502 3568 4555 cui
3596 4504 3710 4571 glo-

2129 4586 2208 4639 ria
2236 4595 2289 4640 et
2316 4585 2595 4655 imperium
2626 4586 2677 4639 in
2708 4587 2920 4640 smcula.
2954 4589 3143 4642 Amen.

3329 4838 3696 4853 ——_-

1723 4891 2073 4955 HOMILIA
2121 4890 2469 4951 LXXVIII.

429 5028 557 5086 Cn.
592 5026 681 5085 16.
720 5045 775 5085 v.
803 5030 858 5086 5.
904 5027 1030 5085 Haec
1065 5040 1233 5083 autent
1279 5030 1341 5083 ab
1382 5030 1526 5083 initio
1569 5031 1706 5084 vobis
1752 5049 1850 5085 non
1878 5033 2018 5096 dixi,

498 5123 617 5193 quia
642 5124 894 5177 vobiscum
924 5138 1083 5175 eram.
1126 5120 1281 5174 Nunc
1311 5132 1478 5175 autem
1513 5124 1642 5175 vado
1684 5124 1753 5175 ad
1791 5141 1902 5176 eum
1937 5131 2021 5195 qui

499 5211 633 5271 misit
660 5233 759 5283 me,
784 5225 831 5270 et
862 5232 1009 5270 nemo
1027 5230 1088 5269 ea:
1113 5214 1248 5269 vobis
1272 5216 1547 5285 interrogat
1573 5232 1671 5280 me,
1698 5216 1810 5279 Quo
1835 5216 2021 5270 vadis?

500 5308 557 5364 6.
579 5308 685 5364 Sed
711 5308 833 5381 quia
865 5308 971 5361 Iure
991 5308 1226 5378 loquutus
1254 5323 1366 5360 sum
1392 5309 1558 5374 uobis,
1600 5308 1804 5362 tristitia
1833 5310 2018 5378 imple-

497 5402 566 5456 uit
588 5417 676 5455 cor
703 5410 941 5455 vestrum.

498 5494 552 5549 ι.
589 5492 814 5548 Tristitia
834 5508 950 5564 aute
982 5491 1114 5546 bona
1138 5490 1222 5545 sit.
1244 5520 1316 5531 --
1335 5490 1517 5560 Magna
1558 5490 1787 5546 tristitia:
1816 5492 1919 5559 vis,
1965 5502 2020 5547 et

425 5580 593 5638 multa
620 5583 775 5638 nobis
798 5597 933 5653 opus
949 5590 1033 5638 est
1060 5581 1391 5646 fortitudine,
1419 5591 1476 5635 ut
1498 5580 1619 5635 huic
1647 5581 1811 5635 animi
1831 5581 2019 5636 morbo

428 5686 686 5741 generose
708 5674 1057 5734 resistamus;
1103 5681 1159 5728 et
1200 5671 1326 5728 hinc
1377 5680 1524 5741 parta
1574 5671 1820 5735 utilitate,
1874 5671 2018 5741 quod

430 5762 752 5831 superfluum
802 5766 856 5820 in
908 5766 996 5820 illa
1036 5777 1141 5833 est,
1194 5766 1601 5837 relinquamus:
1630 5765 1829 5838 aliquid
1873 5767 2015 5822 enim
2062 5768 2067 5773 ⁷

2132 5032 2373 5087 utilitatis
2402 5030 2581 5086 habet.
2614 5031 2746 5085 Nam
2778 5048 2897 5086 eum
2947 5050 3229 5103 peccamus
3248 5036 3334 5090 vel
3360 5052 3457 5091 nos
3479 5039 3559 5092 vel
3583 5038 3667 5091 alii
3692 5079 3708 5103 ,

2129 5135 2252 5177 tunc
2278 5126 2451 5177 solum
2484 5124 2693 5177 tristitia
2724 5124 2917 5177 bonum
2942 5135 3023 5179 est
3053 5143 3067 5179 :
3093 5142 3211 5181 eum
3233 5139 3408 5180 autem
3441 5129 3492 5182 in
3524 5129 3708 5181 huma-

2128 5232 2223 5269 nas
2259 5216 2542 5269 incidimus
2572 5217 2926 5281 calamitates,
2974 5218 3175 5272 inutilis
3203 5220 3413 5275 tristitia
3440 5231 3542 5275 est.
3578 5221 3708 5288 Quia

2125 5322 2253 5376 ergo
2287 5306 2575 5375 discipulus
2613 5308 2843 5362 nondum
2890 5311 3155 5377 perfectos
3185 5311 3297 5365 luec
3334 5314 3708 5381 oppugnabat,

2124 5400 2244 5455 vide
2291 5401 2558 5471 quomodo
2586 5403 2831 5456 Christus
2863 5403 2979 5456 illos
3024 5404 3183 5457 etiam
3213 5405 3579 5473 increpatione
3610 5405 3706 5457 atl-

2124 5491 2289 5545 hibita
2307 5494 2557 5562 corrigat.
2575 5493 2703 5546 Nam
2724 5496 2809 5564 qui
2838 5496 3035 5549 millies
3065 5496 3214 5549 illum
3241 5508 3395 5551 antea
3418 5499 3707 5567 interroga-

2122 5595 2327 5639 verant.
2360 5595 2417 5641 ut
2436 5603 2557 5643 cum
2578 5587 2763 5641 Petrus
2782 5587 3007 5655 diceret,
3039 5590 3149 5656 Quo
3170 5591 3310 5644 uadis
3328 5591 3353 5643 ?
3375 5600 3429 5644 et
3451 5591 3705 5653 Thomas,

2125 5677 2397 5734 Nescimus
2424 5696 2522 5748 quo
2548 5680 2689 5733 uadis
2722 5696 2739 5732 :
2767 5690 2812 5732 et
2835 5683 3084 5747 quomodo
3114 5698 3380 5749 possumus
3406 5684 3537 5735 viam
3579 5682 3707 5734 scire

2126 5768 2320 5839 (Joan.
2352 5771 2440 5826 15.
2462 5771 2549 5828 36.
2581 5780 2628 5824 et
2659 5771 2742 5825 M.
2776 5771 2838 5839 5)
2865 5772 2887 5823 ’ἒ
2915 5783 2965 5826 et
2996 5772 3290 5842 Philippus,
3327 5774 3543 5827 Ostende
3565 5774 3704 5826 nobis
