4126 6366
270 383 383 441 419

267 499 378 553 ἀπὸ
421 496 518 568 τῆς
569 493 781 567 ’ύϐρεως
827 493 1039 567 πληγὴν
1085 493 1284 550 λαϐών.
1335 497 1398 549 EI
1439 499 1548 566 γάρ
1584 497 1646 550 τὸ
1690 497 1932 549 ἐπαιτεῖν

267 588 512 656 κατάραν
559 584 714 655 ὑμεῖς
757 581 993 644 τίθεσθε.
1045 583 1106 636 τὸ
1155 583 1409 636 αίτοῦντα
1461 584 1537 656 μὴ
1581 583 1785 647 λαϐεῖν,
1841 583 1935 636 καὶ

267 671 592 744 ὑϐρισθέντα
617 670 887 734 ἀπελθεῖν,
925 671 1116 724 σκόπει
1143 671 1308 724 πόσον
1335 671 1579 741 χειμῶνα
1619 671 1932 740 ἐργάζεται.

267 760 449 830 Μέχρι
475 759 618 821 τίνος
648 760 760 821 τοῖς
786 757 994 828 θηρίοις
1017 757 1296 826 ἐοίκαμεν,
1332 759 1427 810 καὶ
1460 758 1558 828 τὴν
1580 756 1740 827 φύσιν
1766 757 1936 828 αὐτὴν

266 846 360 901 διὰ
395 847 496 917 τὴν
525 845 833 910 πλεονεξίαν
870 844 1206 914 ἀγνοοῦμενς
1254 845 1445 897 Πολλοὶ
1473 843 1814 908 στενάζουσιν
1845 843 1936 896 ἐπὶ

266 934 482 998 τούτοις
501 951 516 966 ·
561 933 675 988 ἀλλ’
706 935 767 986 οὐ
801 931 1058 1002 βούλομαι
1088 932 1203 994 νῦν,
1235 931 1370 984 ἀλλά
1413 931 1703 995 διαπαντὸς
1749 930 1935 984 τοῦτον

269 1022 418 1092 ἔχειν
438 1021 530 1074 τὸν
554 1021 721 1074 ἔλεον.
740 1020 1021 1088 Ἐννόησόν
1059 1036 1148 1088 μοι
1175 1019 1272 1088 τὴν
1301 1018 1515 1089 ἡμέραν
1553 1019 1786 1088 ἐκείνην,
1809 1019 1935 1071 ὅταν

269 1109 643 1179 παραστῶμεν
675 1107 752 1178 τῷ
781 1106 984 1178 βήματι
1010 1107 1103 1159 τοῦ
1132 1105 1366 1176 Χριστοῦ
1388 1123 1402 1138 ο
1441 1108 1570 1160 ὅταν
1598 1104 1930 1175 παρακαλῶ-

274 1214 377 1267 μεν
398 1196 705 1266 ἐλεηθῆναι,
735 1198 830 1249 καὶ
861 1197 941 1258 είς
971 1194 1133 1264 μέσον
1166 1195 1364 1258 αὐτοὺς
1395 1192 1618 1262 ἀγαγὼν
1643 1195 1671 1245 6
1697 1193 1930 1264 Χριστὸς

269 1285 407 1356 λέγῃ
441 1285 576 1355 πρὸς
609 1285 776 1354 ἡμᾶς,
797 1284 876 1336 ὅτι
907 1285 983 1334 Δι’
1011 1283 1174 1352 ἄρτον
1207 1282 1300 1334 Eva
1326 1282 1419 1334 καὶ
1444 1281 1628 1334 ὀϐολὸν
1665 1281 1781 1344 ἐνα,
1813 1297 1936 1332 τοσο

270 1372 430 1425 οῦτον
470 1374 589 1434 ταῖς
611 1371 810 1441 ψυχαῖς
855 1369 1078 1432 ταύταις
1110 1368 1500 1439 ἐνειργάσασθε
1526 1367 1814 1420 κλυδώνιον
1835 1381 1848 1394 °
1883 1367 1936 1419 τί

272 1459 542 1530 ἐροῦμεν;
575 1458 626 1511 τί
654 1459 710 1511 δέ
736 1456 1217 1526 ἀπολογησόμεθα;
1247 1455 1368 1508 ’Ότι
1394 1454 1501 1524 γὰρ
1535 1455 1631 1506 καὶ
1658 1454 1737 1516 είς
1775 1452 1936 1523 μέσον

271 1547 472 1608 αὐτοὺς
495 1545 632 1610 ἀξει,
670 1545 901 1598 ἄκουσον
928 1543 981 1596 τί
1012 1560 1174 1612 φησιν
1195 1559 1208 1574 ·
1264 1543 1383 1610 Ἐφ’
1412 1541 1564 1594 ὅσον
1595 1543 1707 1594 οὐκ
1735 1539 1938 1608 ἐποιή-

273 1649 424 1687 σατε
471 1632 562 1686 ἑνί
601 1634 860 1694 τούτων,
911 1630 1054 1684 οὐδὲ
1103 1630 1233 1700 ἐμοί
1273 1629 1615 1694 ἐποιήσατε.
1651 1627 1786 1681 Ούδέ
1830 1627 1938 1698 γὰρ

273 1721 474 1774 ἐκεῖνοι
505 1719 688 1772 λοιπὸν
719 1717 901 1789 ἐροῦσι
934 1735 985 1770 τι
1013 1717 1148 1788 πρὸς
1185 1719 1216 1787 ἡ
1228 1719 1399 1786 μᾶςα,
1427 1715 1540 1768 ἀλλ’
1572 1717 1600 1768 6
1624 1714 1755 1778 Θεὸς
1798 1715 1935 1784 ὑπὲρ

275 1808 454 1862 αὐτῶν
487 1807 643 1877 ἡμῶν
670 1806 993 1874 καθάψεται.
1012 1805 1165 1857 Ἐπεὶ
1198 1804 1292 1857 καὶ
1319 1803 1410 1857 τὸν
1446 1802 1694 1874 Λάζαρον
1717 1805 1744 1856 6
1771 1802 1937 1856 πλού-

285 1909 399 1954 σιος
429 1891 533 1945 εἶδε
551 1909 564 1922 ·
596 1892 688 1946 καὶ
717 1892 745 1944 6
778 1891 875 1962 μὲν
903 1890 1150 1962 Λάζαρος
1173 1890 1323 1943 οὐδὲν
1361 1889 1496 1960 πρὸς
1524 1889 1686 1943 αὐτὸν
1713 1885 1889 1951 εἶπεν,
1909 1889 1938 1940 6

280 1981 339 2033 δέ
392 1979 640 2052 Ἀϐραὰμ
677 1979 767 2033 τὸν
803 1979 943 2050 ὑπὲρ
985 1978 1194 2031 ἐκείνου
1230 1977 1386 2046 λόγον
1428 1978 1740 2047 ἐποιήσατο.
1786 1975 1940 2029 Οὕτω

279 2069 372 2122 καὶ⁵
409 2069 501 2120 ἐπὶ
533 2068 639 2120 τῶν
671 2052 915 2137 πενήτων
942 2065 1095 2119 ἔσται
1140 2065 1248 2119 τῶν
1284 2063 1378 2118 νῦν
1424 2065 1551 2135 παρ’
1581 2064 1740 2134 ἡμῶν
1773 2080 1940 2116 καταε

280 2155 679 2225 φρονουμένων.
711 2155 785 2206 Οὐ
825 2154 932 2224 γὰρ
971 2155 1157 2225 χεῖρας
1193 2153 1389 2216 αὐτοὺς
1416 2151 1792 2222 προτείνοντας
1818 2149 1938 2220 ὀψό-

283 2243 422 2314 μεθα
448 2239 663 2312 ἐλεεινῷ
700 2242 958 2311 σχήματι,
983 2241 1098 2294 ἀλλ’
1128 2242 1187 2292 ἐν
1219 2237 1522 2293 ἀναπαύσει
1556 2237 1716 2301 ὄντας
1739 2253 1753 2266 ο
1782 2239 1942 2308 ἡμεῖς

279 2326 338 2380 δέ
361 2327 423 2378 τὸ
450 2327 673 2378 ἐκείνων
706 2325 985 2394 ληψόμεθα
1017 2324 1199 2394 σχῆμα
1219 2339 1234 2354 ο
1275 2323 1368 2376 καὶ
1395 2322 1504 2375 εῖθε
1529 2321 1589 2373 τὸ
1624 2323 1806 2392 σχῆμα
1843 2321 1943 2391 μό-

279 2430 390 2475 νον,
412 2414 505 2466 καὶ
537 2413 610 2484 μὴ
640 2412 700 2464 τὸ
723 2410 902 2482 πολλῷ
927 2411 1322 2482 χαλεπώτερον,
1340 2409 1643 2481 τιμωρίανί
1675 2409 1808 2462 Οὺδέ
1837 2410 1942 2480 γάρ

279 2503 310 2556 6
358 2500 611 2563 πλούσιος
655 2499 852 2570 ψιχίων
904 2498 1165 2569 ἐπεθύμει
1215 2497 1576 2569 χορτασθῆναι
1624 2498 1774 2549 ἐκεῖ·
1826 2497 1940 2550 ἀλλ’

281 2592 715 2663 ἀπετηγανίζετο
745 2592 840 2645 καὶ
861 2589 1148 2654 ἐκολάζετο
1173 2587 1446 2659 χαλεπῶς,
1474 2587 1568 2640 καὶ
1592 2587 1843 2657 ἤκουσεν,
1861 2587 1943 2639 ὅτι

294 2681 615 2746 Ἀπέλασες
647 2679 719 2733 τὰ
746 2677 934 2748 ἀγαθά
973 2693 1089 2732 σου
1113 2678 1184 2731 ἐν
1219 2674 1295 2745 τῇ
1323 2674 1436 2744 ζωῇ
1460 2691 1598 2739 σου,
1632 2675 1727 2728 καὶ
1762 2672 1944 2733 Λάζαο

275 2787 388 2840 ρος
413 2770 487 2823 τὰ
523 2767 696 2822 κακά.
734 2767 825 2839 Μὴ
849 2766 1027 2819 τοίνυν
1057 2767 1202 2835 μέγα
1241 2783 1293 2818 τι
1333 2765 1424 2817 τὸν
1459 2762 1688 2817 πλοῦτον
1713 2762 1943 2832 νομίζω-

285 2875 406 2928 μεν.
453 2850 620 2919 Οὗτος
650 2857 758 2926 γάρ
784 2854 992 2922 ἐφόδιον
1031 2855 1163 2924 ἡμῖν
1207 2851 1360 2906 ἐσται
1404 2851 1700 2915 κολάσεως,
1737 2851 1833 2902 ἐὰν
1867 2849 1944 2921 μὴ

283 2946 670 3018 προσέχωμεν·
703 2944 890 3014 ὥσπερ
932 2938 1026 2996 οῦν
1069 2942 1164 2995 ἐὰν
1196 2941 1572 3013 προσέχωμεν,
1601 2940 1754 3010 καὶὴ
1785 2939 1944 2992 πενία

283 3034 572 3106 προσθήκη
608 3032 817 3099 γίνεται
862 3030 957 3084 καὶ
996 3029 1210 3098 τρυφῆς
1257 3029 1351 3080 καὶ
1382 3026 1739 3090 ἀναπαύσεως
1787 3028 1942 3096 ἡμῖν.

284 3123 394 3176 Καὶ
420 3121 528 3192 γὰρ
558 3122 653 3174 καὶ
681 3119 1052 3188 ἁμαρτήματα
1077 3116 1466 3187 ἀποτιθέμεθα,
1513 3115 1580 3168 ἂν
1612 3115 1946 3186 εὐχαρίστως

280 3209 490 3280 ταύτην
516 3209 791 3278 φέρωμεν,
821 3206 916 3258 καὶ
939 3204 1137 3276 πολλὴν
1156 3203 1307 3274 παρὰ
1328 3203 1406 3274 τῷ
1430 3202 1549 3273 Θεῷ
1573 3200 1828 3272 κτώμεθα
1849 3201 1948 3272 τήν

284 3297 620 3368 παρρησίαν.
1081 3283 1084 3286 ’

360 3384 423 3438 ε’.
445 3382 538 3454 Μὴ
561 3381 739 3434 τοίνυν
767 3379 853 3432 ἀεὶ
878 3379 975 3449 τήν
995 3377 1174 3433 ἄδειαν
1198 3377 1464 3446 ζητῶμεν,
1497 3376 1584 3429 ἴνα
1608 3375 1788 3438 ἀδείας
1815 3375 1949 3428 ἀπο-

283 3473 574 3540 λαύσωμεν
595 3471 711 3521 ἐκεῖ
727 3485 738 3496 ·
755 3466 890 3519 ἀλλά
909 3467 1030 3526 τοὺς
1050 3466 1189 3535 ὺπέρ
1210 3465 1407 3534 ἀρετῆς
1434 3462 1710 3533 δεξώμεθα
1732 3463 1946 3530 πόνους,

286 3561 384 3614 καὶ
408 3559 476 3612 τὰ
503 3557 730 3628 περιττὰ
760 3553 1204 3624 περικόπτωμεν,
1241 3553 1334 3604 καὶ
1366 3551 1532 3622 μηδὲν
1561 3551 1724 3604 πλέον
1758 3551 1949 3620 ἐπιζη-

284 3650 490 3720 τῶμεν,
516 3645 629 3700 ἀλλ’
654 3646 732 3707 είς
752 3644 877 3706 τοὺς
896 3639 1179 3711 δεομένους
1207 3640 1274 3692 τά
1295 3641 1422 3692 ὄντα
1447 3640 1623 3692 πάντα
1650 3639 1950 3692 ἀναλίσκω-

291 3754 412 3808 μεν.
443 3735 577 3788 Τίνα
607 3731 716 3804 γὰρ
743 3731 935 3801 ἕξομεν
965 3728 1289 3796 ἀπολογίαν,
1330 3726 1481 3799 [457]
1507 3728 1634 3781 ὅταν
1663 3727 1821 3790 αὐτὸς
1852 3727 1948 3797 μὲν

287 3826 421 3896 ἡμῖν
443 3823 533 3877 τὸν
559 3821 785 3892 οὐρανὸν
831 3817 1252 3886 ἐπαγγέλληται,
1302 3817 1462 3885 ἡμεῖς
1503 3814 1560 3868 δέ
1597 3814 1732 3886 μηδέ
1784 3813 1948 3884 ἄρτον

287 3911 438 3984 αὐτῷ
468 3912 831 3982 παρέχωμεν;
865 3909 993 3961 ὅταν
1025 3905 1186 3965 αὐτὸς
1223 3904 1321 3974 μέν
1368 3921 1449 3956 σοι
1495 3902 1586 3955 τὸν
1628 3903 1777 3973 ἣλιον
1826 3902 1951 3953 ἀνα-

287 4001 471 4073 τέλλῃ,
496 3998 590 4051 καὶ
617 3998 796 4050 πᾶσαν
816 3995 912 4063 τῆς
940 3993 1170 4054 κτίσεως
1201 3990 1418 4062 παρέχῃ
1444 3990 1541 4060 τὴν
1569 3989 1861 4042 διακονίαν·
1884 3989 1948 4040 σὺ

287 4091 346 4143 δέ
367 4089 485 4142 οὐδὲ
509 4085 720 4157 ίμάτιον
739 4081 886 4152 αὐτῷ
906 4080 1080 4142 δίδως,
1101 4078 1221 4132 οὐδέ
1250 4077 1446 4147 στέγης
1461 4079 1736 4132 κοινωνεῖν
1755 4077 1946 4140 ποιεῖ;;

289 4177 404 4232 Καὶ
438 4175 490 4227 τί
521 4173 662 4241 λέγω
689 4170 842 4240 ἡλιον
876 4169 970 4221 καὶ
997 4167 1212 4230 κτίσιν;
1245 4165 1318 4217 Τὸ
1346 4164 1506 4230 σῶμά
1532 4181 1614 4216 σοι
1645 4163 1946 4234 παρέθηκε,

288 4264 352 4317 τὸ
375 4257 513 4331 αἷμα
542 4258 604 4311 τὸ
637 4257 818 4326 τίμιον
861 4253 1058 4306 ἔδωκε·
1107 4253 1170 4305 σὺ
1203 4253 1259 4304 δέ
1293 4250 1415 4304 οὐδὲ
1451 4250 1706 4320 ποτηρίου
1743 4250 1950 4319 μεταδί-

286 4353 422 4415 δως;
439 4346 578 4404 Ἀλλ’
609 4344 813 4405 ἔδωκας
841 4340 987 4404 ἀπαξ
1003 4357 1017 4407 ;
1035 4339 1174 4393 Ἀλλ’
1198 4339 1298 4391 οὐκ
1323 4338 1436 4391 ἐστι
1463 4338 1622 4391 τοῦτο
1643 4338 1819 4399 ἐλεοςο
1843 4337 1946 4399 ἓως

357 4477 384 4506 ⁸
402 4474 484 4525 Sic
503 4471 654 4522 SaviI.
677 4467 956 4532 Legebalur
979 4464 1157 4530 ἐροῦσι,
1179 4467 1235 4517 Τί
1258 4467 1373 4531 πρὸς
1396 4469 1536 4529 ἡμᾶς
1561 4465 1695 4516 Ευιτ.

475 4689 860 4706 .-

1264 379 1327 434 IN
1359 373 1680 437 JOANNEM
1716 376 1952 435 HOMIL.
1995 373 2255 431 LXXVIII
2294 377 2368 430 al.
2413 374 2669 431 LXXVII.

3595 374 3697 430 ΩΟ

2033 493 2142 565 γὰρ
2174 492 2239 546 ἂν
2279 491 2416 564 ἔχων
2450 492 2525 564 μὴ
2559 493 2827 562 ἐπαρκῇς,
2863 489 3073 544 οὐδέπω
3114 488 3175 543 τὸ
3216 490 3324 542 πᾶν
3354 487 3695 560 ἐπλήρωσας.

2047 581 2198 634 Ἐπεὶ
2247 581 2340 633 καὶ
2387 582 2442 634 αἱ
2492 579 2752 649 παρθένοι
2797 577 2896 640 τὰς
2939 577 3225 646 λαμπάδας
3264 576 3502 647 ἔχουσαι,
3555 571 3699 645 εἶχον

2034 667 2232 732 ἔλαιον,
2269 669 2384 722 ἀλλ’
2413 669 2473 721 οὐ
2505 667 2744 738 δαψιλές.
2771 665 2968 738 Ἐχρῆν
3001 666 3098 737 μὲν
3122 661 3234 726 οὖν,
3261 668 3307 718 εί
3341 667 3433 719 καὶ
3459 665 3565 719 ἀπὸ
3589 665 3698 718 τῶν

2037 755 2232 810 σαυτοῦ
2264 759 2538 826 παρεῖχες,
2571 755 2704 825 μηδὲ
2731 754 2901 817 οὕτως
2932 749 3072 806 εἶναι
3106 753 3363 823 φειδωλός
3385 770 3399 785 ⁶
3430 751 3524 806 νῦν
3548 753 3603 805 δέ
3631 753 3698 805 τὰ

2034 843 2127 896 τοῦ
2147 845 2415 897 Δεσπότου
2436 843 2629 906 διδοὺς,
2661 842 2804 904 τίνος
2824 842 3006 894 ’ἐνεκεν
3035 840 3331 912 μικρολογῇ
3353 857 3366 904 ς
3392 839 3545 893 Εἴπω
3575 839 3699 909 βού-

2035 931 2192 984 λεσθε
2214 931 2310 1002 τὴν
2342 931 2522 983 αἰτίαν
2547 927 2748 998 ταύτης
2775 929 2874 1000 τῆς
2901 927 3314 997 ἀπανθρωπίας;
3356 927 3488 980 Ἀπὸ
3511 927 3702 980 πλεον⁶

2037 1020 2186 1085 εξίας
2231 1019 2520 1086 συνάγουσι
2569 1017 2635 1070 τά
2683 1016 2832 1082 ὅντα,
2866 1017 2959 1070 καὶ
3006 1018 3141 1088 πρὸς
3181 1018 3281 1089 τὴν
3330 1015 3700 1086 ἐλεημοσύνην

2037 1109 2173 1161 εἰσὶν
2202 1107 2422 1176 ὀκνηροί.
2449 1101 2624 1159 οὗτοι·
2662 1106 2690 1157 6
2710 1105 2823 1176 γὰρ
2860 1103 3001 1157 οὕτω
3033 1103 3218 1174 μαθὼν
3252 1104 3576 1175 κερδαίνειν,
3607 1104 3701 1156 άν-

2036 1197 2278 1249 αλίσκειν
2307 1195 2406 1247 ούκ
2437 1189 2564 1246 οἶδε.
2592 1194 2716 1253 Πῶς
2747 1192 2856 1262 γάρ
2884 1192 2947 1245 ἄν
2971 1208 3055 1256 τις
3077 1192 3589 1262 παρεσκευασμένος
3621 1193 3700 1252 είς

2039 1281 2476 1354 ἀρπαγὴν,’πρὸς
2499 1281 2560 1334 τὸ
2586 1281 2828 1334 ἐναντίον
2861 1280 3047 1333 ἐαυτὸν
3073 1281 3385 1350 ρυθμίσειεν
3405 1297 3419 1344 ;
3442 1281 3469 1332 6
3493 1278 3602 1350 γάρ
3632 1279 3701 1331 τά

2038 1373 2166 1440 παρ’
2203 1371 2402 1440 ἐτέρων
2424 1369 2737 1438 λαμϐάνων,
2775 1368 2891 1431 πῶς
2923 1369 3209 1437 δυνήσεται
3238 1367 3306 1420 τά
3343 1366 3536 1420 ἐαυτοῦ
3562 1383 3701 1437 προ-

2037 1457 2193 1510 έσθαι
2250 1456 2452 1528 ἐτέρῳς
2487 1457 2594 1509 Καὶ
2636 1457 2746 1526 γὰρ
2778 1455 2922 1510 κύων
2985 1455 3285 1526 μελετήσας
3317 1455 3534 1526 σαρκῶν
3566 1456 3702 1507 ἀπο-

2037 1546 2314 1616 γεύεσθαι,
2367 1545 2654 1612 φυλάττειν
2707 1545 2890 1597 οὐκέτι
2949 1544 3172 1596 δύναται
3217 1543 3316 1613 τὴν
3347 1543 3581 1612 ἀγέλην·
3614 1540 3702 1594 διὰ

2037 1634 2194 1688 τοῦτο
2221 1634 2347 1696 τοὺς
2375 1633 2647 1696 τοιούτους
2676 1633 2771 1686 καὶ
2793 1632 3108 1704 ἀναιροῦσιν
3138 1633 3188 1684 οἱ
3215 1632 3491 1702 ποιμένες.
3525 1631 3702 1700 Ὅπερ

2045 1721 2130 1774 ἵνα
2166 1720 2241 1792 μὴ
2264 1724 2356 1775 καὶ
2382 1723 2541 1792 ἡμεῖς
2565 1721 2882 1790 πάσχωμεν,
2927 1719 3294 1791 ἀποσχώμεθα
3326 1719 3422 1789 τῆς
3448 1717 3704 1786 τοιαύτης

2046 1809 2244 1879 θοίνης.
2274 1809 2383 1862 Καὶ
2419 1808 2526 1879 γὰρ
2560 1808 2656 1860 καὶ
2682 1799 2826 1861 οῦτοι
2852 1807 3066 1879 σαρκῶν
3109 1806 3488 1876 ἀπογεύονται,
3521 1809 3568 1859 οἱ
3611 1806 3703 1859 τὸν

2044 1896 2133 1950 διὰ
2163 1896 2320 1967 λιμοῦ
2351 1896 2580 1950 θάνατον
2631 1895 3031 1961 ἐπεισάγοντες.
3064 1897 3176 1964 Οὐχ
3215 1896 3345 1965 ὁρᾷς
3377 1894 3491 1956 πῶς
3525 1893 3705 1948 πάντα

2046 1984 2200 2037 κοινὰ
2232 1985 2360 2053 ἡμῖν
2390 1984 2588 2054 ἀνῆκεν
2627 1984 2654 2035 6
2683 1982 2849 2047 (956;;
2887 1983 2949 2034 Εἰ
2982 1981 3089 2054 γάρ
3134 1983 3190 2033 ἐν
3224 1984 3498 2052 χρήμασιν
3554 1980 3704 2033 εἴασε

2047 2072 2324 2134 πένεσθαι,
2355 2072 2449 2125 καὶ
2486 2070 2616 2125 αὐτὸ
2639 2071 2736 2140 τῆς
2765 2069 2874 2122 τῶν
2915 2069 3284 2122 πλουτούντων
3329 2069 3493 2122 ἕνεκα
3534 2085 3708 2139 παρα-

2051 2159 2269 2229 μυθίας,
2288 2159 2375 2212 ἵνα
2397 2159 2560 2228 ἔχωσι
2583 2157 2670 2211 διὰ
2686 2157 2785 2227 τῆς
2813 2159 2892 2218 είς
2914 2156 3152 2220 ἐκείνους
3186 2155 3551 2226 ἐλεημοσύνης
3575 2157 3706 2208 ἀπο·

2047 2245 2266 2301 δύεσθαι
2293 2245 2358 2297 τὰ
2393 2244 2786 2314 ἁμαρτήματα.
2814 2243 2886 2295 Σὺ
2923 2242 2978 2295 δέ
3005 2241 3100 2295 καὶ
3133 2242 3190 2294 ἐν
3216 2241 3389 2312 τούτῳ
3418 2240 3567 2310 ώμὸς
3614 2241 3708 2293 καὶ

2048 2333 2410 2405 ἀπάνθρωπος
2439 2331 2686 2400 γέγονας.
2713 2330 2874 2382 Ὅθεν
2901 2329 3059 2399 δῆλον
3077 2329 3159 2381 ὅτι
3185 2329 3232 2381 εί
3262 2329 3354 2380 καί¹
3380 2330 3435 2380 ἐν
3458 2331 3565 2390 τοῖς
3592 2328 3709 2396 μεί-

2049 2421 2164 2486 ζοσι
2191 2419 2392 2488 ταύτην
2437 2419 2626 2482 ἔλαϐες
2666 2418 2764 2488 τὴν
2796 2416 3062 2481 ἐξουσίαν,
3118 2415 3343 2487 μυρίους
3377 2415 3441 2468 ἂν
3469 2415 3708 2487 εἰργάσω

2049 2511 2262 2579 φόνους,
2315 2508 2409 2561 καὶ
2441 2508 2501 2560 τὸ
2533 2506 2646 2576 φῶς
2680 2505 2772 2559 καὶ
2822 2504 2918 2576 τὴν
2951 2503 3093 2574 ζωήν
3117 2503 3334 2558 ἅπασαν
3356 2503 3709 2564 ἁπέκλεισας.

2052 2599 2228 2668 Ὅπερ
2257 2597 2341 2649 ἵνα
2366 2594 2438 2666 μὴ
2458 2595 2702 2664 γένηται,
2722 2592 2933 2662 ἀνάγκῃ
2953 2590 3049 2662 τὴν
3076 2592 3134 2642 ἐν
3153 2590 3382 2652 ἐκείνοις
3408 2590 3710 2659 ἀπληστίαν

2048 2685 2315 2754 διέκοψεν.
2343 2684 2405 2736 Εἰ
2434 2683 2490 2735 δέ
2517 2683 2730 2750 ἀλγεῖτε
2767 2679 2936 2732 ταῦτα
2958 2677 3265 2743 ἀκούοντες,
3297 2677 3478 2749 πολλῷ
3511 2679 3710 2748 μᾶλλον

2049 2775 2160 2841 ἐγὼ
2192 2771 2364 2826 ταῦτα
2395 2770 2654 2840 γινόμενα
2685 2767 2844 2840 ὁρῶν.
2879 2767 3058 2836 Μέχρι
3109 2766 3238 2819 πότε
3271 2768 3334 2820 σὺ
3382 2765 3633 2827 πλούσιος
3661 2767 3710 2829 δ,

2051 2861 2298 2922 κάκεῖνος
2324 2857 2528 2930 πένης;
2561 2856 2741 2927 Μέχρι
2768 2857 2866 2927 τῆς
2899 2854 3158 2924 ἑσπέρας,
3193 2853 3502 2925 περαιτέρω
3525 2854 3580 2906 δέ
3612 2854 3712 2906 οὐκ

2051 2947 2151 3002 ἐτι.
2189 2946 2343 3000 Οὕτω
2369 2946 2477 3017 γάρ
2523 2945 2726 3016 βραχὺς
2774 2947 2802 2997 6
2837 2944 2969 3014 βίος,
3020 2943 3111 2997 κα)⁵
3153 2944 3329 2996 πάντα
3353 2945 3374 2966 ¹
3401 2943 3492 2994 ἐπὶ
3523 2941 3712 3012 θύραις

2049 3038 2247 3108 ἕστηκε
2281 3036 2488 3101 λοιπὸν,
2521 3037 2595 3098 ώς
2637 3034 2784 3106 ὥραν
2818 3034 3068 3105 βραχεῖαν
3091 3032 3152 3086 τὸ
3195 3034 3298 3085 πᾶν
3328 3026 3466 3084 εἶναι
3495 3031 3710 3100 νομίζε-

2051 3125 2198 3180 σθαι.
2235 3124 2300 3179 Τί
2342 3142 2424 3178 σοι
2458 3125 2537 3177 δεῖ
2584 3124 2846 3194 ταμιείων
2882 3121 3276 3194 ἐρευγομένων,
3328 3120 3421 3173 καὶ
3475 3119 3713 3190 πλήθους

2053 3213 2280 3267 οἰκετῶν
2300 3212 2394 3265 καὶ⁹
2426 3213 2722 3281 οἰκονόμων
2743 3227 2756 3274 ;
2779 3210 2919 3264 διατί
2952 3210 3025 3280 μὴ
3051 3210 3276 3280 μυρίους
3302 3208 3444 3278 ἐχεις
3466 3209 3714 3279 κήρυκας

2049 3303 2152 3374 τῆς
2177 3301 2584 3371 ἐλεημοσύνηςς
2617 3300 2688 3351 Τὸ
2729 3298 2826 3368 μὲν
2853 3299 2964 3371 γὰρ
2995 3301 3239 3366 ταμιεῖον
3270 3297 3535 3374 ὀὐδεμίαν
3560 3295 3727 3364 ἀφίη-

2053 3404 2135 3440 σιν
2156 3386 2358 3458 φωνὴν,
2387 3385 2522 3438 ἀλλὰ
2549 3385 2644 3436 καὶ
2675 3385 2900 3447 πολλοὺς
2926 3384 3284 3436 ἐπισπάσεται
3309 3381 3508 3453 λῃστάς
3529 3398 3541 3411 ⁸
3569 3381 3634 3434 τὰ
3659 3381 3714 3434 δὲ

2050 3475 2158 3528 τῶν
2197 3477 2446 3544 πενήτων
2468 3476 2690 3544 ταμιεῖα
2725 3474 2861 3544 πρὸς
2889 3473 3048 3526 αὐτὸν
3079 3472 3408 3541 ἀναϐήσεται
3437 3473 3527 3525 τὸν
3558 3473 3712 3535 Θεὸν,

2051 3564 2148 3617 καὶ
2179 3563 2308 3633 ἡδὺν
2336 3562 2427 3615 τὸν
2450 3561 2692 3632 παρόντα
2717 3561 3006 3631 ἐργάσεται
3031 3559 3165 3629 βίον,
3201 3561 3293 3612 καὶ
3340 3559 3519 3612 πάντα
3564 3560 3714 3613 λύσει

2051 3650 2122 3704 τά
2151 3652 2544 3722 ἁμαρτήματα,
2582 3649 2675 3702 καὶ
2701 3648 2856 3712 δόξαν
2893 3650 3043 3718 ποιρά
3072 3646 3211 3718 Θεῷ,
3256 3649 3349 3701 καὶ
3372 3647 3537 3718 τιμὴν
3565 3649 3714 3718 παρὰ

2050 3737 2361 3812 ἀνθρώποις
2394 3739 2551 3791 οἴσει.
2602 3736 2666 3791 Τί
2715 3737 2895 3790 τοίνυν
2943 3736 3156 3804 φθονεῖς
3201 3735 3410 3806 σεαυτῷ
3448 3735 3714 3789 τοσούτων

2052 3826 2273 3896 ἀγαθῶν
2298 3843 2312 3892 ;
2340 3825 2414 3880 Οὐ
2450 3824 2559 3895 γὰρ
2590 3825 2849 3889 ἐκείνους,
2877 3822 3011 3878 ἀλλά
3036 3821 3227 3876 σαυτὸν
3260 3824 3570 3893 εύποιήσεις
3598 3841 3713 3892 μειο

2051 3915 2238 3979 ζόνως,
2275 3915 2518 3976 ἐκείνους
2565 3911 2889 3984 εὐεργετῶν.
2943 3910 3068 3974 Τοῖς
3103 3912 3199 3981 μέν
3239 3910 3346 3981 γὰρ
3374 3911 3440 3964 τὰ
3472 3913 3713 3982 παρόντα

2043 3999 2471 4072 ἐπανορθώσεις,
2503 3999 2681 4069 σαυτῷ
2704 3998 2760 4051 δέ
2799 3997 2896 4068 τὴν
2948 3997 3244 4068 μέλλουσαν
3279 3996 3433 4060 δόξαν
3466 3999 3558 4050 καὶ
3581 4003 3713 4067 παρ-

2053 4089 2247 4160 ῥησίαν
2281 4086 2640 4160 προαποθήσῃ
2662 4103 2674 4115 ’
2699 4083 2766 4157 ἦς
2785 4085 2992 4153 γένοιτο
3014 4086 3218 4148 πάντας
3250 4087 3282 4154 ἡ
3290 4087 3394 4157 μᾶς
3418 4087 3712 4155 ἐπιτυχεῖν,

2051 4176 2233 4246 χάριτι
2260 4176 2353 4228 καὶ
2395 4175 2772 4244 φιλανθρωπία
2806 4173 2898 4226 τοῦ
2936 4174 3138 4245 Κυρίου
3179 4176 3334 4244 ἡμῶν
3376 4175 3546 4245 Ἰησοῦ
3577 4177 3713 4246 Χρι-

2054 4260 2202 4324 στοῦ,
2228 4253 2271 4328 ᾧ
2296 4263 2328 4330 ἡ
2353 4259 2476 4324 δόξα
2503 4261 2594 4312 καὶ
2616 4260 2674 4312 τὸ
2703 4259 2900 4330 κράτος
2922 4261 3000 4322 εἰς
3037 4261 3159 4323 τοὺς
3189 4260 3411 4325 αἰῶνας.
3462 4263 3651 4334 Ἀμήν.

2112 4409 2141 4447 b
2167 4408 2368 4466 Quidam
2389 4409 2504 4457 πότε
2521 4407 2763 4464 πλούσιος.

2831 4408 2850 4426 ⁹
2887 4407 3089 4456 Plenius
3106 4407 3254 4457 Savil.
3275 4412 3301 4457 6
3323 4411 3439 4472 βίος,
3461 4411 3541 4458 καὶ
3563 4413 3714 4459 πάντα

2055 4469 2103 4516 ἐν
2133 4470 2370 4533 ἐσχάτοις,
2393 4473 2473 4518 καὶ
2497 4472 2666 4518 πάντα.

1683 4834 1696 4839 ’
1748 4867 1895 4940 [458]
1925 4869 2170 4922 omum
2200 4869 2327 4922 OH'.

296 4964 487 5020 Ταῦτα
505 4963 575 5017 δὲ
615 4964 683 5028 ἐξ
721 4962 914 5032 ἀρχῆς
956 4963 1068 5015 οὐκ
1107 4959 1278 5017 εἷπον
1305 4964 1468 5031 ὑμῖν,
1498 4962 1586 5016 ὅτι
1613 4962 1741 5031 μεθ’
1782 4963 1951 5032 ὑμῶν

363 5042 545 5111 ἤμην.
581 5042 714 5096 Νῦν
739 5042 807 5094 δὲ
838 5041 1045 5110 ὑπάτω
1072 5042 1219 5110 πρὸς
1239 5043 1345 5096 τὸν
1378 5041 1697 5113 πέμψαντά
1721 5060 1818 5112 με,
1849 5040 1950 5094 καί

363 5123 560 5189 οὐδεὶς
585 5123 654 5186 ἐξ
682 5121 848 5190 ὑμῶν
875 5120 1060 5188 ἐρωτᾷ
1091 5139 1189 5190 με,
1218 5123 1343 5176 Ποῦ
1361 5125 1612 5193 ὑπάγεις
1636 5142 1651 5191 ;
1676 5124 1829 5178 Ἀλλ’
1864 5124 1952 5176 ὅτι

363 5201 548 5255 ταῦτα
566 5202 874 5269 λελάληκα
901 5201 1064 5271 ὑμῖν,
1089 5203 1128 5270 ἠ
1163 5203 1328 5271 λύπη
1368 5203 1759 5272 πεπλήρωκεν
1786 5203 1954 5274 ὑμῶν

362 5280 478 5349 τὴν
506 5281 774 5350 καρδίαν.

364 5420 432 5474 αι.
466 5421 690 5492 Μεγάλη
717 5422 816 5491 τῆς
845 5420 1079 5490 ἀθυμίας
1104 5423 1137 5490 ἡ
1161 5423 1444 5492 τυραννὶς,
1476 5423 1569 5476 καὶ
1601 5424 1801 5494 πολλῆς
1824 5429 1957 5496 ἡμῖν

294 5509 395 5578 τῆς
425 5509 675 5580 ἀνδρείας
698 5509 797 5570 δεῖ,
822 5507 960 5561 ὥστε
987 5509 1176 5578 στῆναι
1211 5510 1346 5580 πρὸς
1373 5512 1524 5563 τουτὶ
1552 5511 1614 5564 τὸ
1645 5512 1814 5575 πάθος
1836 5533 1958 5582 γεν-

293 5596 478 5661 ναίως,
507 5596 599 5650 καὶ
621 5596 683 5648 τὸ
715 5597 983 5666 χρήσιμον
1004 5597 1098 5649 ἀπ’
1122 5596 1288 5649 αὐτοῦ
1315 5599 1746 5668 καρπουμένους,
1772 5603 1832 5654 τὸ
1863 5620 1956 5656 πε-

296 5684 482 5754 ρισσὸν
511 5685 606 5753 ἐᾷν
626 5698 639 5712 ⁸
678 5683 790 5753 ἔχει
822 5682 930 5752 γάρ
962 5699 1015 5735 τι
1059 5683 1155 5736 καὶ
1185 5685 1470 5754 χρήσιμον.
1504 5687 1672 5739 Ὅταν
1720 5688 1818 5756 μὲν
1845 5689 1953 5763 γάρ

293 5771 696 5843 ἀμαρτάνωμεν
713 5771 872 5841 ἡμεῖς
898 5769 931 5841 ἢ
957 5769 1154 5841 ἕτεροι,
1188 5771 1307 5824 τότε
1342 5773 1502 5842 μόνον
1537 5773 1824 5830 λυπεῖσθαι
1855 5795 1953 5832 κα-

292 5857 423 5910 λόνο
471 5857 598 5910 ὅταν
644 5856 701 5910 δέ
751 5855 1118 5928 ἀνθρωπίναις
1171 5859 1552 5928 περιστάσεσιν
1602 5863 1950 5935 ἐμπέσωμεν,

295 5947 568 6017 ἄχρηστος
585 5943 768 5997 λοιπὸν
793 5943 891 6014 τῆς
915 5944 1150 6014 ἀθυμίας
1196 5947 1227 6015 ἡ
1268 5949 1478 6018 χρῆσις.
1529 5949 1681 6005 Ἐπεὶ
1727 5948 1818 6006 οὖν
1861 5957 1951 6008 καὶ

2054 4961 2180 5024 τοὺς
2205 4961 2451 5030 μαθητὰς
2474 4960 2682 5013 οὐδέπω
2697 4960 2932 5022 τελείους
2955 4959 3115 5024 ὄντας
3138 4959 3276 5030 αὕτη
3295 4965 3713 5034 κατεπάλαισεν,

2055 5048 2156 5116 ὅρα
2185 5046 2301 5110 πῶς
2321 5049 2517 5110 αὐτοὺς
2549 5047 2854 5116 διορθοῦται
2879 5048 2965 5101 διὰ
2995 5049 3095 5118 τῆς
3126 5050 3487 5120 ἐπιπλήξεως.
3519 5056 3580 5106 Oi
3608 5059 3716 5128 γὰρ

2062 5134 2231 5204 μυρία
2255 5135 2361 5204 πρὸ
2382 5135 2567 5186 τούτου
2590 5135 2749 5188 αὑτὸν
2779 5147 2803 5175 8
2830 5135 3137 5214 ἐρωτῶντες
3165 5138 3295 5206 (καὶ
3329 5139 3434 5211 γὰρ
3463 5143 3492 5193 6
3514 5145 3716 5215 Πέτρος

2058 5221 2234 5289 ἔλεγε,
2271 5221 2396 5274 Ποῦ
2436 5222 2722 5290 ﬁmi-rete;
2749 5223 2844 5275 καὶ
2886 5224 2914 5275 6
2940 5224 3138 5292 Θωμᾶς
3187 5225 3264 5286 δὲ,
3302 5230 3422 5280 Οὐκ
3472 5231 3718 5299 οἴδαμεν

2054 5308 2173 5362 ποῦ
2200 5307 2470 5377 ὑπάγεις,
2503 5307 2601 5362 καί
2630 5309 2756 5376 πῶς
2777 5309 3078 5380 δυνάμεθα
3108 5311 3222 5378 τὴν
3261 5312 3406 5365 ὁδὸν
3448 5315 3668 5370 ειδέναι
3695 5335 3714 5380 ;

2055 5397 2149 5448 καὶ
2181 5397 2209 5449 6
2234 5396 2516 5459 Φίλιππος,
2543 5395 2751 5461 Δεῖξον
2781 5397 2926 5465 ἡμῖν
2949 5397 3056 5452 τὸν
3082 5398 3315 5466 Πατέρα
3347 5413 3463 5454 σου
3481 5420 3498 5470 )
3521 5443 3537 5467 ,
3568 5397 3712 5458 οὗτοι

2054 5483 2148 5535 νῦν
2199 5483 2530 5547 ἀκούσαντες
2565 5485 2648 5538 ὃτι
2684 5485 3207 5555 Ἀποσυναπτῦγους
3244 5486 3589 5556 ποιήσουσι,
3622 5496 3714 5547 καὶ

2053 5570 2135 5622 ὅτι
2179 5570 2517 5641 Μισήσουσιν
2545 5571 2708 5641 ὑμᾶς,
2756 5572 2873 5636 καὶ,
2921 5572 3003 5625 ὅτι
3061 5572 3113 5624 '0
3142 5572 3500 5642 ἀποκτείνας
3537 5579 3709 5647 ὑμᾶς,

2056 5656 2221 5719 δόξει
2254 5659 2539 5726 ,λατρείαν
2559 5660 2920 5729 προσφέρειν
2944 5659 3022 5725 τῷ
3043 5659 3186 5727 Θεῷ,
3223 5661 3366 5714 οὕτω
3392 5664 3712 5732 κατέπεσον,

2055 5743 2130 5806 ώς
2161 5745 2368 5816 ἀφασία
2404 5747 2806 5817 κατασχεθῆναι
2839 5749 3046 5816 λοιπὸν,
3087 5749 3181 5802 καὶ
3227 5751 3393 5820 μηδὲν
3422 5753 3569 5824 αὐτῷ
3601 5755 3714 5809 δια-

2056 5829 2327 5898 λέγεσθαι.
2362 5833 2537 5905 Ὅπερ
2567 5829 2660 5887 οὖν
2693 5835 2876 5900 αὐτοῖς
2895 5835 3165 5901 ὀνειδίζων
3203 5837 3356 5908 ἔλεγε
3378 5855 3390 5868 ’
3435 5839 3619 5896 Ταῦτα
3643 5842 3716 5910 ἐξ

2119 5971 2143 5999 ⁸
2171 5972 2368 6030 Quidam
2391 5975 2623 6024 omittunt
2641 5975 2799 6026 αὐτόν.
