4126 6366
437 307 542 368 491

424 426 619 495 ἀρχῆς
647 426 756 478 οὐκ
780 419 953 478 εἶπον
971 420 1134 492 ὑμῖν,
1175 421 1264 476 ὅτι
1291 422 1421 493 μεθ’
1442 420 1609 492 ὑμῶν
1647 421 1830 491 ήμην,
1872 419 2001 474 Νῦν
2023 416 2093 469 δὲ

424 513 635 584 ὑπάγω
660 512 809 580 πρὸς
842 511 948 565 τὸν
992 509 1311 578 πέμψαντά
1333 528 1430 580 με,
1478 509 1575 563 καὶ
1605 509 1801 577 οὐδεὶς
1828 507 1896 571 ἐξ
1925 503 2093 576 ὑμῶν

425 600 611 668 ἐρωτᾷ
654 617 749 669 με,
795 599 916 654 Ποῦ
952 599 1238 667 ὐπάγεις;
1277 598 1429 652 Ἀλλ’
1450 598 1539 651 ὅτι
1574 598 1760 652 ταῦτα
1780 595 2091 660 λελάληκα

424 688 588 756 ὑμῖν,
621 688 658 754 η
682 689 846 755 λύπη
875 685 1266 755 πεπλήρωκεν
1290 686 1449 755 ὑμῶν
1477 684 1591 753 τὴν
1612 684 1881 753 καρδίαν.
1912 680 2093 735 Δεινὸν

423 783 534 845 γάρ
552 778 585 846 η
609 775 809 845 ταύτης
847 775 1082 845 ἀμετρία
1105 815 1120 839 ,
1152 774 1341 837 δεινὸν,
1366 774 1458 827 καὶ
1488 774 1718 827 θανάτου
1751 785 2095 825 κατασκευαο

428 865 629 919 στικόν.
650 864 747 918 Διά
770 862 926 917 τοῦτο
944 866 971 917 6
993 862 1201 926 Παῦλος
1224 862 1376 930 ἐλεγε
1397 877 1411 893 ·
1444 861 1543 930 Μή
1569 878 1692 927 πως
1709 859 1784 929 τῇ
1804 873 2091 928 περισσο-

424 954 565 1020 τέρᾳ.
591 953 755 1019 λύπῃ
783 949 1087 1020 καταποθῇ
1109 953 1141 1005 ό
1169 950 1455 1016 τοιοῦτος.
1493 949 1682 1003 Ταῦτα
1710 948 1777 1001 δὲ
1798 947 1866 1011 ἐξ
1899 943 2091 1014 ἀρχῆς

426 1042 537 1093 οὐκ
566 1036 738 1093 εἷπον
778 1038 943 1108 ύμῖν,
990 1038 1143 1109 φησί.
1181 1039 1335 1101 Τίνος
1386 1038 1443 1091 δέ
1471 1038 1657 1090 ἐνεκεν
1693 1036 1751 1100 ἐξ
1785 1034 1959 1108 ἀρχῆς
1992 1034 2093 1085 οὐκ
2126 1030 2167 1055 “

426 1125 612 1194 εἷπεν;
650 1129 767 1181 Ἵνα
807 1130 879 1199 μή
902 1145 985 1190 τις
1016 1128 1168 1200 λέγῃ,
1201 1128 1280 1179 ὅτι
1302 1126 1408 1179 ἀπὸ
1432 1124 1540 1177 τῶν
1566 1124 1823 1185 πολλάκις
1850 1120 2092 1191 συμϐάν-

425 1234 534 1270 των
567 1217 959 1287 στοχαζόμενος
990 1215 1161 1284 ἔλεγε.
1196 1215 1305 1269 Καὶ
1342 1214 1393 1266 τί
1422 1214 1617 1285 δήποτε
1654 1211 1940 1282 πράγματι
1974 1211 2092 1261 ἐπι⁶

427 1308 601 1377 χειρεῖ
620 1304 884 1376 τοσαύτην
922 1304 1098 1376 ἐχοντι
1147 1302 1466 1367 δυσκολίαν;
1531 1301 1714 1372 ᾜδειν
1751 1300 1868 1369 μὲν,
1902 1298 2088 1367 φησὶν,

424 1395 565 1447 αὑτά
595 1395 688 1447 καὶ
710 1393 767 1459 ἐξ
796 1392 995 1464 ἀρχῆς,
1022 1393 1116 1445 καὶ
1143 1392 1213 1444 οὐ
1235 1391 1321 1443 διὰ
1348 1391 1407 1444 16
1431 1391 1505 1460 μὴ
1529 1389 1726 1441 εἰδέναι
1756 1388 1856 1439 οὐκ
1882 1385 2088 1453 ἔλεγον·

429 1482 543 1535 ἀλλ’
574 1482 701 1535 ’Ότι
716 1482 844 1551 μεθ’
867 1479 1034 1550 ὑμῶν
1071 1479 1254 1549 ἤμην.
1285 1479 1393 1533 Καὶ
1430 1479 1588 1531 τοῦτο
1614 1476 1967 1547 ἀνθρωπίνως
1990 1473 2092 1527 πά·

427 1568 542 1622 λιν*
574 1569 774 1621 ὡσανεὶ
816 1567 1019 1636 ἔλεγεν,
1058 1569 1179 1620 ’Ότι
1210 1568 1267 1619 ἐν
1293 1564 1561 1635 ἀσφαλείᾳ
1583 1559 1702 1634 ἦτε,
1756 1563 1852 1615 καὶ¹
1881 1560 2000 1628 ἐξὸν
2024 1555 2092 1631 ἧν

428 1657 637 1728 ἐρωτᾷν
688 1656 776 1709 ὅτε
811 1667 837 1696 ι
866 1654 1173 1717 ἐϐούλεσθε,
1214 1653 1311 1706 καὶ
1343 1652 1430 1704 ἐπ’
1461 1652 1561 1722 ἐμὲ
1608 1652 1637 1702 6
1670 1650 1907 1719 πόλεμος
1948 1650 2092 1711 ἆπας

427 1742 822 1816 ἀνερριπίζετο,
871 1744 969 1797 καὶ
1007 1741 1257 1814 περιττὸν
1297 1735 1365 1811 ἦν
1397 1742 1570 1793 εἰπεῖν
1596 1738 1767 1792 ταῦτα
1796 1737 1855 1801 ἐξ
1892 1737 2087 1807 ἀρχῆς.

427 1825 553 1901 Ἆρ’
580 1826 672 1884 οὖν
697 1829 854 1884 τοῦτο
901 1830 1001 1883 οὐκ
1026 1825 1207 1893 εἷπεν;
1261 1828 1381 1898 οὐχὶ
1432 1828 1556 1888 τοὺς
1593 1824 1803 1879 δώδεκα
1858 1824 2092 1886 καλέσας

427 1915 614 1986 ἔλεγεν
635 1936 649 1951 ’
692 1918 821 1972 Ἐπὶ
848 1917 1146 1986 ἡγεμόνας
1169 1916 1265 1968 καὶ
1280 1913 1563 1979 βασιλεῖς
1594 1910 1960 1981 ἀχθήσεσθε,
1992 1908 2091 1962 καὶ

422 2003 918 2075 μαστιγώσουσιν
940 2001 1096 2072 ὑμᾶς
1139 2003 1208 2056 ἐν
1237 2002 1366 2068 ταῖς
1395 1997 1809 2068 συναγωγαῖς
1851 1998 1968 2059 πῶς
1996 1991 2089 2049 οὖν

429 2109 615 2163 φησιν,
649 2093 732 2146 ὅτι
771 2091 885 2146 Ἀπ’
919 2090 1111 2159 ἀρχῆς
1140 2091 1251 2143 οὐκ
1288 2085 1499 2151 dator;
1539 2089 1659 2140 Ὅτι
1696 2085 1965 2156 μάστιγας
1998 2085 2091 2136 καὶ

429 2184 733 2254 ἀπαγωγάς
760 2181 1231 2255 προανεφώνησεν,
1264 2179 1324 2233 οὐ
1358 2180 1465 2250 μὴν
1491 2179 1574 2231 ὅτι
1597 2176 1737 2231 οὕτω
1757 2174 1898 2239 δόξει
1929 2177 1957 2229 6
1991 2174 2088 2228 θά-

427 2289 589 2329 νατος
612 2272 790 2326 αὐτῶν
824 2266 961 2323 εἶναι
1004 2268 1485 2340 περισπούδαστος,
1513 2265 1589 2329 ὡς
1629 2266 1720 2318 καὶ
1746 2263 1999 2335 λατρείαν
2026 2262 2088 2314 16

429 2362 660 2431 πρᾶγμα
684 2356 1017 2428 νομίζεσθαι.
1071 2355 1243 2408 Τοῦτο
1286 2355 1393 2424 γάρ
1428 2354 1642 2407 πάντων
1674 2352 1873 2423 μᾶλλον
1905 2349 2089 2404 ἱκανὸν

427 2442 495 2517 ἦν
516 2445 713 2509 αὐτοὺς
736 2441 1102 2514 καταπλῆξαι.
1137 2444 1190 2495 εῖ
1208 2459 1271 2511 γε
1295 2440 1520 2512 ἔμελλον
1552 2441 1627 2503 ὡς
1654 2441 1867 2501 ἀσεϐεῖς
1892 2439 1985 2490 καὶ
2007 2437 2091 2489 λυ-

432 2534 638 2607 μεῶνες
670 2531 1047 2604 κριθήσεσθαι.
1075 2529 1218 2601 Πρὸς
1244 2537 1454 2593 τούτοις
1491 2529 1548 2582 δὲ
1577 2529 1797 2582 κάκεῖνο
1837 2527 1981 2578 ἔστιν
2012 2527 2091 2579 εί-

429 2625 573 2681 πείν,
614 2623 696 2675 61:
748 2621 864 2673 ἐκεῖ
909 2618 1006 2686 μὲν
1035 2617 1071 2673 ἃ
1100 2620 1249 2689 παρὰ
1281 2619 1389 2670 τῶν
1421 2618 1587 2670 ἐθνῶν
1614 2616 1835 2687 ἐμελλον
1862 2615 2090 2685 πάσχειν

429 2705 582 2763 εἶπεν
609 2748 623 2770 ,
676 2708 912 2762 ἐνταῦθα
940 2707 997 2759 δὲ
1044 2706 1195 2778 [459]
1244 2707 1339 2758 καὶ
1372 2705 1438 2758 τὰ
1484 2704 1747 2758 Ἰουδαϊκὰ
1781 2704 2088 2775 προσέθηκε

433 2800 571 2869 μετὰ
594 2798 837 2862 πλείονος
868 2798 967 2867 τῆς
997 2795 1324 2868 ὑπερϐολῆς,
1354 2795 1449 2847 καὶ
1490 2795 1569 2848 61:
1600 2794 1692 2847 ἐπί
1718 2793 1908 2862 θύραις
1943 2793 2090 2845 ἐστὶν

428 2885 651 2951 ἐδίδαξε.
680 2885 808 2939 Νῦν
850 2883 917 2937 δὲ
946 2882 1154 2953 ὑπάγω
1192 2882 1343 2950 πρὸς
1376 2880 1483 2934 τὸν
1505 2880 1828 2950 πέμψαντά
1853 2898 1951 2948 με,
1993 2880 2089 2932 καὶ

428 2974 625 3039 οὐδεὶς
646 2972 717 3037 ἐξ
754 2969 918 3041 ὑμῶν
937 2970 1099 3040 λέγει
1116 2985 1128 2998 ’
1158 2969 1283 3023 Ποῦ
1304 2966 1585 3037 ὑπάγεις;
1615 2969 1775 3021 Ἀλλ’
1798 2966 1886 3020 ὅτι
1905 2967 2093 3020 ταῦτα

428 3061 738 3126 λελάληκα
760 3058 923 3127 ὑμῖν,
949 3058 988 3127 ή
1008 3058 1174 3125 λύπη
1203 3054 1596 3123 πεπλήρωκεν
1623 3053 1790 3123 ὑμῶν
1816 3053 1930 3121 τὴν
1951 3070 2091 3120 καρ-

429 3150 586 3203 διάν.
617 3149 691 3202 Οὐ
718 3146 890 3219 μικρά
920 3148 1016 3200 καὶ
1041 3144 1176 3215 αὕτη
1209 3142 1525 3216 παραμυθία
1549 3142 1607 3194 τὸ
1636 3144 1825 3212 μαθεῖν
1872 3142 2090 3204 αὐτοὺς,

429 3241 511 3292 ὅτι
538 3238 654 3310 ᾔδει
671 3238 769 3307 τῆς
790 3236 1027 3307 ἀθυμίας
1053 3237 1149 3306 τὴν
1171 3235 1494 3306 ὑπερϐολήν.
1523 3232 1661 3285 Ὑπὸ
1692 3230 1800 3302 γὰρ
1825 3232 1925 3302 τῆς
1949 3233 2094 3298 ἀγω-

431 3328 549 3388 νίας
565 3326 661 3395 τῆς
682 3325 769 3379 διά
792 3325 891 3395 τὴν
913 3323 1146 3395 ἐρημίαν
1174 3323 1272 3391 τὴν
1294 3321 1481 3382 αὐτοῦ,
1509 3320 1604 3374 καὶ
1626 3319 1721 3372 τοῦ
1744 3319 1813 3371 τὰ
1832 3318 2092 3388 μέλλοντα

431 3412 745 3482 ἐκδέχεσθαι
770 3412 967 3473 αὐτοὺς
995 3409 1141 3463 δεινὰ
1166 3409 1318 3479 (οὐδὲ
1348 3408 1454 3477 γάρ
1475 3407 1669 3479 ᾔδεσαν
1704 3408 1751 3458 εί
1774 3406 2094 3474 δυνήσονται

432 3499 693 3571 ἀνδρείως
723 3498 996 3567 ἐνεγκεῖν)
1018 3497 1333 3565 ἐξέστησαν.
1355 3495 1508 3558 Τίνος
1533 3490 1625 3547 οὖν
1657 3493 1844 3546 ἕνεκεν
1866 3494 1927 3545 οὐ
1959 3491 2094 3562 μετά

431 3588 604 3643 ταῦτα
632 3583 782 3639 εἶπεν
807 3587 1008 3648 αὐτοῖς,
1036 3586 1124 3639 ὅτε
1150 3584 1242 3637 τοῦ
1271 3583 1586 3654 Πνεύμάτος
1634 3579 2050 3653 κατηξιώθησαν
2076 3596 2090 3645 ;

433 3677 551 3728 Ἵνα
578 3676 774 3745 μάθῃς,
806 3675 889 3727 ὅτι
920 3673 1120 3744 σφόδρα
1141 3667 1281 3744 ἦσαν
1319 3672 1581 3743 ἐνάρετοι.
1616 3672 1679 3723 Et
1725 3670 1834 3741 γάρ
1872 3668 2095 3739 μηδέπω

430 3762 747 3831 Πνεύματος
799 3759 1224 3826 καταξιωθέντες
1276 3760 1375 3812 οὐκ
1413 3759 1790 3830 ἀπεπήδησαν,
1847 3759 1914 3827 τῇ
1949 3755 2094 3829 λύπῃ

434 3846 895 3917 καταχωσθέντες,
928 3846 1179 3917 ἐννόησον
1202 3846 1342 3909 τίνες
1371 3845 1592 3916 ἔμελλον
1625 3844 1844 3897 ἔσεσθαι
1871 3844 1971 3911 τῆς
1997 3842 2095 3913 χά-

436 3952 580 4007 ριτος
622 3934 1042 3997 ἀπολαύσαντες.
1070 3934 1133 3986 Εί
1165 3932 1271 4004 γάρ
1311 3933 1434 3985 τότε
1471 3932 1805 3995 ἀκούσαντες
1833 3932 2091 4001 ἡνεγκαν,

431 4023 510 4093 τῷ
535 4022 806 4093 Πνεύματι
830 4021 896 4075 ἂν
926 4020 987 4073 16
1014 4022 1121 4075 πᾶν
1155 4019 1521 4090 ἐλογισάμεθα
1540 4035 1552 4047 ·
1584 4019 1677 4073 νῦν
1707 4019 1764 4072 66
1801 4018 2094 4089 ὁλόκληρος

432 4111 528 4179 τῆς
555 4109 790 4169 διανοίας
810 4106 988 4161 αὐτῶν
1010 4109 1155 4160 ἐστιν
1183 4108 1210 4159 6
1230 4106 1459 4177 καρπὸς,
1492 4106 1586 4158 καὶ
1612 4105 1789 4174 σαφὴς
1807 4104 1900 4156 τοῦ
1928 4104 2093 4157 πόθου

433 4196 526 4247 τοῦ
549 4213 615 4248 πε
624 4196 678 4267 pl
696 4197 787 4248 τὸν
806 4194 1038 4266 Χριστὸν
1071 4193 1364 4258 ἀπόδειξις,
1391 4196 1604 4263 γυμνὴν
1636 4192 1715 4244 ἐτι
1740 4192 1836 4261 τὴν
1857 4190 2095 4244 διάνοιαν

435 4282 829 4351 βασανίζοντος.
867 4280 1017 4335 Ἀλλ’
1034 4280 1148 4349 ἐγὼ
1163 4281 1275 4347 τὴν
1292 4279 1578 4345 ἀλήθειαν
1601 4278 1742 4346 ὑμῖν
1759 4277 1933 4345 λέγω.
1955 4276 2096 4347 Ὅρα

436 4372 551 4434 πῶς
585 4369 986 4441 παραμυθεῖται
1011 4369 1206 4430 αὐτοὺς
1232 4368 1409 4424 πάλιν.
1442 4367 1517 4420 Οὐ
1540 4366 1649 4437 γάρ
1676 4365 1744 4419 τά
1774 4363 1912 4435 πρὸς
1936 4364 2095 4435 χάριν

426 4452 598 4527 λέγω,
628 4458 985 4529 φησὶν,ἀλλά,
1018 4458 1121 4511 κᾶν
1156 4459 1413 4529 μυριάκις
1437 4455 1702 4527 λυπῆσθε,
1734 4455 1796 4508 τὸ
1819 4455 2096 4527 συμφέρον

434 4548 665 4600 ἀκοῦσαι
688 4547 784 4599 δεῖ.
818 4547 975 4617 Ὑμῖν
1001 4547 1099 4616 μὲν
1118 4546 1228 4615 γάρ
1256 4544 1397 4598 κατά
1415 4543 1640 4613 γνώμην
1661 4544 1807 4597 ἐστὶν
1832 4544 1933 4614 ἐμὲ
1963 4561 2098 4615 παρ-

430 4637 602 4688 εῖναι·
636 4634 696 4686 16
728 4633 787 4686 δὲ
814 4633 1088 4703 συμφέρον
1114 4633 1319 4702 ἕτερον.
1339 4630 1651 4702 Κηδομένου
1684 4631 1742 4684 δέ
1770 4632 1906 4695 ἐστι,
1938 4631 1999 4684 16
2023 4630 2098 4701 μὴ

422 4722 530 4774 ἐπὶ
553 4723 663 4784 τοῖς
711 4720 1049 4792 συμφέρουσι
1074 4718 1185 4772 τῶν
1210 4719 1500 4791 γνωρίμων
1530 4718 1804 4787 φείδεσθαι
1834 4720 1925 4772 καὶ
1952 4719 2097 4772 άπά-

435 4826 552 4879 γειν
572 4808 666 4862 τοῦ
689 4808 1089 4871 λυσιτελοῦντος
1109 4805 1326 4869 αὐτούς.
1372 4806 1513 4860 Ἐὰν
1531 4806 1640 4877 γάρ
1668 4805 1782 4875 ἐγὼ
1799 4805 1884 4875 μὴ
1911 4806 2095 4860 ἀπέλ-

436 4903 534 4951 θω.
583 4896 765 4963 φησὶν,
801 4898 833 4948 ό
879 4896 1269 4963 Παράκλητος
1301 4894 1372 4947 ού
1396 4893 1483 4962 μὴ
1535 4895 1703 4960 ἔλθῃ.
1735 4892 1799 4946 Τί
1848 4891 2098 4960 λέγουσιν

436 4982 669 5035 ἐνταῦθα
700 4984 747 5035 οί
788 4983 886 5053 τὴν
915 4983 1297 5054 προσήκουσαν
1333 4982 1462 5050 περὶ
1512 4980 1608 5034 τοῦ
1657 4982 1970 5053 Πνεύματος
1998 4981 2099 5033 οὐκ

436 5072 648 5141 ἔχοντες
667 5072 855 5137 δόξαν;
889 5071 1157 5143 συμφέρει
1183 5072 1461 5141 Δεσπότην
1484 5070 1759 5132 ἀπελθεῖν,
1791 5071 1885 5123 καὶ
1913 5068 2099 5123 δοῦλον

436 5160 876 5231 παραγενέσθαι;
903 5159 1067 5231 Ὁρᾷς
1084 5159 1201 5221 πῶς
1218 5160 1384 5232 πολλὴ
1413 5158 1507 5213 τοῦ
1538 5159 1855 5229 Πνεύματος
1881 5161 1913 5230 ἡ
1937 5158 2095 5223 άξία;

449 5249 585 5301 Ἐάν
620 5246 688 5300 δὲ
712 5247 970 5310 ἀπέλθω,
999 5246 1212 5316 πέμψω
1233 5248 1417 5301 αὑτὸν
1450 5247 1599 5315 πρὸς
1618 5246 1795 5316 ὑμᾶς.
1821 5248 1929 5299 Καὶ
1956 5246 2007 5298 τί
2037 5246 2098 5299 16

437 5335 658 5407 κέρδος;
702 5336 938 5396 Ἐκεῖνος
963 5334 1153 5399 ἐλθὼν,
1182 5334 1388 5403 ἐλέγξει
1410 5334 1499 5386 τὸν
1523 5335 1726 5403 κόσμον
1744 5349 1758 5362 '
1795 5335 2095 5397 τουτέστιν,

437 5424 550 5476 Οὐκ
578 5423 882 5493 άτιμωρητὶ
902 5421 1075 5474 ταῦτα
1097 5422 1409 5491 πράξουσιν,
1441 5421 1506 5474 ἂν
1523 5422 1726 5483 ἐκεῖνος
1749 5420 1897 5492 ἔλθῃ.
1916 5419 2099 5474 Ἰκανά

440 5513 535 5578 μέν
562 5511 669 5580 γάρ
707 5510 800 5562 καὶ
839 5508 907 5561 τά
946 5509 1046 5579 ἤδη
1080 5509 1419 5579 γεγενημένα
1468 5508 1817 5578 ἐπιστομίσαι
1863 5508 2093 5571 αὐτούς’

432 5597 560 5650 ὅταν
588 5599 643 5649 δὲ
686 5600 777 5651 καὶ
803 5598 868 5650 δι’
902 5598 1111 5651 ἐκείνου
1140 5597 1313 5650 ταῦτα
1345 5598 1560 5667 γίνηται
1580 5636 1595 5661 ,
1646 5599 1738 5651 καὶ
1791 5598 2096 5668 διδάγματα
2174 5636 2184 5651 η

434 5682 736 5751 τελειότερα
759 5682 853 5735 καὶ
880 5686 1079 5752 σημεῖα
1115 5683 1353 5753 μείζονα,
1390 5682 1569 5751 πολλῷ
1601 5683 1798 5752 μᾶλλον
1832 5701 2095 5754 κατακρι-
2158 5694 2171 5753 ξ

436 5771 714 5837 θήσονται,
734 5769 967 5838 δρῶντες
995 5770 1227 5823 τοσαῦτα
1256 5772 1313 5823 ἐν
1337 5769 1413 5840 τῷ
1434 5770 1655 5841 ὀνόματί
1681 5788 1782 5842 μου
1812 5772 2091 5841 γινόμενα·

504 5938 530 5965 ³
555 5939 651 5987 Alii
675 5939 850 6002 ἐρωτᾷν
871 5940 959 5989 ὅτι.

1196 305 1258 363 8.
1295 304 1579 363 ,ιοΑΝΝιε
1622 301 2092 363 ΟΙΙΒΥΞΟΞΤΟΜ

2194 301 2482 359 ιιιοιιιευ.
2524 304 3067 365 CONSTANTINOP.

3752 314 3859 372 622

2195 417 2334 490 ὅπερ
2375 423 2713 494 σαφεστέραν
2746 427 2890 477 ποιεῖ
2919 427 3016 496 τῆς
3050 426 3399 489 ἀναστάσεως
3436 428 3535 500 τὴν
3558 432 3853 498 ἀπόδειξιν.

2196 502 2311 559 Νῦν
2340 508 2441 578 μὲν
2472 510 2578 584 γὰρ
2618 512 2867 565 δύνανται
2908 513 3104 581 λέγειν,
3133 516 3214 568 ὅτι
3249 518 3279 571 6
3317 516 3412 569 τοῦ
3445 518 3693 583 τέκτονος
3719 522 3855 583 υἱὸς,

2197 588 2258 647 οὗ
2284 594 2443 665 ⁴ἡμεῖς
2467 598 2687 667 οίδαμεν
2719 599 2809 652 16v
2846 601 3059 672 πατέρα
3096 604 3189 656 καὶ
3214 603 3311 674 τὴν
3358 607 3567 677 μητέρα
3589 625 3603 638 ·
3649 610 3776 661 ὅταν
3796 610 3855 663 δὲ

2198 678 2348 733 ῐδωσι
2378 680 2606 736 θάνατον
2636 684 2912 755 λυόμενον.
2944 688 3140 742 κακίαν
3173 690 3593 764 ἐκϐαλλομένην,
3626 696 3855 763 χωλείαν

2193 766 2407 836 φύσεως
2433 770 2841 843 διορθουμένην,
2877 775 3135 845 δαίμονας
3162 776 3572 849 ἐλαυνομένους,
3604 781 3857 852 Πνεύμα-

2191 871 2283 918 τος
2312 858 2573 927 χορηγίαν
2597 859 2820 927 ἄφατον,
2845 864 2938 915 καὶ
2966 864 3138 918 ταῦτα
3163 866 3342 919 πάντα
3365 867 3498 936 ἐμοῦ
3523 869 3855 938 καλουμένου

2194 944 2470 1013 γινόμενα,
2495 946 2547 998 τί
2571 948 2813 1018 ἐροῦσιν;
2845 951 3223 1023 Ἐμαρτύρησε
3257 954 3367 1023 γάρ
3387 956 3514 1025 περὶ
3542 956 3675 1025 ἐμοῦ
3710 960 3801 1010 καὶ
3825 959 3857 1009 ὁ

2196 1030 2410 1100 Πατήρο
2442 1037 2853 1104 μαρτυρήσειδέ
2883 1039 2974 1090 καὶ
3007 1039 3066 1091 16
3096 1040 3337 1110 Πνεῦμα.
3364 1043 3552 1095 Καίτοι
3587 1044 3678 1095 καὶ
3704 1049 3855 1113 παρὰ

2190 1117 2290 1189 τὴν
2322 1120 2496 1191 ἀρχὴν
2527 1122 2554 1161 b
2590 1124 2969 1196 ἐμαρτύρησεν
2989 1142 3002 1154 ·
3035 1128 3171 1181 ἀλλά
3192 1131 3285 1182 καὶ
3308 1130 3401 1184 νῦν
3429 1131 3587 1183 τοῦτο
3614 1135 3852 1202 ποιήσει.

2265 1204 2329 1275 β’.
2357 1206 2429 1259 T6
2450 1208 2530 1266 66.
2562 1209 2825 1280 Ἐλέγξει
2844 1214 2976 1281 περὶ
3003 1216 3309 1284 ἁμαρτίας,
3333 1218 3473 1271 τοῦτ’
3498 1220 3632 1284 ἐστι,
3665 1222 3853 1276 Πᾶσαν

2191 1292 2486 1360 ἀπολογίαν
2522 1296 2700 1348 αὐτῶν
2723 1298 2966 1367 ἐκκόψει,
2997 1303 3089 1353 καὶ
3128 1302 3288 1367 δείξει
3318 1305 3853 1377 πεπλημμεληκότας

2191 1380 2568 1448 ἀσύγγνωστα.
2594 1385 2704 1438 Καὶ
2727 1387 2857 1454 περὶ
2882 1388 3289 1458 δικαιοσύνης,
3314 1391 3402 1445 ὅτι
3433 1394 3547 1463 ἐγὼ
3574 1397 3722 1463 πρὸς
3746 1398 3855 1450 τὸν

2191 1467 2422 1536 Πατέρα
2451 1474 2789 1542 πορεύομαι,
2810 1477 2903 1529 καὶ
2927 1477 3126 1531 οὐκέτι
3154 1481 3418 1548 θεωρεῖτέ
3428 1500 3503 1551 με
3520 1499 3534 1511 ⁸
3555 1486 3849 1553 τουτέστιν,

2195 1556 2314 1609 Ὀτι
2340 1557 2578 1629 ἄληπτον
2610 1571 2631 1599 ο
2667 1564 3021 1635 παρεσχόμην
3045 1565 3177 1635 βίον.
3210 1568 3318 1620 Καὶ
3351 1570 3507 1622 τοῦτο
3535 1575 3851 1641 τεκμήριον,

2190 1643 2250 1696 τὸ
2282 1645 2418 1713 πρὸς
2440 1646 2532 1699 τὸν
2562 1648 2781 1720 Πατέρα
2811 1651 3154 1721 πορεύεσθαι.
3206 1655 3417 1726 Ἐπειδὴ
3454 1657 3559 1727 γὰρ
3590 1660 3737 1728 αὐτῷ
3764 1662 3853 1715 ἀεὶ

2191 1731 2349 1786 τοῦτο
2400 1736 2703 1802 ἐνεκάλουν,
2755 1740 2836 1791 ὃτι
2882 1740 2982 1793 οὐκ
3014 1740 3159 1795 ἐστιν
3192 1744 3257 1796 ἐκ
3295 1742 3386 1796 τοῦ
3416 1745 3572 1809 Θεοῦ,
3620 1749 3711 1799 καὶ
3761 1749 3853 1802 διὰ

2192 1821 2348 1874 τοῦτο
2380 1824 2698 1894 ἁμαρτωλὸν
2734 1828 2895 1880 αὐτὸν
2924 1828 3108 1895 ἔλεγον
3160 1832 3251 1883 καί
3286 1833 3617 1903 παράνομον,
3663 1837 3848 1905 φησὶν,

2190 1909 2273 1962 61:
2298 1910 2391 1963 καὶ
2419 1912 2621 1983 ταύτην
2653 1917 2933 1985 ἀναιρήσει
2962 1916 3058 1987 τὴν
3089 1919 3380 1987 πρόφασιν.
3414 1923 3473 1974 Εἰ
3512 1924 3619 1992 γάρ
3650 1924 3709 1975 τὺ
3760 1943 3850 1977 νο-

2193 1997 2443 2066 μίζεσθαι
2474 2001 2571 2070 ἐμὲ
2607 2003 2681 2074 μὴ
2712 1999 2848 2056 εἶναι
2880 2005 2943 2057 ἐκ
2978 2005 3068 2057 τοῦ
3119 2004 3268 2076 [460]
3298 2008 3451 2071 Θεοῦ,
3486 2009 3641 2061 τοῦτο
3670 2014 3849 2081 παρά-

2190 2100 2352 2153 νομον
2380 2085 2681 2140 δείκνυσιν·
2726 2090 2855 2143 ὅταν
2895 2091 3040 2163 δείξῃ
3084 2092 3144 2145 16
3183 2093 3405 2163 Πνεῦμα
3433 2099 3549 2148 ἐκεῖ
3586 2116 3648 2165 με
3683 2100 3847 2151 άπελ⁵

2191 2171 2371 2235 θόντα,
2397 2177 2489 2228 καὶ
2517 2176 2575 2230 οὐ
2612 2178 2746 2247 πρὸς
2789 2177 2970 2248 ὤραν,
3004 2179 3138 2233 άλλά
3175 2181 3406 2250 μένοντα
3447 2186 3562 2237 ἐκεῖ
3590 2185 3685 2254 (τὸ
3718 2189 3848 2258 γὰρ,

2193 2260 2316 2312 Οὐκ
2340 2262 2427 2314 ἔτι
2453 2263 2717 2330 θεωρεῖτέ
2749 2282 2846 2334 με,
2873 2265 3031 2319 τοῦτό
3058 2268 3173 2320 ἐστι
3201 2268 3484 2339 δηλοῦντος
3502 2277 3516 2333 )
3534 2288 3546 2302 ο
3581 2272 3634 2324 τί
3666 2274 3849 2340 ἐροῦσι

2191 2343 2376 2399 λοιπόν
2396 2362 2410 2410 ;
2433 2348 2573 2419 Ὅρα
2597 2349 2683 2404 διά
2707 2350 2800 2403 δύο
2827 2350 3031 2405 τούτων
3059 2354 3456 2427 ἀναιρουμένην
3485 2358 3580 2427 τὴν
3608 2362 3850 2429 πονηράν

2192 2432 2445 2521 ύποψίαν.
2481 2435 2617 2488 Οῦτε
2652 2437 2759 2508 γὰρ
2783 2438 2842 2490 16
2865 2442 3065 2509 σημεῖα
3095 2446 3265 2495 ποιεῖν
3287 2445 3612 2515 ἀμαρτωλοῦ
3638 2447 3719 2515 (ού
3743 2451 3849 2521 γάρ

2189 2519 2408 2607 δύναται
2445 2525 2766 2594 ἁμαρτωλὸς
2820 2531 3020 2598 σημεῖα
3067 2530 3284 2601 ποιεῖν),
3317 2531 3436 2584 οὔτε
3469 2533 3529 2585 16
3556 2536 3707 2606 παρὰ
3732 2519 3850 2607 Θεῷ

2191 2604 2329 2662 εἶναι
2367 2610 2657 2669 διαπαντὸς
2700 2614 3045 2684 άμαρτωλοῦ.
3094 2617 3255 2670 ’Ὥστε
3298 2620 3509 2673 οὐκέτι
3559 2604 3846 2677 δύνασθεέι

2190 2695 2389 2764 λέγειν,
2424 2699 2505 2751 ὃτι
2532 2694 2698 2762 Οὗτος
2722 2702 3041 2773 ἁμαρτωλός
3069 2704 3233 2770 ἐστιν,
3262 2707 3345 2760 ὅτι
3373 2709 3472 2761 οὐκ
3495 2709 3642 2764 ἐστιν
3664 2714 3726 2765 ὲκ
3753 2713 3847 2766 τοῦ

2190 2783 2344 2837 Θεοῦ.
2368 2786 2509 2853 Περὶ
2541 2786 2609 2839 δὲ
2640 2790 2912 2855 κρίσεως,
2945 2790 3034 2843 ὅτι
3058 2795 3090 2845 ό
3107 2792 3307 2861 ἅρχων
3328 2794 3434 2849 τοῦ
3453 2799 3688 2867 κόσμου
3712 2802 3847 2853 τού-

2190 2887 2296 2924 του
2319 2870 2596 2940 κέκριται.
2616 2875 2784 2928 Πάλιν
2810 2878 3041 2932 ἐνταῦθα
3063 2880 3152 2933 τὸν
3189 2884 3314 2953 περὶ
3336 2882 3679 2956 δικαιοσύνης
3717 2891 3848 2941 ἀνα-

2190 2959 2334 3012 κινεί
2360 2958 2534 3023 λόγον,
2580 2962 2661 3015 61:
2707 2965 3074 3019 κατεπάλαισε
3103 2967 3195 3020 τὸν
3223 2970 3509 3026 ἀντίδικον.
3548 2975 3660 3027 Οὐκ
3691 2975 3754 3027 ἂν
3791 2976 3849 3029 δέ

2192 3046 2513 3117 ἁμαρτωλὸς
2542 3046 2616 3100 ὢν
2644 3051 3038 3107 κατεπάλαισεν
3058 3070 3073 3084 ο
3106 3056 3241 3125 ὅπερ
3267 3058 3385 3109 ούδέ
3408 3058 3611 3123 δίκαιός
3648 3079 3728 3124 1:;
3757 3064 3849 3115 άν-

2193 3132 2426 3203 θρώπων
2444 3136 2667 3205 ποιῆσαι
2698 3138 2934 3208 ἴσχυσεν.
2957 3141 3075 3195 Ὀτι
3096 3142 3201 3215 γάρ
3224 3149 3614 3217 κατακέκριται
3638 3150 3703 3201 δι’
3728 3152 3844 3220 ἐμὲ,

2191 3221 2427 3275 εἴσονται
2462 3225 2509 3276 οί
2550 3227 2987 3293 καταπατοῦντες
3016 3231 3177 3284 αὑτὸν
3202 3230 3447 3305 ὕστερον,
3478 3235 3570 3288 καὶ
3601 3236 3698 3307 τὴν
3724 3240 3849 3291 άνά-

2193 3309 2381 3361 στασίν
2418 3327 2519 3378 μου
2570 3313 2756 3381 σαφῶς
2805 3315 3023 3379 είδότες,
3048 3319 3183 3389 ὅπερ
3229 3322 3644 3392 κατακρίνοντός
3677 3327 3844 3380 ἐστιν.

2192 3398 2267 3449 Οὐ
2291 3397 2398 3468 γάρ
2436 3398 2621 3468 ἴσχυσέ
2650 3418 2715 3470 με
2746 3407 3058 3475 κατασχεῖν.
3105 3406 3254 3459 Ἐπεὶ
3280 3403 3371 3461 οῦν
3399 3408 3600 3478 ἔλεγον,
3628 3413 3707 3465 ὅτι
3733 3416 3849 3466 δαι-

2196 3486 2379 3555 μόνιον
2406 3487 2531 3557 ἔχω,
2576 3490 2665 3541 καὶ¹
2692 3490 2772 3542 61:
2801 3491 2999 3556 πλάνος
3029 3493 3164 3563 εἰμὶ,
3198 3497 3291 3548 καὶ
3317 3496 3487 3565 ταῦτα
3515 3500 3652 3569 μετὰ
3680 3502 3850 3555 ταῦτα

2192 3572 2537 3642 δειχθήσεται
2563 3574 2706 3628 ἕωλα
2754 3576 2902 3631 ὅντα.
2947 3580 3020 3632 Οὐ
3059 3581 3168 3651 γάρ
3197 3582 3262 3635 ἂν
3307 3583 3466 3637 αὑτὸν
3513 3584 3674 3653 εἷλον,
3713 3589 3852 3657 εἴγε

2194 3662 2438 3733 ἁμαρτίᾳ
2461 3664 2757 3729 ὑπεύθυνος
2787 3668 2934 3738 ἤμην
2953 3686 2967 3698 ·
2997 3670 3114 3722 νυνὶ
3143 3670 3199 3722 66
3225 3673 3615 3745 κατακέκριται
3639 3679 3729 3729 καὶ
3758 3679 3850 3729 ἐκ·

2193 3748 2471 3820 ϐέϐληται.
2499 3754 2628 3806 Ἔτι
2658 3754 2854 3808 πολλὰ
2875 3754 2992 3823 ἕχω
3012 3757 3215 3827 λέγειν
3235 3760 3397 3826 ὑμῖν,
3420 3762 3556 3816 ἀλλ’
3574 3766 3646 3817 οὐ
3671 3764 3851 3819 δύνα-

2193 3841 2303 3891 σθε
2320 3838 2645 3902 βαστάζειν
2663 3841 2812 3908 ἄρτι.
2846 3843 3054 3897 Οὐκοῦν
3084 3846 3352 3915 συμφέρει
3380 3849 3481 3919 ἐμὲ
3500 3851 3771 3915 ἀπελθεῖν,
3801 3856 3854 3906 εί

2194 3941 2256 3992 γε
2270 3926 2388 3978 τότε
2410 3926 2627 3997 μέλλετε
2647 3928 2956 3997 βαστάζειν,
2982 3932 3109 3985 ὅταν
3134 3934 3375 3989 ἀπέλθω.
3398 3938 3506 3990 Καὶ⁹
3522 3936 3572 3989 τί
3590 3939 3814 4007 γέγονεν
3833 3957 3847 4004 ;

2193 4013 2394 4078 Μεῖζόν
2426 4031 2518 4067 σου
2539 4015 2599 4068 16
2625 4016 2850 4088 Πνεῦμά
2868 4020 3033 4087 ἐστιν,
3052 4022 3133 4074 ὅτι
3158 4024 3254 4076 νῦν
3277 4025 3375 4094 μὲν
3405 4027 3465 4079 οὐ
3489 4028 3848 4100 βαστάζομεν,

2194 4100 2370 4155 ἐκεῖνο
2383 4102 2437 4154 δέ
2454 4104 2598 4175 ἡμᾶς
2617 4104 2902 4174 βαστάζειν
2920 4111 3328 4180 παρασκευάσει
3344 4128 3358 4177 ;
3380 4114 3576 4182 μείζων
3592 4118 3624 4186 ἡ
3641 4119 3848 4171 ἐκείνου

2194 4189 2442 4260 ἐνέργεια
2459 4191 2552 4244 καὶ
2567 4191 2901 4264 τελειοτέρα;
2920 4195 2993 4247 Οὐ
3009 4195 3184 4249 τοῦτο·
3209 4198 3421 4270 καὶγὰρ
3444 4202 3647 4266 ἐκεῖνος
3660 4204 3728 4256 τά
3742 4208 3763 4257 ὲ
3773 4206 3849 4273 μά

2195 4276 2329 4348 ἐρεῖ.
2352 4279 2450 4331 Διά
2471 4280 2627 4333 τοῦτὸ
2644 4297 2796 4349 φησιο
2824 4281 3173 4352 Ἀφ’έαυτοῦ
3200 4286 3462 4354 λαλήσει
3486 4289 3684 4355 οὐδὲν,
3713 4294 3848 4347 ἀλλ’

2196 4363 2313 4419 ὅσα
2330 4366 2406 4421 ἂν
2423 4369 2678 4438 ἀκούσῃ,
2691 4371 2970 4439 λαλήσει,
2993 4373 3090 4427 καὶ
3111 4376 3183 4430 τὰ
3200 4376 3493 4447 ἐρχόμενα
3514 4380 3848 4450 ἀναγγελεῖ.

2149 4484 2156 4495 -
2197 4454 2455 4522 Ἐκεῖνος
2494 4457 2599 4525 ἐμὲ
2623 4458 2868 4524 δοξάσει
2888 4501 2901 4526 ,
2934 4463 3024 4515 ὅτι
3049 4464 3117 4517 ἐκ
3150 4464 3256 4519 τοῦ
3288 4466 3434 4533 ἐμοῦ
3462 4467 3721 4535 λήψεται
3750 4472 3849 4524 καί

2196 4541 2518 4611 ἀναγγελεῖ
2537 4545 2696 4614 ὑμῖν.
2727 4548 2929 4604 Πάντα
2951 4550 3067 4603 ὅσα
3086 4550 3209 4620 ἔχει
3229 4555 3262 4606 ό
3293 4553 3513 4622 Πατὴρ,
3531 4555 3644 4623 ἐμά
3662 4558 3848 4612 ἐστιν.

2210 4627 2427 4701 Ἐπειδὴ
2452 4632 2559 4703 γὰρ
2593 4628 2765 4699 εἶπεν,
2797 4636 2877 4689 ὃτι
2928 4638 3165 4702 Ἐκεῖνος
3191 4640 3334 4710 ὑμᾶς
3376 4640 3573 4706 διδάξει
3601 4644 3694 4696 καὶ
3725 4647 3854 4698 ἁνα-

2202 4725 2413 4794 μνήσει,
2437 4722 2530 4774 καὶ
2552 4723 2609 4773 ἐν
2629 4725 2747 4786 ταῖς
2771 4723 3011 4793 θλίψεσιν
3034 4726 3180 4796 ὑμᾶς
3204 4728 3680 4797 παραμυθήσεται,
3712 4732 3851 4799 ὅπερ

2197 4811 2358 4872 αὐτὸς
2385 4811 2484 4863 οὐκ
2513 4810 2735 4880 ἐποίησε
2761 4852 2776 4877 ,
2826 4812 2920 4865 καὶ
2969 4813 3049 4866 ὅτι
3089 4816 3382 4883 Συμφέρει
3416 4817 3519 4884 ἐμὲ
3544 4818 3852 4884 ἀπελθεῖν,

2199 4899 2447 4951 κάκεῖνον
2479 4896 2671 4960 ἐλθεῖν,
2723 4899 2834 4964 καὶ,
2864 4898 2979 4953 Νῦν
3022 4900 3122 4969 μέν
3163 4903 3223 4954 οὐ
3263 4902 3490 4955 δύνασθε
3544 4904 3852 4973 βαστάζειν,

2198 4988 2321 5041 τότε
2357 4986 2415 5041 δέ
2445 4987 2762 5058 δυνήσεσθε.
2812 4991 2904 5042 καὶ
2946 4991 3025 5042 ὅτι
3076 4989 3362 5061 Ὀδηγήσει
3406 4994 3484 5055 εἰς
3528 4996 3706 5047 πᾶσαν
3754 4997 3855 5066 τὴν

2198 5075 2485 5146 άλήθειαν’
2516 5075 2603 5128 ἵνα
2650 5076 2725 5147 μὴ
2760 5077 2928 5130 ταῦτα
2962 5076 3273 5141 ἀκούοντες,
3309 5078 3493 5148 μεῖζον
3523 5080 3584 5132 τὸ
3634 5081 3857 5151 Πνεῦμα

2198 5163 2481 5229 νομίσωσι,
2532 5164 2626 5216 καὶ
2688 5166 2767 5226 είς
2803 5164 3051 5227 ἀσεϐείας
3096 5164 3350 5218 ὑπόθεσιν
3399 5168 3632 5236 ἐσχάτην
3678 5168 3856 5238 ἐμπέ-

2200 5265 2355 5317 σωσι,
2383 5250 2467 5303 διά
2493 5250 2650 5303 τοῦτό
2673 5266 2855 5319 φησιν,
2895 5251 2993 5304 Ἐκ
3033 5251 3138 5304 τοῦ
3186 5252 3332 5320 ἐμοῦ
3369 5252 3665 5320 λήψεται·
3710 5270 3857 5305 τουτ-

2199 5338 2344 5390 έστιν
2364 5380 2378 5405 ,
2407 5338 2586 5409 ’Ἀπερ
2615 5337 2681 5391 ἂν
2709 5334 2859 5390 εἷπον
2896 5337 3025 5405 ἐγὼ,
3061 5337 3229 5391 ταῦτα
3255 5341 3501 5400 κάκεῖνος
3522 5342 3655 5410 ἐρεῖ.
3688 5340 3856 5392 ’Όταν

2196 5424 2253 5477 δὲ
2282 5424 2432 5494 εἴπῃ,
2464 5424 2656 5479 Οὐδὲν
2698 5425 2809 5492 ἀφ’
2844 5425 3058 5479 ἑαυτοῦ
3091 5426 3372 5493 λαλήσει,
3414 5428 3561 5479 οὐδὲν
3594 5427 3855 5491 ἐναντίον,

2197 5513 2350 5566 οὐδὲν
2377 5513 2503 5566 ῐδιον
2526 5512 2679 5585 παρά
2704 5511 2773 5565 τά
2803 5514 2910 5582 ἐμά
2934 5530 3116 5583 φησιν.
3150 5513 3359 5585 Ὥσπερ
3384 5509 3475 5566 οὖν
3506 5515 3631 5585 περὶ
3666 5515 3856 5568 ἐαυτοῦ

2255 5757 2284 5794 b
2303 5758 2400 5805 Alii
2421 5759 2578 5806 καίτοι
2598 5759 2683 5813 τὴν
2707 5758 2871 5819 ἂρχῆν.
2942 5758 2964 5785 ε
3008 5756 3302 5816 Suspim'tur
3342 5753 3556 5819 Savilius
3584 5754 3857 5819 legenﬁum

2197 5820 2523 5875 ἀνεπίληπτον.
2557 5819 2657 5865 Sed
2686 5814 2895 5875 ἄληπτον
2915 5814 3176 5876 ιειζίιυτήίη
3212 5817 3437 5864 omnibus
3466 5814 3854 5875 exemplaribus.

2199 5880 2385 5929 Ibidem
2426 5894 2553 5929 unus
2577 5880 2725 5943 habet
2758 5881 2969 5928 secunda
2995 5892 3137 5926 manu
3166 5881 3245 5926 ναὶ
3271 5879 3438 5926 τούτου
3461 5879 3729 5943 τεκμήριον,
3761 5876 3857 5925 [οι--

2203 5955 2335 5994 :asse
2357 5944 2557 5990 melius.
2626 5939 2653 5978 ἀ
2676 5942 2851 5991 Morel.
2877 5943 3088 5990 δύναται.
3126 5974 3127 5977 η
