4126 6366
452 323 547 380 121

450 433 657 488 Patrem
684 441 824 486 tuum
851 430 1029 500 (Joan.
1057 432 1145 489 14.
1163 429 1237 503 8)
1268 450 1281 487 :
1312 431 1364 486 ht
1392 447 1532 487 nunc
1551 432 1847 495 audientes,
1863 428 2029 487 Extra

447 542 755 597 sgnagogam
782 526 966 597 facient
991 541 1100 592 vos;
1135 534 1211 593 et,
1240 524 1376 581 Odia
1404 524 1702 591 habebunt;
1731 534 1804 586 et,
1830 524 1930 591 Qui
1947 524 2032 578 in-

449 617 654 687 terﬁciet
699 632 786 671 vos
804 656 819 680 ,
875 616 1198 671 arbitrabitur
1241 633 1295 672 se
1337 617 1628 687 obsequium
1654 624 1894 685 prmstare
1921 613 2030 669 Deo

453 708 623 782 (Ibid.
654 709 741 765 15.
776 709 867 766 19.
911 709 1068 764 ει16.
1094 709 1203 777 2);
1250 709 1323 764 ita
1348 710 1528 763 animo
1573 708 1936 774 conciderunt,
1973 715 2034 762 ut

450 815 517 857 ne
543 799 734 856 mutire
758 801 969 871 quidem
993 809 1211 871 possent
1231 802 1315 856 vel
1346 801 1675 872 loqui.Quod
1702 799 2030 871 exprobrans

447 894 527 947 eis
545 891 792 947 dicebat:
824 890 949 946 Haec
977 892 1039 945 ab
1069 892 1213 946 initio
1242 909 1343 947 non
1386 893 1494 946 dixi
1522 891 1677 956 vobis,
1714 892 1832 963 quia
1860 892 2027 946 vobis-

446 998 561 1035 cum
581 998 738 1036 eram.
769 981 921 1037 Nunc
956 992 1118 1038 autem
1140 984 1269 1038 vado
1308 984 1374 1037 ad
1408 1001 1538 1047 eum,
1563 984 1649 1053 qui
1682 1000 1761 1038 me
1784 984 1953 1049 misit;
1981 992 2030 1037 et

446 1089 591 1128 nemo
620 1090 683 1128 ea:
710 1073 845 1128 vobis
865 1075 1139 1145 interrogat
1166 1092 1263 1142 me,
1290 1075 1402 1141 Quo
1430 1076 1569 1129 vadis
1586 1076 1612 1129 ?
1636 1076 1741 1130 Sed
1783 1077 1903 1144 quia
1923 1076 2029 1129 hwc

446 1168 679 1238 loquutus
697 1184 810 1221 sum
834 1168 989 1227 vobis.
1026 1169 1231 1222 tristitia
1264 1169 1485 1239 implevit
1513 1184 1602 1222 cor
1653 1178 1890 1222 vestrum.
1937 1166 2030 1222 Ni-

447 1261 551 1313 mia
579 1261 776 1330 quippe
802 1260 1012 1315 tristitia
1044 1261 1220 1331 gravis
1246 1268 1355 1326 est;
1384 1260 1580 1329 gravis,
1610 1259 1846 1330 inquam,
1884 1266 1937 1313 et
1959 1258 2029 1314 ad

448 1361 673 1406 mortem
706 1354 844 1406 viam
885 1362 1056 1422 parat.
1090 1353 1213 1408 Ideo
1241 1352 1433 1409 Paulus
1461 1353 1670 1409 dicebat
1697 1370 1709 1406 :
1740 1352 1823 1407 Ne
1868 1354 2028 1406 abun-

445 1442 677 1499 dantiore
706 1446 910 1499 tristitia
939 1446 1264 1501 absorbeatur
1290 1446 1399 1501 ille.
1448 1447 1573 1501 Htec
1596 1458 1761 1501 autem
1788 1447 1851 1500 ab
1882 1446 2027 1501 initio

445 1536 583 1589 vobis
605 1553 702 1589 non
740 1537 847 1591 dixi
878 1537 966 1609 (2.
989 1536 1106 1591 Cor.
1129 1536 1185 1591 2.
1207 1538 1298 1608 7,),
1324 1539 1510 1609 inquit.
1534 1539 1641 1593 Cur
1660 1538 1727 1593 ab
1748 1538 1895 1592 initio
1918 1553 2024 1591 non

444 1626 620 1681 dixit?
663 1627 740 1682 Ne
790 1630 909 1699 quis
963 1629 1166 1684 diceret
1202 1645 1323 1684 eum
1360 1645 1391 1683 a
1432 1645 1575 1699 saepe
1598 1628 2027 1699 contingentibus

444 1720 806 1786 conjecturam
838 1722 1042 1776 fecisse.
1070 1722 1135 1776 Et
1160 1736 1256 1776 cur
1283 1737 1394 1776 rem
1419 1720 1722 1791 aggreditur
1749 1730 1856 1775 tam
1885 1720 2023 1775 difﬁ-

444 1810 633 1865 cilem?
660 1810 804 1877 Haec,
834 1811 1025 1882 inquit,
1054 1813 1121 1867 ab
1148 1813 1300 1867 initio
1325 1812 1581 1878 sciebam,
1610 1827 1709 1866 nec
1737 1811 1857 1866 ideo
1886 1822 2028 1866 tace-

443 1902 565 1957 bant
595 1904 736 1973 quod
767 1907 1061 1971 nescirem;
1102 1905 1196 1960 sed
1241 1904 1372 1970 Quia
1419 1904 1671 1959 vobiscum
1717 1922 1875 1958 eram.
1912 1905 2027 1961 Hoc

443 2010 652 2049 rursum
683 1999 915 2051 humano
958 2012 1107 2051 more
1147 1996 1368 2062 dicitur;
1410 1997 1461 2050 id
1488 2006 1613 2051 est:
1653 1996 1787 2064 Quia
1813 1997 1867 2052 in
1912 2005 2027 2052 tuto

444 2087 630 2154 eratis,
656 2096 709 2141 et
736 2088 990 2157 poteratis
1018 2104 1112 2157 pro
1142 2088 1310 2144 lubito
1335 2090 1633 2155 sciscitari,
1657 2098 1817 2160 atque
1859 2090 1913 2144 in
1938 2105 2025 2146 me

444 2184 610 2231 totum
638 2179 833 2233 bellum
869 2182 1209 2247 vertebatur;
1234 2174 1669 2252 superfluumque
1699 2182 1888 2238 fuisset
1912 2183 2026 2240 hzec

441 2269 509 2322 ab
532 2269 679 2324 initio
705 2270 903 2326 dicere.
932 2273 1015 2325 An
1047 2286 1175 2342 ergo
1205 2288 1308 2327 non
1340 2272 1517 2327 dixit?
1544 2289 1721 2329 nonne
1761 2290 2024 2331 convoca-

444 2364 511 2416 tis
534 2363 815 2418 duodecim
842 2365 1070 2433 dicebat,
1110 2366 1192 2419 Ad
1220 2367 1460 2436 prtesides
1481 2378 1527 2422 et
1566 2385 1707 2439 reges
1748 2369 2021 2438 ducemini,

441 2460 486 2505 et
510 2453 836 2524 ﬂagdlabunt
864 2471 950 2510 vos
981 2457 1035 2509 in
1064 2459 1337 2529 synagogis
1381 2457 1606 2525 (Matth.
1650 2459 1844 2515 10.18.
1876 2460 2024 2531 i7)?

440 2559 536 2597 cur
563 2560 690 2615 ergo
714 2547 808 2611 ait,
830 2546 906 2600 Ab
926 2548 1069 2601 initio
1099 2566 1200 2602 non
1238 2550 1343 2603 dixi
1360 2551 1386 2604 ?
1409 2549 1543 2618 Quia
1580 2551 1801 2606 verbera
1825 2559 1881 2607 et
1925 2551 2021 2606 ab-

442 2637 721 2696 ductiones
763 2642 1112 2711 pr:edixerat;
1147 2658 1251 2698 non
1278 2652 1457 2699 tamen
1494 2643 1882 2715 signiﬁcaverat
1910 2658 2019 2700 ca:-

441 2729 560 2784 dem
608 2747 792 2787 eorum
838 2734 910 2789 ita
951 2736 1097 2790 cordi
1128 2734 1243 2791 fore
1271 2735 1515 2793 hostibus
1542 2745 1600 2792 ut
1641 2753 1757 2792 rem
1782 2737 2020 2794 divinum

439 2822 638 2878 cultum
665 2839 785 2880 esse
818 2835 1082 2895 putarent.
1112 2827 1223 2882 lloc
1266 2829 1409 2882 enim
1436 2828 1668 2884 maxime
1697 2828 1817 2884 illos
1837 2827 2019 2884 deter-

440 2932 561 2972 rere
587 2927 814 2987 poterat,
864 2920 909 2974 si
960 2932 1225 2991 tamquam
1268 2921 1417 2991 impii
1463 2931 1517 2976 et
1554 2921 1836 2991 perniciosi
1867 2929 2021 2977 erant

436 3007 724 3081 judicandi.
745 3011 827 3065 Ad
855 3012 967 3066 htee
987 3028 1134 3079 vero,
1168 3022 1292 3067 tunc
1320 3029 1382 3069 ea
1404 3028 1522 3083 quae
1537 3028 1567 3067 a
1587 3013 1874 3084 gentilibus
1900 3027 2022 3083 pas-

438 3102 549 3157 suri
589 3112 739 3157 erant
783 3104 1203 3171 praenuntiabat;
1239 3103 1323 3158 hic
1349 3119 1479 3158 vero
1519 3103 1738 3159 Iudaica
1791 3103 2015 3171 addidit,

436 3199 635 3246 etcum
663 3195 864 3262 majore
908 3193 1264 3258 vehementia,
1308 3194 1594 3264 docuitque
1625 3195 1677 3248 in
1725 3194 1901 3264 januis
1929 3194 2015 3249 illa

435 3299 576 3341 esse.
602 3283 755 3338 Nunc
784 3295 951 3339 autem
980 3284 1107 3340 vado
1132 3285 1201 3339 ad
1227 3302 1339 3339 eum
1367 3286 1451 3356 qui
1476 3302 1552 3338 me
1590 3286 1744 3353 misit,
1786 3294 1832 3340 et
1870 3301 2016 3339 nemo

435 3393 498 3431 ea:
520 3376 655 3430 vobis
684 3378 957 3449 interrogat
984 3393 1079 3443 me,
1116 3377 1226 3445 Quo
1248 3378 1430 3431 vadis?
1464 3377 1579 3431 Sed
1618 3378 1736 3447 quia
1781 3377 1888 3431 hth
1932 3377 2013 3431 lo-

434 3479 620 3537 quutus
641 3485 748 3522 sum
793 3470 951 3536 vobis,
994 3470 1194 3524 tristitia
1235 3470 1457 3540 implevit
1503 3486 1591 3523 cor
1629 3480 1866 3524 vestrum.
1896 3469 2014 3525 Non

435 3577 600 3632 parva
647 3561 761 3616 haec
812 3562 1107 3617 consolatio
1156 3572 1290 3626 erat,
1319 3561 1460 3632 quod
1504 3562 1601 3632 ipsi
1634 3562 1830 3616 scirent
1856 3577 2016 3617 nosse

435 3655 587 3707 illum
626 3663 827 3724 quanto
861 3654 912 3708 in
941 3669 1173 3709 mmrore
1198 3662 1397 3709 essent.
1424 3653 1554 3708 Nam
1586 3669 1695 3723 prae
1722 3654 2011 3721 anxietate,

432 3746 503 3798 ob
532 3746 824 3800 discessum
850 3745 965 3815 ejus
989 3754 1043 3801 et
1070 3746 1207 3801 mala
1236 3746 1376 3816 ipsos
1403 3746 1670 3811 invasura,
1693 3762 1809 3817 quae
1837 3755 2013 3801 utrum

434 3835 576 3891 ferre
628 3845 845 3906 possent
893 3837 1229 3907 ignorabant,
1289 3837 1503 3891 attoniti
1552 3847 1729 3893 erant.
1776 3838 1883 3893 Cur
1904 3854 2013 3894 non

433 3928 688 3983 dixit'tllis
716 3939 920 3999 postea,
947 3945 1069 3984 cum
1096 3939 1418 3998 acceperunt
1445 3928 1702 4000 Spiritum
1728 3931 2013 3986 sanctum?

435 4019 505 4077 Ut
524 4022 697 4077 discas
723 4023 840 4075 illos
873 4023 983 4093 jam
1021 4022 1074 4078 in
1100 4025 1295 4079 virtute
1315 4023 1555 4081 ﬁrmatos
1581 4023 1765 4080 fuisse.
1786 4025 1838 4081 Si
1869 4025 2012 4080 enim

435 4112 670 4167 nondum
694 4112 895 4181 Spiritu
933 4113 1131 4184 dignati
1160 4129 1267 4169 non
1298 4114 1622 4179 resilierunt,
1648 4116 1772 4169 licet
1798 4115 2010 4169 tristitia

431 4207 626 4267 obruti,
655 4206 827 4275 cogita
869 4206 1052 4275 quales
1082 4205 1237 4259 futuri
1262 4217 1412 4261 erant
1437 4206 1604 4276 gratia
1636 4206 1844 4275 repleti.
1876 4206 2009 4261 Nam

432 4303 477 4357 si
508 4311 635 4354 tunc
662 4301 743 4354 bis
768 4299 962 4354 auditis
988 4315 1099 4353 rem
1131 4299 1392 4365 tulissent,
1421 4310 1587 4355 totum
1608 4299 1825 4370 Spiritui
1857 4316 2013 4371 repu-

433 4400 667 4446 taremus
702 4408 715 4445 :
739 4405 878 4446 nunc
904 4405 1034 4445 vero
1056 4398 1195 4444 totus
1218 4392 1410 4445 anima:
1430 4405 1615 4446 eorum
1644 4391 1849 4447 fructus
1886 4400 2008 4459 est,

430 4493 485 4539 et
505 4483 646 4538 clara
673 4499 736 4537 ex
765 4482 904 4537 nuda
930 4483 1104 4537 anima
1132 4483 1352 4553 profecti
1373 4483 1571 4539 amoris
1598 4498 1721 4553 erga
1737 4483 2008 4539 Christum

431 4577 837 4634 demonstratio.
864 4577 916 4632 7.
942 4576 1049 4632 Sed
1098 4593 1189 4648 ego
1213 4577 1471 4632 veritatem
1518 4577 1631 4631 dico
1679 4576 1833 4631 vobis.
1878 4576 2012 4632 Vide

432 4670 701 4739 quomodo
747 4684 959 4725 rursum
1004 4669 1312 4725 consolatur
1363 4668 1501 4723 illos.
1540 4667 1657 4723 Non
1693 4668 1759 4722 ad
1786 4668 2012 4739 gratiam

432 4762 656 4833 loquor,
706 4762 911 4833 inquit;
976 4761 1072 4817 sed
1128 4759 1335 4817 etiamsi
1383 4760 1669 4817 admodum
1727 4759 2010 4814 contriste-

431 4856 584 4923 mini,
629 4854 772 4926 quod
814 4852 1030 4925 expedit
1071 4852 1392 4907 audiendum
1444 4861 1547 4907 est.
1581 4851 1688 4905 Vos
1733 4858 1792 4905 ut
1837 4851 2009 4905 adsim

430 4947 646 5017 optatis,
679 4959 808 5001 usus
826 4943 969 4999 aliud
997 4943 1243 5014 postulat.
1274 4942 1546 4997 Curatoris
1574 4953 1751 4996 autem
1773 4950 1875 5007 est,
1904 4955 2008 4995 non

431 5054 620 5111 parere
664 5038 871 5105 amicis,
903 5037 946 5091 si
996 5034 1208 5106 quando
1236 5050 1348 5090 rem
1392 5035 1493 5089 sibi
1542 5035 1725 5089 utilem
1770 5033 2008 5088 amoveri

434 5132 614 5187 velint.
640 5129 703 5185 Si
726 5146 816 5200 ego
841 5145 943 5183 non
976 5128 1162 5192 abiero,
1201 5125 1500 5180 Paracletus
1528 5142 1628 5179 non
1659 5126 1838 5180 veniet.
1870 5122 2009 5191 Quid

433 5223 517 5276 hic
543 5221 724 5275 dicunt
760 5220 865 5286 illi,
912 5219 1000 5290 qui
1029 5219 1096 5273 de
1144 5217 1345 5287 Spiritu
1391 5233 1493 5270 non
1544 5224 1690 5271 recte
1736 5214 2010 5270 sentiunt?

430 5312 717 5381 expeditne
745 5312 1026 5366 Dominum
1046 5309 1215 5376 abire,
1244 5319 1298 5363 et
1335 5323 1547 5363 servum
1576 5306 1796 5362 venire?
1822 5305 2010 5361 Viden’

430 5413 628 5472 quanta
655 5404 728 5459 sit
755 5404 983 5473 Spiritus
1008 5402 1271 5473 dignitas?
1310 5402 1371 5457 Si
1390 5410 1557 5455 autem
1594 5400 1785 5467 abiero,
1811 5401 2010 5455 mittam

430 5497 578 5550 illum
601 5496 668 5548 ad
689 5511 794 5549 vos.
825 5494 1002 5564 Ecqua
1027 5492 1154 5548 hinc
1180 5492 1420 5547 utilitas?
1441 5492 1494 5547 8.
1523 5490 1651 5545 Cum
1673 5490 1859 5545 venerit
1885 5491 1973 5545 ille
1990 5531 2007 5559 ,

426 5595 606 5657 arguet
633 5587 908 5652 mundum;
939 5586 989 5641 id
1020 5594 1121 5652 est,
1151 5584 1268 5640 Non
1310 5585 1528 5655 impune
1573 5583 1689 5638 hac
1722 5582 1937 5649 facient,
1963 5582 2008 5636 si

435 5676 522 5731 ille
576 5679 800 5734 venerit.
850 5680 978 5746 Quae
1014 5679 1124 5750 jam
1156 5678 1292 5732 facta
1321 5686 1443 5733 sunt
1467 5676 1631 5741 enim,
1664 5682 1819 5731 erant
1837 5674 1903 5730 ad
1932 5676 2010 5729 si-

436 5766 655 5825 lentium
679 5770 809 5843 ipsis
828 5770 1204 5844 imponendum
1226 5769 1355 5826 satis
1387 5786 1403 5826 :
1433 5784 1553 5826 eum
1580 5776 1756 5824 autem
1778 5768 1891 5822 lucc
1912 5782 2011 5837 per

1379 319 1447 376 IN
1483 318 1793 376 JOANNEM
1834 316 2064 375 HOMIL.
2104 314 2384 378 LXXVIII.
2425 317 2495 372 al.
2536 316 2793 376 LXXVII.

3613 325 3720 382 423

2141 426 2291 483 illum
2320 430 2453 484 facta
2478 430 2697 499 fuerint,
2724 433 3113 507 perfectiorque
3137 436 3381 503 doctrina
3416 446 3474 495 et
3517 439 3719 511 majora

2135 519 2392 576 miracula
2412 520 2628 589 fuerint,
2662 525 2830 580 multo
2857 527 3024 597 magis
3047 528 3463 598 damnabuntur,
3494 539 3571 586 tot
3599 541 3721 588 tan-

2138 618 2297 681 taque
2333 612 2578 669 videntes
2624 614 2675 669 in
2706 618 2922 673 nomine
2950 635 3069 673 meo
3090 620 3237 684 ﬁeri;
3268 622 3408 691 quod
3436 623 3716 679 clariorem

2135 702 2310 757 reddit
2348 706 2757 761 resurrectionis
2797 708 3332 766 demonstrationem.
3380 712 3532 768 Nunc
3576 716 3719 769 enim

2136 792 2313 849 dicere
2339 804 2586 865 possunt,
2606 794 2739 852 fabri
2764 798 2928 854 ﬁlium
2954 815 3094 866 esse,
3118 802 3272 871 cujus
3299 818 3397 858 nos
3427 815 3632 873 patrem
3662 817 3717 859 et

2137 894 2358 941 matrem
2387 888 2632 943 novimus
2666 906 2678 942 :
2707 904 2825 944 eum
2860 892 3283 949 viderintautem
3312 896 3539 952 solutam
3573 914 3715 952 mor-

2135 982 2265 1041 tem,
2292 977 2495 1045 pulsam
2538 980 2817 1048 malitiam,
2850 983 3236 1040 claudieantem
3290 1000 3533 1042 naturam
3568 1002 3718 1046 recte

2135 1068 2493 1135 incedentem,
2537 1070 2748 1142 fugatos
2776 1074 3071 1143 dtemonas,
3120 1078 3434 1133 immensam
3490 1080 3719 1151 Spiritus

2134 1159 2494 1231 largitionem,
2542 1172 2596 1217 et
2624 1163 2738 1218 hmc
2766 1166 2997 1221 nominis
3041 1169 3145 1222 mei
3184 1170 3518 1225 invocatione
3562 1173 3714 1226 ﬁeri:

2134 1253 2259 1322 quid
2290 1254 2505 1309 dicent?
2549 1255 2934 1312 Testimonium
2966 1260 3233 1329 perhibuit
3283 1262 3352 1317 de
3395 1279 3479 1318 me
3524 1264 3714 1333 Pater,

2132 1346 2433 1417 perhibebit
2470 1359 2523 1404 et
2567 1349 2818 1419 Spiritus.
2857 1354 3016 1424 Atqui
3043 1370 3072 1408 a
3113 1355 3376 1426 principio
3406 1357 3510 1413 hoc
3552 1358 3715 1425 fecit;

2133 1439 2226 1494 sed
2256 1441 2416 1495 etiam
2449 1458 2589 1499 nunc
2616 1443 2794 1500 faciet.

2202 1532 2257 1584 2.
2303 1531 2440 1598 Quid
2489 1547 2581 1598 est,
2609 1538 2811 1605 Arguet
2834 1536 2899 1592 de
2929 1548 3170 1607 peccato.
3200 1539 3357 1608 Quid,
3392 1543 3709 1612 Dejnstitia.

2136 1625 2292 1692 Quid,
2316 1627 2389 1682 De
2397 1628 2825 1698 judicio.—lllud
2844 1643 3042 1698 autem,
3056 1634 3110 1690 9.
3128 1637 3312 1706 Arguet
3339 1635 3401 1691 de
3416 1649 3639 1706 peccato,
3664 1640 3716 1694 id

2132 1719 2463 1784 est,0mnem
2487 1724 2881 1779 excusationem
2900 1726 2979 1781 eis
2999 1727 3220 1792 auferet,
3237 1730 3586 1800 ostendetque
3609 1732 3729 1785 illo—

2131 1826 2248 1865 rum
2273 1813 2475 1867 scelera
2497 1814 2613 1870 sine
2630 1816 2781 1871 venia
2809 1832 2947 1873 esse.
2970 1818 3057 1873 10.
3077 1818 3139 1872 Et
3155 1820 3218 1874 de
3246 1821 3470 1891 justitia,
3501 1824 3620 1893 quia
3642 1821 3713 1877 ad

2132 1901 2343 1958 Patrem
2372 1907 2518 1975 vado,
2548 1916 2594 1960 et
2609 1908 2725 1978 jam
2745 1925 2843 1963 non
2864 1909 3091 1964 videbitis
3126 1927 3239 1975 me;
3268 1912 3319 1965 id
3349 1922 3451 1977 est,
3481 1912 3612 1978 Quia
3643 1914 3718 1968 ir-

2130 1995 2609 2064 reprehensibilem
2638 1999 2800 2053 vitam
2822 1999 2949 2054 duxi
2981 2018 2994 2054 :
3027 2002 3178 2070 cujus
3206 2004 3281 2058 rei
3308 2003 3563 2059 indicium
3611 2015 3714 2070 est,

2130 2085 2273 2155 quod
2301 2087 2367 2141 ad
2388 2087 2598 2143 Patrem
2623 2090 2833 2145 vadatn.
2876 2091 3006 2158 Quia
3030 2093 3173 2148 enim
3203 2109 3420 2165 semper
3448 2096 3593 2150 illutn
3621 2113 3714 2151 ac-

2129 2177 2402 2242 cusabant,
2436 2179 2579 2249 quod
2610 2195 2674 2235 ex
2707 2181 2816 2236 Deo
2849 2197 2955 2237 non
2983 2194 3147 2247 esset,
3191 2195 3247 2239 et
3273 2186 3393 2240 ideo
3420 2187 3563 2241 illum
3588 2203 3716 2258 pec-

2128 2275 2363 2321 eatorem
2393 2278 2444 2323 et
2481 2269 2717 2341 iniquum
2739 2271 3008 2339 dicebant,
3034 2288 3092 2329 se
3114 2272 3250 2329 hanc
3277 2275 3378 2330 illis
3401 2278 3715 2333 criminandi

2128 2372 2313 2412 ansam
2340 2359 2672 2416 sublaturum
2703 2378 2824 2418 esse
2861 2366 3013 2419 dixit.
3042 2365 3172 2419 Nam
3204 2368 3248 2421 si
3280 2376 3467 2437 putare
3495 2386 3580 2424 me
3608 2387 3712 2425 non

2127 2462 2192 2503 ex
2219 2449 2330 2505 Deo
2372 2466 2511 2517 esse,
2559 2452 2608 2506 id
2642 2469 2728 2507 me
2769 2463 3220 2525 transgressorem
3263 2460 3483 2514 exhibet
3529 2478 3541 2514 :
3589 2477 3711 2517 cum

2128 2540 2357 2611 Spiritus
2383 2559 2468 2598 me
2494 2543 2585 2597 illo
2610 2546 2919 2613 abeuntem,
2964 2564 3068 2602 non
3099 2548 3165 2604 ad
3195 2549 3402 2617 horam,
3428 2552 3520 2607 sed
3549 2563 3603 2606 ut
3634 2554 3707 2607 ibi

2126 2645 2393 2698 maneam,
2426 2635 2721 2692 ostenderit
2749 2638 2917 2708 (illud
2940 2638 3080 2693 enim
3103 2680 3117 2703 ,
3168 2638 3291 2694 Iam
3333 2658 3435 2696 non
3479 2643 3708 2699 videbitis

2124 2740 2237 2790 me,
2269 2724 2371 2779 hoc
2400 2725 2654 2795 indicat),
2704 2729 2828 2798 quid
2880 2740 3063 2800 postea
3090 2731 3308 2787 dicent?
3334 2733 3467 2789 Vide
3494 2750 3711 2805 pravam

2124 2816 2427 2886 opinionem
2460 2833 2554 2887 per
2591 2818 2707 2874 hinc
2754 2819 2859 2875 duo
2886 2822 3168 2877 sublatam.
3194 2822 3328 2879 Nam
3358 2825 3504 2896 signa
3534 2826 3714 2884 facere

2124 2921 2232 2961 non
2262 2918 2344 2963 est
2374 2910 2689 2978 peccatoris,
2722 2926 2894 2982 neque
2920 2913 3062 2968 enim
3112 2913 3167 2970 id
3198 2924 3371 2986 potest
3420 2929 3670 2989 peccator
3691 2962 3709 2988 ,

2125 3014 2299 3069 neque
2326 3016 2354 3052 a
2390 3002 2499 3056 Deo
2528 3017 2648 3058 esse
2691 3006 2985 3073 peccatoris
3017 3016 3119 3061 est.
3147 3008 3287 3079 Ergo
3314 3025 3417 3064 non
3452 3011 3587 3066 ultra
3613 3028 3709 3082 po-

2125 3094 2276 3146 testis
2304 3094 2481 3149 dicere
2504 3094 2673 3164 ipsum
2700 3106 3052 3165 peccatorem,
3082 3115 3182 3158 nec
3210 3116 3276 3156 ex
3304 3101 3415 3157 Deo
3434 3120 3539 3157 non
3566 3120 3707 3160 esse.

2125 3186 2211 3240 11.
2246 3183 2323 3238 De
2342 3187 2532 3253 iudicio
2564 3198 2753 3254 autem,
2783 3191 2902 3261 quia
2940 3191 3173 3262 princeps
3215 3195 3365 3265 hujus
3404 3197 3579 3249 nmndi
3594 3198 3710 3267 jam

2119 3278 2376 3347 judicatus
2396 3287 2485 3332 est.
2508 3279 2603 3333 llic
2621 3296 2828 3334 rursum
2854 3282 2921 3335 de
2942 3283 3146 3351 justitia
3184 3300 3493 3342 sermonem
3522 3290 3702 3357 habet,

2121 3369 2243 3439 quia
2274 3369 2637 3425 adversarium
2681 3374 2971 3441 superavit,
3027 3376 3168 3445 quod
3196 3389 3445 3447 peccator
3472 3396 3577 3435 non
3608 3397 3706 3451 po-

2122 3461 2238 3527 tuit,
2268 3477 2441 3531 neque
2459 3462 2636 3531 justus
2682 3465 2855 3533 quivis
2898 3464 3193 3521 hominum.
3221 3468 3374 3537 Quod
3404 3473 3546 3527 enim
3578 3490 3705 3542 pro-

2120 3560 2240 3620 pter
2266 3567 2352 3605 me
2400 3551 2787 3607 condemnatus
2814 3555 2902 3619 sit,
2933 3556 3104 3610 scient
3134 3557 3169 3611 ii
3218 3560 3307 3628 qui
3340 3560 3392 3613 in
3424 3573 3703 3631 posterum

2120 3642 2270 3697 illum
2297 3644 2597 3705 calcabunt.
2626 3654 2679 3699 et
2711 3648 3156 3702 resurrectionem
3208 3666 3380 3706 meam
3426 3655 3706 3711 manifeste

2119 3734 2397 3799 videbunt,
2423 3735 2474 3789 id
2507 3736 2647 3806 quod
2678 3737 3084 3793 condemnantis
3106 3751 3207 3797 est.
3237 3741 3420 3812 Neque
3445 3746 3586 3799 enim
3619 3763 3706 3803 me

2118 3828 2292 3897 potuit
2318 3827 2577 3882 detinere.
2618 3828 2751 3895 Quia
2787 3844 2916 3899 ergo
2946 3831 3212 3899 dicebant,
3253 3849 3339 3889 me
3383 3835 3701 3894 daemonium

2120 3919 2319 3975 habere
2354 3930 2409 3975 et
2444 3920 2782 3990 deceptor-em
2824 3937 2944 3977 esse
2977 3940 2990 3975 :
3024 3923 3139 3979 hanc
3168 3926 3345 3981 omnia
3376 3926 3541 3983 futilia
3586 3945 3706 3988 esse

2118 4012 2602 4082 deprchendemur.
2637 4012 2750 4067 Non
2782 4014 2923 4068 enim
2952 4014 3097 4069 illum
3140 4017 3433 4087 cepissem,
3490 4019 3535 4073 si
3585 4037 3706 4089 pec-

2118 4111 2240 4157 cato
2265 4118 2437 4157 essem
2461 4103 2722 4158 obnoxius
2751 4120 2765 4158 :
2789 4120 2929 4159 nunc
2956 4120 3084 4162 veto
3102 4108 3487 4164 condemnatus
3513 4119 3568 4164 et
3595 4111 3704 4179 eje-

2116 4204 2235 4250 ctus
2263 4205 2364 4249 est.
2394 4193 2481 4247 12.
2512 4194 2690 4247 Adhuc
2710 4196 2868 4248 multa
2882 4196 3038 4249 habeo
3059 4198 3195 4251 vobis
3237 4198 3421 4263 dicere,
3463 4200 3551 4253 sed
3600 4219 3701 4256 non

2117 4287 2321 4359 potestis
2342 4297 2543 4356 portare
2564 4286 2732 4340 modo.
2758 4287 2985 4357 Expedit
3011 4305 3137 4359 ergo
3166 4300 3222 4345 ut
3261 4307 3360 4361 ego
3387 4294 3597 4357 vadam,
3622 4297 3683 4349 si-

2116 4379 2330 4449 quidem
2363 4389 2488 4432 tunc
2511 4379 2767 4448 portaturi
2794 4380 2942 4445 estis,
2971 4395 3090 4433 cum
3120 4382 3322 4436 abiero.
3369 4383 3437 4438 Et
3472 4386 3596 4455 quid
3620 4389 3697 4441 la-

2116 4480 2259 4527 ctum
2287 4473 2403 4526 est?
2428 4486 2494 4524 an
2518 4470 2747 4539 Spiritus
2773 4479 2826 4526 te
2852 4473 3021 4542 major
3046 4481 3129 4528 est
3149 4514 3167 4541 ,
3185 4476 3395 4545 quando
3423 4494 3564 4533 nunc
3595 4496 3698 4535 non

2118 4572 2412 4634 portamus,
2443 4572 2497 4618 et
2516 4564 2605 4618 ille
2634 4579 2732 4618 nos
2770 4565 2835 4618 ad
2875 4568 3190 4636 portandum
3232 4569 3451 4624 idoneos
3478 4573 3701 4629 reddet?

2118 4673 2244 4711 num
2289 4657 2459 4727 major
2482 4667 2535 4711 et
2563 4657 2850 4728 perfectior
2877 4666 2959 4713 est
2988 4660 3103 4727 ejus
3130 4661 3407 4718 efﬁcacia?
3433 4665 3649 4722 Minime
3682 4685 3697 4723 :

2117 4766 2239 4803 nam
2264 4751 2351 4804 ille
2376 4766 2495 4821 qua:
2526 4766 2643 4805 mea
2668 4760 2794 4805 sunt
2819 4752 2979 4806 dicet.
3008 4752 3131 4808 Ideo
3158 4756 3233 4809 ait
3262 4774 3276 4808 :
3314 4758 3400 4812 15.
3438 4758 3588 4814 Nihil
3620 4762 3702 4814 lo-

2116 4851 2295 4911 quetur
2317 4859 2349 4895 a
2372 4843 2655 4912 semetipso,
2684 4844 2773 4896 sed
2799 4860 3122 4915 quascumque
3141 4848 3334 4916 audiet,
3367 4850 3616 4921 loquetur,
3656 4863 3702 4907 et

2117 4949 2230 5003 quae
2268 4945 2475 4987 ventura
2498 4946 2614 4988 sunt
2641 4936 2982 4991 annuntiabit.
3024 4939 3111 4993 14.
3139 4938 3243 4993 Ille
3268 4958 3348 4997 me
3375 4945 3697 5013 clariﬁcabit,

2116 5025 2236 5091 quia
2261 5024 2323 5076 de
2342 5041 2448 5078 meo
2487 5025 2723 5094 accipiet,
2754 5036 2800 5079 et
2837 5027 3154 5083 annuntiabit
3190 5031 3348 5085 vobis.
3394 5034 3479 5089 15.
3515 5034 3701 5089 Omnia

2118 5133 2444 5187 quotcumque
2469 5120 2615 5173 habet
2642 5119 2815 5184 Pater,
2847 5137 2957 5173 mea
2994 5133 3130 5176 sunt.
3164 5122 3298 5178 Cum
3343 5124 3585 5191 dixisset,
3610 5128 3703 5182 Ille

2118 5225 2215 5264 vos
2241 5210 2455 5264 docebit
2480 5220 2535 5266 et
2567 5211 2718 5266 vobis
2746 5221 3015 5282 suggeret,
3044 5222 3203 5284 atque
3232 5217 3285 5269 in
3311 5220 3566 5273 aerumnis
3606 5236 3699 5277 vos

2119 5303 2502 5371 consolabitur,
2535 5303 2674 5372 quod
2707 5305 2819 5374 ipse
2843 5320 2947 5358 non
2976 5307 3126 5369 fecit;
3156 5315 3242 5372 et,
3280 5306 3500 5378 Expedit
3529 5320 3585 5364 ut
3613 5329 3703 5382 ego

2122 5395 2324 5460 vadam,
2356 5406 2409 5451 et
2438 5404 2493 5450 ut
2513 5395 2602 5450 ille
2628 5396 2835 5464 veniat;
2863 5406 2937 5463 et,
2968 5396 3118 5452 Nunc
3148 5397 3361 5467 quidem
3400 5416 3505 5453 non
3549 5414 3699 5470 pote-

2122 5488 2219 5542 stis
2246 5498 2479 5556 portare,
2503 5496 2628 5543 tunc
2653 5504 2778 5543 vero
2810 5490 3076 5558 poteritis;
3113 5498 3189 5557 et,
3239 5487 3349 5545 Vos
3398 5490 3623 5547 deducet
3650 5493 3705 5549 in

2123 5595 2336 5634 omnem
2361 5572 2637 5636 veritatem
2669 5600 2682 5634 :
2714 5597 2781 5636 ne
2804 5581 2887 5635 liis
2912 5580 3125 5645 auditis,
3159 5582 3415 5654 majorem
3444 5597 3563 5638 esse
3586 5583 3708 5655 Spi-

2115 5672 2274 5726 ritum
2297 5680 2565 5741 putarent,
2588 5674 2708 5725 etin
2730 5683 3018 5726 extremam
3037 5673 3327 5729 inciderent
3351 5676 3701 5747 impietatem,

2126 5764 2250 5822 ideo
2271 5767 2344 5821 ait
2371 5781 2389 5820 :
2416 5765 2491 5820 De
2518 5781 2625 5827 meo
2641 5765 2886 5828 acciviet;
2919 5763 2969 5818 id
3011 5774 3119 5831 est,
3168 5770 3298 5834 Quae
3336 5785 3435 5841 ego
3462 5768 3597 5839 dixi,
3645 5777 3701 5826 et
