4126 6366
442 370 551 428 J25

442 487 533 545 ille
555 487 715 544 dicet.
747 483 879 543 Cum
908 501 1038 542 vero
1068 485 1229 550 dicet,
1263 484 1411 540 Nihil
1444 503 1476 539 a
1518 502 1571 541 se
1611 488 1858 556 loquetur,
1888 486 2019 543 nihil

442 581 790 646 contrarium,
848 579 976 635 nihil
1030 580 1303 650 proprium
1332 590 1423 634 aut
1469 581 1722 643 alienum,
1769 582 1861 636 sed
1907 599 2021 635 inea

443 671 707 743 loquetur.
744 672 809 727 Ut
856 672 1015 742 igitur
1043 671 1112 727 de
1160 672 1337 742 seipso
1376 672 1601 742 loquens
1640 674 1732 736 ait,
1768 675 1807 726 A
1833 675 2023 743 meipso

442 781 543 817 non
569 761 955 835 loquor(Ioan.
984 764 1071 817 M.
1102 763 1169 819 10
1193 766 1233 834 ).
1265 764 1313 817 id
1345 774 1446 828 est,
1476 765 1610 818 Nihil
1643 767 1738 820 nisi
1771 782 1887 835 qua:
1922 767 2021 820 Pa-

444 858 557 919 tris,
590 856 823 924 nihilque
847 856 1118 924 proprium
1144 857 1226 911 vel
1250 856 1317 909 ab
1342 856 1430 910 illo
1459 857 1688 910 alienum
1721 875 1735 911 :
1770 858 1839 911 ita
1877 869 1927 913 et
1956 858 2023 912 de

442 948 639 1015 Spiritu
666 946 1084 1016 intelligendum.
1117 947 1245 1001 lIlud
1278 964 1423 1011 vero,
1465 948 1543 1002 De
1567 966 1697 1016 meo,
1731 948 1780 1003 id
1824 961 1923 1015 est,
1951 951 2023 1005 De

443 1041 507 1094 iis
531 1057 649 1111 qua:
678 1042 821 1105 novi,
853 1041 919 1096 de
948 1058 1063 1095 mea
1093 1044 1412 1112 cognitione.
1431 1041 1544 1100 Una
1573 1044 1769 1113 quippe
1794 1054 1875 1098 est
1906 1061 2023 1099 mea

441 1143 496 1186 et
520 1132 745 1200 Spiritus
774 1133 1015 1188 Scientia.
1051 1133 1117 1187 Et
1152 1151 1264 1204 qua:
1290 1146 1497 1188 ventura
1543 1146 1659 1188 sunt
1707 1137 2025 1189 annuntiabit

442 1225 596 1279 vobis.
629 1226 841 1279 Illorum
870 1228 1025 1296 erigit
1068 1229 1273 1282 animos
1304 1248 1314 1281 :
1343 1230 1537 1283 nullius
1557 1230 1699 1285 enim
1730 1239 1834 1283 tam
1868 1232 2022 1300 cupi-

440 1315 565 1370 dum
596 1326 677 1371 est
706 1318 994 1373 humanum
1024 1334 1212 1390 genus,
1247 1338 1403 1389 quam
1434 1325 1603 1375 futura
1630 1322 1887 1377 discendi.
1914 1323 2025 1378 Hoc

440 1410 583 1464 enim
613 1410 917 1481 frequenter
943 1414 1339 1483 interrogabant
1367 1430 1485 1468 eum
1509 1456 1524 1480 ,
1560 1415 1671 1481 Quo
1696 1415 1880 1469 vadis?
1906 1431 2025 1485 qua:

440 1512 523 1557 est
549 1503 670 1558 via'l
711 1504 821 1559 Hac
850 1506 1010 1576 igitur
1031 1522 1157 1561 cura
1188 1508 1429 1562 eximens
1468 1509 1608 1574 illos,
1637 1509 1766 1564 dicit
1796 1528 1807 1560 :
1837 1508 2023 1563 Omnia

440 1594 594 1648 vobis
625 1594 900 1664 prmdicet,
934 1614 999 1651 ne
1027 1598 1223 1653 incauti
1258 1600 1444 1653 ruatis.
1475 1598 1575 1652 Ille
1602 1617 1681 1654 me
1707 1600 2022 1668 clariﬁcabit.

439 1686 755 1753 Quomodo?
794 1691 849 1744 In
893 1692 1109 1746 nomine
1134 1708 1253 1747 tneo
1278 1708 1439 1763 opera
1468 1692 1683 1748 elliciet.
1722 1694 1854 1761 Quia
1882 1695 2023 1748 enim

442 1788 561 1847 post
604 1779 889 1835 adventum
938 1780 1168 1853 Spiritus
1207 1784 1409 1852 majora
1436 1784 1628 1838 edituri
1656 1785 1803 1855 signa
1831 1796 1983 1839 erant
2007 1827 2021 1850 ,

439 1870 560 1924 ideo
600 1873 951 1941 aequalitatem
1001 1873 1240 1929 indicans
1282 1875 1358 1927 ait
1401 1892 1415 1928 :
1462 1872 1562 1928 Ille
1594 1891 1672 1928 me
1711 1875 2023 1944 clariﬁcabit.

437 1961 605 2030 Quam
634 1979 761 2018 vero
790 1964 919 2018 dicit
944 1981 1143 2019 onmem
1184 1966 1486 2020 veritatem?
1519 1964 1651 2019 Nam
1680 1965 2023 2033 testificatur,

438 2054 578 2123 quod
609 2070 706 2110 nos
743 2054 1069 2111 deducturus
1110 2057 1179 2111 sit
1231 2057 1298 2112 ad
1327 2074 1539 2112 omnem
1579 2058 1878 2113 veritatem.
1910 2058 2027 2129 Ipse

437 2161 667 2215 namque
718 2147 838 2216 quia
881 2162 1043 2202 carne
1074 2146 1288 2203 indutus
1310 2161 1445 2215 erat,
1478 2159 1532 2203 et
1562 2166 1627 2205 ne
1656 2150 1933 2205 videretur
1959 2151 2027 2205 de

436 2236 615 2305 seipso
635 2238 914 2306 magniﬁce
938 2238 1102 2307 loqui,
1127 2241 1247 2310 quia
1272 2241 1393 2294 item
1412 2241 1657 2310 discipuli
1678 2242 2029 2295 resurrectio-

441 2344 565 2385 nem
613 2346 717 2385 non
761 2341 1042 2399 noverunt,
1087 2340 1143 2387 et
1183 2331 1357 2387 adhuc
1403 2332 1827 2403 imperfeCtiores
1852 2344 2025 2399 erant,

437 2432 549 2476 tum
580 2430 797 2492 propter
819 2422 1055 2492 Iudaeos,
1107 2440 1175 2479 ne
1207 2435 1476 2495 tamquam
1509 2425 1640 2493 legis
1669 2437 2029 2494 transgresso-

435 2528 548 2568 rem
569 2514 755 2583 punire
772 2514 1098 2579 viderentur,
1123 2530 1227 2569 non
1250 2531 1392 2586 saepe
1414 2532 1660 2586 magnum
1675 2515 1943 2587 quidpiam
1962 2518 2029 2570 de

434 2621 493 2663 se
515 2608 847 2679 loquebatur,
873 2626 1048 2681 neque
1074 2620 1257 2680 aperte
1294 2626 1324 2665 a
1353 2611 1468 2681 lege
1497 2610 1865 2665 dissentiebat.
1889 2610 2023 2676 Quia

434 2715 563 2755 vero
587 2700 831 2770 discipuli
854 2703 922 2756 ab
943 2701 1048 2756 illis
1067 2700 1275 2757 discissi
1299 2711 1475 2768 erant,
1500 2710 1554 2756 et
1573 2700 1741 2756 Judaei
1765 2712 1913 2755 extra
1940 2716 2029 2768 |10-

434 2791 542 2853 siti,
571 2792 827 2861 multique
854 2792 1109 2846 credituri
1147 2802 1202 2847 et
1238 2803 1451 2862 peccata
1496 2792 1789 2847 abstersuri
1843 2802 2016 2855 erant,

434 2884 631 2953 aliique
656 2895 810 2939 erant
837 2885 925 2953 qui
973 2884 1039 2939 de
1083 2887 1199 2953 ipso
1239 2885 1604 2953 loquerentur,
1643 2885 1764 2952 jure
1806 2884 1893 2938 ille
1920 2900 2025 2938 non

436 2991 625 3045 magna
658 2976 881 3029 ulterius
905 2976 970 3029 de
997 2992 1056 3030 se
1086 2976 1313 3030 dicebat.
1343 2977 1519 3045 Itaque
1542 2990 1647 3029 non
1672 2986 1755 3030 est
1782 2977 2026 3045 ignoran-

436 3070 523 3121 tia:
552 3084 684 3121 mea).
705 3067 1137 3130 adscribendum,
1171 3067 1309 3137 quod
1341 3084 1442 3121 non
1471 3068 1666 3133 dicam,
1704 3084 1821 3135 quae
1848 3069 2027 3122 dicere

434 3167 726 3227 Oporteret,
746 3157 836 3211 scd
861 3158 1159 3210 auditorum
1189 3158 1554 3212 imbecillitati.
1582 3158 1703 3212 Ideo
1724 3173 1841 3213 cum
1863 3158 2027 3213 dixis-

435 3259 537 3313 set,
565 3248 788 3303 Deducet
811 3267 895 3303 vos
922 3251 973 3301 in
999 3266 1195 3303 onmem
1223 3251 1499 3315 veritatem,
1523 3250 1725 3304 addidit
1756 3270 1768 3303 :
1805 3249 1924 3303 Non
1945 3252 2023 3303 lo-

433 3350 613 3409 quetur
637 3356 671 3393 a
705 3343 991 3409 semetipso.
1022 3341 1172 3406 Qttod
1212 3342 1353 3396 enim
1385 3341 1614 3410 Spiritus
1641 3342 1881 3397 doctrina
1914 3359 2019 3398 non

434 3442 608 3501 egeat,
638 3432 762 3486 audi
792 3431 1014 3486 Paulum
1046 3433 1309 3487 dicentem
1342 3451 1355 3485 :
1396 3432 1482 3486 Ita
1530 3444 1576 3485 et
1621 3450 1733 3503 qua:
1774 3435 1866 3486 Dei
1908 3443 2026 3489 sunt

435 3540 579 3578 nemo
606 3525 762 3590 novit,
792 3525 887 3577 nisi
935 3525 1157 3594 Spiritus
1202 3522 1408 3596 Dei(l.
1438 3523 1555 3578 Cor.
1578 3524 1632 3578 2.
1669 3526 1725 3578 ll
1751 3524 1788 3593 ).
1821 3527 2021 3591 Quem-

435 3618 725 3673 admodum
756 3632 885 3688 ergo
933 3619 1151 3686 spiritus
1194 3618 1423 3672 hominis
1451 3634 1554 3671 non
1583 3617 1651 3671 ab
1694 3619 1798 3670 alio
1832 3617 2023 3671 doctus

436 3710 627 3766 novit:
660 3710 732 3764 ita
759 3709 987 3779 Spiritus
1026 3718 1242 3763 sanctus
1283 3707 1359 3760 De
1408 3725 1516 3762 meo
1542 3709 1793 3779 accipiet;
1839 3708 1889 3762 id
1919 3716 2020 3775 est,

438 3800 628 3858 Verbis
664 3801 799 3856 meis
838 3816 1074 3857 consona
1111 3800 1273 3856 dicet.
1318 3799 1502 3855 Omnia
1539 3818 1860 3871 qtuecuntque
1915 3800 2022 3855 Pa-

437 3902 512 3947 ter
540 3893 707 3959 habet,
748 3908 856 3946 mea
884 3902 1023 3946 sunt.
1069 3892 1200 3960 Quia
1239 3907 1367 3961 ergo
1415 3908 1530 3945 mea
1562 3902 1683 3946 sttnt
1710 3894 1818 3956 illa,
1848 3893 2021 3961 Spiri-

438 3995 525 4040 tus
553 3995 730 4042 autem
756 4000 821 4041 ex
854 3985 919 4039 iis
947 4000 1066 4055 qua:
1105 3983 1280 4038 Patris
1311 3993 1435 4037 sunt
1475 3984 1737 4054 loquetur,
1777 3999 1844 4037 ex
1890 3985 2022 4039 ineis

437 4074 701 4146 loquetur.

507 4168 558 4222 '5.
587 4168 753 4235 Quare
775 4169 997 4236 Spiritus
1023 4183 1122 4221 non
1146 4178 1263 4221 ante
1288 4168 1537 4221 advenerit
1564 4185 1716 4236 quam
1741 4168 2022 4222 recessisset

438 4260 686 4314 Christus.
728 4258 1094 4331 Hyposlasium
1123 4259 1397 4312 distinctio.
1426 4258 1722 4329 Equalitas
1755 4258 2023 4312 Persona—

441 4369 651 4406 rum.—-—
684 4352 791 4407 Cur
810 4361 985 4405 autem
1023 4366 1131 4405 non
1167 4350 1313 4405 venit
1347 4350 1577 4419 Spiritus
1604 4361 1892 4421 antequam
1932 4351 2021 4405 ille

440 4445 784 4502 discederet?
811 4444 944 4512 Quia
967 4459 1090 4499 cum
1122 4443 1355 4499 nondum
1387 4444 1724 4498 maledictum
1752 4444 2018 4498 sublatum

437 4548 575 4607 erat,
605 4535 839 4594 nondum
864 4545 1138 4607 peccatum
1166 4546 1280 4590 erat
1302 4536 1553 4600 solutum,
1584 4536 1677 4591 sed
1705 4536 1878 4590 adhuc
1904 4552 2021 4591 om.

441 4646 539 4688 nes
564 4629 825 4701 supplicio
848 4627 1063 4683 obnoxii
1089 4637 1278 4693 erant,
1312 4643 1417 4681 non
1463 4637 1682 4682 venerat
1706 4628 1813 4682 ille.
1843 4627 2016 4698 Opor-

439 4732 517 4777 tet
532 4737 682 4793 ergo,
702 4720 887 4790 inquit,
904 4718 1232 4774 inimicitiam
1255 4719 1409 4783 solvi,
1441 4728 1495 4773 et
1520 4734 1618 4773 nos
1649 4719 1755 4772 Deo
1776 4721 2019 4775 reconci-

443 4815 581 4877 liari,
612 4824 841 4883 tuncque
869 4811 1064 4866 donum
1093 4810 1219 4865 illud
1249 4812 1512 4881 accipere.
1561 4812 1665 4867 Sed
1705 4827 1800 4866 cur
1841 4813 1968 4867 dicit
1996 4854 2013 4878 ,

445 4906 649 4959 Mittam
671 4918 781 4956 eum
803 4901 831 4956 2
859 4901 916 4957 Id
951 4911 1054 4969 est,
1077 4900 1185 4956 Vos
1211 4901 1523 4972 praeparabo
1566 4901 1633 4957 ad
1682 4903 1824 4956 illum
1866 4906 2017 4958 reci-

447 4995 718 5067 piendum.
763 4991 1042 5060 Quomodo
1073 4992 1213 5046 enim
1241 4992 1329 5061 qui
1357 4992 1551 5061 ubique
1579 5004 1662 5047 est
1681 5033 1696 5059 ,
1728 4995 1964 5047 mittatur
1991 4995 2014 5047 tl

448 5086 695 5157 Alioquin
730 5092 906 5138 autem
929 5081 1296 5154 hypostasium
1338 5082 1731 5136 distinctionem
1759 5087 2012 5140 ostendit.

443 5179 568 5235 Ideo
594 5178 711 5235 haec
741 5178 811 5232 ita
836 5176 1069 5246 loquitur
1100 5192 1115 5230 :
1159 5183 1213 5229 et
1239 5190 1358 5230 cum
1386 5175 1471 5227 vix
1502 5184 1719 5242 possent
1747 5177 1820 5230 illi
1861 5192 2017 5247 sepa-

443 5272 572 5334 rari,
610 5281 667 5324 ut
694 5268 913 5341 Spiritui
962 5267 1231 5331 haereant,
1282 5266 1559 5335 ipsumque
1582 5265 1775 5327 colant,
1804 5269 2010 5322 suadet.

440 5362 654 5417 Poterat
680 5359 823 5415 enim
849 5365 905 5414 et
929 5357 1040 5428 ipse
1063 5356 1181 5412 haec
1208 5357 1441 5427 operari;
1469 5357 1561 5411 sed
1584 5357 1703 5412 ideo
1729 5358 1897 5426 ipsum
1916 5360 2014 5413 mi-

439 5455 618 5511 racula
640 5462 855 5525 patrare
879 5451 1025 5516 sinit,
1053 5460 1110 5505 ut
1135 5450 1251 5519 ejus
1296 5449 1607 5520 dignitatem
1638 5452 1895 5508 ediscant.
1921 5454 2010 5509 Si-

440 5557 532 5602 cut
556 5547 699 5603 cuim
734 5546 891 5600 Pater
929 5559 1048 5614 qua:
1082 5550 1210 5598 sunt
1245 5541 1543 5613 producere
1589 5544 1790 5612 potuit,
1844 5544 2011 5599 Filius

438 5646 617 5691 autem
645 5635 871 5707 idipsum
896 5634 1058 5699 facit,
1106 5644 1165 5688 ut
1188 5632 1304 5704 ejus
1357 5632 1628 5689 discamus
1671 5636 2007 5704 potentiam:

440 5726 520 5780 sic
547 5734 603 5779 et
633 5724 884 5794 Spiritus.
941 5723 1067 5781 Ideo
1116 5725 1230 5794 ipse
1268 5724 1573 5780 incarnatus
1620 5736 1737 5793 est,
1790 5727 2007 5798 Spiritui

441 5813 798 5884 operationem
850 5830 1129 5871 reservans
1156 5854 1173 5882 ,
1201 5823 1258 5870 ut
1298 5830 1481 5871 eorum
1528 5815 1829 5875 Obstrueret
1876 5834 2001 5889 ora,

1208 367 1265 424 S.
1310 368 1587 425 JOANNIS
1623 366 2091 424 CIIItYSUSTONII
2132 368 2449 424 ARCIIIEP.
2489 370 3021 431 CONSTANTINOP.

3604 381 3705 437 ιε(

2130 484 2217 554 qui
2246 484 2522 542 ineﬂ'abilis
2540 487 2878 559 benignitatis
2901 502 3270 562 argumentum
3297 493 3349 550 in
3371 495 3704 551 occasionem

2132 576 2420 646 impietatis
2448 582 2770 650 arriperent.
2798 584 2930 637 Cum
2958 586 3101 639 enim
3131 586 3334 652 dicunt,
3364 587 3489 643 Ideo
3522 592 3697 643 incar-

2133 677 2282 721 natus
2324 681 2407 725 est
2436 670 2620 735 Filius.
2645 674 2768 743 quia
2808 674 3029 731 inferior
3074 677 3229 733 Patre
3264 687 3377 734 erat
3403 722 3421 746 ,
3453 681 3581 750 ipsis
3621 696 3709 737 re.

2131 759 2514 827 spondebimus
2544 782 2557 817 :
2585 763 2720 830 Quid
2763 781 2890 836 ergo
2915 767 3101 823 dicetis
3122 770 3190 823 de
3228 771 3427 841 Spiritu
3470 783 3655 827 sancto
3682 773 3706 826 'l

2128 848 2243 903 Non
2275 852 2418 905 enim
2449 868 2663 909 carnem
2686 859 2924 925 accepit,
2975 875 3145 929 neque
3190 872 3363 916 tamen
3391 862 3510 917 ideo
3534 863 3703 933 majo-

2128 956 2240 994 rem
2272 940 2409 996 Filio
2451 942 2659 1011 dicetis,
2692 962 2866 1015 neque
2896 947 3084 1001 Filiqu
3116 951 3206 1003 illo
3234 951 3552 1006 inferiorem.
3582 952 3703 1007 Ideo

2128 1031 2197 1085 ab
2239 1032 2558 1102 baptismum
2589 1035 2821 1091 Trinitas
2848 1042 3159 1095 assumitur.
3194 1042 3323 1096 Nam
3352 1043 3510 1099 Pater
3537 1054 3701 1099 totum

2130 1122 2389 1192 perlicere
2428 1135 2636 1195 potest,
2664 1138 2718 1183 et
2744 1128 2941 1196 Filius,
2974 1140 3029 1185 et
3051 1130 3280 1201 Spiritus
3310 1144 3527 1191 sanctus
3559 1154 3572 1190 :
3606 1153 3701 1193 vc-

2128 1231 2245 1269 rum
2276 1218 2397 1287 quia
2423 1218 2489 1273 de
2517 1220 2671 1275 Patre
2697 1237 2854 1276 nemo
2884 1223 3123 1290 dubitat,
3165 1225 3261 1279 sed
3306 1227 3523 1283 dubium
3554 1229 3695 1284 circa

2130 1306 2323 1362 Filium
2353 1318 2407 1363 et
2445 1310 2700 1379 Spiritum
2743 1322 2985 1368 sanctum
3020 1325 3293 1384 versatur,
3331 1318 3381 1371 in
3413 1319 3706 1377 initiatione

2129 1403 2436 1469 assumitur,
2465 1412 2523 1457 ut
2555 1405 2606 1457 in
2628 1408 2895 1460 communi
2926 1407 3205 1477 largitione
3237 1410 3580 1466 ineﬂ‘abilium
3608 1413 3702 1467 Ito-

2132 1509 2354 1554 norum,
2405 1496 2678 1565 dignitatis
2729 1502 3155 1558 communionem
3208 1504 3528 1561 ediscamus.
3572 1506 3703 1561 Nam

2129 1589 2269 1657 quod
2302 1588 2470 1644 Filius
2505 1605 2600 1659 per
2625 1592 2857 1661 seipsum
2885 1609 2945 1649 ea
2979 1595 3165 1664 possit,
3189 1611 3309 1666 quae
3332 1598 3382 1651 in
3413 1598 3703 1667 baptisma-

2133 1690 2183 1735 te
2212 1697 2332 1735 cum
2362 1682 2518 1736 Patre
2548 1693 2758 1752 potest,
2800 1693 2958 1755 atque
3000 1687 3161 1741 etiam
3187 1688 3413 1757 Spiritus
3444 1701 3657 1744 sanctus
3686 1732 3701 1755 ,

2129 1775 2273 1830 clare
2304 1775 2502 1830 dictum
2536 1777 2681 1831 audi.
2712 1776 2841 1831 Nam
2893 1777 3092 1833 Iudaeis
3142 1781 3355 1835 dicebat
3387 1803 3400 1836 :
3446 1780 3513 1836 Ut
3538 1782 3706 1835 sciatis

2129 1871 2249 1938 quia
2276 1882 2565 1939 potestatem
2591 1872 2736 1926 habet
2764 1872 2930 1928 Filius
2950 1875 3166 1929 hominis
3196 1877 3247 1929 in
3278 1887 3409 1929 terra
3442 1877 3695 1930 dimitten-

2130 1965 2182 2017 di
2208 1974 2408 2033 peccata
2438 1966 2455 2035 (
2487 1964 2652 2019 Marc.
2686 1965 2742 2020 2.
2796 1968 2861 2021 10
2890 1967 2943 2032 );
2974 1979 3027 2021 et
3062 1984 3273 2023 rursum
3297 2011 3311 2035 ,
3353 1968 3420 2023 Ut
3446 1970 3541 2038 ﬁlii
3582 1970 3708 2023 lucis

2128 2054 2282 2119 sitis;
2324 2064 2397 2118 et,
2430 2055 2540 2126 Ego
2568 2058 2718 2111 vitam
2757 2068 2997 2112 wternam
3022 2060 3087 2113 do
3126 2061 3194 2114 eis
3222 2075 3241 2125 ;
3280 2069 3333 2115 et
3360 2071 3545 2130 postea
3570 2102 3583 2123 ,
3640 2059 3709 2115 Ut

2128 2146 2280 2201 vitam
2309 2149 2555 2214 habeant,
2578 2161 2623 2203 et
2652 2151 2992 2207 abundantius
3020 2152 3235 2206 habeant
3261 2154 3279 2222 (
3302 2152 3459 2207 Joan.
3496 2154 3581 2209 I2.
3607 2156 3699 2210 ⁸56.

2131 2249 2176 2293 et
2194 2238 2277 2294 10.
2296 2239 2387 2295 28.
2410 2239 2538 2311 10).
2586 2241 2872 2297 Videamus
2897 2260 3108 2314 quoque
3132 2245 3384 2315 Spiritum
3412 2245 3513 2299 hoc
3539 2247 3707 2315 ipsum

2132 2328 2435 2386 facientem.
2470 2331 2740 2389 Ubinam?
2774 2333 3071 2406 Unicuique,
3104 2336 3198 2401 ait,
3227 2336 3563 2404 manifestatio
3589 2336 3711 2406 Spi-

2131 2422 2257 2477 ritus
2286 2422 2437 2477 datur
2465 2425 2533 2477 ad
2553 2426 2819 2480 utilitatem
2865 2428 2882 2497 (
2915 2428 2966 2482 1.
3012 2425 3129 2483 Cor.
3165 2426 3253 2482 i2.
3279 2429 3309 2482 7
3347 2430 3384 2496 ).
3416 2428 3516 2494 Qui
3583 2444 3711 2498 ergo

2131 2515 2247 2571 hmc
2271 2516 2507 2581 exhibet,
2541 2518 2711 2572 multo
2740 2519 2909 2590 magis
2938 2529 3153 2589 peccata
3203 2520 3441 2575 dimittit.
3494 2522 3561 2575 Et
3607 2521 3707 2575 ite-

2134 2625 2249 2663 rum
2271 2651 2287 2671 ,
2316 2610 2539 2680 Spiritus
2563 2620 2638 2665 est
2666 2613 2751 2683 qui
2778 2613 2993 2681 viviﬁcat
3047 2611 3242 2683 (Joan.
3280 2615 3334 2671 6.
3374 2614 3443 2669 64
3486 2612 3505 2685 )
3532 2632 3546 2679 ;
3611 2623 3665 2669 et
3690 2655 3709 2681 .

2145 2697 2422 2768 Viri/icabit
2438 2718 2526 2770 per
2540 2703 2903 2757 inhabitantem
2922 2703 3170 2774 Spiritum
3192 2706 3243 2758 in
3262 2704 3397 2759 vobis
3429 2707 3446 2777 (
3477 2704 3629 2759 Rom.
3654 2707 3708 2763 8.

2134 2791 2194 2845 11
2226 2792 2243 2862 )
2270 2809 2284 2856 ;
2324 2802 2376 2845 et
2396 2834 2410 2856 ,
2451 2793 2674 2863 Spiritus
2695 2795 2796 2848 vita
2830 2812 2919 2863 per
2938 2797 3196 2867 justitiam
3224 2799 3241 2868 (
3281 2795 3419 2850 Ibid.
3457 2814 3507 2849 v.
3539 2798 3605 2851 10
3635 2798 3651 2865 )
3691 2815 3707 2861 ;

2132 2893 2187 2937 et
2204 2901 2436 2948 rursum,
2470 2886 2530 2941 Si
2553 2886 2751 2953 Spiritu
2776 2889 3037 2945 ducimini.
3071 2906 3172 2943 non
3190 2891 3304 2944 estis
3324 2891 3418 2944 sub
3444 2891 3708 2962 lege(Gal.

2133 2970 2185 3023 5.
2222 2971 2335 3033 18).
2370 2968 2492 3023 Non
2522 2974 2653 3025 enim
2681 2974 2943 3042 accepistis
2988 2975 3220 3044 spiritum
3249 2976 3499 3030 servitutis
3533 2978 3711 3030 iterum

2130 3064 2183 3114 in
2229 3064 2441 3125 timore;
2474 3065 2562 3116 sed
2592 3066 2850 3134 accepistis
2877 3065 3126 3137 Spiritum
3159 3068 3443 3137 adeptionis
3485 3070 3712 3138 ﬁliorum

2131 3150 2309 3222 (Rom.
2329 3152 2382 3208 8.
2412 3154 2521 3224 15).
2552 3154 2701 3210 Tunc
2728 3171 2853 3211 vero
2873 3172 2989 3226 qua:
3011 3157 3273 3213 faciebant
3310 3160 3585 3225 miracula,
3616 3176 3711 3231 per

2131 3245 2388 3313 Spiritum
2411 3247 2497 3314 qui
2530 3258 2907 3314 supervenerat
2923 3249 3166 3303 edebant.
3192 3249 3258 3304 Et
3278 3251 3565 3306 Corinthiis
3581 3253 3712 3308 scri-

2130 3336 2263 3391 bens
2289 3336 2497 3390 dicebat
2526 3338 2719 3391 Paulus
2744 3355 2757 3390 :
2794 3338 2900 3393 Sed
2936 3339 3094 3392 abluti
3119 3341 3267 3407 estis,
3299 3343 3386 3395 sed
3410 3344 3710 3411 sanctiﬁcati

2130 3430 2245 3481 estis
2273 3430 2323 3481 in
2342 3430 2541 3482 nomine
2566 3428 2771 3482 Domini
2796 3433 2954 3485 nostri
2989 3431 3114 3485 Jesu
3144 3432 3346 3497 Christi,
3387 3443 3434 3487 et
3460 3435 3513 3487 in
3536 3434 3709 3504 Spiri-

2130 3528 2184 3570 tu
2213 3518 2305 3572 Dei
2335 3521 2494 3573 nostri
2542 3520 2559 3589 (
2592 3521 2641 3573 1.
2667 3519 2785 3575 Cor.
2808 3521 2861 3576 6.
2896 3523 2955 3577 11
2982 3524 3025 3592 ).
3066 3522 3197 3578 Cum
3246 3525 3406 3594 igitur
3432 3527 3592 3579 multa
3642 3526 3709 3580 de

2130 3611 2287 3665 Patre
2316 3612 2630 3680 audissent,
2660 3622 2714 3668 et
2740 3614 2929 3669 Filium
2960 3616 3219 3671 vidissent
3270 3619 3435 3672 multa
3479 3634 3707 3687 operan-

2132 3711 2236 3757 tem
2256 3744 2271 3769 ,
2302 3703 2369 3757 de
2398 3703 2593 3773 Spiritu
2616 3714 2791 3759 autem
2834 3706 3096 3763 nihildum
3148 3711 3428 3765 manifeste
3464 3712 3663 3766 scirent
3691 3730 3705 3766 :

2129 3794 2242 3862 ipse
2272 3795 2525 3850 miracula
2544 3796 2746 3861 edit,et
2776 3799 3065 3868 perlectam
3098 3802 3301 3857 inducit
3323 3805 3704 3875 cognitionem.

2127 3885 2232 3941 Sed
2259 3902 2325 3942 ne
2351 3887 2473 3942 hinc
2499 3887 2670 3957 major
2693 3904 2811 3945 esse
2833 3900 3106 3960 putaretur
3132 3933 3147 3958 ,
3172 3902 3229 3947 ut
3251 3893 3360 3948 dixi
3383 3936 3399 3958 .
3445 3895 3566 3950 ideo
3590 3897 3665 3950 ait
3689 3914 3702 3950 :

2131 3978 2471 4047 Quaecumque
2514 3979 2702 4043 audiet,
2754 3980 3019 4050 loquetur,
3062 3992 3107 4035 et
3155 3999 3267 4048 qua:
3304 3993 3510 4039 ventura
3557 3996 3702 4051 sunt,

2126 4070 2463 4123 annuntiabit.
2495 4070 2626 4125 Nam
2658 4072 2757 4126 nisi
2782 4072 2881 4127 hoc
2899 4083 3059 4138 esset,
3088 4075 3356 4145 quomodo
3384 4092 3489 4130 non
3518 4076 3706 4132 absur-

2126 4164 2250 4217 dum
2286 4164 2445 4230 foret,
2476 4165 2519 4217 si
2550 4174 2676 4219 tunc
2700 4165 2979 4219 auditurus
3009 4176 3172 4233 esset,
3197 4177 3251 4222 et
3293 4178 3512 4237 pr0pter
3536 4169 3700 4223 disci-

2131 4255 2324 4326 pulos?
2349 4255 2531 4325 Neque
2554 4258 2695 4311 enim
2741 4257 3030 4312 secundum
3063 4273 3159 4313 vos
3191 4267 3315 4314 tunc
3343 4261 3583 4314 notitiam
3606 4276 3699 4314 ac-

2139 4360 2390 4420 cepturus
2412 4360 2545 4416 erat,
2576 4350 2679 4404 nisi
2707 4360 2924 4419 propter
2952 4351 3244 4406 audituros.
3269 4354 3383 4418 Quo
3404 4353 3546 4408 dicto
3574 4354 3702 4423 quid

2126 4440 2356 4509 iniquius
2377 4440 2578 4495 fuerit?
2609 4441 2880 4511 Alioquin,
2908 4442 3031 4511 quid
3058 4442 3337 4498 auditurus
3358 4444 3499 4498 erat?
3524 4460 3702 4500 noane

2127 4528 2241 4584 haec
2261 4530 2436 4584 omnia
2467 4530 2674 4585 dixerat
2696 4546 2789 4600 per
2820 4532 3109 4601 prophetas
3134 4533 3156 4586 ?
3193 4533 3322 4587 Nam
3345 4534 3459 4589 sive
3481 4533 3546 4588 de
3569 4534 3700 4604 legis

2125 4620 2389 4676 solutione
2419 4622 2733 4691 loquuturus
2754 4632 2889 4685 erat,
2910 4623 3024 4677 sive
3049 4623 3117 4676 de
3146 4622 3383 4690 Christo,
3413 4625 3479 4679 de
3506 4626 3702 4679 divini-

2126 4722 2252 4777 tate,
2284 4723 2338 4768 et
2364 4714 2431 4769 de
2454 4713 2834 4778 incarnatione,
2867 4714 2981 4769 lucc
2998 4714 3107 4784 jam
3131 4715 3268 4770 dicta
3293 4717 3526 4772 fuerant.
3555 4718 3697 4783 Quid

2124 4806 2266 4859 enim
2296 4805 2533 4875 apertius
2556 4815 2737 4875 postea
2780 4806 3019 4861 dicturus
3050 4807 3206 4861 erat?
3258 4805 3327 4861 Et
3348 4824 3459 4878 qua:
3489 4819 3699 4861 ventura

2121 4910 2259 4964 sunt,
2303 4898 2645 4955 annuntiabit.
2679 4900 2776 4954 Ilio
2805 4900 3037 4955 maxime
3058 4902 3291 4957 ostendit
3317 4902 3434 4973 ejus
3460 4902 3695 4972 dignita-

2125 5001 2263 5046 tem:
2294 5007 2416 5045 nam
2446 4991 2540 5046 Dei
2563 4992 2791 5047 maxime
2816 4993 3087 5060 prOprium
3119 5002 3229 5061 est,
3281 4994 3456 5048 futura
3491 4994 3693 5064 praedi-

2120 5098 2264 5139 cere.
2292 5082 2445 5151 Quod
2482 5082 2526 5136 si
2555 5083 2656 5137 hoc
2697 5082 2869 5138 discat
2895 5083 2963 5137 ab
2991 5084 3145 5149 aliis,
3195 5084 3324 5139 nihil
3375 5087 3494 5155 plus
3531 5101 3694 5156 quam

2119 5174 2391 5245 pr0phetze
2444 5174 2697 5229 habebit:
2743 5174 2837 5229 sed
2864 5173 2949 5229 hic
2977 5174 3429 5229 accuratissimam
3474 5178 3525 5230 in
3578 5176 3696 5230 Deo
3756 5206 3763 5243 ι

2118 5267 2473 5338 cognitionem
2523 5266 2783 5332 ostendit,
2816 5266 2957 5338 quod
2997 5266 3127 5321 nihil
3147 5268 3289 5322 aliud
3322 5269 3464 5338 loqui
3498 5268 3690 5339 possit.
3760 5260 3763 5265 ’

2118 5360 2250 5416 Illud
2281 5376 2433 5425 vero,
2464 5359 2537 5415 De
2556 5377 2667 5416 meo
2688 5360 2898 5429 accipiet
2922 5377 2943 5426 ;
2978 5376 3169 5429 nempe
3196 5361 3264 5416 de
3288 5365 3458 5431 gratia
3488 5378 3607 5433 quae
3638 5363 3689 5415 in

2115 5466 2331 5506 carnem
2357 5464 2529 5505 meam
2552 5448 2788 5513 advenit,
2819 5450 2937 5504 sive
2972 5449 3041 5505 de
3077 5450 3164 5505 illa
3192 5451 3339 5520 ipsa,
3389 5469 3549 5520 quam
3590 5469 3693 5522 ego

2116 5543 2289 5597 habeo
2304 5542 2642 5612 cognitione;
2672 5554 2776 5595 non
2803 5540 2953 5610 quasi
2973 5551 3146 5611 egeat,
3174 5543 3256 5597 vel
3284 5544 3351 5598 ab
3371 5544 3690 5612 aliodiscat,

2123 5634 2217 5689 sed
2234 5633 2374 5704 quod
2404 5647 2508 5687 una
2536 5631 2834 5702 eademque
2860 5631 2930 5685 sit
2955 5632 3210 5703 cognitio.
3255 5634 3369 5690 Cur
3401 5650 3533 5690 vero
3561 5634 3640 5691 sic
3670 5675 3691 5704 ,

2118 5741 2291 5796 neque
2310 5726 2466 5779 aliter
2488 5721 2664 5777 dixit?
2701 5723 2837 5790 Quia
2872 5722 3106 5778 nondum
3159 5723 3391 5794 Spiritus
3442 5726 3688 5780 notitiam

2116 5818 2402 5876 habebant.
2424 5814 2599 5883 Quare
2627 5828 2788 5870 unum
2818 5822 3021 5871 tantum
3065 5826 3249 5885 curat,
3285 5827 3341 5873 ut
3365 5817 3691 5873 credatures
