4126 6366
335 324 440 382 423

317 439 513 509 λέγων,
553 439 671 494 Ἀπ’
707 435 967 508 ἐμαυτοῦ
1010 437 1084 492 οὐ
1112 437 1301 504 λαλῶ,
1328 439 1486 492 τοῦτὸ
1507 457 1690 508 φησιν,
1721 442 1800 493 ὃτι
1828 438 1982 492 οὐδὲν

318 528 476 592 ἐκτὸς
506 527 616 582 τῶν
659 526 752 580 τοῦ
789 525 1021 597 Πατρὸς,
1056 525 1207 578 οὐδὲν
1237 525 1366 578 ἴδιόν
1405 543 1457 578 τι
1489 529 1615 598 παρ’
1654 529 1857 581 ἐκεῖνον
1887 527 1982 579 καὶ

318 613 597 685 ἀλλότριον
620 631 634 645 ⁸
665 612 804 666 οὕτω
829 614 921 665 καὶ
947 613 1038 664 ἐπὶ
1061 612 1153 664 τοῦ
1183 611 1517 681 Πνεύματος.
1555 613 1627 666 T0
1650 613 1727 679 δὲ,
1762 614 1855 666 Ἐκ
1875 612 1981 666 τοῦ

316 699 484 768 ἐμοῦ,
511 699 570 764 ἐξ
611 693 686 751 ῶν
716 697 824 766 ἐγὼ
857 694 994 761 οἶδα,
1032 700 1096 751 ἐκ
1126 699 1222 768 τῆς
1253 699 1394 769 ἐμῆς
1423 698 1695 768 γνώσεως.
1734 700 1848 753 Μία
1873 700 1980 770 γὰρ

315 787 450 855 ἐμοῦ
485 786 580 839 καὶ
629 785 723 838 τοῦ
780 785 1091 854 Πνεύματος
1152 784 1372 852 γνῶσις.
1419 785 1526 839 Καὶ
1576 787 1648 839 τὰ
1691 786 1983 854 ἐρχόμενα

311 871 634 942 ἀναγγελεῖ
669 873 828 941 ὑμῖν.
871 873 1102 943 Ἐπῆρεν
1154 872 1332 924 αὐτῶν
1381 874 1479 943 τὴν
1530 873 1769 928 διάνοιαν
1803 893 1816 904 ·
1845 874 1982 945 πρὸς

311 959 462 1011 οὐδὲν
490 959 598 1030 γὰρ
625 957 766 1011 οὕτω
793 958 972 1028 λίχνον
999 957 1058 1010 τὸ
1086 957 1421 1028 ἀνθρώπειον
1444 958 1620 1026 γένος,
1654 959 1728 1022 ὼς
1759 960 1894 1030 πρὸς
1921 961 1982 1013 τὸ

313 1043 604 1114 μανθάνειν
656 1044 728 1097 τά
778 1045 1058 1114 μέλλοντα.
1101 1044 1269 1098 Τοῦτο
1301 1045 1445 1112 ,γοῦν
1477 1045 1715 1115 συνεχῶς
1755 1045 1980 1116 ἠρώτων

309 1134 492 1200 αὑτὸν,
529 1133 649 1187 Ποῦ
672 1133 960 1202 ὑπάγειςς
1008 1133 1090 1196 τίς
1114 1131 1265 1207 [461]
1296 1135 1442 1187 ἐστιν
1476 1136 1510 1204 ὴ
1529 1135 1678 1200 ὁδός,
1707 1135 1815 1187 K01
1845 1134 1979 1188 ταύ-

307 1237 408 1289 της
457 1217 551 1275 οὖν
603 1221 965 1275 ἀπαλλάττων
991 1222 1188 1285 αὐτοὺς
1223 1223 1322 1292 τῆς
1361 1221 1660 1292 φροντίδος,
1701 1222 1868 1290 λέγει,
1899 1224 1980 1277 ὅτι

309 1309 494 1362 Πάντα
521 1310 651 1380 ὑμῖν
707 1313 954 1381 προερεῖ,
996 1309 1139 1363 ὥστε
1195 1311 1269 1382 μὴ
1326 1311 1582 1380 ἐμπεσεῖν
1631 1309 1975 1378 ἀφυλάκτως.

322 1397 584 1464 Ἐκεῖνος
622 1398 728 1468 ἐμὲ
767 1398 1034 1463 δοξάσει.
1061 1398 1216 1464 Πῶς;
1262 1399 1350 1450 Ἐν
1381 1398 1458 1468 τῷ
1491 1398 1713 1468 ὀνόματι
1751 1398 1826 1468 τῷ
1862 1397 1980 1468 ἐμῷ

307 1483 473 1538 δώσει
494 1487 592 1549 τάς
615 1486 914 1557 ἐνεργείας.
946 1487 1164 1557 Ἐπειδὴ
1183 1486 1293 1558 γὰρ
1319 1487 1540 1557 μείζονα
1560 1485 1780 1556 ἔμελλον
1806 1489 1979 1540 ποιεῖν

309 1575 514 1644 σημεῖα
541 1575 979 1646 παραγινομένου
1000 1575 1095 1627 τοῦ
1135 1573 1470 1645 Πνεύματος,
1499 1574 1585 1626 διὰ
1631 1575 1787 1627 τοῦτο
1819 1574 1979 1628 πάλιν

307 1660 409 1730 τὴν
448 1661 718 1730 ἰσοτιμίαν
750 1663 1004 1730 εἰσάγων,
1046 1662 1241 1733 φησίνο
1301 1661 1557 1726 Ἐκεῖνος
1583 1661 1685 1730 ἐμὲ
1707 1661 1974 1726 δοξάσει.

308 1750 476 1803 Ποίαν
506 1750 652 1813 λέγει
681 1748 888 1804 πᾶσαν
913 1750 1227 1817 ἀλήθειανς
1255 1750 1363 1803 K01
1387 1749 1494 1820 γὰρ
1526 1751 1621 1802 καὶ
1650 1749 1806 1804 τοῦτο
1831 1748 1979 1820 αὑτῷ

311 1841 600 1909 μαρτυρεῖ,
625 1839 707 1891 ὃτι
748 1838 911 1900 αὐτὸς
938 1840 1087 1909 ἡμᾶς
1122 1838 1187 1892 ἂν
1237 1839 1491 1909 ὁδηγήσει
1538 1840 1618 1901 εἰς
1660 1839 1840 1890 πᾶσαν
1880 1839 1978 1907 τὴν

307 1924 585 1994 ἀλήθειαν.
617 1924 786 1987 Αὐτὸς
825 1924 923 1994 μὲν
972 1925 1079 1995 γὰρ
1138 1925 1232 1978 καὶ
1263 1925 1351 1978 διά
1389 1925 1451 1977 :0
1507 1924 1686 1995 σάρκα
1737 1927 1982 1995 περικεῖ-

309 2012 458 2074 σθαι,
493 2012 586 2066 καὶ
641 2013 729 2066 διὰ
773 2013 833 2066 :0
874 2014 949 2083 μῆ
987 2012 1189 2078 δόξαι·
1227 2015 1356 2084 περὶ
1408 2013 1602 2066 ἑαυτοῦ
1645 2012 1843 2081 λέγειν,
1885 2013 1980 2066 x01

306 2097 399 2154 διά
455 2100 516 2153 τὸ
579 2100 803 2170 μηδέπω
833 2103 1030 2164 αὐτοὺς
1066 2102 1167 2172 τὴν
1213 2102 1508 2154 ἀνάστασιν
1538 2099 1731 2154 εἰδέναι
1767 2099 1977 2169 σαφῶς,

305 2188 404 2239 καί
428 2187 812 2260 ἀτελεστέρους
843 2184 1002 2252 εἶναι,
1034 2189 1129 2242 x01
1160 2188 1248 2244 διὰ
1268 2190 1394 2253 τοὺς
1434 2188 1738 2252 Ἰουδαίους,
1786 2189 1872 2242 ἴνα
1903 2189 1978 2259 μὴ

303 2273 383 2337 ὡς
405 2275 825 2347 παρανομοῦντα
856 2276 1049 2341 δόξωσι
1089 2276 1357 2342 κολάζειν,
1389 2276 1542 2330 οὐδὲν
1593 2277 1734 2347 μέγα
1785 2275 1980 2344 ἐφθέγ-

304 2379 436 2432 γετο
466 2365 723 2436 συνεχῶς,
750 2364 876 2418 06:5
906 2365 1000 2418 :06
1031 2365 1196 2436 νόμου
1225 2365 1409 2434 σαφῶς
1431 2365 1758 2436 ἀπέστησεν.
1803 2364 1979 2416 Ἐπει-

306 2451 374 2522 δὴ
407 2451 464 2506 δέ
493 2453 674 2506 αὐτῶν
703 2453 1114 2524 ἀπεσχίσθησαν
1138 2455 1187 2507 οί
1219 2453 1480 2524 μαθηταὶ,
1519 2454 1613 2506 καὶ
1652 2453 1758 2520 ἔξω
1793 2452 1979 2506 λοιπὸν

303 2535 450 2612 ἦσαν
484 2543 704 2604 ἐκεῖνοι,
750 2540 1063 2595 1:011:01101
1113 2539 1388 2596 πιστεύειν
1438 2540 1681 2612 ἔμελλον,
1725 2543 1820 2596 καὶ
1870 2542 1980 2595 τῶν

308 2630 723 2701 ἁμαρτημάτων
756 2629 1034 2698 ἀφίεσθαι,
1058 2630 1152 2683 καὶ
1193 2629 1342 2683 ἄλλοι
1378 2624 1517 2701 ἦσαν
1560 2630 1610 2682 οί
1648 2629 1775 2699 1:591
1814 2629 1977 2682 06:06

307 2717 574 2786 λέγοντες,
588 2717 784 2770 οὐκέτι
799 2718 959 2780 06:0;
976 2719 1101 2789 1:591
1118 2716 1311 2771 ἐαυτοῦ
1331 2718 1541 2789 μεγάλα
1555 2717 1776 2780 εἰκότως
1792 2717 1981 2786 ἐφθέγ-

308 2821 452 2874 75:0.
488 2805 647 2857 Ὥστε
667 2805 726 2857 οὐ
753 2805 854 2875 τῆς
875 2805 1096 2873 ἀγνοίας
1121 2805 1218 2874 τῆς
1247 2794 1412 2876 ἐμῆς,
1438 2805 1589 2875 φησί,
1617 2805 1676 2857 :0
1703 2805 1777 2876 μὴ
1807 2809 1979 2858 εἰπεῖν

310 2893 458 2963 ἆπερ
487 2893 662 2946 εἰπεῖν
689 2894 876 2964 ἐχρῆν,
909 2892 1043 2945 ἀλλὰ
1079 2893 1178 2962 τῆς
1205 2891 1313 2944 τῶν
1342 2891 1646 2945 ἀκουόντων
1675 2892 1974 2955 ἀσθενείας.

308 2981 412 3034 Διά
435 2980 592 3034 τοῦτο
623 2980 812 3044 εἰπὼν,
853 2979 1166 3049 Ὀδηγήσει
1189 2983 1276 3045 εἰς
1295 2979 1501 3034 πᾶσαν
1525 2979 1640 3048 τὴν
1665 2979 1976 3046 ἀλήθειαν,

309 3068 590 3138 ἐπήγαγεν
609 3083 623 3097 ·
661 3067 778 3137 Ἀφ’
809 3069 1026 3122 ἑαυτοῦ
1047 3070 1156 3122 οὐκ
1189 3069 1327 3135 ἐρεῖ.
1359 3068 1481 3120 Ὀτι
1501 3072 1610 3140 γὰρ
1634 3069 1695 3121 06
1728 3068 1980 3121 διδασκα-

308 3154 432 3218 λίας
457 3157 518 3209 :0
545 3156 770 3226 Πνεῦμα
811 3156 1000 3221 δεῖται,
1055 3157 1287 3210 ἄκουσον
1325 3156 1418 3209 τοῦ
1452 3155 1663 3209 Παύλου
1694 3155 1942 3225 λέγοντος
1961 3173 1976 3188 ⁸

313 3244 478 3297 Οὕτω
502 3245 600 3297 καί
625 3244 698 3297 τὰ
727 3245 832 3298 τοῦ
865 3243 1012 3298 Θεοῦ
1037 3243 1235 3308 οὐδεὶς
1263 3240 1444 3305 οἶδεν,
1469 3247 1520 3297 εἰ
1532 3243 1618 3312 μὴ
1647 3243 1714 3297 τὸ
1742 3244 1982 3313 Πνεῦμα

307 3330 420 3385 τοῦ
455 3330 624 3385 Θεοῦ.
688 3331 896 3402 ’Ὥσπερ
941 3328 1033 3385 οὖν
1083 3331 1142 3384 τὸ
1190 3331 1405 3400 πνεῦμα
1454 3330 1546 3384 τοῦ
1601 3331 1886 3402 ἀνθρώπου
1917 3333 1978 3385 06

314 3419 582 3490 μανθάνον
621 3421 749 3490 παρ’
779 3420 962 3489 ἐτέρου
1007 3414 1146 3471 οἶδεν
1171 3435 1184 3448 ·
1221 3418 1363 3472 οὕτω
1417 3419 1512 3471 καὶ
1555 3421 1616 3471 τὸ
1653 3416 1875 3488 Πνεῦμα
1919 3419 1980 3472 :0

313 3507 468 3574 ἅγιον
515 3507 611 3559 Ἐκ
644 3507 750 3560 τοῦ
788 3507 933 3575 ἐμοῦ
971 3505 1232 3574 λήψεται
1259 3523 1271 3534 ·
1314 3506 1578 3571 τουτέστι,
1615 3506 1835 3577 Συνῳδά
1867 3509 1980 3569 τοῖς

313 3594 467 3662 ἐμοῖς
503 3595 638 3664 ἐρεῖ.
672 3593 877 3647 Πάντα
924 3593 1041 3646 ὅσα
1090 3592 1215 3660 ἕχει
1259 3596 1290 3644 ὁ
1339 3592 1561 3661 Πατὴρ,
1619 3593 1732 3662 ἐμά
1788 3593 1977 3650 ἐστιν.

326 3681 479 3733 Ἐπεὶ
509 3677 601 3734 οὖν
625 3682 736 3751 ἐμά
767 3682 913 3734 ἐστιν
951 3682 1152 3740 ἐκεῖνα,
1183 3670 1388 3742 ἐκεῖνος
1416 3680 1473 3733 δὲ
1499 3682 1564 3733 ἐκ
1594 3680 1701 3733 τῶν
1746 3681 1840 3733 τοῦ
1871 3681 1980 3734 Πα-

313 3766 438 3838 :90;
460 3769 596 3838 ἐρεῖ,
629 3770 693 3820 ἐκ
720 3767 824 3820 τῶν
853 3767 1000 3838 ἐμῶν
1021 3769 1152 3838 ἐρεῖ.

383 3857 535 3909 Διατί
565 3857 621 3909 δὲ
676 3857 776 3909 οὐκ
823 3857 1024 3928 ῆρχετο
1067 3857 1195 3926 πρὶν
1243 3855 1276 3926 ῆ
1319 3854 1480 3908 αὑτὸν
1525 3855 1810 3920 ἀπελθεῖν;
1858 3855 1982 3908 Ὅτι

313 3942 468 3998 οὒπω
515 3944 613 4015 τῆς
647 3943 890 4015 κατάρας
919 3942 1201 4014 ἀρθείσης,
1238 3941 1390 3996 οὔπω
1436 3945 1534 4014 τῆς
1588 3943 1861 4014 ἁμαρτίας
1891 3943 1984 3996 λυ-

317 4031 525 4101 θείσης,
561 4030 676 4084 ἀλλ’
705 4030 784 4082 ἔτι
814 4031 1029 4084 πάντων
1065 4029 1378 4082 ὑπευθύνων
1407 4029 1575 4082 ὅντων
1619 4033 1685 4101 τῇ
1719 4029 1977 4100 τιμωρίᾳ,

316 4119 414 4170 οὐκ
439 4117 506 4171 ἂν
526 4119 877 4189 παρεγένετο.
913 4121 1005 4170 Δεῖ
1032 4114 1144 4181 οῦν,
1174 4118 1326 4187 φησὶ,
1364 4117 1461 4188 τὴν
1489 4117 1688 4187 ἔχθραν
1733 4117 1981 4187 λυθῆναι,

315 4208 411 4260 καὶ
446 4205 852 4274 καταλλαγῆναι
888 4206 1033 4275 ὑμᾶς
1075 4205 1151 4275 τῷ
1206 4206 1344 4276 Θεῷ,
1375 4206 1468 4257 καὶ
1497 4206 1615 4257 τότε
1645 4204 1896 4268 δέξασθαι
1921 4207 1983 4257 τὸ

315 4293 486 4366 δῶρον
521 4294 715 4346 ἐκεῖνο.
742 4293 892 4345 Διατί
919 4293 974 4344 δέ
1001 4309 1155 4362 φησι,
1182 4293 1401 4361 Πέμψω
1438 4293 1659 4353 αὺτόν;
1702 4292 1979 4355 Τουτέστι,

317 4381 839 4454 Προπαρασκευάσω
874 4381 1016 4451 ὑμᾶς
1038 4379 1172 4450 πρὸς
1198 4379 1294 4450 τῆν
1319 4379 1603 4450 ὑποδοχήν.
1645 4378 1768 4442 Πῶς
1786 4379 1893 4450 γὰρ
1924 4380 1984 4431 :0

319 4469 594 4540 πανταχοῦ
620 4469 679 4522 ὃν
713 4469 1018 4538 πέμπεται;
1061 4467 1267 4530 Ἀλλως
1319 4468 1394 4529 δὲ,
1449 4467 1543 4520 καὶ
1597 4465 1705 4519 τῶν
1758 4467 1987 4519 ὑποστά-

322 4574 461 4611 σεων
513 4558 574 4610 :0
621 4557 874 4627 διάφορον
905 4554 1163 4609 δείκνυσι.
1191 4555 1288 4608 Διά
1344 4553 1436 4607 δύο
1490 4554 1548 4607 δὲ
1587 4553 1793 4607 ταῦτα’
1842 4553 1987 4606 οὓτω

319 4645 645 4715 φθέγγεται·
679 4645 772 4698 καὶ
795 4643 981 4714 ἐπειδὴ
1001 4636 1144 4696 οὗτοι
1169 4643 1632 4705 δυσαποσπάστως
1665 4636 1830 4712 εἶχον,
1868 4659 1932 4694 πε
1943 4641 1987 4694 ί·-

321 4735 429 4787 θων
457 4734 548 4787 τοῦ
571 4733 886 4803 Πνεύματος
913 4731 1162 4802 ἔχεσθαι,
1203 4731 1299 4784 καὶ
1339 4732 1428 4784 ἵνα
1479 4730 1612 4784 06:0
1642 4729 1990 4801 θεραπεύσω-

321 4839 428 4876 σιν.
471 4811 730 4874 Ἢδύνατο
778 4821 878 4892 μὲν
915 4821 1023 4889 γὰρ
1061 4819 1154 4872 καὶ
1200 4818 1360 4882 06:0;
1395 4818 1568 4871 :06:0
1620 4817 1987 4888 ἐργάζεσθαιο

319 4910 456 4964 ἀλλά
477 4910 567 4964 διὰ
591 4909 748 4963 τοῦτο
771 4911 948 4964 ἐκεῖνο
975 4911 1248 4978 συγχωρεῖ
1269 4907 1724 4978 θαυματουργεῖν,
1763 4906 1848 4959 ἵνα
1883 4905 1987 4975 μά-

321 4999 489 5052 θωσιν
523 4998 689 5052 αὑτοῦ
721 4999 820 5069 τὴν
865 4998 1044 5065 ἀξίαν.
1093 4997 1303 5066 ’Ὠσπερ
1341 4996 1450 5067 γὰρ
1477 4997 1506 5048 ὁ
1532 4996 1721 5065 Πατὴρ
1759 4993 1991 5064 ἠδύνατο

320 5088 393 5140 τά
417 5087 547 5140 ὄντα
567 5089 927 5153 παραγαγεῖν,
959 5088 987 5139 ὁ
1009 5085 1067 5138 δέ
1091 5084 1219 5147 Υίὺς
1248 5084 1378 5136 06:0
1407 5087 1572 5143 ποιεῖ,
1605 5084 1692 5136 ἵνα
1729 5083 1990 5152 μάθωμεν

323 5172 488 5226 06:06
518 5173 616 5240 τὴν
642 5171 890 5242 δύναμιν,
939 5170 1080 5225 οὕτω
1105 5169 1398 5226 καὶτοῦτο.
1452 5172 1550 5222 Διά
1586 5169 1741 5222 τοῦτο
1778 5171 1871 5222 καὶ
1896 5169 1992 5222 06-

322 5260 415 5326 :0;
445 5260 760 5332 ἐσαρκώθη,
793 5259 873 5330 τῷ
921 5261 1196 5330 Πνεύματι
1233 5258 1415 5331 τηρῶν
1467 5260 1565 5326 τὴν
1606 5258 1884 5328 ἐνέργειαν
1939 5257 1990 5320 δ,

323 5351 420 5403 καὶ
455 5349 784 5419 ἐμφράττων
817 5347 884 5399 τά
913 5349 1154 5416 στόματα
1175 5347 1280 5398 τῶν
1309 5349 1407 5414 τὴν
1435 5345 1691 5398 ὑπόθεσιν
1720 5345 1820 5414 τῆς
1851 5342 1991 5412 άφὰο

321 5453 418 5489 του
448 5435 859 5507 φιλανθρωπίας
903 5437 982 5497 εἰς
1027 5434 1275 5504 ἀφορμὴν
1311 5434 1559 5495 ἀσεϐείας
1587 5432 1991 5502 λαμϐανόντων.

325 5523 494 5578 Ὅταν
526 5523 635 5594 γὰρ
683 5522 936 5592 λέγωσιν,
983 5520 1064 5572 ὅτι
1110 5521 1198 5573 διὰ
1246 5520 1406 5574 τοῦτο
1463 5519 1756 5590 ἐσαρκώθη
1787 5522 1814 5571 ὁ
1841 5519 1991 5582 Υἱὸς,

324 5612 512 5684 ἐπειδὴ
536 5611 958 5681 καταδεέστερος
990 5603 1058 5679 ἦν
1090 5607 1182 5660 τοῦ
1215 5609 1447 5678 Πατρὸς,
1477 5607 1710 5681 ἐροῦμεν
1743 5607 1875 5678 πρὸς
1899 5606 1996 5658 06-

325 5705 474 5771 τοῦς,
503 5705 570 5758 Τί
605 5707 700 5758 06v
732 5704 800 5758 ἀν
840 5703 1046 5757 εἴποιτε
1083 5700 1210 5772 περὶ
1248 5701 1341 5754 τοῦ
1371 5702 1684 5773 Πνεύματος
1712 5718 1727 5768 ;
1783 5700 1857 5755 06
1885 5698 1994 5769 γὰρ

1276 323 1346 379 1N
1382 320 1702 380 JOANNEM
1735 323 1976 381 llOMlL.
2005 324 2290 383 LXXVIII.
2333 330 2384 382 al
2437 322 2692 384 LXXVII.

3642 327 3750 387 ιει.

2088 439 2246 494 ἔλαϐε
2286 443 2486 513 σάρκα,
2513 443 2606 495 καὶ
2633 443 2692 494 οὐ
2722 441 2891 512 δήπου
2929 440 3019 494 διὰ
3070 440 3228 495 τοῦτο
3267 442 3453 513 μεῖζον
3489 441 3582 496 τοῦ
3615 441 3750 498 Υίοῦ

2089 529 2218 582 06:0
2243 528 2393 600 [4W2]
2447 533 2640 601 ἐρεῖτε,
2671 530 2792 583 οὐδὲ
2824 530 2912 582 τὸν
2936 530 3062 582 Υἱὸν
3093 530 3258 584 αὐτοῦ
3305 531 3747 602 καταδεέστερον.

2089 616 2187 669 Διά
2221 617 2380 669 τοῦτο
2405 619 2496 669 καὶ
2535 617 2626 669 ἐπὶ
2670 617 2762 669 τοῦ
2791 617 3164 687 βαπτίσματος
3199 619 3232 688 ἡ
3262 618 3430 688 Τριάς
3460 619 3750 690 παραλαμ-

2089 704 2330 758 ϐάνεται.
2371 707 2478 758 Καί
2507 705 2614 776 γάρ
2639 707 2666 758 ὁ
2704 705 2892 776 Πατὴρ
2921 704 2979 756 :0
3012 706 3118 758 πᾶν
3147 704 3472 775 ἐργάζεσθαι
3503 705 3749 768 δύναται,

2088 792 2182 843 καὶ
2211 795 2238 845 ὁ
2267 792 2412 856 Υἱὸς,
2452 793 2542 845 καὶ
2581 793 2643 844 τὸ
2683 792 2904 860 Πνεῦμα
2931 793 2991 844 τὸ
3026 791 3178 860 ἀγιον
3199 810 3213 824 ο
3249 793 3364 845 ἀλλ’
3411 793 3594 863 ἐπειδὴ
3625 795 3752 864 1:591

2087 875 2180 928 :06
2221 878 2430 946 [10:90;
2452 878 2624 940 οὐδεὶς
2653 878 3004 948 ἀμφιϐάλλει,
3034 881 3094 930 τὸ
3127 879 3182 930 δὲ
3207 879 3503 948 ἀμφίϐολον
3530 876 3596 950 ἦν
3623 885 3752 951 περὶ

2087 963 2179 1016 τοῦ
2203 965 2327 1016 Υἱοῦ
2352 965 2554 1017 καὶτοῦ
2572 967 2707 1017 Πνεύ
2717 983 2882 1034 ματος
2900 966 2993 1018 τοῦ
3017 966 3194 1034 ἁγίου,
3218 967 3584 1038 παρείληπται
3607 970 3663 1019 ἐν
3684 971 3749 1038 τῇ

2091 1054 2465 1124 μυσταγωγίᾳ,
2499 1055 2582 1106 ἵνα
2607 1055 2664 1105 ἐν
2692 1057 2758 1124 τῇ
2791 1055 3042 1126 κοινωνίᾳ
3055 1057 3150 1124 τῆς
3167 1056 3425 1126 χορηγίας
3443 1055 3551 1108 τῶν
3582 1058 3752 1127 ἀπορ-

2090 1142 2266 1210 ρήτων
2281 1142 2501 1194 ἐκείνων
2518 1141 2757 1208 ἀγαθῶν,
2771 1142 2974 1210 καίτὴν
2991 1144 3269 1194 κοινωνίαν
3285 1145 3381 1213 τῆς
3402 1144 3554 1207 ἀξίας
3579 1161 3748 1196 κατα-

2091 1226 2466 1297 μανθάνωμεν.
2503 1230 2654 1281 Ἐπεὶ
2671 1230 2752 1282 ὅτι
2771 1229 2992 1282 δύναται
3013 1233 3040 1283 ὁ
3056 1231 3181 1293 Υἱὸς
3198 1231 3315 1282 καθ’
3342 1232 3532 1284 ἐαυτοῦ
3561 1232 3748 1294 ταῦτα,

2086 1312 2230 1385 ἆπερ
2272 1316 2364 1367 ἐπὶ
2399 1315 2492 1368 τοῦ
2514 1317 2885 1387 βαπτίσματος
2905 1328 2928 1356 ο
2969 1317 3107 1385 μετὰ
3136 1318 3227 1371 τοῦ
3260 1320 3472 1390 Πατρδς
3505 1319 3746 1382 δύναται,

2086 1402 2182 1453 καὶ
2222 1401 2283 1454 :0
2328 1403 2548 1473 Πνεῦμα
2582 1404 2642 1455 :0
2694 1405 2869 1472 ἀγιον,
2916 1405 3145 1458 ἄκουσον
3175 1406 3346 1458 ταῦτα
3387 1406 3591 1474 σαφῶς.
3626 1408 3752 1469 Τοῖς

2085 1492 2192 1559 γὰρ
2230 1491 2501 1554 Ἰουδαίοις
2527 1491 2738 1560 ἔλεγεν·
2776 1494 2900 1547 Ἵνα
2951 1495 3059 1565 γὰρ
3110 1493 3303 1560 εἰδῆτε
3332 1495 3419 1547 ὅτι
3460 1495 3750 1556 ἐξουσίαν

2085 1577 2210 1647 ἔχει
2266 1582 2297 1633 ὀ
2339 1579 2472 1646 Υίὸς
2513 1582 2619 1636 τοῦ
2670 1582 2983 1650 ἀνθρώπου
3038 1583 3134 1636 ἐπὶ
3177 1583 3289 1650 τῆς
3342 1583 3454 1652 γῆς
3511 1585 3749 1652 ἀφιέναι

2085 1666 2376 1734 ἁμαρτίας
2399 1684 2412 1697 ⁸
2446 1670 2538 1721 καὶ
2564 1669 2746 1730 πάλιν,
2792 1670 2926 1723 Ἵνα
2953 1671 3070 1724 υἱοὶ
3089 1670 3283 1738 φωτὸς
3317 1672 3593 1739 γένησθε,
3632 1673 3748 1737 καὶ,

2099 1755 2240 1824 Ἐγὼ
2277 1755 2430 1824 ᾇυὴν
2472 1758 2711 1811 αἰώνιον
2738 1758 2940 1827 δίδωμι
2965 1759 3187 1825 αὐτοῖς.
3220 1755 3352 1811 Εἶτα
3379 1760 3516 1828 μετὰ
3554 1760 3746 1826 ταῦτα,

2087 1839 2222 1895 Ἵνα
2243 1841 2415 1910 ζωὴν,
2459 1845 2640 1913 φησὶν,
2664 1845 2846 1912 ἔχωσι
2884 1845 2981 1897 καί
3006 1846 3300 1911 περισσὸν
3328 1847 3572 1914 ἔχωσιν.
3606 1848 3751 1900 Ἰδω-

2090 1943 2188 1996 μεν
2214 1928 2268 1981 δὲ
2293 1930 2384 1982 καί
2407 1929 2467 1981 :0
2496 1930 2719 2000 Πνεῦμα
2767 1930 2826 1982 :0
2873 1931 3004 1982 06:0
3027 1931 3183 1984 :06:0
3209 1931 3415 1984 ποιοῦν.
3447 1931 3557 1984 Ποῦ
3603 1932 3749 1986 ἐστιν

2091 2015 2214 2068 ἰδεῖν
2238 2032 2253 2080 ;
2280 2015 2545 2081 Ἐκιίστῳ
2563 2017 2631 2070 δὲ
2658 2019 2694 2086 ἡ
2713 2018 3048 2087 φανέρωσις
3069 2021 3172 2071 τοῦ
3203 2020 3570 2087 Πνεύματος,
3593 2021 3748 2090 φησὶ,

2086 2102 2313 2158 δίδοται
2330 2106 2478 2174 πρὸς
2507 2106 2573 2159 τὸ
2603 2105 2933 2175 συμφέρον.
2973 2107 3031 2158 '0
3063 2106 3235 2160 τοίνυν
3267 2108 3437 2162 ταῦτα
3471 2109 3750 2180 παρέχων,

2087 2191 2179 2244 καὶ
2219 2193 2594 2264 ἁμαρτήματα
2630 2195 2809 2264 πολλῷ
2840 2195 3038 2265 μᾶλλον
3069 2196 3280 2268 ἀφίησι.
3309 2198 3420 2250 K01
3446 2196 3605 2250 πάλιν
3626 2213 3639 2226 ’
3680 2195 3751 2251 Td

2087 2278 2330 2348 Πνεῦμα
2357 2282 2486 2334 ἐστι
2508 2281 2572 2333 τὸ
2603 2280 2926 2341 ζωοποιοῦν
2951 2299 2964 2312 ο
2998 2283 3112 2344 καὶ,
3139 2282 3504 2352 Ζωοποιήσει
3531 2282 3628 2337 διὰ
3643 2283 3751 2338 τοῦ

2085 2365 2466 2434 ἐνοικοῦντος
2512 2369 2696 2423 αὑτοῦ
2755 2369 3102 2437 Πνεύματος
3161 2369 3230 2422 ὲν
3283 2369 3455 2439 ὑμῖν·
3512 2371 3625 2436 καί,
3678 2370 3752 2426 Τὸ

2084 2452 2327 2523 Πνεῦμα
2389 2453 2500 2523 ζωὴ
2541 2455 2638 2509 διὰ
2685 2456 3114 2524 δικαιοσύνηνθ
3169 2457 3263 2510 καὶ
3325 2457 3509 2518 πάλιν,
3559 2460 3629 2511 Εἰ
3682 2456 3754 2510 δὲ

2085 2546 2382 2616 Πνεύματι
2405 2547 2641 2617 ἆγεσθε,
2660 2549 2770 2602 οὐκ
2791 2547 2932 2602 ἐστὲ
2969 2547 3087 2602 ὑπὸ
3127 2550 3332 2618 νόμον.
3374 2550 3455 2602 Οὐ
3485 2550 3596 2618 γὰρ
3614 2548 3753 2604 ἐλά-

2087 2633 2218 2687 ϐετε
2252 2633 2486 2703 πνεῦμα
2521 2634 2800 2702 δουλείας
2835 2635 3021 2690 πάλιν
3065 2638 3153 2702 εὶς
3187 2637 3396 2705 φόϐον,
3445 2637 3582 2690 ἀλλ’
3615 2637 3754 2691 ἐλά-

2087 2721 2216 2774 ϐετε
2238 2721 2474 2790 πνεῦμα
2535 2724 2859 2787 υἱοθεσίας.
2919 2723 3028 2776 K01
3097 2723 3218 2776 τότε
3274 2723 3331 2777 δὲ
3388 2723 3564 2778 πάντα
3607 2724 3754 2794 άπερ

2087 2804 2324 2871 ἐποίουν,
2373 2807 2816 2877 παραγενομένου
2857 2805 2952 2859 τοῦ
3007 2807 3327 2877 Πνεύματος
3375 2808 3754 2881 ἐθαυματούρ-

2086 2909 2236 2962 γουν.
2271 2894 2380 2946 K01
2410 2893 2715 2964 Κορινθίοις
2747 2894 2804 2946 δὲ
2839 2895 3063 2963 γράφων
3101 2894 3254 2964 ἔλεγε
3286 2896 3494 2959 Παῦλος
3517 2913 3530 2928 ·
3580 2898 3753 2951 Ἀλλ’

2087 2981 2533 3040 ἀπελούσασθε.
2573 2982 2712 3036 ἀλλ’
2747 2980 3072 3049 ἡγιάσθητε
3104 2983 3173 3036 ἐν
3224 2983 3303 3048 τῷ
3350 2985 3595 3052 ὀνόματι
3642 2987 3750 3041 τοῦ

2085 3071 2306 3136 Κυρίου
2341 3068 2508 3138 ἡμῶν
2544 3068 2744 3136 Ἰησοῦ
2770 3068 3048 3136 Χριστοῦ,
3096 3069 3194 3122 καὶ
3236 3071 3306 3124 ἐν
3337 3070 3416 3136 τῷ
3453 3075 3752 3141 Πνεῦματι

2087 3158 2190 3212 τοῦ
2241 3159 2386 3211 Θεοῦ
2428 3157 2616 3225 ἡμῶν.
2673 3158 2824 3208 Ἐπεὶ
2871 3153 2963 3210 06v
3009 3158 3136 3228 1:591
3188 3159 3286 3228 μέν
3329 3160 3542 3232 Πατρὸς
3584 3162 3752 3214 πολλά

2086 3247 2348 3318 ἤκουσαν,
2373 3246 2576 3298 καὶτὸν
2605 3245 2728 3297 Υίὸν
2755 3245 2811 3297 δὲ
2835 3240 2975 3298 εἶδον
3006 3246 3177 3299 πολλά
3199 3248 3594 3318 ἐργασάμενον,
3622 3267 3687 3302 πε
3698 3251 3752 3321 91

2086 3334 2142 3388 δὲ
2161 3335 2254 3387 τοῦ
2282 3335 2594 3403 Πνεῦματος
2617 3333 2768 3385 οὐδὲν
2803 3333 3014 3386 οὐδέπω
3045 3334 3229 3402 σαφῶς
3249 3335 3470 3404 ᾔδεσαν,
3507 3336 3752 3407 θαυματ-

2086 3420 2293 3488 ουργεῖ,
2330 3419 2422 3470 καὶ
2449 3417 2547 3488 τὴν
2590 3417 2802 3469 θελείαν
2847 3418 3057 3484 εἰσάγει
3104 3418 3323 3486 γνῶσιν.
3369 3419 3508 3472 Ἀλλ’
3541 3421 3625 3473 ἵνα
3674 3423 3749 3493 μὴ

2091 3506 2272 3575 μεῖζον
2298 3505 2544 3558 ἐντεῦθεν
2594 3504 2962 3574 ὑποπτεύηται
3016 3505 3172 3574 (ὅπερ
3210 3506 3381 3576 ἔφθην
3404 3507 3618 3580 εἰπὼν),
3663 3509 3752 3562 διὰ

2086 3590 2244 3644 τοῦτό
2268 3607 2432 3661 φησιν
2454 3607 2466 3619 ⁸
2516 3590 2672 3642 Ὅσα
2699 3590 2775 3643 ἂν
2805 3591 3063 3656 ἀκούσῃ,
3084 3591 3366 3656 λαλήσει,
3403 3594 3499 3646 καί
3550 3595 3622 3648 τὰ
3663 3596 3755 3662 ἐρ-

2087 3680 2310 3747 χόμενα
2347 3677 2680 3745 ἀναγγελεῖ.
2719 3677 2870 3729 Ἐπεὶ
2910 3679 2958 3729 εί
3007 3678 3081 3746 μὴ
3109 3678 3266 3731 τοῦτό
3310 3680 3448 3742 ἐστι,
3497 3681 3615 3745 πῶς
3649 3683 3751 3737 οὐκ

2087 3767 2307 3829 ἄτοπον,
2354 3766 2402 3816 εἰ
2449 3765 2567 3817 τότε
2603 3764 2825 3834 ἔμελλεν
2863 3764 3102 3827 ἀκούειν,
3147 3766 3240 3817 καὶ
3290 3765 3377 3818 διὰ
3416 3769 3542 3830 τοὺς
3584 3770 3754 3840 μαθη-

2088 3851 2439 3922 τευομένουςς
2472 3850 2605 3904 Οὐδέ
2638 3851 2745 3922 γὰρ
2789 3851 2907 3903 τότε
2938 3850 3128 3920 ἔμελλε
3173 3851 3293 3905 καθ’
3333 3854 3478 3923 ὑμᾶς
3527 3855 3750 3921 εἰδέναι,

2089 3942 2137 3993 εἰ
2170 3941 2244 4009 μὴ
2276 3939 2363 3992 διὰ
2388 3939 2512 4002 τοὺς
2540 3939 2956 4008 ἀκουσομένους.
2980 3940 3089 3992 K01
3120 3940 3173 3992 τί
3204 3939 3392 3994 τούτου
3424 3944 3751 4013 παρανομώ-

2087 4045 2242 4098 τερον
2280 4027 2372 4079 τοῦ
2402 4028 2642 4098 ῥήματος
2669 4027 2865 4094 γένοιτ’
2904 4027 3004 4092 ἀνς
3032 4027 3238 4091 Ἄλλως
3263 4028 3352 4082 δέ’
3384 4029 3438 4082 τί
3473 4031 3566 4082 καὶ
3591 4031 3751 4100 ἔμελ-

2089 4116 2179 4167 λεν
2223 4114 2583 4178 ἀκούσεσθαις
2612 4115 2671 4166 ού
2703 4113 2878 4167 ταῦτα
2917 4115 3094 4168 πάντα
3120 4113 3289 4168 511:5d
3328 4115 3415 4169 διὰ
3461 4117 3569 4169 τῶν
3613 4136 3750 4188 προ-

2091 4203 2310 4271 φητῶνς
2344 4203 2466 4254 Εἴτε
2512 4202 2621 4271 γάρ
2674 4202 2803 4272 1:591
2840 4202 2937 4270 τῆς
2966 4200 3059 4254 τοῦ
3109 4203 3272 4272 νόμου
3310 4203 3511 4266 λύσεως
3561 4206 3752 4274 ἔμελλε

2090 4292 2377 4353 διδάσκειν,
2407 4291 2617 4360 εἴρητο·
2642 4291 2752 4342 εἴτε
2781 4290 2910 4360 1:591
2932 4288 3024 4343 :06
3054 4289 3289 4360 Χριστοῦ
3321 4292 3413 4343 καὶ
3437 4291 3537 4359 τῆς
3561 4291 3751 4362 θεότη-

2091 4395 2181 4441 τος
2200 4379 2384 4440 αὺτοῦ,
2419 4379 2513 4429 καὶ
2535 4378 2632 4446 τῆς
2653 4376 2983 4446 οἰκονομίας,
3010 4381 3102 4429 καὶ
3128 4375 3302 4428 ταῦτα
3332 4378 3534 4448 εἴρητο.
3562 4378 3625 4429 Τί
3645 4381 3753 4449 γάρ

2093 4468 2186 4519 καὶ
2216 4468 2538 4537 τρανότερον
2567 4465 2756 4534 ἔμελλε
2792 4465 2932 4534 μετά
2959 4464 3132 4516 ταῦτα
3178 4467 3356 4535 ἐρεῖν;
3400 4465 3507 4518 Καὶ
3541 4465 3612 4520 τὰ
3655 4467 3753 4534 ἐρ·-

2093 4558 2318 4626 χόμενα
2347 4555 2679 4624 ἀναγγελεῖ.
2718 4553 2983 4608 Ἐνταῦθα
3018 4553 3251 4624 μάλιστα
3294 4553 3565 4607 δείκνυσιν
3590 4555 3755 4609 06:06

2093 4643 2154 4696 :0
2177 4642 2410 4712 ἀξίωμα,
2442 4641 2626 4711 ἐπειδὴ
2653 4639 2785 4693 Θεοῦ
2814 4640 2971 4692 τοῦτο
2997 4640 3229 4710 μάλιστα
3277 4640 3424 4704 ἴδιον,
3476 4641 3536 4692 :0
3579 4641 3757 4708 λέγειν

2094 4731 2161 4784 τὰ
2187 4731 2466 4801 μέλλοντα.
2498 4729 2559 4783 Εἰ
2602 4729 2658 4781 δὲ
2688 4730 2783 4781 καὶ
2817 4728 2948 4781 06:0
2967 4727 3228 4798 μανθάνοι
3251 4728 3376 4800 παρ’
3402 4729 3624 4797 ἐτέρων,
3665 4730 3759 4781 06-

2095 4819 2183 4872 δέν
2230 4819 2390 4871 πλέον
2431 4817 2678 4882 ἕξειτῶν
2723 4817 3018 4888 προφητῶν
3054 4833 3068 4847 ο
3109 4815 3224 4869 ἀλλ’
3270 4815 3502 4868 ἐνταῦθα
3529 4816 3631 4886 τὴν
3654 4817 3760 4869 ἀπ-

2097 4905 2484 4976 ηκριϐωμένην
2511 4904 2648 4974 πρὸς
2671 4905 2761 4958 τὸν
2805 4903 2937 4956 Θεὸν
2959 4903 3160 4971 γνῶσιν
3182 4903 3351 4972 δηλοῖ,
3383 4903 3466 4954 ὅτι
3500 4903 3758 4956 ἀδύνατον

2097 4993 2224 5048 ἀλλο
2244 5010 2297 5044 τι
2320 4991 2650 5062 φθέγξασθαι
2674 4992 2854 5045 αὐτόν.
2885 4991 2958 5044 Τὸ
2981 4990 3060 5049 δὲ,
3101 4990 3194 5042 Ἐκ
3242 4990 3347 5043 τοῦ
3391 4989 3538 5058 ἐμοῦ
3567 4990 3758 5057 λήψε-

2099 5096 2212 5142 ται,
2244 5081 2360 5149 ῆτοι
2383 5081 2449 5131 ἐκ
2467 5079 2562 5132 τοῦ
2587 5078 2924 5150 χαρίσματος
2946 5077 3041 5131 τοῦ
3069 5079 3149 5140 εἰς
3172 5078 3268 5147 τὴν
3291 5077 3469 5148 σάρκα
3493 5075 3589 5146 τὴν
3619 5075 3758 5147 ἐμὴν

2099 5168 2364 5230 ἐλθόντος,
2399 5167 2431 5236 ἢ
2467 5167 2548 5220 ὅτι
2580 5167 2687 5220 ἀπὸ
2707 5168 2806 5236 τῆς
2833 5165 3108 5234 γνώσεως,
3132 5161 3201 5238 ἧς
3234 5167 3325 5218 καὶ
3351 5165 3461 5232 ἐγὼ
3502 5165 3629 5234 ἔχω,
3661 5165 3763 5233 οὐχ

2099 5257 2174 5318 ὼς
2209 5255 2479 5326 δεόμενος,
2509 5255 2628 5308 οὐδέ
2652 5257 2728 5318 ὡς
2762 5256 2894 5326 παρ’
2924 5255 3112 5325 ἐτέρου
3147 5252 3350 5324 μαθὼν,
3376 5252 3489 5306 ἀλλ’
3520 5252 3595 5314 ὡς
3631 5252 3760 5320 μιᾶς

2100 5342 2267 5413 οὔσης
2299 5344 2393 5398 καὶ
2422 5344 2522 5414 τῆς
2549 5344 2740 5413 αὐτῆς.
2767 5346 2878 5397 K01
2921 5342 3063 5396 διατί
3091 5341 3263 5403 οὕτως
3289 5336 3430 5401 εἶπε,
3482 5337 3634 5409 [465]
3667 5337 3764 5390 καὶ

2105 5431 2180 5502 μὴ
2217 5433 2454 5502 ἐτέρως;
2491 5433 2614 5486 Ὅτι
2647 5431 2857 5484 οὐδέπω
2902 5432 2992 5484 τὸν
3020 5429 3148 5500 1:591
3184 5427 3276 5480 :06
3305 5425 3617 5496 Πνεύματος
3645 5424 3764 5494 ᾖδε-

2105 5537 2203 5573 σαν
2230 5520 2407 5587 λόγον.
2437 5520 2635 5591 Διόπερ
2655 5519 2713 5572 ἓν
2736 5517 3134 5581 κατασκευάζει
3168 5515 3346 5584 μόνον,
3371 5513 3512 5566 ὥστε
3540 5527 3764 5564 1:11:50-

2103 5607 2260 5678 θῆναι
2282 5607 2442 5660 αὑτὸν
2465 5608 2560 5660 καὶ
2596 5607 2846 5677 δεχθῆναι
2888 5606 3018 5676 παρ’
3043 5602 3244 5664 αὐτῶν,
3269 5601 3364 5654 καὶ
3393 5600 3464 5671 μὴ
3490 5596 3766 5652 σκανδαλι-

2106 5699 2319 5767 σθῆναι.
2371 5699 2588 5768 Ἐπειδὴ
2612 5701 2722 5770 γὰρ
2755 5698 2960 5766 ἔλεγεν,
2990 5691 3094 5762 Εἷς
3130 5696 3301 5749 ἐστιν
3327 5690 3495 5762 ὑμῶν
3531 5693 3564 5744 ό
3609 5687 3769 5743 διδά-

1986 5837 1991 5844 .
2103 5791 2334 5853 σκιιλος
2363 5788 2396 5840 ὁ
2424 5786 2695 5854 Χριστὸς,
2727 5786 2812 5840 ἵνα
2835 5785 2910 5857 μὴ
2933 5785 3198 5856 νομίσωσι
3213 5777 3542 5854 παρακούειν
3575 5777 3770 5850 ἐκείνῳ

393 5923 418 5950 ⁸
443 5919 542 5971 Alii
569 5922 650 5970 καὶ
682 5921 737 5969 τὸ
761 5922 823 5985 μή
857 5920 1002 5985 δόξαι.
1068 5919 1086 5937 ⁰
1109 5917 1225 5985 Ηιιξιξ
1265 5923 1345 5967 est
1377 5917 1533 5985 Ιεειὶο
1573 5903 1775 5985 ξὶενίῖῖἰς
1801 5917 1988 5968 editum

329 5982 488 6034 fuerat
523 5986 601 6032 διὰ.
622 5985 679 6042 δὴ
713 5978 880 6038 ταῦτα.
911 5984 1048 6034 linit.
1171 5980 1356 6054 ,εισι-ει.
1381 5983 1464 6038 τήν
1489 5978 1771 6054 εὐγένειαν.⁹

2156 5977 2187 6057 ξ
2217 5973 2316 6025 Alii
2338 5974 2413 6023 ἐπὶ
2435 5971 2517 6022 τοῦ
2543 5975 2764 6036 βήματος.
2829 5973 2856 6013 ἆ
2876 5974 2976 6025 Alii
2999 5973 3212 6038 προεῖπε.
