4126 6366
475 332 581 389 425

1227 328 1285 382 S.
1338 324 1623 384 JOANNIS
1664 317 2154 379 CHRYSOSTOMI
2188 316 2508 373 ARCHIEP.
2550 315 3093 372 CONST.\N1‘INOP.

3811 313 3910 369 I36

474 441 804 512 πειθόμενοι,
847 438 962 494 Μία
989 440 1023 509 ἡ
1051 439 1159 510 ἐμὴ
1184 441 1277 491 καὶ
1298 440 1507 493 ἐκείνου
1529 437 1847 493 διδασκαλία
1874 435 2054 489 ἐστίν’
2085 433 2143 499 ἐξ
2244 435 2270 486 ό
2299 434 2447 502 φίλος
2478 435 2625 504 ἐρεῖ·
2660 433 2751 485 καὶ
2784 433 2882 484 ὃσα
2906 430 2965 484 οὑ
3003 430 3225 484 δύναται
3258 426 3434 499 ἐαυτῷ
3476 426 3625 500 [464]
3679 433 3911 504 χαρίσα-

475 525 551 584 ὦν
572 528 796 601 ἔμελλον
815 527 925 593 ἐγὼ
948 528 1241 591 διδάσκειν,
1266 529 1329 580 ἐκ
1348 527 1459 579 τῶν
1488 528 1667 580 αὐτῶν
1700 526 1795 579 καὶ
1818 524 1980 585 αὑτὸς
2006 524 2141 592 ἐρεῖ.

475 621 567 688 Μὴ
596 618 661 687 δὴ
687 617 943 686 νομίσητε
982 614 1144 685 ἐτερα
1194 610 1332 668 εἶναι
1375 616 1445 667 τά
1494 614 1733 667 ἐκείνου·
1768 613 1862 666 καὶ
1905 611 2013 680 γάρ
2052 612 2145 661 καὶ

475 708 658 759 ἐκεῖνα
699 704 808 774 ἐμά
852 705 986 766 ἐστι,
1024 702 1118 755 καὶ
1146 701 1244 772 τὴν
1298 703 1439 773 ἐμὴν
1500 704 1792 773 συγκροτεῖ
1826 700 2006 765 δόξαν.
2050 699 2146 750 Ἓν

474 794 583 863 γὰρ
622 793 830 861 θέλημα
871 790 1102 861 Πατρὸς,
1148 791 1245 843 καὶ
1286 789 1439 853 Υἱοῦ,
1493 792 1588 843 καὶ
1615 790 1773 857 ἀγίου
1807 786 2143 856 ῐινεύματος.

477 879 633 933 υῦτω
655 880 749 932 καὶ
784 880 929 948 ἡμᾶς
982 874 1119 930 εἶναι
1153 876 1399 947 βούλεται
1444 877 1649 946 λέγων’
1707 878 1842 931 Ἵνα
1880 870 2033 929 ὦσιν
2056 872 2145 937 ἐν,

479 965 670 1030 καθὼς
702 964 800 1019 καὶ
830 964 944 1033 ἐγὼ
994 965 1094 1018 καὶ
1143 964 1225 1017 σὺ
1256 964 1324 1018 ἓν
1346 965 1555 1033 ἐσμεν.

546 1054 609 1107 δ’.
643 1053 808 1106 Οὐδὲν
843 1053 950 1122 γάρ
983 1051 1235 1122 ὁμονοίας
1257 1052 1369 1104 ίσον
1385 1052 1503 1104 οὐδὲ
1523 1049 1861 1121 συμφωνίας’
1877 1049 2025 1121 ὁγὰρ
2048 1045 2149 1113 εἷς,

477 1141 767 1202 πολλοστὸς
784 1142 929 1193 ἐστιν
952 1140 1146 1202 οὑτως.
1164 1141 1261 1193 Ἂν
1288 1139 1396 1210 γὰρ
1422 1139 1689 1209 ὁμόψυχοι
1712 1132 1812 1192 ὦσι
1832 1138 1973 1210 δύοῆ
1992 1139 2148 1205 δέκα,

475 1229 674 1282 οὐκέτι
701 1223 779 1292 εἷς
810 1233 955 1281 ἐστιν
983 1230 1011 1281 ὁ
1037 1222 1140 1290 εἷς,
1158 1228 1293 1281 ἀλλὰ
1313 1227 1688 1280 δεκαπλασίων
1721 1228 1953 1289 ἕκαστος
1975 1226 2153 1279 αὐτῶν

476 1318 706 1385 γίνεται,
733 1317 827 1369 καὶ⁵
857 1317 1108 1387 εὑρήσεις
1138 1317 1195 1367 ἐν
1217 1318 1329 1379 τοῖς
1358 1315 1489 1368 δέκα
1509 1315 1599 1367 τὸν
1619 1315 1735 1379 ἕνα,
1765 1317 1859 1368 καὶ
1882 1317 1938 1367 ἐν
1966 1315 2044 1385 τῷ
2076 1315 2155 1367 ἐνὶ

477 1406 603 1467 τοὺς
632 1404 785 1456 δέκα.
811 1403 929 1456 Κᾶν
954 1402 1146 1473 ἐχθρὸν
1171 1402 1387 1473 ἔχωσιν,
1415 1403 1475 1454 οὑ
1499 1402 1576 1473 τῷ
1598 1404 1677 1455 ἐνὶ
1707 1403 2046 1474 προσϐαλὼν,
2081 1402 2155 1467 ὡς

477 1495 589 1555 τοῖς
622 1491 754 1545 δέκα
792 1490 1134 1562 προσϐαλὼν,
1163 1490 1336 1553 οὑτως
1360 1491 1661 1544 ἁλίσκεται.
1682 1493 1755 1544 υὺ
1783 1492 1891 1563 γὰρ
1920 1492 2008 1560 ὑφ’
2038 1492 2156 1554 ἐνὸς

481 1578 734 1648 βάλλεται
764 1579 945 1648 μόνον,
965 1578 1078 1630 ἀλλ’
1102 1578 1208 1629 ὑπὸ
1231 1577 1337 1630 τῶν
1355 1579 1484 1631 δέκα
1514 1580 1816 1648 στομάτων.
1852 1580 2157 1650 Ἠπόρησεν

477 1668 507 1718 ὁ
530 1663 643 1730 εἷς;
682 1666 821 1719 Ἀλλ’
848 1668 947 1718 οὐκ
977 1665 1121 1717 ἐστιν
1145 1666 1201 1717 ἐν
1231 1665 1435 1736 ἀπορία
1455 1683 1468 1696 ·
1500 1666 1576 1735 τῷ
1598 1666 1705 1737 γὰρ
1735 1664 1944 1735 μείζονι
1974 1666 2151 1737 μέρει,

476 1751 744 1815 τουτέστι,
790 1754 901 1814 τοῖς
943 1751 1118 1814 ἐννέα,
1154 1751 1395 1820 εὐπορεῖ,
1428 1752 1522 1804 καὶ
1551 1752 1611 1804 τὸ
1652 1751 1892 1823 ἀποροῦν
1929 1753 2155 1806 συσκιά-

478 1837 632 1900 ζεται
662 1838 847 1909 μέρος,
879 1838 940 1890 τὸ
974 1838 1216 1901 ἔλαττον,
1258 1838 1344 1891 δια
1374 1838 1466 1891 τοῦ
1507 1852 1533 1879 ι
1572 1838 1816 1902 πλείονος
1852 1838 1945 1892 τοῦ
1991 1840 2153 1892 εὐπο-

481 1921 721 1993 ροῦντος.
763 1922 1034 1984 Ἕκαστος
1063 1921 1269 1974 τούτων
1322 1922 1496 1974 είκοσι
1553 1925 1740 1993 χεῖρας
1770 1921 1906 1991 ἔχει,
1942 1921 2037 1975 καὶ
2078 1921 2155 1974 εῖ-

479 2025 601 2062 κοσι
641 2006 975 2077 ὀφθαλμοὺς,
1034 2009 1128 2061 καὶ
1180 2008 1346 2072 πόδας
1382 2010 1689 2073 τοσούτους.
1746 2010 1821 2062 Οὑ
1881 2010 1991 2081 γὰρ
2042 2011 2154 2071 τοῖς

479 2096 676 2148 ἐαυτοῦ
731 2095 891 2165 μόνον
919 2095 1220 2167 ὀφθαλμοῖς
1250 2097 1372 2169 ὁρᾷ,
1404 2097 1539 2150 ἀλλά
1564 2098 1659 2151 καὶ
1688 2101 1802 2161 τοῖς
1828 2098 2052 2168 ἐτέρων,
2092 2097 2152 2150 οὑ

478 2186 592 2246 τοῖς
641 2183 839 2236 ἐαυτοῦ
890 2184 1148 2254 βαστάζει
1176 2185 1353 2249 ποσὶν,
1399 2184 1535 2238 ἀλλά
1561 2185 1792 2249 καὶτοῖς
1823 2186 2025 2255 ἐτέρων
2044 2202 2057 2216 ⁸
2092 2186 2151 2239 οὑ

478 2272 598 2333 ταῖς
632 2270 828 2323 ἐαυτοῦ
862 2271 1047 2342 χερσὶν
1098 2270 1410 2343 ἐργάζεται,
1444 2272 1580 2326 ἀλλὰ
1622 2274 1717 2326 καὶ
1759 2277 1878 2337 ταῖς
1907 2273 2149 2327 ἐκείνων.

479 2359 673 2429 Ψυχὰς
721 2358 833 2429 ἔχει
859 2360 1022 2413 δέκα·
1069 2360 1130 2413 οὐ
1164 2360 1271 2429 γάρ
1322 2361 1485 2425 αὐτὸς
1529 2361 1679 2434 ,ὑπὲρ
1728 2362 1921 2415 ἐαυτοῦ
1973 2362 2153 2432 μόνον,

480 2447 618 2500 ἀλλά
650 2449 742 2501 καὶ
778 2450 985 2503 ἐκεῖναι
1029 2450 1168 2520 ὑπὲρ
1214 2449 1378 2502 αὑτοῦ
1434 2452 1792 2523 μεριμνῶσιν.
1852 2453 1915 2504 El
1956 2451 2013 2504 δὲ
2061 2452 2156 2505 καὶ

480 2536 675 2588 ἐκατὺν
706 2537 965 2603 γένοιντο,
998 2537 1058 2589 τὸ
1091 2537 1224 2591 αὐτὸ
1247 2537 1402 2590 ἔσται
1445 2540 1627 2605 πάλιν,
1672 2541 1766 2594 καὶ
1794 2539 2156 2611 ἐπιταθήσεται

478 2624 549 2675 τά
567 2624 665 2692 τῆς
686 2624 988 2694 δυνάμεως.

556 2703 707 2772 Εἶδες
758 2710 980 2780 ἀγάπης
1022 2712 1348 2783 ὑπερϐολὴν,
1386 2712 1501 2777 πῶς
1543 2713 1985 2782 ἀκαταγώνιστον
2014 2718 2158 2769 ποιεῖ

478 2793 572 2847 τὸν
610 2796 708 2850 ἕνα
741 2797 836 2850 καὶ
869 2798 1291 2865 πολλαπλασίως
1319 2799 1436 2863 πῶς
1466 2802 1494 2852 ό
1529 2794 1607 2863 εἷς
1637 2801 1731 2853 καὶ
1764 2802 2029 2872 πολλαχοῦ
2066 2803 2157 2855 δύ-

481 2899 641 2935 ναται
674 2879 842 2951 εἷναι;
873 2888 899 2938 ὁ
930 2886 1092 2948 αὐτὸς
1118 2887 1213 2938 καὶ
1246 2887 1301 2937 ἐν
1336 2887 1553 2956 Περσίδι
1575 2888 1667 2939 καὶ
1699 2891 1753 2940 ἐν
1798 2888 2014 2961 Ῥώμης
2062 2889 2157 2942 γα“ι

481 2972 618 3041 ὅπερ
646 2971 803 3040 φύσις
831 2974 891 3025 οὐ
930 2973 1177 3036 δύναται,
1220 2977 1252 3045 ἡ
1285 2975 1472 3046 ἀγάπη
1525 2976 1746 3029 δύναται
1773 2994 1787 3041 ;
1816 2978 1889 3029 Τὸ
1917 2979 2014 3049 μὲν
2045 2979 2154 3049 γὰρ

482 3058 647 3111 αὑτοῦ
667 3058 900 3112 ἐνταῦθα
929 3060 1082 3113 ἔσται
1105 3104 1121 3127 ,
1171 3064 1231 3115 τὸ
1258 3064 1314 3115 δὲ
1340 3065 1485 3115 ἐκεῖ·
1529 3064 1727 3133 μᾶλλον
1769 3065 1823 3117 δέ
1865 3066 2156 3135 ὁλόκληρος

483 3146 735 3209 ἐνταῦθα,
766 3147 861 3199 καὶ
888 3149 1177 3218 ὁλόκληρος
1204 3152 1337 3204 ἐκεῖ.
1407 3151 1530 3203 Ἐἀν
1563 3148 1655 3205 οὑν
1686 3151 1889 3222 χιλίους
1920 3153 2017 3223 ἔχῃ
2065 3154 2155 3222 φί-

483 3232 666 3303 λουςῆ
704 3234 1010 3304 δισχιλίους,
1048 3237 1298 3306 ἐννόησον
1327 3237 1429 3289 ποῦ
1480 3238 1639 3290 πάλιν
1688 3241 2055 3308 ὑπερϐήσεται
2088 3240 2159 3294 τὰ

483 3323 581 3389 τῆς
615 3321 915 3391 δυνάμεως.
955 3324 1119 3394 Ὁρᾷς
1154 3324 1269 3385 πῶς
1291 3326 1642 3397 αὐξητικὸνὴ
1679 3328 1900 3396 ἀγάπη;
1937 3329 2009 3381 Τὸ
2049 3328 2156 3400 γὰρ

485 3408 799 3477 θαυμαστὸν
834 3408 991 3463 τοῦτό
1042 3414 1178 3475 ἐστι,
1227 3412 1286 3464 τὸ
1342 3413 1609 3489 χιλιοστρν
1656 3415 1880 3484 ποιῆσαι
1916 3417 2007 3469 τὸν
2039 3417 2154 3470 ἕνα.

485 3496 642 3561 Τίνος
672 3494 764 3551 οὖν
789 3498 980 3552 ’ένεκεν
1001 3501 1061 3552 οὑ
1086 3500 1343 3569 κτώμεθα
1359 3501 1457 3571 τὴν
1478 3501 1705 3571 δύναμιν
1722 3502 1946 3573 ταύτην,
1974 3505 2069 3557 καὶ
2096 3505 2155 3556 ἐν

485 3584 751 3655 ἀσφαλείᾳ
786 3586 1130 3657 καθιστῶμεν
1164 3589 1429 3656 ἑαυτούς;
1467 3589 1635 3642 Τοῦτο
1666 3590 1980 3654 δυναστείας
2012 3594 2104 3644 καὶ
2129 3596 2157 3635 b

484 3671 718 3725 πλούτου
751 3678 995 3744 κρεῖττον
1029 3678 1229 3742 παντός
1247 3695 1259 3706 ·
1285 3677 1442 3731 τοῦτο
1466 3678 1675 3746 ὑγείας,
1700 3680 1855 3732 τοῦτο
1884 3680 2047 3732 αὐτοῦ
2066 3680 2158 3733 τοῦ

485 3757 663 3825 φωτὸς
685 3758 868 3810 πλεῖον
889 3775 901 3787 ·
927 3760 1084 3814 τοῦτο
1111 3762 1374 3833 εὐθυμίας
1399 3766 1673 3828 ὑπόθεσις.
1708 3765 1886 3835 Μέχρι
1909 3767 2051 3830 τίνος
2081 3768 2160 3828 είς

483 3845 580 3896 ἕνα
603 3846 697 3898 καὶ
722 3846 815 3900 δύο
839 3850 1206 3920 περιιστῶμεν
1230 3853 1329 3924 τὴν
1355 3854 1574 3924 ἀγάπην
1597 3871 1609 3919 ;
1643 3854 1799 3908 Μάθε
1816 3855 1909 3908 καὶ
1930 3855 1989 3919 ἐξ
2012 3858 2159 3908 ἐναν-

483 3933 603 3996 τίας
633 3934 691 3986 τὸ
722 3936 956 4006 πρᾶγμα
980 3977 992 3989 .
1025 3938 1204 3991 Ἔστω
1246 3957 1331 4002 τις
1382 3942 1582 4010 μηδένα
1622 3942 1772 4010 φίλον
1825 3942 1983 4012 έχων,
2025 3945 2161 4016 ὅπερ

483 4020 670 4084 ἀνοίας
721 4023 870 4076 ἐστὶν
922 4025 1158 4096 ἐσχάτης
1193 4028 1399 4098 (μωρὸς
1436 4029 1543 4098 γὰρ
1583 4032 1698 4100 ἐρεῖ
1722 4047 1735 4061 ο
1773 4032 1886 4100 Οὐχ
1925 4031 2160 4102 ὑπάρχει

487 4125 578 4178 μοι
604 4108 776 4179 φίλος)
797 4128 811 4142 ⁸
839 4113 867 4164 ὁ
884 4112 1124 4177 τοιοῦτος
1148 4114 1303 4167 ποίαν
1328 4116 1551 4184 ζήσεται
1574 4117 1717 4186 ζωήν
1739 4135 1750 4181 ;
1778 4118 1895 4171 Κᾶν
1920 4119 2029 4189 γὰρ
2059 4137 2159 4189 μυ-

484 4194 734 4271 ριάκιςῇ
788 4198 1063 4267 πλούσιος,
1118 4202 1222 4254 κᾶν
1287 4203 1346 4257 ἐν
1405 4204 1639 4275 ἀφθονίᾳ
1682 4206 1775 4259 καὶ
1800 4208 2002 4276 τρυφῇ,
2049 4207 2155 4259 κᾶν

486 4283 658 4352 μυρία
695 4285 875 4353 ἀγαθά
908 4288 1266 4358 κεκτημένος,
1320 4292 1537 4343 πάντων
1586 4290 1792 4360 ἕρημος
1827 4292 1919 4343 καὶ
1952 4291 2155 4361 γυμνὸς

484 4371 812 4427 καθίσταται
844 4386 892 4429 ε.
948 4377 1071 4429 Ἐπὶ
1103 4376 1284 4429 δὲτῶν
1320 4377 1485 4446 φίλων
1525 4380 1623 4448 οὐχ
1641 4378 1832 4443 οὑτως,
1871 4378 2007 4431 ἀλλά
2055 4378 2157 4432 κᾶν

482 4457 716 4527 πένητες
762 4455 885 4526 ὦσι,
921 4463 1030 4515 τῶν
1064 4463 1334 4517 πλουσίων
1373 4465 1735 4538 εὐπορώτεροι
1792 4466 2155 4535 τυγχάνουσι·

481 4545 579 4598 καὶ
602 4544 745 4620 ἅπερ
776 4549 939 4614 αὐτὸς
960 4551 1103 4622 ὑπὲρ
1135 4551 1303 4605 αὐτοῦ
1337 4553 1437 4605 οὐκ
1457 4555 1630 4605 εἰπεῖν
1665 4556 1953 4625 ἐπιχειρεῖ,
1987 4554 2160 4607 ταῦτα

544 4693 569 4721 ⁸
593 4692 758 4744 Montf.
789 4698 847 4759 μέ
877 4714 941 4746 ειο
968 4699 1022 4747 τὸ
1042 4699 1094 4747 δὲ
1124 4700 1316 4748 ἔλαττον
1352 4701 1428 4748 διά
1455 4699 1557 4749 τοῦ.
1583 4701 1874 4751 Savilianam
1895 4703 2161 4751 lectionem

544 4757 781 4807 cepimus.
838 4713 970 4807 ἔθη.
1058 4762 1087 4801 h
1113 4762 1398 4807 Δυναστείαε
1434 4763 1514 4807 καί
1562 4764 1708 4807 deest.
1766 4766 1815 4807 in
1848 4764 2157 4807 auibusdam-

480 4757 798 4825 Ifec_e_p_imu_s._‘
838 4757 970 4808 Enn.
1058 4762 1087 4801 h
1113 4762 1399 4817 Δυναστείας
1434 4763 1514 4809 καί
1562 4764 1708 4811 deest
1766 4766 1815 4811 in
1848 4764 2157 4824 quibusdam.

486 4822 513 4852 ¢
545 4816 647 4865 Alii
669 4820 976 4877 καθέστηκεν.

2249 523 2391 583 σθαι,
2449 521 2517 574 δι’
2566 522 2753 587 ἐτέρου
2796 520 3107 589 δυνήσεται,
3156 518 3250 571 καὶ
3303 517 3481 588 πολλῷ
3526 519 3765 587 πλείονα,
3812 526 3913 577 καὶ

2249 608 2428 679 πάσης
2456 611 2588 678 ἡμῖν
2618 608 2769 660 ἔσται
2802 607 3154 669 ἀπολαύσεως
3182 605 3276 659 καλ⁵
3310 606 3607 675 ἀσφαλείας
3627 608 3907 673 ὑπόθεσις.

2248 696 2320 747 Οὐ
2354 697 2458 763 γὰρ
2505 694 2620 747 ἐστι
2666 694 2856 746 παθεῖν
2907 690 3091 755 κακῶς
3137 692 3242 745 ὑπὸ
3274 693 3547 757 τοσούτοις
3590 693 3910 766 δορυφόροις

2249 782 2668 852 φυλαττόμενον.
2718 784 2791 835 Οὐ
2831 783 2939 850 γὰρ
2978 782 3206 836 τοιοῦτοι
3252 781 3345 834 τοῦ
3388 782 3649 850 βασιλέως
3699 785 3748 836 οί
3803 801 3912 836 σω-

2253 868 2629 937 ματοφύλακες
2681 870 2948 940 ἀκριϐεῖς.
2998 868 3074 932 ὡς
3135 862 3300 922 οὑτοι.
3356 870 3420 921 Οἱ
3477 869 3572 938 μέν
3605 869 3714 940 γάρ
3746 871 3915 938 ἀνάγ-

2250 972 2321 1026 κῃ
2374 956 2469 1009 καὶ⁵
2523 956 2671 1027 φόϐῳ
2723 956 2750 996 ἀ
2802 956 2901 1025 τὴν
2953 956 3198 1027 φυλακὴν
3256 956 3679 1024 ἐπιδείκνυνται,
3748 959 3797 1011 οἱ
3859 960 3916 1013 δὲ

2250 1043 2432 1114 εὐνοίᾳ
2477 1045 2573 1098 καὶ
2629 1045 2844 1115 ἀγάπῃ·
2914 1044 3094 1114 πολλῷ
3143 1044 3199 1097 δέ
3252 1044 3418 1113 φόϐου
3470 1049 3917 1119 τυραννικωτέρα

2252 1130 2411 1200 αῦτη.
2440 1132 2705 1195 Κάκεῖνος
2737 1133 2835 1202 μὲν
2863 1133 2988 1195 τοὺς
3013 1132 3254 1201 φύλακας
3283 1131 3446 1186 αὑτοῦ
3475 1132 3728 1199 δέδοικεν,
3762 1130 3918 1200 οὗτος

2253 1221 2309 1273 δὲ
2329 1220 2537 1285 τούτοις
2573 1221 2772 1291 μᾶλλον
2801 1221 2834 1290 ἢ
2861 1220 3040 1290 ἐαυτῷ
3070 1220 3282 1291 θαρρεῖ,
3334 1223 3426 1274 καὶ
3458 1222 3545 1275 διά
3570 1222 3787 1287 τούτους
3823 1225 3919 1277 ού·-

2254 1310 2380 1363 δένα
2427 1310 2536 1362 τῶν
2597 1309 3055 1362 ἐπιϐουλευόντων
3108 1309 3360 1363 δέδοικεν.
3424 1310 3919 1382 Ἐμπορευσώμεθα

2253 1399 2431 1451 τοίνυν
2452 1399 2551 1468 τὴν
2579 1398 2850 1469 ἐμπορίαν
2878 1396 3100 1467 ταύτην,
3121 1399 3148 1451 ὁ
3176 1397 3363 1467 πένης,
3386 1397 3470 1450 ἵνα
3490 1397 3589 1468 τῆς
3610 1399 3795 1462 πενίας
3814 1399 3917 1472 ἔχῃ

2257 1485 2630 1554 παραμυθίαν·
2668 1488 2695 1538 ό
2726 1483 2998 1548 πλούσιος,
3049 1484 3135 1537 ’ίνα
3162 1483 3253 1537 τὸν
3296 1483 3525 1537 πλοῦτον
3568 1485 3626 1538 ἐν
3651 1487 3921 1559 ἀσφαλείᾳ

2257 1572 2592 1642 κεκτημένος
2725 1574 2752 1624 ὁ
2778 1571 2982 1642 ἄρχων,
3042 1571 3129 1624 ἵνα
3171 1570 3309 1641 μετά
3340 1570 3635 1639 ἀσφαλείας
3681 1572 3841 1646 ἄρχῃ·
3891 1576 3922 1628 ό

2256 1659 2575 1729 ἀρχόμενος,
2608 1659 2696 1711 ἵνα
2718 1658 2963 1727 εὐμενεῖς
2996 1657 3091 1727 ἔχῃ
3118 1658 3242 1721 τοὺς
3269 1659 3552 1729 ἄρχοντας.
3587 1660 3754 1713 Τοῦτο
3781 1662 3924 1731 ἡμεο

2255 1746 2476 1817 ρότητος
2511 1747 2753 1817 ἀφορμὴ,
2792 1744 2949 1797 τοῦτο
2973 1745 3278 1816 πραότητος
3309 1747 3582 1809 ὑπόθεσις.
3647 1746 3797 1802 Ἐπεὶ
3823 1750 3924 1802 καὶ

2253 1834 2311 1885 ἐν
2338 1834 2449 1896 τοῖς
2467 1833 2675 1902 θηρίοις
2694 1834 2874 1885 ἐκεῖνα
2899 1831 3131 1903 μάλιστά
3152 1833 3268 1884 ἐστι
3288 1833 3500 1901 χαλεπά
3516 1835 3608 1886 καὶ
3627 1834 3923 1898 ἀτίθασσα,

2252 1921 2320 1972 τὰ
2341 1920 2414 1989 μὴ
2444 1919 2937 1989 συναγελαζόμενα.
2977 1918 3074 1971 Διά
3104 1918 3261 1971 τοῦτο
3285 1919 3468 1983 πόλεις
3492 1920 3763 1992 οίκοῦμεν,
3822 1922 3929 1975 καὶ

2252 2008 2459 2077 ἀγοράς
2488 2007 2706 2077 ἔχομεν,
2741 2006 2830 2059 ἵνα
2879 2006 3132 2077 ἀλλήλοις
3185 2007 3587 2077 συγγινώμεθα.
3618 2009 3660 2061 Τ
3664 2008 3788 2062 οῦτο
3823 2011 3930 2063 καὶ

2254 2093 2462 2157 Παῦλος
2497 2093 2750 2146 ἐκέλευσε
2780 2092 2952 2159 λέγων
2975 2108 2989 2124 ο
3025 2091 3121 2159 Μὴ
3152 2093 3773 2163 ἐγκαταλιμπάνοντες
3804 2096 3931 2164 τὴν

2252 2181 2716 2251 ἐπισυναγωγὴν
2748 2179 2996 2235 ἑαυτῶν.
3058 2180 3221 2234 Οὐδὲν
3247 2180 3353 2251 γὰρ
3385 2180 3555 2245 οὕτως
3587 2183 3660 2246 ὡς
3689 2184 3931 2254 μόνωσις

2256 2269 2442 2331 κακὸν,
2476 2270 2570 2321 καὶ
2600 2269 2660 2321 τὸ
2689 2268 2951 2323 ἄσπονδον
2981 2269 3075 2321 καὶ
3103 2269 3419 2338 ἀπρόσιτον.
3448 2271 3511 2323 Τί
3557 2266 3650 2325 οὖν
3672 2273 3720 2323 οί
3754 2289 3935 2341 μονα-

2255 2359 2361 2429 χοὶ,
2389 2360 2540 2428 φησὶ,
2569 2358 2660 2411 καὶ
2681 2359 2730 2409 οἰ
2752 2358 2850 2420 τάς
2876 2357 3116 2428 κορυφὰς
3150 2358 3257 2410 τῶν
3282 2359 3454 2429 ὀρέων
3498 2361 3930 2432 κατειληφότες,

2256 2445 2390 2499 Οὐδὲ
2422 2448 2619 2498 ἐκεῖνοι
2648 2445 2815 2515 φίλων
2865 2446 2973 2498 είσὶ
3002 2446 3190 2517 χωρίς,
3240 2446 3377 2499 ἀλλά
3414 2448 3541 2512 τοὺς
3576 2450 3675 2519 μὲν
3704 2451 3793 2502 ἐπὶ
3822 2450 3929 2520 τῆς

2254 2534 2463 2605 ἀγορᾶς
2489 2533 2687 2601 ἔφυγον
2708 2532 2989 2603 θορύϐους,
3015 2534 3240 2596 πολλοὺς
3265 2533 3323 2586 δέ
3352 2534 3567 2604 ἔχουσιν
3592 2536 3930 2606 ὁμοψύχους,

2256 2622 2351 2675 καὶ
2377 2621 2619 2692 ἀκριϐῶς
2638 2621 2886 2691 ἀλλήλοις
2920 2622 3350 2692 συνδεδεμένους·
3379 2624 3473 2676 καὶ
3501 2624 3588 2677 ῖνα
3611 2624 3766 2678 τοῦτο
3793 2642 3933 2677 κατ-

2256 2709 2589 2781 ορθώσωσιν,
2657 2708 3028 2780 ἀνεχώρησαν.
3085 2710 3304 2780 Ἐπειδὴ
3334 2711 3439 2783 γὰρ
3463 2713 3496 2781 ὴ
3526 2711 3634 2764 τῶν
3666 2714 3933 2783 πραγμά-

2257 2815 2364 2851 των
2393 2798 2696 2867 φιλονεικία
2748 2799 2948 2862 πολλάς
2993 2803 3137 2852 ποιεῖ
3166 2798 3263 2862 τὰς
3294 2799 3498 2869 ἐριδας,
3533 2800 3621 2854 διά
3679 2801 3836 2853 τοῦτο
3865 2804 3934 2854 ἐκ

2261 2891 2426 2960 μέσου
2459 2892 2741 2960 γενόμενοι
2767 2891 2865 2962 τὴν
2894 2890 3113 2960 ἀγάπην
3144 2889 3450 2961 γεωργοῦσι
3475 2890 3614 2961 μετὰ
3638 2891 3934 2962 ἀκριϐείας

2257 2977 2481 3046 πολλῆς.
2506 2979 2569 3031 Τί
2594 2976 2706 3040 οὖν,
2742 2981 2794 3031 ετ
2818 2996 2903 3043 τις
2922 2980 3080 3050 μόνος
3102 2979 3210 3048 εἴη,
3244 2980 3396 3049 φησὶ,
3422 2981 3671 3042 κάκεῖνος
3700 2980 3933 3050 μυρίους

2256 3066 2367 3136 ἔχει
2422 3067 2639 3135 φίλους;
2685 3066 2824 3137 Ἐγὼ
2864 3068 2961 3138 μὲν
2991 3067 3101 3138 γάρ
3132 3067 3414 3138 βούλομαι,
3442 3070 3492 3120 εί
3540 3067 3781 3130 δυνατὸν,
3834 3070 3935 3121 καὶ

2260 3156 2650 3225 συνδιατρίϐειν
2671 3156 2919 3227 ἀλλήλοις
2944 3156 3161 3209 εἰδέναιο
3196 3156 3333 3219 τέως
3359 3155 3416 3208 δέ
3449 3156 3655 3226 μενέτω
3691 3168 3712 3195 θ
3740 3156 3808 3209 τὰ
3828 3158 3935 3226 τῆς

2258 3243 2441 3311 φιλίας
2469 3246 2719 3314 ἀκίνητα.
2751 3246 2823 3297 Οὐ
2857 3244 2964 3315 γὰρ
2988 3248 3016 3298 ό
3044 3244 3210 3308 τόπος
3236 3247 3379 3297 ποιεῖ
3402 3246 3527 3308 τοὺς
3551 3245 3757 3313 φίλους.
3791 3246 3933 3298 Πολ-

2257 3332 2382 3396 λοὺς
2408 3331 2536 3400 γοῦν
2566 3332 2746 3402 έχουσι
2775 3334 2899 3395 τοὺς
2927 3332 3324 3403 θαυμάζοντας·
3360 3333 3459 3385 οὑκ
3491 3332 3555 3386 ἂν
3588 3333 3645 3386 δέ
3680 3333 3930 3403 ἐθαύμα-

2261 3438 2377 3483 σαν,
2405 3423 2452 3472 εἰ
2484 3422 2558 3491 μὴ
2591 3420 2827 3489 ἐφίλουν.
2865 3421 2974 3474 Καὶ
3030 3421 3182 3473 αὐτοὶ
3209 3420 3371 3473 πάλιν
3410 3421 3551 3490 ὑπὲρ
3592 3423 3807 3489 ἀπάσης
3837 3423 3935 3473 εῦ-

2258 3526 2439 3578 χονται
2455 3510 2550 3579 τῆς
2572 3508 2918 3578 οἰκουμένης,
2944 3509 3079 3578 ὅπερ
3107 3509 3361 3579 μέγιστον
3383 3510 3561 3577 φιλίας
3586 3511 3703 3562 ἐστὶ
3724 3512 3933 3578 τεκμήο

2261 3614 2394 3666 ριον.
2431 3597 2529 3648 Διά
2557 3595 2713 3648 τοῦτο
2744 3596 2835 3649 καὶ
2863 3597 2920 3648 ἐν
2953 3599 3067 3658 τοῖς
3096 3596 3415 3667 μυστηρίοις
3460 3597 3817 3667 ἀσπαζόμεθα
3836 3597 3933 3649 άλ-

2258 3682 2471 3751 λήλους,
2504 3682 2588 3735 ἵνα
2638 3683 2687 3735 οἱ
2712 3682 2893 3735 πολλοὶ
2934 3682 3220 3752 γενώμεθα
3258 3684 3335 3735 ἐν·
3376 3685 3471 3736 καὶ
3499 3684 3589 3736 ἐπὶ
3620 3684 3726 3737 τῶν
3750 3686 3934 3754 ἀμυή-

2258 3783 2364 3816 των
2418 3765 2601 3827 κοινάς
2650 3765 2951 3835 ποιούμεθα
2983 3768 3079 3830 τὰς
3126 3767 3309 3835 εὐχάς,
3358 3767 3728 3831 λιτανεύοντες
3788 3769 3933 3836 ὑπὲρ

2259 3850 2553 3904 νοσούντων
2572 3892 2585 3915 ,
2613 3852 2834 3904 καὶτῶν
2860 3854 3088 3922 καρπῶν
3107 3852 3205 3919 τῆς
3238 3855 3583 3924 οἰκουμένης,
3604 3856 3698 3907 καὶ
3713 3854 3815 3922 γῆς
3837 3856 3933 3906 καὶ

2262 3938 2549 4007 θαλάττης.
2581 3939 2741 4009 Ὁρᾷς
2768 3940 2945 3992 πᾶσαν
2961 3939 3059 4009 τῆς
3085 3940 3302 4010 ἀγάπης
3332 3942 3432 4012 τὴν
3450 3942 3708 4011 δύναμιν;
3732 3943 3789 3992 ἐν
3810 3944 3936 4004 ταῖς

2260 4030 2445 4097 εὐχαῖς
2468 4045 2482 4092 ;
2514 4031 2569 4081 ἐν
2596 4031 2710 4091 τοῖς
2731 4028 3078 4100 μυστηρίοις;
3116 4030 3173 4081 ἐν
3205 4031 3326 4094 ταῖς
3350 4030 3736 4100 παραινέσεσι;
3762 4029 3935 4081 Τοῦτο

2261 4118 2477 4168 πάντων
2510 4117 2678 4169 αἴτιον
2717 4115 2825 4169 τῶν
2871 4115 3111 4184 ἀγαθῶν.
3139 4116 3236 4169 Ἂν
3277 4117 3477 4185 ταύτης
3509 4116 3762 4186 ἐχώμεθα
3793 4120 3936 4187 μετά

2262 4203 2545 4272 ἀκριϐείας
2570 4244 2583 4263 ,
2618 4206 2712 4256 καὶ
2746 4204 2813 4256 τὰ
2864 4204 3105 4272 παρόντα
3144 4203 3324 4266 καλῶς
3354 4206 3806 4275 οίκονομήσομεν,
3839 4207 3937 4258 καὶ

2259 4292 2355 4361 τῆς
2386 4292 2660 4360 βασιλείας
2689 4291 3095 4361 ἐπιτευξόμεθα·
3120 4288 3187 4363 ἧς
3214 4293 3424 4360 γένοιτο
3436 4293 3642 4357 πάντας
3660 4296 3807 4364 ἡμᾶς
3824 4296 3939 4345 ἐπι-

2262 4382 2468 4449 τυχεῖν,
2512 4381 2693 4449 χάριτι
2722 4380 2816 4432 καλ⁷
2846 4379 3223 4450 φιλανθρωπίᾳ
3264 4380 3359 4433 τοῦ
3390 4382 3593 4451 Κυρίου
3620 4381 3783 4450 ἡμῶν
3828 4382 3938 4451 Ἰη-

2266 4467 2359 4519 σοῦ
2386 4468 2641 4537 Χριστοῦ,
2672 4466 2737 4519 δι’
2768 4458 2828 4519 οὑ
2860 4467 2953 4519 καὶ
2996 4466 3113 4537 μεθ’
3142 4460 3203 4519 οῦ
3236 4468 3313 4538 τῷ
3347 4469 3521 4538 Πατρὶ
3562 4470 3595 4538 ἡ
3638 4468 3786 4532 δόξα,
3820 4470 3939 4537 ἀμα

2264 4558 2342 4628 τῷ
2371 4558 2511 4629 ἁγίῳ
2537 4556 2833 4628 Πνεύματι,
2862 4560 2941 4621 εἰς
2971 4558 3096 4622 τοὺς
3129 4560 3331 4621 αἰῶνας
3353 4559 3713 4613 τῶνάίώνων.
3740 4560 3937 4629 Ἀμήν.

2330 4761 2483 4837 δ’Καὶ
2522 4764 2652 4827 ςὸϐῳ
2691 4762 2898 4811 accessit
2923 4774 2952 4809 ε
2986 4762 3138 4811 Savil.
3174 4767 3228 4811 et
3257 4761 3398 4811 codd.
3426 4761 3559 4811 Eorr.
3634 4774 3658 4801 ο
3688 4762 3787 4811 Alii
3822 4764 3943 4817 τέως

2270 4840 2467 4885 μενετω.

1955 5032 2106 5104 1465]
2148 5032 2395 5086 ΟΜΙΛΙΑ
2436 5029 2557 5085 06'.

482 5118 734 5193 Μικρὸν,
767 5120 866 5193 καὶ
891 5122 963 5193 οὑ
985 5124 1249 5190 θεωρεῖτέ
1284 5138 1305 5165 ⁸
1328 5143 1421 5193 με·
1456 5126 1554 5180 καὶ
1577 5126 1761 5180 πάτρι’
1783 5123 2039 5193 μικρὸν.-
2058 5123 2157 5176 καὶ

556 5189 784 5270 ὅψεσβέ
802 5208 899 5270 μξν
931 5190 999 5246 ὅτ
1002 5211 1019 5246 ι
1308 5189 1474 5270 εἱρὸςω
1510 5198 1635 5270 τὸν,
1667 5189 1922 5270 Πατέρςὶ.
1970 5190 2162 5270 ΕῙπιζις

555 5257 672 5333 οὖν
708 5257 925 5333 ἐκτῶν
965 5257 1246 5331 μαθητῶῶ
1290 5257 1477 5319 αὑτοῦ
1536 5269 1683 5333 πρὸς
1723 5257 2060 5333 ἀλλήλους’
2101 5263 2163 5316 Τί

555 5331 729 5385 ἐστιν
761 5330 792 5385 ὃ
823 5330 1007 5403 λέγει,
1039 5330 1305 5405 Μικρόν;
1347 5337 1439 5390 καὶ
1469 5337 1535 5390 τὰ
1560 5330 1704 5405 ἑξῆς.

562 5469 747 5538 α’.Τὴν
761 5467 1103 5542 ὀδυνωμένην
1117 5471 1292 5542 ψυχὴν
1314 5473 1404 5525 καὶ
1423 5475 1525 5527 ὑπὸ
1542 5475 1774 5545 ἀθυμίας
1793 5478 2160 5548 κατεχομένην

492 5552 690 5622 πολλῆς
723 5554 873 5608 οὐδὲν
899 5556 1068 5620 οὕτως
1091 5559 1246 5612 είωθε
1272 5563 1647 5621 καταϐάλλειν.
1683 5564 1756 5625 ὡς
1775 5565 1841 5616 τὰ
1861 5566 1959 5635 τὴν
1987 5565 2162 5636 λύπην

492 5637 741 5691 τίκτοντα
776 5642 993 5710 ῥήματα
1031 5649 1371 5717 στρεφόμενα
1412 5648 1664 5717 συνεχῶς.
1692 5650 1754 5701 Τί
1786 5650 1981 5720 δήποτε
2011 5648 2102 5704 οὖν
2132 5653 2160 5706 ό

495 5722 726 5791 Χριστὸς
752 5728 945 5793 εἰπὼν,
988 5733 1227 5803 Ὑπάγω,
1292 5736 1404 5802 καὶ,
1446 5739 1567 5790 Οὐκ
1612 5737 1973 5807 ἔτιλα,.ίήσω
2026 5740 2157 5808 μεθ’

561 5890 589 5918 ⁸
614 5889 712 5941 Alii
737 5900 918 5960 μικρὸν,
942 5903 1100 5952 οὐκέτι
1124 5907 1260 5969 θεωρ.

2259 5120 2447 5188 ὑμῶν,
2480 5119 2719 5188 συνεχῶς
2765 5120 2834 5171 τά
2856 5118 2995 5173 αὑτά
3040 5119 3282 5189 στρέφει,
3327 5120 3522 5188 λέγων·
3550 5124 3806 5191 Μικρὸν,
3842 5125 3945 5178 καὶ

2262 5210 2372 5260 οὐκ
2414 5206 2501 5259 ἔτι
2532 5206 2797 5274 θεωρεῖτέ
2824 5223 2919 5275 με·
2948 5209 3062 5270 καὶ,
3096 5208 3225 5261 Ὀτι
3255 5208 3461 5276 ὑπάγω
3494 5212 3644 5277 πρὸς
3672 5212 3781 5263 τὸν
3805 5212 3945 5280 πέμ·

2262 5293 2463 5362 ψαντά
2484 5310 2560 5361 με
2578 5309 2597 5356 ;
2628 5294 2756 5346 Ὅτε
2792 5294 2900 5363 γάρ
2932 5294 3128 5357 αὐτοὺς
3157 5297 3495 5363 ἀνεκτήσατο
3545 5297 3634 5349 διά
3664 5299 3774 5349 τῶν
3812 5302 3944 5369 περὶ

2262 5381 2357 5434 τοῦ
2385 5382 2697 5451 Πνεύματος
2722 5381 2915 5449 λόγων,
2943 5381 3063 5433 τότε
3110 5383 3274 5435 πάλιν
3300 5384 3477 5435 αὐτῶν
3511 5386 3842 5437 καταϐάλλει
3874 5390 3944 5438 τά

2265 5471 2608 5539 φρονήματα.
2668 5469 2821 5531 Τίνος
2855 5465 2947 5521 οὖν
3000 5469 3187 5522 ἓνεκεν
3212 5472 3368 5523 τοῦτο
3417 5475 3587 5535 ποιεῖ;
3647 5474 3943 5536 Βασανίζει

2268 5556 2365 5627 τὴν
2394 5556 2648 5616 διάνοιαν,
2678 5557 2771 5608 καὶ
2804 5555 3175 5626 δοκιμωτέραν
3206 5558 3517 5627 ἐργάζεται,
3542 5562 3637 5612 καὶ⁸
3670 5563 3942 5622 συνεθέξει

2267 5643 2447 5705 καλῶς
2490 5643 2685 5705 αὐτοὺς
2714 5644 2771 5695 ἐν
2822 5645 2886 5713 τῇ
2920 5642 3024 5695 τῶν
3076 5644 3335 5714 λυπηρῶν
3368 5648 3631 5716 ἀκροάσει
3676 5650 3942 5715 γενναέως

2266 5733 2506 5799 ἐνεγκεῖν
2554 5731 2715 5783 αὑτοῦ
2757 5733 2846 5785 τὸν
2881 5732 3178 5803 χωρισμόν.
3238 5734 3298 5784 Οἱ
3344 5734 3452 5803 γὰρ
3477 5736 3535 5786 ἐν
3565 5740 3678 5799 τοῖς
3725 5738 3943 5806 ῥήμασι

2260 5819 2418 5870 τοῦτο
2442 5821 2848 5889 μελετήσαντες,
2876 5821 3097 5891 ἔμελλον
3125 5821 3220 5873 καὶ
3244 5822 3301 5872 ἐν
3320 5824 3430 5884 τοῖς
3458 5822 3783 5891 πράγμασιν
3806 5826 3942 5878 αὐτὸ

2264 5905 2463 5977 ῥᾳδίως
2490 5906 2656 5959 οἴσειν
2683 5905 2887 5962 λοιπόν.
2922 5909 2984 5960 Εἰ
3017 5909 3073 5961 δέ
3100 5925 3180 5971 τις
3211 5909 3453 5979 ἀκριϐῶς
3481 5910 3786 5977 ἐξετάσειε,
3844 5912 3948 5966 καὶ
