4126 6366
259 428 363 486 bili

255 541 544 608 accipiatur
563 537 630 591 ab
663 535 761 595 eis.
792 550 889 589 nec
909 521 1354 590 scandalizentur.
1403 533 1535 602 Quia
1563 533 1706 587 enim
1737 532 1823 585 di-

255 643 438 685 xerat:
474 629 617 684 Unus
647 639 718 681 est
748 627 992 697 Magister
1016 637 1172 682 vester
1185 626 1422 682 Christus
1491 625 1704 695 (Matth.
1732 626 1825 679 25.

253 722 326 794 8)
355 739 368 786 ;
402 737 469 776 ne
497 729 746 791 putarent
774 719 986 774 Christo
1013 736 1117 772 non
1175 721 1371 774 habere
1403 719 1558 774 ﬁdem
1592 760 1607 784 ,
1661 719 1706 773 si
1753 719 1830 773 illi

251 815 556 880 crederent,
595 811 706 869 Una
737 823 836 875 est,
863 812 1052 882 inquit,
1083 821 1138 866 et
1161 827 1276 866 mea
1307 821 1360 866 et
1387 811 1528 867 illius
1555 812 1827 875 doctrina;

256 924 317 960 ex
350 907 415 961 iis
437 923 556 975 quae
584 921 682 974 ego
704 905 942 960 dicturus
959 919 1128 969 eram,
1158 919 1221 958 ex
1243 904 1426 958 iisdem
1451 911 1506 958 et
1527 904 1639 972 ipse
1666 902 1832 956 dicet.

253 997 328 1051 Ne
357 997 552 1066 putetis
581 997 681 1049 alia
700 996 766 1049 ab
793 996 883 1048 illo
915 996 1038 1058 dici;
1065 1010 1185 1048 nam
1212 994 1302 1048 illa
1323 1009 1439 1049 mea
1460 1004 1602 1059 sunt,
1633 1008 1834 1047 meam-

252 1106 358 1159 que
392 1089 616 1159 gloriam
643 1088 937 1142 celebrant.
963 1087 1077 1142 Una
1104 1087 1246 1142 enim
1267 1096 1348 1142 est
1367 1087 1609 1140 voluntas
1639 1085 1832 1152 Patris,

253 1182 394 1246 Filii,
428 1189 483 1237 et
509 1181 741 1251 Spiritus
763 1180 954 1234 sancti.
986 1179 1060 1233 lta
1089 1189 1143 1234 et
1169 1194 1267 1234 nos
1295 1194 1416 1234 esse
1441 1179 1554 1232 vult
1595 1177 1780 1232 dicens
1816 1193 1830 1230 :

258 1273 326 1328 Ut
353 1274 453 1328 sint
481 1290 636 1328 unum
662 1315 677 1339 ,
701 1274 829 1328 sicut
874 1289 965 1344 ego
1009 1282 1057 1328 et
1093 1283 1146 1326 tu
1188 1289 1344 1327 unum
1385 1289 1559 1326 sumus
1627 1271 1648 1345 (
1677 1271 1834 1325 Joan.

255 1368 346 1424 t7.
376 1368 437 1422 tt
471 1366 510 1436 ).

327 1460 383 1514 4.
411 1457 706 1512 Concordia.-
733 1456 936 1511 bonum.
957 1485 1032 1498 --
1054 1455 1198 1510 Nihil
1234 1456 1374 1510 enim
1409 1470 1504 1527 par
1530 1453 1836 1509 cancordiae

257 1561 312 1607 et
359 1551 642 1605 consensui
669 1567 682 1603 ε
708 1564 844 1604 unus
862 1551 1004 1604 enim
1036 1550 1106 1602 ita
1143 1548 1420 1616 multiplex
1449 1556 1552 1602 est.
1593 1547 1648 1602 Si
1694 1547 1836 1601 enim

256 1641 552 1697 concordes
580 1641 688 1693 sint
709 1640 816 1694 duo
837 1639 921 1694 vel
951 1639 1135 1694 decem
1157 1677 1174 1706 ,
1209 1653 1313 1692 non
1359 1638 1589 1707 amplius
1617 1639 1840 1707 quisque

265 1751 402 1788 unus
431 1745 551 1800 est;
580 1733 672 1787 sed
718 1733 1081 1802 unusquisque
1105 1748 1290 1786 eorum
1323 1731 1585 1800 decuplex
1613 1733 1734 1794 erit,
1787 1740 1843 1785 et

259 1829 500 1882 invenies
529 1827 782 1881 indecem
815 1825 918 1879 illis
967 1842 1126 1879 unum
1148 1867 1162 1890 ,
1193 1835 1245 1879 et
1276 1825 1327 1879 in
1352 1841 1459 1878 uno
1488 1825 1674 1879 decem
1699 1825 1837 1880 illos.

257 1920 310 1974 Si
341 1921 612 1974 inimicum
657 1919 903 1981 habeant,
939 1935 1044 1972 non
1075 1919 1224 1988 quasi
1247 1935 1406 1971 unum
1438 1919 1838 1987 aggrederetur,

259 2013 350 2066 sed
374 2013 522 2081 quasi
554 2011 739 2066 decem
762 2026 1109 2082 aggressurus
1136 2053 1149 2074 ,
1180 2012 1430 2065 vincitur.
1464 2011 1580 2064 Non
1606 2011 1748 2065 enim
1776 2011 1844 2064 ah

259 2121 365 2157 uno
398 2114 631 2166 tantum,
677 2104 768 2157 sed
797 2103 1029 2157 adecem
1064 2104 1355 2172 impetitur.
1405 2102 1607 2173 lndiget
1658 2103 1843 2156 unus?

257 2196 362 2250 Sed
389 2212 492 2249 non
522 2197 572 2249 in
604 2204 841 2265 egestate
870 2205 980 2258 est;
1007 2211 1128 2248 nam
1166 2195 1370 2264 majore
1401 2204 1551 2262 parte
1579 2236 1594 2261 ,
1645 2209 1842 2259 nempe

258 2304 448 2341 novem
482 2288 704 2341 aliorum
729 2287 982 2352 abundat,
1013 2296 1065 2340 et
1093 2301 1214 2356 pars
1245 2288 1328 2340 illa
1349 2287 1604 2341 deﬁciens
1630 2287 1843 2355 tegitur,

258 2381 435 2433 minor
455 2381 812 2449 abampliore.
849 2379 1054 2448 Singuli
1098 2395 1285 2432 eorum
1316 2379 1501 2449 viginti
1524 2393 1713 2432 manus
1738 2377 1836 2431 ha-

257 2473 423 2536 bent,
456 2472 641 2541 viginti
676 2471 863 2527 oculos
883 2512 897 2536 ,
922 2471 1088 2541 pedes
1133 2471 1376 2526 totidem.
1419 2471 1534 2525 Non
1560 2471 1671 2526 suis
1701 2472 1844 2525 enim

258 2567 421 2620 modo
451 2565 619 2619 oculis
645 2565 884 2634 respicit,
914 2564 1008 2618 sed
1030 2574 1085 2618 et
1112 2564 1340 2618 aliorum
1361 2606 1375 2629 ,
1430 2578 1528 2618 nec
1567 2565 1680 2618 suis
1723 2572 1844 2616 tan-

260 2668 371 2712 tum
398 2667 567 2728 gestat
597 2657 838 2725 pedibus,
863 2672 957 2711 nec
978 2657 1087 2710 suis
1109 2657 1278 2710 solum
1300 2656 1544 2710 manibus
1574 2665 1845 2725 operatur,

259 2751 354 2806 sed
382 2761 432 2804 et
460 2750 668 2804 alienis.
693 2751 912 2804 Animas
936 2750 1120 2804 decem
1155 2749 1348 2803 habet:
1389 2764 1492 2802 non
1539 2749 1680 2802 enim
1733 2749 1848 2816 ipse

260 2843 436 2896 Solum
485 2857 577 2896 sua
638 2849 825 2906 curat,
877 2841 973 2895 sed
1004 2851 1058 2895 et
1101 2841 1186 2894 alii
1211 2855 1443 2910 quoque.
1477 2839 1533 2894 Si
1560 2854 1690 2894 vero
1710 2854 1840 2894 cen-

261 2942 374 2986 tum
432 2945 651 3000 essent,
708 2930 850 2988 idem
904 2933 1287 3002 contingeret,
1351 2941 1406 2986 et
1466 2931 1633 2985 virtus
1681 2944 1846 3002 augeo

260 3036 430 3080 ΙὊίΙΙΓ.

334 3115 574 3173 Caritatis
601 3117 919 3172 excellentia.
948 3145 1024 3158 —
1047 3115 1293 3171 Vidistin’
1314 3116 1552 3171 caritatis
1577 3115 1854 3172 excellen-

265 3213 417 3276 tiam,
450 3210 720 3281 quomodo
741 3227 902 3264 unum
927 3209 1117 3264 reddat
1148 3210 1613 3279 inexpugnabilem
1641 3219 1694 3263 et
1710 3211 1851 3264 mul-

263 3302 500 3370 tiplicetu
531 3301 556 3354 ll
598 3300 868 3370 quomodo
899 3316 1032 3355 unus
1053 3301 1221 3368 possit
1249 3300 1407 3354 simul
1429 3315 1552 3354 esse
1568 3309 1622 3354 et
1644 3300 1695 3354 in
1722 3300 1853 3355 Per-

264 3396 383 3448 side
412 3403 466 3448 et
491 3393 714 3448 Romae?
744 3392 895 3458 Quod
930 3407 1034 3446 non
1068 3401 1245 3461 potest
1287 3402 1473 3446 natura
1499 3433 1515 3457 ,
1545 3391 1597 3446 id
1639 3391 1853 3447 dilectio

265 3497 465 3559 potest.
507 3487 636 3540 Pars
663 3486 860 3554 quippe
887 3485 1004 3553 ejus
1030 3484 1118 3539 hic
1157 3485 1278 3546 erit,
1309 3498 1432 3552 pars
1458 3484 1601 3548 illic;
1634 3485 1744 3539 imo
1772 3493 1852 3538 to-

268 3591 354 3632 tus
378 3580 484 3643 hic,
516 3588 656 3632 totus
682 3577 808 3631 illic.
842 3575 897 3630 Si
922 3589 1050 3630 vero
1072 3576 1216 3630 mille
1242 3574 1358 3629 sive
1380 3575 1460 3629 bis
1484 3575 1627 3629 mille
1654 3575 1854 3629 amicos

269 3671 486 3734 habeat,
517 3669 799 3724 considera
828 3668 880 3722 in
926 3677 1178 3737 quantam
1203 3665 1270 3720 sit
1314 3677 1667 3735 perventurus
1706 3675 1857 3735 pote-

271 3775 488 3819 statem.
525 3762 708 3816 \’iden’
735 3769 990 3830 quantum
1019 3759 1230 3814 dilectio
1261 3767 1602 3828 augmentum
1636 3757 1851 3812 efﬁciat.

268 3856 408 3912 Illud
443 3856 584 3910 enim
619 3853 866 3930 mirabile
893 3861 1006 3917 est,
1037 3851 1180 3921 quod
1212 3866 1350 3905 unus
1395 3851 1542 3906 mille
1573 3849 1854 3904 efﬁciatur.

273 3950 382 4006 Cur
407 3965 536 4019 ergo
585 3964 692 4002 non
725 3957 925 4002 tantam
963 3945 1115 3999 nobis
1145 3953 1461 4014 potestatem
1491 3943 1815 3997 conferimus
1839 3982 1855 4005 ,

273 4057 373 4094 nec
402 4056 497 4093 nos
525 4040 575 4093 in
597 4039 883 4092 securitate
899 4035 1320 4091 constituimus?
1367 4035 1479 4089 lloc
1529 4035 1763 4103 potentia
1805 4045 1860 4089 et

275 4133 474 4186 divitiis
512 4131 838 4200 quibuslibet
866 4128 1206 4198 priestantius
1231 4137 1348 4191 est;
1378 4127 1479 4180 hoc
1508 4125 1814 4181 valetudine
1841 4168 1857 4193 ,

279 4226 381 4278 hoc
429 4226 538 4292 ipsa
583 4225 697 4276 luce
725 4222 916 4276 melius
945 4231 1026 4275 est
1053 4237 1068 4284 ;
1101 4221 1201 4273 hoc
1232 4219 1428 4273 laetitia:
1465 4230 1858 4288 argumentum.

281 4316 569 4385 Usquequo
594 4315 645 4367 in
671 4330 775 4366 uno
801 4311 1072 4366 etduobus
1092 4311 1434 4365 dilectionem
1457 4311 1864 4366 circumscribe-

282 4409 444 4462 tnus?
478 4407 551 4459 Ex
581 4404 850 4458 contrario
898 4418 1014 4456 rem
1070 4403 1269 4456 cdisce.
1328 4401 1406 4455 Sit
1455 4403 1718 4470 quispiam
1774 4403 1862 4470 qui

283 4501 486 4553 nullum
535 4497 730 4552 habeat
770 4497 1022 4559 amicum,
1052 4495 1193 4565 quod
1224 4502 1479 4548 extremm
1509 4504 1593 4549 est
1617 4494 1862 4547 amentiae

282 4594 501 4664 (fatuus
563 4593 709 4646 enim
775 4589 952 4651 dicet,
1013 4587 1128 4642 Non
1196 4597 1279 4642 est
1352 4586 1483 4641 mihi
1567 4586 1860 4654 amicus);

287 4683 589 4751 hujusmodi
619 4683 778 4736 homo
807 4696 964 4750 quam
989 4680 1148 4734 ducet
1191 4679 1393 4732 vitam?
1445 4678 1698 4744 Quamvis
1721 4679 1863 4733 enim

281 4777 579 4829 ditissimus
633 4775 721 4838 sit,
761 4773 1004 4843 quamvis
1073 4771 1127 4824 in
1182 4787 1364 4824 rerum
1420 4772 1572 4840 copia
1626 4779 1680 4824 et
1734 4769 1868 4823 deli-

281 4869 402 4934 ciis,
427 4866 672 4938 quamvis
694 4867 969 4920 innumera
1001 4862 1139 4917 bona
1162 4862 1463 4932 possidens,
1513 4862 1685 4917 nudus
1714 4877 1867 4931 pror-

292 5031 441 5042 ῥ-

287 5257 416 5314 Car.
446 5258 535 5312 16.
576 5273 628 5310 v.
665 5256 752 5311 16.
810 5252 1104 5316 Modicum,
1160 5259 1207 5304 et
1253 5265 1355 5303 non
1406 5248 1634 5301 videbitis
1678 5256 1870 5300 me:et

358 5352 542 5404 iterum
569 5349 856 5413 modicum,
887 5355 935 5399 et
960 5343 1185 5399 videbitis
1212 5358 1322 5403 me,
1356 5341 1474 5410 quia
1508 5338 1636 5392 vado
1660 5338 1728 5391 ad
1758 5335 1869 5389 Pa-

364 5451 506 5492 trem.
530 5440 616 5492 i'l.
637 5438 888 5492 Dixerunt
904 5451 1022 5506 ergo
1039 5451 1102 5488 ex
1124 5433 1390 5502 discipulis
1414 5433 1520 5502 ejus
1542 5433 1609 5484 ad
1626 5431 1832 5484 invicem
1854 5445 1875 5484 :

367 5529 503 5596 Quid
528 5538 600 5583 est
627 5529 719 5582 hoc
745 5529 877 5598 quod
901 5527 1054 5589 dicit,
1090 5523 1349 5578 Modicum
1366 5523 1392 5576 ἲ
1423 5531 1528 5576 etc.

366 5621 416 5675 1.
441 5620 714 5675 Dolentem
730 5628 784 5674 et
801 5618 1005 5673 tristitia
1025 5615 1269 5670 allectum
1287 5616 1520 5668 animum
1543 5611 1672 5666 nihil
1692 5611 1759 5668 ita
1780 5611 1876 5666 de-

293 5711 464 5783 jicere
479 5710 634 5772 solet,
649 5721 706 5764 ut
719 5709 1023 5778 frequenter
1036 5708 1255 5774 repetita
1272 5705 1430 5759 verba
1446 5717 1732 5759 maerorem
1748 5703 1875 5756 affe-

296 5803 487 5862 rentia.
500 5800 606 5860 Cur
622 5816 750 5872 ergo
763 5801 1005 5857 Christus
1015 5815 1134 5854 cum
1148 5797 1392 5860 dixisset,
1407 5796 1570 5864 Vada,
1587 5805 1658 5861 et,
1671 5793 1720 5849 Ν
1724 5811 1789 5849 οη
1801 5795 1875 5849 ul-

293 5907 376 5952 tra
391 5895 567 5968 loquar
583 5895 855 5963 vobiscum,
871 5893 1174 5966 frequenter
1188 5891 1303 5948 haec
1321 5891 1512 5963 repetit
1529 5889 1738 5946 dicens:
1756 5889 1872 5944 Ma-

1139 422 1206 477 IN
1243 420 1559 477 JOAN‘NENI
1607 419 1835 474 IIOIIIL.
1869 420 2102 475 LXXIX.
2146 424 2215 476 al.
2260 423 2539 482 LXXVIII.

1559 5093 1905 5156 HOMILIA
1948 5091 2246 5153 LXXIX.

3418 431 3521 486 4:26

1941 547 2032 586 sus
2087 533 2437 604 desertusque
2482 545 2586 590 est.
2634 536 2687 590 In
2731 537 2916 592 amicis
2969 554 3073 592 ncn
3100 540 3210 604 sic;
3245 542 3343 594 etsi
3376 543 3519 596 enim

1945 639 2204 692 pauperes
2235 627 2372 691 sint,
2406 628 2657 680 divitibus
2679 639 2804 682 sunt
2855 634 3221 698 opulentiores
3252 652 3262 682 :
3293 643 3347 686 ct
3401 649 3522 702 qua:

1941 716 2056 786 ipse
2088 733 2184 785 pro
2217 719 2392 787 seipse
2419 719 2598 773 dicere
2627 735 2729 774 noo
2753 722 2932 787 audet,
2965 723 3167 777 amicus
3196 724 3337 778 dicet
3367 743 3378 777 :
3405 743 3522 794 quae

1945 808 2045 862 sibi
2089 819 2343 878 praestare
2367 812 2571 880 nequit,
2609 828 2701 879 per
2722 813 2882 866 alium
2925 817 3154 883 poterit,
3206 815 3314 869 imo
3364 817 3522 887 longe

1942 903 2114 971 plura,
2139 913 2300 971 atque
2327 904 2405 957 sic
2429 913 2482 957 et
2509 905 2796 974 voluptatis
2818 917 2871 959 et
2898 909 3199 961 securitatis
3221 909 3374 962 nobis
3399 924 3526 963 can-

1943 1008 2000 1048 sa
2031 996 2152 1047 erit.
2183 995 2291 1048 Nec
2313 1004 2490 1064 potest
2517 996 2615 1065 ipsi
2653 998 2922 1066 quidpiam
2976 999 3099 1052 mali
3151 999 3394 1055 accidere
3437 1000 3525 1069 qui

1945 1093 2022 1138 tot
2043 1085 2362 1140 satellitibus
2388 1087 2635 1156 cingitur.
2685 1087 2866 1156 Neque
2897 1089 3039 1142 enim
3089 1091 3220 1157 regii
3268 1092 3528 1146 satellites

1946 1175 2014 1229 ita
2042 1177 2231 1242 vigiles
2259 1189 2312 1231 et
2342 1178 2622 1249 diligentes
2653 1190 2794 1243 sunt,
2831 1190 2885 1234 ut
2915 1183 3020 1236 isti.
3064 1182 3141 1235 llli
3180 1199 3406 1253 namque
3436 1201 3530 1239 ne-

1946 1269 2197 1322 cessitate
2223 1279 2277 1323 et
2326 1281 2470 1324 metu
2501 1271 2644 1325 ducti
2691 1273 3023 1336 custodiunt,
3059 1274 3108 1327 hi
3152 1275 3526 1331 beneVolentia

1945 1369 2000 1414 et
2027 1360 2311 1416 dilectione
2344 1378 2357 1414 :
2413 1365 2611 1418 amoris
2655 1375 2831 1419 autem
2862 1366 3018 1434 longe
3049 1366 3222 1436 major
3276 1368 3354 1422 vis
3399 1377 3481 1422 est
3513 1412 3528 1434 ,

1945 1469 2106 1522 quam
2130 1456 2354 1509 timoris.
2387 1456 2479 1510 Ille
2505 1458 2754 1512 custodes
2783 1475 2908 1511 suos
2937 1460 3145 1523 metuit,
3174 1459 3258 1512 hic
3287 1461 3392 1514 illis
3421 1477 3531 1514 ma-

1947 1550 2028 1617 gis
2056 1563 2213 1618 quam
2238 1550 2338 1603 sibi
2372 1550 2506 1616 ﬁdit,
2527 1563 2575 1604 et
2607 1551 2689 1605 his
2734 1551 2896 1604 fultus
2939 1555 3206 1606 nemiuem
3260 1553 3532 1607 insidiato-

1948 1656 2061 1694 rem
2093 1640 2362 1696 formidat.
2397 1642 2502 1696 IIas
2531 1659 2659 1712 ergo
2691 1660 2897 1698 merces
2931 1646 3085 1698 nobis
3115 1661 3526 1713 cotnparemus:

1956 1746 2173 1801 pauper,
2206 1743 2263 1785 ut
2297 1733 2347 1785 in
2377 1744 2688 1802 paupertate
2731 1735 3153 1788 consolationem
3189 1735 3382 1790 habeat
3410 1752 3423 1799 ;
3455 1737 3538 1789 di-

1951 1838 2042 1878 ves
2070 1866 2084 1889 ,
2141 1833 2199 1878 ut
2243 1825 2453 1878 divitias
2483 1829 2531 1878 in
2563 1835 2676 1879 tnto
2710 1825 2934 1890 habeat;
2979 1828 3227 1895 princeps
3250 1870 3263 1892 ,
3317 1839 3373 1880 ut
3411 1844 3530 1880 cum

1950 1919 2238 1972 securitate
2290 1918 2838 1986 imperet;subditus,
2898 1931 2951 1973 ut
3005 1921 3294 1976 benevolos
3341 1924 3536 1977 habeat

1953 2009 2241 2081 principes.
2300 2012 2425 2066 Ilaec
2479 2013 2890 2079 benevolentizr,
2950 2013 3062 2069 lnrc
3114 2018 3539 2073 mansuetudinis

1953 2103 2163 2156 occasio
2194 2114 2292 2157 est.
2324 2104 2456 2158 Nam
2484 2105 2623 2160 inter
2674 2106 2817 2160 feras
2872 2108 2976 2161 illa:
3033 2111 3262 2164 tnaxime
3308 2125 3461 2164 sacrm
3487 2122 3541 2168 et

1953 2196 2317 2251 intractabiles
2345 2209 2487 2263 sunt,
2541 2216 2658 2268 qua:
2686 2216 2790 2253 non
2827 2201 2878 2254 in
2906 2216 3123 2270 gregem
3164 2216 3380 2260 coeunt.
3415 2205 3539 2259 l.leo

1953 2290 2113 2344 urbes
2143 2290 2448 2354 incolimus,
2477 2291 2588 2345 fora
2621 2291 2898 2355 habemus,
2932 2305 2986 2346 ut
3017 2311 3116 2346 una
3147 2311 3446 2350 versemur.
3483 2299 3535 2353 Id

1955 2381 2149 2436 Paulus
2175 2382 2324 2451 jubet
2352 2383 2560 2446 dicens,
2595 2381 2717 2435 Non
2752 2387 3031 2438 deserentes
3059 2387 3398 2441 collectionem
3440 2407 3535 2442 ποι

1953 2483 2110 2526 stram
2143 2472 2326 2543 (Hebr.
2361 2473 2447 2527 10.
2477 2473 2590 2543 9.3).
2624 2473 2764 2527 Nihil
2791 2476 2930 2528 cnim
2958 2477 3109 2544 pejus
3136 2479 3421 2534 solitudine
3441 2523 3453 2543 ,
3477 2496 3543 2537 ac

1955 2567 2226 2620 societatis
2246 2575 2300 2620 et
2325 2568 2500 2619 aditus
2533 2568 2847 2635 privatione.
2905 2568 3038 2633 Quid
3070 2583 3196 2639 ergo
3243 2571 3488 2623 monachi
3523 2612 3538 2632 ,

1957 2658 2186 2727 inquies,
2215 2669 2264 2712 et
2293 2658 2323 2710 ii
2354 2659 2442 2727 qui
2483 2661 2758 2712 cicumina
2810 2659 3068 2712 montium
3104 2663 3412 2730 occupant?
3440 2662 3544 2716 Ne-

1956 2767 2058 2821 que
2081 2752 2152 2804 illi
2185 2760 2372 2804 vacant
2403 2751 2614 2813 amicis;
2645 2752 2736 2805 sed
2760 2751 2883 2803 dum
2914 2751 3012 2804 fori
3033 2753 3286 2806 tumultus
3312 2753 3540 2822 fugiunt,

1957 2844 2158 2896 multos
2189 2841 2389 2895 habent
2417 2843 2613 2906 socios,
2641 2852 2696 2896 et
2726 2843 2923 2895 amoris
2952 2844 3167 2896 vinculo
3193 2845 3538 2912 conjunctos:

1958 2932 2100 3003 quod
2145 2943 2204 2987 ut
2243 2943 2676 3003 assequerentur,
2711 2945 3066 2989 secesserunt.
3100 2935 3233 3002 Quia
3264 2937 3405 2990 enim
3445 2952 3545 2991 ne-

1957 3026 2224 3096 gotiorum
2279 3026 2652 3080 contentiones
2699 3027 2891 3080 multas
2945 3027 3160 3095 pariunt
3208 3027 3387 3081 rixas:
3425 3029 3546 3083 ideo

1958 3116 2313 3179 secedentes,
2369 3115 2712 3170 dilectionem
2766 3117 3170 3171 accuratissime
3225 3118 3428 3172 colunt.
3481 3118 3550 3173 Et

1959 3209 2106 3279 quid,
2148 3209 2376 3277 inquies,
2412 3209 2454 3262 si
2485 3209 2604 3278 quis
2631 3210 2778 3262 solus
2826 3211 2914 3274 sit,
2959 3226 3082 3263 num
3115 3212 3422 3267 innumeros
3447 3213 3546 3265 ha-

1960 3299 2105 3355 bebit
2147 3299 2386 3353 amicos?
2419 3299 2532 3368 Ego
2558 3310 2704 3354 certe
2735 3300 2951 3366 vellem,
2985 3303 3028 3353 si
3071 3302 3182 3355 ﬁeri
3235 3313 3450 3373 posset,
3491 3312 3551 3357 ut

1961 3393 2121 3448 etiam
2151 3390 2310 3446 simul
2341 3392 2544 3446 versari
2577 3392 2764 3446 liceret
2793 3410 2806 3446 :
2850 3393 3061 3446 interim
3089 3409 3219 3447 vero
3252 3394 3401 3447 ﬁrma
3431 3412 3546 3448 ma-

1962 3491 2087 3538 neat
2106 3482 2357 3536 amicitia.
2376 3481 2493 3536 Non
2511 3483 2652 3537 enim
2676 3483 2826 3537 locus
2847 3485 3049 3538 amicos
3078 3486 3220 3538 facit.
3245 3485 3437 3538 Multos
3458 3486 3531 3540 illi

1966 3576 2166 3632 habent
2193 3576 2514 3639 laudatores,
2539 3576 2627 3645 qui
2660 3592 2766 3629 non
2791 3575 3106 3638 laudarent,
3152 3578 3253 3631 nisi
3283 3588 3546 3631 amarent.

1964 3671 2030 3725 Et
2058 3671 2156 3740 ipsi
2187 3685 2397 3724 rursum
2451 3685 2544 3738 pro
2576 3677 2686 3722 toto
2718 3670 2849 3723 orbe
2872 3678 3179 3738 precantur,
3212 3670 3352 3738 quod
3385 3672 3552 3724 maxi-

1964 3779 2107 3817 mqu
2129 3772 2212 3816 est
2235 3762 2486 3815 amicitia:
2513 3772 2909 3830 argumentum.
2933 3760 3054 3814 Ideo
3084 3762 3134 3814 in
3159 3763 3428 3828 mysteriis
3455 3779 3552 3817 nos

1963 3863 2148 3909 mutuo
2175 3853 2668 3928 amplectimur(a),
2698 3866 2753 3907 ut
2785 3853 2934 3906 nmlti
2991 3870 3155 3907 unum
3201 3852 3500 3907 efﬁciamur
3535 3873 3545 3907 :

1965 3957 2018 4002 et
2063 3963 2160 4017 pro
2189 3962 2294 4002 non
2342 3948 2564 4001 initiatis
2611 3962 2922 4001 communes
2953 3947 3279 4002 ellundimus
3321 3963 3550 4015 preces,

1965 4056 2064 4110 pro
2093 4041 2339 4106 inﬁrmis,
2359 4056 2458 4109 pro
2484 4041 2630 4094 orbis
2662 4039 2926 4095 fructibus
2951 4083 2966 4104 ,
3019 4056 3113 4108 pro
3143 4050 3284 4094 terra
3315 4049 3367 4092 et
3396 4043 3539 4092 mari

1971 4132 2156 4187 Viden’
2179 4141 2344 4187 totam
2374 4132 2677 4187 dilectionis
2706 4133 2835 4196 vim,
2863 4134 2911 4186 in
2944 4133 3294 4197 orationibus,
3328 4133 3380 4185 in
3432 4149 3540 4202 my-

1972 4226 2173 4290 steriis,
2206 4227 2256 4280 in
2285 4225 2774 4280 admonitionibus?
2813 4225 2937 4278 Haec
2971 4226 3209 4278 omnium
3259 4234 3339 4278 est
3392 4241 3547 4278 eausa

1970 4318 2251 4372 bonorum.
2288 4317 2342 4372 Si
2373 4318 2493 4372 huic
2523 4317 2806 4386 diligenter
2838 4316 3198 4370 ἱηΙιτιξιοετιιιιυς
3225 4357 3237 4380 ,
3274 4316 3556 4384 pra-scotia

1972 4422 2117 4467 recte
2172 4412 2701 4475 administrabimus,
2756 4419 2810 4464 et
2857 4425 3081 4479 regnum
3128 4425 3557 4477 Consequentur:

1972 4505 2113 4575 quod
2146 4505 2344 4559 utinam
2380 4519 2567 4557 omnes
2621 4504 2976 4571 adipiscamur
3002 4545 3016 4566 ,
3059 4503 3225 4572 gratia
3249 4512 3301 4555 et
3327 4501 3564 4569 benigni-

1975 4607 2081 4651 tate
2113 4597 2324 4650 Domini
2350 4598 2516 4649 nostri
2543 4595 2666 4649 Jesu
2692 4593 2889 4649 Christi
2916 4634 2931 4659 ,
2973 4609 3068 4660 per
3118 4608 3276 4662 quem
3330 4601 3383 4645 et
3434 4607 3556 4645 cum

1973 4703 2080 4757 quo
2102 4687 2243 4742 Patri
2285 4688 2453 4756 gloria
2475 4727 2490 4752 ,
2522 4702 2731 4756 unaque
2757 4697 2946 4740 sancto
2976 4684 3198 4755 Spiritui
3229 4725 3244 4750 ,
3277 4684 3330 4738 in
3361 4684 3555 4738 saecula

1974 4782 2315 4837 saeculorum.
2339 4784 2534 4834 Amen.

2049 4892 2122 4954 (α)
2137 4890 2192 4940 In
2225 4890 2474 4954 mysteriis
2496 4888 2753 4941 Christiani
2777 4901 2834 4938 se
2859 4895 3029 4938 mutuo
3052 4888 3495 4950 amplectebantur.

3279 5020 3498 5028 ———

1978 5243 2181 5307 dicunt,
2211 5251 2256 5294 et
2278 5241 2391 5312 jam
2421 5256 2521 5293 non
2548 5239 2777 5292 videbitis
2802 5253 2919 5300 me;
2950 5249 3001 5291 et
3025 5280 3037 5300 ,
3076 5236 3217 5289 leo
3249 5238 3316 5289 ad
3343 5238 3563 5306 eumqui

1977 5335 2110 5388 misit
2137 5333 2249 5386 me?
2273 5334 2404 5386 Cum
2429 5332 2570 5384 enim
2595 5332 2713 5383 illos
2747 5346 2838 5399 per
2862 5331 3018 5383 verba
3046 5329 3113 5383 de
3146 5330 3342 5398 Spiritu
3373 5340 3564 5383 sancto

1979 5435 2308 5489 recreasset,
2343 5442 2552 5478 rursmn
2589 5424 2798 5477 illorum
2829 5424 3037 5476 animos
3068 5423 3268 5488 dejicit.
3302 5422 3408 5475 Cur
3433 5438 3562 5490 ergo

1979 5520 2029 5573 id
2056 5520 2210 5574 facit?
2239 5520 2433 5573 Eorum
2459 5519 2692 5572 animum
2722 5516 2995 5585 explorat,
3022 5525 3075 5570 et
3101 5516 3457 5582 probatiorem
3482 5514 3562 5568 ef-

1981 5613 2115 5674 ﬁcit,
2148 5622 2201 5664 et
2231 5612 2396 5678 probe
2425 5611 2545 5664 illos
2574 5609 2858 5663 assuefacit
2882 5607 2947 5661 ad
2978 5608 3147 5660 tristia
3180 5607 3464 5672 audienda,
3493 5617 3556 5662 ut

1979 5703 2271 5756 discessum
2303 5718 2455 5754 suum
2485 5715 2740 5768 generese
2770 5710 2822 5753 et
2853 5699 3060 5752 fortiter
3090 5700 3276 5750 ferant.
3312 5697 3441 5751 Nam
3469 5699 3557 5765 qui

1977 5809 2044 5849 ex
2067 5793 2245 5847 verbis
2268 5793 2381 5846 lucc
2403 5791 2643 5846 meditati
2675 5791 2915 5852 fuerant,
2944 5790 3116 5858 reipsa
3149 5789 3356 5841 facilius
3384 5797 3564 5856 pestea

1981 5885 2138 5943 laturi
2163 5893 2337 5941 erant.
2360 5883 2511 5950 Quod
2543 5883 2586 5937 si
2609 5882 2725 5954 quis
2755 5891 3002 5937 accurate
3027 5879 3434 5946 esaminaverit,
3467 5877 3572 5942 hoc,
