4126 6366
526 398 631 454 427

534 516 705 584 ipsum
748 512 1047 567 consolatio
1085 518 1169 567 est
1195 550 1212 571 ,
1238 508 1383 579 quod
1412 509 1553 563 dicat
1578 523 1638 562 se
1666 508 1731 561 ad
1760 507 1972 562 Patrem
2015 506 2113 558 ire.

530 605 806 674 Signiﬁcat
831 604 972 658 enim
998 616 1057 657 se
1100 616 1207 655 non
1251 601 1541 669 periturum
1569 640 1584 664 ,
1613 599 1707 653 sed
1740 607 1963 651 mortem
2002 595 2117 663 ejus

532 711 654 751 esse
679 694 1105 749 translationem.
1123 692 1295 746 Aliam
1314 705 1525 760 quoque
1542 688 1965 744 consolationem
1988 687 2117 755 ipsis

534 787 743 842 indidit.
774 785 891 839 Non
920 788 1061 839 enim
1090 791 1294 836 tantum
1322 782 1487 844 dixit,
1523 780 1782 834 Modicum
1802 821 1816 843 ,
1849 789 1894 831 et
1918 795 2019 831 non
2044 778 2118 830 vi—

532 878 710 931 debitis
736 890 852 939 me;
879 874 973 929 sed
1004 882 1057 929 et
1081 873 1317 934 addidit,
1354 871 1615 924 Modicum
1634 912 1647 935 ,
1676 882 1718 924 et
1743 868 1969 922 videbitis
2000 884 2079 920 me
2099 884 2118 932 ;

534 970 775 1023 indicans
806 984 865 1022 se
895 967 1189 1020 rediturum
1233 979 1354 1019 esse
1374 1006 1387 1027 ,
1422 974 1475 1018 et
1507 964 1722 1017 brevem
1755 962 1867 1015 fore
1895 975 2116 1028 separa—

534 1065 752 1123 tionem,
781 1070 1202 1130 perpetuumque
1223 1073 1343 1110 cum
1364 1058 1466 1111 illis
1488 1054 1837 1109 consortium.
1870 1054 1982 1107 Hoc
2002 1069 2121 1107 cer-

534 1165 585 1210 te
611 1156 682 1208 illi
714 1170 819 1207 non
844 1153 1238 1207 intellexerunt.
1268 1149 1559 1219 Undejure
1579 1149 1802 1202 miretur
1828 1147 2115 1217 quispiam,

533 1247 802 1314 quomodo
825 1262 945 1300 cum
980 1246 1094 1300 haec
1136 1245 1444 1311 frequenter
1469 1242 1777 1303 audissent,
1809 1241 1878 1293 ita
1910 1239 2119 1294 dubita-

534 1348 651 1391 rent
673 1338 827 1408 quasi
860 1336 990 1390 nihil
1017 1336 1313 1390 audissent.
1344 1334 1520 1400 Quare
1549 1347 1676 1401 ergo
1707 1348 1810 1384 non
1844 1332 2120 1386 intellexe-

540 1431 704 1484 runt?
736 1432 841 1484 Aut
872 1440 1089 1499 propter
1118 1427 1384 1480 tristitiam
1404 1466 1418 1490 ,
1451 1434 1508 1477 ut
1537 1425 1805 1489 arbitror;
1840 1424 1949 1492 ipsa
1978 1424 2119 1477 enim

537 1522 799 1575 dictorum
833 1522 1070 1573 ontoium
1104 1520 1416 1572 memoriam
1449 1516 1792 1578 elimiuabat;
1829 1515 1910 1567 vel
1941 1514 2009 1568 ob
2035 1515 2118 1566 di-

534 1622 739 1667 ctorum
770 1612 1147 1665 obscuritatem
1180 1652 1192 1673 ,
1228 1620 1282 1661 ut
1307 1608 1572 1661 contraria
1606 1607 1891 1676 protulisse
1918 1606 2123 1659 videre-

538 1714 623 1756 tur
645 1746 658 1767 ,
691 1720 808 1773 qua:
834 1718 956 1756 vere
984 1702 1249 1756 contraria
1282 1717 1384 1754 non
1412 1710 1585 1753 erant.
1618 1700 1672 1753 Si
1700 1708 1751 1752 te
1782 1696 2110 1762 videbimus,

536 1799 719 1858 aiunt,
748 1813 853 1866 quo
884 1796 1078 1848 vadis?
1108 1796 1151 1847 si
1180 1794 1326 1846 vadis
1349 1835 1363 1856 ,
1395 1792 1661 1862 quomodo
1694 1802 1746 1845 te
1791 1792 2123 1846 videbimus?

543 1888 667 1942 Ideo
711 1889 926 1951 dicunt,
960 1886 1225 1939 Nescimus
1251 1887 1373 1956 quid
1397 1885 1635 1955 loquitur.
1658 1884 1810 1950 Quod
1838 1885 1978 1938 enim
2008 1885 2123 1937 abi-

540 1993 689 2035 turus
728 1991 905 2045 esset,
934 1981 985 2033 id
1032 1989 1331 2033 noverant:
1385 1978 1699 2047 ignorabant
1739 1988 1915 2030 autem
1948 1977 2117 2045 ipsum

539 2075 696 2145 paulo
735 2083 851 2141 post
890 2088 1009 2127 esse
1042 2072 1358 2125 rediturum.
1392 2070 1516 2123 Ideo
1562 2069 1802 2137 increpat
1830 2069 1949 2121 illos
1979 2068 2121 2137 quod

538 2169 737 2221 dictum
768 2180 870 2218 non
895 2175 1128 2218 nossent.
1154 2164 1284 2218 Nam
1310 2178 1428 2218 cum
1454 2163 1614 2217 vellet
1637 2163 1703 2218 de
1731 2174 1901 2215 morte
1925 2162 2126 2215 doctri-

539 2276 660 2314 nam
688 2260 791 2315 illis
818 2260 1159 2314 vehementer
1188 2259 1483 2323 inculcare,
1522 2257 1645 2326 quid
1674 2257 1784 2310 ait?
1812 2256 1902 2311 20.
1942 2255 2123 2321 Amen,

546 2370 688 2405 amen
706 2353 819 2405 dico
841 2352 974 2405 vobis
991 2394 1004 2415 ,
1031 2352 1147 2418 quia
1170 2350 1431 2421 plorabitis
1452 2362 1496 2404 et
1527 2351 1709 2420 ﬂebitis
1730 2366 1853 2412 vos;
1878 2351 1926 2403 in
1956 2361 2126 2403 morte

539 2447 743 2498 SCIlICCl
775 2456 828 2498 et
864 2460 1056 2509 cruce;
1090 2446 1308 2496 mundus
1339 2454 1504 2495 autem
1534 2442 1789 2512 gaudebit.
1822 2442 1953 2508 Quia
1982 2443 2124 2495 enim

541 2552 661 2589 cum
692 2536 741 2590 id
793 2537 1026 2598 nollent,
1079 2536 1231 2590 facile
1279 2536 1666 2589 inducebantur
1703 2543 1761 2587 ut
1802 2535 2123 2596 crederent,

547 2622 720 2689 ipsum
767 2637 870 2673 non
915 2622 1230 2674 moriturum
1286 2635 1405 2673 esse
1425 2661 1440 2684 ,
1472 2619 1723 2687 dubiique
1754 2629 1945 2683 erant,
1975 2621 2126 2686 igno-

542 2723 722 2766 rantes
739 2711 862 2780 quid
882 2712 1205 2779 signiﬁcaret
1228 2711 1377 2775 illud,
1404 2709 1700 2772 Modicum;
1731 2711 1804 2762 ait
1833 2710 1921 2762 ille
1952 2728 1964 2761 :
2004 2708 2128 2762 Plo-

538 2805 715 2859 rabitis
735 2814 779 2855 et
801 2804 1015 2872 ﬂebitis;
1038 2804 1127 2857 sed
1148 2804 1350 2855 tristitia
1368 2814 1533 2856 vestra
1555 2814 1767 2857 vertetur
1788 2804 1839 2855 in
1857 2803 2122 2872 gaudium.

611 2894 933 2952 Resurrectio
955 2898 1126 2969 partui
1146 2906 1493 2970 comparatur.
1516 2922 1586 2936 —-
1610 2896 1808 2954 Deinde
1844 2906 2124 2969 postquam

539 2991 773 3047 ostendit
812 3000 935 3063 post
979 2994 1243 3047 tristitiam
1291 3002 1639 3062 sequuturum
1685 2994 1936 3063 gaudium
1969 3006 2123 3060 esse,

543 3100 936 3155 uimroremque
964 3085 1201 3140 ltetitiam
1230 3087 1528 3156 parituram
1556 3129 1570 3151 ,
1603 3088 1880 3155 ipsumque
1911 3089 2124 3143 brevem

549 3193 671 3231 esse
718 3177 987 3243 futurum,
1037 3180 1378 3248 Itetitiamque
1427 3189 1767 3248 perpetuam,
1796 3181 1861 3234 ad
1912 3182 2127 3251 vulgare

539 3270 776 3325 decurrit
804 3272 1106 3340 exemplum
1136 3289 1148 3324 :
1182 3282 1236 3325 et
1261 3272 1383 3341 quid
1413 3273 1521 3325 ait?
1547 3272 1639 3327 2|.
1675 3272 1863 3327 Mulier
1887 3292 2000 3326 cum
2028 3293 2125 3343 pa-

540 3363 640 3428 rit,
674 3362 928 3415 tristitiam
954 3361 1121 3416 habet.
1152 3363 1262 3429 Qua
1294 3365 1541 3432 parabnla
1568 3364 1841 3433 prophetae
1870 3365 2125 3435 frequen-

546 3462 627 3507 ter
658 3454 737 3507 usi
770 3464 927 3519 sunt,
970 3468 1368 3525 mmroremque
1397 3465 1579 3524 partus
1608 3454 1882 3509 doloribus
1910 3472 2130 3525 compa-

545 3555 747 3600 rantes.
782 3545 893 3602 lloc
938 3555 1116 3600 autem
1148 3545 1264 3601 vult
1301 3546 1601 3617 signiﬁcare
1630 3565 1642 3601 :
1682 3547 1786 3602 Vos
1814 3562 1914 3603 ceu
1945 3560 2129 3618 partus

542 3638 755 3693 dolores
783 3638 1070 3704 invadent;
1103 3647 1158 3693 at
1184 3650 1366 3707 partus
1392 3639 1548 3693 dolor
1582 3647 1665 3692 est
1694 3638 1893 3693 laetitiae
1920 3654 2081 3693 causa
2110 3657 2123 3693 :

544 3731 622 3784 sic
641 3740 697 3785 et
718 3731 947 3784 futuram
971 3731 1419 3786 resurrectionem
1443 3728 1791 3795 conﬁrmans,
1819 3731 2132 3785 ostendens-

548 3839 652 3891 que
682 3823 804 3877 hinc
834 3823 982 3877 abire
1012 3822 1237 3891 perinde
1270 3838 1390 3876 esse
1413 3831 1573 3891 atque
1596 3837 1661 3876 ex
1691 3832 1843 3878 utero
1871 3823 1921 3877 in
1950 3825 2129 3892 Splen-

542 3913 720 3969 didam
743 3914 921 3982 egrcdi
943 3914 1115 3968 lucem
1139 3928 1155 3978 ;
1183 3928 1245 3968 ac
1267 3914 1310 3967 si
1332 3912 1568 3976 diceret,
1600 3912 1677 3967 Ne
1699 3915 1961 3967 miremini
1985 3915 2125 3984 quod

547 4020 642 4075 per
670 4004 809 4059 hunc
854 4004 1092 4059 dolorem
1122 4020 1217 4060 vos
1245 4004 1312 4058 ad
1344 4004 1492 4059 utilia
1539 4004 1728 4059 ducam
1757 4027 1770 4061 :
1809 4024 1930 4061 nam
1960 4019 2129 4061 mater

546 4095 624 4151 sic
656 4112 749 4165 per
778 4096 1021 4150 dolorem
1051 4104 1221 4150 mater
1246 4095 1496 4150 efﬁcitur.
1526 4094 1624 4149 llic
1655 4098 1815 4151 etiam
1844 4098 2125 4168 mysticum

546 4190 814 4261 quidpiam
842 4188 1143 4243 subindicat
1162 4230 1177 4255 ,
1206 4189 1347 4257 quod
1380 4191 1492 4258 ipse
1520 4205 1732 4259 quoque
1764 4192 1949 4244 mortis
1976 4191 2127 4244 dolo-

543 4297 633 4335 res
653 4281 892 4342 solverit,
917 4291 971 4335 et
994 4297 1186 4335 novum
1208 4280 1477 4334 hominem
1512 4283 1814 4350 regenerari
1836 4285 2120 4336 curaverit.

544 4373 658 4427 Non
690 4375 822 4427 dixit
846 4383 1021 4427 autem
1051 4374 1222 4427 solum
1255 4376 1517 4428 tristitiam
1548 4381 1905 4440 transiturum,
1936 4377 2028 4430 sed
2063 4394 2128 4430 ne

546 4474 811 4520 memorat
856 4464 999 4519 illam
1051 4466 1301 4533 quidem;
1360 4476 1562 4519 tantum
1612 4476 1730 4520 erat
1774 4468 2125 4521 adventorum

542 4558 816 4627 gaudium.
851 4557 939 4611 Sic
966 4559 1164 4611 sanctis
1202 4559 1433 4612 eveniet.
1464 4561 1620 4627 Atqui
1651 4576 1752 4612 non
1784 4560 1903 4614 ideo
1934 4563 2126 4627 gaudet

545 4649 768 4713 mulier,
798 4648 916 4717 quia
951 4649 1092 4701 venit
1138 4646 1297 4700 homo
1346 4648 1398 4700 in
1428 4650 1684 4702 mundum
1711 4690 1723 4710 ,
1754 4650 1845 4703 sed
1878 4651 1997 4717 quia
2025 4652 2126 4705 sibi

545 4750 703 4793 natus
732 4750 813 4793 est
843 4739 1031 4793 infans.
1067 4739 1196 4792 Nam
1229 4740 1271 4791 si
1307 4740 1424 4791 ideo
1468 4740 1761 4807 gauderet,
1796 4741 1924 4795 nihil
1956 4742 2124 4807 imps-

544 4830 683 4882 diret
716 4831 993 4893 quominus
1026 4830 1129 4881 illm
1150 4845 1266 4898 quae
1292 4844 1393 4881 non
1428 4830 1631 4897 pariunt
1657 4872 1671 4894 ,
1700 4831 1766 4882 de
1791 4832 1909 4883 aliis
1933 4848 2124 4899 paren-

546 4922 686 4973 tibus
707 4921 1017 4989 gauderent.
1049 4922 1153 4973 Cur
1195 4935 1321 4988 ergo
1351 4921 1427 4973 sic
1474 4921 1722 4989 loquutus
1749 4925 1868 4974 est?
1896 4922 2023 4988 Quia
2059 4924 2121 4975 ad

544 5014 644 5067 hoc
677 5014 846 5065 solum
878 5029 1003 5067 usus
1030 5023 1110 5065 est
1137 5012 1415 5081 exemplo,
1447 5020 1502 5065 ut
1529 5013 1834 5068 ostenderet
1862 5024 2126 5083 tempora-

544 5122 700 5159 neum
717 5120 836 5159 esse
849 5104 1110 5168 dolorem,
1129 5104 1376 5173 gaudium
1393 5119 1520 5158 vero
1537 5114 1880 5173 perpetuum;
1900 5116 2122 5159 mortem

540 5213 661 5251 esse
694 5195 1098 5249 translationem
1125 5195 1190 5248 ad
1219 5195 1377 5248 vitam
1400 5236 1414 5260 ,
1446 5211 1801 5265 magnumque
1823 5206 2005 5265 partus
2027 5198 2123 5249 do-

541 5289 711 5341 lorum
735 5287 959 5340 lucrum.
984 5284 1093 5338 Nec
1112 5285 1263 5348 dixit,
1288 5285 1449 5339 Natus
1470 5296 1550 5339 est
1576 5286 1771 5351 infans,
1794 5286 1909 5350 sed,
1936 5285 2122 5339 Homo.

543 5378 639 5431 Hic
669 5378 811 5432 enim
853 5378 1301 5431 resurrectionem
1337 5393 1485 5431 suam
1524 5378 1862 5432 subindicare
1891 5380 2123 5443 videtur,

543 5480 597 5523 et
619 5469 761 5539 quod
784 5483 888 5522 non
913 5469 1067 5522 morti
1093 5469 1163 5521 illi
1189 5468 1411 5536 parienti
1434 5510 1447 5531 ,
1482 5469 1574 5523 sed
1601 5486 1763 5539 regno
1793 5481 2118 5525 nasceretur.

541 5559 665 5614 Ideo
696 5575 802 5613 non
831 5559 999 5625 dixit,
1044 5558 1210 5612 Natus
1243 5568 1324 5612 est
1352 5560 1398 5612 ei
1432 5560 1637 5622 infans,
1666 5552 1796 5627 sed,
1830 5560 1998 5614 Homo
2028 5579 2122 5614 ua—

542 5657 621 5702 tus
644 5660 715 5701 est
737 5651 791 5703 in
818 5651 1025 5702 mundo.
1052 5648 1144 5702 22.
1172 5649 1234 5701 Et
1257 5665 1341 5703 vos
1369 5666 1501 5702 nunc
1526 5650 1727 5720 quidem
1750 5651 2003 5703 tristitiam
2024 5652 2114 5702 Itu-

543 5741 746 5804 bebitis;
776 5742 959 5794 iterum
986 5752 1153 5794 autem
1171 5741 1341 5794 videbo
1370 5758 1453 5795 vos
1473 5784 1486 5805 ,
1520 5752 1565 5795 et
1591 5743 1793 5797 tristitia
1816 5754 1977 5796 vestra
2015 5760 2117 5796 vero

545 5840 673 5884 tetur
691 5832 739 5883 in
761 5834 1022 5901 gaudium.
1050 5832 1249 5888 Deinde
1274 5835 1411 5901 quod
1438 5852 1541 5888 non
1567 5834 1699 5889 ultra
1721 5836 2008 5889 moriturus
2032 5835 2119 5899 μὴ,

1255 393 1311 452 8.
1348 392 1625 451 JOANNIS
1657 390 2129 447 CHRYSOSTOMI
2170 389 2479 446 ARCHIEP.
2519 388 3038 447 CONSTANTINOP.

3702 390 3807 446 4‘28

2228 500 2402 576 inquit
2427 524 2440 560 :
2472 505 2540 560 Et
2565 523 2711 559 nemo
2737 506 2867 560 illud
2894 505 3032 559 tollet
3058 522 3090 557 a
3117 504 3270 559 vobis.
3302 503 3390 559 23.
3418 504 3485 559 In
3511 504 3603 559 illa
3627 506 3709 559 die
3729 524 3807 560 me

2226 614 2327 651 non
2356 598 2595 669 rogabitis
2620 598 2913 667 quidquam.
2946 597 3145 651 lterum
3175 605 3352 651 autem
3385 596 3514 651 nihil
3546 596 3691 651 aliud
3726 598 3808 652 his

2224 690 2500 745 conﬁrmat
2524 734 2538 757 ,
2566 706 2725 761 quam
2752 691 2892 759 qttod
2913 708 2941 745 a
2972 691 3080 745 Deo
3100 691 3188 745 sit.
3224 691 3373 745 Tunc
3397 691 3579 746 scietis
3605 693 3802 746 omnia.

2226 786 2362 854 Quid
2401 786 2500 841 sibi
2542 787 2655 840 vult
2682 796 2857 842 autem
2880 828 2894 851 ,
2924 786 3012 839 Me
3048 803 3149 839 non
3190 786 3473 856 rogabitis.’
3513 785 3806 840 Mediatore

2224 892 2359 944 Opus
2385 893 2490 931 non
2518 877 2817 940 habebitis,
2848 876 2942 931 sed
2983 876 3214 930 sufficiet
3257 876 3428 930 solum
3459 891 3653 931 nomen
3686 891 3809 944 prn-

2227 968 2365 1023 ferre
2413 980 2467 1022 ut
2511 977 2677 1022 totum
2705 969 3011 1036 accipiatis;
3036 970 3214 1032 Amen,
3245 985 3393 1021 amen
3419 968 3530 1021 dico
3560 967 3696 1021 vobis
3718 982 3737 1020 :
3766 968 3810 1020 si

2224 1061 2344 1131 quid
2370 1062 2606 1130 petieritis
2639 1060 2843 1115 Putrem
2870 1062 2921 1115 in
2950 1062 3147 1115 nomine
3174 1079 3281 1114 meo
3316 1058 3411 1132 (a).
3442 1061 3687 1117 Ostendit
3714 1077 3809 1115 no-

2226 1155 2381 1207 minis
2410 1164 2725 1221 potestatem
2744 1194 2759 1216 ,
2817 1152 3077 1222 siquidem
3131 1168 3228 1207 nec
3258 1155 3399 1206 visus
3425 1168 3523 1207 nec
3552 1163 3765 1222 rogatus
3791 1195 3807 1218 ,

2226 1245 2316 1296 sed
2338 1244 2641 1297 nominatus
2667 1252 2891 1310 tantum,
2913 1244 3049 1313 apud
3082 1243 3289 1297 Patrem
3322 1243 3588 1297 mirabiles
3615 1243 3808 1296 reddit.

2227 1337 2325 1392 Uhi
2375 1350 2553 1391 autem
2584 1337 2685 1391 hoc
2730 1337 2926 1391 factum
2955 1338 3071 1391 est?
3100 1336 3194 1392 Ubi
3237 1336 3421 1389 dicunt
3449 1353 3463 1388 :
3498 1334 3714 1404 Respice
3740 1337 3808 1388 ad

2224 1433 2389 1483 minas
2409 1445 2580 1482 eorum
2604 1468 2620 1494 ,
2646 1440 2691 1482 et
2718 1428 2784 1481 da
2801 1429 2953 1483 servis
2976 1428 3077 1481 tuis
3103 1444 3219 1482 cum
3240 1427 3438 1498 ﬁducia
3461 1426 3596 1499 loqui
3624 1444 3809 1481 sermo-

2227 1540 2340 1578 nem
2366 1532 2507 1575 tuum
2530 1564 2544 1586 ,
2574 1532 2622 1575 et
2650 1524 2817 1593 facere
2846 1522 2899 1573 in
2927 1521 3128 1573 nomine
3152 1529 3235 1571 tuo
3260 1520 3424 1588 signa.
3454 1518 3515 1571 Et
3542 1534 3811 1574 concussus

2228 1623 2298 1667 est
2327 1614 2464 1666 locus
2497 1613 2581 1665 ubi
2636 1623 2779 1665 erant
2824 1612 2973 1680 (Act.
3012 1613 3064 1664 4.
3113 1611 3200 1665 29.
3245 1611 3332 1665 50.
3363 1611 3420 1665 5|
3444 1611 3485 1680 ).
3519 1610 3609 1665 24.
3644 1610 3811 1681 Usque

2227 1706 2375 1757 modo
2397 1721 2497 1758 non
2520 1704 2707 1773 petistis
2727 1702 3001 1775 quidquam
3032 1702 3135 1773 (b).
3162 1702 3295 1755 ilinc
3316 1701 3543 1755 ostendit
3565 1716 3773 1755 rursum
3790 1741 3808 1766 ,

2227 1797 2485 1866 expedire
2526 1808 2582 1850 ut
2611 1797 2802 1861 abeat,
2842 1795 3104 1866 siquidem
3138 1810 3303 1865 usque
3333 1795 3399 1849 ad
3428 1796 3553 1849 illud
3599 1806 3808 1864 tempus

2229 1889 2361 1942 nihil
2409 1888 2709 1957 petierunt;
2760 1896 2885 1942 tunc
2923 1887 3190 1955 accipient
3232 1888 3409 1941 omnia
3460 1903 3811 1957 quaecumque

2231 1980 2497 2048 petierint.
2528 1979 2710 2049 Neque
2739 1979 2880 2034 enim
2902 2020 2915 2042 ,
2958 1979 3082 2033 licet
3110 1979 3385 2033 vobiscum
3418 1979 3671 2049 deinceps
3700 1994 3809 2032 non

2227 2080 2537 2125 versaturus
2562 2071 2683 2135 sim,
2716 2072 2911 2141 putetis
2934 2085 3027 2125 vos
3061 2070 3349 2125 derelictos
3378 2069 3579 2125 fuisse:
3614 2085 3809 2125 nomen

2230 2176 2405 2215 meum
2436 2161 2693 2230 majorem
2726 2160 2874 2214 dabit
2902 2162 3051 2217 vobis
3078 2160 3343 2216 ﬁduciam.

2300 2252 2355 2305 2.
2386 2250 2517 2305 Cum
2547 2267 2674 2319 ergo
2701 2252 2841 2305 dicta
2875 2252 2960 2305 illa
2992 2251 3299 2305 obscuriora
3329 2261 3508 2305 essent
3529 2293 3544 2317 ,
3574 2252 3649 2306 ait
3676 2272 3687 2306 :
3718 2254 3809 2307 25.

2234 2341 2359 2395 Hart:
2387 2344 2439 2394 in
2481 2343 2754 2409 proverbiis
2785 2343 3018 2411 loquutus
3045 2358 3154 2395 sum
3184 2341 3338 2396 vobis.
3384 2342 3525 2396 Venit
3546 2344 3673 2397 hora
3701 2361 3811 2398 cum

2222 2435 2333 2504 jam
2360 2450 2459 2487 non
2489 2433 2542 2487 in
2581 2435 2850 2505 proverbiis
2886 2435 3062 2499 loquar
3089 2436 3242 2489 vobis.
3272 2435 3388 2489 Erit
3418 2446 3626 2505 tempus
3646 2477 3663 2503 ,
3689 2453 3811 2492 cum

2232 2541 2421 2581 omnes
2446 2527 2589 2581 clare
2618 2527 2925 2597 intelligetis
2950 2545 2965 2593 ;
2993 2528 3093 2582 hoc
3119 2540 3220 2592 est,
3253 2531 3659 2584 resurrectionis
3682 2541 3813 2585 tem-

2234 2634 2349 2688 pus.
2369 2619 2518 2673 Tunc
2535 2620 2706 2687 palam
2725 2619 2792 2674 de
2816 2617 2971 2674 Patre
2987 2621 3314 2675 annuntiabo
3337 2621 3505 2676 vobis.
3532 2621 3663 2676 Nam
3683 2638 3814 2691 qua-

2232 2709 2474 2779 draginta
2505 2710 2692 2764 diebus
2720 2709 3034 2764 versabatur
3063 2710 3485 2782 loquebaturque
3513 2728 3635 2766 eum
3668 2713 3775 2767 illis
3794 2755 3811 2778 ,

2232 2816 2561 2855 eonveseens
2581 2812 2635 2856 et
2655 2816 2930 2870 exponens
2956 2816 3018 2856 ea
3041 2818 3159 2871 quae
3185 2802 3251 2856 ad
3284 2820 3505 2872 regnum
3534 2805 3622 2859 Dei
3650 2806 3813 2874 perti-

2234 2893 2431 2948 nebant
2460 2894 2605 2964 (Act.
2636 2894 2686 2947 1.
2716 2895 2768 2949 5.
2798 2893 2887 2967 4).
2916 2894 3067 2950 Nunc
3094 2897 3234 2949 enim
3265 2908 3407 2950 metu
3434 2898 3665 2967 correpti
3690 2941 3706 2966 ,
3731 2898 3813 2952 di-

2232 2989 2333 3044 etis
2364 3003 2468 3040 non
2499 2985 2811 3041 attenditis:
2859 2997 2983 3041 tunc
3027 2988 3421 3041 resuscitatum‘
3446 2988 3689 3044 videntes
3712 3030 3729 3056 ,
3759 2999 3812 3045 et

2235 3102 2336 3140 una
2362 3091 2644 3135 versantes
2666 3122 2680 3145 ,
2715 3080 2957 3148 poteritis
2980 3080 3207 3135 ﬁdenter
3228 3084 3404 3136 omnia
3427 3082 3665 3147 discere;
3690 3084 3811 3154 quia

2232 3178 2390 3232 Pater
2433 3192 2525 3229 vos
2562 3173 2805 3240 amabit,
2839 3187 2961 3228 cum
3006 3182 3183 3226 vestra
3223 3172 3292 3227 de
3334 3188 3419 3227 me
3451 3173 3583 3229 ﬁdes
3614 3174 3815 3229 ﬁrmior

2233 3272 2354 3324 erit.
2388 3268 2480 3324 26.
2514 3267 2583 3322 Et
2608 3286 2710 3321 non
2737 3271 2923 3340 rogabo
2956 3263 3184 3322 Patrem.
3216 3266 3419 3321 Sufﬁcit
3449 3277 3624 3323 vestra
3650 3269 3702 3322 in
3726 3286 3814 3324 me

2231 3362 2443 3417 dilectio
2471 3361 2537 3415 ad
2570 3363 2943 3430 patrocinium.
2973 3362 3062 3417 27.
3095 3358 3230 3430 Quia
3267 3375 3352 3412 vos
3392 3376 3470 3414 me
3494 3360 3735 3421 amastis,
3767 3368 3813 3412 et

2232 3455 2516 3509 credidistis
2541 3455 2658 3525 quia
2682 3472 2713 3508 a
2759 3454 2864 3508 Deo
2906 3456 3052 3509 exivi.
3088 3455 3240 3511 Exivi
3262 3475 3293 3510 a
3324 3453 3515 3521 Patre,
3544 3463 3590 3505 et
3625 3454 3734 3507 veni
3758 3455 3812 3507 in

2234 3547 2501 3601 mundum.
2527 3546 2553 3600 1
2561 3557 2721 3601 terum
2749 3548 2976 3617 relinquo
3005 3551 3267 3615 mundum,
3286 3561 3331 3603 et
3352 3552 3479 3604 vado
3493 3550 3561 3603 ad
3581 3543 3808 3604 Patrem.

2233 3640 2365 3693 Cum
2388 3639 2532 3693 enim
2558 3640 2968 3693 resurrectionis
2993 3640 3213 3695 verbum
3238 3656 3342 3694 non
3367 3657 3548 3710 parum
3570 3657 3663 3695 eos
3682 3658 3813 3695 con-

2233 3734 2457 3786 sulatum
2500 3740 2673 3795 esset,
2719 3747 2924 3785 necnon
2955 3733 3095 3803 quod
3128 3734 3372 3787 audirent
3418 3734 3566 3789 illum
3595 3751 3622 3788 a
3653 3736 3813 3789 Patre

2233 3826 2463 3879 exivisse
2484 3864 2498 3889 ,
2523 3833 2577 3877 et
2596 3824 2784 3877 eodem
2811 3823 2986 3878 redire
3007 3866 3022 3891 ,
3048 3824 3354 3895 frequenter
3381 3828 3468 3879 illa
3499 3835 3693 3881 versat.
3721 3827 3812 3881 Al-

2235 3925 2405 3969 terum
2431 3916 2571 3969 enim
2596 3914 2944 3984 pollicebatur
2964 3956 2979 3981 ,
3004 3916 3146 3985 quod
3175 3927 3317 3971 recte
3345 3918 3394 3970 in
3424 3918 3595 3986 ipsum
3617 3918 3812 3973 crede-

2236 4015 2382 4069 rent;
2415 4007 2673 4068 alterum,
2707 4006 2845 4072 quod
2875 4008 2928 4058 in
2977 4015 3087 4058 tuto
3116 4021 3237 4060 esse
3279 4008 3553 4061 deberent.
3587 4009 3811 4075 Quando

2237 4098 2393 4163 igitur
2421 4097 2658 4159 dicebat,
2692 4096 2982 4161 Modicum,
3007 4110 3054 4151 et
3079 4114 3179 4150 nou
3207 4098 3432 4152 videbitis
3458 4116 3573 4163 me;
3614 4110 3661 4153 et
3695 4116 3808 4152 mo-

2236 4189 2419 4250 dicum,
2446 4197 2493 4240 et
2508 4186 2733 4241 videbitis
2754 4204 2852 4251 me,
2872 4187 2993 4256 jure
3009 4188 3136 4258 quid
3157 4189 3255 4243 sibi
3280 4189 3440 4243 vellet
3457 4189 3806 4258 ignorabant:

2237 4294 2377 4333 nunc
2400 4295 2527 4333 vero
2551 4296 2655 4332 non
2685 4280 2832 4335 item.
2862 4279 2997 4345 Quid
3030 4290 3208 4334 autem
3254 4281 3544 4351 signiﬁcat,
3581 4281 3669 4335 Me
3710 4301 3812 4338 non

2236 4373 2644 4443 interrogabitis?
2695 4374 2809 4428 Non
2858 4376 3084 4438 dicetis,
3140 4376 3363 4430 Ostende
3412 4377 3553 4432 nobis
3602 4378 3812 4431 Patrem

2237 4474 2397 4525 tuum,
2416 4473 2488 4528 et,
2513 4464 2623 4530 Quo
2647 4463 2991 4531 vadis(.loan.
3016 4466 3101 4519 M.
3120 4466 3173 4519 8.
3199 4477 3248 4519 et
3270 4468 3356 4521 15.
3378 4468 3444 4521 56
3462 4468 3519 4538 )‘i
3553 4468 3676 4537 quia
3704 4482 3814 4520 om-

2237 4556 2286 4608 ni
2315 4556 2617 4625 cognitione
2644 4554 2782 4624 pleni
2815 4557 2984 4622 eritis,
3013 4566 3067 4611 et
3096 4572 3219 4626 erga
3248 4574 3344 4612 vos
3371 4558 3630 4612 afﬁcietur
3653 4560 3815 4613 Pater

2236 4646 2367 4697 sicut
2395 4656 2448 4699 et
2476 4661 2593 4714 ego.
2629 4645 2739 4697 lloc
2769 4648 2997 4699 maxime
3038 4647 3142 4699 illis
3171 4648 3362 4701 bonam
3395 4664 3541 4716 spem
3574 4650 3765 4701 indidit
3801 4693 3816 4714 ,

2235 4737 2373 4803 quod
2399 4737 2666 4788 discerent
2691 4736 2896 4788 futuros
2922 4750 2979 4788 sc
3012 4736 3147 4789 Patri
3187 4738 3405 4791 amicus.
3437 4737 3558 4792 Ideo
3582 4738 3768 4792 dicunt
3800 4758 3812 4791 :

2234 4828 2322 4878 ‘28.
2358 4826 2510 4878 Nunc
2548 4828 2731 4878 scimus
2773 4828 2890 4894 quia
2930 4829 3056 4879 nosti
3104 4828 3294 4879 omnia.
3333 4827 3514 4882 Viden”
3541 4829 3816 4897 quomodo

2234 4919 2523 4972 secundum
2576 4919 2822 4972 allectum
2853 4920 3013 4971 animi
3062 4920 3296 4987 ipsorum
3328 4919 3714 4988 restionderet?
3750 4920 3817 4973 Et

2297 5143 2368 5202 (η)
2402 5141 2513 5188 llzee
2530 5138 2777 5207 Evangelii
2800 5138 3011 5207 clausula
3037 5154 3129 5190 non
3156 5141 3338 5204 legitur
3380 5144 3504 5206 apud
3551 5151 3658 5207 88.,
3686 5146 3817 5195 illam

2236 5216 2353 5253 vero
2378 5203 2633 5263 sequentia
2659 5201 2903 5262 postulare
2927 5203 3169 5261 videntur,
3197 5201 3452 5268 posuitque
3474 5201 3698 5257 Savilitis.

2298 5285 2368 5350 (b)_
2392 5283 2510 5331 llaec
2531 5294 2619 5330 suo
2643 5291 2797 5350 marte
2822 5284 3249 5350 adjecitsavilius;
3280 5295 3331 5335 et
3346 5287 3542 5350 quidem
3573 5287 3670 5337 hoc
3711 5288 3818 5337 loco

2234 5343 2589 5401 desi't'lerautur,
2619 5352 2711 5393 eta
2737 5343 2945 5393 librariis
2976 5353 3088 5393 sunt
3109 5352 3301 5395 omissa.
3327 5343 3422 5405 Qiia
3446 5350 3508 5395 de
3534 5362 3591 5397 re
3631 5350 3705 5398 sic
3730 5350 3818 5398 ille

2236 5408 2447 5469 loquitur
2469 5407 2516 5453 in
2542 5407 2666 5454 notis
2689 5420 2699 5469 ς
2728 5405 2810 5456 His
2834 5406 2985 5455 verbis
3002 5409 3348 5469 prteposuimus
3370 5411 3514 5459 verba
3540 5417 3813 5469 contextus,

2233 5468 2341 5530 qua:
2380 5476 2552 5530 tamen,
2579 5468 2776 5530 codices
2819 5470 2970 5530 nostri
2991 5481 3082 5517 non
3108 5468 3420 5520 exhibebant.
3460 5481 3559 5521 Hoc
3579 5480 3744 5521 autem
3766 5468 3816 5521 in

2235 5528 2553 5593 chrysostomi
2576 5529 2931 5599 exemplaribus
2947 5544 3073 5592 sirpe
3088 5530 3459 5599 ﬁeriteageoque.
3473 5533 3819 5583 obscuritatem

2232 5590 2456 5657 noig'nam
2477 5590 2607 5657 nasci
2630 5590 2777 5657 ,_qute
2809 5597 2943 5657 textu
2965 5590 3179 5657 apposito
3201 5590 3341 5653 facile
3373 5590 3587 5653 tolletur,
3607 5608 3818 5657 priamo-

2234 5651 2385 5703 nilum
2417 5654 2518 5704 volo
2540 5651 2782 5705 eruditum
2805 5651 3043 5702 lectorem.
3074 5655 3172 5702 Erit
3202 5651 3341 5703 enim
3362 5657 3450 5705 hoc
3473 5651 3818 5706 documentum

2233 5716 2300 5764 ad
2326 5714 2533 5777 plurima
2553 5713 2872 5777 Cltrysostomi
2892 5716 3041 5777 nostri
3063 5714 3165 5764 loca
3190 5715 3476 5777 corrigenda
3496 5724 3540 5766 et
3564 5716 3816 5767 illustran-

2235 5777 2301 5826 da
2318 5769 2537 5835 diligenti
2561 5769 2724 5842 lectbri
2748 5774 2967 5842 perutile.
2988 5776 3108 5842 Ejus
3132 5769 3414 5840 exetnplum
3449 5781 3680 5842 sequuti,
3706 5782 3816 5832 haec

2236 5854 2345 5902 qua:
2370 5853 2480 5887 tuo:
2504 5840 2805 5905 explicantur
2818 5872 2833 5899 ,
2848 5838 3126 5899 adjecitnus.
