4126 6366
292 405 396 459 ιιι-ι

284 516 414 569 αὐτὸ
466 512 623 569 τοῦτο
648 512 970 584 παραμυθία
1020 513 1137 566 ἐστί
1163 525 1211 580 ιι,
1236 512 1297 566 τὸ
1325 514 1518 577 εἰπεῖν,
1552 514 1634 567 δτι
1662 513 1807 584 Πρὸς
1851 512 1944 567 τὸν

284 604 504 676 Πατέρα
528 602 856 674 ἀπέρχομαι.
875 600 1043 654 Τοῦτο
1058 601 1166 671 γάρ
1193 600 1475 672 δηλοῦντος
1493 597 1581 671 ἦν,
1598 602 1677 653 ὅτι
1701 602 1946 653 οὺκάπο-

282 692 475 756 λεῖται,
508 690 641 742 ἀλλά
676 688 1005 760 μετάστασίς
1031 688 1114 751 τίς
1142 689 1287 741 ἐστιν
1312 686 1476 740 αὐτοῦ
1507 690 1540 759 ή
1570 687 1815 757 τελευτή.
1833 686 1943 739 Καὶ

283 780 474 849 ἑτέραν
498 776 847 850 παραμυθίαν
877 776 1060 837 αὐτοῖς
1092 776 1365 847 ἐνέθηκεν.
1399 778 1472 829 Οὐ
1515 776 1623 846 γάρ
1656 772 1797 840 εἷπε,
1831 777 1940 827 Μι-

283 870 449 936 κρὸν,
474 866 572 919 καὶ
600 868 709 919 οὐκ
736 866 822 918 ἔτι
850 865 1114 933 θεωρεῖτέ
1149 881 1242 933 με,
1282 864 1460 935 μόνον·
1494 865 1628 917 ἀλλά
1654 865 1747 917 καὶ
1778 880 1943 932 προσ-

284 954 731 1026 έθηκε·Μικρὸν,
764 952 858 1005 καὶ
889 951 1112 1020 ὄψεσθέ
1121 969 1217 1021 με,
1241 951 1414 1021 δηλῶν
1434 953 1513 1004 ὅτι
1542 953 1636 1005 καὶ
1663 950 1939 1021 ἐπανήξει,

284 1045 376 1097 καὶ
406 1043 542 1114 πρὸς
568 1041 745 1109 ὀλίγον
772 1039 926 1092 ἔσται
956 1041 984 1091 ὁ
1015 1039 1308 1109 χωρισμὸς,
1342 1040 1434 1091 καὶ
1476 1038 1728 1109 διηνεκὴς
1759 1039 1790 1107 ή
1824 1038 1941 1107 μετ’

280 1129 458 1180 αὐτῶν
476 1127 745 1180 συνουσία.
774 1124 942 1176 Τοῦτο
972 1125 1153 1194 μέντοι
1176 1123 1236 1174 οὑ
1279 1123 1532 1175 συνεῖδον.
1561 1122 1722 1174 Ὅθεν
1744 1122 1836 1174 καί
1860 1123 1941 1173 εἰ-

281 1215 451 1278 κότως
477 1215 541 1268 ἀν
563 1231 646 1277 τις
679 1212 994 1283 θαυμάσειε,
1019 1210 1134 1274 πῶς
1167 1209 1423 1267 πολλάκις
1447 1208 1614 1263 ταῦτα
1634 1208 1939 1271 ἀκούοντες,

277 1303 352 1367 ὡς
385 1302 549 1373 μηδὲν
575 1301 868 1372 ἀκηκοότες
889 1298 1060 1362 οὕτως
1097 1297 1516 1367 ἀμφιϐάλλουσι.
1564 1297 1732 1349 Πόθεν
1764 1293 1857 1350 οὖν
1878 1297 1939 1349 οὐ

278 1390 557 1457 συνίεσανς
591 1389 660 1440 Ἢ
686 1387 770 1440 διὰ
797 1386 894 1456 τὴν
921 1385 1118 1453 λύπην,
1148 1384 1223 1447 ὼς
1252 1384 1424 1452 ἔγωγε
1450 1380 1601 1453 οἶμαι
1645 1381 1805 1453 (αὕτη
1832 1381 1939 1453 γὰρ

278 1478 528 1542 ἐξέϐαλλε
544 1478 640 1545 τῆς
660 1476 891 1536 διανοίας
918 1472 1095 1525 αὐτῶν
1110 1472 1176 1523 τά
1196 1471 1505 1540 λεγόμενα),
1526 1471 1558 1540 ἢ
1589 1470 1677 1523 διά
1690 1470 1787 1540 τὴν
1807 1470 1941 1523 ἀσά-

279 1583 437 1635 φειαν
468 1564 576 1617 τῶν
606 1562 931 1633 λεγομένων.
965 1561 1055 1613 Aab
1083 1561 1175 1613 καὶ
1195 1560 1370 1625 ἔδοξεν
1398 1561 1578 1621 αὐτοῖς
1601 1558 1693 1611 δύο
1724 1559 1941 1613 ἐναντία

276 1651 503 1715 τιθέναι,
530 1652 627 1703 οὑκ
646 1650 771 1701 ὄντα
794 1647 1027 1701 ἐναντία.
1058 1647 1121 1699 Εἰ
1141 1647 1248 1716 γάρ
1270 1646 1509 1715 ὀψόμεθά
1531 1662 1611 1710 σε,
1647 1646 1801 1716 φησί,
1836 1644 1940 1697 ποῦ

277 1740 537 1807 ὑπάγειςς
576 1739 623 1790 εἰ
653 1738 709 1789 δέ
731 1737 982 1803 ὑπάγεις,
1002 1735 1119 1797 πῶς
1146 1734 1388 1804 ὀψόμεθά
1420 1750 1507 1798 σε;
1539 1732 1638 1785 Διά
1662 1733 1818 1785 τοῦτο
1850 1732 1940 1784 λέ-

276 1845 483 1895 γουσιν,
518 1828 640 1879 Οὐκ
673 1825 917 1892 οἴδαμεν
954 1824 1011 1875 τί
1042 1821 1236 1876 λαλεῖ.
1270 1823 1392 1874 Ὅτι
1440 1821 1539 1891 μὲν
1572 1820 1680 1891 γάρ
1722 1819 1941 1873 ἀπιέναι

275 1915 521 1983 ἔμελλεν,
550 1913 762 1985 ᾔδεσαν·
789 1912 1016 1981 ἠγνόουν
1048 1909 1105 1962 δέ
1134 1910 1215 1962 ὅτι
1248 1908 1385 1978 μετά
1435 1908 1628 1978 μικρὸν
1660 1906 1779 1977 ἥξει
1805 1907 1941 1978 πρὸς

273 2003 492 2065 αύτούς.
527 2001 624 2055 Διά
649 2001 713 2071 δὴ
735 2000 893 2053 τοῦτο
912 1999 1007 2052 καὶ
1033 1998 1260 2067 ἐπιτιμᾷ
1288 1997 1491 2059 αὐτοῖς,
1517 1996 1677 2049 ὅτιού
1706 1995 1942 2049 συνεῖδον

272 2093 336 2145 τὸ
370 2092 682 2159 λεγόμενον.
738 2086 1071 2157 Βουλόμενος
1116 2085 1225 2155 γὰρ
1280 2084 1463 2147 αὐτοῖς
1511 2082 1754 2153 ἐμπῆξαι
1806 2081 1834 2123 δ
1880 2082 1942 2135 τὸ

274 2184 407 2252 περὶ
445 2180 539 2233 τοῦ
595 2178 825 2233 θανάτου
876 2175 1091 2243 δόγμα,
1156 2174 1209 2226 τί
1244 2190 1445 2243 (manv;
1525 2172 1721 2241 Ἀμὴν,
1781 2170 1943 2241 ἀμὴν

272 2272 431 2341 λέγω
480 2270 642 2339 ὑμῖν,
698 2267 787 2320 ὅτι
844 2265 1142 2318 κλαύσετε
1200 2261 1299 2315 καὶ
1356 2260 1687 2329 θρηνήσετε
1735 2260 1938 2329 ὑμεῖς·

272 2361 410 2429 ὅπερ
446 2353 513 2429 ἦν
544 2355 637 2409 τοῦ
668 2353 897 2406 θανάτου
951 2352 1044 2405 καὶ
1072 2348 1163 2402 τοῦ
1220 2348 1475 2419 σταυροῦ·
1532 2349 1583 2400 '0
1613 2347 1681 2400 δὲ
1714 2350 1943 2417 κόσμος

275 2444 621 2514 χαρήσεται.
669 2437 884 2510 Ἐπειδὴ
934 2438 1040 2506 γάρ
1072 2436 1159 2489 διὰ
1190 2435 1249 2489 τὸ
1284 2434 1358 2506 μὴ
1412 2433 1694 2505 βούλεσθαι
1740 2434 1942 2502 ταχέως

275 2535 568 2604 ἐπέτρεχον
618 2529 695 2601 τῷ
745 2524 1064 2589 πιστεύειν,
1118 2525 1199 2577 ὅτι
1266 2525 1365 2576 οὐκ
1414 2520 1782 2582 ἀποθανεῖται,
1825 2516 1943 2573 εἶτα

272 2620 602 2682 ἀκούσαντες
633 2619 714 2671 ὅτι
735 2614 1104 2679 ἀποθανεῖται,
1158 2610 1497 2681 ἀμφέϐαλλον
1529 2611 1626 2663 οὐκ
1650 2610 1850 2671 εἰδότες
1892 2606 1944 2659 τί

274 2708 405 2761 ποτέ
424 2711 537 2761 ἐστι
558 2708 638 2771 τὸ,
660 2705 901 2771 Μικρόν·
954 2700 1085 2771 φησί
1111 2716 1124 2727 ·
1152 2699 1457 2752 Κλαύσετε
1479 2697 1576 2751 καί
1596 2694 1940 2765 θρηνήσετε·

273 2798 412 2850 ἀλλ’
434 2796 471 2863 ή
492 2794 655 2859 λύπη
690 2789 855 2860 ὑμῶν
876 2791 961 2854 εἰς
982 2786 1174 2857 χαρὰν
1194 2786 1531 2857 γενήσεται.

346 2879 479 2935 Εἶτα
516 2880 746 2945 δεικνὺς,
784 2879 862 2931 ὃτι
895 2875 1032 2948 μετὰ
1063 2875 1162 2945 τὴν
1211 2873 1386 2944 λύπην
1418 2872 1561 2943 χαρά
1591 2871 1817 2941 γίνεται,
1851 2869 1945 2923 καί

275 2972 359 3024 ὅτι
393 2972 425 3041 ή
449 2968 592 3040 λύπη
623 2969 794 3022 τίκτει
817 2967 915 3036 τὴν
944 2966 1140 3036 χαρὰν,
1164 2963 1258 3016 καὶ
1287 2963 1367 3016 ὅτι
1399 2960 1536 3031 αῦτη
1575 2961 1671 3031 μὲν
1697 2950 1941 3033 βραχεῖα,

281 3058 433 3133 [466]
463 3060 496 3129 ή
528 3057 584 3109 δὲ
614 3056 776 3127 ήδονὴ
812 3053 1136 3123 ἀπέραντος,
1176 3050 1269 3103 ἐπὶ
1300 3049 1644 3120 παράδειγμα
1678 3042 1809 3117 ἦλθε
1853 3062 1945 3097 κο-

277 3146 493 3218 σμικόν·
533 3145 628 3198 καὶ
666 3143 720 3197 τί
776 3157 973 3212 φησιν;
1010 3141 1070 3195 Ἠ
1128 3137 1277 3209 γυνὴ
1331 3137 1477 3191 ὅταν
1508 3138 1700 3203 τίκτῃ,
1739 3134 1945 3199 λύπην

273 3237 420 3305 ἔχει.
460 3234 571 3288 Καὶ
601 3234 863 3303 κέχρηται
894 3227 1197 3300 παραϐολῇ,
1280 3226 1374 3279 καί
1402 3225 1452 3278 οἰ
1493 3224 1789 3295 προφῆται,
1818 3238 1943 3275 συν-

275 3322 417 3397 εχῶς
447 3324 512 3396 τῇ
540 3319 812 3394 ὑπερϐολῇ
854 3317 961 3369 τῶν
995 3315 1200 3369 ὠδίνων
1241 3314 1341 3376 τὰς
1383 3310 1625 3381 ἀθυμίας
1659 3308 1942 3397 παραϐάλ-

274 3395 576 3476 λοντεςξὋ
617 3410 675 3464 δὲ
708 3409 874 3477 λέγει,
930 3401 1172 3460 τοιοῦτόν
1216 3401 1383 3453 ἐστιν·
1429 3398 1625 3462 Ὠδῖνες
1681 3395 1943 3468 λήψονται

276 3503 441 3571 ὑμᾶς·
479 3498 592 3553 ἀλλ’
619 3499 653 3569 ή
691 3497 819 3560 ὠδὶς
848 3495 942 3549 τοῦ
970 3493 1131 3547 τόκου
1170 3491 1379 3560 γίνεται
1419 3486 1594 3560 χαρᾶς
1619 3483 1785 3537 αἰτία·
1826 3483 1943 3571 ἅμα

278 3570 481 3641 καὶτὸν
502 3587 631 3656 περὶ
657 3582 1003 3644 ἀναστάσεως
1029 3580 1386 3650 πιστούμενος
1414 3577 1590 3645 λόγον,
1615 3572 1706 3628 καὶ
1729 3570 1942 3637 δεικνὺς

279 3677 363 3729 ὅτι
395 3675 458 3728 τδ
498 3672 744 3727 ἐντεῦθεν
786 3670 1041 3725 ἀπελθεῖν
1081 3667 1265 3738 ὅμοιόν
1297 3668 1410 3718 ἐστι
1453 3661 1531 3734 τῷ
1575 3661 1684 3716 ἀπὸ
1731 3662 1943 3731 μήτρας

276 3764 533 3819 ἀπελθεῖν
582 3764 662 3825 εἰς
702 3759 950 3830 λαμπρὸν
980 3756 1094 3826 φῶς
1113 3771 1128 3784 ·
1179 3754 1376 3806 ὡσανεί
1404 3751 1578 3819 ἔλεγε·
1610 3748 1702 3820 Μὴ
1732 3749 1942 3819 θαυμά-

280 3870 411 3922 σητε
440 3853 521 3904 ὅτι
545 3851 633 3903 διὰ
663 3848 838 3916 λύπης
885 3844 1137 3912 τοιαύτης
1163 3841 1256 3894 ἐπὶ
1300 3840 1370 3893 τὰ
1415 3837 1759 3908 συμφέροντα
1800 3836 1944 3922 ύμᾶς

279 3921 417 4008 ἄγω·
460 3939 582 3990 ἐπεὶ
625 3936 718 3988 καί
766 3936 801 4004 ή
834 3933 1016 4004 μήτηρ
1059 3929 1153 3982 ἐπὶ
1180 3928 1241 3980 τὺ
1269 3926 1520 3995 γενέσθαι
1558 3926 1739 3995 μήτηρ
1771 3921 1943 3985 οὕτως

280 4029 499 4099 ἔρχεται
526 4023 615 4077 διά
641 4021 834 4091 λύπης.
878 4017 1180 4071 Αἰνίττεται
1211 4014 1268 4066 δὲ
1297 4012 1526 4066 ἐνταῦθα
1551 4011 1644 4064 καί
1667 4027 1719 4063 τι
1750 4025 1940 4080 μυστι-

282 4097 399 4169 κ-ὀν·
432 4116 514 4168 ὅτι
542 4112 729 4165 ἔλυσεν
761 4108 921 4169 αὐτὸς
951 4105 1044 4159 τοῦ
1074 4104 1304 4157 θανάτου
1338 4101 1434 4164 τὰς
1460 4100 1672 4163 ὠδῖνας,
1700 4101 1793 4151 καὶ
1822 4097 1941 4151 νέον

289 4202 577 4274 ἄνθρωπον
619 4195 1051 4265 ἁπογεννηθῆναι
1087 4190 1372 4259 πεποίηκε.
1399 4189 1507 4241 Καὶ
1528 4188 1628 4240 οὐκ
1654 4184 1822 4248 εἶπεν,
1858 4186 1940 4238 ὅτι

282 4273 679 4356 παρελεύσεται
707 4286 739 4354 ἡ
764 4282 936 4350 θλίψις
961 4280 1140 4350 μόνον,
1166 4277 1277 4331 ἀλλ’
1310 4276 1429 4329 οὐδὲ
1461 4275 1734 4344 μέμνηται
1754 4273 1939 4342 αὐτῆς·

282 4375 519 4445 τοσαύτη
561 4379 593 4443 ὴ
628 4368 977 4440 διαδεχομένη
1028 4365 1192 4435 χαρά.
1259 4363 1417 4418 Οὕτω
1458 4361 1552 4414 καί
1599 4363 1710 4422 τοῖς
1768 4359 1944 4427 ἀγίοις

283 4465 454 4517 ἔσται.
491 4463 600 4514 Καὶ
640 4460 744 4530 μὴν
784 4457 843 4509 οὐ
878 4455 965 4508 διὰ
993 4454 1150 4506 τοῦτο
1193 4451 1374 4522 χαίρει
1414 4451 1447 4519 ἡ
1474 4449 1631 4519 γυνὴ,
1674 4450 1754 4501 ὅτι
1780 4445 1943 4519 ἦλθεν

282 4550 565 4622 ἅνθρωπος
597 4549 674 4609 εἰς
696 4545 786 4597 τὸν
816 4543 1039 4612 κόσμον,
1071 4540 1183 4594 ἀλλ’
1203 4541 1286 4592 ὅτι
1313 4539 1450 4609 αὐτῇ
1490 4538 1700 4590 παιδίον
1726 4536 1940 4607 ἐτέχθη.

296 4639 447 4691 Ἐπεί
475 4638 521 4689 εἰ
549 4636 635 4688 διὰ
656 4632 812 4686 τοῦτο
843 4630 1081 4701 ἔχαιρεν,
1112 4627 1265 4680 οὐδὲν
1306 4625 1510 4679 ἐκώλυε
1544 4627 1637 4678 καὶ
1661 4625 1745 4692 ἐφ’
1783 4623 1945 4696 ἑτέρᾳ

280 4724 501 4791 γ.ναικ”ι
529 4718 786 4791 τικτούσῃ
813 4718 912 4779 τάς
960 4715 1033 4786 μὴ
1074 4713 1363 4775 τικτούσας
1405 4712 1635 4783 χαίρειν.
1671 4712 1826 4775 Τίνος
1852 4708 1942 4765 οὖν

280 4815 468 4865 ἕνεκεν
501 4809 674 4869 οὕτως
698 4802 884 4869 εἰπενς
915 4805 1039 4857 Ὅτι
1087 4804 1166 4864 εἰς
1203 4800 1362 4853 τοῦτο
1401 4801 1559 4868 μόνον
1588 4799 1857 4869 παρέλαϐε
1884 4800 1944 4853 τὸ

283 4900 607 4966 ὑπόδειγμα,
651 4897 731 4956 εἰς
756 4894 815 4945 τὸ
841 4892 1009 4958 δεῖξαι
1038 4890 1367 4960 πρόσκαιρον
1395 4888 1490 4958 μὲν
1517 4888 1616 4958 τὴν
1641 4888 1836 4956 λύπην,
1867 4887 1945 4939 δι-

282 4987 450 5055 ηνεκῆ
484 4983 541 5033 δὲ
571 4981 670 5051 τὴν
712 4979 907 5050 χαράν·
951 4977 1046 5030 καὶ
1074 4979 1152 5038 εἰς
1175 4975 1233 5027 τὸ
1269 4976 1597 5044 μετάστασιν
1634 4970 1773 5026 εἶναι
1811 4973 1943 5043 πρὸς

285 5071 454 5139 ζωὴν,
490 5071 586 5121 καὶ
619 5070 698 5130 εἰς
724 5067 786 5118 τὸ
834 5065 975 5135 μέγα
1002 5063 1110 5116 τῶν
1143 5062 1346 5115 ὠδίνων
1378 5061 1438 5113 τὸ
1468 5061 1673 5132 κέρδος.
1705 5060 1811 5112 Καὶ
1848 5060 1947 5112 ούκ

284 5157 459 5220 εἶπεν,
498 5156 727 5225 Ἐτέχθη
771 5153 1002 5215 παιδίον,
1042 5151 1156 5205 ἀλλ’
1186 5150 1266 5202 ὃτι
1293 5150 1642 5216 Ἄνθρωπος.
1687 5146 1946 5200 Ἐνταῦθα

285 5249 393 5317 γάρ
435 5262 523 5314 μοι
554 5243 653 5313 τὴν
697 5240 991 5294 ἀνάστασιν
1039 5236 1333 5291 αἰνίττεται
1376 5235 1471 5305 τὴν
1518 5235 1705 5297 αὑτοῦ,
1735 5236 1827 5288 καὶ
1864 5235 1945 5287 ὄτι

284 5335 384 5389 οὐκ
421 5332 615 5401 ἐκείνῳ
642 5329 721 5398 τῷ
748 5328 994 5380 ὠδίναντι
1021 5323 1256 5393 θανάτῳ,
1303 5321 1439 5374 ἀλλὰ
1466 5324 1531 5391 τῇ
1566 5322 1812 5391 βασιλείᾳ
1861 5323 1945 5374 τί-

286 5419 510 5475 κτεσθαι
566 5416 778 5488 ἔμελλε.
810 5415 910 5467 Διά
948 5412 1106 5466 τοῦτο
1146 5413 1244 5464 οὐκ
1272 5404 1443 5472 εἶπεν,
1478 5408 1768 5480 Ἐγεννήθη
1809 5412 1943 5482 αὐτῇ

285 5509 521 5571 παιδίον,
553 5505 690 5569 ἀλλ’,
731 5501 1056 5571 Ἐγεννήθη
1094 5500 1403 5568 ἅνθρωπος
1438 5499 1524 5562 εἰς
1556 5496 1662 5549 τὸν
1693 5498 1943 5567 κόσμον.

284 5598 396 5650 Kal
425 5593 591 5664 ὑμεῖς
615 5584 728 5647 οὖν
752 5590 869 5645 νῦν
892 5589 1009 5659 μὲν
1034 5585 1482 5654 λυπηθήσεσθε·
1510 5582 1695 5638 πάλιν
1717 5584 1784 5638 δὲ
1807 5585 1948 5654 ὄψον

279 5702 389 5755 μαι
424 5679 599 5751 ὑμᾶς,
638 5680 736 5734 καί
777 5679 816 5748 ή
861 5679 1026 5744 λύπη
1060 5675 1226 5742 ὑμῶν
1266 5676 1353 5739 εὶς
1386 5671 1580 5743 χαρὰν
1608 5672 1944 5743 γενήσεται.

284 5770 417 5825 Εἶτα
439 5771 521 5822 ὅτι
550 5769 649 5821 ούκ
673 5767 753 5819 έτι
782 5765 1133 5818 ἀποθανεῖται
1161 5761 1357 5832 δηλῶν,
1397 5760 1551 5829 φησί·
1590 5761 1699 5813 Kal
1750 5762 1948 5830 οὐδεὶς

280 5858 478 5922 αὐτὴν
507 5855 656 5921 αἴρει
683 5854 781 5922 ἀφ’
810 5851 997 5921 ὑμῶν.
1027 5851 1128 5904 Ἐν
1154 5850 1352 5917 ἐκείνῃ
1386 5848 1457 5916 τῇ
1491 5848 1679 5931 ήμέρςι
1707 5849 1811 5917 ἐμὲ
1839 5853 1948 5904 οὐκ

345 5990 371 6019 ⁸
394 5988 487 6037 Alii
510 5984 802 6049 παραμυθίας
825 5982 942 6031 ἐστί.
1008 5981 1037 6023 δ
1063 5982 1144 6033 Sic
1165 5987 1298 6031 recte
1324 5979 1399 6028 Sa'
1419 5979 1470 6028 il.
1498 5984 1549 6026 et
1567 5979 1705 6027 codd.
1728 5978 1950 6041 Legeba-

281 6061 363 6105 fut
384 6052 625 6107 ἐκπλῆξαι.
654 6049 789 6097 lion.

1286 400 1355 456 IN
1390 398 1704 456 JOANNEM
1742 399 1979 456 HOMIL.
2012 400 2251 458 LXXIX.
2306 406 2379 462 al.
2419 405 2698 462 LXXVII].

3603 408 3706 464 ηις

2052 515 2379 583 ἐρωτήσετε
2404 520 2602 576 οὐδέν.
2648 520 2814 574 Πάλιν
2840 520 2989 574 ούδέν
3031 520 3157 575 ἄλλο
3196 521 3591 588 κατασκευάζει
3620 523 3709 578 διά

2050 601 2274 667 τούτων,
2312 605 2345 675 ἢ
2387 607 2468 658 ὅτι
2503 607 2608 660 ἀπὸ
2661 607 2755 660 τοῦ
2794 607 2926 661 Θεοῦ
2970 611 3108 663 ἐστι.
3159 609 3292 662 Τότε
3339 612 3449 681 γάρ
3493 609 3705 664 εἴσεσθε

2050 689 2226 742 πάντα
2256 690 2459 747 λοιπόν.
2515 694 2580 746 Τί
2610 694 2667 748 δέ
2705 696 2874 763 ἐστιν,
2907 695 3044 762 Ἐμέ
3074 698 3185 750 οὐκ
3231 696 3590 764 ἐρωτήσετε;
3627 697 3705 751 Οὐ

2046 772 2303 844 δεήσεσθε
2335 782 2355 809 ο
2376 780 2619 849 μεσίτου,
2648 782 2761 837 ἀλλ’
2786 784 2946 854 ἀρκεῖ
2974 785 3035 837 τὸ
3061 785 3230 854 δνομα
3270 786 3428 855 μόνον
3454 787 3710 852 εἰπόντας

2047 861 2227 916 πάντα
2255 862 2459 921 λαϐεῖν.
2494 868 2690 937 Ἀμὴν,
2734 869 2896 938 ἀμὴν
2933 870 3086 940 λέγω
3119 871 3281 940 ὑμῖν,
3312 871 3421 935 ὅτι,
3455 870 3573 925 ὅσα
3598 873 3710 926 ἐὰν

2045 948 2332 1018 αἰτήσητε
2358 952 2466 1006 τὸν
2486 955 2715 1024 Πατέρα
2745 957 2814 1010 ἐν
2840 956 2919 1022 τῷ
2954 959 3198 1027 ὀνόματί
3233 976 3351 1027 μου
3376 958 3426 1014 ἀ.
3454 959 3706 1013 Δείκνυσι

2044 1036 2137 1089 τοῦ
2176 1037 2435 1109 ὀνόματος
2480 1043 2579 1113 τὴν
2632 1045 2878 1114 δύναμιν,
2926 1048 2977 1100 εἴ
3021 1063 3083 1115 γε
3128 1047 3202 1116 μὴ
3246 1046 3519 1118 ὁρώμενος
3571 1050 3708 1119 μηδὲ

2046 1125 2548 1197 παρακαλούμενος,
2575 1130 2688 1184 ἀλλ’
2713 1133 3104 1202 ὀνομαζόμενος
3130 1135 3306 1204 μόνον,
3337 1135 3431 1186 καί
3458 1135 3607 1206 παρά
3625 1135 3707 1208 τῷ

2045 1210 2221 1280 Πατρὶ
2258 1216 2401 1267 ποιεῖ
2436 1214 2800 1288 θαυμαστούς.
2823 1220 2930 1272 Ποῦ
2967 1221 3030 1291 δή
3058 1220 3215 1273 τοῦτο
3249 1221 3503 1289 γέγονεν;
3535 1221 3705 1276 Ἔνθα

2044 1294 2311 1364 λέγουσιν·
2357 1302 2561 1357 Ἔπιδε
2600 1305 2697 1359 ἐπὶ
2739 1307 2847 1374 τὰς
2890 1309 3142 1374 ἀπειλὰς
3195 1306 3413 1374 αὐτῶν,
3460 1308 3559 1363 καί
3596 1309 3707 1378 δὸς

2045 1384 2168 1451 τοῖς
2199 1386 2440 1456 δούλοις
2463 1407 2579 1446 σου
2599 1395 2751 1463 μετὰ
2789 1397 3128 1465 παρρησίας
3152 1397 3366 1452 λαλεῖν
3392 1397 3499 1451 τὸν
3517 1398 3705 1467 λόγον

2044 1486 2181 1532 σου.
2229 1476 2328 1527 καὶ
2382 1479 2576 1532 ποιεῖν
2616 1482 2685 1534 ἐν
2720 1481 2801 1548 τῷ
2848 1485 3092 1552 ὀνόματί
3137 1501 3254 1538 σου
3306 1485 3544 1554 σημεῖα.
3591 1487 3704 1541 Kal

2042 1558 2290 1629 ἐσείσθη
2324 1566 2356 1616 ό
2380 1567 2563 1632 τόπος
2589 1568 2734 1623 ἔνθα
2762 1566 2942 1639 ἦσαν.
2973 1572 3120 1638 Ἕως
3142 1572 3271 1640 ἄρτι
3293 1576 3404 1627 οὐκ
3438 1574 3706 1642 ᾐτήσατε

2043 1647 2242 1702 οὐδέν.
2277 1649 2554 1706 Ἐντεῦθεν
2581 1654 2868 1723 δείκνυσιν,
2902 1660 2981 1712 ὅτι
3016 1662 3282 1733 συμφέρει
3329 1663 3488 1715 πάλιν
3538 1663 3703 1717 αὑτὸν

2042 1735 2318 1802 ἀπελθεῖν,
2356 1738 2494 1808 εἴγε
2524 1742 2627 1803 ἕως
2650 1744 2770 1797 τότε
2798 1746 2949 1799 οὐδὲν
2986 1748 3213 1819 ᾔτησαν,
3258 1749 3377 1802 τότε
3417 1750 3473 1803 δὲ
3502 1750 3703 1821 λήψον-

2041 1839 2133 1875 ται
2168 1834 2191 1862 ε
2219 1824 2397 1880 πάντα
2441 1828 2540 1881 ὅσα
2593 1828 2660 1883 ἂν
2705 1833 2985 1903 αἰτήσωσι,
3017 1836 3108 1906 Μὴ
3137 1837 3266 1907 γὰρ,
3299 1837 3485 1909 ἐπειδὴ
3516 1838 3704 1893 λοιπὸν

2041 1909 2101 1961 ού
2134 1911 2426 1983 συνέσομαι
2465 1916 2611 1986 ὑμῖν,
2646 1920 2902 1990 νομίσητε
2934 1922 3446 1994 ἐγκαταλελεῖφθαι·
3481 1926 3543 1980 τὸ
3586 1926 3704 1981 δνο-

2045 1997 2122 2066 μά
2155 2015 2255 2067 μου
2290 2002 2509 2070 μείζονα
2535 2006 2663 2076 ύμῖν
2684 2006 2845 2061 δώσει
2876 2012 3205 2081 παρρησίαν.

2114 2081 2266 2158 [467]
2289 2087 2353 2156 β’.
2374 2090 2525 2143 Ἐπεὶ
2544 2088 2637 2146 οῦν
2660 2098 3091 2167 συνεσκιασμένα
3105 2095 3172 2170 ῆν
3195 2099 3263 2153 τὰ
3292 2101 3577 2173 εἰρημένα,
3603 2120 3703 2174 φη-

2043 2171 2115 2223 σί·
2142 2175 2332 2229 Ταῦτα
2352 2177 2419 2231 ἐν
2440 2182 2778 2250 παροιμίαις
2796 2184 3108 2253 λελάληκα
3140 2188 3301 2256 ὑμῖν,
3335 2171 3435 2241 καί
3461 2171 3698 2259 ἔρχεται

2040 2260 2161 2331 ὥρα
2186 2265 2285 2320 ὅτε
2311 2272 2420 2323 οὐκ
2450 2269 2538 2323 ἔτι
2575 2272 2645 2325 έν
2668 2276 3007 2344 παροιμίαις
3038 2277 3290 2343 λαλήσω
3324 2278 3485 2347 ὑμῖν.
3509 2282 3702 2335 Ἔσται

2042 2353 2251 2441 καιρὸς,
2286 2356 2374 2408 ὅτε
2421 2358 2621 2423 πάντες
2672 2361 2882 2415 εἴσεσθε
2934 2365 3139 2432 σαφῶς.
3184 2366 3345 2435 Λέγει
3377 2367 3433 2420 δὲ
3470 2368 3562 2421 τὸν
3602 2369 3703 2441 τῆς

2042 2440 2391 2527 ἀναστάσεως
2434 2446 2645 2515 χρόνον.
2692 2448 2824 2501 Τότε
2872 2452 3154 2523 παρρησίᾳ
3191 2455 3312 2524 περκ
3356 2454 3450 2508 τοῦ
3486 2456 3703 2527 Πατρὸς

2042 2525 2326 2614 ἀναγγελῶ
2348 2530 2493 2600 ὑμῖν.
2510 2534 2619 2586 Καὶ
2634 2532 2742 2606 γάρ
2764 2535 2854 2588 ἐπὶ
2874 2539 3279 2609 τεσσαράκοντα
3301 2542 3512 2613 ἡμέρας
3536 2525 3704 2614 συνῆν

2042 2612 2137 2703 καὶ
2164 2614 2408 2703 διελέχθη
2440 2619 2642 2685 αὐτοῖς,
2685 2622 3118 2695 συναλιζόμενος,
3152 2628 3245 2681 καὶ
3276 2612 3448 2697 λέγων
3475 2629 3544 2682 τὰ
3572 2612 3704 2703 περὶ

2041 2701 2139 2771 τῆς
2173 2702 2447 2771 βασιλείας
2474 2707 2568 2760 τοῦ
2613 2708 2769 2764 Θεοῦ.
2801 2711 2916 2765 Νῦν
2956 2712 3053 2783 μὲν
3094 2713 3202 2785 γὰρ
3234 2716 3292 2769 ὲν
3336 2716 3485 2788 φόϐῳ
3519 2701 3698 2783 amb.

2041 2790 2099 2841 ού
2130 2792 2424 2861 προσέχετε
2459 2798 2571 2859 τοῖς
2610 2796 2943 2869 λεγομένοις·
2984 2801 3104 2854 τότε
3132 2801 3189 2854 δὲ
3214 2802 3524 2858 ἀναστάντα
3560 2805 3699 2858 ἰδόν-

2040 2892 2151 2940 τες,
2176 2879 2270 2931 καὶ
2300 2880 2566 2946 συνόντες,
2620 2883 2911 2954 δυνήσεσθε
2947 2888 3231 2960 παρρησίᾳ.
3271 2890 3448 2944 πάντα
3491 2892 3702 2962 μανθά-

2040 2980 2171 3029 νειν,
2195 2967 2275 3018 ὅτι
2309 2968 2468 3032 αὐτὸς
2505 2972 2534 3023 ὀ
2566 2971 2756 3043 Πατὴρ
2787 2974 2929 3043 ὑμᾶς
2968 2975 3203 3046 φιλήσει,
3234 2976 3333 3047 τῆς
3378 2980 3458 3041 εἰς
3482 2978 3583 3050 ἐμὲ
3610 2978 3704 3032 πί-

2043 3068 2213 3116 στεως
2256 3053 2479 3124 βεϐαίας
2524 3060 2914 3131 γεγενημένης.
2965 3062 3075 3116 Καὶ
3122 3066 3234 3117 οὐκ
3279 3064 3555 3132 ἐρωτήσω
3594 3065 3705 3122 τὸν

2039 3141 2291 3209 Πατέρα.
2328 3144 2514 3215 Ἀρκεῖ
2542 3147 2574 3217 ή
2604 3148 2684 3209 εἰς
2709 3148 2809 3219 ἐμὲ
2842 3148 3028 3221 ἀγάπη
3062 3150 3359 3222 προστῆναι
3390 3154 3703 3225 ὑμῶν.Ὅτι

2039 3227 2209 3295 ὑμεῖς
2239 3229 2344 3298 ἐμὲ
2393 3233 2782 3302 πεφιλήκατε,
2831 3236 2929 3290 καὶ
2966 3239 3425 3303 πεπιστεύκατε,
3459 3239 3551 3295 ὅτι
3582 3241 3704 3296 ἀπὸ

2038 3314 2147 3369 τοῦ
2192 3317 2338 3371 Θεοῦ
2376 3318 2654 3387 ἐξῆλθον.
2692 3321 2824 3376 Ἀπὸ
2870 3322 2978 3378 τοῦ
3016 3326 3247 3394 Πατρὸς
3284 3325 3566 3395 ἐξῆλθον,
3600 3327 3704 3383 καί

2038 3401 2286 3473 ἔρχομαι
2322 3408 2409 3470 εἰς
2434 3406 2542 3461 τὸν
2573 3408 2825 3483 κόσμον.
2854 3410 3049 3465 Πάλιν
3076 3412 3288 3483 ἀφίημι
3321 3414 3430 3468 τὸν
3448 3415 3700 3484 κόσμον,

2038 3489 2137 3542 καί
2164 3492 2487 3562 πορεύομαι
2524 3496 2675 3562 πρὸς
2702 3495 2811 3550 τὸν
2834 3496 3085 3566 Πατέρα.
3134 3499 3352 3571 Ἐπειδὴ
3392 3500 3501 3572 γὰρ
3531 3502 3561 3553 ό
3602 3502 3702 3574 τῆς

2038 3577 2386 3646 ἀναστάσεως
2416 3581 2574 3651 λόγος
2610 3583 2708 3654 οὐχ
2739 3582 2816 3647 ὡς
2853 3583 3041 3655 ἔτυχεν
3069 3587 3268 3651 αὐτοὺς
3306 3590 3699 3661 παρεμυθεῖτο,

2036 3668 2129 3721 καὶ
2154 3668 2290 3739 μετά
2313 3669 2520 3723 τούτων
2544 3670 2605 3723 τὸ
2627 3671 2867 3736 ἀκούειν,
2892 3674 2974 3727 ὅτι
3002 3674 3160 3745 Παρά
3181 3675 3315 3728 Θεοῦ
3340 3676 3580 3748 ἐξῆλθον,
3607 3680 3702 3734 καὶ

2038 3754 2153 3807 ἐκεῖ
2175 3756 2388 3824 ὑπάγω,
2442 3757 2681 3827 συνεχῶς
2716 3758 2858 3813 αὑτά
2913 3761 3287 3832 περιστρέφει.
3324 3763 3398 3817 Τὸ
3445 3764 3545 3835 μὲν
3589 3766 3701 3839 γάρ

2037 3844 2298 3912 ἠγγυᾶτο,
2340 3844 2424 3898 ὅτι
2472 3845 2646 3914 ὀρθῶς
2688 3848 3031 3902 πιστεύουσιν
3068 3851 3149 3913 εἰς
3181 3851 3374 3906 αὐτόν·
3420 3853 3482 3906 τὸ
3510 3853 3588 3919 δὲ,
3617 3855 3702 3911 ὅτι

2042 3930 2324 3999 μέλλουσιν
2353 3932 2408 3984 ἐν
2450 3932 2719 4005 ἀσφαλείᾳ
2756 3931 2913 3989 εἶναι.
2956 3937 3083 3991 Ὅτε
3125 3937 3224 4009 μὲν
3269 3935 3362 3994 οὖν
3391 3940 3565 4012 ἔλεγε,
3595 3947 3702 3998 Μι-

2039 4019 2205 4085 κρὸν,
2243 4018 2343 4072 καί
2385 4022 2457 4073 οὐ
2505 4021 2768 4090 θεωρεῖτέ
2804 4039 2900 4092 με·
2948 4023 3045 4077 καί
3074 4026 3307 4093 μικρὸν,
3342 4031 3439 4082 καὶ
3476 4031 3702 4100 ὄψεσθέ

2035 4123 2131 4175 με,
2163 4106 2385 4170 εἰκότως
2412 4109 2661 4179 ἠγνόουν·
2702 4110 2796 4163 νῦν
2821 4110 2877 4163 δέ
2908 4113 3008 4165 οὐκ
3050 4113 3151 4167 ἔτι.
3184 4117 3247 4168 Τί
3282 4116 3337 4169 δέ
3371 4120 3538 4181 ἐστιν,
3570 4120 3701 4189 Ἐμὲ

2041 4195 2151 4247 οὐκ
2176 4194 2537 4261 ἐρωτήσετε;
2565 4194 2681 4250 Οὐκ
2714 4198 2908 4268 ἐρεῖτε,
2940 4199 3148 4265 Δεῖξον
3180 4201 3322 4271 ἡμῖν
3344 4205 3449 4257 τὸν
3472 4205 3701 4273 Πατέρα

2040 4297 2178 4345 σου,
2215 4281 2330 4345 καὶ,
2379 4282 2503 4336 Ποῦ
2535 4283 2823 4353 ὐπάγεις;
2867 4285 2949 4339 ὅτι
2982 4290 3159 4341 πᾶσαν
3188 4287 3397 4342 εἴσεσθε
3436 4290 3534 4361 τὴν
3562 4290 3701 4359 γνῶ-

2044 4385 2148 4431 σιν,
2199 4370 2292 4422 καὶ
2321 4369 2650 4423 διακείσεται
2693 4370 2830 4443 πρὸς
2879 4374 3022 4443 ὑμᾶς
3062 4375 3090 4427 ὁ
3129 4375 3335 4447 Πατὴρ,
3390 4375 3579 4450 ὥσπερ
3606 4380 3700 4434 καὶ

2040 4455 2170 4524 ἐγώ.
2202 4456 2373 4510 Τοῦτο
2403 4457 2635 4527 μάλιστα
2664 4459 2860 4524 αὐτοὺς
2880 4461 3211 4516 ἀναπνεῦσαι
3237 4465 3480 4536 ἐποίησε,
3508 4466 3567 4519 τὸ
3595 4484 3701 4538 μα-

2042 4542 2152 4596 θεῖν
2175 4545 2254 4597 ὄτι
2287 4544 2365 4616 τῷ
2403 4547 2578 4619 Πατρὶ
2611 4546 2824 4601 ἔσονται
2859 4549 3019 4618 φίλοι.
3061 4550 3151 4603 Διὸ
3179 4550 3412 4620 λέγουσι·
3442 4553 3572 4608 Νῦν
3609 4554 3699 4609 οι-

2040 4631 2227 4702 δαμεν
2250 4632 2337 4685 ὅτι
2368 4628 2535 4699 οἶδας
2579 4635 2793 4688 πάντα.
2832 4637 2993 4708 Ὁρᾷς
3024 4638 3106 4691 ὅτι
3144 4639 3279 4707 πρὸς
3324 4641 3384 4692 τὸ
3421 4641 3701 4712 ὑφορμοῦν

2039 4724 2106 4792 τῇ
2138 4721 2345 4793 διανοίᾳ
2377 4722 2740 4792 ἀπεκρίνατο;
2772 4724 2881 4777 Καὶ
2927 4727 2999 4778 οὐ
3030 4726 3239 4792 χρείαν
3268 4726 3427 4796 ἔχεις
3458 4728 3559 4781 ἵνα
3606 4730 3700 4796 τίς

2040 4825 2114 4862 σε
2142 4808 2346 4877 ἐρωτᾷ·
2390 4810 2655 4872 τουτέστι,
2709 4812 2841 4879 Πρὶν
2875 4812 2906 4883 ἢ
2941 4813 3169 4866 ἀκοῦσαι
3201 4810 3348 4873 οἶδας
3376 4816 3443 4869 τὰ
3475 4817 3700 4871 σκανδα-

2040 4896 2257 4961 λίζοντα
2296 4899 2465 4966 ἡμᾶς,
2495 4898 2587 4950 καὶ
2628 4899 2958 4962 ἁνέπαυσας,
2989 4901 3173 4972 ἐπειδὴ
3206 4899 3375 4967 εἶπες,
3412 4904 3467 4956 '0
3498 4906 3698 4973 Πατὴρ

2042 4983 2196 5052 ὑμᾶς
2228 4983 2412 5051 φιλεῖ,
2443 4984 2531 5037 ὅτι
2576 4986 2683 5054 ἐμὲ
2712 4987 3099 5054 πεφιλήκατε.
3141 4989 3295 5042 Μετά
3327 4991 3563 5045 τοσαῦτα
3605 4995 3699 5046 καὶ

2041 5072 2362 5141 τηλικαῦτα,
2388 5072 2507 5124 τότε
2538 5073 2767 5141 λέγουσι,
2799 5075 2927 5128 Νῦν
2951 5075 3213 5144 οἴδαμεν.
3244 5078 3402 5148 Ὁρᾷς
3428 5079 3542 5143 πῶς
3569 5080 3699 5133 ἀτε-

2043 5160 2149 5224 λῶς
2191 5158 2364 5232 εἷχονς
2412 5158 2542 5214 Εἶτα
2576 5164 2759 5233 ἐπειδὴ
2786 5163 2974 5235 ὥσπερ
3004 5165 3125 5218 τινά
3169 5168 3325 5238 χάριν
3376 5168 3523 5240 αύτῷ
3553 5187 3699 5242 παρ-

2045 5248 2258 5317 έχοντες
2307 5248 2543 5315 λέγουσι,
2591 5249 2721 5303 Νῦν
2756 5250 3021 5320 οἴδαμεν,
3066 5252 3230 5316 λέγει·
3268 5254 3481 5308 Πολλῶν
3524 5256 3700 5311 δεῖσθε

2047 5336 2265 5406 ἐτέρων,
2303 5334 2443 5387 ὥστε
2476 5336 2567 5388 ἐπὶ
2607 5336 2667 5389 τὸ
2697 5337 2899 5391 τέλειον
2928 5339 3121 5392 ἐλθεῖν·
3151 5341 3300 5394 οὐδὲν
3330 5343 3539 5398 οὐδέπω
3572 5347 3700 5416 ὑμῖν

2046 5420 2422 5493 κατώρθωται.
2459 5422 2573 5475 Νῦν
2611 5418 2703 5476 οὖν
2744 5424 3047 5495 προδώσετέ
3093 5444 3159 5496 με
3201 5431 3313 5492 τοῖς
3346 5430 3577 5503 ἐχθροῖς,
3608 5436 3703 5488 καὶ

2046 5508 2294 5571 τοσοῦτος
2324 5508 2477 5579 ὑμῶν
2504 5512 2767 5581 κρατήσει
2812 5511 2994 5579 φόϐος,
3039 5512 3177 5565 ὥστε
3218 5515 3352 5585 μηδὲ
3389 5521 3507 5587 μετ’
3532 5503 3708 5592 άλλήέ

2047 5596 2153 5649 λων
2197 5596 2488 5668 δυνηθῆναι
2534 5599 2905 5669 ἀναχωρῆσαι.
2956 5600 3096 5653 Ἀλλ’
3138 5602 3288 5656 οὐδὲν
3339 5605 3447 5659 ἀπὸ
3499 5609 3704 5665 τούτων

2050 5684 2303 5757 πείσομαι
2342 5686 2532 5741 δεινόν.
2575 5686 2737 5760 Ὁρᾷς
2783 5690 2901 5755 πῶς
2948 5691 3108 5745 πάλιν
3158 5694 3626 5762 συγκαταϐατικὺς
3676 5702 3706 5754 ὁ

2111 5917 2135 5946 °
2162 5916 2376 5987 Qualuor
2397 5933 2510 5987 mss.
2553 5921 2607 5967 οὐ
2640 5921 2939 5987 δεηθήσεσθε.
3055 5923 3230 5987 verba,
3261 5921 3485 5986 Ἀμὴν-,η
3512 5926 3706 5986 ὀνόματί

2052 5991 2142 6048 μου
2168 6012 2191 6044 ,_
2217 5980 2282 6048 _ad
2325 5980 2830 6048 serienpAneL-essuria
2856 6021 2869 6045 ,
2925 5999 2953 6034 e
3001 5984 3182 6035 Savilio
3219 5980 3518 6048 iecépiunus.
3565 5980 3698 6038 Εωτ.

1924 6076 1949 6087 ς,
2061 6039 2083 6062 ⁸⁸
2103 6036 2303 6094 Quidam
2324 6043 2428 6089 τότε
2450 6044 2691 6105 λήψονται.
