4126 6366
406 370 513 427 429

406 490 600 561 λόγοςς
630 487 800 541 Τοῦτο
823 485 952 554 γοῦν
981 488 1163 551 αὐτοῖς
1189 489 1282 541 καὶ
1320 490 1556 557 ἐγκαλεῖ,
1601 489 1682 542 δτι
1718 486 2065 556 συγκαταϐά-

315 576 319 580 ”
407 594 544 641 σεως
590 577 796 630 δέονται
829 574 1106 643 διηνεκῶς.
1149 575 1363 646 Ἐπειδὴ
1402 577 1508 648 γὰρ
1559 576 1763 644 ἔλεγον,
1792 574 1904 631 Ἴδε
1947 573 2065 628 νῦν

403 666 710 735 παρρησίᾳ
749 664 976 727 λαλεῖς,
1025 664 1121 716 καὶ
1154 666 1475 733 παροιμίαν
1514 664 1799 734 οὐδεμίαν
1842 662 2060 731 λέγεις,

403 755 502 808 καὶ
530 754 618 806 διὰ
647 751 805 804 τοῦτο
851 752 1216 819 πιστεύομέν
1250 769 1378 806 σοι·
1422 753 1691 805 δείκνυσιν
1718 752 1800 804 ὅτι
1834 750 1948 814 νῦν,
1979 750 2069 802 ὅτε

404 842 769 903 πιστεύουσιν,
805 839 956 893 οὑπω
991 841 1355 903 πιστεύουσιν,
1399 842 1520 895 οὐδὲ
1560 841 1842 912 προσίεται
1888 838 2068 892 αὐτῶν

401 930 470 983 τά
503 931 742 1001 ῥήματα.
786 929 968 981 Ταῦτα
1007 930 1172 997 λέγει,
1221 932 1301 993 είς
1331 931 1515 1000 ἕτερον
1553 929 1749 991 αὐτοὺς
1771 928 2063 999 παραπέμ-

405 1035 522 1070 πων
551 1017 757 1085 καιρόν.
806 1016 880 1067 Τὸ
908 1017 983 1080 δέ,
1021 1016 1075 1068 Ὀ
1116 1017 1316 1084 Πατὴρ
1344 1017 1471 1085 μετ’
1508 1016 1653 1084 ἐμοῦ
1692 1016 1842 1075 ἐστι,
1870 1014 1935 1065 δι’
1965 1014 2065 1066 αὐ-

402 1104 528 1165 τοὺς
558 1102 722 1155 πάλιν
747 1101 982 1155 τέθεικε·
1012 1103 1167 1155 τοῦτο
1192 1103 1300 1174 γὰρ
1330 1104 1442 1157 ἀνω
1472 1104 1560 1157 καὶ
1590 1104 1740 1155 κάτω
1768 1100 2015 1153 ἐϐούλετο
2040 1113 2063 1140 ε

406 1190 615 1259 μαθεῖν.
648 1185 782 1242 Εἶτα
809 1189 1042 1253 δεικνὺς,
1068 1193 1148 1242 ὅτι
1178 1192 1238 1243 οὑ
1266 1192 1363 1261 τὴν
1392 1190 1598 1243 τελείαν
1618 1190 1816 1257 γνῶσιν
1856 1188 2069 1260 παρεδί-

400 1276 490 1329 δου
519 1277 700 1340 αὐτοῖς
724 1277 897 1331 ταῦτα
926 1278 1119 1346 λέγων,
1166 1278 1279 1331 ἀλλ’
1315 1277 1456 1330 ὥστε
1500 1279 1592 1331 τὸν
1629 1275 1780 1349 [468]
1810 1275 2066 1344 λογισμὸν

402 1367 583 1427 αὐτοῖς
626 1365 699 1436 μὴ
736 1364 1047 1427 στασιάζειν
1079 1365 1245 1435 (είκὸς
1274 1365 1381 1437 γάρ
1408 1366 1603 1427 αὐτοὺς
1628 1364 1940 1432 λογίζεσθαι
1970 1364 2064 1415 ἀν-

404 1453 651 1525 θρώπινά
676 1471 819 1514 τινα.
854 1455 947 1507 καὶ
980 1455 1060 1507 ὅτι
1094 1455 1349 1523 οὐδεμιᾶς
1395 1454 1758 1507 ἀπολαύσουσι
1798 1452 1926 1521 παρ’
1971 1452 2067 1504 αὐ-

401 1543 496 1595 τοῦ
536 1542 830 1611 βοηθείας),
882 1542 1032 1612 φησί·
1073 1542 1263 1596 Ταῦτα
1307 1542 1623 1610 λελάληκα
1657 1540 1818 1610 ὑμῖν,
1853 1541 1954 1593 ἵνα
1997 1539 2067 1591 ἐν

403 1628 531 1698 ἐμοὶ
557 1630 805 1696 εἰρήνην
837 1630 1043 1696 ἔχητε·
1092 1630 1386 1689 τουτέστιν,
1415 1630 1532 1682 Ἵνα
1581 1628 1653 1699 μὴ
1698 1627 1963 1697 ἐκϐάλητέ
1997 1643 2064 1696 με

399 1716 498 1785 τῆς
527 1715 763 1779 διανοίας
798 1716 971 1785 ὑμῶν,
1017 1716 1152 1769 ἀλλά
1201 1716 1596 1789 παραδέξησθε.
1649 1717 1740 1786 Μὴ
1772 1714 1947 1768 τοίνυν
1986 1716 2065 1777 εἰς

401 1801 575 1871 δόγμα
621 1819 702 1864 τις
730 1802 931 1855 ἐλκέτω
959 1802 1025 1855 τὰ
1051 1802 1315 1873 λεγόμενα
1335 1819 1348 1833 ·
1384 1804 1462 1865 είς
1486 1803 1592 1873 γὰρ
1623 1800 1893 1872 ἡμετέραν
1922 1802 2066 1871 εἴρη-

401 1905 491 1940 ται
519 1888 859 1959 παράκλησιν
905 1890 999 1939 καὶ
1047 1888 1286 1958 ἀγάπην.
1339 1888 1471 1941 Οὐδέ
1501 1889 1610 1956 γὰρ
1645 1888 1806 1957 μέχρι
1851 1888 2061 1946 τούτου,

403 1974 555 2044 φησὶ,
578 1974 797 2026 τοιαῦτα
823 1974 1108 2044 πάσχουσι·
1137 1977 1388 2043 στήσεται
1418 1976 1545 2044 ὑμῖν
1581 1976 1604 2012 ι)
1634 1974 1702 2026 τὰ
1725 1974 1830 2025 τῶν
1852 1972 2060 2026 δεινῶν·

402 2062 517 2114 ἀλλ’
552 2061 655 2124 ἓως
692 2060 756 2113 ἂν
789 2056 888 2130 ἦτε
925 2061 982 2113 ἐν
1014 2060 1090 2129 τῷ
1114 2061 1319 2130 κόσμῳ,
1349 2061 1525 2129 θλίψιν
1551 2061 1721 2125 ἕξετε,
1759 2061 1819 2112 οὐ
1846 2060 1939 2112 νῦν
1973 2060 2061 2112 ὅτε

412 2148 796 2218 παραδίδομαι,
839 2146 974 2200 ἀλλὰ
1016 2149 1108 2200 καὶ
1159 2148 1297 2217 μετά
1347 2148 1540 2202 ταῦτα.
1585 2147 1743 2200 Ἀλλὰ
1796 2149 2063 2216 ἀνάστητε

402 2236 479 2305 τῷ
512 2235 774 2305 λογισμῷ·
812 2234 964 2287 οὐδὲν
995 2236 1101 2305 γὰρ
1128 2235 1380 2288 πείσεσθε
1406 2235 1595 2288 δεινόν.
1635 2234 1740 2287 Τυῦ
1778 2236 1885 2305 γὰρ
1912 2235 2064 2287 Διδα-

404 2323 604 2376 σκάλου
637 2321 1054 2393 περιγενομένου
1088 2322 1194 2374 τῶν
1223 2322 1452 2393 ἐχθρῶν,
1485 2323 1545 2374 οὑ
1592 2322 1698 2392 χρὴ
1732 2322 1857 2384 τοὺς
1889 2322 2065 2392 μαθη-

399 2413 499 2474 τὰς
527 2410 728 2465 ἀλύειν.
762 2412 869 2464 Kal
902 2410 1017 2473 πῶς
1046 2411 1356 2481 νενίκηκας.
1382 2410 1503 2463 είπέ
1540 2428 1648 2481 μοι,
1700 2410 1791 2463 τὸν
1824 2412 2061 2481 κόσμον;

401 2496 567 2569 Εἶπον
597 2498 696 2569 μὲν
729 2498 830 2569 ήδη
868 2498 949 2551 ὅτι
977 2497 1067 2550 τὸν
1096 2497 1331 2568 ἄρχοντα
1361 2498 1523 2551 αὑτοῦ
1552 2497 1848 2551 κατέϐαλον
1878 2500 2059 2553 κάτω·

400 2586 612 2640 εἴσεσθε
641 2586 698 2638 δέ
729 2586 822 2639 καὶ
848 2585 1093 2657 ὕστερον,
1122 2586 1335 2640 πάντων
1355 2586 1608 2640 εἰκόντων
1628 2587 1756 2657 ὑμῖν
1774 2587 1865 2640 καὶ
1892 2603 2065 2663 παρα-

401 2674 743 2745 χωρούντων.

470 2853 541 2915 γν.
560 2845 773 2910 Ἔξεστι
796 2846 849 2898 δὲ
872 2846 966 2898 καὶ
989 2846 1120 2915 ἡμῖν
1138 2855 1161 2883 ο
1188 2846 1364 2916 νικᾷν,
1383 2844 1477 2898 ἐὰν
1499 2845 1836 2918 βουλώμεθα,
1861 2848 1941 2911 είς
1970 2847 2061 2901 τὸν

400 2934 642 3005 ἀρχηγὸν
673 2936 768 3003 τῆς
798 2934 1031 2996 πίστεως
1068 2932 1223 3003 ήμῶν
1249 2933 1589 3002 ἀφορῶντας,
1620 2935 1716 2988 καὶ
1743 2934 1945 3007 ταύτην
1974 2934 2064 3005 βα·

400 3020 646 3085 δίζοντας
670 3020 767 3090 τὴν
798 3020 935 3085 ὁδὸν,
972 3020 1035 3090 ἣν
1081 3020 1240 3082 αὐτὸς
1274 3022 1405 3092 ἡμῖν
1446 3021 1639 3093 ἔτεμεν
1671 3038 1685 3052 ·
1714 3022 1898 3087 Οὑτως
1943 3024 2063 3076 οὐδὲ

402 3107 630 3170 θάνατος
656 3105 779 3177 ήμῶ
856 3106 1159 3176 περιέσται.
1209 3108 1274 3160 Τί
1303 3104 1433 3173 οὖν;
1476 3109 1537 3160 οὐ
1577 3109 1925 3180 τεθνήξομεν,
1961 3127 2063 3181 φη-

402 3195 517 3259 σίν,
558 3193 665 3248 ἀπὸ
698 3194 806 3265 γάρ
837 3193 1026 3246 τούτου
1070 3193 1225 3265 δῆλον
1252 3196 1333 3248 ὅτι
1373 3196 1433 3248 οὐ
1462 3198 1763 3267 περιέσται.
1796 3199 1906 3251 Kal
1954 3200 2061 3269 μὴν

398 3281 519 3333 τότε
549 3283 576 3334 ὀ
602 3279 1003 3351 ἀνταγωνιστὴς
1032 3280 1182 3333 ἔσται
1212 3281 1483 3353 λαμπρὸς,
1521 3284 1619 3354 οὐχ
1666 3285 1794 3337 ὃταν
1828 3285 1901 3356 μὴ
1930 3302 2062 3356 συμ-

400 3369 580 3439 πλακῇ
605 3368 682 3439 τῷ
718 3367 915 3439 ἐχθρῷ,
947 3368 1060 3421 ἀλλ’
1093 3369 1220 3422 ὅταν
1248 3370 1587 3439 συμπλακεὶς
1627 3371 1701 3442 μὴ
1739 3374 2058 3444 κατέχηται.

401 3457 473 3509 Οὐ
500 3456 674 3509 τοίνυν
702 3454 788 3507 διὰ
815 3455 913 3526 τὴν
941 3455 1255 3526 συμπλοκὴν
1281 3455 1481 3527 θνητοὶ,
1500 3458 1634 3514 ἀλλά
1661 3460 1750 3515 διὰ
1779 3460 1876 3531 τὴν
1907 3461 2059 3532 νίκην

399 3542 673 3597 ἀθάνατοι.
706 3544 838 3595 Τότε
870 3543 978 3613 γὰρ
1011 3542 1076 3595 ἂν
1116 3537 1258 3612 ἦμεν
1288 3541 1491 3619 θνητοὶ,
1537 3550 1585 3601 εἰ
1626 3549 1890 3619 ἐμένομεν
1931 3551 2058 3619 παρ’

400 3637 546 3707 αὐτῷ
575 3629 852 3706 διηνεκῶς.
890 3629 1101 3705 Ὥσπερ
1137 3630 1229 3688 οὖν
1270 3636 1371 3688 οὐκ
1418 3636 1483 3689 ἂν
1527 3636 1733 3704 εἴποιμι
1758 3638 1825 3689 τά
1855 3653 2059 3707 μακρο-

402 3724 638 3776 ϐιώτατα
683 3722 792 3775 τῶν
835 3722 988 3786 ζώων
1026 3721 1287 3787 ἀθάνατα,
1321 3723 1495 3775 καίτοι
1522 3739 1585 3790 γε
1625 3722 1793 3775 πολὺν
1834 3723 2061 3792 μένοντα

400 3812 587 3882 χρόνον
618 3809 720 3876 ἔξω
758 3809 1009 3861 θανάτου·
1058 3808 1230 3873 οὑτως
1255 3809 1377 3863 οὐδέ
1406 3809 1616 3881 θνητὸν,
1643 3809 1730 3863 διὰ
1759 3809 1818 3862 τὸ
1843 3810 2061 3863 λύεσθαι

401 3899 637 3968 θανάτῳ,
688 3898 779 3951 τὸν
829 3897 1090 3967 μέλλοντα
1137 3896 1272 3968 μετά
1315 3897 1404 3949 τὸν
1448 3897 1676 3950 θάνατον
1716 3896 2054 3952 ἀνίστασθαι.

399 3986 537 4040 Εἰπέ
563 3987 675 4055 γάρ
704 4002 813 4054 μοι,
861 3985 914 4037 εῖ
946 4001 1029 4047 τις
1066 3984 1202 4057 πρὸς
1246 3984 1422 4051 ὀλίγον
1468 3984 1830 4055 ἐρυθριάσειε,
1873 3985 2059 4037 τοῦτον

399 4073 541 4126 οὑτω
569 4074 886 4143 καλέσωμεν
911 4070 1169 4141 διηνεκῶς
1199 4071 1422 4141 ἐρυθρόν
1452 4069 1509 4135 d;
1546 4070 1831 4140 Οὐδαμῶς·
1859 4073 1921 4124 οὑ
1951 4072 2060 4143 γάρ

400 4163 515 4216 ἐστι
540 4162 600 4214 τὸ
625 4162 856 4230 πρᾶγμα
881 4158 1009 4224 ἕξις.
1032 4158 1096 4211 Εἰ
1125 4174 1206 4219 τις
1237 4156 1411 4227 ὠχρὸς
1443 4158 1670 4225 γένοιτο,
1695 4157 1882 4211 τοῦτον
1914 4160 2058 4212 ἰκτε-

404 4249 602 4319 ριῶντα
630 4246 1034 4319 προσεροῦμεν;
1068 4243 1353 4315 Οὐδαμῶς·
1378 4246 1707 4318 πρόσκαιρον
1737 4247 1846 4318 γὰρ
1873 4246 1934 4299 τὸ
1958 4248 2062 4300 πά-

400 4335 509 4398 θος.
550 4334 758 4387 υύκοῦν
785 4333 905 4387 οὐδὲ
950 4331 1140 4402 θνητὸν
1183 4331 1431 4395 καλέσεις
1472 4333 1562 4385 τὸν
1600 4336 1657 4386 ἐν
1692 4333 1857 4404 ὀλίγῳ
1884 4335 2061 4405 χρόνῳ

399 4421 686 4490 γενόμενον
716 4423 772 4474 ἐν
800 4418 1013 4490 θανάτῳ
1034 4434 1047 4448 ·
1080 4420 1201 4472 ἐπεὶ
1234 4420 1327 4472 καὶ
1357 4421 1482 4482 τοὺς
1505 4419 1863 4484 καθεύδοντας
1888 4420 2059 4486 οὑτως

398 4507 648 4580 ἐροῦμεν·
680 4506 975 4577 τεθνήκασι
1006 4505 1135 4578 γὰρ,
1159 4507 1232 4569 ὼς
1264 4509 1459 4571 εἰπεῖν,
1495 4508 1587 4561 καὶ
1613 4509 1749 4561 εἰσὶν
1770 4509 2059 4581 ἀνενέργη-

397 4613 501 4649 τοι.
540 4595 701 4649 Ἀλλά
744 4595 955 4665 φθείρει
994 4594 1062 4647 τὰ
1096 4594 1349 4664 σώματα;
1391 4596 1499 4648 Kal
1533 4596 1583 4648 τί
1623 4596 1813 4662 τοῦτο;
1854 4599 1912 4651 οὑ
1949 4599 2058 4671 γάρ

400 4683 485 4735 ἵνα
517 4684 573 4735 ἐν
607 4681 781 4751 φθορᾷ
817 4680 996 4754 μείνῃ,
1038 4680 1152 4735 ἀλλ’
1181 4681 1268 4735 ἵνα
1296 4680 1487 4750 βελτίω
1520 4683 1763 4753 γένηται.
1802 4683 2058 4753 Νικήσω-

401 4788 501 4841 μεν
530 4770 707 4823 τοίνυν
736 4770 825 4822 τὸν
855 4770 1078 4840 κόσμον,
1113 4768 1248 4839 πρὸς
1276 4768 1569 4821 ἀθανασίαν
1588 4769 1902 4841 δράμωμεν,
1925 4772 2057 4824 ἀκο-

397 4858 747 4928 λουθήσωμεν
765 4856 842 4925 τῷ
870 4855 1097 4927 βασιλεῖ,
1124 4857 1408 4927 στήσωμεν
1426 4856 1570 4927 αὐτῷ
1593 4858 1872 4929 τρόπαιον,
1896 4876 2061 4912 κατα-

399 4948 752 5017 φρονήσωμεν
777 4944 941 4997 αὐτοῦ
962 4944 1068 4997 τῶν
1090 4944 1311 5015 ἡδονῶν.
1344 4945 1453 4997 Kal
1468 4946 1527 4997 οὐ
1553 4946 1633 4998 δεῖ
1654 4946 1849 4999 πόνων·
1891 4964 2056 5018 μετα-

399 5034 579 5103 θῶμεν
613 5032 711 5101 τὴν
747 5033 923 5103 ψυχὴν
954 5034 1086 5104 πρὸς
1123 5031 1212 5083 τὸν
1244 5031 1468 5099 οὐρανὸν
1502 5043 1547 5093 θ,
1589 5033 1681 5085 καὶ
1718 5033 1992 5103 νενίκηται
2027 5036 2056 5087 ὀ

398 5124 601 5192 κόσμος
631 5122 795 5184 ἄπας.
822 5123 916 5172 “Av
952 5120 1027 5190 μή
1059 5118 1400 5189 ἐπιθυμήσῃς
1439 5118 1623 5178 αὑτοῦ,
1647 5120 1954 5190 νενίκηται·
1988 5121 2055 5174 ἂν

398 5209 777 5278 καταγελάσῃς
819 5207 1001 5271 αὐτὸν,
1040 5206 1288 5276 ἥττηται.
1324 5205 1473 5258 Ξένοι
1506 5207 1671 5274 ὲσμέν
1697 5208 1789 5261 καὶ
1819 5209 2053 5279 παρεπί-

396 5297 578 5367 δημοι·
614 5297 802 5366 μηδενὶ
823 5295 1001 5347 τοίνυν
1032 5293 1140 5345 τῶν
1167 5292 1422 5364 λυπηρῶν
1450 5294 1720 5363 ἀλγῶμεν.
1768 5296 1899 5347 Οὐδέ
1924 5297 2051 5365 γάρ,

396 5386 446 5435 εί
486 5383 736 5453 πατρίδος
768 5382 1057 5451 γενόμενος
1090 5381 1346 5451 λαμπρᾶς
1388 5381 1482 5433 καὶ
1522 5382 1798 5451 προγόνων
1825 5399 2054 5452 περιφαι

396 5469 523 5533 νῶν,
570 5471 648 5533 είς
695 5468 912 5539 μακράν
941 5485 1063 5521 τινα
1102 5468 1205 5536 γῆν
1252 5467 1511 5538 ἀπῆλθες,
1549 5469 1734 5539 μηδενὶ
1780 5469 2052 5540 γνώριμος

396 5556 492 5620 ὣν,
524 5557 657 5627 μηδέ
687 5557 880 5619 παῖδας
909 5555 1066 5626 ἔχων,
1111 5554 1243 5625 μηδὲ
1274 5555 1520 5617 πλοῦτον,
1562 5554 1679 5608 εἶτά
1704 5574 1786 5617 τις
1810 5555 2051 5625 ὑϐρισεν,

397 5641 638 5711 ήλγησας
660 5642 726 5696 ἂν
747 5643 822 5705 ὡς
848 5642 984 5695 οἶκοι
1008 5641 1180 5695 ταῦτα
1211 5642 1419 5697 παθών.
1450 5643 1523 5695 Τὸ
1553 5640 1701 5712 [469]
1725 5643 1831 5712 γὰρ
1856 5642 2051 5695 εἰδέναι

399 5728 604 5794 σαφῶς,
638 5731 719 5781 ὅτι
748 5731 805 5780 ἐν
832 5728 956 5800 ξένῃ
985 5730 1079 5783 καὶ
1117 5728 1368 5800 ἀλλοτρία¹
1393 5724 1461 5792 εἴ,
1486 5730 1660 5782 πάντα
1688 5731 1871 5800 φέρειν
1892 5730 2049 5781 εὐκό-

463 5920 625 5987 "_$_a_vil
664 5923 929 5987 ἐϐούλοντο.
993 5925 1207 5974 bum-el.
1244 5928 1410 5985 στήσω
1448 5927 1571 5987 ὑμῖν.

534 5928 625 5990 iivil
664 5928 929 5990 ἐϐούλοντο.
993 5928 1207 5990 illm-el:
1244 5928 1410 5985 στήσω
1448 5928 1571 5990 ὑμῖν.
1640 5930 1662 5957 ο
1687 5928 1883 5976 Αιὶἱκαὶ
1906 5931 2047 5990 ἡμᾶς.

406 5973 435 6012 d
468 5980 562 6027 Alii
606 5991 711 6039 post
749 5985 935 6045 ἐρυθρόν
969 5973 1303 6037 ιαάυιιιεῑναι.

1376 5991 1399 6018 ⁸
1421 5988 1622 6046 Quidam
1649 5990 1711 6044 ek
1730 5991 1810 6037 τὸν
1832 5988 2047 6053 οὐρανόν.

1209 370 1267 427 S.
1305 369 1593 426 JOANNIS
1629 367 2119 426 CHRYSOSTOMI
2156 369 2473 427 ARCHIEP.
2510 370 3055 428 CONSTANTINOP.

3716 376 3819 429 130

2172 486 2279 550 λως
2314 489 2516 555 ἔπειθε,
2548 491 2643 545 καὶ
2692 490 2753 544 τὸ
2792 489 3244 562 καταφρονεῖσθαι
3272 489 3365 544 καὶ
3401 491 3463 544 τὸ
3504 494 3691 560 πεινῇν
3729 490 3822 544 καὶ

2170 573 2348 645 διψῇν,
2378 578 2556 630 καὶτὸ
2583 577 2759 631 ὁτιοῦν
2792 577 3003 632 παθεῖν.
3034 577 3201 631 Τοῦτο
3238 576 3449 645 λόγισαι
3482 579 3575 633 καὶ⁸
3604 578 3716 643 νῦν,
3737 581 3819 632 δτι

2172 660 2317 726 ξένος
2368 659 2421 716 εἴ
2471 666 2565 718 καὶ
2610 665 3007 736 παρεπίδημος,
3058 666 3152 717 καὶ
3196 665 3359 736 μηδέν
3399 682 3456 717 σε
3498 665 3606 717 τῶν
3649 667 3706 717 ἐν
3753 667 3819 736 τῇ

2176 750 2301 823 ξένῃ
2328 751 2499 824 ταύτῃ
2520 751 2831 822 θορυϐείτω.
2876 753 2987 805 Kal
3027 752 3136 823 γὰρ
3173 752 3324 805 πόλιν
3351 753 3513 821 έχεις,
3550 748 3617 823 ἧς
3642 754 3820 823 τεχνί-

2163 853 2263 907 της
2309 840 2402 891 καὶ
2450 840 2779 909 δημιουργὸς
2817 841 2845 892 ὀ
2889 840 3038 900 Θεός·
3095 842 3127 910 ἡ
3171 839 3228 891 δὲ
3264 839 3283 877 τ
3322 840 3647 910 παροίκησις
3682 839 3818 911 αὕτη

2165 925 2301 995 πρὸς
2326 926 2497 997 βραχὺ
2528 927 2737 995 γίνεται
2769 926 2862 979 καὶ
2892 927 3090 994 ὀλίγον.
3122 928 3179 979 Ὀ
3204 926 3523 997 βουλόμενος
3547 928 3817 989 τυπτέτω,

2165 1014 2451 1084 ὑϐριζέτω,
2480 1015 2807 1085 λοιδορείτω.
2841 1015 2929 1067 Ἐν
2956 1014 3078 1085 ξένῃ
3109 1014 3297 1080 ἐσμὲν,
3333 1016 3427 1068 καὶ
3458 1014 3691 1077 εὐτελῶς
3718 1013 3820 1077 ζῶ-

2167 1116 2285 1169 μεν.
2322 1101 2393 1153 Τὸ
2423 1100 2531 1171 γὰρ
2559 1102 2750 1164 δεινὸν,
2780 1103 2872 1153 ἐπὶ
2904 1103 3001 1170 τῆς
3033 1102 3287 1171 πατρίδος
3311 1101 3467 1154 τοῦτο
3490 1101 3704 1161 παθεῖν,
3727 1101 3818 1152 ἐπὶ

2163 1185 2269 1239 τῶν
2299 1187 2561 1240 πολιτῶν·
2593 1188 2713 1240 τότε
2751 1190 2784 1258 ή
2836 1189 3063 1258 μεγίστη
3100 1188 3450 1258 ἀσχημοσύνη
3491 1188 3585 1239 καὶ
3626 1185 3817 1254 ζημία.

2176 1274 2300 1326 Ἐάν
2328 1274 2384 1327 δὲ
2486 1292 2571 1338 τις
2617 1275 2745 1328 ἔνθα
2784 1277 2985 1345 μηδένα
3008 1275 3280 1346 γνώριμον
3314 1274 3430 1347 ἔχῃ,
3462 1276 3639 1327 πάντα
3668 1273 3819 1325 εὐκό-

2162 1360 2268 1425 λως
2315 1362 2622 1428 ὑφίσταται.
2666 1363 2731 1415 Ἢ
2776 1363 2887 1433 γὰρ
2931 1362 3087 1433 ὕϐρις
3129 1362 3236 1415 ἀπὸ
3286 1362 3387 1431 τῆς
3436 1362 3658 1433 γνώμης
3712 1361 3818 1412 τῶν

2163 1448 2490 1517 ὑϐριζόντων
2522 1449 2875 1520 χαλεπωτέρα
2897 1450 3122 1516 γίνεται.
3156 1444 3299 1511 Οἶον,
3330 1450 3422 1502 ἐάν
3446 1467 3529 1512 τις
3557 1448 3710 1510 εἰδὼς
3731 1448 3819 1499 τὸν

2163 1534 2407 1605 ὕπαρχον
2436 1534 2563 1588 ὅντα
2590 1534 2834 1606 ὕπαρχον
2866 1535 3082 1606 ὑϐρίσῃ,
3117 1535 3237 1587 τότε
3263 1537 3295 1605 ή
3329 1534 3482 1606 ὕϐρις
3511 1535 3695 1604 πικρά·
3726 1533 3819 1585 ἐὰν

2160 1622 2217 1674 δέ
2254 1623 2467 1693 ἰδιώτην
2506 1622 2734 1691 νομίσας
2775 1623 2992 1694 ὑϐρίσῃ,
3035 1624 3155 1676 οὐδέ
3188 1622 3427 1691 ἅψασθαι
3470 1622 3688 1675 δύναται
3725 1620 3816 1673 τοῦ

2160 1711 2332 1764 ταῦτα
2361 1714 2678 1781 πάσχοντος.
2712 1711 2865 1765 Οὑτω
2898 1712 2962 1779 δὴ
2986 1712 3079 1764 καὶ
3107 1714 3269 1781 ἡμεῖς
3299 1709 3662 1780 λογισώμεθα.
3686 1709 3819 1761 Οὐδὲ

2160 1800 2267 1870 γὰρ
2299 1801 2476 1852 ἴσασιν
2504 1800 2640 1869 ὅπερ
2666 1799 2829 1869 ἐσμὲν
2858 1800 2907 1850 οἱ
2932 1798 3204 1869 ὑϐρισταὶ,
3239 1793 3349 1851 οἷον
3366 1801 3448 1851 ὃτι
3479 1798 3690 1851 πολῖται
3712 1796 3817 1847 τῶν

2159 1886 2424 1956 οὐρανῶν,
2467 1885 2559 1937 καὶ
2600 1886 2679 1947 είς
2726 1885 2823 1955 τὴν
2849 1885 2962 1938 ἀνω
2991 1885 3470 1955 ἀπογεγραμμένοι
3504 1893 3529 1932 ε
3560 1883 3811 1953 πατρίδα,

2160 1974 2254 2025 καὶ
2283 1972 2391 2024 τῶν
2426 1971 2704 2041 Χερουϐίμ
2728 1973 2892 2041 ἐσμεν
2927 1971 3299 2041 συγχορευταί.
3335 1971 3423 2041 Μὴ
3446 1972 3620 2024 τοίνυν
3641 1968 3818 2036 ἀλγῶ-

2165 2076 2284 2128 μεν,
2329 2058 2461 2126 μηδὲ
2491 2057 2647 2128 ὓϐριν
2673 2056 2935 2127 ἡγώμεθα
2966 2058 3063 2128 τὴν
3096 2058 3271 2128 ὓϐριν.
3299 2059 3361 2111 EE
3390 2054 3696 2127 ἐγνώριζον,
3719 2056 3817 2107 οὐκ

2160 2145 2226 2198 ἂν
2261 2145 2507 2215 ὕϐρισαν.
2541 2144 2699 2197 ’Λλλά
2726 2146 2972 2214 πτωχοὺς
3000 2145 3093 2197 καὶ
3118 2146 3354 2207 εὐτελεῖς
3382 2145 3690 2215 νομίζουσι;
3726 2142 3817 2213 Μὴ

2159 2234 2337 2284 τοίνυν
2374 2232 2506 2303 μηδὲ
2544 2234 2702 2302 ήμεῖς
2728 2231 2935 2301 ταύτην
2965 2232 3122 2302 ὓϐριν
3165 2233 3492 2303 νομίζωμεν.
3544 2232 3679 2284 Είπέ
3710 2232 3816 2302 γάρ

2164 2336 2276 2390 μοι,
2300 2320 2353 2371 εί
2372 2336 2454 2382 τις
2481 2319 2773 2390 ὁδοιπορῶν
2799 2319 2988 2382 παῖδας
3020 2321 3146 2382 τοὺς
3179 2321 3343 2375 αὑτοῦ
3375 2320 3605 2387 φθάσας,
3640 2318 3815 2387 ὀλίγον

2159 2406 2433 2478 διάστημα
2470 2409 2528 2460 ἐν
2566 2406 2866 2476 πανδοκείῳ
2900 2407 3189 2471 ἐκαθέζετο
3227 2408 3536 2478 περιμένων
3576 2407 3772 2469 αὐτούς
3798 2424 3813 2439 ·

2160 2491 2276 2547 εἶτα
2307 2497 2334 2547 ὀ
2367 2495 2689 2565 πανδοχεὺς,
2722 2496 2754 2564 ἢ
2787 2493 2894 2547 τῶν
2928 2495 3221 2564 ὁδοιπόρων
3264 2513 3377 2559 τις,
3418 2496 3628 2563 ἀγνοῶν
3669 2496 3816 2556 ὅστις

2160 2579 2228 2633 ἂν
2257 2581 2364 2650 εἴη,
2393 2581 2739 2653 δυσχεράνειε
2774 2581 2908 2652 πρὸς
2948 2583 3155 2635 ἐκεῖνον
3184 2582 3278 2635 καὶ
3307 2582 3663 2653 λοιδορηθείη·
3707 2577 3815 2651 ἆρα

2158 2671 2219 2723 οὑ
2259 2671 2547 2739 γελάσεται
2588 2672 2686 2741 τὴν
2729 2672 2952 2739 ἄγνοιαν
2996 2671 3235 2736 ἐκείνους
3287 2672 3347 2724 οὑ
3384 2671 3572 2742 τέρψει
3618 2671 3813 2741 μᾶλλον

2158 2757 2318 2810 αὐτὸν
2347 2760 2380 2827 ή
2408 2759 2614 2828 πλάνης
2657 2760 2755 2811 οὐκ
2785 2760 3130 2830 ἐντρυφήσει,
3162 2758 3235 2821 ὡς
3281 2758 3440 2813 ἄλλου
3480 2759 3624 2821 τινὸς
3666 2758 3813 2829 ὑϐρι-

2160 2841 2414 2914 ζομένου;
2474 2844 2629 2898 Οὑτω
2679 2846 2775 2899 καὶ
2822 2848 2985 2916 ἡμεῖς
3037 2845 3384 2915 πράττωμεν.
3444 2846 3552 2899 Kal
3603 2845 3714 2916 γὰρ
3756 2848 3813 2898 ἐν

2159 2932 2456 3001 πανδοχείῳ
2510 2932 2797 3004 καθήμεθα
2849 2933 3228 3004 περιμένοντες
3287 2934 3413 2997 τοὺς
3451 2933 3753 3004 ἡμετέρους
3784 2933 3811 2974 Ιι

2157 3020 2283 3082 τοὺς
2330 3020 2611 3084 ὁδεύοντας
2647 3021 2747 3092 τὴν
2783 3020 2900 3074 ὁδὸν
2947 3020 3170 3091 ταύτην.
3227 3023 3392 3075 Ὅταν
3431 3021 3568 3091 ὀμοὺ
3613 3021 3810 3084 πάντες

2157 3108 2463 3177 γενώμεθα,
2504 3110 2623 3162 τότε
2654 3109 2890 3163 εἴσονται
2939 3108 3088 3172 τίνας
3127 3109 3457 3181 ὑϐρίζουσιν.
3499 3104 3658 3164 Οὗτοι
3694 3110 3812 3163 τότε

2158 3195 2306 3247 κάτω
2345 3196 2579 3260 νεύουσι,
2618 3198 2739 3249 τότε
2799 3194 3033 3266 ἐροῦσιν·
3074 3188 3241 3260 Οὗτός
3284 3197 3432 3251 ἐστιν
3478 3196 3537 3251 ὀν
3584 3196 3814 3267 ἔσχομεν

2158 3284 2316 3353 ἡμεῖς
2352 3285 2401 3335 οἱ
2440 3283 2673 3353 ἄφρονες
2708 3285 2789 3347 είς
2825 3282 3061 3352 γέλωτα.

2229 3456 2291 3509 δ’.
2323 3455 2426 3508 Δύο
2458 3458 2637 3509 τοίνυν
2667 3456 2875 3520 τούτοις
2913 3457 3433 3529 παραμυθησώμεθα
3468 3458 3709 3524 ἐαυτοὺς,
3730 3460 3813 3513 ’ὁτι

2158 3565 2214 3599 τε
2248 3550 2407 3617 ἡμεῖς
2434 3550 2529 3617 οὐχ
2553 3547 2885 3619 ὑϐριζόμεθα
2914 3550 2994 3617 (οὐ
3024 3550 3132 3622 γάρ
3168 3550 3345 3604 ῐσασιν
3377 3552 3571 3616 οἵτινές
3602 3554 3809 3621 ἐσμενδ,

2158 3638 2251 3688 καὶ
2275 3638 2377 3693 ὅτι.
2410 3636 2509 3688 κάν
2542 3636 2857 3705 βουλώμεθα
2884 3636 3039 3707 δίκην
3066 3637 3269 3701 λαϐεῖν,
3299 3638 3559 3692 δώσουσιν
3586 3638 3812 3710 ὕστερον

2158 3725 2565 3793 χαλεπωτάτην.
2615 3723 2772 3777 Ἀλλά
2822 3724 2896 3794 μὴ
2938 3724 3144 3792 γένοιτό
3176 3742 3298 3779 τινα
3333 3725 3503 3789 οὑτως
3528 3726 3685 3797 ὠμὴν
3719 3728 3815 3780 καὶ

2159 3811 2520 3871 ἀπάνθρωπον
2559 3810 2700 3880 ἔχειν
2721 3812 2920 3881 ψυχήν.
2947 3812 3011 3866 Τί
3038 3807 3153 3874 οὖν,
3192 3812 3258 3865 ἂν
3288 3813 3439 3882 παρά
3467 3813 3575 3866 τῶν
3604 3814 3808 3884 ὁμοφύ-

2159 3901 2265 3952 λων
2295 3897 2681 3968 ύῦριζώμεθα;
2726 3897 2884 3952 τοῦτο
2920 3898 3029 3969 γάρ
3067 3900 3181 3951 ἐστι
3228 3901 3289 3951 τὸ
3327 3901 3602 3970 φορτικόν.
3643 3900 3813 3954 Τοῦτο

2162 3986 2261 4055 μὲν
2287 3982 2378 4039 οὖν
2408 3987 2522 4037 ἐστι
2561 3984 2622 4036 τὸ
2668 3984 2883 4053 κοῦφον.
2925 3985 2989 4038 Τί
3022 3985 3248 4056 δήποτε;
3295 3986 3416 4039 Ὅτι
3466 3987 3564 4056 οὐχ
3612 3988 3811 4057 ὁμοίως

2156 4075 2282 4137 τοὺς
2316 4074 2709 4143 ἀγαπωμένους
2759 4072 3075 4145 ὑϐρίζοντας
3112 4074 3369 4145 φέρομεν,
3424 4075 3518 4127 καὶ
3570 4076 3665 4139 οὒς
3714 4077 3812 4127 οὐκ

2160 4163 2337 4230 ἴσμεν.
2373 4160 2554 4214 Ταῦτα
2583 4160 2732 4228 γοῦν,
2781 4160 3223 4234 παρακαλοῦντες
3263 4163 3388 4226 τοὺς
3429 4162 3810 4232 ὑϐρισμένους,

2158 4246 2386 4317 λέγομεν
2430 4247 2499 4300 τὰ
2542 4248 2760 4318 ῥήματα
2798 4248 3077 4311 πολλάκις·
3130 4248 3377 4316 Ἀδελφός
3414 4250 3559 4301 ἐστιν
3597 4250 3626 4301 ὀ
3664 4250 3813 4319 ὑϐρι-

2159 4335 2291 4401 κὼς,
2349 4338 2480 4407 φέρε
2524 4337 2804 4405 γενναίως·
2844 4338 3028 4407 πατήρ
3074 4338 3213 4397 ἐστι,
3255 4337 3398 4400 θεῖός
3440 4339 3610 4390 ἐστιν.
3652 4338 3713 4390 Εί
3757 4338 3811 4390 δὲ

2157 4424 2251 4478 τοὺ
2286 4425 2513 4494 ἀδελφοῦ
2545 4424 2639 4477 καὶ
2662 4424 2868 4493 πατρὸς
2901 4424 2962 4477 τὸ
2984 4424 3153 4494 ὄνομα
3182 4424 3435 4489 δυσωπεῖ,
3472 4424 3652 4494 πολλῷ
3677 4426 3810 4494 μᾶλ-

2157 4515 2294 4568 λονί
2333 4515 2399 4567 ἂν
2447 4514 2584 4566 εἴπω
2628 4513 2831 4567 τούτων
2882 4513 3267 4584 γνησιώτερον.
3323 4514 3396 4565 Οὐ
3446 4512 3556 4583 γάρ
3592 4513 3812 4581 ἀδελφοὶ

2160 4603 2318 4674 μόνον
2343 4602 2591 4671 ἀλλήλοις
2622 4601 2807 4671 ἐσμὲν,
2855 4601 2988 4653 ἀλλά
3017 4601 3111 4655 καὶ
3144 4600 3276 4670 μέλη
3319 4600 3409 4653 καὶ
3452 4600 3611 4670 σῶμα
3638 4601 3716 4654 ἐν.
3750 4602 3813 4653 El

2155 4689 2213 4742 δέ
2241 4689 2332 4742 τοῦ
2374 4687 2602 4757 ἀδελφοῦ
2633 4688 2802 4758 ὄνομα
2848 4688 3105 4748 δυσωπεῖ,
3150 4686 3329 4756 πολλῷ
3383 4686 3581 4756 μᾶλλον
3614 4688 3674 4739 τὸ
3718 4687 3812 4739 τοῦ

2158 4777 2368 4845 μέλους.
2411 4778 2523 4829 Οὐκ
2560 4776 2795 4846 ἡκούσας
2823 4775 2919 4843 τῆς
2958 4773 3061 4837 ἔξω
3095 4774 3390 4844 παροιμίας
3415 4773 3699 4844 λεγούσης,
3731 4776 3814 4827 ὅτι

2154 4863 2235 4915 δεῖ
2289 4865 2414 4926 τοὺς
2470 4862 2656 4931 φίλους
2698 4862 2834 4931 μετά
2879 4861 2985 4913 τῶν
3041 4860 3433 4931 ἐλαττωμάτων
3492 4860 3665 4929 ἕχειν;
3712 4862 3813 4912 οὐκ

2155 4952 2392 5022 ἤκουσας
2428 4952 2639 5005 Παύλου
2667 4951 2935 5017 λέγοντος,
2958 4948 3106 5020 [470]
3131 4950 3530 5015 δτιἈλλήλων
3548 4950 3618 5002 τὰ
3644 4949 3811 5017 ,βάρη

2148 5039 2512 5104 ,ϐαστάζετε;
2564 5038 2660 5107 οὐχ
2719 5038 2849 5106 ὁρᾷς
2893 5038 3017 5097 τοὺς
3072 5036 3345 5105 ἐρῶντας;
3408 5034 3811 5105 Ἀναγκάζομαι

2153 5127 2281 5197 γὰρ,
2308 5125 2492 5195 ἐπειδὴ
2521 5124 2613 5193 ἀφ’
2644 5123 2797 5192 ὑμῶν
2825 5122 2885 5175 τὸ
2916 5121 3264 5191 παράδειγμα
3288 5125 3433 5191 σχεῖν
3468 5122 3567 5174 οὐκ
3592 5122 3808 5191 ἔχομεν,

2152 5218 2238 5269 ἐπ’
2266 5215 2479 5284 ἐκείνην
2508 5214 2605 5282 τὴν
2646 5211 2899 5265 ὑπόθεσιν
2946 5211 3037 5261 τὸν
3077 5210 3232 5277 λόγον
3270 5211 3519 5278 ἀγαγεῖν.
3559 5211 3709 5262 Π·.ιεῖ
3754 5210 3811 5261 δὲ

2152 5306 2282 5357 αὐτὸ
2331 5303 2425 5356 καὶ
2457 5303 2485 5353 ὀ
2521 5298 2725 5362 Παῦλος
2758 5297 2896 5351 οὕτω
2945 5298 3139 5364 λέγων·
3196 5294 3339 5351 Εἶτα
3368 5297 3507 5362 τοὺς
3539 5296 3656 5365 μὲν
3702 5296 3814 5362 τῆς

2151 5390 2376 5456 σαρκὸς
2409 5385 2577 5456 ἡμῶν
2615 5385 2868 5456 πατέρας
2898 5386 3138 5452 εἴχομεν·
3194 5385 3516 5447 παιδευτὰς
3538 5424 3552 5445 ,
3588 5383 3686 5436 καὶ
3719 5385 3817 5435 ἑν-

2150 5477 2510 5543 ετρεπόμεθα
2535 5472 2580 5526 i.
2631 5472 2846 5527 Μᾶλλον
2883 5472 2935 5523 δὲ
2977 5474 3151 5524 έκεῖνο
3198 5472 3578 5542 εὐκαιρότερον
3607 5472 3813 5527 εἰπεῖν,

2152 5562 2336 5631 φησὶν,
2370 5563 2506 5631 ὅπερ
2546 5558 2855 5629 Ῥωμαίοις·
2897 5559 3141 5625 Ὠσπερ,
3195 5557 3347 5627 φησὶ,
3391 5556 3817 5624 παρεστήσατε

2239 5744 2258 5782 τ
2281 5745 2449 5793 Morel.
2476 5746 2514 5806 εἰ
2540 5744 2606 5809 δέ.
2676 5743 2701 5781 Β
2722 5740 2816 5789 Alii
2841 5741 3182 5809 ἀπενροῑςξημεν.
3272 5739 3297 5777 1³
3316 5741 3481 5809 Ῡθῐςδρ
3515 5741 3625 5795 τοὺς
3647 5742 3820 5809 ἡμετέ-

2179 5823 2274 5861 ους,
2300 5814 2351 5853 ul
2372 5803 2687 5867 qua’oplime
2708 5816 2903 5867 sensum
2931 5800 3196 5867 p§rlici§ml_.
3242 5816 3271 5867 ς
3312 5800 3494 5867 Savijio
3516 5804 3817 5867 recepimus.

2178 5860 2285 5914 ῑιιιτ.
2341 5860 2715 5925 Νιϊὺιίπολλῷ
2738 5864 2911 5922 μᾶλλον
2935 5862 3061 5925 idem
3082 5860 3386 5925 dedilﬁavil.
3420 5863 3531 5925 Mox
3558 5860 3648 5923 pro
3669 5864 3821 5925 ἀλλή-

2149 5928 2246 5980 λοις
2266 5925 2482 5975 nonnulli
2498 5922 2928 5986 Ιιαίιειιιᾶλὶήλων.
2948 5922 3076 5972 Ευιτ.
3127 5923 3140 5973 i
3163 5922 3259 5975 Alii
3276 5925 3357 5972 καὶ
3382 5924 3470 5973 οὐκ
3481 5922 3819 5986 ἐντρεπόμεθα,

2152 5994 2206 6035 et
2225 5991 2297 6037 sic
2323 5989 2445 6049 legit
2474 5985 2719 6046 interpres
2746 5984 2959 6031 Lalimls.

2120 6060 2155 6077 κ
