4126 6366
295 361 397 416 429

295 494 392 528 non
414 487 486 529 est
509 492 636 545 opus
657 475 763 541 tibi,
781 485 839 529 ut
858 475 970 545 quis
991 484 1039 530 te
1054 474 1344 546 interroget.
1370 475 1424 531 Id
1447 486 1548 541 est,
1571 478 1871 548 Antequam

295 566 478 622 audias
498 609 513 633 ,
565 568 714 622 vides
745 568 872 636 quid
922 583 1023 622 nos
1054 568 1364 637 perturbet,
1397 578 1453 623 et
1481 573 1736 624 recreasti
1777 586 1875 625 nos

296 659 542 724 dicendo,
577 658 735 714 Pater
752 676 836 714 vos
861 671 998 713 amat
1013 701 1029 728 ,
1053 661 1170 730 quia
1195 676 1282 715 vos
1301 677 1380 715 me
1398 663 1624 717 amastis.
1653 662 1779 717 Post
1799 670 1879 717 tot.

296 761 350 806 et
372 762 540 816 tanta,
580 762 706 806 tunc
735 751 946 807 tandem
973 753 1178 814 dicunt.
1193 751 1347 807 Nunc
1367 753 1553 824 scimys
1573 752 1750 825 (Joan.
1783 753 1869 809 16.

295 844 409 912 50).
435 845 620 900 Viden‘
649 861 810 916 quam
840 846 1005 902 rudes
1032 844 1206 902 adhuc
1234 846 1455 902 essent?
1481 846 1685 902 Deinde
1713 847 1835 917 quia
1858 888 1872 912 ,

293 952 391 990 ceu
404 939 604 1006 gratias
618 946 859 1008 agentes,
877 939 1082 1005 dicunt,
1092 938 1144 992 N
1147 954 1247 993 unc
1261 940 1463 1004 scimus,
1483 939 1557 994 ait
1575 939 1685 1004 ille,
1700 938 1876 993 Multis

294 1029 415 1084 aliis
456 1043 591 1099 opus
628 1030 834 1085 habetis
859 1071 874 1097 ,
903 1039 964 1086 ut
990 1031 1373 1101 perfectionem
1399 1031 1710 1101 attingatis:
1743 1030 1876 1084 nihil

293 1121 468 1176 adhuc
492 1137 522 1176 a
545 1123 697 1178 vobis
718 1123 1012 1193 perfectum
1038 1133 1140 1180 est.
1166 1123 1318 1180 Nunc
1347 1126 1506 1195 igitur
1533 1140 1621 1180 me
1645 1125 1876 1179 inimicis

294 1212 520 1267 tradetis
540 1256 555 1280 ,
584 1222 638 1268 et
664 1223 807 1269 tanta
834 1231 930 1271 vos
972 1216 1189 1271 invadet
1214 1216 1445 1270 formido
1466 1257 1479 1280 ,
1510 1225 1571 1270 ut
1599 1231 1771 1285 neque
1799 1217 1875 1270 si-

291 1308 402 1362 mul
431 1306 722 1364 abscedere
748 1309 982 1378 possitis.
1017 1308 1124 1364 Sed
1149 1309 1281 1364 nihil
1309 1309 1436 1364 hinc
1453 1323 1554 1379 ego
1578 1308 1757 1363 damni
1777 1323 1875 1377 pa-

291 1399 416 1452 tiar.
443 1397 630 1453 Viden'
645 1399 914 1469 quomodo
935 1414 1145 1454 rursum
1162 1407 1548 1469 attemperatus
1567 1413 1747 1454 sermo
1770 1398 1876 1453 sit?

292 1490 405 1545 Hac
430 1504 559 1560 ergo
584 1489 651 1544 de
682 1504 742 1544 re
781 1489 902 1544 illos
947 1497 1197 1557 accusat,
1225 1488 1366 1559 quod
1411 1498 1669 1559 perpetuo
1701 1489 1876 1543 indul-

290 1582 469 1650 gentia
501 1596 634 1650 opus
666 1581 946 1636 haberent.
981 1581 1114 1635 Cum
1145 1582 1288 1635 enim
1320 1581 1596 1648 dicerent,
1624 1581 1715 1636 29.
1746 1581 1876 1637 Ecce

291 1687 428 1725 nunc
455 1673 627 1743 palam
658 1672 876 1742 loqueris
902 1713 916 1736 ,
951 1679 996 1724 et
1024 1672 1340 1739 proverbium
1367 1671 1566 1725 nullum
1595 1673 1721 1726 dicis
1739 1713 1754 1736 ,
1784 1673 1873 1727 50.

290 1775 341 1816 et
379 1764 499 1818 ideo
523 1764 774 1817 credimus
823 1763 947 1828 tibi;
977 1764 1213 1818 ostendit
1250 1765 1410 1819 etiam
1440 1779 1578 1818 nunc
1606 1780 1726 1819 cum
1753 1779 1876 1821 cre-

291 1857 445 1924 dunt,
466 1858 698 1912 nondum
717 1857 956 1924 credere,
982 1873 1080 1912 nec
1099 1873 1158 1913 se
1177 1858 1385 1912 illorum
1404 1858 1546 1913 dicta
1563 1859 1871 1914 admittere.

294 1951 422 2006 Haec
447 1965 578 2005 vero
603 1950 731 2004 dicit
758 1949 824 2004 ad
853 1950 997 2004 aliud
1026 1950 1146 2006 illos
1172 1958 1389 2019 tempus
1415 1955 1714 2006 remittens.
1738 1947 1878 2006 illud

292 2052 470 2097 autem
492 2085 507 2108 ,
532 2042 625 2098 52.
654 2042 812 2097 Pater
838 2059 1032 2097 mecum
1059 2053 1130 2097 est
1155 2025 1420 2114 ,propter
1440 2059 1533 2098 eos
1559 2045 1752 2098 iterum
1785 2059 1879 2112 po-

294 2134 440 2188 suit:
474 2133 578 2188 hoc
625 2135 769 2188 enim
799 2135 920 2188 illos
965 2133 1174 2190 discere
1219 2149 1431 2204 semper
1460 2134 1646 2189 voluit.
1676 2135 1878 2190 Deinde

294 2237 354 2278 ut
374 2225 618 2280 ostendat
632 2241 691 2280 se
713 2226 828 2280 haec
847 2225 1073 2282 dicendo
1092 2227 1325 2283 nondum
1343 2227 1449 2283 illis
1466 2228 1756 2297 perfectam
1773 2235 1881 2282 tra-

295 2315 498 2371 didisse
545 2318 827 2383 notitiam;
878 2318 974 2372 sed
1029 2335 1095 2373 ne
1141 2319 1437 2374 ratiociniis
1483 2319 1882 2389 exagitarentur

298 2407 613 2481 (verisimile
634 2410 776 2465 enim
795 2419 910 2464 erat
929 2424 1023 2465 eos
1051 2410 1283 2464 humana
1310 2410 1554 2480 quaedam
1575 2409 1842 2478 cogitasse
1861 2448 1877 2474 ,

298 2501 664 2572 metuisseque
708 2516 768 2556 se
823 2503 1026 2557 nullum
1073 2503 1141 2556 ab
1182 2517 1248 2557 eo
1297 2503 1553 2559 auxilium
1601 2501 1880 2557 habituros

297 2597 466 2665 esse),
490 2596 566 2647 ait
586 2614 597 2649 :
614 2595 700 2649 53.
720 2593 766 2647 Η
773 2610 847 2647 we
861 2592 1106 2661 loquutus
1119 2606 1237 2643 sum
1258 2589 1419 2653 vobis,
1436 2596 1495 2640 ut
1515 2589 1567 2643 in
1588 2606 1667 2644 me
1687 2606 1867 2659 pacem

302 2688 579 2742 habeatis:
614 2686 663 2738 id
695 2696 807 2745 est,
838 2683 911 2739 Ut
939 2700 1048 2737 non
1076 2684 1324 2736 excidam
1352 2697 1416 2733 ex
1447 2682 1630 2735 animo
1664 2692 1861 2749 vestro,

302 2769 396 2823 sed
425 2785 512 2825 me
554 2771 844 2840 recipiatis.
872 2770 952 2826 Ne
995 2772 1114 2840 quis
1141 2786 1270 2842 ergo
1295 2772 1410 2827 hzec
1439 2772 1579 2827 dicta
1607 2773 1659 2827 in
1689 2774 1884 2840 dogma

305 2859 509 2914 trahat:
551 2877 673 2914 nam
706 2862 820 2916 haec
839 2861 907 2916 ad
927 2872 1159 2917 nostram
1181 2865 1601 2919 consolationem
1631 2865 1879 2919 dilectio-

307 2966 538 3022 nemque
553 2952 691 3008 dicta
709 2964 852 3009 sunt.
869 2953 1052 3024 Neque
1069 2954 1209 3010 enim
1227 2954 1342 3011 haec
1357 2965 1558 3010 tantum
1578 2957 1846 3026 patiemini
1868 2975 1882 3011 :

306 3058 560 3100 aerumna:
600 3055 798 3102 vestrae
841 3047 1057 3102 tandem
1102 3048 1459 3115 sedabuntur;
1491 3051 1587 3105 sed
1629 3050 1801 3105 donec
1829 3051 1884 3104 in

305 3136 506 3190 mundo
542 3138 695 3193 eritis
717 3180 732 3203 ,
785 3139 837 3192 in
869 3140 1120 3194 aerumnis
1163 3141 1508 3195 versabimini
1531 3183 1546 3208 ,
1576 3156 1680 3196 non
1709 3141 1884 3197 solum

307 3245 448 3285 nunc
472 3246 592 3286 cum
621 3233 827 3299 trador,
851 3233 942 3288 sed
966 3234 1126 3288 etiam
1148 3242 1354 3304 postea.
1382 3235 1490 3290 Sed
1517 3236 1756 3289 animum
1782 3235 1888 3290 eri-

308 3322 462 3390 gite:
508 3321 637 3376 nihil
682 3323 825 3378 enim
867 3339 1034 3394 grave
1078 3325 1375 3394 patiemini.
1408 3325 1696 3396 Postquam
1741 3326 1888 3381 enim

310 3411 560 3482 Magister
581 3413 826 3468 inimicos
844 3415 1054 3480 vicerit,
1079 3430 1186 3470 non
1212 3425 1425 3485 oportet
1447 3415 1740 3486 discipulos
1757 3431 1888 3472 con-

313 3505 529 3558 tristari.
560 3504 626 3558 Et
656 3506 923 3575 quomodo
942 3547 958 3572 ,
986 3522 1167 3577 quaiso
1186 3549 1202 3574 ,
1230 3508 1482 3562 mundum
1511 3508 1725 3564 vicisti?
1752 3509 1875 3564 Jam

309 3595 448 3661 dixi,
477 3609 562 3650 me
591 3597 880 3667 principem
902 3598 1017 3667 ejus
1038 3599 1259 3668 ejecisse
1284 3599 1464 3666 foras;
1504 3601 1686 3655 scietis
1707 3609 1890 3656 autem

312 3695 534 3755 postea,
579 3702 708 3743 cum
757 3704 946 3745 omnes
991 3690 1187 3745 cedent
1233 3691 1424 3758 vobis,
1463 3701 1519 3747 et
1546 3691 1890 3763 obtempera-

313 3777 463 3832 bunt.

383 3874 437 3929 ὅ.
467 3872 714 3928 Homines
733 3875 981 3945 quomodo
1015 3877 1114 3929 sint
1141 3876 1468 3931 immortales.
1485 3907 1558 3918 —
1581 3877 1724 3932 Licet
1749 3876 1891 3933 cnim

313 3965 468 4020 nobis
489 3981 700 4035 quoque
724 3967 968 4032 vincere,
994 3967 1038 4021 si
1060 3968 1386 4022 voluerimus
1415 3969 1606 4023 ducem
1631 3969 1755 4023 fidei
1787 3985 1890 4024 no-

312 4068 438 4112 stra:
458 4059 744 4126 respicere,
763 4066 818 4112 et
843 4059 932 4112 illa
953 4061 1057 4126 via,
1085 4075 1241 4128 quam
1266 4061 1352 4115 ille
1377 4060 1604 4129 aperuit,
1622 4061 1892 4116 incedere.

317 4151 392 4204 Ita
423 4167 594 4220 neque
625 4166 768 4206 mors
797 4166 896 4207 nos
940 4153 1230 4221 superabit.
1259 4153 1397 4218 Quid
1428 4155 1594 4223 ergo?
1639 4154 1844 4224 inquies
1875 4171 1890 4219 ;

315 4256 381 4295 an
406 4258 510 4296 non
541 4243 869 4296 moriemur?
899 4243 1024 4296 hinc
1063 4243 1206 4296 enim
1235 4252 1506 4298 constaret
1533 4252 1760 4298 mortem
1787 4259 1892 4298 non

317 4337 529 4388 vicisse.
577 4335 736 4403 Atqui
770 4343 895 4388 tunc
937 4344 1169 4388 certator
1193 4335 1374 4389 clarus
1415 4343 1515 4396 est,
1548 4350 1652 4389 non
1683 4337 1895 4405 quando

314 4444 436 4482 cum
467 4429 618 4482 hoste
646 4444 750 4482 non
781 4427 1036 4497 confligit,
1083 4427 1176 4482 sed
1204 4427 1416 4498 quando
1443 4442 1759 4498 congressus
1789 4443 1894 4483 non

315 4521 568 4575 vincitur.
603 4520 720 4574 Non
765 4535 893 4591 ergo
938 4529 1158 4590 propter
1201 4534 1546 4590 congressum
1600 4520 1852 4574 mortales
1878 4560 1892 4584 ,

315 4614 411 4669 sed
442 4623 658 4685 propter
683 4614 961 4668 victoriam
992 4614 1340 4668 immortales.
1360 4613 1509 4667 Tunc
1536 4628 1676 4668 enim
1706 4623 1897 4667 morta-

318 4708 396 4761 les
419 4722 679 4774 essemus,
711 4706 757 4762 si
785 4715 1046 4776 perpetuo
1087 4706 1141 4760 in
1192 4715 1365 4760 morte
1418 4721 1776 4762 maneremus.
1830 4707 1898 4764 Ut

317 4801 460 4853 enim
486 4799 809 4868 longissimae
834 4799 954 4852 vita:
979 4797 1225 4851 animalia
1247 4812 1352 4852 non
1383 4798 1701 4852 immortalia
1745 4798 1896 4853 dixe-

315 4891 441 4953 rim,
472 4891 570 4944 etsi
598 4890 847 4943 diuturno
870 4898 994 4944 ante
1025 4899 1248 4944 mortem
1279 4891 1458 4943 vivant
1505 4900 1744 4959 tempore
1775 4906 1788 4943 :
1821 4891 1899 4946 sic

316 4997 417 5036 nec
448 4983 727 5036 mortalem
755 4982 980 5036 dixerim
1002 4997 1147 5047 eum,
1175 4983 1265 5052 qui
1295 4992 1412 5051 post
1456 4993 1682 5038 mortem
1715 4997 1898 5037 resur-

319 5083 566 5128 recturus
614 5082 716 5127 est.
767 5073 880 5139 Dic,
933 5088 1135 5142 quaeso,
1169 5075 1211 5128 si
1256 5075 1374 5143 quis
1403 5074 1470 5127 ad
1498 5075 1661 5130 breve
1689 5085 1898 5144 tempus

319 5165 682 5229 erubesceret,
730 5164 953 5218 illumne
1001 5173 1258 5233 perpetuo
1306 5165 1526 5219 rubrum
1555 5166 1898 5222 diceremus?

323 5255 582 5311 Minime:
623 5269 728 5309 non
761 5256 900 5310 enim
932 5255 983 5309 id
1034 5254 1244 5309 habitus
1269 5265 1370 5310 est.
1420 5255 1476 5311 Si
1506 5259 1624 5327 quis
1672 5259 1899 5327 pallidus

325 5345 495 5410 fieret,
525 5361 594 5400 an
623 5345 762 5400 hunc
786 5348 934 5416 regio
961 5347 1152 5400 morbo
1179 5359 1392 5416 captum
1433 5347 1774 5404 diceremus?
1799 5351 1900 5405 Mi-

325 5435 503 5489 nime:
524 5443 900 5506 temporaneus
924 5436 1120 5506 quippe
1147 5437 1363 5491 morbus
1388 5448 1486 5494 est.
1504 5439 1581 5494 Ne
1607 5455 1734 5511 ergo
1761 5457 1904 5497 mor-

325 5528 487 5583 talem
505 5527 651 5583 dicas
677 5544 820 5595 eum,
853 5530 940 5599 qui
965 5529 1174 5586 modico
1199 5540 1439 5602 tempore
1464 5533 1517 5588 in
1564 5545 1735 5590 morte
1782 5539 1899 5592 fuit.

330 5619 466 5676 Nam
509 5621 589 5675 sic
627 5618 954 5676 dormientes
997 5637 1275 5691 possemus
1325 5633 1562 5680 mortuos
1591 5628 1899 5696 appellare:

331 5719 461 5767 sunt
485 5713 652 5771 enim.
679 5722 738 5765 ut
765 5714 836 5766 ita
866 5713 1061 5778 dicam,
1093 5716 1308 5782 mortui,
1337 5717 1573 5787 nihilque
1599 5730 1899 5788 operantes.

334 5803 442 5860 Sed
471 5818 618 5861 mors
639 5817 865 5870 corpora
886 5804 1220 5875 corrumpit?
1241 5807 1305 5859 Et
1329 5807 1452 5878 quid
1484 5809 1618 5865 hoc?
1639 5825 1741 5866 non
1759 5812 1901 5869 enim

655 5928 924 5989 ΡΑτιιοι..
971 5927 1086 5987 Gn.
1137 5922 1299 5987 LIX.

1253 359 1316 415 1N
1351 360 1659 416 JOANNEM
1699 361 1933 418 HOMIL.

1978 364 2215 420 LXXIX.
2253 363 2325 417 al.
2366 361 2643 419 LXXVIII.
3460 364 3564 420 430

1985 478 2286 532 moriuntur
2312 487 2368 531 ut
2395 478 2447 531 in
2477 476 2818 546 corruptione
2846 486 3117 540 maneant,
3142 477 3233 532 sed
3262 488 3317 531 ut
3341 478 3564 534 meliora

1985 572 2234 628 evadant.
2255 571 2546 626 Vincamus
2571 585 2701 640 ergo
2731 570 3026 634 mundum;
3077 571 3142 624 ad
3198 572 3565 626 immortalita-

1985 673 2090 718 tem
2117 677 2417 731 curramus,
2449 677 2734 732 sequamur
2759 677 2958 732 regem,
2979 662 3078 734 ipsi
3107 674 3364 732 tropaeum
3389 666 3563 734 eriga-

1983 772 2126 825 mus,
2143 757 2447 828 voluptates
2466 757 2844 826 despiciamus.
2870 756 2984 812 Non
3007 772 3143 828 opus
3160 767 3242 813 est
3259 758 3564 825 laboribus;

1984 849 2214 903 animam
2265 847 2648 903 transferamus
2692 847 2760 902 ad
2787 848 3015 914 caelum,
3055 858 3109 903 et
3138 858 3280 904 totus
3328 852 3562 905 mundus

1983 940 2156 994 victus
2185 947 2288 994 est.
2313 939 2372 994 Si
2396 939 2546 993 illum
2577 953 2684 993 non
2713 939 3085 1008 concupiscas,
3133 939 3309 994 victus
3353 949 3474 1006 est;
3517 943 3561 994 si

1982 1031 2230 1088 derideas
2256 1031 2425 1095 illum,
2455 1040 2738 1099 superatus
2759 1037 2861 1084 est.
2887 1029 3136 1098 Hospites
3159 1045 3344 1085 sumus
3367 1039 3422 1085 et
3467 1047 3559 1101 pe-

1983 1125 2179 1195 regrini
2205 1145 2219 1180 :
2249 1123 2317 1179 de
2345 1124 2488 1178 nulla
2515 1137 2642 1192 ergo
2665 1137 2725 1178 re
2749 1123 2882 1176 tristi
2901 1121 3200 1179 doleamus.
3224 1123 3405 1192 Neque
3419 1124 3560 1178 enim

1983 1217 2030 1272 si
2075 1233 2138 1271 ex
2191 1217 2415 1270 florente
2461 1216 2634 1285 patria
2679 1223 2733 1268 et
2785 1214 2946 1268 claris
2991 1213 3285 1283 majoribus
3313 1223 3484 1279 ortus,
3510 1214 3560 1268 in

1984 1310 2326 1380 longinquam
2367 1309 2624 1378 migrares
2679 1316 2898 1371 terram,
2952 1308 3151 1362 nemini
3196 1318 3387 1373 notus,
3443 1309 3562 1363 sine

1985 1401 2192 1465 liberis,
2221 1402 2338 1456 sine
2377 1399 2585 1470 opibus,
2618 1398 2812 1454 deinde
2838 1414 2870 1454 a
2909 1400 3157 1470 quopiam
3181 1400 3560 1454 contumeliam

1983 1491 2287 1560 acciperes,
2321 1490 2543 1561 perinde
2582 1505 2728 1560 aegre
2757 1489 2925 1545 ferres
2953 1504 3017 1545 ac
3038 1490 3079 1543 si
3105 1489 3252 1545 domi
3286 1491 3338 1545 id
3376 1505 3570 1560 passus

1984 1598 2149 1639 esses.
2183 1585 2313 1638 Cum
2344 1585 2510 1638 scires
2532 1584 2676 1637 enim
2708 1590 2762 1638 te
2790 1583 2841 1636 in
2871 1583 3153 1652 peregrina
3179 1593 3234 1638 et
3261 1584 3435 1639 aliena
3480 1600 3567 1638 re-

1982 1679 2140 1748 gione
2183 1691 2323 1739 esse,
2353 1675 2405 1730 id
2457 1675 2550 1728 tibi
2605 1674 2784 1728 omnia
2825 1673 2977 1728 facile
3005 1673 3223 1728 ferenda
3273 1683 3330 1730 et
3377 1685 3566 1730 conte-

1983 1768 2210 1823 mnenda
2223 1782 2343 1823 esse
2363 1767 2630 1832 suaderet,
2649 1777 2704 1822 et
2731 1767 2919 1821 famem
2940 1776 2992 1822 et
3014 1767 3158 1822 sitim
3180 1775 3237 1822 et
3251 1768 3292 1822 si
3313 1782 3416 1838 qua
3437 1768 3566 1822 alia.

1983 1866 2096 1922 Hoc
2117 1871 2276 1921 etiam
2307 1881 2451 1922 nunc
2473 1865 2647 1936 cogita
2672 1880 2686 1917 :
2721 1873 2773 1918 te
2797 1878 2988 1932 nempe
3018 1863 3277 1918 advenam
3318 1872 3373 1918 et
3411 1879 3568 1932 pcre-

1983 1957 2192 2027 grinum
2229 1971 2348 2011 esse
2368 1997 2383 2023 ,
2412 1964 2468 2011 et
2513 1963 2697 2025 utpote
2739 1955 2792 2008 in
2819 1954 2992 2009 aliena
3027 1954 3245 2023 regione
3272 1968 3304 2008 a
3332 1953 3479 2007 nulla
3508 1969 3569 2008 re

1985 2050 2236 2104 turberis.
2261 2047 2542 2104 Civitatem
2565 2048 2706 2103 enim
2739 2047 2925 2112 habes,
2957 2046 3110 2117 cujus
3135 2047 3312 2116 opifex
3341 2055 3394 2102 et
3415 2061 3570 2102 crea-

1985 2149 2070 2195 tor
2094 2149 2175 2195 est
2199 2141 2374 2205 Deus;
2405 2140 2519 2194 hare
2545 2153 2673 2195 vero
2696 2138 3057 2209 peregrinatio
3074 2137 3141 2192 ad
3169 2137 3331 2193 breve
3357 2147 3571 2207 tempus

1985 2241 2088 2289 est.
2120 2233 2220 2300 Qui
2249 2233 2362 2286 vult
2387 2232 2669 2295 verberet,
2696 2230 3035 2287 contumeliis
3068 2239 3123 2285 et
3150 2229 3410 2285 conviciis
3433 2245 3568 2285 one-

1985 2334 2088 2379 ret.
2121 2324 2176 2377 ln
2213 2323 2488 2393 peregrina
2520 2333 2660 2378 terra
2707 2336 2892 2377 sumus
2917 2363 2932 2386 ,
2963 2330 3018 2376 et
3063 2323 3258 2376 misere
3300 2320 3552 2377 vivimus.

1986 2416 2161 2472 Grave
2190 2417 2386 2487 quippe
2409 2427 2553 2472 esset
2592 2415 2644 2470 id
2673 2415 2724 2469 in
2754 2415 2924 2484 patria
2964 2415 3096 2484 pati,
3122 2415 3264 2470 inter
3283 2414 3566 2477 concives;

1985 2517 2113 2564 tunc
2134 2510 2362 2563 maxima
2385 2517 2527 2563 esset
2550 2506 2769 2562 infamia
2797 2517 2852 2563 et
2893 2507 3119 2577 jactura.
3166 2506 3223 2562 Si
3268 2514 3450 2561 autem
3497 2505 3570 2559 ibi

1986 2599 2107 2668 quis
2135 2606 2313 2666 esset,
2343 2599 2432 2654 ubi
2468 2598 2739 2654 neminem
2787 2599 2886 2653 sibi
2934 2609 3118 2654 notum
3156 2598 3347 2664 habet,
3389 2597 3570 2651 omnia

1987 2690 2142 2746 facile
2167 2693 2437 2748 toleraret.
2468 2690 2803 2748 Contumelia
2828 2693 2969 2748 enim
2998 2708 3062 2748 ex
3090 2691 3368 2747 inferentis
3390 2691 3573 2746 volun-

1990 2788 2097 2834 tate
2112 2782 2326 2851 gravior
2348 2783 2634 2851 judicatur.
2651 2783 2740 2852 Ut,
2757 2784 2990 2854 exempli
3020 2799 3198 2849 causa,
3226 2784 3272 2839 si
3293 2784 3409 2853 quis
3435 2797 3574 2852 prte-

1989 2881 2160 2928 torem
2193 2874 2293 2927 sibi
2312 2883 2495 2929 notum
2517 2875 2842 2930 contumelia
2864 2874 3126 2940 afficeret,
3144 2883 3269 2929 tunc
3289 2883 3574 2930 contume-

1989 2965 2062 3019 lia
2085 2973 2230 3020 esset
2251 2967 2477 3031 acerba;
2510 2968 2554 3022 si
2583 2976 2761 3022 autem
2790 2967 3054 3037 privatum
3091 2981 3210 3023 esse
3231 2977 3380 3022 ratus
3408 2965 3577 3020 odeu-

1990 3057 2246 3125 deret,ne
2261 3060 2520 3130 attingere
2533 3059 2747 3130 quidem
2776 3060 3047 3116 videretur
3061 3077 3184 3117 eum
3215 3059 3301 3116 cui
3331 3059 3573 3114 infertur.

1992 3149 2082 3206 Sic
2111 3151 2385 3206 nobiscum
2419 3162 2748 3222 reputemus.
2798 3153 2979 3223 Neque
3018 3155 3158 3208 enim
3204 3151 3576 3207 contumeliosi

1993 3241 2068 3296 illi
2094 3242 2309 3311 quinam
2353 3243 2522 3297 simus
2549 3244 2764 3311 sciunt;
2810 3259 3002 3315 nempe
3028 3245 3283 3299 caelorum
3315 3245 3482 3307 cives,
3520 3244 3574 3297 in

1994 3347 2278 3402 supernam
2327 3334 2579 3406 adscripti
2608 3337 2857 3405 patriam,
2887 3345 2942 3391 et
2979 3336 3121 3392 inter
3146 3336 3574 3392 Cherubinorum

1994 3424 2238 3480 choreas.
2291 3424 2369 3480 Ne
2421 3425 2601 3496 itaque
2647 3425 2942 3492 doleamus,
2995 3442 3170 3497 neque
3199 3425 3574 3481 contumeliam

1997 3527 2246 3587 putemus
2273 3532 2394 3572 esse
2413 3519 2815 3573 contumeliam.
2842 3517 2952 3573 Nos
2977 3519 3021 3572 si
3047 3526 3451 3587 cognoscerent,
3470 3533 3577 3570 non

1997 3612 2182 3681 utique
2212 3611 2490 3666 laederent.
2541 3611 2651 3666 Sed
2683 3625 2781 3666 nos
2809 3625 3075 3680 pauperes
3119 3611 3455 3679 miserosque
3485 3625 3578 3677 pu-

1998 3704 2148 3756 tant?
2169 3701 2244 3758 Ne
2275 3717 2402 3772 ergo
2430 3702 2482 3756 id
2516 3718 2612 3772 pro
2629 3703 2949 3758 contumelia
2974 3701 3287 3757 habeamus.
3315 3702 3409 3756 Dic
3435 3701 3578 3755 enim

1998 3795 2151 3861 mihi,
2175 3797 2217 3849 si
2247 3797 2366 3865 quis
2412 3796 2514 3850 iter
2573 3810 2738 3866 agens
2784 3810 2970 3850 servos
3015 3810 3142 3850 suos
3181 3792 3487 3864 aliquandiu
3524 3794 3580 3850 in

1997 3886 2296 3942 diversorio
2332 3893 2687 3956 exspectaret,
2718 3901 2889 3955 caupo
2917 3896 3093 3941 autem
3124 3885 3208 3940 vel
3240 3885 3432 3949 viator,
3479 3899 3578 3939 seu

2000 3978 2135 4032 alius
2163 3979 2427 4048 quiSpiam
2468 3977 2709 4048 ignarus,
2738 3979 2816 4032 illi
2863 3977 3211 4032 malediceret
3235 3986 3290 4031 et
3315 3976 3582 4032 convicia-

1999 4081 2168 4137 retur,
2196 4086 2373 4126 nonne
2397 4071 2539 4125 illius
2568 4072 2926 4141 ignorantiam
2970 4070 3189 4136 rideret,
3222 4070 3469 4139 illiusque
3497 4086 3584 4124 er-

1997 4178 2124 4219 rore
2152 4162 2546 4217 delectaretur?
2570 4166 2756 4217 nonne
2786 4162 3056 4217 laetaretur
3083 4177 3146 4216 ac
3171 4162 3216 4214 si
3247 4162 3383 4216 alius
3403 4203 3419 4228 ,
3475 4176 3583 4218 non

2001 4253 2136 4322 ipse,
2169 4253 2474 4308 afficeretur
2519 4253 2878 4308 contumelia?
2928 4253 3003 4307 lta
3055 4260 3110 4307 et
3152 4267 3252 4307 nos
3303 4252 3582 4308 faciamus.

2001 4345 2132 4400 Nam
2163 4346 2216 4399 in
2235 4345 2535 4400 diversorio
2559 4345 2830 4410 sedemus,
2851 4346 2951 4399 via:
2977 4346 3154 4400 socios
3189 4353 3583 4414 exspectantes.

2000 4438 2134 4493 Cum
2156 4454 2345 4494 omnes
2365 4439 2770 4504 conveniemus,
2787 4446 2898 4492 tum
2920 4454 3055 4507 quos
3082 4437 3342 4501 laeserint,
3384 4437 3585 4492 intelli-

2002 4539 2148 4603 gent.
2175 4531 2347 4600 Tunc,
2403 4532 2638 4587 demisso
2673 4533 2848 4602 capite
2872 4574 2888 4600 ,
2917 4532 3099 4587 dicent
3130 4550 3142 4586 :
3176 4532 3272 4586 Hic
3300 4541 3384 4587 est
3425 4547 3585 4603 quem

2005 4639 2105 4679 nos
2131 4624 2280 4679 stulti
2309 4623 2589 4679 habuimus
2618 4625 2671 4678 in
2702 4624 2937 4679 derisum
2965 4625 3121 4694 (Sap.
3149 4624 3202 4678 5.
3226 4623 3304 4694 3).

2074 4717 2128 4771 ι.
2159 4715 2252 4770 His
2295 4727 2424 4786 ergo
2456 4714 2664 4770 duobus
2699 4716 3118 4770 consolationem
3155 4713 3501 4784 accipiamus,
3525 4724 3583 4769 et

2003 4807 2144 4877 quod
2167 4822 2273 4861 non
2304 4822 2400 4860 nos
2423 4807 2666 4876 injuriam
2693 4806 3014 4876 accipiamus
3051 4806 3201 4873 (non
3231 4805 3374 4859 enim
3415 4805 3591 4859 sciunt

2004 4897 2219 4966 quinam
2258 4894 2487 4968 simus),
2520 4906 2628 4950 tum
2654 4896 2816 4965 quod,
2844 4896 2888 4950 si
2917 4895 3102 4951 ulcisci
3127 4896 3378 4962 velimus,
3402 4907 3588 4964 pinnas

2005 4989 2079 5043 illi
2109 4989 2451 5059 gravissimas
2495 4988 2712 5043 demum
2756 4990 2864 5043 sint
2899 4988 3095 5044 daturi.
3126 4988 3323 5044 Verum
3367 4988 3592 5044 absitut

2007 5082 2267 5150 quispiam
2311 5088 2416 5134 tam
2459 5081 2691 5135 crudelis
2720 5089 2774 5136 et
2814 5080 3137 5136 inhumanus
3166 5082 3255 5136 sit.
3287 5080 3424 5148 Quid
3468 5081 3514 5135 si
3557 5096 3589 5135 a

2007 5172 2392 5227 contribulibus
2411 5173 2608 5227 nostris
2633 5171 2878 5242 injuriam
2903 5174 3270 5244 accipiamus?
3295 5174 3419 5229 illud
3444 5175 3589 5228 enim

2009 5263 2291 5317 molestum
2320 5272 2483 5318 esset.
2524 5263 2636 5319 Imo
2665 5263 3012 5320 levissimum.
3049 5264 3270 5332 Quare?
3313 5264 3444 5331 Quia
3483 5278 3590 5318 non

2007 5357 2122 5428 pari
2144 5355 2304 5412 modo
2323 5357 2544 5413 dilectos
2570 5365 2732 5427 atque
2759 5357 2970 5428 ignotos
2995 5357 3357 5413 conviciantes
3387 5356 3591 5411 tolera-

2009 5464 2149 5504 mus.
2197 5448 2322 5504 Harc
2367 5449 2692 5504 contumelia
2735 5449 2940 5505 allectis
2984 5449 3232 5504 hortandi
3259 5463 3418 5503 causa
3446 5463 3592 5517 saepe

2010 5542 2238 5596 dicimus
2268 5557 2281 5595 :
2310 5541 2498 5597 Frater
2536 5550 2620 5597 est
2663 5543 2753 5611 qui
2784 5543 2951 5608 laesit,
2987 5542 3196 5596 fortiter
3221 5539 3364 5596 feras
3393 5558 3408 5594 :
3439 5549 3595 5611 pater

2011 5642 2114 5701 est,
2138 5633 2222 5688 vel
2249 5643 2488 5703 patruus.
2517 5634 2669 5702 Quod
2693 5635 2738 5689 si
2766 5635 2942 5690 fratris
2973 5635 3058 5690 vel
3085 5633 3249 5704 patris
3271 5634 3486 5689 nomina
3510 5650 3597 5689 re-

2011 5725 2236 5791 vereris,
2287 5725 2461 5781 dicam
2506 5725 2630 5796 quid
2678 5727 3045 5798 prOpinquius.
3091 5726 3206 5782 Non
3251 5727 3426 5784 solum
3452 5729 3596 5782 enim

2014 5815 2207 5874 fratres
2227 5824 2410 5874 mutuo
2433 5832 2638 5886 sumus,
2662 5817 2754 5873 sed
2781 5828 2835 5875 et
2856 5819 3093 5876 membra
3117 5828 3173 5876 et
3191 5835 3389 5892 corpus
3413 5835 3598 5875 unum.

3168 5929 3249 5990 2'1
