4126 6366
565 364 663 421 451

563 476 714 545 Quod
740 474 784 530 si
812 472 992 529 fratris
1016 485 1207 526 nomen
1230 484 1557 532 reveremur,
1582 465 1748 518 multo
1773 464 1943 531 magis
1967 476 2135 514 mem—

567 570 667 623 bri.
700 565 815 620 Non
855 562 1052 618 audisti
1080 568 1365 614 externum
1396 557 1521 611 illud
1549 556 1907 624 proverbium,
1936 554 2139 606 amicos

564 675 685 713 cum
713 658 851 710 vitiis
879 669 999 709 esse
1028 651 1274 707 ferendos
1298 651 1321 701 ἱ)
1349 664 1454 704 ηοη
1482 648 1674 703 audisti
1705 646 1923 701 Paulum
1951 645 2137 697 dicen-

564 760 691 812 tem,
719 749 857 803 Alter
874 747 1088 801 ulterius
1114 760 1268 798 onera
1296 751 1491 813 portate
1514 743 1532 811 (
1557 739 1675 795 Gal.
1707 739 1761 794 6.
1786 740 1822 792 2
1848 737 1866 808 )
1898 740 1922 790 ‘t
1950 751 2129 791 annon

564 849 831 895 amatores
878 836 1078 892 vides?
1105 835 1282 904 Cogor
1306 833 1449 888 enim
1465 872 1482 897 ,
1509 831 1630 900 quia
1654 829 1805 884 vobis
1829 829 1931 882 tale
1955 841 2139 882 exem-

548 932 710 1009 plum
740 929 967 985 mutuari
995 942 1100 982 non
1128 941 1368 998 possum,
1398 925 1465 978 ad
1487 922 1617 978 illud
1645 935 1923 977 recurrere
1952 937 1965 973 :
1996 917 2138 988 quod

567 1024 742 1091 ipsum
775 1020 1124 1076 facit'Paqus
1148 1018 1228 1073 sic
1259 1016 1447 1072 dicens
1479 1033 1494 1069 :
1531 1013 1726 1068 Deinde
1745 1022 1912 1082 patres
1940 1012 2140 1083 quidem

566 1117 733 1168 carnis
790 1123 976 1167 nostra:
1030 1111 1294 1164 habuimus
1336 1107 1614 1162 eruditores
1637 1145 1652 1169 ,
1705 1114 1752 1158 et
1796 1104 2141 1158 reverebantur

567 1208 585 1275 (
610 1204 766 1259 Hebr.
800 1203 887 1256 12.
931 1200 1161 1268 9).-1ωο
1205 1197 1333 1253 illud
1359 1196 1705 1265 opportunius
1733 1194 1956 1258 dicatur,
1988 1192 2139 1259 Quod

566 1297 821 1350 Romanis
845 1293 975 1348 dicit
1006 1310 1018 1345 :
1044 1292 1189 1347 Sicut
1206 1289 1502 1345 exhibuistis
1534 1287 1753 1340 membra
1773 1295 1933 1341 vestra
1959 1285 2144 1338 servire

565 1386 898 1439 immunditiis
938 1394 985 1437 et
1025 1381 1279 1453 iniquitati
1318 1379 1386 1433 ad
1414 1380 1725 1445 iniquitatem
1758 1393 1778 1431 :
1811 1379 1881 1430 ita
1922 1376 2144 1430 exhibete

569 1479 790 1529 membra
834 1483 997 1528 uestra
1032 1473 1216 1526 seruire
1248 1472 1463 1541 justitite
1490 1469 1509 1540 (
1537 1469 1691 1524 Rom.
1736 1468 1790 1523 6.
1830 1466 1959 1536 19).
2018 1466 2143 1522 Ideo

567 1578 621 1618 «ιι
648 1584 742 1619 nos
772 1564 996 1619 ﬁdenter
1020 1561 1323 1632 exemplum
1354 1561 1557 1616 referre
1582 1559 1871 1629 pergimus.
1910 1557 2025 1612 Non
2058 1558 2141 1611 vi-

568 1661 664 1711 des
690 1658 847 1727 igitur
866 1664 1151 1720 amatores,
1172 1655 1262 1725 qui
1285 1654 1592 1709 meretrices
1608 1655 1923 1721 depereunt,
1947 1662 2144 1722 quanta

570 1752 847 1821 perferunt
882 1751 1015 1804 mala
1035 1791 1050 1814 ,
1077 1749 1244 1818 alapis
1288 1747 1583 1814 ctedtmtur,
1615 1745 1983 1811 verberantur,
2017 1746 2143 1798 irri-

570 1845 782 1905 dentur,
812 1843 1069 1896 lascivum
1100 1848 1334 1895 scortum
1365 1837 1660 1909 perferunt,
1698 1837 1825 1891 dum
1860 1852 1921 1891 se
1949 1836 2144 1890 adver-

571 1945 718 1988 satur
744 1943 799 1989 et
825 1934 970 1988 mille
984 1932 1342 1988 contumelias
1370 1930 1528 1986 infert
1554 1931 1577 1984 ?
1600 1930 1666 1984 Et
1698 1938 1875 1984 tamen
1906 1929 1948 1982 si
1980 1928 2145 1982 semel

571 2026 821 2079 blandum
855 2024 1125 2094 quidpiam
1156 2034 1211 2077 et
1233 2036 1395 2077 suave
1422 2021 1657 2086 videant,
1688 2020 1864 2075 omnia
1899 2020 1999 2074 sibi
2029 2020 2147 2075 feli-

570 2118 653 2170 cia
680 2115 1076 2185 putant,priora
1098 2114 1330 2176 avolant,
1358 2127 1607 2182 prospera
1631 2120 1818 2166 cuncta
1846 2119 2003 2176 sunt;
2032 2112 2145 2167 sive

571 2216 855 2278 paupertas
875 2205 1098 2269 accidat,
1126 2204 1238 2258 sive
1264 2204 1499 2269 morbus,
1529 2203 1644 2257 sive
1668 2202 1934 2272 quidpiam
1959 2201 2147 2271 hujus-

570 2300 735 2354 modi.
763 2299 933 2353 Vitam
968 2298 1068 2351 sibi
1096 2297 1177 2351 vel
1206 2298 1457 2350 miseram
1481 2294 1566 2350 vel
1593 2294 1798 2349 felicem
1818 2294 2143 2361 existimant,

570 2402 729 2462 prout
771 2391 1012 2445 affectam
1058 2388 1160 2444 sibi
1207 2388 1461 2442 amasiam
1505 2387 1721 2441 habent.
1762 2383 1879 2440 Non
1919 2384 2144 2456 gloriam

569 2484 856 2539 humanam
885 2523 900 2545 ,
932 2497 1051 2536 xnon
1088 2481 1429 2551 ignominiam
1473 2489 1671 2535 norunt
1700 2497 1715 2545 ;
1744 2479 1838 2535 sed
1877 2480 1923 2534 si
1952 2478 2144 2549 injuria

572 2576 852 2639 inferatur,
883 2590 949 2629 ex
990 2573 1292 2643 bujusmodi
1333 2571 1603 2642 voluptate
1632 2582 1686 2626 et
1712 2571 1871 2626 rebus
1913 2571 2053 2642 apud
2080 2571 2147 2625 il-

570 2671 677 2724 lam
707 2669 975 2739 prosperis
1001 2668 1179 2723 omnia
1204 2666 1357 2722 facile
1384 2666 1581 2721 ferunt.
1609 2665 1663 2722 Si
1686 2666 1773 2721 illa
1798 2666 2145 2732 convicietur,

571 2762 619 2816 si
656 2762 707 2814 in
735 2760 919 2816 faciem
944 2768 1222 2829 conSpuat,
1255 2758 1329 2812 illi
1354 2773 1415 2813 se
1435 2758 1573 2812 rosis
1600 2758 1808 2829 aspergi
1836 2770 2045 2828 putant.
2082 2760 2150 2815 Et

570 2851 695 2921 quid
745 2848 937 2904 mirum
990 2848 1036 2903 si
1088 2847 1178 2902 tali
1225 2862 1349 2918 erga
1391 2847 1533 2901 illam
1570 2846 1761 2903 affectu
1795 2850 1970 2903 sunt?
2004 2849 2150 2905 Illius

572 2942 770 3013 quippe
789 2942 1009 2996 domum
1032 2940 1270 2994 omnium
1295 2939 1775 3008 splendidissimatn
1796 2956 1916 2996 esse
1940 2950 2146 3012 putant,

574 3033 675 3089 etsi
706 3032 849 3087 lutea
878 3031 964 3101 illa
994 3031 1084 3097 sit,
1128 3030 1228 3085 etsi
1268 3030 1320 3083 in
1350 3030 1560 3084 ruinam
1590 3040 1795 3101 vergat.
1834 3031 2041 3101 Ecquid
2082 3032 2151 3087 de

572 3130 869 3200 parietibus
895 3128 1131 3200 loquor?
1164 3128 1296 3185 Nam
1318 3129 1446 3183 visis
1477 3129 1540 3183 iis
1570 3129 1623 3183 in
1651 3130 1803 3199 queis
1827 3130 2029 3184 versari
2060 3145 2149 3184 so-

574 3223 690 3277 lent
729 3222 894 3288 locis,
925 3224 1243 3278 excitantur.
1289 3222 1386 3277 llic
1422 3238 1550 3276 vero
1592 3222 1869 3278 concedite
1913 3224 2044 3278 mihi
2092 3233 2151 3279 ut

573 3316 923 3385 apostolicum
960 3316 1088 3370 illud
1112 3316 1379 3385 proferam
1428 3332 1441 3368 :
1485 3316 1628 3370 Sicut
1667 3316 1963 3371 exhibuistis
1988 3333 2149 3371 mem—

575 3409 667 3460 bra
708 3417 871 3461 vestra
907 3408 1094 3461 servire
1118 3406 1457 3461 immunditite
1478 3447 1491 3469 ,
1545 3407 1616 3459 ita
1666 3407 1891 3461 exhibete
1930 3408 2153 3461 membra

575 3507 740 3551 vestra
781 3498 965 3551 servire
995 3498 1229 3567 justitiae.
1252 3497 1491 3567 ldipsutn
1514 3513 1613 3567 ego
1647 3498 1766 3553 dico
1797 3514 1812 3553 :
1841 3506 1897 3553 ut
1927 3499 2042 3553 illas
2070 3499 2152 3553 di-

576 3590 824 3659 leximus,
848 3590 926 3645 sic
950 3604 1046 3642 nos
1066 3597 1249 3645 mutuo
1265 3588 1565 3661 diligamus,
1585 3604 1682 3644 nec
1698 3603 1796 3643 nos
1817 3602 1976 3659 grave
2002 3589 2154 3659 quid-

578 3688 718 3757 piam
746 3688 855 3756 pati
883 3687 1325 3742 exustimabimus.
1359 3685 1423 3739 Et
1451 3683 1577 3755 quid
1616 3683 1738 3738 dico
1780 3698 1878 3737 nos
1917 3680 2154 3737 mutuo?

577 3781 668 3835 Sic
696 3780 859 3835 Deum
898 3780 1200 3849 diligamus.

655 3871 936 3925 Discrimen
964 3872 1094 3925 inter
1118 3887 1341 3925 amorem
1387 3869 1479 3923 Dei
1498 3911 1514 3935 ,
1543 3879 1835 3923 etamorem
1862 3869 2153 3925 meretricis.

579 3992 653 4004 —-
680 3962 1021 4018 Inborruistis
1054 3963 1338 4017 audientes
1384 3976 1471 4015 me
1524 3970 1725 4015 tantum
1776 3961 1987 4031 exigere
2031 3975 2157 4031 erga

581 4058 748 4112 Deum
793 4071 1063 4121 amorem,
1107 4064 1364 4126 quantum
1404 4070 1529 4124 erga
1570 4054 1904 4109 meretricem
1936 4053 2157 4107 exhibe-

582 4165 704 4204 mus
730 4150 753 4203 ?
782 4152 849 4203 At
875 4164 975 4219 ego
999 4148 1323 4204 exhorresce
1355 4147 1495 4219 quod
1524 4162 1590 4200 ne
1621 4161 1799 4215 parem
1825 4145 2036 4214 quidem
2062 4159 2159 4198 ex-

548 4294 553 4297 ,
583 4244 879 4298 hibeamus.
900 4239 984 4303 Et,
999 4242 1045 4297 si
1076 4242 1267 4311 placet,
1296 4240 1425 4295 illud
1444 4240 1826 4308 expendamus,
1854 4236 1955 4291 etsi
1975 4236 2161 4290 admo-

583 4335 712 4392 dum
751 4335 974 4390 molesta
1017 4350 1104 4390 res
1142 4334 1230 4389 sit.
1270 4334 1483 4388 Amasia
1520 4330 1821 4386 amantibus
1863 4329 1992 4384 nihil
2037 4330 2171 4384 boni.

585 4429 870 4501 promittit,
912 4428 1007 4484 sed
1037 4427 1400 4498 ignominiam,
1443 4423 1847 4494 turpitudinem,
1877 4433 2160 4477 contume-

586 4524 713 4578 liam
741 4538 757 4588 ;
785 4521 887 4578 hoc
906 4523 1049 4578 enim
1074 4521 1229 4576 aﬁ'ert
1256 4520 1555 4575 meretricis
1583 4516 1932 4582 consuetudo,
1961 4516 2161 4571 ridicu-

586 4616 698 4670 Ium
737 4614 933 4677 reddit,
963 4622 1190 4683 turpem,
1230 4612 1502 4666 infamem.
1546 4609 1686 4664 Deus
1729 4622 1858 4663 vero
1882 4606 2069 4662 caelum
2107 4613 2163 4660 et

582 4706 816 4761 caelestia
842 4705 980 4758 bona
1010 4705 1321 4773 pollicetur;
1351 4702 1491 4756 ﬁlios
1514 4714 1639 4755 suos
1666 4709 1721 4755 et
1749 4698 2017 4769 Unigeniti
2043 4696 2155 4751 fra-

584 4806 698 4852 tres
740 4797 932 4860 reddit,
979 4796 1177 4850 viventi
1219 4794 1310 4850 tibi
1350 4793 1626 4847 innumera
1666 4790 1907 4861 largitur,
1950 4796 2162 4844 mortuo

587 4890 1039 4946 resurrectionem
1057 4929 1072 4951 ,
1101 4895 1156 4943 et
1181 4895 1259 4941 tot
1285 4893 1534 4955 tantaque
1561 4884 1720 4950 bona,
1750 4893 1807 4937 ut
1834 4897 1902 4937 ne
1928 4880 2162 4951 c0gitare

589 4983 803 5052 quidem
832 4997 893 5034 ea
914 4982 1105 5050 possis,
1131 4993 1332 5049 nosque
1360 4976 1700 5032 honorabiles
1727 4974 2162 5042 venerandosque

585 5075 769 5132 efﬁcit.
802 5073 895 5128 Illa
925 5074 1115 5126 iterum
1157 5071 1453 5140 expendere
1491 5068 1631 5138 cogit
1666 5068 1841 5121 omnia
1871 5068 1922 5120 in
1953 5064 2160 5133 voragi-

590 5180 715 5220 nem
759 5174 813 5218 et
842 5164 1170 5233 perniciem;
1204 5160 1343 5215 Deus
1358 5160 1511 5229 jubet
1535 5160 1721 5214 czelam
1752 5161 1924 5227 ipsum
1960 5169 2159 5218 serere,

589 5266 646 5312 et
673 5256 979 5324 centuplum
1007 5254 1118 5320 dat,
1141 5262 1301 5322 atque
1328 5252 1488 5305 vitam
1514 5261 1787 5305 aeternam.
1811 5250 1900 5303 Illa
1921 5258 2162 5303 amatore

587 5356 650 5402 ut
678 5348 944 5417 mancipio
987 5347 1189 5409 utitur,
1230 5344 1419 5414 quovis
1455 5353 1680 5414 tyranno
1709 5341 1991 5406 acerbior;
2026 5341 2163 5393 Deus

584 5458 717 5498 vero
760 5441 889 5496 dicit
934 5457 947 5494 :
992 5432 1256 5493 Jam'non
1297 5436 1464 5489 dicam
1504 5451 1589 5488 vos
1618 5449 1819 5498 servos,
1864 5431 1952 5486 sed
1976 5433 2163 5486 amicos

591 5536 784 5607 (Joan.
818 5534 904 5589 15.
939 5530 1061 5604 15).

660 5629 715 5682 5.
744 5625 1033 5680 Vidistisne
1060 5620 1477 5691 magnitudinem
1505 5618 1592 5673 hic
1620 5618 1903 5680 malorum,
1939 5615 2045 5669 illic
2066 5614 2163 5669 bo-

588 5734 781 5774 norum
810 5719 831 5772 ?
856 5718 992 5785 Quid
1019 5716 1085 5771 ad
1111 5715 1227 5769 haec
1254 5714 1277 5768 τ
1302 5712 1445 5767 Illius
1467 5712 1631 5781 gratia
1663 5710 1814 5763 multi
1841 5707 2083 5779 vigilant,
2111 5716 2166 5760 et

588 5812 869 5882 laipennti
905 5820 1017 5869 toto
1056 5809 1235 5868 animo
1276 5821 1479 5863 morem
1507 5815 1717 5876 gerunt,
1759 5806 1971 5861 domum
2003 5802 2163 5857 relin-

1294 353 1345 410 Β.
1386 350 1660 409 ,ΙΟΑΝΝΙΒ
1697 345 2163 405 CIIRYSOSTOMI
2206 342 2516 399 ARCIIIEP.
2556 338 3082 396 CONSTANTINOP.

3718 339 3823 392 £32

2247 466 2437 527 quunt,
2455 465 2683 526 patrem,
2706 464 2948 517 matrem,
2970 454 3189 517 amicos,
3210 453 3477 522 pecunias,
3505 456 3821 521 patrocinia.

2247 550 2424 603 omnia
2466 564 2559 601 sua
2598 548 2853 601 deserunt
2890 556 2944 600 et
2972 545 3275 600 labefactari
3305 547 3520 610 sinunt;
3566 545 3655 597 Dei
3696 562 3824 598 vero

2245 657 2426 706 causa,
2450 642 2558 695 imo
2598 640 2770 709 potius
2792 639 2958 694 nostri
3003 653 3185 702 causa,
3212 652 3353 708 saepe
3381 654 3447 692 ne
3470 640 3675 693 tertiam
3701 641 3821 707 qni-

2247 736 2368 789 dem
2398 734 2705 812 facultatum
2737 742 2944 803 partem
2978 731 3283 800 expendere
3317 732 3590 797 volumus,
3619 732 3710 785 sed
3743 732 3817 784 fa-

2245 825 2494 879 melicum
2510 824 2855 893 despicimus,
2873 822 3069 877 nudum
3088 822 3325 877 videntes
3343 822 3799 891 prsetercnrrimus

2246 931 2421 985 neque
2459 916 2655 985 alloqui
2682 915 2980 984 dignamur.
3017 913 3164 970 Illius
3191 928 3319 969 vero
3346 915 3390 967 si
3417 914 3717 969 ancillulam
3743 916 3823 968 vi-

2245 1008 2421 1063 derint
2436 1017 2722 1074 amatores,
2742 1006 3021 1063 barbaram
3041 1007 3182 1072 licet,
3202 1007 3253 1062 in
3276 1006 3451 1061 medio
3467 1005 3581 1060 foro
3600 1014 3821 1071 stantes,

2245 1098 2439 1155 blande
2458 1109 2512 1153 et
2533 1097 2685 1152 hilari
2708 1099 2849 1153 vultu
2867 1097 3223 1166 alloquuntur,
3243 1098 3586 1166 longioreqne
3606 1106 3825 1153 utuntur

2246 1204 2515 1245 sermone.
2546 1190 2772 1259 Propter
2801 1191 2946 1244 illam
2973 1190 3105 1245 nihil
3133 1204 3252 1244 esse
3279 1190 3440 1244 vitam
3470 1190 3819 1255 arbitrantur,

2252 1280 2385 1334 nihil
2426 1281 2715 1351 principes,
2755 1280 2887 1335 nihil
2916 1296 3140 1349 regnum
3169 1282 3188 1351 (
3214 1280 3266 1335 id
3292 1281 3465 1335 sciunt
3494 1290 3638 1335 certe
3660 1290 3821 1350 quot-

2248 1382 2373 1440 quot
2394 1371 2533 1426 hunc
2556 1372 2759 1441 experti
2787 1381 2911 1427 sunt
2930 1372 3172 1425 morbum
3193 1372 3212 1440 )
3233 1388 3248 1436 ;
3276 1380 3331 1425 et
3352 1371 3605 1441 majorem
3629 1372 3825 1427 habent

2250 1465 2530 1533 imperanti
2556 1464 2803 1534 gratiam,
2826 1479 2984 1533 quam
3007 1463 3366 1518 servientibus
3391 1465 3619 1518 caeteris.
3638 1462 3826 1518 Nonne

2250 1557 2442 1611 merito
2463 1556 2726 1626 gehenna,
2757 1570 2935 1609 nonne
2956 1555 3229 1609 innumera
3260 1569 3358 1608 nos
3380 1563 3596 1611 manent
3620 1556 3819 1624 suppli-

2250 1647 2377 1701 cia?
2406 1646 2731 1717 Evigilemus
2757 1648 2964 1720 itaque,
2995 1654 3051 1701 et
3093 1646 3186 1700 Dei
3226 1646 3523 1701 ministerio
3558 1646 3822 1701 exhibea-

2251 1754 2370 1791 mus
2390 1748 2481 1792 aut
2501 1739 2827 1796 tantumdem
2849 1749 2939 1794 aut
2958 1738 3232 1795 dimidiam
3259 1746 3403 1792 certe
3424 1747 3623 1807 partem
3640 1755 3821 1793 eorum

2249 1846 2368 1899 quae
2400 1832 2662 1887 meretrici
2695 1836 2873 1888 cteteri
2916 1832 3188 1902 prmbent,
3218 1832 3556 1898 auttertiam,
3584 1840 3643 1886 ut
3669 1833 3823 1887 mini-

2250 1940 2415 1989 mum,
2446 1932 2671 1994 partem.
2699 1924 3062 1981 Forteiterum
3088 1923 3353 1981 horretis?
3378 1922 3443 1978 Et
3468 1939 3567 1993 ego
3593 1939 3820 1994 quoque.

2248 2015 2316 2067 At
2340 2016 2529 2069 vellem
2561 2030 2656 2070 vos
2685 2030 2789 2069 non
2820 2015 2887 2069 de
2912 2015 3084 2070 verbis
3116 2026 3339 2083 tantum,
3366 2016 3459 2074 sed
3495 2023 3545 2065 et
3569 2012 3635 2067 de
3664 2015 3823 2066 rebus

2250 2104 2379 2172 ipsis
2405 2104 2643 2159 horrere.
2674 2106 2826 2161 Nunc
2847 2114 3023 2161 autem
3051 2107 3138 2162 hic
3162 2123 3257 2162 cor
3293 2120 3538 2163 movetur
3557 2148 3573 2171 ,
3612 2102 3816 2175 egressi

2251 2210 2379 2251 vero
2404 2196 2582 2250 omnia
2608 2196 2906 2267 abjicimus.
2934 2196 3071 2266 Quid
3100 2198 3225 2253 hinc
3252 2214 3381 2269 ergo
3408 2199 3537 2253 lucri
3566 2199 3589 2251 ?

2322 2288 2403 2341 Ad
2430 2288 2792 2360 elemosynam
2829 2306 2922 2360 pro
2950 2306 3087 2344 more
3112 2288 3361 2344 hortatur.
3384 2320 3454 2331 —-
3473 2288 3529 2343 Si
3557 2289 3662 2343 illic
3687 2302 3821 2343 con—

2250 2379 2525 2434 sumenda:
2543 2389 2723 2435 essent
2742 2381 3000 2449 pecuniaa,
3020 2396 3178 2435 nemo
3193 2379 3817 2450 deﬁeretpaupertatem,

2251 2471 2347 2527 sed
2378 2472 2726 2528 fmneraretur
2756 2475 2855 2528 etsi
2881 2489 3025 2544 saepe
3049 2484 3235 2545 captus
3257 2473 3445 2530 fuisset
3470 2493 3486 2530 :
3511 2474 3602 2529 hic
3625 2490 3749 2529 vero
3773 2476 3823 2529 si

2252 2564 2588 2636 eleemosyna
2607 2564 2928 2632 nominetur,
2945 2567 3122 2619 statim
3142 2566 3293 2630 ﬁlios,
3319 2580 3563 2632 uxorem,
3584 2566 3823 2630 donmm,

2252 2670 2435 2710 curam
2461 2656 2538 2711 rei
2568 2654 2865 2723 familiaris,
2891 2666 2947 2712 et
2975 2657 3137 2713 millia
3176 2657 3530 2712 obtendimns.
3561 2655 3663 2711 Sed
3688 2656 3827 2709 mul-

2255 2756 2337 2809 ta,
2370 2747 2607 2815 inquies,
2640 2747 2749 2801 illic
2786 2749 3033 2818 voluptas
3062 2758 3162 2804 est.
3198 2749 3306 2802 Hoc
3334 2757 3416 2803 est
3453 2747 3593 2818 quod
3628 2746 3821 2813 doleo,

2252 2836 2321 2891 de
2346 2851 2451 2906 quo
2479 2838 2773 2891 excrucior.
2800 2838 2935 2904 Quid
2970 2853 3099 2893 vero
3137 2838 3181 2892 si
3211 2838 3498 2893 ostendero
3538 2837 3624 2893 hic
3651 2840 3822 2905 majo-

2254 2944 2369 2983 rem
2392 2944 2515 2985 esse
2544 2930 2913 2999 voluptatem?
2944 2930 3054 2985 Illic
3078 2930 3220 2984 enim
3246 2946 3349 2984 non
3378 2944 3563 2999 parum
3586 2928 3827 2998 volupta—

2254 3033 2362 3078 tem
2403 3024 2594 3078 minuit
2630 3024 2831 3093 pudor,
2872 3022 3226 3086 contumelia,
3270 3031 3550 3092 sumptus;
3595 3024 3826 3089 itemque

2253 3115 2453 3171 bellum
2483 3125 2537 3169 et
2561 3116 2850 3171 inimicitia:
2873 3134 2889 3171 :
2914 3116 2999 3171 hic
3024 3131 3154 3171 vero
3181 3116 3312 3170 nihil
3344 3115 3660 3185 huiusmodi.
3682 3114 3823 3182 Quid

2256 3213 2419 3276 enim,
2463 3227 2660 3282 quaeso,
2696 3211 2820 3266 huic
2848 3211 3098 3280 voluptati
3137 3225 3233 3281 par
3259 3224 3377 3265 esse
3417 3210 3600 3278 possit,
3638 3208 3829 3262 sedere

2256 3317 2478 3372 regnum
2505 3304 2756 3357 caelorum
2778 3312 3173 3372 exspectantem
3191 3344 3206 3367 ,
3236 3312 3539 3356 sanctorum
3570 3299 3830 3370 splendo-

2257 3410 2392 3459 rem,
2424 3395 2582 3448 vitam
2609 3394 2961 3463 perpetuam?
2983 3396 3074 3461 At,
3105 3393 3333 3463 inquies,
3363 3392 3476 3446 haec
3504 3399 3827 3461 exspectan-

2260 3494 2365 3551 tur,
2404 3486 2494 3540 illa
2524 3486 2847 3554 experimur.
2889 3484 3169 3552 Quomodo
3204 3483 3462 3553 experiris
3490 3482 3513 3534 ‘l
3544 3482 3701 3536 Visne
3729 3482 3827 3535 tibi

2258 3577 2535 3633 ostendam
2577 3576 2663 3631 hic
2691 3593 2901 3646 quoque
2938 3578 3362 3644 experimentum
3392 3573 3574 3628 haberi
3600 3573 3623 3626 t
3646 3571 3831 3641 Cogita

2258 3680 2455 3741 quanta
2480 3670 2669 3725 fruaris
2696 3669 2960 3734 libertate,
2989 3667 3129 3738 quod
3158 3667 3356 3721 nullum
3386 3666 3571 3719 timeas
3603 3664 3683 3717 vel
3713 3673 3830 3716 tre-

2259 3776 2375 3817 mas
2402 3762 2526 3816 dum
2561 3762 2806 3816 virtutem
2839 3760 3093 3824 sectaris,
3125 3774 3233 3812 non
3268 3758 3540 3811 inimicum
3567 3796 3580 3817 .
3616 3770 3715 3809 non
3750 3755 3835 3807 in-

2262 3856 2568 3910 sidiatorem
2591 3896 2607 3919 ,
2640 3868 2744 3907 non
2786 3853 3164 3923 sycophantam
3189 3891 3205 3916 ,
3252 3865 3359 3903 non
3388 3848 3633 3901 aamulum
3659 3886 3673 3910 ,
3718 3861 3833 3898 non

2262 3946 2502 4008 rivalem,
2528 3960 2630 3999 non
2654 3944 2975 4015 zelotypum,
2999 3958 3104 3996 non
3132 3948 3518 4012 paupertatem,
3547 3954 3649 3991 non
3675 3938 3834 4006 aegri-

2265 4039 2523 4101 tudinem,
2539 4052 2642 4092 non
2655 4036 2796 4090 aliud
2817 4035 3083 4105 quidpiam
3103 4034 3411 4087 humanum.
3434 4031 3543 4085 Illic
3563 4044 3705 4093 vero,
3729 4030 3835 4081 etsi

2265 4131 2544 4186 innumera
2571 4144 2635 4184 ex
2662 4138 2786 4182 voto
2805 4126 3112 4190 succedant,
3135 4134 3190 4180 et
3205 4125 3401 4179 divitia:
3420 4126 3568 4193 quasi
3595 4137 3660 4176 ex
3684 4119 3838 4174 fonte

2264 4232 2503 4286 manent,
2546 4221 2793 4277 rivalinm
2823 4219 3040 4282 bellum,
3078 4217 3304 4282 insidim,
3336 4214 3569 4269 omnium
3596 4211 3836 4266 miserri-

2264 4332 2407 4372 mam
2472 4316 2682 4370 illorum
2719 4315 2879 4368 vitam
2909 4311 3162 4375 efﬁciunt,
3186 4308 3275 4378 qui
3306 4307 3360 4362 in
3398 4305 3480 4360 his
3507 4303 3836 4358 volutantur.

2264 4410 2346 4465 Ad
2375 4408 2698 4477 voluptatem
2727 4406 2867 4460 enim
2910 4402 3050 4458 illius
3086 4399 3398 4470 respuenda:
3438 4404 3494 4451 et
3518 4393 3839 4449 effeminata:

2266 4516 2487 4557 necesse
2530 4509 2611 4554 est
2637 4497 2836 4553 moveri
2868 4495 3004 4550 bella
3040 4510 3054 4560 ;
3081 4491 3221 4562 quod
3251 4490 3396 4544 mille
3424 4485 3682 4542 mortibus
3705 4497 3839 4552 gra-

2264 4596 2383 4650 vins
2411 4603 2464 4648 et
2504 4590 2649 4646 omni
2676 4588 2935 4659 supplicio
2968 4581 3349 4640 intolerabilius
3385 4587 3487 4634 est.
3536 4576 3630 4631 Hic
3654 4585 3841 4628 autem

2267 4684 2399 4740 nihil
2425 4680 2745 4752 huiusmodi.
2778 4677 3019 4742 Fructus,
3045 4676 3211 4740 enim,
3242 4672 3432 4743 inquit,
3466 4668 3710 4738 Spiritus,
3738 4683 3837 4720 ca-

2265 4779 2411 4842 ritas,
2440 4774 2708 4846 gaudium,
2734 4786 2835 4840 pax
2879 4767 3039 4840 (Gal.
3073 4768 3125 4821 5.
3156 4765 3226 4819 22
3245 4762 3287 4837 ).
3318 4763 3585 4832 Nusquam
3612 4758 3844 4823 bellum,

2268 4884 2376 4924 non
2402 4863 2760 4935 intempestivi
2793 4860 3133 4933 pecuniarum
3162 4865 3423 4925 sumptus,
3468 4868 3572 4907 non
3604 4860 3719 4921 post
3743 4864 3848 4903 ex-

2267 4974 2486 5030 pensam
2512 4954 2794 5025 cpprobria
2826 4971 2839 5006 :
2871 4952 2917 5006 si
2940 4950 3155 5005 obolum
3181 4949 3299 5014 des,
3331 4947 3373 5001 si
3404 4958 3614 5014 panem,
3644 4941 3687 4996 si
3716 4941 3848 4995 cali-

2266 5066 2381 5106 cem
2413 5064 2564 5120 aqua:
2589 5047 2810 5115 frigidae,
2842 5044 3003 5097 multa
3033 5040 3124 5095 tibi
3151 5039 3314 5111 gratia
3342 5036 3642 5096 habebitur,
3674 5032 3849 5086 nihil-

2267 5158 2371 5213 que
2385 5152 2439 5196 te
2466 5154 2695 5195 maerore
2715 5136 2965 5192 doloreve
2984 5132 3176 5187 afﬁciet
3195 5147 3209 5196 ;
3227 5128 3319 5184 sed
3336 5127 3510 5183 omnia
3538 5134 3590 5180 te
3610 5124 3846 5179 liberum

2267 5235 2661 5305 gloriosumque
2703 5230 2965 5293 reddent,
3012 5234 3066 5281 et
3109 5224 3177 5278 ab
3218 5223 3361 5277 omni
3410 5232 3460 5276 te
3512 5215 3849 5288 turpitudine

2269 5328 2587 5383 liberabant.
2638 5323 2805 5390 Quam
2862 5336 2990 5390 ergo
3040 5317 3432 5373 excusationem
3483 5311 3849 5371 habebimus,

2271 5436 2429 5491 quam
2458 5419 2687 5482 veniam,
2728 5416 2818 5485 qui
2856 5414 2971 5468 haec
3008 5411 3386 5480 relinquimus,
3419 5404 3703 5463 contrariis
3742 5417 3849 5457 nos

2269 5515 2477 5579 damus,
2506 5520 2562 5566 et
2590 5512 2640 5563 in
2669 5510 2933 5564 caminum
2963 5506 3099 5576 ignis
3118 5502 3353 5557 ardentis
3379 5515 3474 5555 nos
3505 5506 3693 5566 sponte
3711 5511 3851 5550 con-

2265 5609 2480 5679 jicimus
2506 5606 2532 5659 τ
2557 5603 2733 5671 Quare
2777 5599 2965 5653 hortor
2994 5611 3087 5653 eos
3112 5595 3201 5666 qui
3229 5594 3331 5649 hoc
3354 5590 3542 5646 morbo
3573 5590 3843 5654 laborant,

2270 5711 2328 5756 ut
2353 5698 2688 5766 resipiscant,
2717 5703 2771 5747 et
2789 5691 2854 5745 ad
2883 5690 3160 5746 sanitatem
3185 5686 3423 5747 redeant,
3448 5695 3547 5735 nec
3574 5682 3624 5733 in
3646 5680 3847 5747 despe-

2276 5796 2535 5852 rationem
2558 5788 2813 5844 incidant.
2834 5781 2962 5840 Nam
2984 5792 3037 5837 et
3057 5781 3145 5838 ille
3164 5779 3300 5834 ﬁlius
3320 5775 3402 5832 his
3426 5772 3583 5850 longe
3601 5770 3848 5842 graviora
