4126 6366
280 384 379 441 431

1333 391 1399 447 IN
1433 390 1749 447 JOANNEM
1784 389 2017 447 HOMIL.
2058 390 2295 448 LXXIX.
2336 394 2410 449 al.
2450 379 2731 454 Lxxvm.
2830 450 2833 455 .

3611 405 3715 464 452

273 503 344 556 τὰ
369 501 527 573 μέλη
562 503 729 574 ὑμῶν·
758 506 949 562 δοῦλα
992 506 1065 576 τῇ
1111 508 1446 577 ἀκαθαρσίᾳ
1475 510 1573 563 καί
1602 509 1678 579 τῇ
1724 509 1942 604 ἀνομίᾳ,
2045 510 2497 605 παρατρέχομενρ
2519 516 2754 586 γυμνὸν,
2796 517 2887 571 καὶ
2940 518 3061 573 οὐδὲ
3112 520 3270 590 λόγου
3335 527 3743 605 μεταδίδομενη.

272 590 359 655 είς
386 589 501 657 τὴν
532 592 809 661 ἀνομίαν-ο
838 594 989 646 οὕτω
1023 594 1454 663 παραστήσατε
1482 596 1553 650 τὰ
1589 597 1745 667 μέλη
1772 594 1940 663 ὑμῶν

269 676 464 732 δοῦλα
494 679 570 748 τῇ
599 680 973 749 δικαιοσύνῃ.
992 684 1090 736 Διά
1114 683 1270 737 τοῦτο
1293 686 1387 738 καί⁵
1414 687 1577 754 ἡμεῖς
1608 685 1939 758 θαρροῦντες

270 766 513 835 ἑπόμεθα
560 768 654 821 τοῦ
703 769 1167 840 παραδείγματος.
1225 772 1343 840 Οὐχ
1403 774 1536 845 δρᾷς
1589 773 1768 827 τοίνυν
1810 774 1939 837 τοὺς

269 853 539 923 ἐρῶντας,
583 856 729 909 πόσα
767 852 912 912 οὗτοι
951 859 1166 930 πορνῶν
1203 861 1476 929 γυναικῶν
1526 861 1937 933 περικαιόμενοι

268 941 536 1012 πάσχουσι
592 943 763 1009 δεινά,
815 944 1189 1017 ῥαπιζόμενοι,
1226 947 1574 1019 τυπτόμενοι,
1613 946 1934 1020 γελώμενοι,

270 1028 651 1102 θρυπτομένης
684 1032 1000 1104 ἀνεχόμενοι
1033 1034 1259 1106 πόρνης,
1289 1034 1807 1106 ἀποστρεφομένης,
1835 1052 1937 1107 μυ-

267 1118 359 1190 ρία
385 1119 749 1192 ὐϐριξούσης;
794 1122 934 1175 Ἀλλ’
960 1123 1109 1194 ὅμως
1140 1122 1245 1177 κᾶν
1275 1122 1424 1189 ἀπαξ
1453 1122 1554 1194 ἡδύ
1587 1140 1641 1177 τι
1669 1123 1765 1177 καὶ⁸
1795 1124 1935 1194 ἦμε-

267 1223 361 1276 ρον
400 1206 617 1275 ῐδωσιν,
668 1209 847 1264 πάντα
899 1209 1082 1275 αὐτοῖς
1133 1211 1194 1264 ἐν
1243 1210 1554 1282 εὐπραγίᾳ,
1602 1212 1698 1265 καὶ
1752 1210 1933 1263 πάντα

263 1294 470 1365 οἴχεται
508 1296 577 1351 τά
606 1298 867 1371 πρότερα,
894 1300 988 1353 καί
1019 1300 1198 1353 πάντα
1227 1298 1287 1364 ἐξ
1313 1298 1512 1369 οὐρίων
1549 1297 1797 1370 φέρεται,
1826 1298 1932 1352 κᾶν

263 1385 445 1450 πενία,
495 1384 600 1439 κᾶν
638 1386 813 1453 νόσος,
852 1386 954 1440 κᾶν
990 1387 1168 1441 ὁτιοῦν
1204 1387 1418 1450 τούτοις
1446 1386 1653 1457 ἕτερον.
1685 1386 1789 1439 Τὸν
1819 1385 1929 1457 γάρ

264 1470 379 1541 βίον
414 1472 505 1525 τὸν
549 1473 755 1527 ἑαυτῶν
794 1474 1035 1529 τίθενται
1070 1473 1252 1528 ἀθλιόν
1289 1490 1348 1527 τε
1397 1473 1492 1527 καὶ
1528 1472 1817 1544 μακάριον,
1851 1471 1928 1535 ὡς

259 1558 327 1613 ἀν
357 1560 456 1631 τὴν
494 1561 777 1631 ἐρωμένην
802 1560 967 1632 ἔχωσι
1007 1560 1149 1631 πρὸς
1172 1561 1369 1624 αὐτοὺς
1404 1560 1772 1632 διακειμένην.
1812 1558 1925 1613 Καὶ

259 1650 322 1702 οὐ
355 1648 512 1716 δόξαν
561 1649 739 1702 ἴσασιν
787 1650 1157 1722 ἀνθρωπίνην,
1209 1650 1310 1704 οὐκ
1340 1649 1583 1721 ἀτιμίαν⁶
1622 1648 1780 1711 ἀλλά,
1821 1647 1924 1701 κᾶν

258 1737 455 1809 ὑϐρίζῃ
486 1754 590 1801 τις,
622 1737 725 1790 ὐπὸ
754 1737 854 1808 τῆς
876 1736 1078 1807 πολλῆς
1099 1737 1293 1808 ἡδονῆς
1322 1738 1416 1791 καὶ
1438 1738 1534 1807 τῆς
1559 1738 1688 1807 παρ’
1707 1735 1922 1804 ἐκείνης

256 1826 557 1895 εὐημερίας
584 1825 800 1879 ἀπάντα
840 1826 1064 1896 φέρουσι
1103 1825 1320 1897 ῥᾳδίωςο
1357 1826 1540 1895 ἐκείνη
1578 1824 1635 1878 δὲ
1674 1825 1779 1877 κᾶν
1811 1824 1923 1877 λοι-

142 1946 145 1947 ν
252 1912 576 1984 δορήσηται,
599 1913 703 1967 κᾶν
725 1915 805 1978 εἰς
824 1913 885 1966 τὸ
902 1913 1190 1985 πρόσωπον
1208 1914 1407 1985 πτύσῃ,
1437 1913 1609 1985 ῥόδοις
1632 1912 1920 1985 βάλλεσθαι

252 2002 535 2071 νομίζουσι
568 2001 741 2056 ταῦτα
777 2004 1099 2072 πάσχοντες.
1124 2003 1237 2055 Καὶ
1272 2001 1325 2055 τί
1355 1994 1686 2071 θαυμαστὸν,
1713 2003 1762 2054 εἰ
1789 2001 1920 2072 περὶ

248 2089 420 2159 αὐτὴν
441 2088 583 2144 οῦτω
610 2090 941 2156 διάκεινται;
972 2090 1083 2142 Καὶ
1119 2089 1227 2158 γὰρ
1256 2089 1354 2161 τὴν
1377 2088 1554 2143 οἰκίαν
1581 2089 1679 2158 τὴν
1702 2087 1917 2159 ἐκείνης

248 2179 442 2231 πασῶν
488 2174 628 2231 εἰναι
664 2178 1053 2250 λαμπροτέραν
1090 2176 1403 2248 νομίζουσι,
1452 2177 1559 2230 κᾶν
1608 2175 1808 2247 πηλίνη
1852 2170 1910 2248 ᾖ,

248 2263 351 2316 κᾶν
375 2264 812 2318 καταπίπτουσα.
856 2264 966 2318 Καὶ
984 2263 1200 2341 τίλέγω
1231 2264 1356 2327 τούς
1376 2262 1586 2333 τοίχους
1610 2278 1625 2326 ;
1666 2261 1773 2316 Καὶ
1802 2262 1912 2333 γὰρ

245 2351 374 2413 τούς
417 2351 616 2415 τόπους
662 2352 898 2416 αὐτοὺς,
960 2350 1089 2406 ἔνθα
1140 2350 1504 2422 διατρίϐουσιν
1552 2352 1612 2404 ἐν
1662 2349 1909 2421 ἑσπέρᾳ,

244 2438 477 2507 ὁρῶντες
514 2439 900 2493 διανίστανται.
935 2439 1198 2494 Ἐνταῦθα
1224 2438 1280 2492 δέ
1313 2455 1404 2510 μοι
1436 2437 1597 2492 δότεει
1629 2437 1814 2491 λοιπὸν
1850 2437 1912 2491 τὸ

244 2525 603 2578 ἀποστολικὸν
650 2528 845 2581 εἰπεῖν.
895 2526 1160 2599 Καθάπερ
1206 2526 1415 2591 ἐκεῖνός
1462 2542 1645 2597 φησιν·
1683 2527 1911 2594 Ὥσπερ

243 2615 667 2682 παρεστήσατε
702 2616 774 2670 τὰ
810 2616 969 2685 μέλη
1004 2615 1170 2686 ὑμῶν
1200 2614 1393 2668 δοῦλα
1427 2613 1502 2683 τῇ
1543 2614 1906 2681 ἀκαθαρσίᾳ,

244 2700 399 2754 οὕτω
427 2703 856 2770 παραστήσατε
885 2703 958 2757 τὰ
994 2702 1154 2774 μέλη
1198 2700 1368 2773 ὑμῶν
1410 2699 1485 2770 τῇ
1529 2700 1906 2769 δικαιοσύνῃ’

242 2789 336 2842 τὸν
366 2789 527 2845 αὐτὸν
554 2792 754 2862 τρόπον
785 2790 940 2861 κάγὼ
969 2791 1131 2860 λέγωο
1172 2790 1247 2856 ὡς
1280 2790 1648 2862 ἠγαπήσαμεν
1681 2787 1906 2853 ταύτας,

241 2878 620 2950 ἀγαπήσωμεν
666 2879 967 2950 ἀλλήλους,
1024 2881 1120 2933 καὶ
1164 2879 1316 2934 οὐδὲν
1369 2878 1540 2931 δεινὸν
1590 2875 1908 2948 ἡγησόμεθα

241 2969 493 3039 πάσχειν.
544 2970 652 3023 Καὶ
709 2970 763 3023 τί
799 2968 943 3042 λέγω
982 2969 1272 3040 ἀλλήλους·
1324 2966 1497 3031 οὕτως
1534 2966 1908 3038 ἀγαπήσωμεν

239 3056 333 3109 τὸν
360 3056 515 3110 Θεόν.

326 3231 611 3303 Ἐφρίξατε
655 3232 1008 3298 ἀκούσαντες,
1050 3234 1133 3287 ὃτι
1168 3233 1423 3287 τοσοῦτον
1452 3231 1670 3287 ἀπαιτῶ
1707 3231 1908 3302 μέτρον

238 3322 464 3392 ἀγάπης
496 3323 589 3375 ἐπὶ
610 3322 766 3389 Θεοῦ,
796 3323 920 3375 ὅσον
949 3323 1077 3393 περὶ
1113 3322 1212 3394 τὴν
1242 3322 1448 3392 πόρνην
1483 3319 1903 3390 ἐπεδειξάμεθα;

250 3409 392 3463 Ἀλλ’
432 3408 543 3477 ἐγὼ
586 3410 827 3481 φρίττω,
875 3410 958 3463 δτι
1007 3409 1128 3463 οὐδέ
1174 3409 1428 3462 τοσοῦτον
1461 3406 1902 3479 ἐπιδεικνύμεθα.

239 3493 373 3555 Καὶ,
412 3494 460 3545 εἰ
493 3491 767 3562 βούλεσθε,
802 3492 1178 3564 ἐπεξέλθωμεν
1198 3490 1276 3563 τῷ
1307 3491 1471 3561 λόγῳ,
1502 3494 1551 3545 εἰ
1576 3492 1673 3545 καὶ
1702 3492 1905 3562 σφόδρα

236 3580 498 3651 φορτικὸν
538 3581 601 3633 τὸ
634 3581 942 3652 λεγόμενον.
985 3581 1050 3634 Ἦ
1094 3581 1342 3652 ἐρωμένη
1374 3576 1487 3644 τοῖς
1525 3581 1724 3652 ἐρῶσιν
1753 3580 1903 3633 οὐδὲν

236 3670 581 3739 ὑπισχνεῖται
629 3670 887 3741 χρηστὸν,
932 3670 1046 3724 ἀλλ’
1077 3670 1321 3740 ἀτιμίαν,
1353 3670 1449 3723 καὶ
1489 3670 1772 3741 αἰσχύνην,
1810 3670 1904 3721 καὶ

236 3757 418 3829 ῦϐριν.
464 3757 633 3811 Τοῦτο
672 3759 781 3830 γὰρ
838 3757 976 3813 εἶναι
1016 3762 1160 3813 ποιεί
1194 3759 1256 3811 τὸ
1297 3759 1677 3831 προσεδρεύειν
1729 3757 1904 3829 πόρνῃ

232 3847 476 3918 γυναικὶ,
512 3847 955 3916 καταγέλαστον,
1011 3846 1255 3917 αἰσχρὸν,
1306 3846 1519 3917 ἄτιμον.
1574 3848 1631 3901 Ὁ
1667 3847 1724 3901 δὲ
1769 3847 1901 3911 Θεὸς

233 3935 485 4006 οὐρανὸν,
526 3934 620 3987 καὶ
661 3935 729 3988 τά
758 3936 815 3988 ἐν
843 3935 1090 4005 οὐρανοῖς
1132 3935 1531 4003 ἐπαγγέλλεται
1572 3935 1775 4004 ἀγαθὰ,
1806 3937 1900 3988 καί

237 4022 388 4085 υίούς
412 4024 560 4093 ἡμᾶς
585 4022 833 4092 ἐποίησε,
865 4023 961 4074 καί⁹
990 4021 1253 4092 ἀδελφοὺς
1284 4023 1375 4076 τοῦ
1415 4023 1775 4091 Μονογενοῦς,
1809 4025 1901 4077 καὶ

233 4108 399 4174 ζῶντί
443 4128 525 4164 σοι
562 4112 732 4182 μυρία
778 4108 1043 4181 παρέσχε,
1090 4113 1186 4166 καὶ
1221 4113 1539 4168 τελευτῶντι
1578 4111 1897 4177 ἀνάστασιν,

233 4198 329 4252 καὶ
354 4197 594 4252 τοσαῦτα
623 4198 1022 4269 ἐπαγγέλλεται
1054 4198 1247 4255 δώσειν
1278 4200 1486 4268 ἀγαθὰ,
1521 4202 1620 4254 ὅσα
1651 4201 1785 4271 μηδέ
1809 4202 1897 4253 ἐν-

232 4287 425 4358 νοῆσαι
452 4285 695 4350 δυνατὸν,
734 4289 829 4341 καὶ
856 4286 1074 4358 τιμίους
1100 4287 1194 4341 καὶ
1221 4288 1536 4357 αἰδεσίμους
1563 4290 1711 4359 ἡμᾶς
1731 4290 1894 4349 ποιεῖ.

233 4379 346 4431 Καὶ
376 4377 558 4439 πάλιν,
591 4376 776 4446 ἐκείνη
804 4377 1045 4451 δαπανᾷν
1076 4376 1373 4445 ἀναγκάζει
1401 4377 1577 4432 πάντα
1607 4377 1677 4430 τά
1715 4376 1898 4431 αὐτῶν

231 4467 314 4529 εἰς
348 4462 620 4535 βάραθρον
649 4464 741 4516 καὶ
766 4462 1062 4518 ἀπώλειαν·
1098 4464 1127 4517 ὁ
1158 4463 1215 4518 δὲ
1243 4465 1376 4529 Θεὸς
1410 4465 1653 4536 σπείρειν
1682 4464 1897 4519 κελεύει

232 4551 322 4605 τὸν
347 4550 594 4622 οὐρανὸν,
629 4552 724 4604 καί⁵
766 4551 1302 4605 ἑκατονταπλασίονα
1352 4550 1552 4615 δίδωσι,
1601 4552 1694 4605 κα)⁵
1742 4551 1894 4625 [471]

234 4638 379 4709 ζωὴν
412 4638 648 4692 αἰώνιον.
681 4638 871 4700 Πάλιν,
921 4638 1104 4708 ἐκείνη
1154 4639 1229 4703 ὡς
1279 4638 1593 4710 ἀνδραπόδῳ
1632 4640 1894 4711 κέχρηται

231 4724 311 4795 τῷ
360 4724 637 4793 φιλοῦντι,
678 4725 942 4796 τυράννου
992 4725 1192 4789 παντὸς
1248 4724 1624 4796 χαλεπώτερον
1671 4727 1893 4781 ἐπιτάτ-

226 4827 419 4866 τουσα·
450 4813 478 4864 ὁ
504 4812 559 4865 δὲ
584 4812 713 4875 Θεός
743 4830 929 4882 φησιν,
963 4811 1175 4868 Οὐκέτι
1211 4813 1366 4884 λέγω
1403 4814 1558 4883 ὑμᾶς
1600 4814 1889 4882 δούλους,

225 4897 395 4953 ἀλλά
428 4901 665 4968 φίλους.

300 5076 360 5123 ε’.
380 5070 565 5123 Εῖδετε
591 5070 690 5139 τὴν
712 5068 1016 5141 ὑπερϐολὴν
1039 5072 1133 5124 καὶ
1162 5070 1270 5124 τῶν
1295 5072 1527 5127 ἐνταῦθα
1557 5076 1763 5140 κακῶν,
1796 5080 1892 5132 καὶ

223 5157 340 5210 τῶν
370 5156 592 5223 ἀγαθῶν
623 5156 733 5209 τῶν
767 5156 1010 5221 ἐκεῖθεν;
1037 5158 1102 5210 Τί
1136 5154 1229 5211 οὖν
1255 5158 1323 5211 τά
1347 5160 1485 5230 μετά
1512 5161 1712 5229 ταῦτα;
1745 5165 1890 5218 Ταύ-

222 5262 330 5316 της
378 5244 474 5313 μέν
506 5244 691 5296 ἕνεκεν
729 5244 821 5297 καί
859 5244 1193 5313 ἀγρυπνοῦσι
1242 5246 1463 5312 πολλοὶ,
1521 5249 1613 5302 καὶ
1652 5251 1793 5320 άπερ
1823 5252 1890 5305 ἂν

224 5331 480 5402 ἐπιτάξῃ,
506 5331 642 5397 μετά
660 5330 965 5400 προθυμίας
987 5332 1343 5398 ὑπακούουσι,
1359 5336 1454 5389 καὶ
1475 5337 1651 5390 οἰκίαν
1670 5339 1888 5408 ἀφιᾶσι,

225 5419 325 5472 καὶ
354 5419 584 5487 πατέρα,
624 5420 717 5471 καὶ
746 5420 976 5489 μητέρα.
1003 5420 1096 5472 καὶ
1126 5420 1332 5489 φίλους,
1373 5424 1465 5476 καὶ
1492 5425 1769 5494 χρήματα,
1794 5428 1890 5481 καὶ

224 5508 588 5578 προστασίαν,
624 5508 717 5559 καὶ
755 5507 930 5560 πάντα
976 5509 1032 5560 ἐν
1064 5510 1266 5581 ἀπορίᾳ
1294 5512 1388 5563 καὶ
1417 5512 1622 5584 ἐρημίᾳ
1674 5514 1742 5569 τά
1787 5517 1886 5568 αὐ-

223 5595 354 5647 τῶν⁸
382 5593 474 5646 τοῦ
502 5594 559 5646 δὲ
590 5593 725 5646 θεοῦ
758 5593 1016 5659 πολλάκις
1044 5597 1248 5660 ἕνεκεν,
1296 5598 1493 5669 μᾶλλον
1518 5601 1574 5653 δέ
1607 5603 1762 5672 ἡμῶν
1785 5605 1887 5658 αὐ-

223 5681 336 5734 τῶν
384 5682 590 5747 ἕνεκεν,
646 5682 765 5735 οὐδέ
814 5682 1000 5751 τρίτην
1038 5687 1229 5755 μοῖραν
1265 5687 1539 5741 ἀναλῶσαι
1587 5690 1888 5761 αἱρούμεθα

222 5769 335 5821 τῶν
373 5768 561 5833 ὄντων,
615 5769 751 5823 ἀλλά
798 5770 1067 5824 πεινῶντα
1104 5774 1335 5844 δρῶντες
1382 5776 1747 5848 περιορῶμεν,
1792 5782 1887 5833 καὶ

222 5963 316 6073 no;
336 5961 537 6022 Quidam
581 5963 776 6011 ἐνταῦθα
814 5965 933 6013 δότε.
972 5964 1142 6015 More}.
1196 5968 1392 6018 ἐνταῦθα
1416 5971 1464 6019 δὲ
1488 5973 1592 6021 δότε
1652 5975 1802 6028 Savil,
1833 5983 1884 6030 ιιι

2056 597 2304 684 ξΕκείνης
2342 601 2399 653 δὲ
2435 600 2539 655 κᾶν
2590 602 2944 674 θεραπαινίδα
2996 608 3179 663 ἴδωσιν
3232 611 3283 664 οί
3322 597 3725 684 ἐρασταὶ,-καὶέ

2043 683 2339 756 βάρϐαρον,
2379 689 2438 741 ἐν
2466 688 2603 762 μέσῃ
2628 694 2694 763 τῇ
2723 692 2898 763 ἀγορᾷ
2923 694 3176 760 ἑστῶτες,
3209 683 3399 772 ὥσπερ
3434 703 3727 771 ἐγκαλλω-.

2040 772 2345 862 πιζόμενοι,
2377 775 2472 828 καὶ
2501 776 2862 849 ἀγαλλόμενοι
2888 780 3247 852 διαλέγονται,
3278 789 3505 859 μακρῶν
3532 791 3727 862 λόγωνί

2040 860 2407 925 ἀνελίττοντες
2435 864 2703 930 διαύλους·
2738 868 2831 921 καὶ
2867 869 3019 924 οὐδὲν
3064 869 3203 926 εἶναι
3238 874 3331 928 τὸν
3377 876 3492 945 βίον
3529 860 3725 936 πάντα

2040 948 2322 1019 νομίξουσι
2355 949 2424 1003 δι’
2455 951 2643 1024 αὐτὴν,
2684 954 2786 1008 οὐκ
2833 956 3120 1028 ἄρχοντας,
3170 960 3231 1014 οὐ
3268 961 3545 1033 βασιλείαν
3589 962 3725 1035 (καὶῗ

2036 1036 2216 1129 [σασιν
2244 1038 2369 1129 ὅσοι
2386 1040 2482 1094 τοῦ
2516 1043 2821 1113 νοσήματος
2848 1045 3101 1117 εἰλήφασι
3140 1053 3380 1123 πεῖραν)·
3413 1056 3506 1109 καὶ
3540 1057 3702 1129 χάριν

2034 1124 2218 1195 έχουσι
2247 1126 2467 1181 πλείονα
2496 1129 2878 1219 ἐπιταττούσῃ,
2900 1134 2934 1207 ἡ
2956 1135 3297 1194 δουλεύουσιν
3321 1124 3699 1219 έτέροιςίτᾹρ⁹

2033 1214 2136 1268 οὐκ
2166 1215 2390 1279 είκότως
2412 1217 2645 1287 γέεννα;
2678 1215 2768 1290 ἀρ’
2793 1223 2895 1275 οὐκ
2930 1224 3155 1289 εἰκότως
3184 1228 3373 1299 μυρίαι
3412 1214 3663 1299 κολάσεις
3682 1214 3722 1307 ςξ

2046 1300 2433 1391 ξΑνανὴψωμεν
2483 1307 2696 1375 τοίνυν,
2744 1310 2840 1364 καὶ
2885 1313 3259 1387 παράσχωμεν
3299 1322 3367 1391 τῇ
3414 1321 3509 1376 τοῦ
3562 1300 3721 1379 ΘεοῦΞ

2030 1387 2277 1461 διακονίᾳ
2307 1391 2410 1445 κᾶν
2429 1394 2700 1461 τοσοῦτον,
2727 1397 2833 1451 κᾶν
2857 1398 2919 1453 τὸ
2938 1401 3110 1471 ἥμισυ
3132 1404 3316 1477 μέρος,
3340 1387 3400 1461 οὐ
3429 1411 3497 1480 τῇ
3524 1396 3721 1486 πόρνῃ⁵

2031 1479 2365 1549 παρέχουσιν
2384 1480 2583 1553 ἕτεροι,
2612 1484 2718 1538 κᾶν
2741 1486 2802 1540 τδ
2820 1488 3025 1558 τρίτον.
3043 1491 3199 1561 Τάχα
3226 1479 3720 1567 φρίττετείπάλιντξῖ

2029 1567 2126 1656 καί
2155 1567 2265 1638 γάρ
2285 1570 2388 1656 καὶ
2425 1571 2607 1635 αὐτός.
2636 1572 2777 1627 Ἀλλ’
2806 1576 2908 1631 οὐκ
2930 1577 3241 1653 ἠϐουλόμην
3272 1582 3493 1639 ἐπὶτῶν
3522 1582 3717 1656 λόγων

2031 1652 2213 1743 μόνον,
2246 1654 2528 1743 ἀλλάῗῄκαί
2569 1659 2661 1713 ἐπὶ
2708 1661 2818 1716 τῶν
2864 1652 3207 1736 πραγμάτων
3245 1670 3490 1739 φρίττειν
3527 1652 3692 1743 ὑμᾶς.

2024 1738 2141 1827 ῌῦν
2172 1739 2229 1793 δὲ
2250 1741 2484 1797 ἐνταῦθα
2519 1745 2618 1815 μὲν
2644 1748 2779 1818 ἡμῖν
2809 1750 2843 1819 ἡ
2893 1751 3089 1822 καρδία
3132 1738 3500 1823 συστέλλεται,
3544 1738 3695 1827 ἐξελ-

2023 1824 2207 1892 θόντες
2232 1828 2291 1882 δὲ
2317 1829 2493 1885 πάντα
2521 1834 2803 1907 ρίπτομεν.
2831 1838 2897 1891 Τί
2933 1834 3026 1893 οὖν
3054 1838 3115 1894 τὸ
3146 1841 3364 1914 κέρδοςς

2095 1987 2192 2039 Ἂν
2226 1985 2325 2055 μὲν
2354 1987 2462 2059 γάρ
2491 1988 2607 2043 ἐκεῖ
2636 1991 2730 2062 δέῃ
2761 1995 3017 2065 χρήματα
3042 1996 3374 2065 ἀναλίσκειν,
3397 1999 3571 2065 οὐδεὶς
3594 1996 3711 2055 πε-’

2020 2071 2141 2124 νίαν
2172 2072 2440 2143 ὀδύρεται,
2472 2074 2609 2128 ἀλλά
2656 2078 2749 2131 καὶ
2784 2078 3169 2153 δανεισάμενος
3215 2084 3383 2139 ἔδωκε
3428 2086 3709 2155 πολλάκις,

2018 2157 2199 2223 ἀλούςο
2227 2161 2458 2216 ἐνταῦθα
2481 2163 2558 2226 δὲ,
2586 2165 2681 2217 ἐὰν
2701 2164 2823 2237 ἐλεη
2833 2168 3069 2241 μοσύνης
3091 2171 3441 2244 μνησθῶμεν,
3467 2168 3710 2256 παῖδας,ξ

2016 2250 2113 2302 καὶ
2141 2252 2422 2318 γυναῖκας,
2472 2252 2567 2306 καὶ
2605 2253 2804 2320 οἰκίαν,
2835 2257 2929 2310 καὶ
2961 2260 3313 2329 προστασίαν,
3346 2263 3441 2317 ita}.
3487 2250 3709 2337 μυρίαςξ

2015 2338 2319 2407 προφάσεις
2347 2340 2480 2410 ἡμῖν
2514 2341 2928 2412 προϐάλλονται.
2972 2320 3111 2400 ’Ᾰλλ’
3143 2320 3311 2421 ἡδονὴ
3346 2320 3541 2422 πολλῆ,
3565 2320 3709 2422 ’φηεῖξ

2016 2424 2122 2510 σίν,
2162 2425 2296 2478 ἐκεῖ.
2334 2425 2505 2480 Τοῦτο
2548 2427 2657 2499 γάρ
2684 2430 2833 2485 ἐστιν
2869 2430 2898 2485 ὃ
2941 2430 3124 2505 θρηνῶ
3166 2435 3261 2489 καὶ
3296 2436 3578 2510 ὀδύρομαι.
3618 2432 3708 2509 Τίξ

2010 2504 2127 2572 οὖν,
2162 2510 2258 2565 ἐὰν
2296 2511 2455 2577 δείξω
2495 2513 2717 2583 μείζονα
2748 2504 2989 2573 ἐνταῦθα
3005 2520 3106 2591 τὴν
3142 2522 3368 2594 ἡδονήν;
3584 2504 3708 2605 μένί

2010 2596 2120 2687 γάρ
2143 2598 2204 2651 οὐ
2237 2600 2434 2671 μικρὸν
2456 2601 2816 2674 ὑποτέμνεται
2834 2603 2933 2676 τῆς
2960 2607 3153 2678 ἡδονῆς
3181 2610 3215 2681 ἡ
3246 2612 3498 2683 αἰσχύνη,
3526 2596 3618 2667 καί
3643 2596 3707 2687 ἡί

2012 2684 2192 2783 ῦϐρις,
2240 2688 2335 2740 καὶ
2381 2689 2415 2759 ἡ
2465 2689 2700 2761 δαπάνη,
2739 2690 2987 2766 δεύτερον
3026 2698 3054 2750 ὁ
3086 2697 3321 2769 πόλεμος
3364 2701 3459 2754 καὶ
3499 2702 3533 2773 ἡ
3573 2684 3706 2783 ἀπεξῇ

2012 2771 2217 2843 έχθεια·
2248 2775 2481 2829 ἐνταῦθα
2512 2777 2569 2831 δὲ
2606 2778 2757 2833 οὐδὲν
2801 2780 3059 2837 τοιοῦτον.
3108 2784 3174 2838 Τί
3207 2784 3317 2856 γὰρ
3348 2785 3449 2858 τῆς
3483 2771 3704 2860 ἡδονῆςξ

2008 2860 2215 2933 ταύτης
2248 2862 2380 2927 ίσον,
2410 2865 2533 2919 εἰπέ
2580 2884 2693 2936 μοι,
2724 2868 2995 2940 καθῆσθαι
3044 2872 3426 2943 προσδοκῶντα
3470 2874 3561 2929 τδν
3589 2876 3681 2929 οὐ-

2012 2948 2172 3019 ρανὸν
2214 2950 2308 3004 καὶ
2348 2953 2450 3021 τὴν
2477 2952 2594 3006 ἐκεῖ
2616 2954 2915 3024 βασιλείαν,
2941 2958 3035 3012 καὶ
3068 2959 3168 3029 τὴν
3191 2960 3548 3032 λαμπρότητα
3568 2963 3680 3018 τῶν

2007 3035 2201 3105 ἁγίων,
2243 3038 2339 3092 καὶ
2359 3038 2459 3110 τὴν
2492 3039 2639 3112 ζωὴν
2666 3042 2765 3116 τὴν
2793 3042 3185 3116 ἀτελεύτητον;
3219 3046 3379 3101 Ἀλλά
3406 3044 3580 3103 ταῦτα
3618 3049 3681 3105 ἐν

2006 3123 2377 3194 προσδοκίαις,
2418 3128 2604 3196 φησὶν,
2646 3130 2828 3183 ἐκεῖνα
2872 3130 2931 3184 δέ
2978 3133 3037 3186 ἐν
3074 3132 3258 3206 πείρᾳ.
3305 3134 3443 3207 Ποία
3479 3136 3674 3209 πείρας

2007 3209 2195 3297 Βούλει
2218 3211 2314 3264 καί.
2342 3212 2577 3269 ἐνταῦθα
2601 3213 2671 3268 τὰ
2702 3217 2760 3270 ἐν
2784 3218 2951 3290 πείρᾳ
2980 3219 3156 3287 είπω;
3201 3223 3482 3294 Ἐννόησον
3503 3224 3678 3297 πόσης

2007 3296 2321 3370 ἐλευθερίας
2366 3300 2678 3368 ἀπολαύεις,
2735 3304 2829 3358 καὶ
2879 3305 2998 3371 πιῖις
3033 3307 3224 3362 οὐδένα
3275 3309 3519 3375 δέδοικας
3555 3296 3677 3368 οὐδὲ

2004 3385 2227 3456 τρέμεις
2272 3387 2440 3459 ἀρετῇ
2479 3390 2675 3453 συζῶν,
2715 3392 2814 3445 οὐκ
2864 3392 3078 3465 ἐχθρὸν,
3115 3395 3215 3450 οὐκ
3258 3396 3560 3465 ἐπίϐουλον,
3609 3401 3673 3454 οὐ

2008 3474 2368 3563 συκοφάντην,
2410 3476 2470 3530 οὐ
2513 3478 2605 3531 τὸν
2642 3480 3150 3552 παραδοκιμοῦντα,
3182 3485 3282 3539 οὐκ
3316 3474 3695 3563 ἀντεραστὴν,ξ

2004 3563 2065 3614 οὐ
2094 3562 2411 3633 ζηλότυπον,
2433 3566 2495 3618 οὐ
2520 3567 2727 3632 πενίαν,
2759 3568 2819 3621 οὐ
2848 3568 3021 3636 νόσον,
3043 3571 3146 3625 οὐκ
3175 3571 3303 3627 ἄλλο
3327 3574 3435 3627 τῶν
3464 3562 3693 3647 ἀνθρώ-ξ

2004 3649 2175 3754 πίνων
2212 3652 2386 3705 οὐδέν·
2414 3654 2532 3707 ἐκεῖ
2561 3654 2651 3737 δὲ,
2670 3655 2774 3709 κᾶν
2803 3657 2971 3728 μυρία
3008 3660 3151 3713 κατὰ
3174 3659 3397 3733 γνώμην
3424 3642 3693 3761 γένηται,ξ

2003 3738 2098 3791 καὶ
2121 3738 2310 3809 ὥσπερ
2340 3740 2404 3792 ἐκ
2438 3743 2629 3810 πηγῶν
2648 3734 2678 3796 ό
2713 3743 2940 3809 πλοῦτος
2969 3747 3223 3819 ἐπιρρέῃ,
3251 3748 3281 3801 ὁ
3310 3748 3419 3802 τῶν
3444 3734 3693 3827 ἀντερωξ

2005 3825 2145 3877 στῶν
2180 3825 2432 3897 πόλεμος,
2472 3829 2567 3882 καὶ
2606 3830 2661 3883 αἰ
2703 3830 3004 3897 ἐπιϐουλαὶ,
3049 3834 3142 3888 καὶ
3183 3836 3231 3887 οί
3272 3834 3417 3905 λόχοι
3454 3836 3692 3917 πάντωνί

2002 3910 2329 3984 ἀθλιώτερον
2383 3916 2598 3984 ποιήσει
2647 3917 2742 3970 τοῦ
2798 3920 2915 3990 μετ’
2942 3920 3164 3975 ἐκείνων
3203 3922 3536 3994 πλυνομένου
3576 3910 3691 3989 τὺνξ

2004 3998 2138 4069 βίον.
2187 4002 2298 4072 Τῆς
2322 4002 2430 4075 γὰρ
2463 4004 2845 4059 καταπτύστου
2898 4007 3274 4080 θρυπτομένης
3315 4011 3530 4082 ἐκείνης
3571 4012 3669 4066 καὶ

1999 4087 2310 4159 τρυφώσης,
2343 4090 2559 4163 ἀνάγκη
2581 4092 2671 4146 τὸν
2702 4094 2937 4166 πόλεμον
2964 4097 3416 4169 άναρῤιπίζεσθαι
3457 4100 3537 4163 είς
3568 4098 3689 4180 τὴνλ

2002 4173 2151 4247 [472]
2177 4177 2391 4249 ἐκείνης
2412 4178 2724 4251 ἀρέσκειαν.
2755 4182 2925 4237 Τοῦτο
2945 4179 3036 4237 οὖν
3061 4185 3268 4255 μυρίων
3298 4184 3541 4240 θανάτων
3569 4173 3690 4265 χαοί

1998 4262 2302 4335 λεπώτερον
2331 4268 2424 4321 καὶ
2452 4268 2631 4339 πάσης
2656 4270 3053 4342 ἀφορητότερον
3082 4272 3370 4344 τιμωρίας.
3406 4273 3542 4327 Ἀλλ’
3564 4276 3667 4330 οὐκ

1998 4350 2230 4405 ἐνταῦθα
2280 4353 2524 4407 τοιοῦτον
2569 4356 2741 4411 οὐδέν.
2797 4357 2852 4409 Ὁ
2907 4360 3016 4430 γάρ
3065 4360 3313 4428 καρπὸς,
3361 4361 3516 4432 φησὶ,
3555 4361 3664 4417 τοῦ

1996 4441 2363 4541 ’ξἐξύματοςν
2396 4441 2620 4541 dm
2649 4444 2822 4541 καθάν
2849 4446 3093 4541 sm:
3118 4446 3366 4541 (ξύδεμοδ
3402 4432 3688 4541 “vim

1996 4525 2117 4579 οὐδέ
2145 4529 2442 4599 χρημάτων
2473 4531 2697 4604 ἄκαιρος
2722 4532 2958 4604 δαπάνη,
2984 4533 3105 4587 οὐδὲ
3128 4533 3303 4623 ὀνείδη
3334 4534 3474 4623 μετά
3496 4525 3687 4623 δαπάοξ

1996 4630 2115 4705 νηςξ
2148 4616 2251 4671 κᾶν
2283 4617 2467 4672 ὀϐολὸν
2488 4618 2612 4705 δῷς,
2643 4620 2747 4675 κᾶν
2771 4621 2957 4693 ἀρτον,
2992 4622 3094 4676 κᾶν
3120 4622 3379 4693 ποτήριον
3396 4616 3687 4705 ψυχροῦν,ξ

1996 4699 2198 4771 πολλήν
2222 4718 2304 4755 σοι
2335 4703 2434 4773 τὴν
2466 4704 2624 4775 χάριν
2650 4707 2871 4771 εἴσεται,
2901 4708 2993 4761 καὶ
3030 4707 3182 4761 οὐδὲν
3212 4710 3305 4762 ἐπὶ
3331 4709 3393 4763 τό
3417 4725 3476 4762 σε
3508 4708 3538 4749 δ
3569 4699 3685 4785 δαοξ

1995 4790 2132 4851 κεῖν,
2155 4789 2249 4841 καὶ
2273 4788 2512 4860 λυπῆσαι
2540 4795 2701 4856 ποιεῖ,
2728 4793 2863 4848 ἀλλά
2884 4795 3061 4848 πάντα
3087 4794 3227 4849 ὥστε
3252 4795 3474 4867 ποιῆσαί
3494 4812 3554 4850 σε
3577 4790 3685 4867 έν-ξ

1992 4850 2162 4938 δοξον,
2198 4877 2291 4928 καὶ
2317 4850 2498 4946 πάσης
2525 4880 2829 4946 ἀπαλλάξαι
2881 4880 3144 4953 αἰσχύνης
3166 4893 3217 4939 α.
3246 4850 3381 4936 Τίνά
3409 4879 3503 4937 οὖν
3540 4850 3685 5007 ἐξοοῖ

1998 4978 2096 5007 αεν
2118 4963 2430 5007 ἀπολογίαν-
2464 4966 2623 5007 ποίην
2663 4967 2987 5007 rruvvun'nn'nu
3052 4969 3224 5007 ηηῧηηι
3260 4969 3357 5007 ..δυ
3384 4970 3635 5007 ﬁumina-ep

1997 4978 2096 5031 μεν
2118 4963 2433 5032 ἀπολογίαν,
2464 4966 2623 5019 ποίαν
2663 4967 3008 5040 συγγνώμην,
3052 4969 3226 5024 ταῦτα
3257 4969 3357 5040 μὲν
3384 4970 3657 5040 ἀφιέντες,

1991 5051 2104 5112 τοῖς
2132 5049 2189 5103 δὲ
2213 5051 2474 5115 ἐναντίοις
2500 5055 2725 5115 ἑαυτοὺς
2747 5054 3067 5121 ἐκδιδόντες,
3099 5058 3192 5111 καὶ
3222 5060 3302 5122 εἰς
3322 5057 3417 5129 τὴν
3444 5058 3538 5113 τοῦ

1994 5135 2086 5206 ρδς
2129 5136 2358 5207 κάμινον
2389 5138 2488 5209 τὴν
2521 5141 2817 5212 καιομένην
2854 5142 3069 5207 ἑκόντες
3104 5145 3331 5208 ἐαυτούς
3369 5141 3681 5203 ἐκϐάλλον-ἶ

1990 5241 2117 5287 τες;
2146 5224 2237 5276 Διὸ
2275 5227 2580 5295 παρακαλῶ
2606 5230 2732 5292 τούς
2763 5230 2831 5283 τά
2856 5231 3077 5284 τοιαῦτα
3105 5231 3391 5296 νοσοῦντας
3417 5219 3681 5305 ἀνακτήοξ

1993 5312 2188 5365 σασθαι
2214 5313 2460 5377 ἑαυτοὺς,
2492 5317 2585 5368 καὶ
2614 5318 2750 5387 πρὸς
2769 5319 2868 5386 τὴν
2896 5318 3081 5386 ὑγείαν
3109 5322 3492 5390 ἐπαναγαγεῖν,
3519 5320 3677 5391 μηδὲ¹

1992 5399 2210 5467 ἀφιέναι
2243 5403 2323 5463 είς
2347 5403 2657 5471 ἀπόγνωσιν
2689 5407 2967 5475 ἐμπεσεῖν.
3000 5409 3154 5461 Ἐπεὶ.
3184 5408 3279 5462 καὶ
3308 5409 3337 5461 ὁ
3365 5407 3478 5471 υίὸς
3508 5400 3679 5475 ἐκεῖ-ἶ

1988 5502 2077 5548 νος
2102 5484 2279 5557 πολλῷ
2300 5487 2653 5561 χαλεπώτερα
2680 5474 2884 5547 τούτων
2912 5494 3129 5548 ἔπαθενο
3162 5494 3277 5548 ἀλλ’
3305 5494 3491 5565 ἐπειδὴ
3517 5474 3677 5565 πρδςέ

1986 5574 2077 5626 τὸν
2101 5569 2249 5628 οἷκον
2273 5576 2543 5647 ἐπανῆλθε
2570 5578 2663 5631 τὸν
2694 5581 2965 5653 πατρῷον,
2995 5584 3088 5637 καὶ
3116 5584 3209 5637 ἐπὶ
3244 5582 3343 5653 τῆς
3383 5582 3677 5657 προτέραςξ

1986 5660 2201 5727 ἐγένετο
2223 5664 2407 5733 τιμῆς,
2445 5665 2539 5716 καί¹
2566 5665 2658 5718 τοῦ
2685 5666 2975 5732 διαπαντὸς
2998 5670 3453 5743 εὐδοκιμήσαντος
3478 5673 3651 5742 ἐφάνη
3674 5676 3675 5679 “

1984 5746 2380 5820 λαμπρότερος.
2427 5750 2626 5805 Τοῦτον
2662 5754 2770 5826 γάρ
2800 5757 2959 5827 ἡμεῖς
3005 5757 3356 5830 ζηλώσωμεν,
3388 5758 3481 5813 καὶ
3514 5758 3651 5830 πρὸς

3694 2818 3704 3166 Ι

3689 3168 3700 3488 1

2050 5922 2080 5959 h
2104 5919 2418 5995 Savil._pglat
2441 5922 2707 5995 leggndum
2732 5929 2899 5995 £15m;
2920 5949 2993 5981 σε.
3027 5934 3049 5963 ι’
3072 5932 3191 5983 Hec
3205 5937 3285 5982 est
3304 5931 3451 5981 lectio
3470 5928 3647 5995 Savil.,

1984 5994 2130 6055 qua_m
2154 5981 2696 6055 prgijnljmusjhlgat»
2718 6004 2729 6039 :
2756 5981 2884 6041 me:
2895 5995 3050 6046 πάντα
3073 5981 3199 6045 ὥστε
3218 5981 3546 6055 ἀπαλλαγῆναι
3565 5981 3648 6039 καῖ

1988 6048 2185 6100 ποιῆσαι
2212 6044 2411 6101 ἔνδοξον.
2454 6044 2593 6098 Εὐιτῖ
2920 6044 2929 6046 ⁷
3184 6044 3191 6045 ί
3230 6044 3233 6045 ν
3266 6052 3275 6059 “
