4126 6366
368 373 471 427 153

369 501 558 556 passus
583 493 664 540 est
697 485 866 557 (Luc.
897 481 1000 550 15)
1029 499 1044 548 ;
1075 481 1169 537 sed
1195 481 1316 551 quia
1343 480 1408 534 ad
1441 489 1715 549 paternam
1736 477 1954 531 domum

372 597 618 635 reversus
648 587 748 638 est.
779 585 834 631 et
859 578 924 631 ad
957 575 1236 645 pristinum
1261 573 1539 627 restitutus
1567 570 1823 624 honorem
1851 575 1952 630 est,

367 684 423 726 et
450 673 540 726 illo
567 671 658 742 qui
685 684 896 737 semper
922 666 1086 736 probe
1110 680 1168 719 se
1191 671 1448 734 gesserat,
1474 662 1669 716 clarior
1689 660 1952 728 apparuit.

376 767 527 820 llunc
546 775 598 820 et
626 781 722 818 nos
753 765 1023 818 imitemur
1048 776 1062 824 ;
1089 769 1142 814 et
1167 759 1231 813 ad
1265 759 1472 812 Patrem
1496 754 1701 810 reversi
1728 753 1818 807 vel
1833 766 1954 807 sero

373 858 609 923 tandem,
635 859 702 911 ab
726 856 814 910 illa
839 853 1146 924 captivitate
1169 851 1484 915 resiliamus,
1509 859 1563 904 et
1581 849 1631 902 iu
1656 847 1954 902 libertatem

1319 367 1387 422 IN
1424 365 1741 422 JOANNEM
1779 364 2010 422 llOMlL.
2051 363 2267 419 LXXX.
2309 363 2380 418 al.
2423 359 2656 416 LXXIX.

3539 357 3666 414 tu.

2061 491 2161 530 nos
2183 475 2586 534 transferamus,
2627 483 2684 525 ut
2713 486 2878 540 regno
2905 471 3158 526 ctnlorum
3189 469 3446 534 fruamur,
3473 471 3644 539 gratia

2061 577 2114 620 et
2138 565 2462 631 benignitate
2493 564 2696 617 Domini
2728 561 2894 616 nostri
2915 561 3041 617 Jesn
3070 562 3289 626 Christi,
3308 561 3524 630 quicum
3553 562 3660 616 Pa.~

2064 659 2128 712 tri
2155 658 2344 726 gloria,
2375 671 2582 726 unaque
2607 654 2830 725 Spiritui
2867 664 3083 720 sancto,
3113 655 3164 708 in
3195 654 3388 709 saecula
3419 655 3654 709 saeculo-

2061 768 2200 805 rum.
2236 753 2426 805 Amen.

1681 1025 2031 1090 HOMlLlA
2072 1024 2338 1084 LXXX.

371 1187 501 1242 ΟΑΡ.
547 1187 635 1242 17.
684 1203 731 1241 v.
767 1186 818 1239 1.
859 1185 978 1239 llaec
1019 1185 1252 1254 loquutus
1280 1193 1353 1237 est
1398 1179 1570 1244 Iesus,
1599 1187 1643 1233 et
1690 1177 1957 1232 sublevatis

443 1279 603 1332 oculis
643 1279 695 1331 in
737 1277 936 1342 ctrlum,
967 1278 1136 1330 dixit:
1179 1274 1354 1335 Pater,
1386 1275 1517 1326 venit
1557 1273 1700 1334 hora,
1733 1267 1960 1337 clariﬁca

448 1367 639 1422 Filium
667 1377 829 1429 tuum,
856 1377 908 1420 ut
940 1377 985 1421 et
1013 1366 1180 1420 Filius
1209 1377 1320 1418 tuus
1345 1364 1586 1431 clariﬁcet
1609 1372 1673 1414 te.

449 1463 498 1514 1.
536 1461 634 1526 Qui
671 1463 846 1531 fecerit
881 1469 929 1514 et
950 1459 1197 1522 docuerit,
1237 1457 1426 1526 inquit,
1460 1456 1541 1507 hic
1572 1469 1787 1523 magnus
1810 1467 1957 1504 voca-

375 1553 508 1605 bitur
551 1553 603 1604 in
633 1568 787 1621 regno
831 1550 1070 1604 calorum
1106 1548 1341 1620 (Matth.
1390 1548 1443 1602 5.
1489 1547 1555 1600 19
1582 1545 1600 1616 )
1631 1562 1645 1610 ;
1679 1556 1730 1598 et
1771 1543 1964 1597 merito

380 1661 529 1700 sane.
563 1644 752 1698 Verbis
782 1645 924 1698 enim
953 1641 1316 1710 philosophari
1350 1639 1503 1693 facile
1532 1647 1613 1692 est
1633 1678 1647 1702 ,
1683 1652 1844 1706 opera
1872 1651 1966 1688 au-

381 1750 486 1791 tem
518 1736 795 1801 exhibere,
831 1734 980 1789 fortis
1011 1742 1063 1788 et
1087 1732 1262 1801 magni
1292 1731 1473 1785 animi.
1523 1729 1695 1797 Quare
1726 1727 1967 1782 Christus

378 1829 445 1882 de
468 1829 718 1896 patientia
741 1827 902 1881 verba
924 1827 1141 1891 faciens,
1162 1826 1393 1895 seipsum
1427 1825 1476 1877 in
1500 1822 1677 1877 medio
1698 1820 1966 1890 proponit,

377 1921 571 1989 jnhens
613 1919 738 1976 inde
767 1921 1011 1989 exempla
1038 1933 1271 1973 sumere.
1304 1917 1428 1971 Ideo
1469 1926 1586 1984 post
1614 1915 1751 1969 hanc
1781 1913 1967 1968 admo-

294 2063 303 2072 ,
380 2015 636 2067 nitionem
654 2015 704 2066 in
725 2027 907 2082 preces
927 2013 1275 2076 convertitur,
1299 2010 1559 2079 docetque
1581 2024 1697 2070 nos,
1729 2008 1779 2061 in
1808 2016 1971 2061 tenta-

382 2105 612 2158 tionilms
640 2104 814 2158 omnia
843 2102 1189 2173 relinquenda
1215 2112 1268 2158 et
1288 2101 1354 2155 ad
1377 2103 1539 2155 Deum
1558 2097 1968 2168 confugiendum

382 2211 520 2250 esse.
561 2195 845 2264 Postquam
884 2195 1025 2248 enim
1065 2194 1232 2258 dixit,
1273 2192 1338 2246 In
1373 2192 1560 2245 mundo
1598 2191 1972 2244 tribulationem

384 2291 644 2357 habebitis,
670 2290 984 2358 illorumque
1004 2289 1210 2343 animos
1235 2286 1540 2350 concitavit,
1565 2299 1660 2354 per
1676 2283 1973 2338 orationem

383 2397 594 2436 rursum
635 2381 810 2450 erigit.
851 2381 1000 2434 Illum
1045 2381 1188 2434 enim
1233 2377 1408 2434 adhuc
1435 2392 1531 2447 pro
1556 2375 1772 2430 homine
1802 2373 1971 2427 habe-

385 2473 532 2527 bant.
563 2471 629 2527 Et
653 2482 868 2542 propter
890 2473 1008 2527 illos
1035 2473 1136 2527 hoc
1165 2473 1293 2542 agit,
1321 2481 1378 2526 ut
1401 2472 1451 2524 in
1479 2470 1702 2534 Lazaro,
1730 2483 1976 2523 causam-

387 2579 490 2633 que
511 2563 704 2632 aperit,
734 2561 955 2632 PrOpter
984 2565 1182 2617 turbam
1207 2563 1611 2615 circumstantem
1634 2560 1762 2626 dixi,
1790 2569 1844 2612 ut
1869 2575 1977 2613 ere-

389 2655 514 2708 dant
540 2655 658 2726 quia
686 2665 739 2708 tu
759 2672 838 2709 me
863 2655 1040 2709 misisti
1063 2653 1245 2724 (Joan.
1271 2655 1357 2709 11.
1386 2653 1498 2724 42).
1527 2654 1720 2715 Etiam,
1745 2651 1974 2721 inquies,

391 2745 486 2800 sed
510 2761 690 2800 coram
716 2745 915 2801 Judmis
945 2745 1059 2800 [nec
1077 2746 1198 2815 jure
1217 2746 1295 2799 sic
1329 2743 1582 2814 disposita
1613 2752 1765 2807 sunt;
1795 2756 1978 2796 coram

390 2836 664 2906 discipulis
693 2847 870 2892 autem
901 2837 1100 2907 quare?
1131 2837 1302 2891 Etiam
1329 2836 1448 2906 jure
1476 2850 1654 2890 coram
1684 2833 1977 2902 discipulis.

392 2929 491 2997 Qui
518 2930 660 2983 enim
707 2939 826 2999 post
872 2938 948 2984 tot
977 2938 1227 2998 tantaque
1267 2928 1534 2989 dicebant,
1592 2925 1747 2979 Nunc
1795 2926 1981 2978 scimus

391 3021 508 3088 quia
537 3021 633 3074 seis
661 3023 852 3087 omnia,
885 3021 1166 3092 plusquam
1205 3035 1395 3075 omnes
1435 3019 1741 3088 indigebant
1777 3017 1980 3072 confir-

394 3113 648 3168 matione.
685 3113 931 3183 Alioquin
960 3129 1088 3168 vero
1117 3112 1165 3167 id
1198 3113 1522 3183 evangelista
1553 3128 1657 3166 non
1684 3111 1980 3165 orationem

392 3211 584 3264 vocat;
616 3203 708 3256 sed
752 3204 877 3272 quid
916 3204 1029 3258 ait?
1074 3203 1361 3258 Sublevatis
1407 3203 1564 3257 oculis
1601 3203 1654 3254 in
1701 3203 1898 3266 cadum,
1928 3208 1983 3254 et

392 3293 562 3362 magis
579 3292 706 3346 illud
723 3294 1043 3364 colloquium
1065 3309 1184 3348 cum
1204 3294 1361 3349 Patre
1379 3293 1540 3347 fuisse
1561 3293 1810 3345 insinuat.
1829 3289 1982 3354 Quod

395 3386 439 3438 si
465 3385 588 3438 alibi
618 3387 918 3441 orationem
944 3395 1116 3450 vocet,
1149 3396 1205 3440 et
1231 3387 1379 3440 illum
1420 3386 1670 3440 exhibeat
1717 3399 1857 3438 nunc
1892 3399 1984 3453 ge-

396 3491 497 3528 nua
521 3473 842 3541 ﬂectentem,
869 3492 1008 3530 nunc
1029 3493 1157 3530 ver-0
1178 3478 1363 3532 oculos
1384 3477 1450 3532 ad
1478 3478 1665 3531 czelum
1688 3478 1977 3538 levantem,

397 3584 465 3622 ne
488 3569 738 3622 turheris.
770 3569 862 3622 llis
884 3570 1024 3624 enim
1050 3570 1376 3624 instituimur
1405 3578 1660 3639 quantum
1690 3568 1757 3622 sit
1782 3569 1833 3621 in
1860 3582 1982 3621 ora-

397 3660 541 3713 tione
585 3660 1069 3728 perseverandum;
1115 3671 1170 3715 ut
1208 3672 1412 3714 stantes
1459 3661 1832 3729 suspiciamus,
1876 3675 1985 3714 non

396 3754 573 3806 carnis
602 3762 826 3819 tantum,
855 3752 952 3808 sed
989 3755 1150 3810 etiam
1190 3755 1383 3808 mentis
1406 3754 1604 3818 oculis;
1631 3761 1685 3806 et
1715 3761 1768 3805 ut
1799 3752 1984 3806 ﬂecta-

398 3859 518 3898 mus
562 3860 754 3915 genua,
795 3847 961 3902 corda
1011 3856 1189 3902 nostra
1235 3855 1596 3902 conterentes.
1640 3843 1796 3899 Venit
1842 3844 1984 3898 enim

397 3937 645 3992 Christus
676 3954 780 3992 non
819 3942 983 3995 modo
1009 3950 1068 3994 ut
1110 3955 1230 3995 sese
1257 3941 1564 4004 exhiberet;
1598 3939 1691 3994 sed
1730 3940 1890 3994 etiam
1929 3947 1988 3992 ut

397 4032 647 4085 virtutem
671 4048 770 4088 nos
789 4033 1013 4089 doceret
1038 4033 1378 4089 ineffabilem.
1408 4033 1657 4104 Magister
1683 4042 1857 4088 autem
1880 4047 1984 4086 non

397 4125 577 4178 verbis
606 4133 836 4190 tantum,
860 4127 956 4182 sed
995 4142 1056 4182 re
1093 4128 1252 4182 etiam
1281 4127 1487 4181 erudiat
1512 4134 1740 4194 oportet.
1783 4124 1986 4180 Audia-

397 4231 518 4269 inus
549 4232 676 4287 ergo
703 4220 830 4288 quid
863 4219 951 4274 hic
989 4221 1152 4274 dicat.
1195 4219 1373 4285 Pater,
1411 4220 1540 4273 venit
1571 4221 1718 4284 hora,
1760 4219 1987 4287 clari/ica

397 4309 593 4364 Filium
633 4321 811 4376 tuum,
848 4323 905 4366 ut
946 4322 992 4368 et
1036 4312 1206 4368 Filius
1244 4323 1357 4367 tuus
1404 4313 1646 4381 clariﬁeet
1686 4321 1750 4364 te.
1789 4311 1985 4364 lterum

396 4405 631 4458 ostendit
659 4407 814 4462 nobis
839 4422 898 4462 se
921 4423 1027 4462 non
1057 4407 1281 4462 invitum
1302 4407 1366 4462 ad
1391 4422 1604 4462 erucem
1627 4405 1831 4460 venire.
1851 4403 1988 4471 Quo-

399 4494 559 4548 modo
595 4495 797 4551 invitus
832 4499 1056 4566 veniret,
1083 4499 1173 4568 qui
1202 4499 1304 4552 hoc
1336 4507 1391 4553 et
1426 4497 1539 4553 ﬁeri
1571 4505 1742 4566 rogat,
1782 4504 1836 4550 et
1873 4511 1986 4550 rem

397 4587 632 4655 appellat
658 4590 904 4659 gloriam,
948 4606 1052 4644 non
1083 4590 1321 4645 crucifixi
1350 4589 1530 4655 modo,
1559 4589 1652 4642 sed
1696 4587 1857 4643 etiam
1891 4587 1990 4641 Pa-

398 4677 541 4731 tris?
586 4681 716 4735 Nam
747 4682 818 4735 ita
849 4681 1045 4736 factum
1077 4691 1160 4736 est
1190 4698 1203 4734 :
1231 4697 1338 4735 non
1369 4681 1510 4735 enim
1555 4680 1719 4734 Filius
1760 4687 1986 4743 tantum,

399 4769 493 4822 sed
526 4772 685 4826 etiam
728 4772 888 4827 Pater
914 4774 1232 4828 clariiicatus
1277 4781 1377 4827 est.
1425 4775 1561 4826 Ante
1604 4786 1816 4826 crucem
1844 4770 1987 4825 enim

397 4876 502 4915 nec.
529 4863 702 4918 Judaei
749 4866 924 4935 ipsum
962 4875 1220 4920 noverant
1268 4863 1475 4937 (Israel,
1534 4864 1726 4936 inquit,
1771 4880 1851 4917 me
1887 4880 1991 4917 non

395 4958 633 5027 cognovit
663 4955 814 5029 [lsai.
858 4958 910 5011 1.
949 4957 1066 5030 3]):
1100 4967 1219 5027 post
1243 4973 1456 5012 crucem
1495 4965 1672 5011 autem
1713 4957 1991 5010 universus

336 5064 339 5070 ε
394 5047 548 5114 nobis
572 5047 823 5102 accurrit.
854 5047 1053 5103 Deinde
1081 5048 1294 5101 modum
1336 5049 1495 5102 etiam
1532 5047 1716 5118 glorise
1742 5047 1908 5109 addit,
1937 5057 1993 5101 et

393 5117 508 5210 quino
539 5149 694 5207 pacto
730 5139 904 5210 ipsum
932 5140 1269 5209 gloriﬁcabit.
1297 5139 1350 5192 2.
1390 5117 1551 5194 Sicut
1571 5140 1754 5192 dedisti
1780 5139 1824 5192 ei
1849 5147 1992 5209 pote-

392 5227 580 5288 statem
597 5233 760 5286 omnis
779 5233 964 5296 carnis,
988 5243 1043 5286 ut
1065 5249 1214 5286 omne
1232 5232 1366 5302 quod
1396 5231 1577 5284 dedisti
1606 5232 1651 5284 ei
1677 5248 1776 5284 non
1798 5239 1989 5299 pereat.

393 5321 629 5392 'Semper
654 5325 795 5379 enim
828 5323 1160 5388 benefacere,
1191 5324 1242 5378 id
1278 5323 1443 5393 gloria
1475 5322 1566 5376 Dei
1595 5329 1697 5376 est.
1730 5321 1864 5390 Quid
1893 5321 1993 5377 sibi

404 5415 518 5468 vult
553 5416 715 5481 illud,
757 5417 902 5471 Sicut
941 5417 1124 5471 dedisti
1158 5417 1206 5471 ei
1249 5424 1542 5486 potestatem
1578 5415 1740 5468 omnis
1784 5414 1994 5468 carnis?

405 5505 620 5562 lnterim
660 5509 894 5564 ostendit
936 5509 1367 5578 prmdicationem
1397 5522 1501 5561 non
1532 5506 1595 5560 ad
1630 5505 1844 5561 Judazos
1873 5515 1988 5562 tau.-

404 5606 515 5650 tmn
546 5600 1024 5670 circumscriptam,
1072 5601 1165 5655 sed
1205 5599 1388 5654 orbem
1429 5607 1596 5652 totum
1644 5613 1992 5668 pervasuram

304 5688 315 5764 ξ
403 5705 545 5756 esse,
577 5702 631 5746 et
671 5694 906 5763 gentium
947 5693 1242 5747 vocationis
1285 5689 1572 5760 primordia
1613 5688 1818 5744 statuit.
1860 5688 1994 5756 Quia

407 5783 548 5837 enim
587 5785 820 5854 dixerat,
855 5783 919 5839 In
963 5786 1094 5839 viam
1138 5783 1362 5857 gentium
1411 5798 1472 5836 ne
1513 5781 1738 5835 abieritis
1779 5779 1989 5852 (.llattli.

2068 1175 2154 1230 10.
2186 1176 2242 1246 5)
2265 1193 2278 1240 ;
2312 1176 2657 1245 dicturusque
2685 1189 2865 1244 postea
2891 1188 3032 1244 erat,
3067 1178 3260 1235 Euntes
3283 1179 3456 1234 docete
3483 1196 3656 1234 omnes

2064 1277 2232 1336 gentes
2265 1267 2474 1336 (Matth.
2492 1269 2582 1323 28.
2607 1269 2718 1338 19),
2743 1269 2975 1324 ostendit
3000 1270 3213 1326 Patrem
3231 1271 3390 1325 etiam
3419 1270 3470 1324 id
3493 1271 3654 1326 velle.

2065 1357 2196 1411 Nam
2224 1358 2273 1412 id
2296 1359 2510 1414 Judzeos
2539 1359 2825 1415 admodum
2850 1360 3173 1426 ollendebat,
3205 1363 3472 1430 etiamque
3497 1361 3662 1417 disci-

2070 1452 2242 1521 pulos.
2271 1451 2453 1522 Neque
2484 1455 2625 1508 enim
2657 1465 2838 1523 postea
2862 1470 3016 1526 aequo
3045 1456 3221 1509 animo
3247 1455 3490 1511 ferebant
3512 1457 3659 1526 quod

2069 1555 2254 1615 gentes
2280 1545 2718 1616 adiungerentur,
2750 1547 2920 1602 donec
2962 1547 3194 1617 Spiritus
3235 1547 3531 1603 doctrinam
3568 1565 3660 1602 ac-

2070 1649 2362 1710 ceperunt;
2387 1638 2513 1693 illud
2534 1639 2729 1708 quippe
2749 1638 2948 1696 Judaeis
2974 1657 3079 1695 non
3107 1657 3291 1710 parum
3315 1641 3654 1710 diSplicebat.

2074 1734 2198 1789 Post
2230 1743 2427 1788 tantam
2459 1734 2617 1805 igitur
2649 1734 2986 1789 advenientis
3015 1735 3242 1804 Spiritus
3266 1735 3657 1801 celebritatem,

2073 1826 2460 1898 Jerosolymam
2479 1828 2696 1882 veniens
2715 1828 2922 1892 Petrus,
2943 1828 3030 1880 vix
3049 1827 3216 1894 potuit
3230 1826 3660 1880 criminationem

2075 1919 2330 1986 effugere,
2362 1934 2480 1972 cum
2510 1918 2574 1973 de
2611 1918 2836 1972 sindone
2861 1919 3169 1988 loqueretur
3195 1917 3331 1987 (Act.
3368 1914 3478 1988 tl).
3522 1916 3662 1984 Quid

2077 2025 2200 2064 vero
2217 2009 2481 2076 signiﬁcat
2502 2010 2650 2075 illud,
2676 2008 2876 2063 Dedisti
2891 2010 2936 2062 ei
2957 2018 3248 2078 potestatem
3269 2008 3430 2062 omnis
3447 2007 3613 2062 carnis
3638 2006 3665 2058 ?

2153 2099 2393 2154 llteretici
2451 2104 2804 2171 confutantur.
2837 2130 2910 2141 —
2945 2100 3288 2170 [interrogabo
3339 2098 3624 2154 haereticos
3646 2140 3662 2162 ,

2077 2193 2426 2260 Quandonam
2459 2202 2776 2264 potestatem
2808 2191 2952 2247 illam
2985 2191 3228 2261 accepit?
3256 2200 3381 2246 ante
3403 2190 3483 2246 vel
3514 2199 3664 2259 post-

2079 2303 2235 2356 quam
2265 2287 2383 2340 illos
2410 2285 2786 2341 ell'ormasset?
2814 2286 2930 2353 ipse
2962 2299 3191 2354 namque
3233 2284 3340 2347 ait,
3384 2292 3664 2352 postquam

2081 2380 2364 2434 crucifixus
2393 2389 2475 2433 est
2503 2380 2518 2408 ¹
2547 2389 2599 2432 et
2624 2378 2940 2442 resurrexit,
2972 2375 3108 2430 Data
3132 2386 3207 2430 est
3234 2375 3358 2428 mihi
3383 2376 3546 2428 omnis
3575 2390 3667 2442 po-

2083 2481 2253 2523 testas.
2285 2468 2476 2522 Euntes
2496 2469 2666 2522 docete
2692 2485 2863 2522 omnes
2890 2477 3058 2537 gentes
3081 2465 3293 2537 (Matth.
3319 2465 3408 2521 28.
3437 2465 3524 2520 18.
3551 2465 3617 2519 19
3624 2476 3665 2534 ).

2082 2564 2220 2630 Quid
2249 2563 2416 2633 ergo?
2439 2579 2544 2617 non
2574 2562 2800 2616 habebat
2830 2569 3147 2630 potestatem
3165 2575 3387 2629 operum
3411 2573 3666 2624 suorum;

2082 2655 2176 2709 sed
2199 2656 2320 2710 fecit
2344 2654 2556 2725 quidem
2589 2669 2704 2720 eos,
2727 2662 3044 2722 potestatem
3075 2667 3205 2706 vero
3238 2651 3288 2704 in
3319 2665 3413 2705 eos
3439 2665 3542 2706 nou
3575 2650 3670 2703 ha-

2085 2748 2198 2802 buit
2227 2756 2506 2817 postquam
2547 2745 2709 2801 fecit?
2752 2745 2912 2816 Atqui
2954 2745 3134 2800 omnia
3176 2745 3355 2799 facere
3388 2743 3671 2798 exhibetur

2084 2839 2244 2893 etiam
2276 2839 2465 2908 priscis
2493 2838 2844 2908 temporibus,
2872 2848 2926 2893 et
2950 2839 3072 2892 illos
3102 2835 3316 2906 quidem
3341 2847 3399 2892 ut
3426 2843 3673 2905 peccato-

2085 2946 2172 2985 res
2220 2930 2391 3000 punit,
2441 2929 2575 2985 alios
2621 2944 2750 2984 vero
2796 2931 2885 2999 qui
2925 2938 3331 2994 convertuntur,
3375 2927 3672 2983 emendat'

2086 3023 2233 3094 (Non
2262 3023 2590 3086 abscondam,
2629 3023 2816 3093 inquit,
2850 3040 2882 3076 a
2910 3039 3064 3095 puero
3095 3039 3205 3076 meo
3230 3021 3506 3084 Abraham,
3541 3017 3675 3088 quod

2087 3121 2316 3190 facturus
2345 3135 2457 3172 sum
2480 3118 2632 3191 [Gem
2663 3119 2750 3175 18.
2784 3115 2930 3189 17]);
2964 3117 3098 3171 alios
3129 3131 3257 3170 vero
3285 3115 3376 3184 qui
3416 3124 3561 3169 recte
3599 3113 3677 3168 fa-

2085 3213 2251 3277 ciunt,
2284 3211 2529 3267 honorat.
2558 3210 2704 3266 Itane
2731 3221 2856 3265 tunc
2884 3210 3098 3278 quidem
3125 3207 3374 3272 habebat,
3402 3222 3545 3262 nunc
3568 3221 3678 3275 per-

2087 3307 2239 3369 didit,
2269 3317 2323 3361 et
2352 3320 2565 3360 rursum
2597 3304 2835 3373 recepit?
2864 3303 3058 3372 Ecquis
3079 3302 3292 3356 daemon
3333 3299 3450 3355 haec
3489 3300 3678 3368 loquu-

2088 3407 2176 3454 tus
2203 3399 2320 3453 est?
2348 3397 2498 3464 Quod
2529 3397 2573 3451 si
2606 3395 2794 3450 eadem
2833 3403 2888 3450 et
2927 3403 3057 3449 tunc
3090 3403 3148 3448 et
3193 3392 3248 3447 in
3295 3392 3545 3463 praesenti
3578 3390 3678 3459 ipsi

2089 3501 2324 3561 potestas
2351 3490 2522 3544 inerat
2549 3489 2650 3558 (ait
2671 3488 2835 3554 enim,
2865 3485 3015 3542 Sicut
3037 3484 3194 3540 Pater
3217 3485 3428 3540 suscitat
3455 3493 3681 3536 mortuos

2090 3595 2136 3638 et
2164 3584 2400 3652 viviﬁcat,
2424 3584 2497 3637 sic
2515 3591 2560 3637 et
2586 3581 2753 3636 Filius
2773 3596 2897 3652 quos
2921 3581 3025 3638 vult
3043 3577 3296 3650 viviﬁeat)
3325 3593 3340 3642 ;
3367 3576 3495 3647 quid
3516 3577 3682 3645 signi-

2091 3678 2213 3730 l-icat
2236 3677 2437 3731 dictum
2477 3675 2645 3729 illud?
2672 3674 2928 3729 Missurus
2959 3673 3080 3728 illos
3109 3680 3226 3726 erat
3261 3671 3328 3725 ad
3355 3679 3580 3739 gentes;
3613 3683 3682 3722 ne

2091 3771 2266 3838 itaque
2289 3776 2536 3838 putarent
2559 3766 2683 3837 quid
2708 3766 2972 3831 innovari,
2994 3763 3134 3835 quod
3156 3763 3403 3830 dixisset,
3424 3761 3546 3816 Non
3566 3777 3681 3814 sum

2090 3861 2271 3913 missus
2293 3859 2391 3912 nisi
2424 3859 2491 3911 ad
2516 3873 2628 3912 oves
2658 3873 2772 3927 quas
2800 3857 3056 3923 perierunt
3083 3855 3264 3909 domus
3286 3851 3473 3918 Israel,
3500 3861 3682 3907 osten~

2090 3951 2168 4004 dit
2193 3949 2330 4004 hanc
2354 3963 2476 4004 esse
2500 3963 2711 4019 quoque
2737 3946 2911 4002 Patris
2931 3945 3282 4000 voluntatem.
3305 3942 3459 4010 Quod
3481 3942 3525 3996 si
3549 3940 3678 3996 illud
3707 3981 3709 3988 η

2093 4057 2345 4114 perquam
2377 4041 2650 4096 humiliter
2675 4041 2943 4112 loquatur,
2990 4038 3120 4094 nihil
3154 4038 3346 4093 mirum
3385 4054 3398 4090 :
3430 4036 3508 4090 sic
3535 4034 3680 4090 enim

2093 4137 2216 4190 illos
2258 4146 2384 4189 tunc
2423 4134 2758 4200 instituebat,
2808 4146 3018 4186 necnon
3067 4145 3162 4184 eos
3208 4129 3299 4199 qui
3346 4135 3467 4198 post
3513 4125 3681 4181 futuri

2091 4237 2275 4291 erant;
2307 4237 2488 4295 atque,
2520 4233 2580 4279 ut
2602 4223 2734 4290 dixi,
2762 4239 2828 4278 ex
2863 4231 3008 4276 tanta
3047 4216 3680 4282 verborum-humilitate,

2092 4317 2351 4373 suadebat
2375 4331 2435 4372 se
2460 4315 2764 4371 auditorum
2787 4313 3138 4369 imbecillitati
3167 4326 3468 4368 sermonem
3497 4319 3683 4366 attem-

2093 4425 2303 4480 perare.

2163 4501 2218 4554 2.
2251 4500 2388 4568 Quid
2419 4515 2547 4556 vero
2579 4499 2681 4556 sibi
2719 4499 2832 4554 vult
2869 4498 3022 4563 illud,
3050 4495 3229 4552 Omnis
3265 4495 3473 4552 carnis?
3499 4494 3685 4564 Neque

2090 4592 2236 4647 enim
2259 4606 2447 4646 omnes
2468 4590 2833 4647 crediderunt.
2859 4588 3079 4658 Verum,
3102 4588 3244 4659 quod
3265 4587 3330 4642 ad
3361 4588 3532 4656 ipsum
3554 4587 3682 4640 atti-

2095 4695 2205 4751 net,
2235 4701 2445 4742 omnes.
2473 4684 2626 4752 Quod
2653 4685 2698 4740 si
2729 4699 2832 4738 non
2860 4683 3013 4738 dictis
3042 4681 3404 4748 attendebant,
3437 4695 3541 4734 non
3569 4687 3686 4734 erat

2095 4779 2210 4832 haec
2235 4778 2389 4846 culpa
2425 4777 2680 4842 doctoris,
2718 4775 2812 4832 sed
2851 4791 2956 4830 non
2997 4773 3388 4844 accipientium.
3427 4769 3498 4826 Ut
3537 4785 3688 4826 omne

2093 4871 2229 4941 quod
2257 4869 2438 4924 dedisti
2477 4869 2544 4934 ei,
2588 4869 2672 4922 det
2710 4867 2784 4922 eis
2816 4867 2969 4920 vitam
3009 4874 3270 4919 wternam.
3315 4863 3467 4931 Quod
3509 4862 3555 4918 si
3601 4861 3687 4917 hic

2095 4964 2256 5016 etiam
2287 4960 2568 5014 humanius
2595 4959 2846 5030 loquitur,
2875 4972 2943 5012 ne
2970 4956 3200 5011 mireris.
3230 4955 3346 5011 Jam
3376 4955 3714 5010 memoratis-

2096 5053 2240 5107 enim
2267 5053 2333 5107 de
2356 5052 2532 5107 causis
2561 5050 2614 5106 id
2643 5052 2772 5121 agit,
2800 5058 2959 5119 atque
2996 5062 3194 5103 cavens
3219 5061 3431 5116 semper
3463 5061 3533 5100 ne
3570 5060 3686 5098 ma-

2097 5144 2290 5213 gnifice
2315 5157 2379 5198 ex
2411 5157 2470 5197 se
2492 5143 2741 5211 loquatur
2771 5161 2784 5196 :
2813 5139 2941 5194 illud
2966 5138 3109 5193 enim
3136 5137 3406 5192 auditores
3426 5135 3682 5191 oll‘endis-

2096 5246 2199 5302 set,
2223 5237 2312 5306 qui
2345 5235 2606 5292 nihildum
2632 5249 2880 5305 magnum
2907 5232 2974 5288 de
2993 5233 3108 5302 ipso
3130 5230 3500 5300 opinabantur.
3524 5228 3687 5284 Joan-

2097 5346 2193 5384 nes
2233 5341 2408 5384 tameu
2446 5344 2569 5385 cum
2615 5344 2681 5384 ex
2720 5343 2780 5384 se
2824 5326 3090 5397 loquitur,
3136 5339 3243 5379 non
3283 5324 3354 5379 ita
3395 5323 3540 5388 facit,
3590 5321 3688 5378 sed

2097 5422 2407 5478 sublimiore
2445 5421 2611 5476 utitur
2655 5433 2906 5476 sermone
2955 5414 3262 5487 hujusmodi
3311 5431 3327 5470 :
3373 5410 3558 5469 Omnia
3599 5429 3703 5483 per-

2164 5603 2183 5635 ⁸
2210 5601 2279 5653 Ita
2303 5598 2463 5665 S&\'ll.,
2491 5597 2638 5651 Morel
2663 5612 2781 5651 vero
2802 5607 2855 5650 et
2875 5597 3070 5662 quidam
3090 5635 3104 5658 ,
3129 5603 3382 5662 postquam
3407 5603 3706 5646 mcarnatus.

2098 5671 2363 5836 Tantae,
2390 5700 2508 5778 alios
2532 5738 2642 5778 vero
2664 5724 2746 5788 qui
2769 5728 3108 5775 convertuntur
3137 5720 3364 5773 emendat
3386 5757 3401 5784 ,
3418 5719 3616 5771 desum.
3631 5721 3702 5770 in-

2101 5801 2202 5838 eain
2225 5823 2242 5838 .

2101 5802 2242 5838 53V”.
