4126 6366
476 253 582 309 435

471 363 639 432 ipsum
665 369 802 438 facta
830 383 966 441 sunt,
993 383 1040 430 et
1065 376 1173 432 sine
1196 378 1306 448 ipso
1326 385 1517 450 factum
1542 395 1616 438 est
1638 387 1802 453 nihil;
1831 398 1907 456 et,
1939 388 2056 445 Vita

468 465 617 519 erat;
641 466 716 524 et,
747 459 862 516 Lua:
889 475 1030 528 erat;
1057 475 1132 533 et,
1174 467 1240 522 In
1277 474 1487 540 propria
1521 478 1653 529 venit
1687 476 1866 550 (Joan.
1903 482 1954 536 1.
1997 484 2052 538 5.

466 547 522 600 4.
551 547 604 604 9.
650 551 782 622 H);
829 570 935 610 non
977 561 1116 627 quod
1154 576 1261 616 non
1299 563 1519 620 haberet
1560 547 1912 640 potestatem,
1953 578 2053 630 nisi

465 641 796 710 accepisset;
838 647 931 700 sed
967 650 1107 717 quod
1147 652 1265 708 aliis
1308 671 1520 726 quoque
1557 660 1709 716 daret
1748 662 2053 721 Potestatent

464 731 600 798 ﬁlios
643 733 736 789 Dei
764 737 876 805 ﬁeri
903 739 1065 809 (Ibid.
1103 759 1151 800 υ.
1189 746 1302 818 12).
1357 749 1550 807 Paulus
1592 755 1840 812 similiter
1876 761 2049 830 ipsum

464 824 723 892 aequalem
773 828 885 883 Deo
912 831 1041 887 dicit
1069 834 1328 910 (Philipp.
1358 841 1413 894 2.
1447 841 1526 912 6).
1556 842 1678 914 Ipse
1702 862 1832 902 vero
1861 824 2050 904 huma-

461 912 615 969 niore
646 917 806 971 modo
830 923 963 988 petit
987 925 1064 978 sic
1092 943 1104 978 :
1142 926 1210 982 Ut
1235 946 1382 984 omne
1408 934 1544 1002 quod
1573 912 1756 991 dedisti
1770 940 1836 1006 ei,
1869 940 1950 995 det
1975 943 2048 997 eis

464 1006 616 1060 vitam
646 1020 908 1068 ieternam.
943 1016 994 1070 '5.
1022 1017 1151 1080 Herc
1175 1031 1248 1075 est
1275 1035 1442 1080 autem
1484 1031 1585 1081 vita
1619 1040 1828 1094 (eterna,
1874 1044 1931 1087 ut
1955 1052 2044 1089 co-

454 1111 700 1166 gnoscant
728 1112 776 1156 te
798 1107 963 1160 solum
998 1125 1166 1167 verum
1198 1112 1382 1184 Deum,
1411 1128 1460 1172 et
1482 1137 1626 1190 quem
1661 1125 1843 1179 misisti
1869 1127 2044 1182 Jesnm

455 1187 733 1247 Christum.
759 1196 941 1254 Solum
970 1217 1141 1257 verum
1166 1205 1348 1274 Deum,
1373 1211 1436 1265 ad
1461 1187 1811 1271 differentiam
1833 1235 2036 1287 eorum,

449 1279 541 1350 qui
568 1281 640 1334 dli
669 1298 777 1339 non
806 1296 948 1354 sunt,
972 1292 1050 1346 sic
1075 1293 1326 1365 loquitur.
1350 1300 1432 1355 Ad
1457 1311 1644 1372 gentes
1670 1322 1900 1379 namque
1919 1279 2041 1365 mit:-

451 1371 596 1426 tendi
623 1379 850 1444 apostoli
891 1391 1064 1437 erant.
1094 1384 1244 1453 Quod
1284 1389 1329 1444 si
1356 1390 1411 1446 id
1449 1371 1555 1449 oon
1593 1371 1896 1468 admittant,
1935 1403 2037 1458 sed

447 1473 670 1533 propter
695 1466 798 1524 hoc
822 1471 994 1528 solum
1036 1487 1232 1546 negent
1259 1494 1378 1535 esse
1403 1498 1533 1539 vere
1563 1485 1655 1542 Dei
1687 1466 1920 1557 Filium;
1958 1493 2037 1548 sic

443 1559 714 1628 progressi
743 1561 910 1618 Deum
937 1580 1060 1623 esse
1085 1580 1301 1642 negant.
1328 1573 1462 1630 Nam
1491 1578 1566 1632 alt
1595 1596 1608 1632 :
1643 1578 1892 1650 Gloriam,
1922 1601 2037 1654 quin

440 1662 476 1699 α
499 1648 609 1702 solo
635 1647 743 1705 Deo
766 1662 858 1720 est,
887 1671 986 1711 non
1010 1662 1234 1726 queritis
1263 1662 1440 1733 (Joan.
1472 1667 1525 1724 5.
1553 1670 1666 1742 44).
1699 1672 1836 1739 Quid
1862 1647 2033 1745 ergo?

440 1752 548 1793 non
580 1743 682 1797 erit
709 1744 850 1801 Deus
876 1747 1084 1805 Filios?
1122 1753 1178 1808 Si
1219 1771 1348 1812 vero
1386 1759 1527 1816 Deus
1565 1762 1752 1832 Filius,
1781 1777 1835 1822 et
1863 1769 2030 1824 solius

440 1827 634 1899 Patris,
661 1835 832 1904 palam
858 1847 941 1894 est
966 1851 1019 1896 et
1045 1858 1229 1900 verum
1257 1863 1396 1912 esse.
1420 1860 1474 1906 et
1503 1852 1618 1922 ejus
1646 1857 1734 1926 qui
1760 1857 1904 1914 solus
1933 1875 2027 1916 ve-

437 1937 531 1978 rus
551 1923 746 1981 dicitur
777 1927 989 1985 Filium.
1018 1934 1153 2002 Quid
1185 1953 1313 2009 ergo
1342 1957 1462 1997 cum
1507 1945 1636 2000 dicit
1661 1923 1900 2017 _Paulus,
1946 1953 2026 2007 An

435 2016 577 2071 salus
608 2029 654 2072 et
695 2037 785 2092 ego
822 2023 1087 2082 Barnabas
1114 2031 1191 2100 (2.
1233 2032 1350 2090 Cor.
1383 2036 1434 2090 9.
1481 2038 1579 2107 6)?
1620 2055 1686 2094 an
1728 2016 2021 2100 Barnabam

434 2111 610 2165 tollit?
635 2112 882 2180 Minime;
927 2120 1054 2175 illud
1095 2124 1258 2189 enim,
1303 2127 1478 2196 Solus,
1512 2132 1578 2186 ad
1616 2135 1841 2191 aliorum
1871 2139 2023 2194 dill'e-

432 2205 658 2259 rentiam
689 2210 920 2276 ponitur.
949 2211 1101 2279 Quod
1131 2217 1176 2271 si
1216 2218 1386 2274 Filius
1414 2239 1517 2278 non
1561 2241 1718 2280 verus
1747 2230 1817 2282 sit
1856 2231 2016 2299 Deus,

429 2299 700 2366 quomodo
725 2305 922 2359 veritas
948 2309 1068 2361 est?
1090 2325 1195 2365 non
1223 2314 1446 2369 multum
1470 2319 1610 2373 enim
1638 2320 1816 2380 differt
1836 2339 1863 2377 a
1891 2341 2019 2380 vero

426 2393 643 2448 veritas.
678 2394 813 2450 Eum
842 2399 932 2468 qui
967 2416 1121 2456 verus
1157 2403 1319 2460 homo
1357 2424 1462 2463 non
1494 2411 1581 2478 sit,
1623 2415 1747 2482 quid
1784 2432 1904 2473 esse
1936 2419 2016 2473 di-

425 2495 629 2551 cemus,
658 2490 877 2555 quaeso?
906 2505 1083 2546 annon
1111 2494 1382 2552 hominem
1410 2516 1532 2556 esse
1555 2504 1902 2573 negabimus?
1927 2509 2014 2566 Sic

421 2573 466 2626 si
500 2571 667 2632 Filius
695 2592 802 2632 non
823 2590 906 2634 est
926 2597 1082 2640 verus
1105 2585 1261 2652 Deus,
1283 2592 1549 2659 quomodo
1573 2594 1712 2650 Deus
1732 2600 1853 2652 est?
1879 2599 2014 2667 Quo-

421 2665 586 2720 modo
613 2682 709 2722 nos
734 2669 863 2724 deos
889 2671 1014 2728 facit
1040 2683 1093 2729 et
1119 2676 1273 2744 filios,
1294 2695 1414 2735 cum
1443 2698 1603 2739 verus
1633 2702 1738 2741 non
1769 2691 1876 2744 sit?
1905 2692 2008 2748 Sed

420 2755 490 2810 de
513 2756 597 2812 his
621 2763 921 2818 accuratius
955 2767 1079 2821 alibi
1111 2768 1317 2841 loquuti
1359 2789 1543 2832 sumus
1569 2796 1582 2832 :
1607 2795 1772 2848 quare
1811 2793 2007 2840 ca-tera

417 2861 823 2919 persequamur.
857 2853 965 2925 Ego
1009 2867 1057 2912 te
1093 2859 1370 2930 clariﬁcavi
1410 2883 1562 2933 super
1592 2879 1797 2926 terram.
1839 2874 2006 2932 Recte

417 2937 573 3007 dixit,
612 2941 781 3013 Super
806 2956 1022 3014 terram;
1067 2967 1188 3006 nam
1232 2955 1283 3009 in
1324 2959 1455 3013 czelo
1498 2963 1823 3030 gloriﬁcatus
1863 2979 2000 3038 erat,

417 3043 540 3084 cum
563 3035 857 3090 naturalem
886 3037 1108 3097 haberet
1138 3045 1382 3113 gloriam,
1405 3059 1459 3104 et
1489 3052 1556 3106 ab
1582 3056 1782 3124 angelis
1807 3035 2000 3113 adora;

413 3129 584 3178 retur.
613 3122 730 3179 Non
754 3142 882 3198 ergo
908 3129 976 3185 de
1001 3132 1170 3202 gloria
1199 3137 1508 3196 substantiae
1534 3122 1886 3217 ejus—propria
1915 3151 1999 3205 di-

410 3212 486 3267 cit
515 3211 680 3286 (illam
704 3219 846 3273 enim
868 3219 1113 3291 gloriam,
1145 3231 1388 3296 quamvis
1414 3248 1572 3289 nemo
1599 3237 1768 3305 ipsum
1791 3242 2000 3310 gloriﬁ-

409 3312 518 3370 cet,
545 3318 759 3376 semper
797 3310 1007 3379 plenam
1037 3313 1216 3387 habet)
1245 3335 1260 3385 ;
1307 3322 1402 3377 sed
1441 3323 1576 3380 hanc
1602 3343 1723 3398 qua:
1766 3331 1997 3389 humano

409 3397 555 3452 cultu
585 3399 886 3458 exhibetur.
923 3403 1108 3478 Itaque
1146 3411 1299 3477 illud,
1330 3413 1570 3485 Clariﬁca
1596 3397 1692 3489 me,
1723 3425 1801 3479 sic
1836 3426 1994 3483 intel-

405 3488 696 3560 ligendum.
729 3493 798 3550 Ut
819 3504 998 3553 autem
1022 3501 1197 3559 discas
1227 3505 1372 3561 illum
1417 3509 1484 3565 de
1526 3488 1830 3582 hujusmodi
1873 3520 1992 3589 glo-

400 3581 482 3634 ria
520 3580 684 3651 loqui,
726 3586 847 3640 audi
889 3595 1184 3660 sequentia.
1229 3596 1283 3651 4.
1315 3599 1455 3670 Opus
1474 3612 1833 3677 consummavi,
1857 3615 1992 3683 quod

401 3671 586 3728 dedisti
613 3677 736 3732 milii
777 3690 832 3734 ut
859 3684 1064 3752 faciam.
1110 3688 1269 3759 Atqui
1312 3707 1398 3749 res
1427 3696 1602 3754 adhuc
1643 3701 1695 3755 in
1727 3671 1990 3777 principio

399 3773 549 3828 erat;
582 3765 691 3822 imo
732 3785 800 3824 ne
833 3771 886 3826 in
915 3775 1176 3847 principio
1201 3783 1436 3852 quidem.
1464 3765 1743 3856 Quomodd
1758 3812 1885 3868 ergo
1902 3765 1989 3855 di-

397 3857 491 3921 cit,
524 3857 877 3917 Consummavi
896 3867 923 3918 i‘
949 3867 1043 3923 Vel
1070 3884 1126 3925 se
1156 3875 1297 3942 quod
1339 3876 1390 3931 in
1423 3893 1482 3934 se
1507 3893 1624 3938 erat
1662 3857 1986 3948 totumveil‘e-

398 3947 575 4014 cisse;
608 3951 692 4005 vel
719 3956 858 4021 quod
890 3956 1121 4016 futurum
1153 3974 1236 4018 est
1266 3977 1320 4020 ut
1342 3967 1537 4026 factum
1564 3975 1728 4042 dicit;
1760 3982 1843 4036 vel
1886 4000 1984 4052 po-

395 4038 504 4093 tius
527 4038 752 4117 dicatur,
787 4053 958 4103 totum
978 4049 1089 4119 jam
1119 4052 1314 4112 factum
1337 4059 1520 4129 fuisse,
1551 4067 1674 4136 quia
1697 4038 1807 4138 jam
1831 4038 1980 4130 radix

393 4126 657 4186 bonorum
691 4135 860 4203 posita
887 4151 1021 4206 erat,
1057 4159 1122 4198 ex
1161 4161 1266 4216 qua
1307 4158 1608 4212 necessario
1649 4163 1979 4230 producendi

393 4221 600 4279 fructus
627 4236 801 4297 erant,
833 4245 1000 4301 seque
1029 4237 1094 4292 iis
1122 4241 1210 4308 qui
1241 4253 1359 4312 post
1388 4245 1550 4304 futuri
1581 4221 1733 4308 erant
1760 4258 1978 4313 adrutu-

389 4329 510 4368 rum
533 4328 674 4384 esse,
697 4333 818 4375 cum
848 4323 977 4393 ipsis
1015 4330 1461 4403 conjungendum.
1492 4341 1614 4397 Ideo
1645 4361 1852 4404 rursum
1878 4351 1976 4405 hu-

389 4407 500 4462 mili
531 4411 692 4467 modo
712 4413 859 4481 dicit,
893 4417 1044 4482 Quod
1068 4423 1250 4479 dedisti
1286 4431 1428 4484 mihi.
1461 4432 1594 4489 Nam
1632 4439 1676 4492 si
1705 4441 1973 4500 audiendo

384 4509 440 4554 et
469 4501 723 4561 discendo
761 4515 1142 4584 perseveravit,
1171 4519 1287 4576 haec
1323 4523 1488 4593 gloria
1521 4530 1637 4597 ejus
1681 4534 1834 4604 longe
1865 4538 1968 4591 mi-

380 4607 513 4647 nora
540 4606 745 4663 essent.
768 4600 921 4668 Quod
951 4606 1092 4660 enim
1121 4608 1187 4663 ad
1227 4610 1329 4667 hoc
1353 4630 1417 4670 ex
1448 4622 1660 4689 propria
1696 4628 1969 4685 voluntate

379 4685 612 4752 venerit,
643 4702 709 4742 ex
737 4691 917 4746 multis
945 4699 1288 4765 perspicuum
1307 4715 1407 4770 est,
1439 4685 1495 4761 ut
1520 4685 1639 4765 cum
1669 4715 1799 4770 dicit
1825 4719 1963 4774 Pau-

378 4773 462 4827 lus
492 4791 504 4826 :
535 4773 624 4831 Sic
656 4777 841 4835 dilexit
887 4799 1004 4849 nos,
1039 4797 1097 4842 ut
1127 4791 1356 4848 traderet
1383 4798 1617 4875 seipsum
1667 4820 1762 4873 pro
1813 4811 1964 4867 nobis

377 4861 595 4933 (Ep/tes.
620 4867 674 4923 5.
696 4869 789 4937 2);
822 4881 894 4937 et,
919 4874 1257 4950 Semetipsum
1277 4869 1572 4954 exinanivit,
1596 4897 1814 4963 formam
1835 4905 1963 4956 servi

375 4955 627 5020 accipiens
653 4958 881 5031 (Philip.
917 4964 976 5017 2.
1007 4966 1099 5037 7);
1142 4981 1196 5025 et
1223 4973 1436 5041 iterum,
1479 4955 1624 5037 Sicut
1667 4987 1844 5043 dilexit
1872 4955 1954 5047 me

375 5041 556 5109 Pater,
587 5056 634 5100 et
656 5067 750 5120 ego
778 5051 941 5108 dilexi
974 5072 1058 5112 vos
1080 5059 1261 5128 (Joan.
1295 5067 1381 5122 15.
1409 5068 1486 5142 9).
1533 5073 1585 5128 5.
1615 5041 1960 5148 Clari/ica

374 5143 444 5199 tu,
476 5135 654 5208 Pater,
681 5144 822 5210 apud
845 5147 1058 5215 teipsum
1104 5154 1351 5222 claritate,
1398 5135 1549 5231 quam
1593 5135 1953 5245 habui'prius:

363 5242 518 5294 quam
546 5232 764 5289 mundus
789 5237 933 5304 fieret
955 5244 1097 5311 apud
1121 5255 1186 5300 te.
1210 5248 1274 5304 Et
1301 5252 1392 5307 ubi
1416 5255 1630 5316 claritas
1676 5232 1809 5320 illa?
1837 5279 1952 5325 esto

364 5317 504 5386 apud
531 5319 777 5380 homines
809 5328 1064 5398 inglorius
1095 5335 1275 5408 fuerit,
1300 5343 1370 5398 ob
1397 5362 1610 5406 carnem
1636 5317 1950 5425 qua

365 5406 519 5462 batur
543 5427 558 5475 ;
587 5414 680 5468 sed
709 5431 807 5471 cur
835 5422 973 5487 apud
1001 5425 1166 5482 Deum
1207 5406 1494 5501 glorificari
1539 5406 1944 5519 quarri;

360 5515 490 5569 ergo
519 5503 607 5559 hic
630 5507 803 5563 dicit?
830 5513 904 5567 De
949 5516 1318 5582 incarnatione
1347 5529 1434 5585 hic
1461 5549 1639 5592 sermo
1666 5553 1770 5610 est,
1802 5549 1943 5616 quod

357 5592 534 5647 Carnis
564 5606 748 5653 natura
776 5605 1008 5663 nondum
1031 5613 1323 5681 glorilicata
1351 5634 1510 5691 esset,
1554 5644 1652 5686 nec
1693 5592 1937 5693 incol-ru-

359 5681 594 5755 ptionem
647 5697 993 5768 consequuta,
1040 5718 1210 5776 neque
1257 5725 1396 5768 esset
1432 5718 1551 5773 solii
1599 5727 1726 5796 regii
1766 5735 1931 5799 parti-

1193 266 1250 323 S.
1287 267 1564 328 JOANNIS
1599 270 2079 336 CHRYSOSTOMI
2118 281 2434 345 ARCHIEP.
2475 290 3000 366 CONSTANTINOP.

3654 341 3759 399 456

2165 413 2311 468 ceps.
2367 404 2492 463 Ideo
2519 427 2624 467 non
2657 416 2807 484 dixit,
2851 421 3026 492 Super
3062 435 3292 498 terram;
3351 437 3464 507 sed,
3499 442 3648 512 Apud
3674 457 3743 502 te.

2236 497 2288 550 5.
2317 496 2607 558 Incitantur
2636 508 2850 566 desides.
2885 517 3041 571 Antor
3068 527 3294 590 pecunia!
3318 496 3608 589 damnatur.
3636 539 3747 594 Fa-

2160 594 2266 641 stus
2295 590 2636 663 redarguitur.
2676 598 2804 655 Vera
2846 605 3050 662 libertas
3079 624 3152 666 est
3197 619 3339 671 nullo
3368 628 3742 691 egere.-——llac

2157 693 2256 734 nos
2282 698 2495 754 quoque
2519 688 2759 748 fruemur
2785 698 2949 766 gloria
2980 707 3273 762 secundum
3305 727 3610 772 mensuram
3637 736 3737 776 no-

2155 781 2341 839 stram,
2374 777 2420 831 si
2459 779 2757 850 vigilemus.
2802 787 2925 844 ldeo
2955 793 3150 851 Paulus
3194 801 3287 866 ait,
3320 803 3382 858 Si
3405 815 3570 863 tamen
3595 827 3734 866 com-

2155 864 2394 933 patimur,
2428 879 2484 922 ut
2508 882 2556 926 et
2583 877 3021 950 conglori/icemur
3049 888 3222 954 (liam.
3338 897 3448 966 i7).
3482 864 3732 959 Innume-

2151 953 2226 1008 ris
2246 971 2374 1027 ergo
2395 959 2641 1033 lacrymis
2662 968 2806 1040 digni
2833 984 2957 1030 sunt
2985 979 3016 1031 ii
3034 979 3148 1049 qui,
3173 993 3313 1040 tanta
3333 953 3433 1043 sibi
3463 996 3729 1064 proposita

3050 1044 3068 1049 _
3135 1044 3141 1046 .
3463 1044 3476 1060 .
3503 1044 3508 1045 κ
3561 1044 3724 1064 rm—

2148 1044 2337 1115 gloria,
2366 1051 2435 1106 ob
2464 1054 2719 1114 desidiam
2748 1072 2804 1118 et
2833 1069 3240 1129 somnolentiam
3286 1079 3383 1134 sibi
3434 1082 3560 1152 ipsis
3598 1087 3724 1142 insi-

2148 1137 2380 1208 diantur,
2410 1155 2570 1217 atque
2620 1153 2830 1210 etiamsi
2870 1159 3112 1228 gehenna
3145 1182 3252 1221 non
3295 1181 3455 1240 esset,
3489 1179 3725 1234 omnium

2147 1239 2323 1289 tamen
2349 1249 2530 1295 essent
2571 1244 2875 1316 miserrimi,
2905 1254 2993 1322 qui
3040 1271 3159 1311 cum
3189 1273 3408 1329 possent
3433 1281 3553 1321 cum
3594 1271 3730 1325 Filio

2144 1321 2238 1378 Dei
2271 1341 2494 1397 regnare
2519 1341 2573 1387 et
2600 1335 2766 1403 gloria
2789 1321 3043 1413 lrui,iipsi
3074 1321 3232 1404 tantis
3255 1366 3312 1408 se
3340 1355 3491 1410 bonis
3516 1358 3680 1414 (ἰεῦ-ειν
3702 1395 3729 1410 φ

2141 1413 2287 1470 dant.
2311 1417 2443 1474 Nam
2473 1422 2517 1476 si
2545 1428 2754 1482 concidi
2779 1442 3070 1502 oporteret.
3100 1438 3146 1493 si
3184 1443 3330 1499 mille
3361 1447 3539 1503 subire
3579 1467 3724 1517 inor-

2141 1516 2242 1573 tes,
2275 1511 2318 1565 si
2348 1512 2495 1569 mille
2523 1520 2727 1575 animas
2752 1533 2806 1578 et
2839 1529 3059 1585 totidem
3084 1547 3310 1605 corpora
3351 1543 3586 1610 quotidie
3613 1554 3721 1601 tra-

2137 1599 2266 1658 dere
2295 1625 2310 1661 :
2341 1622 2520 1664 nonne
2547 1611 2662 1670 hare
2693 1618 2870 1674 omnia
2903 1637 3000 1690 pro
3031 1599 3384 1700 tanta-gloria.
3407 1636 3511 1704 pati
3555 1599 3720 1694 debe-

2135 1698 2348 1752 remus?
2375 1699 2527 1758 Nunc
2547 1720 2674 1761 vero
2696 1725 2762 1764 ne
2787 1711 3000 1780 quidem
3032 1723 3283 1787 pecunias
3307 1730 3714 1797 contemnimus,

2133 1801 2266 1856 quas
2292 1791 2507 1850 demum
2537 1798 2618 1852 vel
2658 1801 2804 1858 inviti
2840 1807 3222 1880 relinquemus.
3255 1816 3374 1872 Non
3413 1826 3712 1879 contemni-

2131 1895 2251 1936 mus
2278 1887 2549 1953 pecunias,
2572 1906 2691 1960 quai
2724 1910 2822 1951 nos
2852 1899 3144 1959 innumeris
3171 1909 3568 1980 circumplicant
3597 1932 3714 1973 ma-

2130 1970 2215 2039 lis,
2249 1989 2367 2043 quae
2407 1977 2494 2033 hic
2530 1987 2913 2056 remanebunt,
2954 2001 3008 2047 et
3049 2008 3246 2053 nostra;
3288 2018 3392 2055 non
3437 2015 3576 2059 sunt.
3624 2006 3713 2063 Illa

2127 2064 2269 2118 enim
2296 2067 2750 2145 administramus,
2787 2095 2908 2150 quae
2933 2095 3113 2142 nostra
3144 2105 3249 2143 non
3281 2105 3423 2159 sunt,
3455 2093 3581 2151 licet
3617 2115 3711 2168 pa-

2129 2161 2297 2210 terna.
2342 2159 2475 2215 Cum
2516 2176 2692 2221 autem
2732 2172 2903 2227 aderit
2941 2177 3204 2245 gehenna,
3242 2187 3437 2239 vermis
3481 2188 3572 2243 ille
3606 2206 3710 2244 non

2125 2249 2380 2316 moriens,
2422 2253 2556 2324 ignis
2592 2259 3070 2334 inexstinguibilis,
3106 2275 3407 2347 stridorque
3440 2280 3701 2348 dentium,

2123 2341 2389 2405 quomodo
2415 2345 2503 2400 illa
2530 2346 2804 2408 feremus?
2831 2355 3116 2431 Usquequo
3142 2381 3244 2420 non
3274 2341 3586 2438 videbimus,
3613 2341 3708 2431 sed

2122 2427 2174 2480 in
2212 2434 2546 2499 quotidianas
2581 2441 2720 2498 rixas
2757 2455 2811 2500 et
2849 2449 2987 2506 bella
3026 2463 3080 2509 et
3122 2457 3295 2514 inania
3329 2465 3491 2519 verba
3529 2469 3704 2522 omnia

2119 2525 2513 2596 consumimus,
2560 2540 2754 2590 terram
2792 2540 3014 2610 alimus,
3059 2561 3254 2618 corpus
3292 2551 3704 2627 impinguamns,

2117 2613 2347 2670 animam
2375 2620 2711 2692 negligimus,
2741 2636 3040 2690 necessaria
3066 2638 3199 2695 nihil
3224 2658 3491 2712 curamus,
3520 2649 3585 2704 de
3608 2667 3703 2705 su-

2116 2707 2332 2773 perﬂuis
2359 2723 2413 2766 et
2443 2714 2715 2774 inutilibus
2754 2725 2967 2782 solliciti
3007 2734 3228 2787 sumus?
3269 2735 3540 2808 Magniﬁca
3568 2758 3700 2798 con-

2112 2803 2367 2861 struimus
2383 2811 2646 2879 sepulcra,
2665 2816 2970 2887 splendidas
2992 2827 3220 2884 emimus
3239 2831 3402 2900 aedes,
3424 2849 3700 2894 servorum

2110 2908 2298 2966 greges
2315 2901 2491 2959 varios
2507 2905 2781 2964 nobiscum
2800 2915 3079 2987 trahimus,
3103 2921 3500 2994 dispensatores
3523 2933 3696 2989 varios

2109 2990 2494 3062 excogitamus,
2527 3013 2797 3070 agrorum,
2825 3008 3040 3076 aedium,
3065 3017 3407 3081 pecuniarum
3431 3023 3698 3094 principes

2107 3082 2423 3150 statuimus,
2472 3089 2580 3146 imo
2617 3094 2914 3167 principum
2950 3104 3252 3176 principes;
3296 3109 3524 3168 deserta:
3567 3132 3697 3172 vero

2104 3172 2295 3230 anima:
2325 3178 2468 3237 nulla
2495 3185 2648 3240 nobis
2673 3203 2799 3245 cura
2827 3201 2928 3247 est.
2959 3195 3152 3266 Ecquis
3187 3200 3375 3257 horum
3414 3205 3534 3261 linis
3554 3210 3692 3264 erit?

2091 3831 2190 3874 vus
2216 3830 2297 3875 est
2328 3823 2508 3892 herus,
2537 3839 2589 3884 et
2618 3835 2888 3892 servitutis
2913 3841 3054 3897 aliud
3085 3846 3302 3915 gravius
3327 3864 3495 3918 genus
3521 3851 3677 3907 indu—

2089 3913 2181 3966 cit.
2221 3914 2284 3968 Et
2317 3917 2422 3971 alio
2459 3922 2618 3977 modo
2651 3939 2836 3982 servus
2877 3940 2978 3996 est,
3012 3952 3133 3991 cum
3179 3957 3297 3996 non.
3331 3943 3524 3998 audeat
3561 3947 3677 4002 sine

2089 4005 2258 4058 servis
2297 4007 2376 4061 vel
2420 4009 2470 4062 in
2513 4011 2704 4077 forum,
2739 4020 2825 4073 vel
2863 4022 2930 4076 ad
2970 4023 3241 4098 balneum,
3282 4031 3371 4104 vel
3411 4033 3462 4086 in
3490 4050 3674 4105 agrum

2087 4096 2166 4152 ire
2200 4116 2212 4151 :
2244 4099 2316 4155 illi
2346 4118 2470 4157 vero
2500 4121 2641 4176 δαιρο
2668 4111 2783 4167 sine
2811 4113 2939 4170 hero
2963 4119 3376 4198 circumquaque.
3402 4127 3667 4188 incedunt.

2085 4186 2190 4243 Sed
2219 4192 2305 4261 qui
2335 4193 2548 4251 videtur
2570 4216 2688 4256 esse
2717 4202 2984 4274 dominus,
3025 4213 3124 4267 nisi
3165 4216 3341 4274 adsint
3368 4221 3532 4284 servi,
3566 4239 3670 4280 non

2082 4278 2241 4334 audet
2268 4283 2414 4337 exire
2451 4285 2638 4355 domo;
2678 4293 2769 4347 sed
2814 4297 2858 4351 si
2893 4312 3048 4355 extra
3077 4304 3292 4362 domum
3332 4315 3415 4367 vel
3442 4327 3670 4390 compa-

2080 4381 2213 4437 reat,
2245 4387 2304 4428 se
2333 4385 2478 4443 putat
2503 4395 2622 4435 esse
2648 4383 2948 4446 ridiculum.
2980 4394 3204 4458 Quidam
3239 4401 3373 4459 forte
3415 4383 3517 4483 unos
3547 4406 3667 4461 irri-

2084 4463 2203 4483 J-_-A
2234 4466 2248 4483 I
2394 4468 2426 4483 ι·
2753 4479 2764 4483 ⁸
2797 4480 2807 4483 ⁸
2832 4481 2841 4483 “

2078 4463 2207 4518 dent
2234 4466 2348 4521 haec
2377 4468 2641 4536 dicentes;
2672 4479 2764 4532 sed
2796 4480 2914 4538 ideo
2937 4489 3118 4545 multis
3142 4493 3215 4546 illi
3255 4479 3521 4570 lacrymis
3545 4511 3668 4557 sunt

2077 4553 2242 4623 digni.
2260 4557 2410 4625 Quod
2433 4564 2574 4620 enim
2596 4567 2707 4623 haec
2731 4575 2960 4632 servitus
2979 4581 3068 4647 sit,
3094 4594 3149 4637 ιιι
3169 4590 3464 4655 ostendam,
3495 4567 3668 4670 liben-

2074 4653 2156 4700 ter
2188 4646 2624 4721 iuterrogaverim
2653 4677 2666 4711 :
2695 4676 2762 4716 an
2804 4667 2970 4723 velles
3010 4687 3168 4742 egere
3205 4679 3403 4749 aliquo.
3439 4646 3661 4754 quixaori

2073 4743 2164 4788 tuo
2187 4737 2361 4793 cibum
2389 4743 2472 4798 vel
2505 4750 2748 4814 poculum
2794 4757 3140 4818 admoveret?
3186 4785 3362 4826 annon
3410 4759 3666 4849 lacrymis

2073 4824 2280 4849 λεώς-,μ
2581 4847 2587 4849 Α
2631 4841 2642 4849 ,
2782 4845 2792 4849 -

3331 4824 3361 4826 ἡ-
3410 4824 3657 4849 .--ηπ---

2069 4824 2283 4894 dignum
2315 4841 2529 4900 putares
2575 4841 2677 4896 tale
2720 4845 3108 4908 ministerium?
3148 4858 3304 4928 Quid,
3356 4867 3399 4919 si
3439 4881 3657 4938 semper

2065 4920 2394 4985 gestantibus
2421 4940 2626 4996 egeres,
2667 4944 2724 4988 ut
2751 4937 3046 5010 incederes,
3077 4963 3257 5006 nonne
3301 4962 3351 5008 te
3380 4955 3501 5010 ideo
3530 4975 3641 5014 on.-

2062 5009 2207 5064 nium
2243 5012 2598 5076 miserrimum
2624 5032 2877 5092 putares?
2903 5033 2989 5089 Sic
3015 5054 3155 5093 nunc
3185 5051 3234 5097 te
3257 5044 3501 5102 allectum
3527 5061 3646 5105 esss

2056 5113 2350 5170 oporteret.
2382 5108 2519 5165 Nihil
2547 5117 2688 5172 enim
2713 5121 2895 5189 refert,
2925 5142 2991 5180 an
3025 5128 3287 5201 homines,
3311 5151 3377 5192 an
3399 5139 3648 5210 jumenta

2058 5203 2286 5262 gestent.
2318 5203 2527 5268 Annon,
2555 5226 2758 5280 quiusa,
2790 5215 2912 5272 hinc
2935 5223 3108 5290 angeli
3133 5240 3162 5278 a
3190 5229 3342 5284 nobis
3363 5203 3640 5303 dill'crunt,

2056 5286 2195 5354 quod
2229 5305 2332 5345 non
2367 5302 2442 5347 tot
2469 5311 2659 5365 egeant
2686 5305 2864 5371 rebus.
2894 5286 3031 5378 quot
3039 5330 3138 5370 nos
3163 5325 3424 5387 egemus?
3459 5326 3642 5396 Itaque

2055 5387 2253 5443 quanto
2298 5387 2632 5451 paucioribus
2674 5394 2987 5466 indigemus,
3040 5414 3186 5463 tanto
3230 5387 3637 5487 propinquiores

2052 5469 2158 5526 illis
2187 5488 2369 5531 sumus
2403 5497 2416 5532 :
2449 5495 2648 5551 quanto
2697 5491 2951 5557 pluribs.
2987 5507 3133 5555 tanto
3176 5507 3345 5576 magis
3389 5511 3457 5565 ad
3497 5513 3632 5570 hanc

2049 5563 2304 5622 caducam
2341 5571 2501 5629 vitam
2533 5577 2884 5638 deﬂectimus.
2933 5589 3106 5659 Atque
3151 5607 3208 5649 ut
3249 5614 3360 5654 rem
3400 5603 3471 5658 ita
3511 5623 3630 5664 esse

2045 5652 2240 5722 discas,
2271 5673 2426 5716 senes
2470 5667 2757 5740 interroga,
2785 5691 2942 5744 quam
2982 5681 3142 5738 vitam
3188 5687 3397 5748 beatam
3440 5699 3624 5753 exisu-

2046 5757 2210 5816 ment,
2242 5765 2305 5806 au
2335 5755 2473 5811 illam
2506 5763 2716 5831 quando
2749 5767 2829 5823 his
2877 5773 3030 5831 rebus
3070 5780 3228 5838 stulte
3257 5786 3622 5860 vincebantur,
