  <div class='ocr_page' id='page_1' title='image "/cluster/home/n/w/nwhite01/storage/ocr_20150623/59/nnc1.0046979891/432.png"; bbox 0 0 4126 6366; ppageno 0'>
   <div class='ocr_carea' id='block_1_1' title="bbox 208 351 313 408">
    <p class='ocr_par' dir='ltr' id='par_1_1' title="bbox 208 351 313 408">
     <span class='ocr_line' id='line_1_1' title="bbox 208 351 313 408; baseline 0 -2"><span class='ocrx_word' id='word_1_1' title='bbox 208 351 313 408; x_wconf 70' lang='grc'>455</span> 
     </span>
    </p>
   </div>
   <div class='ocr_carea' id='block_1_2' title="bbox 207 455 1863 538">
    <p class='ocr_par' dir='ltr' id='par_1_2' title="bbox 207 455 1863 538">
     <span class='ocr_line' id='line_1_2' title="bbox 207 455 1863 538; baseline -0.01 -15"><span class='ocrx_word' id='word_1_2' title='bbox 207 470 377 533; x_wconf 78' lang='grc' dir='ltr'>Αὐτὸς</span> <span class='ocrx_word' id='word_1_3' title='bbox 407 469 463 522; x_wconf 86' lang='grc' dir='ltr'>δέ</span> <span class='ocrx_word' id='word_1_4' title='bbox 503 466 979 538; x_wconf 75' lang='grc' dir='ltr'>ἀνθρωπινώτερον</span> <span class='ocrx_word' id='word_1_5' title='bbox 1008 465 1152 519; x_wconf 82' lang='grc' dir='ltr'>αἰτεῖ</span> <span class='ocrx_word' id='word_1_6' title='bbox 1179 460 1320 516; x_wconf 76' lang='grc' dir='ltr'>οὕτω</span> <span class='ocrx_word' id='word_1_7' title='bbox 1349 460 1539 528; x_wconf 85' lang='grc' dir='ltr'>λέγων·</span> <span class='ocrx_word' id='word_1_8' title='bbox 1568 459 1691 512; x_wconf 77' lang='grc' dir='ltr'>Ἵνα</span> <span class='ocrx_word' id='word_1_9' title='bbox 1720 455 1863 516; x_wconf 68' lang='grc' dir='ltr'>πᾶν,</span> 
     </span>
    </p>
   </div>
   <div class='ocr_carea' id='block_1_3' title="bbox 208 542 1865 623">
    <p class='ocr_par' dir='ltr' id='par_1_3' title="bbox 208 542 1865 623">
     <span class='ocr_line' id='line_1_3' title="bbox 208 542 1865 623; baseline -0.01 -13"><span class='ocrx_word' id='word_1_10' title='bbox 208 558 240 610; x_wconf 85' lang='grc' dir='ltr'>ὃ</span> <span class='ocrx_word' id='word_1_11' title='bbox 264 558 525 623; x_wconf 80' lang='grc' dir='ltr'>δέδωκας</span> <span class='ocrx_word' id='word_1_12' title='bbox 553 555 733 620; x_wconf 85' lang='grc' dir='ltr'>αὐτῷ,</span> <span class='ocrx_word' id='word_1_13' title='bbox 769 554 853 618; x_wconf 86' lang='grc' dir='ltr'>δῷ</span> <span class='ocrx_word' id='word_1_14' title='bbox 883 552 1087 618; x_wconf 85' lang='grc' dir='ltr'>αὐτοῖς</span> <span class='ocrx_word' id='word_1_15' title='bbox 1120 549 1271 618; x_wconf 79' lang='grc' dir='ltr'>ζωὴν</span> <span class='ocrx_word' id='word_1_16' title='bbox 1304 548 1564 602; x_wconf 77' lang='grc' dir='ltr'>αἰώνιον.</span> <span class='ocrx_word' id='word_1_17' title='bbox 1604 546 1763 610; x_wconf 81' lang='grc' dir='ltr'>Αὕτη</span> <span class='ocrx_word' id='word_1_18' title='bbox 1797 542 1865 595; x_wconf 84' lang='grc' dir='ltr'><em>δέ</em></span> 
     </span>
    </p>
   </div>
   <div class='ocr_carea' id='block_1_4' title="bbox 207 633 1865 710">
    <p class='ocr_par' dir='ltr' id='par_1_4' title="bbox 207 633 1865 710">
     <span class='ocr_line' id='line_1_4' title="bbox 207 633 1865 710; baseline -0.01 -10"><span class='ocrx_word' id='word_1_19' title='bbox 207 649 376 700; x_wconf 81' lang='grc' dir='ltr'>ἐστιν</span> <span class='ocrx_word' id='word_1_20' title='bbox 418 645 456 710; x_wconf 78' lang='grc' dir='ltr'>ἡ</span> <span class='ocrx_word' id='word_1_21' title='bbox 500 642 739 708; x_wconf 67' lang='grc' dir='ltr'>αἰώνιος</span> <span class='ocrx_word' id='word_1_22' title='bbox 776 641 909 707; x_wconf 78' lang='grc' dir='ltr'>ζωὴ,</span> <span class='ocrx_word' id='word_1_23' title='bbox 949 641 1048 693; x_wconf 77' lang='grc' dir='ltr'>ἵνα</span> <span class='ocrx_word' id='word_1_24' title='bbox 1074 636 1409 707; x_wconf 77' lang='grc' dir='ltr'>γινώσκωσι</span> <span class='ocrx_word' id='word_1_25' title='bbox 1434 651 1507 689; x_wconf 87' lang='grc' dir='ltr'>σε</span> <span class='ocrx_word' id='word_1_26' title='bbox 1542 634 1647 686; x_wconf 79' lang='grc' dir='ltr'>τόν</span> <span class='ocrx_word' id='word_1_27' title='bbox 1674 633 1865 700; x_wconf 79' lang='grc' dir='ltr'>μόνον</span> 
     </span>
    </p>
   </div>
   <div class='ocr_carea' id='block_1_5' title="bbox 208 719 1862 799">
    <p class='ocr_par' dir='ltr' id='par_1_5' title="bbox 208 719 1862 799">
     <span class='ocr_line' id='line_1_5' title="bbox 208 719 1862 799; baseline -0.01 -13"><span class='ocrx_word' id='word_1_28' title='bbox 208 732 496 799; x_wconf 74' lang='grc' dir='ltr'>ἀληθινὸν</span> <span class='ocrx_word' id='word_1_29' title='bbox 533 730 699 790; x_wconf 80' lang='grc' dir='ltr'>Θεὸν,</span> <span class='ocrx_word' id='word_1_30' title='bbox 725 729 820 781; x_wconf 76' lang='grc' dir='ltr'>καὶ</span> <span class='ocrx_word' id='word_1_31' title='bbox 844 728 914 781; x_wconf 83' lang='grc' dir='ltr'>ὃν</span> <span class='ocrx_word' id='word_1_32' title='bbox 934 725 1293 789; x_wconf 74' lang='grc' dir='ltr'>ἀπέστειλας</span> <span class='ocrx_word' id='word_1_33' title='bbox 1326 722 1559 789; x_wconf 81' lang='grc' dir='ltr'>Ἰησοῦν</span> <span class='ocrx_word' id='word_1_34' title='bbox 1590 719 1862 787; x_wconf 83' lang='grc' dir='ltr'>Χριστόν.</span> 
     </span>
    </p>
   </div>
   <div class='ocr_carea' id='block_1_6' title="bbox 207 809 1865 888">
    <p class='ocr_par' dir='ltr' id='par_1_6' title="bbox 207 809 1865 888">
     <span class='ocr_line' id='line_1_6' title="bbox 207 809 1865 888; baseline -0.009 -13"><span class='ocrx_word' id='word_1_35' title='bbox 207 821 411 875; x_wconf 80' lang='grc' dir='ltr'>Μόνον</span> <span class='ocrx_word' id='word_1_36' title='bbox 432 819 722 885; x_wconf 73' lang='grc' dir='ltr'>ἀληθινὸν</span> <span class='ocrx_word' id='word_1_37' title='bbox 745 816 911 879; x_wconf 81' lang='grc' dir='ltr'>Θεὸν,</span> <span class='ocrx_word' id='word_1_38' title='bbox 932 816 1065 888; x_wconf 87' lang='grc' dir='ltr'>πρὸς</span> <span class='ocrx_word' id='word_1_39' title='bbox 1086 811 1485 883; x_wconf 84' lang='grc' dir='ltr'>ἀντιδιαστολὴν</span> <span class='ocrx_word' id='word_1_40' title='bbox 1512 811 1620 864; x_wconf 91' lang='grc' dir='ltr'>τῶν</span> <span class='ocrx_word' id='word_1_41' title='bbox 1653 811 1751 863; x_wconf 85' lang='grc' dir='ltr'>οὐκ</span> <span class='ocrx_word' id='word_1_42' title='bbox 1778 809 1865 861; x_wconf 83' lang='grc' dir='ltr'>δν·-</span> 
     </span>
    </p>
   </div>
   <div class='ocr_carea' id='block_1_7' title="bbox 208 897 1867 974">
    <p class='ocr_par' dir='ltr' id='par_1_7' title="bbox 208 897 1867 974">
     <span class='ocr_line' id='line_1_7' title="bbox 208 897 1867 974; baseline -0.007 -14"><span class='ocrx_word' id='word_1_43' title='bbox 208 924 317 963; x_wconf 80' lang='grc' dir='ltr'>των</span> <span class='ocrx_word' id='word_1_44' title='bbox 357 905 494 959; x_wconf 88' lang='grc' dir='ltr'>θεῶν</span> <span class='ocrx_word' id='word_1_45' title='bbox 525 922 677 974; x_wconf 86' lang='grc' dir='ltr'>φησι.</span> <span class='ocrx_word' id='word_1_46' title='bbox 707 905 818 958; x_wconf 80' lang='grc' dir='ltr'>Καὶ</span> <span class='ocrx_word' id='word_1_47' title='bbox 855 904 962 973; x_wconf 88' lang='grc' dir='ltr'>γάρ</span> <span class='ocrx_word' id='word_1_48' title='bbox 1015 904 1092 963; x_wconf 86' lang='grc' dir='ltr'>εἰς</span> <span class='ocrx_word' id='word_1_49' title='bbox 1130 903 1197 955; x_wconf 85' lang='grc' dir='ltr'>τὰ</span> <span class='ocrx_word' id='word_1_50' title='bbox 1236 901 1365 971; x_wconf 79' lang='grc' dir='ltr'>ἔθνη</span> <span class='ocrx_word' id='word_1_51' title='bbox 1401 899 1596 962; x_wconf 78' lang='grc' dir='ltr'>αὐτοὺς</span> <span class='ocrx_word' id='word_1_52' title='bbox 1629 897 1867 967; x_wconf 83' lang='grc' dir='ltr'>πέμπειν</span> 
     </span>
    </p>
   </div>
   <div class='ocr_carea' id='block_1_8' title="bbox 210 987 1869 1063">
    <p class='ocr_par' dir='ltr' id='par_1_8' title="bbox 210 987 1869 1063">
     <span class='ocr_line' id='line_1_8' title="bbox 210 987 1869 1063; baseline -0.005 -17"><span class='ocrx_word' id='word_1_53' title='bbox 210 996 454 1063; x_wconf 81' lang='grc' dir='ltr'>ἔμελλεν.</span> <span class='ocrx_word' id='word_1_54' title='bbox 480 995 541 1049; x_wconf 86' lang='grc' dir='ltr'>Εἰ</span> <span class='ocrx_word' id='word_1_55' title='bbox 570 994 627 1047; x_wconf 88' lang='grc' dir='ltr'>δέ</span> <span class='ocrx_word' id='word_1_56' title='bbox 656 995 756 1047; x_wconf 90' lang='grc' dir='ltr'>οὐκ</span> <span class='ocrx_word' id='word_1_57' title='bbox 788 994 1083 1059; x_wconf 79' lang='grc' dir='ltr'>ἀνέξονται,</span> <span class='ocrx_word' id='word_1_58' title='bbox 1112 990 1247 1044; x_wconf 88' lang='grc' dir='ltr'>ἀλλά</span> <span class='ocrx_word' id='word_1_59' title='bbox 1279 990 1367 1049; x_wconf 80' lang='grc' dir='ltr'>διὰ</span> <span class='ocrx_word' id='word_1_60' title='bbox 1399 988 1554 1043; x_wconf 73' lang='grc' dir='ltr'>τοῦτο</span> <span class='ocrx_word' id='word_1_61' title='bbox 1583 987 1741 1058; x_wconf 85' lang='grc' dir='ltr'>μόνον</span> <span class='ocrx_word' id='word_1_62' title='bbox 1779 987 1869 1037; x_wconf 84' lang='grc' dir='ltr'>ἐκ·</span> 
     </span>
    </p>
   </div>
   <div class='ocr_carea' id='block_1_9' title="bbox 210 1075 1869 1149">
    <p class='ocr_par' dir='ltr' id='par_1_9' title="bbox 210 1075 1869 1149">
     <span class='ocr_line' id='line_1_9' title="bbox 210 1075 1869 1149; baseline -0.005 -13"><span class='ocrx_word' id='word_1_63' title='bbox 210 1083 462 1137; x_wconf 77' lang='grc' dir='ltr'>ϐάλλουσι</span> <span class='ocrx_word' id='word_1_64' title='bbox 507 1082 599 1136; x_wconf 92' lang='grc' dir='ltr'>τοῦ</span> <span class='ocrx_word' id='word_1_65' title='bbox 638 1078 779 1134; x_wconf 81' lang='grc' dir='ltr'>εἶναι</span> <span class='ocrx_word' id='word_1_66' title='bbox 829 1080 1079 1149; x_wconf 85' lang='grc' dir='ltr'>ἀληθινὸν</span> <span class='ocrx_word' id='word_1_67' title='bbox 1107 1079 1236 1132; x_wconf 82' lang='grc' dir='ltr'>Θεὸν</span> <span class='ocrx_word' id='word_1_68' title='bbox 1264 1078 1353 1131; x_wconf 90' lang='grc' dir='ltr'>τὸν</span> <span class='ocrx_word' id='word_1_69' title='bbox 1384 1078 1530 1140; x_wconf 86' lang='grc' dir='ltr'>Υίὸν,</span> <span class='ocrx_word' id='word_1_70' title='bbox 1556 1075 1697 1128; x_wconf 80' lang='grc' dir='ltr'>οὓτω</span> <span class='ocrx_word' id='word_1_71' title='bbox 1737 1091 1869 1145; x_wconf 87' lang='grc' dir='ltr'>προ-</span> 
     </span>
    </p>
   </div>
   <div class='ocr_carea' id='block_1_10' title="bbox 210 1164 1864 1234">
    <p class='ocr_par' dir='ltr' id='par_1_10' title="bbox 210 1164 1864 1234">
     <span class='ocr_line' id='line_1_10' title="bbox 210 1164 1864 1234; baseline -0.005 -11"><span class='ocrx_word' id='word_1_72' title='bbox 210 1172 381 1234; x_wconf 78' lang='grc' dir='ltr'>ϊόντες</span> <span class='ocrx_word' id='word_1_73' title='bbox 421 1171 513 1225; x_wconf 75' lang='grc' dir='ltr'>καί</span> <span class='ocrx_word' id='word_1_74' title='bbox 562 1170 623 1223; x_wconf 87' lang='grc' dir='ltr'>τὸ</span> <span class='ocrx_word' id='word_1_75' title='bbox 671 1170 803 1222; x_wconf 83' lang='grc' dir='ltr'>Θεὸν</span> <span class='ocrx_word' id='word_1_76' title='bbox 843 1164 980 1221; x_wconf 85' lang='grc' dir='ltr'>εἷναι</span> <span class='ocrx_word' id='word_1_77' title='bbox 1023 1167 1358 1220; x_wconf 91' lang='grc' dir='ltr'>ἐκϐάλλουσι.</span> <span class='ocrx_word' id='word_1_78' title='bbox 1402 1165 1510 1218; x_wconf 74' lang='grc' dir='ltr'>Καὶ</span> <span class='ocrx_word' id='word_1_79' title='bbox 1556 1165 1687 1234; x_wconf 70' lang='grc' dir='ltr'>γάρ,</span> <span class='ocrx_word' id='word_1_80' title='bbox 1713 1179 1864 1232; x_wconf 86' lang='grc' dir='ltr'>φησι·</span> 
     </span>
    </p>
   </div>
   <div class='ocr_carea' id='block_1_11' title="bbox 215 1250 1869 1326">
    <p class='ocr_par' dir='ltr' id='par_1_11' title="bbox 215 1250 1869 1326">
     <span class='ocr_line' id='line_1_11' title="bbox 215 1250 1869 1326; baseline -0.005 -14"><span class='ocrx_word' id='word_1_81' title='bbox 215 1259 337 1326; x_wconf 82' lang='grc' dir='ltr'>Τὴν</span> <span class='ocrx_word' id='word_1_82' title='bbox 360 1258 547 1322; x_wconf 81' lang='grc' dir='ltr'>δόξαν</span> <span class='ocrx_word' id='word_1_83' title='bbox 574 1258 688 1325; x_wconf 79' lang='grc' dir='ltr'>τὴν</span> <span class='ocrx_word' id='word_1_84' title='bbox 712 1257 870 1324; x_wconf 77' lang='grc' dir='ltr'>παρὰ</span> <span class='ocrx_word' id='word_1_85' title='bbox 896 1256 998 1309; x_wconf 86' lang='grc' dir='ltr'>τοῦ</span> <span class='ocrx_word' id='word_1_86' title='bbox 1020 1256 1210 1324; x_wconf 83' lang='grc' dir='ltr'>μόνου</span> <span class='ocrx_word' id='word_1_87' title='bbox 1241 1252 1398 1307; x_wconf 80' lang='grc' dir='ltr'>Θεοῦ</span> <span class='ocrx_word' id='word_1_88' title='bbox 1419 1255 1489 1306; x_wconf 89' lang='grc' dir='ltr'>οὐ</span> <span class='ocrx_word' id='word_1_89' title='bbox 1532 1250 1768 1317; x_wconf 82' lang='grc' dir='ltr'>ζητεῖτε.</span> <span class='ocrx_word' id='word_1_90' title='bbox 1803 1250 1869 1303; x_wconf 99' lang='grc' dir='ltr'>Τί</span> 
     </span>
    </p>
   </div>
   <div class='ocr_carea' id='block_1_12' title="bbox 206 1336 1870 1410">
    <p class='ocr_par' dir='ltr' id='par_1_12' title="bbox 206 1336 1870 1410">
     <span class='ocr_line' id='line_1_12' title="bbox 206 1336 1870 1410; baseline -0.006 -11"><span class='ocrx_word' id='word_1_91' title='bbox 206 1344 341 1410; x_wconf 75' lang='grc' dir='ltr'>οῦνς</span> <span class='ocrx_word' id='word_1_92' title='bbox 376 1346 474 1399; x_wconf 86' lang='grc' dir='ltr'>οὐκ</span> <span class='ocrx_word' id='word_1_93' title='bbox 508 1345 657 1398; x_wconf 74' lang='grc' dir='ltr'>ἔσται</span> <span class='ocrx_word' id='word_1_94' title='bbox 693 1344 823 1407; x_wconf 86' lang='grc' dir='ltr'>Θεὸς</span> <span class='ocrx_word' id='word_1_95' title='bbox 865 1345 894 1397; x_wconf 97' lang='lat'>6</span> <span class='ocrx_word' id='word_1_96' title='bbox 936 1344 1093 1409; x_wconf 74' lang='grc' dir='ltr'>Υίὸςς</span> <span class='ocrx_word' id='word_1_97' title='bbox 1131 1343 1193 1395; x_wconf 73' lang='lat' dir='ltr'>EE</span> <span class='ocrx_word' id='word_1_98' title='bbox 1236 1342 1291 1394; x_wconf 86' lang='grc' dir='ltr'>δέ</span> <span class='ocrx_word' id='word_1_99' title='bbox 1341 1340 1469 1404; x_wconf 87' lang='grc' dir='ltr'>Θεὸς</span> <span class='ocrx_word' id='word_1_100' title='bbox 1515 1341 1543 1392; x_wconf 92' lang='lat'>6</span> <span class='ocrx_word' id='word_1_101' title='bbox 1582 1339 1728 1401; x_wconf 87' lang='grc' dir='ltr'>Υἰὸς,</span> <span class='ocrx_word' id='word_1_102' title='bbox 1776 1336 1870 1389; x_wconf 79' lang='grc' dir='ltr'>καὶ</span> 
     </span>
    </p>
   </div>
   <div class='ocr_carea' id='block_1_13' title="bbox 210 1424 1868 1504">
    <p class='ocr_par' dir='ltr' id='par_1_13' title="bbox 210 1424 1868 1504">
     <span class='ocr_line' id='line_1_13' title="bbox 210 1424 1868 1504; baseline -0.006 -17"><span class='ocrx_word' id='word_1_103' title='bbox 210 1433 375 1504; x_wconf 84' lang='grc' dir='ltr'>μόνον</span> <span class='ocrx_word' id='word_1_104' title='bbox 400 1432 491 1487; x_wconf 88' lang='grc' dir='ltr'>τοῦ</span> <span class='ocrx_word' id='word_1_105' title='bbox 522 1432 733 1504; x_wconf 87' lang='grc' dir='ltr'>Πατρὸς</span> <span class='ocrx_word' id='word_1_106' title='bbox 768 1431 1078 1501; x_wconf 81' lang='grc' dir='ltr'>λεγομένου,</span> <span class='ocrx_word' id='word_1_107' title='bbox 1107 1429 1325 1498; x_wconf 78' lang='grc' dir='ltr'>εὔδηλον</span> <span class='ocrx_word' id='word_1_108' title='bbox 1360 1429 1441 1480; x_wconf 84' lang='grc' dir='ltr'>ὅτι</span> <span class='ocrx_word' id='word_1_109' title='bbox 1470 1428 1562 1480; x_wconf 58' lang='grc' dir='ltr'>καλ¹</span> <span class='ocrx_word' id='word_1_110' title='bbox 1598 1424 1868 1495; x_wconf 88' lang='grc' dir='ltr'>ἀληθινὸς,</span> 
     </span>
    </p>
   </div>
   <div class='ocr_carea' id='block_1_14' title="bbox 1250 328 2566 397">
    <p class='ocr_par' dir='ltr' id='par_1_14' title="bbox 1250 328 2566 397">
     <span class='ocr_line' id='line_1_14' title="bbox 1250 328 2566 397; baseline -0.01 -2"><span class='ocrx_word' id='word_1_111' title='bbox 1250 339 1315 395; x_wconf 75' lang='grc' dir='ltr'><strong>ΙΝ</strong></span> <span class='ocrx_word' id='word_1_112' title='bbox 1352 332 1664 397; x_wconf 72' lang='lat' dir='ltr'><strong>JOANNEM</strong></span> <span class='ocrx_word' id='word_1_113' title='bbox 1703 328 1933 388; x_wconf 79' lang='lat' dir='ltr'>HOMIL.</span> <span class='ocrx_word' id='word_1_114' title='bbox 1971 328 2182 390; x_wconf 74' lang='lat' dir='ltr'>LXXX.</span> <span class='ocrx_word' id='word_1_115' title='bbox 2222 330 2293 390; x_wconf 86' lang='lat' dir='ltr'>aL</span> <span class='ocrx_word' id='word_1_116' title='bbox 2337 330 2566 392; x_wconf 65' lang='lat' dir='ltr'><strong>LXXIX.</strong></span> 
     </span>
    </p>
   </div>
   <div class='ocr_carea' id='block_1_15' title="bbox 3518 328 3640 389">
    <p class='ocr_par' dir='ltr' id='par_1_15' title="bbox 3518 328 3640 389">
     <span class='ocr_line' id='line_1_15' title="bbox 3518 328 3640 389; baseline 0.057 -7"><span class='ocrx_word' id='word_1_117' title='bbox 3518 328 3640 389; x_wconf 57' lang='lat'>4&#39;16.</span> 
     </span>
    </p>
   </div>
   <div class='ocr_carea' id='block_1_16' title="bbox 1968 447 3647 524">
    <p class='ocr_par' dir='ltr' id='par_1_16' title="bbox 1968 447 3647 524">
     <span class='ocr_line' id='line_1_16' title="bbox 1968 447 3647 524; baseline -0.003 -18"><span class='ocrx_word' id='word_1_118' title='bbox 1968 452 2197 523; x_wconf 84' lang='grc' dir='ltr'>Μυρίων</span> <span class='ocrx_word' id='word_1_119' title='bbox 2236 453 2344 524; x_wconf 79' lang='grc' dir='ltr'>ἄρα</span> <span class='ocrx_word' id='word_1_120' title='bbox 2378 452 2519 518; x_wconf 77' lang='grc' dir='ltr'>ἄξιοι</span> <span class='ocrx_word' id='word_1_121' title='bbox 2556 451 2805 521; x_wconf 77' lang='grc' dir='ltr'>δακρύων</span> <span class='ocrx_word' id='word_1_122' title='bbox 2842 450 2912 515; x_wconf 89' lang='grc' dir='ltr'>οἰ,</span> <span class='ocrx_word' id='word_1_123' title='bbox 2956 447 3235 516; x_wconf 70' lang='grc' dir='ltr'>τοσαύτης,</span> <span class='ocrx_word' id='word_1_124' title='bbox 3264 452 3647 520; x_wconf 70' lang='grc' dir='ltr'>προκειμένης,</span> 
     </span>
    </p>
   </div>
   <div class='ocr_carea' id='block_1_17' title="bbox 1967 535 3626 611">
    <p class='ocr_par' dir='ltr' id='par_1_17' title="bbox 1967 535 3626 611">
     <span class='ocr_line' id='line_1_17' title="bbox 1967 535 3626 611; baseline -0.024 -1"><span class='ocrx_word' id='word_1_125' title='bbox 1967 541 2151 611; x_wconf 67' lang='grc' dir='ltr'>δόξης.</span> <span class='ocrx_word' id='word_1_126' title='bbox 2187 540 2277 594; x_wconf 75' lang='grc' dir='ltr'>διὰ</span> <span class='ocrx_word' id='word_1_127' title='bbox 2310 540 2536 594; x_wconf 90' lang='grc' dir='ltr'>νωθείαν</span> <span class='ocrx_word' id='word_1_128' title='bbox 2588 541 2679 593; x_wconf 71' lang='grc' dir='ltr'>καὶ</span> <span class='ocrx_word' id='word_1_129' title='bbox 2706 538 2871 591; x_wconf 80' lang='grc' dir='ltr'>ὕπνον</span> <span class='ocrx_word' id='word_1_130' title='bbox 2918 535 3357 599; x_wconf 82' lang='grc' dir='ltr'>ἐπιϐουλεύοντες</span> <span class='ocrx_word' id='word_1_131' title='bbox 3394 537 3626 600; x_wconf 62' lang='grc' dir='ltr'>ἑαυτοῖς.</span> 
     </span>
    </p>
   </div>
   <div class='ocr_carea' id='block_1_18' title="bbox 1969 622 3629 699">
    <p class='ocr_par' dir='ltr' id='par_1_18' title="bbox 1969 622 3629 699">
     <span class='ocr_line' id='line_1_18' title="bbox 1969 622 3629 699; baseline -0.001 -19"><span class='ocrx_word' id='word_1_132' title='bbox 1969 631 2060 683; x_wconf 76' lang='grc' dir='ltr'>καὶ</span> <span class='ocrx_word' id='word_1_133' title='bbox 2106 630 2158 681; x_wconf 89' lang='grc' dir='ltr'>εἰ</span> <span class='ocrx_word' id='word_1_134' title='bbox 2190 629 2383 697; x_wconf 77' lang='grc' dir='ltr'>γέεννα</span> <span class='ocrx_word' id='word_1_135' title='bbox 2416 628 2491 699; x_wconf 81' lang='grc' dir='ltr'>μὴ</span> <span class='ocrx_word' id='word_1_136' title='bbox 2517 624 2604 698; x_wconf 81' lang='grc' dir='ltr'>ἦν,</span> <span class='ocrx_word' id='word_1_137' title='bbox 2632 625 2946 697; x_wconf 84' lang='grc' dir='ltr'>ἀθλιώτεροι</span> <span class='ocrx_word' id='word_1_138' title='bbox 2995 627 3230 691; x_wconf 83' lang='grc' dir='ltr'>πάντων,</span> <span class='ocrx_word' id='word_1_139' title='bbox 3266 622 3348 688; x_wconf 73' lang='grc' dir='ltr'>οἷς</span> <span class='ocrx_word' id='word_1_140' title='bbox 3378 626 3629 696; x_wconf 79' lang='grc' dir='ltr'>βασιλεῦ-</span> 
     </span>
    </p>
   </div>
   <div class='ocr_carea' id='block_1_19' title="bbox 1970 713 3628 787">
    <p class='ocr_par' dir='ltr' id='par_1_19' title="bbox 1970 713 3628 787">
     <span class='ocr_line' id='line_1_19' title="bbox 1970 713 3628 787; baseline -0.002 -18"><span class='ocrx_word' id='word_1_141' title='bbox 1970 735 2057 769; x_wconf 92' lang='grc' dir='ltr'>σαι</span> <span class='ocrx_word' id='word_1_142' title='bbox 2088 716 2258 787; x_wconf 89' lang='grc' dir='ltr'>παρὸν</span> <span class='ocrx_word' id='word_1_143' title='bbox 2286 718 2380 770; x_wconf 77' lang='grc' dir='ltr'>καὶ</span> <span class='ocrx_word' id='word_1_144' title='bbox 2406 715 2821 785; x_wconf 81' lang='grc' dir='ltr'>συνδοξασθῆναι</span> <span class='ocrx_word' id='word_1_145' title='bbox 2845 714 2921 785; x_wconf 82' lang='grc' dir='ltr'>τῷ</span> <span class='ocrx_word' id='word_1_146' title='bbox 2950 714 3063 785; x_wconf 81' lang='grc' dir='ltr'>Υίῷ</span> <span class='ocrx_word' id='word_1_147' title='bbox 3107 713 3198 766; x_wconf 92' lang='grc' dir='ltr'>τοῦ</span> <span class='ocrx_word' id='word_1_148' title='bbox 3246 713 3401 779; x_wconf 89' lang='grc' dir='ltr'>Θεοῦ,</span> <span class='ocrx_word' id='word_1_149' title='bbox 3439 713 3628 765; x_wconf 89' lang='grc' dir='ltr'>τοσού-</span> 
     </span>
    </p>
   </div>
   <div class='ocr_carea' id='block_1_20' title="bbox 1967 802 3648 875">
    <p class='ocr_par' dir='ltr' id='par_1_20' title="bbox 1967 802 3648 875">
     <span class='ocr_line' id='line_1_20' title="bbox 1967 802 3648 875; baseline -0.002 -18"><span class='ocrx_word' id='word_1_150' title='bbox 1967 822 2075 857; x_wconf 88' lang='grc' dir='ltr'>των</span> <span class='ocrx_word' id='word_1_151' title='bbox 2097 805 2322 868; x_wconf 78' lang='grc' dir='ltr'>ἑαυτοὺς</span> <span class='ocrx_word' id='word_1_152' title='bbox 2352 804 2775 875; x_wconf 72' lang='grc' dir='ltr'>ἀποστεροῦντες</span> <span class='ocrx_word' id='word_1_153' title='bbox 2804 802 3040 871; x_wconf 81' lang='grc' dir='ltr'>ἀγαθῶν.</span> <span class='ocrx_word' id='word_1_154' title='bbox 3071 804 3134 856; x_wconf 85' lang='grc' dir='ltr'>Εἰ</span> <span class='ocrx_word' id='word_1_155' title='bbox 3169 802 3277 874; x_wconf 73' lang='grc' dir='ltr'>γὰρ</span> <span class='ocrx_word' id='word_1_156' title='bbox 3312 802 3648 873; x_wconf 45' lang='grc' dir='ltr'>κατακοπῆτ</span> 
     </span>
    </p>
   </div>
   <div class='ocr_carea' id='block_1_21' title="bbox 1969 889 3645 962">
    <p class='ocr_par' dir='ltr' id='par_1_21' title="bbox 1969 889 3645 962">
     <span class='ocr_line' id='line_1_21' title="bbox 1969 889 3645 962; baseline -0.001 -21"><span class='ocrx_word' id='word_1_157' title='bbox 1969 908 2059 942; x_wconf 88' lang='grc' dir='ltr'>ναι</span> <span class='ocrx_word' id='word_1_158' title='bbox 2086 891 2213 949; x_wconf 78' lang='grc' dir='ltr'>ἔδει,</span> <span class='ocrx_word' id='word_1_159' title='bbox 2245 893 2293 943; x_wconf 87' lang='grc' dir='ltr'>εἰ</span> <span class='ocrx_word' id='word_1_160' title='bbox 2315 891 2421 961; x_wconf 88' lang='grc' dir='ltr'>γάρ</span> <span class='ocrx_word' id='word_1_161' title='bbox 2457 892 2681 962; x_wconf 79' lang='grc' dir='ltr'>μυρίους</span> <span class='ocrx_word' id='word_1_162' title='bbox 2708 889 2996 942; x_wconf 78' lang='grc' dir='ltr'>ἀποθανεῖν</span> <span class='ocrx_word' id='word_1_163' title='bbox 3031 889 3315 952; x_wconf 88' lang='grc' dir='ltr'>θανάτους,</span> <span class='ocrx_word' id='word_1_164' title='bbox 3347 891 3395 941; x_wconf 89' lang='grc' dir='ltr'>εἰ</span> <span class='ocrx_word' id='word_1_165' title='bbox 3429 889 3645 961; x_wconf 70' lang='grc' dir='ltr'>μυρίας</span> 
     </span>
    </p>
   </div>
   <div class='ocr_carea' id='block_1_22' title="bbox 1967 972 3641 1046">
    <p class='ocr_par' dir='ltr' id='par_1_22' title="bbox 1967 972 3641 1046">
     <span class='ocr_line' id='line_1_22' title="bbox 1967 972 3641 1046; baseline 0.001 -19"><span class='ocrx_word' id='word_1_166' title='bbox 1967 974 2242 1029; x_wconf 85' lang='grc' dir='ltr'>ἐπιδοῦναι</span> <span class='ocrx_word' id='word_1_167' title='bbox 2293 975 2489 1046; x_wconf 72' lang='grc' dir='ltr'>ψυχὰς,</span> <span class='ocrx_word' id='word_1_168' title='bbox 2543 977 2637 1027; x_wconf 71' lang='grc' dir='ltr'>καὶ</span> <span class='ocrx_word' id='word_1_169' title='bbox 2672 974 2907 1028; x_wconf 87' lang='grc' dir='ltr'>τοσαῦτα</span> <span class='ocrx_word' id='word_1_170' title='bbox 2955 972 3179 1044; x_wconf 87' lang='grc' dir='ltr'>σώματα</span> <span class='ocrx_word' id='word_1_171' title='bbox 3230 975 3351 1028; x_wconf 83' lang='grc' dir='ltr'>καθ’</span> <span class='ocrx_word' id='word_1_172' title='bbox 3391 976 3641 1046; x_wconf 72' lang='grc' dir='ltr'>ἑκάστην.</span> 
     </span>
    </p>
   </div>
   <div class='ocr_carea' id='block_1_23' title="bbox 1967 1048 3644 1133">
    <p class='ocr_par' dir='ltr' id='par_1_23' title="bbox 1967 1048 3644 1133">
     <span class='ocr_line' id='line_1_23' title="bbox 1967 1048 3644 1133; baseline 0.001 -20"><span class='ocrx_word' id='word_1_173' title='bbox 1967 1062 2200 1132; x_wconf 76' lang='grc' dir='ltr'>ἡμέραν·</span> <span class='ocrx_word' id='word_1_174' title='bbox 2229 1063 2328 1115; x_wconf 87' lang='grc' dir='ltr'>οὐκ</span> <span class='ocrx_word' id='word_1_175' title='bbox 2375 1063 2479 1115; x_wconf 78' lang='grc' dir='ltr'>ἔδει</span> <span class='ocrx_word' id='word_1_176' title='bbox 2517 1061 2751 1116; x_wconf 88' lang='grc' dir='ltr'>τοσαῦτα</span> <span class='ocrx_word' id='word_1_177' title='bbox 2778 1061 2803 1101; x_wconf 77' lang='grc' dir='ltr'>δ</span> <span class='ocrx_word' id='word_1_178' title='bbox 2842 1063 3136 1132; x_wconf 78' lang='grc' dir='ltr'>ὑποστῆναι</span> <span class='ocrx_word' id='word_1_179' title='bbox 3177 1063 3315 1132; x_wconf 84' lang='grc' dir='ltr'>ὑπὲρ</span> <span class='ocrx_word' id='word_1_180' title='bbox 3362 1048 3644 1133; x_wconf 42' lang='grc' dir='ltr'>τοσαύτηςξ</span> 
     </span>
    </p>
   </div>
   <div class='ocr_carea' id='block_1_24' title="bbox 1966 1144 3629 1227">
    <p class='ocr_par' dir='ltr' id='par_1_24' title="bbox 1966 1144 3629 1227">
     <span class='ocr_line' id='line_1_24' title="bbox 1966 1144 3629 1227; baseline 0.001 -26"><span class='ocrx_word' id='word_1_181' title='bbox 1966 1148 2163 1218; x_wconf 79' lang='grc' dir='ltr'>δόξης;</span> <span class='ocrx_word' id='word_1_182' title='bbox 2193 1151 2306 1203; x_wconf 89' lang='grc' dir='ltr'>Νῦν</span> <span class='ocrx_word' id='word_1_183' title='bbox 2341 1151 2397 1204; x_wconf 84' lang='grc' dir='ltr'>δὲ</span> <span class='ocrx_word' id='word_1_184' title='bbox 2439 1152 2557 1205; x_wconf 90' lang='grc' dir='ltr'>οὐδέ</span> <span class='ocrx_word' id='word_1_185' title='bbox 2599 1152 2892 1227; x_wconf 75' lang='grc' dir='ltr'>χρημάτων</span> <span class='ocrx_word' id='word_1_186' title='bbox 2938 1150 3400 1223; x_wconf 74' lang='grc' dir='ltr'>καταφρονοῦμεν,</span> <span class='ocrx_word' id='word_1_187' title='bbox 3445 1144 3629 1222; x_wconf 83' lang='grc' dir='ltr'>ὧνπερ</span> 
     </span>
    </p>
   </div>
   <div class='ocr_carea' id='block_1_25' title="bbox 1969 1238 3641 1314">
    <p class='ocr_par' dir='ltr' id='par_1_25' title="bbox 1969 1238 3641 1314">
     <span class='ocr_line' id='line_1_25' title="bbox 1969 1238 3641 1314; baseline 0.003 -24"><span class='ocrx_word' id='word_1_188' title='bbox 1969 1238 2195 1309; x_wconf 74' lang='grc' dir='ltr'>ὕστερον</span> <span class='ocrx_word' id='word_1_189' title='bbox 2235 1241 2327 1294; x_wconf 76' lang='grc' dir='ltr'>καὶ</span> <span class='ocrx_word' id='word_1_190' title='bbox 2354 1242 2575 1305; x_wconf 79' lang='grc' dir='ltr'>ἄκοντες</span> <span class='ocrx_word' id='word_1_191' title='bbox 2607 1241 3055 1312; x_wconf 73' lang='grc' dir='ltr'>ἀποστησόμεθα·</span> <span class='ocrx_word' id='word_1_192' title='bbox 3082 1242 3143 1295; x_wconf 88' lang='grc' dir='ltr'>οὐ</span> <span class='ocrx_word' id='word_1_193' title='bbox 3182 1242 3641 1314; x_wconf 50' lang='grc' dir='ltr'>καταφρονοῦμεν</span> 
     </span>
    </p>
   </div>
   <div class='ocr_carea' id='block_1_26' title="bbox 1966 1327 3625 1399">
    <p class='ocr_par' dir='ltr' id='par_1_26' title="bbox 1966 1327 3625 1399">
     <span class='ocr_line' id='line_1_26' title="bbox 1966 1327 3625 1399; baseline 0.002 -21"><span class='ocrx_word' id='word_1_194' title='bbox 1966 1327 2285 1397; x_wconf 85' lang='grc' dir='ltr'>χρημάτων,</span> <span class='ocrx_word' id='word_1_195' title='bbox 2338 1327 2446 1380; x_wconf 89' lang='grc' dir='ltr'>τῶν</span> <span class='ocrx_word' id='word_1_196' title='bbox 2500 1329 2711 1399; x_wconf 85' lang='grc' dir='ltr'>μυρίοις</span> <span class='ocrx_word' id='word_1_197' title='bbox 2758 1330 2917 1399; x_wconf 77' lang='grc' dir='ltr'>ἡμᾶς</span> <span class='ocrx_word' id='word_1_198' title='bbox 2944 1328 3371 1399; x_wconf 86' lang='grc' dir='ltr'>περιϐαλλόντων</span> <span class='ocrx_word' id='word_1_199' title='bbox 3415 1331 3625 1392; x_wconf 88' lang='grc' dir='ltr'>κακοῖς,</span> 
     </span>
    </p>
   </div>
   <div class='ocr_carea' id='block_1_27' title="bbox 1967 1414 3641 1487">
    <p class='ocr_par' dir='ltr' id='par_1_27' title="bbox 1967 1414 3641 1487">
     <span class='ocr_line' id='line_1_27' title="bbox 1967 1414 3641 1487; baseline -0.001 -18"><span class='ocrx_word' id='word_1_200' title='bbox 1967 1414 2074 1472; x_wconf 82' lang='grc' dir='ltr'>τῶν</span> <span class='ocrx_word' id='word_1_201' title='bbox 2097 1416 2328 1472; x_wconf 89' lang='grc' dir='ltr'>ἐνταῦθα</span> <span class='ocrx_word' id='word_1_202' title='bbox 2350 1417 2635 1487; x_wconf 77' lang='grc' dir='ltr'>μενόντων,</span> <span class='ocrx_word' id='word_1_203' title='bbox 2665 1417 2772 1469; x_wconf 89' lang='grc' dir='ltr'>τῶν</span> <span class='ocrx_word' id='word_1_204' title='bbox 2798 1419 2893 1486; x_wconf 89' lang='grc' dir='ltr'>οὐχ</span> <span class='ocrx_word' id='word_1_205' title='bbox 2924 1416 3097 1487; x_wconf 80' lang='grc' dir='ltr'>ἡμῶν.</span> <span class='ocrx_word' id='word_1_206' title='bbox 3123 1417 3204 1470; x_wconf 92' lang='grc' dir='ltr'>Τά</span> <span class='ocrx_word' id='word_1_207' title='bbox 3230 1416 3336 1487; x_wconf 91' lang='grc' dir='ltr'>γάρ</span> <span class='ocrx_word' id='word_1_208' title='bbox 3352 1418 3449 1487; x_wconf 92' lang='grc' dir='ltr'>οὐχ</span> <span class='ocrx_word' id='word_1_209' title='bbox 3473 1417 3641 1486; x_wconf 78' lang='grc' dir='ltr'>ἡμῶν,</span> 
     </span>
    </p>
   </div>
   <div class='ocr_carea' id='block_1_28' title="bbox 1966 1500 3732 1573">
    <p class='ocr_par' dir='ltr' id='par_1_28' title="bbox 1966 1500 3732 1573">
     <span class='ocr_line' id='line_1_28' title="bbox 1966 1500 3732 1573; baseline 0.002 -21"><span class='ocrx_word' id='word_1_210' title='bbox 1966 1500 2295 1573; x_wconf 82' lang='grc' dir='ltr'>διοικοῦμεν,</span> <span class='ocrx_word' id='word_1_211' title='bbox 2332 1502 2435 1556; x_wconf 77' lang='grc' dir='ltr'>κᾶν</span> <span class='ocrx_word' id='word_1_212' title='bbox 2472 1503 2699 1573; x_wconf 80' lang='grc' dir='ltr'>πατρῷα</span> <span class='ocrx_word' id='word_1_213' title='bbox 2738 1503 2968 1573; x_wconf 73' lang='grc' dir='ltr'>ἔχωμεν.</span> <span class='ocrx_word' id='word_1_214' title='bbox 3004 1504 3171 1556; x_wconf 86' lang='grc' dir='ltr'>Ὅταν</span> <span class='ocrx_word' id='word_1_215' title='bbox 3208 1502 3265 1555; x_wconf 85' lang='grc' dir='ltr'>δέ</span> <span class='ocrx_word' id='word_1_216' title='bbox 3306 1504 3398 1555; x_wconf 77' lang='grc' dir='ltr'>καί</span> <span class='ocrx_word' id='word_1_217' title='bbox 3440 1504 3638 1570; x_wconf 78' lang='grc' dir='ltr'>γέεννα,</span> <span class='ocrx_word' id='word_1_218' title='bbox 3678 1536 3732 1555; x_wconf 73' lang='grc' dir='ltr'>ρ·-</span> 
     </span>
    </p>
   </div>
   <div class='ocr_carea' id='block_1_29' title="bbox 1969 1590 3634 1662">
    <p class='ocr_par' dir='ltr' id='par_1_29' title="bbox 1969 1590 3634 1662">
     <span class='ocr_line' id='line_1_29' title="bbox 1969 1590 3634 1662; baseline 0.001 -22"><span class='ocrx_word' id='word_1_219' title='bbox 1969 1594 2167 1661; x_wconf 82' lang='grc' dir='ltr'>προσῇ,</span> <span class='ocrx_word' id='word_1_220' title='bbox 2224 1592 2315 1644; x_wconf 73' lang='grc' dir='ltr'>καὶ</span> <span class='ocrx_word' id='word_1_221' title='bbox 2363 1591 2575 1661; x_wconf 80' lang='grc' dir='ltr'>σκώληξ</span> <span class='ocrx_word' id='word_1_222' title='bbox 2619 1590 2767 1662; x_wconf 63' lang='grc'>[476]</span> <span class='ocrx_word' id='word_1_223' title='bbox 2813 1590 3184 1661; x_wconf 87' lang='grc' dir='ltr'>ἀτελεύτητος,</span> <span class='ocrx_word' id='word_1_224' title='bbox 3232 1592 3326 1644; x_wconf 79' lang='grc' dir='ltr'>καὶ</span> <span class='ocrx_word' id='word_1_225' title='bbox 3370 1590 3634 1644; x_wconf 80' lang='grc' dir='ltr'>ἄσϐεστον</span> 
     </span>
    </p>
   </div>
   <div class='ocr_carea' id='block_1_30' title="bbox 1969 1678 3723 1757">
    <p class='ocr_par' dir='ltr' id='par_1_30' title="bbox 1969 1678 3723 1757">
     <span class='ocr_line' id='line_1_30' title="bbox 1969 1678 3723 1757; baseline -0.01 -16"><span class='ocrx_word' id='word_1_226' title='bbox 1969 1687 2103 1757; x_wconf 90' lang='grc' dir='ltr'>πῦρ,</span> <span class='ocrx_word' id='word_1_227' title='bbox 2143 1683 2236 1737; x_wconf 79' lang='grc' dir='ltr'>καὶ</span> <span class='ocrx_word' id='word_1_228' title='bbox 2284 1681 2527 1753; x_wconf 70' lang='grc' dir='ltr'>βρυγμὸς</span> <span class='ocrx_word' id='word_1_229' title='bbox 2568 1681 2813 1733; x_wconf 82' lang='grc' dir='ltr'>ὀδόντων·</span> <span class='ocrx_word' id='word_1_230' title='bbox 2863 1680 2980 1743; x_wconf 90' lang='grc' dir='ltr'>πῶς</span> <span class='ocrx_word' id='word_1_231' title='bbox 3018 1681 3237 1748; x_wconf 79' lang='grc' dir='ltr'>οἴσομεν</span> <span class='ocrx_word' id='word_1_232' title='bbox 3272 1679 3475 1745; x_wconf 88' lang='grc' dir='ltr'>ταῦτα;</span> <span class='ocrx_word' id='word_1_233' title='bbox 3512 1680 3643 1738; x_wconf 57' lang='grc' dir='ltr'>εἰπέ,</span> <span class='ocrx_word' id='word_1_234' title='bbox 3690 1678 3723 1723; x_wconf 71' lang='grc' dir='ltr'>ε·</span> 
     </span>
    </p>
   </div>
   <div class='ocr_carea' id='block_1_31' title="bbox 1972 1767 3679 1845">
    <p class='ocr_par' dir='ltr' id='par_1_31' title="bbox 1972 1767 3679 1845">
     <span class='ocr_line' id='line_1_31' title="bbox 1972 1767 3679 1845; baseline -0.008 -15"><span class='ocrx_word' id='word_1_235' title='bbox 1972 1792 2082 1845; x_wconf 85' lang='grc' dir='ltr'>μοι.</span> <span class='ocrx_word' id='word_1_236' title='bbox 2114 1773 2295 1843; x_wconf 68' lang='grc' dir='ltr'>Μέχρι.</span> <span class='ocrx_word' id='word_1_237' title='bbox 2323 1770 2467 1832; x_wconf 92' lang='grc' dir='ltr'>τίνος</span> <span class='ocrx_word' id='word_1_238' title='bbox 2508 1769 2568 1821; x_wconf 92' lang='grc' dir='ltr'>οὐ</span> <span class='ocrx_word' id='word_1_239' title='bbox 2611 1768 2986 1838; x_wconf 84' lang='grc' dir='ltr'>διαϐλέπομεν,</span> <span class='ocrx_word' id='word_1_240' title='bbox 3019 1768 3132 1821; x_wconf 83' lang='grc' dir='ltr'>ἀλλ’</span> <span class='ocrx_word' id='word_1_241' title='bbox 3168 1770 3248 1827; x_wconf 86' lang='grc' dir='ltr'>εἰς</span> <span class='ocrx_word' id='word_1_242' title='bbox 3292 1768 3468 1838; x_wconf 85' lang='grc' dir='ltr'>μάχας</span> <span class='ocrx_word' id='word_1_243' title='bbox 3498 1767 3633 1820; x_wconf 87' lang='grc' dir='ltr'>καθ-</span> <span class='ocrx_word' id='word_1_244' title='bbox 3672 1824 3679 1835; x_wconf 27' lang='grc' dir='ltr'><em>ι</em></span> 
     </span>
    </p>
   </div>
   <div class='ocr_carea' id='block_1_32' title="bbox 1969 1854 3724 1933">
    <p class='ocr_par' dir='ltr' id='par_1_32' title="bbox 1969 1854 3724 1933">
     <span class='ocr_line' id='line_1_32' title="bbox 1969 1854 3724 1933; baseline -0.005 -18"><span class='ocrx_word' id='word_1_245' title='bbox 1969 1862 2255 1933; x_wconf 80' lang='grc' dir='ltr'>ημερινὰς.</span> <span class='ocrx_word' id='word_1_246' title='bbox 2306 1861 2400 1917; x_wconf 73' lang='grc' dir='ltr'>καὶ</span> <span class='ocrx_word' id='word_1_247' title='bbox 2471 1857 2820 1927; x_wconf 74' lang='grc' dir='ltr'>φιλονεικίας,</span> <span class='ocrx_word' id='word_1_248' title='bbox 2862 1857 2956 1910; x_wconf 77' lang='grc' dir='ltr'>καὶ</span> <span class='ocrx_word' id='word_1_249' title='bbox 3024 1857 3211 1925; x_wconf 81' lang='grc' dir='ltr'>λόγους</span> <span class='ocrx_word' id='word_1_250' title='bbox 3257 1857 3544 1927; x_wconf 85' lang='grc' dir='ltr'>ἀνονήτους</span> <span class='ocrx_word' id='word_1_251' title='bbox 3573 1854 3643 1911; x_wconf 23' lang='grc' dir='ltr'>τὸ,</span> <span class='ocrx_word' id='word_1_252' title='bbox 3676 1866 3724 1923; x_wconf 59' lang='grc' dir='ltr'>έν.-</span> 
     </span>
    </p>
   </div>
   <div class='ocr_carea' id='block_1_33' title="bbox 1969 1944 3715 2018">
    <p class='ocr_par' dir='ltr' id='par_1_33' title="bbox 1969 1944 3715 2018">
     <span class='ocr_line' id='line_1_33' title="bbox 1969 1944 3715 2018; baseline -0.006 -14"><span class='ocrx_word' id='word_1_253' title='bbox 1969 1953 2076 2004; x_wconf 79' lang='grc' dir='ltr'>πᾶν</span> <span class='ocrx_word' id='word_1_254' title='bbox 2117 1948 2463 2018; x_wconf 83' lang='grc' dir='ltr'>δαπανῶμεν,</span> <span class='ocrx_word' id='word_1_255' title='bbox 2506 1947 2605 2017; x_wconf 86' lang='grc' dir='ltr'>τὴν</span> <span class='ocrx_word' id='word_1_256' title='bbox 2638 1946 2741 2016; x_wconf 83' lang='grc' dir='ltr'>γῆν</span> <span class='ocrx_word' id='word_1_257' title='bbox 2768 1946 3075 2016; x_wconf 81' lang='grc' dir='ltr'>τρέφοντες,</span> <span class='ocrx_word' id='word_1_258' title='bbox 3102 1945 3164 1997; x_wconf 90' lang='grc' dir='ltr'>τὸ</span> <span class='ocrx_word' id='word_1_259' title='bbox 3200 1944 3357 2013; x_wconf 89' lang='grc' dir='ltr'>σῶμα</span> <span class='ocrx_word' id='word_1_260' title='bbox 3394 1944 3634 1995; x_wconf 89' lang='grc' dir='ltr'>πιαίνον-</span> 
     </span>
    </p>
   </div>
   <div class='ocr_carea' id='block_1_34' title="bbox 2139 2021 3703 2105">
    <p class='ocr_par' dir='ltr' id='par_1_34' title="bbox 2139 2021 3703 2105">
     <span class='ocr_line' id='line_1_34' title="bbox 2139 2021 3703 2105; baseline -0.007 -12"><span class='ocrx_word' id='word_1_261' title='bbox 2139 2038 2231 2093; x_wconf 79' lang='grc' dir='ltr'>καὶ</span> <span class='ocrx_word' id='word_1_262' title='bbox 2283 2036 2381 2105; x_wconf 81' lang='grc' dir='ltr'>τῆς</span> <span class='ocrx_word' id='word_1_263' title='bbox 2423 2034 2602 2105; x_wconf 82' lang='grc' dir='ltr'>ψυχῆς</span> <span class='ocrx_word' id='word_1_264' title='bbox 2652 2033 2999 2104; x_wconf 85' lang='grc' dir='ltr'>ἀμελοῦντες,</span> <span class='ocrx_word' id='word_1_265' title='bbox 3040 2032 3148 2090; x_wconf 86' lang='grc' dir='ltr'>τῶν</span> <span class='ocrx_word' id='word_1_266' title='bbox 3186 2032 3283 2101; x_wconf 82' lang='grc' dir='ltr'>μὲν</span> <span class='ocrx_word' id='word_1_267' title='bbox 3320 2032 3632 2099; x_wconf 82' lang='grc' dir='ltr'>ἀναγκαίων</span> <span class='ocrx_word' id='word_1_268' title='bbox 3676 2021 3703 2066; x_wconf 55' lang='grc'>⁸</span> 
     </span>
    </p>
   </div>
   <div class='ocr_carea' id='block_1_35' title="bbox 210 1512 1870 1589">
    <p class='ocr_par' dir='ltr' id='par_1_35' title="bbox 210 1512 1870 1589">
     <span class='ocr_line' id='line_1_35' title="bbox 210 1512 1870 1589; baseline -0.005 -16"><span class='ocrx_word' id='word_1_269' title='bbox 210 1521 308 1573; x_wconf 78' lang='grc' dir='ltr'>καὶ</span> <span class='ocrx_word' id='word_1_270' title='bbox 336 1520 497 1589; x_wconf 87' lang='grc' dir='ltr'>μόνου</span> <span class='ocrx_word' id='word_1_271' title='bbox 526 1518 778 1587; x_wconf 83' lang='grc' dir='ltr'>ἀληθινοῦ</span> <span class='ocrx_word' id='word_1_272' title='bbox 812 1517 1167 1588; x_wconf 87' lang='grc' dir='ltr'>καλουμένου.</span> <span class='ocrx_word' id='word_1_273' title='bbox 1205 1517 1270 1568; x_wconf 89' lang='grc' dir='ltr'>Τί</span> <span class='ocrx_word' id='word_1_274' title='bbox 1290 1516 1379 1579; x_wconf 85' lang='grc' dir='ltr'>δέ;</span> <span class='ocrx_word' id='word_1_275' title='bbox 1408 1516 1534 1568; x_wconf 82' lang='grc' dir='ltr'>ὅταν</span> <span class='ocrx_word' id='word_1_276' title='bbox 1559 1513 1692 1583; x_wconf 88' lang='grc' dir='ltr'>λέγῃ</span> <span class='ocrx_word' id='word_1_277' title='bbox 1726 1512 1870 1565; x_wconf 84' lang='grc' dir='ltr'>Παῦ-</span> 
     </span>
    </p>
   </div>
   <div class='ocr_carea' id='block_1_36' title="bbox 209 1600 1870 1676">
    <p class='ocr_par' dir='ltr' id='par_1_36' title="bbox 209 1600 1870 1676">
     <span class='ocr_line' id='line_1_36' title="bbox 209 1600 1870 1676; baseline -0.005 -17"><span class='ocrx_word' id='word_1_278' title='bbox 209 1606 322 1670; x_wconf 85' lang='grc' dir='ltr'>λος·</span> <span class='ocrx_word' id='word_1_279' title='bbox 356 1609 434 1661; x_wconf 88' lang='grc' dir='ltr'><em>Ἦ</em></span> <span class='ocrx_word' id='word_1_280' title='bbox 454 1608 640 1676; x_wconf 77' lang='grc' dir='ltr'>μόνος</span> <span class='ocrx_word' id='word_1_281' title='bbox 666 1605 780 1676; x_wconf 79' lang='grc' dir='ltr'>ἐγὼ</span> <span class='ocrx_word' id='word_1_282' title='bbox 822 1605 921 1659; x_wconf 81' lang='grc' dir='ltr'>καὶ</span> <span class='ocrx_word' id='word_1_283' title='bbox 966 1604 1308 1673; x_wconf 76' lang='grc' dir='ltr'>Βαρνάϐας;</span> <span class='ocrx_word' id='word_1_284' title='bbox 1343 1601 1453 1674; x_wconf 85' lang='grc' dir='ltr'>ἆρα</span> <span class='ocrx_word' id='word_1_285' title='bbox 1490 1600 1739 1655; x_wconf 90' lang='grc' dir='ltr'>ἐκϐάλλει</span> <span class='ocrx_word' id='word_1_286' title='bbox 1780 1601 1870 1652; x_wconf 88' lang='grc' dir='ltr'>τὸν</span> 
     </span>
    </p>
   </div>
   <div class='ocr_carea' id='block_1_37' title="bbox 209 1688 1870 1764">
    <p class='ocr_par' dir='ltr' id='par_1_37' title="bbox 209 1688 1870 1764">
     <span class='ocr_line' id='line_1_37' title="bbox 209 1688 1870 1764; baseline -0.004 -18"><span class='ocrx_word' id='word_1_287' title='bbox 209 1692 528 1764; x_wconf 75' lang='grc' dir='ltr'>Βαρνάϐανς</span> <span class='ocrx_word' id='word_1_288' title='bbox 559 1692 842 1763; x_wconf 87' lang='grc' dir='ltr'>Οὐδαμῶς·</span> <span class='ocrx_word' id='word_1_289' title='bbox 871 1693 931 1745; x_wconf 88' lang='grc' dir='ltr'>τὸ</span> <span class='ocrx_word' id='word_1_290' title='bbox 958 1693 1087 1763; x_wconf 86' lang='grc' dir='ltr'>γάρ.</span> <span class='ocrx_word' id='word_1_291' title='bbox 1121 1692 1338 1757; x_wconf 81' lang='grc' dir='ltr'>Μόνος,</span> <span class='ocrx_word' id='word_1_292' title='bbox 1374 1690 1510 1760; x_wconf 84' lang='grc' dir='ltr'>πρὸς</span> <span class='ocrx_word' id='word_1_293' title='bbox 1540 1688 1870 1742; x_wconf 87' lang='grc' dir='ltr'>ἀντιδιαστο-</span> 
     </span>
    </p>
   </div>
   <div class='ocr_carea' id='block_1_38' title="bbox 209 1775 1870 1853">
    <p class='ocr_par' dir='ltr' id='par_1_38' title="bbox 209 1775 1870 1853">
     <span class='ocr_line' id='line_1_38' title="bbox 209 1775 1870 1853; baseline -0.005 -19"><span class='ocrx_word' id='word_1_294' title='bbox 209 1782 319 1853; x_wconf 76' lang='grc' dir='ltr'>λὴν.</span> <span class='ocrx_word' id='word_1_295' title='bbox 337 1782 537 1853; x_wconf 77' lang='grc' dir='ltr'>ἐτέρων</span> <span class='ocrx_word' id='word_1_296' title='bbox 564 1785 760 1837; x_wconf 86' lang='grc' dir='ltr'>κεῖται.</span> <span class='ocrx_word' id='word_1_297' title='bbox 798 1782 859 1834; x_wconf 88' lang='grc' dir='ltr'>Εἰ</span> <span class='ocrx_word' id='word_1_298' title='bbox 893 1780 949 1832; x_wconf 89' lang='grc' dir='ltr'>δέ</span> <span class='ocrx_word' id='word_1_299' title='bbox 991 1782 1090 1833; x_wconf 88' lang='grc' dir='ltr'>οὐκ</span> <span class='ocrx_word' id='word_1_300' title='bbox 1130 1778 1381 1848; x_wconf 81' lang='grc' dir='ltr'>ἀληθινὸς</span> <span class='ocrx_word' id='word_1_301' title='bbox 1411 1777 1563 1840; x_wconf 77' lang='grc' dir='ltr'>Θεὸς,</span> <span class='ocrx_word' id='word_1_302' title='bbox 1591 1775 1707 1838; x_wconf 88' lang='grc' dir='ltr'>πῶς</span> <span class='ocrx_word' id='word_1_303' title='bbox 1737 1775 1870 1843; x_wconf 87' lang='grc' dir='ltr'>ἀλή-</span> 
     </span>
    </p>
   </div>
   <div class='ocr_carea' id='block_1_39' title="bbox 211 1862 1868 1940">
    <p class='ocr_par' dir='ltr' id='par_1_39' title="bbox 211 1862 1868 1940">
     <span class='ocr_line' id='line_1_39' title="bbox 211 1862 1868 1940; baseline -0.004 -19"><span class='ocrx_word' id='word_1_304' title='bbox 211 1868 365 1935; x_wconf 84' lang='grc' dir='ltr'>θεια;</span> <span class='ocrx_word' id='word_1_305' title='bbox 397 1869 623 1923; x_wconf 67' lang='grc' dir='ltr'>ἐπιπολὺ</span> <span class='ocrx_word' id='word_1_306' title='bbox 651 1869 760 1940; x_wconf 89' lang='grc' dir='ltr'>γάρ</span> <span class='ocrx_word' id='word_1_307' title='bbox 799 1881 826 1909; x_wconf 77' lang='grc' dir='ltr'>ι</span> <span class='ocrx_word' id='word_1_308' title='bbox 866 1869 961 1924; x_wconf 90' lang='grc' dir='ltr'>τοῦ</span> <span class='ocrx_word' id='word_1_309' title='bbox 989 1867 1241 1938; x_wconf 85' lang='grc' dir='ltr'>ἀληθινοῦ</span> <span class='ocrx_word' id='word_1_310' title='bbox 1271 1869 1305 1936; x_wconf 86' lang='grc' dir='ltr'>ἡ</span> <span class='ocrx_word' id='word_1_311' title='bbox 1344 1865 1570 1935; x_wconf 81' lang='grc' dir='ltr'>ἀλήθεια</span> <span class='ocrx_word' id='word_1_312' title='bbox 1600 1862 1868 1930; x_wconf 85' lang='grc' dir='ltr'>διαφέρει.</span> 
     </span>
    </p>
   </div>
   <div class='ocr_carea' id='block_1_40' title="bbox 210 1950 1867 2029">
    <p class='ocr_par' dir='ltr' id='par_1_40' title="bbox 210 1950 1867 2029">
     <span class='ocr_line' id='line_1_40' title="bbox 210 1950 1867 2029; baseline -0.005 -19"><span class='ocrx_word' id='word_1_313' title='bbox 210 1958 317 2010; x_wconf 77' lang='grc' dir='ltr'>Τὸν</span> <span class='ocrx_word' id='word_1_314' title='bbox 343 1958 419 2029; x_wconf 81' lang='grc' dir='ltr'>μὴ</span> <span class='ocrx_word' id='word_1_315' title='bbox 450 1957 701 2027; x_wconf 86' lang='grc' dir='ltr'>ἀληθινὸν</span> <span class='ocrx_word' id='word_1_316' title='bbox 736 1957 1017 2026; x_wconf 83' lang='grc' dir='ltr'>ἄνθρωπον</span> <span class='ocrx_word' id='word_1_317' title='bbox 1044 1953 1181 2009; x_wconf 81' lang='grc' dir='ltr'>εἶναι</span> <span class='ocrx_word' id='word_1_318' title='bbox 1210 1954 1262 2008; x_wconf 89' lang='grc' dir='ltr'>τί</span> <span class='ocrx_word' id='word_1_319' title='bbox 1294 1953 1549 2023; x_wconf 84' lang='grc' dir='ltr'>ἐροῦμεν,</span> <span class='ocrx_word' id='word_1_320' title='bbox 1582 1950 1703 2003; x_wconf 87' lang='grc' dir='ltr'>εἰπέ</span> <span class='ocrx_word' id='word_1_321' title='bbox 1740 1964 1867 2019; x_wconf 87' lang='grc' dir='ltr'>μοι;</span> 
     </span>
    </p>
   </div>
   <div class='ocr_carea' id='block_1_41' title="bbox 210 2036 2081 2115">
    <p class='ocr_par' dir='ltr' id='par_1_41' title="bbox 210 2036 2081 2115">
     <span class='ocr_line' id='line_1_41' title="bbox 210 2036 2081 2115; baseline -0.003 -18"><span class='ocrx_word' id='word_1_322' title='bbox 210 2045 334 2114; x_wconf 82' lang='grc' dir='ltr'>οὐχί</span> <span class='ocrx_word' id='word_1_323' title='bbox 362 2045 481 2098; x_wconf 68' lang='grc' dir='ltr'>οὐδὲ</span> <span class='ocrx_word' id='word_1_324' title='bbox 507 2045 823 2115; x_wconf 83' lang='grc' dir='ltr'>ἀνθρωπον;</span> <span class='ocrx_word' id='word_1_325' title='bbox 857 2043 1065 2106; x_wconf 81' lang='grc' dir='ltr'>Οὐτως.</span> <span class='ocrx_word' id='word_1_326' title='bbox 1095 2045 1143 2097; x_wconf 89' lang='grc' dir='ltr'>εἰ</span> <span class='ocrx_word' id='word_1_327' title='bbox 1167 2040 1417 2112; x_wconf 85' lang='grc' dir='ltr'>ἀληθινὸς</span> <span class='ocrx_word' id='word_1_328' title='bbox 1439 2039 1571 2103; x_wconf 87' lang='grc' dir='ltr'>Θεὸς</span> <span class='ocrx_word' id='word_1_329' title='bbox 1596 2038 1695 2091; x_wconf 92' lang='grc' dir='ltr'>οὐκ</span> <span class='ocrx_word' id='word_1_330' title='bbox 1725 2036 1870 2089; x_wconf 74' lang='grc' dir='ltr'>ἔστιν</span> <span class='ocrx_word' id='word_1_331' title='bbox 1969 2057 2081 2102; x_wconf 87' lang='grc' dir='ltr'>τες,</span> 
     </span>
    </p>
   </div>
   <div class='ocr_carea' id='block_1_42' title="bbox 210 2124 1871 2199">
    <p class='ocr_par' dir='ltr' id='par_1_42' title="bbox 210 2124 1871 2199">
     <span class='ocr_line' id='line_1_42' title="bbox 210 2124 1871 2199; baseline -0.006 -14"><span class='ocrx_word' id='word_1_332' title='bbox 210 2133 251 2185; x_wconf 77' lang='grc' dir='ltr'>ὁ</span> <span class='ocrx_word' id='word_1_333' title='bbox 274 2133 419 2195; x_wconf 84' lang='grc' dir='ltr'>Υἱὸς,</span> <span class='ocrx_word' id='word_1_334' title='bbox 458 2132 575 2195; x_wconf 91' lang='grc' dir='ltr'>πῶς</span> <span class='ocrx_word' id='word_1_335' title='bbox 612 2136 726 2186; x_wconf 85' lang='grc' dir='ltr'>ἐστι</span> <span class='ocrx_word' id='word_1_336' title='bbox 773 2132 937 2197; x_wconf 84' lang='grc' dir='ltr'>Θεός;</span> <span class='ocrx_word' id='word_1_337' title='bbox 988 2131 1104 2194; x_wconf 87' lang='grc' dir='ltr'>πῶς</span> <span class='ocrx_word' id='word_1_338' title='bbox 1141 2130 1199 2185; x_wconf 84' lang='grc' dir='ltr'>δὲ</span> <span class='ocrx_word' id='word_1_339' title='bbox 1238 2130 1384 2199; x_wconf 80' lang='grc' dir='ltr'>ἡμᾶς</span> <span class='ocrx_word' id='word_1_340' title='bbox 1414 2128 1567 2190; x_wconf 78' lang='grc' dir='ltr'>θεοὺς</span> <span class='ocrx_word' id='word_1_341' title='bbox 1597 2127 1739 2178; x_wconf 86' lang='grc' dir='ltr'>ποιεῖ</span> <span class='ocrx_word' id='word_1_342' title='bbox 1777 2124 1871 2177; x_wconf 81' lang='grc' dir='ltr'>καὶ</span> 
     </span>
    </p>
   </div>
   <div class='ocr_carea' id='block_1_43' title="bbox 212 2214 1870 2291">
    <p class='ocr_par' dir='ltr' id='par_1_43' title="bbox 212 2214 1870 2291">
     <span class='ocr_line' id='line_1_43' title="bbox 212 2214 1870 2291; baseline -0.006 -18"><span class='ocrx_word' id='word_1_343' title='bbox 212 2221 383 2284; x_wconf 82' lang='grc' dir='ltr'>υἱοὺς,</span> <span class='ocrx_word' id='word_1_344' title='bbox 433 2221 506 2291; x_wconf 86' lang='grc' dir='ltr'>μὴ</span> <span class='ocrx_word' id='word_1_345' title='bbox 534 2218 608 2272; x_wconf 83' lang='grc' dir='ltr'>ὣν</span> <span class='ocrx_word' id='word_1_346' title='bbox 638 2220 842 2290; x_wconf 86' lang='grc' dir='ltr'>ἀληθής</span> <span class='ocrx_word' id='word_1_347' title='bbox 867 2239 880 2286; x_wconf 90' lang='grc'>;</span> <span class='ocrx_word' id='word_1_348' title='bbox 916 2219 1051 2273; x_wconf 79' lang='grc' dir='ltr'>Ἀλλ’</span> <span class='ocrx_word' id='word_1_349' title='bbox 1087 2218 1226 2287; x_wconf 83' lang='grc' dir='ltr'>ὑπὲρ</span> <span class='ocrx_word' id='word_1_350' title='bbox 1254 2216 1455 2270; x_wconf 86' lang='grc' dir='ltr'>τούτων</span> <span class='ocrx_word' id='word_1_351' title='bbox 1485 2214 1870 2284; x_wconf 87' lang='grc' dir='ltr'>ἀκριϐέστερον</span> 
     </span>
    </p>
   </div>
   <div class='ocr_carea' id='block_1_44' title="bbox 208 2299 1871 2379">
    <p class='ocr_par' dir='ltr' id='par_1_44' title="bbox 208 2299 1871 2379">
     <span class='ocr_line' id='line_1_44' title="bbox 208 2299 1871 2379; baseline -0.006 -18"><span class='ocrx_word' id='word_1_352' title='bbox 208 2309 342 2378; x_wconf 81' lang='grc' dir='ltr'>ἡμῖν</span> <span class='ocrx_word' id='word_1_353' title='bbox 363 2309 419 2361; x_wconf 89' lang='grc' dir='ltr'>ἐν</span> <span class='ocrx_word' id='word_1_354' title='bbox 440 2308 645 2379; x_wconf 88' lang='grc' dir='ltr'>ἐτέροις</span> <span class='ocrx_word' id='word_1_355' title='bbox 667 2309 897 2379; x_wconf 79' lang='grc' dir='ltr'>εἴρηται·</span> <span class='ocrx_word' id='word_1_356' title='bbox 924 2308 1004 2362; x_wconf 89' lang='grc' dir='ltr'>διὸ</span> <span class='ocrx_word' id='word_1_357' title='bbox 1024 2306 1132 2362; x_wconf 92' lang='grc' dir='ltr'>τῶν</span> <span class='ocrx_word' id='word_1_358' title='bbox 1163 2304 1289 2375; x_wconf 81' lang='grc' dir='ltr'>ἐξῆς</span> <span class='ocrx_word' id='word_1_359' title='bbox 1316 2302 1586 2374; x_wconf 82' lang='grc' dir='ltr'>ἐχώμεθα.</span> <span class='ocrx_word' id='word_1_360' title='bbox 1623 2299 1770 2369; x_wconf 61' lang='grc' dir='ltr'>Ἐγώ</span> <span class='ocrx_word' id='word_1_361' title='bbox 1798 2314 1871 2352; x_wconf 91' lang='grc' dir='ltr'>σε</span> 
     </span>
    </p>
   </div>
   <div class='ocr_carea' id='block_1_45' title="bbox 210 2387 1872 2467">
    <p class='ocr_par' dir='ltr' id='par_1_45' title="bbox 210 2387 1872 2467">
     <span class='ocr_line' id='line_1_45' title="bbox 210 2387 1872 2467; baseline -0.004 -19"><span class='ocrx_word' id='word_1_362' title='bbox 210 2393 362 2467; x_wconf 72' lang='grc'><strong>1475]</strong></span> <span class='ocrx_word' id='word_1_363' title='bbox 408 2395 672 2459; x_wconf 79' lang='grc' dir='ltr'>ἐδόξασα</span> <span class='ocrx_word' id='word_1_364' title='bbox 718 2396 817 2449; x_wconf 77' lang='grc' dir='ltr'>ἐπὶ</span> <span class='ocrx_word' id='word_1_365' title='bbox 866 2396 976 2463; x_wconf 80' lang='grc' dir='ltr'>τῆς</span> <span class='ocrx_word' id='word_1_366' title='bbox 1014 2395 1145 2466; x_wconf 77' lang='grc' dir='ltr'>γῆς.</span> <span class='ocrx_word' id='word_1_367' title='bbox 1184 2393 1378 2456; x_wconf 87' lang='grc' dir='ltr'>Καλῶς</span> <span class='ocrx_word' id='word_1_368' title='bbox 1410 2388 1552 2450; x_wconf 84' lang='grc' dir='ltr'>εἰπε,</span> <span class='ocrx_word' id='word_1_369' title='bbox 1593 2390 1723 2444; x_wconf 85' lang='grc' dir='ltr'>Ἐπί</span> <span class='ocrx_word' id='word_1_370' title='bbox 1766 2387 1872 2454; x_wconf 79' lang='grc' dir='ltr'>τῆς</span> 
     </span>
    </p>
   </div>
   <div class='ocr_carea' id='block_1_46' title="bbox 205 2472 1872 2555">
    <p class='ocr_par' dir='ltr' id='par_1_46' title="bbox 205 2472 1872 2555">
     <span class='ocr_line' id='line_1_46' title="bbox 205 2472 1872 2555; baseline -0.008 -18"><span class='ocrx_word' id='word_1_371' title='bbox 205 2478 342 2547; x_wconf 76' lang='grc' dir='ltr'>γῆς’</span> <span class='ocrx_word' id='word_1_372' title='bbox 374 2482 432 2532; x_wconf 84' lang='grc' dir='ltr'>ἐν</span> <span class='ocrx_word' id='word_1_373' title='bbox 472 2479 581 2553; x_wconf 86' lang='grc' dir='ltr'>γὰρ</span> <span class='ocrx_word' id='word_1_374' title='bbox 604 2479 682 2555; x_wconf 76' lang='grc' dir='ltr'>τῷ</span> <span class='ocrx_word' id='word_1_375' title='bbox 707 2479 918 2552; x_wconf 81' lang='grc' dir='ltr'>οὐρανῷ</span> <span class='ocrx_word' id='word_1_376' title='bbox 942 2479 1243 2546; x_wconf 83' lang='grc' dir='ltr'>δεδόξαστο,</span> <span class='ocrx_word' id='word_1_377' title='bbox 1270 2478 1326 2531; x_wconf 78' lang='grc' dir='ltr'>ἐν</span> <span class='ocrx_word' id='word_1_378' title='bbox 1356 2495 1415 2530; x_wconf 93' lang='grc' dir='ltr'>τε</span> <span class='ocrx_word' id='word_1_379' title='bbox 1459 2478 1527 2547; x_wconf 83' lang='grc' dir='ltr'>τῇ</span> <span class='ocrx_word' id='word_1_380' title='bbox 1572 2474 1730 2545; x_wconf 86' lang='grc' dir='ltr'>φύσει</span> <span class='ocrx_word' id='word_1_381' title='bbox 1774 2472 1872 2542; x_wconf 82' lang='grc' dir='ltr'>τὴν</span> 
     </span>
    </p>
   </div>
   <div class='ocr_carea' id='block_1_47' title="bbox 206 2560 1871 2638">
    <p class='ocr_par' dir='ltr' id='par_1_47' title="bbox 206 2560 1871 2638">
     <span class='ocr_line' id='line_1_47' title="bbox 206 2560 1871 2638; baseline -0.002 -22"><span class='ocrx_word' id='word_1_382' title='bbox 206 2564 363 2630; x_wconf 78' lang='grc' dir='ltr'>δόξαν</span> <span class='ocrx_word' id='word_1_383' title='bbox 389 2565 545 2635; x_wconf 79' lang='grc' dir='ltr'>ἔχων,</span> <span class='ocrx_word' id='word_1_384' title='bbox 577 2567 668 2619; x_wconf 74' lang='grc' dir='ltr'>καὶ</span> <span class='ocrx_word' id='word_1_385' title='bbox 694 2565 844 2638; x_wconf 86' lang='grc' dir='ltr'>παρὰ</span> <span class='ocrx_word' id='word_1_386' title='bbox 868 2566 975 2619; x_wconf 90' lang='grc' dir='ltr'>τῶν</span> <span class='ocrx_word' id='word_1_387' title='bbox 1002 2566 1248 2635; x_wconf 87' lang='grc' dir='ltr'>ἀγγέλων</span> <span class='ocrx_word' id='word_1_388' title='bbox 1274 2565 1765 2636; x_wconf 80' lang='grc' dir='ltr'>προσκυνούμενος.</span> <span class='ocrx_word' id='word_1_389' title='bbox 1798 2560 1871 2613; x_wconf 83' lang='grc' dir='ltr'>Οὐ</span> 
     </span>
    </p>
   </div>
   <div class='ocr_carea' id='block_1_48' title="bbox 208 2647 1872 2725">
    <p class='ocr_par' dir='ltr' id='par_1_48' title="bbox 208 2647 1872 2725">
     <span class='ocr_line' id='line_1_48' title="bbox 208 2647 1872 2725; baseline -0.002 -23"><span class='ocrx_word' id='word_1_390' title='bbox 208 2651 386 2705; x_wconf 84' lang='grc' dir='ltr'>τοίνυν</span> <span class='ocrx_word' id='word_1_391' title='bbox 420 2654 548 2725; x_wconf 74' lang='grc' dir='ltr'>περὶ</span> <span class='ocrx_word' id='word_1_392' title='bbox 575 2653 787 2725; x_wconf 81' lang='grc' dir='ltr'>ἐκείνης</span> <span class='ocrx_word' id='word_1_393' title='bbox 818 2654 919 2724; x_wconf 80' lang='grc' dir='ltr'>τῆς</span> <span class='ocrx_word' id='word_1_394' title='bbox 942 2654 1098 2725; x_wconf 77' lang='grc' dir='ltr'>δόξης</span> <span class='ocrx_word' id='word_1_395' title='bbox 1125 2654 1278 2725; x_wconf 78' lang='grc' dir='ltr'>φησὶ,</span> <span class='ocrx_word' id='word_1_396' title='bbox 1310 2652 1410 2721; x_wconf 84' lang='grc' dir='ltr'>τῆς</span> <span class='ocrx_word' id='word_1_397' title='bbox 1437 2655 1501 2723; x_wconf 79' lang='grc' dir='ltr'>τῇ</span> <span class='ocrx_word' id='word_1_398' title='bbox 1528 2649 1685 2719; x_wconf 74' lang='grc' dir='ltr'>οὐσία</span> <span class='ocrx_word' id='word_1_399' title='bbox 1710 2647 1872 2702; x_wconf 88' lang='grc' dir='ltr'>αὐτοῦ</span> 
     </span>
    </p>
   </div>
   <div class='ocr_carea' id='block_1_49' title="bbox 212 2736 1874 2814">
    <p class='ocr_par' dir='ltr' id='par_1_49' title="bbox 212 2736 1874 2814">
     <span class='ocr_line' id='line_1_49' title="bbox 212 2736 1874 2814; baseline 0.004 -23"><span class='ocrx_word' id='word_1_400' title='bbox 212 2740 741 2813; x_wconf 89' lang='grc' dir='ltr'>συγκεκληρωμένης</span> <span class='ocrx_word' id='word_1_401' title='bbox 781 2740 1015 2814; x_wconf 78' lang='grc' dir='ltr'>(ἐκείνην</span> <span class='ocrx_word' id='word_1_402' title='bbox 1056 2743 1164 2814; x_wconf 84' lang='grc' dir='ltr'>γὰρ</span> <span class='ocrx_word' id='word_1_403' title='bbox 1198 2741 1297 2811; x_wconf 85' lang='grc' dir='ltr'>τὴν</span> <span class='ocrx_word' id='word_1_404' title='bbox 1343 2740 1522 2805; x_wconf 78' lang='grc' dir='ltr'>δόξαν,</span> <span class='ocrx_word' id='word_1_405' title='bbox 1554 2738 1658 2791; x_wconf 75' lang='grc' dir='ltr'>κᾶν</span> <span class='ocrx_word' id='word_1_406' title='bbox 1689 2736 1874 2808; x_wconf 69' lang='grc' dir='ltr'>μηδεὶς</span> 
     </span>
    </p>
   </div>
   <div class='ocr_carea' id='block_1_50' title="bbox 209 2824 1874 2903">
    <p class='ocr_par' dir='ltr' id='par_1_50' title="bbox 209 2824 1874 2903">
     <span class='ocr_line' id='line_1_50' title="bbox 209 2824 1874 2903; baseline -0.005 -18"><span class='ocrx_word' id='word_1_407' title='bbox 209 2828 371 2885; x_wconf 67' lang='grc' dir='ltr'>αὐτὸν</span> <span class='ocrx_word' id='word_1_408' title='bbox 392 2828 608 2903; x_wconf 79' lang='grc' dir='ltr'>δοξάσῃ,</span> <span class='ocrx_word' id='word_1_409' title='bbox 642 2831 796 2900; x_wconf 76' lang='grc' dir='ltr'>μένει</span> <span class='ocrx_word' id='word_1_410' title='bbox 820 2830 1257 2903; x_wconf 62' lang='grc' dir='ltr'>πεπληρωμένην</span> <span class='ocrx_word' id='word_1_411' title='bbox 1290 2829 1478 2900; x_wconf 78' lang='grc' dir='ltr'>ἔχων),</span> <span class='ocrx_word' id='word_1_412' title='bbox 1505 2827 1639 2880; x_wconf 85' lang='grc' dir='ltr'>ἀλλά</span> <span class='ocrx_word' id='word_1_413' title='bbox 1671 2824 1874 2894; x_wconf 76' lang='grc' dir='ltr'>ταύτην</span> 
     </span>
    </p>
   </div>
   <div class='ocr_carea' id='block_1_51' title="bbox 212 2913 1869 2990">
    <p class='ocr_par' dir='ltr' id='par_1_51' title="bbox 212 2913 1869 2990">
     <span class='ocr_line' id='line_1_51' title="bbox 212 2913 1869 2990; baseline -0.002 -22"><span class='ocrx_word' id='word_1_414' title='bbox 212 2917 347 2986; x_wconf 84' lang='grc' dir='ltr'>φησί</span> <span class='ocrx_word' id='word_1_415' title='bbox 385 2917 483 2987; x_wconf 80' lang='grc' dir='ltr'>τὴν</span> <span class='ocrx_word' id='word_1_416' title='bbox 514 2918 619 2970; x_wconf 89' lang='grc' dir='ltr'>ἀπὸ</span> <span class='ocrx_word' id='word_1_417' title='bbox 647 2918 747 2987; x_wconf 79' lang='grc' dir='ltr'>τῆς</span> <span class='ocrx_word' id='word_1_418' title='bbox 784 2918 892 2972; x_wconf 86' lang='grc' dir='ltr'>τῶν</span> <span class='ocrx_word' id='word_1_419' title='bbox 921 2919 1221 2990; x_wconf 85' lang='grc' dir='ltr'>ἀνθρώπων</span> <span class='ocrx_word' id='word_1_420' title='bbox 1264 2916 1516 2988; x_wconf 85' lang='grc' dir='ltr'>λατρείας</span> <span class='ocrx_word' id='word_1_421' title='bbox 1557 2913 1869 2984; x_wconf 84' lang='grc' dir='ltr'>γινομένην.</span> 
     </span>
    </p>
   </div>
   <div class='ocr_carea' id='block_1_52' title="bbox 215 3002 1874 3075">
    <p class='ocr_par' dir='ltr' id='par_1_52' title="bbox 215 3002 1874 3075">
     <span class='ocr_line' id='line_1_52' title="bbox 215 3002 1874 3075; baseline 0 -19"><span class='ocrx_word' id='word_1_422' title='bbox 215 3003 423 3057; x_wconf 90' lang='grc' dir='ltr'>Οὐκοῦν</span> <span class='ocrx_word' id='word_1_423' title='bbox 474 3006 567 3057; x_wconf 78' lang='grc' dir='ltr'>καὶ</span> <span class='ocrx_word' id='word_1_424' title='bbox 612 3005 694 3069; x_wconf 91' lang='grc' dir='ltr'>τὸ,</span> <span class='ocrx_word' id='word_1_425' title='bbox 740 3006 1012 3070; x_wconf 82' lang='grc' dir='ltr'>Δόξασόν</span> <span class='ocrx_word' id='word_1_426' title='bbox 1037 3023 1133 3075; x_wconf 86' lang='grc' dir='ltr'>με,</span> <span class='ocrx_word' id='word_1_427' title='bbox 1169 3006 1404 3058; x_wconf 83' lang='grc' dir='ltr'>τοιοῦτόν</span> <span class='ocrx_word' id='word_1_428' title='bbox 1436 3006 1600 3056; x_wconf 86' lang='grc' dir='ltr'>ἐστιν.</span> <span class='ocrx_word' id='word_1_429' title='bbox 1646 3003 1755 3056; x_wconf 73' lang='grc' dir='ltr'>Καὶ</span> <span class='ocrx_word' id='word_1_430' title='bbox 1788 3002 1874 3056; x_wconf 84' lang='grc' dir='ltr'>ἵνα</span> 
     </span>
    </p>
   </div>
   <div class='ocr_carea' id='block_1_53' title="bbox 218 3091 1874 3165">
    <p class='ocr_par' dir='ltr' id='par_1_53' title="bbox 218 3091 1874 3165">
     <span class='ocr_line' id='line_1_53' title="bbox 218 3091 1874 3165; baseline -0.002 -20"><span class='ocrx_word' id='word_1_431' title='bbox 218 3091 417 3162; x_wconf 79' lang='grc' dir='ltr'>μάθῃς,</span> <span class='ocrx_word' id='word_1_432' title='bbox 456 3092 538 3145; x_wconf 83' lang='grc' dir='ltr'>ὅτι</span> <span class='ocrx_word' id='word_1_433' title='bbox 563 3092 752 3150; x_wconf 86' lang='grc' dir='ltr'>τοῦτον</span> <span class='ocrx_word' id='word_1_434' title='bbox 782 3094 873 3146; x_wconf 75' lang='grc' dir='ltr'>τὸν</span> <span class='ocrx_word' id='word_1_435' title='bbox 902 3094 1099 3165; x_wconf 90' lang='grc' dir='ltr'>τρόπον</span> <span class='ocrx_word' id='word_1_436' title='bbox 1126 3094 1226 3163; x_wconf 81' lang='grc' dir='ltr'>τῆς</span> <span class='ocrx_word' id='word_1_437' title='bbox 1249 3092 1405 3161; x_wconf 78' lang='grc' dir='ltr'>δόξης</span> <span class='ocrx_word' id='word_1_438' title='bbox 1435 3091 1617 3162; x_wconf 72' lang='grc' dir='ltr'>φησὶν,</span> <span class='ocrx_word' id='word_1_439' title='bbox 1647 3091 1874 3144; x_wconf 84' lang='grc' dir='ltr'>ἄκουσον</span> 
     </span>
    </p>
   </div>
   <div class='ocr_carea' id='block_1_54' title="bbox 213 3177 1876 3250">
    <p class='ocr_par' dir='ltr' id='par_1_54' title="bbox 213 3177 1876 3250">
     <span class='ocr_line' id='line_1_54' title="bbox 213 3177 1876 3250; baseline 0.001 -20"><span class='ocrx_word' id='word_1_440' title='bbox 213 3177 321 3231; x_wconf 87' lang='grc' dir='ltr'>τῶν</span> <span class='ocrx_word' id='word_1_441' title='bbox 358 3179 487 3248; x_wconf 78' lang='grc' dir='ltr'>ἐξῆς</span> <span class='ocrx_word' id='word_1_442' title='bbox 511 3195 528 3211; x_wconf 94' lang='grc'>·</span> <span class='ocrx_word' id='word_1_443' title='bbox 570 3179 646 3233; x_wconf 88' lang='grc' dir='ltr'>Τὸ</span> <span class='ocrx_word' id='word_1_444' title='bbox 680 3180 859 3250; x_wconf 74' lang='grc' dir='ltr'>ἔργον</span> <span class='ocrx_word' id='word_1_445' title='bbox 885 3181 1225 3244; x_wconf 72' lang='grc' dir='ltr'>ἐτελείωσα,</span> <span class='ocrx_word' id='word_1_446' title='bbox 1259 3180 1290 3234; x_wconf 78' lang='lat'>6</span> <span class='ocrx_word' id='word_1_447' title='bbox 1335 3177 1597 3244; x_wconf 77' lang='grc' dir='ltr'>δέδωκάς</span> <span class='ocrx_word' id='word_1_448' title='bbox 1632 3195 1733 3247; x_wconf 84' lang='grc' dir='ltr'>μοι</span> <span class='ocrx_word' id='word_1_449' title='bbox 1774 3179 1876 3232; x_wconf 79' lang='grc' dir='ltr'>ἵνα</span> 
     </span>
    </p>
   </div>
   <div class='ocr_carea' id='block_1_55' title="bbox 214 3260 1871 3338">
    <p class='ocr_par' dir='ltr' id='par_1_55' title="bbox 214 3260 1871 3338">
     <span class='ocr_line' id='line_1_55' title="bbox 214 3260 1871 3338; baseline 0 -22"><span class='ocrx_word' id='word_1_450' title='bbox 214 3264 447 3333; x_wconf 74' lang='grc' dir='ltr'>ποιήσω</span> <span class='ocrx_word' id='word_1_451' title='bbox 495 3266 660 3320; x_wconf 87' lang='grc' dir='ltr'>αὐτό.</span> <span class='ocrx_word' id='word_1_452' title='bbox 707 3267 898 3323; x_wconf 85' lang='grc' dir='ltr'>Καίτοι</span> <span class='ocrx_word' id='word_1_453' title='bbox 930 3284 993 3336; x_wconf 92' lang='grc' dir='ltr'>γε</span> <span class='ocrx_word' id='word_1_454' title='bbox 1036 3268 1211 3338; x_wconf 82' lang='grc' dir='ltr'>ἀρχὴν</span> <span class='ocrx_word' id='word_1_455' title='bbox 1260 3266 1341 3319; x_wconf 79' lang='grc' dir='ltr'>ἐτι</span> <span class='ocrx_word' id='word_1_456' title='bbox 1376 3264 1439 3319; x_wconf 92' lang='grc' dir='ltr'>τὸ</span> <span class='ocrx_word' id='word_1_457' title='bbox 1467 3267 1697 3338; x_wconf 82' lang='grc' dir='ltr'>πρᾶγμα</span> <span class='ocrx_word' id='word_1_458' title='bbox 1740 3260 1871 3332; x_wconf 83' lang='grc' dir='ltr'>εἶχε,</span> 
     </span>
    </p>
   </div>
   <div class='ocr_carea' id='block_1_56' title="bbox 217 3351 1874 3426">
    <p class='ocr_par' dir='ltr' id='par_1_56' title="bbox 217 3351 1874 3426">
     <span class='ocr_line' id='line_1_56' title="bbox 217 3351 1874 3426; baseline -0.001 -20"><span class='ocrx_word' id='word_1_459' title='bbox 217 3353 418 3419; x_wconf 78' lang='grc' dir='ltr'>μᾶλλον</span> <span class='ocrx_word' id='word_1_460' title='bbox 445 3353 503 3407; x_wconf 75' lang='grc' dir='ltr'>δὲ</span> <span class='ocrx_word' id='word_1_461' title='bbox 529 3354 650 3407; x_wconf 82' lang='grc' dir='ltr'>οὐδὲ</span> <span class='ocrx_word' id='word_1_462' title='bbox 678 3356 873 3426; x_wconf 86' lang='grc' dir='ltr'>ἀρχήν.</span> <span class='ocrx_word' id='word_1_463' title='bbox 902 3354 1026 3418; x_wconf 86' lang='grc' dir='ltr'>Πῶς</span> <span class='ocrx_word' id='word_1_464' title='bbox 1058 3351 1151 3409; x_wconf 85' lang='grc' dir='ltr'>οῦν</span> <span class='ocrx_word' id='word_1_465' title='bbox 1183 3353 1350 3422; x_wconf 89' lang='grc' dir='ltr'>λέγει,</span> <span class='ocrx_word' id='word_1_466' title='bbox 1390 3354 1771 3415; x_wconf 73' lang='grc' dir='ltr'>Ἐτε.ἰείωσα;</span> <span class='ocrx_word' id='word_1_467' title='bbox 1804 3354 1874 3405; x_wconf 85' lang='grc' dir='ltr'>Ἢ</span> 
     </span>
    </p>
   </div>
   <div class='ocr_carea' id='block_1_57' title="bbox 212 3439 1872 3513">
    <p class='ocr_par' dir='ltr' id='par_1_57' title="bbox 212 3439 1872 3513">
     <span class='ocr_line' id='line_1_57' title="bbox 212 3439 1872 3513; baseline -0.001 -20"><span class='ocrx_word' id='word_1_468' title='bbox 212 3440 295 3493; x_wconf 81' lang='grc' dir='ltr'>ὅτι</span> <span class='ocrx_word' id='word_1_469' title='bbox 330 3440 393 3493; x_wconf 89' lang='grc' dir='ltr'>τὸ</span> <span class='ocrx_word' id='word_1_470' title='bbox 432 3441 669 3511; x_wconf 86' lang='grc' dir='ltr'>ἐμαυτοῦ</span> <span class='ocrx_word' id='word_1_471' title='bbox 698 3443 807 3495; x_wconf 75' lang='grc' dir='ltr'>πᾶν</span> <span class='ocrx_word' id='word_1_472' title='bbox 833 3442 1080 3513; x_wconf 73' lang='grc' dir='ltr'>ἐποίησα·</span> <span class='ocrx_word' id='word_1_473' title='bbox 1116 3442 1149 3513; x_wconf 80' lang='grc' dir='ltr'><strong>ἢ</strong></span> <span class='ocrx_word' id='word_1_474' title='bbox 1188 3443 1270 3495; x_wconf 82' lang='grc' dir='ltr'>ὅτι</span> <span class='ocrx_word' id='word_1_475' title='bbox 1305 3442 1366 3495; x_wconf 87' lang='grc' dir='ltr'>τὸ</span> <span class='ocrx_word' id='word_1_476' title='bbox 1397 3441 1651 3510; x_wconf 85' lang='grc' dir='ltr'>ἐσόμενον</span> <span class='ocrx_word' id='word_1_477' title='bbox 1673 3439 1747 3502; x_wconf 89' lang='grc' dir='ltr'>ώς</span> <span class='ocrx_word' id='word_1_478' title='bbox 1774 3441 1872 3511; x_wconf 72' lang='grc' dir='ltr'>ἤδη</span> 
     </span>
    </p>
   </div>
   <div class='ocr_carea' id='block_1_58' title="bbox 213 3528 1874 3602">
    <p class='ocr_par' dir='ltr' id='par_1_58' title="bbox 213 3528 1874 3602">
     <span class='ocr_line' id='line_1_58' title="bbox 213 3528 1874 3602; baseline 0.001 -23"><span class='ocrx_word' id='word_1_479' title='bbox 213 3529 580 3598; x_wconf 81' lang='grc' dir='ltr'>γεγενημένον</span> <span class='ocrx_word' id='word_1_480' title='bbox 604 3530 769 3598; x_wconf 83' lang='grc' dir='ltr'>λέγει·</span> <span class='ocrx_word' id='word_1_481' title='bbox 796 3530 829 3602; x_wconf 83' lang='grc' dir='ltr'>ἦ</span> <span class='ocrx_word' id='word_1_482' title='bbox 857 3530 885 3583; x_wconf 83' lang='grc' dir='ltr'><strong>ὃ</strong></span> <span class='ocrx_word' id='word_1_483' title='bbox 910 3530 1142 3600; x_wconf 84' lang='grc' dir='ltr'>μάλιστα</span> <span class='ocrx_word' id='word_1_484' title='bbox 1166 3530 1381 3583; x_wconf 88' lang='grc' dir='ltr'>πάντων</span> <span class='ocrx_word' id='word_1_485' title='bbox 1401 3530 1549 3581; x_wconf 80' lang='grc' dir='ltr'>ἐστὶν</span> <span class='ocrx_word' id='word_1_486' title='bbox 1574 3528 1766 3589; x_wconf 84' lang='grc' dir='ltr'>εἰπεῖν,</span> <span class='ocrx_word' id='word_1_487' title='bbox 1793 3529 1874 3580; x_wconf 85' lang='grc' dir='ltr'>ὅτι</span> 
     </span>
    </p>
   </div>
   <div class='ocr_carea' id='block_1_59' title="bbox 212 3611 1875 3689">
    <p class='ocr_par' dir='ltr' id='par_1_59' title="bbox 212 3611 1875 3689">
     <span class='ocr_line' id='line_1_59' title="bbox 212 3611 1875 3689; baseline 0.001 -23"><span class='ocrx_word' id='word_1_488' title='bbox 212 3614 275 3666; x_wconf 88' lang='grc' dir='ltr'>τὸ</span> <span class='ocrx_word' id='word_1_489' title='bbox 309 3616 416 3668; x_wconf 79' lang='grc' dir='ltr'>πᾶν</span> <span class='ocrx_word' id='word_1_490' title='bbox 442 3611 509 3687; x_wconf 81' lang='grc' dir='ltr'>ἦν</span> <span class='ocrx_word' id='word_1_491' title='bbox 544 3617 644 3689; x_wconf 71' lang='grc' dir='ltr'>ήδη</span> <span class='ocrx_word' id='word_1_492' title='bbox 688 3618 1052 3689; x_wconf 87' lang='grc' dir='ltr'>γεγενημένον</span> <span class='ocrx_word' id='word_1_493' title='bbox 1081 3617 1158 3687; x_wconf 85' lang='grc' dir='ltr'>τῷ</span> <span class='ocrx_word' id='word_1_494' title='bbox 1181 3618 1279 3688; x_wconf 82' lang='grc' dir='ltr'>τὴν</span> <span class='ocrx_word' id='word_1_495' title='bbox 1316 3616 1472 3688; x_wconf 78' lang='grc' dir='ltr'>ῥίζαν</span> <span class='ocrx_word' id='word_1_496' title='bbox 1518 3616 1626 3669; x_wconf 90' lang='grc' dir='ltr'>τῶν</span> <span class='ocrx_word' id='word_1_497' title='bbox 1656 3615 1875 3683; x_wconf 84' lang='grc' dir='ltr'>ἀγαθῶν</span> 
     </span>
    </p>
   </div>
   <div class='ocr_carea' id='block_1_60' title="bbox 212 3700 1873 3778">
    <p class='ocr_par' dir='ltr' id='par_1_60' title="bbox 212 3700 1873 3778">
     <span class='ocr_line' id='line_1_60' title="bbox 212 3700 1873 3778; baseline 0.001 -24"><span class='ocrx_word' id='word_1_498' title='bbox 212 3702 670 3773; x_wconf 85' lang='grc' dir='ltr'>καταϐεϐλῆσθαι,</span> <span class='ocrx_word' id='word_1_499' title='bbox 778 3705 995 3768; x_wconf 87' lang='grc' dir='ltr'>πάντως</span> <span class='ocrx_word' id='word_1_500' title='bbox 1028 3704 1089 3769; x_wconf 83' lang='grc' dir='ltr'>ἐξ</span> <span class='ocrx_word' id='word_1_501' title='bbox 1118 3706 1362 3774; x_wconf 86' lang='grc' dir='ltr'>ἀνάγκης</span> <span class='ocrx_word' id='word_1_502' title='bbox 1390 3703 1613 3773; x_wconf 76' lang='grc' dir='ltr'>ἔμελλον</span> <span class='ocrx_word' id='word_1_503' title='bbox 1654 3703 1873 3772; x_wconf 66' lang='grc' dir='ltr'>ἕψεσθαι</span> 
     </span>
    </p>
   </div>
   <div class='ocr_carea' id='block_1_61' title="bbox 211 3789 1873 3865">
    <p class='ocr_par' dir='ltr' id='par_1_61' title="bbox 211 3789 1873 3865">
     <span class='ocr_line' id='line_1_61' title="bbox 211 3789 1873 3865; baseline 0 -23"><span class='ocrx_word' id='word_1_504' title='bbox 211 3790 265 3843; x_wconf 83' lang='grc' dir='ltr'>οί</span> <span class='ocrx_word' id='word_1_505' title='bbox 306 3792 529 3861; x_wconf 78' lang='grc' dir='ltr'>καρποὶ,</span> <span class='ocrx_word' id='word_1_506' title='bbox 571 3794 664 3847; x_wconf 80' lang='grc' dir='ltr'>καὶ</span> <span class='ocrx_word' id='word_1_507' title='bbox 702 3792 763 3845; x_wconf 90' lang='grc' dir='ltr'>τὸ</span> <span class='ocrx_word' id='word_1_508' title='bbox 802 3795 915 3857; x_wconf 89' lang='grc' dir='ltr'>τοῖς</span> <span class='ocrx_word' id='word_1_509' title='bbox 944 3792 1195 3863; x_wconf 83' lang='grc' dir='ltr'>μέλλουσι</span> <span class='ocrx_word' id='word_1_510' title='bbox 1236 3794 1373 3865; x_wconf 83' lang='grc' dir='ltr'>μετά</span> <span class='ocrx_word' id='word_1_511' title='bbox 1405 3789 1577 3845; x_wconf 90' lang='grc' dir='ltr'>ταῦτα</span> <span class='ocrx_word' id='word_1_512' title='bbox 1606 3790 1873 3859; x_wconf 85' lang='grc' dir='ltr'>γίνεσθαι,</span> 
     </span>
    </p>
   </div>
   <div class='ocr_carea' id='block_1_62' title="bbox 213 3877 1877 3949">
    <p class='ocr_par' dir='ltr' id='par_1_62' title="bbox 213 3877 1877 3949">
     <span class='ocr_line' id='line_1_62' title="bbox 213 3877 1877 3949; baseline 0.001 -20"><span class='ocrx_word' id='word_1_513' title='bbox 213 3877 375 3930; x_wconf 89' lang='grc' dir='ltr'>αὐτὸν</span> <span class='ocrx_word' id='word_1_514' title='bbox 403 3881 654 3948; x_wconf 79' lang='grc' dir='ltr'>παρεῖναι</span> <span class='ocrx_word' id='word_1_515' title='bbox 675 3881 770 3935; x_wconf 72' lang='grc' dir='ltr'>καὶ</span> <span class='ocrx_word' id='word_1_516' title='bbox 796 3880 1248 3949; x_wconf 87' lang='grc' dir='ltr'>συνεφάπτεσθαι.</span> <span class='ocrx_word' id='word_1_517' title='bbox 1272 3880 1372 3934; x_wconf 82' lang='grc' dir='ltr'>Διά</span> <span class='ocrx_word' id='word_1_518' title='bbox 1397 3878 1550 3933; x_wconf 88' lang='grc' dir='ltr'>τοῦτο</span> <span class='ocrx_word' id='word_1_519' title='bbox 1570 3878 1730 3932; x_wconf 89' lang='grc' dir='ltr'>πάλιν</span> <span class='ocrx_word' id='word_1_520' title='bbox 1750 3895 1877 3946; x_wconf 79' lang='grc' dir='ltr'>συγ·-</span> 
     </span>
    </p>
   </div>
   <div class='ocr_carea' id='block_1_63' title="bbox 213 3964 1874 4037">
    <p class='ocr_par' dir='ltr' id='par_1_63' title="bbox 213 3964 1874 4037">
     <span class='ocr_line' id='line_1_63' title="bbox 213 3964 1874 4037; baseline 0.001 -20"><span class='ocrx_word' id='word_1_521' title='bbox 213 3964 591 4029; x_wconf 85' lang='grc' dir='ltr'>καταϐατικῶς</span> <span class='ocrx_word' id='word_1_522' title='bbox 622 3984 805 4036; x_wconf 85' lang='grc' dir='ltr'>φησιν.</span> <span class='ocrx_word' id='word_1_523' title='bbox 843 3970 912 4021; x_wconf 84' lang='grc' dir='ltr'><strong>Ὀ</strong></span> <span class='ocrx_word' id='word_1_524' title='bbox 946 3967 1173 4034; x_wconf 74' lang='grc' dir='ltr'>ἔδωκάς</span> <span class='ocrx_word' id='word_1_525' title='bbox 1206 3986 1327 4037; x_wconf 83' lang='grc' dir='ltr'>μοι.</span> <span class='ocrx_word' id='word_1_526' title='bbox 1364 3969 1427 4021; x_wconf 84' lang='grc' dir='ltr'><strong>Εἰ</strong></span> <span class='ocrx_word' id='word_1_527' title='bbox 1456 3968 1562 4037; x_wconf 79' lang='grc' dir='ltr'>γὰρ</span> <span class='ocrx_word' id='word_1_528' title='bbox 1605 3965 1675 4036; x_wconf 85' lang='grc' dir='ltr'>δὴ</span> <span class='ocrx_word' id='word_1_529' title='bbox 1716 3982 1874 4035; x_wconf 88' lang='grc' dir='ltr'>περι-</span> 
     </span>
    </p>
   </div>
   <div class='ocr_carea' id='block_1_64' title="bbox 213 4050 1872 4126">
    <p class='ocr_par' dir='ltr' id='par_1_64' title="bbox 213 4050 1872 4126">
     <span class='ocr_line' id='line_1_64' title="bbox 213 4050 1872 4126; baseline 0.002 -24"><span class='ocrx_word' id='word_1_530' title='bbox 213 4050 408 4119; x_wconf 92' lang='grc' dir='ltr'>έμενεν</span> <span class='ocrx_word' id='word_1_531' title='bbox 429 4054 657 4108; x_wconf 86' lang='grc' dir='ltr'>ἀκοῦσαι</span> <span class='ocrx_word' id='word_1_532' title='bbox 687 4055 779 4108; x_wconf 81' lang='grc' dir='ltr'>καί</span> <span class='ocrx_word' id='word_1_533' title='bbox 803 4056 1012 4126; x_wconf 79' lang='grc' dir='ltr'>μαθεῖν,</span> <span class='ocrx_word' id='word_1_534' title='bbox 1044 4057 1177 4110; x_wconf 89' lang='grc' dir='ltr'>πολύ</span> <span class='ocrx_word' id='word_1_535' title='bbox 1207 4054 1376 4108; x_wconf 82' lang='grc' dir='ltr'>ταῦτα</span> <span class='ocrx_word' id='word_1_536' title='bbox 1402 4055 1500 4125; x_wconf 84' lang='grc' dir='ltr'>τῆς</span> <span class='ocrx_word' id='word_1_537' title='bbox 1523 4054 1678 4125; x_wconf 81' lang='grc' dir='ltr'>δόξης</span> <span class='ocrx_word' id='word_1_538' title='bbox 1708 4054 1872 4109; x_wconf 85' lang='grc' dir='ltr'>αὐτοῦ</span> 
     </span>
    </p>
   </div>
   <div class='ocr_carea' id='block_1_65' title="bbox 212 4138 1874 4213">
    <p class='ocr_par' dir='ltr' id='par_1_65' title="bbox 212 4138 1874 4213">
     <span class='ocr_line' id='line_1_65' title="bbox 212 4138 1874 4213; baseline 0.004 -24"><span class='ocrx_word' id='word_1_539' title='bbox 212 4138 509 4192; x_wconf 87' lang='grc' dir='ltr'>ἀποδέοντα</span> <span class='ocrx_word' id='word_1_540' title='bbox 536 4141 723 4212; x_wconf 85' lang='grc' dir='ltr'>ἂν-εῖη.</span> <span class='ocrx_word' id='word_1_541' title='bbox 762 4143 893 4195; x_wconf 72' lang='grc' dir='ltr'>Ὀτι</span> <span class='ocrx_word' id='word_1_542' title='bbox 910 4144 1015 4213; x_wconf 88' lang='grc' dir='ltr'>γὰρ</span> <span class='ocrx_word' id='word_1_543' title='bbox 1045 4144 1104 4209; x_wconf 80' lang='grc' dir='ltr'>ἐξ</span> <span class='ocrx_word' id='word_1_544' title='bbox 1129 4144 1331 4206; x_wconf 89' lang='grc' dir='ltr'>οἰκείας</span> <span class='ocrx_word' id='word_1_545' title='bbox 1355 4141 1627 4204; x_wconf 74' lang='grc' dir='ltr'>ἐπὶτοῦτο</span> <span class='ocrx_word' id='word_1_546' title='bbox 1652 4141 1874 4211; x_wconf 88' lang='grc' dir='ltr'>γνώμης</span> 
     </span>
    </p>
   </div>
   <div class='ocr_carea' id='block_1_66' title="bbox 211 4223 1873 4303">
    <p class='ocr_par' dir='ltr' id='par_1_66' title="bbox 211 4223 1873 4303">
     <span class='ocr_line' id='line_1_66' title="bbox 211 4223 1873 4303; baseline 0.002 -24"><span class='ocrx_word' id='word_1_547' title='bbox 211 4223 366 4298; x_wconf 73' lang='grc' dir='ltr'>ἦλθε,</span> <span class='ocrx_word' id='word_1_548' title='bbox 400 4228 727 4299; x_wconf 82' lang='grc' dir='ltr'>πολλαχόθεν</span> <span class='ocrx_word' id='word_1_549' title='bbox 756 4230 929 4301; x_wconf 85' lang='grc' dir='ltr'>δῆλον.</span> <span class='ocrx_word' id='word_1_550' title='bbox 966 4233 1052 4295; x_wconf 80' lang='grc' dir='ltr'>Ὠς</span> <span class='ocrx_word' id='word_1_551' title='bbox 1081 4234 1207 4286; x_wconf 86' lang='grc' dir='ltr'>ὅταν</span> <span class='ocrx_word' id='word_1_552' title='bbox 1232 4233 1364 4303; x_wconf 89' lang='grc' dir='ltr'>λέγῃ</span> <span class='ocrx_word' id='word_1_553' title='bbox 1391 4232 1619 4294; x_wconf 85' lang='grc' dir='ltr'>Παῦλος.</span> <span class='ocrx_word' id='word_1_554' title='bbox 1644 4233 1727 4284; x_wconf 85' lang='grc' dir='ltr'>ὃτι</span> <span class='ocrx_word' id='word_1_555' title='bbox 1766 4232 1873 4284; x_wconf 68' lang='grc' dir='ltr'>Οὐρ-</span> 
     </span>
    </p>
   </div>
   <div class='ocr_carea' id='block_1_67' title="bbox 211 4318 1874 4391">
    <p class='ocr_par' dir='ltr' id='par_1_67' title="bbox 211 4318 1874 4391">
     <span class='ocr_line' id='line_1_67' title="bbox 211 4318 1874 4391; baseline 0.002 -22"><span class='ocrx_word' id='word_1_556' title='bbox 211 4333 323 4379; x_wconf 86' lang='grc' dir='ltr'>τως</span> <span class='ocrx_word' id='word_1_557' title='bbox 370 4318 654 4388; x_wconf 78' lang='grc' dir='ltr'>ἠγάπησεν</span> <span class='ocrx_word' id='word_1_558' title='bbox 697 4320 864 4389; x_wconf 74' lang='grc' dir='ltr'>ἡμᾶς.</span> <span class='ocrx_word' id='word_1_559' title='bbox 916 4320 1057 4373; x_wconf 82' lang='grc' dir='ltr'>ὥστε</span> <span class='ocrx_word' id='word_1_560' title='bbox 1103 4320 1435 4391; x_wconf 89' lang='grc' dir='ltr'>παραδοῦναι</span> <span class='ocrx_word' id='word_1_561' title='bbox 1485 4319 1678 4372; x_wconf 89' lang='grc' dir='ltr'>ἐαυτὸν</span> <span class='ocrx_word' id='word_1_562' title='bbox 1735 4321 1874 4390; x_wconf 78' lang='grc' dir='ltr'>ὑπὲρ</span> 
     </span>
    </p>
   </div>
   <div class='ocr_carea' id='block_1_68' title="bbox 210 4404 1869 4479">
    <p class='ocr_par' dir='ltr' id='par_1_68' title="bbox 210 4404 1869 4479">
     <span class='ocr_line' id='line_1_68' title="bbox 210 4404 1869 4479; baseline 0.003 -22"><span class='ocrx_word' id='word_1_563' title='bbox 210 4404 391 4475; x_wconf 70' lang='grc' dir='ltr'>ἡμῶν·</span> <span class='ocrx_word' id='word_1_564' title='bbox 415 4406 530 4471; x_wconf 77' lang='grc' dir='ltr'>καὶ,</span> <span class='ocrx_word' id='word_1_565' title='bbox 544 4407 791 4461; x_wconf 76' lang='grc' dir='ltr'>Ἑαυτὸν</span> <span class='ocrx_word' id='word_1_566' title='bbox 819 4407 1135 4476; x_wconf 73' lang='grc' dir='ltr'>ἐκένωσεν,</span> <span class='ocrx_word' id='word_1_567' title='bbox 1153 4409 1393 4479; x_wconf 64' lang='grc' dir='ltr'>μορφὴν</span> <span class='ocrx_word' id='word_1_568' title='bbox 1410 4409 1633 4463; x_wconf 82' lang='grc' dir='ltr'>δούλου</span> <span class='ocrx_word' id='word_1_569' title='bbox 1655 4409 1869 4463; x_wconf 72' lang='grc' dir='ltr'>λαϐών·</span> 
     </span>
    </p>
   </div>
   <div class='ocr_carea' id='block_1_69' title="bbox 210 4493 1874 4567">
    <p class='ocr_par' dir='ltr' id='par_1_69' title="bbox 210 4493 1874 4567">
     <span class='ocr_line' id='line_1_69' title="bbox 210 4493 1874 4567; baseline 0.007 -23"><span class='ocrx_word' id='word_1_570' title='bbox 210 4493 310 4546; x_wconf 82' lang='grc' dir='ltr'>καὶ</span> <span class='ocrx_word' id='word_1_571' title='bbox 341 4493 521 4556; x_wconf 90' lang='grc' dir='ltr'>πάλιν,</span> <span class='ocrx_word' id='word_1_572' title='bbox 550 4495 755 4562; x_wconf 84' lang='grc' dir='ltr'>Καθὼς</span> <span class='ocrx_word' id='word_1_573' title='bbox 790 4497 1069 4566; x_wconf 79' lang='grc' dir='ltr'>ἠγάπησέ</span> <span class='ocrx_word' id='word_1_574' title='bbox 1114 4515 1189 4567; x_wconf 86' lang='grc' dir='ltr'>με</span> <span class='ocrx_word' id='word_1_575' title='bbox 1231 4501 1264 4552; x_wconf 88' lang='grc' dir='ltr'>ό</span> <span class='ocrx_word' id='word_1_576' title='bbox 1290 4497 1509 4566; x_wconf 82' lang='grc' dir='ltr'>Πατὴρ.</span> <span class='ocrx_word' id='word_1_577' title='bbox 1546 4498 1705 4567; x_wconf 75' lang='grc' dir='ltr'>κάγὼ</span> <span class='ocrx_word' id='word_1_578' title='bbox 1733 4497 1874 4567; x_wconf 70' lang='grc' dir='ltr'>ἠγά-</span> 
     </span>
    </p>
   </div>
   <div class='ocr_carea' id='block_1_70' title="bbox 210 4581 1875 4655">
    <p class='ocr_par' dir='ltr' id='par_1_70' title="bbox 210 4581 1875 4655">
     <span class='ocr_line' id='line_1_70' title="bbox 210 4581 1875 4655; baseline 0.003 -23"><span class='ocrx_word' id='word_1_579' title='bbox 210 4595 385 4645; x_wconf 81' lang='grc' dir='ltr'>πησα</span> <span class='ocrx_word' id='word_1_580' title='bbox 422 4582 449 4622; x_wconf 73' lang='grc' dir='ltr'>δ</span> <span class='ocrx_word' id='word_1_581' title='bbox 488 4581 661 4652; x_wconf 85' lang='grc' dir='ltr'>ὑμᾶς.</span> <span class='ocrx_word' id='word_1_582' title='bbox 690 4584 961 4650; x_wconf 79' lang='grc' dir='ltr'>Δόξασόν</span> <span class='ocrx_word' id='word_1_583' title='bbox 988 4602 1063 4655; x_wconf 84' lang='grc' dir='ltr'>με</span> <span class='ocrx_word' id='word_1_584' title='bbox 1090 4584 1192 4648; x_wconf 88' lang='grc' dir='ltr'>σὺ,</span> <span class='ocrx_word' id='word_1_585' title='bbox 1220 4585 1429 4654; x_wconf 79' lang='grc' dir='ltr'>Πάτερ,</span> <span class='ocrx_word' id='word_1_586' title='bbox 1455 4586 1613 4654; x_wconf 82' lang='grc' dir='ltr'>παρὰ</span> <span class='ocrx_word' id='word_1_587' title='bbox 1643 4583 1875 4650; x_wconf 85' lang='grc' dir='ltr'>σεαυτῷ</span> 
     </span>
    </p>
   </div>
   <div class='ocr_carea' id='block_1_71' title="bbox 210 4665 1876 4744">
    <p class='ocr_par' dir='ltr' id='par_1_71' title="bbox 210 4665 1876 4744">
     <span class='ocr_line' id='line_1_71' title="bbox 210 4665 1876 4744; baseline -0.004 -10"><span class='ocrx_word' id='word_1_588' title='bbox 210 4665 289 4735; x_wconf 69' lang='grc' dir='ltr'>τῇ</span> <span class='ocrx_word' id='word_1_589' title='bbox 329 4668 502 4737; x_wconf 75' lang='grc' dir='ltr'>δόξῃ.</span> <span class='ocrx_word' id='word_1_590' title='bbox 546 4666 587 4742; x_wconf 81' lang='grc' dir='ltr'><em>ᾗ</em></span> <span class='ocrx_word' id='word_1_591' title='bbox 628 4668 796 4741; x_wconf 75' lang='grc' dir='ltr'>εἶχον</span> <span class='ocrx_word' id='word_1_592' title='bbox 834 4673 948 4741; x_wconf 80' lang='grc' dir='ltr'>πρὸ</span> <span class='ocrx_word' id='word_1_593' title='bbox 992 4674 1097 4729; x_wconf 87' lang='grc' dir='ltr'>τοῦ</span> <span class='ocrx_word' id='word_1_594' title='bbox 1131 4674 1239 4727; x_wconf 85' lang='grc' dir='ltr'>τὸν</span> <span class='ocrx_word' id='word_1_595' title='bbox 1275 4676 1505 4744; x_wconf 81' lang='grc' dir='ltr'>κόσμον</span> <span class='ocrx_word' id='word_1_596' title='bbox 1534 4674 1685 4728; x_wconf 78' lang='grc' dir='ltr'>εἶναι</span> <span class='ocrx_word' id='word_1_597' title='bbox 1715 4674 1876 4742; x_wconf 80' lang='grc' dir='ltr'>παρά</span> 
     </span>
    </p>
   </div>
   <div class='ocr_carea' id='block_1_72' title="bbox 210 4758 1874 4833">
    <p class='ocr_par' dir='ltr' id='par_1_72' title="bbox 210 4758 1874 4833">
     <span class='ocr_line' id='line_1_72' title="bbox 210 4758 1874 4833; baseline 0.002 -25"><span class='ocrx_word' id='word_1_598' title='bbox 210 4758 336 4809; x_wconf 81' lang='grc' dir='ltr'>σοι.</span> <span class='ocrx_word' id='word_1_599' title='bbox 365 4758 485 4811; x_wconf 70' lang='grc' dir='ltr'>Καὶ</span> <span class='ocrx_word' id='word_1_600' title='bbox 503 4758 605 4812; x_wconf 85' lang='grc' dir='ltr'>ποῦ</span> <span class='ocrx_word' id='word_1_601' title='bbox 635 4761 668 4831; x_wconf 79' lang='grc' dir='ltr'><strong>ἡ</strong></span> <span class='ocrx_word' id='word_1_602' title='bbox 699 4760 824 4826; x_wconf 82' lang='grc' dir='ltr'>δόξα</span> <span class='ocrx_word' id='word_1_603' title='bbox 865 4761 1083 4832; x_wconf 77' lang='grc' dir='ltr'>ἐκείνης</span> <span class='ocrx_word' id='word_1_604' title='bbox 1112 4763 1252 4816; x_wconf 84' lang='grc' dir='ltr'>ἔστω</span> <span class='ocrx_word' id='word_1_605' title='bbox 1290 4763 1388 4833; x_wconf 90' lang='grc' dir='ltr'>μέν</span> <span class='ocrx_word' id='word_1_606' title='bbox 1422 4763 1551 4832; x_wconf 86' lang='grc' dir='ltr'>γάρ,</span> <span class='ocrx_word' id='word_1_607' title='bbox 1592 4761 1741 4830; x_wconf 87' lang='grc' dir='ltr'>παρά</span> <span class='ocrx_word' id='word_1_608' title='bbox 1780 4762 1874 4813; x_wconf 78' lang='grc' dir='ltr'>ἀνο</span> 
     </span>
    </p>
   </div>
   <div class='ocr_carea' id='block_1_73' title="bbox 212 4843 1873 4921">
    <p class='ocr_par' dir='ltr' id='par_1_73' title="bbox 212 4843 1873 4921">
     <span class='ocr_line' id='line_1_73' title="bbox 212 4843 1873 4921; baseline 0.002 -24"><span class='ocrx_word' id='word_1_609' title='bbox 212 4843 454 4917; x_wconf 86' lang='grc' dir='ltr'>θρώποις</span> <span class='ocrx_word' id='word_1_610' title='bbox 506 4847 728 4910; x_wconf 85' lang='grc' dir='ltr'>εἰκότως</span> <span class='ocrx_word' id='word_1_611' title='bbox 794 4848 978 4913; x_wconf 78' lang='grc' dir='ltr'>ἄδοξος</span> <span class='ocrx_word' id='word_1_612' title='bbox 1026 4845 1093 4921; x_wconf 80' lang='grc' dir='ltr'>ἦν</span> <span class='ocrx_word' id='word_1_613' title='bbox 1151 4861 1175 4889; x_wconf 78' lang='grc' dir='ltr'><strong>ο</strong></span> <span class='ocrx_word' id='word_1_614' title='bbox 1235 4850 1322 4903; x_wconf 82' lang='grc' dir='ltr'>διὰ</span> <span class='ocrx_word' id='word_1_615' title='bbox 1377 4850 1436 4903; x_wconf 88' lang='grc' dir='ltr'>τὸ</span> <span class='ocrx_word' id='word_1_616' title='bbox 1494 4849 1873 4920; x_wconf 88' lang='grc' dir='ltr'>περικείμενον</span> 
     </span>
    </p>
   </div>
   <div class='ocr_carea' id='block_1_74' title="bbox 212 4932 1874 5007">
    <p class='ocr_par' dir='ltr' id='par_1_74' title="bbox 212 4932 1874 5007">
     <span class='ocr_line' id='line_1_74' title="bbox 212 4932 1874 5007; baseline 0.002 -23"><span class='ocrx_word' id='word_1_617' title='bbox 212 4932 435 5002; x_wconf 78' lang='grc' dir='ltr'>ἔνδυμα·</span> <span class='ocrx_word' id='word_1_618' title='bbox 472 4932 589 4995; x_wconf 88' lang='grc' dir='ltr'>πῶς</span> <span class='ocrx_word' id='word_1_619' title='bbox 622 4933 717 4986; x_wconf 76' lang='grc' dir='ltr'>καὶ</span> <span class='ocrx_word' id='word_1_620' title='bbox 752 4934 900 5004; x_wconf 88' lang='grc' dir='ltr'>παρὰ</span> <span class='ocrx_word' id='word_1_621' title='bbox 940 4935 1058 5006; x_wconf 84' lang='grc' dir='ltr'>Θεῷ</span> <span class='ocrx_word' id='word_1_622' title='bbox 1104 4936 1424 5005; x_wconf 80' lang='grc' dir='ltr'>δοξασθῆναι</span> <span class='ocrx_word' id='word_1_623' title='bbox 1459 4937 1646 5007; x_wconf 81' lang='grc' dir='ltr'>ζητεῖ;</span> <span class='ocrx_word' id='word_1_624' title='bbox 1677 4936 1741 4988; x_wconf 93' lang='grc' dir='ltr'>Τί</span> <span class='ocrx_word' id='word_1_625' title='bbox 1780 4934 1874 4989; x_wconf 87' lang='grc' dir='ltr'>οῦν</span> 
     </span>
    </p>
   </div>
   <div class='ocr_carea' id='block_1_75' title="bbox 211 5019 1875 5093">
    <p class='ocr_par' dir='ltr' id='par_1_75' title="bbox 211 5019 1875 5093">
     <span class='ocr_line' id='line_1_75' title="bbox 211 5019 1875 5093; baseline 0.004 -22"><span class='ocrx_word' id='word_1_626' title='bbox 211 5019 459 5080; x_wconf 72' lang='grc' dir='ltr'>ἐνταῦθά</span> <span class='ocrx_word' id='word_1_627' title='bbox 481 5037 647 5090; x_wconf 89' lang='grc' dir='ltr'>φησι;</span> <span class='ocrx_word' id='word_1_628' title='bbox 678 5022 811 5091; x_wconf 72' lang='grc' dir='ltr'>Περὶ</span> <span class='ocrx_word' id='word_1_629' title='bbox 835 5022 935 5093; x_wconf 83' lang='grc' dir='ltr'>τῆς</span> <span class='ocrx_word' id='word_1_630' title='bbox 963 5025 1272 5092; x_wconf 78' lang='grc' dir='ltr'>οἰκονομίας</span> <span class='ocrx_word' id='word_1_631' title='bbox 1301 5028 1328 5078; x_wconf 91' lang='lat'>6</span> <span class='ocrx_word' id='word_1_632' title='bbox 1356 5024 1531 5093; x_wconf 86' lang='grc' dir='ltr'>λόγος·</span> <span class='ocrx_word' id='word_1_633' title='bbox 1566 5025 1689 5079; x_wconf 75' lang='grc' dir='ltr'>ἐπεὶ</span> <span class='ocrx_word' id='word_1_634' title='bbox 1722 5024 1875 5078; x_wconf 80' lang='grc' dir='ltr'>οὐπω</span> 
     </span>
    </p>
   </div>
   <div class='ocr_carea' id='block_1_76' title="bbox 209 5107 1874 5183">
    <p class='ocr_par' dir='ltr' id='par_1_76' title="bbox 209 5107 1874 5183">
     <span class='ocr_line' id='line_1_76' title="bbox 209 5107 1874 5183; baseline 0.002 -23"><span class='ocrx_word' id='word_1_635' title='bbox 209 5107 494 5174; x_wconf 78' lang='grc' dir='ltr'>δεδόξαστο</span> <span class='ocrx_word' id='word_1_636' title='bbox 522 5110 622 5179; x_wconf 85' lang='grc' dir='ltr'>τῆς</span> <span class='ocrx_word' id='word_1_637' title='bbox 645 5112 845 5182; x_wconf 87' lang='grc' dir='ltr'>σαρκὸς</span> <span class='ocrx_word' id='word_1_638' title='bbox 873 5112 906 5183; x_wconf 80' lang='grc' dir='ltr'>ὴ</span> <span class='ocrx_word' id='word_1_639' title='bbox 930 5111 1110 5181; x_wconf 80' lang='grc' dir='ltr'>φύσις,</span> <span class='ocrx_word' id='word_1_640' title='bbox 1143 5112 1263 5165; x_wconf 76' lang='grc' dir='ltr'>οὐδὲ</span> <span class='ocrx_word' id='word_1_641' title='bbox 1295 5112 1602 5183; x_wconf 71' lang='grc' dir='ltr'>ἀφθαρσίας</span> <span class='ocrx_word' id='word_1_642' title='bbox 1634 5111 1874 5166; x_wconf 85' lang='grc' dir='ltr'>ἀπολαύ-</span> 
     </span>
    </p>
   </div>
   <div class='ocr_carea' id='block_1_77' title="bbox 213 5199 1875 5275">
    <p class='ocr_par' dir='ltr' id='par_1_77' title="bbox 213 5199 1875 5275">
     <span class='ocr_line' id='line_1_77' title="bbox 213 5199 1875 5275; baseline 0.006 -27"><span class='ocrx_word' id='word_1_643' title='bbox 213 5213 381 5262; x_wconf 86' lang='grc' dir='ltr'>σασα,</span> <span class='ocrx_word' id='word_1_644' title='bbox 414 5199 539 5253; x_wconf 75' lang='grc' dir='ltr'>οὐτε</span> <span class='ocrx_word' id='word_1_645' title='bbox 575 5201 671 5255; x_wconf 84' lang='grc' dir='ltr'>τοῦ</span> <span class='ocrx_word' id='word_1_646' title='bbox 702 5202 894 5274; x_wconf 88' lang='grc' dir='ltr'>θρόνου</span> <span class='ocrx_word' id='word_1_647' title='bbox 928 5205 1304 5275; x_wconf 84' lang='grc' dir='ltr'>κοινωνήσασα</span> <span class='ocrx_word' id='word_1_648' title='bbox 1328 5204 1421 5257; x_wconf 89' lang='grc' dir='ltr'>τοῦ</span> <span class='ocrx_word' id='word_1_649' title='bbox 1455 5204 1753 5273; x_wconf 82' lang='grc' dir='ltr'>βασιλικοῦ.</span> <span class='ocrx_word' id='word_1_650' title='bbox 1776 5205 1875 5258; x_wconf 86' lang='grc' dir='ltr'>Διά</span> 
     </span>
    </p>
   </div>
   <div class='ocr_carea' id='block_1_78' title="bbox 210 5284 1649 5363">
    <p class='ocr_par' dir='ltr' id='par_1_78' title="bbox 210 5284 1649 5363">
     <span class='ocr_line' id='line_1_78' title="bbox 210 5284 1649 5363; baseline 0.005 -23"><span class='ocrx_word' id='word_1_651' title='bbox 210 5286 374 5341; x_wconf 78' lang='grc' dir='ltr'>τοῦτο</span> <span class='ocrx_word' id='word_1_652' title='bbox 398 5288 501 5341; x_wconf 86' lang='grc' dir='ltr'>οὐκ</span> <span class='ocrx_word' id='word_1_653' title='bbox 524 5284 698 5356; x_wconf 76' lang='grc' dir='ltr'>εἷπεν,</span> <span class='ocrx_word' id='word_1_654' title='bbox 738 5290 863 5344; x_wconf 78' lang='grc' dir='ltr'>Ἐπὶ</span> <span class='ocrx_word' id='word_1_655' title='bbox 882 5292 981 5362; x_wconf 85' lang='grc' dir='ltr'>τῆς</span> <span class='ocrx_word' id='word_1_656' title='bbox 999 5293 1124 5363; x_wconf 79' lang='grc' dir='ltr'>γῆς,</span> <span class='ocrx_word' id='word_1_657' title='bbox 1152 5291 1306 5357; x_wconf 83' lang='grc' dir='ltr'>ἀλλὰ,</span> <span class='ocrx_word' id='word_1_658' title='bbox 1337 5290 1501 5360; x_wconf 80' lang='grc' dir='ltr'>Παρὰ</span> <span class='ocrx_word' id='word_1_659' title='bbox 1528 5293 1649 5348; x_wconf 86' lang='grc' dir='ltr'>σοί.</span> 
     </span>
    </p>
   </div>
   <div class='ocr_carea' id='block_1_79' title="bbox 285 5451 1876 5527">
    <p class='ocr_par' dir='ltr' id='par_1_79' title="bbox 285 5451 1876 5527">
     <span class='ocr_line' id='line_1_79' title="bbox 285 5451 1876 5527; baseline 0.003 -21"><span class='ocrx_word' id='word_1_660' title='bbox 285 5458 354 5521; x_wconf 88' lang='grc' dir='ltr'>γ’.</span> <span class='ocrx_word' id='word_1_661' title='bbox 383 5451 599 5524; x_wconf 79' lang='grc' dir='ltr'>Ταύτης</span> <span class='ocrx_word' id='word_1_662' title='bbox 619 5453 712 5508; x_wconf 79' lang='grc' dir='ltr'>καὶ</span> <span class='ocrx_word' id='word_1_663' title='bbox 730 5456 891 5525; x_wconf 82' lang='grc' dir='ltr'>ἡμεῖς</span> <span class='ocrx_word' id='word_1_664' title='bbox 916 5454 1333 5527; x_wconf 88' lang='grc' dir='ltr'>ἀπολαυσόμεθα</span> <span class='ocrx_word' id='word_1_665' title='bbox 1353 5456 1452 5527; x_wconf 79' lang='grc' dir='ltr'>τῆς</span> <span class='ocrx_word' id='word_1_666' title='bbox 1474 5454 1632 5526; x_wconf 80' lang='grc' dir='ltr'>δόξης</span> <span class='ocrx_word' id='word_1_667' title='bbox 1653 5456 1793 5510; x_wconf 87' lang='grc' dir='ltr'>κατά</span> <span class='ocrx_word' id='word_1_668' title='bbox 1815 5457 1876 5509; x_wconf 85' lang='grc' dir='ltr'>τὸ</span> 
     </span>
    </p>
   </div>
   <div class='ocr_carea' id='block_1_80' title="bbox 210 5542 1875 5616">
    <p class='ocr_par' dir='ltr' id='par_1_80' title="bbox 210 5542 1875 5616">
     <span class='ocr_line' id='line_1_80' title="bbox 210 5542 1875 5616; baseline 0.003 -24"><span class='ocrx_word' id='word_1_669' title='bbox 210 5542 486 5611; x_wconf 84' lang='grc' dir='ltr'>ἡμέτερον</span> <span class='ocrx_word' id='word_1_670' title='bbox 518 5543 732 5613; x_wconf 78' lang='grc' dir='ltr'>μέτρον,</span> <span class='ocrx_word' id='word_1_671' title='bbox 769 5543 864 5597; x_wconf 85' lang='grc' dir='ltr'>ἐὰν</span> <span class='ocrx_word' id='word_1_672' title='bbox 906 5544 1185 5616; x_wconf 82' lang='grc' dir='ltr'>νήφωμεν.</span> <span class='ocrx_word' id='word_1_673' title='bbox 1223 5545 1323 5599; x_wconf 88' lang='grc' dir='ltr'>Διά</span> <span class='ocrx_word' id='word_1_674' title='bbox 1348 5544 1507 5598; x_wconf 87' lang='grc' dir='ltr'>τοῦτο</span> <span class='ocrx_word' id='word_1_675' title='bbox 1533 5546 1628 5598; x_wconf 76' lang='grc' dir='ltr'>καὶ</span> <span class='ocrx_word' id='word_1_676' title='bbox 1664 5544 1875 5608; x_wconf 83' lang='grc' dir='ltr'>Παῦλός</span> 
     </span>
    </p>
   </div>
   <div class='ocr_carea' id='block_1_81' title="bbox 209 5629 1870 5703">
    <p class='ocr_par' dir='ltr' id='par_1_81' title="bbox 209 5629 1870 5703">
     <span class='ocr_line' id='line_1_81' title="bbox 209 5629 1870 5703; baseline 0.004 -23"><span class='ocrx_word' id='word_1_677' title='bbox 209 5644 397 5699; x_wconf 75' lang='grc' dir='ltr'>φησιν·</span> <span class='ocrx_word' id='word_1_678' title='bbox 421 5629 605 5698; x_wconf 80' lang='grc' dir='ltr'>Εἴπερ</span> <span class='ocrx_word' id='word_1_679' title='bbox 625 5630 1095 5702; x_wconf 82' lang='grc' dir='ltr'>συμπάσχωμεν,</span> <span class='ocrx_word' id='word_1_680' title='bbox 1110 5633 1210 5687; x_wconf 77' lang='grc' dir='ltr'>ἵνα</span> <span class='ocrx_word' id='word_1_681' title='bbox 1224 5631 1322 5686; x_wconf 81' lang='grc' dir='ltr'>καί</span> <span class='ocrx_word' id='word_1_682' title='bbox 1342 5631 1870 5703; x_wconf 78' lang='grc' dir='ltr'>συνδοξασθῶμεν.</span> 
     </span>
    </p>
   </div>
   <div class='ocr_carea' id='block_1_82' title="bbox 274 5779 1870 5851">
    <p class='ocr_par' dir='ltr' id='par_1_82' title="bbox 274 5779 1870 5851">
     <span class='ocr_line' id='line_1_82' title="bbox 274 5779 1870 5851; baseline 0.006 -25"><span class='ocrx_word' id='word_1_683' title='bbox 274 5779 612 5851; x_wconf 45' lang='lat' dir='ltr'>{legendum</span> <span class='ocrx_word' id='word_1_684' title='bbox 657 5780 1097 5851; x_wconf 51' lang='lat' dir='ltr'>onyqimjidelqr</span> <span class='ocrx_word' id='word_1_685' title='bbox 1141 5784 1229 5851; x_wconf 71' lang='grc' dir='ltr'>οὐκ</span> <span class='ocrx_word' id='word_1_686' title='bbox 1272 5785 1468 5851; x_wconf 73' lang='grc' dir='ltr'>ἐπιπολὺ</span> <span class='ocrx_word' id='word_1_687' title='bbox 1512 5784 1620 5849; x_wconf 81' lang='grc' dir='ltr'>γάρ,</span> <span class='ocrx_word' id='word_1_688' title='bbox 1657 5786 1870 5851; x_wconf 49' lang='lat' dir='ltr'>alioquin</span> 
     </span>
    </p>
   </div>
   <div class='ocr_carea' id='block_1_83' title="bbox 208 5844 1872 5911">
    <p class='ocr_par' dir='ltr' id='par_1_83' title="bbox 208 5844 1872 5911">
     <span class='ocr_line' id='line_1_83' title="bbox 208 5844 1872 5911; baseline 0.007 -26"><span class='ocrx_word' id='word_1_689' title='bbox 208 5846 507 5911; x_wconf 37' lang='grc' dir='ltr'>κριτος-ηομ</span> <span class='ocrx_word' id='word_1_690' title='bbox 549 5845 806 5911; x_wconf 45' lang='grc' dir='ltr'>ουιιείειίιί-ι.</span> <span class='ocrx_word' id='word_1_691' title='bbox 865 5844 945 5911; x_wconf 78' lang='lat' dir='ltr'>Sic</span> <span class='ocrx_word' id='word_1_692' title='bbox 998 5847 1147 5911; x_wconf 62' lang='lat' dir='ltr'><strong>etiam</strong></span> <span class='ocrx_word' id='word_1_693' title='bbox 1189 5846 1453 5911; x_wconf 65' lang='lat' dir='ltr'>legendum</span> <span class='ocrx_word' id='word_1_694' title='bbox 1502 5844 1641 5911; x_wconf 58' lang='lat' dir='ltr'><strong>putat</strong></span> <span class='ocrx_word' id='word_1_695' title='bbox 1684 5844 1872 5897; x_wconf 72' lang='grc' dir='ltr'>Βοίείιιε</span> 
     </span>
    </p>
   </div>
   <div class='ocr_carea' id='block_1_84' title="bbox 206 5903 1870 5973">
    <p class='ocr_par' dir='ltr' id='par_1_84' title="bbox 206 5903 1870 5973">
     <span class='ocr_line' id='line_1_84' title="bbox 206 5903 1870 5973; baseline 0.009 -28"><span class='ocrx_word' id='word_1_696' title='bbox 206 5903 338 5960; x_wconf 73' lang='lat' dir='ltr'>apud</span> <span class='ocrx_word' id='word_1_697' title='bbox 361 5903 643 5973; x_wconf 52' lang='lat' dir='ltr'>Sa§i|j|_l_m._</span> <span class='ocrx_word' id='word_1_698' title='bbox 680 5904 709 5943; x_wconf 74' lang='grc' dir='ltr'>ι)</span> <span class='ocrx_word' id='word_1_699' title='bbox 734 5906 903 5973; x_wconf 57' lang='grc' dir='ltr'>Μυτρι.</span> <span class='ocrx_word' id='word_1_700' title='bbox 937 5911 990 5955; x_wconf 73' lang='grc' dir='ltr'>ει</span> <span class='ocrx_word' id='word_1_701' title='bbox 1009 5909 1205 5973; x_wconf 72' lang='lat' dir='ltr'>quidam</span> <span class='ocrx_word' id='word_1_702' title='bbox 1241 5903 1323 5961; x_wconf 54' lang='lat' dir='ltr'><strong>ﬁlii</strong></span> <span class='ocrx_word' id='word_1_703' title='bbox 1356 5903 1539 5973; x_wconf 79' lang='grc' dir='ltr'>Πατήῥ,</span> <span class='ocrx_word' id='word_1_704' title='bbox 1575 5911 1724 5967; x_wconf 75' lang='grc' dir='ltr'>οὕτως</span> <span class='ocrx_word' id='word_1_705' title='bbox 1754 5911 1870 5972; x_wconf 81' lang='grc' dir='ltr'>ἠγά-</span> 
     </span>
    </p>
   </div>
   <div class='ocr_carea' id='block_1_85' title="bbox 207 5966 1243 6031">
    <p class='ocr_par' dir='ltr' id='par_1_85' title="bbox 207 5966 1243 6031">
     <span class='ocr_line' id='line_1_85' title="bbox 207 5966 1243 6031; baseline 0.008 -20"><span class='ocrx_word' id='word_1_706' title='bbox 207 5979 360 6021; x_wconf 77' lang='grc' dir='ltr'>πησα.</span> <span class='ocrx_word' id='word_1_707' title='bbox 430 5967 452 5995; x_wconf 76' lang='grc'>(³</span> <span class='ocrx_word' id='word_1_708' title='bbox 482 5966 576 6016; x_wconf 77' lang='lat' dir='ltr'><strong>Alii</strong></span> <span class='ocrx_word' id='word_1_709' title='bbox 615 5966 688 6028; x_wconf 84' lang='grc' dir='ltr'>ἧς,</span> <span class='ocrx_word' id='word_1_710' title='bbox 717 5974 762 6016; x_wconf 86' lang='lat' dir='ltr'>el</span> <span class='ocrx_word' id='word_1_711' title='bbox 784 5969 930 6030; x_wconf 83' lang='lat' dir='ltr'>paulo</span> <span class='ocrx_word' id='word_1_712' title='bbox 949 5966 1059 6031; x_wconf 67' lang='lat' dir='ltr'>p081</span> <span class='ocrx_word' id='word_1_713' title='bbox 1079 5970 1243 6026; x_wconf 78' lang='grc' dir='ltr'>ζητεῖς.</span> 
     </span>
    </p>
   </div>
   <div class='ocr_carea' id='block_1_86' title="bbox 1968 2120 3633 2195">
    <p class='ocr_par' dir='ltr' id='par_1_86' title="bbox 1968 2120 3633 2195">
     <span class='ocr_line' id='line_1_86' title="bbox 1968 2120 3633 2195; baseline -0.007 -12"><span class='ocrx_word' id='word_1_714' title='bbox 1968 2128 2158 2183; x_wconf 84' lang='grc' dir='ltr'>οὐδένα</span> <span class='ocrx_word' id='word_1_715' title='bbox 2184 2126 2495 2195; x_wconf 78' lang='grc' dir='ltr'>ποιούμενοι</span> <span class='ocrx_word' id='word_1_716' title='bbox 2516 2124 2695 2193; x_wconf 81' lang='grc' dir='ltr'>λόγον,</span> <span class='ocrx_word' id='word_1_717' title='bbox 2722 2122 2830 2175; x_wconf 91' lang='grc' dir='ltr'>τῶν</span> <span class='ocrx_word' id='word_1_718' title='bbox 2860 2121 3212 2191; x_wconf 83' lang='grc' dir='ltr'>δὲ-περιττῶν</span> <span class='ocrx_word' id='word_1_719' title='bbox 3240 2122 3336 2175; x_wconf 81' lang='grc' dir='ltr'>καὶ</span> <span class='ocrx_word' id='word_1_720' title='bbox 3360 2120 3633 2189; x_wconf 88' lang='grc' dir='ltr'>ἀνονήτων</span> 
     </span>
    </p>
   </div>
   <div class='ocr_carea' id='block_1_87' title="bbox 1970 2208 3649 2287">
    <p class='ocr_par' dir='ltr' id='par_1_87' title="bbox 1970 2208 3649 2287">
     <span class='ocr_line' id='line_1_87' title="bbox 1970 2208 3649 2287; baseline -0.006 -16"><span class='ocrx_word' id='word_1_721' title='bbox 1970 2217 2171 2287; x_wconf 85' lang='grc' dir='ltr'>πολλὴν</span> <span class='ocrx_word' id='word_1_722' title='bbox 2198 2215 2297 2285; x_wconf 83' lang='grc' dir='ltr'>τὴν</span> <span class='ocrx_word' id='word_1_723' title='bbox 2334 2212 2622 2285; x_wconf 76' lang='grc' dir='ltr'>φροντίδας</span> <span class='ocrx_word' id='word_1_724' title='bbox 2656 2211 2767 2264; x_wconf 77' lang='grc' dir='ltr'>Καὶ</span> <span class='ocrx_word' id='word_1_725' title='bbox 2801 2210 3089 2281; x_wconf 72' lang='grc' dir='ltr'>λαμπροὺς</span> <span class='ocrx_word' id='word_1_726' title='bbox 3118 2209 3215 2279; x_wconf 83' lang='grc' dir='ltr'>μὲν</span> <span class='ocrx_word' id='word_1_727' title='bbox 3244 2208 3649 2278; x_wconf 59' lang='grc' dir='ltr'>οἰκοδομοῦμειι</span> 
     </span>
    </p>
   </div>
   <div class='ocr_carea' id='block_1_88' title="bbox 1968 2296 3632 2374">
    <p class='ocr_par' dir='ltr' id='par_1_88' title="bbox 1968 2296 3632 2374">
     <span class='ocr_line' id='line_1_88' title="bbox 1968 2296 3632 2374; baseline -0.007 -15"><span class='ocrx_word' id='word_1_728' title='bbox 1968 2307 2193 2374; x_wconf 85' lang='grc' dir='ltr'>τάφους,</span> <span class='ocrx_word' id='word_1_729' title='bbox 2225 2304 2319 2356; x_wconf 78' lang='grc' dir='ltr'>καὶ</span> <span class='ocrx_word' id='word_1_730' title='bbox 2349 2299 2633 2370; x_wconf 88' lang='grc' dir='ltr'>ὠνούμεθα</span> <span class='ocrx_word' id='word_1_731' title='bbox 2663 2298 2969 2362; x_wconf 81' lang='grc' dir='ltr'>πολυτελεῖς</span> <span class='ocrx_word' id='word_1_732' title='bbox 2999 2297 3195 2359; x_wconf 86' lang='grc' dir='ltr'>οἰκίας,</span> <span class='ocrx_word' id='word_1_733' title='bbox 3237 2298 3331 2356; x_wconf 65' lang='grc' dir='ltr'>καὶ</span> <span class='ocrx_word' id='word_1_734' title='bbox 3368 2296 3632 2348; x_wconf 86' lang='grc' dir='ltr'>παντοδα-</span> 
     </span>
    </p>
   </div>
   <div class='ocr_carea' id='block_1_89' title="bbox 1970 2383 3633 2458">
    <p class='ocr_par' dir='ltr' id='par_1_89' title="bbox 1970 2383 3633 2458">
     <span class='ocr_line' id='line_1_89' title="bbox 1970 2383 3633 2458; baseline -0.008 -10"><span class='ocrx_word' id='word_1_735' title='bbox 1970 2395 2088 2447; x_wconf 86' lang='grc' dir='ltr'>πῶν</span> <span class='ocrx_word' id='word_1_736' title='bbox 2112 2391 2337 2446; x_wconf 89' lang='grc' dir='ltr'>οἰκετῶν</span> <span class='ocrx_word' id='word_1_737' title='bbox 2359 2389 2556 2458; x_wconf 86' lang='grc' dir='ltr'>ἀγέλας</span> <span class='ocrx_word' id='word_1_738' title='bbox 2580 2386 2966 2457; x_wconf 89' lang='grc' dir='ltr'>περισύρομεν,</span> <span class='ocrx_word' id='word_1_739' title='bbox 2994 2386 3087 2440; x_wconf 78' lang='grc' dir='ltr'>καὶ</span> <span class='ocrx_word' id='word_1_740' title='bbox 3111 2384 3424 2454; x_wconf 57' lang='grc' dir='ltr'>οἰωνόμους</span> <span class='ocrx_word' id='word_1_741' title='bbox 3450 2383 3633 2451; x_wconf 79' lang='grc' dir='ltr'>διαφό-</span> 
     </span>
    </p>
   </div>
   <div class='ocr_carea' id='block_1_90' title="bbox 1974 2474 3630 2558">
    <p class='ocr_par' dir='ltr' id='par_1_90' title="bbox 1974 2474 3630 2558">
     <span class='ocr_line' id='line_1_90' title="bbox 1974 2474 3630 2558; baseline -0.01 -18"><span class='ocrx_word' id='word_1_742' title='bbox 1974 2504 2096 2558; x_wconf 88' lang='grc' dir='ltr'>ρους</span> <span class='ocrx_word' id='word_1_743' title='bbox 2136 2480 2476 2552; x_wconf 86' lang='grc' dir='ltr'>ἐπινοοῦμεν,</span> <span class='ocrx_word' id='word_1_744' title='bbox 2510 2477 2716 2547; x_wconf 84' lang='grc' dir='ltr'>ἀγρῶν,</span> <span class='ocrx_word' id='word_1_745' title='bbox 2760 2476 2968 2535; x_wconf 81' lang='grc' dir='ltr'>οἰκιῶν.</span> <span class='ocrx_word' id='word_1_746' title='bbox 3007 2475 3304 2545; x_wconf 83' lang='grc' dir='ltr'>χρημάτων</span> <span class='ocrx_word' id='word_1_747' title='bbox 3342 2474 3630 2558; x_wconf 81' lang='grc' dir='ltr'>ἄρχοντας,</span> 
     </span>
    </p>
   </div>
   <div class='ocr_carea' id='block_1_91' title="bbox 1972 2557 3633 2643">
    <p class='ocr_par' dir='ltr' id='par_1_91' title="bbox 1972 2557 3633 2643">
     <span class='ocr_line' id='line_1_91' title="bbox 1972 2557 3633 2643; baseline -0.011 -15"><span class='ocrx_word' id='word_1_748' title='bbox 1972 2557 2067 2629; x_wconf 71' lang='grc' dir='ltr'>καὶ</span> <span class='ocrx_word' id='word_1_749' title='bbox 2096 2572 2359 2643; x_wconf 81' lang='grc' dir='ltr'>ἄρχοντας</span> <span class='ocrx_word' id='word_1_750' title='bbox 2387 2566 2662 2639; x_wconf 86' lang='grc' dir='ltr'>ἀρχόντων</span> <span class='ocrx_word' id='word_1_751' title='bbox 2696 2564 3077 2625; x_wconf 81' lang='grc' dir='ltr'>καθιστῶντες·</span> <span class='ocrx_word' id='word_1_752' title='bbox 3100 2562 3197 2631; x_wconf 83' lang='grc' dir='ltr'>τῆς</span> <span class='ocrx_word' id='word_1_753' title='bbox 3226 2561 3279 2613; x_wconf 83' lang='grc' dir='ltr'>δὲ</span> <span class='ocrx_word' id='word_1_754' title='bbox 3300 2557 3477 2631; x_wconf 72' lang='grc' dir='ltr'>ψυχῆς</span> <span class='ocrx_word' id='word_1_755' title='bbox 3503 2562 3633 2630; x_wconf 77' lang='grc' dir='ltr'>ἠρη-</span> 
     </span>
    </p>
   </div>
   <div class='ocr_carea' id='block_1_92' title="bbox 1976 2649 3632 2734">
    <p class='ocr_par' dir='ltr' id='par_1_92' title="bbox 1976 2649 3632 2734">
     <span class='ocr_line' id='line_1_92' title="bbox 1976 2649 3632 2734; baseline -0.01 -18"><span class='ocrx_word' id='word_1_756' title='bbox 1976 2661 2233 2734; x_wconf 84' lang='grc' dir='ltr'>μωμένης</span> <span class='ocrx_word' id='word_1_757' title='bbox 2257 2657 2429 2720; x_wconf 76' lang='grc' dir='ltr'>οὐδεὶς</span> <span class='ocrx_word' id='word_1_758' title='bbox 2459 2656 2592 2726; x_wconf 78' lang='grc' dir='ltr'>ἡμῖν</span> <span class='ocrx_word' id='word_1_759' title='bbox 2619 2653 2795 2721; x_wconf 87' lang='grc' dir='ltr'>λόγος.</span> <span class='ocrx_word' id='word_1_760' title='bbox 2820 2652 2927 2703; x_wconf 78' lang='grc' dir='ltr'>Καὶ</span> <span class='ocrx_word' id='word_1_761' title='bbox 2951 2651 3003 2703; x_wconf 89' lang='grc' dir='ltr'>τί</span> <span class='ocrx_word' id='word_1_762' title='bbox 3034 2650 3235 2703; x_wconf 88' lang='grc' dir='ltr'>τούτων</span> <span class='ocrx_word' id='word_1_763' title='bbox 3264 2650 3416 2702; x_wconf 80' lang='grc' dir='ltr'>ἕσται</span> <span class='ocrx_word' id='word_1_764' title='bbox 3452 2649 3513 2701; x_wconf 87' lang='grc' dir='ltr'>τὸ</span> <span class='ocrx_word' id='word_1_765' title='bbox 3534 2649 3632 2701; x_wconf 84' lang='grc' dir='ltr'>πέ-</span> 
     </span>
    </p>
   </div>
   <div class='ocr_carea' id='block_1_93' title="bbox 1977 2736 3633 2819">
    <p class='ocr_par' dir='ltr' id='par_1_93' title="bbox 1977 2736 3633 2819">
     <span class='ocr_line' id='line_1_93' title="bbox 1977 2736 3633 2819; baseline -0.01 -16"><span class='ocrx_word' id='word_1_766' title='bbox 1977 2765 2104 2819; x_wconf 89' lang='grc' dir='ltr'>ρας;</span> <span class='ocrx_word' id='word_1_767' title='bbox 2132 2746 2254 2817; x_wconf 71' lang='grc' dir='ltr'>οὐχὶ</span> <span class='ocrx_word' id='word_1_768' title='bbox 2286 2744 2414 2817; x_wconf 90' lang='grc' dir='ltr'>μίαν</span> <span class='ocrx_word' id='word_1_769' title='bbox 2431 2743 2671 2813; x_wconf 88' lang='grc' dir='ltr'>γαστέρα</span> <span class='ocrx_word' id='word_1_770' title='bbox 2701 2739 3039 2809; x_wconf 86' lang='grc' dir='ltr'>πληροῦμεν;</span> <span class='ocrx_word' id='word_1_771' title='bbox 3061 2738 3179 2806; x_wconf 74' lang='grc' dir='ltr'>οὐχὶ</span> <span class='ocrx_word' id='word_1_772' title='bbox 3204 2737 3263 2789; x_wconf 85' lang='grc' dir='ltr'>ἓν</span> <span class='ocrx_word' id='word_1_773' title='bbox 3293 2736 3451 2805; x_wconf 89' lang='grc' dir='ltr'>σῶμα</span> <span class='ocrx_word' id='word_1_774' title='bbox 3479 2752 3633 2805; x_wconf 83' lang='grc' dir='ltr'>περι-</span> 
     </span>
    </p>
   </div>
   <div class='ocr_carea' id='block_1_94' title="bbox 1974 2823 3634 2905">
    <p class='ocr_par' dir='ltr' id='par_1_94' title="bbox 1974 2823 3634 2905">
     <span class='ocr_line' id='line_1_94' title="bbox 1974 2823 3634 2905; baseline -0.012 -16"><span class='ocrx_word' id='word_1_775' title='bbox 1974 2836 2274 2905; x_wconf 68' lang='grc' dir='ltr'>ϐάλλομενι;</span> <span class='ocrx_word' id='word_1_776' title='bbox 2309 2832 2393 2895; x_wconf 90' lang='grc' dir='ltr'>τίς</span> <span class='ocrx_word' id='word_1_777' title='bbox 2425 2832 2455 2883; x_wconf 82' lang='grc' dir='ltr'>ό</span> <span class='ocrx_word' id='word_1_778' title='bbox 2487 2829 2650 2892; x_wconf 69' lang='grc' dir='ltr'>πολὺς</span> <span class='ocrx_word' id='word_1_779' title='bbox 2678 2827 2784 2881; x_wconf 82' lang='grc' dir='ltr'>τῶν</span> <span class='ocrx_word' id='word_1_780' title='bbox 2810 2826 3148 2897; x_wconf 79' lang='grc' dir='ltr'>πραγμάτων</span> <span class='ocrx_word' id='word_1_781' title='bbox 3182 2824 3440 2895; x_wconf 85' lang='grc' dir='ltr'>Θόρυϐος;</span> <span class='ocrx_word' id='word_1_782' title='bbox 3470 2824 3520 2875; x_wconf 79' lang='grc' dir='ltr'>τί</span> <span class='ocrx_word' id='word_1_783' title='bbox 3541 2823 3634 2893; x_wconf 64' lang='grc' dir='ltr'>δή.</span> 
     </span>
    </p>
   </div>
   <div class='ocr_carea' id='block_1_95' title="bbox 1974 2911 3632 2987">
    <p class='ocr_par' dir='ltr' id='par_1_95' title="bbox 1974 2911 3632 2987">
     <span class='ocr_line' id='line_1_95' title="bbox 1974 2911 3632 2987; baseline -0.009 -11"><span class='ocrx_word' id='word_1_784' title='bbox 1974 2940 2123 2986; x_wconf 90' lang='grc' dir='ltr'>ποτε,</span> <span class='ocrx_word' id='word_1_785' title='bbox 2156 2922 2247 2974; x_wconf 81' lang='grc' dir='ltr'>καὶ</span> <span class='ocrx_word' id='word_1_786' title='bbox 2271 2919 2412 2973; x_wconf 86' lang='grc' dir='ltr'>διατί</span> <span class='ocrx_word' id='word_1_787' title='bbox 2444 2919 2540 2987; x_wconf 81' lang='grc' dir='ltr'>τὴν</span> <span class='ocrx_word' id='word_1_788' title='bbox 2563 2916 2739 2987; x_wconf 76' lang='grc' dir='ltr'>ψυχὴν</span> <span class='ocrx_word' id='word_1_789' title='bbox 2763 2928 2809 2975; x_wconf 75' lang='grc' dir='ltr'>ε,</span> <span class='ocrx_word' id='word_1_790' title='bbox 2838 2915 2905 2985; x_wconf 82' lang='grc' dir='ltr'>ἣν</span> <span class='ocrx_word' id='word_1_791' title='bbox 2938 2913 3198 2983; x_wconf 74' lang='grc' dir='ltr'>ἐλάχομεν</span> <span class='ocrx_word' id='word_1_792' title='bbox 3226 2912 3270 2972; x_wconf 66' lang='grc' dir='ltr'>ί,</span> <span class='ocrx_word' id='word_1_793' title='bbox 3297 2911 3632 2964; x_wconf 82' lang='grc' dir='ltr'>κατακόπτο-</span> 
     </span>
    </p>
   </div>
   <div class='ocr_carea' id='block_1_96' title="bbox 1977 2996 3631 3082">
    <p class='ocr_par' dir='ltr' id='par_1_96' title="bbox 1977 2996 3631 3082">
     <span class='ocr_line' id='line_1_96' title="bbox 1977 2996 3631 3082; baseline -0.01 -18"><span class='ocrx_word' id='word_1_794' title='bbox 1977 3029 2095 3082; x_wconf 90' lang='grc' dir='ltr'>μεν,</span> <span class='ocrx_word' id='word_1_795' title='bbox 2145 3008 2525 3079; x_wconf 83' lang='grc' dir='ltr'>σπαράττομεν</span> <span class='ocrx_word' id='word_1_796' title='bbox 2564 3006 2642 3067; x_wconf 86' lang='grc' dir='ltr'>εἰς</span> <span class='ocrx_word' id='word_1_797' title='bbox 2678 3003 2785 3073; x_wconf 71' lang='grc' dir='ltr'>τὴν</span> <span class='ocrx_word' id='word_1_798' title='bbox 2817 3001 2927 3055; x_wconf 79' lang='grc' dir='ltr'>τῶν</span> <span class='ocrx_word' id='word_1_799' title='bbox 2980 3000 3235 3053; x_wconf 79' lang='grc' dir='ltr'>τοιούτων</span> <span class='ocrx_word' id='word_1_800' title='bbox 3269 2996 3631 3077; x_wconf 84' lang='grc' dir='ltr'>λειτουργίαν,</span> 
     </span>
    </p>
   </div>
   <div class='ocr_carea' id='block_1_97' title="bbox 1973 3085 3633 3171">
    <p class='ocr_par' dir='ltr' id='par_1_97' title="bbox 1973 3085 3633 3171">
     <span class='ocr_line' id='line_1_97' title="bbox 1973 3085 3633 3171; baseline -0.01 -18"><span class='ocrx_word' id='word_1_801' title='bbox 1973 3098 2213 3171; x_wconf 74' lang='grc' dir='ltr'>χαλεπὴν</span> <span class='ocrx_word' id='word_1_802' title='bbox 2242 3097 2451 3157; x_wconf 81' lang='grc' dir='ltr'>ἐαυτοῖς</span> <span class='ocrx_word' id='word_1_803' title='bbox 2493 3090 2831 3153; x_wconf 77' lang='grc' dir='ltr'>ἐπινοοῦντες</span> <span class='ocrx_word' id='word_1_804' title='bbox 2867 3088 3143 3151; x_wconf 62' lang='grc' dir='ltr'>δουλείανς</span> <span class='ocrx_word' id='word_1_805' title='bbox 3192 3087 3250 3140; x_wconf 88' lang='grc' dir='ltr'>Ὀ</span> <span class='ocrx_word' id='word_1_806' title='bbox 3285 3086 3389 3156; x_wconf 86' lang='grc' dir='ltr'>γάρ</span> <span class='ocrx_word' id='word_1_807' title='bbox 3424 3085 3633 3143; x_wconf 80' lang='grc' dir='ltr'>πολλῶν</span> 
     </span>
    </p>
   </div>
   <div class='ocr_carea' id='block_1_98' title="bbox 1972 3176 3633 3257">
    <p class='ocr_par' dir='ltr' id='par_1_98' title="bbox 1972 3176 3633 3257">
     <span class='ocr_line' id='line_1_98' title="bbox 1972 3176 3633 3257; baseline -0.008 -17"><span class='ocrx_word' id='word_1_808' title='bbox 1972 3188 2242 3257; x_wconf 88' lang='grc' dir='ltr'>δεόμενος,</span> <span class='ocrx_word' id='word_1_809' title='bbox 2271 3183 2476 3238; x_wconf 85' lang='grc' dir='ltr'>πολλῶν</span> <span class='ocrx_word' id='word_1_810' title='bbox 2502 3180 2684 3243; x_wconf 88' lang='grc' dir='ltr'>δοῦλός</span> <span class='ocrx_word' id='word_1_811' title='bbox 2711 3182 2847 3241; x_wconf 88' lang='grc' dir='ltr'>ἐστι,</span> <span class='ocrx_word' id='word_1_812' title='bbox 2869 3178 2973 3230; x_wconf 74' lang='grc' dir='ltr'>κᾶν</span> <span class='ocrx_word' id='word_1_813' title='bbox 2993 3177 3119 3248; x_wconf 82' lang='grc' dir='ltr'>δοκῇ</span> <span class='ocrx_word' id='word_1_814' title='bbox 3136 3178 3370 3249; x_wconf 54' lang='grc' dir='ltr'>7κρατεῖν</span> <span class='ocrx_word' id='word_1_815' title='bbox 3406 3176 3633 3232; x_wconf 83' lang='grc' dir='ltr'>τούτων.</span> 
     </span>
    </p>
   </div>
   <div class='ocr_carea' id='block_1_99' title="bbox 1986 3264 3632 3335">
    <p class='ocr_par' dir='ltr' id='par_1_99' title="bbox 1986 3264 3632 3335">
     <span class='ocr_line' id='line_1_99' title="bbox 1986 3264 3632 3335; baseline -0.008 -6"><span class='ocrx_word' id='word_1_816' title='bbox 1986 3277 2139 3329; x_wconf 70' lang='grc' dir='ltr'>Ἐπεὶ</span> <span class='ocrx_word' id='word_1_817' title='bbox 2161 3273 2379 3329; x_wconf 74' lang='grc' dir='ltr'>καὶτῶν</span> <span class='ocrx_word' id='word_1_818' title='bbox 2398 3270 2623 3326; x_wconf 84' lang='grc' dir='ltr'>οἰκετῶν</span> <span class='ocrx_word' id='word_1_819' title='bbox 2648 3268 2826 3330; x_wconf 81' lang='grc' dir='ltr'>δοῦλός</span> <span class='ocrx_word' id='word_1_820' title='bbox 2856 3268 3002 3319; x_wconf 90' lang='grc' dir='ltr'>ἐστιν</span> <span class='ocrx_word' id='word_1_821' title='bbox 3034 3267 3061 3319; x_wconf 87' lang='lat'>6</span> <span class='ocrx_word' id='word_1_822' title='bbox 3092 3266 3377 3335; x_wconf 87' lang='grc' dir='ltr'>δεσπότης,</span> <span class='ocrx_word' id='word_1_823' title='bbox 3410 3265 3502 3317; x_wconf 82' lang='grc' dir='ltr'>καί</span> <span class='ocrx_word' id='word_1_824' title='bbox 3541 3264 3632 3317; x_wconf 91' lang='grc' dir='ltr'>θε-</span> 
     </span>
    </p>
   </div>
   <div class='ocr_carea' id='block_1_100' title="bbox 1977 3351 3634 3436">
    <p class='ocr_par' dir='ltr' id='par_1_100' title="bbox 1977 3351 3634 3436">
     <span class='ocr_line' id='line_1_100' title="bbox 1977 3351 3634 3436; baseline -0.007 -18"><span class='ocrx_word' id='word_1_825' title='bbox 1977 3363 2207 3436; x_wconf 89' lang='grc' dir='ltr'>ραπείας</span> <span class='ocrx_word' id='word_1_826' title='bbox 2245 3362 2431 3431; x_wconf 73' lang='grc' dir='ltr'>ἕτερον</span> <span class='ocrx_word' id='word_1_827' title='bbox 2469 3358 2710 3428; x_wconf 84' lang='grc' dir='ltr'>εἰσφέρει</span> <span class='ocrx_word' id='word_1_828' title='bbox 2742 3356 2940 3427; x_wconf 89' lang='grc' dir='ltr'>τρόπον</span> <span class='ocrx_word' id='word_1_829' title='bbox 2969 3353 3209 3424; x_wconf 80' lang='grc' dir='ltr'>μείζονα·</span> <span class='ocrx_word' id='word_1_830' title='bbox 3240 3353 3341 3409; x_wconf 65' lang='grc' dir='ltr'>καὶ</span> <span class='ocrx_word' id='word_1_831' title='bbox 3372 3351 3545 3415; x_wconf 82' lang='grc' dir='ltr'>ἄλλως</span> <span class='ocrx_word' id='word_1_832' title='bbox 3577 3354 3634 3407; x_wconf 89' lang='grc' dir='ltr'>δέ</span> 
     </span>
    </p>
   </div>
   <div class='ocr_carea' id='block_1_101' title="bbox 1974 3440 3627 3520">
    <p class='ocr_par' dir='ltr' id='par_1_101' title="bbox 1974 3440 3627 3520">
     <span class='ocr_line' id='line_1_101' title="bbox 1974 3440 3627 3520; baseline -0.007 -15"><span class='ocrx_word' id='word_1_833' title='bbox 1974 3452 2179 3515; x_wconf 90' lang='grc' dir='ltr'>δοῦλος,</span> <span class='ocrx_word' id='word_1_834' title='bbox 2207 3450 2376 3520; x_wconf 78' lang='grc' dir='ltr'>χωρὶς</span> <span class='ocrx_word' id='word_1_835' title='bbox 2401 3447 2623 3499; x_wconf 85' lang='grc' dir='ltr'>ἐκείνων</span> <span class='ocrx_word' id='word_1_836' title='bbox 2652 3444 2750 3497; x_wconf 87' lang='grc' dir='ltr'>οὐκ</span> <span class='ocrx_word' id='word_1_837' title='bbox 2772 3445 2849 3505; x_wconf 90' lang='grc' dir='ltr'>εἰς</span> <span class='ocrx_word' id='word_1_838' title='bbox 2878 3441 3086 3509; x_wconf 90' lang='grc' dir='ltr'>ἀγοράν</span> <span class='ocrx_word' id='word_1_839' title='bbox 3112 3440 3366 3509; x_wconf 86' lang='grc' dir='ltr'>ἐμϐαλεῖν</span> <span class='ocrx_word' id='word_1_840' title='bbox 3394 3440 3627 3510; x_wconf 85' lang='grc' dir='ltr'>τολμῶν.</span> 
     </span>
    </p>
   </div>
   <div class='ocr_carea' id='block_1_102' title="bbox 1974 3523 3631 3606">
    <p class='ocr_par' dir='ltr' id='par_1_102' title="bbox 1974 3523 3631 3606">
     <span class='ocr_line' id='line_1_102' title="bbox 1974 3523 3631 3606; baseline -0.007 -14"><span class='ocrx_word' id='word_1_841' title='bbox 1974 3541 2072 3592; x_wconf 82' lang='grc' dir='ltr'>οὐκ</span> <span class='ocrx_word' id='word_1_842' title='bbox 2108 3540 2188 3600; x_wconf 88' lang='grc' dir='ltr'>εἰς</span> <span class='ocrx_word' id='word_1_843' title='bbox 2229 3536 2525 3606; x_wconf 88' lang='grc' dir='ltr'>βαλανεῖον,</span> <span class='ocrx_word' id='word_1_844' title='bbox 2558 3533 2657 3585; x_wconf 87' lang='grc' dir='ltr'>οὐκ</span> <span class='ocrx_word' id='word_1_845' title='bbox 2697 3533 2774 3593; x_wconf 83' lang='grc' dir='ltr'>εἰς</span> <span class='ocrx_word' id='word_1_846' title='bbox 2815 3529 2982 3598; x_wconf 88' lang='grc' dir='ltr'>ἀγρόν</span> <span class='ocrx_word' id='word_1_847' title='bbox 3018 3530 3063 3568; x_wconf 75' lang='grc'>8·</span> <span class='ocrx_word' id='word_1_848' title='bbox 3100 3523 3244 3581; x_wconf 83' lang='grc' dir='ltr'>οὐτοι</span> <span class='ocrx_word' id='word_1_849' title='bbox 3281 3527 3337 3580; x_wconf 84' lang='grc' dir='ltr'>δὲ</span> <span class='ocrx_word' id='word_1_850' title='bbox 3374 3528 3631 3593; x_wconf 84' lang='grc' dir='ltr'>πολλάκις</span> 
     </span>
    </p>
   </div>
   <div class='ocr_carea' id='block_1_103' title="bbox 1973 3612 3633 3696">
    <p class='ocr_par' dir='ltr' id='par_1_103' title="bbox 1973 3612 3633 3696">
     <span class='ocr_line' id='line_1_103' title="bbox 1973 3612 3633 3696; baseline -0.007 -18"><span class='ocrx_word' id='word_1_851' title='bbox 1973 3626 2139 3696; x_wconf 73' lang='grc' dir='ltr'>χωρὶς</span> <span class='ocrx_word' id='word_1_852' title='bbox 2180 3622 2388 3675; x_wconf 87' lang='grc' dir='ltr'>ἐκείνου</span> <span class='ocrx_word' id='word_1_853' title='bbox 2435 3617 2704 3688; x_wconf 80' lang='grc' dir='ltr'>πανταχοῦ</span> <span class='ocrx_word' id='word_1_854' title='bbox 2734 3615 3024 3686; x_wconf 84' lang='grc' dir='ltr'>περιίασιν.</span> <span class='ocrx_word' id='word_1_855' title='bbox 3070 3614 3207 3669; x_wconf 77' lang='grc' dir='ltr'>Ἀλλ’</span> <span class='ocrx_word' id='word_1_856' title='bbox 3228 3618 3255 3668; x_wconf 86' lang='lat'>6</span> <span class='ocrx_word' id='word_1_857' title='bbox 3284 3615 3454 3668; x_wconf 88' lang='grc' dir='ltr'>δοκῶν</span> <span class='ocrx_word' id='word_1_858' title='bbox 3480 3612 3633 3675; x_wconf 36' lang='grc' dir='ltr'>,εἶναι</span> 
     </span>
    </p>
   </div>
   <div class='ocr_carea' id='block_1_104' title="bbox 1974 3702 3633 3783">
    <p class='ocr_par' dir='ltr' id='par_1_104' title="bbox 1974 3702 3633 3783">
     <span class='ocr_line' id='line_1_104' title="bbox 1974 3702 3633 3783; baseline -0.007 -18"><span class='ocrx_word' id='word_1_859' title='bbox 1974 3712 2181 3783; x_wconf 87' lang='grc' dir='ltr'>κύριος,</span> <span class='ocrx_word' id='word_1_860' title='bbox 2229 3709 2296 3764; x_wconf 83' lang='grc' dir='ltr'>ἂν</span> <span class='ocrx_word' id='word_1_861' title='bbox 2344 3710 2419 3779; x_wconf 83' lang='grc' dir='ltr'>μὴ</span> <span class='ocrx_word' id='word_1_862' title='bbox 2452 3705 2697 3777; x_wconf 87' lang='grc' dir='ltr'>παρῶσιν</span> <span class='ocrx_word' id='word_1_863' title='bbox 2739 3705 2788 3757; x_wconf 80' lang='grc' dir='ltr'>οἱ</span> <span class='ocrx_word' id='word_1_864' title='bbox 2821 3703 3016 3763; x_wconf 89' lang='grc' dir='ltr'>δοῦλοι,</span> <span class='ocrx_word' id='word_1_865' title='bbox 3055 3704 3116 3755; x_wconf 89' lang='grc' dir='ltr'>οὐ</span> <span class='ocrx_word' id='word_1_866' title='bbox 3148 3702 3321 3772; x_wconf 85' lang='grc' dir='ltr'>τολμᾷ</span> <span class='ocrx_word' id='word_1_867' title='bbox 3354 3702 3633 3773; x_wconf 86' lang='grc' dir='ltr'>προελθεῖν</span> 
     </span>
    </p>
   </div>
   <div class='ocr_carea' id='block_1_105' title="bbox 1973 3791 3636 3866">
    <p class='ocr_par' dir='ltr' id='par_1_105' title="bbox 1973 3791 3636 3866">
     <span class='ocr_line' id='line_1_105' title="bbox 1973 3791 3636 3866; baseline -0.005 -12"><span class='ocrx_word' id='word_1_868' title='bbox 1973 3800 2201 3861; x_wconf 80' lang='grc' dir='ltr'>οἴκοθεν.</span> <span class='ocrx_word' id='word_1_869' title='bbox 2226 3797 2361 3851; x_wconf 88' lang='grc' dir='ltr'>ἀλλά</span> <span class='ocrx_word' id='word_1_870' title='bbox 2389 3795 2491 3849; x_wconf 77' lang='grc' dir='ltr'>κᾶν</span> <span class='ocrx_word' id='word_1_871' title='bbox 2511 3794 2766 3866; x_wconf 77' lang='grc' dir='ltr'>προκύψῃ</span> <span class='ocrx_word' id='word_1_872' title='bbox 2802 3795 2898 3863; x_wconf 82' lang='grc' dir='ltr'>τῆς</span> <span class='ocrx_word' id='word_1_873' title='bbox 2922 3792 3097 3857; x_wconf 84' lang='grc' dir='ltr'>οἰκίας</span> <span class='ocrx_word' id='word_1_874' title='bbox 3131 3793 3310 3862; x_wconf 90' lang='grc' dir='ltr'>μόνος,</span> <span class='ocrx_word' id='word_1_875' title='bbox 3336 3791 3636 3859; x_wconf 73' lang='grc' dir='ltr'>καταγέλατ</span> 
     </span>
    </p>
   </div>
   <div class='ocr_carea' id='block_1_106' title="bbox 1976 3880 3634 3951">
    <p class='ocr_par' dir='ltr' id='par_1_106' title="bbox 1976 3880 3634 3951">
     <span class='ocr_line' id='line_1_106' title="bbox 1976 3880 3634 3951; baseline -0.007 -10"><span class='ocrx_word' id='word_1_876' title='bbox 1976 3905 2100 3942; x_wconf 84' lang='grc' dir='ltr'>στον</span> <span class='ocrx_word' id='word_1_877' title='bbox 2136 3886 2324 3940; x_wconf 88' lang='grc' dir='ltr'>ἐαυτὸν</span> <span class='ocrx_word' id='word_1_878' title='bbox 2365 3880 2503 3938; x_wconf 79' lang='grc' dir='ltr'>εἷναι</span> <span class='ocrx_word' id='word_1_879' title='bbox 2554 3882 2785 3949; x_wconf 78' lang='grc' dir='ltr'>νομίζει.</span> <span class='ocrx_word' id='word_1_880' title='bbox 2827 3881 2977 3951; x_wconf 85' lang='grc' dir='ltr'>Τάχα</span> <span class='ocrx_word' id='word_1_881' title='bbox 3026 3881 3170 3943; x_wconf 81' lang='grc' dir='ltr'>τινὲς</span> <span class='ocrx_word' id='word_1_882' title='bbox 3214 3880 3443 3947; x_wconf 84' lang='grc' dir='ltr'>γελῶσιν</span> <span class='ocrx_word' id='word_1_883' title='bbox 3488 3880 3634 3949; x_wconf 78' lang='grc' dir='ltr'>ἡμᾶς</span> 
     </span>
    </p>
   </div>
   <div class='ocr_carea' id='block_1_107' title="bbox 1972 3967 3636 4042">
    <p class='ocr_par' dir='ltr' id='par_1_107' title="bbox 1972 3967 3636 4042">
     <span class='ocr_line' id='line_1_107' title="bbox 1972 3967 3636 4042; baseline -0.006 -14"><span class='ocrx_word' id='word_1_884' title='bbox 1972 3974 2146 4030; x_wconf 89' lang='grc' dir='ltr'>ταῦτα</span> <span class='ocrx_word' id='word_1_885' title='bbox 2188 3974 2463 4042; x_wconf 88' lang='grc' dir='ltr'>λέγοντας·</span> <span class='ocrx_word' id='word_1_886' title='bbox 2504 3970 2639 4025; x_wconf 88' lang='grc' dir='ltr'>ἀλλά</span> <span class='ocrx_word' id='word_1_887' title='bbox 2674 3971 2741 4023; x_wconf 81' lang='grc' dir='ltr'>δι’</span> <span class='ocrx_word' id='word_1_888' title='bbox 2788 3970 2919 4023; x_wconf 86' lang='grc' dir='ltr'>αὐτὸ</span> <span class='ocrx_word' id='word_1_889' title='bbox 2966 3969 3064 4038; x_wconf 84' lang='grc' dir='ltr'>μὲν</span> <span class='ocrx_word' id='word_1_890' title='bbox 3103 3968 3260 4021; x_wconf 86' lang='grc' dir='ltr'>τοῦτο</span> <span class='ocrx_word' id='word_1_891' title='bbox 3299 3967 3507 4037; x_wconf 89' lang='grc' dir='ltr'>μυρίων</span> <span class='ocrx_word' id='word_1_892' title='bbox 3543 3967 3636 4020; x_wconf 86' lang='grc' dir='ltr'>δα-</span> 
     </span>
    </p>
   </div>
   <div class='ocr_carea' id='block_1_108' title="bbox 1974 4054 3635 4134">
    <p class='ocr_par' dir='ltr' id='par_1_108' title="bbox 1974 4054 3635 4134">
     <span class='ocr_line' id='line_1_108' title="bbox 1974 4054 3635 4134; baseline -0.004 -18"><span class='ocrx_word' id='word_1_893' title='bbox 1974 4065 2155 4134; x_wconf 83' lang='grc' dir='ltr'>κρύων</span> <span class='ocrx_word' id='word_1_894' title='bbox 2184 4061 2322 4129; x_wconf 78' lang='grc' dir='ltr'>ἄξιοι</span> <span class='ocrx_word' id='word_1_895' title='bbox 2350 4060 2416 4114; x_wconf 84' lang='grc' dir='ltr'>ἂν</span> <span class='ocrx_word' id='word_1_896' title='bbox 2449 4055 2575 4113; x_wconf 75' lang='grc' dir='ltr'>εἷεν.</span> <span class='ocrx_word' id='word_1_897' title='bbox 2606 4058 2728 4111; x_wconf 86' lang='grc' dir='ltr'>’Ότι</span> <span class='ocrx_word' id='word_1_898' title='bbox 2766 4056 2874 4127; x_wconf 76' lang='grc' dir='ltr'>γὰρ</span> <span class='ocrx_word' id='word_1_899' title='bbox 2918 4055 3127 4109; x_wconf 86' lang='grc' dir='ltr'>δουλεία</span> <span class='ocrx_word' id='word_1_900' title='bbox 3155 4054 3331 4117; x_wconf 90' lang='grc' dir='ltr'>τοῦτο,</span> <span class='ocrx_word' id='word_1_901' title='bbox 3368 4054 3537 4125; x_wconf 79' lang='grc' dir='ltr'>ἡδέως</span> <span class='ocrx_word' id='word_1_902' title='bbox 3567 4054 3635 4109; x_wconf 84' lang='grc' dir='ltr'>ἄν</span> 
     </span>
    </p>
   </div>
   <div class='ocr_carea' id='block_1_109' title="bbox 1976 4142 3633 4221">
    <p class='ocr_par' dir='ltr' id='par_1_109' title="bbox 1976 4142 3633 4221">
     <span class='ocr_line' id='line_1_109' title="bbox 1976 4142 3633 4221; baseline -0.007 -15"><span class='ocrx_word' id='word_1_903' title='bbox 1976 4170 2036 4206; x_wconf 89' lang='grc' dir='ltr'>σε</span> <span class='ocrx_word' id='word_1_904' title='bbox 2076 4151 2321 4221; x_wconf 86' lang='grc' dir='ltr'>ἐροίμην·</span> <span class='ocrx_word' id='word_1_905' title='bbox 2358 4147 2579 4203; x_wconf 84' lang='grc' dir='ltr'>ἐϐούλου</span> <span class='ocrx_word' id='word_1_906' title='bbox 2608 4145 2812 4199; x_wconf 86' lang='grc' dir='ltr'>δεῖσθαι</span> <span class='ocrx_word' id='word_1_907' title='bbox 2842 4144 2932 4198; x_wconf 91' lang='grc' dir='ltr'>τοῦ</span> <span class='ocrx_word' id='word_1_908' title='bbox 2958 4145 3050 4198; x_wconf 88' lang='grc' dir='ltr'>τὸν</span> <span class='ocrx_word' id='word_1_909' title='bbox 3073 4143 3265 4213; x_wconf 78' lang='grc' dir='ltr'>ψωμὸν</span> <span class='ocrx_word' id='word_1_910' title='bbox 3297 4142 3376 4212; x_wconf 85' lang='grc' dir='ltr'>τῷ</span> <span class='ocrx_word' id='word_1_911' title='bbox 3405 4143 3633 4212; x_wconf 89' lang='grc' dir='ltr'>στόματί</span> 
     </span>
    </p>
   </div>
   <div class='ocr_carea' id='block_1_110' title="bbox 1974 4230 3631 4309">
    <p class='ocr_par' dir='ltr' id='par_1_110' title="bbox 1974 4230 3631 4309">
     <span class='ocr_line' id='line_1_110' title="bbox 1974 4230 3631 4309; baseline -0.006 -16"><span class='ocrx_word' id='word_1_912' title='bbox 1974 4258 2069 4292; x_wconf 90' lang='grc' dir='ltr'>σου</span> <span class='ocrx_word' id='word_1_913' title='bbox 2110 4237 2507 4309; x_wconf 86' lang='grc' dir='ltr'>προστιθέντος,</span> <span class='ocrx_word' id='word_1_914' title='bbox 2537 4234 2570 4305; x_wconf 87' lang='grc' dir='ltr'>ἢ</span> <span class='ocrx_word' id='word_1_915' title='bbox 2609 4234 2707 4305; x_wconf 81' lang='grc' dir='ltr'>τὴν</span> <span class='ocrx_word' id='word_1_916' title='bbox 2739 4233 2930 4287; x_wconf 88' lang='grc' dir='ltr'>κύλικα</span> <span class='ocrx_word' id='word_1_917' title='bbox 2965 4235 3077 4294; x_wconf 88' lang='grc' dir='ltr'>τοῖς</span> <span class='ocrx_word' id='word_1_918' title='bbox 3098 4232 3298 4301; x_wconf 85' lang='grc' dir='ltr'>χείλεσι</span> <span class='ocrx_word' id='word_1_919' title='bbox 3327 4230 3631 4301; x_wconf 79' lang='grc' dir='ltr'>προσάγον-</span> 
     </span>
    </p>
   </div>
   <div class='ocr_carea' id='block_1_111' title="bbox 1973 4315 3633 4396">
    <p class='ocr_par' dir='ltr' id='par_1_111' title="bbox 1973 4315 3633 4396">
     <span class='ocr_line' id='line_1_111' title="bbox 1973 4315 3633 4396; baseline -0.005 -17"><span class='ocrx_word' id='word_1_920' title='bbox 1973 4328 2247 4396; x_wconf 86' lang='grc' dir='ltr'>τοςςούχί</span> <span class='ocrx_word' id='word_1_921' title='bbox 2280 4324 2528 4395; x_wconf 72' lang='grc' dir='ltr'>δακρύων</span> <span class='ocrx_word' id='word_1_922' title='bbox 2568 4323 2813 4393; x_wconf 71' lang='grc' dir='ltr'>ἐνόμιζες</span> <span class='ocrx_word' id='word_1_923' title='bbox 2852 4321 3007 4386; x_wconf 81' lang='grc' dir='ltr'>ἀξίαν</span> <span class='ocrx_word' id='word_1_924' title='bbox 3048 4315 3186 4373; x_wconf 83' lang='grc' dir='ltr'>εἶναι</span> <span class='ocrx_word' id='word_1_925' title='bbox 3219 4318 3315 4387; x_wconf 81' lang='grc' dir='ltr'>τὴν</span> <span class='ocrx_word' id='word_1_926' title='bbox 3360 4319 3633 4371; x_wconf 85' lang='grc' dir='ltr'>διακονίαν</span> 
     </span>
    </p>
   </div>
   <div class='ocr_carea' id='block_1_112' title="bbox 1974 4405 3634 4483">
    <p class='ocr_par' dir='ltr' id='par_1_112' title="bbox 1974 4405 3634 4483">
     <span class='ocr_line' id='line_1_112' title="bbox 1974 4405 3634 4483; baseline -0.005 -16"><span class='ocrx_word' id='word_1_927' title='bbox 1974 4414 2173 4483; x_wconf 85' lang='grc' dir='ltr'>ταύτην</span> <span class='ocrx_word' id='word_1_928' title='bbox 2195 4430 2209 4477; x_wconf 90' lang='grc'><strong>;</strong></span> <span class='ocrx_word' id='word_1_929' title='bbox 2230 4412 2293 4465; x_wconf 90' lang='grc' dir='ltr'>Τί</span> <span class='ocrx_word' id='word_1_930' title='bbox 2315 4412 2391 4476; x_wconf 88' lang='grc' dir='ltr'>δέ,</span> <span class='ocrx_word' id='word_1_931' title='bbox 2417 4414 2463 4464; x_wconf 89' lang='grc' dir='ltr'>εἰ</span> <span class='ocrx_word' id='word_1_932' title='bbox 2488 4409 2857 4481; x_wconf 76' lang='grc' dir='ltr'>βασταζόντων</span> <span class='ocrx_word' id='word_1_933' title='bbox 2883 4408 3043 4461; x_wconf 90' lang='grc' dir='ltr'>τινῶν</span> <span class='ocrx_word' id='word_1_934' title='bbox 3070 4405 3375 4478; x_wconf 33' lang='grc' dir='ltr'>ἐδέαυνπρὸς</span> <span class='ocrx_word' id='word_1_935' title='bbox 3394 4405 3453 4459; x_wconf 88' lang='grc' dir='ltr'>τὸ</span> <span class='ocrx_word' id='word_1_936' title='bbox 3486 4406 3634 4476; x_wconf 83' lang='grc' dir='ltr'>βαδί-</span> 
     </span>
    </p>
   </div>
   <div class='ocr_carea' id='block_1_113' title="bbox 1975 4494 3634 4569">
    <p class='ocr_par' dir='ltr' id='par_1_113' title="bbox 1975 4494 3634 4569">
     <span class='ocr_line' id='line_1_113' title="bbox 1975 4494 3634 4569; baseline -0.005 -14"><span class='ocrx_word' id='word_1_937' title='bbox 1975 4502 2086 4565; x_wconf 76' lang='grc' dir='ltr'>ζειν</span> <span class='ocrx_word' id='word_1_938' title='bbox 2118 4500 2400 4569; x_wconf 84' lang='grc' dir='ltr'>διηνεκῶς,</span> <span class='ocrx_word' id='word_1_939' title='bbox 2428 4501 2529 4552; x_wconf 90' lang='grc' dir='ltr'>οὐκ</span> <span class='ocrx_word' id='word_1_940' title='bbox 2562 4497 2627 4551; x_wconf 79' lang='grc' dir='ltr'>ἂν</span> <span class='ocrx_word' id='word_1_941' title='bbox 2658 4495 2885 4556; x_wconf 81' lang='grc' dir='ltr'>σεαυτὸν</span> <span class='ocrx_word' id='word_1_942' title='bbox 2915 4495 3141 4556; x_wconf 81' lang='grc' dir='ltr'>ἐλεεινὸν</span> <span class='ocrx_word' id='word_1_943' title='bbox 3176 4496 3271 4558; x_wconf 79' lang='grc' dir='ltr'>καὶ</span> <span class='ocrx_word' id='word_1_944' title='bbox 3307 4494 3634 4567; x_wconf 84' lang='grc' dir='ltr'>ἀθλιώτερον</span> 
     </span>
    </p>
   </div>
   <div class='ocr_carea' id='block_1_114' title="bbox 1972 4581 3632 4659">
    <p class='ocr_par' dir='ltr' id='par_1_114' title="bbox 1972 4581 3632 4659">
     <span class='ocr_line' id='line_1_114' title="bbox 1972 4581 3632 4659; baseline -0.003 -18"><span class='ocrx_word' id='word_1_945' title='bbox 1972 4588 2142 4659; x_wconf 75' lang='grc' dir='ltr'>ταύτῃ</span> <span class='ocrx_word' id='word_1_946' title='bbox 2169 4587 2382 4641; x_wconf 86' lang='grc' dir='ltr'>πάντων</span> <span class='ocrx_word' id='word_1_947' title='bbox 2402 4586 2656 4655; x_wconf 86' lang='grc' dir='ltr'>ἐνόμισας</span> <span class='ocrx_word' id='word_1_948' title='bbox 2676 4600 2689 4649; x_wconf 87' lang='lat'><strong>;</strong></span> <span class='ocrx_word' id='word_1_949' title='bbox 2720 4581 2926 4637; x_wconf 86' lang='grc' dir='ltr'>Οὐκοῦν</span> <span class='ocrx_word' id='word_1_950' title='bbox 2946 4584 3036 4638; x_wconf 75' lang='grc' dir='ltr'>καὶ</span> <span class='ocrx_word' id='word_1_951' title='bbox 3056 4582 3148 4635; x_wconf 71' lang='grc' dir='ltr'>νῦν</span> <span class='ocrx_word' id='word_1_952' title='bbox 3170 4583 3312 4636; x_wconf 74' lang='grc' dir='ltr'>οὕτω</span> <span class='ocrx_word' id='word_1_953' title='bbox 3332 4582 3632 4636; x_wconf 88' lang='grc' dir='ltr'>διακεῖσθαι</span> 
     </span>
    </p>
   </div>
   <div class='ocr_carea' id='block_1_115' title="bbox 1971 4669 3632 4743">
    <p class='ocr_par' dir='ltr' id='par_1_115' title="bbox 1971 4669 3632 4743">
     <span class='ocr_line' id='line_1_115' title="bbox 1971 4669 3632 4743; baseline -0.004 -14"><span class='ocrx_word' id='word_1_954' title='bbox 1971 4675 2098 4729; x_wconf 78' lang='grc' dir='ltr'>ἔδει.</span> <span class='ocrx_word' id='word_1_955' title='bbox 2127 4674 2293 4728; x_wconf 81' lang='grc' dir='ltr'>Οὐδὲν</span> <span class='ocrx_word' id='word_1_956' title='bbox 2314 4671 2421 4743; x_wconf 82' lang='grc' dir='ltr'>γὰρ</span> <span class='ocrx_word' id='word_1_957' title='bbox 2446 4671 2712 4742; x_wconf 87' lang='grc' dir='ltr'>διαφέρει,</span> <span class='ocrx_word' id='word_1_958' title='bbox 2744 4671 2852 4723; x_wconf 78' lang='grc' dir='ltr'>εἴτε</span> <span class='ocrx_word' id='word_1_959' title='bbox 2882 4670 2995 4727; x_wconf 55' lang='grc' dir='ltr'>ὑπὸ.</span> <span class='ocrx_word' id='word_1_960' title='bbox 3014 4669 3241 4736; x_wconf 80' lang='grc' dir='ltr'>ἀλόγων,</span> <span class='ocrx_word' id='word_1_961' title='bbox 3271 4670 3381 4722; x_wconf 78' lang='grc' dir='ltr'>εἴτε</span> <span class='ocrx_word' id='word_1_962' title='bbox 3412 4669 3515 4723; x_wconf 84' lang='grc' dir='ltr'>ὑπὸ</span> <span class='ocrx_word' id='word_1_963' title='bbox 3535 4671 3632 4724; x_wconf 75' lang='grc' dir='ltr'>ἀνο</span> 
     </span>
    </p>
   </div>
   <div class='ocr_carea' id='block_1_116' title="bbox 1974 4757 3633 4833">
    <p class='ocr_par' dir='ltr' id='par_1_116' title="bbox 1974 4757 3633 4833">
     <span class='ocr_line' id='line_1_116' title="bbox 1974 4757 3633 4833; baseline -0.001 -17"><span class='ocrx_word' id='word_1_964' title='bbox 1974 4762 2205 4833; x_wconf 79' lang='grc' dir='ltr'>θρώπων</span> <span class='ocrx_word' id='word_1_965' title='bbox 2251 4761 2423 4819; x_wconf 89' lang='grc' dir='ltr'>ταῦτά</span> <span class='ocrx_word' id='word_1_966' title='bbox 2473 4777 2555 4822; x_wconf 85' lang='grc' dir='ltr'>τις</span> <span class='ocrx_word' id='word_1_967' title='bbox 2598 4760 2815 4828; x_wconf 83' lang='grc' dir='ltr'>πάσχει.</span> <span class='ocrx_word' id='word_1_968' title='bbox 2862 4759 2927 4811; x_wconf 88' lang='grc' dir='ltr'>Τί</span> <span class='ocrx_word' id='word_1_969' title='bbox 2959 4757 3033 4818; x_wconf 77' lang='grc' dir='ltr'>δὲ.</span> <span class='ocrx_word' id='word_1_970' title='bbox 3066 4759 3187 4811; x_wconf 86' lang='grc' dir='ltr'>εἰπέ</span> <span class='ocrx_word' id='word_1_971' title='bbox 3229 4776 3336 4827; x_wconf 90' lang='grc' dir='ltr'>μοι.</span> <span class='ocrx_word' id='word_1_972' title='bbox 3386 4760 3506 4829; x_wconf 73' lang='grc' dir='ltr'>οὐχὶ</span> <span class='ocrx_word' id='word_1_973' title='bbox 3538 4763 3633 4815; x_wconf 78' lang='grc' dir='ltr'>καὶ</span> 
     </span>
    </p>
   </div>
   <div class='ocr_carea' id='block_1_117' title="bbox 1972 4846 3629 4922">
    <p class='ocr_par' dir='ltr' id='par_1_117' title="bbox 1972 4846 3629 4922">
     <span class='ocr_line' id='line_1_117' title="bbox 1972 4846 3629 4922; baseline -0.001 -19"><span class='ocrx_word' id='word_1_974' title='bbox 1972 4850 2145 4922; x_wconf 89' lang='grc' dir='ltr'>ταύτῃ</span> <span class='ocrx_word' id='word_1_975' title='bbox 2168 4850 2512 4921; x_wconf 82' lang='grc' dir='ltr'>διεστήκασιν</span> <span class='ocrx_word' id='word_1_976' title='bbox 2534 4848 2686 4919; x_wconf 81' lang='grc' dir='ltr'>ἡμῶν</span> <span class='ocrx_word' id='word_1_977' title='bbox 2720 4849 2766 4901; x_wconf 89' lang='grc' dir='ltr'>οί</span> <span class='ocrx_word' id='word_1_978' title='bbox 2790 4846 3027 4915; x_wconf 84' lang='grc' dir='ltr'>ἄγγελοι,</span> <span class='ocrx_word' id='word_1_979' title='bbox 3062 4847 3144 4899; x_wconf 80' lang='grc' dir='ltr'>ὅτι</span> <span class='ocrx_word' id='word_1_980' title='bbox 3172 4848 3236 4900; x_wconf 87' lang='grc' dir='ltr'>οὐ</span> <span class='ocrx_word' id='word_1_981' title='bbox 3262 4847 3468 4901; x_wconf 90' lang='grc' dir='ltr'>δέονται</span> <span class='ocrx_word' id='word_1_982' title='bbox 3490 4849 3629 4901; x_wconf 85' lang='grc' dir='ltr'>ὅσων</span> 
     </span>
    </p>
   </div>
   <div class='ocr_carea' id='block_1_118' title="bbox 1974 4933 3667 5010">
    <p class='ocr_par' dir='ltr' id='par_1_118' title="bbox 1974 4933 3667 5010">
     <span class='ocr_line' id='line_1_118' title="bbox 1974 4933 3667 5010; baseline -0.004 -19"><span class='ocrx_word' id='word_1_983' title='bbox 1974 4941 2134 5010; x_wconf 78' lang='grc' dir='ltr'>ἡμεῖς</span> <span class='ocrx_word' id='word_1_984' title='bbox 2158 4954 2172 5003; x_wconf 91' lang='grc'>;</span> <span class='ocrx_word' id='word_1_985' title='bbox 2201 4936 2409 4992; x_wconf 83' lang='grc' dir='ltr'>Οὐκοῦν</span> <span class='ocrx_word' id='word_1_986' title='bbox 2439 4937 2547 5006; x_wconf 77' lang='grc' dir='ltr'>ὅσῳ</span> <span class='ocrx_word' id='word_1_987' title='bbox 2579 4935 2674 5005; x_wconf 80' lang='grc' dir='ltr'>μὲν</span> <span class='ocrx_word' id='word_1_988' title='bbox 2702 4936 2766 4988; x_wconf 87' lang='grc' dir='ltr'>ἂν</span> <span class='ocrx_word' id='word_1_989' title='bbox 2792 4934 3083 4988; x_wconf 87' lang='grc' dir='ltr'>ἐλαττόνων</span> <span class='ocrx_word' id='word_1_990' title='bbox 3120 4933 3369 5004; x_wconf 86' lang='grc' dir='ltr'>δεόμεθα,</span> <span class='ocrx_word' id='word_1_991' title='bbox 3392 4936 3631 5006; x_wconf 85' lang='grc' dir='ltr'>τοσούτῳ</span> <span class='ocrx_word' id='word_1_992' title='bbox 3654 4974 3667 4985; x_wconf 82' lang='lat'><strong><em>,</em></strong></span> 
     </span>
    </p>
   </div>
   <div class='ocr_carea' id='block_1_119' title="bbox 1976 5022 3631 5097">
    <p class='ocr_par' dir='ltr' id='par_1_119' title="bbox 1976 5022 3631 5097">
     <span class='ocr_line' id='line_1_119' title="bbox 1976 5022 3631 5097; baseline -0.001 -19"><span class='ocrx_word' id='word_1_993' title='bbox 1976 5027 2109 5097; x_wconf 86' lang='grc' dir='ltr'>πρὸς</span> <span class='ocrx_word' id='word_1_994' title='bbox 2156 5025 2400 5085; x_wconf 79' lang='grc' dir='ltr'>ἐκείνους</span> <span class='ocrx_word' id='word_1_995' title='bbox 2433 5024 2704 5093; x_wconf 81' lang='grc' dir='ltr'>ὁδεύομεν·</span> <span class='ocrx_word' id='word_1_996' title='bbox 2740 5024 2843 5089; x_wconf 79' lang='grc' dir='ltr'>ὅσῳ</span> <span class='ocrx_word' id='word_1_997' title='bbox 2872 5023 2927 5074; x_wconf 83' lang='grc' dir='ltr'>δέ</span> <span class='ocrx_word' id='word_1_998' title='bbox 2965 5023 3030 5074; x_wconf 86' lang='grc' dir='ltr'>ἂν</span> <span class='ocrx_word' id='word_1_999' title='bbox 3070 5022 3351 5083; x_wconf 86' lang='grc' dir='ltr'>πλειόνων,</span> <span class='ocrx_word' id='word_1_1000' title='bbox 3394 5024 3631 5094; x_wconf 86' lang='grc' dir='ltr'>τοσούτῳ</span> 
     </span>
    </p>
   </div>
   <div class='ocr_carea' id='block_1_120' title="bbox 1976 5111 3633 5186">
    <p class='ocr_par' dir='ltr' id='par_1_120' title="bbox 1976 5111 3633 5186">
     <span class='ocr_line' id='line_1_120' title="bbox 1976 5111 3633 5186; baseline -0.001 -18"><span class='ocrx_word' id='word_1_1001' title='bbox 1976 5116 2110 5186; x_wconf 90' lang='grc' dir='ltr'>πρὸς</span> <span class='ocrx_word' id='word_1_1002' title='bbox 2153 5113 2244 5167; x_wconf 81' lang='grc' dir='ltr'>τὸν</span> <span class='ocrx_word' id='word_1_1003' title='bbox 2274 5113 2533 5182; x_wconf 82' lang='grc' dir='ltr'>ἐπίκηρον</span> <span class='ocrx_word' id='word_1_1004' title='bbox 2572 5111 2757 5164; x_wconf 89' lang='grc' dir='ltr'>τοῦτον</span> <span class='ocrx_word' id='word_1_1005' title='bbox 2788 5111 3197 5180; x_wconf 85' lang='grc' dir='ltr'>καταπίπτομεν</span> <span class='ocrx_word' id='word_1_1006' title='bbox 3228 5111 3360 5182; x_wconf 87' lang='grc' dir='ltr'>βίον.</span> <span class='ocrx_word' id='word_1_1007' title='bbox 3390 5114 3499 5165; x_wconf 81' lang='grc' dir='ltr'>Καὶ</span> <span class='ocrx_word' id='word_1_1008' title='bbox 3544 5113 3633 5166; x_wconf 78' lang='grc' dir='ltr'>ἵνα</span> 
     </span>
    </p>
   </div>
   <div class='ocr_carea' id='block_1_121' title="bbox 1977 5198 3632 5276">
    <p class='ocr_par' dir='ltr' id='par_1_121' title="bbox 1977 5198 3632 5276">
     <span class='ocr_line' id='line_1_121' title="bbox 1977 5198 3632 5276; baseline -0.002 -19"><span class='ocrx_word' id='word_1_1009' title='bbox 1977 5203 2175 5276; x_wconf 62' lang='grc' dir='ltr'>μάθῃς,</span> <span class='ocrx_word' id='word_1_1010' title='bbox 2210 5205 2294 5254; x_wconf 78' lang='grc' dir='ltr'>δτι</span> <span class='ocrx_word' id='word_1_1011' title='bbox 2329 5200 2498 5254; x_wconf 83' lang='grc' dir='ltr'>ταῦτα</span> <span class='ocrx_word' id='word_1_1012' title='bbox 2522 5198 2692 5262; x_wconf 79' lang='grc' dir='ltr'>οὓτως</span> <span class='ocrx_word' id='word_1_1013' title='bbox 2720 5199 2851 5269; x_wconf 70' lang='grc' dir='ltr'>ἔχει,</span> <span class='ocrx_word' id='word_1_1014' title='bbox 2884 5198 3157 5270; x_wconf 90' lang='grc' dir='ltr'>ἐρώτησον</span> <span class='ocrx_word' id='word_1_1015' title='bbox 3181 5202 3305 5262; x_wconf 78' lang='grc' dir='ltr'>τοὺς</span> <span class='ocrx_word' id='word_1_1016' title='bbox 3326 5201 3632 5269; x_wconf 89' lang='grc' dir='ltr'>γεγηρακό-</span> 
     </span>
    </p>
   </div>
   <div class='ocr_carea' id='block_1_122' title="bbox 1973 5286 3627 5358">
    <p class='ocr_par' dir='ltr' id='par_1_122' title="bbox 1973 5286 3627 5358">
     <span class='ocr_line' id='line_1_122' title="bbox 1973 5286 3627 5358; baseline -0.002 -15"><span class='ocrx_word' id='word_1_1017' title='bbox 1973 5308 2090 5353; x_wconf 85' lang='grc' dir='ltr'>τας.</span> <span class='ocrx_word' id='word_1_1018' title='bbox 2120 5292 2269 5342; x_wconf 83' lang='grc' dir='ltr'>ποῖον</span> <span class='ocrx_word' id='word_1_1019' title='bbox 2301 5286 2661 5358; x_wconf 76' lang='grc' dir='ltr'>μακαρίζουσι</span> <span class='ocrx_word' id='word_1_1020' title='bbox 2693 5286 2825 5355; x_wconf 86' lang='grc' dir='ltr'>βίον,</span> <span class='ocrx_word' id='word_1_1021' title='bbox 2854 5287 2944 5339; x_wconf 88' lang='grc' dir='ltr'>τὸν</span> <span class='ocrx_word' id='word_1_1022' title='bbox 2969 5289 3056 5340; x_wconf 83' lang='grc' dir='ltr'>ὅτε</span> <span class='ocrx_word' id='word_1_1023' title='bbox 3079 5286 3405 5357; x_wconf 90' lang='grc' dir='ltr'>ἐκρατοῦντο</span> <span class='ocrx_word' id='word_1_1024' title='bbox 3431 5288 3627 5358; x_wconf 89' lang='grc' dir='ltr'>μάτην,</span> 
     </span>
    </p>
   </div>
   <div class='ocr_carea' id='block_1_123' title="bbox 1973 5372 3629 5448">
    <p class='ocr_par' dir='ltr' id='par_1_123' title="bbox 1973 5372 3629 5448">
     <span class='ocr_line' id='line_1_123' title="bbox 1973 5372 3629 5448; baseline -0.003 -17"><span class='ocrx_word' id='word_1_1025' title='bbox 1973 5378 2007 5448; x_wconf 79' lang='grc' dir='ltr'>ἦ</span> <span class='ocrx_word' id='word_1_1026' title='bbox 2043 5376 2133 5430; x_wconf 88' lang='grc' dir='ltr'>τὸν</span> <span class='ocrx_word' id='word_1_1027' title='bbox 2168 5377 2256 5428; x_wconf 80' lang='grc' dir='ltr'>ὅτε</span> <span class='ocrx_word' id='word_1_1028' title='bbox 2290 5375 2465 5428; x_wconf 80' lang='grc' dir='ltr'>αὐτῶν</span> <span class='ocrx_word' id='word_1_1029' title='bbox 2502 5372 2761 5442; x_wconf 90' lang='grc' dir='ltr'>κρατοῦσι</span> <span class='ocrx_word' id='word_1_1030' title='bbox 2783 5373 2909 5437; x_wconf 87' lang='grc' dir='ltr'>νῦν;</span> <span class='ocrx_word' id='word_1_1031' title='bbox 2943 5374 3040 5427; x_wconf 90' lang='grc' dir='ltr'>Διά</span> <span class='ocrx_word' id='word_1_1032' title='bbox 3066 5375 3175 5445; x_wconf 77' lang='grc' dir='ltr'>γάρ</span> <span class='ocrx_word' id='word_1_1033' title='bbox 3197 5375 3349 5427; x_wconf 85' lang='grc' dir='ltr'>τοῦτο</span> <span class='ocrx_word' id='word_1_1034' title='bbox 3376 5376 3569 5438; x_wconf 74' lang='grc' dir='ltr'>αὐτοὺς</span> <span class='ocrx_word' id='word_1_1035' title='bbox 3599 5376 3629 5413; x_wconf 68' lang='grc' dir='ltr'>ι</span> 
     </span>
    </p>
   </div>
   <div class='ocr_carea' id='block_1_124' title="bbox 1973 5462 3630 5535">
    <p class='ocr_par' dir='ltr' id='par_1_124' title="bbox 1973 5462 3630 5535">
     <span class='ocr_line' id='line_1_124' title="bbox 1973 5462 3630 5535; baseline 0.001 -18"><span class='ocrx_word' id='word_1_1036' title='bbox 1973 5465 2211 5527; x_wconf 89' lang='grc' dir='ltr'>ἐκείνους</span> <span class='ocrx_word' id='word_1_1037' title='bbox 2262 5462 2614 5533; x_wconf 86' lang='grc' dir='ltr'>ἐκαλέσαμεν,</span> <span class='ocrx_word' id='word_1_1038' title='bbox 2662 5462 2861 5535; x_wconf 65' lang='grc' dir='ltr'>ἐπειδὴ.</span> <span class='ocrx_word' id='word_1_1039' title='bbox 2894 5466 2942 5517; x_wconf 90' lang='grc' dir='ltr'>οἰ</span> <span class='ocrx_word' id='word_1_1040' title='bbox 2989 5465 3047 5517; x_wconf 89' lang='grc' dir='ltr'>ἐν</span> <span class='ocrx_word' id='word_1_1041' title='bbox 3092 5465 3299 5535; x_wconf 89' lang='grc' dir='ltr'>νεότητι</span> <span class='ocrx_word' id='word_1_1042' title='bbox 3344 5464 3630 5534; x_wconf 88' lang='grc' dir='ltr'>μεθύοντες</span> 
     </span>
    </p>
   </div>
   <div class='ocr_carea' id='block_1_125' title="bbox 1973 5551 3629 5625">
    <p class='ocr_par' dir='ltr' id='par_1_125' title="bbox 1973 5551 3629 5625">
     <span class='ocr_line' id='line_1_125' title="bbox 1973 5551 3629 5625; baseline 0.001 -19"><span class='ocrx_word' id='word_1_1043' title='bbox 1973 5553 2091 5606; x_wconf 78' lang='grc' dir='ltr'>οὐδὲ</span> <span class='ocrx_word' id='word_1_1044' title='bbox 2118 5554 2264 5606; x_wconf 80' lang='grc' dir='ltr'>ῖσασι</span> <span class='ocrx_word' id='word_1_1045' title='bbox 2289 5555 2387 5622; x_wconf 82' lang='grc' dir='ltr'>τῆς</span> <span class='ocrx_word' id='word_1_1046' title='bbox 2416 5551 2653 5615; x_wconf 89' lang='grc' dir='ltr'>δουλείας</span> <span class='ocrx_word' id='word_1_1047' title='bbox 2684 5552 2779 5623; x_wconf 84' lang='grc' dir='ltr'>τὴν</span> <span class='ocrx_word' id='word_1_1048' title='bbox 2807 5553 3127 5625; x_wconf 80' lang='grc' dir='ltr'>ὑπερϐολήν.</span> <span class='ocrx_word' id='word_1_1049' title='bbox 3163 5553 3227 5606; x_wconf 88' lang='grc' dir='ltr'>Τί</span> <span class='ocrx_word' id='word_1_1050' title='bbox 3261 5552 3317 5607; x_wconf 85' lang='grc' dir='ltr'>δέ</span> <span class='ocrx_word' id='word_1_1051' title='bbox 3352 5554 3401 5607; x_wconf 91' lang='grc' dir='ltr'>οἰ</span> <span class='ocrx_word' id='word_1_1052' title='bbox 3429 5554 3629 5624; x_wconf 84' lang='grc' dir='ltr'>πυρέτ-</span> 
     </span>
    </p>
   </div>
   <div class='ocr_carea' id='block_1_126' title="bbox 1971 5640 3629 5711">
    <p class='ocr_par' dir='ltr' id='par_1_126' title="bbox 1971 5640 3629 5711">
     <span class='ocr_line' id='line_1_126' title="bbox 1971 5640 3629 5711; baseline 0.002 -19"><span class='ocrx_word' id='word_1_1053' title='bbox 1971 5658 2154 5704; x_wconf 88' lang='grc' dir='ltr'>τοντες</span> <span class='ocrx_word' id='word_1_1054' title='bbox 2189 5642 2231 5706; x_wconf 76' lang='grc' dir='ltr'>ί,</span> <span class='ocrx_word' id='word_1_1055' title='bbox 2261 5642 2387 5693; x_wconf 83' lang='grc' dir='ltr'>ὅταν</span> <span class='ocrx_word' id='word_1_1056' title='bbox 2423 5640 2592 5693; x_wconf 85' lang='grc' dir='ltr'>πολλά</span> <span class='ocrx_word' id='word_1_1057' title='bbox 2616 5641 2877 5711; x_wconf 73' lang='grc' dir='ltr'>διψῶντες</span> <span class='ocrx_word' id='word_1_1058' title='bbox 2913 5643 3080 5697; x_wconf 83' lang='grc' dir='ltr'>πολλά</span> <span class='ocrx_word' id='word_1_1059' title='bbox 3130 5643 3324 5696; x_wconf 87' lang='grc' dir='ltr'>πίνωσι</span> <span class='ocrx_word' id='word_1_1060' title='bbox 3369 5645 3464 5697; x_wconf 73' lang='grc' dir='ltr'>καὶ</span> <span class='ocrx_word' id='word_1_1061' title='bbox 3497 5642 3629 5696; x_wconf 73' lang='grc' dir='ltr'>πολ-</span> 
     </span>
    </p>
   </div>
   <div class='ocr_carea' id='block_1_127' title="bbox 2032 5788 3635 5854">
    <p class='ocr_par' dir='ltr' id='par_1_127' title="bbox 2032 5788 3635 5854">
     <span class='ocr_line' id='line_1_127' title="bbox 2032 5788 3635 5854; baseline 0.002 -17"><span class='ocrx_word' id='word_1_1062' title='bbox 2032 5788 2061 5829; x_wconf 81' lang='lat' dir='ltr'><strong>d</strong></span> <span class='ocrx_word' id='word_1_1063' title='bbox 2090 5789 2210 5854; x_wconf 33' lang='lat' dir='ltr'><strong>Alii“</strong></span> <span class='ocrx_word' id='word_1_1064' title='bbox 2234 5790 2399 5854; x_wconf 48' lang='lat' dir='ltr'>mina:</span> <span class='ocrx_word' id='word_1_1065' title='bbox 2435 5788 2655 5854; x_wconf 35' lang='grc' dir='ltr'>λεαινῆ</span> <span class='ocrx_word' id='word_1_1066' title='bbox 2691 5792 2784 5854; x_wconf 6' lang='grc' dir='ltr'>,τήν</span> <span class='ocrx_word' id='word_1_1067' title='bbox 2816 5791 2930 5853; x_wconf 86' lang='grc' dir='ltr'>μίαν.</span> <span class='ocrx_word' id='word_1_1068' title='bbox 2950 5792 3119 5854; x_wconf 75' lang='grc' dir='ltr'>ψυχήν,</span> <span class='ocrx_word' id='word_1_1069' title='bbox 3165 5793 3314 5842; x_wconf 75' lang='lat' dir='ltr'><strong>lectio</strong></span> <span class='ocrx_word' id='word_1_1070' title='bbox 3354 5806 3450 5840; x_wconf 86' lang='lat' dir='ltr'><strong>non</strong></span> <span class='ocrx_word' id='word_1_1071' title='bbox 3490 5805 3635 5854; x_wconf 70' lang='lat' dir='ltr'>Spen-</span> 
     </span>
    </p>
   </div>
   <div class='ocr_carea' id='block_1_128' title="bbox 1972 5805 3627 5914">
    <p class='ocr_par' dir='ltr' id='par_1_128' title="bbox 1972 5805 3627 5914">
     <span class='ocr_line' id='line_1_128' title="bbox 2032 5805 3619 5854; baseline 0.003 -17"><span class='ocrx_word' id='word_1_1072' title='bbox 2032 5805 2061 5829; x_wconf 85' lang='grc' dir='ltr'>α</span> <span class='ocrx_word' id='word_1_1073' title='bbox 2093 5805 2189 5838; x_wconf 75' lang='lat' dir='ltr'>Am</span> <span class='ocrx_word' id='word_1_1074' title='bbox 2234 5805 2399 5839; x_wconf 85' lang='grc' dir='ltr'>παντα.</span> <span class='ocrx_word' id='word_1_1075' title='bbox 2463 5805 2483 5813; x_wconf 68' lang='grc' dir='ltr'><strong>ν</strong></span> <span class='ocrx_word' id='word_1_1076' title='bbox 2508 5805 2655 5839; x_wconf 67' lang='lat' dir='ltr'>bam.</span> <span class='ocrx_word' id='word_1_1077' title='bbox 2698 5805 2784 5848; x_wconf 83' lang='grc' dir='ltr'>την</span> <span class='ocrx_word' id='word_1_1078' title='bbox 2816 5808 2930 5853; x_wconf 85' lang='grc' dir='ltr'>μιαν.</span> <span class='ocrx_word' id='word_1_1079' title='bbox 2950 5805 3119 5854; x_wconf 75' lang='grc' dir='ltr'>ψυχήν,</span> <span class='ocrx_word' id='word_1_1080' title='bbox 3166 5805 3314 5842; x_wconf 84' lang='lat' dir='ltr'>Iecno</span> <span class='ocrx_word' id='word_1_1081' title='bbox 3354 5806 3450 5840; x_wconf 85' lang='lat' dir='ltr'><strong>non</strong></span> <span class='ocrx_word' id='word_1_1082' title='bbox 3490 5806 3515 5841; x_wconf 81' lang='lat'><strong>8</strong></span> <span class='ocrx_word' id='word_1_1083' title='bbox 3584 5806 3619 5841; x_wconf 70' lang='lat' dir='ltr'>I&#39;v</span> 
     </span>
     <span class='ocr_line' id='line_1_129' title="bbox 1972 5805 3627 5914; baseline 0.003 -14"><span class='ocrx_word' id='word_1_1084' title='bbox 1972 5852 2147 5901; x_wconf 79' lang='lat' dir='ltr'>nenda.</span> <span class='ocrx_word' id='word_1_1085' title='bbox 2180 5852 2307 5900; x_wconf 76' lang='lat' dir='ltr'>EDI&#39;r.</span> <span class='ocrx_word' id='word_1_1086' title='bbox 2377 5850 2397 5888; x_wconf 65' lang='grc' dir='ltr'><em>τ</em></span> <span class='ocrx_word' id='word_1_1087' title='bbox 2420 5851 2516 5900; x_wconf 78' lang='lat' dir='ltr'>Alii</span> <span class='ocrx_word' id='word_1_1088' title='bbox 2544 5855 2601 5909; x_wconf 83' lang='grc' dir='ltr'>ἣν</span> <span class='ocrx_word' id='word_1_1089' title='bbox 2621 5853 2865 5914; x_wconf 79' lang='grc' dir='ltr'>ἐλάϐομεν,</span> <span class='ocrx_word' id='word_1_1090' title='bbox 2888 5862 2941 5903; x_wconf 85' lang='lat' dir='ltr'>el.</span> <span class='ocrx_word' id='word_1_1091' title='bbox 2961 5868 3069 5901; x_wconf 84' lang='lat' dir='ltr'>mox</span> <span class='ocrx_word' id='word_1_1092' title='bbox 3097 5855 3181 5910; x_wconf 88' lang='grc' dir='ltr'>τήν</span> <span class='ocrx_word' id='word_1_1093' title='bbox 3201 5857 3297 5903; x_wconf 86' lang='grc' dir='ltr'>τῶν</span> <span class='ocrx_word' id='word_1_1094' title='bbox 3312 5855 3491 5903; x_wconf 86' lang='grc' dir='ltr'>τούτων</span> <span class='ocrx_word' id='word_1_1095' title='bbox 3516 5805 3627 5913; x_wconf 47' lang='lat' dir='ltr'>ﬁt.</span> 
     </span>
    </p>
   </div>
   <div class='ocr_carea' id='block_1_129' title="bbox 1976 5913 3656 5983">
    <p class='ocr_par' dir='ltr' id='par_1_129' title="bbox 1976 5913 3656 5983">
     <span class='ocr_line' id='line_1_130' title="bbox 1976 5913 3656 5983; baseline 0.004 -23"><span class='ocrx_word' id='word_1_1096' title='bbox 1976 5913 2705 5983; x_wconf 42' lang='lat' dir='ltr'>“1530061et;&amp;796v@_§ayil.</span> <span class='ocrx_word' id='word_1_1097' title='bbox 2730 5913 2789 5983; x_wconf 37' lang='lat' dir='ltr'>el-</span> <span class='ocrx_word' id='word_1_1098' title='bbox 2807 5915 2943 5963; x_wconf 79' lang='lat' dir='ltr'><strong>codd.</strong></span> <span class='ocrx_word' id='word_1_1099' title='bbox 2973 5918 3214 5967; x_wconf 75' lang='lat' dir='ltr'>restituta.</span> <span class='ocrx_word' id='word_1_1100' title='bbox 3260 5916 3395 5966; x_wconf 74' lang='lat' dir='ltr'>Eun.</span> <span class='ocrx_word' id='word_1_1101' title='bbox 3464 5917 3490 5954; x_wconf 66' lang='grc' dir='ltr'>δ</span> <span class='ocrx_word' id='word_1_1102' title='bbox 3530 5916 3656 5973; x_wconf 51' lang='lat' dir='ltr'>Am,</span> 
     </span>
    </p>
   </div>
   <div class='ocr_carea' id='block_1_130' title="bbox 1974 5975 2999 6041">
    <p class='ocr_par' dir='ltr' id='par_1_130' title="bbox 1974 5975 2999 6041">
     <span class='ocr_line' id='line_1_131' title="bbox 1974 5975 2999 6041; baseline 0 -15"><span class='ocrx_word' id='word_1_1103' title='bbox 1974 5975 2114 6026; x_wconf 85' lang='grc' dir='ltr'>τοῦτο</span> <span class='ocrx_word' id='word_1_1104' title='bbox 2158 5976 2373 6033; x_wconf 80' lang='grc' dir='ltr'>ἐκείνους.</span> <span class='ocrx_word' id='word_1_1105' title='bbox 2408 5975 2414 5977; x_wconf 50' lang='grc'><em>“</em></span> <span class='ocrx_word' id='word_1_1106' title='bbox 2446 5975 2589 6026; x_wconf 64' lang='lat' dir='ltr'>iAlii</span> <span class='ocrx_word' id='word_1_1107' title='bbox 2617 5977 2999 6041; x_wconf 65' lang='grc' dir='ltr'>ἐμπυρέττοντες.,</span> 
     </span>
    </p>
   </div>
  </div>
