4126 6366
357 359 460 413 ιδ’]

353 490 421 529 an
451 477 587 527 banc
609 471 823 538 quando
853 471 956 528 illis
976 480 1098 528 sunt
1122 473 1467 542 superiores?
1491 474 1617 530 Ideo
1643 477 1784 530 enim
1820 477 1941 533 illos

355 567 754 630 advocavnnus,
800 566 922 634 quia
953 566 1025 619 illi
1056 566 1144 635 qui
1173 565 1225 619 in
1250 565 1530 635 juventute
1556 567 1750 622 ebriosi
1794 577 1938 635 sunt,

352 659 631 714 servitutis
644 658 850 726 pondus
868 673 975 711 non
992 657 1252 713 sentiunt.
1274 657 1410 725 Quid
1433 657 1801 715 febricitantes
1821 661 1845 713 ?
1872 676 1939 714 an

350 765 473 805 cum
498 750 741 804 sitientes
768 749 992 803 multum
1012 750 1216 814 bibunt,
1246 760 1301 804 et
1323 750 1504 804 multis
1524 761 1700 820 egent,
1729 766 1797 805 an
1818 766 1939 807 cum

352 840 407 895 in
440 840 794 895 valetudinem
836 841 1085 904 restituti,
1129 842 1270 896 sitim
1310 841 1604 912 deponunt,
1650 858 1709 896 se
1756 843 1940 898 beatos

351 935 699 989 existimant?
721 933 903 987 Viden’
925 934 1119 1002 ubique
1140 933 1391 989 miserum
1413 948 1535 989 esse
1558 935 1738 988 multis
1758 950 1936 1005 egere,

350 1035 409 1082 et
435 1027 614 1096 procul
643 1042 671 1081 a
710 1027 1044 1096 phil030phia
1082 1041 1203 1082 esse
1235 1030 1483 1082 miseram
1524 1030 1854 1096 servitutem,
1885 1036 1941 1085 et

350 1121 463 1174 vim
488 1119 840 1190 cupiditatis?
862 1118 971 1174 Cur
997 1135 1127 1190 ergo
1155 1128 1346 1189 sponte
1376 1120 1529 1174 nobis
1554 1120 1821 1174 miseriam
1844 1135 1939 1175 au-

348 1213 580 1284 gemus?
607 1212 719 1279 Dic,
750 1226 952 1282 qutcso,
994 1213 1037 1267 si
1064 1212 1180 1267 sine
1208 1220 1349 1266 tecto
1376 1221 1430 1265 et
1458 1212 1747 1281 parietibus
1784 1226 1936 1266 com-

348 1305 507 1360 mode
532 1305 728 1376 degere
759 1319 960 1373 posses,
994 1286 1168 1358 annon
1215 1304 1268 1358 id
1318 1304 1490 1373 potius
1536 1303 1806 1374 eligeres?
1845 1319 1940 1358 cur

348 1415 476 1469 ergo
500 1399 820 1455 inﬁrmitatis
844 1398 1085 1471 symbola
1108 1413 1271 1468 auges
1291 1398 1507 1452 ?anuon
1536 1396 1657 1451 ideo
1674 1396 1936 1450 Adamum

348 1491 562 1546 beatum
591 1490 962 1561 przedicamus,
989 1490 1111 1560 quia
1154 1490 1300 1543 nullo
1337 1488 1547 1559 egebat,
1580 1504 1685 1542 non
1711 1487 1936 1554 mdibns,

348 1601 456 1639 non
483 1583 765 1640 vestibus?
793 1583 934 1639 Sane
982 1582 1219 1653 quidem,
1271 1582 1518 1651 inquies;
1559 1580 1654 1635 sed
1698 1596 1839 1635 nunc
1884 1581 1935 1635 in

347 1679 667 1734 necessitate
694 1670 1086 1733 constituiinur.
1130 1676 1238 1731 Cur
1278 1689 1407 1745 ergo
1444 1674 1819 1729 necessitatem
1846 1688 1941 1726 au-

347 1773 577 1843 gemus?
617 1770 749 1826 Nam
796 1771 842 1825 si
886 1770 1037 1824 multi
1085 1770 1244 1825 etiam
1292 1769 1361 1823 de
1410 1768 1571 1825 rebus
1620 1766 1939 1822 necessariis

346 1864 517 1918 multa
539 1863 641 1918 sibi
682 1862 1004 1917 subtrahunt
1035 1864 1246 1931 (servos
1274 1860 1547 1928 nimirum,
1576 1858 1741 1921 :edes,
1773 1873 1937 1928 pecn—

348 1956 511 2027 nias),
533 1973 691 2028 quam
721 1971 820 2011 nos
843 1957 1242 2011 excusationem
1271 1954 1608 2019 habebimus,
1633 1952 1723 2023 qui
1754 1967 1940 2007 neces-

346 2051 561 2105 sitatem
603 2047 956 2104 excedimus?
985 2048 1196 2115 Quanto
1236 2046 1478 2115 pluribus
1507 2045 1740 2114 stiparis,
1789 2052 1938 2097 tanto

346 2145 516 2211 magis
561 2140 806 2196 servituti
851 2140 1095 2194 addictus
1138 2152 1216 2193 es.
1266 2138 1479 2206 Quanto
1505 2138 1649 2192 enim
1696 2135 1938 2205 pluribus

346 2236 548 2305 egebis,
579 2243 729 2289 tanto
753 2233 923 2303 magis
950 2233 1247 2289 libertatem
1278 2231 1537 2285 minuisti.
1578 2229 1715 2285 Vera
1743 2229 1939 2300 quippe

348 2326 569 2381 libertas
597 2333 683 2380 est
706 2325 853 2380 nullo
877 2341 1035 2395 egere
1059 2341 1074 2388 ;
1107 2340 1224 2395 quae
1247 2332 1367 2393 post
1391 2324 1534 2378 illam
1566 2322 1827 2394 sequitur,
1854 2331 1938 2377 est

349 2420 531 2488 paucis
575 2432 756 2489 egere,
805 2432 964 2487 quam
1008 2417 1307 2471 libertatem
1357 2414 1558 2469 habent
1585 2422 1639 2469 et
1665 2413 1841 2483 angeli
1882 2421 1938 2466 et

1318 355 1385 411 IN
1422 354 1737 413 JOANNEM
1775 357 2011 420 HOMIL.
2048 361 2289 420 LXXXI.
2331 365 2403 419 al.
2442 364 2639 423 LXXX
2666 402 2685 423 .

3446 399 3453 403 '
3536 391 3643 451 438

2045 479 2257 537 illorum
2290 484 2604 541 imitatores.
2636 484 2692 541 In
2718 486 2928 543 mortali
2954 496 3132 544 autem
3159 503 3387 559 corpore
3407 490 3458 546 id
3484 506 3636 547 exer-

2043 586 2191 639 cere,
2223 575 2394 645 cogita
2418 584 2671 645 quantum
2701 576 2841 632 laudi
2867 578 2956 634 sit.
2983 579 3095 634 Hoc
3124 580 3318 635 Paulus
3345 580 3635 636 Corinthiis

2044 665 2258 735 scripsit
2286 682 2300 718 :
2334 666 2446 738 Ego
2472 678 2640 722 autem
2682 668 2818 723 vobis
2861 686 3014 740 parco
3041 670 3117 742 (1.
3149 669 3268 726 Cor.
3320 671 3372 728 7.
3411 671 3530 741 28),
3558 681 3633 738 et,

2042 755 2121 809 Ne
2143 756 2538 811 tribulationem
2561 757 2738 813 carnis
2760 758 2992 814 habeant
3016 760 3338 832 hujusmodi.
3361 761 3486 816 ldeo
3506 777 3636 831 opes

2042 846 2313 913 dicuntur,
2366 856 2423 901 ut
2453 848 2661 903 illarum
2692 864 2795 916 ope
2823 849 2887 903 ad
2920 852 3217 905 necessaria
3249 861 3486 918 utamur,
3524 868 3633 907 non

2042 948 2100 992 ut
2148 939 2512 994 custodiamus
2541 940 2979 1012 defodiamusque
3010 961 3022 996 :
3056 942 3159 998 hoc
3204 944 3347 999 enim
3393 961 3499 999 non
3551 953 3637 999 est

2042 1031 2338 1099 possidere,
2368 1032 2460 1087 sed
2501 1033 2783 1101 possideri.
2817 1032 2873 1088 Si
2912 1034 3054 1087 enim
3077 1034 3419 1091 considerare
3444 1037 3635 1091 voluc-

2042 1120 2230 1188 rimns,
2258 1123 2525 1192 quomodo
2552 1125 2673 1177 illas
2700 1126 3119 1191 accumulemns,
3147 1142 3253 1180 non
3281 1136 3336 1182 ut
3355 1127 3418 1181 iis
3443 1127 3507 1180 ad
3534 1142 3633 1182 ne-

2041 1218 2274 1271 cessaria
2307 1226 2550 1283 utamur;
2580 1227 2725 1272 certe
2751 1220 2997 1273 inversus
3021 1218 3155 1273 ordo
3185 1229 3286 1285 est,
3317 1228 3373 1273 et
3402 1219 3507 1273 illa:
3532 1234 3633 1274 nos

2042 1310 2338 1379 possident,
2364 1327 2468 1365 non
2501 1327 2597 1365 nos
2623 1312 2759 1365 illas.
2790 1312 2870 1365 Ab
2899 1312 3000 1367 hac
3024 1327 3155 1382 ergo
3196 1313 3342 1383 gravi
3372 1312 3632 1368 servitute

2042 1402 2349 1466 liberemur,
2382 1412 2435 1456 et
2461 1402 2748 1473 aliquando
2779 1403 2932 1457 liberi
2958 1402 3267 1458 evadamus.
3297 1402 3432 1471 Quid
3469 1402 3632 1456 innu-

2042 1508 2188 1548 mera
2210 1503 2265 1548 et
2290 1494 2500 1547 diversa
2529 1494 2685 1549 nobis
2706 1495 2913 1549 vincula
2946 1495 3352 1566 excogitamus?
3381 1494 3493 1549 Non
3521 1492 3632 1548 suf-

2042 1583 2151 1638 licit
2183 1584 2275 1638 tibi
2315 1594 2516 1638 naturae
2548 1585 2837 1651 vinculum,
2883 1596 2939 1640 et
2966 1586 3087 1640 vitae
3130 1584 3439 1651 necessitas,
3470 1585 3631 1639 innu—

2042 1688 2420 1743 merarumque
2462 1690 2641 1729 rerum
2672 1676 2868 1741 turba;
2901 1676 2995 1730 sed
3039 1676 3141 1730 alia
3197 1676 3287 1730 tibi
3321 1676 3419 1746 ipsi
3462 1676 3631 1730 nectis

2042 1767 2198 1833 retia,
2232 1778 2284 1821 et
2313 1768 2375 1821 iis
2396 1766 2561 1838 pedes
2583 1768 2945 1839 constringis?
2976 1769 3043 1823 Et
3070 1768 3284 1837 quando
3313 1768 3502 1823 cmlum
3531 1784 3630 1838 ap-

2040 1860 2364 1931 prehendes,
2422 1870 2476 1915 et
2518 1862 2570 1915 in
2618 1870 2760 1915 tanta
2809 1862 3134 1917 sublimitate
3188 1872 3332 1917 stare
3386 1860 3633 1932 poteris?

2042 1952 2342 2021 Optandum
2374 1962 2539 2016 certe,
2571 1953 2861 2023 optandum
2895 1954 3078 2024 utique
3103 1963 3265 2018 esset,
3297 1952 3381 2007 his
3408 1953 3632 2008 succisis

2041 2044 2279 2112 funibus,
2308 2060 2592 2116 supernam
2624 2045 2772 2100 adire
2802 2060 2957 2115 posse
2982 2046 3271 2100 civitatein.
3297 2046 3396 2102 Tot
3423 2046 3525 2099 alia
3546 2061 3632 2101 re-

2041 2140 2185 2191 stant
2216 2138 2596 2207 impedimenta
2626 2155 2641 2204 ;
2669 2154 2789 2208 qua:
2827 2139 3008 2193 omnia
3035 2148 3093 2193 ut
3121 2153 3457 2208 superemus,
3494 2154 3628 2207 pau-

2041 2238 2300 2298 pertatem
2323 2230 2733 2297 amplectamur.
2762 2229 2850 2284 Sic
2876 2230 3018 2284 enim
3046 2240 3300 2285 aeternam
3326 2245 3628 2299 conseque-

2039 2335 2162 2374 mur
2183 2320 2367 2385 vitatn,
2408 2320 2575 2390 gratia
2607 2330 2661 2375 et
2692 2321 3017 2391 benignitate
3056 2321 3266 2375 Domini
3293 2322 3460 2375 nostri
3499 2320 3629 2376 Jesu

2038 2412 2259 2478 Christi,
2291 2412 2377 2468 cui
2402 2412 2569 2483 gloria
2598 2412 2649 2467 in
2675 2414 2867 2468 Saecula
2894 2414 3234 2470 saaculorum.
3266 2414 3459 2467 Amen.

1656 2612 2006 2676 HOMILIA
2046 2614 2346 2676 LXXXI.

347 2763 476 2821 CAP.
509 2765 598 2819 i7.
641 2779 694 2819 ν.
721 2763 775 2819 6.
807 2761 1135 2834 Manifestavi
1189 2775 1372 2814 nomen
1420 2768 1561 2814 tuum
1606 2757 1890 2812 hominibus
1913 2799 1928 2821 ,

415 2872 542 2926 quos
584 2855 770 2909 dedisti
819 2854 945 2908 mihi
990 2853 1055 2909 de
1095 2852 1309 2907 mundo.
1340 2852 1394 2907 7.
1422 2850 1522 2905 Tui
1549 2861 1710 2919 eram,
1735 2861 1781 2906 et
1807 2850 1935 2905 mihi

414 2964 499 3002 eos
523 2947 727 3010 dedisti,
757 2955 804 2999 et
832 2960 1111 3000 sermonem
1141 2953 1285 2997 tuum
1309 2952 1647 2998 servaverunt.

417 3041 469 3093 1.
509 3038 683 3109 Magni
724 3037 936 3092 consilii
982 3036 1222 3107 Angelus
1267 3036 1465 3090 dicitur
1507 3034 1674 3089 Filius
1722 3033 1846 3098 Dei,
1877 3040 1932 3087 et

343 3131 573 3186 aliorum
601 3147 721 3202 quae
747 3130 929 3186 docuit
954 3131 1120 3200 gratia
1146 3171 1161 3197 ,
1187 3137 1243 3185 et
1267 3130 1537 3200 praecipue
1562 3130 1690 3200 quia
1716 3128 1929 3184 Patrem

345 3222 651 3278 hominibus
691 3222 1060 3278 annuntiavit:
1092 3222 1240 3293 quod
1286 3230 1342 3278 et
1385 3237 1528 3277 nunc
1551 3222 1717 3289 dicit,
1750 3221 1931 3274 Mani-

346 3316 522 3387 festavi
547 3332 732 3370 nomen
779 3324 924 3369 tuum
964 3315 1270 3370 hominibus.
1301 3314 1432 3368 Nam
1464 3330 1584 3370 cum
1615 3313 1843 3369 dixisset
1870 3329 1931 3369 se

345 3410 635 3481 perfecisse
658 3424 793 3480 opus
824 3408 970 3464 illius
989 3450 1003 3473 ,
1038 3416 1225 3463 narrat
1253 3407 1450 3463 deinde
1479 3407 1609 3478 quid
1639 3407 1766 3462 illud
1795 3421 1929 3477 opus

348 3503 433 3558 sit.
465 3502 626 3572 Atqui
657 3500 998 3556 manifestum
1026 3508 1146 3555 erat
1191 3515 1409 3554 nomen.
1450 3498 1582 3554 Nam
1626 3500 1785 3553 Isaias
1810 3499 1884 3553 ait
1913 3516 1928 3554 :

346 3596 568 3649 lurastis
596 3595 761 3649 Deum
785 3610 969 3650 verum
993 3592 1149 3665 (Isai.
1176 3593 1267 3648 65.
1306 3592 1415 3664 16).
1453 3591 1674 3658 Verum,
1703 3602 1762 3645 ut
1786 3605 1931 3660 saepe

343 3685 490 3749 dixi,
523 3694 581 3741 et
620 3701 762 3741 nunc
783 3685 957 3741 dicam
981 3726 996 3751 ,
1030 3684 1373 3739 manifestum
1420 3683 1538 3749 fuit,
1571 3684 1664 3739 sed
1691 3682 1926 3749 Judzeis;

345 3793 518 3848 neque
566 3777 675 3832 illis
704 3776 996 3841 omnibus;
1027 3789 1171 3830 nunc
1207 3783 1385 3829 autem
1417 3773 1485 3829 de
1526 3775 1809 3844 gentilibus
1850 3773 1932 3828 lo-

344 3870 542 3939 quitur.
565 3868 747 3939 Neque
766 3866 870 3922 hoc
891 3876 1092 3921 tantum
1118 3866 1403 3937 signiﬁcat,
1434 3864 1527 3920 sed
1550 3864 1691 3935 quod
1716 3863 1928 3919 Patrem

345 3960 490 4015 illum
520 3975 641 4016 esse
690 3968 928 4014 nossent.
976 3957 1095 4014 Non
1134 3957 1275 4013 idem
1303 3971 1432 4013 vero
1460 3965 1543 4011 est
1590 3957 1728 4012 scire
1756 3957 1929 4027 ipsum

344 4067 467 4107 esse
492 4054 802 4107 Creatorem
827 4093 843 4117 ,
874 4059 966 4117 et,
995 4049 1188 4105 Filium
1216 4049 1436 4105 habere.
1463 4049 1814 4104 Manifestavit
1837 4064 1933 4103 au-

345 4154 450 4198 tem
475 4159 671 4199 nomen
692 4144 808 4214 ejus
834 4153 888 4198 et
906 4142 1106 4210 verbis,
1135 4151 1189 4197 et
1214 4142 1395 4197 rebus.
1433 4141 1572 4207 Quos
1601 4142 1786 4196 dedisti
1805 4142 1932 4196 mihi

343 4239 407 4293 de
429 4236 1114 4306 mundo.Quemadmodum
1141 4251 1300 4305 supra
1324 4235 1489 4301 dixit,
1510 4233 1678 4290 Nem'o
1706 4237 1837 4290 venit
1864 4235 1935 4289 ad

346 4347 445 4396 me,
475 4331 574 4385 nisi
602 4331 647 4384 ei
675 4331 850 4384 datum
874 4330 1024 4400 fuerit
1047 4327 1226 4396 (Joan.
1256 4328 1309 4383 6.
1344 4328 1469 4400 66);
1498 4337 1551 4383 et
1574 4369 1589 4393 ,
1622 4328 1741 4383 Nisi
1766 4338 1934 4382 traxe-

342 4422 409 4474 rit
440 4439 555 4476 eum
587 4420 742 4475 Pater
785 4437 926 4475 meus
952 4421 971 4485 (
996 4418 1132 4474 Ibid.
1160 4435 1210 4474 υ.
1238 4421 1307 4475 44
1332 4421 1351 4490 )
1385 4436 1398 4472 :
1426 4419 1504 4473 sic
1532 4428 1587 4474 et
1639 4418 1741 4474 hoc
1793 4419 1930 4484 loco,

348 4512 488 4577 Quos
513 4512 695 4567 dedisti
724 4512 870 4566 mihi.
894 4512 1052 4581 Atqui
1080 4526 1141 4566 se
1166 4511 1305 4565 viam
1328 4524 1450 4565 esse
1472 4510 1625 4565 dixit.
1658 4508 1811 4565 Unde
1841 4524 1935 4579 pa-

345 4607 451 4659 lam
482 4616 567 4660 est
591 4620 712 4659 eum
739 4604 850 4660 duo
883 4604 967 4659 his
994 4603 1316 4675 signiﬁcare,
1348 4602 1489 4674 quod
1515 4618 1709 4674 nempe
1734 4619 1840 4657 non
1864 4604 1936 4658 sit

345 4699 490 4754 Patri
535 4699 838 4754 contrarius
861 4740 875 4765 ,
904 4706 960 4753 et
982 4697 1124 4767 quod
1165 4696 1415 4751 voluntas
1452 4695 1570 4766 ejus
1603 4697 1674 4750 sit
1711 4704 1769 4751 ut
1797 4694 1934 4749 Filio

344 4791 587 4845 credant.
617 4788 717 4845 Tui
738 4801 902 4854 erant,
933 4798 980 4842 et
998 4788 1126 4842 mihi
1145 4804 1229 4842 eos
1253 4788 1456 4842 dedisti.
1482 4788 1578 4842 llic
1602 4788 1714 4842 vult
1738 4787 1935 4842 docere

344 4905 402 4941 se
424 4887 647 4939 multum
667 4900 695 4939 a
713 4884 871 4938 Patre
890 4883 1083 4937 amari.
1102 4882 1253 4950 Quod
1271 4882 1413 4937 enim
1432 4881 1552 4937 illos
1566 4880 1809 4951 accipere
1826 4895 1934 4935 non

345 4992 480 5047 opus
521 4976 797 5040 habuerit,
824 4975 947 5030 hinc
973 4974 1230 5045 liquidum
1259 4982 1340 5029 est
1368 4976 1519 5043 :ipse
1546 4972 1670 5028 fecit
1698 4973 1819 5028 illos
1840 5014 1856 5039 ,
1879 4981 1936 5027 et

343 5070 449 5125 illis
476 5078 737 5140 perpetuo
763 5068 1024 5138 providet.
1056 5066 1334 5134 Quomodo
1371 5066 1576 5135 accepit
1608 5065 1766 5121 illos?
1790 5064 1893 5120 Sed
1916 5104 1931 5129 ,

346 5172 407 5215 ut
447 5162 593 5227 dixi,
627 5161 966 5217 concordiam
1014 5175 1137 5214 cum
1185 5159 1343 5214 Patre
1385 5160 1665 5229 signiﬁcat.
1706 5159 1858 5227 Quod
1887 5158 1934 5213 si

348 5254 469 5322 quis
510 5255 641 5309 velit
685 5253 918 5307 humano
963 5267 1112 5307 more
1159 5251 1284 5305 illud
1328 5253 1631 5322 explorare,
1654 5260 1713 5305 ut
1735 5252 1934 5307 dictum

350 5356 459 5411 est,
494 5364 600 5402 non
641 5347 780 5401 ultra
808 5346 981 5401 Patris
1011 5353 1188 5399 erunt.
1234 5343 1365 5397 Nam
1397 5343 1441 5397 si
1468 5358 1591 5397 cum
1635 5342 1792 5398 Pater
1818 5343 1937 5397 illos

350 5438 556 5503 habuit,
584 5438 749 5493 Filius
777 5453 885 5491 non
934 5436 1136 5502 habuit,
1163 5436 1339 5505 palam
1364 5445 1446 5490 est
1470 5449 1592 5490 eum
1611 5477 1626 5502 ,
1650 5450 1769 5489 cum
1797 5434 1937 5489 Filio

348 5530 497 5585 dedit
525 5531 665 5597 illos,
692 5529 988 5584 dominium
1010 5528 1322 5599 deposuisse
1352 5545 1365 5580 :
1392 5526 1620 5595 hincque
1649 5526 1934 5582 absurdius

350 5624 621 5693 quidpiam
669 5624 929 5694 sequitur.
979 5622 1110 5677 Nam
1156 5636 1277 5676 eum
1324 5621 1464 5691 apud
1505 5621 1721 5676 Patrem
1749 5628 1934 5688 erant,

350 5719 645 5788 imperfecti
676 5718 839 5775 fuisse
864 5717 1365 5788 deprchendemur;
1405 5724 1460 5771 et
1500 5730 1621 5770 cum
1651 5714 1717 5769 ad
1748 5713 1938 5769 Filium

351 5821 614 5869 venerunt
634 5854 649 5881 ,
681 5822 808 5870 tunc
839 5811 1062 5886 perfecti
1092 5809 1377 5869 evaserint.
1403 5808 1508 5867 Sed
1541 5808 1658 5869 haec
1685 5807 1768 5865 vel
1794 5808 1937 5866 dictu

2037 2759 2263 2816 ridicula
2294 2771 2436 2818 sunt.
2462 2762 2599 2831 Quid
2628 2779 2757 2834 ergo
2793 2764 2876 2821 bis
2912 2764 3214 2835 signiﬁcat?
3240 2765 3391 2834 Quod
3418 2765 3518 2836 ipsi
3541 2766 3626 2820 vi-

2037 2868 2156 2909 sum
2185 2853 2349 2910 fuerit
2377 2865 2431 2910 ut
2458 2856 2594 2911 Filio
2619 2857 2917 2913 crederent.
2953 2857 3018 2912 Et
3043 2874 3322 2914 sermonem
3348 2868 3488 2913 tuum
3514 2874 3626 2913 ser-

2038 2958 2299 3002 vaverunt.
2329 2949 2382 3004 7.
2416 2947 2486 3003 Et
2511 2965 2647 3003 nunc
2667 2962 3026 3021 cognoverunt,
3049 2953 3167 3021 quia
3196 2952 3368 3004 omnia
3392 2965 3508 3018 qua:
3532 2949 3627 3005 de-

2038 3045 2160 3098 disti
2203 3044 2329 3098 mihi
2370 3044 2459 3099 abs
2498 3054 2545 3099 te
2586 3055 2746 3099 erant.
2791 3045 3070 3113 Quomodo
3121 3059 3422 3100 sermonem
3477 3038 3627 3100 t’uum

2038 3136 2430 3191 servaverunt?
2457 3135 2590 3191 Cum
2636 3136 2767 3190 mihi
2815 3137 3199 3204 crediderunt,
3248 3151 3356 3193 non
3402 3136 3623 3192 Iudaeis.

2036 3229 2167 3285 Nam
2198 3230 2299 3298 Qui
2327 3229 2497 3285 credit
2526 3228 2609 3295 ei,
2639 3230 2838 3299 inquit,
2872 3229 3168 3301 Obsignavit
3211 3230 3331 3300 quia
3368 3229 3512 3285 Deus
3540 3245 3625 3284 ve-

2037 3340 2136 3378 rax
2164 3332 2238 3377 est
2271 3322 2449 3394 (Joan.
2481 3323 2535 3378 ὅ.
2568 3322 2684 3395 35).
2715 3322 2939 3388 Quidam
2970 3324 3113 3377 enim
3141 3322 3219 3377 sic
3243 3323 3456 3389 dicunt,
3478 3321 3631 3378 Nunc

2036 3414 2259 3485 cognovi
2289 3414 2468 3470 omnia
2493 3429 2843 3484 qurecumque
2868 3414 3063 3468 dedisti
3094 3414 3224 3469 mihi
3243 3456 3259 3481 ,
3283 3414 3379 3469 abs
3407 3424 3458 3468 te
3478 3429 3623 3469 esse.

2035 3509 2106 3563 At
2131 3505 2257 3562 illud
2280 3516 2473 3578 prtetcr
2490 3506 2751 3561 rationem
2773 3506 2985 3561 dicitur.
3008 3507 3287 3575 Quomodo
3308 3508 3449 3561 enim
3476 3507 3626 3577 igno-

2037 3608 2247 3655 raturus
2264 3597 2564 3653 eratF‘ilius
2592 3612 2653 3653 ea
2679 3613 2796 3667 qure
2825 3598 3000 3653 Patris
3028 3598 3221 3652 erant?
3263 3597 3368 3654 Sed
3411 3597 3526 3652 hzuc
3556 3598 3625 3652 de

2036 3688 2311 3757 discipulis
2341 3687 2478 3742 dicta
2522 3697 2668 3744 sunt.
2723 3689 2800 3743 Ex
2838 3705 2944 3758 quo
2966 3690 3107 3744 enim
3154 3704 3217 3744 ea
3244 3688 3388 3755 dixi,
3418 3689 3622 3759 inquit,

2035 3782 2215 3838 omnia
2243 3796 2362 3851 qua:
2404 3780 2596 3835 dedisti
2630 3782 2759 3835 mihi
2782 3823 2797 3848 ,
2826 3782 2922 3837 abs
2952 3791 3005 3837 te
3031 3796 3149 3837 esse
3175 3781 3499 3837 didicerunt.
3528 3780 3623 3835 Ni-

2035 3874 2110 3930 hil
2136 3875 2389 3939 alienum,
2424 3873 2554 3928 nihil
2585 3874 2856 3944 proprium
2881 3873 3011 3929 mihi
3034 3889 3065 3928 a
3092 3884 3143 3928 te
3171 3883 3275 3929 est.
3302 3871 3454 3942 Quod
3479 3873 3622 3928 enim

2038 3966 2314 4038 proprium
2347 3974 2463 4031 est,
2517 3965 2679 4019 multa
2702 3965 2854 4034 quasi
2882 3964 3057 4020 aliena
3123 3962 3343 4020 iudicat.
3406 3963 3637 4037 COgno-'

2034 4069 2228 4116 verunt
2251 4075 2380 4130 ergo
2422 4059 2599 4112 omnia
2626 4073 2743 4127 qua:
2768 4057 3073 4124 docuerim,
3101 4066 3244 4111 tuam
3273 4071 3393 4112 esse
3422 4057 3625 4112 doctri-

2036 4171 2163 4211 nam
2193 4163 2249 4209 et
2272 4152 2631 4223 disciplinam.
2679 4152 2745 4207 Et
2772 4149 3042 4207 undenam
3081 4149 3185 4205 hoc
3210 4145 3547 4206 didicerunt?
3578 4151 3625 4208 Α

2036 4246 2215 4303 verbis
2240 4245 2375 4299 meis
2399 4263 2413 4299 :
2442 4245 2521 4300 sic
2549 4244 2690 4298 enim
2717 4243 2997 4298 docebam.
3042 4240 3225 4310 Neque
3251 4241 3356 4297 hoc
3385 4249 3584 4295 tantum
3605 4282 3623 4308 ,

2036 4338 2130 4394 sed
2146 4337 2285 4406 quod
2299 4352 2328 4390 a
2345 4345 2395 4391 te
2412 4336 2630 4391 exierim
2653 4332 2830 4405 (Joan.
2852 4334 2938 4389 17.
2959 4334 3048 4406 8):
3069 4335 3169 4388 hoc
3185 4334 3329 4389 enim
3345 4347 3439 4400 per
3458 4340 3626 4385 totum

2037 4430 2244 4486 curavit
2268 4428 2625 4499 evangelium.
2658 4428 2713 4483 9.
2743 4424 2856 4499 Ego
2888 4442 2981 4495 pro
3011 4427 3083 4481 eis
3110 4442 3257 4497 rogo.
3285 4424 3420 4492 Quid
3448 4423 3583 4479 dicis
3601 4423 3627 4475 ἓ

2039 4533 2097 4577 ut
2140 4524 2470 4593 ignorantem
2501 4521 2715 4575 Patrem
2747 4519 2943 4574 doces?
2972 4528 3030 4572 ut
3078 4518 3315 4572 nescium
3356 4516 3627 4571 hominem

2038 4613 2364 4683 alloqueris?
2392 4612 2530 4681 Quid
2572 4626 2702 4681 ergo
2741 4611 2841 4665 sibi
2871 4611 2980 4665 vult
3027 4609 3143 4663 haec
3179 4608 3410 4664 divisio?
3436 4606 3628 4663 Viden‘

2039 4721 2145 4760 non
2168 4707 2269 4760 alia
2291 4706 2359 4761 de
2378 4719 2541 4760 causa
2560 4704 2729 4759 emitti
2749 4718 2955 4773 preces,
2981 4716 3139 4771 quam
3163 4709 3220 4755 ut
3243 4699 3452 4755 discant
3468 4714 3624 4755 suum

2040 4812 2167 4867 erga
2196 4797 2340 4866 ipsos
2370 4795 2651 4851 amorem?
2681 4794 2780 4861 Qui
2808 4794 2950 4849 enim
2992 4808 3096 4846 non
3124 4790 3285 4846 modo
3313 4790 3366 4845 id
3388 4789 3532 4861 quod
3573 4791 3627 4845 in

2038 4901 2098 4942 se
2123 4897 2207 4943 est
2234 4877 2435 4957 praebet
2454 4926 2468 4952 ,
2493 4886 2589 4942 sed
2608 4885 2673 4940 ad
2697 4884 2925 4955 idipsum
2951 4882 3113 4937 alium
3141 4882 3400 4948 advocat,
3430 4883 3477 4936 is
3498 4896 3629 4937 sane

2038 4980 2295 5049 majorem
2318 4978 2554 5034 ostendit
2581 4991 2841 5032 amorem.
2864 4974 3001 5043 Quid
3028 4989 3156 5045 ergo
3181 4973 3444 5045 signiﬁcat
3468 4974 3620 5035 illud.

2041 5071 2151 5128 Pro
2171 5074 2241 5127 eis
2266 5072 2432 5143 rogo?
2458 5070 2579 5126 Non
2608 5088 2701 5141 pro
2727 5080 2831 5126 toto
2852 5068 3058 5135 mundo,
3083 5069 3276 5140 inquit,
3301 5067 3391 5123 sed
3420 5085 3512 5139 pro
3534 5068 3622 5129 iis,

2041 5182 2167 5237 quos
2211 5166 2393 5219 dedisti
2434 5164 2580 5217 mihi.
2614 5162 2769 5228 Illud,
2819 5161 3052 5228 Dedisti,
3086 5177 3327 5232 persaepe
3351 5160 3538 5231 ponit,
3569 5169 3629 5214 ut

2042 5257 2271 5327 idipsum
2321 5256 2463 5311 Patri
2510 5255 2680 5309 visum
2732 5269 2853 5309 esse
2902 5254 3221 5323 intelligant.
3255 5252 3456 5308 Deinde
3502 5252 3627 5322 quia

2042 5362 2184 5417 saepe
2203 5347 2432 5411 dixerat,
2460 5346 2561 5400 Tui
2584 5357 2722 5412 sunt,
2752 5356 2798 5400 et
2826 5356 2881 5399 tu
2907 5347 3032 5399 mihi
3052 5345 3169 5399 illos
3193 5345 3396 5410 dedisti,
3422 5355 3479 5398 ut
3506 5359 3628 5413 pra-

2042 5456 2160 5495 vam
2204 5441 2560 5509 suspicionem
2610 5438 2799 5504 tollat,
2851 5454 2920 5493 ne
2947 5438 3065 5508 quis
3104 5446 3315 5508 putaret
3342 5436 3626 5505 imperium

2041 5547 2195 5588 suum
2222 5547 2341 5588 esse
2385 5547 2606 5598 recens,
2640 5542 2696 5586 et
2739 5545 2798 5587 se
2827 5545 2971 5585 nunc
3012 5530 3131 5584 illos
3159 5528 3464 5597 accepisse;
3496 5528 3627 5598 quid

2042 5621 2157 5677 ait?
2191 5622 2275 5678 10.
2313 5621 2499 5676 Omnia
2524 5639 2635 5677 mea
2663 5631 2750 5676 tua
2773 5631 2911 5686 sunt,
2939 5631 2985 5675 et
3008 5631 3094 5674 tua
3132 5635 3241 5673 mea
3260 5629 3409 5685 sunt,
3441 5633 3487 5673 et
3515 5622 3621 5674 cla-

2042 5719 2273 5788 riﬁcatus
2299 5734 2412 5771 sum
2435 5719 2489 5771 in
2514 5719 2602 5771 eis.

2118 5808 2415 5881 .Equatitas
2442 5808 2613 5865 Patris
2651 5820 2697 5863 et
2743 5807 2891 5865 Filii.
2915 5838 2987 5850 —
3014 5805 3197 5864 Videu'
3222 5802 3610 5877 aequalitatem!
