4126 6366
461 320 568 380 1³9

457 437 536 493 Ne
560 438 703 494 enim
728 436 970 503 audiens,
1004 434 1197 491 Dedisti
1225 437 1387 502 mihi,
1416 446 1631 507 putares
1648 450 1741 490 eos
1763 435 1985 491 alienari
2012 451 2042 489 a

458 530 633 587 Patris
674 540 935 601 potestate
960 572 975 595 ,
1021 538 1115 584 ant
1160 538 1319 585 antea
1348 544 1377 582 a
1427 538 1690 599 potestate
1741 529 1901 595 Filii,
1930 528 2046 585 haec

459 621 619 676 ambo
643 623 855 676 sustulit
882 637 979 692 per
1002 636 1063 675 ea
1093 636 1214 691 quae
1243 619 1394 685 dixit,
1425 636 1488 675 ac
1514 621 1559 674 si
1588 621 1657 674 ita
1685 620 1994 690 loqueretur
2026 637 2041 673 :

457 712 536 769 Ne
556 714 682 769 dum
708 714 882 779 audis,
914 713 1046 767 Mihi
1076 730 1159 767 eos
1189 713 1395 778 dedisti,
1425 722 1577 782 putes
1598 712 1721 767 illos
1740 726 1861 767 esse
1884 727 1914 765 a
1940 711 2045 765 Pa-

458 811 541 857 tre
567 805 769 859 alienos
790 803 807 876 (
831 820 953 858 nam
974 818 1093 875 quas
1117 820 1236 859 mea
1264 813 1408 867 sunt,
1434 804 1575 859 illius
1602 802 1801 875 sunt);
1825 817 1926 859 nec
1945 817 2044 857 au-

456 893 674 961 diendo,
695 894 794 949 Tui
814 906 973 961 erant,
996 896 1270 950 existimes
1296 910 1326 949 a
1352 910 1439 950 me
1466 895 1630 949 fuisse
1655 895 1896 949 alienos:
1922 910 2043 948 nam

456 1000 577 1055 quae
604 985 748 1040 illius
777 995 935 1052 sunt,
963 1001 1081 1040 mea
1107 995 1253 1040 sunt.
1286 985 1469 1055 Itaque
1498 986 1625 1039 illud
1648 1027 1663 1051 ,
1695 984 1927 1050 Dedisti,
1955 999 2047 1039 ac-

456 1077 795 1132 commodate
822 1078 996 1134 solum
1024 1078 1223 1133 dictum
1252 1087 1353 1133 est.
1379 1078 1508 1131 Nam
1534 1092 1651 1146 quae
1674 1077 1832 1131 Pater
1861 1076 2041 1142 habet,

458 1170 578 1225 Filii
608 1181 769 1236 sunt;
799 1180 855 1225 et
877 1186 996 1241 quas
1029 1170 1197 1227 Filius
1240 1170 1442 1238 habet,
1472 1170 1666 1225 Patris.
1695 1168 1831 1223 lllud
1861 1179 2043 1224 autem

457 1279 567 1318 non
613 1263 680 1318 de
723 1264 861 1318 Filio
904 1264 1197 1319 secundum
1245 1264 1516 1318 hominem
1566 1263 1672 1319 dici
1706 1271 1919 1333 potest,
1948 1261 2045 1317 sed

459 1365 723 1426 quatenus
750 1356 921 1425 major
948 1365 1051 1411 est.
1094 1354 1229 1411 Nam
1255 1354 1399 1425 quod
1443 1354 1666 1408 minoris
1690 1362 1793 1417 est,
1824 1352 2043 1421 majoris

456 1447 618 1500 etiam
644 1460 765 1500 esse
791 1446 992 1500 nemini
1030 1460 1138 1501 non
1165 1455 1349 1499 notum
1388 1454 1506 1511 est;
1537 1444 1863 1498 contrarium
1892 1458 2039 1509 vero,

455 1536 695 1591 minime.
730 1536 825 1590 Hic
849 1546 1027 1590 autem
1066 1536 1350 1590 conversio
1374 1543 1491 1599 est,
1521 1549 1639 1604 qua!
1664 1534 1945 1589 conversio
1969 1548 2047 1588 az-

454 1629 762 1697 qualitatem
784 1628 981 1683 indicat
1003 1626 1103 1701 (a).
1133 1628 1245 1683 Hoc
1273 1627 1399 1682 alibi
1443 1642 1657 1698 quoque
1699 1626 2040 1691 declarabat,

460 1720 647 1775 Omnia
671 1737 791 1792 quae
818 1721 991 1776 Patris
1016 1730 1164 1787 sunt,
1193 1737 1305 1774 mea
1333 1728 1450 1775 sunt
1477 1719 1669 1793 (Joan.
1706 1719 1792 1775 16.
1823 1719 1948 1789 15),
1976 1719 2044 1776 de

455 1811 757 1883 Cognitione
780 1813 1024 1883 loquens.
1051 1810 1182 1865 Illud
1206 1826 1386 1881 porro,
1412 1809 1605 1866 Dedisti
1630 1810 1786 1876 mihi,
1808 1819 1864 1865 et
1890 1809 2043 1865 simi-

456 1902 550 1970 lia,
578 1903 855 1958 declarant
882 1904 1052 1973 ipsum
1085 1918 1191 1958 non
1223 1912 1280 1957 ut
1307 1902 1540 1955 alienum
1571 1900 1691 1955 illos
1718 1900 2040 1971 abripuisse,

456 1995 550 2049 sed
580 1996 823 2066 praprios
842 1995 1133 2064 accepisse.
1166 1994 1368 2050 Deinde
1387 2008 1601 2048 causam
1624 2001 1678 2047 et
1702 1992 2041 2047 demonstra-

456 2089 656 2143 tionem
705 2087 863 2143 aﬂ'ert
881 2130 896 2154 ,
925 2088 1108 2143 dicens
1129 2129 1145 2153 ,
1190 2086 1257 2142 Et
1296 2088 1610 2156 clari/iratus
1636 2102 1748 2140 sum
1777 2086 1831 2140 in
1855 2087 1962 2150 eis;
1988 2085 2043 2141 id

455 2190 559 2248 est,
593 2181 689 2236 Vel
718 2190 1035 2252 potestatem
1084 2182 1139 2236 in
1184 2195 1277 2235 eos
1322 2180 1529 2243 habeo,
1559 2179 1640 2234 vel
1667 2179 2044 2249 gloriﬁcabunt

456 2288 563 2339 me,
591 2287 715 2327 cum
751 2282 805 2327 et
836 2273 927 2328 tibi
953 2272 1176 2328 credent
1202 2281 1255 2327 et
1281 2271 1433 2337 mihi,
1462 2270 1813 2339 similiterque
1843 2269 2045 2337 glorifi-

455 2364 668 2417 cabunt.
698 2363 849 2430 Quod
892 2364 935 2417 si
966 2380 1071 2417 non
1117 2363 1361 2417 similiter
1386 2362 1713 2431 glorilicatus
1739 2372 1818 2416 est
1850 2361 1901 2414 in
1927 2362 2005 2415 eis
2024 2402 2040 2427 ,

459 2472 564 2510 non
593 2457 701 2527 jam
732 2472 825 2510 sua
857 2465 981 2510 sunt
1008 2472 1125 2525 quae
1167 2456 1308 2509 illius
1335 2465 1479 2509 sunt.
1514 2453 1682 2508 Nemo
1706 2454 1848 2508 enim
1873 2454 2041 2524 glori-

458 2550 647 2605 licatur
674 2550 725 2605 in
756 2550 947 2620 quibus
976 2557 1290 2619 potestatem
1315 2562 1419 2602 non
1452 2547 1631 2601 habet.

529 2640 584 2695 2.
624 2640 906 2708 Quomodo
934 2650 1112 2695 autem
1144 2640 1387 2693 similiter
1413 2638 1743 2708 gloriﬁcatus
1769 2638 1888 2691 est?
1911 2634 2042 2691 0m-

458 2748 555 2788 nes
585 2748 683 2802 pro
711 2748 777 2788 eo
796 2774 812 2799 ,
844 2740 903 2786 ut
948 2747 1043 2801 pro
1069 2732 1227 2786 Patre
1268 2730 1566 2785 moriuntur
1588 2770 1604 2794 ,
1633 2738 1688 2783 et
1716 2727 1934 2799 perinde
1959 2736 2044 2783 at-

456 2840 562 2893 que
606 2823 818 2878 Patrem
874 2823 1022 2877 illum
1075 2822 1407 2891 praedicant:
1443 2830 1498 2874 et
1544 2829 1601 2874 ut
1637 2820 1813 2874 omnia
1843 2819 1897 2873 in
1927 2821 2046 2888 ejus

461 2916 679 2971 nomine
705 2913 820 2969 ﬁeri
842 2913 1043 2979 dicunt,
1068 2916 1145 2969 sic
1164 2922 1220 2968 et
1246 2914 1297 2967 in
1324 2916 1538 2967 nomine
1561 2911 1702 2966 Filii.
1733 2912 1818 2966 11.
1850 2910 1919 2964 Et
1928 2912 2045 2981 jam

457 3023 561 3062 non
590 3021 711 3061 sum
752 3007 807 3060 in
845 3005 1066 3071 mundo,
1113 3016 1162 3061 et
1209 3006 1262 3059 hi
1305 3006 1359 3059 in
1403 3005 1591 3059 mundo
1619 3014 1756 3059 sunt.
1784 3003 1899 3060 Hoc
1927 3012 2041 3071 est,

458 3099 711 3169 Quamvis
736 3099 787 3153 in
816 3114 977 3153 carne
999 3114 1104 3152 non
1131 3098 1336 3163 videar,
1370 3112 1466 3167 per
1494 3099 1591 3151 hos
1616 3096 1902 3168 glorilicor.
1935 3094 2044 3151 Cur

457 3192 764 3261 frequenter
791 3190 960 3254 dicit,
1006 3190 1062 3243 In
1093 3188 1294 3242 mundo
1337 3204 1442 3241 non
1476 3201 1629 3253 sum;
1656 3196 1745 3252 et,
1780 3186 2046 3257 Relinquo

459 3284 599 3348 illos,
623 3297 717 3337 eos
732 3280 824 3336 tibi
842 3279 1189 3345 commendo;
1206 3289 1280 3345 et,
1294 3279 1427 3333 Cum
1444 3292 1618 3333 essent
1640 3279 1692 3332 in
1711 3277 1931 3342 mundo,
1946 3291 2046 3347 ego

457 3374 666 3429 servavi
690 3386 785 3428 eos
800 3370 978 3444 (Joan.
998 3372 1086 3427 17.
1109 3370 1230 3441 12)?
1248 3368 1380 3425 Nam
1408 3370 1452 3424 si
1480 3369 1600 3439 quis
1626 3369 1712 3423 illa
1735 3368 2047 3439 simpliciter

458 3464 718 3535 accipiat,
746 3464 910 3518 multa
937 3472 1229 3533 sequentur
1257 3460 1520 3516 absurda?
1540 3460 1651 3529 Qua
1674 3459 1815 3514 enim
1839 3458 2048 3515 ratione

461 3563 576 3630 ipse
622 3559 677 3614 in
706 3556 907 3612 mundo
936 3571 1042 3612 non
1084 3555 1187 3621 sit,
1231 3564 1286 3609 et
1329 3570 1450 3609 cum
1482 3553 1607 3608 hinc
1636 3553 1861 3619 migrat,
1890 3551 2047 3607 alteri

461 3649 608 3720 ipsos
651 3647 1030 3705 commendet?
1074 3646 1200 3701 llaec
1246 3647 1389 3700 enim
1436 3645 1601 3700 verba
1644 3654 1770 3699 sunt
1812 3643 2046 3699 hominis

460 3741 719 3811 simplicis
742 3781 760 3808 ,
790 3738 883 3810 qui
927 3747 1183 3809 perpetuo
1211 3735 1280 3789 ab
1322 3735 1429 3790 illis
1471 3744 1827 3805 separaretur.
1864 3733 2044 3789 Viden'

460 3848 584 3888 eum
612 3831 840 3902 plurima
866 3830 1101 3885 humano
1132 3842 1280 3882 more
1309 3826 1489 3896 loqui,
1512 3840 1576 3881 ac
1604 3825 1897 3881 secundum
1928 3826 2046 3880 illo-

460 3939 579 3979 rum
607 3932 852 3994 captum,
882 3923 973 3992 qui
1004 3920 1262 3991 putabant
1288 3933 1346 3973 se
1369 3934 1433 3972 ex
1460 3917 1603 3972 illius
1631 3917 1914 3987 prmsentia
1936 3932 2048 3971 ma-

462 4016 545 4087 gis
576 4015 629 4069 in
660 4023 773 4068 tuto
799 4013 957 4068 esse?
982 4012 1318 4081 Quapropter
1356 4009 1463 4073 ait,
1496 4008 1715 4075 Quando
1752 4024 1893 4061 eram
1930 4023 2048 4060 cum

462 4110 555 4174 eis,
581 4106 839 4162 servabam
866 4106 981 4160 illos
1011 4105 1030 4176 (
1062 4104 1249 4173 lbid.).
1277 4103 1432 4172 Atqui
1460 4100 1609 4166 dicit,
1652 4099 1805 4155 Venio
1834 4101 1901 4153 ad
1930 4117 2045 4166 vos;

459 4211 536 4268 et,
582 4202 844 4259 Vobiscum
869 4218 981 4255 sum
1019 4217 1176 4271 usque
1200 4201 1269 4253 ad
1298 4196 1821 4265 consummationem(
1851 4196 2042 4250 Matth.

459 4295 551 4352 '28.
580 4296 695 4365 20).
723 4294 1003 4362 Quomodo
1042 4310 1172 4363 ergo
1192 4334 1207 4357 ,
1242 4303 1514 4363 tamquam
1560 4291 1629 4345 ab
1657 4292 1761 4346 illis
1789 4306 2047 4360 separan-

460 4389 590 4454 dus,
633 4387 747 4443 hzec
788 4387 1020 4456 loquitur
1042 4386 1065 4439 ?
1091 4385 1162 4440 Ut
1186 4385 1337 4451 dixi,
1366 4384 1658 4439 secundum
1696 4383 1904 4437 illorum
1933 4382 2049 4451 opi-

462 4482 676 4537 nionem
702 4520 717 4544 ,
760 4489 817 4536 ut
845 4478 1060 4549 paulum
1112 4477 1447 4546 respirarent
1486 4474 1767 4529 audientes
1795 4474 1941 4527 illum
1974 4474 2046 4528 ita

462 4574 787 4643 loquentem,
815 4582 868 4625 et
898 4570 1018 4624 illos
1058 4569 1201 4623 Patri
1226 4566 1712 4622 commendantem.
1740 4565 1874 4631 Quia
1901 4564 2046 4619 enim

464 4664 643 4718 multis
669 4663 738 4717 ab
761 4678 826 4717 eo
850 4662 1046 4717 auditis
1070 4660 1442 4716 consolatoriis
1468 4659 1668 4726 verbis,
1698 4673 1805 4713 non
1833 4658 2043 4713 obtem-

464 4756 743 4825 perabant,
772 4746 988 4809 demum
1019 4754 1231 4807 Patrem
1259 4751 1572 4821 alloquitur,
1596 4766 1745 4807 suam
1776 4765 1899 4820 erga
1929 4750 2049 4804 illos

462 4849 799 4906 dilectionem
838 4848 1135 4913 exhibens;
1163 4861 1227 4901 ac
1254 4845 1301 4900 si
1324 4845 1529 4901 diceret
1553 4886 1569 4911 ,
1598 4844 1733 4911 Quia
1766 4858 1853 4899 me
1880 4842 1948 4898 ad
1992 4852 2044 4899 te

527 5022 601 5132 in)
622 5019 742 5070 Haec
761 5031 904 5082 porro
926 5019 1084 5090 omnia
1105 5016 1388 5069 referuntur
1409 5015 1468 5066 ad
1485 5017 1714 5079 superius
1734 5014 1877 5065 allata
1886 5014 2044 5065 Evan-

527 5106 529 5127 ε
552 5085 582 5132 ii
605 5084 757 5132 verba
784 5096 796 5130 :
823 5089 992 5130 omnm
1016 5092 1122 5129 mea
1144 5087 1228 5129 tua
1249 5085 1360 5130 sunt
1379 5117 1393 5132 .
1410 5084 1455 5127 et
1472 5085 1555 5127 tua
1571 5091 1678 5127 mea
1695 5084 1823 5132 sunt,
1841 5090 1953 5132 qua:
1980 5089 2044 5125 te-

463 5079 593 5149 gelii'
605 5079 802 5149 verba;
823 5079 992 5149 grauia
1016 5087 1228 5149 meantua
1249 5084 1455 5149 sunt-La
1468 5085 1555 5149 tua
1571 5091 1678 5149 mea
1695 5084 1823 5149 sunt,
1841 5090 1953 5139 qua:
1980 5089 2049 5125 ae-

516 5145 661 5195 talem
684 5143 806 5193 Patri
828 5141 1002 5191 Filium
1025 5142 1322 5190 conﬁrmant.
1357 5140 1480 5190 Illud
1504 5154 1622 5189 vero
1637 5140 1701 5189 de
1721 5138 1844 5188 Filio
1862 5138 2051 5187 ’secun-

499 5222 580 5256 um
603 5206 851 5268 hominem
873 5205 967 5253 dici
991 5216 1107 5268 non
1146 5210 1333 5268 potest,
1358 5202 1458 5268 sed
1485 5209 1728 5268 quatenus
1761 5201 1912 5264 major
1944 5202 2051 5268 sive

465 5276 596 5319 Deus
616 5273 709 5317 est.
731 5263 850 5316 Nam
870 5266 1000 5327 quod
1022 5259 1222 5331 minoris
1244 5259 1331 5321 est,
1360 5259 1727 5331 mrtjofis_etiam
1749 5259 1851 5331 esse

464 5343 561 5380 non
582 5336 745 5380 notum
765 5333 835 5378 est
850 5340 866 5387 ;
882 5323 1175 5377 contraritun
1194 5337 1305 5374 vero
1321 5323 1533 5387 minime.
1548 5323 1766 5387 Christus
1789 5330 1918 5387 Deus
1936 5323 2052 5387 dici-

466 5400 546 5442 tur
567 5392 716 5441 homo
737 5384 878 5447 esse,
903 5387 1117 5449 crucillgi
1132 5420 1146 5445 ,
1171 5387 1296 5448 pati;
1321 5385 1539 5437 Christus
1562 5385 1705 5432 homo
1738 5397 1836 5431 non
1874 5384 2050 5433 dicitur

466 5451 667 5516 aequalis
680 5452 834 5516 Patri._
846 5450 902 5499 1n
928 5450 1003 5499 bis
1024 5456 1189 5499 autem
1201 5449 1381 5516 verbis,
1398 5459 1503 5496 mea
1506 5453 1610 5516 tua
1624 5452 1730 5516 sunt
1738 5451 1822 5516 ,ψει
1846 5450 1935 5516 tua
1945 5458 2052 5516 mea

464 5497 997 5573 Ehfobhiér’sié'
1013 5497 1125 5573 quae
1148 5497 1478 5572 aequalitatem
1505 5497 1614 5556 Filii
1658 5512 1710 5573 et
1738 5497 1902 5573 'Patris
1925 5506 2051 5573 indi-

471 5583 565 5625 cat.
584 5565 729 5624 'llanc
750 5581 865 5634 puto
890 5565 1227 5634 Clirys'ostomi'
1241 5579 1457 5619 mentem
1493 5582 1606 5618 esse
1627 5606 1640 5625 ,
1669 5565 1786 5634 licet
1806 5570 1856 5615 in
1886 5570 2055 5617 verbis

404 5676 409 5681 .
472 5637 690 5697 quaedam
723 5627 879 5685 adhuc
907 5627 1163 5697 difﬁcultas
1188 5640 1468 5697 remaneat.
1504 5638 1639 5679 nunc
1675 5627 1831 5677 locum
1864 5637 2055 5697 restans

470 5690 581 5765 r'are
605 5697 769 5745 nititur
787 5697 966 5765 Boisius
988 5697 1036 5743 in
1072 5694 1295 5765 Editione
1316 5692 1477 5754 Savil.,
1502 5705 1674 5743 verum
1699 5704 1869 5742 novatn
1892 5690 2055 5742 condi].

472 5758 668 5816 seriem,
691 5770 787 5807 non
809 5759 1070 5820 genuinam
1092 5756 1320 5807 restituit.

1168 321 1225 379 S.
1264 319 1543 378 JOANNIS
1576 318 2052 377 CllRYSOSTOMI
2091 320 2411 378 ARCHIEP.
2448 321 2981 383 CONSTANTINOP.

3630 331 3735 387 446

2152 451 2372 503 evocas,
2415 436 2537 493 illos
2583 439 2635 493 in
2680 449 2792 495 tuto
2819 441 3105 496 constitue.
3137 441 3249 513 Ego
3281 457 3423 498 enim
3455 443 3521 499 ad
3560 454 3613 501 te
3638 462 3733 501 ve-

2154 528 2262 582 nio.
2285 528 2424 596 Quid
2456 528 2630 585 dicis?
2653 545 2830 587 nonne
2857 544 2911 586 tu
2934 541 3086 602 potes
3114 533 3234 588 illos
3258 536 3513 591 servare?
3536 535 3729 602 Etiam,

2152 634 2389 689 possum.
2407 619 2515 675 Cur
2530 636 2655 690 ergo
2674 622 2788 677 haec
2807 624 2939 678 dicis
2954 623 2977 677 ἲ
2996 622 3065 679 Ut
3086 624 3298 678 habeant
3312 627 3554 697 gaudium
3569 645 3732 683 meum

2152 713 2357 783 plenum
2380 712 2556 785 (Joan.
2581 715 2669 769 17.
2704 716 2824 788 l5);
2870 717 2922 771 id
2952 726 3064 784 est,
3099 717 3168 773 Ut
3211 735 3278 772 ne
3321 720 3728 788 perturbentur,

2152 801 2573 873 imperfectiores
2592 820 2712 861 cum
2739 808 2864 861 sint.
2897 807 2989 862 His
3019 810 3198 864 verbis
3228 810 3460 865 ostendit
3484 828 3543 867 se
3566 812 3632 866 ad
3659 813 3727 867 il-

2151 894 2323 949 lorum
2351 897 2586 966 quietem
2613 908 2668 952 et
2692 898 2943 968 gaudium
2988 899 3105 954 hate
3130 901 3309 954 omnia
3344 901 3422 955 sic
3452 902 3730 973 loquutum

2150 1000 2304 1041 esse:
2323 1002 2447 1042 nam
2468 988 2623 1043 aliter
2643 990 2947 1045 contrarius
2974 1005 3093 1046 esse
3116 1006 3294 1047 sermo
3318 991 3549 1047 videtur.
3580 992 3733 1048 Nunc

2149 1087 2316 1133 autem
2355 1096 2457 1133 non
2500 1096 2613 1133 sum
2643 1081 2697 1134 in
2739 1081 2928 1135 mundo
2953 1122 2968 1144 ,
3016 1092 3063 1137 et
3092 1082 3146 1135 Iri
3182 1082 3236 1135 in
3274 1082 3465 1137 mundo
3490 1094 3622 1137 sunt.
3655 1084 3732 1140 Ita

2150 1170 2295 1224 enim
2328 1170 2685 1240 Opinabantur
2711 1172 2822 1236 illi;
2852 1172 3066 1228 interim
3098 1187 3227 1227 vero
3253 1172 3465 1228 illorum
3512 1174 3735 1229 inﬁrmi-

2149 1263 2241 1317 tati
2269 1278 2329 1319 se
2355 1272 2690 1333 attemperat.
2717 1263 2774 1321 Si
2796 1266 2939 1321 enim
2965 1265 3208 1330 dixisset,
3243 1266 3358 1335 Ego
3385 1282 3543 1321 servo
3571 1267 3688 1323 illos
3705 1310 3729 1337 ,

2151 1368 2257 1407 non
2286 1354 2641 1410 credidissent
2670 1373 2685 1411 :
2715 1366 3037 1426 quapropter
3065 1357 3138 1411 ait
3162 1374 3174 1410 :
3198 1355 3355 1411 Pater
3377 1368 3569 1423 sancte,
3588 1375 3733 1412 serva

2151 1444 2266 1500 illos
2281 1447 2334 1500 in
2351 1448 2552 1502 nomine
2567 1456 2675 1514 tuo;
2695 1446 2797 1504 hoc
2812 1458 2914 1517 est,
2930 1448 3032 1505 Per
3050 1449 3303 1504 auxilium
3322 1449 3590 1504 tuum.l‘2.
3605 1449 3733 1504 Cum

2149 1552 2311 1591 essem
2356 1537 2410 1591 in
2455 1539 2648 1593 mundo
2678 1580 2695 1608 ,
2725 1556 2818 1611 ego
2861 1539 3118 1595 servabam
3147 1540 3263 1595 illos
3306 1541 3360 1594 in
3405 1541 3602 1594 nomine
3625 1550 3734 1596 tuo.

2148 1626 2354 1682 Rursus
2378 1639 2435 1683 ut
2484 1628 2646 1685 homo
2672 1638 2729 1685 et
2757 1639 2816 1685 ut
2842 1631 3100 1701 propheta
3149 1630 3385 1701 loquitur
3416 1646 3431 1684 :
3470 1646 3731 1702 nusquam

2148 1718 2291 1774 enim
2318 1729 2540 1789 apparet
2559 1721 2610 1775 in
2638 1721 2853 1777 nomine
2882 1722 2975 1778 Dei
2996 1722 3118 1793 quid
3148 1721 3360 1779 fecisse.
3386 1722 3528 1789 Quos
3547 1724 3735 1778 dedisti

2148 1811 2271 1865 mihi
2289 1851 2306 1879 ,
2336 1814 2600 1881 custodiri,
2632 1823 2679 1868 et
2706 1831 2852 1869 nemo
2881 1831 2946 1870 ea:
2970 1820 3043 1870 eis
3070 1816 3238 1885 periit,
3260 1816 3359 1871 nisi
3385 1816 3524 1885 ﬁlius
3552 1817 3727 1888 perdi-

2148 1904 2321 1971 tionis,
2345 1913 2402 1958 ut
2423 1904 2693 1975 Scriptura
2718 1907 3011 1977 impleatur.
3038 1908 3107 1961 At
3126 1907 3252 1962 alibi
3281 1908 3392 1961 ait:
3422 1906 3582 1963 Omne
3597 1908 3736 1979 quod

2147 1994 2338 2049 dedisti
2366 1996 2520 2061 mihi,
2552 2013 2653 2050 non
2694 1998 2901 2066 perdam
2942 2014 3006 2052 ea:
3029 2014 3084 2052 eo
3113 1997 3299 2070 (Joan.
3322 1997 3376 2054 6.
3409 1999 3478 2054 59
3499 2000 3540 2069 ).
3570 2000 3737 2070 Atqui

2148 2102 2256 2143 non
2288 2087 2378 2142 ille
2408 2096 2613 2143 tantum
2644 2088 2832 2157 periit;
2861 2088 2958 2144 sed
2988 2098 3041 2143 et
3069 2088 3155 2143 alii
3182 2088 3333 2143 multi
3361 2098 3564 2159 postea.
3593 2090 3736 2157 Qun-

2148 2179 2309 2234 modo
2334 2194 2464 2249 ergo
2491 2180 2595 2246 ait,
2629 2179 2753 2233 Non
2800 2181 3048 2251 perdam?
3077 2180 3343 2248 Quantttm
3375 2182 3429 2236 in
3474 2199 3561 2236 me
3595 2184 3731 2245 erit,

2150 2287 2256 2326 non
2284 2271 2534 2343 perdam;
2564 2272 2706 2343 quod
2730 2281 2785 2327 et
2812 2272 2936 2327 alibi
2965 2273 3160 2327 clarius
3190 2272 3400 2328 dicebat
3430 2290 3446 2330 :
3482 2272 3601 2327 Non
3640 2278 3735 2344 eji-

2149 2362 2281 2416 ciam
2309 2379 2421 2416 eum
2451 2366 2590 2433 foras
2612 2361 2779 2434 (Ibid.
2806 2380 2854 2418 υ.
2879 2364 2972 2433 37)
3006 2382 3019 2418 :
3053 2378 3157 2416 non
3178 2364 3282 2419 mei
3305 2380 3489 2429 causa,
3521 2381 3625 2419 non
3650 2382 3736 2420 me

2149 2452 2454 2522 impellente
2480 2453 2563 2507 vel
2591 2453 2942 2523 relinquente.
2969 2453 3121 2521 Quod
3164 2454 3207 2507 si
3244 2464 3437 2523 sponte
3470 2456 3727 2519 resiliant,

2149 2559 2254 2598 non
2285 2559 2350 2598 ex
2378 2545 2694 2599 necessitate
2724 2545 2951 2599 traham.
2981 2546 3067 2602 12.
3102 2544 3255 2599 Nunc
3292 2558 3459 2600 autem
3484 2550 3552 2600 ad
3577 2558 3623 2601 te
3651 2565 3733 2602 ve-

2157 2635 2261 2687 nio.
2292 2633 2477 2689 Viden’
2503 2634 2816 2690 humaniore
2840 2635 3000 2689 modo
3025 2636 3391 2691 concinnatam
3413 2638 3737 2691 orationem?

2154 2726 2340 2798 Itaque
2368 2729 2413 2781 si
2443 2728 2563 2798 quis
2607 2728 2737 2783 velit
2761 2744 2828 2783 ex
2875 2728 2958 2783 his
2987 2729 3181 2783 Filium
3228 2731 3506 2795 minuere,
3535 2732 3743 2784 minuet

2152 2820 2388 2875 Patrem.
2414 2821 2800 2876 Animadverte
2844 2820 2988 2876 enim
3017 2836 3047 2874 a
3075 2822 3337 2890 principio
3364 2838 3378 2874 :
3408 2821 3553 2875 aliud
3582 2822 3734 2891 quasi

2150 2911 2349 2968 docens
2374 2919 2430 2966 et
2454 2911 2729 2984 explicans
2749 2911 2916 2978 dicit,
2940 2911 3083 2966 aliud
3107 2922 3164 2966 ut
3195 2911 3510 2981 przecipieus
3535 2930 3548 2968 :
3575 2912 3737 2966 modo

2150 3006 2329 3071 docet,
2358 3017 2414 3061 ut
2438 3022 2561 3061 cum
2583 3006 2744 3072 dicit,
2774 3005 2898 3060 Non
2920 3022 3011 3076 pro
3031 3006 3221 3059 mundo
3248 3022 3393 3077 rogo;
3416 3006 3573 3061 modo
3601 3021 3737 3075 pra:-

2152 3098 2282 3168 cipit
2313 3115 2328 3152 :
2355 3097 2466 3169 Ego
2492 3097 2754 3153 custodivi
2778 3111 2874 3153 eos
2899 3112 3065 3168 usque
3091 3096 3272 3164 modo,
3296 3095 3363 3151 Et
3384 3112 3527 3151 nemo
3555 3096 3737 3166 periit;

2152 3200 2227 3257 et,
2262 3190 2339 3244 Ta
2362 3206 2505 3244 serva
2530 3206 2646 3255 eos;
2670 3199 2725 3244 et
2750 3203 2954 3253 rursus,
2985 3186 3085 3243 Tui
3104 3197 3269 3254 erant,
3292 3197 3339 3242 et
3362 3188 3484 3241 mihi
3506 3188 3620 3241 illos
3643 3188 3738 3241 de-

2152 3281 2271 3335 disti
2292 3322 2308 3347 ,
2340 3290 2429 3345 et,
2456 3279 2581 3334 Cum
2610 3294 2767 3333 essem
2809 3279 2864 3332 in
2903 3278 3123 3341 mundo,
3155 3278 3413 3332 servabam
3456 3277 3589 3331 illos.
3629 3275 3734 3332 Sed

2152 3371 2270 3427 haec
2296 3372 2475 3426 omnia
2503 3370 2783 3426 solvuntur
2806 3368 3037 3425 dicendo
3065 3368 3237 3437 ipsum
3265 3382 3452 3422 eorum
3496 3367 3737 3421 imbecil-

2153 3464 2289 3519 litati
2314 3478 2374 3519 se
2401 3471 2851 3532 attemperantem
2878 3462 2993 3516 haec
3018 3461 3238 3516 dixisse.
3269 3458 3400 3515 Cum
3430 3460 3503 3514 ait
3531 3470 3733 3525 autem,

2156 3556 2326 3612 Nemo
2354 3572 2418 3612 ea:
2441 3555 2547 3611 illis
2572 3556 2740 3628 periit,
2763 3555 2864 3610 nisi
2885 3555 3023 3625 filius
3051 3554 3364 3625 perditionis,
3393 3551 3597 3607 addidit
3624 3570 3637 3604 :
3666 3556 3736 3607 Ut

2156 3649 2427 3720 Scriptura
2473 3649 2790 3719 impleretur.
2831 3646 3003 3714 Quam
3048 3646 3177 3701 dicit
3213 3645 3574 3715 scripturam?
3605 3645 3735 3699 Eam

2152 3757 2271 3813 quae
2289 3740 2357 3796 de
2377 3755 2437 3795 se
2458 3739 2620 3795 multa
2649 3738 2990 3811 praedixerat.
3014 3738 3197 3809 Neque
3218 3746 3393 3792 tamen
3416 3736 3535 3791 ideo
3556 3736 3731 3806 periit,

2153 3843 2214 3889 ut
2240 3832 2512 3902 Scriptura
2541 3832 2871 3902 impleretur.
2902 3829 3012 3885 Hac
3035 3828 3103 3885 de
3148 3844 3207 3884 re
3236 3828 3401 3883 multa
3431 3843 3593 3898 supra
3621 3828 3735 3882 dis-

2152 3926 2418 3980 seruimus
2440 3963 2456 3990 ,
2501 3924 2624 3994 quia
2672 3922 2760 3977 hic
2782 3921 3031 3991 proprius
3060 3930 3142 3975 est
3181 3920 3474 3990 Scriptura:
3503 3918 3693 3973 modus
3714 3960 3730 3984 ,

2152 4033 2271 4088 quae
2300 4016 2440 4071 dicta
2486 4031 2687 4086 ponere
2733 4014 2942 4070 videtur
2986 4013 3135 4083 quasi
3164 4022 3451 4069 eventuum
3496 4027 3732 4067 causam.

2151 4108 2377 4179 Oportet
2406 4118 2583 4163 autem
2612 4106 2791 4161 omnia
2817 4114 3066 4161 accurate
3095 4104 3396 4172 explorare,
3428 4111 3482 4158 et
3509 4102 3746 4157 dicentis

2155 4200 2392 4266 modum,
2414 4209 2469 4254 et
2495 4208 2886 4270 argumentum,
2914 4206 2969 4253 et
2994 4194 3286 4265 Scriptura:
3316 4195 3480 4265 leges,
3515 4193 3613 4248 nisi
3645 4209 3735 4247 vc-

2156 4294 2314 4348 limus
2356 4291 2585 4347 absurda
2627 4291 2877 4361 colligere
2914 4306 2928 4343 :
2973 4286 3204 4354 Fratres,
3251 4288 3405 4341 nolite
3455 4285 3598 4357 pueri
3626 4284 3738 4353 ﬁeri

2154 4384 2399 4439 mentibus
2430 4385 2448 4454 (
2477 4385 2528 4438 l.
2559 4381 2679 4438 Cor.
2707 4382 2793 4436 M.
2819 4380 2890 4436 20
2912 4379 2956 4451 ).

2222 4478 2277 4533 5.
2312 4476 2421 4530 lloc
2451 4489 2610 4544 porro
2639 4487 2743 4529 non
2784 4472 2850 4526 ad
2893 4470 3061 4525 solam
3105 4468 3497 4537 Scripturarum
3540 4464 3733 4518 intelli-

2153 4568 2382 4640 gentiam
2414 4564 2695 4635 legendum
2724 4571 2826 4631 est,
2856 4562 2951 4617 sed
2978 4562 3045 4616 ad
3070 4562 3233 4615 vitam
3265 4558 3428 4628 probe
3455 4558 3735 4611 instituen-

2154 4666 2298 4721 dam.
2346 4664 2477 4718 Nam
2523 4661 2729 4734 pueruli
2772 4676 2961 4731 magna
3004 4674 3110 4715 non
3156 4668 3434 4727 quzerunt,
3482 4656 3576 4711 sed
3619 4670 3739 4724 qum

2154 4757 2352 4812 nullius
2389 4766 2512 4810 sunt
2551 4753 2706 4824 pretii
2734 4752 2914 4807 mirari
2940 4751 3131 4806 solent.
3162 4749 3293 4804 Nam
3318 4763 3524 4813 currus,
3551 4761 3736 4816 equos,

2155 4849 2414 4918 aurigam,
2443 4856 2587 4901 rotas
2611 4861 2675 4901 ex
2703 4844 2813 4898 luto
2839 4842 3027 4908 factas,
3049 4856 3171 4897 cum
3198 4840 3390 4911 gaudio
3416 4838 3739 4907 respiciunt;

2156 4941 2202 4995 si
2250 4948 2427 4993 autem
2472 4951 2655 5007 regem
2699 4934 2917 4990 videant
2961 4931 3141 4987 currui
3181 4945 3345 4985 aureo
3386 4929 3739 4989 insidentem,

2157 5031 2397 5085 alborum
2436 5028 2701 5083 mulorum
2744 5025 2928 5095 jugum
2951 5065 2969 5090 ,
2997 5023 3329 5091 multumque
3364 5027 3643 5082 ornatum,
3673 5030 3753 5070 ne

2158 5119 2444 5189 respiciunt
2474 5117 2710 5189 quidem.
2738 5116 2950 5171 Puellas
2975 5127 3186 5185 quoque
3219 5110 3410 5166 ﬁctiles
3445 5116 3740 5170 exornant;

2158 5227 2313 5266 veras
2340 5219 2517 5266 autem
2543 5206 2752 5279 puellas
2774 5207 3089 5275 conspicuas
3113 5219 3180 5258 ne
3206 5203 3388 5257 videre
3414 5200 3623 5270 quidem
3649 5213 3743 5251 vo-

2157 5303 2273 5358 lunt
2303 5319 2318 5355 :
2352 5302 2407 5355 in
2443 5300 2729 5370 multisque
2771 5298 2893 5353 aliis
2935 5296 3013 5351 sic
3060 5294 3232 5349 allecti
3276 5300 3421 5348 sunt.
3455 5291 3564 5345 Hoc
3591 5288 3753 5344 multi

2160 5395 2403 5449 homines
2431 5393 2589 5448 etiam
2620 5405 2761 5445 nunc
2805 5389 3074 5459 patiuntur
3105 5404 3117 5438 :
3150 5384 3362 5455 quando
3390 5382 3617 5437 cmlatia
3643 5396 3745 5433 au-

2155 5488 2342 5554 diunt,
2386 5500 2455 5541 ne
2494 5483 2774 5538 attendunt
2814 5480 3065 5551 quidem;
3104 5476 3174 5532 ad
3220 5476 3360 5529 lutea
3398 5488 3526 5527 vero
3566 5470 3749 5525 omnia

2159 5578 2381 5649 perinde
2406 5584 2566 5645 atque
2592 5576 2743 5645 pueri
2776 5572 3015 5635 inhiant,
3049 5579 3287 5625 terrenas
3314 5566 3525 5622 divitias
3550 5565 3746 5618 miran-

2160 5678 2267 5735 tur,
2298 5668 2468 5739 iisque
2499 5667 2737 5731 hmrcnt,
2767 5674 2824 5719 et
2860 5662 3083 5733 gloriam
3110 5668 3165 5715 et
3190 5659 3408 5713 delicias
3437 5656 3594 5727 hujus
3624 5654 3753 5713 vita:

2166 5762 2216 5818 in
2249 5762 2423 5832 pretio,
2444 5758 2661 5815 habent.
2704 5756 2864 5827 Atqui
2896 5754 3010 5810 haec
3046 5753 3269 5823 puerilia
3296 5761 3510 5808 suntut.
3530 5758 3587 5806 et
3609 5747 3699 5805 illa
3730 5763 3755 5804 ι.
